|j|☆OscarGamble
|j|☆Garacade
|t:|1779823128
|gametype|singles
|player|p1|OscarGamble|101|1475
|player|p2|Garacade|169|1461
|gen|9
|tier|[Gen 9] OU
|rated|
|rule|HP Percentage Mod: HP is shown in percentages
|rule|Endless Battle Clause: Forcing endless battles is banned
|rule|Species Clause: Limit one of each Pokémon
|rule|OHKO Clause: OHKO moves are banned
|rule|Evasion Items Clause: Evasion items are banned
|rule|Evasion Moves Clause: Evasion moves are banned
|rule|Evasion Abilities Clause: Evasion abilities are banned
|rule|Sleep Moves Clause: Sleep-inducing moves are banned
|clearpoke
|poke|p1|Dragonite, M|
|poke|p1|Gholdengo|
|poke|p1|Salazzle, F|
|poke|p1|Corviknight, F|
|poke|p1|Samurott-Hisui, F|
|poke|p1|Ting-Lu|
|poke|p2|Hoopa-Unbound|
|poke|p2|Zapdos|
|poke|p2|Gholdengo|
|poke|p2|Great Tusk|
|poke|p2|Araquanid, M|
|poke|p2|Ogerpon, F|
|teampreview
|inactive|Battle timer is ON: inactive players will automatically lose when time's up. (requested by Garacade)
|
|t:|1779823140
|teamsize|p1|6
|teamsize|p2|6
|start
|switch|p1a: Dragonite|Dragonite, M|100/100
|switch|p2a: Hoopa|Hoopa-Unbound|100/100
|turn|1
|
|t:|1779823145
|switch|p1a: Samurott|Samurott-Hisui, F|100/100
|move|p2a: Hoopa|Trick|p1a: Samurott
|-activate|p2a: Hoopa|move: Trick|[of] p1a: Samurott
|-item|p1a: Samurott|Choice Scarf|[from] move: Trick
|-item|p2a: Hoopa|Assault Vest|[from] move: Trick
|
|upkeep
|turn|2
|
|t:|1779823157
|switch|p2a: Zapdos|Zapdos|100/100
|move|p1a: Samurott|Knock Off|p2a: Zapdos
|-damage|p2a: Zapdos|72/100
|-damage|p1a: Samurott|84/100|[from] item: Rocky Helmet|[of] p2a: Zapdos
|-status|p1a: Samurott|par|[from] ability: Static|[of] p2a: Zapdos
|-enditem|p2a: Zapdos|Rocky Helmet|[from] move: Knock Off|[of] p1a: Samurott
|
|upkeep
|turn|3
|
|t:|1779823168
|switch|p2a: Araquanid|Araquanid, M|100/100
|switch|p1a: Ting-Lu|Ting-Lu|100/100
|-ability|p1a: Ting-Lu|Vessel of Ruin
|
|upkeep
|turn|4
|
|t:|1779823190
|switch|p1a: Samurott|Samurott-Hisui, F|84/100 par
|move|p2a: Araquanid|Surf|p1a: Samurott
|-resisted|p1a: Samurott
|-damage|p1a: Samurott|57/100 par
|
|upkeep
|turn|5
|
|t:|1779823194
|move|p1a: Samurott|Ceaseless Edge|p2a: Araquanid
|-damage|p2a: Araquanid|54/100
|-sidestart|p2: Garacade|Spikes
|move|p2a: Araquanid|Surf|p1a: Samurott
|-resisted|p1a: Samurott
|-damage|p1a: Samurott|28/100 par
|
|upkeep
|turn|6
|
|t:|1779823201
|move|p1a: Samurott|Ceaseless Edge|p2a: Araquanid
|-damage|p2a: Araquanid|8/100
|-sidestart|p2: Garacade|Spikes
|move|p2a: Araquanid|Sticky Web|p1a: Samurott
|-sidestart|p1: OscarGamble|move: Sticky Web
|
|upkeep
|turn|7
|-enditem|p2a: Araquanid|Custap Berry|[eat]
|-activate|p2a: Araquanid|item: Custap Berry|[consumed]
|
|t:|1779823208
|switch|p1a: Gholdengo|Gholdengo|100/100
|-activate|p1a: Gholdengo|move: Sticky Web
|-unboost|p1a: Gholdengo|spe|1
|move|p2a: Araquanid|Endeavor|p1a: Gholdengo
|-immune|p1a: Gholdengo
|
|upkeep
|turn|8
|
|t:|1779823218
|move|p1a: Gholdengo|Hex|p2a: Araquanid
|-damage|p2a: Araquanid|0 fnt
|faint|p2a: Araquanid
|
|upkeep
|
|t:|1779823221
|switch|p2a: Hoopa|Hoopa-Unbound|100/100
|-damage|p2a: Hoopa|84/100|[from] Spikes
|turn|9
|
|t:|1779823233
|switch|p1a: Samurott|Samurott-Hisui, F|28/100 par
|-activate|p1a: Samurott|move: Sticky Web
|-unboost|p1a: Samurott|spe|1
|move|p2a: Hoopa|Dark Pulse|p1a: Samurott
|-resisted|p1a: Samurott
|-damage|p1a: Samurott|2/100 par
|
|upkeep
|turn|10
|
|t:|1779823245
|move|p2a: Hoopa|Dark Pulse|p1a: Samurott
|-resisted|p1a: Samurott
|-damage|p1a: Samurott|0 fnt
|faint|p1a: Samurott
|
|upkeep
|
|t:|1779823254
|switch|p1a: Dragonite|Dragonite, M|100/100
|turn|11
|
|t:|1779823266
|switch|p2a: Great Tusk|Great Tusk|100/100
|-damage|p2a: Great Tusk|84/100|[from] Spikes
|-enditem|p2a: Great Tusk|Booster Energy
|-activate|p2a: Great Tusk|ability: Protosynthesis|[fromitem]
|-start|p2a: Great Tusk|protosynthesisspe
|move|p1a: Dragonite|Earthquake|p2a: Great Tusk
|-damage|p2a: Great Tusk|60/100
|
|upkeep
|turn|12
|
|t:|1779823277
|switch|p1a: Corviknight|Corviknight, F|100/100
|-ability|p1a: Corviknight|Pressure
|move|p2a: Great Tusk|Bulk Up|p2a: Great Tusk
|-boost|p2a: Great Tusk|atk|1
|-boost|p2a: Great Tusk|def|1
|
|upkeep
|turn|13
|
|t:|1779823282
|move|p2a: Great Tusk|Rapid Spin|p1a: Corviknight
|-resisted|p1a: Corviknight
|-damage|p1a: Corviknight|93/100
|-boost|p2a: Great Tusk|spe|1
|-damage|p2a: Great Tusk|44/100|[from] item: Rocky Helmet|[of] p1a: Corviknight
|-sideend|p2: Garacade|Spikes|[from] move: Rapid Spin|[of] p2a: Great Tusk
|move|p1a: Corviknight|Iron Defense|p1a: Corviknight
|-boost|p1a: Corviknight|def|2
|
|upkeep
|turn|14
|
|t:|1779823291
|-end|p2a: Great Tusk|Protosynthesis|[silent]
|switch|p2a: Zapdos|Zapdos|72/100
|switch|p1a: Salazzle|Salazzle, F|100/100
|
|upkeep
|turn|15
|
|t:|1779823298
|move|p1a: Salazzle|Toxic|p2a: Zapdos
|-status|p2a: Zapdos|tox
|move|p2a: Zapdos|Volt Switch|p1a: Salazzle
|-damage|p1a: Salazzle|45/100
|
|t:|1779823301
|switch|p2a: Hoopa|Hoopa-Unbound|84/100|[from] Volt Switch
|
|upkeep
|turn|16
|
|t:|1779823309
|switch|p1a: Ting-Lu|Ting-Lu|100/100
|-activate|p1a: Ting-Lu|move: Sticky Web
|-unboost|p1a: Ting-Lu|spe|1
|-ability|p1a: Ting-Lu|Vessel of Ruin
|move|p2a: Hoopa|Dark Pulse|p1a: Ting-Lu
|-resisted|p1a: Ting-Lu
|-damage|p1a: Ting-Lu|90/100
|
|-heal|p1a: Ting-Lu|96/100|[from] item: Leftovers
|upkeep
|turn|17
|
|t:|1779823315
|move|p2a: Hoopa|Brick Break|p1a: Ting-Lu
|-supereffective|p1a: Ting-Lu
|-damage|p1a: Ting-Lu|68/100
|move|p1a: Ting-Lu|Ruination|p2a: Hoopa
|-damage|p2a: Hoopa|42/100
|
|-heal|p1a: Ting-Lu|74/100|[from] item: Leftovers
|upkeep
|turn|18
|
|t:|1779823324
|switch|p2a: Ogerpon|Ogerpon, F|100/100
|move|p1a: Ting-Lu|Earthquake|p2a: Ogerpon
|-resisted|p2a: Ogerpon
|-damage|p2a: Ogerpon|76/100
|
|-heal|p1a: Ting-Lu|80/100|[from] item: Leftovers
|upkeep
|turn|19
|
|t:|1779823331
|switch|p1a: Corviknight|Corviknight, F|93/100
|-ability|p1a: Corviknight|Pressure
|move|p2a: Ogerpon|U-turn|p1a: Corviknight
|-resisted|p1a: Corviknight
|-damage|p1a: Corviknight|87/100
|-damage|p2a: Ogerpon|59/100|[from] item: Rocky Helmet|[of] p1a: Corviknight
|
|t:|1779823333
|switch|p2a: Hoopa|Hoopa-Unbound|42/100|[from] U-turn
|
|upkeep
|turn|20
|
|t:|1779823340
|switch|p1a: Ting-Lu|Ting-Lu|80/100
|-activate|p1a: Ting-Lu|move: Sticky Web
|-unboost|p1a: Ting-Lu|spe|1
|-ability|p1a: Ting-Lu|Vessel of Ruin
|move|p2a: Hoopa|Dark Pulse|p1a: Ting-Lu
|-resisted|p1a: Ting-Lu
|-damage|p1a: Ting-Lu|70/100
|
|-heal|p1a: Ting-Lu|77/100|[from] item: Leftovers
|upkeep
|turn|21
|
|t:|1779823350
|switch|p2a: Gholdengo|Gholdengo|100/100
|move|p1a: Ting-Lu|Ruination|p2a: Gholdengo|[miss]
|-miss|p1a: Ting-Lu|p2a: Gholdengo
|
|-heal|p1a: Ting-Lu|83/100|[from] item: Leftovers
|upkeep
|turn|22
|
|t:|1779823359
|-terastallize|p2a: Gholdengo|Fairy
|move|p2a: Gholdengo|Dazzling Gleam|p1a: Ting-Lu
|-supereffective|p1a: Ting-Lu
|-damage|p1a: Ting-Lu|29/100
|move|p1a: Ting-Lu|Earthquake|p2a: Gholdengo
|-damage|p2a: Gholdengo|57/100
|
|-heal|p1a: Ting-Lu|35/100|[from] item: Leftovers
|upkeep
|turn|23
|
|t:|1779823376
|switch|p2a: Hoopa|Hoopa-Unbound|42/100
|move|p1a: Ting-Lu|Earthquake|p2a: Hoopa
|-damage|p2a: Hoopa|0 fnt
|faint|p2a: Hoopa
|
|-heal|p1a: Ting-Lu|42/100|[from] item: Leftovers
|upkeep
|
|t:|1779823389
|switch|p2a: Gholdengo|Gholdengo, tera:Fairy|57/100
|turn|24
|
|t:|1779823393
|switch|p1a: Salazzle|Salazzle, F|45/100
|move|p2a: Gholdengo|Dazzling Gleam|p1a: Salazzle
|-resisted|p1a: Salazzle
|-damage|p1a: Salazzle|18/100
|
|upkeep
|turn|25
|
|t:|1779823400
|switch|p2a: Zapdos|Zapdos|72/100 tox
|move|p1a: Salazzle|Sludge Bomb|p2a: Zapdos
|-damage|p2a: Zapdos|33/100 tox
|
|-damage|p2a: Zapdos|27/100 tox|[from] psn
|upkeep
|turn|26
|
|t:|1779823406
|move|p1a: Salazzle|Sludge Bomb|p2a: Zapdos
|-damage|p2a: Zapdos|0 fnt
|faint|p2a: Zapdos
|
|upkeep
|
|t:|1779823409
|switch|p2a: Ogerpon|Ogerpon, F|59/100
|turn|27
|
|t:|1779823415
|move|p2a: Ogerpon|Quick Attack|p1a: Salazzle
|-damage|p1a: Salazzle|0 fnt
|faint|p1a: Salazzle
|
|upkeep
|
|t:|1779823421
|switch|p1a: Gholdengo|Gholdengo|100/100
|-activate|p1a: Gholdengo|move: Sticky Web
|-unboost|p1a: Gholdengo|spe|1
|turn|28
|
|t:|1779823427
|move|p2a: Ogerpon|Quick Attack|p1a: Gholdengo
|-immune|p1a: Gholdengo
|move|p1a: Gholdengo|Make It Rain|p2a: Ogerpon
|-damage|p2a: Ogerpon|0 fnt
|-unboost|p1a: Gholdengo|spa|1
|faint|p2a: Ogerpon
|
|upkeep
|
|t:|1779823433
|switch|p2a: Gholdengo|Gholdengo, tera:Fairy|57/100
|turn|29
|
|t:|1779823439
|switch|p1a: Ting-Lu|Ting-Lu|42/100
|-activate|p1a: Ting-Lu|move: Sticky Web
|-unboost|p1a: Ting-Lu|spe|1
|-ability|p1a: Ting-Lu|Vessel of Ruin
|move|p2a: Gholdengo|Shadow Ball|p1a: Ting-Lu
|-resisted|p1a: Ting-Lu
|-damage|p1a: Ting-Lu|27/100
|
|-heal|p1a: Ting-Lu|34/100|[from] item: Leftovers
|upkeep
|turn|30
|
|t:|1779823450
|move|p2a: Gholdengo|Shadow Ball|p1a: Ting-Lu
|-resisted|p1a: Ting-Lu
|-damage|p1a: Ting-Lu|19/100
|move|p1a: Ting-Lu|Earthquake|p2a: Gholdengo
|-damage|p2a: Gholdengo|15/100
|
|-heal|p1a: Ting-Lu|25/100|[from] item: Leftovers
|upkeep
|turn|31
|inactive|OscarGamble has 120 seconds left.
|
|t:|1779823488
|switch|p2a: Great Tusk|Great Tusk|44/100
|move|p1a: Ting-Lu|Earthquake|p2a: Great Tusk
|-damage|p2a: Great Tusk|19/100
|
|-heal|p1a: Ting-Lu|32/100|[from] item: Leftovers
|upkeep
|turn|32
|inactive|OscarGamble has 120 seconds left.
|
|t:|1779823493
|move|p2a: Great Tusk|Ice Spinner|p1a: Ting-Lu
|-supereffective|p1a: Ting-Lu
|-damage|p1a: Ting-Lu|4/100
|move|p1a: Ting-Lu|Earthquake|p2a: Great Tusk
|-damage|p2a: Great Tusk|0 fnt
|faint|p2a: Great Tusk
|-end|p2a: Great Tusk|Protosynthesis|[silent]
|
|-heal|p1a: Ting-Lu|11/100|[from] item: Leftovers
|upkeep
|
|t:|1779823496
|switch|p2a: Gholdengo|Gholdengo, tera:Fairy|15/100
|turn|33
|
|t:|1779823498
|move|p2a: Gholdengo|Shadow Ball|p1a: Ting-Lu
|-resisted|p1a: Ting-Lu
|-damage|p1a: Ting-Lu|0 fnt
|faint|p1a: Ting-Lu
|
|upkeep
|
|t:|1779823501
|switch|p1a: Dragonite|Dragonite, M|100/100
|turn|34
|-message|Garacade forfeited.
|
|win|OscarGamble
|raw|OscarGamble's rating: 1475 &rarr; <strong>1494</strong><br />(+19 for winning)
|raw|Garacade's rating: 1461 &rarr; <strong>1442</strong><br />(-19 for losing)
|l|☆Garacade
|player|p2|
|l|☆OscarGamble
|player|p1|
