|j|☆KnuckleTesting
|j|☆spreadcrosser
|t:|1779941807
|gametype|singles
|player|p1|KnuckleTesting|2|1363
|player|p2|spreadcrosser|169|1383
|gen|9
|tier|[Gen 9] OU
|rated|
|rule|HP Percentage Mod: HP is shown in percentages
|rule|Endless Battle Clause: Forcing endless battles is banned
|rule|Species Clause: Limit one of each Pokémon
|rule|OHKO Clause: OHKO moves are banned
|rule|Evasion Items Clause: Evasion items are banned
|rule|Evasion Moves Clause: Evasion moves are banned
|rule|Evasion Abilities Clause: Evasion abilities are banned
|rule|Sleep Moves Clause: Sleep-inducing moves are banned
|clearpoke
|poke|p1|Pelipper, L99, F|
|poke|p1|Barraskewda, F|
|poke|p1|Raging Bolt|
|poke|p1|Golduck, F|
|poke|p1|Pawmot, F|
|poke|p1|Tentacruel, F|
|poke|p2|Iron Hands|
|poke|p2|Greninja-*, M|
|poke|p2|Cinderace, M|
|poke|p2|Zapdos|
|poke|p2|Great Tusk|
|poke|p2|Iron Moth|
|teampreview
|inactive|Battle timer is ON: inactive players will automatically lose when time's up. (requested by KnuckleTesting)
|inactive|spreadcrosser has 120 seconds left.
|inactive|spreadcrosser has 90 seconds left.
|
|t:|1779941875
|teamsize|p1|6
|teamsize|p2|6
|start
|switch|p1a: Tentacruel|Tentacruel, F|100/100
|switch|p2a: Iron Moth|Iron Moth|100/100
|-enditem|p2a: Iron Moth|Booster Energy
|-activate|p2a: Iron Moth|ability: Quark Drive|[fromitem]
|-start|p2a: Iron Moth|quarkdrivespe
|turn|1
|
|t:|1779941888
|-terastallize|p2a: Iron Moth|Grass
|move|p2a: Iron Moth|Fiery Dance|p1a: Tentacruel
|-resisted|p1a: Tentacruel
|-damage|p1a: Tentacruel|92/100
|move|p1a: Tentacruel|Flip Turn|p2a: Iron Moth
|-resisted|p2a: Iron Moth
|-damage|p2a: Iron Moth|90/100
|
|t:|1779941895
|switch|p1a: Pelipper|Pelipper, L99, F|100/100|[from] Flip Turn
|-weather|RainDance|[from] ability: Drizzle|[of] p1a: Pelipper
|
|-weather|RainDance|[upkeep]
|upkeep
|turn|2
|
|t:|1779941913
|-end|p2a: Iron Moth|Quark Drive|[silent]
|switch|p2a: Zapdos|Zapdos|100/100
|switch|p1a: Tentacruel|Tentacruel, F|92/100
|
|-weather|RainDance|[upkeep]
|-heal|p1a: Tentacruel|98/100|[from] ability: Rain Dish
|upkeep
|turn|3
|
|t:|1779941918
|move|p2a: Zapdos|Volt Switch|p1a: Tentacruel
|-supereffective|p1a: Tentacruel
|-damage|p1a: Tentacruel|69/100
|
|t:|1779941921
|switch|p2a: Iron Hands|Iron Hands|100/100|[from] Volt Switch
|-enditem|p2a: Iron Hands|Booster Energy
|-activate|p2a: Iron Hands|ability: Quark Drive|[fromitem]
|-start|p2a: Iron Hands|quarkdriveatk
|move|p1a: Tentacruel|Mirror Coat|p2a: Iron Hands
|-damage|p2a: Iron Hands|55/100
|
|-weather|RainDance|[upkeep]
|-heal|p1a: Tentacruel|75/100|[from] ability: Rain Dish
|upkeep
|turn|4
|
|t:|1779941928
|move|p1a: Tentacruel|Flip Turn|p2a: Iron Hands
|-damage|p2a: Iron Hands|38/100
|
|t:|1779941932
|switch|p1a: Pawmot|Pawmot, F|100/100|[from] Flip Turn
|move|p2a: Iron Hands|Earthquake|p1a: Pawmot
|-supereffective|p1a: Pawmot
|-damage|p1a: Pawmot|0 fnt
|faint|p1a: Pawmot
|
|-weather|RainDance|[upkeep]
|upkeep
|
|t:|1779941939
|switch|p1a: Barraskewda|Barraskewda, F|100/100
|turn|5
|
|t:|1779941959
|move|p1a: Barraskewda|Liquidation|p2a: Iron Hands
|-damage|p2a: Iron Hands|0 fnt
|faint|p2a: Iron Hands
|-end|p2a: Iron Hands|Quark Drive|[silent]
|
|-weather|RainDance|[upkeep]
|upkeep
|
|t:|1779941964
|switch|p2a: Iron Moth|Iron Moth, tera:Grass|90/100
|turn|6
|
|t:|1779941973
|switch|p1a: Tentacruel|Tentacruel, F|75/100
|move|p2a: Iron Moth|Fiery Dance|p1a: Tentacruel
|-resisted|p1a: Tentacruel
|-damage|p1a: Tentacruel|71/100
|
|-weather|RainDance|[upkeep]
|-heal|p1a: Tentacruel|77/100|[from] ability: Rain Dish
|upkeep
|turn|7
|
|t:|1779941985
|move|p2a: Iron Moth|Psychic|p1a: Tentacruel
|-supereffective|p1a: Tentacruel
|-crit|p1a: Tentacruel
|-damage|p1a: Tentacruel|37/100
|move|p1a: Tentacruel|Poison Jab|p2a: Iron Moth
|-supereffective|p2a: Iron Moth
|-damage|p2a: Iron Moth|35/100
|
|-weather|RainDance|[upkeep]
|-heal|p1a: Tentacruel|43/100|[from] ability: Rain Dish
|upkeep
|turn|8
|
|t:|1779941993
|-end|p2a: Iron Moth|Quark Drive|[silent]
|switch|p2a: Great Tusk|Great Tusk|100/100
|move|p1a: Tentacruel|Mirror Coat||[still]
|-fail|p1a: Tentacruel
|
|-weather|none
|upkeep
|turn|9
|
|t:|1779941999
|-end|p2a: Great Tusk|Protosynthesis|[silent]
|switch|p2a: Zapdos|Zapdos|100/100
|switch|p1a: Pelipper|Pelipper, L99, F|100/100
|-weather|RainDance|[from] ability: Drizzle|[of] p1a: Pelipper
|
|-weather|RainDance|[upkeep]
|upkeep
|turn|10
|
|t:|1779942003
|switch|p1a: Raging Bolt|Raging Bolt|100/100
|move|p2a: Zapdos|Thunderbolt|p1a: Raging Bolt
|-resisted|p1a: Raging Bolt
|-crit|p1a: Raging Bolt
|-damage|p1a: Raging Bolt|85/100
|
|-weather|RainDance|[upkeep]
|-heal|p1a: Raging Bolt|91/100|[from] item: Leftovers
|upkeep
|turn|11
|
|t:|1779942008
|switch|p2a: Great Tusk|Great Tusk|100/100
|move|p1a: Raging Bolt|Weather Ball|p2a: Great Tusk
|-supereffective|p2a: Great Tusk
|-damage|p2a: Great Tusk|0 fnt
|faint|p2a: Great Tusk
|-end|p2a: Great Tusk|Protosynthesis|[silent]
|
|-weather|RainDance|[upkeep]
|-heal|p1a: Raging Bolt|97/100|[from] item: Leftovers
|upkeep
|
|t:|1779942017
|switch|p2a: Cinderace|Cinderace, M|100/100
|turn|12
|
|t:|1779942023
|move|p2a: Cinderace|High Jump Kick|p1a: Raging Bolt|[miss]
|-start|p2a: Cinderace|typechange|Fighting|[from] ability: Libero
|-miss|p2a: Cinderace|p1a: Raging Bolt
|-damage|p2a: Cinderace|51/100|[from] highjumpkick
|move|p1a: Raging Bolt|Thunder|p2a: Cinderace
|-damage|p2a: Cinderace|0 fnt
|faint|p2a: Cinderace
|
|-weather|RainDance|[upkeep]
|-heal|p1a: Raging Bolt|100/100|[from] item: Leftovers
|upkeep
|-message|spreadcrosser forfeited.
|
|win|KnuckleTesting
|raw|KnuckleTesting's rating: 1363 &rarr; <strong>1384</strong><br />(+21 for winning)
|raw|spreadcrosser's rating: 1383 &rarr; <strong>1362</strong><br />(-21 for losing)
|l|☆spreadcrosser
|player|p2|
|l|☆KnuckleTesting
|player|p1|
