|j|☆t0usei
|j|☆serpico XD
|t:|1779964387
|gametype|singles
|player|p1|t0usei|ghetsis|1500
|player|p2|serpico XD|blue|1522
|gen|9
|tier|[Gen 9] OU
|rated|
|rule|HP Percentage Mod: HP is shown in percentages
|rule|Endless Battle Clause: Forcing endless battles is banned
|rule|Species Clause: Limit one of each Pokémon
|rule|OHKO Clause: OHKO moves are banned
|rule|Evasion Items Clause: Evasion items are banned
|rule|Evasion Moves Clause: Evasion moves are banned
|rule|Evasion Abilities Clause: Evasion abilities are banned
|rule|Sleep Moves Clause: Sleep-inducing moves are banned
|clearpoke
|poke|p1|Pelipper, L99, M|
|poke|p1|Barraskewda, M|
|poke|p1|Raging Bolt|
|poke|p1|Golduck, M|
|poke|p1|Iron Treads|
|poke|p1|Iron Valiant|
|poke|p2|Moltres|
|poke|p2|Darkrai|
|poke|p2|Iron Treads|
|poke|p2|Slowking-Galar, F|
|poke|p2|Zamazenta-*|
|poke|p2|Kingambit, M|
|teampreview
|inactive|Battle timer is ON: inactive players will automatically lose when time's up. (requested by t0usei)
|c|☆serpico XD|glhf
|
|t:|1779964397
|teamsize|p1|6
|teamsize|p2|6
|start
|switch|p1a: Pelipper|Pelipper, L99, M|100/100
|switch|p2a: Slowking|Slowking-Galar, F, shiny|100/100
|-weather|RainDance|[from] ability: Drizzle|[of] p1a: Pelipper
|turn|1
|
|t:|1779964405
|switch|p1a: Iron Treads|Iron Treads|100/100
|move|p2a: Slowking|Future Sight|p1a: Iron Treads
|-start|p2a: Slowking|move: Future Sight
|
|-weather|RainDance|[upkeep]
|upkeep
|turn|2
|
|t:|1779964409
|switch|p2a: Moltres|Moltres|100/100
|move|p1a: Iron Treads|Knock Off|p2a: Moltres
|-damage|p2a: Moltres|76/100
|-enditem|p2a: Moltres|Heavy-Duty Boots|[from] move: Knock Off|[of] p1a: Iron Treads
|
|-weather|RainDance|[upkeep]
|upkeep
|turn|3
|
|t:|1779964416
|move|p1a: Iron Treads|Volt Switch|p2a: Moltres
|-supereffective|p2a: Moltres
|-damage|p2a: Moltres|54/100
|
|t:|1779964424
|-end|p1a: Iron Treads|Quark Drive|[silent]
|switch|p1a: Golduck|Golduck, M, shiny|100/100|[from] Volt Switch
|move|p2a: Moltres|Scorching Sands|p1a: Golduck
|-damage|p1a: Golduck|64/100
|
|-weather|RainDance|[upkeep]
|-end|p1a: Golduck|move: Future Sight
|-crit|p1a: Golduck
|-damage|p1a: Golduck|0 fnt
|faint|p1a: Golduck
|upkeep
|
|t:|1779964429
|switch|p1a: Barraskewda|Barraskewda, M, shiny|100/100
|turn|4
|
|t:|1779964436
|move|p1a: Barraskewda|Liquidation|p2a: Moltres
|-supereffective|p2a: Moltres
|-damage|p2a: Moltres|0 fnt
|faint|p2a: Moltres
|
|-weather|RainDance|[upkeep]
|upkeep
|
|t:|1779964443
|switch|p2a: Kingambit|Kingambit, M|100/100
|-activate|p2a: Kingambit|ability: Supreme Overlord
|-start|p2a: Kingambit|fallen1|[silent]
|turn|5
|
|t:|1779964446
|move|p1a: Barraskewda|Close Combat|p2a: Kingambit
|-supereffective|p2a: Kingambit
|-damage|p2a: Kingambit|0 fnt
|-unboost|p1a: Barraskewda|def|1
|-unboost|p1a: Barraskewda|spd|1
|faint|p2a: Kingambit
|-end|p2a: Kingambit|fallen1|[silent]
|
|-weather|RainDance|[upkeep]
|upkeep
|
|t:|1779964453
|switch|p2a: Darkrai|Darkrai|100/100
|turn|6
|
|t:|1779964456
|move|p1a: Barraskewda|Liquidation|p2a: Darkrai
|-enditem|p2a: Darkrai|Focus Sash
|-damage|p2a: Darkrai|1/100
|move|p2a: Darkrai|Dark Pulse|p1a: Barraskewda
|-damage|p1a: Barraskewda|0 fnt
|faint|p1a: Barraskewda
|
|-weather|RainDance|[upkeep]
|upkeep
|
|t:|1779964459
|switch|p1a: Iron Valiant|Iron Valiant|100/100
|-enditem|p1a: Iron Valiant|Booster Energy
|-activate|p1a: Iron Valiant|ability: Quark Drive|[fromitem]
|-start|p1a: Iron Valiant|quarkdrivespe
|turn|7
|
|t:|1779964462
|switch|p2a: Slowking|Slowking-Galar, F, shiny|100/100
|move|p1a: Iron Valiant|Knock Off|p2a: Slowking
|-supereffective|p2a: Slowking
|-damage|p2a: Slowking|32/100
|-enditem|p2a: Slowking|Assault Vest|[from] move: Knock Off|[of] p1a: Iron Valiant
|
|-weather|RainDance|[upkeep]
|upkeep
|turn|8
|
|t:|1779964467
|switch|p2a: Iron Treads|Iron Treads|100/100
|move|p1a: Iron Valiant|Knock Off|p2a: Iron Treads
|-damage|p2a: Iron Treads|70/100
|-enditem|p2a: Iron Treads|Leftovers|[from] move: Knock Off|[of] p1a: Iron Valiant
|
|-weather|none
|upkeep
|turn|9
|
|t:|1779964471
|move|p1a: Iron Valiant|Close Combat|p2a: Iron Treads
|-supereffective|p2a: Iron Treads
|-damage|p2a: Iron Treads|0 fnt
|-unboost|p1a: Iron Valiant|def|1
|-unboost|p1a: Iron Valiant|spd|1
|faint|p2a: Iron Treads
|-end|p2a: Iron Treads|Quark Drive|[silent]
|
|upkeep
|
|t:|1779964475
|switch|p2a: Slowking|Slowking-Galar, F, shiny|65/100
|turn|10
|
|t:|1779964485
|move|p1a: Iron Valiant|Swords Dance|p1a: Iron Valiant
|-boost|p1a: Iron Valiant|atk|2
|move|p2a: Slowking|Sludge Wave|p1a: Iron Valiant
|-supereffective|p1a: Iron Valiant
|-damage|p1a: Iron Valiant|0 fnt
|faint|p1a: Iron Valiant
|-end|p1a: Iron Valiant|Quark Drive|[silent]
|
|upkeep
|
|t:|1779964489
|switch|p1a: Pelipper|Pelipper, L99, M|100/100
|-weather|RainDance|[from] ability: Drizzle|[of] p1a: Pelipper
|turn|11
|
|t:|1779964493
|move|p1a: Pelipper|U-turn|p2a: Slowking
|-damage|p2a: Slowking|55/100
|
|t:|1779964495
|switch|p1a: Iron Treads|Iron Treads|100/100|[from] U-turn
|move|p2a: Slowking|Future Sight|p1a: Iron Treads
|-start|p2a: Slowking|move: Future Sight
|
|-weather|RainDance|[upkeep]
|upkeep
|turn|12
|
|t:|1779964500
|switch|p2a: Darkrai|Darkrai|1/100
|move|p1a: Iron Treads|Earthquake|p2a: Darkrai
|-damage|p2a: Darkrai|0 fnt
|faint|p2a: Darkrai
|
|-weather|RainDance|[upkeep]
|upkeep
|
|t:|1779964502
|switch|p2a: Zamazenta|Zamazenta|100/100
|-ability|p2a: Zamazenta|Dauntless Shield|boost
|-boost|p2a: Zamazenta|def|1
|turn|13
|
|t:|1779964510
|-end|p1a: Iron Treads|Quark Drive|[silent]
|switch|p1a: Pelipper|Pelipper, L99, M|100/100
|move|p2a: Zamazenta|Close Combat|p1a: Pelipper
|-resisted|p1a: Pelipper
|-damage|p1a: Pelipper|70/100
|-unboost|p2a: Zamazenta|def|1
|-unboost|p2a: Zamazenta|spd|1
|-damage|p2a: Zamazenta|91/100|[from] item: Life Orb
|
|-weather|RainDance|[upkeep]
|-end|p1a: Pelipper|move: Future Sight
|-damage|p1a: Pelipper|0 fnt
|faint|p1a: Pelipper
|upkeep
|
|t:|1779964515
|switch|p1a: Raging Bolt|Raging Bolt|100/100
|turn|14
|
|t:|1779964521
|switch|p2a: Slowking|Slowking-Galar, F, shiny|88/100
|move|p1a: Raging Bolt|Thunder|p2a: Slowking
|-damage|p2a: Slowking|38/100
|-status|p2a: Slowking|par
|
|-weather|RainDance|[upkeep]
|upkeep
|turn|15
|
|t:|1779964526
|move|p1a: Raging Bolt|Thunder|p2a: Slowking
|-damage|p2a: Slowking|0 fnt
|faint|p2a: Slowking
|
|-weather|RainDance|[upkeep]
|upkeep
|
|t:|1779964527
|switch|p2a: Zamazenta|Zamazenta|91/100
|turn|16
|
|t:|1779964536
|-terastallize|p2a: Zamazenta|Fighting
|-terastallize|p1a: Raging Bolt|Fairy
|move|p2a: Zamazenta|Close Combat|p1a: Raging Bolt
|-resisted|p1a: Raging Bolt
|-damage|p1a: Raging Bolt|54/100
|-unboost|p2a: Zamazenta|def|1
|-unboost|p2a: Zamazenta|spd|1
|-damage|p2a: Zamazenta|81/100|[from] item: Life Orb
|move|p1a: Raging Bolt|Thunder|p2a: Zamazenta
|-damage|p2a: Zamazenta|0 fnt
|faint|p2a: Zamazenta
|
|win|t0usei
|raw|t0usei's rating: 1500 &rarr; <strong>1521</strong><br />(+21 for winning)
|raw|serpico XD's rating: 1522 &rarr; <strong>1501</strong><br />(-21 for losing)
|l|☆serpico XD
|player|p2|
|l|☆t0usei
|player|p1|
