|j|☆Spashtm
|j|☆Iceeree
|t:|1779951659
|gametype|singles
|player|p1|Spashtm|cress|1101
|player|p2|Iceeree|102|1082
|gen|9
|tier|[Gen 9] OU
|rated|
|rule|HP Percentage Mod: HP is shown in percentages
|rule|Endless Battle Clause: Forcing endless battles is banned
|rule|Species Clause: Limit one of each Pokémon
|rule|OHKO Clause: OHKO moves are banned
|rule|Evasion Items Clause: Evasion items are banned
|rule|Evasion Moves Clause: Evasion moves are banned
|rule|Evasion Abilities Clause: Evasion abilities are banned
|rule|Sleep Moves Clause: Sleep-inducing moves are banned
|clearpoke
|poke|p1|Klefki, F|
|poke|p1|Glimmora, M|
|poke|p1|Zoroark-Hisui, F|
|poke|p1|Haxorus, M|
|poke|p1|Alomomola, F|
|poke|p1|Cryogonal|
|poke|p2|Great Tusk|
|poke|p2|Corviknight, M|
|poke|p2|Gholdengo|
|poke|p2|Ogerpon-Wellspring, F|
|poke|p2|Slowking-Galar, M|
|poke|p2|Landorus-Therian, M|
|teampreview
|inactive|Battle timer is ON: inactive players will automatically lose when time's up. (requested by Iceeree)
|
|t:|1779951671
|teamsize|p1|6
|teamsize|p2|6
|start
|switch|p1a: Alomomola|Alomomola, F|100/100
|switch|p2a: Landorus|Landorus-Therian, M|100/100
|-ability|p2a: Landorus|Intimidate|boost
|-unboost|p1a: Alomomola|atk|1
|turn|1
|
|t:|1779951677
|move|p2a: Landorus|Taunt|p1a: Alomomola
|-start|p1a: Alomomola|move: Taunt
|move|p1a: Alomomola|Flip Turn|p2a: Landorus
|-supereffective|p2a: Landorus
|-damage|p2a: Landorus|80/100
|
|t:|1779951684
|switch|p1a: Cryogonal|Cryogonal|100/100|[from] Flip Turn
|
|upkeep
|turn|2
|
|t:|1779951688
|move|p1a: Cryogonal|Frost Breath|p2a: Landorus
|-supereffective|p2a: Landorus
|-crit|p2a: Landorus
|-damage|p2a: Landorus|0 fnt
|faint|p2a: Landorus
|
|upkeep
|
|t:|1779951695
|switch|p2a: Gholdengo|Gholdengo|100/100
|turn|3
|
|t:|1779951723
|move|p1a: Cryogonal|Ancient Power|p2a: Gholdengo
|-resisted|p2a: Gholdengo
|-damage|p2a: Gholdengo|90/100
|move|p2a: Gholdengo|Trick|p1a: Cryogonal
|-activate|p2a: Gholdengo|move: Trick|[of] p1a: Cryogonal
|-item|p1a: Cryogonal|Choice Specs|[from] move: Trick
|-item|p2a: Gholdengo|Assault Vest|[from] move: Trick
|
|upkeep
|turn|4
|
|t:|1779951732
|move|p1a: Cryogonal|Ancient Power|p2a: Gholdengo
|-resisted|p2a: Gholdengo
|-damage|p2a: Gholdengo|81/100
|move|p2a: Gholdengo|Make It Rain|p1a: Cryogonal
|-supereffective|p1a: Cryogonal
|-damage|p1a: Cryogonal|0 fnt
|-unboost|p2a: Gholdengo|spa|1
|faint|p1a: Cryogonal
|
|upkeep
|
|t:|1779951742
|switch|p1a: Haxorus|Haxorus, M, shiny|100/100
|-ability|p1a: Haxorus|Mold Breaker
|turn|5
|
|t:|1779951755
|move|p2a: Gholdengo|Make It Rain|p1a: Haxorus
|-damage|p1a: Haxorus|59/100
|-unboost|p2a: Gholdengo|spa|1
|move|p1a: Haxorus|Earthquake|p2a: Gholdengo
|-supereffective|p2a: Gholdengo
|-crit|p2a: Gholdengo
|-damage|p2a: Gholdengo|0 fnt
|faint|p2a: Gholdengo
|
|upkeep
|
|t:|1779951766
|switch|p2a: Ogerpon|Ogerpon-Wellspring, F|100/100
|turn|6
|
|t:|1779951776
|switch|p1a: Alomomola|Alomomola, F|100/100
|move|p2a: Ogerpon|Play Rough|p1a: Alomomola
|-damage|p1a: Alomomola|81/100
|-damage|p2a: Ogerpon|84/100|[from] item: Rocky Helmet|[of] p1a: Alomomola
|
|upkeep
|turn|7
|
|t:|1779951784
|move|p2a: Ogerpon|Horn Leech|p1a: Alomomola
|-supereffective|p1a: Alomomola
|-damage|p1a: Alomomola|29/100
|-heal|p2a: Ogerpon|100/100|[from] drain|[of] p1a: Alomomola
|-damage|p2a: Ogerpon|84/100|[from] item: Rocky Helmet|[of] p1a: Alomomola
|move|p1a: Alomomola|Wish|p1a: Alomomola
|
|upkeep
|turn|8
|
|t:|1779951792
|switch|p1a: Haxorus|Haxorus, M, shiny|59/100
|-ability|p1a: Haxorus|Mold Breaker
|-terastallize|p2a: Ogerpon|Water
|detailschange|p2a: Ogerpon|Ogerpon-Wellspring-Tera, F, tera:Water
|-ability|p2a: Ogerpon|Embody Aspect (Wellspring)|boost
|-boost|p2a: Ogerpon|spd|1
|move|p2a: Ogerpon|Swords Dance|p2a: Ogerpon
|-boost|p2a: Ogerpon|atk|2
|
|-heal|p1a: Haxorus|100/100|[from] move: Wish|[wisher] Alomomola
|upkeep
|turn|9
|
|t:|1779951811
|move|p1a: Haxorus|First Impression|p2a: Ogerpon
|-damage|p2a: Ogerpon|38/100
|move|p2a: Ogerpon|Swords Dance|p2a: Ogerpon
|-boost|p2a: Ogerpon|atk|2
|
|upkeep
|turn|10
|
|t:|1779951821
|switch|p1a: Alomomola|Alomomola, F|63/100
|move|p2a: Ogerpon|Horn Leech|p1a: Alomomola
|-supereffective|p1a: Alomomola
|-damage|p1a: Alomomola|0 fnt
|-heal|p2a: Ogerpon|93/100|[from] drain|[of] p1a: Alomomola
|-damage|p2a: Ogerpon|76/100|[from] item: Rocky Helmet|[of] p1a: Alomomola
|faint|p1a: Alomomola
|
|upkeep
|
|t:|1779951829
|switch|p1a: Glimmora|Glimmora, M|100/100
|turn|11
|
|t:|1779951835
|move|p2a: Ogerpon|Ivy Cudgel|p1a: Glimmora|[anim] Ivy Cudgel Water
|-supereffective|p1a: Glimmora
|-enditem|p1a: Glimmora|Focus Sash
|-damage|p1a: Glimmora|1/100
|-activate|p1a: Glimmora|ability: Toxic Debris
|-sidestart|p2: Iceeree|move: Toxic Spikes
|move|p1a: Glimmora|Mortal Spin|p2a: Ogerpon
|-crit|p2a: Ogerpon
|-damage|p2a: Ogerpon|63/100
|-status|p2a: Ogerpon|psn
|
|-damage|p2a: Ogerpon|51/100 psn|[from] psn
|upkeep
|turn|12
|
|t:|1779951849
|move|p2a: Ogerpon|Horn Leech|p1a: Glimmora
|-damage|p1a: Glimmora|0 fnt
|-heal|p2a: Ogerpon|51/100 psn|[from] drain|[of] p1a: Glimmora
|-activate|p1a: Glimmora|ability: Toxic Debris
|-sidestart|p2: Iceeree|move: Toxic Spikes
|faint|p1a: Glimmora
|
|-damage|p2a: Ogerpon|39/100 psn|[from] psn
|upkeep
|
|t:|1779951857
|switch|p1a: Klefki|Klefki, F|100/100
|turn|13
|
|t:|1779951863
|move|p1a: Klefki|Substitute|p1a: Klefki
|-start|p1a: Klefki|Substitute
|-damage|p1a: Klefki|76/100
|move|p2a: Ogerpon|Ivy Cudgel|p1a: Klefki|[anim] Ivy Cudgel Water
|-end|p1a: Klefki|Substitute
|
|-heal|p1a: Klefki|82/100|[from] item: Leftovers
|-damage|p2a: Ogerpon|27/100 psn|[from] psn
|upkeep
|turn|14
|
|t:|1779951872
|move|p1a: Klefki|Protect|p1a: Klefki
|-singleturn|p1a: Klefki|Protect
|move|p2a: Ogerpon|Horn Leech|p1a: Klefki
|-activate|p1a: Klefki|move: Protect
|
|-heal|p1a: Klefki|88/100|[from] item: Leftovers
|-damage|p2a: Ogerpon|14/100 psn|[from] psn
|upkeep
|turn|15
|
|t:|1779951881
|move|p1a: Klefki|Substitute|p1a: Klefki
|-start|p1a: Klefki|Substitute
|-damage|p1a: Klefki|63/100
|move|p2a: Ogerpon|Horn Leech|p1a: Klefki
|-resisted|p1a: Klefki
|-crit|p1a: Klefki
|-end|p1a: Klefki|Substitute
|-heal|p2a: Ogerpon|28/100 psn|[from] drain|[of] p1a: Klefki
|
|-heal|p1a: Klefki|69/100|[from] item: Leftovers
|-damage|p2a: Ogerpon|15/100 psn|[from] psn
|upkeep
|turn|16
|
|t:|1779951891
|move|p1a: Klefki|Protect|p1a: Klefki
|-singleturn|p1a: Klefki|Protect
|move|p2a: Ogerpon|Horn Leech|p1a: Klefki
|-activate|p1a: Klefki|move: Protect
|
|-heal|p1a: Klefki|75/100|[from] item: Leftovers
|-damage|p2a: Ogerpon|3/100 psn|[from] psn
|upkeep
|turn|17
|
|t:|1779951899
|move|p1a: Klefki|Substitute|p1a: Klefki
|-start|p1a: Klefki|Substitute
|-damage|p1a: Klefki|50/100
|move|p2a: Ogerpon|Ivy Cudgel|p1a: Klefki|[anim] Ivy Cudgel Water
|-end|p1a: Klefki|Substitute
|
|-heal|p1a: Klefki|56/100|[from] item: Leftovers
|-damage|p2a: Ogerpon|0 fnt|[from] psn
|faint|p2a: Ogerpon
|detailschange|p2: Ogerpon|Ogerpon-Wellspring, F|[silent]
|upkeep
|
|t:|1779951908
|switch|p2a: Great Tusk|Great Tusk|100/100
|-status|p2a: Great Tusk|tox
|-enditem|p2a: Great Tusk|Booster Energy
|-activate|p2a: Great Tusk|ability: Protosynthesis|[fromitem]
|-start|p2a: Great Tusk|protosynthesisatk
|turn|18
|
|t:|1779951916
|move|p1a: Klefki|Protect|p1a: Klefki
|-singleturn|p1a: Klefki|Protect
|move|p2a: Great Tusk|Rapid Spin|p1a: Klefki
|-activate|p1a: Klefki|move: Protect
|
|-heal|p1a: Klefki|62/100|[from] item: Leftovers
|-damage|p2a: Great Tusk|94/100 tox|[from] psn
|upkeep
|turn|19
|
|t:|1779951923
|move|p1a: Klefki|Substitute|p1a: Klefki
|-start|p1a: Klefki|Substitute
|-damage|p1a: Klefki|37/100
|move|p2a: Great Tusk|Rapid Spin|p1a: Klefki
|-resisted|p1a: Klefki
|-activate|p1a: Klefki|move: Substitute|[damage]
|-sideend|p2: Iceeree|Toxic Spikes|[from] move: Rapid Spin|[of] p2a: Great Tusk
|-boost|p2a: Great Tusk|spe|1
|
|-heal|p1a: Klefki|43/100|[from] item: Leftovers
|-damage|p2a: Great Tusk|82/100 tox|[from] psn
|upkeep
|turn|20
|
|t:|1779951933
|move|p1a: Klefki|Spikes|p2a: Great Tusk
|-sidestart|p2: Iceeree|Spikes
|move|p2a: Great Tusk|Earthquake|p1a: Klefki
|-supereffective|p1a: Klefki
|-end|p1a: Klefki|Substitute
|
|-heal|p1a: Klefki|49/100|[from] item: Leftovers
|-damage|p2a: Great Tusk|63/100 tox|[from] psn
|upkeep
|turn|21
|
|t:|1779951941
|move|p1a: Klefki|Protect|p1a: Klefki
|-singleturn|p1a: Klefki|Protect
|move|p2a: Great Tusk|Earthquake|p1a: Klefki
|-activate|p1a: Klefki|move: Protect
|
|-heal|p1a: Klefki|55/100|[from] item: Leftovers
|-damage|p2a: Great Tusk|39/100 tox|[from] psn
|upkeep
|turn|22
|
|t:|1779951948
|move|p1a: Klefki|Substitute|p1a: Klefki
|-start|p1a: Klefki|Substitute
|-damage|p1a: Klefki|30/100
|move|p2a: Great Tusk|Earthquake|p1a: Klefki
|-supereffective|p1a: Klefki
|-end|p1a: Klefki|Substitute
|
|-heal|p1a: Klefki|36/100|[from] item: Leftovers
|-damage|p2a: Great Tusk|8/100 tox|[from] psn
|upkeep
|turn|23
|
|t:|1779951957
|move|p1a: Klefki|Protect|p1a: Klefki
|-singleturn|p1a: Klefki|Protect
|move|p2a: Great Tusk|Rapid Spin|p1a: Klefki
|-activate|p1a: Klefki|move: Protect
|
|-heal|p1a: Klefki|42/100|[from] item: Leftovers
|-damage|p2a: Great Tusk|0 fnt|[from] psn
|faint|p2a: Great Tusk
|-end|p2a: Great Tusk|Protosynthesis|[silent]
|upkeep
|
|t:|1779951965
|switch|p2a: Corviknight|Corviknight, M|100/100
|turn|24
|
|t:|1779951970
|move|p1a: Klefki|Thunder Wave|p2a: Corviknight
|-status|p2a: Corviknight|par
|move|p2a: Corviknight|Iron Defense|p2a: Corviknight
|-boost|p2a: Corviknight|def|2
|
|-heal|p1a: Klefki|48/100|[from] item: Leftovers
|upkeep
|turn|25
|
|t:|1779951978
|switch|p1a: Haxorus|Haxorus, M, shiny|100/100
|cant|p2a: Corviknight|par
|
|upkeep
|turn|26
|
|t:|1779951983
|move|p1a: Haxorus|Substitute|p1a: Haxorus
|-start|p1a: Haxorus|Substitute
|-damage|p1a: Haxorus|76/100
|move|p2a: Corviknight|Iron Defense|p2a: Corviknight
|-boost|p2a: Corviknight|def|2
|
|upkeep
|turn|27
|
|t:|1779951988
|move|p1a: Haxorus|Nasty Plot|p1a: Haxorus
|-boost|p1a: Haxorus|spa|2
|cant|p2a: Corviknight|par
|
|upkeep
|turn|28
|
|t:|1779951994
|move|p1a: Haxorus|Nasty Plot|p1a: Haxorus
|-boost|p1a: Haxorus|spa|2
|cant|p2a: Corviknight|par
|
|upkeep
|turn|29
|
|t:|1779951999
|move|p1a: Haxorus|Nasty Plot|p1a: Haxorus
|-boost|p1a: Haxorus|spa|2
|move|p2a: Corviknight|Defog|p1a: Haxorus
|-sideend|p2: Iceeree|Spikes|[from] move: Defog|[of] p2a: Corviknight
|
|upkeep
|turn|30
|
|t:|1779952005
|-terastallize|p1a: Haxorus|Fire
|move|p1a: Haxorus|Flamethrower|p2a: Corviknight
|-supereffective|p2a: Corviknight
|-damage|p2a: Corviknight|0 fnt
|faint|p2a: Corviknight
|
|upkeep
|-message|Iceeree forfeited.
|
|win|Spashtm
|raw|Spashtm's rating: 1101 &rarr; <strong>1125</strong><br />(+24 for winning)
|raw|Iceeree's rating: 1082 &rarr; <strong>1061</strong><br />(-21 for losing)
|l|☆Iceeree
|player|p2|
|l|☆Spashtm
|player|p1|
