|j|☆amiruae
|j|☆thiccdug
|t:|1779813788
|gametype|singles
|player|p1|amiruae|psychic-gen4|1435
|player|p2|thiccdug|169|1481
|gen|9
|tier|[Gen 9] OU
|rated|
|rule|HP Percentage Mod: HP is shown in percentages
|rule|Endless Battle Clause: Forcing endless battles is banned
|rule|Species Clause: Limit one of each Pokémon
|rule|OHKO Clause: OHKO moves are banned
|rule|Evasion Items Clause: Evasion items are banned
|rule|Evasion Moves Clause: Evasion moves are banned
|rule|Evasion Abilities Clause: Evasion abilities are banned
|rule|Sleep Moves Clause: Sleep-inducing moves are banned
|clearpoke
|poke|p1|Moltres-Galar|
|poke|p1|Arcanine-Hisui, M|
|poke|p1|Volcanion|
|poke|p1|Latias, F|
|poke|p1|Scizor, M|
|poke|p1|Krookodile, M|
|poke|p2|Dragonite, F|
|poke|p2|Gholdengo|
|poke|p2|Ting-Lu|
|poke|p2|Gliscor, F|
|poke|p2|Keldeo|
|poke|p2|Sinistcha-Masterpiece|
|teampreview
|inactive|Battle timer is ON: inactive players will automatically lose when time's up. (requested by thiccdug)
|
|t:|1779813813
|teamsize|p1|6
|teamsize|p2|6
|start
|switch|p1a: Scizor|Scizor, M|100/100
|switch|p2a: Ting-Lu|Ting-Lu|100/100
|-ability|p2a: Ting-Lu|Vessel of Ruin
|turn|1
|
|t:|1779813824
|move|p1a: Scizor|Swords Dance|p1a: Scizor
|-boost|p1a: Scizor|atk|2
|move|p2a: Ting-Lu|Stealth Rock|p1a: Scizor
|-sidestart|p1: amiruae|move: Stealth Rock
|
|upkeep
|turn|2
|
|t:|1779813829
|move|p1a: Scizor|Dual Wingbeat|p2a: Ting-Lu
|-damage|p2a: Ting-Lu|82/100
|-damage|p2a: Ting-Lu|61/100
|-hitcount|p2a: Ting-Lu|2
|move|p2a: Ting-Lu|Whirlwind|p1a: Scizor
|drag|p1a: Volcanion|Volcanion|100/100
|-damage|p1a: Volcanion|75/100|[from] Stealth Rock
|
|-heal|p2a: Ting-Lu|68/100|[from] item: Leftovers
|upkeep
|turn|3
|
|t:|1779813837
|switch|p2a: Keldeo|Keldeo|100/100
|move|p1a: Volcanion|Steam Eruption|p2a: Keldeo
|-resisted|p2a: Keldeo
|-damage|p2a: Keldeo|63/100
|-status|p2a: Keldeo|brn
|
|-damage|p2a: Keldeo|57/100 brn|[from] brn
|upkeep
|turn|4
|
|t:|1779813844
|move|p2a: Keldeo|Aura Sphere|p1a: Volcanion
|-damage|p1a: Volcanion|47/100
|move|p1a: Volcanion|Sludge Bomb|p2a: Keldeo
|-damage|p2a: Keldeo|17/100 brn
|
|-damage|p2a: Keldeo|11/100 brn|[from] brn
|upkeep
|turn|5
|
|t:|1779813864
|switch|p2a: Dragonite|Dragonite, F|100/100
|move|p1a: Volcanion|Earth Power|p2a: Dragonite
|-immune|p2a: Dragonite
|
|upkeep
|turn|6
|
|t:|1779813869
|switch|p1a: Krookodile|Krookodile, M|100/100
|-damage|p1a: Krookodile|94/100|[from] Stealth Rock
|-ability|p1a: Krookodile|Intimidate|boost
|-unboost|p2a: Dragonite|atk|1
|move|p2a: Dragonite|Dragon Dance|p2a: Dragonite
|-boost|p2a: Dragonite|atk|1
|-boost|p2a: Dragonite|spe|1
|
|upkeep
|turn|7
|
|t:|1779813876
|move|p2a: Dragonite|Dragon Tail|p1a: Krookodile
|-damage|p1a: Krookodile|60/100
|drag|p1a: Arcanine|Arcanine-Hisui, M|100/100
|-damage|p1a: Arcanine|76/100|[from] Stealth Rock
|
|upkeep
|turn|8
|
|t:|1779813886
|switch|p2a: Sinistcha|Sinistcha-Masterpiece|100/100
|switch|p1a: Krookodile|Krookodile, M|60/100
|-damage|p1a: Krookodile|54/100|[from] Stealth Rock
|-ability|p1a: Krookodile|Intimidate|boost
|-unboost|p2a: Sinistcha|atk|1
|
|upkeep
|turn|9
|
|t:|1779813897
|switch|p1a: Volcanion|Volcanion|47/100
|-damage|p1a: Volcanion|22/100|[from] Stealth Rock
|switch|p2a: Ting-Lu|Ting-Lu|68/100
|-ability|p2a: Ting-Lu|Vessel of Ruin
|
|-heal|p2a: Ting-Lu|74/100|[from] item: Leftovers
|upkeep
|turn|10
|
|t:|1779813911
|move|p1a: Volcanion|Steam Eruption|p2a: Ting-Lu
|-supereffective|p2a: Ting-Lu
|-damage|p2a: Ting-Lu|7/100
|move|p2a: Ting-Lu|Whirlwind|p1a: Volcanion
|drag|p1a: Arcanine|Arcanine-Hisui, M|76/100
|-damage|p1a: Arcanine|51/100|[from] Stealth Rock
|
|-heal|p2a: Ting-Lu|14/100|[from] item: Leftovers
|upkeep
|turn|11
|
|t:|1779813928
|switch|p2a: Sinistcha|Sinistcha-Masterpiece|100/100
|move|p1a: Arcanine|Flare Blitz|p2a: Sinistcha
|-supereffective|p2a: Sinistcha
|-crit|p2a: Sinistcha
|-damage|p2a: Sinistcha|12/100
|-damage|p1a: Arcanine|41/100|[from] item: Life Orb
|
|upkeep
|turn|12
|
|t:|1779813941
|move|p1a: Arcanine|Flare Blitz|p2a: Sinistcha
|-supereffective|p2a: Sinistcha
|-damage|p2a: Sinistcha|0 fnt
|faint|p2a: Sinistcha
|-damage|p1a: Arcanine|31/100|[from] item: Life Orb
|
|upkeep
|
|t:|1779813949
|switch|p2a: Keldeo|Keldeo|11/100 brn
|turn|13
|
|t:|1779813953
|move|p1a: Arcanine|Extreme Speed|p2a: Keldeo
|-damage|p2a: Keldeo|0 fnt
|faint|p2a: Keldeo
|-damage|p1a: Arcanine|21/100|[from] item: Life Orb
|
|upkeep
|
|t:|1779813956
|switch|p2a: Gholdengo|Gholdengo|100/100
|turn|14
|
|t:|1779813960
|move|p2a: Gholdengo|Shadow Ball|p1a: Arcanine
|-damage|p1a: Arcanine|0 fnt
|faint|p1a: Arcanine
|
|upkeep
|
|t:|1779813986
|switch|p1a: Volcanion|Volcanion|22/100
|-damage|p1a: Volcanion|0 fnt|[from] Stealth Rock
|faint|p1a: Volcanion
|
|t:|1779813995
|switch|p1a: Moltres|Moltres-Galar|100/100
|-damage|p1a: Moltres|75/100|[from] Stealth Rock
|turn|15
|
|t:|1779813999
|switch|p2a: Gliscor|Gliscor, F|100/100
|move|p1a: Moltres|Fiery Wrath|p2a: Gliscor
|-damage|p2a: Gliscor|67/100
|
|-status|p2a: Gliscor|tox|[from] item: Toxic Orb
|upkeep
|turn|16
|
|t:|1779814013
|move|p2a: Gliscor|Knock Off|p1a: Moltres
|-resisted|p1a: Moltres
|-damage|p1a: Moltres|66/100
|-enditem|p1a: Moltres|Sitrus Berry|[from] move: Knock Off|[of] p2a: Gliscor
|move|p1a: Moltres|Fiery Wrath|p2a: Gliscor
|-damage|p2a: Gliscor|28/100 tox
|
|-heal|p2a: Gliscor|41/100 tox|[from] ability: Poison Heal
|upkeep
|turn|17
|
|t:|1779814026
|move|p2a: Gliscor|Protect|p2a: Gliscor
|-singleturn|p2a: Gliscor|Protect
|move|p1a: Moltres|Nasty Plot|p1a: Moltres
|-boost|p1a: Moltres|spa|2
|
|-heal|p2a: Gliscor|53/100 tox|[from] ability: Poison Heal
|upkeep
|turn|18
|
|t:|1779814029
|move|p2a: Gliscor|Toxic|p1a: Moltres
|-status|p1a: Moltres|tox
|move|p1a: Moltres|Fiery Wrath|p2a: Gliscor
|-damage|p2a: Gliscor|0 fnt
|faint|p2a: Gliscor
|
|-damage|p1a: Moltres|60/100 tox|[from] psn
|upkeep
|
|t:|1779814034
|switch|p2a: Dragonite|Dragonite, F|100/100
|turn|19
|
|t:|1779814037
|move|p2a: Dragonite|Dragon Dance|p2a: Dragonite
|-boost|p2a: Dragonite|atk|1
|-boost|p2a: Dragonite|spe|1
|move|p1a: Moltres|Fiery Wrath|p2a: Dragonite
|-damage|p2a: Dragonite|65/100
|
|-damage|p1a: Moltres|47/100 tox|[from] psn
|upkeep
|turn|20
|
|t:|1779814043
|move|p2a: Dragonite|Extreme Speed|p1a: Moltres
|-damage|p1a: Moltres|3/100 tox
|move|p1a: Moltres|Fiery Wrath|p2a: Dragonite
|-damage|p2a: Dragonite|0 fnt
|faint|p2a: Dragonite
|
|-damage|p1a: Moltres|0 fnt|[from] psn
|faint|p1a: Moltres
|upkeep
|
|t:|1779814059
|switch|p2a: Gholdengo|Gholdengo|100/100
|switch|p1a: Latias|Latias, F|100/100
|-damage|p1a: Latias|88/100|[from] Stealth Rock
|turn|21
|
|t:|1779814066
|move|p2a: Gholdengo|Shadow Ball|p1a: Latias
|-supereffective|p1a: Latias
|-damage|p1a: Latias|22/100
|-unboost|p1a: Latias|spd|1
|-enditem|p1a: Latias|Weakness Policy
|-boost|p1a: Latias|atk|2|[from] item: Weakness Policy
|-boost|p1a: Latias|spa|2|[from] item: Weakness Policy
|move|p1a: Latias|Calm Mind|p1a: Latias
|-boost|p1a: Latias|spa|1
|-boost|p1a: Latias|spd|1
|
|upkeep
|turn|22
|
|t:|1779814070
|move|p2a: Gholdengo|Shadow Ball|p1a: Latias
|-supereffective|p1a: Latias
|-damage|p1a: Latias|0 fnt
|faint|p1a: Latias
|
|upkeep
|
|t:|1779814076
|switch|p1a: Krookodile|Krookodile, M|54/100
|-damage|p1a: Krookodile|48/100|[from] Stealth Rock
|-ability|p1a: Krookodile|Intimidate|boost
|-unboost|p2a: Gholdengo|atk|1
|turn|23
|inactive|thiccdug has 120 seconds left.
|
|t:|1779814107
|switch|p2a: Ting-Lu|Ting-Lu|14/100
|-ability|p2a: Ting-Lu|Vessel of Ruin
|move|p1a: Krookodile|Knock Off|p2a: Ting-Lu
|-resisted|p2a: Ting-Lu
|-damage|p2a: Ting-Lu|3/100
|-enditem|p2a: Ting-Lu|Leftovers|[from] move: Knock Off|[of] p1a: Krookodile
|
|upkeep
|turn|24
|inactive|thiccdug has 120 seconds left.
|
|t:|1779814121
|move|p1a: Krookodile|Knock Off|p2a: Ting-Lu
|-resisted|p2a: Ting-Lu
|-damage|p2a: Ting-Lu|0 fnt
|faint|p2a: Ting-Lu
|
|upkeep
|
|t:|1779814123
|switch|p2a: Gholdengo|Gholdengo|100/100
|turn|25
|
|t:|1779814125
|move|p2a: Gholdengo|Make It Rain|p1a: Krookodile
|-damage|p1a: Krookodile|0 fnt
|-unboost|p2a: Gholdengo|spa|1
|faint|p1a: Krookodile
|
|upkeep
|
|t:|1779814129
|switch|p1a: Scizor|Scizor, M|100/100
|-damage|p1a: Scizor|88/100|[from] Stealth Rock
|turn|26
|
|t:|1779814135
|move|p2a: Gholdengo|Make It Rain|p1a: Scizor
|-resisted|p1a: Scizor
|-damage|p1a: Scizor|62/100
|-unboost|p2a: Gholdengo|spa|1
|move|p1a: Scizor|Swords Dance|p1a: Scizor
|-boost|p1a: Scizor|atk|2
|
|upkeep
|turn|27
|
|t:|1779814138
|move|p2a: Gholdengo|Make It Rain|p1a: Scizor
|-resisted|p1a: Scizor
|-damage|p1a: Scizor|44/100
|-unboost|p2a: Gholdengo|spa|1
|-enditem|p1a: Scizor|Sitrus Berry|[eat]
|-heal|p1a: Scizor|69/100|[from] item: Sitrus Berry
|move|p1a: Scizor|Knock Off|p2a: Gholdengo
|-supereffective|p2a: Gholdengo
|-damage|p2a: Gholdengo|0 fnt
|-enditem|p2a: Gholdengo|Choice Scarf|[from] move: Knock Off|[of] p1a: Scizor
|faint|p2a: Gholdengo
|
|win|amiruae
|raw|amiruae's rating: 1435 &rarr; <strong>1458</strong><br />(+23 for winning)
|raw|thiccdug's rating: 1481 &rarr; <strong>1458</strong><br />(-23 for losing)
|l|☆thiccdug
|player|p2|
|l|☆amiruae
|player|p1|
