|j|☆jayyavelli
|j|☆Kis Vegallomas
|t:|1779971497
|gametype|singles
|player|p1|jayyavelli|brock|1219
|player|p2|Kis Vegallomas|102|1214
|gen|9
|tier|[Gen 9] OU
|rated|
|rule|HP Percentage Mod: HP is shown in percentages
|rule|Endless Battle Clause: Forcing endless battles is banned
|rule|Species Clause: Limit one of each Pokémon
|rule|OHKO Clause: OHKO moves are banned
|rule|Evasion Items Clause: Evasion items are banned
|rule|Evasion Moves Clause: Evasion moves are banned
|rule|Evasion Abilities Clause: Evasion abilities are banned
|rule|Sleep Moves Clause: Sleep-inducing moves are banned
|clearpoke
|poke|p1|Zoroark-Hisui, F|
|poke|p1|Slowking-Galar, M|
|poke|p1|Volcanion|
|poke|p1|Dragonite, M|
|poke|p1|Iron Valiant|
|poke|p1|Great Tusk|
|poke|p2|Primeape, F|
|poke|p2|Skarmory, F|
|poke|p2|Weezing-Galar, M|
|poke|p2|Hatterene, F|
|poke|p2|Regidrago|
|poke|p2|Smeargle, F|
|teampreview
|inactive|Battle timer is ON: inactive players will automatically lose when time's up. (requested by jayyavelli)
|
|t:|1779971513
|teamsize|p1|6
|teamsize|p2|6
|start
|switch|p1a: Great Tusk|Great Tusk|100/100
|switch|p2a: Weezing|Weezing-Galar, M|100/100
|turn|1
|
|t:|1779971521
|move|p1a: Great Tusk|Hyper Voice|p2a: Weezing
|-damage|p2a: Weezing|51/100
|move|p2a: Weezing|Toxic|p1a: Great Tusk
|-status|p1a: Great Tusk|tox
|
|-heal|p2a: Weezing|57/100|[from] item: Black Sludge
|-damage|p1a: Great Tusk|95/100 tox|[from] psn
|upkeep
|turn|2
|inactive|Kis Vegallomas has 120 seconds left.
|
|t:|1779971556
|move|p1a: Great Tusk|Hyper Voice|p2a: Weezing
|-damage|p2a: Weezing|15/100
|move|p2a: Weezing|Thunderbolt|p1a: Great Tusk
|-damage|p1a: Great Tusk|60/100 tox
|replace|p1a: Zoroark|Zoroark-Hisui, F, shiny
|-end|p1a: Zoroark|Illusion
|
|-heal|p2a: Weezing|21/100|[from] item: Black Sludge
|-damage|p1a: Zoroark|48/100 tox|[from] psn
|upkeep
|turn|3
|
|t:|1779971576
|switch|p1a: Great Tusk|Great Tusk|100/100
|move|p2a: Weezing|Thunderbolt|p1a: Great Tusk
|-immune|p1a: Great Tusk
|
|-heal|p2a: Weezing|27/100|[from] item: Black Sludge
|upkeep
|turn|4
|
|t:|1779971589
|move|p1a: Great Tusk|Stealth Rock|p2a: Weezing
|-sidestart|p2: Kis Vegallomas|move: Stealth Rock
|move|p2a: Weezing|Will-O-Wisp|p1a: Great Tusk
|-status|p1a: Great Tusk|brn
|
|-heal|p2a: Weezing|33/100|[from] item: Black Sludge
|-damage|p1a: Great Tusk|94/100 brn|[from] brn
|upkeep
|turn|5
|
|t:|1779971604
|move|p1a: Great Tusk|Knock Off|p2a: Weezing
|-resisted|p2a: Weezing
|-damage|p2a: Weezing|27/100
|-enditem|p2a: Weezing|Black Sludge|[from] move: Knock Off|[of] p1a: Great Tusk
|move|p2a: Weezing|Clear Smog|p1a: Great Tusk
|-resisted|p1a: Great Tusk
|-damage|p1a: Great Tusk|88/100 brn
|-clearboost|p1a: Great Tusk
|
|-damage|p1a: Great Tusk|82/100 brn|[from] brn
|upkeep
|turn|6
|
|t:|1779971624
|-end|p1a: Great Tusk|Protosynthesis|[silent]
|switch|p1a: Slowking|Slowking-Galar, M, shiny|100/100
|switch|p2a: Primeape|Primeape, F|100/100
|-damage|p2a: Primeape|95/100|[from] Stealth Rock
|
|upkeep
|turn|7
|
|t:|1779971631
|move|p2a: Primeape|Taunt|p1a: Slowking
|-start|p1a: Slowking|move: Taunt
|move|p1a: Slowking|Future Sight|p2a: Primeape
|-start|p1a: Slowking|move: Future Sight
|
|upkeep
|turn|8
|
|t:|1779971646
|move|p2a: Primeape|Bulk Up|p2a: Primeape
|-boost|p2a: Primeape|atk|1
|-boost|p2a: Primeape|def|1
|move|p1a: Slowking|Sludge Bomb|p2a: Primeape
|-damage|p2a: Primeape|72/100
|-status|p2a: Primeape|psn
|
|-damage|p2a: Primeape|59/100 psn|[from] psn
|upkeep
|turn|9
|
|t:|1779971656
|switch|p1a: Slowking|Slowking-Galar, M, shiny|48/100 tox
|move|p2a: Primeape|Rage Fist|p1a: Slowking
|-immune|p1a: Slowking
|
|-end|p2a: Primeape|move: Future Sight
|-supereffective|p2a: Primeape
|-damage|p2a: Primeape|4/100 psn
|-damage|p1a: Slowking|42/100 tox|[from] psn
|-damage|p2a: Primeape|0 fnt|[from] psn
|faint|p2a: Primeape
|upkeep
|
|t:|1779971668
|switch|p2a: Hatterene|Hatterene, F|100/100
|-damage|p2a: Hatterene|88/100|[from] Stealth Rock
|turn|10
|
|t:|1779971673
|switch|p2a: Smeargle|Smeargle, F|100/100
|-damage|p2a: Smeargle|88/100|[from] Stealth Rock
|move|p1a: Slowking|Shadow Ball|p2a: Smeargle
|-immune|p2a: Smeargle
|
|-damage|p1a: Slowking|30/100 tox|[from] psn
|upkeep
|turn|11
|
|t:|1779971682
|switch|p1a: Great Tusk|Great Tusk|82/100 brn
|move|p2a: Smeargle|Shell Smash|p2a: Smeargle
|-unboost|p2a: Smeargle|def|1
|-unboost|p2a: Smeargle|spd|1
|-boost|p2a: Smeargle|atk|2
|-boost|p2a: Smeargle|spa|2
|-boost|p2a: Smeargle|spe|2
|
|-damage|p1a: Great Tusk|76/100 brn|[from] brn
|upkeep
|turn|12
|
|t:|1779971691
|move|p2a: Smeargle|Population Bomb|p1a: Great Tusk
|-damage|p1a: Great Tusk|67/100 brn
|-damage|p1a: Great Tusk|59/100 brn
|-damage|p1a: Great Tusk|51/100 brn
|-damage|p1a: Great Tusk|42/100 brn
|-damage|p1a: Great Tusk|34/100 brn
|-damage|p1a: Great Tusk|26/100 brn
|-damage|p1a: Great Tusk|17/100 brn
|-hitcount|p1a: Great Tusk|7
|move|p1a: Great Tusk|Knock Off|p2a: Smeargle
|-damage|p2a: Smeargle|27/100
|-enditem|p2a: Smeargle|Loaded Dice|[from] move: Knock Off|[of] p1a: Great Tusk
|
|-damage|p1a: Great Tusk|11/100 brn|[from] brn
|upkeep
|turn|13
|
|t:|1779971707
|move|p2a: Smeargle|Power Trip|p1a: Great Tusk
|-resisted|p1a: Great Tusk
|-damage|p1a: Great Tusk|0 fnt
|faint|p1a: Great Tusk
|-end|p1a: Great Tusk|Protosynthesis|[silent]
|
|upkeep
|
|t:|1779971714
|switch|p1a: Slowking|Slowking-Galar, M, shiny|100/100
|turn|14
|
|t:|1779971721
|move|p2a: Smeargle|Power Trip|p1a: Slowking
|-supereffective|p1a: Slowking
|-damage|p1a: Slowking|29/100
|move|p1a: Slowking|Future Sight|p2a: Smeargle
|-start|p1a: Slowking|move: Future Sight
|
|upkeep
|turn|15
|
|t:|1779971729
|switch|p1a: Iron Valiant|Iron Valiant, shiny|100/100
|-enditem|p1a: Iron Valiant|Booster Energy
|-activate|p1a: Iron Valiant|ability: Quark Drive|[fromitem]
|-start|p1a: Iron Valiant|quarkdrivespe
|move|p2a: Smeargle|Population Bomb|p1a: Iron Valiant|[miss]
|-miss|p2a: Smeargle|p1a: Iron Valiant
|
|upkeep
|turn|16
|
|t:|1779971748
|move|p1a: Iron Valiant|Moonblast|p2a: Smeargle
|-damage|p2a: Smeargle|0 fnt
|faint|p2a: Smeargle
|
|-hint|Future Sight did not hit because the target is fainted.
|upkeep
|
|t:|1779971753
|switch|p2a: Hatterene|Hatterene, F|88/100
|-damage|p2a: Hatterene|76/100|[from] Stealth Rock
|turn|17
|
|t:|1779971759
|move|p1a: Iron Valiant|Moonblast|p2a: Hatterene
|-damage|p2a: Hatterene|29/100
|move|p2a: Hatterene|Draining Kiss|p1a: Iron Valiant
|-supereffective|p1a: Iron Valiant
|-damage|p1a: Iron Valiant|32/100
|-heal|p2a: Hatterene|79/100|[from] drain|[of] p1a: Iron Valiant
|
|upkeep
|turn|18
|
|t:|1779971766
|move|p1a: Iron Valiant|Moonblast|p2a: Hatterene
|-damage|p2a: Hatterene|31/100
|move|p2a: Hatterene|Draining Kiss|p1a: Iron Valiant
|-supereffective|p1a: Iron Valiant
|-crit|p1a: Iron Valiant
|-damage|p1a: Iron Valiant|0 fnt
|-heal|p2a: Hatterene|54/100|[from] drain|[of] p1a: Iron Valiant
|faint|p1a: Iron Valiant
|-end|p1a: Iron Valiant|Quark Drive|[silent]
|
|upkeep
|
|t:|1779971775
|switch|p1a: Slowking|Slowking-Galar, M, shiny|62/100
|turn|19
|
|t:|1779971779
|-terastallize|p2a: Hatterene|Steel
|move|p1a: Slowking|Future Sight|p2a: Hatterene
|-start|p1a: Slowking|move: Future Sight
|move|p2a: Hatterene|Calm Mind|p2a: Hatterene
|-boost|p2a: Hatterene|spa|1
|-boost|p2a: Hatterene|spd|1
|
|upkeep
|turn|20
|
|t:|1779971785
|move|p1a: Slowking|Flamethrower|p2a: Hatterene
|-supereffective|p2a: Hatterene
|-damage|p2a: Hatterene|22/100
|-status|p2a: Hatterene|brn
|move|p2a: Hatterene|Calm Mind|p2a: Hatterene
|-boost|p2a: Hatterene|spa|1
|-boost|p2a: Hatterene|spd|1
|
|-damage|p2a: Hatterene|16/100 brn|[from] brn
|upkeep
|turn|21
|
|t:|1779971793
|move|p1a: Slowking|Flamethrower|p2a: Hatterene
|-supereffective|p2a: Hatterene
|-damage|p2a: Hatterene|0 fnt
|faint|p2a: Hatterene
|
|-hint|Future Sight did not hit because the target is fainted.
|upkeep
|
|t:|1779971795
|switch|p2a: Regidrago|Regidrago|100/100
|-damage|p2a: Regidrago|88/100|[from] Stealth Rock
|turn|22
|
|t:|1779971801
|switch|p1a: Dragonite|Dragonite, M|30/100 tox
|move|p2a: Regidrago|Dragon Energy|p1a: Dragonite
|-crit|p1a: Dragonite
|-damage|p1a: Dragonite|0 fnt
|replace|p1a: Zoroark|Zoroark-Hisui, F, shiny
|-end|p1a: Zoroark|Illusion
|faint|p1a: Zoroark
|
|upkeep
|
|t:|1779971819
|switch|p1a: Dragonite|Dragonite, M|100/100
|turn|23
|
|t:|1779971824
|switch|p2a: Weezing|Weezing-Galar, M|27/100
|-damage|p2a: Weezing|15/100|[from] Stealth Rock
|-terastallize|p1a: Dragonite|Fire
|move|p1a: Dragonite|Outrage|p2a: Weezing
|-immune|p2a: Weezing
|
|upkeep
|turn|24
|
|t:|1779971835
|switch|p1a: Volcanion|Volcanion|100/100
|move|p2a: Weezing|Toxic|p1a: Volcanion
|-status|p1a: Volcanion|tox
|
|-damage|p1a: Volcanion|95/100 tox|[from] psn
|upkeep
|turn|25
|
|t:|1779971846
|move|p1a: Volcanion|Flamethrower|p2a: Weezing
|-damage|p2a: Weezing|0 fnt
|faint|p2a: Weezing
|
|-damage|p1a: Volcanion|83/100 tox|[from] psn
|upkeep
|
|t:|1779971848
|switch|p2a: Regidrago|Regidrago|88/100
|-damage|p2a: Regidrago|76/100|[from] Stealth Rock
|turn|26
|
|t:|1779971855
|move|p2a: Regidrago|Dragon Pulse|p1a: Volcanion
|-damage|p1a: Volcanion|0 fnt
|faint|p1a: Volcanion
|
|upkeep
|
|t:|1779971860
|switch|p1a: Slowking|Slowking-Galar, M, shiny|95/100
|turn|27
|
|t:|1779971870
|move|p2a: Regidrago|Dragon Pulse|p1a: Slowking
|-damage|p1a: Slowking|60/100
|move|p1a: Slowking|Future Sight|p2a: Regidrago
|-start|p1a: Slowking|move: Future Sight
|
|upkeep
|turn|28
|
|t:|1779971874
|move|p2a: Regidrago|Dragon Pulse|p1a: Slowking
|-damage|p1a: Slowking|22/100
|move|p1a: Slowking|Sludge Bomb|p2a: Regidrago
|-damage|p2a: Regidrago|39/100
|-status|p2a: Regidrago|psn
|
|-damage|p2a: Regidrago|27/100 psn|[from] psn
|upkeep
|turn|29
|
|t:|1779971885
|move|p2a: Regidrago|Dragon Pulse|p1a: Slowking
|-damage|p1a: Slowking|0 fnt
|faint|p1a: Slowking
|
|-end|p2a: Regidrago|move: Future Sight
|-damage|p2a: Regidrago|0 fnt
|faint|p2a: Regidrago
|upkeep
|
|t:|1779971891
|switch|p2a: Skarmory|Skarmory, F|100/100
|switch|p1a: Dragonite|Dragonite, M, tera:Fire|100/100
|-damage|p2a: Skarmory|88/100|[from] Stealth Rock
|turn|30
|
|t:|1779971902
|move|p1a: Dragonite|Waterfall|p2a: Skarmory
|-damage|p2a: Skarmory|50/100
|-damage|p1a: Dragonite|84/100|[from] item: Rocky Helmet|[of] p2a: Skarmory
|-ability|p2a: Skarmory|Weak Armor|boost
|-unboost|p2a: Skarmory|def|1
|-boost|p2a: Skarmory|spe|2
|move|p2a: Skarmory|Swords Dance|p2a: Skarmory
|-boost|p2a: Skarmory|atk|2
|
|upkeep
|turn|31
|
|t:|1779971910
|move|p2a: Skarmory|Drill Run|p1a: Dragonite
|-supereffective|p1a: Dragonite
|-crit|p1a: Dragonite
|-damage|p1a: Dragonite|0 fnt
|faint|p1a: Dragonite
|
|win|Kis Vegallomas
|raw|jayyavelli's rating: 1219 &rarr; <strong>1194</strong><br />(-25 for losing)
|raw|Kis Vegallomas's rating: 1214 &rarr; <strong>1239</strong><br />(+25 for winning)
|l|☆jayyavelli
|player|p1|
|l|☆Kis Vegallomas
|player|p2|
|j|☆Kis Vegallomas
|player|p2|Kis Vegallomas|102|
