|j|☆Moddleman
|j|☆hzh494we
|t:|1779815204
|gametype|singles
|player|p1|Moddleman|ghetsis-gen5bw|1094
|player|p2|hzh494we|2|1084
|gen|9
|tier|[Gen 9] OU
|rated|
|rule|HP Percentage Mod: HP is shown in percentages
|rule|Endless Battle Clause: Forcing endless battles is banned
|rule|Species Clause: Limit one of each Pokémon
|rule|OHKO Clause: OHKO moves are banned
|rule|Evasion Items Clause: Evasion items are banned
|rule|Evasion Moves Clause: Evasion moves are banned
|rule|Evasion Abilities Clause: Evasion abilities are banned
|rule|Sleep Moves Clause: Sleep-inducing moves are banned
|clearpoke
|poke|p1|Gliscor, F|
|poke|p1|Gallade, M|
|poke|p1|Maushold-Four|
|poke|p1|Dragonite, F|
|poke|p1|Rotom-Wash|
|poke|p1|Serperior, M|
|poke|p2|Meowscarada, F|
|poke|p2|Cinderace, F|
|poke|p2|Slowking-Galar, F|
|poke|p2|Tornadus-Therian, M|
|poke|p2|Weezing-Galar, M|
|poke|p2|Garganacl, M|
|teampreview
|
|t:|1779815216
|teamsize|p1|6
|teamsize|p2|6
|start
|switch|p1a: Rotom|Rotom-Wash, shiny|100/100
|switch|p2a: Meowscarada|Meowscarada, F|100/100
|turn|1
|inactive|Battle timer is ON: inactive players will automatically lose when time's up. (requested by hzh494we)
|
|t:|1779815224
|switch|p1a: Maushold|Maushold-Four, shiny|100/100
|move|p2a: Meowscarada|Taunt|p1a: Maushold
|-start|p2a: Meowscarada|typechange|Dark|[from] ability: Protean
|-start|p1a: Maushold|move: Taunt
|
|upkeep
|turn|2
|
|t:|1779815234
|switch|p2a: Garganacl|Garganacl, M|100/100
|move|p1a: Maushold|Population Bomb|p2a: Garganacl|[miss]
|-miss|p1a: Maushold|p2a: Garganacl
|
|upkeep
|turn|3
|
|t:|1779815242
|move|p1a: Maushold|Bullet Seed|p2a: Garganacl
|-supereffective|p2a: Garganacl
|-damage|p2a: Garganacl|91/100
|-supereffective|p2a: Garganacl
|-damage|p2a: Garganacl|83/100
|-supereffective|p2a: Garganacl
|-damage|p2a: Garganacl|73/100
|-supereffective|p2a: Garganacl
|-damage|p2a: Garganacl|64/100
|-supereffective|p2a: Garganacl
|-damage|p2a: Garganacl|54/100
|-hitcount|p2a: Garganacl|5
|move|p2a: Garganacl|Salt Cure|p1a: Maushold
|-damage|p1a: Maushold|77/100
|-start|p1a: Maushold|Salt Cure
|
|-heal|p2a: Garganacl|61/100|[from] item: Leftovers
|-damage|p1a: Maushold|65/100|[from] Salt Cure
|-end|p1a: Maushold|move: Taunt
|upkeep
|turn|4
|
|t:|1779815256
|move|p1a: Maushold|Population Bomb|p2a: Garganacl
|-resisted|p2a: Garganacl
|-damage|p2a: Garganacl|58/100
|-resisted|p2a: Garganacl
|-damage|p2a: Garganacl|55/100
|-resisted|p2a: Garganacl
|-damage|p2a: Garganacl|53/100
|-resisted|p2a: Garganacl
|-damage|p2a: Garganacl|50/100
|-resisted|p2a: Garganacl
|-damage|p2a: Garganacl|48/100
|-resisted|p2a: Garganacl
|-damage|p2a: Garganacl|45/100
|-resisted|p2a: Garganacl
|-damage|p2a: Garganacl|42/100
|-hitcount|p2a: Garganacl|7
|move|p2a: Garganacl|Recover|p2a: Garganacl
|-heal|p2a: Garganacl|92/100
|
|-heal|p2a: Garganacl|99/100|[from] item: Leftovers
|-damage|p1a: Maushold|52/100|[from] Salt Cure
|upkeep
|turn|5
|
|t:|1779815274
|switch|p1a: Gliscor|Gliscor, F, shiny|100/100
|move|p2a: Garganacl|Salt Cure|p1a: Gliscor
|-crit|p1a: Gliscor
|-damage|p1a: Gliscor|81/100
|-start|p1a: Gliscor|Salt Cure
|
|-heal|p2a: Garganacl|100/100|[from] item: Leftovers
|-damage|p1a: Gliscor|69/100|[from] Salt Cure
|-status|p1a: Gliscor|tox|[from] item: Toxic Orb
|upkeep
|turn|6
|
|t:|1779815284
|move|p1a: Gliscor|Toxic|p2a: Garganacl
|-immune|p2a: Garganacl|[from] ability: Purifying Salt
|move|p2a: Garganacl|Iron Defense|p2a: Garganacl
|-boost|p2a: Garganacl|def|2
|
|-heal|p1a: Gliscor|81/100 tox|[from] ability: Poison Heal
|-damage|p1a: Gliscor|69/100 tox|[from] Salt Cure
|upkeep
|turn|7
|
|t:|1779815292
|move|p1a: Gliscor|Crabhammer|p2a: Garganacl
|-supereffective|p2a: Garganacl
|-damage|p2a: Garganacl|86/100
|move|p2a: Garganacl|Salt Cure|p1a: Gliscor
|-damage|p1a: Gliscor|56/100 tox
|
|-heal|p2a: Garganacl|92/100|[from] item: Leftovers
|-heal|p1a: Gliscor|69/100 tox|[from] ability: Poison Heal
|-damage|p1a: Gliscor|56/100 tox|[from] Salt Cure
|upkeep
|turn|8
|
|t:|1779815305
|switch|p1a: Rotom|Rotom-Wash, shiny|100/100
|move|p2a: Garganacl|Iron Defense|p2a: Garganacl
|-boost|p2a: Garganacl|def|2
|
|-heal|p2a: Garganacl|99/100|[from] item: Leftovers
|upkeep
|turn|9
|
|t:|1779815315
|-terastallize|p2a: Garganacl|Ghost
|move|p1a: Rotom|Hydro Pump|p2a: Garganacl
|-damage|p2a: Garganacl|58/100
|move|p2a: Garganacl|Salt Cure|p1a: Rotom
|-damage|p1a: Rotom|81/100
|-start|p1a: Rotom|Salt Cure
|
|-heal|p1a: Rotom|87/100|[from] item: Leftovers
|-heal|p2a: Garganacl|64/100|[from] item: Leftovers
|-damage|p1a: Rotom|62/100|[from] Salt Cure
|upkeep
|turn|10
|
|t:|1779815329
|move|p1a: Rotom|Hydro Pump|p2a: Garganacl
|-damage|p2a: Garganacl|23/100
|move|p2a: Garganacl|Recover|p2a: Garganacl
|-heal|p2a: Garganacl|73/100
|
|-heal|p1a: Rotom|68/100|[from] item: Leftovers
|-heal|p2a: Garganacl|79/100|[from] item: Leftovers
|-damage|p1a: Rotom|43/100|[from] Salt Cure
|upkeep
|turn|11
|
|t:|1779815337
|move|p1a: Rotom|Pain Split|p2a: Garganacl
|-sethp|p2a: Garganacl|52/100|[from] move: Pain Split|[silent]
|-sethp|p1a: Rotom|88/100|[from] move: Pain Split
|move|p2a: Garganacl|Salt Cure|p1a: Rotom
|-damage|p1a: Rotom|70/100
|
|-heal|p1a: Rotom|76/100|[from] item: Leftovers
|-heal|p2a: Garganacl|59/100|[from] item: Leftovers
|-damage|p1a: Rotom|51/100|[from] Salt Cure
|upkeep
|turn|12
|
|t:|1779815343
|move|p1a: Rotom|Hydro Pump|p2a: Garganacl
|-damage|p2a: Garganacl|19/100
|move|p2a: Garganacl|Recover|p2a: Garganacl
|-heal|p2a: Garganacl|69/100
|
|-heal|p1a: Rotom|57/100|[from] item: Leftovers
|-heal|p2a: Garganacl|75/100|[from] item: Leftovers
|-damage|p1a: Rotom|32/100|[from] Salt Cure
|upkeep
|turn|13
|
|t:|1779815365
|move|p1a: Rotom|Pain Split|p2a: Garganacl
|-sethp|p2a: Garganacl|47/100|[from] move: Pain Split|[silent]
|-sethp|p1a: Rotom|79/100|[from] move: Pain Split
|move|p2a: Garganacl|Salt Cure|p1a: Rotom
|-damage|p1a: Rotom|59/100
|
|-heal|p1a: Rotom|65/100|[from] item: Leftovers
|-heal|p2a: Garganacl|53/100|[from] item: Leftovers
|-damage|p1a: Rotom|40/100|[from] Salt Cure
|upkeep
|turn|14
|
|t:|1779815376
|switch|p2a: Meowscarada|Meowscarada, F|100/100
|move|p1a: Rotom|Nasty Plot|p1a: Rotom
|-boost|p1a: Rotom|spa|2
|
|-heal|p1a: Rotom|46/100|[from] item: Leftovers
|-damage|p1a: Rotom|21/100|[from] Salt Cure
|upkeep
|turn|15
|
|t:|1779815395
|switch|p1a: Dragonite|Dragonite, F|100/100
|move|p2a: Meowscarada|Flower Trick|p1a: Dragonite
|-start|p2a: Meowscarada|typechange|Grass|[from] ability: Protean
|-resisted|p1a: Dragonite
|-crit|p1a: Dragonite
|-damage|p1a: Dragonite|95/100
|
|-heal|p1a: Dragonite|100/100|[from] item: Leftovers
|upkeep
|turn|16
|
|t:|1779815406
|switch|p2a: Garganacl|Garganacl, M, tera:Ghost|53/100
|move|p1a: Dragonite|Fire Blast|p2a: Garganacl
|-crit|p2a: Garganacl
|-damage|p2a: Garganacl|14/100
|
|-heal|p2a: Garganacl|20/100|[from] item: Leftovers
|upkeep
|turn|17
|
|t:|1779815420
|switch|p2a: Slowking|Slowking-Galar, F|100/100
|move|p1a: Dragonite|Earthquake|p2a: Slowking
|-supereffective|p2a: Slowking
|-damage|p2a: Slowking|26/100
|
|upkeep
|turn|18
|
|t:|1779815427
|switch|p2a: Tornadus|Tornadus-Therian, M|100/100
|move|p1a: Dragonite|Extreme Speed|p2a: Tornadus
|-damage|p2a: Tornadus|63/100
|
|upkeep
|turn|19
|
|t:|1779815435
|move|p2a: Tornadus|Bleakwind Storm|p1a: Dragonite
|-damage|p1a: Dragonite|77/100
|move|p1a: Dragonite|Dragon Dance|p1a: Dragonite
|-boost|p1a: Dragonite|atk|1
|-boost|p1a: Dragonite|spe|1
|
|-heal|p1a: Dragonite|83/100|[from] item: Leftovers
|upkeep
|turn|20
|
|t:|1779815440
|move|p1a: Dragonite|Extreme Speed|p2a: Tornadus
|-damage|p2a: Tornadus|3/100
|move|p2a: Tornadus|Bleakwind Storm|p1a: Dragonite
|-damage|p1a: Dragonite|33/100
|
|-heal|p1a: Dragonite|39/100|[from] item: Leftovers
|upkeep
|turn|21
|
|t:|1779815448
|switch|p2a: Garganacl|Garganacl, M, tera:Ghost|20/100
|move|p1a: Dragonite|Fire Blast|p2a: Garganacl
|-damage|p2a: Garganacl|0 fnt
|faint|p2a: Garganacl
|
|-heal|p1a: Dragonite|45/100|[from] item: Leftovers
|upkeep
|
|t:|1779815456
|switch|p2a: Meowscarada|Meowscarada, F|100/100
|turn|22
|
|t:|1779815465
|move|p2a: Meowscarada|Knock Off|p1a: Dragonite
|-start|p2a: Meowscarada|typechange|Dark|[from] ability: Protean
|-damage|p1a: Dragonite|1/100
|-enditem|p1a: Dragonite|Leftovers|[from] move: Knock Off|[of] p2a: Meowscarada
|move|p1a: Dragonite|Fire Blast|p2a: Meowscarada
|-damage|p2a: Meowscarada|59/100
|
|upkeep
|turn|23
|
|t:|1779815476
|move|p1a: Dragonite|Extreme Speed|p2a: Meowscarada
|-damage|p2a: Meowscarada|0 fnt
|faint|p2a: Meowscarada
|
|upkeep
|
|t:|1779815481
|switch|p2a: Weezing|Weezing-Galar, M|100/100
|-ability|p2a: Weezing|Neutralizing Gas
|turn|24
|
|t:|1779815489
|move|p1a: Dragonite|Earthquake|p2a: Weezing
|-supereffective|p2a: Weezing
|-damage|p2a: Weezing|12/100
|move|p2a: Weezing|Strange Steam|p1a: Dragonite
|-supereffective|p1a: Dragonite
|-damage|p1a: Dragonite|0 fnt
|faint|p1a: Dragonite
|
|upkeep
|
|t:|1779815501
|switch|p1a: Gliscor|Gliscor, F, shiny|56/100 tox
|turn|25
|
|t:|1779815507
|-end|p2a: Weezing|ability: Neutralizing Gas
|switch|p2a: Tornadus|Tornadus-Therian, M|36/100
|move|p1a: Gliscor|Ice Fang|p2a: Tornadus
|-supereffective|p2a: Tornadus
|-damage|p2a: Tornadus|0 fnt
|faint|p2a: Tornadus
|
|-heal|p1a: Gliscor|69/100 tox|[from] ability: Poison Heal
|upkeep
|
|t:|1779815516
|switch|p2a: Weezing|Weezing-Galar, M|12/100
|-ability|p2a: Weezing|Neutralizing Gas
|turn|26
|
|t:|1779815522
|move|p1a: Gliscor|Crabhammer|p2a: Weezing
|-damage|p2a: Weezing|0 fnt
|faint|p2a: Weezing
|-end|p2a: Weezing|ability: Neutralizing Gas
|
|-heal|p1a: Gliscor|81/100 tox|[from] ability: Poison Heal
|upkeep
|-message|hzh494we forfeited.
|
|win|Moddleman
|raw|Moddleman's rating: 1094 &rarr; <strong>1119</strong><br />(+25 for winning)
|raw|hzh494we's rating: 1084 &rarr; <strong>1062</strong><br />(-22 for losing)
|l|☆hzh494we
|player|p2|
