|j|☆kilimanjaaro
|j|☆rujjtrainer
|t:|1779866821
|gametype|singles
|player|p1|kilimanjaaro|1|1322
|player|p2|rujjtrainer|winona|1373
|gen|9
|tier|[Gen 9] OU
|rated|
|rule|HP Percentage Mod: HP is shown in percentages
|rule|Endless Battle Clause: Forcing endless battles is banned
|rule|Species Clause: Limit one of each Pokémon
|rule|OHKO Clause: OHKO moves are banned
|rule|Evasion Items Clause: Evasion items are banned
|rule|Evasion Moves Clause: Evasion moves are banned
|rule|Evasion Abilities Clause: Evasion abilities are banned
|rule|Sleep Moves Clause: Sleep-inducing moves are banned
|clearpoke
|poke|p1|Garganacl, M|
|poke|p1|Kingambit, F|
|poke|p1|Gholdengo|
|poke|p1|Grimmsnarl, M|
|poke|p1|Cinderace, M|
|poke|p1|Raging Bolt|
|poke|p2|Sinistcha-Masterpiece|
|poke|p2|Gastrodon, F|
|poke|p2|Braviary, M|
|poke|p2|Lucario, M|
|poke|p2|Ceruledge, M|
|poke|p2|Hydreigon, M|
|teampreview
|
|t:|1779866830
|teamsize|p1|6
|teamsize|p2|6
|start
|switch|p1a: Grimmsnarl|Grimmsnarl, M|100/100
|switch|p2a: Sinistcha|Sinistcha-Masterpiece|100/100
|turn|1
|inactive|Battle timer is ON: inactive players will automatically lose when time's up. (requested by rujjtrainer)
|
|t:|1779866837
|move|p1a: Grimmsnarl|Light Screen|p1a: Grimmsnarl
|-sidestart|p1: kilimanjaaro|move: Light Screen
|move|p2a: Sinistcha|Nasty Plot|p2a: Sinistcha
|-boost|p2a: Sinistcha|spa|2
|
|upkeep
|turn|2
|
|t:|1779866841
|move|p1a: Grimmsnarl|Thunder Wave|p2a: Sinistcha
|-status|p2a: Sinistcha|par
|move|p2a: Sinistcha|Matcha Gotcha|p1a: Grimmsnarl
|-damage|p1a: Grimmsnarl|73/100
|
|upkeep
|turn|3
|
|t:|1779866850
|switch|p2a: Braviary|Braviary, M|100/100
|move|p1a: Grimmsnarl|Spirit Break|p2a: Braviary
|-damage|p2a: Braviary|61/100
|-unboost|p2a: Braviary|spa|1
|-ability|p2a: Braviary|Defiant|boost
|-boost|p2a: Braviary|atk|2
|
|upkeep
|turn|4
|
|t:|1779866860
|move|p1a: Grimmsnarl|Reflect|p1a: Grimmsnarl
|-sidestart|p1: kilimanjaaro|Reflect
|move|p2a: Braviary|Defog|p1a: Grimmsnarl
|-unboost|p1a: Grimmsnarl|evasion|1
|-sideend|p1: kilimanjaaro|Reflect
|-sideend|p1: kilimanjaaro|move: Light Screen
|
|upkeep
|turn|5
|
|t:|1779866866
|move|p1a: Grimmsnarl|Reflect|p1a: Grimmsnarl
|-sidestart|p1: kilimanjaaro|Reflect
|move|p2a: Braviary|Brave Bird|p1a: Grimmsnarl
|-damage|p1a: Grimmsnarl|0 fnt
|faint|p1a: Grimmsnarl
|-damage|p2a: Braviary|34/100|[from] Recoil
|
|upkeep
|
|t:|1779866877
|switch|p1a: Garganacl|Garganacl, M|100/100
|turn|6
|
|t:|1779866881
|move|p2a: Braviary|Defog|p1a: Garganacl
|-unboost|p1a: Garganacl|evasion|1
|-sideend|p1: kilimanjaaro|Reflect
|move|p1a: Garganacl|Iron Defense|p1a: Garganacl
|-boost|p1a: Garganacl|def|2
|
|upkeep
|turn|7
|
|t:|1779866888
|move|p2a: Braviary|Close Combat|p1a: Garganacl
|-supereffective|p1a: Garganacl
|-damage|p1a: Garganacl|36/100
|-unboost|p2a: Braviary|def|1
|-unboost|p2a: Braviary|spd|1
|-damage|p2a: Braviary|18/100|[from] item: Rocky Helmet|[of] p1a: Garganacl
|move|p1a: Garganacl|Salt Cure|p2a: Braviary
|-supereffective|p2a: Braviary
|-damage|p2a: Braviary|0 fnt
|faint|p2a: Braviary
|
|upkeep
|
|t:|1779866900
|switch|p2a: Hydreigon|Hydreigon, M|100/100
|turn|8
|
|t:|1779866906
|move|p2a: Hydreigon|Earth Power|p1a: Garganacl
|-supereffective|p1a: Garganacl
|-damage|p1a: Garganacl|0 fnt
|faint|p1a: Garganacl
|
|upkeep
|
|t:|1779866912
|switch|p1a: Raging Bolt|Raging Bolt|100/100
|-enditem|p1a: Raging Bolt|Booster Energy
|-activate|p1a: Raging Bolt|ability: Protosynthesis|[fromitem]
|-start|p1a: Raging Bolt|protosynthesisspa
|turn|9
|
|t:|1779866918
|move|p2a: Hydreigon|Draco Meteor|p1a: Raging Bolt
|-supereffective|p1a: Raging Bolt
|-damage|p1a: Raging Bolt|0 fnt
|-unboost|p2a: Hydreigon|spa|2
|faint|p1a: Raging Bolt
|-end|p1a: Raging Bolt|Protosynthesis|[silent]
|
|upkeep
|-message|kilimanjaaro forfeited.
|
|win|rujjtrainer
|raw|kilimanjaaro's rating: 1322 &rarr; <strong>1305</strong><br />(-17 for losing)
|raw|rujjtrainer's rating: 1373 &rarr; <strong>1390</strong><br />(+17 for winning)
|l|☆kilimanjaaro
|player|p1|
