|j|☆zokua
|j|☆never mix
|t:|1779903847
|gametype|singles
|player|p1|zokua|volkner|1375
|player|p2|never mix|youngcouple|1397
|gen|9
|tier|[Gen 9] OU
|rated|
|rule|HP Percentage Mod: HP is shown in percentages
|rule|Endless Battle Clause: Forcing endless battles is banned
|rule|Species Clause: Limit one of each Pokémon
|rule|OHKO Clause: OHKO moves are banned
|rule|Evasion Items Clause: Evasion items are banned
|rule|Evasion Moves Clause: Evasion moves are banned
|rule|Evasion Abilities Clause: Evasion abilities are banned
|rule|Sleep Moves Clause: Sleep-inducing moves are banned
|clearpoke
|poke|p1|Araquanid, M|
|poke|p1|Gholdengo|
|poke|p1|Iron Treads|
|poke|p1|Raging Bolt|
|poke|p1|Iron Valiant|
|poke|p1|Dragonite, M|
|poke|p2|Torterra, M|
|poke|p2|Ribombee, F|
|poke|p2|Gholdengo|
|poke|p2|Iron Moth|
|poke|p2|Great Tusk|
|poke|p2|Walking Wake|
|teampreview
|
|t:|1779903859
|teamsize|p1|6
|teamsize|p2|6
|start
|switch|p1a: Araquanid|Araquanid, M|100/100
|switch|p2a: Torterra|Torterra, M|100/100
|turn|1
|
|t:|1779903869
|move|p2a: Torterra|Shell Smash|p2a: Torterra
|-unboost|p2a: Torterra|def|1
|-unboost|p2a: Torterra|spd|1
|-boost|p2a: Torterra|atk|2
|-boost|p2a: Torterra|spa|2
|-boost|p2a: Torterra|spe|2
|move|p1a: Araquanid|Sticky Web|p2a: Torterra
|-sidestart|p2: never mix|move: Sticky Web
|
|upkeep
|turn|2
|inactive|Battle timer is ON: inactive players will automatically lose when time's up. (requested by never mix)
|
|t:|1779903876
|move|p1a: Araquanid|Endure|p1a: Araquanid
|-singleturn|p1a: Araquanid|move: Endure
|move|p2a: Torterra|Rock Blast|p1a: Araquanid
|-supereffective|p1a: Araquanid
|-damage|p1a: Araquanid|63/100
|-supereffective|p1a: Araquanid
|-damage|p1a: Araquanid|28/100
|-supereffective|p1a: Araquanid
|-activate|p1a: Araquanid|move: Endure
|-damage|p1a: Araquanid|1/100
|-supereffective|p1a: Araquanid
|-activate|p1a: Araquanid|move: Endure
|-damage|p1a: Araquanid|1/100
|-hitcount|p1a: Araquanid|4
|
|upkeep
|turn|3
|-enditem|p1a: Araquanid|Custap Berry|[eat]
|-activate|p1a: Araquanid|item: Custap Berry|[consumed]
|
|t:|1779903888
|switch|p2a: Gholdengo|Gholdengo|100/100
|-item|p2a: Gholdengo|Air Balloon
|move|p1a: Araquanid|Endeavor|p2a: Gholdengo
|-immune|p2a: Gholdengo
|
|upkeep
|turn|4
|
|t:|1779903904
|move|p2a: Gholdengo|Shadow Ball|p1a: Araquanid
|-damage|p1a: Araquanid|0 fnt
|faint|p1a: Araquanid
|
|upkeep
|
|t:|1779903913
|switch|p1a: Iron Treads|Iron Treads|100/100
|-enditem|p1a: Iron Treads|Booster Energy
|-activate|p1a: Iron Treads|ability: Quark Drive|[fromitem]
|-start|p1a: Iron Treads|quarkdriveatk
|turn|5
|
|t:|1779903921
|move|p1a: Iron Treads|Ice Spinner|p2a: Gholdengo
|-resisted|p2a: Gholdengo
|-damage|p2a: Gholdengo|87/100
|-enditem|p2a: Gholdengo|Air Balloon
|move|p2a: Gholdengo|Shadow Ball|p1a: Iron Treads
|-damage|p1a: Iron Treads|51/100
|
|upkeep
|turn|6
|
|t:|1779903935
|move|p1a: Iron Treads|Ice Spinner|p2a: Gholdengo
|-resisted|p2a: Gholdengo
|-damage|p2a: Gholdengo|75/100
|move|p2a: Gholdengo|Shadow Ball|p1a: Iron Treads
|-damage|p1a: Iron Treads|4/100
|
|upkeep
|turn|7
|
|t:|1779903946
|move|p1a: Iron Treads|Earthquake|p2a: Gholdengo
|-supereffective|p2a: Gholdengo
|-damage|p2a: Gholdengo|0 fnt
|faint|p2a: Gholdengo
|
|upkeep
|
|t:|1779903954
|switch|p2a: Great Tusk|Great Tusk|100/100
|-activate|p2a: Great Tusk|move: Sticky Web
|-unboost|p2a: Great Tusk|spe|1
|-enditem|p2a: Great Tusk|Booster Energy
|-activate|p2a: Great Tusk|ability: Protosynthesis|[fromitem]
|-start|p2a: Great Tusk|protosynthesisatk
|turn|8
|
|t:|1779903962
|-end|p1a: Iron Treads|Quark Drive|[silent]
|switch|p1a: Gholdengo|Gholdengo|100/100
|-item|p1a: Gholdengo|Air Balloon
|move|p2a: Great Tusk|Rapid Spin|p1a: Gholdengo
|-immune|p1a: Gholdengo
|
|upkeep
|turn|9
|
|t:|1779903968
|move|p1a: Gholdengo|Dazzling Gleam|p2a: Great Tusk
|-supereffective|p2a: Great Tusk
|-damage|p2a: Great Tusk|0 fnt
|faint|p2a: Great Tusk
|-end|p2a: Great Tusk|Protosynthesis|[silent]
|
|upkeep
|
|t:|1779903972
|switch|p2a: Ribombee|Ribombee, F, shiny|100/100
|-activate|p2a: Ribombee|move: Sticky Web
|-unboost|p2a: Ribombee|spe|1
|turn|10
|
|t:|1779903977
|move|p1a: Gholdengo|Shadow Ball|p2a: Ribombee
|-damage|p2a: Ribombee|14/100
|move|p2a: Ribombee|Sticky Web|p1a: Gholdengo
|-sidestart|p1: zokua|move: Sticky Web
|
|upkeep
|turn|11
|
|t:|1779903984
|move|p1a: Gholdengo|Shadow Ball|p2a: Ribombee
|-crit|p2a: Ribombee
|-damage|p2a: Ribombee|0 fnt
|faint|p2a: Ribombee
|
|upkeep
|
|t:|1779903989
|switch|p2a: Iron Moth|Iron Moth|100/100
|-activate|p2a: Iron Moth|move: Sticky Web
|-unboost|p2a: Iron Moth|spe|1
|-enditem|p2a: Iron Moth|Booster Energy
|-activate|p2a: Iron Moth|ability: Quark Drive|[fromitem]
|-start|p2a: Iron Moth|quarkdrivespa
|turn|12
|inactive|zokua has 120 seconds left.
|
|t:|1779904020
|move|p1a: Gholdengo|Psyshock|p2a: Iron Moth
|-supereffective|p2a: Iron Moth
|-damage|p2a: Iron Moth|0 fnt
|faint|p2a: Iron Moth
|-end|p2a: Iron Moth|Quark Drive|[silent]
|
|upkeep
|
|t:|1779904025
|switch|p2a: Walking Wake|Walking Wake|100/100
|-activate|p2a: Walking Wake|move: Sticky Web
|-unboost|p2a: Walking Wake|spe|1
|-enditem|p2a: Walking Wake|Booster Energy
|-activate|p2a: Walking Wake|ability: Protosynthesis|[fromitem]
|-start|p2a: Walking Wake|protosynthesisspa
|turn|13
|
|t:|1779904031
|-terastallize|p1a: Gholdengo|Fairy
|move|p1a: Gholdengo|Dazzling Gleam|p2a: Walking Wake
|-supereffective|p2a: Walking Wake
|-damage|p2a: Walking Wake|0 fnt
|faint|p2a: Walking Wake
|-end|p2a: Walking Wake|Protosynthesis|[silent]
|
|upkeep
|
|t:|1779904038
|switch|p2a: Torterra|Torterra, M|100/100
|-activate|p2a: Torterra|move: Sticky Web
|-unboost|p2a: Torterra|spe|1
|turn|14
|
|t:|1779904044
|-terastallize|p2a: Torterra|Steel
|move|p1a: Gholdengo|Dazzling Gleam|p2a: Torterra
|-resisted|p2a: Torterra
|-damage|p2a: Torterra|73/100
|move|p2a: Torterra|Shell Smash|p2a: Torterra
|-unboost|p2a: Torterra|def|1
|-unboost|p2a: Torterra|spd|1
|-boost|p2a: Torterra|atk|2
|-boost|p2a: Torterra|spa|2
|-boost|p2a: Torterra|spe|2
|
|upkeep
|turn|15
|
|t:|1779904056
|move|p2a: Torterra|Bullet Seed|p1a: Gholdengo
|-damage|p1a: Gholdengo|72/100
|-enditem|p1a: Gholdengo|Air Balloon
|-damage|p1a: Gholdengo|43/100
|-crit|p1a: Gholdengo
|-damage|p1a: Gholdengo|1/100
|-damage|p1a: Gholdengo|0 fnt
|faint|p1a: Gholdengo
|-hitcount|p1: Gholdengo|4
|
|upkeep
|c|☆zokua|thanks
|
|t:|1779904061
|switch|p1a: Raging Bolt|Raging Bolt|100/100
|-activate|p1a: Raging Bolt|move: Sticky Web
|-unboost|p1a: Raging Bolt|spe|1
|-enditem|p1a: Raging Bolt|Booster Energy
|-activate|p1a: Raging Bolt|ability: Protosynthesis|[fromitem]
|-start|p1a: Raging Bolt|protosynthesisspa
|turn|16
|
|t:|1779904069
|move|p1a: Raging Bolt|Thunderclap|p2a: Torterra
|-damage|p2a: Torterra|0 fnt
|faint|p2a: Torterra
|
|win|zokua
|raw|zokua's rating: 1354 &rarr; <strong>1376</strong><br />(+22 for winning)
|raw|never mix's rating: 1397 &rarr; <strong>1375</strong><br />(-22 for losing)
|l|☆zokua
|player|p1|
|l|☆never mix
|player|p2|
