|j|☆YoSoyDelBronx
|j|☆pondwaterone
|t:|1779892076
|gametype|singles
|player|p1|YoSoyDelBronx|noland|1216
|player|p2|pondwaterone|169|1199
|gen|9
|tier|[Gen 9] OU
|rated|
|rule|HP Percentage Mod: HP is shown in percentages
|rule|Endless Battle Clause: Forcing endless battles is banned
|rule|Species Clause: Limit one of each Pokémon
|rule|OHKO Clause: OHKO moves are banned
|rule|Evasion Items Clause: Evasion items are banned
|rule|Evasion Moves Clause: Evasion moves are banned
|rule|Evasion Abilities Clause: Evasion abilities are banned
|rule|Sleep Moves Clause: Sleep-inducing moves are banned
|clearpoke
|poke|p1|Corviknight, M|
|poke|p1|Cinderace, M|
|poke|p1|Porygon-Z|
|poke|p1|Zamazenta-*|
|poke|p1|Ogerpon-Wellspring, F|
|poke|p1|Golem-Alola, M|
|poke|p2|Skarmory, M|
|poke|p2|Slowking-Galar, M|
|poke|p2|Cobalion|
|poke|p2|Tyranitar, M|
|poke|p2|Dragapult, M|
|poke|p2|Blaziken, M|
|teampreview
|
|t:|1779892086
|teamsize|p1|6
|teamsize|p2|6
|start
|switch|p1a: Hustle Hard|Golem-Alola, M, shiny|100/100
|switch|p2a: Blaze Chicken|Blaziken, M|100/100
|turn|1
|
|t:|1779892093
|-terastallize|p1a: Hustle Hard|Electric
|move|p2a: Blaze Chicken|Bulk Up|p2a: Blaze Chicken
|-boost|p2a: Blaze Chicken|atk|1
|-boost|p2a: Blaze Chicken|def|1
|move|p1a: Hustle Hard|Supercell Slam|p2a: Blaze Chicken
|-damage|p2a: Blaze Chicken|0 fnt
|faint|p2a: Blaze Chicken
|
|upkeep
|
|t:|1779892104
|switch|p2a: Kobe Lion|Cobalion|100/100
|turn|2
|
|t:|1779892109
|move|p2a: Kobe Lion|Iron Defense|p2a: Kobe Lion
|-boost|p2a: Kobe Lion|def|2
|move|p1a: Hustle Hard|Supercell Slam|p2a: Kobe Lion
|-damage|p2a: Kobe Lion|67/100
|
|-heal|p2a: Kobe Lion|73/100|[from] item: Leftovers
|upkeep
|turn|3
|
|t:|1779892117
|switch|p1a: Zamazenta|Zamazenta|100/100
|-ability|p1a: Zamazenta|Dauntless Shield|boost
|-boost|p1a: Zamazenta|def|1
|move|p2a: Kobe Lion|Iron Defense|p2a: Kobe Lion
|-boost|p2a: Kobe Lion|def|2
|
|-heal|p2a: Kobe Lion|79/100|[from] item: Leftovers
|upkeep
|turn|4
|
|t:|1779892126
|move|p1a: Zamazenta|Iron Defense|p1a: Zamazenta
|-boost|p1a: Zamazenta|def|2
|move|p2a: Kobe Lion|Body Press|p1a: Zamazenta
|-damage|p1a: Zamazenta|58/100
|
|-heal|p1a: Zamazenta|64/100|[from] item: Leftovers
|-heal|p2a: Kobe Lion|86/100|[from] item: Leftovers
|upkeep
|turn|5
|
|t:|1779892134
|move|p1a: Zamazenta|Body Press|p2a: Kobe Lion
|-supereffective|p2a: Kobe Lion
|-damage|p2a: Kobe Lion|48/100
|move|p2a: Kobe Lion|Body Press|p1a: Zamazenta
|-damage|p1a: Zamazenta|22/100
|
|-heal|p1a: Zamazenta|28/100|[from] item: Leftovers
|-heal|p2a: Kobe Lion|55/100|[from] item: Leftovers
|upkeep
|turn|6
|
|t:|1779892143
|move|p1a: Zamazenta|Body Press|p2a: Kobe Lion
|-supereffective|p2a: Kobe Lion
|-damage|p2a: Kobe Lion|18/100
|move|p2a: Kobe Lion|Iron Defense|p2a: Kobe Lion
|-boost|p2a: Kobe Lion|def|2
|
|-heal|p1a: Zamazenta|35/100|[from] item: Leftovers
|-heal|p2a: Kobe Lion|24/100|[from] item: Leftovers
|upkeep
|turn|7
|
|t:|1779892151
|move|p1a: Zamazenta|Body Press|p2a: Kobe Lion
|-supereffective|p2a: Kobe Lion
|-damage|p2a: Kobe Lion|0 fnt
|faint|p2a: Kobe Lion
|
|-heal|p1a: Zamazenta|41/100|[from] item: Leftovers
|upkeep
|-message|pondwaterone forfeited.
|
|win|YoSoyDelBronx
|raw|YoSoyDelBronx's rating: 1216 &rarr; <strong>1240</strong><br />(+24 for winning)
|raw|pondwaterone's rating: 1199 &rarr; <strong>1175</strong><br />(-24 for losing)
|l|☆pondwaterone
|player|p2|
