|j|☆owlwaystired
|j|☆karothis
|t:|1779945144
|gametype|singles
|player|p1|owlwaystired|2|1438
|player|p2|karothis|266|1382
|gen|9
|tier|[Gen 9] OU
|rated|
|rule|HP Percentage Mod: HP is shown in percentages
|rule|Endless Battle Clause: Forcing endless battles is banned
|rule|Species Clause: Limit one of each Pokémon
|rule|OHKO Clause: OHKO moves are banned
|rule|Evasion Items Clause: Evasion items are banned
|rule|Evasion Moves Clause: Evasion moves are banned
|rule|Evasion Abilities Clause: Evasion abilities are banned
|rule|Sleep Moves Clause: Sleep-inducing moves are banned
|clearpoke
|poke|p1|Primarina, M|
|poke|p1|Grimmsnarl, M|
|poke|p1|Lokix, M|
|poke|p1|Walking Wake|
|poke|p1|Kingambit, M|
|poke|p1|Iron Moth|
|poke|p2|Quagsire, F|
|poke|p2|Toxapex, F|
|poke|p2|Blissey, F|
|poke|p2|Corviknight, M|
|poke|p2|Clefable, F|
|poke|p2|Hydrapple, F|
|teampreview
|inactive|Battle timer is ON: inactive players will automatically lose when time's up. (requested by owlwaystired)
|
|t:|1779945175
|teamsize|p1|6
|teamsize|p2|6
|start
|switch|p1a: Iron Moth|Iron Moth|100/100
|switch|p2a: Hydrapple|Hydrapple, F|100/100
|-enditem|p1a: Iron Moth|Booster Energy
|-activate|p1a: Iron Moth|ability: Quark Drive|[fromitem]
|-start|p1a: Iron Moth|quarkdrivespa
|turn|1
|
|t:|1779945184
|-terastallize|p2a: Hydrapple|Steel
|move|p1a: Iron Moth|Sludge Wave|p2a: Hydrapple
|-immune|p2a: Hydrapple
|move|p2a: Hydrapple|Earth Power|p1a: Iron Moth
|-supereffective|p1a: Iron Moth
|-damage|p1a: Iron Moth|0 fnt
|faint|p1a: Iron Moth
|-end|p1a: Iron Moth|Quark Drive|[silent]
|
|upkeep
|
|t:|1779945209
|switch|p1a: Grimmsnarl|Grimmsnarl, M|100/100
|turn|2
|
|t:|1779945216
|switch|p2a: Clefable|Clefable, F|100/100
|move|p1a: Grimmsnarl|Drain Punch|p2a: Clefable
|-resisted|p2a: Clefable
|-damage|p2a: Clefable|88/100
|
|-heal|p2a: Clefable|94/100|[from] item: Leftovers
|upkeep
|turn|3
|
|t:|1779945225
|move|p1a: Grimmsnarl|Thunder Wave|p2a: Clefable
|-status|p2a: Clefable|par
|move|p2a: Clefable|Moonblast|p1a: Grimmsnarl
|-supereffective|p1a: Grimmsnarl
|-damage|p1a: Grimmsnarl|29/100
|
|-heal|p1a: Grimmsnarl|35/100|[from] item: Leftovers
|-heal|p2a: Clefable|99/100 par|[from] item: Leftovers
|upkeep
|turn|4
|
|t:|1779945236
|switch|p1a: Primarina|Primarina, M|100/100
|cant|p2a: Clefable|par
|
|-heal|p2a: Clefable|100/100 par|[from] item: Leftovers
|upkeep
|turn|5
|
|t:|1779945243
|move|p1a: Primarina|Sparkling Aria|p2a: Clefable
|-damage|p2a: Clefable|54/100 par
|move|p2a: Clefable|Calm Mind|p2a: Clefable
|-boost|p2a: Clefable|spa|1
|-boost|p2a: Clefable|spd|1
|
|-heal|p2a: Clefable|60/100 par|[from] item: Leftovers
|upkeep
|turn|6
|
|t:|1779945248
|move|p1a: Primarina|Sparkling Aria|p2a: Clefable
|-damage|p2a: Clefable|23/100 par
|move|p2a: Clefable|Moonlight|p2a: Clefable
|-heal|p2a: Clefable|73/100 par
|
|-heal|p2a: Clefable|79/100 par|[from] item: Leftovers
|upkeep
|turn|7
|
|t:|1779945257
|move|p1a: Primarina|Sparkling Aria|p2a: Clefable
|-damage|p2a: Clefable|48/100 par
|move|p2a: Clefable|Moonlight|p2a: Clefable
|-heal|p2a: Clefable|98/100 par
|
|-heal|p2a: Clefable|100/100 par|[from] item: Leftovers
|upkeep
|turn|8
|
|t:|1779945264
|switch|p1a: Kingambit|Kingambit, M|100/100
|-activate|p1a: Kingambit|ability: Supreme Overlord
|-start|p1a: Kingambit|fallen1|[silent]
|switch|p2a: Blissey|Blissey, F|100/100
|
|upkeep
|turn|9
|
|t:|1779945272
|switch|p2a: Hydrapple|Hydrapple, F, tera:Steel|100/100
|move|p1a: Kingambit|Swords Dance|p1a: Kingambit
|-boost|p1a: Kingambit|atk|2
|
|upkeep
|turn|10
|
|t:|1779945278
|move|p1a: Kingambit|Night Slash|p2a: Hydrapple
|-damage|p2a: Hydrapple|23/100
|move|p2a: Hydrapple|Earth Power|p1a: Kingambit
|-supereffective|p1a: Kingambit
|-damage|p1a: Kingambit|5/100
|
|upkeep
|turn|11
|
|t:|1779945288
|switch|p2a: Quagsire|Quagsire, F|100/100
|move|p1a: Kingambit|Night Slash|p2a: Quagsire
|-damage|p2a: Quagsire|56/100
|
|upkeep
|turn|12
|
|t:|1779945303
|move|p1a: Kingambit|Night Slash|p2a: Quagsire
|-damage|p2a: Quagsire|12/100
|move|p2a: Quagsire|Recover|p2a: Quagsire
|-heal|p2a: Quagsire|62/100
|
|upkeep
|turn|13
|inactive|karothis has 120 seconds left.
|
|t:|1779945347
|move|p1a: Kingambit|Night Slash|p2a: Quagsire
|-damage|p2a: Quagsire|22/100
|move|p2a: Quagsire|Recover|p2a: Quagsire
|-heal|p2a: Quagsire|72/100
|
|upkeep
|turn|14
|
|t:|1779945354
|move|p1a: Kingambit|Night Slash|p2a: Quagsire
|-crit|p2a: Quagsire
|-damage|p2a: Quagsire|12/100
|move|p2a: Quagsire|Recover|p2a: Quagsire
|-heal|p2a: Quagsire|62/100
|
|upkeep
|turn|15
|
|t:|1779945363
|move|p1a: Kingambit|Night Slash|p2a: Quagsire
|-damage|p2a: Quagsire|17/100
|move|p2a: Quagsire|Recover|p2a: Quagsire
|-heal|p2a: Quagsire|67/100
|
|upkeep
|turn|16
|
|t:|1779945369
|move|p1a: Kingambit|Night Slash|p2a: Quagsire
|-damage|p2a: Quagsire|21/100
|move|p2a: Quagsire|Recover|p2a: Quagsire
|-heal|p2a: Quagsire|71/100
|
|upkeep
|turn|17
|
|t:|1779945374
|move|p1a: Kingambit|Night Slash|p2a: Quagsire
|-damage|p2a: Quagsire|30/100
|move|p2a: Quagsire|Recover|p2a: Quagsire
|-heal|p2a: Quagsire|80/100
|
|upkeep
|turn|18
|
|t:|1779945390
|move|p1a: Kingambit|Iron Head|p2a: Quagsire
|-resisted|p2a: Quagsire
|-damage|p2a: Quagsire|60/100
|move|p2a: Quagsire|Earthquake|p1a: Kingambit
|-supereffective|p1a: Kingambit
|-damage|p1a: Kingambit|0 fnt
|faint|p1a: Kingambit
|-end|p1a: Kingambit|fallen1|[silent]
|
|upkeep
|
|t:|1779945402
|switch|p1a: Primarina|Primarina, M|100/100
|turn|19
|
|t:|1779945411
|switch|p2a: Blissey|Blissey, F|100/100
|move|p1a: Primarina|Energy Ball|p2a: Blissey
|-damage|p2a: Blissey|89/100
|-enditem|p2a: Blissey|Red Card|[of] p1a: Primarina
|drag|p1a: Walking Wake|Walking Wake|100/100
|-enditem|p1a: Walking Wake|Booster Energy
|-activate|p1a: Walking Wake|ability: Protosynthesis|[fromitem]
|-start|p1a: Walking Wake|protosynthesisatk
|
|upkeep
|turn|20
|
|t:|1779945430
|move|p1a: Walking Wake|Dragon Dance|p1a: Walking Wake
|-boost|p1a: Walking Wake|atk|1
|-boost|p1a: Walking Wake|spe|1
|move|p2a: Blissey|Heal Bell|p2a: Blissey
|-activate|p2a: Blissey|move: Heal Bell
|-curestatus|p2: Clefable|par|[msg]
|
|upkeep
|turn|21
|
|t:|1779945445
|switch|p2a: Clefable|Clefable, F|100/100
|move|p1a: Walking Wake|Dragon Claw|p2a: Clefable
|-immune|p2a: Clefable
|
|upkeep
|turn|22
|
|t:|1779945452
|-terastallize|p1a: Walking Wake|Water
|move|p1a: Walking Wake|Liquidation|p2a: Clefable
|-damage|p2a: Clefable|40/100
|move|p2a: Clefable|Moonblast|p1a: Walking Wake
|-damage|p1a: Walking Wake|69/100
|
|-heal|p2a: Clefable|46/100|[from] item: Leftovers
|upkeep
|turn|23
|
|t:|1779945459
|switch|p2a: Toxapex|Toxapex, F|100/100
|move|p1a: Walking Wake|Liquidation|p2a: Toxapex
|-resisted|p2a: Toxapex
|-damage|p2a: Toxapex|68/100
|-unboost|p2a: Toxapex|def|1
|
|-heal|p2a: Toxapex|74/100|[from] item: Black Sludge
|upkeep
|turn|24
|
|t:|1779945467
|move|p1a: Walking Wake|Dragon Claw|p2a: Toxapex
|-damage|p2a: Toxapex|3/100
|move|p2a: Toxapex|Toxic|p1a: Walking Wake
|-status|p1a: Walking Wake|tox
|
|-heal|p2a: Toxapex|9/100|[from] item: Black Sludge
|-damage|p1a: Walking Wake|63/100 tox|[from] psn
|upkeep
|turn|25
|
|t:|1779945473
|switch|p2a: Corviknight|Corviknight, M|100/100
|move|p1a: Walking Wake|Liquidation|p2a: Corviknight
|-damage|p2a: Corviknight|35/100
|
|-damage|p1a: Walking Wake|51/100 tox|[from] psn
|upkeep
|turn|26
|
|t:|1779945480
|switch|p2a: Toxapex|Toxapex, F|43/100
|move|p1a: Walking Wake|Dragon Claw|p2a: Toxapex
|-damage|p2a: Toxapex|0 fnt
|faint|p2a: Toxapex
|
|-damage|p1a: Walking Wake|32/100 tox|[from] psn
|upkeep
|
|t:|1779945483
|switch|p2a: Quagsire|Quagsire, F|60/100
|turn|27
|
|t:|1779945488
|move|p1a: Walking Wake|Facade|p2a: Quagsire
|-damage|p2a: Quagsire|19/100
|move|p2a: Quagsire|Recover|p2a: Quagsire
|-heal|p2a: Quagsire|69/100
|
|-damage|p1a: Walking Wake|7/100 tox|[from] psn
|upkeep
|turn|28
|
|t:|1779945496
|move|p1a: Walking Wake|Facade|p2a: Quagsire
|-damage|p2a: Quagsire|31/100
|move|p2a: Quagsire|Recover|p2a: Quagsire
|-heal|p2a: Quagsire|81/100
|
|-damage|p1a: Walking Wake|0 fnt|[from] psn
|faint|p1a: Walking Wake
|-end|p1a: Walking Wake|Protosynthesis|[silent]
|upkeep
|
|t:|1779945516
|switch|p1a: Primarina|Primarina, M|100/100
|turn|29
|
|t:|1779945520
|move|p1a: Primarina|Sparkling Aria|p2a: Quagsire
|-damage|p2a: Quagsire|16/100
|move|p2a: Quagsire|Toxic|p1a: Primarina|[miss]
|-miss|p2a: Quagsire|p1a: Primarina
|
|upkeep
|turn|30
|
|t:|1779945526
|move|p1a: Primarina|Sparkling Aria|p2a: Quagsire
|-damage|p2a: Quagsire|0 fnt
|faint|p2a: Quagsire
|
|upkeep
|
|t:|1779945527
|switch|p2a: Hydrapple|Hydrapple, F, tera:Steel|56/100
|turn|31
|
|t:|1779945531
|move|p1a: Primarina|Sparkling Aria|p2a: Hydrapple
|-damage|p2a: Hydrapple|0 fnt
|faint|p2a: Hydrapple
|
|upkeep
|
|t:|1779945536
|switch|p2a: Blissey|Blissey, F|89/100
|turn|32
|
|t:|1779945540
|switch|p1a: Grimmsnarl|Grimmsnarl, M|35/100
|move|p2a: Blissey|Seismic Toss|p1a: Grimmsnarl
|-damage|p1a: Grimmsnarl|10/100
|
|-heal|p1a: Grimmsnarl|16/100|[from] item: Leftovers
|upkeep
|turn|33
|
|t:|1779945549
|switch|p2a: Corviknight|Corviknight, M|35/100
|move|p1a: Grimmsnarl|Drain Punch|p2a: Corviknight
|-damage|p2a: Corviknight|17/100
|-heal|p1a: Grimmsnarl|25/100|[from] drain|[of] p2a: Corviknight
|
|-heal|p1a: Grimmsnarl|31/100|[from] item: Leftovers
|upkeep
|turn|34
|
|t:|1779945556
|move|p1a: Grimmsnarl|Sucker Punch|p2a: Corviknight
|-damage|p2a: Corviknight|0 fnt
|faint|p2a: Corviknight
|
|-heal|p1a: Grimmsnarl|37/100|[from] item: Leftovers
|upkeep
|
|t:|1779945559
|switch|p2a: Clefable|Clefable, F|46/100
|turn|35
|
|t:|1779945568
|move|p1a: Grimmsnarl|Stomping Tantrum|p2a: Clefable
|-damage|p2a: Clefable|21/100
|move|p2a: Clefable|Moonlight|p2a: Clefable
|-heal|p2a: Clefable|71/100
|
|-heal|p1a: Grimmsnarl|43/100|[from] item: Leftovers
|-heal|p2a: Clefable|77/100|[from] item: Leftovers
|upkeep
|turn|36
|
|t:|1779945574
|move|p1a: Grimmsnarl|Thunder Wave|p2a: Clefable
|-status|p2a: Clefable|par
|move|p2a: Clefable|Calm Mind|p2a: Clefable
|-boost|p2a: Clefable|spa|1
|-boost|p2a: Clefable|spd|1
|
|-heal|p1a: Grimmsnarl|49/100|[from] item: Leftovers
|-heal|p2a: Clefable|83/100 par|[from] item: Leftovers
|upkeep
|turn|37
|
|t:|1779945579
|move|p1a: Grimmsnarl|Drain Punch|p2a: Clefable
|-resisted|p2a: Clefable
|-crit|p2a: Clefable
|-damage|p2a: Clefable|65/100 par
|-heal|p1a: Grimmsnarl|58/100|[from] drain|[of] p2a: Clefable
|move|p2a: Clefable|Calm Mind|p2a: Clefable
|-boost|p2a: Clefable|spa|1
|-boost|p2a: Clefable|spd|1
|
|-heal|p1a: Grimmsnarl|64/100|[from] item: Leftovers
|-heal|p2a: Clefable|71/100 par|[from] item: Leftovers
|upkeep
|turn|38
|
|t:|1779945586
|move|p1a: Grimmsnarl|Stomping Tantrum|p2a: Clefable
|-damage|p2a: Clefable|44/100 par
|move|p2a: Clefable|Moonlight|p2a: Clefable
|-heal|p2a: Clefable|94/100 par
|
|-heal|p1a: Grimmsnarl|70/100|[from] item: Leftovers
|-heal|p2a: Clefable|99/100 par|[from] item: Leftovers
|upkeep
|turn|39
|
|t:|1779945591
|move|p1a: Grimmsnarl|Sucker Punch||[still]
|-fail|p1a: Grimmsnarl
|move|p2a: Clefable|Calm Mind|p2a: Clefable
|-boost|p2a: Clefable|spa|1
|-boost|p2a: Clefable|spd|1
|
|-heal|p1a: Grimmsnarl|76/100|[from] item: Leftovers
|-heal|p2a: Clefable|100/100 par|[from] item: Leftovers
|upkeep
|turn|40
|
|t:|1779945596
|move|p1a: Grimmsnarl|Stomping Tantrum|p2a: Clefable
|-damage|p2a: Clefable|43/100 par
|move|p2a: Clefable|Moonblast|p1a: Grimmsnarl
|-supereffective|p1a: Grimmsnarl
|-damage|p1a: Grimmsnarl|0 fnt
|faint|p1a: Grimmsnarl
|
|-heal|p2a: Clefable|49/100 par|[from] item: Leftovers
|upkeep
|
|t:|1779945607
|switch|p1a: Primarina|Primarina, M|100/100
|turn|41
|
|t:|1779945616
|move|p1a: Primarina|Aqua Jet|p2a: Clefable
|-damage|p2a: Clefable|36/100 par
|move|p2a: Clefable|Moonlight|p2a: Clefable
|-heal|p2a: Clefable|86/100 par
|
|-heal|p2a: Clefable|92/100 par|[from] item: Leftovers
|upkeep
|turn|42
|
|t:|1779945626
|move|p1a: Primarina|Moonblast|p2a: Clefable
|-damage|p2a: Clefable|73/100 par
|cant|p2a: Clefable|par
|
|-heal|p2a: Clefable|79/100 par|[from] item: Leftovers
|upkeep
|turn|43
|
|t:|1779945630
|move|p1a: Primarina|Moonblast|p2a: Clefable
|-damage|p2a: Clefable|62/100 par
|move|p2a: Clefable|Moonlight|p2a: Clefable
|-heal|p2a: Clefable|100/100 par
|
|upkeep
|turn|44
|
|t:|1779945632
|move|p1a: Primarina|Moonblast|p2a: Clefable
|-damage|p2a: Clefable|82/100 par
|move|p2a: Clefable|Moonblast|p1a: Primarina
|-damage|p1a: Primarina|32/100
|
|-heal|p2a: Clefable|88/100 par|[from] item: Leftovers
|upkeep
|turn|45
|
|t:|1779945637
|move|p1a: Primarina|Moonblast|p2a: Clefable
|-damage|p2a: Clefable|69/100 par
|move|p2a: Clefable|Moonlight|p2a: Clefable
|-heal|p2a: Clefable|100/100 par
|
|upkeep
|turn|46
|
|t:|1779945639
|move|p1a: Primarina|Moonblast|p2a: Clefable
|-damage|p2a: Clefable|83/100 par
|move|p2a: Clefable|Moonblast|p1a: Primarina
|-damage|p1a: Primarina|0 fnt
|faint|p1a: Primarina
|
|-heal|p2a: Clefable|89/100 par|[from] item: Leftovers
|upkeep
|
|t:|1779945642
|switch|p1a: Lokix|Lokix, M|100/100
|turn|47
|
|t:|1779945655
|move|p1a: Lokix|Leech Life|p2a: Clefable
|-resisted|p2a: Clefable
|-damage|p2a: Clefable|45/100 par
|move|p2a: Clefable|Moonblast|p1a: Lokix
|-supereffective|p1a: Lokix
|-damage|p1a: Lokix|0 fnt
|faint|p1a: Lokix
|
|win|karothis
|raw|owlwaystired's rating: 1438 &rarr; <strong>1415</strong><br />(-23 for losing)
|raw|karothis's rating: 1382 &rarr; <strong>1405</strong><br />(+23 for winning)
|l|☆owlwaystired
|player|p1|
|l|☆karothis
|player|p2|
