|j|☆pokemon prefect
|j|‽Yujiro-Jamon
|t:|1779943580
|gametype|singles
|player|p1|pokemon prefect|265|1315
|player|p2|Yujiro-Jamon|101|1360
|gen|9
|tier|[Gen 9] OU
|rated|
|rule|HP Percentage Mod: HP is shown in percentages
|rule|Endless Battle Clause: Forcing endless battles is banned
|rule|Species Clause: Limit one of each Pokémon
|rule|OHKO Clause: OHKO moves are banned
|rule|Evasion Items Clause: Evasion items are banned
|rule|Evasion Moves Clause: Evasion moves are banned
|rule|Evasion Abilities Clause: Evasion abilities are banned
|rule|Sleep Moves Clause: Sleep-inducing moves are banned
|clearpoke
|poke|p1|Corviknight, F|
|poke|p1|Kyurem|
|poke|p1|Gardevoir, M|
|poke|p1|Lokix, M|
|poke|p1|Slowking-Galar, F|
|poke|p1|Great Tusk|
|poke|p2|Blaziken, M|
|poke|p2|Conkeldurr, M|
|poke|p2|Corviknight, F|
|poke|p2|Zapdos|
|poke|p2|Landorus-Therian, M|
|poke|p2|Clefable, M|
|teampreview
|
|t:|1779943585
|teamsize|p1|6
|teamsize|p2|6
|start
|switch|p1a: Lokix|Lokix, M|100/100
|switch|p2a: Conkeldurr|Conkeldurr, M|100/100
|turn|1
|inactive|Battle timer is ON: inactive players will automatically lose when time's up. (requested by pokemon prefect)
|
|t:|1779943603
|-terastallize|p1a: Lokix|Bug
|move|p1a: Lokix|Knock Off|p2a: Conkeldurr
|-resisted|p2a: Conkeldurr
|-damage|p2a: Conkeldurr|50/100
|-enditem|p2a: Conkeldurr|Assault Vest|[from] move: Knock Off|[of] p1a: Lokix
|move|p2a: Conkeldurr|Drain Punch|p1a: Lokix
|-resisted|p1a: Lokix
|-damage|p1a: Lokix|64/100
|-heal|p2a: Conkeldurr|62/100|[from] drain|[of] p1a: Lokix
|
|upkeep
|turn|2
|
|t:|1779943627
|switch|p1a: Corviknight|Corviknight, F|100/100
|move|p2a: Conkeldurr|Knock Off|p1a: Corviknight
|-damage|p1a: Corviknight|78/100
|-damage|p2a: Conkeldurr|46/100|[from] item: Rocky Helmet|[of] p1a: Corviknight
|-enditem|p1a: Corviknight|Rocky Helmet|[from] move: Knock Off|[of] p2a: Conkeldurr
|
|upkeep
|turn|3
|
|t:|1779943635
|move|p2a: Conkeldurr|Drain Punch|p1a: Corviknight
|-crit|p1a: Corviknight
|-damage|p1a: Corviknight|41/100
|-heal|p2a: Conkeldurr|64/100|[from] drain|[of] p1a: Corviknight
|move|p1a: Corviknight|U-turn|p2a: Conkeldurr
|-resisted|p2a: Conkeldurr
|-damage|p2a: Conkeldurr|58/100
|
|t:|1779943645
|switch|p1a: Gardevoir|Gardevoir, M|100/100|[from] U-turn
|-ability|p1a: Gardevoir|Guts|Trace|[from] ability: Trace|[of] p2a: Conkeldurr
|
|upkeep
|turn|4
|
|t:|1779943653
|switch|p2a: Corviknight|Corviknight, F|100/100
|-ability|p2a: Corviknight|Pressure
|move|p1a: Gardevoir|Psychic Noise|p2a: Corviknight
|-resisted|p2a: Corviknight
|-damage|p2a: Corviknight|80/100
|-start|p2a: Corviknight|move: Heal Block
|
|upkeep
|turn|5
|
|t:|1779943664
|switch|p1a: Corviknight|Corviknight, F|41/100
|move|p2a: Corviknight|Iron Head|p1a: Corviknight
|-resisted|p1a: Corviknight
|-damage|p1a: Corviknight|33/100
|
|-end|p2a: Corviknight|move: Heal Block
|upkeep
|turn|6
|
|t:|1779943673
|move|p2a: Corviknight|Taunt|p1a: Corviknight
|-start|p1a: Corviknight|move: Taunt
|move|p1a: Corviknight|U-turn|p2a: Corviknight
|-resisted|p2a: Corviknight
|-damage|p2a: Corviknight|78/100
|-damage|p1a: Corviknight|17/100|[from] item: Rocky Helmet|[of] p2a: Corviknight
|
|t:|1779943690
|switch|p1a: Slowking|Slowking-Galar, F|100/100|[from] U-turn
|
|upkeep
|turn|7
|
|t:|1779943703
|switch|p2a: Landorus|Landorus-Therian, M|100/100
|-ability|p2a: Landorus|Intimidate|boost
|-unboost|p1a: Slowking|atk|1
|move|p1a: Slowking|Future Sight|p2a: Landorus
|-start|p1a: Slowking|move: Future Sight
|
|upkeep
|turn|8
|l|☆pokemon prefect
|inactive|pokemon prefect disconnected and has a minute to reconnect!
|player|p1|
|inactive|pokemon prefect has 30 seconds to reconnect!
|inactive|pokemon prefect has 20 seconds to reconnect!
|inactive|pokemon prefect has 15 seconds to reconnect!
|inactive|pokemon prefect has 10 seconds to reconnect!
|inactive|pokemon prefect has 5 seconds to reconnect!
|-message|pokemon prefect lost due to inactivity.
|
|win|Yujiro-Jamon
|raw|pokemon prefect's rating: 1315 &rarr; <strong>1298</strong><br />(-17 for losing)
|raw|Yujiro-Jamon's rating: 1360 &rarr; <strong>1377</strong><br />(+17 for winning)
|l|‽Yujiro-Jamon
|player|p2|
