|j|‽Leap Call
|j|☆claudechamp
|t:|1779882739
|gametype|singles
|player|p1|Leap Call|2|1399
|player|p2|claudechamp|169|1376
|gen|9
|tier|[Gen 9] OU
|rated|
|rule|HP Percentage Mod: HP is shown in percentages
|rule|Endless Battle Clause: Forcing endless battles is banned
|rule|Species Clause: Limit one of each Pokémon
|rule|OHKO Clause: OHKO moves are banned
|rule|Evasion Items Clause: Evasion items are banned
|rule|Evasion Moves Clause: Evasion moves are banned
|rule|Evasion Abilities Clause: Evasion abilities are banned
|rule|Sleep Moves Clause: Sleep-inducing moves are banned
|clearpoke
|poke|p1|Pelipper, M|
|poke|p1|Lokix, M|
|poke|p1|Kingdra, M|
|poke|p1|Toxicroak, F|
|poke|p1|Iron Treads|
|poke|p1|Primarina, F|
|poke|p2|Gliscor, F|
|poke|p2|Gholdengo|
|poke|p2|Zamazenta-*|
|poke|p2|Blissey, F|
|poke|p2|Skarmory, F|
|poke|p2|Pecharunt|
|teampreview
|c|☆claudechamp|hf
|inactive|Battle timer is ON: inactive players will automatically lose when time's up. (requested by claudechamp)
|
|t:|1779882758
|teamsize|p1|6
|teamsize|p2|6
|start
|switch|p1a: Primarina|Primarina, F|100/100
|switch|p2a: Skarmory|Skarmory, F|100/100
|turn|1
|
|t:|1779882764
|move|p1a: Primarina|Psychic Noise|p2a: Skarmory
|-damage|p2a: Skarmory|49/100
|-start|p2a: Skarmory|move: Heal Block
|move|p2a: Skarmory|Spikes|p1a: Primarina
|-sidestart|p1: Leap Call|Spikes
|
|upkeep
|turn|2
|
|t:|1779882773
|switch|p2a: Blissey|Blissey, F|100/100
|move|p1a: Primarina|Substitute|p1a: Primarina
|-start|p1a: Primarina|Substitute
|-damage|p1a: Primarina|76/100
|
|-heal|p1a: Primarina|82/100|[from] item: Leftovers
|upkeep
|turn|3
|
|t:|1779882776
|-terastallize|p1a: Primarina|Ghost
|move|p1a: Primarina|Whirlpool|p2a: Blissey
|-damage|p2a: Blissey|95/100
|-activate|p2a: Blissey|move: Whirlpool|[of] p1a: Primarina
|move|p2a: Blissey|Shadow Ball|p1a: Primarina
|-supereffective|p1a: Primarina
|-end|p1a: Primarina|Substitute
|
|-heal|p1a: Primarina|88/100|[from] item: Leftovers
|-damage|p2a: Blissey|82/100|[from] move: Whirlpool|[partiallytrapped]
|upkeep
|turn|4
|
|t:|1779882785
|move|p1a: Primarina|Psychic Noise|p2a: Blissey
|-damage|p2a: Blissey|71/100
|-start|p2a: Blissey|move: Heal Block
|move|p2a: Blissey|Stealth Rock|p1a: Primarina
|-sidestart|p1: Leap Call|move: Stealth Rock
|
|-heal|p1a: Primarina|94/100|[from] item: Leftovers
|-damage|p2a: Blissey|58/100|[from] move: Whirlpool|[partiallytrapped]
|upkeep
|turn|5
|
|t:|1779882800
|move|p1a: Primarina|Moonblast|p2a: Blissey
|-damage|p2a: Blissey|43/100
|move|p2a: Blissey|Shadow Ball|p1a: Primarina
|-supereffective|p1a: Primarina
|-damage|p1a: Primarina|66/100
|
|-heal|p1a: Primarina|72/100|[from] item: Leftovers
|-damage|p2a: Blissey|31/100|[from] move: Whirlpool|[partiallytrapped]
|-end|p2a: Blissey|move: Heal Block
|upkeep
|turn|6
|
|t:|1779882804
|move|p1a: Primarina|Psychic Noise|p2a: Blissey
|-damage|p2a: Blissey|19/100
|-start|p2a: Blissey|move: Heal Block
|move|p2a: Blissey|Shadow Ball|p1a: Primarina
|-supereffective|p1a: Primarina
|-damage|p1a: Primarina|42/100
|-unboost|p1a: Primarina|spd|1
|
|-heal|p1a: Primarina|48/100|[from] item: Leftovers
|-damage|p2a: Blissey|7/100|[from] move: Whirlpool|[partiallytrapped]
|upkeep
|turn|7
|
|t:|1779882813
|move|p1a: Primarina|Moonblast|p2a: Blissey
|-damage|p2a: Blissey|0 fnt
|faint|p2a: Blissey
|
|-heal|p1a: Primarina|54/100|[from] item: Leftovers
|upkeep
|
|t:|1779882816
|switch|p2a: Gliscor|Gliscor, F|100/100
|turn|8
|
|t:|1779882822
|move|p2a: Gliscor|Knock Off|p1a: Primarina
|-supereffective|p1a: Primarina
|-damage|p1a: Primarina|0 fnt
|-enditem|p1a: Primarina|Leftovers|[from] move: Knock Off|[of] p2a: Gliscor
|faint|p1a: Primarina
|
|-status|p2a: Gliscor|tox|[from] item: Toxic Orb
|upkeep
|
|t:|1779882841
|switch|p1a: Pelipper|Pelipper, M, shiny|100/100
|-damage|p1a: Pelipper|76/100|[from] Stealth Rock
|-weather|RainDance|[from] ability: Drizzle|[of] p1a: Pelipper
|turn|9
|
|t:|1779882845
|move|p2a: Gliscor|Swords Dance|p2a: Gliscor
|-boost|p2a: Gliscor|atk|2
|move|p1a: Pelipper|Ice Beam|p2a: Gliscor
|-supereffective|p2a: Gliscor
|-damage|p2a: Gliscor|21/100 tox
|
|-weather|RainDance|[upkeep]
|-heal|p2a: Gliscor|33/100 tox|[from] ability: Poison Heal
|upkeep
|turn|10
|
|t:|1779882864
|switch|p1a: Iron Treads|Iron Treads|100/100
|-terastallize|p2a: Gliscor|Dark
|move|p2a: Gliscor|Protect||[still]
|-fail|p2a: Gliscor
|
|-weather|RainDance|[upkeep]
|-heal|p2a: Gliscor|46/100 tox|[from] ability: Poison Heal
|upkeep
|turn|11
|
|t:|1779882874
|move|p1a: Iron Treads|Rapid Spin|p2a: Gliscor
|-damage|p2a: Gliscor|32/100 tox
|-boost|p1a: Iron Treads|spe|1
|-sideend|p1: Leap Call|Spikes|[from] move: Rapid Spin|[of] p1a: Iron Treads
|-sideend|p1: Leap Call|Stealth Rock|[from] move: Rapid Spin|[of] p1a: Iron Treads
|move|p2a: Gliscor|Knock Off|p1a: Iron Treads
|-damage|p1a: Iron Treads|39/100
|-enditem|p1a: Iron Treads|Heavy-Duty Boots|[from] move: Knock Off|[of] p2a: Gliscor
|
|-weather|RainDance|[upkeep]
|-heal|p2a: Gliscor|45/100 tox|[from] ability: Poison Heal
|upkeep
|turn|12
|
|t:|1779882880
|move|p1a: Iron Treads|Ice Spinner|p2a: Gliscor
|-damage|p2a: Gliscor|24/100 tox
|move|p2a: Gliscor|Knock Off|p1a: Iron Treads
|-damage|p1a: Iron Treads|0 fnt
|faint|p1a: Iron Treads
|-end|p1a: Iron Treads|Quark Drive|[silent]
|
|-weather|RainDance|[upkeep]
|-heal|p2a: Gliscor|36/100 tox|[from] ability: Poison Heal
|upkeep
|
|t:|1779882889
|switch|p1a: Kingdra|Kingdra, M|100/100
|turn|13
|
|t:|1779882895
|move|p1a: Kingdra|Weather Ball|p2a: Gliscor
|-damage|p2a: Gliscor|0 fnt
|faint|p2a: Gliscor
|
|-weather|RainDance|[upkeep]
|upkeep
|
|t:|1779882901
|switch|p2a: Zamazenta|Zamazenta|100/100
|-ability|p2a: Zamazenta|Dauntless Shield|boost
|-boost|p2a: Zamazenta|def|1
|turn|14
|
|t:|1779882907
|move|p1a: Kingdra|Weather Ball|p2a: Zamazenta
|-damage|p2a: Zamazenta|10/100
|move|p2a: Zamazenta|Close Combat|p1a: Kingdra
|-damage|p1a: Kingdra|24/100
|-unboost|p2a: Zamazenta|def|1
|-unboost|p2a: Zamazenta|spd|1
|
|-weather|RainDance|[upkeep]
|upkeep
|turn|15
|
|t:|1779882913
|move|p1a: Kingdra|Weather Ball|p2a: Zamazenta
|-damage|p2a: Zamazenta|0 fnt
|faint|p2a: Zamazenta
|
|-weather|RainDance|[upkeep]
|upkeep
|
|t:|1779882916
|switch|p2a: Gholdengo|Gholdengo|100/100
|turn|16
|
|t:|1779882926
|switch|p2a: Skarmory|Skarmory, F|49/100
|move|p1a: Kingdra|Weather Ball|p2a: Skarmory
|-damage|p2a: Skarmory|0 fnt
|faint|p2a: Skarmory
|
|-weather|none
|upkeep
|
|t:|1779882928
|switch|p2a: Gholdengo|Gholdengo|100/100
|turn|17
|
|t:|1779882933
|switch|p1a: Pelipper|Pelipper, M, shiny|76/100
|-weather|RainDance|[from] ability: Drizzle|[of] p1a: Pelipper
|move|p2a: Gholdengo|Nasty Plot|p2a: Gholdengo
|-boost|p2a: Gholdengo|spa|2
|
|-weather|RainDance|[upkeep]
|upkeep
|turn|18
|
|t:|1779882936
|move|p2a: Gholdengo|Hex|p1a: Pelipper
|-damage|p1a: Pelipper|26/100
|move|p1a: Pelipper|Surf|p2a: Gholdengo
|-damage|p2a: Gholdengo|54/100
|
|-weather|RainDance|[upkeep]
|upkeep
|turn|19
|
|t:|1779882940
|move|p2a: Gholdengo|Recover|p2a: Gholdengo
|-heal|p2a: Gholdengo|100/100
|move|p1a: Pelipper|Surf|p2a: Gholdengo
|-damage|p2a: Gholdengo|55/100
|
|-weather|RainDance|[upkeep]
|upkeep
|turn|20
|
|t:|1779882945
|move|p2a: Gholdengo|Recover|p2a: Gholdengo
|-heal|p2a: Gholdengo|100/100
|move|p1a: Pelipper|U-turn|p2a: Gholdengo
|-resisted|p2a: Gholdengo
|-damage|p2a: Gholdengo|99/100
|
|t:|1779882949
|switch|p1a: Kingdra|Kingdra, M|24/100|[from] U-turn
|
|-weather|RainDance|[upkeep]
|upkeep
|turn|21
|
|t:|1779882955
|move|p1a: Kingdra|Weather Ball|p2a: Gholdengo
|-damage|p2a: Gholdengo|12/100
|move|p2a: Gholdengo|Thunder Wave|p1a: Kingdra
|-status|p1a: Kingdra|par
|
|-weather|RainDance|[upkeep]
|upkeep
|turn|22
|
|t:|1779882959
|cant|p1a: Kingdra|par
|move|p2a: Gholdengo|Hex|p1a: Kingdra
|-damage|p1a: Kingdra|0 fnt
|faint|p1a: Kingdra
|
|-weather|RainDance|[upkeep]
|upkeep
|
|t:|1779882963
|switch|p1a: Lokix|Lokix, M, shiny|100/100
|turn|23
|
|t:|1779882969
|move|p1a: Lokix|Knock Off|p2a: Gholdengo
|-supereffective|p2a: Gholdengo
|-damage|p2a: Gholdengo|0 fnt
|-enditem|p2a: Gholdengo|Ability Shield|[from] move: Knock Off|[of] p1a: Lokix
|faint|p2a: Gholdengo
|
|-weather|RainDance|[upkeep]
|upkeep
|
|t:|1779882977
|switch|p2a: Pecharunt|Pecharunt|100/100
|turn|24
|
|t:|1779882988
|switch|p1a: Toxicroak|Toxicroak, F|100/100
|move|p2a: Pecharunt|Toxic|p1a: Toxicroak
|-immune|p1a: Toxicroak
|
|-weather|none
|upkeep
|turn|25
|
|t:|1779883008
|move|p1a: Toxicroak|Encore|p2a: Pecharunt
|-start|p2a: Pecharunt|Encore
|move|p2a: Pecharunt|Toxic|p1a: Toxicroak
|-immune|p1a: Toxicroak
|
|upkeep
|turn|26
|
|t:|1779883017
|move|p2a: Pecharunt|Toxic|p1a: Toxicroak
|-immune|p1a: Toxicroak
|move|p1a: Toxicroak|Knock Off|p2a: Pecharunt
|-supereffective|p2a: Pecharunt
|-damage|p2a: Pecharunt|79/100
|-enditem|p2a: Pecharunt|Heavy-Duty Boots|[from] move: Knock Off|[of] p1a: Toxicroak
|
|upkeep
|turn|27
|
|t:|1779883026
|move|p2a: Pecharunt|Toxic|p1a: Toxicroak
|-immune|p1a: Toxicroak
|move|p1a: Toxicroak|Knock Off|p2a: Pecharunt
|-supereffective|p2a: Pecharunt
|-damage|p2a: Pecharunt|64/100
|
|-end|p2a: Pecharunt|Encore
|upkeep
|turn|28
|
|t:|1779883037
|move|p1a: Toxicroak|Encore|p2a: Pecharunt
|-start|p2a: Pecharunt|Encore
|move|p2a: Pecharunt|Toxic|p1a: Toxicroak
|-immune|p1a: Toxicroak
|
|upkeep
|turn|29
|
|t:|1779883042
|move|p2a: Pecharunt|Toxic|p1a: Toxicroak
|-immune|p1a: Toxicroak
|move|p1a: Toxicroak|Knock Off|p2a: Pecharunt
|-supereffective|p2a: Pecharunt
|-damage|p2a: Pecharunt|48/100
|
|upkeep
|turn|30
|
|t:|1779883050
|move|p2a: Pecharunt|Toxic|p1a: Toxicroak
|-immune|p1a: Toxicroak
|move|p1a: Toxicroak|Knock Off|p2a: Pecharunt
|-supereffective|p2a: Pecharunt
|-damage|p2a: Pecharunt|34/100
|
|-end|p2a: Pecharunt|Encore
|upkeep
|turn|31
|
|t:|1779883059
|move|p2a: Pecharunt|Recover|p2a: Pecharunt
|-heal|p2a: Pecharunt|84/100
|move|p1a: Toxicroak|Encore|p2a: Pecharunt
|-start|p2a: Pecharunt|Encore
|
|upkeep
|turn|32
|
|t:|1779883070
|switch|p1a: Pelipper|Pelipper, M, shiny|26/100
|-weather|RainDance|[from] ability: Drizzle|[of] p1a: Pelipper
|move|p2a: Pecharunt|Recover|p2a: Pecharunt
|-heal|p2a: Pecharunt|100/100
|
|-weather|RainDance|[upkeep]
|upkeep
|turn|33
|
|t:|1779883080
|move|p2a: Pecharunt|Recover||[still]
|-fail|p2a: Pecharunt|heal
|move|p1a: Pelipper|Roost|p1a: Pelipper
|-heal|p1a: Pelipper|76/100
|-singleturn|p1a: Pelipper|move: Roost
|
|-weather|RainDance|[upkeep]
|upkeep
|turn|34
|
|t:|1779883090
|move|p2a: Pecharunt|Recover||[still]
|-fail|p2a: Pecharunt|heal
|move|p1a: Pelipper|U-turn|p2a: Pecharunt
|-resisted|p2a: Pecharunt
|-damage|p2a: Pecharunt|99/100
|
|t:|1779883092
|switch|p1a: Toxicroak|Toxicroak, F|100/100|[from] U-turn
|
|-weather|RainDance|[upkeep]
|-end|p2a: Pecharunt|Encore
|upkeep
|turn|35
|
|t:|1779883107
|move|p1a: Toxicroak|Encore|p2a: Pecharunt
|-start|p2a: Pecharunt|Encore
|move|p2a: Pecharunt|Recover|p2a: Pecharunt
|-heal|p2a: Pecharunt|100/100
|
|-weather|RainDance|[upkeep]
|upkeep
|turn|36
|inactive|Leap Call has 120 seconds left.
|
|t:|1779883143
|switch|p1a: Lokix|Lokix, M, shiny|100/100
|move|p2a: Pecharunt|Recover||[still]
|-fail|p2a: Pecharunt|heal
|
|-weather|RainDance|[upkeep]
|upkeep
|turn|37
|inactive|Leap Call has 120 seconds left.
|
|t:|1779883155
|move|p1a: Lokix|U-turn|p2a: Pecharunt
|-resisted|p2a: Pecharunt
|-damage|p2a: Pecharunt|94/100
|
|t:|1779883156
|switch|p1a: Toxicroak|Toxicroak, F|100/100|[from] U-turn
|move|p2a: Pecharunt|Recover|p2a: Pecharunt
|-heal|p2a: Pecharunt|100/100
|
|-weather|RainDance|[upkeep]
|-end|p2a: Pecharunt|Encore
|upkeep
|turn|38
|
|t:|1779883170
|move|p2a: Pecharunt|Shadow Ball|p1a: Toxicroak
|-damage|p1a: Toxicroak|66/100
|move|p1a: Toxicroak|Encore|p2a: Pecharunt
|-start|p2a: Pecharunt|Encore
|
|-weather|RainDance|[upkeep]
|-heal|p1a: Toxicroak|78/100|[from] ability: Dry Skin
|upkeep
|turn|39
|
|t:|1779883186
|switch|p1a: Pelipper|Pelipper, M, shiny|76/100
|move|p2a: Pecharunt|Shadow Ball|p1a: Pelipper
|-damage|p1a: Pelipper|50/100
|-unboost|p1a: Pelipper|spd|1
|
|-weather|none
|upkeep
|turn|40
|
|t:|1779883193
|switch|p1a: Lokix|Lokix, M, shiny|100/100
|move|p2a: Pecharunt|Shadow Ball|p1a: Lokix
|-resisted|p1a: Lokix
|-damage|p1a: Lokix|76/100
|
|upkeep
|turn|41
|
|t:|1779883204
|move|p1a: Lokix|Knock Off|p2a: Pecharunt
|-supereffective|p2a: Pecharunt
|-damage|p2a: Pecharunt|58/100
|move|p2a: Pecharunt|Shadow Ball|p1a: Lokix
|-resisted|p1a: Lokix
|-damage|p1a: Lokix|51/100
|
|-end|p2a: Pecharunt|Encore
|upkeep
|turn|42
|
|t:|1779883220
|switch|p1a: Toxicroak|Toxicroak, F|78/100
|move|p2a: Pecharunt|Recover|p2a: Pecharunt
|-heal|p2a: Pecharunt|100/100
|
|upkeep
|turn|43
|
|t:|1779883236
|move|p2a: Pecharunt|Parting Shot|p1a: Toxicroak
|-unboost|p1a: Toxicroak|atk|1
|-unboost|p1a: Toxicroak|spa|1
|move|p1a: Toxicroak|Knock Off|p2a: Pecharunt
|-supereffective|p2a: Pecharunt
|-damage|p2a: Pecharunt|90/100
|
|upkeep
|turn|44
|
|t:|1779883253
|move|p1a: Toxicroak|Encore|p2a: Pecharunt
|-start|p2a: Pecharunt|Encore
|move|p2a: Pecharunt|Parting Shot|p1a: Toxicroak
|-unboost|p1a: Toxicroak|atk|1
|-unboost|p1a: Toxicroak|spa|1
|
|upkeep
|turn|45
|inactive|claudechamp has 120 seconds left.
|
|t:|1779883272
|switch|p1a: Pelipper|Pelipper, M, shiny|50/100
|-weather|RainDance|[from] ability: Drizzle|[of] p1a: Pelipper
|move|p2a: Pecharunt|Parting Shot|p1a: Pelipper
|-unboost|p1a: Pelipper|atk|1
|-unboost|p1a: Pelipper|spa|1
|
|-weather|RainDance|[upkeep]
|upkeep
|turn|46
|inactive|claudechamp has 120 seconds left.
|
|t:|1779883292
|move|p2a: Pecharunt|Parting Shot|p1a: Pelipper
|-unboost|p1a: Pelipper|atk|1
|-unboost|p1a: Pelipper|spa|1
|move|p1a: Pelipper|Roost|p1a: Pelipper
|-heal|p1a: Pelipper|100/100
|-singleturn|p1a: Pelipper|move: Roost
|
|-weather|RainDance|[upkeep]
|-end|p2a: Pecharunt|Encore
|upkeep
|turn|47
|inactive|claudechamp has 120 seconds left.
|
|t:|1779883310
|switch|p1a: Toxicroak|Toxicroak, F|78/100
|move|p2a: Pecharunt|Shadow Ball|p1a: Toxicroak
|-damage|p1a: Toxicroak|48/100
|
|-weather|RainDance|[upkeep]
|-heal|p1a: Toxicroak|60/100|[from] ability: Dry Skin
|upkeep
|turn|48
|
|t:|1779883322
|move|p1a: Toxicroak|Knock Off|p2a: Pecharunt
|-supereffective|p2a: Pecharunt
|-damage|p2a: Pecharunt|76/100
|move|p2a: Pecharunt|Parting Shot|p1a: Toxicroak
|-unboost|p1a: Toxicroak|atk|1
|-unboost|p1a: Toxicroak|spa|1
|
|-weather|RainDance|[upkeep]
|-heal|p1a: Toxicroak|73/100|[from] ability: Dry Skin
|upkeep
|turn|49
|j| Zero Faction
|
|t:|1779883334
|move|p2a: Pecharunt|Shadow Ball|p1a: Toxicroak
|-damage|p1a: Toxicroak|39/100
|-unboost|p1a: Toxicroak|spd|1
|move|p1a: Toxicroak|Encore|p2a: Pecharunt
|-start|p2a: Pecharunt|Encore
|
|-weather|RainDance|[upkeep]
|-heal|p1a: Toxicroak|52/100|[from] ability: Dry Skin
|upkeep
|turn|50
|
|t:|1779883344
|move|p2a: Pecharunt|Shadow Ball|p1a: Toxicroak
|-damage|p1a: Toxicroak|0 fnt
|faint|p1a: Toxicroak
|
|-weather|RainDance|[upkeep]
|upkeep
|
|t:|1779883348
|switch|p1a: Lokix|Lokix, M, shiny|51/100
|turn|51
|
|t:|1779883353
|move|p1a: Lokix|Knock Off|p2a: Pecharunt
|-supereffective|p2a: Pecharunt
|-damage|p2a: Pecharunt|35/100
|move|p2a: Pecharunt|Shadow Ball|p1a: Lokix
|-resisted|p1a: Lokix
|-damage|p1a: Lokix|27/100
|
|-weather|RainDance|[upkeep]
|upkeep
|turn|52
|
|t:|1779883362
|move|p1a: Lokix|Knock Off|p2a: Pecharunt
|-supereffective|p2a: Pecharunt
|-damage|p2a: Pecharunt|0 fnt
|faint|p2a: Pecharunt
|
|win|Leap Call
|raw|Leap Call's rating: 1399 &rarr; <strong>1417</strong><br />(+18 for winning)
|raw|claudechamp's rating: 1369 &rarr; <strong>1351</strong><br />(-18 for losing)
|c|☆claudechamp|gg
|l|‽Leap Call
|player|p1|
