|j|☆Supa Dupa Hoopa
|j|☆its tetover
|t:|1779943545
|gametype|singles
|player|p1|Supa Dupa Hoopa|2|1563
|player|p2|its tetover|gardenia|1596
|gen|9
|tier|[Gen 9] OU
|rated|
|rule|HP Percentage Mod: HP is shown in percentages
|rule|Endless Battle Clause: Forcing endless battles is banned
|rule|Species Clause: Limit one of each Pokémon
|rule|OHKO Clause: OHKO moves are banned
|rule|Evasion Items Clause: Evasion items are banned
|rule|Evasion Moves Clause: Evasion moves are banned
|rule|Evasion Abilities Clause: Evasion abilities are banned
|rule|Sleep Moves Clause: Sleep-inducing moves are banned
|clearpoke
|poke|p1|Serperior, M|
|poke|p1|Cinderace, F|
|poke|p1|Great Tusk|
|poke|p1|Alomomola, F|
|poke|p1|Ditto|
|poke|p1|Toxtricity-Low-Key, M|
|poke|p2|Ribombee, F|
|poke|p2|Brambleghast, F|
|poke|p2|Pawmot, F|
|poke|p2|Gholdengo|
|poke|p2|Ursaluna, F|
|poke|p2|Tornadus, M|
|teampreview
|inactive|Battle timer is ON: inactive players will automatically lose when time's up. (requested by its tetover)
|
|t:|1779943568
|teamsize|p1|6
|teamsize|p2|6
|start
|switch|p1a: ANOTHER ONE|Toxtricity-Low-Key, M|100/100
|switch|p2a: Tornadus|Tornadus, M|100/100
|turn|1
|
|t:|1779943583
|move|p2a: Tornadus|Tailwind|p2a: Tornadus
|-sidestart|p2: its tetover|move: Tailwind
|move|p1a: ANOTHER ONE|Boomburst|p2a: Tornadus
|-damage|p2a: Tornadus|0 fnt
|faint|p2a: Tornadus
|
|upkeep
|
|t:|1779943587
|switch|p2a: Brambleghast|Brambleghast, F|100/100
|-ability|p2a: Brambleghast|Wind Rider|boost
|-boost|p2a: Brambleghast|atk|1
|turn|2
|
|t:|1779943595
|switch|p1a: Great Tusk|Great Tusk|100/100
|move|p2a: Brambleghast|Poltergeist|p1a: Great Tusk
|-activate|p1a: Great Tusk|move: Poltergeist|Leftovers
|-damage|p1a: Great Tusk|41/100
|-damage|p2a: Brambleghast|91/100|[from] item: Life Orb
|
|-heal|p1a: Great Tusk|47/100|[from] item: Leftovers
|upkeep
|turn|3
|inactive|Supa Dupa Hoopa has 120 seconds left.
|
|t:|1779943632
|move|p2a: Brambleghast|Poltergeist|p1a: Great Tusk|[miss]
|-miss|p2a: Brambleghast|p1a: Great Tusk
|move|p1a: Great Tusk|Substitute|p1a: Great Tusk
|-start|p1a: Great Tusk|Substitute
|-damage|p1a: Great Tusk|22/100
|
|-heal|p1a: Great Tusk|28/100|[from] item: Leftovers
|upkeep
|turn|4
|inactive|Supa Dupa Hoopa has 120 seconds left.
|
|t:|1779943652
|move|p2a: Brambleghast|Poltergeist|p1a: Great Tusk
|-activate|p1a: Great Tusk|move: Poltergeist|Leftovers
|-end|p1a: Great Tusk|Substitute
|-damage|p2a: Brambleghast|81/100|[from] item: Life Orb
|move|p1a: Great Tusk|Earthquake|p2a: Brambleghast
|-resisted|p2a: Brambleghast
|-damage|p2a: Brambleghast|40/100
|
|-heal|p1a: Great Tusk|35/100|[from] item: Leftovers
|-sideend|p2: its tetover|move: Tailwind
|upkeep
|turn|5
|
|t:|1779943671
|move|p2a: Brambleghast|Poltergeist|p1a: Great Tusk|[miss]
|-miss|p2a: Brambleghast|p1a: Great Tusk
|move|p1a: Great Tusk|Earthquake|p2a: Brambleghast
|-resisted|p2a: Brambleghast
|-damage|p2a: Brambleghast|0 fnt
|faint|p2a: Brambleghast
|
|-heal|p1a: Great Tusk|41/100|[from] item: Leftovers
|upkeep
|
|t:|1779943682
|switch|p2a: Ribombee|Ribombee, F|100/100
|turn|6
|
|t:|1779943690
|switch|p2a: Pawmot|Pawmot, F|100/100
|-end|p1a: Great Tusk|Protosynthesis|[silent]
|switch|p1a: Spongebob|Alomomola, F|100/100
|
|upkeep
|turn|7
|inactive|Supa Dupa Hoopa has 120 seconds left.
|
|t:|1779943696
|move|p2a: Pawmot|Close Combat|p1a: Spongebob
|-damage|p1a: Spongebob|41/100
|-unboost|p2a: Pawmot|def|1
|-unboost|p2a: Pawmot|spd|1
|-damage|p2a: Pawmot|91/100|[from] item: Life Orb
|move|p1a: Spongebob|Flip Turn|p2a: Pawmot
|-damage|p2a: Pawmot|53/100
|inactive|Supa Dupa Hoopa has 120 seconds left.
|j| KIRAXX200
|inactive|Supa Dupa Hoopa has 90 seconds left.
|
|t:|1779943731
|switch|p1a: CinderMiss|Cinderace, F|100/100|[from] Flip Turn
|
|upkeep
|turn|8
|inactive|Supa Dupa Hoopa has 90 seconds left.
|
|t:|1779943742
|switch|p2a: Ursaluna|Ursaluna, F|100/100
|move|p1a: CinderMiss|Pyro Ball|p2a: Ursaluna
|-damage|p2a: Ursaluna|52/100
|
|-status|p2a: Ursaluna|brn|[from] item: Flame Orb
|upkeep
|turn|9
|
|t:|1779943750
|move|p1a: CinderMiss|High Jump Kick|p2a: Ursaluna
|-start|p1a: CinderMiss|typechange|Fighting|[from] ability: Libero
|-supereffective|p2a: Ursaluna
|-damage|p2a: Ursaluna|0 fnt
|faint|p2a: Ursaluna
|
|upkeep
|
|t:|1779943754
|switch|p2a: Ribombee|Ribombee, F|100/100
|turn|10
|
|t:|1779943760
|switch|p1a: Spongebob|Alomomola, F|75/100
|move|p2a: Ribombee|Moonblast|p1a: Spongebob
|-damage|p1a: Spongebob|58/100
|
|upkeep
|turn|11
|
|t:|1779943768
|move|p2a: Ribombee|Skill Swap|p1a: Spongebob
|-activate|p2a: Ribombee|Skill Swap|Regenerator|Shield Dust|[of] p1a: Spongebob
|move|p1a: Spongebob|Flip Turn|p2a: Ribombee
|-damage|p2a: Ribombee|76/100
|
|t:|1779943789
|switch|p1a: Mew1.5|Ditto|100/100|[from] Flip Turn
|-transform|p1a: Mew1.5|p2a: Ribombee|[from] ability: Imposter
|
|upkeep
|turn|12
|inactive|Supa Dupa Hoopa has 90 seconds left.
|inactive|its tetover has 120 seconds left.
|
|t:|1779943835
|move|p1a: Mew1.5|Sticky Web|p2a: Ribombee
|-sidestart|p2: its tetover|move: Sticky Web
|move|p2a: Ribombee|Sticky Web|p1a: Mew1.5
|-sidestart|p1: Supa Dupa Hoopa|move: Sticky Web
|
|upkeep
|turn|13
|
|t:|1779943846
|switch|p1a: Spongebob|Alomomola, F|58/100
|-activate|p1a: Spongebob|move: Sticky Web
|-unboost|p1a: Spongebob|spe|1
|move|p2a: Ribombee|Tailwind|p2a: Ribombee
|-sidestart|p2: its tetover|move: Tailwind
|
|upkeep
|turn|14
|
|t:|1779943853
|switch|p2a: Pawmot|Pawmot, F|53/100
|-activate|p2a: Pawmot|move: Sticky Web
|-unboost|p2a: Pawmot|spe|1
|move|p1a: Spongebob|Flip Turn|p2a: Pawmot
|-damage|p2a: Pawmot|26/100
|
|t:|1779943865
|switch|p1a: Mew1.5|Ditto|100/100|[from] Flip Turn
|-activate|p1a: Mew1.5|move: Sticky Web
|-unboost|p1a: Mew1.5|spe|1
|-transform|p1a: Mew1.5|p2a: Pawmot|[from] ability: Imposter
|
|upkeep
|turn|15
|inactive|its tetover has 120 seconds left.
|inactive|Supa Dupa Hoopa has 90 seconds left.
|inactive|Supa Dupa Hoopa has 60 seconds left.
|l| KIRAXX200
|
|t:|1779943915
|move|p2a: Pawmot|Close Combat|p1a: Mew1.5
|-damage|p1a: Mew1.5|0 fnt
|-unboost|p2a: Pawmot|def|1
|-unboost|p2a: Pawmot|spd|1
|faint|p1a: Mew1.5
|-damage|p2a: Pawmot|16/100|[from] item: Life Orb
|
|upkeep
|inactive|Supa Dupa Hoopa has 60 seconds left.
|
|t:|1779943931
|switch|p1a: Great Tusk|Great Tusk|41/100
|-activate|p1a: Great Tusk|move: Sticky Web
|-unboost|p1a: Great Tusk|spe|1
|turn|16
|inactive|its tetover has 120 seconds left.
|
|t:|1779943952
|move|p2a: Pawmot|Close Combat|p1a: Great Tusk
|-damage|p1a: Great Tusk|0 fnt
|-unboost|p2a: Pawmot|def|1
|-unboost|p2a: Pawmot|spd|1
|faint|p1a: Great Tusk
|-end|p1a: Great Tusk|Protosynthesis|[silent]
|-damage|p2a: Pawmot|6/100|[from] item: Life Orb
|
|-sideend|p2: its tetover|move: Tailwind
|upkeep
|
|t:|1779943965
|switch|p1a: What RU|Serperior, M|100/100
|-activate|p1a: What RU|move: Sticky Web
|-boost|p1a: What RU|spe|1
|turn|17
|inactive|its tetover has 120 seconds left.
|
|t:|1779944000
|move|p2a: Pawmot|Mach Punch|p1a: What RU
|-damage|p1a: What RU|70/100
|-damage|p2a: Pawmot|0 fnt|[from] item: Life Orb
|faint|p2a: Pawmot
|move|p1a: What RU|Leaf Storm|p2: Pawmot|[notarget]
|-fail|p1a: What RU
|
|-heal|p1a: What RU|76/100|[from] item: Leftovers
|upkeep
|inactive|its tetover has 90 seconds left.
|
|t:|1779944015
|switch|p2a: Ribombee|Ribombee, F|100/100
|-activate|p2a: Ribombee|move: Sticky Web
|-unboost|p2a: Ribombee|spe|1
|turn|18
|inactive|Supa Dupa Hoopa has 60 seconds left.
|
|t:|1779944025
|move|p1a: What RU|Leaf Storm|p2a: Ribombee
|-resisted|p2a: Ribombee
|-damage|p2a: Ribombee|73/100
|-boost|p1a: What RU|spa|2
|move|p2a: Ribombee|Skill Swap|p1a: What RU
|-activate|p2a: Ribombee|Skill Swap|Contrary|Shield Dust|[of] p1a: What RU
|
|-heal|p1a: What RU|82/100|[from] item: Leftovers
|upkeep
|turn|19
|inactive|its tetover has 90 seconds left.
|
|t:|1779944048
|move|p1a: What RU|Glare|p2a: Ribombee
|-status|p2a: Ribombee|par
|cant|p2a: Ribombee|par
|
|-heal|p1a: What RU|88/100|[from] item: Leftovers
|upkeep
|turn|20
|
|t:|1779944055
|move|p1a: What RU|Leech Seed|p2a: Ribombee
|-start|p2a: Ribombee|move: Leech Seed
|move|p2a: Ribombee|Tailwind|p2a: Ribombee
|-sidestart|p2: its tetover|move: Tailwind
|
|-heal|p1a: What RU|94/100|[from] item: Leftovers
|-damage|p2a: Ribombee|60/100 par|[from] Leech Seed|[of] p1a: What RU
|-heal|p1a: What RU|100/100|[silent]
|upkeep
|turn|21
|
|t:|1779944066
|switch|p2a: Gholdengo|Gholdengo|100/100
|-item|p2a: Gholdengo|Air Balloon
|move|p1a: What RU|Substitute|p1a: What RU
|-start|p1a: What RU|Substitute
|-damage|p1a: What RU|76/100
|
|-heal|p1a: What RU|82/100|[from] item: Leftovers
|upkeep
|turn|22
|
|t:|1779944082
|move|p2a: Gholdengo|Nasty Plot|p2a: Gholdengo
|-boost|p2a: Gholdengo|spa|2
|move|p1a: What RU|Substitute|p1a: What RU
|-fail|p1a: What RU|move: Substitute
|
|-heal|p1a: What RU|88/100|[from] item: Leftovers
|upkeep
|turn|23
|inactive|its tetover has 90 seconds left.
|
|t:|1779944129
|move|p2a: Gholdengo|Shadow Ball|p1a: What RU
|-end|p1a: What RU|Substitute
|move|p1a: What RU|Leaf Storm|p2a: Gholdengo
|-resisted|p2a: Gholdengo
|-damage|p2a: Gholdengo|56/100
|-unboost|p1a: What RU|spa|2
|-enditem|p2a: Gholdengo|Air Balloon
|
|-heal|p1a: What RU|94/100|[from] item: Leftovers
|-sideend|p2: its tetover|move: Tailwind
|upkeep
|turn|24
|
|t:|1779944140
|move|p1a: What RU|Leaf Storm|p2a: Gholdengo
|-resisted|p2a: Gholdengo
|-damage|p2a: Gholdengo|32/100
|-unboost|p1a: What RU|spa|2
|move|p2a: Gholdengo|Shadow Ball|p1a: What RU
|-damage|p1a: What RU|8/100
|
|-heal|p1a: What RU|14/100|[from] item: Leftovers
|upkeep
|turn|25
|
|t:|1779944158
|switch|p1a: Spongebob|Alomomola, F|92/100
|-activate|p1a: Spongebob|move: Sticky Web
|-unboost|p1a: Spongebob|spe|1
|move|p2a: Gholdengo|Shadow Ball|p1a: Spongebob
|-damage|p1a: Spongebob|49/100
|
|upkeep
|turn|26
|
|t:|1779944166
|move|p2a: Gholdengo|Shadow Ball|p1a: Spongebob
|-damage|p1a: Spongebob|8/100
|-unboost|p1a: Spongebob|spd|1
|move|p1a: Spongebob|Flip Turn|p2a: Gholdengo
|-damage|p2a: Gholdengo|14/100
|
|t:|1779944179
|switch|p1a: What RU|Serperior, M|14/100|[from] Flip Turn
|-activate|p1a: What RU|move: Sticky Web
|-boost|p1a: What RU|spe|1
|
|-heal|p1a: What RU|20/100|[from] item: Leftovers
|upkeep
|turn|27
|
|t:|1779944186
|move|p1a: What RU|Leaf Storm|p2a: Gholdengo
|-resisted|p2a: Gholdengo
|-damage|p2a: Gholdengo|0 fnt
|-boost|p1a: What RU|spa|2
|faint|p2a: Gholdengo
|
|-heal|p1a: What RU|26/100|[from] item: Leftovers
|upkeep
|
|t:|1779944188
|switch|p2a: Ribombee|Ribombee, F|60/100 par
|-activate|p2a: Ribombee|move: Sticky Web
|-unboost|p2a: Ribombee|spe|1
|turn|28
|
|t:|1779944201
|move|p1a: What RU|Substitute|p1a: What RU
|-start|p1a: What RU|Substitute
|-damage|p1a: What RU|1/100
|move|p2a: Ribombee|Moonblast|p1a: What RU
|-end|p1a: What RU|Substitute
|
|-heal|p1a: What RU|8/100|[from] item: Leftovers
|upkeep
|turn|29
|
|t:|1779944220
|move|p1a: What RU|Leech Seed|p2a: Ribombee
|-start|p2a: Ribombee|move: Leech Seed
|move|p2a: Ribombee|Moonblast|p1a: What RU
|-damage|p1a: What RU|0 fnt
|faint|p1a: What RU
|
|upkeep
|
|t:|1779944228
|switch|p1a: CinderMiss|Cinderace, F|100/100
|turn|30
|
|t:|1779944233
|move|p1a: CinderMiss|Pyro Ball|p2a: Ribombee
|-supereffective|p2a: Ribombee
|-damage|p2a: Ribombee|0 fnt
|faint|p2a: Ribombee
|
|win|Supa Dupa Hoopa
|raw|Supa Dupa Hoopa's rating: 1563 &rarr; <strong>1585</strong><br />(+22 for winning)
|raw|its tetover's rating: 1595 &rarr; <strong>1573</strong><br />(-22 for losing)
|l|☆its tetover
|player|p2|
|c|☆Supa Dupa Hoopa|gg
