|j|☆fregene97
|j|☆Fear covraa
|t:|1779916664
|gametype|singles
|player|p1|fregene97|169|1375
|player|p2|Fear covraa|waiter-gen4|1434
|gen|9
|tier|[Gen 9] OU
|rated|
|rule|HP Percentage Mod: HP is shown in percentages
|rule|Endless Battle Clause: Forcing endless battles is banned
|rule|Species Clause: Limit one of each Pokémon
|rule|OHKO Clause: OHKO moves are banned
|rule|Evasion Items Clause: Evasion items are banned
|rule|Evasion Moves Clause: Evasion moves are banned
|rule|Evasion Abilities Clause: Evasion abilities are banned
|rule|Sleep Moves Clause: Sleep-inducing moves are banned
|clearpoke
|poke|p1|Ceruledge, M|
|poke|p1|Porygon-Z|
|poke|p1|Raging Bolt|
|poke|p1|Excadrill, M|
|poke|p1|Dragonite, M|
|poke|p1|Polteageist|
|poke|p2|Iron Boulder|
|poke|p2|Thundurus, M|
|poke|p2|Polteageist-Antique|
|poke|p2|Glimmora, F|
|poke|p2|Darkrai|
|poke|p2|Zamazenta-*|
|teampreview
|inactive|Battle timer is ON: inactive players will automatically lose when time's up. (requested by Fear covraa)
|
|t:|1779916673
|teamsize|p1|6
|teamsize|p2|6
|start
|switch|p1a: Ceruledge|Ceruledge, M|100/100
|switch|p2a: Glimmora|Glimmora, F|100/100
|turn|1
|
|t:|1779916676
|-terastallize|p1a: Ceruledge|Ghost
|move|p2a: Glimmora|Stealth Rock|p1a: Ceruledge
|-sidestart|p1: fregene97|move: Stealth Rock
|move|p1a: Ceruledge|Swords Dance|p1a: Ceruledge
|-boost|p1a: Ceruledge|atk|2
|
|upkeep
|turn|2
|
|t:|1779916685
|move|p2a: Glimmora|Mortal Spin|p1a: Ceruledge
|-resisted|p1a: Ceruledge
|-damage|p1a: Ceruledge|96/100
|-status|p1a: Ceruledge|psn
|-ability|p1a: Ceruledge|Weak Armor|boost
|-unboost|p1a: Ceruledge|def|1
|-boost|p1a: Ceruledge|spe|2
|move|p1a: Ceruledge|Poltergeist|p2a: Glimmora
|-activate|p2a: Glimmora|move: Poltergeist|Focus Sash
|-enditem|p2a: Glimmora|Focus Sash
|-damage|p2a: Glimmora|1/100
|-activate|p2a: Glimmora|ability: Toxic Debris
|-sidestart|p1: fregene97|move: Toxic Spikes
|-damage|p1a: Ceruledge|86/100 psn|[from] item: Life Orb
|
|-damage|p1a: Ceruledge|73/100 psn|[from] psn
|upkeep
|turn|3
|
|t:|1779916695
|move|p1a: Ceruledge|Shadow Sneak|p2a: Glimmora
|-damage|p2a: Glimmora|0 fnt
|-activate|p2a: Glimmora|ability: Toxic Debris
|-sidestart|p1: fregene97|move: Toxic Spikes
|faint|p2a: Glimmora
|-damage|p1a: Ceruledge|63/100 psn|[from] item: Life Orb
|
|-damage|p1a: Ceruledge|51/100 psn|[from] psn
|upkeep
|
|t:|1779916703
|switch|p2a: Darkrai|Darkrai|100/100
|turn|4
|
|t:|1779916708
|move|p1a: Ceruledge|Bitter Blade|p2a: Darkrai
|-enditem|p2a: Darkrai|Focus Sash
|-damage|p2a: Darkrai|1/100
|-heal|p1a: Ceruledge|99/100 psn|[from] drain|[of] p2a: Darkrai
|-damage|p1a: Ceruledge|89/100 psn|[from] item: Life Orb
|move|p2a: Darkrai|Dark Pulse|p1a: Ceruledge
|-supereffective|p1a: Ceruledge
|-damage|p1a: Ceruledge|0 fnt
|faint|p1a: Ceruledge
|
|upkeep
|
|t:|1779916712
|switch|p1a: Excadrill|Excadrill, M|100/100
|-damage|p1a: Excadrill|97/100|[from] Stealth Rock
|-ability|p1a: Excadrill|Mold Breaker
|-item|p1a: Excadrill|Air Balloon
|turn|5
|
|t:|1779916731
|switch|p2a: Tea|Polteageist-Antique|100/100
|move|p1a: Excadrill|Rock Slide|p2a: Tea
|-damage|p2a: Tea|44/100
|-ability|p2a: Tea|Weak Armor|boost
|-unboost|p2a: Tea|def|1
|-boost|p2a: Tea|spe|2
|
|upkeep
|turn|6
|
|t:|1779916751
|move|p2a: Tea|Metronome|p2a: Tea
|move|p2a: Tea|Sludge Wave|p1a: Excadrill|[from] move: Metronome
|-immune|p1a: Excadrill
|move|p1a: Excadrill|Earthquake|p2a: Tea
|-damage|p2a: Tea|0 fnt
|faint|p2a: Tea
|
|upkeep
|
|t:|1779916756
|switch|p2a: Zamazenta|Zamazenta|100/100
|-ability|p2a: Zamazenta|Dauntless Shield|boost
|-boost|p2a: Zamazenta|def|1
|turn|7
|
|t:|1779916780
|move|p2a: Zamazenta|Body Press|p1a: Excadrill
|-supereffective|p1a: Excadrill
|-damage|p1a: Excadrill|0 fnt
|-enditem|p1a: Excadrill|Air Balloon
|faint|p1a: Excadrill
|
|upkeep
|
|t:|1779916786
|switch|p1a: Raging Bolt|Raging Bolt|100/100
|-damage|p1a: Raging Bolt|88/100|[from] Stealth Rock
|-status|p1a: Raging Bolt|tox
|-enditem|p1a: Raging Bolt|Booster Energy
|-activate|p1a: Raging Bolt|ability: Protosynthesis|[fromitem]
|-start|p1a: Raging Bolt|protosynthesisspa
|turn|8
|
|t:|1779916788
|move|p2a: Zamazenta|Body Press|p1a: Raging Bolt
|-damage|p1a: Raging Bolt|37/100 tox
|move|p1a: Raging Bolt|Dragon Pulse|p2a: Zamazenta
|-damage|p2a: Zamazenta|35/100
|
|-heal|p2a: Zamazenta|41/100|[from] item: Leftovers
|-damage|p1a: Raging Bolt|31/100 tox|[from] psn
|upkeep
|turn|9
|
|t:|1779916791
|move|p1a: Raging Bolt|Thunderclap|p2a: Zamazenta
|-damage|p2a: Zamazenta|0 fnt
|faint|p2a: Zamazenta
|
|-damage|p1a: Raging Bolt|19/100 tox|[from] psn
|upkeep
|
|t:|1779916794
|switch|p2a: Darkrai|Darkrai|1/100
|turn|10
|
|t:|1779916805
|move|p1a: Raging Bolt|Thunderclap||[still]
|-fail|p1a: Raging Bolt
|move|p2a: Darkrai|Nasty Plot|p2a: Darkrai
|-boost|p2a: Darkrai|spa|2
|
|-damage|p1a: Raging Bolt|0 fnt|[from] psn
|faint|p1a: Raging Bolt
|-end|p1a: Raging Bolt|Protosynthesis|[silent]
|upkeep
|
|t:|1779916807
|switch|p1a: Dragonite|Dragonite, M|100/100
|turn|11
|
|t:|1779916811
|move|p1a: Dragonite|Extreme Speed|p2a: Darkrai
|-crit|p2a: Darkrai
|-damage|p2a: Darkrai|0 fnt
|faint|p2a: Darkrai
|
|upkeep
|
|t:|1779916814
|switch|p2a: Thundurus|Thundurus, M|100/100
|turn|12
|
|t:|1779916818
|move|p2a: Thundurus|Acrobatics|p1a: Dragonite
|-damage|p1a: Dragonite|83/100
|move|p1a: Dragonite|Dragon Dance|p1a: Dragonite
|-boost|p1a: Dragonite|atk|1
|-boost|p1a: Dragonite|spe|1
|-enditem|p2a: Thundurus|Mirror Herb
|-boost|p2a: Thundurus|atk|1|[from] item: Mirror Herb
|-boost|p2a: Thundurus|spe|1|[from] item: Mirror Herb
|
|upkeep
|turn|13
|
|t:|1779916823
|move|p2a: Thundurus|Supercell Slam|p1a: Dragonite
|-damage|p1a: Dragonite|4/100
|move|p1a: Dragonite|Ice Spinner|p2a: Thundurus
|-supereffective|p2a: Thundurus
|-damage|p2a: Thundurus|0 fnt
|faint|p2a: Thundurus
|
|upkeep
|
|t:|1779916826
|switch|p2a: Iron Boulder|Iron Boulder|100/100
|-enditem|p2a: Iron Boulder|Booster Energy
|-activate|p2a: Iron Boulder|ability: Quark Drive|[fromitem]
|-start|p2a: Iron Boulder|quarkdrivespe
|turn|14
|
|t:|1779916831
|move|p2a: Iron Boulder|Mighty Cleave|p1a: Dragonite
|-supereffective|p1a: Dragonite
|-damage|p1a: Dragonite|0 fnt
|faint|p1a: Dragonite
|
|upkeep
|
|t:|1779916836
|switch|p1a: Polteageist|Polteageist|100/100
|-damage|p1a: Polteageist|88/100|[from] Stealth Rock
|-status|p1a: Polteageist|tox
|turn|15
|
|t:|1779916839
|move|p2a: Iron Boulder|Mighty Cleave|p1a: Polteageist
|-damage|p1a: Polteageist|9/100 tox
|-ability|p1a: Polteageist|Weak Armor|boost
|-unboost|p1a: Polteageist|def|1
|-boost|p1a: Polteageist|spe|2
|move|p1a: Polteageist|Giga Drain|p2a: Iron Boulder
|-supereffective|p2a: Iron Boulder
|-damage|p2a: Iron Boulder|44/100
|-heal|p1a: Polteageist|43/100 tox|[from] drain|[of] p2a: Iron Boulder
|
|-damage|p1a: Polteageist|37/100 tox|[from] psn
|upkeep
|turn|16
|
|t:|1779916845
|-terastallize|p2a: Iron Boulder|Fighting
|move|p2a: Iron Boulder|Swords Dance|p2a: Iron Boulder
|-boost|p2a: Iron Boulder|atk|2
|move|p1a: Polteageist|Shadow Ball|p2a: Iron Boulder
|-damage|p2a: Iron Boulder|2/100
|
|-damage|p1a: Polteageist|25/100 tox|[from] psn
|upkeep
|turn|17
|
|t:|1779916849
|move|p2a: Iron Boulder|Mighty Cleave|p1a: Polteageist
|-damage|p1a: Polteageist|0 fnt
|faint|p1a: Polteageist
|
|upkeep
|
|t:|1779916852
|switch|p1a: Porygon-Z|Porygon-Z|100/100
|-ability|p1a: Porygon-Z|Download|boost
|-boost|p1a: Porygon-Z|atk|1
|turn|18
|
|t:|1779916855
|move|p2a: Iron Boulder|Sacred Sword|p1a: Porygon-Z
|-supereffective|p1a: Porygon-Z
|-damage|p1a: Porygon-Z|0 fnt
|faint|p1a: Porygon-Z
|
|win|Fear covraa
|raw|fregene97's rating: 1356 &rarr; <strong>1340</strong><br />(-16 for losing)
|raw|Fear covraa's rating: 1434 &rarr; <strong>1450</strong><br />(+16 for winning)
|l|☆fregene97
|player|p1|
|l|☆Fear covraa
|player|p2|
