|j|☆randomefre
|j|☆key2saucyy
|t:|1779842972
|gametype|singles
|player|p1|randomefre|dawn|1189
|player|p2|key2saucyy|psychic|1153
|gen|9
|tier|[Gen 9] OU
|rated|
|rule|HP Percentage Mod: HP is shown in percentages
|rule|Endless Battle Clause: Forcing endless battles is banned
|rule|Species Clause: Limit one of each Pokémon
|rule|OHKO Clause: OHKO moves are banned
|rule|Evasion Items Clause: Evasion items are banned
|rule|Evasion Moves Clause: Evasion moves are banned
|rule|Evasion Abilities Clause: Evasion abilities are banned
|rule|Sleep Moves Clause: Sleep-inducing moves are banned
|clearpoke
|poke|p1|Polteageist-Antique|
|poke|p1|Heatran, M|
|poke|p1|Sinistcha-Masterpiece|
|poke|p1|Skeledirge, F|
|poke|p1|Tornadus-Therian, M|
|poke|p1|Meowscarada, F|
|poke|p2|Bisharp, M|
|poke|p2|Deoxys-Speed|
|poke|p2|Gliscor, M|
|poke|p2|Hydrapple, M|
|poke|p2|Dachsbun, M|
|poke|p2|Tentacruel, M|
|teampreview
|inactive|Battle timer is ON: inactive players will automatically lose when time's up. (requested by key2saucyy)
|inactive|randomefre also wants the timer to be on.
|
|t:|1779842987
|teamsize|p1|6
|teamsize|p2|6
|start
|switch|p1a: Meowscarada|Meowscarada, F|100/100
|switch|p2a: Bisharp|Bisharp, M, shiny|100/100
|turn|1
|
|t:|1779843014
|move|p1a: Meowscarada|U-turn|p2a: Bisharp
|-start|p1a: Meowscarada|typechange|Bug|[from] ability: Protean
|-damage|p2a: Bisharp|42/100
|
|t:|1779843019
|switch|p1a: Skeledirge|Skeledirge, F|100/100|[from] U-turn
|move|p2a: Bisharp|Brick Break|p1a: Skeledirge
|-immune|p1a: Skeledirge
|
|upkeep
|turn|2
|
|t:|1779843028
|switch|p2a: Dachsbun|Dachsbun, M, shiny|100/100
|move|p1a: Skeledirge|Torch Song|p2a: Dachsbun
|-ability|p2a: Dachsbun|Well-Baked Body|boost
|-boost|p2a: Dachsbun|def|2
|
|upkeep
|turn|3
|
|t:|1779843049
|switch|p1a: Polteageist|Polteageist-Antique|100/100
|move|p2a: Dachsbun|Roar|p1a: Polteageist
|drag|p1a: Sinistcha|Sinistcha-Masterpiece|100/100
|
|upkeep
|turn|4
|
|t:|1779843063
|move|p1a: Sinistcha|Matcha Gotcha|p2a: Dachsbun
|-damage|p2a: Dachsbun|61/100
|move|p2a: Dachsbun|Roar|p1a: Sinistcha
|drag|p1a: Polteageist|Polteageist-Antique|100/100
|
|-heal|p2a: Dachsbun|67/100|[from] item: Leftovers
|upkeep
|turn|5
|
|t:|1779843075
|switch|p2a: Tentacruel|Tentacruel, M, shiny|100/100
|move|p1a: Polteageist|Shadow Ball|p2a: Tentacruel
|-damage|p2a: Tentacruel|71/100
|
|-heal|p2a: Tentacruel|77/100|[from] item: Black Sludge
|upkeep
|turn|6
|
|t:|1779843084
|move|p1a: Polteageist|Shell Smash|p1a: Polteageist
|-unboost|p1a: Polteageist|def|1
|-unboost|p1a: Polteageist|spd|1
|-boost|p1a: Polteageist|atk|2
|-boost|p1a: Polteageist|spa|2
|-boost|p1a: Polteageist|spe|2
|-enditem|p1a: Polteageist|White Herb
|-clearnegativeboost|p1a: Polteageist|[silent]
|move|p2a: Tentacruel|Toxic|p1a: Polteageist
|-status|p1a: Polteageist|tox
|
|-heal|p2a: Tentacruel|83/100|[from] item: Black Sludge
|-damage|p1a: Polteageist|94/100 tox|[from] psn
|upkeep
|turn|7
|
|t:|1779843097
|move|p1a: Polteageist|Stored Power|p2a: Tentacruel
|-supereffective|p2a: Tentacruel
|-damage|p2a: Tentacruel|0 fnt
|faint|p2a: Tentacruel
|
|-damage|p1a: Polteageist|82/100 tox|[from] psn
|upkeep
|inactive|key2saucyy has 120 seconds left.
|
|t:|1779843145
|switch|p2a: Hydrapple|Hydrapple, M, shiny|100/100
|turn|8
|
|t:|1779843154
|move|p1a: Polteageist|Stored Power|p2a: Hydrapple
|-damage|p2a: Hydrapple|28/100
|move|p2a: Hydrapple|Draco Meteor|p1a: Polteageist
|-damage|p1a: Polteageist|4/100 tox
|-unboost|p2a: Hydrapple|spa|2
|
|-damage|p1a: Polteageist|0 fnt|[from] psn
|faint|p1a: Polteageist
|upkeep
|
|t:|1779843165
|switch|p1a: Meowscarada|Meowscarada, F|100/100
|turn|9
|inactive|key2saucyy has 120 seconds left.
|
|t:|1779843172
|switch|p2a: Gliscor|Gliscor, M, shiny|100/100
|move|p1a: Meowscarada|Triple Axel|p2a: Gliscor
|-start|p1a: Meowscarada|typechange|Ice|[from] ability: Protean
|-supereffective|p2a: Gliscor
|-damage|p2a: Gliscor|67/100
|-supereffective|p2a: Gliscor
|-damage|p2a: Gliscor|0 fnt
|faint|p2a: Gliscor
|-hitcount|p2: Gliscor|2
|
|upkeep
|inactive|key2saucyy has 120 seconds left.
|
|t:|1779843184
|switch|p2a: Deoxys|Deoxys-Speed, shiny|100/100
|-ability|p2a: Deoxys|Pressure
|turn|10
|inactive|key2saucyy has 120 seconds left.
|
|t:|1779843195
|switch|p1a: Sinistcha|Sinistcha-Masterpiece|100/100
|move|p2a: Deoxys|Shadow Ball|p1a: Sinistcha
|-supereffective|p1a: Sinistcha
|-damage|p1a: Sinistcha|30/100
|-damage|p2a: Deoxys|91/100|[from] item: Life Orb
|
|upkeep
|turn|11
|inactive|key2saucyy has 120 seconds left.
|
|t:|1779843210
|move|p2a: Deoxys|Shadow Ball|p1a: Sinistcha
|-supereffective|p1a: Sinistcha
|-damage|p1a: Sinistcha|0 fnt
|faint|p1a: Sinistcha
|-damage|p2a: Deoxys|81/100|[from] item: Life Orb
|
|upkeep
|
|t:|1779843217
|switch|p1a: Meowscarada|Meowscarada, F|100/100
|turn|12
|
|t:|1779843221
|move|p2a: Deoxys|Focus Blast|p1a: Meowscarada
|-supereffective|p1a: Meowscarada
|-damage|p1a: Meowscarada|0 fnt
|faint|p1a: Meowscarada
|-damage|p2a: Deoxys|71/100|[from] item: Life Orb
|
|upkeep
|
|t:|1779843228
|switch|p1a: Tornadus|Tornadus-Therian, M|100/100
|turn|13
|
|t:|1779843232
|move|p2a: Deoxys|Thunderbolt|p1a: Tornadus
|-supereffective|p1a: Tornadus
|-crit|p1a: Tornadus
|-damage|p1a: Tornadus|31/100
|-damage|p2a: Deoxys|62/100|[from] item: Life Orb
|move|p1a: Tornadus|Knock Off|p2a: Deoxys
|-supereffective|p2a: Deoxys
|-crit|p2a: Deoxys
|-damage|p2a: Deoxys|0 fnt
|-enditem|p2a: Deoxys|Life Orb|[from] move: Knock Off|[of] p1a: Tornadus
|faint|p2a: Deoxys
|
|upkeep
|
|t:|1779843258
|switch|p2a: Bisharp|Bisharp, M, shiny|42/100
|turn|14
|
|t:|1779843278
|move|p2a: Bisharp|Throat Chop|p1a: Tornadus
|-damage|p1a: Tornadus|0 fnt
|faint|p1a: Tornadus
|
|upkeep
|
|t:|1779843285
|switch|p1a: Heatran|Heatran, M|100/100
|turn|15
|
|t:|1779843290
|switch|p2a: Dachsbun|Dachsbun, M, shiny|67/100
|move|p1a: Heatran|Earth Power|p2a: Dachsbun
|-damage|p2a: Dachsbun|42/100
|
|-heal|p2a: Dachsbun|48/100|[from] item: Leftovers
|upkeep
|turn|16
|
|t:|1779843300
|switch|p2a: Hydrapple|Hydrapple, M, shiny|61/100
|move|p1a: Heatran|Taunt|p2a: Hydrapple
|-start|p2a: Hydrapple|move: Taunt
|
|upkeep
|turn|17
|
|t:|1779843312
|move|p1a: Heatran|Magma Storm|p2a: Hydrapple
|-damage|p2a: Hydrapple|31/100
|-activate|p2a: Hydrapple|move: Magma Storm|[of] p1a: Heatran
|move|p2a: Hydrapple|Earth Power|p1a: Heatran
|-supereffective|p1a: Heatran
|-damage|p1a: Heatran|13/100
|
|-heal|p1a: Heatran|20/100|[from] item: Leftovers
|-damage|p2a: Hydrapple|19/100|[from] move: Magma Storm|[partiallytrapped]
|upkeep
|turn|18
|
|t:|1779843336
|-terastallize|p2a: Hydrapple|Dragon
|move|p1a: Heatran|Earth Power|p2a: Hydrapple
|-damage|p2a: Hydrapple|3/100
|move|p2a: Hydrapple|Draco Meteor|p1a: Heatran
|-resisted|p1a: Heatran
|-damage|p1a: Heatran|0 fnt
|-unboost|p2a: Hydrapple|spa|2
|faint|p1a: Heatran
|
|-end|p2a: Hydrapple|Magma Storm|[partiallytrapped]|[silent]
|-end|p2a: Hydrapple|move: Taunt
|upkeep
|
|t:|1779843349
|switch|p1a: Skeledirge|Skeledirge, F|100/100
|turn|19
|
|t:|1779843362
|switch|p2a: Dachsbun|Dachsbun, M, shiny|48/100
|-terastallize|p1a: Skeledirge|Fairy
|move|p1a: Skeledirge|Hex|p2a: Dachsbun
|-damage|p2a: Dachsbun|24/100
|
|-heal|p2a: Dachsbun|30/100|[from] item: Leftovers
|upkeep
|turn|20
|
|t:|1779843374
|move|p2a: Dachsbun|Wish|p2a: Dachsbun
|move|p1a: Skeledirge|Hex|p2a: Dachsbun
|-damage|p2a: Dachsbun|8/100
|
|-heal|p2a: Dachsbun|14/100|[from] item: Leftovers
|upkeep
|turn|21
|
|t:|1779843388
|move|p2a: Dachsbun|Play Rough|p1a: Skeledirge
|-damage|p1a: Skeledirge|78/100
|-unboost|p1a: Skeledirge|atk|1
|move|p1a: Skeledirge|Hex|p2a: Dachsbun
|-damage|p2a: Dachsbun|0 fnt
|faint|p2a: Dachsbun
|
|-heal|p1a: Skeledirge|84/100|[from] item: Leftovers
|upkeep
|
|t:|1779843394
|switch|p2a: Bisharp|Bisharp, M, shiny|42/100
|turn|22
|
|t:|1779843404
|move|p2a: Bisharp|Iron Head|p1a: Skeledirge
|-supereffective|p1a: Skeledirge
|-damage|p1a: Skeledirge|5/100
|cant|p1a: Skeledirge|flinch
|
|-heal|p1a: Skeledirge|11/100|[from] item: Leftovers
|upkeep
|turn|23
|
|t:|1779843412
|move|p2a: Bisharp|Iron Head|p1a: Skeledirge
|-supereffective|p1a: Skeledirge
|-damage|p1a: Skeledirge|0 fnt
|faint|p1a: Skeledirge
|
|win|key2saucyy
|raw|randomefre's rating: 1189 &rarr; <strong>1163</strong><br />(-26 for losing)
|raw|key2saucyy's rating: 1174 &rarr; <strong>1200</strong><br />(+26 for winning)
|l|☆key2saucyy
|player|p2|
|l|☆randomefre
|player|p1|
