|j|☆Amoroc
|j|☆helpless_01
|t:|1779926900
|gametype|singles
|player|p1|Amoroc|hiker|1167
|player|p2|helpless_01|veteran|1208
|gen|9
|tier|[Gen 9] OU
|rated|
|rule|HP Percentage Mod: HP is shown in percentages
|rule|Endless Battle Clause: Forcing endless battles is banned
|rule|Species Clause: Limit one of each Pokémon
|rule|OHKO Clause: OHKO moves are banned
|rule|Evasion Items Clause: Evasion items are banned
|rule|Evasion Moves Clause: Evasion moves are banned
|rule|Evasion Abilities Clause: Evasion abilities are banned
|rule|Sleep Moves Clause: Sleep-inducing moves are banned
|clearpoke
|poke|p1|Araquanid, M|
|poke|p1|Galvantula, M|
|poke|p1|Ariados, F|
|poke|p1|Spidops, F|
|poke|p1|Haxorus, M|
|poke|p1|Gholdengo|
|poke|p2|Gliscor, F|
|poke|p2|Grimmsnarl, M|
|poke|p2|Dragapult, F|
|poke|p2|Great Tusk|
|poke|p2|Sableye, F|
|poke|p2|Serperior, M|
|teampreview
|inactive|Battle timer is ON: inactive players will automatically lose when time's up. (requested by helpless_01)
|
|t:|1779926916
|teamsize|p1|6
|teamsize|p2|6
|start
|switch|p1a: he trapp|Spidops, F|100/100
|switch|p2a: Grimmsnarl|Grimmsnarl, M|100/100
|turn|1
|
|t:|1779926927
|move|p2a: Grimmsnarl|Thunder Wave|p1a: he trapp
|-status|p1a: he trapp|par
|move|p1a: he trapp|Sticky Web|p2a: Grimmsnarl
|-sidestart|p2: helpless_01|move: Sticky Web
|
|upkeep
|turn|2
|
|t:|1779926933
|move|p2a: Grimmsnarl|Reflect|p2a: Grimmsnarl
|-sidestart|p2: helpless_01|Reflect
|cant|p1a: he trapp|par
|
|upkeep
|turn|3
|
|t:|1779926938
|move|p2a: Grimmsnarl|Light Screen|p2a: Grimmsnarl
|-sidestart|p2: helpless_01|move: Light Screen
|move|p1a: he trapp|Knock Off|p2a: Grimmsnarl
|-resisted|p2a: Grimmsnarl
|-damage|p2a: Grimmsnarl|98/100
|-enditem|p2a: Grimmsnarl|Light Clay|[from] move: Knock Off|[of] p1a: he trapp
|
|upkeep
|turn|4
|
|t:|1779926944
|move|p2a: Grimmsnarl|Parting Shot|p1a: he trapp
|-unboost|p1a: he trapp|atk|1
|-unboost|p1a: he trapp|spa|1
|
|t:|1779926947
|switch|p2a: Great Tusk|Great Tusk|100/100|[from] Parting Shot
|move|p1a: he trapp|U-turn|p2a: Great Tusk
|-resisted|p2a: Great Tusk
|-damage|p2a: Great Tusk|97/100
|
|t:|1779926967
|switch|p1a: he fastt|Galvantula, M|100/100|[from] U-turn
|
|upkeep
|turn|5
|
|t:|1779926974
|move|p1a: he fastt|Giga Drain|p2a: Great Tusk
|-supereffective|p2a: Great Tusk
|-damage|p2a: Great Tusk|62/100
|-damage|p1a: he fastt|91/100|[from] item: Life Orb
|move|p2a: Great Tusk|Rapid Spin|p1a: he fastt
|-damage|p1a: he fastt|63/100
|-boost|p2a: Great Tusk|spe|1
|-sideend|p2: helpless_01|Sticky Web|[from] move: Rapid Spin|[of] p2a: Great Tusk
|
|upkeep
|turn|6
|
|t:|1779926993
|switch|p1a: he protecc|Gholdengo|100/100
|-item|p1a: he protecc|Air Balloon
|-end|p2a: Great Tusk|Protosynthesis|[silent]
|switch|p2a: Sableye|Sableye, F|100/100
|
|upkeep
|turn|7
|
|t:|1779927008
|switch|p1a: he trapp|Spidops, F|100/100 par
|move|p2a: Sableye|Knock Off|p1a: he trapp
|-damage|p1a: he trapp|80/100 par
|-enditem|p1a: he trapp|Leftovers|[from] move: Knock Off|[of] p2a: Sableye
|
|upkeep
|turn|8
|
|t:|1779927018
|move|p2a: Sableye|Knock Off|p1a: he trapp
|-damage|p1a: he trapp|65/100 par
|move|p1a: he trapp|Sticky Web|p2a: Sableye
|-sidestart|p2: helpless_01|move: Sticky Web
|
|upkeep
|turn|9
|
|t:|1779927024
|move|p2a: Sableye|Encore|p1a: he trapp
|-start|p1a: he trapp|Encore
|move|p1a: he trapp|Sticky Web||[still]
|-fail|p1a: he trapp
|
|-sideend|p2: helpless_01|Reflect
|upkeep
|turn|10
|inactive|Amoroc has 120 seconds left.
|
|t:|1779927061
|switch|p1a: he strikes bacc|Ariados, F|100/100
|move|p2a: Sableye|Knock Off|p1a: he strikes bacc
|-damage|p1a: he strikes bacc|65/100
|-enditem|p1a: he strikes bacc|Custap Berry|[from] move: Knock Off|[of] p2a: Sableye
|
|-sideend|p2: helpless_01|move: Light Screen
|upkeep
|turn|11
|inactive|Amoroc has 120 seconds left.
|
|t:|1779927073
|move|p2a: Sableye|Will-O-Wisp|p1a: he strikes bacc
|-status|p1a: he strikes bacc|brn
|move|p1a: he strikes bacc|Megahorn|p2a: Sableye
|-damage|p2a: Sableye|64/100
|
|-heal|p2a: Sableye|70/100|[from] item: Leftovers
|-damage|p1a: he strikes bacc|59/100 brn|[from] brn
|upkeep
|turn|12
|inactive|Amoroc has 120 seconds left.
|
|t:|1779927088
|move|p2a: Sableye|Recover|p2a: Sableye
|-heal|p2a: Sableye|100/100
|move|p1a: he strikes bacc|Toxic Spikes|p2a: Sableye
|-sidestart|p2: helpless_01|move: Toxic Spikes
|
|-damage|p1a: he strikes bacc|53/100 brn|[from] brn
|upkeep
|turn|13
|
|t:|1779927096
|switch|p1a: he fastt|Galvantula, M|63/100
|move|p2a: Sableye|Encore||[still]
|-fail|p2a: Sableye
|
|upkeep
|turn|14
|
|t:|1779927106
|move|p1a: he fastt|Giga Drain|p2a: Sableye
|-damage|p2a: Sableye|70/100
|-heal|p1a: he fastt|80/100|[from] drain|[of] p2a: Sableye
|-damage|p1a: he fastt|70/100|[from] item: Life Orb
|move|p2a: Sableye|Knock Off|p1a: he fastt
|-damage|p1a: he fastt|19/100
|-enditem|p1a: he fastt|Life Orb|[from] move: Knock Off|[of] p2a: Sableye
|
|-heal|p2a: Sableye|76/100|[from] item: Leftovers
|upkeep
|turn|15
|
|t:|1779927120
|move|p1a: he fastt|Volt Switch|p2a: Sableye
|-damage|p2a: Sableye|44/100
|
|t:|1779927125
|switch|p1a: he trapp|Spidops, F|65/100 par|[from] Volt Switch
|move|p2a: Sableye|Knock Off|p1a: he trapp
|-damage|p1a: he trapp|50/100 par
|
|-heal|p2a: Sableye|50/100|[from] item: Leftovers
|upkeep
|turn|16
|
|t:|1779927140
|switch|p2a: Great Tusk|Great Tusk|62/100
|cant|p1a: he trapp|par
|
|upkeep
|turn|17
|
|t:|1779927147
|switch|p1a: he protecc|Gholdengo|100/100
|-item|p1a: he protecc|Air Balloon
|move|p2a: Great Tusk|Rapid Spin|p1a: he protecc
|-immune|p1a: he protecc
|
|upkeep
|turn|18
|
|t:|1779927159
|move|p1a: he protecc|Nasty Plot|p1a: he protecc
|-boost|p1a: he protecc|spa|2
|move|p2a: Great Tusk|Ice Spinner|p1a: he protecc
|-resisted|p1a: he protecc
|-damage|p1a: he protecc|88/100
|-enditem|p1a: he protecc|Air Balloon
|
|upkeep
|turn|19
|
|t:|1779927180
|-end|p2a: Great Tusk|Protosynthesis|[silent]
|switch|p2a: Grimmsnarl|Grimmsnarl, M|98/100
|-activate|p2a: Grimmsnarl|move: Sticky Web
|-unboost|p2a: Grimmsnarl|spe|1
|-status|p2a: Grimmsnarl|psn
|move|p1a: he protecc|Shadow Ball|p2a: Grimmsnarl
|-resisted|p2a: Grimmsnarl
|-damage|p2a: Grimmsnarl|62/100 psn
|
|-damage|p2a: Grimmsnarl|49/100 psn|[from] psn
|upkeep
|turn|20
|
|t:|1779927209
|switch|p1a: he fastt|Galvantula, M|19/100
|move|p2a: Grimmsnarl|Light Screen|p2a: Grimmsnarl
|-sidestart|p2: helpless_01|move: Light Screen
|
|-damage|p2a: Grimmsnarl|37/100 psn|[from] psn
|upkeep
|turn|21
|
|t:|1779927217
|move|p2a: Grimmsnarl|Parting Shot|p1a: he fastt
|-unboost|p1a: he fastt|atk|1
|-unboost|p1a: he fastt|spa|1
|
|t:|1779927221
|switch|p2a: Great Tusk|Great Tusk|62/100|[from] Parting Shot
|move|p1a: he fastt|Giga Drain|p2a: Great Tusk
|-supereffective|p2a: Great Tusk
|-damage|p2a: Great Tusk|42/100
|-heal|p1a: he fastt|35/100|[from] drain|[of] p2a: Great Tusk
|
|upkeep
|turn|22
|
|t:|1779927234
|switch|p1a: he fatt|Araquanid, M|100/100
|move|p2a: Great Tusk|Ice Spinner|p1a: he fatt
|-resisted|p1a: he fatt
|-damage|p1a: he fatt|85/100
|
|upkeep
|turn|23
|
|t:|1779927241
|move|p2a: Great Tusk|Rapid Spin|p1a: he fatt
|-damage|p1a: he fatt|65/100
|-boost|p2a: Great Tusk|spe|1
|-sideend|p2: helpless_01|Toxic Spikes|[from] move: Rapid Spin|[of] p2a: Great Tusk
|-sideend|p2: helpless_01|Sticky Web|[from] move: Rapid Spin|[of] p2a: Great Tusk
|move|p1a: he fatt|Liquidation|p2a: Great Tusk
|-supereffective|p2a: Great Tusk
|-damage|p2a: Great Tusk|0 fnt
|faint|p2a: Great Tusk
|-end|p2a: Great Tusk|Protosynthesis|[silent]
|
|upkeep
|
|t:|1779927253
|switch|p2a: Dragapult|Dragapult, F|100/100
|turn|24
|
|t:|1779927266
|switch|p1a: he trapp|Spidops, F|50/100 par
|move|p2a: Dragapult|Fire Blast|p1a: he trapp
|-supereffective|p1a: he trapp
|-damage|p1a: he trapp|0 fnt
|faint|p1a: he trapp
|
|-sideend|p2: helpless_01|move: Light Screen
|upkeep
|
|t:|1779927282
|switch|p1a: he attacc|Haxorus, M|100/100
|-ability|p1a: he attacc|Mold Breaker
|turn|25
|
|t:|1779927299
|switch|p2a: Serperior|Serperior, M|100/100
|-terastallize|p1a: he attacc|Fire
|move|p1a: he attacc|Outrage|p2a: Serperior
|-damage|p2a: Serperior|10/100
|
|-heal|p2a: Serperior|16/100|[from] item: Leftovers
|upkeep
|turn|26
|
|t:|1779927314
|move|p2a: Serperior|Glare|p1a: he attacc
|-status|p1a: he attacc|par
|move|p1a: he attacc|Outrage|p2a: Serperior|[from] lockedmove
|-damage|p2a: Serperior|0 fnt
|faint|p2a: Serperior
|
|upkeep
|
|t:|1779927324
|switch|p2a: Dragapult|Dragapult, F|100/100
|turn|27
|
|t:|1779927332
|move|p2a: Dragapult|Hex|p1a: he attacc
|-enditem|p1a: he attacc|Focus Sash
|-damage|p1a: he attacc|1/100 par
|move|p1a: he attacc|Outrage|p2a: Dragapult|[from] lockedmove
|-supereffective|p2a: Dragapult
|-damage|p2a: Dragapult|0 fnt
|faint|p2a: Dragapult
|-start|p1a: he attacc|confusion|[fatigue]
|
|upkeep
|
|t:|1779927353
|switch|p2a: Grimmsnarl|Grimmsnarl, M|37/100 psn
|turn|28
|
|t:|1779927361
|move|p2a: Grimmsnarl|Parting Shot|p1a: he attacc
|-unboost|p1a: he attacc|atk|1
|-unboost|p1a: he attacc|spa|1
|
|t:|1779927363
|switch|p2a: Gliscor|Gliscor, F|100/100|[from] Parting Shot
|-activate|p1a: he attacc|confusion
|-damage|p1a: he attacc|0 fnt|[from] confusion
|faint|p1a: he attacc
|
|-status|p2a: Gliscor|tox|[from] item: Toxic Orb
|upkeep
|
|t:|1779927378
|switch|p1a: he fastt|Galvantula, M|35/100
|turn|29
|
|t:|1779927387
|move|p1a: he fastt|Giga Drain|p2a: Gliscor
|-crit|p2a: Gliscor
|-damage|p2a: Gliscor|61/100 tox
|-heal|p1a: he fastt|60/100|[from] drain|[of] p2a: Gliscor
|move|p2a: Gliscor|Facade|p1a: he fastt
|-damage|p1a: he fastt|0 fnt
|faint|p1a: he fastt
|
|-heal|p2a: Gliscor|73/100 tox|[from] ability: Poison Heal
|upkeep
|
|t:|1779927399
|switch|p1a: he fatt|Araquanid, M|65/100
|turn|30
|
|t:|1779927403
|move|p2a: Gliscor|Facade|p1a: he fatt
|-damage|p1a: he fatt|6/100
|move|p1a: he fatt|Liquidation|p2a: Gliscor
|-supereffective|p2a: Gliscor
|-damage|p2a: Gliscor|0 fnt
|faint|p2a: Gliscor
|
|upkeep
|
|t:|1779927416
|switch|p2a: Sableye|Sableye, F|50/100
|turn|31
|
|t:|1779927427
|move|p2a: Sableye|Knock Off|p1a: he fatt
|-damage|p1a: he fatt|0 fnt
|-enditem|p1a: he fatt|Choice Band|[from] move: Knock Off|[of] p2a: Sableye
|faint|p1a: he fatt
|
|-heal|p2a: Sableye|56/100|[from] item: Leftovers
|upkeep
|
|t:|1779927435
|switch|p1a: he protecc|Gholdengo|88/100
|turn|32
|
|t:|1779927442
|move|p2a: Sableye|Recover|p2a: Sableye
|-heal|p2a: Sableye|100/100
|move|p1a: he protecc|Make It Rain|p2a: Sableye
|-damage|p2a: Sableye|25/100
|-unboost|p1a: he protecc|spa|1
|
|-heal|p2a: Sableye|31/100|[from] item: Leftovers
|upkeep
|turn|33
|inactive|helpless_01 has 120 seconds left.
|
|t:|1779927477
|move|p2a: Sableye|Recover|p2a: Sableye
|-heal|p2a: Sableye|81/100
|move|p1a: he protecc|Nasty Plot|p1a: he protecc
|-boost|p1a: he protecc|spa|2
|
|-heal|p2a: Sableye|87/100|[from] item: Leftovers
|upkeep
|turn|34
|inactive|helpless_01 has 120 seconds left.
|
|t:|1779927485
|switch|p1a: he strikes bacc|Ariados, F|53/100 brn
|move|p2a: Sableye|Encore||[still]
|-fail|p2a: Sableye
|
|-heal|p2a: Sableye|93/100|[from] item: Leftovers
|-damage|p1a: he strikes bacc|46/100 brn|[from] brn
|upkeep
|turn|35
|inactive|helpless_01 has 120 seconds left.
|
|t:|1779927496
|move|p2a: Sableye|Knock Off|p1a: he strikes bacc
|-damage|p1a: he strikes bacc|23/100 brn
|move|p1a: he strikes bacc|Megahorn|p2a: Sableye
|-damage|p2a: Sableye|34/100
|
|-heal|p2a: Sableye|41/100|[from] item: Leftovers
|-damage|p1a: he strikes bacc|17/100 brn|[from] brn
|upkeep
|turn|36
|inactive|helpless_01 has 120 seconds left.
|
|t:|1779927509
|move|p2a: Sableye|Recover|p2a: Sableye
|-heal|p2a: Sableye|91/100
|move|p1a: he strikes bacc|Megahorn|p2a: Sableye
|-damage|p2a: Sableye|37/100
|
|-heal|p2a: Sableye|44/100|[from] item: Leftovers
|-damage|p1a: he strikes bacc|11/100 brn|[from] brn
|upkeep
|turn|37
|
|t:|1779927519
|move|p2a: Sableye|Recover|p2a: Sableye
|-heal|p2a: Sableye|94/100
|move|p1a: he strikes bacc|Megahorn|p2a: Sableye
|-damage|p2a: Sableye|35/100
|
|-heal|p2a: Sableye|42/100|[from] item: Leftovers
|-damage|p1a: he strikes bacc|5/100 brn|[from] brn
|upkeep
|turn|38
|
|t:|1779927529
|move|p2a: Sableye|Recover|p2a: Sableye
|-heal|p2a: Sableye|92/100
|move|p1a: he strikes bacc|Megahorn|p2a: Sableye
|-damage|p2a: Sableye|36/100
|
|-heal|p2a: Sableye|42/100|[from] item: Leftovers
|-damage|p1a: he strikes bacc|0 fnt|[from] brn
|faint|p1a: he strikes bacc
|upkeep
|
|t:|1779927537
|switch|p1a: he protecc|Gholdengo|88/100
|turn|39
|
|t:|1779927544
|move|p2a: Sableye|Recover|p2a: Sableye
|-heal|p2a: Sableye|92/100
|move|p1a: he protecc|Nasty Plot|p1a: he protecc
|-boost|p1a: he protecc|spa|2
|
|-heal|p2a: Sableye|99/100|[from] item: Leftovers
|upkeep
|turn|40
|
|t:|1779927552
|move|p2a: Sableye|Encore|p1a: he protecc
|-immune|p1a: he protecc|[from] ability: Good as Gold
|move|p1a: he protecc|Make It Rain|p2a: Sableye
|-damage|p2a: Sableye|0 fnt
|-unboost|p1a: he protecc|spa|1
|faint|p2a: Sableye
|
|upkeep
|
|t:|1779927563
|switch|p2a: Grimmsnarl|Grimmsnarl, M|37/100 psn
|turn|41
|c|☆Amoroc|gg
|-message|helpless_01 forfeited.
|
|win|Amoroc
|raw|Amoroc's rating: 1167 &rarr; <strong>1195</strong><br />(+28 for winning)
|raw|helpless_01's rating: 1208 &rarr; <strong>1180</strong><br />(-28 for losing)
|l|☆helpless_01
|player|p2|
|l|☆Amoroc
|player|p1|
