|j|☆SimbaQLF
|j|☆Nyctoxy
|t:|1779805954
|gametype|singles
|player|p1|SimbaQLF|bellepa|1127
|player|p2|Nyctoxy|2|1154
|gen|9
|tier|[Gen 9] OU
|rated|
|rule|HP Percentage Mod: HP is shown in percentages
|rule|Endless Battle Clause: Forcing endless battles is banned
|rule|Species Clause: Limit one of each Pokémon
|rule|OHKO Clause: OHKO moves are banned
|rule|Evasion Items Clause: Evasion items are banned
|rule|Evasion Moves Clause: Evasion moves are banned
|rule|Evasion Abilities Clause: Evasion abilities are banned
|rule|Sleep Moves Clause: Sleep-inducing moves are banned
|clearpoke
|poke|p1|Poliwrath, M|
|poke|p1|Enamorus, F|
|poke|p1|Rillaboom, F|
|poke|p1|Iron Crown|
|poke|p1|Great Tusk|
|poke|p1|Heatran, F|
|poke|p2|Hydrapple, F|
|poke|p2|Slowking, F|
|poke|p2|Great Tusk|
|poke|p2|Moltres|
|poke|p2|Zamazenta-*|
|poke|p2|Kingambit, F|
|teampreview
|inactive|Battle timer is ON: inactive players will automatically lose when time's up. (requested by Nyctoxy)
|
|t:|1779805968
|teamsize|p1|6
|teamsize|p2|6
|start
|switch|p1a: Yukule|Heatran, F|100/100
|switch|p2a: Zamazenta|Zamazenta|100/100
|-ability|p2a: Zamazenta|Dauntless Shield|boost
|-boost|p2a: Zamazenta|def|1
|turn|1
|
|t:|1779805976
|move|p2a: Zamazenta|Body Press|p1a: Yukule
|-supereffective|p1a: Yukule
|-damage|p1a: Yukule|15/100
|move|p1a: Yukule|Taunt|p2a: Zamazenta
|-start|p2a: Zamazenta|move: Taunt
|
|-heal|p1a: Yukule|21/100|[from] item: Leftovers
|upkeep
|turn|2
|inactive|SimbaQLF has 120 seconds left.
|
|t:|1779806008
|switch|p1a: John|Iron Crown|100/100
|move|p2a: Zamazenta|Body Press|p1a: John
|-damage|p1a: John|54/100
|
|upkeep
|turn|3
|
|t:|1779806015
|move|p2a: Zamazenta|Crunch|p1a: John
|-supereffective|p1a: John
|-damage|p1a: John|0 fnt
|faint|p1a: John
|-end|p1a: John|Quark Drive|[silent]
|
|upkeep
|
|t:|1779806019
|switch|p1a: Ugly baddie|Enamorus, F|100/100
|turn|4
|
|t:|1779806026
|switch|p2a: Slowking|Slowking, F|100/100
|move|p1a: Ugly baddie|Moonblast|p2a: Slowking
|-damage|p2a: Slowking|69/100
|
|upkeep
|turn|5
|
|t:|1779806037
|switch|p1a: Sinj|Rillaboom, F|100/100
|-fieldstart|move: Grassy Terrain|[from] ability: Grassy Surge|[of] p1a: Sinj
|move|p2a: Slowking|Thunder Wave|p1a: Sinj
|-status|p1a: Sinj|par
|
|-heal|p2a: Slowking|75/100|[from] Grassy Terrain
|upkeep
|turn|6
|
|t:|1779806047
|move|p1a: Sinj|Knock Off|p2a: Slowking
|-supereffective|p2a: Slowking
|-damage|p2a: Slowking|0 fnt
|-enditem|p2a: Slowking|Heavy-Duty Boots|[from] move: Knock Off|[of] p1a: Sinj
|faint|p2a: Slowking
|
|upkeep
|
|t:|1779806051
|switch|p2a: Moltres|Moltres|100/100
|turn|7
|
|t:|1779806055
|switch|p1a: Doule|Poliwrath, M, shiny|100/100
|move|p2a: Moltres|Flamethrower|p1a: Doule
|-resisted|p1a: Doule
|-damage|p1a: Doule|79/100
|
|-heal|p1a: Doule|85/100|[from] Grassy Terrain
|-heal|p1a: Doule|91/100|[from] item: Leftovers
|upkeep
|turn|8
|
|t:|1779806063
|move|p1a: Doule|Bulk Up|p1a: Doule
|-boost|p1a: Doule|atk|1
|-boost|p1a: Doule|def|1
|move|p2a: Moltres|Roar|p1a: Doule
|drag|p1a: Chak|Great Tusk|100/100
|
|upkeep
|turn|9
|
|t:|1779806075
|move|p1a: Chak|Knock Off|p2a: Moltres
|-damage|p2a: Moltres|82/100
|-enditem|p2a: Moltres|Heavy-Duty Boots|[from] move: Knock Off|[of] p1a: Chak
|move|p2a: Moltres|Flamethrower|p1a: Chak
|-damage|p1a: Chak|50/100
|
|-heal|p1a: Chak|56/100|[from] Grassy Terrain
|-fieldend|move: Grassy Terrain
|upkeep
|turn|10
|
|t:|1779806089
|-terastallize|p1a: Chak|Water
|move|p1a: Chak|Ice Spinner|p2a: Moltres
|-damage|p2a: Moltres|67/100
|move|p2a: Moltres|Flamethrower|p1a: Chak
|-resisted|p1a: Chak
|-damage|p1a: Chak|34/100
|
|upkeep
|turn|11
|l|☆Nyctoxy
|inactive|Nyctoxy disconnected and has a minute to reconnect!
|player|p2|
|inactive|Nyctoxy has 30 seconds to reconnect!
|inactive|Nyctoxy has 20 seconds to reconnect!
|inactive|Nyctoxy has 15 seconds to reconnect!
|inactive|Nyctoxy has 10 seconds to reconnect!
|inactive|Nyctoxy has 5 seconds to reconnect!
|-message|Nyctoxy lost due to inactivity.
|
|win|SimbaQLF
|raw|SimbaQLF's rating: 1127 &rarr; <strong>1154</strong><br />(+27 for winning)
|raw|Nyctoxy's rating: 1154 &rarr; <strong>1127</strong><br />(-27 for losing)
|l|☆SimbaQLF
|player|p1|
