|j|☆4axes
|j|☆magikarp soup
|t:|1779802772
|gametype|singles
|player|p1|4axes|workerice|1617
|player|p2|magikarp soup|medium|1632
|gen|9
|tier|[Gen 9] OU
|rated|
|rule|HP Percentage Mod: HP is shown in percentages
|rule|Endless Battle Clause: Forcing endless battles is banned
|rule|Species Clause: Limit one of each Pokémon
|rule|OHKO Clause: OHKO moves are banned
|rule|Evasion Items Clause: Evasion items are banned
|rule|Evasion Moves Clause: Evasion moves are banned
|rule|Evasion Abilities Clause: Evasion abilities are banned
|rule|Sleep Moves Clause: Sleep-inducing moves are banned
|clearpoke
|poke|p1|Zamazenta-*|
|poke|p1|Sinistcha|
|poke|p1|Gliscor, M|
|poke|p1|Corviknight, M|
|poke|p1|Kingambit, F|
|poke|p1|Iron Moth|
|poke|p2|Cramorant, F|
|poke|p2|Ceruledge, F|
|poke|p2|Kyurem|
|poke|p2|Moltres-Galar|
|poke|p2|Kingambit, F|
|poke|p2|Okidogi, M|
|teampreview
|inactive|Battle timer is ON: inactive players will automatically lose when time's up. (requested by 4axes)
|
|t:|1779802779
|teamsize|p1|6
|teamsize|p2|6
|start
|switch|p1a: Kingambit|Kingambit, F|100/100
|switch|p2a: Cramorant|Cramorant, F|100/100
|turn|1
|
|t:|1779802783
|move|p2a: Cramorant|Surf|p1a: Kingambit
|-formechange|p2a: Cramorant|Cramorant-Gulping|
|-damage|p1a: Kingambit|60/100
|move|p1a: Kingambit|Stealth Rock|p2a: Cramorant
|-sidestart|p2: magikarp soup|move: Stealth Rock
|
|-heal|p1a: Kingambit|66/100|[from] item: Leftovers
|upkeep
|turn|2
|
|t:|1779802788
|-end|p1a: Kingambit|fallenundefined|[silent]
|switch|p1a: Corviknight|Corviknight, M|100/100
|-ability|p1a: Corviknight|Pressure
|move|p2a: Cramorant|Defog|p1a: Corviknight
|-unboost|p1a: Corviknight|evasion|1
|-sideend|p2: magikarp soup|Stealth Rock|[from] move: Defog|[of] p2a: Cramorant
|
|upkeep
|turn|3
|
|t:|1779802798
|move|p2a: Cramorant|Surf|p1a: Corviknight
|-damage|p1a: Corviknight|78/100
|move|p1a: Corviknight|Iron Head|p2a: Cramorant
|-resisted|p2a: Cramorant
|-damage|p2a: Cramorant|78/100
|-damage|p1a: Corviknight|53/100|[from] ability: Gulp Missile|[of] p2a: Cramorant
|-unboost|p1a: Corviknight|def|1
|-formechange|p2a: Cramorant|Cramorant|
|
|-heal|p1a: Corviknight|59/100|[from] item: Leftovers
|upkeep
|turn|4
|
|t:|1779802802
|move|p2a: Cramorant|Surf|p1a: Corviknight
|-formechange|p2a: Cramorant|Cramorant-Gulping|
|-damage|p1a: Corviknight|35/100
|move|p1a: Corviknight|Roost|p1a: Corviknight
|-heal|p1a: Corviknight|85/100
|-singleturn|p1a: Corviknight|move: Roost
|
|-heal|p1a: Corviknight|91/100|[from] item: Leftovers
|upkeep
|turn|5
|
|t:|1779802811
|move|p2a: Cramorant|Surf|p1a: Corviknight
|-damage|p1a: Corviknight|69/100
|move|p1a: Corviknight|Iron Head|p2a: Cramorant
|-resisted|p2a: Cramorant
|-damage|p2a: Cramorant|55/100
|-damage|p1a: Corviknight|44/100|[from] ability: Gulp Missile|[of] p2a: Cramorant
|-unboost|p1a: Corviknight|def|1
|-formechange|p2a: Cramorant|Cramorant|
|
|-heal|p1a: Corviknight|50/100|[from] item: Leftovers
|upkeep
|turn|6
|
|t:|1779802816
|move|p2a: Cramorant|Surf|p1a: Corviknight
|-formechange|p2a: Cramorant|Cramorant-Gulping|
|-damage|p1a: Corviknight|27/100
|move|p1a: Corviknight|Roost|p1a: Corviknight
|-heal|p1a: Corviknight|77/100
|-singleturn|p1a: Corviknight|move: Roost
|
|-heal|p1a: Corviknight|84/100|[from] item: Leftovers
|upkeep
|turn|7
|
|t:|1779802819
|move|p2a: Cramorant|Surf|p1a: Corviknight
|-damage|p1a: Corviknight|60/100
|move|p1a: Corviknight|Iron Head|p2a: Cramorant
|-resisted|p2a: Cramorant
|-damage|p2a: Cramorant|28/100
|-damage|p1a: Corviknight|35/100|[from] ability: Gulp Missile|[of] p2a: Cramorant
|-unboost|p1a: Corviknight|def|1
|-formechange|p2a: Cramorant|Cramorant|
|
|-heal|p1a: Corviknight|41/100|[from] item: Leftovers
|upkeep
|turn|8
|
|t:|1779802823
|move|p2a: Cramorant|Surf|p1a: Corviknight
|-formechange|p2a: Cramorant|Cramorant-Gorging|
|-damage|p1a: Corviknight|17/100
|move|p1a: Corviknight|Roost|p1a: Corviknight
|-heal|p1a: Corviknight|67/100
|-singleturn|p1a: Corviknight|move: Roost
|
|-heal|p1a: Corviknight|73/100|[from] item: Leftovers
|upkeep
|turn|9
|
|t:|1779802828
|move|p2a: Cramorant|Tailwind|p2a: Cramorant
|-sidestart|p2: magikarp soup|move: Tailwind
|move|p1a: Corviknight|Rest|p1a: Corviknight
|-status|p1a: Corviknight|slp|[from] move: Rest
|-heal|p1a: Corviknight|100/100 slp|[silent]
|
|upkeep
|turn|10
|
|t:|1779802841
|switch|p2a: Ceruledge|Ceruledge, F|100/100
|cant|p1a: Corviknight|slp
|move|p1a: Corviknight|Sleep Talk|p1a: Corviknight
|move|p1a: Corviknight|Roost||[from] move: Sleep Talk|[still]
|-fail|p1a: Corviknight|heal
|
|upkeep
|turn|11
|j| invmenot
|inactive|4axes has 120 seconds left.
|
|t:|1779802875
|switch|p1a: Sinistcha|Sinistcha|100/100
|move|p2a: Ceruledge|Swords Dance|p2a: Ceruledge
|-boost|p2a: Ceruledge|atk|2
|
|upkeep
|turn|12
|
|t:|1779802879
|-terastallize|p1a: Sinistcha|Fire
|move|p2a: Ceruledge|Poltergeist|p1a: Sinistcha
|-activate|p1a: Sinistcha|move: Poltergeist|Heavy-Duty Boots
|-damage|p1a: Sinistcha|31/100
|move|p1a: Sinistcha|Shadow Ball|p2a: Ceruledge
|-supereffective|p2a: Ceruledge
|-damage|p2a: Ceruledge|22/100
|
|-sideend|p2: magikarp soup|move: Tailwind
|upkeep
|turn|13
|
|t:|1779802888
|move|p2a: Ceruledge|Poltergeist|p1a: Sinistcha
|-activate|p1a: Sinistcha|move: Poltergeist|Heavy-Duty Boots
|-damage|p1a: Sinistcha|0 fnt
|faint|p1a: Sinistcha
|
|upkeep
|j| Disscratch
|j| 0RickMountStrong
|
|t:|1779802895
|switch|p1a: Zamazenta|Zamazenta|100/100
|-ability|p1a: Zamazenta|Dauntless Shield|boost
|-boost|p1a: Zamazenta|def|1
|turn|14
|j| zama-bin-ladderin
|
|t:|1779802912
|move|p1a: Zamazenta|Crunch|p2a: Ceruledge
|-supereffective|p2a: Ceruledge
|-damage|p2a: Ceruledge|0 fnt
|faint|p2a: Ceruledge
|
|upkeep
|
|t:|1779802917
|switch|p2a: Cramorant|Cramorant, F|28/100
|turn|15
|
|t:|1779802920
|switch|p1a: Gliscor|Gliscor, M|100/100
|move|p2a: Cramorant|Surf|p1a: Gliscor
|-formechange|p2a: Cramorant|Cramorant-Gorging|
|-supereffective|p1a: Gliscor
|-damage|p1a: Gliscor|41/100
|
|-status|p1a: Gliscor|tox|[from] item: Toxic Orb
|upkeep
|turn|16
|
|t:|1779802926
|move|p1a: Gliscor|Protect|p1a: Gliscor
|-singleturn|p1a: Gliscor|Protect
|move|p2a: Cramorant|Tailwind|p2a: Cramorant
|-sidestart|p2: magikarp soup|move: Tailwind
|
|-heal|p1a: Gliscor|53/100 tox|[from] ability: Poison Heal
|upkeep
|turn|17
|
|t:|1779802930
|switch|p1a: Corviknight|Corviknight, M|100/100 slp
|-ability|p1a: Corviknight|Pressure
|move|p2a: Cramorant|Surf|p1a: Corviknight
|-damage|p1a: Corviknight|74/100 slp
|
|-heal|p1a: Corviknight|80/100 slp|[from] item: Leftovers
|upkeep
|turn|18
|
|t:|1779802940
|switch|p2a: Moltres|Moltres-Galar|100/100
|cant|p1a: Corviknight|slp
|move|p1a: Corviknight|Sleep Talk|p1a: Corviknight
|move|p1a: Corviknight|Rest||[from] move: Sleep Talk|[still]
|-fail|p1a: Corviknight
|
|-heal|p1a: Corviknight|87/100 slp|[from] item: Leftovers
|upkeep
|turn|19
|
|t:|1779802949
|switch|p1a: Iron Moth|Iron Moth|100/100
|move|p2a: Moltres|Nasty Plot|p2a: Moltres
|-boost|p2a: Moltres|spa|2
|
|-sideend|p2: magikarp soup|move: Tailwind
|upkeep
|turn|20
|
|t:|1779802953
|move|p1a: Iron Moth|Toxic|p2a: Moltres
|-status|p2a: Moltres|tox
|move|p2a: Moltres|Fiery Wrath|p1a: Iron Moth
|-damage|p1a: Iron Moth|32/100
|
|-damage|p2a: Moltres|94/100 tox|[from] psn
|upkeep
|turn|21
|
|t:|1779802959
|move|p1a: Iron Moth|Morning Sun|p1a: Iron Moth
|-heal|p1a: Iron Moth|82/100
|move|p2a: Moltres|Fiery Wrath|p1a: Iron Moth
|-damage|p1a: Iron Moth|19/100
|
|-damage|p2a: Moltres|82/100 tox|[from] psn
|upkeep
|turn|22
|
|t:|1779802970
|move|p1a: Iron Moth|Morning Sun|p1a: Iron Moth
|-heal|p1a: Iron Moth|69/100
|move|p2a: Moltres|Nasty Plot|p2a: Moltres
|-boost|p2a: Moltres|spa|2
|
|-damage|p2a: Moltres|63/100 tox|[from] psn
|upkeep
|turn|23
|
|t:|1779802979
|move|p1a: Iron Moth|Sludge Wave|p2a: Moltres
|-damage|p2a: Moltres|24/100 tox
|-ability|p2a: Moltres|Berserk|boost
|-boost|p2a: Moltres|spa|1
|-enditem|p2a: Moltres|Sitrus Berry|[eat]
|-heal|p2a: Moltres|49/100 tox|[from] item: Sitrus Berry
|move|p2a: Moltres|Fiery Wrath|p1a: Iron Moth
|-damage|p1a: Iron Moth|0 fnt
|faint|p1a: Iron Moth
|-end|p1a: Iron Moth|Quark Drive|[silent]
|
|-damage|p2a: Moltres|24/100 tox|[from] psn
|upkeep
|
|t:|1779802986
|switch|p1a: Gliscor|Gliscor, M|53/100 tox
|turn|24
|inactive|magikarp soup has 120 seconds left.
|
|t:|1779803021
|move|p1a: Gliscor|Protect|p1a: Gliscor
|-singleturn|p1a: Gliscor|Protect
|move|p2a: Moltres|Fiery Wrath|p1a: Gliscor
|-activate|p1a: Gliscor|move: Protect
|
|-damage|p2a: Moltres|0 fnt|[from] psn
|faint|p2a: Moltres
|-heal|p1a: Gliscor|66/100 tox|[from] ability: Poison Heal
|upkeep
|
|t:|1779803024
|switch|p2a: Cramorant|Cramorant, F|28/100
|turn|25
|
|t:|1779803032
|switch|p1a: Corviknight|Corviknight, M|87/100 slp
|-ability|p1a: Corviknight|Pressure
|move|p2a: Cramorant|Surf|p1a: Corviknight
|-formechange|p2a: Cramorant|Cramorant-Gorging|
|-damage|p1a: Corviknight|63/100 slp
|
|-heal|p1a: Corviknight|70/100 slp|[from] item: Leftovers
|upkeep
|turn|26
|
|t:|1779803038
|move|p2a: Cramorant|Surf|p1a: Corviknight
|-damage|p1a: Corviknight|47/100 slp
|-curestatus|p1a: Corviknight|slp|[msg]
|move|p1a: Corviknight|Rest|p1a: Corviknight
|-status|p1a: Corviknight|slp|[from] move: Rest
|-heal|p1a: Corviknight|100/100 slp|[silent]
|
|upkeep
|turn|27
|j| arturohdez
|
|t:|1779803051
|switch|p2a: Kyurem|Kyurem|100/100
|-ability|p2a: Kyurem|Pressure
|cant|p1a: Corviknight|slp
|move|p1a: Corviknight|Sleep Talk|p1a: Corviknight
|move|p1a: Corviknight|Iron Head|p2a: Kyurem|[from] move: Sleep Talk
|-supereffective|p2a: Kyurem
|-damage|p2a: Kyurem|55/100
|
|upkeep
|turn|28
|
|t:|1779803059
|move|p2a: Kyurem|Dragon Dance|p2a: Kyurem
|-boost|p2a: Kyurem|atk|1
|-boost|p2a: Kyurem|spe|1
|cant|p1a: Corviknight|slp
|move|p1a: Corviknight|Sleep Talk|p1a: Corviknight
|move|p1a: Corviknight|Iron Head|p2a: Kyurem|[from] move: Sleep Talk
|-supereffective|p2a: Kyurem
|-damage|p2a: Kyurem|10/100
|
|upkeep
|turn|29
|
|t:|1779803067
|switch|p1a: Kingambit|Kingambit, F|66/100
|-activate|p1a: Kingambit|ability: Supreme Overlord
|-start|p1a: Kingambit|fallen2|[silent]
|move|p2a: Kyurem|Icicle Spear|p1a: Kingambit
|-resisted|p1a: Kingambit
|-damage|p1a: Kingambit|57/100
|-resisted|p1a: Kingambit
|-damage|p1a: Kingambit|50/100
|-resisted|p1a: Kingambit
|-damage|p1a: Kingambit|41/100
|-resisted|p1a: Kingambit
|-damage|p1a: Kingambit|32/100
|-resisted|p1a: Kingambit
|-damage|p1a: Kingambit|24/100
|-hitcount|p1a: Kingambit|5
|
|-heal|p1a: Kingambit|30/100|[from] item: Leftovers
|upkeep
|turn|30
|
|t:|1779803073
|move|p1a: Kingambit|Sucker Punch|p2a: Kyurem
|-damage|p2a: Kyurem|0 fnt
|faint|p2a: Kyurem
|
|-heal|p1a: Kingambit|36/100|[from] item: Leftovers
|upkeep
|
|t:|1779803077
|switch|p2a: Okidogi|Okidogi, M|100/100
|turn|31
|
|t:|1779803085
|-end|p1a: Kingambit|fallen2|[silent]
|switch|p1a: Gliscor|Gliscor, M|66/100 tox
|move|p2a: Okidogi|Bulk Up|p2a: Okidogi
|-boost|p2a: Okidogi|atk|1
|-boost|p2a: Okidogi|def|1
|
|-heal|p1a: Gliscor|78/100 tox|[from] ability: Poison Heal
|upkeep
|turn|32
|
|t:|1779803095
|move|p1a: Gliscor|Earthquake|p2a: Okidogi
|-supereffective|p2a: Okidogi
|-damage|p2a: Okidogi|63/100
|move|p2a: Okidogi|Bulk Up|p2a: Okidogi
|-boost|p2a: Okidogi|atk|1
|-boost|p2a: Okidogi|def|1
|
|-heal|p2a: Okidogi|69/100|[from] item: Leftovers
|-heal|p1a: Gliscor|91/100 tox|[from] ability: Poison Heal
|upkeep
|turn|33
|
|t:|1779803100
|move|p1a: Gliscor|Earthquake|p2a: Okidogi
|-supereffective|p2a: Okidogi
|-damage|p2a: Okidogi|41/100
|move|p2a: Okidogi|Gunk Shot|p1a: Gliscor
|-resisted|p1a: Gliscor
|-damage|p1a: Gliscor|39/100 tox
|
|-heal|p2a: Okidogi|47/100|[from] item: Leftovers
|-heal|p1a: Gliscor|52/100 tox|[from] ability: Poison Heal
|upkeep
|turn|34
|
|t:|1779803105
|move|p1a: Gliscor|Earthquake|p2a: Okidogi
|-supereffective|p2a: Okidogi
|-damage|p2a: Okidogi|20/100
|move|p2a: Okidogi|Drain Punch|p1a: Gliscor
|-resisted|p1a: Gliscor
|-damage|p1a: Gliscor|17/100 tox
|-heal|p2a: Okidogi|36/100|[from] drain|[of] p1a: Gliscor
|
|-heal|p2a: Okidogi|42/100|[from] item: Leftovers
|-heal|p1a: Gliscor|29/100 tox|[from] ability: Poison Heal
|upkeep
|turn|35
|
|t:|1779803109
|move|p1a: Gliscor|Earthquake|p2a: Okidogi
|-supereffective|p2a: Okidogi
|-damage|p2a: Okidogi|15/100
|move|p2a: Okidogi|Drain Punch|p1a: Gliscor
|-resisted|p1a: Gliscor
|-damage|p1a: Gliscor|0 fnt
|-heal|p2a: Okidogi|28/100|[from] drain|[of] p1a: Gliscor
|faint|p1a: Gliscor
|
|-heal|p2a: Okidogi|34/100|[from] item: Leftovers
|upkeep
|
|t:|1779803114
|switch|p1a: Zamazenta|Zamazenta|100/100
|turn|36
|
|t:|1779803120
|move|p1a: Zamazenta|Iron Head|p2a: Okidogi
|-damage|p2a: Okidogi|24/100
|move|p2a: Okidogi|Drain Punch|p1a: Zamazenta
|-damage|p1a: Zamazenta|24/100
|-heal|p2a: Okidogi|57/100|[from] drain|[of] p1a: Zamazenta
|
|-heal|p2a: Okidogi|63/100|[from] item: Leftovers
|upkeep
|turn|37
|-message|4axes forfeited.
|
|win|magikarp soup
|raw|4axes's rating: 1617 &rarr; <strong>1598</strong><br />(-19 for losing)
|raw|magikarp soup's rating: 1632 &rarr; <strong>1651</strong><br />(+19 for winning)
|l|☆4axes
|player|p1|
|l| arturohdez
|j| argadini
|j| AbrarS
|l|☆magikarp soup
|player|p2|
|l| argadini
|j| arturohdez
|l| arturohdez
|l| AbrarS
|l| Disscratch
|l| invmenot
