|j|☆npctypebeat
|j|☆chrovalis
|t:|1779939287
|gametype|singles
|player|p1|npctypebeat|102|1115
|player|p2|chrovalis|ethan|1111
|gen|9
|tier|[Gen 9] OU
|rated|
|rule|HP Percentage Mod: HP is shown in percentages
|rule|Endless Battle Clause: Forcing endless battles is banned
|rule|Species Clause: Limit one of each Pokémon
|rule|OHKO Clause: OHKO moves are banned
|rule|Evasion Items Clause: Evasion items are banned
|rule|Evasion Moves Clause: Evasion moves are banned
|rule|Evasion Abilities Clause: Evasion abilities are banned
|rule|Sleep Moves Clause: Sleep-inducing moves are banned
|clearpoke
|poke|p1|Gliscor, M|
|poke|p1|Gholdengo|
|poke|p1|Zamazenta-*|
|poke|p1|Blissey, F|
|poke|p1|Skarmory, F|
|poke|p1|Pecharunt|
|poke|p2|Arcanine, M|
|poke|p2|Umbreon, M|
|poke|p2|Garchomp, M|
|poke|p2|Milotic, F|
|poke|p2|Rillaboom, M|
|poke|p2|Oricorio-Sensu, F|
|teampreview
|inactive|Battle timer is ON: inactive players will automatically lose when time's up. (requested by chrovalis)
|c|☆npctypebeat|hf
|inactive|npctypebeat also wants the timer to be on.
|
|t:|1779939296
|teamsize|p1|6
|teamsize|p2|6
|start
|switch|p1a: Skarmory|Skarmory, F|100/100
|switch|p2a: Rillaboom|Rillaboom, M|100/100
|-fieldstart|move: Grassy Terrain|[from] ability: Grassy Surge|[of] p2a: Rillaboom
|turn|1
|
|t:|1779939305
|move|p2a: Rillaboom|Knock Off|p1a: Skarmory
|-damage|p1a: Skarmory|80/100
|-enditem|p1a: Skarmory|Heavy-Duty Boots|[from] move: Knock Off|[of] p2a: Rillaboom
|move|p1a: Skarmory|Spikes|p2a: Rillaboom
|-sidestart|p2: chrovalis|Spikes
|
|upkeep
|turn|2
|
|t:|1779939311
|move|p2a: Rillaboom|U-turn|p1a: Skarmory
|-resisted|p1a: Skarmory
|-damage|p1a: Skarmory|76/100
|
|t:|1779939321
|switch|p2a: Arcanine|Arcanine, M|100/100|[from] U-turn
|-damage|p2a: Arcanine|88/100|[from] Spikes
|-ability|p2a: Arcanine|Intimidate|boost
|-unboost|p1a: Skarmory|atk|1
|move|p1a: Skarmory|Spikes|p2a: Arcanine
|-sidestart|p2: chrovalis|Spikes
|
|-heal|p2a: Arcanine|94/100|[from] Grassy Terrain
|-heal|p2a: Arcanine|99/100|[from] item: Leftovers
|upkeep
|turn|3
|
|t:|1779939328
|switch|p1a: Pecharunt|Pecharunt|100/100
|move|p2a: Arcanine|Curse|p2a: Arcanine
|-unboost|p2a: Arcanine|spe|1
|-boost|p2a: Arcanine|atk|1
|-boost|p2a: Arcanine|def|1
|
|-heal|p2a: Arcanine|100/100|[from] Grassy Terrain
|upkeep
|turn|4
|
|t:|1779939335
|move|p1a: Pecharunt|Shadow Ball|p2a: Arcanine
|-damage|p2a: Arcanine|75/100
|-unboost|p2a: Arcanine|spd|1
|move|p2a: Arcanine|Flare Blitz|p1a: Pecharunt
|-damage|p1a: Pecharunt|60/100
|-status|p1a: Pecharunt|brn
|-damage|p2a: Arcanine|62/100|[from] Recoil
|
|-heal|p1a: Pecharunt|66/100 brn|[from] Grassy Terrain
|-heal|p2a: Arcanine|68/100|[from] Grassy Terrain
|-heal|p2a: Arcanine|74/100|[from] item: Leftovers
|-damage|p1a: Pecharunt|60/100 brn|[from] brn
|upkeep
|turn|5
|
|t:|1779939350
|-terastallize|p2a: Arcanine|Normal
|move|p1a: Pecharunt|Shadow Ball|p2a: Arcanine
|-immune|p2a: Arcanine
|move|p2a: Arcanine|Curse|p2a: Arcanine
|-unboost|p2a: Arcanine|spe|1
|-boost|p2a: Arcanine|atk|1
|-boost|p2a: Arcanine|def|1
|
|-heal|p1a: Pecharunt|66/100 brn|[from] Grassy Terrain
|-heal|p2a: Arcanine|80/100|[from] Grassy Terrain
|-heal|p2a: Arcanine|86/100|[from] item: Leftovers
|-damage|p1a: Pecharunt|60/100 brn|[from] brn
|upkeep
|turn|6
|
|t:|1779939355
|move|p1a: Pecharunt|Toxic|p2a: Arcanine
|-status|p2a: Arcanine|tox
|-start|p2a: Arcanine|confusion|[from] ability: Poison Puppeteer|[of] p1a: Pecharunt
|-activate|p2a: Arcanine|confusion
|move|p2a: Arcanine|Flare Blitz|p1a: Pecharunt
|-damage|p1a: Pecharunt|6/100 brn
|-damage|p2a: Arcanine|69/100 tox|[from] Recoil
|
|-heal|p1a: Pecharunt|12/100 brn|[from] Grassy Terrain
|-heal|p2a: Arcanine|75/100 tox|[from] Grassy Terrain
|-heal|p2a: Arcanine|81/100 tox|[from] item: Leftovers
|-damage|p2a: Arcanine|75/100 tox|[from] psn
|-damage|p1a: Pecharunt|6/100 brn|[from] brn
|upkeep
|turn|7
|
|t:|1779939364
|switch|p1a: Gliscor|Gliscor, M|100/100
|-activate|p2a: Arcanine|confusion
|-damage|p2a: Arcanine|61/100 tox|[from] confusion
|
|-heal|p2a: Arcanine|67/100 tox|[from] Grassy Terrain
|-heal|p2a: Arcanine|73/100 tox|[from] item: Leftovers
|-damage|p2a: Arcanine|61/100 tox|[from] psn
|-status|p1a: Gliscor|tox|[from] item: Toxic Orb
|upkeep
|turn|8
|
|t:|1779939369
|move|p1a: Gliscor|Knock Off|p2a: Arcanine
|-damage|p2a: Arcanine|50/100 tox
|-enditem|p2a: Arcanine|Leftovers|[from] move: Knock Off|[of] p1a: Gliscor
|-end|p2a: Arcanine|confusion
|move|p2a: Arcanine|Flare Blitz|p1a: Gliscor
|-damage|p1a: Gliscor|0 fnt
|faint|p1a: Gliscor
|-damage|p2a: Arcanine|20/100 tox|[from] Recoil
|
|-heal|p2a: Arcanine|26/100 tox|[from] Grassy Terrain
|-damage|p2a: Arcanine|8/100 tox|[from] psn
|-fieldend|move: Grassy Terrain
|upkeep
|
|t:|1779939378
|switch|p1a: Skarmory|Skarmory, F|76/100
|turn|9
|
|t:|1779939387
|move|p2a: Arcanine|Extreme Speed|p1a: Skarmory
|-resisted|p1a: Skarmory
|-damage|p1a: Skarmory|50/100
|move|p1a: Skarmory|Body Press|p2a: Arcanine
|-supereffective|p2a: Arcanine
|-crit|p2a: Arcanine
|-damage|p2a: Arcanine|0 fnt
|faint|p2a: Arcanine
|
|upkeep
|
|t:|1779939396
|switch|p2a: Rillaboom|Rillaboom, M|100/100
|-damage|p2a: Rillaboom|84/100|[from] Spikes
|-fieldstart|move: Grassy Terrain|[from] ability: Grassy Surge|[of] p2a: Rillaboom
|turn|10
|
|t:|1779939410
|move|p2a: Rillaboom|Low Kick|p1a: Skarmory
|-damage|p1a: Skarmory|33/100
|move|p1a: Skarmory|Spikes|p2a: Rillaboom
|-sidestart|p2: chrovalis|Spikes
|
|-heal|p2a: Rillaboom|90/100|[from] Grassy Terrain
|upkeep
|turn|11
|
|t:|1779939418
|move|p2a: Rillaboom|Low Kick|p1a: Skarmory
|-damage|p1a: Skarmory|14/100
|move|p1a: Skarmory|Roost|p1a: Skarmory
|-heal|p1a: Skarmory|64/100
|-singleturn|p1a: Skarmory|move: Roost
|
|-heal|p2a: Rillaboom|96/100|[from] Grassy Terrain
|-heal|p1a: Skarmory|70/100|[from] Grassy Terrain
|upkeep
|turn|12
|
|t:|1779939431
|move|p2a: Rillaboom|U-turn|p1a: Skarmory
|-resisted|p1a: Skarmory
|-damage|p1a: Skarmory|66/100
|
|t:|1779939433
|switch|p2a: Oricorio|Oricorio-Sensu, F|100/100|[from] U-turn
|-enditem|p2a: Oricorio|Grassy Seed
|-boost|p2a: Oricorio|def|1|[from] item: Grassy Seed
|move|p1a: Skarmory|Roost|p1a: Skarmory
|-heal|p1a: Skarmory|100/100
|-singleturn|p1a: Skarmory|move: Roost
|
|upkeep
|turn|13
|
|t:|1779939447
|move|p2a: Oricorio|Quiver Dance|p2a: Oricorio
|-boost|p2a: Oricorio|spa|1
|-boost|p2a: Oricorio|spd|1
|-boost|p2a: Oricorio|spe|1
|move|p1a: Skarmory|Whirlwind|p2a: Oricorio
|drag|p2a: Rillaboom|Rillaboom, M|96/100
|-damage|p2a: Rillaboom|71/100|[from] Spikes
|
|-heal|p2a: Rillaboom|77/100|[from] Grassy Terrain
|upkeep
|turn|14
|
|t:|1779939464
|move|p2a: Rillaboom|Knock Off|p1a: Skarmory
|-damage|p1a: Skarmory|86/100
|move|p1a: Skarmory|Whirlwind|p2a: Rillaboom
|drag|p2a: Milotic|Milotic, F|100/100
|-damage|p2a: Milotic|76/100|[from] Spikes
|
|-heal|p2a: Milotic|82/100|[from] Grassy Terrain
|-heal|p2a: Milotic|88/100|[from] item: Leftovers
|upkeep
|turn|15
|
|t:|1779939479
|switch|p1a: Blissey|Blissey, F|100/100
|move|p2a: Milotic|Ice Beam|p1a: Blissey
|-damage|p1a: Blissey|94/100
|
|-heal|p2a: Milotic|94/100|[from] Grassy Terrain
|-heal|p2a: Milotic|99/100|[from] item: Leftovers
|-heal|p1a: Blissey|100/100|[from] Grassy Terrain
|upkeep
|turn|16
|
|t:|1779939496
|switch|p2a: Garchomp|Garchomp, M|100/100
|-damage|p2a: Garchomp|76/100|[from] Spikes
|move|p1a: Blissey|Stealth Rock|p2a: Garchomp
|-sidestart|p2: chrovalis|move: Stealth Rock
|
|-heal|p2a: Garchomp|82/100|[from] Grassy Terrain
|upkeep
|turn|17
|
|t:|1779939506
|switch|p1a: Skarmory|Skarmory, F|86/100
|move|p2a: Garchomp|Swords Dance|p2a: Garchomp
|-boost|p2a: Garchomp|atk|2
|
|-heal|p2a: Garchomp|88/100|[from] Grassy Terrain
|-fieldend|move: Grassy Terrain
|upkeep
|turn|18
|
|t:|1779939515
|move|p2a: Garchomp|Dragon Claw|p1a: Skarmory
|-resisted|p1a: Skarmory
|-damage|p1a: Skarmory|60/100
|move|p1a: Skarmory|Whirlwind|p2a: Garchomp
|drag|p2a: Rillaboom|Rillaboom, M|77/100
|-damage|p2a: Rillaboom|52/100|[from] Spikes
|-damage|p2a: Rillaboom|40/100|[from] Stealth Rock
|-fieldstart|move: Grassy Terrain|[from] ability: Grassy Surge|[of] p2a: Rillaboom
|
|-heal|p2a: Rillaboom|46/100|[from] Grassy Terrain
|upkeep
|turn|19
|
|t:|1779939524
|move|p2a: Rillaboom|U-turn|p1a: Skarmory
|-resisted|p1a: Skarmory
|-damage|p1a: Skarmory|56/100
|
|t:|1779939528
|switch|p2a: Oricorio|Oricorio-Sensu, F|100/100|[from] U-turn
|-damage|p2a: Oricorio|76/100|[from] Stealth Rock
|move|p1a: Skarmory|Roost|p1a: Skarmory
|-heal|p1a: Skarmory|100/100
|-singleturn|p1a: Skarmory|move: Roost
|
|upkeep
|turn|20
|
|t:|1779939534
|move|p2a: Oricorio|Revelation Dance|p1a: Skarmory
|-damage|p1a: Skarmory|59/100
|move|p1a: Skarmory|Whirlwind|p2a: Oricorio
|drag|p2a: Garchomp|Garchomp, M|88/100
|-damage|p2a: Garchomp|63/100|[from] Spikes
|-damage|p2a: Garchomp|57/100|[from] Stealth Rock
|
|-heal|p2a: Garchomp|63/100|[from] Grassy Terrain
|upkeep
|turn|21
|
|t:|1779939545
|move|p2a: Garchomp|Iron Head|p1a: Skarmory
|-resisted|p1a: Skarmory
|-damage|p1a: Skarmory|50/100
|move|p1a: Skarmory|Roost|p1a: Skarmory
|-heal|p1a: Skarmory|100/100
|-singleturn|p1a: Skarmory|move: Roost
|
|-heal|p2a: Garchomp|69/100|[from] Grassy Terrain
|upkeep
|turn|22
|
|t:|1779939550
|move|p2a: Garchomp|Dragon Claw|p1a: Skarmory
|-resisted|p1a: Skarmory
|-damage|p1a: Skarmory|89/100
|move|p1a: Skarmory|Whirlwind|p2a: Garchomp
|drag|p2a: Milotic|Milotic, F|99/100
|-damage|p2a: Milotic|75/100|[from] Spikes
|-damage|p2a: Milotic|63/100|[from] Stealth Rock
|
|-heal|p2a: Milotic|69/100|[from] Grassy Terrain
|-heal|p2a: Milotic|75/100|[from] item: Leftovers
|upkeep
|turn|23
|-message|chrovalis forfeited.
|
|win|npctypebeat
|raw|npctypebeat's rating: 1114 &rarr; <strong>1139</strong><br />(+25 for winning)
|raw|chrovalis's rating: 1111 &rarr; <strong>1086</strong><br />(-25 for losing)
|l|☆chrovalis
|player|p2|
|c|☆npctypebeat|gg
