|j|☆fececffrf
|j|☆claudechamp
|t:|1779808134
|gametype|singles
|player|p1|fececffrf|lucas|1298
|player|p2|claudechamp|265|1306
|gen|9
|tier|[Gen 9] OU
|rated|
|rule|HP Percentage Mod: HP is shown in percentages
|rule|Endless Battle Clause: Forcing endless battles is banned
|rule|Species Clause: Limit one of each Pokémon
|rule|OHKO Clause: OHKO moves are banned
|rule|Evasion Items Clause: Evasion items are banned
|rule|Evasion Moves Clause: Evasion moves are banned
|rule|Evasion Abilities Clause: Evasion abilities are banned
|rule|Sleep Moves Clause: Sleep-inducing moves are banned
|clearpoke
|poke|p1|Zamazenta-*|
|poke|p1|Ceruledge, M|
|poke|p1|Magnezone|
|poke|p1|Gliscor, F|
|poke|p1|Hoopa-Unbound|
|poke|p1|Goodra-Hisui, F|
|poke|p2|Gliscor, M|
|poke|p2|Ogerpon, F|
|poke|p2|Walking Wake|
|poke|p2|Blissey, F|
|poke|p2|Corviknight, M|
|poke|p2|Pecharunt|
|teampreview
|c|☆claudechamp|hf
|inactive|Battle timer is ON: inactive players will automatically lose when time's up. (requested by claudechamp)
|
|t:|1779808143
|teamsize|p1|6
|teamsize|p2|6
|start
|switch|p1a: Hoopa|Hoopa-Unbound|100/100
|switch|p2a: Gliscor|Gliscor, M|100/100
|turn|1
|
|t:|1779808151
|move|p2a: Gliscor|Spikes|p1a: Hoopa
|-sidestart|p1: fececffrf|Spikes
|move|p1a: Hoopa|Psychic|p2a: Gliscor
|-damage|p2a: Gliscor|61/100
|
|-status|p2a: Gliscor|tox|[from] item: Toxic Orb
|upkeep
|turn|2
|
|t:|1779808159
|switch|p1a: Zamazenta|Zamazenta|100/100
|-damage|p1a: Zamazenta|88/100|[from] Spikes
|-ability|p1a: Zamazenta|Dauntless Shield|boost
|-boost|p1a: Zamazenta|def|1
|move|p2a: Gliscor|Earthquake|p1a: Zamazenta
|-damage|p1a: Zamazenta|68/100
|
|-heal|p2a: Gliscor|74/100 tox|[from] ability: Poison Heal
|upkeep
|turn|3
|
|t:|1779808165
|move|p1a: Zamazenta|Ice Fang|p2a: Gliscor
|-supereffective|p2a: Gliscor
|-damage|p2a: Gliscor|0 fnt
|faint|p2a: Gliscor
|-damage|p1a: Zamazenta|58/100|[from] item: Life Orb
|
|upkeep
|
|t:|1779808175
|switch|p2a: Pecharunt|Pecharunt|100/100
|turn|4
|
|t:|1779808187
|switch|p1a: Magnezone|Magnezone|100/100
|-damage|p1a: Magnezone|88/100|[from] Spikes
|move|p2a: Pecharunt|Malignant Chain|p1a: Magnezone
|-immune|p1a: Magnezone
|
|upkeep
|turn|5
|
|t:|1779808196
|move|p2a: Pecharunt|Parting Shot|p1a: Magnezone
|-unboost|p1a: Magnezone|atk|1
|-unboost|p1a: Magnezone|spa|1
|
|t:|1779808203
|switch|p2a: Blissey|Blissey, F|100/100|[from] Parting Shot
|move|p1a: Magnezone|Thunderbolt|p2a: Blissey
|-damage|p2a: Blissey|91/100
|
|upkeep
|turn|6
|
|t:|1779808215
|move|p1a: Magnezone|Body Press|p2a: Blissey
|-supereffective|p2a: Blissey
|-damage|p2a: Blissey|34/100
|move|p2a: Blissey|Stealth Rock|p1a: Magnezone
|-sidestart|p1: fececffrf|move: Stealth Rock
|
|upkeep
|turn|7
|
|t:|1779808225
|switch|p2a: Pecharunt|Pecharunt|100/100
|move|p1a: Magnezone|Volt Switch|p2a: Pecharunt
|-damage|p2a: Pecharunt|77/100
|
|t:|1779808232
|switch|p1a: Ceruledge|Ceruledge, M|100/100|[from] Volt Switch
|-damage|p1a: Ceruledge|88/100|[from] Spikes
|-damage|p1a: Ceruledge|63/100|[from] Stealth Rock
|
|upkeep
|turn|8
|
|t:|1779808242
|move|p1a: Ceruledge|Poltergeist|p2a: Pecharunt
|-activate|p2a: Pecharunt|move: Poltergeist|Heavy-Duty Boots
|-supereffective|p2a: Pecharunt
|-damage|p2a: Pecharunt|26/100
|move|p2a: Pecharunt|Parting Shot|p1a: Ceruledge
|-unboost|p1a: Ceruledge|atk|1
|-unboost|p1a: Ceruledge|spa|1
|
|t:|1779808256
|switch|p2a: Walking Wake|Walking Wake|100/100|[from] Parting Shot
|
|upkeep
|turn|9
|
|t:|1779808274
|switch|p1a: Goodra|Goodra-Hisui, F|100/100
|-damage|p1a: Goodra|88/100|[from] Spikes
|-damage|p1a: Goodra|82/100|[from] Stealth Rock
|move|p2a: Walking Wake|Surf|p1a: Goodra
|-resisted|p1a: Goodra
|-crit|p1a: Goodra
|-damage|p1a: Goodra|58/100
|
|-heal|p1a: Goodra|64/100|[from] item: Leftovers
|upkeep
|turn|10
|
|t:|1779808290
|move|p2a: Walking Wake|Draco Meteor|p1a: Goodra
|-damage|p1a: Goodra|21/100
|-unboost|p2a: Walking Wake|spa|2
|move|p1a: Goodra|Dragon Pulse|p2a: Walking Wake
|-supereffective|p2a: Walking Wake
|-damage|p2a: Walking Wake|22/100
|
|-heal|p1a: Goodra|27/100|[from] item: Leftovers
|upkeep
|turn|11
|
|t:|1779808302
|switch|p1a: Hoopa|Hoopa-Unbound|100/100
|-damage|p1a: Hoopa|88/100|[from] Spikes
|-damage|p1a: Hoopa|76/100|[from] Stealth Rock
|move|p2a: Walking Wake|Knock Off|p1a: Hoopa
|-damage|p1a: Hoopa|60/100
|-enditem|p1a: Hoopa|Assault Vest|[from] move: Knock Off|[of] p2a: Walking Wake
|
|upkeep
|turn|12
|
|t:|1779808312
|-end|p2a: Walking Wake|Protosynthesis|[silent]
|switch|p2a: Blissey|Blissey, F|34/100
|move|p1a: Hoopa|Drain Punch|p2a: Blissey
|-supereffective|p2a: Blissey
|-damage|p2a: Blissey|0 fnt
|-heal|p1a: Hoopa|90/100|[from] drain|[of] p2a: Blissey
|faint|p2a: Blissey
|-item|p1a: Hoopa|Heavy-Duty Boots|[from] ability: Magician|[of] p2: Blissey
|
|upkeep
|
|t:|1779808320
|switch|p2a: Ogerpon|Ogerpon, F|100/100
|turn|13
|
|t:|1779808330
|move|p2a: Ogerpon|U-turn|p1a: Hoopa
|-supereffective|p1a: Hoopa
|-damage|p1a: Hoopa|0 fnt
|faint|p1a: Hoopa
|
|t:|1779808340
|switch|p2a: Corviknight|Corviknight, M|100/100|[from] U-turn
|-ability|p2a: Corviknight|Pressure
|
|upkeep
|
|t:|1779808343
|switch|p1a: Magnezone|Magnezone|88/100
|-damage|p1a: Magnezone|76/100|[from] Spikes
|-damage|p1a: Magnezone|69/100|[from] Stealth Rock
|turn|14
|
|t:|1779808351
|move|p2a: Corviknight|Body Press|p1a: Magnezone
|-supereffective|p1a: Magnezone
|-damage|p1a: Magnezone|30/100
|move|p1a: Magnezone|Thunderbolt|p2a: Corviknight
|-supereffective|p2a: Corviknight
|-damage|p2a: Corviknight|0 fnt
|faint|p2a: Corviknight
|
|upkeep
|
|t:|1779808356
|switch|p2a: Pecharunt|Pecharunt|26/100
|turn|15
|
|t:|1779808363
|move|p2a: Pecharunt|Recover|p2a: Pecharunt
|-heal|p2a: Pecharunt|76/100
|move|p1a: Magnezone|Thunderbolt|p2a: Pecharunt
|-damage|p2a: Pecharunt|24/100
|
|upkeep
|turn|16
|
|t:|1779808369
|move|p2a: Pecharunt|Parting Shot|p1a: Magnezone
|-unboost|p1a: Magnezone|atk|1
|-unboost|p1a: Magnezone|spa|1
|
|t:|1779808390
|switch|p2a: Ogerpon|Ogerpon, F|100/100|[from] Parting Shot
|move|p1a: Magnezone|Thunderbolt|p2a: Ogerpon
|-resisted|p2a: Ogerpon
|-damage|p2a: Ogerpon|81/100
|
|upkeep
|turn|17
|
|t:|1779808407
|move|p2a: Ogerpon|Encore|p1a: Magnezone
|-start|p1a: Magnezone|Encore
|move|p1a: Magnezone|Thunderbolt|p2a: Ogerpon
|-resisted|p2a: Ogerpon
|-damage|p2a: Ogerpon|63/100
|
|upkeep
|turn|18
|
|t:|1779808410
|move|p2a: Ogerpon|Knock Off|p1a: Magnezone
|-damage|p1a: Magnezone|6/100
|-enditem|p1a: Magnezone|Assault Vest|[from] move: Knock Off|[of] p2a: Ogerpon
|move|p1a: Magnezone|Thunderbolt|p2a: Ogerpon
|-resisted|p2a: Ogerpon
|-damage|p2a: Ogerpon|43/100
|
|upkeep
|turn|19
|
|t:|1779808414
|move|p2a: Ogerpon|U-turn|p1a: Magnezone
|-resisted|p1a: Magnezone
|-damage|p1a: Magnezone|0 fnt
|faint|p1a: Magnezone
|
|t:|1779808417
|switch|p2a: Pecharunt|Pecharunt|24/100|[from] U-turn
|
|upkeep
|
|t:|1779808421
|switch|p1a: Ceruledge|Ceruledge, M|63/100
|-damage|p1a: Ceruledge|51/100|[from] Spikes
|-damage|p1a: Ceruledge|26/100|[from] Stealth Rock
|turn|20
|
|t:|1779808430
|-terastallize|p2a: Pecharunt|Dark
|move|p1a: Ceruledge|Bitter Blade|p2a: Pecharunt
|-damage|p2a: Pecharunt|2/100
|-heal|p1a: Ceruledge|40/100|[from] drain|[of] p2a: Pecharunt
|move|p2a: Pecharunt|Recover|p2a: Pecharunt
|-heal|p2a: Pecharunt|52/100
|
|upkeep
|turn|21
|
|t:|1779808440
|move|p1a: Ceruledge|Bitter Blade|p2a: Pecharunt
|-damage|p2a: Pecharunt|32/100
|-heal|p1a: Ceruledge|53/100|[from] drain|[of] p2a: Pecharunt
|move|p2a: Pecharunt|Foul Play|p1a: Ceruledge
|-supereffective|p1a: Ceruledge
|-damage|p1a: Ceruledge|0 fnt
|faint|p1a: Ceruledge
|
|upkeep
|
|t:|1779808448
|switch|p1a: Zamazenta|Zamazenta|58/100
|-damage|p1a: Zamazenta|46/100|[from] Spikes
|-damage|p1a: Zamazenta|39/100|[from] Stealth Rock
|turn|22
|
|t:|1779808453
|move|p1a: Zamazenta|Close Combat|p2a: Pecharunt
|-supereffective|p2a: Pecharunt
|-damage|p2a: Pecharunt|0 fnt
|-unboost|p1a: Zamazenta|def|1
|-unboost|p1a: Zamazenta|spd|1
|faint|p2a: Pecharunt
|-damage|p1a: Zamazenta|30/100|[from] item: Life Orb
|
|upkeep
|
|t:|1779808460
|switch|p2a: Ogerpon|Ogerpon, F|43/100
|turn|23
|
|t:|1779808468
|move|p1a: Zamazenta|Close Combat|p2a: Ogerpon
|-damage|p2a: Ogerpon|0 fnt
|-unboost|p1a: Zamazenta|def|1
|-unboost|p1a: Zamazenta|spd|1
|faint|p2a: Ogerpon
|-damage|p1a: Zamazenta|20/100|[from] item: Life Orb
|
|upkeep
|
|t:|1779808477
|switch|p2a: Walking Wake|Walking Wake|22/100
|turn|24
|
|t:|1779808486
|move|p1a: Zamazenta|Close Combat|p2a: Walking Wake
|-damage|p2a: Walking Wake|0 fnt
|-unboost|p1a: Zamazenta|def|1
|-unboost|p1a: Zamazenta|spd|1
|faint|p2a: Walking Wake
|-end|p2a: Walking Wake|Protosynthesis|[silent]
|-damage|p1a: Zamazenta|10/100|[from] item: Life Orb
|
|win|fececffrf
|raw|fececffrf's rating: 1298 &rarr; <strong>1322</strong><br />(+24 for winning)
|raw|claudechamp's rating: 1290 &rarr; <strong>1266</strong><br />(-24 for losing)
|c|☆claudechamp|gg
|l|☆fececffrf
|player|p1|
