|j|☆sicnz
|j|☆Santipokemaster
|t:|1779962314
|gametype|singles
|player|p1|sicnz|cynthia-gen4|1203
|player|p2|Santipokemaster|red|1171
|gen|9
|tier|[Gen 9] OU
|rated|
|rule|HP Percentage Mod: HP is shown in percentages
|rule|Endless Battle Clause: Forcing endless battles is banned
|rule|Species Clause: Limit one of each Pokémon
|rule|OHKO Clause: OHKO moves are banned
|rule|Evasion Items Clause: Evasion items are banned
|rule|Evasion Moves Clause: Evasion moves are banned
|rule|Evasion Abilities Clause: Evasion abilities are banned
|rule|Sleep Moves Clause: Sleep-inducing moves are banned
|clearpoke
|poke|p1|Samurott-Hisui, M|
|poke|p1|Walking Wake|
|poke|p1|Corviknight, M|
|poke|p1|Pecharunt|
|poke|p1|Heatran, M|
|poke|p1|Gliscor, F|
|poke|p2|Corviknight, M|
|poke|p2|Kilowattrel, M|
|poke|p2|Toucannon, F|
|poke|p2|Staraptor, M|
|poke|p2|Pelipper, M|
|poke|p2|Talonflame, F|
|teampreview
|c|☆Santipokemaster|...
|
|t:|1779962339
|teamsize|p1|6
|teamsize|p2|6
|start
|switch|p1a: Samurott|Samurott-Hisui, M|100/100
|switch|p2a: Pelipper|Pelipper, M|100/100
|-weather|RainDance|[from] ability: Drizzle|[of] p2a: Pelipper
|turn|1
|
|t:|1779962352
|move|p1a: Samurott|Knock Off|p2a: Pelipper
|-damage|p2a: Pelipper|57/100
|-enditem|p2a: Pelipper|Damp Rock|[from] move: Knock Off|[of] p1a: Samurott
|move|p2a: Pelipper|Tailwind|p2a: Pelipper
|-sidestart|p2: Santipokemaster|move: Tailwind
|
|-weather|RainDance|[upkeep]
|upkeep
|turn|2
|c|☆sicnz|that's a lot of birds
|
|t:|1779962370
|move|p2a: Pelipper|Hurricane|p1a: Samurott
|-damage|p1a: Samurott|69/100
|move|p1a: Samurott|Razor Shell|p2a: Pelipper
|-resisted|p2a: Pelipper
|-damage|p2a: Pelipper|13/100
|-unboost|p2a: Pelipper|def|1
|
|-weather|RainDance|[upkeep]
|upkeep
|turn|3
|
|t:|1779962398
|move|p2a: Pelipper|Hydro Pump|p1a: Samurott
|-resisted|p1a: Samurott
|-damage|p1a: Samurott|43/100
|move|p1a: Samurott|Knock Off|p2a: Pelipper
|-damage|p2a: Pelipper|0 fnt
|faint|p2a: Pelipper
|
|-weather|RainDance|[upkeep]
|upkeep
|
|t:|1779962413
|switch|p2a: Staraptor|Staraptor, M|100/100
|-ability|p2a: Staraptor|Intimidate|boost
|-unboost|p1a: Samurott|atk|1
|turn|4
|
|t:|1779962423
|switch|p1a: Pecharunt|Pecharunt|100/100
|move|p2a: Staraptor|U-turn|p1a: Pecharunt
|-resisted|p1a: Pecharunt
|-damage|p1a: Pecharunt|97/100
|
|t:|1779962435
|switch|p2a: Toucannon|Toucannon, F, shiny|100/100|[from] U-turn
|
|-weather|RainDance|[upkeep]
|-heal|p1a: Pecharunt|100/100|[from] item: Black Sludge
|-sideend|p2: Santipokemaster|move: Tailwind
|upkeep
|turn|5
|
|t:|1779962447
|move|p1a: Pecharunt|Malignant Chain|p2a: Toucannon
|-damage|p2a: Toucannon|66/100
|-status|p2a: Toucannon|tox
|-start|p2a: Toucannon|confusion|[from] ability: Poison Puppeteer|[of] p1a: Pecharunt
|-activate|p2a: Toucannon|confusion
|move|p2a: Toucannon|Hurricane|p1a: Pecharunt
|-damage|p1a: Pecharunt|25/100
|
|-weather|RainDance|[upkeep]
|-heal|p1a: Pecharunt|32/100|[from] item: Black Sludge
|-damage|p2a: Toucannon|60/100 tox|[from] psn
|upkeep
|turn|6
|
|t:|1779962466
|switch|p1a: Heatran|Heatran, M|100/100
|-activate|p2a: Toucannon|confusion
|-damage|p2a: Toucannon|50/100 tox|[from] confusion
|
|-weather|RainDance|[upkeep]
|-damage|p2a: Toucannon|38/100 tox|[from] psn
|upkeep
|turn|7
|
|t:|1779962484
|move|p1a: Heatran|Stealth Rock|p2a: Toucannon
|-sidestart|p2: Santipokemaster|move: Stealth Rock
|-activate|p2a: Toucannon|confusion
|move|p2a: Toucannon|Hurricane|p1a: Heatran
|-resisted|p1a: Heatran
|-damage|p1a: Heatran|77/100
|
|-weather|RainDance|[upkeep]
|-damage|p2a: Toucannon|20/100 tox|[from] psn
|upkeep
|turn|8
|
|t:|1779962494
|move|p1a: Heatran|Magma Storm|p2a: Toucannon
|-damage|p2a: Toucannon|0 fnt
|faint|p2a: Toucannon
|
|-weather|none
|upkeep
|
|t:|1779962502
|switch|p2a: Staraptor|Staraptor, M|100/100
|-damage|p2a: Staraptor|76/100|[from] Stealth Rock
|-ability|p2a: Staraptor|Intimidate|boost
|-unboost|p1a: Heatran|atk|1
|turn|9
|
|t:|1779962512
|switch|p1a: Corviknight|Corviknight, M|100/100
|-ability|p1a: Corviknight|Pressure
|move|p2a: Staraptor|Close Combat|p1a: Corviknight
|-damage|p1a: Corviknight|63/100
|-unboost|p2a: Staraptor|def|1
|-unboost|p2a: Staraptor|spd|1
|-damage|p2a: Staraptor|59/100|[from] item: Rocky Helmet|[of] p1a: Corviknight
|
|upkeep
|turn|10
|
|t:|1779962541
|switch|p2a: Kilowattrel|Kilowattrel, M|100/100
|-damage|p2a: Kilowattrel|76/100|[from] Stealth Rock
|move|p1a: Corviknight|Body Press|p2a: Kilowattrel
|-resisted|p2a: Kilowattrel
|-damage|p2a: Kilowattrel|50/100
|
|-heal|p2a: Kilowattrel|56/100|[from] item: Leftovers
|upkeep
|turn|11
|
|t:|1779962553
|switch|p1a: Gliscor|Gliscor, F|100/100
|move|p2a: Kilowattrel|Substitute|p2a: Kilowattrel
|-start|p2a: Kilowattrel|Substitute
|-damage|p2a: Kilowattrel|31/100
|
|-heal|p2a: Kilowattrel|38/100|[from] item: Leftovers
|-status|p1a: Gliscor|tox|[from] item: Toxic Orb
|upkeep
|turn|12
|
|t:|1779962562
|move|p2a: Kilowattrel|Hurricane|p1a: Gliscor
|-crit|p1a: Gliscor
|-damage|p1a: Gliscor|38/100 tox
|-start|p1a: Gliscor|confusion
|-activate|p1a: Gliscor|confusion
|move|p1a: Gliscor|Knock Off|p2a: Kilowattrel
|-end|p2a: Kilowattrel|Substitute
|
|-heal|p2a: Kilowattrel|44/100|[from] item: Leftovers
|-heal|p1a: Gliscor|51/100 tox|[from] ability: Poison Heal
|upkeep
|turn|13
|
|t:|1779962576
|switch|p1a: Samurott|Samurott-Hisui, M|43/100
|move|p2a: Kilowattrel|Substitute|p2a: Kilowattrel
|-start|p2a: Kilowattrel|Substitute
|-damage|p2a: Kilowattrel|19/100
|
|-heal|p2a: Kilowattrel|25/100|[from] item: Leftovers
|upkeep
|turn|14
|
|t:|1779962589
|switch|p1a: Gliscor|Gliscor, F|51/100 tox
|move|p2a: Kilowattrel|Thunder|p1a: Gliscor
|-immune|p1a: Gliscor
|
|-heal|p2a: Kilowattrel|31/100|[from] item: Leftovers
|-heal|p1a: Gliscor|63/100 tox|[from] ability: Poison Heal
|upkeep
|turn|15
|
|t:|1779962599
|move|p2a: Kilowattrel|Hurricane|p1a: Gliscor|[miss]
|-miss|p2a: Kilowattrel|p1a: Gliscor
|move|p1a: Gliscor|Knock Off|p2a: Kilowattrel
|-end|p2a: Kilowattrel|Substitute
|
|-heal|p2a: Kilowattrel|37/100|[from] item: Leftovers
|-heal|p1a: Gliscor|76/100 tox|[from] ability: Poison Heal
|upkeep
|turn|16
|
|t:|1779962619
|switch|p2a: Corviknight|Corviknight, M, shiny|100/100
|-damage|p2a: Corviknight|88/100|[from] Stealth Rock
|move|p1a: Gliscor|Knock Off|p2a: Corviknight
|-damage|p2a: Corviknight|75/100
|-damage|p1a: Gliscor|59/100 tox|[from] item: Rocky Helmet|[of] p2a: Corviknight
|-enditem|p2a: Corviknight|Rocky Helmet|[from] move: Knock Off|[of] p1a: Gliscor
|
|-heal|p1a: Gliscor|71/100 tox|[from] ability: Poison Heal
|upkeep
|turn|17
|
|t:|1779962631
|switch|p1a: Pecharunt|Pecharunt|32/100
|move|p2a: Corviknight|Reflect|p2a: Corviknight
|-sidestart|p2: Santipokemaster|Reflect
|
|-heal|p1a: Pecharunt|38/100|[from] item: Black Sludge
|upkeep
|turn|18
|
|t:|1779962641
|move|p1a: Pecharunt|Recover|p1a: Pecharunt
|-heal|p1a: Pecharunt|88/100
|move|p2a: Corviknight|Light Screen|p2a: Corviknight
|-sidestart|p2: Santipokemaster|move: Light Screen
|
|-heal|p1a: Pecharunt|94/100|[from] item: Black Sludge
|upkeep
|turn|19
|
|t:|1779962650
|switch|p2a: Talonflame|Talonflame, F|100/100
|-damage|p2a: Talonflame|51/100|[from] Stealth Rock
|move|p1a: Pecharunt|Foul Play|p2a: Talonflame
|-damage|p2a: Talonflame|31/100
|
|-heal|p1a: Pecharunt|99/100|[from] item: Black Sludge
|upkeep
|turn|20
|
|t:|1779962673
|-terastallize|p2a: Talonflame|Flying
|move|p2a: Talonflame|Brave Bird|p1a: Pecharunt
|-damage|p1a: Pecharunt|55/100
|-damage|p2a: Talonflame|12/100|[from] Recoil
|move|p1a: Pecharunt|Malignant Chain|p2a: Talonflame
|-damage|p2a: Talonflame|0 fnt
|faint|p2a: Talonflame
|
|-heal|p1a: Pecharunt|61/100|[from] item: Black Sludge
|upkeep
|
|t:|1779962688
|switch|p2a: Staraptor|Staraptor, M|59/100
|-damage|p2a: Staraptor|35/100|[from] Stealth Rock
|-ability|p2a: Staraptor|Intimidate|boost
|-unboost|p1a: Pecharunt|atk|1
|turn|21
|
|t:|1779962700
|switch|p1a: Corviknight|Corviknight, M|63/100
|-ability|p1a: Corviknight|Pressure
|move|p2a: Staraptor|Brave Bird|p1a: Corviknight
|-resisted|p1a: Corviknight
|-damage|p1a: Corviknight|37/100
|-damage|p2a: Staraptor|18/100|[from] item: Rocky Helmet|[of] p1a: Corviknight
|-damage|p2a: Staraptor|7/100|[from] Recoil
|
|-sideend|p2: Santipokemaster|Reflect
|upkeep
|turn|22
|
|t:|1779962713
|move|p2a: Staraptor|Brave Bird|p1a: Corviknight
|-resisted|p1a: Corviknight
|-damage|p1a: Corviknight|11/100
|-damage|p2a: Staraptor|0 fnt|[from] item: Rocky Helmet|[of] p1a: Corviknight
|faint|p2a: Staraptor
|move|p1a: Corviknight|Roost|p1a: Corviknight
|-heal|p1a: Corviknight|61/100
|-singleturn|p1a: Corviknight|move: Roost
|
|-sideend|p2: Santipokemaster|move: Light Screen
|upkeep
|
|t:|1779962722
|switch|p2a: Kilowattrel|Kilowattrel, M|37/100
|-damage|p2a: Kilowattrel|12/100|[from] Stealth Rock
|turn|23
|
|t:|1779962729
|switch|p1a: Gliscor|Gliscor, F|71/100 tox
|move|p2a: Kilowattrel|Hurricane|p1a: Gliscor|[miss]
|-miss|p2a: Kilowattrel|p1a: Gliscor
|
|-heal|p2a: Kilowattrel|18/100|[from] item: Leftovers
|-heal|p1a: Gliscor|84/100 tox|[from] ability: Poison Heal
|upkeep
|turn|24
|
|t:|1779962739
|move|p2a: Kilowattrel|Hurricane|p1a: Gliscor
|-damage|p1a: Gliscor|40/100 tox
|move|p1a: Gliscor|Knock Off|p2a: Kilowattrel
|-damage|p2a: Kilowattrel|0 fnt
|-enditem|p2a: Kilowattrel|Leftovers|[from] move: Knock Off|[of] p1a: Gliscor
|faint|p2a: Kilowattrel
|
|-heal|p1a: Gliscor|53/100 tox|[from] ability: Poison Heal
|upkeep
|c|☆Santipokemaster|GG
|c|☆sicnz|ggs
|-message|Santipokemaster forfeited.
|
|win|sicnz
|raw|sicnz's rating: 1203 &rarr; <strong>1226</strong><br />(+23 for winning)
|raw|Santipokemaster's rating: 1171 &rarr; <strong>1148</strong><br />(-23 for losing)
|l|☆Santipokemaster
|player|p2|
|l|☆sicnz
|player|p1|
