|j|☆placentastu
|j|☆sammichael
|t:|1779961279
|gametype|singles
|player|p1|placentastu|gentleman-gen4dp|1091
|player|p2|sammichael|n|1106
|gen|9
|tier|[Gen 9] OU
|rated|
|rule|HP Percentage Mod: HP is shown in percentages
|rule|Endless Battle Clause: Forcing endless battles is banned
|rule|Species Clause: Limit one of each Pokémon
|rule|OHKO Clause: OHKO moves are banned
|rule|Evasion Items Clause: Evasion items are banned
|rule|Evasion Moves Clause: Evasion moves are banned
|rule|Evasion Abilities Clause: Evasion abilities are banned
|rule|Sleep Moves Clause: Sleep-inducing moves are banned
|clearpoke
|poke|p1|Ogerpon-Wellspring, F|
|poke|p1|Moltres|
|poke|p1|Primarina, M|
|poke|p1|Galvantula, F|
|poke|p1|Dragonite, F|
|poke|p1|Great Tusk|
|poke|p2|Incineroar, M|
|poke|p2|Hawlucha, M|
|poke|p2|Rillaboom, M|
|poke|p2|Magnezone|
|poke|p2|Swampert, F|
|poke|p2|Sylveon, M|
|teampreview
|
|t:|1779961285
|teamsize|p1|6
|teamsize|p2|6
|start
|switch|p1a: Hypider|Galvantula, F|100/100
|switch|p2a: Drumming Gorilla|Rillaboom, M|100/100
|-fieldstart|move: Grassy Terrain|[from] ability: Grassy Surge|[of] p2a: Drumming Gorilla
|turn|1
|
|t:|1779961298
|move|p1a: Hypider|Bug Buzz|p2a: Drumming Gorilla
|-supereffective|p2a: Drumming Gorilla
|-damage|p2a: Drumming Gorilla|1/100
|move|p2a: Drumming Gorilla|Earthquake|p1a: Hypider
|-damage|p1a: Hypider|68/100
|
|-heal|p1a: Hypider|74/100|[from] Grassy Terrain
|-heal|p2a: Drumming Gorilla|8/100|[from] Grassy Terrain
|upkeep
|turn|2
|c|☆placentastu|Nice focus sash
|
|t:|1779961333
|switch|p2a: Land Fish|Swampert, F|100/100
|move|p1a: Hypider|Bug Buzz|p2a: Land Fish
|-damage|p2a: Land Fish|39/100
|
|-heal|p1a: Hypider|80/100|[from] Grassy Terrain
|-heal|p2a: Land Fish|45/100|[from] Grassy Terrain
|-heal|p2a: Land Fish|51/100|[from] item: Leftovers
|upkeep
|turn|3
|
|t:|1779961355
|-terastallize|p2a: Land Fish|Water
|move|p1a: Hypider|Bug Buzz|p2a: Land Fish
|-damage|p2a: Land Fish|0 fnt
|faint|p2a: Land Fish
|
|-heal|p1a: Hypider|86/100|[from] Grassy Terrain
|upkeep
|
|t:|1779961360
|switch|p2a: Flame Kitty|Incineroar, M|100/100
|-ability|p2a: Flame Kitty|Intimidate|boost
|-unboost|p1a: Hypider|atk|1
|turn|4
|c|☆placentastu|Also, you know that grassy terrain cuts the attack of Earthquake, right?
|
|t:|1779961383
|switch|p1a: Little Merman|Primarina, M|100/100
|move|p2a: Flame Kitty|Fake Out|p1a: Little Merman
|-damage|p1a: Little Merman|85/100
|
|-heal|p1a: Little Merman|91/100|[from] Grassy Terrain
|upkeep
|turn|5
|
|t:|1779961396
|switch|p2a: U.F.O|Magnezone|100/100
|move|p1a: Little Merman|Surf|p2a: U.F.O
|-damage|p2a: U.F.O|8/100
|
|-heal|p2a: U.F.O|14/100|[from] Grassy Terrain
|-heal|p1a: Little Merman|97/100|[from] Grassy Terrain
|-fieldend|move: Grassy Terrain
|upkeep
|turn|6
|
|t:|1779961413
|switch|p1a: Donphantastic|Great Tusk|100/100
|move|p2a: U.F.O|Thunderbolt|p1a: Donphantastic
|-immune|p1a: Donphantastic
|
|upkeep
|turn|7
|
|t:|1779961421
|switch|p2a: Wrestling Bird|Hawlucha, M|100/100
|move|p1a: Donphantastic|Supercell Slam|p2a: Wrestling Bird
|-supereffective|p2a: Wrestling Bird
|-damage|p2a: Wrestling Bird|0 fnt
|faint|p2a: Wrestling Bird
|
|upkeep
|c|☆placentastu|Got em
|-message|sammichael forfeited.
|
|win|placentastu
|raw|placentastu's rating: 1091 &rarr; <strong>1118</strong><br />(+27 for winning)
|raw|sammichael's rating: 1106 &rarr; <strong>1080</strong><br />(-26 for losing)
|l|☆sammichael
|player|p2|
|l|☆placentastu
|player|p1|
