|j|☆magicsalt
|j|☆Aukijunichi
|t:|1779864509
|gametype|singles
|player|p1|magicsalt|clair|1182
|player|p2|Aukijunichi|266|1256
|gen|9
|tier|[Gen 9] OU
|rated|
|rule|HP Percentage Mod: HP is shown in percentages
|rule|Endless Battle Clause: Forcing endless battles is banned
|rule|Species Clause: Limit one of each Pokémon
|rule|OHKO Clause: OHKO moves are banned
|rule|Evasion Items Clause: Evasion items are banned
|rule|Evasion Moves Clause: Evasion moves are banned
|rule|Evasion Abilities Clause: Evasion abilities are banned
|rule|Sleep Moves Clause: Sleep-inducing moves are banned
|clearpoke
|poke|p1|Salazzle, F|
|poke|p1|Glimmora, M|
|poke|p1|Darkrai|
|poke|p1|Toxapex, F|
|poke|p1|Corviknight, F|
|poke|p1|Blissey, F|
|poke|p2|Porygon2|
|poke|p2|Decidueye-Hisui, M|
|poke|p2|Incineroar, M|
|poke|p2|Goodra-Hisui, M|
|poke|p2|Pelipper, M|
|poke|p2|Great Tusk|
|teampreview
|inactive|Battle timer is ON: inactive players will automatically lose when time's up. (requested by magicsalt)
|
|t:|1779864527
|teamsize|p1|6
|teamsize|p2|6
|start
|switch|p1a: A roc|Glimmora, M, shiny|100/100
|switch|p2a: luh peli|Pelipper, M, shiny|100/100
|-weather|RainDance|[from] ability: Drizzle|[of] p2a: luh peli
|turn|1
|
|t:|1779864544
|move|p1a: A roc|Stealth Rock|p2a: luh peli
|-sidestart|p2: Aukijunichi|move: Stealth Rock
|move|p2a: luh peli|Weather Ball|p1a: A roc
|-supereffective|p1a: A roc
|-enditem|p1a: A roc|Focus Sash
|-damage|p1a: A roc|1/100
|
|-weather|RainDance|[upkeep]
|upkeep
|turn|2
|
|t:|1779864562
|move|p1a: A roc|Toxic|p2a: luh peli
|-status|p2a: luh peli|tox
|move|p2a: luh peli|Weather Ball|p1a: A roc
|-supereffective|p1a: A roc
|-damage|p1a: A roc|0 fnt
|faint|p1a: A roc
|
|-weather|RainDance|[upkeep]
|-damage|p2a: luh peli|94/100 tox|[from] psn
|upkeep
|inactive|magicsalt has 120 seconds left.
|
|t:|1779864585
|switch|p1a: Spikey thingy|Toxapex, F|100/100
|turn|3
|inactive|magicsalt has 120 seconds left.
|
|t:|1779864591
|move|p2a: luh peli|U-turn|p1a: Spikey thingy
|-resisted|p1a: Spikey thingy
|-damage|p1a: Spikey thingy|98/100
|
|t:|1779864597
|switch|p2a: dragoooooo|Goodra-Hisui, M|100/100|[from] U-turn
|-damage|p2a: dragoooooo|94/100|[from] Stealth Rock
|move|p1a: Spikey thingy|Infestation|p2a: dragoooooo
|-resisted|p2a: dragoooooo
|-damage|p2a: dragoooooo|94/100
|-activate|p2a: dragoooooo|move: Infestation|[of] p1a: Spikey thingy
|-damage|p1a: Spikey thingy|81/100|[from] item: Rocky Helmet|[of] p2a: dragoooooo
|-ability|p2a: dragoooooo|Gooey
|-unboost|p1a: Spikey thingy|spe|1
|
|-weather|RainDance|[upkeep]
|-heal|p1a: Spikey thingy|88/100|[from] item: Leftovers
|-damage|p2a: dragoooooo|81/100|[from] move: Infestation|[partiallytrapped]
|upkeep
|turn|4
|inactive|magicsalt has 120 seconds left.
|
|t:|1779864612
|move|p1a: Spikey thingy|Baneful Bunker|p1a: Spikey thingy
|-singleturn|p1a: Spikey thingy|move: Protect
|move|p2a: dragoooooo|Body Press|p1a: Spikey thingy
|-activate|p1a: Spikey thingy|move: Protect
|
|-weather|RainDance|[upkeep]
|-heal|p1a: Spikey thingy|94/100|[from] item: Leftovers
|-damage|p2a: dragoooooo|69/100|[from] move: Infestation|[partiallytrapped]
|upkeep
|turn|5
|inactive|magicsalt has 120 seconds left.
|
|t:|1779864624
|move|p2a: dragoooooo|Body Press|p1a: Spikey thingy
|-resisted|p1a: Spikey thingy
|-damage|p1a: Spikey thingy|87/100
|move|p1a: Spikey thingy|Recover|p1a: Spikey thingy
|-heal|p1a: Spikey thingy|100/100
|
|-weather|RainDance|[upkeep]
|-damage|p2a: dragoooooo|57/100|[from] move: Infestation|[partiallytrapped]
|upkeep
|turn|6
|inactive|magicsalt has 120 seconds left.
|
|t:|1779864636
|move|p1a: Spikey thingy|Baneful Bunker|p1a: Spikey thingy
|-singleturn|p1a: Spikey thingy|move: Protect
|move|p2a: dragoooooo|Life Dew|p2a: dragoooooo
|-heal|p2a: dragoooooo|82/100
|
|-weather|RainDance|[upkeep]
|-damage|p2a: dragoooooo|69/100|[from] move: Infestation|[partiallytrapped]
|upkeep
|turn|7
|inactive|magicsalt has 120 seconds left.
|
|t:|1779864654
|move|p2a: dragoooooo|Fire Blast|p1a: Spikey thingy
|-resisted|p1a: Spikey thingy
|-damage|p1a: Spikey thingy|95/100
|move|p1a: Spikey thingy|Infestation|p2a: dragoooooo
|-resisted|p2a: dragoooooo
|-damage|p2a: dragoooooo|68/100
|-damage|p1a: Spikey thingy|78/100|[from] item: Rocky Helmet|[of] p2a: dragoooooo
|-ability|p2a: dragoooooo|Gooey
|-unboost|p1a: Spikey thingy|spe|1
|
|-weather|RainDance|[upkeep]
|-heal|p1a: Spikey thingy|85/100|[from] item: Leftovers
|-end|p2a: dragoooooo|Infestation|[partiallytrapped]
|upkeep
|turn|8
|inactive|magicsalt has 120 seconds left.
|
|t:|1779864676
|switch|p2a: PZ3000|Porygon2|100/100
|-damage|p2a: PZ3000|88/100|[from] Stealth Rock
|move|p1a: Spikey thingy|Infestation|p2a: PZ3000
|-damage|p2a: PZ3000|86/100
|-activate|p2a: PZ3000|move: Infestation|[of] p1a: Spikey thingy
|
|-weather|none
|-heal|p1a: Spikey thingy|91/100|[from] item: Leftovers
|-damage|p2a: PZ3000|74/100|[from] move: Infestation|[partiallytrapped]
|upkeep
|turn|9
|inactive|magicsalt has 120 seconds left.
|
|t:|1779864690
|move|p1a: Spikey thingy|Baneful Bunker|p1a: Spikey thingy
|-singleturn|p1a: Spikey thingy|move: Protect
|move|p2a: PZ3000|Tri Attack|p1a: Spikey thingy
|-activate|p1a: Spikey thingy|move: Protect
|
|-heal|p1a: Spikey thingy|97/100|[from] item: Leftovers
|-damage|p2a: PZ3000|61/100|[from] move: Infestation|[partiallytrapped]
|upkeep
|turn|10
|inactive|magicsalt has 120 seconds left.
|
|t:|1779864701
|move|p2a: PZ3000|Tri Attack|p1a: Spikey thingy
|-damage|p1a: Spikey thingy|62/100
|-status|p1a: Spikey thingy|brn
|move|p1a: Spikey thingy|Haze|p1a: Spikey thingy
|-clearallboost
|
|-heal|p1a: Spikey thingy|69/100 brn|[from] item: Leftovers
|-damage|p1a: Spikey thingy|62/100 brn|[from] brn
|-damage|p2a: PZ3000|49/100|[from] move: Infestation|[partiallytrapped]
|upkeep
|turn|11
|inactive|magicsalt has 120 seconds left.
|
|t:|1779864715
|move|p2a: PZ3000|Psyshock|p1a: Spikey thingy
|-supereffective|p1a: Spikey thingy
|-damage|p1a: Spikey thingy|31/100 brn
|move|p1a: Spikey thingy|Recover|p1a: Spikey thingy
|-heal|p1a: Spikey thingy|81/100 brn
|
|-heal|p1a: Spikey thingy|87/100 brn|[from] item: Leftovers
|-damage|p1a: Spikey thingy|81/100 brn|[from] brn
|-damage|p2a: PZ3000|37/100|[from] move: Infestation|[partiallytrapped]
|upkeep
|turn|12
|inactive|magicsalt has 120 seconds left.
|
|t:|1779864732
|move|p1a: Spikey thingy|Baneful Bunker|p1a: Spikey thingy
|-singleturn|p1a: Spikey thingy|move: Protect
|move|p2a: PZ3000|Psyshock|p1a: Spikey thingy
|-activate|p1a: Spikey thingy|move: Protect
|
|-heal|p1a: Spikey thingy|87/100 brn|[from] item: Leftovers
|-damage|p1a: Spikey thingy|81/100 brn|[from] brn
|-damage|p2a: PZ3000|25/100|[from] move: Infestation|[partiallytrapped]
|upkeep
|turn|13
|
|t:|1779864745
|move|p2a: PZ3000|Psyshock|p1a: Spikey thingy
|-supereffective|p1a: Spikey thingy
|-damage|p1a: Spikey thingy|47/100 brn
|move|p1a: Spikey thingy|Recover|p1a: Spikey thingy
|-heal|p1a: Spikey thingy|97/100 brn
|
|-heal|p1a: Spikey thingy|100/100 brn|[from] item: Leftovers
|-damage|p1a: Spikey thingy|94/100 brn|[from] brn
|-end|p2a: PZ3000|Infestation|[partiallytrapped]
|upkeep
|turn|14
|inactive|Aukijunichi has 120 seconds left.
|
|t:|1779864776
|switch|p2a: dragoooooo|Goodra-Hisui, M|68/100
|-damage|p2a: dragoooooo|62/100|[from] Stealth Rock
|move|p1a: Spikey thingy|Infestation|p2a: dragoooooo
|-resisted|p2a: dragoooooo
|-damage|p2a: dragoooooo|61/100
|-activate|p2a: dragoooooo|move: Infestation|[of] p1a: Spikey thingy
|-damage|p1a: Spikey thingy|78/100 brn|[from] item: Rocky Helmet|[of] p2a: dragoooooo
|-ability|p2a: dragoooooo|Gooey
|-unboost|p1a: Spikey thingy|spe|1
|
|-heal|p1a: Spikey thingy|84/100 brn|[from] item: Leftovers
|-damage|p1a: Spikey thingy|78/100 brn|[from] brn
|-damage|p2a: dragoooooo|49/100|[from] move: Infestation|[partiallytrapped]
|upkeep
|turn|15
|
|t:|1779864791
|move|p1a: Spikey thingy|Baneful Bunker|p1a: Spikey thingy
|-singleturn|p1a: Spikey thingy|move: Protect
|move|p2a: dragoooooo|Life Dew|p2a: dragoooooo
|-heal|p2a: dragoooooo|74/100
|
|-heal|p1a: Spikey thingy|84/100 brn|[from] item: Leftovers
|-damage|p1a: Spikey thingy|78/100 brn|[from] brn
|-damage|p2a: dragoooooo|62/100|[from] move: Infestation|[partiallytrapped]
|upkeep
|turn|16
|inactive|Aukijunichi has 120 seconds left.
|
|t:|1779864812
|move|p2a: dragoooooo|Draco Meteor|p1a: Spikey thingy|[miss]
|-miss|p2a: dragoooooo|p1a: Spikey thingy
|move|p1a: Spikey thingy|Haze|p1a: Spikey thingy
|-clearallboost
|
|-heal|p1a: Spikey thingy|84/100 brn|[from] item: Leftovers
|-damage|p1a: Spikey thingy|78/100 brn|[from] brn
|-damage|p2a: dragoooooo|49/100|[from] move: Infestation|[partiallytrapped]
|upkeep
|turn|17
|inactive|Aukijunichi has 120 seconds left.
|inactive|magicsalt has 90 seconds left.
|
|t:|1779864837
|-terastallize|p1a: Spikey thingy|Fairy
|move|p2a: dragoooooo|Life Dew|p2a: dragoooooo
|-heal|p2a: dragoooooo|74/100
|move|p1a: Spikey thingy|Infestation|p2a: dragoooooo
|-resisted|p2a: dragoooooo
|-damage|p2a: dragoooooo|74/100
|-damage|p1a: Spikey thingy|61/100 brn|[from] item: Rocky Helmet|[of] p2a: dragoooooo
|-ability|p2a: dragoooooo|Gooey
|-unboost|p1a: Spikey thingy|spe|1
|
|-heal|p1a: Spikey thingy|68/100 brn|[from] item: Leftovers
|-damage|p1a: Spikey thingy|61/100 brn|[from] brn
|-damage|p2a: dragoooooo|61/100|[from] move: Infestation|[partiallytrapped]
|upkeep
|turn|18
|inactive|magicsalt has 90 seconds left.
|inactive|Aukijunichi has 120 seconds left.
|
|t:|1779864859
|move|p2a: dragoooooo|Fire Blast|p1a: Spikey thingy
|-damage|p1a: Spikey thingy|38/100 brn
|move|p1a: Spikey thingy|Recover|p1a: Spikey thingy
|-heal|p1a: Spikey thingy|88/100 brn
|
|-heal|p1a: Spikey thingy|94/100 brn|[from] item: Leftovers
|-damage|p1a: Spikey thingy|88/100 brn|[from] brn
|-end|p2a: dragoooooo|Infestation|[partiallytrapped]
|upkeep
|turn|19
|inactive|magicsalt has 90 seconds left.
|
|t:|1779864873
|move|p2a: dragoooooo|Fire Blast|p1a: Spikey thingy
|-damage|p1a: Spikey thingy|66/100 brn
|move|p1a: Spikey thingy|Infestation|p2a: dragoooooo
|-resisted|p2a: dragoooooo
|-damage|p2a: dragoooooo|60/100
|-activate|p2a: dragoooooo|move: Infestation|[of] p1a: Spikey thingy
|-damage|p1a: Spikey thingy|49/100 brn|[from] item: Rocky Helmet|[of] p2a: dragoooooo
|-ability|p2a: dragoooooo|Gooey
|-unboost|p1a: Spikey thingy|spe|1
|
|-heal|p1a: Spikey thingy|55/100 brn|[from] item: Leftovers
|-damage|p1a: Spikey thingy|49/100 brn|[from] brn
|-damage|p2a: dragoooooo|48/100|[from] move: Infestation|[partiallytrapped]
|upkeep
|turn|20
|inactive|magicsalt has 90 seconds left.
|inactive|Aukijunichi has 120 seconds left.
|
|t:|1779864889
|move|p2a: dragoooooo|Life Dew|p2a: dragoooooo
|-heal|p2a: dragoooooo|73/100
|move|p1a: Spikey thingy|Recover|p1a: Spikey thingy
|-heal|p1a: Spikey thingy|99/100 brn
|
|-heal|p1a: Spikey thingy|100/100 brn|[from] item: Leftovers
|-damage|p1a: Spikey thingy|94/100 brn|[from] brn
|-damage|p2a: dragoooooo|61/100|[from] move: Infestation|[partiallytrapped]
|upkeep
|turn|21
|inactive|Aukijunichi has 120 seconds left.
|
|t:|1779864902
|move|p1a: Spikey thingy|Baneful Bunker|p1a: Spikey thingy
|-singleturn|p1a: Spikey thingy|move: Protect
|move|p2a: dragoooooo|Body Press|p1a: Spikey thingy
|-activate|p1a: Spikey thingy|move: Protect
|
|-heal|p1a: Spikey thingy|100/100 brn|[from] item: Leftovers
|-damage|p1a: Spikey thingy|94/100 brn|[from] brn
|-damage|p2a: dragoooooo|48/100|[from] move: Infestation|[partiallytrapped]
|upkeep
|turn|22
|
|t:|1779864915
|move|p2a: dragoooooo|Life Dew|p2a: dragoooooo
|-heal|p2a: dragoooooo|73/100
|move|p1a: Spikey thingy|Haze|p1a: Spikey thingy
|-clearallboost
|
|-heal|p1a: Spikey thingy|100/100 brn|[from] item: Leftovers
|-damage|p1a: Spikey thingy|94/100 brn|[from] brn
|-damage|p2a: dragoooooo|61/100|[from] move: Infestation|[partiallytrapped]
|upkeep
|turn|23
|
|t:|1779864932
|move|p1a: Spikey thingy|Baneful Bunker|p1a: Spikey thingy
|-singleturn|p1a: Spikey thingy|move: Protect
|move|p2a: dragoooooo|Life Dew|p2a: dragoooooo
|-heal|p2a: dragoooooo|86/100
|
|-heal|p1a: Spikey thingy|100/100 brn|[from] item: Leftovers
|-damage|p1a: Spikey thingy|94/100 brn|[from] brn
|-damage|p2a: dragoooooo|74/100|[from] move: Infestation|[partiallytrapped]
|upkeep
|turn|24
|
|t:|1779864943
|move|p2a: dragoooooo|Fire Blast|p1a: Spikey thingy
|-damage|p1a: Spikey thingy|72/100 brn
|move|p1a: Spikey thingy|Haze|p1a: Spikey thingy
|-clearallboost
|
|-heal|p1a: Spikey thingy|78/100 brn|[from] item: Leftovers
|-damage|p1a: Spikey thingy|72/100 brn|[from] brn
|-end|p2a: dragoooooo|Infestation|[partiallytrapped]
|upkeep
|turn|25
|inactive|magicsalt has 60 seconds left.
|inactive|Aukijunichi has 120 seconds left.
|
|t:|1779864978
|switch|p2a: don cena|Great Tusk|100/100
|-damage|p2a: don cena|98/100|[from] Stealth Rock
|switch|p1a: Thirst trap|Salazzle, F|100/100
|
|upkeep
|turn|26
|inactive|magicsalt has 60 seconds left.
|
|t:|1779864989
|move|p1a: Thirst trap|Toxic|p2a: don cena
|-status|p2a: don cena|tox
|move|p2a: don cena|Rapid Spin|p1a: Thirst trap
|-damage|p1a: Thirst trap|78/100
|-boost|p2a: don cena|spe|1
|-sideend|p2: Aukijunichi|Stealth Rock|[from] move: Rapid Spin|[of] p2a: don cena
|
|-damage|p2a: don cena|91/100 tox|[from] psn
|upkeep
|turn|27
|inactive|magicsalt has 60 seconds left.
|inactive|Aukijunichi has 120 seconds left.
|
|t:|1779865011
|switch|p1a: Arkham birbby|Corviknight, F|100/100
|-ability|p1a: Arkham birbby|Unnerve
|-end|p2a: don cena|Protosynthesis|[silent]
|switch|p2a: luh peli|Pelipper, M, shiny|94/100 tox
|-weather|RainDance|[from] ability: Drizzle|[of] p2a: luh peli
|
|-weather|RainDance|[upkeep]
|-damage|p2a: luh peli|88/100 tox|[from] psn
|upkeep
|turn|28
|inactive|Aukijunichi has 120 seconds left.
|inactive|magicsalt has 60 seconds left.
|
|t:|1779865023
|move|p1a: Arkham birbby|Bulk Up|p1a: Arkham birbby
|-boost|p1a: Arkham birbby|atk|1
|-boost|p1a: Arkham birbby|def|1
|move|p2a: luh peli|Weather Ball|p1a: Arkham birbby
|-damage|p1a: Arkham birbby|55/100
|
|-weather|RainDance|[upkeep]
|-heal|p1a: Arkham birbby|61/100|[from] item: Leftovers
|-damage|p2a: luh peli|76/100 tox|[from] psn
|upkeep
|turn|29
|inactive|Aukijunichi has 120 seconds left.
|inactive|magicsalt has 60 seconds left.
|
|t:|1779865033
|move|p1a: Arkham birbby|Bulk Up|p1a: Arkham birbby
|-boost|p1a: Arkham birbby|atk|1
|-boost|p1a: Arkham birbby|def|1
|move|p2a: luh peli|Weather Ball|p1a: Arkham birbby
|-damage|p1a: Arkham birbby|11/100
|
|-weather|RainDance|[upkeep]
|-heal|p1a: Arkham birbby|17/100|[from] item: Leftovers
|-damage|p2a: luh peli|57/100 tox|[from] psn
|upkeep
|turn|30
|inactive|magicsalt has 60 seconds left.
|
|t:|1779865044
|switch|p2a: PZ3000|Porygon2|25/100
|move|p1a: Arkham birbby|Roost|p1a: Arkham birbby
|-heal|p1a: Arkham birbby|67/100
|-singleturn|p1a: Arkham birbby|move: Roost
|
|-weather|RainDance|[upkeep]
|-heal|p1a: Arkham birbby|73/100|[from] item: Leftovers
|upkeep
|turn|31
|inactive|magicsalt has 60 seconds left.
|
|t:|1779865059
|move|p1a: Arkham birbby|Power Trip|p2a: PZ3000
|-damage|p2a: PZ3000|0 fnt
|faint|p2a: PZ3000
|
|-weather|RainDance|[upkeep]
|-heal|p1a: Arkham birbby|80/100|[from] item: Leftovers
|upkeep
|
|t:|1779865065
|switch|p2a: dragoooooo|Goodra-Hisui, M|74/100
|turn|32
|
|t:|1779865080
|move|p1a: Arkham birbby|Power Trip|p2a: dragoooooo
|-damage|p2a: dragoooooo|41/100
|-damage|p1a: Arkham birbby|63/100|[from] item: Rocky Helmet|[of] p2a: dragoooooo
|-ability|p2a: dragoooooo|Gooey
|-unboost|p1a: Arkham birbby|spe|1
|move|p2a: dragoooooo|Fire Blast|p1a: Arkham birbby
|-supereffective|p1a: Arkham birbby
|-damage|p1a: Arkham birbby|44/100
|
|-weather|RainDance|[upkeep]
|-heal|p1a: Arkham birbby|50/100|[from] item: Leftovers
|upkeep
|turn|33
|inactive|magicsalt has 60 seconds left.
|
|t:|1779865108
|switch|p1a: Spikey thingy|Toxapex, F, tera:Fairy|100/100 brn
|move|p2a: dragoooooo|Life Dew|p2a: dragoooooo
|-heal|p2a: dragoooooo|66/100
|
|-weather|RainDance|[upkeep]
|-damage|p1a: Spikey thingy|94/100 brn|[from] brn
|upkeep
|turn|34
|
|t:|1779865121
|switch|p2a: don cena|Great Tusk|91/100 tox
|move|p1a: Spikey thingy|Infestation|p2a: don cena
|-resisted|p2a: don cena
|-damage|p2a: don cena|90/100 tox
|-activate|p2a: don cena|move: Infestation|[of] p1a: Spikey thingy
|
|-weather|none
|-heal|p1a: Spikey thingy|100/100 brn|[from] item: Leftovers
|-damage|p2a: don cena|84/100 tox|[from] psn
|-damage|p1a: Spikey thingy|94/100 brn|[from] brn
|-damage|p2a: don cena|71/100 tox|[from] move: Infestation|[partiallytrapped]
|upkeep
|turn|35
|
|t:|1779865140
|move|p1a: Spikey thingy|Baneful Bunker|p1a: Spikey thingy
|-singleturn|p1a: Spikey thingy|move: Protect
|move|p2a: don cena|Ice Spinner|p1a: Spikey thingy
|-activate|p1a: Spikey thingy|move: Protect
|
|-heal|p1a: Spikey thingy|100/100 brn|[from] item: Leftovers
|-damage|p2a: don cena|59/100 tox|[from] psn
|-damage|p1a: Spikey thingy|94/100 brn|[from] brn
|-damage|p2a: don cena|46/100 tox|[from] move: Infestation|[partiallytrapped]
|upkeep
|turn|36
|
|t:|1779865157
|move|p2a: don cena|Headlong Rush|p1a: Spikey thingy
|-damage|p1a: Spikey thingy|59/100 brn
|-unboost|p2a: don cena|def|1
|-unboost|p2a: don cena|spd|1
|move|p1a: Spikey thingy|Haze|p1a: Spikey thingy
|-clearallboost
|
|-heal|p1a: Spikey thingy|65/100 brn|[from] item: Leftovers
|-damage|p2a: don cena|28/100 tox|[from] psn
|-damage|p1a: Spikey thingy|59/100 brn|[from] brn
|-damage|p2a: don cena|15/100 tox|[from] move: Infestation|[partiallytrapped]
|upkeep
|turn|37
|
|t:|1779865174
|move|p1a: Spikey thingy|Baneful Bunker|p1a: Spikey thingy
|-singleturn|p1a: Spikey thingy|move: Protect
|move|p2a: don cena|Ice Spinner|p1a: Spikey thingy
|-activate|p1a: Spikey thingy|move: Protect
|
|-heal|p1a: Spikey thingy|65/100 brn|[from] item: Leftovers
|-damage|p2a: don cena|0 fnt|[from] psn
|faint|p2a: don cena
|-end|p2a: don cena|Protosynthesis|[silent]
|-damage|p1a: Spikey thingy|59/100 brn|[from] brn
|upkeep
|
|t:|1779865186
|switch|p2a: dragoooooo|Goodra-Hisui, M|66/100
|turn|38
|
|t:|1779865197
|move|p2a: dragoooooo|Fire Blast|p1a: Spikey thingy
|-damage|p1a: Spikey thingy|35/100 brn
|move|p1a: Spikey thingy|Recover|p1a: Spikey thingy
|-heal|p1a: Spikey thingy|85/100 brn
|
|-heal|p1a: Spikey thingy|92/100 brn|[from] item: Leftovers
|-damage|p1a: Spikey thingy|85/100 brn|[from] brn
|upkeep
|turn|39
|
|t:|1779865214
|switch|p2a: luh peli|Pelipper, M, shiny|57/100 tox
|-weather|RainDance|[from] ability: Drizzle|[of] p2a: luh peli
|switch|p1a: Thirst trap|Salazzle, F|78/100
|
|-weather|RainDance|[upkeep]
|-damage|p2a: luh peli|51/100 tox|[from] psn
|upkeep
|turn|40
|
|t:|1779865226
|switch|p1a: Arkham birbby|Corviknight, F|50/100
|-ability|p1a: Arkham birbby|Unnerve
|move|p2a: luh peli|Weather Ball|p1a: Arkham birbby
|-damage|p1a: Arkham birbby|0 fnt
|faint|p1a: Arkham birbby
|
|-weather|RainDance|[upkeep]
|-damage|p2a: luh peli|39/100 tox|[from] psn
|upkeep
|inactive|magicsalt has 30 seconds left.
|
|t:|1779865237
|switch|p1a: Edgey|Darkrai, shiny|100/100
|turn|41
|
|t:|1779865243
|switch|p2a: dragoooooo|Goodra-Hisui, M|66/100
|move|p1a: Edgey|Dark Pulse|p2a: dragoooooo
|-damage|p2a: dragoooooo|41/100
|
|-weather|RainDance|[upkeep]
|upkeep
|turn|42
|
|t:|1779865251
|move|p1a: Edgey|Focus Blast|p2a: dragoooooo
|-supereffective|p2a: dragoooooo
|-damage|p2a: dragoooooo|0 fnt
|faint|p2a: dragoooooo
|
|-weather|RainDance|[upkeep]
|upkeep
|
|t:|1779865258
|switch|p2a: realeyesrealize|Decidueye-Hisui, M, shiny|100/100
|turn|43
|
|t:|1779865267
|move|p1a: Edgey|Psychic|p2a: realeyesrealize
|-supereffective|p2a: realeyesrealize
|-damage|p2a: realeyesrealize|39/100
|move|p2a: realeyesrealize|Triple Arrows|p1a: Edgey
|-supereffective|p1a: Edgey
|-enditem|p1a: Edgey|Focus Sash
|-damage|p1a: Edgey|1/100
|
|-weather|RainDance|[upkeep]
|upkeep
|turn|44
|
|t:|1779865281
|move|p1a: Edgey|Psychic|p2a: realeyesrealize
|-supereffective|p2a: realeyesrealize
|-damage|p2a: realeyesrealize|0 fnt
|faint|p2a: realeyesrealize
|
|-weather|RainDance|[upkeep]
|upkeep
|
|t:|1779865286
|switch|p2a: wolfey's son|Incineroar, M|100/100
|-ability|p2a: wolfey's son|Intimidate|boost
|-unboost|p1a: Edgey|atk|1
|turn|45
|
|t:|1779865295
|switch|p1a: Fatty whopper|Blissey, F|100/100
|move|p2a: wolfey's son|U-turn|p1a: Fatty whopper
|-damage|p1a: Fatty whopper|81/100
|
|t:|1779865301
|switch|p2a: luh peli|Pelipper, M, shiny|39/100 tox|[from] U-turn
|
|-weather|RainDance|[upkeep]
|-heal|p1a: Fatty whopper|87/100|[from] item: Leftovers
|-damage|p2a: luh peli|32/100 tox|[from] psn
|upkeep
|turn|46
|
|t:|1779865311
|move|p2a: luh peli|Weather Ball|p1a: Fatty whopper
|-damage|p1a: Fatty whopper|61/100
|move|p1a: Fatty whopper|Soft-Boiled|p1a: Fatty whopper
|-heal|p1a: Fatty whopper|100/100
|
|-weather|none
|-damage|p2a: luh peli|20/100 tox|[from] psn
|upkeep
|turn|47
|
|t:|1779865323
|move|p2a: luh peli|U-turn|p1a: Fatty whopper
|-damage|p1a: Fatty whopper|93/100
|
|t:|1779865325
|switch|p2a: wolfey's son|Incineroar, M|100/100|[from] U-turn
|-ability|p2a: wolfey's son|Intimidate|boost
|-unboost|p1a: Fatty whopper|atk|1
|move|p1a: Fatty whopper|Seismic Toss|p2a: wolfey's son
|-damage|p2a: wolfey's son|75/100
|
|-heal|p1a: Fatty whopper|99/100|[from] item: Leftovers
|upkeep
|turn|48
|
|t:|1779865336
|move|p1a: Fatty whopper|Protect|p1a: Fatty whopper
|-singleturn|p1a: Fatty whopper|Protect
|move|p2a: wolfey's son|Cross Chop|p1a: Fatty whopper
|-activate|p1a: Fatty whopper|move: Protect
|
|-heal|p1a: Fatty whopper|100/100|[from] item: Leftovers
|upkeep
|turn|49
|
|t:|1779865345
|move|p2a: wolfey's son|Cross Chop|p1a: Fatty whopper
|-supereffective|p1a: Fatty whopper
|-damage|p1a: Fatty whopper|50/100
|move|p1a: Fatty whopper|Seismic Toss|p2a: wolfey's son
|-damage|p2a: wolfey's son|50/100
|
|-heal|p1a: Fatty whopper|56/100|[from] item: Leftovers
|upkeep
|turn|50
|inactive|magicsalt has 90 seconds left.
|
|t:|1779865354
|move|p1a: Fatty whopper|Protect|p1a: Fatty whopper
|-singleturn|p1a: Fatty whopper|Protect
|move|p2a: wolfey's son|Leech Life|p1a: Fatty whopper
|-activate|p1a: Fatty whopper|move: Protect
|
|-heal|p1a: Fatty whopper|62/100|[from] item: Leftovers
|upkeep
|turn|51
|inactive|magicsalt has 90 seconds left.
|
|t:|1779865365
|move|p2a: wolfey's son|Cross Chop|p1a: Fatty whopper
|-supereffective|p1a: Fatty whopper
|-damage|p1a: Fatty whopper|6/100
|move|p1a: Fatty whopper|Soft-Boiled|p1a: Fatty whopper
|-heal|p1a: Fatty whopper|56/100
|
|-heal|p1a: Fatty whopper|62/100|[from] item: Leftovers
|upkeep
|turn|52
|
|t:|1779865374
|switch|p2a: luh peli|Pelipper, M, shiny|20/100 tox
|-weather|RainDance|[from] ability: Drizzle|[of] p2a: luh peli
|move|p1a: Fatty whopper|Seismic Toss|p2a: luh peli
|-damage|p2a: luh peli|0 fnt
|faint|p2a: luh peli
|
|-weather|RainDance|[upkeep]
|-heal|p1a: Fatty whopper|68/100|[from] item: Leftovers
|upkeep
|
|t:|1779865381
|switch|p2a: wolfey's son|Incineroar, M|50/100
|-ability|p2a: wolfey's son|Intimidate|boost
|-unboost|p1a: Fatty whopper|atk|1
|turn|53
|
|t:|1779865390
|move|p2a: wolfey's son|Leech Life|p1a: Fatty whopper
|-damage|p1a: Fatty whopper|46/100
|-heal|p2a: wolfey's son|70/100|[from] drain|[of] p1a: Fatty whopper
|move|p1a: Fatty whopper|Seismic Toss|p2a: wolfey's son
|-damage|p2a: wolfey's son|44/100
|
|-weather|RainDance|[upkeep]
|-heal|p1a: Fatty whopper|53/100|[from] item: Leftovers
|upkeep
|turn|54
|
|t:|1779865401
|move|p1a: Fatty whopper|Protect|p1a: Fatty whopper
|-singleturn|p1a: Fatty whopper|Protect
|move|p2a: wolfey's son|Leech Life|p1a: Fatty whopper
|-activate|p1a: Fatty whopper|move: Protect
|
|-weather|RainDance|[upkeep]
|-heal|p1a: Fatty whopper|59/100|[from] item: Leftovers
|upkeep
|turn|55
|
|t:|1779865411
|move|p2a: wolfey's son|Leech Life|p1a: Fatty whopper
|-damage|p1a: Fatty whopper|38/100
|-heal|p2a: wolfey's son|63/100|[from] drain|[of] p1a: Fatty whopper
|move|p1a: Fatty whopper|Seismic Toss|p2a: wolfey's son
|-damage|p2a: wolfey's son|38/100
|
|-weather|RainDance|[upkeep]
|-heal|p1a: Fatty whopper|44/100|[from] item: Leftovers
|upkeep
|turn|56
|
|t:|1779865422
|move|p1a: Fatty whopper|Protect|p1a: Fatty whopper
|-singleturn|p1a: Fatty whopper|Protect
|move|p2a: wolfey's son|Leech Life|p1a: Fatty whopper
|-activate|p1a: Fatty whopper|move: Protect
|
|-weather|RainDance|[upkeep]
|-heal|p1a: Fatty whopper|50/100|[from] item: Leftovers
|upkeep
|turn|57
|
|t:|1779865431
|move|p2a: wolfey's son|Leech Life|p1a: Fatty whopper
|-damage|p1a: Fatty whopper|30/100
|-heal|p2a: wolfey's son|57/100|[from] drain|[of] p1a: Fatty whopper
|move|p1a: Fatty whopper|Seismic Toss|p2a: wolfey's son
|-damage|p2a: wolfey's son|31/100
|
|-weather|RainDance|[upkeep]
|-heal|p1a: Fatty whopper|36/100|[from] item: Leftovers
|upkeep
|turn|58
|inactive|magicsalt has 120 seconds left.
|
|t:|1779865441
|move|p1a: Fatty whopper|Protect|p1a: Fatty whopper
|-singleturn|p1a: Fatty whopper|Protect
|move|p2a: wolfey's son|Leech Life|p1a: Fatty whopper
|-activate|p1a: Fatty whopper|move: Protect
|
|-weather|RainDance|[upkeep]
|-heal|p1a: Fatty whopper|42/100|[from] item: Leftovers
|upkeep
|turn|59
|inactive|magicsalt has 120 seconds left.
|
|t:|1779865450
|move|p2a: wolfey's son|Leech Life|p1a: Fatty whopper
|-damage|p1a: Fatty whopper|20/100
|-heal|p2a: wolfey's son|51/100|[from] drain|[of] p1a: Fatty whopper
|move|p1a: Fatty whopper|Seismic Toss|p2a: wolfey's son
|-damage|p2a: wolfey's son|26/100
|
|-weather|none
|-heal|p1a: Fatty whopper|27/100|[from] item: Leftovers
|upkeep
|turn|60
|inactive|magicsalt has 120 seconds left.
|
|t:|1779865462
|move|p1a: Fatty whopper|Protect|p1a: Fatty whopper
|-singleturn|p1a: Fatty whopper|Protect
|move|p2a: wolfey's son|Leech Life|p1a: Fatty whopper
|-activate|p1a: Fatty whopper|move: Protect
|
|-heal|p1a: Fatty whopper|33/100|[from] item: Leftovers
|upkeep
|turn|61
|
|t:|1779865470
|move|p2a: wolfey's son|Knock Off|p1a: Fatty whopper
|-damage|p1a: Fatty whopper|0 fnt
|-enditem|p1a: Fatty whopper|Leftovers|[from] move: Knock Off|[of] p2a: wolfey's son
|faint|p1a: Fatty whopper
|
|upkeep
|
|t:|1779865477
|switch|p1a: Edgey|Darkrai, shiny|1/100
|turn|62
|
|t:|1779865484
|move|p1a: Edgey|Focus Blast|p2a: wolfey's son
|-supereffective|p2a: wolfey's son
|-damage|p2a: wolfey's son|0 fnt
|faint|p2a: wolfey's son
|
|win|magicsalt
|raw|magicsalt's rating: 1182 &rarr; <strong>1212</strong><br />(+30 for winning)
|raw|Aukijunichi's rating: 1256 &rarr; <strong>1226</strong><br />(-30 for losing)
|l|☆Aukijunichi
|player|p2|
