|j|☆magicsalt
|j|☆Dakota1683
|t:|1779866250
|gametype|singles
|player|p1|magicsalt|clair|1188
|player|p2|Dakota1683|2|1189
|gen|9
|tier|[Gen 9] OU
|rated|
|rule|HP Percentage Mod: HP is shown in percentages
|rule|Endless Battle Clause: Forcing endless battles is banned
|rule|Species Clause: Limit one of each Pokémon
|rule|OHKO Clause: OHKO moves are banned
|rule|Evasion Items Clause: Evasion items are banned
|rule|Evasion Moves Clause: Evasion moves are banned
|rule|Evasion Abilities Clause: Evasion abilities are banned
|rule|Sleep Moves Clause: Sleep-inducing moves are banned
|clearpoke
|poke|p1|Salazzle, F|
|poke|p1|Glimmora, F|
|poke|p1|Darkrai|
|poke|p1|Toxapex, M|
|poke|p1|Corviknight, F|
|poke|p1|Blissey, F|
|poke|p2|Zoroark-Hisui, M|
|poke|p2|Cyclizar, M|
|poke|p2|Dragonite, M|
|poke|p2|Ninetales-Alola, M|
|poke|p2|Deoxys-Speed|
|poke|p2|Blissey, F|
|teampreview
|inactive|Battle timer is ON: inactive players will automatically lose when time's up. (requested by magicsalt)
|
|t:|1779866261
|teamsize|p1|6
|teamsize|p2|6
|start
|switch|p1a: A roc|Glimmora, F, shiny|100/100
|switch|p2a: Ninetales|Ninetales-Alola, M|100/100
|-weather|Snowscape|[from] ability: Snow Warning|[of] p2a: Ninetales
|turn|1
|
|t:|1779866269
|-terastallize|p2a: Ninetales|Steel
|move|p2a: Ninetales|Aurora Veil|p2a: Ninetales
|-sidestart|p2: Dakota1683|move: Aurora Veil
|move|p1a: A roc|Toxic|p2a: Ninetales
|-status|p2a: Ninetales|tox
|
|-weather|Snowscape|[upkeep]
|-damage|p2a: Ninetales|95/100 tox|[from] psn
|upkeep
|turn|2
|
|t:|1779866295
|switch|p2a: Deoxys|Deoxys-Speed|100/100
|-ability|p2a: Deoxys|Pressure
|move|p1a: A roc|Stealth Rock|p2a: Deoxys
|-sidestart|p2: Dakota1683|move: Stealth Rock
|
|-weather|Snowscape|[upkeep]
|upkeep
|turn|3
|
|t:|1779866304
|move|p2a: Deoxys|Nasty Plot|p2a: Deoxys
|-boost|p2a: Deoxys|spa|2
|move|p1a: A roc|Toxic|p2a: Deoxys
|-status|p2a: Deoxys|tox
|
|-weather|Snowscape|[upkeep]
|-damage|p2a: Deoxys|94/100 tox|[from] psn
|upkeep
|turn|4
|
|t:|1779866313
|move|p1a: A roc|Spiky Shield|p1a: A roc
|-singleturn|p1a: A roc|move: Protect
|move|p2a: Deoxys|Psyshock|p1a: A roc
|-activate|p1a: A roc|move: Protect
|
|-weather|Snowscape|[upkeep]
|-damage|p2a: Deoxys|82/100 tox|[from] psn
|upkeep
|turn|5
|
|t:|1779866324
|move|p2a: Deoxys|Ice Beam|p1a: A roc
|-damage|p1a: A roc|42/100
|-status|p1a: A roc|frz
|cant|p1a: A roc|frz
|
|-weather|none
|-damage|p2a: Deoxys|63/100 tox|[from] psn
|upkeep
|turn|6
|j| Shiestfirefire
|
|t:|1779866350
|cant|p1a: A roc|frz
|move|p2a: Deoxys|Ice Beam|p1a: A roc
|-damage|p1a: A roc|0 fnt
|faint|p1a: A roc
|
|-damage|p2a: Deoxys|38/100 tox|[from] psn
|upkeep
|l| Shiestfirefire
|inactive|magicsalt has 120 seconds left.
|
|t:|1779866372
|switch|p1a: Fatty whopper|Blissey, F|100/100
|turn|7
|
|t:|1779866385
|switch|p2a: Cyclizar|Cyclizar, M|100/100
|-damage|p2a: Cyclizar|88/100|[from] Stealth Rock
|move|p1a: Fatty whopper|Protect||[still]
|-fail|p1a: Fatty whopper
|
|upkeep
|turn|8
|inactive|magicsalt has 120 seconds left.
|
|t:|1779866404
|move|p2a: Cyclizar|Rapid Spin|p1a: Fatty whopper
|-damage|p1a: Fatty whopper|77/100
|-boost|p2a: Cyclizar|spe|1
|-sideend|p2: Dakota1683|Stealth Rock|[from] move: Rapid Spin|[of] p2a: Cyclizar
|move|p1a: Fatty whopper|Seismic Toss|p2a: Cyclizar
|-damage|p2a: Cyclizar|59/100
|
|-heal|p1a: Fatty whopper|83/100|[from] item: Leftovers
|-sideend|p2: Dakota1683|move: Aurora Veil
|upkeep
|turn|9
|inactive|magicsalt has 120 seconds left.
|
|t:|1779866421
|move|p2a: Cyclizar|Knock Off|p1a: Fatty whopper
|-damage|p1a: Fatty whopper|59/100
|-enditem|p1a: Fatty whopper|Leftovers|[from] move: Knock Off|[of] p2a: Cyclizar
|move|p1a: Fatty whopper|Seismic Toss|p2a: Cyclizar
|-damage|p2a: Cyclizar|30/100
|
|upkeep
|turn|10
|inactive|magicsalt has 120 seconds left.
|
|t:|1779866437
|move|p2a: Cyclizar|Double-Edge|p1a: Fatty whopper
|-damage|p1a: Fatty whopper|1/100
|-damage|p2a: Cyclizar|0 fnt|[from] Recoil
|faint|p2a: Cyclizar
|move|p1a: Fatty whopper|Seismic Toss|p2: Cyclizar|[notarget]
|-fail|p1a: Fatty whopper
|
|upkeep
|inactive|Dakota1683 has 120 seconds left.
|
|t:|1779866458
|switch|p2a: Ninetales|Ninetales-Alola, M|100/100
|-start|p2a: Ninetales|typechange|Steel|[silent]
|turn|11
|inactive|magicsalt has 120 seconds left.
|inactive|Dakota1683 has 120 seconds left.
|
|t:|1779866476
|move|p2a: Ninetales|Nasty Plot|p2a: Ninetales
|-boost|p2a: Ninetales|spa|2
|move|p1a: Fatty whopper|Soft-Boiled|p1a: Fatty whopper
|-heal|p1a: Fatty whopper|51/100
|
|upkeep
|turn|12
|inactive|Dakota1683 has 120 seconds left.
|inactive|magicsalt has 120 seconds left.
|
|t:|1779866491
|switch|p1a: Edgey|Darkrai, shiny|100/100
|move|p2a: Ninetales|Hyper Voice|p1a: Edgey
|-enditem|p1a: Edgey|Focus Sash
|-damage|p1a: Edgey|1/100
|
|upkeep
|turn|13
|inactive|magicsalt has 120 seconds left.
|
|t:|1779866501
|switch|p2a: Blissey|Blissey, F|100/100
|move|p1a: Edgey|Dark Pulse|p2a: Blissey
|-damage|p2a: Blissey|84/100
|
|-heal|p2a: Blissey|91/100|[from] item: Leftovers
|upkeep
|turn|14
|inactive|magicsalt has 120 seconds left.
|
|t:|1779866514
|switch|p1a: Fatty whopper|Blissey, F|51/100
|move|p2a: Blissey|Heal Bell|p2a: Blissey
|-activate|p2a: Blissey|move: Heal Bell
|-curestatus|p2: Deoxys|tox|[msg]
|-curestatus|p2: Ninetales|tox|[msg]
|
|-heal|p2a: Blissey|97/100|[from] item: Leftovers
|upkeep
|turn|15
|inactive|magicsalt has 120 seconds left.
|
|t:|1779866528
|move|p2a: Blissey|Thunder Wave|p1a: Fatty whopper
|-status|p1a: Fatty whopper|par
|cant|p1a: Fatty whopper|par
|
|-heal|p2a: Blissey|100/100|[from] item: Leftovers
|upkeep
|turn|16
|
|t:|1779866536
|switch|p2a: Ninetales|Ninetales-Alola, M, tera:Steel|95/100
|-weather|Snowscape|[from] ability: Snow Warning|[of] p2a: Ninetales
|move|p1a: Fatty whopper|Soft-Boiled|p1a: Fatty whopper
|-heal|p1a: Fatty whopper|100/100 par
|
|-weather|Snowscape|[upkeep]
|upkeep
|turn|17
|
|t:|1779866549
|-curestatus|p1a: Fatty whopper|par|[from] ability: Natural Cure|[silent]
|switch|p1a: Edgey|Darkrai, shiny|1/100
|move|p2a: Ninetales|Aurora Veil|p2a: Ninetales
|-sidestart|p2: Dakota1683|move: Aurora Veil
|
|-weather|Snowscape|[upkeep]
|upkeep
|turn|18
|
|t:|1779866558
|move|p1a: Edgey|Focus Blast|p2a: Ninetales
|-supereffective|p2a: Ninetales
|-damage|p2a: Ninetales|40/100
|-unboost|p2a: Ninetales|spd|1
|move|p2a: Ninetales|Moonblast|p1a: Edgey
|-supereffective|p1a: Edgey
|-damage|p1a: Edgey|0 fnt
|faint|p1a: Edgey
|
|-weather|Snowscape|[upkeep]
|upkeep
|
|t:|1779866576
|switch|p1a: Spikey thingy|Toxapex, M|100/100
|turn|19
|
|t:|1779866587
|switch|p2a: Deoxys|Deoxys-Speed|38/100
|-ability|p2a: Deoxys|Pressure
|-terastallize|p1a: Spikey thingy|Fairy
|move|p1a: Spikey thingy|Infestation|p2a: Deoxys
|-supereffective|p2a: Deoxys
|-damage|p2a: Deoxys|34/100
|-activate|p2a: Deoxys|move: Infestation|[of] p1a: Spikey thingy
|
|-weather|Snowscape|[upkeep]
|-damage|p2a: Deoxys|21/100|[from] move: Infestation|[partiallytrapped]
|upkeep
|turn|20
|c|☆Dakota1683|!dt toxapex
|c|☆Dakota1683|/raw <div class="message"><ul class="utilichart"><li class="result"><span class="col numcol">UU</span> <span class="col iconcol"><psicon pokemon="toxapex"/></span> <span class="col pokemonnamecol" style="white-space:nowrap"><a href="https://dex.pokemonshowdown.com/pokemon/toxapex" target="_blank">Toxapex</a></span> <span class="col typecol"><img src="https://play.pokemonshowdown.com/sprites/types/Poison.png" alt="Poison" height="14" width="32"><img src="https://play.pokemonshowdown.com/sprites/types/Water.png" alt="Water" height="14" width="32"></span> <span style="float:left;min-height:26px"><span class="col twoabilitycol">Merciless<br />Limber</span><span class="col abilitycol"><em>Regenerator</em></span></span><span style="float:left;min-height:26px"><span class="col statcol"><em>HP</em><br />50</span> <span class="col statcol"><em>Atk</em><br />63</span> <span class="col statcol"><em>Def</em><br />152</span> <span class="col statcol"><em>SpA</em><br />53</span> <span class="col statcol"><em>SpD</em><br />142</span> <span class="col statcol"><em>Spe</em><br />35</span> <span class="col bstcol"><em>BST<br />495</em></span> </span></li><li style="clear:both"></li></ul></div>
|c|☆Dakota1683|/raw <font size="1"><font color="#686868">Dex#:</font> 748&nbsp;|&ThickSpace;<font color="#686868">Gen:</font> 7&nbsp;|&ThickSpace;<font color="#686868">Height:</font> 0.7 m&nbsp;|&ThickSpace;<font color="#686868">Weight:</font> 14.5 kg <em>(40 BP)</em>&nbsp;|&ThickSpace;<font color="#686868">Dex Colour:</font> Blue&nbsp;|&ThickSpace;<font color="#686868">Egg Group(s):</font> Water 1&nbsp;|&ThickSpace;<font color="#686868">Pre-Evolution:</font> Mareanie&nbsp;|&ThickSpace;<font color="#686868">Does Not Evolve</font></font>

|
|t:|1779866610
|move|p1a: Spikey thingy|Baneful Bunker|p1a: Spikey thingy
|-singleturn|p1a: Spikey thingy|move: Protect
|move|p2a: Deoxys|Psychic|p1a: Spikey thingy
|-activate|p1a: Spikey thingy|move: Protect
|
|-weather|none
|-damage|p2a: Deoxys|9/100|[from] move: Infestation|[partiallytrapped]
|upkeep
|turn|21
|
|t:|1779866620
|move|p2a: Deoxys|Psychic|p1a: Spikey thingy
|-damage|p1a: Spikey thingy|57/100
|move|p1a: Spikey thingy|Recover|p1a: Spikey thingy
|-heal|p1a: Spikey thingy|100/100
|
|-damage|p2a: Deoxys|0 fnt|[from] move: Infestation|[partiallytrapped]
|faint|p2a: Deoxys
|upkeep
|
|t:|1779866636
|switch|p2a: Blissey|Blissey, F|100/100
|turn|22
|
|t:|1779866640
|move|p2a: Blissey|Nasty Plot|p2a: Blissey
|-boost|p2a: Blissey|spa|2
|move|p1a: Spikey thingy|Infestation|p2a: Blissey
|-resisted|p2a: Blissey
|-damage|p2a: Blissey|99/100
|-activate|p2a: Blissey|move: Infestation|[of] p1a: Spikey thingy
|replace|p2a: Zoroark|Zoroark-Hisui, M
|-end|p2a: Zoroark|Illusion
|
|-damage|p2a: Zoroark|87/100|[from] move: Infestation|[partiallytrapped]
|upkeep
|turn|23
|
|t:|1779866654
|move|p1a: Spikey thingy|Baneful Bunker|p1a: Spikey thingy
|-singleturn|p1a: Spikey thingy|move: Protect
|move|p2a: Zoroark|Nasty Plot|p2a: Zoroark
|-boost|p2a: Zoroark|spa|2
|
|-damage|p2a: Zoroark|75/100|[from] move: Infestation|[partiallytrapped]
|upkeep
|turn|24
|
|t:|1779866660
|move|p2a: Zoroark|Hyper Voice|p1a: Spikey thingy
|-damage|p1a: Spikey thingy|0 fnt
|faint|p1a: Spikey thingy
|
|-end|p2a: Zoroark|Infestation|[partiallytrapped]|[silent]
|-sideend|p2: Dakota1683|move: Aurora Veil
|upkeep
|
|t:|1779866672
|switch|p1a: Arkham birbby|Corviknight, F|100/100
|-ability|p1a: Arkham birbby|Unnerve
|turn|25
|
|t:|1779866678
|move|p2a: Zoroark|Flamethrower|p1a: Arkham birbby
|-supereffective|p1a: Arkham birbby
|-damage|p1a: Arkham birbby|0 fnt
|faint|p1a: Arkham birbby
|
|upkeep
|
|t:|1779866687
|switch|p1a: Thirst trap|Salazzle, F|100/100
|turn|26
|
|t:|1779866691
|move|p1a: Thirst trap|Toxic|p2a: Zoroark
|-status|p2a: Zoroark|tox
|move|p2a: Zoroark|Hyper Voice|p1a: Thirst trap
|-enditem|p1a: Thirst trap|Focus Sash
|-damage|p1a: Thirst trap|1/100
|
|-damage|p2a: Zoroark|69/100 tox|[from] psn
|upkeep
|turn|27
|
|t:|1779866701
|move|p1a: Thirst trap|Overheat|p2a: Zoroark
|-damage|p2a: Zoroark|0 fnt
|-unboost|p1a: Thirst trap|spa|2
|faint|p2a: Zoroark
|
|upkeep
|
|t:|1779866717
|switch|p2a: Dragonite|Dragonite, M|100/100
|turn|28
|
|t:|1779866721
|move|p1a: Thirst trap|Endeavor|p2a: Dragonite
|-damage|p2a: Dragonite|1/100
|move|p2a: Dragonite|Dragon Dance|p2a: Dragonite
|-boost|p2a: Dragonite|atk|1
|-boost|p2a: Dragonite|spe|1
|
|-heal|p2a: Dragonite|7/100|[from] item: Leftovers
|upkeep
|turn|29
|
|t:|1779866732
|move|p2a: Dragonite|Extreme Speed|p1a: Thirst trap
|-damage|p1a: Thirst trap|0 fnt
|faint|p1a: Thirst trap
|
|-heal|p2a: Dragonite|13/100|[from] item: Leftovers
|upkeep
|
|t:|1779866739
|switch|p1a: Fatty whopper|Blissey, F|100/100
|turn|30
|
|t:|1779866753
|move|p2a: Dragonite|Dragon Claw|p1a: Fatty whopper
|-damage|p1a: Fatty whopper|37/100
|move|p1a: Fatty whopper|Seismic Toss|p2a: Dragonite
|-damage|p2a: Dragonite|0 fnt
|faint|p2a: Dragonite
|
|upkeep
|
|t:|1779866759
|switch|p2a: Blissey|Blissey, F|100/100
|turn|31
|
|t:|1779866764
|move|p1a: Fatty whopper|Soft-Boiled|p1a: Fatty whopper
|-heal|p1a: Fatty whopper|87/100
|move|p2a: Blissey|Thunder Wave|p1a: Fatty whopper
|-status|p1a: Fatty whopper|par
|
|upkeep
|turn|32
|
|t:|1779866771
|move|p2a: Blissey|Seismic Toss|p1a: Fatty whopper
|-damage|p1a: Fatty whopper|73/100 par
|move|p1a: Fatty whopper|Heal Bell|p1a: Fatty whopper
|-activate|p1a: Fatty whopper|move: Heal Bell
|-curestatus|p1a: Fatty whopper|par|[msg]
|
|upkeep
|turn|33
|
|t:|1779866781
|move|p2a: Blissey|Thunder Wave|p1a: Fatty whopper
|-status|p1a: Fatty whopper|par
|move|p1a: Fatty whopper|Seismic Toss|p2a: Blissey
|-damage|p2a: Blissey|86/100
|
|-heal|p2a: Blissey|93/100|[from] item: Leftovers
|upkeep
|turn|34
|
|t:|1779866790
|move|p2a: Blissey|Seismic Toss|p1a: Fatty whopper
|-damage|p1a: Fatty whopper|59/100 par
|move|p1a: Fatty whopper|Seismic Toss|p2a: Blissey
|-damage|p2a: Blissey|79/100
|
|-heal|p2a: Blissey|85/100|[from] item: Leftovers
|upkeep
|turn|35
|c|☆Dakota1683|R we really gonna do battle of the blissey;s
|
|t:|1779866798
|move|p2a: Blissey|Seismic Toss|p1a: Fatty whopper
|-damage|p1a: Fatty whopper|45/100 par
|move|p1a: Fatty whopper|Seismic Toss|p2a: Blissey
|-damage|p2a: Blissey|71/100
|
|-heal|p2a: Blissey|77/100|[from] item: Leftovers
|upkeep
|turn|36
|
|t:|1779866809
|move|p2a: Blissey|Seismic Toss|p1a: Fatty whopper
|-damage|p1a: Fatty whopper|31/100 par
|move|p1a: Fatty whopper|Heal Bell|p1a: Fatty whopper
|-activate|p1a: Fatty whopper|move: Heal Bell
|-curestatus|p1a: Fatty whopper|par|[msg]
|
|-heal|p2a: Blissey|83/100|[from] item: Leftovers
|upkeep
|turn|37
|
|t:|1779866818
|move|p1a: Fatty whopper|Seismic Toss|p2a: Blissey
|-damage|p2a: Blissey|69/100
|move|p2a: Blissey|Thunder Wave|p1a: Fatty whopper
|-status|p1a: Fatty whopper|par
|
|-heal|p2a: Blissey|75/100|[from] item: Leftovers
|upkeep
|turn|38
|
|t:|1779866827
|move|p2a: Blissey|Seismic Toss|p1a: Fatty whopper
|-damage|p1a: Fatty whopper|17/100 par
|move|p1a: Fatty whopper|Soft-Boiled|p1a: Fatty whopper
|-heal|p1a: Fatty whopper|67/100 par
|
|-heal|p2a: Blissey|81/100|[from] item: Leftovers
|upkeep
|turn|39
|
|t:|1779866837
|move|p2a: Blissey|Seismic Toss|p1a: Fatty whopper
|-damage|p1a: Fatty whopper|53/100 par
|move|p1a: Fatty whopper|Heal Bell|p1a: Fatty whopper
|-activate|p1a: Fatty whopper|move: Heal Bell
|-curestatus|p1a: Fatty whopper|par|[msg]
|
|-heal|p2a: Blissey|88/100|[from] item: Leftovers
|upkeep
|turn|40
|
|t:|1779866845
|move|p1a: Fatty whopper|Seismic Toss|p2a: Blissey
|-damage|p2a: Blissey|74/100
|move|p2a: Blissey|Thunder Wave|p1a: Fatty whopper
|-status|p1a: Fatty whopper|par
|
|-heal|p2a: Blissey|80/100|[from] item: Leftovers
|upkeep
|turn|41
|
|t:|1779866856
|move|p2a: Blissey|Seismic Toss|p1a: Fatty whopper
|-damage|p1a: Fatty whopper|39/100 par
|move|p1a: Fatty whopper|Seismic Toss|p2a: Blissey
|-damage|p2a: Blissey|66/100
|
|-heal|p2a: Blissey|72/100|[from] item: Leftovers
|upkeep
|turn|42
|
|t:|1779866865
|move|p2a: Blissey|Seismic Toss|p1a: Fatty whopper
|-damage|p1a: Fatty whopper|25/100 par
|move|p1a: Fatty whopper|Seismic Toss|p2a: Blissey
|-damage|p2a: Blissey|58/100
|
|-heal|p2a: Blissey|64/100|[from] item: Leftovers
|upkeep
|turn|43
|
|t:|1779866874
|move|p2a: Blissey|Seismic Toss|p1a: Fatty whopper
|-damage|p1a: Fatty whopper|11/100 par
|move|p1a: Fatty whopper|Soft-Boiled|p1a: Fatty whopper
|-heal|p1a: Fatty whopper|61/100 par
|
|-heal|p2a: Blissey|70/100|[from] item: Leftovers
|upkeep
|turn|44
|
|t:|1779866880
|move|p2a: Blissey|Seismic Toss|p1a: Fatty whopper
|-damage|p1a: Fatty whopper|47/100 par
|move|p1a: Fatty whopper|Heal Bell|p1a: Fatty whopper
|-activate|p1a: Fatty whopper|move: Heal Bell
|-curestatus|p1a: Fatty whopper|par|[msg]
|
|-heal|p2a: Blissey|76/100|[from] item: Leftovers
|upkeep
|turn|45
|c|☆Dakota1683|Like I have soft-boiled too
|
|t:|1779866903
|move|p2a: Blissey|Seismic Toss|p1a: Fatty whopper
|-damage|p1a: Fatty whopper|33/100
|move|p1a: Fatty whopper|Seismic Toss|p2a: Blissey
|-damage|p2a: Blissey|62/100
|
|-heal|p2a: Blissey|69/100|[from] item: Leftovers
|upkeep
|turn|46
|
|t:|1779866912
|move|p2a: Blissey|Thunder Wave|p1a: Fatty whopper
|-status|p1a: Fatty whopper|par
|move|p1a: Fatty whopper|Soft-Boiled|p1a: Fatty whopper
|-heal|p1a: Fatty whopper|83/100 par
|
|-heal|p2a: Blissey|75/100|[from] item: Leftovers
|upkeep
|turn|47
|
|t:|1779866923
|move|p2a: Blissey|Seismic Toss|p1a: Fatty whopper
|-damage|p1a: Fatty whopper|69/100 par
|cant|p1a: Fatty whopper|par
|
|-heal|p2a: Blissey|81/100|[from] item: Leftovers
|upkeep
|turn|48
|
|t:|1779866932
|move|p2a: Blissey|Seismic Toss|p1a: Fatty whopper
|-damage|p1a: Fatty whopper|55/100 par
|move|p1a: Fatty whopper|Heal Bell|p1a: Fatty whopper
|-activate|p1a: Fatty whopper|move: Heal Bell
|-curestatus|p1a: Fatty whopper|par|[msg]
|
|-heal|p2a: Blissey|87/100|[from] item: Leftovers
|upkeep
|turn|49
|
|t:|1779866941
|move|p1a: Fatty whopper|Protect|p1a: Fatty whopper
|-singleturn|p1a: Fatty whopper|Protect
|move|p2a: Blissey|Seismic Toss|p1a: Fatty whopper
|-activate|p1a: Fatty whopper|move: Protect
|
|-heal|p2a: Blissey|93/100|[from] item: Leftovers
|upkeep
|turn|50
|
|t:|1779866956
|move|p2a: Blissey|Thunder Wave|p1a: Fatty whopper
|-status|p1a: Fatty whopper|par
|move|p1a: Fatty whopper|Heal Bell|p1a: Fatty whopper
|-activate|p1a: Fatty whopper|move: Heal Bell
|-curestatus|p1a: Fatty whopper|par|[msg]
|
|-heal|p2a: Blissey|99/100|[from] item: Leftovers
|upkeep
|turn|51
|
|t:|1779866969
|move|p1a: Fatty whopper|Soft-Boiled|p1a: Fatty whopper
|-heal|p1a: Fatty whopper|100/100
|move|p2a: Blissey|Thunder Wave|p1a: Fatty whopper
|-status|p1a: Fatty whopper|par
|
|-heal|p2a: Blissey|100/100|[from] item: Leftovers
|upkeep
|turn|52
|
|t:|1779866981
|move|p1a: Fatty whopper|Protect|p1a: Fatty whopper
|-singleturn|p1a: Fatty whopper|Protect
|move|p2a: Blissey|Seismic Toss|p1a: Fatty whopper
|-activate|p1a: Fatty whopper|move: Protect
|
|upkeep
|turn|53
|
|t:|1779866988
|move|p1a: Fatty whopper|Protect|p1a: Fatty whopper
|-singleturn|p1a: Fatty whopper|Protect
|move|p2a: Blissey|Thunder Wave|p1a: Fatty whopper
|-activate|p1a: Fatty whopper|move: Protect
|
|upkeep
|turn|54
|
|t:|1779866992
|move|p1a: Fatty whopper|Protect|p1a: Fatty whopper
|-singleturn|p1a: Fatty whopper|Protect
|move|p2a: Blissey|Seismic Toss|p1a: Fatty whopper
|-activate|p1a: Fatty whopper|move: Protect
|
|upkeep
|turn|55
|
|t:|1779867003
|move|p2a: Blissey|Seismic Toss|p1a: Fatty whopper
|-damage|p1a: Fatty whopper|86/100 par
|cant|p1a: Fatty whopper|par
|
|upkeep
|turn|56
|
|t:|1779867013
|move|p2a: Blissey|Seismic Toss|p1a: Fatty whopper
|-damage|p1a: Fatty whopper|72/100 par
|move|p1a: Fatty whopper|Heal Bell|p1a: Fatty whopper
|-activate|p1a: Fatty whopper|move: Heal Bell
|-curestatus|p1a: Fatty whopper|par|[msg]
|
|upkeep
|turn|57
|
|t:|1779867021
|move|p1a: Fatty whopper|Protect|p1a: Fatty whopper
|-singleturn|p1a: Fatty whopper|Protect
|move|p2a: Blissey|Thunder Wave|p1a: Fatty whopper
|-activate|p1a: Fatty whopper|move: Protect
|
|upkeep
|turn|58
|
|t:|1779867039
|switch|p2a: Ninetales|Ninetales-Alola, M, tera:Steel|40/100
|-weather|Snowscape|[from] ability: Snow Warning|[of] p2a: Ninetales
|move|p1a: Fatty whopper|Seismic Toss|p2a: Ninetales
|-damage|p2a: Ninetales|5/100
|
|-weather|Snowscape|[upkeep]
|upkeep
|turn|59
|
|t:|1779867048
|move|p2a: Ninetales|Blizzard|p1a: Fatty whopper
|-damage|p1a: Fatty whopper|56/100
|-status|p1a: Fatty whopper|frz
|cant|p1a: Fatty whopper|frz
|
|-weather|Snowscape|[upkeep]
|upkeep
|turn|60
|c|☆magicsalt|Bruh
|
|t:|1779867062
|move|p2a: Ninetales|Blizzard|p1a: Fatty whopper
|-damage|p1a: Fatty whopper|40/100 frz
|-curestatus|p1a: Fatty whopper|frz|[msg]
|move|p1a: Fatty whopper|Heal Bell||[still]
|-activate|p1a: Fatty whopper|move: Heal Bell
|-fail|p1a: Fatty whopper
|
|-weather|Snowscape|[upkeep]
|upkeep
|turn|61
|
|t:|1779867070
|move|p2a: Ninetales|Blizzard|p1a: Fatty whopper
|-damage|p1a: Fatty whopper|25/100
|move|p1a: Fatty whopper|Seismic Toss|p2a: Ninetales
|-damage|p2a: Ninetales|0 fnt
|faint|p2a: Ninetales
|
|-weather|Snowscape|[upkeep]
|upkeep
|
|t:|1779867077
|switch|p2a: Blissey|Blissey, F|100/100
|turn|62
|
|t:|1779867080
|move|p1a: Fatty whopper|Soft-Boiled|p1a: Fatty whopper
|-heal|p1a: Fatty whopper|75/100
|move|p2a: Blissey|Thunder Wave|p1a: Fatty whopper
|-status|p1a: Fatty whopper|par
|
|-weather|none
|upkeep
|turn|63
|
|t:|1779867091
|move|p1a: Fatty whopper|Protect|p1a: Fatty whopper
|-singleturn|p1a: Fatty whopper|Protect
|move|p2a: Blissey|Seismic Toss|p1a: Fatty whopper
|-activate|p1a: Fatty whopper|move: Protect
|
|upkeep
|turn|64
|
|t:|1779867099
|move|p2a: Blissey|Seismic Toss|p1a: Fatty whopper
|-damage|p1a: Fatty whopper|61/100 par
|move|p1a: Fatty whopper|Seismic Toss|p2a: Blissey
|-damage|p2a: Blissey|86/100
|
|-heal|p2a: Blissey|93/100|[from] item: Leftovers
|upkeep
|turn|65
|
|t:|1779867102
|move|p2a: Blissey|Seismic Toss|p1a: Fatty whopper
|-damage|p1a: Fatty whopper|47/100 par
|move|p1a: Fatty whopper|Seismic Toss|p2a: Blissey
|-damage|p2a: Blissey|79/100
|
|-heal|p2a: Blissey|85/100|[from] item: Leftovers
|upkeep
|turn|66
|
|t:|1779867106
|move|p2a: Blissey|Seismic Toss|p1a: Fatty whopper
|-damage|p1a: Fatty whopper|33/100 par
|move|p1a: Fatty whopper|Seismic Toss|p2a: Blissey
|-damage|p2a: Blissey|71/100
|
|-heal|p2a: Blissey|77/100|[from] item: Leftovers
|upkeep
|turn|67
|
|t:|1779867110
|move|p2a: Blissey|Seismic Toss|p1a: Fatty whopper
|-damage|p1a: Fatty whopper|19/100 par
|move|p1a: Fatty whopper|Seismic Toss|p2a: Blissey
|-damage|p2a: Blissey|63/100
|
|-heal|p2a: Blissey|69/100|[from] item: Leftovers
|upkeep
|turn|68
|
|t:|1779867113
|move|p2a: Blissey|Seismic Toss|p1a: Fatty whopper
|-damage|p1a: Fatty whopper|5/100 par
|move|p1a: Fatty whopper|Seismic Toss|p2a: Blissey
|-damage|p2a: Blissey|55/100
|
|-heal|p2a: Blissey|61/100|[from] item: Leftovers
|upkeep
|turn|69
|
|t:|1779867116
|move|p2a: Blissey|Seismic Toss|p1a: Fatty whopper
|-damage|p1a: Fatty whopper|0 fnt
|faint|p1a: Fatty whopper
|
|win|Dakota1683
|raw|magicsalt's rating: 1188 &rarr; <strong>1165</strong><br />(-23 for losing)
|raw|Dakota1683's rating: 1212 &rarr; <strong>1235</strong><br />(+23 for winning)
|c|☆Dakota1683|gg
|l|☆Dakota1683
|player|p2|
|l|☆magicsalt
|player|p1|
