|j|☆bl4ckcharizard
|j|☆Bastiiowo
|t:|1779814902
|gametype|singles
|player|p1|bl4ckcharizard|lady-gen4|1086
|player|p2|Bastiiowo|doctor|1119
|gen|9
|tier|[Gen 9] OU
|rated|
|rule|HP Percentage Mod: HP is shown in percentages
|rule|Endless Battle Clause: Forcing endless battles is banned
|rule|Species Clause: Limit one of each Pokémon
|rule|OHKO Clause: OHKO moves are banned
|rule|Evasion Items Clause: Evasion items are banned
|rule|Evasion Moves Clause: Evasion moves are banned
|rule|Evasion Abilities Clause: Evasion abilities are banned
|rule|Sleep Moves Clause: Sleep-inducing moves are banned
|clearpoke
|poke|p1|Arcanine-Hisui, F|
|poke|p1|Suicune|
|poke|p1|Clefable, F|
|poke|p1|Donphan, M|
|poke|p1|Sylveon, M|
|poke|p1|Heatran, F|
|poke|p2|Slowking-Galar, M|
|poke|p2|Corviknight, M|
|poke|p2|Great Tusk|
|poke|p2|Primarina, M|
|poke|p2|Arcanine-Hisui, F|
|poke|p2|Latios, M|
|teampreview
|inactive|Battle timer is ON: inactive players will automatically lose when time's up. (requested by Bastiiowo)
|
|t:|1779814910
|teamsize|p1|6
|teamsize|p2|6
|start
|switch|p1a: Suicune|Suicune|100/100
|switch|p2a: Corviknight|Corviknight, M|100/100
|-ability|p1a: Suicune|Pressure
|turn|1
|
|t:|1779814916
|move|p1a: Suicune|Scald|p2a: Corviknight
|-damage|p2a: Corviknight|75/100
|move|p2a: Corviknight|U-turn|p1a: Suicune
|-damage|p1a: Suicune|90/100
|
|t:|1779814921
|switch|p2a: Slowking|Slowking-Galar, M|100/100|[from] U-turn
|
|-heal|p1a: Suicune|96/100|[from] item: Leftovers
|upkeep
|turn|2
|
|t:|1779814928
|move|p1a: Suicune|Scald|p2a: Slowking
|-damage|p2a: Slowking|85/100
|-prepare|p2a: Slowking|Chilly Reception|[premajor]
|move|p2a: Slowking|Chilly Reception|p2a: Slowking
|-weather|Snowscape
|
|t:|1779814933
|switch|p2a: Primarina|Primarina, M|100/100|[from] Chilly Reception
|
|-weather|Snowscape|[upkeep]
|-heal|p1a: Suicune|100/100|[from] item: Leftovers
|upkeep
|turn|3
|
|t:|1779814942
|move|p1a: Suicune|Calm Mind|p1a: Suicune
|-boost|p1a: Suicune|spa|1
|-boost|p1a: Suicune|spd|1
|move|p2a: Primarina|Chilling Water|p1a: Suicune
|-resisted|p1a: Suicune
|-damage|p1a: Suicune|95/100
|-unboost|p1a: Suicune|atk|1
|
|-weather|Snowscape|[upkeep]
|-heal|p1a: Suicune|100/100|[from] item: Leftovers
|upkeep
|turn|4
|
|t:|1779814951
|move|p1a: Suicune|Calm Mind|p1a: Suicune
|-boost|p1a: Suicune|spa|1
|-boost|p1a: Suicune|spd|1
|move|p2a: Primarina|Flip Turn|p1a: Suicune
|-resisted|p1a: Suicune
|-damage|p1a: Suicune|96/100
|
|t:|1779814957
|switch|p2a: Slowking|Slowking-Galar, M|100/100|[from] Flip Turn
|
|-weather|Snowscape|[upkeep]
|-heal|p1a: Suicune|100/100|[from] item: Leftovers
|upkeep
|turn|5
|
|t:|1779814963
|move|p1a: Suicune|Scald|p2a: Slowking
|-damage|p2a: Slowking|70/100
|-status|p2a: Slowking|brn
|move|p2a: Slowking|Toxic|p1a: Suicune
|-status|p1a: Suicune|tox
|
|-weather|Snowscape|[upkeep]
|-heal|p2a: Slowking|76/100 brn|[from] item: Leftovers
|-damage|p1a: Suicune|94/100 tox|[from] psn
|-damage|p2a: Slowking|70/100 brn|[from] brn
|upkeep
|turn|6
|
|t:|1779814973
|move|p1a: Suicune|Calm Mind|p1a: Suicune
|-boost|p1a: Suicune|spa|1
|-boost|p1a: Suicune|spd|1
|move|p2a: Slowking|Sludge Wave|p1a: Suicune
|-damage|p1a: Suicune|84/100 tox
|
|-weather|none
|-heal|p1a: Suicune|90/100 tox|[from] item: Leftovers
|-heal|p2a: Slowking|76/100 brn|[from] item: Leftovers
|-damage|p1a: Suicune|78/100 tox|[from] psn
|-damage|p2a: Slowking|70/100 brn|[from] brn
|upkeep
|turn|7
|
|t:|1779814983
|move|p1a: Suicune|Calm Mind|p1a: Suicune
|-boost|p1a: Suicune|spa|1
|-boost|p1a: Suicune|spd|1
|move|p2a: Slowking|Sludge Wave|p1a: Suicune
|-damage|p1a: Suicune|69/100 tox
|
|-heal|p1a: Suicune|75/100 tox|[from] item: Leftovers
|-heal|p2a: Slowking|76/100 brn|[from] item: Leftovers
|-damage|p1a: Suicune|56/100 tox|[from] psn
|-damage|p2a: Slowking|70/100 brn|[from] brn
|upkeep
|turn|8
|
|t:|1779814992
|move|p1a: Suicune|Scald|p2a: Slowking
|-damage|p2a: Slowking|21/100 brn
|move|p2a: Slowking|Sludge Wave|p1a: Suicune
|-damage|p1a: Suicune|48/100 tox
|
|-heal|p1a: Suicune|54/100 tox|[from] item: Leftovers
|-heal|p2a: Slowking|27/100 brn|[from] item: Leftovers
|-damage|p1a: Suicune|29/100 tox|[from] psn
|-damage|p2a: Slowking|21/100 brn|[from] brn
|upkeep
|turn|9
|
|t:|1779815002
|switch|p2a: Primarina|Primarina, M|100/100
|move|p1a: Suicune|Rest|p1a: Suicune
|-status|p1a: Suicune|slp|[from] move: Rest
|-heal|p1a: Suicune|100/100 slp|[silent]
|
|upkeep
|turn|10
|-message|Bastiiowo forfeited.
|
|win|bl4ckcharizard
|raw|bl4ckcharizard's rating: 1086 &rarr; <strong>1116</strong><br />(+30 for winning)
|raw|Bastiiowo's rating: 1119 &rarr; <strong>1092</strong><br />(-27 for losing)
|l|☆Bastiiowo
|player|p2|
