|j|☆PheonixOfRa
|j|☆Rising Ursaring
|t:|1779963061
|gametype|singles
|player|p1|PheonixOfRa|dawn-gen4pt|1472
|player|p2|Rising Ursaring|burglar|1404
|gen|9
|tier|[Gen 9] OU
|rated|
|rule|HP Percentage Mod: HP is shown in percentages
|rule|Endless Battle Clause: Forcing endless battles is banned
|rule|Species Clause: Limit one of each Pokémon
|rule|OHKO Clause: OHKO moves are banned
|rule|Evasion Items Clause: Evasion items are banned
|rule|Evasion Moves Clause: Evasion moves are banned
|rule|Evasion Abilities Clause: Evasion abilities are banned
|rule|Sleep Moves Clause: Sleep-inducing moves are banned
|clearpoke
|poke|p1|Necrozma|
|poke|p1|Ogerpon-Wellspring, F|
|poke|p1|Corviknight, M|
|poke|p1|Great Tusk|
|poke|p1|Garganacl, M|
|poke|p1|Zapdos|
|poke|p2|Glimmora, M|
|poke|p2|Gholdengo|
|poke|p2|Gliscor, F|
|poke|p2|Kingambit, F|
|poke|p2|Pecharunt|
|poke|p2|Iron Valiant|
|teampreview
|inactive|Battle timer is ON: inactive players will automatically lose when time's up. (requested by Rising Ursaring)
|
|t:|1779963073
|teamsize|p1|6
|teamsize|p2|6
|start
|switch|p1a: Ogerpon|Ogerpon-Wellspring, F|100/100
|switch|p2a: Gliscor|Gliscor, F|100/100
|turn|1
|inactive|Rising Ursaring has 120 seconds left.
|
|t:|1779963107
|move|p1a: Ogerpon|Knock Off|p2a: Gliscor
|-damage|p2a: Gliscor|72/100
|-enditem|p2a: Gliscor|Toxic Orb|[from] move: Knock Off|[of] p1a: Ogerpon
|move|p2a: Gliscor|Knock Off|p1a: Ogerpon
|-damage|p1a: Ogerpon|83/100
|
|upkeep
|turn|2
|
|t:|1779963118
|move|p1a: Ogerpon|Spikes|p2a: Gliscor
|-sidestart|p2: Rising Ursaring|Spikes
|move|p2a: Gliscor|Swords Dance|p2a: Gliscor
|-boost|p2a: Gliscor|atk|2
|
|upkeep
|turn|3
|
|t:|1779963124
|move|p1a: Ogerpon|Ivy Cudgel|p2a: Gliscor|[anim] Ivy Cudgel Water
|-supereffective|p2a: Gliscor
|-damage|p2a: Gliscor|0 fnt
|faint|p2a: Gliscor
|
|upkeep
|l|☆Rising Ursaring
|inactive|Rising Ursaring disconnected and has a minute to reconnect!
|player|p2|
|j|☆Rising Ursaring
|inactive|Rising Ursaring reconnected and has 115 seconds left.
|player|p2|Rising Ursaring|burglar|
|
|t:|1779963165
|switch|p2a: Kingambit|Kingambit, F|100/100
|-damage|p2a: Kingambit|88/100|[from] Spikes
|-activate|p2a: Kingambit|ability: Supreme Overlord
|-start|p2a: Kingambit|fallen1|[silent]
|turn|4
|
|t:|1779963183
|move|p1a: Ogerpon|Taunt|p2a: Kingambit
|-start|p2a: Kingambit|move: Taunt
|cant|p2a: Kingambit|move: Taunt|Swords Dance
|
|-heal|p2a: Kingambit|94/100|[from] item: Leftovers
|upkeep
|turn|5
|inactive|Rising Ursaring has 120 seconds left.
|
|t:|1779963210
|switch|p1a: Zapdos|Zapdos|100/100
|move|p2a: Kingambit|Kowtow Cleave|p1a: Zapdos
|-damage|p1a: Zapdos|63/100
|
|-heal|p2a: Kingambit|100/100|[from] item: Leftovers
|upkeep
|turn|6
|
|t:|1779963217
|-end|p2a: Kingambit|fallen1|[silent]
|switch|p2a: Glimmora|Glimmora, M|100/100
|-damage|p2a: Glimmora|88/100|[from] Spikes
|move|p1a: Zapdos|Roost|p1a: Zapdos
|-heal|p1a: Zapdos|100/100
|-singleturn|p1a: Zapdos|move: Roost
|
|upkeep
|turn|7
|
|t:|1779963228
|switch|p1a: Corviknight|Corviknight, M|100/100
|-ability|p1a: Corviknight|Pressure
|move|p2a: Glimmora|Stealth Rock|p1a: Corviknight
|-sidestart|p1: PheonixOfRa|move: Stealth Rock
|
|upkeep
|turn|8
|
|t:|1779963237
|move|p2a: Glimmora|Meteor Beam||[still]
|-prepare|p2a: Glimmora|Meteor Beam
|-boost|p2a: Glimmora|spa|1
|-enditem|p2a: Glimmora|Power Herb
|-anim|p2a: Glimmora|Meteor Beam|p1a: Corviknight|[miss]
|-miss|p2a: Glimmora|p1a: Corviknight
|move|p1a: Corviknight|Light Screen|p1a: Corviknight
|-sidestart|p1: PheonixOfRa|move: Light Screen
|
|upkeep
|turn|9
|
|t:|1779963246
|switch|p2a: Kingambit|Kingambit, F|100/100
|-damage|p2a: Kingambit|88/100|[from] Spikes
|-activate|p2a: Kingambit|ability: Supreme Overlord
|-start|p2a: Kingambit|fallen1|[silent]
|move|p1a: Corviknight|Reflect|p1a: Corviknight
|-sidestart|p1: PheonixOfRa|Reflect
|
|-heal|p2a: Kingambit|94/100|[from] item: Leftovers
|upkeep
|turn|10
|
|t:|1779963252
|switch|p1a: Great Tusk|Great Tusk|100/100
|move|p2a: Kingambit|Swords Dance|p2a: Kingambit
|-boost|p2a: Kingambit|atk|2
|
|-heal|p2a: Kingambit|100/100|[from] item: Leftovers
|upkeep
|turn|11
|c|☆Rising Ursaring|Happens way too often lol
|
|t:|1779963264
|move|p1a: Great Tusk|Rapid Spin|p2a: Kingambit
|-resisted|p2a: Kingambit
|-damage|p2a: Kingambit|94/100
|-boost|p1a: Great Tusk|spe|1
|-sideend|p1: PheonixOfRa|Stealth Rock|[from] move: Rapid Spin|[of] p1a: Great Tusk
|move|p2a: Kingambit|Iron Head|p1a: Great Tusk
|-damage|p1a: Great Tusk|60/100
|
|-heal|p2a: Kingambit|99/100|[from] item: Leftovers
|upkeep
|turn|12
|
|t:|1779963268
|move|p1a: Great Tusk|Headlong Rush|p2a: Kingambit
|-supereffective|p2a: Kingambit
|-crit|p2a: Kingambit
|-damage|p2a: Kingambit|0 fnt
|-unboost|p1a: Great Tusk|def|1
|-unboost|p1a: Great Tusk|spd|1
|faint|p2a: Kingambit
|-end|p2a: Kingambit|fallen1|[silent]
|
|upkeep
|c|☆Rising Ursaring|Lol
|c|☆Rising Ursaring|Then the crit
|
|t:|1779963282
|switch|p2a: Iron Valiant|Iron Valiant|100/100
|-damage|p2a: Iron Valiant|88/100|[from] Spikes
|-enditem|p2a: Iron Valiant|Booster Energy
|-activate|p2a: Iron Valiant|ability: Quark Drive|[fromitem]
|-start|p2a: Iron Valiant|quarkdrivespe
|turn|13
|inactive|PheonixOfRa has 120 seconds left.
|c|☆PheonixOfRa|it kills regardless im offensive and idk what you think a meteor beam is doing to a spdef corv with roost my guy
|
|t:|1779963332
|-end|p1a: Great Tusk|Protosynthesis|[silent]
|switch|p1a: Zapdos|Zapdos|100/100
|move|p2a: Iron Valiant|Calm Mind|p2a: Iron Valiant
|-boost|p2a: Iron Valiant|spa|1
|-boost|p2a: Iron Valiant|spd|1
|
|upkeep
|turn|14
|
|t:|1779963344
|move|p2a: Iron Valiant|Moonblast|p1a: Zapdos
|-damage|p1a: Zapdos|64/100
|move|p1a: Zapdos|Hurricane|p2a: Iron Valiant
|-supereffective|p2a: Iron Valiant
|-damage|p2a: Iron Valiant|0 fnt
|faint|p2a: Iron Valiant
|-end|p2a: Iron Valiant|Quark Drive|[silent]
|
|upkeep
|
|t:|1779963351
|switch|p2a: Pecharunt|Pecharunt|100/100
|turn|15
|
|t:|1779963354
|switch|p1a: Garganacl|Garganacl, M|100/100
|move|p2a: Pecharunt|Parting Shot|p1a: Garganacl
|-unboost|p1a: Garganacl|atk|1
|-unboost|p1a: Garganacl|spa|1
|
|t:|1779963358
|switch|p2a: Glimmora|Glimmora, M|88/100|[from] Parting Shot
|-damage|p2a: Glimmora|76/100|[from] Spikes
|
|-sideend|p1: PheonixOfRa|move: Light Screen
|upkeep
|turn|16
|
|t:|1779963368
|switch|p1a: Corviknight|Corviknight, M|100/100
|-ability|p1a: Corviknight|Pressure
|move|p2a: Glimmora|Mortal Spin|p1a: Corviknight
|-immune|p1a: Corviknight
|
|-sideend|p1: PheonixOfRa|Reflect
|upkeep
|turn|17
|
|t:|1779963377
|move|p2a: Glimmora|Stealth Rock|p1a: Corviknight
|-sidestart|p1: PheonixOfRa|move: Stealth Rock
|move|p1a: Corviknight|Light Screen|p1a: Corviknight
|-sidestart|p1: PheonixOfRa|move: Light Screen
|
|upkeep
|turn|18
|
|t:|1779963390
|switch|p1a: Great Tusk|Great Tusk|60/100
|move|p2a: Glimmora|Meteor Beam||[still]
|-prepare|p2a: Glimmora|Meteor Beam
|-boost|p2a: Glimmora|spa|1
|
|upkeep
|turn|19
|
|t:|1779963401
|move|p1a: Great Tusk|Rapid Spin|p2a: Glimmora
|-resisted|p2a: Glimmora
|-damage|p2a: Glimmora|64/100
|-boost|p1a: Great Tusk|spe|1
|-activate|p2a: Glimmora|ability: Toxic Debris
|-sidestart|p1: PheonixOfRa|move: Toxic Spikes
|-sideend|p1: PheonixOfRa|Toxic Spikes|[from] move: Rapid Spin|[of] p1a: Great Tusk
|-sideend|p1: PheonixOfRa|Stealth Rock|[from] move: Rapid Spin|[of] p1a: Great Tusk
|move|p2a: Glimmora|Meteor Beam|p1a: Great Tusk|[from] lockedmove|[miss]
|-miss|p2a: Glimmora|p1a: Great Tusk
|
|upkeep
|turn|20
|c|☆Rising Ursaring|Hahaha hahahaha
|c|☆Rising Ursaring|Yea
|c|☆Rising Ursaring|Nice rng bro
|c|☆PheonixOfRa|25% max roll
|
|t:|1779963421
|switch|p2a: Gholdengo|Gholdengo|100/100
|-item|p2a: Gholdengo|Air Balloon
|move|p1a: Great Tusk|Headlong Rush|p2a: Gholdengo
|-immune|p2a: Gholdengo
|
|upkeep
|turn|21
|c|☆Rising Ursaring|??????
|c|☆Rising Ursaring|So you're saying
|c|☆Rising Ursaring|You haven't gotten
|c|☆Rising Ursaring|Lucky with rng this battle????
|inactive|PheonixOfRa has 120 seconds left.
|c|☆PheonixOfRa|i havent got lucky once
|c|☆PheonixOfRa|lmao
|c|☆Rising Ursaring|2 / 2 meteor beam misses
|c|☆PheonixOfRa|which meant nothing
|inactive|PheonixOfRa has 90 seconds left.
|c|☆PheonixOfRa|in fact clicking the move was a misplay in the first place
|
|t:|1779963489
|-end|p1a: Great Tusk|Protosynthesis|[silent]
|switch|p1a: Ogerpon|Ogerpon-Wellspring, F|83/100
|switch|p2a: Pecharunt|Pecharunt|100/100
|
|upkeep
|turn|22
|c|☆Rising Ursaring|Other than one doing like 90% to Ohko on corv
|inactive|PheonixOfRa has 90 seconds left.
|c|☆PheonixOfRa|bruh what
|
|t:|1779963508
|switch|p1a: Garganacl|Garganacl, M|100/100
|move|p2a: Pecharunt|Malignant Chain|p1a: Garganacl
|-resisted|p1a: Garganacl
|-damage|p1a: Garganacl|95/100
|
|-heal|p1a: Garganacl|100/100|[from] item: Leftovers
|upkeep
|turn|23
|c|☆Rising Ursaring|And what about the crit on gambit?
|c|☆Rising Ursaring|Because headlong doesn't Ohko
|c|☆PheonixOfRa|it does bud
|c|☆Rising Ursaring|And tusk dies then with the Def drop
|c|☆Rising Ursaring|No it doesn't lol
|inactive|Rising Ursaring has 120 seconds left.
|c|☆Rising Ursaring|Are you choice band?
|c|☆Rising Ursaring|No?
|c|☆Rising Ursaring|Ok
|c|☆PheonixOfRa|are u max bulk
|c|☆Rising Ursaring|So it doesn't Ohko
|c|☆PheonixOfRa|then i just revenge i mean i dont need tusk regardless
|inactive|Rising Ursaring has 90 seconds left.
|c|☆PheonixOfRa|its just not a 6-0 anymore
|c|☆PheonixOfRa|tusks only use is gambit
|c|☆Rising Ursaring|If you think you haven't gotten remotely lucky with rng this game idk what to tell you
|inactive|Rising Ursaring has 60 seconds left.
|c|☆Rising Ursaring|You're mentally challenged if you actually think that
|c|☆PheonixOfRa|i think you just need to get better at the game ngl
|-message|Rising Ursaring forfeited.
|
|win|PheonixOfRa
|raw|PheonixOfRa's rating: 1472 &rarr; <strong>1488</strong><br />(+16 for winning)
|raw|Rising Ursaring's rating: 1404 &rarr; <strong>1388</strong><br />(-16 for losing)
|l|☆Rising Ursaring
|player|p2|
|c|☆PheonixOfRa|out here raging on your alt
|c|☆PheonixOfRa|no way ur actually this low ladder
|c|☆PheonixOfRa|lmfao
|c|☆PheonixOfRa|just checked gambit roll was 12% i would have lived anyway
