|j|☆highladderisscary(
|j|☆ianbenkenobi
|t:|1779819647
|gametype|singles
|player|p1|highladderisscary(|miku-ghost|1368
|player|p2|ianbenkenobi|chuck|1303
|gen|9
|tier|[Gen 9] OU
|rated|
|rule|HP Percentage Mod: HP is shown in percentages
|rule|Endless Battle Clause: Forcing endless battles is banned
|rule|Species Clause: Limit one of each Pokémon
|rule|OHKO Clause: OHKO moves are banned
|rule|Evasion Items Clause: Evasion items are banned
|rule|Evasion Moves Clause: Evasion moves are banned
|rule|Evasion Abilities Clause: Evasion abilities are banned
|rule|Sleep Moves Clause: Sleep-inducing moves are banned
|clearpoke
|poke|p1|Glimmora, F|
|poke|p1|Ninetales-Alola, F|
|poke|p1|Slowbro-Galar, F|
|poke|p1|Garchomp, M|
|poke|p1|Enamorus, F|
|poke|p1|Iron Crown|
|poke|p2|Lapras, F|
|poke|p2|Weezing-Galar, M|
|poke|p2|Hawlucha, F|
|poke|p2|Darkrai|
|poke|p2|Latios, M|
|poke|p2|Blissey, F|
|teampreview
|
|t:|1779819657
|teamsize|p1|6
|teamsize|p2|6
|start
|switch|p1a: Glimmora|Glimmora, F|100/100
|switch|p2a: Latios|Latios, M|100/100
|turn|1
|c|☆ianbenkenobi|Glhf
|
|t:|1779819665
|move|p1a: Glimmora|Stealth Rock|p2a: Latios
|-sidestart|p2: ianbenkenobi|move: Stealth Rock
|move|p2a: Latios|Psychic|p1a: Glimmora
|-supereffective|p1a: Glimmora
|-enditem|p1a: Glimmora|Focus Sash
|-damage|p1a: Glimmora|1/100
|
|upkeep
|turn|2
|
|t:|1779819670
|move|p1a: Glimmora|Power Gem|p2a: Latios
|-damage|p2a: Latios|61/100
|move|p2a: Latios|Psychic|p1a: Glimmora
|-supereffective|p1a: Glimmora
|-damage|p1a: Glimmora|0 fnt
|faint|p1a: Glimmora
|
|-heal|p2a: Latios|68/100|[from] item: Leftovers
|upkeep
|c|☆highladderisscary(|u2
|
|t:|1779819681
|switch|p1a: Enamorus|Enamorus, F|100/100
|turn|3
|
|t:|1779819692
|switch|p2a: Weezing|Weezing-Galar, M|100/100
|-damage|p2a: Weezing|88/100|[from] Stealth Rock
|move|p1a: Enamorus|Play Rough|p2a: Weezing
|-resisted|p2a: Weezing
|-damage|p2a: Weezing|68/100
|
|-heal|p2a: Weezing|75/100|[from] item: Leftovers
|upkeep
|turn|4
|
|t:|1779819695
|move|p1a: Enamorus|Substitute|p1a: Enamorus
|-start|p1a: Enamorus|Substitute
|-damage|p1a: Enamorus|76/100
|move|p2a: Weezing|Sludge Wave|p1a: Enamorus
|-supereffective|p1a: Enamorus
|-end|p1a: Enamorus|Substitute
|
|-heal|p1a: Enamorus|82/100|[from] item: Leftovers
|-heal|p2a: Weezing|81/100|[from] item: Leftovers
|upkeep
|turn|5
|
|t:|1779819711
|switch|p1a: Garchomp|Garchomp, M|100/100
|move|p2a: Weezing|Flamethrower|p1a: Garchomp
|-resisted|p1a: Garchomp
|-damage|p1a: Garchomp|86/100
|
|-heal|p2a: Weezing|87/100|[from] item: Leftovers
|upkeep
|turn|6
|
|t:|1779819716
|move|p1a: Garchomp|Fire Fang|p2a: Weezing
|-damage|p2a: Weezing|66/100
|move|p2a: Weezing|Will-O-Wisp|p1a: Garchomp
|-status|p1a: Garchomp|brn
|
|-heal|p2a: Weezing|72/100|[from] item: Leftovers
|-damage|p1a: Garchomp|79/100 brn|[from] brn
|upkeep
|turn|7
|
|t:|1779819724
|switch|p1a: Ninetales|Ninetales-Alola, F|100/100
|-weather|Snowscape|[from] ability: Snow Warning|[of] p1a: Ninetales
|move|p2a: Weezing|Defog|p1a: Ninetales
|-unboost|p1a: Ninetales|evasion|1
|-sideend|p2: ianbenkenobi|Stealth Rock|[from] move: Defog|[of] p2a: Weezing
|
|-weather|Snowscape|[upkeep]
|-heal|p2a: Weezing|78/100|[from] item: Leftovers
|upkeep
|turn|8
|
|t:|1779819730
|move|p1a: Ninetales|Encore|p2a: Weezing
|-start|p2a: Weezing|Encore
|move|p2a: Weezing|Defog|p1a: Ninetales
|-unboost|p1a: Ninetales|evasion|1
|
|-weather|Snowscape|[upkeep]
|-heal|p2a: Weezing|84/100|[from] item: Leftovers
|upkeep
|turn|9
|
|t:|1779819743
|switch|p2a: Blissey|Blissey, F|100/100
|move|p1a: Ninetales|Aurora Veil|p1a: Ninetales
|-sidestart|p1: highladderisscary(|move: Aurora Veil
|
|-weather|Snowscape|[upkeep]
|upkeep
|turn|10
|
|t:|1779819748
|move|p1a: Ninetales|Freeze-Dry|p2a: Blissey
|-damage|p2a: Blissey|92/100
|move|p2a: Blissey|Flamethrower|p1a: Ninetales
|-supereffective|p1a: Ninetales
|-damage|p1a: Ninetales|78/100
|
|-weather|Snowscape|[upkeep]
|-heal|p2a: Blissey|98/100|[from] item: Leftovers
|upkeep
|turn|11
|
|t:|1779819752
|move|p1a: Ninetales|Encore|p2a: Blissey
|-start|p2a: Blissey|Encore
|move|p2a: Blissey|Flamethrower|p1a: Ninetales
|-supereffective|p1a: Ninetales
|-damage|p1a: Ninetales|52/100
|
|-weather|none
|-heal|p2a: Blissey|100/100|[from] item: Leftovers
|upkeep
|turn|12
|
|t:|1779819767
|switch|p1a: Buster scruggs|Slowbro-Galar, F|100/100
|move|p2a: Blissey|Flamethrower|p1a: Buster scruggs
|-damage|p1a: Buster scruggs|87/100
|
|upkeep
|turn|13
|
|t:|1779819776
|switch|p2a: Darkrai|Darkrai|100/100
|move|p1a: Buster scruggs|Belly Drum|p1a: Buster scruggs
|-damage|p1a: Buster scruggs|37/100
|-setboost|p1a: Buster scruggs|atk|6|[from] move: Belly Drum
|
|upkeep
|turn|14
|
|t:|1779819786
|-terastallize|p1a: Buster scruggs|Fighting
|move|p2a: Darkrai|Knock Off|p1a: Buster scruggs
|-resisted|p1a: Buster scruggs
|-damage|p1a: Buster scruggs|28/100
|-enditem|p1a: Buster scruggs|Quick Claw|[from] move: Knock Off|[of] p2a: Darkrai
|move|p1a: Buster scruggs|Drain Punch|p2a: Darkrai
|-supereffective|p2a: Darkrai
|-damage|p2a: Darkrai|0 fnt
|-heal|p1a: Buster scruggs|64/100|[from] drain|[of] p2a: Darkrai
|faint|p2a: Darkrai
|
|upkeep
|
|t:|1779819792
|switch|p2a: Latios|Latios, M|68/100
|turn|15
|
|t:|1779819799
|move|p2a: Latios|Psychic|p1a: Buster scruggs
|-supereffective|p1a: Buster scruggs
|-damage|p1a: Buster scruggs|19/100
|move|p1a: Buster scruggs|Shell Side Arm|p2a: Latios|[anim] Shell Side Arm Physical
|-damage|p2a: Latios|0 fnt
|-hint|Physical Shell Side Arm
|faint|p2a: Latios
|
|upkeep
|
|t:|1779819805
|switch|p2a: Comeback Kid|Hawlucha, F, shiny|100/100
|turn|16
|-activate|p1a: Buster scruggs|ability: Quick Draw
|
|t:|1779819808
|move|p1a: Buster scruggs|Shell Side Arm|p2a: Comeback Kid|[anim] Shell Side Arm Physical
|-damage|p2a: Comeback Kid|0 fnt
|-hint|Physical Shell Side Arm
|faint|p2a: Comeback Kid
|
|-sideend|p1: highladderisscary(|move: Aurora Veil
|upkeep
|
|t:|1779819813
|switch|p2a: Lydia|Lapras, F|100/100
|turn|17
|
|t:|1779819815
|move|p2a: Lydia|Surf|p1a: Buster scruggs
|-damage|p1a: Buster scruggs|0 fnt
|faint|p1a: Buster scruggs
|
|upkeep
|
|t:|1779819822
|switch|p1a: Ninetales|Ninetales-Alola, F|52/100
|-weather|Snowscape|[from] ability: Snow Warning|[of] p1a: Ninetales
|turn|18
|
|t:|1779819828
|move|p1a: Ninetales|Aurora Veil|p1a: Ninetales
|-sidestart|p1: highladderisscary(|move: Aurora Veil
|move|p2a: Lydia|Thunderbolt|p1a: Ninetales
|-damage|p1a: Ninetales|40/100
|
|-weather|Snowscape|[upkeep]
|upkeep
|turn|19
|
|t:|1779819836
|switch|p1a: Garchomp|Garchomp, M|79/100 brn
|move|p2a: Lydia|Thunderbolt|p1a: Garchomp
|-immune|p1a: Garchomp
|
|-weather|Snowscape|[upkeep]
|-damage|p1a: Garchomp|73/100 brn|[from] brn
|upkeep
|turn|20
|
|t:|1779819839
|move|p1a: Garchomp|Swords Dance|p1a: Garchomp
|-boost|p1a: Garchomp|atk|2
|move|p2a: Lydia|Freeze-Dry|p1a: Garchomp
|-supereffective|p1a: Garchomp
|-damage|p1a: Garchomp|4/100 brn
|
|-weather|Snowscape|[upkeep]
|-damage|p1a: Garchomp|0 fnt|[from] brn
|faint|p1a: Garchomp
|upkeep
|
|t:|1779819842
|switch|p1a: Iron Crown|Iron Crown|100/100
|-enditem|p1a: Iron Crown|Booster Energy
|-activate|p1a: Iron Crown|ability: Quark Drive|[fromitem]
|-start|p1a: Iron Crown|quarkdrivespe
|turn|21
|
|t:|1779819848
|move|p1a: Iron Crown|Calm Mind|p1a: Iron Crown
|-boost|p1a: Iron Crown|spa|1
|-boost|p1a: Iron Crown|spd|1
|move|p2a: Lydia|Thunderbolt|p1a: Iron Crown
|-damage|p1a: Iron Crown|93/100
|-status|p1a: Iron Crown|par
|
|-weather|Snowscape|[upkeep]
|upkeep
|turn|22
|
|t:|1779819851
|switch|p2a: Weezing|Weezing-Galar, M|84/100
|move|p1a: Iron Crown|Calm Mind|p1a: Iron Crown
|-boost|p1a: Iron Crown|spa|1
|-boost|p1a: Iron Crown|spd|1
|
|-weather|none
|-heal|p2a: Weezing|90/100|[from] item: Leftovers
|upkeep
|turn|23
|
|t:|1779819858
|switch|p2a: Lydia|Lapras, F|100/100
|cant|p1a: Iron Crown|par
|
|upkeep
|turn|24
|
|t:|1779819861
|cant|p1a: Iron Crown|par
|move|p2a: Lydia|Haze|p2a: Lydia
|-clearallboost
|
|upkeep
|turn|25
|-message|highladderisscary( forfeited.
|
|win|ianbenkenobi
|raw|highladderisscary('s rating: 1368 &rarr; <strong>1344</strong><br />(-24 for losing)
|raw|ianbenkenobi's rating: 1303 &rarr; <strong>1327</strong><br />(+24 for winning)
|l|☆highladderisscary(
|player|p1|
|l|☆ianbenkenobi
|player|p2|
|j|☆highladderisscary(
|player|p1|highladderisscary(|miku-ghost|
|l|☆highladderisscary(
|player|p1|
