|j|☆Cheesefriezz
|j|☆drybeater36
|t:|1779913849
|gametype|singles
|player|p1|Cheesefriezz|n|1235
|player|p2|drybeater36|n|1231
|gen|9
|tier|[Gen 9] OU
|rated|
|rule|HP Percentage Mod: HP is shown in percentages
|rule|Endless Battle Clause: Forcing endless battles is banned
|rule|Species Clause: Limit one of each Pokémon
|rule|OHKO Clause: OHKO moves are banned
|rule|Evasion Items Clause: Evasion items are banned
|rule|Evasion Moves Clause: Evasion moves are banned
|rule|Evasion Abilities Clause: Evasion abilities are banned
|rule|Sleep Moves Clause: Sleep-inducing moves are banned
|clearpoke
|poke|p1|Samurott-Hisui, M|
|poke|p1|Leafeon, M|
|poke|p1|Moltres|
|poke|p1|Ninetales, F|
|poke|p1|Kommo-o, M|
|poke|p1|Glimmora, F|
|poke|p2|Drifblim, F|
|poke|p2|Rillaboom, F|
|poke|p2|Ogerpon-Cornerstone, F|
|poke|p2|Kyurem|
|poke|p2|Dragapult, M|
|poke|p2|Great Tusk|
|teampreview
|
|t:|1779913861
|teamsize|p1|6
|teamsize|p2|6
|start
|switch|p1a: Glimmora|Glimmora, F|100/100
|switch|p2a: Rillaboom|Rillaboom, F|100/100
|-fieldstart|move: Grassy Terrain|[from] ability: Grassy Surge|[of] p2a: Rillaboom
|turn|1
|
|t:|1779913876
|move|p1a: Glimmora|Stealth Rock|p2a: Rillaboom
|-sidestart|p2: drybeater36|move: Stealth Rock
|move|p2a: Rillaboom|U-turn|p1a: Glimmora
|-resisted|p1a: Glimmora
|-damage|p1a: Glimmora|76/100
|-activate|p1a: Glimmora|ability: Toxic Debris
|-sidestart|p2: drybeater36|move: Toxic Spikes
|
|t:|1779913882
|switch|p2a: Great Tusk|Great Tusk|100/100|[from] U-turn
|
|-heal|p1a: Glimmora|83/100|[from] Grassy Terrain
|upkeep
|turn|2
|
|t:|1779913889
|move|p2a: Great Tusk|Headlong Rush|p1a: Glimmora
|-supereffective|p1a: Glimmora
|-crit|p1a: Glimmora
|-damage|p1a: Glimmora|0 fnt
|-unboost|p2a: Great Tusk|def|1
|-unboost|p2a: Great Tusk|spd|1
|-activate|p1a: Glimmora|ability: Toxic Debris
|-sidestart|p2: drybeater36|move: Toxic Spikes
|faint|p1a: Glimmora
|
|upkeep
|
|t:|1779913898
|switch|p1a: Melo|Leafeon, M, shiny|100/100
|turn|3
|
|t:|1779913907
|-terastallize|p2a: Great Tusk|Steel
|move|p1a: Melo|Leaf Blade|p2a: Great Tusk
|-resisted|p2a: Great Tusk
|-damage|p2a: Great Tusk|61/100
|-damage|p1a: Melo|91/100|[from] item: Life Orb
|move|p2a: Great Tusk|Rapid Spin|p1a: Melo
|-damage|p1a: Melo|74/100
|-boost|p2a: Great Tusk|spe|1
|-sideend|p2: drybeater36|Toxic Spikes|[from] move: Rapid Spin|[of] p2a: Great Tusk
|-sideend|p2: drybeater36|Stealth Rock|[from] move: Rapid Spin|[of] p2a: Great Tusk
|
|-heal|p2a: Great Tusk|67/100|[from] Grassy Terrain
|-heal|p1a: Melo|80/100|[from] Grassy Terrain
|upkeep
|turn|4
|
|t:|1779913914
|move|p2a: Great Tusk|Stealth Rock|p1a: Melo
|-sidestart|p1: Cheesefriezz|move: Stealth Rock
|move|p1a: Melo|Knock Off|p2a: Great Tusk
|-crit|p2a: Great Tusk
|-damage|p2a: Great Tusk|2/100
|-enditem|p2a: Great Tusk|Heavy-Duty Boots|[from] move: Knock Off|[of] p1a: Melo
|-damage|p1a: Melo|70/100|[from] item: Life Orb
|
|-heal|p2a: Great Tusk|9/100|[from] Grassy Terrain
|-heal|p1a: Melo|77/100|[from] Grassy Terrain
|upkeep
|turn|5
|
|t:|1779913923
|move|p2a: Great Tusk|Ice Spinner|p1a: Melo
|-supereffective|p1a: Melo
|-damage|p1a: Melo|21/100
|-fieldend|move: Grassy Terrain
|move|p1a: Melo|Knock Off|p2a: Great Tusk
|-damage|p2a: Great Tusk|0 fnt
|faint|p2a: Great Tusk
|-end|p2a: Great Tusk|Protosynthesis|[silent]
|-damage|p1a: Melo|12/100|[from] item: Life Orb
|
|upkeep
|
|t:|1779913929
|switch|p2a: Rillaboom|Rillaboom, F|100/100
|-fieldstart|move: Grassy Terrain|[from] ability: Grassy Surge|[of] p2a: Rillaboom
|turn|6
|
|t:|1779913938
|move|p2a: Rillaboom|Grassy Glide|p1a: Melo
|-resisted|p1a: Melo
|-damage|p1a: Melo|0 fnt
|faint|p1a: Melo
|
|upkeep
|
|t:|1779913944
|switch|p1a: six tails|Ninetales, F, shiny|100/100
|-damage|p1a: six tails|76/100|[from] Stealth Rock
|-weather|SunnyDay|[from] ability: Drought|[of] p1a: six tails
|turn|7
|
|t:|1779913951
|switch|p2a: Ogerpon|Ogerpon-Cornerstone, F|100/100
|move|p1a: six tails|Weather Ball|p2a: Ogerpon
|-crit|p2a: Ogerpon
|-ability|p2a: Ogerpon|Sturdy
|-damage|p2a: Ogerpon|1/100
|
|-weather|SunnyDay|[upkeep]
|-heal|p2a: Ogerpon|7/100|[from] Grassy Terrain
|-heal|p1a: six tails|82/100|[from] Grassy Terrain
|upkeep
|turn|8
|
|t:|1779913965
|move|p2a: Ogerpon|Ivy Cudgel|p1a: six tails|[anim] Ivy Cudgel Rock
|-supereffective|p1a: six tails
|-damage|p1a: six tails|0 fnt
|faint|p1a: six tails
|
|-weather|SunnyDay|[upkeep]
|-heal|p2a: Ogerpon|13/100|[from] Grassy Terrain
|upkeep
|
|t:|1779913979
|switch|p1a: Supa Hot Fire|Moltres|100/100
|turn|9
|
|t:|1779913984
|move|p2a: Ogerpon|Ivy Cudgel|p1a: Supa Hot Fire|[anim] Ivy Cudgel Rock
|-supereffective|p1a: Supa Hot Fire
|-damage|p1a: Supa Hot Fire|0 fnt
|faint|p1a: Supa Hot Fire
|
|-weather|SunnyDay|[upkeep]
|-heal|p2a: Ogerpon|19/100|[from] Grassy Terrain
|upkeep
|
|t:|1779913992
|switch|p1a: Iggy|Kommo-o, M|100/100
|-damage|p1a: Iggy|94/100|[from] Stealth Rock
|turn|10
|
|t:|1779914004
|-terastallize|p1a: Iggy|Normal
|move|p2a: Ogerpon|Ivy Cudgel|p1a: Iggy|[anim] Ivy Cudgel Rock
|-crit|p1a: Iggy
|-damage|p1a: Iggy|3/100
|move|p1a: Iggy|Clangorous Soul||[still]
|-fail|p1a: Iggy
|
|-weather|SunnyDay|[upkeep]
|-heal|p2a: Ogerpon|25/100|[from] Grassy Terrain
|-heal|p1a: Iggy|9/100|[from] Grassy Terrain
|-fieldend|move: Grassy Terrain
|upkeep
|turn|11
|
|t:|1779914017
|move|p2a: Ogerpon|Ivy Cudgel|p1a: Iggy|[anim] Ivy Cudgel Rock
|-damage|p1a: Iggy|0 fnt
|faint|p1a: Iggy
|
|-weather|SunnyDay|[upkeep]
|upkeep
|
|t:|1779914019
|switch|p1a: Ima dive in|Samurott-Hisui, M|100/100
|-damage|p1a: Ima dive in|88/100|[from] Stealth Rock
|turn|12
|-message|Cheesefriezz forfeited.
|
|win|drybeater36
|raw|Cheesefriezz's rating: 1235 &rarr; <strong>1210</strong><br />(-25 for losing)
|raw|drybeater36's rating: 1231 &rarr; <strong>1256</strong><br />(+25 for winning)
|l|☆Cheesefriezz
|player|p1|
|l|☆drybeater36
|player|p2|
