|j|☆Smol_4
|j|☆el metrallas
|t:|1779820497
|gametype|singles
|player|p1|Smol_4|265|1335
|player|p2|el metrallas|swimmerf-gen4|1366
|gen|9
|tier|[Gen 9] OU
|rated|
|rule|HP Percentage Mod: HP is shown in percentages
|rule|Endless Battle Clause: Forcing endless battles is banned
|rule|Species Clause: Limit one of each Pokémon
|rule|OHKO Clause: OHKO moves are banned
|rule|Evasion Items Clause: Evasion items are banned
|rule|Evasion Moves Clause: Evasion moves are banned
|rule|Evasion Abilities Clause: Evasion abilities are banned
|rule|Sleep Moves Clause: Sleep-inducing moves are banned
|clearpoke
|poke|p1|Latios, M|
|poke|p1|Lokix, F|
|poke|p1|Zamazenta-*|
|poke|p1|Heatran, F|
|poke|p1|Great Tusk|
|poke|p1|Alomomola, F|
|poke|p2|Hydreigon, F|
|poke|p2|Ribombee, M|
|poke|p2|Tauros-Paldea-Blaze, M|
|poke|p2|Clodsire, F|
|poke|p2|Mamoswine, M|
|poke|p2|Gholdengo|
|teampreview
|inactive|Battle timer is ON: inactive players will automatically lose when time's up. (requested by el metrallas)
|
|t:|1779820509
|teamsize|p1|6
|teamsize|p2|6
|start
|switch|p1a: Lokix|Lokix, F|100/100
|switch|p2a: Tuerta|Ribombee, M, shiny|100/100
|turn|1
|
|t:|1779820516
|switch|p1a: Alomomola|Alomomola, F|100/100
|move|p2a: Tuerta|Sticky Web|p1a: Alomomola
|-sidestart|p1: Smol_4|move: Sticky Web
|
|upkeep
|turn|2
|
|t:|1779820520
|switch|p2a: Director|Clodsire, F, shiny|100/100
|move|p1a: Alomomola|Scald|p2a: Director
|-immune|p2a: Director|[from] ability: Water Absorb
|
|upkeep
|turn|3
|
|t:|1779820528
|switch|p1a: Lokix|Lokix, F|100/100
|-activate|p1a: Lokix|move: Sticky Web
|-unboost|p1a: Lokix|spe|1
|move|p2a: Director|Stealth Rock|p1a: Lokix
|-sidestart|p1: Smol_4|move: Stealth Rock
|
|upkeep
|turn|4
|
|t:|1779820533
|move|p2a: Director|Protect|p2a: Director
|-singleturn|p2a: Director|Protect
|move|p1a: Lokix|Knock Off|p2a: Director
|-activate|p2a: Director|move: Protect
|
|upkeep
|turn|5
|
|t:|1779820540
|move|p1a: Lokix|Knock Off|p2a: Director
|-damage|p2a: Director|41/100
|-enditem|p2a: Director|Leftovers|[from] move: Knock Off|[of] p1a: Lokix
|move|p2a: Director|Earthquake|p1a: Lokix
|-resisted|p1a: Lokix
|-damage|p1a: Lokix|81/100
|
|upkeep
|turn|6
|
|t:|1779820547
|switch|p1a: Great Tusk|Great Tusk|100/100
|-activate|p1a: Great Tusk|move: Sticky Web
|-unboost|p1a: Great Tusk|spe|1
|-damage|p1a: Great Tusk|98/100|[from] Stealth Rock
|-enditem|p1a: Great Tusk|Booster Energy
|-activate|p1a: Great Tusk|ability: Protosynthesis|[fromitem]
|-start|p1a: Great Tusk|protosynthesisatk
|move|p2a: Director|Toxic|p1a: Great Tusk
|-status|p1a: Great Tusk|tox
|
|-damage|p1a: Great Tusk|91/100 tox|[from] psn
|upkeep
|turn|7
|
|t:|1779820555
|switch|p2a: Bombas|Gholdengo|100/100
|-item|p2a: Bombas|Air Balloon
|move|p1a: Great Tusk|Ice Spinner|p2a: Bombas
|-resisted|p2a: Bombas
|-damage|p2a: Bombas|85/100
|-enditem|p2a: Bombas|Air Balloon
|
|-damage|p1a: Great Tusk|79/100 tox|[from] psn
|upkeep
|turn|8
|
|t:|1779820564
|move|p2a: Bombas|Dazzling Gleam|p1a: Great Tusk
|-supereffective|p1a: Great Tusk
|-damage|p1a: Great Tusk|5/100 tox
|move|p1a: Great Tusk|Headlong Rush|p2a: Bombas
|-supereffective|p2a: Bombas
|-damage|p2a: Bombas|0 fnt
|-unboost|p1a: Great Tusk|def|1
|-unboost|p1a: Great Tusk|spd|1
|faint|p2a: Bombas
|
|-damage|p1a: Great Tusk|0 fnt|[from] psn
|faint|p1a: Great Tusk
|-end|p1a: Great Tusk|Protosynthesis|[silent]
|upkeep
|
|t:|1779820575
|switch|p1a: Alomomola|Alomomola, F|100/100
|switch|p2a: Torete|Tauros-Paldea-Blaze, M, shiny|100/100
|-ability|p2a: Torete|Intimidate|boost
|-unboost|p1a: Alomomola|atk|1
|-activate|p1a: Alomomola|move: Sticky Web
|-unboost|p1a: Alomomola|spe|1
|-damage|p1a: Alomomola|88/100|[from] Stealth Rock
|turn|9
|
|t:|1779820584
|switch|p2a: Director|Clodsire, F, shiny|41/100
|switch|p1a: Latios|Latios, M|100/100
|-damage|p1a: Latios|88/100|[from] Stealth Rock
|
|upkeep
|turn|10
|
|t:|1779820601
|switch|p2a: Tuerta|Ribombee, M, shiny|100/100
|move|p1a: Latios|Psychic Noise|p2a: Tuerta
|-damage|p2a: Tuerta|14/100
|
|upkeep
|turn|11
|
|t:|1779820608
|move|p2a: Tuerta|Moonblast|p1a: Latios
|-supereffective|p1a: Latios
|-damage|p1a: Latios|4/100
|move|p1a: Latios|Flip Turn|p2a: Tuerta
|-damage|p2a: Tuerta|0 fnt
|faint|p2a: Tuerta
|
|t:|1779820615
|switch|p1a: Lokix|Lokix, F|81/100|[from] Flip Turn
|-activate|p1a: Lokix|move: Sticky Web
|-unboost|p1a: Lokix|spe|1
|-damage|p1a: Lokix|56/100|[from] Stealth Rock
|
|upkeep
|
|t:|1779820620
|switch|p2a: Torete|Tauros-Paldea-Blaze, M, shiny|100/100
|-ability|p2a: Torete|Intimidate|boost
|-unboost|p1a: Lokix|atk|1
|turn|12
|
|t:|1779820629
|switch|p1a: Zamazenta|Zamazenta|100/100
|-activate|p1a: Zamazenta|move: Sticky Web
|-unboost|p1a: Zamazenta|spe|1
|-damage|p1a: Zamazenta|94/100|[from] Stealth Rock
|-ability|p1a: Zamazenta|Dauntless Shield|boost
|-boost|p1a: Zamazenta|def|1
|move|p2a: Torete|Close Combat|p1a: Zamazenta
|-damage|p1a: Zamazenta|48/100
|-unboost|p2a: Torete|def|1
|-unboost|p2a: Torete|spd|1
|-damage|p2a: Torete|91/100|[from] item: Life Orb
|
|-heal|p1a: Zamazenta|55/100|[from] item: Leftovers
|upkeep
|turn|13
|
|t:|1779820655
|move|p2a: Torete|Flare Blitz|p1a: Zamazenta
|-damage|p1a: Zamazenta|9/100
|-damage|p2a: Torete|74/100|[from] Recoil
|-damage|p2a: Torete|64/100|[from] item: Life Orb
|move|p1a: Zamazenta|Close Combat|p2a: Torete
|-damage|p2a: Torete|0 fnt
|-unboost|p1a: Zamazenta|def|1
|-unboost|p1a: Zamazenta|spd|1
|faint|p2a: Torete
|
|-heal|p1a: Zamazenta|15/100|[from] item: Leftovers
|upkeep
|inactive|el metrallas has 120 seconds left.
|
|t:|1779820675
|switch|p2a: Collejas|Hydreigon, F|100/100
|turn|14
|
|t:|1779820678
|move|p2a: Collejas|Dark Pulse|p1a: Zamazenta
|-resisted|p1a: Zamazenta
|-damage|p1a: Zamazenta|0 fnt
|faint|p1a: Zamazenta
|
|upkeep
|
|t:|1779820681
|switch|p1a: Lokix|Lokix, F|56/100
|-activate|p1a: Lokix|move: Sticky Web
|-unboost|p1a: Lokix|spe|1
|-damage|p1a: Lokix|31/100|[from] Stealth Rock
|turn|15
|
|t:|1779820686
|switch|p2a: Director|Clodsire, F, shiny|41/100
|-terastallize|p1a: Lokix|Bug
|move|p1a: Lokix|First Impression|p2a: Director
|-resisted|p2a: Director
|-damage|p2a: Director|0 fnt
|faint|p2a: Director
|
|upkeep
|
|t:|1779820694
|switch|p2a: Mamuten|Mamoswine, M|100/100
|turn|16
|
|t:|1779820701
|switch|p1a: Latios|Latios, M|4/100
|-damage|p1a: Latios|0 fnt|[from] Stealth Rock
|faint|p1a: Latios
|move|p2a: Mamuten|Earthquake|p1: Latios|[notarget]
|-fail|p2a: Mamuten
|
|upkeep
|
|t:|1779820704
|switch|p1a: Heatran|Heatran, F|100/100
|-damage|p1a: Heatran|88/100|[from] Stealth Rock
|-item|p1a: Heatran|Air Balloon
|turn|17
|
|t:|1779820709
|switch|p2a: Collejas|Hydreigon, F|100/100
|move|p1a: Heatran|Magma Storm|p2a: Collejas|[miss]
|-miss|p1a: Heatran|p2a: Collejas
|
|upkeep
|turn|18
|
|t:|1779820715
|move|p2a: Collejas|Dark Pulse|p1a: Heatran
|-damage|p1a: Heatran|33/100
|-enditem|p1a: Heatran|Air Balloon
|move|p1a: Heatran|Magma Storm|p2a: Collejas|[miss]
|-miss|p1a: Heatran|p2a: Collejas
|
|upkeep
|turn|19
|
|t:|1779820720
|move|p2a: Collejas|Dark Pulse|p1a: Heatran
|-damage|p1a: Heatran|0 fnt
|faint|p1a: Heatran
|
|upkeep
|
|t:|1779820725
|switch|p1a: Lokix|Lokix, F, tera:Bug|31/100
|-activate|p1a: Lokix|move: Sticky Web
|-unboost|p1a: Lokix|spe|1
|-damage|p1a: Lokix|7/100|[from] Stealth Rock
|turn|20
|
|t:|1779820730
|-terastallize|p2a: Collejas|Fairy
|move|p1a: Lokix|First Impression|p2a: Collejas
|-resisted|p2a: Collejas
|-damage|p2a: Collejas|2/100
|move|p2a: Collejas|Dark Pulse|p1a: Lokix
|-damage|p1a: Lokix|0 fnt
|faint|p1a: Lokix
|
|upkeep
|inactive|Smol_4 has 120 seconds left.
|inactive|Smol_4 has 90 seconds left.
|
|t:|1779820798
|switch|p1a: Alomomola|Alomomola, F|100/100
|-activate|p1a: Alomomola|move: Sticky Web
|-unboost|p1a: Alomomola|spe|1
|-damage|p1a: Alomomola|88/100|[from] Stealth Rock
|turn|21
|
|t:|1779820828
|move|p2a: Collejas|Dark Pulse|p1a: Alomomola
|-damage|p1a: Alomomola|60/100
|move|p1a: Alomomola|Scald|p2a: Collejas
|-damage|p2a: Collejas|0 fnt
|faint|p2a: Collejas
|
|upkeep
|
|t:|1779820833
|switch|p2a: Mamuten|Mamoswine, M|100/100
|turn|22
|
|t:|1779820842
|move|p2a: Mamuten|Earthquake|p1a: Alomomola
|-damage|p1a: Alomomola|12/100
|move|p1a: Alomomola|Scald|p2a: Mamuten
|-supereffective|p2a: Mamuten
|-damage|p2a: Mamuten|68/100
|-status|p2a: Mamuten|brn
|
|-damage|p2a: Mamuten|62/100 brn|[from] brn
|upkeep
|turn|23
|
|t:|1779820848
|move|p2a: Mamuten|Earthquake|p1a: Alomomola
|-damage|p1a: Alomomola|0 fnt
|faint|p1a: Alomomola
|
|win|el metrallas
|raw|Smol_4's rating: 1335 &rarr; <strong>1317</strong><br />(-18 for losing)
|raw|el metrallas's rating: 1366 &rarr; <strong>1384</strong><br />(+18 for winning)
|l|☆el metrallas
|player|p2|
