|j|☆Igoodnamename
|j|☆Trail one
|t:|1779830106
|gametype|singles
|player|p1|Igoodnamename|aaron|1718
|player|p2|Trail one|101|1702
|gen|9
|tier|[Gen 9] OU
|rated|
|rule|HP Percentage Mod: HP is shown in percentages
|rule|Endless Battle Clause: Forcing endless battles is banned
|rule|Species Clause: Limit one of each Pokémon
|rule|OHKO Clause: OHKO moves are banned
|rule|Evasion Items Clause: Evasion items are banned
|rule|Evasion Moves Clause: Evasion moves are banned
|rule|Evasion Abilities Clause: Evasion abilities are banned
|rule|Sleep Moves Clause: Sleep-inducing moves are banned
|clearpoke
|poke|p1|Hatterene, F|
|poke|p1|Dragonite, F|
|poke|p1|Iron Moth|
|poke|p1|Great Tusk|
|poke|p1|Dragapult, F|
|poke|p1|Ting-Lu|
|poke|p2|Cinderace, F|
|poke|p2|Raging Bolt|
|poke|p2|Scizor, F|
|poke|p2|Clefable, F|
|poke|p2|Great Tusk|
|poke|p2|Latios, M|
|teampreview
|
|t:|1779830117
|teamsize|p1|6
|teamsize|p2|6
|start
|switch|p1a: Iron Moth|Iron Moth|100/100
|switch|p2a: Clefable|Clefable, F|100/100
|-enditem|p1a: Iron Moth|Booster Energy
|-activate|p1a: Iron Moth|ability: Quark Drive|[fromitem]
|-start|p1a: Iron Moth|quarkdrivespa
|turn|1
|
|t:|1779830123
|switch|p2a: Latios|Latios, M|100/100
|move|p1a: Iron Moth|Fiery Dance|p2a: Latios
|-resisted|p2a: Latios
|-damage|p2a: Latios|70/100
|-boost|p1a: Iron Moth|spa|1
|
|upkeep
|turn|2
|
|t:|1779830133
|-terastallize|p1a: Iron Moth|Ghost
|move|p2a: Latios|Luster Purge|p1a: Iron Moth
|-damage|p1a: Iron Moth|51/100
|move|p1a: Iron Moth|Dazzling Gleam|p2a: Latios
|-supereffective|p2a: Latios
|-damage|p2a: Latios|0 fnt
|faint|p2a: Latios
|
|upkeep
|
|t:|1779830140
|switch|p2a: Cinderace|Cinderace, F|100/100
|turn|3
|
|t:|1779830146
|-end|p1a: Iron Moth|Quark Drive|[silent]
|switch|p1a: Hatterene|Hatterene, F|100/100
|move|p2a: Cinderace|Pyro Ball|p1a: Hatterene
|-damage|p1a: Hatterene|33/100
|-enditem|p1a: Hatterene|Eject Button
|
|t:|1779830156
|switch|p1a: Ting-Lu|Ting-Lu|100/100
|-ability|p1a: Ting-Lu|Vessel of Ruin
|
|upkeep
|turn|4
|
|t:|1779830160
|switch|p2a: Great Tusk|Great Tusk|100/100
|move|p1a: Ting-Lu|Earthquake|p2a: Great Tusk
|-damage|p2a: Great Tusk|62/100
|
|upkeep
|turn|5
|
|t:|1779830168
|move|p2a: Great Tusk|Headlong Rush|p1a: Ting-Lu
|-damage|p1a: Ting-Lu|68/100
|-unboost|p2a: Great Tusk|def|1
|-unboost|p2a: Great Tusk|spd|1
|move|p1a: Ting-Lu|Earthquake|p2a: Great Tusk
|-damage|p2a: Great Tusk|10/100
|
|upkeep
|turn|6
|
|t:|1779830173
|-end|p2a: Great Tusk|Protosynthesis|[silent]
|switch|p2a: Clefable|Clefable, F|100/100
|switch|p1a: Hatterene|Hatterene, F|33/100
|
|upkeep
|turn|7
|
|t:|1779830178
|move|p2a: Clefable|Moonblast|p1a: Hatterene
|-damage|p1a: Hatterene|4/100
|move|p1a: Hatterene|Healing Wish|p1a: Hatterene
|faint|p1a: Hatterene
|
|upkeep
|
|t:|1779830184
|switch|p1a: Iron Moth|Iron Moth, tera:Ghost|51/100
|-heal|p1a: Iron Moth|100/100|[from] move: Healing Wish
|turn|8
|
|t:|1779830186
|move|p1a: Iron Moth|Fiery Dance|p2a: Clefable
|-damage|p2a: Clefable|66/100
|-boost|p1a: Iron Moth|spa|1
|move|p2a: Clefable|Thunder Wave|p1a: Iron Moth
|-status|p1a: Iron Moth|par
|
|-heal|p2a: Clefable|72/100|[from] item: Leftovers
|upkeep
|turn|9
|
|t:|1779830200
|move|p1a: Iron Moth|Fiery Dance|p2a: Clefable
|-damage|p2a: Clefable|26/100
|move|p2a: Clefable|Stealth Rock|p1a: Iron Moth
|-sidestart|p1: Igoodnamename|move: Stealth Rock
|
|-heal|p2a: Clefable|32/100|[from] item: Leftovers
|upkeep
|turn|10
|
|t:|1779830207
|switch|p2a: Cinderace|Cinderace, F|100/100
|cant|p1a: Iron Moth|par
|
|upkeep
|turn|11
|
|t:|1779830214
|move|p2a: Cinderace|Pyro Ball|p1a: Iron Moth
|-damage|p1a: Iron Moth|0 fnt
|faint|p1a: Iron Moth
|-end|p1a: Iron Moth|Quark Drive|[silent]
|
|upkeep
|
|t:|1779830220
|switch|p1a: Great Tusk|Great Tusk|100/100
|-damage|p1a: Great Tusk|98/100|[from] Stealth Rock
|-enditem|p1a: Great Tusk|Booster Energy
|-activate|p1a: Great Tusk|ability: Protosynthesis|[fromitem]
|-start|p1a: Great Tusk|protosynthesisspe
|turn|12
|
|t:|1779830238
|move|p1a: Great Tusk|Bulk Up|p1a: Great Tusk
|-boost|p1a: Great Tusk|atk|1
|-boost|p1a: Great Tusk|def|1
|move|p2a: Cinderace|Pyro Ball|p1a: Great Tusk
|-damage|p1a: Great Tusk|63/100
|-status|p1a: Great Tusk|brn
|
|-damage|p1a: Great Tusk|57/100 brn|[from] brn
|upkeep
|turn|13
|
|t:|1779830251
|switch|p2a: Great Tusk|Great Tusk|10/100
|move|p1a: Great Tusk|Bulk Up|p1a: Great Tusk
|-boost|p1a: Great Tusk|atk|1
|-boost|p1a: Great Tusk|def|1
|
|-damage|p1a: Great Tusk|51/100 brn|[from] brn
|upkeep
|turn|14
|
|t:|1779830259
|move|p1a: Great Tusk|Rapid Spin|p2a: Great Tusk
|-damage|p2a: Great Tusk|0 fnt
|-boost|p1a: Great Tusk|spe|1
|-sideend|p1: Igoodnamename|Stealth Rock|[from] move: Rapid Spin|[of] p1a: Great Tusk
|faint|p2a: Great Tusk
|-end|p2a: Great Tusk|Protosynthesis|[silent]
|
|-damage|p1a: Great Tusk|45/100 brn|[from] brn
|upkeep
|
|t:|1779830262
|switch|p2a: Raging Bolt|Raging Bolt|100/100
|turn|15
|
|t:|1779830267
|-terastallize|p2a: Raging Bolt|Bug
|move|p1a: Great Tusk|Head Smash|p2a: Raging Bolt
|-supereffective|p2a: Raging Bolt
|-crit|p2a: Raging Bolt
|-damage|p2a: Raging Bolt|0 fnt
|faint|p2a: Raging Bolt
|-end|p2a: Raging Bolt|Protosynthesis|[silent]
|-damage|p1a: Great Tusk|0 fnt|[from] Recoil
|faint|p1a: Great Tusk
|-end|p1a: Great Tusk|Protosynthesis|[silent]
|
|upkeep
|c|☆Trail one|fine u got me
|
|t:|1779830279
|switch|p1a: Dragonite|Dragonite, F|100/100
|switch|p2a: Clefable|Clefable, F|32/100
|turn|16
|
|t:|1779830289
|switch|p1a: Ting-Lu|Ting-Lu|68/100
|-ability|p1a: Ting-Lu|Vessel of Ruin
|move|p2a: Clefable|Thunder Wave|p1a: Ting-Lu
|-immune|p1a: Ting-Lu
|
|-heal|p2a: Clefable|39/100|[from] item: Leftovers
|upkeep
|turn|17
|
|t:|1779830292
|move|p2a: Clefable|Moonlight|p2a: Clefable
|-heal|p2a: Clefable|89/100
|move|p1a: Ting-Lu|Earthquake|p2a: Clefable
|-damage|p2a: Clefable|36/100
|
|-heal|p2a: Clefable|42/100|[from] item: Leftovers
|upkeep
|turn|18
|
|t:|1779830299
|switch|p2a: Scizor|Scizor, F|100/100
|move|p1a: Ting-Lu|Earthquake|p2a: Scizor
|-damage|p2a: Scizor|60/100
|
|upkeep
|turn|19
|
|t:|1779830305
|switch|p1a: Dragapult|Dragapult, F|100/100
|move|p2a: Scizor|Knock Off|p1a: Dragapult
|-supereffective|p1a: Dragapult
|-damage|p1a: Dragapult|20/100
|-enditem|p1a: Dragapult|Focus Sash|[from] move: Knock Off|[of] p2a: Scizor
|
|upkeep
|turn|20
|
|t:|1779830314
|move|p2a: Scizor|Bullet Punch|p1a: Dragapult
|-damage|p1a: Dragapult|0 fnt
|faint|p1a: Dragapult
|
|upkeep
|
|t:|1779830317
|switch|p1a: Dragonite|Dragonite, F|100/100
|turn|21
|
|t:|1779830324
|move|p1a: Dragonite|Dragon Dance|p1a: Dragonite
|-boost|p1a: Dragonite|atk|1
|-boost|p1a: Dragonite|spe|1
|move|p2a: Scizor|U-turn|p1a: Dragonite
|-resisted|p1a: Dragonite
|-damage|p1a: Dragonite|92/100
|
|t:|1779830325
|switch|p2a: Clefable|Clefable, F|42/100|[from] U-turn
|
|-heal|p2a: Clefable|48/100|[from] item: Leftovers
|upkeep
|turn|22
|
|t:|1779830330
|move|p1a: Dragonite|Dragon Dance|p1a: Dragonite
|-boost|p1a: Dragonite|atk|1
|-boost|p1a: Dragonite|spe|1
|move|p2a: Clefable|Thunder Wave|p1a: Dragonite
|-status|p1a: Dragonite|par
|
|-heal|p2a: Clefable|54/100|[from] item: Leftovers
|upkeep
|turn|23
|
|t:|1779830333
|cant|p1a: Dragonite|par
|move|p2a: Clefable|Moonblast|p1a: Dragonite
|-supereffective|p1a: Dragonite
|-damage|p1a: Dragonite|33/100 par
|
|-heal|p2a: Clefable|60/100|[from] item: Leftovers
|upkeep
|turn|24
|
|t:|1779830340
|move|p1a: Dragonite|Extreme Speed|p2a: Clefable
|-damage|p2a: Clefable|0 fnt
|faint|p2a: Clefable
|-damage|p1a: Dragonite|23/100 par|[from] item: Life Orb
|
|upkeep
|
|t:|1779830342
|switch|p2a: Scizor|Scizor, F|60/100
|turn|25
|
|t:|1779830351
|move|p1a: Dragonite|Extreme Speed|p2a: Scizor
|-resisted|p2a: Scizor
|-crit|p2a: Scizor
|-damage|p2a: Scizor|12/100
|-enditem|p2a: Scizor|Sitrus Berry|[eat]
|-heal|p2a: Scizor|37/100|[from] item: Sitrus Berry
|-damage|p1a: Dragonite|13/100 par|[from] item: Life Orb
|move|p2a: Scizor|Bullet Punch|p1a: Dragonite
|-damage|p1a: Dragonite|0 fnt
|faint|p1a: Dragonite
|
|upkeep
|
|t:|1779830354
|switch|p1a: Ting-Lu|Ting-Lu|68/100
|-ability|p1a: Ting-Lu|Vessel of Ruin
|turn|26
|
|t:|1779830362
|move|p2a: Scizor|U-turn|p1a: Ting-Lu
|-supereffective|p1a: Ting-Lu
|-damage|p1a: Ting-Lu|35/100
|-enditem|p1a: Ting-Lu|Weakness Policy
|-boost|p1a: Ting-Lu|atk|2|[from] item: Weakness Policy
|-boost|p1a: Ting-Lu|spa|2|[from] item: Weakness Policy
|c|☆Trail one|oops
|
|t:|1779830372
|switch|p2a: Cinderace|Cinderace, F|100/100|[from] U-turn
|move|p1a: Ting-Lu|Earthquake|p2a: Cinderace
|-supereffective|p2a: Cinderace
|-damage|p2a: Cinderace|0 fnt
|faint|p2a: Cinderace
|
|upkeep
|
|t:|1779830373
|switch|p2a: Scizor|Scizor, F|37/100
|turn|27
|
|t:|1779830377
|move|p2a: Scizor|U-turn|p1a: Ting-Lu
|-supereffective|p1a: Ting-Lu
|-damage|p1a: Ting-Lu|0 fnt
|faint|p1a: Ting-Lu
|
|win|Trail one
|raw|Igoodnamename's rating: 1718 &rarr; <strong>1697</strong><br />(-21 for losing)
|raw|Trail one's rating: 1702 &rarr; <strong>1723</strong><br />(+21 for winning)
|c|☆Igoodnamename|ggs
|c|☆Trail one|gg
