|j|☆fjdjdiwskh
|j|☆whm=z
|t:|1779906764
|gametype|singles
|player|p1|fjdjdiwskh|102|1133
|player|p2|whm=z|psychicf|1115
|gen|9
|tier|[Gen 9] OU
|rated|
|rule|HP Percentage Mod: HP is shown in percentages
|rule|Endless Battle Clause: Forcing endless battles is banned
|rule|Species Clause: Limit one of each Pokémon
|rule|OHKO Clause: OHKO moves are banned
|rule|Evasion Items Clause: Evasion items are banned
|rule|Evasion Moves Clause: Evasion moves are banned
|rule|Evasion Abilities Clause: Evasion abilities are banned
|rule|Sleep Moves Clause: Sleep-inducing moves are banned
|clearpoke
|poke|p1|Samurott-Hisui, M|
|poke|p1|Dragapult, M|
|poke|p1|Iron Valiant|
|poke|p1|Great Tusk|
|poke|p1|Kingambit, M|
|poke|p1|Slowking-Galar, M|
|poke|p2|Articuno-Galar|
|poke|p2|Corviknight, F|
|poke|p2|Blissey, F|
|poke|p2|Rotom-Wash|
|poke|p2|Zoroark-Hisui, M|
|poke|p2|Kingambit, F|
|teampreview
|inactive|Battle timer is ON: inactive players will automatically lose when time's up. (requested by fjdjdiwskh)
|
|t:|1779906780
|teamsize|p1|6
|teamsize|p2|6
|start
|switch|p1a: Samurott|Samurott-Hisui, M|100/100
|switch|p2a: Rotom|Rotom-Wash|100/100
|turn|1
|
|t:|1779906790
|move|p2a: Rotom|Volt Switch|p1a: Samurott
|-supereffective|p1a: Samurott
|-enditem|p1a: Samurott|Focus Sash
|-damage|p1a: Samurott|1/100
|
|t:|1779906814
|switch|p2a: Kingambit|Kingambit, F|100/100|[from] Volt Switch
|move|p1a: Samurott|Ceaseless Edge|p2a: Kingambit
|-supereffective|p2a: Kingambit
|-damage|p2a: Kingambit|0 fnt
|replace|p2a: Zoroark|Zoroark-Hisui, M
|-end|p2a: Zoroark|Illusion
|-sidestart|p2: whm=z|Spikes
|faint|p2a: Zoroark
|
|upkeep
|
|t:|1779906821
|switch|p2a: Kingambit|Kingambit, F|100/100
|-damage|p2a: Kingambit|88/100|[from] Spikes
|-activate|p2a: Kingambit|ability: Supreme Overlord
|-start|p2a: Kingambit|fallen1|[silent]
|turn|2
|
|t:|1779906825
|move|p2a: Kingambit|Sucker Punch|p1a: Samurott
|-resisted|p1a: Samurott
|-damage|p1a: Samurott|0 fnt
|faint|p1a: Samurott
|
|upkeep
|
|t:|1779906828
|switch|p1a: Great Tusk|Great Tusk|100/100
|turn|3
|
|t:|1779906838
|-end|p2a: Kingambit|fallen1|[silent]
|switch|p2a: Rotom|Rotom-Wash|100/100
|move|p1a: Great Tusk|Knock Off|p2a: Rotom
|-damage|p2a: Rotom|52/100
|-enditem|p2a: Rotom|Choice Scarf|[from] move: Knock Off|[of] p1a: Great Tusk
|
|upkeep
|turn|4
|
|t:|1779906841
|-end|p1a: Great Tusk|Protosynthesis|[silent]
|switch|p1a: Slowking|Slowking-Galar, M|100/100
|move|p2a: Rotom|Will-O-Wisp|p1a: Slowking
|-status|p1a: Slowking|brn
|
|-damage|p1a: Slowking|94/100 brn|[from] brn
|upkeep
|turn|5
|
|t:|1779906846
|move|p2a: Rotom|Trick|p1a: Slowking
|-activate|p2a: Rotom|move: Trick|[of] p1a: Slowking
|-enditem|p1a: Slowking|Heavy-Duty Boots|[silent]|[from] move: Trick
|-item|p2a: Rotom|Heavy-Duty Boots|[from] move: Trick
|move|p1a: Slowking|Thunder Wave|p2a: Rotom
|-immune|p2a: Rotom
|
|-damage|p1a: Slowking|88/100 brn|[from] brn
|upkeep
|turn|6
|
|t:|1779906852
|move|p2a: Rotom|Hydro Pump|p1a: Slowking
|-damage|p1a: Slowking|61/100 brn
|-prepare|p1a: Slowking|Chilly Reception|[premajor]
|move|p1a: Slowking|Chilly Reception|p1a: Slowking
|-weather|Snowscape
|
|t:|1779906856
|switch|p1a: Iron Valiant|Iron Valiant|100/100|[from] Chilly Reception
|
|-weather|Snowscape|[upkeep]
|upkeep
|turn|7
|
|t:|1779906868
|move|p1a: Iron Valiant|Moonblast|p2a: Rotom
|-damage|p2a: Rotom|0 fnt
|faint|p2a: Rotom
|
|-weather|Snowscape|[upkeep]
|upkeep
|
|t:|1779906873
|switch|p2a: Articuno|Articuno-Galar|100/100
|turn|8
|
|t:|1779906877
|-end|p1a: Iron Valiant|Quark Drive|[silent]
|switch|p1a: Kingambit|Kingambit, M|100/100
|-activate|p1a: Kingambit|ability: Supreme Overlord
|-start|p1a: Kingambit|fallen1|[silent]
|move|p2a: Articuno|Calm Mind|p2a: Articuno
|-boost|p2a: Articuno|spa|1
|-boost|p2a: Articuno|spd|1
|
|-weather|Snowscape|[upkeep]
|upkeep
|turn|9
|
|t:|1779906886
|switch|p2a: Corviknight|Corviknight, F|100/100
|-ability|p2a: Corviknight|Pressure
|move|p1a: Kingambit|Kowtow Cleave|p2a: Corviknight
|-damage|p2a: Corviknight|64/100
|
|-weather|Snowscape|[upkeep]
|-heal|p2a: Corviknight|70/100|[from] item: Leftovers
|upkeep
|turn|10
|
|t:|1779906890
|-end|p1a: Kingambit|fallen1|[silent]
|switch|p1a: Dragapult|Dragapult, M|100/100
|move|p2a: Corviknight|Defog|p1a: Dragapult
|-fail|p1a: Dragapult|unboost|[from] ability: Clear Body|[of] p1a: Dragapult
|-sideend|p2: whm=z|Spikes|[from] move: Defog|[of] p2a: Corviknight
|
|-weather|none
|-heal|p2a: Corviknight|76/100|[from] item: Leftovers
|upkeep
|turn|11
|
|t:|1779906895
|switch|p2a: Blissey|Blissey, F|100/100
|move|p1a: Dragapult|Will-O-Wisp|p2a: Blissey
|-status|p2a: Blissey|brn
|
|-damage|p2a: Blissey|94/100 brn|[from] brn
|upkeep
|turn|12
|
|t:|1779906897
|move|p1a: Dragapult|U-turn|p2a: Blissey
|-damage|p2a: Blissey|77/100 brn
|
|t:|1779906899
|switch|p1a: Great Tusk|Great Tusk|100/100|[from] U-turn
|move|p2a: Blissey|Alluring Voice|p1a: Great Tusk
|-supereffective|p1a: Great Tusk
|-damage|p1a: Great Tusk|57/100
|
|-heal|p2a: Blissey|83/100 brn|[from] item: Leftovers
|-damage|p2a: Blissey|77/100 brn|[from] brn
|upkeep
|turn|13
|
|t:|1779906909
|-curestatus|p2a: Blissey|brn|[from] ability: Natural Cure|[silent]
|switch|p2a: Kingambit|Kingambit, F|88/100
|-activate|p2a: Kingambit|ability: Supreme Overlord
|-start|p2a: Kingambit|fallen2|[silent]
|move|p1a: Great Tusk|Knock Off|p2a: Kingambit
|-resisted|p2a: Kingambit
|-damage|p2a: Kingambit|74/100
|-enditem|p2a: Kingambit|Black Glasses|[from] move: Knock Off|[of] p1a: Great Tusk
|
|upkeep
|turn|14
|
|t:|1779906920
|move|p2a: Kingambit|Sucker Punch|p1a: Great Tusk
|-resisted|p1a: Great Tusk
|-damage|p1a: Great Tusk|40/100
|move|p1a: Great Tusk|Headlong Rush|p2a: Kingambit
|-supereffective|p2a: Kingambit
|-damage|p2a: Kingambit|0 fnt
|-unboost|p1a: Great Tusk|def|1
|-unboost|p1a: Great Tusk|spd|1
|faint|p2a: Kingambit
|-end|p2a: Kingambit|fallen2|[silent]
|
|upkeep
|-message|whm=z forfeited.
|
|win|fjdjdiwskh
|raw|fjdjdiwskh's rating: 1133 &rarr; <strong>1157</strong><br />(+24 for winning)
|raw|whm=z's rating: 1115 &rarr; <strong>1091</strong><br />(-24 for losing)
|l|☆whm=z
|player|p2|
|l|☆fjdjdiwskh
|player|p1|
