|j|☆calamitycow
|j|☆hashga123
|t:|1779862218
|gametype|singles
|player|p1|calamitycow|miku-water|1423
|player|p2|hashga123|101|1394
|gen|9
|tier|[Gen 9] OU
|rated|
|rule|HP Percentage Mod: HP is shown in percentages
|rule|Endless Battle Clause: Forcing endless battles is banned
|rule|Species Clause: Limit one of each Pokémon
|rule|OHKO Clause: OHKO moves are banned
|rule|Evasion Items Clause: Evasion items are banned
|rule|Evasion Moves Clause: Evasion moves are banned
|rule|Evasion Abilities Clause: Evasion abilities are banned
|rule|Sleep Moves Clause: Sleep-inducing moves are banned
|clearpoke
|poke|p1|Samurott-Hisui, M|
|poke|p1|Gholdengo|
|poke|p1|Pecharunt|
|poke|p1|Tinkaton, F|
|poke|p1|Latios, M|
|poke|p1|Zamazenta-*|
|poke|p2|Araquanid, F|
|poke|p2|Raging Bolt|
|poke|p2|Enamorus, F|
|poke|p2|Kingambit, F|
|poke|p2|Dragapult, M|
|poke|p2|Cinderace, F|
|teampreview
|
|t:|1779862227
|teamsize|p1|6
|teamsize|p2|6
|start
|switch|p1a: Samurott|Samurott-Hisui, M|100/100
|switch|p2a: Araquanid|Araquanid, F|100/100
|turn|1
|inactive|Battle timer is ON: inactive players will automatically lose when time's up. (requested by calamitycow)
|
|t:|1779862240
|move|p1a: Samurott|Ceaseless Edge|p2a: Araquanid
|-damage|p2a: Araquanid|54/100
|-sidestart|p2: hashga123|Spikes
|move|p2a: Araquanid|Sticky Web|p1a: Samurott
|-sidestart|p1: calamitycow|move: Sticky Web
|
|upkeep
|turn|2
|
|t:|1779862246
|move|p1a: Samurott|Ceaseless Edge|p2a: Araquanid
|-damage|p2a: Araquanid|10/100
|-sidestart|p2: hashga123|Spikes
|move|p2a: Araquanid|Lunge|p1a: Samurott
|-supereffective|p1a: Samurott
|-damage|p1a: Samurott|32/100
|-unboost|p1a: Samurott|atk|1
|
|upkeep
|turn|3
|
|t:|1779862253
|move|p1a: Samurott|Sucker Punch|p2a: Araquanid
|-damage|p2a: Araquanid|0 fnt
|faint|p2a: Araquanid
|
|upkeep
|inactive|hashga123 has 120 seconds left.
|
|t:|1779862291
|switch|p2a: Enamorus|Enamorus, F|100/100
|turn|4
|inactive|hashga123 has 120 seconds left.
|
|t:|1779862317
|switch|p1a: Gholdengo|Gholdengo|100/100
|-item|p1a: Gholdengo|Air Balloon
|move|p2a: Enamorus|Earth Power|p1a: Gholdengo
|-immune|p1a: Gholdengo
|
|upkeep
|turn|5
|
|t:|1779862327
|switch|p2a: Kingambit|Kingambit, F|100/100
|-damage|p2a: Kingambit|84/100|[from] Spikes
|-activate|p2a: Kingambit|ability: Supreme Overlord
|-start|p2a: Kingambit|fallen1|[silent]
|move|p1a: Gholdengo|Make It Rain|p2a: Kingambit
|-resisted|p2a: Kingambit
|-damage|p2a: Kingambit|54/100
|-unboost|p1a: Gholdengo|spa|1
|
|upkeep
|turn|6
|inactive|hashga123 has 120 seconds left.
|
|t:|1779862348
|switch|p1a: Tinkaton|Tinkaton, F|100/100
|-item|p1a: Tinkaton|Air Balloon
|move|p2a: Kingambit|Kowtow Cleave|p1a: Tinkaton
|-resisted|p1a: Tinkaton
|-damage|p1a: Tinkaton|72/100
|-enditem|p1a: Tinkaton|Air Balloon
|-enditem|p2a: Kingambit|Shuca Berry|[silent]|[from] ability: Pickpocket|[of] p2a: Kingambit
|-item|p1a: Tinkaton|Shuca Berry|[from] ability: Pickpocket|[of] p2a: Kingambit
|
|upkeep
|turn|7
|
|t:|1779862360
|move|p1a: Tinkaton|Stealth Rock|p2a: Kingambit
|-sidestart|p2: hashga123|move: Stealth Rock
|move|p2a: Kingambit|Swords Dance|p2a: Kingambit
|-boost|p2a: Kingambit|atk|2
|
|upkeep
|turn|8
|
|t:|1779862369
|switch|p1a: Zamazenta|Zamazenta|100/100
|-ability|p1a: Zamazenta|Dauntless Shield|boost
|-boost|p1a: Zamazenta|def|1
|move|p2a: Kingambit|Kowtow Cleave|p1a: Zamazenta
|-resisted|p1a: Zamazenta
|-damage|p1a: Zamazenta|67/100
|
|upkeep
|turn|9
|inactive|hashga123 has 120 seconds left.
|
|t:|1779862385
|-end|p2a: Kingambit|fallen1|[silent]
|switch|p2a: Dragapult|Dragapult, M|100/100
|-damage|p2a: Dragapult|84/100|[from] Spikes
|-damage|p2a: Dragapult|72/100|[from] Stealth Rock
|move|p1a: Zamazenta|Close Combat|p2a: Dragapult
|-immune|p2a: Dragapult
|
|upkeep
|turn|10
|
|t:|1779862397
|switch|p1a: Tinkaton|Tinkaton, F|72/100
|-activate|p1a: Tinkaton|move: Sticky Web
|-unboost|p1a: Tinkaton|spe|1
|move|p2a: Dragapult|Will-O-Wisp|p1a: Tinkaton
|-status|p1a: Tinkaton|brn
|
|-damage|p1a: Tinkaton|65/100 brn|[from] brn
|upkeep
|turn|11
|
|t:|1779862415
|switch|p2a: Cinderace|Cinderace, F|100/100
|move|p1a: Tinkaton|Knock Off|p2a: Cinderace
|-damage|p2a: Cinderace|87/100
|-enditem|p2a: Cinderace|Heavy-Duty Boots|[from] move: Knock Off|[of] p1a: Tinkaton
|
|-damage|p1a: Tinkaton|59/100 brn|[from] brn
|upkeep
|turn|12
|
|t:|1779862426
|switch|p1a: Samurott|Samurott-Hisui, M|32/100
|-activate|p1a: Samurott|move: Sticky Web
|-unboost|p1a: Samurott|spe|1
|move|p2a: Cinderace|Court Change|p2a: Cinderace
|-start|p2a: Cinderace|typechange|Normal|[from] ability: Libero
|-swapsideconditions
|-activate|p2a: Cinderace|move: Court Change
|
|upkeep
|turn|13
|
|t:|1779862434
|move|p2a: Cinderace|Sucker Punch|p1a: Samurott
|-resisted|p1a: Samurott
|-damage|p1a: Samurott|21/100
|move|p1a: Samurott|Ceaseless Edge|p2a: Cinderace
|-damage|p2a: Cinderace|27/100
|-sidestart|p2: hashga123|Spikes
|
|upkeep
|turn|14
|
|t:|1779862442
|move|p2a: Cinderace|Pyro Ball|p1a: Samurott
|-resisted|p1a: Samurott
|-damage|p1a: Samurott|0 fnt
|faint|p1a: Samurott
|
|upkeep
|
|t:|1779862453
|switch|p1a: Zamazenta|Zamazenta|67/100
|turn|15
|
|t:|1779862458
|move|p1a: Zamazenta|Crunch|p2a: Cinderace
|-damage|p2a: Cinderace|0 fnt
|faint|p2a: Cinderace
|
|upkeep
|inactive|hashga123 has 120 seconds left.
|
|t:|1779862480
|switch|p2a: Enamorus|Enamorus, F|100/100
|turn|16
|inactive|hashga123 has 120 seconds left.
|
|t:|1779862493
|switch|p1a: Tinkaton|Tinkaton, F|59/100 brn
|-damage|p1a: Tinkaton|43/100 brn|[from] Spikes
|-damage|p1a: Tinkaton|37/100 brn|[from] Stealth Rock
|-terastallize|p2a: Enamorus|Fairy
|move|p2a: Enamorus|Moonblast|p1a: Tinkaton
|-resisted|p1a: Tinkaton
|-damage|p1a: Tinkaton|0 fnt
|faint|p1a: Tinkaton
|
|upkeep
|
|t:|1779862509
|switch|p1a: Gholdengo|Gholdengo|100/100
|-damage|p1a: Gholdengo|94/100|[from] Stealth Rock
|-item|p1a: Gholdengo|Air Balloon
|turn|17
|
|t:|1779862514
|move|p2a: Enamorus|Moonblast|p1a: Gholdengo
|-resisted|p1a: Gholdengo
|-damage|p1a: Gholdengo|43/100
|-enditem|p1a: Gholdengo|Air Balloon
|move|p1a: Gholdengo|Make It Rain|p2a: Enamorus
|-supereffective|p2a: Enamorus
|-damage|p2a: Enamorus|0 fnt
|-unboost|p1a: Gholdengo|spa|1
|faint|p2a: Enamorus
|
|upkeep
|inactive|hashga123 has 120 seconds left.
|
|t:|1779862531
|switch|p2a: Raging Bolt|Raging Bolt|100/100
|-activate|p2a: Raging Bolt|move: Sticky Web
|-unboost|p2a: Raging Bolt|spe|1
|-damage|p2a: Raging Bolt|88/100|[from] Spikes
|-enditem|p2a: Raging Bolt|Booster Energy
|-activate|p2a: Raging Bolt|ability: Protosynthesis|[fromitem]
|-start|p2a: Raging Bolt|protosynthesisspa
|turn|18
|inactive|hashga123 has 120 seconds left.
|
|t:|1779862540
|move|p1a: Gholdengo|Dazzling Gleam|p2a: Raging Bolt
|-supereffective|p2a: Raging Bolt
|-crit|p2a: Raging Bolt
|-damage|p2a: Raging Bolt|23/100
|move|p2a: Raging Bolt|Calm Mind|p2a: Raging Bolt
|-boost|p2a: Raging Bolt|spa|1
|-boost|p2a: Raging Bolt|spd|1
|
|upkeep
|turn|19
|
|t:|1779862547
|move|p2a: Raging Bolt|Thunderclap|p1a: Gholdengo
|-damage|p1a: Gholdengo|0 fnt
|faint|p1a: Gholdengo
|
|upkeep
|
|t:|1779862551
|switch|p1a: Latios|Latios, M|100/100
|-damage|p1a: Latios|88/100|[from] Stealth Rock
|turn|20
|
|t:|1779862557
|move|p2a: Raging Bolt|Thunderclap|p1a: Latios
|-resisted|p1a: Latios
|-damage|p1a: Latios|47/100
|move|p1a: Latios|Psychic Noise|p2a: Raging Bolt
|-damage|p2a: Raging Bolt|0 fnt
|faint|p2a: Raging Bolt
|-end|p2a: Raging Bolt|Protosynthesis|[silent]
|
|upkeep
|
|t:|1779862564
|switch|p2a: Kingambit|Kingambit, F|54/100
|-activate|p2a: Kingambit|move: Sticky Web
|-unboost|p2a: Kingambit|spe|1
|-damage|p2a: Kingambit|42/100|[from] Spikes
|-activate|p2a: Kingambit|ability: Supreme Overlord
|-start|p2a: Kingambit|fallen4|[silent]
|turn|21
|
|t:|1779862581
|move|p1a: Latios|Draco Meteor|p2a: Kingambit
|-resisted|p2a: Kingambit
|-damage|p2a: Kingambit|0 fnt
|-unboost|p1a: Latios|spa|2
|faint|p2a: Kingambit
|-end|p2a: Kingambit|fallen4|[silent]
|
|upkeep
|
|t:|1779862586
|switch|p2a: Dragapult|Dragapult, M|72/100
|-activate|p2a: Dragapult|move: Sticky Web
|-fail|p2a: Dragapult|unboost|[from] ability: Clear Body|[of] p2a: Dragapult
|-damage|p2a: Dragapult|59/100|[from] Spikes
|turn|22
|
|t:|1779862598
|move|p1a: Latios|Draco Meteor|p2a: Dragapult
|-supereffective|p2a: Dragapult
|-damage|p2a: Dragapult|0 fnt
|-unboost|p1a: Latios|spa|2
|faint|p2a: Dragapult
|
|win|calamitycow
|raw|calamitycow's rating: 1423 &rarr; <strong>1441</strong><br />(+18 for winning)
|raw|hashga123's rating: 1394 &rarr; <strong>1376</strong><br />(-18 for losing)
|l|☆hashga123
|player|p2|
|l|☆calamitycow
|player|p1|
