|j|☆Harshweather
|j|☆sesetwelve
|t:|1779944513
|gametype|singles
|player|p1|Harshweather|265|1096
|player|p2|sesetwelve|depotagent|1089
|gen|9
|tier|[Gen 9] OU
|rated|
|rule|HP Percentage Mod: HP is shown in percentages
|rule|Endless Battle Clause: Forcing endless battles is banned
|rule|Species Clause: Limit one of each Pokémon
|rule|OHKO Clause: OHKO moves are banned
|rule|Evasion Items Clause: Evasion items are banned
|rule|Evasion Moves Clause: Evasion moves are banned
|rule|Evasion Abilities Clause: Evasion abilities are banned
|rule|Sleep Moves Clause: Sleep-inducing moves are banned
|clearpoke
|poke|p1|Zangoose, F|
|poke|p1|Iron Moth|
|poke|p1|Grimmsnarl, M|
|poke|p1|Quaquaval, F|
|poke|p1|Vikavolt, M|
|poke|p1|Salamence, F|
|poke|p2|Zamazenta-*|
|poke|p2|Samurott-Hisui, F|
|poke|p2|Bruxish, M|
|poke|p2|Indeedee-F, F|
|poke|p2|Latios, M|
|poke|p2|Landorus-Therian, M|
|teampreview
|
|t:|1779944528
|teamsize|p1|6
|teamsize|p2|6
|start
|switch|p1a: Victim 2|Vikavolt, M|100/100
|switch|p2a: Landorus|Landorus-Therian, M|100/100
|-ability|p2a: Landorus|Intimidate|boost
|-unboost|p1a: Victim 2|atk|1
|turn|1
|
|t:|1779944535
|move|p2a: Landorus|Stealth Rock|p1a: Victim 2
|-sidestart|p1: Harshweather|move: Stealth Rock
|move|p1a: Victim 2|Sticky Web|p2a: Landorus
|-sidestart|p2: sesetwelve|move: Sticky Web
|
|upkeep
|turn|2
|
|t:|1779944544
|switch|p1a: Grimmsnarl|Grimmsnarl, M|100/100
|-damage|p1a: Grimmsnarl|88/100|[from] Stealth Rock
|move|p2a: Landorus|Taunt|p1a: Grimmsnarl
|-start|p1a: Grimmsnarl|move: Taunt
|
|upkeep
|turn|3
|
|t:|1779944552
|switch|p1a: 2nd molester|Iron Moth|100/100
|-damage|p1a: 2nd molester|76/100|[from] Stealth Rock
|-enditem|p1a: 2nd molester|Booster Energy
|-activate|p1a: 2nd molester|ability: Quark Drive|[fromitem]
|-start|p1a: 2nd molester|quarkdrivespa
|move|p2a: Landorus|Earthquake|p1a: 2nd molester
|-supereffective|p1a: 2nd molester
|-damage|p1a: 2nd molester|0 fnt
|faint|p1a: 2nd molester
|-end|p1a: 2nd molester|Quark Drive|[silent]
|
|upkeep
|
|t:|1779944555
|switch|p1a: Grimmsnarl|Grimmsnarl, M|88/100
|-damage|p1a: Grimmsnarl|76/100|[from] Stealth Rock
|turn|4
|
|t:|1779944567
|move|p1a: Grimmsnarl|Taunt|p2a: Landorus
|-start|p2a: Landorus|move: Taunt
|cant|p2a: Landorus|move: Taunt|Taunt
|
|upkeep
|turn|5
|
|t:|1779944575
|move|p1a: Grimmsnarl|Reflect|p1a: Grimmsnarl
|-sidestart|p1: Harshweather|Reflect
|move|p2a: Landorus|Earthquake|p1a: Grimmsnarl
|-damage|p1a: Grimmsnarl|54/100
|
|upkeep
|turn|6
|
|t:|1779944581
|move|p1a: Grimmsnarl|Light Screen|p1a: Grimmsnarl
|-sidestart|p1: Harshweather|move: Light Screen
|move|p2a: Landorus|Earthquake|p1a: Grimmsnarl
|-damage|p1a: Grimmsnarl|34/100
|
|-end|p2a: Landorus|move: Taunt
|upkeep
|turn|7
|
|t:|1779944589
|move|p1a: Grimmsnarl|Parting Shot|p2a: Landorus
|-unboost|p2a: Landorus|atk|1
|-unboost|p2a: Landorus|spa|1
|
|t:|1779944593
|switch|p1a: Salamence|Salamence, F|100/100|[from] Parting Shot
|move|p2a: Landorus|Earthquake|p1a: Salamence
|-immune|p1a: Salamence
|
|upkeep
|turn|8
|
|t:|1779944624
|switch|p2a: Indeedee|Indeedee-F, F|100/100
|-activate|p2a: Indeedee|move: Sticky Web
|-unboost|p2a: Indeedee|spe|1
|-fieldstart|move: Psychic Terrain|[from] ability: Psychic Surge|[of] p2a: Indeedee
|move|p1a: Salamence|Dragon Dance|p1a: Salamence
|-boost|p1a: Salamence|atk|1
|-boost|p1a: Salamence|spe|1
|
|upkeep
|turn|9
|inactive|Battle timer is ON: inactive players will automatically lose when time's up. (requested by sesetwelve)
|
|t:|1779944719
|move|p1a: Salamence|Outrage|p2a: Indeedee
|-damage|p2a: Indeedee|0 fnt
|faint|p2a: Indeedee
|-ability|p1a: Salamence|Moxie|boost
|-boost|p1a: Salamence|atk|1
|
|upkeep
|
|t:|1779944732
|switch|p2a: Latios|Latios, M|100/100
|turn|10
|
|t:|1779944755
|switch|p2a: Samurott|Samurott-Hisui, F|100/100
|move|p1a: Salamence|Outrage|p2a: Samurott|[from] lockedmove
|-crit|p2a: Samurott
|-damage|p2a: Samurott|0 fnt
|faint|p2a: Samurott
|-ability|p1a: Salamence|Moxie|boost
|-boost|p1a: Salamence|atk|1
|
|upkeep
|inactive|sesetwelve has 120 seconds left.
|
|t:|1779944774
|switch|p2a: Landorus|Landorus-Therian, M|100/100
|-ability|p2a: Landorus|Intimidate|boost
|-unboost|p1a: Salamence|atk|1
|turn|11
|
|t:|1779944779
|move|p2a: Landorus|Protect|p2a: Landorus
|-singleturn|p2a: Landorus|Protect
|move|p1a: Salamence|Outrage|p2a: Landorus|[from] lockedmove
|-activate|p2a: Landorus|move: Protect
|-start|p1a: Salamence|confusion|[fatigue]
|
|upkeep
|turn|12
|
|t:|1779944791
|-activate|p1a: Salamence|confusion
|-damage|p1a: Salamence|67/100|[from] confusion
|move|p2a: Landorus|Taunt|p1a: Salamence
|-start|p1a: Salamence|move: Taunt
|
|-sideend|p1: Harshweather|Reflect
|-fieldend|move: Psychic Terrain
|upkeep
|turn|13
|inactive|sesetwelve has 120 seconds left.
|
|t:|1779944812
|switch|p2a: Zamazenta|Zamazenta|100/100
|-activate|p2a: Zamazenta|move: Sticky Web
|-unboost|p2a: Zamazenta|spe|1
|-ability|p2a: Zamazenta|Dauntless Shield|boost
|-boost|p2a: Zamazenta|def|1
|-activate|p1a: Salamence|confusion
|-damage|p1a: Salamence|33/100|[from] confusion
|
|-sideend|p1: Harshweather|move: Light Screen
|upkeep
|turn|14
|inactive|sesetwelve has 120 seconds left.
|
|t:|1779944824
|-activate|p1a: Salamence|confusion
|move|p1a: Salamence|Fly||[still]
|-prepare|p1a: Salamence|Fly
|move|p2a: Zamazenta|Wild Charge|p1a: Salamence|[miss]
|-miss|p2a: Zamazenta|p1a: Salamence
|
|upkeep
|turn|15
|
|t:|1779944830
|-activate|p1a: Salamence|confusion
|-damage|p1a: Salamence|0 fnt|[from] confusion
|faint|p1a: Salamence
|move|p2a: Zamazenta|Iron Defense|p2a: Zamazenta
|-boost|p2a: Zamazenta|def|2
|
|upkeep
|
|t:|1779944840
|switch|p1a: Victim 2|Vikavolt, M|100/100
|-damage|p1a: Victim 2|76/100|[from] Stealth Rock
|turn|16
|
|t:|1779944846
|move|p2a: Zamazenta|Body Press|p1a: Victim 2
|-resisted|p1a: Victim 2
|-damage|p1a: Victim 2|22/100
|move|p1a: Victim 2|Thunder Wave|p2a: Zamazenta|[miss]
|-miss|p1a: Victim 2|p2a: Zamazenta
|
|upkeep
|turn|17
|
|t:|1779944856
|move|p2a: Zamazenta|Body Press|p1a: Victim 2
|-resisted|p1a: Victim 2
|-damage|p1a: Victim 2|0 fnt
|faint|p1a: Victim 2
|
|upkeep
|
|t:|1779944860
|switch|p1a: molester|Zangoose, F|100/100
|-damage|p1a: molester|88/100|[from] Stealth Rock
|turn|18
|c|☆sesetwelve|ez
|
|t:|1779944865
|move|p1a: molester|Swords Dance|p1a: molester
|-boost|p1a: molester|atk|2
|move|p2a: Zamazenta|Body Press|p1a: molester
|-supereffective|p1a: molester
|-damage|p1a: molester|0 fnt
|faint|p1a: molester
|
|upkeep
|
|t:|1779944869
|switch|p1a: Grimmsnarl|Grimmsnarl, M|34/100
|-damage|p1a: Grimmsnarl|22/100|[from] Stealth Rock
|turn|19
|
|t:|1779944875
|move|p1a: Grimmsnarl|Reflect|p1a: Grimmsnarl
|-sidestart|p1: Harshweather|Reflect
|move|p2a: Zamazenta|Body Press|p1a: Grimmsnarl
|-damage|p1a: Grimmsnarl|0 fnt
|faint|p1a: Grimmsnarl
|
|upkeep
|c|☆sesetwelve|chau
|
|t:|1779944887
|switch|p1a: Quaquaval|Quaquaval, F|100/100
|-damage|p1a: Quaquaval|94/100|[from] Stealth Rock
|turn|20
|
|t:|1779944895
|move|p2a: Zamazenta|Wild Charge|p1a: Quaquaval
|-supereffective|p1a: Quaquaval
|-damage|p1a: Quaquaval|58/100
|-damage|p2a: Zamazenta|92/100|[from] Recoil
|move|p1a: Quaquaval|Aqua Step|p2a: Zamazenta
|-damage|p2a: Zamazenta|77/100
|-boost|p1a: Quaquaval|spe|1
|
|-heal|p2a: Zamazenta|83/100|[from] item: Leftovers
|upkeep
|turn|21
|c|☆Harshweather|ggs
|
|t:|1779944914
|move|p1a: Quaquaval|Close Combat|p2a: Zamazenta
|-damage|p2a: Zamazenta|60/100
|-unboost|p1a: Quaquaval|def|1
|-unboost|p1a: Quaquaval|spd|1
|move|p2a: Zamazenta|Body Press|p1a: Quaquaval
|-damage|p1a: Quaquaval|0 fnt
|faint|p1a: Quaquaval
|
|win|sesetwelve
|raw|Harshweather's rating: 1096 &rarr; <strong>1071</strong><br />(-25 for losing)
|raw|sesetwelve's rating: 1089 &rarr; <strong>1116</strong><br />(+27 for winning)
|l|☆Harshweather
|player|p1|
|l|☆sesetwelve
|player|p2|
