|badge|p1|bronze|gen9ubers|100-9
|uhtml|medal-msg|<div class="broadcast-blue">Curious what those medals under the avatar are? PS now has Ladder Seasons! For more information, check out the <a href="https://www.smogon.com/forums/threads/3740067/">thread on Smogon.</a></div>
|j|☆stall_must_die
|j|☆metallettuce52
|t:|1779927927
|gametype|singles
|player|p1|stall_must_die|doubleteam|1221
|player|p2|metallettuce52|elesa|1214
|gen|9
|tier|[Gen 9] OU
|rated|
|rule|HP Percentage Mod: HP is shown in percentages
|rule|Endless Battle Clause: Forcing endless battles is banned
|rule|Species Clause: Limit one of each Pokémon
|rule|OHKO Clause: OHKO moves are banned
|rule|Evasion Items Clause: Evasion items are banned
|rule|Evasion Moves Clause: Evasion moves are banned
|rule|Evasion Abilities Clause: Evasion abilities are banned
|rule|Sleep Moves Clause: Sleep-inducing moves are banned
|clearpoke
|poke|p1|Grimmsnarl, M|
|poke|p1|Zamazenta-*|
|poke|p1|Iron Crown|
|poke|p1|Raging Bolt|
|poke|p1|Ogerpon-Wellspring, F|
|poke|p1|Glimmora, M|
|poke|p2|Oricorio-Sensu, M|
|poke|p2|Alomomola, F|
|poke|p2|Glimmora, F|
|poke|p2|Meowscarada, F|
|poke|p2|Cloyster, F|
|poke|p2|Arcanine-Hisui, M|
|teampreview
|inactive|Battle timer is ON: inactive players will automatically lose when time's up. (requested by metallettuce52)
|inactive|stall_must_die also wants the timer to be on.
|
|t:|1779927933
|teamsize|p1|6
|teamsize|p2|6
|start
|switch|p1a: Grimmsnarl|Grimmsnarl, M|100/100
|switch|p2a: Flesh|Cloyster, F|100/100
|turn|1
|
|t:|1779927942
|move|p1a: Grimmsnarl|Taunt|p2a: Flesh
|-start|p2a: Flesh|move: Taunt
|cant|p2a: Flesh|move: Taunt|Shell Smash
|
|upkeep
|turn|2
|
|t:|1779927951
|switch|p2a: Asmongold|Glimmora, F|100/100
|move|p1a: Grimmsnarl|Light Screen|p1a: Grimmsnarl
|-sidestart|p1: stall_must_die|move: Light Screen
|
|upkeep
|turn|3
|
|t:|1779927957
|move|p1a: Grimmsnarl|Taunt|p2a: Asmongold
|-start|p2a: Asmongold|move: Taunt
|cant|p2a: Asmongold|move: Taunt|Stealth Rock
|
|upkeep
|turn|4
|
|t:|1779927970
|move|p1a: Grimmsnarl|Reflect|p1a: Grimmsnarl
|-sidestart|p1: stall_must_die|Reflect
|move|p2a: Asmongold|Sludge Bomb|p1a: Grimmsnarl
|-supereffective|p1a: Grimmsnarl
|-damage|p1a: Grimmsnarl|56/100
|
|upkeep
|turn|5
|
|t:|1779927985
|switch|p1a: Iron Crown|Iron Crown|100/100
|-enditem|p1a: Iron Crown|Booster Energy
|-activate|p1a: Iron Crown|ability: Quark Drive|[fromitem]
|-start|p1a: Iron Crown|quarkdrivespe
|move|p2a: Asmongold|Sludge Bomb|p1a: Iron Crown
|-immune|p1a: Iron Crown
|
|-end|p2a: Asmongold|move: Taunt
|upkeep
|turn|6
|
|t:|1779927999
|switch|p2a: The Bouncer|Meowscarada, F|100/100
|move|p1a: Iron Crown|Iron Defense|p1a: Iron Crown
|-boost|p1a: Iron Crown|def|2
|
|upkeep
|turn|7
|
|t:|1779928012
|move|p2a: The Bouncer|Sucker Punch||[still]
|-fail|p2a: The Bouncer
|move|p1a: Iron Crown|Iron Defense|p1a: Iron Crown
|-boost|p1a: Iron Crown|def|2
|
|upkeep
|turn|8
|
|t:|1779928021
|move|p2a: The Bouncer|Sucker Punch||[still]
|-fail|p2a: The Bouncer
|move|p1a: Iron Crown|Calm Mind|p1a: Iron Crown
|-boost|p1a: Iron Crown|spa|1
|-boost|p1a: Iron Crown|spd|1
|
|upkeep
|turn|9
|
|t:|1779928027
|switch|p2a: Doug|Arcanine-Hisui, M|100/100
|move|p1a: Iron Crown|Calm Mind|p1a: Iron Crown
|-boost|p1a: Iron Crown|spa|1
|-boost|p1a: Iron Crown|spd|1
|
|-sideend|p1: stall_must_die|move: Light Screen
|upkeep
|turn|10
|
|t:|1779928040
|-terastallize|p2a: Doug|Fire
|move|p1a: Iron Crown|Stored Power|p2a: Doug
|-damage|p2a: Doug|0 fnt
|faint|p2a: Doug
|
|upkeep
|
|t:|1779928045
|switch|p2a: The Bouncer|Meowscarada, F|100/100
|turn|11
|
|t:|1779928050
|move|p2a: The Bouncer|Sucker Punch||[still]
|-fail|p2a: The Bouncer
|move|p1a: Iron Crown|Iron Defense|p1a: Iron Crown
|-boost|p1a: Iron Crown|def|2
|
|-sideend|p1: stall_must_die|Reflect
|upkeep
|turn|12
|-message|metallettuce52 forfeited.
|
|win|stall_must_die
|raw|stall_must_die's rating: 1221 &rarr; <strong>1245</strong><br />(+24 for winning)
|raw|metallettuce52's rating: 1214 &rarr; <strong>1190</strong><br />(-24 for losing)
|l|☆metallettuce52
|player|p2|
