|j|☆A05236
|j|☆Abyssal Bot
|t:|1779822781
|gametype|singles
|player|p1|A05236|265|
|player|p2|Abyssal Bot|supernerd|
|teamsize|p1|6
|teamsize|p2|6
|gen|9
|tier|[Gen 9] OU
|rule|Species Clause: Limit one of each Pokémon
|rule|OHKO Clause: OHKO moves are banned
|rule|Evasion Items Clause: Evasion items are banned
|rule|Evasion Moves Clause: Evasion moves are banned
|rule|Endless Battle Clause: Forcing endless battles is banned
|rule|HP Percentage Mod: HP is shown in percentages
|rule|Sleep Moves Clause: Sleep-inducing moves are banned
|clearpoke
|poke|p1|Empoleon, M|
|poke|p1|Muk, F|
|poke|p1|Salamence, F|
|poke|p1|Rhydon, M|
|poke|p1|Landorus-Therian, M|
|poke|p1|Torkoal, F|
|poke|p2|Ribombee, M|
|poke|p2|Glimmora, M|
|poke|p2|Manaphy|
|poke|p2|Zamazenta-*|
|poke|p2|Gholdengo|
|poke|p2|Roaring Moon|
|teampreview
|c|☆Abyssal Bot|**WARNING**: Expect much hax.
|inactive|Battle timer is ON: inactive players will automatically lose when time's up. (requested by Abyssal Bot)
|j|*Turbo Bottttt
|
|t:|1779822784
|start
|switch|p1a: Empoleon|Empoleon, M|100/100
|switch|p2a: Gholdengo|Gholdengo|100/100
|-item|p2a: Gholdengo|Air Balloon
|turn|1
|
|t:|1779822786
|switch|p2a: Manaphy|Manaphy|100/100
|move|p1a: Empoleon|Hydro Pump|p2a: Manaphy
|-resisted|p2a: Manaphy
|-damage|p2a: Manaphy|77/100
|-damage|p1a: Empoleon|91/100|[from] item: Life Orb
|
|-heal|p2a: Manaphy|83/100|[from] item: Leftovers
|upkeep
|turn|2
|
|t:|1779822792
|switch|p1a: Muk|Muk, F|100/100
|move|p2a: Manaphy|Tail Glow|p2a: Manaphy
|-boost|p2a: Manaphy|spa|3
|
|-heal|p2a: Manaphy|89/100|[from] item: Leftovers
|upkeep
|turn|3
|
|t:|1779822794
|move|p2a: Manaphy|Surf|p1a: Muk
|-damage|p1a: Muk|39/100
|move|p1a: Muk|Gunk Shot|p2a: Manaphy
|-damage|p2a: Manaphy|39/100
|-status|p2a: Manaphy|psn
|
|-heal|p2a: Manaphy|45/100 psn|[from] item: Leftovers
|-damage|p2a: Manaphy|32/100 psn|[from] psn|[of] p1a: Muk
|upkeep
|turn|4
|
|t:|1779822808
|switch|p1a: Empoleon|Empoleon, M|91/100
|move|p2a: Manaphy|Surf|p1a: Empoleon
|-resisted|p1a: Empoleon
|-damage|p1a: Empoleon|35/100
|
|-heal|p2a: Manaphy|39/100 psn|[from] item: Leftovers
|-damage|p2a: Manaphy|26/100 psn|[from] psn|[of] p1: Muk
|upkeep
|turn|5
|
|t:|1779822811
|move|p1a: Empoleon|Aqua Jet|p2a: Manaphy
|-resisted|p2a: Manaphy
|-damage|p2a: Manaphy|18/100 psn
|-damage|p1a: Empoleon|25/100|[from] item: Life Orb
|move|p2a: Manaphy|Surf|p1a: Empoleon
|-resisted|p1a: Empoleon
|-damage|p1a: Empoleon|0
|faint|p1a: Empoleon
|
|-heal|p2a: Manaphy|24/100 psn|[from] item: Leftovers
|-damage|p2a: Manaphy|12/100 psn|[from] psn|[of] p1: Muk
|upkeep
|
|t:|1779822817
|switch|p1a: Salamence|Salamence, F|100/100
|turn|6
|
|t:|1779822820
|move|p1a: Salamence|Earthquake|p2a: Manaphy
|-damage|p2a: Manaphy|0 psn
|faint|p2a: Manaphy
|-ability|p1a: Salamence|Moxie|boost
|-boost|p1a: Salamence|atk|1
|
|upkeep
|
|t:|1779822820
|switch|p2a: Gholdengo|Gholdengo|100/100
|-item|p2a: Gholdengo|Air Balloon
|turn|7
|
|t:|1779822828
|switch|p1a: Muk|Muk, F|39/100
|move|p2a: Gholdengo|Make It Rain|p1a: Muk
|-damage|p1a: Muk|4/100
|-unboost|p2a: Gholdengo|spa|1
|
|upkeep
|turn|8
|
|t:|1779822831
|move|p2a: Gholdengo|Hex|p1a: Muk
|-damage|p1a: Muk|0
|faint|p1a: Muk
|
|upkeep
|
|t:|1779822833
|switch|p1a: Landorus|Landorus-Therian, M|100/100
|-ability|p1a: Landorus|Intimidate|boost
|-unboost|p2a: Gholdengo|atk|1
|turn|9
|
|t:|1779822836
|move|p1a: Landorus|Swords Dance|p1a: Landorus
|-boost|p1a: Landorus|atk|2
|move|p2a: Gholdengo|Make It Rain|p1a: Landorus
|-damage|p1a: Landorus|58/100
|-unboost|p2a: Gholdengo|spa|1
|
|upkeep
|turn|10
|
|t:|1779822839
|move|p1a: Landorus|Gravity|p1a: Landorus
|-fieldstart|move: Gravity
|move|p2a: Gholdengo|Make It Rain|p1a: Landorus
|-damage|p1a: Landorus|23/100
|-unboost|p2a: Gholdengo|spa|1
|
|upkeep
|turn|11
|
|t:|1779822841
|move|p1a: Landorus|Stone Edge|p2a: Gholdengo
|-resisted|p2a: Gholdengo
|-damage|p2a: Gholdengo|72/100
|-enditem|p2a: Gholdengo|Air Balloon
|move|p2a: Gholdengo|Make It Rain|p1a: Landorus
|-damage|p1a: Landorus|0
|-unboost|p2a: Gholdengo|spa|1
|faint|p1a: Landorus
|
|upkeep
|
|t:|1779822847
|switch|p1a: Torkoal|Torkoal, F|100/100
|-weather|Sunny Day|[from] ability: Drought|[of] p1a: Torkoal
|turn|12
|
|t:|1779822851
|switch|p2a: Glimmora|Glimmora, M|100/100
|move|p1a: Torkoal|Lava Plume|p2a: Glimmora
|-resisted|p2a: Glimmora
|-damage|p2a: Glimmora|78/100
|-status|p2a: Glimmora|brn
|
|-weather|Sunny Day|[upkeep]
|-damage|p2a: Glimmora|72/100 brn|[from] brn|[of] p1a: Torkoal
|upkeep
|turn|13
|
|t:|1779822856
|switch|p1a: Rhydon|Rhydon, M|100/100
|move|p2a: Glimmora|Meteor Beam||[still]
|-prepare|p2a: Glimmora|Meteor Beam
|-boost|p2a: Glimmora|spa|1
|-enditem|p2a: Glimmora|Power Herb
|-anim|p2a: Glimmora|Meteor Beam|p1a: Rhydon
|-resisted|p1a: Rhydon
|-damage|p1a: Rhydon|52/100
|
|-weather|Sunny Day|[upkeep]
|-damage|p2a: Glimmora|66/100 brn|[from] brn|[of] p1: Torkoal
|upkeep
|turn|14
|
|t:|1779822859
|move|p2a: Glimmora|Earth Power|p1a: Rhydon
|-supereffective|p1a: Rhydon
|-damage|p1a: Rhydon|0
|faint|p1a: Rhydon
|
|-weather|Sunny Day|[upkeep]
|-damage|p2a: Glimmora|60/100 brn|[from] brn|[of] p1: Torkoal
|-fieldend|move: Gravity
|upkeep
|
|t:|1779822864
|switch|p1a: Salamence|Salamence, F|100/100
|turn|15
|
|t:|1779822867
|move|p1a: Salamence|Earthquake|p2a: Glimmora
|-supereffective|p2a: Glimmora
|-damage|p2a: Glimmora|0 brn
|-activate|p2a: Glimmora|ability: Toxic Debris
|-sidestart|p1: A05236|move: Toxic Spikes
|faint|p2a: Glimmora
|-ability|p1a: Salamence|Moxie|boost
|-boost|p1a: Salamence|atk|1
|
|-weather|Sunny Day|[upkeep]
|upkeep
|
|t:|1779822867
|switch|p2a: Gholdengo|Gholdengo|72/100
|turn|16
|
|t:|1779822871
|move|p1a: Salamence|Earthquake|p2a: Gholdengo
|-supereffective|p2a: Gholdengo
|-damage|p2a: Gholdengo|0
|faint|p2a: Gholdengo
|-ability|p1a: Salamence|Moxie|boost
|-boost|p1a: Salamence|atk|1
|
|-weather|none
|upkeep
|
|t:|1779822871
|switch|p2a: Ribombee|Ribombee, M|100/100
|turn|17
|
|t:|1779822876
|switch|p1a: Torkoal|Torkoal, F|100/100
|-weather|Sunny Day|[from] ability: Drought|[of] p1a: Torkoal
|move|p2a: Ribombee|Moonblast|p1a: Torkoal
|-resisted|p1a: Torkoal
|-damage|p1a: Torkoal|74/100
|
|-weather|Sunny Day|[upkeep]
|upkeep
|turn|18
|
|t:|1779822879
|move|p2a: Ribombee|Sticky Web|p1a: Torkoal
|-sidestart|p1: A05236|move: Sticky Web
|move|p1a: Torkoal|Rapid Spin|p2a: Ribombee
|-damage|p2a: Ribombee|86/100
|-boost|p1a: Torkoal|spe|1
|-sideend|p1: A05236|Toxic Spikes|[from] move: Rapid Spin|[of] p1a: Torkoal
|-sideend|p1: A05236|Sticky Web|[from] move: Rapid Spin|[of] p1a: Torkoal
|
|-weather|Sunny Day|[upkeep]
|upkeep
|turn|19
|
|t:|1779822882
|move|p2a: Ribombee|Stun Spore|p1a: Torkoal|[miss]
|-miss|p2a: Ribombee|p1a: Torkoal
|move|p1a: Torkoal|Lava Plume|p2a: Ribombee
|-supereffective|p2a: Ribombee
|-damage|p2a: Ribombee|0
|faint|p2a: Ribombee
|
|-weather|Sunny Day|[upkeep]
|upkeep
|c|☆Abyssal Bot|Uh Ribombee, you're as blind as Deino...
|
|t:|1779822882
|switch|p2a: Zamazenta|Zamazenta|100/100
|-ability|p2a: Zamazenta|Dauntless Shield|boost
|-boost|p2a: Zamazenta|def|1
|turn|20
|
|t:|1779822885
|move|p2a: Zamazenta|Body Press|p1a: Torkoal
|-damage|p1a: Torkoal|43/100
|move|p1a: Torkoal|Will-O-Wisp|p2a: Zamazenta
|-status|p2a: Zamazenta|brn
|
|-weather|Sunny Day|[upkeep]
|-damage|p2a: Zamazenta|94/100 brn|[from] brn|[of] p1a: Torkoal
|upkeep
|turn|21
|
|t:|1779822890
|move|p2a: Zamazenta|Body Press|p1a: Torkoal
|-damage|p1a: Torkoal|28/100
|move|p1a: Torkoal|Rapid Spin|p2a: Zamazenta
|-damage|p2a: Zamazenta|89/100 brn
|-boost|p1a: Torkoal|spe|1
|-enditem|p2a: Zamazenta|Mirror Herb
|-boost|p2a: Zamazenta|spe|1|[from] item: Mirror Herb
|
|-weather|none
|-damage|p2a: Zamazenta|83/100 brn|[from] brn|[of] p1a: Torkoal
|upkeep
|turn|22
|
|t:|1779822893
|move|p2a: Zamazenta|Iron Head|p1a: Torkoal
|-resisted|p1a: Torkoal
|-damage|p1a: Torkoal|24/100
|cant|p1a: Torkoal|flinch
|
|-damage|p2a: Zamazenta|77/100 brn|[from] brn|[of] p1a: Torkoal
|upkeep
|turn|23
|
|t:|1779822896
|move|p2a: Zamazenta|Body Press|p1a: Torkoal
|-damage|p1a: Torkoal|9/100
|move|p1a: Torkoal|Rapid Spin|p2a: Zamazenta
|-damage|p2a: Zamazenta|72/100 brn
|-boost|p1a: Torkoal|spe|1
|
|-damage|p2a: Zamazenta|66/100 brn|[from] brn|[of] p1a: Torkoal
|upkeep
|turn|24
|
|t:|1779822898
|move|p2a: Zamazenta|Iron Head|p1a: Torkoal
|-resisted|p1a: Torkoal
|-damage|p1a: Torkoal|5/100
|move|p1a: Torkoal|Rapid Spin|p2a: Zamazenta
|-damage|p2a: Zamazenta|61/100 brn
|-boost|p1a: Torkoal|spe|1
|
|-damage|p2a: Zamazenta|55/100 brn|[from] brn|[of] p1a: Torkoal
|upkeep
|turn|25
|
|t:|1779822900
|move|p2a: Zamazenta|Stone Edge|p1a: Torkoal|[miss]
|-miss|p2a: Zamazenta|p1a: Torkoal
|move|p1a: Torkoal|Rapid Spin|p2a: Zamazenta
|-damage|p2a: Zamazenta|50/100 brn
|-boost|p1a: Torkoal|spe|1
|
|-damage|p2a: Zamazenta|44/100 brn|[from] brn|[of] p1a: Torkoal
|upkeep
|turn|26
|c|☆Abyssal Bot|Uh Zamazenta, you're as blind as Deino...
|
|t:|1779822903
|move|p2a: Zamazenta|Body Press|p1a: Torkoal
|-damage|p1a: Torkoal|0
|faint|p1a: Torkoal
|
|-damage|p2a: Zamazenta|38/100 brn|[from] brn|[of] p1: Torkoal
|upkeep
|
|t:|1779822905
|switch|p1a: Salamence|Salamence, F|100/100
|turn|27
|
|t:|1779822906
|switch|p2a: Roaring Moon|Roaring Moon|100/100
|-enditem|p2a: Roaring Moon|Booster Energy
|-activate|p2a: Roaring Moon|ability: Protosynthesis|[fromitem]
|-start|p2a: Roaring Moon|protosynthesisatk
|move|p1a: Salamence|Dragon Dance|p1a: Salamence
|-boost|p1a: Salamence|atk|1
|-boost|p1a: Salamence|spe|1
|
|upkeep
|turn|28
|
|t:|1779822909
|move|p1a: Salamence|Outrage|p2a: Roaring Moon
|-supereffective|p2a: Roaring Moon
|-damage|p2a: Roaring Moon|0
|faint|p2a: Roaring Moon
|-end|p2a: Roaring Moon|Protosynthesis|[silent]
|-ability|p1a: Salamence|Moxie|boost
|-boost|p1a: Salamence|atk|1
|
|upkeep
|
|t:|1779822909
|switch|p2a: Zamazenta|Zamazenta|38/100 brn
|turn|29
|
|t:|1779822912
|move|p1a: Salamence|Outrage|p2a: Zamazenta|[from]lockedmove
|-damage|p2a: Zamazenta|0 brn
|faint|p2a: Zamazenta
|-start|p1a: Salamence|confusion|[fatigue]
|
|win|A05236
|c|☆Abyssal Bot|This loss doesn't matter, because I'm just a bot.
|l|☆Abyssal Bot
|player|p2|
|l|*Turbo Bottttt
