|j|☆tigeray
|j|☆Orogonoria
|t:|1779877544
|gametype|singles
|player|p1|tigeray|pokemaniac|1339
|player|p2|Orogonoria|cheren-gen5bw2|1277
|gen|9
|tier|[Gen 9] OU
|rated|
|rule|HP Percentage Mod: HP is shown in percentages
|rule|Endless Battle Clause: Forcing endless battles is banned
|rule|Species Clause: Limit one of each Pokémon
|rule|OHKO Clause: OHKO moves are banned
|rule|Evasion Items Clause: Evasion items are banned
|rule|Evasion Moves Clause: Evasion moves are banned
|rule|Evasion Abilities Clause: Evasion abilities are banned
|rule|Sleep Moves Clause: Sleep-inducing moves are banned
|clearpoke
|poke|p1|Ceruledge, M|
|poke|p1|Great Tusk|
|poke|p1|Regieleki|
|poke|p1|Tornadus-Therian, M|
|poke|p1|Slowking-Galar, F|
|poke|p1|Weavile, M|
|poke|p2|Torkoal, M|
|poke|p2|Walking Wake|
|poke|p2|Leavanny, M|
|poke|p2|Venusaur, M|
|poke|p2|Great Tusk|
|poke|p2|Clefable, M|
|teampreview
|inactive|Battle timer is ON: inactive players will automatically lose when time's up. (requested by Orogonoria)
|inactive|tigeray also wants the timer to be on.
|
|t:|1779877547
|teamsize|p1|6
|teamsize|p2|6
|start
|switch|p1a: Slowking|Slowking-Galar, F|100/100
|switch|p2a: Torkoal|Torkoal, M, shiny|100/100
|-weather|SunnyDay|[from] ability: Drought|[of] p2a: Torkoal
|turn|1
|
|t:|1779877566
|move|p2a: Torkoal|Will-O-Wisp|p1a: Slowking
|-status|p1a: Slowking|brn
|-prepare|p1a: Slowking|Chilly Reception|[premajor]
|move|p1a: Slowking|Chilly Reception|p1a: Slowking
|-weather|Snowscape
|
|t:|1779877580
|switch|p1a: Great Tusk|Great Tusk|100/100|[from] Chilly Reception
|
|-weather|Snowscape|[upkeep]
|upkeep
|turn|2
|
|t:|1779877585
|move|p1a: Great Tusk|Stealth Rock|p2a: Torkoal
|-sidestart|p2: Orogonoria|move: Stealth Rock
|move|p2a: Torkoal|Will-O-Wisp|p1a: Great Tusk
|-status|p1a: Great Tusk|brn
|
|-weather|Snowscape|[upkeep]
|-damage|p1a: Great Tusk|94/100 brn|[from] brn
|upkeep
|turn|3
|
|t:|1779877597
|-end|p1a: Great Tusk|Protosynthesis|[silent]
|switch|p1a: Slowking|Slowking-Galar, F|100/100 brn
|move|p2a: Torkoal|Rapid Spin|p1a: Slowking
|-damage|p1a: Slowking|94/100 brn
|-boost|p2a: Torkoal|spe|1
|-sideend|p2: Orogonoria|Stealth Rock|[from] move: Rapid Spin|[of] p2a: Torkoal
|
|-weather|Snowscape|[upkeep]
|-damage|p1a: Slowking|88/100 brn|[from] brn
|upkeep
|turn|4
|
|t:|1779877614
|switch|p2a: Great Tusk|Great Tusk|100/100
|move|p1a: Slowking|Toxic|p2a: Great Tusk
|-status|p2a: Great Tusk|tox
|
|-weather|Snowscape|[upkeep]
|-damage|p2a: Great Tusk|94/100 tox|[from] psn
|-damage|p1a: Slowking|82/100 brn|[from] brn
|upkeep
|turn|5
|
|t:|1779877635
|move|p2a: Great Tusk|Knock Off|p1a: Slowking
|-supereffective|p1a: Slowking
|-damage|p1a: Slowking|29/100 brn
|-enditem|p1a: Slowking|Heavy-Duty Boots|[from] move: Knock Off|[of] p2a: Great Tusk
|-prepare|p1a: Slowking|Chilly Reception|[premajor]
|move|p1a: Slowking|Chilly Reception|p1a: Slowking
|inactive|tigeray has 120 seconds left.
|
|t:|1779877664
|switch|p1a: Tornadus|Tornadus-Therian, M|100/100|[from] Chilly Reception
|
|-weather|none
|-damage|p2a: Great Tusk|82/100 tox|[from] psn
|upkeep
|turn|6
|
|t:|1779877673
|-end|p2a: Great Tusk|Protosynthesis|[silent]
|switch|p2a: Torkoal|Torkoal, M, shiny|100/100
|-weather|SunnyDay|[from] ability: Drought|[of] p2a: Torkoal
|move|p1a: Tornadus|Hurricane|p2a: Torkoal|[miss]
|-miss|p1a: Tornadus|p2a: Torkoal
|
|-weather|SunnyDay|[upkeep]
|upkeep
|turn|7
|
|t:|1779877691
|move|p1a: Tornadus|Dark Pulse|p2a: Torkoal
|-crit|p2a: Torkoal
|-damage|p2a: Torkoal|72/100
|cant|p2a: Torkoal|flinch
|
|-weather|SunnyDay|[upkeep]
|upkeep
|turn|8
|
|t:|1779877710
|switch|p2a: Great Tusk|Great Tusk|82/100 tox
|-activate|p2a: Great Tusk|ability: Protosynthesis
|-start|p2a: Great Tusk|protosynthesisatk
|move|p1a: Tornadus|U-turn|p2a: Great Tusk
|-resisted|p2a: Great Tusk
|-damage|p2a: Great Tusk|76/100 tox
|
|t:|1779877722
|switch|p1a: Ceruledge|Ceruledge, M|100/100|[from] U-turn
|
|-weather|SunnyDay|[upkeep]
|-damage|p2a: Great Tusk|70/100 tox|[from] psn
|upkeep
|turn|9
|
|t:|1779877732
|move|p2a: Great Tusk|Headlong Rush|p1a: Ceruledge
|-supereffective|p1a: Ceruledge
|-enditem|p1a: Ceruledge|Focus Sash
|-damage|p1a: Ceruledge|1/100
|-unboost|p2a: Great Tusk|def|1
|-unboost|p2a: Great Tusk|spd|1
|-ability|p1a: Ceruledge|Weak Armor|boost
|-unboost|p1a: Ceruledge|def|1
|-boost|p1a: Ceruledge|spe|2
|move|p1a: Ceruledge|Swords Dance|p1a: Ceruledge
|-boost|p1a: Ceruledge|atk|2
|
|-weather|SunnyDay|[upkeep]
|-damage|p2a: Great Tusk|58/100 tox|[from] psn
|upkeep
|turn|10
|
|t:|1779877745
|move|p1a: Ceruledge|Bitter Blade|p2a: Great Tusk
|-damage|p2a: Great Tusk|0 fnt
|-heal|p1a: Ceruledge|37/100|[from] drain|[of] p2a: Great Tusk
|faint|p2a: Great Tusk
|-end|p2a: Great Tusk|Protosynthesis|[silent]
|
|-weather|SunnyDay|[upkeep]
|upkeep
|
|t:|1779877764
|switch|p2a: Leavanny|Leavanny, M|100/100
|turn|11
|inactive|Orogonoria has 120 seconds left.
|
|t:|1779877784
|move|p1a: Ceruledge|Bitter Blade|p2a: Leavanny
|-supereffective|p2a: Leavanny
|-enditem|p2a: Leavanny|Focus Sash
|-damage|p2a: Leavanny|1/100
|-heal|p1a: Ceruledge|87/100|[from] drain|[of] p2a: Leavanny
|move|p2a: Leavanny|Knock Off|p1a: Ceruledge
|-supereffective|p1a: Ceruledge
|-damage|p1a: Ceruledge|5/100
|-ability|p1a: Ceruledge|Weak Armor|boost
|-unboost|p1a: Ceruledge|def|1
|-boost|p1a: Ceruledge|spe|2
|
|-weather|SunnyDay|[upkeep]
|upkeep
|turn|12
|inactive|Orogonoria has 120 seconds left.
|
|t:|1779877806
|move|p1a: Ceruledge|Shadow Sneak|p2a: Leavanny
|-damage|p2a: Leavanny|0 fnt
|faint|p2a: Leavanny
|
|-weather|SunnyDay|[upkeep]
|upkeep
|
|t:|1779877810
|switch|p2a: Clefable|Clefable, M|100/100
|turn|13
|inactive|Orogonoria has 120 seconds left.
|
|t:|1779877816
|move|p1a: Ceruledge|Poltergeist|p2a: Clefable
|-activate|p2a: Clefable|move: Poltergeist|Leftovers
|-damage|p2a: Clefable|42/100
|move|p2a: Clefable|Moonblast|p1a: Ceruledge
|-resisted|p1a: Ceruledge
|-damage|p1a: Ceruledge|0 fnt
|faint|p1a: Ceruledge
|
|-weather|none
|-heal|p2a: Clefable|48/100|[from] item: Leftovers
|upkeep
|
|t:|1779877829
|switch|p1a: Slowking|Slowking-Galar, F|63/100 brn
|turn|14
|
|t:|1779877834
|move|p2a: Clefable|Moonlight|p2a: Clefable
|-heal|p2a: Clefable|98/100
|move|p1a: Slowking|Sludge Bomb|p2a: Clefable
|-supereffective|p2a: Clefable
|-damage|p2a: Clefable|35/100
|-status|p2a: Clefable|psn
|
|-heal|p2a: Clefable|41/100 psn|[from] item: Leftovers
|-damage|p2a: Clefable|29/100 psn|[from] psn
|-damage|p1a: Slowking|57/100 brn|[from] brn
|upkeep
|turn|15
|
|t:|1779877847
|switch|p2a: Torkoal|Torkoal, M, shiny|72/100
|-weather|SunnyDay|[from] ability: Drought|[of] p2a: Torkoal
|-prepare|p1a: Slowking|Chilly Reception|[premajor]
|move|p1a: Slowking|Chilly Reception|p1a: Slowking
|-weather|Snowscape
|
|t:|1779877858
|switch|p1a: Regieleki|Regieleki|100/100|[from] Chilly Reception
|
|-weather|Snowscape|[upkeep]
|upkeep
|turn|16
|
|t:|1779877865
|switch|p2a: Clefable|Clefable, M|29/100 psn
|move|p1a: Regieleki|Thunder Wave|p2a: Clefable|[miss]
|-miss|p1a: Regieleki|p2a: Clefable
|
|-weather|Snowscape|[upkeep]
|-heal|p2a: Clefable|35/100 psn|[from] item: Leftovers
|-damage|p2a: Clefable|23/100 psn|[from] psn
|upkeep
|turn|17
|
|t:|1779877878
|move|p1a: Regieleki|Thunderbolt|p2a: Clefable
|-damage|p2a: Clefable|0 fnt
|faint|p2a: Clefable
|
|-weather|Snowscape|[upkeep]
|upkeep
|
|t:|1779877882
|switch|p2a: Torkoal|Torkoal, M, shiny|72/100
|-weather|SunnyDay|[from] ability: Drought|[of] p2a: Torkoal
|turn|18
|
|t:|1779877900
|switch|p2a: Venusaur|Venusaur, M|100/100
|move|p1a: Regieleki|Volt Switch|p2a: Venusaur
|-resisted|p2a: Venusaur
|-damage|p2a: Venusaur|78/100
|
|t:|1779877909
|switch|p1a: Tornadus|Tornadus-Therian, M|100/100|[from] Volt Switch
|
|-weather|SunnyDay|[upkeep]
|-heal|p2a: Venusaur|84/100|[from] item: Leftovers
|upkeep
|turn|19
|
|t:|1779877916
|-terastallize|p2a: Venusaur|Water
|move|p2a: Venusaur|Growth|p2a: Venusaur
|-boost|p2a: Venusaur|atk|2
|-boost|p2a: Venusaur|spa|2
|move|p1a: Tornadus|Heat Wave|p2a: Venusaur|[miss]
|-miss|p1a: Tornadus|p2a: Venusaur
|
|-weather|SunnyDay|[upkeep]
|-heal|p2a: Venusaur|90/100|[from] item: Leftovers
|upkeep
|turn|20
|
|t:|1779877927
|move|p2a: Venusaur|Sludge Bomb|p1a: Tornadus
|-damage|p1a: Tornadus|62/100
|-status|p1a: Tornadus|psn
|move|p1a: Tornadus|Dark Pulse|p2a: Venusaur
|-damage|p2a: Venusaur|68/100
|
|-weather|SunnyDay|[upkeep]
|-heal|p2a: Venusaur|74/100|[from] item: Leftovers
|-damage|p1a: Tornadus|49/100 psn|[from] psn
|upkeep
|turn|21
|
|t:|1779877939
|switch|p1a: Slowking|Slowking-Galar, F|90/100 brn
|move|p2a: Venusaur|Sludge Bomb|p1a: Slowking
|-resisted|p1a: Slowking
|-damage|p1a: Slowking|56/100 brn
|
|-weather|SunnyDay|[upkeep]
|-heal|p2a: Venusaur|80/100|[from] item: Leftovers
|-damage|p1a: Slowking|50/100 brn|[from] brn
|upkeep
|turn|22
|
|t:|1779877949
|switch|p1a: Tornadus|Tornadus-Therian, M|82/100 psn
|move|p2a: Venusaur|Solar Beam||[still]
|-prepare|p2a: Venusaur|Solar Beam
|-anim|p2a: Venusaur|Solar Beam|p1a: Tornadus
|-resisted|p1a: Tornadus
|-damage|p1a: Tornadus|55/100 psn
|
|-weather|SunnyDay|[upkeep]
|-heal|p2a: Venusaur|86/100|[from] item: Leftovers
|-damage|p1a: Tornadus|43/100 psn|[from] psn
|upkeep
|turn|23
|
|t:|1779877961
|move|p2a: Venusaur|Sludge Bomb|p1a: Tornadus
|-damage|p1a: Tornadus|1/100 psn
|move|p1a: Tornadus|U-turn|p2a: Venusaur
|-damage|p2a: Venusaur|65/100
|
|t:|1779877967
|switch|p1a: Slowking|Slowking-Galar, F|83/100 brn|[from] U-turn
|
|-weather|SunnyDay|[upkeep]
|-heal|p2a: Venusaur|71/100|[from] item: Leftovers
|-damage|p1a: Slowking|77/100 brn|[from] brn
|upkeep
|turn|24
|
|t:|1779877977
|move|p2a: Venusaur|Growth|p2a: Venusaur
|-boost|p2a: Venusaur|atk|2
|-boost|p2a: Venusaur|spa|2
|move|p1a: Slowking|Toxic|p2a: Venusaur
|-status|p2a: Venusaur|tox
|
|-weather|SunnyDay|[upkeep]
|-heal|p2a: Venusaur|77/100 tox|[from] item: Leftovers
|-damage|p2a: Venusaur|71/100 tox|[from] psn
|-damage|p1a: Slowking|71/100 brn|[from] brn
|upkeep
|turn|25
|
|t:|1779877990
|move|p2a: Venusaur|Solar Beam||[still]
|-prepare|p2a: Venusaur|Solar Beam
|-anim|p2a: Venusaur|Solar Beam|p1a: Slowking
|-resisted|p1a: Slowking
|-damage|p1a: Slowking|1/100 brn
|-prepare|p1a: Slowking|Chilly Reception|[premajor]
|move|p1a: Slowking|Chilly Reception|p1a: Slowking
|-weather|Snowscape
|
|t:|1779878001
|switch|p1a: Regieleki|Regieleki|100/100|[from] Chilly Reception
|
|-weather|Snowscape|[upkeep]
|-heal|p2a: Venusaur|77/100 tox|[from] item: Leftovers
|-damage|p2a: Venusaur|65/100 tox|[from] psn
|upkeep
|turn|26
|
|t:|1779878007
|move|p1a: Regieleki|Volt Switch|p2a: Venusaur
|-supereffective|p2a: Venusaur
|-damage|p2a: Venusaur|0 fnt
|faint|p2a: Venusaur
|
|t:|1779878011
|switch|p1a: Slowking|Slowking-Galar, F|34/100 brn|[from] Volt Switch
|
|-weather|Snowscape|[upkeep]
|-damage|p1a: Slowking|28/100 brn|[from] brn
|upkeep
|
|t:|1779878016
|switch|p2a: Torkoal|Torkoal, M, shiny|72/100
|-weather|SunnyDay|[from] ability: Drought|[of] p2a: Torkoal
|turn|27
|
|t:|1779878026
|switch|p2a: Walking Wake|Walking Wake|100/100
|-activate|p2a: Walking Wake|ability: Protosynthesis
|-start|p2a: Walking Wake|protosynthesisspa
|-prepare|p1a: Slowking|Chilly Reception|[premajor]
|move|p1a: Slowking|Chilly Reception|p1a: Slowking
|-weather|Snowscape
|-end|p2a: Walking Wake|Protosynthesis
|
|t:|1779878045
|switch|p1a: Tornadus|Tornadus-Therian, M|34/100 psn|[from] Chilly Reception
|
|-weather|Snowscape|[upkeep]
|-damage|p1a: Tornadus|22/100 psn|[from] psn
|upkeep
|turn|28
|
|t:|1779878054
|move|p2a: Walking Wake|Dragon Pulse|p1a: Tornadus
|-damage|p1a: Tornadus|0 fnt
|faint|p1a: Tornadus
|
|-weather|Snowscape|[upkeep]
|upkeep
|
|t:|1779878071
|switch|p1a: Regieleki|Regieleki|100/100
|turn|29
|
|t:|1779878082
|-end|p2a: Walking Wake|Protosynthesis|[silent]
|switch|p2a: Torkoal|Torkoal, M, shiny|72/100
|-weather|SunnyDay|[from] ability: Drought|[of] p2a: Torkoal
|move|p1a: Regieleki|Thunderbolt|p2a: Torkoal
|-damage|p2a: Torkoal|26/100
|
|-weather|SunnyDay|[upkeep]
|upkeep
|turn|30
|
|t:|1779878099
|move|p1a: Regieleki|Thunderbolt|p2a: Torkoal
|-damage|p2a: Torkoal|0 fnt
|faint|p2a: Torkoal
|
|-weather|SunnyDay|[upkeep]
|upkeep
|
|t:|1779878104
|switch|p2a: Walking Wake|Walking Wake|100/100
|-activate|p2a: Walking Wake|ability: Protosynthesis
|-start|p2a: Walking Wake|protosynthesisspa
|turn|31
|
|t:|1779878115
|move|p1a: Regieleki|Thunderbolt|p2a: Walking Wake
|-damage|p2a: Walking Wake|37/100
|move|p2a: Walking Wake|Hydro Steam|p1a: Regieleki
|-damage|p1a: Regieleki|0 fnt
|faint|p1a: Regieleki
|
|-weather|SunnyDay|[upkeep]
|upkeep
|
|t:|1779878122
|switch|p1a: Great Tusk|Great Tusk|94/100 brn
|-activate|p1a: Great Tusk|ability: Protosynthesis
|-start|p1a: Great Tusk|protosynthesisspe
|turn|32
|
|t:|1779878128
|move|p2a: Walking Wake|Hydro Steam|p1a: Great Tusk
|-supereffective|p1a: Great Tusk
|-damage|p1a: Great Tusk|0 fnt
|faint|p1a: Great Tusk
|-end|p1a: Great Tusk|Protosynthesis|[silent]
|
|-weather|SunnyDay|[upkeep]
|upkeep
|
|t:|1779878131
|switch|p1a: Slowking|Slowking-Galar, F|61/100 brn
|turn|33
|
|t:|1779878137
|-terastallize|p1a: Slowking|Water
|move|p2a: Walking Wake|Hydro Steam|p1a: Slowking
|-resisted|p1a: Slowking
|-damage|p1a: Slowking|26/100 brn
|move|p1a: Slowking|Sludge Bomb|p2a: Walking Wake
|-damage|p2a: Walking Wake|0 fnt
|faint|p2a: Walking Wake
|-end|p2a: Walking Wake|Protosynthesis|[silent]
|
|win|tigeray
|raw|tigeray's rating: 1339 &rarr; <strong>1355</strong><br />(+16 for winning)
|raw|Orogonoria's rating: 1277 &rarr; <strong>1256</strong><br />(-21 for losing)
|l|☆Orogonoria
|player|p2|
|l|☆tigeray
|player|p1|
