|j|☆lotoden bk
|j|☆amiruae
|t:|1779815982
|gametype|singles
|player|p1|lotoden bk|swimmerf-gen4|1505
|player|p2|amiruae|psychic-gen4|1461
|gen|9
|tier|[Gen 9] OU
|rated|
|rule|HP Percentage Mod: HP is shown in percentages
|rule|Endless Battle Clause: Forcing endless battles is banned
|rule|Species Clause: Limit one of each Pokémon
|rule|OHKO Clause: OHKO moves are banned
|rule|Evasion Items Clause: Evasion items are banned
|rule|Evasion Moves Clause: Evasion moves are banned
|rule|Evasion Abilities Clause: Evasion abilities are banned
|rule|Sleep Moves Clause: Sleep-inducing moves are banned
|clearpoke
|poke|p1|Great Tusk|
|poke|p1|Heatran, M|
|poke|p1|Weavile, M|
|poke|p1|Primarina, M|
|poke|p1|Ogerpon, F|
|poke|p1|Pecharunt|
|poke|p2|Moltres-Galar|
|poke|p2|Arcanine-Hisui, M|
|poke|p2|Volcanion|
|poke|p2|Latias, F|
|poke|p2|Scizor, M|
|poke|p2|Krookodile, M|
|teampreview
|inactive|Battle timer is ON: inactive players will automatically lose when time's up. (requested by amiruae)
|
|t:|1779816002
|teamsize|p1|6
|teamsize|p2|6
|start
|switch|p1a: Primarina|Primarina, M, shiny|100/100
|switch|p2a: Latias|Latias, F|100/100
|turn|1
|
|t:|1779816011
|move|p2a: Latias|Calm Mind|p2a: Latias
|-boost|p2a: Latias|spa|1
|-boost|p2a: Latias|spd|1
|move|p1a: Primarina|Moonblast|p2a: Latias
|-supereffective|p2a: Latias
|-damage|p2a: Latias|46/100
|-unboost|p2a: Latias|spa|1
|-enditem|p2a: Latias|Weakness Policy
|-boost|p2a: Latias|atk|2|[from] item: Weakness Policy
|-boost|p2a: Latias|spa|2|[from] item: Weakness Policy
|
|upkeep
|turn|2
|
|t:|1779816026
|move|p2a: Latias|Stored Power|p1a: Primarina
|-damage|p1a: Primarina|56/100
|move|p1a: Primarina|Moonblast|p2a: Latias
|-supereffective|p2a: Latias
|-damage|p2a: Latias|0 fnt
|faint|p2a: Latias
|
|upkeep
|
|t:|1779816051
|switch|p2a: Krookodile|Krookodile, M|100/100
|-ability|p2a: Krookodile|Intimidate|boost
|-unboost|p1a: Primarina|atk|1
|turn|3
|
|t:|1779816079
|move|p2a: Krookodile|Gunk Shot|p1a: Primarina
|-supereffective|p1a: Primarina
|-damage|p1a: Primarina|0 fnt
|faint|p1a: Primarina
|
|upkeep
|inactive|lotoden bk has 120 seconds left.
|
|t:|1779816093
|switch|p1a: Weavile|Weavile, M, shiny|100/100
|-ability|p1a: Weavile|Pressure
|turn|4
|
|t:|1779816102
|switch|p2a: Arcanine|Arcanine-Hisui, M|100/100
|move|p1a: Weavile|Triple Axel|p2a: Arcanine|[miss]
|-miss|p1a: Weavile|p2a: Arcanine
|
|upkeep
|turn|5
|
|t:|1779816112
|switch|p1a: Pecharunt|Pecharunt|100/100
|move|p2a: Arcanine|Flare Blitz|p1a: Pecharunt
|-damage|p1a: Pecharunt|64/100
|-damage|p2a: Arcanine|84/100|[from] item: Rocky Helmet|[of] p1a: Pecharunt
|-damage|p2a: Arcanine|74/100|[from] item: Life Orb
|
|upkeep
|turn|6
|
|t:|1779816129
|switch|p2a: Moltres|Moltres-Galar|100/100
|move|p1a: Pecharunt|Parting Shot|p2a: Moltres
|-unboost|p2a: Moltres|atk|1
|-unboost|p2a: Moltres|spa|1
|inactive|lotoden bk has 120 seconds left.
|
|t:|1779816146
|switch|p1a: Weavile|Weavile, M, shiny|100/100|[from] Parting Shot
|-ability|p1a: Weavile|Pressure
|
|upkeep
|turn|7
|
|t:|1779816155
|switch|p2a: Scizor|Scizor, M|100/100
|move|p1a: Weavile|Triple Axel|p2a: Scizor
|-resisted|p2a: Scizor
|-damage|p2a: Scizor|93/100
|-resisted|p2a: Scizor
|-damage|p2a: Scizor|78/100
|-resisted|p2a: Scizor
|-damage|p2a: Scizor|57/100
|-hitcount|p2a: Scizor|3
|
|upkeep
|turn|8
|
|t:|1779816165
|switch|p1a: Pecharunt|Pecharunt|64/100
|move|p2a: Scizor|Swords Dance|p2a: Scizor
|-boost|p2a: Scizor|atk|2
|
|upkeep
|turn|9
|
|t:|1779816171
|move|p1a: Pecharunt|Recover|p1a: Pecharunt
|-heal|p1a: Pecharunt|100/100
|move|p2a: Scizor|Knock Off|p1a: Pecharunt
|-supereffective|p1a: Pecharunt
|-damage|p1a: Pecharunt|32/100
|-damage|p2a: Scizor|40/100|[from] item: Rocky Helmet|[of] p1a: Pecharunt
|-enditem|p1a: Pecharunt|Rocky Helmet|[from] move: Knock Off|[of] p2a: Scizor
|-enditem|p2a: Scizor|Sitrus Berry|[eat]
|-heal|p2a: Scizor|65/100|[from] item: Sitrus Berry
|
|upkeep
|turn|10
|
|t:|1779816178
|move|p2a: Scizor|Bullet Punch|p1a: Pecharunt
|-damage|p1a: Pecharunt|3/100
|move|p1a: Pecharunt|Recover|p1a: Pecharunt
|-heal|p1a: Pecharunt|53/100
|
|upkeep
|turn|11
|
|t:|1779816184
|move|p1a: Pecharunt|Recover|p1a: Pecharunt
|-heal|p1a: Pecharunt|100/100
|move|p2a: Scizor|Swords Dance|p2a: Scizor
|-boost|p2a: Scizor|atk|2
|
|upkeep
|turn|12
|inactive|lotoden bk has 120 seconds left.
|
|t:|1779816214
|move|p1a: Pecharunt|Shadow Ball|p2a: Scizor
|-damage|p2a: Scizor|36/100
|move|p2a: Scizor|Knock Off|p1a: Pecharunt
|-supereffective|p1a: Pecharunt
|-damage|p1a: Pecharunt|37/100
|
|upkeep
|turn|13
|
|t:|1779816223
|move|p1a: Pecharunt|Shadow Ball|p2a: Scizor
|-damage|p2a: Scizor|6/100
|move|p2a: Scizor|Knock Off|p1a: Pecharunt
|-supereffective|p1a: Pecharunt
|-damage|p1a: Pecharunt|0 fnt
|faint|p1a: Pecharunt
|
|upkeep
|
|t:|1779816232
|switch|p1a: Weavile|Weavile, M, shiny|100/100
|-ability|p1a: Weavile|Pressure
|turn|14
|
|t:|1779816235
|move|p1a: Weavile|Ice Shard|p2a: Scizor
|-resisted|p2a: Scizor
|-damage|p2a: Scizor|0 fnt
|faint|p2a: Scizor
|
|upkeep
|
|t:|1779816249
|switch|p2a: Arcanine|Arcanine-Hisui, M|74/100
|turn|15
|
|t:|1779816259
|switch|p1a: Great Tusk|Great Tusk, shiny|100/100
|move|p2a: Arcanine|Flare Blitz|p1a: Great Tusk
|-damage|p1a: Great Tusk|40/100
|-damage|p2a: Arcanine|64/100|[from] item: Life Orb
|
|upkeep
|turn|16
|
|t:|1779816273
|switch|p2a: Krookodile|Krookodile, M|100/100
|-ability|p2a: Krookodile|Intimidate|boost
|-unboost|p1a: Great Tusk|atk|1
|move|p1a: Great Tusk|Rapid Spin|p2a: Krookodile
|-damage|p2a: Krookodile|88/100
|-boost|p1a: Great Tusk|spe|1
|
|upkeep
|turn|17
|
|t:|1779816285
|move|p1a: Great Tusk|Ice Spinner|p2a: Krookodile
|-supereffective|p2a: Krookodile
|-damage|p2a: Krookodile|50/100
|move|p2a: Krookodile|Earthquake|p1a: Great Tusk
|-damage|p1a: Great Tusk|3/100
|
|upkeep
|turn|18
|
|t:|1779816291
|move|p1a: Great Tusk|Ice Spinner|p2a: Krookodile
|-supereffective|p2a: Krookodile
|-damage|p2a: Krookodile|14/100
|move|p2a: Krookodile|Earthquake|p1a: Great Tusk
|-damage|p1a: Great Tusk|0 fnt
|faint|p1a: Great Tusk
|-end|p1a: Great Tusk|Protosynthesis|[silent]
|
|upkeep
|
|t:|1779816303
|switch|p1a: Weavile|Weavile, M, shiny|100/100
|-ability|p1a: Weavile|Pressure
|turn|19
|
|t:|1779816321
|move|p1a: Weavile|Knock Off|p2a: Krookodile
|-resisted|p2a: Krookodile
|-damage|p2a: Krookodile|0 fnt
|-enditem|p2a: Krookodile|Assault Vest|[from] move: Knock Off|[of] p1a: Weavile
|faint|p2a: Krookodile
|
|upkeep
|
|t:|1779816325
|switch|p2a: Arcanine|Arcanine-Hisui, M|64/100
|turn|20
|
|t:|1779816330
|move|p1a: Weavile|Knock Off|p2a: Arcanine
|-damage|p2a: Arcanine|0 fnt
|-enditem|p2a: Arcanine|Life Orb|[from] move: Knock Off|[of] p1a: Weavile
|faint|p2a: Arcanine
|
|upkeep
|
|t:|1779816335
|switch|p2a: Moltres|Moltres-Galar|100/100
|turn|21
|
|t:|1779816355
|switch|p1a: Heatran|Heatran, M, shiny|100/100
|-item|p1a: Heatran|Air Balloon
|move|p2a: Moltres|Nasty Plot|p2a: Moltres
|-boost|p2a: Moltres|spa|2
|
|upkeep
|turn|22
|
|t:|1779816362
|move|p1a: Heatran|Magma Storm|p2a: Moltres|[miss]
|-miss|p1a: Heatran|p2a: Moltres
|move|p2a: Moltres|Fiery Wrath|p1a: Heatran
|-damage|p1a: Heatran|9/100
|-enditem|p1a: Heatran|Air Balloon
|
|upkeep
|turn|23
|
|t:|1779816372
|move|p1a: Heatran|Magma Storm|p2a: Moltres
|-damage|p2a: Moltres|60/100
|-activate|p2a: Moltres|move: Magma Storm|[of] p1a: Heatran
|move|p2a: Moltres|Fiery Wrath|p1a: Heatran
|-damage|p1a: Heatran|0 fnt
|faint|p1a: Heatran
|
|-end|p2a: Moltres|Magma Storm|[partiallytrapped]|[silent]
|upkeep
|
|t:|1779816378
|switch|p1a: Weavile|Weavile, M, shiny|100/100
|-ability|p1a: Weavile|Pressure
|turn|24
|
|t:|1779816389
|-terastallize|p2a: Moltres|Steel
|move|p1a: Weavile|Triple Axel|p2a: Moltres
|-resisted|p2a: Moltres
|-damage|p2a: Moltres|54/100
|-resisted|p2a: Moltres
|-damage|p2a: Moltres|40/100
|-enditem|p2a: Moltres|Sitrus Berry|[eat]
|-heal|p2a: Moltres|65/100|[from] item: Sitrus Berry
|-resisted|p2a: Moltres
|-damage|p2a: Moltres|46/100
|-hitcount|p2a: Moltres|3
|-ability|p2a: Moltres|Berserk|boost
|-boost|p2a: Moltres|spa|1
|move|p2a: Moltres|Hurricane|p1a: Weavile
|-damage|p1a: Weavile|0 fnt
|faint|p1a: Weavile
|
|upkeep
|
|t:|1779816408
|switch|p1a: Ogerpon|Ogerpon, F|100/100
|turn|25
|
|t:|1779816418
|move|p1a: Ogerpon|Low Kick|p2a: Moltres
|-supereffective|p2a: Moltres
|-damage|p2a: Moltres|0 fnt
|faint|p2a: Moltres
|
|upkeep
|
|t:|1779816420
|switch|p2a: Volcanion|Volcanion|100/100
|turn|26
|
|t:|1779816424
|move|p1a: Ogerpon|Low Kick|p2a: Volcanion
|-damage|p2a: Volcanion|63/100
|move|p2a: Volcanion|Flamethrower|p1a: Ogerpon
|-supereffective|p1a: Ogerpon
|-damage|p1a: Ogerpon|0 fnt
|faint|p1a: Ogerpon
|
|win|amiruae
|raw|lotoden bk's rating: 1505 &rarr; <strong>1482</strong><br />(-23 for losing)
|raw|amiruae's rating: 1461 &rarr; <strong>1484</strong><br />(+23 for winning)
|l|☆lotoden bk
|player|p1|
|l|☆amiruae
|player|p2|
