|j|☆sicns
|j|☆itxpapon
|t:|1779869380
|gametype|singles
|player|p1|sicns|cynthia-gen4|1136
|player|p2|itxpapon|101|1094
|gen|9
|tier|[Gen 9] OU
|rated|
|rule|HP Percentage Mod: HP is shown in percentages
|rule|Endless Battle Clause: Forcing endless battles is banned
|rule|Species Clause: Limit one of each Pokémon
|rule|OHKO Clause: OHKO moves are banned
|rule|Evasion Items Clause: Evasion items are banned
|rule|Evasion Moves Clause: Evasion moves are banned
|rule|Evasion Abilities Clause: Evasion abilities are banned
|rule|Sleep Moves Clause: Sleep-inducing moves are banned
|clearpoke
|poke|p1|Primarina, M|
|poke|p1|Alomomola, M|
|poke|p1|Clefable, M|
|poke|p1|Gliscor, F|
|poke|p1|Corviknight, M|
|poke|p1|Pecharunt|
|poke|p2|Abomasnow, M|
|poke|p2|Amoonguss, M|
|poke|p2|Bastiodon, F|
|poke|p2|Zarude|
|poke|p2|Oricorio-Pom-Pom, M|
|poke|p2|Virizion|
|teampreview
|inactive|Battle timer is ON: inactive players will automatically lose when time's up. (requested by itxpapon)
|
|t:|1779869401
|teamsize|p1|6
|teamsize|p2|6
|start
|switch|p1a: Gliscor|Gliscor, F|100/100
|switch|p2a: Abomasnow|Abomasnow, M|100/100
|-weather|Snowscape|[from] ability: Snow Warning|[of] p2a: Abomasnow
|turn|1
|
|t:|1779869409
|move|p1a: Gliscor|Protect|p1a: Gliscor
|-singleturn|p1a: Gliscor|Protect
|move|p2a: Abomasnow|Aurora Veil|p2a: Abomasnow
|-sidestart|p2: itxpapon|move: Aurora Veil
|
|-weather|Snowscape|[upkeep]
|-status|p1a: Gliscor|tox|[from] item: Toxic Orb
|upkeep
|turn|2
|
|t:|1779869420
|switch|p1a: Pecharunt|Pecharunt|100/100
|move|p2a: Abomasnow|Weather Ball|p1a: Pecharunt
|-damage|p1a: Pecharunt|58/100
|
|-weather|Snowscape|[upkeep]
|upkeep
|turn|3
|
|t:|1779869428
|switch|p2a: Bastiodon|Bastiodon, F|100/100
|move|p1a: Pecharunt|Malignant Chain|p2a: Bastiodon
|-immune|p2a: Bastiodon
|
|-weather|Snowscape|[upkeep]
|upkeep
|turn|4
|
|t:|1779869444
|switch|p1a: Alomomola|Alomomola, M|100/100
|move|p2a: Bastiodon|Iron Head|p1a: Alomomola
|-resisted|p1a: Alomomola
|-damage|p1a: Alomomola|94/100
|
|-weather|Snowscape|[upkeep]
|upkeep
|turn|5
|
|t:|1779869456
|switch|p2a: Oricorio|Oricorio-Pom-Pom, M|100/100
|move|p1a: Alomomola|Wish|p1a: Alomomola
|
|-weather|none
|-sideend|p2: itxpapon|move: Aurora Veil
|upkeep
|turn|6
|
|t:|1779869469
|switch|p1a: Clefable|Clefable, M|100/100
|move|p2a: Oricorio|Quiver Dance|p2a: Oricorio
|-boost|p2a: Oricorio|spa|1
|-boost|p2a: Oricorio|spd|1
|-boost|p2a: Oricorio|spe|1
|
|upkeep
|turn|7
|
|t:|1779869481
|switch|p2a: Bastiodon|Bastiodon, F|100/100
|move|p1a: Clefable|Calm Mind|p1a: Clefable
|-boost|p1a: Clefable|spa|1
|-boost|p1a: Clefable|spd|1
|
|upkeep
|turn|8
|
|t:|1779869496
|switch|p1a: Corviknight|Corviknight, M|100/100
|-ability|p1a: Corviknight|Pressure
|move|p2a: Bastiodon|Iron Head|p1a: Corviknight
|-resisted|p1a: Corviknight
|-damage|p1a: Corviknight|93/100
|
|upkeep
|turn|9
|
|t:|1779869510
|move|p1a: Corviknight|Body Press|p2a: Bastiodon
|-supereffective|p2a: Bastiodon
|-damage|p2a: Bastiodon|34/100
|move|p2a: Bastiodon|Avalanche|p1a: Corviknight
|-damage|p1a: Corviknight|77/100
|
|upkeep
|turn|10
|
|t:|1779869521
|switch|p2a: Amoonguss|Amoonguss, M|100/100
|move|p1a: Corviknight|U-turn|p2a: Amoonguss
|-damage|p2a: Amoonguss|86/100
|
|t:|1779869531
|switch|p1a: Clefable|Clefable, M|100/100|[from] U-turn
|
|-heal|p2a: Amoonguss|92/100|[from] item: Black Sludge
|upkeep
|turn|11
|
|t:|1779869538
|move|p1a: Clefable|Flamethrower|p2a: Amoonguss
|-supereffective|p2a: Amoonguss
|-damage|p2a: Amoonguss|57/100
|move|p2a: Amoonguss|Toxic|p1a: Clefable
|-status|p1a: Clefable|tox
|
|-heal|p2a: Amoonguss|63/100|[from] item: Black Sludge
|upkeep
|turn|12
|
|t:|1779869549
|move|p1a: Clefable|Calm Mind|p1a: Clefable
|-boost|p1a: Clefable|spa|1
|-boost|p1a: Clefable|spd|1
|move|p2a: Amoonguss|Sludge Bomb|p1a: Clefable
|-supereffective|p1a: Clefable
|-damage|p1a: Clefable|64/100 tox
|
|-heal|p2a: Amoonguss|69/100|[from] item: Black Sludge
|upkeep
|turn|13
|
|t:|1779869559
|move|p1a: Clefable|Calm Mind|p1a: Clefable
|-boost|p1a: Clefable|spa|1
|-boost|p1a: Clefable|spd|1
|move|p2a: Amoonguss|Clear Smog|p1a: Clefable
|-supereffective|p1a: Clefable
|-damage|p1a: Clefable|50/100 tox
|-clearboost|p1a: Clefable
|
|-heal|p2a: Amoonguss|75/100|[from] item: Black Sludge
|upkeep
|turn|14
|
|t:|1779869570
|move|p1a: Clefable|Moonlight|p1a: Clefable
|-heal|p1a: Clefable|99/100 tox
|move|p2a: Amoonguss|Sludge Bomb|p1a: Clefable
|-supereffective|p1a: Clefable
|-damage|p1a: Clefable|49/100 tox
|
|-heal|p2a: Amoonguss|81/100|[from] item: Black Sludge
|upkeep
|turn|15
|
|t:|1779869582
|switch|p2a: Oricorio|Oricorio-Pom-Pom, M|100/100
|move|p1a: Clefable|Calm Mind|p1a: Clefable
|-boost|p1a: Clefable|spa|1
|-boost|p1a: Clefable|spd|1
|
|upkeep
|turn|16
|
|t:|1779869589
|move|p2a: Oricorio|Quiver Dance|p2a: Oricorio
|-boost|p2a: Oricorio|spa|1
|-boost|p2a: Oricorio|spd|1
|-boost|p2a: Oricorio|spe|1
|move|p1a: Clefable|Moonblast|p2a: Oricorio
|-damage|p2a: Oricorio|38/100
|
|upkeep
|turn|17
|
|t:|1779869597
|move|p2a: Oricorio|Hurricane|p1a: Clefable
|-damage|p1a: Clefable|0 fnt
|faint|p1a: Clefable
|
|upkeep
|
|t:|1779869603
|switch|p1a: Primarina|Primarina, M|100/100
|turn|18
|
|t:|1779869610
|move|p2a: Oricorio|Revelation Dance|p1a: Primarina
|-supereffective|p1a: Primarina
|-damage|p1a: Primarina|23/100
|move|p1a: Primarina|Psychic Noise|p2a: Oricorio
|-damage|p2a: Oricorio|5/100
|-start|p2a: Oricorio|move: Heal Block
|
|-heal|p1a: Primarina|29/100|[from] item: Leftovers
|upkeep
|turn|19
|
|t:|1779869622
|switch|p1a: Gliscor|Gliscor, F|100/100 tox
|move|p2a: Oricorio|Revelation Dance|p1a: Gliscor
|-immune|p1a: Gliscor
|
|-end|p2a: Oricorio|move: Heal Block
|upkeep
|turn|20
|
|t:|1779869635
|move|p2a: Oricorio|Hurricane|p1a: Gliscor
|-damage|p1a: Gliscor|28/100 tox
|move|p1a: Gliscor|Stealth Rock|p2a: Oricorio
|-sidestart|p2: itxpapon|move: Stealth Rock
|
|-heal|p1a: Gliscor|41/100 tox|[from] ability: Poison Heal
|upkeep
|turn|21
|c|☆itxpapon|:v
|
|t:|1779869651
|move|p1a: Gliscor|Protect|p1a: Gliscor
|-singleturn|p1a: Gliscor|Protect
|move|p2a: Oricorio|Hurricane|p1a: Gliscor
|-activate|p1a: Gliscor|move: Protect
|
|-heal|p1a: Gliscor|53/100 tox|[from] ability: Poison Heal
|upkeep
|turn|22
|
|t:|1779869661
|move|p2a: Oricorio|Hurricane|p1a: Gliscor
|-damage|p1a: Gliscor|0 fnt
|faint|p1a: Gliscor
|
|upkeep
|
|t:|1779869669
|switch|p1a: Alomomola|Alomomola, M|100/100
|turn|23
|
|t:|1779869683
|move|p2a: Oricorio|Revelation Dance|p1a: Alomomola
|-supereffective|p1a: Alomomola
|-damage|p1a: Alomomola|0 fnt
|faint|p1a: Alomomola
|
|upkeep
|-message|sicns forfeited.
|
|win|itxpapon
|raw|sicns's rating: 1136 &rarr; <strong>1108</strong><br />(-28 for losing)
|raw|itxpapon's rating: 1094 &rarr; <strong>1123</strong><br />(+29 for winning)
|l|☆sicns
|player|p1|
|l|☆itxpapon
|player|p2|
