|j|☆amiruae
|j|☆YeatLover267
|t:|1779910531
|gametype|singles
|player|p1|amiruae|acetrainercouple|1440
|player|p2|YeatLover267|backersf|1463
|gen|9
|tier|[Gen 9] OU
|rated|
|rule|HP Percentage Mod: HP is shown in percentages
|rule|Endless Battle Clause: Forcing endless battles is banned
|rule|Species Clause: Limit one of each Pokémon
|rule|OHKO Clause: OHKO moves are banned
|rule|Evasion Items Clause: Evasion items are banned
|rule|Evasion Moves Clause: Evasion moves are banned
|rule|Evasion Abilities Clause: Evasion abilities are banned
|rule|Sleep Moves Clause: Sleep-inducing moves are banned
|clearpoke
|poke|p1|Samurott-Hisui, M|
|poke|p1|Zamazenta-*|
|poke|p1|Greninja-*, M|
|poke|p1|Salamence, M|
|poke|p1|Porygon-Z|
|poke|p1|Volcanion|
|poke|p2|Zangoose, F|
|poke|p2|Cinderace, F|
|poke|p2|Glimmora, M|
|poke|p2|Kingambit, M|
|poke|p2|Polteageist-Antique|
|poke|p2|Great Tusk|
|teampreview
|inactive|Battle timer is ON: inactive players will automatically lose when time's up. (requested by YeatLover267)
|
|t:|1779910540
|teamsize|p1|6
|teamsize|p2|6
|start
|switch|p1a: Greninja|Greninja, M|100/100
|switch|p2a: Cinderace|Cinderace, F|100/100
|turn|1
|
|t:|1779910545
|move|p1a: Greninja|Surf|p2a: Cinderace
|-start|p1a: Greninja|typechange|Water|[from] ability: Protean
|-supereffective|p2a: Cinderace
|-damage|p2a: Cinderace|0 fnt
|faint|p2a: Cinderace
|
|upkeep
|
|t:|1779910548
|switch|p2a: Polteageist|Polteageist-Antique|100/100
|turn|2
|
|t:|1779910552
|move|p1a: Greninja|Surf|p2a: Polteageist
|-damage|p2a: Polteageist|34/100
|move|p2a: Polteageist|Shell Smash|p2a: Polteageist
|-unboost|p2a: Polteageist|def|1
|-unboost|p2a: Polteageist|spd|1
|-boost|p2a: Polteageist|atk|2
|-boost|p2a: Polteageist|spa|2
|-boost|p2a: Polteageist|spe|2
|
|upkeep
|turn|3
|
|t:|1779910557
|switch|p1a: Samurott|Samurott-Hisui, M|100/100
|move|p2a: Polteageist|Substitute|p2a: Polteageist
|-start|p2a: Polteageist|Substitute
|-damage|p2a: Polteageist|9/100
|
|upkeep
|turn|4
|
|t:|1779910565
|move|p1a: Samurott|Sucker Punch||[still]
|-fail|p1a: Samurott
|move|p2a: Polteageist|Shell Smash|p2a: Polteageist
|-unboost|p2a: Polteageist|def|1
|-unboost|p2a: Polteageist|spd|1
|-boost|p2a: Polteageist|atk|2
|-boost|p2a: Polteageist|spa|2
|-boost|p2a: Polteageist|spe|2
|
|upkeep
|turn|5
|
|t:|1779910569
|move|p1a: Samurott|Sucker Punch|p2a: Polteageist
|-supereffective|p2a: Polteageist
|-end|p2a: Polteageist|Substitute
|move|p2a: Polteageist|Shadow Ball|p1a: Samurott
|-resisted|p1a: Samurott
|-damage|p1a: Samurott|38/100
|-unboost|p1a: Samurott|spd|1
|
|upkeep
|turn|6
|
|t:|1779910574
|switch|p2a: Glimmora|Glimmora, M|100/100
|move|p1a: Samurott|Sucker Punch||[still]
|-fail|p1a: Samurott
|
|upkeep
|turn|7
|
|t:|1779910579
|switch|p1a: Greninja|Greninja, M|100/100
|move|p2a: Glimmora|Stealth Rock|p1a: Greninja
|-sidestart|p1: amiruae|move: Stealth Rock
|
|upkeep
|turn|8
|
|t:|1779910583
|switch|p2a: Polteageist|Polteageist-Antique|9/100
|move|p1a: Greninja|Surf|p2a: Polteageist
|-start|p1a: Greninja|typechange|Water|[from] ability: Protean
|-damage|p2a: Polteageist|0 fnt
|faint|p2a: Polteageist
|
|upkeep
|
|t:|1779910585
|switch|p2a: Zangoose|Zangoose, F|100/100
|turn|9
|
|t:|1779910590
|-terastallize|p2a: Zangoose|Normal
|move|p2a: Zangoose|Facade|p1a: Greninja
|-damage|p1a: Greninja|24/100
|move|p1a: Greninja|Surf|p2a: Zangoose
|-damage|p2a: Zangoose|0 fnt
|faint|p2a: Zangoose
|
|upkeep
|
|t:|1779910592
|switch|p2a: Kingambit|Kingambit, M|100/100
|-activate|p2a: Kingambit|ability: Supreme Overlord
|-start|p2a: Kingambit|fallen3|[silent]
|turn|10
|
|t:|1779910600
|switch|p1a: Zamazenta|Zamazenta|100/100
|-damage|p1a: Zamazenta|94/100|[from] Stealth Rock
|-ability|p1a: Zamazenta|Dauntless Shield|boost
|-boost|p1a: Zamazenta|def|1
|move|p2a: Kingambit|Iron Head|p1a: Zamazenta
|-damage|p1a: Zamazenta|63/100
|
|-heal|p1a: Zamazenta|69/100|[from] item: Leftovers
|upkeep
|turn|11
|
|t:|1779910612
|-end|p2a: Kingambit|fallen3|[silent]
|switch|p2a: Glimmora|Glimmora, M|100/100
|move|p1a: Zamazenta|Iron Defense|p1a: Zamazenta
|-boost|p1a: Zamazenta|def|2
|
|-heal|p1a: Zamazenta|75/100|[from] item: Leftovers
|upkeep
|turn|12
|
|t:|1779910615
|move|p1a: Zamazenta|Body Press|p2a: Glimmora
|-damage|p2a: Glimmora|0 fnt
|-activate|p2a: Glimmora|ability: Toxic Debris
|-sidestart|p1: amiruae|move: Toxic Spikes
|faint|p2a: Glimmora
|
|-heal|p1a: Zamazenta|81/100|[from] item: Leftovers
|upkeep
|-message|YeatLover267 forfeited.
|
|win|amiruae
|raw|amiruae's rating: 1440 &rarr; <strong>1461</strong><br />(+21 for winning)
|raw|YeatLover267's rating: 1463 &rarr; <strong>1442</strong><br />(-21 for losing)
|l|☆YeatLover267
|player|p2|
|l|☆amiruae
|player|p1|
