|j|‽CP28028
|j|☆wait im faded
|t:|1779936992
|gametype|singles
|player|p1|CP28028|swimmerf-gen4dp|1439
|player|p2|wait im faded|elesa|1569
|gen|9
|tier|[Gen 9] OU
|rated|
|rule|HP Percentage Mod: HP is shown in percentages
|rule|Endless Battle Clause: Forcing endless battles is banned
|rule|Species Clause: Limit one of each Pokémon
|rule|OHKO Clause: OHKO moves are banned
|rule|Evasion Items Clause: Evasion items are banned
|rule|Evasion Moves Clause: Evasion moves are banned
|rule|Evasion Abilities Clause: Evasion abilities are banned
|rule|Sleep Moves Clause: Sleep-inducing moves are banned
|clearpoke
|poke|p1|Great Tusk|
|poke|p1|Kingambit, M|
|poke|p1|Dragapult, F|
|poke|p1|Ogerpon-Wellspring, F|
|poke|p1|Sableye, F|
|poke|p1|Garchomp, F|
|poke|p2|Walking Wake|
|poke|p2|Raging Bolt|
|poke|p2|Cinderace, M|
|poke|p2|Great Tusk|
|poke|p2|Hatterene, F|
|poke|p2|Ninetales, F|
|teampreview
|inactive|Battle timer is ON: inactive players will automatically lose when time's up. (requested by CP28028)
|inactive|CP28028 has 120 seconds left.
|
|t:|1779937025
|teamsize|p1|6
|teamsize|p2|6
|start
|switch|p1a: Garchomp|Garchomp, F|100/100
|switch|p2a: Hatterene|Hatterene, F|100/100
|turn|1
|
|t:|1779937035
|move|p1a: Garchomp|Swords Dance|p1a: Garchomp
|-boost|p1a: Garchomp|atk|2
|move|p2a: Hatterene|Draining Kiss|p1a: Garchomp
|-supereffective|p1a: Garchomp
|-damage|p1a: Garchomp|51/100
|-damage|p2a: Hatterene|88/100|[from] ability: Rough Skin|[of] p1a: Garchomp
|
|upkeep
|turn|2
|
|t:|1779937044
|move|p1a: Garchomp|Poison Jab|p2a: Hatterene
|-supereffective|p2a: Hatterene
|-damage|p2a: Hatterene|0 fnt
|faint|p2a: Hatterene
|
|upkeep
|
|t:|1779937054
|switch|p2a: Walking Wake|Walking Wake|100/100
|turn|3
|
|t:|1779937065
|switch|p1a: Kingambit|Kingambit, M|100/100
|move|p2a: Walking Wake|Draco Meteor|p1a: Kingambit
|-resisted|p1a: Kingambit
|-damage|p1a: Kingambit|56/100
|-unboost|p2a: Walking Wake|spa|2
|
|upkeep
|turn|4
|
|t:|1779937081
|-end|p2a: Walking Wake|Protosynthesis|[silent]
|switch|p2a: Ninetales|Ninetales, F, shiny|100/100
|-weather|SunnyDay|[from] ability: Drought|[of] p2a: Ninetales
|-end|p1a: Kingambit|fallenundefined|[silent]
|switch|p1a: Ogerpon|Ogerpon-Wellspring, F|100/100
|
|-weather|SunnyDay|[upkeep]
|upkeep
|turn|5
|
|t:|1779937090
|-terastallize|p1a: Ogerpon|Water
|detailschange|p1a: Ogerpon|Ogerpon-Wellspring-Tera, F, tera:Water
|-ability|p1a: Ogerpon|Embody Aspect (Wellspring)|boost
|-boost|p1a: Ogerpon|spd|1
|move|p2a: Ninetales|Will-O-Wisp|p1a: Ogerpon
|-status|p1a: Ogerpon|brn
|move|p1a: Ogerpon|Swords Dance|p1a: Ogerpon
|-boost|p1a: Ogerpon|atk|2
|
|-weather|SunnyDay|[upkeep]
|-damage|p1a: Ogerpon|95/100 brn|[from] brn
|upkeep
|turn|6
|
|t:|1779937099
|move|p2a: Ninetales|Encore|p1a: Ogerpon
|-start|p1a: Ogerpon|Encore
|move|p1a: Ogerpon|Swords Dance|p1a: Ogerpon
|-boost|p1a: Ogerpon|atk|2
|
|-weather|SunnyDay|[upkeep]
|-damage|p1a: Ogerpon|89/100 brn|[from] brn
|upkeep
|turn|7
|inactive|wait im faded has 120 seconds left.
|
|t:|1779937130
|switch|p2a: Walking Wake|Walking Wake|100/100
|-activate|p2a: Walking Wake|ability: Protosynthesis
|-start|p2a: Walking Wake|protosynthesisspe
|switch|p1a: Sableye|Sableye, F|100/100
|
|-weather|SunnyDay|[upkeep]
|upkeep
|turn|8
|inactive|wait im faded has 120 seconds left.
|
|t:|1779937141
|-end|p2a: Walking Wake|Protosynthesis|[silent]
|switch|p2a: Great Tusk|Great Tusk|100/100
|-activate|p2a: Great Tusk|ability: Protosynthesis
|-start|p2a: Great Tusk|protosynthesisspe
|move|p1a: Sableye|Light Screen|p1a: Sableye
|-sidestart|p1: CP28028|move: Light Screen
|
|-weather|SunnyDay|[upkeep]
|upkeep
|turn|9
|
|t:|1779937148
|move|p1a: Sableye|Will-O-Wisp|p2a: Great Tusk
|-status|p2a: Great Tusk|brn
|move|p2a: Great Tusk|Stealth Rock|p1a: Sableye
|-sidestart|p1: CP28028|move: Stealth Rock
|
|-weather|SunnyDay|[upkeep]
|-damage|p2a: Great Tusk|94/100 brn|[from] brn
|upkeep
|turn|10
|
|t:|1779937161
|move|p1a: Sableye|Encore|p2a: Great Tusk
|-start|p2a: Great Tusk|Encore
|move|p2a: Great Tusk|Stealth Rock||[still]
|-fail|p2a: Great Tusk
|
|-weather|SunnyDay|[upkeep]
|-damage|p2a: Great Tusk|88/100 brn|[from] brn
|upkeep
|turn|11
|
|t:|1779937169
|-end|p2a: Great Tusk|Protosynthesis|[silent]
|switch|p2a: Cinderace|Cinderace, M|100/100
|switch|p1a: Garchomp|Garchomp, F|51/100
|-damage|p1a: Garchomp|45/100|[from] Stealth Rock
|
|-weather|none
|upkeep
|turn|12
|
|t:|1779937177
|switch|p2a: Great Tusk|Great Tusk|88/100 brn
|move|p1a: Garchomp|Scale Shot|p2a: Great Tusk
|-damage|p2a: Great Tusk|79/100 brn
|-damage|p2a: Great Tusk|71/100 brn
|-damage|p2a: Great Tusk|63/100 brn
|-damage|p2a: Great Tusk|55/100 brn
|-hitcount|p2a: Great Tusk|4
|-unboost|p1a: Garchomp|def|1
|-boost|p1a: Garchomp|spe|1
|
|-damage|p2a: Great Tusk|49/100 brn|[from] brn
|upkeep
|turn|13
|
|t:|1779937199
|move|p1a: Garchomp|Swords Dance|p1a: Garchomp
|-boost|p1a: Garchomp|atk|2
|move|p2a: Great Tusk|Ice Spinner|p1a: Garchomp
|-supereffective|p1a: Garchomp
|-damage|p1a: Garchomp|0 fnt
|-damage|p2a: Great Tusk|37/100 brn|[from] ability: Rough Skin|[of] p1a: Garchomp
|faint|p1a: Garchomp
|
|-damage|p2a: Great Tusk|30/100 brn|[from] brn
|upkeep
|
|t:|1779937205
|switch|p1a: Ogerpon|Ogerpon-Wellspring-Tera, F, tera:Water|89/100 brn
|-damage|p1a: Ogerpon|76/100 brn|[from] Stealth Rock
|-ability|p1a: Ogerpon|Embody Aspect (Wellspring)|boost
|-boost|p1a: Ogerpon|spd|1
|turn|14
|
|t:|1779937222
|-end|p2a: Great Tusk|Protosynthesis|[silent]
|switch|p2a: Ninetales|Ninetales, F, shiny|100/100
|-weather|SunnyDay|[from] ability: Drought|[of] p2a: Ninetales
|move|p1a: Ogerpon|Trailblaze|p2a: Ninetales
|-resisted|p2a: Ninetales
|-damage|p2a: Ninetales|91/100
|-boost|p1a: Ogerpon|spe|1
|
|-weather|SunnyDay|[upkeep]
|-damage|p1a: Ogerpon|70/100 brn|[from] brn
|upkeep
|turn|15
|
|t:|1779937237
|switch|p2a: Walking Wake|Walking Wake|100/100
|-activate|p2a: Walking Wake|ability: Protosynthesis
|-start|p2a: Walking Wake|protosynthesisspe
|move|p1a: Ogerpon|Ivy Cudgel|p2a: Walking Wake|[anim] Ivy Cudgel Water
|-resisted|p2a: Walking Wake
|-damage|p2a: Walking Wake|94/100
|
|-weather|SunnyDay|[upkeep]
|-damage|p1a: Ogerpon|64/100 brn|[from] brn
|-sideend|p1: CP28028|move: Light Screen
|upkeep
|turn|16
|
|t:|1779937244
|move|p2a: Walking Wake|Draco Meteor|p1a: Ogerpon
|-damage|p1a: Ogerpon|0 fnt
|-unboost|p2a: Walking Wake|spa|2
|faint|p1a: Ogerpon
|detailschange|p1: Ogerpon|Ogerpon-Wellspring, F|[silent]
|
|-weather|SunnyDay|[upkeep]
|upkeep
|-message|CP28028 forfeited.
|
|win|wait im faded
|raw|CP28028's rating: 1439 &rarr; <strong>1426</strong><br />(-13 for losing)
|raw|wait im faded's rating: 1569 &rarr; <strong>1582</strong><br />(+13 for winning)
|l|‽CP28028
|player|p1|
|l|☆wait im faded
|player|p2|
