|j|☆F3RSTUDIO
|j|☆fractal_face
|t:|1779867102
|gametype|singles
|player|p1|F3RSTUDIO|brendan-gen3|1114
|player|p2|fractal_face|ghetsis-gen5bw|1129
|gen|9
|tier|[Gen 9] OU
|rated|
|rule|HP Percentage Mod: HP is shown in percentages
|rule|Endless Battle Clause: Forcing endless battles is banned
|rule|Species Clause: Limit one of each Pokémon
|rule|OHKO Clause: OHKO moves are banned
|rule|Evasion Items Clause: Evasion items are banned
|rule|Evasion Moves Clause: Evasion moves are banned
|rule|Evasion Abilities Clause: Evasion abilities are banned
|rule|Sleep Moves Clause: Sleep-inducing moves are banned
|clearpoke
|poke|p1|Ninetales-Alola, F|
|poke|p1|Incineroar, F|
|poke|p1|Kingdra, M|
|poke|p1|Scizor, M|
|poke|p1|Ursaluna, M|
|poke|p1|Primeape, M|
|poke|p2|Enamorus, F|
|poke|p2|Regieleki|
|poke|p2|Toxapex, M|
|poke|p2|Smeargle, F|
|poke|p2|Grimmsnarl, M|
|poke|p2|Corviknight, F|
|teampreview
|inactive|Battle timer is ON: inactive players will automatically lose when time's up. (requested by fractal_face)
|
|t:|1779867111
|teamsize|p1|6
|teamsize|p2|6
|start
|switch|p1a: fiuuuuuum|Scizor, M|100/100
|switch|p2a: Smeargle|Smeargle, F, shiny|100/100
|turn|1
|
|t:|1779867122
|move|p1a: fiuuuuuum|Bullet Punch|p2a: Smeargle
|-damage|p2a: Smeargle|0 fnt
|faint|p2a: Smeargle
|
|upkeep
|
|t:|1779867136
|switch|p2a: Toxapex|Toxapex, M, shiny|100/100
|turn|2
|
|t:|1779867139
|move|p1a: fiuuuuuum|U-turn|p2a: Toxapex
|-resisted|p2a: Toxapex
|-damage|p2a: Toxapex|87/100
|
|t:|1779867142
|switch|p1a: my Shyla|Ninetales-Alola, F|100/100|[from] U-turn
|-weather|Snowscape|[from] ability: Snow Warning|[of] p1a: my Shyla
|move|p2a: Toxapex|Toxic Spikes|p1a: my Shyla
|-sidestart|p1: F3RSTUDIO|move: Toxic Spikes
|
|-weather|Snowscape|[upkeep]
|-heal|p2a: Toxapex|93/100|[from] item: Black Sludge
|upkeep
|turn|3
|
|t:|1779867149
|move|p1a: my Shyla|Aurora Veil|p1a: my Shyla
|-sidestart|p1: F3RSTUDIO|move: Aurora Veil
|move|p2a: Toxapex|Gunk Shot|p1a: my Shyla
|-supereffective|p1a: my Shyla
|-damage|p1a: my Shyla|74/100
|
|-weather|Snowscape|[upkeep]
|-heal|p2a: Toxapex|99/100|[from] item: Black Sludge
|upkeep
|turn|4
|
|t:|1779867152
|move|p1a: my Shyla|Freeze-Dry|p2a: Toxapex
|-supereffective|p2a: Toxapex
|-damage|p2a: Toxapex|60/100
|move|p2a: Toxapex|Toxic Spikes|p1a: my Shyla
|-sidestart|p1: F3RSTUDIO|move: Toxic Spikes
|
|-weather|Snowscape|[upkeep]
|-heal|p2a: Toxapex|66/100|[from] item: Black Sludge
|upkeep
|turn|5
|
|t:|1779867158
|move|p1a: my Shyla|Freeze-Dry|p2a: Toxapex
|-supereffective|p2a: Toxapex
|-damage|p2a: Toxapex|24/100
|-status|p2a: Toxapex|frz
|cant|p2a: Toxapex|frz
|
|-weather|Snowscape|[upkeep]
|-heal|p2a: Toxapex|30/100 frz|[from] item: Black Sludge
|upkeep
|turn|6
|
|t:|1779867170
|switch|p1a: fiuuuuuum|Scizor, M|100/100
|switch|p2a: Corviknight|Corviknight, F, shiny|100/100
|
|-weather|none
|upkeep
|turn|7
|
|t:|1779867174
|move|p2a: Corviknight|Tailwind|p2a: Corviknight
|-sidestart|p2: fractal_face|move: Tailwind
|move|p1a: fiuuuuuum|Defog|p2a: Corviknight
|-ability|p2a: Corviknight|Mirror Armor
|-unboost|p1a: fiuuuuuum|evasion|1
|-sideend|p1: F3RSTUDIO|Toxic Spikes|[from] move: Defog|[of] p1a: fiuuuuuum
|
|upkeep
|turn|8
|
|t:|1779867191
|move|p2a: Corviknight|Defog|p1a: fiuuuuuum
|-unboost|p1a: fiuuuuuum|evasion|1
|-sideend|p1: F3RSTUDIO|move: Aurora Veil
|move|p1a: fiuuuuuum|U-turn|p2a: Corviknight
|-resisted|p2a: Corviknight
|-damage|p2a: Corviknight|93/100
|
|t:|1779867195
|switch|p1a: Hiroshima|Kingdra, M, shiny|100/100|[from] U-turn
|
|-heal|p2a: Corviknight|99/100|[from] item: Leftovers
|upkeep
|turn|9
|
|t:|1779867207
|move|p2a: Corviknight|Iron Defense|p2a: Corviknight
|-boost|p2a: Corviknight|def|2
|move|p1a: Hiroshima|Agility|p1a: Hiroshima
|-boost|p1a: Hiroshima|spe|2
|
|-heal|p2a: Corviknight|100/100|[from] item: Leftovers
|upkeep
|turn|10
|
|t:|1779867212
|move|p1a: Hiroshima|Focus Energy|p1a: Hiroshima
|-start|p1a: Hiroshima|move: Focus Energy
|move|p2a: Corviknight|Body Press|p1a: Hiroshima
|-damage|p1a: Hiroshima|53/100
|
|-sideend|p2: fractal_face|move: Tailwind
|upkeep
|turn|11
|
|t:|1779867223
|move|p1a: Hiroshima|Surf|p2a: Corviknight
|-crit|p2a: Corviknight
|-damage|p2a: Corviknight|34/100
|move|p2a: Corviknight|Body Press|p1a: Hiroshima
|-damage|p1a: Hiroshima|4/100
|
|-heal|p2a: Corviknight|40/100|[from] item: Leftovers
|upkeep
|turn|12
|
|t:|1779867234
|switch|p2a: Toxapex|Toxapex, M, shiny|63/100 frz
|move|p1a: Hiroshima|Surf|p2a: Toxapex
|-resisted|p2a: Toxapex
|-crit|p2a: Toxapex
|-damage|p2a: Toxapex|26/100 frz
|
|-heal|p2a: Toxapex|32/100 frz|[from] item: Black Sludge
|upkeep
|turn|13
|
|t:|1779867241
|cant|p2a: Toxapex|frz
|move|p1a: Hiroshima|Surf|p2a: Toxapex
|-resisted|p2a: Toxapex
|-crit|p2a: Toxapex
|-damage|p2a: Toxapex|0 fnt
|faint|p2a: Toxapex
|
|upkeep
|
|t:|1779867253
|switch|p2a: Regieleki|Regieleki, shiny|100/100
|-item|p2a: Regieleki|Air Balloon
|turn|14
|
|t:|1779867260
|move|p2a: Regieleki|Volt Switch|p1a: Hiroshima
|-damage|p1a: Hiroshima|0 fnt
|faint|p1a: Hiroshima
|
|t:|1779867266
|switch|p2a: Enamorus|Enamorus, F, shiny|100/100|[from] Volt Switch
|
|upkeep
|
|t:|1779867270
|switch|p1a: fiuuuuuum|Scizor, M|100/100
|turn|15
|
|t:|1779867278
|-terastallize|p2a: Enamorus|Fighting
|move|p1a: fiuuuuuum|Bullet Punch|p2a: Enamorus
|-damage|p2a: Enamorus|30/100
|move|p2a: Enamorus|Superpower|p1a: fiuuuuuum
|-damage|p1a: fiuuuuuum|41/100
|-boost|p2a: Enamorus|atk|1
|-boost|p2a: Enamorus|def|1
|
|upkeep
|turn|16
|
|t:|1779867304
|switch|p2a: Corviknight|Corviknight, F, shiny|40/100
|move|p1a: fiuuuuuum|Bullet Punch|p2a: Corviknight
|-resisted|p2a: Corviknight
|-damage|p2a: Corviknight|23/100
|
|-heal|p2a: Corviknight|29/100|[from] item: Leftovers
|upkeep
|turn|17
|
|t:|1779867312
|move|p2a: Corviknight|Tailwind|p2a: Corviknight
|-sidestart|p2: fractal_face|move: Tailwind
|move|p1a: fiuuuuuum|U-turn|p2a: Corviknight
|-resisted|p2a: Corviknight
|-damage|p2a: Corviknight|21/100
|
|t:|1779867319
|switch|p1a: Primeape|Primeape, M|100/100|[from] U-turn
|
|-heal|p2a: Corviknight|27/100|[from] item: Leftovers
|upkeep
|turn|18
|
|t:|1779867330
|move|p2a: Corviknight|Body Press|p1a: Primeape
|-damage|p1a: Primeape|81/100
|move|p1a: Primeape|Bulk Up|p1a: Primeape
|-boost|p1a: Primeape|atk|1
|-boost|p1a: Primeape|def|1
|
|-heal|p2a: Corviknight|33/100|[from] item: Leftovers
|upkeep
|turn|19
|
|t:|1779867338
|switch|p2a: Grimmsnarl|Grimmsnarl, M, shiny|100/100
|move|p1a: Primeape|Substitute|p1a: Primeape
|-start|p1a: Primeape|Substitute
|-damage|p1a: Primeape|56/100
|
|upkeep
|turn|20
|
|t:|1779867343
|move|p2a: Grimmsnarl|Bulk Up|p2a: Grimmsnarl
|-boost|p2a: Grimmsnarl|atk|1
|-boost|p2a: Grimmsnarl|def|1
|move|p1a: Primeape|Bulk Up|p1a: Primeape
|-boost|p1a: Primeape|atk|1
|-boost|p1a: Primeape|def|1
|
|-sideend|p2: fractal_face|move: Tailwind
|upkeep
|turn|21
|
|t:|1779867348
|move|p2a: Grimmsnarl|Bulk Up|p2a: Grimmsnarl
|-boost|p2a: Grimmsnarl|atk|1
|-boost|p2a: Grimmsnarl|def|1
|move|p1a: Primeape|Drain Punch|p2a: Grimmsnarl
|-damage|p2a: Grimmsnarl|67/100
|-heal|p1a: Primeape|77/100|[from] drain|[of] p2a: Grimmsnarl
|
|upkeep
|turn|22
|
|t:|1779867354
|move|p2a: Grimmsnarl|Bulk Up|p2a: Grimmsnarl
|-boost|p2a: Grimmsnarl|atk|1
|-boost|p2a: Grimmsnarl|def|1
|move|p1a: Primeape|Drain Punch|p2a: Grimmsnarl
|-damage|p2a: Grimmsnarl|41/100
|-heal|p1a: Primeape|92/100|[from] drain|[of] p2a: Grimmsnarl
|
|upkeep
|turn|23
|
|t:|1779867359
|move|p2a: Grimmsnarl|Bulk Up|p2a: Grimmsnarl
|-boost|p2a: Grimmsnarl|atk|1
|-boost|p2a: Grimmsnarl|def|1
|move|p1a: Primeape|Bulk Up|p1a: Primeape
|-boost|p1a: Primeape|atk|1
|-boost|p1a: Primeape|def|1
|
|upkeep
|turn|24
|
|t:|1779867367
|move|p2a: Grimmsnarl|Bulk Up|p2a: Grimmsnarl
|-boost|p2a: Grimmsnarl|atk|1
|-boost|p2a: Grimmsnarl|def|1
|move|p1a: Primeape|Drain Punch|p2a: Grimmsnarl
|-damage|p2a: Grimmsnarl|18/100
|-heal|p1a: Primeape|100/100|[from] drain|[of] p2a: Grimmsnarl
|
|upkeep
|turn|25
|
|t:|1779867374
|move|p2a: Grimmsnarl|Rest|p2a: Grimmsnarl
|-status|p2a: Grimmsnarl|slp|[from] move: Rest
|-heal|p2a: Grimmsnarl|100/100 slp|[silent]
|-enditem|p2a: Grimmsnarl|Chesto Berry|[eat]
|-curestatus|p2a: Grimmsnarl|slp|[msg]
|move|p1a: Primeape|Drain Punch|p2a: Grimmsnarl
|-damage|p2a: Grimmsnarl|77/100
|
|upkeep
|turn|26
|
|t:|1779867390
|move|p1a: Primeape|Bulk Up|p1a: Primeape
|-boost|p1a: Primeape|atk|1
|-boost|p1a: Primeape|def|1
|move|p2a: Grimmsnarl|Play Rough|p1a: Primeape
|-supereffective|p1a: Primeape
|-end|p1a: Primeape|Substitute
|
|upkeep
|turn|27
|
|t:|1779867395
|-terastallize|p1a: Primeape|Ghost
|move|p1a: Primeape|Substitute|p1a: Primeape
|-start|p1a: Primeape|Substitute
|-damage|p1a: Primeape|76/100
|move|p2a: Grimmsnarl|Play Rough|p1a: Primeape
|-crit|p1a: Primeape
|-end|p1a: Primeape|Substitute
|
|upkeep
|turn|28
|
|t:|1779867402
|move|p1a: Primeape|Rage Fist|p2a: Grimmsnarl
|-resisted|p2a: Grimmsnarl
|-damage|p2a: Grimmsnarl|57/100
|move|p2a: Grimmsnarl|Throat Chop|p1a: Primeape
|-supereffective|p1a: Primeape
|-damage|p1a: Primeape|0 fnt
|faint|p1a: Primeape
|
|upkeep
|-message|F3RSTUDIO forfeited.
|
|win|fractal_face
|raw|F3RSTUDIO's rating: 1114 &rarr; <strong>1090</strong><br />(-24 for losing)
|raw|fractal_face's rating: 1129 &rarr; <strong>1153</strong><br />(+24 for winning)
|l|☆F3RSTUDIO
|player|p1|
