|j|☆No1ShipPoster
|j|☆cyndaquilhat
|t:|1779816655
|gametype|singles
|player|p1|No1ShipPoster|fantina|1389
|player|p2|cyndaquilhat|backpackerf|1365
|gen|9
|tier|[Gen 9] OU
|rated|
|rule|HP Percentage Mod: HP is shown in percentages
|rule|Endless Battle Clause: Forcing endless battles is banned
|rule|Species Clause: Limit one of each Pokémon
|rule|OHKO Clause: OHKO moves are banned
|rule|Evasion Items Clause: Evasion items are banned
|rule|Evasion Moves Clause: Evasion moves are banned
|rule|Evasion Abilities Clause: Evasion abilities are banned
|rule|Sleep Moves Clause: Sleep-inducing moves are banned
|clearpoke
|poke|p1|Zamazenta-*|
|poke|p1|Dragapult, M|
|poke|p1|Ogerpon-Wellspring, F|
|poke|p1|Iron Treads|
|poke|p1|Kingambit, M|
|poke|p1|Tornadus-Therian, M|
|poke|p2|Diancie|
|poke|p2|Blaziken, M|
|poke|p2|Oricorio-Pom-Pom, F|
|poke|p2|Cinderace, F|
|poke|p2|Regidrago|
|poke|p2|Ursaluna, M|
|teampreview
|inactive|Battle timer is ON: inactive players will automatically lose when time's up. (requested by cyndaquilhat)
|j| dlflf
|
|t:|1779816665
|teamsize|p1|6
|teamsize|p2|6
|start
|switch|p1a: Iron Treads|Iron Treads|100/100
|switch|p2a: Oricorio|Oricorio-Pom-Pom, F|100/100
|-enditem|p1a: Iron Treads|Booster Energy
|-activate|p1a: Iron Treads|ability: Quark Drive|[fromitem]
|-start|p1a: Iron Treads|quarkdrivespe
|turn|1
|
|t:|1779816673
|move|p1a: Iron Treads|Stealth Rock|p2a: Oricorio
|-sidestart|p2: cyndaquilhat|move: Stealth Rock
|move|p2a: Oricorio|Quiver Dance|p2a: Oricorio
|-boost|p2a: Oricorio|spa|1
|-boost|p2a: Oricorio|spd|1
|-boost|p2a: Oricorio|spe|1
|
|upkeep
|turn|2
|
|t:|1779816680
|move|p1a: Iron Treads|Knock Off|p2a: Oricorio
|-crit|p2a: Oricorio
|-damage|p2a: Oricorio|51/100
|-enditem|p2a: Oricorio|Heavy-Duty Boots|[from] move: Knock Off|[of] p1a: Iron Treads
|move|p2a: Oricorio|Quiver Dance|p2a: Oricorio
|-boost|p2a: Oricorio|spa|1
|-boost|p2a: Oricorio|spd|1
|-boost|p2a: Oricorio|spe|1
|
|upkeep
|turn|3
|
|t:|1779816689
|move|p1a: Iron Treads|Knock Off|p2a: Oricorio
|-damage|p2a: Oricorio|32/100
|move|p2a: Oricorio|Roost|p2a: Oricorio
|-heal|p2a: Oricorio|82/100
|-singleturn|p2a: Oricorio|move: Roost
|
|upkeep
|turn|4
|
|t:|1779816701
|-end|p1a: Iron Treads|Quark Drive|[silent]
|switch|p1a: Tornadus|Tornadus-Therian, M|100/100
|move|p2a: Oricorio|Quiver Dance|p2a: Oricorio
|-boost|p2a: Oricorio|spa|1
|-boost|p2a: Oricorio|spd|1
|-boost|p2a: Oricorio|spe|1
|
|upkeep
|turn|5
|
|t:|1779816712
|switch|p1a: Iron Treads|Iron Treads|100/100
|move|p2a: Oricorio|Revelation Dance|p1a: Iron Treads
|-immune|p1a: Iron Treads
|
|upkeep
|turn|6
|
|t:|1779816727
|move|p2a: Oricorio|Hurricane|p1a: Iron Treads|[miss]
|-miss|p2a: Oricorio|p1a: Iron Treads
|move|p1a: Iron Treads|Knock Off|p2a: Oricorio
|-damage|p2a: Oricorio|62/100
|
|upkeep
|turn|7
|
|t:|1779816745
|-terastallize|p2a: Oricorio|Fighting
|move|p2a: Oricorio|Roost|p2a: Oricorio
|-heal|p2a: Oricorio|100/100
|move|p1a: Iron Treads|Knock Off|p2a: Oricorio
|-resisted|p2a: Oricorio
|-damage|p2a: Oricorio|90/100
|
|upkeep
|turn|8
|
|t:|1779816753
|move|p2a: Oricorio|Revelation Dance|p1a: Iron Treads
|-supereffective|p1a: Iron Treads
|-crit|p1a: Iron Treads
|-damage|p1a: Iron Treads|0 fnt
|faint|p1a: Iron Treads
|-end|p1a: Iron Treads|Quark Drive|[silent]
|
|upkeep
|
|t:|1779816767
|switch|p1a: Dragapult|Dragapult, M|100/100
|turn|9
|
|t:|1779816773
|move|p2a: Oricorio|Hurricane|p1a: Dragapult
|-damage|p1a: Dragapult|0 fnt
|faint|p1a: Dragapult
|
|upkeep
|
|t:|1779816781
|switch|p1a: Zamazenta|Zamazenta|100/100
|-ability|p1a: Zamazenta|Dauntless Shield|boost
|-boost|p1a: Zamazenta|def|1
|turn|10
|
|t:|1779816789
|move|p2a: Oricorio|Hurricane|p1a: Zamazenta
|-supereffective|p1a: Zamazenta
|-damage|p1a: Zamazenta|0 fnt
|faint|p1a: Zamazenta
|
|upkeep
|
|t:|1779816796
|switch|p1a: Ogerpon|Ogerpon-Wellspring, F|100/100
|turn|11
|
|t:|1779816800
|-terastallize|p1a: Ogerpon|Water
|detailschange|p1a: Ogerpon|Ogerpon-Wellspring-Tera, F, tera:Water
|-ability|p1a: Ogerpon|Embody Aspect (Wellspring)|boost
|-boost|p1a: Ogerpon|spd|1
|move|p2a: Oricorio|Revelation Dance|p1a: Ogerpon
|-damage|p1a: Ogerpon|30/100
|move|p1a: Ogerpon|Ivy Cudgel|p2a: Oricorio|[anim] Ivy Cudgel Water
|-damage|p2a: Oricorio|13/100
|
|upkeep
|turn|12
|
|t:|1779816815
|move|p2a: Oricorio|Revelation Dance|p1a: Ogerpon
|-damage|p1a: Ogerpon|0 fnt
|faint|p1a: Ogerpon
|detailschange|p1: Ogerpon|Ogerpon-Wellspring, F|[silent]
|
|upkeep
|
|t:|1779816822
|switch|p1a: Tornadus|Tornadus-Therian, M|100/100
|turn|13
|
|t:|1779816830
|move|p2a: Oricorio|Hurricane|p1a: Tornadus
|-damage|p1a: Tornadus|0 fnt
|faint|p1a: Tornadus
|
|upkeep
|
|t:|1779816835
|switch|p1a: Kingambit|Kingambit, M|100/100
|-activate|p1a: Kingambit|ability: Supreme Overlord
|-start|p1a: Kingambit|fallen5|[silent]
|turn|14
|inactive|cyndaquilhat has 120 seconds left.
|c|☆cyndaquilhat|Bro got regidragoed
|
|t:|1779816885
|move|p2a: Oricorio|Revelation Dance|p1a: Kingambit
|-supereffective|p1a: Kingambit
|-damage|p1a: Kingambit|0 fnt
|faint|p1a: Kingambit
|-end|p1a: Kingambit|fallen5|[silent]
|
|win|cyndaquilhat
|raw|No1ShipPoster's rating: 1389 &rarr; <strong>1368</strong><br />(-21 for losing)
|raw|cyndaquilhat's rating: 1365 &rarr; <strong>1386</strong><br />(+21 for winning)
|c|☆No1ShipPoster|Gg
|c|☆cyndaquilhat|Gg
|l|☆No1ShipPoster
|player|p1|
|l|☆cyndaquilhat
|player|p2|
