|j|☆TheLump
|j|☆ehehhddhf
|t:|1779906150
|gametype|singles
|player|p1|TheLump|170|1108
|player|p2|ehehhddhf|266|1108
|gen|9
|tier|[Gen 9] OU
|rated|
|rule|HP Percentage Mod: HP is shown in percentages
|rule|Endless Battle Clause: Forcing endless battles is banned
|rule|Species Clause: Limit one of each Pokémon
|rule|OHKO Clause: OHKO moves are banned
|rule|Evasion Items Clause: Evasion items are banned
|rule|Evasion Moves Clause: Evasion moves are banned
|rule|Evasion Abilities Clause: Evasion abilities are banned
|rule|Sleep Moves Clause: Sleep-inducing moves are banned
|clearpoke
|poke|p1|Torkoal, F|
|poke|p1|Weepinbell, M|
|poke|p1|Slither Wing|
|poke|p1|Iron Moth|
|poke|p1|Exeggutor, M|
|poke|p1|Victreebel, M|
|poke|p2|Meowscarada, F|
|poke|p2|Cinderace, F|
|poke|p2|Scizor, F|
|poke|p2|Coalossal, M|
|poke|p2|Enamorus, F|
|poke|p2|Clodsire, M|
|teampreview
|
|t:|1779906212
|teamsize|p1|6
|teamsize|p2|6
|start
|switch|p1a: Torkoal|Torkoal, F, shiny|100/100
|switch|p2a: Meowscarada|Meowscarada, F|100/100
|-weather|SunnyDay|[from] ability: Drought|[of] p1a: Torkoal
|turn|1
|
|t:|1779906246
|move|p2a: Meowscarada|U-turn|p1a: Torkoal
|-start|p2a: Meowscarada|typechange|Bug|[from] ability: Protean
|-resisted|p1a: Torkoal
|-damage|p1a: Torkoal|88/100
|
|t:|1779906251
|switch|p2a: Coalossal|Coalossal, M|100/100|[from] U-turn
|move|p1a: Torkoal|Stealth Rock|p2a: Coalossal
|-sidestart|p2: ehehhddhf|move: Stealth Rock
|
|-weather|SunnyDay|[upkeep]
|upkeep
|turn|2
|
|t:|1779906264
|move|p2a: Coalossal|Meteor Beam||[still]
|-prepare|p2a: Coalossal|Meteor Beam
|-boost|p2a: Coalossal|spa|1
|-enditem|p2a: Coalossal|Power Herb
|-anim|p2a: Coalossal|Meteor Beam|p1a: Torkoal
|-supereffective|p1a: Torkoal
|-damage|p1a: Torkoal|0 fnt
|faint|p1a: Torkoal
|
|-weather|SunnyDay|[upkeep]
|upkeep
|
|t:|1779906268
|switch|p1a: Slither Wing|Slither Wing, shiny|100/100
|-activate|p1a: Slither Wing|ability: Protosynthesis
|-start|p1a: Slither Wing|protosynthesisatk
|turn|3
|
|t:|1779906285
|switch|p2a: Clodsire|Clodsire, M|100/100
|-damage|p2a: Clodsire|94/100|[from] Stealth Rock
|move|p1a: Slither Wing|Earthquake|p2a: Clodsire
|-supereffective|p2a: Clodsire
|-damage|p2a: Clodsire|0 fnt
|faint|p2a: Clodsire
|
|-weather|SunnyDay|[upkeep]
|upkeep
|
|t:|1779906295
|switch|p2a: Enamorus|Enamorus, F|100/100
|turn|4
|
|t:|1779906313
|move|p2a: Enamorus|Moonblast|p1a: Slither Wing
|-supereffective|p1a: Slither Wing
|-damage|p1a: Slither Wing|28/100
|move|p1a: Slither Wing|Flare Blitz|p2a: Enamorus
|-damage|p2a: Enamorus|0 fnt
|faint|p2a: Enamorus
|-damage|p1a: Slither Wing|0 fnt|[from] Recoil
|faint|p1a: Slither Wing
|-end|p1a: Slither Wing|Protosynthesis|[silent]
|
|-weather|SunnyDay|[upkeep]
|upkeep
|
|t:|1779906349
|switch|p2a: Scizor|Scizor, F|100/100
|switch|p1a: Lowi Trusmadi|Victreebel, M, shiny|100/100
|-damage|p2a: Scizor|88/100|[from] Stealth Rock
|turn|5
|
|t:|1779906359
|move|p1a: Lowi Trusmadi|Weather Ball|p2a: Scizor
|-supereffective|p2a: Scizor
|-damage|p2a: Scizor|0 fnt
|faint|p2a: Scizor
|
|-weather|SunnyDay|[upkeep]
|upkeep
|
|t:|1779906366
|switch|p2a: Meowscarada|Meowscarada, F|100/100
|-damage|p2a: Meowscarada|88/100|[from] Stealth Rock
|turn|6
|
|t:|1779906402
|switch|p2a: Coalossal|Coalossal, M|100/100
|-damage|p2a: Coalossal|76/100|[from] Stealth Rock
|move|p1a: Lowi Trusmadi|Weather Ball|p2a: Coalossal
|-resisted|p2a: Coalossal
|-damage|p2a: Coalossal|67/100
|-ability|p2a: Coalossal|Steam Engine|boost
|-boost|p2a: Coalossal|spe|6
|
|-weather|SunnyDay|[upkeep]
|upkeep
|turn|7
|
|t:|1779906413
|move|p1a: Lowi Trusmadi|Giga Drain|p2a: Coalossal
|-damage|p2a: Coalossal|37/100
|move|p2a: Coalossal|Heat Wave|p1a: Lowi Trusmadi
|-supereffective|p1a: Lowi Trusmadi
|-damage|p1a: Lowi Trusmadi|0 fnt
|faint|p1a: Lowi Trusmadi
|
|-weather|SunnyDay|[upkeep]
|upkeep
|
|t:|1779906423
|switch|p1a: Iron Moth|Iron Moth|100/100
|-enditem|p1a: Iron Moth|Booster Energy
|-activate|p1a: Iron Moth|ability: Quark Drive|[fromitem]
|-start|p1a: Iron Moth|quarkdrivespe
|turn|8
|
|t:|1779906432
|move|p1a: Iron Moth|Psychic|p2a: Coalossal
|-damage|p2a: Coalossal|11/100
|move|p2a: Coalossal|Scald|p1a: Iron Moth
|-supereffective|p1a: Iron Moth
|-damage|p1a: Iron Moth|78/100
|
|-weather|none
|upkeep
|turn|9
|
|t:|1779906449
|move|p1a: Iron Moth|Psychic|p2a: Coalossal
|-damage|p2a: Coalossal|0 fnt
|faint|p2a: Coalossal
|
|upkeep
|
|t:|1779906456
|switch|p2a: Cinderace|Cinderace, F|100/100
|turn|10
|
|t:|1779906467
|move|p1a: Iron Moth|Sludge Wave|p2a: Cinderace
|-damage|p2a: Cinderace|37/100
|move|p2a: Cinderace|Court Change|p2a: Cinderace
|-start|p2a: Cinderace|typechange|Normal|[from] ability: Libero
|-swapsideconditions
|-activate|p2a: Cinderace|move: Court Change
|
|upkeep
|turn|11
|
|t:|1779906479
|move|p2a: Cinderace|Sucker Punch|p1a: Iron Moth
|-damage|p1a: Iron Moth|41/100
|move|p1a: Iron Moth|Fiery Dance|p2a: Cinderace
|-damage|p2a: Cinderace|0 fnt
|faint|p2a: Cinderace
|
|upkeep
|
|t:|1779906486
|switch|p2a: Meowscarada|Meowscarada, F|88/100
|turn|12
|
|t:|1779906492
|move|p2a: Meowscarada|Sucker Punch|p1a: Iron Moth
|-start|p2a: Meowscarada|typechange|Dark|[from] ability: Protean
|-damage|p1a: Iron Moth|0 fnt
|faint|p1a: Iron Moth
|-end|p1a: Iron Moth|Quark Drive|[silent]
|
|upkeep
|
|t:|1779906496
|switch|p1a: Macrophylla|Weepinbell, M|100/100
|-damage|p1a: Macrophylla|88/100|[from] Stealth Rock
|turn|13
|
|t:|1779906502
|move|p2a: Meowscarada|Triple Axel|p1a: Macrophylla
|-supereffective|p1a: Macrophylla
|-damage|p1a: Macrophylla|71/100
|-supereffective|p1a: Macrophylla
|-damage|p1a: Macrophylla|42/100
|-supereffective|p1a: Macrophylla
|-damage|p1a: Macrophylla|0 fnt
|faint|p1a: Macrophylla
|-hitcount|p1: Macrophylla|3
|
|upkeep
|
|t:|1779906506
|switch|p1a: Exeggutor|Exeggutor, M|100/100
|-damage|p1a: Exeggutor|88/100|[from] Stealth Rock
|turn|14
|
|t:|1779906515
|move|p2a: Meowscarada|Sucker Punch|p1a: Exeggutor
|-supereffective|p1a: Exeggutor
|-damage|p1a: Exeggutor|6/100
|-enditem|p1a: Exeggutor|Sitrus Berry|[eat]
|-heal|p1a: Exeggutor|31/100|[from] item: Sitrus Berry
|move|p1a: Exeggutor|Giga Drain|p2a: Meowscarada
|-damage|p2a: Meowscarada|25/100
|-heal|p1a: Exeggutor|54/100|[from] drain|[of] p2a: Meowscarada
|
|upkeep
|turn|15
|
|t:|1779906529
|move|p2a: Meowscarada|U-turn|p1a: Exeggutor
|-supereffective|p1a: Exeggutor
|-damage|p1a: Exeggutor|0 fnt
|faint|p1a: Exeggutor
|
|win|ehehhddhf
|raw|TheLump's rating: 1108 &rarr; <strong>1083</strong><br />(-25 for losing)
|raw|ehehhddhf's rating: 1108 &rarr; <strong>1133</strong><br />(+25 for winning)
|l|☆TheLump
|player|p1|
|l|☆ehehhddhf
|player|p2|
