|j|☆ziggatron
|j|☆bignys900
|t:|1779803639
|gametype|singles
|player|p1|ziggatron|169|1178
|player|p2|bignys900|psychicf-gen4|1191
|gen|9
|tier|[Gen 9] OU
|rated|
|rule|HP Percentage Mod: HP is shown in percentages
|rule|Endless Battle Clause: Forcing endless battles is banned
|rule|Species Clause: Limit one of each Pokémon
|rule|OHKO Clause: OHKO moves are banned
|rule|Evasion Items Clause: Evasion items are banned
|rule|Evasion Moves Clause: Evasion moves are banned
|rule|Evasion Abilities Clause: Evasion abilities are banned
|rule|Sleep Moves Clause: Sleep-inducing moves are banned
|clearpoke
|poke|p1|Ninetales, M|
|poke|p1|Lilligant-Hisui, F|
|poke|p1|Venusaur, M|
|poke|p1|Walking Wake|
|poke|p1|Raging Bolt|
|poke|p1|Ceruledge, M|
|poke|p2|Mamoswine, F|
|poke|p2|Blaziken, F|
|poke|p2|Clefable, M|
|poke|p2|Lumineon, F|
|poke|p2|Kilowattrel, M|
|poke|p2|Scizor, M|
|teampreview
|inactive|Battle timer is ON: inactive players will automatically lose when time's up. (requested by ziggatron)
|inactive|bignys900 also wants the timer to be on.
|
|t:|1779803664
|teamsize|p1|6
|teamsize|p2|6
|start
|switch|p1a: Ninetales|Ninetales, M|100/100
|switch|p2a: Scizor|Scizor, M|100/100
|-weather|SunnyDay|[from] ability: Drought|[of] p1a: Ninetales
|turn|1
|
|t:|1779803671
|move|p1a: Ninetales|Overheat|p2a: Scizor
|-supereffective|p2a: Scizor
|-enditem|p2a: Scizor|Focus Sash
|-damage|p2a: Scizor|1/100
|-unboost|p1a: Ninetales|spa|2
|move|p2a: Scizor|Swords Dance|p2a: Scizor
|-boost|p2a: Scizor|atk|2
|
|-weather|SunnyDay|[upkeep]
|upkeep
|turn|2
|
|t:|1779803682
|move|p2a: Scizor|Bullet Punch|p1a: Ninetales
|-resisted|p1a: Ninetales
|-damage|p1a: Ninetales|59/100
|move|p1a: Ninetales|Encore|p2a: Scizor
|-start|p2a: Scizor|Encore
|
|-weather|SunnyDay|[upkeep]
|upkeep
|turn|3
|
|t:|1779803695
|switch|p1a: Walking Wake|Walking Wake|100/100
|-activate|p1a: Walking Wake|ability: Protosynthesis
|-start|p1a: Walking Wake|protosynthesisspe
|move|p2a: Scizor|Bullet Punch|p1a: Walking Wake
|-resisted|p1a: Walking Wake
|-damage|p1a: Walking Wake|64/100
|
|-weather|SunnyDay|[upkeep]
|upkeep
|turn|4
|
|t:|1779803702
|move|p2a: Scizor|Bullet Punch|p1a: Walking Wake
|-resisted|p1a: Walking Wake
|-damage|p1a: Walking Wake|26/100
|move|p1a: Walking Wake|Hydro Steam|p2a: Scizor
|-damage|p2a: Scizor|0 fnt
|faint|p2a: Scizor
|
|-weather|SunnyDay|[upkeep]
|upkeep
|
|t:|1779803711
|switch|p2a: Blaziken|Blaziken, F, shiny|100/100
|turn|5
|
|t:|1779803717
|move|p1a: Walking Wake|Hydro Steam|p2a: Blaziken
|-supereffective|p2a: Blaziken
|-enditem|p2a: Blaziken|Focus Sash
|-damage|p2a: Blaziken|1/100
|move|p2a: Blaziken|Swords Dance|p2a: Blaziken
|-boost|p2a: Blaziken|atk|2
|
|-weather|SunnyDay|[upkeep]
|-ability|p2a: Blaziken|Speed Boost|boost
|-boost|p2a: Blaziken|spe|1
|upkeep
|turn|6
|
|t:|1779803724
|move|p1a: Walking Wake|Hydro Steam|p2a: Blaziken
|-supereffective|p2a: Blaziken
|-damage|p2a: Blaziken|0 fnt
|faint|p2a: Blaziken
|
|-weather|SunnyDay|[upkeep]
|upkeep
|
|t:|1779803732
|switch|p2a: Lumineon|Lumineon, F|100/100
|turn|7
|
|t:|1779803737
|move|p1a: Walking Wake|Hydro Steam|p2a: Lumineon
|-ability|p2a: Lumineon|Storm Drain|boost
|-boost|p2a: Lumineon|spa|1
|move|p2a: Lumineon|Tailwind|p2a: Lumineon
|-sidestart|p2: bignys900|move: Tailwind
|
|-weather|SunnyDay|[upkeep]
|upkeep
|turn|8
|
|t:|1779803745
|-end|p1a: Walking Wake|Protosynthesis|[silent]
|switch|p1a: Venusaur|Venusaur, M|100/100
|move|p2a: Lumineon|Ice Beam|p1a: Venusaur
|-supereffective|p1a: Venusaur
|-damage|p1a: Venusaur|30/100
|
|-weather|none
|upkeep
|turn|9
|
|t:|1779803757
|switch|p1a: Ninetales|Ninetales, M|59/100
|-weather|SunnyDay|[from] ability: Drought|[of] p1a: Ninetales
|move|p2a: Lumineon|Ice Beam|p1a: Ninetales
|-resisted|p1a: Ninetales
|-damage|p1a: Ninetales|43/100
|
|-weather|SunnyDay|[upkeep]
|upkeep
|turn|10
|
|t:|1779803764
|move|p2a: Lumineon|Surf|p1a: Ninetales
|-supereffective|p1a: Ninetales
|-damage|p1a: Ninetales|0 fnt
|faint|p1a: Ninetales
|
|-weather|SunnyDay|[upkeep]
|-sideend|p2: bignys900|move: Tailwind
|upkeep
|
|t:|1779803785
|switch|p1a: excuse me sir|Lilligant-Hisui, F|100/100
|turn|11
|
|t:|1779803790
|move|p1a: excuse me sir|Solar Blade||[still]
|-prepare|p1a: excuse me sir|Solar Blade
|-anim|p1a: excuse me sir|Solar Blade|p2a: Lumineon
|-supereffective|p2a: Lumineon
|-damage|p2a: Lumineon|0 fnt
|faint|p2a: Lumineon
|-damage|p1a: excuse me sir|91/100|[from] item: Life Orb
|
|-weather|SunnyDay|[upkeep]
|upkeep
|
|t:|1779803804
|switch|p2a: Mamoswine|Mamoswine, F, shiny|100/100
|turn|12
|
|t:|1779803817
|-terastallize|p2a: Mamoswine|Grass
|move|p1a: excuse me sir|Solar Blade||[still]
|-prepare|p1a: excuse me sir|Solar Blade
|-anim|p1a: excuse me sir|Solar Blade|p2a: Mamoswine
|-resisted|p2a: Mamoswine
|-damage|p2a: Mamoswine|57/100
|-damage|p1a: excuse me sir|81/100|[from] item: Life Orb
|move|p2a: Mamoswine|Ice Fang|p1a: excuse me sir
|-supereffective|p1a: excuse me sir
|-damage|p1a: excuse me sir|0 fnt
|faint|p1a: excuse me sir
|
|-weather|SunnyDay|[upkeep]
|-heal|p2a: Mamoswine|63/100|[from] item: Leftovers
|upkeep
|
|t:|1779803834
|switch|p1a: Venusaur|Venusaur, M|30/100
|turn|13
|
|t:|1779803848
|-terastallize|p1a: Venusaur|Fire
|move|p1a: Venusaur|Sludge Bomb|p2a: Mamoswine
|-supereffective|p2a: Mamoswine
|-damage|p2a: Mamoswine|0 fnt
|faint|p2a: Mamoswine
|-damage|p1a: Venusaur|20/100|[from] item: Life Orb
|
|-weather|SunnyDay|[upkeep]
|upkeep
|
|t:|1779803859
|switch|p2a: Clefable|Clefable, M|100/100
|turn|14
|
|t:|1779803864
|move|p1a: Venusaur|Sludge Bomb|p2a: Clefable
|-supereffective|p2a: Clefable
|-damage|p2a: Clefable|0 fnt
|faint|p2a: Clefable
|-damage|p1a: Venusaur|10/100|[from] item: Life Orb
|
|-weather|SunnyDay|[upkeep]
|upkeep
|
|t:|1779803867
|switch|p2a: Kilowattrel|Kilowattrel, M|100/100
|turn|15
|
|t:|1779803874
|move|p2a: Kilowattrel|Protect|p2a: Kilowattrel
|-singleturn|p2a: Kilowattrel|Protect
|move|p1a: Venusaur|Sludge Bomb|p2a: Kilowattrel
|-activate|p2a: Kilowattrel|move: Protect
|
|-weather|SunnyDay|[upkeep]
|upkeep
|turn|16
|
|t:|1779803884
|move|p1a: Venusaur|Sludge Bomb|p2a: Kilowattrel
|-damage|p2a: Kilowattrel|4/100
|-status|p2a: Kilowattrel|psn
|-damage|p1a: Venusaur|0 fnt|[from] item: Life Orb
|faint|p1a: Venusaur
|move|p2a: Kilowattrel|Charge Beam|p1: Venusaur|[notarget]
|-fail|p2a: Kilowattrel
|
|-weather|none
|-damage|p2a: Kilowattrel|0 fnt|[from] psn
|faint|p2a: Kilowattrel
|
|win|ziggatron
|raw|ziggatron's rating: 1178 &rarr; <strong>1204</strong><br />(+26 for winning)
|raw|bignys900's rating: 1191 &rarr; <strong>1165</strong><br />(-26 for losing)
|l|☆bignys900
|player|p2|
|l|☆ziggatron
|player|p1|
