|j|☆goodnightnite
|j|☆pls game
|t:|1779856558
|gametype|singles
|player|p1|goodnightnite|miku-water|1691
|player|p2|pls game|ingo|1635
|gen|9
|tier|[Gen 9] OU
|rated|
|rule|HP Percentage Mod: HP is shown in percentages
|rule|Endless Battle Clause: Forcing endless battles is banned
|rule|Species Clause: Limit one of each Pokémon
|rule|OHKO Clause: OHKO moves are banned
|rule|Evasion Items Clause: Evasion items are banned
|rule|Evasion Moves Clause: Evasion moves are banned
|rule|Evasion Abilities Clause: Evasion abilities are banned
|rule|Sleep Moves Clause: Sleep-inducing moves are banned
|clearpoke
|poke|p1|Primarina, M|
|poke|p1|Zamazenta-*|
|poke|p1|Gholdengo|
|poke|p1|Rillaboom, M|
|poke|p1|Glimmora, M|
|poke|p1|Hydreigon, M|
|poke|p2|Glimmora, M|
|poke|p2|Zamazenta-*|
|poke|p2|Raging Bolt|
|poke|p2|Iron Valiant|
|poke|p2|Dragonite, F|
|poke|p2|Kingambit, M|
|teampreview
|inactive|Battle timer is ON: inactive players will automatically lose when time's up. (requested by pls game)
|inactive|goodnightnite also wants the timer to be on.
|
|t:|1779856578
|teamsize|p1|6
|teamsize|p2|6
|start
|switch|p1a: Hybrid|Hydreigon, M, shiny|100/100
|switch|p2a: Glimmora|Glimmora, M|100/100
|turn|1
|
|t:|1779856582
|move|p1a: Hybrid|Draco Meteor|p2a: Glimmora
|-enditem|p2a: Glimmora|Focus Sash
|-damage|p2a: Glimmora|1/100
|-unboost|p1a: Hybrid|spa|2
|move|p2a: Glimmora|Stealth Rock|p1a: Hybrid
|-sidestart|p1: goodnightnite|move: Stealth Rock
|
|upkeep
|turn|2
|
|t:|1779856593
|move|p1a: Hybrid|Draco Meteor|p2a: Glimmora
|-damage|p2a: Glimmora|0 fnt
|-unboost|p1a: Hybrid|spa|2
|faint|p2a: Glimmora
|
|upkeep
|
|t:|1779856615
|switch|p2a: Kingambit|Kingambit, M|100/100
|-activate|p2a: Kingambit|ability: Supreme Overlord
|-start|p2a: Kingambit|fallen1|[silent]
|turn|3
|inactive|pls game has 120 seconds left.
|inactive|goodnightnite has 120 seconds left.
|
|t:|1779856649
|switch|p1a: Bullet|Glimmora, M, shiny|100/100
|-damage|p1a: Bullet|88/100|[from] Stealth Rock
|-end|p2a: Kingambit|fallen1|[silent]
|switch|p2a: Iron Valiant|Iron Valiant|100/100
|-enditem|p2a: Iron Valiant|Booster Energy
|-activate|p2a: Iron Valiant|ability: Quark Drive|[fromitem]
|-start|p2a: Iron Valiant|quarkdrivespe
|
|upkeep
|turn|4
|
|t:|1779856658
|move|p2a: Iron Valiant|Shadow Ball|p1a: Bullet
|-damage|p1a: Bullet|58/100
|-unboost|p1a: Bullet|spd|1
|-enditem|p1a: Bullet|Red Card|[of] p2a: Iron Valiant
|-end|p2a: Iron Valiant|Quark Drive|[silent]
|drag|p2a: Kingambit|Kingambit, M|100/100
|-activate|p2a: Kingambit|ability: Supreme Overlord
|-start|p2a: Kingambit|fallen1|[silent]
|move|p1a: Bullet|Stealth Rock|p2a: Kingambit
|-sidestart|p2: pls game|move: Stealth Rock
|
|upkeep
|turn|5
|
|t:|1779856666
|move|p1a: Bullet|Earth Power|p2a: Kingambit
|-supereffective|p2a: Kingambit
|-damage|p2a: Kingambit|39/100
|move|p2a: Kingambit|Iron Head|p1a: Bullet
|-supereffective|p1a: Bullet
|-damage|p1a: Bullet|0 fnt
|-activate|p1a: Bullet|ability: Toxic Debris
|-sidestart|p2: pls game|move: Toxic Spikes
|faint|p1a: Bullet
|
|-heal|p2a: Kingambit|45/100|[from] item: Leftovers
|upkeep
|
|t:|1779856677
|switch|p1a: Kong|Rillaboom, M, shiny|100/100
|-damage|p1a: Kong|88/100|[from] Stealth Rock
|-fieldstart|move: Grassy Terrain|[from] ability: Grassy Surge|[of] p1a: Kong
|turn|6
|
|t:|1779856689
|move|p1a: Kong|Swords Dance|p1a: Kong
|-boost|p1a: Kong|atk|2
|move|p2a: Kingambit|Iron Head|p1a: Kong
|-damage|p1a: Kong|32/100
|
|-heal|p1a: Kong|39/100|[from] Grassy Terrain
|-heal|p2a: Kingambit|51/100|[from] Grassy Terrain
|-heal|p2a: Kingambit|57/100|[from] item: Leftovers
|upkeep
|turn|7
|
|t:|1779856700
|move|p1a: Kong|Grassy Glide|p2a: Kingambit
|-resisted|p2a: Kingambit
|-damage|p2a: Kingambit|12/100
|-damage|p1a: Kong|29/100|[from] item: Life Orb
|move|p2a: Kingambit|Sucker Punch||[still]
|-fail|p2a: Kingambit
|
|-heal|p1a: Kong|35/100|[from] Grassy Terrain
|-heal|p2a: Kingambit|18/100|[from] Grassy Terrain
|-heal|p2a: Kingambit|24/100|[from] item: Leftovers
|upkeep
|turn|8
|
|t:|1779856713
|move|p1a: Kong|Grassy Glide|p2a: Kingambit
|-resisted|p2a: Kingambit
|-damage|p2a: Kingambit|0 fnt
|faint|p2a: Kingambit
|-end|p2a: Kingambit|fallen1|[silent]
|-damage|p1a: Kong|25/100|[from] item: Life Orb
|
|-heal|p1a: Kong|31/100|[from] Grassy Terrain
|upkeep
|inactive|pls game has 120 seconds left.
|
|t:|1779856732
|switch|p2a: Dragonite|Dragonite, F|100/100
|-damage|p2a: Dragonite|76/100|[from] Stealth Rock
|turn|9
|
|t:|1779856739
|move|p2a: Dragonite|Extreme Speed|p1a: Kong
|-damage|p1a: Kong|0 fnt
|faint|p1a: Kong
|-damage|p2a: Dragonite|66/100|[from] item: Life Orb
|
|upkeep
|
|t:|1779856744
|switch|p1a: Spirit Rush|Gholdengo, shiny|100/100
|-damage|p1a: Spirit Rush|94/100|[from] Stealth Rock
|-enditem|p1a: Spirit Rush|Grassy Seed
|-boost|p1a: Spirit Rush|def|1|[from] item: Grassy Seed
|turn|10
|
|t:|1779856751
|move|p2a: Dragonite|Earthquake|p1a: Spirit Rush
|-supereffective|p1a: Spirit Rush
|-damage|p1a: Spirit Rush|63/100
|-damage|p2a: Dragonite|56/100|[from] item: Life Orb
|move|p1a: Spirit Rush|Nasty Plot|p1a: Spirit Rush
|-boost|p1a: Spirit Rush|spa|2
|
|-heal|p1a: Spirit Rush|69/100|[from] Grassy Terrain
|-fieldend|move: Grassy Terrain
|upkeep
|turn|11
|
|t:|1779856757
|move|p2a: Dragonite|Earthquake|p1a: Spirit Rush
|-supereffective|p1a: Spirit Rush
|-damage|p1a: Spirit Rush|7/100
|-damage|p2a: Dragonite|46/100|[from] item: Life Orb
|move|p1a: Spirit Rush|Recover|p1a: Spirit Rush
|-heal|p1a: Spirit Rush|57/100
|
|upkeep
|turn|12
|
|t:|1779856763
|switch|p1a: Hybrid|Hydreigon, M, shiny|100/100
|-damage|p1a: Hybrid|88/100|[from] Stealth Rock
|move|p2a: Dragonite|Earthquake|p1a: Hybrid
|-immune|p1a: Hybrid|[from] ability: Levitate
|
|upkeep
|turn|13
|
|t:|1779856771
|switch|p2a: Iron Valiant|Iron Valiant|100/100
|-damage|p2a: Iron Valiant|94/100|[from] Stealth Rock
|-status|p2a: Iron Valiant|psn
|move|p1a: Hybrid|Dark Pulse|p2a: Iron Valiant
|-resisted|p2a: Iron Valiant
|-damage|p2a: Iron Valiant|66/100 psn
|
|-damage|p2a: Iron Valiant|53/100 psn|[from] psn
|upkeep
|turn|14
|
|t:|1779856785
|switch|p1a: Celestine|Primarina, M, shiny|100/100
|-damage|p1a: Celestine|88/100|[from] Stealth Rock
|move|p2a: Iron Valiant|Moonblast|p1a: Celestine
|-damage|p1a: Celestine|63/100
|-unboost|p1a: Celestine|spa|1
|
|-damage|p2a: Iron Valiant|41/100 psn|[from] psn
|upkeep
|turn|15
|inactive|goodnightnite has 120 seconds left.
|
|t:|1779856817
|move|p2a: Iron Valiant|Moonblast|p1a: Celestine
|-damage|p1a: Celestine|39/100
|move|p1a: Celestine|Moonblast|p2a: Iron Valiant
|-supereffective|p2a: Iron Valiant
|-damage|p2a: Iron Valiant|0 fnt
|faint|p2a: Iron Valiant
|-end|p2a: Iron Valiant|Quark Drive|[silent]
|
|upkeep
|j| Mortardom
|inactive|pls game has 120 seconds left.
|
|t:|1779856863
|switch|p2a: Dragonite|Dragonite, F|46/100
|-damage|p2a: Dragonite|21/100|[from] Stealth Rock
|turn|16
|j| Supervisor
|
|t:|1779856873
|move|p2a: Dragonite|Earthquake|p1a: Celestine
|-damage|p1a: Celestine|0 fnt
|faint|p1a: Celestine
|-damage|p2a: Dragonite|11/100|[from] item: Life Orb
|
|upkeep
|
|t:|1779856878
|switch|p1a: Trojan|Zamazenta, shiny|100/100
|-damage|p1a: Trojan|94/100|[from] Stealth Rock
|-ability|p1a: Trojan|Dauntless Shield|boost
|-boost|p1a: Trojan|def|1
|turn|17
|
|t:|1779856883
|move|p1a: Trojan|Iron Defense|p1a: Trojan
|-boost|p1a: Trojan|def|2
|move|p2a: Dragonite|Dragon Dance|p2a: Dragonite
|-boost|p2a: Dragonite|atk|1
|-boost|p2a: Dragonite|spe|1
|
|-heal|p1a: Trojan|100/100|[from] item: Leftovers
|upkeep
|turn|18
|
|t:|1779856887
|move|p2a: Dragonite|Outrage|p1a: Trojan
|-damage|p1a: Trojan|56/100
|-damage|p2a: Dragonite|1/100|[from] item: Life Orb
|move|p1a: Trojan|Iron Defense|p1a: Trojan
|-boost|p1a: Trojan|def|2
|
|-heal|p1a: Trojan|62/100|[from] item: Leftovers
|upkeep
|turn|19
|
|t:|1779856895
|move|p2a: Dragonite|Outrage|p1a: Trojan|[from] lockedmove
|-damage|p1a: Trojan|33/100
|-damage|p2a: Dragonite|0 fnt|[from] item: Life Orb
|faint|p2a: Dragonite
|move|p1a: Trojan|Substitute|p1a: Trojan
|-start|p1a: Trojan|Substitute
|-damage|p1a: Trojan|8/100
|
|-heal|p1a: Trojan|14/100|[from] item: Leftovers
|upkeep
|
|t:|1779856901
|switch|p2a: Zamazenta|Zamazenta|100/100
|-damage|p2a: Zamazenta|94/100|[from] Stealth Rock
|-status|p2a: Zamazenta|psn
|-ability|p2a: Zamazenta|Dauntless Shield|boost
|-boost|p2a: Zamazenta|def|1
|turn|20
|
|t:|1779856906
|move|p1a: Trojan|Body Press|p2a: Zamazenta
|-damage|p2a: Zamazenta|43/100 psn
|move|p2a: Zamazenta|Roar|p1a: Trojan
|drag|p1a: Hybrid|Hydreigon, M, shiny|88/100
|-damage|p1a: Hybrid|76/100|[from] Stealth Rock
|
|-heal|p2a: Zamazenta|49/100 psn|[from] item: Leftovers
|-damage|p2a: Zamazenta|36/100 psn|[from] psn
|upkeep
|turn|21
|
|t:|1779856918
|switch|p2a: Raging Bolt|Raging Bolt|100/100
|-damage|p2a: Raging Bolt|88/100|[from] Stealth Rock
|-status|p2a: Raging Bolt|psn
|-enditem|p2a: Raging Bolt|Booster Energy
|-activate|p2a: Raging Bolt|ability: Protosynthesis|[fromitem]
|-start|p2a: Raging Bolt|protosynthesisspa
|switch|p1a: Trojan|Zamazenta, shiny|14/100
|-damage|p1a: Trojan|8/100|[from] Stealth Rock
|
|-heal|p1a: Trojan|14/100|[from] item: Leftovers
|-damage|p2a: Raging Bolt|76/100 psn|[from] psn
|upkeep
|turn|22
|
|t:|1779856925
|move|p1a: Trojan|Iron Defense|p1a: Trojan
|-boost|p1a: Trojan|def|2
|move|p2a: Raging Bolt|Thunderbolt|p1a: Trojan
|-damage|p1a: Trojan|0 fnt
|faint|p1a: Trojan
|
|-damage|p2a: Raging Bolt|64/100 psn|[from] psn
|upkeep
|
|t:|1779856929
|switch|p1a: Hybrid|Hydreigon, M, shiny|76/100
|-damage|p1a: Hybrid|64/100|[from] Stealth Rock
|turn|23
|
|t:|1779856936
|-end|p2a: Raging Bolt|Protosynthesis|[silent]
|switch|p2a: Zamazenta|Zamazenta|36/100 psn
|-damage|p2a: Zamazenta|30/100 psn|[from] Stealth Rock
|move|p1a: Hybrid|Earth Power|p2a: Zamazenta
|-damage|p2a: Zamazenta|0 fnt
|faint|p2a: Zamazenta
|
|upkeep
|
|t:|1779856938
|switch|p2a: Raging Bolt|Raging Bolt|64/100 psn
|-damage|p2a: Raging Bolt|51/100 psn|[from] Stealth Rock
|turn|24
|
|t:|1779856941
|-terastallize|p2a: Raging Bolt|Bug
|move|p1a: Hybrid|Earth Power|p2a: Raging Bolt
|-resisted|p2a: Raging Bolt
|-damage|p2a: Raging Bolt|28/100 psn
|move|p2a: Raging Bolt|Dragon Pulse|p1a: Hybrid
|-supereffective|p1a: Hybrid
|-damage|p1a: Hybrid|0 fnt
|faint|p1a: Hybrid
|
|-damage|p2a: Raging Bolt|16/100 psn|[from] psn
|upkeep
|
|t:|1779856946
|switch|p1a: Spirit Rush|Gholdengo, shiny|57/100
|-damage|p1a: Spirit Rush|51/100|[from] Stealth Rock
|turn|25
|
|t:|1779856950
|move|p2a: Raging Bolt|Thunderclap||[still]
|-fail|p2a: Raging Bolt
|move|p1a: Spirit Rush|Recover|p1a: Spirit Rush
|-heal|p1a: Spirit Rush|100/100
|
|-damage|p2a: Raging Bolt|4/100 psn|[from] psn
|upkeep
|turn|26
|
|t:|1779856955
|move|p2a: Raging Bolt|Thunderclap||[still]
|-fail|p2a: Raging Bolt
|move|p1a: Spirit Rush|Recover||[still]
|-fail|p1a: Spirit Rush|heal
|
|-damage|p2a: Raging Bolt|0 fnt|[from] psn
|faint|p2a: Raging Bolt
|-end|p2a: Raging Bolt|Protosynthesis|[silent]
|
|win|goodnightnite
|raw|goodnightnite's rating: 1691 &rarr; <strong>1708</strong><br />(+17 for winning)
|raw|pls game's rating: 1635 &rarr; <strong>1618</strong><br />(-17 for losing)
|c|☆pls game|gg
|l|☆pls game
|player|p2|
|c|☆goodnightnite|gg
|c|☆goodnightnite|wp
|l| Mortardom
