|j|☆hgjgfjyg
|j|☆sunshinepromise
|t:|1779800892
|gametype|singles
|player|p1|hgjgfjyg|collector|1390
|player|p2|sunshinepromise|265|1439
|gen|9
|tier|[Gen 9] OU
|rated|
|rule|HP Percentage Mod: HP is shown in percentages
|rule|Endless Battle Clause: Forcing endless battles is banned
|rule|Species Clause: Limit one of each Pokémon
|rule|OHKO Clause: OHKO moves are banned
|rule|Evasion Items Clause: Evasion items are banned
|rule|Evasion Moves Clause: Evasion moves are banned
|rule|Evasion Abilities Clause: Evasion abilities are banned
|rule|Sleep Moves Clause: Sleep-inducing moves are banned
|clearpoke
|poke|p1|Pelipper, M|
|poke|p1|Samurott-Hisui, M|
|poke|p1|Iron Treads|
|poke|p1|Barraskewda, M|
|poke|p1|Toxicroak, M|
|poke|p1|Porygon-Z|
|poke|p2|Pincurchin, M|
|poke|p2|Iron Treads|
|poke|p2|Iron Hands|
|poke|p2|Iron Valiant|
|poke|p2|Raging Bolt|
|poke|p2|Iron Moth|
|teampreview
|inactive|Battle timer is ON: inactive players will automatically lose when time's up. (requested by hgjgfjyg)
|
|t:|1779800912
|teamsize|p1|6
|teamsize|p2|6
|start
|switch|p1a: Bey blade|Iron Treads|100/100
|switch|p2a: Pincurchin|Pincurchin, M|100/100
|-fieldstart|move: Electric Terrain|[from] ability: Electric Surge|[of] p2a: Pincurchin
|-activate|p1a: Bey blade|ability: Quark Drive
|-start|p1a: Bey blade|quarkdrivespe
|turn|1
|
|t:|1779800917
|switch|p2a: Iron Hands|Iron Hands|100/100
|-item|p2a: Iron Hands|Air Balloon
|-activate|p2a: Iron Hands|ability: Quark Drive
|-start|p2a: Iron Hands|quarkdriveatk
|move|p1a: Bey blade|Earth Power|p2a: Iron Hands
|-immune|p2a: Iron Hands
|
|upkeep
|turn|2
|
|t:|1779800924
|move|p1a: Bey blade|Volt Switch|p2a: Iron Hands
|-resisted|p2a: Iron Hands
|-damage|p2a: Iron Hands|91/100
|-enditem|p2a: Iron Hands|Air Balloon
|
|t:|1779800931
|-end|p1a: Bey blade|Quark Drive|[silent]
|switch|p1a: Toxicroak|Toxicroak, M|100/100|[from] Volt Switch
|move|p2a: Iron Hands|Thunder Punch|p1a: Toxicroak
|-damage|p1a: Toxicroak|0 fnt
|faint|p1a: Toxicroak
|
|upkeep
|
|t:|1779800939
|switch|p1a: Pelipper|Pelipper, M|100/100
|-weather|RainDance|[from] ability: Drizzle|[of] p1a: Pelipper
|turn|3
|
|t:|1779800943
|move|p1a: Pelipper|Hurricane|p2a: Iron Hands
|-damage|p2a: Iron Hands|63/100
|-start|p2a: Iron Hands|confusion
|-activate|p2a: Iron Hands|confusion
|-damage|p2a: Iron Hands|51/100|[from] confusion
|
|-weather|RainDance|[upkeep]
|upkeep
|turn|4
|
|t:|1779800949
|switch|p1a: Bey blade|Iron Treads|100/100
|-activate|p1a: Bey blade|ability: Quark Drive
|-start|p1a: Bey blade|quarkdrivespe
|-activate|p2a: Iron Hands|confusion
|-damage|p2a: Iron Hands|39/100|[from] confusion
|
|-weather|RainDance|[upkeep]
|upkeep
|turn|5
|
|t:|1779800957
|-terastallize|p2a: Iron Hands|Flying
|move|p1a: Bey blade|Earth Power|p2a: Iron Hands
|-immune|p2a: Iron Hands
|-activate|p2a: Iron Hands|confusion
|-damage|p2a: Iron Hands|27/100|[from] confusion
|
|-weather|RainDance|[upkeep]
|upkeep
|turn|6
|
|t:|1779800962
|move|p1a: Bey blade|Volt Switch|p2a: Iron Hands
|-supereffective|p2a: Iron Hands
|-damage|p2a: Iron Hands|0 fnt
|faint|p2a: Iron Hands
|-end|p2a: Iron Hands|Quark Drive|[silent]
|c|☆sunshinepromise|fuck me
|
|t:|1779800968
|-end|p1a: Bey blade|Quark Drive|[silent]
|switch|p1a: Spike factory|Samurott-Hisui, M|100/100|[from] Volt Switch
|
|-weather|RainDance|[upkeep]
|upkeep
|
|t:|1779800986
|switch|p2a: Iron Valiant|Iron Valiant|100/100
|-enditem|p2a: Iron Valiant|Electric Seed
|-boost|p2a: Iron Valiant|def|1|[from] item: Electric Seed
|-activate|p2a: Iron Valiant|ability: Quark Drive
|-start|p2a: Iron Valiant|quarkdrivespe
|turn|7
|
|t:|1779800991
|move|p2a: Iron Valiant|Calm Mind|p2a: Iron Valiant
|-boost|p2a: Iron Valiant|spa|1
|-boost|p2a: Iron Valiant|spd|1
|move|p1a: Spike factory|Razor Shell|p2a: Iron Valiant
|-damage|p2a: Iron Valiant|35/100
|-unboost|p2a: Iron Valiant|def|1
|
|-weather|RainDance|[upkeep]
|upkeep
|turn|8
|
|t:|1779800998
|move|p2a: Iron Valiant|Moonblast|p1a: Spike factory
|-supereffective|p1a: Spike factory
|-damage|p1a: Spike factory|0 fnt
|faint|p1a: Spike factory
|
|-weather|RainDance|[upkeep]
|-fieldend|move: Electric Terrain
|-end|p2a: Iron Valiant|Quark Drive
|upkeep
|
|t:|1779801006
|switch|p1a: Barraskewda|Barraskewda, M|100/100
|turn|9
|
|t:|1779801012
|-end|p2a: Iron Valiant|Quark Drive|[silent]
|switch|p2a: Pincurchin|Pincurchin, M|100/100
|-fieldstart|move: Electric Terrain|[from] ability: Electric Surge|[of] p2a: Pincurchin
|move|p1a: Barraskewda|Liquidation|p2a: Pincurchin
|-damage|p2a: Pincurchin|0 fnt
|faint|p2a: Pincurchin
|
|-weather|RainDance|[upkeep]
|upkeep
|
|t:|1779801022
|switch|p2a: Raging Bolt|Raging Bolt|100/100
|-enditem|p2a: Raging Bolt|Booster Energy
|-activate|p2a: Raging Bolt|ability: Protosynthesis|[fromitem]
|-start|p2a: Raging Bolt|protosynthesisspa
|turn|10
|
|t:|1779801030
|switch|p1a: Bey blade|Iron Treads|100/100
|-activate|p1a: Bey blade|ability: Quark Drive
|-start|p1a: Bey blade|quarkdrivespe
|-end|p2a: Raging Bolt|Protosynthesis|[silent]
|switch|p2a: Iron Treads|Iron Treads|100/100
|-activate|p2a: Iron Treads|ability: Quark Drive
|-start|p2a: Iron Treads|quarkdriveatk
|
|-weather|none
|upkeep
|turn|11
|
|t:|1779801036
|move|p1a: Bey blade|Earth Power|p2a: Iron Treads
|-supereffective|p2a: Iron Treads
|-damage|p2a: Iron Treads|39/100
|move|p2a: Iron Treads|Supercell Slam|p1a: Bey blade
|-immune|p1a: Bey blade
|-damage|p2a: Iron Treads|0 fnt|[from] supercellslam
|faint|p2a: Iron Treads
|-end|p2a: Iron Treads|Quark Drive|[silent]
|
|upkeep
|c|☆sunshinepromise|treads should be dead by the way
|
|t:|1779801064
|switch|p2a: Iron Valiant|Iron Valiant|35/100
|-activate|p2a: Iron Valiant|ability: Quark Drive
|-start|p2a: Iron Valiant|quarkdrivespe
|turn|12
|
|t:|1779801078
|move|p2a: Iron Valiant|Vacuum Wave|p1a: Bey blade
|-supereffective|p1a: Bey blade
|-damage|p1a: Bey blade|40/100
|move|p1a: Bey blade|Steel Beam|p2a: Iron Valiant
|-supereffective|p2a: Iron Valiant
|-damage|p2a: Iron Valiant|0 fnt
|-damage|p1a: Bey blade|0 fnt|[from] steelbeam
|faint|p1a: Bey blade
|-end|p1a: Bey blade|Quark Drive|[silent]
|faint|p2a: Iron Valiant
|-end|p2a: Iron Valiant|Quark Drive|[silent]
|
|upkeep
|c|☆sunshinepromise|why would you sack it?
|
|t:|1779801092
|switch|p2a: Raging Bolt|Raging Bolt|100/100
|switch|p1a: Pelipper|Pelipper, M|100/100
|-weather|RainDance|[from] ability: Drizzle|[of] p1a: Pelipper
|turn|13
|
|t:|1779801100
|move|p2a: Raging Bolt|Calm Mind|p2a: Raging Bolt
|-boost|p2a: Raging Bolt|spa|1
|-boost|p2a: Raging Bolt|spd|1
|move|p1a: Pelipper|Hurricane|p2a: Raging Bolt
|-resisted|p2a: Raging Bolt
|-damage|p2a: Raging Bolt|89/100
|-start|p2a: Raging Bolt|confusion
|
|-weather|RainDance|[upkeep]
|upkeep
|turn|14
|
|t:|1779801103
|-activate|p2a: Raging Bolt|confusion
|-damage|p2a: Raging Bolt|84/100|[from] confusion
|move|p1a: Pelipper|U-turn|p2a: Raging Bolt
|-damage|p2a: Raging Bolt|78/100
|c|☆sunshinepromise|omg
|
|t:|1779801105
|switch|p1a: Nuclear bomb|Porygon-Z|100/100|[from] U-turn
|-ability|p1a: Nuclear bomb|Download|boost
|-boost|p1a: Nuclear bomb|atk|1
|
|-weather|RainDance|[upkeep]
|upkeep
|turn|15
|
|t:|1779801110
|move|p1a: Nuclear bomb|Ice Beam|p2a: Raging Bolt
|-supereffective|p2a: Raging Bolt
|-damage|p2a: Raging Bolt|24/100
|-activate|p2a: Raging Bolt|confusion
|move|p2a: Raging Bolt|Thunderbolt|p1a: Nuclear bomb
|-damage|p1a: Nuclear bomb|0 fnt
|faint|p1a: Nuclear bomb
|
|-weather|RainDance|[upkeep]
|upkeep
|
|t:|1779801114
|switch|p1a: Barraskewda|Barraskewda, M|100/100
|turn|16
|c|☆sunshinepromise|i should of thunderclap im getting thrown off cuz you keep haxing
|
|t:|1779801126
|move|p1a: Barraskewda|Aqua Jet|p2a: Raging Bolt
|-resisted|p2a: Raging Bolt
|-damage|p2a: Raging Bolt|5/100
|-activate|p2a: Raging Bolt|confusion
|move|p2a: Raging Bolt|Thunderclap||[still]
|-fail|p2a: Raging Bolt
|
|-weather|RainDance|[upkeep]
|-fieldend|move: Electric Terrain
|upkeep
|turn|17
|c|☆sunshinepromise|i cant think straight
|
|t:|1779801139
|move|p1a: Barraskewda|Aqua Jet|p2a: Raging Bolt
|-resisted|p2a: Raging Bolt
|-damage|p2a: Raging Bolt|0 fnt
|faint|p2a: Raging Bolt
|-end|p2a: Raging Bolt|Protosynthesis|[silent]
|
|-weather|RainDance|[upkeep]
|upkeep
|
|t:|1779801141
|switch|p2a: Iron Moth|Iron Moth|100/100
|turn|18
|
|t:|1779801144
|move|p1a: Barraskewda|Aqua Jet|p2a: Iron Moth
|-supereffective|p2a: Iron Moth
|-damage|p2a: Iron Moth|0 fnt
|faint|p2a: Iron Moth
|-end|p2a: Iron Moth|Quark Drive|[silent]
|
|win|hgjgfjyg
|raw|hgjgfjyg's rating: 1390 &rarr; <strong>1413</strong><br />(+23 for winning)
|raw|sunshinepromise's rating: 1439 &rarr; <strong>1416</strong><br />(-23 for losing)
|c|☆hgjgfjyg|Gg
|c|☆sunshinepromise|no gg
|c|☆sunshinepromise|you mean ha ha i haxed you and have no skill right
|c|☆sunshinepromise|well no thank you
|c|☆hgjgfjyg|Bro its pokemon people are gonna get lucky
|c|☆sunshinepromise|bro its pokemon im not your bro bro
|c|☆sunshinepromise|im just joking gg
|l|☆hgjgfjyg
|player|p1|
|l|☆sunshinepromise
|player|p2|
