|j|☆Etjan22
|j|☆cau be ham choi
|t:|1779944985
|gametype|singles
|player|p1|Etjan22|brock|1126
|player|p2|cau be ham choi|volkner|1060
|gen|9
|tier|[Gen 9] OU
|rated|
|rule|HP Percentage Mod: HP is shown in percentages
|rule|Endless Battle Clause: Forcing endless battles is banned
|rule|Species Clause: Limit one of each Pokémon
|rule|OHKO Clause: OHKO moves are banned
|rule|Evasion Items Clause: Evasion items are banned
|rule|Evasion Moves Clause: Evasion moves are banned
|rule|Evasion Abilities Clause: Evasion abilities are banned
|rule|Sleep Moves Clause: Sleep-inducing moves are banned
|clearpoke
|poke|p1|Kingambit, M|
|poke|p1|Azumarill, M|
|poke|p1|Starly, L1, M|
|poke|p1|Iron Valiant|
|poke|p1|Zoroark-Hisui, M|
|poke|p1|Arcanine, M|
|poke|p2|Glimmora, M|
|poke|p2|Kingambit, M|
|poke|p2|Rotom-Wash|
|poke|p2|Garchomp, M|
|poke|p2|Scizor, M|
|poke|p2|Blaziken, M|
|teampreview
|
|t:|1779944993
|teamsize|p1|6
|teamsize|p2|6
|start
|switch|p1a: Azumarill|Azumarill, M|100/100
|switch|p2a: trap hoa|Glimmora, M, shiny|100/100
|turn|1
|
|t:|1779945003
|move|p1a: Azumarill|Nasty Plot|p1a: Azumarill
|-boost|p1a: Azumarill|spa|2
|move|p2a: trap hoa|Toxic|p1a: Azumarill
|-status|p1a: Azumarill|tox
|
|-damage|p1a: Azumarill|95/100 tox|[from] psn
|upkeep
|turn|2
|
|t:|1779945011
|move|p1a: Azumarill|Shadow Ball|p2a: trap hoa
|-damage|p2a: trap hoa|16/100
|move|p2a: trap hoa|Stealth Rock|p1a: Azumarill
|-sidestart|p1: Etjan22|move: Stealth Rock
|
|-damage|p1a: Azumarill|83/100 tox|[from] psn
|upkeep
|turn|3
|
|t:|1779945017
|move|p1a: Azumarill|Shadow Ball|p2a: trap hoa
|-damage|p2a: trap hoa|0 fnt
|faint|p2a: trap hoa
|
|-damage|p1a: Azumarill|65/100 tox|[from] psn
|upkeep
|
|t:|1779945029
|switch|p2a: Blaziken|Blaziken, M, shiny|100/100
|turn|4
|
|t:|1779945034
|move|p1a: Azumarill|Shadow Ball|p2a: Blaziken
|-damage|p2a: Blaziken|0 fnt
|faint|p2a: Blaziken
|
|-damage|p1a: Azumarill|41/100 tox|[from] psn
|upkeep
|
|t:|1779945040
|switch|p2a: bọ múa kiếm|Scizor, M|100/100
|turn|5
|
|t:|1779945043
|move|p2a: bọ múa kiếm|Bullet Punch|p1a: Azumarill
|-damage|p1a: Azumarill|0 fnt
|replace|p1a: Zoroark|Zoroark-Hisui, M
|-end|p1a: Zoroark|Illusion
|faint|p1a: Zoroark
|-damage|p2a: bọ múa kiếm|91/100|[from] item: Life Orb
|
|upkeep
|
|t:|1779945048
|switch|p1a: Arcanine|Arcanine, M|100/100
|-damage|p1a: Arcanine|76/100|[from] Stealth Rock
|turn|6
|
|t:|1779945058
|switch|p2a: Rotom|Rotom-Wash, shiny|100/100
|move|p1a: Arcanine|Will-O-Wisp|p2a: Rotom
|-status|p2a: Rotom|brn
|
|-damage|p2a: Rotom|94/100 brn|[from] brn
|upkeep
|turn|7
|
|t:|1779945067
|switch|p1a: Starly|Starly, L1, M|100/100
|-damage|p1a: Starly|75/100|[from] Stealth Rock
|move|p2a: Rotom|Nasty Plot|p2a: Rotom
|-boost|p2a: Rotom|spa|2
|
|-damage|p2a: Rotom|88/100 brn|[from] brn
|upkeep
|turn|8
|
|t:|1779945078
|move|p2a: Rotom|Discharge|p1a: Starly
|-supereffective|p1a: Starly
|-damage|p1a: Starly|0 fnt
|faint|p1a: Starly
|-damage|p2a: Rotom|78/100 brn|[from] item: Life Orb
|
|-damage|p2a: Rotom|72/100 brn|[from] brn
|upkeep
|
|t:|1779945084
|switch|p1a: Iron Valiant|Iron Valiant|100/100
|-damage|p1a: Iron Valiant|94/100|[from] Stealth Rock
|-enditem|p1a: Iron Valiant|Booster Energy
|-activate|p1a: Iron Valiant|ability: Quark Drive|[fromitem]
|-start|p1a: Iron Valiant|quarkdrivespe
|turn|9
|
|t:|1779945095
|move|p1a: Iron Valiant|Knock Off|p2a: Rotom
|-damage|p2a: Rotom|31/100 brn
|-enditem|p2a: Rotom|Life Orb|[from] move: Knock Off|[of] p1a: Iron Valiant
|move|p2a: Rotom|Hydro Pump|p1a: Iron Valiant
|-damage|p1a: Iron Valiant|0 fnt
|faint|p1a: Iron Valiant
|-end|p1a: Iron Valiant|Quark Drive|[silent]
|
|-damage|p2a: Rotom|25/100 brn|[from] brn
|upkeep
|
|t:|1779945105
|switch|p1a: Arcanine|Arcanine, M|76/100
|-damage|p1a: Arcanine|51/100|[from] Stealth Rock
|turn|10
|
|t:|1779945115
|move|p1a: Arcanine|Flare Blitz|p2a: Rotom
|-resisted|p2a: Rotom
|-damage|p2a: Rotom|0 fnt
|faint|p2a: Rotom
|-damage|p1a: Arcanine|44/100|[from] Recoil
|
|upkeep
|
|t:|1779945122
|switch|p2a: rồng có NY|Garchomp, M, shiny|100/100
|turn|11
|
|t:|1779945126
|move|p1a: Arcanine|Endure|p1a: Arcanine
|-singleturn|p1a: Arcanine|move: Endure
|move|p2a: rồng có NY|Earthquake|p1a: Arcanine
|-supereffective|p1a: Arcanine
|-activate|p1a: Arcanine|move: Endure
|-damage|p1a: Arcanine|1/100
|-enditem|p1a: Arcanine|Salac Berry|[eat]
|-boost|p1a: Arcanine|spe|1|[from] item: Salac Berry
|
|upkeep
|turn|12
|
|t:|1779945137
|move|p1a: Arcanine|Reversal|p2a: rồng có NY
|-damage|p2a: rồng có NY|35/100
|-damage|p1a: Arcanine|0 fnt|[from] ability: Rough Skin|[of] p2a: rồng có NY
|faint|p1a: Arcanine
|move|p2a: rồng có NY|Earthquake|p1: Arcanine|[notarget]
|-fail|p2a: rồng có NY
|
|upkeep
|
|t:|1779945147
|switch|p1a: Kingambit|Kingambit, M|100/100
|-damage|p1a: Kingambit|94/100|[from] Stealth Rock
|-activate|p1a: Kingambit|ability: Supreme Overlord
|-start|p1a: Kingambit|fallen4|[silent]
|turn|13
|
|t:|1779945157
|move|p1a: Kingambit|Sucker Punch|p2a: rồng có NY
|-damage|p2a: rồng có NY|0 fnt
|-damage|p1a: Kingambit|82/100|[from] ability: Rough Skin|[of] p2a: rồng có NY
|-damage|p1a: Kingambit|65/100|[from] item: Rocky Helmet|[of] p2a: rồng có NY
|faint|p2a: rồng có NY
|-damage|p1a: Kingambit|55/100|[from] item: Life Orb
|
|upkeep
|
|t:|1779945164
|switch|p2a: bọ múa kiếm|Scizor, M|91/100
|turn|14
|
|t:|1779945176
|-terastallize|p2a: bọ múa kiếm|Steel
|move|p2a: bọ múa kiếm|Brick Break|p1a: Kingambit
|-supereffective|p1a: Kingambit
|-damage|p1a: Kingambit|0 fnt
|faint|p1a: Kingambit
|-end|p1a: Kingambit|fallen4|[silent]
|-damage|p2a: bọ múa kiếm|81/100|[from] item: Life Orb
|
|upkeep
|
|t:|1779945180
|switch|p1a: Azumarill|Azumarill, M|100/100
|-damage|p1a: Azumarill|88/100|[from] Stealth Rock
|turn|15
|
|t:|1779945188
|move|p2a: bọ múa kiếm|Bullet Punch|p1a: Azumarill
|-damage|p1a: Azumarill|31/100
|-enditem|p1a: Azumarill|Sitrus Berry|[eat]
|-heal|p1a: Azumarill|56/100|[from] item: Sitrus Berry
|-damage|p2a: bọ múa kiếm|71/100|[from] item: Life Orb
|move|p1a: Azumarill|Belly Drum|p1a: Azumarill
|-damage|p1a: Azumarill|6/100
|-setboost|p1a: Azumarill|atk|6|[from] move: Belly Drum
|
|upkeep
|turn|16
|
|t:|1779945197
|move|p2a: bọ múa kiếm|Bullet Punch|p1a: Azumarill
|-damage|p1a: Azumarill|0 fnt
|faint|p1a: Azumarill
|-damage|p2a: bọ múa kiếm|61/100|[from] item: Life Orb
|
|win|cau be ham choi
|raw|Etjan22's rating: 1126 &rarr; <strong>1096</strong><br />(-30 for losing)
|raw|cau be ham choi's rating: 1060 &rarr; <strong>1097</strong><br />(+37 for winning)
|l|☆cau be ham choi
|player|p2|
|l|☆Etjan22
|player|p1|
