|j|☆claudechamp
|j|☆JJann2
|t:|1779808499
|gametype|singles
|player|p1|claudechamp|265|1266
|player|p2|JJann2|nate|1195
|gen|9
|tier|[Gen 9] OU
|rated|
|rule|HP Percentage Mod: HP is shown in percentages
|rule|Endless Battle Clause: Forcing endless battles is banned
|rule|Species Clause: Limit one of each Pokémon
|rule|OHKO Clause: OHKO moves are banned
|rule|Evasion Items Clause: Evasion items are banned
|rule|Evasion Moves Clause: Evasion moves are banned
|rule|Evasion Abilities Clause: Evasion abilities are banned
|rule|Sleep Moves Clause: Sleep-inducing moves are banned
|clearpoke
|poke|p1|Gliscor, F|
|poke|p1|Ogerpon, F|
|poke|p1|Walking Wake|
|poke|p1|Blissey, F|
|poke|p1|Corviknight, F|
|poke|p1|Pecharunt|
|poke|p2|Slowking-Galar, M|
|poke|p2|Dusclops, M|
|poke|p2|Garganacl, F|
|poke|p2|Snorlax, M|
|poke|p2|Kyurem|
|poke|p2|Slowbro, F|
|teampreview
|c|☆claudechamp|hf
|inactive|Battle timer is ON: inactive players will automatically lose when time's up. (requested by JJann2)
|inactive|claudechamp also wants the timer to be on.
|
|t:|1779808506
|teamsize|p1|6
|teamsize|p2|6
|start
|switch|p1a: Gliscor|Gliscor, F|100/100
|switch|p2a: Garganacl|Garganacl, F|100/100
|turn|1
|
|t:|1779808518
|move|p1a: Gliscor|Spikes|p2a: Garganacl
|-sidestart|p2: JJann2|Spikes
|move|p2a: Garganacl|Stealth Rock|p1a: Gliscor
|-sidestart|p1: claudechamp|move: Stealth Rock
|
|-status|p1a: Gliscor|tox|[from] item: Toxic Orb
|upkeep
|turn|2
|
|t:|1779808532
|move|p1a: Gliscor|Spikes|p2a: Garganacl
|-sidestart|p2: JJann2|Spikes
|move|p2a: Garganacl|Salt Cure|p1a: Gliscor
|-damage|p1a: Gliscor|89/100 tox
|-start|p1a: Gliscor|Salt Cure
|
|-heal|p1a: Gliscor|100/100 tox|[from] ability: Poison Heal
|-damage|p1a: Gliscor|88/100 tox|[from] Salt Cure
|upkeep
|turn|3
|
|t:|1779808546
|move|p1a: Gliscor|Earthquake|p2a: Garganacl
|-supereffective|p2a: Garganacl
|-damage|p2a: Garganacl|65/100
|move|p2a: Garganacl|Salt Cure|p1a: Gliscor
|-damage|p1a: Gliscor|78/100 tox
|
|-heal|p2a: Garganacl|71/100|[from] item: Leftovers
|-heal|p1a: Gliscor|90/100 tox|[from] ability: Poison Heal
|-damage|p1a: Gliscor|78/100 tox|[from] Salt Cure
|upkeep
|turn|4
|
|t:|1779808558
|move|p1a: Gliscor|Spikes|p2a: Garganacl
|-sidestart|p2: JJann2|Spikes
|move|p2a: Garganacl|Body Press|p1a: Gliscor
|-resisted|p1a: Gliscor
|-damage|p1a: Gliscor|66/100 tox
|
|-heal|p2a: Garganacl|77/100|[from] item: Leftovers
|-heal|p1a: Gliscor|78/100 tox|[from] ability: Poison Heal
|-damage|p1a: Gliscor|66/100 tox|[from] Salt Cure
|upkeep
|turn|5
|
|t:|1779808565
|move|p1a: Gliscor|Earthquake|p2a: Garganacl
|-supereffective|p2a: Garganacl
|-damage|p2a: Garganacl|44/100
|move|p2a: Garganacl|Body Press|p1a: Gliscor
|-resisted|p1a: Gliscor
|-damage|p1a: Gliscor|55/100 tox
|
|-heal|p2a: Garganacl|50/100|[from] item: Leftovers
|-heal|p1a: Gliscor|67/100 tox|[from] ability: Poison Heal
|-damage|p1a: Gliscor|55/100 tox|[from] Salt Cure
|upkeep
|turn|6
|
|t:|1779808570
|switch|p1a: Ogerpon|Ogerpon, F|100/100
|move|p2a: Garganacl|Recover|p2a: Garganacl
|-heal|p2a: Garganacl|99/100
|
|-heal|p2a: Garganacl|100/100|[from] item: Leftovers
|upkeep
|turn|7
|
|t:|1779808576
|switch|p2a: Dusclops|Dusclops, M|100/100
|-damage|p2a: Dusclops|75/100|[from] Spikes
|-item|p1a: Ogerpon|Heavy-Duty Boots|[from] ability: Frisk|[of] p2a: Dusclops
|move|p1a: Ogerpon|Ivy Cudgel|p2a: Dusclops
|-damage|p2a: Dusclops|43/100
|
|upkeep
|turn|8
|
|t:|1779808581
|move|p1a: Ogerpon|Ivy Cudgel|p2a: Dusclops
|-damage|p2a: Dusclops|14/100
|move|p2a: Dusclops|Will-O-Wisp|p1a: Ogerpon|[miss]
|-miss|p2a: Dusclops|p1a: Ogerpon
|
|upkeep
|turn|9
|
|t:|1779808586
|move|p1a: Ogerpon|Knock Off|p2a: Dusclops
|-supereffective|p2a: Dusclops
|-damage|p2a: Dusclops|0 fnt
|-enditem|p2a: Dusclops|Eviolite|[from] move: Knock Off|[of] p1a: Ogerpon
|faint|p2a: Dusclops
|
|upkeep
|
|t:|1779808594
|switch|p2a: Slowking|Slowking-Galar, M|100/100
|turn|10
|
|t:|1779808598
|move|p1a: Ogerpon|Ivy Cudgel|p2a: Slowking
|-resisted|p2a: Slowking
|-damage|p2a: Slowking|80/100
|move|p2a: Slowking|Eerie Spell|p1a: Ogerpon
|-damage|p1a: Ogerpon|63/100
|-activate|p1a: Ogerpon|move: Eerie Spell|Ivy Cudgel|3
|
|upkeep
|turn|11
|
|t:|1779808602
|move|p1a: Ogerpon|Knock Off|p2a: Slowking
|-supereffective|p2a: Slowking
|-damage|p2a: Slowking|26/100
|-enditem|p2a: Slowking|Heavy-Duty Boots|[from] move: Knock Off|[of] p1a: Ogerpon
|move|p2a: Slowking|Sludge Wave|p1a: Ogerpon
|-supereffective|p1a: Ogerpon
|-damage|p1a: Ogerpon|0 fnt
|faint|p1a: Ogerpon
|
|upkeep
|
|t:|1779808610
|switch|p1a: Walking Wake|Walking Wake|100/100
|turn|12
|
|t:|1779808619
|move|p1a: Walking Wake|Surf|p2a: Slowking
|-damage|p2a: Slowking|0 fnt
|faint|p2a: Slowking
|
|upkeep
|
|t:|1779808622
|switch|p2a: Kyurem|Kyurem|100/100
|-damage|p2a: Kyurem|76/100|[from] Spikes
|-ability|p2a: Kyurem|Pressure
|turn|13
|
|t:|1779808632
|-terastallize|p2a: Kyurem|Dark
|move|p1a: Walking Wake|Draco Meteor|p2a: Kyurem
|-damage|p2a: Kyurem|16/100
|-unboost|p1a: Walking Wake|spa|2
|move|p2a: Kyurem|Dragon Dance|p2a: Kyurem
|-boost|p2a: Kyurem|atk|1
|-boost|p2a: Kyurem|spe|1
|
|upkeep
|turn|14
|
|t:|1779808641
|move|p1a: Walking Wake|Surf|p2a: Kyurem
|-damage|p2a: Kyurem|0 fnt
|faint|p2a: Kyurem
|
|upkeep
|
|t:|1779808646
|switch|p2a: Snorlax|Snorlax, M|100/100
|-damage|p2a: Snorlax|76/100|[from] Spikes
|turn|15
|
|t:|1779808653
|move|p1a: Walking Wake|Surf|p2a: Snorlax
|-damage|p2a: Snorlax|62/100
|move|p2a: Snorlax|Body Slam|p1a: Walking Wake
|-damage|p1a: Walking Wake|54/100
|
|-heal|p2a: Snorlax|68/100|[from] item: Leftovers
|upkeep
|turn|16
|
|t:|1779808665
|-end|p1a: Walking Wake|Protosynthesis|[silent]
|switch|p1a: Pecharunt|Pecharunt|100/100
|move|p2a: Snorlax|Body Slam|p1a: Pecharunt
|-immune|p1a: Pecharunt
|
|-heal|p2a: Snorlax|74/100|[from] item: Leftovers
|upkeep
|turn|17
|
|t:|1779808678
|switch|p2a: Garganacl|Garganacl, F|100/100
|-damage|p2a: Garganacl|75/100|[from] Spikes
|move|p1a: Pecharunt|Parting Shot|p2a: Garganacl
|-unboost|p2a: Garganacl|atk|1
|-unboost|p2a: Garganacl|spa|1
|
|t:|1779808682
|switch|p1a: Walking Wake|Walking Wake|54/100|[from] Parting Shot
|
|-heal|p2a: Garganacl|82/100|[from] item: Leftovers
|upkeep
|turn|18
|
|t:|1779808686
|move|p1a: Walking Wake|Surf|p2a: Garganacl
|-supereffective|p2a: Garganacl
|-damage|p2a: Garganacl|0 fnt
|faint|p2a: Garganacl
|
|upkeep
|
|t:|1779808690
|switch|p2a: Slowbro|Slowbro, F|100/100
|-damage|p2a: Slowbro|76/100|[from] Spikes
|turn|19
|
|t:|1779808694
|-terastallize|p1a: Walking Wake|Water
|move|p1a: Walking Wake|Surf|p2a: Slowbro
|-resisted|p2a: Slowbro
|-damage|p2a: Slowbro|56/100
|move|p2a: Slowbro|Future Sight|p1a: Walking Wake
|-start|p2a: Slowbro|move: Future Sight
|
|upkeep
|turn|20
|
|t:|1779808698
|move|p1a: Walking Wake|Draco Meteor|p2a: Slowbro
|-crit|p2a: Slowbro
|-damage|p2a: Slowbro|0 fnt
|-unboost|p1a: Walking Wake|spa|2
|faint|p2a: Slowbro
|
|upkeep
|
|t:|1779808701
|switch|p2a: Snorlax|Snorlax, M|74/100
|-damage|p2a: Snorlax|49/100|[from] Spikes
|turn|21
|
|t:|1779808705
|-end|p1a: Walking Wake|Protosynthesis|[silent]
|switch|p1a: Corviknight|Corviknight, F|100/100
|-ability|p1a: Corviknight|Pressure
|move|p2a: Snorlax|Rest|p2a: Snorlax
|-status|p2a: Snorlax|slp|[from] move: Rest
|-heal|p2a: Snorlax|100/100 slp|[silent]
|
|-end|p1a: Corviknight|move: Future Sight
|-resisted|p1a: Corviknight
|-crit|p1a: Corviknight
|-damage|p1a: Corviknight|58/100
|upkeep
|turn|22
|
|t:|1779808711
|move|p1a: Corviknight|Body Press|p2a: Snorlax
|-supereffective|p2a: Snorlax
|-damage|p2a: Snorlax|56/100 slp
|cant|p2a: Snorlax|slp
|move|p2a: Snorlax|Sleep Talk|p2a: Snorlax
|move|p2a: Snorlax|Rest||[from] move: Sleep Talk|[still]
|-fail|p2a: Snorlax
|
|-heal|p2a: Snorlax|63/100 slp|[from] item: Leftovers
|upkeep
|turn|23
|
|t:|1779808716
|move|p1a: Corviknight|Body Press|p2a: Snorlax
|-supereffective|p2a: Snorlax
|-damage|p2a: Snorlax|16/100 slp
|cant|p2a: Snorlax|slp
|move|p2a: Snorlax|Sleep Talk|p2a: Snorlax
|move|p2a: Snorlax|Heavy Slam|p1a: Corviknight|[from] move: Sleep Talk
|-resisted|p1a: Corviknight
|-damage|p1a: Corviknight|44/100
|
|-heal|p2a: Snorlax|23/100 slp|[from] item: Leftovers
|upkeep
|turn|24
|
|t:|1779808724
|move|p1a: Corviknight|Body Press|p2a: Snorlax
|-supereffective|p2a: Snorlax
|-damage|p2a: Snorlax|0 fnt
|faint|p2a: Snorlax
|
|win|claudechamp
|raw|claudechamp's rating: 1246 &rarr; <strong>1267</strong><br />(+21 for winning)
|raw|JJann2's rating: 1195 &rarr; <strong>1174</strong><br />(-21 for losing)
|c|☆claudechamp|gg
|l|☆claudechamp
|player|p1|
|l|☆JJann2
|player|p2|
