|j|☆Batman340
|j|☆DEEZ NUTHS
|t:|1779855652
|gametype|singles
|player|p1|Batman340|265|1349
|player|p2|DEEZ NUTHS|steven|1352
|gen|9
|tier|[Gen 9] OU
|rated|
|rule|HP Percentage Mod: HP is shown in percentages
|rule|Endless Battle Clause: Forcing endless battles is banned
|rule|Species Clause: Limit one of each Pokémon
|rule|OHKO Clause: OHKO moves are banned
|rule|Evasion Items Clause: Evasion items are banned
|rule|Evasion Moves Clause: Evasion moves are banned
|rule|Evasion Abilities Clause: Evasion abilities are banned
|rule|Sleep Moves Clause: Sleep-inducing moves are banned
|clearpoke
|poke|p1|Iron Moth|
|poke|p1|Conkeldurr, F|
|poke|p1|Dragapult, M|
|poke|p1|Zamazenta-*|
|poke|p1|Hatterene, F|
|poke|p1|Iron Valiant|
|poke|p2|Primarina, F|
|poke|p2|Weavile, M|
|poke|p2|Corviknight, M|
|poke|p2|Garchomp, F|
|poke|p2|Enamorus, F|
|poke|p2|Slowking-Galar, M|
|teampreview
|inactive|Battle timer is ON: inactive players will automatically lose when time's up. (requested by Batman340)
|
|t:|1779855677
|teamsize|p1|6
|teamsize|p2|6
|start
|switch|p1a: Hatterene|Hatterene, F|100/100
|switch|p2a: Jet2Holiday|Garchomp, F|100/100
|turn|1
|
|t:|1779855689
|move|p2a: Jet2Holiday|Earthquake|p1a: Hatterene
|-damage|p1a: Hatterene|42/100
|move|p1a: Hatterene|Draining Kiss|p2a: Jet2Holiday
|-supereffective|p2a: Jet2Holiday
|-damage|p2a: Jet2Holiday|43/100
|-heal|p1a: Hatterene|100/100|[from] drain|[of] p2a: Jet2Holiday
|-damage|p1a: Hatterene|88/100|[from] ability: Rough Skin|[of] p2a: Jet2Holiday
|-damage|p1a: Hatterene|72/100|[from] item: Rocky Helmet|[of] p2a: Jet2Holiday
|
|-heal|p1a: Hatterene|78/100|[from] item: Leftovers
|upkeep
|turn|2
|
|t:|1779855701
|switch|p2a: Corviknight|Corviknight, M|100/100
|move|p1a: Hatterene|Draining Kiss|p2a: Corviknight
|-resisted|p2a: Corviknight
|-damage|p2a: Corviknight|87/100
|-heal|p1a: Hatterene|93/100|[from] drain|[of] p2a: Corviknight
|-damage|p1a: Hatterene|77/100|[from] item: Rocky Helmet|[of] p2a: Corviknight
|
|-heal|p1a: Hatterene|83/100|[from] item: Leftovers
|upkeep
|turn|3
|
|t:|1779855716
|switch|p1a: Iron Moth|Iron Moth|100/100
|-enditem|p1a: Iron Moth|Booster Energy
|-activate|p1a: Iron Moth|ability: Quark Drive|[fromitem]
|-start|p1a: Iron Moth|quarkdrivespa
|move|p2a: Corviknight|Brave Bird|p1a: Iron Moth
|-damage|p1a: Iron Moth|43/100
|-damage|p2a: Corviknight|73/100|[from] Recoil
|
|upkeep
|turn|4
|
|t:|1779855727
|switch|p2a: Navy seal|Primarina, F|100/100
|move|p1a: Iron Moth|Fiery Dance|p2a: Navy seal
|-resisted|p2a: Navy seal
|-damage|p2a: Navy seal|82/100
|-boost|p1a: Iron Moth|spa|1
|
|upkeep
|turn|5
|
|t:|1779855743
|-terastallize|p2a: Navy seal|Poison
|move|p1a: Iron Moth|Sludge Wave|p2a: Navy seal
|-resisted|p2a: Navy seal
|-damage|p2a: Navy seal|48/100
|move|p2a: Navy seal|Surf|p1a: Iron Moth
|-supereffective|p1a: Iron Moth
|-damage|p1a: Iron Moth|0 fnt
|faint|p1a: Iron Moth
|-end|p1a: Iron Moth|Quark Drive|[silent]
|
|upkeep
|
|t:|1779855764
|switch|p1a: Dragapult|Dragapult, M, shiny|100/100
|turn|6
|
|t:|1779855774
|switch|p2a: Big G (nie)|Enamorus, F|100/100
|move|p1a: Dragapult|Dragon Darts|p2a: Big G (nie)
|-immune|p2a: Big G (nie)
|
|upkeep
|turn|7
|
|t:|1779855787
|switch|p1a: Hatterene|Hatterene, F|83/100
|move|p2a: Big G (nie)|Moonblast|p1a: Hatterene
|-damage|p1a: Hatterene|29/100
|
|-heal|p1a: Hatterene|36/100|[from] item: Leftovers
|upkeep
|turn|8
|
|t:|1779855795
|move|p2a: Big G (nie)|Moonblast|p1a: Hatterene
|-damage|p1a: Hatterene|0 fnt
|faint|p1a: Hatterene
|
|upkeep
|
|t:|1779855813
|switch|p1a: Zamazenta|Zamazenta|100/100
|-ability|p1a: Zamazenta|Dauntless Shield|boost
|-boost|p1a: Zamazenta|def|1
|turn|9
|
|t:|1779855821
|-terastallize|p1a: Zamazenta|Steel
|move|p2a: Big G (nie)|Moonblast|p1a: Zamazenta
|-resisted|p1a: Zamazenta
|-damage|p1a: Zamazenta|74/100
|move|p1a: Zamazenta|Iron Defense|p1a: Zamazenta
|-boost|p1a: Zamazenta|def|2
|
|-heal|p1a: Zamazenta|80/100|[from] item: Leftovers
|upkeep
|turn|10
|
|t:|1779855835
|switch|p2a: Jet2Holiday|Garchomp, F|43/100
|move|p1a: Zamazenta|Iron Head|p2a: Jet2Holiday
|-damage|p2a: Jet2Holiday|24/100
|-damage|p1a: Zamazenta|67/100|[from] ability: Rough Skin|[of] p2a: Jet2Holiday
|-damage|p1a: Zamazenta|51/100|[from] item: Rocky Helmet|[of] p2a: Jet2Holiday
|
|-heal|p1a: Zamazenta|57/100|[from] item: Leftovers
|upkeep
|turn|11
|
|t:|1779855845
|move|p1a: Zamazenta|Body Press|p2a: Jet2Holiday
|-damage|p2a: Jet2Holiday|0 fnt
|-damage|p1a: Zamazenta|45/100|[from] ability: Rough Skin|[of] p2a: Jet2Holiday
|-damage|p1a: Zamazenta|28/100|[from] item: Rocky Helmet|[of] p2a: Jet2Holiday
|faint|p2a: Jet2Holiday
|
|-heal|p1a: Zamazenta|34/100|[from] item: Leftovers
|upkeep
|
|t:|1779855853
|switch|p2a: Corviknight|Corviknight, M|73/100
|turn|12
|
|t:|1779855858
|move|p1a: Zamazenta|Body Press|p2a: Corviknight
|-damage|p2a: Corviknight|16/100
|-damage|p1a: Zamazenta|18/100|[from] item: Rocky Helmet|[of] p2a: Corviknight
|move|p2a: Corviknight|Body Press|p1a: Zamazenta
|-supereffective|p1a: Zamazenta
|-damage|p1a: Zamazenta|2/100
|
|-heal|p1a: Zamazenta|8/100|[from] item: Leftovers
|upkeep
|turn|13
|
|t:|1779855870
|move|p1a: Zamazenta|Body Press|p2a: Corviknight
|-damage|p2a: Corviknight|0 fnt
|-damage|p1a: Zamazenta|0 fnt|[from] item: Rocky Helmet|[of] p2a: Corviknight
|faint|p2a: Corviknight
|faint|p1a: Zamazenta
|
|upkeep
|
|t:|1779855881
|switch|p1a: Iron Valiant|Iron Valiant|100/100
|switch|p2a: Big G (nie)|Enamorus, F|100/100
|-enditem|p1a: Iron Valiant|Booster Energy
|-activate|p1a: Iron Valiant|ability: Quark Drive|[fromitem]
|-start|p1a: Iron Valiant|quarkdrivespe
|turn|14
|
|t:|1779855891
|move|p1a: Iron Valiant|Knock Off|p2a: Big G (nie)
|-resisted|p2a: Big G (nie)
|-damage|p2a: Big G (nie)|73/100
|-enditem|p2a: Big G (nie)|Choice Scarf|[from] move: Knock Off|[of] p1a: Iron Valiant
|move|p2a: Big G (nie)|Moonblast|p1a: Iron Valiant
|-supereffective|p1a: Iron Valiant
|-damage|p1a: Iron Valiant|0 fnt
|faint|p1a: Iron Valiant
|-end|p1a: Iron Valiant|Quark Drive|[silent]
|
|upkeep
|
|t:|1779855903
|switch|p1a: Dragapult|Dragapult, M, shiny|100/100
|turn|15
|
|t:|1779855910
|move|p1a: Dragapult|Phantom Force||[still]
|-prepare|p1a: Dragapult|Phantom Force
|move|p2a: Big G (nie)|Moonblast|p1a: Dragapult|[miss]
|-miss|p2a: Big G (nie)|p1a: Dragapult
|
|upkeep
|turn|16
|
|t:|1779855917
|move|p1a: Dragapult|Phantom Force|p2a: Big G (nie)|[from] lockedmove
|-damage|p2a: Big G (nie)|0 fnt
|faint|p2a: Big G (nie)
|
|upkeep
|
|t:|1779855933
|switch|p2a: Iceman|Weavile, M|100/100
|turn|17
|
|t:|1779855941
|switch|p1a: Conkeldurr|Conkeldurr, F|100/100
|move|p2a: Iceman|Triple Axel|p1a: Conkeldurr
|-damage|p1a: Conkeldurr|87/100
|-damage|p1a: Conkeldurr|61/100
|-damage|p1a: Conkeldurr|18/100
|-hitcount|p1a: Conkeldurr|3
|
|upkeep
|turn|18
|
|t:|1779855952
|switch|p2a: Beeheader|Slowking-Galar, M, shiny|100/100
|move|p1a: Conkeldurr|Mach Punch|p2a: Beeheader
|-resisted|p2a: Beeheader
|-damage|p2a: Beeheader|94/100
|
|upkeep
|turn|19
|
|t:|1779855958
|move|p1a: Conkeldurr|Drain Punch|p2a: Beeheader
|-resisted|p2a: Beeheader
|-damage|p2a: Beeheader|81/100
|-heal|p1a: Conkeldurr|24/100|[from] drain|[of] p2a: Beeheader
|move|p2a: Beeheader|Sludge Bomb|p1a: Conkeldurr
|-damage|p1a: Conkeldurr|2/100
|-status|p1a: Conkeldurr|psn
|
|-damage|p1a: Conkeldurr|0 fnt|[from] psn
|faint|p1a: Conkeldurr
|upkeep
|-message|Batman340 forfeited.
|
|win|DEEZ NUTHS
|raw|Batman340's rating: 1349 &rarr; <strong>1329</strong><br />(-20 for losing)
|raw|DEEZ NUTHS's rating: 1352 &rarr; <strong>1372</strong><br />(+20 for winning)
|l|☆Batman340
|player|p1|
|l|☆DEEZ NUTHS
|player|p2|
