|j|‽Doug Douglasson
|j|☆claudechamp
|t:|1779884950
|gametype|singles
|player|p1|Doug Douglasson|hiker-gen4|1228
|player|p2|claudechamp|169|1287
|gen|9
|tier|[Gen 9] OU
|rated|
|rule|HP Percentage Mod: HP is shown in percentages
|rule|Endless Battle Clause: Forcing endless battles is banned
|rule|Species Clause: Limit one of each Pokémon
|rule|OHKO Clause: OHKO moves are banned
|rule|Evasion Items Clause: Evasion items are banned
|rule|Evasion Moves Clause: Evasion moves are banned
|rule|Evasion Abilities Clause: Evasion abilities are banned
|rule|Sleep Moves Clause: Sleep-inducing moves are banned
|clearpoke
|poke|p1|Iron Moth|
|poke|p1|Gliscor, F|
|poke|p1|Hatterene, F|
|poke|p1|Ogerpon-Wellspring, F|
|poke|p1|Raging Bolt|
|poke|p1|Zamazenta-*|
|poke|p2|Gliscor, M|
|poke|p2|Ogerpon, F|
|poke|p2|Walking Wake|
|poke|p2|Blissey, F|
|poke|p2|Corviknight, F|
|poke|p2|Pecharunt|
|teampreview
|inactive|Battle timer is ON: inactive players will automatically lose when time's up. (requested by Doug Douglasson)
|c|☆claudechamp|hf
|inactive|claudechamp also wants the timer to be on.
|
|t:|1779884957
|teamsize|p1|6
|teamsize|p2|6
|start
|switch|p1a: Zamazenta|Zamazenta|100/100
|switch|p2a: Gliscor|Gliscor, M|100/100
|-ability|p1a: Zamazenta|Dauntless Shield|boost
|-boost|p1a: Zamazenta|def|1
|turn|1
|
|t:|1779884964
|move|p1a: Zamazenta|Reflect|p1a: Zamazenta
|-sidestart|p1: Doug Douglasson|Reflect
|move|p2a: Gliscor|Spikes|p1a: Zamazenta
|-sidestart|p1: Doug Douglasson|Spikes
|
|-status|p2a: Gliscor|tox|[from] item: Toxic Orb
|upkeep
|turn|2
|
|t:|1779884969
|move|p1a: Zamazenta|Ice Fang|p2a: Gliscor
|-supereffective|p2a: Gliscor
|-damage|p2a: Gliscor|43/100 tox
|move|p2a: Gliscor|Spikes|p1a: Zamazenta
|-sidestart|p1: Doug Douglasson|Spikes
|
|-heal|p2a: Gliscor|55/100 tox|[from] ability: Poison Heal
|upkeep
|turn|3
|
|t:|1779884975
|switch|p2a: Pecharunt|Pecharunt|100/100
|move|p1a: Zamazenta|Ice Fang|p2a: Pecharunt
|-damage|p2a: Pecharunt|92/100
|
|upkeep
|turn|4
|
|t:|1779884991
|switch|p1a: Gliscor|Gliscor, F|100/100
|move|p2a: Pecharunt|Malignant Chain|p1a: Gliscor
|-resisted|p1a: Gliscor
|-damage|p1a: Gliscor|81/100
|
|-status|p1a: Gliscor|tox|[from] item: Toxic Orb
|upkeep
|turn|5
|
|t:|1779885005
|switch|p2a: Gliscor|Gliscor, M|55/100 tox
|move|p1a: Gliscor|Swords Dance|p1a: Gliscor
|-boost|p1a: Gliscor|atk|2
|
|-heal|p1a: Gliscor|93/100 tox|[from] ability: Poison Heal
|-heal|p2a: Gliscor|68/100 tox|[from] ability: Poison Heal
|upkeep
|turn|6
|
|t:|1779885015
|move|p1a: Gliscor|Facade|p2a: Gliscor
|-damage|p2a: Gliscor|0 fnt
|faint|p2a: Gliscor
|
|-heal|p1a: Gliscor|100/100 tox|[from] ability: Poison Heal
|upkeep
|
|t:|1779885022
|switch|p2a: Walking Wake|Walking Wake|100/100
|turn|7
|
|t:|1779885033
|switch|p1a: Hatterene|Hatterene, F|100/100
|-damage|p1a: Hatterene|84/100|[from] Spikes
|move|p2a: Walking Wake|Surf|p1a: Hatterene
|-damage|p1a: Hatterene|40/100
|
|-heal|p1a: Hatterene|46/100|[from] item: Leftovers
|upkeep
|turn|8
|
|t:|1779885042
|move|p2a: Walking Wake|Surf|p1a: Hatterene
|-damage|p1a: Hatterene|0 fnt
|faint|p1a: Hatterene
|
|-sideend|p1: Doug Douglasson|Reflect
|upkeep
|
|t:|1779885046
|switch|p1a: Raging Bolt|Raging Bolt|100/100
|-damage|p1a: Raging Bolt|84/100|[from] Spikes
|-enditem|p1a: Raging Bolt|Booster Energy
|-activate|p1a: Raging Bolt|ability: Protosynthesis|[fromitem]
|-start|p1a: Raging Bolt|protosynthesisspa
|turn|9
|
|t:|1779885049
|move|p1a: Raging Bolt|Thunderclap|p2a: Walking Wake
|-crit|p2a: Walking Wake
|-damage|p2a: Walking Wake|1/100
|move|p2a: Walking Wake|Draco Meteor|p1a: Raging Bolt
|-supereffective|p1a: Raging Bolt
|-damage|p1a: Raging Bolt|0 fnt
|-unboost|p2a: Walking Wake|spa|2
|faint|p1a: Raging Bolt
|-end|p1a: Raging Bolt|Protosynthesis|[silent]
|
|upkeep
|
|t:|1779885058
|switch|p1a: Iron Moth|Iron Moth|100/100
|-damage|p1a: Iron Moth|84/100|[from] Spikes
|-enditem|p1a: Iron Moth|Booster Energy
|-activate|p1a: Iron Moth|ability: Quark Drive|[fromitem]
|-start|p1a: Iron Moth|quarkdrivespe
|turn|10
|
|t:|1779885075
|-end|p2a: Walking Wake|Protosynthesis|[silent]
|switch|p2a: Blissey|Blissey, F|100/100
|move|p1a: Iron Moth|Fiery Dance|p2a: Blissey
|-damage|p2a: Blissey|87/100
|
|upkeep
|turn|11
|
|t:|1779885092
|move|p1a: Iron Moth|Fiery Dance|p2a: Blissey
|-damage|p2a: Blissey|74/100
|move|p2a: Blissey|Stealth Rock|p1a: Iron Moth
|-sidestart|p1: Doug Douglasson|move: Stealth Rock
|
|upkeep
|turn|12
|
|t:|1779885105
|move|p1a: Iron Moth|Fiery Dance|p2a: Blissey
|-damage|p2a: Blissey|63/100
|move|p2a: Blissey|Soft-Boiled|p2a: Blissey
|-heal|p2a: Blissey|100/100
|
|upkeep
|turn|13
|
|t:|1779885113
|move|p1a: Iron Moth|Fiery Dance|p2a: Blissey
|-damage|p2a: Blissey|88/100
|-boost|p1a: Iron Moth|spa|1
|move|p2a: Blissey|Seismic Toss|p1a: Iron Moth
|-damage|p1a: Iron Moth|54/100
|
|upkeep
|turn|14
|
|t:|1779885120
|move|p1a: Iron Moth|Sludge Wave|p2a: Blissey
|-damage|p2a: Blissey|68/100
|move|p2a: Blissey|Seismic Toss|p1a: Iron Moth
|-damage|p1a: Iron Moth|23/100
|
|upkeep
|turn|15
|
|t:|1779885128
|move|p1a: Iron Moth|Sludge Wave|p2a: Blissey
|-damage|p2a: Blissey|44/100
|move|p2a: Blissey|Seismic Toss|p1a: Iron Moth
|-damage|p1a: Iron Moth|0 fnt
|faint|p1a: Iron Moth
|-end|p1a: Iron Moth|Quark Drive|[silent]
|
|upkeep
|
|t:|1779885134
|switch|p1a: Gliscor|Gliscor, F|100/100 tox
|-damage|p1a: Gliscor|88/100 tox|[from] Stealth Rock
|turn|16
|
|t:|1779885137
|switch|p2a: Pecharunt|Pecharunt|92/100
|move|p1a: Gliscor|Facade|p2a: Pecharunt
|-immune|p2a: Pecharunt
|
|-heal|p1a: Gliscor|100/100 tox|[from] ability: Poison Heal
|upkeep
|turn|17
|
|t:|1779885140
|move|p1a: Gliscor|Earthquake|p2a: Pecharunt
|-supereffective|p2a: Pecharunt
|-damage|p2a: Pecharunt|47/100
|move|p2a: Pecharunt|Parting Shot|p1a: Gliscor
|-unboost|p1a: Gliscor|atk|1
|-unboost|p1a: Gliscor|spa|1
|
|t:|1779885143
|switch|p2a: Walking Wake|Walking Wake|1/100|[from] Parting Shot
|
|upkeep
|turn|18
|
|t:|1779885159
|move|p2a: Walking Wake|Surf|p1a: Gliscor
|-supereffective|p1a: Gliscor
|-damage|p1a: Gliscor|0 fnt
|faint|p1a: Gliscor
|
|upkeep
|
|t:|1779885163
|switch|p1a: Zamazenta|Zamazenta|100/100
|-damage|p1a: Zamazenta|84/100|[from] Spikes
|-damage|p1a: Zamazenta|78/100|[from] Stealth Rock
|turn|19
|
|t:|1779885168
|-end|p2a: Walking Wake|Protosynthesis|[silent]
|switch|p2a: Pecharunt|Pecharunt|47/100
|move|p1a: Zamazenta|Light Screen|p1a: Zamazenta
|-sidestart|p1: Doug Douglasson|move: Light Screen
|
|upkeep
|turn|20
|
|t:|1779885179
|move|p1a: Zamazenta|Reflect|p1a: Zamazenta
|-sidestart|p1: Doug Douglasson|Reflect
|move|p2a: Pecharunt|Recover|p2a: Pecharunt
|-heal|p2a: Pecharunt|97/100
|
|upkeep
|turn|21
|
|t:|1779885186
|move|p1a: Zamazenta|Ice Fang|p2a: Pecharunt
|-damage|p2a: Pecharunt|89/100
|move|p2a: Pecharunt|Malignant Chain|p1a: Zamazenta
|-damage|p1a: Zamazenta|66/100
|
|upkeep
|turn|22
|
|t:|1779885192
|move|p1a: Zamazenta|Ice Fang|p2a: Pecharunt
|-damage|p2a: Pecharunt|81/100
|move|p2a: Pecharunt|Malignant Chain|p1a: Zamazenta
|-damage|p1a: Zamazenta|54/100
|-status|p1a: Zamazenta|tox
|-start|p1a: Zamazenta|confusion|[from] ability: Poison Puppeteer|[of] p2a: Pecharunt
|
|-damage|p1a: Zamazenta|48/100 tox|[from] psn
|upkeep
|turn|23
|
|t:|1779885197
|-activate|p1a: Zamazenta|confusion
|-damage|p1a: Zamazenta|38/100 tox|[from] confusion
|move|p2a: Pecharunt|Malignant Chain|p1a: Zamazenta
|-damage|p1a: Zamazenta|27/100 tox
|
|-damage|p1a: Zamazenta|15/100 tox|[from] psn
|upkeep
|turn|24
|
|t:|1779885207
|-activate|p1a: Zamazenta|confusion
|move|p1a: Zamazenta|Ice Fang|p2a: Pecharunt
|-damage|p2a: Pecharunt|72/100
|move|p2a: Pecharunt|Recover|p2a: Pecharunt
|-heal|p2a: Pecharunt|100/100
|
|-damage|p1a: Zamazenta|0 fnt|[from] psn
|faint|p1a: Zamazenta
|upkeep
|
|t:|1779885216
|switch|p1a: Ogerpon|Ogerpon-Wellspring, F|100/100
|-damage|p1a: Ogerpon|84/100|[from] Spikes
|-damage|p1a: Ogerpon|72/100|[from] Stealth Rock
|turn|25
|
|t:|1779885222
|-terastallize|p2a: Pecharunt|Dark
|move|p1a: Ogerpon|Encore|p2a: Pecharunt
|-start|p2a: Pecharunt|Encore
|move|p2a: Pecharunt|Recover||[still]
|-fail|p2a: Pecharunt|heal
|
|upkeep
|turn|26
|
|t:|1779885232
|switch|p2a: Walking Wake|Walking Wake|1/100
|-terastallize|p1a: Ogerpon|Water
|detailschange|p1a: Ogerpon|Ogerpon-Wellspring-Tera, F, tera:Water
|-ability|p1a: Ogerpon|Embody Aspect (Wellspring)|boost
|-boost|p1a: Ogerpon|spd|1
|move|p1a: Ogerpon|Trailblaze|p2a: Walking Wake
|-damage|p2a: Walking Wake|0 fnt
|-boost|p1a: Ogerpon|spe|1
|faint|p2a: Walking Wake
|-end|p2a: Walking Wake|Protosynthesis|[silent]
|
|-sideend|p1: Doug Douglasson|move: Light Screen
|upkeep
|
|t:|1779885239
|switch|p2a: Ogerpon|Ogerpon, F|100/100
|turn|27
|
|t:|1779885254
|move|p1a: Ogerpon|Ivy Cudgel|p2a: Ogerpon|[anim] Ivy Cudgel Water
|-resisted|p2a: Ogerpon
|-damage|p2a: Ogerpon|40/100
|move|p2a: Ogerpon|Ivy Cudgel|p1a: Ogerpon
|-supereffective|p1a: Ogerpon
|-damage|p1a: Ogerpon|12/100
|
|-sideend|p1: Doug Douglasson|Reflect
|upkeep
|turn|28
|
|t:|1779885271
|move|p1a: Ogerpon|Ivy Cudgel|p2a: Ogerpon|[anim] Ivy Cudgel Water
|-resisted|p2a: Ogerpon
|-damage|p2a: Ogerpon|0 fnt
|faint|p2a: Ogerpon
|
|upkeep
|
|t:|1779885282
|switch|p2a: Corviknight|Corviknight, F|100/100
|-ability|p2a: Corviknight|Pressure
|turn|29
|
|t:|1779885295
|move|p1a: Ogerpon|Ivy Cudgel|p2a: Corviknight|[anim] Ivy Cudgel Water
|-damage|p2a: Corviknight|40/100
|move|p2a: Corviknight|U-turn|p1a: Ogerpon
|-damage|p1a: Ogerpon|0 fnt
|faint|p1a: Ogerpon
|detailschange|p1: Ogerpon|Ogerpon-Wellspring, F|[silent]
|
|win|claudechamp
|raw|Doug Douglasson's rating: 1228 &rarr; <strong>1209</strong><br />(-19 for losing)
|raw|claudechamp's rating: 1316 &rarr; <strong>1331</strong><br />(+15 for winning)
|c|☆claudechamp|gg
|l|‽Doug Douglasson
|player|p1|
