|j|☆claudechamp
|j|☆BiscoitoXDBr
|t:|1779828704
|gametype|singles
|player|p1|claudechamp|265|1210
|player|p2|BiscoitoXDBr|clown|1223
|gen|9
|tier|[Gen 9] OU
|rated|
|rule|HP Percentage Mod: HP is shown in percentages
|rule|Endless Battle Clause: Forcing endless battles is banned
|rule|Species Clause: Limit one of each Pokémon
|rule|OHKO Clause: OHKO moves are banned
|rule|Evasion Items Clause: Evasion items are banned
|rule|Evasion Moves Clause: Evasion moves are banned
|rule|Evasion Abilities Clause: Evasion abilities are banned
|rule|Sleep Moves Clause: Sleep-inducing moves are banned
|clearpoke
|poke|p1|Corviknight, F|
|poke|p1|Ting-Lu|
|poke|p1|Kyurem|
|poke|p1|Dondozo, M|
|poke|p1|Slowking-Galar, M|
|poke|p1|Cinderace, F|
|poke|p2|Meowscarada, F|
|poke|p2|Garganacl, F|
|poke|p2|Great Tusk|
|poke|p2|Clodsire, F|
|poke|p2|Gholdengo|
|poke|p2|Dragonite, F|
|teampreview
|inactive|Battle timer is ON: inactive players will automatically lose when time's up. (requested by BiscoitoXDBr)
|c|☆claudechamp|hf
|inactive|claudechamp also wants the timer to be on.
|
|t:|1779828716
|teamsize|p1|6
|teamsize|p2|6
|start
|switch|p1a: Cinderace|Cinderace, F|100/100
|switch|p2a: Garganacl|Garganacl, F, shiny|100/100
|turn|1
|
|t:|1779828720
|move|p1a: Cinderace|Pyro Ball|p2a: Garganacl|[miss]
|-miss|p1a: Cinderace|p2a: Garganacl
|move|p2a: Garganacl|Salt Cure|p1a: Cinderace
|-supereffective|p1a: Cinderace
|-damage|p1a: Cinderace|65/100
|-start|p1a: Cinderace|Salt Cure
|
|-damage|p1a: Cinderace|53/100|[from] Salt Cure
|upkeep
|turn|2
|
|t:|1779828726
|move|p1a: Cinderace|U-turn|p2a: Garganacl
|-damage|p2a: Garganacl|88/100
|
|t:|1779828731
|switch|p1a: Slowking|Slowking-Galar, M|100/100|[from] U-turn
|move|p2a: Garganacl|Curse|p2a: Garganacl
|-unboost|p2a: Garganacl|spe|1
|-boost|p2a: Garganacl|atk|1
|-boost|p2a: Garganacl|def|1
|
|-heal|p2a: Garganacl|94/100|[from] item: Leftovers
|upkeep
|turn|3
|
|t:|1779828736
|move|p2a: Garganacl|Earthquake|p1a: Slowking
|-supereffective|p1a: Slowking
|-enditem|p1a: Slowking|Shuca Berry|[eat]
|-enditem|p1a: Slowking|Shuca Berry|[weaken]
|-damage|p1a: Slowking|77/100
|move|p1a: Slowking|Future Sight|p2a: Garganacl
|-start|p1a: Slowking|move: Future Sight
|
|-heal|p2a: Garganacl|100/100|[from] item: Leftovers
|upkeep
|turn|4
|
|t:|1779828743
|switch|p1a: Ting-Lu|Ting-Lu|100/100
|-ability|p1a: Ting-Lu|Vessel of Ruin
|move|p2a: Garganacl|Salt Cure|p1a: Ting-Lu
|-resisted|p1a: Ting-Lu
|-damage|p1a: Ting-Lu|95/100
|-start|p1a: Ting-Lu|Salt Cure
|
|-heal|p1a: Ting-Lu|100/100|[from] item: Leftovers
|-damage|p1a: Ting-Lu|88/100|[from] Salt Cure
|upkeep
|turn|5
|
|t:|1779828756
|move|p1a: Ting-Lu|Earthquake|p2a: Garganacl
|-supereffective|p2a: Garganacl
|-damage|p2a: Garganacl|67/100
|move|p2a: Garganacl|Earthquake|p1a: Ting-Lu
|-damage|p1a: Ting-Lu|70/100
|
|-end|p2a: Garganacl|move: Future Sight
|-damage|p2a: Garganacl|46/100
|-heal|p1a: Ting-Lu|76/100|[from] item: Leftovers
|-heal|p2a: Garganacl|52/100|[from] item: Leftovers
|-damage|p1a: Ting-Lu|63/100|[from] Salt Cure
|upkeep
|turn|6
|
|t:|1779828762
|move|p1a: Ting-Lu|Earthquake|p2a: Garganacl
|-supereffective|p2a: Garganacl
|-damage|p2a: Garganacl|21/100
|move|p2a: Garganacl|Recover|p2a: Garganacl
|-heal|p2a: Garganacl|71/100
|
|-heal|p1a: Ting-Lu|70/100|[from] item: Leftovers
|-heal|p2a: Garganacl|77/100|[from] item: Leftovers
|-damage|p1a: Ting-Lu|57/100|[from] Salt Cure
|upkeep
|turn|7
|
|t:|1779828769
|switch|p1a: Dondozo|Dondozo, M|100/100
|switch|p2a: Dragonite|Dragonite, F|100/100
|
|upkeep
|turn|8
|
|t:|1779828777
|switch|p2a: Clodsire|Clodsire, F|100/100
|move|p1a: Dondozo|Waterfall|p2a: Clodsire
|-immune|p2a: Clodsire|[from] ability: Water Absorb
|
|upkeep
|turn|9
|
|t:|1779828784
|switch|p1a: Ting-Lu|Ting-Lu|57/100
|-ability|p1a: Ting-Lu|Vessel of Ruin
|move|p2a: Clodsire|Toxic|p1a: Ting-Lu
|-status|p1a: Ting-Lu|tox
|
|-heal|p1a: Ting-Lu|63/100 tox|[from] item: Leftovers
|-damage|p1a: Ting-Lu|57/100 tox|[from] psn
|upkeep
|turn|10
|
|t:|1779828792
|switch|p2a: Meowscarada|Meowscarada, F, shiny|100/100
|move|p1a: Ting-Lu|Rest|p1a: Ting-Lu
|-status|p1a: Ting-Lu|slp|[from] move: Rest
|-heal|p1a: Ting-Lu|100/100 slp|[silent]
|
|upkeep
|turn|11
|
|t:|1779828799
|move|p2a: Meowscarada|Knock Off|p1a: Ting-Lu
|-start|p2a: Meowscarada|typechange|Dark|[from] ability: Protean
|-resisted|p1a: Ting-Lu
|-damage|p1a: Ting-Lu|84/100 slp
|-enditem|p1a: Ting-Lu|Leftovers|[from] move: Knock Off|[of] p2a: Meowscarada
|cant|p1a: Ting-Lu|slp
|move|p1a: Ting-Lu|Sleep Talk|p1a: Ting-Lu
|move|p1a: Ting-Lu|Earthquake|p2a: Meowscarada|[from] move: Sleep Talk
|-damage|p2a: Meowscarada|38/100
|
|upkeep
|turn|12
|
|t:|1779828812
|switch|p2a: Gholdengo|Gholdengo|100/100
|-item|p2a: Gholdengo|Air Balloon
|cant|p1a: Ting-Lu|slp
|move|p1a: Ting-Lu|Sleep Talk|p1a: Ting-Lu
|move|p1a: Ting-Lu|Payback|p2a: Gholdengo|[from] move: Sleep Talk
|-supereffective|p2a: Gholdengo
|-damage|p2a: Gholdengo|73/100
|-enditem|p2a: Gholdengo|Air Balloon
|
|upkeep
|turn|13
|
|t:|1779828822
|move|p2a: Gholdengo|Nasty Plot|p2a: Gholdengo
|-boost|p2a: Gholdengo|spa|2
|-curestatus|p1a: Ting-Lu|slp|[msg]
|move|p1a: Ting-Lu|Earthquake|p2a: Gholdengo
|-supereffective|p2a: Gholdengo
|-damage|p2a: Gholdengo|24/100
|
|upkeep
|turn|14
|
|t:|1779828827
|move|p2a: Gholdengo|Recover|p2a: Gholdengo
|-heal|p2a: Gholdengo|74/100
|move|p1a: Ting-Lu|Earthquake|p2a: Gholdengo
|-supereffective|p2a: Gholdengo
|-damage|p2a: Gholdengo|21/100
|
|upkeep
|turn|15
|
|t:|1779828832
|-terastallize|p2a: Gholdengo|Fairy
|move|p2a: Gholdengo|Recover|p2a: Gholdengo
|-heal|p2a: Gholdengo|71/100
|move|p1a: Ting-Lu|Earthquake|p2a: Gholdengo
|-damage|p2a: Gholdengo|42/100
|
|upkeep
|turn|16
|
|t:|1779828838
|switch|p1a: Dondozo|Dondozo, M|100/100
|move|p2a: Gholdengo|Make It Rain|p1a: Dondozo
|-resisted|p1a: Dondozo
|-damage|p1a: Dondozo|85/100
|-unboost|p2a: Gholdengo|spa|1
|
|-heal|p1a: Dondozo|91/100|[from] item: Leftovers
|upkeep
|turn|17
|
|t:|1779828844
|move|p2a: Gholdengo|Shadow Ball|p1a: Dondozo
|-damage|p1a: Dondozo|68/100
|move|p1a: Dondozo|Waterfall|p2a: Gholdengo
|-crit|p2a: Gholdengo
|-damage|p2a: Gholdengo|15/100
|
|-heal|p1a: Dondozo|74/100|[from] item: Leftovers
|upkeep
|turn|18
|
|t:|1779828851
|switch|p2a: Clodsire|Clodsire, F|100/100
|switch|p1a: Slowking|Slowking-Galar, M|100/100
|
|upkeep
|turn|19
|
|t:|1779828855
|move|p2a: Clodsire|Stealth Rock|p1a: Slowking
|-sidestart|p1: claudechamp|move: Stealth Rock
|move|p1a: Slowking|Future Sight|p2a: Clodsire
|-start|p1a: Slowking|move: Future Sight
|
|upkeep
|turn|20
|
|t:|1779828860
|switch|p2a: Meowscarada|Meowscarada, F, shiny|38/100
|-prepare|p1a: Slowking|Chilly Reception|[premajor]
|move|p1a: Slowking|Chilly Reception|p1a: Slowking
|-weather|Snowscape
|
|t:|1779828864
|switch|p1a: Cinderace|Cinderace, F|53/100|[from] Chilly Reception
|
|-weather|Snowscape|[upkeep]
|upkeep
|turn|21
|
|t:|1779828871
|switch|p1a: Ting-Lu|Ting-Lu|84/100
|-damage|p1a: Ting-Lu|77/100|[from] Stealth Rock
|-ability|p1a: Ting-Lu|Vessel of Ruin
|move|p2a: Meowscarada|Knock Off|p1a: Ting-Lu
|-start|p2a: Meowscarada|typechange|Dark|[from] ability: Protean
|-resisted|p1a: Ting-Lu
|-damage|p1a: Ting-Lu|66/100
|
|-weather|Snowscape|[upkeep]
|-end|p2a: Meowscarada|move: Future Sight
|-immune|p2a: Meowscarada
|upkeep
|turn|22
|
|t:|1779828876
|switch|p2a: Gholdengo|Gholdengo, tera:Fairy|15/100
|move|p1a: Ting-Lu|Earthquake|p2a: Gholdengo
|-damage|p2a: Gholdengo|0 fnt
|faint|p2a: Gholdengo
|
|-weather|Snowscape|[upkeep]
|upkeep
|
|t:|1779828890
|switch|p2a: Meowscarada|Meowscarada, F, shiny|38/100
|turn|23
|
|t:|1779828900
|move|p2a: Meowscarada|U-turn|p1a: Ting-Lu
|-start|p2a: Meowscarada|typechange|Bug|[from] ability: Protean
|-supereffective|p1a: Ting-Lu
|-damage|p1a: Ting-Lu|13/100
|
|t:|1779828908
|switch|p2a: Dragonite|Dragonite, F|100/100|[from] U-turn
|move|p1a: Ting-Lu|Earthquake|p2a: Dragonite
|-immune|p2a: Dragonite
|
|-weather|Snowscape|[upkeep]
|upkeep
|turn|24
|
|t:|1779828913
|move|p2a: Dragonite|Earthquake|p1a: Ting-Lu
|-damage|p1a: Ting-Lu|0 fnt
|faint|p1a: Ting-Lu
|
|-weather|none
|upkeep
|
|t:|1779828921
|switch|p1a: Kyurem|Kyurem|100/100
|-damage|p1a: Kyurem|75/100|[from] Stealth Rock
|-ability|p1a: Kyurem|Pressure
|turn|25
|
|t:|1779828927
|switch|p2a: Garganacl|Garganacl, F, shiny|77/100
|move|p1a: Kyurem|Freeze-Dry|p2a: Garganacl
|-damage|p2a: Garganacl|54/100
|
|-heal|p1a: Kyurem|82/100|[from] item: Leftovers
|-heal|p2a: Garganacl|60/100|[from] item: Leftovers
|upkeep
|turn|26
|
|t:|1779828939
|move|p1a: Kyurem|Earth Power|p2a: Garganacl
|-supereffective|p2a: Garganacl
|-damage|p2a: Garganacl|17/100
|move|p2a: Garganacl|Recover|p2a: Garganacl
|-heal|p2a: Garganacl|67/100
|
|-heal|p1a: Kyurem|88/100|[from] item: Leftovers
|-heal|p2a: Garganacl|73/100|[from] item: Leftovers
|upkeep
|turn|27
|
|t:|1779828945
|-terastallize|p1a: Kyurem|Ground
|move|p1a: Kyurem|Earth Power|p2a: Garganacl
|-supereffective|p2a: Garganacl
|-damage|p2a: Garganacl|15/100
|move|p2a: Garganacl|Salt Cure|p1a: Kyurem
|-resisted|p1a: Kyurem
|-damage|p1a: Kyurem|81/100
|-start|p1a: Kyurem|Salt Cure
|
|-heal|p1a: Kyurem|88/100|[from] item: Leftovers
|-heal|p2a: Garganacl|22/100|[from] item: Leftovers
|-damage|p1a: Kyurem|75/100|[from] Salt Cure
|upkeep
|turn|28
|
|t:|1779828967
|move|p1a: Kyurem|Earth Power|p2a: Garganacl
|-supereffective|p2a: Garganacl
|-damage|p2a: Garganacl|0 fnt
|faint|p2a: Garganacl
|
|-heal|p1a: Kyurem|81/100|[from] item: Leftovers
|-damage|p1a: Kyurem|69/100|[from] Salt Cure
|upkeep
|
|t:|1779828969
|switch|p2a: Meowscarada|Meowscarada, F, shiny|38/100
|turn|29
|
|t:|1779828983
|switch|p1a: Corviknight|Corviknight, F|100/100
|-damage|p1a: Corviknight|88/100|[from] Stealth Rock
|-ability|p1a: Corviknight|Pressure
|move|p2a: Meowscarada|Triple Axel|p1a: Corviknight
|-start|p2a: Meowscarada|typechange|Ice|[from] ability: Protean
|-damage|p1a: Corviknight|80/100
|-damage|p2a: Meowscarada|22/100|[from] item: Rocky Helmet|[of] p1a: Corviknight
|-damage|p1a: Corviknight|62/100
|-damage|p2a: Meowscarada|5/100|[from] item: Rocky Helmet|[of] p1a: Corviknight
|-damage|p1a: Corviknight|39/100
|-damage|p2a: Meowscarada|0 fnt|[from] item: Rocky Helmet|[of] p1a: Corviknight
|faint|p2a: Meowscarada
|-hitcount|p1a: Corviknight|3
|
|upkeep
|
|t:|1779828989
|switch|p2a: Great Tusk|Great Tusk|100/100
|-enditem|p2a: Great Tusk|Booster Energy
|-activate|p2a: Great Tusk|ability: Protosynthesis|[fromitem]
|-start|p2a: Great Tusk|protosynthesisatk
|turn|30
|
|t:|1779828994
|move|p2a: Great Tusk|Close Combat|p1a: Corviknight
|-damage|p1a: Corviknight|0 fnt
|-unboost|p2a: Great Tusk|def|1
|-unboost|p2a: Great Tusk|spd|1
|-damage|p2a: Great Tusk|84/100|[from] item: Rocky Helmet|[of] p1a: Corviknight
|faint|p1a: Corviknight
|
|upkeep
|
|t:|1779829002
|switch|p1a: Kyurem|Kyurem, tera:Ground|69/100
|-damage|p1a: Kyurem|63/100|[from] Stealth Rock
|-ability|p1a: Kyurem|Pressure
|turn|31
|
|t:|1779829006
|-end|p2a: Great Tusk|Protosynthesis|[silent]
|switch|p2a: Clodsire|Clodsire, F|100/100
|move|p1a: Kyurem|Earth Power|p2a: Clodsire
|-supereffective|p2a: Clodsire
|-damage|p2a: Clodsire|55/100
|
|-heal|p1a: Kyurem|69/100|[from] item: Leftovers
|-heal|p2a: Clodsire|61/100|[from] item: Leftovers
|upkeep
|turn|32
|
|t:|1779829013
|move|p1a: Kyurem|Earth Power|p2a: Clodsire
|-supereffective|p2a: Clodsire
|-damage|p2a: Clodsire|16/100
|move|p2a: Clodsire|Toxic|p1a: Kyurem
|-status|p1a: Kyurem|tox
|
|-heal|p1a: Kyurem|75/100 tox|[from] item: Leftovers
|-heal|p2a: Clodsire|22/100|[from] item: Leftovers
|-damage|p1a: Kyurem|69/100 tox|[from] psn
|upkeep
|turn|33
|
|t:|1779829022
|switch|p2a: Dragonite|Dragonite, F|100/100
|move|p1a: Kyurem|Freeze-Dry|p2a: Dragonite
|-supereffective|p2a: Dragonite
|-damage|p2a: Dragonite|27/100
|
|-heal|p1a: Kyurem|75/100 tox|[from] item: Leftovers
|-damage|p1a: Kyurem|63/100 tox|[from] psn
|upkeep
|turn|34
|
|t:|1779829033
|move|p2a: Dragonite|Extreme Speed|p1a: Kyurem
|-damage|p1a: Kyurem|38/100 tox
|move|p1a: Kyurem|Freeze-Dry|p2a: Dragonite
|-supereffective|p2a: Dragonite
|-damage|p2a: Dragonite|0 fnt
|faint|p2a: Dragonite
|
|-heal|p1a: Kyurem|45/100 tox|[from] item: Leftovers
|-damage|p1a: Kyurem|26/100 tox|[from] psn
|upkeep
|
|t:|1779829043
|switch|p2a: Great Tusk|Great Tusk|84/100
|turn|35
|
|t:|1779829052
|move|p1a: Kyurem|Freeze-Dry|p2a: Great Tusk
|-supereffective|p2a: Great Tusk
|-damage|p2a: Great Tusk|0 fnt
|faint|p2a: Great Tusk
|-end|p2a: Great Tusk|Protosynthesis|[silent]
|
|-heal|p1a: Kyurem|32/100 tox|[from] item: Leftovers
|-damage|p1a: Kyurem|7/100 tox|[from] psn
|upkeep
|
|t:|1779829056
|switch|p2a: Clodsire|Clodsire, F|22/100
|turn|36
|-message|BiscoitoXDBr forfeited.
|
|win|claudechamp
|raw|claudechamp's rating: 1261 &rarr; <strong>1283</strong><br />(+22 for winning)
|raw|BiscoitoXDBr's rating: 1223 &rarr; <strong>1201</strong><br />(-22 for losing)
|l|☆BiscoitoXDBr
|player|p2|
|c|☆claudechamp|gg
