|j|☆xiuxxxxxx
|j|☆Jhggjbvvhj
|t:|1779864744
|gametype|singles
|player|p1|xiuxxxxxx|2|1121
|player|p2|Jhggjbvvhj|lady-gen4|1079
|gen|9
|tier|[Gen 9] OU
|rated|
|rule|HP Percentage Mod: HP is shown in percentages
|rule|Endless Battle Clause: Forcing endless battles is banned
|rule|Species Clause: Limit one of each Pokémon
|rule|OHKO Clause: OHKO moves are banned
|rule|Evasion Items Clause: Evasion items are banned
|rule|Evasion Moves Clause: Evasion moves are banned
|rule|Evasion Abilities Clause: Evasion abilities are banned
|rule|Sleep Moves Clause: Sleep-inducing moves are banned
|clearpoke
|poke|p1|Incineroar, F|
|poke|p1|Blissey, F|
|poke|p1|Slowbro, F|
|poke|p1|Iron Valiant|
|poke|p1|Ribombee, F|
|poke|p1|Grimmsnarl, M|
|poke|p2|Serperior, F|
|poke|p2|Glimmora, F|
|poke|p2|Gliscor, F|
|poke|p2|Iron Valiant|
|poke|p2|Milotic, F|
|poke|p2|Azelf|
|teampreview
|
|t:|1779864751
|teamsize|p1|6
|teamsize|p2|6
|start
|switch|p1a: Ribombee|Ribombee, F|100/100
|switch|p2a: Glimmora|Glimmora, F, shiny|100/100
|turn|1
|
|t:|1779864761
|move|p1a: Ribombee|Sticky Web|p2a: Glimmora
|-sidestart|p2: Jhggjbvvhj|move: Sticky Web
|move|p2a: Glimmora|Stealth Rock|p1a: Ribombee
|-sidestart|p1: xiuxxxxxx|move: Stealth Rock
|
|upkeep
|turn|2
|
|t:|1779864767
|move|p1a: Ribombee|U-turn|p2a: Glimmora
|-resisted|p2a: Glimmora
|-damage|p2a: Glimmora|94/100
|-activate|p2a: Glimmora|ability: Toxic Debris
|-sidestart|p1: xiuxxxxxx|move: Toxic Spikes
|
|t:|1779864774
|switch|p1a: Grimmsnarl|Grimmsnarl, M|100/100|[from] U-turn
|-damage|p1a: Grimmsnarl|88/100|[from] Stealth Rock
|-status|p1a: Grimmsnarl|psn
|move|p2a: Glimmora|Sludge Bomb|p1a: Grimmsnarl
|-supereffective|p1a: Grimmsnarl
|-damage|p1a: Grimmsnarl|21/100 psn
|-enditem|p1a: Grimmsnarl|Figy Berry|[eat]
|-heal|p1a: Grimmsnarl|54/100 psn|[from] item: Figy Berry
|
|-damage|p1a: Grimmsnarl|41/100 psn|[from] psn
|upkeep
|turn|3
|
|t:|1779864789
|move|p1a: Grimmsnarl|Parting Shot|p2a: Glimmora
|-unboost|p2a: Glimmora|atk|1
|-unboost|p2a: Glimmora|spa|1
|
|t:|1779864794
|switch|p1a: Blissey|Blissey, F|100/100|[from] Parting Shot
|-damage|p1a: Blissey|88/100|[from] Stealth Rock
|-status|p1a: Blissey|psn
|move|p2a: Glimmora|Spikes|p1a: Blissey
|-sidestart|p1: xiuxxxxxx|Spikes
|
|-damage|p1a: Blissey|76/100 psn|[from] psn
|upkeep
|turn|4
|
|t:|1779864816
|move|p2a: Glimmora|Spikes|p1a: Blissey
|-sidestart|p1: xiuxxxxxx|Spikes
|move|p1a: Blissey|Stealth Rock|p2a: Glimmora
|-sidestart|p2: Jhggjbvvhj|move: Stealth Rock
|
|-damage|p1a: Blissey|63/100 psn|[from] psn
|upkeep
|turn|5
|
|t:|1779864825
|-terastallize|p1a: Blissey|Ghost
|move|p2a: Glimmora|Spikes|p1a: Blissey
|-sidestart|p1: xiuxxxxxx|Spikes
|move|p1a: Blissey|Soft-Boiled|p1a: Blissey
|-heal|p1a: Blissey|100/100 psn
|
|-damage|p1a: Blissey|88/100 psn|[from] psn
|upkeep
|turn|6
|
|t:|1779864835
|move|p2a: Glimmora|Spiky Shield|p2a: Glimmora
|-singleturn|p2a: Glimmora|move: Protect
|move|p1a: Blissey|Flamethrower|p2a: Glimmora
|-activate|p2a: Glimmora|move: Protect
|
|-damage|p1a: Blissey|76/100 psn|[from] psn
|upkeep
|turn|7
|
|t:|1779864849
|move|p2a: Glimmora|Spiky Shield||[still]
|-fail|p2a: Glimmora
|move|p1a: Blissey|Light Screen|p1a: Blissey
|-sidestart|p1: xiuxxxxxx|move: Light Screen
|
|-damage|p1a: Blissey|63/100 psn|[from] psn
|upkeep
|turn|8
|
|t:|1779864857
|move|p2a: Glimmora|Spiky Shield|p2a: Glimmora
|-singleturn|p2a: Glimmora|move: Protect
|move|p1a: Blissey|Soft-Boiled|p1a: Blissey
|-heal|p1a: Blissey|100/100 psn
|
|-damage|p1a: Blissey|88/100 psn|[from] psn
|upkeep
|turn|9
|
|t:|1779864867
|switch|p2a: Azelf|Azelf|100/100
|-damage|p2a: Azelf|88/100|[from] Stealth Rock
|move|p1a: Blissey|Flamethrower|p2a: Azelf
|-damage|p2a: Azelf|59/100
|
|-damage|p1a: Blissey|76/100 psn|[from] psn
|upkeep
|turn|10
|
|t:|1779864880
|move|p2a: Azelf|Calm Mind|p2a: Azelf
|-boost|p2a: Azelf|spa|1
|-boost|p2a: Azelf|spd|1
|move|p1a: Blissey|Flamethrower|p2a: Azelf
|-damage|p2a: Azelf|37/100
|
|-damage|p1a: Blissey|63/100 psn|[from] psn
|upkeep
|turn|11
|
|t:|1779864890
|move|p2a: Azelf|Calm Mind|p2a: Azelf
|-boost|p2a: Azelf|spa|1
|-boost|p2a: Azelf|spd|1
|move|p1a: Blissey|Flamethrower|p2a: Azelf
|-damage|p2a: Azelf|22/100
|
|-damage|p1a: Blissey|51/100 psn|[from] psn
|-sideend|p1: xiuxxxxxx|move: Light Screen
|upkeep
|turn|12
|
|t:|1779864903
|move|p2a: Azelf|Psychic|p1a: Blissey
|-damage|p1a: Blissey|6/100 psn
|-damage|p2a: Azelf|12/100|[from] item: Life Orb
|move|p1a: Blissey|Soft-Boiled|p1a: Blissey
|-heal|p1a: Blissey|56/100 psn
|
|-damage|p1a: Blissey|44/100 psn|[from] psn
|upkeep
|turn|13
|
|t:|1779864912
|move|p2a: Azelf|Psychic|p1a: Blissey
|-damage|p1a: Blissey|0 fnt
|faint|p1a: Blissey
|-damage|p2a: Azelf|2/100|[from] item: Life Orb
|
|upkeep
|
|t:|1779864925
|switch|p1a: Ribombee|Ribombee, F|100/100
|-damage|p1a: Ribombee|76/100|[from] Stealth Rock
|-status|p1a: Ribombee|psn
|-damage|p1a: Ribombee|51/100 psn|[from] Spikes
|turn|14
|
|t:|1779864934
|move|p1a: Ribombee|Moonblast|p2a: Azelf
|-damage|p2a: Azelf|0 fnt
|faint|p2a: Azelf
|
|-damage|p1a: Ribombee|39/100 psn|[from] psn
|upkeep
|
|t:|1779864953
|switch|p2a: Gliscor|Gliscor, F, shiny|100/100
|-damage|p2a: Gliscor|88/100|[from] Stealth Rock
|turn|15
|
|t:|1779864963
|move|p1a: Ribombee|Moonblast|p2a: Gliscor
|-damage|p2a: Gliscor|51/100
|move|p2a: Gliscor|Fling|p1a: Ribombee
|-resisted|p1a: Ribombee
|-damage|p1a: Ribombee|33/100 psn
|-enditem|p2a: Gliscor|Toxic Orb|[from] move: Fling
|
|-damage|p1a: Ribombee|21/100 psn|[from] psn
|upkeep
|turn|16
|
|t:|1779864972
|move|p1a: Ribombee|Moonblast|p2a: Gliscor
|-damage|p2a: Gliscor|9/100
|move|p2a: Gliscor|Acrobatics|p1a: Ribombee
|-supereffective|p1a: Ribombee
|-damage|p1a: Ribombee|0 fnt
|faint|p1a: Ribombee
|
|upkeep
|
|t:|1779864982
|switch|p1a: Incineroar|Incineroar, F|100/100
|-damage|p1a: Incineroar|76/100|[from] Stealth Rock
|-status|p1a: Incineroar|psn
|-damage|p1a: Incineroar|51/100 psn|[from] Spikes
|-ability|p1a: Incineroar|Intimidate|boost
|-unboost|p2a: Gliscor|atk|1
|turn|17
|
|t:|1779864991
|move|p1a: Incineroar|Fake Out|p2a: Gliscor
|-damage|p2a: Gliscor|0 fnt
|faint|p2a: Gliscor
|
|-damage|p1a: Incineroar|38/100 psn|[from] psn
|upkeep
|-enditem|p1a: Incineroar|Sitrus Berry|[eat]
|-heal|p1a: Incineroar|63/100 psn|[from] item: Sitrus Berry
|
|t:|1779865004
|switch|p2a: Milotic|Milotic, F, shiny|100/100
|-activate|p2a: Milotic|move: Sticky Web
|-unboost|p2a: Milotic|spe|1
|-ability|p2a: Milotic|Competitive|boost
|-boost|p2a: Milotic|spa|2
|-damage|p2a: Milotic|88/100|[from] Stealth Rock
|turn|18
|
|t:|1779865014
|move|p2a: Milotic|Scald|p1a: Incineroar
|-supereffective|p1a: Incineroar
|-damage|p1a: Incineroar|0 fnt
|faint|p1a: Incineroar
|
|-heal|p2a: Milotic|94/100|[from] item: Leftovers
|upkeep
|
|t:|1779865026
|switch|p1a: Grimmsnarl|Grimmsnarl, M|41/100 psn
|-damage|p1a: Grimmsnarl|29/100 psn|[from] Stealth Rock
|-damage|p1a: Grimmsnarl|4/100 psn|[from] Spikes
|turn|19
|
|t:|1779865032
|move|p1a: Grimmsnarl|Thunder Wave|p2a: Milotic
|-status|p2a: Milotic|par
|move|p2a: Milotic|Ice Beam|p1a: Grimmsnarl
|-damage|p1a: Grimmsnarl|0 fnt
|faint|p1a: Grimmsnarl
|
|-heal|p2a: Milotic|99/100 par|[from] item: Leftovers
|upkeep
|
|t:|1779865042
|switch|p1a: Iron Valiant|Iron Valiant|100/100
|-damage|p1a: Iron Valiant|94/100|[from] Stealth Rock
|-status|p1a: Iron Valiant|psn
|-damage|p1a: Iron Valiant|69/100 psn|[from] Spikes
|-enditem|p1a: Iron Valiant|Booster Energy
|-activate|p1a: Iron Valiant|ability: Quark Drive|[fromitem]
|-start|p1a: Iron Valiant|quarkdrivespe
|turn|20
|
|t:|1779865051
|move|p1a: Iron Valiant|Close Combat|p2a: Milotic
|-damage|p2a: Milotic|25/100 par
|-unboost|p1a: Iron Valiant|def|1
|-unboost|p1a: Iron Valiant|spd|1
|move|p2a: Milotic|Alluring Voice|p1a: Iron Valiant
|-supereffective|p1a: Iron Valiant
|-damage|p1a: Iron Valiant|0 fnt
|faint|p1a: Iron Valiant
|-end|p1a: Iron Valiant|Quark Drive|[silent]
|
|-heal|p2a: Milotic|31/100 par|[from] item: Leftovers
|upkeep
|-message|xiuxxxxxx forfeited.
|
|win|Jhggjbvvhj
|raw|xiuxxxxxx's rating: 1121 &rarr; <strong>1093</strong><br />(-28 for losing)
|raw|Jhggjbvvhj's rating: 1079 &rarr; <strong>1111</strong><br />(+32 for winning)
|l|☆xiuxxxxxx
|player|p1|
|l|☆Jhggjbvvhj
|player|p2|
