|j|☆diddlediddle
|j|☆FreakyCross
|t:|1779908423
|gametype|singles
|player|p1|diddlediddle|swimmerf|1326
|player|p2|FreakyCross|preschooler|1291
|gen|9
|tier|[Gen 9] OU
|rated|
|rule|HP Percentage Mod: HP is shown in percentages
|rule|Endless Battle Clause: Forcing endless battles is banned
|rule|Species Clause: Limit one of each Pokémon
|rule|OHKO Clause: OHKO moves are banned
|rule|Evasion Items Clause: Evasion items are banned
|rule|Evasion Moves Clause: Evasion moves are banned
|rule|Evasion Abilities Clause: Evasion abilities are banned
|rule|Sleep Moves Clause: Sleep-inducing moves are banned
|clearpoke
|poke|p1|Cacturne, M|
|poke|p1|Sandy Shocks|
|poke|p1|Jirachi|
|poke|p1|Zoroark-Hisui, F|
|poke|p1|Heatran, F|
|poke|p1|Maushold-Four|
|poke|p2|Pelipper, M|
|poke|p2|Raging Bolt|
|poke|p2|Overqwil, M|
|poke|p2|Barraskewda, M|
|poke|p2|Iron Treads|
|poke|p2|Kingambit, F|
|teampreview
|inactive|Battle timer is ON: inactive players will automatically lose when time's up. (requested by diddlediddle)
|
|t:|1779908446
|teamsize|p1|6
|teamsize|p2|6
|start
|switch|p1a: Sandy Shocks|Sandy Shocks|100/100
|switch|p2a: Barraskewda|Barraskewda, M|100/100
|-enditem|p1a: Sandy Shocks|Booster Energy
|-activate|p1a: Sandy Shocks|ability: Protosynthesis|[fromitem]
|-start|p1a: Sandy Shocks|protosynthesisspe
|turn|1
|
|t:|1779908456
|switch|p2a: Iron Treads|Iron Treads|100/100
|-enditem|p2a: Iron Treads|Booster Energy
|-activate|p2a: Iron Treads|ability: Quark Drive|[fromitem]
|-start|p2a: Iron Treads|quarkdrivespe
|move|p1a: Sandy Shocks|Earth Power|p2a: Iron Treads
|-supereffective|p2a: Iron Treads
|-damage|p2a: Iron Treads|0 fnt
|faint|p2a: Iron Treads
|-end|p2a: Iron Treads|Quark Drive|[silent]
|
|upkeep
|
|t:|1779908465
|switch|p2a: Pelipper|Pelipper, M|100/100
|-weather|RainDance|[from] ability: Drizzle|[of] p2a: Pelipper
|turn|2
|c|☆diddlediddle|Like a book
|
|t:|1779908472
|-terastallize|p2a: Pelipper|Ground
|move|p1a: Sandy Shocks|Thunderbolt|p2a: Pelipper
|-immune|p2a: Pelipper
|move|p2a: Pelipper|Weather Ball|p1a: Sandy Shocks
|-supereffective|p1a: Sandy Shocks
|-damage|p1a: Sandy Shocks|0 fnt
|faint|p1a: Sandy Shocks
|-end|p1a: Sandy Shocks|Protosynthesis|[silent]
|
|-weather|RainDance|[upkeep]
|upkeep
|c|☆diddlediddle|As above, so below
|
|t:|1779908485
|switch|p1a: Cacturne|Cacturne, M|100/100
|turn|3
|c|☆FreakyCross|are you the devil why are you making those references??
|
|t:|1779908513
|switch|p2a: Raging Bolt|Raging Bolt|100/100
|-enditem|p2a: Raging Bolt|Booster Energy
|-activate|p2a: Raging Bolt|ability: Protosynthesis|[fromitem]
|-start|p2a: Raging Bolt|protosynthesisspa
|move|p1a: Cacturne|Swords Dance|p1a: Cacturne
|-boost|p1a: Cacturne|atk|2
|
|-weather|RainDance|[upkeep]
|upkeep
|turn|4
|c|☆diddlediddle|I am the ladder gremlin
|
|t:|1779908527
|move|p1a: Cacturne|Sucker Punch|p2a: Raging Bolt
|-damage|p2a: Raging Bolt|39/100
|move|p2a: Raging Bolt|Thunder|p1a: Cacturne
|-resisted|p1a: Cacturne
|-damage|p1a: Cacturne|22/100
|
|-weather|RainDance|[upkeep]
|upkeep
|turn|5
|
|t:|1779908537
|move|p2a: Raging Bolt|Thunderclap|p1a: Cacturne
|-resisted|p1a: Cacturne
|-damage|p1a: Cacturne|0 fnt
|faint|p1a: Cacturne
|
|-weather|RainDance|[upkeep]
|upkeep
|
|t:|1779908545
|switch|p1a: Maushold|Maushold-Four|100/100
|turn|6
|c|☆FreakyCross|hold on but this is like 1300s ladder, shouldnt you be gatekeeping higher?
|
|t:|1779908563
|move|p1a: Maushold|Encore|p2a: Raging Bolt
|-start|p2a: Raging Bolt|Encore
|move|p2a: Raging Bolt|Thunderclap||[still]
|-fail|p2a: Raging Bolt
|
|-weather|RainDance|[upkeep]
|upkeep
|turn|7
|c|☆diddlediddle|I'm a low tier ladder gremlin
|c|☆diddlediddle|Sadly gremlin teams don't make it high
|inactive|FreakyCross has 120 seconds left.
|
|t:|1779908594
|-end|p2a: Raging Bolt|Protosynthesis|[silent]
|switch|p2a: Kingambit|Kingambit, F|100/100
|-activate|p2a: Kingambit|ability: Supreme Overlord
|-start|p2a: Kingambit|fallen1|[silent]
|move|p1a: Maushold|Tidy Up|p1a: Maushold
|-boost|p1a: Maushold|atk|1
|-boost|p1a: Maushold|spe|1
|
|-weather|RainDance|[upkeep]
|upkeep
|turn|8
|
|t:|1779908608
|-terastallize|p1a: Maushold|Ghost
|move|p1a: Maushold|Tidy Up|p1a: Maushold
|-boost|p1a: Maushold|atk|1
|-boost|p1a: Maushold|spe|1
|move|p2a: Kingambit|Kowtow Cleave|p1a: Maushold
|-supereffective|p1a: Maushold
|-damage|p1a: Maushold|0 fnt
|faint|p1a: Maushold
|
|-weather|RainDance|[upkeep]
|upkeep
|c|☆FreakyCross|fair enough.
|c|☆diddlediddle|Fuck lmao
|c|☆diddlediddle|I fucked up
|c|☆FreakyCross|why?
|
|t:|1779908627
|switch|p1a: Heatran|Heatran, F|100/100
|turn|9
|
|t:|1779908633
|-end|p2a: Kingambit|fallen1|[silent]
|switch|p2a: Raging Bolt|Raging Bolt|39/100
|move|p1a: Heatran|Will-O-Wisp|p2a: Raging Bolt
|-status|p2a: Raging Bolt|brn
|
|-weather|none
|-damage|p2a: Raging Bolt|32/100 brn|[from] brn
|upkeep
|turn|10
|c|☆diddlediddle|Should have played maushold differently
|
|t:|1779908649
|switch|p1a: Live by the flinch|Jirachi|100/100
|-end|p2a: Raging Bolt|Protosynthesis|[silent]
|switch|p2a: Pelipper|Pelipper, M, tera:Ground|100/100
|-weather|RainDance|[from] ability: Drizzle|[of] p2a: Pelipper
|
|-weather|RainDance|[upkeep]
|upkeep
|turn|11
|c|☆FreakyCross|i think setting up early was bad
|
|t:|1779908658
|switch|p2a: Overqwil|Overqwil, M|100/100
|move|p1a: Live by the flinch|Body Slam|p2a: Overqwil
|-damage|p2a: Overqwil|74/100
|
|-weather|RainDance|[upkeep]
|upkeep
|turn|12
|c|☆diddlediddle|Yeah it was TBF
|
|t:|1779908668
|move|p2a: Overqwil|Crunch|p1a: Live by the flinch
|-supereffective|p1a: Live by the flinch
|-damage|p1a: Live by the flinch|0 fnt
|faint|p1a: Live by the flinch
|-damage|p2a: Overqwil|64/100|[from] item: Life Orb
|
|-weather|RainDance|[upkeep]
|upkeep
|
|t:|1779908677
|switch|p1a: Heatran|Heatran, F|100/100
|turn|13
|c|☆FreakyCross|i this team entirely hax?
|c|☆diddlediddle|Yeah lmao
|c|☆diddlediddle|It wins more than it should but less than I'd hope
|inactive|FreakyCross has 120 seconds left.
|c|☆FreakyCross|that explains the gremlin part. but i think it struggles against weather teams and hyper offense
|
|t:|1779908721
|move|p2a: Overqwil|Liquidation|p1a: Heatran
|-damage|p1a: Heatran|0 fnt
|replace|p1a: Zoroark|Zoroark-Hisui, F
|-end|p1a: Zoroark|Illusion
|faint|p1a: Zoroark
|-damage|p2a: Overqwil|54/100|[from] item: Life Orb
|
|-weather|RainDance|[upkeep]
|upkeep
|
|t:|1779908734
|switch|p1a: Heatran|Heatran, F|100/100
|turn|14
|inactive|FreakyCross has 120 seconds left.
|c|☆FreakyCross|also lacks any offensive counterplay
|c|☆diddlediddle|TBF it depends on the game, maushold and cacturne frequently go 1v3
|inactive|diddlediddle has 120 seconds left.
|c|☆diddlediddle|But yeah this team fucked me up, well played
|
|t:|1779908772
|move|p2a: Overqwil|Crunch|p1a: Heatran
|-damage|p1a: Heatran|43/100
|-damage|p2a: Overqwil|45/100|[from] item: Life Orb
|move|p1a: Heatran|Will-O-Wisp|p2a: Overqwil
|-status|p2a: Overqwil|brn
|
|-weather|RainDance|[upkeep]
|-damage|p2a: Overqwil|39/100 brn|[from] brn
|upkeep
|turn|15
|inactive|diddlediddle has 120 seconds left.
|c|☆FreakyCross|have you won against weather before?
|
|t:|1779908792
|move|p2a: Overqwil|Crunch|p1a: Heatran
|-damage|p1a: Heatran|15/100
|-damage|p2a: Overqwil|29/100 brn|[from] item: Life Orb
|move|p1a: Heatran|Will-O-Wisp|p2a: Overqwil
|-fail|p2a: Overqwil|brn
|
|-weather|RainDance|[upkeep]
|-damage|p2a: Overqwil|23/100 brn|[from] brn
|upkeep
|turn|16
|c|☆diddlediddle|Yeah a fair bit tbh, cacturne normally soaks up rain teams
|c|☆diddlediddle|I misplayed
|
|t:|1779908807
|move|p2a: Overqwil|Liquidation|p1a: Heatran
|-supereffective|p1a: Heatran
|-damage|p1a: Heatran|0 fnt
|faint|p1a: Heatran
|-damage|p2a: Overqwil|13/100 brn|[from] item: Life Orb
|
|win|FreakyCross
|raw|diddlediddle's rating: 1326 &rarr; <strong>1304</strong><br />(-22 for losing)
|raw|FreakyCross's rating: 1291 &rarr; <strong>1319</strong><br />(+28 for winning)
|c|☆FreakyCross|it can?
|c|☆diddlediddle|Yeah it has water absorb
|c|☆diddlediddle|And swords dance, counter, seed bomb and sucker punch
|c|☆FreakyCross|oh coool never knew
|c|☆diddlediddle|Plus focus sash
|c|☆diddlediddle|GG broski :-)
|l|☆diddlediddle
|player|p1|
|c|☆FreakyCross|damn thats retty cool ,gg tho
|l|☆FreakyCross
|player|p2|
