|j|☆golisopod#1 fan
|j|☆diegotrivium
|t:|1779937236
|gametype|singles
|player|p1|golisopod#1 fan|sailor|1082
|player|p2|diegotrivium|169|1106
|gen|9
|tier|[Gen 9] OU
|rated|
|rule|HP Percentage Mod: HP is shown in percentages
|rule|Endless Battle Clause: Forcing endless battles is banned
|rule|Species Clause: Limit one of each Pokémon
|rule|OHKO Clause: OHKO moves are banned
|rule|Evasion Items Clause: Evasion items are banned
|rule|Evasion Moves Clause: Evasion moves are banned
|rule|Evasion Abilities Clause: Evasion abilities are banned
|rule|Sleep Moves Clause: Sleep-inducing moves are banned
|clearpoke
|poke|p1|Clodsire, F|
|poke|p1|Dondozo, F|
|poke|p1|Gliscor, F|
|poke|p1|Corviknight, F|
|poke|p1|Toxapex, F|
|poke|p1|Blissey, F|
|poke|p2|Gliscor, F|
|poke|p2|Basculegion, M|
|poke|p2|Empoleon, F|
|poke|p2|Dugtrio, M|
|poke|p2|Chandelure, M|
|poke|p2|Florges, F|
|teampreview
|inactive|Battle timer is ON: inactive players will automatically lose when time's up. (requested by golisopod#1 fan)
|
|t:|1779937246
|teamsize|p1|6
|teamsize|p2|6
|start
|switch|p1a: Gliscor|Gliscor, F|100/100
|switch|p2a: Chandelure|Chandelure, M|100/100
|turn|1
|
|t:|1779937252
|move|p2a: Chandelure|Trick|p1a: Gliscor
|-activate|p2a: Chandelure|move: Trick|[of] p1a: Gliscor
|-item|p1a: Gliscor|Choice Specs|[from] move: Trick
|-item|p2a: Chandelure|Toxic Orb|[from] move: Trick
|move|p1a: Gliscor|Knock Off|p2a: Chandelure
|-supereffective|p2a: Chandelure
|-damage|p2a: Chandelure|35/100
|-enditem|p2a: Chandelure|Toxic Orb|[from] move: Knock Off|[of] p1a: Gliscor
|
|upkeep
|turn|2
|
|t:|1779937264
|switch|p2a: Florges|Florges, F|100/100
|move|p1a: Gliscor|Knock Off|p2a: Florges
|-resisted|p2a: Florges
|-damage|p2a: Florges|85/100
|-enditem|p2a: Florges|Leftovers|[from] move: Knock Off|[of] p1a: Gliscor
|
|upkeep
|turn|3
|
|t:|1779937281
|switch|p1a: Toxapex|Toxapex, F, shiny|100/100
|move|p2a: Florges|Wish|p2a: Florges
|
|upkeep
|turn|4
|
|t:|1779937292
|switch|p2a: Chandelure|Chandelure, M|35/100
|move|p1a: Toxapex|Toxic|p2a: Chandelure
|-status|p2a: Chandelure|tox
|
|-heal|p2a: Chandelure|92/100 tox|[from] move: Wish|[wisher] Florges
|-damage|p2a: Chandelure|86/100 tox|[from] psn
|upkeep
|turn|5
|c|☆golisopod#1 fan|That trick was so irritating
|
|t:|1779937304
|move|p2a: Chandelure|Psychic|p1a: Toxapex
|-supereffective|p1a: Toxapex
|-damage|p1a: Toxapex|43/100
|move|p1a: Toxapex|Surf|p2a: Chandelure
|-supereffective|p2a: Chandelure
|-damage|p2a: Chandelure|32/100 tox
|
|-damage|p2a: Chandelure|20/100 tox|[from] psn
|upkeep
|turn|6
|
|t:|1779937317
|switch|p2a: Dugtrio|Dugtrio, M|100/100
|switch|p1a: Corviknight|Corviknight, F, shiny|100/100
|-ability|p1a: Corviknight|Pressure
|
|upkeep
|turn|7
|
|t:|1779937331
|switch|p2a: Empoleon|Empoleon, F|100/100
|move|p1a: Corviknight|Brave Bird|p2a: Empoleon
|-resisted|p2a: Empoleon
|-damage|p2a: Empoleon|79/100
|-damage|p1a: Corviknight|95/100|[from] Recoil
|
|upkeep
|turn|8
|
|t:|1779937348
|switch|p1a: Rayya|Clodsire, F|100/100
|move|p2a: Empoleon|Ice Beam|p1a: Rayya
|-supereffective|p1a: Rayya
|-damage|p1a: Rayya|68/100
|
|upkeep
|turn|9
|
|t:|1779937358
|switch|p2a: Gliscor|Gliscor, F|100/100
|-terastallize|p1a: Rayya|Steel
|move|p1a: Rayya|Earthquake|p2a: Gliscor
|-immune|p2a: Gliscor
|
|-status|p2a: Gliscor|tox|[from] item: Toxic Orb
|upkeep
|turn|10
|
|t:|1779937373
|move|p2a: Gliscor|Acrobatics|p1a: Rayya
|-resisted|p1a: Rayya
|-damage|p1a: Rayya|55/100
|move|p1a: Rayya|Stealth Rock|p2a: Gliscor
|-sidestart|p2: diegotrivium|move: Stealth Rock
|
|upkeep
|turn|11
|
|t:|1779937380
|switch|p1a: Toxapex|Toxapex, F, shiny|76/100
|move|p2a: Gliscor|Earthquake|p1a: Toxapex
|-supereffective|p1a: Toxapex
|-damage|p1a: Toxapex|20/100
|
|upkeep
|turn|12
|
|t:|1779937390
|switch|p1a: Gliscor|Gliscor, F|100/100
|move|p2a: Gliscor|Acrobatics|p1a: Gliscor
|-damage|p1a: Gliscor|79/100
|
|upkeep
|turn|13
|
|t:|1779937399
|move|p2a: Gliscor|Protect|p2a: Gliscor
|-singleturn|p2a: Gliscor|Protect
|move|p1a: Gliscor|Spikes|p2a: Gliscor
|-sidestart|p2: diegotrivium|Spikes
|
|upkeep
|turn|14
|
|t:|1779937406
|switch|p2a: Empoleon|Empoleon, F|79/100
|-damage|p2a: Empoleon|73/100|[from] Stealth Rock
|-damage|p2a: Empoleon|61/100|[from] Spikes
|move|p1a: Gliscor|Spikes|p2a: Empoleon
|-sidestart|p2: diegotrivium|Spikes
|
|upkeep
|turn|15
|
|t:|1779937417
|move|p1a: Gliscor|Spikes|p2a: Empoleon
|-sidestart|p2: diegotrivium|Spikes
|move|p2a: Empoleon|Flash Cannon|p1a: Gliscor
|-damage|p1a: Gliscor|45/100
|
|upkeep
|turn|16
|
|t:|1779937423
|switch|p1a: Toxapex|Toxapex, F, shiny|53/100
|move|p2a: Empoleon|Ice Beam|p1a: Toxapex
|-resisted|p1a: Toxapex
|-damage|p1a: Toxapex|41/100
|
|upkeep
|turn|17
|
|t:|1779937432
|move|p2a: Empoleon|Air Slash|p1a: Toxapex
|-damage|p1a: Toxapex|19/100
|move|p1a: Toxapex|Recover|p1a: Toxapex
|-heal|p1a: Toxapex|69/100
|
|upkeep
|turn|18
|
|t:|1779937438
|move|p2a: Empoleon|Air Slash|p1a: Toxapex
|-damage|p1a: Toxapex|48/100
|move|p1a: Toxapex|Infestation|p2a: Empoleon
|-resisted|p2a: Empoleon
|-crit|p2a: Empoleon
|-damage|p2a: Empoleon|60/100
|-activate|p2a: Empoleon|move: Infestation|[of] p1a: Toxapex
|
|-damage|p2a: Empoleon|47/100|[from] move: Infestation|[partiallytrapped]
|upkeep
|turn|19
|
|t:|1779937447
|move|p2a: Empoleon|Air Slash|p1a: Toxapex
|-damage|p1a: Toxapex|26/100
|cant|p1a: Toxapex|flinch
|
|-damage|p2a: Empoleon|35/100|[from] move: Infestation|[partiallytrapped]
|upkeep
|turn|20
|
|t:|1779937454
|move|p2a: Empoleon|Air Slash|p1a: Toxapex
|-damage|p1a: Toxapex|4/100
|move|p1a: Toxapex|Recover|p1a: Toxapex
|-heal|p1a: Toxapex|54/100
|
|-damage|p2a: Empoleon|23/100|[from] move: Infestation|[partiallytrapped]
|upkeep
|turn|21
|
|t:|1779937462
|move|p2a: Empoleon|Air Slash|p1a: Toxapex
|-damage|p1a: Toxapex|33/100
|move|p1a: Toxapex|Recover|p1a: Toxapex
|-heal|p1a: Toxapex|83/100
|
|-damage|p2a: Empoleon|11/100|[from] move: Infestation|[partiallytrapped]
|upkeep
|turn|22
|
|t:|1779937476
|move|p2a: Empoleon|Air Slash|p1a: Toxapex
|-damage|p1a: Toxapex|59/100
|move|p1a: Toxapex|Surf|p2a: Empoleon
|-resisted|p2a: Empoleon
|-damage|p2a: Empoleon|5/100
|
|-end|p2a: Empoleon|Infestation|[partiallytrapped]
|upkeep
|turn|23
|
|t:|1779937485
|move|p2a: Empoleon|Air Slash|p1a: Toxapex
|-damage|p1a: Toxapex|38/100
|move|p1a: Toxapex|Surf|p2a: Empoleon
|-resisted|p2a: Empoleon
|-damage|p2a: Empoleon|0 fnt
|faint|p2a: Empoleon
|
|upkeep
|
|t:|1779937502
|switch|p2a: Gliscor|Gliscor, F|100/100 tox
|-damage|p2a: Gliscor|88/100 tox|[from] Stealth Rock
|turn|24
|
|t:|1779937507
|move|p2a: Gliscor|Earthquake|p1a: Toxapex
|-supereffective|p1a: Toxapex
|-damage|p1a: Toxapex|0 fnt
|faint|p1a: Toxapex
|
|-heal|p2a: Gliscor|100/100 tox|[from] ability: Poison Heal
|upkeep
|
|t:|1779937522
|switch|p1a: Dondozo|Dondozo, F|100/100
|turn|25
|
|t:|1779937526
|move|p2a: Gliscor|Protect|p2a: Gliscor
|-singleturn|p2a: Gliscor|Protect
|move|p1a: Dondozo|Avalanche|p2a: Gliscor
|-activate|p2a: Gliscor|move: Protect
|
|upkeep
|turn|26
|c|☆golisopod#1 fan|yo im GOING to kill myself
|
|t:|1779937547
|switch|p2a: Basculegion|Basculegion, M|100/100
|-damage|p2a: Basculegion|88/100|[from] Stealth Rock
|-damage|p2a: Basculegion|63/100|[from] Spikes
|move|p1a: Dondozo|Avalanche|p2a: Basculegion
|-resisted|p2a: Basculegion
|-damage|p2a: Basculegion|55/100
|
|upkeep
|turn|27
|
|t:|1779937570
|switch|p1a: Corviknight|Corviknight, F, shiny|95/100
|-ability|p1a: Corviknight|Pressure
|move|p2a: Basculegion|Phantom Force||[still]
|-prepare|p2a: Basculegion|Phantom Force
|
|upkeep
|turn|28
|
|t:|1779937583
|move|p2a: Basculegion|Phantom Force|p1a: Corviknight|[from] lockedmove
|-damage|p1a: Corviknight|56/100
|move|p1a: Corviknight|Brave Bird|p2a: Basculegion
|-damage|p2a: Basculegion|11/100
|-damage|p1a: Corviknight|42/100|[from] Recoil
|
|upkeep
|turn|29
|
|t:|1779937593
|move|p2a: Basculegion|Phantom Force||[still]
|-prepare|p2a: Basculegion|Phantom Force
|move|p1a: Corviknight|Roost|p1a: Corviknight
|-heal|p1a: Corviknight|92/100
|-singleturn|p1a: Corviknight|move: Roost
|
|upkeep
|turn|30
|
|t:|1779937600
|move|p2a: Basculegion|Phantom Force|p1a: Corviknight|[from] lockedmove
|-damage|p1a: Corviknight|57/100
|move|p1a: Corviknight|Brave Bird|p2a: Basculegion
|-damage|p2a: Basculegion|0 fnt
|faint|p2a: Basculegion
|-damage|p1a: Corviknight|54/100|[from] Recoil
|
|upkeep
|
|t:|1779937614
|switch|p2a: Gliscor|Gliscor, F|100/100 tox
|-damage|p2a: Gliscor|88/100 tox|[from] Stealth Rock
|turn|31
|
|t:|1779937620
|move|p2a: Gliscor|Knock Off|p1a: Corviknight
|-damage|p1a: Corviknight|38/100
|-enditem|p1a: Corviknight|Heavy-Duty Boots|[from] move: Knock Off|[of] p2a: Gliscor
|move|p1a: Corviknight|Roost|p1a: Corviknight
|-heal|p1a: Corviknight|88/100
|-singleturn|p1a: Corviknight|move: Roost
|
|-heal|p2a: Gliscor|100/100 tox|[from] ability: Poison Heal
|upkeep
|turn|32
|-message|diegotrivium forfeited.
|
|win|golisopod#1 fan
|raw|golisopod#1 fan's rating: 1082 &rarr; <strong>1112</strong><br />(+30 for winning)
|raw|diegotrivium's rating: 1106 &rarr; <strong>1079</strong><br />(-27 for losing)
|l|☆diegotrivium
|player|p2|
|l|☆golisopod#1 fan
|player|p1|
