|j|☆B bbng dd hb
|j|☆Quagsires gf
|t:|1779804846
|gametype|singles
|player|p1|B bbng dd hb|rood|1074
|player|p2|Quagsires gf|2|1077
|gen|9
|tier|[Gen 9] OU
|rated|
|rule|HP Percentage Mod: HP is shown in percentages
|rule|Endless Battle Clause: Forcing endless battles is banned
|rule|Species Clause: Limit one of each Pokémon
|rule|OHKO Clause: OHKO moves are banned
|rule|Evasion Items Clause: Evasion items are banned
|rule|Evasion Moves Clause: Evasion moves are banned
|rule|Evasion Abilities Clause: Evasion abilities are banned
|rule|Sleep Moves Clause: Sleep-inducing moves are banned
|clearpoke
|poke|p1|Cetitan, F|
|poke|p1|Slowking-Galar, M|
|poke|p1|Talonflame, F|
|poke|p1|Ursaluna, M|
|poke|p1|Alomomola, F|
|poke|p1|Regieleki|
|poke|p2|Scream Tail|
|poke|p2|Infernape, M|
|poke|p2|Lilligant-Hisui, F|
|poke|p2|Pawmot, F|
|poke|p2|Rabsca, M|
|poke|p2|Banette, F|
|teampreview
|inactive|Battle timer is ON: inactive players will automatically lose when time's up. (requested by B bbng dd hb)
|
|t:|1779804859
|teamsize|p1|6
|teamsize|p2|6
|start
|switch|p1a: Talonflame|Talonflame, F|100/100
|switch|p2a: Infernape|Infernape, M|100/100
|turn|1
|
|t:|1779804866
|switch|p2a: Banette|Banette, F, shiny|100/100
|move|p1a: Talonflame|Brave Bird|p2a: Banette
|-damage|p2a: Banette|39/100
|-start|p1a: Talonflame|Disable|Brave Bird|[from] ability: Cursed Body|[of] p2a: Banette
|-damage|p1a: Talonflame|78/100|[from] Recoil
|
|upkeep
|turn|2
|-activate|p2a: Banette|item: Quick Claw
|
|t:|1779804875
|move|p2a: Banette|Confuse Ray|p1a: Talonflame
|-start|p1a: Talonflame|confusion
|-activate|p1a: Talonflame|confusion
|move|p1a: Talonflame|U-turn|p2a: Banette
|-resisted|p2a: Banette
|-damage|p2a: Banette|27/100
|
|t:|1779804882
|switch|p1a: Alomomola|Alomomola, F|100/100|[from] U-turn
|
|upkeep
|turn|3
|
|t:|1779804887
|move|p2a: Banette|Confuse Ray|p1a: Alomomola
|-start|p1a: Alomomola|confusion
|-activate|p1a: Alomomola|confusion
|move|p1a: Alomomola|Wish|p1a: Alomomola
|
|upkeep
|turn|4
|-activate|p2a: Banette|item: Quick Claw
|
|t:|1779804897
|move|p2a: Banette|Metronome|p2a: Banette
|move|p2a: Banette|Waterfall|p1a: Alomomola|[from] move: Metronome
|-resisted|p1a: Alomomola
|-damage|p1a: Alomomola|93/100
|-damage|p2a: Banette|10/100|[from] item: Rocky Helmet|[of] p1a: Alomomola
|-activate|p1a: Alomomola|confusion
|move|p1a: Alomomola|Flip Turn|p2a: Banette
|-damage|p2a: Banette|0 fnt
|-start|p1a: Alomomola|Disable|Flip Turn|[from] ability: Cursed Body|[of] p2a: Banette
|faint|p2a: Banette
|
|t:|1779804910
|switch|p1a: Talonflame|Talonflame, F|78/100|[from] Flip Turn
|
|-heal|p1a: Talonflame|100/100|[from] move: Wish|[wisher] Alomomola
|upkeep
|
|t:|1779804924
|switch|p2a: Scream Tail|Scream Tail, shiny|100/100
|-enditem|p2a: Scream Tail|Booster Energy
|-activate|p2a: Scream Tail|ability: Protosynthesis|[fromitem]
|-start|p2a: Scream Tail|protosynthesisatk
|turn|5
|
|t:|1779804931
|move|p1a: Talonflame|U-turn|p2a: Scream Tail
|-damage|p2a: Scream Tail|87/100
|
|t:|1779804933
|switch|p1a: Alomomola|Alomomola, F|100/100|[from] U-turn
|move|p2a: Scream Tail|Crunch|p1a: Alomomola
|-crit|p1a: Alomomola
|-damage|p1a: Alomomola|79/100
|-damage|p2a: Scream Tail|71/100|[from] item: Rocky Helmet|[of] p1a: Alomomola
|
|upkeep
|turn|6
|
|t:|1779804942
|move|p2a: Scream Tail|Metronome|p2a: Scream Tail
|move|p2a: Scream Tail|Shadow Sneak|p1a: Alomomola|[from] move: Metronome
|-damage|p1a: Alomomola|72/100
|-damage|p2a: Scream Tail|54/100|[from] item: Rocky Helmet|[of] p1a: Alomomola
|move|p1a: Alomomola|Wish|p1a: Alomomola
|
|upkeep
|turn|7
|
|t:|1779804949
|move|p2a: Scream Tail|Metronome|p2a: Scream Tail
|move|p2a: Scream Tail|Petal Blizzard|p1a: Alomomola|[from] move: Metronome
|-supereffective|p1a: Alomomola
|-damage|p1a: Alomomola|41/100
|move|p1a: Alomomola|Scald|p2a: Scream Tail
|-damage|p2a: Scream Tail|43/100
|
|-heal|p1a: Alomomola|91/100|[from] move: Wish|[wisher] Alomomola
|upkeep
|turn|8
|
|t:|1779804962
|move|p2a: Scream Tail|Metronome|p2a: Scream Tail
|move|p2a: Scream Tail|Play Rough|p1a: Alomomola|[from] move: Metronome
|-damage|p1a: Alomomola|68/100
|-damage|p2a: Scream Tail|26/100|[from] item: Rocky Helmet|[of] p1a: Alomomola
|move|p1a: Alomomola|Flip Turn|p2a: Scream Tail
|-damage|p2a: Scream Tail|14/100
|
|t:|1779804972
|switch|p1a: Regieleki|Regieleki|100/100|[from] Flip Turn
|
|upkeep
|turn|9
|
|t:|1779804987
|move|p1a: Regieleki|Volt Switch|p2a: Scream Tail
|-damage|p2a: Scream Tail|0 fnt
|faint|p2a: Scream Tail
|-end|p2a: Scream Tail|Protosynthesis|[silent]
|
|t:|1779804997
|switch|p1a: Talonflame|Talonflame, F|100/100|[from] Volt Switch
|
|upkeep
|
|t:|1779805003
|switch|p2a: Rabsca|Rabsca, M, shiny|100/100
|turn|10
|
|t:|1779805008
|-terastallize|p2a: Rabsca|Water
|move|p1a: Talonflame|Taunt|p2a: Rabsca
|-start|p2a: Rabsca|move: Taunt
|cant|p2a: Rabsca|move: Taunt|Revival Blessing
|
|upkeep
|turn|11
|
|t:|1779805015
|move|p1a: Talonflame|U-turn|p2a: Rabsca
|-damage|p2a: Rabsca|81/100
|
|t:|1779805019
|switch|p1a: Regieleki|Regieleki|100/100|[from] U-turn
|move|p2a: Rabsca|Future Sight|p1a: Regieleki
|-start|p2a: Rabsca|move: Future Sight
|
|upkeep
|turn|12
|
|t:|1779805026
|switch|p2a: Pawmot|Pawmot, F, shiny|100/100
|move|p1a: Regieleki|Thunderbolt|p2a: Pawmot
|-resisted|p2a: Pawmot
|-damage|p2a: Pawmot|20/100
|
|upkeep
|turn|13
|
|t:|1779805051
|switch|p1a: Talonflame|Talonflame, F|100/100
|move|p2a: Pawmot|Mach Punch|p1a: Talonflame
|-resisted|p1a: Talonflame
|-damage|p1a: Talonflame|83/100
|
|-end|p1a: Talonflame|move: Future Sight
|-damage|p1a: Talonflame|5/100
|upkeep
|turn|14
|
|t:|1779805061
|switch|p1a: Alomomola|Alomomola, F|100/100
|move|p2a: Pawmot|Revival Blessing|p2a: Pawmot
|-enditem|p2a: Pawmot|Leppa Berry|[eat]
|-activate|p2a: Pawmot|item: Leppa Berry|Revival Blessing|[consumed]
|
|t:|1779805064
|-heal|p2: Banette|50/100|[from] move: Revival Blessing
|
|upkeep
|turn|15
|
|t:|1779805070
|move|p2a: Pawmot|Nuzzle|p1a: Alomomola
|-supereffective|p1a: Alomomola
|-damage|p1a: Alomomola|89/100
|-status|p1a: Alomomola|par
|-damage|p2a: Pawmot|3/100|[from] item: Rocky Helmet|[of] p1a: Alomomola
|cant|p1a: Alomomola|par
|
|upkeep
|turn|16
|
|t:|1779805079
|move|p2a: Pawmot|Revival Blessing|p2a: Pawmot
|
|t:|1779805081
|-heal|p2: Scream Tail|50/100|[from] move: Revival Blessing
|cant|p1a: Alomomola|par
|
|upkeep
|turn|17
|l|☆B bbng dd hb
|inactive|B bbng dd hb disconnected and has a minute to reconnect!
|player|p1|
|inactive|B bbng dd hb has 30 seconds to reconnect!
|inactive|B bbng dd hb has 20 seconds to reconnect!
|inactive|B bbng dd hb has 15 seconds to reconnect!
|inactive|B bbng dd hb has 10 seconds to reconnect!
|inactive|B bbng dd hb has 5 seconds to reconnect!
|-message|B bbng dd hb lost due to inactivity.
|
|win|Quagsires gf
|raw|B bbng dd hb's rating: 1074 &rarr; <strong>1053</strong><br />(-21 for losing)
|raw|Quagsires gf's rating: 1077 &rarr; <strong>1105</strong><br />(+28 for winning)
