|j|‽shine1996
|j|‽thissomezezeshit12
|t:|1779940353
|gametype|singles
|player|p1|shine1996|ghetsis|1094
|player|p2|thissomezezeshit12|2|1113
|gen|9
|tier|[Gen 9] OU
|rated|
|rule|HP Percentage Mod: HP is shown in percentages
|rule|Endless Battle Clause: Forcing endless battles is banned
|rule|Species Clause: Limit one of each Pokémon
|rule|OHKO Clause: OHKO moves are banned
|rule|Evasion Items Clause: Evasion items are banned
|rule|Evasion Moves Clause: Evasion moves are banned
|rule|Evasion Abilities Clause: Evasion abilities are banned
|rule|Sleep Moves Clause: Sleep-inducing moves are banned
|clearpoke
|poke|p1|Zangoose, M|
|poke|p1|Granbull, M|
|poke|p1|Zoroark-Hisui, F|
|poke|p1|Donphan, M|
|poke|p1|Greninja-*, F|
|poke|p1|Glimmora, F|
|poke|p2|Grimmsnarl, M|
|poke|p2|Clefable, F|
|poke|p2|Ogerpon-Wellspring, F|
|poke|p2|Great Tusk|
|poke|p2|Raging Bolt|
|poke|p2|Alomomola, F|
|teampreview
|
|t:|1779940376
|teamsize|p1|6
|teamsize|p2|6
|start
|switch|p1a: Zangoose|Zangoose, M|100/100
|switch|p2a: Grimmsnarl|Grimmsnarl, M|100/100
|turn|1
|inactive|Battle timer is ON: inactive players will automatically lose when time's up. (requested by shine1996)
|
|t:|1779940386
|move|p2a: Grimmsnarl|Reflect|p2a: Grimmsnarl
|-sidestart|p2: thissomezezeshit12|Reflect
|move|p1a: Zangoose|Facade|p2a: Grimmsnarl
|-damage|p2a: Grimmsnarl|78/100
|
|-status|p1a: Zangoose|tox|[from] item: Toxic Orb
|upkeep
|turn|2
|
|t:|1779940394
|move|p2a: Grimmsnarl|Parting Shot|p1a: Zangoose
|-unboost|p1a: Zangoose|atk|1
|-unboost|p1a: Zangoose|spa|1
|
|t:|1779940398
|switch|p2a: Ogerpon|Ogerpon-Wellspring, F|100/100|[from] Parting Shot
|move|p1a: Zangoose|Switcheroo||[still]
|-fail|p1a: Zangoose
|
|-damage|p1a: Zangoose|94/100 tox|[from] psn
|upkeep
|turn|3
|
|t:|1779940409
|move|p2a: Ogerpon|Swords Dance|p2a: Ogerpon
|-boost|p2a: Ogerpon|atk|2
|move|p1a: Zangoose|Facade|p2a: Ogerpon
|-damage|p2a: Ogerpon|52/100
|
|-damage|p1a: Zangoose|82/100 tox|[from] psn
|upkeep
|turn|4
|
|t:|1779940418
|move|p1a: Zangoose|Quick Attack|p2a: Ogerpon
|-damage|p2a: Ogerpon|38/100
|move|p2a: Ogerpon|Horn Leech|p1a: Zangoose
|-damage|p1a: Zangoose|0 fnt
|-heal|p2a: Ogerpon|77/100|[from] drain|[of] p1a: Zangoose
|faint|p1a: Zangoose
|
|upkeep
|
|t:|1779940432
|switch|p1a: Greninja|Greninja, F|100/100
|turn|5
|
|t:|1779940437
|switch|p2a: Alomomola|Alomomola, F|100/100
|move|p1a: Greninja|Ice Beam|p2a: Alomomola
|-start|p1a: Greninja|typechange|Ice|[from] ability: Protean
|-resisted|p2a: Alomomola
|-damage|p2a: Alomomola|73/100
|-damage|p1a: Greninja|91/100|[from] item: Life Orb
|
|-heal|p2a: Alomomola|79/100|[from] item: Leftovers
|upkeep
|turn|6
|
|t:|1779940450
|switch|p1a: Glimmora|Glimmora, F|100/100
|move|p2a: Alomomola|Flip Turn|p1a: Glimmora
|-supereffective|p1a: Glimmora
|-damage|p1a: Glimmora|65/100
|-activate|p1a: Glimmora|ability: Toxic Debris
|-sidestart|p2: thissomezezeshit12|move: Toxic Spikes
|
|t:|1779940455
|switch|p2a: Great Tusk|Great Tusk|100/100|[from] Flip Turn
|
|upkeep
|turn|7
|
|t:|1779940467
|-terastallize|p1a: Glimmora|Ghost
|move|p1a: Glimmora|Mortal Spin|p2a: Great Tusk
|-resisted|p2a: Great Tusk
|-damage|p2a: Great Tusk|99/100
|-status|p2a: Great Tusk|psn
|move|p2a: Great Tusk|Rapid Spin|p1a: Glimmora
|-immune|p1a: Glimmora
|
|-damage|p2a: Great Tusk|87/100 psn|[from] psn
|upkeep
|turn|8
|
|t:|1779940483
|switch|p1a: Donphan|Donphan, M|100/100
|move|p2a: Great Tusk|Headlong Rush|p1a: Donphan
|-damage|p1a: Donphan|55/100
|-unboost|p2a: Great Tusk|def|1
|-unboost|p2a: Great Tusk|spd|1
|
|-damage|p2a: Great Tusk|75/100 psn|[from] psn
|-sideend|p2: thissomezezeshit12|Reflect
|upkeep
|turn|9
|
|t:|1779940494
|switch|p1a: Glimmora|Glimmora, F, tera:Ghost|65/100
|move|p2a: Great Tusk|Rapid Spin|p1a: Glimmora
|-immune|p1a: Glimmora
|
|-damage|p2a: Great Tusk|62/100 psn|[from] psn
|upkeep
|turn|10
|inactive|thissomezezeshit12 has 120 seconds left.
|inactive|thissomezezeshit12 has 90 seconds left.
|l|‽thissomezezeshit12
|inactive|thissomezezeshit12 disconnected and has a minute to reconnect!
|player|p2|
|inactive|thissomezezeshit12 has 30 seconds to reconnect!
|inactive|thissomezezeshit12 has 20 seconds to reconnect!
|inactive|thissomezezeshit12 has 15 seconds to reconnect!
|inactive|thissomezezeshit12 has 10 seconds to reconnect!
|inactive|thissomezezeshit12 has 5 seconds to reconnect!
|-message|thissomezezeshit12 lost due to inactivity.
|
|win|shine1996
|raw|shine1996's rating: 1094 &rarr; <strong>1121</strong><br />(+27 for winning)
|raw|thissomezezeshit12's rating: 1113 &rarr; <strong>1087</strong><br />(-26 for losing)
