|j|‽aaagislash
|j|☆dragapult's force
|t:|1779955594
|gametype|singles
|player|p1|aaagislash|266|1402
|player|p2|dragapult's force|clair|1386
|gen|9
|tier|[Gen 9] OU
|rated|
|rule|HP Percentage Mod: HP is shown in percentages
|rule|Endless Battle Clause: Forcing endless battles is banned
|rule|Species Clause: Limit one of each Pokémon
|rule|OHKO Clause: OHKO moves are banned
|rule|Evasion Items Clause: Evasion items are banned
|rule|Evasion Moves Clause: Evasion moves are banned
|rule|Evasion Abilities Clause: Evasion abilities are banned
|rule|Sleep Moves Clause: Sleep-inducing moves are banned
|clearpoke
|poke|p1|Cetitan, F|
|poke|p1|Ninetales-Alola, M|
|poke|p1|Hatterene, F|
|poke|p1|Rillaboom, M|
|poke|p1|Gengar, M|
|poke|p1|Scizor, F|
|poke|p2|Dragonite, F|
|poke|p2|Great Tusk|
|poke|p2|Deoxys-Speed|
|poke|p2|Gholdengo|
|poke|p2|Zamazenta-*|
|poke|p2|Iron Valiant|
|teampreview
|inactive|Battle timer is ON: inactive players will automatically lose when time's up. (requested by dragapult's force)
|
|t:|1779955610
|teamsize|p1|6
|teamsize|p2|6
|start
|switch|p1a: Ninetales|Ninetales-Alola, M|100/100
|switch|p2a: Deoxys|Deoxys-Speed|100/100
|-ability|p2a: Deoxys|Pressure
|-weather|Snowscape|[from] ability: Snow Warning|[of] p1a: Ninetales
|turn|1
|
|t:|1779955616
|switch|p1a: Hatterene|Hatterene, F|100/100
|move|p2a: Deoxys|Taunt|p1a: Hatterene
|move|p1a: Hatterene|Taunt|p2a: Deoxys|[from] ability: Magic Bounce
|-start|p2a: Deoxys|move: Taunt
|
|-weather|Snowscape|[upkeep]
|upkeep
|turn|2
|
|t:|1779955624
|switch|p2a: Gholdengo|Gholdengo|100/100
|move|p1a: Hatterene|Mystical Fire|p2a: Gholdengo
|-supereffective|p2a: Gholdengo
|-damage|p2a: Gholdengo|56/100
|-unboost|p2a: Gholdengo|spa|1
|
|-weather|Snowscape|[upkeep]
|upkeep
|turn|3
|
|t:|1779955631
|move|p2a: Gholdengo|Make It Rain|p1a: Hatterene
|-supereffective|p1a: Hatterene
|-damage|p1a: Hatterene|27/100
|-unboost|p2a: Gholdengo|spa|1
|-enditem|p1a: Hatterene|Eject Button
|
|t:|1779955634
|switch|p1a: Ninetales|Ninetales-Alola, M|100/100
|
|-weather|Snowscape|[upkeep]
|upkeep
|turn|4
|
|t:|1779955637
|move|p1a: Ninetales|Aurora Veil|p1a: Ninetales
|-sidestart|p1: aaagislash|move: Aurora Veil
|move|p2a: Gholdengo|Make It Rain|p1a: Ninetales
|-supereffective|p1a: Ninetales
|-damage|p1a: Ninetales|22/100
|-unboost|p2a: Gholdengo|spa|1
|
|-weather|Snowscape|[upkeep]
|upkeep
|turn|5
|
|t:|1779955642
|switch|p1a: Rillaboom|Rillaboom, M|100/100
|-fieldstart|move: Grassy Terrain|[from] ability: Grassy Surge|[of] p1a: Rillaboom
|move|p2a: Gholdengo|Make It Rain|p1a: Rillaboom
|-damage|p1a: Rillaboom|86/100
|-unboost|p2a: Gholdengo|spa|1
|
|-weather|none
|-heal|p2a: Gholdengo|63/100|[from] Grassy Terrain
|-heal|p1a: Rillaboom|93/100|[from] Grassy Terrain
|upkeep
|turn|6
|
|t:|1779955646
|switch|p2a: Deoxys|Deoxys-Speed|100/100
|-ability|p2a: Deoxys|Pressure
|move|p1a: Rillaboom|U-turn|p2a: Deoxys
|-supereffective|p2a: Deoxys
|-damage|p2a: Deoxys|40/100
|
|t:|1779955652
|switch|p1a: Scizor|Scizor, F|100/100|[from] U-turn
|
|-heal|p2a: Deoxys|46/100|[from] Grassy Terrain
|upkeep
|turn|7
|
|t:|1779955657
|move|p2a: Deoxys|Stealth Rock|p1a: Scizor
|-sidestart|p1: aaagislash|move: Stealth Rock
|move|p1a: Scizor|Trailblaze|p2a: Deoxys
|-damage|p2a: Deoxys|6/100
|-boost|p1a: Scizor|spe|1
|
|-heal|p2a: Deoxys|12/100|[from] Grassy Terrain
|upkeep
|turn|8
|
|t:|1779955663
|move|p2a: Deoxys|Spikes|p1a: Scizor
|-sidestart|p1: aaagislash|Spikes
|move|p1a: Scizor|Swords Dance|p1a: Scizor
|-boost|p1a: Scizor|atk|2
|
|-heal|p2a: Deoxys|18/100|[from] Grassy Terrain
|upkeep
|turn|9
|
|t:|1779955669
|move|p2a: Deoxys|Spikes|p1a: Scizor
|-sidestart|p1: aaagislash|Spikes
|move|p1a: Scizor|Trailblaze|p2a: Deoxys
|-damage|p2a: Deoxys|0 fnt
|-boost|p1a: Scizor|spe|1
|faint|p2a: Deoxys
|
|upkeep
|
|t:|1779955681
|switch|p2a: Zamazenta|Zamazenta|100/100
|-ability|p2a: Zamazenta|Dauntless Shield|boost
|-boost|p2a: Zamazenta|def|1
|turn|10
|
|t:|1779955686
|-terastallize|p1a: Scizor|Grass
|move|p1a: Scizor|Trailblaze|p2a: Zamazenta
|-damage|p2a: Zamazenta|38/100
|-boost|p1a: Scizor|spe|1
|move|p2a: Zamazenta|Close Combat|p1a: Scizor
|-damage|p1a: Scizor|49/100
|-unboost|p2a: Zamazenta|def|1
|-unboost|p2a: Zamazenta|spd|1
|-damage|p2a: Zamazenta|28/100|[from] item: Life Orb
|
|-heal|p1a: Scizor|55/100|[from] Grassy Terrain
|-heal|p1a: Scizor|61/100|[from] item: Leftovers
|-heal|p2a: Zamazenta|35/100|[from] Grassy Terrain
|upkeep
|turn|11
|
|t:|1779955695
|move|p1a: Scizor|Trailblaze|p2a: Zamazenta
|-damage|p2a: Zamazenta|0 fnt
|-boost|p1a: Scizor|spe|1
|faint|p2a: Zamazenta
|
|-heal|p1a: Scizor|67/100|[from] Grassy Terrain
|-heal|p1a: Scizor|73/100|[from] item: Leftovers
|-sideend|p1: aaagislash|move: Aurora Veil
|upkeep
|
|t:|1779955702
|switch|p2a: Great Tusk|Great Tusk|100/100
|-enditem|p2a: Great Tusk|Booster Energy
|-activate|p2a: Great Tusk|ability: Protosynthesis|[fromitem]
|-start|p2a: Great Tusk|protosynthesisspe
|turn|12
|
|t:|1779955705
|move|p1a: Scizor|Trailblaze|p2a: Great Tusk
|-supereffective|p2a: Great Tusk
|-damage|p2a: Great Tusk|0 fnt
|-boost|p1a: Scizor|spe|1
|faint|p2a: Great Tusk
|-end|p2a: Great Tusk|Protosynthesis|[silent]
|
|-heal|p1a: Scizor|80/100|[from] Grassy Terrain
|-heal|p1a: Scizor|86/100|[from] item: Leftovers
|-fieldend|move: Grassy Terrain
|upkeep
|
|t:|1779955709
|switch|p2a: Dragonite|Dragonite, F|100/100
|turn|13
|
|t:|1779955715
|-terastallize|p2a: Dragonite|Fire
|move|p1a: Scizor|Knock Off|p2a: Dragonite
|-damage|p2a: Dragonite|63/100
|-enditem|p2a: Dragonite|Life Orb|[from] move: Knock Off|[of] p1a: Scizor
|move|p2a: Dragonite|Dragon Dance|p2a: Dragonite
|-boost|p2a: Dragonite|atk|1
|-boost|p2a: Dragonite|spe|1
|
|-heal|p1a: Scizor|92/100|[from] item: Leftovers
|upkeep
|turn|14
|inactive|aaagislash has 120 seconds left.
|
|t:|1779955748
|move|p1a: Scizor|Trailblaze|p2a: Dragonite
|-resisted|p2a: Dragonite
|-damage|p2a: Dragonite|17/100
|-boost|p1a: Scizor|spe|1
|move|p2a: Dragonite|Fire Punch|p1a: Scizor
|-supereffective|p1a: Scizor
|-damage|p1a: Scizor|0 fnt
|faint|p1a: Scizor
|
|upkeep
|inactive|aaagislash has 120 seconds left.
|
|t:|1779955760
|switch|p1a: Rillaboom|Rillaboom, M|93/100
|-damage|p1a: Rillaboom|80/100|[from] Stealth Rock
|-damage|p1a: Rillaboom|64/100|[from] Spikes
|-fieldstart|move: Grassy Terrain|[from] ability: Grassy Surge|[of] p1a: Rillaboom
|turn|15
|
|t:|1779955764
|move|p2a: Dragonite|Extreme Speed|p1a: Rillaboom
|-damage|p1a: Rillaboom|22/100
|move|p1a: Rillaboom|Grassy Glide|p2a: Dragonite
|-resisted|p2a: Dragonite
|-damage|p2a: Dragonite|0 fnt
|faint|p2a: Dragonite
|
|-heal|p1a: Rillaboom|28/100|[from] Grassy Terrain
|upkeep
|
|t:|1779955771
|switch|p2a: Iron Valiant|Iron Valiant|100/100
|-enditem|p2a: Iron Valiant|Booster Energy
|-activate|p2a: Iron Valiant|ability: Quark Drive|[fromitem]
|-start|p2a: Iron Valiant|quarkdrivespe
|turn|16
|
|t:|1779955782
|move|p1a: Rillaboom|Grassy Glide|p2a: Iron Valiant
|-damage|p2a: Iron Valiant|47/100
|move|p2a: Iron Valiant|Knock Off|p1a: Rillaboom
|-crit|p1a: Rillaboom
|-damage|p1a: Rillaboom|0 fnt
|-enditem|p1a: Rillaboom|Terrain Extender|[from] move: Knock Off|[of] p2a: Iron Valiant
|faint|p1a: Rillaboom
|
|-heal|p2a: Iron Valiant|53/100|[from] Grassy Terrain
|upkeep
|
|t:|1779955788
|switch|p1a: Gengar|Gengar, M|100/100
|-damage|p1a: Gengar|88/100|[from] Stealth Rock
|-damage|p1a: Gengar|71/100|[from] Spikes
|turn|17
|
|t:|1779955793
|move|p2a: Iron Valiant|Knock Off|p1a: Gengar
|-supereffective|p1a: Gengar
|-damage|p1a: Gengar|0 fnt
|-enditem|p1a: Gengar|Weakness Policy|[from] move: Knock Off|[of] p2a: Iron Valiant
|faint|p1a: Gengar
|
|-heal|p2a: Iron Valiant|60/100|[from] Grassy Terrain
|upkeep
|
|t:|1779955797
|switch|p1a: Cetitan|Cetitan, F|100/100
|-damage|p1a: Cetitan|76/100|[from] Stealth Rock
|-damage|p1a: Cetitan|59/100|[from] Spikes
|turn|18
|
|t:|1779955802
|move|p1a: Cetitan|Ice Shard|p2a: Iron Valiant
|-damage|p2a: Iron Valiant|31/100
|move|p2a: Iron Valiant|Moonblast|p1a: Cetitan
|-damage|p1a: Cetitan|5/100
|
|-heal|p2a: Iron Valiant|38/100|[from] Grassy Terrain
|-heal|p1a: Cetitan|11/100|[from] Grassy Terrain
|-heal|p1a: Cetitan|18/100|[from] item: Leftovers
|upkeep
|turn|19
|
|t:|1779955807
|move|p1a: Cetitan|Ice Shard|p2a: Iron Valiant
|-damage|p2a: Iron Valiant|11/100
|move|p2a: Iron Valiant|Moonblast|p1a: Cetitan
|-damage|p1a: Cetitan|0 fnt
|faint|p1a: Cetitan
|
|-heal|p2a: Iron Valiant|17/100|[from] Grassy Terrain
|upkeep
|-message|aaagislash forfeited.
|
|win|dragapult's force
|raw|aaagislash's rating: 1402 &rarr; <strong>1381</strong><br />(-21 for losing)
|raw|dragapult&apos;s force's rating: 1386 &rarr; <strong>1407</strong><br />(+21 for winning)
|l|‽aaagislash
|player|p1|
|l|☆dragapult's force
|player|p2|
|j|☆dragapult's force
|player|p2|dragapult's force|clair|
|l|☆dragapult's force
|player|p2|
