|j|☆typrunks
|j|☆ThrohOrFalse
|t:|1779923531
|gametype|singles
|player|p1|typrunks|169|1209
|player|p2|ThrohOrFalse|hop|1192
|gen|9
|tier|[Gen 9] OU
|rated|
|rule|HP Percentage Mod: HP is shown in percentages
|rule|Endless Battle Clause: Forcing endless battles is banned
|rule|Species Clause: Limit one of each Pokémon
|rule|OHKO Clause: OHKO moves are banned
|rule|Evasion Items Clause: Evasion items are banned
|rule|Evasion Moves Clause: Evasion moves are banned
|rule|Evasion Abilities Clause: Evasion abilities are banned
|rule|Sleep Moves Clause: Sleep-inducing moves are banned
|clearpoke
|poke|p1|Rillaboom, M|
|poke|p1|Serperior, M|
|poke|p1|Heatran, F|
|poke|p1|Rotom-Wash|
|poke|p1|Landorus-Therian, M|
|poke|p1|Dragapult, F|
|poke|p2|Tyranitar, M|
|poke|p2|Mudsdale, M|
|poke|p2|Mandibuzz, F|
|poke|p2|Gholdengo|
|poke|p2|Excadrill, M|
|poke|p2|Greninja-*, M|
|teampreview
|j| Charizard User1000
|
|t:|1779923538
|teamsize|p1|6
|teamsize|p2|6
|start
|switch|p1a: Landorus|Landorus-Therian, M|100/100
|switch|p2a: Greninja|Greninja, M|100/100
|-ability|p1a: Landorus|Intimidate|boost
|-unboost|p2a: Greninja|atk|1
|turn|1
|l|☆ThrohOrFalse
|player|p2|
|l| Charizard User1000
|inactive|Battle timer is ON: inactive players will automatically lose when time's up. (requested by typrunks)
|j|☆ThrohOrFalse
|inactive|ThrohOrFalse reconnected and has 150 seconds left.
|player|p2|ThrohOrFalse|hop|
|
|t:|1779923582
|switch|p1a: Rotom|Rotom-Wash|100/100
|move|p2a: Greninja|Surf|p1a: Rotom
|-start|p2a: Greninja|typechange|Water|[from] ability: Protean
|-resisted|p1a: Rotom
|-damage|p1a: Rotom|72/100
|
|-heal|p1a: Rotom|78/100|[from] item: Leftovers
|upkeep
|turn|2
|
|t:|1779923591
|switch|p2a: Tyranitar|Tyranitar, M|100/100
|-weather|Sandstorm|[from] ability: Sand Stream|[of] p2a: Tyranitar
|move|p1a: Rotom|Volt Switch|p2a: Tyranitar
|-damage|p2a: Tyranitar|88/100
|
|t:|1779923610
|switch|p1a: Serperior|Serperior, M|100/100|[from] Volt Switch
|
|-weather|Sandstorm|[upkeep]
|-damage|p1a: Serperior|94/100|[from] Sandstorm
|upkeep
|turn|3
|
|t:|1779923630
|move|p1a: Serperior|Leaf Storm|p2a: Tyranitar
|-supereffective|p2a: Tyranitar
|-damage|p2a: Tyranitar|51/100
|-boost|p1a: Serperior|spa|2
|move|p2a: Tyranitar|Knock Off|p1a: Serperior
|-damage|p1a: Serperior|42/100
|-enditem|p1a: Serperior|Heavy-Duty Boots|[from] move: Knock Off|[of] p2a: Tyranitar
|
|-weather|Sandstorm|[upkeep]
|-damage|p1a: Serperior|36/100|[from] Sandstorm
|upkeep
|turn|4
|inactive|ThrohOrFalse has 120 seconds left.
|inactive|ThrohOrFalse has 90 seconds left.
|
|t:|1779923686
|switch|p2a: Gholdengo|Gholdengo|100/100
|-item|p2a: Gholdengo|Air Balloon
|move|p1a: Serperior|Giga Drain|p2a: Gholdengo
|-resisted|p2a: Gholdengo
|-damage|p2a: Gholdengo|76/100
|-heal|p1a: Serperior|52/100|[from] drain|[of] p2a: Gholdengo
|-enditem|p2a: Gholdengo|Air Balloon
|
|-weather|Sandstorm|[upkeep]
|-damage|p1a: Serperior|46/100|[from] Sandstorm
|upkeep
|turn|5
|
|t:|1779923712
|switch|p1a: Heatran|Heatran, F|100/100
|move|p2a: Gholdengo|Make It Rain|p1a: Heatran
|-resisted|p1a: Heatran
|-damage|p1a: Heatran|92/100
|-unboost|p2a: Gholdengo|spa|1
|
|-weather|Sandstorm|[upkeep]
|-heal|p1a: Heatran|98/100|[from] item: Leftovers
|upkeep
|turn|6
|inactive|ThrohOrFalse has 90 seconds left.
|
|t:|1779923732
|switch|p2a: Mudsdale|Mudsdale, M|100/100
|move|p1a: Heatran|Stealth Rock|p2a: Mudsdale
|-sidestart|p2: ThrohOrFalse|move: Stealth Rock
|
|-weather|Sandstorm|[upkeep]
|-heal|p1a: Heatran|100/100|[from] item: Leftovers
|upkeep
|turn|7
|inactive|ThrohOrFalse has 90 seconds left.
|
|t:|1779923744
|switch|p1a: Rotom|Rotom-Wash|78/100
|move|p2a: Mudsdale|Body Press|p1a: Rotom
|-damage|p1a: Rotom|57/100
|
|-weather|Sandstorm|[upkeep]
|-damage|p1a: Rotom|51/100|[from] Sandstorm
|-heal|p1a: Rotom|57/100|[from] item: Leftovers
|upkeep
|turn|8
|inactive|ThrohOrFalse has 90 seconds left.
|
|t:|1779923758
|move|p1a: Rotom|Pain Split|p2a: Mudsdale
|-sethp|p2a: Mudsdale|76/100|[from] move: Pain Split|[silent]
|-sethp|p1a: Rotom|85/100|[from] move: Pain Split
|move|p2a: Mudsdale|Body Press|p1a: Rotom
|-damage|p1a: Rotom|65/100
|
|-weather|Sandstorm|[upkeep]
|-damage|p1a: Rotom|58/100|[from] Sandstorm
|-heal|p1a: Rotom|65/100|[from] item: Leftovers
|upkeep
|turn|9
|inactive|ThrohOrFalse has 90 seconds left.
|
|t:|1779923777
|switch|p2a: Gholdengo|Gholdengo|76/100
|-damage|p2a: Gholdengo|70/100|[from] Stealth Rock
|move|p1a: Rotom|Hydro Pump|p2a: Gholdengo
|-damage|p2a: Gholdengo|26/100
|
|-weather|none
|-heal|p1a: Rotom|71/100|[from] item: Leftovers
|upkeep
|turn|10
|
|t:|1779923789
|move|p2a: Gholdengo|Recover|p2a: Gholdengo
|-heal|p2a: Gholdengo|76/100
|move|p1a: Rotom|Volt Switch|p2a: Gholdengo
|-damage|p2a: Gholdengo|44/100
|
|t:|1779923806
|switch|p1a: Rillaboom|Rillaboom, M|100/100|[from] Volt Switch
|-fieldstart|move: Grassy Terrain|[from] ability: Grassy Surge|[of] p1a: Rillaboom
|
|-heal|p2a: Gholdengo|50/100|[from] Grassy Terrain
|upkeep
|turn|11
|
|t:|1779923810
|switch|p2a: Mandibuzz|Mandibuzz, F|100/100
|move|p1a: Rillaboom|Knock Off|p2a: Mandibuzz
|-resisted|p2a: Mandibuzz
|-damage|p2a: Mandibuzz|85/100
|-enditem|p2a: Mandibuzz|Heavy-Duty Boots|[from] move: Knock Off|[of] p1a: Rillaboom
|
|upkeep
|turn|12
|
|t:|1779923820
|switch|p1a: Rotom|Rotom-Wash|71/100
|move|p2a: Mandibuzz|Toxic|p1a: Rotom|[miss]
|-miss|p2a: Mandibuzz|p1a: Rotom
|
|-heal|p1a: Rotom|77/100|[from] item: Leftovers
|upkeep
|turn|13
|
|t:|1779923828
|move|p1a: Rotom|Volt Switch|p2a: Mandibuzz
|-supereffective|p2a: Mandibuzz
|-damage|p2a: Mandibuzz|30/100
|
|t:|1779923831
|switch|p1a: Heatran|Heatran, F|100/100|[from] Volt Switch
|move|p2a: Mandibuzz|Toxic|p1a: Heatran
|-immune|p1a: Heatran
|
|upkeep
|turn|14
|
|t:|1779923848
|move|p2a: Mandibuzz|Roost|p2a: Mandibuzz
|-heal|p2a: Mandibuzz|80/100
|-singleturn|p2a: Mandibuzz|move: Roost
|move|p1a: Heatran|Taunt|p2a: Mandibuzz
|-start|p2a: Mandibuzz|move: Taunt
|
|-heal|p2a: Mandibuzz|86/100|[from] Grassy Terrain
|-fieldend|move: Grassy Terrain
|upkeep
|turn|15
|inactive|ThrohOrFalse has 120 seconds left.
|
|t:|1779923861
|move|p1a: Heatran|Magma Storm|p2a: Mandibuzz
|-damage|p2a: Mandibuzz|48/100
|-activate|p2a: Mandibuzz|move: Magma Storm|[of] p1a: Heatran
|move|p2a: Mandibuzz|U-turn|p1a: Heatran
|-resisted|p1a: Heatran
|-damage|p1a: Heatran|98/100
|
|t:|1779923877
|switch|p2a: Excadrill|Excadrill, M|100/100|[from] U-turn
|-damage|p2a: Excadrill|97/100|[from] Stealth Rock
|-item|p2a: Excadrill|Air Balloon
|
|-heal|p1a: Heatran|100/100|[from] item: Leftovers
|upkeep
|turn|16
|
|t:|1779923888
|-terastallize|p2a: Excadrill|Ghost
|-terastallize|p1a: Heatran|Ghost
|move|p2a: Excadrill|Rapid Spin|p1a: Heatran
|-immune|p1a: Heatran
|move|p1a: Heatran|Magma Storm|p2a: Excadrill
|-damage|p2a: Excadrill|44/100
|-activate|p2a: Excadrill|move: Magma Storm|[of] p1a: Heatran
|-enditem|p2a: Excadrill|Air Balloon
|
|-damage|p2a: Excadrill|32/100|[from] move: Magma Storm|[partiallytrapped]
|upkeep
|turn|17
|
|t:|1779923901
|switch|p2a: Tyranitar|Tyranitar, M|51/100
|-damage|p2a: Tyranitar|38/100|[from] Stealth Rock
|-weather|Sandstorm|[from] ability: Sand Stream|[of] p2a: Tyranitar
|move|p1a: Heatran|Earth Power|p2a: Tyranitar
|-supereffective|p2a: Tyranitar
|-damage|p2a: Tyranitar|19/100
|
|-weather|Sandstorm|[upkeep]
|-damage|p1a: Heatran|94/100|[from] Sandstorm
|-heal|p1a: Heatran|100/100|[from] item: Leftovers
|upkeep
|turn|18
|inactive|ThrohOrFalse has 120 seconds left.
|
|t:|1779923923
|switch|p1a: Landorus|Landorus-Therian, M|100/100
|-ability|p1a: Landorus|Intimidate|boost
|-unboost|p2a: Tyranitar|atk|1
|move|p2a: Tyranitar|Knock Off|p1a: Landorus
|-damage|p1a: Landorus|66/100
|-damage|p2a: Tyranitar|2/100|[from] item: Rocky Helmet|[of] p1a: Landorus
|-enditem|p1a: Landorus|Rocky Helmet|[from] move: Knock Off|[of] p2a: Tyranitar
|
|-weather|Sandstorm|[upkeep]
|upkeep
|turn|19
|inactive|ThrohOrFalse has 120 seconds left.
|
|t:|1779923935
|move|p1a: Landorus|U-turn|p2a: Tyranitar
|-supereffective|p2a: Tyranitar
|-damage|p2a: Tyranitar|0 fnt
|faint|p2a: Tyranitar
|
|t:|1779923941
|switch|p1a: Rotom|Rotom-Wash|77/100|[from] U-turn
|
|-weather|Sandstorm|[upkeep]
|-damage|p1a: Rotom|71/100|[from] Sandstorm
|-heal|p1a: Rotom|77/100|[from] item: Leftovers
|upkeep
|inactive|ThrohOrFalse has 120 seconds left.
|
|t:|1779923952
|switch|p2a: Excadrill|Excadrill, M, tera:Ghost|32/100
|-damage|p2a: Excadrill|19/100|[from] Stealth Rock
|turn|20
|
|t:|1779923960
|switch|p1a: Heatran|Heatran, F, tera:Ghost|100/100
|move|p2a: Excadrill|Rock Slide|p1a: Heatran
|-damage|p1a: Heatran|75/100
|
|-weather|Sandstorm|[upkeep]
|-damage|p1a: Heatran|69/100|[from] Sandstorm
|-heal|p1a: Heatran|75/100|[from] item: Leftovers
|upkeep
|turn|21
|
|t:|1779923973
|move|p2a: Excadrill|Rock Slide|p1a: Heatran
|-damage|p1a: Heatran|50/100
|move|p1a: Heatran|Earth Power|p2a: Excadrill
|-damage|p2a: Excadrill|0 fnt
|faint|p2a: Excadrill
|
|-weather|Sandstorm|[upkeep]
|-damage|p1a: Heatran|44/100|[from] Sandstorm
|-heal|p1a: Heatran|50/100|[from] item: Leftovers
|upkeep
|
|t:|1779923984
|switch|p2a: Greninja|Greninja, M|100/100
|-damage|p2a: Greninja|88/100|[from] Stealth Rock
|turn|22
|
|t:|1779923994
|move|p2a: Greninja|Dark Pulse|p1a: Heatran
|-start|p2a: Greninja|typechange|Dark|[from] ability: Protean
|-supereffective|p1a: Heatran
|-damage|p1a: Heatran|0 fnt
|faint|p1a: Heatran
|
|-weather|Sandstorm|[upkeep]
|-damage|p2a: Greninja|82/100|[from] Sandstorm
|upkeep
|inactive|typrunks has 120 seconds left.
|
|t:|1779924026
|switch|p1a: Rillaboom|Rillaboom, M|100/100
|-fieldstart|move: Grassy Terrain|[from] ability: Grassy Surge|[of] p1a: Rillaboom
|turn|23
|
|t:|1779924039
|move|p1a: Rillaboom|Grassy Glide|p2a: Greninja
|-damage|p2a: Greninja|0 fnt
|faint|p2a: Greninja
|
|-weather|Sandstorm|[upkeep]
|-damage|p1a: Rillaboom|94/100|[from] Sandstorm
|-heal|p1a: Rillaboom|100/100|[from] Grassy Terrain
|upkeep
|
|t:|1779924045
|switch|p2a: Mandibuzz|Mandibuzz, F|48/100
|-damage|p2a: Mandibuzz|23/100|[from] Stealth Rock
|turn|24
|
|t:|1779924053
|move|p1a: Rillaboom|Grassy Glide|p2a: Mandibuzz
|-resisted|p2a: Mandibuzz
|-damage|p2a: Mandibuzz|5/100
|move|p2a: Mandibuzz|Roost|p2a: Mandibuzz
|-heal|p2a: Mandibuzz|55/100
|-singleturn|p2a: Mandibuzz|move: Roost
|
|-weather|none
|-heal|p2a: Mandibuzz|61/100|[from] Grassy Terrain
|upkeep
|turn|25
|
|t:|1779924074
|switch|p1a: Rotom|Rotom-Wash|77/100
|move|p2a: Mandibuzz|Roost|p2a: Mandibuzz
|-heal|p2a: Mandibuzz|100/100
|-singleturn|p2a: Mandibuzz|move: Roost
|
|-heal|p1a: Rotom|83/100|[from] item: Leftovers
|upkeep
|turn|26
|
|t:|1779924083
|move|p1a: Rotom|Discharge|p2a: Mandibuzz
|-supereffective|p2a: Mandibuzz
|-damage|p2a: Mandibuzz|38/100
|move|p2a: Mandibuzz|Toxic|p1a: Rotom
|-status|p1a: Rotom|tox
|
|-heal|p1a: Rotom|90/100 tox|[from] item: Leftovers
|-damage|p1a: Rotom|83/100 tox|[from] psn
|upkeep
|turn|27
|
|t:|1779924097
|switch|p2a: Mudsdale|Mudsdale, M|76/100
|-damage|p2a: Mudsdale|70/100|[from] Stealth Rock
|move|p1a: Rotom|Hydro Pump|p2a: Mudsdale
|-supereffective|p2a: Mudsdale
|-damage|p2a: Mudsdale|0 fnt
|faint|p2a: Mudsdale
|
|-heal|p1a: Rotom|90/100 tox|[from] item: Leftovers
|-damage|p1a: Rotom|77/100 tox|[from] psn
|-fieldend|move: Grassy Terrain
|upkeep
|
|t:|1779924106
|switch|p2a: Gholdengo|Gholdengo|50/100
|-damage|p2a: Gholdengo|44/100|[from] Stealth Rock
|turn|28
|
|t:|1779924114
|move|p2a: Gholdengo|Recover|p2a: Gholdengo
|-heal|p2a: Gholdengo|94/100
|move|p1a: Rotom|Volt Switch|p2a: Gholdengo
|-damage|p2a: Gholdengo|62/100
|
|t:|1779924117
|switch|p1a: Dragapult|Dragapult, F|100/100|[from] Volt Switch
|
|upkeep
|turn|29
|
|t:|1779924125
|move|p1a: Dragapult|Shadow Ball|p2a: Gholdengo
|-supereffective|p2a: Gholdengo
|-damage|p2a: Gholdengo|0 fnt
|faint|p2a: Gholdengo
|
|upkeep
|
|t:|1779924128
|switch|p2a: Mandibuzz|Mandibuzz, F|38/100
|-damage|p2a: Mandibuzz|13/100|[from] Stealth Rock
|turn|30
|
|t:|1779924133
|move|p1a: Dragapult|Shadow Ball|p2a: Mandibuzz
|-resisted|p2a: Mandibuzz
|-damage|p2a: Mandibuzz|0 fnt
|faint|p2a: Mandibuzz
|
|win|typrunks
|raw|typrunks's rating: 1209 &rarr; <strong>1233</strong><br />(+24 for winning)
|raw|ThrohOrFalse's rating: 1192 &rarr; <strong>1168</strong><br />(-24 for losing)
|l|☆ThrohOrFalse
|player|p2|
|l|☆typrunks
|player|p1|
