|j|☆jbrunson
|j|☆Sappy6754
|t:|1779872736
|gametype|singles
|player|p1|jbrunson|buck|1315
|player|p2|Sappy6754|lucas|1318
|gen|9
|tier|[Gen 9] OU
|rated|
|rule|HP Percentage Mod: HP is shown in percentages
|rule|Endless Battle Clause: Forcing endless battles is banned
|rule|Species Clause: Limit one of each Pokémon
|rule|OHKO Clause: OHKO moves are banned
|rule|Evasion Items Clause: Evasion items are banned
|rule|Evasion Moves Clause: Evasion moves are banned
|rule|Evasion Abilities Clause: Evasion abilities are banned
|rule|Sleep Moves Clause: Sleep-inducing moves are banned
|clearpoke
|poke|p1|Iron Moth|
|poke|p1|Gliscor, M|
|poke|p1|Hatterene, F|
|poke|p1|Ogerpon-Wellspring, F|
|poke|p1|Raging Bolt|
|poke|p1|Zamazenta-*|
|poke|p2|Pincurchin, F|
|poke|p2|Iron Thorns|
|poke|p2|Regieleki|
|poke|p2|Hawlucha, F|
|poke|p2|Iron Valiant|
|poke|p2|Kingambit, F|
|teampreview
|inactive|Battle timer is ON: inactive players will automatically lose when time's up. (requested by Sappy6754)
|
|t:|1779872763
|teamsize|p1|6
|teamsize|p2|6
|start
|switch|p1a: Zamazenta|Zamazenta|100/100
|switch|p2a: Pincurchin|Pincurchin, F|100/100
|-ability|p1a: Zamazenta|Dauntless Shield|boost
|-boost|p1a: Zamazenta|def|1
|-fieldstart|move: Electric Terrain|[from] ability: Electric Surge|[of] p2a: Pincurchin
|turn|1
|
|t:|1779872775
|switch|p1a: Hatterene|Hatterene, F|100/100
|move|p2a: Pincurchin|Memento|p1a: Hatterene
|-unboost|p1a: Hatterene|atk|2
|-unboost|p1a: Hatterene|spa|2
|faint|p2a: Pincurchin
|
|upkeep
|
|t:|1779872784
|switch|p2a: Iron Thorns|Iron Thorns|100/100
|-activate|p2a: Iron Thorns|ability: Quark Drive
|-start|p2a: Iron Thorns|quarkdriveatk
|turn|2
|
|t:|1779872793
|switch|p1a: Zamazenta|Zamazenta|100/100
|move|p2a: Iron Thorns|Dragon Dance|p2a: Iron Thorns
|-boost|p2a: Iron Thorns|atk|1
|-boost|p2a: Iron Thorns|spe|1
|
|upkeep
|turn|3
|
|t:|1779872805
|-terastallize|p2a: Iron Thorns|Flying
|move|p1a: Zamazenta|Reflect|p1a: Zamazenta
|-sidestart|p1: jbrunson|Reflect
|move|p2a: Iron Thorns|Wild Charge|p1a: Zamazenta
|-damage|p1a: Zamazenta|56/100
|-damage|p2a: Iron Thorns|88/100|[from] Recoil
|
|upkeep
|turn|4
|
|t:|1779872813
|switch|p1a: Gliscor|Gliscor, M|100/100
|move|p2a: Iron Thorns|Wild Charge|p1a: Gliscor
|-immune|p1a: Gliscor
|
|-status|p1a: Gliscor|tox|[from] item: Toxic Orb
|upkeep
|turn|5
|
|t:|1779872822
|move|p2a: Iron Thorns|Ice Punch|p1a: Gliscor
|-supereffective|p1a: Gliscor
|-damage|p1a: Gliscor|12/100 tox
|move|p1a: Gliscor|Agility|p1a: Gliscor
|-boost|p1a: Gliscor|spe|2
|
|-heal|p1a: Gliscor|25/100 tox|[from] ability: Poison Heal
|upkeep
|turn|6
|
|t:|1779872841
|-terastallize|p1a: Gliscor|Normal
|move|p1a: Gliscor|Swords Dance|p1a: Gliscor
|-boost|p1a: Gliscor|atk|2
|move|p2a: Iron Thorns|Ice Punch|p1a: Gliscor
|-damage|p1a: Gliscor|0 fnt
|faint|p1a: Gliscor
|
|upkeep
|
|t:|1779872860
|switch|p1a: Raging Bolt|Raging Bolt|100/100
|-enditem|p1a: Raging Bolt|Booster Energy
|-activate|p1a: Raging Bolt|ability: Protosynthesis|[fromitem]
|-start|p1a: Raging Bolt|protosynthesisspa
|turn|7
|
|t:|1779872866
|move|p2a: Iron Thorns|Earthquake|p1a: Raging Bolt
|-supereffective|p1a: Raging Bolt
|-damage|p1a: Raging Bolt|33/100
|move|p1a: Raging Bolt|Thunderbolt|p2a: Iron Thorns
|-supereffective|p2a: Iron Thorns
|-crit|p2a: Iron Thorns
|-damage|p2a: Iron Thorns|0 fnt
|faint|p2a: Iron Thorns
|-end|p2a: Iron Thorns|Quark Drive|[silent]
|
|upkeep
|
|t:|1779872881
|switch|p2a: Iron Valiant|Iron Valiant|100/100
|-activate|p2a: Iron Valiant|ability: Quark Drive
|-start|p2a: Iron Valiant|quarkdrivespe
|turn|8
|
|t:|1779872890
|move|p1a: Raging Bolt|Thunderclap|p2a: Iron Valiant
|-damage|p2a: Iron Valiant|0 fnt
|faint|p2a: Iron Valiant
|-end|p2a: Iron Valiant|Quark Drive|[silent]
|
|-fieldend|move: Electric Terrain
|upkeep
|
|t:|1779872902
|switch|p2a: Regieleki|Regieleki|100/100
|turn|9
|
|t:|1779872906
|move|p2a: Regieleki|Electric Terrain|p2a: Regieleki
|-fieldstart|move: Electric Terrain
|move|p1a: Raging Bolt|Dragon Pulse|p2a: Regieleki
|-damage|p2a: Regieleki|0 fnt
|faint|p2a: Regieleki
|
|upkeep
|
|t:|1779872911
|switch|p2a: Hawlucha|Hawlucha, F|100/100
|-enditem|p2a: Hawlucha|Electric Seed
|-boost|p2a: Hawlucha|def|1|[from] item: Electric Seed
|turn|10
|
|t:|1779872918
|move|p2a: Hawlucha|Swords Dance|p2a: Hawlucha
|-boost|p2a: Hawlucha|atk|2
|move|p1a: Raging Bolt|Thunderbolt|p2a: Hawlucha
|-supereffective|p2a: Hawlucha
|-damage|p2a: Hawlucha|0 fnt
|faint|p2a: Hawlucha
|
|-sideend|p1: jbrunson|Reflect
|upkeep
|
|t:|1779872923
|switch|p2a: Kingambit|Kingambit, F|100/100
|-activate|p2a: Kingambit|ability: Supreme Overlord
|-start|p2a: Kingambit|fallen5|[silent]
|-item|p2a: Kingambit|Air Balloon
|turn|11
|
|t:|1779872930
|move|p1a: Raging Bolt|Thunderclap||[still]
|-fail|p1a: Raging Bolt
|move|p2a: Kingambit|Swords Dance|p2a: Kingambit
|-boost|p2a: Kingambit|atk|2
|
|upkeep
|turn|12
|
|t:|1779872944
|move|p1a: Raging Bolt|Thunderbolt|p2a: Kingambit
|-damage|p2a: Kingambit|0 fnt
|-enditem|p2a: Kingambit|Air Balloon
|faint|p2a: Kingambit
|-end|p2a: Kingambit|fallen5|[silent]
|
|win|jbrunson
|raw|jbrunson's rating: 1315 &rarr; <strong>1335</strong><br />(+20 for winning)
|raw|Sappy6754's rating: 1318 &rarr; <strong>1298</strong><br />(-20 for losing)
|l|☆Sappy6754
|player|p2|
|l|☆jbrunson
|player|p1|
