|j|☆StormIsNotOmega
|j|☆sword over shield
|t:|1779942446
|gametype|singles
|player|p1|StormIsNotOmega|psychic-gen4|1473
|player|p2|sword over shield|101|1514
|gen|9
|tier|[Gen 9] OU
|rated|
|rule|HP Percentage Mod: HP is shown in percentages
|rule|Endless Battle Clause: Forcing endless battles is banned
|rule|Species Clause: Limit one of each Pokémon
|rule|OHKO Clause: OHKO moves are banned
|rule|Evasion Items Clause: Evasion items are banned
|rule|Evasion Moves Clause: Evasion moves are banned
|rule|Evasion Abilities Clause: Evasion abilities are banned
|rule|Sleep Moves Clause: Sleep-inducing moves are banned
|clearpoke
|poke|p1|Moltres|
|poke|p1|Clodsire, F|
|poke|p1|Gliscor, M|
|poke|p1|Blissey, F|
|poke|p1|Dondozo, F|
|poke|p1|Weezing-Galar, F|
|poke|p2|Great Tusk|
|poke|p2|Heatran, M|
|poke|p2|Gholdengo|
|poke|p2|Ogerpon-Wellspring, F|
|poke|p2|Dragapult, F|
|poke|p2|Darkrai|
|teampreview
|inactive|Battle timer is ON: inactive players will automatically lose when time's up. (requested by StormIsNotOmega)
|
|t:|1779942464
|teamsize|p1|6
|teamsize|p2|6
|start
|switch|p1a: Gliscor|Gliscor, M|100/100
|switch|p2a: Heatran|Heatran, M|100/100
|turn|1
|
|t:|1779942470
|switch|p2a: Ogerpon|Ogerpon-Wellspring, F|100/100
|move|p1a: Gliscor|Protect||[still]
|-fail|p1a: Gliscor
|
|-status|p1a: Gliscor|tox|[from] item: Toxic Orb
|upkeep
|turn|2
|
|t:|1779942478
|-terastallize|p1a: Gliscor|Normal
|move|p2a: Ogerpon|Spikes|p1a: Gliscor
|-sidestart|p1: StormIsNotOmega|Spikes
|move|p1a: Gliscor|Facade|p2a: Ogerpon
|-damage|p2a: Ogerpon|44/100
|
|upkeep
|turn|3
|
|t:|1779942489
|switch|p2a: Gholdengo|Gholdengo|100/100
|-item|p2a: Gholdengo|Air Balloon
|move|p1a: Gliscor|Swords Dance|p1a: Gliscor
|-boost|p1a: Gliscor|atk|2
|
|upkeep
|turn|4
|
|t:|1779942498
|switch|p2a: Great Tusk|Great Tusk|100/100
|move|p1a: Gliscor|Knock Off|p2a: Great Tusk
|-resisted|p2a: Great Tusk
|-damage|p2a: Great Tusk|87/100
|-damage|p1a: Gliscor|84/100 tox|[from] item: Rocky Helmet|[of] p2a: Great Tusk
|-enditem|p2a: Great Tusk|Rocky Helmet|[from] move: Knock Off|[of] p1a: Gliscor
|
|-heal|p1a: Gliscor|97/100 tox|[from] ability: Poison Heal
|upkeep
|turn|5
|
|t:|1779942511
|move|p1a: Gliscor|Protect|p1a: Gliscor
|-singleturn|p1a: Gliscor|Protect
|move|p2a: Great Tusk|Rapid Spin|p1a: Gliscor
|-activate|p1a: Gliscor|move: Protect
|
|-heal|p1a: Gliscor|100/100 tox|[from] ability: Poison Heal
|upkeep
|turn|6
|
|t:|1779942520
|move|p2a: Great Tusk|Headlong Rush|p1a: Gliscor
|-damage|p1a: Gliscor|62/100 tox
|-unboost|p2a: Great Tusk|def|1
|-unboost|p2a: Great Tusk|spd|1
|move|p1a: Gliscor|Facade|p2a: Great Tusk
|-damage|p2a: Great Tusk|0 fnt
|faint|p2a: Great Tusk
|-end|p2a: Great Tusk|Protosynthesis|[silent]
|
|-heal|p1a: Gliscor|75/100 tox|[from] ability: Poison Heal
|upkeep
|
|t:|1779942531
|switch|p2a: Dragapult|Dragapult, F|100/100
|turn|7
|
|t:|1779942536
|move|p1a: Gliscor|Protect|p1a: Gliscor
|-singleturn|p1a: Gliscor|Protect
|move|p2a: Dragapult|Draco Meteor|p1a: Gliscor
|-activate|p1a: Gliscor|move: Protect
|
|-heal|p1a: Gliscor|87/100 tox|[from] ability: Poison Heal
|upkeep
|turn|8
|
|t:|1779942543
|move|p2a: Dragapult|Draco Meteor|p1a: Gliscor
|-damage|p1a: Gliscor|13/100 tox
|-unboost|p2a: Dragapult|spa|2
|move|p1a: Gliscor|Knock Off|p2a: Dragapult
|-supereffective|p2a: Dragapult
|-damage|p2a: Dragapult|0 fnt
|-enditem|p2a: Dragapult|Choice Specs|[from] move: Knock Off|[of] p1a: Gliscor
|faint|p2a: Dragapult
|
|-heal|p1a: Gliscor|25/100 tox|[from] ability: Poison Heal
|upkeep
|
|t:|1779942548
|switch|p2a: Darkrai|Darkrai|100/100
|turn|9
|
|t:|1779942555
|move|p1a: Gliscor|Protect|p1a: Gliscor
|-singleturn|p1a: Gliscor|Protect
|move|p2a: Darkrai|Dark Pulse|p1a: Gliscor
|-activate|p1a: Gliscor|move: Protect
|
|-heal|p1a: Gliscor|38/100 tox|[from] ability: Poison Heal
|upkeep
|turn|10
|
|t:|1779942562
|switch|p1a: Blissey|Blissey, F|100/100
|move|p2a: Darkrai|Dark Pulse|p1a: Blissey
|-damage|p1a: Blissey|86/100
|
|upkeep
|turn|11
|
|t:|1779942572
|switch|p2a: Gholdengo|Gholdengo|100/100
|-item|p2a: Gholdengo|Air Balloon
|move|p1a: Blissey|Ice Beam|p2a: Gholdengo
|-resisted|p2a: Gholdengo
|-damage|p2a: Gholdengo|92/100
|-enditem|p2a: Gholdengo|Air Balloon
|
|upkeep
|turn|12
|
|t:|1779942587
|switch|p2a: Ogerpon|Ogerpon-Wellspring, F|44/100
|switch|p1a: Moltres|Moltres|100/100
|
|upkeep
|turn|13
|
|t:|1779942595
|move|p2a: Ogerpon|Ivy Cudgel|p1a: Moltres|[anim] Ivy Cudgel Water
|-supereffective|p1a: Moltres
|-damage|p1a: Moltres|15/100
|move|p1a: Moltres|Will-O-Wisp|p2a: Ogerpon
|-status|p2a: Ogerpon|brn
|
|-damage|p2a: Ogerpon|38/100 brn|[from] brn
|upkeep
|turn|14
|
|t:|1779942604
|switch|p1a: Weezing|Weezing-Galar, F|100/100
|-ability|p1a: Weezing|Neutralizing Gas
|move|p2a: Ogerpon|Ivy Cudgel|p1a: Weezing|[anim] Ivy Cudgel Water
|-damage|p1a: Weezing|83/100
|
|-damage|p2a: Ogerpon|32/100 brn|[from] brn
|upkeep
|turn|15
|
|t:|1779942612
|move|p2a: Ogerpon|Spikes|p1a: Weezing
|-sidestart|p1: StormIsNotOmega|Spikes
|move|p1a: Weezing|Defog|p2a: Ogerpon
|-unboost|p2a: Ogerpon|evasion|1
|-sideend|p1: StormIsNotOmega|Spikes|[from] move: Defog|[of] p1a: Weezing
|
|-damage|p2a: Ogerpon|26/100 brn|[from] brn
|upkeep
|turn|16
|
|t:|1779942619
|move|p2a: Ogerpon|Spikes|p1a: Weezing
|-sidestart|p1: StormIsNotOmega|Spikes
|move|p1a: Weezing|Defog|p2a: Ogerpon
|-unboost|p2a: Ogerpon|evasion|1
|-sideend|p1: StormIsNotOmega|Spikes|[from] move: Defog|[of] p1a: Weezing
|
|-damage|p2a: Ogerpon|20/100 brn|[from] brn
|upkeep
|turn|17
|-message|sword over shield forfeited.
|
|win|StormIsNotOmega
|raw|StormIsNotOmega's rating: 1473 &rarr; <strong>1495</strong><br />(+22 for winning)
|raw|sword over shield's rating: 1514 &rarr; <strong>1492</strong><br />(-22 for losing)
|l|☆sword over shield
|player|p2|
|l|☆StormIsNotOmega
|player|p1|
