|j|☆inoutofink
|j|☆hueehuuekkkk
|t:|1779858297
|gametype|singles
|player|p1|inoutofink|hoopster|1304
|player|p2|hueehuuekkkk|steven|1343
|gen|9
|tier|[Gen 9] OU
|rated|
|rule|HP Percentage Mod: HP is shown in percentages
|rule|Endless Battle Clause: Forcing endless battles is banned
|rule|Species Clause: Limit one of each Pokémon
|rule|OHKO Clause: OHKO moves are banned
|rule|Evasion Items Clause: Evasion items are banned
|rule|Evasion Moves Clause: Evasion moves are banned
|rule|Evasion Abilities Clause: Evasion abilities are banned
|rule|Sleep Moves Clause: Sleep-inducing moves are banned
|clearpoke
|poke|p1|Tyranitar, F|
|poke|p1|Heatran, F|
|poke|p1|Keldeo-Resolute|
|poke|p1|Excadrill, M|
|poke|p1|Hydrapple, F|
|poke|p1|Ogerpon, F|
|poke|p2|Suicune|
|poke|p2|Dragonite, M|
|poke|p2|Cinderace, M|
|poke|p2|Zamazenta-*|
|poke|p2|Blaziken, F|
|poke|p2|Rotom-Wash|
|teampreview
|inactive|Battle timer is ON: inactive players will automatically lose when time's up. (requested by hueehuuekkkk)
|inactive|inoutofink has 120 seconds left.
|inactive|hueehuuekkkk has 120 seconds left.
|
|t:|1779858348
|teamsize|p1|6
|teamsize|p2|6
|start
|switch|p1a: Ogerpon|Ogerpon, F|100/100
|switch|p2a: Blaziken|Blaziken, F|100/100
|turn|1
|
|t:|1779858372
|move|p1a: Ogerpon|U-turn|p2a: Blaziken
|-resisted|p2a: Blaziken
|-damage|p2a: Blaziken|92/100
|
|t:|1779858380
|switch|p1a: Tyranitar|Tyranitar, F|100/100|[from] U-turn
|-weather|Sandstorm|[from] ability: Sand Stream|[of] p1a: Tyranitar
|move|p2a: Blaziken|Close Combat|p1a: Tyranitar
|-supereffective|p1a: Tyranitar
|-damage|p1a: Tyranitar|0 fnt
|-unboost|p2a: Blaziken|def|1
|-unboost|p2a: Blaziken|spd|1
|faint|p1a: Tyranitar
|
|-weather|Sandstorm|[upkeep]
|-damage|p2a: Blaziken|86/100|[from] Sandstorm
|-ability|p2a: Blaziken|Speed Boost|boost
|-boost|p2a: Blaziken|spe|1
|upkeep
|inactive|inoutofink has 120 seconds left.
|
|t:|1779858396
|switch|p1a: Keldeo|Keldeo-Resolute|100/100
|turn|2
|
|t:|1779858407
|move|p2a: Blaziken|Close Combat|p1a: Keldeo
|-damage|p1a: Keldeo|22/100
|-unboost|p2a: Blaziken|def|1
|-unboost|p2a: Blaziken|spd|1
|move|p1a: Keldeo|Flip Turn|p2a: Blaziken
|-supereffective|p2a: Blaziken
|-damage|p2a: Blaziken|0 fnt
|faint|p2a: Blaziken
|
|t:|1779858415
|switch|p1a: Heatran|Heatran, F|100/100|[from] Flip Turn
|
|-weather|Sandstorm|[upkeep]
|upkeep
|
|t:|1779858426
|switch|p2a: Cinderace|Cinderace, M|100/100
|turn|3
|
|t:|1779858431
|switch|p1a: Hydrapple|Hydrapple, F|100/100
|move|p2a: Cinderace|High Jump Kick|p1a: Hydrapple
|-start|p2a: Cinderace|typechange|Fighting|[from] ability: Libero
|-damage|p1a: Hydrapple|64/100
|-damage|p2a: Cinderace|84/100|[from] item: Rocky Helmet|[of] p1a: Hydrapple
|
|-weather|Sandstorm|[upkeep]
|-damage|p2a: Cinderace|78/100|[from] Sandstorm
|-damage|p1a: Hydrapple|58/100|[from] Sandstorm
|upkeep
|turn|4
|
|t:|1779858443
|move|p2a: Cinderace|U-turn|p1a: Hydrapple
|-supereffective|p1a: Hydrapple
|-crit|p1a: Hydrapple
|-damage|p1a: Hydrapple|16/100
|-damage|p2a: Cinderace|61/100|[from] item: Rocky Helmet|[of] p1a: Hydrapple
|
|t:|1779858450
|switch|p2a: Rotom|Rotom-Wash|100/100|[from] U-turn
|move|p1a: Hydrapple|Giga Drain|p2a: Rotom
|-supereffective|p2a: Rotom
|-damage|p2a: Rotom|40/100
|-heal|p1a: Hydrapple|38/100|[from] drain|[of] p2a: Rotom
|
|-weather|Sandstorm|[upkeep]
|-damage|p2a: Rotom|34/100|[from] Sandstorm
|-damage|p1a: Hydrapple|32/100|[from] Sandstorm
|upkeep
|turn|5
|
|t:|1779858459
|move|p2a: Rotom|Volt Switch|p1a: Hydrapple
|-resisted|p1a: Hydrapple
|-damage|p1a: Hydrapple|26/100
|
|t:|1779858462
|switch|p2a: Cinderace|Cinderace, M|61/100|[from] Volt Switch
|move|p1a: Hydrapple|Giga Drain|p2a: Cinderace
|-resisted|p2a: Cinderace
|-damage|p2a: Cinderace|38/100
|-heal|p1a: Hydrapple|35/100|[from] drain|[of] p2a: Cinderace
|
|-weather|none
|upkeep
|turn|6
|inactive|inoutofink has 120 seconds left.
|
|t:|1779858510
|move|p2a: Cinderace|High Jump Kick|p1a: Hydrapple
|-start|p2a: Cinderace|typechange|Fighting|[from] ability: Libero
|-damage|p1a: Hydrapple|0 fnt
|-damage|p2a: Cinderace|21/100|[from] item: Rocky Helmet|[of] p1a: Hydrapple
|faint|p1a: Hydrapple
|
|upkeep
|
|t:|1779858527
|switch|p1a: Ogerpon|Ogerpon, F|100/100
|turn|7
|inactive|hueehuuekkkk has 120 seconds left.
|
|t:|1779858560
|move|p2a: Cinderace|U-turn|p1a: Ogerpon
|-supereffective|p1a: Ogerpon
|-damage|p1a: Ogerpon|41/100
|inactive|hueehuuekkkk has 120 seconds left.
|
|t:|1779858567
|switch|p2a: Rotom|Rotom-Wash|34/100|[from] U-turn
|move|p1a: Ogerpon|Ivy Cudgel|p2a: Rotom
|-supereffective|p2a: Rotom
|-damage|p2a: Rotom|0 fnt
|faint|p2a: Rotom
|
|upkeep
|
|t:|1779858570
|switch|p2a: Cinderace|Cinderace, M|21/100
|turn|8
|
|t:|1779858592
|switch|p1a: Keldeo|Keldeo-Resolute|22/100
|move|p2a: Cinderace|U-turn|p1a: Keldeo
|-start|p2a: Cinderace|typechange|Bug|[from] ability: Libero
|-resisted|p1a: Keldeo
|-damage|p1a: Keldeo|2/100
|inactive|hueehuuekkkk has 120 seconds left.
|
|t:|1779858631
|switch|p2a: Zamazenta|Zamazenta|100/100|[from] U-turn
|-ability|p2a: Zamazenta|Dauntless Shield|boost
|-boost|p2a: Zamazenta|def|1
|
|upkeep
|turn|9
|
|t:|1779858642
|move|p2a: Zamazenta|Body Press|p1a: Keldeo
|-crit|p1a: Keldeo
|-damage|p1a: Keldeo|0 fnt
|faint|p1a: Keldeo
|
|upkeep
|
|t:|1779858647
|switch|p1a: Heatran|Heatran, F|100/100
|turn|10
|inactive|hueehuuekkkk has 120 seconds left.
|
|t:|1779858686
|-terastallize|p1a: Heatran|Flying
|move|p2a: Zamazenta|Substitute|p2a: Zamazenta
|-start|p2a: Zamazenta|Substitute
|-damage|p2a: Zamazenta|76/100
|move|p1a: Heatran|Will-O-Wisp||[still]
|-fail|p1a: Heatran
|
|-heal|p2a: Zamazenta|82/100|[from] item: Leftovers
|upkeep
|turn|11
|
|t:|1779858692
|move|p2a: Zamazenta|Iron Defense|p2a: Zamazenta
|-boost|p2a: Zamazenta|def|2
|move|p1a: Heatran|Magma Storm|p2a: Zamazenta|[miss]
|-miss|p1a: Heatran|p2a: Zamazenta
|
|-heal|p2a: Zamazenta|88/100|[from] item: Leftovers
|upkeep
|turn|12
|
|t:|1779858696
|move|p2a: Zamazenta|Body Press|p1a: Heatran
|-resisted|p1a: Heatran
|-damage|p1a: Heatran|70/100
|move|p1a: Heatran|Magma Storm|p2a: Zamazenta
|-end|p2a: Zamazenta|Substitute
|
|-heal|p2a: Zamazenta|94/100|[from] item: Leftovers
|-heal|p1a: Heatran|77/100|[from] item: Leftovers
|upkeep
|turn|13
|inactive|hueehuuekkkk has 120 seconds left.
|
|t:|1779858703
|switch|p2a: Suicune|Suicune, shiny|100/100
|-ability|p2a: Suicune|Pressure
|move|p1a: Heatran|Magma Storm|p2a: Suicune
|-resisted|p2a: Suicune
|-damage|p2a: Suicune|84/100
|-activate|p2a: Suicune|move: Magma Storm|[of] p1a: Heatran
|
|-heal|p2a: Suicune|90/100|[from] item: Leftovers
|-heal|p1a: Heatran|83/100|[from] item: Leftovers
|-damage|p2a: Suicune|78/100|[from] move: Magma Storm|[partiallytrapped]
|upkeep
|turn|14
|
|t:|1779858716
|move|p2a: Suicune|Scald|p1a: Heatran
|-damage|p1a: Heatran|67/100
|-status|p1a: Heatran|brn
|move|p1a: Heatran|Stealth Rock|p2a: Suicune
|-sidestart|p2: hueehuuekkkk|move: Stealth Rock
|
|-heal|p2a: Suicune|84/100|[from] item: Leftovers
|-heal|p1a: Heatran|73/100 brn|[from] item: Leftovers
|-damage|p1a: Heatran|67/100 brn|[from] brn
|-damage|p2a: Suicune|72/100|[from] move: Magma Storm|[partiallytrapped]
|upkeep
|turn|15
|
|t:|1779858728
|switch|p1a: Ogerpon|Ogerpon, F|41/100
|move|p2a: Suicune|Calm Mind|p2a: Suicune
|-boost|p2a: Suicune|spa|1
|-boost|p2a: Suicune|spd|1
|-enditem|p1a: Ogerpon|Mirror Herb
|-boost|p1a: Ogerpon|spa|1|[from] item: Mirror Herb
|-boost|p1a: Ogerpon|spd|1|[from] item: Mirror Herb
|
|-heal|p2a: Suicune|78/100|[from] item: Leftovers
|-end|p2a: Suicune|Magma Storm|[partiallytrapped]|[silent]
|upkeep
|turn|16
|
|t:|1779858736
|switch|p2a: Cinderace|Cinderace, M|21/100
|-damage|p2a: Cinderace|0 fnt|[from] Stealth Rock
|faint|p2a: Cinderace
|move|p1a: Ogerpon|Ivy Cudgel|p2: Cinderace|[notarget]
|-fail|p1a: Ogerpon
|
|upkeep
|
|t:|1779858741
|switch|p2a: Zamazenta|Zamazenta|94/100
|-damage|p2a: Zamazenta|88/100|[from] Stealth Rock
|turn|17
|
|t:|1779858745
|move|p2a: Zamazenta|Body Press|p1a: Ogerpon
|-damage|p1a: Ogerpon|0 fnt
|faint|p1a: Ogerpon
|
|-heal|p2a: Zamazenta|94/100|[from] item: Leftovers
|upkeep
|
|t:|1779858749
|switch|p1a: Heatran|Heatran, F, tera:Flying|67/100 brn
|turn|18
|
|t:|1779858754
|switch|p2a: Suicune|Suicune, shiny|78/100
|-damage|p2a: Suicune|66/100|[from] Stealth Rock
|-ability|p2a: Suicune|Pressure
|move|p1a: Heatran|Magma Storm|p2a: Suicune
|-resisted|p2a: Suicune
|-damage|p2a: Suicune|51/100
|-activate|p2a: Suicune|move: Magma Storm|[of] p1a: Heatran
|
|-heal|p2a: Suicune|57/100|[from] item: Leftovers
|-heal|p1a: Heatran|73/100 brn|[from] item: Leftovers
|-damage|p1a: Heatran|67/100 brn|[from] brn
|-damage|p2a: Suicune|44/100|[from] move: Magma Storm|[partiallytrapped]
|upkeep
|turn|19
|
|t:|1779858769
|move|p2a: Suicune|Scald|p1a: Heatran
|-damage|p1a: Heatran|51/100 brn
|move|p1a: Heatran|Will-O-Wisp|p2a: Suicune
|-status|p2a: Suicune|brn
|
|-heal|p2a: Suicune|51/100 brn|[from] item: Leftovers
|-heal|p1a: Heatran|57/100 brn|[from] item: Leftovers
|-damage|p2a: Suicune|44/100 brn|[from] brn
|-damage|p1a: Heatran|51/100 brn|[from] brn
|-damage|p2a: Suicune|32/100 brn|[from] move: Magma Storm|[partiallytrapped]
|upkeep
|turn|20
|
|t:|1779858789
|move|p2a: Suicune|Rest|p2a: Suicune
|-status|p2a: Suicune|slp|[from] move: Rest
|-heal|p2a: Suicune|100/100 slp|[silent]
|move|p1a: Heatran|Scorching Sands|p2a: Suicune
|-damage|p2a: Suicune|85/100 slp
|
|-heal|p2a: Suicune|91/100 slp|[from] item: Leftovers
|-heal|p1a: Heatran|57/100 brn|[from] item: Leftovers
|-damage|p1a: Heatran|51/100 brn|[from] brn
|-damage|p2a: Suicune|78/100 slp|[from] move: Magma Storm|[partiallytrapped]
|upkeep
|turn|21
|
|t:|1779858802
|switch|p1a: Excadrill|Excadrill, M|100/100
|-item|p1a: Excadrill|Air Balloon
|cant|p2a: Suicune|slp
|move|p2a: Suicune|Sleep Talk|p2a: Suicune
|move|p2a: Suicune|Calm Mind|p2a: Suicune|[from] move: Sleep Talk
|-boost|p2a: Suicune|spa|1
|-boost|p2a: Suicune|spd|1
|
|-heal|p2a: Suicune|85/100 slp|[from] item: Leftovers
|-end|p2a: Suicune|Magma Storm|[partiallytrapped]|[silent]
|upkeep
|turn|22
|inactive|hueehuuekkkk has 120 seconds left.
|
|t:|1779858861
|move|p1a: Excadrill|Rapid Spin|p2a: Suicune
|-damage|p2a: Suicune|73/100 slp
|-boost|p1a: Excadrill|spe|1
|cant|p2a: Suicune|slp
|move|p2a: Suicune|Sleep Talk|p2a: Suicune
|move|p2a: Suicune|Calm Mind|p2a: Suicune|[from] move: Sleep Talk
|-boost|p2a: Suicune|spa|1
|-boost|p2a: Suicune|spd|1
|
|-heal|p2a: Suicune|79/100 slp|[from] item: Leftovers
|upkeep
|turn|23
|
|t:|1779858870
|move|p1a: Excadrill|Earthquake|p2a: Suicune
|-damage|p2a: Suicune|46/100 slp
|-curestatus|p2a: Suicune|slp|[msg]
|move|p2a: Suicune|Scald|p1a: Excadrill
|-supereffective|p1a: Excadrill
|-damage|p1a: Excadrill|0 fnt
|-enditem|p1a: Excadrill|Air Balloon
|faint|p1a: Excadrill
|
|-heal|p2a: Suicune|52/100|[from] item: Leftovers
|upkeep
|l|☆inoutofink
|inactive|inoutofink disconnected and has a minute to reconnect!
|player|p1|
|inactive|inoutofink has 30 seconds to reconnect!
|inactive|inoutofink has 20 seconds to reconnect!
|inactive|inoutofink has 15 seconds to reconnect!
|inactive|inoutofink has 10 seconds to reconnect!
|inactive|inoutofink has 5 seconds to reconnect!
|-message|inoutofink lost due to inactivity.
|
|win|hueehuuekkkk
|raw|inoutofink's rating: 1304 &rarr; <strong>1286</strong><br />(-18 for losing)
|raw|hueehuuekkkk's rating: 1343 &rarr; <strong>1361</strong><br />(+18 for winning)
