|j|☆yigf
|j|☆Poisson444444
|t:|1779876489
|gametype|singles
|player|p1|yigf|tuber|1160
|player|p2|Poisson444444|riley|1123
|gen|9
|tier|[Gen 9] OU
|rated|
|rule|HP Percentage Mod: HP is shown in percentages
|rule|Endless Battle Clause: Forcing endless battles is banned
|rule|Species Clause: Limit one of each Pokémon
|rule|OHKO Clause: OHKO moves are banned
|rule|Evasion Items Clause: Evasion items are banned
|rule|Evasion Moves Clause: Evasion moves are banned
|rule|Evasion Abilities Clause: Evasion abilities are banned
|rule|Sleep Moves Clause: Sleep-inducing moves are banned
|clearpoke
|poke|p1|Dragonite, F|
|poke|p1|Incineroar, M|
|poke|p1|Great Tusk|
|poke|p1|Iron Boulder|
|poke|p1|Blastoise, M|
|poke|p1|Glimmora, F|
|poke|p2|Eelektross, M|
|poke|p2|Toxapex, M|
|poke|p2|Dragapult, F|
|poke|p2|Gliscor, F|
|poke|p2|Hatterene, F|
|poke|p2|Hydrapple, F|
|teampreview
|inactive|Battle timer is ON: inactive players will automatically lose when time's up. (requested by yigf)
|
|t:|1779876499
|teamsize|p1|6
|teamsize|p2|6
|start
|switch|p1a: Blastoise|Blastoise, M|100/100
|switch|p2a: Chapeaupointu|Hatterene, F|100/100
|turn|1
|
|t:|1779876506
|move|p1a: Blastoise|Shell Smash|p1a: Blastoise
|-unboost|p1a: Blastoise|def|1
|-unboost|p1a: Blastoise|spd|1
|-boost|p1a: Blastoise|atk|2
|-boost|p1a: Blastoise|spa|2
|-boost|p1a: Blastoise|spe|2
|-enditem|p1a: Blastoise|White Herb
|-clearnegativeboost|p1a: Blastoise|[silent]
|move|p2a: Chapeaupointu|Future Sight|p1a: Blastoise
|-start|p2a: Chapeaupointu|move: Future Sight
|
|upkeep
|turn|2
|
|t:|1779876517
|switch|p2a: Doubleface|Toxapex, M|100/100
|move|p1a: Blastoise|Water Spout|p2a: Doubleface
|-resisted|p2a: Doubleface
|-damage|p2a: Doubleface|64/100
|
|-heal|p2a: Doubleface|70/100|[from] item: Black Sludge
|upkeep
|turn|3
|
|t:|1779876528
|move|p1a: Blastoise|Water Spout|p2a: Doubleface
|-resisted|p2a: Doubleface
|-damage|p2a: Doubleface|33/100
|move|p2a: Doubleface|Toxic|p1a: Blastoise
|-status|p1a: Blastoise|tox
|
|-end|p1a: Blastoise|move: Future Sight
|-damage|p1a: Blastoise|54/100 tox
|-heal|p2a: Doubleface|39/100|[from] item: Black Sludge
|-damage|p1a: Blastoise|48/100 tox|[from] psn
|upkeep
|turn|4
|
|t:|1779876541
|move|p2a: Doubleface|Baneful Bunker|p2a: Doubleface
|-singleturn|p2a: Doubleface|move: Protect
|move|p1a: Blastoise|Hydro Pump|p2a: Doubleface
|-activate|p2a: Doubleface|move: Protect
|
|-heal|p2a: Doubleface|45/100|[from] item: Black Sludge
|-damage|p1a: Blastoise|35/100 tox|[from] psn
|upkeep
|turn|5
|
|t:|1779876555
|switch|p2a: Serpentsnette|Hydrapple, F|100/100
|move|p1a: Blastoise|Hydro Pump|p2a: Serpentsnette|[miss]
|-miss|p1a: Blastoise|p2a: Serpentsnette
|
|-damage|p1a: Blastoise|17/100 tox|[from] psn
|upkeep
|turn|6
|
|t:|1779876575
|switch|p2a: Doubleface|Toxapex, M|78/100
|move|p1a: Blastoise|Aura Sphere|p2a: Doubleface
|-resisted|p2a: Doubleface
|-damage|p2a: Doubleface|64/100
|
|-heal|p2a: Doubleface|70/100|[from] item: Black Sludge
|-damage|p1a: Blastoise|0 fnt|[from] psn
|faint|p1a: Blastoise
|upkeep
|
|t:|1779876591
|switch|p1a: Iron Boulder|Iron Boulder|100/100
|-enditem|p1a: Iron Boulder|Booster Energy
|-activate|p1a: Iron Boulder|ability: Quark Drive|[fromitem]
|-start|p1a: Iron Boulder|quarkdrivespe
|turn|7
|
|t:|1779876612
|move|p2a: Doubleface|Baneful Bunker|p2a: Doubleface
|-singleturn|p2a: Doubleface|move: Protect
|move|p1a: Iron Boulder|Psycho Cut|p2a: Doubleface
|-activate|p2a: Doubleface|move: Protect
|
|-heal|p2a: Doubleface|76/100|[from] item: Black Sludge
|upkeep
|turn|8
|
|t:|1779876626
|switch|p2a: Crabe|Gliscor, F|100/100
|move|p1a: Iron Boulder|Psycho Cut|p2a: Crabe
|-damage|p2a: Crabe|76/100
|
|-status|p2a: Crabe|tox|[from] item: Toxic Orb
|upkeep
|turn|9
|
|t:|1779876637
|move|p1a: Iron Boulder|Mighty Cleave|p2a: Crabe
|-damage|p2a: Crabe|44/100 tox
|move|p2a: Crabe|Stealth Rock|p1a: Iron Boulder
|-sidestart|p1: yigf|move: Stealth Rock
|
|-heal|p2a: Crabe|56/100 tox|[from] ability: Poison Heal
|upkeep
|turn|10
|
|t:|1779876646
|move|p1a: Iron Boulder|Mighty Cleave|p2a: Crabe
|-damage|p2a: Crabe|23/100 tox
|move|p2a: Crabe|Spikes|p1a: Iron Boulder
|-sidestart|p1: yigf|Spikes
|
|-heal|p2a: Crabe|35/100 tox|[from] ability: Poison Heal
|upkeep
|turn|11
|
|t:|1779876659
|move|p1a: Iron Boulder|Mighty Cleave|p2a: Crabe
|-damage|p2a: Crabe|3/100 tox
|move|p2a: Crabe|Earthquake|p1a: Iron Boulder
|-supereffective|p1a: Iron Boulder
|-damage|p1a: Iron Boulder|25/100
|
|-heal|p2a: Crabe|15/100 tox|[from] ability: Poison Heal
|upkeep
|turn|12
|
|t:|1779876674
|move|p1a: Iron Boulder|Mighty Cleave|p2a: Crabe
|-damage|p2a: Crabe|0 fnt
|faint|p2a: Crabe
|
|upkeep
|
|t:|1779876685
|switch|p2a: Anguille|Dragapult, F|100/100
|turn|13
|
|t:|1779876690
|move|p2a: Anguille|Surf|p1a: Iron Boulder
|-supereffective|p1a: Iron Boulder
|-damage|p1a: Iron Boulder|0 fnt
|faint|p1a: Iron Boulder
|-end|p1a: Iron Boulder|Quark Drive|[silent]
|
|upkeep
|
|t:|1779876697
|switch|p1a: Glimmora|Glimmora, F|100/100
|-damage|p1a: Glimmora|88/100|[from] Stealth Rock
|-damage|p1a: Glimmora|76/100|[from] Spikes
|turn|14
|
|t:|1779876704
|move|p2a: Anguille|Surf|p1a: Glimmora
|-supereffective|p1a: Glimmora
|-damage|p1a: Glimmora|16/100
|move|p1a: Glimmora|Toxic|p2a: Anguille
|-status|p2a: Anguille|tox
|
|-damage|p2a: Anguille|95/100 tox|[from] psn
|upkeep
|turn|15
|
|t:|1779876713
|move|p2a: Anguille|Surf|p1a: Glimmora
|-supereffective|p1a: Glimmora
|-damage|p1a: Glimmora|0 fnt
|faint|p1a: Glimmora
|
|-damage|p2a: Anguille|83/100 tox|[from] psn
|upkeep
|
|t:|1779876721
|switch|p1a: Incineroar|Incineroar, M, shiny|100/100
|-damage|p1a: Incineroar|76/100|[from] Stealth Rock
|-damage|p1a: Incineroar|63/100|[from] Spikes
|-ability|p1a: Incineroar|Intimidate|boost
|-fail|p2a: Anguille|unboost|[from] ability: Clear Body|[of] p2a: Anguille
|turn|16
|
|t:|1779876729
|move|p2a: Anguille|Surf|p1a: Incineroar
|-supereffective|p1a: Incineroar
|-damage|p1a: Incineroar|5/100
|-enditem|p1a: Incineroar|Sitrus Berry|[eat]
|-heal|p1a: Incineroar|30/100|[from] item: Sitrus Berry
|move|p1a: Incineroar|Knock Off|p2a: Anguille
|-supereffective|p2a: Anguille
|-damage|p2a: Anguille|0 fnt
|-enditem|p2a: Anguille|Choice Scarf|[from] move: Knock Off|[of] p1a: Incineroar
|faint|p2a: Anguille
|
|upkeep
|
|t:|1779876742
|switch|p2a: Doubleface|Toxapex, M|100/100
|turn|17
|
|t:|1779876749
|move|p1a: Incineroar|Will-O-Wisp|p2a: Doubleface
|-status|p2a: Doubleface|brn
|move|p2a: Doubleface|Chilling Water|p1a: Incineroar
|-supereffective|p1a: Incineroar
|-damage|p1a: Incineroar|12/100
|-unboost|p1a: Incineroar|atk|1
|
|-damage|p2a: Doubleface|94/100 brn|[from] brn
|upkeep
|turn|18
|
|t:|1779876760
|move|p1a: Incineroar|Knock Off|p2a: Doubleface
|-damage|p2a: Doubleface|73/100 brn
|-enditem|p2a: Doubleface|Black Sludge|[from] move: Knock Off|[of] p1a: Incineroar
|move|p2a: Doubleface|Chilling Water|p1a: Incineroar
|-supereffective|p1a: Incineroar
|-damage|p1a: Incineroar|0 fnt
|faint|p1a: Incineroar
|
|-damage|p2a: Doubleface|66/100 brn|[from] brn
|upkeep
|
|t:|1779876771
|switch|p1a: Great Tusk|Great Tusk|100/100
|-damage|p1a: Great Tusk|97/100|[from] Stealth Rock
|-damage|p1a: Great Tusk|85/100|[from] Spikes
|-enditem|p1a: Great Tusk|Booster Energy
|-activate|p1a: Great Tusk|ability: Protosynthesis|[fromitem]
|-start|p1a: Great Tusk|protosynthesisatk
|turn|19
|
|t:|1779876782
|switch|p2a: Troudaire|Eelektross, M|100/100
|move|p1a: Great Tusk|Earthquake|p2a: Troudaire
|-immune|p2a: Troudaire|[from] ability: Levitate
|
|upkeep
|turn|20
|
|t:|1779876790
|move|p1a: Great Tusk|Ice Spinner|p2a: Troudaire
|-damage|p2a: Troudaire|60/100
|move|p2a: Troudaire|Giga Drain|p1a: Great Tusk
|-supereffective|p1a: Great Tusk
|-damage|p1a: Great Tusk|30/100
|-heal|p2a: Troudaire|96/100|[from] drain|[of] p1a: Great Tusk
|
|upkeep
|turn|21
|
|t:|1779876800
|move|p1a: Great Tusk|Close Combat|p2a: Troudaire
|-damage|p2a: Troudaire|17/100
|-unboost|p1a: Great Tusk|def|1
|-unboost|p1a: Great Tusk|spd|1
|move|p2a: Troudaire|Giga Drain|p1a: Great Tusk
|-supereffective|p1a: Great Tusk
|-damage|p1a: Great Tusk|0 fnt
|-heal|p2a: Troudaire|36/100|[from] drain|[of] p1a: Great Tusk
|faint|p1a: Great Tusk
|-end|p1a: Great Tusk|Protosynthesis|[silent]
|
|upkeep
|
|t:|1779876811
|switch|p1a: Dragonite|Dragonite, F|100/100
|-damage|p1a: Dragonite|76/100|[from] Stealth Rock
|turn|22
|
|t:|1779876819
|-terastallize|p1a: Dragonite|Normal
|move|p1a: Dragonite|Dragon Dance|p1a: Dragonite
|-boost|p1a: Dragonite|atk|1
|-boost|p1a: Dragonite|spe|1
|move|p2a: Troudaire|Knock Off|p1a: Dragonite
|-damage|p1a: Dragonite|52/100
|-enditem|p1a: Dragonite|Life Orb|[from] move: Knock Off|[of] p2a: Troudaire
|
|upkeep
|turn|23
|
|t:|1779876830
|move|p1a: Dragonite|Extreme Speed|p2a: Troudaire
|-damage|p2a: Troudaire|0 fnt
|faint|p2a: Troudaire
|
|upkeep
|
|t:|1779876840
|switch|p2a: Doubleface|Toxapex, M|99/100 brn
|turn|24
|
|t:|1779876848
|move|p1a: Dragonite|Dragon Dance|p1a: Dragonite
|-boost|p1a: Dragonite|atk|1
|-boost|p1a: Dragonite|spe|1
|move|p2a: Doubleface|Toxic|p1a: Dragonite
|-status|p1a: Dragonite|tox
|
|-damage|p1a: Dragonite|46/100 tox|[from] psn
|-damage|p2a: Doubleface|93/100 brn|[from] brn
|upkeep
|turn|25
|
|t:|1779876858
|move|p2a: Doubleface|Baneful Bunker|p2a: Doubleface
|-singleturn|p2a: Doubleface|move: Protect
|move|p1a: Dragonite|Earthquake|p2a: Doubleface
|-activate|p2a: Doubleface|move: Protect
|
|-damage|p1a: Dragonite|33/100 tox|[from] psn
|-damage|p2a: Doubleface|87/100 brn|[from] brn
|upkeep
|turn|26
|
|t:|1779876868
|switch|p2a: Serpentsnette|Hydrapple, F|100/100
|move|p1a: Dragonite|Earthquake|p2a: Serpentsnette
|-resisted|p2a: Serpentsnette
|-crit|p2a: Serpentsnette
|-damage|p2a: Serpentsnette|63/100
|
|-heal|p2a: Serpentsnette|69/100|[from] item: Leftovers
|-damage|p1a: Dragonite|14/100 tox|[from] psn
|upkeep
|turn|27
|
|t:|1779876883
|move|p1a: Dragonite|Extreme Speed|p2a: Serpentsnette
|-damage|p2a: Serpentsnette|6/100
|move|p2a: Serpentsnette|Fickle Beam|p1a: Dragonite
|-damage|p1a: Dragonite|0 fnt
|faint|p1a: Dragonite
|
|win|Poisson444444
|raw|yigf's rating: 1160 &rarr; <strong>1132</strong><br />(-28 for losing)
|raw|Poisson444444's rating: 1123 &rarr; <strong>1151</strong><br />(+28 for winning)
|l|☆yigf
|player|p1|
|l|☆Poisson444444
|player|p2|
