|j|☆Skorpion94
|j|☆GELADO_567
|t:|1779900383
|gametype|singles
|player|p1|Skorpion94|gentleman|1328
|player|p2|GELADO_567|265|1291
|gen|9
|tier|[Gen 9] OU
|rated|
|rule|HP Percentage Mod: HP is shown in percentages
|rule|Endless Battle Clause: Forcing endless battles is banned
|rule|Species Clause: Limit one of each Pokémon
|rule|OHKO Clause: OHKO moves are banned
|rule|Evasion Items Clause: Evasion items are banned
|rule|Evasion Moves Clause: Evasion moves are banned
|rule|Evasion Abilities Clause: Evasion abilities are banned
|rule|Sleep Moves Clause: Sleep-inducing moves are banned
|clearpoke
|poke|p1|Ursaluna, M|
|poke|p1|Corviknight, F|
|poke|p1|Iron Valiant|
|poke|p1|Skeledirge, M|
|poke|p1|Lokix, M|
|poke|p1|Slowking, F|
|poke|p2|Kingambit, F|
|poke|p2|Kommo-o, M|
|poke|p2|Iron Valiant|
|poke|p2|Kyurem|
|poke|p2|Iron Treads|
|poke|p2|Iron Crown|
|teampreview
|inactive|Battle timer is ON: inactive players will automatically lose when time's up. (requested by Skorpion94)
|
|t:|1779900410
|teamsize|p1|6
|teamsize|p2|6
|start
|switch|p1a: Lokix|Lokix, M|100/100
|switch|p2a: Iron Treads|Iron Treads|100/100
|-enditem|p2a: Iron Treads|Booster Energy
|-activate|p2a: Iron Treads|ability: Quark Drive|[fromitem]
|-start|p2a: Iron Treads|quarkdrivespe
|turn|1
|
|t:|1779900420
|move|p2a: Iron Treads|Stealth Rock|p1a: Lokix
|-sidestart|p1: Skorpion94|move: Stealth Rock
|move|p1a: Lokix|U-turn|p2a: Iron Treads
|-resisted|p2a: Iron Treads
|-damage|p2a: Iron Treads|74/100
|
|t:|1779900427
|switch|p1a: Corviknight|Corviknight, F|100/100|[from] U-turn
|-damage|p1a: Corviknight|88/100|[from] Stealth Rock
|-ability|p1a: Corviknight|Pressure
|
|upkeep
|turn|2
|
|t:|1779900438
|-end|p2a: Iron Treads|Quark Drive|[silent]
|switch|p2a: Iron Crown|Iron Crown|100/100
|-enditem|p2a: Iron Crown|Booster Energy
|-activate|p2a: Iron Crown|ability: Quark Drive|[fromitem]
|-start|p2a: Iron Crown|quarkdrivespe
|move|p1a: Corviknight|Defog|p2a: Iron Crown
|-unboost|p2a: Iron Crown|evasion|1
|-sideend|p1: Skorpion94|Stealth Rock|[from] move: Defog|[of] p1a: Corviknight
|
|upkeep
|turn|3
|
|t:|1779900455
|move|p2a: Iron Crown|Calm Mind|p2a: Iron Crown
|-boost|p2a: Iron Crown|spa|1
|-boost|p2a: Iron Crown|spd|1
|move|p1a: Corviknight|U-turn|p2a: Iron Crown
|-damage|p2a: Iron Crown|85/100
|
|t:|1779900464
|switch|p1a: Skeledirge|Skeledirge, M|100/100|[from] U-turn
|-item|p1a: Skeledirge|Air Balloon
|
|upkeep
|turn|4
|
|t:|1779900477
|move|p2a: Iron Crown|Psychic Noise|p1a: Skeledirge
|-damage|p1a: Skeledirge|76/100
|-start|p1a: Skeledirge|move: Heal Block
|-enditem|p1a: Skeledirge|Air Balloon
|move|p1a: Skeledirge|Torch Song|p2a: Iron Crown
|-supereffective|p2a: Iron Crown
|-damage|p2a: Iron Crown|27/100
|-boost|p1a: Skeledirge|spa|1
|
|upkeep
|turn|5
|
|t:|1779900498
|move|p2a: Iron Crown|Psychic Noise|p1a: Skeledirge
|-damage|p1a: Skeledirge|52/100
|move|p1a: Skeledirge|Torch Song|p2a: Iron Crown
|-supereffective|p2a: Iron Crown
|-damage|p2a: Iron Crown|0 fnt
|-boost|p1a: Skeledirge|spa|1
|faint|p2a: Iron Crown
|-end|p2a: Iron Crown|Quark Drive|[silent]
|
|-end|p1a: Skeledirge|move: Heal Block
|upkeep
|
|t:|1779900511
|switch|p2a: Iron Treads|Iron Treads|74/100
|turn|6
|
|t:|1779900519
|switch|p1a: Corviknight|Corviknight, F|88/100
|-ability|p1a: Corviknight|Pressure
|move|p2a: Iron Treads|Earthquake|p1a: Corviknight
|-immune|p1a: Corviknight
|
|upkeep
|turn|7
|
|t:|1779900528
|move|p2a: Iron Treads|Stealth Rock|p1a: Corviknight
|-sidestart|p1: Skorpion94|move: Stealth Rock
|move|p1a: Corviknight|U-turn|p2a: Iron Treads
|-resisted|p2a: Iron Treads
|-damage|p2a: Iron Treads|68/100
|
|t:|1779900535
|switch|p1a: Slowking|Slowking, F|100/100|[from] U-turn
|-damage|p1a: Slowking|88/100|[from] Stealth Rock
|
|upkeep
|turn|8
|
|t:|1779900544
|move|p2a: Iron Treads|Rapid Spin|p1a: Slowking
|-damage|p1a: Slowking|79/100
|-boost|p2a: Iron Treads|spe|1
|move|p1a: Slowking|Scald|p2a: Iron Treads
|-supereffective|p2a: Iron Treads
|-damage|p2a: Iron Treads|2/100
|
|upkeep
|turn|9
|
|t:|1779900559
|move|p2a: Iron Treads|Endeavor|p1a: Slowking
|-damage|p1a: Slowking|2/100
|move|p1a: Slowking|Scald|p2a: Iron Treads
|-supereffective|p2a: Iron Treads
|-damage|p2a: Iron Treads|0 fnt
|faint|p2a: Iron Treads
|-end|p2a: Iron Treads|Quark Drive|[silent]
|
|upkeep
|
|t:|1779900575
|switch|p2a: Kommo-o|Kommo-o, M|100/100
|turn|10
|
|t:|1779900583
|move|p2a: Kommo-o|Clangorous Soul|p2a: Kommo-o
|-boost|p2a: Kommo-o|atk|1
|-boost|p2a: Kommo-o|def|1
|-boost|p2a: Kommo-o|spa|1
|-boost|p2a: Kommo-o|spd|1
|-boost|p2a: Kommo-o|spe|1
|-damage|p2a: Kommo-o|68/100
|move|p1a: Slowking|Ice Beam|p2a: Kommo-o
|-supereffective|p2a: Kommo-o
|-damage|p2a: Kommo-o|41/100
|
|-heal|p2a: Kommo-o|47/100|[from] item: Leftovers
|upkeep
|turn|11
|
|t:|1779900601
|switch|p1a: Corviknight|Corviknight, F|88/100
|-damage|p1a: Corviknight|75/100|[from] Stealth Rock
|-ability|p1a: Corviknight|Pressure
|move|p2a: Kommo-o|Shadow Claw|p1a: Corviknight
|-damage|p1a: Corviknight|60/100
|-damage|p2a: Kommo-o|31/100|[from] item: Rocky Helmet|[of] p1a: Corviknight
|
|-heal|p2a: Kommo-o|37/100|[from] item: Leftovers
|upkeep
|turn|12
|
|t:|1779900614
|move|p2a: Kommo-o|Drain Punch|p1a: Corviknight
|-damage|p1a: Corviknight|35/100
|-heal|p2a: Kommo-o|51/100|[from] drain|[of] p1a: Corviknight
|-damage|p2a: Kommo-o|35/100|[from] item: Rocky Helmet|[of] p1a: Corviknight
|move|p1a: Corviknight|Roost|p1a: Corviknight
|-heal|p1a: Corviknight|85/100
|-singleturn|p1a: Corviknight|move: Roost
|
|-heal|p2a: Kommo-o|41/100|[from] item: Leftovers
|upkeep
|turn|13
|
|t:|1779900630
|move|p2a: Kommo-o|Drain Punch|p1a: Corviknight
|-damage|p1a: Corviknight|58/100
|-heal|p2a: Kommo-o|56/100|[from] drain|[of] p1a: Corviknight
|-damage|p2a: Kommo-o|40/100|[from] item: Rocky Helmet|[of] p1a: Corviknight
|move|p1a: Corviknight|Defog|p2a: Kommo-o
|-unboost|p2a: Kommo-o|evasion|1
|-sideend|p1: Skorpion94|Stealth Rock|[from] move: Defog|[of] p1a: Corviknight
|
|-heal|p2a: Kommo-o|46/100|[from] item: Leftovers
|upkeep
|turn|14
|
|t:|1779900642
|move|p2a: Kommo-o|Clangorous Soul|p2a: Kommo-o
|-boost|p2a: Kommo-o|atk|1
|-boost|p2a: Kommo-o|def|1
|-boost|p2a: Kommo-o|spa|1
|-boost|p2a: Kommo-o|spd|1
|-boost|p2a: Kommo-o|spe|1
|-damage|p2a: Kommo-o|13/100
|move|p1a: Corviknight|Roost|p1a: Corviknight
|-heal|p1a: Corviknight|100/100
|-singleturn|p1a: Corviknight|move: Roost
|
|-heal|p2a: Kommo-o|20/100|[from] item: Leftovers
|upkeep
|turn|15
|
|t:|1779900654
|move|p2a: Kommo-o|Drain Punch|p1a: Corviknight
|-damage|p1a: Corviknight|66/100
|-heal|p2a: Kommo-o|39/100|[from] drain|[of] p1a: Corviknight
|-damage|p2a: Kommo-o|23/100|[from] item: Rocky Helmet|[of] p1a: Corviknight
|move|p1a: Corviknight|Brave Bird|p2a: Kommo-o
|-supereffective|p2a: Kommo-o
|-damage|p2a: Kommo-o|0 fnt
|faint|p2a: Kommo-o
|-damage|p1a: Corviknight|59/100|[from] Recoil
|
|upkeep
|
|t:|1779900669
|switch|p2a: Kyurem|Kyurem|100/100
|-ability|p2a: Kyurem|Pressure
|turn|16
|
|t:|1779900683
|move|p2a: Kyurem|Dragon Dance|p2a: Kyurem
|-boost|p2a: Kyurem|atk|1
|-boost|p2a: Kyurem|spe|1
|move|p1a: Corviknight|U-turn|p2a: Kyurem
|-damage|p2a: Kyurem|85/100
|inactive|Skorpion94 has 120 seconds left.
|
|t:|1779900736
|switch|p1a: Skeledirge|Skeledirge, M|52/100|[from] U-turn
|
|upkeep
|turn|17
|
|t:|1779900746
|-terastallize|p2a: Kyurem|Ground
|move|p2a: Kyurem|Earth Power|p1a: Skeledirge
|-supereffective|p1a: Skeledirge
|-damage|p1a: Skeledirge|0 fnt
|faint|p1a: Skeledirge
|
|upkeep
|
|t:|1779900764
|switch|p1a: Lokix|Lokix, M|100/100
|turn|18
|
|t:|1779900768
|move|p1a: Lokix|First Impression|p2a: Kyurem
|-damage|p2a: Kyurem|44/100
|move|p2a: Kyurem|Dragon Dance|p2a: Kyurem
|-boost|p2a: Kyurem|atk|1
|-boost|p2a: Kyurem|spe|1
|
|upkeep
|turn|19
|
|t:|1779900784
|move|p1a: Lokix|Sucker Punch|p2a: Kyurem
|-damage|p2a: Kyurem|11/100
|move|p2a: Kyurem|Icicle Spear|p1a: Lokix
|-crit|p1a: Lokix
|-damage|p1a: Lokix|46/100
|-damage|p1a: Lokix|6/100
|-damage|p1a: Lokix|0 fnt
|faint|p1a: Lokix
|-hitcount|p1: Lokix|3
|
|upkeep
|
|t:|1779900787
|switch|p1a: Iron Valiant|Iron Valiant|100/100
|turn|20
|
|t:|1779900803
|move|p1a: Iron Valiant|Vacuum Wave|p2a: Kyurem
|-damage|p2a: Kyurem|0 fnt
|faint|p2a: Kyurem
|
|upkeep
|
|t:|1779900808
|switch|p2a: Iron Valiant|Iron Valiant|100/100
|-enditem|p2a: Iron Valiant|Booster Energy
|-activate|p2a: Iron Valiant|ability: Quark Drive|[fromitem]
|-start|p2a: Iron Valiant|quarkdrivespe
|turn|21
|
|t:|1779900821
|-end|p1a: Iron Valiant|Quark Drive|[silent]
|switch|p1a: Slowking|Slowking, F|36/100
|move|p2a: Iron Valiant|Shadow Ball|p1a: Slowking
|-supereffective|p1a: Slowking
|-damage|p1a: Slowking|0 fnt
|faint|p1a: Slowking
|
|upkeep
|inactive|Skorpion94 has 120 seconds left.
|
|t:|1779900840
|switch|p1a: Corviknight|Corviknight, F|59/100
|-ability|p1a: Corviknight|Pressure
|turn|22
|
|t:|1779900849
|move|p2a: Iron Valiant|Focus Blast|p1a: Corviknight
|-damage|p1a: Corviknight|3/100
|move|p1a: Corviknight|Brave Bird|p2a: Iron Valiant
|-supereffective|p2a: Iron Valiant
|-damage|p2a: Iron Valiant|7/100
|-damage|p1a: Corviknight|0 fnt|[from] Recoil
|faint|p1a: Corviknight
|
|upkeep
|
|t:|1779900860
|switch|p1a: Iron Valiant|Iron Valiant|100/100
|turn|23
|
|t:|1779900865
|move|p1a: Iron Valiant|Vacuum Wave|p2a: Iron Valiant
|-resisted|p2a: Iron Valiant
|-damage|p2a: Iron Valiant|0 fnt
|faint|p2a: Iron Valiant
|-end|p2a: Iron Valiant|Quark Drive|[silent]
|
|upkeep
|
|t:|1779900870
|switch|p2a: Kingambit|Kingambit, F|100/100
|-activate|p2a: Kingambit|ability: Supreme Overlord
|-start|p2a: Kingambit|fallen5|[silent]
|turn|24
|
|t:|1779900876
|move|p1a: Iron Valiant|Vacuum Wave|p2a: Kingambit
|-supereffective|p2a: Kingambit
|-crit|p2a: Kingambit
|-damage|p2a: Kingambit|0 fnt
|faint|p2a: Kingambit
|-end|p2a: Kingambit|fallen5|[silent]
|
|win|Skorpion94
|raw|Skorpion94's rating: 1328 &rarr; <strong>1346</strong><br />(+18 for winning)
|raw|GELADO_567's rating: 1291 &rarr; <strong>1269</strong><br />(-22 for losing)
|l|☆GELADO_567
|player|p2|
