|j|‽ayerbe
|j|☆tokiwakano
|t:|1779930887
|gametype|singles
|player|p1|ayerbe|blackbelt-gen4dp|1544
|player|p2|tokiwakano|acetrainerf|1682
|gen|9
|tier|[Gen 9] OU
|rated|
|rule|HP Percentage Mod: HP is shown in percentages
|rule|Endless Battle Clause: Forcing endless battles is banned
|rule|Species Clause: Limit one of each Pokémon
|rule|OHKO Clause: OHKO moves are banned
|rule|Evasion Items Clause: Evasion items are banned
|rule|Evasion Moves Clause: Evasion moves are banned
|rule|Evasion Abilities Clause: Evasion abilities are banned
|rule|Sleep Moves Clause: Sleep-inducing moves are banned
|clearpoke
|poke|p1|Great Tusk|
|poke|p1|Scizor, M|
|poke|p1|Garganacl, M|
|poke|p1|Ting-Lu|
|poke|p1|Raging Bolt|
|poke|p1|Gholdengo|
|poke|p2|Excadrill, F|
|poke|p2|Tyranitar, M|
|poke|p2|Enamorus, F|
|poke|p2|Hydrapple, F|
|poke|p2|Alomomola, M|
|poke|p2|Garganacl, F|
|teampreview
|inactive|Battle timer is ON: inactive players will automatically lose when time's up. (requested by ayerbe)
|
|t:|1779930896
|teamsize|p1|6
|teamsize|p2|6
|start
|switch|p1a: Ting-Lu|Ting-Lu|100/100
|switch|p2a: Tyranitar|Tyranitar, M|100/100
|-weather|Sandstorm|[from] ability: Sand Stream|[of] p2a: Tyranitar
|-ability|p1a: Ting-Lu|Vessel of Ruin
|turn|1
|
|t:|1779930899
|move|p2a: Tyranitar|Low Kick|p1a: Ting-Lu
|-supereffective|p1a: Ting-Lu
|-damage|p1a: Ting-Lu|29/100
|move|p1a: Ting-Lu|Stealth Rock|p2a: Tyranitar
|-sidestart|p2: tokiwakano|move: Stealth Rock
|
|-weather|Sandstorm|[upkeep]
|-heal|p1a: Ting-Lu|35/100|[from] item: Leftovers
|upkeep
|turn|2
|
|t:|1779930907
|switch|p2a: Alomomola|Alomomola, M|100/100
|-damage|p2a: Alomomola|88/100|[from] Stealth Rock
|switch|p1a: Great Tusk|Great Tusk|100/100
|
|-weather|Sandstorm|[upkeep]
|-damage|p2a: Alomomola|82/100|[from] Sandstorm
|upkeep
|turn|3
|
|t:|1779930914
|move|p1a: Great Tusk|Knock Off|p2a: Alomomola
|-damage|p2a: Alomomola|65/100
|-enditem|p2a: Alomomola|Assault Vest|[from] move: Knock Off|[of] p1a: Great Tusk
|move|p2a: Alomomola|Scald|p1a: Great Tusk
|-supereffective|p1a: Great Tusk
|-damage|p1a: Great Tusk|66/100
|
|-weather|Sandstorm|[upkeep]
|-damage|p2a: Alomomola|59/100|[from] Sandstorm
|upkeep
|turn|4
|
|t:|1779930923
|-end|p1a: Great Tusk|Protosynthesis|[silent]
|switch|p1a: Raging Bolt|Raging Bolt|100/100
|move|p2a: Alomomola|Flip Turn|p1a: Raging Bolt
|-resisted|p1a: Raging Bolt
|-damage|p1a: Raging Bolt|94/100
|
|t:|1779930926
|switch|p2a: Excadrill|Excadrill, F|100/100|[from] Flip Turn
|-damage|p2a: Excadrill|97/100|[from] Stealth Rock
|
|-weather|Sandstorm|[upkeep]
|-damage|p1a: Raging Bolt|88/100|[from] Sandstorm
|-heal|p2a: Excadrill|100/100|[from] item: Leftovers
|upkeep
|turn|5
|
|t:|1779930928
|-end|p1a: Raging Bolt|Protosynthesis|[silent]
|switch|p1a: Gholdengo|Gholdengo|100/100
|move|p2a: Excadrill|Substitute|p2a: Excadrill
|-start|p2a: Excadrill|Substitute
|-damage|p2a: Excadrill|76/100
|
|-weather|none
|-heal|p2a: Excadrill|82/100|[from] item: Leftovers
|upkeep
|turn|6
|
|t:|1779930931
|move|p1a: Gholdengo|Shadow Ball|p2a: Excadrill
|-end|p2a: Excadrill|Substitute
|move|p2a: Excadrill|Earthquake|p1a: Gholdengo
|-supereffective|p1a: Gholdengo
|-damage|p1a: Gholdengo|0 fnt
|faint|p1a: Gholdengo
|
|-heal|p2a: Excadrill|88/100|[from] item: Leftovers
|upkeep
|
|t:|1779930933
|switch|p1a: Garganacl|Garganacl, M|100/100
|turn|7
|
|t:|1779930938
|-terastallize|p1a: Garganacl|Ghost
|move|p2a: Excadrill|Substitute|p2a: Excadrill
|-start|p2a: Excadrill|Substitute
|-damage|p2a: Excadrill|63/100
|move|p1a: Garganacl|Curse|p2a: Excadrill
|-start|p2a: Excadrill|Curse|[of] p1a: Garganacl
|-damage|p1a: Garganacl|50/100
|
|-heal|p2a: Excadrill|69/100|[from] item: Leftovers
|-heal|p1a: Garganacl|57/100|[from] item: Leftovers
|-damage|p2a: Excadrill|44/100|[from] Curse
|upkeep
|turn|8
|
|t:|1779930953
|switch|p2a: Tyranitar|Tyranitar, M|100/100
|-damage|p2a: Tyranitar|88/100|[from] Stealth Rock
|-weather|Sandstorm|[from] ability: Sand Stream|[of] p2a: Tyranitar
|move|p1a: Garganacl|Salt Cure|p2a: Tyranitar
|-damage|p2a: Tyranitar|75/100
|-start|p2a: Tyranitar|Salt Cure
|
|-weather|Sandstorm|[upkeep]
|-damage|p1a: Garganacl|50/100|[from] Sandstorm
|-heal|p1a: Garganacl|57/100|[from] item: Leftovers
|-damage|p2a: Tyranitar|63/100|[from] Salt Cure
|upkeep
|turn|9
|
|t:|1779930956
|switch|p1a: Great Tusk|Great Tusk|66/100
|move|p2a: Tyranitar|Knock Off|p1a: Great Tusk
|-resisted|p1a: Great Tusk
|-damage|p1a: Great Tusk|42/100
|-enditem|p1a: Great Tusk|Heavy-Duty Boots|[from] move: Knock Off|[of] p2a: Tyranitar
|
|-weather|Sandstorm|[upkeep]
|-damage|p2a: Tyranitar|50/100|[from] Salt Cure
|upkeep
|turn|10
|
|t:|1779930963
|switch|p2a: Hydrapple|Hydrapple, F|100/100
|-damage|p2a: Hydrapple|88/100|[from] Stealth Rock
|move|p1a: Great Tusk|Headlong Rush|p2a: Hydrapple
|-resisted|p2a: Hydrapple
|-damage|p2a: Hydrapple|74/100
|-unboost|p1a: Great Tusk|def|1
|-unboost|p1a: Great Tusk|spd|1
|-damage|p1a: Great Tusk|25/100|[from] item: Rocky Helmet|[of] p2a: Hydrapple
|
|-weather|Sandstorm|[upkeep]
|-damage|p2a: Hydrapple|68/100|[from] Sandstorm
|upkeep
|turn|11
|
|t:|1779930969
|switch|p2a: Alomomola|Alomomola, M|92/100
|-damage|p2a: Alomomola|79/100|[from] Stealth Rock
|move|p1a: Great Tusk|Knock Off|p2a: Alomomola
|-damage|p2a: Alomomola|67/100
|
|-weather|Sandstorm|[upkeep]
|-damage|p2a: Alomomola|61/100|[from] Sandstorm
|upkeep
|turn|12
|
|t:|1779930972
|-end|p1a: Great Tusk|Protosynthesis|[silent]
|switch|p1a: Ting-Lu|Ting-Lu|35/100
|-ability|p1a: Ting-Lu|Vessel of Ruin
|move|p2a: Alomomola|Flip Turn|p1a: Ting-Lu
|-supereffective|p1a: Ting-Lu
|-damage|p1a: Ting-Lu|18/100
|
|t:|1779930976
|switch|p2a: Excadrill|Excadrill, F|44/100|[from] Flip Turn
|-damage|p2a: Excadrill|41/100|[from] Stealth Rock
|
|-weather|none
|-heal|p2a: Excadrill|47/100|[from] item: Leftovers
|-heal|p1a: Ting-Lu|25/100|[from] item: Leftovers
|upkeep
|turn|13
|
|t:|1779930981
|move|p2a: Excadrill|Earthquake|p1a: Ting-Lu
|-damage|p1a: Ting-Lu|0 fnt
|faint|p1a: Ting-Lu
|
|-heal|p2a: Excadrill|53/100|[from] item: Leftovers
|upkeep
|
|t:|1779930985
|switch|p1a: Garganacl|Garganacl, M, tera:Ghost|57/100
|turn|14
|
|t:|1779930991
|switch|p2a: Hydrapple|Hydrapple, F|100/100
|-damage|p2a: Hydrapple|88/100|[from] Stealth Rock
|move|p1a: Garganacl|Salt Cure|p2a: Hydrapple
|-damage|p2a: Hydrapple|80/100
|-start|p2a: Hydrapple|Salt Cure
|
|-heal|p1a: Garganacl|63/100|[from] item: Leftovers
|-damage|p2a: Hydrapple|67/100|[from] Salt Cure
|upkeep
|turn|15
|
|t:|1779930994
|switch|p1a: Scizor|Scizor, M|100/100
|move|p2a: Hydrapple|Nasty Plot|p2a: Hydrapple
|-boost|p2a: Hydrapple|spa|2
|
|-damage|p2a: Hydrapple|55/100|[from] Salt Cure
|upkeep
|turn|16
|
|t:|1779930997
|move|p1a: Scizor|U-turn|p2a: Hydrapple
|-supereffective|p2a: Hydrapple
|-damage|p2a: Hydrapple|0 fnt
|-damage|p1a: Scizor|84/100|[from] item: Rocky Helmet|[of] p2a: Hydrapple
|faint|p2a: Hydrapple
|
|t:|1779930999
|switch|p1a: Garganacl|Garganacl, M, tera:Ghost|63/100|[from] U-turn
|
|-heal|p1a: Garganacl|69/100|[from] item: Leftovers
|upkeep
|
|t:|1779931005
|switch|p2a: Tyranitar|Tyranitar, M|50/100
|-damage|p2a: Tyranitar|38/100|[from] Stealth Rock
|-weather|Sandstorm|[from] ability: Sand Stream|[of] p2a: Tyranitar
|turn|17
|
|t:|1779931007
|switch|p1a: Great Tusk|Great Tusk|25/100
|move|p2a: Tyranitar|Knock Off|p1a: Great Tusk
|-resisted|p1a: Great Tusk
|-damage|p1a: Great Tusk|6/100
|
|-weather|Sandstorm|[upkeep]
|upkeep
|turn|18
|
|t:|1779931012
|switch|p2a: Alomomola|Alomomola, M|94/100
|-damage|p2a: Alomomola|82/100|[from] Stealth Rock
|move|p1a: Great Tusk|Ice Spinner|p2a: Alomomola
|-resisted|p2a: Alomomola
|-damage|p2a: Alomomola|74/100
|
|-weather|Sandstorm|[upkeep]
|-damage|p2a: Alomomola|68/100|[from] Sandstorm
|upkeep
|turn|19
|
|t:|1779931016
|move|p1a: Great Tusk|Headlong Rush|p2a: Alomomola
|-damage|p2a: Alomomola|31/100
|-unboost|p1a: Great Tusk|def|1
|-unboost|p1a: Great Tusk|spd|1
|move|p2a: Alomomola|Flip Turn|p1a: Great Tusk
|-supereffective|p1a: Great Tusk
|-damage|p1a: Great Tusk|0 fnt
|faint|p1a: Great Tusk
|-end|p1a: Great Tusk|Protosynthesis|[silent]
|
|t:|1779931025
|switch|p2a: Garganacl|Garganacl, F|100/100|[from] Flip Turn
|-damage|p2a: Garganacl|88/100|[from] Stealth Rock
|
|-weather|Sandstorm|[upkeep]
|-heal|p2a: Garganacl|94/100|[from] item: Leftovers
|upkeep
|
|t:|1779931035
|switch|p1a: Garganacl|Garganacl, M, tera:Ghost|69/100
|turn|20
|
|t:|1779931037
|move|p2a: Garganacl|Salt Cure|p1a: Garganacl
|-damage|p1a: Garganacl|61/100
|-start|p1a: Garganacl|Salt Cure
|move|p1a: Garganacl|Block|p2a: Garganacl
|-activate|p2a: Garganacl|trapped
|
|-weather|Sandstorm|[upkeep]
|-damage|p1a: Garganacl|55/100|[from] Sandstorm
|-heal|p1a: Garganacl|61/100|[from] item: Leftovers
|-heal|p2a: Garganacl|100/100|[from] item: Leftovers
|-damage|p1a: Garganacl|49/100|[from] Salt Cure
|upkeep
|turn|21
|
|t:|1779931043
|move|p2a: Garganacl|Protect|p2a: Garganacl
|-singleturn|p2a: Garganacl|Protect
|move|p1a: Garganacl|Salt Cure|p2a: Garganacl
|-activate|p2a: Garganacl|move: Protect
|
|-weather|none
|-heal|p1a: Garganacl|55/100|[from] item: Leftovers
|-damage|p1a: Garganacl|42/100|[from] Salt Cure
|upkeep
|turn|22
|
|t:|1779931048
|move|p2a: Garganacl|Stealth Rock|p1a: Garganacl
|-sidestart|p1: ayerbe|move: Stealth Rock
|move|p1a: Garganacl|Recover|p1a: Garganacl
|-heal|p1a: Garganacl|92/100
|
|-heal|p1a: Garganacl|99/100|[from] item: Leftovers
|-damage|p1a: Garganacl|86/100|[from] Salt Cure
|upkeep
|turn|23
|
|t:|1779931053
|move|p1a: Garganacl|Curse|p2a: Garganacl
|-start|p2a: Garganacl|Curse|[of] p1a: Garganacl
|-damage|p1a: Garganacl|36/100
|move|p2a: Garganacl|Salt Cure|p1a: Garganacl
|-damage|p1a: Garganacl|28/100
|
|-heal|p1a: Garganacl|35/100|[from] item: Leftovers
|-damage|p2a: Garganacl|76/100|[from] Curse
|-damage|p1a: Garganacl|22/100|[from] Salt Cure
|upkeep
|turn|24
|
|t:|1779931056
|move|p1a: Garganacl|Recover|p1a: Garganacl
|-heal|p1a: Garganacl|72/100
|move|p2a: Garganacl|Salt Cure|p1a: Garganacl
|-damage|p1a: Garganacl|65/100
|
|-heal|p1a: Garganacl|72/100|[from] item: Leftovers
|-heal|p2a: Garganacl|82/100|[from] item: Leftovers
|-damage|p2a: Garganacl|57/100|[from] Curse
|-damage|p1a: Garganacl|59/100|[from] Salt Cure
|upkeep
|turn|25
|
|t:|1779931059
|move|p2a: Garganacl|Salt Cure|p1a: Garganacl
|-damage|p1a: Garganacl|51/100
|move|p1a: Garganacl|Salt Cure|p2a: Garganacl
|-damage|p2a: Garganacl|49/100
|-start|p2a: Garganacl|Salt Cure
|
|-heal|p2a: Garganacl|55/100|[from] item: Leftovers
|-heal|p1a: Garganacl|58/100|[from] item: Leftovers
|-damage|p2a: Garganacl|30/100|[from] Curse
|-damage|p1a: Garganacl|45/100|[from] Salt Cure
|-damage|p2a: Garganacl|18/100|[from] Salt Cure
|upkeep
|turn|26
|
|t:|1779931061
|move|p2a: Garganacl|Recover|p2a: Garganacl
|-heal|p2a: Garganacl|68/100
|move|p1a: Garganacl|Recover|p1a: Garganacl
|-heal|p1a: Garganacl|95/100
|
|-heal|p1a: Garganacl|100/100|[from] item: Leftovers
|-heal|p2a: Garganacl|74/100|[from] item: Leftovers
|-damage|p2a: Garganacl|49/100|[from] Curse
|-damage|p2a: Garganacl|37/100|[from] Salt Cure
|-damage|p1a: Garganacl|88/100|[from] Salt Cure
|upkeep
|turn|27
|
|t:|1779931064
|move|p1a: Garganacl|Salt Cure|p2a: Garganacl
|-damage|p2a: Garganacl|28/100
|move|p2a: Garganacl|Recover|p2a: Garganacl
|-heal|p2a: Garganacl|78/100
|
|-heal|p1a: Garganacl|94/100|[from] item: Leftovers
|-heal|p2a: Garganacl|84/100|[from] item: Leftovers
|-damage|p2a: Garganacl|59/100|[from] Curse
|-damage|p2a: Garganacl|47/100|[from] Salt Cure
|-damage|p1a: Garganacl|82/100|[from] Salt Cure
|upkeep
|turn|28
|
|t:|1779931067
|move|p1a: Garganacl|Salt Cure|p2a: Garganacl
|-damage|p2a: Garganacl|38/100
|move|p2a: Garganacl|Recover|p2a: Garganacl
|-heal|p2a: Garganacl|89/100
|
|-heal|p2a: Garganacl|95/100|[from] item: Leftovers
|-heal|p1a: Garganacl|88/100|[from] item: Leftovers
|-damage|p2a: Garganacl|70/100|[from] Curse
|-damage|p1a: Garganacl|76/100|[from] Salt Cure
|-damage|p2a: Garganacl|58/100|[from] Salt Cure
|upkeep
|turn|29
|
|t:|1779931074
|move|p1a: Garganacl|Salt Cure|p2a: Garganacl
|-damage|p2a: Garganacl|48/100
|move|p2a: Garganacl|Salt Cure|p1a: Garganacl
|-damage|p1a: Garganacl|68/100
|
|-heal|p1a: Garganacl|75/100|[from] item: Leftovers
|-heal|p2a: Garganacl|55/100|[from] item: Leftovers
|-damage|p2a: Garganacl|30/100|[from] Curse
|-damage|p2a: Garganacl|17/100|[from] Salt Cure
|-damage|p1a: Garganacl|62/100|[from] Salt Cure
|upkeep
|turn|30
|
|t:|1779931078
|move|p2a: Garganacl|Recover|p2a: Garganacl
|-heal|p2a: Garganacl|67/100
|move|p1a: Garganacl|Recover|p1a: Garganacl
|-heal|p1a: Garganacl|100/100
|
|-heal|p2a: Garganacl|74/100|[from] item: Leftovers
|-damage|p2a: Garganacl|49/100|[from] Curse
|-damage|p2a: Garganacl|36/100|[from] Salt Cure
|-damage|p1a: Garganacl|88/100|[from] Salt Cure
|upkeep
|turn|31
|
|t:|1779931084
|move|p1a: Garganacl|Salt Cure|p2a: Garganacl
|-damage|p2a: Garganacl|27/100
|move|p2a: Garganacl|Recover|p2a: Garganacl
|-heal|p2a: Garganacl|77/100
|
|-heal|p1a: Garganacl|94/100|[from] item: Leftovers
|-heal|p2a: Garganacl|83/100|[from] item: Leftovers
|-damage|p2a: Garganacl|58/100|[from] Curse
|-damage|p1a: Garganacl|82/100|[from] Salt Cure
|-damage|p2a: Garganacl|46/100|[from] Salt Cure
|upkeep
|turn|32
|
|t:|1779931087
|move|p1a: Garganacl|Salt Cure|p2a: Garganacl
|-damage|p2a: Garganacl|36/100
|move|p2a: Garganacl|Salt Cure|p1a: Garganacl
|-damage|p1a: Garganacl|75/100
|
|-heal|p2a: Garganacl|42/100|[from] item: Leftovers
|-heal|p1a: Garganacl|81/100|[from] item: Leftovers
|-damage|p2a: Garganacl|17/100|[from] Curse
|-damage|p1a: Garganacl|68/100|[from] Salt Cure
|-damage|p2a: Garganacl|5/100|[from] Salt Cure
|upkeep
|turn|33
|
|t:|1779931090
|move|p1a: Garganacl|Block||[still]
|-fail|p1a: Garganacl
|move|p2a: Garganacl|Salt Cure|p1a: Garganacl
|-damage|p1a: Garganacl|62/100
|
|-heal|p1a: Garganacl|68/100|[from] item: Leftovers
|-heal|p2a: Garganacl|11/100|[from] item: Leftovers
|-damage|p2a: Garganacl|0 fnt|[from] Curse
|faint|p2a: Garganacl
|-damage|p1a: Garganacl|55/100|[from] Salt Cure
|upkeep
|
|t:|1779931093
|switch|p2a: Tyranitar|Tyranitar, M|38/100
|-damage|p2a: Tyranitar|26/100|[from] Stealth Rock
|-weather|Sandstorm|[from] ability: Sand Stream|[of] p2a: Tyranitar
|turn|34
|
|t:|1779931095
|move|p2a: Tyranitar|Knock Off|p1a: Garganacl
|-supereffective|p1a: Garganacl
|-damage|p1a: Garganacl|0 fnt
|-enditem|p1a: Garganacl|Leftovers|[from] move: Knock Off|[of] p2a: Tyranitar
|faint|p1a: Garganacl
|
|-weather|Sandstorm|[upkeep]
|upkeep
|
|t:|1779931099
|switch|p1a: Scizor|Scizor, M|84/100
|-damage|p1a: Scizor|72/100|[from] Stealth Rock
|turn|35
|
|t:|1779931105
|move|p1a: Scizor|Bullet Punch|p2a: Tyranitar
|-supereffective|p2a: Tyranitar
|-damage|p2a: Tyranitar|0 fnt
|faint|p2a: Tyranitar
|
|-weather|Sandstorm|[upkeep]
|upkeep
|
|t:|1779931108
|switch|p2a: Excadrill|Excadrill, F|53/100
|-damage|p2a: Excadrill|50/100|[from] Stealth Rock
|turn|36
|
|t:|1779931113
|move|p2a: Excadrill|Earthquake|p1a: Scizor
|-damage|p1a: Scizor|4/100
|move|p1a: Scizor|Knock Off|p2a: Excadrill
|-damage|p2a: Excadrill|0 fnt
|-enditem|p2a: Excadrill|Leftovers|[from] move: Knock Off|[of] p1a: Scizor
|faint|p2a: Excadrill
|
|-weather|Sandstorm|[upkeep]
|upkeep
|
|t:|1779931118
|switch|p2a: Alomomola|Alomomola, M|64/100
|-damage|p2a: Alomomola|51/100|[from] Stealth Rock
|turn|37
|
|t:|1779931121
|move|p1a: Scizor|Dual Wingbeat|p2a: Alomomola
|-damage|p2a: Alomomola|35/100
|-damage|p2a: Alomomola|20/100
|-hitcount|p2a: Alomomola|2
|move|p2a: Alomomola|Flip Turn|p1a: Scizor
|-damage|p1a: Scizor|0 fnt
|faint|p1a: Scizor
|
|t:|1779931124
|switch|p2a: Enamorus|Enamorus, F|100/100|[from] Flip Turn
|-damage|p2a: Enamorus|76/100|[from] Stealth Rock
|
|-weather|Sandstorm|[upkeep]
|-damage|p2a: Enamorus|69/100|[from] Sandstorm
|upkeep
|
|t:|1779931125
|switch|p1a: Raging Bolt|Raging Bolt|88/100
|-damage|p1a: Raging Bolt|75/100|[from] Stealth Rock
|turn|38
|
|t:|1779931129
|-terastallize|p2a: Enamorus|Fairy
|move|p2a: Enamorus|Moonblast|p1a: Raging Bolt
|-supereffective|p1a: Raging Bolt
|-damage|p1a: Raging Bolt|0 fnt
|faint|p1a: Raging Bolt
|-end|p1a: Raging Bolt|Protosynthesis|[silent]
|
|win|tokiwakano
|raw|ayerbe's rating: 1544 &rarr; <strong>1532</strong><br />(-12 for losing)
|raw|tokiwakano's rating: 1682 &rarr; <strong>1694</strong><br />(+12 for winning)
