|j|☆peticecube
|j|☆Dakota1683
|t:|1779866884
|gametype|singles
|player|p1|peticecube|pokemonbreeder-gen4|1167
|player|p2|Dakota1683|2|1189
|gen|9
|tier|[Gen 9] OU
|rated|
|rule|HP Percentage Mod: HP is shown in percentages
|rule|Endless Battle Clause: Forcing endless battles is banned
|rule|Species Clause: Limit one of each Pokémon
|rule|OHKO Clause: OHKO moves are banned
|rule|Evasion Items Clause: Evasion items are banned
|rule|Evasion Moves Clause: Evasion moves are banned
|rule|Evasion Abilities Clause: Evasion abilities are banned
|rule|Sleep Moves Clause: Sleep-inducing moves are banned
|clearpoke
|poke|p1|Raging Bolt|
|poke|p1|Quaquaval, F|
|poke|p1|Regidrago|
|poke|p1|Garganacl, M|
|poke|p1|Golem-Alola, M|
|poke|p1|Volcanion|
|poke|p2|Zoroark-Hisui, M|
|poke|p2|Cyclizar, F|
|poke|p2|Dragonite, F|
|poke|p2|Ninetales-Alola, F|
|poke|p2|Deoxys-Speed|
|poke|p2|Blissey, F|
|teampreview
|
|t:|1779866896
|teamsize|p1|6
|teamsize|p2|6
|start
|switch|p1a: Golem|Golem-Alola, M|100/100
|switch|p2a: Deoxys|Deoxys-Speed|100/100
|-ability|p2a: Deoxys|Pressure
|turn|1
|
|t:|1779866921
|move|p2a: Deoxys|Nasty Plot|p2a: Deoxys
|-boost|p2a: Deoxys|spa|2
|move|p1a: Golem|Explosion|p2a: Deoxys
|-damage|p2a: Deoxys|0 fnt
|faint|p1a: Golem
|faint|p2a: Deoxys
|
|upkeep
|
|t:|1779866933
|switch|p2a: Ninetales|Ninetales-Alola, F|100/100
|switch|p1a: Volcanion|Volcanion|100/100
|-weather|Snowscape|[from] ability: Snow Warning|[of] p2a: Ninetales
|turn|2
|
|t:|1779866940
|move|p2a: Ninetales|Aurora Veil|p2a: Ninetales
|-sidestart|p2: Dakota1683|move: Aurora Veil
|move|p1a: Volcanion|Sludge Bomb|p2a: Ninetales
|-supereffective|p2a: Ninetales
|-damage|p2a: Ninetales|62/100
|-status|p2a: Ninetales|psn
|
|-weather|Snowscape|[upkeep]
|-damage|p2a: Ninetales|50/100 psn|[from] psn
|upkeep
|turn|3
|
|t:|1779866960
|switch|p2a: Dragonite|Dragonite, F|100/100
|move|p1a: Volcanion|Sludge Bomb|p2a: Dragonite
|-damage|p2a: Dragonite|92/100
|
|-weather|Snowscape|[upkeep]
|-heal|p2a: Dragonite|98/100|[from] item: Leftovers
|upkeep
|turn|4
|inactive|Battle timer is ON: inactive players will automatically lose when time's up. (requested by Dakota1683)
|
|t:|1779866984
|move|p2a: Dragonite|Dragon Dance|p2a: Dragonite
|-boost|p2a: Dragonite|atk|1
|-boost|p2a: Dragonite|spe|1
|move|p1a: Volcanion|Steam Eruption|p2a: Dragonite
|-resisted|p2a: Dragonite
|-damage|p2a: Dragonite|81/100
|
|-weather|Snowscape|[upkeep]
|-heal|p2a: Dragonite|87/100|[from] item: Leftovers
|upkeep
|turn|5
|
|t:|1779867001
|switch|p1a: Garganacl|Garganacl, M|100/100
|move|p2a: Dragonite|Dragon Dance|p2a: Dragonite
|-boost|p2a: Dragonite|atk|1
|-boost|p2a: Dragonite|spe|1
|
|-weather|Snowscape|[upkeep]
|-heal|p2a: Dragonite|93/100|[from] item: Leftovers
|upkeep
|turn|6
|
|t:|1779867011
|move|p2a: Dragonite|Earthquake|p1a: Garganacl
|-supereffective|p1a: Garganacl
|-damage|p1a: Garganacl|26/100
|move|p1a: Garganacl|Curse|p1a: Garganacl
|-unboost|p1a: Garganacl|spe|1
|-boost|p1a: Garganacl|atk|1
|-boost|p1a: Garganacl|def|1
|
|-weather|none
|-heal|p2a: Dragonite|99/100|[from] item: Leftovers
|-heal|p1a: Garganacl|32/100|[from] item: Leftovers
|upkeep
|turn|7
|
|t:|1779867024
|move|p2a: Dragonite|Earthquake|p1a: Garganacl
|-supereffective|p1a: Garganacl
|-damage|p1a: Garganacl|0 fnt
|faint|p1a: Garganacl
|
|-heal|p2a: Dragonite|100/100|[from] item: Leftovers
|upkeep
|
|t:|1779867037
|switch|p1a: Regidrago|Regidrago|100/100
|turn|8
|-message|peticecube forfeited.
|
|win|Dakota1683
|raw|peticecube's rating: 1167 &rarr; <strong>1144</strong><br />(-23 for losing)
|raw|Dakota1683's rating: 1189 &rarr; <strong>1212</strong><br />(+23 for winning)
|l|☆peticecube
|player|p1|
|l|☆Dakota1683
|player|p2|
