|j|☆rocket boss 75
|j|☆hat_fm
|t:|1779846456
|gametype|singles
|player|p1|rocket boss 75|rocketgruntf|1249
|player|p2|hat_fm|pilot|1230
|gen|9
|tier|[Gen 9] OU
|rated|
|rule|HP Percentage Mod: HP is shown in percentages
|rule|Endless Battle Clause: Forcing endless battles is banned
|rule|Species Clause: Limit one of each Pokémon
|rule|OHKO Clause: OHKO moves are banned
|rule|Evasion Items Clause: Evasion items are banned
|rule|Evasion Moves Clause: Evasion moves are banned
|rule|Evasion Abilities Clause: Evasion abilities are banned
|rule|Sleep Moves Clause: Sleep-inducing moves are banned
|clearpoke
|poke|p1|Gholdengo|
|poke|p1|Dragapult, M|
|poke|p1|Gyarados, F|
|poke|p1|Latias, F|
|poke|p1|Weezing-Galar, M|
|poke|p1|Landorus-Therian, M|
|poke|p2|Zamazenta-*|
|poke|p2|Ceruledge, F|
|poke|p2|Scizor, F|
|poke|p2|Donphan, F|
|poke|p2|Lycanroc-Dusk, M|
|poke|p2|Florges, F|
|teampreview
|
|t:|1779846506
|teamsize|p1|6
|teamsize|p2|6
|start
|switch|p1a: Hawk|Landorus-Therian, M, shiny|100/100
|switch|p2a: Donphan|Donphan, F|100/100
|-ability|p1a: Hawk|Intimidate|boost
|-unboost|p2a: Donphan|atk|1
|turn|1
|
|t:|1779846513
|move|p1a: Hawk|Taunt|p2a: Donphan
|-start|p2a: Donphan|move: Taunt
|move|p2a: Donphan|Knock Off|p1a: Hawk
|-damage|p1a: Hawk|87/100
|-damage|p2a: Donphan|84/100|[from] item: Rocky Helmet|[of] p1a: Hawk
|-enditem|p1a: Hawk|Rocky Helmet|[from] move: Knock Off|[of] p2a: Donphan
|
|upkeep
|turn|2
|
|t:|1779846521
|move|p1a: Hawk|Stealth Rock|p2a: Donphan
|-sidestart|p2: hat_fm|move: Stealth Rock
|move|p2a: Donphan|Rapid Spin|p1a: Hawk
|-damage|p1a: Hawk|81/100
|-boost|p2a: Donphan|spe|1
|-sideend|p2: hat_fm|Stealth Rock|[from] move: Rapid Spin|[of] p2a: Donphan
|
|upkeep
|turn|3
|
|t:|1779846539
|move|p1a: Hawk|Earthquake|p2a: Donphan
|-damage|p2a: Donphan|59/100
|move|p2a: Donphan|Rapid Spin|p1a: Hawk
|-damage|p1a: Hawk|74/100
|-boost|p2a: Donphan|spe|1
|
|-end|p2a: Donphan|move: Taunt
|upkeep
|turn|4
|
|t:|1779846552
|move|p2a: Donphan|Stealth Rock|p1a: Hawk
|-sidestart|p1: rocket boss 75|move: Stealth Rock
|move|p1a: Hawk|U-turn|p2a: Donphan
|-damage|p2a: Donphan|48/100
|-damage|p1a: Hawk|58/100|[from] item: Rocky Helmet|[of] p2a: Donphan
|
|t:|1779846565
|switch|p1a: Hydra|Gyarados, F, shiny|100/100|[from] U-turn
|
|upkeep
|turn|5
|
|t:|1779846576
|move|p2a: Donphan|Knock Off|p1a: Hydra
|-damage|p1a: Hydra|80/100
|-enditem|p1a: Hydra|Heavy-Duty Boots|[from] move: Knock Off|[of] p2a: Donphan
|move|p1a: Hydra|Waterfall|p2a: Donphan
|-supereffective|p2a: Donphan
|-damage|p2a: Donphan|0 fnt
|-damage|p1a: Hydra|63/100|[from] item: Rocky Helmet|[of] p2a: Donphan
|faint|p2a: Donphan
|-ability|p1a: Hydra|Moxie|boost
|-boost|p1a: Hydra|atk|1
|
|upkeep
|
|t:|1779846599
|switch|p2a: Zamazenta|Zamazenta|100/100
|-ability|p2a: Zamazenta|Dauntless Shield|boost
|-boost|p2a: Zamazenta|def|1
|turn|6
|
|t:|1779846610
|switch|p1a: Dream|Latias, F|100/100
|-damage|p1a: Dream|88/100|[from] Stealth Rock
|move|p2a: Zamazenta|Roar|p1a: Dream
|drag|p1a: Hydra|Gyarados, F, shiny|63/100
|-damage|p1a: Hydra|38/100|[from] Stealth Rock
|
|upkeep
|turn|7
|
|t:|1779846630
|switch|p1a: Voodoo|Gholdengo|100/100
|-damage|p1a: Voodoo|94/100|[from] Stealth Rock
|move|p2a: Zamazenta|Crunch|p1a: Voodoo
|-supereffective|p1a: Voodoo
|-damage|p1a: Voodoo|44/100
|
|upkeep
|turn|8
|
|t:|1779846652
|move|p1a: Voodoo|Trick|p2a: Zamazenta
|-activate|p1a: Voodoo|move: Trick|[of] p2a: Zamazenta
|-item|p2a: Zamazenta|Choice Scarf|[from] move: Trick
|-item|p1a: Voodoo|Leftovers|[from] move: Trick
|move|p2a: Zamazenta|Crunch|p1a: Voodoo
|-supereffective|p1a: Voodoo
|-damage|p1a: Voodoo|0 fnt
|faint|p1a: Voodoo
|
|upkeep
|
|t:|1779846668
|switch|p1a: Hawk|Landorus-Therian, M, shiny|58/100
|-damage|p1a: Hawk|46/100|[from] Stealth Rock
|-ability|p1a: Hawk|Intimidate|boost
|-unboost|p2a: Zamazenta|atk|1
|turn|9
|
|t:|1779846681
|move|p2a: Zamazenta|Crunch|p1a: Hawk
|-damage|p1a: Hawk|36/100
|-unboost|p1a: Hawk|def|1
|move|p1a: Hawk|Stealth Rock|p2a: Zamazenta
|-sidestart|p2: hat_fm|move: Stealth Rock
|
|upkeep
|turn|10
|
|t:|1779846688
|switch|p1a: Smog|Weezing-Galar, M|100/100
|-damage|p1a: Smog|88/100|[from] Stealth Rock
|move|p2a: Zamazenta|Crunch|p1a: Smog
|-resisted|p1a: Smog
|-damage|p1a: Smog|82/100
|
|-heal|p1a: Smog|88/100|[from] item: Black Sludge
|upkeep
|turn|11
|
|t:|1779846700
|switch|p2a: Scizor|Scizor, F|100/100
|-damage|p2a: Scizor|88/100|[from] Stealth Rock
|move|p1a: Smog|Sludge Bomb|p2a: Scizor
|-immune|p2a: Scizor
|
|-heal|p1a: Smog|94/100|[from] item: Black Sludge
|upkeep
|turn|12
|
|t:|1779846715
|move|p2a: Scizor|Bullet Punch|p1a: Smog
|-supereffective|p1a: Smog
|-damage|p1a: Smog|19/100
|-damage|p2a: Scizor|78/100|[from] item: Life Orb
|move|p1a: Smog|Toxic Spikes|p2a: Scizor
|-sidestart|p2: hat_fm|move: Toxic Spikes
|
|-heal|p1a: Smog|25/100|[from] item: Black Sludge
|upkeep
|turn|13
|
|t:|1779846725
|switch|p1a: Hawk|Landorus-Therian, M, shiny|36/100
|-damage|p1a: Hawk|24/100|[from] Stealth Rock
|-ability|p1a: Hawk|Intimidate|boost
|-unboost|p2a: Scizor|atk|1
|move|p2a: Scizor|Bullet Punch|p1a: Hawk
|-damage|p1a: Hawk|2/100
|-damage|p2a: Scizor|68/100|[from] item: Life Orb
|
|upkeep
|turn|14
|
|t:|1779846759
|switch|p1a: Dream|Latias, F|88/100
|-damage|p1a: Dream|76/100|[from] Stealth Rock
|move|p2a: Scizor|Swords Dance|p2a: Scizor
|-boost|p2a: Scizor|atk|2
|
|-heal|p1a: Dream|82/100|[from] item: Leftovers
|upkeep
|turn|15
|
|t:|1779846780
|move|p1a: Dream|Draco Meteor|p2a: Scizor
|-resisted|p2a: Scizor
|-damage|p2a: Scizor|35/100
|-unboost|p1a: Dream|spa|2
|move|p2a: Scizor|U-turn|p1a: Dream
|-supereffective|p1a: Dream
|-damage|p1a: Dream|0 fnt
|faint|p1a: Dream
|-damage|p2a: Scizor|25/100|[from] item: Life Orb
|
|t:|1779846794
|switch|p2a: Lycanroc|Lycanroc-Dusk, M|100/100|[from] U-turn
|-damage|p2a: Lycanroc|88/100|[from] Stealth Rock
|-status|p2a: Lycanroc|psn
|
|-damage|p2a: Lycanroc|76/100 psn|[from] psn
|upkeep
|
|t:|1779846831
|switch|p1a: Lust|Dragapult, M|100/100
|-damage|p1a: Lust|88/100|[from] Stealth Rock
|turn|16
|
|t:|1779846844
|move|p2a: Lycanroc|Accelerock|p1a: Lust
|-damage|p1a: Lust|38/100
|-damage|p2a: Lycanroc|66/100 psn|[from] item: Life Orb
|move|p1a: Lust|Phantom Force||[still]
|-prepare|p1a: Lust|Phantom Force
|
|-damage|p2a: Lycanroc|53/100 psn|[from] psn
|upkeep
|turn|17
|
|t:|1779846862
|move|p2a: Lycanroc|Accelerock|p1a: Lust|[miss]
|-miss|p2a: Lycanroc|p1a: Lust
|move|p1a: Lust|Phantom Force|p2a: Lycanroc|[from] lockedmove
|-damage|p2a: Lycanroc|0 fnt
|faint|p2a: Lycanroc
|
|upkeep
|
|t:|1779846865
|switch|p2a: Scizor|Scizor, F|25/100
|-damage|p2a: Scizor|13/100|[from] Stealth Rock
|turn|18
|
|t:|1779846875
|move|p2a: Scizor|Bullet Punch|p1a: Lust
|-damage|p1a: Lust|0 fnt
|faint|p1a: Lust
|-damage|p2a: Scizor|3/100|[from] item: Life Orb
|
|upkeep
|
|t:|1779846892
|switch|p1a: Hawk|Landorus-Therian, M, shiny|2/100
|-damage|p1a: Hawk|0 fnt|[from] Stealth Rock
|faint|p1a: Hawk
|
|t:|1779846901
|switch|p1a: Hydra|Gyarados, F, shiny|38/100
|-damage|p1a: Hydra|13/100|[from] Stealth Rock
|turn|19
|-message|rocket boss 75 forfeited.
|
|win|hat_fm
|raw|rocket boss 75's rating: 1249 &rarr; <strong>1223</strong><br />(-26 for losing)
|raw|hat_fm's rating: 1230 &rarr; <strong>1256</strong><br />(+26 for winning)
|l|☆rocket boss 75
|player|p1|
|l|☆hat_fm
|player|p2|
