|j|☆dono yoyo
|j|☆h f ddgbbv
|t:|1779857969
|gametype|singles
|player|p1|dono yoyo|dancer|1056
|player|p2|h f ddgbbv|170|1078
|gen|9
|tier|[Gen 9] OU
|rated|
|rule|HP Percentage Mod: HP is shown in percentages
|rule|Endless Battle Clause: Forcing endless battles is banned
|rule|Species Clause: Limit one of each Pokémon
|rule|OHKO Clause: OHKO moves are banned
|rule|Evasion Items Clause: Evasion items are banned
|rule|Evasion Moves Clause: Evasion moves are banned
|rule|Evasion Abilities Clause: Evasion abilities are banned
|rule|Sleep Moves Clause: Sleep-inducing moves are banned
|clearpoke
|poke|p1|Darkrai|
|poke|p1|Alomomola, F|
|poke|p1|Slowking-Galar, M|
|poke|p1|Garchomp, F|
|poke|p1|Regieleki|
|poke|p1|Kingambit, M|
|poke|p2|Hatterene, F|
|poke|p2|Volcanion|
|poke|p2|Zamazenta-*|
|poke|p2|Ceruledge, F|
|poke|p2|Glastrier|
|poke|p2|Ursaluna, F|
|teampreview
|
|t:|1779857982
|teamsize|p1|6
|teamsize|p2|6
|start
|switch|p1a: La chomp|Garchomp, F|100/100
|switch|p2a: Ursaluna|Ursaluna, F|100/100
|turn|1
|
|t:|1779858000
|move|p1a: La chomp|Stealth Rock|p2a: Ursaluna
|-sidestart|p2: h f ddgbbv|move: Stealth Rock
|move|p2a: Ursaluna|Earthquake|p1a: La chomp
|-damage|p1a: La chomp|44/100
|
|-status|p2a: Ursaluna|brn|[from] item: Flame Orb
|upkeep
|turn|2
|
|t:|1779858013
|switch|p1a: We stalin|Alomomola, F|100/100
|move|p2a: Ursaluna|Earthquake|p1a: We stalin
|-damage|p1a: We stalin|55/100
|
|-heal|p1a: We stalin|62/100|[from] item: Leftovers
|-damage|p2a: Ursaluna|94/100 brn|[from] brn
|upkeep
|turn|3
|
|t:|1779858024
|switch|p2a: Volcanion|Volcanion|100/100
|-damage|p2a: Volcanion|75/100|[from] Stealth Rock
|move|p1a: We stalin|Hydro Pump|p2a: Volcanion
|-heal|p2a: Volcanion|100/100|[from] ability: Water Absorb|[of] p1a: We stalin
|
|-heal|p1a: We stalin|68/100|[from] item: Leftovers
|upkeep
|turn|4
|
|t:|1779858034
|move|p1a: We stalin|Wish|p1a: We stalin
|move|p2a: Volcanion|Steam Eruption|p1a: We stalin
|-resisted|p1a: We stalin
|-damage|p1a: We stalin|32/100
|
|-heal|p1a: We stalin|38/100|[from] item: Leftovers
|upkeep
|turn|5
|
|t:|1779858043
|move|p1a: We stalin|Protect|p1a: We stalin
|-singleturn|p1a: We stalin|Protect
|move|p2a: Volcanion|Steam Eruption|p1a: We stalin
|-activate|p1a: We stalin|move: Protect
|
|-heal|p1a: We stalin|88/100|[from] move: Wish|[wisher] We stalin
|-heal|p1a: We stalin|94/100|[from] item: Leftovers
|upkeep
|turn|6
|
|t:|1779858075
|switch|p1a: Purple haze|Slowking-Galar, M|100/100
|move|p2a: Volcanion|Steam Eruption|p1a: Purple haze
|-damage|p1a: Purple haze|62/100
|
|upkeep
|turn|7
|
|t:|1779858083
|move|p2a: Volcanion|Earth Power|p1a: Purple haze
|-supereffective|p1a: Purple haze
|-damage|p1a: Purple haze|19/100
|-enditem|p1a: Purple haze|Sitrus Berry|[eat]
|-heal|p1a: Purple haze|44/100|[from] item: Sitrus Berry
|-prepare|p1a: Purple haze|Chilly Reception|[premajor]
|move|p1a: Purple haze|Chilly Reception|p1a: Purple haze
|-weather|Snowscape
|
|t:|1779858091
|switch|p1a: La chomp|Garchomp, F|44/100|[from] Chilly Reception
|
|-weather|Snowscape|[upkeep]
|upkeep
|turn|8
|
|t:|1779858113
|-terastallize|p2a: Volcanion|Bug
|move|p1a: La chomp|Earthquake|p2a: Volcanion
|-resisted|p2a: Volcanion
|-damage|p2a: Volcanion|79/100
|move|p2a: Volcanion|Steam Eruption|p1a: La chomp
|-crit|p1a: La chomp
|-damage|p1a: La chomp|0 fnt
|faint|p1a: La chomp
|
|-weather|Snowscape|[upkeep]
|upkeep
|
|t:|1779858144
|switch|p1a: 🛌zzZZzzZz|Darkrai|100/100
|turn|9
|
|t:|1779858151
|switch|p2a: Zamazenta|Zamazenta|100/100
|-damage|p2a: Zamazenta|94/100|[from] Stealth Rock
|-ability|p2a: Zamazenta|Dauntless Shield|boost
|-boost|p2a: Zamazenta|def|1
|move|p1a: 🛌zzZZzzZz|Nasty Plot|p1a: 🛌zzZZzzZz
|-boost|p1a: 🛌zzZZzzZz|spa|2
|
|-weather|Snowscape|[upkeep]
|upkeep
|turn|10
|
|t:|1779858170
|-terastallize|p1a: 🛌zzZZzzZz|Ice
|move|p2a: Zamazenta|Close Combat|p1a: 🛌zzZZzzZz
|-supereffective|p1a: 🛌zzZZzzZz
|-damage|p1a: 🛌zzZZzzZz|0 fnt
|-unboost|p2a: Zamazenta|def|1
|-unboost|p2a: Zamazenta|spd|1
|faint|p1a: 🛌zzZZzzZz
|
|-weather|Snowscape|[upkeep]
|upkeep
|
|t:|1779858182
|switch|p1a: Purple haze|Slowking-Galar, M|77/100
|turn|11
|
|t:|1779858195
|switch|p2a: Ursaluna|Ursaluna, F|94/100 brn
|-damage|p2a: Ursaluna|88/100 brn|[from] Stealth Rock
|move|p1a: Purple haze|Future Sight|p2a: Ursaluna
|-start|p1a: Purple haze|move: Future Sight
|
|-weather|none
|-damage|p2a: Ursaluna|82/100 brn|[from] brn
|upkeep
|turn|12
|
|t:|1779858207
|switch|p1a: We stalin|Alomomola, F|100/100
|move|p2a: Ursaluna|Facade|p1a: We stalin
|-damage|p1a: We stalin|36/100
|
|-heal|p1a: We stalin|43/100|[from] item: Leftovers
|-damage|p2a: Ursaluna|76/100 brn|[from] brn
|upkeep
|turn|13
|
|t:|1779858218
|switch|p2a: Volcanion|Volcanion, tera:Bug|79/100
|-damage|p2a: Volcanion|54/100|[from] Stealth Rock
|move|p1a: We stalin|Wish|p1a: We stalin
|
|-end|p2a: Volcanion|move: Future Sight
|-damage|p2a: Volcanion|9/100
|-heal|p1a: We stalin|49/100|[from] item: Leftovers
|upkeep
|turn|14
|
|t:|1779858232
|move|p1a: We stalin|Protect|p1a: We stalin
|-singleturn|p1a: We stalin|Protect
|move|p2a: Volcanion|Steam Eruption|p1a: We stalin
|-activate|p1a: We stalin|move: Protect
|
|-heal|p1a: We stalin|99/100|[from] move: Wish|[wisher] We stalin
|-heal|p1a: We stalin|100/100|[from] item: Leftovers
|upkeep
|turn|15
|
|t:|1779858246
|switch|p1a: Purple haze|Slowking-Galar, M|100/100
|move|p2a: Volcanion|Steam Eruption|p1a: Purple haze
|-damage|p1a: Purple haze|64/100
|
|upkeep
|turn|16
|
|t:|1779858260
|move|p2a: Volcanion|Earth Power|p1a: Purple haze
|-supereffective|p1a: Purple haze
|-damage|p1a: Purple haze|25/100
|move|p1a: Purple haze|Future Sight|p2a: Volcanion
|-start|p1a: Purple haze|move: Future Sight
|
|upkeep
|turn|17
|
|t:|1779858269
|switch|p1a: We stalin|Alomomola, F|100/100
|move|p2a: Volcanion|Steam Eruption|p1a: We stalin
|-resisted|p1a: We stalin
|-damage|p1a: We stalin|65/100
|
|-heal|p1a: We stalin|71/100|[from] item: Leftovers
|upkeep
|turn|18
|
|t:|1779858281
|move|p1a: We stalin|Wish|p1a: We stalin
|move|p2a: Volcanion|Earth Power|p1a: We stalin
|-damage|p1a: We stalin|30/100
|
|-end|p2a: Volcanion|move: Future Sight
|-damage|p2a: Volcanion|0 fnt
|faint|p2a: Volcanion
|-heal|p1a: We stalin|36/100|[from] item: Leftovers
|upkeep
|
|t:|1779858294
|switch|p2a: Zamazenta|Zamazenta|94/100
|-damage|p2a: Zamazenta|88/100|[from] Stealth Rock
|turn|19
|
|t:|1779858303
|move|p1a: We stalin|Protect|p1a: We stalin
|-singleturn|p1a: We stalin|Protect
|move|p2a: Zamazenta|Wild Charge|p1a: We stalin
|-activate|p1a: We stalin|move: Protect
|
|-heal|p1a: We stalin|86/100|[from] move: Wish|[wisher] We stalin
|-heal|p1a: We stalin|92/100|[from] item: Leftovers
|upkeep
|turn|20
|
|t:|1779858320
|switch|p2a: Ursaluna|Ursaluna, F|76/100 brn
|-damage|p2a: Ursaluna|69/100 brn|[from] Stealth Rock
|move|p1a: We stalin|Flip Turn|p2a: Ursaluna
|-supereffective|p2a: Ursaluna
|-damage|p2a: Ursaluna|45/100 brn
|
|t:|1779858329
|switch|p1a: Purple haze|Slowking-Galar, M|58/100|[from] Flip Turn
|
|-damage|p2a: Ursaluna|39/100 brn|[from] brn
|upkeep
|turn|21
|
|t:|1779858338
|switch|p1a: We stalin|Alomomola, F|100/100
|move|p2a: Ursaluna|Earthquake|p1a: We stalin
|-damage|p1a: We stalin|53/100
|
|-heal|p1a: We stalin|59/100|[from] item: Leftovers
|-damage|p2a: Ursaluna|33/100 brn|[from] brn
|upkeep
|turn|22
|
|t:|1779858358
|switch|p2a: Zamazenta|Zamazenta|88/100
|-damage|p2a: Zamazenta|82/100|[from] Stealth Rock
|move|p1a: We stalin|Wish|p1a: We stalin
|
|-heal|p1a: We stalin|65/100|[from] item: Leftovers
|upkeep
|turn|23
|
|t:|1779858373
|switch|p1a: Fast as duck boiii|Regieleki|100/100
|move|p2a: Zamazenta|Psychic Fangs|p1a: Fast as duck boiii
|-damage|p1a: Fast as duck boiii|44/100
|
|-heal|p1a: Fast as duck boiii|100/100|[from] move: Wish|[wisher] We stalin
|upkeep
|turn|24
|
|t:|1779858382
|switch|p2a: Ursaluna|Ursaluna, F|33/100 brn
|-damage|p2a: Ursaluna|27/100 brn|[from] Stealth Rock
|move|p1a: Fast as duck boiii|Thunder Wave|p2a: Ursaluna
|-immune|p2a: Ursaluna
|
|-damage|p2a: Ursaluna|20/100 brn|[from] brn
|upkeep
|turn|25
|
|t:|1779858395
|switch|p1a: We stalin|Alomomola, F|98/100
|move|p2a: Ursaluna|Drain Punch|p1a: We stalin
|-damage|p1a: We stalin|76/100
|-heal|p2a: Ursaluna|36/100 brn|[from] drain|[of] p1a: We stalin
|
|-heal|p1a: We stalin|82/100|[from] item: Leftovers
|-damage|p2a: Ursaluna|29/100 brn|[from] brn
|upkeep
|turn|26
|
|t:|1779858413
|switch|p2a: Zamazenta|Zamazenta|82/100
|-damage|p2a: Zamazenta|76/100|[from] Stealth Rock
|move|p1a: We stalin|Hydro Pump|p2a: Zamazenta
|-damage|p2a: Zamazenta|58/100
|
|-heal|p1a: We stalin|88/100|[from] item: Leftovers
|upkeep
|turn|27
|
|t:|1779858426
|move|p2a: Zamazenta|Close Combat|p1a: We stalin
|-damage|p1a: We stalin|56/100
|-unboost|p2a: Zamazenta|def|1
|-unboost|p2a: Zamazenta|spd|1
|move|p1a: We stalin|Flip Turn|p2a: Zamazenta
|-damage|p2a: Zamazenta|36/100
|
|t:|1779858439
|switch|p1a: Chad-gambit|Kingambit, M|100/100|[from] Flip Turn
|-activate|p1a: Chad-gambit|ability: Supreme Overlord
|-start|p1a: Chad-gambit|fallen2|[silent]
|
|upkeep
|turn|28
|
|t:|1779858455
|-end|p1a: Chad-gambit|fallen2|[silent]
|switch|p1a: We stalin|Alomomola, F|89/100
|move|p2a: Zamazenta|Close Combat|p1a: We stalin
|-damage|p1a: We stalin|56/100
|-unboost|p2a: Zamazenta|def|1
|-unboost|p2a: Zamazenta|spd|1
|
|-heal|p1a: We stalin|62/100|[from] item: Leftovers
|upkeep
|turn|29
|
|t:|1779858467
|switch|p2a: Hatterene|Hatterene, F|100/100
|-damage|p2a: Hatterene|88/100|[from] Stealth Rock
|move|p1a: We stalin|Flip Turn|p2a: Hatterene
|-damage|p2a: Hatterene|69/100
|
|t:|1779858473
|switch|p1a: Purple haze|Slowking-Galar, M|91/100|[from] Flip Turn
|
|upkeep
|turn|30
|
|t:|1779858482
|move|p1a: Purple haze|Sludge Bomb|p2a: Hatterene
|-supereffective|p2a: Hatterene
|-damage|p2a: Hatterene|0 fnt
|faint|p2a: Hatterene
|
|upkeep
|
|t:|1779858492
|switch|p2a: Glastrier|Glastrier|100/100
|-damage|p2a: Glastrier|75/100|[from] Stealth Rock
|turn|31
|
|t:|1779858497
|-prepare|p1a: Purple haze|Chilly Reception|[premajor]
|move|p1a: Purple haze|Chilly Reception|p1a: Purple haze
|-weather|Snowscape
|
|t:|1779858500
|switch|p1a: We stalin|Alomomola, F|95/100|[from] Chilly Reception
|move|p2a: Glastrier|High Horsepower|p1a: We stalin
|-damage|p1a: We stalin|76/100
|
|-weather|Snowscape|[upkeep]
|-heal|p1a: We stalin|82/100|[from] item: Leftovers
|upkeep
|turn|32
|
|t:|1779858515
|switch|p2a: Zamazenta|Zamazenta|36/100
|-damage|p2a: Zamazenta|30/100|[from] Stealth Rock
|move|p1a: We stalin|Wish|p1a: We stalin
|
|-weather|Snowscape|[upkeep]
|-heal|p1a: We stalin|89/100|[from] item: Leftovers
|upkeep
|turn|33
|
|t:|1779858523
|move|p2a: Zamazenta|Wild Charge|p1a: We stalin
|-supereffective|p1a: We stalin
|-damage|p1a: We stalin|52/100
|-damage|p2a: Zamazenta|15/100|[from] Recoil
|move|p1a: We stalin|Hydro Pump|p2a: Zamazenta
|-damage|p2a: Zamazenta|0 fnt
|faint|p2a: Zamazenta
|
|-weather|Snowscape|[upkeep]
|-heal|p1a: We stalin|100/100|[from] move: Wish|[wisher] We stalin
|upkeep
|
|t:|1779858535
|switch|p2a: Ceruledge|Ceruledge, F|100/100
|-damage|p2a: Ceruledge|76/100|[from] Stealth Rock
|turn|34
|
|t:|1779858540
|move|p2a: Ceruledge|Destiny Bond|p2a: Ceruledge
|-singlemove|p2a: Ceruledge|Destiny Bond
|move|p1a: We stalin|Flip Turn|p2a: Ceruledge
|-supereffective|p2a: Ceruledge
|-damage|p2a: Ceruledge|32/100
|-message|h f ddgbbv forfeited.
|
|win|dono yoyo
|raw|dono yoyo's rating: 1056 &rarr; <strong>1090</strong><br />(+34 for winning)
|raw|h f ddgbbv's rating: 1078 &rarr; <strong>1055</strong><br />(-23 for losing)
|l|☆h f ddgbbv
|player|p2|
|l|☆dono yoyo
|player|p1|
