|j|☆nwalesu
|j|☆thiccdug
|t:|1779813476
|gametype|singles
|player|p1|nwalesu|pokemaniac|1435
|player|p2|thiccdug|169|1463
|gen|9
|tier|[Gen 9] OU
|rated|
|rule|HP Percentage Mod: HP is shown in percentages
|rule|Endless Battle Clause: Forcing endless battles is banned
|rule|Species Clause: Limit one of each Pokémon
|rule|OHKO Clause: OHKO moves are banned
|rule|Evasion Items Clause: Evasion items are banned
|rule|Evasion Moves Clause: Evasion moves are banned
|rule|Evasion Abilities Clause: Evasion abilities are banned
|rule|Sleep Moves Clause: Sleep-inducing moves are banned
|clearpoke
|poke|p1|Dragapult, F|
|poke|p1|Rotom-Heat|
|poke|p1|Clodsire, F|
|poke|p1|Mandibuzz, F|
|poke|p1|Dragonite, F|
|poke|p1|Iron Valiant|
|poke|p2|Dragonite, F|
|poke|p2|Gholdengo|
|poke|p2|Ting-Lu|
|poke|p2|Gliscor, F|
|poke|p2|Keldeo|
|poke|p2|Sinistcha-Masterpiece|
|teampreview
|inactive|Battle timer is ON: inactive players will automatically lose when time's up. (requested by thiccdug)
|inactive|nwalesu also wants the timer to be on.
|inactive|nwalesu has 120 seconds left.
|
|t:|1779813513
|teamsize|p1|6
|teamsize|p2|6
|start
|switch|p1a: Cookie maker|Rotom-Heat|100/100
|switch|p2a: Ting-Lu|Ting-Lu|100/100
|-ability|p2a: Ting-Lu|Vessel of Ruin
|turn|1
|
|t:|1779813520
|switch|p1a: Drippy|Dragapult, F|100/100
|move|p2a: Ting-Lu|Stealth Rock|p1a: Drippy
|-sidestart|p1: nwalesu|move: Stealth Rock
|
|upkeep
|turn|2
|
|t:|1779813525
|move|p1a: Drippy|Will-O-Wisp|p2a: Ting-Lu
|-status|p2a: Ting-Lu|brn
|move|p2a: Ting-Lu|Ruination|p1a: Drippy
|-damage|p1a: Drippy|51/100
|
|-damage|p2a: Ting-Lu|94/100 brn|[from] brn
|upkeep
|turn|3
|
|t:|1779813530
|move|p1a: Drippy|U-turn|p2a: Ting-Lu
|-supereffective|p2a: Ting-Lu
|-damage|p2a: Ting-Lu|76/100 brn
|
|t:|1779813533
|switch|p1a: Mandibuzz|Mandibuzz, F|100/100|[from] U-turn
|move|p2a: Ting-Lu|Spikes|p1a: Mandibuzz
|-sidestart|p1: nwalesu|Spikes
|
|-heal|p2a: Ting-Lu|83/100 brn|[from] item: Leftovers
|-damage|p2a: Ting-Lu|76/100 brn|[from] brn
|upkeep
|turn|4
|
|t:|1779813540
|switch|p2a: Gholdengo|Gholdengo|100/100
|move|p1a: Mandibuzz|Defog|p2a: Gholdengo
|-immune|p2a: Gholdengo|[from] ability: Good as Gold
|
|upkeep
|turn|5
|
|t:|1779813544
|switch|p2a: Gliscor|Gliscor, F|100/100
|move|p1a: Mandibuzz|Foul Play|p2a: Gliscor
|-damage|p2a: Gliscor|75/100
|
|-status|p2a: Gliscor|tox|[from] item: Toxic Orb
|upkeep
|turn|6
|
|t:|1779813552
|switch|p1a: Drippy|Dragapult, F|51/100
|move|p2a: Gliscor|Knock Off|p1a: Drippy
|-supereffective|p1a: Drippy
|-damage|p1a: Drippy|0 fnt
|-enditem|p1a: Drippy|Heavy-Duty Boots|[from] move: Knock Off|[of] p2a: Gliscor
|faint|p1a: Drippy
|
|-heal|p2a: Gliscor|87/100 tox|[from] ability: Poison Heal
|upkeep
|
|t:|1779813559
|switch|p1a: Cookie maker|Rotom-Heat|100/100
|turn|7
|
|t:|1779813562
|move|p1a: Cookie maker|Nasty Plot|p1a: Cookie maker
|-boost|p1a: Cookie maker|spa|2
|move|p2a: Gliscor|Toxic|p1a: Cookie maker
|-status|p1a: Cookie maker|tox
|
|-damage|p1a: Cookie maker|94/100 tox|[from] psn
|-heal|p2a: Gliscor|99/100 tox|[from] ability: Poison Heal
|upkeep
|turn|8
|
|t:|1779813566
|switch|p2a: Ting-Lu|Ting-Lu|76/100 brn
|-ability|p2a: Ting-Lu|Vessel of Ruin
|move|p1a: Cookie maker|Overheat|p2a: Ting-Lu
|-damage|p2a: Ting-Lu|16/100 brn
|-unboost|p1a: Cookie maker|spa|2
|
|-heal|p2a: Ting-Lu|22/100 brn|[from] item: Leftovers
|-damage|p1a: Cookie maker|82/100 tox|[from] psn
|-damage|p2a: Ting-Lu|16/100 brn|[from] brn
|upkeep
|turn|9
|
|t:|1779813573
|move|p1a: Cookie maker|Overheat|p2a: Ting-Lu
|-damage|p2a: Ting-Lu|0 fnt
|-unboost|p1a: Cookie maker|spa|2
|faint|p2a: Ting-Lu
|
|-damage|p1a: Cookie maker|64/100 tox|[from] psn
|upkeep
|
|t:|1779813583
|switch|p2a: Dragonite|Dragonite, F|100/100
|turn|10
|
|t:|1779813586
|switch|p1a: Mandibuzz|Mandibuzz, F|100/100
|move|p2a: Dragonite|Dragon Dance|p2a: Dragonite
|-boost|p2a: Dragonite|atk|1
|-boost|p2a: Dragonite|spe|1
|
|upkeep
|turn|11
|
|t:|1779813592
|move|p1a: Mandibuzz|Foul Play|p2a: Dragonite
|-damage|p2a: Dragonite|67/100
|move|p2a: Dragonite|Dragon Tail|p1a: Mandibuzz
|-damage|p1a: Mandibuzz|70/100
|drag|p1a: Dragonite|Dragonite, F|100/100
|
|upkeep
|turn|12
|
|t:|1779813603
|switch|p1a: Iron Valiant|Iron Valiant|100/100
|-damage|p1a: Iron Valiant|94/100|[from] Stealth Rock
|-damage|p1a: Iron Valiant|82/100|[from] Spikes
|move|p2a: Dragonite|Roost|p2a: Dragonite
|-heal|p2a: Dragonite|100/100
|-singleturn|p2a: Dragonite|move: Roost
|
|upkeep
|turn|13
|
|t:|1779813609
|move|p2a: Dragonite|Extreme Speed|p1a: Iron Valiant
|-damage|p1a: Iron Valiant|28/100
|move|p1a: Iron Valiant|Moonblast|p2a: Dragonite
|-supereffective|p2a: Dragonite
|-damage|p2a: Dragonite|59/100
|-unboost|p2a: Dragonite|spa|1
|
|upkeep
|turn|14
|
|t:|1779813616
|-terastallize|p1a: Iron Valiant|Ghost
|move|p2a: Dragonite|Extreme Speed|p1a: Iron Valiant
|-immune|p1a: Iron Valiant
|move|p1a: Iron Valiant|Moonblast|p2a: Dragonite
|-supereffective|p2a: Dragonite
|-damage|p2a: Dragonite|0 fnt
|faint|p2a: Dragonite
|
|upkeep
|
|t:|1779813626
|switch|p2a: Gliscor|Gliscor, F|99/100 tox
|turn|15
|
|t:|1779813629
|-end|p1a: Iron Valiant|Quark Drive|[silent]
|switch|p1a: Mandibuzz|Mandibuzz, F|70/100
|move|p2a: Gliscor|Knock Off|p1a: Mandibuzz
|-resisted|p1a: Mandibuzz
|-damage|p1a: Mandibuzz|64/100
|-enditem|p1a: Mandibuzz|Heavy-Duty Boots|[from] move: Knock Off|[of] p2a: Gliscor
|
|-heal|p2a: Gliscor|100/100 tox|[from] ability: Poison Heal
|upkeep
|turn|16
|
|t:|1779813636
|switch|p2a: Gholdengo|Gholdengo|100/100
|move|p1a: Mandibuzz|Defog|p2a: Gholdengo
|-immune|p2a: Gholdengo|[from] ability: Good as Gold
|
|upkeep
|turn|17
|
|t:|1779813641
|move|p2a: Gholdengo|Make It Rain|p1a: Mandibuzz
|-damage|p1a: Mandibuzz|8/100
|-unboost|p2a: Gholdengo|spa|1
|move|p1a: Mandibuzz|Roost|p1a: Mandibuzz
|-heal|p1a: Mandibuzz|58/100
|-singleturn|p1a: Mandibuzz|move: Roost
|
|upkeep
|turn|18
|
|t:|1779813650
|move|p2a: Gholdengo|Make It Rain|p1a: Mandibuzz
|-damage|p1a: Mandibuzz|22/100
|-unboost|p2a: Gholdengo|spa|1
|move|p1a: Mandibuzz|Roost|p1a: Mandibuzz
|-heal|p1a: Mandibuzz|73/100
|-singleturn|p1a: Mandibuzz|move: Roost
|
|upkeep
|turn|19
|
|t:|1779813654
|switch|p2a: Keldeo|Keldeo|100/100
|move|p1a: Mandibuzz|Foul Play|p2a: Keldeo
|-resisted|p2a: Keldeo
|-damage|p2a: Keldeo|87/100
|-ability|p2a: Keldeo|Justified|boost
|-boost|p2a: Keldeo|atk|1
|
|upkeep
|turn|20
|
|t:|1779813658
|move|p2a: Keldeo|Flip Turn|p1a: Mandibuzz
|-damage|p1a: Mandibuzz|60/100
|
|t:|1779813661
|switch|p2a: Gholdengo|Gholdengo|100/100|[from] Flip Turn
|move|p1a: Mandibuzz|Defog|p2a: Gholdengo
|-immune|p2a: Gholdengo|[from] ability: Good as Gold
|
|upkeep
|turn|21
|
|t:|1779813666
|switch|p1a: Clodsire|Clodsire, F|100/100
|-damage|p1a: Clodsire|94/100|[from] Stealth Rock
|-damage|p1a: Clodsire|82/100|[from] Spikes
|move|p2a: Gholdengo|Trick|p1a: Clodsire
|-activate|p2a: Gholdengo|move: Trick|[of] p1a: Clodsire
|-item|p1a: Clodsire|Choice Scarf|[from] move: Trick
|-item|p2a: Gholdengo|Leftovers|[from] move: Trick
|
|upkeep
|turn|22
|
|t:|1779813687
|switch|p2a: Gliscor|Gliscor, F|100/100 tox
|move|p1a: Clodsire|Stealth Rock|p2a: Gliscor
|-sidestart|p2: thiccdug|move: Stealth Rock
|
|upkeep
|turn|23
|
|t:|1779813693
|switch|p1a: Mandibuzz|Mandibuzz, F|60/100
|-damage|p1a: Mandibuzz|35/100|[from] Stealth Rock
|move|p2a: Gliscor|Toxic|p1a: Mandibuzz
|-status|p1a: Mandibuzz|tox
|
|-damage|p1a: Mandibuzz|29/100 tox|[from] psn
|upkeep
|turn|24
|
|t:|1779813697
|switch|p2a: Gholdengo|Gholdengo|100/100
|-damage|p2a: Gholdengo|94/100|[from] Stealth Rock
|move|p1a: Mandibuzz|Foul Play|p2a: Gholdengo
|-supereffective|p2a: Gholdengo
|-damage|p2a: Gholdengo|61/100
|
|-heal|p2a: Gholdengo|67/100|[from] item: Leftovers
|-damage|p1a: Mandibuzz|16/100 tox|[from] psn
|upkeep
|turn|25
|
|t:|1779813709
|move|p2a: Gholdengo|Shadow Ball|p1a: Mandibuzz
|-resisted|p1a: Mandibuzz
|-damage|p1a: Mandibuzz|0 fnt
|faint|p1a: Mandibuzz
|
|-heal|p2a: Gholdengo|74/100|[from] item: Leftovers
|upkeep
|
|t:|1779813710
|switch|p1a: Dragonite|Dragonite, F|100/100
|turn|26
|
|t:|1779813717
|switch|p2a: Sinistcha|Sinistcha-Masterpiece|100/100
|move|p1a: Dragonite|Dragon Dance|p1a: Dragonite
|-boost|p1a: Dragonite|atk|1
|-boost|p1a: Dragonite|spe|1
|
|upkeep
|turn|27
|
|t:|1779813723
|move|p1a: Dragonite|Fire Punch|p2a: Sinistcha
|-supereffective|p2a: Sinistcha
|-damage|p2a: Sinistcha|70/100
|move|p2a: Sinistcha|Matcha Gotcha|p1a: Dragonite
|-resisted|p1a: Dragonite
|-damage|p1a: Dragonite|96/100
|-heal|p2a: Sinistcha|72/100|[from] drain|[of] p1a: Dragonite
|
|upkeep
|turn|28
|
|t:|1779813728
|move|p1a: Dragonite|Fire Punch|p2a: Sinistcha
|-supereffective|p2a: Sinistcha
|-damage|p2a: Sinistcha|44/100
|move|p2a: Sinistcha|Strength Sap|p1a: Dragonite
|-unboost|p1a: Dragonite|atk|1
|-heal|p2a: Sinistcha|100/100
|
|upkeep
|turn|29
|-message|nwalesu forfeited.
|
|win|thiccdug
|raw|nwalesu's rating: 1435 &rarr; <strong>1417</strong><br />(-18 for losing)
|raw|thiccdug's rating: 1463 &rarr; <strong>1481</strong><br />(+18 for winning)
|l|☆thiccdug
|player|p2|
