|j|☆npctypebeat
|j|☆Junepie
|t:|1779940123
|gametype|singles
|player|p1|npctypebeat|102|1087
|player|p2|Junepie|101|1064
|gen|9
|tier|[Gen 9] OU
|rated|
|rule|HP Percentage Mod: HP is shown in percentages
|rule|Endless Battle Clause: Forcing endless battles is banned
|rule|Species Clause: Limit one of each Pokémon
|rule|OHKO Clause: OHKO moves are banned
|rule|Evasion Items Clause: Evasion items are banned
|rule|Evasion Moves Clause: Evasion moves are banned
|rule|Evasion Abilities Clause: Evasion abilities are banned
|rule|Sleep Moves Clause: Sleep-inducing moves are banned
|clearpoke
|poke|p1|Gliscor, F|
|poke|p1|Ogerpon, F|
|poke|p1|Walking Wake|
|poke|p1|Blissey, F|
|poke|p1|Corviknight, F|
|poke|p1|Pecharunt|
|poke|p2|Mimikyu, M|
|poke|p2|Gengar, M|
|poke|p2|Gliscor, M|
|poke|p2|Inteleon, M|
|poke|p2|Dragapult, F|
|poke|p2|Spidops, F|
|teampreview
|c|☆npctypebeat|hf
|
|t:|1779940131
|teamsize|p1|6
|teamsize|p2|6
|start
|switch|p1a: Gliscor|Gliscor, F|100/100
|switch|p2a: Spidops|Spidops, F, shiny|100/100
|turn|1
|inactive|Battle timer is ON: inactive players will automatically lose when time's up. (requested by npctypebeat)
|
|t:|1779940142
|move|p1a: Gliscor|Spikes|p2a: Spidops
|-sidestart|p2: Junepie|Spikes
|move|p2a: Spidops|Knock Off|p1a: Gliscor
|-damage|p1a: Gliscor|86/100
|-enditem|p1a: Gliscor|Toxic Orb|[from] move: Knock Off|[of] p2a: Spidops
|
|upkeep
|turn|2
|
|t:|1779940149
|move|p1a: Gliscor|Spikes|p2a: Spidops
|-sidestart|p2: Junepie|Spikes
|move|p2a: Spidops|Sticky Web|p1a: Gliscor
|-sidestart|p1: npctypebeat|move: Sticky Web
|
|upkeep
|turn|3
|
|t:|1779940154
|move|p1a: Gliscor|Spikes|p2a: Spidops
|-sidestart|p2: Junepie|Spikes
|move|p2a: Spidops|Toxic Spikes|p1a: Gliscor
|-sidestart|p1: npctypebeat|move: Toxic Spikes
|
|upkeep
|turn|4
|
|t:|1779940159
|move|p1a: Gliscor|Toxic|p2a: Spidops
|-status|p2a: Spidops|tox
|move|p2a: Spidops|Toxic Spikes|p1a: Gliscor
|-sidestart|p1: npctypebeat|move: Toxic Spikes
|
|-damage|p2a: Spidops|94/100 tox|[from] psn
|upkeep
|turn|5
|
|t:|1779940173
|switch|p2a: Mimikyu|Mimikyu, M|100/100
|-damage|p2a: Mimikyu|75/100|[from] Spikes
|move|p1a: Gliscor|Earthquake|p2a: Mimikyu
|-activate|p2a: Mimikyu|ability: Disguise
|-damage|p2a: Mimikyu|75/100
|detailschange|p2a: Mimikyu|Mimikyu-Busted, M
|-damage|p2a: Mimikyu|63/100|[from] pokemon: Mimikyu-Busted
|
|upkeep
|turn|6
|
|t:|1779940190
|switch|p1a: Walking Wake|Walking Wake|100/100
|move|p2a: Mimikyu|Swords Dance|p2a: Mimikyu
|-boost|p2a: Mimikyu|atk|2
|
|upkeep
|turn|7
|
|t:|1779940199
|move|p1a: Walking Wake|Surf|p2a: Mimikyu
|-damage|p2a: Mimikyu|8/100
|-enditem|p2a: Mimikyu|Aguav Berry|[eat]
|-heal|p2a: Mimikyu|42/100|[from] item: Aguav Berry
|move|p2a: Mimikyu|Play Rough|p1a: Walking Wake
|-supereffective|p1a: Walking Wake
|-damage|p1a: Walking Wake|0 fnt
|faint|p1a: Walking Wake
|-end|p1a: Walking Wake|Protosynthesis|[silent]
|
|upkeep
|
|t:|1779940205
|switch|p1a: Ogerpon|Ogerpon, F|100/100
|turn|8
|
|t:|1779940216
|move|p1a: Ogerpon|Ivy Cudgel|p2a: Mimikyu
|-damage|p2a: Mimikyu|0 fnt
|faint|p2a: Mimikyu
|
|upkeep
|
|t:|1779940225
|switch|p2a: Spidops|Spidops, F, shiny|94/100 tox
|-damage|p2a: Spidops|69/100 tox|[from] Spikes
|turn|9
|
|t:|1779940238
|move|p1a: Ogerpon|Ivy Cudgel|p2a: Spidops
|-resisted|p2a: Spidops
|-crit|p2a: Spidops
|-damage|p2a: Spidops|39/100 tox
|move|p2a: Spidops|Knock Off|p1a: Ogerpon
|-damage|p1a: Ogerpon|77/100
|-enditem|p1a: Ogerpon|Heavy-Duty Boots|[from] move: Knock Off|[of] p2a: Spidops
|
|-damage|p2a: Spidops|33/100 tox|[from] psn
|upkeep
|turn|10
|
|t:|1779940248
|move|p1a: Ogerpon|Ivy Cudgel|p2a: Spidops
|-resisted|p2a: Spidops
|-damage|p2a: Spidops|12/100 tox
|move|p2a: Spidops|Throat Chop|p1a: Ogerpon
|-damage|p1a: Ogerpon|57/100
|-start|p1a: Ogerpon|Throat Chop|[silent]
|
|-damage|p2a: Spidops|0 fnt|[from] psn
|faint|p2a: Spidops
|upkeep
|
|t:|1779940261
|switch|p2a: Dragapult|Dragapult, F|100/100
|-damage|p2a: Dragapult|76/100|[from] Spikes
|turn|11
|
|t:|1779940267
|move|p2a: Dragapult|Flamethrower|p1a: Ogerpon
|-supereffective|p1a: Ogerpon
|-crit|p1a: Ogerpon
|-damage|p1a: Ogerpon|0 fnt
|faint|p1a: Ogerpon
|-damage|p2a: Dragapult|66/100|[from] item: Life Orb
|
|upkeep
|
|t:|1779940271
|switch|p1a: Blissey|Blissey, F|100/100
|turn|12
|
|t:|1779940281
|move|p2a: Dragapult|U-turn|p1a: Blissey
|-damage|p1a: Blissey|70/100
|-damage|p2a: Dragapult|56/100|[from] item: Life Orb
|
|t:|1779940286
|switch|p2a: Gliscor|Gliscor, M|100/100|[from] U-turn
|move|p1a: Blissey|Stealth Rock|p2a: Gliscor
|-sidestart|p2: Junepie|move: Stealth Rock
|
|-status|p2a: Gliscor|tox|[from] item: Toxic Orb
|upkeep
|turn|13
|
|t:|1779940297
|move|p2a: Gliscor|Toxic|p1a: Blissey
|-status|p1a: Blissey|tox
|move|p1a: Blissey|Soft-Boiled|p1a: Blissey
|-heal|p1a: Blissey|100/100 tox
|
|-damage|p1a: Blissey|94/100 tox|[from] psn
|upkeep
|turn|14
|
|t:|1779940305
|-curestatus|p1a: Blissey|tox|[from] ability: Natural Cure|[silent]
|switch|p1a: Gliscor|Gliscor, F|86/100
|move|p2a: Gliscor|Substitute|p2a: Gliscor
|-start|p2a: Gliscor|Substitute
|-damage|p2a: Gliscor|76/100 tox
|
|-heal|p2a: Gliscor|88/100 tox|[from] ability: Poison Heal
|upkeep
|turn|15
|
|t:|1779940315
|switch|p1a: Pecharunt|Pecharunt|100/100
|-sideend|p1: npctypebeat|move: Toxic Spikes|[of] p1a: Pecharunt
|move|p2a: Gliscor|Toxic|p1a: Pecharunt
|-immune|p1a: Pecharunt
|
|-heal|p2a: Gliscor|100/100 tox|[from] ability: Poison Heal
|upkeep
|turn|16
|
|t:|1779940325
|move|p2a: Gliscor|Earthquake|p1a: Pecharunt
|-supereffective|p1a: Pecharunt
|-damage|p1a: Pecharunt|72/100
|move|p1a: Pecharunt|Foul Play|p2a: Gliscor
|-activate|p2a: Gliscor|move: Substitute|[damage]
|
|upkeep
|turn|17
|
|t:|1779940333
|switch|p1a: Gliscor|Gliscor, F|86/100
|move|p2a: Gliscor|Earthquake|p1a: Gliscor
|-immune|p1a: Gliscor
|
|upkeep
|turn|18
|
|t:|1779940341
|switch|p1a: Corviknight|Corviknight, F|100/100
|-ability|p1a: Corviknight|Pressure
|move|p2a: Gliscor|Toxic|p1a: Corviknight
|-immune|p1a: Corviknight
|
|upkeep
|turn|19
|-message|Junepie forfeited.
|
|win|npctypebeat
|raw|npctypebeat's rating: 1113 &rarr; <strong>1134</strong><br />(+21 for winning)
|raw|Junepie's rating: 1064 &rarr; <strong>1047</strong><br />(-17 for losing)
|l|☆Junepie
|player|p2|
|c|☆npctypebeat|gg
