|j|☆Computerzz
|j|☆beastmode200
|t:|1779859383
|gametype|singles
|player|p1|Computerzz|will|1424
|player|p2|beastmode200|pokemaniac|1397
|gen|9
|tier|[Gen 9] OU
|rated|
|rule|HP Percentage Mod: HP is shown in percentages
|rule|Endless Battle Clause: Forcing endless battles is banned
|rule|Species Clause: Limit one of each Pokémon
|rule|OHKO Clause: OHKO moves are banned
|rule|Evasion Items Clause: Evasion items are banned
|rule|Evasion Moves Clause: Evasion moves are banned
|rule|Evasion Abilities Clause: Evasion abilities are banned
|rule|Sleep Moves Clause: Sleep-inducing moves are banned
|clearpoke
|poke|p1|Weavile, M|
|poke|p1|Hatterene, F|
|poke|p1|Primarina, F|
|poke|p1|Moltres|
|poke|p1|Gholdengo|
|poke|p1|Great Tusk|
|poke|p2|Rillaboom, M|
|poke|p2|Ninetales, F|
|poke|p2|Heatran, F|
|poke|p2|Walking Wake|
|poke|p2|Great Tusk|
|poke|p2|Venusaur, M|
|teampreview
|inactive|Battle timer is ON: inactive players will automatically lose when time's up. (requested by Computerzz)
|
|t:|1779859419
|teamsize|p1|6
|teamsize|p2|6
|start
|switch|p1a: Oof|Weavile, M|100/100
|switch|p2a: Ninetales|Ninetales, F|100/100
|-weather|SunnyDay|[from] ability: Drought|[of] p2a: Ninetales
|turn|1
|
|t:|1779859438
|switch|p2a: Heatran|Heatran, F|100/100
|-terastallize|p1a: Oof|Dark
|move|p1a: Oof|Knock Off|p2a: Heatran
|-damage|p2a: Heatran|8/100
|-enditem|p2a: Heatran|Eject Pack|[from] move: Knock Off|[of] p1a: Oof
|
|-weather|SunnyDay|[upkeep]
|upkeep
|turn|2
|
|t:|1779859451
|move|p1a: Oof|Knock Off|p2a: Heatran
|-damage|p2a: Heatran|0 fnt
|faint|p2a: Heatran
|
|-weather|SunnyDay|[upkeep]
|upkeep
|
|t:|1779859461
|switch|p2a: Venusaur|Venusaur, M|100/100
|turn|3
|
|t:|1779859468
|-terastallize|p2a: Venusaur|Stellar
|move|p2a: Venusaur|Solar Beam||[still]
|-prepare|p2a: Venusaur|Solar Beam
|-anim|p2a: Venusaur|Solar Beam|p1a: Oof
|-damage|p1a: Oof|0 fnt
|faint|p1a: Oof
|-damage|p2a: Venusaur|91/100|[from] item: Life Orb
|
|-weather|SunnyDay|[upkeep]
|upkeep
|
|t:|1779859480
|switch|p1a: 30%|Moltres|100/100
|turn|4
|
|t:|1779859498
|switch|p2a: Walking Wake|Walking Wake|100/100
|-activate|p2a: Walking Wake|ability: Protosynthesis
|-start|p2a: Walking Wake|protosynthesisspe
|move|p1a: 30%|Flamethrower|p2a: Walking Wake
|-resisted|p2a: Walking Wake
|-damage|p2a: Walking Wake|83/100
|
|-weather|SunnyDay|[upkeep]
|upkeep
|turn|5
|
|t:|1779859518
|switch|p1a: Primarina|Primarina, F|100/100
|move|p2a: Walking Wake|Flip Turn|p1a: Primarina
|-resisted|p1a: Primarina
|-damage|p1a: Primarina|96/100
|
|t:|1779859525
|-end|p2a: Walking Wake|Protosynthesis|[silent]
|switch|p2a: Rillaboom|Rillaboom, M|100/100|[from] Flip Turn
|-fieldstart|move: Grassy Terrain|[from] ability: Grassy Surge|[of] p2a: Rillaboom
|
|-weather|SunnyDay|[upkeep]
|-heal|p1a: Primarina|100/100|[from] Grassy Terrain
|upkeep
|turn|6
|
|t:|1779859541
|switch|p1a: 30%|Moltres|100/100
|move|p2a: Rillaboom|Knock Off|p1a: 30%
|-damage|p1a: 30%|74/100
|-status|p2a: Rillaboom|brn|[from] ability: Flame Body|[of] p1a: 30%
|-enditem|p1a: 30%|Heavy-Duty Boots|[from] move: Knock Off|[of] p2a: Rillaboom
|
|-weather|SunnyDay|[upkeep]
|-damage|p2a: Rillaboom|94/100 brn|[from] brn
|upkeep
|turn|7
|inactive|beastmode200 has 120 seconds left.
|
|t:|1779859556
|switch|p2a: Walking Wake|Walking Wake|83/100
|-activate|p2a: Walking Wake|ability: Protosynthesis
|-start|p2a: Walking Wake|protosynthesisspe
|move|p1a: 30%|U-turn|p2a: Walking Wake
|-damage|p2a: Walking Wake|67/100
|
|t:|1779859562
|switch|p1a: Primarina|Primarina, F|100/100|[from] U-turn
|
|-weather|SunnyDay|[upkeep]
|-heal|p2a: Walking Wake|73/100|[from] Grassy Terrain
|upkeep
|turn|8
|
|t:|1779859576
|-end|p2a: Walking Wake|Protosynthesis|[silent]
|switch|p2a: Rillaboom|Rillaboom, M|94/100 brn
|move|p1a: Primarina|Moonblast|p2a: Rillaboom
|-damage|p2a: Rillaboom|27/100 brn
|
|-weather|none
|-heal|p2a: Rillaboom|33/100 brn|[from] Grassy Terrain
|-damage|p2a: Rillaboom|27/100 brn|[from] brn
|upkeep
|turn|9
|inactive|beastmode200 has 120 seconds left.
|
|t:|1779859603
|switch|p1a: 30%|Moltres|74/100
|move|p2a: Rillaboom|U-turn|p1a: 30%
|-resisted|p1a: 30%
|-damage|p1a: 30%|72/100
|
|t:|1779859611
|switch|p2a: Ninetales|Ninetales, F|100/100|[from] U-turn
|-weather|SunnyDay|[from] ability: Drought|[of] p2a: Ninetales
|
|-weather|SunnyDay|[upkeep]
|upkeep
|turn|10
|inactive|beastmode200 has 120 seconds left.
|inactive|Computerzz has 120 seconds left.
|inactive|beastmode200 has 90 seconds left.
|
|t:|1779859662
|switch|p2a: Rillaboom|Rillaboom, M|27/100 brn
|move|p1a: 30%|Flamethrower|p2a: Rillaboom
|-supereffective|p2a: Rillaboom
|-damage|p2a: Rillaboom|0 fnt
|faint|p2a: Rillaboom
|
|-weather|SunnyDay|[upkeep]
|upkeep
|
|t:|1779859667
|switch|p2a: Venusaur|Venusaur, M, tera:Stellar|91/100
|turn|11
|
|t:|1779859674
|move|p2a: Venusaur|Sludge Bomb|p1a: 30%
|-damage|p1a: 30%|1/100
|-damage|p2a: Venusaur|81/100|[from] item: Life Orb
|move|p1a: 30%|Flamethrower|p2a: Venusaur
|-supereffective|p2a: Venusaur
|-damage|p2a: Venusaur|0 fnt
|faint|p2a: Venusaur
|
|-weather|SunnyDay|[upkeep]
|upkeep
|
|t:|1779859684
|switch|p2a: Walking Wake|Walking Wake|73/100
|-activate|p2a: Walking Wake|ability: Protosynthesis
|-start|p2a: Walking Wake|protosynthesisspe
|turn|12
|inactive|Computerzz has 120 seconds left.
|inactive|Computerzz has 90 seconds left.
|
|t:|1779859732
|move|p2a: Walking Wake|Hydro Steam|p1a: 30%
|-supereffective|p1a: 30%
|-damage|p1a: 30%|0 fnt
|faint|p1a: 30%
|
|-weather|SunnyDay|[upkeep]
|-heal|p2a: Walking Wake|79/100|[from] Grassy Terrain
|-fieldend|move: Grassy Terrain
|upkeep
|
|t:|1779859735
|switch|p1a: Primarina|Primarina, F|100/100
|turn|13
|inactive|beastmode200 has 90 seconds left.
|
|t:|1779859750
|-end|p2a: Walking Wake|Protosynthesis|[silent]
|switch|p2a: Ninetales|Ninetales, F|100/100
|move|p1a: Primarina|Moonblast|p2a: Ninetales
|-resisted|p2a: Ninetales
|-damage|p2a: Ninetales|72/100
|-unboost|p2a: Ninetales|spa|1
|
|-weather|SunnyDay|[upkeep]
|upkeep
|turn|14
|inactive|beastmode200 has 90 seconds left.
|
|t:|1779859758
|switch|p1a: Hatterene|Hatterene, F|100/100
|move|p2a: Ninetales|Encore|p1a: Hatterene
|move|p1a: Hatterene|Encore||[from] ability: Magic Bounce|[still]
|-fail|p1a: Hatterene
|
|-weather|SunnyDay|[upkeep]
|upkeep
|turn|15
|inactive|beastmode200 has 90 seconds left.
|
|t:|1779859773
|move|p2a: Ninetales|Overheat|p1a: Hatterene
|-damage|p1a: Hatterene|57/100
|-unboost|p2a: Ninetales|spa|2
|move|p1a: Hatterene|Psyshock|p2a: Ninetales
|-damage|p2a: Ninetales|26/100
|
|-weather|SunnyDay|[upkeep]
|-heal|p1a: Hatterene|63/100|[from] item: Leftovers
|upkeep
|turn|16
|
|t:|1779859779
|move|p2a: Ninetales|Overheat|p1a: Hatterene
|-damage|p1a: Hatterene|38/100
|-unboost|p2a: Ninetales|spa|2
|move|p1a: Hatterene|Draining Kiss|p2a: Ninetales
|-resisted|p2a: Ninetales
|-damage|p2a: Ninetales|16/100
|-heal|p1a: Hatterene|47/100|[from] drain|[of] p2a: Ninetales
|
|-weather|none
|-heal|p1a: Hatterene|53/100|[from] item: Leftovers
|upkeep
|turn|17
|
|t:|1779859792
|switch|p2a: Great Tusk|Great Tusk|100/100
|move|p1a: Hatterene|Draining Kiss|p2a: Great Tusk
|-supereffective|p2a: Great Tusk
|-damage|p2a: Great Tusk|32/100
|-heal|p1a: Hatterene|100/100|[from] drain|[of] p2a: Great Tusk
|-damage|p1a: Hatterene|84/100|[from] item: Rocky Helmet|[of] p2a: Great Tusk
|
|-heal|p1a: Hatterene|90/100|[from] item: Leftovers
|upkeep
|turn|18
|
|t:|1779859800
|-end|p2a: Great Tusk|Protosynthesis|[silent]
|switch|p2a: Ninetales|Ninetales, F|16/100
|-weather|SunnyDay|[from] ability: Drought|[of] p2a: Ninetales
|move|p1a: Hatterene|Draining Kiss|p2a: Ninetales
|-resisted|p2a: Ninetales
|-damage|p2a: Ninetales|5/100
|-heal|p1a: Hatterene|98/100|[from] drain|[of] p2a: Ninetales
|
|-weather|SunnyDay|[upkeep]
|-heal|p1a: Hatterene|100/100|[from] item: Leftovers
|upkeep
|turn|19
|
|t:|1779859810
|switch|p1a: Primarina|Primarina, F|100/100
|move|p2a: Ninetales|Overheat|p1a: Primarina
|-resisted|p1a: Primarina
|-damage|p1a: Primarina|83/100
|-unboost|p2a: Ninetales|spa|2
|
|-weather|SunnyDay|[upkeep]
|upkeep
|turn|20
|
|t:|1779859818
|move|p2a: Ninetales|Overheat|p1a: Primarina
|-resisted|p1a: Primarina
|-damage|p1a: Primarina|76/100
|-unboost|p2a: Ninetales|spa|2
|move|p1a: Primarina|Moonblast|p2a: Ninetales
|-resisted|p2a: Ninetales
|-damage|p2a: Ninetales|0 fnt
|faint|p2a: Ninetales
|
|-weather|SunnyDay|[upkeep]
|upkeep
|
|t:|1779859830
|switch|p2a: Great Tusk|Great Tusk|32/100
|-activate|p2a: Great Tusk|ability: Protosynthesis
|-start|p2a: Great Tusk|protosynthesisatk
|turn|21
|
|t:|1779859835
|move|p2a: Great Tusk|Headlong Rush|p1a: Primarina
|-damage|p1a: Primarina|0 fnt
|-unboost|p2a: Great Tusk|def|1
|-unboost|p2a: Great Tusk|spd|1
|faint|p1a: Primarina
|
|-weather|SunnyDay|[upkeep]
|upkeep
|
|t:|1779859840
|switch|p1a: Great Bust|Great Tusk, shiny|100/100
|-activate|p1a: Great Bust|ability: Protosynthesis
|-start|p1a: Great Bust|protosynthesisdef
|turn|22
|
|t:|1779859848
|move|p2a: Great Tusk|Headlong Rush|p1a: Great Bust
|-damage|p1a: Great Bust|72/100
|-unboost|p2a: Great Tusk|def|1
|-unboost|p2a: Great Tusk|spd|1
|move|p1a: Great Bust|Headlong Rush|p2a: Great Tusk
|-damage|p2a: Great Tusk|0 fnt
|-unboost|p1a: Great Bust|def|1
|-unboost|p1a: Great Bust|spd|1
|-damage|p1a: Great Bust|55/100|[from] item: Rocky Helmet|[of] p2a: Great Tusk
|faint|p2a: Great Tusk
|-end|p2a: Great Tusk|Protosynthesis|[silent]
|
|-weather|SunnyDay|[upkeep]
|upkeep
|
|t:|1779859855
|switch|p2a: Walking Wake|Walking Wake|79/100
|-activate|p2a: Walking Wake|ability: Protosynthesis
|-start|p2a: Walking Wake|protosynthesisspe
|turn|23
|
|t:|1779859865
|move|p2a: Walking Wake|Hydro Steam|p1a: Great Bust
|-supereffective|p1a: Great Bust
|-damage|p1a: Great Bust|0 fnt
|faint|p1a: Great Bust
|-end|p1a: Great Bust|Protosynthesis|[silent]
|
|-weather|SunnyDay|[upkeep]
|upkeep
|
|t:|1779859870
|switch|p1a: Gholdengo|Gholdengo, shiny|100/100
|turn|24
|
|t:|1779859875
|move|p2a: Walking Wake|Hydro Steam|p1a: Gholdengo
|-damage|p1a: Gholdengo|0 fnt
|faint|p1a: Gholdengo
|
|-weather|SunnyDay|[upkeep]
|upkeep
|
|t:|1779859880
|switch|p1a: Hatterene|Hatterene, F|100/100
|turn|25
|
|t:|1779859885
|move|p2a: Walking Wake|Hydro Steam|p1a: Hatterene
|-damage|p1a: Hatterene|6/100
|move|p1a: Hatterene|Draining Kiss|p2a: Walking Wake
|-supereffective|p2a: Walking Wake
|-crit|p2a: Walking Wake
|-damage|p2a: Walking Wake|0 fnt
|-heal|p1a: Hatterene|69/100|[from] drain|[of] p2a: Walking Wake
|faint|p2a: Walking Wake
|-end|p2a: Walking Wake|Protosynthesis|[silent]
|
|win|Computerzz
|raw|Computerzz's rating: 1424 &rarr; <strong>1442</strong><br />(+18 for winning)
|raw|beastmode200's rating: 1397 &rarr; <strong>1379</strong><br />(-18 for losing)
|l|☆Computerzz
|player|p1|
|l|☆beastmode200
|player|p2|
