|j|☆DemonicPath
|j|‽LLCDoubleOG
|t:|1779944395
|gametype|singles
|player|p1|DemonicPath|steven|1118
|player|p2|LLCDoubleOG|dancer|1156
|gen|9
|tier|[Gen 9] OU
|rated|
|rule|HP Percentage Mod: HP is shown in percentages
|rule|Endless Battle Clause: Forcing endless battles is banned
|rule|Species Clause: Limit one of each Pokémon
|rule|OHKO Clause: OHKO moves are banned
|rule|Evasion Items Clause: Evasion items are banned
|rule|Evasion Moves Clause: Evasion moves are banned
|rule|Evasion Abilities Clause: Evasion abilities are banned
|rule|Sleep Moves Clause: Sleep-inducing moves are banned
|clearpoke
|poke|p1|Dragonite, M|
|poke|p1|Gholdengo|
|poke|p1|Iron Treads|
|poke|p1|Quaquaval, F|
|poke|p1|Slowking-Galar, F|
|poke|p1|Ting-Lu|
|poke|p2|Heatran, F|
|poke|p2|Samurott-Hisui, F|
|poke|p2|Gliscor, F|
|poke|p2|Zoroark-Hisui, F|
|poke|p2|Hoopa-Unbound|
|poke|p2|Clefable, F|
|teampreview
|inactive|Battle timer is ON: inactive players will automatically lose when time's up. (requested by DemonicPath)
|inactive|LLCDoubleOG has 120 seconds left.
|
|t:|1779944462
|teamsize|p1|6
|teamsize|p2|6
|start
|switch|p1a: Quaquaval|Quaquaval, F|100/100
|switch|p2a: Hoopa|Hoopa-Unbound|100/100
|turn|1
|
|t:|1779944469
|move|p2a: Hoopa|Zen Headbutt|p1a: Quaquaval
|-supereffective|p1a: Quaquaval
|-damage|p1a: Quaquaval|0 fnt
|faint|p1a: Quaquaval
|
|upkeep
|
|t:|1779944476
|switch|p1a: Iron Treads|Iron Treads|100/100
|turn|2
|
|t:|1779944478
|switch|p2a: Gliscor|Gliscor, F|100/100
|move|p1a: Iron Treads|Stealth Rock|p2a: Gliscor
|-sidestart|p2: LLCDoubleOG|move: Stealth Rock
|
|upkeep
|turn|3
|
|t:|1779944481
|move|p2a: Gliscor|Will-O-Wisp|p1a: Iron Treads
|-status|p1a: Iron Treads|brn
|move|p1a: Iron Treads|Knock Off|p2a: Gliscor
|-supereffective|p2a: Gliscor
|-crit|p2a: Gliscor
|-damage|p2a: Gliscor|4/100
|replace|p2a: Zoroark|Zoroark-Hisui, F, shiny
|-end|p2a: Zoroark|Illusion
|-enditem|p2a: Zoroark|Choice Specs|[from] move: Knock Off|[of] p1a: Iron Treads
|
|-damage|p1a: Iron Treads|94/100 brn|[from] brn
|upkeep
|turn|4
|
|t:|1779944485
|move|p2a: Zoroark|Shadow Ball|p1a: Iron Treads
|-damage|p1a: Iron Treads|40/100 brn
|move|p1a: Iron Treads|Knock Off|p2a: Zoroark
|-supereffective|p2a: Zoroark
|-damage|p2a: Zoroark|0 fnt
|faint|p2a: Zoroark
|
|-heal|p1a: Iron Treads|46/100 brn|[from] item: Leftovers
|-damage|p1a: Iron Treads|40/100 brn|[from] brn
|upkeep
|
|t:|1779944493
|switch|p2a: Samurott|Samurott-Hisui, F, shiny|100/100
|turn|5
|
|t:|1779944502
|move|p1a: Iron Treads|Earthquake|p2a: Samurott
|-damage|p2a: Samurott|70/100
|move|p2a: Samurott|Swords Dance|p2a: Samurott
|-boost|p2a: Samurott|atk|2
|
|-heal|p1a: Iron Treads|46/100 brn|[from] item: Leftovers
|-damage|p1a: Iron Treads|40/100 brn|[from] brn
|upkeep
|turn|6
|
|t:|1779944505
|move|p1a: Iron Treads|Earthquake|p2a: Samurott
|-damage|p2a: Samurott|37/100
|move|p2a: Samurott|Ceaseless Edge|p1a: Iron Treads
|-damage|p1a: Iron Treads|0 fnt
|-sidestart|p1: DemonicPath|Spikes
|faint|p1a: Iron Treads
|-end|p1a: Iron Treads|Quark Drive|[silent]
|
|upkeep
|
|t:|1779944510
|switch|p1a: Gholdengo|Gholdengo|100/100
|-damage|p1a: Gholdengo|88/100|[from] Spikes
|turn|7
|
|t:|1779944514
|move|p2a: Samurott|Sucker Punch|p1a: Gholdengo
|-supereffective|p1a: Gholdengo
|-damage|p1a: Gholdengo|0 fnt
|faint|p1a: Gholdengo
|
|upkeep
|
|t:|1779944520
|switch|p1a: Ting-Lu|Ting-Lu|100/100
|-damage|p1a: Ting-Lu|88/100|[from] Spikes
|-ability|p1a: Ting-Lu|Vessel of Ruin
|turn|8
|
|t:|1779944523
|move|p2a: Samurott|Aqua Cutter|p1a: Ting-Lu
|-supereffective|p1a: Ting-Lu
|-damage|p1a: Ting-Lu|0 fnt
|faint|p1a: Ting-Lu
|
|upkeep
|
|t:|1779944526
|switch|p1a: Dragonite|Dragonite, M|100/100
|turn|9
|
|t:|1779944529
|move|p2a: Samurott|Ceaseless Edge|p1a: Dragonite
|-damage|p1a: Dragonite|57/100
|-sidestart|p1: DemonicPath|Spikes
|move|p1a: Dragonite|Dragon Dance|p1a: Dragonite
|-boost|p1a: Dragonite|atk|1
|-boost|p1a: Dragonite|spe|1
|
|upkeep
|turn|10
|
|t:|1779944532
|move|p1a: Dragonite|Extreme Speed|p2a: Samurott
|-damage|p2a: Samurott|0 fnt
|faint|p2a: Samurott
|
|upkeep
|
|t:|1779944537
|switch|p2a: Clefable|Clefable, F|100/100
|turn|11
|
|t:|1779944541
|-terastallize|p1a: Dragonite|Normal
|move|p1a: Dragonite|Extreme Speed|p2a: Clefable
|-damage|p2a: Clefable|54/100
|move|p2a: Clefable|Moonblast|p1a: Dragonite
|-crit|p1a: Dragonite
|-damage|p1a: Dragonite|0 fnt
|faint|p1a: Dragonite
|
|upkeep
|
|t:|1779944545
|switch|p1a: Slowking|Slowking-Galar, F|100/100
|-damage|p1a: Slowking|84/100|[from] Spikes
|turn|12
|
|t:|1779944548
|switch|p2a: Gliscor|Gliscor, F|100/100
|-damage|p2a: Gliscor|88/100|[from] Stealth Rock
|move|p1a: Slowking|Sludge Bomb|p2a: Gliscor
|-resisted|p2a: Gliscor
|-damage|p2a: Gliscor|67/100
|-status|p2a: Gliscor|psn
|
|-heal|p2a: Gliscor|80/100 psn|[from] ability: Poison Heal
|upkeep
|turn|13
|
|t:|1779944552
|move|p2a: Gliscor|Earthquake|p1a: Slowking
|-supereffective|p1a: Slowking
|-enditem|p1a: Slowking|Shuca Berry|[eat]
|-enditem|p1a: Slowking|Shuca Berry|[weaken]
|-damage|p1a: Slowking|56/100
|move|p1a: Slowking|Ice Beam|p2a: Gliscor
|-supereffective|p2a: Gliscor
|-damage|p2a: Gliscor|0 fnt
|faint|p2a: Gliscor
|
|upkeep
|
|t:|1779944555
|switch|p2a: Hoopa|Hoopa-Unbound|100/100
|-damage|p2a: Hoopa|88/100|[from] Stealth Rock
|turn|14
|
|t:|1779944558
|move|p2a: Hoopa|Knock Off|p1a: Slowking
|-supereffective|p1a: Slowking
|-damage|p1a: Slowking|1/100
|move|p1a: Slowking|Sludge Bomb|p2a: Hoopa
|-damage|p2a: Hoopa|59/100
|
|upkeep
|turn|15
|
|t:|1779944561
|move|p2a: Hoopa|Knock Off|p1a: Slowking
|-supereffective|p1a: Slowking
|-damage|p1a: Slowking|0 fnt
|faint|p1a: Slowking
|
|win|LLCDoubleOG
|raw|DemonicPath's rating: 1118 &rarr; <strong>1096</strong><br />(-22 for losing)
|raw|LLCDoubleOG's rating: 1156 &rarr; <strong>1178</strong><br />(+22 for winning)
