|j|☆tecerdo
|j|☆juiicychiller
|t:|1779951424
|gametype|singles
|player|p1|tecerdo|gentleman-gen4dp|1500
|player|p2|juiicychiller|clerk|1603
|gen|9
|tier|[Gen 9] OU
|rated|
|rule|HP Percentage Mod: HP is shown in percentages
|rule|Endless Battle Clause: Forcing endless battles is banned
|rule|Species Clause: Limit one of each Pokémon
|rule|OHKO Clause: OHKO moves are banned
|rule|Evasion Items Clause: Evasion items are banned
|rule|Evasion Moves Clause: Evasion moves are banned
|rule|Evasion Abilities Clause: Evasion abilities are banned
|rule|Sleep Moves Clause: Sleep-inducing moves are banned
|clearpoke
|poke|p1|Pelipper, M|
|poke|p1|Beartic, M|
|poke|p1|Barraskewda, M|
|poke|p1|Bellibolt, M|
|poke|p1|Toxicroak, F|
|poke|p1|Iron Treads|
|poke|p2|Slowking-Galar, F|
|poke|p2|Kyurem|
|poke|p2|Zapdos|
|poke|p2|Great Tusk|
|poke|p2|Cinderace, M|
|poke|p2|Kingambit, F|
|teampreview
|inactive|Battle timer is ON: inactive players will automatically lose when time's up. (requested by juiicychiller)
|
|t:|1779951443
|teamsize|p1|6
|teamsize|p2|6
|start
|switch|p1a: Iron Treads|Iron Treads|100/100
|switch|p2a: Slowking|Slowking-Galar, F|100/100
|turn|1
|
|t:|1779951449
|switch|p2a: Great Tusk|Great Tusk|100/100
|move|p1a: Iron Treads|Earthquake|p2a: Great Tusk
|-damage|p2a: Great Tusk|74/100
|
|-heal|p2a: Great Tusk|81/100|[from] item: Leftovers
|upkeep
|turn|2
|
|t:|1779951453
|-end|p1a: Iron Treads|Quark Drive|[silent]
|switch|p1a: Pelipper|Pelipper, M|100/100
|-weather|RainDance|[from] ability: Drizzle|[of] p1a: Pelipper
|-end|p2a: Great Tusk|Protosynthesis|[silent]
|switch|p2a: Slowking|Slowking-Galar, F|100/100
|
|-weather|RainDance|[upkeep]
|upkeep
|turn|3
|
|t:|1779951460
|move|p1a: Pelipper|U-turn|p2a: Slowking
|-damage|p2a: Slowking|91/100
|
|t:|1779951473
|switch|p1a: Iron Treads|Iron Treads|100/100|[from] U-turn
|-prepare|p2a: Slowking|Chilly Reception|[premajor]
|move|p2a: Slowking|Chilly Reception|p2a: Slowking
|-weather|Snowscape
|
|t:|1779951477
|switch|p2a: blizzy|Kyurem|100/100|[from] Chilly Reception
|-ability|p2a: blizzy|Pressure
|
|-weather|Snowscape|[upkeep]
|upkeep
|turn|4
|
|t:|1779951483
|move|p1a: Iron Treads|Earthquake|p2a: blizzy
|-damage|p2a: blizzy|76/100
|move|p2a: blizzy|Blizzard|p1a: Iron Treads
|-damage|p1a: Iron Treads|5/100
|
|-weather|Snowscape|[upkeep]
|upkeep
|turn|5
|
|t:|1779951494
|switch|p2a: Zapdos|Zapdos|100/100
|move|p1a: Iron Treads|Knock Off|p2a: Zapdos
|-crit|p2a: Zapdos
|-damage|p2a: Zapdos|73/100
|-damage|p1a: Iron Treads|0 fnt|[from] item: Rocky Helmet|[of] p2a: Zapdos
|faint|p1a: Iron Treads
|-end|p1a: Iron Treads|Quark Drive|[silent]
|
|-weather|Snowscape|[upkeep]
|upkeep
|
|t:|1779951502
|switch|p1a: Bellibolt|Bellibolt, M|100/100
|turn|6
|
|t:|1779951507
|move|p2a: Zapdos|Volt Switch|p1a: Bellibolt
|-resisted|p1a: Bellibolt
|-damage|p1a: Bellibolt|93/100
|-start|p1a: Bellibolt|Charge|Volt Switch|[from] ability: Electromorphosis
|
|t:|1779951510
|switch|p2a: Slowking|Slowking-Galar, F|100/100|[from] Volt Switch
|move|p1a: Bellibolt|Weather Ball|p2a: Slowking
|-damage|p2a: Slowking|81/100
|
|-weather|Snowscape|[upkeep]
|upkeep
|turn|7
|
|t:|1779951516
|move|p1a: Bellibolt|Volt Switch|p2a: Slowking
|-damage|p2a: Slowking|44/100
|-end|p1a: Bellibolt|Charge|[silent]
|
|t:|1779951519
|switch|p1a: Pelipper|Pelipper, M|100/100|[from] Volt Switch
|-weather|RainDance|[from] ability: Drizzle|[of] p1a: Pelipper
|-prepare|p2a: Slowking|Chilly Reception|[premajor]
|move|p2a: Slowking|Chilly Reception|p2a: Slowking
|-weather|Snowscape
|
|t:|1779951524
|switch|p2a: blizzy|Kyurem|76/100|[from] Chilly Reception
|-ability|p2a: blizzy|Pressure
|
|-weather|Snowscape|[upkeep]
|upkeep
|turn|8
|
|t:|1779951529
|switch|p1a: Beartic|Beartic, M|100/100
|move|p2a: blizzy|Blizzard|p1a: Beartic
|-resisted|p1a: Beartic
|-damage|p1a: Beartic|48/100
|
|-weather|Snowscape|[upkeep]
|upkeep
|turn|9
|
|t:|1779951534
|move|p2a: blizzy|Blizzard|p1a: Beartic
|-resisted|p1a: Beartic
|-damage|p1a: Beartic|0 fnt
|faint|p1a: Beartic
|
|-weather|Snowscape|[upkeep]
|upkeep
|
|t:|1779951538
|switch|p1a: Pelipper|Pelipper, M|100/100
|-weather|RainDance|[from] ability: Drizzle|[of] p1a: Pelipper
|turn|10
|
|t:|1779951545
|move|p2a: blizzy|Blizzard|p1a: Pelipper|[miss]
|-miss|p2a: blizzy|p1a: Pelipper
|move|p1a: Pelipper|U-turn|p2a: blizzy
|-damage|p2a: blizzy|68/100
|
|t:|1779951548
|switch|p1a: Barraskewda|Barraskewda, M|100/100|[from] U-turn
|
|-weather|RainDance|[upkeep]
|upkeep
|turn|11
|
|t:|1779951555
|switch|p2a: Zapdos|Zapdos|73/100
|move|p1a: Barraskewda|Close Combat|p2a: Zapdos
|-resisted|p2a: Zapdos
|-damage|p2a: Zapdos|49/100
|-unboost|p1a: Barraskewda|def|1
|-unboost|p1a: Barraskewda|spd|1
|-damage|p1a: Barraskewda|84/100|[from] item: Rocky Helmet|[of] p2a: Zapdos
|-status|p1a: Barraskewda|par|[from] ability: Static|[of] p2a: Zapdos
|
|-weather|RainDance|[upkeep]
|upkeep
|turn|12
|
|t:|1779951560
|switch|p1a: Bellibolt|Bellibolt, M|93/100
|move|p2a: Zapdos|Roost|p2a: Zapdos
|-heal|p2a: Zapdos|99/100
|-singleturn|p2a: Zapdos|move: Roost
|
|-weather|RainDance|[upkeep]
|upkeep
|turn|13
|
|t:|1779951567
|move|p2a: Zapdos|Volt Switch|p1a: Bellibolt
|-resisted|p1a: Bellibolt
|-crit|p1a: Bellibolt
|-damage|p1a: Bellibolt|81/100
|-start|p1a: Bellibolt|Charge|Volt Switch|[from] ability: Electromorphosis
|
|t:|1779951571
|switch|p2a: Great Tusk|Great Tusk|81/100|[from] Volt Switch
|move|p1a: Bellibolt|Volt Switch|p2a: Great Tusk
|-immune|p2a: Great Tusk
|-end|p1a: Bellibolt|Charge|[silent]
|
|-weather|RainDance|[upkeep]
|-heal|p2a: Great Tusk|87/100|[from] item: Leftovers
|upkeep
|turn|14
|
|t:|1779951575
|-end|p2a: Great Tusk|Protosynthesis|[silent]
|switch|p2a: Slowking|Slowking-Galar, F|78/100
|move|p1a: Bellibolt|Weather Ball|p2a: Slowking
|-damage|p2a: Slowking|49/100
|
|-weather|RainDance|[upkeep]
|upkeep
|turn|15
|
|t:|1779951579
|move|p1a: Bellibolt|Thunder|p2a: Slowking
|-damage|p2a: Slowking|16/100
|-prepare|p2a: Slowking|Chilly Reception|[premajor]
|move|p2a: Slowking|Chilly Reception|p2a: Slowking
|-weather|Snowscape
|
|t:|1779951587
|switch|p2a: blizzy|Kyurem|68/100|[from] Chilly Reception
|-ability|p2a: blizzy|Pressure
|
|-weather|Snowscape|[upkeep]
|upkeep
|turn|16
|
|t:|1779951594
|switch|p1a: Pelipper|Pelipper, M|100/100
|-weather|RainDance|[from] ability: Drizzle|[of] p1a: Pelipper
|move|p2a: blizzy|Ice Beam|p1a: Pelipper
|-damage|p1a: Pelipper|0 fnt
|faint|p1a: Pelipper
|
|-weather|RainDance|[upkeep]
|upkeep
|
|t:|1779951599
|switch|p1a: Barraskewda|Barraskewda, M|84/100 par
|turn|17
|
|t:|1779951605
|switch|p2a: Zapdos|Zapdos|99/100
|move|p1a: Barraskewda|Liquidation|p2a: Zapdos
|-damage|p2a: Zapdos|22/100
|-damage|p1a: Barraskewda|68/100 par|[from] item: Rocky Helmet|[of] p2a: Zapdos
|
|-weather|RainDance|[upkeep]
|upkeep
|turn|18
|
|t:|1779951611
|cant|p1a: Barraskewda|par
|move|p2a: Zapdos|Roost|p2a: Zapdos
|-heal|p2a: Zapdos|72/100
|-singleturn|p2a: Zapdos|move: Roost
|
|-weather|RainDance|[upkeep]
|upkeep
|turn|19
|
|t:|1779951615
|move|p1a: Barraskewda|Liquidation|p2a: Zapdos
|-damage|p2a: Zapdos|0 fnt
|-damage|p1a: Barraskewda|51/100 par|[from] item: Rocky Helmet|[of] p2a: Zapdos
|faint|p2a: Zapdos
|
|-weather|RainDance|[upkeep]
|upkeep
|
|t:|1779951619
|switch|p2a: blizzy|Kyurem|68/100
|-ability|p2a: blizzy|Pressure
|turn|20
|
|t:|1779951623
|move|p1a: Barraskewda|Liquidation|p2a: blizzy
|-resisted|p2a: blizzy
|-damage|p2a: blizzy|17/100
|move|p2a: blizzy|Freeze-Dry|p1a: Barraskewda
|-supereffective|p1a: Barraskewda
|-damage|p1a: Barraskewda|0 fnt
|faint|p1a: Barraskewda
|
|-weather|RainDance|[upkeep]
|upkeep
|
|t:|1779951626
|switch|p1a: Bellibolt|Bellibolt, M|81/100
|turn|21
|
|t:|1779951632
|move|p2a: blizzy|Freeze-Dry|p1a: Bellibolt
|-damage|p1a: Bellibolt|50/100
|-start|p1a: Bellibolt|Charge|Freeze-Dry|[from] ability: Electromorphosis
|move|p1a: Bellibolt|Volt Switch|p2a: blizzy
|-resisted|p2a: blizzy
|-damage|p2a: blizzy|0 fnt
|faint|p2a: blizzy
|-end|p1a: Bellibolt|Charge|[silent]
|
|t:|1779951634
|switch|p1a: Toxicroak|Toxicroak, F|100/100|[from] Volt Switch
|
|-weather|RainDance|[upkeep]
|upkeep
|
|t:|1779951638
|switch|p2a: Great Tusk|Great Tusk|87/100
|turn|22
|
|t:|1779951642
|-terastallize|p1a: Toxicroak|Ghost
|move|p2a: Great Tusk|Headlong Rush|p1a: Toxicroak
|-damage|p1a: Toxicroak|46/100
|-unboost|p2a: Great Tusk|def|1
|-unboost|p2a: Great Tusk|spd|1
|-damage|p2a: Great Tusk|70/100|[from] item: Rocky Helmet|[of] p1a: Toxicroak
|move|p1a: Toxicroak|Toxic|p2a: Great Tusk
|-status|p2a: Great Tusk|tox
|
|-weather|RainDance|[upkeep]
|-heal|p1a: Toxicroak|58/100|[from] ability: Dry Skin
|-heal|p2a: Great Tusk|77/100 tox|[from] item: Leftovers
|-damage|p2a: Great Tusk|70/100 tox|[from] psn
|upkeep
|turn|23
|
|t:|1779951648
|move|p2a: Great Tusk|Headlong Rush|p1a: Toxicroak
|-damage|p1a: Toxicroak|1/100
|-unboost|p2a: Great Tusk|def|1
|-unboost|p2a: Great Tusk|spd|1
|-damage|p2a: Great Tusk|54/100 tox|[from] item: Rocky Helmet|[of] p1a: Toxicroak
|move|p1a: Toxicroak|Drain Punch|p2a: Great Tusk
|-damage|p2a: Great Tusk|17/100 tox
|-heal|p1a: Toxicroak|20/100|[from] drain|[of] p2a: Great Tusk
|
|-weather|none
|-heal|p2a: Great Tusk|23/100 tox|[from] item: Leftovers
|-damage|p2a: Great Tusk|10/100 tox|[from] psn
|upkeep
|turn|24
|
|t:|1779951654
|move|p2a: Great Tusk|Headlong Rush|p1a: Toxicroak
|-damage|p1a: Toxicroak|0 fnt
|-unboost|p2a: Great Tusk|def|1
|-unboost|p2a: Great Tusk|spd|1
|-damage|p2a: Great Tusk|0 fnt|[from] item: Rocky Helmet|[of] p1a: Toxicroak
|faint|p1a: Toxicroak
|faint|p2a: Great Tusk
|-end|p2a: Great Tusk|Protosynthesis|[silent]
|
|upkeep
|
|t:|1779951658
|switch|p2a: Slowking|Slowking-Galar, F|50/100
|switch|p1a: Bellibolt|Bellibolt, M|50/100
|turn|25
|
|t:|1779951661
|move|p1a: Bellibolt|Parabolic Charge|p2a: Slowking
|-crit|p2a: Slowking
|-damage|p2a: Slowking|21/100
|-heal|p1a: Bellibolt|65/100|[from] drain|[of] p2a: Slowking
|move|p2a: Slowking|Future Sight|p1a: Bellibolt
|-start|p2a: Slowking|move: Future Sight
|
|upkeep
|turn|26
|
|t:|1779951666
|move|p1a: Bellibolt|Parabolic Charge|p2a: Slowking
|-damage|p2a: Slowking|3/100
|-heal|p1a: Bellibolt|75/100|[from] drain|[of] p2a: Slowking
|-prepare|p2a: Slowking|Chilly Reception|[premajor]
|move|p2a: Slowking|Chilly Reception|p2a: Slowking
|-weather|Snowscape
|
|t:|1779951672
|switch|p2a: Cinderace|Cinderace, M|100/100|[from] Chilly Reception
|
|-weather|Snowscape|[upkeep]
|upkeep
|turn|27
|
|t:|1779951676
|move|p2a: Cinderace|Pyro Ball|p1a: Bellibolt
|-damage|p1a: Bellibolt|30/100
|-start|p1a: Bellibolt|Charge|Pyro Ball|[from] ability: Electromorphosis
|move|p1a: Bellibolt|Parabolic Charge|p2a: Cinderace
|-damage|p2a: Cinderace|25/100
|-heal|p1a: Bellibolt|66/100|[from] drain|[of] p2a: Cinderace
|-end|p1a: Bellibolt|Charge|[silent]
|
|-weather|Snowscape|[upkeep]
|-end|p1a: Bellibolt|move: Future Sight
|-damage|p1a: Bellibolt|41/100
|-start|p1a: Bellibolt|Charge|Future Sight|[from] ability: Electromorphosis
|upkeep
|turn|28
|
|t:|1779951679
|move|p2a: Cinderace|Pyro Ball|p1a: Bellibolt
|-damage|p1a: Bellibolt|0 fnt
|faint|p1a: Bellibolt
|
|win|juiicychiller
|raw|tecerdo's rating: 1500 &rarr; <strong>1486</strong><br />(-14 for losing)
|raw|juiicychiller's rating: 1603 &rarr; <strong>1617</strong><br />(+14 for winning)
|l|☆juiicychiller
|player|p2|
|l|☆tecerdo
|player|p1|
