|j|☆Scce
|j|☆clouddaearth
|t:|1779840280
|gametype|singles
|player|p1|Scce|265|1329
|player|p2|clouddaearth|1|1327
|gen|9
|tier|[Gen 9] OU
|rated|
|rule|HP Percentage Mod: HP is shown in percentages
|rule|Endless Battle Clause: Forcing endless battles is banned
|rule|Species Clause: Limit one of each Pokémon
|rule|OHKO Clause: OHKO moves are banned
|rule|Evasion Items Clause: Evasion items are banned
|rule|Evasion Moves Clause: Evasion moves are banned
|rule|Evasion Abilities Clause: Evasion abilities are banned
|rule|Sleep Moves Clause: Sleep-inducing moves are banned
|clearpoke
|poke|p1|Persian-Alola, F|
|poke|p1|Slowking-Galar, M|
|poke|p1|Decidueye-Hisui, F|
|poke|p1|Hippowdon, F|
|poke|p1|Dragapult, F|
|poke|p1|Ogerpon-Wellspring, F|
|poke|p2|Gengar, M|
|poke|p2|Weavile, F|
|poke|p2|Iron Treads|
|poke|p2|Blaziken, M|
|poke|p2|Azumarill, F|
|poke|p2|Dragonite, M|
|teampreview
|
|t:|1779840289
|teamsize|p1|6
|teamsize|p2|6
|start
|switch|p1a: Dragapult|Dragapult, F, shiny|100/100
|switch|p2a: Weavile|Weavile, F|100/100
|turn|1
|
|t:|1779840299
|switch|p1a: Hippowdon|Hippowdon, F, shiny|100/100
|move|p2a: Weavile|Knock Off|p1a: Hippowdon
|-damage|p1a: Hippowdon|75/100
|-damage|p2a: Weavile|84/100|[from] item: Rocky Helmet|[of] p1a: Hippowdon
|-enditem|p1a: Hippowdon|Rocky Helmet|[from] move: Knock Off|[of] p2a: Weavile
|
|upkeep
|turn|2
|
|t:|1779840309
|move|p2a: Weavile|Triple Axel|p1a: Hippowdon
|-supereffective|p1a: Hippowdon
|-crit|p1a: Hippowdon
|-damage|p1a: Hippowdon|57/100
|-hitcount|p1a: Hippowdon|1
|move|p1a: Hippowdon|Earthquake|p2a: Weavile
|-damage|p2a: Weavile|19/100
|
|upkeep
|turn|3
|
|t:|1779840325
|move|p2a: Weavile|Triple Axel|p1a: Hippowdon
|-supereffective|p1a: Hippowdon
|-damage|p1a: Hippowdon|47/100
|-supereffective|p1a: Hippowdon
|-damage|p1a: Hippowdon|24/100
|-supereffective|p1a: Hippowdon
|-damage|p1a: Hippowdon|0 fnt
|faint|p1a: Hippowdon
|-hitcount|p1: Hippowdon|3
|
|upkeep
|
|t:|1779840343
|switch|p1a: Dragapult|Dragapult, F, shiny|100/100
|turn|4
|
|t:|1779840347
|switch|p2a: Iron Treads|Iron Treads|100/100
|-enditem|p2a: Iron Treads|Booster Energy
|-activate|p2a: Iron Treads|ability: Quark Drive|[fromitem]
|-start|p2a: Iron Treads|quarkdrivespe
|move|p1a: Dragapult|U-turn|p2a: Iron Treads
|-resisted|p2a: Iron Treads
|-damage|p2a: Iron Treads|84/100
|
|t:|1779840359
|switch|p1a: Decidueye|Decidueye-Hisui, F, shiny|100/100|[from] U-turn
|
|upkeep
|turn|5
|
|t:|1779840367
|move|p2a: Iron Treads|Volt Switch|p1a: Decidueye
|-resisted|p1a: Decidueye
|-damage|p1a: Decidueye|95/100
|
|t:|1779840370
|-end|p2a: Iron Treads|Quark Drive|[silent]
|switch|p2a: Gengar|Gengar, M|100/100|[from] Volt Switch
|move|p1a: Decidueye|Triple Arrows|p2a: Gengar
|-resisted|p2a: Gengar
|-damage|p2a: Gengar|57/100
|-unboost|p2a: Gengar|def|1
|
|upkeep
|turn|6
|
|t:|1779840379
|move|p2a: Gengar|Sludge Bomb|p1a: Decidueye
|-supereffective|p1a: Decidueye
|-damage|p1a: Decidueye|0 fnt
|faint|p1a: Decidueye
|
|upkeep
|
|t:|1779840385
|switch|p1a: Slowking|Slowking-Galar, M, shiny|100/100
|turn|7
|
|t:|1779840392
|switch|p2a: Iron Treads|Iron Treads|84/100
|move|p1a: Slowking|Flamethrower|p2a: Iron Treads
|-supereffective|p2a: Iron Treads
|-damage|p2a: Iron Treads|9/100
|
|upkeep
|turn|8
|
|t:|1779840401
|switch|p1a: Ogerpon|Ogerpon-Wellspring, F|100/100
|move|p2a: Iron Treads|Earthquake|p1a: Ogerpon
|-resisted|p1a: Ogerpon
|-damage|p1a: Ogerpon|67/100
|
|upkeep
|turn|9
|
|t:|1779840409
|move|p1a: Ogerpon|Ivy Cudgel|p2a: Iron Treads|[anim] Ivy Cudgel Water
|-supereffective|p2a: Iron Treads
|-damage|p2a: Iron Treads|0 fnt
|faint|p2a: Iron Treads
|-end|p2a: Iron Treads|Quark Drive|[silent]
|
|upkeep
|
|t:|1779840412
|switch|p2a: Weavile|Weavile, F|19/100
|turn|10
|
|t:|1779840416
|move|p2a: Weavile|Triple Axel|p1a: Ogerpon
|-damage|p1a: Ogerpon|54/100
|-damage|p1a: Ogerpon|29/100
|-damage|p1a: Ogerpon|0 fnt
|faint|p1a: Ogerpon
|-hitcount|p1: Ogerpon|3
|
|upkeep
|
|t:|1779840418
|switch|p1a: Dragapult|Dragapult, F, shiny|100/100
|turn|11
|
|t:|1779840429
|move|p2a: Weavile|Ice Shard|p1a: Dragapult
|-supereffective|p1a: Dragapult
|-damage|p1a: Dragapult|39/100
|move|p1a: Dragapult|U-turn|p2a: Weavile
|-supereffective|p2a: Weavile
|-damage|p2a: Weavile|0 fnt
|faint|p2a: Weavile
|
|t:|1779840433
|switch|p1a: Persian|Persian-Alola, F, shiny|100/100|[from] U-turn
|
|upkeep
|
|t:|1779840440
|switch|p2a: Azumarill|Azumarill, F|100/100
|turn|12
|
|t:|1779840446
|move|p1a: Persian|Nasty Plot|p1a: Persian
|-boost|p1a: Persian|spa|2
|move|p2a: Azumarill|Play Rough|p1a: Persian
|-supereffective|p1a: Persian
|-damage|p1a: Persian|0 fnt
|faint|p1a: Persian
|
|upkeep
|-message|Scce forfeited.
|
|win|clouddaearth
|raw|Scce's rating: 1329 &rarr; <strong>1309</strong><br />(-20 for losing)
|raw|clouddaearth's rating: 1327 &rarr; <strong>1347</strong><br />(+20 for winning)
|l|☆Scce
|player|p1|
|l|☆clouddaearth
|player|p2|
