|j|☆Adgio
|j|☆claudechamp
|t:|1779900338
|gametype|singles
|player|p1|Adgio|burglar|1342
|player|p2|claudechamp|169|1302
|gen|9
|tier|[Gen 9] OU
|rated|
|rule|HP Percentage Mod: HP is shown in percentages
|rule|Endless Battle Clause: Forcing endless battles is banned
|rule|Species Clause: Limit one of each Pokémon
|rule|OHKO Clause: OHKO moves are banned
|rule|Evasion Items Clause: Evasion items are banned
|rule|Evasion Moves Clause: Evasion moves are banned
|rule|Evasion Abilities Clause: Evasion abilities are banned
|rule|Sleep Moves Clause: Sleep-inducing moves are banned
|clearpoke
|poke|p1|Goodra-Hisui, M|
|poke|p1|Dondozo, M|
|poke|p1|Enamorus, F|
|poke|p1|Iron Valiant|
|poke|p1|Kingambit, F|
|poke|p1|Great Tusk|
|poke|p2|Gliscor, F|
|poke|p2|Ogerpon, F|
|poke|p2|Walking Wake|
|poke|p2|Blissey, F|
|poke|p2|Corviknight, F|
|poke|p2|Pecharunt|
|teampreview
|inactive|Battle timer is ON: inactive players will automatically lose when time's up. (requested by Adgio)
|c|☆claudechamp|hf
|inactive|claudechamp also wants the timer to be on.
|inactive|Adgio has 120 seconds left.
|
|t:|1779900380
|teamsize|p1|6
|teamsize|p2|6
|start
|switch|p1a: Enamorus|Enamorus, F|100/100
|switch|p2a: Gliscor|Gliscor, F|100/100
|turn|1
|inactive|Adgio has 120 seconds left.
|
|t:|1779900412
|move|p1a: Enamorus|Moonblast|p2a: Gliscor
|-damage|p2a: Gliscor|57/100
|-unboost|p2a: Gliscor|spa|1
|move|p2a: Gliscor|Spikes|p1a: Enamorus
|-sidestart|p1: Adgio|Spikes
|
|-status|p2a: Gliscor|tox|[from] item: Toxic Orb
|upkeep
|turn|2
|
|t:|1779900426
|switch|p2a: Blissey|Blissey, F|100/100
|move|p1a: Enamorus|Moonblast|p2a: Blissey
|-damage|p2a: Blissey|85/100
|-unboost|p2a: Blissey|spa|1
|
|upkeep
|turn|3
|
|t:|1779900433
|move|p1a: Enamorus|Superpower|p2a: Blissey
|-supereffective|p2a: Blissey
|-damage|p2a: Blissey|24/100
|-boost|p1a: Enamorus|atk|1
|-boost|p1a: Enamorus|def|1
|move|p2a: Blissey|Stealth Rock|p1a: Enamorus
|-sidestart|p1: Adgio|move: Stealth Rock
|
|upkeep
|turn|4
|
|t:|1779900441
|switch|p2a: Pecharunt|Pecharunt|100/100
|move|p1a: Enamorus|Moonblast|p2a: Pecharunt
|-resisted|p2a: Pecharunt
|-damage|p2a: Pecharunt|77/100
|
|upkeep
|turn|5
|
|t:|1779900444
|move|p1a: Enamorus|Earth Power|p2a: Pecharunt
|-supereffective|p2a: Pecharunt
|-damage|p2a: Pecharunt|15/100
|move|p2a: Pecharunt|Malignant Chain|p1a: Enamorus
|-supereffective|p1a: Enamorus
|-damage|p1a: Enamorus|17/100
|
|upkeep
|turn|6
|
|t:|1779900448
|move|p1a: Enamorus|Moonblast|p2a: Pecharunt
|-resisted|p2a: Pecharunt
|-damage|p2a: Pecharunt|0 fnt
|faint|p2a: Pecharunt
|
|upkeep
|
|t:|1779900450
|switch|p2a: Walking Wake|Walking Wake|100/100
|turn|7
|
|t:|1779900452
|move|p2a: Walking Wake|Surf|p1a: Enamorus
|-damage|p1a: Enamorus|0 fnt
|faint|p1a: Enamorus
|
|upkeep
|
|t:|1779900455
|switch|p1a: Goodra|Goodra-Hisui, M, shiny|100/100
|-damage|p1a: Goodra|88/100|[from] Spikes
|-damage|p1a: Goodra|82/100|[from] Stealth Rock
|turn|8
|
|t:|1779900460
|move|p2a: Walking Wake|Surf|p1a: Goodra
|-resisted|p1a: Goodra
|-damage|p1a: Goodra|67/100
|move|p1a: Goodra|Acid Spray|p2a: Walking Wake
|-crit|p2a: Walking Wake
|-damage|p2a: Walking Wake|74/100
|-unboost|p2a: Walking Wake|spd|2
|
|-heal|p1a: Goodra|73/100|[from] item: Leftovers
|upkeep
|turn|9
|
|t:|1779900467
|-end|p2a: Walking Wake|Protosynthesis|[silent]
|switch|p2a: Corviknight|Corviknight, F|100/100
|-ability|p2a: Corviknight|Pressure
|move|p1a: Goodra|Acid Armor|p1a: Goodra
|-boost|p1a: Goodra|def|2
|
|-heal|p1a: Goodra|79/100|[from] item: Leftovers
|upkeep
|turn|10
|
|t:|1779900471
|switch|p2a: Gliscor|Gliscor, F|57/100 tox
|move|p1a: Goodra|Acid Armor|p1a: Goodra
|-boost|p1a: Goodra|def|2
|
|-heal|p1a: Goodra|85/100|[from] item: Leftovers
|-heal|p2a: Gliscor|70/100 tox|[from] ability: Poison Heal
|upkeep
|turn|11
|
|t:|1779900473
|move|p2a: Gliscor|Spikes|p1a: Goodra
|-sidestart|p1: Adgio|Spikes
|move|p1a: Goodra|Acid Spray|p2a: Gliscor
|-resisted|p2a: Gliscor
|-damage|p2a: Gliscor|63/100 tox
|-unboost|p2a: Gliscor|spd|2
|
|-heal|p1a: Goodra|91/100|[from] item: Leftovers
|-heal|p2a: Gliscor|76/100 tox|[from] ability: Poison Heal
|upkeep
|turn|12
|
|t:|1779900481
|move|p2a: Gliscor|Spikes|p1a: Goodra
|-sidestart|p1: Adgio|Spikes
|move|p1a: Goodra|Flamethrower|p2a: Gliscor
|-damage|p2a: Gliscor|24/100 tox
|
|-heal|p1a: Goodra|97/100|[from] item: Leftovers
|-heal|p2a: Gliscor|37/100 tox|[from] ability: Poison Heal
|upkeep
|turn|13
|
|t:|1779900485
|switch|p2a: Blissey|Blissey, F|24/100
|move|p1a: Goodra|Flamethrower|p2a: Blissey
|-damage|p2a: Blissey|15/100
|
|-heal|p1a: Goodra|100/100|[from] item: Leftovers
|upkeep
|turn|14
|
|t:|1779900490
|move|p1a: Goodra|Body Press|p2a: Blissey
|-supereffective|p2a: Blissey
|-damage|p2a: Blissey|0 fnt
|faint|p2a: Blissey
|
|upkeep
|
|t:|1779900496
|switch|p2a: Gliscor|Gliscor, F|37/100 tox
|turn|15
|
|t:|1779900499
|move|p2a: Gliscor|Protect|p2a: Gliscor
|-singleturn|p2a: Gliscor|Protect
|move|p1a: Goodra|Acid Spray|p2a: Gliscor
|-activate|p2a: Gliscor|move: Protect
|
|-heal|p2a: Gliscor|49/100 tox|[from] ability: Poison Heal
|upkeep
|turn|16
|
|t:|1779900502
|move|p2a: Gliscor|Earthquake|p1a: Goodra
|-supereffective|p1a: Goodra
|-crit|p1a: Goodra
|-damage|p1a: Goodra|7/100
|move|p1a: Goodra|Acid Spray|p2a: Gliscor
|-resisted|p2a: Gliscor
|-damage|p2a: Gliscor|43/100 tox
|-unboost|p2a: Gliscor|spd|2
|
|-heal|p1a: Goodra|13/100|[from] item: Leftovers
|-heal|p2a: Gliscor|56/100 tox|[from] ability: Poison Heal
|upkeep
|turn|17
|c|☆Adgio|...
|
|t:|1779900511
|move|p2a: Gliscor|Earthquake|p1a: Goodra
|-supereffective|p1a: Goodra
|-damage|p1a: Goodra|0 fnt
|faint|p1a: Goodra
|
|-heal|p2a: Gliscor|68/100 tox|[from] ability: Poison Heal
|upkeep
|
|t:|1779900514
|switch|p1a: Great Tusk|Great Tusk|100/100
|-damage|p1a: Great Tusk|76/100|[from] Spikes
|-damage|p1a: Great Tusk|73/100|[from] Stealth Rock
|turn|18
|
|t:|1779900519
|move|p2a: Gliscor|Earthquake|p1a: Great Tusk
|-damage|p1a: Great Tusk|53/100
|move|p1a: Great Tusk|Rapid Spin|p2a: Gliscor
|-damage|p2a: Gliscor|54/100 tox
|-boost|p1a: Great Tusk|spe|1
|-sideend|p1: Adgio|Spikes|[from] move: Rapid Spin|[of] p1a: Great Tusk
|-sideend|p1: Adgio|Stealth Rock|[from] move: Rapid Spin|[of] p1a: Great Tusk
|
|-heal|p1a: Great Tusk|59/100|[from] item: Leftovers
|-heal|p2a: Gliscor|67/100 tox|[from] ability: Poison Heal
|upkeep
|turn|19
|
|t:|1779900523
|move|p1a: Great Tusk|Bulk Up|p1a: Great Tusk
|-boost|p1a: Great Tusk|atk|1
|-boost|p1a: Great Tusk|def|1
|move|p2a: Gliscor|Earthquake|p1a: Great Tusk
|-damage|p1a: Great Tusk|46/100
|
|-heal|p1a: Great Tusk|52/100|[from] item: Leftovers
|-heal|p2a: Gliscor|79/100 tox|[from] ability: Poison Heal
|upkeep
|turn|20
|
|t:|1779900526
|move|p1a: Great Tusk|Rapid Spin|p2a: Gliscor
|-damage|p2a: Gliscor|59/100 tox
|-boost|p1a: Great Tusk|spe|1
|move|p2a: Gliscor|Toxic|p1a: Great Tusk
|-status|p1a: Great Tusk|tox
|
|-heal|p1a: Great Tusk|58/100 tox|[from] item: Leftovers
|-damage|p1a: Great Tusk|52/100 tox|[from] psn
|-heal|p2a: Gliscor|71/100 tox|[from] ability: Poison Heal
|upkeep
|turn|21
|
|t:|1779900531
|switch|p2a: Corviknight|Corviknight, F|100/100
|-ability|p2a: Corviknight|Pressure
|move|p1a: Great Tusk|Bulk Up|p1a: Great Tusk
|-boost|p1a: Great Tusk|atk|1
|-boost|p1a: Great Tusk|def|1
|
|-heal|p1a: Great Tusk|58/100 tox|[from] item: Leftovers
|-damage|p1a: Great Tusk|46/100 tox|[from] psn
|upkeep
|turn|22
|
|t:|1779900536
|move|p1a: Great Tusk|Rock Slide|p2a: Corviknight
|-damage|p2a: Corviknight|68/100
|move|p2a: Corviknight|Body Press|p1a: Great Tusk
|-damage|p1a: Great Tusk|37/100 tox
|
|-heal|p1a: Great Tusk|43/100 tox|[from] item: Leftovers
|-damage|p1a: Great Tusk|24/100 tox|[from] psn
|upkeep
|turn|23
|
|t:|1779900541
|move|p1a: Great Tusk|Rock Slide|p2a: Corviknight
|-damage|p2a: Corviknight|32/100
|move|p2a: Corviknight|Body Press|p1a: Great Tusk
|-damage|p1a: Great Tusk|17/100 tox
|
|-heal|p1a: Great Tusk|23/100 tox|[from] item: Leftovers
|-damage|p1a: Great Tusk|0 fnt|[from] psn
|faint|p1a: Great Tusk
|-end|p1a: Great Tusk|Protosynthesis|[silent]
|upkeep
|
|t:|1779900570
|switch|p1a: Iron Valiant|Iron Valiant|100/100
|-enditem|p1a: Iron Valiant|Booster Energy
|-activate|p1a: Iron Valiant|ability: Quark Drive|[fromitem]
|-start|p1a: Iron Valiant|quarkdrivespe
|turn|24
|
|t:|1779900581
|switch|p2a: Gliscor|Gliscor, F|71/100 tox
|move|p1a: Iron Valiant|Knock Off|p2a: Gliscor
|-damage|p2a: Gliscor|46/100 tox
|-enditem|p2a: Gliscor|Toxic Orb|[from] move: Knock Off|[of] p1a: Iron Valiant
|
|-heal|p2a: Gliscor|59/100 tox|[from] ability: Poison Heal
|upkeep
|turn|25
|
|t:|1779900590
|move|p1a: Iron Valiant|Moonblast|p2a: Gliscor
|-damage|p2a: Gliscor|23/100 tox
|-unboost|p2a: Gliscor|spa|1
|move|p2a: Gliscor|Spikes|p1a: Iron Valiant
|-sidestart|p1: Adgio|Spikes
|
|-heal|p2a: Gliscor|35/100 tox|[from] ability: Poison Heal
|upkeep
|turn|26
|
|t:|1779900597
|move|p2a: Gliscor|Protect|p2a: Gliscor
|-singleturn|p2a: Gliscor|Protect
|move|p1a: Iron Valiant|Moonblast|p2a: Gliscor
|-activate|p2a: Gliscor|move: Protect
|
|-heal|p2a: Gliscor|48/100 tox|[from] ability: Poison Heal
|upkeep
|turn|27
|
|t:|1779900607
|move|p1a: Iron Valiant|Moonblast|p2a: Gliscor
|-damage|p2a: Gliscor|12/100 tox
|-unboost|p2a: Gliscor|spa|1
|move|p2a: Gliscor|Toxic|p1a: Iron Valiant
|-status|p1a: Iron Valiant|tox
|
|-damage|p1a: Iron Valiant|94/100 tox|[from] psn
|-heal|p2a: Gliscor|25/100 tox|[from] ability: Poison Heal
|upkeep
|turn|28
|
|t:|1779900614
|move|p2a: Gliscor|Protect|p2a: Gliscor
|-singleturn|p2a: Gliscor|Protect
|move|p1a: Iron Valiant|Moonblast|p2a: Gliscor
|-activate|p2a: Gliscor|move: Protect
|
|-damage|p1a: Iron Valiant|82/100 tox|[from] psn
|-heal|p2a: Gliscor|37/100 tox|[from] ability: Poison Heal
|upkeep
|turn|29
|
|t:|1779900620
|switch|p2a: Corviknight|Corviknight, F|32/100
|-ability|p2a: Corviknight|Pressure
|move|p1a: Iron Valiant|Moonblast|p2a: Corviknight
|-resisted|p2a: Corviknight
|-damage|p2a: Corviknight|12/100
|-unboost|p2a: Corviknight|spa|1
|
|-damage|p1a: Iron Valiant|63/100 tox|[from] psn
|upkeep
|turn|30
|
|t:|1779900631
|switch|p2a: Gliscor|Gliscor, F|37/100 tox
|move|p1a: Iron Valiant|Thunder Punch|p2a: Gliscor
|-immune|p2a: Gliscor
|
|-damage|p1a: Iron Valiant|38/100 tox|[from] psn
|-heal|p2a: Gliscor|49/100 tox|[from] ability: Poison Heal
|upkeep
|turn|31
|
|t:|1779900638
|move|p1a: Iron Valiant|Moonblast|p2a: Gliscor
|-damage|p2a: Gliscor|17/100 tox
|move|p2a: Gliscor|Earthquake|p1a: Iron Valiant
|-damage|p1a: Iron Valiant|0 fnt
|faint|p1a: Iron Valiant
|-end|p1a: Iron Valiant|Quark Drive|[silent]
|
|-heal|p2a: Gliscor|29/100 tox|[from] ability: Poison Heal
|upkeep
|
|t:|1779900644
|switch|p1a: Kingambit|Kingambit, F|100/100
|-damage|p1a: Kingambit|88/100|[from] Spikes
|-activate|p1a: Kingambit|ability: Supreme Overlord
|-start|p1a: Kingambit|fallen4|[silent]
|turn|32
|
|t:|1779900655
|move|p2a: Gliscor|Spikes|p1a: Kingambit
|-sidestart|p1: Adgio|Spikes
|move|p1a: Kingambit|Kowtow Cleave|p2a: Gliscor
|-damage|p2a: Gliscor|0 fnt
|faint|p2a: Gliscor
|
|-heal|p1a: Kingambit|94/100|[from] item: Leftovers
|upkeep
|
|t:|1779900665
|switch|p2a: Corviknight|Corviknight, F|12/100
|-ability|p2a: Corviknight|Pressure
|turn|33
|
|t:|1779900676
|move|p2a: Corviknight|Body Press|p1a: Kingambit
|-supereffective|p1a: Kingambit
|-damage|p1a: Kingambit|16/100
|move|p1a: Kingambit|Kowtow Cleave|p2a: Corviknight
|-damage|p2a: Corviknight|0 fnt
|faint|p2a: Corviknight
|
|-heal|p1a: Kingambit|22/100|[from] item: Leftovers
|upkeep
|
|t:|1779900691
|switch|p2a: Ogerpon|Ogerpon, F|100/100
|turn|34
|
|t:|1779900702
|-terastallize|p2a: Ogerpon|Grass
|detailschange|p2a: Ogerpon|Ogerpon-Teal-Tera, F, tera:Grass
|-ability|p2a: Ogerpon|Embody Aspect (Teal)|boost
|-boost|p2a: Ogerpon|spe|1
|move|p2a: Ogerpon|Ivy Cudgel|p1a: Kingambit
|-resisted|p1a: Kingambit
|-damage|p1a: Kingambit|0 fnt
|faint|p1a: Kingambit
|-end|p1a: Kingambit|fallen4|[silent]
|
|upkeep
|
|t:|1779900709
|switch|p1a: Dondozo|Dondozo, M|100/100
|-damage|p1a: Dondozo|84/100|[from] Spikes
|turn|35
|
|t:|1779900716
|-terastallize|p1a: Dondozo|Steel
|move|p2a: Ogerpon|Ivy Cudgel|p1a: Dondozo
|-resisted|p1a: Dondozo
|-damage|p1a: Dondozo|69/100
|move|p1a: Dondozo|Curse|p1a: Dondozo
|-unboost|p1a: Dondozo|spe|1
|-boost|p1a: Dondozo|atk|1
|-boost|p1a: Dondozo|def|1
|
|upkeep
|turn|36
|
|t:|1779900728
|switch|p2a: Walking Wake|Walking Wake|74/100
|move|p1a: Dondozo|Body Press|p2a: Walking Wake
|-damage|p2a: Walking Wake|29/100
|
|upkeep
|turn|37
|
|t:|1779900746
|move|p2a: Walking Wake|Surf|p1a: Dondozo
|-damage|p1a: Dondozo|25/100
|move|p1a: Dondozo|Body Press|p2a: Walking Wake
|-damage|p2a: Walking Wake|0 fnt
|faint|p2a: Walking Wake
|-end|p2a: Walking Wake|Protosynthesis|[silent]
|
|upkeep
|
|t:|1779900750
|switch|p2a: Ogerpon|Ogerpon-Teal-Tera, F, tera:Grass|100/100
|-ability|p2a: Ogerpon|Embody Aspect (Teal)|boost
|-boost|p2a: Ogerpon|spe|1
|turn|38
|
|t:|1779900757
|move|p2a: Ogerpon|Ivy Cudgel|p1a: Dondozo
|-resisted|p1a: Dondozo
|-damage|p1a: Dondozo|16/100
|move|p1a: Dondozo|Rest|p1a: Dondozo
|-status|p1a: Dondozo|slp|[from] move: Rest
|-heal|p1a: Dondozo|100/100 slp|[silent]
|
|upkeep
|turn|39
|
|t:|1779900766
|move|p2a: Ogerpon|Knock Off|p1a: Dondozo
|-damage|p1a: Dondozo|91/100 slp
|-enditem|p1a: Dondozo|Covert Cloak|[from] move: Knock Off|[of] p2a: Ogerpon
|cant|p1a: Dondozo|slp
|
|upkeep
|turn|40
|
|t:|1779900774
|move|p2a: Ogerpon|Ivy Cudgel|p1a: Dondozo
|-resisted|p1a: Dondozo
|-damage|p1a: Dondozo|82/100 slp
|cant|p1a: Dondozo|slp
|
|upkeep
|turn|41
|
|t:|1779900792
|move|p2a: Ogerpon|Knock Off|p1a: Dondozo
|-crit|p1a: Dondozo
|-damage|p1a: Dondozo|67/100 slp
|-curestatus|p1a: Dondozo|slp|[msg]
|move|p1a: Dondozo|Curse|p1a: Dondozo
|-unboost|p1a: Dondozo|spe|1
|-boost|p1a: Dondozo|atk|1
|-boost|p1a: Dondozo|def|1
|
|upkeep
|turn|42
|
|t:|1779900815
|move|p2a: Ogerpon|Ivy Cudgel|p1a: Dondozo
|-resisted|p1a: Dondozo
|-damage|p1a: Dondozo|60/100
|move|p1a: Dondozo|Body Press|p2a: Ogerpon
|-damage|p2a: Ogerpon|24/100
|
|upkeep
|turn|43
|
|t:|1779900826
|move|p2a: Ogerpon|Knock Off|p1a: Dondozo
|-damage|p1a: Dondozo|56/100
|move|p1a: Dondozo|Body Press|p2a: Ogerpon
|-crit|p2a: Ogerpon
|-damage|p2a: Ogerpon|0 fnt
|faint|p2a: Ogerpon
|detailschange|p2: Ogerpon|Ogerpon, F|[silent]
|
|win|Adgio
|raw|Adgio's rating: 1342 &rarr; <strong>1360</strong><br />(+18 for winning)
|raw|claudechamp's rating: 1312 &rarr; <strong>1294</strong><br />(-18 for losing)
|c|☆claudechamp|gg
|l|☆Adgio
|player|p1|
