|j|☆Jewish Jynx
|j|☆mwharken
|t:|1779916852
|gametype|singles
|player|p1|Jewish Jynx|giovanni|1382
|player|p2|mwharken|steven|1417
|gen|9
|tier|[Gen 9] OU
|rated|
|rule|HP Percentage Mod: HP is shown in percentages
|rule|Endless Battle Clause: Forcing endless battles is banned
|rule|Species Clause: Limit one of each Pokémon
|rule|OHKO Clause: OHKO moves are banned
|rule|Evasion Items Clause: Evasion items are banned
|rule|Evasion Moves Clause: Evasion moves are banned
|rule|Evasion Abilities Clause: Evasion abilities are banned
|rule|Sleep Moves Clause: Sleep-inducing moves are banned
|clearpoke
|poke|p1|Kingambit, F|
|poke|p1|Great Tusk|
|poke|p1|Slowking-Galar, M|
|poke|p1|Samurott-Hisui, F|
|poke|p1|Iron Moth|
|poke|p1|Zapdos|
|poke|p2|Pelipper, M|
|poke|p2|Barraskewda, M|
|poke|p2|Swampert, M|
|poke|p2|Drednaw, F|
|poke|p2|Basculegion-F, F|
|poke|p2|Beartic, F|
|teampreview
|
|t:|1779916865
|teamsize|p1|6
|teamsize|p2|6
|start
|switch|p1a: Samurott|Samurott-Hisui, F|100/100
|switch|p2a: Pelipper|Pelipper, M|100/100
|-weather|RainDance|[from] ability: Drizzle|[of] p2a: Pelipper
|turn|1
|inactive|Battle timer is ON: inactive players will automatically lose when time's up. (requested by Jewish Jynx)
|
|t:|1779916881
|move|p1a: Samurott|Ceaseless Edge|p2a: Pelipper
|-damage|p2a: Pelipper|62/100
|-sidestart|p2: mwharken|Spikes
|move|p2a: Pelipper|U-turn|p1a: Samurott
|-supereffective|p1a: Samurott
|-damage|p1a: Samurott|80/100
|
|t:|1779916901
|switch|p2a: Beartic|Beartic, F|100/100|[from] U-turn
|-damage|p2a: Beartic|88/100|[from] Spikes
|
|-weather|RainDance|[upkeep]
|upkeep
|turn|2
|
|t:|1779916910
|switch|p1a: Zapdos|Zapdos|100/100
|move|p2a: Beartic|Swords Dance|p2a: Beartic
|-boost|p2a: Beartic|atk|2
|
|-weather|RainDance|[upkeep]
|upkeep
|turn|3
|
|t:|1779916919
|switch|p1a: Samurott|Samurott-Hisui, F|80/100
|move|p2a: Beartic|Icicle Spear|p1a: Samurott
|-resisted|p1a: Samurott
|-damage|p1a: Samurott|64/100
|-resisted|p1a: Samurott
|-damage|p1a: Samurott|48/100
|-resisted|p1a: Samurott
|-damage|p1a: Samurott|32/100
|-resisted|p1a: Samurott
|-damage|p1a: Samurott|17/100
|-resisted|p1a: Samurott
|-damage|p1a: Samurott|2/100
|-hitcount|p1a: Samurott|5
|
|-weather|RainDance|[upkeep]
|upkeep
|turn|4
|
|t:|1779916935
|move|p1a: Samurott|Aqua Jet|p2a: Beartic
|-damage|p2a: Beartic|54/100
|move|p2a: Beartic|Icicle Spear|p1a: Samurott
|-resisted|p1a: Samurott
|-damage|p1a: Samurott|0 fnt
|faint|p1a: Samurott
|-hitcount|p1: Samurott|1
|
|-weather|RainDance|[upkeep]
|upkeep
|
|t:|1779916943
|switch|p1a: Kingambit|Kingambit, F|100/100
|-activate|p1a: Kingambit|ability: Supreme Overlord
|-start|p1a: Kingambit|fallen1|[silent]
|turn|5
|
|t:|1779916951
|move|p1a: Kingambit|Sucker Punch|p2a: Beartic
|-damage|p2a: Beartic|0 fnt
|faint|p2a: Beartic
|
|-weather|RainDance|[upkeep]
|upkeep
|
|t:|1779916962
|switch|p2a: Swampert|Swampert, M|100/100
|-damage|p2a: Swampert|88/100|[from] Spikes
|turn|6
|
|t:|1779916970
|-end|p1a: Kingambit|fallen1|[silent]
|switch|p1a: Zapdos|Zapdos|100/100
|move|p2a: Swampert|Stealth Rock|p1a: Zapdos
|-sidestart|p1: Jewish Jynx|move: Stealth Rock
|
|-weather|RainDance|[upkeep]
|-heal|p2a: Swampert|94/100|[from] item: Leftovers
|upkeep
|turn|7
|
|t:|1779916980
|move|p1a: Zapdos|Hurricane|p2a: Swampert
|-damage|p2a: Swampert|63/100
|-start|p2a: Swampert|confusion
|-activate|p2a: Swampert|confusion
|move|p2a: Swampert|Roar|p1a: Zapdos
|drag|p1a: Slowking|Slowking-Galar, M|100/100
|
|-weather|RainDance|[upkeep]
|-heal|p2a: Swampert|69/100|[from] item: Leftovers
|upkeep
|turn|8
|
|t:|1779916992
|-activate|p2a: Swampert|confusion
|move|p2a: Swampert|Earthquake|p1a: Slowking
|-supereffective|p1a: Slowking
|-damage|p1a: Slowking|22/100
|move|p1a: Slowking|Future Sight|p2a: Swampert
|-start|p1a: Slowking|move: Future Sight
|
|-weather|none
|-heal|p2a: Swampert|75/100|[from] item: Leftovers
|upkeep
|turn|9
|
|t:|1779917002
|switch|p1a: Zapdos|Zapdos|100/100
|-end|p2a: Swampert|confusion
|move|p2a: Swampert|Flip Turn|p1a: Zapdos
|-damage|p1a: Zapdos|84/100
|
|t:|1779917009
|switch|p2a: Pelipper|Pelipper, M|62/100|[from] Flip Turn
|-weather|RainDance|[from] ability: Drizzle|[of] p2a: Pelipper
|
|-weather|RainDance|[upkeep]
|upkeep
|turn|10
|
|t:|1779917018
|switch|p2a: Swampert|Swampert, M|75/100
|-damage|p2a: Swampert|63/100|[from] Spikes
|move|p1a: Zapdos|Hurricane|p2a: Swampert
|-damage|p2a: Swampert|31/100
|
|-weather|RainDance|[upkeep]
|-end|p2a: Swampert|move: Future Sight
|-damage|p2a: Swampert|0 fnt
|faint|p2a: Swampert
|upkeep
|
|t:|1779917047
|switch|p2a: Drednaw|Drednaw, F, shiny|100/100
|-damage|p2a: Drednaw|88/100|[from] Spikes
|turn|11
|
|t:|1779917057
|switch|p1a: Great Tusk|Great Tusk|100/100
|-damage|p1a: Great Tusk|98/100|[from] Stealth Rock
|-terastallize|p2a: Drednaw|Dark
|move|p2a: Drednaw|Shell Smash|p2a: Drednaw
|-unboost|p2a: Drednaw|def|1
|-unboost|p2a: Drednaw|spd|1
|-boost|p2a: Drednaw|atk|2
|-boost|p2a: Drednaw|spa|2
|-boost|p2a: Drednaw|spe|2
|-enditem|p2a: Drednaw|White Herb
|-clearnegativeboost|p2a: Drednaw|[silent]
|
|-weather|RainDance|[upkeep]
|upkeep
|turn|12
|inactive|Jewish Jynx has 120 seconds left.
|
|t:|1779917089
|move|p2a: Drednaw|Waterfall|p1a: Great Tusk
|-supereffective|p1a: Great Tusk
|-damage|p1a: Great Tusk|0 fnt
|-damage|p2a: Drednaw|72/100|[from] item: Rocky Helmet|[of] p1a: Great Tusk
|faint|p1a: Great Tusk
|-end|p1a: Great Tusk|Protosynthesis|[silent]
|
|-weather|RainDance|[upkeep]
|upkeep
|inactive|Jewish Jynx has 120 seconds left.
|
|t:|1779917095
|switch|p1a: Zapdos|Zapdos|84/100
|turn|13
|
|t:|1779917099
|-terastallize|p1a: Zapdos|Grass
|move|p2a: Drednaw|Head Smash|p1a: Zapdos
|-damage|p1a: Zapdos|0 fnt
|faint|p1a: Zapdos
|-damage|p2a: Drednaw|22/100|[from] Recoil
|
|-weather|RainDance|[upkeep]
|upkeep
|
|t:|1779917110
|switch|p1a: Kingambit|Kingambit, F|100/100
|-damage|p1a: Kingambit|94/100|[from] Stealth Rock
|-activate|p1a: Kingambit|ability: Supreme Overlord
|-start|p1a: Kingambit|fallen3|[silent]
|turn|14
|
|t:|1779917118
|move|p1a: Kingambit|Sucker Punch||[still]
|-fail|p1a: Kingambit
|move|p2a: Drednaw|Shell Smash|p2a: Drednaw
|-unboost|p2a: Drednaw|def|1
|-unboost|p2a: Drednaw|spd|1
|-boost|p2a: Drednaw|atk|2
|-boost|p2a: Drednaw|spa|2
|-boost|p2a: Drednaw|spe|2
|
|-weather|RainDance|[upkeep]
|-heal|p1a: Kingambit|100/100|[from] item: Leftovers
|upkeep
|turn|15
|
|t:|1779917128
|move|p1a: Kingambit|Sucker Punch||[still]
|-fail|p1a: Kingambit
|move|p2a: Drednaw|Shell Smash|p2a: Drednaw
|-unboost|p2a: Drednaw|def|1
|-unboost|p2a: Drednaw|spd|1
|-boost|p2a: Drednaw|atk|2
|-boost|p2a: Drednaw|spa|2
|-boost|p2a: Drednaw|spe|2
|
|-weather|RainDance|[upkeep]
|upkeep
|turn|16
|
|t:|1779917137
|move|p1a: Kingambit|Sucker Punch||[still]
|-fail|p1a: Kingambit
|move|p2a: Drednaw|Shell Smash|p2a: Drednaw
|-unboost|p2a: Drednaw|def|1
|-unboost|p2a: Drednaw|spd|1
|-boost|p2a: Drednaw|atk|0
|-boost|p2a: Drednaw|spa|0
|-boost|p2a: Drednaw|spe|0
|
|-weather|none
|upkeep
|turn|17
|
|t:|1779917149
|move|p1a: Kingambit|Sucker Punch||[still]
|-fail|p1a: Kingambit
|move|p2a: Drednaw|Shell Smash|p2a: Drednaw
|-unboost|p2a: Drednaw|def|1
|-unboost|p2a: Drednaw|spd|1
|-boost|p2a: Drednaw|atk|0
|-boost|p2a: Drednaw|spa|0
|-boost|p2a: Drednaw|spe|0
|
|upkeep
|turn|18
|
|t:|1779917159
|move|p2a: Drednaw|Crunch|p1a: Kingambit
|-resisted|p1a: Kingambit
|-damage|p1a: Kingambit|10/100
|move|p1a: Kingambit|Iron Head|p2a: Drednaw
|-damage|p2a: Drednaw|0 fnt
|faint|p2a: Drednaw
|
|-heal|p1a: Kingambit|16/100|[from] item: Leftovers
|upkeep
|
|t:|1779917172
|switch|p2a: Pelipper|Pelipper, M|62/100
|-weather|RainDance|[from] ability: Drizzle|[of] p2a: Pelipper
|turn|19
|
|t:|1779917181
|-end|p1a: Kingambit|fallen3|[silent]
|switch|p1a: Slowking|Slowking-Galar, M|56/100
|move|p2a: Pelipper|U-turn|p1a: Slowking
|-damage|p1a: Slowking|47/100
|
|t:|1779917186
|switch|p2a: Barraskewda|Barraskewda, M|100/100|[from] U-turn
|-damage|p2a: Barraskewda|88/100|[from] Spikes
|
|-weather|RainDance|[upkeep]
|upkeep
|turn|20
|
|t:|1779917194
|switch|p1a: Iron Moth|Iron Moth|100/100
|-damage|p1a: Iron Moth|76/100|[from] Stealth Rock
|move|p2a: Barraskewda|Flip Turn|p1a: Iron Moth
|-supereffective|p1a: Iron Moth
|-damage|p1a: Iron Moth|0 fnt
|faint|p1a: Iron Moth
|-end|p1a: Iron Moth|Quark Drive|[silent]
|
|t:|1779917204
|switch|p2a: Pelipper|Pelipper, M|62/100|[from] Flip Turn
|
|-weather|RainDance|[upkeep]
|upkeep
|
|t:|1779917209
|switch|p1a: Slowking|Slowking-Galar, M|81/100
|turn|21
|
|t:|1779917216
|move|p2a: Pelipper|Knock Off|p1a: Slowking
|-supereffective|p1a: Slowking
|-damage|p1a: Slowking|57/100
|-enditem|p1a: Slowking|Heavy-Duty Boots|[from] move: Knock Off|[of] p2a: Pelipper
|move|p1a: Slowking|Future Sight|p2a: Pelipper
|-start|p1a: Slowking|move: Future Sight
|
|-weather|RainDance|[upkeep]
|upkeep
|turn|22
|
|t:|1779917227
|move|p2a: Pelipper|Weather Ball|p1a: Slowking
|-damage|p1a: Slowking|30/100
|-prepare|p1a: Slowking|Chilly Reception|[premajor]
|move|p1a: Slowking|Chilly Reception|p1a: Slowking
|-weather|Snowscape
|
|t:|1779917232
|switch|p1a: Kingambit|Kingambit, F|16/100|[from] Chilly Reception
|-damage|p1a: Kingambit|10/100|[from] Stealth Rock
|-activate|p1a: Kingambit|ability: Supreme Overlord
|-start|p1a: Kingambit|fallen4|[silent]
|
|-weather|Snowscape|[upkeep]
|-heal|p1a: Kingambit|16/100|[from] item: Leftovers
|upkeep
|turn|23
|
|t:|1779917250
|-end|p1a: Kingambit|fallen4|[silent]
|switch|p1a: Slowking|Slowking-Galar, M|63/100
|-damage|p1a: Slowking|50/100|[from] Stealth Rock
|move|p2a: Pelipper|Knock Off|p1a: Slowking
|-supereffective|p1a: Slowking
|-damage|p1a: Slowking|35/100
|
|-weather|Snowscape|[upkeep]
|-end|p2a: Pelipper|move: Future Sight
|-damage|p2a: Pelipper|0 fnt
|faint|p2a: Pelipper
|upkeep
|
|t:|1779917261
|switch|p2a: Basculegion|Basculegion-F, F|100/100
|-damage|p2a: Basculegion|88/100|[from] Spikes
|turn|24
|
|t:|1779917270
|move|p2a: Basculegion|Shadow Ball|p1a: Slowking
|-supereffective|p1a: Slowking
|-damage|p1a: Slowking|0 fnt
|faint|p1a: Slowking
|
|-weather|Snowscape|[upkeep]
|upkeep
|
|t:|1779917273
|switch|p1a: Kingambit|Kingambit, F|16/100
|-damage|p1a: Kingambit|10/100|[from] Stealth Rock
|-activate|p1a: Kingambit|ability: Supreme Overlord
|-start|p1a: Kingambit|fallen5|[silent]
|turn|25
|
|t:|1779917281
|move|p2a: Basculegion|Shadow Ball|p1a: Kingambit
|-resisted|p1a: Kingambit
|-damage|p1a: Kingambit|0 fnt
|faint|p1a: Kingambit
|-end|p1a: Kingambit|fallen5|[silent]
|
|win|mwharken
|raw|Jewish Jynx's rating: 1382 &rarr; <strong>1364</strong><br />(-18 for losing)
|raw|mwharken's rating: 1417 &rarr; <strong>1435</strong><br />(+18 for winning)
|l|☆mwharken
|player|p2|
|l|☆Jewish Jynx
|player|p1|
