|j|☆goodnightnite
|j|☆isaac_gam3r
|t:|1779861356
|gametype|singles
|player|p1|goodnightnite|miku-water|1767
|player|p2|isaac_gam3r|acetrainer-gen4dp|1726
|gen|9
|tier|[Gen 9] OU
|rated|
|rule|HP Percentage Mod: HP is shown in percentages
|rule|Endless Battle Clause: Forcing endless battles is banned
|rule|Species Clause: Limit one of each Pokémon
|rule|OHKO Clause: OHKO moves are banned
|rule|Evasion Items Clause: Evasion items are banned
|rule|Evasion Moves Clause: Evasion moves are banned
|rule|Evasion Abilities Clause: Evasion abilities are banned
|rule|Sleep Moves Clause: Sleep-inducing moves are banned
|clearpoke
|poke|p1|Primarina, M|
|poke|p1|Zamazenta-*|
|poke|p1|Gholdengo|
|poke|p1|Rillaboom, M|
|poke|p1|Glimmora, M|
|poke|p1|Hydreigon, M|
|poke|p2|Primarina, F|
|poke|p2|Raging Bolt|
|poke|p2|Heatran, M|
|poke|p2|Weezing-Galar, M|
|poke|p2|Garchomp, M|
|poke|p2|Weavile, F|
|teampreview
|inactive|Battle timer is ON: inactive players will automatically lose when time's up. (requested by goodnightnite)
|
|t:|1779861368
|teamsize|p1|6
|teamsize|p2|6
|start
|switch|p1a: Celestine|Primarina, M, shiny|100/100
|switch|p2a: Raging Bolt|Raging Bolt|100/100
|turn|1
|
|t:|1779861374
|move|p2a: Raging Bolt|Thunderbolt|p1a: Celestine
|-supereffective|p1a: Celestine
|-damage|p1a: Celestine|48/100
|-status|p1a: Celestine|par
|move|p1a: Celestine|Moonblast|p2a: Raging Bolt
|-supereffective|p2a: Raging Bolt
|-damage|p2a: Raging Bolt|9/100
|
|-heal|p2a: Raging Bolt|15/100|[from] item: Leftovers
|upkeep
|turn|2
|
|t:|1779861382
|switch|p1a: Hybrid|Hydreigon, M, shiny|100/100
|move|p2a: Raging Bolt|Thunderbolt|p1a: Hybrid
|-resisted|p1a: Hybrid
|-damage|p1a: Hybrid|69/100
|
|-heal|p2a: Raging Bolt|22/100|[from] item: Leftovers
|upkeep
|turn|3
|
|t:|1779861387
|-end|p2a: Raging Bolt|Protosynthesis|[silent]
|switch|p2a: Primarina|Primarina, F, shiny|100/100
|move|p1a: Hybrid|Flash Cannon|p2a: Primarina
|-damage|p2a: Primarina|66/100
|
|-heal|p2a: Primarina|72/100|[from] item: Leftovers
|upkeep
|turn|4
|
|t:|1779861391
|switch|p1a: Kong|Rillaboom, M, shiny|100/100
|-fieldstart|move: Grassy Terrain|[from] ability: Grassy Surge|[of] p1a: Kong
|move|p2a: Primarina|Draining Kiss|p1a: Kong
|-damage|p1a: Kong|64/100
|-heal|p2a: Primarina|99/100|[from] drain|[of] p1a: Kong
|
|-heal|p1a: Kong|70/100|[from] Grassy Terrain
|-heal|p2a: Primarina|100/100|[from] Grassy Terrain
|upkeep
|turn|5
|
|t:|1779861399
|switch|p2a: Weezing|Weezing-Galar, M, shiny|100/100
|move|p1a: Kong|Grassy Glide|p2a: Weezing
|-resisted|p2a: Weezing
|-damage|p2a: Weezing|84/100
|-damage|p1a: Kong|60/100|[from] item: Life Orb
|
|-heal|p1a: Kong|66/100|[from] Grassy Terrain
|-heal|p2a: Weezing|90/100|[from] item: Black Sludge
|upkeep
|turn|6
|
|t:|1779861402
|switch|p1a: Bullet|Glimmora, M, shiny|100/100
|move|p2a: Weezing|Will-O-Wisp|p1a: Bullet
|-status|p1a: Bullet|brn
|
|-heal|p2a: Weezing|96/100|[from] item: Black Sludge
|-damage|p1a: Bullet|94/100 brn|[from] brn
|upkeep
|turn|7
|
|t:|1779861408
|move|p1a: Bullet|Stealth Rock|p2a: Weezing
|-sidestart|p2: isaac_gam3r|move: Stealth Rock
|move|p2a: Weezing|Defog|p1a: Bullet
|-unboost|p1a: Bullet|evasion|1
|-sideend|p2: isaac_gam3r|Stealth Rock|[from] move: Defog|[of] p2a: Weezing
|-fieldend|move: Grassy Terrain
|
|-heal|p2a: Weezing|100/100|[from] item: Black Sludge
|-damage|p1a: Bullet|88/100 brn|[from] brn
|upkeep
|turn|8
|
|t:|1779861415
|move|p1a: Bullet|Stealth Rock|p2a: Weezing
|-sidestart|p2: isaac_gam3r|move: Stealth Rock
|move|p2a: Weezing|Strange Steam|p1a: Bullet
|-resisted|p1a: Bullet
|-damage|p1a: Bullet|73/100 brn
|-enditem|p1a: Bullet|Red Card|[of] p2a: Weezing
|drag|p2a: Primarina|Primarina, F, shiny|100/100
|-damage|p2a: Primarina|88/100|[from] Stealth Rock
|
|-heal|p2a: Primarina|94/100|[from] item: Leftovers
|-damage|p1a: Bullet|67/100 brn|[from] brn
|upkeep
|turn|9
|
|t:|1779861422
|switch|p2a: Heatran|Heatran, M|100/100
|-damage|p2a: Heatran|88/100|[from] Stealth Rock
|move|p1a: Bullet|Mortal Spin|p2a: Heatran
|-immune|p2a: Heatran
|
|-damage|p1a: Bullet|61/100 brn|[from] brn
|upkeep
|turn|10
|
|t:|1779861425
|move|p1a: Bullet|Earth Power|p2a: Heatran
|-supereffective|p2a: Heatran
|-crit|p2a: Heatran
|-damage|p2a: Heatran|0 fnt
|faint|p2a: Heatran
|
|-damage|p1a: Bullet|55/100 brn|[from] brn
|upkeep
|
|t:|1779861434
|switch|p2a: Raging Bolt|Raging Bolt|22/100
|-damage|p2a: Raging Bolt|9/100|[from] Stealth Rock
|turn|11
|
|t:|1779861439
|switch|p1a: Hybrid|Hydreigon, M, shiny|69/100
|move|p2a: Raging Bolt|Thunderclap||[still]
|-fail|p2a: Raging Bolt
|
|-heal|p2a: Raging Bolt|15/100|[from] item: Leftovers
|upkeep
|turn|12
|
|t:|1779861444
|move|p1a: Hybrid|Flash Cannon|p2a: Raging Bolt
|-resisted|p2a: Raging Bolt
|-damage|p2a: Raging Bolt|0 fnt
|faint|p2a: Raging Bolt
|-end|p2a: Raging Bolt|Protosynthesis|[silent]
|
|upkeep
|
|t:|1779861450
|switch|p2a: Primarina|Primarina, F, shiny|94/100
|-damage|p2a: Primarina|82/100|[from] Stealth Rock
|turn|13
|j| bhybhww
|
|t:|1779861456
|switch|p1a: Kong|Rillaboom, M, shiny|66/100
|-fieldstart|move: Grassy Terrain|[from] ability: Grassy Surge|[of] p1a: Kong
|move|p2a: Primarina|Draining Kiss|p1a: Kong
|-damage|p1a: Kong|25/100
|-heal|p2a: Primarina|100/100|[from] drain|[of] p1a: Kong
|
|-heal|p1a: Kong|32/100|[from] Grassy Terrain
|upkeep
|turn|14
|
|t:|1779861459
|switch|p1a: Spirit Rush|Gholdengo, shiny|100/100
|-enditem|p1a: Spirit Rush|Grassy Seed
|-boost|p1a: Spirit Rush|def|1|[from] item: Grassy Seed
|move|p2a: Primarina|Draining Kiss|p1a: Spirit Rush
|-resisted|p1a: Spirit Rush
|-crit|p1a: Spirit Rush
|-damage|p1a: Spirit Rush|85/100
|
|-heal|p1a: Spirit Rush|91/100|[from] Grassy Terrain
|upkeep
|turn|15
|
|t:|1779861462
|move|p1a: Spirit Rush|Nasty Plot|p1a: Spirit Rush
|-boost|p1a: Spirit Rush|spa|2
|move|p2a: Primarina|Sparkling Aria|p1a: Spirit Rush
|-damage|p1a: Spirit Rush|53/100
|
|-heal|p1a: Spirit Rush|59/100|[from] Grassy Terrain
|upkeep
|turn|16
|
|t:|1779861464
|switch|p2a: Garchomp|Garchomp, M|100/100
|-damage|p2a: Garchomp|94/100|[from] Stealth Rock
|move|p1a: Spirit Rush|Nasty Plot|p1a: Spirit Rush
|-boost|p1a: Spirit Rush|spa|2
|
|-heal|p2a: Garchomp|100/100|[from] Grassy Terrain
|-heal|p1a: Spirit Rush|65/100|[from] Grassy Terrain
|upkeep
|turn|17
|
|t:|1779861468
|move|p2a: Garchomp|Earthquake|p1a: Spirit Rush
|-supereffective|p1a: Spirit Rush
|-damage|p1a: Spirit Rush|33/100
|move|p1a: Spirit Rush|Make It Rain|p2a: Garchomp
|-damage|p2a: Garchomp|0 fnt
|-unboost|p1a: Spirit Rush|spa|1
|faint|p2a: Garchomp
|
|-heal|p1a: Spirit Rush|39/100|[from] Grassy Terrain
|-fieldend|move: Grassy Terrain
|upkeep
|
|t:|1779861471
|switch|p2a: Weavile|Weavile, F|100/100
|-damage|p2a: Weavile|76/100|[from] Stealth Rock
|-ability|p2a: Weavile|Pressure
|turn|18
|
|t:|1779861476
|-terastallize|p1a: Spirit Rush|Water
|move|p2a: Weavile|Knock Off|p1a: Spirit Rush
|-damage|p1a: Spirit Rush|18/100
|move|p1a: Spirit Rush|Recover|p1a: Spirit Rush
|-heal|p1a: Spirit Rush|68/100
|
|upkeep
|turn|19
|-message|isaac_gam3r forfeited.
|
|win|goodnightnite
|raw|goodnightnite's rating: 1767 &rarr; <strong>1785</strong><br />(+18 for winning)
|raw|isaac_gam3r's rating: 1726 &rarr; <strong>1708</strong><br />(-18 for losing)
|l|☆isaac_gam3r
|player|p2|
|l| bhybhww
|l|☆goodnightnite
|player|p1|
