|j|☆annoxia
|j|☆play party
|t:|1779805475
|gametype|singles
|player|p1|annoxia|caitlin|1327
|player|p2|play party|170|1377
|gen|9
|tier|[Gen 9] OU
|rated|
|rule|HP Percentage Mod: HP is shown in percentages
|rule|Endless Battle Clause: Forcing endless battles is banned
|rule|Species Clause: Limit one of each Pokémon
|rule|OHKO Clause: OHKO moves are banned
|rule|Evasion Items Clause: Evasion items are banned
|rule|Evasion Moves Clause: Evasion moves are banned
|rule|Evasion Abilities Clause: Evasion abilities are banned
|rule|Sleep Moves Clause: Sleep-inducing moves are banned
|clearpoke
|poke|p1|Weavile, F|
|poke|p1|Gliscor, M|
|poke|p1|Pecharunt|
|poke|p1|Darkrai|
|poke|p1|Dragonite, F|
|poke|p1|Gholdengo|
|poke|p2|Mew|
|poke|p2|Iron Valiant|
|poke|p2|Iron Treads|
|poke|p2|Raging Bolt|
|poke|p2|Golem-Alola, M|
|poke|p2|Iron Jugulis|
|teampreview
|
|t:|1779805490
|teamsize|p1|6
|teamsize|p2|6
|start
|switch|p1a: Weavile|Weavile, F|100/100
|switch|p2a: Mew|Mew|100/100
|-ability|p1a: Weavile|Pressure
|turn|1
|
|t:|1779805508
|switch|p2a: Iron Treads|Iron Treads|100/100
|move|p1a: Weavile|Knock Off|p2a: Iron Treads
|-damage|p2a: Iron Treads|46/100
|-enditem|p2a: Iron Treads|Heavy-Duty Boots|[from] move: Knock Off|[of] p1a: Weavile
|
|upkeep
|turn|2
|
|t:|1779805517
|switch|p1a: Gliscor|Gliscor, M|100/100
|move|p2a: Iron Treads|Iron Head|p1a: Gliscor
|-damage|p1a: Gliscor|81/100
|
|-status|p1a: Gliscor|tox|[from] item: Toxic Orb
|upkeep
|turn|3
|
|t:|1779805520
|move|p2a: Iron Treads|Knock Off|p1a: Gliscor
|-crit|p1a: Gliscor
|-damage|p1a: Gliscor|56/100 tox
|-enditem|p1a: Gliscor|Toxic Orb|[from] move: Knock Off|[of] p2a: Iron Treads
|move|p1a: Gliscor|Stealth Rock|p2a: Iron Treads
|-sidestart|p2: play party|move: Stealth Rock
|
|-heal|p1a: Gliscor|69/100 tox|[from] ability: Poison Heal
|upkeep
|turn|4
|
|t:|1779805526
|move|p1a: Gliscor|Protect|p1a: Gliscor
|-singleturn|p1a: Gliscor|Protect
|move|p2a: Iron Treads|Rapid Spin|p1a: Gliscor
|-activate|p1a: Gliscor|move: Protect
|
|-heal|p1a: Gliscor|81/100 tox|[from] ability: Poison Heal
|upkeep
|turn|5
|
|t:|1779805536
|switch|p1a: Pecharunt|Pecharunt|100/100
|move|p2a: Iron Treads|Rapid Spin|p1a: Pecharunt
|-immune|p1a: Pecharunt
|
|upkeep
|turn|6
|
|t:|1779805540
|move|p2a: Iron Treads|Knock Off|p1a: Pecharunt
|-supereffective|p1a: Pecharunt
|-damage|p1a: Pecharunt|65/100
|-damage|p2a: Iron Treads|30/100|[from] item: Rocky Helmet|[of] p1a: Pecharunt
|-enditem|p1a: Pecharunt|Rocky Helmet|[from] move: Knock Off|[of] p2a: Iron Treads
|move|p1a: Pecharunt|Hex|p2a: Iron Treads
|-damage|p2a: Iron Treads|4/100
|
|upkeep
|turn|7
|
|t:|1779805547
|move|p2a: Iron Treads|Volt Switch|p1a: Pecharunt
|-damage|p1a: Pecharunt|58/100
|
|t:|1779805551
|-end|p2a: Iron Treads|Quark Drive|[silent]
|switch|p2a: Mew|Mew|100/100|[from] Volt Switch
|-damage|p2a: Mew|88/100|[from] Stealth Rock
|move|p1a: Pecharunt|Hex|p2a: Mew
|-supereffective|p2a: Mew
|-damage|p2a: Mew|49/100
|
|upkeep
|turn|8
|
|t:|1779805557
|move|p2a: Mew|Electric Terrain|p2a: Mew
|-fieldstart|move: Electric Terrain
|move|p1a: Pecharunt|Parting Shot|p2a: Mew
|-unboost|p2a: Mew|atk|1
|-unboost|p2a: Mew|spa|1
|
|t:|1779805562
|switch|p1a: Gliscor|Gliscor, M|81/100 tox|[from] Parting Shot
|
|-heal|p1a: Gliscor|94/100 tox|[from] ability: Poison Heal
|upkeep
|turn|9
|
|t:|1779805565
|move|p2a: Mew|Stealth Rock|p1a: Gliscor
|-sidestart|p1: annoxia|move: Stealth Rock
|move|p1a: Gliscor|Spikes|p2a: Mew
|-sidestart|p2: play party|Spikes
|
|-heal|p1a: Gliscor|100/100 tox|[from] ability: Poison Heal
|upkeep
|turn|10
|
|t:|1779805576
|switch|p2a: Iron Jugulis|Iron Jugulis|100/100
|-damage|p2a: Iron Jugulis|75/100|[from] Stealth Rock
|-activate|p2a: Iron Jugulis|ability: Quark Drive
|-start|p2a: Iron Jugulis|quarkdrivespd
|move|p1a: Gliscor|Spikes|p2a: Iron Jugulis
|-sidestart|p2: play party|Spikes
|
|upkeep
|turn|11
|
|t:|1779805583
|move|p2a: Iron Jugulis|Dark Pulse|p1a: Gliscor
|-crit|p1a: Gliscor
|-damage|p1a: Gliscor|37/100 tox
|move|p1a: Gliscor|U-turn|p2a: Iron Jugulis
|-damage|p2a: Iron Jugulis|60/100
|
|t:|1779805591
|switch|p1a: Darkrai|Darkrai|100/100|[from] U-turn
|
|upkeep
|turn|12
|
|t:|1779805597
|move|p1a: Darkrai|Nasty Plot|p1a: Darkrai
|-boost|p1a: Darkrai|spa|2
|move|p2a: Iron Jugulis|Air Slash|p1a: Darkrai
|-damage|p1a: Darkrai|63/100
|
|upkeep
|turn|13
|
|t:|1779805603
|move|p1a: Darkrai|Ice Beam|p2a: Iron Jugulis
|-supereffective|p2a: Iron Jugulis
|-damage|p2a: Iron Jugulis|12/100
|-status|p2a: Iron Jugulis|frz
|-curestatus|p2a: Iron Jugulis|frz|[msg]
|move|p2a: Iron Jugulis|Air Slash|p1a: Darkrai
|-damage|p1a: Darkrai|24/100
|
|upkeep
|turn|14
|
|t:|1779805609
|move|p1a: Darkrai|Ice Beam|p2a: Iron Jugulis
|-supereffective|p2a: Iron Jugulis
|-damage|p2a: Iron Jugulis|0 fnt
|faint|p2a: Iron Jugulis
|-end|p2a: Iron Jugulis|Quark Drive|[silent]
|
|upkeep
|
|t:|1779805612
|switch|p2a: Iron Valiant|Iron Valiant|100/100
|-damage|p2a: Iron Valiant|94/100|[from] Stealth Rock
|-damage|p2a: Iron Valiant|78/100|[from] Spikes
|-activate|p2a: Iron Valiant|ability: Quark Drive
|-start|p2a: Iron Valiant|quarkdrivespe
|turn|15
|
|t:|1779805619
|switch|p1a: Pecharunt|Pecharunt|58/100
|-damage|p1a: Pecharunt|45/100|[from] Stealth Rock
|move|p2a: Iron Valiant|Moonblast|p1a: Pecharunt
|-resisted|p1a: Pecharunt
|-damage|p1a: Pecharunt|25/100
|-unboost|p1a: Pecharunt|spa|1
|-damage|p2a: Iron Valiant|68/100|[from] item: Life Orb
|
|-fieldend|move: Electric Terrain
|-end|p2a: Iron Valiant|Quark Drive
|upkeep
|turn|16
|
|t:|1779805627
|move|p2a: Iron Valiant|Thunderbolt|p1a: Pecharunt
|-damage|p1a: Pecharunt|0 fnt
|faint|p1a: Pecharunt
|-damage|p2a: Iron Valiant|58/100|[from] item: Life Orb
|
|upkeep
|
|t:|1779805631
|switch|p1a: Darkrai|Darkrai|24/100
|turn|17
|
|t:|1779805639
|move|p1a: Darkrai|Sludge Bomb|p2a: Iron Valiant
|-supereffective|p2a: Iron Valiant
|-damage|p2a: Iron Valiant|0 fnt
|faint|p2a: Iron Valiant
|-end|p2a: Iron Valiant|Quark Drive|[silent]
|
|upkeep
|
|t:|1779805646
|switch|p2a: Mew|Mew|49/100
|-damage|p2a: Mew|36/100|[from] Stealth Rock
|-damage|p2a: Mew|20/100|[from] Spikes
|turn|18
|
|t:|1779805650
|move|p1a: Darkrai|Sludge Bomb|p2a: Mew
|-damage|p2a: Mew|0 fnt
|faint|p2a: Mew
|
|upkeep
|
|t:|1779805654
|switch|p2a: Raging Bolt|Raging Bolt|100/100
|-damage|p2a: Raging Bolt|88/100|[from] Stealth Rock
|-damage|p2a: Raging Bolt|72/100|[from] Spikes
|-enditem|p2a: Raging Bolt|Booster Energy
|-activate|p2a: Raging Bolt|ability: Protosynthesis|[fromitem]
|-start|p2a: Raging Bolt|protosynthesisspa
|turn|19
|
|t:|1779805658
|move|p1a: Darkrai|Sludge Bomb|p2a: Raging Bolt
|-damage|p2a: Raging Bolt|50/100
|move|p2a: Raging Bolt|Draco Meteor|p1a: Darkrai
|-damage|p1a: Darkrai|0 fnt
|-unboost|p2a: Raging Bolt|spa|2
|faint|p1a: Darkrai
|
|upkeep
|
|t:|1779805666
|switch|p1a: Dragonite|Dragonite, F|100/100
|turn|20
|
|t:|1779805675
|move|p1a: Dragonite|Dragon Dance|p1a: Dragonite
|-boost|p1a: Dragonite|atk|1
|-boost|p1a: Dragonite|spe|1
|move|p2a: Raging Bolt|Rising Voltage|p1a: Dragonite
|-damage|p1a: Dragonite|87/100
|
|upkeep
|turn|21
|
|t:|1779805679
|move|p1a: Dragonite|Earthquake|p2a: Raging Bolt
|-supereffective|p2a: Raging Bolt
|-damage|p2a: Raging Bolt|0 fnt
|faint|p2a: Raging Bolt
|-end|p2a: Raging Bolt|Protosynthesis|[silent]
|
|upkeep
|
|t:|1779805683
|switch|p2a: Golem|Golem-Alola, M|100/100
|-damage|p2a: Golem|88/100|[from] Stealth Rock
|-damage|p2a: Golem|72/100|[from] Spikes
|turn|22
|
|t:|1779805687
|-terastallize|p2a: Golem|Grass
|move|p1a: Dragonite|Earthquake|p2a: Golem
|-resisted|p2a: Golem
|-damage|p2a: Golem|54/100
|move|p2a: Golem|Curse|p2a: Golem
|-unboost|p2a: Golem|spe|1
|-boost|p2a: Golem|atk|1
|-boost|p2a: Golem|def|1
|
|-heal|p2a: Golem|60/100|[from] item: Leftovers
|upkeep
|turn|23
|
|t:|1779805693
|move|p1a: Dragonite|Ice Spinner|p2a: Golem
|-supereffective|p2a: Golem
|-damage|p2a: Golem|24/100
|move|p2a: Golem|Curse|p2a: Golem
|-unboost|p2a: Golem|spe|1
|-boost|p2a: Golem|atk|1
|-boost|p2a: Golem|def|1
|
|-heal|p2a: Golem|30/100|[from] item: Leftovers
|upkeep
|turn|24
|
|t:|1779805702
|-terastallize|p1a: Dragonite|Flying
|move|p1a: Dragonite|Aerial Ace|p2a: Golem
|-supereffective|p2a: Golem
|-damage|p2a: Golem|0 fnt
|faint|p2a: Golem
|
|upkeep
|
|t:|1779805705
|switch|p2a: Iron Treads|Iron Treads|4/100
|-damage|p2a: Iron Treads|0 fnt|[from] Stealth Rock
|faint|p2a: Iron Treads
|-end|p2a: Iron Treads|Quark Drive|[silent]
|
|win|annoxia
|raw|annoxia's rating: 1327 &rarr; <strong>1350</strong><br />(+23 for winning)
|raw|play party's rating: 1377 &rarr; <strong>1354</strong><br />(-23 for losing)
|l|☆play party
|player|p2|
|l|☆annoxia
|player|p1|
