|j|☆YoSoyDelBronx
|j|☆LLCDoubleOG
|t:|1779893015
|gametype|singles
|player|p1|YoSoyDelBronx|noland|1190
|player|p2|LLCDoubleOG|dancer|1177
|gen|9
|tier|[Gen 9] OU
|rated|
|rule|HP Percentage Mod: HP is shown in percentages
|rule|Endless Battle Clause: Forcing endless battles is banned
|rule|Species Clause: Limit one of each Pokémon
|rule|OHKO Clause: OHKO moves are banned
|rule|Evasion Items Clause: Evasion items are banned
|rule|Evasion Moves Clause: Evasion moves are banned
|rule|Evasion Abilities Clause: Evasion abilities are banned
|rule|Sleep Moves Clause: Sleep-inducing moves are banned
|clearpoke
|poke|p1|Corviknight, M|
|poke|p1|Cinderace, F|
|poke|p1|Porygon-Z|
|poke|p1|Zamazenta-*|
|poke|p1|Primarina, F|
|poke|p1|Golem-Alola, M|
|poke|p2|Farigiraf, M|
|poke|p2|Moltres|
|poke|p2|Alomomola, M|
|poke|p2|Landorus-Therian, M|
|poke|p2|Meowscarada, M|
|poke|p2|Great Tusk|
|teampreview
|inactive|Battle timer is ON: inactive players will automatically lose when time's up. (requested by LLCDoubleOG)
|inactive|LLCDoubleOG has 120 seconds left.
|
|t:|1779893091
|teamsize|p1|6
|teamsize|p2|6
|start
|switch|p1a: Porygon-Z|Porygon-Z|100/100
|switch|p2a: Alomomola|Alomomola, M|100/100
|-ability|p1a: Porygon-Z|Download|boost
|-boost|p1a: Porygon-Z|atk|1
|turn|1
|
|t:|1779893099
|switch|p1a: Corviknight|Corviknight, M|100/100
|-ability|p1a: Corviknight|Pressure
|move|p2a: Alomomola|Flip Turn|p1a: Corviknight
|-damage|p1a: Corviknight|90/100
|-damage|p2a: Alomomola|84/100|[from] item: Rocky Helmet|[of] p1a: Corviknight
|
|t:|1779893106
|switch|p2a: Moltres|Moltres|100/100|[from] Flip Turn
|
|upkeep
|turn|2
|
|t:|1779893122
|switch|p1a: Cinderace|Cinderace, F|100/100
|move|p2a: Moltres|Will-O-Wisp|p1a: Cinderace|[miss]
|-miss|p2a: Moltres|p1a: Cinderace
|
|upkeep
|turn|3
|
|t:|1779893126
|move|p1a: Cinderace|U-turn|p2a: Moltres
|-resisted|p2a: Moltres
|-damage|p2a: Moltres|97/100
|
|t:|1779893130
|switch|p1a: Primarina|Primarina, F|100/100|[from] U-turn
|move|p2a: Moltres|Will-O-Wisp|p1a: Primarina
|-status|p1a: Primarina|brn
|
|-damage|p1a: Primarina|94/100 brn|[from] brn
|upkeep
|turn|4
|
|t:|1779893139
|switch|p2a: Alomomola|Alomomola, M|100/100
|move|p1a: Primarina|Substitute|p1a: Primarina
|-start|p1a: Primarina|Substitute
|-damage|p1a: Primarina|69/100 brn
|
|-heal|p1a: Primarina|75/100 brn|[from] item: Leftovers
|-damage|p1a: Primarina|69/100 brn|[from] brn
|upkeep
|turn|5
|
|t:|1779893141
|move|p2a: Alomomola|Body Slam|p1a: Primarina
|-activate|p1a: Primarina|move: Substitute|[damage]
|move|p1a: Primarina|Calm Mind|p1a: Primarina
|-boost|p1a: Primarina|spa|1
|-boost|p1a: Primarina|spd|1
|
|-heal|p1a: Primarina|75/100 brn|[from] item: Leftovers
|-damage|p1a: Primarina|69/100 brn|[from] brn
|upkeep
|turn|6
|
|t:|1779893144
|move|p2a: Alomomola|Body Slam|p1a: Primarina
|-end|p1a: Primarina|Substitute
|move|p1a: Primarina|Calm Mind|p1a: Primarina
|-boost|p1a: Primarina|spa|1
|-boost|p1a: Primarina|spd|1
|
|-heal|p1a: Primarina|75/100 brn|[from] item: Leftovers
|-damage|p1a: Primarina|69/100 brn|[from] brn
|upkeep
|turn|7
|
|t:|1779893148
|move|p2a: Alomomola|Body Slam|p1a: Primarina
|-damage|p1a: Primarina|56/100 brn
|move|p1a: Primarina|Substitute|p1a: Primarina
|-start|p1a: Primarina|Substitute
|-damage|p1a: Primarina|31/100 brn
|
|-heal|p1a: Primarina|37/100 brn|[from] item: Leftovers
|-damage|p1a: Primarina|31/100 brn|[from] brn
|upkeep
|turn|8
|
|t:|1779893151
|move|p2a: Alomomola|Body Slam|p1a: Primarina
|-activate|p1a: Primarina|move: Substitute|[damage]
|move|p1a: Primarina|Calm Mind|p1a: Primarina
|-boost|p1a: Primarina|spa|1
|-boost|p1a: Primarina|spd|1
|
|-heal|p1a: Primarina|37/100 brn|[from] item: Leftovers
|-damage|p1a: Primarina|31/100 brn|[from] brn
|upkeep
|turn|9
|
|t:|1779893153
|move|p2a: Alomomola|Body Slam|p1a: Primarina
|-end|p1a: Primarina|Substitute
|move|p1a: Primarina|Draining Kiss|p2a: Alomomola
|-damage|p2a: Alomomola|75/100
|-heal|p1a: Primarina|58/100 brn|[from] drain|[of] p2a: Alomomola
|
|-heal|p1a: Primarina|65/100 brn|[from] item: Leftovers
|-damage|p1a: Primarina|58/100 brn|[from] brn
|upkeep
|turn|10
|
|t:|1779893161
|move|p2a: Alomomola|Body Slam|p1a: Primarina
|-crit|p1a: Primarina
|-damage|p1a: Primarina|41/100 brn
|move|p1a: Primarina|Substitute|p1a: Primarina
|-start|p1a: Primarina|Substitute
|-damage|p1a: Primarina|16/100 brn
|
|-heal|p1a: Primarina|22/100 brn|[from] item: Leftovers
|-damage|p1a: Primarina|16/100 brn|[from] brn
|upkeep
|turn|11
|
|t:|1779893164
|move|p2a: Alomomola|Body Slam|p1a: Primarina
|-activate|p1a: Primarina|move: Substitute|[damage]
|move|p1a: Primarina|Draining Kiss|p2a: Alomomola
|-damage|p2a: Alomomola|50/100
|-heal|p1a: Primarina|43/100 brn|[from] drain|[of] p2a: Alomomola
|
|-heal|p1a: Primarina|49/100 brn|[from] item: Leftovers
|-damage|p1a: Primarina|43/100 brn|[from] brn
|upkeep
|turn|12
|
|t:|1779893168
|move|p2a: Alomomola|Body Slam|p1a: Primarina
|-end|p1a: Primarina|Substitute
|move|p1a: Primarina|Draining Kiss|p2a: Alomomola
|-damage|p2a: Alomomola|26/100
|-heal|p1a: Primarina|70/100 brn|[from] drain|[of] p2a: Alomomola
|
|-heal|p1a: Primarina|76/100 brn|[from] item: Leftovers
|-damage|p1a: Primarina|70/100 brn|[from] brn
|upkeep
|turn|13
|
|t:|1779893173
|move|p2a: Alomomola|Flip Turn|p1a: Primarina
|-resisted|p1a: Primarina
|-damage|p1a: Primarina|63/100 brn
|
|t:|1779893174
|switch|p2a: Meowscarada|Meowscarada, M|100/100|[from] Flip Turn
|move|p1a: Primarina|Substitute|p1a: Primarina
|-start|p1a: Primarina|Substitute
|-damage|p1a: Primarina|38/100 brn
|
|-heal|p1a: Primarina|44/100 brn|[from] item: Leftovers
|-damage|p1a: Primarina|38/100 brn|[from] brn
|upkeep
|turn|14
|
|t:|1779893179
|move|p2a: Meowscarada|Flower Trick|p1a: Primarina
|-start|p2a: Meowscarada|typechange|Grass|[from] ability: Protean
|-supereffective|p1a: Primarina
|-crit|p1a: Primarina
|-end|p1a: Primarina|Substitute
|move|p1a: Primarina|Draining Kiss|p2a: Meowscarada
|-damage|p2a: Meowscarada|17/100
|-heal|p1a: Primarina|89/100 brn|[from] drain|[of] p2a: Meowscarada
|
|-heal|p1a: Primarina|95/100 brn|[from] item: Leftovers
|-damage|p1a: Primarina|89/100 brn|[from] brn
|upkeep
|turn|15
|
|t:|1779893183
|-terastallize|p1a: Primarina|Poison
|move|p2a: Meowscarada|Flower Trick|p1a: Primarina
|-resisted|p1a: Primarina
|-crit|p1a: Primarina
|-damage|p1a: Primarina|67/100 brn
|move|p1a: Primarina|Substitute|p1a: Primarina
|-start|p1a: Primarina|Substitute
|-damage|p1a: Primarina|42/100 brn
|
|-heal|p1a: Primarina|48/100 brn|[from] item: Leftovers
|-damage|p1a: Primarina|42/100 brn|[from] brn
|upkeep
|turn|16
|
|t:|1779893187
|move|p2a: Meowscarada|Flower Trick|p1a: Primarina
|-resisted|p1a: Primarina
|-crit|p1a: Primarina
|-activate|p1a: Primarina|move: Substitute|[damage]
|move|p1a: Primarina|Draining Kiss|p2a: Meowscarada
|-damage|p2a: Meowscarada|0 fnt
|-heal|p1a: Primarina|52/100 brn|[from] drain|[of] p2a: Meowscarada
|faint|p2a: Meowscarada
|
|-heal|p1a: Primarina|58/100 brn|[from] item: Leftovers
|-damage|p1a: Primarina|52/100 brn|[from] brn
|upkeep
|
|t:|1779893190
|switch|p2a: Great Tusk|Great Tusk|100/100
|-enditem|p2a: Great Tusk|Booster Energy
|-activate|p2a: Great Tusk|ability: Protosynthesis|[fromitem]
|-start|p2a: Great Tusk|protosynthesisatk
|turn|17
|
|t:|1779893194
|-terastallize|p2a: Great Tusk|Steel
|move|p2a: Great Tusk|Rapid Spin|p1a: Primarina
|-crit|p1a: Primarina
|-end|p1a: Primarina|Substitute
|-boost|p2a: Great Tusk|spe|1
|move|p1a: Primarina|Draining Kiss|p2a: Great Tusk
|-resisted|p2a: Great Tusk
|-damage|p2a: Great Tusk|58/100
|-heal|p1a: Primarina|85/100 brn|[from] drain|[of] p2a: Great Tusk
|
|-heal|p1a: Primarina|91/100 brn|[from] item: Leftovers
|-damage|p1a: Primarina|85/100 brn|[from] brn
|upkeep
|turn|18
|
|t:|1779893210
|switch|p1a: Corviknight|Corviknight, M|90/100
|-ability|p1a: Corviknight|Pressure
|move|p2a: Great Tusk|Headlong Rush|p1a: Corviknight
|-immune|p1a: Corviknight
|
|upkeep
|turn|19
|
|t:|1779893216
|move|p2a: Great Tusk|Close Combat|p1a: Corviknight
|-damage|p1a: Corviknight|43/100
|-unboost|p2a: Great Tusk|def|1
|-unboost|p2a: Great Tusk|spd|1
|-damage|p2a: Great Tusk|41/100|[from] item: Rocky Helmet|[of] p1a: Corviknight
|move|p1a: Corviknight|Body Press|p2a: Great Tusk
|-supereffective|p2a: Great Tusk
|-damage|p2a: Great Tusk|0 fnt
|faint|p2a: Great Tusk
|-end|p2a: Great Tusk|Protosynthesis|[silent]
|
|upkeep
|
|t:|1779893221
|switch|p2a: Landorus|Landorus-Therian, M|100/100
|-ability|p2a: Landorus|Intimidate|boost
|-unboost|p1a: Corviknight|atk|1
|turn|20
|
|t:|1779893225
|move|p2a: Landorus|Stealth Rock|p1a: Corviknight
|-sidestart|p1: YoSoyDelBronx|move: Stealth Rock
|move|p1a: Corviknight|Roost|p1a: Corviknight
|-heal|p1a: Corviknight|93/100
|-singleturn|p1a: Corviknight|move: Roost
|
|upkeep
|turn|21
|
|t:|1779893229
|move|p2a: Landorus|Taunt|p1a: Corviknight
|-start|p1a: Corviknight|move: Taunt
|cant|p1a: Corviknight|move: Taunt|Defog
|
|upkeep
|turn|22
|
|t:|1779893231
|switch|p2a: Moltres|Moltres|97/100
|move|p1a: Corviknight|U-turn|p2a: Moltres
|-resisted|p2a: Moltres
|-damage|p2a: Moltres|95/100
|
|t:|1779893236
|switch|p1a: Primarina|Primarina, F, tera:Poison|85/100 brn|[from] U-turn
|-damage|p1a: Primarina|72/100 brn|[from] Stealth Rock
|
|-heal|p1a: Primarina|79/100 brn|[from] item: Leftovers
|-damage|p1a: Primarina|72/100 brn|[from] brn
|upkeep
|turn|23
|
|t:|1779893239
|move|p2a: Moltres|Scorching Sands|p1a: Primarina
|-supereffective|p1a: Primarina
|-damage|p1a: Primarina|38/100 brn
|move|p1a: Primarina|Substitute|p1a: Primarina
|-start|p1a: Primarina|Substitute
|-damage|p1a: Primarina|13/100 brn
|
|-heal|p1a: Primarina|19/100 brn|[from] item: Leftovers
|-damage|p1a: Primarina|13/100 brn|[from] brn
|upkeep
|turn|24
|
|t:|1779893243
|move|p2a: Moltres|Scorching Sands|p1a: Primarina
|-supereffective|p1a: Primarina
|-end|p1a: Primarina|Substitute
|move|p1a: Primarina|Psychic Noise|p2a: Moltres
|-supereffective|p2a: Moltres
|-damage|p2a: Moltres|26/100
|-start|p2a: Moltres|move: Heal Block
|
|-heal|p1a: Primarina|19/100 brn|[from] item: Leftovers
|-damage|p1a: Primarina|13/100 brn|[from] brn
|upkeep
|turn|25
|
|t:|1779893253
|move|p2a: Moltres|Flamethrower|p1a: Primarina
|-damage|p1a: Primarina|0 fnt
|faint|p1a: Primarina
|
|-end|p2a: Moltres|move: Heal Block
|upkeep
|
|t:|1779893259
|switch|p1a: Porygon-Z|Porygon-Z|100/100
|-damage|p1a: Porygon-Z|88/100|[from] Stealth Rock
|-ability|p1a: Porygon-Z|Download|boost
|-boost|p1a: Porygon-Z|spa|1
|turn|26
|
|t:|1779893264
|move|p1a: Porygon-Z|Tri Attack|p2a: Moltres
|-damage|p2a: Moltres|0 fnt
|faint|p2a: Moltres
|
|upkeep
|
|t:|1779893266
|switch|p2a: Alomomola|Alomomola, M|59/100
|turn|27
|
|t:|1779893269
|move|p1a: Porygon-Z|Tri Attack|p2a: Alomomola
|-damage|p2a: Alomomola|16/100
|move|p2a: Alomomola|Flip Turn|p1a: Porygon-Z
|-damage|p1a: Porygon-Z|64/100
|
|t:|1779893274
|switch|p2a: Farigiraf|Farigiraf, M|100/100|[from] Flip Turn
|
|upkeep
|turn|28
|
|t:|1779893282
|move|p1a: Porygon-Z|Tri Attack|p2a: Farigiraf
|-damage|p2a: Farigiraf|0 fnt
|faint|p2a: Farigiraf
|
|upkeep
|
|t:|1779893286
|switch|p2a: Alomomola|Alomomola, M|49/100
|turn|29
|
|t:|1779893291
|move|p1a: Porygon-Z|Tri Attack|p2a: Alomomola
|-damage|p2a: Alomomola|4/100
|-status|p2a: Alomomola|par
|move|p2a: Alomomola|Flip Turn|p1a: Porygon-Z
|-damage|p1a: Porygon-Z|39/100
|
|t:|1779893297
|switch|p2a: Landorus|Landorus-Therian, M|100/100|[from] Flip Turn
|-ability|p2a: Landorus|Intimidate|boost
|-unboost|p1a: Porygon-Z|atk|1
|
|upkeep
|turn|30
|
|t:|1779893300
|move|p2a: Landorus|Earth Power|p1a: Porygon-Z
|-damage|p1a: Porygon-Z|0 fnt
|faint|p1a: Porygon-Z
|
|upkeep
|
|t:|1779893308
|switch|p1a: Corviknight|Corviknight, M|93/100
|-damage|p1a: Corviknight|80/100|[from] Stealth Rock
|-ability|p1a: Corviknight|Pressure
|turn|31
|
|t:|1779893311
|move|p2a: Landorus|Taunt|p1a: Corviknight
|-start|p1a: Corviknight|move: Taunt
|move|p1a: Corviknight|U-turn|p2a: Landorus
|-resisted|p2a: Landorus
|-damage|p2a: Landorus|92/100
|-damage|p1a: Corviknight|64/100|[from] item: Rocky Helmet|[of] p2a: Landorus
|
|t:|1779893315
|switch|p1a: Zamazenta|Zamazenta|100/100|[from] U-turn
|-damage|p1a: Zamazenta|94/100|[from] Stealth Rock
|-ability|p1a: Zamazenta|Dauntless Shield|boost
|-boost|p1a: Zamazenta|def|1
|
|-heal|p1a: Zamazenta|100/100|[from] item: Leftovers
|upkeep
|turn|32
|
|t:|1779893317
|move|p1a: Zamazenta|Iron Defense|p1a: Zamazenta
|-boost|p1a: Zamazenta|def|2
|move|p2a: Landorus|Earth Power|p1a: Zamazenta
|-damage|p1a: Zamazenta|69/100
|
|-heal|p1a: Zamazenta|75/100|[from] item: Leftovers
|upkeep
|turn|33
|
|t:|1779893321
|move|p1a: Zamazenta|Iron Defense|p1a: Zamazenta
|-boost|p1a: Zamazenta|def|2
|move|p2a: Landorus|Earth Power|p1a: Zamazenta
|-damage|p1a: Zamazenta|45/100
|
|-heal|p1a: Zamazenta|51/100|[from] item: Leftovers
|upkeep
|turn|34
|
|t:|1779893326
|move|p1a: Zamazenta|Body Press|p2a: Landorus
|-resisted|p2a: Landorus
|-damage|p2a: Landorus|27/100
|-damage|p1a: Zamazenta|34/100|[from] item: Rocky Helmet|[of] p2a: Landorus
|move|p2a: Landorus|Earth Power|p1a: Zamazenta
|-damage|p1a: Zamazenta|4/100
|
|-heal|p1a: Zamazenta|10/100|[from] item: Leftovers
|upkeep
|turn|35
|
|t:|1779893333
|move|p1a: Zamazenta|Body Press|p2a: Landorus
|-resisted|p2a: Landorus
|-damage|p2a: Landorus|0 fnt
|-damage|p1a: Zamazenta|0 fnt|[from] item: Rocky Helmet|[of] p2a: Landorus
|faint|p2a: Landorus
|faint|p1a: Zamazenta
|
|upkeep
|-message|LLCDoubleOG forfeited.
|
|win|YoSoyDelBronx
|raw|YoSoyDelBronx's rating: 1190 &rarr; <strong>1214</strong><br />(+24 for winning)
|raw|LLCDoubleOG's rating: 1177 &rarr; <strong>1153</strong><br />(-24 for losing)
|l|☆LLCDoubleOG
|player|p2|
|l|☆YoSoyDelBronx
|player|p1|
