|j|☆hellgrrrl
|j|☆FPRMJ
|t:|1779933194
|gametype|singles
|player|p1|hellgrrrl|pokemonrangerf|1000
|player|p2|FPRMJ|266|1000
|gen|9
|tier|[Gen 9] OU
|rated|
|rule|HP Percentage Mod: HP is shown in percentages
|rule|Endless Battle Clause: Forcing endless battles is banned
|rule|Species Clause: Limit one of each Pokémon
|rule|OHKO Clause: OHKO moves are banned
|rule|Evasion Items Clause: Evasion items are banned
|rule|Evasion Moves Clause: Evasion moves are banned
|rule|Evasion Abilities Clause: Evasion abilities are banned
|rule|Sleep Moves Clause: Sleep-inducing moves are banned
|clearpoke
|poke|p1|Ceruledge, F|
|poke|p2|Ogerpon-Wellspring, F|
|poke|p2|Raging Bolt|
|poke|p2|Ting-Lu|
|poke|p2|Kingambit, M|
|poke|p2|Moltres|
|poke|p2|Gliscor, M|
|teampreview
|
|t:|1779933198
|teamsize|p1|1
|teamsize|p2|6
|start
|switch|p1a: Baleshapar|Ceruledge, F|100/100
|switch|p2a: Gliscor|Gliscor, M|100/100
|turn|1
|
|t:|1779933206
|-terastallize|p1a: Baleshapar|Fighting
|move|p2a: Gliscor|Stealth Rock|p1a: Baleshapar
|-sidestart|p1: hellgrrrl|move: Stealth Rock
|move|p1a: Baleshapar|Taunt|p2a: Gliscor
|-start|p2a: Gliscor|move: Taunt
|
|upkeep
|turn|2
|
|t:|1779933211
|move|p2a: Gliscor|Ice Fang|p1a: Baleshapar
|-damage|p1a: Baleshapar|85/100
|move|p1a: Baleshapar|Bulk Up|p1a: Baleshapar
|-boost|p1a: Baleshapar|atk|1
|-boost|p1a: Baleshapar|def|1
|
|upkeep
|turn|3
|
|t:|1779933222
|switch|p2a: Kingambit|Kingambit, M|100/100
|move|p1a: Baleshapar|Bulk Up|p1a: Baleshapar
|-boost|p1a: Baleshapar|atk|1
|-boost|p1a: Baleshapar|def|1
|
|upkeep
|turn|4
|
|t:|1779933228
|move|p1a: Baleshapar|Bulk Up|p1a: Baleshapar
|-boost|p1a: Baleshapar|atk|1
|-boost|p1a: Baleshapar|def|1
|move|p2a: Kingambit|Facade|p1a: Baleshapar
|-damage|p1a: Baleshapar|71/100
|-damage|p2a: Kingambit|91/100|[from] item: Life Orb
|
|upkeep
|turn|5
|
|t:|1779933235
|move|p1a: Baleshapar|Bitter Blade|p2a: Kingambit
|-supereffective|p2a: Kingambit
|-damage|p2a: Kingambit|0 fnt
|-heal|p1a: Baleshapar|100/100|[from] drain|[of] p2a: Kingambit
|faint|p2a: Kingambit
|
|upkeep
|
|t:|1779933240
|switch|p2a: Raging Bolt|Raging Bolt|100/100
|-enditem|p2a: Raging Bolt|Booster Energy
|-activate|p2a: Raging Bolt|ability: Protosynthesis|[fromitem]
|-start|p2a: Raging Bolt|protosynthesisspa
|turn|6
|
|t:|1779933246
|move|p1a: Baleshapar|Bulk Up|p1a: Baleshapar
|-boost|p1a: Baleshapar|atk|1
|-boost|p1a: Baleshapar|def|1
|move|p2a: Raging Bolt|Discharge|p1a: Baleshapar
|-damage|p1a: Baleshapar|59/100
|
|upkeep
|turn|7
|
|t:|1779933252
|move|p1a: Baleshapar|Bitter Blade|p2a: Raging Bolt
|-resisted|p2a: Raging Bolt
|-damage|p2a: Raging Bolt|57/100
|-heal|p1a: Baleshapar|83/100|[from] drain|[of] p2a: Raging Bolt
|move|p2a: Raging Bolt|Discharge|p1a: Baleshapar
|-damage|p1a: Baleshapar|46/100
|
|upkeep
|turn|8
|
|t:|1779933258
|move|p1a: Baleshapar|Shadow Sneak|p2a: Raging Bolt
|-damage|p2a: Raging Bolt|13/100
|move|p2a: Raging Bolt|Discharge|p1a: Baleshapar
|-damage|p1a: Baleshapar|6/100
|
|upkeep
|turn|9
|
|t:|1779933263
|move|p1a: Baleshapar|Shadow Sneak|p2a: Raging Bolt
|-damage|p2a: Raging Bolt|0 fnt
|faint|p2a: Raging Bolt
|-end|p2a: Raging Bolt|Protosynthesis|[silent]
|
|upkeep
|
|t:|1779933266
|switch|p2a: Ting-Lu|Ting-Lu|100/100
|-ability|p2a: Ting-Lu|Vessel of Ruin
|turn|10
|
|t:|1779933270
|move|p1a: Baleshapar|Bitter Blade|p2a: Ting-Lu
|-damage|p2a: Ting-Lu|42/100
|-heal|p1a: Baleshapar|44/100|[from] drain|[of] p2a: Ting-Lu
|move|p2a: Ting-Lu|Zen Headbutt|p1a: Baleshapar
|-supereffective|p1a: Baleshapar
|-damage|p1a: Baleshapar|22/100
|-damage|p2a: Ting-Lu|32/100|[from] item: Life Orb
|
|upkeep
|turn|11
|
|t:|1779933275
|move|p1a: Baleshapar|Bitter Blade|p2a: Ting-Lu
|-damage|p2a: Ting-Lu|0 fnt
|-heal|p1a: Baleshapar|42/100|[from] drain|[of] p2a: Ting-Lu
|faint|p2a: Ting-Lu
|
|upkeep
|
|t:|1779933279
|switch|p2a: Ogerpon|Ogerpon-Wellspring, F|100/100
|turn|12
|
|t:|1779933284
|move|p2a: Ogerpon|Giga Drain|p1a: Baleshapar
|-damage|p1a: Baleshapar|26/100
|move|p1a: Baleshapar|Bitter Blade|p2a: Ogerpon
|-damage|p2a: Ogerpon|0 fnt
|-heal|p1a: Baleshapar|75/100|[from] drain|[of] p2a: Ogerpon
|faint|p2a: Ogerpon
|
|upkeep
|l|☆FPRMJ
|player|p2|
|inactive|Battle timer is ON: inactive players will automatically lose when time's up. (requested by hellgrrrl)
|inactive|FPRMJ has 30 seconds to reconnect!
|inactive|FPRMJ has 20 seconds to reconnect!
|inactive|FPRMJ has 15 seconds to reconnect!
|inactive|FPRMJ has 10 seconds to reconnect!
|inactive|FPRMJ has 5 seconds to reconnect!
|-message|FPRMJ lost due to inactivity.
|
|win|hellgrrrl
|raw|hellgrrrl's rating: 1000 &rarr; <strong>1040</strong><br />(+40 for winning)
|raw|FPRMJ's rating: 1000 &rarr; <strong>1000</strong><br />(+0 for losing)
