|j|☆uubltohighladder
|j|☆Penguinxdd
|t:|1779935447
|gametype|singles
|player|p1|uubltohighladder|266|1445
|player|p2|Penguinxdd|veteran|1412
|gen|9
|tier|[Gen 9] OU
|rated|
|rule|HP Percentage Mod: HP is shown in percentages
|rule|Endless Battle Clause: Forcing endless battles is banned
|rule|Species Clause: Limit one of each Pokémon
|rule|OHKO Clause: OHKO moves are banned
|rule|Evasion Items Clause: Evasion items are banned
|rule|Evasion Moves Clause: Evasion moves are banned
|rule|Evasion Abilities Clause: Evasion abilities are banned
|rule|Sleep Moves Clause: Sleep-inducing moves are banned
|clearpoke
|poke|p1|Dragonite, M|
|poke|p1|Great Tusk|
|poke|p1|Deoxys-Speed|
|poke|p1|Gholdengo|
|poke|p1|Zamazenta-*|
|poke|p1|Iron Valiant|
|poke|p2|Hatterene, F|
|poke|p2|Iron Treads|
|poke|p2|Volcanion|
|poke|p2|Gholdengo|
|poke|p2|Darkrai|
|poke|p2|Garchomp, M|
|teampreview
|inactive|Battle timer is ON: inactive players will automatically lose when time's up. (requested by Penguinxdd)
|
|t:|1779935458
|teamsize|p1|6
|teamsize|p2|6
|start
|switch|p1a: Deoxys|Deoxys-Speed|100/100
|switch|p2a: Darkrai|Darkrai|100/100
|-ability|p1a: Deoxys|Pressure
|turn|1
|
|t:|1779935462
|move|p2a: Darkrai|Dark Pulse|p1a: Deoxys
|-supereffective|p1a: Deoxys
|-damage|p1a: Deoxys|3/100
|move|p1a: Deoxys|Stealth Rock|p2a: Darkrai
|-sidestart|p2: Penguinxdd|move: Stealth Rock
|
|upkeep
|turn|2
|
|t:|1779935469
|move|p2a: Darkrai|Dark Pulse|p1a: Deoxys
|-supereffective|p1a: Deoxys
|-damage|p1a: Deoxys|0 fnt
|faint|p1a: Deoxys
|
|upkeep
|
|t:|1779935473
|switch|p1a: Zamazenta|Zamazenta|100/100
|-ability|p1a: Zamazenta|Dauntless Shield|boost
|-boost|p1a: Zamazenta|def|1
|turn|3
|
|t:|1779935477
|switch|p2a: Lebron Rains|Gholdengo|100/100
|-damage|p2a: Lebron Rains|94/100|[from] Stealth Rock
|move|p1a: Zamazenta|Crunch|p2a: Lebron Rains
|-supereffective|p2a: Lebron Rains
|-damage|p2a: Lebron Rains|14/100
|-unboost|p2a: Lebron Rains|def|1
|-damage|p1a: Zamazenta|91/100|[from] item: Life Orb
|
|upkeep
|turn|4
|
|t:|1779935481
|move|p2a: Lebron Rains|Make It Rain|p1a: Zamazenta
|-damage|p1a: Zamazenta|35/100
|-unboost|p2a: Lebron Rains|spa|1
|move|p1a: Zamazenta|Heavy Slam|p2a: Lebron Rains
|-resisted|p2a: Lebron Rains
|-damage|p2a: Lebron Rains|0 fnt
|faint|p2a: Lebron Rains
|-damage|p1a: Zamazenta|25/100|[from] item: Life Orb
|
|upkeep
|
|t:|1779935483
|switch|p2a: Darkrai|Darkrai|100/100
|-damage|p2a: Darkrai|88/100|[from] Stealth Rock
|turn|5
|
|t:|1779935489
|switch|p2a: Magic Bounson|Hatterene, F|100/100
|-damage|p2a: Magic Bounson|88/100|[from] Stealth Rock
|switch|p1a: Iron Valiant|Iron Valiant|100/100
|-enditem|p1a: Iron Valiant|Booster Energy
|-activate|p1a: Iron Valiant|ability: Quark Drive|[fromitem]
|-start|p1a: Iron Valiant|quarkdrivespe
|
|upkeep
|turn|6
|
|t:|1779935494
|move|p1a: Iron Valiant|Moonblast|p2a: Magic Bounson
|-damage|p2a: Magic Bounson|35/100
|move|p2a: Magic Bounson|Nuzzle|p1a: Iron Valiant
|-damage|p1a: Iron Valiant|96/100
|-status|p1a: Iron Valiant|par
|
|upkeep
|turn|7
|
|t:|1779935507
|switch|p2a: Iron Treads|Iron Treads|100/100
|-damage|p2a: Iron Treads|97/100|[from] Stealth Rock
|-item|p2a: Iron Treads|Air Balloon
|move|p1a: Iron Valiant|Knock Off|p2a: Iron Treads
|-damage|p2a: Iron Treads|70/100
|-enditem|p2a: Iron Treads|Air Balloon
|
|upkeep
|turn|8
|
|t:|1779935513
|-end|p1a: Iron Valiant|Quark Drive|[silent]
|switch|p1a: Gholdengo|Gholdengo|100/100
|move|p2a: Iron Treads|Earthquake|p1a: Gholdengo
|-supereffective|p1a: Gholdengo
|-damage|p1a: Gholdengo|28/100
|
|upkeep
|turn|9
|
|t:|1779935519
|-end|p2a: Iron Treads|Quark Drive|[silent]
|switch|p2a: Darkrai|Darkrai|88/100
|-damage|p2a: Darkrai|76/100|[from] Stealth Rock
|move|p1a: Gholdengo|Shadow Ball|p2a: Darkrai
|-resisted|p2a: Darkrai
|-damage|p2a: Darkrai|49/100
|
|upkeep
|turn|10
|
|t:|1779935523
|switch|p1a: Great Tusk|Great Tusk|100/100
|-enditem|p1a: Great Tusk|Booster Energy
|-activate|p1a: Great Tusk|ability: Protosynthesis|[fromitem]
|-start|p1a: Great Tusk|protosynthesisspe
|move|p2a: Darkrai|Dark Pulse|p1a: Great Tusk
|-resisted|p1a: Great Tusk
|-damage|p1a: Great Tusk|74/100
|
|upkeep
|turn|11
|
|t:|1779935528
|switch|p2a: Magic Bounson|Hatterene, F|35/100
|-damage|p2a: Magic Bounson|23/100|[from] Stealth Rock
|move|p1a: Great Tusk|Headlong Rush|p2a: Magic Bounson
|-damage|p2a: Magic Bounson|0 fnt
|-unboost|p1a: Great Tusk|def|1
|-unboost|p1a: Great Tusk|spd|1
|-damage|p1a: Great Tusk|57/100|[from] item: Rocky Helmet|[of] p2a: Magic Bounson
|faint|p2a: Magic Bounson
|
|upkeep
|
|t:|1779935541
|switch|p2a: Darkrai|Darkrai|49/100
|-damage|p2a: Darkrai|37/100|[from] Stealth Rock
|turn|12
|
|t:|1779935545
|move|p2a: Darkrai|Sludge Bomb|p1a: Great Tusk
|-resisted|p1a: Great Tusk
|-damage|p1a: Great Tusk|28/100
|move|p1a: Great Tusk|Ice Spinner|p2a: Darkrai
|-damage|p2a: Darkrai|7/100
|
|upkeep
|turn|13
|
|t:|1779935547
|move|p2a: Darkrai|Sludge Bomb|p1a: Great Tusk
|-resisted|p1a: Great Tusk
|-damage|p1a: Great Tusk|0 fnt
|faint|p1a: Great Tusk
|-end|p1a: Great Tusk|Protosynthesis|[silent]
|
|upkeep
|
|t:|1779935558
|switch|p1a: Dragonite|Dragonite, M|100/100
|turn|14
|
|t:|1779935562
|switch|p2a: Garchomp|Garchomp, M|100/100
|-damage|p2a: Garchomp|94/100|[from] Stealth Rock
|move|p1a: Dragonite|Dragon Dance|p1a: Dragonite
|-boost|p1a: Dragonite|atk|1
|-boost|p1a: Dragonite|spe|1
|
|upkeep
|turn|15
|
|t:|1779935565
|-terastallize|p2a: Garchomp|Fire
|move|p1a: Dragonite|Outrage|p2a: Garchomp
|-damage|p2a: Garchomp|0 fnt
|-damage|p1a: Dragonite|88/100|[from] ability: Rough Skin|[of] p2a: Garchomp
|faint|p2a: Garchomp
|-damage|p1a: Dragonite|78/100|[from] item: Life Orb
|
|upkeep
|
|t:|1779935570
|switch|p2a: Iron Treads|Iron Treads|70/100
|-damage|p2a: Iron Treads|67/100|[from] Stealth Rock
|turn|16
|
|t:|1779935574
|move|p1a: Dragonite|Outrage|p2a: Iron Treads|[from] lockedmove
|-resisted|p2a: Iron Treads
|-damage|p2a: Iron Treads|0 fnt
|faint|p2a: Iron Treads
|-end|p2a: Iron Treads|Quark Drive|[silent]
|-damage|p1a: Dragonite|68/100|[from] item: Life Orb
|-start|p1a: Dragonite|confusion|[fatigue]
|
|upkeep
|
|t:|1779935576
|switch|p2a: Volcanion|Volcanion|100/100
|-damage|p2a: Volcanion|76/100|[from] Stealth Rock
|turn|17
|
|t:|1779935579
|-activate|p1a: Dragonite|confusion
|move|p1a: Dragonite|Outrage|p2a: Volcanion
|-damage|p2a: Volcanion|0 fnt
|faint|p2a: Volcanion
|-damage|p1a: Dragonite|58/100|[from] item: Life Orb
|
|upkeep
|-message|Penguinxdd forfeited.
|
|win|uubltohighladder
|raw|uubltohighladder's rating: 1445 &rarr; <strong>1463</strong><br />(+18 for winning)
|raw|Penguinxdd's rating: 1412 &rarr; <strong>1394</strong><br />(-18 for losing)
|l|☆Penguinxdd
|player|p2|
