|j|☆Avv2121
|j|☆natty dice
|t:|1779858841
|gametype|singles
|player|p1|Avv2121|janine|1287
|player|p2|natty dice|bugcatcher-gen4dp|1339
|gen|9
|tier|[Gen 9] OU
|rated|
|rule|HP Percentage Mod: HP is shown in percentages
|rule|Endless Battle Clause: Forcing endless battles is banned
|rule|Species Clause: Limit one of each Pokémon
|rule|OHKO Clause: OHKO moves are banned
|rule|Evasion Items Clause: Evasion items are banned
|rule|Evasion Moves Clause: Evasion moves are banned
|rule|Evasion Abilities Clause: Evasion abilities are banned
|rule|Sleep Moves Clause: Sleep-inducing moves are banned
|clearpoke
|poke|p1|Garganacl, M|
|poke|p1|Dragapult, F|
|poke|p1|Kingambit, F|
|poke|p1|Iron Moth|
|poke|p1|Corviknight, M|
|poke|p1|Meowstic-F, F|
|poke|p2|Arcanine-Hisui, M|
|poke|p2|Quaquaval, F|
|poke|p2|Gholdengo|
|poke|p2|Iron Moth|
|poke|p2|Ting-Lu|
|poke|p2|Hydrapple, F|
|teampreview
|inactive|Battle timer is ON: inactive players will automatically lose when time's up. (requested by Avv2121)
|inactive|natty dice has 120 seconds left.
|
|t:|1779858878
|teamsize|p1|6
|teamsize|p2|6
|start
|switch|p1a: Dragapult|Dragapult, F|100/100
|switch|p2a: Ting-Lu|Ting-Lu|100/100
|-ability|p2a: Ting-Lu|Vessel of Ruin
|turn|1
|
|t:|1779858883
|move|p1a: Dragapult|Will-O-Wisp|p2a: Ting-Lu
|-status|p2a: Ting-Lu|brn
|move|p2a: Ting-Lu|Stealth Rock|p1a: Dragapult
|-sidestart|p1: Avv2121|move: Stealth Rock
|
|-damage|p2a: Ting-Lu|94/100 brn|[from] brn
|upkeep
|turn|2
|
|t:|1779858886
|move|p1a: Dragapult|U-turn|p2a: Ting-Lu
|-supereffective|p2a: Ting-Lu
|-damage|p2a: Ting-Lu|74/100 brn
|
|t:|1779858889
|switch|p1a: Corviknight|Corviknight, M|100/100|[from] U-turn
|-damage|p1a: Corviknight|88/100|[from] Stealth Rock
|move|p2a: Ting-Lu|Throat Chop|p1a: Corviknight
|-damage|p1a: Corviknight|72/100
|-start|p1a: Corviknight|Throat Chop|[silent]
|-damage|p2a: Ting-Lu|58/100 brn|[from] item: Rocky Helmet|[of] p1a: Corviknight
|
|-heal|p2a: Ting-Lu|64/100 brn|[from] item: Leftovers
|-damage|p2a: Ting-Lu|58/100 brn|[from] brn
|upkeep
|turn|3
|
|t:|1779858894
|switch|p2a: Arcanine|Arcanine-Hisui, M, shiny|100/100
|move|p1a: Corviknight|Defog|p2a: Arcanine
|-unboost|p2a: Arcanine|evasion|1
|-sideend|p1: Avv2121|Stealth Rock|[from] move: Defog|[of] p1a: Corviknight
|
|-end|p1a: Corviknight|Throat Chop|[silent]
|upkeep
|turn|4
|
|t:|1779858901
|switch|p1a: Garganacl|Garganacl, M|100/100
|move|p2a: Arcanine|Flare Blitz|p1a: Garganacl
|-resisted|p1a: Garganacl
|-damage|p1a: Garganacl|79/100
|-damage|p2a: Arcanine|91/100|[from] item: Life Orb
|
|-heal|p1a: Garganacl|85/100|[from] item: Leftovers
|upkeep
|turn|5
|
|t:|1779858908
|switch|p2a: Hydrapple|Hydrapple, F|100/100
|move|p1a: Garganacl|Salt Cure|p2a: Hydrapple
|-damage|p2a: Hydrapple|91/100
|-start|p2a: Hydrapple|Salt Cure
|
|-heal|p2a: Hydrapple|97/100|[from] item: Leftovers
|-heal|p1a: Garganacl|92/100|[from] item: Leftovers
|-damage|p2a: Hydrapple|85/100|[from] Salt Cure
|upkeep
|turn|6
|
|t:|1779858915
|switch|p1a: Corviknight|Corviknight, M|72/100
|move|p2a: Hydrapple|Nasty Plot|p2a: Hydrapple
|-boost|p2a: Hydrapple|spa|2
|
|-heal|p2a: Hydrapple|91/100|[from] item: Leftovers
|-damage|p2a: Hydrapple|79/100|[from] Salt Cure
|upkeep
|turn|7
|
|t:|1779858921
|switch|p2a: Iron Moth|Iron Moth|100/100
|move|p1a: Corviknight|Brave Bird|p2a: Iron Moth
|-damage|p2a: Iron Moth|40/100
|-damage|p1a: Corviknight|57/100|[from] Recoil
|
|upkeep
|turn|8
|
|t:|1779858927
|switch|p1a: Garganacl|Garganacl, M|92/100
|move|p2a: Iron Moth|Fiery Dance|p1a: Garganacl
|-resisted|p1a: Garganacl
|-damage|p1a: Garganacl|71/100
|
|-heal|p1a: Garganacl|77/100|[from] item: Leftovers
|upkeep
|turn|9
|
|t:|1779858930
|-end|p2a: Iron Moth|Quark Drive|[silent]
|switch|p2a: Quaquaval|Quaquaval, F|100/100
|move|p1a: Garganacl|Salt Cure|p2a: Quaquaval
|-resisted|p2a: Quaquaval
|-damage|p2a: Quaquaval|92/100
|-start|p2a: Quaquaval|Salt Cure
|
|-heal|p2a: Quaquaval|98/100|[from] item: Leftovers
|-heal|p1a: Garganacl|83/100|[from] item: Leftovers
|-damage|p2a: Quaquaval|73/100|[from] Salt Cure
|upkeep
|turn|10
|
|t:|1779858934
|switch|p1a: Corviknight|Corviknight, M|57/100
|move|p2a: Quaquaval|Aqua Step|p1a: Corviknight
|-damage|p1a: Corviknight|28/100
|-boost|p2a: Quaquaval|spe|1
|-damage|p2a: Quaquaval|57/100|[from] item: Rocky Helmet|[of] p1a: Corviknight
|
|-heal|p2a: Quaquaval|63/100|[from] item: Leftovers
|-damage|p2a: Quaquaval|38/100|[from] Salt Cure
|upkeep
|turn|11
|
|t:|1779858937
|move|p2a: Quaquaval|Close Combat|p1a: Corviknight
|-damage|p1a: Corviknight|0 fnt
|-unboost|p2a: Quaquaval|def|1
|-unboost|p2a: Quaquaval|spd|1
|-damage|p2a: Quaquaval|21/100|[from] item: Rocky Helmet|[of] p1a: Corviknight
|faint|p1a: Corviknight
|-ability|p2a: Quaquaval|Moxie|boost
|-boost|p2a: Quaquaval|atk|1
|
|-heal|p2a: Quaquaval|27/100|[from] item: Leftovers
|-damage|p2a: Quaquaval|2/100|[from] Salt Cure
|upkeep
|
|t:|1779858943
|switch|p1a: Kingambit|Kingambit, F|100/100
|-activate|p1a: Kingambit|ability: Supreme Overlord
|-start|p1a: Kingambit|fallen1|[silent]
|turn|12
|
|t:|1779858947
|switch|p2a: Ting-Lu|Ting-Lu|58/100 brn
|-ability|p2a: Ting-Lu|Vessel of Ruin
|move|p1a: Kingambit|Sucker Punch||[still]
|-fail|p1a: Kingambit
|
|-heal|p2a: Ting-Lu|64/100 brn|[from] item: Leftovers
|-damage|p2a: Ting-Lu|58/100 brn|[from] brn
|upkeep
|turn|13
|
|t:|1779858955
|-end|p1a: Kingambit|fallen1|[silent]
|switch|p1a: Garganacl|Garganacl, M|83/100
|move|p2a: Ting-Lu|Stealth Rock|p1a: Garganacl
|-sidestart|p1: Avv2121|move: Stealth Rock
|
|-heal|p2a: Ting-Lu|64/100 brn|[from] item: Leftovers
|-heal|p1a: Garganacl|89/100|[from] item: Leftovers
|-damage|p2a: Ting-Lu|58/100 brn|[from] brn
|upkeep
|turn|14
|
|t:|1779858959
|move|p2a: Ting-Lu|Earthquake|p1a: Garganacl
|-supereffective|p1a: Garganacl
|-damage|p1a: Garganacl|60/100
|move|p1a: Garganacl|Salt Cure|p2a: Ting-Lu
|-resisted|p2a: Ting-Lu
|-damage|p2a: Ting-Lu|54/100 brn
|-start|p2a: Ting-Lu|Salt Cure
|
|-heal|p2a: Ting-Lu|60/100 brn|[from] item: Leftovers
|-heal|p1a: Garganacl|66/100|[from] item: Leftovers
|-damage|p2a: Ting-Lu|54/100 brn|[from] brn
|-damage|p2a: Ting-Lu|42/100 brn|[from] Salt Cure
|upkeep
|turn|15
|
|t:|1779858962
|move|p2a: Ting-Lu|Earthquake|p1a: Garganacl
|-supereffective|p1a: Garganacl
|-damage|p1a: Garganacl|36/100
|move|p1a: Garganacl|Curse|p1a: Garganacl
|-unboost|p1a: Garganacl|spe|1
|-boost|p1a: Garganacl|atk|1
|-boost|p1a: Garganacl|def|1
|
|-heal|p2a: Ting-Lu|48/100 brn|[from] item: Leftovers
|-heal|p1a: Garganacl|42/100|[from] item: Leftovers
|-damage|p2a: Ting-Lu|42/100 brn|[from] brn
|-damage|p2a: Ting-Lu|29/100 brn|[from] Salt Cure
|upkeep
|turn|16
|
|t:|1779858968
|switch|p2a: Gholdengo|Gholdengo|100/100
|move|p1a: Garganacl|Recover|p1a: Garganacl
|-heal|p1a: Garganacl|92/100
|
|-heal|p1a: Garganacl|98/100|[from] item: Leftovers
|upkeep
|turn|17
|
|t:|1779858972
|move|p1a: Garganacl|Protect|p1a: Garganacl
|-singleturn|p1a: Garganacl|Protect
|move|p2a: Gholdengo|Shadow Ball|p1a: Garganacl
|-activate|p1a: Garganacl|move: Protect
|
|-heal|p1a: Garganacl|100/100|[from] item: Leftovers
|upkeep
|turn|18
|
|t:|1779858974
|move|p2a: Gholdengo|Shadow Ball|p1a: Garganacl
|-damage|p1a: Garganacl|82/100
|move|p1a: Garganacl|Salt Cure|p2a: Gholdengo
|-resisted|p2a: Gholdengo
|-damage|p2a: Gholdengo|89/100
|-start|p2a: Gholdengo|Salt Cure
|
|-heal|p1a: Garganacl|88/100|[from] item: Leftovers
|-damage|p2a: Gholdengo|64/100|[from] Salt Cure
|upkeep
|turn|19
|
|t:|1779858978
|switch|p2a: Arcanine|Arcanine-Hisui, M, shiny|91/100
|move|p1a: Garganacl|Salt Cure|p2a: Arcanine
|-supereffective|p2a: Arcanine
|-damage|p2a: Arcanine|41/100
|-start|p2a: Arcanine|Salt Cure
|
|-heal|p1a: Garganacl|94/100|[from] item: Leftovers
|-damage|p2a: Arcanine|29/100|[from] Salt Cure
|upkeep
|turn|20
|
|t:|1779858981
|move|p1a: Garganacl|Protect|p1a: Garganacl
|-singleturn|p1a: Garganacl|Protect
|move|p2a: Arcanine|Head Smash|p1a: Garganacl
|-activate|p1a: Garganacl|move: Protect
|
|-heal|p1a: Garganacl|100/100|[from] item: Leftovers
|-damage|p2a: Arcanine|16/100|[from] Salt Cure
|upkeep
|turn|21
|
|t:|1779858985
|move|p2a: Arcanine|Head Smash|p1a: Garganacl
|-damage|p1a: Garganacl|61/100
|-damage|p2a: Arcanine|7/100|[from] item: Life Orb
|move|p1a: Garganacl|Recover|p1a: Garganacl
|-heal|p1a: Garganacl|100/100
|
|-damage|p2a: Arcanine|0 fnt|[from] Salt Cure
|faint|p2a: Arcanine
|upkeep
|
|t:|1779858990
|switch|p2a: Hydrapple|Hydrapple, F|100/100
|turn|22
|
|t:|1779858997
|switch|p1a: Meowstic|Meowstic-F, F|100/100
|-damage|p1a: Meowstic|88/100|[from] Stealth Rock
|move|p2a: Hydrapple|Giga Drain|p1a: Meowstic
|-damage|p1a: Meowstic|36/100
|
|upkeep
|turn|23
|
|t:|1779859003
|move|p1a: Meowstic|Trick|p2a: Hydrapple
|-activate|p1a: Meowstic|move: Trick|[of] p2a: Hydrapple
|-item|p2a: Hydrapple|Choice Scarf|[from] move: Trick
|-item|p1a: Meowstic|Leftovers|[from] move: Trick
|move|p2a: Hydrapple|Giga Drain|p1a: Meowstic
|-damage|p1a: Meowstic|0 fnt
|faint|p1a: Meowstic
|
|upkeep
|
|t:|1779859009
|switch|p1a: Iron Moth|Iron Moth|100/100
|-damage|p1a: Iron Moth|76/100|[from] Stealth Rock
|-enditem|p1a: Iron Moth|Booster Energy
|-activate|p1a: Iron Moth|ability: Quark Drive|[fromitem]
|-start|p1a: Iron Moth|quarkdrivespe
|turn|24
|
|t:|1779859012
|switch|p2a: Ting-Lu|Ting-Lu|29/100 brn
|-ability|p2a: Ting-Lu|Vessel of Ruin
|move|p1a: Iron Moth|Fiery Dance|p2a: Ting-Lu
|-damage|p2a: Ting-Lu|4/100 brn
|
|-heal|p2a: Ting-Lu|10/100 brn|[from] item: Leftovers
|-damage|p2a: Ting-Lu|4/100 brn|[from] brn
|upkeep
|turn|25
|
|t:|1779859016
|move|p1a: Iron Moth|Fiery Dance|p2a: Ting-Lu
|-damage|p2a: Ting-Lu|0 fnt
|faint|p2a: Ting-Lu
|
|upkeep
|
|t:|1779859020
|switch|p2a: Iron Moth|Iron Moth|40/100
|turn|26
|
|t:|1779859025
|move|p1a: Iron Moth|Dazzling Gleam|p2a: Iron Moth
|-resisted|p2a: Iron Moth
|-damage|p2a: Iron Moth|32/100
|move|p2a: Iron Moth|Fiery Dance|p1a: Iron Moth
|-resisted|p1a: Iron Moth
|-damage|p1a: Iron Moth|52/100
|-boost|p2a: Iron Moth|spa|1
|
|upkeep
|turn|27
|
|t:|1779859031
|move|p1a: Iron Moth|Fiery Dance|p2a: Iron Moth
|-resisted|p2a: Iron Moth
|-damage|p2a: Iron Moth|10/100
|-boost|p1a: Iron Moth|spa|1
|move|p2a: Iron Moth|Fiery Dance|p1a: Iron Moth
|-resisted|p1a: Iron Moth
|-damage|p1a: Iron Moth|17/100
|-boost|p2a: Iron Moth|spa|1
|
|upkeep
|turn|28
|
|t:|1779859039
|move|p1a: Iron Moth|Fiery Dance|p2a: Iron Moth
|-resisted|p2a: Iron Moth
|-damage|p2a: Iron Moth|0 fnt
|-boost|p1a: Iron Moth|spa|1
|faint|p2a: Iron Moth
|-end|p2a: Iron Moth|Quark Drive|[silent]
|
|upkeep
|
|t:|1779859042
|switch|p2a: Hydrapple|Hydrapple, F|100/100
|turn|29
|
|t:|1779859050
|move|p1a: Iron Moth|Sludge Wave|p2a: Hydrapple
|-supereffective|p2a: Hydrapple
|-damage|p2a: Hydrapple|0 fnt
|faint|p2a: Hydrapple
|
|upkeep
|
|t:|1779859052
|switch|p2a: Gholdengo|Gholdengo|64/100
|turn|30
|
|t:|1779859056
|-terastallize|p2a: Gholdengo|Water
|move|p1a: Iron Moth|Fiery Dance|p2a: Gholdengo
|-resisted|p2a: Gholdengo
|-damage|p2a: Gholdengo|15/100
|-boost|p1a: Iron Moth|spa|1
|move|p2a: Gholdengo|Shadow Ball|p1a: Iron Moth
|-damage|p1a: Iron Moth|0 fnt
|faint|p1a: Iron Moth
|-end|p1a: Iron Moth|Quark Drive|[silent]
|
|upkeep
|
|t:|1779859061
|switch|p1a: Dragapult|Dragapult, F|100/100
|turn|31
|
|t:|1779859064
|move|p1a: Dragapult|Shadow Ball|p2a: Gholdengo
|-damage|p2a: Gholdengo|0 fnt
|faint|p2a: Gholdengo
|
|upkeep
|-message|natty dice forfeited.
|
|win|Avv2121
|raw|Avv2121's rating: 1287 &rarr; <strong>1316</strong><br />(+29 for winning)
|raw|natty dice's rating: 1339 &rarr; <strong>1316</strong><br />(-23 for losing)
|l|☆natty dice
|player|p2|
|l|☆Avv2121
|player|p1|
