|j|☆lotoden bk
|j|☆pegesus arc
|t:|1779870310
|gametype|singles
|player|p1|lotoden bk|swimmerf-gen4|1437
|player|p2|pegesus arc|2|1401
|gen|9
|tier|[Gen 9] OU
|rated|
|rule|HP Percentage Mod: HP is shown in percentages
|rule|Endless Battle Clause: Forcing endless battles is banned
|rule|Species Clause: Limit one of each Pokémon
|rule|OHKO Clause: OHKO moves are banned
|rule|Evasion Items Clause: Evasion items are banned
|rule|Evasion Moves Clause: Evasion moves are banned
|rule|Evasion Abilities Clause: Evasion abilities are banned
|rule|Sleep Moves Clause: Sleep-inducing moves are banned
|clearpoke
|poke|p1|Great Tusk|
|poke|p1|Slowking-Galar, M|
|poke|p1|Corviknight, F|
|poke|p1|Clefable, F|
|poke|p1|Samurott-Hisui, M|
|poke|p1|Dragapult, F|
|poke|p2|Incineroar, M|
|poke|p2|Iron Valiant|
|poke|p2|Great Tusk|
|poke|p2|Gliscor, F|
|poke|p2|Goodra-Hisui, F|
|poke|p2|Raging Bolt|
|teampreview
|inactive|Battle timer is ON: inactive players will automatically lose when time's up. (requested by pegesus arc)
|
|t:|1779870318
|teamsize|p1|6
|teamsize|p2|6
|start
|switch|p1a: Alchemist|Slowking-Galar, M|100/100
|switch|p2a: Great Tusk|Great Tusk|100/100
|turn|1
|
|t:|1779870324
|switch|p1a: Voyageur|Corviknight, F|100/100
|-ability|p1a: Voyageur|Pressure
|move|p2a: Great Tusk|Stealth Rock|p1a: Voyageur
|-sidestart|p1: lotoden bk|move: Stealth Rock
|
|upkeep
|turn|2
|
|t:|1779870330
|-end|p2a: Great Tusk|Protosynthesis|[silent]
|switch|p2a: Gliscor|Gliscor, F|100/100
|move|p1a: Voyageur|U-turn|p2a: Gliscor
|-resisted|p2a: Gliscor
|-damage|p2a: Gliscor|96/100
|
|t:|1779870341
|switch|p1a: Alchemist|Slowking-Galar, M|100/100|[from] U-turn
|-damage|p1a: Alchemist|88/100|[from] Stealth Rock
|
|-status|p2a: Gliscor|tox|[from] item: Toxic Orb
|upkeep
|turn|3
|
|t:|1779870357
|switch|p2a: Goodra|Goodra-Hisui, F|100/100
|move|p1a: Alchemist|Ice Beam|p2a: Goodra
|-damage|p2a: Goodra|88/100
|
|upkeep
|turn|4
|
|t:|1779870366
|switch|p1a: Loxodonta|Great Tusk|100/100
|move|p2a: Goodra|Flamethrower|p1a: Loxodonta
|-damage|p1a: Loxodonta|51/100
|
|upkeep
|turn|5
|
|t:|1779870373
|switch|p2a: Gliscor|Gliscor, F|96/100 tox
|move|p1a: Loxodonta|Rapid Spin|p2a: Gliscor
|-damage|p2a: Gliscor|86/100 tox
|-boost|p1a: Loxodonta|spe|1
|-sideend|p1: lotoden bk|Stealth Rock|[from] move: Rapid Spin|[of] p1a: Loxodonta
|
|-heal|p2a: Gliscor|99/100 tox|[from] ability: Poison Heal
|upkeep
|turn|6
|
|t:|1779870380
|move|p1a: Loxodonta|Ice Spinner|p2a: Gliscor
|-supereffective|p2a: Gliscor
|-damage|p2a: Gliscor|36/100 tox
|move|p2a: Gliscor|Toxic|p1a: Loxodonta
|-status|p1a: Loxodonta|tox
|
|-damage|p1a: Loxodonta|45/100 tox|[from] psn
|-heal|p2a: Gliscor|49/100 tox|[from] ability: Poison Heal
|upkeep
|turn|7
|
|t:|1779870392
|move|p2a: Gliscor|Protect|p2a: Gliscor
|-singleturn|p2a: Gliscor|Protect
|move|p1a: Loxodonta|Close Combat|p2a: Gliscor
|-activate|p2a: Gliscor|move: Protect
|
|-damage|p1a: Loxodonta|33/100 tox|[from] psn
|-heal|p2a: Gliscor|61/100 tox|[from] ability: Poison Heal
|upkeep
|turn|8
|
|t:|1779870408
|-end|p1a: Loxodonta|Protosynthesis|[silent]
|switch|p1a: P!nk|Clefable, F|100/100
|switch|p2a: Incineroar|Incineroar, M|100/100
|-ability|p2a: Incineroar|Intimidate|boost
|-unboost|p1a: P!nk|atk|1
|
|upkeep
|turn|9
|
|t:|1779870413
|move|p1a: P!nk|Stealth Rock|p2a: Incineroar
|-sidestart|p2: pegesus arc|move: Stealth Rock
|move|p2a: Incineroar|Parting Shot|p1a: P!nk
|-unboost|p1a: P!nk|atk|1
|-unboost|p1a: P!nk|spa|1
|
|t:|1779870421
|switch|p2a: Great Tusk|Great Tusk|100/100|[from] Parting Shot
|-damage|p2a: Great Tusk|98/100|[from] Stealth Rock
|
|-heal|p2a: Great Tusk|100/100|[from] item: Leftovers
|upkeep
|turn|10
|
|t:|1779870425
|switch|p1a: Bull's-eye|Dragapult, F|100/100
|move|p2a: Great Tusk|Stealth Rock|p1a: Bull's-eye
|-sidestart|p1: lotoden bk|move: Stealth Rock
|
|upkeep
|turn|11
|
|t:|1779870432
|move|p1a: Bull's-eye|Draco Meteor|p2a: Great Tusk
|-damage|p2a: Great Tusk|0 fnt
|-unboost|p1a: Bull's-eye|spa|2
|faint|p2a: Great Tusk
|-end|p2a: Great Tusk|Protosynthesis|[silent]
|
|upkeep
|
|t:|1779870440
|switch|p2a: Incineroar|Incineroar, M|100/100
|-ability|p2a: Incineroar|Intimidate|boost
|-unboost|p1a: Bull's-eye|atk|1
|turn|12
|
|t:|1779870446
|switch|p1a: P!nk|Clefable, F|100/100
|move|p2a: Incineroar|Knock Off|p1a: P!nk
|-resisted|p1a: P!nk
|-damage|p1a: P!nk|87/100
|-enditem|p1a: P!nk|Leftovers|[from] move: Knock Off|[of] p2a: Incineroar
|
|upkeep
|turn|13
|
|t:|1779870455
|move|p1a: P!nk|Knock Off|p2a: Incineroar
|-resisted|p2a: Incineroar
|-damage|p2a: Incineroar|94/100
|-enditem|p2a: Incineroar|Heavy-Duty Boots|[from] move: Knock Off|[of] p1a: P!nk
|move|p2a: Incineroar|Parting Shot|p1a: P!nk
|-unboost|p1a: P!nk|atk|1
|-unboost|p1a: P!nk|spa|1
|
|t:|1779870458
|switch|p2a: Goodra|Goodra-Hisui, F|88/100|[from] Parting Shot
|-damage|p2a: Goodra|82/100|[from] Stealth Rock
|
|upkeep
|turn|14
|
|t:|1779870465
|switch|p1a: Alchemist|Slowking-Galar, M|100/100
|-damage|p1a: Alchemist|88/100|[from] Stealth Rock
|move|p2a: Goodra|Flash Cannon|p1a: Alchemist
|-damage|p1a: Alchemist|66/100
|
|upkeep
|turn|15
|
|t:|1779870478
|move|p2a: Goodra|Flamethrower|p1a: Alchemist
|-damage|p1a: Alchemist|52/100
|move|p1a: Alchemist|Sludge Bomb|p2a: Goodra
|-immune|p2a: Goodra
|
|upkeep
|turn|16
|
|t:|1779870484
|move|p2a: Goodra|Flash Cannon|p1a: Alchemist
|-damage|p1a: Alchemist|33/100
|move|p1a: Alchemist|Ice Beam|p2a: Goodra
|-damage|p2a: Goodra|69/100
|
|upkeep
|turn|17
|
|t:|1779870493
|switch|p1a: Jack|Samurott-Hisui, M|100/100
|-damage|p1a: Jack|88/100|[from] Stealth Rock
|move|p2a: Goodra|Draco Meteor|p1a: Jack
|-damage|p1a: Jack|44/100
|-unboost|p2a: Goodra|spa|2
|
|upkeep
|turn|18
|
|t:|1779870501
|switch|p2a: Incineroar|Incineroar, M|94/100
|-damage|p2a: Incineroar|69/100|[from] Stealth Rock
|-ability|p2a: Incineroar|Intimidate|boost
|-unboost|p1a: Jack|atk|1
|move|p1a: Jack|Ceaseless Edge|p2a: Incineroar
|-resisted|p2a: Incineroar
|-damage|p2a: Incineroar|56/100
|-sidestart|p2: pegesus arc|Spikes
|
|upkeep
|turn|19
|
|t:|1779870513
|switch|p1a: P!nk|Clefable, F|87/100
|move|p2a: Incineroar|Parting Shot|p1a: P!nk
|-unboost|p1a: P!nk|atk|1
|-unboost|p1a: P!nk|spa|1
|
|t:|1779870521
|switch|p2a: Goodra|Goodra-Hisui, F|69/100|[from] Parting Shot
|-damage|p2a: Goodra|63/100|[from] Stealth Rock
|-damage|p2a: Goodra|51/100|[from] Spikes
|
|upkeep
|turn|20
|
|t:|1779870528
|switch|p1a: Alchemist|Slowking-Galar, M|66/100
|-damage|p1a: Alchemist|54/100|[from] Stealth Rock
|move|p2a: Goodra|Flash Cannon|p1a: Alchemist
|-damage|p1a: Alchemist|34/100
|
|upkeep
|turn|21
|
|t:|1779870543
|move|p2a: Goodra|Draco Meteor|p1a: Alchemist|[miss]
|-miss|p2a: Goodra|p1a: Alchemist
|move|p1a: Alchemist|Flamethrower|p2a: Goodra
|-damage|p2a: Goodra|38/100
|
|upkeep
|turn|22
|
|t:|1779870558
|switch|p1a: P!nk|Clefable, F|87/100
|move|p2a: Goodra|Flash Cannon|p1a: P!nk
|-supereffective|p1a: P!nk
|-damage|p1a: P!nk|15/100
|
|upkeep
|turn|23
|
|t:|1779870568
|move|p1a: P!nk|Knock Off|p2a: Goodra
|-damage|p2a: Goodra|23/100
|-enditem|p2a: Goodra|Assault Vest|[from] move: Knock Off|[of] p1a: P!nk
|move|p2a: Goodra|Flash Cannon|p1a: P!nk
|-supereffective|p1a: P!nk
|-damage|p1a: P!nk|0 fnt
|faint|p1a: P!nk
|
|upkeep
|
|t:|1779870579
|switch|p1a: Loxodonta|Great Tusk|33/100 tox
|turn|24
|
|t:|1779870586
|switch|p2a: Gliscor|Gliscor, F|61/100 tox
|-damage|p2a: Gliscor|49/100 tox|[from] Stealth Rock
|move|p1a: Loxodonta|Rapid Spin|p2a: Gliscor
|-damage|p2a: Gliscor|38/100 tox
|-boost|p1a: Loxodonta|spe|1
|-sideend|p1: lotoden bk|Stealth Rock|[from] move: Rapid Spin|[of] p1a: Loxodonta
|
|-damage|p1a: Loxodonta|27/100 tox|[from] psn
|-heal|p2a: Gliscor|50/100 tox|[from] ability: Poison Heal
|upkeep
|turn|25
|
|t:|1779870595
|-end|p1a: Loxodonta|Protosynthesis|[silent]
|switch|p1a: Voyageur|Corviknight, F|100/100
|-ability|p1a: Voyageur|Pressure
|move|p2a: Gliscor|Protect||[still]
|-fail|p2a: Gliscor
|
|-heal|p2a: Gliscor|63/100 tox|[from] ability: Poison Heal
|upkeep
|turn|26
|
|t:|1779870601
|move|p2a: Gliscor|Spikes|p1a: Voyageur
|-sidestart|p1: lotoden bk|Spikes
|move|p1a: Voyageur|U-turn|p2a: Gliscor
|-resisted|p2a: Gliscor
|-damage|p2a: Gliscor|58/100 tox
|
|t:|1779870608
|switch|p1a: Bull's-eye|Dragapult, F|100/100|[from] U-turn
|-damage|p1a: Bull's-eye|88/100|[from] Spikes
|
|-heal|p2a: Gliscor|71/100 tox|[from] ability: Poison Heal
|upkeep
|turn|27
|
|t:|1779870615
|move|p2a: Gliscor|Protect|p2a: Gliscor
|-singleturn|p2a: Gliscor|Protect
|move|p1a: Bull's-eye|Draco Meteor|p2a: Gliscor
|-activate|p2a: Gliscor|move: Protect
|
|-heal|p2a: Gliscor|83/100 tox|[from] ability: Poison Heal
|upkeep
|turn|28
|
|t:|1779870628
|move|p1a: Bull's-eye|Draco Meteor|p2a: Gliscor|[miss]
|-miss|p1a: Bull's-eye|p2a: Gliscor
|move|p2a: Gliscor|Toxic|p1a: Bull's-eye|[miss]
|-miss|p2a: Gliscor|p1a: Bull's-eye
|
|-heal|p2a: Gliscor|96/100 tox|[from] ability: Poison Heal
|upkeep
|turn|29
|
|t:|1779870633
|move|p2a: Gliscor|Protect|p2a: Gliscor
|-singleturn|p2a: Gliscor|Protect
|move|p1a: Bull's-eye|Draco Meteor|p2a: Gliscor
|-activate|p2a: Gliscor|move: Protect
|
|-heal|p2a: Gliscor|100/100 tox|[from] ability: Poison Heal
|upkeep
|turn|30
|
|t:|1779870638
|move|p1a: Bull's-eye|Draco Meteor|p2a: Gliscor
|-damage|p2a: Gliscor|0 fnt
|-unboost|p1a: Bull's-eye|spa|2
|faint|p2a: Gliscor
|
|upkeep
|
|t:|1779870641
|switch|p2a: Incineroar|Incineroar, M|56/100
|-damage|p2a: Incineroar|31/100|[from] Stealth Rock
|-damage|p2a: Incineroar|18/100|[from] Spikes
|-ability|p2a: Incineroar|Intimidate|boost
|-unboost|p1a: Bull's-eye|atk|1
|turn|31
|
|t:|1779870665
|switch|p1a: Loxodonta|Great Tusk|27/100 tox
|move|p2a: Incineroar|Knock Off|p1a: Loxodonta
|-resisted|p1a: Loxodonta
|-damage|p1a: Loxodonta|14/100 tox
|-enditem|p1a: Loxodonta|Heavy-Duty Boots|[from] move: Knock Off|[of] p2a: Incineroar
|
|-damage|p1a: Loxodonta|8/100 tox|[from] psn
|upkeep
|turn|32
|
|t:|1779870678
|move|p1a: Loxodonta|Rapid Spin|p2a: Incineroar
|-damage|p2a: Incineroar|2/100
|-boost|p1a: Loxodonta|spe|1
|-sideend|p1: lotoden bk|Spikes|[from] move: Rapid Spin|[of] p1a: Loxodonta
|move|p2a: Incineroar|Flare Blitz|p1a: Loxodonta
|-damage|p1a: Loxodonta|0 fnt
|faint|p1a: Loxodonta
|-end|p1a: Loxodonta|Protosynthesis|[silent]
|-damage|p2a: Incineroar|0 fnt|[from] Recoil
|faint|p2a: Incineroar
|
|upkeep
|inactive|lotoden bk has 120 seconds left.
|
|t:|1779870703
|switch|p1a: Alchemist|Slowking-Galar, M|68/100
|switch|p2a: Raging Bolt|Raging Bolt|100/100
|-damage|p2a: Raging Bolt|88/100|[from] Stealth Rock
|-damage|p2a: Raging Bolt|76/100|[from] Spikes
|turn|33
|
|t:|1779870712
|move|p2a: Raging Bolt|Thunderbolt|p1a: Alchemist
|-damage|p1a: Alchemist|40/100
|move|p1a: Alchemist|Ice Beam|p2a: Raging Bolt
|-supereffective|p2a: Raging Bolt
|-damage|p2a: Raging Bolt|29/100
|
|-heal|p2a: Raging Bolt|35/100|[from] item: Leftovers
|upkeep
|turn|34
|
|t:|1779870718
|move|p2a: Raging Bolt|Dragon Pulse|p1a: Alchemist
|-damage|p1a: Alchemist|13/100
|move|p1a: Alchemist|Ice Beam|p2a: Raging Bolt
|-supereffective|p2a: Raging Bolt
|-damage|p2a: Raging Bolt|0 fnt
|faint|p2a: Raging Bolt
|-end|p2a: Raging Bolt|Protosynthesis|[silent]
|
|upkeep
|
|t:|1779870721
|switch|p2a: Iron Valiant|Iron Valiant|100/100
|-damage|p2a: Iron Valiant|94/100|[from] Stealth Rock
|-damage|p2a: Iron Valiant|82/100|[from] Spikes
|turn|35
|
|t:|1779870731
|switch|p1a: Voyageur|Corviknight, F|100/100
|-ability|p1a: Voyageur|Pressure
|move|p2a: Iron Valiant|Shadow Ball|p1a: Voyageur
|-damage|p1a: Voyageur|76/100
|
|upkeep
|turn|36
|
|t:|1779870744
|-end|p2a: Iron Valiant|Quark Drive|[silent]
|switch|p2a: Goodra|Goodra-Hisui, F|23/100
|-damage|p2a: Goodra|17/100|[from] Stealth Rock
|-damage|p2a: Goodra|5/100|[from] Spikes
|move|p1a: Voyageur|Brave Bird|p2a: Goodra
|-resisted|p2a: Goodra
|-damage|p2a: Goodra|0 fnt
|faint|p2a: Goodra
|-damage|p1a: Voyageur|74/100|[from] Recoil
|
|upkeep
|
|t:|1779870751
|switch|p2a: Iron Valiant|Iron Valiant|82/100
|-damage|p2a: Iron Valiant|76/100|[from] Stealth Rock
|-damage|p2a: Iron Valiant|63/100|[from] Spikes
|turn|37
|
|t:|1779870758
|-terastallize|p2a: Iron Valiant|Fairy
|-terastallize|p1a: Voyageur|Dragon
|move|p2a: Iron Valiant|Shadow Ball|p1a: Voyageur
|-damage|p1a: Voyageur|50/100
|move|p1a: Voyageur|Brave Bird|p2a: Iron Valiant
|-damage|p2a: Iron Valiant|16/100
|-damage|p1a: Voyageur|39/100|[from] Recoil
|
|upkeep
|turn|38
|
|t:|1779870767
|move|p2a: Iron Valiant|Shadow Ball|p1a: Voyageur
|-damage|p1a: Voyageur|15/100
|move|p1a: Voyageur|Brave Bird|p2a: Iron Valiant
|-damage|p2a: Iron Valiant|0 fnt
|faint|p2a: Iron Valiant
|-end|p2a: Iron Valiant|Quark Drive|[silent]
|-damage|p1a: Voyageur|11/100|[from] Recoil
|
|win|lotoden bk
|raw|lotoden bk's rating: 1437 &rarr; <strong>1455</strong><br />(+18 for winning)
|raw|pegesus arc's rating: 1401 &rarr; <strong>1383</strong><br />(-18 for losing)
|l|☆pegesus arc
|player|p2|
|l|☆lotoden bk
|player|p1|
