|j|‽thecasualgamer911
|j|☆Haddyshowdwn
|t:|1779883300
|gametype|singles
|player|p1|thecasualgamer911|101|1142
|player|p2|Haddyshowdwn|1|1183
|gen|9
|tier|[Gen 9] OU
|rated|
|rule|HP Percentage Mod: HP is shown in percentages
|rule|Endless Battle Clause: Forcing endless battles is banned
|rule|Species Clause: Limit one of each Pokémon
|rule|OHKO Clause: OHKO moves are banned
|rule|Evasion Items Clause: Evasion items are banned
|rule|Evasion Moves Clause: Evasion moves are banned
|rule|Evasion Abilities Clause: Evasion abilities are banned
|rule|Sleep Moves Clause: Sleep-inducing moves are banned
|clearpoke
|poke|p1|Blaziken, M|
|poke|p1|Landorus-Therian, M|
|poke|p1|Kingambit, F|
|poke|p1|Great Tusk|
|poke|p1|Dragonite, F|
|poke|p1|Primarina, F|
|poke|p2|Infernape, M|
|poke|p2|Ninetales-Alola, F|
|poke|p2|Raikou|
|poke|p2|Hitmontop, M|
|poke|p2|Staraptor, F|
|poke|p2|Basculegion, M|
|teampreview
|
|t:|1779883314
|teamsize|p1|6
|teamsize|p2|6
|start
|switch|p1a: Blaziken|Blaziken, M|100/100
|switch|p2a: Ninetales|Ninetales-Alola, F, shiny|100/100
|-weather|Snowscape|[from] ability: Snow Warning|[of] p2a: Ninetales
|turn|1
|
|t:|1779883334
|move|p1a: Blaziken|Swords Dance|p1a: Blaziken
|-boost|p1a: Blaziken|atk|2
|move|p2a: Ninetales|Aurora Veil|p2a: Ninetales
|-sidestart|p2: Haddyshowdwn|move: Aurora Veil
|
|-weather|Snowscape|[upkeep]
|-ability|p1a: Blaziken|Speed Boost|boost
|-boost|p1a: Blaziken|spe|1
|upkeep
|turn|2
|
|t:|1779883347
|move|p1a: Blaziken|Swords Dance|p1a: Blaziken
|-boost|p1a: Blaziken|atk|2
|move|p2a: Ninetales|Blizzard|p1a: Blaziken
|-resisted|p1a: Blaziken
|-crit|p1a: Blaziken
|-damage|p1a: Blaziken|44/100
|
|-weather|Snowscape|[upkeep]
|-ability|p1a: Blaziken|Speed Boost|boost
|-boost|p1a: Blaziken|spe|1
|upkeep
|turn|3
|
|t:|1779883356
|move|p1a: Blaziken|Swords Dance|p1a: Blaziken
|-boost|p1a: Blaziken|atk|2
|move|p2a: Ninetales|Moonblast|p1a: Blaziken
|-crit|p1a: Blaziken
|-damage|p1a: Blaziken|0 fnt
|faint|p1a: Blaziken
|
|-weather|Snowscape|[upkeep]
|upkeep
|
|t:|1779883363
|switch|p1a: Dragonite|Dragonite, F|100/100
|turn|4
|c|☆Haddyshowdwn|Sorry
|
|t:|1779883391
|switch|p2a: Hitmontop|Hitmontop, M, shiny|100/100
|-ability|p2a: Hitmontop|Intimidate|boost
|-unboost|p1a: Dragonite|atk|1
|-terastallize|p1a: Dragonite|Normal
|move|p1a: Dragonite|Extreme Speed|p2a: Hitmontop
|-damage|p2a: Hitmontop|70/100
|
|-weather|Snowscape|[upkeep]
|upkeep
|turn|5
|
|t:|1779883403
|switch|p1a: Primarina|Primarina, F|100/100
|move|p2a: Hitmontop|Close Combat|p1a: Primarina
|-resisted|p1a: Primarina
|-damage|p1a: Primarina|65/100
|-unboost|p2a: Hitmontop|def|1
|-unboost|p2a: Hitmontop|spd|1
|
|-weather|none
|-sideend|p2: Haddyshowdwn|move: Aurora Veil
|upkeep
|turn|6
|
|t:|1779883416
|switch|p2a: Raikou|Raikou, shiny|100/100
|move|p1a: Primarina|Psychic Noise|p2a: Raikou
|-damage|p2a: Raikou|71/100
|-start|p2a: Raikou|move: Heal Block
|
|upkeep
|turn|7
|
|t:|1779883424
|move|p2a: Raikou|Rain Dance|p2a: Raikou
|-weather|RainDance
|move|p1a: Primarina|Moonblast|p2a: Raikou
|-damage|p2a: Raikou|13/100
|-unboost|p2a: Raikou|spa|1
|
|-weather|RainDance|[upkeep]
|-end|p2a: Raikou|move: Heal Block
|upkeep
|turn|8
|
|t:|1779883435
|move|p2a: Raikou|Thunder|p1a: Primarina
|-supereffective|p1a: Primarina
|-damage|p1a: Primarina|6/100
|-damage|p2a: Raikou|3/100|[from] item: Life Orb
|move|p1a: Primarina|Surf|p2a: Raikou
|-crit|p2a: Raikou
|-damage|p2a: Raikou|0 fnt
|faint|p2a: Raikou
|
|-weather|RainDance|[upkeep]
|upkeep
|
|t:|1779883442
|switch|p2a: Infernape|Infernape, M|100/100
|turn|9
|
|t:|1779883449
|move|p2a: Infernape|Grass Knot|p1a: Primarina
|-supereffective|p1a: Primarina
|-damage|p1a: Primarina|0 fnt
|faint|p1a: Primarina
|
|-weather|RainDance|[upkeep]
|upkeep
|
|t:|1779883452
|switch|p1a: Landorus|Landorus-Therian, M|100/100
|-ability|p1a: Landorus|Intimidate|boost
|-unboost|p2a: Infernape|atk|1
|turn|10
|
|t:|1779883465
|switch|p2a: Ninetales|Ninetales-Alola, F, shiny|100/100
|-weather|Snowscape|[from] ability: Snow Warning|[of] p2a: Ninetales
|move|p1a: Landorus|Stealth Rock|p2a: Ninetales
|-sidestart|p2: Haddyshowdwn|move: Stealth Rock
|
|-weather|Snowscape|[upkeep]
|upkeep
|turn|11
|
|t:|1779883481
|move|p1a: Landorus|Stone Edge|p2a: Ninetales
|-supereffective|p2a: Ninetales
|-damage|p2a: Ninetales|31/100
|move|p2a: Ninetales|Aurora Veil|p2a: Ninetales
|-sidestart|p2: Haddyshowdwn|move: Aurora Veil
|
|-weather|Snowscape|[upkeep]
|upkeep
|turn|12
|
|t:|1779883494
|move|p1a: Landorus|Stone Edge|p2a: Ninetales|[miss]
|-miss|p1a: Landorus|p2a: Ninetales
|move|p2a: Ninetales|Blizzard|p1a: Landorus
|-supereffective|p1a: Landorus
|-damage|p1a: Landorus|0 fnt
|faint|p1a: Landorus
|
|-weather|Snowscape|[upkeep]
|upkeep
|
|t:|1779883504
|switch|p1a: Dragonite|Dragonite, F, tera:Normal|100/100
|turn|13
|
|t:|1779883513
|move|p1a: Dragonite|Fire Punch|p2a: Ninetales
|-supereffective|p2a: Ninetales
|-damage|p2a: Ninetales|0 fnt
|-damage|p1a: Dragonite|84/100|[from] item: Rocky Helmet|[of] p2a: Ninetales
|faint|p2a: Ninetales
|
|-weather|Snowscape|[upkeep]
|upkeep
|
|t:|1779883524
|switch|p2a: Staraptor|Staraptor, F|100/100
|-damage|p2a: Staraptor|76/100|[from] Stealth Rock
|turn|14
|
|t:|1779883530
|switch|p1a: Great Tusk|Great Tusk|100/100
|-enditem|p1a: Great Tusk|Booster Energy
|-activate|p1a: Great Tusk|ability: Protosynthesis|[fromitem]
|-start|p1a: Great Tusk|protosynthesisspe
|move|p2a: Staraptor|Close Combat|p1a: Great Tusk
|-damage|p1a: Great Tusk|58/100
|-unboost|p2a: Staraptor|def|1
|-unboost|p2a: Staraptor|spd|1
|
|-weather|none
|upkeep
|turn|15
|
|t:|1779883545
|switch|p2a: Basculegion|Basculegion, M|100/100
|-damage|p2a: Basculegion|88/100|[from] Stealth Rock
|move|p1a: Great Tusk|Ice Spinner|p2a: Basculegion
|-resisted|p2a: Basculegion
|-damage|p2a: Basculegion|82/100
|
|-sideend|p2: Haddyshowdwn|move: Aurora Veil
|upkeep
|turn|16
|
|t:|1779883553
|move|p1a: Great Tusk|Headlong Rush|p2a: Basculegion
|-damage|p2a: Basculegion|23/100
|-unboost|p1a: Great Tusk|def|1
|-unboost|p1a: Great Tusk|spd|1
|move|p2a: Basculegion|Rain Dance|p2a: Basculegion
|-weather|RainDance
|
|-weather|RainDance|[upkeep]
|upkeep
|turn|17
|
|t:|1779883565
|move|p1a: Great Tusk|Headlong Rush|p2a: Basculegion
|-damage|p2a: Basculegion|0 fnt
|-unboost|p1a: Great Tusk|def|1
|-unboost|p1a: Great Tusk|spd|1
|faint|p2a: Basculegion
|
|-weather|RainDance|[upkeep]
|upkeep
|
|t:|1779883574
|switch|p2a: Infernape|Infernape, M|100/100
|-damage|p2a: Infernape|88/100|[from] Stealth Rock
|turn|18
|
|t:|1779883580
|move|p2a: Infernape|Vacuum Wave|p1a: Great Tusk
|-damage|p1a: Great Tusk|6/100
|move|p1a: Great Tusk|Headlong Rush|p2a: Infernape
|-supereffective|p2a: Infernape
|-damage|p2a: Infernape|0 fnt
|-unboost|p1a: Great Tusk|def|1
|-unboost|p1a: Great Tusk|spd|1
|faint|p2a: Infernape
|
|-weather|RainDance|[upkeep]
|upkeep
|
|t:|1779883589
|switch|p2a: Hitmontop|Hitmontop, M, shiny|70/100
|-ability|p2a: Hitmontop|Intimidate|boost
|-unboost|p1a: Great Tusk|atk|1
|turn|19
|
|t:|1779883595
|move|p2a: Hitmontop|Sucker Punch|p1a: Great Tusk
|-resisted|p1a: Great Tusk
|-damage|p1a: Great Tusk|0 fnt
|faint|p1a: Great Tusk
|-end|p1a: Great Tusk|Protosynthesis|[silent]
|
|-weather|RainDance|[upkeep]
|upkeep
|
|t:|1779883600
|switch|p1a: Dragonite|Dragonite, F, tera:Normal|84/100
|turn|20
|
|t:|1779883614
|-terastallize|p2a: Hitmontop|Steel
|move|p1a: Dragonite|Extreme Speed|p2a: Hitmontop
|-resisted|p2a: Hitmontop
|-damage|p2a: Hitmontop|27/100
|move|p2a: Hitmontop|Close Combat|p1a: Dragonite
|-supereffective|p1a: Dragonite
|-crit|p1a: Dragonite
|-damage|p1a: Dragonite|0 fnt
|-unboost|p2a: Hitmontop|def|1
|-unboost|p2a: Hitmontop|spd|1
|faint|p1a: Dragonite
|
|-weather|none
|upkeep
|
|t:|1779883620
|switch|p1a: Kingambit|Kingambit, F|100/100
|-activate|p1a: Kingambit|ability: Supreme Overlord
|-start|p1a: Kingambit|fallen5|[silent]
|turn|21
|
|t:|1779883633
|switch|p2a: Staraptor|Staraptor, F|76/100
|-damage|p2a: Staraptor|51/100|[from] Stealth Rock
|move|p1a: Kingambit|Sucker Punch||[still]
|-fail|p1a: Kingambit
|
|upkeep
|turn|22
|
|t:|1779883654
|move|p2a: Staraptor|Close Combat|p1a: Kingambit
|-supereffective|p1a: Kingambit
|-damage|p1a: Kingambit|0 fnt
|-unboost|p2a: Staraptor|def|1
|-unboost|p2a: Staraptor|spd|1
|faint|p1a: Kingambit
|-end|p1a: Kingambit|fallen5|[silent]
|
|win|Haddyshowdwn
|raw|thecasualgamer911's rating: 1142 &rarr; <strong>1120</strong><br />(-22 for losing)
|raw|Haddyshowdwn's rating: 1183 &rarr; <strong>1205</strong><br />(+22 for winning)
|l|‽thecasualgamer911
|player|p1|
|l|☆Haddyshowdwn
|player|p2|
