|j|☆jefc
|j|☆buyijklkm
|t:|1779972118
|gametype|singles
|player|p1|jefc|265|1265
|player|p2|buyijklkm|266|1284
|gen|9
|tier|[Gen 9] OU
|rated|
|rule|HP Percentage Mod: HP is shown in percentages
|rule|Endless Battle Clause: Forcing endless battles is banned
|rule|Species Clause: Limit one of each Pokémon
|rule|OHKO Clause: OHKO moves are banned
|rule|Evasion Items Clause: Evasion items are banned
|rule|Evasion Moves Clause: Evasion moves are banned
|rule|Evasion Abilities Clause: Evasion abilities are banned
|rule|Sleep Moves Clause: Sleep-inducing moves are banned
|clearpoke
|poke|p1|Pelipper, L99, F|
|poke|p1|Barraskewda, F|
|poke|p1|Raging Bolt|
|poke|p1|Golduck, F|
|poke|p1|Pawmot, F|
|poke|p1|Tentacruel, F|
|poke|p2|Feraligatr, M|
|poke|p2|Araquanid, M|
|poke|p2|Gholdengo|
|poke|p2|Ceruledge, F|
|poke|p2|Raging Bolt|
|poke|p2|Iron Valiant|
|teampreview
|inactive|Battle timer is ON: inactive players will automatically lose when time's up. (requested by buyijklkm)
|c|☆buyijklkm|YOOO
|c|☆buyijklkm|i know that team
|c|☆buyijklkm|Blunder used it
|inactive|buyijklkm has 120 seconds left.
|c|☆buyijklkm|Pelipper just slow enough to u turn amolaloa
|c|☆jefc|Yee.
|
|t:|1779972175
|teamsize|p1|6
|teamsize|p2|6
|start
|switch|p1a: Great Neck|Raging Bolt|100/100
|switch|p2a: Freshwater|Feraligatr, M|100/100
|turn|1
|
|t:|1779972184
|switch|p2a: Hellblade|Ceruledge, F|100/100
|move|p1a: Great Neck|Thunder|p2a: Hellblade
|-damage|p2a: Hellblade|23/100
|
|upkeep
|turn|2
|
|t:|1779972191
|move|p2a: Hellblade|Swords Dance|p2a: Hellblade
|-boost|p2a: Hellblade|atk|2
|move|p1a: Great Neck|Draco Meteor|p2a: Hellblade
|-damage|p2a: Hellblade|0 fnt
|-unboost|p1a: Great Neck|spa|2
|faint|p2a: Hellblade
|
|upkeep
|
|t:|1779972194
|switch|p2a: Dewdrop|Araquanid, M|100/100
|turn|3
|
|t:|1779972201
|-end|p1a: Great Neck|Protosynthesis|[silent]
|switch|p1a: Spaghetti Too|Tentacruel, F|100/100
|move|p2a: Dewdrop|Sticky Web|p1a: Spaghetti Too
|-sidestart|p1: jefc|move: Sticky Web
|
|upkeep
|turn|4
|
|t:|1779972208
|switch|p2a: Goldylocks|Gholdengo|100/100
|-item|p2a: Goldylocks|Air Balloon
|move|p1a: Spaghetti Too|Flip Turn|p2a: Goldylocks
|-damage|p2a: Goldylocks|81/100
|-enditem|p2a: Goldylocks|Air Balloon
|
|t:|1779972214
|switch|p1a: Ghoti carrier|Pelipper, L99, F|100/100|[from] Flip Turn
|-weather|RainDance|[from] ability: Drizzle|[of] p1a: Ghoti carrier
|
|-weather|RainDance|[upkeep]
|upkeep
|turn|5
|
|t:|1779972223
|switch|p2a: Freshwater|Feraligatr, M|100/100
|move|p1a: Ghoti carrier|U-turn|p2a: Freshwater
|-damage|p2a: Freshwater|91/100
|
|t:|1779972225
|switch|p1a: Great Neck|Raging Bolt|100/100|[from] U-turn
|-activate|p1a: Great Neck|move: Sticky Web
|-unboost|p1a: Great Neck|spe|1
|
|-weather|RainDance|[upkeep]
|upkeep
|turn|6
|
|t:|1779972231
|move|p2a: Freshwater|Ice Punch|p1a: Great Neck
|-supereffective|p1a: Great Neck
|-damage|p1a: Great Neck|30/100
|move|p1a: Great Neck|Thunder|p2a: Freshwater
|-supereffective|p2a: Freshwater
|-damage|p2a: Freshwater|0 fnt
|faint|p2a: Freshwater
|
|-weather|RainDance|[upkeep]
|-heal|p1a: Great Neck|36/100|[from] item: Leftovers
|upkeep
|
|t:|1779972239
|switch|p2a: Goldylocks|Gholdengo|81/100
|turn|7
|
|t:|1779972250
|move|p2a: Goldylocks|Nasty Plot|p2a: Goldylocks
|-boost|p2a: Goldylocks|spa|2
|move|p1a: Great Neck|Thunder|p2a: Goldylocks
|-damage|p2a: Goldylocks|0 fnt
|faint|p2a: Goldylocks
|
|-weather|RainDance|[upkeep]
|-heal|p1a: Great Neck|43/100|[from] item: Leftovers
|upkeep
|
|t:|1779972269
|switch|p2a: Zeus|Raging Bolt|100/100
|-enditem|p2a: Zeus|Booster Energy
|-activate|p2a: Zeus|ability: Protosynthesis|[fromitem]
|-start|p2a: Zeus|protosynthesisspa
|turn|8
|
|t:|1779972274
|-terastallize|p2a: Zeus|Fairy
|-terastallize|p1a: Great Neck|Fairy
|move|p2a: Zeus|Calm Mind|p2a: Zeus
|-boost|p2a: Zeus|spa|1
|-boost|p2a: Zeus|spd|1
|move|p1a: Great Neck|Draco Meteor|p2a: Zeus
|-immune|p2a: Zeus
|
|-weather|RainDance|[upkeep]
|-heal|p1a: Great Neck|49/100|[from] item: Leftovers
|upkeep
|turn|9
|
|t:|1779972284
|move|p2a: Zeus|Thunderbolt|p1a: Great Neck
|-damage|p1a: Great Neck|0 fnt
|faint|p1a: Great Neck
|-end|p1a: Great Neck|Protosynthesis|[silent]
|
|-weather|RainDance|[upkeep]
|upkeep
|
|t:|1779972305
|switch|p1a: Spaghetti Too|Tentacruel, F|100/100
|-activate|p1a: Spaghetti Too|move: Sticky Web
|-unboost|p1a: Spaghetti Too|spe|1
|turn|10
|
|t:|1779972311
|move|p2a: Zeus|Thunderbolt|p1a: Spaghetti Too
|-supereffective|p1a: Spaghetti Too
|-damage|p1a: Spaghetti Too|13/100
|move|p1a: Spaghetti Too|Mirror Coat|p2a: Zeus
|-damage|p2a: Zeus|0 fnt
|faint|p2a: Zeus
|-end|p2a: Zeus|Protosynthesis|[silent]
|
|-weather|RainDance|[upkeep]
|-heal|p1a: Spaghetti Too|19/100|[from] ability: Rain Dish
|upkeep
|
|t:|1779972317
|switch|p2a: Apollo|Iron Valiant|100/100
|-enditem|p2a: Apollo|Booster Energy
|-activate|p2a: Apollo|ability: Quark Drive|[fromitem]
|-start|p2a: Apollo|quarkdrivespe
|turn|11
|
|t:|1779972339
|move|p2a: Apollo|Moonblast|p1a: Spaghetti Too
|-resisted|p1a: Spaghetti Too
|-damage|p1a: Spaghetti Too|11/100
|move|p1a: Spaghetti Too|Rapid Spin|p2a: Apollo
|-damage|p2a: Apollo|89/100
|-boost|p1a: Spaghetti Too|spe|1
|-sideend|p1: jefc|Sticky Web|[from] move: Rapid Spin|[of] p1a: Spaghetti Too
|
|-weather|none
|upkeep
|turn|12
|-message|buyijklkm forfeited.
|
|win|jefc
|raw|jefc's rating: 1265 &rarr; <strong>1291</strong><br />(+26 for winning)
|raw|buyijklkm's rating: 1284 &rarr; <strong>1258</strong><br />(-26 for losing)
|l|☆buyijklkm
|player|p2|
|l|☆jefc
|player|p1|
