|j|☆propanemasterhank
|j|☆Corphish#1Fan
|t:|1779814108
|gametype|singles
|player|p1|propanemasterhank|102|1143
|player|p2|Corphish#1Fan|cynthia-gen4|1206
|gen|9
|tier|[Gen 9] OU
|rated|
|rule|HP Percentage Mod: HP is shown in percentages
|rule|Endless Battle Clause: Forcing endless battles is banned
|rule|Species Clause: Limit one of each Pokémon
|rule|OHKO Clause: OHKO moves are banned
|rule|Evasion Items Clause: Evasion items are banned
|rule|Evasion Moves Clause: Evasion moves are banned
|rule|Evasion Abilities Clause: Evasion abilities are banned
|rule|Sleep Moves Clause: Sleep-inducing moves are banned
|clearpoke
|poke|p1|Corviknight, F|
|poke|p1|Gholdengo|
|poke|p1|Heatran, F|
|poke|p1|Iron Crown|
|poke|p1|Iron Treads|
|poke|p1|Kingambit, F|
|poke|p2|Pelipper, F|
|poke|p2|Basculegion-F, F|
|poke|p2|Raging Bolt|
|poke|p2|Corphish, F|
|poke|p2|Iron Treads|
|poke|p2|Tatsugiri, F|
|teampreview
|
|t:|1779814114
|teamsize|p1|6
|teamsize|p2|6
|start
|switch|p1a: Heatran|Heatran, F|100/100
|switch|p2a: Pelipper|Pelipper, F|100/100
|-item|p1a: Heatran|Air Balloon
|-weather|RainDance|[from] ability: Drizzle|[of] p2a: Pelipper
|turn|1
|
|t:|1779814121
|move|p1a: Heatran|Power Gem|p2a: Pelipper
|-supereffective|p2a: Pelipper
|-damage|p2a: Pelipper|19/100
|move|p2a: Pelipper|U-turn|p1a: Heatran
|-resisted|p1a: Heatran
|-damage|p1a: Heatran|98/100
|-enditem|p1a: Heatran|Air Balloon
|
|t:|1779814125
|switch|p2a: Basculegion|Basculegion-F, F|100/100|[from] U-turn
|
|-weather|RainDance|[upkeep]
|upkeep
|turn|2
|
|t:|1779814138
|switch|p1a: Corviknight|Corviknight, F|100/100
|move|p2a: Basculegion|Surf|p1a: Corviknight
|-damage|p1a: Corviknight|7/100
|
|-weather|RainDance|[upkeep]
|-heal|p1a: Corviknight|14/100|[from] item: Leftovers
|upkeep
|turn|3
|
|t:|1779814147
|move|p2a: Basculegion|Surf|p1a: Corviknight
|-crit|p1a: Corviknight
|-damage|p1a: Corviknight|0 fnt
|faint|p1a: Corviknight
|
|-weather|RainDance|[upkeep]
|upkeep
|
|t:|1779814169
|switch|p1a: Kingambit|Kingambit, F|100/100
|-activate|p1a: Kingambit|ability: Supreme Overlord
|-start|p1a: Kingambit|fallen1|[silent]
|turn|4
|
|t:|1779814174
|-terastallize|p2a: Basculegion|Water
|move|p2a: Basculegion|Surf|p1a: Kingambit
|-damage|p1a: Kingambit|0 fnt
|faint|p1a: Kingambit
|-end|p1a: Kingambit|fallen1|[silent]
|
|-weather|RainDance|[upkeep]
|upkeep
|
|t:|1779814179
|switch|p1a: Gholdengo|Gholdengo|100/100
|turn|5
|
|t:|1779814184
|-terastallize|p1a: Gholdengo|Dragon
|move|p2a: Basculegion|Surf|p1a: Gholdengo
|-resisted|p1a: Gholdengo
|-damage|p1a: Gholdengo|27/100
|move|p1a: Gholdengo|Make It Rain|p2a: Basculegion
|-resisted|p2a: Basculegion
|-damage|p2a: Basculegion|56/100
|-unboost|p1a: Gholdengo|spa|1
|
|-weather|RainDance|[upkeep]
|upkeep
|turn|6
|
|t:|1779814194
|move|p2a: Basculegion|Surf|p1a: Gholdengo
|-resisted|p1a: Gholdengo
|-damage|p1a: Gholdengo|0 fnt
|faint|p1a: Gholdengo
|
|-weather|RainDance|[upkeep]
|upkeep
|
|t:|1779814196
|switch|p1a: Iron Treads|Iron Treads|100/100
|-enditem|p1a: Iron Treads|Booster Energy
|-activate|p1a: Iron Treads|ability: Quark Drive|[fromitem]
|-start|p1a: Iron Treads|quarkdrivespe
|turn|7
|-message|propanemasterhank forfeited.
|
|win|Corphish#1Fan
|raw|propanemasterhank's rating: 1143 &rarr; <strong>1122</strong><br />(-21 for losing)
|raw|Corphish#1Fan's rating: 1206 &rarr; <strong>1227</strong><br />(+21 for winning)
|l|☆propanemasterhank
|player|p1|
|l|☆Corphish#1Fan
|player|p2|
