|j|☆FEDSMOK3R
|j|☆lilligantlover4
|t:|1779937641
|gametype|singles
|player|p1|FEDSMOK3R|flannery|1556
|player|p2|lilligantlover4|265|1581
|gen|9
|tier|[Gen 9] OU
|rated|
|rule|HP Percentage Mod: HP is shown in percentages
|rule|Endless Battle Clause: Forcing endless battles is banned
|rule|Species Clause: Limit one of each Pokémon
|rule|OHKO Clause: OHKO moves are banned
|rule|Evasion Items Clause: Evasion items are banned
|rule|Evasion Moves Clause: Evasion moves are banned
|rule|Evasion Abilities Clause: Evasion abilities are banned
|rule|Sleep Moves Clause: Sleep-inducing moves are banned
|clearpoke
|poke|p1|Kommo-o, M|
|poke|p1|Weezing-Galar, M|
|poke|p1|Iron Valiant|
|poke|p1|Kingambit, M|
|poke|p1|Zapdos|
|poke|p1|Hoopa-Unbound|
|poke|p2|Ceruledge, F|
|poke|p2|Iron Treads|
|poke|p2|Dragonite, F|
|poke|p2|Zamazenta-*|
|poke|p2|Iron Valiant|
|poke|p2|Samurott-Hisui, F|
|teampreview
|inactive|Battle timer is ON: inactive players will automatically lose when time's up. (requested by FEDSMOK3R)
|
|t:|1779937655
|teamsize|p1|6
|teamsize|p2|6
|start
|switch|p1a: Gojira|Kommo-o, M|100/100
|switch|p2a: Samurott|Samurott-Hisui, F|100/100
|turn|1
|
|t:|1779937659
|move|p2a: Samurott|Ceaseless Edge|p1a: Gojira
|-resisted|p1a: Gojira
|-damage|p1a: Gojira|85/100
|-sidestart|p1: FEDSMOK3R|Spikes
|move|p1a: Gojira|Drain Punch|p2a: Samurott
|-supereffective|p2a: Samurott
|-damage|p2a: Samurott|14/100
|-heal|p1a: Gojira|100/100|[from] drain|[of] p2a: Samurott
|
|upkeep
|turn|2
|
|t:|1779937662
|move|p2a: Samurott|Ceaseless Edge|p1a: Gojira
|-resisted|p1a: Gojira
|-damage|p1a: Gojira|84/100
|-sidestart|p1: FEDSMOK3R|Spikes
|move|p1a: Gojira|Drain Punch|p2a: Samurott
|-supereffective|p2a: Samurott
|-crit|p2a: Samurott
|-damage|p2a: Samurott|0 fnt
|-heal|p1a: Gojira|92/100|[from] drain|[of] p2a: Samurott
|faint|p2a: Samurott
|
|-heal|p1a: Gojira|98/100|[from] item: Leftovers
|upkeep
|
|t:|1779937669
|switch|p2a: Iron Valiant|Iron Valiant|100/100
|-enditem|p2a: Iron Valiant|Booster Energy
|-activate|p2a: Iron Valiant|ability: Quark Drive|[fromitem]
|-start|p2a: Iron Valiant|quarkdrivespe
|turn|3
|
|t:|1779937690
|switch|p1a: Electric Wizard|Zapdos, shiny|100/100
|move|p2a: Iron Valiant|Calm Mind|p2a: Iron Valiant
|-boost|p2a: Iron Valiant|spa|1
|-boost|p2a: Iron Valiant|spd|1
|
|upkeep
|turn|4
|
|t:|1779937694
|move|p2a: Iron Valiant|Moonblast|p1a: Electric Wizard
|-damage|p1a: Electric Wizard|31/100
|-unboost|p1a: Electric Wizard|spa|1
|move|p1a: Electric Wizard|Hurricane|p2a: Iron Valiant|[miss]
|-miss|p1a: Electric Wizard|p2a: Iron Valiant
|
|upkeep
|turn|5
|
|t:|1779937696
|move|p2a: Iron Valiant|Moonblast|p1a: Electric Wizard
|-damage|p1a: Electric Wizard|0 fnt
|faint|p1a: Electric Wizard
|
|upkeep
|
|t:|1779937699
|switch|p1a: René Lévesque|Iron Valiant, shiny|100/100
|-damage|p1a: René Lévesque|84/100|[from] Spikes
|-enditem|p1a: René Lévesque|Booster Energy
|-activate|p1a: René Lévesque|ability: Quark Drive|[fromitem]
|-start|p1a: René Lévesque|quarkdrivespe
|turn|6
|
|t:|1779937701
|move|p1a: René Lévesque|Destiny Bond|p1a: René Lévesque
|-singlemove|p1a: René Lévesque|Destiny Bond
|move|p2a: Iron Valiant|Moonblast|p1a: René Lévesque
|-supereffective|p1a: René Lévesque
|-damage|p1a: René Lévesque|0 fnt
|faint|p1a: René Lévesque
|-activate|p1a: René Lévesque|move: Destiny Bond
|-end|p1a: René Lévesque|Quark Drive|[silent]
|faint|p2a: Iron Valiant
|-end|p2a: Iron Valiant|Quark Drive|[silent]
|
|upkeep
|
|t:|1779937707
|switch|p1a: Belzebong|Weezing-Galar, M|100/100
|switch|p2a: Ceruledge|Ceruledge, F|100/100
|-ability|p1a: Belzebong|Neutralizing Gas
|turn|7
|
|t:|1779937711
|move|p2a: Ceruledge|Swords Dance|p2a: Ceruledge
|-boost|p2a: Ceruledge|atk|2
|move|p1a: Belzebong|Defog|p2a: Ceruledge
|-unboost|p2a: Ceruledge|evasion|1
|-sideend|p1: FEDSMOK3R|Spikes|[from] move: Defog|[of] p1a: Belzebong
|
|upkeep
|turn|8
|
|t:|1779937715
|move|p2a: Ceruledge|Poltergeist|p1a: Belzebong
|-activate|p1a: Belzebong|move: Poltergeist|Heavy-Duty Boots
|-damage|p1a: Belzebong|0 fnt
|faint|p1a: Belzebong
|-end|p1a: Belzebong|ability: Neutralizing Gas
|
|upkeep
|
|t:|1779937719
|switch|p1a: Gojira|Kommo-o, M|98/100
|turn|9
|
|t:|1779937723
|move|p2a: Ceruledge|Poltergeist|p1a: Gojira
|-activate|p1a: Gojira|move: Poltergeist|Leftovers
|-damage|p1a: Gojira|5/100
|move|p1a: Gojira|Shadow Claw|p2a: Ceruledge
|-supereffective|p2a: Ceruledge
|-damage|p2a: Ceruledge|41/100
|-ability|p2a: Ceruledge|Weak Armor|boost
|-unboost|p2a: Ceruledge|def|1
|-boost|p2a: Ceruledge|spe|2
|
|-heal|p1a: Gojira|11/100|[from] item: Leftovers
|upkeep
|turn|10
|
|t:|1779937730
|move|p2a: Ceruledge|Bitter Blade|p1a: Gojira
|-resisted|p1a: Gojira
|-damage|p1a: Gojira|0 fnt
|-heal|p2a: Ceruledge|46/100|[from] drain|[of] p1a: Gojira
|faint|p1a: Gojira
|
|upkeep
|
|t:|1779937732
|switch|p1a: Nailbomb|Kingambit, M, shiny|100/100
|turn|11
|
|t:|1779937733
|move|p2a: Ceruledge|Shadow Sneak|p1a: Nailbomb
|-resisted|p1a: Nailbomb
|-damage|p1a: Nailbomb|84/100
|move|p1a: Nailbomb|Kowtow Cleave|p2a: Ceruledge
|-supereffective|p2a: Ceruledge
|-damage|p2a: Ceruledge|0 fnt
|faint|p2a: Ceruledge
|
|upkeep
|
|t:|1779937738
|switch|p2a: Zamazenta|Zamazenta|100/100
|-ability|p2a: Zamazenta|Dauntless Shield|boost
|-boost|p2a: Zamazenta|def|1
|turn|12
|
|t:|1779937752
|-terastallize|p1a: Nailbomb|Ghost
|move|p2a: Zamazenta|Iron Defense|p2a: Zamazenta
|-boost|p2a: Zamazenta|def|2
|move|p1a: Nailbomb|Swords Dance|p1a: Nailbomb
|-boost|p1a: Nailbomb|atk|2
|
|upkeep
|turn|13
|
|t:|1779937757
|move|p2a: Zamazenta|Crunch|p1a: Nailbomb
|-supereffective|p1a: Nailbomb
|-damage|p1a: Nailbomb|53/100
|move|p1a: Nailbomb|Iron Head|p2a: Zamazenta
|-damage|p2a: Zamazenta|75/100
|
|-heal|p2a: Zamazenta|82/100|[from] item: Leftovers
|upkeep
|turn|14
|
|t:|1779937761
|move|p2a: Zamazenta|Crunch|p1a: Nailbomb
|-supereffective|p1a: Nailbomb
|-damage|p1a: Nailbomb|23/100
|move|p1a: Nailbomb|Iron Head|p2a: Zamazenta
|-damage|p2a: Zamazenta|53/100
|
|-heal|p2a: Zamazenta|59/100|[from] item: Leftovers
|upkeep
|turn|15
|
|t:|1779937763
|move|p2a: Zamazenta|Crunch|p1a: Nailbomb
|-supereffective|p1a: Nailbomb
|-damage|p1a: Nailbomb|0 fnt
|faint|p1a: Nailbomb
|
|-heal|p2a: Zamazenta|65/100|[from] item: Leftovers
|upkeep
|-message|FEDSMOK3R forfeited.
|
|win|lilligantlover4
|raw|FEDSMOK3R's rating: 1556 &rarr; <strong>1537</strong><br />(-19 for losing)
|raw|lilligantlover4's rating: 1581 &rarr; <strong>1600</strong><br />(+19 for winning)
|l|☆FEDSMOK3R
|player|p1|
|l|☆lilligantlover4
|player|p2|
