|j|☆ceco7
|j|☆leonthewooper
|t:|1779923385
|gametype|singles
|player|p1|ceco7|102|1067
|player|p2|leonthewooper|marlon|1072
|gen|9
|tier|[Gen 9] OU
|rated|
|rule|HP Percentage Mod: HP is shown in percentages
|rule|Endless Battle Clause: Forcing endless battles is banned
|rule|Species Clause: Limit one of each Pokémon
|rule|OHKO Clause: OHKO moves are banned
|rule|Evasion Items Clause: Evasion items are banned
|rule|Evasion Moves Clause: Evasion moves are banned
|rule|Evasion Abilities Clause: Evasion abilities are banned
|rule|Sleep Moves Clause: Sleep-inducing moves are banned
|clearpoke
|poke|p1|Dragapult, F|
|poke|p1|Iron Crown|
|poke|p1|Great Tusk|
|poke|p1|Garganacl, M|
|poke|p1|Dragonite, F|
|poke|p1|Hoopa-Unbound|
|poke|p2|Pyroar, M|
|poke|p2|Toedscruel, F|
|poke|p2|Eelektross, M|
|poke|p2|Infernape, F|
|poke|p2|Iron Crown|
|poke|p2|Crabominable, M|
|teampreview
|inactive|Battle timer is ON: inactive players will automatically lose when time's up. (requested by leonthewooper)
|
|t:|1779923394
|teamsize|p1|6
|teamsize|p2|6
|start
|switch|p1a: Great Crusk|Great Tusk|100/100
|switch|p2a: Eelektross|Eelektross, M|100/100
|turn|1
|
|t:|1779923403
|move|p1a: Great Crusk|Stealth Rock|p2a: Eelektross
|-sidestart|p2: leonthewooper|move: Stealth Rock
|move|p2a: Eelektross|Coil|p2a: Eelektross
|-boost|p2a: Eelektross|atk|1
|-boost|p2a: Eelektross|def|1
|-boost|p2a: Eelektross|accuracy|1
|
|upkeep
|turn|2
|
|t:|1779923410
|-end|p1a: Great Crusk|Protosynthesis|[silent]
|switch|p1a: Iron Cescrown|Iron Crown|100/100
|move|p2a: Eelektross|Coil|p2a: Eelektross
|-boost|p2a: Eelektross|atk|1
|-boost|p2a: Eelektross|def|1
|-boost|p2a: Eelektross|accuracy|1
|
|upkeep
|turn|3
|
|t:|1779923422
|move|p1a: Iron Cescrown|Focus Blast|p2a: Eelektross
|-damage|p2a: Eelektross|36/100
|move|p2a: Eelektross|Wild Charge|p1a: Iron Cescrown
|-damage|p1a: Iron Cescrown|0 fnt
|faint|p1a: Iron Cescrown
|-end|p1a: Iron Cescrown|Quark Drive|[silent]
|-damage|p2a: Eelektross|14/100|[from] Recoil
|
|-heal|p2a: Eelektross|20/100|[from] item: Leftovers
|upkeep
|
|t:|1779923436
|switch|p1a: Dragasco|Dragapult, F|100/100
|turn|4
|
|t:|1779923447
|move|p1a: Dragasco|U-turn|p2a: Eelektross
|-damage|p2a: Eelektross|10/100
|
|t:|1779923454
|switch|p1a: Great Crusk|Great Tusk|100/100|[from] U-turn
|move|p2a: Eelektross|Thunder Wave|p1a: Great Crusk
|-immune|p1a: Great Crusk
|
|-heal|p2a: Eelektross|16/100|[from] item: Leftovers
|upkeep
|turn|5
|
|t:|1779923465
|move|p1a: Great Crusk|Ice Spinner|p2a: Eelektross
|-damage|p2a: Eelektross|3/100
|move|p2a: Eelektross|Drain Punch|p1a: Great Crusk
|-damage|p1a: Great Crusk|69/100
|-heal|p2a: Eelektross|21/100|[from] drain|[of] p1a: Great Crusk
|-damage|p2a: Eelektross|5/100|[from] item: Rocky Helmet|[of] p1a: Great Crusk
|
|-heal|p2a: Eelektross|11/100|[from] item: Leftovers
|upkeep
|turn|6
|
|t:|1779923478
|move|p1a: Great Crusk|Ice Spinner|p2a: Eelektross
|-damage|p2a: Eelektross|0 fnt
|faint|p2a: Eelektross
|
|upkeep
|
|t:|1779923486
|switch|p2a: Toedscruel|Toedscruel, F|100/100
|-damage|p2a: Toedscruel|95/100|[from] Stealth Rock
|turn|7
|
|t:|1779923499
|move|p2a: Toedscruel|Energy Ball|p1a: Great Crusk
|-supereffective|p1a: Great Crusk
|-damage|p1a: Great Crusk|0 fnt
|faint|p1a: Great Crusk
|-end|p1a: Great Crusk|Protosynthesis|[silent]
|
|upkeep
|
|t:|1779923510
|switch|p1a: Cescoite|Dragonite, F|100/100
|turn|8
|
|t:|1779923519
|move|p2a: Toedscruel|Rapid Spin|p1a: Cescoite
|-damage|p1a: Cescoite|96/100
|-boost|p2a: Toedscruel|spe|1
|-sideend|p2: leonthewooper|Stealth Rock|[from] move: Rapid Spin|[of] p2a: Toedscruel
|move|p1a: Cescoite|Ice Spinner|p2a: Toedscruel
|-supereffective|p2a: Toedscruel
|-damage|p2a: Toedscruel|0 fnt
|faint|p2a: Toedscruel
|
|upkeep
|
|t:|1779923530
|switch|p2a: Crabominable|Crabominable, M|100/100
|turn|9
|
|t:|1779923539
|switch|p1a: Dragasco|Dragapult, F|100/100
|move|p2a: Crabominable|Ice Hammer|p1a: Dragasco
|-supereffective|p1a: Dragasco
|-damage|p1a: Dragasco|0 fnt
|-unboost|p2a: Crabominable|spe|1
|faint|p1a: Dragasco
|
|upkeep
|
|t:|1779923550
|switch|p1a: Ceesco-Unbound|Hoopa-Unbound|100/100
|turn|10
|
|t:|1779923558
|move|p1a: Ceesco-Unbound|Drain Punch|p2a: Crabominable
|-supereffective|p2a: Crabominable
|-damage|p2a: Crabominable|40/100
|-damage|p1a: Ceesco-Unbound|84/100|[from] item: Rocky Helmet|[of] p2a: Crabominable
|move|p2a: Crabominable|Close Combat|p1a: Ceesco-Unbound
|-damage|p1a: Ceesco-Unbound|0 fnt
|-unboost|p2a: Crabominable|def|1
|-unboost|p2a: Crabominable|spd|1
|faint|p1a: Ceesco-Unbound
|
|upkeep
|
|t:|1779923566
|switch|p1a: Garganaclow|Garganacl, M|100/100
|turn|11
|
|t:|1779923576
|move|p1a: Garganaclow|Earthquake|p2a: Crabominable
|-damage|p2a: Crabominable|6/100
|move|p2a: Crabominable|Close Combat|p1a: Garganaclow
|-supereffective|p1a: Garganaclow
|-damage|p1a: Garganaclow|11/100
|-unboost|p2a: Crabominable|def|1
|-unboost|p2a: Crabominable|spd|1
|
|-heal|p1a: Garganaclow|17/100|[from] item: Leftovers
|upkeep
|turn|12
|
|t:|1779923584
|move|p1a: Garganaclow|Earthquake|p2a: Crabominable
|-damage|p2a: Crabominable|0 fnt
|faint|p2a: Crabominable
|
|-heal|p1a: Garganaclow|23/100|[from] item: Leftovers
|upkeep
|
|t:|1779923591
|switch|p2a: Infernape|Infernape, F|100/100
|turn|13
|
|t:|1779923597
|-terastallize|p1a: Garganaclow|Water
|move|p2a: Infernape|Drain Punch|p1a: Garganaclow
|-damage|p1a: Garganaclow|0 fnt
|faint|p1a: Garganaclow
|
|upkeep
|
|t:|1779923602
|switch|p1a: Cescoite|Dragonite, F|96/100
|turn|14
|
|t:|1779923608
|move|p2a: Infernape|Drain Punch|p1a: Cescoite
|-resisted|p1a: Cescoite
|-damage|p1a: Cescoite|60/100
|move|p1a: Cescoite|Earthquake|p2a: Infernape
|-supereffective|p2a: Infernape
|-damage|p2a: Infernape|0 fnt
|faint|p2a: Infernape
|
|upkeep
|
|t:|1779923621
|switch|p2a: Pyroar|Pyroar, M|100/100
|-ability|p2a: Pyroar|Unnerve
|turn|15
|
|t:|1779923624
|move|p2a: Pyroar|Will-O-Wisp|p1a: Cescoite
|-status|p1a: Cescoite|brn
|move|p1a: Cescoite|Earthquake|p2a: Pyroar
|-supereffective|p2a: Pyroar
|-damage|p2a: Pyroar|17/100
|
|-heal|p2a: Pyroar|24/100|[from] item: Leftovers
|-damage|p1a: Cescoite|54/100 brn|[from] brn
|upkeep
|turn|16
|
|t:|1779923630
|move|p2a: Pyroar|Hyper Voice|p1a: Cescoite
|-damage|p1a: Cescoite|8/100 brn
|move|p1a: Cescoite|Earthquake|p2a: Pyroar
|-supereffective|p2a: Pyroar
|-damage|p2a: Pyroar|0 fnt
|faint|p2a: Pyroar
|
|-damage|p1a: Cescoite|2/100 brn|[from] brn
|upkeep
|
|t:|1779923636
|switch|p2a: Iron Crown|Iron Crown|100/100
|-enditem|p2a: Iron Crown|Booster Energy
|-activate|p2a: Iron Crown|ability: Quark Drive|[fromitem]
|-start|p2a: Iron Crown|quarkdrivespa
|turn|17
|
|t:|1779923643
|move|p2a: Iron Crown|Psychic|p1a: Cescoite
|-damage|p1a: Cescoite|0 fnt
|faint|p1a: Cescoite
|
|win|leonthewooper
|raw|ceco7's rating: 1067 &rarr; <strong>1047</strong><br />(-20 for losing)
|raw|leonthewooper's rating: 1072 &rarr; <strong>1101</strong><br />(+29 for winning)
|c|☆ceco7|wpgg
|l|☆leonthewooper
|player|p2|
|l|☆ceco7
|player|p1|
