|j|☆ipff
|j|☆bring09
|t:|1779950882
|gametype|singles
|player|p1|ipff|hooligans|1366
|player|p2|bring09|102|1274
|gen|9
|tier|[Gen 9] OU
|rated|
|rule|HP Percentage Mod: HP is shown in percentages
|rule|Endless Battle Clause: Forcing endless battles is banned
|rule|Species Clause: Limit one of each Pokémon
|rule|OHKO Clause: OHKO moves are banned
|rule|Evasion Items Clause: Evasion items are banned
|rule|Evasion Moves Clause: Evasion moves are banned
|rule|Evasion Abilities Clause: Evasion abilities are banned
|rule|Sleep Moves Clause: Sleep-inducing moves are banned
|clearpoke
|poke|p1|Iron Boulder|
|poke|p1|Kingambit, M|
|poke|p1|Raging Bolt|
|poke|p1|Glimmora, F|
|poke|p1|Iron Valiant|
|poke|p1|Meowscarada, F|
|poke|p2|Ceruledge, M|
|poke|p2|Dragapult, M|
|poke|p2|Garchomp, F|
|poke|p2|Keldeo-Resolute|
|poke|p2|Iron Valiant|
|poke|p2|Galvantula, M|
|teampreview
|inactive|Battle timer is ON: inactive players will automatically lose when time's up. (requested by ipff)
|
|t:|1779950894
|teamsize|p1|6
|teamsize|p2|6
|start
|switch|p1a: Glimmora|Glimmora, F|100/100
|switch|p2a: CANI|Galvantula, M, shiny|100/100
|turn|1
|
|t:|1779950908
|move|p2a: CANI|Thunder Wave|p1a: Glimmora
|-status|p1a: Glimmora|par
|move|p1a: Glimmora|Stealth Rock|p2a: CANI
|-sidestart|p2: bring09|move: Stealth Rock
|
|upkeep
|turn|2
|
|t:|1779950917
|move|p2a: CANI|Thunder|p1a: Glimmora
|-damage|p1a: Glimmora|40/100 par
|move|p1a: Glimmora|Mortal Spin|p2a: CANI
|-damage|p2a: CANI|90/100
|-status|p2a: CANI|psn
|
|-damage|p2a: CANI|77/100 psn|[from] psn
|upkeep
|turn|3
|
|t:|1779950928
|move|p2a: CANI|Thunder|p1a: Glimmora
|-damage|p1a: Glimmora|0 fnt
|faint|p1a: Glimmora
|
|-damage|p2a: CANI|65/100 psn|[from] psn
|upkeep
|
|t:|1779950942
|switch|p1a: Gardevoir :)|Iron Valiant|100/100
|turn|4
|
|t:|1779950951
|move|p1a: Gardevoir :)|Moonblast|p2a: CANI
|-damage|p2a: CANI|0 fnt
|faint|p2a: CANI
|
|upkeep
|
|t:|1779950961
|switch|p2a: Soldier|Iron Valiant, shiny|100/100
|-damage|p2a: Soldier|94/100|[from] Stealth Rock
|-enditem|p2a: Soldier|Booster Energy
|-activate|p2a: Soldier|ability: Quark Drive|[fromitem]
|-start|p2a: Soldier|quarkdrivespe
|turn|5
|inactive|ipff has 120 seconds left.
|
|t:|1779950997
|move|p2a: Soldier|Moonblast|p1a: Gardevoir :)
|-supereffective|p1a: Gardevoir :)
|-damage|p1a: Gardevoir :)|0 fnt
|faint|p1a: Gardevoir :)
|-end|p1a: Gardevoir :)|Quark Drive|[silent]
|
|upkeep
|
|t:|1779951000
|switch|p1a: Raging Bolt|Raging Bolt|100/100
|turn|6
|inactive|ipff has 120 seconds left.
|
|t:|1779951011
|-terastallize|p1a: Raging Bolt|Fairy
|move|p1a: Raging Bolt|Thunderclap|p2a: Soldier
|-damage|p2a: Soldier|20/100
|move|p2a: Soldier|Moonblast|p1a: Raging Bolt
|-damage|p1a: Raging Bolt|55/100
|-unboost|p1a: Raging Bolt|spa|1
|
|-heal|p1a: Raging Bolt|61/100|[from] item: Leftovers
|upkeep
|turn|7
|
|t:|1779951024
|-end|p2a: Soldier|Quark Drive|[silent]
|switch|p2a: CHULO|Garchomp, F|100/100
|-damage|p2a: CHULO|94/100|[from] Stealth Rock
|move|p1a: Raging Bolt|Thunderclap||[still]
|-fail|p1a: Raging Bolt
|
|-heal|p1a: Raging Bolt|67/100|[from] item: Leftovers
|upkeep
|turn|8
|inactive|ipff has 120 seconds left.
|
|t:|1779951052
|-end|p1a: Raging Bolt|Protosynthesis|[silent]
|switch|p1a: Meowscarada|Meowscarada, F|100/100
|move|p2a: CHULO|Earthquake|p1a: Meowscarada
|-resisted|p1a: Meowscarada
|-damage|p1a: Meowscarada|54/100
|
|upkeep
|turn|9
|
|t:|1779951061
|-terastallize|p2a: CHULO|Ice
|move|p1a: Meowscarada|Triple Axel|p2a: CHULO
|-start|p1a: Meowscarada|typechange|Ice|[from] ability: Protean
|-resisted|p2a: CHULO
|-damage|p2a: CHULO|88/100
|-damage|p1a: Meowscarada|42/100|[from] ability: Rough Skin|[of] p2a: CHULO
|-damage|p1a: Meowscarada|25/100|[from] item: Rocky Helmet|[of] p2a: CHULO
|-resisted|p2a: CHULO
|-damage|p2a: CHULO|73/100
|-damage|p1a: Meowscarada|13/100|[from] ability: Rough Skin|[of] p2a: CHULO
|-damage|p1a: Meowscarada|0 fnt|[from] item: Rocky Helmet|[of] p2a: CHULO
|faint|p1a: Meowscarada
|-hitcount|p2a: CHULO|2
|move|p2a: CHULO|Scale Shot|p1: Meowscarada|[notarget]
|-fail|p2a: CHULO
|
|upkeep
|
|t:|1779951065
|switch|p1a: Iron Boulder|Iron Boulder|100/100
|-enditem|p1a: Iron Boulder|Booster Energy
|-activate|p1a: Iron Boulder|ability: Quark Drive|[fromitem]
|-start|p1a: Iron Boulder|quarkdrivespe
|turn|10
|inactive|ipff has 120 seconds left.
|inactive|bring09 has 120 seconds left.
|
|t:|1779951098
|move|p1a: Iron Boulder|Swords Dance|p1a: Iron Boulder
|-boost|p1a: Iron Boulder|atk|2
|move|p2a: CHULO|Earthquake|p1a: Iron Boulder
|-supereffective|p1a: Iron Boulder
|-damage|p1a: Iron Boulder|0 fnt
|faint|p1a: Iron Boulder
|-end|p1a: Iron Boulder|Quark Drive|[silent]
|
|upkeep
|inactive|ipff has 120 seconds left.
|
|t:|1779951108
|switch|p1a: Raging Bolt|Raging Bolt, tera:Fairy|67/100
|turn|11
|
|t:|1779951113
|move|p2a: CHULO|Earthquake|p1a: Raging Bolt
|-damage|p1a: Raging Bolt|19/100
|move|p1a: Raging Bolt|Calm Mind|p1a: Raging Bolt
|-boost|p1a: Raging Bolt|spa|1
|-boost|p1a: Raging Bolt|spd|1
|
|-heal|p1a: Raging Bolt|25/100|[from] item: Leftovers
|upkeep
|turn|12
|
|t:|1779951121
|move|p1a: Raging Bolt|Thunderclap|p2a: CHULO
|-damage|p2a: CHULO|8/100
|move|p2a: CHULO|Earthquake|p1a: Raging Bolt
|-damage|p1a: Raging Bolt|0 fnt
|faint|p1a: Raging Bolt
|-end|p1a: Raging Bolt|Protosynthesis|[silent]
|
|upkeep
|
|t:|1779951125
|switch|p1a: Kingambit|Kingambit, M|100/100
|-activate|p1a: Kingambit|ability: Supreme Overlord
|-start|p1a: Kingambit|fallen5|[silent]
|turn|13
|
|t:|1779951130
|move|p1a: Kingambit|Sucker Punch|p2a: CHULO
|-damage|p2a: CHULO|0 fnt
|-damage|p1a: Kingambit|88/100|[from] ability: Rough Skin|[of] p2a: CHULO
|-damage|p1a: Kingambit|72/100|[from] item: Rocky Helmet|[of] p2a: CHULO
|faint|p2a: CHULO
|
|upkeep
|
|t:|1779951156
|switch|p2a: LATINO|Keldeo-Resolute|100/100
|-damage|p2a: LATINO|94/100|[from] Stealth Rock
|turn|14
|
|t:|1779951162
|move|p2a: LATINO|Secret Sword|p1a: Kingambit
|-supereffective|p1a: Kingambit
|-damage|p1a: Kingambit|0 fnt
|faint|p1a: Kingambit
|-end|p1a: Kingambit|fallen5|[silent]
|
|win|bring09
|raw|ipff's rating: 1366 &rarr; <strong>1341</strong><br />(-25 for losing)
|raw|bring09's rating: 1274 &rarr; <strong>1305</strong><br />(+31 for winning)
|l|☆ipff
|player|p1|
|l|☆bring09
|player|p2|
