|j|☆Beebo99
|j|☆He Hao Yi
|t:|1779930148
|gametype|singles
|player|p1|Beebo99|266|1111
|player|p2|He Hao Yi|giovanni|1127
|gen|9
|tier|[Gen 9] OU
|rated|
|rule|HP Percentage Mod: HP is shown in percentages
|rule|Endless Battle Clause: Forcing endless battles is banned
|rule|Species Clause: Limit one of each Pokémon
|rule|OHKO Clause: OHKO moves are banned
|rule|Evasion Items Clause: Evasion items are banned
|rule|Evasion Moves Clause: Evasion moves are banned
|rule|Evasion Abilities Clause: Evasion abilities are banned
|rule|Sleep Moves Clause: Sleep-inducing moves are banned
|clearpoke
|poke|p1|Toxapex, F|
|poke|p1|Heatran, F|
|poke|p1|Gliscor, M|
|poke|p1|Great Tusk|
|poke|p1|Hatterene, F|
|poke|p1|Meowscarada, M|
|poke|p2|Pelipper, F|
|poke|p2|Barraskewda, F|
|poke|p2|Raging Bolt|
|poke|p2|Golduck, M|
|poke|p2|Pawmot, F|
|poke|p2|Tentacruel, F|
|teampreview
|inactive|Battle timer is ON: inactive players will automatically lose when time's up. (requested by Beebo99)
|
|t:|1779930157
|teamsize|p1|6
|teamsize|p2|6
|start
|switch|p1a: Meowscarada|Meowscarada, M|100/100
|switch|p2a: Ghoti carrier|Pelipper, F|100/100
|-weather|RainDance|[from] ability: Drizzle|[of] p2a: Ghoti carrier
|turn|1
|
|t:|1779930168
|move|p1a: Meowscarada|Flower Trick|p2a: Ghoti carrier
|-start|p1a: Meowscarada|typechange|Grass|[from] ability: Protean
|-crit|p2a: Ghoti carrier
|-damage|p2a: Ghoti carrier|42/100
|move|p2a: Ghoti carrier|U-turn|p1a: Meowscarada
|-supereffective|p1a: Meowscarada
|-damage|p1a: Meowscarada|70/100
|
|t:|1779930183
|switch|p2a: Seaking Duck|Golduck, M|100/100|[from] U-turn
|
|-weather|RainDance|[upkeep]
|upkeep
|turn|2
|
|t:|1779930188
|move|p2a: Seaking Duck|Ice Beam|p1a: Meowscarada
|-supereffective|p1a: Meowscarada
|-damage|p1a: Meowscarada|0 fnt
|faint|p1a: Meowscarada
|-damage|p2a: Seaking Duck|91/100|[from] item: Life Orb
|
|-weather|RainDance|[upkeep]
|upkeep
|
|t:|1779930197
|switch|p1a: Toxapex|Toxapex, F|100/100
|turn|3
|
|t:|1779930207
|switch|p2a: Spaghetti Too|Tentacruel, F|100/100
|move|p1a: Toxapex|Toxic|p2a: Spaghetti Too
|-immune|p2a: Spaghetti Too
|
|-weather|RainDance|[upkeep]
|upkeep
|turn|4
|
|t:|1779930220
|switch|p1a: Hatterene|Hatterene, F|100/100
|move|p2a: Spaghetti Too|Flip Turn|p1a: Hatterene
|-damage|p1a: Hatterene|75/100
|
|t:|1779930228
|switch|p2a: ExSkewda Me|Barraskewda, F|100/100|[from] Flip Turn
|
|-weather|RainDance|[upkeep]
|upkeep
|turn|5
|
|t:|1779930238
|move|p2a: ExSkewda Me|Flip Turn|p1a: Hatterene
|-damage|p1a: Hatterene|2/100
|
|t:|1779930245
|switch|p2a: Spaghetti Too|Tentacruel, F|100/100|[from] Flip Turn
|move|p1a: Hatterene|Nuzzle|p2a: Spaghetti Too
|-supereffective|p2a: Spaghetti Too
|-damage|p2a: Spaghetti Too|90/100
|-status|p2a: Spaghetti Too|par
|
|-weather|RainDance|[upkeep]
|-heal|p2a: Spaghetti Too|96/100 par|[from] ability: Rain Dish
|upkeep
|turn|6
|
|t:|1779930256
|move|p2a: Spaghetti Too|Rapid Spin|p1a: Hatterene
|-damage|p1a: Hatterene|0 fnt
|-boost|p2a: Spaghetti Too|spe|1
|faint|p1a: Hatterene
|
|-weather|RainDance|[upkeep]
|-heal|p2a: Spaghetti Too|100/100 par|[from] ability: Rain Dish
|upkeep
|
|t:|1779930264
|switch|p1a: Great Tusk|Great Tusk|100/100
|turn|7
|
|t:|1779930281
|move|p1a: Great Tusk|Rapid Spin|p2a: Spaghetti Too
|-damage|p2a: Spaghetti Too|82/100 par
|-boost|p1a: Great Tusk|spe|1
|move|p2a: Spaghetti Too|Flip Turn|p1a: Great Tusk
|-supereffective|p1a: Great Tusk
|-damage|p1a: Great Tusk|71/100
|
|t:|1779930288
|switch|p2a: ExSkewda Me|Barraskewda, F|100/100|[from] Flip Turn
|
|-weather|RainDance|[upkeep]
|upkeep
|turn|8
|
|t:|1779930294
|move|p2a: ExSkewda Me|Flip Turn|p1a: Great Tusk
|-supereffective|p1a: Great Tusk
|-damage|p1a: Great Tusk|0 fnt
|faint|p1a: Great Tusk
|-end|p1a: Great Tusk|Protosynthesis|[silent]
|
|t:|1779930306
|switch|p2a: Really want eject|Pawmot, F|100/100|[from] Flip Turn
|
|-weather|none
|upkeep
|-message|Beebo99 forfeited.
|
|win|He Hao Yi
|raw|Beebo99's rating: 1111 &rarr; <strong>1087</strong><br />(-24 for losing)
|raw|He Hao Yi's rating: 1127 &rarr; <strong>1151</strong><br />(+24 for winning)
