|j|☆Slippy2004
|j|☆worm mage
|t:|1779868823
|gametype|singles
|player|p1|Slippy2004|sage|1054
|player|p2|worm mage|169|1082
|gen|9
|tier|[Gen 9] OU
|rated|
|rule|HP Percentage Mod: HP is shown in percentages
|rule|Endless Battle Clause: Forcing endless battles is banned
|rule|Species Clause: Limit one of each Pokémon
|rule|OHKO Clause: OHKO moves are banned
|rule|Evasion Items Clause: Evasion items are banned
|rule|Evasion Moves Clause: Evasion moves are banned
|rule|Evasion Abilities Clause: Evasion abilities are banned
|rule|Sleep Moves Clause: Sleep-inducing moves are banned
|clearpoke
|poke|p1|Hawlucha, F|
|poke|p1|Samurott-Hisui, F|
|poke|p1|Rillaboom, F|
|poke|p1|Gholdengo|
|poke|p1|Kyurem|
|poke|p1|Landorus-Therian, M|
|poke|p2|Ariados, M|
|poke|p2|Forretress, F|
|poke|p2|Rabsca, F|
|poke|p2|Araquanid, M|
|poke|p2|Vikavolt, M|
|poke|p2|Frosmoth, M|
|teampreview
|inactive|Battle timer is ON: inactive players will automatically lose when time's up. (requested by Slippy2004)
|inactive|worm mage has 120 seconds left.
|l|☆worm mage
|inactive|worm mage disconnected and has a minute to reconnect!
|player|p2|
|j|☆worm mage
|inactive|worm mage reconnected and has 110 seconds left.
|player|p2|worm mage|169|
|
|t:|1779868877
|teamsize|p1|6
|teamsize|p2|6
|start
|switch|p1a: Landorus|Landorus-Therian, M|100/100
|switch|p2a: Frosmoth|Frosmoth, M|100/100
|-ability|p1a: Landorus|Intimidate|boost
|-unboost|p2a: Frosmoth|atk|1
|turn|1
|
|t:|1779868889
|move|p1a: Landorus|Taunt|p2a: Frosmoth
|-start|p2a: Frosmoth|move: Taunt
|move|p2a: Frosmoth|Blizzard|p1a: Landorus|[miss]
|-miss|p2a: Frosmoth|p1a: Landorus
|
|upkeep
|turn|2
|
|t:|1779868896
|move|p1a: Landorus|Stealth Rock|p2a: Frosmoth
|-sidestart|p2: worm mage|move: Stealth Rock
|move|p2a: Frosmoth|Blizzard|p1a: Landorus
|-supereffective|p1a: Landorus
|-damage|p1a: Landorus|0 fnt
|faint|p1a: Landorus
|
|upkeep
|
|t:|1779868907
|switch|p1a: Samurott|Samurott-Hisui, F|100/100
|turn|3
|
|t:|1779868914
|switch|p2a: Araquanid|Araquanid, M|100/100
|-damage|p2a: Araquanid|76/100|[from] Stealth Rock
|move|p1a: Samurott|Knock Off|p2a: Araquanid
|-damage|p2a: Araquanid|34/100
|-enditem|p2a: Araquanid|Leftovers|[from] move: Knock Off|[of] p1a: Samurott
|
|upkeep
|turn|4
|
|t:|1779868923
|move|p1a: Samurott|Ceaseless Edge|p2a: Araquanid
|-damage|p2a: Araquanid|0 fnt
|-sidestart|p2: worm mage|Spikes
|faint|p2a: Araquanid
|
|upkeep
|
|t:|1779868942
|switch|p2a: Forretress|Forretress, F|100/100
|-damage|p2a: Forretress|88/100|[from] Stealth Rock
|-damage|p2a: Forretress|76/100|[from] Spikes
|turn|5
|
|t:|1779868950
|move|p1a: Samurott|Knock Off|p2a: Forretress
|-damage|p2a: Forretress|47/100
|-enditem|p2a: Forretress|Leftovers|[from] move: Knock Off|[of] p1a: Samurott
|move|p2a: Forretress|Curse|p2a: Forretress
|-unboost|p2a: Forretress|spe|1
|-boost|p2a: Forretress|atk|1
|-boost|p2a: Forretress|def|1
|
|upkeep
|turn|6
|
|t:|1779868959
|move|p1a: Samurott|Ceaseless Edge|p2a: Forretress
|-damage|p2a: Forretress|27/100
|-sidestart|p2: worm mage|Spikes
|move|p2a: Forretress|Body Press|p1a: Samurott
|-supereffective|p1a: Samurott
|-damage|p1a: Samurott|0 fnt
|faint|p1a: Samurott
|
|upkeep
|
|t:|1779868966
|switch|p1a: Kyurem|Kyurem|100/100
|-ability|p1a: Kyurem|Pressure
|turn|7
|
|t:|1779868978
|move|p1a: Kyurem|Earth Power|p2a: Forretress
|-damage|p2a: Forretress|0 fnt
|faint|p2a: Forretress
|
|upkeep
|
|t:|1779868996
|switch|p2a: Frosmoth|Frosmoth, M|100/100
|-damage|p2a: Frosmoth|50/100|[from] Stealth Rock
|-damage|p2a: Frosmoth|34/100|[from] Spikes
|turn|8
|
|t:|1779869006
|move|p1a: Kyurem|Ice Beam|p2a: Frosmoth
|-resisted|p2a: Frosmoth
|-damage|p2a: Frosmoth|21/100
|move|p2a: Frosmoth|Dazzling Gleam|p1a: Kyurem
|-supereffective|p1a: Kyurem
|-damage|p1a: Kyurem|64/100
|
|upkeep
|turn|9
|
|t:|1779869014
|move|p1a: Kyurem|Focus Blast|p2a: Frosmoth
|-damage|p2a: Frosmoth|0 fnt
|faint|p2a: Frosmoth
|
|upkeep
|inactive|worm mage has 120 seconds left.
|inactive|worm mage has 90 seconds left.
|inactive|worm mage has 60 seconds left.
|inactive|worm mage has 30 seconds left.
|inactive|worm mage has 20 seconds left.
|inactive|worm mage has 15 seconds left.
|inactive|worm mage has 10 seconds left.
|inactive|worm mage has 5 seconds left.
|-message|worm mage lost due to inactivity.
|
|win|Slippy2004
|raw|Slippy2004's rating: 1054 &rarr; <strong>1088</strong><br />(+34 for winning)
|raw|worm mage's rating: 1082 &rarr; <strong>1058</strong><br />(-24 for losing)
|l|☆worm mage
|player|p2|
