|j|☆Frosted_Shadowz
|j|☆iska228
|t:|1779889216
|gametype|singles
|player|p1|Frosted_Shadowz|266|1289
|player|p2|iska228|hoopster|1230
|gen|9
|tier|[Gen 9] OU
|rated|
|rule|HP Percentage Mod: HP is shown in percentages
|rule|Endless Battle Clause: Forcing endless battles is banned
|rule|Species Clause: Limit one of each Pokémon
|rule|OHKO Clause: OHKO moves are banned
|rule|Evasion Items Clause: Evasion items are banned
|rule|Evasion Moves Clause: Evasion moves are banned
|rule|Evasion Abilities Clause: Evasion abilities are banned
|rule|Sleep Moves Clause: Sleep-inducing moves are banned
|clearpoke
|poke|p1|Glimmora, F|
|poke|p1|Ogerpon-Wellspring, F|
|poke|p1|Clefable, F|
|poke|p1|Zapdos|
|poke|p1|Iron Crown|
|poke|p1|Great Tusk|
|poke|p2|Cinccino, M|
|poke|p2|Arboliva, M|
|poke|p2|Garganacl, M|
|poke|p2|Dondozo, F|
|poke|p2|Gliscor, F|
|poke|p2|Iron Moth|
|teampreview
|inactive|Battle timer is ON: inactive players will automatically lose when time's up. (requested by Frosted_Shadowz)
|
|t:|1779889229
|teamsize|p1|6
|teamsize|p2|6
|start
|switch|p1a: Glimmora|Glimmora, F|100/100
|switch|p2a: Garganacl|Garganacl, M|100/100
|turn|1
|
|t:|1779889235
|move|p1a: Glimmora|Earth Power|p2a: Garganacl
|-supereffective|p2a: Garganacl
|-damage|p2a: Garganacl|58/100
|move|p2a: Garganacl|Salt Cure|p1a: Glimmora
|-damage|p1a: Glimmora|84/100
|-start|p1a: Glimmora|Salt Cure
|-activate|p1a: Glimmora|ability: Toxic Debris
|-sidestart|p2: iska228|move: Toxic Spikes
|
|-heal|p2a: Garganacl|65/100|[from] item: Leftovers
|-damage|p1a: Glimmora|71/100|[from] Salt Cure
|upkeep
|turn|2
|
|t:|1779889246
|move|p1a: Glimmora|Stealth Rock|p2a: Garganacl
|-sidestart|p2: iska228|move: Stealth Rock
|move|p2a: Garganacl|Stealth Rock|p1a: Glimmora
|-sidestart|p1: Frosted_Shadowz|move: Stealth Rock
|
|-heal|p2a: Garganacl|71/100|[from] item: Leftovers
|-damage|p1a: Glimmora|59/100|[from] Salt Cure
|upkeep
|turn|3
|
|t:|1779889253
|move|p1a: Glimmora|Mortal Spin|p2a: Garganacl
|-resisted|p2a: Garganacl
|-damage|p2a: Garganacl|69/100
|-sideend|p1: Frosted_Shadowz|Stealth Rock|[from] move: Mortal Spin|[of] p1a: Glimmora
|move|p2a: Garganacl|Recover|p2a: Garganacl
|-heal|p2a: Garganacl|100/100
|
|-damage|p1a: Glimmora|46/100|[from] Salt Cure
|upkeep
|turn|4
|
|t:|1779889260
|move|p1a: Glimmora|Earth Power|p2a: Garganacl
|-supereffective|p2a: Garganacl
|-damage|p2a: Garganacl|57/100
|move|p2a: Garganacl|Stealth Rock|p1a: Glimmora
|-sidestart|p1: Frosted_Shadowz|move: Stealth Rock
|
|-heal|p2a: Garganacl|63/100|[from] item: Leftovers
|-damage|p1a: Glimmora|34/100|[from] Salt Cure
|upkeep
|turn|5
|
|t:|1779889268
|move|p1a: Glimmora|Earth Power|p2a: Garganacl
|-supereffective|p2a: Garganacl
|-damage|p2a: Garganacl|24/100
|move|p2a: Garganacl|Recover|p2a: Garganacl
|-heal|p2a: Garganacl|74/100
|
|-heal|p2a: Garganacl|80/100|[from] item: Leftovers
|-damage|p1a: Glimmora|22/100|[from] Salt Cure
|upkeep
|turn|6
|
|t:|1779889276
|move|p2a: Garganacl|Protect|p2a: Garganacl
|-singleturn|p2a: Garganacl|Protect
|move|p1a: Glimmora|Mortal Spin|p2a: Garganacl
|-activate|p2a: Garganacl|move: Protect
|
|-heal|p2a: Garganacl|86/100|[from] item: Leftovers
|-damage|p1a: Glimmora|9/100|[from] Salt Cure
|upkeep
|turn|7
|
|t:|1779889286
|move|p1a: Glimmora|Mortal Spin|p2a: Garganacl
|-resisted|p2a: Garganacl
|-damage|p2a: Garganacl|85/100
|-sideend|p1: Frosted_Shadowz|Stealth Rock|[from] move: Mortal Spin|[of] p1a: Glimmora
|move|p2a: Garganacl|Stealth Rock|p1a: Glimmora
|-sidestart|p1: Frosted_Shadowz|move: Stealth Rock
|
|-heal|p2a: Garganacl|91/100|[from] item: Leftovers
|-damage|p1a: Glimmora|0 fnt|[from] Salt Cure
|faint|p1a: Glimmora
|upkeep
|
|t:|1779889293
|switch|p1a: Iron Crown|Iron Crown|100/100
|-damage|p1a: Iron Crown|94/100|[from] Stealth Rock
|turn|8
|
|t:|1779889307
|move|p1a: Iron Crown|Tachyon Cutter|p2a: Garganacl
|-supereffective|p2a: Garganacl
|-damage|p2a: Garganacl|38/100
|-supereffective|p2a: Garganacl
|-damage|p2a: Garganacl|0 fnt
|faint|p2a: Garganacl
|-hitcount|p2: Garganacl|2
|
|upkeep
|
|t:|1779889315
|switch|p2a: Iron Moth|Iron Moth|100/100
|-sideend|p2: iska228|move: Toxic Spikes|[of] p2a: Iron Moth
|-damage|p2a: Iron Moth|75/100|[from] Stealth Rock
|-enditem|p2a: Iron Moth|Booster Energy
|-activate|p2a: Iron Moth|ability: Quark Drive|[fromitem]
|-start|p2a: Iron Moth|quarkdrivespe
|turn|9
|
|t:|1779889328
|-end|p1a: Iron Crown|Quark Drive|[silent]
|switch|p1a: Zapdos|Zapdos|100/100
|move|p2a: Iron Moth|Fiery Dance|p1a: Zapdos
|-damage|p1a: Zapdos|61/100
|
|upkeep
|turn|10
|
|t:|1779889335
|move|p2a: Iron Moth|Fiery Dance|p1a: Zapdos
|-damage|p1a: Zapdos|21/100
|move|p1a: Zapdos|Thunder Wave|p2a: Iron Moth
|-status|p2a: Iron Moth|par
|
|upkeep
|turn|11
|
|t:|1779889344
|move|p2a: Iron Moth|Fiery Dance|p1a: Zapdos
|-damage|p1a: Zapdos|0 fnt
|-boost|p2a: Iron Moth|spa|1
|faint|p1a: Zapdos
|
|upkeep
|
|t:|1779889346
|switch|p1a: Great Tusk|Great Tusk|100/100
|-damage|p1a: Great Tusk|98/100|[from] Stealth Rock
|turn|12
|
|t:|1779889354
|move|p1a: Great Tusk|Headlong Rush|p2a: Iron Moth
|-supereffective|p2a: Iron Moth
|-damage|p2a: Iron Moth|0 fnt
|-unboost|p1a: Great Tusk|def|1
|-unboost|p1a: Great Tusk|spd|1
|faint|p2a: Iron Moth
|-end|p2a: Iron Moth|Quark Drive|[silent]
|
|upkeep
|
|t:|1779889364
|switch|p2a: Arboliva|Arboliva, M|100/100
|-damage|p2a: Arboliva|88/100|[from] Stealth Rock
|turn|13
|
|t:|1779889378
|-end|p1a: Great Tusk|Protosynthesis|[silent]
|switch|p1a: Clefable|Clefable, F|100/100
|-damage|p1a: Clefable|88/100|[from] Stealth Rock
|move|p2a: Arboliva|Leech Seed|p1a: Clefable
|-start|p1a: Clefable|move: Leech Seed
|
|-heal|p1a: Clefable|94/100|[from] item: Leftovers
|-damage|p1a: Clefable|82/100|[from] Leech Seed|[of] p2a: Arboliva
|-heal|p2a: Arboliva|100/100|[silent]
|upkeep
|turn|14
|
|t:|1779889387
|move|p1a: Clefable|Ice Beam|p2a: Arboliva
|-supereffective|p2a: Arboliva
|-damage|p2a: Arboliva|62/100
|move|p2a: Arboliva|Substitute|p2a: Arboliva
|-start|p2a: Arboliva|Substitute
|-damage|p2a: Arboliva|37/100
|-enditem|p2a: Arboliva|Sitrus Berry|[eat]
|-heal|p2a: Arboliva|62/100|[from] item: Sitrus Berry
|
|-heal|p1a: Clefable|88/100|[from] item: Leftovers
|-damage|p1a: Clefable|75/100|[from] Leech Seed|[of] p2a: Arboliva
|-heal|p2a: Arboliva|77/100|[silent]
|upkeep
|turn|15
|
|t:|1779889398
|move|p1a: Clefable|Ice Beam|p2a: Arboliva
|-supereffective|p2a: Arboliva
|-end|p2a: Arboliva|Substitute
|move|p2a: Arboliva|Sunny Day|p2a: Arboliva
|-weather|SunnyDay
|
|-weather|SunnyDay|[upkeep]
|-heal|p1a: Clefable|81/100|[from] item: Leftovers
|-damage|p1a: Clefable|69/100|[from] Leech Seed|[of] p2a: Arboliva
|-heal|p2a: Arboliva|91/100|[silent]
|-item|p2a: Arboliva|Sitrus Berry|[from] ability: Harvest
|upkeep
|turn|16
|
|t:|1779889408
|move|p1a: Clefable|Ice Beam|p2a: Arboliva
|-supereffective|p2a: Arboliva
|-damage|p2a: Arboliva|52/100
|move|p2a: Arboliva|Giga Drain|p1a: Clefable
|-damage|p1a: Clefable|38/100
|-heal|p2a: Arboliva|70/100|[from] drain|[of] p1a: Clefable
|
|-weather|SunnyDay|[upkeep]
|-heal|p1a: Clefable|44/100|[from] item: Leftovers
|-damage|p1a: Clefable|31/100|[from] Leech Seed|[of] p2a: Arboliva
|-heal|p2a: Arboliva|85/100|[silent]
|upkeep
|turn|17
|
|t:|1779889419
|move|p1a: Clefable|Wish|p1a: Clefable
|move|p2a: Arboliva|Giga Drain|p1a: Clefable
|-damage|p1a: Clefable|0 fnt
|-heal|p2a: Arboliva|100/100|[from] drain|[of] p1a: Clefable
|faint|p1a: Clefable
|
|-weather|SunnyDay|[upkeep]
|upkeep
|
|t:|1779889425
|switch|p1a: Iron Crown|Iron Crown|94/100
|-damage|p1a: Iron Crown|88/100|[from] Stealth Rock
|turn|18
|
|t:|1779889429
|move|p1a: Iron Crown|Psychic Noise|p2a: Arboliva
|-damage|p2a: Arboliva|45/100
|-start|p2a: Arboliva|move: Heal Block
|move|p2a: Arboliva|Leech Seed|p1a: Iron Crown
|-start|p1a: Iron Crown|move: Leech Seed
|
|-weather|SunnyDay|[upkeep]
|-heal|p1a: Iron Crown|100/100|[from] move: Wish|[wisher] Clefable
|-damage|p1a: Iron Crown|88/100|[from] Leech Seed|[of] p2a: Arboliva
|upkeep
|turn|19
|
|t:|1779889446
|move|p1a: Iron Crown|Psychic Noise|p2a: Arboliva
|-damage|p2a: Arboliva|0 fnt
|faint|p2a: Arboliva
|
|-weather|none
|upkeep
|
|t:|1779889458
|switch|p2a: Gliscor|Gliscor, F|100/100
|-damage|p2a: Gliscor|88/100|[from] Stealth Rock
|turn|20
|
|t:|1779889463
|-end|p1a: Iron Crown|Quark Drive|[silent]
|switch|p1a: Great Tusk|Great Tusk|98/100
|-damage|p1a: Great Tusk|95/100|[from] Stealth Rock
|move|p2a: Gliscor|Earthquake|p1a: Great Tusk
|-damage|p1a: Great Tusk|72/100
|
|-status|p2a: Gliscor|tox|[from] item: Toxic Orb
|upkeep
|turn|21
|
|t:|1779889472
|move|p1a: Great Tusk|Rapid Spin|p2a: Gliscor
|-damage|p2a: Gliscor|73/100 tox
|-boost|p1a: Great Tusk|spe|1
|-sideend|p1: Frosted_Shadowz|Stealth Rock|[from] move: Rapid Spin|[of] p1a: Great Tusk
|move|p2a: Gliscor|Swords Dance|p2a: Gliscor
|-boost|p2a: Gliscor|atk|2
|
|-heal|p2a: Gliscor|86/100 tox|[from] ability: Poison Heal
|upkeep
|turn|22
|
|t:|1779889481
|move|p1a: Great Tusk|Ice Spinner|p2a: Gliscor
|-supereffective|p2a: Gliscor
|-damage|p2a: Gliscor|2/100 tox
|move|p2a: Gliscor|Swords Dance|p2a: Gliscor
|-boost|p2a: Gliscor|atk|2
|
|-heal|p2a: Gliscor|14/100 tox|[from] ability: Poison Heal
|upkeep
|turn|23
|
|t:|1779889489
|move|p2a: Gliscor|Protect|p2a: Gliscor
|-singleturn|p2a: Gliscor|Protect
|move|p1a: Great Tusk|Ice Spinner|p2a: Gliscor
|-activate|p2a: Gliscor|move: Protect
|
|-heal|p2a: Gliscor|27/100 tox|[from] ability: Poison Heal
|upkeep
|turn|24
|
|t:|1779889496
|move|p1a: Great Tusk|Ice Spinner|p2a: Gliscor
|-supereffective|p2a: Gliscor
|-damage|p2a: Gliscor|0 fnt
|faint|p2a: Gliscor
|
|upkeep
|
|t:|1779889501
|switch|p2a: Cinccino|Cinccino, M|100/100
|-damage|p2a: Cinccino|88/100|[from] Stealth Rock
|turn|25
|
|t:|1779889506
|move|p1a: Great Tusk|Knock Off|p2a: Cinccino
|-damage|p2a: Cinccino|30/100
|-enditem|p2a: Cinccino|Loaded Dice|[from] move: Knock Off|[of] p1a: Great Tusk
|move|p2a: Cinccino|Bullet Seed|p1a: Great Tusk
|-supereffective|p1a: Great Tusk
|-crit|p1a: Great Tusk
|-damage|p1a: Great Tusk|47/100
|-supereffective|p1a: Great Tusk
|-damage|p1a: Great Tusk|30/100
|-hitcount|p1a: Great Tusk|2
|
|upkeep
|turn|26
|
|t:|1779889531
|move|p1a: Great Tusk|Headlong Rush|p2a: Cinccino
|-damage|p2a: Cinccino|0 fnt
|-unboost|p1a: Great Tusk|def|1
|-unboost|p1a: Great Tusk|spd|1
|faint|p2a: Cinccino
|
|upkeep
|-message|iska228 forfeited.
|
|win|Frosted_Shadowz
|raw|Frosted_Shadowz's rating: 1289 &rarr; <strong>1310</strong><br />(+21 for winning)
|raw|iska228's rating: 1230 &rarr; <strong>1209</strong><br />(-21 for losing)
|l|☆iska228
|player|p2|
|l|☆Frosted_Shadowz
|player|p1|
