|j|☆fececffrf
|j|☆claudechamp
|t:|1779807155
|gametype|singles
|player|p1|fececffrf|lucas|1291
|player|p2|claudechamp|265|1280
|gen|9
|tier|[Gen 9] OU
|rated|
|rule|HP Percentage Mod: HP is shown in percentages
|rule|Endless Battle Clause: Forcing endless battles is banned
|rule|Species Clause: Limit one of each Pokémon
|rule|OHKO Clause: OHKO moves are banned
|rule|Evasion Items Clause: Evasion items are banned
|rule|Evasion Moves Clause: Evasion moves are banned
|rule|Evasion Abilities Clause: Evasion abilities are banned
|rule|Sleep Moves Clause: Sleep-inducing moves are banned
|clearpoke
|poke|p1|Zamazenta-*|
|poke|p1|Ceruledge, F|
|poke|p1|Magnezone|
|poke|p1|Gliscor, F|
|poke|p1|Hoopa-Unbound|
|poke|p1|Goodra-Hisui, F|
|poke|p2|Gliscor, F|
|poke|p2|Gholdengo|
|poke|p2|Zamazenta-*|
|poke|p2|Blissey, F|
|poke|p2|Skarmory, F|
|poke|p2|Pecharunt|
|teampreview
|c|☆claudechamp|hf
|inactive|Battle timer is ON: inactive players will automatically lose when time's up. (requested by claudechamp)
|
|t:|1779807166
|teamsize|p1|6
|teamsize|p2|6
|start
|switch|p1a: Ceruledge|Ceruledge, F|100/100
|switch|p2a: Skarmory|Skarmory, F|100/100
|turn|1
|
|t:|1779807170
|move|p1a: Ceruledge|Bitter Blade|p2a: Skarmory
|-supereffective|p2a: Skarmory
|-damage|p2a: Skarmory|42/100
|move|p2a: Skarmory|Spikes|p1a: Ceruledge
|-sidestart|p1: fececffrf|Spikes
|
|upkeep
|turn|2
|
|t:|1779807175
|switch|p2a: Gliscor|Gliscor, F|100/100
|move|p1a: Ceruledge|Bitter Blade|p2a: Gliscor
|-damage|p2a: Gliscor|63/100
|
|-status|p2a: Gliscor|tox|[from] item: Toxic Orb
|upkeep
|turn|3
|
|t:|1779807189
|switch|p1a: Zamazenta|Zamazenta|100/100
|-damage|p1a: Zamazenta|88/100|[from] Spikes
|-ability|p1a: Zamazenta|Dauntless Shield|boost
|-boost|p1a: Zamazenta|def|1
|move|p2a: Gliscor|Earthquake|p1a: Zamazenta
|-damage|p1a: Zamazenta|66/100
|
|-heal|p2a: Gliscor|75/100 tox|[from] ability: Poison Heal
|upkeep
|turn|4
|
|t:|1779807195
|move|p1a: Zamazenta|Ice Fang|p2a: Gliscor
|-supereffective|p2a: Gliscor
|-damage|p2a: Gliscor|0 fnt
|faint|p2a: Gliscor
|-damage|p1a: Zamazenta|56/100|[from] item: Life Orb
|
|upkeep
|
|t:|1779807199
|switch|p2a: Pecharunt|Pecharunt|100/100
|turn|5
|
|t:|1779807208
|switch|p1a: Goodra|Goodra-Hisui, F|100/100
|-damage|p1a: Goodra|88/100|[from] Spikes
|move|p2a: Pecharunt|Shadow Ball|p1a: Goodra
|-damage|p1a: Goodra|72/100
|-unboost|p1a: Goodra|spd|1
|
|-heal|p1a: Goodra|78/100|[from] item: Leftovers
|upkeep
|turn|6
|
|t:|1779807220
|switch|p1a: Gliscor|Gliscor, F|100/100
|move|p2a: Pecharunt|Parting Shot|p1a: Gliscor
|-unboost|p1a: Gliscor|atk|1
|-unboost|p1a: Gliscor|spa|1
|
|t:|1779807222
|switch|p2a: Gholdengo|Gholdengo|100/100|[from] Parting Shot
|
|-status|p1a: Gliscor|tox|[from] item: Toxic Orb
|upkeep
|turn|7
|
|t:|1779807227
|move|p2a: Gholdengo|Nasty Plot|p2a: Gholdengo
|-boost|p2a: Gholdengo|spa|2
|move|p1a: Gliscor|Earthquake|p2a: Gholdengo
|-supereffective|p2a: Gholdengo
|-damage|p2a: Gholdengo|59/100
|
|upkeep
|turn|8
|
|t:|1779807238
|move|p2a: Gholdengo|Hex|p1a: Gliscor
|-damage|p1a: Gliscor|0 fnt
|faint|p1a: Gliscor
|
|upkeep
|
|t:|1779807241
|switch|p1a: Ceruledge|Ceruledge, F|100/100
|-damage|p1a: Ceruledge|88/100|[from] Spikes
|turn|9
|
|t:|1779807248
|-terastallize|p2a: Gholdengo|Fairy
|move|p1a: Ceruledge|Poltergeist|p2a: Gholdengo
|-activate|p2a: Gholdengo|move: Poltergeist|Ability Shield
|-damage|p2a: Gholdengo|15/100
|move|p2a: Gholdengo|Hex|p1a: Ceruledge
|-supereffective|p1a: Ceruledge
|-damage|p1a: Ceruledge|0 fnt
|faint|p1a: Ceruledge
|
|upkeep
|
|t:|1779807259
|switch|p1a: Zamazenta|Zamazenta|56/100
|-damage|p1a: Zamazenta|44/100|[from] Spikes
|turn|10
|
|t:|1779807263
|switch|p2a: Zamazenta|Zamazenta|100/100
|-ability|p2a: Zamazenta|Dauntless Shield|boost
|-boost|p2a: Zamazenta|def|1
|move|p1a: Zamazenta|Iron Head|p2a: Zamazenta
|-damage|p2a: Zamazenta|80/100
|-damage|p1a: Zamazenta|34/100|[from] item: Life Orb
|
|upkeep
|turn|11
|
|t:|1779807269
|move|p2a: Zamazenta|Close Combat|p1a: Zamazenta
|-damage|p1a: Zamazenta|0 fnt
|-unboost|p2a: Zamazenta|def|1
|-unboost|p2a: Zamazenta|spd|1
|faint|p1a: Zamazenta
|
|upkeep
|
|t:|1779807290
|switch|p1a: Magnezone|Magnezone|100/100
|-damage|p1a: Magnezone|88/100|[from] Spikes
|turn|12
|
|t:|1779807295
|-terastallize|p1a: Magnezone|Flying
|move|p2a: Zamazenta|Close Combat|p1a: Magnezone
|-resisted|p1a: Magnezone
|-crit|p1a: Magnezone
|-damage|p1a: Magnezone|54/100
|-unboost|p2a: Zamazenta|def|1
|-unboost|p2a: Zamazenta|spd|1
|move|p1a: Magnezone|Thunderbolt|p2a: Zamazenta
|-damage|p2a: Zamazenta|0 fnt
|faint|p2a: Zamazenta
|
|upkeep
|
|t:|1779807299
|switch|p2a: Blissey|Blissey, F|100/100
|turn|13
|
|t:|1779807306
|move|p1a: Magnezone|Body Press|p2a: Blissey
|-supereffective|p2a: Blissey
|-damage|p2a: Blissey|47/100
|move|p2a: Blissey|Stealth Rock|p1a: Magnezone
|-sidestart|p1: fececffrf|move: Stealth Rock
|
|upkeep
|turn|14
|
|t:|1779807320
|switch|p2a: Pecharunt|Pecharunt|100/100
|move|p1a: Magnezone|Thunderbolt|p2a: Pecharunt
|-damage|p2a: Pecharunt|50/100
|
|upkeep
|turn|15
|
|t:|1779807324
|move|p2a: Pecharunt|Parting Shot|p1a: Magnezone
|-unboost|p1a: Magnezone|atk|1
|-unboost|p1a: Magnezone|spa|1
|
|t:|1779807336
|switch|p2a: Gholdengo|Gholdengo, tera:Fairy|15/100|[from] Parting Shot
|move|p1a: Magnezone|Thunderbolt|p2a: Gholdengo
|-damage|p2a: Gholdengo|0 fnt
|faint|p2a: Gholdengo
|
|upkeep
|
|t:|1779807342
|switch|p2a: Pecharunt|Pecharunt|50/100
|turn|16
|
|t:|1779807348
|move|p2a: Pecharunt|Recover|p2a: Pecharunt
|-heal|p2a: Pecharunt|100/100
|move|p1a: Magnezone|Thunderbolt|p2a: Pecharunt
|-damage|p2a: Pecharunt|70/100
|
|upkeep
|turn|17
|
|t:|1779807352
|move|p2a: Pecharunt|Shadow Ball|p1a: Magnezone
|-damage|p1a: Magnezone|33/100
|move|p1a: Magnezone|Volt Switch|p2a: Pecharunt
|-damage|p2a: Pecharunt|45/100
|
|t:|1779807357
|switch|p1a: Hoopa|Hoopa-Unbound|100/100|[from] Volt Switch
|-damage|p1a: Hoopa|88/100|[from] Spikes
|-damage|p1a: Hoopa|76/100|[from] Stealth Rock
|
|upkeep
|turn|18
|
|t:|1779807362
|move|p2a: Pecharunt|Recover|p2a: Pecharunt
|-heal|p2a: Pecharunt|95/100
|move|p1a: Hoopa|Hyperspace Fury|p2a: Pecharunt
|-supereffective|p2a: Pecharunt
|-damage|p2a: Pecharunt|49/100
|-unboost|p1a: Hoopa|def|1
|
|upkeep
|turn|19
|
|t:|1779807371
|move|p2a: Pecharunt|Parting Shot|p1a: Hoopa
|-unboost|p1a: Hoopa|atk|1
|-unboost|p1a: Hoopa|spa|1
|
|t:|1779807378
|switch|p2a: Skarmory|Skarmory, F|42/100|[from] Parting Shot
|move|p1a: Hoopa|Hyperspace Fury|p2a: Skarmory
|-damage|p2a: Skarmory|21/100
|-unboost|p1a: Hoopa|def|1
|
|upkeep
|turn|20
|
|t:|1779807383
|move|p2a: Skarmory|Body Press|p1a: Hoopa
|-damage|p1a: Hoopa|23/100
|move|p1a: Hoopa|Fire Punch|p2a: Skarmory
|-supereffective|p2a: Skarmory
|-damage|p2a: Skarmory|0 fnt
|faint|p2a: Skarmory
|
|upkeep
|
|t:|1779807388
|switch|p2a: Pecharunt|Pecharunt|49/100
|turn|21
|
|t:|1779807396
|move|p2a: Pecharunt|Recover|p2a: Pecharunt
|-heal|p2a: Pecharunt|99/100
|move|p1a: Hoopa|Hyperspace Fury|p2a: Pecharunt
|-supereffective|p2a: Pecharunt
|-damage|p2a: Pecharunt|67/100
|-unboost|p1a: Hoopa|def|1
|
|upkeep
|turn|22
|
|t:|1779807407
|move|p2a: Pecharunt|Toxic|p1a: Hoopa
|-status|p1a: Hoopa|tox
|-start|p1a: Hoopa|confusion|[from] ability: Poison Puppeteer|[of] p2a: Pecharunt
|-activate|p1a: Hoopa|confusion
|move|p1a: Hoopa|Hyperspace Fury|p2a: Pecharunt
|-supereffective|p2a: Pecharunt
|-damage|p2a: Pecharunt|34/100
|-unboost|p1a: Hoopa|def|1
|
|-damage|p1a: Hoopa|17/100 tox|[from] psn
|upkeep
|turn|23
|
|t:|1779807412
|move|p2a: Pecharunt|Shadow Ball|p1a: Hoopa
|-damage|p1a: Hoopa|5/100 tox
|-activate|p1a: Hoopa|confusion
|move|p1a: Hoopa|Hyperspace Fury|p2a: Pecharunt
|-supereffective|p2a: Pecharunt
|-damage|p2a: Pecharunt|2/100
|-unboost|p1a: Hoopa|def|1
|
|-damage|p1a: Hoopa|0 fnt|[from] psn
|faint|p1a: Hoopa
|upkeep
|
|t:|1779807415
|switch|p1a: Goodra|Goodra-Hisui, F|78/100
|-damage|p1a: Goodra|66/100|[from] Spikes
|-damage|p1a: Goodra|60/100|[from] Stealth Rock
|turn|24
|
|t:|1779807423
|move|p2a: Pecharunt|Parting Shot|p1a: Goodra
|-unboost|p1a: Goodra|atk|1
|-unboost|p1a: Goodra|spa|1
|
|t:|1779807431
|switch|p2a: Blissey|Blissey, F|47/100|[from] Parting Shot
|move|p1a: Goodra|Dragon Pulse|p2a: Blissey
|-damage|p2a: Blissey|40/100
|
|-heal|p1a: Goodra|66/100|[from] item: Leftovers
|upkeep
|turn|25
|
|t:|1779807440
|move|p1a: Goodra|Body Press|p2a: Blissey
|-supereffective|p2a: Blissey
|-damage|p2a: Blissey|0 fnt
|faint|p2a: Blissey
|
|-heal|p1a: Goodra|72/100|[from] item: Leftovers
|upkeep
|
|t:|1779807447
|switch|p2a: Pecharunt|Pecharunt|2/100
|turn|26
|
|t:|1779807460
|switch|p1a: Magnezone|Magnezone, tera:Flying|33/100
|-damage|p1a: Magnezone|8/100|[from] Stealth Rock
|move|p2a: Pecharunt|Recover|p2a: Pecharunt
|-heal|p2a: Pecharunt|52/100
|
|upkeep
|turn|27
|
|t:|1779807469
|move|p2a: Pecharunt|Shadow Ball|p1a: Magnezone
|-damage|p1a: Magnezone|0 fnt
|faint|p1a: Magnezone
|
|upkeep
|
|t:|1779807471
|switch|p1a: Goodra|Goodra-Hisui, F|72/100
|-damage|p1a: Goodra|60/100|[from] Spikes
|-damage|p1a: Goodra|54/100|[from] Stealth Rock
|turn|28
|
|t:|1779807479
|move|p2a: Pecharunt|Parting Shot|p1a: Goodra
|-unboost|p1a: Goodra|atk|1
|-unboost|p1a: Goodra|spa|1
|move|p1a: Goodra|Thunderbolt|p2a: Pecharunt
|-damage|p2a: Pecharunt|36/100
|
|-heal|p1a: Goodra|60/100|[from] item: Leftovers
|upkeep
|turn|29
|
|t:|1779807487
|move|p2a: Pecharunt|Recover|p2a: Pecharunt
|-heal|p2a: Pecharunt|86/100
|move|p1a: Goodra|Thunderbolt|p2a: Pecharunt
|-damage|p2a: Pecharunt|70/100
|-status|p2a: Pecharunt|par
|
|-heal|p1a: Goodra|66/100|[from] item: Leftovers
|upkeep
|turn|30
|
|t:|1779807504
|move|p1a: Goodra|Dragon Pulse|p2a: Pecharunt
|-damage|p2a: Pecharunt|50/100 par
|move|p2a: Pecharunt|Parting Shot|p1a: Goodra
|-unboost|p1a: Goodra|atk|1
|-unboost|p1a: Goodra|spa|1
|
|-heal|p1a: Goodra|72/100|[from] item: Leftovers
|upkeep
|turn|31
|
|t:|1779807516
|move|p1a: Goodra|Dragon Pulse|p2a: Pecharunt
|-damage|p2a: Pecharunt|35/100 par
|move|p2a: Pecharunt|Recover|p2a: Pecharunt
|-heal|p2a: Pecharunt|85/100 par
|
|-heal|p1a: Goodra|78/100|[from] item: Leftovers
|upkeep
|turn|32
|
|t:|1779807525
|move|p1a: Goodra|Dragon Pulse|p2a: Pecharunt
|-damage|p2a: Pecharunt|70/100 par
|cant|p2a: Pecharunt|par
|
|-heal|p1a: Goodra|84/100|[from] item: Leftovers
|upkeep
|turn|33
|
|t:|1779807537
|move|p1a: Goodra|Dragon Pulse|p2a: Pecharunt
|-damage|p2a: Pecharunt|54/100 par
|cant|p2a: Pecharunt|par
|
|-heal|p1a: Goodra|90/100|[from] item: Leftovers
|upkeep
|turn|34
|
|t:|1779807547
|move|p1a: Goodra|Dragon Pulse|p2a: Pecharunt
|-damage|p2a: Pecharunt|38/100 par
|move|p2a: Pecharunt|Recover|p2a: Pecharunt
|-heal|p2a: Pecharunt|88/100 par
|
|-heal|p1a: Goodra|96/100|[from] item: Leftovers
|upkeep
|turn|35
|
|t:|1779807555
|move|p1a: Goodra|Thunderbolt|p2a: Pecharunt
|-damage|p2a: Pecharunt|77/100 par
|move|p2a: Pecharunt|Parting Shot|p1a: Goodra
|-unboost|p1a: Goodra|atk|1
|-unboost|p1a: Goodra|spa|1
|
|-heal|p1a: Goodra|100/100|[from] item: Leftovers
|upkeep
|turn|36
|
|t:|1779807562
|move|p1a: Goodra|Dragon Pulse|p2a: Pecharunt
|-damage|p2a: Pecharunt|63/100 par
|move|p2a: Pecharunt|Parting Shot|p1a: Goodra
|-unboost|p1a: Goodra|atk|1
|-unboost|p1a: Goodra|spa|1
|
|upkeep
|turn|37
|
|t:|1779807575
|move|p1a: Goodra|Thunderbolt|p2a: Pecharunt
|-damage|p2a: Pecharunt|55/100 par
|move|p2a: Pecharunt|Recover|p2a: Pecharunt
|-heal|p2a: Pecharunt|100/100 par
|
|upkeep
|turn|38
|
|t:|1779807589
|move|p1a: Goodra|Dragon Pulse|p2a: Pecharunt
|-damage|p2a: Pecharunt|89/100 par
|move|p2a: Pecharunt|Shadow Ball|p1a: Goodra
|-damage|p1a: Goodra|83/100
|
|-heal|p1a: Goodra|89/100|[from] item: Leftovers
|upkeep
|turn|39
|
|t:|1779807603
|move|p1a: Goodra|Dragon Pulse|p2a: Pecharunt
|-damage|p2a: Pecharunt|78/100 par
|move|p2a: Pecharunt|Shadow Ball|p1a: Goodra
|-damage|p1a: Goodra|71/100
|
|-heal|p1a: Goodra|77/100|[from] item: Leftovers
|upkeep
|turn|40
|
|t:|1779807617
|move|p1a: Goodra|Dragon Pulse|p2a: Pecharunt
|-damage|p2a: Pecharunt|67/100 par
|cant|p2a: Pecharunt|par
|
|-heal|p1a: Goodra|83/100|[from] item: Leftovers
|upkeep
|turn|41
|
|t:|1779807633
|move|p1a: Goodra|Dragon Pulse|p2a: Pecharunt
|-damage|p2a: Pecharunt|57/100 par
|move|p2a: Pecharunt|Shadow Ball|p1a: Goodra
|-crit|p1a: Goodra
|-damage|p1a: Goodra|59/100
|
|-heal|p1a: Goodra|65/100|[from] item: Leftovers
|upkeep
|turn|42
|
|t:|1779807642
|move|p1a: Goodra|Dragon Pulse|p2a: Pecharunt
|-damage|p2a: Pecharunt|46/100 par
|move|p2a: Pecharunt|Shadow Ball|p1a: Goodra
|-damage|p1a: Goodra|49/100
|-unboost|p1a: Goodra|spd|1
|
|-heal|p1a: Goodra|55/100|[from] item: Leftovers
|upkeep
|turn|43
|
|t:|1779807656
|move|p1a: Goodra|Dragon Pulse|p2a: Pecharunt
|-damage|p2a: Pecharunt|35/100 par
|move|p2a: Pecharunt|Shadow Ball|p1a: Goodra
|-damage|p1a: Goodra|32/100
|
|-heal|p1a: Goodra|38/100|[from] item: Leftovers
|upkeep
|turn|44
|
|t:|1779807671
|move|p1a: Goodra|Dragon Pulse|p2a: Pecharunt
|-damage|p2a: Pecharunt|25/100 par
|move|p2a: Pecharunt|Shadow Ball|p1a: Goodra
|-damage|p1a: Goodra|16/100
|-unboost|p1a: Goodra|spd|1
|
|-heal|p1a: Goodra|22/100|[from] item: Leftovers
|upkeep
|turn|45
|
|t:|1779807687
|move|p1a: Goodra|Dragon Pulse|p2a: Pecharunt
|-damage|p2a: Pecharunt|15/100 par
|move|p2a: Pecharunt|Shadow Ball|p1a: Goodra
|-damage|p1a: Goodra|0 fnt
|faint|p1a: Goodra
|
|win|claudechamp
|raw|fececffrf's rating: 1291 &rarr; <strong>1268</strong><br />(-23 for losing)
|raw|claudechamp's rating: 1324 &rarr; <strong>1342</strong><br />(+18 for winning)
|l|☆fececffrf
|player|p1|
|c|☆claudechamp|gg
