|j|☆Dakota1683
|j|☆banjo guro
|t:|1779916412
|gametype|singles
|player|p1|Dakota1683|169|1255
|player|p2|banjo guro|erika|1278
|gen|9
|tier|[Gen 9] OU
|rated|
|rule|HP Percentage Mod: HP is shown in percentages
|rule|Endless Battle Clause: Forcing endless battles is banned
|rule|Species Clause: Limit one of each Pokémon
|rule|OHKO Clause: OHKO moves are banned
|rule|Evasion Items Clause: Evasion items are banned
|rule|Evasion Moves Clause: Evasion moves are banned
|rule|Evasion Abilities Clause: Evasion abilities are banned
|rule|Sleep Moves Clause: Sleep-inducing moves are banned
|clearpoke
|poke|p1|Zapdos|
|poke|p1|Mew|
|poke|p1|Hitmonchan, M|
|poke|p1|Dragonite, M|
|poke|p1|Jolteon, M|
|poke|p1|Blastoise, F|
|poke|p2|Garganacl, F|
|poke|p2|Mimikyu, M|
|poke|p2|Chimecho, M|
|poke|p2|Serperior, F|
|poke|p2|Polteageist|
|poke|p2|Maushold|
|teampreview
|inactive|Battle timer is ON: inactive players will automatically lose when time's up. (requested by banjo guro)
|
|t:|1779916419
|teamsize|p1|6
|teamsize|p2|6
|start
|switch|p1a: Hitmonchan|Hitmonchan, M|100/100
|switch|p2a: Serperior|Serperior, F|100/100
|turn|1
|
|t:|1779916423
|move|p2a: Serperior|Glare|p1a: Hitmonchan
|-status|p1a: Hitmonchan|par
|move|p1a: Hitmonchan|Ice Punch|p2a: Serperior
|-supereffective|p2a: Serperior
|-damage|p2a: Serperior|49/100
|
|-heal|p2a: Serperior|55/100|[from] item: Leftovers
|upkeep
|turn|2
|
|t:|1779916436
|-singleturn|p1a: Hitmonchan|move: Focus Punch
|move|p2a: Serperior|Substitute|p2a: Serperior
|-start|p2a: Serperior|Substitute
|-damage|p2a: Serperior|30/100
|move|p1a: Hitmonchan|Focus Punch|p2a: Serperior
|-end|p2a: Serperior|Substitute
|
|-heal|p2a: Serperior|36/100|[from] item: Leftovers
|upkeep
|turn|3
|
|t:|1779916447
|switch|p1a: Jolteon|Jolteon, M|100/100
|move|p2a: Serperior|Leaf Storm|p1a: Jolteon
|-damage|p1a: Jolteon|55/100
|-boost|p2a: Serperior|spa|2
|
|-heal|p2a: Serperior|42/100|[from] item: Leftovers
|upkeep
|turn|4
|
|t:|1779916452
|switch|p1a: Dragonite|Dragonite, M|100/100
|move|p2a: Serperior|Leech Seed|p1a: Dragonite
|-start|p1a: Dragonite|move: Leech Seed
|
|-heal|p2a: Serperior|49/100|[from] item: Leftovers
|-damage|p1a: Dragonite|88/100|[from] Leech Seed|[of] p2a: Serperior
|-heal|p2a: Serperior|62/100|[silent]
|upkeep
|turn|5
|
|t:|1779916457
|-terastallize|p1a: Dragonite|Normal
|move|p1a: Dragonite|Extreme Speed|p2a: Serperior
|-damage|p2a: Serperior|10/100
|move|p2a: Serperior|Glare|p1a: Dragonite
|-status|p1a: Dragonite|par
|
|-heal|p2a: Serperior|16/100|[from] item: Leftovers
|-damage|p1a: Dragonite|76/100 par|[from] Leech Seed|[of] p2a: Serperior
|-heal|p2a: Serperior|30/100|[silent]
|upkeep
|turn|6
|
|t:|1779916474
|switch|p2a: Mimikyu|Mimikyu, M|100/100
|switch|p1a: Zapdos|Zapdos|100/100
|
|upkeep
|turn|7
|
|t:|1779916483
|move|p1a: Zapdos|Volt Switch|p2a: Mimikyu
|-activate|p2a: Mimikyu|ability: Disguise
|-damage|p2a: Mimikyu|100/100
|detailschange|p2a: Mimikyu|Mimikyu-Busted, M
|-damage|p2a: Mimikyu|88/100|[from] pokemon: Mimikyu-Busted
|-enditem|p2a: Mimikyu|Red Card|[of] p1a: Zapdos
|drag|p1a: Blastoise|Blastoise, F|100/100
|move|p2a: Mimikyu|Swords Dance|p2a: Mimikyu
|-boost|p2a: Mimikyu|atk|2
|
|upkeep
|turn|8
|
|t:|1779916499
|move|p2a: Mimikyu|Copycat|p2a: Mimikyu
|move|p2a: Mimikyu|Swords Dance|p2a: Mimikyu|[from] move: Copycat
|-boost|p2a: Mimikyu|atk|2
|move|p1a: Blastoise|Surf|p2a: Mimikyu
|-damage|p2a: Mimikyu|50/100
|
|upkeep
|turn|9
|
|t:|1779916517
|switch|p1a: Dragonite|Dragonite, M, tera:Normal|76/100 par
|move|p2a: Mimikyu|Play Rough|p1a: Dragonite
|-damage|p1a: Dragonite|0 fnt
|faint|p1a: Dragonite
|
|upkeep
|
|t:|1779916530
|switch|p1a: Jolteon|Jolteon, M|55/100
|turn|10
|
|t:|1779916534
|move|p2a: Mimikyu|Shadow Sneak|p1a: Jolteon
|-damage|p1a: Jolteon|0 fnt
|faint|p1a: Jolteon
|
|upkeep
|
|t:|1779916536
|switch|p1a: Zapdos|Zapdos|100/100
|turn|11
|
|t:|1779916539
|move|p1a: Zapdos|Volt Switch|p2a: Mimikyu
|-damage|p2a: Mimikyu|0 fnt
|faint|p2a: Mimikyu
|
|t:|1779916543
|switch|p1a: Mew|Mew|100/100|[from] Volt Switch
|
|upkeep
|
|t:|1779916546
|switch|p2a: Polteageist|Polteageist|100/100
|turn|12
|
|t:|1779916552
|move|p1a: Mew|Psychic Fangs|p2a: Polteageist
|-damage|p2a: Polteageist|28/100
|-ability|p2a: Polteageist|Weak Armor|boost
|-unboost|p2a: Polteageist|def|1
|-boost|p2a: Polteageist|spe|2
|move|p2a: Polteageist|Shell Smash|p2a: Polteageist
|-unboost|p2a: Polteageist|def|1
|-unboost|p2a: Polteageist|spd|1
|-boost|p2a: Polteageist|atk|2
|-boost|p2a: Polteageist|spa|2
|-boost|p2a: Polteageist|spe|2
|
|upkeep
|turn|13
|
|t:|1779916562
|switch|p1a: Blastoise|Blastoise, F|100/100
|move|p2a: Polteageist|Shadow Ball|p1a: Blastoise
|-damage|p1a: Blastoise|65/100
|
|upkeep
|turn|14
|
|t:|1779916571
|move|p2a: Polteageist|Stored Power|p1a: Blastoise
|-damage|p1a: Blastoise|4/100
|move|p1a: Blastoise|Ice Beam|p2a: Polteageist
|-damage|p2a: Polteageist|0 fnt
|faint|p2a: Polteageist
|
|upkeep
|
|t:|1779916577
|switch|p2a: Maushold|Maushold|100/100
|turn|15
|
|t:|1779916582
|move|p2a: Maushold|Population Bomb|p1a: Blastoise
|-damage|p1a: Blastoise|0 fnt
|faint|p1a: Blastoise
|-hitcount|p1: Blastoise|1
|
|upkeep
|
|t:|1779916585
|switch|p1a: Hitmonchan|Hitmonchan, M|100/100 par
|turn|16
|
|t:|1779916590
|move|p1a: Hitmonchan|Mach Punch|p2a: Maushold
|-supereffective|p2a: Maushold
|-damage|p2a: Maushold|23/100
|move|p2a: Maushold|Population Bomb|p1a: Hitmonchan
|-damage|p1a: Hitmonchan|86/100 par
|-damage|p1a: Hitmonchan|69/100 par
|-damage|p1a: Hitmonchan|55/100 par
|-damage|p1a: Hitmonchan|40/100 par
|-damage|p1a: Hitmonchan|26/100 par
|-damage|p1a: Hitmonchan|10/100 par
|-damage|p1a: Hitmonchan|0 fnt
|faint|p1a: Hitmonchan
|-hitcount|p1: Hitmonchan|7
|
|upkeep
|
|t:|1779916594
|switch|p1a: Mew|Mew|100/100
|turn|17
|
|t:|1779916609
|move|p2a: Maushold|Shadow Claw|p1a: Mew
|-supereffective|p1a: Mew
|-damage|p1a: Mew|69/100
|move|p1a: Mew|Dragon Dance|p1a: Mew
|-boost|p1a: Mew|atk|1
|-boost|p1a: Mew|spe|1
|
|-heal|p1a: Mew|75/100|[from] item: Leftovers
|upkeep
|turn|18
|
|t:|1779916615
|move|p1a: Mew|Drain Punch|p2a: Maushold
|-supereffective|p2a: Maushold
|-damage|p2a: Maushold|0 fnt
|-heal|p1a: Mew|84/100|[from] drain|[of] p2a: Maushold
|faint|p2a: Maushold
|
|-heal|p1a: Mew|90/100|[from] item: Leftovers
|upkeep
|
|t:|1779916618
|switch|p2a: Serperior|Serperior, F|30/100
|turn|19
|
|t:|1779916625
|move|p1a: Mew|Drain Punch|p2a: Serperior
|-damage|p2a: Serperior|3/100
|-heal|p1a: Mew|100/100|[from] drain|[of] p2a: Serperior
|move|p2a: Serperior|Glare|p1a: Mew
|-status|p1a: Mew|par
|-activate|p1a: Mew|ability: Synchronize
|-status|p2a: Serperior|par
|
|-heal|p2a: Serperior|9/100 par|[from] item: Leftovers
|upkeep
|turn|20
|
|t:|1779916630
|cant|p1a: Mew|par
|move|p2a: Serperior|Leech Seed|p1a: Mew
|-start|p1a: Mew|move: Leech Seed
|
|-heal|p2a: Serperior|15/100 par|[from] item: Leftovers
|-damage|p1a: Mew|88/100 par|[from] Leech Seed|[of] p2a: Serperior
|-heal|p2a: Serperior|28/100 par|[silent]
|upkeep
|turn|21
|
|t:|1779916638
|move|p1a: Mew|Psychic Fangs|p2a: Serperior
|-damage|p2a: Serperior|0 fnt
|faint|p2a: Serperior
|
|-heal|p1a: Mew|94/100 par|[from] item: Leftovers
|upkeep
|
|t:|1779916642
|switch|p2a: Chimecho|Chimecho, M|100/100
|turn|22
|
|t:|1779916646
|switch|p1a: Zapdos|Zapdos|100/100
|-terastallize|p2a: Chimecho|Electric
|move|p2a: Chimecho|Cosmic Power|p2a: Chimecho
|-boost|p2a: Chimecho|def|1
|-boost|p2a: Chimecho|spd|1
|
|upkeep
|turn|23
|
|t:|1779916665
|move|p1a: Zapdos|Thunder|p2a: Chimecho
|-resisted|p2a: Chimecho
|-damage|p2a: Chimecho|78/100
|move|p2a: Chimecho|Cosmic Power|p2a: Chimecho
|-boost|p2a: Chimecho|def|1
|-boost|p2a: Chimecho|spd|1
|
|-heal|p2a: Chimecho|84/100|[from] item: Leftovers
|upkeep
|turn|24
|
|t:|1779916669
|move|p1a: Zapdos|Hurricane|p2a: Chimecho
|-resisted|p2a: Chimecho
|-damage|p2a: Chimecho|67/100
|move|p2a: Chimecho|Charge Beam|p1a: Zapdos
|-damage|p1a: Zapdos|73/100
|-boost|p2a: Chimecho|spa|1
|
|-heal|p2a: Chimecho|73/100|[from] item: Leftovers
|upkeep
|turn|25
|
|t:|1779916671
|move|p1a: Zapdos|Volt Switch|p2a: Chimecho
|-resisted|p2a: Chimecho
|-damage|p2a: Chimecho|63/100
|
|t:|1779916674
|switch|p1a: Mew|Mew|94/100 par|[from] Volt Switch
|move|p2a: Chimecho|Stored Power|p1a: Mew
|-resisted|p1a: Mew
|-damage|p1a: Mew|59/100 par
|
|-heal|p2a: Chimecho|70/100|[from] item: Leftovers
|-heal|p1a: Mew|66/100 par|[from] item: Leftovers
|upkeep
|turn|26
|
|t:|1779916676
|move|p2a: Chimecho|Stored Power|p1a: Mew
|-resisted|p1a: Mew
|-damage|p1a: Mew|28/100 par
|move|p1a: Mew|Psychic Fangs|p2a: Chimecho
|-damage|p2a: Chimecho|50/100
|
|-heal|p2a: Chimecho|56/100|[from] item: Leftovers
|-heal|p1a: Mew|34/100 par|[from] item: Leftovers
|upkeep
|turn|27
|-message|Dakota1683 forfeited.
|
|win|banjo guro
|raw|Dakota1683's rating: 1255 &rarr; <strong>1232</strong><br />(-23 for losing)
|raw|banjo guro's rating: 1278 &rarr; <strong>1301</strong><br />(+23 for winning)
|l|☆Dakota1683
|player|p1|
|l|☆banjo guro
|player|p2|
