|j|☆bananaman590
|j|☆dinopro44
|t:|1779879345
|gametype|singles
|player|p1|bananaman590|170|1052
|player|p2|dinopro44|265|1063
|gen|9
|tier|[Gen 9] OU
|rated|
|rule|HP Percentage Mod: HP is shown in percentages
|rule|Endless Battle Clause: Forcing endless battles is banned
|rule|Species Clause: Limit one of each Pokémon
|rule|OHKO Clause: OHKO moves are banned
|rule|Evasion Items Clause: Evasion items are banned
|rule|Evasion Moves Clause: Evasion moves are banned
|rule|Evasion Abilities Clause: Evasion abilities are banned
|rule|Sleep Moves Clause: Sleep-inducing moves are banned
|clearpoke
|poke|p1|Clefable, F|
|poke|p1|Dragonite, F|
|poke|p1|Hatterene, F|
|poke|p1|Iron Hands|
|poke|p1|Tornadus-Therian, M|
|poke|p1|Ursaluna, F|
|poke|p2|Toxapex, M|
|poke|p2|Bounsweet, F|
|poke|p2|Tsareena, F|
|poke|p2|Crawdaunt, M|
|poke|p2|Pincurchin, M|
|poke|p2|Zweilous, F|
|teampreview
|inactive|Battle timer is ON: inactive players will automatically lose when time's up. (requested by bananaman590)
|
|t:|1779879349
|teamsize|p1|6
|teamsize|p2|6
|start
|switch|p1a: Clefable|Clefable, F|100/100
|switch|p2a: Bounsweet|Bounsweet, F|100/100
|turn|1
|inactive|dinopro44 has 120 seconds left.
|inactive|dinopro44 has 90 seconds left.
|
|t:|1779879410
|move|p1a: Clefable|Metronome|p1a: Clefable
|move|p1a: Clefable|Magnet Rise|p1a: Clefable|[from] move: Metronome
|-start|p1a: Clefable|Magnet Rise
|move|p2a: Bounsweet|Light Screen|p2a: Bounsweet
|-sidestart|p2: dinopro44|move: Light Screen
|
|upkeep
|turn|2
|
|t:|1779879418
|move|p1a: Clefable|Metronome|p1a: Clefable
|move|p1a: Clefable|Grassy Terrain|p1a: Clefable|[from] move: Metronome
|-fieldstart|move: Grassy Terrain
|move|p2a: Bounsweet|Trailblaze|p1a: Clefable
|-damage|p1a: Clefable|90/100
|-boost|p2a: Bounsweet|spe|1
|
|-heal|p1a: Clefable|96/100|[from] item: Leftovers
|upkeep
|turn|3
|
|t:|1779879430
|move|p1a: Clefable|Metronome|p1a: Clefable
|move|p1a: Clefable|Draco Meteor|p2a: Bounsweet|[from] move: Metronome
|-damage|p2a: Bounsweet|56/100
|-unboost|p1a: Clefable|spa|2
|move|p2a: Bounsweet|Trailblaze|p1a: Clefable
|-damage|p1a: Clefable|86/100
|-boost|p2a: Bounsweet|spe|1
|
|-heal|p1a: Clefable|92/100|[from] item: Leftovers
|-heal|p2a: Bounsweet|62/100|[from] Grassy Terrain
|upkeep
|turn|4
|
|t:|1779879441
|switch|p1a: Tornadus|Tornadus-Therian, M|100/100
|move|p2a: Bounsweet|Reflect|p2a: Bounsweet
|-sidestart|p2: dinopro44|Reflect
|
|-heal|p2a: Bounsweet|68/100|[from] Grassy Terrain
|upkeep
|turn|5
|
|t:|1779879452
|move|p1a: Tornadus|Metronome|p1a: Tornadus
|move|p1a: Tornadus|Sacred Sword|p2a: Bounsweet|[from] move: Metronome
|-damage|p2a: Bounsweet|37/100
|move|p2a: Bounsweet|Endeavor|p1a: Tornadus
|-damage|p1a: Tornadus|23/100
|
|-heal|p2a: Bounsweet|43/100|[from] Grassy Terrain
|-sideend|p2: dinopro44|move: Light Screen
|upkeep
|turn|6
|
|t:|1779879461
|move|p1a: Tornadus|Metronome|p1a: Tornadus
|move|p1a: Tornadus|Brine|p2a: Bounsweet|[from] move: Metronome
|-resisted|p2a: Bounsweet
|-damage|p2a: Bounsweet|0 fnt
|faint|p2a: Bounsweet
|
|-fieldend|move: Grassy Terrain
|upkeep
|
|t:|1779879469
|switch|p2a: Pincurchin|Pincurchin, M|100/100
|-fieldstart|move: Electric Terrain|[from] ability: Electric Surge|[of] p2a: Pincurchin
|turn|7
|c|☆bananaman590|!dt brine
|c|☆bananaman590|/raw <ul class="utilichart"><li class="result"><span class="col movenamecol"><a href="https://dex.pokemonshowdown.com/moves/brine">Brine</a></span> <span class="col typecol"><img src="//play.pokemonshowdown.com/sprites/types/Water.png" alt="Water" width="32" height="14"><img src="//play.pokemonshowdown.com/sprites/categories/Special.png" alt="Special" width="32" height="14"></span> <span class="col labelcol"><em>Power</em><br>65</span> <span class="col widelabelcol"><em>Accuracy</em><br>100%</span> <span class="col pplabelcol"><em>PP</em><br>16</span> <span class="col movedesccol">Power doubles if the target's HP is 50% or less.</span> </li><li style="clear:both"></li></ul>
|c|☆bananaman590|/raw <font size="1"><font color="#686868">Priority:</font> 0&nbsp;|&ThickSpace;<font color="#686868">Gen:</font> 4&nbsp;|&ThickSpace;<font color="#686868">Z-Power:</font> 120&nbsp;|&ThickSpace;<font color="#686868">Target:</font> One Adjacent Pokémon</font>

|
|t:|1779879477
|move|p1a: Tornadus|Metronome|p1a: Tornadus
|move|p1a: Tornadus|Grassy Terrain|p1a: Tornadus|[from] move: Metronome
|-fieldstart|move: Grassy Terrain
|move|p2a: Pincurchin|Zing Zap|p1a: Tornadus
|-supereffective|p1a: Tornadus
|-damage|p1a: Tornadus|0 fnt
|faint|p1a: Tornadus
|
|upkeep
|
|t:|1779879483
|switch|p1a: Dragonite|Dragonite, F|100/100
|turn|8
|inactive|dinopro44 has 120 seconds left.
|c|☆dinopro44|only mentrinome?
|
|t:|1779879502
|switch|p1a: Ursaluna|Ursaluna, F|100/100
|move|p2a: Pincurchin|Zing Zap|p1a: Ursaluna
|-immune|p1a: Ursaluna
|
|-sideend|p2: dinopro44|Reflect
|-status|p1a: Ursaluna|brn|[from] item: Flame Orb
|upkeep
|turn|9
|
|t:|1779879515
|switch|p2a: Zweilous|Zweilous, F|100/100
|move|p1a: Ursaluna|Metronome|p1a: Ursaluna
|move|p1a: Ursaluna|Aurora Veil||[from] move: Metronome|[still]
|-fail|p1a: Ursaluna
|
|-damage|p1a: Ursaluna|94/100 brn|[from] brn
|upkeep
|turn|10
|inactive|dinopro44 has 90 seconds left.
|
|t:|1779879546
|move|p2a: Zweilous|Lash Out|p1a: Ursaluna
|-damage|p1a: Ursaluna|68/100 brn
|move|p1a: Ursaluna|Metronome|p1a: Ursaluna
|move|p1a: Ursaluna|Hold Back|p2a: Zweilous|[from] move: Metronome
|-damage|p2a: Zweilous|72/100
|
|-heal|p2a: Zweilous|78/100|[from] Grassy Terrain
|-heal|p1a: Ursaluna|74/100 brn|[from] Grassy Terrain
|-damage|p1a: Ursaluna|68/100 brn|[from] brn
|upkeep
|turn|11
|inactive|dinopro44 has 90 seconds left.
|
|t:|1779879556
|move|p2a: Zweilous|Stomping Tantrum|p1a: Ursaluna
|-damage|p1a: Ursaluna|53/100 brn
|move|p1a: Ursaluna|Metronome|p1a: Ursaluna
|move|p1a: Ursaluna|Substitute|p1a: Ursaluna|[from] move: Metronome
|-start|p1a: Ursaluna|Substitute
|-damage|p1a: Ursaluna|28/100 brn
|
|-heal|p2a: Zweilous|84/100|[from] Grassy Terrain
|-heal|p1a: Ursaluna|34/100 brn|[from] Grassy Terrain
|-damage|p1a: Ursaluna|28/100 brn|[from] brn
|-fieldend|move: Grassy Terrain
|upkeep
|turn|12
|
|t:|1779879566
|move|p2a: Zweilous|Lash Out|p1a: Ursaluna
|-end|p1a: Ursaluna|Substitute
|move|p1a: Ursaluna|Metronome|p1a: Ursaluna
|move|p1a: Ursaluna|Swords Dance|p1a: Ursaluna|[from] move: Metronome
|-boost|p1a: Ursaluna|atk|2
|
|-damage|p1a: Ursaluna|21/100 brn|[from] brn
|upkeep
|turn|13
|
|t:|1779879573
|move|p2a: Zweilous|Lash Out|p1a: Ursaluna
|-damage|p1a: Ursaluna|0 fnt
|faint|p1a: Ursaluna
|
|upkeep
|
|t:|1779879577
|switch|p1a: Hatterene|Hatterene, F|100/100
|turn|14
|
|t:|1779879584
|move|p2a: Zweilous|Lash Out|p1a: Hatterene
|-damage|p1a: Hatterene|64/100
|move|p1a: Hatterene|Metronome|p1a: Hatterene
|move|p1a: Hatterene|Sludge|p2a: Zweilous|[from] move: Metronome
|-damage|p2a: Zweilous|67/100
|-status|p2a: Zweilous|psn
|
|-heal|p1a: Hatterene|70/100|[from] item: Leftovers
|-damage|p2a: Zweilous|55/100 psn|[from] psn
|upkeep
|turn|15
|
|t:|1779879595
|move|p2a: Zweilous|Lash Out|p1a: Hatterene
|-damage|p1a: Hatterene|36/100
|move|p1a: Hatterene|Metronome|p1a: Hatterene
|move|p1a: Hatterene|Teeter Dance|p2a: Zweilous|[from] move: Metronome
|-start|p2a: Zweilous|confusion
|
|-heal|p1a: Hatterene|43/100|[from] item: Leftovers
|-damage|p2a: Zweilous|43/100 psn|[from] psn
|upkeep
|turn|16
|
|t:|1779879603
|-activate|p2a: Zweilous|confusion
|move|p2a: Zweilous|Lash Out|p1a: Hatterene
|-damage|p1a: Hatterene|6/100
|move|p1a: Hatterene|Metronome|p1a: Hatterene
|move|p1a: Hatterene|Megahorn|p2a: Zweilous|[from] move: Metronome
|-supereffective|p2a: Zweilous
|-damage|p2a: Zweilous|0 fnt
|faint|p2a: Zweilous
|
|-heal|p1a: Hatterene|13/100|[from] item: Leftovers
|upkeep
|
|t:|1779879613
|switch|p2a: Tsareena|Tsareena, F|100/100
|turn|17
|
|t:|1779879616
|move|p2a: Tsareena|Trop Kick|p1a: Hatterene
|-damage|p1a: Hatterene|0 fnt
|faint|p1a: Hatterene
|
|upkeep
|
|t:|1779879619
|switch|p1a: Dragonite|Dragonite, F|100/100
|turn|18
|inactive|dinopro44 has 120 seconds left.
|
|t:|1779879644
|move|p1a: Dragonite|Metronome|p1a: Dragonite
|move|p1a: Dragonite|Poison Tail|p2a: Tsareena|[from] move: Metronome
|-supereffective|p2a: Tsareena
|-damage|p2a: Tsareena|73/100
|move|p2a: Tsareena|Triple Axel|p1a: Dragonite
|-supereffective|p1a: Dragonite
|-damage|p1a: Dragonite|89/100
|-supereffective|p1a: Dragonite
|-damage|p1a: Dragonite|51/100
|-supereffective|p1a: Dragonite
|-damage|p1a: Dragonite|0 fnt
|faint|p1a: Dragonite
|-hitcount|p1: Dragonite|3
|
|upkeep
|
|t:|1779879655
|switch|p1a: Clefable|Clefable, F|92/100
|turn|19
|inactive|dinopro44 has 120 seconds left.
|inactive|dinopro44 has 90 seconds left.
|
|t:|1779879701
|move|p1a: Clefable|Metronome|p1a: Clefable
|move|p1a: Clefable|Rock Slide|p2a: Tsareena|[from] move: Metronome|[miss]
|-miss|p1a: Clefable|p2a: Tsareena
|move|p2a: Tsareena|High Jump Kick|p1a: Clefable
|-resisted|p1a: Clefable
|-damage|p1a: Clefable|71/100
|
|-heal|p1a: Clefable|77/100|[from] item: Leftovers
|upkeep
|turn|20
|
|t:|1779879710
|move|p1a: Clefable|Metronome|p1a: Clefable
|move|p1a: Clefable|Mega Kick|p2a: Tsareena|[from] move: Metronome
|-damage|p2a: Tsareena|54/100
|move|p2a: Tsareena|Trop Kick|p1a: Clefable
|-damage|p1a: Clefable|46/100
|-unboost|p1a: Clefable|atk|1
|
|-heal|p1a: Clefable|53/100|[from] item: Leftovers
|upkeep
|turn|21
|
|t:|1779879725
|move|p1a: Clefable|Metronome|p1a: Clefable
|move|p1a: Clefable|Thunder Punch|p2a: Tsareena|[from] move: Metronome
|-resisted|p2a: Tsareena
|-damage|p2a: Tsareena|50/100
|move|p2a: Tsareena|Knock Off|p1a: Clefable
|-resisted|p1a: Clefable
|-damage|p1a: Clefable|37/100
|-enditem|p1a: Clefable|Leftovers|[from] move: Knock Off|[of] p2a: Tsareena
|
|upkeep
|turn|22
|
|t:|1779879733
|move|p1a: Clefable|Metronome|p1a: Clefable
|move|p1a: Clefable|Shift Gear|p1a: Clefable|[from] move: Metronome
|-boost|p1a: Clefable|spe|2
|-boost|p1a: Clefable|atk|1
|move|p2a: Tsareena|Trop Kick|p1a: Clefable
|-damage|p1a: Clefable|4/100
|-unboost|p1a: Clefable|atk|1
|
|upkeep
|turn|23
|
|t:|1779879741
|move|p1a: Clefable|Metronome|p1a: Clefable
|move|p1a: Clefable|Defend Order|p1a: Clefable|[from] move: Metronome
|-boost|p1a: Clefable|def|1
|-boost|p1a: Clefable|spd|1
|move|p2a: Tsareena|Trop Kick|p1a: Clefable
|-damage|p1a: Clefable|0 fnt
|faint|p1a: Clefable
|
|upkeep
|
|t:|1779879745
|switch|p1a: Iron Hands|Iron Hands|100/100
|-enditem|p1a: Iron Hands|Booster Energy
|-activate|p1a: Iron Hands|ability: Quark Drive|[fromitem]
|-start|p1a: Iron Hands|quarkdriveatk
|turn|24
|inactive|dinopro44 has 120 seconds left.
|
|t:|1779879752
|move|p2a: Tsareena|Knock Off|p1a: Iron Hands
|-resisted|p1a: Iron Hands
|-damage|p1a: Iron Hands|95/100
|move|p1a: Iron Hands|Metronome|p1a: Iron Hands
|move|p1a: Iron Hands|Leech Seed|p2a: Tsareena|[from] move: Metronome
|-immune|p2a: Tsareena
|
|upkeep
|turn|25
|
|t:|1779879759
|move|p2a: Tsareena|High Jump Kick|p1a: Iron Hands
|-damage|p1a: Iron Hands|74/100
|move|p1a: Iron Hands|Metronome|p1a: Iron Hands
|move|p1a: Iron Hands|Dragon Breath|p2a: Tsareena|[from] move: Metronome
|-damage|p2a: Tsareena|45/100
|
|upkeep
|turn|26
|
|t:|1779879765
|move|p2a: Tsareena|Trop Kick|p1a: Iron Hands
|-damage|p1a: Iron Hands|56/100
|-unboost|p1a: Iron Hands|atk|1
|move|p1a: Iron Hands|Metronome|p1a: Iron Hands
|move|p1a: Iron Hands|Attack Order|p2a: Tsareena|[from] move: Metronome
|-supereffective|p2a: Tsareena
|-damage|p2a: Tsareena|0 fnt
|faint|p2a: Tsareena
|
|upkeep
|
|t:|1779879778
|switch|p2a: Crawdaunt|Crawdaunt, M|100/100
|turn|27
|
|t:|1779879782
|move|p2a: Crawdaunt|Crabhammer|p1a: Iron Hands
|-crit|p1a: Iron Hands
|-damage|p1a: Iron Hands|0 fnt
|faint|p1a: Iron Hands
|-end|p1a: Iron Hands|Quark Drive|[silent]
|
|win|dinopro44
|raw|bananaman590's rating: 1052 &rarr; <strong>1035</strong><br />(-17 for losing)
|raw|dinopro44's rating: 1063 &rarr; <strong>1093</strong><br />(+30 for winning)
|l|☆bananaman590
|player|p1|
|l|☆dinopro44
|player|p2|
