|j|‽IwillPrayForyou
|j|☆itkenreiza
|t:|1779950330
|gametype|singles
|player|p1|IwillPrayForyou|1|1343
|player|p2|itkenreiza|169|1378
|gen|9
|tier|[Gen 9] OU
|rated|
|rule|HP Percentage Mod: HP is shown in percentages
|rule|Endless Battle Clause: Forcing endless battles is banned
|rule|Species Clause: Limit one of each Pokémon
|rule|OHKO Clause: OHKO moves are banned
|rule|Evasion Items Clause: Evasion items are banned
|rule|Evasion Moves Clause: Evasion moves are banned
|rule|Evasion Abilities Clause: Evasion abilities are banned
|rule|Sleep Moves Clause: Sleep-inducing moves are banned
|clearpoke
|poke|p1|Blaziken, M|
|poke|p1|Garchomp, M|
|poke|p1|Torkoal, F|
|poke|p1|Walking Wake|
|poke|p1|Glimmora, F|
|poke|p1|Tentacruel, F|
|poke|p2|Darkrai|
|poke|p2|Ogerpon, F|
|poke|p2|Iron Crown|
|poke|p2|Dragapult, M|
|poke|p2|Whimsicott, M|
|poke|p2|Rotom-Wash|
|teampreview
|inactive|Battle timer is ON: inactive players will automatically lose when time's up. (requested by itkenreiza)
|inactive|itkenreiza has 120 seconds left.
|
|t:|1779950370
|teamsize|p1|6
|teamsize|p2|6
|start
|switch|p1a: Torkoal|Torkoal, F|100/100
|switch|p2a: Rotom|Rotom-Wash|100/100
|-weather|SunnyDay|[from] ability: Drought|[of] p1a: Torkoal
|turn|1
|
|t:|1779950382
|move|p2a: Rotom|Hydro Pump|p1a: Torkoal
|-supereffective|p1a: Torkoal
|-damage|p1a: Torkoal|53/100
|move|p1a: Torkoal|Stealth Rock|p2a: Rotom
|-sidestart|p2: itkenreiza|move: Stealth Rock
|
|-weather|SunnyDay|[upkeep]
|upkeep
|turn|2
|
|t:|1779950394
|move|p2a: Rotom|Hydro Pump|p1a: Torkoal
|-supereffective|p1a: Torkoal
|-damage|p1a: Torkoal|0 fnt
|faint|p1a: Torkoal
|
|-weather|SunnyDay|[upkeep]
|upkeep
|
|t:|1779950402
|switch|p1a: Tentacruel|Tentacruel, F|100/100
|turn|3
|
|t:|1779950410
|move|p2a: Rotom|Will-O-Wisp|p1a: Tentacruel
|-status|p1a: Tentacruel|brn
|move|p1a: Tentacruel|Mirror Coat||[still]
|-fail|p1a: Tentacruel
|
|-weather|SunnyDay|[upkeep]
|-damage|p1a: Tentacruel|94/100 brn|[from] brn
|upkeep
|turn|4
|
|t:|1779950418
|move|p1a: Tentacruel|Knock Off|p2a: Rotom
|-damage|p2a: Rotom|92/100
|-damage|p1a: Tentacruel|78/100 brn|[from] item: Rocky Helmet|[of] p2a: Rotom
|-enditem|p2a: Rotom|Rocky Helmet|[from] move: Knock Off|[of] p1a: Tentacruel
|move|p2a: Rotom|Volt Switch|p1a: Tentacruel
|-supereffective|p1a: Tentacruel
|-damage|p1a: Tentacruel|52/100 brn
|
|t:|1779950421
|switch|p2a: Darkrai|Darkrai|100/100|[from] Volt Switch
|-damage|p2a: Darkrai|88/100|[from] Stealth Rock
|
|-weather|SunnyDay|[upkeep]
|-damage|p1a: Tentacruel|46/100 brn|[from] brn
|upkeep
|turn|5
|
|t:|1779950430
|move|p2a: Darkrai|Sucker Punch|p1a: Tentacruel
|-damage|p1a: Tentacruel|15/100 brn
|-damage|p2a: Darkrai|78/100|[from] item: Life Orb
|move|p1a: Tentacruel|Mirror Coat||[still]
|-fail|p1a: Tentacruel
|
|-weather|SunnyDay|[upkeep]
|-damage|p1a: Tentacruel|9/100 brn|[from] brn
|upkeep
|turn|6
|
|t:|1779950441
|move|p2a: Darkrai|Dark Pulse|p1a: Tentacruel
|-damage|p1a: Tentacruel|0 fnt
|faint|p1a: Tentacruel
|-damage|p2a: Darkrai|68/100|[from] item: Life Orb
|
|-weather|SunnyDay|[upkeep]
|upkeep
|
|t:|1779950445
|switch|p1a: Glimmora|Glimmora, F|100/100
|turn|7
|
|t:|1779950451
|move|p2a: Darkrai|Dark Pulse|p1a: Glimmora
|-damage|p1a: Glimmora|27/100
|-damage|p2a: Darkrai|58/100|[from] item: Life Orb
|move|p1a: Glimmora|Power Gem|p2a: Darkrai
|-damage|p2a: Darkrai|0 fnt
|faint|p2a: Darkrai
|
|-weather|SunnyDay|[upkeep]
|upkeep
|
|t:|1779950456
|switch|p2a: Iron Crown|Iron Crown|100/100
|-damage|p2a: Iron Crown|94/100|[from] Stealth Rock
|-enditem|p2a: Iron Crown|Booster Energy
|-activate|p2a: Iron Crown|ability: Quark Drive|[fromitem]
|-start|p2a: Iron Crown|quarkdrivespe
|turn|8
|
|t:|1779950467
|move|p2a: Iron Crown|Psyshock|p1a: Glimmora
|-supereffective|p1a: Glimmora
|-damage|p1a: Glimmora|0 fnt
|faint|p1a: Glimmora
|
|-weather|none
|upkeep
|
|t:|1779950472
|switch|p1a: Garchomp|Garchomp, M|100/100
|turn|9
|
|t:|1779950477
|-end|p2a: Iron Crown|Quark Drive|[silent]
|switch|p2a: Whimsicott|Whimsicott, M|100/100
|-damage|p2a: Whimsicott|88/100|[from] Stealth Rock
|move|p1a: Garchomp|Earthquake|p2a: Whimsicott
|-resisted|p2a: Whimsicott
|-damage|p2a: Whimsicott|58/100
|
|upkeep
|turn|10
|
|t:|1779950486
|move|p2a: Whimsicott|Leech Seed|p1a: Garchomp
|-start|p1a: Garchomp|move: Leech Seed
|move|p1a: Garchomp|Spikes|p2a: Whimsicott
|-sidestart|p2: itkenreiza|Spikes
|
|-damage|p1a: Garchomp|88/100|[from] Leech Seed|[of] p2a: Whimsicott
|-heal|p2a: Whimsicott|78/100|[silent]
|upkeep
|turn|11
|
|t:|1779950491
|move|p2a: Whimsicott|Moonblast|p1a: Garchomp
|-supereffective|p1a: Garchomp
|-damage|p1a: Garchomp|18/100
|move|p1a: Garchomp|Spikes|p2a: Whimsicott
|-sidestart|p2: itkenreiza|Spikes
|
|-damage|p1a: Garchomp|6/100|[from] Leech Seed|[of] p2a: Whimsicott
|-heal|p2a: Whimsicott|98/100|[silent]
|upkeep
|turn|12
|
|t:|1779950495
|move|p2a: Whimsicott|Encore|p1a: Garchomp
|-start|p1a: Garchomp|Encore
|move|p1a: Garchomp|Spikes|p2a: Whimsicott
|-sidestart|p2: itkenreiza|Spikes
|
|-damage|p1a: Garchomp|0 fnt|[from] Leech Seed|[of] p2a: Whimsicott
|-heal|p2a: Whimsicott|100/100|[silent]
|faint|p1a: Garchomp
|upkeep
|
|t:|1779950501
|switch|p1a: Walking Wake|Walking Wake|100/100
|turn|13
|
|t:|1779950505
|move|p2a: Whimsicott|Stun Spore|p1a: Walking Wake
|-status|p1a: Walking Wake|par
|move|p1a: Walking Wake|Flamethrower|p2a: Whimsicott
|-supereffective|p2a: Whimsicott
|-enditem|p2a: Whimsicott|Focus Sash
|-damage|p2a: Whimsicott|1/100
|-damage|p1a: Walking Wake|91/100 par|[from] item: Life Orb
|
|upkeep
|turn|14
|
|t:|1779950514
|move|p2a: Whimsicott|Moonblast|p1a: Walking Wake
|-supereffective|p1a: Walking Wake
|-damage|p1a: Walking Wake|6/100 par
|-unboost|p1a: Walking Wake|spa|1
|move|p1a: Walking Wake|Flamethrower|p2a: Whimsicott
|-supereffective|p2a: Whimsicott
|-damage|p2a: Whimsicott|0 fnt
|faint|p2a: Whimsicott
|-damage|p1a: Walking Wake|0 fnt|[from] item: Life Orb
|faint|p1a: Walking Wake
|-end|p1a: Walking Wake|Protosynthesis|[silent]
|
|upkeep
|
|t:|1779950529
|switch|p2a: Dragapult|Dragapult, M|100/100
|switch|p1a: Blaziken|Blaziken, M, shiny|100/100
|-damage|p2a: Dragapult|88/100|[from] Stealth Rock
|-damage|p2a: Dragapult|63/100|[from] Spikes
|turn|15
|
|t:|1779950541
|move|p2a: Dragapult|Phantom Force||[still]
|-prepare|p2a: Dragapult|Phantom Force
|move|p1a: Blaziken|Focus Energy|p1a: Blaziken
|-start|p1a: Blaziken|move: Focus Energy
|
|-ability|p1a: Blaziken|Speed Boost|boost
|-boost|p1a: Blaziken|spe|1
|upkeep
|turn|16
|
|t:|1779950550
|move|p2a: Dragapult|Phantom Force|p1a: Blaziken|[from] lockedmove
|-damage|p1a: Blaziken|0 fnt
|faint|p1a: Blaziken
|
|win|itkenreiza
|raw|IwillPrayForyou's rating: 1343 &rarr; <strong>1325</strong><br />(-18 for losing)
|raw|itkenreiza's rating: 1378 &rarr; <strong>1396</strong><br />(+18 for winning)
|c|☆itkenreiza|gg
|l|‽IwillPrayForyou
|player|p1|
|l|☆itkenreiza
|player|p2|
