|j|☆VraiKhey
|j|☆trashcan_343
|t:|1779887690
|gametype|singles
|player|p1|VraiKhey|red|1526
|player|p2|trashcan_343|fisherman-gen4|1539
|gen|9
|tier|[Gen 9] OU
|rated|
|rule|HP Percentage Mod: HP is shown in percentages
|rule|Endless Battle Clause: Forcing endless battles is banned
|rule|Species Clause: Limit one of each Pokémon
|rule|OHKO Clause: OHKO moves are banned
|rule|Evasion Items Clause: Evasion items are banned
|rule|Evasion Moves Clause: Evasion moves are banned
|rule|Evasion Abilities Clause: Evasion abilities are banned
|rule|Sleep Moves Clause: Sleep-inducing moves are banned
|clearpoke
|poke|p1|Glimmora, M|
|poke|p1|Great Tusk|
|poke|p1|Scizor, M|
|poke|p1|Raging Bolt|
|poke|p1|Corviknight, F|
|poke|p1|Primarina, F|
|poke|p2|Metagross|
|poke|p2|Hippowdon, F|
|poke|p2|Ogerpon-Cornerstone, F|
|poke|p2|Goodra-Hisui, M|
|poke|p2|Mandibuzz, F|
|poke|p2|Garganacl, M|
|teampreview
|inactive|Battle timer is ON: inactive players will automatically lose when time's up. (requested by VraiKhey)
|
|t:|1779887719
|teamsize|p1|6
|teamsize|p2|6
|start
|switch|p1a: Glimmora|Glimmora, M|100/100
|switch|p2a: Ogerpon|Ogerpon-Cornerstone, F|100/100
|turn|1
|
|t:|1779887734
|move|p2a: Ogerpon|Ivy Cudgel|p1a: Glimmora|[anim] Ivy Cudgel Rock
|-damage|p1a: Glimmora|29/100
|-activate|p1a: Glimmora|ability: Toxic Debris
|-sidestart|p2: trashcan_343|move: Toxic Spikes
|move|p1a: Glimmora|Stealth Rock|p2a: Ogerpon
|-sidestart|p2: trashcan_343|move: Stealth Rock
|
|upkeep
|turn|2
|
|t:|1779887743
|move|p2a: Ogerpon|Horn Leech|p1a: Glimmora
|-damage|p1a: Glimmora|0 fnt
|-activate|p1a: Glimmora|ability: Toxic Debris
|-sidestart|p2: trashcan_343|move: Toxic Spikes
|faint|p1a: Glimmora
|
|upkeep
|
|t:|1779887747
|switch|p1a: Scizor|Scizor, M|100/100
|turn|3
|
|t:|1779887751
|move|p2a: Ogerpon|U-turn|p1a: Scizor
|-resisted|p1a: Scizor
|-damage|p1a: Scizor|86/100
|
|t:|1779887755
|switch|p2a: Mandibuzz|Mandibuzz, F|100/100|[from] U-turn
|move|p1a: Scizor|Knock Off|p2a: Mandibuzz
|-resisted|p2a: Mandibuzz
|-damage|p2a: Mandibuzz|87/100
|-enditem|p2a: Mandibuzz|Heavy-Duty Boots|[from] move: Knock Off|[of] p1a: Scizor
|-damage|p1a: Scizor|76/100|[from] item: Life Orb
|
|upkeep
|turn|4
|
|t:|1779887763
|move|p2a: Mandibuzz|Defog|p1a: Scizor
|-unboost|p1a: Scizor|evasion|1
|-sideend|p2: trashcan_343|Toxic Spikes|[from] move: Defog|[of] p2a: Mandibuzz
|-sideend|p2: trashcan_343|Stealth Rock|[from] move: Defog|[of] p2a: Mandibuzz
|move|p1a: Scizor|U-turn|p2a: Mandibuzz
|-damage|p2a: Mandibuzz|56/100
|-damage|p1a: Scizor|66/100|[from] item: Life Orb
|
|t:|1779887777
|switch|p1a: Raging Bolt|Raging Bolt|100/100|[from] U-turn
|-enditem|p1a: Raging Bolt|Booster Energy
|-activate|p1a: Raging Bolt|ability: Protosynthesis|[fromitem]
|-start|p1a: Raging Bolt|protosynthesisspa
|
|upkeep
|turn|5
|
|t:|1779887786
|switch|p2a: Hippowdon|Hippowdon, F|100/100
|-weather|Sandstorm|[from] ability: Sand Stream|[of] p2a: Hippowdon
|move|p1a: Raging Bolt|Draco Meteor|p2a: Hippowdon|[miss]
|-miss|p1a: Raging Bolt|p2a: Hippowdon
|
|-weather|Sandstorm|[upkeep]
|-damage|p1a: Raging Bolt|94/100|[from] Sandstorm
|upkeep
|turn|6
|
|t:|1779887794
|switch|p2a: Snail|Goodra-Hisui, M|100/100
|move|p1a: Raging Bolt|Draco Meteor|p2a: Snail
|-damage|p2a: Snail|53/100
|-unboost|p1a: Raging Bolt|spa|2
|
|-weather|Sandstorm|[upkeep]
|-damage|p1a: Raging Bolt|88/100|[from] Sandstorm
|upkeep
|turn|7
|
|t:|1779887800
|move|p1a: Raging Bolt|Volt Switch|p2a: Snail
|-resisted|p2a: Snail
|-damage|p2a: Snail|47/100
|
|t:|1779887804
|-end|p1a: Raging Bolt|Protosynthesis|[silent]
|switch|p1a: Primarina|Primarina, F|100/100|[from] Volt Switch
|move|p2a: Snail|Ice Beam|p1a: Primarina
|-resisted|p1a: Primarina
|-damage|p1a: Primarina|93/100
|
|-weather|Sandstorm|[upkeep]
|-damage|p1a: Primarina|87/100|[from] Sandstorm
|upkeep
|turn|8
|
|t:|1779887809
|move|p1a: Primarina|Flip Turn|p2a: Snail
|-resisted|p2a: Snail
|-damage|p2a: Snail|40/100
|
|t:|1779887815
|switch|p1a: Great Tusk|Great Tusk|100/100|[from] Flip Turn
|move|p2a: Snail|Thunderbolt|p1a: Great Tusk
|-immune|p1a: Great Tusk
|
|-weather|Sandstorm|[upkeep]
|upkeep
|turn|9
|
|t:|1779887822
|switch|p2a: Mandibuzz|Mandibuzz, F|56/100
|move|p1a: Great Tusk|Close Combat|p2a: Mandibuzz
|-damage|p2a: Mandibuzz|21/100
|-unboost|p1a: Great Tusk|def|1
|-unboost|p1a: Great Tusk|spd|1
|
|-weather|none
|upkeep
|turn|10
|
|t:|1779887827
|move|p1a: Great Tusk|Close Combat|p2a: Mandibuzz
|-damage|p2a: Mandibuzz|0 fnt
|-unboost|p1a: Great Tusk|def|1
|-unboost|p1a: Great Tusk|spd|1
|faint|p2a: Mandibuzz
|
|upkeep
|
|t:|1779887839
|switch|p2a: Ogerpon|Ogerpon-Cornerstone, F|100/100
|turn|11
|
|t:|1779887844
|-end|p1a: Great Tusk|Protosynthesis|[silent]
|switch|p1a: Scizor|Scizor, M|66/100
|move|p2a: Ogerpon|Spikes|p1a: Scizor
|-sidestart|p1: VraiKhey|Spikes
|
|upkeep
|turn|12
|
|t:|1779887847
|switch|p2a: Hippowdon|Hippowdon, F|100/100
|-weather|Sandstorm|[from] ability: Sand Stream|[of] p2a: Hippowdon
|move|p1a: Scizor|Bullet Punch|p2a: Hippowdon
|-damage|p2a: Hippowdon|75/100
|-damage|p1a: Scizor|56/100|[from] item: Life Orb
|
|-weather|Sandstorm|[upkeep]
|upkeep
|turn|13
|
|t:|1779887853
|move|p1a: Scizor|Knock Off|p2a: Hippowdon
|-damage|p2a: Hippowdon|49/100
|-enditem|p2a: Hippowdon|Lum Berry|[from] move: Knock Off|[of] p1a: Scizor
|-damage|p1a: Scizor|47/100|[from] item: Life Orb
|move|p2a: Hippowdon|Earthquake|p1a: Scizor
|-damage|p1a: Scizor|5/100
|
|-weather|Sandstorm|[upkeep]
|upkeep
|turn|14
|
|t:|1779887861
|switch|p1a: Great Tusk|Great Tusk|100/100
|move|p2a: Hippowdon|Slack Off|p2a: Hippowdon
|-heal|p2a: Hippowdon|99/100
|
|-weather|Sandstorm|[upkeep]
|upkeep
|turn|15
|
|t:|1779887868
|move|p1a: Great Tusk|Rapid Spin|p2a: Hippowdon
|-damage|p2a: Hippowdon|88/100
|-boost|p1a: Great Tusk|spe|1
|-sideend|p1: VraiKhey|Spikes|[from] move: Rapid Spin|[of] p1a: Great Tusk
|move|p2a: Hippowdon|Earthquake|p1a: Great Tusk
|-damage|p1a: Great Tusk|71/100
|
|-weather|Sandstorm|[upkeep]
|upkeep
|turn|16
|
|t:|1779887872
|-end|p1a: Great Tusk|Protosynthesis|[silent]
|switch|p1a: Corviknight|Corviknight, F|100/100
|move|p2a: Hippowdon|Stealth Rock|p1a: Corviknight
|-sidestart|p1: VraiKhey|move: Stealth Rock
|
|-weather|none
|upkeep
|turn|17
|
|t:|1779887875
|switch|p2a: Pink Salt|Garganacl, M|100/100
|move|p1a: Corviknight|Defog|p2a: Pink Salt
|-unboost|p2a: Pink Salt|evasion|1
|-sideend|p1: VraiKhey|Stealth Rock|[from] move: Defog|[of] p1a: Corviknight
|
|upkeep
|turn|18
|
|t:|1779887879
|switch|p1a: Scizor|Scizor, M|5/100
|move|p2a: Pink Salt|Salt Cure|p1a: Scizor
|-damage|p1a: Scizor|0 fnt
|faint|p1a: Scizor
|
|upkeep
|
|t:|1779887882
|switch|p1a: Primarina|Primarina, F|87/100
|turn|19
|
|t:|1779887886
|switch|p2a: Metagross|Metagross|100/100
|move|p1a: Primarina|Psychic Noise|p2a: Metagross
|-damage|p2a: Metagross|59/100
|-start|p2a: Metagross|move: Heal Block
|
|upkeep
|turn|20
|
|t:|1779887894
|switch|p2a: Ogerpon|Ogerpon-Cornerstone, F|100/100
|switch|p1a: Corviknight|Corviknight, F|100/100
|
|upkeep
|turn|21
|
|t:|1779887896
|move|p2a: Ogerpon|Spikes|p1a: Corviknight
|-sidestart|p1: VraiKhey|Spikes
|move|p1a: Corviknight|Iron Defense|p1a: Corviknight
|-boost|p1a: Corviknight|def|2
|
|upkeep
|turn|22
|
|t:|1779887903
|switch|p2a: Pink Salt|Garganacl, M|100/100
|move|p1a: Corviknight|Iron Defense|p1a: Corviknight
|-boost|p1a: Corviknight|def|2
|
|upkeep
|turn|23
|
|t:|1779887908
|switch|p1a: Great Tusk|Great Tusk|71/100
|-terastallize|p2a: Pink Salt|Fairy
|move|p2a: Pink Salt|Salt Cure|p1a: Great Tusk
|-resisted|p1a: Great Tusk
|-damage|p1a: Great Tusk|68/100
|-start|p1a: Great Tusk|Salt Cure
|
|-damage|p1a: Great Tusk|56/100|[from] Salt Cure
|upkeep
|turn|24
|
|t:|1779887913
|move|p1a: Great Tusk|Knock Off|p2a: Pink Salt
|-resisted|p2a: Pink Salt
|-damage|p2a: Pink Salt|93/100
|-damage|p1a: Great Tusk|39/100|[from] item: Rocky Helmet|[of] p2a: Pink Salt
|-enditem|p2a: Pink Salt|Rocky Helmet|[from] move: Knock Off|[of] p1a: Great Tusk
|move|p2a: Pink Salt|Block|p1a: Great Tusk
|-activate|p1a: Great Tusk|trapped
|
|-damage|p1a: Great Tusk|27/100|[from] Salt Cure
|upkeep
|turn|25
|
|t:|1779887917
|move|p1a: Great Tusk|Rapid Spin|p2a: Pink Salt
|-crit|p2a: Pink Salt
|-damage|p2a: Pink Salt|78/100
|-boost|p1a: Great Tusk|spe|1
|-sideend|p1: VraiKhey|Spikes|[from] move: Rapid Spin|[of] p1a: Great Tusk
|move|p2a: Pink Salt|Recover|p2a: Pink Salt
|-heal|p2a: Pink Salt|100/100
|
|-damage|p1a: Great Tusk|15/100|[from] Salt Cure
|upkeep
|turn|26
|
|t:|1779887927
|move|p1a: Great Tusk|Headlong Rush|p2a: Pink Salt
|-damage|p2a: Pink Salt|67/100
|-unboost|p1a: Great Tusk|def|1
|-unboost|p1a: Great Tusk|spd|1
|move|p2a: Pink Salt|Earthquake|p1a: Great Tusk
|-damage|p1a: Great Tusk|0 fnt
|faint|p1a: Great Tusk
|-end|p1a: Great Tusk|Protosynthesis|[silent]
|
|upkeep
|
|t:|1779887930
|switch|p1a: Primarina|Primarina, F|87/100
|turn|27
|
|t:|1779887939
|switch|p2a: Hippowdon|Hippowdon, F|88/100
|-weather|Sandstorm|[from] ability: Sand Stream|[of] p2a: Hippowdon
|move|p1a: Primarina|Psychic Noise|p2a: Hippowdon
|-supereffective|p2a: Hippowdon
|-damage|p2a: Hippowdon|2/100
|-start|p2a: Hippowdon|move: Heal Block
|
|-weather|Sandstorm|[upkeep]
|-damage|p1a: Primarina|81/100|[from] Sandstorm
|upkeep
|turn|28
|
|t:|1779887948
|switch|p1a: Corviknight|Corviknight, F|100/100
|move|p2a: Hippowdon|Stealth Rock|p1a: Corviknight
|-sidestart|p1: VraiKhey|move: Stealth Rock
|
|-weather|Sandstorm|[upkeep]
|-end|p2a: Hippowdon|move: Heal Block
|upkeep
|turn|29
|
|t:|1779887952
|switch|p2a: Pink Salt|Garganacl, M, tera:Fairy|67/100
|move|p1a: Corviknight|Defog|p2a: Pink Salt
|-unboost|p2a: Pink Salt|evasion|1
|-sideend|p1: VraiKhey|Stealth Rock|[from] move: Defog|[of] p1a: Corviknight
|
|-weather|Sandstorm|[upkeep]
|-damage|p2a: Pink Salt|61/100|[from] Sandstorm
|upkeep
|turn|30
|
|t:|1779887956
|switch|p1a: Raging Bolt|Raging Bolt|88/100
|move|p2a: Pink Salt|Recover|p2a: Pink Salt
|-heal|p2a: Pink Salt|100/100
|
|-weather|Sandstorm|[upkeep]
|-damage|p1a: Raging Bolt|82/100|[from] Sandstorm
|-damage|p2a: Pink Salt|94/100|[from] Sandstorm
|upkeep
|turn|31
|
|t:|1779887960
|switch|p2a: Hippowdon|Hippowdon, F|2/100
|move|p1a: Raging Bolt|Volt Switch|p2a: Hippowdon
|-immune|p2a: Hippowdon
|
|-weather|none
|upkeep
|turn|32
|
|t:|1779887963
|move|p1a: Raging Bolt|Draco Meteor|p2a: Hippowdon|[miss]
|-miss|p1a: Raging Bolt|p2a: Hippowdon
|move|p2a: Hippowdon|Stealth Rock|p1a: Raging Bolt
|-sidestart|p1: VraiKhey|move: Stealth Rock
|
|upkeep
|turn|33
|
|t:|1779887965
|move|p1a: Raging Bolt|Draco Meteor|p2a: Hippowdon
|-damage|p2a: Hippowdon|0 fnt
|-unboost|p1a: Raging Bolt|spa|2
|faint|p2a: Hippowdon
|
|upkeep
|
|t:|1779887972
|switch|p2a: Metagross|Metagross|59/100
|turn|34
|
|t:|1779887975
|switch|p2a: Pink Salt|Garganacl, M, tera:Fairy|94/100
|move|p1a: Raging Bolt|Volt Switch|p2a: Pink Salt
|-damage|p2a: Pink Salt|75/100
|
|t:|1779887977
|-end|p1a: Raging Bolt|Protosynthesis|[silent]
|switch|p1a: Corviknight|Corviknight, F|100/100|[from] Volt Switch
|-damage|p1a: Corviknight|88/100|[from] Stealth Rock
|
|upkeep
|turn|35
|
|t:|1779887981
|move|p1a: Corviknight|Defog|p2a: Pink Salt
|-unboost|p2a: Pink Salt|evasion|1
|-sideend|p1: VraiKhey|Stealth Rock|[from] move: Defog|[of] p1a: Corviknight
|move|p2a: Pink Salt|Block|p1a: Corviknight
|-activate|p1a: Corviknight|trapped
|
|upkeep
|turn|36
|
|t:|1779887988
|move|p1a: Corviknight|Iron Defense|p1a: Corviknight
|-boost|p1a: Corviknight|def|2
|move|p2a: Pink Salt|Salt Cure|p1a: Corviknight
|-damage|p1a: Corviknight|82/100
|-start|p1a: Corviknight|Salt Cure
|
|-damage|p1a: Corviknight|57/100|[from] Salt Cure
|upkeep
|turn|37
|
|t:|1779887992
|move|p1a: Corviknight|Roost|p1a: Corviknight
|-heal|p1a: Corviknight|100/100
|-singleturn|p1a: Corviknight|move: Roost
|move|p2a: Pink Salt|Recover|p2a: Pink Salt
|-heal|p2a: Pink Salt|100/100
|
|-damage|p1a: Corviknight|76/100|[from] Salt Cure
|upkeep
|turn|38
|
|t:|1779887995
|move|p1a: Corviknight|Iron Defense|p1a: Corviknight
|-boost|p1a: Corviknight|def|2
|move|p2a: Pink Salt|Earthquake|p1a: Corviknight
|-immune|p1a: Corviknight
|
|-damage|p1a: Corviknight|51/100|[from] Salt Cure
|upkeep
|turn|39
|
|t:|1779887997
|move|p1a: Corviknight|Roost|p1a: Corviknight
|-heal|p1a: Corviknight|100/100
|-singleturn|p1a: Corviknight|move: Roost
|move|p2a: Pink Salt|Salt Cure|p1a: Corviknight
|-resisted|p1a: Corviknight
|-damage|p1a: Corviknight|99/100
|
|-damage|p1a: Corviknight|74/100|[from] Salt Cure
|upkeep
|turn|40
|
|t:|1779888000
|move|p1a: Corviknight|Iron Defense|p1a: Corviknight
|-boost|p1a: Corviknight|def|2
|move|p2a: Pink Salt|Earthquake|p1a: Corviknight
|-immune|p1a: Corviknight
|
|-damage|p1a: Corviknight|49/100|[from] Salt Cure
|upkeep
|turn|41
|
|t:|1779888003
|move|p1a: Corviknight|Roost|p1a: Corviknight
|-heal|p1a: Corviknight|99/100
|-singleturn|p1a: Corviknight|move: Roost
|move|p2a: Pink Salt|Salt Cure|p1a: Corviknight
|-resisted|p1a: Corviknight
|-damage|p1a: Corviknight|98/100
|
|-damage|p1a: Corviknight|73/100|[from] Salt Cure
|upkeep
|turn|42
|
|t:|1779888006
|move|p1a: Corviknight|Body Press|p2a: Pink Salt
|-resisted|p2a: Pink Salt
|-damage|p2a: Pink Salt|83/100
|move|p2a: Pink Salt|Salt Cure|p1a: Corviknight
|-damage|p1a: Corviknight|70/100
|
|-damage|p1a: Corviknight|45/100|[from] Salt Cure
|upkeep
|turn|43
|
|t:|1779888009
|move|p1a: Corviknight|Roost|p1a: Corviknight
|-heal|p1a: Corviknight|95/100
|-singleturn|p1a: Corviknight|move: Roost
|move|p2a: Pink Salt|Earthquake|p1a: Corviknight
|-supereffective|p1a: Corviknight
|-damage|p1a: Corviknight|85/100
|
|-damage|p1a: Corviknight|60/100|[from] Salt Cure
|upkeep
|turn|44
|
|t:|1779888016
|-terastallize|p1a: Corviknight|Fighting
|move|p1a: Corviknight|Roost|p1a: Corviknight
|-heal|p1a: Corviknight|100/100
|move|p2a: Pink Salt|Earthquake|p1a: Corviknight
|-damage|p1a: Corviknight|95/100
|
|-damage|p1a: Corviknight|83/100|[from] Salt Cure
|upkeep
|turn|45
|
|t:|1779888020
|move|p1a: Corviknight|Body Press|p2a: Pink Salt
|-resisted|p2a: Pink Salt
|-damage|p2a: Pink Salt|55/100
|move|p2a: Pink Salt|Salt Cure|p1a: Corviknight
|-resisted|p1a: Corviknight
|-damage|p1a: Corviknight|82/100
|
|-damage|p1a: Corviknight|69/100|[from] Salt Cure
|upkeep
|turn|46
|
|t:|1779888023
|move|p1a: Corviknight|Body Press|p2a: Pink Salt
|-resisted|p2a: Pink Salt
|-damage|p2a: Pink Salt|25/100
|move|p2a: Pink Salt|Recover|p2a: Pink Salt
|-heal|p2a: Pink Salt|75/100
|
|-damage|p1a: Corviknight|57/100|[from] Salt Cure
|upkeep
|turn|47
|
|t:|1779888028
|move|p1a: Corviknight|Body Press|p2a: Pink Salt
|-resisted|p2a: Pink Salt
|-damage|p2a: Pink Salt|45/100
|move|p2a: Pink Salt|Recover|p2a: Pink Salt
|-heal|p2a: Pink Salt|95/100
|
|-damage|p1a: Corviknight|45/100|[from] Salt Cure
|upkeep
|turn|48
|
|t:|1779888032
|move|p1a: Corviknight|Roost|p1a: Corviknight
|-heal|p1a: Corviknight|95/100
|move|p2a: Pink Salt|Block||[still]
|-fail|p2a: Pink Salt
|
|-damage|p1a: Corviknight|83/100|[from] Salt Cure
|upkeep
|turn|49
|
|t:|1779888034
|move|p1a: Corviknight|Body Press|p2a: Pink Salt
|-resisted|p2a: Pink Salt
|-damage|p2a: Pink Salt|66/100
|move|p2a: Pink Salt|Salt Cure|p1a: Corviknight
|-resisted|p1a: Corviknight
|-damage|p1a: Corviknight|81/100
|
|-damage|p1a: Corviknight|69/100|[from] Salt Cure
|upkeep
|turn|50
|
|t:|1779888039
|move|p1a: Corviknight|Body Press|p2a: Pink Salt
|-resisted|p2a: Pink Salt
|-damage|p2a: Pink Salt|36/100
|move|p2a: Pink Salt|Block||[still]
|-fail|p2a: Pink Salt
|
|-damage|p1a: Corviknight|56/100|[from] Salt Cure
|upkeep
|turn|51
|
|t:|1779888041
|move|p1a: Corviknight|Body Press|p2a: Pink Salt
|-resisted|p2a: Pink Salt
|-damage|p2a: Pink Salt|8/100
|move|p2a: Pink Salt|Recover|p2a: Pink Salt
|-heal|p2a: Pink Salt|58/100
|
|-damage|p1a: Corviknight|44/100|[from] Salt Cure
|upkeep
|turn|52
|
|t:|1779888047
|move|p1a: Corviknight|Body Press|p2a: Pink Salt
|-resisted|p2a: Pink Salt
|-damage|p2a: Pink Salt|29/100
|move|p2a: Pink Salt|Earthquake|p1a: Corviknight
|-damage|p1a: Corviknight|39/100
|
|-damage|p1a: Corviknight|27/100|[from] Salt Cure
|upkeep
|turn|53
|
|t:|1779888050
|move|p1a: Corviknight|Body Press|p2a: Pink Salt
|-resisted|p2a: Pink Salt
|-damage|p2a: Pink Salt|1/100
|move|p2a: Pink Salt|Recover|p2a: Pink Salt
|-heal|p2a: Pink Salt|51/100
|
|-damage|p1a: Corviknight|15/100|[from] Salt Cure
|upkeep
|turn|54
|
|t:|1779888057
|move|p1a: Corviknight|Roost|p1a: Corviknight
|-heal|p1a: Corviknight|65/100
|move|p2a: Pink Salt|Recover|p2a: Pink Salt
|-heal|p2a: Pink Salt|100/100
|
|-damage|p1a: Corviknight|52/100|[from] Salt Cure
|upkeep
|turn|55
|
|t:|1779888060
|move|p1a: Corviknight|Roost|p1a: Corviknight
|-heal|p1a: Corviknight|100/100
|move|p2a: Pink Salt|Salt Cure|p1a: Corviknight
|-resisted|p1a: Corviknight
|-damage|p1a: Corviknight|99/100
|
|-damage|p1a: Corviknight|87/100|[from] Salt Cure
|upkeep
|turn|56
|
|t:|1779888066
|move|p1a: Corviknight|Body Press|p2a: Pink Salt
|-resisted|p2a: Pink Salt
|-damage|p2a: Pink Salt|70/100
|move|p2a: Pink Salt|Salt Cure|p1a: Corviknight
|-resisted|p1a: Corviknight
|-damage|p1a: Corviknight|85/100
|
|-damage|p1a: Corviknight|73/100|[from] Salt Cure
|upkeep
|turn|57
|
|t:|1779888069
|move|p1a: Corviknight|Body Press|p2a: Pink Salt
|-resisted|p2a: Pink Salt
|-damage|p2a: Pink Salt|43/100
|move|p2a: Pink Salt|Salt Cure|p1a: Corviknight
|-resisted|p1a: Corviknight
|-damage|p1a: Corviknight|71/100
|
|-damage|p1a: Corviknight|59/100|[from] Salt Cure
|upkeep
|turn|58
|
|t:|1779888072
|move|p1a: Corviknight|Body Press|p2a: Pink Salt
|-resisted|p2a: Pink Salt
|-damage|p2a: Pink Salt|15/100
|move|p2a: Pink Salt|Salt Cure|p1a: Corviknight
|-resisted|p1a: Corviknight
|-damage|p1a: Corviknight|58/100
|
|-damage|p1a: Corviknight|45/100|[from] Salt Cure
|upkeep
|turn|59
|
|t:|1779888074
|move|p1a: Corviknight|Body Press|p2a: Pink Salt
|-resisted|p2a: Pink Salt
|-damage|p2a: Pink Salt|0 fnt
|faint|p2a: Pink Salt
|
|-damage|p1a: Corviknight|33/100|[from] Salt Cure
|upkeep
|
|t:|1779888083
|switch|p2a: Metagross|Metagross|59/100
|turn|60
|
|t:|1779888085
|move|p2a: Metagross|Zen Headbutt|p1a: Corviknight
|-supereffective|p1a: Corviknight
|-damage|p1a: Corviknight|15/100
|-damage|p2a: Metagross|43/100|[from] item: Rocky Helmet|[of] p1a: Corviknight
|move|p1a: Corviknight|Body Press|p2a: Metagross
|-damage|p2a: Metagross|0 fnt
|faint|p2a: Metagross
|
|-damage|p1a: Corviknight|2/100|[from] Salt Cure
|upkeep
|
|t:|1779888091
|switch|p2a: Ogerpon|Ogerpon-Cornerstone, F|100/100
|turn|61
|
|t:|1779888096
|move|p2a: Ogerpon|U-turn|p1a: Corviknight
|-resisted|p1a: Corviknight
|-damage|p1a: Corviknight|0 fnt
|-damage|p2a: Ogerpon|84/100|[from] item: Rocky Helmet|[of] p1a: Corviknight
|faint|p1a: Corviknight
|
|t:|1779888098
|switch|p2a: Snail|Goodra-Hisui, M|40/100|[from] U-turn
|
|upkeep
|
|t:|1779888102
|switch|p1a: Primarina|Primarina, F|81/100
|turn|62
|
|t:|1779888106
|move|p1a: Primarina|Moonblast|p2a: Snail
|-damage|p2a: Snail|17/100
|-unboost|p2a: Snail|spa|1
|move|p2a: Snail|Thunderbolt|p1a: Primarina
|-supereffective|p1a: Primarina
|-damage|p1a: Primarina|58/100
|
|upkeep
|turn|63
|
|t:|1779888116
|move|p2a: Snail|Thunderbolt|p1a: Primarina
|-supereffective|p1a: Primarina
|-damage|p1a: Primarina|36/100
|move|p1a: Primarina|Draining Kiss|p2a: Snail
|-damage|p2a: Snail|5/100
|-heal|p1a: Primarina|44/100|[from] drain|[of] p2a: Snail
|
|upkeep
|turn|64
|
|t:|1779888121
|move|p1a: Primarina|Draining Kiss|p2a: Snail
|-damage|p2a: Snail|0 fnt
|-heal|p1a: Primarina|48/100|[from] drain|[of] p2a: Snail
|faint|p2a: Snail
|
|upkeep
|
|t:|1779888125
|switch|p2a: Ogerpon|Ogerpon-Cornerstone, F|84/100
|turn|65
|
|t:|1779888127
|move|p2a: Ogerpon|Horn Leech|p1a: Primarina
|-supereffective|p1a: Primarina
|-damage|p1a: Primarina|0 fnt
|-heal|p2a: Ogerpon|100/100|[from] drain|[of] p1a: Primarina
|faint|p1a: Primarina
|
|upkeep
|
|t:|1779888129
|switch|p1a: Raging Bolt|Raging Bolt|82/100
|turn|66
|
|t:|1779888133
|move|p2a: Ogerpon|Ivy Cudgel|p1a: Raging Bolt|[anim] Ivy Cudgel Rock
|-damage|p1a: Raging Bolt|32/100
|move|p1a: Raging Bolt|Draco Meteor|p2a: Ogerpon
|-damage|p2a: Ogerpon|4/100
|-unboost|p1a: Raging Bolt|spa|2
|
|upkeep
|turn|67
|
|t:|1779888139
|move|p1a: Raging Bolt|Thunderclap|p2a: Ogerpon
|-resisted|p2a: Ogerpon
|-damage|p2a: Ogerpon|0 fnt
|faint|p2a: Ogerpon
|
|win|VraiKhey
|raw|VraiKhey's rating: 1526 &rarr; <strong>1547</strong><br />(+21 for winning)
|raw|trashcan_343's rating: 1539 &rarr; <strong>1518</strong><br />(-21 for losing)
|l|☆trashcan_343
|player|p2|
|l|☆VraiKhey
|player|p1|
