|j|☆encore21768768
|j|☆Abyssal Bot
|t:|1779971583
|gametype|singles
|player|p1|encore21768768|266|
|player|p2|Abyssal Bot|supernerd|
|teamsize|p1|6
|teamsize|p2|6
|gen|9
|tier|[Gen 9] OU
|rule|Species Clause: Limit one of each Pokémon
|rule|OHKO Clause: OHKO moves are banned
|rule|Evasion Items Clause: Evasion items are banned
|rule|Evasion Moves Clause: Evasion moves are banned
|rule|Endless Battle Clause: Forcing endless battles is banned
|rule|HP Percentage Mod: HP is shown in percentages
|rule|Sleep Moves Clause: Sleep-inducing moves are banned
|clearpoke
|poke|p1|Thundurus-Therian, M|
|poke|p1|Mandibuzz, F|
|poke|p1|Tornadus-Therian, M|
|poke|p1|Pelipper, F|
|poke|p1|Gyarados, F|
|poke|p1|Gliscor, F|
|poke|p2|Gholdengo|
|poke|p2|Ting-Lu|
|poke|p2|Deoxys-Speed|
|poke|p2|Garganacl, M|
|poke|p2|Ogerpon, F|
|poke|p2|Gliscor, F|
|teampreview
|c|☆Abyssal Bot|Good Luck and Have Fun my Friend!
|inactive|Battle timer is ON: inactive players will automatically lose when time's up. (requested by Abyssal Bot)
|j|*Turbo Bottttt
|
|t:|1779971585
|start
|switch|p1a: Thundurus|Thundurus-Therian, M|100/100
|switch|p2a: Garganacl|Garganacl, M|100/100
|turn|1
|
|t:|1779971587
|switch|p2a: Gliscor|Gliscor, F|100/100
|move|p1a: Thundurus|Nasty Plot|p1a: Thundurus
|-boost|p1a: Thundurus|spa|2
|
|-status|p2a: Gliscor|tox|[from] item: Toxic Orb
|upkeep
|turn|2
|
|t:|1779971589
|switch|p1a: Pelipper|Pelipper, F|100/100
|-weather|Rain Dance|[from] ability: Drizzle|[of] p1a: Pelipper
|move|p2a: Gliscor|U-turn|p1a: Pelipper
|-resisted|p1a: Pelipper
|-damage|p1a: Pelipper|95/100
|
|t:|1779971589
|switch|p2a: Gholdengo|Gholdengo|100/100|[from] U-turn
|
|-weather|Rain Dance|[upkeep]
|upkeep
|turn|3
|
|t:|1779971592
|move|p2a: Gholdengo|Thunder Wave|p1a: Pelipper
|-status|p1a: Pelipper|par
|move|p1a: Pelipper|U-turn|p2a: Gholdengo
|-resisted|p2a: Gholdengo
|-damage|p2a: Gholdengo|99/100
|
|t:|1779971595
|switch|p1a: Thundurus|Thundurus-Therian, M|100/100|[from] U-turn
|
|-weather|Rain Dance|[upkeep]
|upkeep
|turn|4
|
|t:|1779971597
|switch|p2a: Gliscor|Gliscor, F|100/100 tox
|move|p1a: Thundurus|Nasty Plot|p1a: Thundurus
|-boost|p1a: Thundurus|spa|2
|
|-weather|Rain Dance|[upkeep]
|upkeep
|turn|5
|
|t:|1779971598
|move|p2a: Gliscor|Protect|p2a: Gliscor
|-singleturn|p2a: Gliscor|Protect
|move|p1a: Thundurus|Nasty Plot|p1a: Thundurus
|-boost|p1a: Thundurus|spa|2
|
|-weather|Rain Dance|[upkeep]
|upkeep
|turn|6
|
|t:|1779971600
|move|p1a: Thundurus|Weather Ball|p2a: Gliscor
|-supereffective|p2a: Gliscor
|-damage|p2a: Gliscor|0 tox
|faint|p2a: Gliscor
|
|-weather|Rain Dance|[upkeep]
|upkeep
|
|t:|1779971600
|switch|p2a: Ting-Lu|Ting-Lu|100/100
|-ability|p2a: Ting-Lu|Vessel of Ruin
|turn|7
|
|t:|1779971601
|move|p1a: Thundurus|Weather Ball|p2a: Ting-Lu
|-supereffective|p2a: Ting-Lu
|-damage|p2a: Ting-Lu|0
|faint|p2a: Ting-Lu
|
|-weather|Rain Dance|[upkeep]
|upkeep
|
|t:|1779971601
|switch|p2a: Gholdengo|Gholdengo|99/100
|turn|8
|
|t:|1779971604
|move|p1a: Thundurus|Weather Ball|p2a: Gholdengo
|-damage|p2a: Gholdengo|0
|faint|p2a: Gholdengo
|
|-weather|Rain Dance|[upkeep]
|upkeep
|
|t:|1779971605
|switch|p2a: Garganacl|Garganacl, M|100/100
|turn|9
|
|t:|1779971606
|move|p1a: Thundurus|Weather Ball|p2a: Garganacl
|-supereffective|p2a: Garganacl
|-damage|p2a: Garganacl|0
|faint|p2a: Garganacl
|
|-weather|none
|upkeep
|
|t:|1779971606
|switch|p2a: Deoxys|Deoxys-Speed|100/100
|-ability|p2a: Deoxys|Pressure
|turn|10
|
|t:|1779971609
|move|p2a: Deoxys|Ice Beam|p1a: Thundurus
|-supereffective|p1a: Thundurus
|-damage|p1a: Thundurus|45/100
|move|p1a: Thundurus|Thunderbolt|p2a: Deoxys
|-damage|p2a: Deoxys|0
|faint|p2a: Deoxys
|
|upkeep
|
|t:|1779971609
|switch|p2a: Ogerpon|Ogerpon, F|100/100
|turn|11
|
|t:|1779971616
|switch|p1a: Tornadus|Tornadus-Therian, M|100/100
|move|p2a: Ogerpon|Knock Off|p1a: Tornadus
|-damage|p1a: Tornadus|65/100
|-enditem|p1a: Tornadus|Heavy-Duty Boots|[from] move: Knock Off|[of] p2a: Ogerpon
|
|upkeep
|turn|12
|
|t:|1779971617
|move|p1a: Tornadus|Bleakwind Storm|p2a: Ogerpon|[miss]
|-miss|p1a: Tornadus|p2a: Ogerpon
|move|p2a: Ogerpon|Ivy Cudgel|p1a: Tornadus
|-resisted|p1a: Tornadus
|-damage|p1a: Tornadus|34/100
|
|upkeep
|turn|13
|c|☆Abyssal Bot|I had warned you about hax!! HAHAHA
|
|t:|1779971619
|move|p1a: Tornadus|Bleakwind Storm|p2a: Ogerpon
|-supereffective|p2a: Ogerpon
|-damage|p2a: Ogerpon|12/100
|move|p2a: Ogerpon|Ivy Cudgel|p1a: Tornadus
|-resisted|p1a: Tornadus
|-damage|p1a: Tornadus|8/100
|
|upkeep
|turn|14
|
|t:|1779971623
|move|p1a: Tornadus|Knock Off|p2a: Ogerpon
|-damage|p2a: Ogerpon|0
|-enditem|p2a: Ogerpon|Heavy-Duty Boots|[from] move: Knock Off|[of] p1a: Tornadus
|faint|p2a: Ogerpon
|
|win|encore21768768
|c|☆Abyssal Bot|Oh, I lost. Good Game.
|l|☆Abyssal Bot
|player|p2|
|l|*Turbo Bottttt
