|j|☆glimpseman
|j|☆Dubyaz13
|t:|1779941682
|gametype|singles
|player|p1|glimpseman|#wcor2025canada|1616
|player|p2|Dubyaz13|linebacker|1516
|gen|9
|tier|[Gen 9] OU
|rated|
|rule|HP Percentage Mod: HP is shown in percentages
|rule|Endless Battle Clause: Forcing endless battles is banned
|rule|Species Clause: Limit one of each Pokémon
|rule|OHKO Clause: OHKO moves are banned
|rule|Evasion Items Clause: Evasion items are banned
|rule|Evasion Moves Clause: Evasion moves are banned
|rule|Evasion Abilities Clause: Evasion abilities are banned
|rule|Sleep Moves Clause: Sleep-inducing moves are banned
|clearpoke
|poke|p1|Toxtricity, M|
|poke|p1|Gholdengo|
|poke|p1|Ting-Lu|
|poke|p1|Glimmora, F|
|poke|p1|Iron Valiant|
|poke|p1|Rillaboom, F|
|poke|p2|Dragonite, F|
|poke|p2|Samurott-Hisui, F|
|poke|p2|Gholdengo|
|poke|p2|Pecharunt|
|poke|p2|Walking Wake|
|poke|p2|Ting-Lu|
|teampreview
|inactive|Battle timer is ON: inactive players will automatically lose when time's up. (requested by glimpseman)
|inactive|Dubyaz13 has 120 seconds left.
|
|t:|1779941715
|teamsize|p1|6
|teamsize|p2|6
|start
|switch|p1a: Rillaboom|Rillaboom, F|100/100
|switch|p2a: Samurott|Samurott-Hisui, F|100/100
|-fieldstart|move: Grassy Terrain|[from] ability: Grassy Surge|[of] p1a: Rillaboom
|turn|1
|
|t:|1779941721
|move|p2a: Samurott|Flip Turn|p1a: Rillaboom
|-resisted|p1a: Rillaboom
|-damage|p1a: Rillaboom|86/100
|
|t:|1779941729
|switch|p2a: Pecharunt|Pecharunt|100/100|[from] Flip Turn
|move|p1a: Rillaboom|Knock Off|p2a: Pecharunt
|-supereffective|p2a: Pecharunt
|-damage|p2a: Pecharunt|64/100
|-enditem|p2a: Pecharunt|Heavy-Duty Boots|[from] move: Knock Off|[of] p1a: Rillaboom
|
|-heal|p2a: Pecharunt|70/100|[from] Grassy Terrain
|-heal|p1a: Rillaboom|93/100|[from] Grassy Terrain
|upkeep
|turn|2
|
|t:|1779941735
|switch|p1a: Glimmora|Glimmora, F|100/100
|move|p2a: Pecharunt|Recover|p2a: Pecharunt
|-heal|p2a: Pecharunt|100/100
|
|upkeep
|turn|3
|
|t:|1779941741
|switch|p2a: Ting-Lu|Ting-Lu|100/100
|-ability|p2a: Ting-Lu|Vessel of Ruin
|move|p1a: Glimmora|Stealth Rock|p2a: Ting-Lu
|-sidestart|p2: Dubyaz13|move: Stealth Rock
|
|upkeep
|turn|4
|
|t:|1779941754
|move|p1a: Glimmora|Earth Power|p2a: Ting-Lu
|-damage|p2a: Ting-Lu|89/100
|move|p2a: Ting-Lu|Stealth Rock|p1a: Glimmora
|-sidestart|p1: glimpseman|move: Stealth Rock
|
|-heal|p2a: Ting-Lu|95/100|[from] Grassy Terrain
|-heal|p2a: Ting-Lu|100/100|[from] item: Leftovers
|upkeep
|turn|5
|
|t:|1779941760
|move|p1a: Glimmora|Mortal Spin|p2a: Ting-Lu
|-resisted|p2a: Ting-Lu
|-damage|p2a: Ting-Lu|99/100
|-status|p2a: Ting-Lu|psn
|-sideend|p1: glimpseman|Stealth Rock|[from] move: Mortal Spin|[of] p1a: Glimmora
|move|p2a: Ting-Lu|Earthquake|p1a: Glimmora
|-supereffective|p1a: Glimmora
|-damage|p1a: Glimmora|48/100
|-activate|p1a: Glimmora|ability: Toxic Debris
|-sidestart|p2: Dubyaz13|move: Toxic Spikes
|
|-heal|p1a: Glimmora|54/100|[from] Grassy Terrain
|-heal|p2a: Ting-Lu|100/100 psn|[from] Grassy Terrain
|-damage|p2a: Ting-Lu|88/100 psn|[from] psn
|-fieldend|move: Grassy Terrain
|upkeep
|turn|6
|
|t:|1779941764
|switch|p1a: Rillaboom|Rillaboom, F|93/100
|-fieldstart|move: Grassy Terrain|[from] ability: Grassy Surge|[of] p1a: Rillaboom
|move|p2a: Ting-Lu|Stealth Rock|p1a: Rillaboom
|-sidestart|p1: glimpseman|move: Stealth Rock
|
|-heal|p1a: Rillaboom|99/100|[from] Grassy Terrain
|-heal|p2a: Ting-Lu|94/100 psn|[from] Grassy Terrain
|-heal|p2a: Ting-Lu|100/100 psn|[from] item: Leftovers
|-damage|p2a: Ting-Lu|88/100 psn|[from] psn
|upkeep
|turn|7
|
|t:|1779941775
|switch|p2a: Pecharunt|Pecharunt|100/100
|-damage|p2a: Pecharunt|88/100|[from] Stealth Rock
|-sideend|p2: Dubyaz13|move: Toxic Spikes|[of] p2a: Pecharunt
|move|p1a: Rillaboom|U-turn|p2a: Pecharunt
|-resisted|p2a: Pecharunt
|-damage|p2a: Pecharunt|85/100
|
|t:|1779941786
|switch|p1a: Gholdengo|Gholdengo|100/100|[from] U-turn
|-damage|p1a: Gholdengo|94/100|[from] Stealth Rock
|
|-heal|p2a: Pecharunt|91/100|[from] Grassy Terrain
|-heal|p1a: Gholdengo|100/100|[from] Grassy Terrain
|upkeep
|turn|8
|inactive|Dubyaz13 has 120 seconds left.
|inactive|Dubyaz13 has 90 seconds left.
|
|t:|1779941847
|switch|p2a: Samurott|Samurott-Hisui, F|100/100
|-damage|p2a: Samurott|88/100|[from] Stealth Rock
|move|p1a: Gholdengo|Thunder Wave|p2a: Samurott
|-status|p2a: Samurott|par
|
|-heal|p2a: Samurott|94/100 par|[from] Grassy Terrain
|upkeep
|turn|9
|
|t:|1779941860
|switch|p1a: Rillaboom|Rillaboom, F|99/100
|-damage|p1a: Rillaboom|86/100|[from] Stealth Rock
|move|p2a: Samurott|Ceaseless Edge|p1a: Rillaboom
|-damage|p1a: Rillaboom|40/100
|-sidestart|p1: glimpseman|Spikes
|
|-heal|p1a: Rillaboom|46/100|[from] Grassy Terrain
|-heal|p2a: Samurott|99/100 par|[from] Grassy Terrain
|upkeep
|turn|10
|inactive|Dubyaz13 has 90 seconds left.
|
|t:|1779941891
|switch|p2a: Gholdengo|Gholdengo|100/100
|-damage|p2a: Gholdengo|94/100|[from] Stealth Rock
|move|p1a: Rillaboom|High Horsepower|p2a: Gholdengo
|-supereffective|p2a: Gholdengo
|-crit|p2a: Gholdengo
|-damage|p2a: Gholdengo|0 fnt
|faint|p2a: Gholdengo
|
|-heal|p1a: Rillaboom|52/100|[from] Grassy Terrain
|-fieldend|move: Grassy Terrain
|upkeep
|
|t:|1779941905
|switch|p2a: Pecharunt|Pecharunt|91/100
|-damage|p2a: Pecharunt|79/100|[from] Stealth Rock
|turn|11
|
|t:|1779941913
|switch|p1a: Gholdengo|Gholdengo|100/100
|-damage|p1a: Gholdengo|94/100|[from] Stealth Rock
|-damage|p1a: Gholdengo|82/100|[from] Spikes
|move|p2a: Pecharunt|Nasty Plot|p2a: Pecharunt
|-boost|p2a: Pecharunt|spa|2
|
|upkeep
|turn|12
|
|t:|1779941919
|-terastallize|p1a: Gholdengo|Steel
|move|p2a: Pecharunt|Shadow Ball|p1a: Gholdengo
|-damage|p1a: Gholdengo|25/100
|move|p1a: Gholdengo|Make It Rain|p2a: Pecharunt
|-damage|p2a: Pecharunt|0 fnt
|-unboost|p1a: Gholdengo|spa|1
|faint|p2a: Pecharunt
|
|upkeep
|inactive|Dubyaz13 has 90 seconds left.
|
|t:|1779941930
|switch|p2a: Walking Wake|Walking Wake|100/100
|turn|13
|
|t:|1779941934
|switch|p1a: Rillaboom|Rillaboom, F|52/100
|-damage|p1a: Rillaboom|40/100|[from] Stealth Rock
|-damage|p1a: Rillaboom|27/100|[from] Spikes
|-fieldstart|move: Grassy Terrain|[from] ability: Grassy Surge|[of] p1a: Rillaboom
|move|p2a: Walking Wake|Surf|p1a: Rillaboom
|-resisted|p1a: Rillaboom
|-damage|p1a: Rillaboom|13/100
|
|-heal|p1a: Rillaboom|20/100|[from] Grassy Terrain
|upkeep
|turn|14
|
|t:|1779941944
|-end|p2a: Walking Wake|Protosynthesis|[silent]
|switch|p2a: Dragonite|Dragonite, F|100/100
|move|p1a: Rillaboom|Grassy Glide|p2a: Dragonite
|-resisted|p2a: Dragonite
|-damage|p2a: Dragonite|96/100
|
|-heal|p1a: Rillaboom|26/100|[from] Grassy Terrain
|upkeep
|turn|15
|
|t:|1779941950
|switch|p1a: Gholdengo|Gholdengo, tera:Steel|25/100
|-damage|p1a: Gholdengo|19/100|[from] Stealth Rock
|-damage|p1a: Gholdengo|6/100|[from] Spikes
|move|p2a: Dragonite|Extreme Speed|p1a: Gholdengo
|-resisted|p1a: Gholdengo
|-damage|p1a: Gholdengo|0 fnt
|faint|p1a: Gholdengo
|
|upkeep
|
|t:|1779941973
|switch|p1a: Glimmora|Glimmora, F|54/100
|turn|16
|
|t:|1779941991
|switch|p2a: Samurott|Samurott-Hisui, F|99/100 par
|-damage|p2a: Samurott|88/100 par|[from] Stealth Rock
|move|p1a: Glimmora|Mortal Spin|p2a: Samurott
|-damage|p2a: Samurott|81/100 par
|-sideend|p1: glimpseman|Spikes|[from] move: Mortal Spin|[of] p1a: Glimmora
|-sideend|p1: glimpseman|Stealth Rock|[from] move: Mortal Spin|[of] p1a: Glimmora
|
|-heal|p1a: Glimmora|60/100|[from] Grassy Terrain
|-heal|p2a: Samurott|87/100 par|[from] Grassy Terrain
|upkeep
|turn|17
|
|t:|1779942011
|switch|p1a: Ting-Lu|Ting-Lu|100/100
|-ability|p1a: Ting-Lu|Vessel of Ruin
|move|p2a: Samurott|Ceaseless Edge|p1a: Ting-Lu
|-resisted|p1a: Ting-Lu
|-damage|p1a: Ting-Lu|90/100
|-sidestart|p1: glimpseman|Spikes
|
|-heal|p1a: Ting-Lu|96/100|[from] Grassy Terrain
|-heal|p1a: Ting-Lu|100/100|[from] item: Leftovers
|-heal|p2a: Samurott|93/100 par|[from] Grassy Terrain
|-fieldend|move: Grassy Terrain
|upkeep
|turn|18
|inactive|Dubyaz13 has 120 seconds left.
|
|t:|1779942024
|move|p1a: Ting-Lu|Stomping Tantrum|p2a: Samurott
|-damage|p2a: Samurott|46/100 par
|cant|p2a: Samurott|par
|
|upkeep
|turn|19
|
|t:|1779942027
|move|p1a: Ting-Lu|Stomping Tantrum|p2a: Samurott
|-damage|p2a: Samurott|4/100 par
|move|p2a: Samurott|Flip Turn|p1a: Ting-Lu
|-supereffective|p1a: Ting-Lu
|-damage|p1a: Ting-Lu|71/100
|
|t:|1779942035
|switch|p2a: Walking Wake|Walking Wake|100/100|[from] Flip Turn
|
|-heal|p1a: Ting-Lu|78/100|[from] item: Leftovers
|upkeep
|turn|20
|
|t:|1779942059
|switch|p1a: Rillaboom|Rillaboom, F|26/100
|-damage|p1a: Rillaboom|13/100|[from] Spikes
|-fieldstart|move: Grassy Terrain|[from] ability: Grassy Surge|[of] p1a: Rillaboom
|move|p2a: Walking Wake|Surf|p1a: Rillaboom
|-resisted|p1a: Rillaboom
|-damage|p1a: Rillaboom|0 fnt
|faint|p1a: Rillaboom
|
|upkeep
|
|t:|1779942063
|switch|p1a: Iron Valiant|Iron Valiant|100/100
|-damage|p1a: Iron Valiant|88/100|[from] Spikes
|-enditem|p1a: Iron Valiant|Booster Energy
|-activate|p1a: Iron Valiant|ability: Quark Drive|[fromitem]
|-start|p1a: Iron Valiant|quarkdrivespe
|turn|21
|
|t:|1779942075
|-terastallize|p2a: Walking Wake|Fairy
|move|p1a: Iron Valiant|Swords Dance|p1a: Iron Valiant
|-boost|p1a: Iron Valiant|atk|2
|move|p2a: Walking Wake|Surf|p1a: Iron Valiant
|-damage|p1a: Iron Valiant|7/100
|
|-heal|p1a: Iron Valiant|13/100|[from] Grassy Terrain
|upkeep
|turn|22
|
|t:|1779942080
|-end|p2a: Walking Wake|Protosynthesis|[silent]
|switch|p2a: Samurott|Samurott-Hisui, F|4/100 par
|-damage|p2a: Samurott|0 fnt|[from] Stealth Rock
|faint|p2a: Samurott
|move|p1a: Iron Valiant|Close Combat|p2: Samurott|[notarget]
|-fail|p1a: Iron Valiant
|
|-heal|p1a: Iron Valiant|19/100|[from] Grassy Terrain
|upkeep
|
|t:|1779942082
|switch|p2a: Dragonite|Dragonite, F|96/100
|turn|23
|
|t:|1779942085
|-end|p1a: Iron Valiant|Quark Drive|[silent]
|switch|p1a: Glimmora|Glimmora, F|60/100
|move|p2a: Dragonite|Extreme Speed|p1a: Glimmora
|-resisted|p1a: Glimmora
|-damage|p1a: Glimmora|50/100
|-activate|p1a: Glimmora|ability: Toxic Debris
|-sidestart|p2: Dubyaz13|move: Toxic Spikes
|
|-heal|p1a: Glimmora|56/100|[from] Grassy Terrain
|upkeep
|turn|24
|
|t:|1779942091
|switch|p2a: Ting-Lu|Ting-Lu|88/100 psn
|-damage|p2a: Ting-Lu|82/100 psn|[from] Stealth Rock
|-ability|p2a: Ting-Lu|Vessel of Ruin
|move|p1a: Glimmora|Mortal Spin|p2a: Ting-Lu
|-resisted|p2a: Ting-Lu
|-damage|p2a: Ting-Lu|80/100 psn
|-sideend|p1: glimpseman|Spikes|[from] move: Mortal Spin|[of] p1a: Glimmora
|
|-heal|p1a: Glimmora|63/100|[from] Grassy Terrain
|-heal|p2a: Ting-Lu|86/100 psn|[from] Grassy Terrain
|-heal|p2a: Ting-Lu|93/100 psn|[from] item: Leftovers
|-damage|p2a: Ting-Lu|80/100 psn|[from] psn
|-fieldend|move: Grassy Terrain
|upkeep
|turn|25
|
|t:|1779942094
|switch|p1a: Iron Valiant|Iron Valiant|19/100
|move|p2a: Ting-Lu|Earthquake|p1a: Iron Valiant
|-damage|p1a: Iron Valiant|0 fnt
|faint|p1a: Iron Valiant
|-end|p1a: Iron Valiant|Quark Drive|[silent]
|
|-heal|p2a: Ting-Lu|86/100 psn|[from] item: Leftovers
|-damage|p2a: Ting-Lu|74/100 psn|[from] psn
|upkeep
|
|t:|1779942097
|switch|p1a: Ting-Lu|Ting-Lu|78/100
|-ability|p1a: Ting-Lu|Vessel of Ruin
|turn|26
|
|t:|1779942105
|move|p2a: Ting-Lu|Stealth Rock|p1a: Ting-Lu
|-sidestart|p1: glimpseman|move: Stealth Rock
|move|p1a: Ting-Lu|Whirlwind|p2a: Ting-Lu
|drag|p2a: Dragonite|Dragonite, F|96/100
|
|-heal|p1a: Ting-Lu|84/100|[from] item: Leftovers
|upkeep
|turn|27
|
|t:|1779942110
|move|p2a: Dragonite|Low Kick|p1a: Ting-Lu
|-supereffective|p1a: Ting-Lu
|-damage|p1a: Ting-Lu|34/100
|move|p1a: Ting-Lu|Payback|p2a: Dragonite
|-damage|p2a: Dragonite|49/100
|
|-heal|p1a: Ting-Lu|40/100|[from] item: Leftovers
|upkeep
|turn|28
|
|t:|1779942113
|move|p2a: Dragonite|Low Kick|p1a: Ting-Lu
|-supereffective|p1a: Ting-Lu
|-damage|p1a: Ting-Lu|0 fnt
|faint|p1a: Ting-Lu
|
|upkeep
|
|t:|1779942117
|switch|p1a: Toxtricity|Toxtricity, M, shiny|100/100
|-damage|p1a: Toxtricity|88/100|[from] Stealth Rock
|turn|29
|
|t:|1779942122
|move|p1a: Toxtricity|Boomburst|p2a: Dragonite
|-damage|p2a: Dragonite|0 fnt
|faint|p2a: Dragonite
|-enditem|p1a: Toxtricity|Throat Spray
|-boost|p1a: Toxtricity|spa|1|[from] item: Throat Spray
|
|upkeep
|
|t:|1779942134
|switch|p2a: Ting-Lu|Ting-Lu|74/100 psn
|-damage|p2a: Ting-Lu|68/100 psn|[from] Stealth Rock
|-ability|p2a: Ting-Lu|Vessel of Ruin
|turn|30
|
|t:|1779942136
|move|p1a: Toxtricity|Substitute|p1a: Toxtricity
|-start|p1a: Toxtricity|Substitute
|-damage|p1a: Toxtricity|63/100
|move|p2a: Ting-Lu|Earthquake|p1a: Toxtricity
|-supereffective|p1a: Toxtricity
|-end|p1a: Toxtricity|Substitute
|
|-heal|p2a: Ting-Lu|74/100 psn|[from] item: Leftovers
|-damage|p2a: Ting-Lu|61/100 psn|[from] psn
|upkeep
|turn|31
|
|t:|1779942139
|move|p1a: Toxtricity|Substitute|p1a: Toxtricity
|-start|p1a: Toxtricity|Substitute
|-damage|p1a: Toxtricity|39/100
|move|p2a: Ting-Lu|Earthquake|p1a: Toxtricity
|-supereffective|p1a: Toxtricity
|-end|p1a: Toxtricity|Substitute
|
|-heal|p2a: Ting-Lu|68/100 psn|[from] item: Leftovers
|-damage|p2a: Ting-Lu|55/100 psn|[from] psn
|upkeep
|turn|32
|
|t:|1779942141
|move|p1a: Toxtricity|Boomburst|p2a: Ting-Lu
|-damage|p2a: Ting-Lu|19/100 psn
|move|p2a: Ting-Lu|Earthquake|p1a: Toxtricity
|-supereffective|p1a: Toxtricity
|-damage|p1a: Toxtricity|0 fnt
|faint|p1a: Toxtricity
|
|-heal|p2a: Ting-Lu|25/100 psn|[from] item: Leftovers
|-damage|p2a: Ting-Lu|12/100 psn|[from] psn
|upkeep
|
|t:|1779942146
|switch|p1a: Glimmora|Glimmora, F|63/100
|turn|33
|
|t:|1779942149
|move|p1a: Glimmora|Earth Power|p2a: Ting-Lu
|-damage|p2a: Ting-Lu|2/100 psn
|move|p2a: Ting-Lu|Earthquake|p1a: Glimmora
|-supereffective|p1a: Glimmora
|-damage|p1a: Glimmora|0 fnt
|-activate|p1a: Glimmora|ability: Toxic Debris
|-sidestart|p2: Dubyaz13|move: Toxic Spikes
|faint|p1a: Glimmora
|
|win|Dubyaz13
|raw|glimpseman's rating: 1616 &rarr; <strong>1590</strong><br />(-26 for losing)
|raw|Dubyaz13's rating: 1516 &rarr; <strong>1542</strong><br />(+26 for winning)
|l|☆glimpseman
|player|p1|
|j|☆glimpseman
|player|p1|glimpseman|#wcor2025canada|
|l|☆Dubyaz13
|player|p2|
|l|☆glimpseman
|player|p1|
|j|☆glimpseman
|player|p1|glimpseman|#wcor2025canada|
|l|☆glimpseman
|player|p1|
|j|☆glimpseman
|player|p1|glimpseman|#wcor2025canada|
|l|☆glimpseman
|player|p1|
