|j|☆Kakimori
|j|☆psygoat12
|t:|1779804764
|gametype|singles
|player|p1|Kakimori|266|1362
|player|p2|psygoat12|chuck|1338
|gen|9
|tier|[Gen 9] OU
|rated|
|rule|HP Percentage Mod: HP is shown in percentages
|rule|Endless Battle Clause: Forcing endless battles is banned
|rule|Species Clause: Limit one of each Pokémon
|rule|OHKO Clause: OHKO moves are banned
|rule|Evasion Items Clause: Evasion items are banned
|rule|Evasion Moves Clause: Evasion moves are banned
|rule|Evasion Abilities Clause: Evasion abilities are banned
|rule|Sleep Moves Clause: Sleep-inducing moves are banned
|clearpoke
|poke|p1|Samurott-Hisui, F|
|poke|p1|Gliscor, F|
|poke|p1|Pecharunt|
|poke|p1|Slowking-Galar, M|
|poke|p1|Zapdos|
|poke|p1|Meowscarada, F|
|poke|p2|Pelipper, M|
|poke|p2|Iron Treads|
|poke|p2|Zapdos|
|poke|p2|Kingdra, M|
|poke|p2|Kingambit, M|
|poke|p2|Hariyama, F|
|teampreview
|inactive|Battle timer is ON: inactive players will automatically lose when time's up. (requested by Kakimori)
|
|t:|1779804791
|teamsize|p1|6
|teamsize|p2|6
|start
|switch|p1a: 刺客|Samurott-Hisui, F|100/100
|switch|p2a: Hariyama|Hariyama, F|100/100
|turn|1
|
|t:|1779804801
|move|p1a: 刺客|Flip Turn|p2a: Hariyama
|-damage|p2a: Hariyama|72/100
|
|t:|1779804817
|switch|p1a: 雷烏|Zapdos, shiny|100/100|[from] Flip Turn
|move|p2a: Hariyama|Knock Off|p1a: 雷烏
|-damage|p1a: 雷烏|80/100
|-status|p2a: Hariyama|par|[from] ability: Static|[of] p1a: 雷烏
|-enditem|p1a: 雷烏|Heavy-Duty Boots|[from] move: Knock Off|[of] p2a: Hariyama
|
|upkeep
|turn|2
|
|t:|1779804827
|move|p1a: 雷烏|Volt Switch|p2a: Hariyama
|-damage|p2a: Hariyama|56/100 par
|inactive|Kakimori has 120 seconds left.
|
|t:|1779804843
|switch|p1a: 刺客|Samurott-Hisui, F|100/100|[from] Volt Switch
|cant|p2a: Hariyama|par
|
|upkeep
|turn|3
|inactive|Kakimori has 120 seconds left.
|
|t:|1779804854
|move|p1a: 刺客|Ceaseless Edge|p2a: Hariyama
|-resisted|p2a: Hariyama
|-damage|p2a: Hariyama|34/100 par
|-sidestart|p2: psygoat12|Spikes
|move|p2a: Hariyama|Drain Punch|p1a: 刺客
|-supereffective|p1a: 刺客
|-damage|p1a: 刺客|37/100
|-heal|p2a: Hariyama|59/100 par|[from] drain|[of] p1a: 刺客
|
|upkeep
|turn|4
|
|t:|1779804864
|move|p1a: 刺客|Ceaseless Edge|p2a: Hariyama
|-resisted|p2a: Hariyama
|-damage|p2a: Hariyama|38/100 par
|-sidestart|p2: psygoat12|Spikes
|cant|p2a: Hariyama|par
|
|upkeep
|turn|5
|
|t:|1779804870
|move|p1a: 刺客|Flip Turn|p2a: Hariyama
|-damage|p2a: Hariyama|12/100 par
|
|t:|1779804873
|switch|p1a: 雷烏|Zapdos, shiny|80/100|[from] Flip Turn
|move|p2a: Hariyama|Drain Punch|p1a: 雷烏
|-resisted|p1a: 雷烏
|-crit|p1a: 雷烏
|-damage|p1a: 雷烏|62/100
|-heal|p2a: Hariyama|19/100 par|[from] drain|[of] p1a: 雷烏
|
|upkeep
|turn|6
|
|t:|1779804888
|switch|p2a: Iron Treads|Iron Treads|100/100
|-damage|p2a: Iron Treads|84/100|[from] Spikes
|-enditem|p2a: Iron Treads|Booster Energy
|-activate|p2a: Iron Treads|ability: Quark Drive|[fromitem]
|-start|p2a: Iron Treads|quarkdrivespe
|move|p1a: 雷烏|Volt Switch|p2a: Iron Treads
|-immune|p2a: Iron Treads
|
|upkeep
|turn|7
|
|t:|1779804907
|move|p2a: Iron Treads|Stealth Rock|p1a: 雷烏
|-sidestart|p1: Kakimori|move: Stealth Rock
|move|p1a: 雷烏|Heat Wave|p2a: Iron Treads
|-supereffective|p2a: Iron Treads
|-damage|p2a: Iron Treads|22/100
|
|upkeep
|turn|8
|
|t:|1779804921
|switch|p1a: 毒殺者|Pecharunt|100/100
|-damage|p1a: 毒殺者|88/100|[from] Stealth Rock
|move|p2a: Iron Treads|Rapid Spin|p1a: 毒殺者
|-immune|p1a: 毒殺者
|
|-heal|p1a: 毒殺者|94/100|[from] item: Leftovers
|upkeep
|turn|9
|
|t:|1779804930
|-end|p2a: Iron Treads|Quark Drive|[silent]
|switch|p2a: Hariyama|Hariyama, F|19/100 par
|-damage|p2a: Hariyama|2/100 par|[from] Spikes
|move|p1a: 毒殺者|Shadow Ball|p2a: Hariyama
|-damage|p2a: Hariyama|0 fnt
|faint|p2a: Hariyama
|
|-heal|p1a: 毒殺者|99/100|[from] item: Leftovers
|upkeep
|
|t:|1779804936
|switch|p2a: Pelipper|Pelipper, M|100/100
|-weather|RainDance|[from] ability: Drizzle|[of] p2a: Pelipper
|turn|10
|
|t:|1779804951
|move|p1a: 毒殺者|Malignant Chain|p2a: Pelipper
|-damage|p2a: Pelipper|54/100
|-status|p2a: Pelipper|tox
|-start|p2a: Pelipper|confusion|[from] ability: Poison Puppeteer|[of] p1a: 毒殺者
|-activate|p2a: Pelipper|confusion
|move|p2a: Pelipper|U-turn|p1a: 毒殺者
|-resisted|p1a: 毒殺者
|-damage|p1a: 毒殺者|99/100
|
|t:|1779804962
|switch|p2a: Zapdos|Zapdos|100/100|[from] U-turn
|
|-weather|RainDance|[upkeep]
|-heal|p1a: 毒殺者|100/100|[from] item: Leftovers
|upkeep
|turn|11
|
|t:|1779804976
|move|p2a: Zapdos|Hurricane|p1a: 毒殺者
|-damage|p1a: 毒殺者|15/100
|-start|p1a: 毒殺者|confusion
|-activate|p1a: 毒殺者|confusion
|move|p1a: 毒殺者|Parting Shot|p2a: Zapdos
|-unboost|p2a: Zapdos|atk|1
|-unboost|p2a: Zapdos|spa|1
|
|t:|1779804984
|switch|p1a: そこら辺のカニ|Gliscor, F|100/100|[from] Parting Shot
|-damage|p1a: そこら辺のカニ|88/100|[from] Stealth Rock
|
|-weather|RainDance|[upkeep]
|-status|p1a: そこら辺のカニ|tox|[from] item: Toxic Orb
|upkeep
|turn|12
|
|t:|1779805000
|switch|p2a: Iron Treads|Iron Treads|22/100
|-damage|p2a: Iron Treads|6/100|[from] Spikes
|move|p1a: そこら辺のカニ|Stealth Rock|p2a: Iron Treads
|-sidestart|p2: psygoat12|move: Stealth Rock
|
|-weather|RainDance|[upkeep]
|-heal|p1a: そこら辺のカニ|100/100 tox|[from] ability: Poison Heal
|upkeep
|turn|13
|
|t:|1779805008
|move|p2a: Iron Treads|Rapid Spin|p1a: そこら辺のカニ
|-crit|p1a: そこら辺のカニ
|-damage|p1a: そこら辺のカニ|89/100 tox
|-boost|p2a: Iron Treads|spe|1
|-sideend|p2: psygoat12|Spikes|[from] move: Rapid Spin|[of] p2a: Iron Treads
|-sideend|p2: psygoat12|Stealth Rock|[from] move: Rapid Spin|[of] p2a: Iron Treads
|move|p1a: そこら辺のカニ|Earthquake|p2a: Iron Treads
|-supereffective|p2a: Iron Treads
|-damage|p2a: Iron Treads|0 fnt
|faint|p2a: Iron Treads
|-end|p2a: Iron Treads|Quark Drive|[silent]
|
|-weather|RainDance|[upkeep]
|-heal|p1a: そこら辺のカニ|100/100 tox|[from] ability: Poison Heal
|upkeep
|
|t:|1779805023
|switch|p2a: Zapdos|Zapdos|100/100
|turn|14
|
|t:|1779805032
|move|p1a: そこら辺のカニ|Protect|p1a: そこら辺のカニ
|-singleturn|p1a: そこら辺のカニ|Protect
|move|p2a: Zapdos|Weather Ball|p1a: そこら辺のカニ
|-activate|p1a: そこら辺のカニ|move: Protect
|
|-weather|RainDance|[upkeep]
|upkeep
|turn|15
|
|t:|1779805043
|move|p2a: Zapdos|Weather Ball|p1a: そこら辺のカニ
|-supereffective|p1a: そこら辺のカニ
|-damage|p1a: そこら辺のカニ|0 fnt
|faint|p1a: そこら辺のカニ
|
|-weather|RainDance|[upkeep]
|upkeep
|
|t:|1779805054
|switch|p1a: 刺客|Samurott-Hisui, F|37/100
|-damage|p1a: 刺客|25/100|[from] Stealth Rock
|turn|16
|
|t:|1779805058
|move|p2a: Zapdos|Weather Ball|p1a: 刺客
|-resisted|p1a: 刺客
|-damage|p1a: 刺客|0 fnt
|faint|p1a: 刺客
|
|-weather|RainDance|[upkeep]
|upkeep
|-message|Kakimori forfeited.
|
|win|psygoat12
|raw|Kakimori's rating: 1362 &rarr; <strong>1341</strong><br />(-21 for losing)
|raw|psygoat12's rating: 1338 &rarr; <strong>1359</strong><br />(+21 for winning)
|l|☆psygoat12
|player|p2|
