|j|☆4axes
|j|☆Davy12345
|t:|1779947975
|gametype|singles
|player|p1|4axes|workerice|1501
|player|p2|Davy12345|drayden|1542
|gen|9
|tier|[Gen 9] OU
|rated|
|rule|HP Percentage Mod: HP is shown in percentages
|rule|Endless Battle Clause: Forcing endless battles is banned
|rule|Species Clause: Limit one of each Pokémon
|rule|OHKO Clause: OHKO moves are banned
|rule|Evasion Items Clause: Evasion items are banned
|rule|Evasion Moves Clause: Evasion moves are banned
|rule|Evasion Abilities Clause: Evasion abilities are banned
|rule|Sleep Moves Clause: Sleep-inducing moves are banned
|clearpoke
|poke|p1|Zamazenta-*|
|poke|p1|Sinistcha|
|poke|p1|Gliscor, M|
|poke|p1|Corviknight, F|
|poke|p1|Kingambit, F|
|poke|p1|Iron Moth|
|poke|p2|Sandy Shocks|
|poke|p2|Ogerpon, F|
|poke|p2|Latios, M|
|poke|p2|Scizor, M|
|poke|p2|Manaphy|
|poke|p2|Iron Jugulis|
|teampreview
|inactive|Battle timer is ON: inactive players will automatically lose when time's up. (requested by 4axes)
|inactive|Davy12345 also wants the timer to be on.
|
|t:|1779947992
|teamsize|p1|6
|teamsize|p2|6
|start
|switch|p1a: Gliscor|Gliscor, M|100/100
|switch|p2a: Sandy Shocks|Sandy Shocks|100/100
|-enditem|p2a: Sandy Shocks|Booster Energy
|-activate|p2a: Sandy Shocks|ability: Protosynthesis|[fromitem]
|-start|p2a: Sandy Shocks|protosynthesisspe
|turn|1
|j| testingrainteam1
|
|t:|1779948002
|move|p2a: Sandy Shocks|Stealth Rock|p1a: Gliscor
|-sidestart|p1: 4axes|move: Stealth Rock
|move|p1a: Gliscor|Spikes|p2a: Sandy Shocks
|-sidestart|p2: Davy12345|Spikes
|
|-status|p1a: Gliscor|tox|[from] item: Toxic Orb
|upkeep
|turn|2
|
|t:|1779948006
|move|p2a: Sandy Shocks|Spikes|p1a: Gliscor
|-sidestart|p1: 4axes|Spikes
|move|p1a: Gliscor|Spikes|p2a: Sandy Shocks
|-sidestart|p2: Davy12345|Spikes
|
|upkeep
|turn|3
|
|t:|1779948018
|move|p2a: Sandy Shocks|Spikes|p1a: Gliscor
|-sidestart|p1: 4axes|Spikes
|move|p1a: Gliscor|Spikes|p2a: Sandy Shocks
|-sidestart|p2: Davy12345|Spikes
|
|upkeep
|turn|4
|
|t:|1779948022
|move|p2a: Sandy Shocks|Spikes|p1a: Gliscor
|-sidestart|p1: 4axes|Spikes
|move|p1a: Gliscor|Knock Off|p2a: Sandy Shocks
|-damage|p2a: Sandy Shocks|85/100
|
|upkeep
|turn|5
|
|t:|1779948030
|-end|p2a: Sandy Shocks|Protosynthesis|[silent]
|switch|p2a: Iron Jugulis|Iron Jugulis|100/100
|-enditem|p2a: Iron Jugulis|Booster Energy
|-activate|p2a: Iron Jugulis|ability: Quark Drive|[fromitem]
|-start|p2a: Iron Jugulis|quarkdrivespe
|move|p1a: Gliscor|Earthquake|p2a: Iron Jugulis
|-immune|p2a: Iron Jugulis
|
|upkeep
|turn|6
|l| testingrainteam1
|
|t:|1779948045
|switch|p1a: Kingambit|Kingambit, F|100/100
|-damage|p1a: Kingambit|94/100|[from] Stealth Rock
|-damage|p1a: Kingambit|69/100|[from] Spikes
|move|p2a: Iron Jugulis|Hurricane|p1a: Kingambit
|-resisted|p1a: Kingambit
|-damage|p1a: Kingambit|36/100
|-start|p1a: Kingambit|confusion
|
|-heal|p1a: Kingambit|42/100|[from] item: Leftovers
|upkeep
|turn|7
|
|t:|1779948053
|move|p2a: Iron Jugulis|Earth Power|p1a: Kingambit
|-supereffective|p1a: Kingambit
|-damage|p1a: Kingambit|0 fnt
|faint|p1a: Kingambit
|-end|p1a: Kingambit|fallenundefined|[silent]
|
|upkeep
|
|t:|1779948057
|switch|p1a: Iron Moth|Iron Moth|100/100
|turn|8
|j| testingrainteam1
|
|t:|1779948061
|move|p2a: Iron Jugulis|Earth Power|p1a: Iron Moth
|-supereffective|p1a: Iron Moth
|-damage|p1a: Iron Moth|9/100
|move|p1a: Iron Moth|Toxic|p2a: Iron Jugulis
|-status|p2a: Iron Jugulis|tox
|
|-damage|p2a: Iron Jugulis|94/100 tox|[from] psn
|upkeep
|turn|9
|inactive|Davy12345 has 120 seconds left.
|
|t:|1779948106
|-end|p1a: Iron Moth|Quark Drive|[silent]
|switch|p1a: Gliscor|Gliscor, M|100/100 tox
|-damage|p1a: Gliscor|88/100 tox|[from] Stealth Rock
|move|p2a: Iron Jugulis|Dark Pulse|p1a: Gliscor
|-damage|p1a: Gliscor|53/100 tox
|
|-damage|p2a: Iron Jugulis|82/100 tox|[from] psn
|-heal|p1a: Gliscor|66/100 tox|[from] ability: Poison Heal
|upkeep
|turn|10
|
|t:|1779948111
|move|p1a: Gliscor|Protect|p1a: Gliscor
|-singleturn|p1a: Gliscor|Protect
|move|p2a: Iron Jugulis|Taunt|p1a: Gliscor
|-activate|p1a: Gliscor|move: Protect
|
|-damage|p2a: Iron Jugulis|64/100 tox|[from] psn
|-heal|p1a: Gliscor|78/100 tox|[from] ability: Poison Heal
|upkeep
|turn|11
|
|t:|1779948120
|switch|p1a: Corviknight|Corviknight, F|100/100
|-damage|p1a: Corviknight|88/100|[from] Stealth Rock
|-ability|p1a: Corviknight|Pressure
|move|p2a: Iron Jugulis|Hurricane|p1a: Corviknight
|-resisted|p1a: Corviknight
|-damage|p1a: Corviknight|70/100
|
|-heal|p1a: Corviknight|77/100|[from] item: Leftovers
|-damage|p2a: Iron Jugulis|40/100 tox|[from] psn
|upkeep
|turn|12
|
|t:|1779948129
|move|p2a: Iron Jugulis|Taunt|p1a: Corviknight
|-start|p1a: Corviknight|move: Taunt
|cant|p1a: Corviknight|move: Taunt|Roost
|
|-heal|p1a: Corviknight|83/100|[from] item: Leftovers
|-damage|p2a: Iron Jugulis|9/100 tox|[from] psn
|upkeep
|turn|13
|
|t:|1779948143
|move|p2a: Iron Jugulis|Dark Pulse|p1a: Corviknight
|-crit|p1a: Corviknight
|-damage|p1a: Corviknight|38/100
|move|p1a: Corviknight|Iron Head|p2a: Iron Jugulis
|-damage|p2a: Iron Jugulis|0 fnt
|faint|p2a: Iron Jugulis
|-end|p2a: Iron Jugulis|Quark Drive|[silent]
|
|-heal|p1a: Corviknight|44/100|[from] item: Leftovers
|upkeep
|inactive|Davy12345 has 120 seconds left.
|
|t:|1779948166
|switch|p2a: Latios|Latios, M|100/100
|turn|14
|
|t:|1779948172
|switch|p1a: Iron Moth|Iron Moth|9/100
|move|p2a: Latios|Calm Mind|p2a: Latios
|-boost|p2a: Latios|spa|1
|-boost|p2a: Latios|spd|1
|
|upkeep
|turn|15
|l| testingrainteam1
|
|t:|1779948176
|move|p1a: Iron Moth|Toxic|p2a: Latios
|-status|p2a: Latios|tox
|move|p2a: Latios|Agility|p2a: Latios
|-boost|p2a: Latios|spe|2
|
|-damage|p2a: Latios|94/100 tox|[from] psn
|upkeep
|turn|16
|
|t:|1779948186
|move|p2a: Latios|Stored Power|p1a: Iron Moth
|-supereffective|p1a: Iron Moth
|-damage|p1a: Iron Moth|0 fnt
|faint|p1a: Iron Moth
|-end|p1a: Iron Moth|Quark Drive|[silent]
|
|-damage|p2a: Latios|82/100 tox|[from] psn
|upkeep
|
|t:|1779948189
|switch|p1a: Corviknight|Corviknight, F|44/100
|-damage|p1a: Corviknight|32/100|[from] Stealth Rock
|-ability|p1a: Corviknight|Pressure
|turn|17
|
|t:|1779948194
|move|p2a: Latios|Aura Sphere|p1a: Corviknight
|-damage|p1a: Corviknight|5/100
|move|p1a: Corviknight|Roost|p1a: Corviknight
|-heal|p1a: Corviknight|55/100
|-singleturn|p1a: Corviknight|move: Roost
|
|-heal|p1a: Corviknight|61/100|[from] item: Leftovers
|-damage|p2a: Latios|64/100 tox|[from] psn
|upkeep
|turn|18
|
|t:|1779948203
|move|p2a: Latios|Calm Mind|p2a: Latios
|-boost|p2a: Latios|spa|1
|-boost|p2a: Latios|spd|1
|move|p1a: Corviknight|Roost|p1a: Corviknight
|-heal|p1a: Corviknight|100/100
|-singleturn|p1a: Corviknight|move: Roost
|
|-damage|p2a: Latios|40/100 tox|[from] psn
|upkeep
|turn|19
|
|t:|1779948210
|move|p2a: Latios|Aura Sphere|p1a: Corviknight
|-damage|p1a: Corviknight|67/100
|move|p1a: Corviknight|Iron Head|p2a: Latios
|-damage|p2a: Latios|18/100 tox
|
|-heal|p1a: Corviknight|73/100|[from] item: Leftovers
|-damage|p2a: Latios|0 fnt|[from] psn
|faint|p2a: Latios
|upkeep
|
|t:|1779948219
|switch|p2a: Scizor|Scizor, M|100/100
|-damage|p2a: Scizor|76/100|[from] Spikes
|turn|20
|
|t:|1779948225
|switch|p1a: Gliscor|Gliscor, M|78/100 tox
|-damage|p1a: Gliscor|66/100 tox|[from] Stealth Rock
|move|p2a: Scizor|Swords Dance|p2a: Scizor
|-boost|p2a: Scizor|atk|2
|
|-heal|p1a: Gliscor|78/100 tox|[from] ability: Poison Heal
|upkeep
|turn|21
|
|t:|1779948237
|move|p2a: Scizor|Bullet Punch|p1a: Gliscor
|-damage|p1a: Gliscor|24/100 tox
|move|p1a: Gliscor|Earthquake|p2a: Scizor
|-damage|p2a: Scizor|42/100
|-enditem|p2a: Scizor|Sitrus Berry|[eat]
|-heal|p2a: Scizor|67/100|[from] item: Sitrus Berry
|
|-heal|p1a: Gliscor|37/100 tox|[from] ability: Poison Heal
|upkeep
|turn|22
|
|t:|1779948245
|move|p1a: Gliscor|Earthquake|p2a: Scizor
|-damage|p2a: Scizor|32/100
|move|p2a: Scizor|Swords Dance|p2a: Scizor
|-boost|p2a: Scizor|atk|2
|
|-heal|p1a: Gliscor|49/100 tox|[from] ability: Poison Heal
|upkeep
|turn|23
|
|t:|1779948250
|move|p2a: Scizor|Bullet Punch|p1a: Gliscor
|-damage|p1a: Gliscor|0 fnt
|faint|p1a: Gliscor
|
|upkeep
|
|t:|1779948253
|switch|p1a: Zamazenta|Zamazenta|100/100
|-ability|p1a: Zamazenta|Dauntless Shield|boost
|-boost|p1a: Zamazenta|def|1
|turn|24
|
|t:|1779948259
|move|p2a: Scizor|Bullet Punch|p1a: Zamazenta
|-damage|p1a: Zamazenta|36/100
|move|p1a: Zamazenta|Close Combat|p2a: Scizor
|-damage|p2a: Scizor|0 fnt
|-unboost|p1a: Zamazenta|def|1
|-unboost|p1a: Zamazenta|spd|1
|faint|p2a: Scizor
|
|upkeep
|
|t:|1779948273
|switch|p2a: Sandy Shocks|Sandy Shocks|85/100
|-damage|p2a: Sandy Shocks|61/100|[from] Spikes
|turn|25
|
|t:|1779948281
|move|p1a: Zamazenta|Close Combat|p2a: Sandy Shocks
|-damage|p2a: Sandy Shocks|0 fnt
|-unboost|p1a: Zamazenta|def|1
|-unboost|p1a: Zamazenta|spd|1
|faint|p2a: Sandy Shocks
|-end|p2a: Sandy Shocks|Protosynthesis|[silent]
|
|upkeep
|
|t:|1779948294
|switch|p2a: Ogerpon|Ogerpon, F|100/100
|-damage|p2a: Ogerpon|76/100|[from] Spikes
|turn|26
|
|t:|1779948308
|switch|p1a: Sinistcha|Sinistcha|100/100
|-terastallize|p2a: Ogerpon|Grass
|detailschange|p2a: Ogerpon|Ogerpon-Teal-Tera, F, tera:Grass
|-ability|p2a: Ogerpon|Embody Aspect (Teal)|boost
|-boost|p2a: Ogerpon|spe|1
|move|p2a: Ogerpon|Ivy Cudgel|p1a: Sinistcha
|-resisted|p1a: Sinistcha
|-damage|p1a: Sinistcha|78/100
|
|upkeep
|turn|27
|
|t:|1779948320
|move|p2a: Ogerpon|Rock Tomb|p1a: Sinistcha
|-damage|p1a: Sinistcha|64/100
|-unboost|p1a: Sinistcha|spe|1
|move|p1a: Sinistcha|Matcha Gotcha|p2a: Ogerpon
|-resisted|p2a: Ogerpon
|-damage|p2a: Ogerpon|56/100
|-heal|p1a: Sinistcha|73/100|[from] drain|[of] p2a: Ogerpon
|
|upkeep
|turn|28
|
|t:|1779948333
|move|p2a: Ogerpon|Ivy Cudgel|p1a: Sinistcha
|-resisted|p1a: Sinistcha
|-damage|p1a: Sinistcha|50/100
|move|p1a: Sinistcha|Strength Sap|p2a: Ogerpon
|-unboost|p2a: Ogerpon|atk|1
|-heal|p1a: Sinistcha|100/100
|
|upkeep
|turn|29
|
|t:|1779948340
|move|p2a: Ogerpon|Encore|p1a: Sinistcha
|-start|p1a: Sinistcha|Encore
|move|p1a: Sinistcha|Strength Sap|p2a: Ogerpon
|-unboost|p2a: Ogerpon|atk|1
|
|upkeep
|turn|30
|
|t:|1779948343
|switch|p2a: Manaphy|Manaphy|100/100
|-damage|p2a: Manaphy|76/100|[from] Spikes
|switch|p1a: Corviknight|Corviknight, F|73/100
|-damage|p1a: Corviknight|60/100|[from] Stealth Rock
|-ability|p1a: Corviknight|Pressure
|
|-heal|p1a: Corviknight|67/100|[from] item: Leftovers
|upkeep
|turn|31
|
|t:|1779948349
|switch|p1a: Zamazenta|Zamazenta|36/100
|move|p2a: Manaphy|Tail Glow|p2a: Manaphy
|-boost|p2a: Manaphy|spa|3
|
|upkeep
|turn|32
|
|t:|1779948353
|move|p1a: Zamazenta|Close Combat|p2a: Manaphy
|-damage|p2a: Manaphy|21/100
|-unboost|p1a: Zamazenta|def|1
|-unboost|p1a: Zamazenta|spd|1
|-enditem|p2a: Manaphy|Sitrus Berry|[eat]
|-heal|p2a: Manaphy|46/100|[from] item: Sitrus Berry
|move|p2a: Manaphy|Surf|p1a: Zamazenta
|-damage|p1a: Zamazenta|0 fnt
|faint|p1a: Zamazenta
|
|upkeep
|
|t:|1779948360
|switch|p1a: Sinistcha|Sinistcha|100/100
|turn|33
|
|t:|1779948366
|-terastallize|p1a: Sinistcha|Fire
|move|p2a: Manaphy|Ice Beam|p1a: Sinistcha
|-resisted|p1a: Sinistcha
|-damage|p1a: Sinistcha|63/100
|move|p1a: Sinistcha|Matcha Gotcha|p2a: Manaphy
|-supereffective|p2a: Manaphy
|-damage|p2a: Manaphy|0 fnt
|-heal|p1a: Sinistcha|86/100|[from] drain|[of] p2a: Manaphy
|faint|p2a: Manaphy
|
|upkeep
|
|t:|1779948369
|switch|p2a: Ogerpon|Ogerpon-Teal-Tera, F, tera:Grass|56/100
|-damage|p2a: Ogerpon|31/100|[from] Spikes
|-ability|p2a: Ogerpon|Embody Aspect (Teal)|boost
|-boost|p2a: Ogerpon|spe|1
|turn|34
|
|t:|1779948375
|move|p2a: Ogerpon|Rock Tomb|p1a: Sinistcha
|-supereffective|p1a: Sinistcha
|-damage|p1a: Sinistcha|61/100
|-unboost|p1a: Sinistcha|spe|1
|move|p1a: Sinistcha|Foul Play|p2a: Ogerpon
|-damage|p2a: Ogerpon|0 fnt
|faint|p2a: Ogerpon
|detailschange|p2: Ogerpon|Ogerpon, F|[silent]
|
|win|4axes
|raw|4axes's rating: 1482 &rarr; <strong>1505</strong><br />(+23 for winning)
|raw|Davy12345's rating: 1542 &rarr; <strong>1519</strong><br />(-23 for losing)
|l|☆4axes
|player|p1|
|l|☆Davy12345
|player|p2|
