|j|☆l4baka
|j|☆Team Raging Fire
|t:|1779895572
|gametype|singles
|player|p1|l4baka|266|1269
|player|p2|Team Raging Fire|colress|1263
|gen|9
|tier|[Gen 9] OU
|rated|
|rule|HP Percentage Mod: HP is shown in percentages
|rule|Endless Battle Clause: Forcing endless battles is banned
|rule|Species Clause: Limit one of each Pokémon
|rule|OHKO Clause: OHKO moves are banned
|rule|Evasion Items Clause: Evasion items are banned
|rule|Evasion Moves Clause: Evasion moves are banned
|rule|Evasion Abilities Clause: Evasion abilities are banned
|rule|Sleep Moves Clause: Sleep-inducing moves are banned
|clearpoke
|poke|p1|Pelipper, F|
|poke|p1|Heatran, F|
|poke|p1|Kingdra, M|
|poke|p1|Basculegion, M|
|poke|p1|Iron Treads|
|poke|p1|Kilowattrel, M|
|poke|p2|Hitmontop, M|
|poke|p2|Sinistcha-Masterpiece|
|poke|p2|Gliscor, F|
|poke|p2|Rotom-Heat|
|poke|p2|Greninja-*, M|
|poke|p2|Pecharunt|
|teampreview
|c|☆Team Raging Fire|glhf
|
|t:|1779895589
|teamsize|p1|6
|teamsize|p2|6
|start
|switch|p1a: Pelipper|Pelipper, F, shiny|100/100
|switch|p2a: Rotom|Rotom-Heat|100/100
|-weather|RainDance|[from] ability: Drizzle|[of] p1a: Pelipper
|turn|1
|inactive|Battle timer is ON: inactive players will automatically lose when time's up. (requested by l4baka)
|
|t:|1779895604
|switch|p1a: Kilowattrel|Kilowattrel, M|100/100
|move|p2a: Rotom|Trick|p1a: Kilowattrel
|-activate|p2a: Rotom|move: Trick|[of] p1a: Kilowattrel
|-item|p1a: Kilowattrel|Choice Scarf|[from] move: Trick
|-item|p2a: Rotom|Choice Specs|[from] move: Trick
|
|-weather|RainDance|[upkeep]
|upkeep
|turn|2
|
|t:|1779895622
|switch|p1a: Kingdra|Kingdra, M|100/100
|move|p2a: Rotom|Will-O-Wisp|p1a: Kingdra
|-status|p1a: Kingdra|brn
|
|-weather|RainDance|[upkeep]
|-damage|p1a: Kingdra|94/100 brn|[from] brn
|upkeep
|turn|3
|
|t:|1779895632
|switch|p2a: Hitmontop|Hitmontop, M|100/100
|move|p1a: Kingdra|Hydro Pump|p2a: Hitmontop
|-damage|p2a: Hitmontop|0 fnt
|faint|p2a: Hitmontop
|-damage|p1a: Kingdra|84/100 brn|[from] item: Life Orb
|
|-weather|RainDance|[upkeep]
|-damage|p1a: Kingdra|78/100 brn|[from] brn
|upkeep
|
|t:|1779895636
|switch|p2a: Sinistcha|Sinistcha-Masterpiece, shiny|100/100
|turn|4
|
|t:|1779895645
|move|p1a: Kingdra|Ice Beam|p2a: Sinistcha
|-supereffective|p2a: Sinistcha
|-damage|p2a: Sinistcha|16/100
|-damage|p1a: Kingdra|68/100 brn|[from] item: Life Orb
|move|p2a: Sinistcha|Calm Mind|p2a: Sinistcha
|-boost|p2a: Sinistcha|spa|1
|-boost|p2a: Sinistcha|spd|1
|
|-weather|RainDance|[upkeep]
|-heal|p2a: Sinistcha|22/100|[from] item: Leftovers
|-damage|p1a: Kingdra|62/100 brn|[from] brn
|upkeep
|turn|5
|
|t:|1779895657
|-terastallize|p2a: Sinistcha|Water
|move|p1a: Kingdra|Ice Beam|p2a: Sinistcha
|-resisted|p2a: Sinistcha
|-damage|p2a: Sinistcha|8/100
|-damage|p1a: Kingdra|52/100 brn|[from] item: Life Orb
|move|p2a: Sinistcha|Matcha Gotcha|p1a: Kingdra
|-damage|p1a: Kingdra|0 fnt
|-heal|p2a: Sinistcha|29/100|[from] drain|[of] p1a: Kingdra
|faint|p1a: Kingdra
|
|-weather|RainDance|[upkeep]
|-heal|p2a: Sinistcha|35/100|[from] item: Leftovers
|upkeep
|
|t:|1779895665
|switch|p1a: Basculegion|Basculegion, M|100/100
|turn|6
|
|t:|1779895674
|move|p1a: Basculegion|Phantom Force||[still]
|-prepare|p1a: Basculegion|Phantom Force
|move|p2a: Sinistcha|Matcha Gotcha|p1a: Basculegion|[miss]
|-miss|p2a: Sinistcha|p1a: Basculegion
|
|-weather|RainDance|[upkeep]
|-heal|p2a: Sinistcha|42/100|[from] item: Leftovers
|upkeep
|turn|7
|
|t:|1779895682
|move|p1a: Basculegion|Phantom Force|p2a: Sinistcha|[from] lockedmove
|-damage|p2a: Sinistcha|0 fnt
|faint|p2a: Sinistcha
|-damage|p1a: Basculegion|91/100|[from] item: Life Orb
|
|-weather|RainDance|[upkeep]
|upkeep
|
|t:|1779895690
|switch|p2a: Pecharunt|Pecharunt|100/100
|turn|8
|
|t:|1779895696
|move|p1a: Basculegion|Phantom Force||[still]
|-prepare|p1a: Basculegion|Phantom Force
|move|p2a: Pecharunt|Nasty Plot|p2a: Pecharunt
|-boost|p2a: Pecharunt|spa|2
|
|-weather|none
|upkeep
|turn|9
|
|t:|1779895702
|move|p1a: Basculegion|Phantom Force|p2a: Pecharunt|[from] lockedmove
|-supereffective|p2a: Pecharunt
|-crit|p2a: Pecharunt
|-damage|p2a: Pecharunt|16/100
|-damage|p1a: Basculegion|81/100|[from] item: Life Orb
|move|p2a: Pecharunt|Recover|p2a: Pecharunt
|-heal|p2a: Pecharunt|66/100
|
|-heal|p2a: Pecharunt|72/100|[from] item: Black Sludge
|upkeep
|turn|10
|
|t:|1779895719
|switch|p1a: Heatran|Heatran, F|100/100
|move|p2a: Pecharunt|Hex|p1a: Heatran
|-damage|p1a: Heatran|66/100
|
|-heal|p2a: Pecharunt|78/100|[from] item: Black Sludge
|-heal|p1a: Heatran|73/100|[from] item: Leftovers
|upkeep
|turn|11
|
|t:|1779895736
|switch|p2a: Gliscor|Gliscor, F|100/100
|move|p1a: Heatran|Stealth Rock|p2a: Gliscor
|-sidestart|p2: Team Raging Fire|move: Stealth Rock
|
|-heal|p1a: Heatran|79/100|[from] item: Leftovers
|-status|p2a: Gliscor|tox|[from] item: Toxic Orb
|upkeep
|turn|12
|
|t:|1779895745
|switch|p1a: Pelipper|Pelipper, F, shiny|100/100
|-weather|RainDance|[from] ability: Drizzle|[of] p1a: Pelipper
|move|p2a: Gliscor|Fling|p1a: Pelipper
|-damage|p1a: Pelipper|94/100
|-status|p1a: Pelipper|tox
|-enditem|p2a: Gliscor|Toxic Orb|[from] move: Fling
|
|-weather|RainDance|[upkeep]
|-damage|p1a: Pelipper|88/100 tox|[from] psn
|upkeep
|turn|13
|
|t:|1779895756
|switch|p2a: Pecharunt|Pecharunt|78/100
|-damage|p2a: Pecharunt|66/100|[from] Stealth Rock
|move|p1a: Pelipper|U-turn|p2a: Pecharunt
|-resisted|p2a: Pecharunt
|-damage|p2a: Pecharunt|65/100
|
|t:|1779895764
|switch|p1a: Basculegion|Basculegion, M|81/100|[from] U-turn
|
|-weather|RainDance|[upkeep]
|-heal|p2a: Pecharunt|71/100|[from] item: Black Sludge
|upkeep
|turn|14
|
|t:|1779895771
|-terastallize|p1a: Basculegion|Water
|move|p1a: Basculegion|Wave Crash|p2a: Pecharunt
|-damage|p2a: Pecharunt|3/100
|-damage|p1a: Basculegion|58/100|[from] Recoil
|-damage|p1a: Basculegion|48/100|[from] item: Life Orb
|move|p2a: Pecharunt|Recover|p2a: Pecharunt
|-heal|p2a: Pecharunt|53/100
|
|-weather|RainDance|[upkeep]
|-heal|p2a: Pecharunt|59/100|[from] item: Black Sludge
|upkeep
|turn|15
|
|t:|1779895783
|move|p1a: Basculegion|Wave Crash|p2a: Pecharunt
|-damage|p2a: Pecharunt|0 fnt
|faint|p2a: Pecharunt
|-damage|p1a: Basculegion|29/100|[from] Recoil
|-damage|p1a: Basculegion|19/100|[from] item: Life Orb
|
|-weather|RainDance|[upkeep]
|upkeep
|
|t:|1779895790
|switch|p2a: Rotom|Rotom-Heat|100/100
|-damage|p2a: Rotom|76/100|[from] Stealth Rock
|turn|16
|c|☆Team Raging Fire|gg
|
|t:|1779895799
|move|p1a: Basculegion|Aqua Jet|p2a: Rotom
|-supereffective|p2a: Rotom
|-damage|p2a: Rotom|0 fnt
|faint|p2a: Rotom
|-damage|p1a: Basculegion|9/100|[from] item: Life Orb
|
|-weather|RainDance|[upkeep]
|upkeep
|
|t:|1779895806
|switch|p2a: Greninja|Greninja, M|100/100
|-damage|p2a: Greninja|88/100|[from] Stealth Rock
|turn|17
|
|t:|1779895809
|move|p1a: Basculegion|Wave Crash|p2a: Greninja
|-resisted|p2a: Greninja
|-crit|p2a: Greninja
|-damage|p2a: Greninja|0 fnt
|faint|p2a: Greninja
|-damage|p1a: Basculegion|0 fnt|[from] Recoil
|faint|p1a: Basculegion
|
|-weather|RainDance|[upkeep]
|upkeep
|
|t:|1779895821
|switch|p2a: Gliscor|Gliscor, F|100/100 tox
|switch|p1a: Kilowattrel|Kilowattrel, M|100/100
|-damage|p2a: Gliscor|88/100 tox|[from] Stealth Rock
|turn|18
|
|t:|1779895827
|move|p1a: Kilowattrel|Hurricane|p2a: Gliscor
|-damage|p2a: Gliscor|8/100 tox
|move|p2a: Gliscor|Swords Dance|p2a: Gliscor
|-boost|p2a: Gliscor|atk|2
|
|-weather|RainDance|[upkeep]
|-heal|p2a: Gliscor|21/100 tox|[from] ability: Poison Heal
|upkeep
|turn|19
|
|t:|1779895838
|move|p1a: Kilowattrel|Hurricane|p2a: Gliscor
|-damage|p2a: Gliscor|0 fnt
|faint|p2a: Gliscor
|
|win|l4baka
|raw|l4baka's rating: 1269 &rarr; <strong>1294</strong><br />(+25 for winning)
|raw|Team Raging Fire's rating: 1263 &rarr; <strong>1238</strong><br />(-25 for losing)
|c|☆l4baka|gg
|l|☆Team Raging Fire
|player|p2|
|l|☆l4baka
|player|p1|
