|j|☆XDSABERY
|j|☆claudechamp
|t:|1779903978
|gametype|singles
|player|p1|XDSABERY|265|1344
|player|p2|claudechamp|169|1306
|gen|9
|tier|[Gen 9] OU
|rated|
|rule|HP Percentage Mod: HP is shown in percentages
|rule|Endless Battle Clause: Forcing endless battles is banned
|rule|Species Clause: Limit one of each Pokémon
|rule|OHKO Clause: OHKO moves are banned
|rule|Evasion Items Clause: Evasion items are banned
|rule|Evasion Moves Clause: Evasion moves are banned
|rule|Evasion Abilities Clause: Evasion abilities are banned
|rule|Sleep Moves Clause: Sleep-inducing moves are banned
|clearpoke
|poke|p1|Iron Crown|
|poke|p1|Deoxys-Speed|
|poke|p1|Zamazenta-*|
|poke|p1|Kyurem|
|poke|p1|Landorus-Therian, M|
|poke|p1|Iron Valiant|
|poke|p2|Gliscor, F|
|poke|p2|Ogerpon, F|
|poke|p2|Walking Wake|
|poke|p2|Blissey, F|
|poke|p2|Corviknight, F|
|poke|p2|Pecharunt|
|teampreview
|inactive|Battle timer is ON: inactive players will automatically lose when time's up. (requested by XDSABERY)
|c|☆claudechamp|hf
|
|t:|1779903988
|teamsize|p1|6
|teamsize|p2|6
|start
|switch|p1a: Deoxys|Deoxys-Speed|100/100
|switch|p2a: Gliscor|Gliscor, F|100/100
|-ability|p1a: Deoxys|Pressure
|turn|1
|inactive|claudechamp also wants the timer to be on.
|
|t:|1779904014
|move|p1a: Deoxys|Knock Off|p2a: Gliscor
|-damage|p2a: Gliscor|84/100
|-enditem|p2a: Gliscor|Toxic Orb|[from] move: Knock Off|[of] p1a: Deoxys
|move|p2a: Gliscor|Spikes|p1a: Deoxys
|-sidestart|p1: XDSABERY|Spikes
|
|upkeep
|turn|2
|
|t:|1779904019
|move|p1a: Deoxys|Psychic Terrain|p1a: Deoxys
|-fieldstart|move: Psychic Terrain
|move|p2a: Gliscor|Spikes|p1a: Deoxys
|-sidestart|p1: XDSABERY|Spikes
|
|upkeep
|turn|3
|
|t:|1779904030
|move|p1a: Deoxys|Expanding Force|p2a: Gliscor
|-damage|p2a: Gliscor|20/100
|move|p2a: Gliscor|Spikes|p1a: Deoxys
|-sidestart|p1: XDSABERY|Spikes
|
|upkeep
|turn|4
|
|t:|1779904039
|switch|p2a: Blissey|Blissey, F|100/100
|move|p1a: Deoxys|Expanding Force|p2a: Blissey
|-damage|p2a: Blissey|77/100
|
|upkeep
|turn|5
|
|t:|1779904045
|move|p1a: Deoxys|Superpower|p2a: Blissey
|-supereffective|p2a: Blissey
|-damage|p2a: Blissey|21/100
|-unboost|p1a: Deoxys|atk|1
|-unboost|p1a: Deoxys|def|1
|move|p2a: Blissey|Stealth Rock|p1a: Deoxys
|-sidestart|p1: XDSABERY|move: Stealth Rock
|
|upkeep
|turn|6
|
|t:|1779904049
|move|p1a: Deoxys|Superpower|p2a: Blissey
|-supereffective|p2a: Blissey
|-damage|p2a: Blissey|0 fnt
|-unboost|p1a: Deoxys|atk|1
|-unboost|p1a: Deoxys|def|1
|faint|p2a: Blissey
|
|upkeep
|
|t:|1779904063
|switch|p2a: Ogerpon|Ogerpon, F|100/100
|turn|7
|
|t:|1779904075
|switch|p1a: Zamazenta|Zamazenta|100/100
|-damage|p1a: Zamazenta|76/100|[from] Spikes
|-damage|p1a: Zamazenta|69/100|[from] Stealth Rock
|-ability|p1a: Zamazenta|Dauntless Shield|boost
|-boost|p1a: Zamazenta|def|1
|move|p2a: Ogerpon|Knock Off|p1a: Zamazenta
|-resisted|p1a: Zamazenta
|-damage|p1a: Zamazenta|62/100
|-enditem|p1a: Zamazenta|Leftovers|[from] move: Knock Off|[of] p2a: Ogerpon
|
|upkeep
|turn|8
|
|t:|1779904096
|switch|p2a: Pecharunt|Pecharunt|100/100
|move|p1a: Zamazenta|Body Press|p2a: Pecharunt
|-immune|p2a: Pecharunt
|
|upkeep
|turn|9
|
|t:|1779904106
|switch|p1a: Landorus|Landorus-Therian, M|100/100
|-damage|p1a: Landorus|88/100|[from] Stealth Rock
|-ability|p1a: Landorus|Intimidate|boost
|-unboost|p2a: Pecharunt|atk|1
|move|p2a: Pecharunt|Malignant Chain|p1a: Landorus
|-resisted|p1a: Landorus
|-damage|p1a: Landorus|71/100
|
|-fieldend|move: Psychic Terrain
|upkeep
|turn|10
|
|t:|1779904117
|switch|p2a: Walking Wake|Walking Wake|100/100
|move|p1a: Landorus|Stealth Rock|p2a: Walking Wake
|-sidestart|p2: claudechamp|move: Stealth Rock
|
|upkeep
|turn|11
|
|t:|1779904128
|move|p2a: Walking Wake|Surf|p1a: Landorus
|-supereffective|p1a: Landorus
|-damage|p1a: Landorus|0 fnt
|faint|p1a: Landorus
|
|upkeep
|
|t:|1779904131
|switch|p1a: Kyurem|Kyurem|100/100
|-damage|p1a: Kyurem|76/100|[from] Spikes
|-damage|p1a: Kyurem|51/100|[from] Stealth Rock
|-ability|p1a: Kyurem|Pressure
|turn|12
|
|t:|1779904147
|move|p2a: Walking Wake|Draco Meteor|p1a: Kyurem
|-supereffective|p1a: Kyurem
|-damage|p1a: Kyurem|0 fnt
|-unboost|p2a: Walking Wake|spa|2
|faint|p1a: Kyurem
|
|upkeep
|
|t:|1779904155
|switch|p1a: Deoxys|Deoxys-Speed|100/100
|-damage|p1a: Deoxys|76/100|[from] Spikes
|-damage|p1a: Deoxys|63/100|[from] Stealth Rock
|-ability|p1a: Deoxys|Pressure
|turn|13
|
|t:|1779904167
|move|p1a: Deoxys|Psychic Terrain|p1a: Deoxys
|-fieldstart|move: Psychic Terrain
|move|p2a: Walking Wake|Knock Off|p1a: Deoxys
|-supereffective|p1a: Deoxys
|-damage|p1a: Deoxys|8/100
|-enditem|p1a: Deoxys|Terrain Extender|[from] move: Knock Off|[of] p2a: Walking Wake
|
|upkeep
|turn|14
|
|t:|1779904183
|-end|p2a: Walking Wake|Protosynthesis|[silent]
|switch|p2a: Corviknight|Corviknight, F|100/100
|-ability|p2a: Corviknight|Pressure
|move|p1a: Deoxys|Expanding Force|p2a: Corviknight
|-resisted|p2a: Corviknight
|-damage|p2a: Corviknight|63/100
|
|upkeep
|turn|15
|
|t:|1779904199
|move|p1a: Deoxys|Expanding Force|p2a: Corviknight
|-resisted|p2a: Corviknight
|-damage|p2a: Corviknight|27/100
|move|p2a: Corviknight|Roost|p2a: Corviknight
|-heal|p2a: Corviknight|77/100
|-singleturn|p2a: Corviknight|move: Roost
|
|upkeep
|turn|16
|
|t:|1779904208
|move|p1a: Deoxys|Expanding Force|p2a: Corviknight
|-resisted|p2a: Corviknight
|-damage|p2a: Corviknight|42/100
|move|p2a: Corviknight|U-turn|p1a: Deoxys
|-supereffective|p1a: Deoxys
|-damage|p1a: Deoxys|0 fnt
|faint|p1a: Deoxys
|
|t:|1779904216
|switch|p2a: Walking Wake|Walking Wake|100/100|[from] U-turn
|
|upkeep
|
|t:|1779904218
|switch|p1a: Iron Valiant|Iron Valiant|100/100
|-damage|p1a: Iron Valiant|76/100|[from] Spikes
|-damage|p1a: Iron Valiant|69/100|[from] Stealth Rock
|-enditem|p1a: Iron Valiant|Booster Energy
|-activate|p1a: Iron Valiant|ability: Quark Drive|[fromitem]
|-start|p1a: Iron Valiant|quarkdrivespe
|turn|17
|
|t:|1779904233
|-end|p2a: Walking Wake|Protosynthesis|[silent]
|switch|p2a: Pecharunt|Pecharunt|100/100
|-terastallize|p1a: Iron Valiant|Psychic
|move|p1a: Iron Valiant|Expanding Force|p2a: Pecharunt
|-supereffective|p2a: Pecharunt
|-damage|p2a: Pecharunt|0 fnt
|faint|p2a: Pecharunt
|
|upkeep
|
|t:|1779904239
|switch|p2a: Gliscor|Gliscor, F|20/100
|-damage|p2a: Gliscor|7/100|[from] Stealth Rock
|turn|18
|
|t:|1779904250
|move|p2a: Gliscor|Protect|p2a: Gliscor
|-singleturn|p2a: Gliscor|Protect
|move|p1a: Iron Valiant|Calm Mind|p1a: Iron Valiant
|-boost|p1a: Iron Valiant|spa|1
|-boost|p1a: Iron Valiant|spd|1
|
|upkeep
|turn|19
|
|t:|1779904261
|move|p1a: Iron Valiant|Expanding Force|p2a: Gliscor
|-damage|p2a: Gliscor|0 fnt
|faint|p2a: Gliscor
|
|upkeep
|
|t:|1779904273
|switch|p2a: Corviknight|Corviknight, F|42/100
|-ability|p2a: Corviknight|Pressure
|turn|20
|
|t:|1779904292
|move|p1a: Iron Valiant|Expanding Force|p2a: Corviknight
|-resisted|p2a: Corviknight
|-damage|p2a: Corviknight|0 fnt
|faint|p2a: Corviknight
|
|-fieldend|move: Psychic Terrain
|upkeep
|
|t:|1779904298
|switch|p2a: Ogerpon|Ogerpon, F|100/100
|turn|21
|
|t:|1779904309
|-terastallize|p2a: Ogerpon|Grass
|detailschange|p2a: Ogerpon|Ogerpon-Teal-Tera, F, tera:Grass
|-ability|p2a: Ogerpon|Embody Aspect (Teal)|boost
|-boost|p2a: Ogerpon|spe|1
|move|p1a: Iron Valiant|Expanding Force|p2a: Ogerpon
|-damage|p2a: Ogerpon|35/100
|move|p2a: Ogerpon|Ivy Cudgel|p1a: Iron Valiant
|-damage|p1a: Iron Valiant|0 fnt
|faint|p1a: Iron Valiant
|-end|p1a: Iron Valiant|Quark Drive|[silent]
|
|upkeep
|
|t:|1779904323
|switch|p1a: Zamazenta|Zamazenta|62/100
|-damage|p1a: Zamazenta|37/100|[from] Spikes
|-damage|p1a: Zamazenta|31/100|[from] Stealth Rock
|turn|22
|
|t:|1779904332
|move|p2a: Ogerpon|Ivy Cudgel|p1a: Zamazenta
|-crit|p1a: Zamazenta
|-damage|p1a: Zamazenta|0 fnt
|faint|p1a: Zamazenta
|
|upkeep
|
|t:|1779904335
|switch|p1a: Iron Crown|Iron Crown|100/100
|-damage|p1a: Iron Crown|76/100|[from] Spikes
|-damage|p1a: Iron Crown|70/100|[from] Stealth Rock
|-enditem|p1a: Iron Crown|Booster Energy
|-activate|p1a: Iron Crown|ability: Quark Drive|[fromitem]
|-start|p1a: Iron Crown|quarkdrivespe
|turn|23
|
|t:|1779904346
|move|p2a: Ogerpon|Knock Off|p1a: Iron Crown
|-supereffective|p1a: Iron Crown
|-damage|p1a: Iron Crown|28/100
|move|p1a: Iron Crown|Tachyon Cutter|p2a: Ogerpon
|-damage|p2a: Ogerpon|7/100
|-damage|p2a: Ogerpon|0 fnt
|faint|p2a: Ogerpon
|detailschange|p2: Ogerpon|Ogerpon, F|[silent]
|-hitcount|p2: Ogerpon|2
|
|upkeep
|
|t:|1779904350
|switch|p2a: Walking Wake|Walking Wake|100/100
|turn|24
|
|t:|1779904355
|move|p1a: Iron Crown|Psyshock|p2a: Walking Wake
|-damage|p2a: Walking Wake|61/100
|move|p2a: Walking Wake|Surf|p1a: Iron Crown
|-damage|p1a: Iron Crown|0 fnt
|faint|p1a: Iron Crown
|-end|p1a: Iron Crown|Quark Drive|[silent]
|
|win|claudechamp
|raw|XDSABERY's rating: 1344 &rarr; <strong>1321</strong><br />(-23 for losing)
|raw|claudechamp's rating: 1289 &rarr; <strong>1318</strong><br />(+29 for winning)
|l|☆XDSABERY
|player|p1|
|c|☆claudechamp|gg
