|j|☆mrweston
|j|☆claudechamp
|t:|1779807373
|gametype|singles
|player|p1|mrweston|policeman-gen4|1395
|player|p2|claudechamp|265|1324
|gen|9
|tier|[Gen 9] OU
|rated|
|rule|HP Percentage Mod: HP is shown in percentages
|rule|Endless Battle Clause: Forcing endless battles is banned
|rule|Species Clause: Limit one of each Pokémon
|rule|OHKO Clause: OHKO moves are banned
|rule|Evasion Items Clause: Evasion items are banned
|rule|Evasion Moves Clause: Evasion moves are banned
|rule|Evasion Abilities Clause: Evasion abilities are banned
|rule|Sleep Moves Clause: Sleep-inducing moves are banned
|clearpoke
|poke|p1|Hawlucha, M|
|poke|p1|Blaziken, F|
|poke|p1|Magnezone|
|poke|p1|Haunter, F|
|poke|p1|Donphan, M|
|poke|p1|Latios, M|
|poke|p2|Gliscor, F|
|poke|p2|Ogerpon, F|
|poke|p2|Walking Wake|
|poke|p2|Blissey, F|
|poke|p2|Corviknight, F|
|poke|p2|Pecharunt|
|teampreview
|inactive|Battle timer is ON: inactive players will automatically lose when time's up. (requested by mrweston)
|c|☆claudechamp|hf
|inactive|claudechamp also wants the timer to be on.
|
|t:|1779807382
|teamsize|p1|6
|teamsize|p2|6
|start
|switch|p1a: Magnezone|Magnezone, shiny|100/100
|switch|p2a: Gliscor|Gliscor, F|100/100
|turn|1
|
|t:|1779807402
|switch|p1a: Haunter|Haunter, F|100/100
|move|p2a: Gliscor|Spikes|p1a: Haunter
|-sidestart|p1: mrweston|Spikes
|
|-status|p2a: Gliscor|tox|[from] item: Toxic Orb
|upkeep
|turn|2
|
|t:|1779807407
|move|p1a: Haunter|Hex|p2a: Gliscor
|-damage|p2a: Gliscor|43/100 tox
|move|p2a: Gliscor|Spikes|p1a: Haunter
|-sidestart|p1: mrweston|Spikes
|
|-heal|p2a: Gliscor|56/100 tox|[from] ability: Poison Heal
|upkeep
|turn|3
|
|t:|1779807415
|switch|p2a: Blissey|Blissey, F|100/100
|move|p1a: Haunter|Hex|p2a: Blissey
|-immune|p2a: Blissey
|
|upkeep
|turn|4
|
|t:|1779807422
|switch|p1a: Magnezone|Magnezone, shiny|100/100
|-damage|p1a: Magnezone|84/100|[from] Spikes
|move|p2a: Blissey|Stealth Rock|p1a: Magnezone
|-sidestart|p1: mrweston|move: Stealth Rock
|
|upkeep
|turn|5
|
|t:|1779807437
|switch|p2a: Walking Wake|Walking Wake|100/100
|move|p1a: Magnezone|Flash Cannon|p2a: Walking Wake
|-resisted|p2a: Walking Wake
|-damage|p2a: Walking Wake|79/100
|
|upkeep
|turn|6
|
|t:|1779807453
|switch|p1a: Hawlucha|Hawlucha, M, shiny|100/100
|-damage|p1a: Hawlucha|88/100|[from] Stealth Rock
|-ability|p1a: Hawlucha|Mold Breaker
|move|p2a: Walking Wake|Surf|p1a: Hawlucha
|-damage|p1a: Hawlucha|11/100
|
|upkeep
|turn|7
|
|t:|1779807467
|move|p1a: Hawlucha|Defog|p2a: Walking Wake
|-unboost|p2a: Walking Wake|evasion|1
|-sideend|p1: mrweston|Spikes|[from] move: Defog|[of] p1a: Hawlucha
|-sideend|p1: mrweston|Stealth Rock|[from] move: Defog|[of] p1a: Hawlucha
|move|p2a: Walking Wake|Surf|p1a: Hawlucha
|-damage|p1a: Hawlucha|0 fnt
|faint|p1a: Hawlucha
|
|upkeep
|
|t:|1779807477
|switch|p1a: Blaziken|Blaziken, F|100/100
|turn|8
|
|t:|1779807482
|move|p2a: Walking Wake|Surf|p1a: Blaziken
|-supereffective|p1a: Blaziken
|-enditem|p1a: Blaziken|Focus Sash
|-damage|p1a: Blaziken|1/100
|move|p1a: Blaziken|Swords Dance|p1a: Blaziken
|-boost|p1a: Blaziken|atk|2
|
|-ability|p1a: Blaziken|Speed Boost|boost
|-boost|p1a: Blaziken|spe|1
|upkeep
|turn|9
|
|t:|1779807494
|move|p1a: Blaziken|Close Combat|p2a: Walking Wake
|-damage|p2a: Walking Wake|0 fnt
|-unboost|p1a: Blaziken|def|1
|-unboost|p1a: Blaziken|spd|1
|faint|p2a: Walking Wake
|-end|p2a: Walking Wake|Protosynthesis|[silent]
|
|-ability|p1a: Blaziken|Speed Boost|boost
|-boost|p1a: Blaziken|spe|1
|upkeep
|
|t:|1779807512
|switch|p2a: Pecharunt|Pecharunt|100/100
|turn|10
|
|t:|1779807522
|move|p1a: Blaziken|Blaze Kick|p2a: Pecharunt
|-damage|p2a: Pecharunt|57/100
|move|p2a: Pecharunt|Foul Play|p1a: Blaziken
|-resisted|p1a: Blaziken
|-damage|p1a: Blaziken|0 fnt
|faint|p1a: Blaziken
|
|upkeep
|
|t:|1779807534
|switch|p1a: Latios|Latios, M|100/100
|turn|11
|
|t:|1779807546
|move|p1a: Latios|Luster Purge|p2a: Pecharunt
|-supereffective|p2a: Pecharunt
|-damage|p2a: Pecharunt|0 fnt
|faint|p2a: Pecharunt
|
|upkeep
|
|t:|1779807549
|switch|p2a: Blissey|Blissey, F|100/100
|turn|12
|
|t:|1779807556
|switch|p1a: Magnezone|Magnezone, shiny|84/100
|move|p2a: Blissey|Stealth Rock|p1a: Magnezone
|-sidestart|p1: mrweston|move: Stealth Rock
|
|upkeep
|turn|13
|
|t:|1779807574
|move|p1a: Magnezone|Flash Cannon|p2a: Blissey
|-damage|p2a: Blissey|90/100
|move|p2a: Blissey|Calm Mind|p2a: Blissey
|-boost|p2a: Blissey|spa|1
|-boost|p2a: Blissey|spd|1
|
|upkeep
|turn|14
|
|t:|1779807587
|move|p1a: Magnezone|Body Press|p2a: Blissey
|-supereffective|p2a: Blissey
|-damage|p2a: Blissey|31/100
|move|p2a: Blissey|Calm Mind|p2a: Blissey
|-boost|p2a: Blissey|spa|1
|-boost|p2a: Blissey|spd|1
|
|upkeep
|turn|15
|
|t:|1779807602
|switch|p2a: Gliscor|Gliscor, F|56/100 tox
|move|p1a: Magnezone|Flash Cannon|p2a: Gliscor
|-damage|p2a: Gliscor|26/100 tox
|
|-heal|p2a: Gliscor|39/100 tox|[from] ability: Poison Heal
|upkeep
|turn|16
|
|t:|1779807615
|switch|p2a: Blissey|Blissey, F|31/100
|switch|p1a: Donphan|Donphan, M|100/100
|
|upkeep
|turn|17
|
|t:|1779807628
|move|p1a: Donphan|Rapid Spin|p2a: Blissey
|-damage|p2a: Blissey|12/100
|-boost|p1a: Donphan|spe|1
|-sideend|p1: mrweston|Stealth Rock|[from] move: Rapid Spin|[of] p1a: Donphan
|move|p2a: Blissey|Soft-Boiled|p2a: Blissey
|-heal|p2a: Blissey|62/100
|
|upkeep
|turn|18
|
|t:|1779807640
|move|p1a: Donphan|Knock Off|p2a: Blissey
|-damage|p2a: Blissey|25/100
|-enditem|p2a: Blissey|Heavy-Duty Boots|[from] move: Knock Off|[of] p1a: Donphan
|move|p2a: Blissey|Seismic Toss|p1a: Donphan
|-damage|p1a: Donphan|69/100
|
|upkeep
|turn|19
|
|t:|1779807656
|move|p1a: Donphan|Knock Off|p2a: Blissey
|-damage|p2a: Blissey|2/100
|move|p2a: Blissey|Seismic Toss|p1a: Donphan
|-damage|p1a: Donphan|38/100
|
|upkeep
|turn|20
|
|t:|1779807669
|switch|p2a: Gliscor|Gliscor, F|39/100 tox
|move|p1a: Donphan|Rapid Spin|p2a: Gliscor
|-damage|p2a: Gliscor|25/100 tox
|-boost|p1a: Donphan|spe|1
|
|-heal|p2a: Gliscor|37/100 tox|[from] ability: Poison Heal
|upkeep
|turn|21
|
|t:|1779807682
|move|p1a: Donphan|Knock Off|p2a: Gliscor
|-damage|p2a: Gliscor|11/100 tox
|-enditem|p2a: Gliscor|Toxic Orb|[from] move: Knock Off|[of] p1a: Donphan
|move|p2a: Gliscor|Earthquake|p1a: Donphan
|-damage|p1a: Donphan|7/100
|
|-heal|p2a: Gliscor|24/100 tox|[from] ability: Poison Heal
|upkeep
|turn|22
|
|t:|1779807693
|move|p1a: Donphan|Ice Shard|p2a: Gliscor
|-supereffective|p2a: Gliscor
|-crit|p2a: Gliscor
|-damage|p2a: Gliscor|0 fnt
|faint|p2a: Gliscor
|
|upkeep
|
|t:|1779807700
|switch|p2a: Corviknight|Corviknight, F|100/100
|-ability|p2a: Corviknight|Pressure
|turn|23
|
|t:|1779807709
|move|p1a: Donphan|Knock Off|p2a: Corviknight
|-damage|p2a: Corviknight|77/100
|-enditem|p2a: Corviknight|Heavy-Duty Boots|[from] move: Knock Off|[of] p1a: Donphan
|move|p2a: Corviknight|Thief|p1a: Donphan
|-damage|p1a: Donphan|0 fnt
|-enditem|p1a: Donphan|Heavy-Duty Boots|[silent]|[from] move: Thief|[of] p2a: Corviknight
|-item|p2a: Corviknight|Heavy-Duty Boots|[from] move: Thief|[of] p1a: Donphan
|faint|p1a: Donphan
|
|upkeep
|
|t:|1779807712
|switch|p1a: Magnezone|Magnezone, shiny|84/100
|turn|24
|
|t:|1779807723
|move|p1a: Magnezone|Thunderbolt|p2a: Corviknight
|-supereffective|p2a: Corviknight
|-damage|p2a: Corviknight|0 fnt
|faint|p2a: Corviknight
|
|upkeep
|
|t:|1779807727
|switch|p2a: Ogerpon|Ogerpon, F|100/100
|turn|25
|
|t:|1779807737
|move|p2a: Ogerpon|Encore|p1a: Magnezone
|-start|p1a: Magnezone|Encore
|move|p1a: Magnezone|Thunderbolt|p2a: Ogerpon
|-resisted|p2a: Ogerpon
|-damage|p2a: Ogerpon|79/100
|
|upkeep
|turn|26
|
|t:|1779807747
|move|p2a: Ogerpon|Knock Off|p1a: Magnezone
|-damage|p1a: Magnezone|61/100
|-enditem|p1a: Magnezone|Assault Vest|[from] move: Knock Off|[of] p2a: Ogerpon
|move|p1a: Magnezone|Thunderbolt|p2a: Ogerpon
|-resisted|p2a: Ogerpon
|-damage|p2a: Ogerpon|57/100
|
|upkeep
|turn|27
|
|t:|1779807759
|switch|p1a: Latios|Latios, M|100/100
|move|p2a: Ogerpon|U-turn|p1a: Latios
|-supereffective|p1a: Latios
|-damage|p1a: Latios|37/100
|
|t:|1779807769
|switch|p2a: Blissey|Blissey, F|2/100|[from] U-turn
|
|upkeep
|turn|28
|
|t:|1779807781
|move|p1a: Latios|Luster Purge|p2a: Blissey
|-damage|p2a: Blissey|0 fnt
|faint|p2a: Blissey
|
|upkeep
|
|t:|1779807796
|switch|p2a: Ogerpon|Ogerpon, F|57/100
|turn|29
|
|t:|1779807801
|move|p1a: Latios|Luster Purge|p2a: Ogerpon
|-damage|p2a: Ogerpon|0 fnt
|faint|p2a: Ogerpon
|
|win|mrweston
|raw|mrweston's rating: 1395 &rarr; <strong>1412</strong><br />(+17 for winning)
|raw|claudechamp's rating: 1342 &rarr; <strong>1325</strong><br />(-17 for losing)
|c|☆claudechamp|gg
|c|☆mrweston|gg
|l|☆mrweston
|player|p1|
|l|☆claudechamp
|player|p2|
