|j|☆isaac_gam3r
|j|☆champ bogar
|t:|1779941875
|gametype|singles
|player|p1|isaac_gam3r|acetrainer-gen4dp|1769
|player|p2|champ bogar|cynthia-masters3|1684
|gen|9
|tier|[Gen 9] OU
|rated|
|rule|HP Percentage Mod: HP is shown in percentages
|rule|Endless Battle Clause: Forcing endless battles is banned
|rule|Species Clause: Limit one of each Pokémon
|rule|OHKO Clause: OHKO moves are banned
|rule|Evasion Items Clause: Evasion items are banned
|rule|Evasion Moves Clause: Evasion moves are banned
|rule|Evasion Abilities Clause: Evasion abilities are banned
|rule|Sleep Moves Clause: Sleep-inducing moves are banned
|clearpoke
|poke|p1|Primarina, F|
|poke|p1|Raging Bolt|
|poke|p1|Heatran, M|
|poke|p1|Weezing-Galar, M|
|poke|p1|Garchomp, M|
|poke|p1|Weavile, M|
|poke|p2|Garchomp, M|
|poke|p2|Darkrai|
|poke|p2|Deoxys-Speed|
|poke|p2|Clodsire, F|
|poke|p2|Corviknight, M|
|poke|p2|Cinderace, F|
|teampreview
|inactive|Battle timer is ON: inactive players will automatically lose when time's up. (requested by champ bogar)
|
|t:|1779941882
|teamsize|p1|6
|teamsize|p2|6
|start
|switch|p1a: Weavile|Weavile, M|100/100
|switch|p2a: Corviknight|Corviknight, M|100/100
|-ability|p1a: Weavile|Pressure
|-ability|p2a: Corviknight|Pressure
|turn|1
|
|t:|1779941887
|switch|p1a: Garchomp|Garchomp, M|100/100
|move|p2a: Corviknight|U-turn|p1a: Garchomp
|-damage|p1a: Garchomp|85/100
|-damage|p2a: Corviknight|88/100|[from] ability: Rough Skin|[of] p1a: Garchomp
|inactive|champ bogar has 120 seconds left.
|
|t:|1779941919
|switch|p2a: Darkrai|Darkrai|100/100|[from] U-turn
|
|upkeep
|turn|2
|
|t:|1779941923
|switch|p1a: Primarina|Primarina, F, shiny|100/100
|move|p2a: Darkrai|Sludge Bomb|p1a: Primarina
|-supereffective|p1a: Primarina
|-damage|p1a: Primarina|27/100
|
|-heal|p1a: Primarina|33/100|[from] item: Leftovers
|upkeep
|turn|3
|
|t:|1779941925
|switch|p2a: Clodsire|Clodsire, F|100/100
|move|p1a: Primarina|Protect||[still]
|-fail|p1a: Primarina
|
|-heal|p1a: Primarina|40/100|[from] item: Leftovers
|upkeep
|turn|4
|
|t:|1779941930
|move|p1a: Primarina|Sparkling Aria|p2a: Clodsire
|-immune|p2a: Clodsire|[from] ability: Water Absorb
|move|p2a: Clodsire|Earthquake|p1a: Primarina
|-damage|p1a: Primarina|8/100
|
|-heal|p1a: Primarina|14/100|[from] item: Leftovers
|upkeep
|turn|5
|
|t:|1779941935
|switch|p1a: Weezing|Weezing-Galar, M, shiny|100/100
|move|p2a: Clodsire|Earthquake|p1a: Weezing
|-immune|p1a: Weezing|[from] ability: Levitate
|
|upkeep
|turn|6
|
|t:|1779941937
|switch|p2a: Cinderace|Cinderace, F|100/100
|move|p1a: Weezing|Will-O-Wisp|p2a: Cinderace
|-immune|p2a: Cinderace
|
|upkeep
|turn|7
|
|t:|1779941940
|move|p2a: Cinderace|U-turn|p1a: Weezing
|-start|p2a: Cinderace|typechange|Bug|[from] ability: Libero
|-resisted|p1a: Weezing
|-damage|p1a: Weezing|95/100
|
|t:|1779941943
|switch|p2a: Clodsire|Clodsire, F|100/100|[from] U-turn
|move|p1a: Weezing|Strange Steam|p2a: Clodsire
|-resisted|p2a: Clodsire
|-damage|p2a: Clodsire|93/100
|
|-heal|p1a: Weezing|100/100|[from] item: Black Sludge
|-heal|p2a: Clodsire|99/100|[from] item: Leftovers
|upkeep
|turn|8
|
|t:|1779941946
|switch|p2a: Cinderace|Cinderace, F|100/100
|move|p1a: Weezing|Will-O-Wisp|p2a: Cinderace
|-immune|p2a: Cinderace
|
|upkeep
|turn|9
|
|t:|1779941949
|switch|p1a: Garchomp|Garchomp, M|85/100
|move|p2a: Cinderace|Pyro Ball|p1a: Garchomp
|-resisted|p1a: Garchomp
|-damage|p1a: Garchomp|58/100
|
|upkeep
|turn|10
|
|t:|1779941952
|switch|p2a: Corviknight|Corviknight, M|88/100
|-ability|p2a: Corviknight|Pressure
|move|p1a: Garchomp|Earthquake|p2a: Corviknight
|-immune|p2a: Corviknight
|
|upkeep
|turn|11
|
|t:|1779941954
|switch|p1a: Raging Bolt|Raging Bolt|100/100
|move|p2a: Corviknight|U-turn|p1a: Raging Bolt
|-damage|p1a: Raging Bolt|89/100
|j| pastacat
|
|t:|1779941968
|switch|p2a: Darkrai|Darkrai|100/100|[from] U-turn
|
|-heal|p1a: Raging Bolt|95/100|[from] item: Leftovers
|upkeep
|turn|12
|
|t:|1779941971
|-end|p1a: Raging Bolt|Protosynthesis|[silent]
|switch|p1a: Heatran|Heatran, M|100/100
|move|p2a: Darkrai|Ice Beam|p1a: Heatran
|-resisted|p1a: Heatran
|-damage|p1a: Heatran|94/100
|
|upkeep
|turn|13
|
|t:|1779941978
|switch|p2a: Clodsire|Clodsire, F|99/100
|move|p1a: Heatran|Earth Power|p2a: Clodsire
|-supereffective|p2a: Clodsire
|-damage|p2a: Clodsire|66/100
|
|-heal|p2a: Clodsire|72/100|[from] item: Leftovers
|upkeep
|turn|14
|
|t:|1779941986
|move|p1a: Heatran|Earth Power|p2a: Clodsire
|-supereffective|p2a: Clodsire
|-damage|p2a: Clodsire|40/100
|move|p2a: Clodsire|Earthquake|p1a: Heatran
|-supereffective|p1a: Heatran
|-damage|p1a: Heatran|4/100
|
|-heal|p2a: Clodsire|46/100|[from] item: Leftovers
|upkeep
|turn|15
|
|t:|1779941989
|move|p1a: Heatran|Earth Power|p2a: Clodsire
|-supereffective|p2a: Clodsire
|-damage|p2a: Clodsire|13/100
|move|p2a: Clodsire|Recover|p2a: Clodsire
|-heal|p2a: Clodsire|63/100
|
|-heal|p2a: Clodsire|69/100|[from] item: Leftovers
|upkeep
|turn|16
|
|t:|1779941992
|move|p1a: Heatran|Earth Power|p2a: Clodsire
|-supereffective|p2a: Clodsire
|-damage|p2a: Clodsire|35/100
|move|p2a: Clodsire|Earthquake|p1a: Heatran
|-supereffective|p1a: Heatran
|-damage|p1a: Heatran|0 fnt
|faint|p1a: Heatran
|
|-heal|p2a: Clodsire|41/100|[from] item: Leftovers
|upkeep
|
|t:|1779941995
|switch|p1a: Weavile|Weavile, M|100/100
|-ability|p1a: Weavile|Pressure
|turn|17
|
|t:|1779942000
|switch|p2a: Corviknight|Corviknight, M|88/100
|-ability|p2a: Corviknight|Pressure
|move|p1a: Weavile|Knock Off|p2a: Corviknight
|-damage|p2a: Corviknight|59/100
|-damage|p1a: Weavile|84/100|[from] item: Rocky Helmet|[of] p2a: Corviknight
|-enditem|p2a: Corviknight|Rocky Helmet|[from] move: Knock Off|[of] p1a: Weavile
|
|upkeep
|turn|18
|
|t:|1779942005
|switch|p1a: Raging Bolt|Raging Bolt|95/100
|move|p2a: Corviknight|U-turn|p1a: Raging Bolt
|-damage|p1a: Raging Bolt|84/100
|
|t:|1779942010
|switch|p2a: Darkrai|Darkrai|100/100|[from] U-turn
|
|-heal|p1a: Raging Bolt|90/100|[from] item: Leftovers
|upkeep
|turn|19
|
|t:|1779942019
|-end|p1a: Raging Bolt|Protosynthesis|[silent]
|switch|p1a: Primarina|Primarina, F, shiny|14/100
|move|p2a: Darkrai|Ice Beam|p1a: Primarina
|-resisted|p1a: Primarina
|-damage|p1a: Primarina|0 fnt
|faint|p1a: Primarina
|
|upkeep
|
|t:|1779942022
|switch|p1a: Weavile|Weavile, M|84/100
|-ability|p1a: Weavile|Pressure
|turn|20
|
|t:|1779942030
|switch|p2a: Garchomp|Garchomp, M|100/100
|move|p1a: Weavile|Triple Axel|p2a: Garchomp
|-supereffective|p2a: Garchomp
|-damage|p2a: Garchomp|75/100
|-damage|p1a: Weavile|72/100|[from] ability: Rough Skin|[of] p2a: Garchomp
|-damage|p1a: Weavile|55/100|[from] item: Rocky Helmet|[of] p2a: Garchomp
|-supereffective|p2a: Garchomp
|-damage|p2a: Garchomp|18/100
|-damage|p1a: Weavile|43/100|[from] ability: Rough Skin|[of] p2a: Garchomp
|-damage|p1a: Weavile|26/100|[from] item: Rocky Helmet|[of] p2a: Garchomp
|-supereffective|p2a: Garchomp
|-damage|p2a: Garchomp|0 fnt
|-damage|p1a: Weavile|14/100|[from] ability: Rough Skin|[of] p2a: Garchomp
|-damage|p1a: Weavile|0 fnt|[from] item: Rocky Helmet|[of] p2a: Garchomp
|faint|p2a: Garchomp
|faint|p1a: Weavile
|-hitcount|p2: Garchomp|3
|
|upkeep
|
|t:|1779942039
|switch|p1a: Raging Bolt|Raging Bolt|90/100
|switch|p2a: Darkrai|Darkrai|100/100
|turn|21
|
|t:|1779942044
|-terastallize|p1a: Raging Bolt|Fairy
|move|p2a: Darkrai|Ice Beam|p1a: Raging Bolt
|-damage|p1a: Raging Bolt|47/100
|move|p1a: Raging Bolt|Calm Mind|p1a: Raging Bolt
|-boost|p1a: Raging Bolt|spa|1
|-boost|p1a: Raging Bolt|spd|1
|
|-heal|p1a: Raging Bolt|53/100|[from] item: Leftovers
|upkeep
|turn|22
|
|t:|1779942048
|move|p2a: Darkrai|Ice Beam|p1a: Raging Bolt
|-damage|p1a: Raging Bolt|28/100
|move|p1a: Raging Bolt|Dragon Pulse|p2a: Darkrai
|-damage|p2a: Darkrai|6/100
|
|-heal|p1a: Raging Bolt|34/100|[from] item: Leftovers
|upkeep
|turn|23
|
|t:|1779942058
|switch|p2a: Corviknight|Corviknight, M|59/100
|-ability|p2a: Corviknight|Pressure
|move|p1a: Raging Bolt|Dragon Pulse|p2a: Corviknight
|-resisted|p2a: Corviknight
|-damage|p2a: Corviknight|20/100
|
|-heal|p1a: Raging Bolt|40/100|[from] item: Leftovers
|upkeep
|turn|24
|
|t:|1779942062
|move|p1a: Raging Bolt|Thunderclap|p2a: Corviknight
|-supereffective|p2a: Corviknight
|-damage|p2a: Corviknight|0 fnt
|faint|p2a: Corviknight
|
|-heal|p1a: Raging Bolt|47/100|[from] item: Leftovers
|upkeep
|
|t:|1779942064
|switch|p2a: Darkrai|Darkrai|6/100
|turn|25
|
|t:|1779942067
|move|p2a: Darkrai|Trick|p1a: Raging Bolt
|-activate|p2a: Darkrai|move: Trick|[of] p1a: Raging Bolt
|-item|p1a: Raging Bolt|Choice Specs|[from] move: Trick
|-item|p2a: Darkrai|Leftovers|[from] move: Trick
|move|p1a: Raging Bolt|Dragon Pulse|p2a: Darkrai
|-damage|p2a: Darkrai|0 fnt
|faint|p2a: Darkrai
|
|upkeep
|
|t:|1779942074
|switch|p2a: Cinderace|Cinderace, F|100/100
|turn|26
|
|t:|1779942076
|move|p2a: Cinderace|Pyro Ball|p1a: Raging Bolt
|-damage|p1a: Raging Bolt|0 fnt
|faint|p1a: Raging Bolt
|-end|p1a: Raging Bolt|Protosynthesis|[silent]
|
|upkeep
|
|t:|1779942078
|switch|p1a: Garchomp|Garchomp, M|58/100
|turn|27
|
|t:|1779942081
|switch|p2a: Clodsire|Clodsire, F|41/100
|move|p1a: Garchomp|Earthquake|p2a: Clodsire
|-supereffective|p2a: Clodsire
|-damage|p2a: Clodsire|0 fnt
|faint|p2a: Clodsire
|
|upkeep
|
|t:|1779942083
|switch|p2a: Deoxys|Deoxys-Speed, shiny|100/100
|-ability|p2a: Deoxys|Pressure
|turn|28
|
|t:|1779942086
|move|p2a: Deoxys|Ice Beam|p1a: Garchomp
|-supereffective|p1a: Garchomp
|-damage|p1a: Garchomp|0 fnt
|faint|p1a: Garchomp
|-damage|p2a: Deoxys|91/100|[from] item: Life Orb
|
|upkeep
|
|t:|1779942088
|switch|p1a: Weezing|Weezing-Galar, M, shiny|100/100
|turn|29
|
|t:|1779942089
|move|p2a: Deoxys|Psycho Boost|p1a: Weezing
|-supereffective|p1a: Weezing
|-damage|p1a: Weezing|0 fnt
|-unboost|p2a: Deoxys|spa|2
|faint|p1a: Weezing
|-damage|p2a: Deoxys|81/100|[from] item: Life Orb
|
|win|champ bogar
|raw|isaac_gam3r's rating: 1769 &rarr; <strong>1744</strong><br />(-25 for losing)
|raw|champ bogar's rating: 1684 &rarr; <strong>1709</strong><br />(+25 for winning)
|l|☆isaac_gam3r
|player|p1|
|l|☆champ bogar
|player|p2|
|l| pastacat
