|j|☆SparkyBoomBoomBoiY
|j|☆chrysopranite
|t:|1779852009
|gametype|singles
|player|p1|SparkyBoomBoomBoiY|marlon|1083
|player|p2|chrysopranite|gambler|1040
|gen|9
|tier|[Gen 9] OU
|rated|
|rule|HP Percentage Mod: HP is shown in percentages
|rule|Endless Battle Clause: Forcing endless battles is banned
|rule|Species Clause: Limit one of each Pokémon
|rule|OHKO Clause: OHKO moves are banned
|rule|Evasion Items Clause: Evasion items are banned
|rule|Evasion Moves Clause: Evasion moves are banned
|rule|Evasion Abilities Clause: Evasion abilities are banned
|rule|Sleep Moves Clause: Sleep-inducing moves are banned
|clearpoke
|poke|p1|Araquanid, F|
|poke|p1|Ursaluna, F|
|poke|p1|Persian-Alola, M|
|poke|p1|Gholdengo|
|poke|p1|Clefable, F|
|poke|p1|Latias, F|
|poke|p2|Corviknight, M|
|poke|p2|Scizor, F|
|poke|p2|Meowscarada, M|
|poke|p2|Ceruledge, F|
|poke|p2|Rotom-Wash|
|poke|p2|Dragapult, F|
|teampreview
|
|t:|1779852025
|teamsize|p1|6
|teamsize|p2|6
|start
|switch|p1a: BugsAlot|Araquanid, F|100/100
|switch|p2a: Dragapult|Dragapult, F, shiny|100/100
|turn|1
|
|t:|1779852037
|move|p2a: Dragapult|Dragon Dance|p2a: Dragapult
|-boost|p2a: Dragapult|atk|1
|-boost|p2a: Dragapult|spe|1
|move|p1a: BugsAlot|Chilling Water|p2a: Dragapult
|-resisted|p2a: Dragapult
|-damage|p2a: Dragapult|87/100
|-unboost|p2a: Dragapult|atk|1
|
|-heal|p2a: Dragapult|93/100|[from] item: Leftovers
|upkeep
|turn|2
|
|t:|1779852048
|move|p2a: Dragapult|Dragon Dance|p2a: Dragapult
|-boost|p2a: Dragapult|atk|1
|-boost|p2a: Dragapult|spe|1
|move|p1a: BugsAlot|Chilling Water|p2a: Dragapult
|-resisted|p2a: Dragapult
|-damage|p2a: Dragapult|80/100
|-unboost|p2a: Dragapult|atk|1
|
|-heal|p2a: Dragapult|86/100|[from] item: Leftovers
|upkeep
|turn|3
|
|t:|1779852060
|move|p1a: BugsAlot|Chilling Water|p2a: Dragapult
|-resisted|p2a: Dragapult
|-crit|p2a: Dragapult
|-damage|p2a: Dragapult|65/100
|-unboost|p2a: Dragapult|atk|1
|move|p2a: Dragapult|Dragon Tail|p1a: BugsAlot
|-damage|p1a: BugsAlot|80/100
|drag|p1a: Your-Fav|Clefable, F|100/100
|
|-heal|p2a: Dragapult|71/100|[from] item: Leftovers
|upkeep
|turn|4
|c|☆SparkyBoomBoomBoiY|Not a fun random pick
|
|t:|1779852089
|move|p2a: Dragapult|Dragon Dance|p2a: Dragapult
|-boost|p2a: Dragapult|atk|1
|-boost|p2a: Dragapult|spe|1
|move|p1a: Your-Fav|Knock Off|p2a: Dragapult
|-supereffective|p2a: Dragapult
|-damage|p2a: Dragapult|34/100
|-enditem|p2a: Dragapult|Leftovers|[from] move: Knock Off|[of] p1a: Your-Fav
|
|upkeep
|turn|5
|
|t:|1779852100
|move|p2a: Dragapult|Flamethrower|p1a: Your-Fav
|-damage|p1a: Your-Fav|78/100
|move|p1a: Your-Fav|Moonblast|p2a: Dragapult
|-supereffective|p2a: Dragapult
|-damage|p2a: Dragapult|0 fnt
|faint|p2a: Dragapult
|
|-heal|p1a: Your-Fav|84/100|[from] item: Leftovers
|upkeep
|-message|chrysopranite forfeited.
|
|win|SparkyBoomBoomBoiY
|raw|SparkyBoomBoomBoiY's rating: 1083 &rarr; <strong>1107</strong><br />(+24 for winning)
|raw|chrysopranite's rating: 1040 &rarr; <strong>1026</strong><br />(-14 for losing)
|l|☆chrysopranite
|player|p2|
