|j|☆spicychickenman
|j|‽asdasfewg asdasd
|t:|1779906941
|gametype|singles
|player|p1|spicychickenman|veteran|1455
|player|p2|asdasfewg asdasd|101|1449
|gen|9
|tier|[Gen 9] OU
|rated|
|rule|HP Percentage Mod: HP is shown in percentages
|rule|Endless Battle Clause: Forcing endless battles is banned
|rule|Species Clause: Limit one of each Pokémon
|rule|OHKO Clause: OHKO moves are banned
|rule|Evasion Items Clause: Evasion items are banned
|rule|Evasion Moves Clause: Evasion moves are banned
|rule|Evasion Abilities Clause: Evasion abilities are banned
|rule|Sleep Moves Clause: Sleep-inducing moves are banned
|clearpoke
|poke|p1|Deoxys-Speed|
|poke|p1|Iron Valiant|
|poke|p1|Kingambit, M|
|poke|p1|Ceruledge, F|
|poke|p1|Dragonite, M|
|poke|p1|Raging Bolt|
|poke|p2|Corviknight, F|
|poke|p2|Zapdos|
|poke|p2|Clefable, M|
|poke|p2|Blaziken, M|
|poke|p2|Conkeldurr, M|
|poke|p2|Landorus-Therian, M|
|teampreview
|inactive|Battle timer is ON: inactive players will automatically lose when time's up. (requested by spicychickenman)
|
|t:|1779906966
|teamsize|p1|6
|teamsize|p2|6
|start
|switch|p1a: METROOO|Deoxys-Speed|100/100
|switch|p2a: Conkeldurr|Conkeldurr, M|100/100
|-ability|p1a: METROOO|Pressure
|turn|1
|
|t:|1779906981
|move|p1a: METROOO|Stealth Rock|p2a: Conkeldurr
|-sidestart|p2: asdasfewg asdasd|move: Stealth Rock
|move|p2a: Conkeldurr|Knock Off|p1a: METROOO
|-supereffective|p1a: METROOO
|-damage|p1a: METROOO|0 fnt
|-enditem|p1a: METROOO|Eject Pack|[from] move: Knock Off|[of] p2a: Conkeldurr
|faint|p1a: METROOO
|
|upkeep
|
|t:|1779906996
|switch|p1a: CRASH OUT|Iron Valiant|100/100
|-enditem|p1a: CRASH OUT|Booster Energy
|-activate|p1a: CRASH OUT|ability: Quark Drive|[fromitem]
|-start|p1a: CRASH OUT|quarkdrivespe
|turn|2
|
|t:|1779907005
|switch|p2a: Corviknight|Corviknight, F|100/100
|-damage|p2a: Corviknight|88/100|[from] Stealth Rock
|-ability|p2a: Corviknight|Pressure
|move|p1a: CRASH OUT|Moonblast|p2a: Corviknight
|-resisted|p2a: Corviknight
|-damage|p2a: Corviknight|69/100
|
|upkeep
|turn|3
|
|t:|1779907013
|move|p1a: CRASH OUT|Knock Off|p2a: Corviknight
|-damage|p2a: Corviknight|50/100
|-damage|p1a: CRASH OUT|84/100|[from] item: Rocky Helmet|[of] p2a: Corviknight
|-enditem|p2a: Corviknight|Rocky Helmet|[from] move: Knock Off|[of] p1a: CRASH OUT
|move|p2a: Corviknight|Defog|p1a: CRASH OUT
|-unboost|p1a: CRASH OUT|evasion|1
|-sideend|p2: asdasfewg asdasd|Stealth Rock|[from] move: Defog|[of] p2a: Corviknight
|
|upkeep
|turn|4
|
|t:|1779907019
|move|p1a: CRASH OUT|Encore|p2a: Corviknight
|-start|p2a: Corviknight|Encore
|move|p2a: Corviknight|Defog|p1a: CRASH OUT
|-unboost|p1a: CRASH OUT|evasion|1
|
|upkeep
|turn|5
|
|t:|1779907047
|switch|p2a: Clefable|Clefable, M|100/100
|move|p1a: CRASH OUT|Knock Off|p2a: Clefable
|-resisted|p2a: Clefable
|-damage|p2a: Clefable|83/100
|-enditem|p2a: Clefable|Leftovers|[from] move: Knock Off|[of] p1a: CRASH OUT
|
|upkeep
|turn|6
|
|t:|1779907064
|-end|p1a: CRASH OUT|Quark Drive|[silent]
|switch|p1a: SHIESTY|Ceruledge, F|100/100
|move|p2a: Clefable|Moonblast|p1a: SHIESTY
|-resisted|p1a: SHIESTY
|-damage|p1a: SHIESTY|83/100
|
|upkeep
|turn|7
|
|t:|1779907073
|switch|p2a: Landorus|Landorus-Therian, M|100/100
|-ability|p2a: Landorus|Intimidate|boost
|-unboost|p1a: SHIESTY|atk|1
|move|p1a: SHIESTY|Bitter Blade|p2a: Landorus
|-damage|p2a: Landorus|64/100
|-heal|p1a: SHIESTY|100/100|[from] drain|[of] p2a: Landorus
|
|-heal|p2a: Landorus|70/100|[from] item: Leftovers
|upkeep
|turn|8
|
|t:|1779907089
|switch|p1a: BIG STEPPA|Dragonite, M|100/100
|move|p2a: Landorus|Stealth Rock|p1a: BIG STEPPA
|-sidestart|p1: spicychickenman|move: Stealth Rock
|
|-heal|p2a: Landorus|76/100|[from] item: Leftovers
|upkeep
|turn|9
|
|t:|1779907094
|switch|p2a: Corviknight|Corviknight, F|50/100
|-ability|p2a: Corviknight|Pressure
|move|p1a: BIG STEPPA|Encore||[still]
|-fail|p1a: BIG STEPPA
|
|upkeep
|turn|10
|
|t:|1779907111
|move|p1a: BIG STEPPA|Dragon Dance|p1a: BIG STEPPA
|-boost|p1a: BIG STEPPA|atk|1
|-boost|p1a: BIG STEPPA|spe|1
|move|p2a: Corviknight|Taunt|p1a: BIG STEPPA
|-start|p1a: BIG STEPPA|move: Taunt
|
|upkeep
|turn|11
|
|t:|1779907124
|move|p1a: BIG STEPPA|Extreme Speed|p2a: Corviknight
|-resisted|p2a: Corviknight
|-damage|p2a: Corviknight|36/100
|move|p2a: Corviknight|Roost|p2a: Corviknight
|-heal|p2a: Corviknight|86/100
|-singleturn|p2a: Corviknight|move: Roost
|
|upkeep
|turn|12
|
|t:|1779907146
|move|p1a: BIG STEPPA|Extreme Speed|p2a: Corviknight
|-resisted|p2a: Corviknight
|-damage|p2a: Corviknight|72/100
|move|p2a: Corviknight|Iron Head|p1a: BIG STEPPA
|-damage|p1a: BIG STEPPA|87/100
|
|upkeep
|turn|13
|
|t:|1779907154
|switch|p2a: Landorus|Landorus-Therian, M|76/100
|-ability|p2a: Landorus|Intimidate|boost
|-unboost|p1a: BIG STEPPA|atk|1
|move|p1a: BIG STEPPA|Extreme Speed|p2a: Landorus
|-damage|p2a: Landorus|39/100
|
|-heal|p2a: Landorus|45/100|[from] item: Leftovers
|-end|p1a: BIG STEPPA|move: Taunt
|upkeep
|turn|14
|
|t:|1779907167
|switch|p2a: Conkeldurr|Conkeldurr, M|100/100
|move|p1a: BIG STEPPA|Extreme Speed|p2a: Conkeldurr
|-damage|p2a: Conkeldurr|73/100
|
|upkeep
|turn|15
|
|t:|1779907180
|switch|p1a: SHIESTY|Ceruledge, F|100/100
|-damage|p1a: SHIESTY|76/100|[from] Stealth Rock
|move|p2a: Conkeldurr|Ice Punch|p1a: SHIESTY
|-resisted|p1a: SHIESTY
|-crit|p1a: SHIESTY
|-damage|p1a: SHIESTY|45/100
|-ability|p1a: SHIESTY|Weak Armor|boost
|-unboost|p1a: SHIESTY|def|1
|-boost|p1a: SHIESTY|spe|2
|
|upkeep
|turn|16
|
|t:|1779907197
|move|p1a: SHIESTY|Bitter Blade|p2a: Conkeldurr
|-damage|p2a: Conkeldurr|31/100
|-heal|p1a: SHIESTY|75/100|[from] drain|[of] p2a: Conkeldurr
|move|p2a: Conkeldurr|Knock Off|p1a: SHIESTY
|-supereffective|p1a: SHIESTY
|-damage|p1a: SHIESTY|0 fnt
|-enditem|p1a: SHIESTY|Focus Sash|[from] move: Knock Off|[of] p2a: Conkeldurr
|faint|p1a: SHIESTY
|
|upkeep
|
|t:|1779907222
|switch|p1a: BIG STEPPA|Dragonite, M|87/100
|turn|17
|
|t:|1779907238
|-terastallize|p1a: BIG STEPPA|Normal
|move|p1a: BIG STEPPA|Extreme Speed|p2a: Conkeldurr
|-damage|p2a: Conkeldurr|0 fnt
|faint|p2a: Conkeldurr
|
|upkeep
|
|t:|1779907246
|switch|p2a: Blaziken|Blaziken, M|100/100
|turn|18
|
|t:|1779907253
|move|p1a: BIG STEPPA|Extreme Speed|p2a: Blaziken
|-damage|p2a: Blaziken|24/100
|move|p2a: Blaziken|Close Combat|p1a: BIG STEPPA
|-supereffective|p1a: BIG STEPPA
|-damage|p1a: BIG STEPPA|0 fnt
|-unboost|p2a: Blaziken|def|1
|-unboost|p2a: Blaziken|spd|1
|faint|p1a: BIG STEPPA
|
|-heal|p2a: Blaziken|30/100|[from] item: Leftovers
|-ability|p2a: Blaziken|Speed Boost|boost
|-boost|p2a: Blaziken|spe|1
|upkeep
|
|t:|1779907268
|switch|p1a: CATCH A FADE|Raging Bolt|100/100
|-damage|p1a: CATCH A FADE|88/100|[from] Stealth Rock
|-enditem|p1a: CATCH A FADE|Booster Energy
|-activate|p1a: CATCH A FADE|ability: Protosynthesis|[fromitem]
|-start|p1a: CATCH A FADE|protosynthesisspa
|turn|19
|
|t:|1779907276
|move|p2a: Blaziken|Protect|p2a: Blaziken
|-singleturn|p2a: Blaziken|Protect
|move|p1a: CATCH A FADE|Thunderclap||[still]
|-fail|p1a: CATCH A FADE
|
|-heal|p2a: Blaziken|36/100|[from] item: Leftovers
|-ability|p2a: Blaziken|Speed Boost|boost
|-boost|p2a: Blaziken|spe|1
|upkeep
|turn|20
|
|t:|1779907289
|move|p2a: Blaziken|Close Combat|p1a: CATCH A FADE
|-damage|p1a: CATCH A FADE|30/100
|-unboost|p2a: Blaziken|def|1
|-unboost|p2a: Blaziken|spd|1
|move|p1a: CATCH A FADE|Dragon Pulse|p2a: Blaziken
|-damage|p2a: Blaziken|0 fnt
|faint|p2a: Blaziken
|
|upkeep
|
|t:|1779907316
|switch|p2a: Landorus|Landorus-Therian, M|45/100
|-ability|p2a: Landorus|Intimidate|boost
|-unboost|p1a: CATCH A FADE|atk|1
|turn|21
|
|t:|1779907325
|-end|p1a: CATCH A FADE|Protosynthesis|[silent]
|switch|p1a: CRASH OUT|Iron Valiant|84/100
|-damage|p1a: CRASH OUT|78/100|[from] Stealth Rock
|move|p2a: Landorus|Earthquake|p1a: CRASH OUT
|-damage|p1a: CRASH OUT|0 fnt
|faint|p1a: CRASH OUT
|-end|p1a: CRASH OUT|Quark Drive|[silent]
|
|-heal|p2a: Landorus|51/100|[from] item: Leftovers
|upkeep
|
|t:|1779907335
|switch|p1a: STAND ON BIZ|Kingambit, M|100/100
|-damage|p1a: STAND ON BIZ|94/100|[from] Stealth Rock
|-activate|p1a: STAND ON BIZ|ability: Supreme Overlord
|-start|p1a: STAND ON BIZ|fallen4|[silent]
|turn|22
|
|t:|1779907343
|move|p1a: STAND ON BIZ|Sucker Punch|p2a: Landorus
|-damage|p2a: Landorus|0 fnt
|faint|p2a: Landorus
|
|upkeep
|
|t:|1779907347
|switch|p2a: Zapdos|Zapdos|100/100
|-ability|p2a: Zapdos|Pressure
|turn|23
|
|t:|1779907369
|move|p2a: Zapdos|Heat Wave|p1a: STAND ON BIZ
|-supereffective|p1a: STAND ON BIZ
|-damage|p1a: STAND ON BIZ|2/100
|-damage|p2a: Zapdos|91/100|[from] item: Life Orb
|move|p1a: STAND ON BIZ|Kowtow Cleave|p2a: Zapdos
|-damage|p2a: Zapdos|0 fnt
|faint|p2a: Zapdos
|
|upkeep
|
|t:|1779907388
|switch|p2a: Clefable|Clefable, M|83/100
|turn|24
|inactive|spicychickenman has 120 seconds left.
|
|t:|1779907420
|-terastallize|p2a: Clefable|Steel
|move|p1a: STAND ON BIZ|Kowtow Cleave|p2a: Clefable
|-damage|p2a: Clefable|0 fnt
|faint|p2a: Clefable
|
|upkeep
|
|t:|1779907425
|switch|p2a: Corviknight|Corviknight, F|72/100
|-ability|p2a: Corviknight|Pressure
|turn|25
|inactive|spicychickenman has 120 seconds left.
|
|t:|1779907435
|move|p1a: STAND ON BIZ|Kowtow Cleave|p2a: Corviknight
|-damage|p2a: Corviknight|17/100
|move|p2a: Corviknight|Iron Head|p1a: STAND ON BIZ
|-resisted|p1a: STAND ON BIZ
|-damage|p1a: STAND ON BIZ|0 fnt
|faint|p1a: STAND ON BIZ
|-end|p1a: STAND ON BIZ|fallen4|[silent]
|
|upkeep
|inactive|spicychickenman has 120 seconds left.
|
|t:|1779907441
|switch|p1a: CATCH A FADE|Raging Bolt|30/100
|-damage|p1a: CATCH A FADE|17/100|[from] Stealth Rock
|turn|26
|
|t:|1779907449
|move|p1a: CATCH A FADE|Thunderbolt|p2a: Corviknight
|-supereffective|p2a: Corviknight
|-crit|p2a: Corviknight
|-damage|p2a: Corviknight|0 fnt
|faint|p2a: Corviknight
|
|win|spicychickenman
|raw|spicychickenman's rating: 1455 &rarr; <strong>1475</strong><br />(+20 for winning)
|raw|asdasfewg asdasd's rating: 1449 &rarr; <strong>1429</strong><br />(-20 for losing)
|c|☆spicychickenman|called yo tera
|c|☆spicychickenman|outplayed
