|j|☆IkeDrippa
|j|☆claudechamp
|t:|1779800301
|gametype|singles
|player|p1|IkeDrippa|burglar|1217
|player|p2|claudechamp|265|1195
|gen|9
|tier|[Gen 9] OU
|rated|
|rule|HP Percentage Mod: HP is shown in percentages
|rule|Endless Battle Clause: Forcing endless battles is banned
|rule|Species Clause: Limit one of each Pokémon
|rule|OHKO Clause: OHKO moves are banned
|rule|Evasion Items Clause: Evasion items are banned
|rule|Evasion Moves Clause: Evasion moves are banned
|rule|Evasion Abilities Clause: Evasion abilities are banned
|rule|Sleep Moves Clause: Sleep-inducing moves are banned
|clearpoke
|poke|p1|Garchomp, M|
|poke|p1|Zapdos|
|poke|p1|Iron Moth|
|poke|p1|Landorus-Therian, M|
|poke|p1|Clodsire, F|
|poke|p1|Corviknight, M|
|poke|p2|Gliscor, M|
|poke|p2|Gholdengo|
|poke|p2|Zamazenta-*|
|poke|p2|Blissey, F|
|poke|p2|Skarmory, F|
|poke|p2|Pecharunt|
|teampreview
|c|☆claudechamp|hf
|inactive|Battle timer is ON: inactive players will automatically lose when time's up. (requested by claudechamp)
|
|t:|1779800304
|teamsize|p1|6
|teamsize|p2|6
|start
|switch|p1a: Landorus|Landorus-Therian, M|100/100
|switch|p2a: Skarmory|Skarmory, F|100/100
|-ability|p1a: Landorus|Intimidate|boost
|-unboost|p2a: Skarmory|atk|1
|turn|1
|
|t:|1779800330
|move|p1a: Landorus|U-turn|p2a: Skarmory
|-resisted|p2a: Skarmory
|-damage|p2a: Skarmory|96/100
|
|t:|1779800333
|switch|p1a: Zapdos|Zapdos|100/100|[from] U-turn
|move|p2a: Skarmory|Spikes|p1a: Zapdos
|-sidestart|p1: IkeDrippa|Spikes
|
|upkeep
|turn|2
|
|t:|1779800338
|switch|p2a: Blissey|Blissey, F|100/100
|move|p1a: Zapdos|Discharge|p2a: Blissey
|-damage|p2a: Blissey|88/100
|
|upkeep
|turn|3
|
|t:|1779800346
|move|p1a: Zapdos|Volt Switch|p2a: Blissey
|-damage|p2a: Blissey|77/100
|
|t:|1779800356
|switch|p1a: Corviknight|Corviknight, M|100/100|[from] Volt Switch
|-ability|p1a: Corviknight|Pressure
|move|p2a: Blissey|Stealth Rock|p1a: Corviknight
|-sidestart|p1: IkeDrippa|move: Stealth Rock
|
|upkeep
|turn|4
|
|t:|1779800370
|switch|p2a: Gholdengo|Gholdengo|100/100
|move|p1a: Corviknight|Defog|p2a: Gholdengo
|-immune|p2a: Gholdengo|[from] ability: Good as Gold
|
|upkeep
|turn|5
|
|t:|1779800373
|move|p2a: Gholdengo|Hex|p1a: Corviknight
|-damage|p1a: Corviknight|73/100
|move|p1a: Corviknight|U-turn|p2a: Gholdengo
|-resisted|p2a: Gholdengo
|-crit|p2a: Gholdengo
|-damage|p2a: Gholdengo|97/100
|
|t:|1779800379
|switch|p1a: Zapdos|Zapdos|100/100|[from] U-turn
|
|upkeep
|turn|6
|
|t:|1779800382
|switch|p2a: Gliscor|Gliscor, M|100/100
|move|p1a: Zapdos|Heat Wave|p2a: Gliscor
|-damage|p2a: Gliscor|70/100
|
|-status|p2a: Gliscor|tox|[from] item: Toxic Orb
|upkeep
|turn|7
|
|t:|1779800391
|move|p1a: Zapdos|Heat Wave|p2a: Gliscor
|-damage|p2a: Gliscor|39/100 tox
|move|p2a: Gliscor|Swords Dance|p2a: Gliscor
|-boost|p2a: Gliscor|atk|2
|
|-heal|p2a: Gliscor|52/100 tox|[from] ability: Poison Heal
|upkeep
|turn|8
|
|t:|1779800417
|move|p1a: Zapdos|Heat Wave|p2a: Gliscor
|-damage|p2a: Gliscor|20/100 tox
|move|p2a: Gliscor|Knock Off|p1a: Zapdos
|-damage|p1a: Zapdos|50/100
|-enditem|p1a: Zapdos|Heavy-Duty Boots|[from] move: Knock Off|[of] p2a: Gliscor
|
|-heal|p2a: Gliscor|33/100 tox|[from] ability: Poison Heal
|upkeep
|turn|9
|inactive|IkeDrippa has 120 seconds left.
|
|t:|1779800434
|move|p2a: Gliscor|Protect|p2a: Gliscor
|-singleturn|p2a: Gliscor|Protect
|move|p1a: Zapdos|Heat Wave|p2a: Gliscor
|-activate|p2a: Gliscor|move: Protect
|
|-heal|p2a: Gliscor|45/100 tox|[from] ability: Poison Heal
|upkeep
|turn|10
|
|t:|1779800440
|move|p1a: Zapdos|Roost|p1a: Zapdos
|-heal|p1a: Zapdos|99/100
|-singleturn|p1a: Zapdos|move: Roost
|move|p2a: Gliscor|Knock Off|p1a: Zapdos
|-damage|p1a: Zapdos|63/100
|
|-heal|p2a: Gliscor|58/100 tox|[from] ability: Poison Heal
|upkeep
|turn|11
|inactive|IkeDrippa has 120 seconds left.
|
|t:|1779800465
|move|p1a: Zapdos|Heat Wave|p2a: Gliscor
|-damage|p2a: Gliscor|29/100 tox
|move|p2a: Gliscor|Swords Dance|p2a: Gliscor
|-boost|p2a: Gliscor|atk|2
|
|-heal|p2a: Gliscor|42/100 tox|[from] ability: Poison Heal
|upkeep
|turn|12
|
|t:|1779800483
|move|p1a: Zapdos|Heat Wave|p2a: Gliscor
|-damage|p2a: Gliscor|11/100 tox
|move|p2a: Gliscor|Knock Off|p1a: Zapdos
|-damage|p1a: Zapdos|10/100
|
|-heal|p2a: Gliscor|23/100 tox|[from] ability: Poison Heal
|upkeep
|turn|13
|inactive|IkeDrippa has 120 seconds left.
|
|t:|1779800498
|move|p2a: Gliscor|Protect|p2a: Gliscor
|-singleturn|p2a: Gliscor|Protect
|move|p1a: Zapdos|Roost|p1a: Zapdos
|-heal|p1a: Zapdos|60/100
|-singleturn|p1a: Zapdos|move: Roost
|
|-heal|p2a: Gliscor|36/100 tox|[from] ability: Poison Heal
|upkeep
|turn|14
|
|t:|1779800512
|move|p1a: Zapdos|Heat Wave|p2a: Gliscor
|-damage|p2a: Gliscor|6/100 tox
|move|p2a: Gliscor|Knock Off|p1a: Zapdos
|-damage|p1a: Zapdos|10/100
|
|-heal|p2a: Gliscor|18/100 tox|[from] ability: Poison Heal
|upkeep
|turn|15
|
|t:|1779800532
|move|p2a: Gliscor|Protect|p2a: Gliscor
|-singleturn|p2a: Gliscor|Protect
|move|p1a: Zapdos|Roost|p1a: Zapdos
|-heal|p1a: Zapdos|60/100
|-singleturn|p1a: Zapdos|move: Roost
|
|-heal|p2a: Gliscor|31/100 tox|[from] ability: Poison Heal
|upkeep
|turn|16
|
|t:|1779800545
|switch|p2a: Blissey|Blissey, F|77/100
|move|p1a: Zapdos|Heat Wave|p2a: Blissey
|-damage|p2a: Blissey|67/100
|
|upkeep
|turn|17
|
|t:|1779800558
|move|p1a: Zapdos|Volt Switch|p2a: Blissey
|-damage|p2a: Blissey|56/100
|
|t:|1779800563
|switch|p1a: Corviknight|Corviknight, M|73/100|[from] Volt Switch
|-damage|p1a: Corviknight|60/100|[from] Stealth Rock
|-ability|p1a: Corviknight|Pressure
|move|p2a: Blissey|Calm Mind|p2a: Blissey
|-boost|p2a: Blissey|spa|1
|-boost|p2a: Blissey|spd|1
|
|upkeep
|turn|18
|
|t:|1779800576
|move|p1a: Corviknight|Brave Bird|p2a: Blissey
|-damage|p2a: Blissey|19/100
|-damage|p1a: Corviknight|41/100|[from] Recoil
|move|p2a: Blissey|Shadow Ball|p1a: Corviknight
|-damage|p1a: Corviknight|20/100
|
|upkeep
|turn|19
|
|t:|1779800589
|-terastallize|p2a: Blissey|Dark
|move|p1a: Corviknight|Roost|p1a: Corviknight
|-heal|p1a: Corviknight|70/100
|-singleturn|p1a: Corviknight|move: Roost
|move|p2a: Blissey|Stealth Rock||[still]
|-fail|p2a: Blissey
|
|upkeep
|turn|20
|
|t:|1779800602
|move|p1a: Corviknight|U-turn|p2a: Blissey
|-supereffective|p2a: Blissey
|-damage|p2a: Blissey|0 fnt
|faint|p2a: Blissey
|
|t:|1779800606
|switch|p1a: Landorus|Landorus-Therian, M|100/100|[from] U-turn
|-damage|p1a: Landorus|88/100|[from] Stealth Rock
|
|upkeep
|
|t:|1779800619
|switch|p2a: Gliscor|Gliscor, M|31/100 tox
|turn|21
|inactive|IkeDrippa has 120 seconds left.
|l|☆IkeDrippa
|inactive|IkeDrippa disconnected and has a minute to reconnect!
|player|p1|
|inactive|IkeDrippa has 30 seconds to reconnect!
|inactive|IkeDrippa has 20 seconds to reconnect!
|inactive|IkeDrippa has 15 seconds to reconnect!
|inactive|IkeDrippa has 10 seconds to reconnect!
|inactive|IkeDrippa has 5 seconds to reconnect!
|-message|IkeDrippa lost due to inactivity.
|
|win|claudechamp
|raw|IkeDrippa's rating: 1217 &rarr; <strong>1189</strong><br />(-28 for losing)
|raw|claudechamp's rating: 1175 &rarr; <strong>1203</strong><br />(+28 for winning)
|c|☆claudechamp|gg
