|j|☆silver jay#2240
|j|☆claudechamp
|t:|1779801777
|gametype|singles
|player|p1|silver jay#2240|grusha|1357
|player|p2|claudechamp|265|1297
|gen|9
|tier|[Gen 9] OU
|rated|
|rule|HP Percentage Mod: HP is shown in percentages
|rule|Endless Battle Clause: Forcing endless battles is banned
|rule|Species Clause: Limit one of each Pokémon
|rule|OHKO Clause: OHKO moves are banned
|rule|Evasion Items Clause: Evasion items are banned
|rule|Evasion Moves Clause: Evasion moves are banned
|rule|Evasion Abilities Clause: Evasion abilities are banned
|rule|Sleep Moves Clause: Sleep-inducing moves are banned
|clearpoke
|poke|p1|Grafaiai, F|
|poke|p1|Slowking-Galar, F|
|poke|p1|Corviknight, F|
|poke|p1|Ogerpon-Wellspring, F|
|poke|p1|Ting-Lu|
|poke|p1|Zamazenta-*|
|poke|p2|Gliscor, M|
|poke|p2|Gholdengo|
|poke|p2|Zamazenta-*|
|poke|p2|Blissey, F|
|poke|p2|Skarmory, F|
|poke|p2|Pecharunt|
|teampreview
|c|☆claudechamp|hf
|inactive|Battle timer is ON: inactive players will automatically lose when time's up. (requested by claudechamp)
|
|t:|1779801788
|teamsize|p1|6
|teamsize|p2|6
|start
|switch|p1a: Slowking|Slowking-Galar, F|100/100
|switch|p2a: Skarmory|Skarmory, F|100/100
|turn|1
|
|t:|1779801813
|move|p2a: Skarmory|Spikes|p1a: Slowking
|-sidestart|p1: silver jay#2240|Spikes
|move|p1a: Slowking|Trick|p2a: Skarmory
|-activate|p1a: Slowking|move: Trick|[of] p2a: Skarmory
|-item|p2a: Skarmory|Choice Scarf|[from] move: Trick
|-item|p1a: Slowking|Heavy-Duty Boots|[from] move: Trick
|
|upkeep
|turn|2
|
|t:|1779801819
|move|p2a: Skarmory|Spikes|p1a: Slowking
|-sidestart|p1: silver jay#2240|Spikes
|move|p1a: Slowking|Future Sight|p2a: Skarmory
|-start|p1a: Slowking|move: Future Sight
|
|upkeep
|turn|3
|
|t:|1779801824
|move|p2a: Skarmory|Spikes|p1a: Slowking
|-sidestart|p1: silver jay#2240|Spikes
|-prepare|p1a: Slowking|Chilly Reception|[premajor]
|move|p1a: Slowking|Chilly Reception|p1a: Slowking
|-weather|Snowscape
|
|t:|1779801829
|switch|p1a: Corviknight|Corviknight, F|100/100|[from] Chilly Reception
|-ability|p1a: Corviknight|Pressure
|
|-weather|Snowscape|[upkeep]
|upkeep
|turn|4
|
|t:|1779801834
|switch|p2a: Gholdengo|Gholdengo|100/100
|move|p1a: Corviknight|U-turn|p2a: Gholdengo
|-resisted|p2a: Gholdengo
|-damage|p2a: Gholdengo|98/100
|
|t:|1779801859
|switch|p1a: Ting-Lu|Ting-Lu|100/100|[from] U-turn
|-damage|p1a: Ting-Lu|76/100|[from] Spikes
|-ability|p1a: Ting-Lu|Vessel of Ruin
|
|-weather|Snowscape|[upkeep]
|-end|p2a: Gholdengo|move: Future Sight
|-resisted|p2a: Gholdengo
|-damage|p2a: Gholdengo|81/100
|-heal|p1a: Ting-Lu|82/100|[from] item: Leftovers
|upkeep
|turn|5
|
|t:|1779801866
|switch|p2a: Gliscor|Gliscor, M|100/100
|move|p1a: Ting-Lu|Stealth Rock|p2a: Gliscor
|-sidestart|p2: claudechamp|move: Stealth Rock
|
|-weather|Snowscape|[upkeep]
|-heal|p1a: Ting-Lu|88/100|[from] item: Leftovers
|-status|p2a: Gliscor|tox|[from] item: Toxic Orb
|upkeep
|turn|6
|
|t:|1779801874
|switch|p1a: Corviknight|Corviknight, F|100/100
|-ability|p1a: Corviknight|Pressure
|move|p2a: Gliscor|Knock Off|p1a: Corviknight
|-damage|p1a: Corviknight|88/100
|-damage|p2a: Gliscor|84/100 tox|[from] item: Rocky Helmet|[of] p1a: Corviknight
|-enditem|p1a: Corviknight|Rocky Helmet|[from] move: Knock Off|[of] p2a: Gliscor
|
|-weather|Snowscape|[upkeep]
|-heal|p2a: Gliscor|97/100 tox|[from] ability: Poison Heal
|upkeep
|turn|7
|
|t:|1779801882
|switch|p2a: Gholdengo|Gholdengo|81/100
|-damage|p2a: Gholdengo|75/100|[from] Stealth Rock
|move|p1a: Corviknight|U-turn|p2a: Gholdengo
|-resisted|p2a: Gholdengo
|-damage|p2a: Gholdengo|73/100
|
|t:|1779801888
|switch|p1a: Zamazenta|Zamazenta|100/100|[from] U-turn
|-damage|p1a: Zamazenta|76/100|[from] Spikes
|-ability|p1a: Zamazenta|Dauntless Shield|boost
|-boost|p1a: Zamazenta|def|1
|
|-weather|none
|upkeep
|turn|8
|
|t:|1779801894
|move|p1a: Zamazenta|Close Combat|p2a: Gholdengo
|-immune|p2a: Gholdengo
|move|p2a: Gholdengo|Recover|p2a: Gholdengo
|-heal|p2a: Gholdengo|100/100
|
|upkeep
|turn|9
|
|t:|1779801902
|switch|p1a: Ting-Lu|Ting-Lu|88/100
|-damage|p1a: Ting-Lu|63/100|[from] Spikes
|-ability|p1a: Ting-Lu|Vessel of Ruin
|move|p2a: Gholdengo|Nasty Plot|p2a: Gholdengo
|-boost|p2a: Gholdengo|spa|2
|
|-heal|p1a: Ting-Lu|69/100|[from] item: Leftovers
|upkeep
|turn|10
|
|t:|1779801905
|switch|p2a: Gliscor|Gliscor, M|97/100 tox
|-damage|p2a: Gliscor|84/100 tox|[from] Stealth Rock
|move|p1a: Ting-Lu|Earthquake|p2a: Gliscor
|-immune|p2a: Gliscor
|
|-heal|p1a: Ting-Lu|76/100|[from] item: Leftovers
|-heal|p2a: Gliscor|97/100 tox|[from] ability: Poison Heal
|upkeep
|turn|11
|
|t:|1779801914
|switch|p1a: Ogerpon|Ogerpon-Wellspring, F|100/100
|-damage|p1a: Ogerpon|76/100|[from] Spikes
|move|p2a: Gliscor|Knock Off|p1a: Ogerpon
|-damage|p1a: Ogerpon|57/100
|
|-heal|p2a: Gliscor|100/100 tox|[from] ability: Poison Heal
|upkeep
|turn|12
|
|t:|1779801919
|move|p1a: Ogerpon|Ivy Cudgel|p2a: Gliscor|[anim] Ivy Cudgel Water
|-supereffective|p2a: Gliscor
|-damage|p2a: Gliscor|7/100 tox
|move|p2a: Gliscor|Knock Off|p1a: Ogerpon
|-damage|p1a: Ogerpon|37/100
|
|-heal|p2a: Gliscor|19/100 tox|[from] ability: Poison Heal
|upkeep
|turn|13
|
|t:|1779801927
|switch|p2a: Pecharunt|Pecharunt|100/100
|move|p1a: Ogerpon|Horn Leech|p2a: Pecharunt
|-resisted|p2a: Pecharunt
|-damage|p2a: Pecharunt|89/100
|-heal|p1a: Ogerpon|44/100|[from] drain|[of] p2a: Pecharunt
|
|upkeep
|turn|14
|
|t:|1779801935
|move|p1a: Ogerpon|U-turn|p2a: Pecharunt
|-resisted|p2a: Pecharunt
|-damage|p2a: Pecharunt|87/100
|
|t:|1779801937
|switch|p1a: Corviknight|Corviknight, F|88/100|[from] U-turn
|-ability|p1a: Corviknight|Pressure
|move|p2a: Pecharunt|Shadow Ball|p1a: Corviknight
|-damage|p1a: Corviknight|63/100
|
|upkeep
|turn|15
|
|t:|1779801941
|move|p2a: Pecharunt|Parting Shot|p1a: Corviknight
|-unboost|p1a: Corviknight|atk|1
|-unboost|p1a: Corviknight|spa|1
|
|t:|1779801943
|switch|p2a: Gholdengo|Gholdengo|100/100|[from] Parting Shot
|-damage|p2a: Gholdengo|94/100|[from] Stealth Rock
|move|p1a: Corviknight|U-turn|p2a: Gholdengo
|-resisted|p2a: Gholdengo
|-damage|p2a: Gholdengo|93/100
|
|t:|1779801946
|switch|p1a: Zamazenta|Zamazenta|76/100|[from] U-turn
|-damage|p1a: Zamazenta|51/100|[from] Spikes
|
|upkeep
|turn|16
|
|t:|1779801957
|move|p1a: Zamazenta|Crunch|p2a: Gholdengo
|-supereffective|p2a: Gholdengo
|-damage|p2a: Gholdengo|33/100
|move|p2a: Gholdengo|Nasty Plot|p2a: Gholdengo
|-boost|p2a: Gholdengo|spa|2
|
|upkeep
|turn|17
|
|t:|1779801965
|-terastallize|p2a: Gholdengo|Fairy
|move|p1a: Zamazenta|Crunch|p2a: Gholdengo
|-resisted|p2a: Gholdengo
|-damage|p2a: Gholdengo|18/100
|move|p2a: Gholdengo|Recover|p2a: Gholdengo
|-heal|p2a: Gholdengo|68/100
|
|upkeep
|turn|18
|
|t:|1779801969
|switch|p1a: Ogerpon|Ogerpon-Wellspring, F|44/100
|-damage|p1a: Ogerpon|19/100|[from] Spikes
|move|p2a: Gholdengo|Hex|p1a: Ogerpon
|-damage|p1a: Ogerpon|0 fnt
|faint|p1a: Ogerpon
|
|upkeep
|
|t:|1779801974
|switch|p1a: Slowking|Slowking-Galar, F|100/100
|turn|19
|
|t:|1779801980
|move|p2a: Gholdengo|Hex|p1a: Slowking
|-supereffective|p1a: Slowking
|-damage|p1a: Slowking|39/100
|move|p1a: Slowking|Sludge Bomb|p2a: Gholdengo
|-supereffective|p2a: Gholdengo
|-damage|p2a: Gholdengo|0 fnt
|faint|p2a: Gholdengo
|
|upkeep
|
|t:|1779801983
|switch|p2a: Blissey|Blissey, F|100/100
|turn|20
|
|t:|1779801991
|move|p2a: Blissey|Stealth Rock|p1a: Slowking
|-sidestart|p1: silver jay#2240|move: Stealth Rock
|-prepare|p1a: Slowking|Chilly Reception|[premajor]
|move|p1a: Slowking|Chilly Reception|p1a: Slowking
|-weather|Snowscape
|
|t:|1779801994
|switch|p1a: Corviknight|Corviknight, F|63/100|[from] Chilly Reception
|-damage|p1a: Corviknight|51/100|[from] Stealth Rock
|-ability|p1a: Corviknight|Pressure
|
|-weather|Snowscape|[upkeep]
|upkeep
|turn|21
|
|t:|1779801998
|move|p1a: Corviknight|Roost|p1a: Corviknight
|-heal|p1a: Corviknight|100/100
|-singleturn|p1a: Corviknight|move: Roost
|move|p2a: Blissey|Calm Mind|p2a: Blissey
|-boost|p2a: Blissey|spa|1
|-boost|p2a: Blissey|spd|1
|
|-weather|Snowscape|[upkeep]
|upkeep
|turn|22
|
|t:|1779802006
|switch|p2a: Pecharunt|Pecharunt|87/100
|move|p1a: Corviknight|Defog|p2a: Pecharunt
|-unboost|p2a: Pecharunt|evasion|1
|-sideend|p2: claudechamp|Stealth Rock|[from] move: Defog|[of] p1a: Corviknight
|-sideend|p1: silver jay#2240|Spikes|[from] move: Defog|[of] p1a: Corviknight
|-sideend|p1: silver jay#2240|Stealth Rock|[from] move: Defog|[of] p1a: Corviknight
|
|-weather|Snowscape|[upkeep]
|upkeep
|turn|23
|
|t:|1779802013
|move|p2a: Pecharunt|Shadow Ball|p1a: Corviknight
|-damage|p1a: Corviknight|78/100
|move|p1a: Corviknight|U-turn|p2a: Pecharunt
|-resisted|p2a: Pecharunt
|-damage|p2a: Pecharunt|85/100
|
|t:|1779802017
|switch|p1a: Grafaiai|Grafaiai, F|100/100|[from] U-turn
|
|-weather|Snowscape|[upkeep]
|upkeep
|turn|24
|
|t:|1779802024
|move|p1a: Grafaiai|Encore|p2a: Pecharunt
|-start|p2a: Pecharunt|Encore
|move|p2a: Pecharunt|Shadow Ball|p1a: Grafaiai
|-immune|p1a: Grafaiai
|
|-weather|none
|upkeep
|turn|25
|
|t:|1779802032
|switch|p2a: Gliscor|Gliscor, M|19/100 tox
|move|p1a: Grafaiai|Parting Shot|p2a: Gliscor
|-unboost|p2a: Gliscor|atk|1
|-unboost|p2a: Gliscor|spa|1
|
|t:|1779802038
|switch|p1a: Zamazenta|Zamazenta|51/100|[from] Parting Shot
|
|-heal|p2a: Gliscor|32/100 tox|[from] ability: Poison Heal
|upkeep
|turn|26
|
|t:|1779802043
|move|p2a: Gliscor|Protect|p2a: Gliscor
|-singleturn|p2a: Gliscor|Protect
|move|p1a: Zamazenta|Close Combat|p2a: Gliscor
|-activate|p2a: Gliscor|move: Protect
|
|-heal|p2a: Gliscor|44/100 tox|[from] ability: Poison Heal
|upkeep
|turn|27
|
|t:|1779802050
|move|p1a: Zamazenta|Close Combat|p2a: Gliscor
|-resisted|p2a: Gliscor
|-damage|p2a: Gliscor|6/100 tox
|-unboost|p1a: Zamazenta|def|1
|-unboost|p1a: Zamazenta|spd|1
|move|p2a: Gliscor|Earthquake|p1a: Zamazenta
|-damage|p1a: Zamazenta|20/100
|
|-heal|p2a: Gliscor|18/100 tox|[from] ability: Poison Heal
|upkeep
|turn|28
|
|t:|1779802070
|move|p2a: Gliscor|Protect|p2a: Gliscor
|-singleturn|p2a: Gliscor|Protect
|move|p1a: Zamazenta|Close Combat|p2a: Gliscor
|-activate|p2a: Gliscor|move: Protect
|
|-heal|p2a: Gliscor|31/100 tox|[from] ability: Poison Heal
|upkeep
|turn|29
|
|t:|1779802081
|switch|p2a: Pecharunt|Pecharunt|85/100
|move|p1a: Zamazenta|Close Combat|p2a: Pecharunt
|-immune|p2a: Pecharunt
|
|upkeep
|turn|30
|inactive|silver jay#2240 has 120 seconds left.
|
|t:|1779802126
|switch|p1a: Slowking|Slowking-Galar, F|72/100
|move|p2a: Pecharunt|Parting Shot|p1a: Slowking
|-unboost|p1a: Slowking|atk|1
|-unboost|p1a: Slowking|spa|1
|
|t:|1779802135
|switch|p2a: Gliscor|Gliscor, M|31/100 tox|[from] Parting Shot
|
|-heal|p2a: Gliscor|43/100 tox|[from] ability: Poison Heal
|upkeep
|turn|31
|inactive|silver jay#2240 has 120 seconds left.
|inactive|silver jay#2240 has 90 seconds left.
|inactive|silver jay#2240 has 60 seconds left.
|
|t:|1779802215
|move|p2a: Gliscor|Earthquake|p1a: Slowking
|-supereffective|p1a: Slowking
|-damage|p1a: Slowking|8/100
|move|p1a: Slowking|Future Sight|p2a: Gliscor
|-start|p1a: Slowking|move: Future Sight
|
|-heal|p2a: Gliscor|56/100 tox|[from] ability: Poison Heal
|upkeep
|turn|32
|
|t:|1779802220
|switch|p1a: Corviknight|Corviknight, F|78/100
|-ability|p1a: Corviknight|Pressure
|move|p2a: Gliscor|Earthquake|p1a: Corviknight
|-immune|p1a: Corviknight
|
|-heal|p2a: Gliscor|68/100 tox|[from] ability: Poison Heal
|upkeep
|turn|33
|inactive|silver jay#2240 has 60 seconds left.
|
|t:|1779802249
|move|p2a: Gliscor|Protect|p2a: Gliscor
|-singleturn|p2a: Gliscor|Protect
|move|p1a: Corviknight|U-turn|p2a: Gliscor
|-activate|p2a: Gliscor|move: Protect
|
|-end|p2a: Gliscor|move: Future Sight
|-damage|p2a: Gliscor|30/100 tox
|-heal|p2a: Gliscor|43/100 tox|[from] ability: Poison Heal
|upkeep
|turn|34
|
|t:|1779802263
|move|p2a: Gliscor|Swords Dance|p2a: Gliscor
|-boost|p2a: Gliscor|atk|2
|move|p1a: Corviknight|Brave Bird|p2a: Gliscor
|-damage|p2a: Gliscor|11/100 tox
|-damage|p1a: Corviknight|69/100|[from] Recoil
|
|-heal|p2a: Gliscor|24/100 tox|[from] ability: Poison Heal
|upkeep
|turn|35
|inactive|silver jay#2240 has 30 seconds left.
|inactive|silver jay#2240 has 20 seconds left.
|inactive|silver jay#2240 has 15 seconds left.
|inactive|silver jay#2240 has 10 seconds left.
|inactive|silver jay#2240 has 5 seconds left.
|-message|silver jay#2240 lost due to inactivity.
|
|win|claudechamp
|raw|silver jay#2240's rating: 1357 &rarr; <strong>1331</strong><br />(-26 for losing)
|raw|claudechamp's rating: 1251 &rarr; <strong>1283</strong><br />(+32 for winning)
|c|☆claudechamp|gg
