|j|☆random168
|j|☆sobakirin
|t:|1779933369
|gametype|singles
|player|p1|random168|265|1200
|player|p2|sobakirin|burglar|1163
|gen|9
|tier|[Gen 9] OU
|rated|
|rule|HP Percentage Mod: HP is shown in percentages
|rule|Endless Battle Clause: Forcing endless battles is banned
|rule|Species Clause: Limit one of each Pokémon
|rule|OHKO Clause: OHKO moves are banned
|rule|Evasion Items Clause: Evasion items are banned
|rule|Evasion Moves Clause: Evasion moves are banned
|rule|Evasion Abilities Clause: Evasion abilities are banned
|rule|Sleep Moves Clause: Sleep-inducing moves are banned
|clearpoke
|poke|p1|Pelipper, L99, F|
|poke|p1|Barraskewda, F|
|poke|p1|Toxicroak, M|
|poke|p1|Tentacruel, F|
|poke|p1|Raging Bolt|
|poke|p1|Enamorus, F|
|poke|p2|Cresselia, F|
|poke|p2|Magnezone|
|poke|p2|Samurott-Hisui, F|
|poke|p2|Donphan, F|
|poke|p2|Ninetales-Alola, F|
|poke|p2|Arbok, F|
|teampreview
|inactive|Battle timer is ON: inactive players will automatically lose when time's up. (requested by sobakirin)
|
|t:|1779933378
|teamsize|p1|6
|teamsize|p2|6
|start
|switch|p1a: Ghoti carrier|Pelipper, L99, F|100/100
|switch|p2a: Magnezone|Magnezone|100/100
|-weather|RainDance|[from] ability: Drizzle|[of] p1a: Ghoti carrier
|turn|1
|
|t:|1779933385
|move|p2a: Magnezone|Volt Switch|p1a: Ghoti carrier
|-supereffective|p1a: Ghoti carrier
|-damage|p1a: Ghoti carrier|0 fnt
|faint|p1a: Ghoti carrier
|
|t:|1779933389
|switch|p2a: Samurott|Samurott-Hisui, F|100/100|[from] Volt Switch
|
|-weather|RainDance|[upkeep]
|upkeep
|
|t:|1779933395
|switch|p1a: Toxicroak|Toxicroak, M|100/100
|turn|2
|
|t:|1779933403
|move|p2a: Samurott|Ceaseless Edge|p1a: Toxicroak
|-resisted|p1a: Toxicroak
|-damage|p1a: Toxicroak|81/100
|-sidestart|p1: random168|Spikes
|move|p1a: Toxicroak|Swords Dance|p1a: Toxicroak
|-boost|p1a: Toxicroak|atk|2
|
|-weather|RainDance|[upkeep]
|-heal|p1a: Toxicroak|93/100|[from] ability: Dry Skin
|-heal|p1a: Toxicroak|99/100|[from] item: Leftovers
|upkeep
|turn|3
|
|t:|1779933417
|move|p2a: Samurott|Ceaseless Edge|p1a: Toxicroak
|-resisted|p1a: Toxicroak
|-damage|p1a: Toxicroak|82/100
|-sidestart|p1: random168|Spikes
|move|p1a: Toxicroak|Drain Punch|p2a: Samurott
|-supereffective|p2a: Samurott
|-damage|p2a: Samurott|0 fnt
|-heal|p1a: Toxicroak|100/100|[from] drain|[of] p2a: Samurott
|faint|p2a: Samurott
|
|-weather|RainDance|[upkeep]
|upkeep
|
|t:|1779933423
|switch|p2a: Ninetales|Ninetales-Alola, F|100/100
|-weather|Snowscape|[from] ability: Snow Warning|[of] p2a: Ninetales
|turn|4
|
|t:|1779933439
|move|p2a: Ninetales|Aurora Veil|p2a: Ninetales
|-sidestart|p2: sobakirin|move: Aurora Veil
|move|p1a: Toxicroak|Poison Jab|p2a: Ninetales
|-supereffective|p2a: Ninetales
|-damage|p2a: Ninetales|44/100
|
|-weather|Snowscape|[upkeep]
|upkeep
|turn|5
|
|t:|1779933458
|switch|p2a: Arbok|Arbok, F|100/100
|move|p1a: Toxicroak|Poison Jab|p2a: Arbok
|-resisted|p2a: Arbok
|-damage|p2a: Arbok|81/100
|
|-weather|Snowscape|[upkeep]
|-heal|p2a: Arbok|87/100|[from] item: Leftovers
|upkeep
|turn|6
|
|t:|1779933464
|move|p1a: Toxicroak|Swords Dance|p1a: Toxicroak
|-boost|p1a: Toxicroak|atk|2
|move|p2a: Arbok|Coil|p2a: Arbok
|-boost|p2a: Arbok|atk|1
|-boost|p2a: Arbok|def|1
|-boost|p2a: Arbok|accuracy|1
|
|-weather|Snowscape|[upkeep]
|-heal|p2a: Arbok|93/100|[from] item: Leftovers
|upkeep
|turn|7
|
|t:|1779933469
|move|p1a: Toxicroak|Encore|p2a: Arbok
|-start|p2a: Arbok|Encore
|move|p2a: Arbok|Coil|p2a: Arbok
|-boost|p2a: Arbok|atk|1
|-boost|p2a: Arbok|def|1
|-boost|p2a: Arbok|accuracy|1
|
|-weather|Snowscape|[upkeep]
|-heal|p2a: Arbok|99/100|[from] item: Leftovers
|upkeep
|turn|8
|
|t:|1779933482
|switch|p2a: Donphan|Donphan, F|100/100
|move|p1a: Toxicroak|Swords Dance|p1a: Toxicroak
|-boost|p1a: Toxicroak|atk|2
|
|-weather|none
|upkeep
|turn|9
|
|t:|1779933489
|move|p1a: Toxicroak|Drain Punch|p2a: Donphan
|-damage|p2a: Donphan|58/100
|move|p2a: Donphan|Earthquake|p1a: Toxicroak
|-supereffective|p1a: Toxicroak
|-crit|p1a: Toxicroak
|-damage|p1a: Toxicroak|0 fnt
|faint|p1a: Toxicroak
|
|upkeep
|
|t:|1779933510
|switch|p1a: Enamorus|Enamorus, F|100/100
|turn|10
|
|t:|1779933521
|move|p1a: Enamorus|Moonblast|p2a: Donphan
|-damage|p2a: Donphan|22/100
|move|p2a: Donphan|Knock Off|p1a: Enamorus
|-resisted|p1a: Enamorus
|-damage|p1a: Enamorus|74/100
|-enditem|p1a: Enamorus|Choice Scarf|[from] move: Knock Off|[of] p2a: Donphan
|
|upkeep
|turn|11
|
|t:|1779933534
|move|p2a: Donphan|Ice Shard|p1a: Enamorus
|-supereffective|p1a: Enamorus
|-damage|p1a: Enamorus|23/100
|move|p1a: Enamorus|Moonblast|p2a: Donphan
|-damage|p2a: Donphan|0 fnt
|faint|p2a: Donphan
|
|-sideend|p2: sobakirin|move: Aurora Veil
|upkeep
|
|t:|1779933554
|switch|p2a: Ninetales|Ninetales-Alola, F|44/100
|-weather|Snowscape|[from] ability: Snow Warning|[of] p2a: Ninetales
|turn|12
|
|t:|1779933559
|move|p2a: Ninetales|Aurora Veil|p2a: Ninetales
|-sidestart|p2: sobakirin|move: Aurora Veil
|move|p1a: Enamorus|Mystical Fire|p2a: Ninetales
|-supereffective|p2a: Ninetales
|-damage|p2a: Ninetales|9/100
|-unboost|p2a: Ninetales|spa|1
|
|-weather|Snowscape|[upkeep]
|upkeep
|turn|13
|
|t:|1779933569
|move|p2a: Ninetales|Moonblast|p1a: Enamorus
|-damage|p1a: Enamorus|0 fnt
|faint|p1a: Enamorus
|
|-weather|Snowscape|[upkeep]
|upkeep
|
|t:|1779933574
|switch|p1a: ExSkewda Me|Barraskewda, F|100/100
|-damage|p1a: ExSkewda Me|84/100|[from] Spikes
|turn|14
|
|t:|1779933587
|move|p1a: ExSkewda Me|Liquidation|p2a: Ninetales
|-damage|p2a: Ninetales|0 fnt
|faint|p2a: Ninetales
|
|-weather|Snowscape|[upkeep]
|upkeep
|
|t:|1779933593
|switch|p2a: Cresselia|Cresselia, F|100/100
|turn|15
|
|t:|1779933599
|-terastallize|p1a: ExSkewda Me|Water
|move|p1a: ExSkewda Me|Liquidation|p2a: Cresselia
|-damage|p2a: Cresselia|75/100
|-enditem|p2a: Cresselia|Kee Berry|[eat]
|-boost|p2a: Cresselia|def|1|[from] item: Kee Berry
|move|p2a: Cresselia|Calm Mind|p2a: Cresselia
|-boost|p2a: Cresselia|spa|1
|-boost|p2a: Cresselia|spd|1
|
|-weather|Snowscape|[upkeep]
|upkeep
|turn|16
|
|t:|1779933615
|move|p1a: ExSkewda Me|Liquidation|p2a: Cresselia
|-damage|p2a: Cresselia|60/100
|move|p2a: Cresselia|Calm Mind|p2a: Cresselia
|-boost|p2a: Cresselia|spa|1
|-boost|p2a: Cresselia|spd|1
|
|-weather|none
|upkeep
|turn|17
|
|t:|1779933624
|switch|p1a: Tentacruel|Tentacruel, F|100/100
|-damage|p1a: Tentacruel|84/100|[from] Spikes
|move|p2a: Cresselia|Stored Power|p1a: Tentacruel
|-supereffective|p1a: Tentacruel
|-damage|p1a: Tentacruel|31/100
|
|upkeep
|turn|18
|
|t:|1779933633
|move|p2a: Cresselia|Moonblast|p1a: Tentacruel
|-resisted|p1a: Tentacruel
|-damage|p1a: Tentacruel|25/100
|-unboost|p1a: Tentacruel|spa|1
|move|p1a: Tentacruel|Mirror Coat|p2a: Cresselia
|-damage|p2a: Cresselia|49/100
|
|upkeep
|turn|19
|
|t:|1779933640
|move|p2a: Cresselia|Stored Power|p1a: Tentacruel
|-supereffective|p1a: Tentacruel
|-damage|p1a: Tentacruel|0 fnt
|faint|p1a: Tentacruel
|
|-sideend|p2: sobakirin|move: Aurora Veil
|upkeep
|
|t:|1779933645
|switch|p1a: ExSkewda Me|Barraskewda, F, tera:Water|84/100
|-damage|p1a: ExSkewda Me|68/100|[from] Spikes
|turn|20
|
|t:|1779933654
|move|p1a: ExSkewda Me|Liquidation|p2a: Cresselia
|-damage|p2a: Cresselia|19/100
|-unboost|p2a: Cresselia|def|1
|move|p2a: Cresselia|Stored Power|p1a: ExSkewda Me
|-damage|p1a: ExSkewda Me|0 fnt
|faint|p1a: ExSkewda Me
|
|upkeep
|
|t:|1779933658
|switch|p1a: Raging Bolt|Raging Bolt|100/100
|-damage|p1a: Raging Bolt|84/100|[from] Spikes
|turn|21
|
|t:|1779933667
|move|p1a: Raging Bolt|Thunder|p2a: Cresselia
|-crit|p2a: Cresselia
|-damage|p2a: Cresselia|0 fnt
|faint|p2a: Cresselia
|
|-heal|p1a: Raging Bolt|90/100|[from] item: Leftovers
|upkeep
|
|t:|1779933677
|switch|p2a: Arbok|Arbok, F|99/100
|turn|22
|
|t:|1779933697
|-terastallize|p2a: Arbok|Grass
|move|p2a: Arbok|Coil|p2a: Arbok
|-boost|p2a: Arbok|atk|1
|-boost|p2a: Arbok|def|1
|-boost|p2a: Arbok|accuracy|1
|move|p1a: Raging Bolt|Thunder|p2a: Arbok
|-resisted|p2a: Arbok
|-damage|p2a: Arbok|64/100
|
|-heal|p2a: Arbok|70/100|[from] item: Leftovers
|-heal|p1a: Raging Bolt|96/100|[from] item: Leftovers
|upkeep
|turn|23
|
|t:|1779933709
|move|p2a: Arbok|Gunk Shot|p1a: Raging Bolt
|-damage|p1a: Raging Bolt|52/100
|move|p1a: Raging Bolt|Draco Meteor|p2a: Arbok
|-damage|p2a: Arbok|0 fnt
|-unboost|p1a: Raging Bolt|spa|2
|faint|p2a: Arbok
|
|-heal|p1a: Raging Bolt|58/100|[from] item: Leftovers
|upkeep
|
|t:|1779933715
|switch|p2a: Magnezone|Magnezone|100/100
|turn|24
|
|t:|1779933722
|move|p1a: Raging Bolt|Thunder|p2a: Magnezone
|-resisted|p2a: Magnezone
|-damage|p2a: Magnezone|84/100
|move|p2a: Magnezone|Body Press|p1a: Raging Bolt
|-damage|p1a: Raging Bolt|35/100
|
|-heal|p1a: Raging Bolt|41/100|[from] item: Leftovers
|upkeep
|turn|25
|
|t:|1779933728
|move|p1a: Raging Bolt|Draco Meteor|p2a: Magnezone
|-resisted|p2a: Magnezone
|-damage|p2a: Magnezone|63/100
|-unboost|p1a: Raging Bolt|spa|2
|move|p2a: Magnezone|Body Press|p1a: Raging Bolt
|-damage|p1a: Raging Bolt|17/100
|
|-heal|p1a: Raging Bolt|24/100|[from] item: Leftovers
|upkeep
|turn|26
|
|t:|1779933731
|move|p1a: Raging Bolt|Draco Meteor|p2a: Magnezone
|-resisted|p2a: Magnezone
|-damage|p2a: Magnezone|48/100
|-unboost|p1a: Raging Bolt|spa|2
|move|p2a: Magnezone|Body Press|p1a: Raging Bolt
|-damage|p1a: Raging Bolt|1/100
|
|-heal|p1a: Raging Bolt|7/100|[from] item: Leftovers
|upkeep
|turn|27
|-message|random168 forfeited.
|
|win|sobakirin
|raw|random168's rating: 1200 &rarr; <strong>1172</strong><br />(-28 for losing)
|raw|sobakirin's rating: 1163 &rarr; <strong>1191</strong><br />(+28 for winning)
|l|☆random168
|player|p1|
|l|☆sobakirin
|player|p2|
