|j|☆sunshinepromise
|j|☆Cinder D Ace
|t:|1779800685
|gametype|singles
|player|p1|sunshinepromise|265|1418
|player|p2|Cinder D Ace|miku-fire|1432
|gen|9
|tier|[Gen 9] OU
|rated|
|rule|HP Percentage Mod: HP is shown in percentages
|rule|Endless Battle Clause: Forcing endless battles is banned
|rule|Species Clause: Limit one of each Pokémon
|rule|OHKO Clause: OHKO moves are banned
|rule|Evasion Items Clause: Evasion items are banned
|rule|Evasion Moves Clause: Evasion moves are banned
|rule|Evasion Abilities Clause: Evasion abilities are banned
|rule|Sleep Moves Clause: Sleep-inducing moves are banned
|clearpoke
|poke|p1|Pincurchin, M|
|poke|p1|Iron Treads|
|poke|p1|Iron Hands|
|poke|p1|Iron Valiant|
|poke|p1|Raging Bolt|
|poke|p1|Iron Moth|
|poke|p2|Slowking-Galar, M|
|poke|p2|Garganacl, M|
|poke|p2|Cinderace, M|
|poke|p2|Keldeo-Resolute|
|poke|p2|Corviknight, M|
|poke|p2|Iron Valiant|
|teampreview
|
|t:|1779800695
|teamsize|p1|6
|teamsize|p2|6
|start
|switch|p1a: Pincurchin|Pincurchin, M|100/100
|switch|p2a: Garganacl|Garganacl, M|100/100
|-fieldstart|move: Electric Terrain|[from] ability: Electric Surge|[of] p1a: Pincurchin
|turn|1
|inactive|Battle timer is ON: inactive players will automatically lose when time's up. (requested by sunshinepromise)
|
|t:|1779800713
|switch|p1a: Iron Hands|Iron Hands|100/100
|-item|p1a: Iron Hands|Air Balloon
|-activate|p1a: Iron Hands|ability: Quark Drive
|-start|p1a: Iron Hands|quarkdriveatk
|move|p2a: Garganacl|Salt Cure|p1a: Iron Hands
|-resisted|p1a: Iron Hands
|-damage|p1a: Iron Hands|95/100
|-start|p1a: Iron Hands|Salt Cure
|-enditem|p1a: Iron Hands|Air Balloon
|
|-damage|p1a: Iron Hands|83/100|[from] Salt Cure
|upkeep
|turn|2
|
|t:|1779800723
|switch|p2a: Iron Valiant|Iron Valiant|100/100
|-activate|p2a: Iron Valiant|ability: Quark Drive
|-start|p2a: Iron Valiant|quarkdrivespe
|move|p1a: Iron Hands|Thunder Punch|p2a: Iron Valiant
|-damage|p2a: Iron Valiant|0 fnt
|faint|p2a: Iron Valiant
|-end|p2a: Iron Valiant|Quark Drive|[silent]
|
|-damage|p1a: Iron Hands|70/100|[from] Salt Cure
|upkeep
|
|t:|1779800735
|switch|p2a: Cinderace|Cinderace, M|100/100
|turn|3
|
|t:|1779800738
|move|p2a: Cinderace|Will-O-Wisp|p1a: Iron Hands
|-status|p1a: Iron Hands|brn
|move|p1a: Iron Hands|Thunder Punch|p2a: Cinderace
|-damage|p2a: Cinderace|51/100
|
|-damage|p1a: Iron Hands|64/100 brn|[from] brn
|-damage|p1a: Iron Hands|52/100 brn|[from] Salt Cure
|upkeep
|turn|4
|
|t:|1779800746
|move|p2a: Cinderace|U-turn|p1a: Iron Hands
|-resisted|p1a: Iron Hands
|-damage|p1a: Iron Hands|45/100 brn
|
|t:|1779800748
|switch|p2a: Garganacl|Garganacl, M|100/100|[from] U-turn
|move|p1a: Iron Hands|Swords Dance|p1a: Iron Hands
|-boost|p1a: Iron Hands|atk|2
|
|-damage|p1a: Iron Hands|39/100 brn|[from] brn
|-damage|p1a: Iron Hands|27/100 brn|[from] Salt Cure
|upkeep
|turn|5
|
|t:|1779800755
|switch|p2a: Slowking|Slowking-Galar, M|100/100
|move|p1a: Iron Hands|Drain Punch|p2a: Slowking
|-resisted|p2a: Slowking
|-damage|p2a: Slowking|85/100
|-heal|p1a: Iron Hands|33/100 brn|[from] drain|[of] p2a: Slowking
|
|-damage|p1a: Iron Hands|27/100 brn|[from] brn
|-damage|p1a: Iron Hands|15/100 brn|[from] Salt Cure
|upkeep
|turn|6
|
|t:|1779800767
|move|p1a: Iron Hands|Thunder Punch|p2a: Slowking
|-damage|p2a: Slowking|4/100
|-prepare|p2a: Slowking|Chilly Reception|[premajor]
|move|p2a: Slowking|Chilly Reception|p2a: Slowking
|-weather|Snowscape
|
|t:|1779800773
|switch|p2a: Cinderace|Cinderace, M|51/100|[from] Chilly Reception
|
|-weather|Snowscape|[upkeep]
|-damage|p1a: Iron Hands|9/100 brn|[from] brn
|-damage|p1a: Iron Hands|0 fnt|[from] Salt Cure
|faint|p1a: Iron Hands
|-end|p1a: Iron Hands|Quark Drive|[silent]
|upkeep
|
|t:|1779800779
|switch|p1a: Iron Moth|Iron Moth|100/100
|-activate|p1a: Iron Moth|ability: Quark Drive
|-start|p1a: Iron Moth|quarkdrivespa
|turn|7
|
|t:|1779800784
|move|p2a: Cinderace|Pyro Ball|p1a: Iron Moth
|-resisted|p1a: Iron Moth
|-damage|p1a: Iron Moth|60/100
|move|p1a: Iron Moth|Agility|p1a: Iron Moth
|-boost|p1a: Iron Moth|spe|2
|
|-weather|Snowscape|[upkeep]
|upkeep
|turn|8
|
|t:|1779800790
|switch|p2a: Garganacl|Garganacl, M|100/100
|move|p1a: Iron Moth|Meteor Beam||[still]
|-prepare|p1a: Iron Moth|Meteor Beam
|-boost|p1a: Iron Moth|spa|1
|-enditem|p1a: Iron Moth|Power Herb
|-anim|p1a: Iron Moth|Meteor Beam|p2a: Garganacl
|-damage|p2a: Garganacl|37/100
|
|-weather|Snowscape|[upkeep]
|-heal|p2a: Garganacl|44/100|[from] item: Leftovers
|-fieldend|move: Electric Terrain
|-end|p1a: Iron Moth|Quark Drive
|upkeep
|turn|9
|
|t:|1779800797
|-terastallize|p1a: Iron Moth|Electric
|move|p2a: Garganacl|Protect|p2a: Garganacl
|-singleturn|p2a: Garganacl|Protect
|move|p1a: Iron Moth|Discharge|p2a: Garganacl
|-activate|p2a: Garganacl|move: Protect
|
|-weather|Snowscape|[upkeep]
|-heal|p2a: Garganacl|50/100|[from] item: Leftovers
|upkeep
|turn|10
|
|t:|1779800806
|move|p1a: Iron Moth|Discharge|p2a: Garganacl
|-damage|p2a: Garganacl|3/100
|move|p2a: Garganacl|Salt Cure|p1a: Iron Moth
|-damage|p1a: Iron Moth|38/100
|-start|p1a: Iron Moth|Salt Cure
|
|-weather|none
|-heal|p2a: Garganacl|9/100|[from] item: Leftovers
|-damage|p1a: Iron Moth|25/100|[from] Salt Cure
|upkeep
|turn|11
|
|t:|1779800813
|move|p2a: Garganacl|Protect|p2a: Garganacl
|-singleturn|p2a: Garganacl|Protect
|move|p1a: Iron Moth|Fiery Dance|p2a: Garganacl
|-activate|p2a: Garganacl|move: Protect
|
|-heal|p2a: Garganacl|15/100|[from] item: Leftovers
|-damage|p1a: Iron Moth|13/100|[from] Salt Cure
|upkeep
|turn|12
|
|t:|1779800829
|switch|p2a: Slowking|Slowking-Galar, M|37/100
|move|p1a: Iron Moth|Fiery Dance|p2a: Slowking
|-damage|p2a: Slowking|0 fnt
|faint|p2a: Slowking
|
|-damage|p1a: Iron Moth|1/100|[from] Salt Cure
|upkeep
|
|t:|1779800834
|switch|p2a: Garganacl|Garganacl, M|15/100
|turn|13
|
|t:|1779800841
|-end|p1a: Iron Moth|Quark Drive|[silent]
|switch|p1a: Iron Treads|Iron Treads|100/100
|move|p2a: Garganacl|Protect||[still]
|-fail|p2a: Garganacl
|
|-heal|p2a: Garganacl|21/100|[from] item: Leftovers
|upkeep
|turn|14
|
|t:|1779800846
|switch|p2a: Corviknight|Corviknight, M, shiny|100/100
|-ability|p2a: Corviknight|Pressure
|move|p1a: Iron Treads|Supercell Slam|p2a: Corviknight
|-supereffective|p2a: Corviknight
|-damage|p2a: Corviknight|54/100
|
|-heal|p2a: Corviknight|61/100|[from] item: Leftovers
|upkeep
|turn|15
|
|t:|1779800853
|-end|p1a: Iron Treads|Quark Drive|[silent]
|switch|p1a: Pincurchin|Pincurchin, M|100/100
|-fieldstart|move: Electric Terrain|[from] ability: Electric Surge|[of] p1a: Pincurchin
|move|p2a: Corviknight|Roost|p2a: Corviknight
|-heal|p2a: Corviknight|100/100
|-singleturn|p2a: Corviknight|move: Roost
|
|upkeep
|turn|16
|
|t:|1779800860
|switch|p2a: Garganacl|Garganacl, M|21/100
|switch|p1a: Raging Bolt|Raging Bolt|100/100
|-enditem|p1a: Raging Bolt|Booster Energy
|-activate|p1a: Raging Bolt|ability: Protosynthesis|[fromitem]
|-start|p1a: Raging Bolt|protosynthesisspa
|
|-heal|p2a: Garganacl|27/100|[from] item: Leftovers
|upkeep
|turn|17
|
|t:|1779800867
|move|p1a: Raging Bolt|Thunderbolt|p2a: Garganacl
|-damage|p2a: Garganacl|0 fnt
|faint|p2a: Garganacl
|
|upkeep
|
|t:|1779800868
|switch|p2a: Cinderace|Cinderace, M|51/100
|turn|18
|
|t:|1779800871
|move|p2a: Cinderace|Pyro Ball|p1a: Raging Bolt
|-resisted|p1a: Raging Bolt
|-damage|p1a: Raging Bolt|80/100
|move|p1a: Raging Bolt|Thunderbolt|p2a: Cinderace
|-damage|p2a: Cinderace|0 fnt
|faint|p2a: Cinderace
|
|upkeep
|-message|Cinder D Ace forfeited.
|
|win|sunshinepromise
|raw|sunshinepromise's rating: 1418 &rarr; <strong>1439</strong><br />(+21 for winning)
|raw|Cinder D Ace's rating: 1432 &rarr; <strong>1411</strong><br />(-21 for losing)
|l|☆Cinder D Ace
|player|p2|
|l|☆sunshinepromise
|player|p1|
