|j|☆redz17
|j|☆cablaz
|t:|1779951910
|gametype|singles
|player|p1|redz17|marlon|1131
|player|p2|cablaz|265|1161
|gen|9
|tier|[Gen 9] OU
|rated|
|rule|HP Percentage Mod: HP is shown in percentages
|rule|Endless Battle Clause: Forcing endless battles is banned
|rule|Species Clause: Limit one of each Pokémon
|rule|OHKO Clause: OHKO moves are banned
|rule|Evasion Items Clause: Evasion items are banned
|rule|Evasion Moves Clause: Evasion moves are banned
|rule|Evasion Abilities Clause: Evasion abilities are banned
|rule|Sleep Moves Clause: Sleep-inducing moves are banned
|clearpoke
|poke|p1|Glimmora, F|
|poke|p1|Cloyster, M|
|poke|p1|Grimmsnarl, M|
|poke|p1|Mew|
|poke|p1|Toxapex, F|
|poke|p1|Meowscarada, F|
|poke|p2|Pincurchin, F|
|poke|p2|Iron Moth|
|poke|p2|Raging Bolt|
|poke|p2|Ogerpon-Wellspring, F|
|poke|p2|Iron Leaves|
|poke|p2|Landorus-Therian, M|
|teampreview
|inactive|Battle timer is ON: inactive players will automatically lose when time's up. (requested by redz17)
|
|t:|1779951918
|teamsize|p1|6
|teamsize|p2|6
|start
|switch|p1a: Rock|Glimmora, F|100/100
|switch|p2a: Ogerpon|Ogerpon-Wellspring, F|100/100
|turn|1
|
|t:|1779951927
|move|p2a: Ogerpon|Ivy Cudgel|p1a: Rock|[anim] Ivy Cudgel Water
|-supereffective|p1a: Rock
|-enditem|p1a: Rock|Focus Sash
|-damage|p1a: Rock|1/100
|-activate|p1a: Rock|ability: Toxic Debris
|-sidestart|p2: cablaz|move: Toxic Spikes
|move|p1a: Rock|Mortal Spin|p2a: Ogerpon
|-supereffective|p2a: Ogerpon
|-damage|p2a: Ogerpon|84/100
|-status|p2a: Ogerpon|psn
|
|-damage|p2a: Ogerpon|72/100 psn|[from] psn
|upkeep
|turn|2
|
|t:|1779951930
|move|p2a: Ogerpon|U-turn|p1a: Rock
|-resisted|p1a: Rock
|-damage|p1a: Rock|0 fnt
|-activate|p1a: Rock|ability: Toxic Debris
|-sidestart|p2: cablaz|move: Toxic Spikes
|faint|p1a: Rock
|
|t:|1779951932
|switch|p2a: Iron Moth|Iron Moth|100/100|[from] U-turn
|-sideend|p2: cablaz|move: Toxic Spikes|[of] p2a: Iron Moth
|
|upkeep
|
|t:|1779951936
|switch|p1a: Orge|Grimmsnarl, M|100/100
|turn|3
|
|t:|1779951944
|move|p1a: Orge|Light Screen|p1a: Orge
|-sidestart|p1: redz17|move: Light Screen
|move|p2a: Iron Moth|Sludge Wave|p1a: Orge
|-supereffective|p1a: Orge
|-damage|p1a: Orge|46/100
|
|upkeep
|turn|4
|
|t:|1779951954
|move|p1a: Orge|Thunder Wave|p2a: Iron Moth
|-status|p2a: Iron Moth|par
|move|p2a: Iron Moth|Sludge Wave|p1a: Orge
|-supereffective|p1a: Orge
|-damage|p1a: Orge|0 fnt
|faint|p1a: Orge
|
|upkeep
|
|t:|1779951962
|switch|p1a: Cat|Mew|100/100
|turn|5
|
|t:|1779951967
|-end|p2a: Iron Moth|Quark Drive|[silent]
|switch|p2a: Pincurchin|Pincurchin, F, shiny|100/100
|-fieldstart|move: Electric Terrain|[from] ability: Electric Surge|[of] p2a: Pincurchin
|move|p1a: Cat|Nasty Plot|p1a: Cat
|-boost|p1a: Cat|spa|2
|
|upkeep
|turn|6
|
|t:|1779951975
|move|p1a: Cat|Psychic|p2a: Pincurchin
|-crit|p2a: Pincurchin
|-damage|p2a: Pincurchin|0 fnt
|faint|p2a: Pincurchin
|-damage|p1a: Cat|91/100|[from] item: Life Orb
|
|upkeep
|
|t:|1779951992
|switch|p2a: Iron Leaves|Iron Leaves|100/100
|-activate|p2a: Iron Leaves|ability: Quark Drive
|-start|p2a: Iron Leaves|quarkdriveatk
|turn|7
|
|t:|1779952000
|move|p2a: Iron Leaves|Leaf Blade|p1a: Cat
|-damage|p1a: Cat|6/100
|move|p1a: Cat|Draining Kiss|p2a: Iron Leaves
|-damage|p2a: Iron Leaves|64/100
|-heal|p1a: Cat|32/100|[from] drain|[of] p2a: Iron Leaves
|-damage|p1a: Cat|22/100|[from] item: Life Orb
|
|upkeep
|turn|8
|
|t:|1779952005
|move|p2a: Iron Leaves|Leaf Blade|p1a: Cat
|-damage|p1a: Cat|0 fnt
|faint|p1a: Cat
|
|upkeep
|
|t:|1779952009
|switch|p1a: Toxapex|Toxapex, F|100/100
|turn|9
|
|t:|1779952015
|move|p2a: Iron Leaves|Leaf Blade|p1a: Toxapex
|-crit|p1a: Toxapex
|-damage|p1a: Toxapex|0 fnt
|faint|p1a: Toxapex
|
|upkeep
|
|t:|1779952020
|switch|p1a: Clam|Cloyster, M|100/100
|turn|10
|
|t:|1779952022
|move|p2a: Iron Leaves|Leaf Blade|p1a: Clam
|-supereffective|p1a: Clam
|-damage|p1a: Clam|0 fnt
|faint|p1a: Clam
|
|-sideend|p1: redz17|move: Light Screen
|upkeep
|
|t:|1779952026
|switch|p1a: Meowscarada|Meowscarada, F|100/100
|turn|11
|
|t:|1779952031
|move|p1a: Meowscarada|Triple Axel|p2a: Iron Leaves
|-start|p1a: Meowscarada|typechange|Ice|[from] ability: Protean
|-supereffective|p2a: Iron Leaves
|-damage|p2a: Iron Leaves|43/100
|-supereffective|p2a: Iron Leaves
|-damage|p2a: Iron Leaves|0 fnt
|faint|p2a: Iron Leaves
|-end|p2a: Iron Leaves|Quark Drive|[silent]
|-hitcount|p2: Iron Leaves|2
|
|upkeep
|
|t:|1779952037
|switch|p2a: Landorus|Landorus-Therian, M|100/100
|-ability|p2a: Landorus|Intimidate|boost
|-unboost|p1a: Meowscarada|atk|1
|turn|12
|
|t:|1779952042
|-terastallize|p1a: Meowscarada|Grass
|move|p1a: Meowscarada|Triple Axel|p2a: Landorus
|-supereffective|p2a: Landorus
|-damage|p2a: Landorus|69/100
|-supereffective|p2a: Landorus
|-damage|p2a: Landorus|11/100
|-supereffective|p2a: Landorus
|-damage|p2a: Landorus|0 fnt
|faint|p2a: Landorus
|-hitcount|p2: Landorus|3
|
|-fieldend|move: Electric Terrain
|upkeep
|
|t:|1779952046
|switch|p2a: Iron Moth|Iron Moth|100/100 par
|turn|13
|
|t:|1779952053
|move|p1a: Meowscarada|Knock Off|p2a: Iron Moth
|-damage|p2a: Iron Moth|65/100 par
|-enditem|p2a: Iron Moth|Choice Scarf|[from] move: Knock Off|[of] p1a: Meowscarada
|move|p2a: Iron Moth|Sludge Wave|p1a: Meowscarada
|-supereffective|p1a: Meowscarada
|-damage|p1a: Meowscarada|0 fnt
|faint|p1a: Meowscarada
|
|win|cablaz
|raw|redz17's rating: 1131 &rarr; <strong>1108</strong><br />(-23 for losing)
|raw|cablaz's rating: 1161 &rarr; <strong>1184</strong><br />(+23 for winning)
|l|☆cablaz
|player|p2|
|l|☆redz17
|player|p1|
