|j|☆BaiVic
|j|☆vafafaf
|t:|1779900684
|gametype|singles
|player|p1|BaiVic|2|1418
|player|p2|vafafaf|2|1480
|gen|9
|tier|[Gen 9] OU
|rated|
|rule|HP Percentage Mod: HP is shown in percentages
|rule|Endless Battle Clause: Forcing endless battles is banned
|rule|Species Clause: Limit one of each Pokémon
|rule|OHKO Clause: OHKO moves are banned
|rule|Evasion Items Clause: Evasion items are banned
|rule|Evasion Moves Clause: Evasion moves are banned
|rule|Evasion Abilities Clause: Evasion abilities are banned
|rule|Sleep Moves Clause: Sleep-inducing moves are banned
|clearpoke
|poke|p1|Meowscarada, F|
|poke|p1|Gholdengo|
|poke|p1|Ting-Lu|
|poke|p1|Corviknight, M|
|poke|p1|Keldeo|
|poke|p1|Slowking-Galar, M|
|poke|p2|Exeggutor-Alola, F|
|poke|p2|Hatterene, F|
|poke|p2|Kingambit, M|
|poke|p2|Iron Valiant|
|poke|p2|Ting-Lu|
|poke|p2|Regieleki|
|teampreview
|inactive|Battle timer is ON: inactive players will automatically lose when time's up. (requested by vafafaf)
|inactive|vafafaf has 120 seconds left.
|
|t:|1779900735
|teamsize|p1|6
|teamsize|p2|6
|start
|switch|p1a: Meowscarada|Meowscarada, F|100/100
|switch|p2a: Hatterene|Hatterene, F|100/100
|turn|1
|inactive|BaiVic has 120 seconds left.
|
|t:|1779900787
|switch|p1a: Gholdengo|Gholdengo|100/100
|move|p2a: Hatterene|Nuzzle|p1a: Gholdengo
|-damage|p1a: Gholdengo|96/100
|-status|p1a: Gholdengo|par
|
|upkeep
|turn|2
|
|t:|1779900799
|switch|p1a: Keldeo|Keldeo|100/100
|switch|p2a: Ting-Lu|Ting-Lu|100/100
|-ability|p2a: Ting-Lu|Vessel of Ruin
|
|upkeep
|turn|3
|
|t:|1779900818
|switch|p2a: Exeggutor|Exeggutor-Alola, F|100/100
|move|p1a: Keldeo|Surf|p2a: Exeggutor
|-resisted|p2a: Exeggutor
|-damage|p2a: Exeggutor|89/100
|
|upkeep
|turn|4
|
|t:|1779900834
|move|p1a: Keldeo|Flip Turn|p2a: Exeggutor
|-resisted|p2a: Exeggutor
|-damage|p2a: Exeggutor|86/100
|
|t:|1779900836
|switch|p1a: Slowking|Slowking-Galar, M|100/100|[from] Flip Turn
|move|p2a: Exeggutor|Calm Mind|p2a: Exeggutor
|-boost|p2a: Exeggutor|spa|1
|-boost|p2a: Exeggutor|spd|1
|
|upkeep
|turn|5
|inactive|BaiVic has 120 seconds left.
|
|t:|1779900854
|switch|p2a: Ting-Lu|Ting-Lu|100/100
|-ability|p2a: Ting-Lu|Vessel of Ruin
|move|p1a: Slowking|Thunder Wave|p2a: Ting-Lu
|-immune|p2a: Ting-Lu
|
|upkeep
|turn|6
|
|t:|1779900865
|switch|p1a: Keldeo|Keldeo|100/100
|move|p2a: Ting-Lu|Stealth Rock|p1a: Keldeo
|-sidestart|p1: BaiVic|move: Stealth Rock
|
|upkeep
|turn|7
|
|t:|1779900873
|switch|p2a: Exeggutor|Exeggutor-Alola, F|86/100
|move|p1a: Keldeo|Aura Sphere|p2a: Exeggutor
|-damage|p2a: Exeggutor|39/100
|
|upkeep
|turn|8
|
|t:|1779900885
|switch|p2a: Hatterene|Hatterene, F|100/100
|move|p1a: Keldeo|Aura Sphere|p2a: Hatterene
|-resisted|p2a: Hatterene
|-damage|p2a: Hatterene|90/100
|
|upkeep
|turn|9
|inactive|vafafaf has 120 seconds left.
|
|t:|1779900916
|switch|p2a: Ting-Lu|Ting-Lu|100/100
|-ability|p2a: Ting-Lu|Vessel of Ruin
|move|p1a: Keldeo|Flip Turn|p2a: Ting-Lu
|-supereffective|p2a: Ting-Lu
|-damage|p2a: Ting-Lu|84/100
|
|t:|1779900924
|switch|p1a: Meowscarada|Meowscarada, F|100/100|[from] Flip Turn
|
|-heal|p2a: Ting-Lu|90/100|[from] item: Leftovers
|upkeep
|turn|10
|inactive|vafafaf has 120 seconds left.
|
|t:|1779900936
|move|p1a: Meowscarada|Knock Off|p2a: Ting-Lu
|-start|p1a: Meowscarada|typechange|Dark|[from] ability: Protean
|-resisted|p2a: Ting-Lu
|-damage|p2a: Ting-Lu|78/100
|-enditem|p2a: Ting-Lu|Leftovers|[from] move: Knock Off|[of] p1a: Meowscarada
|move|p2a: Ting-Lu|Spikes|p1a: Meowscarada
|-sidestart|p1: BaiVic|Spikes
|
|upkeep
|turn|11
|inactive|vafafaf has 120 seconds left.
|
|t:|1779900970
|switch|p2a: Exeggutor|Exeggutor-Alola, F|39/100
|move|p1a: Meowscarada|Flower Trick|p2a: Exeggutor
|-resisted|p2a: Exeggutor
|-crit|p2a: Exeggutor
|-damage|p2a: Exeggutor|31/100
|
|upkeep
|turn|12
|
|t:|1779900978
|move|p2a: Exeggutor|Endure|p2a: Exeggutor
|-singleturn|p2a: Exeggutor|move: Endure
|move|p1a: Meowscarada|Triple Axel|p2a: Exeggutor
|-supereffective|p2a: Exeggutor
|-damage|p2a: Exeggutor|6/100
|-supereffective|p2a: Exeggutor
|-activate|p2a: Exeggutor|move: Endure
|-damage|p2a: Exeggutor|1/100
|-supereffective|p2a: Exeggutor
|-activate|p2a: Exeggutor|move: Endure
|-damage|p2a: Exeggutor|1/100
|-hitcount|p2a: Exeggutor|3
|
|upkeep
|turn|13
|-enditem|p2a: Exeggutor|Custap Berry|[eat]
|-activate|p2a: Exeggutor|item: Custap Berry|[consumed]
|
|t:|1779901002
|switch|p1a: Gholdengo|Gholdengo|96/100 par
|-damage|p1a: Gholdengo|90/100 par|[from] Stealth Rock
|-damage|p1a: Gholdengo|78/100 par|[from] Spikes
|move|p2a: Exeggutor|Dragon Pulse|p1a: Gholdengo
|-resisted|p1a: Gholdengo
|-damage|p1a: Gholdengo|52/100 par
|
|-item|p2a: Exeggutor|Custap Berry|[from] ability: Harvest
|upkeep
|turn|14
|
|t:|1779901027
|switch|p2a: Ting-Lu|Ting-Lu|78/100
|-ability|p2a: Ting-Lu|Vessel of Ruin
|cant|p1a: Gholdengo|par
|
|upkeep
|turn|15
|inactive|vafafaf has 90 seconds left.
|
|t:|1779901043
|switch|p2a: Regieleki|Regieleki|100/100
|switch|p1a: Meowscarada|Meowscarada, F|100/100
|
|upkeep
|turn|16
|inactive|vafafaf has 90 seconds left.
|
|t:|1779901063
|switch|p2a: Hatterene|Hatterene, F|90/100
|move|p1a: Meowscarada|Knock Off|p2a: Hatterene
|-start|p1a: Meowscarada|typechange|Dark|[from] ability: Protean
|-damage|p2a: Hatterene|52/100
|-damage|p1a: Meowscarada|84/100|[from] item: Rocky Helmet|[of] p2a: Hatterene
|-enditem|p2a: Hatterene|Rocky Helmet|[from] move: Knock Off|[of] p1a: Meowscarada
|
|upkeep
|turn|17
|inactive|vafafaf has 90 seconds left.
|
|t:|1779901076
|move|p1a: Meowscarada|Flower Trick|p2a: Hatterene
|-crit|p2a: Hatterene
|-damage|p2a: Hatterene|25/100
|move|p2a: Hatterene|Pain Split|p1a: Meowscarada
|-sethp|p1a: Meowscarada|55/100|[from] move: Pain Split|[silent]
|-sethp|p2a: Hatterene|51/100|[from] move: Pain Split
|
|upkeep
|turn|18
|
|t:|1779901085
|switch|p1a: Gholdengo|Gholdengo|52/100 par
|-damage|p1a: Gholdengo|46/100 par|[from] Stealth Rock
|-damage|p1a: Gholdengo|34/100 par|[from] Spikes
|move|p2a: Hatterene|Draining Kiss|p1a: Gholdengo
|-resisted|p1a: Gholdengo
|-damage|p1a: Gholdengo|21/100 par
|-heal|p2a: Hatterene|61/100|[from] drain|[of] p1a: Gholdengo
|
|upkeep
|turn|19
|
|t:|1779901098
|switch|p2a: Ting-Lu|Ting-Lu|78/100
|-ability|p2a: Ting-Lu|Vessel of Ruin
|move|p1a: Gholdengo|Recover|p1a: Gholdengo
|-heal|p1a: Gholdengo|71/100 par
|
|upkeep
|turn|20
|
|t:|1779901108
|move|p2a: Ting-Lu|Earthquake|p1a: Gholdengo
|-supereffective|p1a: Gholdengo
|-damage|p1a: Gholdengo|0 fnt
|faint|p1a: Gholdengo
|
|upkeep
|
|t:|1779901120
|switch|p1a: Keldeo|Keldeo|100/100
|turn|21
|
|t:|1779901136
|move|p1a: Keldeo|Surf|p2a: Ting-Lu
|-supereffective|p2a: Ting-Lu
|-damage|p2a: Ting-Lu|37/100
|move|p2a: Ting-Lu|Earthquake|p1a: Keldeo
|-damage|p1a: Keldeo|61/100
|
|upkeep
|turn|22
|
|t:|1779901147
|move|p1a: Keldeo|Surf|p2a: Ting-Lu
|-supereffective|p2a: Ting-Lu
|-damage|p2a: Ting-Lu|1/100
|move|p2a: Ting-Lu|Earthquake|p1a: Keldeo
|-damage|p1a: Keldeo|16/100
|
|upkeep
|turn|23
|
|t:|1779901153
|move|p1a: Keldeo|Surf|p2a: Ting-Lu
|-supereffective|p2a: Ting-Lu
|-damage|p2a: Ting-Lu|0 fnt
|faint|p2a: Ting-Lu
|
|upkeep
|
|t:|1779901162
|switch|p2a: Exeggutor|Exeggutor-Alola, F|1/100
|turn|24
|-enditem|p2a: Exeggutor|Custap Berry|[eat]
|-activate|p2a: Exeggutor|item: Custap Berry|[consumed]
|
|t:|1779901166
|move|p1a: Keldeo|Vacuum Wave|p2a: Exeggutor
|-damage|p2a: Exeggutor|0 fnt
|faint|p2a: Exeggutor
|
|upkeep
|inactive|vafafaf has 120 seconds left.
|
|t:|1779901179
|switch|p2a: Regieleki|Regieleki|100/100
|turn|25
|inactive|vafafaf has 120 seconds left.
|
|t:|1779901191
|switch|p1a: Ting-Lu|Ting-Lu|100/100
|-damage|p1a: Ting-Lu|94/100|[from] Stealth Rock
|-damage|p1a: Ting-Lu|82/100|[from] Spikes
|-ability|p1a: Ting-Lu|Vessel of Ruin
|move|p2a: Regieleki|Volt Switch|p1a: Ting-Lu
|-immune|p1a: Ting-Lu
|
|-heal|p1a: Ting-Lu|88/100|[from] item: Leftovers
|upkeep
|turn|26
|
|t:|1779901204
|switch|p2a: Hatterene|Hatterene, F|61/100
|switch|p1a: Corviknight|Corviknight, M|100/100
|-damage|p1a: Corviknight|88/100|[from] Stealth Rock
|-ability|p1a: Corviknight|Pressure
|
|upkeep
|turn|27
|inactive|vafafaf has 120 seconds left.
|
|t:|1779901231
|move|p1a: Corviknight|Defog|p2a: Hatterene
|move|p2a: Hatterene|Defog|p1a: Corviknight|[from] ability: Magic Bounce
|-unboost|p1a: Corviknight|evasion|1
|-sideend|p1: BaiVic|Spikes|[from] move: Defog|[of] p2a: Hatterene
|-sideend|p1: BaiVic|Stealth Rock|[from] move: Defog|[of] p2a: Hatterene
|move|p2a: Hatterene|Nuzzle|p1a: Corviknight
|-supereffective|p1a: Corviknight
|-damage|p1a: Corviknight|83/100
|-status|p1a: Corviknight|par
|-damage|p2a: Hatterene|45/100|[from] item: Rocky Helmet|[of] p1a: Corviknight
|
|upkeep
|turn|28
|
|t:|1779901240
|move|p2a: Hatterene|Pain Split|p1a: Corviknight
|-sethp|p1a: Corviknight|59/100 par|[from] move: Pain Split|[silent]
|-sethp|p2a: Hatterene|74/100|[from] move: Pain Split
|cant|p1a: Corviknight|par
|
|upkeep
|turn|29
|inactive|vafafaf has 120 seconds left.
|
|t:|1779901251
|switch|p2a: Regieleki|Regieleki|100/100
|cant|p1a: Corviknight|par
|
|upkeep
|turn|30
|
|t:|1779901257
|switch|p1a: Ting-Lu|Ting-Lu|88/100
|-ability|p1a: Ting-Lu|Vessel of Ruin
|move|p2a: Regieleki|Reflect|p2a: Regieleki
|-sidestart|p2: vafafaf|Reflect
|
|-heal|p1a: Ting-Lu|94/100|[from] item: Leftovers
|upkeep
|turn|31
|
|t:|1779901266
|switch|p2a: Hatterene|Hatterene, F|74/100
|move|p1a: Ting-Lu|Stealth Rock|p2a: Hatterene
|move|p2a: Hatterene|Stealth Rock|p1a: Ting-Lu|[from] ability: Magic Bounce
|-sidestart|p1: BaiVic|move: Stealth Rock
|
|-heal|p1a: Ting-Lu|100/100|[from] item: Leftovers
|upkeep
|turn|32
|
|t:|1779901279
|switch|p1a: Slowking|Slowking-Galar, M|100/100
|move|p2a: Hatterene|Pain Split|p1a: Slowking
|-sethp|p1a: Slowking|80/100|[from] move: Pain Split|[silent]
|-sethp|p2a: Hatterene|99/100|[from] move: Pain Split
|
|upkeep
|turn|33
|
|t:|1779901285
|switch|p2a: Kingambit|Kingambit, M|100/100
|-activate|p2a: Kingambit|ability: Supreme Overlord
|-start|p2a: Kingambit|fallen2|[silent]
|-item|p2a: Kingambit|Air Balloon
|-prepare|p1a: Slowking|Chilly Reception|[premajor]
|move|p1a: Slowking|Chilly Reception|p1a: Slowking
|-weather|Snowscape
|
|t:|1779901293
|switch|p1a: Ting-Lu|Ting-Lu|100/100|[from] Chilly Reception
|-damage|p1a: Ting-Lu|94/100|[from] Stealth Rock
|-ability|p1a: Ting-Lu|Vessel of Ruin
|
|-weather|Snowscape|[upkeep]
|-heal|p1a: Ting-Lu|100/100|[from] item: Leftovers
|upkeep
|turn|34
|
|t:|1779901312
|move|p2a: Kingambit|Swords Dance|p2a: Kingambit
|-boost|p2a: Kingambit|atk|2
|move|p1a: Ting-Lu|Whirlwind|p2a: Kingambit
|-end|p2a: Kingambit|fallen2|[silent]
|drag|p2a: Iron Valiant|Iron Valiant|100/100
|-enditem|p2a: Iron Valiant|Booster Energy
|-activate|p2a: Iron Valiant|ability: Quark Drive|[fromitem]
|-start|p2a: Iron Valiant|quarkdrivespe
|
|-weather|Snowscape|[upkeep]
|-sideend|p2: vafafaf|Reflect
|upkeep
|turn|35
|
|t:|1779901334
|move|p2a: Iron Valiant|Close Combat|p1a: Ting-Lu
|-supereffective|p1a: Ting-Lu
|-damage|p1a: Ting-Lu|35/100
|-unboost|p2a: Iron Valiant|def|1
|-unboost|p2a: Iron Valiant|spd|1
|move|p1a: Ting-Lu|Whirlwind|p2a: Iron Valiant
|-end|p2a: Iron Valiant|Quark Drive|[silent]
|drag|p2a: Kingambit|Kingambit, M|100/100
|-activate|p2a: Kingambit|ability: Supreme Overlord
|-start|p2a: Kingambit|fallen2|[silent]
|-item|p2a: Kingambit|Air Balloon
|
|-weather|Snowscape|[upkeep]
|-heal|p1a: Ting-Lu|41/100|[from] item: Leftovers
|upkeep
|turn|36
|
|t:|1779901344
|move|p2a: Kingambit|Low Kick|p1a: Ting-Lu
|-supereffective|p1a: Ting-Lu
|-damage|p1a: Ting-Lu|0 fnt
|faint|p1a: Ting-Lu
|
|-weather|Snowscape|[upkeep]
|upkeep
|
|t:|1779901355
|switch|p1a: Keldeo|Keldeo|16/100
|turn|37
|
|t:|1779901367
|-end|p2a: Kingambit|fallen2|[silent]
|switch|p2a: Hatterene|Hatterene, F|99/100
|move|p1a: Keldeo|Flip Turn|p2a: Hatterene
|-damage|p2a: Hatterene|87/100
|
|t:|1779901372
|switch|p1a: Slowking|Slowking-Galar, M|100/100|[from] Flip Turn
|
|-weather|none
|upkeep
|turn|38
|
|t:|1779901389
|move|p2a: Hatterene|Psychic Noise|p1a: Slowking
|-damage|p1a: Slowking|81/100
|-start|p1a: Slowking|move: Heal Block
|move|p1a: Slowking|Future Sight|p2a: Hatterene
|-start|p1a: Slowking|move: Future Sight
|
|upkeep
|turn|39
|
|t:|1779901398
|move|p2a: Hatterene|Psychic Noise|p1a: Slowking
|-damage|p1a: Slowking|61/100
|move|p1a: Slowking|Thunder Wave|p2a: Hatterene
|move|p2a: Hatterene|Thunder Wave|p1a: Slowking|[from] ability: Magic Bounce
|-status|p1a: Slowking|par
|
|-end|p1a: Slowking|move: Heal Block
|upkeep
|turn|40
|
|t:|1779901413
|move|p2a: Hatterene|Psychic Noise|p1a: Slowking
|-damage|p1a: Slowking|41/100 par
|-start|p1a: Slowking|move: Heal Block
|move|p1a: Slowking|Sludge Bomb|p2a: Hatterene
|-supereffective|p2a: Hatterene
|-damage|p2a: Hatterene|13/100
|
|-end|p2a: Hatterene|move: Future Sight
|-resisted|p2a: Hatterene
|-damage|p2a: Hatterene|0 fnt
|faint|p2a: Hatterene
|upkeep
|
|t:|1779901427
|switch|p2a: Iron Valiant|Iron Valiant|100/100
|turn|41
|
|t:|1779901434
|move|p2a: Iron Valiant|Knock Off|p1a: Slowking
|-supereffective|p1a: Slowking
|-damage|p1a: Slowking|0 fnt
|-enditem|p1a: Slowking|Heavy-Duty Boots|[from] move: Knock Off|[of] p2a: Iron Valiant
|faint|p1a: Slowking
|
|upkeep
|
|t:|1779901448
|switch|p1a: Meowscarada|Meowscarada, F|55/100
|turn|42
|
|t:|1779901453
|-terastallize|p1a: Meowscarada|Fire
|move|p1a: Meowscarada|Flower Trick|p2a: Iron Valiant
|-crit|p2a: Iron Valiant
|-damage|p2a: Iron Valiant|37/100
|move|p2a: Iron Valiant|Spirit Break|p1a: Meowscarada
|-resisted|p1a: Meowscarada
|-damage|p1a: Meowscarada|23/100
|-unboost|p1a: Meowscarada|spa|1
|
|upkeep
|turn|43
|
|t:|1779901464
|move|p1a: Meowscarada|Flower Trick|p2a: Iron Valiant
|-crit|p2a: Iron Valiant
|-damage|p2a: Iron Valiant|0 fnt
|faint|p2a: Iron Valiant
|-end|p2a: Iron Valiant|Quark Drive|[silent]
|
|upkeep
|
|t:|1779901470
|switch|p2a: Regieleki|Regieleki|100/100
|turn|44
|
|t:|1779901477
|move|p2a: Regieleki|Thunderbolt|p1a: Meowscarada
|-damage|p1a: Meowscarada|0 fnt
|faint|p1a: Meowscarada
|
|upkeep
|
|t:|1779901479
|switch|p1a: Keldeo|Keldeo|16/100
|turn|45
|
|t:|1779901482
|move|p1a: Keldeo|Vacuum Wave|p2a: Regieleki
|-damage|p2a: Regieleki|58/100
|move|p2a: Regieleki|Thunderbolt|p1a: Keldeo
|-supereffective|p1a: Keldeo
|-damage|p1a: Keldeo|0 fnt
|faint|p1a: Keldeo
|
|upkeep
|-message|BaiVic forfeited.
|
|win|vafafaf
|raw|BaiVic's rating: 1418 &rarr; <strong>1402</strong><br />(-16 for losing)
|raw|vafafaf's rating: 1480 &rarr; <strong>1496</strong><br />(+16 for winning)
|l|☆BaiVic
|player|p1|
|l|☆vafafaf
|player|p2|
