|j|☆fregene97
|j|☆ItsChew.
|t:|1779809526
|gametype|singles
|player|p1|fregene97|169|1366
|player|p2|ItsChew.|265|1320
|gen|9
|tier|[Gen 9] OU
|rated|
|rule|HP Percentage Mod: HP is shown in percentages
|rule|Endless Battle Clause: Forcing endless battles is banned
|rule|Species Clause: Limit one of each Pokémon
|rule|OHKO Clause: OHKO moves are banned
|rule|Evasion Items Clause: Evasion items are banned
|rule|Evasion Moves Clause: Evasion moves are banned
|rule|Evasion Abilities Clause: Evasion abilities are banned
|rule|Sleep Moves Clause: Sleep-inducing moves are banned
|clearpoke
|poke|p1|Seviper, F|
|poke|p1|Haxorus, F|
|poke|p1|Ogerpon-Cornerstone, F|
|poke|p1|Iron Moth|
|poke|p1|Greninja-*, M|
|poke|p1|Hoopa-Unbound|
|poke|p2|Darkrai|
|poke|p2|Garchomp, F|
|poke|p2|Alomomola, F|
|poke|p2|Corviknight, F|
|poke|p2|Weezing-Galar, M|
|poke|p2|Ogerpon, F|
|teampreview
|
|t:|1779809551
|teamsize|p1|6
|teamsize|p2|6
|start
|switch|p1a: Seviper|Seviper, F, shiny|100/100
|switch|p2a: Alomomola|Alomomola, F|100/100
|turn|1
|
|t:|1779809558
|switch|p2a: Corviknight|Corviknight, F|100/100
|-ability|p2a: Corviknight|Pressure
|move|p1a: Seviper|Final Gambit|p2a: Corviknight
|-damage|p2a: Corviknight|29/100
|faint|p1a: Seviper
|
|-heal|p2a: Corviknight|35/100|[from] item: Leftovers
|upkeep
|inactive|Battle timer is ON: inactive players will automatically lose when time's up. (requested by fregene97)
|
|t:|1779809562
|switch|p1a: Ogerpon|Ogerpon-Cornerstone, F|100/100
|turn|2
|
|t:|1779809576
|move|p1a: Ogerpon|Swords Dance|p1a: Ogerpon
|-boost|p1a: Ogerpon|atk|2
|move|p2a: Corviknight|Roost|p2a: Corviknight
|-heal|p2a: Corviknight|85/100
|-singleturn|p2a: Corviknight|move: Roost
|
|-heal|p2a: Corviknight|91/100|[from] item: Leftovers
|upkeep
|turn|3
|
|t:|1779809581
|move|p1a: Ogerpon|Ivy Cudgel|p2a: Corviknight|[anim] Ivy Cudgel Rock
|-damage|p2a: Corviknight|0 fnt
|faint|p2a: Corviknight
|
|upkeep
|
|t:|1779809592
|switch|p2a: Darkrai|Darkrai|100/100
|turn|4
|
|t:|1779809603
|move|p2a: Darkrai|Ice Beam|p1a: Ogerpon
|-supereffective|p1a: Ogerpon
|-ability|p1a: Ogerpon|Sturdy
|-damage|p1a: Ogerpon|1/100
|move|p1a: Ogerpon|Low Kick|p2a: Darkrai
|-supereffective|p2a: Darkrai
|-damage|p2a: Darkrai|0 fnt
|faint|p2a: Darkrai
|
|upkeep
|
|t:|1779809611
|switch|p2a: Ogerpon|Ogerpon, F|100/100
|turn|5
|
|t:|1779809640
|move|p1a: Ogerpon|Ivy Cudgel|p2a: Ogerpon|[anim] Ivy Cudgel Rock
|-damage|p2a: Ogerpon|0 fnt
|faint|p2a: Ogerpon
|
|upkeep
|
|t:|1779809644
|switch|p2a: Weezing|Weezing-Galar, M|100/100
|-ability|p2a: Weezing|Neutralizing Gas
|turn|6
|inactive|fregene97 has 120 seconds left.
|inactive|fregene97 has 90 seconds left.
|
|t:|1779809695
|-terastallize|p1a: Ogerpon|Rock
|detailschange|p1a: Ogerpon|Ogerpon-Cornerstone-Tera, F, tera:Rock
|move|p1a: Ogerpon|Ivy Cudgel|p2a: Weezing|[anim] Ivy Cudgel Rock
|-damage|p2a: Weezing|5/100
|move|p2a: Weezing|Sludge Bomb|p1a: Ogerpon
|-resisted|p1a: Ogerpon
|-damage|p1a: Ogerpon|0 fnt
|faint|p1a: Ogerpon
|detailschange|p1: Ogerpon|Ogerpon-Cornerstone, F|[silent]
|
|-heal|p2a: Weezing|11/100|[from] item: Leftovers
|upkeep
|
|t:|1779809699
|switch|p1a: Greninja|Greninja, M|100/100
|turn|7
|
|t:|1779809705
|move|p1a: Greninja|Dark Pulse|p2a: Weezing
|-resisted|p2a: Weezing
|-damage|p2a: Weezing|0 fnt
|faint|p2a: Weezing
|-end|p2a: Weezing|ability: Neutralizing Gas
|-ability|p1a: Greninja|Battle Bond|boost
|-boost|p1a: Greninja|atk|1
|-boost|p1a: Greninja|spa|1
|-boost|p1a: Greninja|spe|1
|-activate|p1a: Greninja|ability: Battle Bond
|-damage|p1a: Greninja|91/100|[from] item: Life Orb
|
|upkeep
|
|t:|1779809708
|switch|p2a: Alomomola|Alomomola, F|100/100
|turn|8
|
|t:|1779809737
|move|p1a: Greninja|Dark Pulse|p2a: Alomomola
|-damage|p2a: Alomomola|64/100
|-damage|p1a: Greninja|81/100|[from] item: Life Orb
|move|p2a: Alomomola|Body Slam|p1a: Greninja
|-damage|p1a: Greninja|54/100
|-status|p1a: Greninja|par
|
|upkeep
|turn|9
|
|t:|1779809746
|move|p1a: Greninja|Dark Pulse|p2a: Alomomola
|-damage|p2a: Alomomola|27/100
|-damage|p1a: Greninja|44/100 par|[from] item: Life Orb
|move|p2a: Alomomola|Body Slam|p1a: Greninja
|-damage|p1a: Greninja|20/100 par
|
|upkeep
|turn|10
|
|t:|1779809751
|move|p1a: Greninja|Dark Pulse|p2a: Alomomola
|-damage|p2a: Alomomola|0 fnt
|faint|p2a: Alomomola
|-damage|p1a: Greninja|10/100 par|[from] item: Life Orb
|
|upkeep
|
|t:|1779809753
|switch|p2a: Garchomp|Garchomp, F|100/100
|turn|11
|
|t:|1779809758
|move|p1a: Greninja|Water Shuriken|p2a: Garchomp
|-damage|p2a: Garchomp|88/100
|-damage|p2a: Garchomp|77/100
|-hitcount|p2a: Garchomp|2
|-damage|p1a: Greninja|0 fnt|[from] item: Life Orb
|faint|p1a: Greninja
|move|p2a: Garchomp|Earthquake|p1: Greninja|[notarget]
|-fail|p2a: Garchomp
|
|upkeep
|
|t:|1779809761
|switch|p1a: Haxorus|Haxorus, F|100/100
|-ability|p1a: Haxorus|Mold Breaker
|turn|12
|
|t:|1779809782
|move|p1a: Haxorus|Outrage|p2a: Garchomp
|-supereffective|p2a: Garchomp
|-damage|p2a: Garchomp|0 fnt
|-damage|p1a: Haxorus|88/100|[from] ability: Rough Skin|[of] p2a: Garchomp
|-damage|p1a: Haxorus|72/100|[from] item: Rocky Helmet|[of] p2a: Garchomp
|faint|p2a: Garchomp
|
|win|fregene97
|raw|fregene97's rating: 1343 &rarr; <strong>1362</strong><br />(+19 for winning)
|raw|ItsChew.'s rating: 1320 &rarr; <strong>1301</strong><br />(-19 for losing)
|l|☆fregene97
|player|p1|
