|badge|p1|bronze|gen9ubers|100-9
|uhtml|medal-msg|<div class="broadcast-blue">Curious what those medals under the avatar are? PS now has Ladder Seasons! For more information, check out the <a href="https://www.smogon.com/forums/threads/3740067/">thread on Smogon.</a></div>
|j|☆itztrip
|j|☆pokmonshoinclass
|t:|1779900167
|gametype|singles
|player|p1|itztrip|proton|1590
|player|p2|pokmonshoinclass|swimmer-gen4dp|1511
|gen|9
|tier|[Gen 9] OU
|rated|
|rule|HP Percentage Mod: HP is shown in percentages
|rule|Endless Battle Clause: Forcing endless battles is banned
|rule|Species Clause: Limit one of each Pokémon
|rule|OHKO Clause: OHKO moves are banned
|rule|Evasion Items Clause: Evasion items are banned
|rule|Evasion Moves Clause: Evasion moves are banned
|rule|Evasion Abilities Clause: Evasion abilities are banned
|rule|Sleep Moves Clause: Sleep-inducing moves are banned
|clearpoke
|poke|p1|Darkrai|
|poke|p1|Garchomp, M|
|poke|p1|Alomomola, M|
|poke|p1|Corviknight, M|
|poke|p1|Weezing-Galar, M|
|poke|p1|Ogerpon, F|
|poke|p2|Frosmoth, F|
|poke|p2|Rillaboom, F|
|poke|p2|Corviknight, F|
|poke|p2|Pecharunt|
|poke|p2|Cinccino, M|
|poke|p2|Grimmsnarl, M|
|teampreview
|inactive|Battle timer is ON: inactive players will automatically lose when time's up. (requested by pokmonshoinclass)
|inactive|itztrip also wants the timer to be on.
|
|t:|1779900196
|teamsize|p1|6
|teamsize|p2|6
|start
|switch|p1a: Darkrai|Darkrai|100/100
|switch|p2a: Cinccino|Cinccino, M|100/100
|turn|1
|
|t:|1779900203
|move|p1a: Darkrai|Dark Pulse|p2a: Cinccino
|-damage|p2a: Cinccino|0 fnt
|faint|p2a: Cinccino
|
|upkeep
|
|t:|1779900206
|switch|p2a: Grimmsnarl|Grimmsnarl, M|100/100
|turn|2
|
|t:|1779900214
|switch|p1a: Weezing|Weezing-Galar, M|100/100
|-ability|p1a: Weezing|Neutralizing Gas
|move|p2a: Grimmsnarl|Reflect|p2a: Grimmsnarl
|-sidestart|p2: pokmonshoinclass|Reflect
|
|upkeep
|turn|3
|
|t:|1779900216
|move|p1a: Weezing|Will-O-Wisp|p2a: Grimmsnarl
|-status|p2a: Grimmsnarl|brn
|move|p2a: Grimmsnarl|Light Screen|p2a: Grimmsnarl
|-sidestart|p2: pokmonshoinclass|move: Light Screen
|
|-damage|p2a: Grimmsnarl|94/100 brn|[from] brn
|upkeep
|turn|4
|
|t:|1779900220
|move|p1a: Weezing|Sludge Bomb|p2a: Grimmsnarl
|-supereffective|p2a: Grimmsnarl
|-damage|p2a: Grimmsnarl|69/100 brn
|move|p2a: Grimmsnarl|Parting Shot|p1a: Weezing
|-unboost|p1a: Weezing|atk|1
|-unboost|p1a: Weezing|spa|1
|
|t:|1779900224
|switch|p2a: Rillaboom|Rillaboom, F|100/100|[from] Parting Shot
|
|upkeep
|turn|5
|
|t:|1779900227
|move|p2a: Rillaboom|U-turn|p1a: Weezing
|-resisted|p1a: Weezing
|-damage|p1a: Weezing|95/100
|
|t:|1779900229
|switch|p2a: Grimmsnarl|Grimmsnarl, M|69/100 brn|[from] U-turn
|move|p1a: Weezing|Will-O-Wisp|p2a: Grimmsnarl
|-fail|p2a: Grimmsnarl|brn
|
|-damage|p2a: Grimmsnarl|62/100 brn|[from] brn
|upkeep
|turn|6
|
|t:|1779900232
|move|p1a: Weezing|Defog|p2a: Grimmsnarl
|-unboost|p2a: Grimmsnarl|evasion|1
|-sideend|p2: pokmonshoinclass|Reflect
|-sideend|p2: pokmonshoinclass|move: Light Screen
|move|p2a: Grimmsnarl|Parting Shot|p1a: Weezing
|-unboost|p1a: Weezing|atk|1
|-unboost|p1a: Weezing|spa|1
|
|t:|1779900254
|switch|p2a: Rillaboom|Rillaboom, F|100/100|[from] Parting Shot
|
|upkeep
|turn|7
|
|t:|1779900257
|move|p2a: Rillaboom|U-turn|p1a: Weezing
|-resisted|p1a: Weezing
|-damage|p1a: Weezing|89/100
|
|t:|1779900260
|switch|p2a: Grimmsnarl|Grimmsnarl, M|62/100 brn|[from] U-turn
|move|p1a: Weezing|Will-O-Wisp|p2a: Grimmsnarl
|-fail|p2a: Grimmsnarl|brn
|
|-damage|p2a: Grimmsnarl|56/100 brn|[from] brn
|upkeep
|turn|8
|
|t:|1779900263
|move|p1a: Weezing|Sludge Bomb|p2a: Grimmsnarl
|-supereffective|p2a: Grimmsnarl
|-damage|p2a: Grimmsnarl|32/100 brn
|move|p2a: Grimmsnarl|Light Screen|p2a: Grimmsnarl
|-sidestart|p2: pokmonshoinclass|move: Light Screen
|
|-damage|p2a: Grimmsnarl|26/100 brn|[from] brn
|upkeep
|turn|9
|
|t:|1779900266
|move|p1a: Weezing|Defog|p2a: Grimmsnarl
|-unboost|p2a: Grimmsnarl|evasion|1
|-sideend|p2: pokmonshoinclass|move: Light Screen
|move|p2a: Grimmsnarl|Parting Shot|p1a: Weezing
|-unboost|p1a: Weezing|atk|1
|-unboost|p1a: Weezing|spa|1
|
|t:|1779900271
|switch|p2a: Pecharunt|Pecharunt|100/100|[from] Parting Shot
|
|upkeep
|turn|10
|
|t:|1779900273
|-end|p1a: Weezing|ability: Neutralizing Gas
|switch|p1a: Alomomola|Alomomola, M|100/100
|move|p2a: Pecharunt|Parting Shot|p1a: Alomomola
|-unboost|p1a: Alomomola|atk|1
|-unboost|p1a: Alomomola|spa|1
|
|t:|1779900278
|switch|p2a: Grimmsnarl|Grimmsnarl, M|26/100 brn|[from] Parting Shot
|
|-damage|p2a: Grimmsnarl|20/100 brn|[from] brn
|upkeep
|turn|11
|
|t:|1779900282
|move|p2a: Grimmsnarl|Reflect|p2a: Grimmsnarl
|-sidestart|p2: pokmonshoinclass|Reflect
|move|p1a: Alomomola|Flip Turn|p2a: Grimmsnarl
|-damage|p2a: Grimmsnarl|15/100 brn
|
|t:|1779900284
|switch|p1a: Weezing|Weezing-Galar, M|89/100|[from] Flip Turn
|-ability|p1a: Weezing|Neutralizing Gas
|
|-damage|p2a: Grimmsnarl|9/100 brn|[from] brn
|upkeep
|turn|12
|
|t:|1779900287
|switch|p2a: Pecharunt|Pecharunt|100/100
|move|p1a: Weezing|Defog|p2a: Pecharunt
|-unboost|p2a: Pecharunt|evasion|1
|-sideend|p2: pokmonshoinclass|Reflect
|
|upkeep
|turn|13
|
|t:|1779900290
|move|p2a: Pecharunt|Parting Shot|p1a: Weezing
|-unboost|p1a: Weezing|atk|1
|-unboost|p1a: Weezing|spa|1
|
|t:|1779900292
|switch|p2a: Grimmsnarl|Grimmsnarl, M|9/100 brn|[from] Parting Shot
|move|p1a: Weezing|Will-O-Wisp|p2a: Grimmsnarl
|-fail|p2a: Grimmsnarl|brn
|
|-damage|p2a: Grimmsnarl|3/100 brn|[from] brn
|upkeep
|turn|14
|j| Monkey D MinMin
|
|t:|1779900295
|move|p1a: Weezing|Sludge Bomb|p2a: Grimmsnarl
|-supereffective|p2a: Grimmsnarl
|-damage|p2a: Grimmsnarl|0 fnt
|faint|p2a: Grimmsnarl
|
|upkeep
|
|t:|1779900300
|switch|p2a: Pecharunt|Pecharunt|100/100
|turn|15
|
|t:|1779900302
|-end|p1a: Weezing|ability: Neutralizing Gas
|switch|p1a: Alomomola|Alomomola, M|100/100
|move|p2a: Pecharunt|Parting Shot|p1a: Alomomola
|-unboost|p1a: Alomomola|atk|1
|-unboost|p1a: Alomomola|spa|1
|
|t:|1779900305
|switch|p2a: Rillaboom|Rillaboom, F|100/100|[from] Parting Shot
|-fieldstart|move: Grassy Terrain|[from] ability: Grassy Surge|[of] p2a: Rillaboom
|
|upkeep
|turn|16
|
|t:|1779900308
|switch|p1a: Corviknight|Corviknight, M|100/100
|-ability|p1a: Corviknight|Pressure
|move|p2a: Rillaboom|Wood Hammer|p1a: Corviknight
|-resisted|p1a: Corviknight
|-damage|p1a: Corviknight|75/100
|-damage|p2a: Rillaboom|92/100|[from] Recoil
|
|-heal|p2a: Rillaboom|98/100|[from] Grassy Terrain
|upkeep
|turn|17
|
|t:|1779900311
|switch|p2a: Pecharunt|Pecharunt|100/100
|move|p1a: Corviknight|U-turn|p2a: Pecharunt
|-resisted|p2a: Pecharunt
|-damage|p2a: Pecharunt|98/100
|
|t:|1779900313
|switch|p1a: Darkrai|Darkrai|100/100|[from] U-turn
|
|-heal|p2a: Pecharunt|100/100|[from] Grassy Terrain
|upkeep
|turn|18
|
|t:|1779900317
|move|p1a: Darkrai|Dark Pulse|p2a: Pecharunt
|-supereffective|p2a: Pecharunt
|-damage|p2a: Pecharunt|13/100
|cant|p2a: Pecharunt|flinch
|
|-heal|p2a: Pecharunt|19/100|[from] Grassy Terrain
|-heal|p2a: Pecharunt|25/100|[from] item: Leftovers
|upkeep
|turn|19
|
|t:|1779900322
|move|p1a: Darkrai|Dark Pulse|p2a: Pecharunt
|-supereffective|p2a: Pecharunt
|-damage|p2a: Pecharunt|0 fnt
|faint|p2a: Pecharunt
|
|-fieldend|move: Grassy Terrain
|upkeep
|
|t:|1779900324
|switch|p2a: Rillaboom|Rillaboom, F|98/100
|-fieldstart|move: Grassy Terrain|[from] ability: Grassy Surge|[of] p2a: Rillaboom
|turn|20
|
|t:|1779900326
|switch|p1a: Corviknight|Corviknight, M|75/100
|-ability|p1a: Corviknight|Pressure
|move|p2a: Rillaboom|U-turn|p1a: Corviknight
|-resisted|p1a: Corviknight
|-damage|p1a: Corviknight|67/100
|
|t:|1779900329
|switch|p2a: Frosmoth|Frosmoth, F|100/100|[from] U-turn
|-enditem|p2a: Frosmoth|Grassy Seed
|-boost|p2a: Frosmoth|def|1|[from] item: Grassy Seed
|
|upkeep
|turn|21
|
|t:|1779900332
|-terastallize|p2a: Frosmoth|Poison
|move|p2a: Frosmoth|Quiver Dance|p2a: Frosmoth
|-boost|p2a: Frosmoth|spa|1
|-boost|p2a: Frosmoth|spd|1
|-boost|p2a: Frosmoth|spe|1
|move|p1a: Corviknight|Brave Bird|p2a: Frosmoth
|-damage|p2a: Frosmoth|64/100
|-damage|p1a: Corviknight|57/100|[from] Recoil
|
|-heal|p2a: Frosmoth|71/100|[from] Grassy Terrain
|upkeep
|turn|22
|
|t:|1779900335
|switch|p1a: Darkrai|Darkrai|100/100
|move|p2a: Frosmoth|Quiver Dance|p2a: Frosmoth
|-boost|p2a: Frosmoth|spa|1
|-boost|p2a: Frosmoth|spd|1
|-boost|p2a: Frosmoth|spe|1
|
|-heal|p2a: Frosmoth|77/100|[from] Grassy Terrain
|upkeep
|turn|23
|
|t:|1779900339
|move|p1a: Darkrai|Trick|p2a: Frosmoth
|-activate|p1a: Darkrai|move: Trick|[of] p2a: Frosmoth
|-item|p2a: Frosmoth|Choice Specs|[from] move: Trick
|-enditem|p1a: Darkrai|Choice Specs|[silent]|[from] move: Trick
|move|p2a: Frosmoth|Quiver Dance|p2a: Frosmoth
|-boost|p2a: Frosmoth|spa|1
|-boost|p2a: Frosmoth|spd|1
|-boost|p2a: Frosmoth|spe|1
|
|-heal|p2a: Frosmoth|83/100|[from] Grassy Terrain
|upkeep
|turn|24
|c|☆pokmonshoinclass|wp
|-message|pokmonshoinclass forfeited.
|
|win|itztrip
|raw|itztrip's rating: 1568 &rarr; <strong>1585</strong><br />(+17 for winning)
|raw|pokmonshoinclass's rating: 1511 &rarr; <strong>1494</strong><br />(-17 for losing)
|l|☆pokmonshoinclass
|player|p2|
|l|☆itztrip
|player|p1|
