|j|☆fartemon
|j|☆pushergod700
|t:|1779815008
|gametype|singles
|player|p1|fartemon|dawn|1093
|player|p2|pushergod700|workerice|1077
|gen|9
|tier|[Gen 9] OU
|rated|
|rule|HP Percentage Mod: HP is shown in percentages
|rule|Endless Battle Clause: Forcing endless battles is banned
|rule|Species Clause: Limit one of each Pokémon
|rule|OHKO Clause: OHKO moves are banned
|rule|Evasion Items Clause: Evasion items are banned
|rule|Evasion Moves Clause: Evasion moves are banned
|rule|Evasion Abilities Clause: Evasion abilities are banned
|rule|Sleep Moves Clause: Sleep-inducing moves are banned
|clearpoke
|poke|p1|Luxray, M|
|poke|p1|Lucario, F|
|poke|p1|Gliscor, M|
|poke|p1|Azumarill, F|
|poke|p1|Dragapult, F|
|poke|p1|Talonflame, F|
|poke|p2|Smeargle, M|
|poke|p2|Moltres-Galar|
|poke|p2|Gholdengo|
|poke|p2|Samurott-Hisui, F|
|poke|p2|Zamazenta-*|
|poke|p2|Deoxys-Speed|
|teampreview
|inactive|Battle timer is ON: inactive players will automatically lose when time's up. (requested by pushergod700)
|
|t:|1779815021
|teamsize|p1|6
|teamsize|p2|6
|start
|switch|p1a: jp|Luxray, M, shiny|100/100
|switch|p2a: Deoxys|Deoxys-Speed, shiny|100/100
|-ability|p2a: Deoxys|Pressure
|turn|1
|inactive|pushergod700 has 120 seconds left.
|
|t:|1779815069
|move|p2a: Deoxys|Reflect|p2a: Deoxys
|-sidestart|p2: pushergod700|Reflect
|move|p1a: jp|Supercell Slam|p2a: Deoxys
|-damage|p2a: Deoxys|71/100
|
|-status|p1a: jp|brn|[from] item: Flame Orb
|upkeep
|turn|2
|inactive|fartemon has 120 seconds left.
|
|t:|1779815103
|move|p2a: Deoxys|Psycho Boost|p1a: jp
|-damage|p1a: jp|44/100 brn
|-unboost|p2a: Deoxys|spa|2
|move|p1a: jp|Supercell Slam|p2a: Deoxys
|-damage|p2a: Deoxys|26/100
|
|-damage|p1a: jp|38/100 brn|[from] brn
|upkeep
|turn|3
|
|t:|1779815116
|switch|p2a: Zamazenta|Zamazenta, shiny|100/100
|-ability|p2a: Zamazenta|Dauntless Shield|boost
|-boost|p2a: Zamazenta|def|1
|move|p1a: jp|Supercell Slam|p2a: Zamazenta|[miss]
|-miss|p1a: jp|p2a: Zamazenta
|-damage|p1a: jp|0 fnt|[from] supercellslam
|faint|p1a: jp
|
|upkeep
|
|t:|1779815122
|switch|p1a: nick|Azumarill, F, shiny|100/100
|turn|4
|inactive|pushergod700 has 120 seconds left.
|
|t:|1779815137
|move|p1a: nick|Play Rough|p2a: Zamazenta|[miss]
|-miss|p1a: nick|p2a: Zamazenta
|move|p2a: Zamazenta|Roar|p1a: nick
|drag|p1a: ken|Lucario, F|100/100
|-item|p1a: ken|Air Balloon
|
|upkeep
|turn|5
|inactive|pushergod700 has 90 seconds left.
|
|t:|1779815168
|move|p2a: Zamazenta|Body Press|p1a: ken
|-supereffective|p1a: ken
|-damage|p1a: ken|0 fnt
|-enditem|p1a: ken|Air Balloon
|faint|p1a: ken
|
|upkeep
|
|t:|1779815174
|switch|p1a: nick|Azumarill, F, shiny|100/100
|turn|6
|inactive|pushergod700 has 90 seconds left.
|inactive|pushergod700 has 60 seconds left.
|
|t:|1779815234
|switch|p2a: Gholdengo|Gholdengo|100/100
|move|p1a: nick|Play Rough|p2a: Gholdengo
|-resisted|p2a: Gholdengo
|-damage|p2a: Gholdengo|83/100
|-unboost|p2a: Gholdengo|atk|1
|
|upkeep
|turn|7
|
|t:|1779815245
|move|p2a: Gholdengo|Trick|p1a: nick
|-activate|p2a: Gholdengo|move: Trick|[of] p1a: nick
|-item|p1a: nick|Choice Scarf|[from] move: Trick
|-item|p2a: Gholdengo|Leftovers|[from] move: Trick
|move|p1a: nick|Knock Off|p2a: Gholdengo
|-supereffective|p2a: Gholdengo
|-damage|p2a: Gholdengo|38/100
|-enditem|p2a: Gholdengo|Leftovers|[from] move: Knock Off|[of] p1a: nick
|
|upkeep
|turn|8
|c|☆pushergod700|lmao
|inactive|pushergod700 has 30 seconds left.
|
|t:|1779815270
|move|p2a: Gholdengo|Make It Rain|p1a: nick
|-damage|p1a: nick|38/100
|-unboost|p2a: Gholdengo|spa|1
|move|p1a: nick|Knock Off|p2a: Gholdengo
|-supereffective|p2a: Gholdengo
|-damage|p2a: Gholdengo|8/100
|
|-sideend|p2: pushergod700|Reflect
|upkeep
|turn|9
|
|t:|1779815278
|move|p2a: Gholdengo|Make It Rain|p1a: nick
|-damage|p1a: nick|0 fnt
|-unboost|p2a: Gholdengo|spa|1
|faint|p1a: nick
|
|upkeep
|
|t:|1779815281
|switch|p1a: kelly|Gliscor, M|100/100
|turn|10
|
|t:|1779815290
|move|p1a: kelly|Earthquake|p2a: Gholdengo
|-supereffective|p2a: Gholdengo
|-damage|p2a: Gholdengo|0 fnt
|faint|p2a: Gholdengo
|
|-status|p1a: kelly|tox|[from] item: Toxic Orb
|upkeep
|
|t:|1779815293
|switch|p2a: Deoxys|Deoxys-Speed, shiny|26/100
|-ability|p2a: Deoxys|Pressure
|turn|11
|
|t:|1779815297
|move|p2a: Deoxys|Reflect|p2a: Deoxys
|-sidestart|p2: pushergod700|Reflect
|move|p1a: kelly|X-Scissor|p2a: Deoxys
|-supereffective|p2a: Deoxys
|-damage|p2a: Deoxys|0 fnt
|faint|p2a: Deoxys
|
|upkeep
|inactive|pushergod700 has 60 seconds left.
|
|t:|1779815310
|switch|p2a: Smeargle|Smeargle, M, shiny|100/100
|turn|12
|
|t:|1779815313
|move|p1a: kelly|Swords Dance|p1a: kelly
|-boost|p1a: kelly|atk|2
|move|p2a: Smeargle|Jaw Lock|p1a: kelly
|-damage|p1a: kelly|88/100 tox
|-activate|p2a: Smeargle|trapped
|-activate|p1a: kelly|trapped
|
|-heal|p1a: kelly|99/100 tox|[from] ability: Poison Heal
|upkeep
|turn|13
|c|☆pushergod700|1v1
|inactive|pushergod700 has 60 seconds left.
|
|t:|1779815328
|-terastallize|p2a: Smeargle|Flying
|move|p1a: kelly|Earthquake|p2a: Smeargle
|-immune|p2a: Smeargle
|move|p2a: Smeargle|No Retreat|p2a: Smeargle
|-boost|p2a: Smeargle|atk|1
|-boost|p2a: Smeargle|def|1
|-boost|p2a: Smeargle|spa|1
|-boost|p2a: Smeargle|spd|1
|-boost|p2a: Smeargle|spe|1
|
|-heal|p1a: kelly|100/100 tox|[from] ability: Poison Heal
|upkeep
|turn|14
|inactive|pushergod700 has 60 seconds left.
|
|t:|1779815340
|move|p1a: kelly|Dual Wingbeat|p2a: Smeargle
|-damage|p2a: Smeargle|74/100
|-damage|p2a: Smeargle|49/100
|-hitcount|p2a: Smeargle|2
|move|p2a: Smeargle|No Retreat|p2a: Smeargle
|-boost|p2a: Smeargle|atk|1
|-boost|p2a: Smeargle|def|1
|-boost|p2a: Smeargle|spa|1
|-boost|p2a: Smeargle|spd|1
|-boost|p2a: Smeargle|spe|1
|
|upkeep
|turn|15
|
|t:|1779815350
|move|p2a: Smeargle|Population Bomb|p1a: kelly
|-damage|p1a: kelly|87/100 tox
|-damage|p1a: kelly|75/100 tox
|-damage|p1a: kelly|62/100 tox
|-damage|p1a: kelly|49/100 tox
|-damage|p1a: kelly|37/100 tox
|-damage|p1a: kelly|24/100 tox
|-damage|p1a: kelly|10/100 tox
|-damage|p1a: kelly|0 fnt
|faint|p1a: kelly
|-hitcount|p1: kelly|8
|
|upkeep
|
|t:|1779815354
|switch|p1a: Talonflame|Talonflame, F|100/100
|turn|16
|
|t:|1779815364
|switch|p1a: cookie|Dragapult, F|100/100
|move|p2a: Smeargle|Population Bomb|p1a: cookie
|-immune|p1a: cookie
|
|upkeep
|turn|17
|inactive|pushergod700 has 60 seconds left.
|
|t:|1779815391
|move|p1a: cookie|Shadow Ball|p2a: Smeargle
|-damage|p2a: Smeargle|14/100
|-unboost|p2a: Smeargle|spd|1
|-damage|p1a: cookie|91/100|[from] item: Life Orb
|move|p2a: Smeargle|No Retreat|p2a: Smeargle
|-boost|p2a: Smeargle|atk|1
|-boost|p2a: Smeargle|def|1
|-boost|p2a: Smeargle|spa|1
|-boost|p2a: Smeargle|spd|1
|-boost|p2a: Smeargle|spe|1
|-start|p2a: Smeargle|move: No Retreat
|
|upkeep
|turn|18
|inactive|pushergod700 has 60 seconds left.
|
|t:|1779815400
|move|p2a: Smeargle|Power Trip|p1a: cookie
|-supereffective|p1a: cookie
|-damage|p1a: cookie|0 fnt
|faint|p1a: cookie
|
|-sideend|p2: pushergod700|Reflect
|upkeep
|
|t:|1779815403
|switch|p1a: Talonflame|Talonflame, F|100/100
|turn|19
|c|☆pushergod700|gg
|
|t:|1779815408
|move|p1a: Talonflame|Acrobatics|p2a: Smeargle
|-damage|p2a: Smeargle|0 fnt
|faint|p2a: Smeargle
|
|upkeep
|c|☆pushergod700|aw
|
|t:|1779815418
|switch|p2a: Samurott|Samurott-Hisui, F, shiny|100/100
|turn|20
|
|t:|1779815424
|move|p1a: Talonflame|U-turn|p2a: Samurott
|-supereffective|p2a: Samurott
|-damage|p2a: Samurott|54/100
|move|p2a: Samurott|Razor Shell|p1a: Talonflame
|-supereffective|p1a: Talonflame
|-damage|p1a: Talonflame|0 fnt
|faint|p1a: Talonflame
|
|win|pushergod700
|raw|fartemon's rating: 1093 &rarr; <strong>1068</strong><br />(-25 for losing)
|raw|pushergod700's rating: 1077 &rarr; <strong>1107</strong><br />(+30 for winning)
|l|☆fartemon
|player|p1|
