|j|☆GiveMeChaewon
|j|☆LeoN22poke
|t:|1779800189
|gametype|singles
|player|p1|GiveMeChaewon|266|1099
|player|p2|LeoN22poke|steven|1101
|gen|9
|tier|[Gen 9] OU
|rated|
|rule|HP Percentage Mod: HP is shown in percentages
|rule|Endless Battle Clause: Forcing endless battles is banned
|rule|Species Clause: Limit one of each Pokémon
|rule|OHKO Clause: OHKO moves are banned
|rule|Evasion Items Clause: Evasion items are banned
|rule|Evasion Moves Clause: Evasion moves are banned
|rule|Evasion Abilities Clause: Evasion abilities are banned
|rule|Sleep Moves Clause: Sleep-inducing moves are banned
|clearpoke
|poke|p1|Weavile, F|
|poke|p1|Latias, F|
|poke|p1|Gliscor, M|
|poke|p1|Empoleon, M|
|poke|p1|Incineroar, M|
|poke|p1|Gengar, F|
|poke|p2|Dragapult, M|
|poke|p2|Zapdos-Galar|
|poke|p2|Krookodile, M|
|poke|p2|Toxapex, M|
|poke|p2|Coalossal, F|
|poke|p2|Thundurus, M|
|teampreview
|inactive|Battle timer is ON: inactive players will automatically lose when time's up. (requested by GiveMeChaewon)
|
|t:|1779800223
|teamsize|p1|6
|teamsize|p2|6
|start
|switch|p1a: Empoleon|Empoleon, M|100/100
|switch|p2a: Dragapult|Dragapult, M, shiny|100/100
|turn|1
|
|t:|1779800236
|move|p2a: Dragapult|Thunderbolt|p1a: Empoleon
|-supereffective|p1a: Empoleon
|-damage|p1a: Empoleon|35/100
|move|p1a: Empoleon|Ice Beam|p2a: Dragapult
|-supereffective|p2a: Dragapult
|-damage|p2a: Dragapult|43/100
|
|-heal|p1a: Empoleon|41/100|[from] item: Leftovers
|upkeep
|turn|2
|
|t:|1779800245
|switch|p2a: Thundurus|Thundurus, M|100/100
|move|p1a: Empoleon|Ice Beam|p2a: Thundurus
|-supereffective|p2a: Thundurus
|-crit|p2a: Thundurus
|-damage|p2a: Thundurus|13/100
|
|-heal|p1a: Empoleon|47/100|[from] item: Leftovers
|upkeep
|turn|3
|
|t:|1779800256
|switch|p1a: Gliscor|Gliscor, M|100/100
|move|p2a: Thundurus|Volt Switch|p1a: Gliscor
|-immune|p1a: Gliscor
|
|-status|p1a: Gliscor|tox|[from] item: Toxic Orb
|upkeep
|turn|4
|
|t:|1779800264
|move|p2a: Thundurus|Taunt|p1a: Gliscor
|-start|p1a: Gliscor|move: Taunt
|move|p1a: Gliscor|Knock Off|p2a: Thundurus
|-damage|p2a: Thundurus|0 fnt
|-enditem|p2a: Thundurus|Life Orb|[from] move: Knock Off|[of] p1a: Gliscor
|faint|p2a: Thundurus
|
|upkeep
|
|t:|1779800283
|switch|p2a: Dragapult|Dragapult, M, shiny|43/100
|turn|5
|
|t:|1779800294
|switch|p1a: Empoleon|Empoleon, M|47/100
|move|p2a: Dragapult|Draco Meteor|p1a: Empoleon
|-resisted|p1a: Empoleon
|-damage|p1a: Empoleon|6/100
|-unboost|p2a: Dragapult|spa|2
|
|-heal|p1a: Empoleon|12/100|[from] item: Leftovers
|upkeep
|turn|6
|
|t:|1779800303
|move|p2a: Dragapult|Draco Meteor|p1a: Empoleon
|-resisted|p1a: Empoleon
|-crit|p1a: Empoleon
|-damage|p1a: Empoleon|0 fnt
|-unboost|p2a: Dragapult|spa|2
|faint|p1a: Empoleon
|
|upkeep
|
|t:|1779800312
|switch|p1a: Gliscor|Gliscor, M|100/100 tox
|turn|7
|
|t:|1779800318
|switch|p2a: Toxapex|Toxapex, M, shiny|100/100
|move|p1a: Gliscor|Knock Off|p2a: Toxapex
|-damage|p2a: Toxapex|80/100
|-enditem|p2a: Toxapex|Black Sludge|[from] move: Knock Off|[of] p1a: Gliscor
|
|upkeep
|turn|8
|
|t:|1779800328
|move|p1a: Gliscor|Earthquake|p2a: Toxapex
|-supereffective|p2a: Toxapex
|-damage|p2a: Toxapex|21/100
|move|p2a: Toxapex|Chilling Water|p1a: Gliscor
|-supereffective|p1a: Gliscor
|-damage|p1a: Gliscor|70/100 tox
|-unboost|p1a: Gliscor|atk|1
|
|-heal|p1a: Gliscor|82/100 tox|[from] ability: Poison Heal
|upkeep
|turn|9
|
|t:|1779800345
|switch|p2a: Zapdos|Zapdos-Galar|100/100
|move|p1a: Gliscor|Earthquake|p2a: Zapdos
|-immune|p2a: Zapdos
|
|-heal|p1a: Gliscor|94/100 tox|[from] ability: Poison Heal
|upkeep
|turn|10
|
|t:|1779800355
|switch|p2a: Toxapex|Toxapex, M, shiny|54/100
|move|p1a: Gliscor|Knock Off|p2a: Toxapex
|-damage|p2a: Toxapex|45/100
|
|-heal|p1a: Gliscor|100/100 tox|[from] ability: Poison Heal
|upkeep
|turn|11
|
|t:|1779800363
|switch|p2a: Zapdos|Zapdos-Galar|100/100
|move|p1a: Gliscor|Earthquake|p2a: Zapdos
|-immune|p2a: Zapdos
|
|upkeep
|turn|12
|
|t:|1779800370
|move|p1a: Gliscor|Knock Off|p2a: Zapdos
|-resisted|p2a: Zapdos
|-damage|p2a: Zapdos|89/100
|-enditem|p2a: Zapdos|Assault Vest|[from] move: Knock Off|[of] p1a: Gliscor
|move|p2a: Zapdos|U-turn|p1a: Gliscor
|-resisted|p1a: Gliscor
|-damage|p1a: Gliscor|90/100 tox
|
|t:|1779800377
|switch|p2a: Dragapult|Dragapult, M, shiny|43/100|[from] U-turn
|
|-heal|p1a: Gliscor|100/100 tox|[from] ability: Poison Heal
|upkeep
|turn|13
|
|t:|1779800384
|switch|p1a: Incineroar|Incineroar, M|100/100
|-ability|p1a: Incineroar|Intimidate|boost
|-fail|p2a: Dragapult|unboost|[from] ability: Clear Body|[of] p2a: Dragapult
|move|p2a: Dragapult|Draco Meteor|p1a: Incineroar
|-damage|p1a: Incineroar|46/100
|-unboost|p2a: Dragapult|spa|2
|
|upkeep
|turn|14
|
|t:|1779800397
|switch|p2a: Krookodile|Krookodile, M|100/100
|-ability|p2a: Krookodile|Intimidate|boost
|-unboost|p1a: Incineroar|atk|1
|move|p1a: Incineroar|Darkest Lariat|p2a: Krookodile
|-resisted|p2a: Krookodile
|-damage|p2a: Krookodile|83/100
|
|upkeep
|turn|15
|
|t:|1779800410
|move|p2a: Krookodile|Crunch|p1a: Incineroar
|-resisted|p1a: Incineroar
|-damage|p1a: Incineroar|27/100
|move|p1a: Incineroar|Flare Blitz|p2a: Krookodile
|-damage|p2a: Krookodile|29/100
|-damage|p1a: Incineroar|12/100|[from] Recoil
|
|upkeep
|turn|16
|
|t:|1779800419
|move|p2a: Krookodile|Crunch|p1a: Incineroar
|-resisted|p1a: Incineroar
|-damage|p1a: Incineroar|0 fnt
|faint|p1a: Incineroar
|
|upkeep
|
|t:|1779800426
|switch|p1a: Weavile|Weavile, F|100/100
|-ability|p1a: Weavile|Pressure
|turn|17
|
|t:|1779800434
|switch|p2a: Coalossal|Coalossal, F, shiny|100/100
|move|p1a: Weavile|Ice Shard|p2a: Coalossal
|-resisted|p2a: Coalossal
|-damage|p2a: Coalossal|94/100
|
|upkeep
|turn|18
|
|t:|1779800441
|move|p1a: Weavile|Low Kick|p2a: Coalossal
|-supereffective|p2a: Coalossal
|-damage|p2a: Coalossal|36/100
|move|p2a: Coalossal|Stealth Rock|p1a: Weavile
|-sidestart|p1: GiveMeChaewon|move: Stealth Rock
|
|upkeep
|turn|19
|
|t:|1779800449
|switch|p2a: Zapdos|Zapdos-Galar|89/100
|move|p1a: Weavile|Low Kick|p2a: Zapdos
|-resisted|p2a: Zapdos
|-damage|p2a: Zapdos|75/100
|
|upkeep
|turn|20
|
|t:|1779800460
|-terastallize|p2a: Zapdos|Dark
|move|p1a: Weavile|Triple Axel|p2a: Zapdos
|-damage|p2a: Zapdos|63/100
|-damage|p2a: Zapdos|38/100
|-damage|p2a: Zapdos|3/100
|-hitcount|p2a: Zapdos|3
|move|p2a: Zapdos|Thunderous Kick|p1a: Weavile
|-supereffective|p1a: Weavile
|-enditem|p1a: Weavile|Focus Sash
|-damage|p1a: Weavile|1/100
|-unboost|p1a: Weavile|def|1
|
|upkeep
|turn|21
|
|t:|1779800482
|move|p1a: Weavile|Ice Shard|p2a: Zapdos
|-damage|p2a: Zapdos|0 fnt
|faint|p2a: Zapdos
|
|upkeep
|
|t:|1779800487
|switch|p2a: Toxapex|Toxapex, M, shiny|78/100
|turn|22
|
|t:|1779800494
|move|p1a: Weavile|Throat Chop|p2a: Toxapex
|-damage|p2a: Toxapex|50/100
|-start|p2a: Toxapex|Throat Chop|[silent]
|move|p2a: Toxapex|Chilling Water|p1a: Weavile
|-damage|p1a: Weavile|0 fnt
|faint|p1a: Weavile
|
|upkeep
|
|t:|1779800503
|switch|p1a: Gliscor|Gliscor, M|100/100 tox
|-damage|p1a: Gliscor|88/100 tox|[from] Stealth Rock
|turn|23
|
|t:|1779800513
|switch|p2a: Krookodile|Krookodile, M|29/100
|-ability|p2a: Krookodile|Intimidate|boost
|-unboost|p1a: Gliscor|atk|1
|move|p1a: Gliscor|Earthquake|p2a: Krookodile
|-damage|p2a: Krookodile|0 fnt
|faint|p2a: Krookodile
|
|-heal|p1a: Gliscor|100/100 tox|[from] ability: Poison Heal
|upkeep
|inactive|LeoN22poke has 120 seconds left.
|
|t:|1779800544
|switch|p2a: Dragapult|Dragapult, M, shiny|43/100
|turn|24
|
|t:|1779800548
|move|p2a: Dragapult|Draco Meteor|p1a: Gliscor|[miss]
|-miss|p2a: Dragapult|p1a: Gliscor
|move|p1a: Gliscor|Knock Off|p2a: Dragapult
|-supereffective|p2a: Dragapult
|-damage|p2a: Dragapult|0 fnt
|-enditem|p2a: Dragapult|Choice Specs|[from] move: Knock Off|[of] p1a: Gliscor
|faint|p2a: Dragapult
|
|upkeep
|-message|LeoN22poke forfeited.
|
|win|GiveMeChaewon
|raw|GiveMeChaewon's rating: 1099 &rarr; <strong>1124</strong><br />(+25 for winning)
|raw|LeoN22poke's rating: 1101 &rarr; <strong>1076</strong><br />(-25 for losing)
|l|☆LeoN22poke
|player|p2|
|l|☆GiveMeChaewon
|player|p1|
|j|☆GiveMeChaewon
|player|p1|GiveMeChaewon|266|
