|j|☆ShaulaNegs
|j|☆Gimmicksquad
|t:|1779890422
|gametype|singles
|player|p1|ShaulaNegs|n|1447
|player|p2|Gimmicksquad|102|1443
|gen|9
|tier|[Gen 9] OU
|rated|
|rule|HP Percentage Mod: HP is shown in percentages
|rule|Endless Battle Clause: Forcing endless battles is banned
|rule|Species Clause: Limit one of each Pokémon
|rule|OHKO Clause: OHKO moves are banned
|rule|Evasion Items Clause: Evasion items are banned
|rule|Evasion Moves Clause: Evasion moves are banned
|rule|Evasion Abilities Clause: Evasion abilities are banned
|rule|Sleep Moves Clause: Sleep-inducing moves are banned
|clearpoke
|poke|p1|Hatterene, F|
|poke|p1|Great Tusk|
|poke|p1|Tornadus-Therian, M|
|poke|p1|Kyurem|
|poke|p1|Slowking-Galar, F|
|poke|p1|Kingambit, M|
|poke|p2|Donphan, L6, F|
|poke|p2|Lapras, F|
|poke|p2|Ditto|
|poke|p2|Cloyster, M|
|poke|p2|Zamazenta-*|
|poke|p2|Smeargle, F|
|teampreview
|
|t:|1779890453
|teamsize|p1|6
|teamsize|p2|6
|start
|switch|p1a: Hatastrophe|Hatterene, F, shiny|100/100
|switch|p2a: Ditto|Ditto|100/100
|-transform|p2a: Ditto|p1a: Hatastrophe|[from] ability: Imposter
|turn|1
|
|t:|1779890475
|switch|p2a: Donphan|Donphan, L6, F|100/100
|move|p1a: Hatastrophe|Draining Kiss|p2a: Donphan
|-ability|p2a: Donphan|Sturdy
|-damage|p2a: Donphan|4/100
|
|upkeep
|turn|2
|
|t:|1779890485
|move|p2a: Donphan|Ice Shard|p1a: Hatastrophe
|-damage|p1a: Hatastrophe|99/100
|-heal|p2a: Donphan|8/100|[from] item: Shell Bell|[of] p1a: Hatastrophe
|move|p1a: Hatastrophe|Draining Kiss|p2a: Donphan
|-crit|p2a: Donphan
|-damage|p2a: Donphan|0 fnt
|-heal|p1a: Hatastrophe|100/100|[from] drain|[of] p2a: Donphan
|faint|p2a: Donphan
|
|upkeep
|
|t:|1779890492
|switch|p2a: Lapras|Lapras, F|100/100
|turn|3
|
|t:|1779890496
|move|p2a: Lapras|Whirlpool|p1a: Hatastrophe
|-damage|p1a: Hatastrophe|88/100
|-activate|p1a: Hatastrophe|move: Whirlpool|[of] p2a: Lapras
|move|p1a: Hatastrophe|Nuzzle|p2a: Lapras
|-supereffective|p2a: Lapras
|-damage|p2a: Lapras|94/100
|-status|p2a: Lapras|par
|
|-damage|p1a: Hatastrophe|76/100|[from] move: Whirlpool|[partiallytrapped]
|upkeep
|turn|4
|
|t:|1779890504
|move|p1a: Hatastrophe|Psychic Noise|p2a: Lapras
|-damage|p2a: Lapras|72/100 par
|-start|p2a: Lapras|move: Heal Block
|cant|p2a: Lapras|par
|
|-damage|p1a: Hatastrophe|64/100|[from] move: Whirlpool|[partiallytrapped]
|upkeep
|turn|5
|
|t:|1779890511
|move|p1a: Hatastrophe|Draining Kiss|p2a: Lapras
|-damage|p2a: Lapras|57/100 par
|-heal|p1a: Hatastrophe|78/100|[from] drain|[of] p2a: Lapras
|move|p2a: Lapras|Perish Song|p2a: Lapras
|-start|p1a: Hatastrophe|perish3|[silent]
|-start|p2a: Lapras|perish3|[silent]
|-fieldactivate|move: Perish Song
|
|-damage|p1a: Hatastrophe|65/100|[from] move: Whirlpool|[partiallytrapped]
|-end|p2a: Lapras|move: Heal Block
|-start|p1a: Hatastrophe|perish3
|-start|p2a: Lapras|perish3
|upkeep
|turn|6
|
|t:|1779890520
|move|p2a: Lapras|Protect|p2a: Lapras
|-singleturn|p2a: Lapras|Protect
|move|p1a: Hatastrophe|Draining Kiss|p2a: Lapras
|-activate|p2a: Lapras|move: Protect
|
|-damage|p1a: Hatastrophe|53/100|[from] move: Whirlpool|[partiallytrapped]
|-start|p1a: Hatastrophe|perish2
|-start|p2a: Lapras|perish2
|upkeep
|turn|7
|
|t:|1779890526
|move|p1a: Hatastrophe|Draining Kiss|p2a: Lapras
|-damage|p2a: Lapras|43/100 par
|-heal|p1a: Hatastrophe|67/100|[from] drain|[of] p2a: Lapras
|move|p2a: Lapras|Rest|p2a: Lapras
|-status|p2a: Lapras|slp|[from] move: Rest
|-heal|p2a: Lapras|100/100 slp|[silent]
|-enditem|p2a: Lapras|Chesto Berry|[eat]
|-curestatus|p2a: Lapras|slp|[msg]
|
|-end|p1a: Hatastrophe|Whirlpool|[partiallytrapped]
|-start|p2a: Lapras|perish1
|-start|p1a: Hatastrophe|perish1
|upkeep
|turn|8
|
|t:|1779890535
|switch|p2a: Smeargle|Smeargle, F|100/100
|move|p1a: Hatastrophe|Nuzzle|p2a: Smeargle
|-damage|p2a: Smeargle|91/100
|-status|p2a: Smeargle|par
|
|-start|p1a: Hatastrophe|perish0
|upkeep
|faint|p1a: Hatastrophe
|
|t:|1779890545
|switch|p1a: Spin Diesel|Great Tusk|100/100
|turn|9
|inactive|Battle timer is ON: inactive players will automatically lose when time's up. (requested by Gimmicksquad)
|
|t:|1779890574
|switch|p2a: Lapras|Lapras, F|100/100
|move|p1a: Spin Diesel|Ice Spinner|p2a: Lapras
|-resisted|p2a: Lapras
|-damage|p2a: Lapras|96/100
|
|upkeep
|turn|10
|
|t:|1779890584
|-end|p1a: Spin Diesel|Protosynthesis|[silent]
|switch|p1a: Chillionaire|Slowking-Galar, F|100/100
|move|p2a: Lapras|Whirlpool|p1a: Chillionaire
|-damage|p1a: Chillionaire|92/100
|-activate|p1a: Chillionaire|move: Whirlpool|[of] p2a: Lapras
|
|-heal|p1a: Chillionaire|98/100|[from] item: Black Sludge
|-damage|p1a: Chillionaire|86/100|[from] move: Whirlpool|[partiallytrapped]
|upkeep
|turn|11
|
|t:|1779890589
|switch|p2a: Smeargle|Smeargle, F|91/100 par
|move|p1a: Chillionaire|Future Sight|p2a: Smeargle
|-start|p1a: Chillionaire|move: Future Sight
|
|-heal|p1a: Chillionaire|92/100|[from] item: Black Sludge
|-end|p1a: Chillionaire|Whirlpool|[partiallytrapped]|[silent]
|upkeep
|turn|12
|
|t:|1779890595
|move|p2a: Smeargle|Trick|p1a: Chillionaire
|-activate|p2a: Smeargle|move: Trick|[of] p1a: Chillionaire
|-item|p1a: Chillionaire|Choice Scarf|[from] move: Trick
|-item|p2a: Smeargle|Black Sludge|[from] move: Trick
|-prepare|p1a: Chillionaire|Chilly Reception|[premajor]
|move|p1a: Chillionaire|Chilly Reception|p1a: Chillionaire
|-weather|Snowscape
|
|t:|1779890609
|switch|p1a: Freeze Clause|Kyurem, shiny|100/100|[from] Chilly Reception
|-ability|p1a: Freeze Clause|Pressure
|
|-weather|Snowscape|[upkeep]
|-damage|p2a: Smeargle|79/100 par|[from] item: Black Sludge
|upkeep
|turn|13
|
|t:|1779890616
|move|p1a: Freeze Clause|Earth Power|p2a: Smeargle
|-damage|p2a: Smeargle|0 fnt
|faint|p2a: Smeargle
|
|-weather|Snowscape|[upkeep]
|-hint|Future Sight did not hit because the target is fainted.
|upkeep
|
|t:|1779890625
|switch|p2a: Zamazenta|Zamazenta, shiny|100/100
|-ability|p2a: Zamazenta|Dauntless Shield|boost
|-boost|p2a: Zamazenta|def|1
|turn|14
|
|t:|1779890635
|switch|p1a: Chillionaire|Slowking-Galar, F|100/100
|move|p2a: Zamazenta|Iron Head|p1a: Chillionaire
|-damage|p1a: Chillionaire|80/100
|
|-weather|Snowscape|[upkeep]
|upkeep
|turn|15
|
|t:|1779890642
|move|p2a: Zamazenta|Crunch|p1a: Chillionaire
|-supereffective|p1a: Chillionaire
|-damage|p1a: Chillionaire|44/100
|move|p1a: Chillionaire|Future Sight|p2a: Zamazenta
|-start|p1a: Chillionaire|move: Future Sight
|
|-weather|Snowscape|[upkeep]
|upkeep
|turn|16
|
|t:|1779890656
|switch|p1a: Spin Diesel|Great Tusk|100/100
|move|p2a: Zamazenta|Crunch|p1a: Spin Diesel
|-resisted|p1a: Spin Diesel
|-damage|p1a: Spin Diesel|91/100
|-damage|p2a: Zamazenta|84/100|[from] item: Rocky Helmet|[of] p1a: Spin Diesel
|
|-weather|none
|upkeep
|turn|17
|
|t:|1779890660
|move|p2a: Zamazenta|Body Press|p1a: Spin Diesel
|-damage|p1a: Spin Diesel|54/100
|-damage|p2a: Zamazenta|67/100|[from] item: Rocky Helmet|[of] p1a: Spin Diesel
|move|p1a: Spin Diesel|Stealth Rock|p2a: Zamazenta
|-sidestart|p2: Gimmicksquad|move: Stealth Rock
|
|-end|p2a: Zamazenta|move: Future Sight
|-supereffective|p2a: Zamazenta
|-damage|p2a: Zamazenta|0 fnt
|faint|p2a: Zamazenta
|upkeep
|
|t:|1779890667
|switch|p2a: Ditto|Ditto|100/100
|-damage|p2a: Ditto|88/100|[from] Stealth Rock
|-transform|p2a: Ditto|p1a: Spin Diesel|[from] ability: Imposter
|turn|18
|
|t:|1779890672
|move|p1a: Spin Diesel|Ice Spinner|p2a: Ditto
|-supereffective|p2a: Ditto
|-damage|p2a: Ditto|37/100
|move|p2a: Ditto|Rapid Spin|p1a: Spin Diesel
|-damage|p1a: Spin Diesel|41/100
|-boost|p2a: Ditto|spe|1
|-damage|p2a: Ditto|20/100|[from] item: Rocky Helmet|[of] p1a: Spin Diesel
|-sideend|p2: Gimmicksquad|Stealth Rock|[from] move: Rapid Spin|[of] p2a: Ditto
|
|upkeep
|turn|19
|
|t:|1779890696
|move|p2a: Ditto|Headlong Rush|p1a: Spin Diesel
|-damage|p1a: Spin Diesel|0 fnt
|-unboost|p2a: Ditto|def|1
|-unboost|p2a: Ditto|spd|1
|-damage|p2a: Ditto|3/100|[from] item: Rocky Helmet|[of] p1a: Spin Diesel
|faint|p1a: Spin Diesel
|-end|p1a: Spin Diesel|Protosynthesis|[silent]
|
|upkeep
|inactive|ShaulaNegs has 120 seconds left.
|
|t:|1779890716
|switch|p1a: Shogun Showdown|Kingambit, M|100/100
|-activate|p1a: Shogun Showdown|ability: Supreme Overlord
|-start|p1a: Shogun Showdown|fallen2|[silent]
|turn|20
|
|t:|1779890720
|move|p1a: Shogun Showdown|Sucker Punch||[still]
|-fail|p1a: Shogun Showdown
|move|p2a: Ditto|Stealth Rock|p1a: Shogun Showdown
|-sidestart|p1: ShaulaNegs|move: Stealth Rock
|
|upkeep
|turn|21
|
|t:|1779890723
|move|p1a: Shogun Showdown|Sucker Punch||[still]
|-fail|p1a: Shogun Showdown
|move|p2a: Ditto|Stealth Rock||[still]
|-fail|p2a: Ditto
|
|upkeep
|turn|22
|
|t:|1779890727
|move|p1a: Shogun Showdown|Sucker Punch||[still]
|-fail|p1a: Shogun Showdown
|move|p2a: Ditto|Stealth Rock||[still]
|-fail|p2a: Ditto
|
|upkeep
|turn|23
|
|t:|1779890740
|move|p1a: Shogun Showdown|Sucker Punch||[still]
|-fail|p1a: Shogun Showdown
|move|p2a: Ditto|Stealth Rock||[still]
|-fail|p2a: Ditto
|
|upkeep
|turn|24
|
|t:|1779890742
|move|p2a: Ditto|Stealth Rock||[still]
|-fail|p2a: Ditto
|move|p1a: Shogun Showdown|Iron Head|p2a: Ditto
|-damage|p2a: Ditto|0 fnt
|faint|p2a: Ditto
|-end|p2a: Ditto|Protosynthesis|[silent]
|
|upkeep
|
|t:|1779890750
|switch|p2a: Lapras|Lapras, F|96/100
|turn|25
|
|t:|1779890771
|-end|p1a: Shogun Showdown|fallen2|[silent]
|switch|p1a: Chillionaire|Slowking-Galar, F|77/100
|-damage|p1a: Chillionaire|64/100|[from] Stealth Rock
|move|p2a: Lapras|Whirlpool|p1a: Chillionaire|[miss]
|-miss|p2a: Lapras|p1a: Chillionaire
|
|upkeep
|turn|26
|
|t:|1779890782
|move|p2a: Lapras|Whirlpool|p1a: Chillionaire
|-damage|p1a: Chillionaire|56/100
|-activate|p1a: Chillionaire|move: Whirlpool|[of] p2a: Lapras
|move|p1a: Chillionaire|Trick|p2a: Lapras
|-activate|p1a: Chillionaire|move: Trick|[of] p2a: Lapras
|-item|p2a: Lapras|Choice Scarf|[from] move: Trick
|-enditem|p1a: Chillionaire|Choice Scarf|[silent]|[from] move: Trick
|
|-damage|p1a: Chillionaire|43/100|[from] move: Whirlpool|[partiallytrapped]
|upkeep
|turn|27
|
|t:|1779890803
|move|p2a: Lapras|Perish Song|p2a: Lapras
|-start|p1a: Chillionaire|perish3|[silent]
|-start|p2a: Lapras|perish3|[silent]
|-fieldactivate|move: Perish Song
|move|p1a: Chillionaire|Future Sight|p2a: Lapras
|-start|p1a: Chillionaire|move: Future Sight
|
|-damage|p1a: Chillionaire|31/100|[from] move: Whirlpool|[partiallytrapped]
|-start|p2a: Lapras|perish3
|-start|p1a: Chillionaire|perish3
|upkeep
|turn|28
|
|t:|1779890807
|move|p2a: Lapras|Perish Song||[still]
|-fail|p2a: Lapras
|-prepare|p1a: Chillionaire|Chilly Reception|[premajor]
|move|p1a: Chillionaire|Chilly Reception|p1a: Chillionaire
|-weather|Snowscape
|
|t:|1779890815
|switch|p1a: Shogun Showdown|Kingambit, M|100/100|[from] Chilly Reception
|-damage|p1a: Shogun Showdown|94/100|[from] Stealth Rock
|-activate|p1a: Shogun Showdown|ability: Supreme Overlord
|-start|p1a: Shogun Showdown|fallen2|[silent]
|
|-weather|Snowscape|[upkeep]
|-heal|p1a: Shogun Showdown|100/100|[from] item: Leftovers
|-start|p2a: Lapras|perish2
|upkeep
|turn|29
|
|t:|1779890821
|move|p2a: Lapras|Perish Song|p2a: Lapras
|-start|p1a: Shogun Showdown|perish3|[silent]
|-fieldactivate|move: Perish Song
|move|p1a: Shogun Showdown|Swords Dance|p1a: Shogun Showdown
|-boost|p1a: Shogun Showdown|atk|2
|
|-weather|Snowscape|[upkeep]
|-end|p2a: Lapras|move: Future Sight
|-damage|p2a: Lapras|66/100
|-start|p2a: Lapras|perish1
|-start|p1a: Shogun Showdown|perish3
|upkeep
|turn|30
|
|t:|1779890824
|move|p2a: Lapras|Perish Song||[still]
|-fail|p2a: Lapras
|move|p1a: Shogun Showdown|Iron Head|p2a: Lapras
|-damage|p2a: Lapras|14/100
|
|-weather|Snowscape|[upkeep]
|-start|p2a: Lapras|perish0
|-start|p1a: Shogun Showdown|perish2
|faint|p2a: Lapras
|upkeep
|
|t:|1779890827
|switch|p2a: Cloyster|Cloyster, M|100/100
|turn|31
|
|t:|1779890834
|move|p2a: Cloyster|Shell Smash|p2a: Cloyster
|-unboost|p2a: Cloyster|def|1
|-unboost|p2a: Cloyster|spd|1
|-boost|p2a: Cloyster|atk|2
|-boost|p2a: Cloyster|spa|2
|-boost|p2a: Cloyster|spe|2
|move|p1a: Shogun Showdown|Kowtow Cleave|p2a: Cloyster
|-enditem|p2a: Cloyster|Focus Sash
|-damage|p2a: Cloyster|1/100
|
|-weather|Snowscape|[upkeep]
|-start|p1a: Shogun Showdown|perish1
|upkeep
|turn|32
|
|t:|1779890837
|move|p1a: Shogun Showdown|Sucker Punch||[still]
|-fail|p1a: Shogun Showdown
|move|p2a: Cloyster|Shell Smash|p2a: Cloyster
|-unboost|p2a: Cloyster|def|1
|-unboost|p2a: Cloyster|spd|1
|-boost|p2a: Cloyster|atk|2
|-boost|p2a: Cloyster|spa|2
|-boost|p2a: Cloyster|spe|2
|
|-weather|none
|-start|p1a: Shogun Showdown|perish0
|upkeep
|faint|p1a: Shogun Showdown
|-end|p1a: Shogun Showdown|fallen2|[silent]
|
|t:|1779890851
|switch|p1a: Chillionaire|Slowking-Galar, F|64/100
|-damage|p1a: Chillionaire|52/100|[from] Stealth Rock
|turn|33
|
|t:|1779890853
|switch|p1a: Tailwindiana Jones|Tornadus-Therian, M|100/100
|-damage|p1a: Tailwindiana Jones|76/100|[from] Stealth Rock
|move|p2a: Cloyster|Icicle Spear|p1a: Tailwindiana Jones
|-supereffective|p1a: Tailwindiana Jones
|-damage|p1a: Tailwindiana Jones|0 fnt
|faint|p1a: Tailwindiana Jones
|-hitcount|p1: Tailwindiana Jones|1
|
|upkeep
|
|t:|1779890856
|switch|p1a: Chillionaire|Slowking-Galar, F|85/100
|-damage|p1a: Chillionaire|73/100|[from] Stealth Rock
|turn|34
|
|t:|1779890859
|move|p2a: Cloyster|Icicle Spear|p1a: Chillionaire
|-damage|p1a: Chillionaire|49/100
|-damage|p1a: Chillionaire|26/100
|-damage|p1a: Chillionaire|1/100
|-damage|p1a: Chillionaire|0 fnt
|faint|p1a: Chillionaire
|-hitcount|p1: Chillionaire|4
|
|upkeep
|
|t:|1779890861
|switch|p1a: Freeze Clause|Kyurem, shiny|100/100
|-damage|p1a: Freeze Clause|76/100|[from] Stealth Rock
|-ability|p1a: Freeze Clause|Pressure
|turn|35
|
|t:|1779890866
|move|p2a: Cloyster|Icicle Spear|p1a: Freeze Clause
|-damage|p1a: Freeze Clause|41/100
|-damage|p1a: Freeze Clause|9/100
|-damage|p1a: Freeze Clause|0 fnt
|faint|p1a: Freeze Clause
|-hitcount|p1: Freeze Clause|3
|
|win|Gimmicksquad
|raw|ShaulaNegs's rating: 1447 &rarr; <strong>1427</strong><br />(-20 for losing)
|raw|Gimmicksquad's rating: 1443 &rarr; <strong>1463</strong><br />(+20 for winning)
|l|☆ShaulaNegs
|player|p1|
|c|☆Gimmicksquad|Gg
|l|☆Gimmicksquad
|player|p2|
