|j|☆apexmello
|j|☆rainy day 00
|t:|1779869928
|gametype|singles
|player|p1|apexmello|101|1272
|player|p2|rainy day 00|clair|1208
|gen|9
|tier|[Gen 9] OU
|rated|
|rule|HP Percentage Mod: HP is shown in percentages
|rule|Endless Battle Clause: Forcing endless battles is banned
|rule|Species Clause: Limit one of each Pokémon
|rule|OHKO Clause: OHKO moves are banned
|rule|Evasion Items Clause: Evasion items are banned
|rule|Evasion Moves Clause: Evasion moves are banned
|rule|Evasion Abilities Clause: Evasion abilities are banned
|rule|Sleep Moves Clause: Sleep-inducing moves are banned
|clearpoke
|poke|p1|Corviknight, M|
|poke|p1|Kingambit, M|
|poke|p1|Dragapult, M|
|poke|p1|Iron Valiant|
|poke|p1|Slowking-Galar, M|
|poke|p1|Meowscarada, M|
|poke|p2|Lilligant-Hisui, F|
|poke|p2|Goodra, M|
|poke|p2|Arcanine, M|
|poke|p2|Ambipom, M|
|poke|p2|Hatterene, F|
|poke|p2|Frosmoth, F|
|teampreview
|
|t:|1779869945
|teamsize|p1|6
|teamsize|p2|6
|start
|switch|p1a: Meowscarada|Meowscarada, M|100/100
|switch|p2a: Arcanine|Arcanine, M|100/100
|-ability|p2a: Arcanine|Intimidate|boost
|-unboost|p1a: Meowscarada|atk|1
|turn|1
|
|t:|1779869976
|move|p1a: Meowscarada|Knock Off|p2a: Arcanine
|-start|p1a: Meowscarada|typechange|Dark|[from] ability: Protean
|-damage|p2a: Arcanine|78/100
|-damage|p1a: Meowscarada|84/100|[from] item: Rocky Helmet|[of] p2a: Arcanine
|-enditem|p2a: Arcanine|Rocky Helmet|[from] move: Knock Off|[of] p1a: Meowscarada
|move|p2a: Arcanine|Will-O-Wisp|p1a: Meowscarada|[miss]
|-miss|p2a: Arcanine|p1a: Meowscarada
|
|upkeep
|turn|2
|
|t:|1779869993
|move|p1a: Meowscarada|U-turn|p2a: Arcanine
|-resisted|p2a: Arcanine
|-damage|p2a: Arcanine|73/100
|
|t:|1779869999
|switch|p1a: Dragapult|Dragapult, M|100/100|[from] U-turn
|move|p2a: Arcanine|Flare Blitz|p1a: Dragapult
|-resisted|p1a: Dragapult
|-damage|p1a: Dragapult|67/100
|-damage|p2a: Arcanine|64/100|[from] Recoil
|
|-heal|p1a: Dragapult|73/100|[from] item: Leftovers
|upkeep
|turn|3
|
|t:|1779870012
|switch|p2a: Goodra|Goodra, M|100/100
|move|p1a: Dragapult|Shadow Ball|p2a: Goodra
|-damage|p2a: Goodra|87/100
|
|-heal|p1a: Dragapult|79/100|[from] item: Leftovers
|upkeep
|turn|4
|
|t:|1779870022
|move|p1a: Dragapult|Dragon Darts|p2a: Goodra
|-supereffective|p2a: Goodra
|-damage|p2a: Goodra|43/100
|-anim|p1a: Dragapult|Dragon Darts|p2a: Goodra
|-supereffective|p2a: Goodra
|-damage|p2a: Goodra|0 fnt
|faint|p2a: Goodra
|
|-heal|p1a: Dragapult|85/100|[from] item: Leftovers
|upkeep
|
|t:|1779870032
|switch|p2a: Hatterene|Hatterene, F|100/100
|turn|5
|
|t:|1779870038
|move|p1a: Dragapult|Shadow Ball|p2a: Hatterene
|-supereffective|p2a: Hatterene
|-damage|p2a: Hatterene|68/100
|move|p2a: Hatterene|Mystical Fire|p1a: Dragapult
|-resisted|p1a: Dragapult
|-damage|p1a: Dragapult|69/100
|-unboost|p1a: Dragapult|spa|1
|
|-heal|p1a: Dragapult|75/100|[from] item: Leftovers
|upkeep
|turn|6
|
|t:|1779870052
|switch|p1a: Slowking|Slowking-Galar, M|100/100
|move|p2a: Hatterene|Nuzzle|p1a: Slowking
|-damage|p1a: Slowking|97/100
|-status|p1a: Slowking|par
|
|upkeep
|turn|7
|
|t:|1779870062
|move|p2a: Hatterene|Psychic Noise|p1a: Slowking
|-damage|p1a: Slowking|79/100 par
|-start|p1a: Slowking|move: Heal Block
|move|p1a: Slowking|Sludge Bomb|p2a: Hatterene
|-supereffective|p2a: Hatterene
|-damage|p2a: Hatterene|34/100
|
|upkeep
|turn|8
|
|t:|1779870073
|move|p2a: Hatterene|Mystical Fire|p1a: Slowking
|-damage|p1a: Slowking|68/100 par
|-unboost|p1a: Slowking|spa|1
|cant|p1a: Slowking|par
|
|-end|p1a: Slowking|move: Heal Block
|upkeep
|turn|9
|
|t:|1779870082
|move|p2a: Hatterene|Psychic Noise|p1a: Slowking
|-damage|p1a: Slowking|52/100 par
|-start|p1a: Slowking|move: Heal Block
|cant|p1a: Slowking|par
|
|upkeep
|turn|10
|
|t:|1779870091
|move|p2a: Hatterene|Psychic Noise|p1a: Slowking
|-damage|p1a: Slowking|35/100 par
|move|p1a: Slowking|Sludge Bomb|p2a: Hatterene
|-supereffective|p2a: Hatterene
|-crit|p2a: Hatterene
|-damage|p2a: Hatterene|0 fnt
|faint|p2a: Hatterene
|
|-end|p1a: Slowking|move: Heal Block
|upkeep
|
|t:|1779870102
|switch|p2a: Frosmoth|Frosmoth, F|100/100
|turn|11
|
|t:|1779870106
|switch|p1a: Kingambit|Kingambit, M|100/100
|move|p2a: Frosmoth|Quiver Dance|p2a: Frosmoth
|-boost|p2a: Frosmoth|spa|1
|-boost|p2a: Frosmoth|spd|1
|-boost|p2a: Frosmoth|spe|1
|
|upkeep
|turn|12
|
|t:|1779870118
|move|p2a: Frosmoth|Bug Buzz|p1a: Kingambit
|-damage|p1a: Kingambit|24/100
|move|p1a: Kingambit|Swords Dance|p1a: Kingambit
|-boost|p1a: Kingambit|atk|2
|
|upkeep
|turn|13
|
|t:|1779870125
|move|p1a: Kingambit|Sucker Punch|p2a: Frosmoth
|-crit|p2a: Frosmoth
|-damage|p2a: Frosmoth|0 fnt
|faint|p2a: Frosmoth
|
|upkeep
|
|t:|1779870134
|switch|p2a: Ambipom|Ambipom, M, shiny|100/100
|turn|14
|
|t:|1779870138
|move|p2a: Ambipom|Fake Out|p1a: Kingambit
|-resisted|p1a: Kingambit
|-damage|p1a: Kingambit|12/100
|-damage|p2a: Ambipom|91/100|[from] item: Life Orb
|cant|p1a: Kingambit|flinch
|
|upkeep
|turn|15
|
|t:|1779870151
|switch|p2a: Arcanine|Arcanine, M|64/100
|-ability|p2a: Arcanine|Intimidate|boost
|-unboost|p1a: Kingambit|atk|1
|move|p1a: Kingambit|Kowtow Cleave|p2a: Arcanine
|-damage|p2a: Arcanine|0 fnt
|faint|p2a: Arcanine
|
|upkeep
|
|t:|1779870160
|switch|p2a: Ambipom|Ambipom, M, shiny|91/100
|turn|16
|
|t:|1779870165
|move|p1a: Kingambit|Sucker Punch|p2a: Ambipom
|-damage|p2a: Ambipom|0 fnt
|faint|p2a: Ambipom
|
|upkeep
|
|t:|1779870171
|switch|p2a: Lilligant|Lilligant-Hisui, F, shiny|100/100
|turn|17
|
|t:|1779870179
|move|p2a: Lilligant|Victory Dance|p2a: Lilligant
|-boost|p2a: Lilligant|atk|1
|-boost|p2a: Lilligant|def|1
|-boost|p2a: Lilligant|spe|1
|move|p1a: Kingambit|Kowtow Cleave|p2a: Lilligant
|-resisted|p2a: Lilligant
|-damage|p2a: Lilligant|53/100
|
|upkeep
|turn|18
|
|t:|1779870189
|move|p1a: Kingambit|Sucker Punch||[still]
|-fail|p1a: Kingambit
|move|p2a: Lilligant|Victory Dance|p2a: Lilligant
|-boost|p2a: Lilligant|atk|1
|-boost|p2a: Lilligant|def|1
|-boost|p2a: Lilligant|spe|1
|
|upkeep
|turn|19
|
|t:|1779870202
|move|p1a: Kingambit|Sucker Punch||[still]
|-fail|p1a: Kingambit
|move|p2a: Lilligant|Victory Dance|p2a: Lilligant
|-boost|p2a: Lilligant|atk|1
|-boost|p2a: Lilligant|def|1
|-boost|p2a: Lilligant|spe|1
|
|upkeep
|turn|20
|
|t:|1779870217
|move|p1a: Kingambit|Sucker Punch|p2a: Lilligant
|-resisted|p2a: Lilligant
|-damage|p2a: Lilligant|28/100
|move|p2a: Lilligant|Leaf Blade|p1a: Kingambit
|-resisted|p1a: Kingambit
|-damage|p1a: Kingambit|0 fnt
|faint|p1a: Kingambit
|-end|p1a: Kingambit|fallenundefined|[silent]
|
|upkeep
|
|t:|1779870235
|switch|p1a: Slowking|Slowking-Galar, M|68/100 par
|turn|21
|
|t:|1779870247
|switch|p1a: Corviknight|Corviknight, M, shiny|100/100
|move|p2a: Lilligant|Leaf Blade|p1a: Corviknight
|-resisted|p1a: Corviknight
|-damage|p1a: Corviknight|69/100
|-damage|p2a: Lilligant|11/100|[from] item: Rocky Helmet|[of] p1a: Corviknight
|
|upkeep
|turn|22
|
|t:|1779870261
|switch|p1a: Slowking|Slowking-Galar, M|100/100 par
|move|p2a: Lilligant|Axe Kick|p1a: Slowking
|-resisted|p1a: Slowking
|-damage|p1a: Slowking|59/100 par
|
|upkeep
|turn|23
|
|t:|1779870273
|move|p2a: Lilligant|Axe Kick|p1a: Slowking
|-resisted|p1a: Slowking
|-damage|p1a: Slowking|18/100 par
|cant|p1a: Slowking|par
|
|upkeep
|turn|24
|
|t:|1779870280
|switch|p1a: Dragapult|Dragapult, M|75/100
|move|p2a: Lilligant|Axe Kick|p1a: Dragapult
|-immune|p1a: Dragapult
|-damage|p2a: Lilligant|0 fnt|[from] highjumpkick
|faint|p2a: Lilligant
|
|win|apexmello
|raw|apexmello's rating: 1272 &rarr; <strong>1292</strong><br />(+20 for winning)
|raw|rainy day 00's rating: 1208 &rarr; <strong>1188</strong><br />(-20 for losing)
|l|☆apexmello
|player|p1|
|l|☆rainy day 00
|player|p2|
