|j|☆claudechamp
|j|☆EL-Lindo
|t:|1779877092
|gametype|singles
|player|p1|claudechamp|169|1248
|player|p2|EL-Lindo|1|1219
|gen|9
|tier|[Gen 9] OU
|rated|
|rule|HP Percentage Mod: HP is shown in percentages
|rule|Endless Battle Clause: Forcing endless battles is banned
|rule|Species Clause: Limit one of each Pokémon
|rule|OHKO Clause: OHKO moves are banned
|rule|Evasion Items Clause: Evasion items are banned
|rule|Evasion Moves Clause: Evasion moves are banned
|rule|Evasion Abilities Clause: Evasion abilities are banned
|rule|Sleep Moves Clause: Sleep-inducing moves are banned
|clearpoke
|poke|p1|Gliscor, F|
|poke|p1|Gholdengo|
|poke|p1|Zamazenta-*|
|poke|p1|Blissey, F|
|poke|p1|Skarmory, M|
|poke|p1|Pecharunt|
|poke|p2|Slither Wing|
|poke|p2|Ninetales, F|
|poke|p2|Raging Bolt|
|poke|p2|Dragapult, F|
|poke|p2|Great Tusk|
|poke|p2|Fezandipiti, M|
|teampreview
|c|☆claudechamp|hf
|
|t:|1779877095
|teamsize|p1|6
|teamsize|p2|6
|start
|switch|p1a: Skarmory|Skarmory, M|100/100
|switch|p2a: Ninetales|Ninetales, F|100/100
|-weather|SunnyDay|[from] ability: Drought|[of] p2a: Ninetales
|turn|1
|inactive|Battle timer is ON: inactive players will automatically lose when time's up. (requested by claudechamp)
|
|t:|1779877107
|switch|p1a: Blissey|Blissey, F|100/100
|move|p2a: Ninetales|Weather Ball|p1a: Blissey
|-damage|p1a: Blissey|88/100
|
|-weather|SunnyDay|[upkeep]
|upkeep
|turn|2
|
|t:|1779877124
|move|p2a: Ninetales|Will-O-Wisp|p1a: Blissey
|-status|p1a: Blissey|brn
|move|p1a: Blissey|Stealth Rock|p2a: Ninetales
|-sidestart|p2: EL-Lindo|move: Stealth Rock
|
|-weather|SunnyDay|[upkeep]
|-damage|p1a: Blissey|81/100 brn|[from] brn
|upkeep
|turn|3
|
|t:|1779877128
|switch|p2a: Great Tusk|Great Tusk|100/100
|-activate|p2a: Great Tusk|ability: Protosynthesis
|-start|p2a: Great Tusk|protosynthesisatk
|move|p1a: Blissey|Calm Mind|p1a: Blissey
|-boost|p1a: Blissey|spa|1
|-boost|p1a: Blissey|spd|1
|
|-weather|SunnyDay|[upkeep]
|-damage|p1a: Blissey|75/100 brn|[from] brn
|upkeep
|turn|4
|
|t:|1779877136
|-curestatus|p1a: Blissey|brn|[from] ability: Natural Cure|[silent]
|switch|p1a: Gliscor|Gliscor, F|100/100
|move|p2a: Great Tusk|Headlong Rush|p1a: Gliscor
|-immune|p1a: Gliscor
|
|-weather|SunnyDay|[upkeep]
|-status|p1a: Gliscor|tox|[from] item: Toxic Orb
|upkeep
|turn|5
|
|t:|1779877139
|move|p1a: Gliscor|Swords Dance|p1a: Gliscor
|-boost|p1a: Gliscor|atk|2
|move|p2a: Great Tusk|Knock Off|p1a: Gliscor
|-damage|p1a: Gliscor|60/100 tox
|-enditem|p1a: Gliscor|Toxic Orb|[from] move: Knock Off|[of] p2a: Great Tusk
|
|-weather|SunnyDay|[upkeep]
|-heal|p1a: Gliscor|72/100 tox|[from] ability: Poison Heal
|upkeep
|turn|6
|
|t:|1779877141
|move|p1a: Gliscor|Earthquake|p2a: Great Tusk
|-crit|p2a: Great Tusk
|-damage|p2a: Great Tusk|36/100
|move|p2a: Great Tusk|Stealth Rock|p1a: Gliscor
|-sidestart|p1: claudechamp|move: Stealth Rock
|
|-weather|SunnyDay|[upkeep]
|-heal|p1a: Gliscor|85/100 tox|[from] ability: Poison Heal
|upkeep
|turn|7
|
|t:|1779877149
|-end|p2a: Great Tusk|Protosynthesis|[silent]
|switch|p2a: Slither Wing|Slither Wing|100/100
|-damage|p2a: Slither Wing|88/100|[from] Stealth Rock
|-activate|p2a: Slither Wing|ability: Protosynthesis
|-start|p2a: Slither Wing|protosynthesisatk
|move|p1a: Gliscor|Earthquake|p2a: Slither Wing
|-resisted|p2a: Slither Wing
|-damage|p2a: Slither Wing|41/100
|
|-weather|SunnyDay|[upkeep]
|-heal|p1a: Gliscor|97/100 tox|[from] ability: Poison Heal
|upkeep
|turn|8
|
|t:|1779877152
|move|p2a: Slither Wing|First Impression|p1a: Gliscor
|-resisted|p1a: Gliscor
|-damage|p1a: Gliscor|56/100 tox
|move|p1a: Gliscor|Earthquake|p2a: Slither Wing
|-resisted|p2a: Slither Wing
|-damage|p2a: Slither Wing|1/100
|
|-weather|none
|-end|p2a: Slither Wing|Protosynthesis
|-heal|p1a: Gliscor|68/100 tox|[from] ability: Poison Heal
|upkeep
|turn|9
|
|t:|1779877159
|-end|p2a: Slither Wing|Protosynthesis|[silent]
|switch|p2a: Ninetales|Ninetales, F|100/100
|-damage|p2a: Ninetales|76/100|[from] Stealth Rock
|-weather|SunnyDay|[from] ability: Drought|[of] p2a: Ninetales
|move|p1a: Gliscor|Earthquake|p2a: Ninetales
|-supereffective|p2a: Ninetales
|-damage|p2a: Ninetales|0 fnt
|faint|p2a: Ninetales
|
|-weather|SunnyDay|[upkeep]
|-heal|p1a: Gliscor|81/100 tox|[from] ability: Poison Heal
|upkeep
|
|t:|1779877162
|switch|p2a: Dragapult|Dragapult, F|100/100
|-damage|p2a: Dragapult|88/100|[from] Stealth Rock
|turn|10
|
|t:|1779877167
|move|p2a: Dragapult|Draco Meteor|p1a: Gliscor
|-crit|p1a: Gliscor
|-damage|p1a: Gliscor|0 fnt
|-unboost|p2a: Dragapult|spa|2
|faint|p1a: Gliscor
|-damage|p2a: Dragapult|78/100|[from] item: Life Orb
|
|-weather|SunnyDay|[upkeep]
|upkeep
|
|t:|1779877172
|switch|p1a: Zamazenta|Zamazenta|100/100
|-ability|p1a: Zamazenta|Dauntless Shield|boost
|-boost|p1a: Zamazenta|def|1
|turn|11
|
|t:|1779877179
|switch|p2a: Slither Wing|Slither Wing|1/100
|-damage|p2a: Slither Wing|0 fnt|[from] Stealth Rock
|faint|p2a: Slither Wing
|-end|p2a: Slither Wing|Protosynthesis|[silent]
|move|p1a: Zamazenta|Ice Fang|p2: Slither Wing|[notarget]
|-fail|p1a: Zamazenta
|
|-weather|SunnyDay|[upkeep]
|upkeep
|
|t:|1779877181
|switch|p2a: Raging Bolt|Raging Bolt|100/100
|-damage|p2a: Raging Bolt|88/100|[from] Stealth Rock
|-activate|p2a: Raging Bolt|ability: Protosynthesis
|-start|p2a: Raging Bolt|protosynthesisspa
|turn|12
|
|t:|1779877189
|-terastallize|p1a: Zamazenta|Ice
|move|p1a: Zamazenta|Ice Fang|p2a: Raging Bolt
|-supereffective|p2a: Raging Bolt
|-damage|p2a: Raging Bolt|32/100
|move|p2a: Raging Bolt|Volt Switch|p1a: Zamazenta
|-damage|p1a: Zamazenta|30/100
|
|t:|1779877194
|-end|p2a: Raging Bolt|Protosynthesis|[silent]
|switch|p2a: Dragapult|Dragapult, F|78/100|[from] Volt Switch
|-damage|p2a: Dragapult|66/100|[from] Stealth Rock
|
|-weather|SunnyDay|[upkeep]
|upkeep
|turn|13
|
|t:|1779877197
|move|p2a: Dragapult|Fire Blast|p1a: Zamazenta
|-supereffective|p1a: Zamazenta
|-damage|p1a: Zamazenta|0 fnt
|faint|p1a: Zamazenta
|-damage|p2a: Dragapult|56/100|[from] item: Life Orb
|
|-weather|SunnyDay|[upkeep]
|upkeep
|
|t:|1779877200
|switch|p1a: Blissey|Blissey, F|75/100
|turn|14
|
|t:|1779877206
|switch|p2a: Fezandipiti|Fezandipiti, M|100/100
|move|p1a: Blissey|Soft-Boiled|p1a: Blissey
|-heal|p1a: Blissey|100/100
|
|-weather|SunnyDay|[upkeep]
|upkeep
|turn|15
|
|t:|1779877213
|move|p2a: Fezandipiti|Play Rough|p1a: Blissey
|-damage|p1a: Blissey|64/100
|move|p1a: Blissey|Shadow Ball|p2a: Fezandipiti
|-damage|p2a: Fezandipiti|91/100
|
|-weather|SunnyDay|[upkeep]
|upkeep
|turn|16
|
|t:|1779877216
|move|p2a: Fezandipiti|Play Rough|p1a: Blissey
|-damage|p1a: Blissey|29/100
|move|p1a: Blissey|Soft-Boiled|p1a: Blissey
|-heal|p1a: Blissey|79/100
|
|-weather|none
|upkeep
|turn|17
|
|t:|1779877222
|switch|p1a: Gholdengo|Gholdengo|100/100
|-damage|p1a: Gholdengo|94/100|[from] Stealth Rock
|move|p2a: Fezandipiti|Play Rough|p1a: Gholdengo|[miss]
|-miss|p2a: Fezandipiti|p1a: Gholdengo
|
|upkeep
|turn|18
|
|t:|1779877226
|move|p2a: Fezandipiti|Beat Up|p1a: Gholdengo
|-supereffective|p1a: Gholdengo
|-damage|p1a: Gholdengo|89/100
|-supereffective|p1a: Gholdengo
|-damage|p1a: Gholdengo|81/100
|-supereffective|p1a: Gholdengo
|-damage|p1a: Gholdengo|77/100
|-supereffective|p1a: Gholdengo
|-damage|p1a: Gholdengo|71/100
|-hitcount|p1a: Gholdengo|4
|move|p1a: Gholdengo|Hex|p2a: Fezandipiti
|-damage|p2a: Fezandipiti|73/100
|
|upkeep
|turn|19
|
|t:|1779877235
|move|p2a: Fezandipiti|Beat Up|p1a: Gholdengo
|-supereffective|p1a: Gholdengo
|-damage|p1a: Gholdengo|65/100
|-supereffective|p1a: Gholdengo
|-damage|p1a: Gholdengo|58/100
|-supereffective|p1a: Gholdengo
|-damage|p1a: Gholdengo|54/100
|-supereffective|p1a: Gholdengo
|-damage|p1a: Gholdengo|47/100
|-hitcount|p1a: Gholdengo|4
|move|p1a: Gholdengo|Hex|p2a: Fezandipiti
|-damage|p2a: Fezandipiti|55/100
|
|upkeep
|turn|20
|
|t:|1779877242
|move|p2a: Fezandipiti|Beat Up|p1a: Gholdengo
|-supereffective|p1a: Gholdengo
|-damage|p1a: Gholdengo|42/100
|-supereffective|p1a: Gholdengo
|-damage|p1a: Gholdengo|35/100
|-supereffective|p1a: Gholdengo
|-crit|p1a: Gholdengo
|-damage|p1a: Gholdengo|28/100
|-supereffective|p1a: Gholdengo
|-damage|p1a: Gholdengo|21/100
|-hitcount|p1a: Gholdengo|4
|move|p1a: Gholdengo|Recover|p1a: Gholdengo
|-heal|p1a: Gholdengo|71/100
|
|upkeep
|turn|21
|
|t:|1779877251
|move|p2a: Fezandipiti|Beat Up|p1a: Gholdengo
|-supereffective|p1a: Gholdengo
|-damage|p1a: Gholdengo|66/100
|-supereffective|p1a: Gholdengo
|-damage|p1a: Gholdengo|58/100
|-supereffective|p1a: Gholdengo
|-damage|p1a: Gholdengo|53/100
|-supereffective|p1a: Gholdengo
|-damage|p1a: Gholdengo|47/100
|-hitcount|p1a: Gholdengo|4
|move|p1a: Gholdengo|Hex|p2a: Fezandipiti
|-damage|p2a: Fezandipiti|37/100
|
|upkeep
|turn|22
|
|t:|1779877261
|move|p2a: Fezandipiti|Beat Up|p1a: Gholdengo
|-supereffective|p1a: Gholdengo
|-damage|p1a: Gholdengo|41/100
|-supereffective|p1a: Gholdengo
|-damage|p1a: Gholdengo|34/100
|-supereffective|p1a: Gholdengo
|-damage|p1a: Gholdengo|29/100
|-supereffective|p1a: Gholdengo
|-damage|p1a: Gholdengo|23/100
|-hitcount|p1a: Gholdengo|4
|move|p1a: Gholdengo|Recover|p1a: Gholdengo
|-heal|p1a: Gholdengo|73/100
|
|upkeep
|turn|23
|
|t:|1779877272
|move|p2a: Fezandipiti|Beat Up|p1a: Gholdengo
|-supereffective|p1a: Gholdengo
|-crit|p1a: Gholdengo
|-damage|p1a: Gholdengo|64/100
|-supereffective|p1a: Gholdengo
|-damage|p1a: Gholdengo|56/100
|-supereffective|p1a: Gholdengo
|-damage|p1a: Gholdengo|52/100
|-supereffective|p1a: Gholdengo
|-damage|p1a: Gholdengo|46/100
|-hitcount|p1a: Gholdengo|4
|move|p1a: Gholdengo|Hex|p2a: Fezandipiti
|-damage|p2a: Fezandipiti|19/100
|
|upkeep
|turn|24
|
|t:|1779877281
|move|p2a: Fezandipiti|Beat Up|p1a: Gholdengo
|-supereffective|p1a: Gholdengo
|-damage|p1a: Gholdengo|40/100
|-supereffective|p1a: Gholdengo
|-damage|p1a: Gholdengo|34/100
|-supereffective|p1a: Gholdengo
|-damage|p1a: Gholdengo|29/100
|-supereffective|p1a: Gholdengo
|-damage|p1a: Gholdengo|23/100
|-hitcount|p1a: Gholdengo|4
|move|p1a: Gholdengo|Recover|p1a: Gholdengo
|-heal|p1a: Gholdengo|73/100
|
|upkeep
|turn|25
|
|t:|1779877288
|move|p2a: Fezandipiti|Roost|p2a: Fezandipiti
|-heal|p2a: Fezandipiti|69/100
|-singleturn|p2a: Fezandipiti|move: Roost
|move|p1a: Gholdengo|Hex|p2a: Fezandipiti
|-damage|p2a: Fezandipiti|51/100
|
|upkeep
|turn|26
|
|t:|1779877300
|move|p2a: Fezandipiti|Beat Up|p1a: Gholdengo
|-supereffective|p1a: Gholdengo
|-damage|p1a: Gholdengo|68/100
|-supereffective|p1a: Gholdengo
|-damage|p1a: Gholdengo|60/100
|-supereffective|p1a: Gholdengo
|-damage|p1a: Gholdengo|56/100
|-supereffective|p1a: Gholdengo
|-damage|p1a: Gholdengo|49/100
|-hitcount|p1a: Gholdengo|4
|move|p1a: Gholdengo|Recover|p1a: Gholdengo
|-heal|p1a: Gholdengo|99/100
|
|upkeep
|turn|27
|
|t:|1779877312
|move|p2a: Fezandipiti|Beat Up|p1a: Gholdengo
|-supereffective|p1a: Gholdengo
|-damage|p1a: Gholdengo|93/100
|-supereffective|p1a: Gholdengo
|-damage|p1a: Gholdengo|86/100
|-supereffective|p1a: Gholdengo
|-damage|p1a: Gholdengo|81/100
|-supereffective|p1a: Gholdengo
|-damage|p1a: Gholdengo|74/100
|-hitcount|p1a: Gholdengo|4
|move|p1a: Gholdengo|Nasty Plot|p1a: Gholdengo
|-boost|p1a: Gholdengo|spa|2
|
|upkeep
|turn|28
|
|t:|1779877323
|move|p2a: Fezandipiti|Roost|p2a: Fezandipiti
|-heal|p2a: Fezandipiti|100/100
|-singleturn|p2a: Fezandipiti|move: Roost
|move|p1a: Gholdengo|Thunder Wave|p2a: Fezandipiti
|-status|p2a: Fezandipiti|par
|
|upkeep
|turn|29
|
|t:|1779877331
|move|p1a: Gholdengo|Recover|p1a: Gholdengo
|-heal|p1a: Gholdengo|100/100
|move|p2a: Fezandipiti|U-turn|p1a: Gholdengo
|-resisted|p1a: Gholdengo
|-damage|p1a: Gholdengo|97/100
|
|t:|1779877336
|switch|p2a: Dragapult|Dragapult, F|56/100|[from] U-turn
|-damage|p2a: Dragapult|44/100|[from] Stealth Rock
|
|upkeep
|turn|30
|
|t:|1779877349
|move|p2a: Dragapult|Fire Blast|p1a: Gholdengo
|-supereffective|p1a: Gholdengo
|-damage|p1a: Gholdengo|20/100
|-damage|p2a: Dragapult|34/100|[from] item: Life Orb
|move|p1a: Gholdengo|Hex|p2a: Dragapult
|-supereffective|p2a: Dragapult
|-damage|p2a: Dragapult|0 fnt
|faint|p2a: Dragapult
|
|upkeep
|
|t:|1779877361
|switch|p2a: Raging Bolt|Raging Bolt|32/100
|-damage|p2a: Raging Bolt|20/100|[from] Stealth Rock
|turn|31
|
|t:|1779877375
|move|p2a: Raging Bolt|Thunderclap|p1a: Gholdengo
|-damage|p1a: Gholdengo|0 fnt
|faint|p1a: Gholdengo
|
|upkeep
|
|t:|1779877386
|switch|p1a: Pecharunt|Pecharunt|100/100
|turn|32
|
|t:|1779877394
|move|p2a: Raging Bolt|Thunderclap|p1a: Pecharunt
|-damage|p1a: Pecharunt|40/100
|move|p1a: Pecharunt|Shadow Ball|p2a: Raging Bolt
|-damage|p2a: Raging Bolt|0 fnt
|faint|p2a: Raging Bolt
|-end|p2a: Raging Bolt|Protosynthesis|[silent]
|
|upkeep
|
|t:|1779877399
|switch|p2a: Fezandipiti|Fezandipiti, M|100/100 par
|turn|33
|
|t:|1779877410
|move|p1a: Pecharunt|Recover|p1a: Pecharunt
|-heal|p1a: Pecharunt|90/100
|move|p2a: Fezandipiti|Beat Up|p1a: Pecharunt
|-supereffective|p1a: Pecharunt
|-damage|p1a: Pecharunt|86/100
|-supereffective|p1a: Pecharunt
|-damage|p1a: Pecharunt|81/100
|-hitcount|p1a: Pecharunt|2
|
|upkeep
|turn|34
|inactive|EL-Lindo has 120 seconds left.
|
|t:|1779877460
|move|p1a: Pecharunt|Recover|p1a: Pecharunt
|-heal|p1a: Pecharunt|100/100
|cant|p2a: Fezandipiti|par
|
|upkeep
|turn|35
|
|t:|1779877472
|move|p1a: Pecharunt|Shadow Ball|p2a: Fezandipiti
|-damage|p2a: Fezandipiti|85/100 par
|cant|p2a: Fezandipiti|par
|
|upkeep
|turn|36
|
|t:|1779877490
|move|p1a: Pecharunt|Shadow Ball|p2a: Fezandipiti
|-damage|p2a: Fezandipiti|67/100 par
|move|p2a: Fezandipiti|Beat Up|p1a: Pecharunt
|-supereffective|p1a: Pecharunt
|-damage|p1a: Pecharunt|97/100
|-supereffective|p1a: Pecharunt
|-damage|p1a: Pecharunt|92/100
|-hitcount|p1a: Pecharunt|2
|
|upkeep
|turn|37
|
|t:|1779877504
|move|p1a: Pecharunt|Recover|p1a: Pecharunt
|-heal|p1a: Pecharunt|100/100
|move|p2a: Fezandipiti|Beat Up|p1a: Pecharunt
|-supereffective|p1a: Pecharunt
|-crit|p1a: Pecharunt
|-damage|p1a: Pecharunt|95/100
|-supereffective|p1a: Pecharunt
|-damage|p1a: Pecharunt|90/100
|-hitcount|p1a: Pecharunt|2
|
|upkeep
|turn|38
|inactive|EL-Lindo has 120 seconds left.
|inactive|EL-Lindo has 90 seconds left.
|inactive|EL-Lindo has 60 seconds left.
|
|t:|1779877591
|move|p1a: Pecharunt|Parting Shot|p2a: Fezandipiti
|-unboost|p2a: Fezandipiti|atk|1
|-unboost|p2a: Fezandipiti|spa|1
|-message|EL-Lindo forfeited.
|
|win|claudechamp
|raw|claudechamp's rating: 1248 &rarr; <strong>1269</strong><br />(+21 for winning)
|raw|EL-Lindo's rating: 1195 &rarr; <strong>1174</strong><br />(-21 for losing)
|l|☆EL-Lindo
|player|p2|
|c|☆claudechamp|gg
