|j|☆showbiz_carton
|j|☆Snoboh
|t:|1779819202
|gametype|singles
|player|p1|showbiz_carton|hugh|1362
|player|p2|Snoboh|gentleman-gen4|1383
|gen|9
|tier|[Gen 9] OU
|rated|
|rule|HP Percentage Mod: HP is shown in percentages
|rule|Endless Battle Clause: Forcing endless battles is banned
|rule|Species Clause: Limit one of each Pokémon
|rule|OHKO Clause: OHKO moves are banned
|rule|Evasion Items Clause: Evasion items are banned
|rule|Evasion Moves Clause: Evasion moves are banned
|rule|Evasion Abilities Clause: Evasion abilities are banned
|rule|Sleep Moves Clause: Sleep-inducing moves are banned
|clearpoke
|poke|p1|Empoleon, M|
|poke|p1|Cinderace, F|
|poke|p1|Landorus-Therian, M|
|poke|p1|Iron Valiant|
|poke|p1|Kyurem|
|poke|p1|Rillaboom, F|
|poke|p2|Pincurchin, M|
|poke|p2|Iron Moth|
|poke|p2|Iron Leaves|
|poke|p2|Iron Boulder|
|poke|p2|Iron Treads|
|poke|p2|Iron Valiant|
|teampreview
|inactive|Battle timer is ON: inactive players will automatically lose when time's up. (requested by Snoboh)
|
|t:|1779819214
|teamsize|p1|6
|teamsize|p2|6
|start
|switch|p1a: Rillaboom|Rillaboom, F|100/100
|switch|p2a: Iron Moth|Iron Moth|100/100
|-fieldstart|move: Grassy Terrain|[from] ability: Grassy Surge|[of] p1a: Rillaboom
|turn|1
|
|t:|1779819232
|switch|p1a: Cinderace|Cinderace, F|100/100
|move|p2a: Iron Moth|Flamethrower|p1a: Cinderace
|-resisted|p1a: Cinderace
|-damage|p1a: Cinderace|54/100
|
|-heal|p1a: Cinderace|60/100|[from] Grassy Terrain
|upkeep
|turn|2
|
|t:|1779819253
|move|p1a: Cinderace|U-turn|p2a: Iron Moth
|-start|p1a: Cinderace|typechange|Bug|[from] ability: Libero
|-resisted|p2a: Iron Moth
|-damage|p2a: Iron Moth|88/100
|
|t:|1779819258
|switch|p1a: Empoleon|Empoleon, M, shiny|100/100|[from] U-turn
|move|p2a: Iron Moth|Flamethrower|p1a: Empoleon
|-damage|p1a: Empoleon|42/100
|
|-heal|p2a: Iron Moth|94/100|[from] Grassy Terrain
|-heal|p1a: Empoleon|48/100|[from] Grassy Terrain
|upkeep
|turn|3
|
|t:|1779819267
|move|p2a: Iron Moth|Flamethrower|p1a: Empoleon
|-damage|p1a: Empoleon|0 fnt
|faint|p1a: Empoleon
|
|-heal|p2a: Iron Moth|99/100|[from] Grassy Terrain
|upkeep
|
|t:|1779819273
|switch|p1a: Landorus|Landorus-Therian, M|100/100
|-ability|p1a: Landorus|Intimidate|boost
|-unboost|p2a: Iron Moth|atk|1
|turn|4
|
|t:|1779819290
|-end|p2a: Iron Moth|Quark Drive|[silent]
|switch|p2a: Iron Leaves|Iron Leaves|100/100
|move|p1a: Landorus|Earthquake|p2a: Iron Leaves
|-resisted|p2a: Iron Leaves
|-damage|p2a: Iron Leaves|87/100
|
|-heal|p2a: Iron Leaves|94/100|[from] Grassy Terrain
|upkeep
|turn|5
|
|t:|1779819314
|move|p2a: Iron Leaves|Psyblade|p1a: Landorus
|-damage|p1a: Landorus|39/100
|-damage|p2a: Iron Leaves|77/100|[from] item: Rocky Helmet|[of] p1a: Landorus
|move|p1a: Landorus|U-turn|p2a: Iron Leaves
|-supereffective|p2a: Iron Leaves
|-damage|p2a: Iron Leaves|0 fnt
|faint|p2a: Iron Leaves
|-end|p2a: Iron Leaves|Quark Drive|[silent]
|
|t:|1779819326
|switch|p1a: Kyurem|Kyurem|100/100|[from] U-turn
|-ability|p1a: Kyurem|Pressure
|
|upkeep
|
|t:|1779819341
|switch|p2a: Iron Boulder|Iron Boulder|100/100
|turn|6
|
|t:|1779819349
|switch|p1a: Landorus|Landorus-Therian, M|39/100
|-ability|p1a: Landorus|Intimidate|boost
|-unboost|p2a: Iron Boulder|atk|1
|move|p2a: Iron Boulder|Mighty Cleave|p1a: Landorus
|-damage|p1a: Landorus|0 fnt
|-damage|p2a: Iron Boulder|84/100|[from] item: Rocky Helmet|[of] p1a: Landorus
|faint|p1a: Landorus
|
|-heal|p2a: Iron Boulder|90/100|[from] Grassy Terrain
|upkeep
|
|t:|1779819361
|switch|p1a: Rillaboom|Rillaboom, F|100/100
|turn|7
|
|t:|1779819367
|-end|p2a: Iron Boulder|Quark Drive|[silent]
|switch|p2a: Pincurchin|Pincurchin, M|100/100
|-fieldstart|move: Electric Terrain|[from] ability: Electric Surge|[of] p2a: Pincurchin
|move|p1a: Rillaboom|U-turn|p2a: Pincurchin
|-damage|p2a: Pincurchin|77/100
|
|t:|1779819376
|switch|p1a: Kyurem|Kyurem|100/100|[from] U-turn
|-ability|p1a: Kyurem|Pressure
|
|upkeep
|turn|8
|
|t:|1779819382
|switch|p2a: Iron Treads|Iron Treads|100/100
|-activate|p2a: Iron Treads|ability: Quark Drive
|-start|p2a: Iron Treads|quarkdrivespe
|move|p1a: Kyurem|Dragon Dance|p1a: Kyurem
|-boost|p1a: Kyurem|atk|1
|-boost|p1a: Kyurem|spe|1
|
|upkeep
|turn|9
|
|t:|1779819395
|move|p2a: Iron Treads|Iron Head|p1a: Kyurem
|-supereffective|p1a: Kyurem
|-damage|p1a: Kyurem|0 fnt
|faint|p1a: Kyurem
|
|upkeep
|
|t:|1779819399
|switch|p1a: Cinderace|Cinderace, F|60/100
|turn|10
|
|t:|1779819407
|move|p2a: Iron Treads|Iron Head|p1a: Cinderace
|-resisted|p1a: Cinderace
|-damage|p1a: Cinderace|17/100
|cant|p1a: Cinderace|flinch
|
|upkeep
|turn|11
|-message|showbiz_carton forfeited.
|
|win|Snoboh
|raw|showbiz_carton's rating: 1362 &rarr; <strong>1343</strong><br />(-19 for losing)
|raw|Snoboh's rating: 1383 &rarr; <strong>1402</strong><br />(+19 for winning)
|l|☆showbiz_carton
|player|p1|
|l|☆Snoboh
|player|p2|
