|j|☆claudechamp
|j|☆Maleficance
|t:|1779830586
|gametype|singles
|player|p1|claudechamp|265|1156
|player|p2|Maleficance|baker|1124
|gen|9
|tier|[Gen 9] OU
|rated|
|rule|HP Percentage Mod: HP is shown in percentages
|rule|Endless Battle Clause: Forcing endless battles is banned
|rule|Species Clause: Limit one of each Pokémon
|rule|OHKO Clause: OHKO moves are banned
|rule|Evasion Items Clause: Evasion items are banned
|rule|Evasion Moves Clause: Evasion moves are banned
|rule|Evasion Abilities Clause: Evasion abilities are banned
|rule|Sleep Moves Clause: Sleep-inducing moves are banned
|clearpoke
|poke|p1|Gliscor, M|
|poke|p1|Gholdengo|
|poke|p1|Zamazenta-*|
|poke|p1|Blissey, F|
|poke|p1|Skarmory, F|
|poke|p1|Pecharunt|
|poke|p2|Deoxys-Speed|
|poke|p2|Whimsicott, F|
|poke|p2|Tornadus, M|
|poke|p2|Crawdaunt, F|
|poke|p2|Typhlosion-Hisui, F|
|poke|p2|Magnezone|
|teampreview
|c|☆claudechamp|hf
|inactive|Battle timer is ON: inactive players will automatically lose when time's up. (requested by Maleficance)
|
|t:|1779830597
|teamsize|p1|6
|teamsize|p2|6
|start
|switch|p1a: Skarmory|Skarmory, F|100/100
|switch|p2a: Whimsicott|Whimsicott, F, shiny|100/100
|turn|1
|inactive|claudechamp also wants the timer to be on.
|
|t:|1779830606
|move|p2a: Whimsicott|Sunny Day|p2a: Whimsicott
|-weather|SunnyDay
|move|p1a: Skarmory|Spikes|p2a: Whimsicott
|-sidestart|p2: Maleficance|Spikes
|
|-weather|SunnyDay|[upkeep]
|upkeep
|turn|2
|
|t:|1779830608
|move|p2a: Whimsicott|U-turn|p1a: Skarmory
|-resisted|p1a: Skarmory
|-damage|p1a: Skarmory|99/100
|
|t:|1779830610
|switch|p2a: Typhlosion|Typhlosion-Hisui, F, shiny|100/100|[from] U-turn
|-damage|p2a: Typhlosion|88/100|[from] Spikes
|move|p1a: Skarmory|Spikes|p2a: Typhlosion
|-sidestart|p2: Maleficance|Spikes
|
|-weather|SunnyDay|[upkeep]
|upkeep
|turn|3
|
|t:|1779830621
|move|p2a: Typhlosion|Eruption|p1a: Skarmory
|-supereffective|p1a: Skarmory
|-damage|p1a: Skarmory|0 fnt
|faint|p1a: Skarmory
|
|-weather|SunnyDay|[upkeep]
|upkeep
|
|t:|1779830634
|switch|p1a: Gliscor|Gliscor, M|100/100
|turn|4
|
|t:|1779830644
|move|p2a: Typhlosion|Eruption|p1a: Gliscor
|-crit|p1a: Gliscor
|-damage|p1a: Gliscor|0 fnt
|faint|p1a: Gliscor
|
|-weather|SunnyDay|[upkeep]
|upkeep
|
|t:|1779830646
|switch|p1a: Blissey|Blissey, F|100/100
|turn|5
|
|t:|1779830651
|-terastallize|p2a: Typhlosion|Fire
|move|p2a: Typhlosion|Eruption|p1a: Blissey
|-damage|p1a: Blissey|31/100
|move|p1a: Blissey|Stealth Rock|p2a: Typhlosion
|-sidestart|p2: Maleficance|move: Stealth Rock
|
|-weather|SunnyDay|[upkeep]
|upkeep
|turn|6
|
|t:|1779830664
|move|p2a: Typhlosion|Eruption|p1a: Blissey
|-damage|p1a: Blissey|0 fnt
|faint|p1a: Blissey
|
|-weather|SunnyDay|[upkeep]
|upkeep
|
|t:|1779830681
|switch|p1a: Zamazenta|Zamazenta|100/100
|-ability|p1a: Zamazenta|Dauntless Shield|boost
|-boost|p1a: Zamazenta|def|1
|turn|7
|
|t:|1779830689
|move|p1a: Zamazenta|Close Combat|p2a: Typhlosion
|-damage|p2a: Typhlosion|0 fnt
|-unboost|p1a: Zamazenta|def|1
|-unboost|p1a: Zamazenta|spd|1
|faint|p2a: Typhlosion
|
|-weather|SunnyDay|[upkeep]
|upkeep
|
|t:|1779830694
|switch|p2a: Deoxys|Deoxys-Speed, shiny|100/100
|-damage|p2a: Deoxys|84/100|[from] Spikes
|-damage|p2a: Deoxys|72/100|[from] Stealth Rock
|-ability|p2a: Deoxys|Pressure
|turn|8
|
|t:|1779830698
|switch|p1a: Gholdengo|Gholdengo|100/100
|move|p2a: Deoxys|Psychic|p1a: Gholdengo
|-resisted|p1a: Gholdengo
|-damage|p1a: Gholdengo|83/100
|-unboost|p1a: Gholdengo|spd|1
|
|-weather|none
|upkeep
|turn|9
|
|t:|1779830702
|move|p2a: Deoxys|Stealth Rock|p1a: Gholdengo
|-sidestart|p1: claudechamp|move: Stealth Rock
|move|p1a: Gholdengo|Hex|p2a: Deoxys
|-supereffective|p2a: Deoxys
|-damage|p2a: Deoxys|0 fnt
|faint|p2a: Deoxys
|
|upkeep
|
|t:|1779830712
|switch|p2a: Tornadus|Tornadus, M|100/100
|turn|10
|
|t:|1779830724
|move|p2a: Tornadus|Heat Wave|p1a: Gholdengo
|-supereffective|p1a: Gholdengo
|-damage|p1a: Gholdengo|0 fnt
|faint|p1a: Gholdengo
|
|upkeep
|
|t:|1779830736
|switch|p1a: Zamazenta|Zamazenta|100/100
|turn|11
|
|t:|1779830748
|move|p1a: Zamazenta|Ice Fang|p2a: Tornadus
|-supereffective|p2a: Tornadus
|-damage|p2a: Tornadus|32/100
|move|p2a: Tornadus|Bleakwind Storm|p1a: Zamazenta
|-supereffective|p1a: Zamazenta
|-damage|p1a: Zamazenta|8/100
|-unboost|p1a: Zamazenta|spe|1
|
|upkeep
|turn|12
|
|t:|1779830756
|move|p2a: Tornadus|Heat Wave|p1a: Zamazenta
|-damage|p1a: Zamazenta|0 fnt
|faint|p1a: Zamazenta
|
|upkeep
|
|t:|1779830758
|switch|p1a: Pecharunt|Pecharunt|100/100
|turn|13
|
|t:|1779830768
|move|p2a: Tornadus|Bleakwind Storm|p1a: Pecharunt
|-damage|p1a: Pecharunt|45/100
|-unboost|p1a: Pecharunt|spe|1
|move|p1a: Pecharunt|Shadow Ball|p2a: Tornadus
|-damage|p2a: Tornadus|0 fnt
|faint|p2a: Tornadus
|
|upkeep
|
|t:|1779830775
|switch|p2a: Crawdaunt|Crawdaunt, F|100/100
|-damage|p2a: Crawdaunt|84/100|[from] Spikes
|-damage|p2a: Crawdaunt|72/100|[from] Stealth Rock
|turn|14
|
|t:|1779830777
|-terastallize|p1a: Pecharunt|Fairy
|move|p2a: Crawdaunt|Knock Off|p1a: Pecharunt
|-resisted|p1a: Pecharunt
|-damage|p1a: Pecharunt|28/100
|-enditem|p1a: Pecharunt|Heavy-Duty Boots|[from] move: Knock Off|[of] p2a: Crawdaunt
|move|p1a: Pecharunt|Recover|p1a: Pecharunt
|-heal|p1a: Pecharunt|78/100
|
|upkeep
|turn|15
|
|t:|1779830788
|move|p2a: Crawdaunt|Crabhammer|p1a: Pecharunt
|-damage|p1a: Pecharunt|38/100
|move|p1a: Pecharunt|Toxic|p2a: Crawdaunt
|-status|p2a: Crawdaunt|tox
|-start|p2a: Crawdaunt|confusion|[from] ability: Poison Puppeteer|[of] p1a: Pecharunt
|
|-damage|p2a: Crawdaunt|66/100 tox|[from] psn
|upkeep
|turn|16
|
|t:|1779830793
|-activate|p2a: Crawdaunt|confusion
|-damage|p2a: Crawdaunt|44/100 tox|[from] confusion
|move|p1a: Pecharunt|Recover|p1a: Pecharunt
|-heal|p1a: Pecharunt|88/100
|
|-damage|p2a: Crawdaunt|32/100 tox|[from] psn
|upkeep
|turn|17
|
|t:|1779830801
|-activate|p2a: Crawdaunt|confusion
|move|p2a: Crawdaunt|Facade|p1a: Pecharunt
|-damage|p1a: Pecharunt|65/100
|move|p1a: Pecharunt|Shadow Ball|p2a: Crawdaunt
|-resisted|p2a: Crawdaunt
|-damage|p2a: Crawdaunt|5/100 tox
|
|-damage|p2a: Crawdaunt|0 fnt|[from] psn
|faint|p2a: Crawdaunt
|upkeep
|
|t:|1779830805
|switch|p2a: Magnezone|Magnezone, shiny|100/100
|-damage|p2a: Magnezone|84/100|[from] Spikes
|-damage|p2a: Magnezone|78/100|[from] Stealth Rock
|turn|18
|
|t:|1779830808
|move|p2a: Magnezone|Flash Cannon|p1a: Pecharunt
|-supereffective|p1a: Pecharunt
|-damage|p1a: Pecharunt|0 fnt
|faint|p1a: Pecharunt
|
|win|Maleficance
|raw|claudechamp's rating: 1176 &rarr; <strong>1147</strong><br />(-29 for losing)
|raw|Maleficance's rating: 1124 &rarr; <strong>1153</strong><br />(+29 for winning)
|c|☆claudechamp|gg
