|j|☆themusiqking
|j|☆stone douchebag
|t:|1779942134
|gametype|singles
|player|p1|themusiqking|2|1305
|player|p2|stone douchebag|265|1336
|gen|9
|tier|[Gen 9] OU
|rated|
|rule|HP Percentage Mod: HP is shown in percentages
|rule|Endless Battle Clause: Forcing endless battles is banned
|rule|Species Clause: Limit one of each Pokémon
|rule|OHKO Clause: OHKO moves are banned
|rule|Evasion Items Clause: Evasion items are banned
|rule|Evasion Moves Clause: Evasion moves are banned
|rule|Evasion Abilities Clause: Evasion abilities are banned
|rule|Sleep Moves Clause: Sleep-inducing moves are banned
|clearpoke
|poke|p1|Scizor, F|
|poke|p1|Dondozo, M|
|poke|p1|Garganacl, F|
|poke|p1|Cresselia, F|
|poke|p1|Walking Wake|
|poke|p1|Zamazenta-*|
|poke|p2|Dondozo, M|
|poke|p2|Skarmory, F|
|poke|p2|Vileplume, F|
|poke|p2|Gliscor, F|
|poke|p2|Blissey, F|
|poke|p2|Clefable, F|
|teampreview
|
|t:|1779942153
|teamsize|p1|6
|teamsize|p2|6
|start
|switch|p1a: Scizor|Scizor, F|100/100
|switch|p2a: Blissey?|Clefable, F|100/100
|turn|1
|
|t:|1779942187
|switch|p2a: Amoongus?|Vileplume, F|100/100
|move|p1a: Scizor|Bullet Punch|p2a: Amoongus?
|-damage|p2a: Amoongus?|72/100
|
|upkeep
|turn|2
|
|t:|1779942197
|move|p1a: Scizor|Lunge|p2a: Amoongus?
|-damage|p2a: Amoongus?|40/100
|-unboost|p2a: Amoongus?|atk|1
|move|p2a: Amoongus?|Leech Seed|p1a: Scizor
|-start|p1a: Scizor|move: Leech Seed
|
|-damage|p1a: Scizor|88/100|[from] Leech Seed|[of] p2a: Amoongus?
|-heal|p2a: Amoongus?|52/100|[silent]
|upkeep
|turn|3
|inactive|Battle timer is ON: inactive players will automatically lose when time's up. (requested by themusiqking)
|
|t:|1779942225
|move|p1a: Scizor|Lunge|p2a: Amoongus?
|-damage|p2a: Amoongus?|14/100
|-unboost|p2a: Amoongus?|atk|1
|move|p2a: Amoongus?|Strength Sap|p1a: Scizor
|-unboost|p1a: Scizor|atk|1
|-heal|p2a: Amoongus?|100/100
|
|-heal|p1a: Scizor|94/100|[from] item: Leftovers
|-damage|p1a: Scizor|82/100|[from] Leech Seed|[of] p2a: Amoongus?
|upkeep
|turn|4
|
|t:|1779942254
|switch|p1a: Garganacl|Garganacl, F|100/100
|move|p2a: Amoongus?|Leech Seed|p1a: Garganacl
|-start|p1a: Garganacl|move: Leech Seed
|
|-damage|p1a: Garganacl|88/100|[from] Leech Seed|[of] p2a: Amoongus?
|upkeep
|turn|5
|
|t:|1779942265
|switch|p2a: Blissey?|Clefable, F|100/100
|move|p1a: Garganacl|Protect||[still]
|-fail|p1a: Garganacl
|
|-heal|p1a: Garganacl|94/100|[from] item: Leftovers
|-damage|p1a: Garganacl|82/100|[from] Leech Seed|[of] p2a: Blissey?
|upkeep
|turn|6
|
|t:|1779942268
|move|p2a: Blissey?|Stealth Rock|p1a: Garganacl
|-sidestart|p1: themusiqking|move: Stealth Rock
|move|p1a: Garganacl|Stealth Rock|p2a: Blissey?
|-sidestart|p2: stone douchebag|move: Stealth Rock
|
|-heal|p1a: Garganacl|88/100|[from] item: Leftovers
|-damage|p1a: Garganacl|76/100|[from] Leech Seed|[of] p2a: Blissey?
|upkeep
|turn|7
|
|t:|1779942277
|switch|p1a: Scizor|Scizor, F|82/100
|-damage|p1a: Scizor|69/100|[from] Stealth Rock
|move|p2a: Blissey?|Knock Off|p1a: Scizor
|-damage|p1a: Scizor|55/100
|-enditem|p1a: Scizor|Leftovers|[from] move: Knock Off|[of] p2a: Blissey?
|
|upkeep
|turn|8
|
|t:|1779942294
|switch|p2a: Amoongus?|Vileplume, F|100/100
|move|p1a: Scizor|Bullet Punch|p2a: Amoongus?
|-damage|p2a: Amoongus?|73/100
|-status|p1a: Scizor|slp|[from] ability: Effect Spore|[of] p2a: Amoongus?
|
|upkeep
|turn|9
|inactive|themusiqking has 120 seconds left.
|l|☆themusiqking
|inactive|themusiqking disconnected and has a minute to reconnect!
|player|p1|
|inactive|themusiqking has 30 seconds to reconnect!
|inactive|themusiqking has 20 seconds to reconnect!
|inactive|themusiqking has 15 seconds to reconnect!
|inactive|themusiqking has 10 seconds to reconnect!
|inactive|themusiqking has 5 seconds to reconnect!
|-message|themusiqking lost due to inactivity.
|
|win|stone douchebag
|raw|themusiqking's rating: 1305 &rarr; <strong>1286</strong><br />(-19 for losing)
|raw|stone douchebag's rating: 1316 &rarr; <strong>1335</strong><br />(+19 for winning)
|l|☆stone douchebag
|player|p2|
