|j|☆claudechamp
|j|☆Boulesinus15
|t:|1779882755
|gametype|singles
|player|p1|claudechamp|169|1376
|player|p2|Boulesinus15|1|1341
|gen|9
|tier|[Gen 9] OU
|rated|
|rule|HP Percentage Mod: HP is shown in percentages
|rule|Endless Battle Clause: Forcing endless battles is banned
|rule|Species Clause: Limit one of each Pokémon
|rule|OHKO Clause: OHKO moves are banned
|rule|Evasion Items Clause: Evasion items are banned
|rule|Evasion Moves Clause: Evasion moves are banned
|rule|Evasion Abilities Clause: Evasion abilities are banned
|rule|Sleep Moves Clause: Sleep-inducing moves are banned
|clearpoke
|poke|p1|Corviknight, M|
|poke|p1|Ting-Lu|
|poke|p1|Kyurem|
|poke|p1|Dondozo, F|
|poke|p1|Slowking-Galar, M|
|poke|p1|Cinderace, F|
|poke|p2|Greninja-*, M|
|poke|p2|Corviknight, F|
|poke|p2|Ting-Lu|
|poke|p2|Latios, M|
|poke|p2|Skeledirge, M|
|poke|p2|Zapdos|
|teampreview
|c|☆claudechamp|hf
|inactive|Battle timer is ON: inactive players will automatically lose when time's up. (requested by claudechamp)
|
|t:|1779882781
|teamsize|p1|6
|teamsize|p2|6
|start
|switch|p1a: Cinderace|Cinderace, F|100/100
|switch|p2a: Zapdos|Zapdos|100/100
|turn|1
|
|t:|1779882792
|move|p1a: Cinderace|Pyro Ball|p2a: Zapdos
|-damage|p2a: Zapdos|44/100
|move|p2a: Zapdos|Volt Switch|p1a: Cinderace
|-damage|p1a: Cinderace|60/100
|
|t:|1779882801
|switch|p2a: Skeledirge|Skeledirge, M|100/100|[from] Volt Switch
|
|upkeep
|turn|2
|
|t:|1779882807
|move|p1a: Cinderace|Pyro Ball|p2a: Skeledirge
|-resisted|p2a: Skeledirge
|-damage|p2a: Skeledirge|86/100
|move|p2a: Skeledirge|Will-O-Wisp|p1a: Cinderace
|-immune|p1a: Cinderace
|
|upkeep
|turn|3
|
|t:|1779882815
|move|p1a: Cinderace|Pyro Ball|p2a: Skeledirge
|-resisted|p2a: Skeledirge
|-damage|p2a: Skeledirge|72/100
|move|p2a: Skeledirge|Torch Song|p1a: Cinderace
|-resisted|p1a: Cinderace
|-damage|p1a: Cinderace|41/100
|-boost|p2a: Skeledirge|spa|1
|
|upkeep
|turn|4
|
|t:|1779882822
|switch|p1a: Kyurem|Kyurem|100/100
|-ability|p1a: Kyurem|Pressure
|move|p2a: Skeledirge|Slack Off|p2a: Skeledirge
|-heal|p2a: Skeledirge|100/100
|
|upkeep
|turn|5
|
|t:|1779882829
|move|p1a: Kyurem|Earth Power|p2a: Skeledirge
|-supereffective|p2a: Skeledirge
|-damage|p2a: Skeledirge|32/100
|move|p2a: Skeledirge|Torch Song|p1a: Kyurem
|-damage|p1a: Kyurem|60/100
|-boost|p2a: Skeledirge|spa|1
|
|-heal|p1a: Kyurem|66/100|[from] item: Leftovers
|upkeep
|turn|6
|
|t:|1779882834
|switch|p2a: Corviknight|Corviknight, F|100/100
|-ability|p2a: Corviknight|Pressure
|move|p1a: Kyurem|Earth Power|p2a: Corviknight
|-immune|p2a: Corviknight
|
|-heal|p1a: Kyurem|72/100|[from] item: Leftovers
|upkeep
|turn|7
|
|t:|1779882839
|move|p1a: Kyurem|Freeze-Dry|p2a: Corviknight
|-damage|p2a: Corviknight|68/100
|move|p2a: Corviknight|U-turn|p1a: Kyurem
|-damage|p1a: Kyurem|58/100
|
|t:|1779882856
|switch|p2a: Latios|Latios, M|100/100|[from] U-turn
|
|-heal|p1a: Kyurem|64/100|[from] item: Leftovers
|upkeep
|turn|8
|
|t:|1779882866
|move|p2a: Latios|Draco Meteor|p1a: Kyurem
|-supereffective|p1a: Kyurem
|-damage|p1a: Kyurem|0 fnt
|-unboost|p2a: Latios|spa|2
|faint|p1a: Kyurem
|
|upkeep
|
|t:|1779882872
|switch|p1a: Cinderace|Cinderace, F|41/100
|turn|9
|
|t:|1779882892
|switch|p2a: Corviknight|Corviknight, F|68/100
|-ability|p2a: Corviknight|Pressure
|move|p1a: Cinderace|Pyro Ball|p2a: Corviknight
|-supereffective|p2a: Corviknight
|-damage|p2a: Corviknight|14/100
|
|upkeep
|turn|10
|
|t:|1779882902
|switch|p2a: Ting-Lu|Ting-Lu|100/100
|-ability|p2a: Ting-Lu|Vessel of Ruin
|move|p1a: Cinderace|Pyro Ball|p2a: Ting-Lu
|-crit|p2a: Ting-Lu
|-damage|p2a: Ting-Lu|59/100
|
|-heal|p2a: Ting-Lu|65/100|[from] item: Leftovers
|upkeep
|turn|11
|
|t:|1779882909
|move|p1a: Cinderace|U-turn|p2a: Ting-Lu
|-supereffective|p2a: Ting-Lu
|-damage|p2a: Ting-Lu|45/100
|
|t:|1779882913
|switch|p1a: Dondozo|Dondozo, F|100/100|[from] U-turn
|move|p2a: Ting-Lu|Stealth Rock|p1a: Dondozo
|-sidestart|p1: claudechamp|move: Stealth Rock
|
|-heal|p2a: Ting-Lu|51/100|[from] item: Leftovers
|upkeep
|turn|12
|
|t:|1779882921
|move|p2a: Ting-Lu|Ruination|p1a: Dondozo
|-damage|p1a: Dondozo|51/100
|move|p1a: Dondozo|Waterfall|p2a: Ting-Lu
|-supereffective|p2a: Ting-Lu
|-damage|p2a: Ting-Lu|22/100
|
|-heal|p2a: Ting-Lu|28/100|[from] item: Leftovers
|-heal|p1a: Dondozo|57/100|[from] item: Leftovers
|upkeep
|turn|13
|
|t:|1779882936
|switch|p2a: Corviknight|Corviknight, F|14/100
|-ability|p2a: Corviknight|Pressure
|move|p1a: Dondozo|Waterfall|p2a: Corviknight
|-damage|p2a: Corviknight|0 fnt
|-damage|p1a: Dondozo|40/100|[from] item: Rocky Helmet|[of] p2a: Corviknight
|faint|p2a: Corviknight
|
|-heal|p1a: Dondozo|46/100|[from] item: Leftovers
|upkeep
|
|t:|1779882940
|switch|p2a: Zapdos|Zapdos|44/100
|turn|14
|
|t:|1779882949
|switch|p1a: Ting-Lu|Ting-Lu|100/100
|-damage|p1a: Ting-Lu|94/100|[from] Stealth Rock
|-ability|p1a: Ting-Lu|Vessel of Ruin
|move|p2a: Zapdos|Roost|p2a: Zapdos
|-heal|p2a: Zapdos|94/100
|-singleturn|p2a: Zapdos|move: Roost
|
|-heal|p1a: Ting-Lu|100/100|[from] item: Leftovers
|upkeep
|turn|15
|
|t:|1779882966
|switch|p2a: Ting-Lu|Ting-Lu|28/100
|-ability|p2a: Ting-Lu|Vessel of Ruin
|move|p1a: Ting-Lu|Payback|p2a: Ting-Lu
|-resisted|p2a: Ting-Lu
|-damage|p2a: Ting-Lu|23/100
|
|-heal|p2a: Ting-Lu|29/100|[from] item: Leftovers
|upkeep
|turn|16
|
|t:|1779882973
|move|p1a: Ting-Lu|Earthquake|p2a: Ting-Lu
|-damage|p2a: Ting-Lu|9/100
|move|p2a: Ting-Lu|Ruination|p1a: Ting-Lu
|-damage|p1a: Ting-Lu|50/100
|
|-heal|p1a: Ting-Lu|57/100|[from] item: Leftovers
|-heal|p2a: Ting-Lu|15/100|[from] item: Leftovers
|upkeep
|turn|17
|
|t:|1779882986
|move|p2a: Ting-Lu|Ruination|p1a: Ting-Lu
|-damage|p1a: Ting-Lu|29/100
|move|p1a: Ting-Lu|Earthquake|p2a: Ting-Lu
|-damage|p2a: Ting-Lu|0 fnt
|faint|p2a: Ting-Lu
|
|-heal|p1a: Ting-Lu|35/100|[from] item: Leftovers
|upkeep
|
|t:|1779882994
|switch|p2a: Greninja|Greninja, M|100/100
|turn|18
|
|t:|1779883000
|move|p2a: Greninja|Hydro Pump|p1a: Ting-Lu|[miss]
|-miss|p2a: Greninja|p1a: Ting-Lu
|move|p1a: Ting-Lu|Rest|p1a: Ting-Lu
|-status|p1a: Ting-Lu|slp|[from] move: Rest
|-heal|p1a: Ting-Lu|100/100 slp|[silent]
|
|upkeep
|turn|19
|
|t:|1779883007
|move|p2a: Greninja|Hydro Pump|p1a: Ting-Lu
|-supereffective|p1a: Ting-Lu
|-damage|p1a: Ting-Lu|51/100 slp
|-damage|p2a: Greninja|91/100|[from] item: Life Orb
|cant|p1a: Ting-Lu|slp
|move|p1a: Ting-Lu|Sleep Talk|p1a: Ting-Lu
|move|p1a: Ting-Lu|Rest||[from] move: Sleep Talk|[still]
|-fail|p1a: Ting-Lu
|
|-heal|p1a: Ting-Lu|58/100 slp|[from] item: Leftovers
|upkeep
|turn|20
|
|t:|1779883016
|-terastallize|p1a: Ting-Lu|Water
|move|p2a: Greninja|Hydro Pump|p1a: Ting-Lu
|-resisted|p1a: Ting-Lu
|-damage|p1a: Ting-Lu|45/100 slp
|-damage|p2a: Greninja|81/100|[from] item: Life Orb
|cant|p1a: Ting-Lu|slp
|move|p1a: Ting-Lu|Sleep Talk|p1a: Ting-Lu
|move|p1a: Ting-Lu|Earthquake|p2a: Greninja|[from] move: Sleep Talk
|-damage|p2a: Greninja|15/100
|
|-heal|p1a: Ting-Lu|51/100 slp|[from] item: Leftovers
|upkeep
|turn|21
|
|t:|1779883032
|move|p2a: Greninja|Dark Pulse|p1a: Ting-Lu
|-damage|p1a: Ting-Lu|33/100 slp
|-damage|p2a: Greninja|5/100|[from] item: Life Orb
|-curestatus|p1a: Ting-Lu|slp|[msg]
|move|p1a: Ting-Lu|Payback|p2a: Greninja
|-resisted|p2a: Greninja
|-damage|p2a: Greninja|0 fnt
|faint|p2a: Greninja
|
|-heal|p1a: Ting-Lu|39/100|[from] item: Leftovers
|upkeep
|
|t:|1779883046
|switch|p2a: Latios|Latios, M|100/100
|turn|22
|
|t:|1779883054
|move|p2a: Latios|Calm Mind|p2a: Latios
|-boost|p2a: Latios|spa|1
|-boost|p2a: Latios|spd|1
|move|p1a: Ting-Lu|Rest|p1a: Ting-Lu
|-status|p1a: Ting-Lu|slp|[from] move: Rest
|-heal|p1a: Ting-Lu|100/100 slp|[silent]
|
|upkeep
|turn|23
|
|t:|1779883063
|switch|p1a: Cinderace|Cinderace, F|41/100
|move|p2a: Latios|Calm Mind|p2a: Latios
|-boost|p2a: Latios|spa|1
|-boost|p2a: Latios|spd|1
|
|upkeep
|turn|24
|
|t:|1779883081
|-terastallize|p2a: Latios|Steel
|move|p1a: Cinderace|Pyro Ball|p2a: Latios|[miss]
|-miss|p1a: Cinderace|p2a: Latios
|move|p2a: Latios|Psychic Noise|p1a: Cinderace
|-crit|p1a: Cinderace
|-damage|p1a: Cinderace|0 fnt
|faint|p1a: Cinderace
|
|upkeep
|
|t:|1779883092
|switch|p1a: Corviknight|Corviknight, M|100/100
|-damage|p1a: Corviknight|88/100|[from] Stealth Rock
|-ability|p1a: Corviknight|Pressure
|turn|25
|
|t:|1779883104
|move|p2a: Latios|Calm Mind|p2a: Latios
|-boost|p2a: Latios|spa|1
|-boost|p2a: Latios|spd|1
|move|p1a: Corviknight|U-turn|p2a: Latios
|-resisted|p2a: Latios
|-damage|p2a: Latios|91/100
|
|t:|1779883116
|switch|p1a: Dondozo|Dondozo, F|46/100|[from] U-turn
|-damage|p1a: Dondozo|34/100|[from] Stealth Rock
|
|-heal|p1a: Dondozo|40/100|[from] item: Leftovers
|upkeep
|turn|26
|
|t:|1779883130
|move|p2a: Latios|Draco Meteor|p1a: Dondozo
|-damage|p1a: Dondozo|0 fnt
|-unboost|p2a: Latios|spa|2
|faint|p1a: Dondozo
|
|upkeep
|
|t:|1779883136
|switch|p1a: Ting-Lu|Ting-Lu, tera:Water|100/100 slp
|-damage|p1a: Ting-Lu|88/100 slp|[from] Stealth Rock
|-ability|p1a: Ting-Lu|Vessel of Ruin
|turn|27
|
|t:|1779883150
|move|p2a: Latios|Calm Mind|p2a: Latios
|-boost|p2a: Latios|spa|1
|-boost|p2a: Latios|spd|1
|cant|p1a: Ting-Lu|slp
|
|-heal|p1a: Ting-Lu|94/100 slp|[from] item: Leftovers
|upkeep
|turn|28
|
|t:|1779883159
|move|p2a: Latios|Calm Mind|p2a: Latios
|-boost|p2a: Latios|spa|1
|-boost|p2a: Latios|spd|1
|cant|p1a: Ting-Lu|slp
|
|-heal|p1a: Ting-Lu|100/100 slp|[from] item: Leftovers
|upkeep
|turn|29
|
|t:|1779883174
|move|p2a: Latios|Calm Mind|p2a: Latios
|-boost|p2a: Latios|spa|1
|-boost|p2a: Latios|spd|1
|-curestatus|p1a: Ting-Lu|slp|[msg]
|move|p1a: Ting-Lu|Payback|p2a: Latios
|-damage|p2a: Latios|37/100
|
|upkeep
|turn|30
|
|t:|1779883189
|move|p2a: Latios|Draco Meteor|p1a: Ting-Lu
|-damage|p1a: Ting-Lu|7/100
|-unboost|p2a: Latios|spa|2
|move|p1a: Ting-Lu|Payback|p2a: Latios
|-damage|p2a: Latios|0 fnt
|faint|p2a: Latios
|
|-heal|p1a: Ting-Lu|13/100|[from] item: Leftovers
|upkeep
|
|t:|1779883196
|switch|p2a: Zapdos|Zapdos|94/100
|turn|31
|
|t:|1779883204
|switch|p1a: Slowking|Slowking-Galar, M|100/100
|-damage|p1a: Slowking|88/100|[from] Stealth Rock
|move|p2a: Zapdos|Volt Switch|p1a: Slowking
|-damage|p1a: Slowking|62/100
|
|t:|1779883207
|switch|p2a: Skeledirge|Skeledirge, M|32/100|[from] Volt Switch
|
|upkeep
|turn|32
|
|t:|1779883224
|move|p2a: Skeledirge|Slack Off|p2a: Skeledirge
|-heal|p2a: Skeledirge|82/100
|move|p1a: Slowking|Sludge Bomb|p2a: Skeledirge
|-resisted|p2a: Skeledirge
|-damage|p2a: Skeledirge|66/100
|-status|p2a: Skeledirge|psn
|
|-damage|p2a: Skeledirge|54/100 psn|[from] psn
|upkeep
|turn|33
|
|t:|1779883241
|move|p2a: Skeledirge|Will-O-Wisp|p1a: Slowking
|-status|p1a: Slowking|brn
|move|p1a: Slowking|Future Sight|p2a: Skeledirge
|-start|p1a: Slowking|move: Future Sight
|
|-damage|p2a: Skeledirge|41/100 psn|[from] psn
|-damage|p1a: Slowking|56/100 brn|[from] brn
|upkeep
|turn|34
|
|t:|1779883256
|switch|p1a: Corviknight|Corviknight, M|88/100
|-damage|p1a: Corviknight|76/100|[from] Stealth Rock
|-ability|p1a: Corviknight|Pressure
|move|p2a: Skeledirge|Hex|p1a: Corviknight
|-damage|p1a: Corviknight|54/100
|
|-damage|p2a: Skeledirge|29/100 psn|[from] psn
|upkeep
|turn|35
|
|t:|1779883271
|move|p1a: Corviknight|U-turn|p2a: Skeledirge
|-resisted|p2a: Skeledirge
|-damage|p2a: Skeledirge|27/100 psn
|inactive|claudechamp has 120 seconds left.
|
|t:|1779883286
|switch|p1a: Ting-Lu|Ting-Lu, tera:Water|13/100|[from] U-turn
|-damage|p1a: Ting-Lu|1/100|[from] Stealth Rock
|-ability|p1a: Ting-Lu|Vessel of Ruin
|move|p2a: Skeledirge|Slack Off|p2a: Skeledirge
|-heal|p2a: Skeledirge|77/100 psn
|
|-end|p2a: Skeledirge|move: Future Sight
|-damage|p2a: Skeledirge|45/100 psn
|-heal|p1a: Ting-Lu|7/100|[from] item: Leftovers
|-damage|p2a: Skeledirge|32/100 psn|[from] psn
|upkeep
|turn|36
|inactive|claudechamp has 120 seconds left.
|
|t:|1779883302
|move|p2a: Skeledirge|Hex|p1a: Ting-Lu
|-damage|p1a: Ting-Lu|0 fnt
|faint|p1a: Ting-Lu
|
|-damage|p2a: Skeledirge|20/100 psn|[from] psn
|upkeep
|
|t:|1779883317
|switch|p1a: Corviknight|Corviknight, M|54/100
|-damage|p1a: Corviknight|42/100|[from] Stealth Rock
|-ability|p1a: Corviknight|Pressure
|turn|37
|
|t:|1779883331
|move|p1a: Corviknight|Brave Bird|p2a: Skeledirge
|-damage|p2a: Skeledirge|0 fnt
|faint|p2a: Skeledirge
|-damage|p1a: Corviknight|35/100|[from] Recoil
|
|upkeep
|
|t:|1779883335
|switch|p2a: Zapdos|Zapdos|94/100
|turn|38
|
|t:|1779883344
|move|p2a: Zapdos|Volt Switch|p1a: Corviknight
|-supereffective|p1a: Corviknight
|-damage|p1a: Corviknight|0 fnt
|faint|p1a: Corviknight
|
|upkeep
|
|t:|1779883349
|switch|p1a: Slowking|Slowking-Galar, M|89/100 brn
|-damage|p1a: Slowking|77/100 brn|[from] Stealth Rock
|turn|39
|inactive|claudechamp has 120 seconds left.
|
|t:|1779883358
|move|p2a: Zapdos|Hurricane|p1a: Slowking
|-damage|p1a: Slowking|30/100 brn
|move|p1a: Slowking|Ice Beam|p2a: Zapdos
|-supereffective|p2a: Zapdos
|-damage|p2a: Zapdos|44/100
|
|-damage|p1a: Slowking|24/100 brn|[from] brn
|upkeep
|turn|40
|
|t:|1779883367
|move|p2a: Zapdos|Volt Switch|p1a: Slowking
|-crit|p1a: Slowking
|-damage|p1a: Slowking|0 fnt
|faint|p1a: Slowking
|
|win|Boulesinus15
|raw|claudechamp's rating: 1351 &rarr; <strong>1330</strong><br />(-21 for losing)
|raw|Boulesinus15's rating: 1341 &rarr; <strong>1362</strong><br />(+21 for winning)
|c|☆claudechamp|gg
|l|☆Boulesinus15
|player|p2|
