|j|☆serial 01216
|j|☆carciox
|t:|1779892063
|gametype|singles
|player|p1|serial 01216|1|1551
|player|p2|carciox|1|1536
|gen|9
|tier|[Gen 9] OU
|rated|
|rule|HP Percentage Mod: HP is shown in percentages
|rule|Endless Battle Clause: Forcing endless battles is banned
|rule|Species Clause: Limit one of each Pokémon
|rule|OHKO Clause: OHKO moves are banned
|rule|Evasion Items Clause: Evasion items are banned
|rule|Evasion Moves Clause: Evasion moves are banned
|rule|Evasion Abilities Clause: Evasion abilities are banned
|rule|Sleep Moves Clause: Sleep-inducing moves are banned
|clearpoke
|poke|p1|Raging Bolt|
|poke|p1|Iron Treads|
|poke|p1|Manaphy|
|poke|p1|Ninetales-Alola, M|
|poke|p1|Dragonite, F|
|poke|p1|Scizor, F|
|poke|p2|Kingambit, F|
|poke|p2|Cinderace, F|
|poke|p2|Landorus-Therian, M|
|poke|p2|Iron Valiant|
|poke|p2|Kyurem|
|poke|p2|Slowking-Galar, M|
|teampreview
|inactive|Battle timer is ON: inactive players will automatically lose when time's up. (requested by carciox)
|
|t:|1779892077
|teamsize|p1|6
|teamsize|p2|6
|start
|switch|p1a: Iron Treads|Iron Treads|100/100
|switch|p2a: Cinderace|Cinderace, F, shiny|100/100
|-enditem|p1a: Iron Treads|Booster Energy
|-activate|p1a: Iron Treads|ability: Quark Drive|[fromitem]
|-start|p1a: Iron Treads|quarkdrivespe
|turn|1
|
|t:|1779892089
|switch|p2a: Landorus|Landorus-Therian, M, shiny|100/100
|-ability|p2a: Landorus|Intimidate|boost
|-unboost|p1a: Iron Treads|atk|1
|move|p1a: Iron Treads|Earthquake|p2a: Landorus
|-immune|p2a: Landorus
|
|upkeep
|turn|2
|
|t:|1779892098
|move|p1a: Iron Treads|Ice Spinner|p2a: Landorus
|-supereffective|p2a: Landorus
|-damage|p2a: Landorus|44/100
|-damage|p1a: Iron Treads|84/100|[from] item: Rocky Helmet|[of] p2a: Landorus
|move|p2a: Landorus|U-turn|p1a: Iron Treads
|-resisted|p1a: Iron Treads
|-damage|p1a: Iron Treads|74/100
|
|t:|1779892108
|switch|p2a: Kyurem|Kyurem, shiny|100/100|[from] U-turn
|-ability|p2a: Kyurem|Pressure
|
|upkeep
|turn|3
|
|t:|1779892116
|-end|p1a: Iron Treads|Quark Drive|[silent]
|switch|p1a: Ninetales|Ninetales-Alola, M|100/100
|-weather|Snowscape|[from] ability: Snow Warning|[of] p1a: Ninetales
|move|p2a: Kyurem|Substitute|p2a: Kyurem
|-start|p2a: Kyurem|Substitute
|-damage|p2a: Kyurem|76/100
|
|-weather|Snowscape|[upkeep]
|-heal|p2a: Kyurem|82/100|[from] item: Leftovers
|upkeep
|turn|4
|
|t:|1779892127
|move|p1a: Ninetales|Encore|p2a: Kyurem
|-start|p2a: Kyurem|Encore
|move|p2a: Kyurem|Substitute|p2a: Kyurem
|-fail|p2a: Kyurem|move: Substitute
|
|-weather|Snowscape|[upkeep]
|-heal|p2a: Kyurem|88/100|[from] item: Leftovers
|upkeep
|turn|5
|
|t:|1779892135
|move|p1a: Ninetales|Aurora Veil|p1a: Ninetales
|-sidestart|p1: serial 01216|move: Aurora Veil
|move|p2a: Kyurem|Substitute|p2a: Kyurem
|-fail|p2a: Kyurem|move: Substitute
|
|-weather|Snowscape|[upkeep]
|-heal|p2a: Kyurem|94/100|[from] item: Leftovers
|upkeep
|turn|6
|
|t:|1779892143
|switch|p1a: Manaphy|Manaphy|100/100
|move|p2a: Kyurem|Substitute|p2a: Kyurem
|-fail|p2a: Kyurem|move: Substitute
|
|-weather|Snowscape|[upkeep]
|-heal|p2a: Kyurem|99/100|[from] item: Leftovers
|-end|p2a: Kyurem|Encore
|upkeep
|turn|7
|
|t:|1779892154
|move|p1a: Manaphy|Take Heart|p1a: Manaphy
|-boost|p1a: Manaphy|spa|1
|-boost|p1a: Manaphy|spd|1
|move|p2a: Kyurem|Freeze-Dry|p1a: Manaphy
|-supereffective|p1a: Manaphy
|-damage|p1a: Manaphy|76/100
|
|-weather|none
|-heal|p1a: Manaphy|82/100|[from] item: Leftovers
|-heal|p2a: Kyurem|100/100|[from] item: Leftovers
|upkeep
|turn|8
|
|t:|1779892165
|move|p1a: Manaphy|Take Heart|p1a: Manaphy
|-boost|p1a: Manaphy|spa|1
|-boost|p1a: Manaphy|spd|1
|move|p2a: Kyurem|Freeze-Dry|p1a: Manaphy
|-supereffective|p1a: Manaphy
|-damage|p1a: Manaphy|67/100
|
|-heal|p1a: Manaphy|73/100|[from] item: Leftovers
|upkeep
|turn|9
|
|t:|1779892175
|move|p1a: Manaphy|Stored Power|p2a: Kyurem
|-end|p2a: Kyurem|Substitute
|move|p2a: Kyurem|Freeze-Dry|p1a: Manaphy
|-supereffective|p1a: Manaphy
|-damage|p1a: Manaphy|57/100
|
|-heal|p1a: Manaphy|63/100|[from] item: Leftovers
|upkeep
|turn|10
|
|t:|1779892185
|move|p1a: Manaphy|Take Heart|p1a: Manaphy
|-boost|p1a: Manaphy|spa|1
|-boost|p1a: Manaphy|spd|1
|move|p2a: Kyurem|Freeze-Dry|p1a: Manaphy
|-supereffective|p1a: Manaphy
|-damage|p1a: Manaphy|49/100
|
|-heal|p1a: Manaphy|55/100|[from] item: Leftovers
|upkeep
|turn|11
|
|t:|1779892194
|move|p1a: Manaphy|Stored Power|p2a: Kyurem
|-damage|p2a: Kyurem|12/100
|move|p2a: Kyurem|Freeze-Dry|p1a: Manaphy
|-supereffective|p1a: Manaphy
|-damage|p1a: Manaphy|42/100
|
|-heal|p1a: Manaphy|48/100|[from] item: Leftovers
|-heal|p2a: Kyurem|18/100|[from] item: Leftovers
|upkeep
|turn|12
|
|t:|1779892214
|move|p1a: Manaphy|Scald|p2a: Kyurem
|-resisted|p2a: Kyurem
|-damage|p2a: Kyurem|0 fnt
|faint|p2a: Kyurem
|
|-heal|p1a: Manaphy|54/100|[from] item: Leftovers
|-sideend|p1: serial 01216|move: Aurora Veil
|upkeep
|
|t:|1779892225
|switch|p2a: Kingambit|Kingambit, F|100/100
|-activate|p2a: Kingambit|ability: Supreme Overlord
|-start|p2a: Kingambit|fallen1|[silent]
|turn|13
|
|t:|1779892231
|move|p1a: Manaphy|Acid Armor|p1a: Manaphy
|-boost|p1a: Manaphy|def|2
|move|p2a: Kingambit|Kowtow Cleave|p1a: Manaphy
|-damage|p1a: Manaphy|30/100
|
|-heal|p1a: Manaphy|36/100|[from] item: Leftovers
|upkeep
|turn|14
|
|t:|1779892242
|move|p1a: Manaphy|Acid Armor|p1a: Manaphy
|-boost|p1a: Manaphy|def|2
|move|p2a: Kingambit|Kowtow Cleave|p1a: Manaphy
|-damage|p1a: Manaphy|19/100
|
|-heal|p1a: Manaphy|25/100|[from] item: Leftovers
|upkeep
|turn|15
|
|t:|1779892251
|move|p1a: Manaphy|Scald|p2a: Kingambit
|-damage|p2a: Kingambit|14/100
|move|p2a: Kingambit|Kowtow Cleave|p1a: Manaphy
|-damage|p1a: Manaphy|8/100
|
|-heal|p1a: Manaphy|14/100|[from] item: Leftovers
|-heal|p2a: Kingambit|20/100|[from] item: Leftovers
|upkeep
|turn|16
|
|t:|1779892264
|move|p2a: Kingambit|Sucker Punch||[still]
|-fail|p2a: Kingambit
|move|p1a: Manaphy|Acid Armor|p1a: Manaphy
|-boost|p1a: Manaphy|def|2
|
|-heal|p1a: Manaphy|20/100|[from] item: Leftovers
|-heal|p2a: Kingambit|27/100|[from] item: Leftovers
|upkeep
|turn|17
|
|t:|1779892272
|move|p1a: Manaphy|Scald|p2a: Kingambit
|-damage|p2a: Kingambit|0 fnt
|faint|p2a: Kingambit
|-end|p2a: Kingambit|fallen1|[silent]
|
|-heal|p1a: Manaphy|26/100|[from] item: Leftovers
|upkeep
|c|☆carciox|??
|
|t:|1779892283
|switch|p2a: Iron Valiant|Iron Valiant|100/100
|-enditem|p2a: Iron Valiant|Booster Energy
|-activate|p2a: Iron Valiant|ability: Quark Drive|[fromitem]
|-start|p2a: Iron Valiant|quarkdrivespe
|turn|18
|
|t:|1779892290
|move|p2a: Iron Valiant|Moonblast|p1a: Manaphy
|-damage|p1a: Manaphy|7/100
|-unboost|p1a: Manaphy|spa|1
|move|p1a: Manaphy|Scald|p2a: Iron Valiant
|-damage|p2a: Iron Valiant|0 fnt
|faint|p2a: Iron Valiant
|-end|p2a: Iron Valiant|Quark Drive|[silent]
|
|-heal|p1a: Manaphy|13/100|[from] item: Leftovers
|upkeep
|
|t:|1779892304
|switch|p2a: Cinderace|Cinderace, F, shiny|100/100
|turn|19
|
|t:|1779892309
|move|p2a: Cinderace|Will-O-Wisp|p1a: Manaphy
|-status|p1a: Manaphy|brn
|move|p1a: Manaphy|Scald|p2a: Cinderace
|-supereffective|p2a: Cinderace
|-damage|p2a: Cinderace|0 fnt
|faint|p2a: Cinderace
|
|-heal|p1a: Manaphy|19/100 brn|[from] item: Leftovers
|-damage|p1a: Manaphy|13/100 brn|[from] brn
|upkeep
|c|☆serial 01216|gg
|
|t:|1779892322
|switch|p2a: Landorus|Landorus-Therian, M, shiny|44/100
|-ability|p2a: Landorus|Intimidate|boost
|-unboost|p1a: Manaphy|atk|1
|turn|20
|
|t:|1779892327
|move|p1a: Manaphy|Scald|p2a: Landorus
|-supereffective|p2a: Landorus
|-crit|p2a: Landorus
|-damage|p2a: Landorus|0 fnt
|faint|p2a: Landorus
|
|-heal|p1a: Manaphy|19/100 brn|[from] item: Leftovers
|-damage|p1a: Manaphy|13/100 brn|[from] brn
|upkeep
|c|☆carciox|This is so absurd
|inactive|carciox has 120 seconds left.
|c|☆serial 01216|I hit 1900 with this team before
|inactive|carciox has 90 seconds left.
|c|☆carciox|So potent
|
|t:|1779892406
|switch|p2a: Slowking|Slowking-Galar, M, shiny|100/100
|turn|21
|
|t:|1779892414
|move|p1a: Manaphy|Stored Power|p2a: Slowking
|-damage|p2a: Slowking|16/100
|move|p2a: Slowking|Psychic Noise|p1a: Manaphy
|-damage|p1a: Manaphy|1/100 brn
|-start|p1a: Manaphy|move: Heal Block
|
|-damage|p1a: Manaphy|0 fnt|[from] brn
|faint|p1a: Manaphy
|upkeep
|
|t:|1779892426
|switch|p1a: Scizor|Scizor, F|100/100
|turn|22
|inactive|carciox has 90 seconds left.
|c|☆carciox|I guess I should have gone burn+ slow earlier
|c|☆carciox|Now the doom is too near
|
|t:|1779892461
|move|p1a: Scizor|U-turn|p2a: Slowking
|-damage|p2a: Slowking|0 fnt
|faint|p2a: Slowking
|
|win|serial 01216
|raw|serial 01216's rating: 1551 &rarr; <strong>1570</strong><br />(+19 for winning)
|raw|carciox's rating: 1536 &rarr; <strong>1517</strong><br />(-19 for losing)
|c|☆serial 01216|gg brother
|l|☆serial 01216
|player|p1|
|c|☆carciox|GG
|l|☆carciox
|player|p2|
