|j|☆buyijklkm
|j|☆Racceth
|t:|1779970303
|gametype|singles
|player|p1|buyijklkm|266|1242
|player|p2|Racceth|harlequin|1176
|gen|9
|tier|[Gen 9] OU
|rated|
|rule|HP Percentage Mod: HP is shown in percentages
|rule|Endless Battle Clause: Forcing endless battles is banned
|rule|Species Clause: Limit one of each Pokémon
|rule|OHKO Clause: OHKO moves are banned
|rule|Evasion Items Clause: Evasion items are banned
|rule|Evasion Moves Clause: Evasion moves are banned
|rule|Evasion Abilities Clause: Evasion abilities are banned
|rule|Sleep Moves Clause: Sleep-inducing moves are banned
|clearpoke
|poke|p1|Feraligatr, M|
|poke|p1|Araquanid, F|
|poke|p1|Gholdengo|
|poke|p1|Ceruledge, F|
|poke|p1|Raging Bolt|
|poke|p1|Iron Valiant|
|poke|p2|Iron Valiant|
|poke|p2|Latios, M|
|poke|p2|Gligar, M|
|poke|p2|Haunter, F|
|poke|p2|Cloyster, F|
|poke|p2|Charizard, M|
|teampreview
|inactive|Battle timer is ON: inactive players will automatically lose when time's up. (requested by buyijklkm)
|
|t:|1779970329
|teamsize|p1|6
|teamsize|p2|6
|start
|switch|p1a: Dewdrop|Araquanid, F|100/100
|switch|p2a: Latios|Latios, M|100/100
|turn|1
|
|t:|1779970340
|move|p2a: Latios|Draco Meteor|p1a: Dewdrop|[miss]
|-miss|p2a: Latios|p1a: Dewdrop
|move|p1a: Dewdrop|Sticky Web|p2a: Latios
|-sidestart|p2: Racceth|move: Sticky Web
|
|upkeep
|turn|2
|
|t:|1779970347
|switch|p1a: Apollo|Iron Valiant|100/100
|-enditem|p1a: Apollo|Booster Energy
|-activate|p1a: Apollo|ability: Quark Drive|[fromitem]
|-start|p1a: Apollo|quarkdrivespe
|move|p2a: Latios|Draco Meteor|p1a: Apollo
|-immune|p1a: Apollo
|
|upkeep
|turn|3
|
|t:|1779970366
|switch|p2a: Charizard|Charizard, M|100/100
|move|p1a: Apollo|Knock Off|p2a: Charizard
|-damage|p2a: Charizard|59/100
|-enditem|p2a: Charizard|Heavy-Duty Boots|[from] move: Knock Off|[of] p1a: Apollo
|
|upkeep
|turn|4
|
|t:|1779970378
|-end|p1a: Apollo|Quark Drive|[silent]
|switch|p1a: Dewdrop|Araquanid, F|100/100
|move|p2a: Charizard|Air Slash|p1a: Dewdrop
|-supereffective|p1a: Dewdrop
|-damage|p1a: Dewdrop|42/100
|
|upkeep
|turn|5
|
|t:|1779970392
|switch|p2a: Cloyster|Cloyster, F|100/100
|-activate|p2a: Cloyster|move: Sticky Web
|-unboost|p2a: Cloyster|spe|1
|-enditem|p2a: Cloyster|White Herb
|-clearnegativeboost|p2a: Cloyster|[silent]
|move|p1a: Dewdrop|Endure||[still]
|-fail|p1a: Dewdrop
|
|upkeep
|turn|6
|
|t:|1779970401
|move|p2a: Cloyster|Rock Blast|p1a: Dewdrop
|-supereffective|p1a: Dewdrop
|-damage|p1a: Dewdrop|27/100
|-supereffective|p1a: Dewdrop
|-damage|p1a: Dewdrop|11/100
|-supereffective|p1a: Dewdrop
|-damage|p1a: Dewdrop|0 fnt
|faint|p1a: Dewdrop
|-hitcount|p1: Dewdrop|3
|
|upkeep
|
|t:|1779970411
|switch|p1a: Apollo|Iron Valiant|100/100
|turn|7
|
|t:|1779970417
|switch|p2a: Charizard|Charizard, M|59/100
|move|p1a: Apollo|Close Combat|p2a: Charizard
|-resisted|p2a: Charizard
|-damage|p2a: Charizard|16/100
|-unboost|p1a: Apollo|def|1
|-unboost|p1a: Apollo|spd|1
|
|upkeep
|turn|8
|
|t:|1779970431
|move|p1a: Apollo|Knock Off|p2a: Charizard
|-damage|p2a: Charizard|0 fnt
|faint|p2a: Charizard
|
|upkeep
|
|t:|1779970439
|switch|p2a: Cloyster|Cloyster, F|100/100
|-activate|p2a: Cloyster|move: Sticky Web
|-unboost|p2a: Cloyster|spe|1
|turn|9
|
|t:|1779970450
|-terastallize|p2a: Cloyster|Water
|move|p1a: Apollo|Close Combat|p2a: Cloyster
|-damage|p2a: Cloyster|52/100
|-unboost|p1a: Apollo|def|1
|-unboost|p1a: Apollo|spd|1
|move|p2a: Cloyster|Shell Smash|p2a: Cloyster
|-unboost|p2a: Cloyster|def|1
|-unboost|p2a: Cloyster|spd|1
|-boost|p2a: Cloyster|atk|2
|-boost|p2a: Cloyster|spa|2
|-boost|p2a: Cloyster|spe|2
|
|upkeep
|turn|10
|
|t:|1779970462
|move|p2a: Cloyster|Icicle Spear|p1a: Apollo
|-damage|p1a: Apollo|49/100
|-damage|p1a: Apollo|0 fnt
|faint|p1a: Apollo
|-end|p1a: Apollo|Quark Drive|[silent]
|-hitcount|p1: Apollo|2
|
|upkeep
|
|t:|1779970466
|switch|p1a: Zeus|Raging Bolt|100/100
|-enditem|p1a: Zeus|Booster Energy
|-activate|p1a: Zeus|ability: Protosynthesis|[fromitem]
|-start|p1a: Zeus|protosynthesisspa
|turn|11
|
|t:|1779970475
|move|p1a: Zeus|Thunderclap|p2a: Cloyster
|-supereffective|p2a: Cloyster
|-damage|p2a: Cloyster|0 fnt
|faint|p2a: Cloyster
|
|upkeep
|
|t:|1779970491
|switch|p2a: Latios|Latios, M|100/100
|turn|12
|
|t:|1779970495
|move|p2a: Latios|Draco Meteor|p1a: Zeus
|-supereffective|p1a: Zeus
|-damage|p1a: Zeus|0 fnt
|-unboost|p2a: Latios|spa|2
|faint|p1a: Zeus
|-end|p1a: Zeus|Protosynthesis|[silent]
|
|upkeep
|
|t:|1779970500
|switch|p1a: Freshwater|Feraligatr, M|100/100
|turn|13
|
|t:|1779970512
|switch|p2a: Iron Valiant|Iron Valiant|100/100
|-activate|p2a: Iron Valiant|move: Sticky Web
|-unboost|p2a: Iron Valiant|spe|1
|-enditem|p2a: Iron Valiant|Booster Energy
|-activate|p2a: Iron Valiant|ability: Quark Drive|[fromitem]
|-start|p2a: Iron Valiant|quarkdrivespa
|move|p1a: Freshwater|Swords Dance|p1a: Freshwater
|-boost|p1a: Freshwater|atk|2
|
|upkeep
|turn|14
|
|t:|1779970527
|move|p1a: Freshwater|Liquidation|p2a: Iron Valiant
|-damage|p2a: Iron Valiant|0 fnt
|faint|p2a: Iron Valiant
|-end|p2a: Iron Valiant|Quark Drive|[silent]
|
|upkeep
|
|t:|1779970543
|switch|p2a: Gligar|Gligar, M|100/100
|turn|15
|
|t:|1779970548
|move|p1a: Freshwater|Ice Punch|p2a: Gligar
|-supereffective|p2a: Gligar
|-damage|p2a: Gligar|0 fnt
|faint|p2a: Gligar
|
|upkeep
|
|t:|1779970553
|switch|p2a: Latios|Latios, M|100/100
|turn|16
|
|t:|1779970561
|-terastallize|p1a: Freshwater|Dark
|move|p2a: Latios|Draco Meteor|p1a: Freshwater
|-damage|p1a: Freshwater|0 fnt
|-unboost|p2a: Latios|spa|2
|faint|p1a: Freshwater
|
|upkeep
|
|t:|1779970565
|switch|p1a: Goldylocks|Gholdengo|100/100
|-item|p1a: Goldylocks|Air Balloon
|turn|17
|
|t:|1779970578
|switch|p2a: Haunter|Haunter, F|100/100
|move|p1a: Goldylocks|Shadow Ball|p2a: Haunter
|-supereffective|p2a: Haunter
|-enditem|p2a: Haunter|Focus Sash
|-damage|p2a: Haunter|1/100
|
|upkeep
|turn|18
|
|t:|1779970588
|switch|p1a: Hellblade|Ceruledge, F|100/100
|move|p2a: Haunter|Destiny Bond|p2a: Haunter
|-singlemove|p2a: Haunter|Destiny Bond
|
|upkeep
|turn|19
|
|t:|1779970601
|move|p1a: Hellblade|Bitter Blade|p2a: Haunter
|-damage|p2a: Haunter|0 fnt
|faint|p2a: Haunter
|-activate|p2a: Haunter|move: Destiny Bond
|faint|p1a: Hellblade
|
|upkeep
|
|t:|1779970607
|switch|p1a: Goldylocks|Gholdengo|100/100
|switch|p2a: Latios|Latios, M|100/100
|-item|p1a: Goldylocks|Air Balloon
|turn|20
|
|t:|1779970627
|move|p2a: Latios|Draco Meteor|p1a: Goldylocks
|-resisted|p1a: Goldylocks
|-damage|p1a: Goldylocks|43/100
|-unboost|p2a: Latios|spa|2
|-enditem|p1a: Goldylocks|Air Balloon
|move|p1a: Goldylocks|Shadow Ball|p2a: Latios
|-supereffective|p2a: Latios
|-crit|p2a: Latios
|-damage|p2a: Latios|0 fnt
|faint|p2a: Latios
|
|win|buyijklkm
|raw|buyijklkm's rating: 1242 &rarr; <strong>1262</strong><br />(+20 for winning)
|raw|Racceth's rating: 1176 &rarr; <strong>1156</strong><br />(-20 for losing)
|l|☆buyijklkm
|player|p1|
|l|☆Racceth
|player|p2|
