|j|☆jcyyctcyfdu
|j|☆oMudkipp
|t:|1779941045
|gametype|singles
|player|p1|jcyyctcyfdu|silver|1000
|player|p2|oMudkipp|swimmerf|1005
|gen|9
|tier|[Gen 9] OU
|rated|
|rule|HP Percentage Mod: HP is shown in percentages
|rule|Endless Battle Clause: Forcing endless battles is banned
|rule|Species Clause: Limit one of each Pokémon
|rule|OHKO Clause: OHKO moves are banned
|rule|Evasion Items Clause: Evasion items are banned
|rule|Evasion Moves Clause: Evasion moves are banned
|rule|Evasion Abilities Clause: Evasion abilities are banned
|rule|Sleep Moves Clause: Sleep-inducing moves are banned
|clearpoke
|poke|p1|Thundurus-Therian, M|
|poke|p1|Kingdra, M|
|poke|p1|Pelipper, F|
|poke|p1|Toxapex, F|
|poke|p1|Barraskewda, M|
|poke|p1|Iron Moth|
|poke|p2|Kingambit, F|
|poke|p2|Milotic, F|
|poke|p2|Gengar, F|
|poke|p2|Weavile, F|
|poke|p2|Scizor, F|
|poke|p2|Krookodile, F|
|teampreview
|
|t:|1779941052
|teamsize|p1|6
|teamsize|p2|6
|start
|switch|p1a: Pelipper|Pelipper, F|100/100
|switch|p2a: Genk|Gengar, F, shiny|100/100
|-weather|RainDance|[from] ability: Drizzle|[of] p1a: Pelipper
|turn|1
|
|t:|1779941078
|switch|p1a: Kingdra|Kingdra, M|100/100
|move|p2a: Genk|Shadow Ball|p1a: Kingdra
|-damage|p1a: Kingdra|50/100
|
|-weather|RainDance|[upkeep]
|upkeep
|turn|2
|
|t:|1779941106
|switch|p2a: Milo|Milotic, F, shiny|100/100
|move|p1a: Kingdra|Surf|p2a: Milo
|-resisted|p2a: Milo
|-crit|p2a: Milo
|-damage|p2a: Milo|65/100
|
|-weather|RainDance|[upkeep]
|-status|p2a: Milo|brn|[from] item: Flame Orb
|upkeep
|turn|3
|
|t:|1779941134
|move|p1a: Kingdra|Draco Meteor|p2a: Milo|[miss]
|-miss|p1a: Kingdra|p2a: Milo
|move|p2a: Milo|Recover|p2a: Milo
|-heal|p2a: Milo|100/100 brn
|
|-weather|RainDance|[upkeep]
|-damage|p2a: Milo|94/100 brn|[from] brn
|upkeep
|turn|4
|
|t:|1779941187
|move|p1a: Kingdra|Draco Meteor|p2a: Milo
|-damage|p2a: Milo|52/100 brn
|-unboost|p1a: Kingdra|spa|2
|move|p2a: Milo|Ice Beam|p1a: Kingdra
|-damage|p1a: Kingdra|23/100
|
|-weather|RainDance|[upkeep]
|-damage|p2a: Milo|46/100 brn|[from] brn
|upkeep
|turn|5
|
|t:|1779941211
|switch|p1a: Thundurus|Thundurus-Therian, M|100/100
|move|p2a: Milo|Recover|p2a: Milo
|-heal|p2a: Milo|96/100 brn
|
|-weather|RainDance|[upkeep]
|-damage|p2a: Milo|90/100 brn|[from] brn
|upkeep
|turn|6
|
|t:|1779941246
|switch|p2a: Crocs|Krookodile, F, shiny|100/100
|-ability|p2a: Crocs|Intimidate|boost
|-unboost|p1a: Thundurus|atk|1
|move|p1a: Thundurus|Thunder|p2a: Crocs
|-immune|p2a: Crocs
|
|-weather|RainDance|[upkeep]
|upkeep
|turn|7
|
|t:|1779941267
|switch|p1a: Barraskewda|Barraskewda, M|100/100
|move|p2a: Crocs|Knock Off|p1a: Barraskewda
|-damage|p1a: Barraskewda|9/100
|-enditem|p1a: Barraskewda|Focus Sash|[from] move: Knock Off|[of] p2a: Crocs
|
|-weather|RainDance|[upkeep]
|upkeep
|turn|8
|
|t:|1779941299
|switch|p2a: Milo|Milotic, F, shiny|90/100 brn
|move|p1a: Barraskewda|Flip Turn|p2a: Milo
|-resisted|p2a: Milo
|-damage|p2a: Milo|78/100 brn
|
|t:|1779941309
|switch|p1a: Iron Moth|Iron Moth|100/100|[from] Flip Turn
|-enditem|p1a: Iron Moth|Booster Energy
|-activate|p1a: Iron Moth|ability: Quark Drive|[fromitem]
|-start|p1a: Iron Moth|quarkdrivespe
|
|-weather|none
|-damage|p2a: Milo|72/100 brn|[from] brn
|upkeep
|turn|9
|
|t:|1779941332
|switch|p2a: Genk|Gengar, F, shiny|100/100
|move|p1a: Iron Moth|Energy Ball|p2a: Genk
|-resisted|p2a: Genk
|-damage|p2a: Genk|75/100
|
|upkeep
|turn|10
|
|t:|1779941353
|-terastallize|p1a: Iron Moth|Dragon
|move|p1a: Iron Moth|Flamethrower|p2a: Genk
|-damage|p2a: Genk|0 fnt
|faint|p2a: Genk
|
|upkeep
|
|t:|1779941388
|switch|p2a: Crocs|Krookodile, F, shiny|100/100
|-ability|p2a: Crocs|Intimidate|boost
|-unboost|p1a: Iron Moth|atk|1
|turn|11
|
|t:|1779941399
|move|p1a: Iron Moth|Energy Ball|p2a: Crocs
|-supereffective|p2a: Crocs
|-damage|p2a: Crocs|16/100
|move|p2a: Crocs|Earthquake|p1a: Iron Moth
|-damage|p1a: Iron Moth|19/100
|
|upkeep
|turn|12
|
|t:|1779941437
|switch|p2a: Clampers|Scizor, F, shiny|100/100
|move|p1a: Iron Moth|Flamethrower|p2a: Clampers
|-supereffective|p2a: Clampers
|-damage|p2a: Clampers|0 fnt
|faint|p2a: Clampers
|
|upkeep
|
|t:|1779941463
|switch|p2a: Katana Bug|Kingambit, F, shiny|100/100
|-activate|p2a: Katana Bug|ability: Supreme Overlord
|-start|p2a: Katana Bug|fallen2|[silent]
|turn|13
|
|t:|1779941470
|move|p2a: Katana Bug|Sucker Punch|p1a: Iron Moth
|-damage|p1a: Iron Moth|0 fnt
|faint|p1a: Iron Moth
|-end|p1a: Iron Moth|Quark Drive|[silent]
|
|upkeep
|
|t:|1779941475
|switch|p1a: Pelipper|Pelipper, F|100/100
|-weather|RainDance|[from] ability: Drizzle|[of] p1a: Pelipper
|turn|14
|
|t:|1779941498
|move|p2a: Katana Bug|Kowtow Cleave|p1a: Pelipper
|-damage|p1a: Pelipper|46/100
|move|p1a: Pelipper|U-turn|p2a: Katana Bug
|-damage|p2a: Katana Bug|94/100
|
|t:|1779941505
|switch|p1a: Thundurus|Thundurus-Therian, M|100/100|[from] U-turn
|
|-weather|RainDance|[upkeep]
|upkeep
|turn|15
|
|t:|1779941528
|move|p1a: Thundurus|Weather Ball|p2a: Katana Bug
|-damage|p2a: Katana Bug|25/100
|move|p2a: Katana Bug|Kowtow Cleave|p1a: Thundurus
|-damage|p1a: Thundurus|0 fnt
|faint|p1a: Thundurus
|
|-weather|RainDance|[upkeep]
|upkeep
|
|t:|1779941543
|switch|p1a: Barraskewda|Barraskewda, M|9/100
|turn|16
|
|t:|1779941559
|move|p2a: Katana Bug|Sucker Punch|p1a: Barraskewda
|-damage|p1a: Barraskewda|0 fnt
|faint|p1a: Barraskewda
|
|-weather|RainDance|[upkeep]
|upkeep
|-message|jcyyctcyfdu forfeited.
|
|win|oMudkipp
|raw|jcyyctcyfdu's rating: 1000 &rarr; <strong>1000</strong><br />(+0 for losing)
|raw|oMudkipp's rating: 1005 &rarr; <strong>1044</strong><br />(+39 for winning)
|l|☆jcyyctcyfdu
|player|p1|
