|j|☆avenda10
|j|☆Ginmo9/11
|t:|1779879994
|gametype|singles
|player|p1|avenda10|byron|1068
|player|p2|Ginmo9/11|102|1051
|gen|9
|tier|[Gen 9] OU
|rated|
|rule|HP Percentage Mod: HP is shown in percentages
|rule|Endless Battle Clause: Forcing endless battles is banned
|rule|Species Clause: Limit one of each Pokémon
|rule|OHKO Clause: OHKO moves are banned
|rule|Evasion Items Clause: Evasion items are banned
|rule|Evasion Moves Clause: Evasion moves are banned
|rule|Evasion Abilities Clause: Evasion abilities are banned
|rule|Sleep Moves Clause: Sleep-inducing moves are banned
|clearpoke
|poke|p1|Zoroark-Hisui, F|
|poke|p1|Dragapult, M|
|poke|p1|Great Tusk|
|poke|p1|Corviknight, M|
|poke|p1|Rotom-Wash|
|poke|p1|Kingambit, F|
|poke|p2|Weavile, F|
|poke|p2|Haxorus, M|
|poke|p2|Iron Thorns|
|poke|p2|Arbok, M|
|poke|p2|Goodra, M|
|poke|p2|Lurantis, M|
|teampreview
|
|t:|1779880042
|teamsize|p1|6
|teamsize|p2|6
|start
|switch|p1a: Great Tusk|Great Tusk|100/100
|switch|p2a: Lurantis|Lurantis, M, shiny|100/100
|turn|1
|
|t:|1779880070
|-end|p1a: Great Tusk|Protosynthesis|[silent]
|switch|p1a: Corviknight|Corviknight, M|100/100
|-ability|p1a: Corviknight|Pressure
|move|p2a: Lurantis|Leaf Storm|p1a: Corviknight
|-resisted|p1a: Corviknight
|-damage|p1a: Corviknight|91/100
|-boost|p2a: Lurantis|spa|2
|
|upkeep
|turn|2
|inactive|Battle timer is ON: inactive players will automatically lose when time's up. (requested by Ginmo9/11)
|
|t:|1779880094
|-terastallize|p2a: Lurantis|Fighting
|move|p1a: Corviknight|U-turn|p2a: Lurantis
|-resisted|p2a: Lurantis
|-damage|p2a: Lurantis|92/100
|
|t:|1779880110
|switch|p1a: Dragapult|Dragapult, M|100/100|[from] U-turn
|move|p2a: Lurantis|Superpower|p1a: Dragapult
|-immune|p1a: Dragapult
|
|upkeep
|turn|3
|
|t:|1779880125
|move|p1a: Dragapult|Shadow Ball|p2a: Lurantis
|-damage|p2a: Lurantis|52/100
|move|p2a: Lurantis|Leaf Storm|p1a: Dragapult
|-resisted|p1a: Dragapult
|-damage|p1a: Dragapult|47/100
|-boost|p2a: Lurantis|spa|2
|
|upkeep
|turn|4
|
|t:|1779880137
|move|p1a: Dragapult|Shadow Ball|p2a: Lurantis
|-damage|p2a: Lurantis|15/100
|move|p2a: Lurantis|Leaf Storm|p1a: Dragapult
|-resisted|p1a: Dragapult
|-damage|p1a: Dragapult|0 fnt
|-boost|p2a: Lurantis|spa|2
|faint|p1a: Dragapult
|
|upkeep
|
|t:|1779880154
|switch|p1a: Kingambit|Kingambit, F|100/100
|turn|5
|
|t:|1779880167
|move|p2a: Lurantis|Protect|p2a: Lurantis
|-singleturn|p2a: Lurantis|Protect
|move|p1a: Kingambit|Bitter Malice|p2a: Lurantis
|-activate|p2a: Lurantis|move: Protect
|
|upkeep
|turn|6
|
|t:|1779880177
|move|p1a: Kingambit|Bitter Malice|p2a: Lurantis
|-damage|p2a: Lurantis|0 fnt
|faint|p2a: Lurantis
|-damage|p1a: Kingambit|91/100|[from] item: Life Orb
|
|upkeep
|
|t:|1779880186
|switch|p2a: Haxorus|Haxorus, M, shiny|100/100
|-ability|p2a: Haxorus|Mold Breaker
|turn|7
|
|t:|1779880200
|move|p1a: Kingambit|Nasty Plot|p1a: Kingambit
|-boost|p1a: Kingambit|spa|2
|move|p2a: Haxorus|Swords Dance|p2a: Haxorus
|-boost|p2a: Haxorus|atk|2
|
|upkeep
|turn|8
|inactive|avenda10 has 120 seconds left.
|
|t:|1779880231
|move|p1a: Kingambit|Bitter Malice|p2a: Haxorus
|-damage|p2a: Haxorus|0 fnt
|faint|p2a: Haxorus
|-damage|p1a: Kingambit|81/100|[from] item: Life Orb
|
|upkeep
|
|t:|1779880240
|switch|p2a: Weavile|Weavile, F, shiny|100/100
|-ability|p2a: Weavile|Pressure
|turn|9
|
|t:|1779880249
|move|p1a: Kingambit|Flamethrower|p2a: Weavile
|-supereffective|p2a: Weavile
|-enditem|p2a: Weavile|Focus Sash
|-damage|p2a: Weavile|1/100
|-status|p2a: Weavile|brn
|-damage|p1a: Kingambit|71/100|[from] item: Life Orb
|move|p2a: Weavile|Knock Off|p1a: Kingambit
|-supereffective|p1a: Kingambit
|-damage|p1a: Kingambit|0 fnt
|replace|p1a: Zoroark|Zoroark-Hisui, F
|-end|p1a: Zoroark|Illusion
|-enditem|p1a: Zoroark|Life Orb|[from] move: Knock Off|[of] p2a: Weavile
|faint|p1a: Zoroark
|
|-damage|p2a: Weavile|0 fnt|[from] brn
|faint|p2a: Weavile
|upkeep
|inactive|avenda10 has 120 seconds left.
|
|t:|1779880267
|switch|p1a: Kingambit|Kingambit, F|100/100
|switch|p2a: Iron Thorns|Iron Thorns|100/100
|-activate|p1a: Kingambit|ability: Supreme Overlord
|-start|p1a: Kingambit|fallen2|[silent]
|-enditem|p2a: Iron Thorns|Booster Energy
|-activate|p2a: Iron Thorns|ability: Quark Drive|[fromitem]
|-start|p2a: Iron Thorns|quarkdriveatk
|turn|10
|inactive|avenda10 has 120 seconds left.
|
|t:|1779880277
|move|p2a: Iron Thorns|Dragon Dance|p2a: Iron Thorns
|-boost|p2a: Iron Thorns|atk|1
|-boost|p2a: Iron Thorns|spe|1
|move|p1a: Kingambit|Swords Dance|p1a: Kingambit
|-boost|p1a: Kingambit|atk|2
|
|upkeep
|turn|11
|inactive|avenda10 has 120 seconds left.
|
|t:|1779880296
|move|p1a: Kingambit|Sucker Punch|p2a: Iron Thorns
|-damage|p2a: Iron Thorns|8/100
|move|p2a: Iron Thorns|Ice Punch|p1a: Kingambit
|-resisted|p1a: Kingambit
|-damage|p1a: Kingambit|79/100
|
|upkeep
|turn|12
|inactive|avenda10 has 120 seconds left.
|
|t:|1779880304
|move|p1a: Kingambit|Sucker Punch||[still]
|-fail|p1a: Kingambit
|move|p2a: Iron Thorns|Dragon Dance|p2a: Iron Thorns
|-boost|p2a: Iron Thorns|atk|1
|-boost|p2a: Iron Thorns|spe|1
|
|upkeep
|turn|13
|
|t:|1779880310
|move|p1a: Kingambit|Sucker Punch||[still]
|-fail|p1a: Kingambit
|move|p2a: Iron Thorns|Dragon Dance|p2a: Iron Thorns
|-boost|p2a: Iron Thorns|atk|1
|-boost|p2a: Iron Thorns|spe|1
|
|upkeep
|turn|14
|
|t:|1779880320
|move|p2a: Iron Thorns|Dragon Dance|p2a: Iron Thorns
|-boost|p2a: Iron Thorns|atk|1
|-boost|p2a: Iron Thorns|spe|1
|move|p1a: Kingambit|Kowtow Cleave|p2a: Iron Thorns
|-damage|p2a: Iron Thorns|0 fnt
|faint|p2a: Iron Thorns
|-end|p2a: Iron Thorns|Quark Drive|[silent]
|
|upkeep
|
|t:|1779880322
|switch|p2a: Arbok|Arbok, M|100/100
|-ability|p2a: Arbok|Intimidate|boost
|-unboost|p1a: Kingambit|atk|1
|turn|15
|-message|Ginmo9/11 forfeited.
|
|win|avenda10
|raw|avenda10's rating: 1068 &rarr; <strong>1096</strong><br />(+28 for winning)
|raw|Ginmo9&#x2f;11's rating: 1051 &rarr; <strong>1034</strong><br />(-17 for losing)
|l|☆Ginmo9/11
|player|p2|
|l|☆avenda10
|player|p1|
