|j|☆Raven4475
|j|☆gulpingoodra
|t:|1779929150
|gametype|singles
|player|p1|Raven4475|ghetsis-gen5bw|1136
|player|p2|gulpingoodra|169|1181
|gen|9
|tier|[Gen 9] OU
|rated|
|rule|HP Percentage Mod: HP is shown in percentages
|rule|Endless Battle Clause: Forcing endless battles is banned
|rule|Species Clause: Limit one of each Pokémon
|rule|OHKO Clause: OHKO moves are banned
|rule|Evasion Items Clause: Evasion items are banned
|rule|Evasion Moves Clause: Evasion moves are banned
|rule|Evasion Abilities Clause: Evasion abilities are banned
|rule|Sleep Moves Clause: Sleep-inducing moves are banned
|clearpoke
|poke|p1|Zapdos|
|poke|p1|Zamazenta-*|
|poke|p1|Kingambit, M|
|poke|p1|Slowking-Galar, M|
|poke|p1|Ogerpon-Wellspring, F|
|poke|p1|Cinderace, M|
|poke|p2|Oranguru, F|
|poke|p2|Iron Crown|
|poke|p2|Landorus-Therian, M|
|poke|p2|Weezing-Galar, M|
|poke|p2|Chesnaught, M|
|poke|p2|Pawmot, F|
|teampreview
|inactive|Battle timer is ON: inactive players will automatically lose when time's up. (requested by gulpingoodra)
|
|t:|1779929174
|teamsize|p1|6
|teamsize|p2|6
|start
|switch|p1a: Ogerpon|Ogerpon-Wellspring, F|100/100
|switch|p2a: Chesnaught|Chesnaught, M|100/100
|turn|1
|
|t:|1779929184
|move|p1a: Ogerpon|U-turn|p2a: Chesnaught
|-damage|p2a: Chesnaught|77/100
|
|t:|1779929187
|switch|p1a: Cinderace|Cinderace, M|100/100|[from] U-turn
|move|p2a: Chesnaught|Swords Dance|p2a: Chesnaught
|-boost|p2a: Chesnaught|atk|2
|
|-heal|p2a: Chesnaught|83/100|[from] item: Leftovers
|upkeep
|turn|2
|
|t:|1779929202
|-terastallize|p2a: Chesnaught|Dragon
|move|p1a: Cinderace|Pyro Ball|p2a: Chesnaught
|-immune|p2a: Chesnaught|[from] ability: Bulletproof
|move|p2a: Chesnaught|Drain Punch|p1a: Cinderace
|-damage|p1a: Cinderace|10/100
|-heal|p2a: Chesnaught|100/100|[from] drain|[of] p1a: Cinderace
|
|upkeep
|turn|3
|c|☆gulpingoodra|lol
|c|☆gulpingoodra|didn't know
|inactive|Raven4475 has 120 seconds left.
|
|t:|1779929256
|move|p1a: Cinderace|U-turn|p2a: Chesnaught
|-start|p1a: Cinderace|typechange|Bug|[from] ability: Libero
|-damage|p2a: Chesnaught|72/100
|
|t:|1779929267
|switch|p1a: Zapdos|Zapdos|100/100|[from] U-turn
|move|p2a: Chesnaught|Knock Off|p1a: Zapdos
|-damage|p1a: Zapdos|34/100
|-status|p2a: Chesnaught|par|[from] ability: Static|[of] p1a: Zapdos
|-enditem|p1a: Zapdos|Heavy-Duty Boots|[from] move: Knock Off|[of] p2a: Chesnaught
|
|-heal|p2a: Chesnaught|78/100 par|[from] item: Leftovers
|upkeep
|turn|4
|
|t:|1779929278
|move|p1a: Zapdos|Roost|p1a: Zapdos
|-heal|p1a: Zapdos|84/100
|-singleturn|p1a: Zapdos|move: Roost
|move|p2a: Chesnaught|Knock Off|p1a: Zapdos
|-damage|p1a: Zapdos|40/100
|
|-heal|p2a: Chesnaught|84/100 par|[from] item: Leftovers
|upkeep
|turn|5
|
|t:|1779929285
|move|p1a: Zapdos|Roost|p1a: Zapdos
|-heal|p1a: Zapdos|91/100
|-singleturn|p1a: Zapdos|move: Roost
|move|p2a: Chesnaught|Knock Off|p1a: Zapdos
|-damage|p1a: Zapdos|48/100
|
|-heal|p2a: Chesnaught|90/100 par|[from] item: Leftovers
|upkeep
|turn|6
|
|t:|1779929295
|switch|p2a: Oranguru|Oranguru, F|100/100
|move|p1a: Zapdos|Roost|p1a: Zapdos
|-heal|p1a: Zapdos|98/100
|-singleturn|p1a: Zapdos|move: Roost
|
|upkeep
|turn|7
|
|t:|1779929304
|move|p1a: Zapdos|Volt Switch|p2a: Oranguru
|-damage|p2a: Oranguru|72/100
|
|t:|1779929311
|switch|p1a: Slowking|Slowking-Galar, M|100/100|[from] Volt Switch
|move|p2a: Oranguru|Nasty Plot|p2a: Oranguru
|-boost|p2a: Oranguru|spa|2
|
|-heal|p2a: Oranguru|78/100|[from] item: Leftovers
|upkeep
|turn|8
|
|t:|1779929320
|move|p2a: Oranguru|Nasty Plot|p2a: Oranguru
|-boost|p2a: Oranguru|spa|2
|move|p1a: Slowking|Thunder Wave|p2a: Oranguru
|-status|p2a: Oranguru|par
|
|-heal|p2a: Oranguru|84/100 par|[from] item: Leftovers
|upkeep
|turn|9
|inactive|Raven4475 has 120 seconds left.
|
|t:|1779929328
|move|p2a: Oranguru|Psychic Noise|p1a: Slowking
|-damage|p1a: Slowking|60/100
|-start|p1a: Slowking|move: Heal Block
|move|p1a: Slowking|Sludge Bomb|p2a: Oranguru
|-damage|p2a: Oranguru|56/100 par
|
|-heal|p2a: Oranguru|63/100 par|[from] item: Leftovers
|upkeep
|turn|10
|inactive|Raven4475 has 120 seconds left.
|
|t:|1779929338
|move|p2a: Oranguru|Hyper Voice|p1a: Slowking
|-damage|p1a: Slowking|8/100
|-prepare|p1a: Slowking|Chilly Reception|[premajor]
|move|p1a: Slowking|Chilly Reception|p1a: Slowking
|-weather|Snowscape
|inactive|Raven4475 has 120 seconds left.
|
|t:|1779929348
|switch|p1a: Cinderace|Cinderace, M|10/100|[from] Chilly Reception
|
|-weather|Snowscape|[upkeep]
|-heal|p2a: Oranguru|69/100 par|[from] item: Leftovers
|upkeep
|turn|11
|
|t:|1779929359
|move|p1a: Cinderace|U-turn|p2a: Oranguru
|-start|p1a: Cinderace|typechange|Bug|[from] ability: Libero
|-supereffective|p2a: Oranguru
|-damage|p2a: Oranguru|14/100 par
|
|t:|1779929363
|switch|p1a: Slowking|Slowking-Galar, M|41/100|[from] U-turn
|move|p2a: Oranguru|Hyper Voice|p1a: Slowking
|-damage|p1a: Slowking|0 fnt
|faint|p1a: Slowking
|
|-weather|Snowscape|[upkeep]
|-heal|p2a: Oranguru|21/100 par|[from] item: Leftovers
|upkeep
|
|t:|1779929372
|switch|p1a: Cinderace|Cinderace, M|10/100
|turn|12
|
|t:|1779929383
|switch|p2a: Weezing|Weezing-Galar, M|100/100
|-ability|p2a: Weezing|Neutralizing Gas
|move|p1a: Cinderace|U-turn|p2a: Weezing
|-resisted|p2a: Weezing
|-damage|p2a: Weezing|96/100
|
|t:|1779929391
|switch|p1a: Ogerpon|Ogerpon-Wellspring, F|100/100|[from] U-turn
|
|-weather|Snowscape|[upkeep]
|upkeep
|turn|13
|
|t:|1779929404
|move|p1a: Ogerpon|Knock Off|p2a: Weezing
|-resisted|p2a: Weezing
|-damage|p2a: Weezing|79/100
|-enditem|p2a: Weezing|Heavy-Duty Boots|[from] move: Knock Off|[of] p1a: Ogerpon
|move|p2a: Weezing|Will-O-Wisp|p1a: Ogerpon
|-status|p1a: Ogerpon|brn
|
|-weather|Snowscape|[upkeep]
|-damage|p1a: Ogerpon|95/100 brn|[from] brn
|upkeep
|turn|14
|
|t:|1779929413
|move|p1a: Ogerpon|Spikes|p2a: Weezing
|-sidestart|p2: gulpingoodra|Spikes
|move|p2a: Weezing|Sludge Wave|p1a: Ogerpon
|-supereffective|p1a: Ogerpon
|-damage|p1a: Ogerpon|22/100 brn
|
|-weather|none
|-damage|p1a: Ogerpon|16/100 brn|[from] brn
|upkeep
|turn|15
|
|t:|1779929424
|move|p1a: Ogerpon|Ivy Cudgel|p2a: Weezing|[anim] Ivy Cudgel Water
|-damage|p2a: Weezing|54/100
|move|p2a: Weezing|Strange Steam|p1a: Ogerpon
|-damage|p1a: Ogerpon|0 fnt
|faint|p1a: Ogerpon
|
|upkeep
|
|t:|1779929431
|switch|p1a: Cinderace|Cinderace, M|10/100
|turn|16
|
|t:|1779929436
|move|p1a: Cinderace|Pyro Ball|p2a: Weezing
|-damage|p2a: Weezing|6/100
|move|p2a: Weezing|Strange Steam|p1a: Cinderace|[miss]
|-miss|p2a: Weezing|p1a: Cinderace
|
|upkeep
|turn|17
|
|t:|1779929441
|move|p1a: Cinderace|Pyro Ball|p2a: Weezing
|-damage|p2a: Weezing|0 fnt
|faint|p2a: Weezing
|-end|p2a: Weezing|ability: Neutralizing Gas
|
|upkeep
|
|t:|1779929443
|switch|p2a: Chesnaught|Chesnaught, M, tera:Dragon|90/100 par
|-damage|p2a: Chesnaught|78/100 par|[from] Spikes
|turn|18
|
|t:|1779929452
|move|p1a: Cinderace|U-turn|p2a: Chesnaught
|-start|p1a: Cinderace|typechange|Bug|[from] ability: Libero
|-damage|p2a: Chesnaught|51/100 par
|
|t:|1779929460
|switch|p1a: Zamazenta|Zamazenta|100/100|[from] U-turn
|-ability|p1a: Zamazenta|Dauntless Shield|boost
|-boost|p1a: Zamazenta|def|1
|move|p2a: Chesnaught|Swords Dance|p2a: Chesnaught
|-boost|p2a: Chesnaught|atk|2
|
|-heal|p2a: Chesnaught|57/100 par|[from] item: Leftovers
|upkeep
|turn|19
|
|t:|1779929470
|move|p1a: Zamazenta|Body Press|p2a: Chesnaught
|-damage|p2a: Chesnaught|18/100 par
|cant|p2a: Chesnaught|par
|
|-heal|p2a: Chesnaught|24/100 par|[from] item: Leftovers
|upkeep
|turn|20
|
|t:|1779929480
|move|p1a: Zamazenta|Body Press|p2a: Chesnaught
|-damage|p2a: Chesnaught|0 fnt
|faint|p2a: Chesnaught
|
|upkeep
|
|t:|1779929492
|switch|p2a: Iron Crown|Iron Crown|100/100
|-damage|p2a: Iron Crown|88/100|[from] Spikes
|turn|21
|
|t:|1779929501
|move|p1a: Zamazenta|Crunch|p2a: Iron Crown
|-supereffective|p2a: Iron Crown
|-damage|p2a: Iron Crown|44/100
|move|p2a: Iron Crown|Psychic Noise|p1a: Zamazenta
|-supereffective|p1a: Zamazenta
|-crit|p1a: Zamazenta
|-damage|p1a: Zamazenta|0 fnt
|faint|p1a: Zamazenta
|
|upkeep
|
|t:|1779929509
|switch|p1a: Cinderace|Cinderace, M|10/100
|turn|22
|
|t:|1779929512
|move|p1a: Cinderace|Pyro Ball|p2a: Iron Crown
|-supereffective|p2a: Iron Crown
|-damage|p2a: Iron Crown|0 fnt
|faint|p2a: Iron Crown
|-end|p2a: Iron Crown|Quark Drive|[silent]
|
|upkeep
|
|t:|1779929517
|switch|p2a: Pawmot|Pawmot, F|100/100
|-damage|p2a: Pawmot|88/100|[from] Spikes
|turn|23
|
|t:|1779929526
|move|p2a: Pawmot|Mach Punch|p1a: Cinderace
|-damage|p1a: Cinderace|0 fnt
|faint|p1a: Cinderace
|
|upkeep
|
|t:|1779929530
|switch|p1a: Zapdos|Zapdos|98/100
|turn|24
|
|t:|1779929537
|move|p2a: Pawmot|Revival Blessing|p2a: Pawmot
|
|t:|1779929548
|-heal|p2: Iron Crown|50/100|[from] move: Revival Blessing
|move|p1a: Zapdos|Hurricane|p2a: Pawmot|[miss]
|-miss|p1a: Zapdos|p2a: Pawmot
|
|upkeep
|turn|25
|
|t:|1779929554
|move|p2a: Pawmot|Double Shock|p1a: Zapdos
|-damage|p1a: Zapdos|24/100
|-start|p2a: Pawmot|typechange|???/Fighting|[from] move: Double Shock
|move|p1a: Zapdos|Volt Switch|p2a: Pawmot
|-crit|p2a: Pawmot
|-damage|p2a: Pawmot|0 fnt
|faint|p2a: Pawmot
|
|t:|1779929562
|switch|p1a: Kingambit|Kingambit, M|100/100|[from] Volt Switch
|-activate|p1a: Kingambit|ability: Supreme Overlord
|-start|p1a: Kingambit|fallen4|[silent]
|
|upkeep
|
|t:|1779929569
|switch|p2a: Landorus|Landorus-Therian, M|100/100
|-ability|p2a: Landorus|Intimidate|boost
|-unboost|p1a: Kingambit|atk|1
|turn|26
|
|t:|1779929577
|-end|p1a: Kingambit|fallen4|[silent]
|switch|p1a: Zapdos|Zapdos|24/100
|move|p2a: Landorus|Earthquake|p1a: Zapdos
|-immune|p1a: Zapdos
|
|upkeep
|turn|27
|
|t:|1779929584
|move|p1a: Zapdos|Hurricane|p2a: Landorus|[miss]
|-miss|p1a: Zapdos|p2a: Landorus
|move|p2a: Landorus|U-turn|p1a: Zapdos
|-resisted|p1a: Zapdos
|-damage|p1a: Zapdos|2/100
|-status|p2a: Landorus|par|[from] ability: Static|[of] p1a: Zapdos
|-damage|p2a: Landorus|91/100 par|[from] item: Life Orb
|
|t:|1779929591
|switch|p2a: Iron Crown|Iron Crown|50/100|[from] U-turn
|-damage|p2a: Iron Crown|38/100|[from] Spikes
|
|upkeep
|turn|28
|
|t:|1779929597
|move|p1a: Zapdos|Heat Wave|p2a: Iron Crown
|-supereffective|p2a: Iron Crown
|-crit|p2a: Iron Crown
|-damage|p2a: Iron Crown|0 fnt
|faint|p2a: Iron Crown
|-end|p2a: Iron Crown|Quark Drive|[silent]
|
|upkeep
|
|t:|1779929600
|switch|p2a: Landorus|Landorus-Therian, M|91/100 par
|-ability|p2a: Landorus|Intimidate|boost
|-unboost|p1a: Zapdos|atk|1
|turn|29
|
|t:|1779929606
|move|p1a: Zapdos|Hurricane|p2a: Landorus
|-damage|p2a: Landorus|33/100 par
|move|p2a: Landorus|U-turn|p1a: Zapdos
|-resisted|p1a: Zapdos
|-damage|p1a: Zapdos|0 fnt
|faint|p1a: Zapdos
|-damage|p2a: Landorus|23/100 par|[from] item: Life Orb
|
|t:|1779929612
|switch|p2a: Oranguru|Oranguru, F|21/100 par|[from] U-turn
|-damage|p2a: Oranguru|8/100 par|[from] Spikes
|
|-heal|p2a: Oranguru|14/100 par|[from] item: Leftovers
|upkeep
|
|t:|1779929618
|switch|p1a: Kingambit|Kingambit, M|100/100
|-activate|p1a: Kingambit|ability: Supreme Overlord
|-start|p1a: Kingambit|fallen5|[silent]
|turn|30
|
|t:|1779929622
|move|p1a: Kingambit|Kowtow Cleave|p2a: Oranguru
|-supereffective|p2a: Oranguru
|-crit|p2a: Oranguru
|-damage|p2a: Oranguru|0 fnt
|faint|p2a: Oranguru
|
|upkeep
|
|t:|1779929624
|switch|p2a: Landorus|Landorus-Therian, M|23/100 par
|-ability|p2a: Landorus|Intimidate|boost
|-unboost|p1a: Kingambit|atk|1
|turn|31
|
|t:|1779929630
|move|p1a: Kingambit|Sucker Punch|p2a: Landorus
|-damage|p2a: Landorus|0 fnt
|faint|p2a: Landorus
|
|win|Raven4475
|raw|Raven4475's rating: 1136 &rarr; <strong>1164</strong><br />(+28 for winning)
|raw|gulpingoodra's rating: 1181 &rarr; <strong>1153</strong><br />(-28 for losing)
|c|☆Raven4475|cya
|c|☆gulpingoodra|gg
|l|☆gulpingoodra
|player|p2|
|l|☆Raven4475
|player|p1|
