|j|☆Yeeties Cereal
|j|☆tauros3
|t:|1779813216
|gametype|singles
|player|p1|Yeeties Cereal|chuck|1569
|player|p2|tauros3|swimmer-gen4dp|1632
|gen|9
|tier|[Gen 9] OU
|rated|
|rule|HP Percentage Mod: HP is shown in percentages
|rule|Endless Battle Clause: Forcing endless battles is banned
|rule|Species Clause: Limit one of each Pokémon
|rule|OHKO Clause: OHKO moves are banned
|rule|Evasion Items Clause: Evasion items are banned
|rule|Evasion Moves Clause: Evasion moves are banned
|rule|Evasion Abilities Clause: Evasion abilities are banned
|rule|Sleep Moves Clause: Sleep-inducing moves are banned
|clearpoke
|poke|p1|Hoopa-Unbound|
|poke|p1|Garchomp, F|
|poke|p1|Gholdengo|
|poke|p1|Cinderace, F|
|poke|p1|Enamorus, F|
|poke|p1|Raging Bolt|
|poke|p2|Hatterene, F|
|poke|p2|Cresselia, F|
|poke|p2|Diancie|
|poke|p2|Ursaluna, F|
|poke|p2|Crawdaunt, F|
|poke|p2|Pelipper, M|
|teampreview
|inactive|Battle timer is ON: inactive players will automatically lose when time's up. (requested by tauros3)
|
|t:|1779813229
|teamsize|p1|6
|teamsize|p2|6
|start
|switch|p1a: Gholdengo|Gholdengo|100/100
|switch|p2a: Pink Triangle|Hatterene, F|100/100
|-item|p1a: Gholdengo|Air Balloon
|turn|1
|
|t:|1779813238
|move|p1a: Gholdengo|Make It Rain|p2a: Pink Triangle
|-supereffective|p2a: Pink Triangle
|-enditem|p2a: Pink Triangle|Focus Sash
|-damage|p2a: Pink Triangle|1/100
|-unboost|p1a: Gholdengo|spa|1
|move|p2a: Pink Triangle|Trick Room|p2a: Pink Triangle
|-fieldstart|move: Trick Room|[of] p2a: Pink Triangle
|
|upkeep
|turn|2
|
|t:|1779813258
|move|p2a: Pink Triangle|Dazzling Gleam|p1a: Gholdengo
|-resisted|p1a: Gholdengo
|-damage|p1a: Gholdengo|74/100
|-enditem|p1a: Gholdengo|Air Balloon
|move|p1a: Gholdengo|Nasty Plot|p1a: Gholdengo
|-boost|p1a: Gholdengo|spa|2
|
|upkeep
|turn|3
|
|t:|1779813270
|move|p2a: Pink Triangle|Psychic Noise|p1a: Gholdengo
|-resisted|p1a: Gholdengo
|-damage|p1a: Gholdengo|48/100
|-start|p1a: Gholdengo|move: Heal Block
|move|p1a: Gholdengo|Make It Rain|p2a: Pink Triangle
|-supereffective|p2a: Pink Triangle
|-damage|p2a: Pink Triangle|0 fnt
|-unboost|p1a: Gholdengo|spa|1
|faint|p2a: Pink Triangle
|
|upkeep
|
|t:|1779813281
|switch|p2a: Getchoo|Crawdaunt, F|100/100
|turn|4
|
|t:|1779813303
|switch|p1a: Cinderace|Cinderace, F|100/100
|move|p2a: Getchoo|Crabhammer|p1a: Cinderace
|-supereffective|p1a: Cinderace
|-damage|p1a: Cinderace|0 fnt
|faint|p1a: Cinderace
|-damage|p2a: Getchoo|90/100|[from] item: Life Orb
|
|upkeep
|
|t:|1779813309
|switch|p1a: Garchomp|Garchomp, F|100/100
|turn|5
|
|t:|1779813319
|switch|p2a: No Other One|Diancie|100/100
|move|p1a: Garchomp|Stealth Rock|p2a: No Other One
|-sidestart|p2: tauros3|move: Stealth Rock
|
|-fieldend|move: Trick Room
|upkeep
|turn|6
|
|t:|1779813324
|move|p1a: Garchomp|Earthquake|p2a: No Other One
|-supereffective|p2a: No Other One
|-crit|p2a: No Other One
|-damage|p2a: No Other One|0 fnt
|faint|p2a: No Other One
|
|upkeep
|
|t:|1779813329
|switch|p2a: Across The Sea|Pelipper, M|100/100
|-damage|p2a: Across The Sea|76/100|[from] Stealth Rock
|-weather|RainDance|[from] ability: Drizzle|[of] p2a: Across The Sea
|turn|7
|
|t:|1779813345
|move|p1a: Garchomp|Spikes|p2a: Across The Sea
|-sidestart|p2: tauros3|Spikes
|move|p2a: Across The Sea|Surf|p1a: Garchomp
|-damage|p1a: Garchomp|16/100
|
|-weather|RainDance|[upkeep]
|upkeep
|turn|8
|
|t:|1779813358
|switch|p1a: Hoopa|Hoopa-Unbound|100/100
|move|p2a: Across The Sea|Surf|p1a: Hoopa
|-damage|p1a: Hoopa|55/100
|
|-weather|RainDance|[upkeep]
|upkeep
|turn|9
|
|t:|1779813366
|move|p1a: Hoopa|Thunderbolt|p2a: Across The Sea
|-supereffective|p2a: Across The Sea
|-damage|p2a: Across The Sea|0 fnt
|faint|p2a: Across The Sea
|
|-weather|RainDance|[upkeep]
|upkeep
|
|t:|1779813372
|switch|p2a: Getchoo|Crawdaunt, F|90/100
|-damage|p2a: Getchoo|78/100|[from] Stealth Rock
|-damage|p2a: Getchoo|66/100|[from] Spikes
|turn|10
|
|t:|1779813378
|switch|p1a: Garchomp|Garchomp, F|16/100
|-terastallize|p2a: Getchoo|Water
|move|p2a: Getchoo|Aqua Jet|p1a: Garchomp
|-damage|p1a: Garchomp|0 fnt
|-damage|p2a: Getchoo|53/100|[from] ability: Rough Skin|[of] p1a: Garchomp
|-damage|p2a: Getchoo|37/100|[from] item: Rocky Helmet|[of] p1a: Garchomp
|faint|p1a: Garchomp
|-damage|p2a: Getchoo|27/100|[from] item: Life Orb
|
|-weather|RainDance|[upkeep]
|upkeep
|
|t:|1779813386
|switch|p1a: Raging Bolt|Raging Bolt|100/100
|-enditem|p1a: Raging Bolt|Booster Energy
|-activate|p1a: Raging Bolt|ability: Protosynthesis|[fromitem]
|-start|p1a: Raging Bolt|protosynthesisspa
|turn|11
|
|t:|1779813395
|switch|p2a: Butterfly|Cresselia, F|100/100
|-damage|p2a: Butterfly|88/100|[from] Stealth Rock
|move|p1a: Raging Bolt|Dragon Pulse|p2a: Butterfly
|-damage|p2a: Butterfly|47/100
|
|-weather|none
|upkeep
|turn|12
|
|t:|1779813402
|move|p1a: Raging Bolt|Thunderbolt|p2a: Butterfly
|-damage|p2a: Butterfly|3/100
|move|p2a: Butterfly|Trick Room|p2a: Butterfly
|-fieldstart|move: Trick Room|[of] p2a: Butterfly
|
|upkeep
|turn|13
|
|t:|1779813409
|move|p2a: Butterfly|Lunar Dance|p2a: Butterfly
|faint|p2a: Butterfly
|move|p1a: Raging Bolt|Calm Mind|p1a: Raging Bolt
|-boost|p1a: Raging Bolt|spa|1
|-boost|p1a: Raging Bolt|spd|1
|
|upkeep
|
|t:|1779813412
|switch|p2a: Ursaluna|Ursaluna, F|100/100
|-damage|p2a: Ursaluna|94/100|[from] Stealth Rock
|-damage|p2a: Ursaluna|82/100|[from] Spikes
|turn|14
|
|t:|1779813433
|-terastallize|p1a: Raging Bolt|Fairy
|move|p2a: Ursaluna|Headlong Rush|p1a: Raging Bolt
|-damage|p1a: Raging Bolt|32/100
|-unboost|p2a: Ursaluna|def|1
|-unboost|p2a: Ursaluna|spd|1
|move|p1a: Raging Bolt|Dragon Pulse|p2a: Ursaluna
|-damage|p2a: Ursaluna|0 fnt
|faint|p2a: Ursaluna
|
|upkeep
|
|t:|1779813438
|switch|p2a: Getchoo|Crawdaunt, F, tera:Water|27/100
|-heal|p2a: Getchoo|100/100|[from] move: Lunar Dance
|-damage|p2a: Getchoo|88/100|[from] Stealth Rock
|-damage|p2a: Getchoo|76/100|[from] Spikes
|turn|15
|j| KIRAXX200
|
|t:|1779813452
|-end|p1a: Raging Bolt|Protosynthesis|[silent]
|switch|p1a: Hoopa|Hoopa-Unbound|55/100
|move|p2a: Getchoo|Aqua Jet|p1a: Hoopa
|-damage|p1a: Hoopa|0 fnt
|faint|p1a: Hoopa
|-damage|p2a: Getchoo|66/100|[from] item: Life Orb
|
|upkeep
|
|t:|1779813456
|switch|p1a: Gholdengo|Gholdengo|48/100
|turn|16
|
|t:|1779813461
|move|p2a: Getchoo|Aqua Jet|p1a: Gholdengo
|-damage|p1a: Gholdengo|0 fnt
|faint|p1a: Gholdengo
|-damage|p2a: Getchoo|56/100|[from] item: Life Orb
|
|-fieldend|move: Trick Room
|upkeep
|
|t:|1779813466
|switch|p1a: Enamorus|Enamorus, F|100/100
|turn|17
|
|t:|1779813468
|move|p2a: Getchoo|Aqua Jet|p1a: Enamorus
|-damage|p1a: Enamorus|36/100
|-damage|p2a: Getchoo|46/100|[from] item: Life Orb
|move|p1a: Enamorus|Moonblast|p2a: Getchoo
|-damage|p2a: Getchoo|0 fnt
|faint|p2a: Getchoo
|
|win|Yeeties Cereal
|raw|Yeeties Cereal's rating: 1569 &rarr; <strong>1593</strong><br />(+24 for winning)
|raw|tauros3's rating: 1632 &rarr; <strong>1608</strong><br />(-24 for losing)
|l|☆tauros3
|player|p2|
