|j|☆Kristianna
|j|☆YB4260
|t:|1779846825
|gametype|singles
|player|p1|Kristianna|266|1149
|player|p2|YB4260|169|1097
|gen|9
|tier|[Gen 9] OU
|rated|
|rule|HP Percentage Mod: HP is shown in percentages
|rule|Endless Battle Clause: Forcing endless battles is banned
|rule|Species Clause: Limit one of each Pokémon
|rule|OHKO Clause: OHKO moves are banned
|rule|Evasion Items Clause: Evasion items are banned
|rule|Evasion Moves Clause: Evasion moves are banned
|rule|Evasion Abilities Clause: Evasion abilities are banned
|rule|Sleep Moves Clause: Sleep-inducing moves are banned
|clearpoke
|poke|p1|Hatterene, F|
|poke|p1|Iron Treads|
|poke|p1|Gliscor, F|
|poke|p1|Kyurem|
|poke|p1|Iron Valiant|
|poke|p1|Sinistcha-Masterpiece|
|poke|p2|Gholdengo|
|poke|p2|Zoroark-Hisui, M|
|poke|p2|Mimikyu, F|
|poke|p2|Oricorio-Sensu, F|
|poke|p2|Palossand, M|
|poke|p2|Ceruledge, F|
|teampreview
|inactive|Battle timer is ON: inactive players will automatically lose when time's up. (requested by Kristianna)
|inactive|YB4260 has 120 seconds left.
|
|t:|1779846861
|teamsize|p1|6
|teamsize|p2|6
|start
|switch|p1a: Iron Valiant|Iron Valiant|100/100
|switch|p2a: Bad as Bronze|Gholdengo, shiny|100/100
|-enditem|p1a: Iron Valiant|Booster Energy
|-activate|p1a: Iron Valiant|ability: Quark Drive|[fromitem]
|-start|p1a: Iron Valiant|quarkdrivespe
|turn|1
|
|t:|1779846887
|-end|p1a: Iron Valiant|Quark Drive|[silent]
|switch|p1a: Iron Treads|Iron Treads|100/100
|move|p2a: Bad as Bronze|Body Slam|p1a: Iron Treads
|-resisted|p1a: Iron Treads
|-crit|p1a: Iron Treads
|-damage|p1a: Iron Treads|74/100
|
|-heal|p1a: Iron Treads|80/100|[from] item: Leftovers
|upkeep
|turn|2
|
|t:|1779846895
|move|p2a: Bad as Bronze|Knock Off|p1a: Iron Treads
|-damage|p1a: Iron Treads|56/100
|-enditem|p1a: Iron Treads|Leftovers|[from] move: Knock Off|[of] p2a: Bad as Bronze
|move|p1a: Iron Treads|Knock Off|p2a: Bad as Bronze
|-supereffective|p2a: Bad as Bronze
|-enditem|p2a: Bad as Bronze|Focus Sash
|-damage|p2a: Bad as Bronze|1/100
|replace|p2a: RZrk Not Part Drk?|Zoroark-Hisui, M, shiny
|-end|p2a: RZrk Not Part Drk?|Illusion
|
|upkeep
|turn|3
|
|t:|1779846904
|move|p2a: RZrk Not Part Drk?|U-turn|p1a: Iron Treads
|-resisted|p1a: Iron Treads
|-damage|p1a: Iron Treads|47/100
|
|t:|1779846907
|switch|p2a: Start Dancing|Oricorio-Sensu, F|100/100|[from] U-turn
|move|p1a: Iron Treads|Knock Off|p2a: Start Dancing
|-supereffective|p2a: Start Dancing
|-damage|p2a: Start Dancing|17/100
|-enditem|p2a: Start Dancing|Heavy-Duty Boots|[from] move: Knock Off|[of] p1a: Iron Treads
|
|upkeep
|turn|4
|
|t:|1779846916
|move|p1a: Iron Treads|Knock Off|p2a: Start Dancing
|-supereffective|p2a: Start Dancing
|-damage|p2a: Start Dancing|0 fnt
|faint|p2a: Start Dancing
|
|upkeep
|
|t:|1779846920
|switch|p2a: I Will Slice You|Ceruledge, F|100/100
|turn|5
|
|t:|1779846923
|-terastallize|p2a: I Will Slice You|Steel
|move|p1a: Iron Treads|Earthquake|p2a: I Will Slice You
|-supereffective|p2a: I Will Slice You
|-enditem|p2a: I Will Slice You|Focus Sash
|-damage|p2a: I Will Slice You|1/100
|move|p2a: I Will Slice You|Flame Charge|p1a: Iron Treads
|-supereffective|p1a: Iron Treads
|-damage|p1a: Iron Treads|0 fnt
|-boost|p2a: I Will Slice You|spe|1
|faint|p1a: Iron Treads
|-end|p1a: Iron Treads|Quark Drive|[silent]
|
|upkeep
|
|t:|1779846936
|switch|p1a: Gliscor|Gliscor, F|100/100
|turn|6
|inactive|YB4260 has 120 seconds left.
|inactive|YB4260 has 90 seconds left.
|inactive|YB4260 has 60 seconds left.
|inactive|YB4260 has 30 seconds left.
|inactive|YB4260 has 20 seconds left.
|inactive|YB4260 has 15 seconds left.
|
|t:|1779847072
|move|p2a: I Will Slice You|Bitter Blade|p1a: Gliscor
|-damage|p1a: Gliscor|65/100
|-heal|p2a: I Will Slice You|22/100|[from] drain|[of] p1a: Gliscor
|move|p1a: Gliscor|Earthquake|p2a: I Will Slice You
|-supereffective|p2a: I Will Slice You
|-damage|p2a: I Will Slice You|0 fnt
|faint|p2a: I Will Slice You
|
|-status|p1a: Gliscor|tox|[from] item: Toxic Orb
|upkeep
|inactive|YB4260 has 20 seconds left this turn.
|inactive|YB4260 has 15 seconds left.
|
|t:|1779847081
|switch|p2a: Let’s Not Snuggle…|Mimikyu, F, shiny|100/100
|turn|7
|inactive|YB4260 has 25 seconds left this turn.
|
|t:|1779847085
|move|p2a: Let’s Not Snuggle…|Hone Claws|p2a: Let’s Not Snuggle…
|-boost|p2a: Let’s Not Snuggle…|atk|1
|-boost|p2a: Let’s Not Snuggle…|accuracy|1
|move|p1a: Gliscor|Knock Off|p2a: Let’s Not Snuggle…
|-activate|p2a: Let’s Not Snuggle…|ability: Disguise
|-damage|p2a: Let’s Not Snuggle…|100/100
|-enditem|p2a: Let’s Not Snuggle…|Red Card|[from] move: Knock Off|[of] p1a: Gliscor
|detailschange|p2a: Let’s Not Snuggle…|Mimikyu-Busted, F, shiny
|-damage|p2a: Let’s Not Snuggle…|88/100|[from] pokemon: Mimikyu-Busted
|
|-heal|p1a: Gliscor|78/100 tox|[from] ability: Poison Heal
|upkeep
|turn|8
|inactive|YB4260 has 30 seconds left.
|
|t:|1779847099
|switch|p2a: Bad as Bronze|Gholdengo, shiny|100/100
|move|p1a: Gliscor|Earthquake|p2a: Bad as Bronze
|-supereffective|p2a: Bad as Bronze
|-damage|p2a: Bad as Bronze|20/100
|
|-heal|p1a: Gliscor|90/100 tox|[from] ability: Poison Heal
|upkeep
|turn|9
|inactive|YB4260 has 30 seconds left.
|
|t:|1779847106
|move|p2a: Bad as Bronze|Make It Rain|p1a: Gliscor
|-damage|p1a: Gliscor|40/100 tox
|-unboost|p2a: Bad as Bronze|spa|1
|-enditem|p2a: Bad as Bronze|Eject Pack
|
|t:|1779847111
|switch|p2a: Sand is Rock|Palossand, M, shiny|100/100
|move|p1a: Gliscor|Earthquake|p2a: Sand is Rock
|-crit|p2a: Sand is Rock
|-damage|p2a: Sand is Rock|53/100
|
|-heal|p2a: Sand is Rock|59/100|[from] item: Leftovers
|-heal|p1a: Gliscor|52/100 tox|[from] ability: Poison Heal
|upkeep
|turn|10
|
|t:|1779847116
|move|p1a: Gliscor|Spikes|p2a: Sand is Rock
|-sidestart|p2: YB4260|Spikes
|move|p2a: Sand is Rock|Energy Ball|p1a: Gliscor
|-damage|p1a: Gliscor|30/100 tox
|
|-heal|p2a: Sand is Rock|65/100|[from] item: Leftovers
|-heal|p1a: Gliscor|42/100 tox|[from] ability: Poison Heal
|upkeep
|turn|11
|
|t:|1779847122
|move|p1a: Gliscor|Knock Off|p2a: Sand is Rock
|-supereffective|p2a: Sand is Rock
|-damage|p2a: Sand is Rock|25/100
|-enditem|p2a: Sand is Rock|Leftovers|[from] move: Knock Off|[of] p1a: Gliscor
|move|p2a: Sand is Rock|Shore Up|p2a: Sand is Rock
|-heal|p2a: Sand is Rock|75/100
|
|-heal|p1a: Gliscor|55/100 tox|[from] ability: Poison Heal
|upkeep
|turn|12
|
|t:|1779847128
|move|p1a: Gliscor|Protect|p1a: Gliscor
|-singleturn|p1a: Gliscor|Protect
|move|p2a: Sand is Rock|Stealth Rock|p1a: Gliscor
|-sidestart|p1: Kristianna|move: Stealth Rock
|
|-heal|p1a: Gliscor|67/100 tox|[from] ability: Poison Heal
|upkeep
|turn|13
|
|t:|1779847135
|switch|p1a: Kyurem|Kyurem|100/100
|-damage|p1a: Kyurem|76/100|[from] Stealth Rock
|-ability|p1a: Kyurem|Pressure
|move|p2a: Sand is Rock|Energy Ball|p1a: Kyurem
|-resisted|p1a: Kyurem
|-damage|p1a: Kyurem|68/100
|-unboost|p1a: Kyurem|spd|1
|
|upkeep
|turn|14
|
|t:|1779847144
|switch|p2a: Let’s Not Snuggle…|Mimikyu-Busted, F, shiny|1/100
|-damage|p2a: Let’s Not Snuggle…|0 fnt|[from] Spikes
|faint|p2a: Let’s Not Snuggle…
|move|p1a: Kyurem|Ice Beam|p2: RZrk Not Part Drk?|[notarget]
|-fail|p1a: Kyurem
|
|upkeep
|
|t:|1779847151
|switch|p2a: Sand is Rock|Palossand, M, shiny|75/100
|-damage|p2a: Sand is Rock|63/100|[from] Spikes
|turn|15
|
|t:|1779847156
|move|p1a: Kyurem|Ice Beam|p2a: Sand is Rock
|-supereffective|p2a: Sand is Rock
|-damage|p2a: Sand is Rock|0 fnt
|faint|p2a: Sand is Rock
|
|upkeep
|
|t:|1779847158
|switch|p2a: Let’s Not Snuggle…|Mimikyu-Busted, F, shiny|88/100
|-damage|p2a: Let’s Not Snuggle…|76/100|[from] Spikes
|turn|16
|
|t:|1779847163
|-terastallize|p1a: Kyurem|Ice
|move|p2a: Let’s Not Snuggle…|Thief|p1a: Kyurem
|-damage|p1a: Kyurem|55/100
|-enditem|p1a: Kyurem|Assault Vest|[silent]|[from] move: Thief|[of] p2a: Let’s Not Snuggle…
|-item|p2a: Let’s Not Snuggle…|Assault Vest|[from] move: Thief|[of] p1a: Kyurem
|move|p1a: Kyurem|Ice Beam|p2a: Let’s Not Snuggle…
|-damage|p2a: Let’s Not Snuggle…|16/100
|
|upkeep
|turn|17
|
|t:|1779847170
|move|p2a: Let’s Not Snuggle…|Play Rough|p1a: Kyurem
|-damage|p1a: Kyurem|28/100
|move|p1a: Kyurem|Ice Beam|p2a: Let’s Not Snuggle…
|-damage|p2a: Let’s Not Snuggle…|0 fnt
|faint|p2a: Let’s Not Snuggle…
|
|upkeep
|
|t:|1779847175
|switch|p2a: Bad as Bronze|Gholdengo, shiny|20/100
|-damage|p2a: Bad as Bronze|8/100|[from] Spikes
|turn|18
|
|t:|1779847178
|move|p2a: Bad as Bronze|Thunderbolt|p1a: Kyurem
|-damage|p1a: Kyurem|0 fnt
|faint|p1a: Kyurem
|
|upkeep
|
|t:|1779847181
|switch|p1a: Iron Valiant|Iron Valiant|100/100
|-damage|p1a: Iron Valiant|94/100|[from] Stealth Rock
|turn|19
|
|t:|1779847185
|move|p1a: Iron Valiant|Moonblast|p2a: Bad as Bronze
|-resisted|p2a: Bad as Bronze
|-damage|p2a: Bad as Bronze|0 fnt
|faint|p2a: Bad as Bronze
|
|win|Kristianna
|raw|Kristianna's rating: 1149 &rarr; <strong>1170</strong><br />(+21 for winning)
|raw|YB4260's rating: 1097 &rarr; <strong>1076</strong><br />(-21 for losing)
|l|☆YB4260
|player|p2|
|l|☆Kristianna
|player|p1|
