|j|☆00000ooo.
|j|☆ArchStanton47
|t:|1779856766
|gametype|singles
|player|p1|00000ooo.|2|1355
|player|p2|ArchStanton47|ethan-pokeathlon|1404
|gen|9
|tier|[Gen 9] OU
|rated|
|rule|HP Percentage Mod: HP is shown in percentages
|rule|Endless Battle Clause: Forcing endless battles is banned
|rule|Species Clause: Limit one of each Pokémon
|rule|OHKO Clause: OHKO moves are banned
|rule|Evasion Items Clause: Evasion items are banned
|rule|Evasion Moves Clause: Evasion moves are banned
|rule|Evasion Abilities Clause: Evasion abilities are banned
|rule|Sleep Moves Clause: Sleep-inducing moves are banned
|clearpoke
|poke|p1|Clodsire, F|
|poke|p1|Toxapex, F|
|poke|p1|Corviknight, F|
|poke|p1|Dondozo, M|
|poke|p1|Clefable, M|
|poke|p1|Gliscor, M|
|poke|p2|Weezing-Galar, M|
|poke|p2|Hitmonlee, M|
|poke|p2|Hydrapple, F|
|poke|p2|Landorus-Therian, M|
|poke|p2|Primarina, M|
|poke|p2|Kyurem|
|teampreview
|inactive|Battle timer is ON: inactive players will automatically lose when time's up. (requested by 00000ooo.)
|inactive|00000ooo. has 120 seconds left.
|
|t:|1779856810
|teamsize|p1|6
|teamsize|p2|6
|start
|switch|p1a: Clefable|Clefable, M|100/100
|switch|p2a: Primarina|Primarina, M|100/100
|turn|1
|
|t:|1779856817
|move|p1a: Clefable|Stealth Rock|p2a: Primarina
|-sidestart|p2: ArchStanton47|move: Stealth Rock
|move|p2a: Primarina|Light Screen|p2a: Primarina
|-sidestart|p2: ArchStanton47|move: Light Screen
|
|upkeep
|turn|2
|
|t:|1779856832
|switch|p1a: Toxapex|Toxapex, F|100/100
|move|p2a: Primarina|Reflect|p2a: Primarina
|-sidestart|p2: ArchStanton47|Reflect
|
|upkeep
|turn|3
|
|t:|1779856844
|switch|p2a: Weezing|Weezing-Galar, M|100/100
|-damage|p2a: Weezing|88/100|[from] Stealth Rock
|-fieldstart|move: Misty Terrain|[from] ability: Misty Surge|[of] p2a: Weezing
|move|p1a: Toxapex|Infestation|p2a: Weezing
|-resisted|p2a: Weezing
|-damage|p2a: Weezing|88/100
|-activate|p2a: Weezing|move: Infestation|[of] p1a: Toxapex
|
|-damage|p2a: Weezing|76/100|[from] move: Infestation|[partiallytrapped]
|upkeep
|turn|4
|inactive|ArchStanton47 has 120 seconds left.
|
|t:|1779856882
|move|p1a: Toxapex|Baneful Bunker|p1a: Toxapex
|-singleturn|p1a: Toxapex|move: Protect
|move|p2a: Weezing|Clear Smog|p1a: Toxapex
|-activate|p1a: Toxapex|move: Protect
|
|-damage|p2a: Weezing|63/100|[from] move: Infestation|[partiallytrapped]
|upkeep
|turn|5
|inactive|ArchStanton47 has 120 seconds left.
|
|t:|1779856890
|move|p2a: Weezing|Pain Split|p1a: Toxapex
|-sethp|p1a: Toxapex|85/100|[from] move: Pain Split|[silent]
|-sethp|p2a: Weezing|77/100|[from] move: Pain Split
|move|p1a: Toxapex|Poison Jab|p2a: Weezing
|-damage|p2a: Weezing|71/100
|
|-heal|p1a: Toxapex|91/100|[from] item: Leftovers
|-damage|p2a: Weezing|59/100|[from] move: Infestation|[partiallytrapped]
|upkeep
|turn|6
|inactive|ArchStanton47 has 120 seconds left.
|inactive|ArchStanton47 has 90 seconds left.
|
|t:|1779856945
|move|p2a: Weezing|Pain Split|p1a: Toxapex
|-sethp|p1a: Toxapex|78/100|[from] move: Pain Split|[silent]
|-sethp|p2a: Weezing|71/100|[from] move: Pain Split
|move|p1a: Toxapex|Poison Jab|p2a: Weezing
|-damage|p2a: Weezing|65/100
|
|-heal|p1a: Toxapex|84/100|[from] item: Leftovers
|-damage|p2a: Weezing|52/100|[from] move: Infestation|[partiallytrapped]
|upkeep
|turn|7
|
|t:|1779856953
|move|p2a: Weezing|Pain Split|p1a: Toxapex
|-sethp|p1a: Toxapex|71/100|[from] move: Pain Split|[silent]
|-sethp|p2a: Weezing|64/100|[from] move: Pain Split
|move|p1a: Toxapex|Infestation|p2a: Weezing
|-resisted|p2a: Weezing
|-damage|p2a: Weezing|64/100
|
|-heal|p1a: Toxapex|77/100|[from] item: Leftovers
|-damage|p2a: Weezing|52/100|[from] move: Infestation|[partiallytrapped]
|upkeep
|turn|8
|inactive|ArchStanton47 has 90 seconds left.
|
|t:|1779856964
|move|p2a: Weezing|Pain Split|p1a: Toxapex
|-sethp|p1a: Toxapex|67/100|[from] move: Pain Split|[silent]
|-sethp|p2a: Weezing|61/100|[from] move: Pain Split
|move|p1a: Toxapex|Poison Jab|p2a: Weezing
|-damage|p2a: Weezing|54/100
|
|-heal|p1a: Toxapex|73/100|[from] item: Leftovers
|-end|p2a: Weezing|Infestation|[partiallytrapped]
|-sideend|p2: ArchStanton47|move: Light Screen
|upkeep
|turn|9
|inactive|ArchStanton47 has 90 seconds left.
|
|t:|1779856978
|switch|p2a: Hitmonlee|Hitmonlee, M|100/100
|-damage|p2a: Hitmonlee|94/100|[from] Stealth Rock
|-enditem|p2a: Hitmonlee|Misty Seed
|-boost|p2a: Hitmonlee|spd|1|[from] item: Misty Seed
|move|p1a: Toxapex|Infestation|p2a: Hitmonlee
|-resisted|p2a: Hitmonlee
|-damage|p2a: Hitmonlee|93/100
|-activate|p2a: Hitmonlee|move: Infestation|[of] p1a: Toxapex
|
|-heal|p1a: Toxapex|79/100|[from] item: Leftovers
|-damage|p2a: Hitmonlee|81/100|[from] move: Infestation|[partiallytrapped]
|-sideend|p2: ArchStanton47|Reflect
|upkeep
|turn|10
|inactive|ArchStanton47 has 90 seconds left.
|
|t:|1779856989
|move|p1a: Toxapex|Baneful Bunker|p1a: Toxapex
|-singleturn|p1a: Toxapex|move: Protect
|move|p2a: Hitmonlee|Swords Dance|p2a: Hitmonlee
|-boost|p2a: Hitmonlee|atk|2
|
|-heal|p1a: Toxapex|85/100|[from] item: Leftovers
|-damage|p2a: Hitmonlee|68/100|[from] move: Infestation|[partiallytrapped]
|-fieldend|Misty Terrain
|upkeep
|turn|11
|inactive|ArchStanton47 has 90 seconds left.
|
|t:|1779857008
|move|p2a: Hitmonlee|Knock Off|p1a: Toxapex
|-damage|p1a: Toxapex|40/100
|-enditem|p1a: Toxapex|Leftovers|[from] move: Knock Off|[of] p2a: Hitmonlee
|move|p1a: Toxapex|Poison Jab|p2a: Hitmonlee
|-crit|p2a: Hitmonlee
|-damage|p2a: Hitmonlee|5/100
|
|-damage|p2a: Hitmonlee|0 fnt|[from] move: Infestation|[partiallytrapped]
|faint|p2a: Hitmonlee
|upkeep
|-message|ArchStanton47 forfeited.
|
|win|00000ooo.
|raw|00000ooo.'s rating: 1355 &rarr; <strong>1378</strong><br />(+23 for winning)
|raw|ArchStanton47's rating: 1404 &rarr; <strong>1381</strong><br />(-23 for losing)
|l|☆ArchStanton47
|player|p2|
|l|☆00000ooo.
|player|p1|
