|badge|p2|bronze|gen9ubers|100-9
|uhtml|medal-msg|<div class="broadcast-blue">Curious what those medals under the avatar are? PS now has Ladder Seasons! For more information, check out the <a href="https://www.smogon.com/forums/threads/3740067/">thread on Smogon.</a></div>
|j|☆ghostoftheranch
|j|☆itztrip
|t:|1779910140
|gametype|singles
|player|p1|ghostoftheranch|medium|1612
|player|p2|itztrip|proton|1564
|gen|9
|tier|[Gen 9] OU
|rated|
|rule|HP Percentage Mod: HP is shown in percentages
|rule|Endless Battle Clause: Forcing endless battles is banned
|rule|Species Clause: Limit one of each Pokémon
|rule|OHKO Clause: OHKO moves are banned
|rule|Evasion Items Clause: Evasion items are banned
|rule|Evasion Moves Clause: Evasion moves are banned
|rule|Evasion Abilities Clause: Evasion abilities are banned
|rule|Sleep Moves Clause: Sleep-inducing moves are banned
|clearpoke
|poke|p1|Torkoal, M|
|poke|p1|Fezandipiti, M|
|poke|p1|Great Tusk|
|poke|p1|Cinderace, F|
|poke|p1|Mandibuzz, F|
|poke|p1|Volcanion|
|poke|p2|Darkrai|
|poke|p2|Garchomp, F|
|poke|p2|Alomomola, F|
|poke|p2|Corviknight, F|
|poke|p2|Weezing-Galar, F|
|poke|p2|Ogerpon, F|
|teampreview
|inactive|Battle timer is ON: inactive players will automatically lose when time's up. (requested by itztrip)
|inactive|ghostoftheranch has 120 seconds left.
|
|t:|1779910185
|teamsize|p1|6
|teamsize|p2|6
|start
|switch|p1a: Mandibuzz|Mandibuzz, F|100/100
|switch|p2a: Garchomp|Garchomp, F|100/100
|turn|1
|
|t:|1779910204
|move|p2a: Garchomp|Stealth Rock|p1a: Mandibuzz
|-sidestart|p1: ghostoftheranch|move: Stealth Rock
|move|p1a: Mandibuzz|Toxic|p2a: Garchomp
|-status|p2a: Garchomp|tox
|
|-damage|p2a: Garchomp|94/100 tox|[from] psn
|upkeep
|turn|2
|
|t:|1779910211
|switch|p2a: Weezing|Weezing-Galar, F|100/100
|-ability|p2a: Weezing|Neutralizing Gas
|move|p1a: Mandibuzz|Defog|p2a: Weezing
|-unboost|p2a: Weezing|evasion|1
|-sideend|p1: ghostoftheranch|Stealth Rock|[from] move: Defog|[of] p1a: Mandibuzz
|
|upkeep
|turn|3
|
|t:|1779910218
|switch|p1a: Torkoal|Torkoal, M|100/100
|move|p2a: Weezing|Sludge Bomb|p1a: Torkoal
|-damage|p1a: Torkoal|59/100
|
|upkeep
|turn|4
|
|t:|1779910238
|switch|p1a: Great Tusk|Great Tusk|100/100
|move|p2a: Weezing|Sludge Bomb|p1a: Great Tusk
|-resisted|p1a: Great Tusk
|-damage|p1a: Great Tusk|81/100
|
|upkeep
|turn|5
|
|t:|1779910244
|move|p1a: Great Tusk|Knock Off|p2a: Weezing
|-resisted|p2a: Weezing
|-damage|p2a: Weezing|88/100
|-enditem|p2a: Weezing|Heavy-Duty Boots|[from] move: Knock Off|[of] p1a: Great Tusk
|move|p2a: Weezing|Will-O-Wisp|p1a: Great Tusk
|-status|p1a: Great Tusk|brn
|
|-damage|p1a: Great Tusk|74/100 brn|[from] brn
|upkeep
|turn|6
|
|t:|1779910257
|-end|p1a: Great Tusk|Protosynthesis|[silent]
|switch|p1a: Torkoal|Torkoal, M|59/100
|-end|p2a: Weezing|ability: Neutralizing Gas
|-weather|SunnyDay|[from] ability: Drought|[of] p1a: Torkoal
|switch|p2a: Corviknight|Corviknight, F|100/100
|-ability|p2a: Corviknight|Pressure
|
|-weather|SunnyDay|[upkeep]
|upkeep
|turn|7
|
|t:|1779910263
|move|p2a: Corviknight|U-turn|p1a: Torkoal
|-resisted|p1a: Torkoal
|-damage|p1a: Torkoal|55/100
|
|t:|1779910265
|switch|p2a: Garchomp|Garchomp, F|94/100 tox|[from] U-turn
|move|p1a: Torkoal|Fire Blast|p2a: Garchomp
|-resisted|p2a: Garchomp
|-damage|p2a: Garchomp|63/100 tox
|
|-weather|SunnyDay|[upkeep]
|-damage|p2a: Garchomp|56/100 tox|[from] psn
|upkeep
|turn|8
|
|t:|1779910276
|switch|p2a: Darkrai|Darkrai|100/100
|switch|p1a: Mandibuzz|Mandibuzz, F|100/100
|
|-weather|SunnyDay|[upkeep]
|upkeep
|turn|9
|
|t:|1779910285
|move|p2a: Darkrai|Trick|p1a: Mandibuzz
|-activate|p2a: Darkrai|move: Trick|[of] p1a: Mandibuzz
|-item|p1a: Mandibuzz|Choice Specs|[from] move: Trick
|-item|p2a: Darkrai|Rocky Helmet|[from] move: Trick
|move|p1a: Mandibuzz|Toxic|p2a: Darkrai
|-status|p2a: Darkrai|tox
|
|-weather|SunnyDay|[upkeep]
|-damage|p2a: Darkrai|94/100 tox|[from] psn
|upkeep
|turn|10
|
|t:|1779910300
|switch|p2a: Weezing|Weezing-Galar, F|88/100
|-ability|p2a: Weezing|Neutralizing Gas
|switch|p1a: Volcanion|Volcanion|100/100
|
|-weather|SunnyDay|[upkeep]
|upkeep
|turn|11
|
|t:|1779910312
|-end|p2a: Weezing|ability: Neutralizing Gas
|switch|p2a: Alomomola|Alomomola, F|100/100
|move|p1a: Volcanion|Steam Eruption|p2a: Alomomola
|-resisted|p2a: Alomomola
|-damage|p2a: Alomomola|88/100
|
|-weather|SunnyDay|[upkeep]
|upkeep
|turn|12
|
|t:|1779910320
|move|p1a: Volcanion|Steam Eruption|p2a: Alomomola
|-resisted|p2a: Alomomola
|-damage|p2a: Alomomola|77/100
|move|p2a: Alomomola|Body Slam|p1a: Volcanion
|-damage|p1a: Volcanion|88/100
|
|-weather|SunnyDay|[upkeep]
|upkeep
|turn|13
|
|t:|1779910330
|switch|p1a: Great Tusk|Great Tusk|74/100 brn
|-activate|p1a: Great Tusk|ability: Protosynthesis
|-start|p1a: Great Tusk|protosynthesisatk
|move|p2a: Alomomola|Body Slam|p1a: Great Tusk
|-damage|p1a: Great Tusk|64/100 brn
|
|-weather|none
|-end|p1a: Great Tusk|Protosynthesis
|-damage|p1a: Great Tusk|57/100 brn|[from] brn
|upkeep
|turn|14
|
|t:|1779910343
|-end|p1a: Great Tusk|Protosynthesis|[silent]
|switch|p1a: Torkoal|Torkoal, M|55/100
|-weather|SunnyDay|[from] ability: Drought|[of] p1a: Torkoal
|move|p2a: Alomomola|Flip Turn|p1a: Torkoal
|-supereffective|p1a: Torkoal
|-damage|p1a: Torkoal|45/100
|
|t:|1779910350
|switch|p2a: Darkrai|Darkrai|94/100 tox|[from] Flip Turn
|
|-weather|SunnyDay|[upkeep]
|-damage|p2a: Darkrai|88/100 tox|[from] psn
|upkeep
|turn|15
|
|t:|1779910359
|switch|p1a: Fezandipiti|Fezandipiti, M|100/100
|move|p2a: Darkrai|Ice Beam|p1a: Fezandipiti
|-damage|p1a: Fezandipiti|78/100
|
|-weather|SunnyDay|[upkeep]
|-heal|p1a: Fezandipiti|84/100|[from] item: Leftovers
|-damage|p2a: Darkrai|76/100 tox|[from] psn
|upkeep
|turn|16
|
|t:|1779910370
|move|p2a: Darkrai|Trick|p1a: Fezandipiti
|-activate|p2a: Darkrai|move: Trick|[of] p1a: Fezandipiti
|-item|p1a: Fezandipiti|Rocky Helmet|[from] move: Trick
|-item|p2a: Darkrai|Leftovers|[from] move: Trick
|move|p1a: Fezandipiti|Nasty Plot|p1a: Fezandipiti
|-boost|p1a: Fezandipiti|spa|2
|
|-weather|SunnyDay|[upkeep]
|-heal|p2a: Darkrai|82/100 tox|[from] item: Leftovers
|-damage|p2a: Darkrai|64/100 tox|[from] psn
|upkeep
|turn|17
|
|t:|1779910379
|switch|p2a: Alomomola|Alomomola, F|100/100
|move|p1a: Fezandipiti|Heat Wave|p2a: Alomomola
|-resisted|p2a: Alomomola
|-damage|p2a: Alomomola|84/100
|
|-weather|SunnyDay|[upkeep]
|upkeep
|turn|18
|
|t:|1779910384
|move|p1a: Fezandipiti|Sludge Bomb|p2a: Alomomola
|-damage|p2a: Alomomola|51/100
|move|p2a: Alomomola|Mirror Coat|p1a: Fezandipiti
|-damage|p1a: Fezandipiti|0 fnt
|faint|p1a: Fezandipiti
|
|-weather|SunnyDay|[upkeep]
|upkeep
|
|t:|1779910393
|switch|p1a: Volcanion|Volcanion|88/100
|turn|19
|
|t:|1779910397
|move|p1a: Volcanion|Solar Beam||[still]
|-prepare|p1a: Volcanion|Solar Beam
|-anim|p1a: Volcanion|Solar Beam|p2a: Alomomola
|-supereffective|p2a: Alomomola
|-crit|p2a: Alomomola
|-damage|p2a: Alomomola|0 fnt
|faint|p2a: Alomomola
|
|-weather|SunnyDay|[upkeep]
|upkeep
|
|t:|1779910405
|switch|p2a: Ogerpon|Ogerpon, F|100/100
|turn|20
|
|t:|1779910412
|switch|p1a: Mandibuzz|Mandibuzz, F|100/100
|move|p2a: Ogerpon|Swords Dance|p2a: Ogerpon
|-boost|p2a: Ogerpon|atk|2
|
|-weather|SunnyDay|[upkeep]
|upkeep
|turn|21
|
|t:|1779910416
|switch|p2a: Corviknight|Corviknight, F|100/100
|-ability|p2a: Corviknight|Pressure
|move|p1a: Mandibuzz|Foul Play|p2a: Corviknight
|-damage|p2a: Corviknight|77/100
|
|-weather|none
|upkeep
|turn|22
|
|t:|1779910422
|switch|p1a: Torkoal|Torkoal, M|45/100
|-weather|SunnyDay|[from] ability: Drought|[of] p1a: Torkoal
|move|p2a: Corviknight|U-turn|p1a: Torkoal
|-resisted|p1a: Torkoal
|-damage|p1a: Torkoal|40/100
|
|t:|1779910424
|switch|p2a: Darkrai|Darkrai|64/100 tox|[from] U-turn
|
|-weather|SunnyDay|[upkeep]
|-heal|p2a: Darkrai|70/100 tox|[from] item: Leftovers
|-damage|p2a: Darkrai|64/100 tox|[from] psn
|upkeep
|turn|23
|
|t:|1779910435
|switch|p1a: Volcanion|Volcanion|88/100
|move|p2a: Darkrai|Dark Pulse|p1a: Volcanion
|-damage|p1a: Volcanion|35/100
|
|-weather|SunnyDay|[upkeep]
|-heal|p2a: Darkrai|70/100 tox|[from] item: Leftovers
|-damage|p2a: Darkrai|58/100 tox|[from] psn
|upkeep
|turn|24
|
|t:|1779910444
|switch|p1a: Great Tusk|Great Tusk|57/100 brn
|-activate|p1a: Great Tusk|ability: Protosynthesis
|-start|p1a: Great Tusk|protosynthesisatk
|move|p2a: Darkrai|Ice Beam|p1a: Great Tusk
|-supereffective|p1a: Great Tusk
|-damage|p1a: Great Tusk|0 fnt
|faint|p1a: Great Tusk
|-end|p1a: Great Tusk|Protosynthesis|[silent]
|
|-weather|SunnyDay|[upkeep]
|-heal|p2a: Darkrai|64/100 tox|[from] item: Leftovers
|-damage|p2a: Darkrai|46/100 tox|[from] psn
|upkeep
|
|t:|1779910456
|switch|p1a: Cinderace|Cinderace, F|100/100
|turn|25
|
|t:|1779910464
|move|p2a: Darkrai|Dark Pulse|p1a: Cinderace
|-damage|p1a: Cinderace|40/100
|move|p1a: Cinderace|Pyro Ball|p2a: Darkrai
|-damage|p2a: Darkrai|0 fnt
|faint|p2a: Darkrai
|
|-weather|SunnyDay|[upkeep]
|upkeep
|
|t:|1779910467
|switch|p2a: Garchomp|Garchomp, F|56/100 tox
|turn|26
|
|t:|1779910477
|switch|p1a: Mandibuzz|Mandibuzz, F|100/100
|move|p2a: Garchomp|Stealth Rock|p1a: Mandibuzz
|-sidestart|p1: ghostoftheranch|move: Stealth Rock
|
|-weather|SunnyDay|[upkeep]
|-damage|p2a: Garchomp|50/100 tox|[from] psn
|upkeep
|turn|27
|
|t:|1779910500
|move|p2a: Garchomp|Spikes|p1a: Mandibuzz
|-sidestart|p1: ghostoftheranch|Spikes
|move|p1a: Mandibuzz|Defog|p2a: Garchomp
|-unboost|p2a: Garchomp|evasion|1
|-sideend|p1: ghostoftheranch|Spikes|[from] move: Defog|[of] p1a: Mandibuzz
|-sideend|p1: ghostoftheranch|Stealth Rock|[from] move: Defog|[of] p1a: Mandibuzz
|
|-weather|SunnyDay|[upkeep]
|-damage|p2a: Garchomp|38/100 tox|[from] psn
|upkeep
|turn|28
|
|t:|1779910504
|switch|p2a: Ogerpon|Ogerpon, F|100/100
|move|p1a: Mandibuzz|Defog|p2a: Ogerpon
|-unboost|p2a: Ogerpon|evasion|1
|-ability|p2a: Ogerpon|Defiant|boost
|-boost|p2a: Ogerpon|atk|2
|
|-weather|SunnyDay|[upkeep]
|upkeep
|turn|29
|inactive|ghostoftheranch has 120 seconds left.
|
|t:|1779910544
|switch|p1a: Torkoal|Torkoal, M|40/100
|move|p2a: Ogerpon|Swords Dance|p2a: Ogerpon
|-boost|p2a: Ogerpon|atk|2
|
|-weather|none
|upkeep
|turn|30
|inactive|ghostoftheranch has 120 seconds left.
|
|t:|1779910552
|move|p2a: Ogerpon|Knock Off|p1a: Torkoal
|-damage|p1a: Torkoal|0 fnt
|-enditem|p1a: Torkoal|Heat Rock|[from] move: Knock Off|[of] p2a: Ogerpon
|faint|p1a: Torkoal
|
|upkeep
|inactive|ghostoftheranch has 120 seconds left.
|
|t:|1779910557
|switch|p1a: Mandibuzz|Mandibuzz, F|100/100
|turn|31
|
|t:|1779910562
|switch|p2a: Weezing|Weezing-Galar, F|88/100
|-ability|p2a: Weezing|Neutralizing Gas
|move|p1a: Mandibuzz|Foul Play|p2a: Weezing
|-resisted|p2a: Weezing
|-damage|p2a: Weezing|80/100
|
|upkeep
|turn|32
|
|t:|1779910575
|switch|p1a: Volcanion|Volcanion|35/100
|move|p2a: Weezing|Sludge Bomb|p1a: Volcanion
|-damage|p1a: Volcanion|5/100
|-status|p1a: Volcanion|psn
|
|-damage|p1a: Volcanion|0 fnt|[from] psn
|faint|p1a: Volcanion
|upkeep
|
|t:|1779910581
|switch|p1a: Cinderace|Cinderace, F|40/100
|turn|33
|
|t:|1779910586
|-terastallize|p1a: Cinderace|Fire
|move|p1a: Cinderace|Pyro Ball|p2a: Weezing
|-damage|p2a: Weezing|18/100
|move|p2a: Weezing|Sludge Bomb|p1a: Cinderace
|-damage|p1a: Cinderace|0 fnt
|faint|p1a: Cinderace
|
|upkeep
|c|☆ghostoftheranch|gg
|-message|ghostoftheranch forfeited.
|
|win|itztrip
|raw|ghostoftheranch's rating: 1612 &rarr; <strong>1589</strong><br />(-23 for losing)
|raw|itztrip's rating: 1564 &rarr; <strong>1587</strong><br />(+23 for winning)
|l|☆ghostoftheranch
|player|p1|
|l|☆itztrip
|player|p2|
