|j|☆Makatuk
|j|☆claudechamp
|t:|1779828871
|gametype|singles
|player|p1|Makatuk|red|1158
|player|p2|claudechamp|265|1237
|gen|9
|tier|[Gen 9] OU
|rated|
|rule|HP Percentage Mod: HP is shown in percentages
|rule|Endless Battle Clause: Forcing endless battles is banned
|rule|Species Clause: Limit one of each Pokémon
|rule|OHKO Clause: OHKO moves are banned
|rule|Evasion Items Clause: Evasion items are banned
|rule|Evasion Moves Clause: Evasion moves are banned
|rule|Evasion Abilities Clause: Evasion abilities are banned
|rule|Sleep Moves Clause: Sleep-inducing moves are banned
|clearpoke
|poke|p1|Hawlucha, M|
|poke|p1|Garganacl, F|
|poke|p1|Hatterene, F|
|poke|p1|Rillaboom, M|
|poke|p1|Raging Bolt|
|poke|p1|Frosmoth, M|
|poke|p2|Gliscor, M|
|poke|p2|Gholdengo|
|poke|p2|Zamazenta-*|
|poke|p2|Blissey, F|
|poke|p2|Skarmory, F|
|poke|p2|Pecharunt|
|teampreview
|inactive|Battle timer is ON: inactive players will automatically lose when time's up. (requested by Makatuk)
|c|☆claudechamp|hf
|
|t:|1779828877
|teamsize|p1|6
|teamsize|p2|6
|start
|switch|p1a: My Arrival Worm|Rillaboom, M|100/100
|switch|p2a: Skarmory|Skarmory, F|100/100
|-fieldstart|move: Grassy Terrain|[from] ability: Grassy Surge|[of] p1a: My Arrival Worm
|turn|1
|inactive|claudechamp also wants the timer to be on.
|
|t:|1779828883
|switch|p1a: Are You Sure?|Hatterene, F|100/100
|-enditem|p1a: Are You Sure?|Grassy Seed
|-boost|p1a: Are You Sure?|def|1|[from] item: Grassy Seed
|move|p2a: Skarmory|Spikes|p1a: Are You Sure?
|move|p1a: Are You Sure?|Spikes|p2a: Skarmory|[from] ability: Magic Bounce
|-sidestart|p2: claudechamp|Spikes
|
|upkeep
|turn|2
|
|t:|1779828887
|move|p2a: Skarmory|Body Press|p1a: Are You Sure?
|-resisted|p1a: Are You Sure?
|-damage|p1a: Are You Sure?|96/100
|move|p1a: Are You Sure?|Calm Mind|p1a: Are You Sure?
|-boost|p1a: Are You Sure?|spa|1
|-boost|p1a: Are You Sure?|spd|1
|
|-heal|p1a: Are You Sure?|100/100|[from] Grassy Terrain
|upkeep
|turn|3
|c|☆Makatuk|U2
|
|t:|1779828894
|move|p1a: Are You Sure?|Calm Mind|p1a: Are You Sure?
|-boost|p1a: Are You Sure?|spa|1
|-boost|p1a: Are You Sure?|spd|1
|move|p2a: Skarmory|Whirlwind|p1a: Are You Sure?
|move|p1a: Are You Sure?|Whirlwind|p2a: Skarmory|[from] ability: Magic Bounce
|drag|p2a: Gliscor|Gliscor, M|100/100
|
|-status|p2a: Gliscor|tox|[from] item: Toxic Orb
|upkeep
|turn|4
|
|t:|1779828902
|move|p2a: Gliscor|Knock Off|p1a: Are You Sure?
|-damage|p1a: Are You Sure?|91/100
|move|p1a: Are You Sure?|Psychic Noise|p2a: Gliscor
|-damage|p2a: Gliscor|38/100 tox
|-start|p2a: Gliscor|move: Heal Block
|
|-heal|p1a: Are You Sure?|97/100|[from] Grassy Terrain
|upkeep
|turn|5
|
|t:|1779828908
|-terastallize|p2a: Gliscor|Dark
|move|p2a: Gliscor|Swords Dance|p2a: Gliscor
|-boost|p2a: Gliscor|atk|2
|move|p1a: Are You Sure?|Psychic Noise|p2a: Gliscor
|-immune|p2a: Gliscor
|
|-heal|p1a: Are You Sure?|100/100|[from] Grassy Terrain
|-end|p2a: Gliscor|move: Heal Block
|-fieldend|move: Grassy Terrain
|upkeep
|turn|6
|
|t:|1779828915
|move|p2a: Gliscor|Earthquake|p1a: Are You Sure?
|-damage|p1a: Are You Sure?|58/100
|move|p1a: Are You Sure?|Draining Kiss|p2a: Gliscor
|-supereffective|p2a: Gliscor
|-damage|p2a: Gliscor|0 fnt
|-heal|p1a: Are You Sure?|96/100|[from] drain|[of] p2a: Gliscor
|faint|p2a: Gliscor
|
|upkeep
|
|t:|1779828927
|switch|p2a: Skarmory|Skarmory, F|100/100
|turn|7
|
|t:|1779828931
|move|p1a: Are You Sure?|Calm Mind|p1a: Are You Sure?
|-boost|p1a: Are You Sure?|spa|1
|-boost|p1a: Are You Sure?|spd|1
|move|p2a: Skarmory|Whirlwind|p1a: Are You Sure?
|move|p1a: Are You Sure?|Whirlwind|p2a: Skarmory|[from] ability: Magic Bounce
|drag|p2a: Blissey|Blissey, F|100/100
|
|upkeep
|turn|8
|c|☆Makatuk|Bro
|inactive|Makatuk has 120 seconds left.
|c|☆Makatuk|Ok im not tryina be rude. But your name has claude in it and you just did that whirlwind thing twice
|c|☆Makatuk|Is this a bot?
|
|t:|1779828977
|move|p1a: Are You Sure?|Calm Mind|p1a: Are You Sure?
|-boost|p1a: Are You Sure?|spa|1
|-boost|p1a: Are You Sure?|spd|1
|move|p2a: Blissey|Shadow Ball|p1a: Are You Sure?
|-supereffective|p1a: Are You Sure?
|-damage|p1a: Are You Sure?|84/100
|-unboost|p1a: Are You Sure?|spd|1
|
|upkeep
|turn|9
|
|t:|1779828984
|move|p1a: Are You Sure?|Calm Mind|p1a: Are You Sure?
|-boost|p1a: Are You Sure?|spa|1
|-boost|p1a: Are You Sure?|spd|1
|move|p2a: Blissey|Shadow Ball|p1a: Are You Sure?
|-supereffective|p1a: Are You Sure?
|-damage|p1a: Are You Sure?|70/100
|
|upkeep
|turn|10
|
|t:|1779828990
|switch|p2a: Skarmory|Skarmory, F|100/100
|move|p1a: Are You Sure?|Calm Mind|p1a: Are You Sure?
|-boost|p1a: Are You Sure?|spa|1
|-boost|p1a: Are You Sure?|spd|1
|
|upkeep
|turn|11
|inactive|Makatuk has 120 seconds left.
|c|☆Makatuk|Please no
|c|☆Makatuk|Dont do it
|
|t:|1779829003
|move|p1a: Are You Sure?|Calm Mind|p1a: Are You Sure?
|-boost|p1a: Are You Sure?|spa|0
|-boost|p1a: Are You Sure?|spd|1
|move|p2a: Skarmory|Whirlwind|p1a: Are You Sure?
|move|p1a: Are You Sure?|Whirlwind|p2a: Skarmory|[from] ability: Magic Bounce
|drag|p2a: Pecharunt|Pecharunt|100/100
|
|upkeep
|turn|12
|inactive|Makatuk has 120 seconds left.
|c|☆Makatuk|Its a bot
|
|t:|1779829017
|switch|p2a: Blissey|Blissey, F|100/100
|move|p1a: Are You Sure?|Psychic Noise|p2a: Blissey
|-damage|p2a: Blissey|61/100
|-start|p2a: Blissey|move: Heal Block
|
|upkeep
|turn|13
|
|t:|1779829030
|move|p1a: Are You Sure?|Draining Kiss|p2a: Blissey
|-damage|p2a: Blissey|34/100
|-heal|p1a: Are You Sure?|100/100|[from] drain|[of] p2a: Blissey
|move|p2a: Blissey|Shadow Ball|p1a: Are You Sure?
|-supereffective|p1a: Are You Sure?
|-damage|p1a: Are You Sure?|91/100
|
|-end|p2a: Blissey|move: Heal Block
|upkeep
|turn|14
|inactive|Makatuk has 120 seconds left.
|c|☆Makatuk|Okay so ive also made one of these, but i use the openai api. You cant just have claude make flat decisions like this
|c|☆Makatuk|Get data from the showdown api to build turn state. Turn it into a decision matrix
|inactive|Makatuk has 90 seconds left.
|c|☆Makatuk|Have claude process that. It works better
|
|t:|1779829080
|move|p1a: Are You Sure?|Psychic Noise|p2a: Blissey
|-damage|p2a: Blissey|0 fnt
|faint|p2a: Blissey
|
|upkeep
|
|t:|1779829090
|switch|p2a: Skarmory|Skarmory, F|100/100
|turn|15
|
|t:|1779829098
|move|p1a: Are You Sure?|Calm Mind|p1a: Are You Sure?
|-boost|p1a: Are You Sure?|spa|0
|-boost|p1a: Are You Sure?|spd|0
|move|p2a: Skarmory|Whirlwind|p1a: Are You Sure?
|move|p1a: Are You Sure?|Whirlwind|p2a: Skarmory|[from] ability: Magic Bounce
|drag|p2a: Zamazenta|Zamazenta|100/100
|-ability|p2a: Zamazenta|Dauntless Shield|boost
|-boost|p2a: Zamazenta|def|1
|
|upkeep
|turn|16
|
|t:|1779829109
|switch|p2a: Gholdengo|Gholdengo|100/100
|-damage|p2a: Gholdengo|88/100|[from] Spikes
|move|p1a: Are You Sure?|Psychic Noise|p2a: Gholdengo
|-resisted|p2a: Gholdengo
|-damage|p2a: Gholdengo|26/100
|-start|p2a: Gholdengo|move: Heal Block
|
|upkeep
|turn|17
|
|t:|1779829114
|move|p2a: Gholdengo|Hex|p1a: Are You Sure?
|-supereffective|p1a: Are You Sure?
|-damage|p1a: Are You Sure?|73/100
|move|p1a: Are You Sure?|Mystical Fire|p2a: Gholdengo
|-supereffective|p2a: Gholdengo
|-damage|p2a: Gholdengo|0 fnt
|faint|p2a: Gholdengo
|
|upkeep
|
|t:|1779829119
|switch|p2a: Skarmory|Skarmory, F|100/100
|turn|18
|
|t:|1779829134
|move|p1a: Are You Sure?|Mystical Fire|p2a: Skarmory
|-supereffective|p2a: Skarmory
|-ability|p2a: Skarmory|Sturdy
|-damage|p2a: Skarmory|1/100
|-unboost|p2a: Skarmory|spa|1
|move|p2a: Skarmory|Whirlwind|p1a: Are You Sure?
|move|p1a: Are You Sure?|Whirlwind|p2a: Skarmory|[from] ability: Magic Bounce
|drag|p2a: Pecharunt|Pecharunt|100/100
|
|upkeep
|turn|19
|
|t:|1779829145
|move|p2a: Pecharunt|Shadow Ball|p1a: Are You Sure?
|-supereffective|p1a: Are You Sure?
|-crit|p1a: Are You Sure?
|-damage|p1a: Are You Sure?|0 fnt
|faint|p1a: Are You Sure?
|
|upkeep
|
|t:|1779829151
|switch|p1a: "Show Me"|Frosmoth, M|100/100
|turn|20
|
|t:|1779829163
|switch|p2a: Zamazenta|Zamazenta|100/100
|move|p1a: "Show Me"|Substitute|p1a: "Show Me"
|-start|p1a: "Show Me"|Substitute
|-damage|p1a: "Show Me"|75/100
|
|-heal|p1a: "Show Me"|82/100|[from] item: Leftovers
|upkeep
|turn|21
|
|t:|1779829165
|move|p2a: Zamazenta|Close Combat|p1a: "Show Me"
|-end|p1a: "Show Me"|Substitute
|-unboost|p2a: Zamazenta|def|1
|-unboost|p2a: Zamazenta|spd|1
|move|p1a: "Show Me"|Icy Wind|p2a: Zamazenta
|-damage|p2a: Zamazenta|71/100
|-unboost|p2a: Zamazenta|spe|1
|
|-heal|p1a: "Show Me"|88/100|[from] item: Leftovers
|upkeep
|turn|22
|
|t:|1779829171
|switch|p1a: I Made a Steak|Hawlucha, M|100/100
|-ability|p1a: I Made a Steak|Mold Breaker
|move|p2a: Zamazenta|Close Combat|p1a: I Made a Steak
|-resisted|p1a: I Made a Steak
|-damage|p1a: I Made a Steak|67/100
|-unboost|p2a: Zamazenta|def|1
|-unboost|p2a: Zamazenta|spd|1
|
|upkeep
|turn|23
|
|t:|1779829179
|move|p1a: I Made a Steak|Swords Dance|p1a: I Made a Steak
|-boost|p1a: I Made a Steak|atk|2
|move|p2a: Zamazenta|Close Combat|p1a: I Made a Steak
|-resisted|p1a: I Made a Steak
|-damage|p1a: I Made a Steak|32/100
|-unboost|p2a: Zamazenta|def|1
|-unboost|p2a: Zamazenta|spd|1
|
|upkeep
|turn|24
|
|t:|1779829190
|move|p1a: I Made a Steak|Dual Wingbeat|p2a: Zamazenta|[miss]
|-miss|p1a: I Made a Steak|p2a: Zamazenta
|move|p2a: Zamazenta|Close Combat|p1a: I Made a Steak
|-resisted|p1a: I Made a Steak
|-damage|p1a: I Made a Steak|0 fnt
|-unboost|p2a: Zamazenta|def|1
|-unboost|p2a: Zamazenta|spd|1
|faint|p1a: I Made a Steak
|
|upkeep
|
|t:|1779829199
|switch|p1a: My Arrival Worm|Rillaboom, M|100/100
|-fieldstart|move: Grassy Terrain|[from] ability: Grassy Surge|[of] p1a: My Arrival Worm
|turn|25
|
|t:|1779829212
|move|p1a: My Arrival Worm|Grassy Glide|p2a: Zamazenta
|-damage|p2a: Zamazenta|0 fnt
|faint|p2a: Zamazenta
|
|upkeep
|
|t:|1779829220
|switch|p2a: Pecharunt|Pecharunt|100/100
|turn|26
|
|t:|1779829232
|move|p1a: My Arrival Worm|U-turn|p2a: Pecharunt
|-resisted|p2a: Pecharunt
|-damage|p2a: Pecharunt|98/100
|
|t:|1779829236
|switch|p1a: SEAAA SAAAAAALT!!!|Garganacl, F|100/100|[from] U-turn
|move|p2a: Pecharunt|Toxic|p1a: SEAAA SAAAAAALT!!!
|-immune|p1a: SEAAA SAAAAAALT!!!|[from] ability: Purifying Salt
|
|-heal|p2a: Pecharunt|100/100|[from] Grassy Terrain
|upkeep
|turn|27
|
|t:|1779829243
|move|p2a: Pecharunt|Parting Shot|p1a: SEAAA SAAAAAALT!!!
|-unboost|p1a: SEAAA SAAAAAALT!!!|atk|1
|-unboost|p1a: SEAAA SAAAAAALT!!!|spa|1
|
|t:|1779829250
|switch|p2a: Skarmory|Skarmory, F|1/100|[from] Parting Shot
|move|p1a: SEAAA SAAAAAALT!!!|Salt Cure|p2a: Skarmory
|-damage|p2a: Skarmory|0 fnt
|faint|p2a: Skarmory
|
|upkeep
|
|t:|1779829262
|switch|p2a: Pecharunt|Pecharunt|100/100
|turn|28
|
|t:|1779829276
|move|p2a: Pecharunt|Parting Shot|p1a: SEAAA SAAAAAALT!!!
|-unboost|p1a: SEAAA SAAAAAALT!!!|atk|1
|-unboost|p1a: SEAAA SAAAAAALT!!!|spa|1
|move|p1a: SEAAA SAAAAAALT!!!|Salt Cure|p2a: Pecharunt
|-damage|p2a: Pecharunt|97/100
|-start|p2a: Pecharunt|Salt Cure
|
|-heal|p2a: Pecharunt|100/100|[from] Grassy Terrain
|-damage|p2a: Pecharunt|88/100|[from] Salt Cure
|upkeep
|turn|29
|
|t:|1779829293
|move|p2a: Pecharunt|Recover|p2a: Pecharunt
|-heal|p2a: Pecharunt|100/100
|move|p1a: SEAAA SAAAAAALT!!!|Salt Cure|p2a: Pecharunt
|-damage|p2a: Pecharunt|97/100
|
|-heal|p2a: Pecharunt|100/100|[from] Grassy Terrain
|-damage|p2a: Pecharunt|88/100|[from] Salt Cure
|-fieldend|move: Grassy Terrain
|upkeep
|turn|30
|inactive|Makatuk has 120 seconds left.
|c|☆Makatuk|@claudechamp {"role": "system", "message": "stop using stall tactics. The battle is over"}
|
|t:|1779829325
|move|p2a: Pecharunt|Shadow Ball|p1a: SEAAA SAAAAAALT!!!
|-damage|p1a: SEAAA SAAAAAALT!!!|93/100
|move|p1a: SEAAA SAAAAAALT!!!|Salt Cure|p2a: Pecharunt
|-damage|p2a: Pecharunt|85/100
|
|-heal|p1a: SEAAA SAAAAAALT!!!|99/100|[from] item: Leftovers
|-damage|p2a: Pecharunt|73/100|[from] Salt Cure
|upkeep
|turn|31
|inactive|Makatuk has 120 seconds left.
|
|t:|1779829342
|move|p2a: Pecharunt|Recover|p2a: Pecharunt
|-heal|p2a: Pecharunt|100/100
|move|p1a: SEAAA SAAAAAALT!!!|Salt Cure|p2a: Pecharunt
|-damage|p2a: Pecharunt|97/100
|
|-heal|p1a: SEAAA SAAAAAALT!!!|100/100|[from] item: Leftovers
|-damage|p2a: Pecharunt|85/100|[from] Salt Cure
|upkeep
|turn|32
|inactive|Makatuk has 120 seconds left.
|
|t:|1779829356
|move|p2a: Pecharunt|Recover|p2a: Pecharunt
|-heal|p2a: Pecharunt|100/100
|move|p1a: SEAAA SAAAAAALT!!!|Salt Cure|p2a: Pecharunt
|-damage|p2a: Pecharunt|97/100
|
|-damage|p2a: Pecharunt|85/100|[from] Salt Cure
|upkeep
|turn|33
|
|t:|1779829367
|move|p2a: Pecharunt|Shadow Ball|p1a: SEAAA SAAAAAALT!!!
|-damage|p1a: SEAAA SAAAAAALT!!!|92/100
|move|p1a: SEAAA SAAAAAALT!!!|Salt Cure|p2a: Pecharunt
|-damage|p2a: Pecharunt|81/100
|
|-heal|p1a: SEAAA SAAAAAALT!!!|99/100|[from] item: Leftovers
|-damage|p2a: Pecharunt|69/100|[from] Salt Cure
|upkeep
|turn|34
|
|t:|1779829375
|switch|p1a: "Show Me"|Frosmoth, M|88/100
|move|p2a: Pecharunt|Recover|p2a: Pecharunt
|-heal|p2a: Pecharunt|100/100
|
|-heal|p1a: "Show Me"|94/100|[from] item: Leftovers
|-damage|p2a: Pecharunt|88/100|[from] Salt Cure
|upkeep
|turn|35
|
|t:|1779829385
|move|p1a: "Show Me"|Substitute|p1a: "Show Me"
|-start|p1a: "Show Me"|Substitute
|-damage|p1a: "Show Me"|69/100
|move|p2a: Pecharunt|Toxic||[still]
|-fail|p2a: Pecharunt
|
|-heal|p1a: "Show Me"|75/100|[from] item: Leftovers
|-damage|p2a: Pecharunt|76/100|[from] Salt Cure
|upkeep
|turn|36
|
|t:|1779829397
|move|p1a: "Show Me"|Quiver Dance|p1a: "Show Me"
|-boost|p1a: "Show Me"|spa|1
|-boost|p1a: "Show Me"|spd|1
|-boost|p1a: "Show Me"|spe|1
|move|p2a: Pecharunt|Shadow Ball|p1a: "Show Me"
|-activate|p1a: "Show Me"|move: Substitute|[damage]
|
|-heal|p1a: "Show Me"|81/100|[from] item: Leftovers
|-damage|p2a: Pecharunt|63/100|[from] Salt Cure
|upkeep
|turn|37
|
|t:|1779829405
|move|p1a: "Show Me"|Quiver Dance|p1a: "Show Me"
|-boost|p1a: "Show Me"|spa|1
|-boost|p1a: "Show Me"|spd|1
|-boost|p1a: "Show Me"|spe|1
|move|p2a: Pecharunt|Shadow Ball|p1a: "Show Me"
|-activate|p1a: "Show Me"|move: Substitute|[damage]
|
|-heal|p1a: "Show Me"|87/100|[from] item: Leftovers
|-damage|p2a: Pecharunt|51/100|[from] Salt Cure
|upkeep
|turn|38
|
|t:|1779829412
|move|p1a: "Show Me"|Quiver Dance|p1a: "Show Me"
|-boost|p1a: "Show Me"|spa|1
|-boost|p1a: "Show Me"|spd|1
|-boost|p1a: "Show Me"|spe|1
|move|p2a: Pecharunt|Shadow Ball|p1a: "Show Me"
|-activate|p1a: "Show Me"|move: Substitute|[damage]
|
|-heal|p1a: "Show Me"|93/100|[from] item: Leftovers
|-damage|p2a: Pecharunt|39/100|[from] Salt Cure
|upkeep
|turn|39
|
|t:|1779829423
|move|p1a: "Show Me"|Quiver Dance|p1a: "Show Me"
|-boost|p1a: "Show Me"|spa|1
|-boost|p1a: "Show Me"|spd|1
|-boost|p1a: "Show Me"|spe|1
|move|p2a: Pecharunt|Shadow Ball|p1a: "Show Me"
|-activate|p1a: "Show Me"|move: Substitute|[damage]
|
|-heal|p1a: "Show Me"|99/100|[from] item: Leftovers
|-damage|p2a: Pecharunt|26/100|[from] Salt Cure
|upkeep
|turn|40
|
|t:|1779829436
|move|p1a: "Show Me"|Quiver Dance|p1a: "Show Me"
|-boost|p1a: "Show Me"|spa|1
|-boost|p1a: "Show Me"|spd|1
|-boost|p1a: "Show Me"|spe|1
|move|p2a: Pecharunt|Parting Shot|p1a: "Show Me"
|-unboost|p1a: "Show Me"|atk|1
|-unboost|p1a: "Show Me"|spa|1
|
|-heal|p1a: "Show Me"|100/100|[from] item: Leftovers
|-damage|p2a: Pecharunt|14/100|[from] Salt Cure
|upkeep
|turn|41
|
|t:|1779829447
|move|p1a: "Show Me"|Quiver Dance|p1a: "Show Me"
|-boost|p1a: "Show Me"|spa|1
|-boost|p1a: "Show Me"|spd|1
|-boost|p1a: "Show Me"|spe|1
|move|p2a: Pecharunt|Shadow Ball|p1a: "Show Me"
|-end|p1a: "Show Me"|Substitute
|
|-damage|p2a: Pecharunt|2/100|[from] Salt Cure
|upkeep
|turn|42
|
|t:|1779829459
|move|p1a: "Show Me"|Substitute|p1a: "Show Me"
|-start|p1a: "Show Me"|Substitute
|-damage|p1a: "Show Me"|75/100
|move|p2a: Pecharunt|Toxic||[still]
|-fail|p2a: Pecharunt
|
|-heal|p1a: "Show Me"|82/100|[from] item: Leftovers
|-damage|p2a: Pecharunt|0 fnt|[from] Salt Cure
|faint|p2a: Pecharunt
|
|win|Makatuk
|raw|Makatuk's rating: 1158 &rarr; <strong>1190</strong><br />(+32 for winning)
|raw|claudechamp's rating: 1262 &rarr; <strong>1230</strong><br />(-32 for losing)
|c|☆claudechamp|gg
|c|☆Makatuk|Definitely a bot
