|j|☆snuffie
|j|☆dublinbosd
|t:|1779857926
|gametype|singles
|player|p1|snuffie|169|1318
|player|p2|dublinbosd|170|1369
|gen|9
|tier|[Gen 9] OU
|rated|
|rule|HP Percentage Mod: HP is shown in percentages
|rule|Endless Battle Clause: Forcing endless battles is banned
|rule|Species Clause: Limit one of each Pokémon
|rule|OHKO Clause: OHKO moves are banned
|rule|Evasion Items Clause: Evasion items are banned
|rule|Evasion Moves Clause: Evasion moves are banned
|rule|Evasion Abilities Clause: Evasion abilities are banned
|rule|Sleep Moves Clause: Sleep-inducing moves are banned
|clearpoke
|poke|p1|Great Tusk|
|poke|p1|Hydrapple, F|
|poke|p1|Slowking-Galar, M|
|poke|p1|Tinkaton, F|
|poke|p1|Gholdengo|
|poke|p1|Landorus-Therian, M|
|poke|p2|Gholdengo|
|poke|p2|Iron Valiant|
|poke|p2|Ogerpon-Wellspring, F|
|poke|p2|Iron Treads|
|poke|p2|Politoed, M|
|poke|p2|Zapdos|
|teampreview
|
|t:|1779857933
|teamsize|p1|6
|teamsize|p2|6
|start
|switch|p1a: Tinkaton|Tinkaton, F|100/100
|switch|p2a: Ogerpon|Ogerpon-Wellspring, F|100/100
|-ability|p1a: Tinkaton|Mold Breaker
|-item|p1a: Tinkaton|Air Balloon
|turn|1
|
|t:|1779857946
|switch|p1a: Hydrapple|Hydrapple, F|100/100
|move|p2a: Ogerpon|U-turn|p1a: Hydrapple
|-supereffective|p1a: Hydrapple
|-damage|p1a: Hydrapple|69/100
|inactive|Battle timer is ON: inactive players will automatically lose when time's up. (requested by snuffie)
|
|t:|1779857963
|switch|p2a: Politoed|Politoed, M|100/100|[from] U-turn
|-weather|RainDance|[from] ability: Drizzle|[of] p2a: Politoed
|
|-weather|RainDance|[upkeep]
|-heal|p1a: Hydrapple|75/100|[from] item: Leftovers
|upkeep
|turn|2
|
|t:|1779857971
|switch|p1a: Slowking|Slowking-Galar, M|100/100
|move|p2a: Politoed|Ice Beam|p1a: Slowking
|-damage|p1a: Slowking|85/100
|
|-weather|RainDance|[upkeep]
|upkeep
|turn|3
|
|t:|1779857983
|move|p2a: Politoed|Weather Ball|p1a: Slowking
|-damage|p1a: Slowking|53/100
|move|p1a: Slowking|Future Sight|p2a: Politoed
|-start|p1a: Slowking|move: Future Sight
|
|-weather|RainDance|[upkeep]
|upkeep
|turn|4
|
|t:|1779857993
|move|p2a: Politoed|Weather Ball|p1a: Slowking
|-damage|p1a: Slowking|15/100
|move|p1a: Slowking|Psychic Noise|p2a: Politoed
|-damage|p2a: Politoed|66/100
|-start|p2a: Politoed|move: Heal Block
|
|-weather|RainDance|[upkeep]
|upkeep
|turn|5
|
|t:|1779858003
|switch|p1a: Tinkaton|Tinkaton, F|100/100
|-ability|p1a: Tinkaton|Mold Breaker
|-item|p1a: Tinkaton|Air Balloon
|move|p2a: Politoed|Weather Ball|p1a: Tinkaton
|-damage|p1a: Tinkaton|30/100
|-enditem|p1a: Tinkaton|Air Balloon
|
|-weather|RainDance|[upkeep]
|-end|p2a: Politoed|move: Future Sight
|-damage|p2a: Politoed|11/100
|-end|p2a: Politoed|move: Heal Block
|upkeep
|turn|6
|
|t:|1779858016
|switch|p2a: Gholdengo|Gholdengo|100/100
|move|p1a: Tinkaton|Knock Off|p2a: Gholdengo
|-supereffective|p2a: Gholdengo
|-damage|p2a: Gholdengo|50/100
|-enditem|p2a: Gholdengo|Choice Scarf|[from] move: Knock Off|[of] p1a: Tinkaton
|
|-weather|RainDance|[upkeep]
|upkeep
|turn|7
|
|t:|1779858024
|move|p1a: Tinkaton|Stealth Rock|p2a: Gholdengo
|-sidestart|p2: dublinbosd|move: Stealth Rock
|move|p2a: Gholdengo|Shadow Ball|p1a: Tinkaton
|-damage|p1a: Tinkaton|0 fnt
|faint|p1a: Tinkaton
|
|-weather|RainDance|[upkeep]
|upkeep
|
|t:|1779858031
|switch|p1a: Gholdengo|Gholdengo|100/100
|turn|8
|
|t:|1779858044
|move|p1a: Gholdengo|Shadow Ball|p2a: Gholdengo
|-supereffective|p2a: Gholdengo
|-damage|p2a: Gholdengo|0 fnt
|faint|p2a: Gholdengo
|
|-weather|none
|upkeep
|
|t:|1779858050
|switch|p2a: Politoed|Politoed, M|11/100
|-damage|p2a: Politoed|0 fnt|[from] Stealth Rock
|faint|p2a: Politoed
|
|t:|1779858056
|switch|p2a: Iron Treads|Iron Treads|100/100
|-damage|p2a: Iron Treads|97/100|[from] Stealth Rock
|turn|9
|
|t:|1779858060
|switch|p1a: Landorus|Landorus-Therian, M|100/100
|-ability|p1a: Landorus|Intimidate|boost
|-unboost|p2a: Iron Treads|atk|1
|move|p2a: Iron Treads|Earthquake|p1a: Landorus
|-immune|p1a: Landorus
|
|upkeep
|turn|10
|
|t:|1779858069
|-terastallize|p2a: Iron Treads|Dark
|move|p2a: Iron Treads|Rapid Spin|p1a: Landorus
|-damage|p1a: Landorus|87/100
|-boost|p2a: Iron Treads|spe|1
|-sideend|p2: dublinbosd|Stealth Rock|[from] move: Rapid Spin|[of] p2a: Iron Treads
|move|p1a: Landorus|Earthquake|p2a: Iron Treads
|-damage|p2a: Iron Treads|44/100
|
|-heal|p1a: Landorus|93/100|[from] item: Leftovers
|upkeep
|turn|11
|
|t:|1779858079
|-end|p2a: Iron Treads|Quark Drive|[silent]
|switch|p2a: Zapdos|Zapdos|100/100
|move|p1a: Landorus|U-turn|p2a: Zapdos
|-resisted|p2a: Zapdos
|-crit|p2a: Zapdos
|-damage|p2a: Zapdos|78/100
|
|t:|1779858085
|switch|p1a: Slowking|Slowking-Galar, M|48/100|[from] U-turn
|
|upkeep
|turn|12
|
|t:|1779858093
|move|p2a: Zapdos|Thunder|p1a: Slowking
|-damage|p1a: Slowking|7/100
|move|p1a: Slowking|Sludge Bomb|p2a: Zapdos
|-damage|p2a: Zapdos|23/100
|-status|p2a: Zapdos|psn
|
|-damage|p2a: Zapdos|10/100 psn|[from] psn
|upkeep
|turn|13
|
|t:|1779858102
|switch|p1a: Great Tusk|Great Tusk|100/100
|move|p2a: Zapdos|Thunder|p1a: Great Tusk
|-immune|p1a: Great Tusk
|
|-damage|p2a: Zapdos|0 fnt|[from] psn
|faint|p2a: Zapdos
|upkeep
|
|t:|1779858106
|switch|p2a: Iron Valiant|Iron Valiant|100/100
|-enditem|p2a: Iron Valiant|Booster Energy
|-activate|p2a: Iron Valiant|ability: Quark Drive|[fromitem]
|-start|p2a: Iron Valiant|quarkdrivespe
|turn|14
|
|t:|1779858115
|-end|p1a: Great Tusk|Protosynthesis|[silent]
|switch|p1a: Slowking|Slowking-Galar, M|40/100
|move|p2a: Iron Valiant|Moonblast|p1a: Slowking
|-resisted|p1a: Slowking
|-damage|p1a: Slowking|30/100
|-unboost|p1a: Slowking|spa|1
|
|upkeep
|turn|15
|
|t:|1779858123
|switch|p1a: Gholdengo|Gholdengo|100/100
|move|p2a: Iron Valiant|Knock Off|p1a: Gholdengo
|-supereffective|p1a: Gholdengo
|-damage|p1a: Gholdengo|21/100
|-enditem|p1a: Gholdengo|Choice Scarf|[from] move: Knock Off|[of] p2a: Iron Valiant
|
|upkeep
|turn|16
|
|t:|1779858133
|move|p2a: Iron Valiant|Knock Off|p1a: Gholdengo
|-supereffective|p1a: Gholdengo
|-damage|p1a: Gholdengo|0 fnt
|faint|p1a: Gholdengo
|
|upkeep
|
|t:|1779858137
|switch|p1a: Slowking|Slowking-Galar, M|63/100
|turn|17
|
|t:|1779858141
|move|p2a: Iron Valiant|Knock Off|p1a: Slowking
|-supereffective|p1a: Slowking
|-damage|p1a: Slowking|0 fnt
|-enditem|p1a: Slowking|Assault Vest|[from] move: Knock Off|[of] p2a: Iron Valiant
|faint|p1a: Slowking
|
|upkeep
|-message|snuffie forfeited.
|
|win|dublinbosd
|raw|snuffie's rating: 1318 &rarr; <strong>1301</strong><br />(-17 for losing)
|raw|dublinbosd's rating: 1369 &rarr; <strong>1386</strong><br />(+17 for winning)
|l|☆snuffie
|player|p1|
|l|☆dublinbosd
|player|p2|
