|j|☆Soyyo1223
|j|☆piplupipo
|t:|1779886398
|gametype|singles
|player|p1|Soyyo1223|palmer|1268
|player|p2|piplupipo|psychicf-gen4|1188
|gen|9
|tier|[Gen 9] OU
|rated|
|rule|HP Percentage Mod: HP is shown in percentages
|rule|Endless Battle Clause: Forcing endless battles is banned
|rule|Species Clause: Limit one of each Pokémon
|rule|OHKO Clause: OHKO moves are banned
|rule|Evasion Items Clause: Evasion items are banned
|rule|Evasion Moves Clause: Evasion moves are banned
|rule|Evasion Abilities Clause: Evasion abilities are banned
|rule|Sleep Moves Clause: Sleep-inducing moves are banned
|clearpoke
|poke|p1|Garganacl, M|
|poke|p1|Grimmsnarl, M|
|poke|p1|Gyarados, M|
|poke|p1|Iron Moth|
|poke|p1|Jirachi|
|poke|p1|Serperior, M|
|poke|p2|Glimmora, M|
|poke|p2|Hitmonlee, M|
|poke|p2|Eiscue, M|
|poke|p2|Polteageist|
|poke|p2|Klawf, F|
|poke|p2|Veluza, F|
|teampreview
|
|t:|1779886408
|teamsize|p1|6
|teamsize|p2|6
|start
|switch|p1a: Serperior|Serperior, M|100/100
|switch|p2a: Glimmora|Glimmora, M|100/100
|turn|1
|
|t:|1779886416
|move|p1a: Serperior|Leaf Storm|p2a: Glimmora
|-damage|p2a: Glimmora|27/100
|-boost|p1a: Serperior|spa|2
|move|p2a: Glimmora|Mortal Spin|p1a: Serperior
|-supereffective|p1a: Serperior
|-damage|p1a: Serperior|83/100
|-status|p1a: Serperior|psn
|
|-heal|p1a: Serperior|90/100 psn|[from] item: Leftovers
|-damage|p1a: Serperior|77/100 psn|[from] psn
|upkeep
|turn|2
|
|t:|1779886431
|move|p1a: Serperior|Leaf Storm|p2a: Glimmora
|-damage|p2a: Glimmora|0 fnt
|-boost|p1a: Serperior|spa|2
|faint|p2a: Glimmora
|
|-heal|p1a: Serperior|83/100 psn|[from] item: Leftovers
|-damage|p1a: Serperior|71/100 psn|[from] psn
|upkeep
|
|t:|1779886436
|switch|p2a: Polteageist|Polteageist|100/100
|turn|3
|
|t:|1779886439
|move|p1a: Serperior|Leaf Storm|p2a: Polteageist
|-enditem|p2a: Polteageist|Focus Sash
|-damage|p2a: Polteageist|1/100
|-boost|p1a: Serperior|spa|2
|move|p2a: Polteageist|Shell Smash|p2a: Polteageist
|-unboost|p2a: Polteageist|def|1
|-unboost|p2a: Polteageist|spd|1
|-boost|p2a: Polteageist|atk|2
|-boost|p2a: Polteageist|spa|2
|-boost|p2a: Polteageist|spe|2
|
|-heal|p1a: Serperior|77/100 psn|[from] item: Leftovers
|-damage|p1a: Serperior|65/100 psn|[from] psn
|upkeep
|turn|4
|
|t:|1779886446
|move|p2a: Polteageist|Shadow Ball|p1a: Serperior
|-damage|p1a: Serperior|0 fnt
|faint|p1a: Serperior
|
|upkeep
|
|t:|1779886448
|switch|p1a: Grimmsnarl|Grimmsnarl, M|100/100
|turn|5
|
|t:|1779886452
|move|p1a: Grimmsnarl|Sucker Punch|p2a: Polteageist
|-supereffective|p2a: Polteageist
|-damage|p2a: Polteageist|0 fnt
|faint|p2a: Polteageist
|
|upkeep
|
|t:|1779886460
|switch|p2a: Eiscue|Eiscue, M|100/100
|turn|6
|
|t:|1779886475
|move|p1a: Grimmsnarl|Reflect|p1a: Grimmsnarl
|-sidestart|p1: Soyyo1223|Reflect
|move|p2a: Eiscue|Substitute|p2a: Eiscue
|-start|p2a: Eiscue|Substitute
|-damage|p2a: Eiscue|75/100
|
|upkeep
|turn|7
|
|t:|1779886484
|switch|p1a: Jirachi|Jirachi|100/100
|move|p2a: Eiscue|Belly Drum|p2a: Eiscue
|-damage|p2a: Eiscue|25/100
|-setboost|p2a: Eiscue|atk|6|[from] move: Belly Drum
|-enditem|p2a: Eiscue|Salac Berry|[eat]
|-boost|p2a: Eiscue|spe|1|[from] item: Salac Berry
|
|upkeep
|turn|8
|
|t:|1779886489
|move|p2a: Eiscue|Reversal|p1a: Jirachi
|-damage|p1a: Jirachi|70/100
|move|p1a: Jirachi|Iron Head|p2a: Eiscue
|-supereffective|p2a: Eiscue
|-end|p2a: Eiscue|Substitute
|
|-heal|p1a: Jirachi|76/100|[from] item: Leftovers
|upkeep
|turn|9
|
|t:|1779886497
|move|p2a: Eiscue|Reversal|p1a: Jirachi
|-damage|p1a: Jirachi|43/100
|move|p1a: Jirachi|Iron Head|p2a: Eiscue
|-activate|p2a: Eiscue|ability: Ice Face
|-damage|p2a: Eiscue|25/100
|detailschange|p2a: Eiscue|Eiscue-Noice, M
|
|-heal|p1a: Jirachi|50/100|[from] item: Leftovers
|upkeep
|turn|10
|
|t:|1779886506
|move|p2a: Eiscue|Reversal|p1a: Jirachi
|-damage|p1a: Jirachi|13/100
|move|p1a: Jirachi|Iron Head|p2a: Eiscue
|-supereffective|p2a: Eiscue
|-damage|p2a: Eiscue|0 fnt
|faint|p2a: Eiscue
|
|-heal|p1a: Jirachi|19/100|[from] item: Leftovers
|upkeep
|
|t:|1779886511
|switch|p2a: Klawf|Klawf, F|100/100
|turn|11
|
|t:|1779886518
|move|p2a: Klawf|Endure|p2a: Klawf
|-singleturn|p2a: Klawf|move: Endure
|move|p1a: Jirachi|Iron Head|p2a: Klawf
|-supereffective|p2a: Klawf
|-damage|p2a: Klawf|40/100
|-enditem|p2a: Klawf|Weakness Policy
|-boost|p2a: Klawf|atk|2|[from] item: Weakness Policy
|-boost|p2a: Klawf|spa|2|[from] item: Weakness Policy
|-ability|p2a: Klawf|Anger Shell|boost
|-boost|p2a: Klawf|atk|1
|-boost|p2a: Klawf|spa|1
|-boost|p2a: Klawf|spe|1
|-unboost|p2a: Klawf|def|1
|-unboost|p2a: Klawf|spd|1
|
|-heal|p1a: Jirachi|25/100|[from] item: Leftovers
|upkeep
|turn|12
|
|t:|1779886528
|move|p2a: Klawf|High Horsepower|p1a: Jirachi
|-supereffective|p1a: Jirachi
|-damage|p1a: Jirachi|0 fnt
|faint|p1a: Jirachi
|
|upkeep
|
|t:|1779886533
|switch|p1a: Grimmsnarl|Grimmsnarl, M|100/100
|turn|13
|
|t:|1779886539
|move|p2a: Klawf|Endure|p2a: Klawf
|-singleturn|p2a: Klawf|move: Endure
|move|p1a: Grimmsnarl|Sucker Punch||[still]
|-fail|p1a: Grimmsnarl
|
|-sideend|p1: Soyyo1223|Reflect
|upkeep
|turn|14
|
|t:|1779886545
|move|p2a: Klawf|Endure|p2a: Klawf
|-singleturn|p2a: Klawf|move: Endure
|move|p1a: Grimmsnarl|Sucker Punch||[still]
|-fail|p1a: Grimmsnarl
|
|upkeep
|turn|15
|
|t:|1779886549
|move|p2a: Klawf|Endure||[still]
|-fail|p2a: Klawf
|move|p1a: Grimmsnarl|Parting Shot|p2a: Klawf
|-unboost|p2a: Klawf|atk|1
|-unboost|p2a: Klawf|spa|1
|
|t:|1779886560
|switch|p1a: Garganacl|Garganacl, M|100/100|[from] Parting Shot
|
|upkeep
|turn|16
|
|t:|1779886566
|switch|p1a: Gyarados|Gyarados, M|100/100
|-ability|p1a: Gyarados|Intimidate|boost
|-unboost|p2a: Klawf|atk|1
|move|p2a: Klawf|High Horsepower|p1a: Gyarados
|-immune|p1a: Gyarados
|
|upkeep
|turn|17
|
|t:|1779886577
|-terastallize|p1a: Gyarados|Ground
|move|p2a: Klawf|High Horsepower|p1a: Gyarados
|-damage|p1a: Gyarados|51/100
|move|p1a: Gyarados|Dragon Dance|p1a: Gyarados
|-boost|p1a: Gyarados|atk|1
|-boost|p1a: Gyarados|spe|1
|
|upkeep
|turn|18
|
|t:|1779886591
|move|p2a: Klawf|Endure|p2a: Klawf
|-singleturn|p2a: Klawf|move: Endure
|move|p1a: Gyarados|Dragon Dance|p1a: Gyarados
|-boost|p1a: Gyarados|atk|1
|-boost|p1a: Gyarados|spe|1
|
|upkeep
|turn|19
|
|t:|1779886595
|move|p1a: Gyarados|Waterfall|p2a: Klawf
|-supereffective|p2a: Klawf
|-damage|p2a: Klawf|0 fnt
|faint|p2a: Klawf
|
|upkeep
|
|t:|1779886603
|switch|p2a: Hitmonlee|Hitmonlee, M|100/100
|turn|20
|
|t:|1779886609
|move|p2a: Hitmonlee|Endure|p2a: Hitmonlee
|-singleturn|p2a: Hitmonlee|move: Endure
|move|p1a: Gyarados|Earthquake|p2a: Hitmonlee
|-activate|p2a: Hitmonlee|move: Endure
|-damage|p2a: Hitmonlee|1/100
|-enditem|p2a: Hitmonlee|Liechi Berry|[eat]
|-boost|p2a: Hitmonlee|atk|1|[from] item: Liechi Berry
|
|upkeep
|turn|21
|
|t:|1779886616
|move|p2a: Hitmonlee|Reversal|p1a: Gyarados
|-damage|p1a: Gyarados|0 fnt
|faint|p1a: Gyarados
|
|upkeep
|
|t:|1779886626
|switch|p1a: Grimmsnarl|Grimmsnarl, M|100/100
|turn|22
|
|t:|1779886633
|move|p1a: Grimmsnarl|Parting Shot|p2a: Hitmonlee
|-unboost|p2a: Hitmonlee|atk|1
|-unboost|p2a: Hitmonlee|spa|1
|
|t:|1779886639
|switch|p1a: Garganacl|Garganacl, M|100/100|[from] Parting Shot
|move|p2a: Hitmonlee|Reversal|p1a: Garganacl
|-supereffective|p1a: Garganacl
|-damage|p1a: Garganacl|0 fnt
|faint|p1a: Garganacl
|
|upkeep
|
|t:|1779886647
|switch|p1a: Grimmsnarl|Grimmsnarl, M|100/100
|turn|23
|
|t:|1779886651
|move|p2a: Hitmonlee|Endure|p2a: Hitmonlee
|-singleturn|p2a: Hitmonlee|move: Endure
|move|p1a: Grimmsnarl|Sucker Punch||[still]
|-fail|p1a: Grimmsnarl
|
|upkeep
|turn|24
|
|t:|1779886662
|move|p2a: Hitmonlee|Endure||[still]
|-fail|p2a: Hitmonlee
|move|p1a: Grimmsnarl|Sucker Punch||[still]
|-fail|p1a: Grimmsnarl
|
|upkeep
|turn|25
|
|t:|1779886668
|move|p2a: Hitmonlee|Endure|p2a: Hitmonlee
|-singleturn|p2a: Hitmonlee|move: Endure
|move|p1a: Grimmsnarl|Parting Shot|p2a: Hitmonlee
|-unboost|p2a: Hitmonlee|atk|1
|-unboost|p2a: Hitmonlee|spa|1
|
|t:|1779886671
|switch|p1a: Iron Moth|Iron Moth|100/100|[from] Parting Shot
|
|upkeep
|turn|26
|
|t:|1779886675
|move|p2a: Hitmonlee|Earthquake|p1a: Iron Moth
|-supereffective|p1a: Iron Moth
|-damage|p1a: Iron Moth|0 fnt
|faint|p1a: Iron Moth
|-end|p1a: Iron Moth|Quark Drive|[silent]
|
|upkeep
|-message|Soyyo1223 forfeited.
|
|win|piplupipo
|raw|Soyyo1223's rating: 1268 &rarr; <strong>1237</strong><br />(-31 for losing)
|raw|piplupipo's rating: 1188 &rarr; <strong>1219</strong><br />(+31 for winning)
|l|☆Soyyo1223
|player|p1|
|l|☆piplupipo
|player|p2|
