|j|☆skater66
|j|☆Kis Vegallomas
|t:|1779819920
|gametype|singles
|player|p1|skater66|1|1242
|player|p2|Kis Vegallomas|101|1249
|gen|9
|tier|[Gen 9] OU
|rated|
|rule|HP Percentage Mod: HP is shown in percentages
|rule|Endless Battle Clause: Forcing endless battles is banned
|rule|Species Clause: Limit one of each Pokémon
|rule|OHKO Clause: OHKO moves are banned
|rule|Evasion Items Clause: Evasion items are banned
|rule|Evasion Moves Clause: Evasion moves are banned
|rule|Evasion Abilities Clause: Evasion abilities are banned
|rule|Sleep Moves Clause: Sleep-inducing moves are banned
|clearpoke
|poke|p1|Blaziken, F|
|poke|p1|Rotom-Wash|
|poke|p1|Heatran, F|
|poke|p1|Dragapult, M|
|poke|p1|Skeledirge, F|
|poke|p1|Ogerpon-Wellspring, F|
|poke|p2|Primeape, M|
|poke|p2|Skarmory, F|
|poke|p2|Weezing-Galar, M|
|poke|p2|Hatterene, F|
|poke|p2|Regidrago|
|poke|p2|Smeargle, M|
|teampreview
|
|t:|1779819929
|teamsize|p1|6
|teamsize|p2|6
|start
|switch|p1a: Rotom|Rotom-Wash|100/100
|switch|p2a: Smeargle|Smeargle, M|100/100
|turn|1
|inactive|Battle timer is ON: inactive players will automatically lose when time's up. (requested by skater66)
|
|t:|1779819937
|switch|p2a: Weezing|Weezing-Galar, M|100/100
|move|p1a: Rotom|Trick|p2a: Weezing
|-activate|p1a: Rotom|move: Trick|[of] p2a: Weezing
|-item|p2a: Weezing|Choice Scarf|[from] move: Trick
|-item|p1a: Rotom|Black Sludge|[from] move: Trick
|
|-damage|p1a: Rotom|88/100|[from] item: Black Sludge
|upkeep
|turn|2
|
|t:|1779819944
|move|p2a: Weezing|Toxic|p1a: Rotom
|-status|p1a: Rotom|tox
|move|p1a: Rotom|Volt Switch|p2a: Weezing
|-crit|p2a: Weezing
|-damage|p2a: Weezing|53/100
|
|t:|1779819951
|switch|p1a: Heatran|Heatran, F|100/100|[from] Volt Switch
|
|upkeep
|turn|3
|
|t:|1779819971
|switch|p2a: Smeargle|Smeargle, M|100/100
|move|p1a: Heatran|Magma Storm|p2a: Smeargle
|-damage|p2a: Smeargle|0 fnt
|faint|p2a: Smeargle
|
|upkeep
|inactive|Kis Vegallomas has 120 seconds left.
|
|t:|1779820006
|switch|p2a: Primeape|Primeape, M|100/100
|turn|4
|
|t:|1779820013
|-terastallize|p1a: Heatran|Flying
|move|p2a: Primeape|Drain Punch|p1a: Heatran
|-resisted|p1a: Heatran
|-damage|p1a: Heatran|89/100
|move|p1a: Heatran|Magma Storm|p2a: Primeape
|-damage|p2a: Primeape|75/100
|-activate|p2a: Primeape|move: Magma Storm|[of] p1a: Heatran
|
|-heal|p1a: Heatran|95/100|[from] item: Leftovers
|-damage|p2a: Primeape|63/100|[from] move: Magma Storm|[partiallytrapped]
|upkeep
|turn|5
|inactive|Kis Vegallomas has 120 seconds left.
|
|t:|1779820025
|move|p2a: Primeape|Bulk Up|p2a: Primeape
|-boost|p2a: Primeape|atk|1
|-boost|p2a: Primeape|def|1
|move|p1a: Heatran|Will-O-Wisp|p2a: Primeape
|-status|p2a: Primeape|brn
|
|-heal|p1a: Heatran|100/100|[from] item: Leftovers
|-damage|p2a: Primeape|57/100 brn|[from] brn
|-damage|p2a: Primeape|45/100 brn|[from] move: Magma Storm|[partiallytrapped]
|upkeep
|turn|6
|inactive|Kis Vegallomas has 120 seconds left.
|
|t:|1779820036
|move|p2a: Primeape|Rage Fist|p1a: Heatran
|-damage|p1a: Heatran|85/100
|move|p1a: Heatran|Earth Power|p2a: Primeape
|-damage|p2a: Primeape|28/100 brn
|
|-heal|p1a: Heatran|91/100|[from] item: Leftovers
|-damage|p2a: Primeape|22/100 brn|[from] brn
|-damage|p2a: Primeape|10/100 brn|[from] move: Magma Storm|[partiallytrapped]
|upkeep
|turn|7
|
|t:|1779820046
|move|p2a: Primeape|Rage Fist|p1a: Heatran
|-damage|p1a: Heatran|69/100
|move|p1a: Heatran|Earth Power|p2a: Primeape
|-damage|p2a: Primeape|0 fnt
|faint|p2a: Primeape
|
|-heal|p1a: Heatran|76/100|[from] item: Leftovers
|upkeep
|
|t:|1779820054
|switch|p2a: Regidrago|Regidrago|100/100
|turn|8
|
|t:|1779820060
|move|p2a: Regidrago|Dragon Energy|p1a: Heatran
|-damage|p1a: Heatran|0 fnt
|faint|p1a: Heatran
|
|upkeep
|
|t:|1779820077
|switch|p1a: Rotom|Rotom-Wash|88/100 tox
|turn|9
|
|t:|1779820089
|move|p2a: Regidrago|Dragon Energy|p1a: Rotom
|-damage|p1a: Rotom|0 fnt
|faint|p1a: Rotom
|
|upkeep
|
|t:|1779820095
|switch|p1a: Skeledirge|Skeledirge, F|100/100
|turn|10
|
|t:|1779820100
|move|p2a: Regidrago|Dragon Energy|p1a: Skeledirge
|-damage|p1a: Skeledirge|4/100
|move|p1a: Skeledirge|Will-O-Wisp|p2a: Regidrago
|-status|p2a: Regidrago|brn
|
|-damage|p2a: Regidrago|94/100 brn|[from] brn
|upkeep
|turn|11
|
|t:|1779820108
|move|p2a: Regidrago|Dragon Energy|p1a: Skeledirge
|-damage|p1a: Skeledirge|0 fnt
|faint|p1a: Skeledirge
|
|-damage|p2a: Regidrago|88/100 brn|[from] brn
|upkeep
|
|t:|1779820115
|switch|p1a: Ogerpon|Ogerpon-Wellspring, F|100/100
|turn|12
|
|t:|1779820128
|switch|p2a: Skarmory|Skarmory, F|100/100
|move|p1a: Ogerpon|Play Rough|p2a: Skarmory
|-resisted|p2a: Skarmory
|-damage|p2a: Skarmory|87/100
|-damage|p1a: Ogerpon|84/100|[from] item: Rocky Helmet|[of] p2a: Skarmory
|-ability|p2a: Skarmory|Weak Armor|boost
|-unboost|p2a: Skarmory|def|1
|-boost|p2a: Skarmory|spe|2
|
|upkeep
|turn|13
|
|t:|1779820139
|move|p2a: Skarmory|Brave Bird|p1a: Ogerpon
|-supereffective|p1a: Ogerpon
|-damage|p1a: Ogerpon|0 fnt
|faint|p1a: Ogerpon
|-damage|p2a: Skarmory|60/100|[from] Recoil
|
|upkeep
|
|t:|1779820145
|switch|p1a: Dragapult|Dragapult, M|100/100
|turn|14
|
|t:|1779820154
|move|p2a: Skarmory|Brave Bird|p1a: Dragapult
|-damage|p1a: Dragapult|31/100
|-damage|p2a: Skarmory|37/100|[from] Recoil
|move|p1a: Dragapult|Substitute|p1a: Dragapult
|-start|p1a: Dragapult|Substitute
|-damage|p1a: Dragapult|6/100
|
|-heal|p1a: Dragapult|12/100|[from] item: Leftovers
|upkeep
|turn|15
|
|t:|1779820162
|move|p1a: Dragapult|Protect|p1a: Dragapult
|-singleturn|p1a: Dragapult|Protect
|move|p2a: Skarmory|Brave Bird|p1a: Dragapult
|-activate|p1a: Dragapult|move: Protect
|
|-heal|p1a: Dragapult|18/100|[from] item: Leftovers
|upkeep
|turn|16
|
|t:|1779820170
|move|p2a: Skarmory|Brave Bird|p1a: Dragapult
|-end|p1a: Dragapult|Substitute
|-damage|p2a: Skarmory|28/100|[from] Recoil|[of] p1a: Dragapult
|move|p1a: Dragapult|Dragon Dance|p1a: Dragapult
|-boost|p1a: Dragapult|atk|1
|-boost|p1a: Dragapult|spe|1
|
|-heal|p1a: Dragapult|24/100|[from] item: Leftovers
|upkeep
|turn|17
|
|t:|1779820178
|move|p1a: Dragapult|Protect|p1a: Dragapult
|-singleturn|p1a: Dragapult|Protect
|move|p2a: Skarmory|Brave Bird|p1a: Dragapult
|-activate|p1a: Dragapult|move: Protect
|
|-heal|p1a: Dragapult|30/100|[from] item: Leftovers
|upkeep
|turn|18
|
|t:|1779820189
|move|p1a: Dragapult|Substitute|p1a: Dragapult
|-start|p1a: Dragapult|Substitute
|-damage|p1a: Dragapult|5/100
|move|p2a: Skarmory|Brave Bird|p1a: Dragapult
|-end|p1a: Dragapult|Substitute
|-damage|p2a: Skarmory|20/100|[from] Recoil|[of] p1a: Dragapult
|
|-heal|p1a: Dragapult|11/100|[from] item: Leftovers
|upkeep
|turn|19
|
|t:|1779820202
|move|p1a: Dragapult|Protect|p1a: Dragapult
|-singleturn|p1a: Dragapult|Protect
|move|p2a: Skarmory|Brave Bird|p1a: Dragapult
|-activate|p1a: Dragapult|move: Protect
|
|-heal|p1a: Dragapult|17/100|[from] item: Leftovers
|upkeep
|turn|20
|
|t:|1779820210
|move|p1a: Dragapult|Phantom Force||[still]
|-prepare|p1a: Dragapult|Phantom Force
|move|p2a: Skarmory|Brave Bird|p1a: Dragapult|[miss]
|-miss|p2a: Skarmory|p1a: Dragapult
|
|-heal|p1a: Dragapult|23/100|[from] item: Leftovers
|upkeep
|turn|21
|
|t:|1779820216
|move|p1a: Dragapult|Phantom Force|p2a: Skarmory|[from] lockedmove
|-damage|p2a: Skarmory|0 fnt
|-damage|p1a: Dragapult|6/100|[from] item: Rocky Helmet|[of] p2a: Skarmory
|faint|p2a: Skarmory
|
|-heal|p1a: Dragapult|12/100|[from] item: Leftovers
|upkeep
|
|t:|1779820221
|switch|p2a: Weezing|Weezing-Galar, M|53/100
|turn|22
|
|t:|1779820226
|move|p1a: Dragapult|Protect|p1a: Dragapult
|-singleturn|p1a: Dragapult|Protect
|move|p2a: Weezing|Clear Smog|p1a: Dragapult
|-activate|p1a: Dragapult|move: Protect
|
|-heal|p1a: Dragapult|18/100|[from] item: Leftovers
|upkeep
|turn|23
|
|t:|1779820237
|move|p1a: Dragapult|Phantom Force||[still]
|-prepare|p1a: Dragapult|Phantom Force
|move|p2a: Weezing|Clear Smog|p1a: Dragapult|[miss]
|-miss|p2a: Weezing|p1a: Dragapult
|
|-heal|p1a: Dragapult|24/100|[from] item: Leftovers
|upkeep
|turn|24
|
|t:|1779820243
|move|p1a: Dragapult|Phantom Force|p2a: Weezing|[from] lockedmove
|-damage|p2a: Weezing|0 fnt
|faint|p2a: Weezing
|
|-heal|p1a: Dragapult|30/100|[from] item: Leftovers
|upkeep
|
|t:|1779820250
|switch|p2a: Hatterene|Hatterene, F|100/100
|turn|25
|
|t:|1779820256
|move|p1a: Dragapult|Protect|p1a: Dragapult
|-singleturn|p1a: Dragapult|Protect
|move|p2a: Hatterene|Draining Kiss|p1a: Dragapult
|-activate|p1a: Dragapult|move: Protect
|
|-heal|p1a: Dragapult|36/100|[from] item: Leftovers
|upkeep
|turn|26
|
|t:|1779820262
|move|p1a: Dragapult|Phantom Force||[still]
|-prepare|p1a: Dragapult|Phantom Force
|move|p2a: Hatterene|Draining Kiss|p1a: Dragapult|[miss]
|-miss|p2a: Hatterene|p1a: Dragapult
|
|-heal|p1a: Dragapult|42/100|[from] item: Leftovers
|upkeep
|turn|27
|
|t:|1779820268
|-terastallize|p2a: Hatterene|Steel
|move|p1a: Dragapult|Phantom Force|p2a: Hatterene|[from] lockedmove
|-damage|p2a: Hatterene|47/100
|-damage|p1a: Dragapult|25/100|[from] item: Rocky Helmet|[of] p2a: Hatterene
|move|p2a: Hatterene|Draining Kiss|p1a: Dragapult
|-supereffective|p1a: Dragapult
|-crit|p1a: Dragapult
|-damage|p1a: Dragapult|0 fnt
|-heal|p2a: Hatterene|65/100|[from] drain|[of] p1a: Dragapult
|faint|p1a: Dragapult
|
|upkeep
|
|t:|1779820278
|switch|p1a: Blaziken|Blaziken, F, shiny|100/100
|turn|28
|
|t:|1779820283
|move|p1a: Blaziken|Protect|p1a: Blaziken
|-singleturn|p1a: Blaziken|Protect
|move|p2a: Hatterene|Psyshock|p1a: Blaziken
|-activate|p1a: Blaziken|move: Protect
|
|-ability|p1a: Blaziken|Speed Boost|boost
|-boost|p1a: Blaziken|spe|1
|upkeep
|turn|29
|
|t:|1779820289
|move|p1a: Blaziken|Flare Blitz|p2a: Hatterene
|-supereffective|p2a: Hatterene
|-crit|p2a: Hatterene
|-damage|p2a: Hatterene|0 fnt
|-damage|p1a: Blaziken|84/100|[from] item: Rocky Helmet|[of] p2a: Hatterene
|faint|p2a: Hatterene
|-damage|p1a: Blaziken|61/100|[from] Recoil
|
|-heal|p1a: Blaziken|67/100|[from] item: Leftovers
|-ability|p1a: Blaziken|Speed Boost|boost
|-boost|p1a: Blaziken|spe|1
|upkeep
|
|t:|1779820291
|switch|p2a: Regidrago|Regidrago|88/100 brn
|turn|30
|
|t:|1779820300
|move|p1a: Blaziken|Protect|p1a: Blaziken
|-singleturn|p1a: Blaziken|Protect
|move|p2a: Regidrago|Dragon Pulse|p1a: Blaziken
|-activate|p1a: Blaziken|move: Protect
|
|-heal|p1a: Blaziken|73/100|[from] item: Leftovers
|-damage|p2a: Regidrago|82/100 brn|[from] brn
|-ability|p1a: Blaziken|Speed Boost|boost
|-boost|p1a: Blaziken|spe|1
|upkeep
|turn|31
|
|t:|1779820311
|move|p1a: Blaziken|Close Combat|p2a: Regidrago
|-damage|p2a: Regidrago|7/100 brn
|-unboost|p1a: Blaziken|def|1
|-unboost|p1a: Blaziken|spd|1
|move|p2a: Regidrago|Dragon Pulse|p1a: Blaziken
|-damage|p1a: Blaziken|0 fnt
|faint|p1a: Blaziken
|
|win|Kis Vegallomas
|raw|skater66's rating: 1242 &rarr; <strong>1218</strong><br />(-24 for losing)
|raw|Kis Vegallomas's rating: 1249 &rarr; <strong>1273</strong><br />(+24 for winning)
|l|☆skater66
|player|p1|
