|j|☆BigmanTheOg
|j|☆SparkyBoomBoomBoiY
|t:|1779930452
|gametype|singles
|player|p1|BigmanTheOg|169|1020
|player|p2|SparkyBoomBoomBoiY|marlon|1027
|gen|9
|tier|[Gen 9] OU
|rated|
|rule|HP Percentage Mod: HP is shown in percentages
|rule|Endless Battle Clause: Forcing endless battles is banned
|rule|Species Clause: Limit one of each Pokémon
|rule|OHKO Clause: OHKO moves are banned
|rule|Evasion Items Clause: Evasion items are banned
|rule|Evasion Moves Clause: Evasion moves are banned
|rule|Evasion Abilities Clause: Evasion abilities are banned
|rule|Sleep Moves Clause: Sleep-inducing moves are banned
|clearpoke
|poke|p1|Voltorb-Hisui|
|poke|p1|Ceruledge, M|
|poke|p1|Iron Valiant|
|poke|p1|Walking Wake|
|poke|p1|Lucario, F|
|poke|p1|Ogerpon-Wellspring, F|
|poke|p2|Tornadus-Therian, M|
|poke|p2|Tsareena, F|
|poke|p2|Cramorant, F|
|poke|p2|Glimmora, M|
|poke|p2|Grafaiai, F|
|poke|p2|Dragapult, F|
|teampreview
|
|t:|1779930460
|teamsize|p1|6
|teamsize|p2|6
|start
|switch|p1a: Walking Wake|Walking Wake|100/100
|switch|p2a: Nuisance|Grafaiai, F|100/100
|turn|1
|
|t:|1779930470
|move|p2a: Nuisance|Toxic|p1a: Walking Wake
|-status|p1a: Walking Wake|tox
|move|p1a: Walking Wake|Flamethrower|p2a: Nuisance
|-damage|p2a: Nuisance|41/100
|
|-heal|p2a: Nuisance|47/100|[from] item: Black Sludge
|-damage|p1a: Walking Wake|94/100 tox|[from] psn
|upkeep
|turn|2
|
|t:|1779930479
|move|p2a: Nuisance|Protect|p2a: Nuisance
|-singleturn|p2a: Nuisance|Protect
|move|p1a: Walking Wake|Flamethrower|p2a: Nuisance
|-activate|p2a: Nuisance|move: Protect
|
|-heal|p2a: Nuisance|54/100|[from] item: Black Sludge
|-damage|p1a: Walking Wake|82/100 tox|[from] psn
|upkeep
|turn|3
|c|☆BigmanTheOg|valid name
|
|t:|1779930505
|switch|p2a: Referee|Glimmora, M|100/100
|move|p1a: Walking Wake|Flamethrower|p2a: Referee
|-resisted|p2a: Referee
|-damage|p2a: Referee|69/100
|-status|p2a: Referee|brn
|-enditem|p2a: Referee|Red Card|[of] p1a: Walking Wake
|-end|p1a: Walking Wake|Protosynthesis|[silent]
|drag|p1a: Lucario|Lucario, F, shiny|100/100
|-item|p1a: Lucario|Air Balloon
|
|-damage|p2a: Referee|63/100 brn|[from] brn
|upkeep
|turn|4
|
|t:|1779930521
|move|p2a: Referee|Stealth Rock|p1a: Lucario
|-sidestart|p1: BigmanTheOg|move: Stealth Rock
|move|p1a: Lucario|Meteor Mash|p2a: Referee|[miss]
|-miss|p1a: Lucario|p2a: Referee
|
|-damage|p2a: Referee|57/100 brn|[from] brn
|upkeep
|turn|5
|
|t:|1779930529
|move|p2a: Referee|Spiky Shield|p2a: Referee
|-singleturn|p2a: Referee|move: Protect
|move|p1a: Lucario|Swords Dance|p1a: Lucario
|-boost|p1a: Lucario|atk|2
|
|-damage|p2a: Referee|51/100 brn|[from] brn
|upkeep
|turn|6
|
|t:|1779930537
|move|p2a: Referee|Power Gem|p1a: Lucario
|-resisted|p1a: Lucario
|-damage|p1a: Lucario|86/100
|-enditem|p1a: Lucario|Air Balloon
|move|p1a: Lucario|Meteor Mash|p2a: Referee
|-supereffective|p2a: Referee
|-damage|p2a: Referee|0 fnt
|-activate|p2a: Referee|ability: Toxic Debris
|-sidestart|p1: BigmanTheOg|move: Toxic Spikes
|faint|p2a: Referee
|
|upkeep
|
|t:|1779930562
|switch|p2a: Uh-Get-Hurt-Pls|Dragapult, F, shiny|100/100
|turn|7
|
|t:|1779930567
|-terastallize|p2a: Uh-Get-Hurt-Pls|Psychic
|move|p2a: Uh-Get-Hurt-Pls|Psychic Fangs|p1a: Lucario
|-damage|p1a: Lucario|18/100
|move|p1a: Lucario|Meteor Mash|p2a: Uh-Get-Hurt-Pls
|-crit|p2a: Uh-Get-Hurt-Pls
|-damage|p2a: Uh-Get-Hurt-Pls|0 fnt
|faint|p2a: Uh-Get-Hurt-Pls
|
|upkeep
|c|☆SparkyBoomBoomBoiY|Uhh
|c|☆SparkyBoomBoomBoiY|W crit?
|
|t:|1779930607
|switch|p2a: In-the-back|Tornadus-Therian, M|100/100
|turn|8
|
|t:|1779930615
|move|p2a: In-the-back|Heat Wave|p1a: Lucario
|-supereffective|p1a: Lucario
|-damage|p1a: Lucario|0 fnt
|faint|p1a: Lucario
|-damage|p2a: In-the-back|90/100|[from] item: Life Orb
|
|upkeep
|
|t:|1779930621
|switch|p1a: Voltorb|Voltorb-Hisui, shiny|100/100
|turn|9
|
|t:|1779930633
|switch|p2a: Nuisance|Grafaiai, F|54/100
|move|p1a: Voltorb|Volt Switch|p2a: Nuisance
|-damage|p2a: Nuisance|27/100
|
|t:|1779930643
|switch|p1a: Ceruledge|Ceruledge, M, shiny|100/100|[from] Volt Switch
|-damage|p1a: Ceruledge|76/100|[from] Stealth Rock
|-status|p1a: Ceruledge|psn
|
|-heal|p2a: Nuisance|33/100|[from] item: Black Sludge
|-damage|p1a: Ceruledge|63/100 psn|[from] psn
|upkeep
|turn|10
|
|t:|1779930657
|move|p2a: Nuisance|Taunt|p1a: Ceruledge
|-start|p1a: Ceruledge|move: Taunt
|move|p1a: Ceruledge|Bitter Blade|p2a: Nuisance
|-damage|p2a: Nuisance|0 fnt
|-heal|p1a: Ceruledge|82/100 psn|[from] drain|[of] p2a: Nuisance
|faint|p2a: Nuisance
|
|-damage|p1a: Ceruledge|70/100 psn|[from] psn
|upkeep
|
|t:|1779930677
|switch|p2a: Guzzler|Cramorant, F, shiny|100/100
|turn|11
|
|t:|1779930681
|move|p2a: Guzzler|Stockpile|p2a: Guzzler
|-start|p2a: Guzzler|stockpile1
|-boost|p2a: Guzzler|def|1
|-boost|p2a: Guzzler|spd|1
|move|p1a: Ceruledge|Bitter Blade|p2a: Guzzler
|-resisted|p2a: Guzzler
|-damage|p2a: Guzzler|70/100
|-heal|p1a: Ceruledge|85/100 psn|[from] drain|[of] p2a: Guzzler
|
|-heal|p2a: Guzzler|76/100|[from] item: Leftovers
|-damage|p1a: Ceruledge|72/100 psn|[from] psn
|upkeep
|turn|12
|
|t:|1779930696
|move|p2a: Guzzler|Stockpile|p2a: Guzzler
|-start|p2a: Guzzler|stockpile2
|-boost|p2a: Guzzler|def|1
|-boost|p2a: Guzzler|spd|1
|move|p1a: Ceruledge|Bitter Blade|p2a: Guzzler
|-resisted|p2a: Guzzler
|-damage|p2a: Guzzler|51/100
|-heal|p1a: Ceruledge|84/100 psn|[from] drain|[of] p2a: Guzzler
|
|-heal|p2a: Guzzler|57/100|[from] item: Leftovers
|-damage|p1a: Ceruledge|72/100 psn|[from] psn
|-end|p1a: Ceruledge|move: Taunt
|upkeep
|turn|13
|
|t:|1779930710
|move|p2a: Guzzler|Stockpile|p2a: Guzzler
|-start|p2a: Guzzler|stockpile3
|-boost|p2a: Guzzler|def|1
|-boost|p2a: Guzzler|spd|1
|move|p1a: Ceruledge|Bitter Blade|p2a: Guzzler
|-resisted|p2a: Guzzler
|-damage|p2a: Guzzler|38/100
|-heal|p1a: Ceruledge|81/100 psn|[from] drain|[of] p2a: Guzzler
|
|-heal|p2a: Guzzler|44/100|[from] item: Leftovers
|-damage|p1a: Ceruledge|69/100 psn|[from] psn
|upkeep
|turn|14
|
|t:|1779930734
|move|p1a: Ceruledge|Bitter Blade|p2a: Guzzler
|-resisted|p2a: Guzzler
|-damage|p2a: Guzzler|25/100
|-heal|p1a: Ceruledge|78/100 psn|[from] drain|[of] p2a: Guzzler
|move|p2a: Guzzler|Roost|p2a: Guzzler
|-heal|p2a: Guzzler|75/100
|-singleturn|p2a: Guzzler|move: Roost
|
|-heal|p2a: Guzzler|81/100|[from] item: Leftovers
|-damage|p1a: Ceruledge|65/100 psn|[from] psn
|upkeep
|turn|15
|
|t:|1779930746
|move|p1a: Ceruledge|Bitter Blade|p2a: Guzzler
|-resisted|p2a: Guzzler
|-damage|p2a: Guzzler|61/100
|-heal|p1a: Ceruledge|75/100 psn|[from] drain|[of] p2a: Guzzler
|move|p2a: Guzzler|Surf|p1a: Ceruledge
|-formechange|p2a: Guzzler|Cramorant-Gulping|
|-supereffective|p1a: Ceruledge
|-damage|p1a: Ceruledge|17/100 psn
|
|-heal|p2a: Guzzler|67/100|[from] item: Leftovers
|-damage|p1a: Ceruledge|5/100 psn|[from] psn
|upkeep
|turn|16
|
|t:|1779930766
|move|p1a: Ceruledge|Bitter Blade|p2a: Guzzler
|-resisted|p2a: Guzzler
|-damage|p2a: Guzzler|49/100
|-heal|p1a: Ceruledge|14/100 psn|[from] drain|[of] p2a: Guzzler
|-damage|p1a: Ceruledge|0 fnt|[from] ability: Gulp Missile|[of] p2a: Guzzler
|-formechange|p2a: Guzzler|Cramorant|
|faint|p1a: Ceruledge
|move|p2a: Guzzler|Surf|p1: Ceruledge|[notarget]
|-fail|p2a: Guzzler
|
|-heal|p2a: Guzzler|55/100|[from] item: Leftovers
|upkeep
|
|t:|1779930779
|switch|p1a: Voltorb|Voltorb-Hisui, shiny|100/100
|turn|17
|
|t:|1779930786
|move|p1a: Voltorb|Thunderbolt|p2a: Guzzler
|-supereffective|p2a: Guzzler
|-damage|p2a: Guzzler|2/100
|move|p2a: Guzzler|Roost|p2a: Guzzler
|-heal|p2a: Guzzler|52/100
|-singleturn|p2a: Guzzler|move: Roost
|
|-heal|p2a: Guzzler|58/100|[from] item: Leftovers
|upkeep
|turn|18
|
|t:|1779930795
|move|p1a: Voltorb|Thunderbolt|p2a: Guzzler
|-supereffective|p2a: Guzzler
|-damage|p2a: Guzzler|3/100
|move|p2a: Guzzler|Roost|p2a: Guzzler
|-heal|p2a: Guzzler|53/100
|-singleturn|p2a: Guzzler|move: Roost
|
|-heal|p2a: Guzzler|59/100|[from] item: Leftovers
|upkeep
|turn|19
|
|t:|1779930806
|move|p1a: Voltorb|Thunderbolt|p2a: Guzzler
|-supereffective|p2a: Guzzler
|-damage|p2a: Guzzler|3/100
|move|p2a: Guzzler|Surf|p1a: Voltorb
|-formechange|p2a: Guzzler|Cramorant-Gorging|
|-resisted|p1a: Voltorb
|-damage|p1a: Voltorb|64/100
|
|-heal|p2a: Guzzler|9/100|[from] item: Leftovers
|upkeep
|turn|20
|
|t:|1779930817
|move|p1a: Voltorb|Thunderbolt|p2a: Guzzler
|-supereffective|p2a: Guzzler
|-damage|p2a: Guzzler|0 fnt
|-damage|p1a: Voltorb|39/100|[from] ability: Gulp Missile|[of] p2a: Guzzler
|-formechange|p2a: Guzzler|Cramorant|
|faint|p2a: Guzzler
|
|upkeep
|
|t:|1779930825
|switch|p2a: Yoruichi|Tsareena, F|100/100
|turn|21
|
|t:|1779930835
|move|p2a: Yoruichi|Triple Axel|p1a: Voltorb
|-supereffective|p1a: Voltorb
|-damage|p1a: Voltorb|6/100
|-supereffective|p1a: Voltorb
|-damage|p1a: Voltorb|0 fnt
|-damage|p2a: Yoruichi|76/100|[from] ability: Aftermath|[of] p1a: Voltorb
|faint|p1a: Voltorb
|-hitcount|p1: Voltorb|2
|
|upkeep
|
|t:|1779930847
|switch|p1a: Walking Wake|Walking Wake|82/100 tox
|-damage|p1a: Walking Wake|70/100 tox|[from] Stealth Rock
|turn|22
|
|t:|1779930852
|move|p2a: Yoruichi|Triple Axel|p1a: Walking Wake
|-damage|p1a: Walking Wake|62/100 tox
|-damage|p1a: Walking Wake|49/100 tox
|-crit|p1a: Walking Wake
|-damage|p1a: Walking Wake|16/100 tox
|-hitcount|p1a: Walking Wake|3
|move|p1a: Walking Wake|Flamethrower|p2a: Yoruichi
|-supereffective|p2a: Yoruichi
|-damage|p2a: Yoruichi|0 fnt
|faint|p2a: Yoruichi
|
|-damage|p1a: Walking Wake|10/100 tox|[from] psn
|upkeep
|
|t:|1779930865
|switch|p2a: In-the-back|Tornadus-Therian, M|100/100
|turn|23
|
|t:|1779930871
|move|p2a: In-the-back|Dark Pulse|p1a: Walking Wake
|-damage|p1a: Walking Wake|0 fnt
|faint|p1a: Walking Wake
|-end|p1a: Walking Wake|Protosynthesis|[silent]
|-damage|p2a: In-the-back|90/100|[from] item: Life Orb
|
|upkeep
|
|t:|1779930876
|switch|p1a: Ogerpon|Ogerpon-Wellspring, F|100/100
|-damage|p1a: Ogerpon|88/100|[from] Stealth Rock
|-status|p1a: Ogerpon|psn
|turn|24
|
|t:|1779930890
|move|p2a: In-the-back|Bleakwind Storm|p1a: Ogerpon
|-supereffective|p1a: Ogerpon
|-damage|p1a: Ogerpon|0 fnt
|faint|p1a: Ogerpon
|-damage|p2a: In-the-back|80/100|[from] item: Life Orb
|
|upkeep
|
|t:|1779930897
|switch|p1a: Iron Valiant|Iron Valiant, shiny|100/100
|-damage|p1a: Iron Valiant|94/100|[from] Stealth Rock
|-status|p1a: Iron Valiant|psn
|-enditem|p1a: Iron Valiant|Booster Energy
|-activate|p1a: Iron Valiant|ability: Quark Drive|[fromitem]
|-start|p1a: Iron Valiant|quarkdrivespa
|turn|25
|
|t:|1779930911
|move|p2a: In-the-back|Sludge Bomb|p1a: Iron Valiant
|-supereffective|p1a: Iron Valiant
|-damage|p1a: Iron Valiant|0 fnt
|faint|p1a: Iron Valiant
|-end|p1a: Iron Valiant|Quark Drive|[silent]
|-damage|p2a: In-the-back|70/100|[from] item: Life Orb
|
|win|SparkyBoomBoomBoiY
|raw|BigmanTheOg's rating: 1020 &rarr; <strong>1007</strong><br />(-13 for losing)
|raw|SparkyBoomBoomBoiY's rating: 1027 &rarr; <strong>1062</strong><br />(+35 for winning)
|c|☆SparkyBoomBoomBoiY|Gg
