|j|☆onionxking
|j|☆lousiv
|t:|1779883282
|gametype|singles
|player|p1|onionxking|pokemaniac|1293
|player|p2|lousiv|volkner|1346
|gen|9
|tier|[Gen 9] OU
|rated|
|rule|HP Percentage Mod: HP is shown in percentages
|rule|Endless Battle Clause: Forcing endless battles is banned
|rule|Species Clause: Limit one of each Pokémon
|rule|OHKO Clause: OHKO moves are banned
|rule|Evasion Items Clause: Evasion items are banned
|rule|Evasion Moves Clause: Evasion moves are banned
|rule|Evasion Abilities Clause: Evasion abilities are banned
|rule|Sleep Moves Clause: Sleep-inducing moves are banned
|clearpoke
|poke|p1|Darkrai|
|poke|p1|Iron Valiant|
|poke|p1|Gholdengo|
|poke|p1|Zamazenta-*|
|poke|p1|Weezing-Galar, F|
|poke|p1|Ogerpon-Wellspring, F|
|poke|p2|Enamorus-Therian, F|
|poke|p2|Ogerpon-Wellspring, F|
|poke|p2|Heatran, F|
|poke|p2|Gholdengo|
|poke|p2|Deoxys-Speed|
|poke|p2|Great Tusk|
|teampreview
|inactive|Battle timer is ON: inactive players will automatically lose when time's up. (requested by onionxking)
|
|t:|1779883303
|teamsize|p1|6
|teamsize|p2|6
|start
|switch|p1a: Zamazenta|Zamazenta|100/100
|switch|p2a: Ogerpon|Ogerpon-Wellspring, F|100/100
|-ability|p1a: Zamazenta|Dauntless Shield|boost
|-boost|p1a: Zamazenta|def|1
|turn|1
|
|t:|1779883314
|move|p1a: Zamazenta|Reflect|p1a: Zamazenta
|-sidestart|p1: onionxking|Reflect
|move|p2a: Ogerpon|Spikes|p1a: Zamazenta
|-sidestart|p1: onionxking|Spikes
|
|upkeep
|turn|2
|
|t:|1779883318
|move|p1a: Zamazenta|Light Screen|p1a: Zamazenta
|-sidestart|p1: onionxking|move: Light Screen
|move|p2a: Ogerpon|Spikes|p1a: Zamazenta
|-sidestart|p1: onionxking|Spikes
|
|upkeep
|turn|3
|
|t:|1779883321
|move|p1a: Zamazenta|Body Press|p2a: Ogerpon
|-damage|p2a: Ogerpon|39/100
|move|p2a: Ogerpon|Knock Off|p1a: Zamazenta
|-resisted|p1a: Zamazenta
|-damage|p1a: Zamazenta|96/100
|-enditem|p1a: Zamazenta|Light Clay|[from] move: Knock Off|[of] p2a: Ogerpon
|
|upkeep
|turn|4
|
|t:|1779883326
|switch|p2a: Enamorus|Enamorus-Therian, F|100/100
|move|p1a: Zamazenta|Body Press|p2a: Enamorus
|-resisted|p2a: Enamorus
|-damage|p2a: Enamorus|90/100
|
|-heal|p2a: Enamorus|96/100|[from] item: Leftovers
|upkeep
|turn|5
|
|t:|1779883330
|switch|p1a: Weezing|Weezing-Galar, F, shiny|100/100
|-ability|p1a: Weezing|Neutralizing Gas
|move|p2a: Enamorus|Calm Mind|p2a: Enamorus
|-boost|p2a: Enamorus|spa|1
|-boost|p2a: Enamorus|spd|1
|
|-heal|p2a: Enamorus|100/100|[from] item: Leftovers
|upkeep
|turn|6
|
|t:|1779883334
|move|p1a: Weezing|Sludge Bomb|p2a: Enamorus
|-supereffective|p2a: Enamorus
|-damage|p2a: Enamorus|48/100
|move|p2a: Enamorus|Earth Power|p1a: Weezing
|-supereffective|p1a: Weezing
|-damage|p1a: Weezing|28/100
|
|-heal|p2a: Enamorus|53/100|[from] item: Leftovers
|upkeep
|turn|7
|
|t:|1779883341
|switch|p2a: Heatran|Heatran, F|100/100
|move|p1a: Weezing|Sludge Bomb|p2a: Heatran
|-immune|p2a: Heatran
|
|upkeep
|turn|8
|
|t:|1779883348
|move|p2a: Heatran|Earth Power|p1a: Weezing
|-supereffective|p1a: Weezing
|-damage|p1a: Weezing|0 fnt
|faint|p1a: Weezing
|-end|p1a: Weezing|ability: Neutralizing Gas
|
|-sideend|p1: onionxking|Reflect
|upkeep
|
|t:|1779883353
|switch|p1a: Zamazenta|Zamazenta|96/100
|-damage|p1a: Zamazenta|79/100|[from] Spikes
|turn|9
|
|t:|1779883364
|move|p1a: Zamazenta|Body Press|p2a: Heatran
|-supereffective|p2a: Heatran
|-damage|p2a: Heatran|46/100
|move|p2a: Heatran|Taunt|p1a: Zamazenta
|-start|p1a: Zamazenta|move: Taunt
|
|-heal|p2a: Heatran|52/100|[from] item: Leftovers
|-sideend|p1: onionxking|move: Light Screen
|upkeep
|turn|10
|
|t:|1779883368
|switch|p2a: Enamorus|Enamorus-Therian, F|53/100
|move|p1a: Zamazenta|Body Press|p2a: Enamorus
|-resisted|p2a: Enamorus
|-damage|p2a: Enamorus|46/100
|
|-heal|p2a: Enamorus|52/100|[from] item: Leftovers
|upkeep
|turn|11
|
|t:|1779883373
|switch|p1a: Darkrai|Darkrai, shiny|100/100
|-damage|p1a: Darkrai|84/100|[from] Spikes
|move|p2a: Enamorus|Draining Kiss|p1a: Darkrai
|-supereffective|p1a: Darkrai
|-damage|p1a: Darkrai|28/100
|-heal|p2a: Enamorus|86/100|[from] drain|[of] p1a: Darkrai
|
|-heal|p2a: Enamorus|92/100|[from] item: Leftovers
|upkeep
|turn|12
|
|t:|1779883377
|switch|p2a: Heatran|Heatran, F|52/100
|-terastallize|p1a: Darkrai|Poison
|move|p1a: Darkrai|Sludge Bomb|p2a: Heatran
|-immune|p2a: Heatran
|
|-heal|p2a: Heatran|59/100|[from] item: Leftovers
|upkeep
|turn|13
|
|t:|1779883382
|move|p1a: Darkrai|Dark Pulse|p2a: Heatran
|-crit|p2a: Heatran
|-damage|p2a: Heatran|15/100
|move|p2a: Heatran|Magma Storm|p1a: Darkrai
|-damage|p1a: Darkrai|0 fnt
|faint|p1a: Darkrai
|
|-heal|p2a: Heatran|21/100|[from] item: Leftovers
|upkeep
|
|t:|1779883390
|switch|p1a: Iron Valiant|Iron Valiant|100/100
|-damage|p1a: Iron Valiant|84/100|[from] Spikes
|-enditem|p1a: Iron Valiant|Booster Energy
|-activate|p1a: Iron Valiant|ability: Quark Drive|[fromitem]
|-start|p1a: Iron Valiant|quarkdrivespe
|turn|14
|
|t:|1779883395
|move|p1a: Iron Valiant|Knock Off|p2a: Heatran
|-damage|p2a: Heatran|0 fnt
|-enditem|p2a: Heatran|Leftovers|[from] move: Knock Off|[of] p1a: Iron Valiant
|faint|p2a: Heatran
|
|upkeep
|
|t:|1779883399
|switch|p2a: Enamorus|Enamorus-Therian, F|92/100
|turn|15
|
|t:|1779883402
|move|p1a: Iron Valiant|Thunderbolt|p2a: Enamorus
|-supereffective|p2a: Enamorus
|-damage|p2a: Enamorus|34/100
|move|p2a: Enamorus|Draining Kiss|p1a: Iron Valiant
|-supereffective|p1a: Iron Valiant
|-damage|p1a: Iron Valiant|0 fnt
|-heal|p2a: Enamorus|86/100|[from] drain|[of] p1a: Iron Valiant
|faint|p1a: Iron Valiant
|-end|p1a: Iron Valiant|Quark Drive|[silent]
|
|-heal|p2a: Enamorus|92/100|[from] item: Leftovers
|upkeep
|
|t:|1779883409
|switch|p1a: Gholdengo|Gholdengo|100/100
|-damage|p1a: Gholdengo|84/100|[from] Spikes
|turn|16
|
|t:|1779883415
|switch|p2a: Ogerpon|Ogerpon-Wellspring, F|39/100
|move|p1a: Gholdengo|Shadow Ball|p2a: Ogerpon
|-damage|p2a: Ogerpon|0 fnt
|faint|p2a: Ogerpon
|
|upkeep
|
|t:|1779883419
|switch|p2a: Enamorus|Enamorus-Therian, F|92/100
|turn|17
|
|t:|1779883423
|move|p1a: Gholdengo|Make It Rain|p2a: Enamorus
|-supereffective|p2a: Enamorus
|-damage|p2a: Enamorus|0 fnt
|-unboost|p1a: Gholdengo|spa|1
|faint|p2a: Enamorus
|
|upkeep
|
|t:|1779883428
|switch|p2a: Great Tusk|Great Tusk|100/100
|turn|18
|
|t:|1779883432
|switch|p1a: Zamazenta|Zamazenta|79/100
|-damage|p1a: Zamazenta|63/100|[from] Spikes
|move|p2a: Great Tusk|Headlong Rush|p1a: Zamazenta
|-damage|p1a: Zamazenta|18/100
|-unboost|p2a: Great Tusk|def|1
|-unboost|p2a: Great Tusk|spd|1
|
|upkeep
|turn|19
|
|t:|1779883436
|move|p1a: Zamazenta|Reflect|p1a: Zamazenta
|-sidestart|p1: onionxking|Reflect
|move|p2a: Great Tusk|Rapid Spin|p1a: Zamazenta
|-damage|p1a: Zamazenta|11/100
|-boost|p2a: Great Tusk|spe|1
|
|upkeep
|turn|20
|
|t:|1779883439
|move|p2a: Great Tusk|Headlong Rush|p1a: Zamazenta
|-damage|p1a: Zamazenta|0 fnt
|-unboost|p2a: Great Tusk|def|1
|-unboost|p2a: Great Tusk|spd|1
|faint|p1a: Zamazenta
|
|upkeep
|
|t:|1779883441
|switch|p1a: Ogerpon|Ogerpon-Wellspring, F|100/100
|-damage|p1a: Ogerpon|84/100|[from] Spikes
|turn|21
|
|t:|1779883448
|-end|p2a: Great Tusk|Protosynthesis|[silent]
|switch|p2a: Gholdengo|Gholdengo|100/100
|-item|p2a: Gholdengo|Air Balloon
|move|p1a: Ogerpon|Ivy Cudgel|p2a: Gholdengo|[anim] Ivy Cudgel Water
|-crit|p2a: Gholdengo
|-damage|p2a: Gholdengo|38/100
|-enditem|p2a: Gholdengo|Air Balloon
|
|upkeep
|turn|22
|
|t:|1779883451
|move|p1a: Ogerpon|Ivy Cudgel|p2a: Gholdengo|[anim] Ivy Cudgel Water
|-damage|p2a: Gholdengo|0 fnt
|faint|p2a: Gholdengo
|
|upkeep
|
|t:|1779883452
|switch|p2a: Deoxys|Deoxys-Speed|100/100
|-ability|p2a: Deoxys|Pressure
|turn|23
|
|t:|1779883466
|move|p2a: Deoxys|Psycho Boost|p1a: Ogerpon
|-damage|p1a: Ogerpon|16/100
|-unboost|p2a: Deoxys|spa|2
|move|p1a: Ogerpon|Knock Off|p2a: Deoxys
|-supereffective|p2a: Deoxys
|-damage|p2a: Deoxys|0 fnt
|-enditem|p2a: Deoxys|Heavy-Duty Boots|[from] move: Knock Off|[of] p1a: Ogerpon
|faint|p2a: Deoxys
|
|-sideend|p1: onionxking|Reflect
|upkeep
|
|t:|1779883470
|switch|p2a: Great Tusk|Great Tusk|100/100
|turn|24
|
|t:|1779883478
|-terastallize|p2a: Great Tusk|Steel
|move|p1a: Ogerpon|Horn Leech|p2a: Great Tusk
|-resisted|p2a: Great Tusk
|-damage|p2a: Great Tusk|85/100
|-heal|p1a: Ogerpon|26/100|[from] drain|[of] p2a: Great Tusk
|move|p2a: Great Tusk|Rapid Spin|p1a: Ogerpon
|-damage|p1a: Ogerpon|2/100
|-boost|p2a: Great Tusk|spe|1
|
|upkeep
|turn|25
|
|t:|1779883485
|move|p2a: Great Tusk|Rapid Spin|p1a: Ogerpon
|-damage|p1a: Ogerpon|0 fnt
|-boost|p2a: Great Tusk|spe|1
|faint|p1a: Ogerpon
|
|upkeep
|
|t:|1779883486
|switch|p1a: Gholdengo|Gholdengo|84/100
|-damage|p1a: Gholdengo|67/100|[from] Spikes
|turn|26
|
|t:|1779883489
|move|p2a: Great Tusk|Headlong Rush|p1a: Gholdengo
|-supereffective|p1a: Gholdengo
|-damage|p1a: Gholdengo|0 fnt
|-unboost|p2a: Great Tusk|def|1
|-unboost|p2a: Great Tusk|spd|1
|faint|p1a: Gholdengo
|
|win|lousiv
|raw|onionxking's rating: 1293 &rarr; <strong>1272</strong><br />(-21 for losing)
|raw|lousiv's rating: 1346 &rarr; <strong>1363</strong><br />(+17 for winning)
|l|☆lousiv
|player|p2|
|l|☆onionxking
|player|p1|
