|j|☆gvgvjvfcgv
|j|☆claudechamp
|t:|1779823815
|gametype|singles
|player|p1|gvgvjvfcgv|101|1149
|player|p2|claudechamp|265|1166
|gen|9
|tier|[Gen 9] OU
|rated|
|rule|HP Percentage Mod: HP is shown in percentages
|rule|Endless Battle Clause: Forcing endless battles is banned
|rule|Species Clause: Limit one of each Pokémon
|rule|OHKO Clause: OHKO moves are banned
|rule|Evasion Items Clause: Evasion items are banned
|rule|Evasion Moves Clause: Evasion moves are banned
|rule|Evasion Abilities Clause: Evasion abilities are banned
|rule|Sleep Moves Clause: Sleep-inducing moves are banned
|clearpoke
|poke|p1|Dragonite, F|
|poke|p1|Clefable, F|
|poke|p1|Moltres|
|poke|p1|Haunter, F|
|poke|p1|Gengar, F|
|poke|p1|Golem, F|
|poke|p2|Corviknight, M|
|poke|p2|Ting-Lu|
|poke|p2|Kyurem|
|poke|p2|Dondozo, M|
|poke|p2|Slowking-Galar, M|
|poke|p2|Cinderace, M|
|teampreview
|c|☆claudechamp|hf
|
|t:|1779823824
|teamsize|p1|6
|teamsize|p2|6
|start
|switch|p1a: Lil bro|Haunter, F|100/100
|switch|p2a: Cinderace|Cinderace, M|100/100
|turn|1
|inactive|Battle timer is ON: inactive players will automatically lose when time's up. (requested by claudechamp)
|
|t:|1779823849
|switch|p1a: Moltres|Moltres|100/100
|move|p2a: Cinderace|Pyro Ball|p1a: Moltres
|-resisted|p1a: Moltres
|-damage|p1a: Moltres|83/100
|
|upkeep
|turn|2
|
|t:|1779823856
|switch|p2a: Kyurem|Kyurem|100/100
|-ability|p2a: Kyurem|Pressure
|move|p1a: Moltres|Flamethrower|p2a: Kyurem
|-damage|p2a: Kyurem|63/100
|
|-heal|p2a: Kyurem|69/100|[from] item: Leftovers
|upkeep
|turn|3
|inactive|gvgvjvfcgv has 120 seconds left.
|
|t:|1779823894
|switch|p1a: Clefable|Clefable, F|100/100
|move|p2a: Kyurem|Freeze-Dry|p1a: Clefable
|-damage|p1a: Clefable|76/100
|
|-heal|p2a: Kyurem|75/100|[from] item: Leftovers
|-heal|p1a: Clefable|82/100|[from] item: Leftovers
|upkeep
|turn|4
|inactive|gvgvjvfcgv has 120 seconds left.
|
|t:|1779823908
|switch|p2a: Cinderace|Cinderace, M|100/100
|move|p1a: Clefable|Moonblast|p2a: Cinderace
|-resisted|p2a: Cinderace
|-damage|p2a: Cinderace|81/100
|
|-heal|p1a: Clefable|88/100|[from] item: Leftovers
|upkeep
|turn|5
|inactive|gvgvjvfcgv has 120 seconds left.
|
|t:|1779823919
|switch|p1a: Moltres|Moltres|83/100
|move|p2a: Cinderace|Pyro Ball|p1a: Moltres
|-resisted|p1a: Moltres
|-damage|p1a: Moltres|67/100
|
|upkeep
|turn|6
|
|t:|1779823929
|switch|p2a: Dondozo|Dondozo, M|100/100
|move|p1a: Moltres|Flamethrower|p2a: Dondozo
|-resisted|p2a: Dondozo
|-damage|p2a: Dondozo|89/100
|
|-heal|p2a: Dondozo|95/100|[from] item: Leftovers
|upkeep
|turn|7
|
|t:|1779823937
|switch|p1a: Lil bro|Haunter, F|100/100
|move|p2a: Dondozo|Curse|p2a: Dondozo
|-unboost|p2a: Dondozo|spe|1
|-boost|p2a: Dondozo|atk|1
|-boost|p2a: Dondozo|def|1
|
|-heal|p2a: Dondozo|100/100|[from] item: Leftovers
|upkeep
|turn|8
|
|t:|1779823944
|move|p1a: Lil bro|Mean Look|p2a: Dondozo
|-activate|p2a: Dondozo|trapped
|move|p2a: Dondozo|Waterfall|p1a: Lil bro
|-enditem|p1a: Lil bro|Focus Sash
|-damage|p1a: Lil bro|1/100
|
|upkeep
|turn|9
|
|t:|1779823955
|move|p1a: Lil bro|Destiny Bond|p1a: Lil bro
|-singlemove|p1a: Lil bro|Destiny Bond
|move|p2a: Dondozo|Curse|p2a: Dondozo
|-unboost|p2a: Dondozo|spe|1
|-boost|p2a: Dondozo|atk|1
|-boost|p2a: Dondozo|def|1
|
|upkeep
|turn|10
|
|t:|1779823964
|move|p1a: Lil bro|Taunt|p2a: Dondozo
|-start|p2a: Dondozo|move: Taunt
|move|p2a: Dondozo|Waterfall|p1a: Lil bro
|-damage|p1a: Lil bro|0 fnt
|faint|p1a: Lil bro
|
|upkeep
|
|t:|1779823975
|switch|p1a: Big bro|Gengar, F|100/100
|turn|11
|
|t:|1779823984
|move|p1a: Big bro|Destiny Bond|p1a: Big bro
|-singlemove|p1a: Big bro|Destiny Bond
|move|p2a: Dondozo|Waterfall|p1a: Big bro
|-damage|p1a: Big bro|0 fnt
|-start|p2a: Dondozo|Disable|Waterfall|[from] ability: Cursed Body|[of] p1a: Big bro
|faint|p1a: Big bro
|-activate|p1a: Big bro|move: Destiny Bond
|faint|p2a: Dondozo
|
|upkeep
|
|t:|1779823993
|switch|p1a: Golem|Golem, F|100/100
|switch|p2a: Slowking|Slowking-Galar, M|100/100
|turn|12
|
|t:|1779824002
|-terastallize|p1a: Golem|Normal
|move|p1a: Golem|Explosion|p2a: Slowking
|-damage|p2a: Slowking|0 fnt
|faint|p1a: Golem
|faint|p2a: Slowking
|
|upkeep
|
|t:|1779824011
|switch|p1a: Dragonite|Dragonite, F|100/100
|switch|p2a: Ting-Lu|Ting-Lu|100/100
|-ability|p2a: Ting-Lu|Vessel of Ruin
|turn|13
|
|t:|1779824017
|switch|p2a: Kyurem|Kyurem|75/100
|-ability|p2a: Kyurem|Pressure
|move|p1a: Dragonite|Dragon Dance|p1a: Dragonite
|-boost|p1a: Dragonite|atk|1
|-boost|p1a: Dragonite|spe|1
|
|-heal|p2a: Kyurem|81/100|[from] item: Leftovers
|upkeep
|turn|14
|
|t:|1779824025
|switch|p1a: Clefable|Clefable, F|88/100
|move|p2a: Kyurem|Freeze-Dry|p1a: Clefable
|-damage|p1a: Clefable|65/100
|
|-heal|p2a: Kyurem|87/100|[from] item: Leftovers
|-heal|p1a: Clefable|72/100|[from] item: Leftovers
|upkeep
|turn|15
|
|t:|1779824034
|-terastallize|p2a: Kyurem|Ground
|move|p2a: Kyurem|Earth Power|p1a: Clefable
|-damage|p1a: Clefable|41/100
|move|p1a: Clefable|Thunder Wave|p2a: Kyurem
|-immune|p2a: Kyurem
|
|-heal|p2a: Kyurem|94/100|[from] item: Leftovers
|-heal|p1a: Clefable|47/100|[from] item: Leftovers
|upkeep
|turn|16
|
|t:|1779824043
|move|p2a: Kyurem|Freeze-Dry|p1a: Clefable
|-damage|p1a: Clefable|26/100
|move|p1a: Clefable|Moonlight|p1a: Clefable
|-heal|p1a: Clefable|76/100
|
|-heal|p2a: Kyurem|99/100|[from] item: Leftovers
|-heal|p1a: Clefable|82/100|[from] item: Leftovers
|upkeep
|turn|17
|
|t:|1779824051
|switch|p2a: Cinderace|Cinderace, M|81/100
|move|p1a: Clefable|Calm Mind|p1a: Clefable
|-boost|p1a: Clefable|spa|1
|-boost|p1a: Clefable|spd|1
|
|-heal|p1a: Clefable|88/100|[from] item: Leftovers
|upkeep
|turn|18
|
|t:|1779824058
|switch|p1a: Moltres|Moltres|67/100
|move|p2a: Cinderace|Pyro Ball|p1a: Moltres
|-resisted|p1a: Moltres
|-damage|p1a: Moltres|52/100
|
|upkeep
|turn|19
|
|t:|1779824066
|move|p2a: Cinderace|Pyro Ball|p1a: Moltres
|-resisted|p1a: Moltres
|-damage|p1a: Moltres|36/100
|move|p1a: Moltres|Roost|p1a: Moltres
|-heal|p1a: Moltres|86/100
|-singleturn|p1a: Moltres|move: Roost
|
|upkeep
|turn|20
|
|t:|1779824074
|move|p2a: Cinderace|U-turn|p1a: Moltres
|-resisted|p1a: Moltres
|-damage|p1a: Moltres|83/100
|
|t:|1779824081
|switch|p2a: Kyurem|Kyurem, tera:Ground|99/100|[from] U-turn
|-ability|p2a: Kyurem|Pressure
|move|p1a: Moltres|Flamethrower|p2a: Kyurem
|-damage|p2a: Kyurem|68/100
|-status|p2a: Kyurem|brn
|
|-heal|p2a: Kyurem|74/100 brn|[from] item: Leftovers
|-damage|p2a: Kyurem|68/100 brn|[from] brn
|upkeep
|turn|21
|
|t:|1779824097
|switch|p1a: Clefable|Clefable, F|88/100
|move|p2a: Kyurem|Freeze-Dry|p1a: Clefable
|-damage|p1a: Clefable|64/100
|
|-heal|p2a: Kyurem|74/100 brn|[from] item: Leftovers
|-heal|p1a: Clefable|70/100|[from] item: Leftovers
|-damage|p2a: Kyurem|68/100 brn|[from] brn
|upkeep
|turn|22
|
|t:|1779824105
|switch|p2a: Cinderace|Cinderace, M|81/100
|move|p1a: Clefable|Moonblast|p2a: Cinderace
|-resisted|p2a: Cinderace
|-damage|p2a: Cinderace|63/100
|
|-heal|p1a: Clefable|76/100|[from] item: Leftovers
|upkeep
|turn|23
|
|t:|1779824112
|move|p2a: Cinderace|Pyro Ball|p1a: Clefable
|-damage|p1a: Clefable|25/100
|move|p1a: Clefable|Thunder Wave|p2a: Cinderace
|-status|p2a: Cinderace|par
|
|-heal|p1a: Clefable|31/100|[from] item: Leftovers
|upkeep
|turn|24
|
|t:|1779824119
|switch|p1a: Moltres|Moltres|83/100
|move|p2a: Cinderace|Pyro Ball|p1a: Moltres
|-resisted|p1a: Moltres
|-damage|p1a: Moltres|66/100
|
|upkeep
|turn|25
|
|t:|1779824125
|switch|p2a: Ting-Lu|Ting-Lu|100/100
|-ability|p2a: Ting-Lu|Vessel of Ruin
|move|p1a: Moltres|Flamethrower|p2a: Ting-Lu
|-damage|p2a: Ting-Lu|85/100
|
|-heal|p2a: Ting-Lu|91/100|[from] item: Leftovers
|upkeep
|turn|26
|
|t:|1779824133
|switch|p1a: Clefable|Clefable, F|31/100
|move|p2a: Ting-Lu|Payback|p1a: Clefable
|-resisted|p1a: Clefable
|-damage|p1a: Clefable|21/100
|
|-heal|p1a: Clefable|27/100|[from] item: Leftovers
|-heal|p2a: Ting-Lu|98/100|[from] item: Leftovers
|upkeep
|turn|27
|
|t:|1779824144
|move|p1a: Clefable|Moonlight|p1a: Clefable
|-heal|p1a: Clefable|77/100
|move|p2a: Ting-Lu|Earthquake|p1a: Clefable
|-damage|p1a: Clefable|37/100
|
|-heal|p1a: Clefable|43/100|[from] item: Leftovers
|-heal|p2a: Ting-Lu|100/100|[from] item: Leftovers
|upkeep
|turn|28
|
|t:|1779824152
|switch|p1a: Dragonite|Dragonite, F|100/100
|move|p2a: Ting-Lu|Earthquake|p1a: Dragonite
|-immune|p1a: Dragonite
|
|upkeep
|turn|29
|
|t:|1779824160
|switch|p2a: Kyurem|Kyurem, tera:Ground|68/100 brn
|-ability|p2a: Kyurem|Pressure
|move|p1a: Dragonite|Dragon Dance|p1a: Dragonite
|-boost|p1a: Dragonite|atk|1
|-boost|p1a: Dragonite|spe|1
|
|-heal|p2a: Kyurem|74/100 brn|[from] item: Leftovers
|-damage|p2a: Kyurem|68/100 brn|[from] brn
|upkeep
|turn|30
|
|t:|1779824170
|move|p1a: Dragonite|Extreme Speed|p2a: Kyurem
|-damage|p2a: Kyurem|25/100 brn
|move|p2a: Kyurem|Freeze-Dry|p1a: Dragonite
|-supereffective|p1a: Dragonite
|-damage|p1a: Dragonite|26/100
|
|-heal|p2a: Kyurem|31/100 brn|[from] item: Leftovers
|-damage|p2a: Kyurem|25/100 brn|[from] brn
|upkeep
|turn|31
|
|t:|1779824181
|switch|p2a: Corviknight|Corviknight, M|100/100
|-ability|p2a: Corviknight|Pressure
|move|p1a: Dragonite|Extreme Speed|p2a: Corviknight
|-resisted|p2a: Corviknight
|-damage|p2a: Corviknight|86/100
|-damage|p1a: Dragonite|10/100|[from] item: Rocky Helmet|[of] p2a: Corviknight
|
|upkeep
|turn|32
|
|t:|1779824192
|move|p1a: Dragonite|Roost|p1a: Dragonite
|-heal|p1a: Dragonite|60/100
|-singleturn|p1a: Dragonite|move: Roost
|move|p2a: Corviknight|Brave Bird|p1a: Dragonite
|-damage|p1a: Dragonite|22/100
|-damage|p2a: Corviknight|76/100|[from] Recoil
|
|upkeep
|turn|33
|
|t:|1779824202
|move|p1a: Dragonite|Roost|p1a: Dragonite
|-heal|p1a: Dragonite|73/100
|-singleturn|p1a: Dragonite|move: Roost
|move|p2a: Corviknight|Brave Bird|p1a: Dragonite
|-damage|p1a: Dragonite|33/100
|-damage|p2a: Corviknight|65/100|[from] Recoil
|
|upkeep
|turn|34
|
|t:|1779824214
|move|p1a: Dragonite|Roost|p1a: Dragonite
|-heal|p1a: Dragonite|83/100
|-singleturn|p1a: Dragonite|move: Roost
|move|p2a: Corviknight|Brave Bird|p1a: Dragonite
|-damage|p1a: Dragonite|42/100
|-damage|p2a: Corviknight|54/100|[from] Recoil
|
|upkeep
|turn|35
|
|t:|1779824227
|move|p1a: Dragonite|Roost|p1a: Dragonite
|-heal|p1a: Dragonite|92/100
|-singleturn|p1a: Dragonite|move: Roost
|move|p2a: Corviknight|Roost|p2a: Corviknight
|-heal|p2a: Corviknight|100/100
|-singleturn|p2a: Corviknight|move: Roost
|
|upkeep
|turn|36
|
|t:|1779824237
|switch|p1a: Moltres|Moltres|66/100
|move|p2a: Corviknight|Brave Bird|p1a: Moltres
|-damage|p1a: Moltres|40/100
|-damage|p2a: Corviknight|92/100|[from] Recoil
|
|upkeep
|turn|37
|
|t:|1779824245
|switch|p2a: Ting-Lu|Ting-Lu|100/100
|-ability|p2a: Ting-Lu|Vessel of Ruin
|move|p1a: Moltres|Roost|p1a: Moltres
|-heal|p1a: Moltres|90/100
|-singleturn|p1a: Moltres|move: Roost
|
|upkeep
|turn|38
|
|t:|1779824255
|move|p1a: Moltres|Will-O-Wisp|p2a: Ting-Lu
|-status|p2a: Ting-Lu|brn
|move|p2a: Ting-Lu|Payback|p1a: Moltres
|-damage|p1a: Moltres|78/100
|
|-damage|p2a: Ting-Lu|94/100 brn|[from] brn
|upkeep
|turn|39
|
|t:|1779824263
|switch|p2a: Cinderace|Cinderace, M|63/100 par
|move|p1a: Moltres|Flamethrower|p2a: Cinderace
|-resisted|p2a: Cinderace
|-damage|p2a: Cinderace|39/100 par
|
|upkeep
|turn|40
|
|t:|1779824271
|move|p1a: Moltres|Flamethrower|p2a: Cinderace
|-resisted|p2a: Cinderace
|-damage|p2a: Cinderace|16/100 par
|move|p2a: Cinderace|U-turn|p1a: Moltres
|-resisted|p1a: Moltres
|-damage|p1a: Moltres|75/100
|
|t:|1779824278
|switch|p2a: Ting-Lu|Ting-Lu|94/100 brn|[from] U-turn
|-ability|p2a: Ting-Lu|Vessel of Ruin
|
|-heal|p2a: Ting-Lu|100/100 brn|[from] item: Leftovers
|-damage|p2a: Ting-Lu|94/100 brn|[from] brn
|upkeep
|turn|41
|
|t:|1779824286
|move|p1a: Moltres|Flamethrower|p2a: Ting-Lu
|-damage|p2a: Ting-Lu|78/100 brn
|move|p2a: Ting-Lu|Rest|p2a: Ting-Lu
|-status|p2a: Ting-Lu|slp|[from] move: Rest
|-heal|p2a: Ting-Lu|100/100 slp|[silent]
|
|upkeep
|turn|42
|
|t:|1779824295
|switch|p1a: Dragonite|Dragonite, F|92/100
|cant|p2a: Ting-Lu|slp
|move|p2a: Ting-Lu|Sleep Talk|p2a: Ting-Lu
|move|p2a: Ting-Lu|Rest||[from] move: Sleep Talk|[still]
|-fail|p2a: Ting-Lu
|
|upkeep
|turn|43
|
|t:|1779824308
|switch|p2a: Cinderace|Cinderace, M|16/100 par
|move|p1a: Dragonite|Earthquake|p2a: Cinderace
|-supereffective|p2a: Cinderace
|-crit|p2a: Cinderace
|-damage|p2a: Cinderace|0 fnt
|faint|p2a: Cinderace
|
|upkeep
|
|t:|1779824318
|switch|p2a: Corviknight|Corviknight, M|92/100
|-ability|p2a: Corviknight|Pressure
|turn|44
|
|t:|1779824335
|switch|p1a: Moltres|Moltres|75/100
|move|p2a: Corviknight|Brave Bird|p1a: Moltres
|-damage|p1a: Moltres|49/100
|-damage|p2a: Corviknight|84/100|[from] Recoil
|
|upkeep
|turn|45
|
|t:|1779824346
|move|p1a: Moltres|Flamethrower|p2a: Corviknight
|-supereffective|p2a: Corviknight
|-damage|p2a: Corviknight|14/100
|move|p2a: Corviknight|Roost|p2a: Corviknight
|-heal|p2a: Corviknight|64/100
|-singleturn|p2a: Corviknight|move: Roost
|
|upkeep
|turn|46
|
|t:|1779824355
|switch|p2a: Ting-Lu|Ting-Lu|100/100 slp
|-ability|p2a: Ting-Lu|Vessel of Ruin
|move|p1a: Moltres|Flamethrower|p2a: Ting-Lu
|-damage|p2a: Ting-Lu|85/100 slp
|
|-heal|p2a: Ting-Lu|92/100 slp|[from] item: Leftovers
|upkeep
|turn|47
|
|t:|1779824363
|move|p1a: Moltres|Roost|p1a: Moltres
|-heal|p1a: Moltres|99/100
|-singleturn|p1a: Moltres|move: Roost
|cant|p2a: Ting-Lu|slp
|move|p2a: Ting-Lu|Sleep Talk|p2a: Ting-Lu
|move|p2a: Ting-Lu|Earthquake|p1a: Moltres|[from] move: Sleep Talk
|-supereffective|p1a: Moltres
|-damage|p1a: Moltres|49/100
|
|-heal|p2a: Ting-Lu|98/100 slp|[from] item: Leftovers
|upkeep
|turn|48
|
|t:|1779824374
|move|p1a: Moltres|Roost|p1a: Moltres
|-heal|p1a: Moltres|99/100
|-singleturn|p1a: Moltres|move: Roost
|-curestatus|p2a: Ting-Lu|slp|[msg]
|move|p2a: Ting-Lu|Payback|p1a: Moltres
|-damage|p1a: Moltres|75/100
|-status|p2a: Ting-Lu|brn|[from] ability: Flame Body|[of] p1a: Moltres
|
|-heal|p2a: Ting-Lu|100/100 brn|[from] item: Leftovers
|-damage|p2a: Ting-Lu|94/100 brn|[from] brn
|upkeep
|turn|49
|
|t:|1779824386
|switch|p1a: Clefable|Clefable, F|43/100
|move|p2a: Ting-Lu|Rest|p2a: Ting-Lu
|-status|p2a: Ting-Lu|slp|[from] move: Rest
|-heal|p2a: Ting-Lu|100/100 slp|[silent]
|
|-heal|p1a: Clefable|49/100|[from] item: Leftovers
|upkeep
|turn|50
|
|t:|1779824397
|move|p1a: Clefable|Moonlight|p1a: Clefable
|-heal|p1a: Clefable|99/100
|cant|p2a: Ting-Lu|slp
|
|-heal|p1a: Clefable|100/100|[from] item: Leftovers
|upkeep
|turn|51
|
|t:|1779824408
|move|p1a: Clefable|Calm Mind|p1a: Clefable
|-boost|p1a: Clefable|spa|1
|-boost|p1a: Clefable|spd|1
|cant|p2a: Ting-Lu|slp
|
|upkeep
|turn|52
|
|t:|1779824415
|move|p1a: Clefable|Calm Mind|p1a: Clefable
|-boost|p1a: Clefable|spa|1
|-boost|p1a: Clefable|spd|1
|-curestatus|p2a: Ting-Lu|slp|[msg]
|move|p2a: Ting-Lu|Earthquake|p1a: Clefable
|-damage|p1a: Clefable|62/100
|
|-heal|p1a: Clefable|68/100|[from] item: Leftovers
|upkeep
|turn|53
|
|t:|1779824428
|switch|p2a: Corviknight|Corviknight, M|64/100
|-ability|p2a: Corviknight|Pressure
|move|p1a: Clefable|Moonblast|p2a: Corviknight
|-resisted|p2a: Corviknight
|-damage|p2a: Corviknight|35/100
|-unboost|p2a: Corviknight|spa|1
|
|-heal|p1a: Clefable|74/100|[from] item: Leftovers
|upkeep
|turn|54
|
|t:|1779824442
|move|p2a: Corviknight|Brave Bird|p1a: Clefable
|-damage|p1a: Clefable|31/100
|-damage|p2a: Corviknight|21/100|[from] Recoil
|move|p1a: Clefable|Moonblast|p2a: Corviknight
|-resisted|p2a: Corviknight
|-damage|p2a: Corviknight|0 fnt
|faint|p2a: Corviknight
|
|-heal|p1a: Clefable|37/100|[from] item: Leftovers
|upkeep
|
|t:|1779824456
|switch|p2a: Ting-Lu|Ting-Lu|100/100
|-ability|p2a: Ting-Lu|Vessel of Ruin
|turn|55
|
|t:|1779824463
|switch|p1a: Moltres|Moltres|75/100
|move|p2a: Ting-Lu|Earthquake|p1a: Moltres
|-immune|p1a: Moltres
|
|upkeep
|turn|56
|
|t:|1779824469
|move|p1a: Moltres|Will-O-Wisp|p2a: Ting-Lu
|-status|p2a: Ting-Lu|brn
|move|p2a: Ting-Lu|Payback|p1a: Moltres
|-damage|p1a: Moltres|61/100
|
|-damage|p2a: Ting-Lu|94/100 brn|[from] brn
|upkeep
|turn|57
|
|t:|1779824479
|switch|p1a: Dragonite|Dragonite, F|92/100
|move|p2a: Ting-Lu|Rest|p2a: Ting-Lu
|-status|p2a: Ting-Lu|slp|[from] move: Rest
|-heal|p2a: Ting-Lu|100/100 slp|[silent]
|
|upkeep
|turn|58
|
|t:|1779824496
|move|p1a: Dragonite|Dragon Dance|p1a: Dragonite
|-boost|p1a: Dragonite|atk|1
|-boost|p1a: Dragonite|spe|1
|cant|p2a: Ting-Lu|slp
|
|upkeep
|turn|59
|
|t:|1779824506
|move|p1a: Dragonite|Dragon Dance|p1a: Dragonite
|-boost|p1a: Dragonite|atk|1
|-boost|p1a: Dragonite|spe|1
|cant|p2a: Ting-Lu|slp
|
|upkeep
|turn|60
|
|t:|1779824519
|move|p1a: Dragonite|Earthquake|p2a: Ting-Lu
|-damage|p2a: Ting-Lu|55/100 slp
|-curestatus|p2a: Ting-Lu|slp|[msg]
|move|p2a: Ting-Lu|Payback|p1a: Dragonite
|-crit|p1a: Dragonite
|-damage|p1a: Dragonite|28/100
|
|-heal|p2a: Ting-Lu|62/100|[from] item: Leftovers
|upkeep
|turn|61
|inactive|gvgvjvfcgv has 120 seconds left.
|
|t:|1779824563
|switch|p2a: Kyurem|Kyurem, tera:Ground|25/100 brn
|-ability|p2a: Kyurem|Pressure
|move|p1a: Dragonite|Earthquake|p2a: Kyurem
|-damage|p2a: Kyurem|0 fnt
|faint|p2a: Kyurem
|
|upkeep
|
|t:|1779824571
|switch|p2a: Ting-Lu|Ting-Lu|62/100
|-ability|p2a: Ting-Lu|Vessel of Ruin
|turn|62
|
|t:|1779824585
|move|p1a: Dragonite|Earthquake|p2a: Ting-Lu
|-damage|p2a: Ting-Lu|19/100
|move|p2a: Ting-Lu|Payback|p1a: Dragonite
|-damage|p1a: Dragonite|0 fnt
|faint|p1a: Dragonite
|
|-heal|p2a: Ting-Lu|25/100|[from] item: Leftovers
|upkeep
|
|t:|1779824593
|switch|p1a: Clefable|Clefable, F|37/100
|turn|63
|
|t:|1779824607
|move|p1a: Clefable|Moonblast|p2a: Ting-Lu
|-supereffective|p2a: Ting-Lu
|-damage|p2a: Ting-Lu|0 fnt
|faint|p2a: Ting-Lu
|
|win|gvgvjvfcgv
|raw|gvgvjvfcgv's rating: 1149 &rarr; <strong>1174</strong><br />(+25 for winning)
|raw|claudechamp's rating: 1144 &rarr; <strong>1119</strong><br />(-25 for losing)
|c|☆claudechamp|gg
|l|☆gvgvjvfcgv
|player|p1|
