|j|☆bluids
|j|☆fongxgopi
|t:|1779866185
|gametype|singles
|player|p1|bluids|harlequin|1381
|player|p2|fongxgopi|266|1368
|gen|9
|tier|[Gen 9] OU
|rated|
|rule|HP Percentage Mod: HP is shown in percentages
|rule|Endless Battle Clause: Forcing endless battles is banned
|rule|Species Clause: Limit one of each Pokémon
|rule|OHKO Clause: OHKO moves are banned
|rule|Evasion Items Clause: Evasion items are banned
|rule|Evasion Moves Clause: Evasion moves are banned
|rule|Evasion Abilities Clause: Evasion abilities are banned
|rule|Sleep Moves Clause: Sleep-inducing moves are banned
|clearpoke
|poke|p1|Iron Moth|
|poke|p1|Slither Wing|
|poke|p1|Torkoal, M|
|poke|p1|Walking Wake|
|poke|p1|Great Tusk|
|poke|p1|Hatterene, F|
|poke|p2|Landorus-Therian, M|
|poke|p2|Regieleki|
|poke|p2|Gholdengo|
|poke|p2|Dragonite, F|
|poke|p2|Quaquaval, F|
|poke|p2|Hoopa-Unbound|
|teampreview
|j| coolkidsurferdude
|
|t:|1779866197
|teamsize|p1|6
|teamsize|p2|6
|start
|switch|p1a: Solaire|Torkoal, M|100/100
|switch|p2a: Regieleki|Regieleki|100/100
|-weather|SunnyDay|[from] ability: Drought|[of] p1a: Solaire
|turn|1
|
|t:|1779866206
|move|p2a: Regieleki|Light Screen|p2a: Regieleki
|-sidestart|p2: fongxgopi|move: Light Screen
|move|p1a: Solaire|Stealth Rock|p2a: Regieleki
|-sidestart|p2: fongxgopi|move: Stealth Rock
|
|-weather|SunnyDay|[upkeep]
|upkeep
|turn|2
|
|t:|1779866213
|switch|p1a: Tauros Demon|Great Tusk|100/100
|-activate|p1a: Tauros Demon|ability: Protosynthesis
|-start|p1a: Tauros Demon|protosynthesisatk
|move|p2a: Regieleki|Reflect|p2a: Regieleki
|-sidestart|p2: fongxgopi|Reflect
|
|-weather|SunnyDay|[upkeep]
|upkeep
|turn|3
|
|t:|1779866216
|move|p2a: Regieleki|Rapid Spin|p1a: Tauros Demon
|-damage|p1a: Tauros Demon|92/100
|-boost|p2a: Regieleki|spe|1
|-sideend|p2: fongxgopi|Stealth Rock|[from] move: Rapid Spin|[of] p2a: Regieleki
|move|p1a: Tauros Demon|Rapid Spin|p2a: Regieleki
|-damage|p2a: Regieleki|89/100
|-boost|p1a: Tauros Demon|spe|1
|
|-weather|SunnyDay|[upkeep]
|upkeep
|turn|4
|
|t:|1779866223
|switch|p2a: Landorus|Landorus-Therian, M|100/100
|-ability|p2a: Landorus|Intimidate|boost
|-unboost|p1a: Tauros Demon|atk|1
|move|p1a: Tauros Demon|Headlong Rush|p2a: Landorus
|-immune|p2a: Landorus
|
|-weather|SunnyDay|[upkeep]
|upkeep
|turn|5
|
|t:|1779866227
|move|p1a: Tauros Demon|Ice Spinner|p2a: Landorus
|-supereffective|p2a: Landorus
|-damage|p2a: Landorus|50/100
|-damage|p1a: Tauros Demon|75/100|[from] item: Rocky Helmet|[of] p2a: Landorus
|move|p2a: Landorus|Stealth Rock|p1a: Tauros Demon
|-sidestart|p1: bluids|move: Stealth Rock
|
|-weather|SunnyDay|[upkeep]
|upkeep
|turn|6
|
|t:|1779866236
|switch|p2a: Quaquaval|Quaquaval, F, shiny|100/100
|move|p1a: Tauros Demon|Ice Spinner|p2a: Quaquaval
|-resisted|p2a: Quaquaval
|-damage|p2a: Quaquaval|93/100
|
|-weather|SunnyDay|[upkeep]
|upkeep
|turn|7
|
|t:|1779866256
|move|p1a: Tauros Demon|Headlong Rush|p2a: Quaquaval
|-damage|p2a: Quaquaval|59/100
|-unboost|p1a: Tauros Demon|def|1
|-unboost|p1a: Tauros Demon|spd|1
|move|p2a: Quaquaval|Aqua Step|p1a: Tauros Demon
|-supereffective|p1a: Tauros Demon
|-damage|p1a: Tauros Demon|36/100
|-boost|p2a: Quaquaval|spe|1
|
|-weather|SunnyDay|[upkeep]
|upkeep
|turn|8
|
|t:|1779866273
|move|p1a: Tauros Demon|Headlong Rush|p2a: Quaquaval
|-damage|p2a: Quaquaval|21/100
|-unboost|p1a: Tauros Demon|def|1
|-unboost|p1a: Tauros Demon|spd|1
|move|p2a: Quaquaval|Triple Axel|p1a: Tauros Demon
|-supereffective|p1a: Tauros Demon
|-damage|p1a: Tauros Demon|18/100
|-supereffective|p1a: Tauros Demon
|-damage|p1a: Tauros Demon|0 fnt
|faint|p1a: Tauros Demon
|-end|p1a: Tauros Demon|Protosynthesis|[silent]
|-ability|p2a: Quaquaval|Moxie|boost
|-boost|p2a: Quaquaval|atk|1
|-hitcount|p1: Tauros Demon|2
|
|-weather|none
|-sideend|p2: fongxgopi|move: Light Screen
|upkeep
|
|t:|1779866285
|switch|p1a: Bed of Chaos|Slither Wing|100/100
|-damage|p1a: Bed of Chaos|88/100|[from] Stealth Rock
|turn|9
|
|t:|1779866291
|switch|p2a: Regieleki|Regieleki|89/100
|move|p1a: Bed of Chaos|First Impression|p2a: Regieleki
|-damage|p2a: Regieleki|45/100
|
|-sideend|p2: fongxgopi|Reflect
|upkeep
|turn|10
|
|t:|1779866299
|-end|p1a: Bed of Chaos|Protosynthesis|[silent]
|switch|p1a: Solaire|Torkoal, M|100/100
|-damage|p1a: Solaire|75/100|[from] Stealth Rock
|-weather|SunnyDay|[from] ability: Drought|[of] p1a: Solaire
|move|p2a: Regieleki|Reflect|p2a: Regieleki
|-sidestart|p2: fongxgopi|Reflect
|
|-weather|SunnyDay|[upkeep]
|upkeep
|turn|11
|
|t:|1779866305
|move|p2a: Regieleki|Light Screen|p2a: Regieleki
|-sidestart|p2: fongxgopi|move: Light Screen
|move|p1a: Solaire|Lava Plume|p2a: Regieleki
|-damage|p2a: Regieleki|17/100
|
|-weather|SunnyDay|[upkeep]
|upkeep
|turn|12
|
|t:|1779866307
|move|p2a: Regieleki|Volt Switch|p1a: Solaire
|-damage|p1a: Solaire|49/100
|
|t:|1779866310
|switch|p2a: Landorus|Landorus-Therian, M|50/100|[from] Volt Switch
|-ability|p2a: Landorus|Intimidate|boost
|-unboost|p1a: Solaire|atk|1
|move|p1a: Solaire|Rapid Spin|p2a: Landorus
|-damage|p2a: Landorus|46/100
|-boost|p1a: Solaire|spe|1
|-damage|p1a: Solaire|33/100|[from] item: Rocky Helmet|[of] p2a: Landorus
|-sideend|p1: bluids|Stealth Rock|[from] move: Rapid Spin|[of] p1a: Solaire
|
|-weather|SunnyDay|[upkeep]
|upkeep
|turn|13
|
|t:|1779866316
|switch|p1a: Priscilla|Hatterene, F|100/100
|move|p2a: Landorus|Earthquake|p1a: Priscilla
|-damage|p1a: Priscilla|58/100
|-enditem|p1a: Priscilla|Eject Button
|
|t:|1779866324
|switch|p1a: Seath|Walking Wake|100/100
|-activate|p1a: Seath|ability: Protosynthesis
|-start|p1a: Seath|protosynthesisspe
|
|-weather|SunnyDay|[upkeep]
|upkeep
|turn|14
|
|t:|1779866331
|move|p1a: Seath|Hydro Steam|p2a: Landorus
|-supereffective|p2a: Landorus
|-damage|p2a: Landorus|0 fnt
|faint|p2a: Landorus
|
|-weather|SunnyDay|[upkeep]
|upkeep
|
|t:|1779866357
|switch|p2a: Hoopa|Hoopa-Unbound|100/100
|turn|15
|
|t:|1779866369
|-end|p1a: Seath|Protosynthesis|[silent]
|switch|p1a: Priscilla|Hatterene, F|58/100
|move|p2a: Hoopa|Hyperspace Fury|p1a: Priscilla
|-damage|p1a: Priscilla|10/100
|-unboost|p2a: Hoopa|def|1
|
|-weather|SunnyDay|[upkeep]
|upkeep
|turn|16
|
|t:|1779866374
|move|p2a: Hoopa|Hyperspace Fury|p1a: Priscilla
|-damage|p1a: Priscilla|0 fnt
|-unboost|p2a: Hoopa|def|1
|faint|p1a: Priscilla
|
|-weather|SunnyDay|[upkeep]
|upkeep
|
|t:|1779866383
|switch|p1a: Bed of Chaos|Slither Wing|88/100
|-activate|p1a: Bed of Chaos|ability: Protosynthesis
|-start|p1a: Bed of Chaos|protosynthesisatk
|turn|17
|
|t:|1779866387
|switch|p2a: Gholdengo|Gholdengo|100/100
|move|p1a: Bed of Chaos|First Impression|p2a: Gholdengo
|-resisted|p2a: Gholdengo
|-damage|p2a: Gholdengo|86/100
|
|-weather|none
|-end|p1a: Bed of Chaos|Protosynthesis
|-sideend|p2: fongxgopi|Reflect
|upkeep
|turn|18
|
|t:|1779866394
|-end|p1a: Bed of Chaos|Protosynthesis|[silent]
|switch|p1a: Solaire|Torkoal, M|33/100
|-weather|SunnyDay|[from] ability: Drought|[of] p1a: Solaire
|move|p2a: Gholdengo|Memento|p1a: Solaire
|-unboost|p1a: Solaire|atk|2
|-unboost|p1a: Solaire|spa|2
|faint|p2a: Gholdengo
|
|-weather|SunnyDay|[upkeep]
|-sideend|p2: fongxgopi|move: Light Screen
|upkeep
|
|t:|1779866397
|switch|p2a: Regieleki|Regieleki|17/100
|turn|19
|inactive|Battle timer is ON: inactive players will automatically lose when time's up. (requested by bluids)
|
|t:|1779866401
|move|p2a: Regieleki|Light Screen|p2a: Regieleki
|-sidestart|p2: fongxgopi|move: Light Screen
|move|p1a: Solaire|Lava Plume|p2a: Regieleki
|-damage|p2a: Regieleki|2/100
|
|-weather|SunnyDay|[upkeep]
|upkeep
|turn|20
|
|t:|1779866403
|move|p2a: Regieleki|Reflect|p2a: Regieleki
|-sidestart|p2: fongxgopi|Reflect
|move|p1a: Solaire|Lava Plume|p2a: Regieleki
|-damage|p2a: Regieleki|0 fnt
|faint|p2a: Regieleki
|
|-weather|SunnyDay|[upkeep]
|upkeep
|
|t:|1779866412
|switch|p2a: Dragonite|Dragonite, F|100/100
|turn|21
|
|t:|1779866414
|move|p2a: Dragonite|Dragon Dance|p2a: Dragonite
|-boost|p2a: Dragonite|atk|1
|-boost|p2a: Dragonite|spe|1
|move|p1a: Solaire|Will-O-Wisp|p2a: Dragonite
|-status|p2a: Dragonite|brn
|-enditem|p2a: Dragonite|Lum Berry|[eat]
|-curestatus|p2a: Dragonite|brn|[msg]
|
|-weather|SunnyDay|[upkeep]
|upkeep
|turn|22
|
|t:|1779866419
|move|p2a: Dragonite|Earthquake|p1a: Solaire
|-supereffective|p1a: Solaire
|-damage|p1a: Solaire|0 fnt
|faint|p1a: Solaire
|
|-weather|SunnyDay|[upkeep]
|upkeep
|
|t:|1779866433
|switch|p1a: Seath|Walking Wake|100/100
|-activate|p1a: Seath|ability: Protosynthesis
|-start|p1a: Seath|protosynthesisspe
|turn|23
|
|t:|1779866438
|move|p1a: Seath|Dragon Pulse|p2a: Dragonite
|-supereffective|p2a: Dragonite
|-damage|p2a: Dragonite|65/100
|move|p2a: Dragonite|Outrage|p1a: Seath
|-supereffective|p1a: Seath
|-crit|p1a: Seath
|-damage|p1a: Seath|0 fnt
|faint|p1a: Seath
|-end|p1a: Seath|Protosynthesis|[silent]
|
|-weather|SunnyDay|[upkeep]
|upkeep
|-message|bluids forfeited.
|
|win|fongxgopi
|raw|bluids's rating: 1381 &rarr; <strong>1360</strong><br />(-21 for losing)
|raw|fongxgopi's rating: 1368 &rarr; <strong>1389</strong><br />(+21 for winning)
|l|☆bluids
|player|p1|
|l|☆fongxgopi
|player|p2|
|l| coolkidsurferdude
