|j|‽Jarman11
|j|☆Tantsuchiplouploup
|t:|1779821962
|gametype|singles
|player|p1|Jarman11|169|1144
|player|p2|Tantsuchiplouploup|hilbert-wonderlauncher|1118
|gen|9
|tier|[Gen 9] OU
|rated|
|rule|HP Percentage Mod: HP is shown in percentages
|rule|Endless Battle Clause: Forcing endless battles is banned
|rule|Species Clause: Limit one of each Pokémon
|rule|OHKO Clause: OHKO moves are banned
|rule|Evasion Items Clause: Evasion items are banned
|rule|Evasion Moves Clause: Evasion moves are banned
|rule|Evasion Abilities Clause: Evasion abilities are banned
|rule|Sleep Moves Clause: Sleep-inducing moves are banned
|clearpoke
|poke|p1|Hitmonlee, M|
|poke|p1|Blaziken, F|
|poke|p1|Talonflame, F|
|poke|p1|Cramorant, F|
|poke|p1|Glimmora, F|
|poke|p1|Muk-Alola, F|
|poke|p2|Gastrodon-East, M|
|poke|p2|Chandelure, M|
|poke|p2|Goodra, M|
|poke|p2|Tauros-Paldea-Aqua, M|
|poke|p2|Mabosstiff, M|
|poke|p2|Corviknight, M|
|teampreview
|
|t:|1779821982
|teamsize|p1|6
|teamsize|p2|6
|start
|switch|p1a: Glimmora|Glimmora, F|100/100
|switch|p2a: Tauros|Tauros-Paldea-Aqua, M|100/100
|turn|1
|
|t:|1779821991
|move|p1a: Glimmora|Stealth Rock|p2a: Tauros
|-sidestart|p2: Tantsuchiplouploup|move: Stealth Rock
|move|p2a: Tauros|Raging Bull|p1a: Glimmora
|-supereffective|p1a: Glimmora
|-enditem|p1a: Glimmora|Focus Sash
|-damage|p1a: Glimmora|1/100
|-activate|p1a: Glimmora|ability: Toxic Debris
|-sidestart|p2: Tantsuchiplouploup|move: Toxic Spikes
|
|upkeep
|turn|2
|
|t:|1779822007
|move|p1a: Glimmora|Earth Power|p2a: Tauros
|-damage|p2a: Tauros|63/100
|move|p2a: Tauros|Raging Bull|p1a: Glimmora
|-supereffective|p1a: Glimmora
|-damage|p1a: Glimmora|0 fnt
|-activate|p1a: Glimmora|ability: Toxic Debris
|-sidestart|p2: Tantsuchiplouploup|move: Toxic Spikes
|faint|p1a: Glimmora
|
|upkeep
|
|t:|1779822020
|switch|p1a: Muk|Muk-Alola, F|100/100
|turn|3
|
|t:|1779822040
|move|p2a: Tauros|Raging Bull|p1a: Muk
|-damage|p1a: Muk|56/100
|move|p1a: Muk|Poison Jab|p2a: Tauros
|-damage|p2a: Tauros|16/100
|
|upkeep
|turn|4
|
|t:|1779822048
|move|p2a: Tauros|Rest|p2a: Tauros
|-status|p2a: Tauros|slp|[from] move: Rest
|-heal|p2a: Tauros|100/100 slp|[silent]
|-enditem|p2a: Tauros|Chesto Berry|[eat]
|-curestatus|p2a: Tauros|slp|[msg]
|move|p1a: Muk|Poison Jab|p2a: Tauros
|-damage|p2a: Tauros|58/100
|-status|p2a: Tauros|psn|[from] ability: Poison Touch|[of] p1a: Muk
|
|-damage|p2a: Tauros|46/100 psn|[from] psn
|upkeep
|turn|5
|
|t:|1779822071
|switch|p1a: Cramorant|Cramorant, F|100/100
|move|p2a: Tauros|Close Combat|p1a: Cramorant
|-resisted|p1a: Cramorant
|-damage|p1a: Cramorant|44/100
|-unboost|p2a: Tauros|def|1
|-unboost|p2a: Tauros|spd|1
|
|-damage|p2a: Tauros|33/100 psn|[from] psn
|-activate|p2a: Tauros|ability: Cud Chew
|-enditem|p2a: Tauros|Chesto Berry|[eat]
|upkeep
|turn|6
|
|t:|1779822087
|move|p1a: Cramorant|Surf|p2a: Tauros
|-formechange|p1a: Cramorant|Cramorant-Gorging|
|-resisted|p2a: Tauros
|-damage|p2a: Tauros|0 fnt
|faint|p2a: Tauros
|
|upkeep
|
|t:|1779822105
|switch|p2a: Gastrodon|Gastrodon-East, M, shiny|100/100
|-damage|p2a: Gastrodon|94/100|[from] Stealth Rock
|-status|p2a: Gastrodon|tox
|turn|7
|inactive|Battle timer is ON: inactive players will automatically lose when time's up. (requested by Jarman11)
|
|t:|1779822114
|move|p1a: Cramorant|Endeavor|p2a: Gastrodon
|-damage|p2a: Gastrodon|34/100 tox
|move|p2a: Gastrodon|Ancient Power|p1a: Cramorant
|-supereffective|p1a: Cramorant
|-damage|p1a: Cramorant|3/100
|-boost|p2a: Gastrodon|atk|1
|-boost|p2a: Gastrodon|def|1
|-boost|p2a: Gastrodon|spa|1
|-boost|p2a: Gastrodon|spd|1
|-boost|p2a: Gastrodon|spe|1
|-damage|p2a: Gastrodon|9/100 tox|[from] ability: Gulp Missile|[of] p1a: Cramorant
|-formechange|p1a: Cramorant|Cramorant|
|
|-heal|p2a: Gastrodon|15/100 tox|[from] item: Leftovers
|-damage|p2a: Gastrodon|9/100 tox|[from] psn
|upkeep
|turn|8
|
|t:|1779822136
|move|p1a: Cramorant|Hurricane|p2a: Gastrodon
|-damage|p2a: Gastrodon|0 fnt
|faint|p2a: Gastrodon
|
|upkeep
|
|t:|1779822149
|switch|p2a: Goodra|Goodra, M|100/100
|-damage|p2a: Goodra|88/100|[from] Stealth Rock
|-status|p2a: Goodra|tox
|turn|9
|
|t:|1779822157
|move|p1a: Cramorant|Endeavor|p2a: Goodra
|-damage|p2a: Goodra|3/100 tox
|move|p2a: Goodra|Rock Slide|p1a: Cramorant
|-supereffective|p1a: Cramorant
|-damage|p1a: Cramorant|0 fnt
|faint|p1a: Cramorant
|
|-heal|p2a: Goodra|9/100 tox|[from] item: Leftovers
|-damage|p2a: Goodra|3/100 tox|[from] psn
|upkeep
|
|t:|1779822181
|switch|p1a: Hitmonlee|Hitmonlee, M|100/100
|turn|10
|
|t:|1779822193
|move|p1a: Hitmonlee|Knock Off|p2a: Goodra
|-damage|p2a: Goodra|0 fnt
|-enditem|p2a: Goodra|Leftovers|[from] move: Knock Off|[of] p1a: Hitmonlee
|faint|p2a: Goodra
|
|upkeep
|
|t:|1779822200
|switch|p2a: Chandelure|Chandelure, M|100/100
|-damage|p2a: Chandelure|76/100|[from] Stealth Rock
|-status|p2a: Chandelure|tox
|turn|11
|
|t:|1779822210
|move|p1a: Hitmonlee|Endure|p1a: Hitmonlee
|-singleturn|p1a: Hitmonlee|move: Endure
|move|p2a: Chandelure|Psychic|p1a: Hitmonlee
|-supereffective|p1a: Hitmonlee
|-activate|p1a: Hitmonlee|move: Endure
|-damage|p1a: Hitmonlee|1/100
|-enditem|p1a: Hitmonlee|Liechi Berry|[eat]
|-boost|p1a: Hitmonlee|atk|1|[from] item: Liechi Berry
|
|-damage|p2a: Chandelure|69/100 tox|[from] psn
|upkeep
|turn|12
|
|t:|1779822224
|move|p1a: Hitmonlee|Knock Off|p2a: Chandelure
|-supereffective|p2a: Chandelure
|-damage|p2a: Chandelure|0 fnt
|-enditem|p2a: Chandelure|Quick Claw|[from] move: Knock Off|[of] p1a: Hitmonlee
|faint|p2a: Chandelure
|
|upkeep
|
|t:|1779822231
|switch|p2a: Corviknight|Corviknight, M|100/100
|-damage|p2a: Corviknight|88/100|[from] Stealth Rock
|turn|13
|
|t:|1779822238
|-terastallize|p1a: Hitmonlee|Fighting
|move|p1a: Hitmonlee|Reversal|p2a: Corviknight
|-damage|p2a: Corviknight|0 fnt
|faint|p2a: Corviknight
|
|upkeep
|
|t:|1779822245
|switch|p2a: Mabosstiff|Mabosstiff, M|100/100
|-damage|p2a: Mabosstiff|88/100|[from] Stealth Rock
|-status|p2a: Mabosstiff|tox
|turn|14
|
|t:|1779822255
|-terastallize|p2a: Mabosstiff|Poison
|move|p1a: Hitmonlee|Reversal|p2a: Mabosstiff
|-resisted|p2a: Mabosstiff
|-damage|p2a: Mabosstiff|0 fnt
|faint|p2a: Mabosstiff
|
|win|Jarman11
|raw|Jarman11's rating: 1172 &rarr; <strong>1193</strong><br />(+21 for winning)
|raw|Tantsuchiplouploup's rating: 1118 &rarr; <strong>1097</strong><br />(-21 for losing)
|l|☆Tantsuchiplouploup
|player|p2|
|l|‽Jarman11
|player|p1|
