|j|☆youngfootsoldier
|j|☆Firea_9zhan
|t:|1779805679
|gametype|singles
|player|p1|youngfootsoldier|cyrus|1498
|player|p2|Firea_9zhan|170|1485
|gen|9
|tier|[Gen 9] OU
|rated|
|rule|HP Percentage Mod: HP is shown in percentages
|rule|Endless Battle Clause: Forcing endless battles is banned
|rule|Species Clause: Limit one of each Pokémon
|rule|OHKO Clause: OHKO moves are banned
|rule|Evasion Items Clause: Evasion items are banned
|rule|Evasion Moves Clause: Evasion moves are banned
|rule|Evasion Abilities Clause: Evasion abilities are banned
|rule|Sleep Moves Clause: Sleep-inducing moves are banned
|clearpoke
|poke|p1|Indeedee, M|
|poke|p1|Hatterene, F|
|poke|p1|Ursaluna, M|
|poke|p1|Iron Hands|
|poke|p1|Hoopa-Unbound|
|poke|p1|Pawmot, F|
|poke|p2|Clodsire, M|
|poke|p2|Landorus-Therian, M|
|poke|p2|Ogerpon-Wellspring, F|
|poke|p2|Iron Valiant|
|poke|p2|Heatran, M|
|poke|p2|Zamazenta-*|
|teampreview
|inactive|Battle timer is ON: inactive players will automatically lose when time's up. (requested by youngfootsoldier)
|
|t:|1779805690
|teamsize|p1|6
|teamsize|p2|6
|start
|switch|p1a: LEBROOOOOON|Iron Hands, shiny|100/100
|switch|p2a: Landorus|Landorus-Therian, M|100/100
|-ability|p2a: Landorus|Intimidate|boost
|-unboost|p1a: LEBROOOOOON|atk|1
|-enditem|p1a: LEBROOOOOON|Booster Energy
|-activate|p1a: LEBROOOOOON|ability: Quark Drive|[fromitem]
|-start|p1a: LEBROOOOOON|quarkdriveatk
|turn|1
|
|t:|1779805712
|move|p2a: Landorus|U-turn|p1a: LEBROOOOOON
|-resisted|p1a: LEBROOOOOON
|-damage|p1a: LEBROOOOOON|90/100
|
|t:|1779805715
|switch|p2a: Zamazenta|Zamazenta|100/100|[from] U-turn
|-ability|p2a: Zamazenta|Dauntless Shield|boost
|-boost|p2a: Zamazenta|def|1
|move|p1a: LEBROOOOOON|Ice Punch|p2a: Zamazenta
|-damage|p2a: Zamazenta|90/100
|
|-heal|p2a: Zamazenta|96/100|[from] item: Leftovers
|upkeep
|turn|2
|
|t:|1779805726
|-end|p1a: LEBROOOOOON|Quark Drive|[silent]
|switch|p1a: Look at curry man|Indeedee, M|100/100
|-fieldstart|move: Psychic Terrain|[from] ability: Psychic Surge|[of] p1a: Look at curry man
|move|p2a: Zamazenta|Substitute|p2a: Zamazenta
|-start|p2a: Zamazenta|Substitute
|-damage|p2a: Zamazenta|71/100
|
|-heal|p2a: Zamazenta|77/100|[from] item: Leftovers
|upkeep
|turn|3
|
|t:|1779805736
|move|p2a: Zamazenta|Crunch|p1a: Look at curry man
|-supereffective|p1a: Look at curry man
|-damage|p1a: Look at curry man|45/100
|move|p1a: Look at curry man|Trick Room|p1a: Look at curry man
|-fieldstart|move: Trick Room|[of] p1a: Look at curry man
|
|-heal|p2a: Zamazenta|83/100|[from] item: Leftovers
|upkeep
|turn|4
|
|t:|1779805744
|switch|p1a: Wetbananas|Hatterene, F|100/100
|move|p2a: Zamazenta|Crunch|p1a: Wetbananas
|-damage|p1a: Wetbananas|72/100
|
|-heal|p1a: Wetbananas|78/100|[from] item: Leftovers
|-heal|p2a: Zamazenta|90/100|[from] item: Leftovers
|upkeep
|turn|5
|
|t:|1779805756
|switch|p2a: Clodsire|Clodsire, M|100/100
|move|p1a: Wetbananas|Draining Kiss|p2a: Clodsire
|-resisted|p2a: Clodsire
|-damage|p2a: Clodsire|93/100
|-heal|p1a: Wetbananas|87/100|[from] drain|[of] p2a: Clodsire
|
|-heal|p1a: Wetbananas|93/100|[from] item: Leftovers
|-heal|p2a: Clodsire|99/100|[from] item: Leftovers
|upkeep
|turn|6
|
|t:|1779805766
|move|p1a: Wetbananas|Expanding Force|p2a: Clodsire
|-supereffective|p2a: Clodsire
|-damage|p2a: Clodsire|5/100
|move|p2a: Clodsire|Earthquake|p1a: Wetbananas
|-damage|p1a: Wetbananas|65/100
|
|-heal|p1a: Wetbananas|71/100|[from] item: Leftovers
|-heal|p2a: Clodsire|12/100|[from] item: Leftovers
|upkeep
|turn|7
|
|t:|1779805776
|switch|p2a: Heatran|Heatran, M|100/100
|-item|p2a: Heatran|Air Balloon
|move|p1a: Wetbananas|Expanding Force|p2a: Heatran
|-resisted|p2a: Heatran
|-damage|p2a: Heatran|62/100
|-enditem|p2a: Heatran|Air Balloon
|
|-heal|p1a: Wetbananas|77/100|[from] item: Leftovers
|-fieldend|move: Trick Room
|upkeep
|turn|8
|
|t:|1779805787
|switch|p1a: LEBROOOOOON|Iron Hands, shiny|90/100
|move|p2a: Heatran|Magma Storm|p1a: LEBROOOOOON
|-damage|p1a: LEBROOOOOON|47/100
|-activate|p1a: LEBROOOOOON|move: Magma Storm|[of] p2a: Heatran
|
|-damage|p1a: LEBROOOOOON|35/100|[from] move: Magma Storm|[partiallytrapped]
|upkeep
|turn|9
|
|t:|1779805801
|move|p2a: Heatran|Earth Power|p1a: LEBROOOOOON
|-supereffective|p1a: LEBROOOOOON
|-damage|p1a: LEBROOOOOON|0 fnt
|faint|p1a: LEBROOOOOON
|-end|p1a: LEBROOOOOON|Quark Drive|[silent]
|
|-fieldend|move: Psychic Terrain
|upkeep
|
|t:|1779805806
|switch|p1a: FTC|Pawmot, F|100/100
|turn|10
|
|t:|1779805810
|switch|p2a: Landorus|Landorus-Therian, M|100/100
|-ability|p2a: Landorus|Intimidate|boost
|-unboost|p1a: FTC|atk|1
|move|p1a: FTC|Ice Punch|p2a: Landorus
|-supereffective|p2a: Landorus
|-damage|p2a: Landorus|40/100
|
|upkeep
|turn|11
|
|t:|1779805824
|switch|p1a: Look at curry man|Indeedee, M|45/100
|-fieldstart|move: Psychic Terrain|[from] ability: Psychic Surge|[of] p1a: Look at curry man
|switch|p2a: Heatran|Heatran, M|62/100
|
|upkeep
|turn|12
|
|t:|1779805838
|move|p2a: Heatran|Magma Storm|p1a: Look at curry man
|-damage|p1a: Look at curry man|0 fnt
|faint|p1a: Look at curry man
|
|upkeep
|
|t:|1779805841
|switch|p1a: Dutt|Hoopa-Unbound|100/100
|-enditem|p1a: Dutt|Psychic Seed
|-boost|p1a: Dutt|spd|1|[from] item: Psychic Seed
|turn|13
|
|t:|1779805849
|switch|p2a: Clodsire|Clodsire, M|12/100
|move|p1a: Dutt|Trick Room|p1a: Dutt
|-fieldstart|move: Trick Room|[of] p1a: Dutt
|
|-heal|p2a: Clodsire|18/100|[from] item: Leftovers
|upkeep
|turn|14
|
|t:|1779805857
|move|p2a: Clodsire|Toxic|p1a: Dutt
|-status|p1a: Dutt|tox
|move|p1a: Dutt|Expanding Force|p2a: Clodsire
|-supereffective|p2a: Clodsire
|-damage|p2a: Clodsire|0 fnt
|faint|p2a: Clodsire
|-item|p1a: Dutt|Leftovers|[from] ability: Magician|[of] p2: Clodsire
|
|-damage|p1a: Dutt|94/100 tox|[from] psn
|upkeep
|
|t:|1779805869
|switch|p2a: Heatran|Heatran, M|62/100
|turn|15
|
|t:|1779805879
|move|p1a: Dutt|Focus Blast|p2a: Heatran|[miss]
|-miss|p1a: Dutt|p2a: Heatran
|move|p2a: Heatran|Magma Storm|p1a: Dutt
|-damage|p1a: Dutt|66/100 tox
|-activate|p1a: Dutt|move: Magma Storm|[of] p2a: Heatran
|
|-heal|p1a: Dutt|72/100 tox|[from] item: Leftovers
|-damage|p1a: Dutt|60/100 tox|[from] psn
|-damage|p1a: Dutt|48/100 tox|[from] move: Magma Storm|[partiallytrapped]
|upkeep
|turn|16
|
|t:|1779805892
|move|p1a: Dutt|Expanding Force|p2a: Heatran
|-resisted|p2a: Heatran
|-damage|p2a: Heatran|22/100
|move|p2a: Heatran|Earth Power|p1a: Dutt
|-damage|p1a: Dutt|31/100 tox
|-unboost|p1a: Dutt|spd|1
|
|-heal|p1a: Dutt|37/100 tox|[from] item: Leftovers
|-damage|p1a: Dutt|18/100 tox|[from] psn
|-damage|p1a: Dutt|6/100 tox|[from] move: Magma Storm|[partiallytrapped]
|upkeep
|turn|17
|
|t:|1779805904
|move|p1a: Dutt|Expanding Force|p2a: Heatran
|-resisted|p2a: Heatran
|-damage|p2a: Heatran|0 fnt
|faint|p2a: Heatran
|
|-heal|p1a: Dutt|12/100 tox|[from] item: Leftovers
|-damage|p1a: Dutt|0 fnt|[from] psn
|faint|p1a: Dutt
|-fieldend|move: Trick Room
|upkeep
|
|t:|1779805916
|switch|p2a: Landorus|Landorus-Therian, M|40/100
|switch|p1a: Wetbananas|Hatterene, F|77/100
|-ability|p2a: Landorus|Intimidate|boost
|-unboost|p1a: Wetbananas|atk|1
|turn|18
|
|t:|1779805926
|move|p2a: Landorus|Earthquake|p1a: Wetbananas
|-damage|p1a: Wetbananas|4/100
|move|p1a: Wetbananas|Trick Room|p1a: Wetbananas
|-fieldstart|move: Trick Room|[of] p1a: Wetbananas
|
|-heal|p1a: Wetbananas|10/100|[from] item: Leftovers
|-fieldend|move: Psychic Terrain
|upkeep
|turn|19
|
|t:|1779805940
|move|p1a: Wetbananas|Expanding Force|p2a: Landorus
|-damage|p2a: Landorus|7/100
|move|p2a: Landorus|U-turn|p1a: Wetbananas
|-damage|p1a: Wetbananas|0 fnt
|faint|p1a: Wetbananas
|
|t:|1779805948
|switch|p2a: Zamazenta|Zamazenta|90/100|[from] U-turn
|
|-heal|p2a: Zamazenta|96/100|[from] item: Leftovers
|upkeep
|
|t:|1779805951
|switch|p1a: FTC|Pawmot, F|100/100
|turn|20
|
|t:|1779805959
|switch|p2a: Landorus|Landorus-Therian, M|7/100
|-ability|p2a: Landorus|Intimidate|boost
|-unboost|p1a: FTC|atk|1
|move|p1a: FTC|Revival Blessing|p1a: FTC
|-enditem|p1a: FTC|Leppa Berry|[eat]
|-activate|p1a: FTC|item: Leppa Berry|Revival Blessing|[consumed]
|
|t:|1779805975
|-heal|p1: Wetbananas|50/100|[from] move: Revival Blessing
|
|upkeep
|turn|21
|
|t:|1779805982
|switch|p2a: Zamazenta|Zamazenta|96/100
|switch|p1a: jermaine oneal|Ursaluna, M|100/100
|
|-heal|p2a: Zamazenta|100/100|[from] item: Leftovers
|-status|p1a: jermaine oneal|brn|[from] item: Flame Orb
|upkeep
|turn|22
|
|t:|1779805993
|switch|p2a: Landorus|Landorus-Therian, M|7/100
|-ability|p2a: Landorus|Intimidate|boost
|-unboost|p1a: jermaine oneal|atk|1
|-terastallize|p1a: jermaine oneal|Normal
|move|p1a: jermaine oneal|Facade|p2a: Landorus
|-damage|p2a: Landorus|0 fnt
|faint|p2a: Landorus
|
|-damage|p1a: jermaine oneal|94/100 brn|[from] brn
|-fieldend|move: Trick Room
|upkeep
|
|t:|1779806009
|switch|p2a: Iron Valiant|Iron Valiant|100/100
|-enditem|p2a: Iron Valiant|Booster Energy
|-activate|p2a: Iron Valiant|ability: Quark Drive|[fromitem]
|-start|p2a: Iron Valiant|quarkdrivespe
|turn|23
|
|t:|1779806022
|switch|p1a: FTC|Pawmot, F|100/100
|move|p2a: Iron Valiant|Aura Sphere|p1a: FTC
|-damage|p1a: FTC|30/100
|
|upkeep
|turn|24
|
|t:|1779806034
|move|p2a: Iron Valiant|Dazzling Gleam|p1a: FTC
|-supereffective|p1a: FTC
|-damage|p1a: FTC|0 fnt
|faint|p1a: FTC
|
|upkeep
|
|t:|1779806036
|switch|p1a: Wetbananas|Hatterene, F|50/100
|turn|25
|
|t:|1779806042
|move|p2a: Iron Valiant|Shadow Ball|p1a: Wetbananas
|-supereffective|p1a: Wetbananas
|-damage|p1a: Wetbananas|0 fnt
|faint|p1a: Wetbananas
|
|upkeep
|-message|youngfootsoldier forfeited.
|
|win|Firea_9zhan
|raw|youngfootsoldier's rating: 1498 &rarr; <strong>1477</strong><br />(-21 for losing)
|raw|Firea_9zhan's rating: 1485 &rarr; <strong>1506</strong><br />(+21 for winning)
|l|☆youngfootsoldier
|player|p1|
|l|☆Firea_9zhan
|player|p2|
