|j|☆5darkelves
|j|☆Thatwiz
|t:|1779940910
|gametype|singles
|player|p1|5darkelves|hiker|1368
|player|p2|Thatwiz|brawly|1325
|gen|9
|tier|[Gen 9] OU
|rated|
|rule|HP Percentage Mod: HP is shown in percentages
|rule|Endless Battle Clause: Forcing endless battles is banned
|rule|Species Clause: Limit one of each Pokémon
|rule|OHKO Clause: OHKO moves are banned
|rule|Evasion Items Clause: Evasion items are banned
|rule|Evasion Moves Clause: Evasion moves are banned
|rule|Evasion Abilities Clause: Evasion abilities are banned
|rule|Sleep Moves Clause: Sleep-inducing moves are banned
|clearpoke
|poke|p1|Pawmot, M|
|poke|p1|Dondozo, M|
|poke|p1|Corviknight, M|
|poke|p1|Weavile, M|
|poke|p1|Iron Valiant|
|poke|p1|Glimmora, M|
|poke|p2|Ogerpon-Wellspring, F|
|poke|p2|Garganacl, F|
|poke|p2|Slowking-Galar, F|
|poke|p2|Cinderace, M|
|poke|p2|Meowscarada, F|
|poke|p2|Zapdos|
|teampreview
|inactive|Battle timer is ON: inactive players will automatically lose when time's up. (requested by 5darkelves)
|
|t:|1779940941
|teamsize|p1|6
|teamsize|p2|6
|start
|switch|p1a: Glimmora|Glimmora, M|100/100
|switch|p2a: Ogerpon|Ogerpon-Wellspring, F|100/100
|-item|p1a: Glimmora|Air Balloon
|turn|1
|
|t:|1779940949
|switch|p1a: Corviknight|Corviknight, M|100/100
|-ability|p1a: Corviknight|Pressure
|move|p2a: Ogerpon|Ivy Cudgel|p1a: Corviknight|[anim] Ivy Cudgel Water
|-damage|p1a: Corviknight|66/100
|
|upkeep
|turn|2
|
|t:|1779940971
|switch|p2a: Zapdos|Zapdos|100/100
|move|p1a: Corviknight|Roost|p1a: Corviknight
|-heal|p1a: Corviknight|100/100
|-singleturn|p1a: Corviknight|move: Roost
|
|upkeep
|turn|3
|
|t:|1779940974
|switch|p1a: Pawmot|Pawmot, M|100/100
|move|p2a: Zapdos|Discharge|p1a: Pawmot
|-immune|p1a: Pawmot|[from] ability: Volt Absorb
|
|upkeep
|turn|4
|
|t:|1779940982
|switch|p2a: Slowking|Slowking-Galar, F|100/100
|-terastallize|p1a: Pawmot|Electric
|move|p1a: Pawmot|Double Shock|p2a: Slowking
|-damage|p2a: Slowking|29/100
|-start|p1a: Pawmot|typechange|Electric|[from] move: Double Shock
|
|upkeep
|turn|5
|inactive|Thatwiz has 120 seconds left.
|
|t:|1779941017
|move|p1a: Pawmot|Double Shock|p2a: Slowking
|-damage|p2a: Slowking|0 fnt
|-start|p1a: Pawmot|typechange|Electric|[from] move: Double Shock
|faint|p2a: Slowking
|
|upkeep
|
|t:|1779941021
|switch|p2a: Cinderace|Cinderace, M|100/100
|turn|6
|
|t:|1779941030
|-terastallize|p2a: Cinderace|Fire
|move|p1a: Pawmot|Double Shock|p2a: Cinderace
|-damage|p2a: Cinderace|0 fnt
|-start|p1a: Pawmot|typechange|Electric|[from] move: Double Shock
|faint|p2a: Cinderace
|
|upkeep
|
|t:|1779941040
|switch|p2a: Meowscarada|Meowscarada, F|100/100
|turn|7
|
|t:|1779941052
|switch|p1a: Glimmora|Glimmora, M|100/100
|-item|p1a: Glimmora|Air Balloon
|move|p2a: Meowscarada|Flower Trick|p1a: Glimmora
|-start|p2a: Meowscarada|typechange|Grass|[from] ability: Protean
|-crit|p1a: Glimmora
|-damage|p1a: Glimmora|43/100
|-activate|p1a: Glimmora|ability: Toxic Debris
|-sidestart|p2: Thatwiz|move: Toxic Spikes
|-enditem|p1a: Glimmora|Air Balloon
|
|upkeep
|turn|8
|
|t:|1779941057
|move|p2a: Meowscarada|Flower Trick|p1a: Glimmora
|-crit|p1a: Glimmora
|-damage|p1a: Glimmora|0 fnt
|-activate|p1a: Glimmora|ability: Toxic Debris
|-sidestart|p2: Thatwiz|move: Toxic Spikes
|faint|p1a: Glimmora
|
|upkeep
|
|t:|1779941063
|switch|p1a: Weavile|Weavile, M|100/100
|turn|9
|
|t:|1779941071
|switch|p2a: Zapdos|Zapdos|100/100
|move|p1a: Weavile|Triple Axel|p2a: Zapdos
|-supereffective|p2a: Zapdos
|-damage|p2a: Zapdos|81/100
|-damage|p1a: Weavile|84/100|[from] item: Rocky Helmet|[of] p2a: Zapdos
|-supereffective|p2a: Zapdos
|-damage|p2a: Zapdos|49/100
|-damage|p1a: Weavile|68/100|[from] item: Rocky Helmet|[of] p2a: Zapdos
|-status|p1a: Weavile|par|[from] ability: Static|[of] p2a: Zapdos
|-supereffective|p2a: Zapdos
|-damage|p2a: Zapdos|0 fnt
|-damage|p1a: Weavile|51/100 par|[from] item: Rocky Helmet|[of] p2a: Zapdos
|faint|p2a: Zapdos
|-hitcount|p2: Zapdos|3
|
|upkeep
|
|t:|1779941081
|switch|p2a: Garganacl|Garganacl, F, shiny|100/100
|turn|10
|
|t:|1779941098
|cant|p1a: Weavile|par
|move|p2a: Garganacl|Salt Cure|p1a: Weavile
|-supereffective|p1a: Weavile
|-damage|p1a: Weavile|8/100 par
|-start|p1a: Weavile|Salt Cure
|
|-damage|p1a: Weavile|0 fnt|[from] Salt Cure
|faint|p1a: Weavile
|upkeep
|
|t:|1779941116
|switch|p1a: Iron Valiant|Iron Valiant|100/100
|-enditem|p1a: Iron Valiant|Booster Energy
|-activate|p1a: Iron Valiant|ability: Quark Drive|[fromitem]
|-start|p1a: Iron Valiant|quarkdrivespe
|turn|11
|
|t:|1779941140
|move|p1a: Iron Valiant|Calm Mind|p1a: Iron Valiant
|-boost|p1a: Iron Valiant|spa|1
|-boost|p1a: Iron Valiant|spd|1
|move|p2a: Garganacl|Salt Cure|p1a: Iron Valiant
|-resisted|p1a: Iron Valiant
|-damage|p1a: Iron Valiant|91/100
|-start|p1a: Iron Valiant|Salt Cure
|
|-damage|p1a: Iron Valiant|79/100|[from] Salt Cure
|upkeep
|turn|12
|inactive|Thatwiz has 120 seconds left.
|
|t:|1779941176
|move|p1a: Iron Valiant|Calm Mind|p1a: Iron Valiant
|-boost|p1a: Iron Valiant|spa|1
|-boost|p1a: Iron Valiant|spd|1
|move|p2a: Garganacl|Recover||[still]
|-fail|p2a: Garganacl|heal
|
|-damage|p1a: Iron Valiant|66/100|[from] Salt Cure
|upkeep
|turn|13
|
|t:|1779941181
|move|p1a: Iron Valiant|Encore|p2a: Garganacl
|-start|p2a: Garganacl|Encore
|move|p2a: Garganacl|Recover||[still]
|-fail|p2a: Garganacl|heal
|
|-damage|p1a: Iron Valiant|54/100|[from] Salt Cure
|upkeep
|turn|14
|
|t:|1779941186
|move|p1a: Iron Valiant|Moonblast|p2a: Garganacl
|-damage|p2a: Garganacl|37/100
|move|p2a: Garganacl|Recover|p2a: Garganacl
|-heal|p2a: Garganacl|87/100
|
|-heal|p2a: Garganacl|94/100|[from] item: Leftovers
|-damage|p1a: Iron Valiant|41/100|[from] Salt Cure
|upkeep
|turn|15
|
|t:|1779941194
|move|p1a: Iron Valiant|Calm Mind|p1a: Iron Valiant
|-boost|p1a: Iron Valiant|spa|1
|-boost|p1a: Iron Valiant|spd|1
|move|p2a: Garganacl|Recover|p2a: Garganacl
|-heal|p2a: Garganacl|100/100
|
|-damage|p1a: Iron Valiant|29/100|[from] Salt Cure
|-end|p2a: Garganacl|Encore
|upkeep
|turn|16
|
|t:|1779941200
|move|p1a: Iron Valiant|Moonblast|p2a: Garganacl
|-crit|p2a: Garganacl
|-damage|p2a: Garganacl|0 fnt
|faint|p2a: Garganacl
|
|-damage|p1a: Iron Valiant|16/100|[from] Salt Cure
|upkeep
|
|t:|1779941203
|switch|p2a: Meowscarada|Meowscarada, F|100/100
|-status|p2a: Meowscarada|tox
|turn|17
|
|t:|1779941210
|move|p2a: Meowscarada|Knock Off|p1a: Iron Valiant
|-start|p2a: Meowscarada|typechange|Dark|[from] ability: Protean
|-resisted|p1a: Iron Valiant
|-damage|p1a: Iron Valiant|7/100
|move|p1a: Iron Valiant|Moonblast|p2a: Meowscarada
|-supereffective|p2a: Meowscarada
|-damage|p2a: Meowscarada|0 fnt
|faint|p2a: Meowscarada
|
|-damage|p1a: Iron Valiant|0 fnt|[from] Salt Cure
|faint|p1a: Iron Valiant
|-end|p1a: Iron Valiant|Quark Drive|[silent]
|upkeep
|
|t:|1779941221
|switch|p2a: Ogerpon|Ogerpon-Wellspring, F|100/100
|switch|p1a: Pawmot|Pawmot, M, tera:Electric|100/100
|-status|p2a: Ogerpon|tox
|turn|18
|
|t:|1779941226
|move|p1a: Pawmot|Double Shock|p2a: Ogerpon
|-damage|p2a: Ogerpon|0 fnt
|-start|p1a: Pawmot|typechange|Electric|[from] move: Double Shock
|faint|p2a: Ogerpon
|
|win|5darkelves
|raw|5darkelves's rating: 1368 &rarr; <strong>1386</strong><br />(+18 for winning)
|raw|Thatwiz's rating: 1325 &rarr; <strong>1307</strong><br />(-18 for losing)
|l|☆Thatwiz
|player|p2|
|c|☆5darkelves|Gg
|l|☆5darkelves
|player|p1|
