|j|☆Maxxxxilla
|j|☆davespekkie
|t:|1779888167
|gametype|singles
|player|p1|Maxxxxilla|alder|1288
|player|p2|davespekkie|102|1241
|gen|9
|tier|[Gen 9] OU
|rated|
|rule|HP Percentage Mod: HP is shown in percentages
|rule|Endless Battle Clause: Forcing endless battles is banned
|rule|Species Clause: Limit one of each Pokémon
|rule|OHKO Clause: OHKO moves are banned
|rule|Evasion Items Clause: Evasion items are banned
|rule|Evasion Moves Clause: Evasion moves are banned
|rule|Evasion Abilities Clause: Evasion abilities are banned
|rule|Sleep Moves Clause: Sleep-inducing moves are banned
|clearpoke
|poke|p1|Pelipper, F|
|poke|p1|Barraskewda, F|
|poke|p1|Raging Bolt|
|poke|p1|Dragonite, F|
|poke|p1|Kingdra, F|
|poke|p1|Iron Treads|
|poke|p2|Rotom-Wash|
|poke|p2|Iron Valiant|
|poke|p2|Landorus-Therian, M|
|poke|p2|Copperajah, M|
|poke|p2|Polteageist|
|poke|p2|Mandibuzz, F|
|teampreview
|
|t:|1779888176
|teamsize|p1|6
|teamsize|p2|6
|start
|switch|p1a: Pelipper|Pelipper, F|100/100
|switch|p2a: Polteageist|Polteageist|100/100
|-weather|RainDance|[from] ability: Drizzle|[of] p1a: Pelipper
|turn|1
|inactive|Battle timer is ON: inactive players will automatically lose when time's up. (requested by davespekkie)
|
|t:|1779888186
|move|p2a: Polteageist|Shell Smash|p2a: Polteageist
|-unboost|p2a: Polteageist|def|1
|-unboost|p2a: Polteageist|spd|1
|-boost|p2a: Polteageist|atk|2
|-boost|p2a: Polteageist|spa|2
|-boost|p2a: Polteageist|spe|2
|-enditem|p2a: Polteageist|White Herb
|-clearnegativeboost|p2a: Polteageist|[silent]
|move|p1a: Pelipper|Surf|p2a: Polteageist
|-damage|p2a: Polteageist|24/100
|
|-weather|RainDance|[upkeep]
|upkeep
|turn|2
|
|t:|1779888199
|move|p2a: Polteageist|Stored Power|p1a: Pelipper
|-damage|p1a: Pelipper|0 fnt
|faint|p1a: Pelipper
|
|-weather|RainDance|[upkeep]
|upkeep
|
|t:|1779888202
|switch|p1a: Raging Bolt|Raging Bolt|100/100
|-enditem|p1a: Raging Bolt|Booster Energy
|-activate|p1a: Raging Bolt|ability: Protosynthesis|[fromitem]
|-start|p1a: Raging Bolt|protosynthesisspa
|turn|3
|inactive|davespekkie has 120 seconds left.
|
|t:|1779888241
|switch|p2a: Iron Valiant|Iron Valiant, shiny|100/100
|-enditem|p2a: Iron Valiant|Booster Energy
|-activate|p2a: Iron Valiant|ability: Quark Drive|[fromitem]
|-start|p2a: Iron Valiant|quarkdrivespe
|move|p1a: Raging Bolt|Thunderclap||[still]
|-fail|p1a: Raging Bolt
|
|-weather|RainDance|[upkeep]
|upkeep
|turn|4
|inactive|davespekkie has 120 seconds left.
|
|t:|1779888261
|-terastallize|p1a: Raging Bolt|Water
|move|p2a: Iron Valiant|Calm Mind|p2a: Iron Valiant
|-boost|p2a: Iron Valiant|spa|1
|-boost|p2a: Iron Valiant|spd|1
|move|p1a: Raging Bolt|Weather Ball|p2a: Iron Valiant
|-damage|p2a: Iron Valiant|0 fnt
|faint|p2a: Iron Valiant
|-end|p2a: Iron Valiant|Quark Drive|[silent]
|
|-weather|RainDance|[upkeep]
|upkeep
|c|☆davespekkie|wow ok
|
|t:|1779888282
|switch|p2a: Rotom|Rotom-Wash|100/100
|turn|5
|
|t:|1779888286
|move|p2a: Rotom|Volt Switch|p1a: Raging Bolt
|-supereffective|p1a: Raging Bolt
|-damage|p1a: Raging Bolt|55/100
|
|t:|1779888293
|switch|p2a: Copperajah|Copperajah, M|100/100|[from] Volt Switch
|move|p1a: Raging Bolt|Thunder|p2a: Copperajah
|-damage|p2a: Copperajah|46/100
|-status|p2a: Copperajah|par
|
|-weather|RainDance|[upkeep]
|upkeep
|turn|6
|
|t:|1779888307
|move|p1a: Raging Bolt|Weather Ball|p2a: Copperajah
|-damage|p2a: Copperajah|0 fnt
|faint|p2a: Copperajah
|
|-weather|RainDance|[upkeep]
|upkeep
|
|t:|1779888314
|switch|p2a: Rotom|Rotom-Wash|100/100
|turn|7
|
|t:|1779888319
|move|p1a: Raging Bolt|Thunderclap|p2a: Rotom
|-damage|p2a: Rotom|44/100
|move|p2a: Rotom|Volt Switch|p1a: Raging Bolt
|-supereffective|p1a: Raging Bolt
|-damage|p1a: Raging Bolt|10/100
|inactive|davespekkie has 120 seconds left.
|
|t:|1779888328
|switch|p2a: Landorus|Landorus-Therian, M|100/100|[from] Volt Switch
|-ability|p2a: Landorus|Intimidate|boost
|-unboost|p1a: Raging Bolt|atk|1
|
|-weather|RainDance|[upkeep]
|upkeep
|turn|8
|-message|davespekkie forfeited.
|
|win|Maxxxxilla
|raw|Maxxxxilla's rating: 1288 &rarr; <strong>1310</strong><br />(+22 for winning)
|raw|davespekkie's rating: 1241 &rarr; <strong>1219</strong><br />(-22 for losing)
|l|☆davespekkie
|player|p2|
|l|☆Maxxxxilla
|player|p1|
