|j|☆banjo guro
|j|☆gooseyj
|t:|1779953368
|gametype|singles
|player|p1|banjo guro|erika|1307
|player|p2|gooseyj|iris-gen5bw2|1259
|gen|9
|tier|[Gen 9] OU
|rated|
|rule|HP Percentage Mod: HP is shown in percentages
|rule|Endless Battle Clause: Forcing endless battles is banned
|rule|Species Clause: Limit one of each Pokémon
|rule|OHKO Clause: OHKO moves are banned
|rule|Evasion Items Clause: Evasion items are banned
|rule|Evasion Moves Clause: Evasion moves are banned
|rule|Evasion Abilities Clause: Evasion abilities are banned
|rule|Sleep Moves Clause: Sleep-inducing moves are banned
|clearpoke
|poke|p1|Garganacl, F|
|poke|p1|Mimikyu, M|
|poke|p1|Chimecho, M|
|poke|p1|Serperior, M|
|poke|p1|Polteageist|
|poke|p1|Maushold|
|poke|p2|Ribombee, F|
|poke|p2|Gholdengo|
|poke|p2|Cinderace, F|
|poke|p2|Great Tusk|
|poke|p2|Kyurem|
|poke|p2|Darkrai|
|teampreview
|inactive|Battle timer is ON: inactive players will automatically lose when time's up. (requested by gooseyj)
|
|t:|1779953376
|teamsize|p1|6
|teamsize|p2|6
|start
|switch|p1a: Serperior|Serperior, M|100/100
|switch|p2a: Kyurem|Kyurem|100/100
|-ability|p2a: Kyurem|Pressure
|turn|1
|
|t:|1779953381
|move|p2a: Kyurem|Ice Beam|p1a: Serperior
|-supereffective|p1a: Serperior
|-damage|p1a: Serperior|0 fnt
|faint|p1a: Serperior
|
|upkeep
|
|t:|1779953388
|switch|p1a: Chimecho|Chimecho, M|100/100
|turn|2
|
|t:|1779953390
|-terastallize|p1a: Chimecho|Electric
|move|p2a: Kyurem|Ice Beam|p1a: Chimecho
|-damage|p1a: Chimecho|16/100
|-status|p1a: Chimecho|frz
|cant|p1a: Chimecho|frz
|
|-heal|p1a: Chimecho|22/100 frz|[from] item: Leftovers
|upkeep
|turn|3
|
|t:|1779953398
|move|p2a: Kyurem|Ice Beam|p1a: Chimecho
|-damage|p1a: Chimecho|0 fnt
|faint|p1a: Chimecho
|
|upkeep
|
|t:|1779953403
|switch|p1a: Polteageist|Polteageist|100/100
|turn|4
|
|t:|1779953406
|move|p2a: Kyurem|Ice Beam|p1a: Polteageist
|-damage|p1a: Polteageist|20/100
|move|p1a: Polteageist|Shell Smash|p1a: Polteageist
|-unboost|p1a: Polteageist|def|1
|-unboost|p1a: Polteageist|spd|1
|-boost|p1a: Polteageist|atk|2
|-boost|p1a: Polteageist|spa|2
|-boost|p1a: Polteageist|spe|2
|
|upkeep
|turn|5
|
|t:|1779953411
|move|p1a: Polteageist|Stored Power|p2a: Kyurem
|-damage|p2a: Kyurem|2/100
|move|p2a: Kyurem|Ice Beam|p1a: Polteageist
|-damage|p1a: Polteageist|0 fnt
|faint|p1a: Polteageist
|
|upkeep
|
|t:|1779953417
|switch|p1a: Maushold|Maushold|100/100
|turn|6
|
|t:|1779953421
|move|p1a: Maushold|Population Bomb|p2a: Kyurem
|-damage|p2a: Kyurem|0 fnt
|faint|p2a: Kyurem
|-hitcount|p2: Kyurem|1
|
|upkeep
|
|t:|1779953423
|switch|p2a: Gholdengo|Gholdengo|100/100
|turn|7
|
|t:|1779953427
|move|p1a: Maushold|Shadow Claw|p2a: Gholdengo
|-supereffective|p2a: Gholdengo
|-damage|p2a: Gholdengo|75/100
|move|p2a: Gholdengo|Make It Rain|p1a: Maushold
|-damage|p1a: Maushold|17/100
|-unboost|p2a: Gholdengo|spa|1
|
|upkeep
|turn|8
|
|t:|1779953434
|move|p1a: Maushold|Shadow Claw|p2a: Gholdengo
|-supereffective|p2a: Gholdengo
|-damage|p2a: Gholdengo|49/100
|move|p2a: Gholdengo|Nasty Plot|p2a: Gholdengo
|-boost|p2a: Gholdengo|spa|2
|
|upkeep
|turn|9
|
|t:|1779953440
|move|p1a: Maushold|Shadow Claw|p2a: Gholdengo
|-supereffective|p2a: Gholdengo
|-damage|p2a: Gholdengo|23/100
|move|p2a: Gholdengo|Recover|p2a: Gholdengo
|-heal|p2a: Gholdengo|73/100
|
|upkeep
|turn|10
|
|t:|1779953443
|move|p1a: Maushold|Shadow Claw|p2a: Gholdengo
|-supereffective|p2a: Gholdengo
|-damage|p2a: Gholdengo|49/100
|move|p2a: Gholdengo|Nasty Plot|p2a: Gholdengo
|-boost|p2a: Gholdengo|spa|2
|
|upkeep
|turn|11
|
|t:|1779953449
|switch|p1a: Mimikyu|Mimikyu, M|100/100
|move|p2a: Gholdengo|Recover|p2a: Gholdengo
|-heal|p2a: Gholdengo|99/100
|
|upkeep
|turn|12
|
|t:|1779953454
|move|p1a: Mimikyu|Swords Dance|p1a: Mimikyu
|-boost|p1a: Mimikyu|atk|2
|move|p2a: Gholdengo|Shadow Ball|p1a: Mimikyu
|-activate|p1a: Mimikyu|ability: Disguise
|-damage|p1a: Mimikyu|100/100
|detailschange|p1a: Mimikyu|Mimikyu-Busted, M
|-damage|p1a: Mimikyu|88/100|[from] pokemon: Mimikyu-Busted
|-enditem|p1a: Mimikyu|Red Card|[of] p2a: Gholdengo
|drag|p2a: Cinderace|Cinderace, F|100/100
|
|upkeep
|turn|13
|
|t:|1779953459
|move|p2a: Cinderace|Pyro Ball|p1a: Mimikyu
|-damage|p1a: Mimikyu|1/100
|move|p1a: Mimikyu|Play Rough|p2a: Cinderace
|-resisted|p2a: Cinderace
|-damage|p2a: Cinderace|49/100
|
|upkeep
|turn|14
|
|t:|1779953466
|move|p2a: Cinderace|Sucker Punch|p1a: Mimikyu
|-start|p2a: Cinderace|typechange|Dark|[from] ability: Libero
|-damage|p1a: Mimikyu|0 fnt
|faint|p1a: Mimikyu
|
|upkeep
|
|t:|1779953469
|switch|p1a: Garganacl|Garganacl, F|100/100
|turn|15
|
|t:|1779953471
|move|p2a: Cinderace|High Jump Kick|p1a: Garganacl
|-supereffective|p1a: Garganacl
|-damage|p1a: Garganacl|47/100
|move|p1a: Garganacl|Iron Defense|p1a: Garganacl
|-boost|p1a: Garganacl|def|2
|
|-heal|p1a: Garganacl|53/100|[from] item: Leftovers
|upkeep
|turn|16
|
|t:|1779953476
|move|p2a: Cinderace|High Jump Kick|p1a: Garganacl
|-supereffective|p1a: Garganacl
|-damage|p1a: Garganacl|25/100
|move|p1a: Garganacl|Body Press|p2a: Cinderace
|-supereffective|p2a: Cinderace
|-damage|p2a: Cinderace|0 fnt
|faint|p2a: Cinderace
|
|-heal|p1a: Garganacl|31/100|[from] item: Leftovers
|upkeep
|
|t:|1779953481
|switch|p2a: Gholdengo|Gholdengo|99/100
|turn|17
|
|t:|1779953487
|move|p2a: Gholdengo|Make It Rain|p1a: Garganacl
|-supereffective|p1a: Garganacl
|-crit|p1a: Garganacl
|-damage|p1a: Garganacl|0 fnt
|-unboost|p2a: Gholdengo|spa|1
|faint|p1a: Garganacl
|
|upkeep
|
|t:|1779953491
|switch|p1a: Maushold|Maushold|17/100
|turn|18
|
|t:|1779953493
|move|p1a: Maushold|Shadow Claw|p2a: Gholdengo
|-supereffective|p2a: Gholdengo
|-damage|p2a: Gholdengo|73/100
|move|p2a: Gholdengo|Make It Rain|p1a: Maushold
|-damage|p1a: Maushold|0 fnt
|-unboost|p2a: Gholdengo|spa|1
|faint|p1a: Maushold
|
|win|gooseyj
|raw|banjo guro's rating: 1307 &rarr; <strong>1284</strong><br />(-23 for losing)
|raw|gooseyj's rating: 1259 &rarr; <strong>1287</strong><br />(+28 for winning)
|l|☆gooseyj
|player|p2|
|l|☆banjo guro
|player|p1|
