|j|☆l5king
|j|☆claudechamp
|t:|1779801387
|gametype|singles
|player|p1|l5king|palmer|1282
|player|p2|claudechamp|265|1314
|gen|9
|tier|[Gen 9] OU
|rated|
|rule|HP Percentage Mod: HP is shown in percentages
|rule|Endless Battle Clause: Forcing endless battles is banned
|rule|Species Clause: Limit one of each Pokémon
|rule|OHKO Clause: OHKO moves are banned
|rule|Evasion Items Clause: Evasion items are banned
|rule|Evasion Moves Clause: Evasion moves are banned
|rule|Evasion Abilities Clause: Evasion abilities are banned
|rule|Sleep Moves Clause: Sleep-inducing moves are banned
|clearpoke
|poke|p1|Kingambit, F|
|poke|p1|Ogerpon-Wellspring, F|
|poke|p1|Chandelure, F|
|poke|p1|Gyarados, F|
|poke|p1|Gengar, F|
|poke|p1|Salamence, M|
|poke|p2|Gliscor, F|
|poke|p2|Ogerpon, F|
|poke|p2|Walking Wake|
|poke|p2|Blissey, F|
|poke|p2|Corviknight, F|
|poke|p2|Pecharunt|
|teampreview
|c|☆claudechamp|hf
|inactive|Battle timer is ON: inactive players will automatically lose when time's up. (requested by claudechamp)
|c|☆l5king|gl
|
|t:|1779801400
|teamsize|p1|6
|teamsize|p2|6
|start
|switch|p1a: Gengar|Gengar, F|100/100
|switch|p2a: Gliscor|Gliscor, F|100/100
|turn|1
|
|t:|1779801406
|move|p1a: Gengar|Toxic Spikes|p2a: Gliscor
|-sidestart|p2: claudechamp|move: Toxic Spikes
|move|p2a: Gliscor|Spikes|p1a: Gengar
|-sidestart|p1: l5king|Spikes
|
|-status|p2a: Gliscor|tox|[from] item: Toxic Orb
|upkeep
|turn|2
|
|t:|1779801413
|move|p1a: Gengar|Sludge Bomb|p2a: Gliscor
|-resisted|p2a: Gliscor
|-damage|p2a: Gliscor|81/100 tox
|move|p2a: Gliscor|Spikes|p1a: Gengar
|-sidestart|p1: l5king|Spikes
|
|-heal|p2a: Gliscor|94/100 tox|[from] ability: Poison Heal
|upkeep
|turn|3
|
|t:|1779801418
|move|p1a: Gengar|Psychic|p2a: Gliscor
|-damage|p2a: Gliscor|65/100 tox
|move|p2a: Gliscor|Spikes|p1a: Gengar
|-sidestart|p1: l5king|Spikes
|
|-heal|p2a: Gliscor|78/100 tox|[from] ability: Poison Heal
|upkeep
|turn|4
|
|t:|1779801425
|switch|p2a: Pecharunt|Pecharunt|100/100
|-sideend|p2: claudechamp|move: Toxic Spikes|[of] p2a: Pecharunt
|move|p1a: Gengar|Psychic|p2a: Pecharunt
|-supereffective|p2a: Pecharunt
|-damage|p2a: Pecharunt|34/100
|
|upkeep
|turn|5
|
|t:|1779801430
|switch|p2a: Blissey|Blissey, F|100/100
|move|p1a: Gengar|Psychic|p2a: Blissey
|-damage|p2a: Blissey|91/100
|
|upkeep
|turn|6
|
|t:|1779801434
|move|p1a: Gengar|Toxic Spikes|p2a: Blissey
|-sidestart|p2: claudechamp|move: Toxic Spikes
|move|p2a: Blissey|Stealth Rock|p1a: Gengar
|-sidestart|p1: l5king|move: Stealth Rock
|
|upkeep
|turn|7
|
|t:|1779801442
|switch|p2a: Gliscor|Gliscor, F|78/100 tox
|move|p1a: Gengar|Sludge Bomb|p2a: Gliscor
|-resisted|p2a: Gliscor
|-damage|p2a: Gliscor|57/100 tox
|
|-heal|p2a: Gliscor|69/100 tox|[from] ability: Poison Heal
|upkeep
|turn|8
|
|t:|1779801449
|-terastallize|p2a: Gliscor|Ghost
|move|p1a: Gengar|Psychic|p2a: Gliscor
|-crit|p2a: Gliscor
|-damage|p2a: Gliscor|28/100 tox
|-unboost|p2a: Gliscor|spd|1
|move|p2a: Gliscor|Earthquake|p1a: Gengar
|-supereffective|p1a: Gengar
|-enditem|p1a: Gengar|Focus Sash
|-damage|p1a: Gengar|1/100
|
|-heal|p2a: Gliscor|40/100 tox|[from] ability: Poison Heal
|upkeep
|turn|9
|
|t:|1779801457
|switch|p2a: Corviknight|Corviknight, F|100/100
|-ability|p2a: Corviknight|Pressure
|move|p1a: Gengar|Psychic|p2a: Corviknight
|-resisted|p2a: Corviknight
|-damage|p2a: Corviknight|84/100
|
|upkeep
|turn|10
|
|t:|1779801465
|move|p1a: Gengar|Destiny Bond|p1a: Gengar
|-singlemove|p1a: Gengar|Destiny Bond
|move|p2a: Corviknight|U-turn|p1a: Gengar
|-resisted|p1a: Gengar
|-damage|p1a: Gengar|0 fnt
|-start|p2a: Corviknight|Disable|U-turn|[from] ability: Cursed Body|[of] p1a: Gengar
|faint|p1a: Gengar
|-activate|p1a: Gengar|move: Destiny Bond
|faint|p2a: Corviknight
|
|upkeep
|
|t:|1779801482
|switch|p1a: Salamence|Salamence, M|100/100
|switch|p2a: Ogerpon|Ogerpon, F|100/100
|-damage|p1a: Salamence|76/100|[from] Stealth Rock
|turn|11
|
|t:|1779801492
|move|p2a: Ogerpon|Knock Off|p1a: Salamence
|-damage|p1a: Salamence|38/100
|-enditem|p1a: Salamence|Salac Berry|[from] move: Knock Off|[of] p2a: Ogerpon
|move|p1a: Salamence|Dragon Dance|p1a: Salamence
|-boost|p1a: Salamence|atk|1
|-boost|p1a: Salamence|spe|1
|
|upkeep
|turn|12
|
|t:|1779801500
|move|p1a: Salamence|Roost|p1a: Salamence
|-heal|p1a: Salamence|88/100
|-singleturn|p1a: Salamence|move: Roost
|move|p2a: Ogerpon|Knock Off|p1a: Salamence
|-damage|p1a: Salamence|63/100
|
|upkeep
|turn|13
|
|t:|1779801507
|move|p1a: Salamence|Roost|p1a: Salamence
|-heal|p1a: Salamence|100/100
|-singleturn|p1a: Salamence|move: Roost
|move|p2a: Ogerpon|Ivy Cudgel|p1a: Salamence
|-resisted|p1a: Salamence
|-damage|p1a: Salamence|72/100
|
|upkeep
|turn|14
|
|t:|1779801515
|move|p1a: Salamence|Dragon Dance|p1a: Salamence
|-boost|p1a: Salamence|atk|1
|-boost|p1a: Salamence|spe|1
|move|p2a: Ogerpon|Ivy Cudgel|p1a: Salamence
|-resisted|p1a: Salamence
|-damage|p1a: Salamence|56/100
|
|upkeep
|turn|15
|
|t:|1779801522
|move|p1a: Salamence|Roost|p1a: Salamence
|-heal|p1a: Salamence|100/100
|-singleturn|p1a: Salamence|move: Roost
|move|p2a: Ogerpon|Ivy Cudgel|p1a: Salamence
|-resisted|p1a: Salamence
|-damage|p1a: Salamence|70/100
|
|upkeep
|turn|16
|
|t:|1779801530
|move|p1a: Salamence|Dragon Dance|p1a: Salamence
|-boost|p1a: Salamence|atk|1
|-boost|p1a: Salamence|spe|1
|move|p2a: Ogerpon|Ivy Cudgel|p1a: Salamence
|-resisted|p1a: Salamence
|-damage|p1a: Salamence|56/100
|
|upkeep
|turn|17
|
|t:|1779801537
|switch|p2a: Pecharunt|Pecharunt|34/100
|-sideend|p2: claudechamp|move: Toxic Spikes|[of] p2a: Pecharunt
|move|p1a: Salamence|Dragon Dance|p1a: Salamence
|-boost|p1a: Salamence|atk|1
|-boost|p1a: Salamence|spe|1
|
|upkeep
|turn|18
|
|t:|1779801547
|move|p1a: Salamence|Dragon Claw|p2a: Pecharunt
|-damage|p2a: Pecharunt|0 fnt
|faint|p2a: Pecharunt
|-ability|p1a: Salamence|Moxie|boost
|-boost|p1a: Salamence|atk|1
|
|upkeep
|
|t:|1779801551
|switch|p2a: Blissey|Blissey, F|91/100
|turn|19
|
|t:|1779801557
|move|p1a: Salamence|Dragon Claw|p2a: Blissey
|-damage|p2a: Blissey|0 fnt
|faint|p2a: Blissey
|-ability|p1a: Salamence|Moxie|boost
|-boost|p1a: Salamence|atk|1
|
|upkeep
|
|t:|1779801565
|switch|p2a: Gliscor|Gliscor, F, tera:Ghost|40/100 tox
|turn|20
|
|t:|1779801569
|switch|p2a: Walking Wake|Walking Wake|100/100
|move|p1a: Salamence|Dragon Claw|p2a: Walking Wake
|-supereffective|p2a: Walking Wake
|-damage|p2a: Walking Wake|0 fnt
|faint|p2a: Walking Wake
|-end|p2a: Walking Wake|Protosynthesis|[silent]
|
|upkeep
|c|☆l5king|gg
|
|t:|1779801579
|switch|p2a: Gliscor|Gliscor, F, tera:Ghost|40/100 tox
|turn|21
|
|t:|1779801593
|move|p1a: Salamence|Dragon Claw|p2a: Gliscor
|-damage|p2a: Gliscor|0 fnt
|faint|p2a: Gliscor
|
|upkeep
|
|t:|1779801599
|switch|p2a: Ogerpon|Ogerpon, F|100/100
|turn|22
|
|t:|1779801606
|move|p1a: Salamence|Dragon Claw|p2a: Ogerpon
|-damage|p2a: Ogerpon|0 fnt
|faint|p2a: Ogerpon
|
|win|l5king
|raw|l5king's rating: 1282 &rarr; <strong>1311</strong><br />(+29 for winning)
|raw|claudechamp's rating: 1338 &rarr; <strong>1315</strong><br />(-23 for losing)
|c|☆claudechamp|gg
|l|☆l5king
|player|p1|
