|j|☆PikachuRTM
|j|☆Free6lackpanther
|t:|1779941494
|gametype|singles
|player|p1|PikachuRTM|ltsurge|1344
|player|p2|Free6lackpanther|102|1350
|gen|9
|tier|[Gen 9] OU
|rated|
|rule|HP Percentage Mod: HP is shown in percentages
|rule|Endless Battle Clause: Forcing endless battles is banned
|rule|Species Clause: Limit one of each Pokémon
|rule|OHKO Clause: OHKO moves are banned
|rule|Evasion Items Clause: Evasion items are banned
|rule|Evasion Moves Clause: Evasion moves are banned
|rule|Evasion Abilities Clause: Evasion abilities are banned
|rule|Sleep Moves Clause: Sleep-inducing moves are banned
|clearpoke
|poke|p1|Pikachu, M|
|poke|p1|Dragapult, M|
|poke|p1|Samurott-Hisui, M|
|poke|p1|Great Tusk|
|poke|p1|Gholdengo|
|poke|p1|Iron Valiant|
|poke|p2|Primarina, F|
|poke|p2|Raging Bolt|
|poke|p2|Great Tusk|
|poke|p2|Scizor, M|
|poke|p2|Tyranitar, M|
|poke|p2|Skeledirge, M|
|teampreview
|inactive|Battle timer is ON: inactive players will automatically lose when time's up. (requested by Free6lackpanther)
|
|t:|1779941505
|teamsize|p1|6
|teamsize|p2|6
|start
|switch|p1a: Liftoff|Dragapult, M, shiny|100/100
|switch|p2a: Primarina|Primarina, F|100/100
|turn|1
|
|t:|1779941511
|move|p1a: Liftoff|U-turn|p2a: Primarina
|-resisted|p2a: Primarina
|-damage|p2a: Primarina|89/100
|
|t:|1779941517
|switch|p1a: Sam|Samurott-Hisui, M|100/100|[from] U-turn
|move|p2a: Primarina|Moonblast|p1a: Sam
|-supereffective|p1a: Sam
|-damage|p1a: Sam|25/100
|-unboost|p1a: Sam|spa|1
|
|upkeep
|turn|2
|
|t:|1779941526
|move|p1a: Sam|Ceaseless Edge|p2a: Primarina
|-resisted|p2a: Primarina
|-damage|p2a: Primarina|63/100
|-sidestart|p2: Free6lackpanther|Spikes
|move|p2a: Primarina|Moonblast|p1a: Sam
|-supereffective|p1a: Sam
|-damage|p1a: Sam|0 fnt
|faint|p1a: Sam
|
|upkeep
|
|t:|1779941544
|switch|p1a: Derrick|Pikachu, M|100/100
|turn|3
|
|t:|1779941551
|switch|p2a: Great Tusk|Great Tusk|100/100
|-damage|p2a: Great Tusk|88/100|[from] Spikes
|-enditem|p2a: Great Tusk|Booster Energy
|-activate|p2a: Great Tusk|ability: Protosynthesis|[fromitem]
|-start|p2a: Great Tusk|protosynthesisatk
|move|p1a: Derrick|Thunderbolt|p2a: Great Tusk
|-immune|p2a: Great Tusk
|
|upkeep
|turn|4
|
|t:|1779941564
|move|p1a: Derrick|Alluring Voice|p2a: Great Tusk
|-supereffective|p2a: Great Tusk
|-damage|p2a: Great Tusk|0 fnt
|faint|p2a: Great Tusk
|-end|p2a: Great Tusk|Protosynthesis|[silent]
|
|upkeep
|
|t:|1779941574
|switch|p2a: Tyranitar|Tyranitar, M|100/100
|-damage|p2a: Tyranitar|88/100|[from] Spikes
|-weather|Sandstorm|[from] ability: Sand Stream|[of] p2a: Tyranitar
|turn|5
|
|t:|1779941585
|switch|p1a: Dönphan|Great Tusk|100/100
|move|p2a: Tyranitar|Knock Off|p1a: Dönphan
|-resisted|p1a: Dönphan
|-damage|p1a: Dönphan|81/100
|-enditem|p1a: Dönphan|Heavy-Duty Boots|[from] move: Knock Off|[of] p2a: Tyranitar
|
|-weather|Sandstorm|[upkeep]
|upkeep
|turn|6
|
|t:|1779941594
|switch|p2a: Skeledirge|Skeledirge, M|100/100
|-damage|p2a: Skeledirge|88/100|[from] Spikes
|move|p1a: Dönphan|Stealth Rock|p2a: Skeledirge
|-sidestart|p2: Free6lackpanther|move: Stealth Rock
|
|-weather|Sandstorm|[upkeep]
|-damage|p2a: Skeledirge|82/100|[from] Sandstorm
|-heal|p2a: Skeledirge|88/100|[from] item: Leftovers
|upkeep
|turn|7
|
|t:|1779941607
|move|p1a: Dönphan|Headlong Rush|p2a: Skeledirge
|-supereffective|p2a: Skeledirge
|-damage|p2a: Skeledirge|11/100
|-unboost|p1a: Dönphan|def|1
|-unboost|p1a: Dönphan|spd|1
|move|p2a: Skeledirge|Torch Song|p1a: Dönphan
|-damage|p1a: Dönphan|31/100
|-boost|p2a: Skeledirge|spa|1
|
|-weather|Sandstorm|[upkeep]
|-damage|p2a: Skeledirge|5/100|[from] Sandstorm
|-heal|p2a: Skeledirge|11/100|[from] item: Leftovers
|upkeep
|turn|8
|
|t:|1779941620
|move|p1a: Dönphan|Headlong Rush|p2a: Skeledirge
|-supereffective|p2a: Skeledirge
|-damage|p2a: Skeledirge|0 fnt
|-unboost|p1a: Dönphan|def|1
|-unboost|p1a: Dönphan|spd|1
|faint|p2a: Skeledirge
|
|-weather|Sandstorm|[upkeep]
|upkeep
|
|t:|1779941636
|switch|p2a: Scizor|Scizor, M|100/100
|-damage|p2a: Scizor|88/100|[from] Spikes
|-damage|p2a: Scizor|75/100|[from] Stealth Rock
|turn|9
|
|t:|1779941642
|move|p2a: Scizor|Bullet Punch|p1a: Dönphan
|-damage|p1a: Dönphan|0 fnt
|faint|p1a: Dönphan
|-end|p1a: Dönphan|Protosynthesis|[silent]
|
|-weather|none
|-heal|p2a: Scizor|82/100|[from] item: Leftovers
|upkeep
|
|t:|1779941645
|switch|p1a: Liftoff|Dragapult, M, shiny|100/100
|turn|10
|
|t:|1779941660
|switch|p2a: Primarina|Primarina, F|63/100
|-damage|p2a: Primarina|50/100|[from] Spikes
|-damage|p2a: Primarina|38/100|[from] Stealth Rock
|move|p1a: Liftoff|Will-O-Wisp|p2a: Primarina
|-status|p2a: Primarina|brn
|
|-damage|p2a: Primarina|32/100 brn|[from] brn
|upkeep
|turn|11
|
|t:|1779941672
|move|p1a: Liftoff|Hex|p2a: Primarina
|-damage|p2a: Primarina|2/100 brn
|move|p2a: Primarina|Moonblast|p1a: Liftoff
|-supereffective|p1a: Liftoff
|-damage|p1a: Liftoff|0 fnt
|faint|p1a: Liftoff
|
|-damage|p2a: Primarina|0 fnt|[from] brn
|faint|p2a: Primarina
|upkeep
|
|t:|1779941693
|switch|p1a: Gałlade|Iron Valiant|100/100
|switch|p2a: Tyranitar|Tyranitar, M|88/100
|-damage|p2a: Tyranitar|76/100|[from] Spikes
|-damage|p2a: Tyranitar|64/100|[from] Stealth Rock
|-weather|Sandstorm|[from] ability: Sand Stream|[of] p2a: Tyranitar
|turn|12
|
|t:|1779941706
|move|p1a: Gałlade|Moonblast|p2a: Tyranitar
|-supereffective|p2a: Tyranitar
|-damage|p2a: Tyranitar|15/100
|move|p2a: Tyranitar|Heavy Slam|p1a: Gałlade
|-supereffective|p1a: Gałlade
|-damage|p1a: Gałlade|0 fnt
|faint|p1a: Gałlade
|-end|p1a: Gałlade|Quark Drive|[silent]
|
|-weather|Sandstorm|[upkeep]
|upkeep
|
|t:|1779941713
|switch|p1a: Gholdie|Gholdengo|100/100
|-item|p1a: Gholdie|Air Balloon
|turn|13
|
|t:|1779941722
|move|p1a: Gholdie|Make It Rain|p2a: Tyranitar
|-supereffective|p2a: Tyranitar
|-damage|p2a: Tyranitar|0 fnt
|-unboost|p1a: Gholdie|spa|1
|faint|p2a: Tyranitar
|
|-weather|Sandstorm|[upkeep]
|upkeep
|
|t:|1779941730
|switch|p2a: Scizor|Scizor, M|82/100
|-damage|p2a: Scizor|69/100|[from] Spikes
|-damage|p2a: Scizor|57/100|[from] Stealth Rock
|turn|14
|
|t:|1779941736
|move|p1a: Gholdie|Shadow Ball|p2a: Scizor
|-damage|p2a: Scizor|25/100
|move|p2a: Scizor|Knock Off|p1a: Gholdie
|-supereffective|p1a: Gholdie
|-damage|p1a: Gholdie|14/100
|-enditem|p1a: Gholdie|Air Balloon
|
|-weather|Sandstorm|[upkeep]
|-heal|p2a: Scizor|31/100|[from] item: Leftovers
|upkeep
|turn|15
|
|t:|1779941748
|move|p2a: Scizor|Bullet Punch|p1a: Gholdie
|-resisted|p1a: Gholdie
|-damage|p1a: Gholdie|0 fnt
|faint|p1a: Gholdie
|
|-weather|Sandstorm|[upkeep]
|-heal|p2a: Scizor|37/100|[from] item: Leftovers
|upkeep
|
|t:|1779941750
|switch|p1a: Derrick|Pikachu, M|100/100
|turn|16
|
|t:|1779941759
|move|p2a: Scizor|Bullet Punch|p1a: Derrick
|-resisted|p1a: Derrick
|-damage|p1a: Derrick|44/100
|move|p1a: Derrick|Thunderbolt|p2a: Scizor
|-damage|p2a: Scizor|0 fnt
|faint|p2a: Scizor
|
|-weather|none
|upkeep
|
|t:|1779941767
|switch|p2a: Raging Bolt|Raging Bolt|100/100
|-damage|p2a: Raging Bolt|88/100|[from] Spikes
|-damage|p2a: Raging Bolt|76/100|[from] Stealth Rock
|-enditem|p2a: Raging Bolt|Booster Energy
|-activate|p2a: Raging Bolt|ability: Protosynthesis|[fromitem]
|-start|p2a: Raging Bolt|protosynthesisspa
|turn|17
|
|t:|1779941777
|-terastallize|p1a: Derrick|Fairy
|-terastallize|p2a: Raging Bolt|Electric
|move|p1a: Derrick|Alluring Voice|p2a: Raging Bolt
|-damage|p2a: Raging Bolt|31/100
|move|p2a: Raging Bolt|Draco Meteor|p1a: Derrick
|-immune|p1a: Derrick
|
|upkeep
|turn|18
|
|t:|1779941787
|move|p2a: Raging Bolt|Thunderclap|p1a: Derrick
|-ability|p1a: Derrick|Lightning Rod|boost
|-boost|p1a: Derrick|spa|1
|move|p1a: Derrick|Alluring Voice|p2a: Raging Bolt
|-damage|p2a: Raging Bolt|0 fnt
|faint|p2a: Raging Bolt
|-end|p2a: Raging Bolt|Protosynthesis|[silent]
|
|win|PikachuRTM
|raw|PikachuRTM's rating: 1344 &rarr; <strong>1364</strong><br />(+20 for winning)
|raw|Free6lackpanther's rating: 1350 &rarr; <strong>1330</strong><br />(-20 for losing)
|c|☆PikachuRTM|Gg
|l|☆Free6lackpanther
|player|p2|
|l|☆PikachuRTM
|player|p1|
