|j|☆Kuevo92
|j|‽WiLDfan4
|t:|1779960931
|gametype|singles
|player|p1|Kuevo92|cyrus|1087
|player|p2|WiLDfan4|265|1111
|gen|9
|tier|[Gen 9] OU
|rated|
|rule|HP Percentage Mod: HP is shown in percentages
|rule|Endless Battle Clause: Forcing endless battles is banned
|rule|Species Clause: Limit one of each Pokémon
|rule|OHKO Clause: OHKO moves are banned
|rule|Evasion Items Clause: Evasion items are banned
|rule|Evasion Moves Clause: Evasion moves are banned
|rule|Evasion Abilities Clause: Evasion abilities are banned
|rule|Sleep Moves Clause: Sleep-inducing moves are banned
|clearpoke
|poke|p1|Gyarados, M|
|poke|p1|Clodsire, M|
|poke|p1|Hippowdon, F|
|poke|p1|Excadrill, F|
|poke|p1|Keldeo-Resolute|
|poke|p1|Lokix, M|
|poke|p2|Tyranitar, M|
|poke|p2|Talonflame, M|
|poke|p2|Tinkaton, F|
|poke|p2|Toxapex, M|
|poke|p2|Torterra, M|
|poke|p2|Tauros, M|
|teampreview
|inactive|Battle timer is ON: inactive players will automatically lose when time's up. (requested by WiLDfan4)
|
|t:|1779960956
|teamsize|p1|6
|teamsize|p2|6
|start
|switch|p1a: Lokix|Lokix, M|100/100
|switch|p2a: Toxapex|Toxapex, M|100/100
|turn|1
|
|t:|1779960962
|move|p2a: Toxapex|Baneful Bunker|p2a: Toxapex
|-singleturn|p2a: Toxapex|move: Protect
|move|p1a: Lokix|Knock Off|p2a: Toxapex
|-activate|p2a: Toxapex|move: Protect
|-status|p1a: Lokix|psn
|
|-damage|p1a: Lokix|88/100 psn|[from] psn
|upkeep
|turn|2
|
|t:|1779960974
|switch|p2a: Tauros|Tauros, M|100/100
|move|p1a: Lokix|Knock Off|p2a: Tauros
|-damage|p2a: Tauros|25/100
|-enditem|p2a: Tauros|Focus Sash|[from] move: Knock Off|[of] p1a: Lokix
|-damage|p1a: Lokix|78/100 psn|[from] item: Life Orb
|
|-damage|p1a: Lokix|66/100 psn|[from] psn
|upkeep
|turn|3
|
|t:|1779960992
|move|p1a: Lokix|Sucker Punch|p2a: Tauros
|-damage|p2a: Tauros|0 fnt
|faint|p2a: Tauros
|-damage|p1a: Lokix|56/100 psn|[from] item: Life Orb
|
|-damage|p1a: Lokix|44/100 psn|[from] psn
|upkeep
|
|t:|1779961000
|switch|p2a: Talonflame|Talonflame, M|100/100
|turn|4
|
|t:|1779961012
|switch|p1a: Clodsire|Clodsire, M|100/100
|move|p2a: Talonflame|Brave Bird|p1a: Clodsire
|-damage|p1a: Clodsire|46/100
|-damage|p2a: Talonflame|72/100|[from] Recoil
|
|-heal|p1a: Clodsire|52/100|[from] item: Black Sludge
|upkeep
|turn|5
|
|t:|1779961022
|move|p2a: Talonflame|Brave Bird|p1a: Clodsire
|-damage|p1a: Clodsire|0 fnt
|faint|p1a: Clodsire
|-damage|p2a: Talonflame|46/100|[from] Recoil
|
|upkeep
|
|t:|1779961034
|switch|p1a: Gyarados|Gyarados, M|100/100
|turn|6
|
|t:|1779961038
|switch|p2a: Toxapex|Toxapex, M|100/100
|move|p1a: Gyarados|Dragon Dance|p1a: Gyarados
|-boost|p1a: Gyarados|atk|1
|-boost|p1a: Gyarados|spe|1
|
|upkeep
|turn|7
|
|t:|1779961046
|move|p1a: Gyarados|Dragon Dance|p1a: Gyarados
|-boost|p1a: Gyarados|atk|1
|-boost|p1a: Gyarados|spe|1
|move|p2a: Toxapex|Haze|p2a: Toxapex
|-clearallboost
|
|upkeep
|turn|8
|
|t:|1779961053
|move|p2a: Toxapex|Baneful Bunker|p2a: Toxapex
|-singleturn|p2a: Toxapex|move: Protect
|move|p1a: Gyarados|Dragon Dance|p1a: Gyarados
|-boost|p1a: Gyarados|atk|1
|-boost|p1a: Gyarados|spe|1
|
|upkeep
|turn|9
|
|t:|1779961061
|move|p1a: Gyarados|Earthquake|p2a: Toxapex
|-supereffective|p2a: Toxapex
|-damage|p2a: Toxapex|10/100
|-damage|p1a: Gyarados|91/100|[from] item: Life Orb
|move|p2a: Toxapex|Haze|p2a: Toxapex
|-clearallboost
|
|-heal|p2a: Toxapex|16/100|[from] item: Black Sludge
|upkeep
|turn|10
|
|t:|1779961078
|switch|p2a: Talonflame|Talonflame, M|46/100
|move|p1a: Gyarados|Dragon Dance|p1a: Gyarados
|-boost|p1a: Gyarados|atk|1
|-boost|p1a: Gyarados|spe|1
|
|upkeep
|turn|11
|
|t:|1779961086
|move|p1a: Gyarados|Waterfall|p2a: Talonflame
|-supereffective|p2a: Talonflame
|-crit|p2a: Talonflame
|-damage|p2a: Talonflame|0 fnt
|faint|p2a: Talonflame
|-ability|p1a: Gyarados|Moxie|boost
|-boost|p1a: Gyarados|atk|1
|-damage|p1a: Gyarados|81/100|[from] item: Life Orb
|
|upkeep
|
|t:|1779961094
|switch|p2a: Torterra|Torterra, M|100/100
|turn|12
|
|t:|1779961101
|move|p1a: Gyarados|Waterfall|p2a: Torterra
|-damage|p2a: Torterra|26/100
|-damage|p1a: Gyarados|71/100|[from] item: Life Orb
|move|p2a: Torterra|Leech Seed|p1a: Gyarados
|-start|p1a: Gyarados|move: Leech Seed
|
|-damage|p1a: Gyarados|58/100|[from] Leech Seed|[of] p2a: Torterra
|-heal|p2a: Torterra|39/100|[silent]
|upkeep
|turn|13
|
|t:|1779961113
|-terastallize|p2a: Torterra|Grass
|move|p1a: Gyarados|Waterfall|p2a: Torterra
|-resisted|p2a: Torterra
|-damage|p2a: Torterra|5/100
|-damage|p1a: Gyarados|48/100|[from] item: Life Orb
|move|p2a: Torterra|Curse|p2a: Torterra
|-unboost|p2a: Torterra|spe|1
|-boost|p2a: Torterra|atk|1
|-boost|p2a: Torterra|def|1
|
|-damage|p1a: Gyarados|36/100|[from] Leech Seed|[of] p2a: Torterra
|-heal|p2a: Torterra|19/100|[silent]
|upkeep
|turn|14
|
|t:|1779961130
|move|p1a: Gyarados|Crunch|p2a: Torterra
|-damage|p2a: Torterra|0 fnt
|faint|p2a: Torterra
|-ability|p1a: Gyarados|Moxie|boost
|-boost|p1a: Gyarados|atk|1
|-damage|p1a: Gyarados|26/100|[from] item: Life Orb
|
|upkeep
|
|t:|1779961138
|switch|p2a: Toxapex|Toxapex, M|50/100
|turn|15
|
|t:|1779961150
|move|p2a: Toxapex|Baneful Bunker|p2a: Toxapex
|-singleturn|p2a: Toxapex|move: Protect
|move|p1a: Gyarados|Dragon Dance|p1a: Gyarados
|-boost|p1a: Gyarados|atk|1
|-boost|p1a: Gyarados|spe|1
|
|-heal|p2a: Toxapex|56/100|[from] item: Black Sludge
|-damage|p1a: Gyarados|14/100|[from] Leech Seed|[of] p2a: Toxapex
|-heal|p2a: Toxapex|69/100|[silent]
|upkeep
|turn|16
|
|t:|1779961160
|switch|p2a: Tyranitar|Tyranitar, M|100/100
|-weather|Sandstorm|[from] ability: Sand Stream|[of] p2a: Tyranitar
|move|p1a: Gyarados|Earthquake|p2a: Tyranitar
|-supereffective|p2a: Tyranitar
|-damage|p2a: Tyranitar|0 fnt
|faint|p2a: Tyranitar
|-ability|p1a: Gyarados|Moxie|boost
|-boost|p1a: Gyarados|atk|1
|-damage|p1a: Gyarados|4/100|[from] item: Life Orb
|
|-weather|Sandstorm|[upkeep]
|-damage|p1a: Gyarados|0 fnt|[from] Sandstorm
|faint|p1a: Gyarados
|upkeep
|
|t:|1779961175
|switch|p1a: Hippowdon|Hippowdon, F|100/100
|switch|p2a: Tinkaton|Tinkaton, F|100/100
|-ability|p2a: Tinkaton|Mold Breaker
|turn|17
|
|t:|1779961182
|move|p2a: Tinkaton|Ice Hammer|p1a: Hippowdon
|-supereffective|p1a: Hippowdon
|-damage|p1a: Hippowdon|75/100
|-unboost|p2a: Tinkaton|spe|1
|-damage|p2a: Tinkaton|84/100|[from] item: Rocky Helmet|[of] p1a: Hippowdon
|move|p1a: Hippowdon|Earthquake|p2a: Tinkaton
|-supereffective|p2a: Tinkaton
|-damage|p2a: Tinkaton|0 fnt
|faint|p2a: Tinkaton
|
|-weather|Sandstorm|[upkeep]
|upkeep
|-message|WiLDfan4 forfeited.
|
|win|Kuevo92
|raw|Kuevo92's rating: 1113 &rarr; <strong>1138</strong><br />(+25 for winning)
|raw|WiLDfan4's rating: 1111 &rarr; <strong>1086</strong><br />(-25 for losing)
|l|‽WiLDfan4
|player|p2|
|l|☆Kuevo92
|player|p1|
