|j|☆choispecs ironmoth
|j|☆Burritobrown99
|t:|1779893629
|gametype|singles
|player|p1|choispecs ironmoth|lucas|1624
|player|p2|Burritobrown99|2|1524
|gen|9
|tier|[Gen 9] OU
|rated|
|rule|HP Percentage Mod: HP is shown in percentages
|rule|Endless Battle Clause: Forcing endless battles is banned
|rule|Species Clause: Limit one of each Pokémon
|rule|OHKO Clause: OHKO moves are banned
|rule|Evasion Items Clause: Evasion items are banned
|rule|Evasion Moves Clause: Evasion moves are banned
|rule|Evasion Abilities Clause: Evasion abilities are banned
|rule|Sleep Moves Clause: Sleep-inducing moves are banned
|clearpoke
|poke|p1|Kyurem|
|poke|p1|Cinderace, F|
|poke|p1|Kingambit, M|
|poke|p1|Landorus-Therian, M|
|poke|p1|Iron Valiant|
|poke|p1|Slowking-Galar, F|
|poke|p2|Keldeo|
|poke|p2|Gliscor, F|
|poke|p2|Ting-Lu|
|poke|p2|Tinkaton, F|
|poke|p2|Dragonite, F|
|poke|p2|Sinistcha|
|teampreview
|inactive|Battle timer is ON: inactive players will automatically lose when time's up. (requested by Burritobrown99)
|
|t:|1779893638
|teamsize|p1|6
|teamsize|p2|6
|start
|switch|p1a: Slowking|Slowking-Galar, F|100/100
|switch|p2a: Keldeo|Keldeo|100/100
|turn|1
|
|t:|1779893642
|move|p2a: Keldeo|Flip Turn|p1a: Slowking
|-damage|p1a: Slowking|86/100
|
|t:|1779893646
|switch|p2a: Ting-Lu|Ting-Lu|100/100|[from] Flip Turn
|-ability|p2a: Ting-Lu|Vessel of Ruin
|-prepare|p1a: Slowking|Chilly Reception|[premajor]
|move|p1a: Slowking|Chilly Reception|p1a: Slowking
|-weather|Snowscape
|
|t:|1779893650
|switch|p1a: Kyurem|Kyurem|100/100|[from] Chilly Reception
|-ability|p1a: Kyurem|Pressure
|
|-weather|Snowscape|[upkeep]
|upkeep
|turn|2
|
|t:|1779893654
|move|p1a: Kyurem|Blizzard|p2a: Ting-Lu
|-supereffective|p2a: Ting-Lu
|-damage|p2a: Ting-Lu|51/100
|move|p2a: Ting-Lu|Whirlwind|p1a: Kyurem
|drag|p1a: Kingambit|Kingambit, M|100/100
|
|-weather|Snowscape|[upkeep]
|-heal|p2a: Ting-Lu|58/100|[from] item: Leftovers
|upkeep
|turn|3
|
|t:|1779893663
|move|p1a: Kingambit|Low Kick|p2a: Ting-Lu
|-supereffective|p2a: Ting-Lu
|-damage|p2a: Ting-Lu|3/100
|move|p2a: Ting-Lu|Spikes|p1a: Kingambit
|-sidestart|p1: choispecs ironmoth|Spikes
|
|-weather|Snowscape|[upkeep]
|-heal|p2a: Ting-Lu|9/100|[from] item: Leftovers
|upkeep
|turn|4
|
|t:|1779893687
|move|p1a: Kingambit|Kowtow Cleave|p2a: Ting-Lu
|-resisted|p2a: Ting-Lu
|-damage|p2a: Ting-Lu|0 fnt
|faint|p2a: Ting-Lu
|
|-weather|Snowscape|[upkeep]
|upkeep
|
|t:|1779893691
|switch|p2a: Keldeo|Keldeo|100/100
|turn|5
|
|t:|1779893694
|-end|p1a: Kingambit|fallenundefined|[silent]
|switch|p1a: Slowking|Slowking-Galar, F|100/100
|move|p2a: Keldeo|Flip Turn|p1a: Slowking
|-damage|p1a: Slowking|86/100
|
|t:|1779893697
|switch|p2a: Gliscor|Gliscor, F|100/100|[from] Flip Turn
|
|-weather|none
|-status|p2a: Gliscor|tox|[from] item: Toxic Orb
|upkeep
|turn|6
|
|t:|1779893703
|move|p2a: Gliscor|Knock Off|p1a: Slowking
|-supereffective|p1a: Slowking
|-damage|p1a: Slowking|28/100
|-enditem|p1a: Slowking|Heavy-Duty Boots|[from] move: Knock Off|[of] p2a: Gliscor
|-prepare|p1a: Slowking|Chilly Reception|[premajor]
|move|p1a: Slowking|Chilly Reception|p1a: Slowking
|-weather|Snowscape
|
|t:|1779893706
|switch|p1a: Kyurem|Kyurem|100/100|[from] Chilly Reception
|-damage|p1a: Kyurem|88/100|[from] Spikes
|-ability|p1a: Kyurem|Pressure
|
|-weather|Snowscape|[upkeep]
|upkeep
|turn|7
|
|t:|1779893714
|move|p2a: Gliscor|Protect|p2a: Gliscor
|-singleturn|p2a: Gliscor|Protect
|move|p1a: Kyurem|Blizzard|p2a: Gliscor
|-activate|p2a: Gliscor|move: Protect
|
|-weather|Snowscape|[upkeep]
|upkeep
|turn|8
|
|t:|1779893729
|switch|p2a: Tinkaton|Tinkaton, F|100/100
|-ability|p2a: Tinkaton|Mold Breaker
|-item|p2a: Tinkaton|Air Balloon
|move|p1a: Kyurem|Freeze-Dry|p2a: Tinkaton
|-resisted|p2a: Tinkaton
|-damage|p2a: Tinkaton|83/100
|-enditem|p2a: Tinkaton|Air Balloon
|
|-weather|Snowscape|[upkeep]
|upkeep
|turn|9
|
|t:|1779893743
|switch|p1a: Landorus|Landorus-Therian, M|100/100
|-ability|p1a: Landorus|Intimidate|boost
|-unboost|p2a: Tinkaton|atk|1
|move|p2a: Tinkaton|Thunder Wave|p1a: Landorus
|-immune|p1a: Landorus
|
|-weather|Snowscape|[upkeep]
|upkeep
|turn|10
|
|t:|1779893753
|switch|p2a: Sinistcha|Sinistcha|100/100
|move|p1a: Landorus|U-turn|p2a: Sinistcha
|-damage|p2a: Sinistcha|84/100
|
|t:|1779893757
|switch|p1a: Kyurem|Kyurem|88/100|[from] U-turn
|-damage|p1a: Kyurem|76/100|[from] Spikes
|-ability|p1a: Kyurem|Pressure
|
|-weather|none
|-heal|p2a: Sinistcha|90/100|[from] item: Leftovers
|upkeep
|turn|11
|
|t:|1779893762
|switch|p2a: Tinkaton|Tinkaton, F|83/100
|-ability|p2a: Tinkaton|Mold Breaker
|move|p1a: Kyurem|Blizzard|p2a: Tinkaton
|-resisted|p2a: Tinkaton
|-damage|p2a: Tinkaton|59/100
|
|upkeep
|turn|12
|
|t:|1779893769
|move|p2a: Tinkaton|Stealth Rock|p1a: Kyurem
|-sidestart|p1: choispecs ironmoth|move: Stealth Rock
|move|p1a: Kyurem|Earth Power|p2a: Tinkaton
|-supereffective|p2a: Tinkaton
|-crit|p2a: Tinkaton
|-damage|p2a: Tinkaton|0 fnt
|faint|p2a: Tinkaton
|
|upkeep
|
|t:|1779893774
|switch|p2a: Keldeo|Keldeo|100/100
|turn|13
|
|t:|1779893778
|switch|p1a: Slowking|Slowking-Galar, F|61/100
|-damage|p1a: Slowking|49/100|[from] Spikes
|-damage|p1a: Slowking|36/100|[from] Stealth Rock
|move|p2a: Keldeo|Aura Sphere|p1a: Slowking
|-resisted|p1a: Slowking
|-crit|p1a: Slowking
|-damage|p1a: Slowking|27/100
|
|upkeep
|turn|14
|
|t:|1779893781
|move|p2a: Keldeo|Surf|p1a: Slowking
|-damage|p1a: Slowking|0 fnt
|faint|p1a: Slowking
|
|upkeep
|
|t:|1779893785
|switch|p1a: Cinderace|Cinderace, F|100/100
|turn|15
|
|t:|1779893795
|move|p1a: Cinderace|Court Change|p1a: Cinderace
|-start|p1a: Cinderace|typechange|Normal|[from] ability: Libero
|-swapsideconditions
|-activate|p1a: Cinderace|move: Court Change
|move|p2a: Keldeo|Surf|p1a: Cinderace
|-damage|p1a: Cinderace|37/100
|
|upkeep
|turn|16
|
|t:|1779893801
|move|p2a: Keldeo|Vacuum Wave|p1a: Cinderace
|-supereffective|p1a: Cinderace
|-damage|p1a: Cinderace|0 fnt
|faint|p1a: Cinderace
|
|upkeep
|
|t:|1779893806
|switch|p1a: Iron Valiant|Iron Valiant|100/100
|-enditem|p1a: Iron Valiant|Booster Energy
|-activate|p1a: Iron Valiant|ability: Quark Drive|[fromitem]
|-start|p1a: Iron Valiant|quarkdrivespe
|turn|17
|
|t:|1779893812
|-terastallize|p2a: Keldeo|Water
|move|p1a: Iron Valiant|Calm Mind|p1a: Iron Valiant
|-boost|p1a: Iron Valiant|spa|1
|-boost|p1a: Iron Valiant|spd|1
|move|p2a: Keldeo|Surf|p1a: Iron Valiant
|-damage|p1a: Iron Valiant|31/100
|
|upkeep
|turn|18
|j| npbijmailo
|
|t:|1779893818
|move|p1a: Iron Valiant|Moonblast|p2a: Keldeo
|-damage|p2a: Keldeo|13/100
|-unboost|p2a: Keldeo|spa|1
|move|p2a: Keldeo|Surf|p1a: Iron Valiant
|-damage|p1a: Iron Valiant|0 fnt
|faint|p1a: Iron Valiant
|-end|p1a: Iron Valiant|Quark Drive|[silent]
|
|upkeep
|
|t:|1779893826
|switch|p1a: Kyurem|Kyurem|76/100
|-ability|p1a: Kyurem|Pressure
|turn|19
|
|t:|1779893830
|move|p2a: Keldeo|Aura Sphere|p1a: Kyurem
|-supereffective|p1a: Kyurem
|-damage|p1a: Kyurem|43/100
|move|p1a: Kyurem|Freeze-Dry|p2a: Keldeo
|-supereffective|p2a: Keldeo
|-damage|p2a: Keldeo|0 fnt
|faint|p2a: Keldeo
|
|upkeep
|
|t:|1779893839
|switch|p2a: Gliscor|Gliscor, F|100/100 tox
|-damage|p2a: Gliscor|88/100 tox|[from] Stealth Rock
|turn|20
|
|t:|1779893841
|move|p2a: Gliscor|Facade|p1a: Kyurem
|-crit|p1a: Kyurem
|-damage|p1a: Kyurem|1/100
|move|p1a: Kyurem|Freeze-Dry|p2a: Gliscor
|-supereffective|p2a: Gliscor
|-damage|p2a: Gliscor|0 fnt
|faint|p2a: Gliscor
|
|upkeep
|
|t:|1779893847
|switch|p2a: Dragonite|Dragonite, F|100/100
|turn|21
|
|t:|1779893850
|move|p2a: Dragonite|Extreme Speed|p1a: Kyurem
|-damage|p1a: Kyurem|0 fnt
|faint|p1a: Kyurem
|
|upkeep
|
|t:|1779893854
|switch|p1a: Landorus|Landorus-Therian, M|100/100
|-ability|p1a: Landorus|Intimidate|boost
|-unboost|p2a: Dragonite|atk|1
|turn|22
|
|t:|1779893859
|switch|p2a: Sinistcha|Sinistcha|90/100
|-damage|p2a: Sinistcha|77/100|[from] Spikes
|-damage|p2a: Sinistcha|65/100|[from] Stealth Rock
|move|p1a: Landorus|Rock Tomb|p2a: Sinistcha
|-damage|p2a: Sinistcha|51/100
|-unboost|p2a: Sinistcha|spe|1
|
|-heal|p2a: Sinistcha|57/100|[from] item: Leftovers
|upkeep
|turn|23
|
|t:|1779893863
|move|p1a: Landorus|Taunt|p2a: Sinistcha
|-start|p2a: Sinistcha|move: Taunt
|cant|p2a: Sinistcha|move: Taunt|Strength Sap
|
|-heal|p2a: Sinistcha|63/100|[from] item: Leftovers
|upkeep
|turn|24
|
|t:|1779893868
|move|p1a: Landorus|Rock Tomb|p2a: Sinistcha
|-damage|p2a: Sinistcha|49/100
|-unboost|p2a: Sinistcha|spe|1
|move|p2a: Sinistcha|Matcha Gotcha|p1a: Landorus|[miss]
|-miss|p2a: Sinistcha|p1a: Landorus
|
|-heal|p2a: Sinistcha|55/100|[from] item: Leftovers
|upkeep
|turn|25
|
|t:|1779893871
|move|p1a: Landorus|U-turn|p2a: Sinistcha
|-damage|p2a: Sinistcha|40/100
|
|t:|1779893873
|switch|p1a: Kingambit|Kingambit, M|100/100|[from] U-turn
|-activate|p1a: Kingambit|ability: Supreme Overlord
|-start|p1a: Kingambit|fallen4|[silent]
|move|p2a: Sinistcha|Matcha Gotcha|p1a: Kingambit
|-resisted|p1a: Kingambit
|-damage|p1a: Kingambit|83/100
|-heal|p2a: Sinistcha|49/100|[from] drain|[of] p1a: Kingambit
|
|-heal|p1a: Kingambit|89/100|[from] item: Leftovers
|-heal|p2a: Sinistcha|55/100|[from] item: Leftovers
|-end|p2a: Sinistcha|move: Taunt
|upkeep
|turn|26
|
|t:|1779893880
|move|p1a: Kingambit|Swords Dance|p1a: Kingambit
|-boost|p1a: Kingambit|atk|2
|move|p2a: Sinistcha|Strength Sap|p1a: Kingambit
|-unboost|p1a: Kingambit|atk|1
|-heal|p2a: Sinistcha|100/100
|
|-heal|p1a: Kingambit|95/100|[from] item: Leftovers
|upkeep
|turn|27
|
|t:|1779893884
|move|p1a: Kingambit|Kowtow Cleave|p2a: Sinistcha
|-supereffective|p2a: Sinistcha
|-damage|p2a: Sinistcha|0 fnt
|faint|p2a: Sinistcha
|
|-heal|p1a: Kingambit|100/100|[from] item: Leftovers
|upkeep
|
|t:|1779893886
|switch|p2a: Dragonite|Dragonite, F|100/100
|turn|28
|
|t:|1779893889
|-terastallize|p1a: Kingambit|Flying
|move|p1a: Kingambit|Kowtow Cleave|p2a: Dragonite
|-damage|p2a: Dragonite|53/100
|move|p2a: Dragonite|Earthquake|p1a: Kingambit
|-immune|p1a: Kingambit
|
|upkeep
|turn|29
|
|t:|1779893895
|move|p1a: Kingambit|Kowtow Cleave|p2a: Dragonite
|-damage|p2a: Dragonite|0 fnt
|faint|p2a: Dragonite
|
|win|choispecs ironmoth
|raw|choispecs ironmoth's rating: 1624 &rarr; <strong>1638</strong><br />(+14 for winning)
|raw|Burritobrown99's rating: 1524 &rarr; <strong>1510</strong><br />(-14 for losing)
|l| npbijmailo
|l|☆Burritobrown99
|player|p2|
