|j|☆tgdztg
|j|☆zyrox.x3
|t:|1779947085
|gametype|singles
|player|p1|tgdztg|ingo|1139
|player|p2|zyrox.x3|ivor|1139
|gen|9
|tier|[Gen 9] OU
|rated|
|rule|HP Percentage Mod: HP is shown in percentages
|rule|Endless Battle Clause: Forcing endless battles is banned
|rule|Species Clause: Limit one of each Pokémon
|rule|OHKO Clause: OHKO moves are banned
|rule|Evasion Items Clause: Evasion items are banned
|rule|Evasion Moves Clause: Evasion moves are banned
|rule|Evasion Abilities Clause: Evasion abilities are banned
|rule|Sleep Moves Clause: Sleep-inducing moves are banned
|clearpoke
|poke|p1|Ogerpon-Wellspring, F|
|poke|p1|Great Tusk|
|poke|p1|Slowking-Galar, M|
|poke|p1|Iron Valiant|
|poke|p1|Corviknight, F|
|poke|p1|Iron Crown|
|poke|p2|Iron Crown|
|poke|p2|Deoxys-Speed|
|poke|p2|Armarouge, M|
|poke|p2|Ogerpon, F|
|poke|p2|Samurott-Hisui, M|
|poke|p2|Iron Valiant|
|teampreview
|inactive|Battle timer is ON: inactive players will automatically lose when time's up. (requested by zyrox.x3)
|inactive|zyrox.x3 has 120 seconds left.
|inactive|zyrox.x3 has 90 seconds left.
|
|t:|1779947147
|teamsize|p1|6
|teamsize|p2|6
|start
|switch|p1a: Corviknight|Corviknight, F|100/100
|switch|p2a: Deoxys|Deoxys-Speed|100/100
|-ability|p2a: Deoxys|Pressure
|turn|1
|
|t:|1779947165
|move|p2a: Deoxys|Taunt|p1a: Corviknight
|-start|p1a: Corviknight|move: Taunt
|move|p1a: Corviknight|U-turn|p2a: Deoxys
|-supereffective|p2a: Deoxys
|-damage|p2a: Deoxys|54/100
|
|t:|1779947183
|switch|p1a: Great Tusk|Great Tusk|100/100|[from] U-turn
|
|upkeep
|turn|2
|
|t:|1779947199
|-end|p1a: Great Tusk|Protosynthesis|[silent]
|switch|p1a: Corviknight|Corviknight, F|100/100
|move|p2a: Deoxys|Stealth Rock|p1a: Corviknight
|-sidestart|p1: tgdztg|move: Stealth Rock
|
|upkeep
|turn|3
|
|t:|1779947205
|move|p2a: Deoxys|Psychic Terrain|p2a: Deoxys
|-fieldstart|move: Psychic Terrain
|move|p1a: Corviknight|U-turn|p2a: Deoxys
|-supereffective|p2a: Deoxys
|-damage|p2a: Deoxys|9/100
|
|t:|1779947211
|switch|p1a: Great Tusk|Great Tusk|100/100|[from] U-turn
|-damage|p1a: Great Tusk|97/100|[from] Stealth Rock
|
|-heal|p1a: Great Tusk|100/100|[from] item: Leftovers
|upkeep
|turn|4
|
|t:|1779947219
|-terastallize|p1a: Great Tusk|Steel
|move|p2a: Deoxys|Expanding Force|p1a: Great Tusk
|-resisted|p1a: Great Tusk
|-damage|p1a: Great Tusk|49/100
|move|p1a: Great Tusk|Rapid Spin|p2a: Deoxys
|-damage|p2a: Deoxys|0 fnt
|-boost|p1a: Great Tusk|spe|1
|-sideend|p1: tgdztg|Stealth Rock|[from] move: Rapid Spin|[of] p1a: Great Tusk
|faint|p2a: Deoxys
|
|-heal|p1a: Great Tusk|55/100|[from] item: Leftovers
|upkeep
|
|t:|1779947226
|switch|p2a: Armarouge|Armarouge, M, shiny|100/100
|turn|5
|
|t:|1779947237
|move|p2a: Armarouge|Endure|p2a: Armarouge
|-singleturn|p2a: Armarouge|move: Endure
|move|p1a: Great Tusk|Earthquake|p2a: Armarouge
|-supereffective|p2a: Armarouge
|-activate|p2a: Armarouge|move: Endure
|-damage|p2a: Armarouge|1/100
|-ability|p2a: Armarouge|Weak Armor|boost
|-unboost|p2a: Armarouge|def|1
|-boost|p2a: Armarouge|spe|2
|-enditem|p2a: Armarouge|Weakness Policy
|-boost|p2a: Armarouge|atk|2|[from] item: Weakness Policy
|-boost|p2a: Armarouge|spa|2|[from] item: Weakness Policy
|
|-heal|p1a: Great Tusk|62/100|[from] item: Leftovers
|upkeep
|turn|6
|
|t:|1779947253
|move|p2a: Armarouge|Expanding Force|p1a: Great Tusk
|-resisted|p1a: Great Tusk
|-damage|p1a: Great Tusk|0 fnt
|faint|p1a: Great Tusk
|-end|p1a: Great Tusk|Protosynthesis|[silent]
|
|upkeep
|
|t:|1779947264
|switch|p1a: Iron Crown|Iron Crown|100/100
|-enditem|p1a: Iron Crown|Booster Energy
|-activate|p1a: Iron Crown|ability: Quark Drive|[fromitem]
|-start|p1a: Iron Crown|quarkdrivespa
|turn|7
|
|t:|1779947273
|move|p2a: Armarouge|Armor Cannon|p1a: Iron Crown
|-supereffective|p1a: Iron Crown
|-damage|p1a: Iron Crown|0 fnt
|-unboost|p2a: Armarouge|def|1
|-unboost|p2a: Armarouge|spd|1
|faint|p1a: Iron Crown
|-end|p1a: Iron Crown|Quark Drive|[silent]
|
|upkeep
|
|t:|1779947282
|switch|p1a: Corviknight|Corviknight, F|100/100
|turn|8
|-message|tgdztg forfeited.
|
|win|zyrox.x3
|raw|tgdztg's rating: 1139 &rarr; <strong>1114</strong><br />(-25 for losing)
|raw|zyrox.x3's rating: 1139 &rarr; <strong>1164</strong><br />(+25 for winning)
|l|☆tgdztg
|player|p1|
|l|☆zyrox.x3
|player|p2|
