|j|☆xxxduqi
|j|☆blake-mamba
|t:|1779943481
|gametype|singles
|player|p1|xxxduqi|miku-flying|1473
|player|p2|blake-mamba|lance|1531
|gen|9
|tier|[Gen 9] OU
|rated|
|rule|HP Percentage Mod: HP is shown in percentages
|rule|Endless Battle Clause: Forcing endless battles is banned
|rule|Species Clause: Limit one of each Pokémon
|rule|OHKO Clause: OHKO moves are banned
|rule|Evasion Items Clause: Evasion items are banned
|rule|Evasion Moves Clause: Evasion moves are banned
|rule|Evasion Abilities Clause: Evasion abilities are banned
|rule|Sleep Moves Clause: Sleep-inducing moves are banned
|clearpoke
|poke|p1|Latias, F|
|poke|p1|Darkrai|
|poke|p1|Slowking-Galar, F|
|poke|p1|Corviknight, M|
|poke|p1|Hatterene, F|
|poke|p1|Kingambit, F|
|poke|p2|Kleavor, M|
|poke|p2|Glimmora, F|
|poke|p2|Iron Boulder|
|poke|p2|Arcanine-Hisui, F|
|poke|p2|Ogerpon-Cornerstone, F|
|poke|p2|Minior|
|teampreview
|inactive|Battle timer is ON: inactive players will automatically lose when time's up. (requested by xxxduqi)
|
|t:|1779943489
|teamsize|p1|6
|teamsize|p2|6
|start
|switch|p1a: Hatterene|Hatterene, F|100/100
|switch|p2a: Kleavor|Kleavor, M|100/100
|turn|1
|
|t:|1779943495
|move|p2a: Kleavor|Stone Axe|p1a: Hatterene
|-damage|p1a: Hatterene|45/100
|-sidestart|p1: xxxduqi|move: Stealth Rock
|move|p1a: Hatterene|Nuzzle|p2a: Kleavor
|-damage|p2a: Kleavor|94/100
|-status|p2a: Kleavor|par
|
|upkeep
|turn|2
|
|t:|1779943503
|move|p2a: Kleavor|Stone Axe|p1a: Hatterene
|-damage|p1a: Hatterene|0 fnt
|faint|p1a: Hatterene
|
|upkeep
|
|t:|1779943512
|switch|p1a: Corviknight|Corviknight, M|100/100
|-damage|p1a: Corviknight|88/100|[from] Stealth Rock
|-ability|p1a: Corviknight|Pressure
|turn|3
|
|t:|1779943517
|cant|p2a: Kleavor|par
|move|p1a: Corviknight|Defog|p2a: Kleavor
|-unboost|p2a: Kleavor|evasion|1
|-sideend|p1: xxxduqi|Stealth Rock|[from] move: Defog|[of] p1a: Corviknight
|
|upkeep
|turn|4
|
|t:|1779943523
|cant|p2a: Kleavor|par
|move|p1a: Corviknight|Brave Bird|p2a: Kleavor
|-damage|p2a: Kleavor|45/100 par
|-damage|p1a: Corviknight|77/100|[from] Recoil
|
|upkeep
|turn|5
|
|t:|1779943530
|move|p2a: Kleavor|Stone Axe|p1a: Corviknight
|-damage|p1a: Corviknight|39/100
|-damage|p2a: Kleavor|29/100 par|[from] item: Rocky Helmet|[of] p1a: Corviknight
|-sidestart|p1: xxxduqi|move: Stealth Rock
|move|p1a: Corviknight|Brave Bird|p2a: Kleavor
|-damage|p2a: Kleavor|0 fnt
|faint|p2a: Kleavor
|-damage|p1a: Corviknight|32/100|[from] Recoil
|
|upkeep
|
|t:|1779943541
|switch|p2a: Arcanine|Arcanine-Hisui, F|100/100
|turn|6
|
|t:|1779943545
|switch|p1a: Latias|Latias, F|100/100
|-damage|p1a: Latias|88/100|[from] Stealth Rock
|move|p2a: Arcanine|Flame Charge|p1a: Latias
|-resisted|p1a: Latias
|-damage|p1a: Latias|76/100
|-boost|p2a: Arcanine|spe|1
|-damage|p2a: Arcanine|91/100|[from] item: Life Orb
|
|-heal|p1a: Latias|82/100|[from] item: Leftovers
|upkeep
|turn|7
|
|t:|1779943557
|move|p2a: Arcanine|Head Smash|p1a: Latias
|-damage|p1a: Latias|12/100
|-damage|p2a: Arcanine|81/100|[from] item: Life Orb
|move|p1a: Latias|Draco Meteor|p2a: Arcanine
|-damage|p2a: Arcanine|21/100
|-unboost|p1a: Latias|spa|2
|
|-heal|p1a: Latias|18/100|[from] item: Leftovers
|upkeep
|turn|8
|
|t:|1779943568
|move|p2a: Arcanine|Flare Blitz|p1a: Latias
|-resisted|p1a: Latias
|-damage|p1a: Latias|0 fnt
|faint|p1a: Latias
|-damage|p2a: Arcanine|11/100|[from] item: Life Orb
|
|upkeep
|
|t:|1779943570
|switch|p1a: Kingambit|Kingambit, F|100/100
|-damage|p1a: Kingambit|94/100|[from] Stealth Rock
|-activate|p1a: Kingambit|ability: Supreme Overlord
|-start|p1a: Kingambit|fallen2|[silent]
|turn|9
|
|t:|1779943579
|move|p1a: Kingambit|Sucker Punch|p2a: Arcanine
|-damage|p2a: Arcanine|0 fnt
|faint|p2a: Arcanine
|
|-heal|p1a: Kingambit|100/100|[from] item: Leftovers
|upkeep
|
|t:|1779943586
|switch|p2a: Iron Boulder|Iron Boulder|100/100
|-enditem|p2a: Iron Boulder|Booster Energy
|-activate|p2a: Iron Boulder|ability: Quark Drive|[fromitem]
|-start|p2a: Iron Boulder|quarkdrivespe
|turn|10
|
|t:|1779943591
|-terastallize|p2a: Iron Boulder|Fighting
|move|p1a: Kingambit|Sucker Punch||[still]
|-fail|p1a: Kingambit
|move|p2a: Iron Boulder|Swords Dance|p2a: Iron Boulder
|-boost|p2a: Iron Boulder|atk|2
|
|upkeep
|turn|11
|
|t:|1779943599
|-terastallize|p1a: Kingambit|Ghost
|move|p2a: Iron Boulder|Sacred Sword|p1a: Kingambit
|-immune|p1a: Kingambit
|move|p1a: Kingambit|Iron Head|p2a: Iron Boulder
|-damage|p2a: Iron Boulder|36/100
|
|upkeep
|turn|12
|
|t:|1779943607
|move|p2a: Iron Boulder|Mighty Cleave|p1a: Kingambit
|-damage|p1a: Kingambit|29/100
|move|p1a: Kingambit|Iron Head|p2a: Iron Boulder
|-damage|p2a: Iron Boulder|0 fnt
|faint|p2a: Iron Boulder
|-end|p2a: Iron Boulder|Quark Drive|[silent]
|
|-heal|p1a: Kingambit|35/100|[from] item: Leftovers
|upkeep
|
|t:|1779943618
|switch|p2a: Ogerpon|Ogerpon-Cornerstone, F|100/100
|turn|13
|
|t:|1779943626
|-end|p1a: Kingambit|fallen2|[silent]
|switch|p1a: Corviknight|Corviknight, M|32/100
|-damage|p1a: Corviknight|20/100|[from] Stealth Rock
|-ability|p1a: Corviknight|Pressure
|move|p2a: Ogerpon|Ivy Cudgel|p1a: Corviknight|[anim] Ivy Cudgel Rock
|-damage|p1a: Corviknight|0 fnt
|faint|p1a: Corviknight
|
|upkeep
|
|t:|1779943628
|switch|p1a: Darkrai|Darkrai|100/100
|turn|14
|
|t:|1779943639
|move|p1a: Darkrai|Will-O-Wisp|p2a: Ogerpon
|-status|p2a: Ogerpon|brn
|move|p2a: Ogerpon|Trailblaze|p1a: Darkrai
|-damage|p1a: Darkrai|79/100
|-boost|p2a: Ogerpon|spe|1
|
|-damage|p2a: Ogerpon|95/100 brn|[from] brn
|upkeep
|turn|15
|
|t:|1779943650
|move|p2a: Ogerpon|Swords Dance|p2a: Ogerpon
|-boost|p2a: Ogerpon|atk|2
|move|p1a: Darkrai|Sludge Bomb|p2a: Ogerpon
|-damage|p2a: Ogerpon|56/100 brn
|
|-damage|p2a: Ogerpon|50/100 brn|[from] brn
|upkeep
|turn|16
|
|t:|1779943658
|move|p2a: Ogerpon|Ivy Cudgel|p1a: Darkrai|[anim] Ivy Cudgel Rock
|-damage|p1a: Darkrai|0 fnt
|faint|p1a: Darkrai
|
|-damage|p2a: Ogerpon|44/100 brn|[from] brn
|upkeep
|
|t:|1779943663
|switch|p1a: Kingambit|Kingambit, F, tera:Ghost|35/100
|-damage|p1a: Kingambit|23/100|[from] Stealth Rock
|-activate|p1a: Kingambit|ability: Supreme Overlord
|-start|p1a: Kingambit|fallen4|[silent]
|turn|17
|
|t:|1779943670
|switch|p2a: Glimmora|Glimmora, F|100/100
|move|p1a: Kingambit|Sucker Punch||[still]
|-fail|p1a: Kingambit
|
|-heal|p1a: Kingambit|29/100|[from] item: Leftovers
|upkeep
|turn|18
|
|t:|1779943678
|-end|p1a: Kingambit|fallen4|[silent]
|switch|p1a: Slowking|Slowking-Galar, F|100/100
|move|p2a: Glimmora|Meteor Beam||[still]
|-prepare|p2a: Glimmora|Meteor Beam
|-boost|p2a: Glimmora|spa|1
|-enditem|p2a: Glimmora|Power Herb
|-anim|p2a: Glimmora|Meteor Beam|p1a: Slowking
|-damage|p1a: Slowking|37/100
|
|upkeep
|turn|19
|
|t:|1779943687
|move|p2a: Glimmora|Earth Power|p1a: Slowking
|-supereffective|p1a: Slowking
|-damage|p1a: Slowking|0 fnt
|faint|p1a: Slowking
|
|upkeep
|-message|xxxduqi forfeited.
|
|win|blake-mamba
|raw|xxxduqi's rating: 1473 &rarr; <strong>1456</strong><br />(-17 for losing)
|raw|blake-mamba's rating: 1531 &rarr; <strong>1548</strong><br />(+17 for winning)
|l|☆xxxduqi
|player|p1|
|l|☆blake-mamba
|player|p2|
