|j|☆Opem
|j|☆W80
|t:|1779972081
|gametype|singles
|player|p1|Opem|juggler|1324
|player|p2|W80|169|1296
|gen|9
|tier|[Gen 9] OU
|rated|
|rule|HP Percentage Mod: HP is shown in percentages
|rule|Endless Battle Clause: Forcing endless battles is banned
|rule|Species Clause: Limit one of each Pokémon
|rule|OHKO Clause: OHKO moves are banned
|rule|Evasion Items Clause: Evasion items are banned
|rule|Evasion Moves Clause: Evasion moves are banned
|rule|Evasion Abilities Clause: Evasion abilities are banned
|rule|Sleep Moves Clause: Sleep-inducing moves are banned
|clearpoke
|poke|p1|Yanmega, F|
|poke|p1|Iron Moth|
|poke|p1|Gholdengo|
|poke|p1|Samurott-Hisui, M|
|poke|p1|Darkrai|
|poke|p1|Great Tusk|
|poke|p2|Deoxys-Speed|
|poke|p2|Pecharunt|
|poke|p2|Kingambit, M|
|poke|p2|Gliscor, M|
|poke|p2|Keldeo-Resolute|
|poke|p2|Zamazenta-*|
|teampreview
|
|t:|1779972092
|teamsize|p1|6
|teamsize|p2|6
|start
|switch|p1a: Samurott|Samurott-Hisui, M|100/100
|switch|p2a: Deoxys|Deoxys-Speed|100/100
|-ability|p2a: Deoxys|Pressure
|turn|1
|
|t:|1779972101
|-terastallize|p2a: Deoxys|Fighting
|move|p2a: Deoxys|Stealth Rock|p1a: Samurott
|-sidestart|p1: Opem|move: Stealth Rock
|move|p1a: Samurott|Ceaseless Edge|p2a: Deoxys
|-resisted|p2a: Deoxys
|-damage|p2a: Deoxys|64/100
|-sidestart|p2: W80|Spikes
|
|upkeep
|turn|2
|
|t:|1779972106
|move|p2a: Deoxys|Superpower|p1a: Samurott
|-supereffective|p1a: Samurott
|-enditem|p1a: Samurott|Focus Sash
|-damage|p1a: Samurott|1/100
|-unboost|p2a: Deoxys|atk|1
|-unboost|p2a: Deoxys|def|1
|-enditem|p2a: Deoxys|Eject Pack
|
|t:|1779972121
|switch|p2a: Zamazenta|Zamazenta|100/100
|-ability|p2a: Zamazenta|Dauntless Shield|boost
|-boost|p2a: Zamazenta|def|1
|move|p1a: Samurott|Ceaseless Edge|p2a: Zamazenta
|-resisted|p2a: Zamazenta
|-damage|p2a: Zamazenta|88/100
|-sidestart|p2: W80|Spikes
|
|upkeep
|turn|3
|
|t:|1779972124
|move|p2a: Zamazenta|Crunch|p1a: Samurott
|-resisted|p1a: Samurott
|-damage|p1a: Samurott|0 fnt
|faint|p1a: Samurott
|
|upkeep
|
|t:|1779972130
|switch|p1a: Gholdengo|Gholdengo|100/100
|-damage|p1a: Gholdengo|94/100|[from] Stealth Rock
|turn|4
|
|t:|1779972136
|move|p1a: Gholdengo|Dazzling Gleam|p2a: Zamazenta
|-supereffective|p2a: Zamazenta
|-crit|p2a: Zamazenta
|-damage|p2a: Zamazenta|14/100
|move|p2a: Zamazenta|Crunch|p1a: Gholdengo
|-supereffective|p1a: Gholdengo
|-damage|p1a: Gholdengo|37/100
|
|upkeep
|turn|5
|
|t:|1779972147
|move|p1a: Gholdengo|Dazzling Gleam|p2a: Zamazenta
|-supereffective|p2a: Zamazenta
|-damage|p2a: Zamazenta|0 fnt
|faint|p2a: Zamazenta
|
|upkeep
|
|t:|1779972149
|switch|p2a: Pecharunt|Pecharunt|100/100
|turn|6
|
|t:|1779972155
|switch|p1a: Iron Moth|Iron Moth|100/100
|-damage|p1a: Iron Moth|76/100|[from] Stealth Rock
|-enditem|p1a: Iron Moth|Booster Energy
|-activate|p1a: Iron Moth|ability: Quark Drive|[fromitem]
|-start|p1a: Iron Moth|quarkdrivespa
|move|p2a: Pecharunt|Malignant Chain|p1a: Iron Moth
|-resisted|p1a: Iron Moth
|-damage|p1a: Iron Moth|56/100
|
|upkeep
|turn|7
|
|t:|1779972165
|move|p1a: Iron Moth|Psychic|p2a: Pecharunt
|-supereffective|p2a: Pecharunt
|-damage|p2a: Pecharunt|0 fnt
|faint|p2a: Pecharunt
|
|upkeep
|
|t:|1779972168
|switch|p2a: Deoxys|Deoxys-Speed, tera:Fighting|64/100
|-damage|p2a: Deoxys|48/100|[from] Spikes
|-ability|p2a: Deoxys|Pressure
|turn|8
|
|t:|1779972178
|-end|p1a: Iron Moth|Quark Drive|[silent]
|switch|p1a: Gholdengo|Gholdengo|37/100
|-damage|p1a: Gholdengo|31/100|[from] Stealth Rock
|move|p2a: Deoxys|Superpower|p1a: Gholdengo
|-immune|p1a: Gholdengo
|
|upkeep
|turn|9
|
|t:|1779972182
|move|p2a: Deoxys|Psycho Boost|p1a: Gholdengo
|-resisted|p1a: Gholdengo
|-damage|p1a: Gholdengo|0 fnt
|-unboost|p2a: Deoxys|spa|2
|faint|p1a: Gholdengo
|
|upkeep
|
|t:|1779972186
|switch|p1a: Great Tusk|Great Tusk|100/100
|-damage|p1a: Great Tusk|98/100|[from] Stealth Rock
|-enditem|p1a: Great Tusk|Booster Energy
|-activate|p1a: Great Tusk|ability: Protosynthesis|[fromitem]
|-start|p1a: Great Tusk|protosynthesisatk
|turn|10
|
|t:|1779972188
|move|p2a: Deoxys|Psycho Boost|p1a: Great Tusk
|-supereffective|p1a: Great Tusk
|-damage|p1a: Great Tusk|9/100
|-unboost|p2a: Deoxys|spa|2
|move|p1a: Great Tusk|Rapid Spin|p2a: Deoxys
|-damage|p2a: Deoxys|13/100
|-boost|p1a: Great Tusk|spe|1
|-sideend|p1: Opem|Stealth Rock|[from] move: Rapid Spin|[of] p1a: Great Tusk
|
|upkeep
|turn|11
|
|t:|1779972194
|move|p2a: Deoxys|Psycho Boost|p1a: Great Tusk
|-supereffective|p1a: Great Tusk
|-damage|p1a: Great Tusk|0 fnt
|-unboost|p2a: Deoxys|spa|2
|faint|p1a: Great Tusk
|-end|p1a: Great Tusk|Protosynthesis|[silent]
|
|upkeep
|
|t:|1779972197
|switch|p1a: Yanmega|Yanmega, F|100/100
|turn|12
|
|t:|1779972199
|move|p1a: Yanmega|Detect|p1a: Yanmega
|-singleturn|p1a: Yanmega|Protect
|move|p2a: Deoxys|Stealth Rock|p1a: Yanmega
|-sidestart|p1: Opem|move: Stealth Rock
|
|-ability|p1a: Yanmega|Speed Boost|boost
|-boost|p1a: Yanmega|spe|1
|upkeep
|turn|13
|
|t:|1779972206
|move|p1a: Yanmega|Detect||[still]
|-fail|p1a: Yanmega
|move|p2a: Deoxys|Knock Off|p1a: Yanmega
|-damage|p1a: Yanmega|71/100
|-enditem|p1a: Yanmega|Throat Spray|[from] move: Knock Off|[of] p2a: Deoxys
|
|-ability|p1a: Yanmega|Speed Boost|boost
|-boost|p1a: Yanmega|spe|1
|upkeep
|turn|14
|
|t:|1779972211
|move|p1a: Yanmega|Bug Buzz|p2a: Deoxys
|-resisted|p2a: Deoxys
|-damage|p2a: Deoxys|0 fnt
|faint|p2a: Deoxys
|
|-ability|p1a: Yanmega|Speed Boost|boost
|-boost|p1a: Yanmega|spe|1
|upkeep
|
|t:|1779972221
|switch|p2a: Keldeo|Keldeo-Resolute|100/100
|turn|15
|
|t:|1779972224
|move|p1a: Yanmega|Air Slash|p2a: Keldeo
|-supereffective|p2a: Keldeo
|-damage|p2a: Keldeo|9/100
|cant|p2a: Keldeo|flinch
|
|-ability|p1a: Yanmega|Speed Boost|boost
|-boost|p1a: Yanmega|spe|1
|upkeep
|turn|16
|
|t:|1779972228
|move|p1a: Yanmega|Air Slash|p2a: Keldeo
|-supereffective|p2a: Keldeo
|-damage|p2a: Keldeo|0 fnt
|faint|p2a: Keldeo
|
|-ability|p1a: Yanmega|Speed Boost|boost
|-boost|p1a: Yanmega|spe|1
|upkeep
|
|t:|1779972231
|switch|p2a: Gliscor|Gliscor, M|100/100
|turn|17
|
|t:|1779972234
|move|p1a: Yanmega|Air Slash|p2a: Gliscor
|-damage|p2a: Gliscor|51/100
|move|p2a: Gliscor|Toxic|p1a: Yanmega
|-status|p1a: Yanmega|tox
|
|-damage|p1a: Yanmega|65/100 tox|[from] psn
|-ability|p1a: Yanmega|Speed Boost|boost
|-boost|p1a: Yanmega|spe|1
|-status|p2a: Gliscor|tox|[from] item: Toxic Orb
|upkeep
|turn|18
|
|t:|1779972252
|move|p1a: Yanmega|Air Slash|p2a: Gliscor|[miss]
|-miss|p1a: Yanmega|p2a: Gliscor
|move|p2a: Gliscor|Spikes|p1a: Yanmega
|-sidestart|p1: Opem|Spikes
|
|-damage|p1a: Yanmega|53/100 tox|[from] psn
|-heal|p2a: Gliscor|64/100 tox|[from] ability: Poison Heal
|upkeep
|turn|19
|
|t:|1779972255
|move|p1a: Yanmega|Air Slash|p2a: Gliscor
|-damage|p2a: Gliscor|19/100 tox
|move|p2a: Gliscor|Spikes|p1a: Yanmega
|-sidestart|p1: Opem|Spikes
|
|-damage|p1a: Yanmega|34/100 tox|[from] psn
|-heal|p2a: Gliscor|31/100 tox|[from] ability: Poison Heal
|upkeep
|turn|20
|
|t:|1779972260
|move|p1a: Yanmega|Air Slash|p2a: Gliscor
|-crit|p2a: Gliscor
|-damage|p2a: Gliscor|0 fnt
|faint|p2a: Gliscor
|
|-damage|p1a: Yanmega|10/100 tox|[from] psn
|upkeep
|
|t:|1779972262
|switch|p2a: Kingambit|Kingambit, M|100/100
|-damage|p2a: Kingambit|84/100|[from] Spikes
|-activate|p2a: Kingambit|ability: Supreme Overlord
|-start|p2a: Kingambit|fallen5|[silent]
|turn|21
|
|t:|1779972267
|move|p2a: Kingambit|Sucker Punch|p1a: Yanmega
|-damage|p1a: Yanmega|0 fnt
|faint|p1a: Yanmega
|
|-heal|p2a: Kingambit|90/100|[from] item: Leftovers
|upkeep
|
|t:|1779972269
|switch|p1a: Iron Moth|Iron Moth|56/100
|-damage|p1a: Iron Moth|31/100|[from] Stealth Rock
|-damage|p1a: Iron Moth|14/100|[from] Spikes
|turn|22
|
|t:|1779972271
|move|p2a: Kingambit|Sucker Punch|p1a: Iron Moth
|-damage|p1a: Iron Moth|0 fnt
|faint|p1a: Iron Moth
|-end|p1a: Iron Moth|Quark Drive|[silent]
|
|-heal|p2a: Kingambit|96/100|[from] item: Leftovers
|upkeep
|
|t:|1779972273
|switch|p1a: Darkrai|Darkrai|100/100
|-damage|p1a: Darkrai|88/100|[from] Stealth Rock
|-damage|p1a: Darkrai|72/100|[from] Spikes
|turn|23
|
|t:|1779972277
|move|p1a: Darkrai|Focus Blast|p2a: Kingambit
|-supereffective|p2a: Kingambit
|-damage|p2a: Kingambit|0 fnt
|faint|p2a: Kingambit
|-end|p2a: Kingambit|fallen5|[silent]
|-damage|p1a: Darkrai|62/100|[from] item: Life Orb
|
|win|Opem
|raw|Opem's rating: 1324 &rarr; <strong>1342</strong><br />(+18 for winning)
|raw|W80's rating: 1296 &rarr; <strong>1273</strong><br />(-23 for losing)
|l|☆W80
|player|p2|
|l|☆Opem
|player|p1|
