|j|☆ImBigRon
|j|☆Ger45
|t:|1779876106
|gametype|singles
|player|p1|ImBigRon|skullgrunt|1212
|player|p2|Ger45|265|1183
|gen|9
|tier|[Gen 9] OU
|rated|
|rule|HP Percentage Mod: HP is shown in percentages
|rule|Endless Battle Clause: Forcing endless battles is banned
|rule|Species Clause: Limit one of each Pokémon
|rule|OHKO Clause: OHKO moves are banned
|rule|Evasion Items Clause: Evasion items are banned
|rule|Evasion Moves Clause: Evasion moves are banned
|rule|Evasion Abilities Clause: Evasion abilities are banned
|rule|Sleep Moves Clause: Sleep-inducing moves are banned
|clearpoke
|poke|p1|Blaziken, M|
|poke|p1|Ninetales, F|
|poke|p1|Venusaur, F|
|poke|p1|Hatterene, F|
|poke|p1|Great Tusk|
|poke|p1|Walking Wake|
|poke|p2|Gyarados, F|
|poke|p2|Slowbro, F|
|poke|p2|Venusaur, M|
|poke|p2|Moltres|
|poke|p2|Rhydon, F|
|poke|p2|Clefable, F|
|teampreview
|inactive|Battle timer is ON: inactive players will automatically lose when time's up. (requested by ImBigRon)
|
|t:|1779876131
|teamsize|p1|6
|teamsize|p2|6
|start
|switch|p1a: Hatterene|Hatterene, F, shiny|100/100
|switch|p2a: Slowbro|Slowbro, F|100/100
|turn|1
|
|t:|1779876140
|move|p1a: Hatterene|Nuzzle|p2a: Slowbro
|-supereffective|p2a: Slowbro
|-damage|p2a: Slowbro|95/100
|-status|p2a: Slowbro|par
|-damage|p1a: Hatterene|84/100|[from] item: Rocky Helmet|[of] p2a: Slowbro
|move|p2a: Slowbro|Calm Mind|p2a: Slowbro
|-boost|p2a: Slowbro|spa|1
|-boost|p2a: Slowbro|spd|1
|
|upkeep
|turn|2
|l|☆ImBigRon
|inactive|ImBigRon disconnected and has a minute to reconnect!
|player|p1|
|j|☆ImBigRon
|inactive|ImBigRon reconnected and has 130 seconds left.
|player|p1|ImBigRon|skullgrunt|
|inactive|ImBigRon has 120 seconds left.
|
|t:|1779876173
|switch|p1a: Ninetales|Ninetales, F, shiny|100/100
|-weather|SunnyDay|[from] ability: Drought|[of] p1a: Ninetales
|move|p2a: Slowbro|Scald|p1a: Ninetales
|-supereffective|p1a: Ninetales
|-damage|p1a: Ninetales|61/100
|
|-weather|SunnyDay|[upkeep]
|upkeep
|turn|3
|inactive|ImBigRon has 120 seconds left.
|inactive|Ger45 has 120 seconds left.
|
|t:|1779876210
|switch|p1a: Walking Wake|Walking Wake|100/100
|-activate|p1a: Walking Wake|ability: Protosynthesis
|-start|p1a: Walking Wake|protosynthesisspe
|switch|p2a: Moltres|Moltres|100/100
|
|-weather|SunnyDay|[upkeep]
|upkeep
|turn|4
|inactive|Ger45 has 120 seconds left.
|
|t:|1779876221
|switch|p2a: Venusaur|Venusaur, M|100/100
|move|p1a: Walking Wake|Hydro Steam|p2a: Venusaur
|-resisted|p2a: Venusaur
|-damage|p2a: Venusaur|68/100
|
|-weather|SunnyDay|[upkeep]
|-heal|p2a: Venusaur|74/100|[from] item: Leftovers
|upkeep
|turn|5
|inactive|Ger45 has 120 seconds left.
|
|t:|1779876235
|-end|p1a: Walking Wake|Protosynthesis|[silent]
|switch|p1a: Venusaur|Venusaur, F, shiny|100/100
|move|p2a: Venusaur|Leech Seed|p1a: Venusaur
|-immune|p1a: Venusaur
|
|-weather|SunnyDay|[upkeep]
|-heal|p2a: Venusaur|80/100|[from] item: Leftovers
|upkeep
|turn|6
|inactive|Ger45 has 120 seconds left.
|
|t:|1779876257
|move|p1a: Venusaur|Sludge Bomb|p2a: Venusaur
|-damage|p2a: Venusaur|46/100
|-damage|p1a: Venusaur|91/100|[from] item: Life Orb
|move|p2a: Venusaur|Giga Drain|p1a: Venusaur
|-resisted|p1a: Venusaur
|-damage|p1a: Venusaur|83/100
|-heal|p2a: Venusaur|49/100|[from] drain|[of] p1a: Venusaur
|
|-weather|SunnyDay|[upkeep]
|-heal|p2a: Venusaur|55/100|[from] item: Leftovers
|upkeep
|turn|7
|inactive|Ger45 has 120 seconds left.
|
|t:|1779876274
|switch|p2a: Rhydon|Rhydon, F|100/100
|move|p1a: Venusaur|Growth|p1a: Venusaur
|-boost|p1a: Venusaur|atk|2
|-boost|p1a: Venusaur|spa|2
|
|-weather|SunnyDay|[upkeep]
|upkeep
|turn|8
|inactive|Ger45 has 120 seconds left.
|
|t:|1779876292
|-terastallize|p2a: Rhydon|Electric
|move|p1a: Venusaur|Giga Drain|p2a: Rhydon
|-damage|p2a: Rhydon|11/100
|-heal|p1a: Venusaur|100/100|[from] drain|[of] p2a: Rhydon
|-damage|p1a: Venusaur|91/100|[from] item: Life Orb
|move|p2a: Rhydon|Fire Punch|p1a: Venusaur
|-supereffective|p1a: Venusaur
|-damage|p1a: Venusaur|0 fnt
|faint|p1a: Venusaur
|
|-weather|SunnyDay|[upkeep]
|upkeep
|
|t:|1779876301
|switch|p1a: Walking Wake|Walking Wake|100/100
|-activate|p1a: Walking Wake|ability: Protosynthesis
|-start|p1a: Walking Wake|protosynthesisspe
|turn|9
|inactive|Ger45 has 120 seconds left.
|
|t:|1779876307
|switch|p2a: Venusaur|Venusaur, M|55/100
|move|p1a: Walking Wake|Hydro Steam|p2a: Venusaur
|-resisted|p2a: Venusaur
|-damage|p2a: Venusaur|22/100
|
|-weather|none
|-end|p1a: Walking Wake|Protosynthesis
|-heal|p2a: Venusaur|28/100|[from] item: Leftovers
|upkeep
|turn|10
|inactive|Ger45 has 120 seconds left.
|
|t:|1779876320
|-end|p1a: Walking Wake|Protosynthesis|[silent]
|switch|p1a: Ninetales|Ninetales, F, shiny|61/100
|-weather|SunnyDay|[from] ability: Drought|[of] p1a: Ninetales
|move|p2a: Venusaur|Giga Drain|p1a: Ninetales
|-resisted|p1a: Ninetales
|-damage|p1a: Ninetales|43/100
|-heal|p2a: Venusaur|37/100|[from] drain|[of] p1a: Ninetales
|
|-weather|SunnyDay|[upkeep]
|-heal|p2a: Venusaur|43/100|[from] item: Leftovers
|upkeep
|turn|11
|inactive|Ger45 has 120 seconds left.
|
|t:|1779876336
|switch|p1a: Blaziken|Blaziken, M, shiny|100/100
|switch|p2a: Slowbro|Slowbro, F|100/100 par
|
|-weather|SunnyDay|[upkeep]
|upkeep
|turn|12
|
|t:|1779876343
|move|p1a: Blaziken|Focus Energy|p1a: Blaziken
|-start|p1a: Blaziken|move: Focus Energy
|move|p2a: Slowbro|Psychic|p1a: Blaziken
|-supereffective|p1a: Blaziken
|-damage|p1a: Blaziken|4/100
|
|-weather|SunnyDay|[upkeep]
|-ability|p1a: Blaziken|Speed Boost|boost
|-boost|p1a: Blaziken|spe|1
|upkeep
|turn|13
|
|t:|1779876351
|move|p1a: Blaziken|Overheat|p2a: Slowbro
|-resisted|p2a: Slowbro
|-crit|p2a: Slowbro
|-damage|p2a: Slowbro|22/100 par
|-unboost|p1a: Blaziken|spa|2
|cant|p2a: Slowbro|par
|
|-weather|SunnyDay|[upkeep]
|-ability|p1a: Blaziken|Speed Boost|boost
|-boost|p1a: Blaziken|spe|1
|upkeep
|turn|14
|
|t:|1779876357
|move|p1a: Blaziken|Overheat|p2a: Slowbro
|-resisted|p2a: Slowbro
|-crit|p2a: Slowbro
|-damage|p2a: Slowbro|0 fnt
|-unboost|p1a: Blaziken|spa|2
|faint|p2a: Slowbro
|
|-weather|SunnyDay|[upkeep]
|-ability|p1a: Blaziken|Speed Boost|boost
|-boost|p1a: Blaziken|spe|1
|upkeep
|l|☆ImBigRon
|inactive|ImBigRon disconnected and has a minute to reconnect!
|player|p1|
|inactive|Ger45 has 120 seconds left.
|j|☆ImBigRon
|inactive|ImBigRon reconnected.
|player|p1|ImBigRon|skullgrunt|
|
|t:|1779876384
|switch|p2a: Gyarados|Gyarados, F|100/100
|turn|15
|inactive|Ger45 has 120 seconds left.
|
|t:|1779876392
|move|p1a: Blaziken|Overheat|p2a: Gyarados
|-resisted|p2a: Gyarados
|-crit|p2a: Gyarados
|-damage|p2a: Gyarados|21/100
|-unboost|p1a: Blaziken|spa|2
|move|p2a: Gyarados|Aqua Tail|p1a: Blaziken
|-supereffective|p1a: Blaziken
|-damage|p1a: Blaziken|0 fnt
|faint|p1a: Blaziken
|-ability|p2a: Gyarados|Moxie|boost
|-boost|p2a: Gyarados|atk|1
|
|-weather|SunnyDay|[upkeep]
|upkeep
|
|t:|1779876407
|switch|p1a: Walking Wake|Walking Wake|100/100
|-activate|p1a: Walking Wake|ability: Protosynthesis
|-start|p1a: Walking Wake|protosynthesisspe
|turn|16
|
|t:|1779876411
|switch|p2a: Rhydon|Rhydon, F, tera:Electric|11/100
|move|p1a: Walking Wake|Hydro Steam|p2a: Rhydon
|-damage|p2a: Rhydon|0 fnt
|faint|p2a: Rhydon
|
|-weather|SunnyDay|[upkeep]
|upkeep
|
|t:|1779876418
|switch|p2a: Clefable|Clefable, F|100/100
|turn|17
|
|t:|1779876424
|-terastallize|p1a: Walking Wake|Water
|move|p1a: Walking Wake|Hydro Steam|p2a: Clefable
|-damage|p2a: Clefable|0 fnt
|faint|p2a: Clefable
|
|-weather|none
|-end|p1a: Walking Wake|Protosynthesis
|upkeep
|
|t:|1779876434
|switch|p2a: Venusaur|Venusaur, M|43/100
|turn|18
|
|t:|1779876437
|-end|p1a: Walking Wake|Protosynthesis|[silent]
|switch|p1a: Ninetales|Ninetales, F, shiny|43/100
|-weather|SunnyDay|[from] ability: Drought|[of] p1a: Ninetales
|move|p2a: Venusaur|Leech Seed|p1a: Ninetales|[miss]
|-miss|p2a: Venusaur|p1a: Ninetales
|
|-weather|SunnyDay|[upkeep]
|-heal|p2a: Venusaur|49/100|[from] item: Leftovers
|upkeep
|turn|19
|
|t:|1779876455
|move|p1a: Ninetales|Flamethrower|p2a: Venusaur
|-supereffective|p2a: Venusaur
|-damage|p2a: Venusaur|0 fnt
|faint|p2a: Venusaur
|
|-weather|SunnyDay|[upkeep]
|upkeep
|
|t:|1779876459
|switch|p2a: Gyarados|Gyarados, F|21/100
|turn|20
|
|t:|1779876467
|move|p2a: Gyarados|Aqua Tail|p1a: Ninetales
|-supereffective|p1a: Ninetales
|-damage|p1a: Ninetales|0 fnt
|faint|p1a: Ninetales
|-ability|p2a: Gyarados|Moxie|boost
|-boost|p2a: Gyarados|atk|1
|
|-weather|SunnyDay|[upkeep]
|upkeep
|
|t:|1779876469
|switch|p1a: Walking Wake|Walking Wake, tera:Water|100/100
|-activate|p1a: Walking Wake|ability: Protosynthesis
|-start|p1a: Walking Wake|protosynthesisspe
|turn|21
|
|t:|1779876476
|switch|p2a: Moltres|Moltres|100/100
|move|p1a: Walking Wake|Hydro Steam|p2a: Moltres
|-supereffective|p2a: Moltres
|-damage|p2a: Moltres|0 fnt
|faint|p2a: Moltres
|
|-weather|SunnyDay|[upkeep]
|upkeep
|
|t:|1779876480
|switch|p2a: Gyarados|Gyarados, F|21/100
|turn|22
|
|t:|1779876487
|move|p1a: Walking Wake|Hydro Steam|p2a: Gyarados
|-resisted|p2a: Gyarados
|-damage|p2a: Gyarados|0 fnt
|faint|p2a: Gyarados
|
|win|ImBigRon
|raw|ImBigRon's rating: 1212 &rarr; <strong>1235</strong><br />(+23 for winning)
|raw|Ger45's rating: 1183 &rarr; <strong>1160</strong><br />(-23 for losing)
|l|☆Ger45
|player|p2|
|l|☆ImBigRon
|player|p1|
