|j|☆kevinbassono
|j|☆GoldenBoyy91
|t:|1779971967
|gametype|singles
|player|p1|kevinbassono|lusamine-nihilego|1336
|player|p2|GoldenBoyy91|101|1361
|gen|9
|tier|[Gen 9] OU
|rated|
|rule|HP Percentage Mod: HP is shown in percentages
|rule|Endless Battle Clause: Forcing endless battles is banned
|rule|Species Clause: Limit one of each Pokémon
|rule|OHKO Clause: OHKO moves are banned
|rule|Evasion Items Clause: Evasion items are banned
|rule|Evasion Moves Clause: Evasion moves are banned
|rule|Evasion Abilities Clause: Evasion abilities are banned
|rule|Sleep Moves Clause: Sleep-inducing moves are banned
|clearpoke
|poke|p1|Pelipper, F|
|poke|p1|Iron Treads|
|poke|p1|Barraskewda, M|
|poke|p1|Raging Bolt|
|poke|p1|Tornadus-Therian, M|
|poke|p1|Crawdaunt, F|
|poke|p2|Weavile, F|
|poke|p2|Gliscor, F|
|poke|p2|Hatterene, F|
|poke|p2|Great Tusk|
|poke|p2|Latias, F|
|poke|p2|Cobalion|
|teampreview
|
|t:|1779971973
|teamsize|p1|6
|teamsize|p2|6
|start
|switch|p1a: Bec qui pend|Pelipper, F|100/100
|switch|p2a: Latias|Latias, F|100/100
|-weather|RainDance|[from] ability: Drizzle|[of] p1a: Bec qui pend
|turn|1
|inactive|Battle timer is ON: inactive players will automatically lose when time's up. (requested by GoldenBoyy91)
|
|t:|1779971984
|move|p2a: Latias|Agility|p2a: Latias
|-boost|p2a: Latias|spe|2
|move|p1a: Bec qui pend|U-turn|p2a: Latias
|-supereffective|p2a: Latias
|-damage|p2a: Latias|80/100
|-enditem|p2a: Latias|Weakness Policy
|-boost|p2a: Latias|atk|2|[from] item: Weakness Policy
|-boost|p2a: Latias|spa|2|[from] item: Weakness Policy
|
|t:|1779971994
|switch|p1a: Tornadus|Tornadus-Therian, M|100/100|[from] U-turn
|
|-weather|RainDance|[upkeep]
|upkeep
|turn|2
|
|t:|1779972004
|move|p2a: Latias|Stored Power|p1a: Tornadus
|-damage|p1a: Tornadus|32/100
|move|p1a: Tornadus|Knock Off|p2a: Latias
|-supereffective|p2a: Latias
|-damage|p2a: Latias|48/100
|
|-weather|RainDance|[upkeep]
|upkeep
|turn|3
|
|t:|1779972015
|switch|p1a: Great Tusk Wish|Iron Treads|100/100
|-enditem|p1a: Great Tusk Wish|Booster Energy
|-activate|p1a: Great Tusk Wish|ability: Quark Drive|[fromitem]
|-start|p1a: Great Tusk Wish|quarkdrivespe
|move|p2a: Latias|Stored Power|p1a: Great Tusk Wish
|-resisted|p1a: Great Tusk Wish
|-crit|p1a: Great Tusk Wish
|-damage|p1a: Great Tusk Wish|0 fnt
|faint|p1a: Great Tusk Wish
|-end|p1a: Great Tusk Wish|Quark Drive|[silent]
|
|-weather|RainDance|[upkeep]
|upkeep
|inactive|kevinbassono has 120 seconds left.
|
|t:|1779972050
|switch|p1a: Haskwakoubeh|Barraskewda, M|100/100
|turn|4
|inactive|kevinbassono has 120 seconds left.
|
|t:|1779972059
|move|p1a: Haskwakoubeh|Liquidation|p2a: Latias
|-resisted|p2a: Latias
|-damage|p2a: Latias|0 fnt
|faint|p2a: Latias
|
|-weather|RainDance|[upkeep]
|upkeep
|
|t:|1779972066
|switch|p2a: Cobalion|Cobalion|100/100
|turn|5
|
|t:|1779972076
|-terastallize|p1a: Haskwakoubeh|Water
|move|p1a: Haskwakoubeh|Liquidation|p2a: Cobalion
|-damage|p2a: Cobalion|3/100
|move|p2a: Cobalion|Thunder Wave|p1a: Haskwakoubeh
|-status|p1a: Haskwakoubeh|par
|
|-weather|RainDance|[upkeep]
|-heal|p2a: Cobalion|9/100|[from] item: Leftovers
|upkeep
|turn|6
|
|t:|1779972090
|move|p1a: Haskwakoubeh|Liquidation|p2a: Cobalion
|-damage|p2a: Cobalion|0 fnt
|faint|p2a: Cobalion
|
|-weather|RainDance|[upkeep]
|upkeep
|inactive|GoldenBoyy91 has 120 seconds left.
|
|t:|1779972124
|switch|p2a: Weavile|Weavile, F|100/100
|turn|7
|
|t:|1779972143
|move|p2a: Weavile|Knock Off|p1a: Haskwakoubeh
|-damage|p1a: Haskwakoubeh|6/100 par
|-enditem|p1a: Haskwakoubeh|Choice Band|[from] move: Knock Off|[of] p2a: Weavile
|move|p1a: Haskwakoubeh|Liquidation|p2a: Weavile
|-damage|p2a: Weavile|0 fnt
|faint|p2a: Weavile
|
|-weather|RainDance|[upkeep]
|upkeep
|inactive|GoldenBoyy91 has 120 seconds left.
|
|t:|1779972155
|switch|p2a: Great Tusk|Great Tusk|100/100
|-enditem|p2a: Great Tusk|Booster Energy
|-activate|p2a: Great Tusk|ability: Protosynthesis|[fromitem]
|-start|p2a: Great Tusk|protosynthesisspe
|turn|8
|inactive|GoldenBoyy91 has 120 seconds left.
|
|t:|1779972170
|switch|p1a: Tornadus|Tornadus-Therian, M|65/100
|move|p2a: Great Tusk|Knock Off|p1a: Tornadus
|-damage|p1a: Tornadus|24/100
|-enditem|p1a: Tornadus|Assault Vest|[from] move: Knock Off|[of] p2a: Great Tusk
|
|-weather|none
|upkeep
|turn|9
|inactive|GoldenBoyy91 has 120 seconds left.
|
|t:|1779972177
|switch|p1a: Bec qui pend|Pelipper, F|100/100
|-weather|RainDance|[from] ability: Drizzle|[of] p1a: Bec qui pend
|move|p2a: Great Tusk|Ice Spinner|p1a: Bec qui pend
|-damage|p1a: Bec qui pend|82/100
|
|-weather|RainDance|[upkeep]
|upkeep
|turn|10
|
|t:|1779972184
|-end|p2a: Great Tusk|Protosynthesis|[silent]
|switch|p2a: Hatterene|Hatterene, F|100/100
|move|p1a: Bec qui pend|Hurricane|p2a: Hatterene
|-damage|p2a: Hatterene|78/100
|-start|p2a: Hatterene|confusion
|
|-weather|RainDance|[upkeep]
|upkeep
|turn|11
|
|t:|1779972188
|move|p1a: Bec qui pend|U-turn|p2a: Hatterene
|-damage|p2a: Hatterene|67/100
|
|t:|1779972194
|switch|p1a: Tornadus|Tornadus-Therian, M|57/100|[from] U-turn
|-activate|p2a: Hatterene|confusion
|-damage|p2a: Hatterene|58/100|[from] confusion
|
|-weather|RainDance|[upkeep]
|upkeep
|turn|12
|
|t:|1779972201
|move|p1a: Tornadus|Weather Ball|p2a: Hatterene
|-damage|p2a: Hatterene|32/100
|-end|p2a: Hatterene|confusion
|move|p2a: Hatterene|Nuzzle|p1a: Tornadus
|-supereffective|p1a: Tornadus
|-damage|p1a: Tornadus|45/100
|-status|p1a: Tornadus|par
|
|-weather|RainDance|[upkeep]
|upkeep
|turn|13
|
|t:|1779972212
|move|p1a: Tornadus|U-turn|p2a: Hatterene
|-damage|p2a: Hatterene|15/100
|
|t:|1779972216
|switch|p1a: Sophie|Raging Bolt|100/100|[from] U-turn
|-enditem|p1a: Sophie|Booster Energy
|-activate|p1a: Sophie|ability: Protosynthesis|[fromitem]
|-start|p1a: Sophie|protosynthesisspa
|move|p2a: Hatterene|Mystical Fire|p1a: Sophie
|-resisted|p1a: Sophie
|-damage|p1a: Sophie|93/100
|-unboost|p1a: Sophie|spa|1
|
|-weather|RainDance|[upkeep]
|upkeep
|turn|14
|
|t:|1779972227
|move|p1a: Sophie|Thunder|p2a: Hatterene
|-damage|p2a: Hatterene|0 fnt
|faint|p2a: Hatterene
|
|-weather|RainDance|[upkeep]
|upkeep
|
|t:|1779972230
|switch|p2a: Great Tusk|Great Tusk|100/100
|turn|15
|
|t:|1779972236
|move|p2a: Great Tusk|Headlong Rush|p1a: Sophie
|-supereffective|p1a: Sophie
|-damage|p1a: Sophie|0 fnt
|-unboost|p2a: Great Tusk|def|1
|-unboost|p2a: Great Tusk|spd|1
|faint|p1a: Sophie
|-end|p1a: Sophie|Protosynthesis|[silent]
|
|-weather|RainDance|[upkeep]
|upkeep
|
|t:|1779972242
|switch|p1a: Haskwakoubeh|Barraskewda, M, tera:Water|6/100 par
|turn|16
|
|t:|1779972246
|move|p1a: Haskwakoubeh|Aqua Jet|p2a: Great Tusk
|-supereffective|p2a: Great Tusk
|-damage|p2a: Great Tusk|16/100
|move|p2a: Great Tusk|Knock Off|p1a: Haskwakoubeh
|-damage|p1a: Haskwakoubeh|0 fnt
|faint|p1a: Haskwakoubeh
|
|-weather|none
|upkeep
|
|t:|1779972253
|switch|p1a: Bec qui pend|Pelipper, F|82/100
|-weather|RainDance|[from] ability: Drizzle|[of] p1a: Bec qui pend
|turn|17
|
|t:|1779972262
|move|p2a: Great Tusk|Knock Off|p1a: Bec qui pend
|-damage|p1a: Bec qui pend|59/100
|-enditem|p1a: Bec qui pend|Damp Rock|[from] move: Knock Off|[of] p2a: Great Tusk
|move|p1a: Bec qui pend|Surf|p2a: Great Tusk
|-supereffective|p2a: Great Tusk
|-damage|p2a: Great Tusk|0 fnt
|faint|p2a: Great Tusk
|-end|p2a: Great Tusk|Protosynthesis|[silent]
|
|-weather|RainDance|[upkeep]
|upkeep
|
|t:|1779972265
|switch|p2a: Gliscor|Gliscor, F|100/100
|turn|18
|
|t:|1779972275
|-terastallize|p2a: Gliscor|Water
|move|p2a: Gliscor|Swords Dance|p2a: Gliscor
|-boost|p2a: Gliscor|atk|2
|move|p1a: Bec qui pend|Surf|p2a: Gliscor
|-resisted|p2a: Gliscor
|-damage|p2a: Gliscor|75/100
|
|-weather|RainDance|[upkeep]
|-status|p2a: Gliscor|tox|[from] item: Toxic Orb
|upkeep
|turn|19
|
|t:|1779972288
|move|p2a: Gliscor|Swords Dance|p2a: Gliscor
|-boost|p2a: Gliscor|atk|2
|move|p1a: Bec qui pend|Hurricane|p2a: Gliscor
|-damage|p2a: Gliscor|31/100 tox
|
|-weather|RainDance|[upkeep]
|-heal|p2a: Gliscor|43/100 tox|[from] ability: Poison Heal
|upkeep
|turn|20
|
|t:|1779972295
|move|p2a: Gliscor|Protect|p2a: Gliscor
|-singleturn|p2a: Gliscor|Protect
|move|p1a: Bec qui pend|Hurricane|p2a: Gliscor
|-activate|p2a: Gliscor|move: Protect
|
|-weather|RainDance|[upkeep]
|-heal|p2a: Gliscor|56/100 tox|[from] ability: Poison Heal
|upkeep
|turn|21
|
|t:|1779972299
|move|p2a: Gliscor|Crabhammer|p1a: Bec qui pend
|-resisted|p1a: Bec qui pend
|-crit|p1a: Bec qui pend
|-damage|p1a: Bec qui pend|0 fnt
|faint|p1a: Bec qui pend
|
|-weather|RainDance|[upkeep]
|-heal|p2a: Gliscor|68/100 tox|[from] ability: Poison Heal
|upkeep
|
|t:|1779972305
|switch|p1a: Tornadus|Tornadus-Therian, M|78/100 par
|turn|22
|
|t:|1779972310
|move|p2a: Gliscor|Crabhammer|p1a: Tornadus
|-damage|p1a: Tornadus|0 fnt
|faint|p1a: Tornadus
|
|-weather|RainDance|[upkeep]
|-heal|p2a: Gliscor|80/100 tox|[from] ability: Poison Heal
|upkeep
|
|t:|1779972315
|switch|p1a: Crawdaunt|Crawdaunt, F|100/100
|turn|23
|
|t:|1779972321
|move|p2a: Gliscor|Knock Off|p1a: Crawdaunt
|-resisted|p1a: Crawdaunt
|-damage|p1a: Crawdaunt|51/100
|-enditem|p1a: Crawdaunt|Life Orb|[from] move: Knock Off|[of] p2a: Gliscor
|move|p1a: Crawdaunt|Knock Off|p2a: Gliscor
|-damage|p2a: Gliscor|31/100 tox
|-enditem|p2a: Gliscor|Toxic Orb|[from] move: Knock Off|[of] p1a: Crawdaunt
|
|-weather|RainDance|[upkeep]
|-heal|p2a: Gliscor|44/100 tox|[from] ability: Poison Heal
|upkeep
|turn|24
|
|t:|1779972328
|move|p2a: Gliscor|Protect|p2a: Gliscor
|-singleturn|p2a: Gliscor|Protect
|move|p1a: Crawdaunt|Aqua Jet|p2a: Gliscor
|-activate|p2a: Gliscor|move: Protect
|
|-weather|none
|-heal|p2a: Gliscor|56/100 tox|[from] ability: Poison Heal
|upkeep
|turn|25
|
|t:|1779972333
|move|p2a: Gliscor|Crabhammer|p1a: Crawdaunt
|-resisted|p1a: Crawdaunt
|-damage|p1a: Crawdaunt|0 fnt
|faint|p1a: Crawdaunt
|
|win|GoldenBoyy91
|raw|kevinbassono's rating: 1336 &rarr; <strong>1317</strong><br />(-19 for losing)
|raw|GoldenBoyy91's rating: 1361 &rarr; <strong>1380</strong><br />(+19 for winning)
|l|☆kevinbassono
|player|p1|
|c|☆GoldenBoyy91|Hhaha
|c|☆GoldenBoyy91|gg
|l|☆GoldenBoyy91
|player|p2|
