|j|☆kosm waves
|j|☆paralekz
|t:|1779950370
|gametype|singles
|player|p1|kosm waves|clown|1324
|player|p2|paralekz|skyla|1322
|gen|9
|tier|[Gen 9] OU
|rated|
|rule|HP Percentage Mod: HP is shown in percentages
|rule|Endless Battle Clause: Forcing endless battles is banned
|rule|Species Clause: Limit one of each Pokémon
|rule|OHKO Clause: OHKO moves are banned
|rule|Evasion Items Clause: Evasion items are banned
|rule|Evasion Moves Clause: Evasion moves are banned
|rule|Evasion Abilities Clause: Evasion abilities are banned
|rule|Sleep Moves Clause: Sleep-inducing moves are banned
|clearpoke
|poke|p1|Donphan, M|
|poke|p1|Ogerpon, F|
|poke|p1|Ting-Lu|
|poke|p1|Dragonite, F|
|poke|p1|Gholdengo|
|poke|p1|Zamazenta-*|
|poke|p2|Grimmsnarl, M|
|poke|p2|Zamazenta-*|
|poke|p2|Iron Crown|
|poke|p2|Raging Bolt|
|poke|p2|Ogerpon-Wellspring, F|
|poke|p2|Glimmora, F|
|teampreview
|inactive|Battle timer is ON: inactive players will automatically lose when time's up. (requested by kosm waves)
|
|t:|1779950384
|teamsize|p1|6
|teamsize|p2|6
|start
|switch|p1a: 🍃|Ogerpon, F|100/100
|switch|p2a: Glimmora|Glimmora, F|100/100
|turn|1
|
|t:|1779950399
|move|p1a: 🍃|Stomping Tantrum|p2a: Glimmora
|-supereffective|p2a: Glimmora
|-damage|p2a: Glimmora|24/100
|-activate|p2a: Glimmora|ability: Toxic Debris
|-sidestart|p1: kosm waves|move: Toxic Spikes
|-enditem|p2a: Glimmora|Red Card|[of] p1a: 🍃
|drag|p1a: August 12th 2036|Gholdengo|100/100
|move|p2a: Glimmora|Stealth Rock|p1a: August 12th 2036
|-sidestart|p1: kosm waves|move: Stealth Rock
|
|upkeep
|turn|2
|
|t:|1779950414
|move|p1a: August 12th 2036|Shadow Ball|p2a: Glimmora
|-damage|p2a: Glimmora|0 fnt
|faint|p2a: Glimmora
|
|upkeep
|
|t:|1779950417
|switch|p2a: Grimmsnarl|Grimmsnarl, M|100/100
|turn|3
|
|t:|1779950424
|switch|p1a: Lesser tusk|Donphan, M|100/100
|-status|p1a: Lesser tusk|psn
|-damage|p1a: Lesser tusk|94/100 psn|[from] Stealth Rock
|move|p2a: Grimmsnarl|Light Screen|p2a: Grimmsnarl
|-sidestart|p2: paralekz|move: Light Screen
|
|-damage|p1a: Lesser tusk|82/100 psn|[from] psn
|upkeep
|turn|4
|
|t:|1779950433
|move|p2a: Grimmsnarl|Reflect|p2a: Grimmsnarl
|-sidestart|p2: paralekz|Reflect
|move|p1a: Lesser tusk|Rapid Spin|p2a: Grimmsnarl
|-damage|p2a: Grimmsnarl|93/100
|-boost|p1a: Lesser tusk|spe|1
|-sideend|p1: kosm waves|Toxic Spikes|[from] move: Rapid Spin|[of] p1a: Lesser tusk
|-sideend|p1: kosm waves|Stealth Rock|[from] move: Rapid Spin|[of] p1a: Lesser tusk
|
|-damage|p1a: Lesser tusk|69/100 psn|[from] psn
|upkeep
|turn|5
|
|t:|1779950437
|switch|p1a: A greater evil|Ting-Lu|100/100
|-ability|p1a: A greater evil|Vessel of Ruin
|move|p2a: Grimmsnarl|Taunt|p1a: A greater evil
|-hint|Since gen 7, Dark is immune to Prankster moves.
|-immune|p1a: A greater evil
|
|upkeep
|turn|6
|
|t:|1779950453
|switch|p2a: Ogerpon|Ogerpon-Wellspring, F|100/100
|move|p1a: A greater evil|Ruination|p2a: Ogerpon
|-damage|p2a: Ogerpon|50/100
|
|upkeep
|turn|7
|
|t:|1779950474
|switch|p1a: Shlawg|Zamazenta|100/100
|-ability|p1a: Shlawg|Dauntless Shield|boost
|-boost|p1a: Shlawg|def|1
|move|p2a: Ogerpon|Swords Dance|p2a: Ogerpon
|-boost|p2a: Ogerpon|atk|2
|
|upkeep
|turn|8
|inactive|kosm waves has 120 seconds left.
|
|t:|1779950522
|move|p2a: Ogerpon|Trailblaze|p1a: Shlawg
|-damage|p1a: Shlawg|61/100
|-boost|p2a: Ogerpon|spe|1
|move|p1a: Shlawg|Roar|p2a: Ogerpon
|drag|p2a: Grimmsnarl|Grimmsnarl, M|93/100
|
|upkeep
|turn|9
|
|t:|1779950536
|switch|p1a: A greater evil|Ting-Lu|100/100
|-ability|p1a: A greater evil|Vessel of Ruin
|move|p2a: Grimmsnarl|Taunt|p1a: A greater evil
|-hint|Since gen 7, Dark is immune to Prankster moves.
|-immune|p1a: A greater evil
|
|upkeep
|turn|10
|
|t:|1779950560
|switch|p2a: Raging Bolt|Raging Bolt|100/100
|-enditem|p2a: Raging Bolt|Booster Energy
|-activate|p2a: Raging Bolt|ability: Protosynthesis|[fromitem]
|-start|p2a: Raging Bolt|protosynthesisspa
|move|p1a: A greater evil|Spikes|p2a: Raging Bolt
|-sidestart|p2: paralekz|Spikes
|
|-sideend|p2: paralekz|move: Light Screen
|upkeep
|turn|11
|
|t:|1779950570
|move|p2a: Raging Bolt|Calm Mind|p2a: Raging Bolt
|-boost|p2a: Raging Bolt|spa|1
|-boost|p2a: Raging Bolt|spd|1
|move|p1a: A greater evil|Ruination|p2a: Raging Bolt|[miss]
|-miss|p1a: A greater evil|p2a: Raging Bolt
|
|-sideend|p2: paralekz|Reflect
|upkeep
|turn|12
|
|t:|1779950582
|move|p2a: Raging Bolt|Calm Mind|p2a: Raging Bolt
|-boost|p2a: Raging Bolt|spa|1
|-boost|p2a: Raging Bolt|spd|1
|move|p1a: A greater evil|Earthquake|p2a: Raging Bolt
|-supereffective|p2a: Raging Bolt
|-damage|p2a: Raging Bolt|31/100
|
|upkeep
|turn|13
|
|t:|1779950589
|move|p2a: Raging Bolt|Dragon Pulse|p1a: A greater evil
|-damage|p1a: A greater evil|25/100
|move|p1a: A greater evil|Earthquake|p2a: Raging Bolt
|-supereffective|p2a: Raging Bolt
|-crit|p2a: Raging Bolt
|-damage|p2a: Raging Bolt|0 fnt
|faint|p2a: Raging Bolt
|-end|p2a: Raging Bolt|Protosynthesis|[silent]
|
|-heal|p1a: A greater evil|32/100|[from] item: Leftovers
|upkeep
|
|t:|1779950592
|switch|p2a: Ogerpon|Ogerpon-Wellspring, F|50/100
|-damage|p2a: Ogerpon|38/100|[from] Spikes
|turn|14
|
|t:|1779950596
|move|p2a: Ogerpon|Trailblaze|p1a: A greater evil
|-supereffective|p1a: A greater evil
|-damage|p1a: A greater evil|8/100
|-boost|p2a: Ogerpon|spe|1
|move|p1a: A greater evil|Earthquake|p2a: Ogerpon
|-resisted|p2a: Ogerpon
|-damage|p2a: Ogerpon|10/100
|
|-heal|p1a: A greater evil|14/100|[from] item: Leftovers
|upkeep
|turn|15
|
|t:|1779950601
|move|p2a: Ogerpon|Trailblaze|p1a: A greater evil
|-supereffective|p1a: A greater evil
|-damage|p1a: A greater evil|0 fnt
|-boost|p2a: Ogerpon|spe|1
|faint|p1a: A greater evil
|
|upkeep
|
|t:|1779950608
|switch|p1a: Lesser tusk|Donphan, M|69/100 psn
|turn|16
|
|t:|1779950612
|move|p2a: Ogerpon|Ivy Cudgel|p1a: Lesser tusk|[anim] Ivy Cudgel Water
|-supereffective|p1a: Lesser tusk
|-damage|p1a: Lesser tusk|0 fnt
|faint|p1a: Lesser tusk
|
|upkeep
|c|☆kosm waves|man, I really clicked spinner instead of shard
|inactive|kosm waves has 120 seconds left.
|
|t:|1779950643
|switch|p1a: F4U-4 Corsair|Dragonite, F|100/100
|turn|17
|
|t:|1779950651
|move|p2a: Ogerpon|Ivy Cudgel|p1a: F4U-4 Corsair|[anim] Ivy Cudgel Water
|-resisted|p1a: F4U-4 Corsair
|-damage|p1a: F4U-4 Corsair|85/100
|move|p1a: F4U-4 Corsair|Dragon Dance|p1a: F4U-4 Corsair
|-boost|p1a: F4U-4 Corsair|atk|1
|-boost|p1a: F4U-4 Corsair|spe|1
|
|upkeep
|turn|18
|
|t:|1779950659
|move|p1a: F4U-4 Corsair|Extreme Speed|p2a: Ogerpon
|-damage|p2a: Ogerpon|0 fnt
|faint|p2a: Ogerpon
|
|upkeep
|
|t:|1779950664
|switch|p2a: Zamazenta|Zamazenta|100/100
|-damage|p2a: Zamazenta|88/100|[from] Spikes
|-ability|p2a: Zamazenta|Dauntless Shield|boost
|-boost|p2a: Zamazenta|def|1
|turn|19
|
|t:|1779950675
|move|p2a: Zamazenta|Iron Defense|p2a: Zamazenta
|-boost|p2a: Zamazenta|def|2
|move|p1a: F4U-4 Corsair|Roost|p1a: F4U-4 Corsair
|-heal|p1a: F4U-4 Corsair|100/100
|-singleturn|p1a: F4U-4 Corsair|move: Roost
|
|upkeep
|turn|20
|
|t:|1779950683
|switch|p1a: Shlawg|Zamazenta|61/100
|move|p2a: Zamazenta|Crunch|p1a: Shlawg
|-resisted|p1a: Shlawg
|-damage|p1a: Shlawg|51/100
|
|upkeep
|turn|21
|
|t:|1779950686
|move|p2a: Zamazenta|Body Press|p1a: Shlawg
|-damage|p1a: Shlawg|0 fnt
|faint|p1a: Shlawg
|
|upkeep
|
|t:|1779950689
|switch|p1a: August 12th 2036|Gholdengo|100/100
|turn|22
|inactive|kosm waves has 120 seconds left.
|
|t:|1779950722
|-terastallize|p1a: August 12th 2036|Fighting
|move|p2a: Zamazenta|Crunch|p1a: August 12th 2036
|-resisted|p1a: August 12th 2036
|-damage|p1a: August 12th 2036|89/100
|move|p1a: August 12th 2036|Shadow Ball|p2a: Zamazenta
|-damage|p2a: Zamazenta|34/100
|
|upkeep
|turn|23
|
|t:|1779950740
|move|p2a: Zamazenta|Body Press|p1a: August 12th 2036
|-damage|p1a: August 12th 2036|0 fnt
|faint|p1a: August 12th 2036
|
|upkeep
|
|t:|1779950743
|switch|p1a: 🍃|Ogerpon, F|100/100
|turn|24
|
|t:|1779950751
|move|p2a: Zamazenta|Body Press|p1a: 🍃
|-damage|p1a: 🍃|0 fnt
|faint|p1a: 🍃
|
|upkeep
|
|t:|1779950754
|switch|p1a: F4U-4 Corsair|Dragonite, F|100/100
|turn|25
|
|t:|1779950764
|move|p2a: Zamazenta|Iron Defense|p2a: Zamazenta
|-boost|p2a: Zamazenta|def|2
|move|p1a: F4U-4 Corsair|Dragon Dance|p1a: F4U-4 Corsair
|-boost|p1a: F4U-4 Corsair|atk|1
|-boost|p1a: F4U-4 Corsair|spe|1
|
|upkeep
|turn|26
|
|t:|1779950774
|move|p2a: Zamazenta|Body Press|p1a: F4U-4 Corsair
|-resisted|p1a: F4U-4 Corsair
|-damage|p1a: F4U-4 Corsair|65/100
|move|p1a: F4U-4 Corsair|Dragon Dance|p1a: F4U-4 Corsair
|-boost|p1a: F4U-4 Corsair|atk|1
|-boost|p1a: F4U-4 Corsair|spe|1
|
|upkeep
|turn|27
|
|t:|1779950786
|move|p1a: F4U-4 Corsair|Roost|p1a: F4U-4 Corsair
|-heal|p1a: F4U-4 Corsair|100/100
|-singleturn|p1a: F4U-4 Corsair|move: Roost
|move|p2a: Zamazenta|Rest|p2a: Zamazenta
|-status|p2a: Zamazenta|slp|[from] move: Rest
|-heal|p2a: Zamazenta|100/100 slp|[silent]
|-enditem|p2a: Zamazenta|Chesto Berry|[eat]
|-curestatus|p2a: Zamazenta|slp|[msg]
|
|upkeep
|turn|28
|
|t:|1779950793
|move|p1a: F4U-4 Corsair|Earthquake|p2a: Zamazenta
|-damage|p2a: Zamazenta|85/100
|move|p2a: Zamazenta|Body Press|p1a: F4U-4 Corsair
|-resisted|p1a: F4U-4 Corsair
|-damage|p1a: F4U-4 Corsair|67/100
|
|upkeep
|turn|29
|
|t:|1779950798
|move|p1a: F4U-4 Corsair|Earthquake|p2a: Zamazenta
|-damage|p2a: Zamazenta|68/100
|move|p2a: Zamazenta|Body Press|p1a: F4U-4 Corsair
|-resisted|p1a: F4U-4 Corsair
|-damage|p1a: F4U-4 Corsair|0 fnt
|faint|p1a: F4U-4 Corsair
|
|win|paralekz
|raw|kosm waves's rating: 1324 &rarr; <strong>1304</strong><br />(-20 for losing)
|raw|paralekz's rating: 1322 &rarr; <strong>1342</strong><br />(+20 for winning)
|c|☆kosm waves|gg
|l|☆kosm waves
|player|p1|
