|j|☆SimonStork
|j|☆thiccdug
|t:|1779870866
|gametype|singles
|player|p1|SimonStork|170|1510
|player|p2|thiccdug|1|1474
|gen|9
|tier|[Gen 9] OU
|rated|
|rule|HP Percentage Mod: HP is shown in percentages
|rule|Endless Battle Clause: Forcing endless battles is banned
|rule|Species Clause: Limit one of each Pokémon
|rule|OHKO Clause: OHKO moves are banned
|rule|Evasion Items Clause: Evasion items are banned
|rule|Evasion Moves Clause: Evasion moves are banned
|rule|Evasion Abilities Clause: Evasion abilities are banned
|rule|Sleep Moves Clause: Sleep-inducing moves are banned
|clearpoke
|poke|p1|Weezing-Galar, M|
|poke|p1|Alomomola, F|
|poke|p1|Iron Treads|
|poke|p1|Blissey, F|
|poke|p1|Zamazenta-*|
|poke|p1|Lokix, F|
|poke|p2|Dragonite, M|
|poke|p2|Gholdengo|
|poke|p2|Ting-Lu|
|poke|p2|Gliscor, F|
|poke|p2|Keldeo|
|poke|p2|Sinistcha-Masterpiece|
|teampreview
|inactive|Battle timer is ON: inactive players will automatically lose when time's up. (requested by thiccdug)
|
|t:|1779870886
|teamsize|p1|6
|teamsize|p2|6
|start
|switch|p1a: Alomomola|Alomomola, F|100/100
|switch|p2a: Gholdengo|Gholdengo|100/100
|turn|1
|
|t:|1779870891
|move|p2a: Gholdengo|Trick|p1a: Alomomola
|-activate|p2a: Gholdengo|move: Trick|[of] p1a: Alomomola
|-item|p1a: Alomomola|Choice Scarf|[from] move: Trick
|-item|p2a: Gholdengo|Rocky Helmet|[from] move: Trick
|move|p1a: Alomomola|Flip Turn|p2a: Gholdengo
|-damage|p2a: Gholdengo|82/100
|-damage|p1a: Alomomola|84/100|[from] item: Rocky Helmet|[of] p2a: Gholdengo
|
|t:|1779870903
|switch|p1a: Blissey|Blissey, F|100/100|[from] Flip Turn
|
|upkeep
|turn|2
|
|t:|1779870913
|switch|p2a: Ting-Lu|Ting-Lu|100/100
|-ability|p2a: Ting-Lu|Vessel of Ruin
|move|p1a: Blissey|Shadow Ball|p2a: Ting-Lu
|-resisted|p2a: Ting-Lu
|-damage|p2a: Ting-Lu|96/100
|
|-heal|p2a: Ting-Lu|100/100|[from] item: Leftovers
|upkeep
|turn|3
|
|t:|1779870922
|switch|p1a: Lokix|Lokix, F|100/100
|move|p2a: Ting-Lu|Stealth Rock|p1a: Lokix
|-sidestart|p1: SimonStork|move: Stealth Rock
|
|upkeep
|turn|4
|
|t:|1779870931
|switch|p2a: Gliscor|Gliscor, F|100/100
|move|p1a: Lokix|Leech Life|p2a: Gliscor
|-resisted|p2a: Gliscor
|-damage|p2a: Gliscor|58/100
|
|-status|p2a: Gliscor|tox|[from] item: Toxic Orb
|upkeep
|turn|5
|
|t:|1779870946
|switch|p1a: Weezing|Weezing-Galar, M|100/100
|-ability|p1a: Weezing|Neutralizing Gas
|-damage|p1a: Weezing|88/100|[from] Stealth Rock
|move|p2a: Gliscor|Knock Off|p1a: Weezing
|-resisted|p1a: Weezing
|-damage|p1a: Weezing|82/100
|-enditem|p1a: Weezing|Leftovers|[from] move: Knock Off|[of] p2a: Gliscor
|
|-damage|p2a: Gliscor|52/100 tox|[from] psn
|upkeep
|turn|6
|
|t:|1779870957
|switch|p2a: Ting-Lu|Ting-Lu|100/100
|-terastallize|p1a: Weezing|Grass
|move|p1a: Weezing|Defog|p2a: Ting-Lu
|-unboost|p2a: Ting-Lu|evasion|1
|-sideend|p1: SimonStork|Stealth Rock|[from] move: Defog|[of] p1a: Weezing
|
|upkeep
|turn|7
|
|t:|1779870964
|move|p1a: Weezing|Toxic|p2a: Ting-Lu
|-status|p2a: Ting-Lu|tox
|move|p2a: Ting-Lu|Stealth Rock|p1a: Weezing
|-sidestart|p1: SimonStork|move: Stealth Rock
|
|-damage|p2a: Ting-Lu|94/100 tox|[from] psn
|upkeep
|turn|8
|
|t:|1779870970
|switch|p2a: Gholdengo|Gholdengo|82/100
|move|p1a: Weezing|Defog|p2a: Gholdengo
|-unboost|p2a: Gholdengo|evasion|1
|-sideend|p1: SimonStork|Stealth Rock|[from] move: Defog|[of] p1a: Weezing
|
|upkeep
|turn|9
|
|t:|1779870978
|switch|p2a: Dragonite|Dragonite, M|100/100
|-end|p1a: Weezing|ability: Neutralizing Gas
|switch|p1a: Alomomola|Alomomola, F|100/100
|
|upkeep
|turn|10
|
|t:|1779870984
|move|p2a: Dragonite|Dragon Dance|p2a: Dragonite
|-boost|p2a: Dragonite|atk|1
|-boost|p2a: Dragonite|spe|1
|move|p1a: Alomomola|Flip Turn|p2a: Dragonite
|-resisted|p2a: Dragonite
|-damage|p2a: Dragonite|97/100
|
|t:|1779870990
|switch|p1a: Weezing|Weezing-Galar, M, tera:Grass|82/100|[from] Flip Turn
|-ability|p1a: Weezing|Neutralizing Gas
|
|upkeep
|turn|11
|
|t:|1779870995
|move|p1a: Weezing|Will-O-Wisp|p2a: Dragonite
|-status|p2a: Dragonite|brn
|move|p2a: Dragonite|Dragon Tail|p1a: Weezing
|-damage|p1a: Weezing|67/100
|-end|p1a: Weezing|ability: Neutralizing Gas
|drag|p1a: Iron Treads|Iron Treads|100/100
|
|-damage|p2a: Dragonite|90/100 brn|[from] brn
|upkeep
|turn|12
|
|t:|1779871004
|switch|p2a: Sinistcha|Sinistcha-Masterpiece|100/100
|move|p1a: Iron Treads|Ice Spinner|p2a: Sinistcha
|-supereffective|p2a: Sinistcha
|-damage|p2a: Sinistcha|70/100
|
|upkeep
|turn|13
|
|t:|1779871014
|-end|p1a: Iron Treads|Quark Drive|[silent]
|switch|p1a: Blissey|Blissey, F|100/100
|move|p2a: Sinistcha|Calm Mind|p2a: Sinistcha
|-boost|p2a: Sinistcha|spa|1
|-boost|p2a: Sinistcha|spd|1
|
|upkeep
|turn|14
|
|t:|1779871020
|move|p2a: Sinistcha|Matcha Gotcha|p1a: Blissey
|-damage|p1a: Blissey|87/100
|-heal|p2a: Sinistcha|83/100|[from] drain|[of] p1a: Blissey
|move|p1a: Blissey|Calm Mind|p1a: Blissey
|-boost|p1a: Blissey|spa|1
|-boost|p1a: Blissey|spd|1
|
|-heal|p1a: Blissey|93/100|[from] item: Leftovers
|upkeep
|turn|15
|
|t:|1779871029
|switch|p2a: Ting-Lu|Ting-Lu|94/100 tox
|-ability|p2a: Ting-Lu|Vessel of Ruin
|move|p1a: Blissey|Shadow Ball|p2a: Ting-Lu
|-resisted|p2a: Ting-Lu
|-damage|p2a: Ting-Lu|88/100 tox
|
|-heal|p1a: Blissey|99/100|[from] item: Leftovers
|-heal|p2a: Ting-Lu|94/100 tox|[from] item: Leftovers
|-damage|p2a: Ting-Lu|88/100 tox|[from] psn
|upkeep
|turn|16
|
|t:|1779871039
|switch|p1a: Weezing|Weezing-Galar, M, tera:Grass|67/100
|-ability|p1a: Weezing|Neutralizing Gas
|move|p2a: Ting-Lu|Stealth Rock|p1a: Weezing
|-sidestart|p1: SimonStork|move: Stealth Rock
|
|-heal|p2a: Ting-Lu|94/100 tox|[from] item: Leftovers
|-damage|p2a: Ting-Lu|82/100 tox|[from] psn
|upkeep
|turn|17
|
|t:|1779871047
|switch|p2a: Gholdengo|Gholdengo|82/100
|move|p1a: Weezing|Defog|p2a: Gholdengo
|-unboost|p2a: Gholdengo|evasion|1
|-sideend|p1: SimonStork|Stealth Rock|[from] move: Defog|[of] p1a: Weezing
|
|upkeep
|turn|18
|
|t:|1779871061
|switch|p2a: Dragonite|Dragonite, M|90/100 brn
|-end|p1a: Weezing|ability: Neutralizing Gas
|switch|p1a: Lokix|Lokix, F|100/100
|
|-damage|p2a: Dragonite|84/100 brn|[from] brn
|upkeep
|turn|19
|
|t:|1779871071
|move|p1a: Lokix|Knock Off|p2a: Dragonite
|-damage|p2a: Dragonite|22/100 brn
|-enditem|p2a: Dragonite|Heavy-Duty Boots|[from] move: Knock Off|[of] p1a: Lokix
|move|p2a: Dragonite|Dragon Dance|p2a: Dragonite
|-boost|p2a: Dragonite|atk|1
|-boost|p2a: Dragonite|spe|1
|
|-damage|p2a: Dragonite|16/100 brn|[from] brn
|upkeep
|turn|20
|
|t:|1779871080
|switch|p1a: Alomomola|Alomomola, F|100/100
|move|p2a: Dragonite|Extreme Speed|p1a: Alomomola
|-damage|p1a: Alomomola|88/100
|
|-damage|p2a: Dragonite|10/100 brn|[from] brn
|upkeep
|turn|21
|
|t:|1779871087
|move|p2a: Dragonite|Roost|p2a: Dragonite
|-heal|p2a: Dragonite|60/100 brn
|-singleturn|p2a: Dragonite|move: Roost
|move|p1a: Alomomola|Flip Turn|p2a: Dragonite
|-resisted|p2a: Dragonite
|-damage|p2a: Dragonite|53/100 brn
|
|t:|1779871095
|switch|p1a: Iron Treads|Iron Treads|100/100|[from] Flip Turn
|
|-damage|p2a: Dragonite|47/100 brn|[from] brn
|upkeep
|turn|22
|
|t:|1779871100
|switch|p2a: Sinistcha|Sinistcha-Masterpiece|83/100
|move|p1a: Iron Treads|Ice Spinner|p2a: Sinistcha
|-supereffective|p2a: Sinistcha
|-damage|p2a: Sinistcha|52/100
|
|upkeep
|turn|23
|
|t:|1779871106
|-end|p1a: Iron Treads|Quark Drive|[silent]
|switch|p1a: Blissey|Blissey, F|99/100
|move|p2a: Sinistcha|Strength Sap|p1a: Blissey
|-unboost|p1a: Blissey|atk|1
|-heal|p2a: Sinistcha|58/100
|
|-heal|p1a: Blissey|100/100|[from] item: Leftovers
|upkeep
|turn|24
|
|t:|1779871116
|switch|p2a: Gliscor|Gliscor, F|52/100 tox
|move|p1a: Blissey|Shadow Ball|p2a: Gliscor
|-damage|p2a: Gliscor|40/100 tox
|
|-heal|p2a: Gliscor|52/100 tox|[from] ability: Poison Heal
|upkeep
|turn|25
|
|t:|1779871124
|switch|p1a: Weezing|Weezing-Galar, M, tera:Grass|67/100
|-ability|p1a: Weezing|Neutralizing Gas
|move|p2a: Gliscor|Toxic|p1a: Weezing
|-status|p1a: Weezing|tox
|
|-damage|p2a: Gliscor|40/100 tox|[from] psn
|-damage|p1a: Weezing|61/100 tox|[from] psn
|upkeep
|turn|26
|
|t:|1779871136
|switch|p2a: Ting-Lu|Ting-Lu|82/100 tox
|move|p1a: Weezing|Toxic|p2a: Ting-Lu
|-fail|p2a: Ting-Lu|tox
|
|-heal|p2a: Ting-Lu|88/100 tox|[from] item: Leftovers
|-damage|p1a: Weezing|49/100 tox|[from] psn
|-damage|p2a: Ting-Lu|82/100 tox|[from] psn
|upkeep
|turn|27
|
|t:|1779871145
|move|p1a: Weezing|Pain Split|p2a: Ting-Lu
|-sethp|p2a: Ting-Lu|58/100 tox|[from] move: Pain Split|[silent]
|-sethp|p1a: Weezing|83/100 tox|[from] move: Pain Split
|move|p2a: Ting-Lu|Stealth Rock|p1a: Weezing
|-sidestart|p1: SimonStork|move: Stealth Rock
|
|-heal|p2a: Ting-Lu|64/100 tox|[from] item: Leftovers
|-damage|p1a: Weezing|65/100 tox|[from] psn
|-damage|p2a: Ting-Lu|51/100 tox|[from] psn
|upkeep
|turn|28
|
|t:|1779871154
|switch|p2a: Gholdengo|Gholdengo|82/100
|move|p1a: Weezing|Defog|p2a: Gholdengo
|-unboost|p2a: Gholdengo|evasion|1
|-sideend|p1: SimonStork|Stealth Rock|[from] move: Defog|[of] p1a: Weezing
|
|-damage|p1a: Weezing|41/100 tox|[from] psn
|upkeep
|turn|29
|
|t:|1779871162
|-end|p1a: Weezing|ability: Neutralizing Gas
|switch|p1a: Lokix|Lokix, F|100/100
|move|p2a: Gholdengo|Make It Rain|p1a: Lokix
|-damage|p1a: Lokix|0 fnt
|-unboost|p2a: Gholdengo|spa|1
|faint|p1a: Lokix
|
|upkeep
|
|t:|1779871172
|switch|p1a: Iron Treads|Iron Treads|100/100
|turn|30
|
|t:|1779871176
|switch|p2a: Sinistcha|Sinistcha-Masterpiece|58/100
|move|p1a: Iron Treads|Ice Spinner|p2a: Sinistcha
|-supereffective|p2a: Sinistcha
|-damage|p2a: Sinistcha|27/100
|
|upkeep
|turn|31
|
|t:|1779871187
|switch|p2a: Gholdengo|Gholdengo|82/100
|move|p1a: Iron Treads|Ice Spinner|p2a: Gholdengo
|-resisted|p2a: Gholdengo
|-damage|p2a: Gholdengo|71/100
|-damage|p1a: Iron Treads|84/100|[from] item: Rocky Helmet|[of] p2a: Gholdengo
|
|-heal|p1a: Iron Treads|90/100|[from] item: Leftovers
|upkeep
|turn|32
|
|t:|1779871198
|move|p1a: Iron Treads|Earthquake|p2a: Gholdengo
|-supereffective|p2a: Gholdengo
|-damage|p2a: Gholdengo|0 fnt
|faint|p2a: Gholdengo
|
|-heal|p1a: Iron Treads|96/100|[from] item: Leftovers
|upkeep
|
|t:|1779871202
|switch|p2a: Keldeo|Keldeo|100/100
|turn|33
|
|t:|1779871209
|-end|p1a: Iron Treads|Quark Drive|[silent]
|switch|p1a: Alomomola|Alomomola, F|100/100
|move|p2a: Keldeo|Surf|p1a: Alomomola
|-resisted|p1a: Alomomola
|-damage|p1a: Alomomola|81/100
|
|upkeep
|turn|34
|
|t:|1779871215
|move|p2a: Keldeo|Aura Sphere|p1a: Alomomola
|-damage|p1a: Alomomola|43/100
|move|p1a: Alomomola|Flip Turn|p2a: Keldeo
|-resisted|p2a: Keldeo
|-damage|p2a: Keldeo|91/100
|
|t:|1779871232
|switch|p1a: Blissey|Blissey, F|100/100|[from] Flip Turn
|
|upkeep
|turn|35
|
|t:|1779871237
|move|p2a: Keldeo|Flip Turn|p1a: Blissey
|-damage|p1a: Blissey|87/100
|
|t:|1779871239
|switch|p2a: Dragonite|Dragonite, M|47/100 brn|[from] Flip Turn
|move|p1a: Blissey|Shadow Ball|p2a: Dragonite
|-damage|p2a: Dragonite|34/100 brn
|
|-heal|p1a: Blissey|93/100|[from] item: Leftovers
|-damage|p2a: Dragonite|28/100 brn|[from] brn
|upkeep
|turn|36
|
|t:|1779871248
|move|p2a: Dragonite|Roost|p2a: Dragonite
|-heal|p2a: Dragonite|78/100 brn
|-singleturn|p2a: Dragonite|move: Roost
|move|p1a: Blissey|Seismic Toss|p2a: Dragonite
|-damage|p2a: Dragonite|51/100 brn
|
|-heal|p1a: Blissey|99/100|[from] item: Leftovers
|-damage|p2a: Dragonite|45/100 brn|[from] brn
|upkeep
|turn|37
|
|t:|1779871259
|switch|p1a: Iron Treads|Iron Treads|96/100
|move|p2a: Dragonite|Roost|p2a: Dragonite
|-heal|p2a: Dragonite|95/100 brn
|-singleturn|p2a: Dragonite|move: Roost
|
|-heal|p1a: Iron Treads|100/100|[from] item: Leftovers
|-damage|p2a: Dragonite|89/100 brn|[from] brn
|upkeep
|turn|38
|
|t:|1779871269
|switch|p2a: Keldeo|Keldeo|91/100
|move|p1a: Iron Treads|Ice Spinner|p2a: Keldeo
|-resisted|p2a: Keldeo
|-damage|p2a: Keldeo|79/100
|
|upkeep
|turn|39
|
|t:|1779871277
|-end|p1a: Iron Treads|Quark Drive|[silent]
|switch|p1a: Alomomola|Alomomola, F|77/100
|move|p2a: Keldeo|Surf|p1a: Alomomola
|-resisted|p1a: Alomomola
|-damage|p1a: Alomomola|56/100
|
|upkeep
|turn|40
|
|t:|1779871282
|move|p2a: Keldeo|Aura Sphere|p1a: Alomomola
|-damage|p1a: Alomomola|19/100
|move|p1a: Alomomola|Flip Turn|p2a: Keldeo
|-resisted|p2a: Keldeo
|-damage|p2a: Keldeo|70/100
|
|t:|1779871288
|switch|p1a: Blissey|Blissey, F|99/100|[from] Flip Turn
|
|-heal|p1a: Blissey|100/100|[from] item: Leftovers
|upkeep
|turn|41
|
|t:|1779871293
|move|p2a: Keldeo|Flip Turn|p1a: Blissey
|-damage|p1a: Blissey|85/100
|
|t:|1779871295
|switch|p2a: Gliscor|Gliscor, F|40/100 tox|[from] Flip Turn
|move|p1a: Blissey|Seismic Toss|p2a: Gliscor
|-damage|p2a: Gliscor|12/100 tox
|
|-heal|p1a: Blissey|91/100|[from] item: Leftovers
|-heal|p2a: Gliscor|24/100 tox|[from] ability: Poison Heal
|upkeep
|turn|42
|
|t:|1779871304
|switch|p1a: Weezing|Weezing-Galar, M, tera:Grass|41/100 tox
|-ability|p1a: Weezing|Neutralizing Gas
|move|p2a: Gliscor|Knock Off|p1a: Weezing
|-damage|p1a: Weezing|31/100 tox
|
|-damage|p2a: Gliscor|12/100 tox|[from] psn
|-damage|p1a: Weezing|25/100 tox|[from] psn
|upkeep
|turn|43
|
|t:|1779871320
|switch|p2a: Sinistcha|Sinistcha-Masterpiece|27/100
|move|p1a: Weezing|Toxic|p2a: Sinistcha
|-status|p2a: Sinistcha|tox
|
|-damage|p2a: Sinistcha|21/100 tox|[from] psn
|-damage|p1a: Weezing|13/100 tox|[from] psn
|upkeep
|turn|44
|
|t:|1779871328
|-end|p1a: Weezing|ability: Neutralizing Gas
|switch|p1a: Blissey|Blissey, F|91/100
|move|p2a: Sinistcha|Strength Sap|p1a: Blissey
|-unboost|p1a: Blissey|atk|1
|-heal|p2a: Sinistcha|28/100 tox
|
|-heal|p1a: Blissey|97/100|[from] item: Leftovers
|-damage|p2a: Sinistcha|16/100 tox|[from] psn
|upkeep
|turn|45
|
|t:|1779871338
|switch|p2a: Gliscor|Gliscor, F|12/100 tox
|move|p1a: Blissey|Shadow Ball|p2a: Gliscor
|-damage|p2a: Gliscor|0 fnt
|faint|p2a: Gliscor
|
|-heal|p1a: Blissey|100/100|[from] item: Leftovers
|upkeep
|
|t:|1779871341
|switch|p2a: Dragonite|Dragonite, M|89/100 brn
|turn|46
|
|t:|1779871348
|switch|p1a: Weezing|Weezing-Galar, M, tera:Grass|13/100 tox
|-ability|p1a: Weezing|Neutralizing Gas
|move|p2a: Dragonite|Dragon Dance|p2a: Dragonite
|-boost|p2a: Dragonite|atk|1
|-boost|p2a: Dragonite|spe|1
|
|-damage|p1a: Weezing|7/100 tox|[from] psn
|-damage|p2a: Dragonite|83/100 brn|[from] brn
|upkeep
|turn|47
|
|t:|1779871358
|move|p2a: Dragonite|Extreme Speed|p1a: Weezing
|-damage|p1a: Weezing|0 fnt
|faint|p1a: Weezing
|-end|p1a: Weezing|ability: Neutralizing Gas
|
|-damage|p2a: Dragonite|77/100 brn|[from] brn
|upkeep
|
|t:|1779871365
|switch|p1a: Iron Treads|Iron Treads|100/100
|turn|48
|
|t:|1779871385
|switch|p2a: Keldeo|Keldeo|70/100
|move|p1a: Iron Treads|Ice Spinner|p2a: Keldeo
|-resisted|p2a: Keldeo
|-damage|p2a: Keldeo|59/100
|
|upkeep
|turn|49
|
|t:|1779871392
|-end|p1a: Iron Treads|Quark Drive|[silent]
|switch|p1a: Blissey|Blissey, F|100/100
|move|p2a: Keldeo|Flip Turn|p1a: Blissey
|-damage|p1a: Blissey|86/100
|
|t:|1779871396
|switch|p2a: Dragonite|Dragonite, M|77/100 brn|[from] Flip Turn
|
|-heal|p1a: Blissey|92/100|[from] item: Leftovers
|-damage|p2a: Dragonite|71/100 brn|[from] brn
|upkeep
|turn|50
|
|t:|1779871403
|switch|p2a: Keldeo|Keldeo|59/100
|switch|p1a: Iron Treads|Iron Treads|100/100
|
|upkeep
|turn|51
|
|t:|1779871409
|-end|p1a: Iron Treads|Quark Drive|[silent]
|switch|p1a: Blissey|Blissey, F|92/100
|move|p2a: Keldeo|Surf|p1a: Blissey
|-damage|p1a: Blissey|76/100
|
|-heal|p1a: Blissey|83/100|[from] item: Leftovers
|upkeep
|turn|52
|-message|thiccdug forfeited.
|
|win|SimonStork
|raw|SimonStork's rating: 1510 &rarr; <strong>1528</strong><br />(+18 for winning)
|raw|thiccdug's rating: 1474 &rarr; <strong>1456</strong><br />(-18 for losing)
|l|☆thiccdug
|player|p2|
|l|☆SimonStork
|player|p1|
