|j|☆browoo42
|j|☆RoryAnimatez
|t:|1779804974
|gametype|singles
|player|p1|browoo42|265|1496
|player|p2|RoryAnimatez|lucas-gen4pt|1457
|gen|9
|tier|[Gen 9] OU
|rated|
|rule|HP Percentage Mod: HP is shown in percentages
|rule|Endless Battle Clause: Forcing endless battles is banned
|rule|Species Clause: Limit one of each Pokémon
|rule|OHKO Clause: OHKO moves are banned
|rule|Evasion Items Clause: Evasion items are banned
|rule|Evasion Moves Clause: Evasion moves are banned
|rule|Evasion Abilities Clause: Evasion abilities are banned
|rule|Sleep Moves Clause: Sleep-inducing moves are banned
|clearpoke
|poke|p1|Jirachi|
|poke|p1|Dragonite, F|
|poke|p1|Crawdaunt, F|
|poke|p1|Mew|
|poke|p1|Corviknight, M|
|poke|p1|Cinderace, M|
|poke|p2|Alomomola, F|
|poke|p2|Landorus-Therian, M|
|poke|p2|Slowking-Galar, F|
|poke|p2|Dragapult, M|
|poke|p2|Darkrai|
|poke|p2|Scizor, M|
|teampreview
|
|t:|1779804989
|teamsize|p1|6
|teamsize|p2|6
|start
|switch|p1a: Dragonite|Dragonite, F|100/100
|switch|p2a: Dragapult|Dragapult, M|100/100
|turn|1
|
|t:|1779804999
|switch|p1a: Corviknight|Corviknight, M|100/100
|move|p2a: Dragapult|U-turn|p1a: Corviknight
|-resisted|p1a: Corviknight
|-damage|p1a: Corviknight|98/100
|-damage|p2a: Dragapult|84/100|[from] item: Rocky Helmet|[of] p1a: Corviknight
|
|t:|1779805007
|switch|p2a: Slowking|Slowking-Galar, F|100/100|[from] U-turn
|
|upkeep
|turn|2
|
|t:|1779805013
|move|p1a: Corviknight|Body Press|p2a: Slowking
|-resisted|p2a: Slowking
|-damage|p2a: Slowking|93/100
|move|p2a: Slowking|Flamethrower|p1a: Corviknight
|-supereffective|p1a: Corviknight
|-damage|p1a: Corviknight|35/100
|
|upkeep
|turn|3
|
|t:|1779805028
|move|p1a: Corviknight|U-turn|p2a: Slowking
|-damage|p2a: Slowking|79/100
|
|t:|1779805038
|switch|p1a: Crawdaunt|Crawdaunt, F|100/100|[from] U-turn
|move|p2a: Slowking|Sludge Wave|p1a: Crawdaunt
|-enditem|p1a: Crawdaunt|Focus Sash
|-damage|p1a: Crawdaunt|1/100
|
|upkeep
|turn|4
|
|t:|1779805046
|switch|p2a: Alomomola|Alomomola, F|100/100
|move|p1a: Crawdaunt|Crabhammer|p2a: Alomomola
|-resisted|p2a: Alomomola
|-damage|p2a: Alomomola|82/100
|-damage|p1a: Crawdaunt|0 fnt|[from] item: Rocky Helmet|[of] p2a: Alomomola
|faint|p1a: Crawdaunt
|
|upkeep
|
|t:|1779805054
|switch|p1a: Mew|Mew|100/100
|turn|5
|
|t:|1779805062
|move|p1a: Mew|Volt Switch|p2a: Alomomola
|-supereffective|p2a: Alomomola
|-damage|p2a: Alomomola|18/100
|-damage|p1a: Mew|91/100|[from] item: Life Orb
|
|t:|1779805072
|switch|p1a: Cinderace|Cinderace, M|100/100|[from] Volt Switch
|move|p2a: Alomomola|Flip Turn|p1a: Cinderace
|-supereffective|p1a: Cinderace
|-damage|p1a: Cinderace|54/100
|
|t:|1779805080
|switch|p2a: Landorus|Landorus-Therian, M|100/100|[from] Flip Turn
|-ability|p2a: Landorus|Intimidate|boost
|-unboost|p1a: Cinderace|atk|1
|
|upkeep
|turn|6
|
|t:|1779805090
|move|p1a: Cinderace|Will-O-Wisp|p2a: Landorus
|-status|p2a: Landorus|brn
|move|p2a: Landorus|Stone Edge|p1a: Cinderace
|-supereffective|p1a: Cinderace
|-damage|p1a: Cinderace|0 fnt
|faint|p1a: Cinderace
|
|-damage|p2a: Landorus|94/100 brn|[from] brn
|upkeep
|
|t:|1779805100
|switch|p1a: Mew|Mew|91/100
|turn|7
|
|t:|1779805105
|switch|p1a: Dragonite|Dragonite, F|100/100
|move|p2a: Landorus|U-turn|p1a: Dragonite
|-resisted|p1a: Dragonite
|-damage|p1a: Dragonite|96/100
|c|☆browoo42|Gg
|
|t:|1779805112
|switch|p2a: Darkrai|Darkrai|100/100|[from] U-turn
|
|upkeep
|turn|8
|c|☆browoo42|Tough team for me to face
|c|☆browoo42|But also surprise moves
|c|☆RoryAnimatez|all good
|c|☆browoo42|Nice, yet eye roll
|c|☆RoryAnimatez|yeah some teams be like that
|c|☆browoo42|Best of luck
|-message|browoo42 forfeited.
|
|win|RoryAnimatez
|raw|browoo42's rating: 1496 &rarr; <strong>1474</strong><br />(-22 for losing)
|raw|RoryAnimatez's rating: 1457 &rarr; <strong>1479</strong><br />(+22 for winning)
|l|☆browoo42
|player|p1|
|l|☆RoryAnimatez
|player|p2|
