|j|☆Nictus XIII
|j|☆claudechamp
|t:|1779831924
|gametype|singles
|player|p1|Nictus XIII|ghetsis-gen5bw|1145
|player|p2|claudechamp|265|1173
|gen|9
|tier|[Gen 9] OU
|rated|
|rule|HP Percentage Mod: HP is shown in percentages
|rule|Endless Battle Clause: Forcing endless battles is banned
|rule|Species Clause: Limit one of each Pokémon
|rule|OHKO Clause: OHKO moves are banned
|rule|Evasion Items Clause: Evasion items are banned
|rule|Evasion Moves Clause: Evasion moves are banned
|rule|Evasion Abilities Clause: Evasion abilities are banned
|rule|Sleep Moves Clause: Sleep-inducing moves are banned
|clearpoke
|poke|p1|Dondozo, M|
|poke|p1|Blissey, F|
|poke|p1|Gliscor, M|
|poke|p1|Garganacl, M|
|poke|p1|Corviknight, M|
|poke|p1|Gholdengo|
|poke|p2|Gliscor, F|
|poke|p2|Ogerpon, F|
|poke|p2|Walking Wake|
|poke|p2|Blissey, F|
|poke|p2|Corviknight, F|
|poke|p2|Pecharunt|
|teampreview
|c|☆claudechamp|hf
|inactive|Battle timer is ON: inactive players will automatically lose when time's up. (requested by claudechamp)
|
|t:|1779831933
|teamsize|p1|6
|teamsize|p2|6
|start
|switch|p1a: Gliscor|Gliscor, M|100/100
|switch|p2a: Gliscor|Gliscor, F|100/100
|turn|1
|
|t:|1779831940
|move|p1a: Gliscor|Spikes|p2a: Gliscor
|-sidestart|p2: claudechamp|Spikes
|move|p2a: Gliscor|Spikes|p1a: Gliscor
|-sidestart|p1: Nictus XIII|Spikes
|
|-status|p1a: Gliscor|tox|[from] item: Toxic Orb
|-status|p2a: Gliscor|tox|[from] item: Toxic Orb
|upkeep
|turn|2
|
|t:|1779831946
|move|p1a: Gliscor|Spikes|p2a: Gliscor
|-sidestart|p2: claudechamp|Spikes
|move|p2a: Gliscor|Spikes|p1a: Gliscor
|-sidestart|p1: Nictus XIII|Spikes
|
|upkeep
|turn|3
|
|t:|1779831951
|move|p1a: Gliscor|Spikes|p2a: Gliscor
|-sidestart|p2: claudechamp|Spikes
|move|p2a: Gliscor|Spikes|p1a: Gliscor
|-sidestart|p1: Nictus XIII|Spikes
|
|upkeep
|turn|4
|
|t:|1779831963
|switch|p1a: Garganacl|Garganacl, M|100/100
|-damage|p1a: Garganacl|75/100|[from] Spikes
|switch|p2a: Walking Wake|Walking Wake|100/100
|
|-heal|p1a: Garganacl|82/100|[from] item: Leftovers
|upkeep
|turn|5
|
|t:|1779831979
|switch|p1a: Dondozo|Dondozo, M|100/100
|move|p2a: Walking Wake|Surf|p1a: Dondozo
|-resisted|p1a: Dondozo
|-damage|p1a: Dondozo|79/100
|
|upkeep
|turn|6
|
|t:|1779831989
|move|p2a: Walking Wake|Surf|p1a: Dondozo
|-resisted|p1a: Dondozo
|-damage|p1a: Dondozo|56/100
|move|p1a: Dondozo|Body Press|p2a: Walking Wake
|-damage|p2a: Walking Wake|68/100
|
|upkeep
|turn|7
|
|t:|1779831995
|move|p2a: Walking Wake|Draco Meteor|p1a: Dondozo
|-crit|p1a: Dondozo
|-damage|p1a: Dondozo|0 fnt
|-unboost|p2a: Walking Wake|spa|2
|faint|p1a: Dondozo
|
|upkeep
|
|t:|1779832008
|switch|p1a: Gholdengo|Gholdengo|100/100
|-item|p1a: Gholdengo|Air Balloon
|turn|8
|
|t:|1779832020
|move|p2a: Walking Wake|Knock Off|p1a: Gholdengo
|-supereffective|p1a: Gholdengo
|-damage|p1a: Gholdengo|76/100
|-enditem|p1a: Gholdengo|Air Balloon
|move|p1a: Gholdengo|Shadow Ball|p2a: Walking Wake
|-damage|p2a: Walking Wake|24/100
|
|upkeep
|turn|9
|
|t:|1779832029
|-end|p2a: Walking Wake|Protosynthesis|[silent]
|switch|p2a: Blissey|Blissey, F|100/100
|move|p1a: Gholdengo|Nasty Plot|p1a: Gholdengo
|-boost|p1a: Gholdengo|spa|2
|
|upkeep
|turn|10
|
|t:|1779832035
|move|p1a: Gholdengo|Nasty Plot|p1a: Gholdengo
|-boost|p1a: Gholdengo|spa|2
|move|p2a: Blissey|Calm Mind|p2a: Blissey
|-boost|p2a: Blissey|spa|1
|-boost|p2a: Blissey|spd|1
|
|upkeep
|turn|11
|
|t:|1779832042
|move|p1a: Gholdengo|Nasty Plot|p1a: Gholdengo
|-boost|p1a: Gholdengo|spa|2
|move|p2a: Blissey|Calm Mind|p2a: Blissey
|-boost|p2a: Blissey|spa|1
|-boost|p2a: Blissey|spd|1
|
|upkeep
|turn|12
|
|t:|1779832050
|move|p1a: Gholdengo|Make It Rain|p2a: Blissey
|-damage|p2a: Blissey|69/100
|-unboost|p1a: Gholdengo|spa|1
|move|p2a: Blissey|Stealth Rock|p1a: Gholdengo
|-sidestart|p1: Nictus XIII|move: Stealth Rock
|
|upkeep
|turn|13
|
|t:|1779832056
|switch|p2a: Corviknight|Corviknight, F|100/100
|-ability|p2a: Corviknight|Pressure
|move|p1a: Gholdengo|Make It Rain|p2a: Corviknight
|-resisted|p2a: Corviknight
|-damage|p2a: Corviknight|10/100
|-unboost|p1a: Gholdengo|spa|1
|
|upkeep
|turn|14
|
|t:|1779832067
|switch|p2a: Blissey|Blissey, F|69/100
|move|p1a: Gholdengo|Nasty Plot|p1a: Gholdengo
|-boost|p1a: Gholdengo|spa|2
|
|upkeep
|turn|15
|
|t:|1779832073
|switch|p2a: Corviknight|Corviknight, F|10/100
|-ability|p2a: Corviknight|Pressure
|move|p1a: Gholdengo|Make It Rain|p2a: Corviknight
|-resisted|p2a: Corviknight
|-damage|p2a: Corviknight|0 fnt
|-unboost|p1a: Gholdengo|spa|1
|faint|p2a: Corviknight
|
|upkeep
|
|t:|1779832076
|switch|p2a: Blissey|Blissey, F|69/100
|turn|16
|
|t:|1779832085
|-terastallize|p2a: Blissey|Dark
|move|p1a: Gholdengo|Make It Rain|p2a: Blissey
|-damage|p2a: Blissey|17/100
|-unboost|p1a: Gholdengo|spa|1
|move|p2a: Blissey|Soft-Boiled|p2a: Blissey
|-heal|p2a: Blissey|67/100
|
|upkeep
|turn|17
|
|t:|1779832094
|switch|p2a: Ogerpon|Ogerpon, F|100/100
|move|p1a: Gholdengo|Nasty Plot|p1a: Gholdengo
|-boost|p1a: Gholdengo|spa|2
|
|upkeep
|turn|18
|
|t:|1779832103
|move|p2a: Ogerpon|Ivy Cudgel|p1a: Gholdengo
|-resisted|p1a: Gholdengo
|-damage|p1a: Gholdengo|60/100
|move|p1a: Gholdengo|Shadow Ball|p2a: Ogerpon
|-damage|p2a: Ogerpon|0 fnt
|faint|p2a: Ogerpon
|
|upkeep
|
|t:|1779832108
|switch|p2a: Blissey|Blissey, F, tera:Dark|67/100
|turn|19
|
|t:|1779832115
|switch|p2a: Walking Wake|Walking Wake|24/100
|move|p1a: Gholdengo|Make It Rain|p2a: Walking Wake
|-resisted|p2a: Walking Wake
|-damage|p2a: Walking Wake|0 fnt
|-unboost|p1a: Gholdengo|spa|1
|faint|p2a: Walking Wake
|-end|p2a: Walking Wake|Protosynthesis|[silent]
|
|upkeep
|
|t:|1779832119
|switch|p2a: Blissey|Blissey, F, tera:Dark|67/100
|turn|20
|
|t:|1779832124
|switch|p2a: Gliscor|Gliscor, F|100/100 tox
|move|p1a: Gholdengo|Make It Rain|p2a: Gliscor
|-damage|p2a: Gliscor|0 fnt
|-unboost|p1a: Gholdengo|spa|1
|faint|p2a: Gliscor
|
|upkeep
|
|t:|1779832129
|switch|p2a: Blissey|Blissey, F, tera:Dark|67/100
|turn|21
|
|t:|1779832139
|switch|p2a: Pecharunt|Pecharunt|100/100
|move|p1a: Gholdengo|Recover|p1a: Gholdengo
|-heal|p1a: Gholdengo|100/100
|
|upkeep
|turn|22
|
|t:|1779832145
|move|p1a: Gholdengo|Shadow Ball|p2a: Pecharunt
|-supereffective|p2a: Pecharunt
|-damage|p2a: Pecharunt|0 fnt
|faint|p2a: Pecharunt
|
|upkeep
|
|t:|1779832149
|switch|p2a: Blissey|Blissey, F, tera:Dark|67/100
|turn|23
|
|t:|1779832158
|switch|p1a: Garganacl|Garganacl, M|82/100
|-damage|p1a: Garganacl|57/100|[from] Spikes
|-damage|p1a: Garganacl|44/100|[from] Stealth Rock
|move|p2a: Blissey|Calm Mind|p2a: Blissey
|-boost|p2a: Blissey|spa|1
|-boost|p2a: Blissey|spd|1
|
|-heal|p1a: Garganacl|50/100|[from] item: Leftovers
|upkeep
|turn|24
|
|t:|1779832169
|switch|p1a: Corviknight|Corviknight, M|100/100
|-damage|p1a: Corviknight|88/100|[from] Stealth Rock
|-ability|p1a: Corviknight|Pressure
|move|p2a: Blissey|Calm Mind|p2a: Blissey
|-boost|p2a: Blissey|spa|1
|-boost|p2a: Blissey|spd|1
|
|upkeep
|turn|25
|
|t:|1779832179
|move|p1a: Corviknight|Defog|p2a: Blissey
|-unboost|p2a: Blissey|evasion|1
|-sideend|p2: claudechamp|Spikes|[from] move: Defog|[of] p1a: Corviknight
|-sideend|p1: Nictus XIII|Spikes|[from] move: Defog|[of] p1a: Corviknight
|-sideend|p1: Nictus XIII|Stealth Rock|[from] move: Defog|[of] p1a: Corviknight
|move|p2a: Blissey|Soft-Boiled|p2a: Blissey
|-heal|p2a: Blissey|100/100
|
|upkeep
|turn|26
|
|t:|1779832186
|move|p1a: Corviknight|Body Press|p2a: Blissey
|-supereffective|p2a: Blissey
|-damage|p2a: Blissey|45/100
|move|p2a: Blissey|Seismic Toss|p1a: Corviknight
|-damage|p1a: Corviknight|63/100
|-damage|p2a: Blissey|29/100|[from] item: Rocky Helmet|[of] p1a: Corviknight
|
|upkeep
|turn|27
|
|t:|1779832196
|move|p1a: Corviknight|Body Press|p2a: Blissey
|-supereffective|p2a: Blissey
|-damage|p2a: Blissey|0 fnt
|faint|p2a: Blissey
|
|win|Nictus XIII
|raw|Nictus XIII's rating: 1145 &rarr; <strong>1172</strong><br />(+27 for winning)
|raw|claudechamp's rating: 1173 &rarr; <strong>1146</strong><br />(-27 for losing)
|c|☆claudechamp|gg
|c|☆Nictus XIII|gg
