|j|☆Free P41estine
|j|☆mogulmoves1
|t:|1779803114
|gametype|singles
|player|p1|Free P41estine|benga|1507
|player|p2|mogulmoves1|gambler-gen1|1445
|gen|9
|tier|[Gen 9] OU
|rated|
|rule|HP Percentage Mod: HP is shown in percentages
|rule|Endless Battle Clause: Forcing endless battles is banned
|rule|Species Clause: Limit one of each Pokémon
|rule|OHKO Clause: OHKO moves are banned
|rule|Evasion Items Clause: Evasion items are banned
|rule|Evasion Moves Clause: Evasion moves are banned
|rule|Evasion Abilities Clause: Evasion abilities are banned
|rule|Sleep Moves Clause: Sleep-inducing moves are banned
|clearpoke
|poke|p1|Ogerpon, F|
|poke|p1|Rillaboom, F|
|poke|p1|Great Tusk|
|poke|p1|Gholdengo|
|poke|p1|Moltres|
|poke|p1|Muk-Alola, F|
|poke|p2|Pelipper, F|
|poke|p2|Manaphy|
|poke|p2|Bruxish, M|
|poke|p2|Overqwil, M|
|poke|p2|Iron Treads|
|poke|p2|Raging Bolt|
|teampreview
|inactive|Battle timer is ON: inactive players will automatically lose when time's up. (requested by mogulmoves1)
|
|t:|1779803157
|teamsize|p1|6
|teamsize|p2|6
|start
|switch|p1a: Gholdengo|Gholdengo|100/100
|switch|p2a: Pelipper|Pelipper, F|100/100
|-weather|RainDance|[from] ability: Drizzle|[of] p2a: Pelipper
|turn|1
|
|t:|1779803173
|switch|p2a: Iron Treads|Iron Treads|100/100
|-enditem|p2a: Iron Treads|Booster Energy
|-activate|p2a: Iron Treads|ability: Quark Drive|[fromitem]
|-start|p2a: Iron Treads|quarkdrivespe
|move|p1a: Gholdengo|Make It Rain|p2a: Iron Treads
|-resisted|p2a: Iron Treads
|-damage|p2a: Iron Treads|47/100
|-unboost|p1a: Gholdengo|spa|1
|
|-weather|RainDance|[upkeep]
|upkeep
|turn|2
|
|t:|1779803184
|switch|p1a: Great Tusk|Great Tusk|100/100
|move|p2a: Iron Treads|Stealth Rock|p1a: Great Tusk
|-sidestart|p1: Free P41estine|move: Stealth Rock
|
|-weather|RainDance|[upkeep]
|upkeep
|turn|3
|
|t:|1779803198
|-end|p2a: Iron Treads|Quark Drive|[silent]
|switch|p2a: Manaphy|Manaphy|100/100
|move|p1a: Great Tusk|Rapid Spin|p2a: Manaphy
|-crit|p2a: Manaphy
|-damage|p2a: Manaphy|76/100
|-boost|p1a: Great Tusk|spe|1
|-sideend|p1: Free P41estine|Stealth Rock|[from] move: Rapid Spin|[of] p1a: Great Tusk
|
|-weather|RainDance|[upkeep]
|upkeep
|turn|4
|
|t:|1779803206
|-end|p1a: Great Tusk|Protosynthesis|[silent]
|switch|p1a: Rillaboom|Rillaboom, F|100/100
|-fieldstart|move: Grassy Terrain|[from] ability: Grassy Surge|[of] p1a: Rillaboom
|move|p2a: Manaphy|Tail Glow|p2a: Manaphy
|-boost|p2a: Manaphy|spa|3
|
|-weather|RainDance|[upkeep]
|-heal|p2a: Manaphy|82/100|[from] Grassy Terrain
|upkeep
|turn|5
|
|t:|1779803216
|move|p2a: Manaphy|Ice Beam|p1a: Rillaboom
|-supereffective|p1a: Rillaboom
|-damage|p1a: Rillaboom|0 fnt
|faint|p1a: Rillaboom
|
|-weather|RainDance|[upkeep]
|-heal|p2a: Manaphy|88/100|[from] Grassy Terrain
|upkeep
|
|t:|1779803219
|switch|p1a: Ogerpon|Ogerpon, F|100/100
|turn|6
|
|t:|1779803226
|-terastallize|p2a: Manaphy|Grass
|-terastallize|p1a: Ogerpon|Grass
|detailschange|p1a: Ogerpon|Ogerpon-Teal-Tera, F, tera:Grass
|-ability|p1a: Ogerpon|Embody Aspect (Teal)|boost
|-boost|p1a: Ogerpon|spe|1
|move|p1a: Ogerpon|Ivy Cudgel|p2a: Manaphy
|-resisted|p2a: Manaphy
|-damage|p2a: Manaphy|14/100
|move|p2a: Manaphy|Ice Beam|p1a: Ogerpon
|-supereffective|p1a: Ogerpon
|-damage|p1a: Ogerpon|0 fnt
|faint|p1a: Ogerpon
|detailschange|p1: Ogerpon|Ogerpon, F|[silent]
|
|-weather|RainDance|[upkeep]
|-heal|p2a: Manaphy|20/100|[from] Grassy Terrain
|upkeep
|
|t:|1779803239
|switch|p1a: Tyrantr|Muk-Alola, F|100/100
|turn|7
|
|t:|1779803260
|switch|p2a: Overqwil|Overqwil, M|100/100
|move|p1a: Tyrantr|Knock Off|p2a: Overqwil
|-resisted|p2a: Overqwil
|-damage|p2a: Overqwil|79/100
|-enditem|p2a: Overqwil|Life Orb|[from] move: Knock Off|[of] p1a: Tyrantr
|
|-weather|RainDance|[upkeep]
|-heal|p2a: Overqwil|85/100|[from] Grassy Terrain
|upkeep
|turn|8
|
|t:|1779803274
|switch|p1a: Great Tusk|Great Tusk|100/100
|move|p2a: Overqwil|Liquidation|p1a: Great Tusk
|-supereffective|p1a: Great Tusk
|-damage|p1a: Great Tusk|41/100
|
|-weather|none
|-heal|p2a: Overqwil|91/100|[from] Grassy Terrain
|-heal|p1a: Great Tusk|47/100|[from] Grassy Terrain
|upkeep
|turn|9
|
|t:|1779803287
|-end|p1a: Great Tusk|Protosynthesis|[silent]
|switch|p1a: Gholdengo|Gholdengo|100/100
|switch|p2a: Pelipper|Pelipper, F|100/100
|-weather|RainDance|[from] ability: Drizzle|[of] p2a: Pelipper
|
|-weather|RainDance|[upkeep]
|upkeep
|turn|10
|
|t:|1779803294
|move|p1a: Gholdengo|Shadow Ball|p2a: Pelipper
|-damage|p2a: Pelipper|0 fnt
|faint|p2a: Pelipper
|
|-weather|RainDance|[upkeep]
|upkeep
|
|t:|1779803316
|switch|p2a: Bruxish|Bruxish, M|100/100
|turn|11
|
|t:|1779803343
|move|p2a: Bruxish|Wave Crash|p1a: Gholdengo
|-damage|p1a: Gholdengo|7/100
|-damage|p2a: Bruxish|66/100|[from] Recoil
|move|p1a: Gholdengo|Shadow Ball|p2a: Bruxish
|-supereffective|p2a: Bruxish
|-damage|p2a: Bruxish|0 fnt
|faint|p2a: Bruxish
|
|-weather|RainDance|[upkeep]
|-heal|p1a: Gholdengo|13/100|[from] Grassy Terrain
|-fieldend|move: Grassy Terrain
|upkeep
|
|t:|1779803352
|switch|p2a: Overqwil|Overqwil, M|91/100
|turn|12
|
|t:|1779803355
|switch|p1a: Moltres|Moltres|100/100
|move|p2a: Overqwil|Liquidation|p1a: Moltres
|-supereffective|p1a: Moltres
|-damage|p1a: Moltres|45/100
|
|-weather|RainDance|[upkeep]
|upkeep
|turn|13
|
|t:|1779803373
|switch|p1a: Gholdengo|Gholdengo|13/100
|move|p2a: Overqwil|Liquidation|p1a: Gholdengo
|-damage|p1a: Gholdengo|0 fnt
|faint|p1a: Gholdengo
|
|-weather|RainDance|[upkeep]
|upkeep
|
|t:|1779803385
|switch|p1a: Moltres|Moltres|45/100
|turn|14
|
|t:|1779803387
|move|p2a: Overqwil|Liquidation|p1a: Moltres
|-supereffective|p1a: Moltres
|-damage|p1a: Moltres|0 fnt
|faint|p1a: Moltres
|
|-weather|RainDance|[upkeep]
|upkeep
|
|t:|1779803393
|switch|p1a: Tyrantr|Muk-Alola, F|100/100
|turn|15
|
|t:|1779803402
|move|p2a: Overqwil|Liquidation|p1a: Tyrantr
|-damage|p1a: Tyrantr|61/100
|-unboost|p1a: Tyrantr|def|1
|move|p1a: Tyrantr|Ice Punch|p2a: Overqwil
|-damage|p2a: Overqwil|67/100
|
|-weather|RainDance|[upkeep]
|upkeep
|turn|16
|
|t:|1779803411
|move|p2a: Overqwil|Liquidation|p1a: Tyrantr
|-damage|p1a: Tyrantr|0 fnt
|faint|p1a: Tyrantr
|
|-weather|none
|upkeep
|
|t:|1779803413
|switch|p1a: Great Tusk|Great Tusk|47/100
|turn|17
|
|t:|1779803424
|move|p1a: Great Tusk|Rapid Spin|p2a: Overqwil
|-damage|p2a: Overqwil|48/100
|-boost|p1a: Great Tusk|spe|1
|move|p2a: Overqwil|Liquidation|p1a: Great Tusk
|-supereffective|p1a: Great Tusk
|-damage|p1a: Great Tusk|9/100
|
|upkeep
|turn|18
|
|t:|1779803433
|move|p1a: Great Tusk|Headlong Rush|p2a: Overqwil
|-supereffective|p2a: Overqwil
|-damage|p2a: Overqwil|0 fnt
|-unboost|p1a: Great Tusk|def|1
|-unboost|p1a: Great Tusk|spd|1
|faint|p2a: Overqwil
|
|upkeep
|
|t:|1779803444
|switch|p2a: Raging Bolt|Raging Bolt|100/100
|-enditem|p2a: Raging Bolt|Booster Energy
|-activate|p2a: Raging Bolt|ability: Protosynthesis|[fromitem]
|-start|p2a: Raging Bolt|protosynthesisspa
|turn|19
|
|t:|1779803448
|move|p1a: Great Tusk|Headlong Rush|p2a: Raging Bolt
|-supereffective|p2a: Raging Bolt
|-damage|p2a: Raging Bolt|0 fnt
|-unboost|p1a: Great Tusk|def|1
|-unboost|p1a: Great Tusk|spd|1
|faint|p2a: Raging Bolt
|-end|p2a: Raging Bolt|Protosynthesis|[silent]
|
|upkeep
|
|t:|1779803454
|switch|p2a: Iron Treads|Iron Treads|47/100
|turn|20
|-message|mogulmoves1 forfeited.
|
|win|Free P41estine
|raw|Free P41estine's rating: 1507 &rarr; <strong>1523</strong><br />(+16 for winning)
|raw|mogulmoves1's rating: 1445 &rarr; <strong>1429</strong><br />(-16 for losing)
|l|☆mogulmoves1
|player|p2|
