|j|☆GGonzaLone
|j|☆Freakshow_09
|t:|1779804533
|gametype|singles
|player|p1|GGonzaLone|blue|1129
|player|p2|Freakshow_09|ethan|1081
|gen|9
|tier|[Gen 9] OU
|rated|
|rule|HP Percentage Mod: HP is shown in percentages
|rule|Endless Battle Clause: Forcing endless battles is banned
|rule|Species Clause: Limit one of each Pokémon
|rule|OHKO Clause: OHKO moves are banned
|rule|Evasion Items Clause: Evasion items are banned
|rule|Evasion Moves Clause: Evasion moves are banned
|rule|Evasion Abilities Clause: Evasion abilities are banned
|rule|Sleep Moves Clause: Sleep-inducing moves are banned
|clearpoke
|poke|p1|Dragonite, M|
|poke|p1|Samurott-Hisui, F|
|poke|p1|Clefable, M|
|poke|p1|Gliscor, F|
|poke|p1|Gholdengo|
|poke|p1|Zamazenta-*|
|poke|p2|Typhlosion-Hisui, F|
|poke|p2|Tyranitar, M|
|poke|p2|Scizor, F|
|poke|p2|Feraligatr, F|
|poke|p2|Heracross, M|
|poke|p2|Bellossom, F|
|teampreview
|
|t:|1779804547
|teamsize|p1|6
|teamsize|p2|6
|start
|switch|p1a: Gholdengo|Gholdengo|100/100
|switch|p2a: CODENAME: D.A.R.K|Tyranitar, M|100/100
|-weather|Sandstorm|[from] ability: Sand Stream|[of] p2a: CODENAME: D.A.R.K
|turn|1
|
|t:|1779804559
|move|p1a: Gholdengo|Trick|p2a: CODENAME: D.A.R.K
|-activate|p1a: Gholdengo|move: Trick|[of] p2a: CODENAME: D.A.R.K
|-item|p2a: CODENAME: D.A.R.K|Choice Scarf|[from] move: Trick
|-item|p1a: Gholdengo|Leftovers|[from] move: Trick
|move|p2a: CODENAME: D.A.R.K|Curse|p2a: CODENAME: D.A.R.K
|-unboost|p2a: CODENAME: D.A.R.K|spe|1
|-boost|p2a: CODENAME: D.A.R.K|atk|1
|-boost|p2a: CODENAME: D.A.R.K|def|1
|
|-weather|Sandstorm|[upkeep]
|upkeep
|turn|2
|c|☆Freakshow_09|screw you too
|c|☆Freakshow_09|:(
|inactive|Battle timer is ON: inactive players will automatically lose when time's up. (requested by Freakshow_09)
|inactive|GGonzaLone has 120 seconds left.
|
|t:|1779804630
|switch|p2a: Lieutenant Cross|Heracross, M|100/100
|move|p1a: Gholdengo|Shadow Ball|p2a: Lieutenant Cross
|-damage|p2a: Lieutenant Cross|52/100
|-unboost|p2a: Lieutenant Cross|spd|1
|
|-weather|Sandstorm|[upkeep]
|-damage|p2a: Lieutenant Cross|46/100|[from] Sandstorm
|-status|p2a: Lieutenant Cross|brn|[from] item: Flame Orb
|upkeep
|turn|3
|
|t:|1779804644
|move|p2a: Lieutenant Cross|Shadow Claw|p1a: Gholdengo
|-supereffective|p1a: Gholdengo
|-damage|p1a: Gholdengo|24/100
|move|p1a: Gholdengo|Shadow Ball|p2a: Lieutenant Cross
|-damage|p2a: Lieutenant Cross|0 fnt
|faint|p2a: Lieutenant Cross
|
|-weather|Sandstorm|[upkeep]
|-heal|p1a: Gholdengo|30/100|[from] item: Leftovers
|upkeep
|
|t:|1779804663
|switch|p2a: CODENAME: D.A.R.K|Tyranitar, M|100/100
|turn|4
|
|t:|1779804669
|move|p1a: Gholdengo|Make It Rain|p2a: CODENAME: D.A.R.K
|-supereffective|p2a: CODENAME: D.A.R.K
|-damage|p2a: CODENAME: D.A.R.K|19/100
|-unboost|p1a: Gholdengo|spa|1
|move|p2a: CODENAME: D.A.R.K|Crunch|p1a: Gholdengo
|-supereffective|p1a: Gholdengo
|-damage|p1a: Gholdengo|0 fnt
|faint|p1a: Gholdengo
|
|-weather|Sandstorm|[upkeep]
|upkeep
|
|t:|1779804677
|switch|p1a: Clefable|Clefable, M|100/100
|turn|5
|
|t:|1779804689
|move|p2a: CODENAME: D.A.R.K|Crunch|p1a: Clefable
|-resisted|p1a: Clefable
|-damage|p1a: Clefable|81/100
|-damage|p2a: CODENAME: D.A.R.K|3/100|[from] item: Rocky Helmet|[of] p1a: Clefable
|move|p1a: Clefable|Stealth Rock|p2a: CODENAME: D.A.R.K
|-sidestart|p2: Freakshow_09|move: Stealth Rock
|
|-weather|none
|upkeep
|turn|6
|
|t:|1779804699
|move|p2a: CODENAME: D.A.R.K|Crunch|p1a: Clefable
|-resisted|p1a: Clefable
|-damage|p1a: Clefable|64/100
|-damage|p2a: CODENAME: D.A.R.K|0 fnt|[from] item: Rocky Helmet|[of] p1a: Clefable
|faint|p2a: CODENAME: D.A.R.K
|move|p1a: Clefable|Moonblast|p2: CODENAME: D.A.R.K|[notarget]
|-fail|p1a: Clefable
|
|upkeep
|
|t:|1779804717
|switch|p2a: The Red Menace|Scizor, F|100/100
|-damage|p2a: The Red Menace|88/100|[from] Stealth Rock
|turn|7
|
|t:|1779804731
|move|p2a: The Red Menace|Bullet Punch|p1a: Clefable
|-supereffective|p1a: Clefable
|-damage|p1a: Clefable|5/100
|-damage|p2a: The Red Menace|72/100|[from] item: Rocky Helmet|[of] p1a: Clefable
|-damage|p2a: The Red Menace|62/100|[from] item: Life Orb
|move|p1a: Clefable|Knock Off|p2a: The Red Menace
|-damage|p2a: The Red Menace|41/100
|-enditem|p2a: The Red Menace|Life Orb|[from] move: Knock Off|[of] p1a: Clefable
|
|upkeep
|turn|8
|
|t:|1779804745
|move|p2a: The Red Menace|Bullet Punch|p1a: Clefable
|-supereffective|p1a: Clefable
|-damage|p1a: Clefable|0 fnt
|-damage|p2a: The Red Menace|25/100|[from] item: Rocky Helmet|[of] p1a: Clefable
|faint|p1a: Clefable
|
|upkeep
|
|t:|1779804753
|switch|p1a: Samurott|Samurott-Hisui, F|100/100
|turn|9
|
|t:|1779804783
|move|p2a: The Red Menace|Lunge|p1a: Samurott
|-supereffective|p1a: Samurott
|-damage|p1a: Samurott|3/100
|-unboost|p1a: Samurott|atk|1
|move|p1a: Samurott|Ceaseless Edge|p2a: The Red Menace
|-damage|p2a: The Red Menace|0 fnt
|-sidestart|p2: Freakshow_09|Spikes
|faint|p2a: The Red Menace
|
|upkeep
|inactive|Freakshow_09 has 120 seconds left.
|
|t:|1779804796
|switch|p2a: Madame Bloss|Bellossom, F|100/100
|-damage|p2a: Madame Bloss|88/100|[from] Stealth Rock
|-damage|p2a: Madame Bloss|76/100|[from] Spikes
|turn|10
|inactive|Freakshow_09 has 120 seconds left.
|
|t:|1779804823
|move|p1a: Samurott|Ceaseless Edge|p2a: Madame Bloss
|-damage|p2a: Madame Bloss|44/100
|-sidestart|p2: Freakshow_09|Spikes
|move|p2a: Madame Bloss|Sunny Day|p2a: Madame Bloss
|-weather|SunnyDay
|
|-weather|SunnyDay|[upkeep]
|-heal|p2a: Madame Bloss|51/100|[from] item: Leftovers
|upkeep
|turn|11
|
|t:|1779804842
|move|p2a: Madame Bloss|Quiver Dance|p2a: Madame Bloss
|-boost|p2a: Madame Bloss|spa|1
|-boost|p2a: Madame Bloss|spd|1
|-boost|p2a: Madame Bloss|spe|1
|move|p1a: Samurott|Ceaseless Edge|p2a: Madame Bloss
|-damage|p2a: Madame Bloss|14/100
|-sidestart|p2: Freakshow_09|Spikes
|
|-weather|SunnyDay|[upkeep]
|-heal|p2a: Madame Bloss|20/100|[from] item: Leftovers
|upkeep
|turn|12
|
|t:|1779804859
|move|p1a: Samurott|Sucker Punch|p2a: Madame Bloss
|-damage|p2a: Madame Bloss|0 fnt
|faint|p2a: Madame Bloss
|
|-weather|SunnyDay|[upkeep]
|upkeep
|
|t:|1779804864
|switch|p2a: CODENAME: Panzer|Feraligatr, F|100/100
|-damage|p2a: CODENAME: Panzer|88/100|[from] Stealth Rock
|-damage|p2a: CODENAME: Panzer|63/100|[from] Spikes
|turn|13
|
|t:|1779804871
|move|p2a: CODENAME: Panzer|Aqua Jet|p1a: Samurott
|-resisted|p1a: Samurott
|-damage|p1a: Samurott|0 fnt
|faint|p1a: Samurott
|-damage|p2a: CODENAME: Panzer|53/100|[from] item: Life Orb
|
|-weather|SunnyDay|[upkeep]
|upkeep
|
|t:|1779804879
|switch|p1a: Dragonite|Dragonite, M|100/100
|turn|14
|
|t:|1779804887
|move|p2a: CODENAME: Panzer|Ice Punch|p1a: Dragonite
|-supereffective|p1a: Dragonite
|-damage|p1a: Dragonite|19/100
|move|p1a: Dragonite|Dragon Dance|p1a: Dragonite
|-boost|p1a: Dragonite|atk|1
|-boost|p1a: Dragonite|spe|1
|
|-weather|none
|upkeep
|turn|15
|inactive|Freakshow_09 has 120 seconds left.
|
|t:|1779804895
|move|p1a: Dragonite|Extreme Speed|p2a: CODENAME: Panzer
|-damage|p2a: CODENAME: Panzer|0 fnt
|faint|p2a: CODENAME: Panzer
|
|upkeep
|
|t:|1779804899
|switch|p2a: Tomb General|Typhlosion-Hisui, F|100/100
|-damage|p2a: Tomb General|76/100|[from] Stealth Rock
|-damage|p2a: Tomb General|51/100|[from] Spikes
|-item|p1a: Dragonite|Heavy-Duty Boots|[from] ability: Frisk|[of] p2a: Tomb General
|turn|16
|
|t:|1779804910
|-terastallize|p2a: Tomb General|Fire
|move|p2a: Tomb General|Extrasensory|p1a: Dragonite
|-damage|p1a: Dragonite|0 fnt
|faint|p1a: Dragonite
|
|upkeep
|
|t:|1779804926
|switch|p1a: Gliscor|Gliscor, F|100/100
|turn|17
|
|t:|1779804928
|move|p2a: Tomb General|Extrasensory|p1a: Gliscor
|-crit|p1a: Gliscor
|-damage|p1a: Gliscor|65/100
|move|p1a: Gliscor|Swords Dance|p1a: Gliscor
|-boost|p1a: Gliscor|atk|2
|
|-status|p1a: Gliscor|tox|[from] item: Toxic Orb
|upkeep
|turn|18
|
|t:|1779804935
|move|p2a: Tomb General|Extrasensory|p1a: Gliscor
|-damage|p1a: Gliscor|41/100 tox
|move|p1a: Gliscor|Facade|p2a: Tomb General
|-damage|p2a: Tomb General|0 fnt
|faint|p2a: Tomb General
|
|win|GGonzaLone
|raw|GGonzaLone's rating: 1129 &rarr; <strong>1153</strong><br />(+24 for winning)
|raw|Freakshow_09's rating: 1109 &rarr; <strong>1085</strong><br />(-24 for losing)
|l|☆Freakshow_09
|player|p2|
|l|☆GGonzaLone
|player|p1|
