|j|☆juancbas1234
|j|☆LL8888
|t:|1779950342
|gametype|singles
|player|p1|juancbas1234|266|1482
|player|p2|LL8888|266|1403
|gen|9
|tier|[Gen 9] OU
|rated|
|rule|HP Percentage Mod: HP is shown in percentages
|rule|Endless Battle Clause: Forcing endless battles is banned
|rule|Species Clause: Limit one of each Pokémon
|rule|OHKO Clause: OHKO moves are banned
|rule|Evasion Items Clause: Evasion items are banned
|rule|Evasion Moves Clause: Evasion moves are banned
|rule|Evasion Abilities Clause: Evasion abilities are banned
|rule|Sleep Moves Clause: Sleep-inducing moves are banned
|clearpoke
|poke|p1|Ogerpon, F|
|poke|p1|Pecharunt|
|poke|p1|Zapdos|
|poke|p1|Great Tusk|
|poke|p1|Volcanion|
|poke|p1|Landorus-Therian, M|
|poke|p2|Salamence, F|
|poke|p2|Scizor, M|
|poke|p2|Zapdos|
|poke|p2|Alomomola, M|
|poke|p2|Corviknight, F|
|poke|p2|Charizard, M|
|teampreview
|inactive|Battle timer is ON: inactive players will automatically lose when time's up. (requested by LL8888)
|
|t:|1779950363
|teamsize|p1|6
|teamsize|p2|6
|start
|switch|p1a: Zapdos|Zapdos|100/100
|switch|p2a: Alomomola|Alomomola, M|100/100
|turn|1
|
|t:|1779950370
|move|p1a: Zapdos|Discharge|p2a: Alomomola
|-supereffective|p2a: Alomomola
|-damage|p2a: Alomomola|69/100
|move|p2a: Alomomola|Mirror Coat|p1a: Zapdos
|-damage|p1a: Zapdos|12/100
|
|upkeep
|turn|2
|
|t:|1779950386
|move|p1a: Zapdos|Roost|p1a: Zapdos
|-heal|p1a: Zapdos|62/100
|-singleturn|p1a: Zapdos|move: Roost
|move|p2a: Alomomola|Flip Turn|p1a: Zapdos
|-damage|p1a: Zapdos|50/100
|-damage|p2a: Alomomola|52/100|[from] item: Rocky Helmet|[of] p1a: Zapdos
|inactive|LL8888 has 120 seconds left.
|
|t:|1779950419
|switch|p2a: Charizard|Charizard, M|100/100|[from] Flip Turn
|
|upkeep
|turn|3
|
|t:|1779950426
|switch|p1a: Volcanion|Volcanion|100/100
|move|p2a: Charizard|Overheat|p1a: Volcanion
|-resisted|p1a: Volcanion
|-damage|p1a: Volcanion|91/100
|-unboost|p2a: Charizard|spa|2
|
|upkeep
|turn|4
|inactive|LL8888 has 120 seconds left.
|
|t:|1779950437
|switch|p2a: Alomomola|Alomomola, M|85/100
|switch|p1a: Ogerpon|Ogerpon, F|100/100
|
|upkeep
|turn|5
|inactive|LL8888 has 120 seconds left.
|
|t:|1779950447
|switch|p2a: Charizard|Charizard, M|100/100
|move|p1a: Ogerpon|Swords Dance|p1a: Ogerpon
|-boost|p1a: Ogerpon|atk|2
|
|upkeep
|turn|6
|inactive|LL8888 has 120 seconds left.
|
|t:|1779950461
|-terastallize|p1a: Ogerpon|Grass
|detailschange|p1a: Ogerpon|Ogerpon-Teal-Tera, F, tera:Grass
|-ability|p1a: Ogerpon|Embody Aspect (Teal)|boost
|-boost|p1a: Ogerpon|spe|1
|move|p1a: Ogerpon|Knock Off|p2a: Charizard
|-damage|p2a: Charizard|6/100
|-enditem|p2a: Charizard|Focus Sash|[from] move: Knock Off|[of] p1a: Ogerpon
|move|p2a: Charizard|Rock Tomb|p1a: Ogerpon
|-damage|p1a: Ogerpon|84/100
|-unboost|p1a: Ogerpon|spe|1
|
|-heal|p1a: Ogerpon|90/100|[from] item: Leftovers
|upkeep
|turn|7
|inactive|LL8888 has 120 seconds left.
|
|t:|1779950498
|move|p1a: Ogerpon|Knock Off|p2a: Charizard
|-damage|p2a: Charizard|0 fnt
|faint|p2a: Charizard
|
|-heal|p1a: Ogerpon|96/100|[from] item: Leftovers
|upkeep
|inactive|LL8888 has 90 seconds left.
|
|t:|1779950508
|switch|p2a: Salamence|Salamence, F|100/100
|turn|8
|inactive|LL8888 has 90 seconds left.
|
|t:|1779950528
|switch|p1a: Zapdos|Zapdos|50/100
|-terastallize|p2a: Salamence|Flying
|move|p2a: Salamence|Dual Wingbeat|p1a: Zapdos
|-resisted|p1a: Zapdos
|-damage|p1a: Zapdos|38/100
|-damage|p2a: Salamence|84/100|[from] item: Rocky Helmet|[of] p1a: Zapdos
|-resisted|p1a: Zapdos
|-damage|p1a: Zapdos|27/100
|-damage|p2a: Salamence|67/100|[from] item: Rocky Helmet|[of] p1a: Zapdos
|-hitcount|p1a: Zapdos|2
|
|upkeep
|turn|9
|inactive|LL8888 has 90 seconds left.
|
|t:|1779950545
|switch|p2a: Zapdos|Zapdos|100/100
|move|p1a: Zapdos|Roost|p1a: Zapdos
|-heal|p1a: Zapdos|77/100
|-singleturn|p1a: Zapdos|move: Roost
|
|upkeep
|turn|10
|
|t:|1779950567
|switch|p1a: Landorus|Landorus-Therian, M|100/100
|-ability|p1a: Landorus|Intimidate|boost
|-unboost|p2a: Zapdos|atk|1
|move|p2a: Zapdos|Volt Switch|p1a: Landorus
|-immune|p1a: Landorus
|
|upkeep
|turn|11
|inactive|LL8888 has 90 seconds left.
|
|t:|1779950580
|switch|p2a: Alomomola|Alomomola, M|100/100
|move|p1a: Landorus|Stone Edge|p2a: Alomomola
|-damage|p2a: Alomomola|74/100
|
|upkeep
|turn|12
|inactive|LL8888 has 90 seconds left.
|
|t:|1779950588
|switch|p1a: Volcanion|Volcanion|91/100
|move|p2a: Alomomola|Flip Turn|p1a: Volcanion
|-heal|p1a: Volcanion|100/100|[from] ability: Water Absorb|[of] p2a: Alomomola
|
|upkeep
|turn|13
|inactive|LL8888 has 90 seconds left.
|-message|LL8888 forfeited.
|
|win|juancbas1234
|raw|juancbas1234's rating: 1482 &rarr; <strong>1498</strong><br />(+16 for winning)
|raw|LL8888's rating: 1403 &rarr; <strong>1387</strong><br />(-16 for losing)
|l|☆LL8888
|player|p2|
|l|☆juancbas1234
|player|p1|
