|j|‽Lano Del Rey2
|j|☆TalesOfZodiac
|t:|1779952864
|gametype|singles
|player|p1|Lano Del Rey2|swimmer-gen4dp|1367
|player|p2|TalesOfZodiac|102|1366
|gen|9
|tier|[Gen 9] OU
|rated|
|rule|HP Percentage Mod: HP is shown in percentages
|rule|Endless Battle Clause: Forcing endless battles is banned
|rule|Species Clause: Limit one of each Pokémon
|rule|OHKO Clause: OHKO moves are banned
|rule|Evasion Items Clause: Evasion items are banned
|rule|Evasion Moves Clause: Evasion moves are banned
|rule|Evasion Abilities Clause: Evasion abilities are banned
|rule|Sleep Moves Clause: Sleep-inducing moves are banned
|clearpoke
|poke|p1|Clefable, F|
|poke|p1|Araquanid, F|
|poke|p1|Glimmora, M|
|poke|p1|Dragonite, M|
|poke|p1|Skarmory, M|
|poke|p1|Sinistcha-Masterpiece|
|poke|p2|Ogerpon-Cornerstone, F|
|poke|p2|Kingambit, M|
|poke|p2|Zoroark-Hisui, F|
|poke|p2|Great Tusk|
|poke|p2|Rotom-Wash|
|poke|p2|Iron Valiant|
|teampreview
|inactive|Battle timer is ON: inactive players will automatically lose when time's up. (requested by Lano Del Rey2)
|inactive|TalesOfZodiac has 120 seconds left.
|
|t:|1779952915
|teamsize|p1|6
|teamsize|p2|6
|start
|switch|p1a: Araquanid|Araquanid, F, shiny|100/100
|switch|p2a: Iron Valiant|Iron Valiant|100/100
|turn|1
|
|t:|1779952929
|move|p2a: Iron Valiant|Grass Knot|p1a: Araquanid
|-damage|p1a: Araquanid|78/100
|-damage|p2a: Iron Valiant|91/100|[from] item: Life Orb
|move|p1a: Araquanid|Mirror Coat|p2a: Iron Valiant
|-damage|p2a: Iron Valiant|31/100
|replace|p2a: Zoroark|Zoroark-Hisui, F
|-end|p2a: Zoroark|Illusion
|
|-heal|p1a: Araquanid|85/100|[from] item: Leftovers
|upkeep
|turn|2
|
|t:|1779952944
|switch|p2a: Rotom|Rotom-Wash|100/100
|move|p1a: Araquanid|Sticky Web|p2a: Rotom
|-sidestart|p2: TalesOfZodiac|move: Sticky Web
|
|-heal|p1a: Araquanid|91/100|[from] item: Leftovers
|upkeep
|turn|3
|
|t:|1779952954
|move|p2a: Rotom|Volt Switch|p1a: Araquanid
|-supereffective|p1a: Araquanid
|-damage|p1a: Araquanid|52/100
|
|t:|1779952959
|switch|p2a: Kingambit|Kingambit, M|100/100|[from] Volt Switch
|-activate|p2a: Kingambit|move: Sticky Web
|-unboost|p2a: Kingambit|spe|1
|-ability|p2a: Kingambit|Defiant|boost
|-boost|p2a: Kingambit|atk|2
|move|p1a: Araquanid|Mirror Coat|p2a: Kingambit
|-immune|p2a: Kingambit
|
|-heal|p1a: Araquanid|58/100|[from] item: Leftovers
|upkeep
|turn|4
|
|t:|1779952978
|move|p1a: Araquanid|Lunge|p2a: Kingambit
|-damage|p2a: Kingambit|85/100
|-unboost|p2a: Kingambit|atk|1
|-ability|p2a: Kingambit|Defiant|boost
|-boost|p2a: Kingambit|atk|2
|move|p2a: Kingambit|Kowtow Cleave|p1a: Araquanid
|-damage|p1a: Araquanid|0 fnt
|faint|p1a: Araquanid
|
|upkeep
|
|t:|1779952989
|switch|p1a: Skarmory|Skarmory, M, shiny|100/100
|turn|5
|
|t:|1779953003
|-terastallize|p2a: Kingambit|Fairy
|move|p1a: Skarmory|Body Press|p2a: Kingambit
|-resisted|p2a: Kingambit
|-damage|p2a: Kingambit|75/100
|move|p2a: Kingambit|Kowtow Cleave|p1a: Skarmory
|-damage|p1a: Skarmory|25/100
|-damage|p2a: Kingambit|58/100|[from] item: Rocky Helmet|[of] p1a: Skarmory
|
|upkeep
|turn|6
|
|t:|1779953016
|move|p2a: Kingambit|Kowtow Cleave|p1a: Skarmory
|-damage|p1a: Skarmory|0 fnt
|-damage|p2a: Kingambit|42/100|[from] item: Rocky Helmet|[of] p1a: Skarmory
|faint|p1a: Skarmory
|
|upkeep
|
|t:|1779953026
|switch|p1a: Dragonite|Dragonite, M|100/100
|turn|7
|
|t:|1779953035
|move|p1a: Dragonite|Earthquake|p2a: Kingambit
|-damage|p2a: Kingambit|14/100
|move|p2a: Kingambit|Kowtow Cleave|p1a: Dragonite
|-damage|p1a: Dragonite|42/100
|
|upkeep
|turn|8
|
|t:|1779953043
|move|p2a: Kingambit|Sucker Punch||[still]
|-fail|p2a: Kingambit
|move|p1a: Dragonite|Roost|p1a: Dragonite
|-heal|p1a: Dragonite|92/100
|-singleturn|p1a: Dragonite|move: Roost
|
|upkeep
|turn|9
|
|t:|1779953050
|move|p2a: Kingambit|Sucker Punch|p1a: Dragonite
|-damage|p1a: Dragonite|0 fnt
|faint|p1a: Dragonite
|
|upkeep
|
|t:|1779953055
|switch|p1a: Clefable|Clefable, F, shiny|100/100
|turn|10
|
|t:|1779953058
|move|p1a: Clefable|Flamethrower|p2a: Kingambit
|-damage|p2a: Kingambit|0 fnt
|faint|p2a: Kingambit
|
|upkeep
|
|t:|1779953077
|switch|p2a: Rotom|Rotom-Wash|100/100
|turn|11
|
|t:|1779953087
|-terastallize|p1a: Clefable|Electric
|move|p2a: Rotom|Thunderbolt|p1a: Clefable
|-resisted|p1a: Clefable
|-damage|p1a: Clefable|84/100
|move|p1a: Clefable|Moonblast|p2a: Rotom
|-damage|p2a: Rotom|68/100
|
|upkeep
|turn|12
|
|t:|1779953097
|move|p2a: Rotom|Volt Switch|p1a: Clefable
|-resisted|p1a: Clefable
|-damage|p1a: Clefable|70/100
|
|t:|1779953102
|switch|p2a: Iron Valiant|Iron Valiant|31/100|[from] Volt Switch
|-activate|p2a: Iron Valiant|move: Sticky Web
|-unboost|p2a: Iron Valiant|spe|1
|move|p1a: Clefable|Moonblast|p2a: Iron Valiant
|-damage|p2a: Iron Valiant|0 fnt
|replace|p2a: Zoroark|Zoroark-Hisui, F
|-end|p2a: Zoroark|Illusion
|faint|p2a: Zoroark
|
|upkeep
|
|t:|1779953110
|switch|p2a: Great Tusk|Great Tusk|100/100
|-activate|p2a: Great Tusk|move: Sticky Web
|-unboost|p2a: Great Tusk|spe|1
|-enditem|p2a: Great Tusk|Booster Energy
|-activate|p2a: Great Tusk|ability: Protosynthesis|[fromitem]
|-start|p2a: Great Tusk|protosynthesisatk
|turn|13
|
|t:|1779953118
|switch|p1a: Sinistcha|Sinistcha-Masterpiece, shiny|100/100
|move|p2a: Great Tusk|Headlong Rush|p1a: Sinistcha
|-resisted|p1a: Sinistcha
|-damage|p1a: Sinistcha|77/100
|-unboost|p2a: Great Tusk|def|1
|-unboost|p2a: Great Tusk|spd|1
|
|-heal|p1a: Sinistcha|83/100|[from] item: Leftovers
|upkeep
|turn|14
|
|t:|1779953128
|move|p2a: Great Tusk|Knock Off|p1a: Sinistcha
|-supereffective|p1a: Sinistcha
|-damage|p1a: Sinistcha|32/100
|-enditem|p1a: Sinistcha|Leftovers|[from] move: Knock Off|[of] p2a: Great Tusk
|move|p1a: Sinistcha|Giga Drain|p2a: Great Tusk
|-supereffective|p2a: Great Tusk
|-damage|p2a: Great Tusk|0 fnt
|-heal|p1a: Sinistcha|95/100|[from] drain|[of] p2a: Great Tusk
|faint|p2a: Great Tusk
|-end|p2a: Great Tusk|Protosynthesis|[silent]
|
|upkeep
|
|t:|1779953145
|switch|p2a: Iron Valiant|Iron Valiant|100/100
|-activate|p2a: Iron Valiant|move: Sticky Web
|-unboost|p2a: Iron Valiant|spe|1
|-enditem|p2a: Iron Valiant|Booster Energy
|-activate|p2a: Iron Valiant|ability: Quark Drive|[fromitem]
|-start|p2a: Iron Valiant|quarkdrivespa
|turn|15
|
|t:|1779953170
|switch|p1a: Glimmora|Glimmora, M, shiny|100/100
|move|p2a: Iron Valiant|Moonblast|p1a: Glimmora
|-resisted|p1a: Glimmora
|-damage|p1a: Glimmora|68/100
|-unboost|p1a: Glimmora|spa|1
|
|-heal|p1a: Glimmora|74/100|[from] item: Leftovers
|upkeep
|turn|16
|
|t:|1779953179
|move|p2a: Iron Valiant|Psyshock|p1a: Glimmora
|-supereffective|p1a: Glimmora
|-damage|p1a: Glimmora|0 fnt
|faint|p1a: Glimmora
|
|upkeep
|
|t:|1779953184
|switch|p1a: Clefable|Clefable, F, shiny, tera:Electric|70/100
|turn|17
|
|t:|1779953188
|move|p2a: Iron Valiant|Moonblast|p1a: Clefable
|-damage|p1a: Clefable|13/100
|move|p1a: Clefable|Moonblast|p2a: Iron Valiant
|-supereffective|p2a: Iron Valiant
|-damage|p2a: Iron Valiant|0 fnt
|faint|p2a: Iron Valiant
|-end|p2a: Iron Valiant|Quark Drive|[silent]
|
|upkeep
|
|t:|1779953197
|switch|p2a: Rotom|Rotom-Wash|68/100
|turn|18
|
|t:|1779953214
|move|p2a: Rotom|Thunderbolt|p1a: Clefable
|-resisted|p1a: Clefable
|-damage|p1a: Clefable|0 fnt
|faint|p1a: Clefable
|
|upkeep
|
|t:|1779953219
|switch|p1a: Sinistcha|Sinistcha-Masterpiece, shiny|95/100
|turn|19
|
|t:|1779953222
|move|p2a: Rotom|Dark Pulse|p1a: Sinistcha
|-supereffective|p1a: Sinistcha
|-damage|p1a: Sinistcha|47/100
|move|p1a: Sinistcha|Giga Drain|p2a: Rotom
|-supereffective|p2a: Rotom
|-damage|p2a: Rotom|26/100
|-heal|p1a: Sinistcha|66/100|[from] drain|[of] p2a: Rotom
|
|upkeep
|turn|20
|
|t:|1779953230
|move|p2a: Rotom|Dark Pulse|p1a: Sinistcha
|-supereffective|p1a: Sinistcha
|-damage|p1a: Sinistcha|15/100
|cant|p1a: Sinistcha|flinch
|
|upkeep
|turn|21
|
|t:|1779953236
|move|p2a: Rotom|Dark Pulse|p1a: Sinistcha
|-supereffective|p1a: Sinistcha
|-damage|p1a: Sinistcha|0 fnt
|faint|p1a: Sinistcha
|
|win|TalesOfZodiac
|raw|Lano Del Rey2's rating: 1367 &rarr; <strong>1347</strong><br />(-20 for losing)
|raw|TalesOfZodiac's rating: 1366 &rarr; <strong>1386</strong><br />(+20 for winning)
|c|☆TalesOfZodiac|wow
|c|☆TalesOfZodiac|okay gg
|c|☆TalesOfZodiac|sry
|l|‽Lano Del Rey2
|player|p1|
|l|☆TalesOfZodiac
|player|p2|
