|j|☆lzw00
|j|☆acad_aver
|t:|1779811919
|gametype|singles
|player|p1|lzw00|rosa|1370
|player|p2|acad_aver|n|1377
|gen|9
|tier|[Gen 9] OU
|rated|
|rule|HP Percentage Mod: HP is shown in percentages
|rule|Endless Battle Clause: Forcing endless battles is banned
|rule|Species Clause: Limit one of each Pokémon
|rule|OHKO Clause: OHKO moves are banned
|rule|Evasion Items Clause: Evasion items are banned
|rule|Evasion Moves Clause: Evasion moves are banned
|rule|Evasion Abilities Clause: Evasion abilities are banned
|rule|Sleep Moves Clause: Sleep-inducing moves are banned
|clearpoke
|poke|p1|Raging Bolt|
|poke|p1|Great Tusk|
|poke|p1|Garganacl, F|
|poke|p1|Rillaboom, F|
|poke|p1|Heatran, M|
|poke|p1|Primarina, F|
|poke|p2|Conkeldurr, F|
|poke|p2|Alomomola, M|
|poke|p2|Ogerpon-Cornerstone, F|
|poke|p2|Dragalge, F|
|poke|p2|Kingambit, M|
|poke|p2|Great Tusk|
|teampreview
|inactive|Battle timer is ON: inactive players will automatically lose when time's up. (requested by lzw00)
|
|t:|1779811949
|teamsize|p1|6
|teamsize|p2|6
|start
|switch|p1a: Primarina|Primarina, F|100/100
|switch|p2a: Dragalge|Dragalge, F, shiny|100/100
|turn|1
|
|t:|1779811957
|move|p1a: Primarina|Moonblast|p2a: Dragalge
|-damage|p2a: Dragalge|53/100
|move|p2a: Dragalge|Flip Turn|p1a: Primarina
|-resisted|p1a: Primarina
|-damage|p1a: Primarina|93/100
|
|t:|1779811967
|switch|p2a: Ogerpon|Ogerpon-Cornerstone, F|100/100|[from] Flip Turn
|
|upkeep
|turn|2
|
|t:|1779811975
|-terastallize|p1a: Primarina|Poison
|move|p2a: Ogerpon|Horn Leech|p1a: Primarina
|-resisted|p1a: Primarina
|-damage|p1a: Primarina|63/100
|move|p1a: Primarina|Surf|p2a: Ogerpon
|-damage|p2a: Ogerpon|42/100
|
|upkeep
|turn|3
|
|t:|1779811999
|move|p2a: Ogerpon|Ivy Cudgel|p1a: Primarina|[anim] Ivy Cudgel Rock
|-damage|p1a: Primarina|0 fnt
|faint|p1a: Primarina
|
|upkeep
|
|t:|1779812004
|switch|p1a: Garganacl|Garganacl, F|100/100
|turn|4
|
|t:|1779812025
|move|p2a: Ogerpon|Substitute|p2a: Ogerpon
|-start|p2a: Ogerpon|Substitute
|-damage|p2a: Ogerpon|17/100
|move|p1a: Garganacl|Iron Defense|p1a: Garganacl
|-boost|p1a: Garganacl|def|2
|
|upkeep
|turn|5
|
|t:|1779812030
|move|p2a: Ogerpon|Swords Dance|p2a: Ogerpon
|-boost|p2a: Ogerpon|atk|2
|move|p1a: Garganacl|Iron Defense|p1a: Garganacl
|-boost|p1a: Garganacl|def|2
|
|upkeep
|turn|6
|
|t:|1779812040
|move|p2a: Ogerpon|Horn Leech|p1a: Garganacl
|-supereffective|p1a: Garganacl
|-damage|p1a: Garganacl|69/100
|-heal|p2a: Ogerpon|38/100|[from] drain|[of] p1a: Garganacl
|move|p1a: Garganacl|Salt Cure|p2a: Ogerpon
|-activate|p2a: Ogerpon|move: Substitute|[damage]
|
|-heal|p1a: Garganacl|75/100|[from] item: Leftovers
|upkeep
|turn|7
|
|t:|1779812051
|move|p2a: Ogerpon|Horn Leech|p1a: Garganacl
|-supereffective|p1a: Garganacl
|-damage|p1a: Garganacl|45/100
|-heal|p2a: Ogerpon|58/100|[from] drain|[of] p1a: Garganacl
|move|p1a: Garganacl|Body Press|p2a: Ogerpon
|-supereffective|p2a: Ogerpon
|-end|p2a: Ogerpon|Substitute
|
|-heal|p1a: Garganacl|51/100|[from] item: Leftovers
|upkeep
|turn|8
|
|t:|1779812062
|switch|p2a: Alomomola|Alomomola, M, shiny|100/100
|move|p1a: Garganacl|Recover|p1a: Garganacl
|-heal|p1a: Garganacl|100/100
|
|upkeep
|turn|9
|
|t:|1779812065
|move|p2a: Alomomola|Flip Turn|p1a: Garganacl
|-supereffective|p1a: Garganacl
|-damage|p1a: Garganacl|95/100
|
|t:|1779812073
|switch|p2a: Dragalge|Dragalge, F, shiny|53/100|[from] Flip Turn
|move|p1a: Garganacl|Salt Cure|p2a: Dragalge
|-damage|p2a: Dragalge|42/100
|-start|p2a: Dragalge|Salt Cure
|
|-heal|p2a: Dragalge|48/100|[from] item: Leftovers
|-heal|p1a: Garganacl|100/100|[from] item: Leftovers
|-damage|p2a: Dragalge|35/100|[from] Salt Cure
|upkeep
|turn|10
|
|t:|1779812079
|move|p1a: Garganacl|Recover||[still]
|-fail|p1a: Garganacl|heal
|move|p2a: Dragalge|Dragon Tail|p1a: Garganacl
|-damage|p1a: Garganacl|98/100
|drag|p1a: Raging Bolt|Raging Bolt|100/100
|-enditem|p1a: Raging Bolt|Booster Energy
|-activate|p1a: Raging Bolt|ability: Protosynthesis|[fromitem]
|-start|p1a: Raging Bolt|protosynthesisspa
|
|-heal|p2a: Dragalge|41/100|[from] item: Leftovers
|-damage|p2a: Dragalge|29/100|[from] Salt Cure
|upkeep
|turn|11
|
|t:|1779812095
|move|p1a: Raging Bolt|Draco Meteor|p2a: Dragalge
|-supereffective|p2a: Dragalge
|-damage|p2a: Dragalge|0 fnt
|-unboost|p1a: Raging Bolt|spa|2
|faint|p2a: Dragalge
|
|upkeep
|
|t:|1779812103
|switch|p2a: King Conk|Conkeldurr, F, shiny|100/100
|turn|12
|
|t:|1779812115
|-end|p1a: Raging Bolt|Protosynthesis|[silent]
|switch|p1a: Garganacl|Garganacl, F|98/100
|move|p2a: King Conk|Knock Off|p1a: Garganacl
|-damage|p1a: Garganacl|78/100
|-enditem|p1a: Garganacl|Leftovers|[from] move: Knock Off|[of] p2a: King Conk
|
|-status|p2a: King Conk|brn|[from] item: Flame Orb
|upkeep
|turn|13
|
|t:|1779812127
|move|p2a: King Conk|Close Combat|p1a: Garganacl
|-supereffective|p1a: Garganacl
|-damage|p1a: Garganacl|0 fnt
|-unboost|p2a: King Conk|def|1
|-unboost|p2a: King Conk|spd|1
|faint|p1a: Garganacl
|
|-damage|p2a: King Conk|94/100 brn|[from] brn
|upkeep
|
|t:|1779812134
|switch|p1a: Raging Bolt|Raging Bolt|100/100
|turn|14
|
|t:|1779812142
|move|p2a: King Conk|Mach Punch|p1a: Raging Bolt
|-damage|p1a: Raging Bolt|67/100
|move|p1a: Raging Bolt|Thunderbolt|p2a: King Conk
|-damage|p2a: King Conk|0 fnt
|faint|p2a: King Conk
|
|upkeep
|
|t:|1779812145
|switch|p2a: Great Tusk|Great Tusk|100/100
|turn|15
|
|t:|1779812150
|-end|p1a: Raging Bolt|Protosynthesis|[silent]
|switch|p1a: Heatran|Heatran, M|100/100
|-item|p1a: Heatran|Air Balloon
|move|p2a: Great Tusk|Ice Spinner|p1a: Heatran
|-resisted|p1a: Heatran
|-damage|p1a: Heatran|95/100
|-enditem|p1a: Heatran|Air Balloon
|
|upkeep
|turn|16
|
|t:|1779812161
|-end|p2a: Great Tusk|Protosynthesis|[silent]
|switch|p2a: Alomomola|Alomomola, M, shiny|100/100
|switch|p1a: Great Tusk|Great Tusk|100/100
|
|upkeep
|turn|17
|
|t:|1779812167
|move|p1a: Great Tusk|Stealth Rock|p2a: Alomomola
|-sidestart|p2: acad_aver|move: Stealth Rock
|move|p2a: Alomomola|Flip Turn|p1a: Great Tusk
|-supereffective|p1a: Great Tusk
|-damage|p1a: Great Tusk|76/100
|-damage|p2a: Alomomola|84/100|[from] item: Rocky Helmet|[of] p1a: Great Tusk
|
|t:|1779812173
|switch|p2a: Ogerpon|Ogerpon-Cornerstone, F|58/100|[from] Flip Turn
|-damage|p2a: Ogerpon|46/100|[from] Stealth Rock
|
|upkeep
|turn|18
|
|t:|1779812180
|switch|p2a: Alomomola|Alomomola, M, shiny|100/100
|-damage|p2a: Alomomola|88/100|[from] Stealth Rock
|-end|p1a: Great Tusk|Protosynthesis|[silent]
|switch|p1a: Rillaboom|Rillaboom, F|100/100
|-fieldstart|move: Grassy Terrain|[from] ability: Grassy Surge|[of] p1a: Rillaboom
|
|-heal|p2a: Alomomola|94/100|[from] Grassy Terrain
|upkeep
|turn|19
|
|t:|1779812185
|move|p2a: Alomomola|Protect|p2a: Alomomola
|-singleturn|p2a: Alomomola|Protect
|move|p1a: Rillaboom|Wood Hammer|p2a: Alomomola
|-activate|p2a: Alomomola|move: Protect
|
|-heal|p2a: Alomomola|99/100|[from] Grassy Terrain
|upkeep
|turn|20
|
|t:|1779812191
|switch|p2a: Kingambit|Kingambit, M|100/100
|-damage|p2a: Kingambit|94/100|[from] Stealth Rock
|-activate|p2a: Kingambit|ability: Supreme Overlord
|-start|p2a: Kingambit|fallen2|[silent]
|move|p1a: Rillaboom|Wood Hammer|p2a: Kingambit
|-resisted|p2a: Kingambit
|-damage|p2a: Kingambit|51/100
|-damage|p1a: Rillaboom|84/100|[from] Recoil
|-damage|p1a: Rillaboom|74/100|[from] item: Life Orb
|
|-heal|p1a: Rillaboom|80/100|[from] Grassy Terrain
|-heal|p2a: Kingambit|57/100|[from] Grassy Terrain
|-heal|p2a: Kingambit|64/100|[from] item: Leftovers
|upkeep
|turn|21
|
|t:|1779812201
|move|p1a: Rillaboom|U-turn|p2a: Kingambit
|-damage|p2a: Kingambit|40/100
|-damage|p1a: Rillaboom|70/100|[from] item: Life Orb
|
|t:|1779812205
|switch|p1a: Great Tusk|Great Tusk|76/100|[from] U-turn
|move|p2a: Kingambit|Kowtow Cleave|p1a: Great Tusk
|-resisted|p1a: Great Tusk
|-damage|p1a: Great Tusk|55/100
|-damage|p2a: Kingambit|23/100|[from] item: Rocky Helmet|[of] p1a: Great Tusk
|
|-heal|p1a: Great Tusk|61/100|[from] Grassy Terrain
|-heal|p2a: Kingambit|30/100|[from] Grassy Terrain
|-heal|p2a: Kingambit|36/100|[from] item: Leftovers
|upkeep
|turn|22
|
|t:|1779812215
|-end|p2a: Kingambit|fallen2|[silent]
|switch|p2a: Alomomola|Alomomola, M, shiny|100/100
|-damage|p2a: Alomomola|88/100|[from] Stealth Rock
|move|p1a: Great Tusk|Headlong Rush|p2a: Alomomola
|-damage|p2a: Alomomola|48/100
|-unboost|p1a: Great Tusk|def|1
|-unboost|p1a: Great Tusk|spd|1
|-damage|p1a: Great Tusk|44/100|[from] item: Rocky Helmet|[of] p2a: Alomomola
|
|-heal|p1a: Great Tusk|51/100|[from] Grassy Terrain
|-heal|p2a: Alomomola|54/100|[from] Grassy Terrain
|-fieldend|move: Grassy Terrain
|upkeep
|turn|23
|
|t:|1779812219
|-end|p1a: Great Tusk|Protosynthesis|[silent]
|switch|p1a: Rillaboom|Rillaboom, F|70/100
|-fieldstart|move: Grassy Terrain|[from] ability: Grassy Surge|[of] p1a: Rillaboom
|move|p2a: Alomomola|Scald|p1a: Rillaboom
|-resisted|p1a: Rillaboom
|-damage|p1a: Rillaboom|61/100
|
|-heal|p1a: Rillaboom|68/100|[from] Grassy Terrain
|-heal|p2a: Alomomola|60/100|[from] Grassy Terrain
|upkeep
|turn|24
|
|t:|1779812230
|move|p2a: Alomomola|Protect|p2a: Alomomola
|-singleturn|p2a: Alomomola|Protect
|move|p1a: Rillaboom|Knock Off|p2a: Alomomola
|-activate|p2a: Alomomola|move: Protect
|
|-heal|p1a: Rillaboom|74/100|[from] Grassy Terrain
|-heal|p2a: Alomomola|66/100|[from] Grassy Terrain
|upkeep
|turn|25
|
|t:|1779812244
|-terastallize|p2a: Alomomola|Ghost
|move|p1a: Rillaboom|Grassy Glide|p2a: Alomomola
|-damage|p2a: Alomomola|33/100
|-damage|p1a: Rillaboom|57/100|[from] item: Rocky Helmet|[of] p2a: Alomomola
|-damage|p1a: Rillaboom|47/100|[from] item: Life Orb
|move|p2a: Alomomola|Wish|p2a: Alomomola
|
|-heal|p1a: Rillaboom|54/100|[from] Grassy Terrain
|-heal|p2a: Alomomola|39/100|[from] Grassy Terrain
|upkeep
|turn|26
|
|t:|1779812274
|move|p2a: Alomomola|Protect|p2a: Alomomola
|-singleturn|p2a: Alomomola|Protect
|move|p1a: Rillaboom|Knock Off|p2a: Alomomola
|-activate|p2a: Alomomola|move: Protect
|
|-heal|p2a: Alomomola|89/100|[from] move: Wish|[wisher] Alomomola
|-heal|p1a: Rillaboom|60/100|[from] Grassy Terrain
|-heal|p2a: Alomomola|95/100|[from] Grassy Terrain
|upkeep
|turn|27
|
|t:|1779812281
|move|p1a: Rillaboom|U-turn|p2a: Alomomola
|-resisted|p2a: Alomomola
|-damage|p2a: Alomomola|86/100
|-damage|p1a: Rillaboom|43/100|[from] item: Rocky Helmet|[of] p2a: Alomomola
|-damage|p1a: Rillaboom|33/100|[from] item: Life Orb
|
|t:|1779812285
|switch|p1a: Raging Bolt|Raging Bolt|67/100|[from] U-turn
|move|p2a: Alomomola|Scald|p1a: Raging Bolt
|-resisted|p1a: Raging Bolt
|-crit|p1a: Raging Bolt
|-damage|p1a: Raging Bolt|58/100
|
|-heal|p1a: Raging Bolt|64/100|[from] Grassy Terrain
|-heal|p2a: Alomomola|92/100|[from] Grassy Terrain
|-fieldend|move: Grassy Terrain
|upkeep
|turn|28
|
|t:|1779812302
|switch|p2a: Kingambit|Kingambit, M|36/100
|-damage|p2a: Kingambit|30/100|[from] Stealth Rock
|-activate|p2a: Kingambit|ability: Supreme Overlord
|-start|p2a: Kingambit|fallen2|[silent]
|move|p1a: Raging Bolt|Draco Meteor|p2a: Kingambit
|-resisted|p2a: Kingambit
|-damage|p2a: Kingambit|0 fnt
|-unboost|p1a: Raging Bolt|spa|2
|faint|p2a: Kingambit
|-end|p2a: Kingambit|fallen2|[silent]
|
|upkeep
|
|t:|1779812304
|switch|p2a: Ogerpon|Ogerpon-Cornerstone, F|46/100
|-damage|p2a: Ogerpon|34/100|[from] Stealth Rock
|turn|29
|
|t:|1779812310
|-end|p1a: Raging Bolt|Protosynthesis|[silent]
|switch|p1a: Great Tusk|Great Tusk|51/100
|move|p2a: Ogerpon|Substitute|p2a: Ogerpon
|-start|p2a: Ogerpon|Substitute
|-damage|p2a: Ogerpon|9/100
|
|upkeep
|turn|30
|
|t:|1779812317
|move|p2a: Ogerpon|Horn Leech|p1a: Great Tusk
|-supereffective|p1a: Great Tusk
|-damage|p1a: Great Tusk|0 fnt
|-heal|p2a: Ogerpon|40/100|[from] drain|[of] p1a: Great Tusk
|-damage|p2a: Ogerpon|23/100|[from] item: Rocky Helmet|[of] p1a: Great Tusk
|faint|p1a: Great Tusk
|-end|p1a: Great Tusk|Protosynthesis|[silent]
|
|upkeep
|
|t:|1779812324
|switch|p1a: Rillaboom|Rillaboom, F|33/100
|-fieldstart|move: Grassy Terrain|[from] ability: Grassy Surge|[of] p1a: Rillaboom
|turn|31
|
|t:|1779812335
|move|p1a: Rillaboom|Grassy Glide|p2a: Ogerpon
|-end|p2a: Ogerpon|Substitute
|-damage|p1a: Rillaboom|23/100|[from] item: Life Orb
|move|p2a: Ogerpon|Ivy Cudgel|p1a: Rillaboom|[anim] Ivy Cudgel Rock
|-damage|p1a: Rillaboom|0 fnt
|faint|p1a: Rillaboom
|
|-heal|p2a: Ogerpon|29/100|[from] Grassy Terrain
|upkeep
|
|t:|1779812338
|switch|p1a: Raging Bolt|Raging Bolt|64/100
|turn|32
|
|t:|1779812342
|move|p1a: Raging Bolt|Thunderclap||[still]
|-fail|p1a: Raging Bolt
|move|p2a: Ogerpon|Substitute|p2a: Ogerpon
|-start|p2a: Ogerpon|Substitute
|-damage|p2a: Ogerpon|4/100
|
|-heal|p2a: Ogerpon|10/100|[from] Grassy Terrain
|-heal|p1a: Raging Bolt|70/100|[from] Grassy Terrain
|upkeep
|turn|33
|
|t:|1779812347
|move|p2a: Ogerpon|Ivy Cudgel|p1a: Raging Bolt|[anim] Ivy Cudgel Rock
|-damage|p1a: Raging Bolt|15/100
|move|p1a: Raging Bolt|Thunderbolt|p2a: Ogerpon
|-resisted|p2a: Ogerpon
|-end|p2a: Ogerpon|Substitute
|
|-heal|p2a: Ogerpon|16/100|[from] Grassy Terrain
|-heal|p1a: Raging Bolt|21/100|[from] Grassy Terrain
|upkeep
|turn|34
|
|t:|1779812352
|move|p1a: Raging Bolt|Thunderclap||[still]
|-fail|p1a: Raging Bolt
|move|p2a: Ogerpon|Swords Dance|p2a: Ogerpon
|-boost|p2a: Ogerpon|atk|2
|
|-heal|p2a: Ogerpon|22/100|[from] Grassy Terrain
|-heal|p1a: Raging Bolt|27/100|[from] Grassy Terrain
|upkeep
|turn|35
|
|t:|1779812355
|move|p2a: Ogerpon|Ivy Cudgel|p1a: Raging Bolt|[anim] Ivy Cudgel Rock
|-crit|p1a: Raging Bolt
|-damage|p1a: Raging Bolt|0 fnt
|faint|p1a: Raging Bolt
|-end|p1a: Raging Bolt|Protosynthesis|[silent]
|
|-heal|p2a: Ogerpon|28/100|[from] Grassy Terrain
|-fieldend|move: Grassy Terrain
|upkeep
|
|t:|1779812357
|switch|p1a: Heatran|Heatran, M|95/100
|turn|36
|
|t:|1779812363
|move|p2a: Ogerpon|Ivy Cudgel|p1a: Heatran|[anim] Ivy Cudgel Rock
|-damage|p1a: Heatran|0 fnt
|faint|p1a: Heatran
|
|win|acad_aver
|raw|lzw00's rating: 1370 &rarr; <strong>1350</strong><br />(-20 for losing)
|raw|acad_aver's rating: 1377 &rarr; <strong>1397</strong><br />(+20 for winning)
|l|☆lzw00
|player|p1|
|l|☆acad_aver
|player|p2|
