|j|☆WEED4NOZE
|j|☆draconotmeteor
|t:|1779868978
|gametype|singles
|player|p1|WEED4NOZE|theroyal|1379
|player|p2|draconotmeteor|shauntal|1395
|gen|9
|tier|[Gen 9] OU
|rated|
|rule|HP Percentage Mod: HP is shown in percentages
|rule|Endless Battle Clause: Forcing endless battles is banned
|rule|Species Clause: Limit one of each Pokémon
|rule|OHKO Clause: OHKO moves are banned
|rule|Evasion Items Clause: Evasion items are banned
|rule|Evasion Moves Clause: Evasion moves are banned
|rule|Evasion Abilities Clause: Evasion abilities are banned
|rule|Sleep Moves Clause: Sleep-inducing moves are banned
|clearpoke
|poke|p1|Rillaboom, M|
|poke|p1|Blaziken, F|
|poke|p1|Alomomola, F|
|poke|p1|Iron Crown|
|poke|p1|Slowking-Galar, F|
|poke|p1|Ting-Lu|
|poke|p2|Cinderace, M|
|poke|p2|Gliscor, F|
|poke|p2|Pecharunt|
|poke|p2|Ting-Lu|
|poke|p2|Clefable, M|
|poke|p2|Ogerpon, F|
|teampreview
|c|☆WEED4NOZE|hf
|
|t:|1779868996
|teamsize|p1|6
|teamsize|p2|6
|start
|switch|p1a: Blaziken|Blaziken, F|100/100
|switch|p2a: Pecharunt|Pecharunt|100/100
|turn|1
|
|t:|1779869011
|switch|p1a: Iron Crown|Iron Crown|100/100
|-enditem|p1a: Iron Crown|Booster Energy
|-activate|p1a: Iron Crown|ability: Quark Drive|[fromitem]
|-start|p1a: Iron Crown|quarkdrivespe
|move|p2a: Pecharunt|Malignant Chain|p1a: Iron Crown
|-immune|p1a: Iron Crown
|
|upkeep
|turn|2
|
|t:|1779869020
|switch|p2a: Ting-Lu|Ting-Lu|100/100
|-ability|p2a: Ting-Lu|Vessel of Ruin
|move|p1a: Iron Crown|Calm Mind|p1a: Iron Crown
|-boost|p1a: Iron Crown|spa|1
|-boost|p1a: Iron Crown|spd|1
|
|upkeep
|turn|3
|
|t:|1779869039
|-end|p1a: Iron Crown|Quark Drive|[silent]
|switch|p1a: Rillaboom|Rillaboom, M|100/100
|-fieldstart|move: Grassy Terrain|[from] ability: Grassy Surge|[of] p1a: Rillaboom
|move|p2a: Ting-Lu|Whirlwind|p1a: Rillaboom
|drag|p1a: Blaziken|Blaziken, F|100/100
|
|upkeep
|turn|4
|
|t:|1779869052
|move|p1a: Blaziken|Close Combat|p2a: Ting-Lu
|-supereffective|p2a: Ting-Lu
|-crit|p2a: Ting-Lu
|-damage|p2a: Ting-Lu|0 fnt
|-unboost|p1a: Blaziken|def|1
|-unboost|p1a: Blaziken|spd|1
|faint|p2a: Ting-Lu
|
|-ability|p1a: Blaziken|Speed Boost|boost
|-boost|p1a: Blaziken|spe|1
|upkeep
|
|t:|1779869066
|switch|p2a: Pecharunt|Pecharunt|100/100
|turn|5
|
|t:|1779869078
|switch|p1a: Ting-Lu|Ting-Lu|100/100
|-ability|p1a: Ting-Lu|Vessel of Ruin
|move|p2a: Pecharunt|Foul Play|p1a: Ting-Lu
|-resisted|p1a: Ting-Lu
|-damage|p1a: Ting-Lu|96/100
|
|-heal|p1a: Ting-Lu|100/100|[from] Grassy Terrain
|upkeep
|turn|6
|
|t:|1779869092
|move|p2a: Pecharunt|Malignant Chain|p1a: Ting-Lu
|-resisted|p1a: Ting-Lu
|-damage|p1a: Ting-Lu|91/100
|-status|p1a: Ting-Lu|tox
|-start|p1a: Ting-Lu|confusion|[from] ability: Poison Puppeteer|[of] p2a: Pecharunt
|-activate|p1a: Ting-Lu|confusion
|move|p1a: Ting-Lu|Ruination|p2a: Pecharunt
|-damage|p2a: Pecharunt|50/100
|
|-heal|p2a: Pecharunt|57/100|[from] Grassy Terrain
|-heal|p1a: Ting-Lu|97/100 tox|[from] Grassy Terrain
|-heal|p1a: Ting-Lu|100/100 tox|[from] item: Leftovers
|-damage|p1a: Ting-Lu|94/100 tox|[from] psn
|upkeep
|turn|7
|
|t:|1779869122
|move|p2a: Pecharunt|Recover|p2a: Pecharunt
|-heal|p2a: Pecharunt|100/100
|-activate|p1a: Ting-Lu|confusion
|move|p1a: Ting-Lu|Ruination|p2a: Pecharunt
|-damage|p2a: Pecharunt|50/100
|
|-heal|p2a: Pecharunt|57/100|[from] Grassy Terrain
|-heal|p1a: Ting-Lu|100/100 tox|[from] Grassy Terrain
|-damage|p1a: Ting-Lu|88/100 tox|[from] psn
|-fieldend|move: Grassy Terrain
|upkeep
|turn|8
|
|t:|1779869152
|switch|p1a: Slowking|Slowking-Galar, F|100/100
|move|p2a: Pecharunt|Recover|p2a: Pecharunt
|-heal|p2a: Pecharunt|100/100
|
|upkeep
|turn|9
|
|t:|1779869157
|move|p2a: Pecharunt|Parting Shot|p1a: Slowking
|-unboost|p1a: Slowking|atk|1
|-unboost|p1a: Slowking|spa|1
|
|t:|1779869159
|switch|p2a: Gliscor|Gliscor, F|100/100|[from] Parting Shot
|move|p1a: Slowking|Future Sight|p2a: Gliscor
|-start|p1a: Slowking|move: Future Sight
|
|-status|p2a: Gliscor|tox|[from] item: Toxic Orb
|upkeep
|turn|10
|
|t:|1779869166
|switch|p1a: Alomomola|Alomomola, F|100/100
|move|p2a: Gliscor|Swords Dance|p2a: Gliscor
|-boost|p2a: Gliscor|atk|2
|
|upkeep
|turn|11
|
|t:|1779869196
|move|p2a: Gliscor|Knock Off|p1a: Alomomola
|-damage|p1a: Alomomola|79/100
|-enditem|p1a: Alomomola|Heavy-Duty Boots|[from] move: Knock Off|[of] p2a: Gliscor
|move|p1a: Alomomola|Flip Turn|p2a: Gliscor
|-supereffective|p2a: Gliscor
|-damage|p2a: Gliscor|78/100 tox
|
|t:|1779869209
|switch|p1a: Rillaboom|Rillaboom, M|100/100|[from] Flip Turn
|-fieldstart|move: Grassy Terrain|[from] ability: Grassy Surge|[of] p1a: Rillaboom
|
|-end|p2a: Gliscor|move: Future Sight
|-damage|p2a: Gliscor|38/100 tox
|-heal|p2a: Gliscor|51/100 tox|[from] ability: Poison Heal
|upkeep
|turn|12
|
|t:|1779869221
|move|p2a: Gliscor|Protect|p2a: Gliscor
|-singleturn|p2a: Gliscor|Protect
|move|p1a: Rillaboom|Grassy Glide|p2a: Gliscor
|-activate|p2a: Gliscor|move: Protect
|
|-heal|p2a: Gliscor|63/100 tox|[from] ability: Poison Heal
|upkeep
|turn|13
|
|t:|1779869228
|switch|p2a: Pecharunt|Pecharunt|100/100
|move|p1a: Rillaboom|Grassy Glide|p2a: Pecharunt
|-resisted|p2a: Pecharunt
|-damage|p2a: Pecharunt|85/100
|
|-heal|p2a: Pecharunt|92/100|[from] Grassy Terrain
|upkeep
|turn|14
|
|t:|1779869239
|switch|p1a: Ting-Lu|Ting-Lu|88/100 tox
|-ability|p1a: Ting-Lu|Vessel of Ruin
|move|p2a: Pecharunt|Parting Shot|p1a: Ting-Lu
|-unboost|p1a: Ting-Lu|atk|1
|-unboost|p1a: Ting-Lu|spa|1
|
|t:|1779869247
|switch|p2a: Ogerpon|Ogerpon, F|100/100|[from] Parting Shot
|
|-heal|p1a: Ting-Lu|94/100 tox|[from] Grassy Terrain
|-heal|p1a: Ting-Lu|100/100 tox|[from] item: Leftovers
|-damage|p1a: Ting-Lu|94/100 tox|[from] psn
|upkeep
|turn|15
|
|t:|1779869256
|move|p2a: Ogerpon|Knock Off|p1a: Ting-Lu
|-resisted|p1a: Ting-Lu
|-damage|p1a: Ting-Lu|88/100 tox
|-enditem|p1a: Ting-Lu|Leftovers|[from] move: Knock Off|[of] p2a: Ogerpon
|move|p1a: Ting-Lu|Whirlwind|p2a: Ogerpon
|drag|p2a: Cinderace|Cinderace, M|100/100
|
|-heal|p1a: Ting-Lu|94/100 tox|[from] Grassy Terrain
|-damage|p1a: Ting-Lu|81/100 tox|[from] psn
|-fieldend|move: Grassy Terrain
|upkeep
|turn|16
|
|t:|1779869284
|switch|p1a: Alomomola|Alomomola, F|100/100
|move|p2a: Cinderace|U-turn|p1a: Alomomola
|-start|p2a: Cinderace|typechange|Bug|[from] ability: Libero
|-damage|p1a: Alomomola|83/100
|
|t:|1779869289
|switch|p2a: Clefable|Clefable, M|100/100|[from] U-turn
|
|upkeep
|turn|17
|
|t:|1779869321
|move|p1a: Alomomola|Flip Turn|p2a: Clefable
|-damage|p2a: Clefable|89/100
|
|t:|1779869325
|switch|p1a: Iron Crown|Iron Crown|100/100|[from] Flip Turn
|move|p2a: Clefable|Stealth Rock|p1a: Iron Crown
|-sidestart|p1: WEED4NOZE|move: Stealth Rock
|
|-heal|p2a: Clefable|95/100|[from] item: Leftovers
|upkeep
|turn|18
|
|t:|1779869333
|-terastallize|p2a: Clefable|Water
|move|p1a: Iron Crown|Focus Blast|p2a: Clefable
|-damage|p2a: Clefable|58/100
|move|p2a: Clefable|Thunder Wave|p1a: Iron Crown
|-status|p1a: Iron Crown|par
|
|-heal|p2a: Clefable|64/100|[from] item: Leftovers
|upkeep
|turn|19
|
|t:|1779869354
|switch|p2a: Gliscor|Gliscor, F|63/100 tox
|move|p1a: Iron Crown|Psyshock|p2a: Gliscor
|-damage|p2a: Gliscor|33/100 tox
|
|-heal|p2a: Gliscor|46/100 tox|[from] ability: Poison Heal
|upkeep
|turn|20
|
|t:|1779869364
|-end|p1a: Iron Crown|Quark Drive|[silent]
|switch|p1a: Rillaboom|Rillaboom, M|100/100
|-damage|p1a: Rillaboom|88/100|[from] Stealth Rock
|-fieldstart|move: Grassy Terrain|[from] ability: Grassy Surge|[of] p1a: Rillaboom
|move|p2a: Gliscor|Protect||[still]
|-fail|p2a: Gliscor
|
|-heal|p1a: Rillaboom|94/100|[from] Grassy Terrain
|-heal|p2a: Gliscor|58/100 tox|[from] ability: Poison Heal
|upkeep
|turn|21
|
|t:|1779869375
|switch|p2a: Cinderace|Cinderace, M|100/100
|move|p1a: Rillaboom|Grassy Glide|p2a: Cinderace
|-resisted|p2a: Cinderace
|-damage|p2a: Cinderace|55/100
|
|-heal|p2a: Cinderace|61/100|[from] Grassy Terrain
|-heal|p1a: Rillaboom|100/100|[from] Grassy Terrain
|upkeep
|turn|22
|
|t:|1779869385
|switch|p1a: Alomomola|Alomomola, F|100/100
|-damage|p1a: Alomomola|88/100|[from] Stealth Rock
|move|p2a: Cinderace|Will-O-Wisp|p1a: Alomomola
|-status|p1a: Alomomola|brn
|
|-heal|p2a: Cinderace|67/100|[from] Grassy Terrain
|-heal|p1a: Alomomola|94/100 brn|[from] Grassy Terrain
|-damage|p1a: Alomomola|88/100 brn|[from] brn
|upkeep
|turn|23
|
|t:|1779869398
|move|p2a: Cinderace|U-turn|p1a: Alomomola
|-start|p2a: Cinderace|typechange|Bug|[from] ability: Libero
|-damage|p1a: Alomomola|71/100 brn
|
|t:|1779869402
|switch|p2a: Ogerpon|Ogerpon, F|100/100|[from] U-turn
|move|p1a: Alomomola|Scald|p2a: Ogerpon
|-resisted|p2a: Ogerpon
|-damage|p2a: Ogerpon|93/100
|-status|p2a: Ogerpon|brn
|
|-heal|p2a: Ogerpon|99/100 brn|[from] Grassy Terrain
|-heal|p1a: Alomomola|77/100 brn|[from] Grassy Terrain
|-damage|p2a: Ogerpon|93/100 brn|[from] brn
|-damage|p1a: Alomomola|71/100 brn|[from] brn
|upkeep
|turn|24
|
|t:|1779869424
|move|p2a: Ogerpon|Knock Off|p1a: Alomomola
|-damage|p1a: Alomomola|65/100 brn
|move|p1a: Alomomola|Flip Turn|p2a: Ogerpon
|-resisted|p2a: Ogerpon
|-damage|p2a: Ogerpon|88/100 brn
|
|t:|1779869436
|switch|p1a: Blaziken|Blaziken, F|100/100|[from] Flip Turn
|
|-heal|p2a: Ogerpon|94/100 brn|[from] Grassy Terrain
|-damage|p2a: Ogerpon|88/100 brn|[from] brn
|-fieldend|move: Grassy Terrain
|upkeep
|turn|25
|
|t:|1779869443
|move|p2a: Ogerpon|Knock Off|p1a: Blaziken
|-resisted|p1a: Blaziken
|-damage|p1a: Blaziken|89/100
|-enditem|p1a: Blaziken|Heavy-Duty Boots|[from] move: Knock Off|[of] p2a: Ogerpon
|move|p1a: Blaziken|Swords Dance|p1a: Blaziken
|-boost|p1a: Blaziken|atk|2
|
|-damage|p2a: Ogerpon|82/100 brn|[from] brn
|-ability|p1a: Blaziken|Speed Boost|boost
|-boost|p1a: Blaziken|spe|1
|upkeep
|turn|26
|
|t:|1779869452
|move|p1a: Blaziken|Swords Dance|p1a: Blaziken
|-boost|p1a: Blaziken|atk|2
|move|p2a: Ogerpon|Encore|p1a: Blaziken
|-start|p1a: Blaziken|Encore
|
|-damage|p2a: Ogerpon|76/100 brn|[from] brn
|-ability|p1a: Blaziken|Speed Boost|boost
|-boost|p1a: Blaziken|spe|1
|upkeep
|turn|27
|
|t:|1779869460
|move|p1a: Blaziken|Swords Dance|p1a: Blaziken
|-boost|p1a: Blaziken|atk|2
|move|p2a: Ogerpon|U-turn|p1a: Blaziken
|-resisted|p1a: Blaziken
|-damage|p1a: Blaziken|85/100
|
|t:|1779869462
|switch|p2a: Pecharunt|Pecharunt|92/100|[from] U-turn
|
|-ability|p1a: Blaziken|Speed Boost|boost
|-boost|p1a: Blaziken|spe|1
|upkeep
|turn|28
|
|t:|1779869478
|switch|p1a: Ting-Lu|Ting-Lu|81/100 tox
|-damage|p1a: Ting-Lu|75/100 tox|[from] Stealth Rock
|-ability|p1a: Ting-Lu|Vessel of Ruin
|move|p2a: Pecharunt|Foul Play|p1a: Ting-Lu
|-resisted|p1a: Ting-Lu
|-damage|p1a: Ting-Lu|70/100 tox
|
|-damage|p1a: Ting-Lu|64/100 tox|[from] psn
|upkeep
|turn|29
|
|t:|1779869488
|move|p2a: Pecharunt|Parting Shot|p1a: Ting-Lu
|-unboost|p1a: Ting-Lu|atk|1
|-unboost|p1a: Ting-Lu|spa|1
|
|t:|1779869491
|switch|p2a: Gliscor|Gliscor, F|58/100 tox|[from] Parting Shot
|move|p1a: Ting-Lu|Stealth Rock|p2a: Gliscor
|-sidestart|p2: draconotmeteor|move: Stealth Rock
|
|-heal|p2a: Gliscor|71/100 tox|[from] ability: Poison Heal
|-damage|p1a: Ting-Lu|52/100 tox|[from] psn
|upkeep
|turn|30
|
|t:|1779869500
|switch|p1a: Alomomola|Alomomola, F|99/100 brn
|-damage|p1a: Alomomola|86/100 brn|[from] Stealth Rock
|move|p2a: Gliscor|Facade|p1a: Alomomola
|-damage|p1a: Alomomola|71/100 brn
|
|-heal|p2a: Gliscor|83/100 tox|[from] ability: Poison Heal
|-damage|p1a: Alomomola|65/100 brn|[from] brn
|upkeep
|turn|31
|
|t:|1779869509
|move|p2a: Gliscor|Swords Dance|p2a: Gliscor
|-boost|p2a: Gliscor|atk|2
|move|p1a: Alomomola|Wish|p1a: Alomomola
|
|-heal|p2a: Gliscor|96/100 tox|[from] ability: Poison Heal
|-damage|p1a: Alomomola|59/100 brn|[from] brn
|upkeep
|turn|32
|
|t:|1779869516
|move|p2a: Gliscor|Facade|p1a: Alomomola
|-damage|p1a: Alomomola|24/100 brn
|move|p1a: Alomomola|Flip Turn|p2a: Gliscor
|-supereffective|p2a: Gliscor
|-damage|p2a: Gliscor|84/100 tox
|
|t:|1779869556
|switch|p1a: Rillaboom|Rillaboom, M|100/100|[from] Flip Turn
|-damage|p1a: Rillaboom|88/100|[from] Stealth Rock
|-fieldstart|move: Grassy Terrain|[from] ability: Grassy Surge|[of] p1a: Rillaboom
|
|-heal|p1a: Rillaboom|100/100|[from] move: Wish|[wisher] Alomomola
|-heal|p2a: Gliscor|97/100 tox|[from] ability: Poison Heal
|upkeep
|turn|33
|
|t:|1779869566
|move|p1a: Rillaboom|Grassy Glide|p2a: Gliscor
|-damage|p2a: Gliscor|48/100 tox
|move|p2a: Gliscor|Facade|p1a: Rillaboom
|-damage|p1a: Rillaboom|29/100
|
|-heal|p1a: Rillaboom|35/100|[from] Grassy Terrain
|-heal|p2a: Gliscor|60/100 tox|[from] ability: Poison Heal
|upkeep
|turn|34
|
|t:|1779869575
|move|p2a: Gliscor|Protect|p2a: Gliscor
|-singleturn|p2a: Gliscor|Protect
|move|p1a: Rillaboom|Grassy Glide|p2a: Gliscor
|-activate|p2a: Gliscor|move: Protect
|
|-heal|p1a: Rillaboom|41/100|[from] Grassy Terrain
|-heal|p2a: Gliscor|73/100 tox|[from] ability: Poison Heal
|upkeep
|turn|35
|
|t:|1779869589
|move|p1a: Rillaboom|Grassy Glide|p2a: Gliscor
|-damage|p2a: Gliscor|26/100 tox
|move|p2a: Gliscor|Facade|p1a: Rillaboom
|-damage|p1a: Rillaboom|0 fnt
|faint|p1a: Rillaboom
|
|-heal|p2a: Gliscor|38/100 tox|[from] ability: Poison Heal
|upkeep
|
|t:|1779869599
|switch|p1a: Alomomola|Alomomola, F|58/100 brn
|-damage|p1a: Alomomola|45/100 brn|[from] Stealth Rock
|turn|36
|
|t:|1779869603
|move|p2a: Gliscor|Facade|p1a: Alomomola
|-damage|p1a: Alomomola|12/100 brn
|move|p1a: Alomomola|Wish|p1a: Alomomola
|
|-heal|p1a: Alomomola|18/100 brn|[from] Grassy Terrain
|-heal|p2a: Gliscor|51/100 tox|[from] ability: Poison Heal
|-damage|p1a: Alomomola|12/100 brn|[from] brn
|-fieldend|move: Grassy Terrain
|upkeep
|turn|37
|
|t:|1779869620
|move|p1a: Alomomola|Protect|p1a: Alomomola
|-singleturn|p1a: Alomomola|Protect
|move|p2a: Gliscor|Swords Dance|p2a: Gliscor
|-boost|p2a: Gliscor|atk|2
|
|-heal|p1a: Alomomola|62/100 brn|[from] move: Wish|[wisher] Alomomola
|-heal|p2a: Gliscor|63/100 tox|[from] ability: Poison Heal
|-damage|p1a: Alomomola|56/100 brn|[from] brn
|upkeep
|turn|38
|
|t:|1779869637
|move|p2a: Gliscor|Facade|p1a: Alomomola
|-damage|p1a: Alomomola|11/100 brn
|move|p1a: Alomomola|Wish|p1a: Alomomola
|
|-heal|p2a: Gliscor|76/100 tox|[from] ability: Poison Heal
|-damage|p1a: Alomomola|5/100 brn|[from] brn
|upkeep
|turn|39
|
|t:|1779869645
|move|p2a: Gliscor|Knock Off|p1a: Alomomola
|-damage|p1a: Alomomola|0 fnt
|faint|p1a: Alomomola
|
|-heal|p2a: Gliscor|88/100 tox|[from] ability: Poison Heal
|upkeep
|inactive|Battle timer is ON: inactive players will automatically lose when time's up. (requested by draconotmeteor)
|
|t:|1779869686
|switch|p1a: Iron Crown|Iron Crown|100/100 par
|-damage|p1a: Iron Crown|94/100 par|[from] Stealth Rock
|turn|40
|
|t:|1779869690
|move|p2a: Gliscor|Knock Off|p1a: Iron Crown
|-supereffective|p1a: Iron Crown
|-damage|p1a: Iron Crown|8/100 par
|cant|p1a: Iron Crown|par
|
|-heal|p2a: Gliscor|100/100 tox|[from] ability: Poison Heal
|upkeep
|turn|41
|
|t:|1779869697
|move|p2a: Gliscor|Facade|p1a: Iron Crown
|-resisted|p1a: Iron Crown
|-damage|p1a: Iron Crown|0 fnt
|faint|p1a: Iron Crown
|-end|p1a: Iron Crown|Quark Drive|[silent]
|
|upkeep
|
|t:|1779869711
|switch|p1a: Ting-Lu|Ting-Lu|52/100 tox
|-damage|p1a: Ting-Lu|45/100 tox|[from] Stealth Rock
|-ability|p1a: Ting-Lu|Vessel of Ruin
|turn|42
|
|t:|1779869716
|move|p2a: Gliscor|Facade|p1a: Ting-Lu
|-damage|p1a: Ting-Lu|7/100 tox
|move|p1a: Ting-Lu|Ruination|p2a: Gliscor
|-damage|p2a: Gliscor|50/100 tox
|
|-heal|p2a: Gliscor|63/100 tox|[from] ability: Poison Heal
|-damage|p1a: Ting-Lu|0 fnt|[from] psn
|faint|p1a: Ting-Lu
|upkeep
|
|t:|1779869726
|switch|p1a: Blaziken|Blaziken, F|85/100
|-damage|p1a: Blaziken|72/100|[from] Stealth Rock
|turn|43
|c|☆draconotmeteor|Holy shit that dude is FAT
|
|t:|1779869737
|move|p1a: Blaziken|Blaze Kick|p2a: Gliscor
|-damage|p2a: Gliscor|26/100 tox
|move|p2a: Gliscor|Facade|p1a: Blaziken
|-damage|p1a: Blaziken|0 fnt
|faint|p1a: Blaziken
|
|-heal|p2a: Gliscor|39/100 tox|[from] ability: Poison Heal
|upkeep
|c|☆WEED4NOZE|no shwming lu man
|c|☆draconotmeteor|Im not shaming
|c|☆draconotmeteor|Ting lucifer
|c|☆WEED4NOZE|he insecure about that weight ya know
|
|t:|1779869762
|switch|p1a: Slowking|Slowking-Galar, F|100/100
|turn|44
|c|☆WEED4NOZE|anyway gg
|-message|WEED4NOZE forfeited.
|
|win|draconotmeteor
|raw|WEED4NOZE's rating: 1379 &rarr; <strong>1361</strong><br />(-18 for losing)
|raw|draconotmeteor's rating: 1419 &rarr; <strong>1437</strong><br />(+18 for winning)
|l|☆WEED4NOZE
|player|p1|
|c|☆draconotmeteor|Is he? That fucker looks proud of being a demon
