|j|☆baakrisht
|j|☆kabutopzboy
|t:|1779879469
|gametype|singles
|player|p1|baakrisht|102|1263
|player|p2|kabutopzboy|cyrus|1315
|gen|9
|tier|[Gen 9] OU
|rated|
|rule|HP Percentage Mod: HP is shown in percentages
|rule|Endless Battle Clause: Forcing endless battles is banned
|rule|Species Clause: Limit one of each Pokémon
|rule|OHKO Clause: OHKO moves are banned
|rule|Evasion Items Clause: Evasion items are banned
|rule|Evasion Moves Clause: Evasion moves are banned
|rule|Evasion Abilities Clause: Evasion abilities are banned
|rule|Sleep Moves Clause: Sleep-inducing moves are banned
|clearpoke
|poke|p1|Espeon, F|
|poke|p1|Goodra, F|
|poke|p1|Weezing-Galar, M|
|poke|p1|Orthworm, F|
|poke|p1|Suicune|
|poke|p1|Muk-Alola, M|
|poke|p2|Great Tusk|
|poke|p2|Iron Valiant|
|poke|p2|Pelipper, F|
|poke|p2|Blastoise, M|
|poke|p2|Cinderace, M|
|poke|p2|Empoleon, F|
|teampreview
|inactive|Battle timer is ON: inactive players will automatically lose when time's up. (requested by baakrisht)
|
|t:|1779879492
|teamsize|p1|6
|teamsize|p2|6
|start
|switch|p1a: लसलस|Goodra, F|100/100
|switch|p2a: Pelipper|Pelipper, F|100/100
|-weather|RainDance|[from] ability: Drizzle|[of] p2a: Pelipper
|turn|1
|
|t:|1779879508
|switch|p2a: Empoleon|Empoleon, F|100/100
|move|p1a: लसलस|Thunder|p2a: Empoleon
|-supereffective|p2a: Empoleon
|-damage|p2a: Empoleon|61/100
|-status|p2a: Empoleon|par
|
|-weather|RainDance|[upkeep]
|upkeep
|turn|2
|
|t:|1779879517
|switch|p2a: Cinderace|Cinderace, M|100/100
|move|p1a: लसलस|Thunder|p2a: Cinderace
|-damage|p2a: Cinderace|58/100
|-status|p2a: Cinderace|par
|
|-weather|RainDance|[upkeep]
|upkeep
|turn|3
|
|t:|1779879524
|move|p1a: लसलस|Thunder|p2a: Cinderace
|-damage|p2a: Cinderace|21/100 par
|move|p2a: Cinderace|High Jump Kick|p1a: लसलस
|-start|p2a: Cinderace|typechange|Fighting|[from] ability: Libero
|-damage|p1a: लसलस|32/100
|
|-weather|RainDance|[upkeep]
|upkeep
|turn|4
|
|t:|1779879533
|switch|p2a: Great Tusk|Great Tusk|100/100
|-enditem|p2a: Great Tusk|Booster Energy
|-activate|p2a: Great Tusk|ability: Protosynthesis|[fromitem]
|-start|p2a: Great Tusk|protosynthesisspe
|move|p1a: लसलस|Thunder|p2a: Great Tusk
|-immune|p2a: Great Tusk
|
|-weather|RainDance|[upkeep]
|upkeep
|turn|5
|
|t:|1779879541
|switch|p1a: लाठ साहब|Weezing-Galar, M, shiny|100/100
|move|p2a: Great Tusk|Bulk Up|p2a: Great Tusk
|-boost|p2a: Great Tusk|atk|1
|-boost|p2a: Great Tusk|def|1
|
|-weather|none
|upkeep
|turn|6
|
|t:|1779879555
|-end|p2a: Great Tusk|Protosynthesis|[silent]
|switch|p2a: Empoleon|Empoleon, F|61/100 par
|move|p1a: लाठ साहब|Clear Smog|p2a: Empoleon
|-immune|p2a: Empoleon
|
|upkeep
|turn|7
|
|t:|1779879561
|switch|p1a: लसलस|Goodra, F|32/100
|cant|p2a: Empoleon|par
|
|upkeep
|turn|8
|
|t:|1779879569
|move|p1a: लसलस|Rest|p1a: लसलस
|-status|p1a: लसलस|slp|[from] move: Rest
|-heal|p1a: लसलस|100/100 slp|[silent]
|cant|p2a: Empoleon|par
|
|upkeep
|turn|9
|
|t:|1779879578
|switch|p1a: कादो राज|Muk-Alola, M|100/100
|move|p2a: Empoleon|Ice Beam|p1a: कादो राज
|-damage|p1a: कादो राज|83/100
|
|-heal|p1a: कादो राज|89/100|[from] item: Black Sludge
|upkeep
|turn|10
|
|t:|1779879587
|switch|p2a: Pelipper|Pelipper, F|100/100
|-weather|RainDance|[from] ability: Drizzle|[of] p2a: Pelipper
|move|p1a: कादो राज|Substitute|p1a: कादो राज
|-start|p1a: कादो राज|Substitute
|-damage|p1a: कादो राज|64/100
|
|-weather|RainDance|[upkeep]
|-heal|p1a: कादो राज|70/100|[from] item: Black Sludge
|upkeep
|turn|11
|
|t:|1779879596
|move|p2a: Pelipper|Surf|p1a: कादो राज
|-end|p1a: कादो राज|Substitute
|move|p1a: कादो राज|Knock Off|p2a: Pelipper
|-damage|p2a: Pelipper|58/100
|-status|p2a: Pelipper|psn|[from] ability: Poison Touch|[of] p1a: कादो राज
|-enditem|p2a: Pelipper|Choice Specs|[from] move: Knock Off|[of] p1a: कादो राज
|
|-weather|RainDance|[upkeep]
|-heal|p1a: कादो राज|76/100|[from] item: Black Sludge
|-damage|p2a: Pelipper|46/100 psn|[from] psn
|upkeep
|turn|12
|
|t:|1779879606
|switch|p1a: लसलस|Goodra, F|100/100 slp
|move|p2a: Pelipper|Surf|p1a: लसलस
|-resisted|p1a: लसलस
|-damage|p1a: लसलस|80/100 slp
|
|-weather|RainDance|[upkeep]
|-activate|p1a: लसलस|ability: Hydration
|-curestatus|p1a: लसलस|slp|[msg]
|-damage|p2a: Pelipper|34/100 psn|[from] psn
|upkeep
|turn|13
|
|t:|1779879618
|-terastallize|p2a: Pelipper|Ground
|move|p1a: लसलस|Sludge Bomb|p2a: Pelipper
|-resisted|p2a: Pelipper
|-damage|p2a: Pelipper|13/100 psn
|move|p2a: Pelipper|Ice Beam|p1a: लसलस
|-supereffective|p1a: लसलस
|-damage|p1a: लसलस|46/100
|
|-weather|RainDance|[upkeep]
|-damage|p2a: Pelipper|1/100 psn|[from] psn
|upkeep
|turn|14
|
|t:|1779879629
|move|p1a: लसलस|Rest|p1a: लसलस
|-status|p1a: लसलस|slp|[from] move: Rest
|-heal|p1a: लसलस|100/100 slp|[silent]
|move|p2a: Pelipper|Ice Beam|p1a: लसलस
|-supereffective|p1a: लसलस
|-damage|p1a: लसलस|66/100 slp
|
|-weather|none
|-damage|p2a: Pelipper|0 fnt|[from] psn
|faint|p2a: Pelipper
|upkeep
|
|t:|1779879640
|switch|p2a: Bla$t|Blastoise, M|100/100
|turn|15
|
|t:|1779879649
|switch|p1a: कादो राज|Muk-Alola, M|76/100
|move|p2a: Bla$t|Shell Smash|p2a: Bla$t
|-unboost|p2a: Bla$t|def|1
|-unboost|p2a: Bla$t|spd|1
|-boost|p2a: Bla$t|atk|2
|-boost|p2a: Bla$t|spa|2
|-boost|p2a: Bla$t|spe|2
|-enditem|p2a: Bla$t|White Herb
|-clearnegativeboost|p2a: Bla$t|[silent]
|
|-heal|p1a: कादो राज|82/100|[from] item: Black Sludge
|upkeep
|turn|16
|
|t:|1779879660
|move|p2a: Bla$t|Earthquake|p1a: कादो राज
|-supereffective|p1a: कादो राज
|-damage|p1a: कादो राज|0 fnt
|faint|p1a: कादो राज
|
|upkeep
|
|t:|1779879666
|switch|p1a: दील दो 💖|Orthworm, F|100/100
|turn|17
|
|t:|1779879675
|switch|p2a: Empoleon|Empoleon, F|61/100 par
|move|p1a: दील दो 💖|Iron Defense|p1a: दील दो 💖
|-boost|p1a: दील दो 💖|def|2
|
|upkeep
|turn|18
|
|t:|1779879684
|move|p2a: Empoleon|Vacuum Wave|p1a: दील दो 💖
|-supereffective|p1a: दील दो 💖
|-damage|p1a: दील दो 💖|59/100
|move|p1a: दील दो 💖|Body Press|p2a: Empoleon
|-supereffective|p2a: Empoleon
|-damage|p2a: Empoleon|0 fnt
|faint|p2a: Empoleon
|
|-heal|p1a: दील दो 💖|65/100|[from] item: Leftovers
|upkeep
|
|t:|1779879694
|switch|p2a: Steelheart|Iron Valiant, shiny|100/100
|-enditem|p2a: Steelheart|Booster Energy
|-activate|p2a: Steelheart|ability: Quark Drive|[fromitem]
|-start|p2a: Steelheart|quarkdrivespe
|turn|19
|
|t:|1779879700
|switch|p1a: Suicune|Suicune|100/100
|-ability|p1a: Suicune|Pressure
|move|p2a: Steelheart|Thunderbolt|p1a: Suicune
|-supereffective|p1a: Suicune
|-damage|p1a: Suicune|56/100
|
|-heal|p1a: Suicune|62/100|[from] item: Leftovers
|upkeep
|turn|20
|
|t:|1779879711
|switch|p1a: बिलाई मौसी|Espeon, F|100/100
|move|p2a: Steelheart|Thunderbolt|p1a: बिलाई मौसी
|-damage|p1a: बिलाई मौसी|77/100
|
|upkeep
|turn|21
|
|t:|1779879718
|-end|p2a: Steelheart|Quark Drive|[silent]
|switch|p2a: Cinderace|Cinderace, M|21/100 par
|move|p1a: बिलाई मौसी|Psychic|p2a: Cinderace
|-damage|p2a: Cinderace|0 fnt
|faint|p2a: Cinderace
|
|upkeep
|
|t:|1779879723
|switch|p2a: Bla$t|Blastoise, M|100/100
|turn|22
|
|t:|1779879726
|switch|p1a: लाठ साहब|Weezing-Galar, M, shiny|100/100
|move|p2a: Bla$t|Shell Smash|p2a: Bla$t
|-unboost|p2a: Bla$t|def|1
|-unboost|p2a: Bla$t|spd|1
|-boost|p2a: Bla$t|atk|2
|-boost|p2a: Bla$t|spa|2
|-boost|p2a: Bla$t|spe|2
|
|upkeep
|turn|23
|
|t:|1779879735
|move|p2a: Bla$t|Ice Beam|p1a: लाठ साहब
|-crit|p1a: लाठ साहब
|-damage|p1a: लाठ साहब|31/100
|move|p1a: लाठ साहब|Clear Smog|p2a: Bla$t
|-damage|p2a: Bla$t|73/100
|-clearboost|p2a: Bla$t
|
|upkeep
|turn|24
|
|t:|1779879742
|move|p2a: Bla$t|Shell Smash|p2a: Bla$t
|-unboost|p2a: Bla$t|def|1
|-unboost|p2a: Bla$t|spd|1
|-boost|p2a: Bla$t|atk|2
|-boost|p2a: Bla$t|spa|2
|-boost|p2a: Bla$t|spe|2
|move|p1a: लाठ साहब|Destiny Bond|p1a: लाठ साहब
|-singlemove|p1a: लाठ साहब|Destiny Bond
|
|upkeep
|turn|25
|
|t:|1779879761
|switch|p2a: Steelheart|Iron Valiant, shiny|100/100
|move|p1a: लाठ साहब|Clear Smog|p2a: Steelheart
|-supereffective|p2a: Steelheart
|-damage|p2a: Steelheart|45/100
|-clearboost|p2a: Steelheart
|
|upkeep
|turn|26
|
|t:|1779879774
|switch|p1a: लसलस|Goodra, F|66/100 slp
|move|p2a: Steelheart|Thunderbolt|p1a: लसलस
|-resisted|p1a: लसलस
|-damage|p1a: लसलस|57/100 slp
|
|upkeep
|turn|27
|
|t:|1779879781
|move|p2a: Steelheart|Moonblast|p1a: लसलस
|-supereffective|p1a: लसलस
|-damage|p1a: लसलस|0 fnt
|faint|p1a: लसलस
|
|upkeep
|
|t:|1779879795
|switch|p1a: बिलाई मौसी|Espeon, F|77/100
|turn|28
|
|t:|1779879801
|-end|p2a: Steelheart|Quark Drive|[silent]
|switch|p2a: Bla$t|Blastoise, M|73/100
|move|p1a: बिलाई मौसी|Trick|p2a: Bla$t
|-activate|p1a: बिलाई मौसी|move: Trick|[of] p2a: Bla$t
|-item|p2a: Bla$t|Choice Scarf|[from] move: Trick
|-enditem|p1a: बिलाई मौसी|Choice Scarf|[silent]|[from] move: Trick
|
|upkeep
|turn|29
|
|t:|1779879809
|move|p2a: Bla$t|Ice Beam|p1a: बिलाई मौसी
|-damage|p1a: बिलाई मौसी|65/100
|move|p1a: बिलाई मौसी|Future Sight|p2a: Bla$t
|-start|p1a: बिलाई मौसी|move: Future Sight
|
|upkeep
|turn|30
|
|t:|1779879814
|move|p2a: Bla$t|Ice Beam|p1a: बिलाई मौसी
|-damage|p1a: बिलाई मौसी|51/100
|move|p1a: बिलाई मौसी|Psychic|p2a: Bla$t
|-damage|p2a: Bla$t|28/100
|
|upkeep
|turn|31
|
|t:|1779879819
|switch|p1a: Suicune|Suicune|62/100
|-ability|p1a: Suicune|Pressure
|move|p2a: Bla$t|Ice Beam|p1a: Suicune
|-resisted|p1a: Suicune
|-crit|p1a: Suicune
|-damage|p1a: Suicune|53/100
|
|-end|p2a: Bla$t|move: Future Sight
|-damage|p2a: Bla$t|0 fnt
|faint|p2a: Bla$t
|-heal|p1a: Suicune|59/100|[from] item: Leftovers
|upkeep
|
|t:|1779879830
|switch|p2a: Steelheart|Iron Valiant, shiny|45/100
|turn|32
|
|t:|1779879838
|switch|p1a: लाठ साहब|Weezing-Galar, M, shiny|31/100
|move|p2a: Steelheart|Thunderbolt|p1a: लाठ साहब
|-damage|p1a: लाठ साहब|0 fnt
|faint|p1a: लाठ साहब
|
|upkeep
|
|t:|1779879841
|switch|p1a: बिलाई मौसी|Espeon, F|51/100
|turn|33
|
|t:|1779879848
|move|p2a: Steelheart|Thunderbolt|p1a: बिलाई मौसी
|-damage|p1a: बिलाई मौसी|29/100
|move|p1a: बिलाई मौसी|Future Sight|p2a: Steelheart
|-start|p1a: बिलाई मौसी|move: Future Sight
|
|upkeep
|turn|34
|
|t:|1779879858
|move|p2a: Steelheart|Encore|p1a: बिलाई मौसी
|move|p1a: बिलाई मौसी|Encore||[from] ability: Magic Bounce|[still]
|-fail|p1a: बिलाई मौसी
|move|p1a: बिलाई मौसी|Psychic|p2a: Steelheart
|-supereffective|p2a: Steelheart
|-damage|p2a: Steelheart|0 fnt
|faint|p2a: Steelheart
|-end|p2a: Steelheart|Quark Drive|[silent]
|
|upkeep
|
|t:|1779879865
|switch|p2a: Great Tusk|Great Tusk|100/100
|turn|35
|
|t:|1779879868
|move|p2a: Great Tusk|Ice Spinner|p1a: बिलाई मौसी
|-damage|p1a: बिलाई मौसी|0 fnt
|faint|p1a: बिलाई मौसी
|
|-end|p2a: Great Tusk|move: Future Sight
|-supereffective|p2a: Great Tusk
|-damage|p2a: Great Tusk|0 fnt
|faint|p2a: Great Tusk
|-end|p2a: Great Tusk|Protosynthesis|[silent]
|
|win|baakrisht
|raw|baakrisht's rating: 1263 &rarr; <strong>1292</strong><br />(+29 for winning)
|raw|kabutopzboy's rating: 1315 &rarr; <strong>1292</strong><br />(-23 for losing)
|l|☆kabutopzboy
|player|p2|
|l|☆baakrisht
|player|p1|
