|j|☆Arshdeep1234
|j|☆kakajwk
|t:|1779929630
|gametype|singles
|player|p1|Arshdeep1234|wallace|1099
|player|p2|kakajwk|101|1110
|gen|9
|tier|[Gen 9] OU
|rated|
|rule|HP Percentage Mod: HP is shown in percentages
|rule|Endless Battle Clause: Forcing endless battles is banned
|rule|Species Clause: Limit one of each Pokémon
|rule|OHKO Clause: OHKO moves are banned
|rule|Evasion Items Clause: Evasion items are banned
|rule|Evasion Moves Clause: Evasion moves are banned
|rule|Evasion Abilities Clause: Evasion abilities are banned
|rule|Sleep Moves Clause: Sleep-inducing moves are banned
|clearpoke
|poke|p1|Ogerpon-Wellspring, F|
|poke|p1|Skarmory, F|
|poke|p1|Gholdengo|
|poke|p1|Gastrodon, F|
|poke|p1|Thundurus, M|
|poke|p1|Gallade, M|
|poke|p2|Polteageist-Antique|
|poke|p2|Azumarill, F|
|poke|p2|Cloyster, M|
|poke|p2|Blastoise, F|
|poke|p2|Torterra, M|
|poke|p2|Minior-Blue|
|teampreview
|inactive|Battle timer is ON: inactive players will automatically lose when time's up. (requested by kakajwk)
|
|t:|1779929651
|teamsize|p1|6
|teamsize|p2|6
|start
|switch|p1a: Gallade|Gallade, M|100/100
|switch|p2a: Polteageist|Polteageist-Antique, shiny|100/100
|turn|1
|
|t:|1779929658
|move|p1a: Gallade|Night Slash|p2a: Polteageist
|-supereffective|p2a: Polteageist
|-damage|p2a: Polteageist|0 fnt
|faint|p2a: Polteageist
|
|upkeep
|
|t:|1779929686
|switch|p2a: Blastoise|Blastoise, F|100/100
|turn|2
|
|t:|1779929690
|switch|p1a: Thundurus|Thundurus, M, shiny|100/100
|move|p2a: Blastoise|Shell Smash|p2a: Blastoise
|-unboost|p2a: Blastoise|def|1
|-unboost|p2a: Blastoise|spd|1
|-boost|p2a: Blastoise|atk|2
|-boost|p2a: Blastoise|spa|2
|-boost|p2a: Blastoise|spe|2
|-enditem|p2a: Blastoise|White Herb
|-clearnegativeboost|p2a: Blastoise|[silent]
|
|upkeep
|turn|3
|
|t:|1779929704
|move|p1a: Thundurus|Thunder Wave|p2a: Blastoise
|-status|p2a: Blastoise|par
|move|p2a: Blastoise|Ice Spinner|p1a: Thundurus
|-supereffective|p1a: Thundurus
|-damage|p1a: Thundurus|0 fnt
|faint|p1a: Thundurus
|
|upkeep
|
|t:|1779929715
|switch|p1a: Ogerpon|Ogerpon-Wellspring, F|100/100
|turn|4
|
|t:|1779929719
|move|p1a: Ogerpon|Horn Leech|p2a: Blastoise
|-supereffective|p2a: Blastoise
|-damage|p2a: Blastoise|8/100 par
|cant|p2a: Blastoise|par
|
|upkeep
|turn|5
|
|t:|1779929726
|move|p1a: Ogerpon|Horn Leech|p2a: Blastoise
|-supereffective|p2a: Blastoise
|-damage|p2a: Blastoise|0 fnt
|faint|p2a: Blastoise
|
|upkeep
|
|t:|1779929738
|switch|p2a: Azumarill|Azumarill, F, shiny|100/100
|turn|6
|
|t:|1779929743
|move|p1a: Ogerpon|Horn Leech|p2a: Azumarill
|-supereffective|p2a: Azumarill
|-damage|p2a: Azumarill|2/100
|-enditem|p2a: Azumarill|Sitrus Berry|[eat]
|-heal|p2a: Azumarill|27/100|[from] item: Sitrus Berry
|move|p2a: Azumarill|Belly Drum||[still]
|-fail|p2a: Azumarill
|
|upkeep
|turn|7
|
|t:|1779929752
|move|p2a: Azumarill|Aqua Jet|p1a: Ogerpon
|-immune|p1a: Ogerpon|[from] ability: Water Absorb
|move|p1a: Ogerpon|Horn Leech|p2a: Azumarill
|-supereffective|p2a: Azumarill
|-damage|p2a: Azumarill|0 fnt
|faint|p2a: Azumarill
|
|upkeep
|
|t:|1779929755
|switch|p2a: Torterra|Torterra, M|100/100
|turn|8
|
|t:|1779929771
|move|p1a: Ogerpon|Ivy Cudgel|p2a: Torterra|[anim] Ivy Cudgel Water
|-damage|p2a: Torterra|42/100
|move|p2a: Torterra|Shell Smash|p2a: Torterra
|-unboost|p2a: Torterra|def|1
|-unboost|p2a: Torterra|spd|1
|-boost|p2a: Torterra|atk|2
|-boost|p2a: Torterra|spa|2
|-boost|p2a: Torterra|spe|2
|-enditem|p2a: Torterra|White Herb
|-clearnegativeboost|p2a: Torterra|[silent]
|
|upkeep
|turn|9
|
|t:|1779929783
|-terastallize|p2a: Torterra|Fighting
|move|p2a: Torterra|Superpower|p1a: Ogerpon
|-damage|p1a: Ogerpon|0 fnt
|-unboost|p2a: Torterra|atk|1
|-unboost|p2a: Torterra|def|1
|faint|p1a: Ogerpon
|
|upkeep
|
|t:|1779929798
|switch|p1a: Skarmory|Skarmory, F, shiny|100/100
|turn|10
|
|t:|1779929804
|move|p2a: Torterra|Superpower|p1a: Skarmory
|-damage|p1a: Skarmory|38/100
|-unboost|p2a: Torterra|atk|1
|-unboost|p2a: Torterra|def|1
|-damage|p2a: Torterra|25/100|[from] item: Rocky Helmet|[of] p1a: Skarmory
|move|p1a: Skarmory|Body Press|p2a: Torterra
|-damage|p2a: Torterra|0 fnt
|faint|p2a: Torterra
|
|upkeep
|
|t:|1779929814
|switch|p2a: Cloyster|Cloyster, M, shiny|100/100
|turn|11
|
|t:|1779929817
|move|p2a: Cloyster|Shell Smash|p2a: Cloyster
|-unboost|p2a: Cloyster|def|1
|-unboost|p2a: Cloyster|spd|1
|-boost|p2a: Cloyster|atk|2
|-boost|p2a: Cloyster|spa|2
|-boost|p2a: Cloyster|spe|2
|-enditem|p2a: Cloyster|White Herb
|-clearnegativeboost|p2a: Cloyster|[silent]
|move|p1a: Skarmory|Whirlwind|p2a: Cloyster
|drag|p2a: Minior|Minior-Blue, shiny|100/100
|-formechange|p2a: Minior|Minior-Meteor||[from] ability: Shields Down
|
|upkeep
|turn|12
|
|t:|1779929830
|move|p2a: Minior|Shell Smash|p2a: Minior
|-unboost|p2a: Minior|def|1
|-unboost|p2a: Minior|spd|1
|-boost|p2a: Minior|atk|2
|-boost|p2a: Minior|spa|2
|-boost|p2a: Minior|spe|2
|-enditem|p2a: Minior|White Herb
|-clearnegativeboost|p2a: Minior|[silent]
|move|p1a: Skarmory|Whirlwind|p2a: Minior
|drag|p2a: Cloyster|Cloyster, M, shiny|100/100
|
|upkeep
|turn|13
|
|t:|1779929845
|move|p2a: Cloyster|Shell Smash|p2a: Cloyster
|-unboost|p2a: Cloyster|def|1
|-unboost|p2a: Cloyster|spd|1
|-boost|p2a: Cloyster|atk|2
|-boost|p2a: Cloyster|spa|2
|-boost|p2a: Cloyster|spe|2
|move|p1a: Skarmory|Body Press|p2a: Cloyster
|-supereffective|p2a: Cloyster
|-damage|p2a: Cloyster|27/100
|
|upkeep
|turn|14
|
|t:|1779929856
|move|p2a: Cloyster|Icicle Spear|p1a: Skarmory
|-crit|p1a: Skarmory
|-damage|p1a: Skarmory|16/100
|-damage|p1a: Skarmory|0 fnt
|faint|p1a: Skarmory
|-hitcount|p1: Skarmory|2
|
|upkeep
|
|t:|1779929878
|switch|p1a: Gastrodon|Gastrodon, F|100/100
|turn|15
|
|t:|1779929888
|move|p2a: Cloyster|Icicle Spear|p1a: Gastrodon
|-damage|p1a: Gastrodon|84/100
|-damage|p1a: Gastrodon|67/100
|-damage|p1a: Gastrodon|50/100
|-damage|p1a: Gastrodon|34/100
|-damage|p1a: Gastrodon|16/100
|-hitcount|p1a: Gastrodon|5
|move|p1a: Gastrodon|Earth Power|p2a: Cloyster
|-damage|p2a: Cloyster|0 fnt
|faint|p2a: Cloyster
|
|-heal|p1a: Gastrodon|22/100|[from] item: Leftovers
|upkeep
|
|t:|1779929892
|switch|p2a: Minior|Minior-Blue, shiny|100/100
|-formechange|p2a: Minior|Minior-Meteor||[from] ability: Shields Down
|turn|16
|
|t:|1779929907
|move|p2a: Minior|Shell Smash|p2a: Minior
|-unboost|p2a: Minior|def|1
|-unboost|p2a: Minior|spd|1
|-boost|p2a: Minior|atk|2
|-boost|p2a: Minior|spa|2
|-boost|p2a: Minior|spe|2
|move|p1a: Gastrodon|Ice Beam|p2a: Minior
|-supereffective|p2a: Minior
|-crit|p2a: Minior
|-damage|p2a: Minior|0 fnt
|faint|p2a: Minior
|
|win|Arshdeep1234
|raw|Arshdeep1234's rating: 1099 &rarr; <strong>1125</strong><br />(+26 for winning)
|raw|kakajwk's rating: 1110 &rarr; <strong>1084</strong><br />(-26 for losing)
|l|☆kakajwk
|player|p2|
|l|☆Arshdeep1234
|player|p1|
