|j|☆Supmydude777
|j|☆pepinoloko
|t:|1779823522
|gametype|singles
|player|p1|Supmydude777|2|1530
|player|p2|pepinoloko|byron|1482
|gen|9
|tier|[Gen 9] OU
|rated|
|rule|HP Percentage Mod: HP is shown in percentages
|rule|Endless Battle Clause: Forcing endless battles is banned
|rule|Species Clause: Limit one of each Pokémon
|rule|OHKO Clause: OHKO moves are banned
|rule|Evasion Items Clause: Evasion items are banned
|rule|Evasion Moves Clause: Evasion moves are banned
|rule|Evasion Abilities Clause: Evasion abilities are banned
|rule|Sleep Moves Clause: Sleep-inducing moves are banned
|clearpoke
|poke|p1|Ogerpon-Wellspring, F|
|poke|p1|Raging Bolt|
|poke|p1|Cinderace, F|
|poke|p1|Corviknight, M|
|poke|p1|Ting-Lu|
|poke|p1|Gengar, M|
|poke|p2|Salazzle, F|
|poke|p2|Zoroark-Hisui, M|
|poke|p2|Cinderace, F|
|poke|p2|Toxapex, F|
|poke|p2|Chesnaught, F|
|poke|p2|Grimmsnarl, M|
|teampreview
|inactive|Battle timer is ON: inactive players will automatically lose when time's up. (requested by pepinoloko)
|
|t:|1779823542
|teamsize|p1|6
|teamsize|p2|6
|start
|switch|p1a: Cinderace|Cinderace, F|100/100
|switch|p2a: Forgive|Salazzle, F|100/100
|turn|1
|
|t:|1779823551
|move|p1a: Cinderace|Pyro Ball|p2a: Forgive
|-resisted|p2a: Forgive
|-damage|p2a: Forgive|39/100
|move|p2a: Forgive|Toxic|p1a: Cinderace
|-status|p1a: Cinderace|tox
|
|-heal|p2a: Forgive|45/100|[from] item: Leftovers
|-damage|p1a: Cinderace|95/100 tox|[from] psn
|upkeep
|turn|2
|
|t:|1779823565
|switch|p1a: Gengar|Gengar, M|100/100
|switch|p2a: Chesnaught|Chesnaught, F|100/100
|
|upkeep
|turn|3
|
|t:|1779823574
|move|p2a: Chesnaught|Spiky Shield|p2a: Chesnaught
|-singleturn|p2a: Chesnaught|move: Protect
|move|p1a: Gengar|Trick|p2a: Chesnaught
|-activate|p2a: Chesnaught|move: Protect
|
|upkeep
|turn|4
|
|t:|1779823587
|switch|p1a: Cinderace|Cinderace, F|95/100 tox
|switch|p2a: Forgive|Salazzle, F|100/100
|
|-damage|p1a: Cinderace|89/100 tox|[from] psn
|upkeep
|turn|5
|
|t:|1779823594
|move|p2a: Forgive|Hex|p1a: Cinderace
|-damage|p1a: Cinderace|0 fnt
|faint|p1a: Cinderace
|
|upkeep
|
|t:|1779823601
|switch|p1a: Raging Bolt|Raging Bolt|100/100
|-enditem|p1a: Raging Bolt|Booster Energy
|-activate|p1a: Raging Bolt|ability: Protosynthesis|[fromitem]
|-start|p1a: Raging Bolt|protosynthesisspa
|turn|6
|
|t:|1779823607
|switch|p2a: Love has a name|Grimmsnarl, M|100/100
|move|p1a: Raging Bolt|Calm Mind|p1a: Raging Bolt
|-boost|p1a: Raging Bolt|spa|1
|-boost|p1a: Raging Bolt|spd|1
|
|upkeep
|turn|7
|
|t:|1779823612
|move|p2a: Love has a name|Trick|p1a: Raging Bolt
|-activate|p2a: Love has a name|move: Trick|[of] p1a: Raging Bolt
|-item|p1a: Raging Bolt|Choice Scarf|[from] move: Trick
|-enditem|p2a: Love has a name|Choice Scarf|[silent]|[from] move: Trick
|move|p1a: Raging Bolt|Thunderbolt|p2a: Love has a name
|-damage|p2a: Love has a name|13/100
|
|upkeep
|turn|8
|
|t:|1779823618
|move|p2a: Love has a name|Parting Shot|p1a: Raging Bolt
|-unboost|p1a: Raging Bolt|atk|1
|-unboost|p1a: Raging Bolt|spa|1
|
|t:|1779823622
|switch|p2a: Chesnaught|Chesnaught, F|100/100|[from] Parting Shot
|move|p1a: Raging Bolt|Thunderbolt|p2a: Chesnaught
|-resisted|p2a: Chesnaught
|-damage|p2a: Chesnaught|63/100
|
|upkeep
|turn|9
|
|t:|1779823629
|move|p1a: Raging Bolt|Thunderbolt|p2a: Chesnaught
|-resisted|p2a: Chesnaught
|-damage|p2a: Chesnaught|27/100
|move|p2a: Chesnaught|Leech Seed|p1a: Raging Bolt
|-start|p1a: Raging Bolt|move: Leech Seed
|
|-damage|p1a: Raging Bolt|88/100|[from] Leech Seed|[of] p2a: Chesnaught
|-heal|p2a: Chesnaught|40/100|[silent]
|upkeep
|turn|10
|
|t:|1779823636
|-end|p1a: Raging Bolt|Protosynthesis|[silent]
|switch|p1a: Gengar|Gengar, M|100/100
|move|p2a: Chesnaught|Leech Seed|p1a: Gengar
|-start|p1a: Gengar|move: Leech Seed
|
|-damage|p1a: Gengar|88/100|[from] Leech Seed|[of] p2a: Chesnaught
|-heal|p2a: Chesnaught|48/100|[silent]
|upkeep
|turn|11
|
|t:|1779823643
|switch|p1a: Ogerpon|Ogerpon-Wellspring, F|100/100
|move|p2a: Chesnaught|Spiky Shield||[still]
|-fail|p2a: Chesnaught
|
|upkeep
|turn|12
|
|t:|1779823650
|switch|p2a: Forgive|Salazzle, F|45/100
|move|p1a: Ogerpon|Swords Dance|p1a: Ogerpon
|-boost|p1a: Ogerpon|atk|2
|
|-heal|p2a: Forgive|51/100|[from] item: Leftovers
|upkeep
|turn|13
|
|t:|1779823658
|-terastallize|p1a: Ogerpon|Water
|detailschange|p1a: Ogerpon|Ogerpon-Wellspring-Tera, F, tera:Water
|-ability|p1a: Ogerpon|Embody Aspect (Wellspring)|boost
|-boost|p1a: Ogerpon|spd|1
|move|p2a: Forgive|Encore|p1a: Ogerpon
|-start|p1a: Ogerpon|Encore
|move|p1a: Ogerpon|Swords Dance|p1a: Ogerpon
|-boost|p1a: Ogerpon|atk|2
|
|-heal|p2a: Forgive|57/100|[from] item: Leftovers
|upkeep
|turn|14
|
|t:|1779823668
|switch|p1a: Gengar|Gengar, M|88/100
|move|p2a: Forgive|Toxic|p1a: Gengar
|-status|p1a: Gengar|tox
|
|-heal|p2a: Forgive|63/100|[from] item: Leftovers
|-damage|p1a: Gengar|82/100 tox|[from] psn
|upkeep
|turn|15
|
|t:|1779823677
|switch|p1a: Ogerpon|Ogerpon-Wellspring-Tera, F, tera:Water|100/100
|-ability|p1a: Ogerpon|Embody Aspect (Wellspring)|boost
|-boost|p1a: Ogerpon|spd|1
|switch|p2a: Chesnaught|Chesnaught, F|100/100
|
|upkeep
|turn|16
|
|t:|1779823683
|move|p2a: Chesnaught|Trick||[still]
|-fail|p2a: Chesnaught
|move|p1a: Ogerpon|Swords Dance|p1a: Ogerpon
|-boost|p1a: Ogerpon|atk|2
|
|upkeep
|turn|17
|
|t:|1779823689
|switch|p2a: Chesnaught|Chesnaught, F|48/100
|move|p1a: Ogerpon|Power Whip|p2a: Chesnaught|[miss]
|-miss|p1a: Ogerpon|p2a: Chesnaught
|
|upkeep
|turn|18
|j| kanaete onegai
|
|t:|1779823695
|move|p2a: Chesnaught|Spiky Shield|p2a: Chesnaught
|-singleturn|p2a: Chesnaught|move: Protect
|move|p1a: Ogerpon|Play Rough|p2a: Chesnaught
|-activate|p2a: Chesnaught|move: Protect
|-damage|p1a: Ogerpon|88/100|[from] Spiky Shield|[of] p2a: Chesnaught
|
|upkeep
|turn|19
|
|t:|1779823702
|move|p1a: Ogerpon|Play Rough|p2a: Chesnaught|[miss]
|-miss|p1a: Ogerpon|p2a: Chesnaught
|move|p2a: Chesnaught|Drain Punch|p1a: Ogerpon
|-damage|p1a: Ogerpon|55/100
|-heal|p2a: Chesnaught|61/100|[from] drain|[of] p1a: Ogerpon
|
|upkeep
|turn|20
|-message|Supmydude777 forfeited.
|
|win|pepinoloko
|raw|Supmydude777's rating: 1530 &rarr; <strong>1507</strong><br />(-23 for losing)
|raw|pepinoloko's rating: 1482 &rarr; <strong>1505</strong><br />(+23 for winning)
|l|☆Supmydude777
|player|p1|
|l|☆pepinoloko
|player|p2|
