|j|☆Scribeslie
|j|‽vanllesco
|t:|1779813077
|gametype|singles
|player|p1|Scribeslie|101|1117
|player|p2|vanllesco|hilbert|1149
|gen|9
|tier|[Gen 9] OU
|rated|
|rule|HP Percentage Mod: HP is shown in percentages
|rule|Endless Battle Clause: Forcing endless battles is banned
|rule|Species Clause: Limit one of each Pokémon
|rule|OHKO Clause: OHKO moves are banned
|rule|Evasion Items Clause: Evasion items are banned
|rule|Evasion Moves Clause: Evasion moves are banned
|rule|Evasion Abilities Clause: Evasion abilities are banned
|rule|Sleep Moves Clause: Sleep-inducing moves are banned
|clearpoke
|poke|p1|Swampert, M|
|poke|p1|Dragonite, F|
|poke|p1|Moltres|
|poke|p1|Toxapex, M|
|poke|p1|Scizor, M|
|poke|p1|Medicham, M|
|poke|p2|Samurott-Hisui, M|
|poke|p2|Corviknight, M|
|poke|p2|Hatterene, F|
|poke|p2|Umbreon, F|
|poke|p2|Toxtricity-Low-Key, M|
|poke|p2|Garchomp, M|
|teampreview
|inactive|Battle timer is ON: inactive players will automatically lose when time's up. (requested by Scribeslie)
|
|t:|1779813094
|teamsize|p1|6
|teamsize|p2|6
|start
|switch|p1a: Swampert|Swampert, M|100/100
|switch|p2a: Corviknight|Corviknight, M|100/100
|turn|1
|
|t:|1779813101
|switch|p2a: Hatterene|Hatterene, F|100/100
|move|p1a: Swampert|Roar|p2a: Hatterene
|move|p2a: Hatterene|Roar|p1a: Swampert|[from] ability: Magic Bounce
|drag|p1a: Medicham|Medicham, M|100/100
|
|upkeep
|turn|2
|
|t:|1779813116
|switch|p1a: Toxapex|Toxapex, M|100/100
|move|p2a: Hatterene|Calm Mind|p2a: Hatterene
|-boost|p2a: Hatterene|spa|1
|-boost|p2a: Hatterene|spd|1
|
|upkeep
|turn|3
|
|t:|1779813124
|move|p1a: Toxapex|Haze|p1a: Toxapex
|-clearallboost
|move|p2a: Hatterene|Calm Mind|p2a: Hatterene
|-boost|p2a: Hatterene|spa|1
|-boost|p2a: Hatterene|spd|1
|
|upkeep
|turn|4
|
|t:|1779813131
|move|p1a: Toxapex|Toxic|p2a: Hatterene
|move|p2a: Hatterene|Toxic|p1a: Toxapex|[from] ability: Magic Bounce
|-immune|p1a: Toxapex
|move|p2a: Hatterene|Mystical Fire|p1a: Toxapex
|-resisted|p1a: Toxapex
|-damage|p1a: Toxapex|85/100
|-unboost|p1a: Toxapex|spa|1
|
|-heal|p1a: Toxapex|91/100|[from] item: Leftovers
|upkeep
|turn|5
|
|t:|1779813143
|switch|p2a: Toxtricity|Toxtricity-Low-Key, M|100/100
|move|p1a: Toxapex|Haze|p1a: Toxapex
|-clearallboost
|
|-heal|p1a: Toxapex|97/100|[from] item: Leftovers
|upkeep
|turn|6
|
|t:|1779813165
|move|p2a: Toxtricity|Boomburst|p1a: Toxapex
|-damage|p1a: Toxapex|36/100
|move|p1a: Toxapex|Chilling Water|p2a: Toxtricity
|-damage|p2a: Toxtricity|84/100
|-unboost|p2a: Toxtricity|atk|1
|
|-heal|p1a: Toxapex|42/100|[from] item: Leftovers
|upkeep
|turn|7
|
|t:|1779813174
|move|p1a: Toxapex|Baneful Bunker|p1a: Toxapex
|-singleturn|p1a: Toxapex|move: Protect
|move|p2a: Toxtricity|Boomburst|p1a: Toxapex
|-activate|p1a: Toxapex|move: Protect
|
|-heal|p1a: Toxapex|48/100|[from] item: Leftovers
|upkeep
|turn|8
|
|t:|1779813194
|switch|p2a: Garchomp|Garchomp, M|100/100
|switch|p1a: Swampert|Swampert, M|100/100
|
|upkeep
|turn|9
|
|t:|1779813201
|switch|p2a: Hatterene|Hatterene, F|100/100
|move|p1a: Swampert|Avalanche|p2a: Hatterene
|-damage|p2a: Hatterene|83/100
|
|upkeep
|turn|10
|
|t:|1779813210
|move|p1a: Swampert|Waterfall|p2a: Hatterene
|-damage|p2a: Hatterene|45/100
|move|p2a: Hatterene|Giga Drain|p1a: Swampert
|-supereffective|p1a: Swampert
|-damage|p1a: Swampert|10/100
|-heal|p2a: Hatterene|97/100|[from] drain|[of] p1a: Swampert
|
|-heal|p1a: Swampert|16/100|[from] item: Leftovers
|upkeep
|turn|11
|
|t:|1779813220
|switch|p2a: Corviknight|Corviknight, M|100/100
|move|p1a: Swampert|Earthquake|p2a: Corviknight
|-immune|p2a: Corviknight
|
|-heal|p1a: Swampert|22/100|[from] item: Leftovers
|upkeep
|turn|12
|
|t:|1779813230
|switch|p1a: Toxapex|Toxapex, M|48/100
|move|p2a: Corviknight|Brave Bird|p1a: Toxapex
|-damage|p1a: Toxapex|23/100
|-damage|p2a: Corviknight|94/100|[from] Recoil
|
|-heal|p1a: Toxapex|29/100|[from] item: Leftovers
|upkeep
|turn|13
|
|t:|1779813240
|switch|p2a: Toxtricity|Toxtricity-Low-Key, M|84/100
|move|p1a: Toxapex|Chilling Water|p2a: Toxtricity
|-damage|p2a: Toxtricity|66/100
|-unboost|p2a: Toxtricity|atk|1
|
|-heal|p1a: Toxapex|35/100|[from] item: Leftovers
|upkeep
|turn|14
|
|t:|1779813257
|move|p1a: Toxapex|Baneful Bunker|p1a: Toxapex
|-singleturn|p1a: Toxapex|move: Protect
|move|p2a: Toxtricity|Psychic Noise|p1a: Toxapex
|-activate|p1a: Toxapex|move: Protect
|
|-heal|p1a: Toxapex|41/100|[from] item: Leftovers
|upkeep
|turn|15
|inactive|Scribeslie has 120 seconds left.
|
|t:|1779813301
|switch|p1a: Moltres|Moltres|100/100
|-ability|p1a: Moltres|Pressure
|move|p2a: Toxtricity|Psychic Noise|p1a: Moltres
|-damage|p1a: Moltres|70/100
|-start|p1a: Moltres|move: Heal Block
|
|upkeep
|turn|16
|
|t:|1779813311
|switch|p2a: Umbreon|Umbreon, F, shiny|100/100
|move|p1a: Moltres|Scorching Sands|p2a: Umbreon
|-damage|p2a: Umbreon|87/100
|
|-heal|p2a: Umbreon|93/100|[from] item: Leftovers
|-end|p1a: Moltres|move: Heal Block
|upkeep
|turn|17
|
|t:|1779813321
|move|p1a: Moltres|Flamethrower|p2a: Umbreon
|-damage|p2a: Umbreon|68/100
|move|p2a: Umbreon|Thunder Wave|p1a: Moltres
|-status|p1a: Moltres|par
|
|-heal|p2a: Umbreon|74/100|[from] item: Leftovers
|upkeep
|turn|18
|
|t:|1779813330
|move|p2a: Umbreon|Wish|p2a: Umbreon
|move|p1a: Moltres|Roar|p2a: Umbreon
|drag|p2a: Garchomp|Garchomp, M|100/100
|
|upkeep
|turn|19
|inactive|Scribeslie has 120 seconds left.
|
|t:|1779813338
|switch|p2a: Toxtricity|Toxtricity-Low-Key, M|66/100
|move|p1a: Moltres|Air Slash|p2a: Toxtricity
|-resisted|p2a: Toxtricity
|-damage|p2a: Toxtricity|39/100
|
|-heal|p2a: Toxtricity|100/100|[from] move: Wish|[wisher] Umbreon
|upkeep
|turn|20
|
|t:|1779813347
|move|p2a: Toxtricity|Overdrive|p1a: Moltres
|-supereffective|p1a: Moltres
|-damage|p1a: Moltres|0 fnt
|faint|p1a: Moltres
|
|upkeep
|
|t:|1779813353
|switch|p1a: Dragonite|Dragonite, F|100/100
|turn|21
|
|t:|1779813361
|switch|p2a: Corviknight|Corviknight, M|94/100
|-terastallize|p1a: Dragonite|Dragon
|move|p1a: Dragonite|Dragon Dance|p1a: Dragonite
|-boost|p1a: Dragonite|atk|1
|-boost|p1a: Dragonite|spe|1
|
|upkeep
|turn|22
|
|t:|1779813370
|move|p1a: Dragonite|Dragon Dance|p1a: Dragonite
|-boost|p1a: Dragonite|atk|1
|-boost|p1a: Dragonite|spe|1
|move|p2a: Corviknight|U-turn|p1a: Dragonite
|-damage|p1a: Dragonite|95/100
|
|t:|1779813372
|switch|p2a: Umbreon|Umbreon, F, shiny|74/100|[from] U-turn
|
|-heal|p2a: Umbreon|80/100|[from] item: Leftovers
|upkeep
|turn|23
|
|t:|1779813381
|move|p1a: Dragonite|Dragon Claw|p2a: Umbreon
|-damage|p2a: Umbreon|2/100
|move|p2a: Umbreon|Foul Play|p1a: Dragonite
|-damage|p1a: Dragonite|13/100
|
|-heal|p2a: Umbreon|8/100|[from] item: Leftovers
|upkeep
|turn|24
|
|t:|1779813395
|move|p1a: Dragonite|Dragon Claw|p2a: Umbreon
|-damage|p2a: Umbreon|0 fnt
|faint|p2a: Umbreon
|
|upkeep
|
|t:|1779813399
|switch|p2a: Corviknight|Corviknight, M|94/100
|turn|25
|
|t:|1779813405
|move|p1a: Dragonite|Roost|p1a: Dragonite
|-heal|p1a: Dragonite|63/100
|move|p2a: Corviknight|U-turn|p1a: Dragonite
|-damage|p1a: Dragonite|50/100
|
|t:|1779813412
|switch|p2a: Hatterene|Hatterene, F|97/100|[from] U-turn
|
|upkeep
|turn|26
|
|t:|1779813419
|move|p1a: Dragonite|Fire Punch|p2a: Hatterene
|-damage|p2a: Hatterene|49/100
|move|p2a: Hatterene|Draining Kiss|p1a: Dragonite
|-supereffective|p1a: Dragonite
|-damage|p1a: Dragonite|8/100
|-heal|p2a: Hatterene|83/100|[from] drain|[of] p1a: Dragonite
|
|upkeep
|turn|27
|
|t:|1779813429
|move|p1a: Dragonite|Roost|p1a: Dragonite
|-heal|p1a: Dragonite|58/100
|move|p2a: Hatterene|Calm Mind|p2a: Hatterene
|-boost|p2a: Hatterene|spa|1
|-boost|p2a: Hatterene|spd|1
|
|upkeep
|turn|28
|
|t:|1779813442
|move|p1a: Dragonite|Fire Punch|p2a: Hatterene
|-damage|p2a: Hatterene|37/100
|move|p2a: Hatterene|Draining Kiss|p1a: Dragonite
|-supereffective|p1a: Dragonite
|-damage|p1a: Dragonite|0 fnt
|-heal|p2a: Hatterene|83/100|[from] drain|[of] p1a: Dragonite
|faint|p1a: Dragonite
|
|upkeep
|
|t:|1779813451
|switch|p1a: Scizor|Scizor, M|100/100
|turn|29
|
|t:|1779813457
|-terastallize|p2a: Hatterene|Water
|move|p1a: Scizor|Tailwind|p1a: Scizor
|-sidestart|p1: Scribeslie|move: Tailwind
|move|p2a: Hatterene|Mystical Fire|p1a: Scizor
|-supereffective|p1a: Scizor
|-damage|p1a: Scizor|0 fnt
|faint|p1a: Scizor
|
|upkeep
|
|t:|1779813466
|switch|p1a: Swampert|Swampert, M|22/100
|turn|30
|
|t:|1779813472
|move|p1a: Swampert|Earthquake|p2a: Hatterene
|-damage|p2a: Hatterene|37/100
|move|p2a: Hatterene|Giga Drain|p1a: Swampert
|-supereffective|p1a: Swampert
|-damage|p1a: Swampert|0 fnt
|-heal|p2a: Hatterene|49/100|[from] drain|[of] p1a: Swampert
|faint|p1a: Swampert
|
|upkeep
|
|t:|1779813485
|switch|p1a: Medicham|Medicham, M|100/100
|turn|31
|
|t:|1779813490
|move|p1a: Medicham|Thunder Punch|p2a: Hatterene
|-supereffective|p2a: Hatterene
|-damage|p2a: Hatterene|0 fnt
|faint|p2a: Hatterene
|
|upkeep
|
|t:|1779813498
|switch|p2a: Garchomp|Garchomp, M|100/100
|turn|32
|
|t:|1779813502
|move|p1a: Medicham|Bulk Up|p1a: Medicham
|-boost|p1a: Medicham|atk|1
|-boost|p1a: Medicham|def|1
|move|p2a: Garchomp|Earthquake|p1a: Medicham
|-damage|p1a: Medicham|53/100
|
|-sideend|p1: Scribeslie|move: Tailwind
|upkeep
|turn|33
|
|t:|1779813510
|move|p2a: Garchomp|Swords Dance|p2a: Garchomp
|-boost|p2a: Garchomp|atk|2
|move|p1a: Medicham|Drain Punch|p2a: Garchomp
|-damage|p2a: Garchomp|47/100
|-heal|p1a: Medicham|89/100|[from] drain|[of] p2a: Garchomp
|-damage|p1a: Medicham|77/100|[from] ability: Rough Skin|[of] p2a: Garchomp
|
|upkeep
|turn|34
|
|t:|1779813520
|move|p2a: Garchomp|Scale Shot|p1a: Medicham
|-damage|p1a: Medicham|54/100
|-damage|p1a: Medicham|31/100
|-damage|p1a: Medicham|10/100
|-damage|p1a: Medicham|0 fnt
|faint|p1a: Medicham
|-hitcount|p1: Medicham|4
|-unboost|p2a: Garchomp|def|1
|-boost|p2a: Garchomp|spe|1
|
|upkeep
|
|t:|1779813530
|switch|p1a: Toxapex|Toxapex, M|41/100
|turn|35
|
|t:|1779813534
|move|p2a: Garchomp|Earthquake|p1a: Toxapex
|-supereffective|p1a: Toxapex
|-damage|p1a: Toxapex|0 fnt
|faint|p1a: Toxapex
|
|win|vanllesco
|raw|Scribeslie's rating: 1117 &rarr; <strong>1094</strong><br />(-23 for losing)
|raw|vanllesco's rating: 1149 &rarr; <strong>1172</strong><br />(+23 for winning)
|l|☆Scribeslie
|player|p1|
|l|‽vanllesco
|player|p2|
