|j|☆claudechamp
|j|‽Seelengrab
|t:|1779887689
|gametype|singles
|player|p1|claudechamp|169|1230
|player|p2|Seelengrab|riley|1309
|gen|9
|tier|[Gen 9] OU
|rated|
|rule|HP Percentage Mod: HP is shown in percentages
|rule|Endless Battle Clause: Forcing endless battles is banned
|rule|Species Clause: Limit one of each Pokémon
|rule|OHKO Clause: OHKO moves are banned
|rule|Evasion Items Clause: Evasion items are banned
|rule|Evasion Moves Clause: Evasion moves are banned
|rule|Evasion Abilities Clause: Evasion abilities are banned
|rule|Sleep Moves Clause: Sleep-inducing moves are banned
|clearpoke
|poke|p1|Corviknight, M|
|poke|p1|Ting-Lu|
|poke|p1|Kyurem|
|poke|p1|Dondozo, M|
|poke|p1|Slowking-Galar, F|
|poke|p1|Cinderace, M|
|poke|p2|Cramorant, F|
|poke|p2|Gallade, M|
|poke|p2|Kingambit, F|
|poke|p2|Iron Moth|
|poke|p2|Enamorus, F|
|poke|p2|Ogerpon-Cornerstone, F|
|teampreview
|inactive|Battle timer is ON: inactive players will automatically lose when time's up. (requested by Seelengrab)
|c|☆claudechamp|hf
|inactive|claudechamp also wants the timer to be on.
|
|t:|1779887693
|teamsize|p1|6
|teamsize|p2|6
|start
|switch|p1a: Cinderace|Cinderace, M|100/100
|switch|p2a: Cramorant|Cramorant, F, shiny|100/100
|turn|1
|
|t:|1779887703
|move|p1a: Cinderace|Pyro Ball|p2a: Cramorant
|-resisted|p2a: Cramorant
|-damage|p2a: Cramorant|52/100
|move|p2a: Cramorant|Tailwind|p2a: Cramorant
|-sidestart|p2: Seelengrab|move: Tailwind
|
|upkeep
|turn|2
|
|t:|1779887706
|move|p2a: Cramorant|Surf|p1a: Cinderace
|-formechange|p2a: Cramorant|Cramorant-Gulping|
|-supereffective|p1a: Cinderace
|-damage|p1a: Cinderace|15/100
|move|p1a: Cinderace|Pyro Ball|p2a: Cramorant
|-resisted|p2a: Cramorant
|-damage|p2a: Cramorant|0 fnt
|-damage|p1a: Cinderace|0 fnt|[from] ability: Gulp Missile|[of] p2a: Cramorant
|-formechange|p2a: Cramorant|Cramorant|
|faint|p2a: Cramorant
|faint|p1a: Cinderace
|
|upkeep
|
|t:|1779887716
|switch|p1a: Dondozo|Dondozo, M|100/100
|switch|p2a: Gallade|Gallade, M, shiny|100/100
|turn|3
|
|t:|1779887718
|move|p2a: Gallade|Swords Dance|p2a: Gallade
|-boost|p2a: Gallade|atk|2
|move|p1a: Dondozo|Body Press|p2a: Gallade
|-resisted|p2a: Gallade
|-damage|p2a: Gallade|82/100
|
|upkeep
|turn|4
|
|t:|1779887725
|move|p2a: Gallade|Sacred Sword|p1a: Dondozo
|-damage|p1a: Dondozo|58/100
|move|p1a: Dondozo|Waterfall|p2a: Gallade
|-damage|p2a: Gallade|30/100
|
|-heal|p1a: Dondozo|64/100|[from] item: Leftovers
|-sideend|p2: Seelengrab|move: Tailwind
|upkeep
|turn|5
|
|t:|1779887731
|move|p2a: Gallade|Sacred Sword|p1a: Dondozo
|-damage|p1a: Dondozo|24/100
|move|p1a: Dondozo|Waterfall|p2a: Gallade
|-damage|p2a: Gallade|0 fnt
|faint|p2a: Gallade
|
|-heal|p1a: Dondozo|30/100|[from] item: Leftovers
|upkeep
|
|t:|1779887738
|switch|p2a: Ogerpon|Ogerpon-Cornerstone, F|100/100
|turn|6
|
|t:|1779887741
|switch|p1a: Corviknight|Corviknight, M|100/100
|-ability|p1a: Corviknight|Pressure
|move|p2a: Ogerpon|Swords Dance|p2a: Ogerpon
|-boost|p2a: Ogerpon|atk|2
|
|upkeep
|turn|7
|
|t:|1779887749
|-terastallize|p2a: Ogerpon|Rock
|detailschange|p2a: Ogerpon|Ogerpon-Cornerstone-Tera, F, tera:Rock
|-ability|p2a: Ogerpon|Embody Aspect (Cornerstone)|boost
|-boost|p2a: Ogerpon|def|1
|move|p2a: Ogerpon|Ivy Cudgel|p1a: Corviknight|[anim] Ivy Cudgel Rock
|-damage|p1a: Corviknight|13/100
|move|p1a: Corviknight|U-turn|p2a: Ogerpon
|-damage|p2a: Ogerpon|89/100
|
|t:|1779887751
|switch|p1a: Kyurem|Kyurem|100/100|[from] U-turn
|-ability|p1a: Kyurem|Pressure
|
|upkeep
|turn|8
|
|t:|1779887758
|-terastallize|p1a: Kyurem|Ground
|move|p2a: Ogerpon|Ivy Cudgel|p1a: Kyurem|[anim] Ivy Cudgel Rock
|-resisted|p1a: Kyurem
|-damage|p1a: Kyurem|24/100
|move|p1a: Kyurem|Earth Power|p2a: Ogerpon
|-supereffective|p2a: Ogerpon
|-damage|p2a: Ogerpon|0 fnt
|faint|p2a: Ogerpon
|detailschange|p2: Ogerpon|Ogerpon-Cornerstone, F|[silent]
|
|-heal|p1a: Kyurem|30/100|[from] item: Leftovers
|upkeep
|
|t:|1779887767
|switch|p2a: Iron Moth|Iron Moth, shiny|100/100
|-enditem|p2a: Iron Moth|Booster Energy
|-activate|p2a: Iron Moth|ability: Quark Drive|[fromitem]
|-start|p2a: Iron Moth|quarkdrivespe
|turn|9
|
|t:|1779887771
|switch|p1a: Ting-Lu|Ting-Lu|100/100
|-ability|p1a: Ting-Lu|Vessel of Ruin
|move|p2a: Iron Moth|Fiery Dance|p1a: Ting-Lu
|-damage|p1a: Ting-Lu|82/100
|-boost|p2a: Iron Moth|spa|1
|
|-heal|p1a: Ting-Lu|89/100|[from] item: Leftovers
|upkeep
|turn|10
|
|t:|1779887782
|-end|p2a: Iron Moth|Quark Drive|[silent]
|switch|p2a: Enamorus|Enamorus, F, shiny|100/100
|move|p1a: Ting-Lu|Earthquake|p2a: Enamorus
|-immune|p2a: Enamorus
|
|-heal|p1a: Ting-Lu|95/100|[from] item: Leftovers
|upkeep
|turn|11
|
|t:|1779887785
|switch|p1a: Dondozo|Dondozo, M|30/100
|move|p2a: Enamorus|Superpower|p1a: Dondozo
|-damage|p1a: Dondozo|11/100
|-boost|p2a: Enamorus|atk|1
|-boost|p2a: Enamorus|def|1
|
|-heal|p1a: Dondozo|17/100|[from] item: Leftovers
|upkeep
|turn|12
|
|t:|1779887790
|move|p2a: Enamorus|Superpower|p1a: Dondozo
|-damage|p1a: Dondozo|0 fnt
|-boost|p2a: Enamorus|atk|1
|-boost|p2a: Enamorus|def|1
|faint|p1a: Dondozo
|
|upkeep
|
|t:|1779887793
|switch|p1a: Slowking|Slowking-Galar, F|100/100
|turn|13
|
|t:|1779887797
|move|p2a: Enamorus|Earth Power|p1a: Slowking
|-supereffective|p1a: Slowking
|-enditem|p1a: Slowking|Shuca Berry|[eat]
|-enditem|p1a: Slowking|Shuca Berry|[weaken]
|-damage|p1a: Slowking|74/100
|move|p1a: Slowking|Future Sight|p2a: Enamorus
|-start|p1a: Slowking|move: Future Sight
|
|upkeep
|turn|14
|
|t:|1779887803
|move|p2a: Enamorus|Earth Power|p1a: Slowking
|-supereffective|p1a: Slowking
|-damage|p1a: Slowking|27/100
|move|p1a: Slowking|Sludge Bomb|p2a: Enamorus
|-supereffective|p2a: Enamorus
|-damage|p2a: Enamorus|3/100
|
|upkeep
|turn|15
|
|t:|1779887807
|move|p2a: Enamorus|Earth Power|p1a: Slowking
|-supereffective|p1a: Slowking
|-damage|p1a: Slowking|0 fnt
|faint|p1a: Slowking
|
|-end|p2a: Enamorus|move: Future Sight
|-damage|p2a: Enamorus|0 fnt
|faint|p2a: Enamorus
|upkeep
|
|t:|1779887816
|switch|p2a: Iron Moth|Iron Moth, shiny|100/100
|switch|p1a: Ting-Lu|Ting-Lu|95/100
|-ability|p1a: Ting-Lu|Vessel of Ruin
|turn|16
|
|t:|1779887821
|move|p2a: Iron Moth|Dazzling Gleam|p1a: Ting-Lu
|-supereffective|p1a: Ting-Lu
|-damage|p1a: Ting-Lu|73/100
|move|p1a: Ting-Lu|Earthquake|p2a: Iron Moth
|-supereffective|p2a: Iron Moth
|-damage|p2a: Iron Moth|0 fnt
|faint|p2a: Iron Moth
|-end|p2a: Iron Moth|Quark Drive|[silent]
|
|-heal|p1a: Ting-Lu|79/100|[from] item: Leftovers
|upkeep
|
|t:|1779887823
|switch|p2a: Kingambit|Kingambit, F, shiny|100/100
|-activate|p2a: Kingambit|ability: Supreme Overlord
|-start|p2a: Kingambit|fallen5|[silent]
|turn|17
|
|t:|1779887828
|move|p2a: Kingambit|Low Kick|p1a: Ting-Lu
|-supereffective|p1a: Ting-Lu
|-damage|p1a: Ting-Lu|0 fnt
|faint|p1a: Ting-Lu
|-damage|p2a: Kingambit|91/100|[from] item: Life Orb
|
|upkeep
|
|t:|1779887837
|switch|p1a: Kyurem|Kyurem, tera:Ground|30/100
|-ability|p1a: Kyurem|Pressure
|turn|18
|
|t:|1779887845
|move|p2a: Kingambit|Sucker Punch|p1a: Kyurem
|-crit|p1a: Kyurem
|-damage|p1a: Kyurem|0 fnt
|faint|p1a: Kyurem
|-damage|p2a: Kingambit|81/100|[from] item: Life Orb
|
|upkeep
|
|t:|1779887847
|switch|p1a: Corviknight|Corviknight, M|13/100
|-ability|p1a: Corviknight|Pressure
|turn|19
|
|t:|1779887850
|move|p2a: Kingambit|Sucker Punch||[still]
|-fail|p2a: Kingambit
|move|p1a: Corviknight|Roost|p1a: Corviknight
|-heal|p1a: Corviknight|63/100
|-singleturn|p1a: Corviknight|move: Roost
|
|upkeep
|turn|20
|
|t:|1779887853
|move|p2a: Kingambit|Low Kick|p1a: Corviknight
|-damage|p1a: Corviknight|28/100
|-damage|p2a: Kingambit|64/100|[from] item: Rocky Helmet|[of] p1a: Corviknight
|-damage|p2a: Kingambit|54/100|[from] item: Life Orb
|move|p1a: Corviknight|Roost|p1a: Corviknight
|-heal|p1a: Corviknight|78/100
|-singleturn|p1a: Corviknight|move: Roost
|
|upkeep
|turn|21
|
|t:|1779887866
|move|p2a: Kingambit|Swords Dance|p2a: Kingambit
|-boost|p2a: Kingambit|atk|2
|move|p1a: Corviknight|Roost|p1a: Corviknight
|-heal|p1a: Corviknight|100/100
|-singleturn|p1a: Corviknight|move: Roost
|
|upkeep
|turn|22
|
|t:|1779887872
|move|p2a: Kingambit|Low Kick|p1a: Corviknight
|-damage|p1a: Corviknight|28/100
|-damage|p2a: Kingambit|37/100|[from] item: Rocky Helmet|[of] p1a: Corviknight
|-damage|p2a: Kingambit|27/100|[from] item: Life Orb
|move|p1a: Corviknight|U-turn|p2a: Kingambit
|-damage|p2a: Kingambit|16/100
|
|upkeep
|turn|23
|
|t:|1779887878
|move|p2a: Kingambit|Sucker Punch|p1a: Corviknight
|-damage|p1a: Corviknight|0 fnt
|-damage|p2a: Kingambit|0 fnt|[from] item: Rocky Helmet|[of] p1a: Corviknight
|faint|p1a: Corviknight
|faint|p2a: Kingambit
|-end|p2a: Kingambit|fallen5|[silent]
|
|win|Seelengrab
|raw|claudechamp's rating: 1230 &rarr; <strong>1211</strong><br />(-19 for losing)
|raw|Seelengrab's rating: 1309 &rarr; <strong>1325</strong><br />(+16 for winning)
|c|☆claudechamp|gg
|l|‽Seelengrab
|player|p2|
