|j|☆nrkjr45
|j|☆AsierX
|t:|1779817055
|gametype|singles
|player|p1|nrkjr45|volkner|1428
|player|p2|AsierX|skierf|1459
|gen|9
|tier|[Gen 9] OU
|rated|
|rule|HP Percentage Mod: HP is shown in percentages
|rule|Endless Battle Clause: Forcing endless battles is banned
|rule|Species Clause: Limit one of each Pokémon
|rule|OHKO Clause: OHKO moves are banned
|rule|Evasion Items Clause: Evasion items are banned
|rule|Evasion Moves Clause: Evasion moves are banned
|rule|Evasion Abilities Clause: Evasion abilities are banned
|rule|Sleep Moves Clause: Sleep-inducing moves are banned
|clearpoke
|poke|p1|Polteageist|
|poke|p1|Maushold-Four|
|poke|p1|Quaquaval, M|
|poke|p1|Comfey, F|
|poke|p1|Iron Moth|
|poke|p1|Garganacl, M|
|poke|p2|Moltres-Galar|
|poke|p2|Zapdos-Galar|
|poke|p2|Ogerpon-Wellspring, F|
|poke|p2|Iron Boulder|
|poke|p2|Sandy Shocks|
|poke|p2|Cinderace, F|
|teampreview
|
|t:|1779817060
|teamsize|p1|6
|teamsize|p2|6
|start
|switch|p1a: Polteageist|Polteageist|100/100
|switch|p2a: Here's the kicker|Cinderace, F|100/100
|turn|1
|inactive|Battle timer is ON: inactive players will automatically lose when time's up. (requested by nrkjr45)
|
|t:|1779817063
|move|p2a: Here's the kicker|Pyro Ball|p1a: Polteageist
|-damage|p1a: Polteageist|2/100
|-ability|p1a: Polteageist|Weak Armor|boost
|-unboost|p1a: Polteageist|def|1
|-boost|p1a: Polteageist|spe|2
|move|p1a: Polteageist|Shell Smash|p1a: Polteageist
|-unboost|p1a: Polteageist|def|1
|-unboost|p1a: Polteageist|spd|1
|-boost|p1a: Polteageist|atk|2
|-boost|p1a: Polteageist|spa|2
|-boost|p1a: Polteageist|spe|2
|
|upkeep
|turn|2
|
|t:|1779817069
|switch|p2a: 🔥I'm EVIL‼🔥|Moltres-Galar|100/100
|move|p1a: Polteageist|Stored Power|p2a: 🔥I'm EVIL‼🔥
|-immune|p2a: 🔥I'm EVIL‼🔥
|
|upkeep
|turn|3
|
|t:|1779817073
|move|p1a: Polteageist|Shadow Ball|p2a: 🔥I'm EVIL‼🔥
|-resisted|p2a: 🔥I'm EVIL‼🔥
|-damage|p2a: 🔥I'm EVIL‼🔥|62/100
|move|p2a: 🔥I'm EVIL‼🔥|Fiery Wrath|p1a: Polteageist
|-supereffective|p1a: Polteageist
|-damage|p1a: Polteageist|0 fnt
|faint|p1a: Polteageist
|
|upkeep
|
|t:|1779817078
|switch|p1a: Garganacl|Garganacl, M|100/100
|turn|4
|
|t:|1779817082
|switch|p2a: Birdbrain|Zapdos-Galar|100/100
|move|p1a: Garganacl|Salt Cure|p2a: Birdbrain
|-damage|p2a: Birdbrain|83/100
|-start|p2a: Birdbrain|Salt Cure
|
|-damage|p2a: Birdbrain|71/100|[from] Salt Cure
|upkeep
|turn|5
|
|t:|1779817092
|move|p2a: Birdbrain|Knock Off|p1a: Garganacl
|-damage|p1a: Garganacl|84/100
|-enditem|p1a: Garganacl|Leftovers|[from] move: Knock Off|[of] p2a: Birdbrain
|move|p1a: Garganacl|Body Press|p2a: Birdbrain
|-resisted|p2a: Birdbrain
|-damage|p2a: Birdbrain|53/100
|
|-damage|p2a: Birdbrain|40/100|[from] Salt Cure
|upkeep
|turn|6
|
|t:|1779817101
|move|p1a: Garganacl|Protect|p1a: Garganacl
|-singleturn|p1a: Garganacl|Protect
|move|p2a: Birdbrain|U-turn|p1a: Garganacl
|-activate|p1a: Garganacl|move: Protect
|
|-damage|p2a: Birdbrain|28/100|[from] Salt Cure
|upkeep
|turn|7
|
|t:|1779817106
|move|p2a: Birdbrain|Thunderous Kick|p1a: Garganacl
|-supereffective|p1a: Garganacl
|-damage|p1a: Garganacl|42/100
|-unboost|p1a: Garganacl|def|1
|move|p1a: Garganacl|Salt Cure|p2a: Birdbrain
|-damage|p2a: Birdbrain|12/100
|
|-damage|p2a: Birdbrain|0 fnt|[from] Salt Cure
|faint|p2a: Birdbrain
|upkeep
|
|t:|1779817109
|switch|p2a: Sandman|Sandy Shocks|100/100
|turn|8
|
|t:|1779817113
|move|p1a: Garganacl|Protect|p1a: Garganacl
|-singleturn|p1a: Garganacl|Protect
|move|p2a: Sandman|Iron Defense|p2a: Sandman
|-boost|p2a: Sandman|def|2
|
|upkeep
|turn|9
|
|t:|1779817117
|move|p2a: Sandman|Scorching Sands|p1a: Garganacl
|-supereffective|p1a: Garganacl
|-damage|p1a: Garganacl|0 fnt
|faint|p1a: Garganacl
|
|upkeep
|
|t:|1779817125
|switch|p1a: Comfey|Comfey, F|100/100
|turn|10
|
|t:|1779817130
|move|p2a: Sandman|Thunderbolt|p1a: Comfey
|-damage|p1a: Comfey|45/100
|-status|p1a: Comfey|par
|-enditem|p1a: Comfey|Lum Berry|[eat]
|-curestatus|p1a: Comfey|par|[msg]
|move|p1a: Comfey|Calm Mind|p1a: Comfey
|-boost|p1a: Comfey|spa|1
|-boost|p1a: Comfey|spd|1
|
|upkeep
|turn|11
|
|t:|1779817142
|move|p2a: Sandman|Thunderbolt|p1a: Comfey
|-damage|p1a: Comfey|9/100
|move|p1a: Comfey|Calm Mind|p1a: Comfey
|-boost|p1a: Comfey|spa|1
|-boost|p1a: Comfey|spd|1
|
|upkeep
|turn|12
|
|t:|1779817147
|move|p1a: Comfey|Giga Drain|p2a: Sandman
|-supereffective|p2a: Sandman
|-damage|p2a: Sandman|0 fnt
|-heal|p1a: Comfey|73/100|[from] drain|[of] p2a: Sandman
|faint|p2a: Sandman
|-end|p2a: Sandman|Protosynthesis|[silent]
|
|upkeep
|
|t:|1779817151
|switch|p2a: Here's the kicker|Cinderace, F|100/100
|turn|13
|
|t:|1779817163
|-terastallize|p1a: Comfey|Steel
|move|p2a: Here's the kicker|Pyro Ball|p1a: Comfey
|-supereffective|p1a: Comfey
|-damage|p1a: Comfey|0 fnt
|faint|p1a: Comfey
|
|upkeep
|
|t:|1779817169
|switch|p1a: Quaquaval|Quaquaval, M|100/100
|turn|14
|
|t:|1779817173
|move|p2a: Here's the kicker|High Jump Kick|p1a: Quaquaval
|-start|p2a: Here's the kicker|typechange|Fighting|[from] ability: Libero
|-damage|p1a: Quaquaval|18/100
|move|p1a: Quaquaval|Close Combat|p2a: Here's the kicker
|-damage|p2a: Here's the kicker|10/100
|-unboost|p1a: Quaquaval|def|1
|-unboost|p1a: Quaquaval|spd|1
|
|upkeep
|turn|15
|
|t:|1779817179
|move|p2a: Here's the kicker|U-turn|p1a: Quaquaval
|-resisted|p1a: Quaquaval
|-damage|p1a: Quaquaval|0 fnt
|faint|p1a: Quaquaval
|
|t:|1779817183
|switch|p2a: Battering Ram|Iron Boulder|100/100|[from] U-turn
|-enditem|p2a: Battering Ram|Booster Energy
|-activate|p2a: Battering Ram|ability: Quark Drive|[fromitem]
|-start|p2a: Battering Ram|quarkdrivespe
|
|upkeep
|
|t:|1779817191
|switch|p1a: Maushold|Maushold-Four|100/100
|turn|16
|
|t:|1779817195
|move|p2a: Battering Ram|Mighty Cleave|p1a: Maushold
|-damage|p1a: Maushold|26/100
|move|p1a: Maushold|Tidy Up|p1a: Maushold
|-boost|p1a: Maushold|atk|1
|-boost|p1a: Maushold|spe|1
|
|upkeep
|turn|17
|
|t:|1779817202
|move|p2a: Battering Ram|Mighty Cleave|p1a: Maushold
|-damage|p1a: Maushold|0 fnt
|faint|p1a: Maushold
|
|upkeep
|
|t:|1779817204
|switch|p1a: Iron Moth|Iron Moth|100/100
|-enditem|p1a: Iron Moth|Booster Energy
|-activate|p1a: Iron Moth|ability: Quark Drive|[fromitem]
|-start|p1a: Iron Moth|quarkdrivespe
|turn|18
|
|t:|1779817207
|move|p2a: Battering Ram|Mighty Cleave|p1a: Iron Moth
|-supereffective|p1a: Iron Moth
|-damage|p1a: Iron Moth|0 fnt
|faint|p1a: Iron Moth
|-end|p1a: Iron Moth|Quark Drive|[silent]
|
|win|AsierX
|raw|nrkjr45's rating: 1428 &rarr; <strong>1410</strong><br />(-18 for losing)
|raw|AsierX's rating: 1459 &rarr; <strong>1477</strong><br />(+18 for winning)
|l|☆nrkjr45
|player|p1|
|l|☆AsierX
|player|p2|
