|j|☆metallettuce52
|j|☆billmhar
|t:|1779888380
|gametype|singles
|player|p1|metallettuce52|elesa|1114
|player|p2|billmhar|170|1174
|gen|9
|tier|[Gen 9] OU
|rated|
|rule|HP Percentage Mod: HP is shown in percentages
|rule|Endless Battle Clause: Forcing endless battles is banned
|rule|Species Clause: Limit one of each Pokémon
|rule|OHKO Clause: OHKO moves are banned
|rule|Evasion Items Clause: Evasion items are banned
|rule|Evasion Moves Clause: Evasion moves are banned
|rule|Evasion Abilities Clause: Evasion abilities are banned
|rule|Sleep Moves Clause: Sleep-inducing moves are banned
|clearpoke
|poke|p1|Serperior, M|
|poke|p1|Arcanine-Hisui, M|
|poke|p1|Gliscor, F|
|poke|p1|Clefable, M|
|poke|p1|Ursaluna, M|
|poke|p1|Blastoise, F|
|poke|p2|Lokix, M|
|poke|p2|Arboliva, M|
|poke|p2|Garchomp, F|
|poke|p2|Regieleki|
|poke|p2|Pincurchin, M|
|poke|p2|Zoroark-Hisui, F|
|teampreview
|inactive|Battle timer is ON: inactive players will automatically lose when time's up. (requested by metallettuce52)
|
|t:|1779888409
|teamsize|p1|6
|teamsize|p2|6
|start
|switch|p1a: Freddy Fazzy|Ursaluna, M|100/100
|switch|p2a: Lokix|Lokix, M|100/100
|turn|1
|
|t:|1779888420
|move|p2a: Lokix|Trick|p1a: Freddy Fazzy
|-activate|p2a: Lokix|move: Trick|[of] p1a: Freddy Fazzy
|-item|p1a: Freddy Fazzy|Ring Target|[from] move: Trick
|-item|p2a: Lokix|Flame Orb|[from] move: Trick
|move|p1a: Freddy Fazzy|Bulk Up|p1a: Freddy Fazzy
|-boost|p1a: Freddy Fazzy|atk|1
|-boost|p1a: Freddy Fazzy|def|1
|
|-status|p2a: Lokix|brn|[from] item: Flame Orb
|upkeep
|turn|2
|
|t:|1779888432
|move|p2a: Lokix|Hyper Voice|p1a: Freddy Fazzy
|-damage|p1a: Freddy Fazzy|58/100
|move|p1a: Freddy Fazzy|Bulk Up|p1a: Freddy Fazzy
|-boost|p1a: Freddy Fazzy|atk|1
|-boost|p1a: Freddy Fazzy|def|1
|
|-damage|p2a: Lokix|95/100 brn|[from] brn
|upkeep
|turn|3
|
|t:|1779888441
|move|p2a: Lokix|Hyper Voice|p1a: Freddy Fazzy
|-damage|p1a: Freddy Fazzy|15/100
|move|p1a: Freddy Fazzy|Trailblaze|p2a: Lokix
|-damage|p2a: Lokix|25/100 brn
|-boost|p1a: Freddy Fazzy|spe|1
|replace|p2a: Zoroark|Zoroark-Hisui, F
|-end|p2a: Zoroark|Illusion
|
|-damage|p2a: Zoroark|19/100 brn|[from] brn
|upkeep
|turn|4
|
|t:|1779888454
|move|p2a: Zoroark|Hyper Voice|p1a: Freddy Fazzy
|-damage|p1a: Freddy Fazzy|0 fnt
|faint|p1a: Freddy Fazzy
|
|-damage|p2a: Zoroark|13/100 brn|[from] brn
|upkeep
|
|t:|1779888458
|switch|p1a: Annoying Orange|Gliscor, F|100/100
|turn|5
|
|t:|1779888466
|move|p1a: Annoying Orange|Protect|p1a: Annoying Orange
|-singleturn|p1a: Annoying Orange|Protect
|move|p2a: Zoroark|Hyper Voice|p1a: Annoying Orange
|-activate|p1a: Annoying Orange|move: Protect
|
|-damage|p2a: Zoroark|7/100 brn|[from] brn
|-status|p1a: Annoying Orange|tox|[from] item: Toxic Orb
|upkeep
|turn|6
|
|t:|1779888477
|move|p2a: Zoroark|Hyper Voice|p1a: Annoying Orange
|-damage|p1a: Annoying Orange|33/100 tox
|move|p1a: Annoying Orange|Stealth Rock|p2a: Zoroark
|-sidestart|p2: billmhar|move: Stealth Rock
|
|-heal|p1a: Annoying Orange|46/100 tox|[from] ability: Poison Heal
|-damage|p2a: Zoroark|1/100 brn|[from] brn
|upkeep
|turn|7
|
|t:|1779888488
|move|p1a: Annoying Orange|Protect|p1a: Annoying Orange
|-singleturn|p1a: Annoying Orange|Protect
|move|p2a: Zoroark|Hyper Voice|p1a: Annoying Orange
|-activate|p1a: Annoying Orange|move: Protect
|
|-heal|p1a: Annoying Orange|58/100 tox|[from] ability: Poison Heal
|-damage|p2a: Zoroark|0 fnt|[from] brn
|faint|p2a: Zoroark
|upkeep
|
|t:|1779888504
|switch|p2a: Arboliva|Arboliva, M|100/100
|-damage|p2a: Arboliva|88/100|[from] Stealth Rock
|turn|8
|
|t:|1779888510
|move|p1a: Annoying Orange|Dual Wingbeat|p2a: Arboliva|[miss]
|-miss|p1a: Annoying Orange|p2a: Arboliva
|move|p2a: Arboliva|Leech Seed|p1a: Annoying Orange
|-start|p1a: Annoying Orange|move: Leech Seed
|
|-damage|p1a: Annoying Orange|46/100 tox|[from] Leech Seed|[of] p2a: Arboliva
|-heal|p2a: Arboliva|98/100|[silent]
|-heal|p1a: Annoying Orange|58/100 tox|[from] ability: Poison Heal
|upkeep
|turn|9
|
|t:|1779888522
|move|p1a: Annoying Orange|Dual Wingbeat|p2a: Arboliva
|-supereffective|p2a: Arboliva
|-damage|p2a: Arboliva|65/100
|-supereffective|p2a: Arboliva
|-damage|p2a: Arboliva|31/100
|-enditem|p2a: Arboliva|Sitrus Berry|[eat]
|-heal|p2a: Arboliva|56/100|[from] item: Sitrus Berry
|-hitcount|p2a: Arboliva|2
|move|p2a: Arboliva|Energy Ball|p1a: Annoying Orange
|-damage|p1a: Annoying Orange|7/100 tox
|
|-damage|p1a: Annoying Orange|0 fnt|[from] Leech Seed|[of] p2a: Arboliva
|-heal|p2a: Arboliva|61/100|[silent]
|faint|p1a: Annoying Orange
|upkeep
|
|t:|1779888535
|switch|p1a: Doug|Arcanine-Hisui, M|100/100
|turn|10
|
|t:|1779888541
|move|p1a: Doug|Flare Blitz|p2a: Arboliva
|-supereffective|p2a: Arboliva
|-damage|p2a: Arboliva|0 fnt
|faint|p2a: Arboliva
|
|upkeep
|
|t:|1779888547
|switch|p2a: Pincurchin|Pincurchin, M|100/100
|-damage|p2a: Pincurchin|88/100|[from] Stealth Rock
|-fieldstart|move: Electric Terrain|[from] ability: Electric Surge|[of] p2a: Pincurchin
|turn|11
|
|t:|1779888555
|move|p1a: Doug|Flare Blitz|p2a: Pincurchin
|-damage|p2a: Pincurchin|17/100
|-enditem|p2a: Pincurchin|Sitrus Berry|[eat]
|-heal|p2a: Pincurchin|42/100|[from] item: Sitrus Berry
|move|p2a: Pincurchin|Memento|p1a: Doug
|-unboost|p1a: Doug|atk|2
|-unboost|p1a: Doug|spa|2
|faint|p2a: Pincurchin
|
|upkeep
|
|t:|1779888565
|switch|p2a: Regieleki|Regieleki|100/100
|-damage|p2a: Regieleki|88/100|[from] Stealth Rock
|turn|12
|
|t:|1779888570
|switch|p1a: Soup|Serperior, M|100/100
|move|p2a: Regieleki|Zap Cannon|p1a: Soup|[miss]
|-miss|p2a: Regieleki|p1a: Soup
|-enditem|p2a: Regieleki|Blunder Policy
|-boost|p2a: Regieleki|spe|2
|
|upkeep
|turn|13
|
|t:|1779888582
|-terastallize|p2a: Regieleki|Electric
|move|p2a: Regieleki|Electro Ball|p1a: Soup
|-resisted|p1a: Soup
|-damage|p1a: Soup|67/100
|move|p1a: Soup|Leaf Storm|p2a: Regieleki
|-damage|p2a: Regieleki|2/100
|-boost|p1a: Soup|spa|2
|
|upkeep
|turn|14
|
|t:|1779888593
|move|p2a: Regieleki|Electro Ball|p1a: Soup
|-resisted|p1a: Soup
|-damage|p1a: Soup|31/100
|move|p1a: Soup|Giga Drain|p2a: Regieleki
|-damage|p2a: Regieleki|0 fnt
|-heal|p1a: Soup|32/100|[from] drain|[of] p2a: Regieleki
|faint|p2a: Regieleki
|
|upkeep
|
|t:|1779888602
|switch|p2a: Lokix|Lokix, M|100/100
|-damage|p2a: Lokix|75/100|[from] Stealth Rock
|turn|15
|
|t:|1779888613
|move|p2a: Lokix|First Impression|p1a: Soup
|-supereffective|p1a: Soup
|-damage|p1a: Soup|0 fnt
|faint|p1a: Soup
|-damage|p2a: Lokix|66/100|[from] item: Life Orb
|
|-fieldend|move: Electric Terrain
|upkeep
|
|t:|1779888618
|switch|p1a: Doug|Arcanine-Hisui, M|100/100
|turn|16
|
|t:|1779888626
|move|p1a: Doug|Head Smash|p2a: Lokix
|-supereffective|p2a: Lokix
|-damage|p2a: Lokix|0 fnt
|faint|p2a: Lokix
|
|upkeep
|-message|billmhar forfeited.
|
|win|metallettuce52
|raw|metallettuce52's rating: 1114 &rarr; <strong>1143</strong><br />(+29 for winning)
|raw|billmhar's rating: 1174 &rarr; <strong>1145</strong><br />(-29 for losing)
|l|☆billmhar
|player|p2|
|l|☆metallettuce52
|player|p1|
