|j|☆Dragavian NTK
|j|☆noomvoom
|t:|1779893237
|gametype|singles
|player|p1|Dragavian NTK|skierf|1405
|player|p2|noomvoom|bugcatcher-gen4dp|1425
|gen|9
|tier|[Gen 9] OU
|rated|
|rule|HP Percentage Mod: HP is shown in percentages
|rule|Endless Battle Clause: Forcing endless battles is banned
|rule|Species Clause: Limit one of each Pokémon
|rule|OHKO Clause: OHKO moves are banned
|rule|Evasion Items Clause: Evasion items are banned
|rule|Evasion Moves Clause: Evasion moves are banned
|rule|Evasion Abilities Clause: Evasion abilities are banned
|rule|Sleep Moves Clause: Sleep-inducing moves are banned
|clearpoke
|poke|p1|Dragonite, M|
|poke|p1|Dragapult, F|
|poke|p1|Scizor, M|
|poke|p1|Cresselia, F|
|poke|p1|Heatran, M|
|poke|p1|Ogerpon-Wellspring, F|
|poke|p2|Zamazenta-*|
|poke|p2|Gliscor, M|
|poke|p2|Clefable, F|
|poke|p2|Forretress, M|
|poke|p2|Ogerpon-Wellspring, F|
|poke|p2|Iron Moth|
|teampreview
|inactive|Battle timer is ON: inactive players will automatically lose when time's up. (requested by noomvoom)
|inactive|Dragavian NTK also wants the timer to be on.
|
|t:|1779893256
|teamsize|p1|6
|teamsize|p2|6
|start
|switch|p1a: Dragapult|Dragapult, F|100/100
|switch|p2a: Forretress|Forretress, M|100/100
|turn|1
|
|t:|1779893274
|move|p1a: Dragapult|Flamethrower|p2a: Forretress
|-supereffective|p2a: Forretress
|-ability|p2a: Forretress|Sturdy
|-damage|p2a: Forretress|1/100
|move|p2a: Forretress|Spikes|p1a: Dragapult
|-sidestart|p1: Dragavian NTK|Spikes
|
|-heal|p2a: Forretress|7/100|[from] item: Leftovers
|upkeep
|turn|2
|
|t:|1779893289
|switch|p2a: Clefable|Clefable, F|100/100
|move|p1a: Dragapult|Flamethrower|p2a: Clefable
|-damage|p2a: Clefable|68/100
|
|-heal|p2a: Clefable|74/100|[from] item: Leftovers
|upkeep
|turn|3
|
|t:|1779893303
|switch|p1a: Scizor|Scizor, M|100/100
|-damage|p1a: Scizor|88/100|[from] Spikes
|move|p2a: Clefable|Knock Off|p1a: Scizor
|-damage|p1a: Scizor|72/100
|-enditem|p1a: Scizor|Leftovers|[from] move: Knock Off|[of] p2a: Clefable
|
|-heal|p2a: Clefable|80/100|[from] item: Leftovers
|upkeep
|turn|4
|
|t:|1779893323
|switch|p2a: Forretress|Forretress, M|7/100
|move|p1a: Scizor|Defog|p2a: Forretress
|-unboost|p2a: Forretress|evasion|1
|-sideend|p1: Dragavian NTK|Spikes|[from] move: Defog|[of] p1a: Scizor
|
|-heal|p2a: Forretress|13/100|[from] item: Leftovers
|upkeep
|turn|5
|
|t:|1779893336
|move|p1a: Scizor|Bullet Punch|p2a: Forretress
|-resisted|p2a: Forretress
|-damage|p2a: Forretress|3/100
|move|p2a: Forretress|Spikes|p1a: Scizor
|-sidestart|p1: Dragavian NTK|Spikes
|
|-heal|p2a: Forretress|9/100|[from] item: Leftovers
|upkeep
|turn|6
|
|t:|1779893349
|move|p1a: Scizor|Knock Off|p2a: Forretress
|-damage|p2a: Forretress|0 fnt
|-enditem|p2a: Forretress|Leftovers|[from] move: Knock Off|[of] p1a: Scizor
|faint|p2a: Forretress
|
|upkeep
|
|t:|1779893353
|switch|p2a: Iron Moth|Iron Moth|100/100
|-enditem|p2a: Iron Moth|Booster Energy
|-activate|p2a: Iron Moth|ability: Quark Drive|[fromitem]
|-start|p2a: Iron Moth|quarkdrivespe
|turn|7
|
|t:|1779893361
|switch|p1a: Heatran|Heatran, M|100/100
|-item|p1a: Heatran|Air Balloon
|move|p2a: Iron Moth|Fiery Dance|p1a: Heatran
|-start|p1a: Heatran|ability: Flash Fire
|
|upkeep
|turn|8
|
|t:|1779893374
|-end|p2a: Iron Moth|Quark Drive|[silent]
|switch|p2a: Ogerpon|Ogerpon-Wellspring, F|100/100
|move|p1a: Heatran|Stealth Rock|p2a: Ogerpon
|-sidestart|p2: noomvoom|move: Stealth Rock
|
|upkeep
|turn|9
|
|t:|1779893380
|-end|p1a: Heatran|ability: Flash Fire|[silent]
|switch|p1a: Dragapult|Dragapult, F|100/100
|-damage|p1a: Dragapult|88/100|[from] Spikes
|move|p2a: Ogerpon|Ivy Cudgel|p1a: Dragapult|[anim] Ivy Cudgel Water
|-resisted|p1a: Dragapult
|-damage|p1a: Dragapult|40/100
|
|upkeep
|turn|10
|
|t:|1779893405
|switch|p2a: Clefable|Clefable, F|80/100
|move|p1a: Dragapult|Draco Meteor|p2a: Clefable
|-immune|p2a: Clefable
|
|-heal|p2a: Clefable|86/100|[from] item: Leftovers
|upkeep
|turn|11
|
|t:|1779893414
|switch|p1a: Ogerpon|Ogerpon-Wellspring, F|100/100
|-damage|p1a: Ogerpon|88/100|[from] Spikes
|move|p2a: Clefable|Wish|p2a: Clefable
|
|-heal|p2a: Clefable|92/100|[from] item: Leftovers
|upkeep
|turn|12
|
|t:|1779893428
|switch|p2a: Zamazenta|Zamazenta|100/100
|-ability|p2a: Zamazenta|Dauntless Shield|boost
|-boost|p2a: Zamazenta|def|1
|move|p1a: Ogerpon|Encore||[still]
|-fail|p1a: Ogerpon
|
|upkeep
|turn|13
|
|t:|1779893439
|move|p2a: Zamazenta|Crunch|p1a: Ogerpon
|-damage|p1a: Ogerpon|60/100
|move|p1a: Ogerpon|Wood Hammer|p2a: Zamazenta
|-damage|p2a: Zamazenta|60/100
|-damage|p1a: Ogerpon|43/100|[from] Recoil
|
|upkeep
|turn|14
|
|t:|1779893445
|move|p2a: Zamazenta|Body Press|p1a: Ogerpon
|-damage|p1a: Ogerpon|0 fnt
|faint|p1a: Ogerpon
|
|upkeep
|
|t:|1779893449
|switch|p1a: Dragapult|Dragapult, F|40/100
|-damage|p1a: Dragapult|28/100|[from] Spikes
|turn|15
|
|t:|1779893452
|switch|p2a: Clefable|Clefable, F|92/100
|move|p1a: Dragapult|Draco Meteor|p2a: Clefable
|-immune|p2a: Clefable
|
|-heal|p2a: Clefable|98/100|[from] item: Leftovers
|upkeep
|turn|16
|
|t:|1779893456
|switch|p1a: Scizor|Scizor, M|72/100
|-damage|p1a: Scizor|59/100|[from] Spikes
|move|p2a: Clefable|Wish|p2a: Clefable
|
|-heal|p2a: Clefable|100/100|[from] item: Leftovers
|upkeep
|turn|17
|
|t:|1779893464
|switch|p2a: Zamazenta|Zamazenta|60/100
|move|p1a: Scizor|Knock Off|p2a: Zamazenta
|-resisted|p2a: Zamazenta
|-damage|p2a: Zamazenta|44/100
|-enditem|p2a: Zamazenta|Heavy-Duty Boots|[from] move: Knock Off|[of] p1a: Scizor
|
|-heal|p2a: Zamazenta|97/100|[from] move: Wish|[wisher] Clefable
|upkeep
|turn|18
|
|t:|1779893481
|move|p2a: Zamazenta|Iron Defense|p2a: Zamazenta
|-boost|p2a: Zamazenta|def|2
|move|p1a: Scizor|Defog|p2a: Zamazenta
|-unboost|p2a: Zamazenta|evasion|1
|-sideend|p2: noomvoom|Stealth Rock|[from] move: Defog|[of] p1a: Scizor
|-sideend|p1: Dragavian NTK|Spikes|[from] move: Defog|[of] p1a: Scizor
|
|upkeep
|turn|19
|
|t:|1779893486
|move|p2a: Zamazenta|Body Press|p1a: Scizor
|-damage|p1a: Scizor|1/100
|move|p1a: Scizor|U-turn|p2a: Zamazenta
|-resisted|p2a: Zamazenta
|-crit|p2a: Zamazenta
|-damage|p2a: Zamazenta|74/100
|
|t:|1779893492
|switch|p1a: Dragapult|Dragapult, F|28/100|[from] U-turn
|
|upkeep
|turn|20
|
|t:|1779893496
|move|p2a: Zamazenta|Crunch|p1a: Dragapult
|-supereffective|p1a: Dragapult
|-damage|p1a: Dragapult|0 fnt
|faint|p1a: Dragapult
|
|upkeep
|
|t:|1779893505
|switch|p1a: Cresselia|Cresselia, F|100/100
|turn|21
|
|t:|1779893514
|switch|p2a: Clefable|Clefable, F|100/100
|-terastallize|p1a: Cresselia|Poison
|move|p1a: Cresselia|Calm Mind|p1a: Cresselia
|-boost|p1a: Cresselia|spa|1
|-boost|p1a: Cresselia|spd|1
|
|upkeep
|turn|22
|
|t:|1779893526
|move|p1a: Cresselia|Calm Mind|p1a: Cresselia
|-boost|p1a: Cresselia|spa|1
|-boost|p1a: Cresselia|spd|1
|move|p2a: Clefable|Knock Off|p1a: Cresselia
|-damage|p1a: Cresselia|92/100
|-enditem|p1a: Cresselia|Covert Cloak|[from] move: Knock Off|[of] p2a: Clefable
|
|upkeep
|turn|23
|
|t:|1779893537
|switch|p2a: Gliscor|Gliscor, M|100/100
|move|p1a: Cresselia|Calm Mind|p1a: Cresselia
|-boost|p1a: Cresselia|spa|1
|-boost|p1a: Cresselia|spd|1
|
|-status|p2a: Gliscor|tox|[from] item: Toxic Orb
|upkeep
|turn|24
|-message|noomvoom forfeited.
|
|win|Dragavian NTK
|raw|Dragavian NTK's rating: 1405 &rarr; <strong>1426</strong><br />(+21 for winning)
|raw|noomvoom's rating: 1425 &rarr; <strong>1404</strong><br />(-21 for losing)
|l|☆noomvoom
|player|p2|
|l|☆Dragavian NTK
|player|p1|
