|j|☆SnowmanWithAnAK
|j|☆zermoon
|t:|1779894148
|gametype|singles
|player|p1|SnowmanWithAnAK|plasmagrunt|1320
|player|p2|zermoon|265|1267
|gen|9
|tier|[Gen 9] OU
|rated|
|rule|HP Percentage Mod: HP is shown in percentages
|rule|Endless Battle Clause: Forcing endless battles is banned
|rule|Species Clause: Limit one of each Pokémon
|rule|OHKO Clause: OHKO moves are banned
|rule|Evasion Items Clause: Evasion items are banned
|rule|Evasion Moves Clause: Evasion moves are banned
|rule|Evasion Abilities Clause: Evasion abilities are banned
|rule|Sleep Moves Clause: Sleep-inducing moves are banned
|clearpoke
|poke|p1|Ribombee, F|
|poke|p1|Ninetales-Alola, F|
|poke|p1|Darkrai|
|poke|p1|Glimmora, F|
|poke|p1|Ogerpon-Wellspring, F|
|poke|p1|Gholdengo|
|poke|p2|Primarina, M|
|poke|p2|Ceruledge, M|
|poke|p2|Hydrapple, M|
|poke|p2|Gallade, M|
|poke|p2|Gligar, M|
|poke|p2|Kingambit, M|
|teampreview
|
|t:|1779894162
|teamsize|p1|6
|teamsize|p2|6
|start
|switch|p1a: Gholdengo|Gholdengo|100/100
|switch|p2a: Primarina|Primarina, M|100/100
|turn|1
|
|t:|1779894172
|move|p1a: Gholdengo|Trick|p2a: Primarina
|-activate|p1a: Gholdengo|move: Trick|[of] p2a: Primarina
|-item|p2a: Primarina|Choice Specs|[from] move: Trick
|-item|p1a: Gholdengo|Assault Vest|[from] move: Trick
|move|p2a: Primarina|Surf|p1a: Gholdengo
|-damage|p1a: Gholdengo|45/100
|
|upkeep
|turn|2
|
|t:|1779894180
|switch|p1a: Ogerpon|Ogerpon-Wellspring, F|100/100
|move|p2a: Primarina|Surf|p1a: Ogerpon
|-immune|p1a: Ogerpon|[from] ability: Water Absorb
|
|upkeep
|turn|3
|
|t:|1779894190
|switch|p2a: Hydrapple|Hydrapple, M|100/100
|move|p1a: Ogerpon|Swords Dance|p1a: Ogerpon
|-boost|p1a: Ogerpon|atk|2
|
|upkeep
|turn|4
|
|t:|1779894199
|move|p1a: Ogerpon|U-turn|p2a: Hydrapple
|-supereffective|p2a: Hydrapple
|-damage|p2a: Hydrapple|2/100
|-damage|p1a: Ogerpon|84/100|[from] item: Rocky Helmet|[of] p2a: Hydrapple
|
|t:|1779894202
|switch|p1a: Ninetales|Ninetales-Alola, F|100/100|[from] U-turn
|-weather|Snowscape|[from] ability: Snow Warning|[of] p1a: Ninetales
|move|p2a: Hydrapple|Fickle Beam|p1a: Ninetales
|-immune|p1a: Ninetales
|
|-weather|Snowscape|[upkeep]
|upkeep
|turn|5
|
|t:|1779894223
|switch|p2a: Gligar|Gligar, M, shiny|100/100
|move|p1a: Ninetales|Aurora Veil|p1a: Ninetales
|-sidestart|p1: SnowmanWithAnAK|move: Aurora Veil
|
|-weather|Snowscape|[upkeep]
|upkeep
|turn|6
|
|t:|1779894231
|move|p1a: Ninetales|Blizzard|p2a: Gligar
|-supereffective|p2a: Gligar
|-damage|p2a: Gligar|25/100
|-status|p2a: Gligar|frz
|cant|p2a: Gligar|frz
|
|-weather|Snowscape|[upkeep]
|upkeep
|turn|7
|
|t:|1779894241
|move|p1a: Ninetales|Blizzard|p2a: Gligar
|-supereffective|p2a: Gligar
|-damage|p2a: Gligar|0 fnt
|faint|p2a: Gligar
|
|-weather|Snowscape|[upkeep]
|upkeep
|
|t:|1779894248
|switch|p2a: Kingambit|Kingambit, M|100/100
|-activate|p2a: Kingambit|ability: Supreme Overlord
|-start|p2a: Kingambit|fallen1|[silent]
|turn|8
|
|t:|1779894256
|switch|p1a: Glimmora|Glimmora, F|100/100
|move|p2a: Kingambit|Iron Head|p1a: Glimmora
|-supereffective|p1a: Glimmora
|-damage|p1a: Glimmora|23/100
|-activate|p1a: Glimmora|ability: Toxic Debris
|-sidestart|p2: zermoon|move: Toxic Spikes
|
|-weather|none
|-heal|p1a: Glimmora|29/100|[from] item: Leftovers
|upkeep
|turn|9
|
|t:|1779894267
|move|p1a: Glimmora|Stealth Rock|p2a: Kingambit
|-sidestart|p2: zermoon|move: Stealth Rock
|move|p2a: Kingambit|Iron Head|p1a: Glimmora
|-supereffective|p1a: Glimmora
|-damage|p1a: Glimmora|0 fnt
|-activate|p1a: Glimmora|ability: Toxic Debris
|-sidestart|p2: zermoon|move: Toxic Spikes
|faint|p1a: Glimmora
|
|upkeep
|
|t:|1779894274
|switch|p1a: Ogerpon|Ogerpon-Wellspring, F|84/100
|turn|10
|
|t:|1779894282
|move|p1a: Ogerpon|Swords Dance|p1a: Ogerpon
|-boost|p1a: Ogerpon|atk|2
|move|p2a: Kingambit|Iron Head|p1a: Ogerpon
|-resisted|p1a: Ogerpon
|-damage|p1a: Ogerpon|57/100
|
|upkeep
|turn|11
|
|t:|1779894289
|move|p1a: Ogerpon|Ivy Cudgel|p2a: Kingambit|[anim] Ivy Cudgel Water
|-damage|p2a: Kingambit|3/100
|move|p2a: Kingambit|Iron Head|p1a: Ogerpon
|-resisted|p1a: Ogerpon
|-damage|p1a: Ogerpon|32/100
|
|upkeep
|turn|12
|
|t:|1779894298
|move|p1a: Ogerpon|Knock Off|p2a: Kingambit
|-resisted|p2a: Kingambit
|-damage|p2a: Kingambit|0 fnt
|-enditem|p2a: Kingambit|Choice Band|[from] move: Knock Off|[of] p1a: Ogerpon
|faint|p2a: Kingambit
|-end|p2a: Kingambit|fallen1|[silent]
|
|-sideend|p1: SnowmanWithAnAK|move: Aurora Veil
|upkeep
|
|t:|1779894307
|switch|p2a: Gallade|Gallade, M|100/100
|-status|p2a: Gallade|tox
|-damage|p2a: Gallade|94/100 tox|[from] Stealth Rock
|turn|13
|
|t:|1779894336
|move|p2a: Gallade|Psycho Cut|p1a: Ogerpon
|-damage|p1a: Ogerpon|0 fnt
|faint|p1a: Ogerpon
|
|-damage|p2a: Gallade|88/100 tox|[from] psn
|upkeep
|
|t:|1779894339
|switch|p1a: Darkrai|Darkrai|100/100
|turn|14
|
|t:|1779894353
|switch|p2a: Primarina|Primarina, M|100/100
|-status|p2a: Primarina|tox
|-damage|p2a: Primarina|88/100 tox|[from] Stealth Rock
|move|p1a: Darkrai|Substitute|p1a: Darkrai
|-start|p1a: Darkrai|Substitute
|-damage|p1a: Darkrai|76/100
|
|-heal|p1a: Darkrai|82/100|[from] item: Leftovers
|-damage|p2a: Primarina|82/100 tox|[from] psn
|upkeep
|turn|15
|
|t:|1779894368
|move|p1a: Darkrai|Nasty Plot|p1a: Darkrai
|-boost|p1a: Darkrai|spa|2
|move|p2a: Primarina|Moonblast|p1a: Darkrai
|-supereffective|p1a: Darkrai
|-end|p1a: Darkrai|Substitute
|
|-heal|p1a: Darkrai|88/100|[from] item: Leftovers
|-damage|p2a: Primarina|70/100 tox|[from] psn
|upkeep
|turn|16
|
|t:|1779894379
|move|p1a: Darkrai|Sludge Bomb|p2a: Primarina
|-supereffective|p2a: Primarina
|-damage|p2a: Primarina|0 fnt
|faint|p2a: Primarina
|
|-heal|p1a: Darkrai|94/100|[from] item: Leftovers
|upkeep
|
|t:|1779894387
|switch|p2a: Gallade|Gallade, M|88/100 tox
|-damage|p2a: Gallade|82/100 tox|[from] Stealth Rock
|turn|17
|
|t:|1779894393
|switch|p1a: Gholdengo|Gholdengo|45/100
|move|p2a: Gallade|Sacred Sword|p1a: Gholdengo
|-immune|p1a: Gholdengo
|
|-damage|p2a: Gallade|76/100 tox|[from] psn
|upkeep
|turn|18
|
|t:|1779894403
|switch|p2a: Ceruledge|Ceruledge, M|100/100
|-status|p2a: Ceruledge|tox
|-damage|p2a: Ceruledge|76/100 tox|[from] Stealth Rock
|move|p1a: Gholdengo|Shadow Ball|p2a: Ceruledge
|-supereffective|p2a: Ceruledge
|-damage|p2a: Ceruledge|0 fnt
|faint|p2a: Ceruledge
|
|upkeep
|l|☆zermoon
|player|p2|
|inactive|Battle timer is ON: inactive players will automatically lose when time's up. (requested by SnowmanWithAnAK)
|inactive|zermoon has 30 seconds to reconnect!
|inactive|zermoon has 20 seconds to reconnect!
|inactive|zermoon has 15 seconds to reconnect!
|inactive|zermoon has 10 seconds to reconnect!
|inactive|zermoon has 5 seconds to reconnect!
|-message|zermoon lost due to inactivity.
|
|win|SnowmanWithAnAK
|raw|SnowmanWithAnAK's rating: 1320 &rarr; <strong>1337</strong><br />(+17 for winning)
|raw|zermoon's rating: 1267 &rarr; <strong>1246</strong><br />(-21 for losing)
|l|☆SnowmanWithAnAK
|player|p1|
