|j|☆yungbanjostrap
|j|☆icetray28
|t:|1779889875
|gametype|singles
|player|p1|yungbanjostrap|265|1518
|player|p2|icetray28|102|1468
|gen|9
|tier|[Gen 9] OU
|rated|
|rule|HP Percentage Mod: HP is shown in percentages
|rule|Endless Battle Clause: Forcing endless battles is banned
|rule|Species Clause: Limit one of each Pokémon
|rule|OHKO Clause: OHKO moves are banned
|rule|Evasion Items Clause: Evasion items are banned
|rule|Evasion Moves Clause: Evasion moves are banned
|rule|Evasion Abilities Clause: Evasion abilities are banned
|rule|Sleep Moves Clause: Sleep-inducing moves are banned
|clearpoke
|poke|p1|Hoopa|
|poke|p1|Cinderace, F|
|poke|p1|Mandibuzz, F|
|poke|p1|Kyurem|
|poke|p1|Ting-Lu|
|poke|p1|Manaphy|
|poke|p2|Iron Hands|
|poke|p2|Glimmora, M|
|poke|p2|Landorus-Therian, M|
|poke|p2|Dragapult, F|
|poke|p2|Primarina, F|
|poke|p2|Kingambit, F|
|teampreview
|inactive|Battle timer is ON: inactive players will automatically lose when time's up. (requested by icetray28)
|inactive|yungbanjostrap has 120 seconds left.
|
|t:|1779889906
|teamsize|p1|6
|teamsize|p2|6
|start
|switch|p1a: Kyurem|Kyurem|100/100
|switch|p2a: Iron Hands|Iron Hands|100/100
|-ability|p1a: Kyurem|Pressure
|-enditem|p2a: Iron Hands|Booster Energy
|-activate|p2a: Iron Hands|ability: Quark Drive|[fromitem]
|-start|p2a: Iron Hands|quarkdriveatk
|turn|1
|
|t:|1779889914
|switch|p1a: Hoopa|Hoopa|100/100
|move|p2a: Iron Hands|Close Combat|p1a: Hoopa
|-immune|p1a: Hoopa
|
|upkeep
|turn|2
|
|t:|1779889923
|move|p1a: Hoopa|Substitute|p1a: Hoopa
|-start|p1a: Hoopa|Substitute
|-damage|p1a: Hoopa|75/100
|move|p2a: Iron Hands|Supercell Slam|p1a: Hoopa
|-end|p1a: Hoopa|Substitute
|
|upkeep
|turn|3
|
|t:|1779889942
|move|p1a: Hoopa|Substitute|p1a: Hoopa
|-start|p1a: Hoopa|Substitute
|-damage|p1a: Hoopa|50/100
|move|p2a: Iron Hands|Earthquake|p1a: Hoopa
|-end|p1a: Hoopa|Substitute
|
|upkeep
|turn|4
|
|t:|1779889948
|move|p1a: Hoopa|Shadow Ball|p2a: Iron Hands
|-damage|p2a: Iron Hands|58/100
|move|p2a: Iron Hands|Earthquake|p1a: Hoopa
|-damage|p1a: Hoopa|0 fnt
|faint|p1a: Hoopa
|
|upkeep
|
|t:|1779889955
|switch|p1a: Kyurem|Kyurem|100/100
|-ability|p1a: Kyurem|Pressure
|turn|5
|
|t:|1779889957
|move|p1a: Kyurem|Draco Meteor|p2a: Iron Hands
|-damage|p2a: Iron Hands|5/100
|-unboost|p1a: Kyurem|spa|2
|move|p2a: Iron Hands|Close Combat|p1a: Kyurem
|-supereffective|p1a: Kyurem
|-damage|p1a: Kyurem|0 fnt
|-unboost|p2a: Iron Hands|def|1
|-unboost|p2a: Iron Hands|spd|1
|faint|p1a: Kyurem
|
|upkeep
|
|t:|1779889960
|switch|p1a: Cinderace|Cinderace, F|100/100
|turn|6
|
|t:|1779889968
|move|p1a: Cinderace|Pyro Ball|p2a: Iron Hands
|-damage|p2a: Iron Hands|0 fnt
|faint|p2a: Iron Hands
|-end|p2a: Iron Hands|Quark Drive|[silent]
|
|upkeep
|
|t:|1779889977
|switch|p2a: Primarina|Primarina, F|100/100
|turn|7
|
|t:|1779889993
|move|p1a: Cinderace|Pyro Ball|p2a: Primarina
|-resisted|p2a: Primarina
|-damage|p2a: Primarina|67/100
|move|p2a: Primarina|Flip Turn|p1a: Cinderace
|-supereffective|p1a: Cinderace
|-damage|p1a: Cinderace|58/100
|
|t:|1779890002
|switch|p2a: Landorus|Landorus-Therian, M|100/100|[from] Flip Turn
|-ability|p2a: Landorus|Intimidate|boost
|-unboost|p1a: Cinderace|atk|1
|
|upkeep
|turn|8
|
|t:|1779890017
|switch|p1a: Ting-Lucifer|Ting-Lu|100/100
|-ability|p1a: Ting-Lucifer|Vessel of Ruin
|move|p2a: Landorus|Earth Power|p1a: Ting-Lucifer
|-crit|p1a: Ting-Lucifer
|-damage|p1a: Ting-Lucifer|74/100
|
|upkeep
|turn|9
|
|t:|1779890023
|move|p2a: Landorus|Stealth Rock|p1a: Ting-Lucifer
|-sidestart|p1: yungbanjostrap|move: Stealth Rock
|move|p1a: Ting-Lucifer|Heavy Slam|p2a: Landorus
|-damage|p2a: Landorus|63/100
|-damage|p1a: Ting-Lucifer|58/100|[from] item: Rocky Helmet|[of] p2a: Landorus
|
|upkeep
|turn|10
|
|t:|1779890026
|move|p2a: Landorus|U-turn|p1a: Ting-Lucifer
|-supereffective|p1a: Ting-Lucifer
|-damage|p1a: Ting-Lucifer|34/100
|-enditem|p1a: Ting-Lucifer|Weakness Policy
|-boost|p1a: Ting-Lucifer|atk|2|[from] item: Weakness Policy
|-boost|p1a: Ting-Lucifer|spa|2|[from] item: Weakness Policy
|
|t:|1779890029
|switch|p2a: Primarina|Primarina, F|67/100|[from] U-turn
|move|p1a: Ting-Lucifer|Heavy Slam|p2a: Primarina
|-damage|p2a: Primarina|0 fnt
|faint|p2a: Primarina
|
|upkeep
|
|t:|1779890035
|switch|p2a: Dragapult|Dragapult, F|100/100
|turn|11
|
|t:|1779890042
|move|p2a: Dragapult|Dragon Darts|p1a: Ting-Lucifer
|-damage|p1a: Ting-Lucifer|14/100
|-anim|p2a: Dragapult|Dragon Darts|p1a: Ting-Lucifer
|-damage|p1a: Ting-Lucifer|0 fnt
|faint|p1a: Ting-Lucifer
|
|upkeep
|
|t:|1779890057
|switch|p1a: Mandibuzz|Mandibuzz, F, shiny|100/100
|-damage|p1a: Mandibuzz|76/100|[from] Stealth Rock
|turn|12
|
|t:|1779890066
|switch|p2a: Landorus|Landorus-Therian, M|63/100
|-ability|p2a: Landorus|Intimidate|boost
|-unboost|p1a: Mandibuzz|atk|1
|move|p1a: Mandibuzz|Defog|p2a: Landorus
|-unboost|p2a: Landorus|evasion|1
|-sideend|p1: yungbanjostrap|Stealth Rock|[from] move: Defog|[of] p1a: Mandibuzz
|
|upkeep
|turn|13
|
|t:|1779890070
|switch|p1a: Manaphy|Manaphy|100/100
|move|p2a: Landorus|Smack Down|p1a: Manaphy
|-damage|p1a: Manaphy|88/100
|
|-heal|p1a: Manaphy|94/100|[from] item: Leftovers
|upkeep
|turn|14
|
|t:|1779890083
|switch|p2a: Dragapult|Dragapult, F|100/100
|move|p1a: Manaphy|Scald|p2a: Dragapult
|-resisted|p2a: Dragapult
|-damage|p2a: Dragapult|81/100
|
|-heal|p1a: Manaphy|99/100|[from] item: Leftovers
|upkeep
|turn|15
|
|t:|1779890092
|move|p2a: Dragapult|Dragon Darts|p1a: Manaphy
|-damage|p1a: Manaphy|71/100
|-anim|p2a: Dragapult|Dragon Darts|p1a: Manaphy
|-damage|p1a: Manaphy|40/100
|move|p1a: Manaphy|Tail Glow|p1a: Manaphy
|-boost|p1a: Manaphy|spa|3
|
|-heal|p1a: Manaphy|46/100|[from] item: Leftovers
|upkeep
|turn|16
|
|t:|1779890100
|move|p2a: Dragapult|Dragon Darts|p1a: Manaphy
|-damage|p1a: Manaphy|13/100
|-anim|p2a: Dragapult|Dragon Darts|p1a: Manaphy
|-damage|p1a: Manaphy|0 fnt
|faint|p1a: Manaphy
|
|upkeep
|-message|yungbanjostrap forfeited.
|
|win|icetray28
|raw|yungbanjostrap's rating: 1518 &rarr; <strong>1495</strong><br />(-23 for losing)
|raw|icetray28's rating: 1468 &rarr; <strong>1491</strong><br />(+23 for winning)
|l|☆yungbanjostrap
|player|p1|
|l|☆icetray28
|player|p2|
