|j|☆KarliBobMarley
|j|☆fractal_face
|t:|1779963223
|gametype|singles
|player|p1|KarliBobMarley|psychic|1126
|player|p2|fractal_face|ghetsis-gen5bw|1097
|gen|9
|tier|[Gen 9] OU
|rated|
|rule|HP Percentage Mod: HP is shown in percentages
|rule|Endless Battle Clause: Forcing endless battles is banned
|rule|Species Clause: Limit one of each Pokémon
|rule|OHKO Clause: OHKO moves are banned
|rule|Evasion Items Clause: Evasion items are banned
|rule|Evasion Moves Clause: Evasion moves are banned
|rule|Evasion Abilities Clause: Evasion abilities are banned
|rule|Sleep Moves Clause: Sleep-inducing moves are banned
|clearpoke
|poke|p1|Dragapult, F|
|poke|p1|Zamazenta-*|
|poke|p1|Ogerpon-Wellspring, F|
|poke|p1|Pecharunt|
|poke|p1|Iron Treads|
|poke|p1|Kingambit, F|
|poke|p2|Enamorus, F|
|poke|p2|Regieleki|
|poke|p2|Toxapex, F|
|poke|p2|Smeargle, F|
|poke|p2|Grimmsnarl, M|
|poke|p2|Corviknight, F|
|teampreview
|inactive|Battle timer is ON: inactive players will automatically lose when time's up. (requested by fractal_face)
|inactive|KarliBobMarley also wants the timer to be on.
|
|t:|1779963235
|teamsize|p1|6
|teamsize|p2|6
|start
|switch|p1a: Zamazenta|Zamazenta|100/100
|switch|p2a: Smeargle|Smeargle, F, shiny|100/100
|-ability|p1a: Zamazenta|Dauntless Shield|boost
|-boost|p1a: Zamazenta|def|1
|turn|1
|
|t:|1779963240
|move|p2a: Smeargle|Burning Bulwark|p2a: Smeargle
|-singleturn|p2a: Smeargle|move: Protect
|move|p1a: Zamazenta|Close Combat|p2a: Smeargle
|-activate|p2a: Smeargle|move: Protect
|-status|p1a: Zamazenta|brn
|
|-damage|p1a: Zamazenta|94/100 brn|[from] brn
|upkeep
|turn|2
|
|t:|1779963247
|switch|p2a: Toxapex|Toxapex, F, shiny|100/100
|move|p1a: Zamazenta|Close Combat|p2a: Toxapex
|-resisted|p2a: Toxapex
|-damage|p2a: Toxapex|93/100
|-unboost|p1a: Zamazenta|def|1
|-unboost|p1a: Zamazenta|spd|1
|
|-heal|p2a: Toxapex|99/100|[from] item: Black Sludge
|-damage|p1a: Zamazenta|88/100 brn|[from] brn
|upkeep
|turn|3
|
|t:|1779963255
|move|p1a: Zamazenta|Reflect|p1a: Zamazenta
|-sidestart|p1: KarliBobMarley|Reflect
|move|p2a: Toxapex|Toxic Spikes|p1a: Zamazenta
|-sidestart|p1: KarliBobMarley|move: Toxic Spikes
|
|-heal|p2a: Toxapex|100/100|[from] item: Black Sludge
|-damage|p1a: Zamazenta|82/100 brn|[from] brn
|upkeep
|turn|4
|
|t:|1779963258
|move|p1a: Zamazenta|Light Screen|p1a: Zamazenta
|-sidestart|p1: KarliBobMarley|move: Light Screen
|move|p2a: Toxapex|Toxic Spikes|p1a: Zamazenta
|-sidestart|p1: KarliBobMarley|move: Toxic Spikes
|
|-damage|p1a: Zamazenta|76/100 brn|[from] brn
|upkeep
|turn|5
|
|t:|1779963264
|switch|p1a: Pecharunt|Pecharunt|100/100
|-sideend|p1: KarliBobMarley|move: Toxic Spikes|[of] p1a: Pecharunt
|move|p2a: Toxapex|Gunk Shot|p1a: Pecharunt
|-resisted|p1a: Pecharunt
|-damage|p1a: Pecharunt|99/100
|
|-heal|p1a: Pecharunt|100/100|[from] item: Leftovers
|upkeep
|turn|6
|
|t:|1779963277
|switch|p2a: Corviknight|Corviknight, F, shiny|100/100
|move|p1a: Pecharunt|Nasty Plot|p1a: Pecharunt
|-boost|p1a: Pecharunt|spa|2
|
|upkeep
|turn|7
|
|t:|1779963296
|move|p1a: Pecharunt|Nasty Plot|p1a: Pecharunt
|-boost|p1a: Pecharunt|spa|2
|move|p2a: Corviknight|Tailwind|p2a: Corviknight
|-sidestart|p2: fractal_face|move: Tailwind
|
|upkeep
|turn|8
|
|t:|1779963303
|switch|p2a: Smeargle|Smeargle, F, shiny|100/100
|move|p1a: Pecharunt|Nasty Plot|p1a: Pecharunt
|-boost|p1a: Pecharunt|spa|2
|
|upkeep
|turn|9
|
|t:|1779963332
|move|p2a: Smeargle|Burning Bulwark|p2a: Smeargle
|-singleturn|p2a: Smeargle|move: Protect
|move|p1a: Pecharunt|Malignant Chain|p2a: Smeargle
|-activate|p2a: Smeargle|move: Protect
|
|upkeep
|turn|10
|
|t:|1779963339
|switch|p2a: Corviknight|Corviknight, F, shiny|100/100
|move|p1a: Pecharunt|Malignant Chain|p2a: Corviknight
|-immune|p2a: Corviknight
|
|-sideend|p1: KarliBobMarley|Reflect
|-sideend|p2: fractal_face|move: Tailwind
|upkeep
|turn|11
|
|t:|1779963362
|move|p1a: Pecharunt|Nasty Plot|p1a: Pecharunt
|-boost|p1a: Pecharunt|spa|0
|move|p2a: Corviknight|Tailwind|p2a: Corviknight
|-sidestart|p2: fractal_face|move: Tailwind
|
|-sideend|p1: KarliBobMarley|move: Light Screen
|upkeep
|turn|12
|
|t:|1779963373
|switch|p2a: Smeargle|Smeargle, F, shiny|100/100
|move|p1a: Pecharunt|Shadow Ball|p2a: Smeargle
|-immune|p2a: Smeargle
|
|upkeep
|turn|13
|inactive|fractal_face has 120 seconds left.
|
|t:|1779963394
|switch|p1a: Dragapult|Dragapult, F|100/100
|move|p2a: Smeargle|Burning Bulwark||[still]
|-fail|p2a: Smeargle
|
|upkeep
|turn|14
|inactive|fractal_face has 120 seconds left.
|
|t:|1779963408
|switch|p2a: Enamorus|Enamorus, F, shiny|100/100
|move|p1a: Dragapult|Substitute|p1a: Dragapult
|-start|p1a: Dragapult|Substitute
|-damage|p1a: Dragapult|76/100
|
|-heal|p1a: Dragapult|82/100|[from] item: Leftovers
|-sideend|p2: fractal_face|move: Tailwind
|upkeep
|turn|15
|inactive|fractal_face has 120 seconds left.
|
|t:|1779963418
|move|p1a: Dragapult|Dragon Dance|p1a: Dragapult
|-boost|p1a: Dragapult|atk|1
|-boost|p1a: Dragapult|spe|1
|move|p2a: Enamorus|Play Rough|p1a: Dragapult
|-supereffective|p1a: Dragapult
|-end|p1a: Dragapult|Substitute
|
|-heal|p1a: Dragapult|88/100|[from] item: Leftovers
|upkeep
|turn|16
|
|t:|1779963430
|move|p1a: Dragapult|Phantom Force||[still]
|-prepare|p1a: Dragapult|Phantom Force
|move|p2a: Enamorus|Play Rough|p1a: Dragapult|[miss]
|-miss|p2a: Enamorus|p1a: Dragapult
|
|-heal|p1a: Dragapult|94/100|[from] item: Leftovers
|upkeep
|turn|17
|
|t:|1779963436
|switch|p2a: Smeargle|Smeargle, F, shiny|100/100
|move|p1a: Dragapult|Phantom Force|p2a: Smeargle|[from] lockedmove
|-immune|p2a: Smeargle
|
|-heal|p1a: Dragapult|99/100|[from] item: Leftovers
|upkeep
|turn|18
|
|t:|1779963446
|move|p2a: Smeargle|Burning Bulwark|p2a: Smeargle
|-singleturn|p2a: Smeargle|move: Protect
|move|p1a: Dragapult|Dragon Dance|p1a: Dragapult
|-boost|p1a: Dragapult|atk|1
|-boost|p1a: Dragapult|spe|1
|
|-heal|p1a: Dragapult|100/100|[from] item: Leftovers
|upkeep
|turn|19
|
|t:|1779963458
|switch|p2a: Corviknight|Corviknight, F, shiny|100/100
|move|p1a: Dragapult|Substitute|p1a: Dragapult
|-start|p1a: Dragapult|Substitute
|-damage|p1a: Dragapult|76/100
|
|-heal|p1a: Dragapult|82/100|[from] item: Leftovers
|upkeep
|turn|20
|
|t:|1779963475
|move|p1a: Dragapult|Dragon Dance|p1a: Dragapult
|-boost|p1a: Dragapult|atk|1
|-boost|p1a: Dragapult|spe|1
|move|p2a: Corviknight|Defog||[still]
|-fail|p2a: Corviknight
|
|-heal|p1a: Dragapult|88/100|[from] item: Leftovers
|upkeep
|turn|21
|
|t:|1779963489
|switch|p2a: Toxapex|Toxapex, F, shiny|100/100
|move|p1a: Dragapult|Dragon Dance|p1a: Dragapult
|-boost|p1a: Dragapult|atk|1
|-boost|p1a: Dragapult|spe|1
|
|-heal|p1a: Dragapult|94/100|[from] item: Leftovers
|upkeep
|turn|22
|
|t:|1779963494
|move|p1a: Dragapult|Phantom Force||[still]
|-prepare|p1a: Dragapult|Phantom Force
|move|p2a: Toxapex|Toxic Spikes|p1a: Dragapult
|-sidestart|p1: KarliBobMarley|move: Toxic Spikes
|
|-heal|p1a: Dragapult|99/100|[from] item: Leftovers
|upkeep
|turn|23
|
|t:|1779963497
|switch|p2a: Smeargle|Smeargle, F, shiny|100/100
|move|p1a: Dragapult|Phantom Force|p2a: Smeargle|[from] lockedmove
|-immune|p2a: Smeargle
|
|-heal|p1a: Dragapult|100/100|[from] item: Leftovers
|upkeep
|turn|24
|
|t:|1779963510
|move|p1a: Dragapult|Dragon Darts|p2a: Smeargle
|-damage|p2a: Smeargle|0 fnt
|faint|p2a: Smeargle
|
|upkeep
|
|t:|1779963516
|switch|p2a: Toxapex|Toxapex, F, shiny|100/100
|turn|25
|
|t:|1779963524
|move|p1a: Dragapult|Dragon Dance|p1a: Dragapult
|-boost|p1a: Dragapult|atk|1
|-boost|p1a: Dragapult|spe|1
|move|p2a: Toxapex|Toxic Spikes|p1a: Dragapult
|-sidestart|p1: KarliBobMarley|move: Toxic Spikes
|
|upkeep
|turn|26
|
|t:|1779963531
|move|p2a: Toxapex|Baneful Bunker|p2a: Toxapex
|-singleturn|p2a: Toxapex|move: Protect
|move|p1a: Dragapult|Phantom Force||[still]
|-prepare|p1a: Dragapult|Phantom Force
|
|upkeep
|turn|27
|
|t:|1779963554
|move|p2a: Toxapex|Baneful Bunker||[still]
|-fail|p2a: Toxapex
|move|p1a: Dragapult|Phantom Force|p2a: Toxapex|[from] lockedmove
|-damage|p2a: Toxapex|0 fnt
|faint|p2a: Toxapex
|
|upkeep
|
|t:|1779963566
|switch|p2a: Grimmsnarl|Grimmsnarl, M, shiny|100/100
|turn|28
|
|t:|1779963571
|move|p2a: Grimmsnarl|Bulk Up|p2a: Grimmsnarl
|-boost|p2a: Grimmsnarl|atk|1
|-boost|p2a: Grimmsnarl|def|1
|move|p1a: Dragapult|Dragon Dance|p1a: Dragapult
|-boost|p1a: Dragapult|atk|1
|-boost|p1a: Dragapult|spe|1
|
|upkeep
|turn|29
|
|t:|1779963579
|move|p2a: Grimmsnarl|Bulk Up|p2a: Grimmsnarl
|-boost|p2a: Grimmsnarl|atk|1
|-boost|p2a: Grimmsnarl|def|1
|move|p1a: Dragapult|Phantom Force||[still]
|-prepare|p1a: Dragapult|Phantom Force
|
|upkeep
|turn|30
|
|t:|1779963589
|move|p2a: Grimmsnarl|Bulk Up|p2a: Grimmsnarl
|-boost|p2a: Grimmsnarl|atk|1
|-boost|p2a: Grimmsnarl|def|1
|move|p1a: Dragapult|Phantom Force|p2a: Grimmsnarl|[from] lockedmove
|-resisted|p2a: Grimmsnarl
|-damage|p2a: Grimmsnarl|49/100
|
|upkeep
|turn|31
|
|t:|1779963596
|move|p2a: Grimmsnarl|Bulk Up|p2a: Grimmsnarl
|-boost|p2a: Grimmsnarl|atk|1
|-boost|p2a: Grimmsnarl|def|1
|move|p1a: Dragapult|Phantom Force||[still]
|-prepare|p1a: Dragapult|Phantom Force
|
|upkeep
|turn|32
|
|t:|1779963603
|move|p2a: Grimmsnarl|Bulk Up|p2a: Grimmsnarl
|-boost|p2a: Grimmsnarl|atk|1
|-boost|p2a: Grimmsnarl|def|1
|move|p1a: Dragapult|Phantom Force|p2a: Grimmsnarl|[from] lockedmove
|-resisted|p2a: Grimmsnarl
|-damage|p2a: Grimmsnarl|15/100
|
|upkeep
|turn|33
|
|t:|1779963613
|move|p2a: Grimmsnarl|Bulk Up|p2a: Grimmsnarl
|-boost|p2a: Grimmsnarl|atk|1
|-boost|p2a: Grimmsnarl|def|1
|move|p1a: Dragapult|Phantom Force||[still]
|-prepare|p1a: Dragapult|Phantom Force
|
|upkeep
|turn|34
|
|t:|1779963616
|move|p2a: Grimmsnarl|Rest|p2a: Grimmsnarl
|-status|p2a: Grimmsnarl|slp|[from] move: Rest
|-heal|p2a: Grimmsnarl|100/100 slp|[silent]
|-enditem|p2a: Grimmsnarl|Chesto Berry|[eat]
|-curestatus|p2a: Grimmsnarl|slp|[msg]
|move|p1a: Dragapult|Phantom Force|p2a: Grimmsnarl|[from] lockedmove
|-resisted|p2a: Grimmsnarl
|-damage|p2a: Grimmsnarl|69/100
|
|upkeep
|turn|35
|
|t:|1779963631
|move|p1a: Dragapult|Phantom Force||[still]
|-prepare|p1a: Dragapult|Phantom Force
|move|p2a: Grimmsnarl|Throat Chop|p1a: Dragapult|[miss]
|-miss|p2a: Grimmsnarl|p1a: Dragapult
|
|upkeep
|turn|36
|
|t:|1779963634
|move|p1a: Dragapult|Phantom Force|p2a: Grimmsnarl|[from] lockedmove
|-resisted|p2a: Grimmsnarl
|-damage|p2a: Grimmsnarl|39/100
|move|p2a: Grimmsnarl|Throat Chop|p1a: Dragapult
|-supereffective|p1a: Dragapult
|-end|p1a: Dragapult|Substitute
|
|upkeep
|turn|37
|
|t:|1779963644
|-terastallize|p1a: Dragapult|Dragon
|move|p2a: Grimmsnarl|Rest|p2a: Grimmsnarl
|-status|p2a: Grimmsnarl|slp|[from] move: Rest
|-heal|p2a: Grimmsnarl|100/100 slp|[silent]
|move|p1a: Dragapult|Phantom Force||[still]
|-prepare|p1a: Dragapult|Phantom Force
|
|upkeep
|turn|38
|
|t:|1779963652
|move|p1a: Dragapult|Phantom Force|p2a: Grimmsnarl|[from] lockedmove
|-resisted|p2a: Grimmsnarl
|-crit|p2a: Grimmsnarl
|-damage|p2a: Grimmsnarl|0 fnt
|faint|p2a: Grimmsnarl
|
|upkeep
|
|t:|1779963674
|switch|p2a: Enamorus|Enamorus, F, shiny|100/100
|turn|39
|
|t:|1779963679
|move|p1a: Dragapult|Phantom Force||[still]
|-prepare|p1a: Dragapult|Phantom Force
|move|p2a: Enamorus|Play Rough|p1a: Dragapult|[miss]
|-miss|p2a: Enamorus|p1a: Dragapult
|
|upkeep
|turn|40
|
|t:|1779963684
|move|p1a: Dragapult|Phantom Force|p2a: Enamorus|[from] lockedmove
|-damage|p2a: Enamorus|0 fnt
|faint|p2a: Enamorus
|
|upkeep
|
|t:|1779963687
|switch|p2a: Regieleki|Regieleki, shiny|100/100
|-item|p2a: Regieleki|Air Balloon
|turn|41
|
|t:|1779963691
|move|p1a: Dragapult|Phantom Force||[still]
|-prepare|p1a: Dragapult|Phantom Force
|move|p2a: Regieleki|Explosion|p1a: Dragapult|[miss]
|-miss|p2a: Regieleki|p1a: Dragapult
|faint|p2a: Regieleki
|
|upkeep
|
|t:|1779963693
|switch|p2a: Corviknight|Corviknight, F, shiny|100/100
|turn|42
|
|t:|1779963699
|move|p1a: Dragapult|Phantom Force|p2a: Corviknight|[from] lockedmove
|-damage|p2a: Corviknight|0 fnt
|faint|p2a: Corviknight
|
|win|KarliBobMarley
|raw|KarliBobMarley's rating: 1146 &rarr; <strong>1167</strong><br />(+21 for winning)
|raw|fractal_face's rating: 1097 &rarr; <strong>1076</strong><br />(-21 for losing)
