|j|☆pc hulkster
|j|☆jimborri
|t:|1779876365
|gametype|singles
|player|p1|pc hulkster|wattson|1317
|player|p2|jimborri|265|1283
|gen|9
|tier|[Gen 9] OU
|rated|
|rule|HP Percentage Mod: HP is shown in percentages
|rule|Endless Battle Clause: Forcing endless battles is banned
|rule|Species Clause: Limit one of each Pokémon
|rule|OHKO Clause: OHKO moves are banned
|rule|Evasion Items Clause: Evasion items are banned
|rule|Evasion Moves Clause: Evasion moves are banned
|rule|Evasion Abilities Clause: Evasion abilities are banned
|rule|Sleep Moves Clause: Sleep-inducing moves are banned
|clearpoke
|poke|p1|Salazzle, F|
|poke|p1|Torkoal, M|
|poke|p1|Hatterene, F|
|poke|p1|Walking Wake|
|poke|p1|Kingambit, M|
|poke|p1|Lilligant-Hisui, F|
|poke|p2|Jolteon, M|
|poke|p2|Skeledirge, M|
|poke|p2|Forretress, M|
|poke|p2|Hitmonlee, M|
|poke|p2|Hydrapple, M|
|poke|p2|Cloyster, M|
|teampreview
|inactive|Battle timer is ON: inactive players will automatically lose when time's up. (requested by pc hulkster)
|
|t:|1779876370
|teamsize|p1|6
|teamsize|p2|6
|start
|switch|p1a: Walking Wake|Walking Wake|100/100
|switch|p2a: Cloyster|Cloyster, M|100/100
|turn|1
|
|t:|1779876374
|move|p1a: Walking Wake|Flip Turn|p2a: Cloyster
|-resisted|p2a: Cloyster
|-damage|p2a: Cloyster|93/100
|
|t:|1779876402
|-end|p1a: Walking Wake|Protosynthesis|[silent]
|switch|p1a: Kingambit|Kingambit, M, shiny|100/100|[from] Flip Turn
|-item|p1a: Kingambit|Air Balloon
|move|p2a: Cloyster|Shell Smash|p2a: Cloyster
|-unboost|p2a: Cloyster|def|1
|-unboost|p2a: Cloyster|spd|1
|-boost|p2a: Cloyster|atk|2
|-boost|p2a: Cloyster|spa|2
|-boost|p2a: Cloyster|spe|2
|
|upkeep
|turn|2
|
|t:|1779876411
|switch|p2a: Forretress|Forretress, M|100/100
|move|p1a: Kingambit|Low Kick|p2a: Forretress
|-damage|p2a: Forretress|77/100
|
|upkeep
|turn|3
|
|t:|1779876419
|-end|p1a: Kingambit|fallenundefined|[silent]
|switch|p1a: Torkoal|Torkoal, M, shiny|100/100
|-weather|SunnyDay|[from] ability: Drought|[of] p1a: Torkoal
|move|p2a: Forretress|Thunder Wave|p1a: Torkoal
|-status|p1a: Torkoal|par
|
|-weather|SunnyDay|[upkeep]
|upkeep
|turn|4
|
|t:|1779876442
|switch|p2a: Skeledirge|Skeledirge, M|100/100
|move|p1a: Torkoal|Stealth Rock|p2a: Skeledirge
|-sidestart|p2: jimborri|move: Stealth Rock
|
|-weather|SunnyDay|[upkeep]
|upkeep
|turn|5
|
|t:|1779876457
|switch|p1a: Walking Wake|Walking Wake|100/100
|-activate|p1a: Walking Wake|ability: Protosynthesis
|-start|p1a: Walking Wake|protosynthesisspe
|move|p2a: Skeledirge|Torch Song|p1a: Walking Wake
|-resisted|p1a: Walking Wake
|-damage|p1a: Walking Wake|84/100
|-boost|p2a: Skeledirge|spa|1
|-enditem|p2a: Skeledirge|Throat Spray
|-boost|p2a: Skeledirge|spa|1|[from] item: Throat Spray
|
|-weather|SunnyDay|[upkeep]
|upkeep
|turn|6
|
|t:|1779876464
|switch|p2a: Hydrapple|Hydrapple, M|100/100
|-damage|p2a: Hydrapple|88/100|[from] Stealth Rock
|move|p1a: Walking Wake|Hydro Steam|p2a: Hydrapple
|-resisted|p2a: Hydrapple
|-damage|p2a: Hydrapple|76/100
|
|-weather|SunnyDay|[upkeep]
|upkeep
|turn|7
|
|t:|1779876473
|-end|p1a: Walking Wake|Protosynthesis|[silent]
|switch|p1a: Hatterene|Hatterene, F, shiny|100/100
|move|p2a: Hydrapple|Fickle Beam|p1a: Hatterene
|-immune|p1a: Hatterene
|
|-weather|SunnyDay|[upkeep]
|upkeep
|turn|8
|-message|jimborri forfeited.
|
|win|pc hulkster
|raw|pc hulkster's rating: 1317 &rarr; <strong>1335</strong><br />(+18 for winning)
|raw|jimborri's rating: 1283 &rarr; <strong>1260</strong><br />(-23 for losing)
|l|☆jimborri
|player|p2|
|l|☆pc hulkster
|player|p1|
