|j|☆onionxking
|j|☆claudechamp
|t:|1779895322
|gametype|singles
|player|p1|onionxking|pokemaniac|1301
|player|p2|claudechamp|169|1277
|gen|9
|tier|[Gen 9] OU
|rated|
|rule|HP Percentage Mod: HP is shown in percentages
|rule|Endless Battle Clause: Forcing endless battles is banned
|rule|Species Clause: Limit one of each Pokémon
|rule|OHKO Clause: OHKO moves are banned
|rule|Evasion Items Clause: Evasion items are banned
|rule|Evasion Moves Clause: Evasion moves are banned
|rule|Evasion Abilities Clause: Evasion abilities are banned
|rule|Sleep Moves Clause: Sleep-inducing moves are banned
|clearpoke
|poke|p1|Darkrai|
|poke|p1|Iron Valiant|
|poke|p1|Zapdos|
|poke|p1|Zamazenta-*|
|poke|p1|Iron Treads|
|poke|p1|Ogerpon-Wellspring, F|
|poke|p2|Gliscor, M|
|poke|p2|Gholdengo|
|poke|p2|Zamazenta-*|
|poke|p2|Blissey, F|
|poke|p2|Skarmory, F|
|poke|p2|Pecharunt|
|teampreview
|inactive|Battle timer is ON: inactive players will automatically lose when time's up. (requested by onionxking)
|c|☆claudechamp|hf
|inactive|claudechamp also wants the timer to be on.
|
|t:|1779895330
|teamsize|p1|6
|teamsize|p2|6
|start
|switch|p1a: Darkrai|Darkrai, shiny|100/100
|switch|p2a: Skarmory|Skarmory, F|100/100
|turn|1
|
|t:|1779895339
|move|p1a: Darkrai|Dark Pulse|p2a: Skarmory
|-damage|p2a: Skarmory|44/100
|move|p2a: Skarmory|Spikes|p1a: Darkrai
|-sidestart|p1: onionxking|Spikes
|
|upkeep
|turn|2
|
|t:|1779895350
|switch|p2a: Zamazenta|Zamazenta|100/100
|-ability|p2a: Zamazenta|Dauntless Shield|boost
|-boost|p2a: Zamazenta|def|1
|move|p1a: Darkrai|Dark Pulse|p2a: Zamazenta
|-resisted|p2a: Zamazenta
|-damage|p2a: Zamazenta|79/100
|
|upkeep
|turn|3
|
|t:|1779895354
|switch|p1a: Zamazenta|Zamazenta|100/100
|-damage|p1a: Zamazenta|88/100|[from] Spikes
|-ability|p1a: Zamazenta|Dauntless Shield|boost
|-boost|p1a: Zamazenta|def|1
|move|p2a: Zamazenta|Close Combat|p1a: Zamazenta
|-damage|p1a: Zamazenta|58/100
|-unboost|p2a: Zamazenta|def|1
|-unboost|p2a: Zamazenta|spd|1
|
|upkeep
|turn|4
|
|t:|1779895359
|move|p2a: Zamazenta|Close Combat|p1a: Zamazenta
|-damage|p1a: Zamazenta|28/100
|-unboost|p2a: Zamazenta|def|1
|-unboost|p2a: Zamazenta|spd|1
|move|p1a: Zamazenta|Reflect|p1a: Zamazenta
|-sidestart|p1: onionxking|Reflect
|
|upkeep
|turn|5
|
|t:|1779895363
|switch|p2a: Pecharunt|Pecharunt|100/100
|move|p1a: Zamazenta|Light Screen|p1a: Zamazenta
|-sidestart|p1: onionxking|move: Light Screen
|
|upkeep
|turn|6
|
|t:|1779895365
|move|p1a: Zamazenta|Crunch|p2a: Pecharunt
|-supereffective|p2a: Pecharunt
|-crit|p2a: Pecharunt
|-damage|p2a: Pecharunt|70/100
|move|p2a: Pecharunt|Toxic|p1a: Zamazenta
|-status|p1a: Zamazenta|tox
|-start|p1a: Zamazenta|confusion|[from] ability: Poison Puppeteer|[of] p2a: Pecharunt
|
|-damage|p1a: Zamazenta|21/100 tox|[from] psn
|upkeep
|turn|7
|
|t:|1779895372
|switch|p1a: Darkrai|Darkrai, shiny|100/100
|-damage|p1a: Darkrai|88/100|[from] Spikes
|move|p2a: Pecharunt|Recover|p2a: Pecharunt
|-heal|p2a: Pecharunt|100/100
|
|upkeep
|turn|8
|
|t:|1779895375
|switch|p2a: Zamazenta|Zamazenta|79/100
|move|p1a: Darkrai|Dark Pulse|p2a: Zamazenta
|-resisted|p2a: Zamazenta
|-damage|p2a: Zamazenta|58/100
|
|upkeep
|turn|9
|
|t:|1779895378
|-terastallize|p1a: Darkrai|Poison
|move|p2a: Zamazenta|Close Combat|p1a: Darkrai
|-resisted|p1a: Darkrai
|-damage|p1a: Darkrai|67/100
|-unboost|p2a: Zamazenta|def|1
|-unboost|p2a: Zamazenta|spd|1
|move|p1a: Darkrai|Sludge Bomb|p2a: Zamazenta
|-damage|p2a: Zamazenta|0 fnt
|faint|p2a: Zamazenta
|
|upkeep
|
|t:|1779895381
|switch|p2a: Blissey|Blissey, F|100/100
|turn|10
|
|t:|1779895392
|move|p1a: Darkrai|Knock Off|p2a: Blissey
|-crit|p2a: Blissey
|-damage|p2a: Blissey|60/100
|-enditem|p2a: Blissey|Heavy-Duty Boots|[from] move: Knock Off|[of] p1a: Darkrai
|move|p2a: Blissey|Stealth Rock|p1a: Darkrai
|-sidestart|p1: onionxking|move: Stealth Rock
|
|upkeep
|turn|11
|
|t:|1779895398
|move|p1a: Darkrai|Sludge Bomb|p2a: Blissey
|-damage|p2a: Blissey|45/100
|move|p2a: Blissey|Soft-Boiled|p2a: Blissey
|-heal|p2a: Blissey|95/100
|
|-sideend|p1: onionxking|Reflect
|upkeep
|turn|12
|
|t:|1779895406
|switch|p1a: Iron Treads|Iron Treads|100/100
|-damage|p1a: Iron Treads|88/100|[from] Spikes
|-damage|p1a: Iron Treads|85/100|[from] Stealth Rock
|switch|p2a: Gliscor|Gliscor, M|100/100
|
|-sideend|p1: onionxking|move: Light Screen
|-status|p2a: Gliscor|tox|[from] item: Toxic Orb
|upkeep
|turn|13
|
|t:|1779895409
|move|p1a: Iron Treads|Ice Spinner|p2a: Gliscor
|-supereffective|p2a: Gliscor
|-damage|p2a: Gliscor|15/100 tox
|move|p2a: Gliscor|Swords Dance|p2a: Gliscor
|-boost|p2a: Gliscor|atk|2
|
|-heal|p2a: Gliscor|28/100 tox|[from] ability: Poison Heal
|upkeep
|turn|14
|
|t:|1779895414
|move|p2a: Gliscor|Protect|p2a: Gliscor
|-singleturn|p2a: Gliscor|Protect
|move|p1a: Iron Treads|Ice Spinner|p2a: Gliscor
|-activate|p2a: Gliscor|move: Protect
|
|-heal|p2a: Gliscor|40/100 tox|[from] ability: Poison Heal
|upkeep
|turn|15
|
|t:|1779895417
|-terastallize|p2a: Gliscor|Dark
|move|p1a: Iron Treads|Ice Spinner|p2a: Gliscor
|-damage|p2a: Gliscor|20/100 tox
|move|p2a: Gliscor|Earthquake|p1a: Iron Treads
|-supereffective|p1a: Iron Treads
|-damage|p1a: Iron Treads|0 fnt
|faint|p1a: Iron Treads
|-end|p1a: Iron Treads|Quark Drive|[silent]
|
|-heal|p2a: Gliscor|33/100 tox|[from] ability: Poison Heal
|upkeep
|
|t:|1779895422
|switch|p1a: Zapdos|Zapdos|100/100
|-damage|p1a: Zapdos|76/100|[from] Stealth Rock
|turn|16
|
|t:|1779895427
|move|p1a: Zapdos|Thunderbolt|p2a: Gliscor
|-damage|p2a: Gliscor|0 fnt
|faint|p2a: Gliscor
|
|upkeep
|
|t:|1779895430
|switch|p2a: Blissey|Blissey, F|95/100
|turn|17
|
|t:|1779895436
|move|p1a: Zapdos|Thunder Wave|p2a: Blissey
|-status|p2a: Blissey|par
|move|p2a: Blissey|Calm Mind|p2a: Blissey
|-boost|p2a: Blissey|spa|1
|-boost|p2a: Blissey|spd|1
|
|upkeep
|turn|18
|
|t:|1779895440
|move|p1a: Zapdos|U-turn|p2a: Blissey
|-damage|p2a: Blissey|80/100 par
|
|t:|1779895443
|switch|p1a: Zamazenta|Zamazenta|21/100 tox|[from] U-turn
|-damage|p1a: Zamazenta|9/100 tox|[from] Spikes
|-damage|p1a: Zamazenta|3/100 tox|[from] Stealth Rock
|move|p2a: Blissey|Calm Mind|p2a: Blissey
|-boost|p2a: Blissey|spa|1
|-boost|p2a: Blissey|spd|1
|
|-damage|p1a: Zamazenta|0 fnt|[from] psn
|faint|p1a: Zamazenta
|upkeep
|
|t:|1779895446
|switch|p1a: Ogerpon|Ogerpon-Wellspring, F|100/100
|-damage|p1a: Ogerpon|88/100|[from] Spikes
|-damage|p1a: Ogerpon|76/100|[from] Stealth Rock
|turn|19
|
|t:|1779895452
|move|p1a: Ogerpon|Knock Off|p2a: Blissey
|-damage|p2a: Blissey|55/100 par
|cant|p2a: Blissey|par
|
|upkeep
|turn|20
|
|t:|1779895457
|move|p1a: Ogerpon|Horn Leech|p2a: Blissey
|-damage|p2a: Blissey|12/100 par
|-heal|p1a: Ogerpon|100/100|[from] drain|[of] p2a: Blissey
|move|p2a: Blissey|Soft-Boiled|p2a: Blissey
|-heal|p2a: Blissey|62/100 par
|
|upkeep
|turn|21
|
|t:|1779895463
|-curestatus|p2a: Blissey|par|[from] ability: Natural Cure|[silent]
|switch|p2a: Skarmory|Skarmory, F|44/100
|move|p1a: Ogerpon|Swords Dance|p1a: Ogerpon
|-boost|p1a: Ogerpon|atk|2
|
|upkeep
|turn|22
|
|t:|1779895467
|move|p1a: Ogerpon|Ivy Cudgel|p2a: Skarmory|[anim] Ivy Cudgel Water
|-damage|p2a: Skarmory|0 fnt
|faint|p2a: Skarmory
|
|upkeep
|
|t:|1779895472
|switch|p2a: Gholdengo|Gholdengo|100/100
|turn|23
|
|t:|1779895479
|switch|p2a: Blissey|Blissey, F|62/100
|move|p1a: Ogerpon|Knock Off|p2a: Blissey
|-damage|p2a: Blissey|11/100
|
|upkeep
|turn|24
|
|t:|1779895483
|move|p1a: Ogerpon|Knock Off|p2a: Blissey
|-damage|p2a: Blissey|0 fnt
|faint|p2a: Blissey
|
|upkeep
|
|t:|1779895489
|switch|p2a: Gholdengo|Gholdengo|100/100
|turn|25
|
|t:|1779895494
|move|p1a: Ogerpon|Knock Off|p2a: Gholdengo
|-supereffective|p2a: Gholdengo
|-damage|p2a: Gholdengo|0 fnt
|-enditem|p2a: Gholdengo|Ability Shield|[from] move: Knock Off|[of] p1a: Ogerpon
|faint|p2a: Gholdengo
|
|upkeep
|
|t:|1779895498
|switch|p2a: Pecharunt|Pecharunt|100/100
|turn|26
|
|t:|1779895502
|move|p1a: Ogerpon|Knock Off|p2a: Pecharunt
|-supereffective|p2a: Pecharunt
|-damage|p2a: Pecharunt|27/100
|-enditem|p2a: Pecharunt|Heavy-Duty Boots|[from] move: Knock Off|[of] p1a: Ogerpon
|move|p2a: Pecharunt|Shadow Ball|p1a: Ogerpon
|-damage|p1a: Ogerpon|72/100
|
|upkeep
|turn|27
|
|t:|1779895506
|move|p1a: Ogerpon|Ivy Cudgel|p2a: Pecharunt|[anim] Ivy Cudgel Water
|-crit|p2a: Pecharunt
|-damage|p2a: Pecharunt|0 fnt
|faint|p2a: Pecharunt
|
|win|onionxking
|raw|onionxking's rating: 1301 &rarr; <strong>1321</strong><br />(+20 for winning)
|raw|claudechamp's rating: 1306 &rarr; <strong>1286</strong><br />(-20 for losing)
|c|☆claudechamp|gg
|c|☆onionxking|Gg
