|j|☆drybeater36
|j|☆Hoduken27
|t:|1779972125
|gametype|singles
|player|p1|drybeater36|n|1213
|player|p2|Hoduken27|hilbert|1253
|gen|9
|tier|[Gen 9] OU
|rated|
|rule|HP Percentage Mod: HP is shown in percentages
|rule|Endless Battle Clause: Forcing endless battles is banned
|rule|Species Clause: Limit one of each Pokémon
|rule|OHKO Clause: OHKO moves are banned
|rule|Evasion Items Clause: Evasion items are banned
|rule|Evasion Moves Clause: Evasion moves are banned
|rule|Evasion Abilities Clause: Evasion abilities are banned
|rule|Sleep Moves Clause: Sleep-inducing moves are banned
|clearpoke
|poke|p1|Drifblim, F|
|poke|p1|Rillaboom, F|
|poke|p1|Ogerpon-Cornerstone, F|
|poke|p1|Kyurem|
|poke|p1|Kommo-o, F|
|poke|p1|Great Tusk|
|poke|p2|Pelipper, F|
|poke|p2|Hatterene, F|
|poke|p2|Iron Treads|
|poke|p2|Toxicroak, F|
|poke|p2|Barraskewda, F|
|poke|p2|Zapdos|
|teampreview
|inactive|Battle timer is ON: inactive players will automatically lose when time's up. (requested by drybeater36)
|
|t:|1779972138
|teamsize|p1|6
|teamsize|p2|6
|start
|switch|p1a: Kommo-o|Kommo-o, F|100/100
|switch|p2a: Fish of speed|Barraskewda, F|100/100
|turn|1
|
|t:|1779972149
|move|p2a: Fish of speed|Flip Turn|p1a: Kommo-o
|-resisted|p1a: Kommo-o
|-damage|p1a: Kommo-o|77/100
|
|t:|1779972163
|switch|p2a: Female of Bouncy|Hatterene, F|100/100|[from] Flip Turn
|move|p1a: Kommo-o|Substitute|p1a: Kommo-o
|-start|p1a: Kommo-o|Substitute
|-damage|p1a: Kommo-o|53/100
|
|upkeep
|turn|2
|
|t:|1779972179
|move|p1a: Kommo-o|Clangorous Soul|p1a: Kommo-o
|-boost|p1a: Kommo-o|atk|1
|-boost|p1a: Kommo-o|def|1
|-boost|p1a: Kommo-o|spa|1
|-boost|p1a: Kommo-o|spd|1
|-boost|p1a: Kommo-o|spe|1
|-damage|p1a: Kommo-o|20/100
|-enditem|p1a: Kommo-o|Throat Spray
|-boost|p1a: Kommo-o|spa|1|[from] item: Throat Spray
|move|p2a: Female of Bouncy|Psychic Noise|p1a: Kommo-o
|-immune|p1a: Kommo-o|[from] ability: Soundproof
|
|upkeep
|turn|3
|
|t:|1779972194
|-terastallize|p1a: Kommo-o|Normal
|move|p1a: Kommo-o|Boomburst|p2a: Female of Bouncy
|-damage|p2a: Female of Bouncy|0 fnt
|faint|p2a: Female of Bouncy
|
|upkeep
|
|t:|1779972199
|switch|p2a: Bird of Rain|Pelipper, F|100/100
|-weather|RainDance|[from] ability: Drizzle|[of] p2a: Bird of Rain
|turn|4
|
|t:|1779972204
|switch|p2a: Elephant of future|Iron Treads|100/100
|move|p1a: Kommo-o|Boomburst|p2a: Elephant of future
|-resisted|p2a: Elephant of future
|-damage|p2a: Elephant of future|48/100
|
|-weather|RainDance|[upkeep]
|-heal|p2a: Elephant of future|54/100|[from] item: Leftovers
|upkeep
|turn|5
|
|t:|1779972212
|move|p1a: Kommo-o|Boomburst|p2a: Elephant of future
|-resisted|p2a: Elephant of future
|-damage|p2a: Elephant of future|7/100
|move|p2a: Elephant of future|Earthquake|p1a: Kommo-o
|-end|p1a: Kommo-o|Substitute
|
|-weather|RainDance|[upkeep]
|-heal|p2a: Elephant of future|13/100|[from] item: Leftovers
|upkeep
|turn|6
|
|t:|1779972218
|move|p1a: Kommo-o|Boomburst|p2a: Elephant of future
|-resisted|p2a: Elephant of future
|-damage|p2a: Elephant of future|0 fnt
|faint|p2a: Elephant of future
|-end|p2a: Elephant of future|Quark Drive|[silent]
|
|-weather|RainDance|[upkeep]
|upkeep
|
|t:|1779972221
|switch|p2a: Fish of speed|Barraskewda, F|100/100
|turn|7
|
|t:|1779972225
|move|p2a: Fish of speed|Liquidation|p1a: Kommo-o
|-damage|p1a: Kommo-o|0 fnt
|faint|p1a: Kommo-o
|
|-weather|RainDance|[upkeep]
|upkeep
|
|t:|1779972232
|switch|p1a: Rillaboom|Rillaboom, F|100/100
|-fieldstart|move: Grassy Terrain|[from] ability: Grassy Surge|[of] p1a: Rillaboom
|turn|8
|
|t:|1779972235
|switch|p2a: Toad of Poison|Toxicroak, F|100/100
|move|p1a: Rillaboom|Grassy Glide|p2a: Toad of Poison
|-resisted|p2a: Toad of Poison
|-damage|p2a: Toad of Poison|73/100
|-damage|p1a: Rillaboom|84/100|[from] item: Rocky Helmet|[of] p2a: Toad of Poison
|
|-weather|RainDance|[upkeep]
|-heal|p2a: Toad of Poison|85/100|[from] ability: Dry Skin
|-heal|p1a: Rillaboom|90/100|[from] Grassy Terrain
|-heal|p2a: Toad of Poison|92/100|[from] Grassy Terrain
|upkeep
|turn|9
|
|t:|1779972243
|switch|p1a: Drifblim|Drifblim, F|100/100
|-enditem|p1a: Drifblim|Grassy Seed
|-boost|p1a: Drifblim|def|1|[from] item: Grassy Seed
|move|p2a: Toad of Poison|Knock Off|p1a: Drifblim
|-supereffective|p1a: Drifblim
|-damage|p1a: Drifblim|74/100
|
|-weather|RainDance|[upkeep]
|-heal|p2a: Toad of Poison|100/100|[from] ability: Dry Skin
|upkeep
|turn|10
|
|t:|1779972251
|switch|p2a: Bird of Thunder|Zapdos|100/100
|move|p1a: Drifblim|Will-O-Wisp|p2a: Bird of Thunder
|-status|p2a: Bird of Thunder|brn
|
|-weather|RainDance|[upkeep]
|-damage|p2a: Bird of Thunder|94/100 brn|[from] brn
|upkeep
|turn|11
|
|t:|1779972261
|move|p1a: Drifblim|Calm Mind|p1a: Drifblim
|-boost|p1a: Drifblim|spa|1
|-boost|p1a: Drifblim|spd|1
|move|p2a: Bird of Thunder|Thunder|p1a: Drifblim
|-supereffective|p1a: Drifblim
|-damage|p1a: Drifblim|0 fnt
|faint|p1a: Drifblim
|
|-weather|none
|-damage|p2a: Bird of Thunder|88/100 brn|[from] brn
|upkeep
|
|t:|1779972269
|switch|p1a: Ogerpon|Ogerpon-Cornerstone, F|100/100
|turn|12
|
|t:|1779972273
|switch|p2a: Toad of Poison|Toxicroak, F|100/100
|move|p1a: Ogerpon|Ivy Cudgel|p2a: Toad of Poison|[anim] Ivy Cudgel Rock
|-resisted|p2a: Toad of Poison
|-crit|p2a: Toad of Poison
|-damage|p2a: Toad of Poison|57/100
|
|-heal|p2a: Toad of Poison|63/100|[from] Grassy Terrain
|-fieldend|move: Grassy Terrain
|upkeep
|turn|13
|
|t:|1779972281
|switch|p1a: Great Tusk|Great Tusk|100/100
|move|p2a: Toad of Poison|Drain Punch|p1a: Great Tusk
|-damage|p1a: Great Tusk|79/100
|-heal|p2a: Toad of Poison|74/100|[from] drain|[of] p1a: Great Tusk
|
|upkeep
|turn|14
|
|t:|1779972291
|switch|p2a: Bird of Rain|Pelipper, F|100/100
|-weather|RainDance|[from] ability: Drizzle|[of] p2a: Bird of Rain
|move|p1a: Great Tusk|Headlong Rush|p2a: Bird of Rain
|-immune|p2a: Bird of Rain
|
|-weather|RainDance|[upkeep]
|upkeep
|turn|15
|
|t:|1779972303
|move|p1a: Great Tusk|Stealth Rock|p2a: Bird of Rain
|-sidestart|p2: Hoduken27|move: Stealth Rock
|move|p2a: Bird of Rain|U-turn|p1a: Great Tusk
|-resisted|p1a: Great Tusk
|-damage|p1a: Great Tusk|75/100
|
|t:|1779972311
|switch|p2a: Bird of Thunder|Zapdos|88/100 brn|[from] U-turn
|-damage|p2a: Bird of Thunder|63/100 brn|[from] Stealth Rock
|
|-weather|RainDance|[upkeep]
|-damage|p2a: Bird of Thunder|57/100 brn|[from] brn
|upkeep
|turn|16
|
|t:|1779972314
|move|p2a: Bird of Thunder|Hurricane|p1a: Great Tusk
|-supereffective|p1a: Great Tusk
|-crit|p1a: Great Tusk
|-damage|p1a: Great Tusk|0 fnt
|faint|p1a: Great Tusk
|-end|p1a: Great Tusk|Protosynthesis|[silent]
|
|-weather|RainDance|[upkeep]
|-damage|p2a: Bird of Thunder|51/100 brn|[from] brn
|upkeep
|
|t:|1779972322
|switch|p1a: Ogerpon|Ogerpon-Cornerstone, F|100/100
|turn|17
|
|t:|1779972326
|switch|p2a: Toad of Poison|Toxicroak, F|74/100
|-damage|p2a: Toad of Poison|68/100|[from] Stealth Rock
|move|p1a: Ogerpon|Ivy Cudgel|p2a: Toad of Poison|[anim] Ivy Cudgel Rock
|-resisted|p2a: Toad of Poison
|-damage|p2a: Toad of Poison|41/100
|
|-weather|RainDance|[upkeep]
|-heal|p2a: Toad of Poison|54/100|[from] ability: Dry Skin
|upkeep
|turn|18
|
|t:|1779972337
|move|p1a: Ogerpon|Swords Dance|p1a: Ogerpon
|-boost|p1a: Ogerpon|atk|2
|move|p2a: Toad of Poison|Drain Punch|p1a: Ogerpon
|-supereffective|p1a: Ogerpon
|-damage|p1a: Ogerpon|32/100
|-heal|p2a: Toad of Poison|82/100|[from] drain|[of] p1a: Ogerpon
|
|-weather|RainDance|[upkeep]
|-heal|p2a: Toad of Poison|94/100|[from] ability: Dry Skin
|upkeep
|turn|19
|
|t:|1779972362
|move|p1a: Ogerpon|Horn Leech|p2a: Toad of Poison
|-resisted|p2a: Toad of Poison
|-damage|p2a: Toad of Poison|52/100
|-heal|p1a: Ogerpon|58/100|[from] drain|[of] p2a: Toad of Poison
|-damage|p1a: Ogerpon|41/100|[from] item: Rocky Helmet|[of] p2a: Toad of Poison
|move|p2a: Toad of Poison|Drain Punch|p1a: Ogerpon
|-supereffective|p1a: Ogerpon
|-damage|p1a: Ogerpon|0 fnt
|-heal|p2a: Toad of Poison|69/100|[from] drain|[of] p1a: Ogerpon
|faint|p1a: Ogerpon
|
|-weather|RainDance|[upkeep]
|-heal|p2a: Toad of Poison|81/100|[from] ability: Dry Skin
|upkeep
|inactive|drybeater36 has 120 seconds left.
|
|t:|1779972385
|switch|p1a: Kyurem|Kyurem, shiny|100/100
|-ability|p1a: Kyurem|Pressure
|turn|20
|inactive|drybeater36 has 120 seconds left.
|
|t:|1779972391
|move|p1a: Kyurem|Draco Meteor|p2a: Toad of Poison
|-damage|p2a: Toad of Poison|0 fnt
|-unboost|p1a: Kyurem|spa|2
|faint|p2a: Toad of Poison
|
|-weather|RainDance|[upkeep]
|upkeep
|
|t:|1779972397
|switch|p2a: Fish of speed|Barraskewda, F|100/100
|-damage|p2a: Fish of speed|88/100|[from] Stealth Rock
|turn|21
|
|t:|1779972406
|move|p2a: Fish of speed|Close Combat|p1a: Kyurem
|-supereffective|p1a: Kyurem
|-damage|p1a: Kyurem|0 fnt
|-unboost|p2a: Fish of speed|def|1
|-unboost|p2a: Fish of speed|spd|1
|faint|p1a: Kyurem
|
|-weather|none
|upkeep
|
|t:|1779972412
|switch|p1a: Rillaboom|Rillaboom, F|90/100
|-fieldstart|move: Grassy Terrain|[from] ability: Grassy Surge|[of] p1a: Rillaboom
|turn|22
|
|t:|1779972426
|switch|p2a: Bird of Rain|Pelipper, F|100/100
|-damage|p2a: Bird of Rain|76/100|[from] Stealth Rock
|-weather|RainDance|[from] ability: Drizzle|[of] p2a: Bird of Rain
|move|p1a: Rillaboom|Grassy Glide|p2a: Bird of Rain
|-damage|p2a: Bird of Rain|9/100
|
|-weather|RainDance|[upkeep]
|-heal|p1a: Rillaboom|96/100|[from] Grassy Terrain
|upkeep
|turn|23
|inactive|Hoduken27 has 120 seconds left.
|
|t:|1779972480
|move|p1a: Rillaboom|Grassy Glide|p2a: Bird of Rain
|-damage|p2a: Bird of Rain|0 fnt
|faint|p2a: Bird of Rain
|
|-weather|RainDance|[upkeep]
|-heal|p1a: Rillaboom|100/100|[from] Grassy Terrain
|upkeep
|c|☆drybeater36|female of bouncy is killing me lmao
|
|t:|1779972486
|switch|p2a: Bird of Thunder|Zapdos|51/100 brn
|-damage|p2a: Bird of Thunder|26/100 brn|[from] Stealth Rock
|turn|24
|
|t:|1779972493
|move|p1a: Rillaboom|Grassy Glide|p2a: Bird of Thunder
|-resisted|p2a: Bird of Thunder
|-damage|p2a: Bird of Thunder|0 fnt
|-status|p1a: Rillaboom|par|[from] ability: Static|[of] p2a: Bird of Thunder
|faint|p2a: Bird of Thunder
|
|-weather|RainDance|[upkeep]
|upkeep
|
|t:|1779972498
|switch|p2a: Fish of speed|Barraskewda, F|88/100
|-damage|p2a: Fish of speed|76/100|[from] Stealth Rock
|turn|25
|c|☆drybeater36|gg
|
|t:|1779972510
|cant|p1a: Rillaboom|par
|move|p2a: Fish of speed|Close Combat|p1a: Rillaboom
|-damage|p1a: Rillaboom|32/100 par
|-unboost|p2a: Fish of speed|def|1
|-unboost|p2a: Fish of speed|spd|1
|
|-weather|RainDance|[upkeep]
|-heal|p2a: Fish of speed|82/100|[from] Grassy Terrain
|-heal|p1a: Rillaboom|39/100 par|[from] Grassy Terrain
|upkeep
|turn|26
|
|t:|1779972516
|move|p1a: Rillaboom|Grassy Glide|p2a: Fish of speed
|-supereffective|p2a: Fish of speed
|-damage|p2a: Fish of speed|0 fnt
|faint|p2a: Fish of speed
|
|win|drybeater36
|raw|drybeater36's rating: 1213 &rarr; <strong>1241</strong><br />(+28 for winning)
|raw|Hoduken27's rating: 1253 &rarr; <strong>1225</strong><br />(-28 for losing)
|l|☆drybeater36
|player|p1|
|l|☆Hoduken27
|player|p2|
