|j|☆Kristianna
|j|☆Kristian697
|t:|1779846415
|gametype|singles
|player|p1|Kristianna|266|1124
|player|p2|Kristian697|101|1126
|gen|9
|tier|[Gen 9] OU
|rated|
|rule|HP Percentage Mod: HP is shown in percentages
|rule|Endless Battle Clause: Forcing endless battles is banned
|rule|Species Clause: Limit one of each Pokémon
|rule|OHKO Clause: OHKO moves are banned
|rule|Evasion Items Clause: Evasion items are banned
|rule|Evasion Moves Clause: Evasion moves are banned
|rule|Evasion Abilities Clause: Evasion abilities are banned
|rule|Sleep Moves Clause: Sleep-inducing moves are banned
|clearpoke
|poke|p1|Hatterene, F|
|poke|p1|Iron Treads|
|poke|p1|Gliscor, M|
|poke|p1|Kyurem|
|poke|p1|Iron Valiant|
|poke|p1|Sinistcha-Masterpiece|
|poke|p2|Florges-Orange, F|
|poke|p2|Walking Wake|
|poke|p2|Scizor, M|
|poke|p2|Ceruledge, M|
|poke|p2|Cresselia, F|
|poke|p2|Zarude|
|teampreview
|inactive|Battle timer is ON: inactive players will automatically lose when time's up. (requested by Kristianna)
|
|t:|1779846423
|teamsize|p1|6
|teamsize|p2|6
|start
|switch|p1a: Kyurem|Kyurem|100/100
|switch|p2a: Walking Wake|Walking Wake|100/100
|-ability|p1a: Kyurem|Pressure
|-enditem|p2a: Walking Wake|Booster Energy
|-activate|p2a: Walking Wake|ability: Protosynthesis|[fromitem]
|-start|p2a: Walking Wake|protosynthesisspa
|turn|1
|
|t:|1779846437
|move|p2a: Walking Wake|Draco Meteor|p1a: Kyurem
|-supereffective|p1a: Kyurem
|-damage|p1a: Kyurem|8/100
|-unboost|p2a: Walking Wake|spa|2
|move|p1a: Kyurem|Freeze-Dry|p2a: Walking Wake
|-supereffective|p2a: Walking Wake
|-damage|p2a: Walking Wake|0 fnt
|faint|p2a: Walking Wake
|-end|p2a: Walking Wake|Protosynthesis|[silent]
|
|upkeep
|
|t:|1779846453
|switch|p2a: Scizor|Scizor, M|100/100
|turn|2
|
|t:|1779846468
|move|p2a: Scizor|Bullet Punch|p1a: Kyurem
|-supereffective|p1a: Kyurem
|-damage|p1a: Kyurem|0 fnt
|faint|p1a: Kyurem
|-damage|p2a: Scizor|91/100|[from] item: Life Orb
|
|upkeep
|
|t:|1779846472
|switch|p1a: Sinistcha|Sinistcha-Masterpiece|100/100
|turn|3
|
|t:|1779846478
|move|p1a: Sinistcha|Strength Sap|p2a: Scizor
|-unboost|p2a: Scizor|atk|1
|move|p2a: Scizor|Dual Wingbeat|p1a: Sinistcha
|-supereffective|p1a: Sinistcha
|-damage|p1a: Sinistcha|61/100
|-supereffective|p1a: Sinistcha
|-damage|p1a: Sinistcha|22/100
|-hitcount|p1a: Sinistcha|2
|-damage|p2a: Scizor|81/100|[from] item: Life Orb
|
|-heal|p1a: Sinistcha|28/100|[from] item: Leftovers
|upkeep
|turn|4
|
|t:|1779846485
|move|p1a: Sinistcha|Strength Sap|p2a: Scizor
|-unboost|p2a: Scizor|atk|1
|-heal|p1a: Sinistcha|100/100
|move|p2a: Scizor|Dual Wingbeat|p1a: Sinistcha
|-supereffective|p1a: Sinistcha
|-damage|p1a: Sinistcha|72/100
|-supereffective|p1a: Sinistcha
|-damage|p1a: Sinistcha|40/100
|-hitcount|p1a: Sinistcha|2
|-damage|p2a: Scizor|71/100|[from] item: Life Orb
|
|-heal|p1a: Sinistcha|46/100|[from] item: Leftovers
|upkeep
|turn|5
|
|t:|1779846492
|move|p1a: Sinistcha|Strength Sap|p2a: Scizor
|-unboost|p2a: Scizor|atk|1
|-heal|p1a: Sinistcha|100/100
|move|p2a: Scizor|Dual Wingbeat|p1a: Sinistcha
|-supereffective|p1a: Sinistcha
|-damage|p1a: Sinistcha|78/100
|-supereffective|p1a: Sinistcha
|-damage|p1a: Sinistcha|57/100
|-hitcount|p1a: Sinistcha|2
|-damage|p2a: Scizor|61/100|[from] item: Life Orb
|
|-heal|p1a: Sinistcha|63/100|[from] item: Leftovers
|upkeep
|turn|6
|
|t:|1779846502
|move|p1a: Sinistcha|Matcha Gotcha|p2a: Scizor
|-resisted|p2a: Scizor
|-damage|p2a: Scizor|49/100
|-heal|p1a: Sinistcha|69/100|[from] drain|[of] p2a: Scizor
|move|p2a: Scizor|U-turn|p1a: Sinistcha
|-damage|p1a: Sinistcha|49/100
|-damage|p2a: Scizor|39/100|[from] item: Life Orb
|
|t:|1779846514
|switch|p2a: Ceruledge|Ceruledge, M|100/100|[from] U-turn
|
|-heal|p1a: Sinistcha|55/100|[from] item: Leftovers
|upkeep
|turn|7
|
|t:|1779846522
|-terastallize|p1a: Sinistcha|Water
|move|p2a: Ceruledge|Bitter Blade|p1a: Sinistcha
|-resisted|p1a: Sinistcha
|-damage|p1a: Sinistcha|43/100
|move|p1a: Sinistcha|Strength Sap|p2a: Ceruledge
|-unboost|p2a: Ceruledge|atk|1
|-heal|p1a: Sinistcha|100/100
|
|upkeep
|turn|8
|
|t:|1779846537
|switch|p2a: Zarude|Zarude|100/100
|move|p1a: Sinistcha|Shadow Ball|p2a: Zarude
|-resisted|p2a: Zarude
|-damage|p2a: Zarude|79/100
|
|upkeep
|turn|9
|
|t:|1779846548
|switch|p1a: Iron Treads|Iron Treads|100/100
|move|p2a: Zarude|Giga Drain|p1a: Iron Treads
|-damage|p1a: Iron Treads|76/100
|-heal|p2a: Zarude|90/100|[from] drain|[of] p1a: Iron Treads
|
|-heal|p1a: Iron Treads|82/100|[from] item: Leftovers
|upkeep
|turn|10
|
|t:|1779846570
|move|p1a: Iron Treads|Knock Off|p2a: Zarude
|-resisted|p2a: Zarude
|-damage|p2a: Zarude|77/100
|-enditem|p2a: Zarude|Focus Sash|[from] move: Knock Off|[of] p1a: Iron Treads
|move|p2a: Zarude|Bullet Seed|p1a: Iron Treads
|-damage|p1a: Iron Treads|71/100
|-damage|p1a: Iron Treads|60/100
|-damage|p1a: Iron Treads|48/100
|-damage|p1a: Iron Treads|36/100
|-hitcount|p1a: Iron Treads|4
|
|-heal|p1a: Iron Treads|43/100|[from] item: Leftovers
|upkeep
|turn|11
|
|t:|1779846583
|-end|p1a: Iron Treads|Quark Drive|[silent]
|switch|p1a: Iron Valiant|Iron Valiant|100/100
|-enditem|p1a: Iron Valiant|Booster Energy
|-activate|p1a: Iron Valiant|ability: Quark Drive|[fromitem]
|-start|p1a: Iron Valiant|quarkdrivespe
|move|p2a: Zarude|Bullet Seed|p1a: Iron Valiant
|-damage|p1a: Iron Valiant|85/100
|-damage|p1a: Iron Valiant|69/100
|-damage|p1a: Iron Valiant|52/100
|-hitcount|p1a: Iron Valiant|3
|
|upkeep
|turn|12
|
|t:|1779846595
|move|p1a: Iron Valiant|Moonblast|p2a: Zarude
|-supereffective|p2a: Zarude
|-damage|p2a: Zarude|0 fnt
|faint|p2a: Zarude
|
|upkeep
|
|t:|1779846607
|switch|p2a: Cresselia|Cresselia, F|100/100
|turn|13
|
|t:|1779846615
|move|p1a: Iron Valiant|Moonblast|p2a: Cresselia
|-damage|p2a: Cresselia|75/100
|-enditem|p2a: Cresselia|Eject Button
|
|t:|1779846622
|switch|p2a: Florges|Florges-Orange, F|100/100
|
|upkeep
|turn|14
|
|t:|1779846635
|move|p1a: Iron Valiant|Moonblast|p2a: Florges
|-damage|p2a: Florges|72/100
|-unboost|p2a: Florges|spa|1
|move|p2a: Florges|Moonblast|p1a: Iron Valiant
|-supereffective|p1a: Iron Valiant
|-damage|p1a: Iron Valiant|0 fnt
|faint|p1a: Iron Valiant
|-end|p1a: Iron Valiant|Quark Drive|[silent]
|
|-heal|p2a: Florges|78/100|[from] item: Leftovers
|upkeep
|
|t:|1779846642
|switch|p1a: Iron Treads|Iron Treads|43/100
|turn|15
|
|t:|1779846665
|switch|p2a: Ceruledge|Ceruledge, M|100/100
|move|p1a: Iron Treads|Heavy Slam|p2a: Ceruledge
|-resisted|p2a: Ceruledge
|-damage|p2a: Ceruledge|74/100
|-ability|p2a: Ceruledge|Weak Armor|boost
|-unboost|p2a: Ceruledge|def|1
|-boost|p2a: Ceruledge|spe|2
|
|-heal|p1a: Iron Treads|49/100|[from] item: Leftovers
|upkeep
|turn|16
|
|t:|1779846675
|-end|p1a: Iron Treads|Quark Drive|[silent]
|switch|p1a: Sinistcha|Sinistcha-Masterpiece, tera:Water|100/100
|move|p2a: Ceruledge|Close Combat|p1a: Sinistcha
|-damage|p1a: Sinistcha|61/100
|-unboost|p2a: Ceruledge|def|1
|-unboost|p2a: Ceruledge|spd|1
|
|-heal|p1a: Sinistcha|67/100|[from] item: Leftovers
|upkeep
|turn|17
|
|t:|1779846688
|move|p2a: Ceruledge|Poltergeist|p1a: Sinistcha
|-activate|p1a: Sinistcha|move: Poltergeist|Leftovers
|-damage|p1a: Sinistcha|13/100
|move|p1a: Sinistcha|Shadow Ball|p2a: Ceruledge
|-supereffective|p2a: Ceruledge
|-damage|p2a: Ceruledge|0 fnt
|faint|p2a: Ceruledge
|
|-heal|p1a: Sinistcha|19/100|[from] item: Leftovers
|upkeep
|
|t:|1779846693
|switch|p2a: Scizor|Scizor, M|39/100
|turn|18
|
|t:|1779846698
|move|p1a: Sinistcha|Strength Sap|p2a: Scizor
|-unboost|p2a: Scizor|atk|1
|-heal|p1a: Sinistcha|100/100
|move|p2a: Scizor|U-turn|p1a: Sinistcha
|-damage|p1a: Sinistcha|68/100
|-damage|p2a: Scizor|29/100|[from] item: Life Orb
|
|t:|1779846707
|switch|p2a: Cresselia|Cresselia, F|75/100|[from] U-turn
|
|-heal|p1a: Sinistcha|74/100|[from] item: Leftovers
|upkeep
|turn|19
|
|t:|1779846714
|move|p2a: Cresselia|Lunar Dance|p2a: Cresselia
|faint|p2a: Cresselia
|move|p1a: Sinistcha|Calm Mind|p1a: Sinistcha
|-boost|p1a: Sinistcha|spa|1
|-boost|p1a: Sinistcha|spd|1
|
|-heal|p1a: Sinistcha|80/100|[from] item: Leftovers
|upkeep
|
|t:|1779846716
|switch|p2a: Scizor|Scizor, M|29/100
|-heal|p2a: Scizor|100/100|[from] move: Lunar Dance
|turn|20
|
|t:|1779846730
|switch|p2a: Florges|Florges-Orange, F|78/100
|move|p1a: Sinistcha|Strength Sap|p2a: Florges
|-unboost|p2a: Florges|atk|1
|-heal|p1a: Sinistcha|100/100
|
|-heal|p2a: Florges|84/100|[from] item: Leftovers
|upkeep
|turn|21
|
|t:|1779846734
|move|p2a: Florges|Moonblast|p1a: Sinistcha
|-damage|p1a: Sinistcha|70/100
|move|p1a: Sinistcha|Calm Mind|p1a: Sinistcha
|-boost|p1a: Sinistcha|spa|1
|-boost|p1a: Sinistcha|spd|1
|
|-heal|p2a: Florges|90/100|[from] item: Leftovers
|-heal|p1a: Sinistcha|76/100|[from] item: Leftovers
|upkeep
|turn|22
|
|t:|1779846738
|move|p2a: Florges|Charm|p1a: Sinistcha
|-unboost|p1a: Sinistcha|atk|2
|move|p1a: Sinistcha|Calm Mind|p1a: Sinistcha
|-boost|p1a: Sinistcha|spa|1
|-boost|p1a: Sinistcha|spd|1
|
|-heal|p2a: Florges|96/100|[from] item: Leftovers
|-heal|p1a: Sinistcha|82/100|[from] item: Leftovers
|upkeep
|turn|23
|
|t:|1779846751
|move|p2a: Florges|Calm Mind|p2a: Florges
|-boost|p2a: Florges|spa|1
|-boost|p2a: Florges|spd|1
|move|p1a: Sinistcha|Calm Mind|p1a: Sinistcha
|-boost|p1a: Sinistcha|spa|1
|-boost|p1a: Sinistcha|spd|1
|
|-heal|p2a: Florges|100/100|[from] item: Leftovers
|-heal|p1a: Sinistcha|88/100|[from] item: Leftovers
|upkeep
|turn|24
|
|t:|1779846757
|move|p2a: Florges|Calm Mind|p2a: Florges
|-boost|p2a: Florges|spa|1
|-boost|p2a: Florges|spd|1
|move|p1a: Sinistcha|Shadow Ball|p2a: Florges
|-damage|p2a: Florges|61/100
|
|-heal|p2a: Florges|67/100|[from] item: Leftovers
|-heal|p1a: Sinistcha|94/100|[from] item: Leftovers
|upkeep
|turn|25
|
|t:|1779846763
|move|p2a: Florges|Synthesis|p2a: Florges
|-heal|p2a: Florges|100/100
|move|p1a: Sinistcha|Shadow Ball|p2a: Florges
|-damage|p2a: Florges|61/100
|
|-heal|p2a: Florges|67/100|[from] item: Leftovers
|-heal|p1a: Sinistcha|99/100|[from] item: Leftovers
|upkeep
|turn|26
|
|t:|1779846768
|move|p2a: Florges|Charm|p1a: Sinistcha
|-unboost|p1a: Sinistcha|atk|2
|move|p1a: Sinistcha|Shadow Ball|p2a: Florges
|-damage|p2a: Florges|21/100
|
|-heal|p2a: Florges|27/100|[from] item: Leftovers
|-heal|p1a: Sinistcha|100/100|[from] item: Leftovers
|upkeep
|turn|27
|
|t:|1779846771
|move|p2a: Florges|Synthesis|p2a: Florges
|-heal|p2a: Florges|77/100
|move|p1a: Sinistcha|Shadow Ball|p2a: Florges
|-damage|p2a: Florges|35/100
|
|-heal|p2a: Florges|41/100|[from] item: Leftovers
|upkeep
|turn|28
|
|t:|1779846773
|move|p2a: Florges|Synthesis|p2a: Florges
|-heal|p2a: Florges|91/100
|move|p1a: Sinistcha|Shadow Ball|p2a: Florges
|-damage|p2a: Florges|48/100
|-unboost|p2a: Florges|spd|1
|
|-heal|p2a: Florges|54/100|[from] item: Leftovers
|upkeep
|turn|29
|
|t:|1779846777
|move|p2a: Florges|Synthesis|p2a: Florges
|-heal|p2a: Florges|100/100
|move|p1a: Sinistcha|Shadow Ball|p2a: Florges
|-damage|p2a: Florges|46/100
|
|-heal|p2a: Florges|52/100|[from] item: Leftovers
|upkeep
|turn|30
|
|t:|1779846780
|move|p2a: Florges|Moonblast|p1a: Sinistcha
|-damage|p1a: Sinistcha|72/100
|-unboost|p1a: Sinistcha|spa|1
|move|p1a: Sinistcha|Shadow Ball|p2a: Florges
|-damage|p2a: Florges|5/100
|
|-heal|p2a: Florges|11/100|[from] item: Leftovers
|-heal|p1a: Sinistcha|78/100|[from] item: Leftovers
|upkeep
|turn|31
|
|t:|1779846785
|move|p2a: Florges|Synthesis|p2a: Florges
|-heal|p2a: Florges|61/100
|move|p1a: Sinistcha|Shadow Ball|p2a: Florges
|-damage|p2a: Florges|13/100
|
|-heal|p2a: Florges|19/100|[from] item: Leftovers
|-heal|p1a: Sinistcha|84/100|[from] item: Leftovers
|upkeep
|turn|32
|
|t:|1779846788
|move|p2a: Florges|Moonblast|p1a: Sinistcha
|-damage|p1a: Sinistcha|53/100
|move|p1a: Sinistcha|Shadow Ball|p2a: Florges
|-damage|p2a: Florges|0 fnt
|faint|p2a: Florges
|
|-heal|p1a: Sinistcha|59/100|[from] item: Leftovers
|upkeep
|
|t:|1779846790
|switch|p2a: Scizor|Scizor, M|100/100
|turn|33
|
|t:|1779846795
|move|p1a: Sinistcha|Strength Sap|p2a: Scizor
|-unboost|p2a: Scizor|atk|1
|-heal|p1a: Sinistcha|100/100
|move|p2a: Scizor|Close Combat|p1a: Sinistcha
|-damage|p1a: Sinistcha|62/100
|-unboost|p2a: Scizor|def|1
|-unboost|p2a: Scizor|spd|1
|-damage|p2a: Scizor|91/100|[from] item: Life Orb
|
|-heal|p1a: Sinistcha|68/100|[from] item: Leftovers
|upkeep
|turn|34
|
|t:|1779846802
|move|p1a: Sinistcha|Strength Sap|p2a: Scizor
|-unboost|p2a: Scizor|atk|1
|-heal|p1a: Sinistcha|100/100
|move|p2a: Scizor|Dual Wingbeat|p1a: Sinistcha
|-damage|p1a: Sinistcha|85/100
|-damage|p1a: Sinistcha|71/100
|-hitcount|p1a: Sinistcha|2
|-damage|p2a: Scizor|81/100|[from] item: Life Orb
|
|-heal|p1a: Sinistcha|77/100|[from] item: Leftovers
|upkeep
|turn|35
|
|t:|1779846805
|move|p2a: Scizor|Bullet Punch|p1a: Sinistcha
|-resisted|p1a: Sinistcha
|-damage|p1a: Sinistcha|67/100
|-damage|p2a: Scizor|71/100|[from] item: Life Orb
|move|p1a: Sinistcha|Matcha Gotcha|p2a: Scizor
|-resisted|p2a: Scizor
|-damage|p2a: Scizor|21/100
|-heal|p1a: Sinistcha|92/100|[from] drain|[of] p2a: Scizor
|
|-heal|p1a: Sinistcha|98/100|[from] item: Leftovers
|upkeep
|turn|36
|
|t:|1779846808
|move|p2a: Scizor|Bullet Punch|p1a: Sinistcha
|-resisted|p1a: Sinistcha
|-damage|p1a: Sinistcha|86/100
|-damage|p2a: Scizor|11/100|[from] item: Life Orb
|move|p1a: Sinistcha|Shadow Ball|p2a: Scizor
|-damage|p2a: Scizor|0 fnt
|faint|p2a: Scizor
|
|win|Kristianna
|raw|Kristianna's rating: 1124 &rarr; <strong>1149</strong><br />(+25 for winning)
|raw|Kristian697's rating: 1126 &rarr; <strong>1101</strong><br />(-25 for losing)
|l|☆Kristian697
|player|p2|
|l|☆Kristianna
|player|p1|
