|j|☆hennyhardaway1
|j|☆claudechamp
|t:|1779896773
|gametype|singles
|player|p1|hennyhardaway1|morty|1238
|player|p2|claudechamp|169|1263
|gen|9
|tier|[Gen 9] OU
|rated|
|rule|HP Percentage Mod: HP is shown in percentages
|rule|Endless Battle Clause: Forcing endless battles is banned
|rule|Species Clause: Limit one of each Pokémon
|rule|OHKO Clause: OHKO moves are banned
|rule|Evasion Items Clause: Evasion items are banned
|rule|Evasion Moves Clause: Evasion moves are banned
|rule|Evasion Abilities Clause: Evasion abilities are banned
|rule|Sleep Moves Clause: Sleep-inducing moves are banned
|clearpoke
|poke|p1|Alomomola, F|
|poke|p1|Rillaboom, M|
|poke|p1|Heatran, M|
|poke|p1|Great Tusk|
|poke|p1|Kyurem|
|poke|p1|Iron Valiant|
|poke|p2|Corviknight, M|
|poke|p2|Ting-Lu|
|poke|p2|Kyurem|
|poke|p2|Dondozo, M|
|poke|p2|Slowking-Galar, F|
|poke|p2|Cinderace, M|
|teampreview
|c|☆claudechamp|hf
|inactive|Battle timer is ON: inactive players will automatically lose when time's up. (requested by claudechamp)
|
|t:|1779896778
|teamsize|p1|6
|teamsize|p2|6
|start
|switch|p1a: Rillaboom|Rillaboom, M|100/100
|switch|p2a: Cinderace|Cinderace, M|100/100
|-fieldstart|move: Grassy Terrain|[from] ability: Grassy Surge|[of] p1a: Rillaboom
|turn|1
|
|t:|1779896783
|switch|p2a: Kyurem|Kyurem|100/100
|-ability|p2a: Kyurem|Pressure
|switch|p1a: Alomomola|Alomomola, F|100/100
|
|upkeep
|turn|2
|
|t:|1779896790
|move|p1a: Alomomola|Protect|p1a: Alomomola
|-singleturn|p1a: Alomomola|Protect
|move|p2a: Kyurem|Freeze-Dry|p1a: Alomomola
|-activate|p1a: Alomomola|move: Protect
|
|upkeep
|turn|3
|
|t:|1779896800
|switch|p1a: Heatran|Heatran, M|100/100
|move|p2a: Kyurem|Freeze-Dry|p1a: Heatran
|-resisted|p1a: Heatran
|-damage|p1a: Heatran|96/100
|
|-heal|p1a: Heatran|100/100|[from] Grassy Terrain
|upkeep
|turn|4
|
|t:|1779896806
|move|p2a: Kyurem|Substitute|p2a: Kyurem
|-start|p2a: Kyurem|Substitute
|-damage|p2a: Kyurem|75/100
|move|p1a: Heatran|Magma Storm|p2a: Kyurem|[miss]
|-miss|p1a: Heatran|p2a: Kyurem
|
|-heal|p2a: Kyurem|82/100|[from] Grassy Terrain
|-heal|p2a: Kyurem|88/100|[from] item: Leftovers
|upkeep
|turn|5
|
|t:|1779896810
|move|p2a: Kyurem|Freeze-Dry|p1a: Heatran
|-resisted|p1a: Heatran
|-damage|p1a: Heatran|96/100
|-status|p1a: Heatran|frz
|-curestatus|p1a: Heatran|frz|[msg]
|move|p1a: Heatran|Magma Storm|p2a: Kyurem
|-end|p2a: Kyurem|Substitute
|
|-heal|p2a: Kyurem|94/100|[from] Grassy Terrain
|-heal|p2a: Kyurem|99/100|[from] item: Leftovers
|-heal|p1a: Heatran|100/100|[from] Grassy Terrain
|-fieldend|move: Grassy Terrain
|upkeep
|turn|6
|
|t:|1779896819
|move|p2a: Kyurem|Freeze-Dry|p1a: Heatran
|-resisted|p1a: Heatran
|-damage|p1a: Heatran|95/100
|move|p1a: Heatran|Stealth Rock|p2a: Kyurem
|-sidestart|p2: claudechamp|move: Stealth Rock
|
|-heal|p2a: Kyurem|100/100|[from] item: Leftovers
|-heal|p1a: Heatran|100/100|[from] item: Leftovers
|upkeep
|turn|7
|
|t:|1779896822
|move|p2a: Kyurem|Earth Power|p1a: Heatran
|-supereffective|p1a: Heatran
|-damage|p1a: Heatran|23/100
|move|p1a: Heatran|Earth Power|p2a: Kyurem
|-damage|p2a: Kyurem|77/100
|
|-heal|p2a: Kyurem|83/100|[from] item: Leftovers
|-heal|p1a: Heatran|29/100|[from] item: Leftovers
|upkeep
|turn|8
|
|t:|1779896829
|move|p2a: Kyurem|Earth Power|p1a: Heatran
|-supereffective|p1a: Heatran
|-damage|p1a: Heatran|0 fnt
|faint|p1a: Heatran
|
|-heal|p2a: Kyurem|89/100|[from] item: Leftovers
|upkeep
|
|t:|1779896833
|switch|p1a: Kyurem|Kyurem|100/100
|-ability|p1a: Kyurem|Pressure
|turn|9
|
|t:|1779896835
|move|p1a: Kyurem|Draco Meteor|p2a: Kyurem
|-supereffective|p2a: Kyurem
|-damage|p2a: Kyurem|0 fnt
|-unboost|p1a: Kyurem|spa|2
|faint|p2a: Kyurem
|
|upkeep
|
|t:|1779896838
|switch|p2a: Cinderace|Cinderace, M|100/100
|turn|10
|
|t:|1779896845
|switch|p1a: Alomomola|Alomomola, F|100/100
|move|p2a: Cinderace|Court Change|p2a: Cinderace
|-swapsideconditions
|-activate|p2a: Cinderace|move: Court Change
|
|upkeep
|turn|11
|
|t:|1779896848
|move|p2a: Cinderace|Pyro Ball|p1a: Alomomola
|-resisted|p1a: Alomomola
|-damage|p1a: Alomomola|87/100
|move|p1a: Alomomola|Flip Turn|p2a: Cinderace
|-supereffective|p2a: Cinderace
|-damage|p2a: Cinderace|64/100
|
|t:|1779896860
|switch|p1a: Kyurem|Kyurem|100/100|[from] Flip Turn
|-damage|p1a: Kyurem|76/100|[from] Stealth Rock
|-ability|p1a: Kyurem|Pressure
|
|upkeep
|turn|12
|
|t:|1779896866
|move|p1a: Kyurem|Draco Meteor|p2a: Cinderace
|-damage|p2a: Cinderace|0 fnt
|-unboost|p1a: Kyurem|spa|2
|faint|p2a: Cinderace
|
|upkeep
|
|t:|1779896871
|switch|p2a: Slowking|Slowking-Galar, F|100/100
|turn|13
|
|t:|1779896877
|switch|p1a: Alomomola|Alomomola, F|100/100
|move|p2a: Slowking|Sludge Bomb|p1a: Alomomola
|-damage|p1a: Alomomola|61/100
|
|upkeep
|turn|14
|
|t:|1779896885
|move|p1a: Alomomola|Wish|p1a: Alomomola
|move|p2a: Slowking|Sludge Bomb|p1a: Alomomola
|-damage|p1a: Alomomola|20/100
|
|upkeep
|turn|15
|
|t:|1779896890
|move|p1a: Alomomola|Protect|p1a: Alomomola
|-singleturn|p1a: Alomomola|Protect
|move|p2a: Slowking|Future Sight|p1a: Alomomola
|-start|p2a: Slowking|move: Future Sight
|
|-heal|p1a: Alomomola|70/100|[from] move: Wish|[wisher] Alomomola
|upkeep
|turn|16
|
|t:|1779896897
|switch|p1a: Great Tusk|Great Tusk|100/100
|-damage|p1a: Great Tusk|98/100|[from] Stealth Rock
|move|p2a: Slowking|Sludge Bomb|p1a: Great Tusk
|-resisted|p1a: Great Tusk
|-damage|p1a: Great Tusk|72/100
|
|-heal|p1a: Great Tusk|78/100|[from] item: Leftovers
|upkeep
|turn|17
|
|t:|1779896916
|-terastallize|p1a: Great Tusk|Water
|move|p1a: Great Tusk|Rapid Spin|p2a: Slowking
|-damage|p2a: Slowking|87/100
|-boost|p1a: Great Tusk|spe|1
|-sideend|p1: hennyhardaway1|Stealth Rock|[from] move: Rapid Spin|[of] p1a: Great Tusk
|move|p2a: Slowking|Ice Beam|p1a: Great Tusk
|-resisted|p1a: Great Tusk
|-damage|p1a: Great Tusk|63/100
|
|-end|p1a: Great Tusk|move: Future Sight
|-crit|p1a: Great Tusk
|-damage|p1a: Great Tusk|0 fnt
|faint|p1a: Great Tusk
|-end|p1a: Great Tusk|Protosynthesis|[silent]
|upkeep
|
|t:|1779896924
|switch|p1a: Iron Valiant|Iron Valiant, shiny|100/100
|turn|18
|
|t:|1779896932
|move|p1a: Iron Valiant|Knock Off|p2a: Slowking
|-supereffective|p2a: Slowking
|-damage|p2a: Slowking|39/100
|-enditem|p2a: Slowking|Shuca Berry|[from] move: Knock Off|[of] p1a: Iron Valiant
|move|p2a: Slowking|Sludge Bomb|p1a: Iron Valiant
|-supereffective|p1a: Iron Valiant
|-damage|p1a: Iron Valiant|0 fnt
|faint|p1a: Iron Valiant
|-end|p1a: Iron Valiant|Quark Drive|[silent]
|
|upkeep
|
|t:|1779896942
|switch|p1a: Rillaboom|Rillaboom, M|100/100
|-fieldstart|move: Grassy Terrain|[from] ability: Grassy Surge|[of] p1a: Rillaboom
|turn|19
|
|t:|1779896946
|move|p1a: Rillaboom|High Horsepower|p2a: Slowking
|-supereffective|p2a: Slowking
|-damage|p2a: Slowking|0 fnt
|faint|p2a: Slowking
|
|upkeep
|
|t:|1779896955
|switch|p2a: Dondozo|Dondozo, M|100/100
|turn|20
|
|t:|1779896964
|switch|p1a: Alomomola|Alomomola, F|100/100
|move|p2a: Dondozo|Curse|p2a: Dondozo
|-unboost|p2a: Dondozo|spe|1
|-boost|p2a: Dondozo|atk|1
|-boost|p2a: Dondozo|def|1
|
|upkeep
|turn|21
|
|t:|1779896974
|move|p1a: Alomomola|Scald|p2a: Dondozo
|-resisted|p2a: Dondozo
|-damage|p2a: Dondozo|96/100
|move|p2a: Dondozo|Curse|p2a: Dondozo
|-unboost|p2a: Dondozo|spe|1
|-boost|p2a: Dondozo|atk|1
|-boost|p2a: Dondozo|def|1
|
|-heal|p2a: Dondozo|100/100|[from] Grassy Terrain
|upkeep
|turn|22
|
|t:|1779896984
|move|p1a: Alomomola|Scald|p2a: Dondozo
|-resisted|p2a: Dondozo
|-damage|p2a: Dondozo|96/100
|-status|p2a: Dondozo|brn
|move|p2a: Dondozo|Body Press|p1a: Alomomola
|-damage|p1a: Alomomola|90/100
|
|-heal|p1a: Alomomola|96/100|[from] Grassy Terrain
|-heal|p2a: Dondozo|100/100 brn|[from] Grassy Terrain
|-damage|p2a: Dondozo|94/100 brn|[from] brn
|upkeep
|turn|23
|
|t:|1779896995
|move|p1a: Alomomola|Flip Turn|p2a: Dondozo
|-resisted|p2a: Dondozo
|-damage|p2a: Dondozo|92/100 brn
|
|t:|1779896997
|switch|p1a: Kyurem|Kyurem|76/100|[from] Flip Turn
|-ability|p1a: Kyurem|Pressure
|move|p2a: Dondozo|Curse|p2a: Dondozo
|-unboost|p2a: Dondozo|spe|1
|-boost|p2a: Dondozo|atk|1
|-boost|p2a: Dondozo|def|1
|
|-heal|p1a: Kyurem|82/100|[from] Grassy Terrain
|-heal|p2a: Dondozo|98/100 brn|[from] Grassy Terrain
|-heal|p2a: Dondozo|100/100 brn|[from] item: Leftovers
|-damage|p2a: Dondozo|94/100 brn|[from] brn
|-fieldend|move: Grassy Terrain
|upkeep
|turn|24
|
|t:|1779897005
|move|p1a: Kyurem|Freeze-Dry|p2a: Dondozo
|-supereffective|p2a: Dondozo
|-damage|p2a: Dondozo|44/100 brn
|move|p2a: Dondozo|Rest|p2a: Dondozo
|-status|p2a: Dondozo|slp|[from] move: Rest
|-heal|p2a: Dondozo|100/100 slp|[silent]
|
|upkeep
|turn|25
|
|t:|1779897017
|-terastallize|p2a: Dondozo|Dark
|move|p1a: Kyurem|Freeze-Dry|p2a: Dondozo
|-damage|p2a: Dondozo|76/100 slp
|cant|p2a: Dondozo|slp
|
|-heal|p2a: Dondozo|83/100 slp|[from] item: Leftovers
|upkeep
|turn|26
|
|t:|1779897029
|switch|p1a: Rillaboom|Rillaboom, M|100/100
|-fieldstart|move: Grassy Terrain|[from] ability: Grassy Surge|[of] p1a: Rillaboom
|cant|p2a: Dondozo|slp
|
|-heal|p2a: Dondozo|89/100 slp|[from] Grassy Terrain
|-heal|p2a: Dondozo|95/100 slp|[from] item: Leftovers
|upkeep
|turn|27
|
|t:|1779897034
|move|p1a: Rillaboom|Knock Off|p2a: Dondozo
|-resisted|p2a: Dondozo
|-damage|p2a: Dondozo|89/100 slp
|-enditem|p2a: Dondozo|Leftovers|[from] move: Knock Off|[of] p1a: Rillaboom
|-curestatus|p2a: Dondozo|slp|[msg]
|move|p2a: Dondozo|Body Press|p1a: Rillaboom
|-damage|p1a: Rillaboom|47/100
|
|-heal|p1a: Rillaboom|53/100|[from] Grassy Terrain
|-heal|p2a: Dondozo|95/100|[from] Grassy Terrain
|upkeep
|turn|28
|
|t:|1779897042
|switch|p1a: Alomomola|Alomomola, F|100/100
|move|p2a: Dondozo|Curse|p2a: Dondozo
|-unboost|p2a: Dondozo|spe|1
|-boost|p2a: Dondozo|atk|1
|-boost|p2a: Dondozo|def|1
|
|-heal|p2a: Dondozo|100/100|[from] Grassy Terrain
|upkeep
|turn|29
|
|t:|1779897048
|move|p1a: Alomomola|Scald|p2a: Dondozo
|-damage|p2a: Dondozo|92/100
|move|p2a: Dondozo|Body Press|p1a: Alomomola
|-damage|p1a: Alomomola|69/100
|
|-heal|p1a: Alomomola|75/100|[from] Grassy Terrain
|-heal|p2a: Dondozo|98/100|[from] Grassy Terrain
|upkeep
|turn|30
|
|t:|1779897054
|move|p1a: Alomomola|Scald|p2a: Dondozo
|-damage|p2a: Dondozo|89/100
|move|p2a: Dondozo|Body Press|p1a: Alomomola
|-damage|p1a: Alomomola|42/100
|
|-heal|p1a: Alomomola|48/100|[from] Grassy Terrain
|-heal|p2a: Dondozo|95/100|[from] Grassy Terrain
|-fieldend|move: Grassy Terrain
|upkeep
|turn|31
|
|t:|1779897061
|move|p1a: Alomomola|Scald|p2a: Dondozo
|-damage|p2a: Dondozo|86/100
|move|p2a: Dondozo|Body Press|p1a: Alomomola
|-damage|p1a: Alomomola|13/100
|
|upkeep
|turn|32
|
|t:|1779897069
|move|p1a: Alomomola|Scald|p2a: Dondozo
|-damage|p2a: Dondozo|77/100
|move|p2a: Dondozo|Waterfall|p1a: Alomomola
|-resisted|p1a: Alomomola
|-damage|p1a: Alomomola|0 fnt
|faint|p1a: Alomomola
|
|upkeep
|
|t:|1779897074
|switch|p1a: Kyurem|Kyurem|82/100
|-ability|p1a: Kyurem|Pressure
|turn|33
|
|t:|1779897079
|move|p1a: Kyurem|Draco Meteor|p2a: Dondozo
|-damage|p2a: Dondozo|34/100
|-unboost|p1a: Kyurem|spa|2
|move|p2a: Dondozo|Body Press|p1a: Kyurem
|-supereffective|p1a: Kyurem
|-damage|p1a: Kyurem|0 fnt
|faint|p1a: Kyurem
|
|upkeep
|c|☆hennyhardaway1|gg wp
|
|t:|1779897096
|switch|p1a: Rillaboom|Rillaboom, M|53/100
|-fieldstart|move: Grassy Terrain|[from] ability: Grassy Surge|[of] p1a: Rillaboom
|turn|34
|
|t:|1779897102
|switch|p2a: Corviknight|Corviknight, M|100/100
|-ability|p2a: Corviknight|Pressure
|move|p1a: Rillaboom|Grassy Glide|p2a: Corviknight
|-resisted|p2a: Corviknight
|-damage|p2a: Corviknight|92/100
|-damage|p1a: Rillaboom|37/100|[from] item: Rocky Helmet|[of] p2a: Corviknight
|
|-heal|p1a: Rillaboom|43/100|[from] Grassy Terrain
|upkeep
|turn|35
|
|t:|1779897108
|move|p1a: Rillaboom|Grassy Glide|p2a: Corviknight
|-resisted|p2a: Corviknight
|-damage|p2a: Corviknight|83/100
|-damage|p1a: Rillaboom|27/100|[from] item: Rocky Helmet|[of] p2a: Corviknight
|move|p2a: Corviknight|Brave Bird|p1a: Rillaboom
|-supereffective|p1a: Rillaboom
|-damage|p1a: Rillaboom|0 fnt
|faint|p1a: Rillaboom
|-damage|p2a: Corviknight|76/100|[from] Recoil
|
|win|claudechamp
|raw|hennyhardaway1's rating: 1238 &rarr; <strong>1212</strong><br />(-26 for losing)
|raw|claudechamp's rating: 1229 &rarr; <strong>1255</strong><br />(+26 for winning)
|c|☆claudechamp|gg
|l|☆hennyhardaway1
|player|p1|
