|j|☆Necros117
|j|☆My Alexandra
|t:|1779807049
|gametype|singles
|player|p1|Necros117|265|1326
|player|p2|My Alexandra|caitlin-masters|1352
|gen|9
|tier|[Gen 9] OU
|rated|
|rule|HP Percentage Mod: HP is shown in percentages
|rule|Endless Battle Clause: Forcing endless battles is banned
|rule|Species Clause: Limit one of each Pokémon
|rule|OHKO Clause: OHKO moves are banned
|rule|Evasion Items Clause: Evasion items are banned
|rule|Evasion Moves Clause: Evasion moves are banned
|rule|Evasion Abilities Clause: Evasion abilities are banned
|rule|Sleep Moves Clause: Sleep-inducing moves are banned
|clearpoke
|poke|p1|Gliscor, F|
|poke|p1|Gholdengo|
|poke|p1|Dragonite, F|
|poke|p1|Ting-Lu|
|poke|p1|Darkrai|
|poke|p1|Zamazenta-*|
|poke|p2|Cobalion|
|poke|p2|Mandibuzz, F|
|poke|p2|Dragapult, M|
|poke|p2|Iron Treads|
|poke|p2|Primarina, M|
|poke|p2|Ogerpon-Wellspring, F|
|teampreview
|inactive|Battle timer is ON: inactive players will automatically lose when time's up. (requested by My Alexandra)
|
|t:|1779807065
|teamsize|p1|6
|teamsize|p2|6
|start
|switch|p1a: Gliscor|Gliscor, F|100/100
|switch|p2a: Primarina|Primarina, M|100/100
|turn|1
|
|t:|1779807070
|move|p1a: Gliscor|Protect|p1a: Gliscor
|-singleturn|p1a: Gliscor|Protect
|move|p2a: Primarina|Hydro Pump|p1a: Gliscor
|-activate|p1a: Gliscor|move: Protect
|
|-status|p1a: Gliscor|tox|[from] item: Toxic Orb
|upkeep
|turn|2
|
|t:|1779807094
|switch|p1a: Ting-Lu|Ting-Lu|100/100
|-ability|p1a: Ting-Lu|Vessel of Ruin
|move|p2a: Primarina|Hydro Pump|p1a: Ting-Lu|[miss]
|-miss|p2a: Primarina|p1a: Ting-Lu
|
|upkeep
|turn|3
|
|t:|1779807102
|move|p2a: Primarina|Hydro Pump|p1a: Ting-Lu
|-supereffective|p1a: Ting-Lu
|-damage|p1a: Ting-Lu|28/100
|move|p1a: Ting-Lu|Ruination|p2a: Primarina
|-damage|p2a: Primarina|50/100
|
|-heal|p1a: Ting-Lu|34/100|[from] item: Leftovers
|upkeep
|turn|4
|
|t:|1779807124
|switch|p1a: Dragonite|Dragonite, F|100/100
|move|p2a: Primarina|Hydro Pump|p1a: Dragonite
|-resisted|p1a: Dragonite
|-damage|p1a: Dragonite|78/100
|
|upkeep
|turn|5
|
|t:|1779807136
|switch|p2a: Dragapult|Dragapult, M|100/100
|move|p1a: Dragonite|Earthquake|p2a: Dragapult
|-damage|p2a: Dragapult|46/100
|
|upkeep
|turn|6
|inactive|Necros117 has 120 seconds left.
|
|t:|1779807155
|switch|p1a: Gliscor|Gliscor, F|100/100 tox
|move|p2a: Dragapult|Draco Meteor|p1a: Gliscor|[miss]
|-miss|p2a: Dragapult|p1a: Gliscor
|
|upkeep
|turn|7
|inactive|Necros117 has 120 seconds left.
|
|t:|1779807171
|switch|p2a: Ogerpon|Ogerpon-Wellspring, F|100/100
|move|p1a: Gliscor|Earthquake|p2a: Ogerpon
|-resisted|p2a: Ogerpon
|-damage|p2a: Ogerpon|80/100
|
|upkeep
|turn|8
|inactive|Necros117 has 120 seconds left.
|
|t:|1779807179
|switch|p1a: Zamazenta|Zamazenta|100/100
|-ability|p1a: Zamazenta|Dauntless Shield|boost
|-boost|p1a: Zamazenta|def|1
|-terastallize|p2a: Ogerpon|Water
|detailschange|p2a: Ogerpon|Ogerpon-Wellspring-Tera, F, tera:Water
|-ability|p2a: Ogerpon|Embody Aspect (Wellspring)|boost
|-boost|p2a: Ogerpon|spd|1
|move|p2a: Ogerpon|Ivy Cudgel|p1a: Zamazenta|[anim] Ivy Cudgel Water
|-damage|p1a: Zamazenta|49/100
|
|upkeep
|turn|9
|inactive|Necros117 has 120 seconds left.
|
|t:|1779807192
|switch|p2a: Primarina|Primarina, M|50/100
|move|p1a: Zamazenta|Close Combat|p2a: Primarina
|-resisted|p2a: Primarina
|-damage|p2a: Primarina|11/100
|-unboost|p1a: Zamazenta|def|1
|-unboost|p1a: Zamazenta|spd|1
|
|upkeep
|turn|10
|inactive|Necros117 has 120 seconds left.
|
|t:|1779807226
|move|p1a: Zamazenta|Close Combat|p2a: Primarina
|-resisted|p2a: Primarina
|-damage|p2a: Primarina|0 fnt
|-unboost|p1a: Zamazenta|def|1
|-unboost|p1a: Zamazenta|spd|1
|faint|p2a: Primarina
|
|upkeep
|
|t:|1779807232
|switch|p2a: Dragapult|Dragapult, M|46/100
|turn|11
|
|t:|1779807244
|switch|p1a: Gliscor|Gliscor, F|100/100 tox
|move|p2a: Dragapult|Flamethrower|p1a: Gliscor
|-damage|p1a: Gliscor|56/100 tox
|
|-heal|p1a: Gliscor|68/100 tox|[from] ability: Poison Heal
|upkeep
|turn|12
|
|t:|1779807258
|switch|p2a: Iron Treads|Iron Treads|100/100
|move|p1a: Gliscor|Earthquake|p2a: Iron Treads
|-supereffective|p2a: Iron Treads
|-damage|p2a: Iron Treads|41/100
|
|-heal|p2a: Iron Treads|47/100|[from] item: Leftovers
|-heal|p1a: Gliscor|81/100 tox|[from] ability: Poison Heal
|upkeep
|turn|13
|
|t:|1779807266
|move|p2a: Iron Treads|Stealth Rock|p1a: Gliscor
|-sidestart|p1: Necros117|move: Stealth Rock
|move|p1a: Gliscor|Spikes|p2a: Iron Treads
|-sidestart|p2: My Alexandra|Spikes
|
|-heal|p2a: Iron Treads|53/100|[from] item: Leftovers
|-heal|p1a: Gliscor|93/100 tox|[from] ability: Poison Heal
|upkeep
|turn|14
|
|t:|1779807274
|move|p2a: Iron Treads|Rapid Spin|p1a: Gliscor
|-damage|p1a: Gliscor|85/100 tox
|-boost|p2a: Iron Treads|spe|1
|-sideend|p2: My Alexandra|Spikes|[from] move: Rapid Spin|[of] p2a: Iron Treads
|move|p1a: Gliscor|Spikes|p2a: Iron Treads
|-sidestart|p2: My Alexandra|Spikes
|
|-heal|p2a: Iron Treads|59/100|[from] item: Leftovers
|-heal|p1a: Gliscor|97/100 tox|[from] ability: Poison Heal
|upkeep
|turn|15
|inactive|Necros117 has 120 seconds left.
|
|t:|1779807279
|-end|p2a: Iron Treads|Quark Drive|[silent]
|switch|p2a: Ogerpon|Ogerpon-Wellspring-Tera, F, tera:Water|80/100
|-damage|p2a: Ogerpon|67/100|[from] Spikes
|-ability|p2a: Ogerpon|Embody Aspect (Wellspring)|boost
|-boost|p2a: Ogerpon|spd|1
|move|p1a: Gliscor|Earthquake|p2a: Ogerpon
|-damage|p2a: Ogerpon|20/100
|
|-heal|p1a: Gliscor|100/100 tox|[from] ability: Poison Heal
|upkeep
|turn|16
|inactive|Necros117 has 120 seconds left.
|
|t:|1779807301
|switch|p1a: Dragonite|Dragonite, F|78/100
|move|p2a: Ogerpon|Ivy Cudgel|p1a: Dragonite|[anim] Ivy Cudgel Water
|-resisted|p1a: Dragonite
|-damage|p1a: Dragonite|43/100
|
|upkeep
|turn|17
|
|t:|1779807310
|move|p1a: Dragonite|Extreme Speed|p2a: Ogerpon
|-damage|p2a: Ogerpon|0 fnt
|faint|p2a: Ogerpon
|detailschange|p2: Ogerpon|Ogerpon-Wellspring, F|[silent]
|
|upkeep
|
|t:|1779807314
|switch|p2a: Mandibuzz|Mandibuzz, F|100/100
|turn|18
|inactive|Necros117 has 120 seconds left.
|
|t:|1779807335
|switch|p1a: Darkrai|Darkrai|100/100
|move|p2a: Mandibuzz|Toxic|p1a: Darkrai
|-status|p1a: Darkrai|tox
|
|-damage|p1a: Darkrai|94/100 tox|[from] psn
|upkeep
|turn|19
|
|t:|1779807343
|switch|p2a: Cobalion|Cobalion|100/100
|-item|p2a: Cobalion|Air Balloon
|move|p1a: Darkrai|Ice Beam|p2a: Cobalion
|-resisted|p2a: Cobalion
|-damage|p2a: Cobalion|80/100
|-enditem|p2a: Cobalion|Air Balloon
|
|-damage|p1a: Darkrai|82/100 tox|[from] psn
|upkeep
|turn|20
|inactive|Necros117 has 120 seconds left.
|inactive|Necros117 has 90 seconds left.
|
|t:|1779807379
|switch|p1a: Zamazenta|Zamazenta|49/100
|move|p2a: Cobalion|Volt Switch|p1a: Zamazenta
|-damage|p1a: Zamazenta|35/100
|
|t:|1779807383
|switch|p2a: Dragapult|Dragapult, M|46/100|[from] Volt Switch
|-damage|p2a: Dragapult|33/100|[from] Spikes
|
|upkeep
|turn|21
|inactive|Necros117 has 90 seconds left.
|
|t:|1779807412
|switch|p1a: Ting-Lu|Ting-Lu|34/100
|-damage|p1a: Ting-Lu|28/100|[from] Stealth Rock
|-ability|p1a: Ting-Lu|Vessel of Ruin
|move|p2a: Dragapult|Draco Meteor|p1a: Ting-Lu
|-damage|p1a: Ting-Lu|0 fnt
|-unboost|p2a: Dragapult|spa|2
|faint|p1a: Ting-Lu
|
|upkeep
|
|t:|1779807421
|switch|p1a: Gholdengo|Gholdengo|100/100
|-damage|p1a: Gholdengo|94/100|[from] Stealth Rock
|turn|22
|
|t:|1779807441
|switch|p2a: Mandibuzz|Mandibuzz, F|100/100
|move|p1a: Gholdengo|Shadow Ball|p2a: Mandibuzz
|-resisted|p2a: Mandibuzz
|-damage|p2a: Mandibuzz|82/100
|
|upkeep
|turn|23
|
|t:|1779807457
|switch|p1a: Darkrai|Darkrai|82/100 tox
|move|p2a: Mandibuzz|Foul Play|p1a: Darkrai
|-resisted|p1a: Darkrai
|-damage|p1a: Darkrai|65/100 tox
|
|-damage|p1a: Darkrai|59/100 tox|[from] psn
|upkeep
|turn|24
|
|t:|1779807465
|switch|p2a: Iron Treads|Iron Treads|59/100
|-damage|p2a: Iron Treads|47/100|[from] Spikes
|move|p1a: Darkrai|Ice Beam|p2a: Iron Treads
|-damage|p2a: Iron Treads|0 fnt
|faint|p2a: Iron Treads
|-end|p2a: Iron Treads|Quark Drive|[silent]
|
|-damage|p1a: Darkrai|47/100 tox|[from] psn
|upkeep
|
|t:|1779807473
|switch|p2a: Cobalion|Cobalion|80/100
|-damage|p2a: Cobalion|68/100|[from] Spikes
|turn|25
|
|t:|1779807487
|switch|p1a: Zamazenta|Zamazenta|35/100
|move|p2a: Cobalion|Iron Defense|p2a: Cobalion
|-boost|p2a: Cobalion|def|2
|
|upkeep
|turn|26
|
|t:|1779807507
|switch|p1a: Gholdengo|Gholdengo|94/100
|-damage|p1a: Gholdengo|88/100|[from] Stealth Rock
|move|p2a: Cobalion|Body Press|p1a: Gholdengo
|-immune|p1a: Gholdengo
|
|upkeep
|turn|27
|
|t:|1779807517
|move|p1a: Gholdengo|Shadow Ball|p2a: Cobalion
|-crit|p2a: Cobalion
|-damage|p2a: Cobalion|0 fnt
|faint|p2a: Cobalion
|
|upkeep
|
|t:|1779807526
|switch|p2a: Dragapult|Dragapult, M|33/100
|-damage|p2a: Dragapult|21/100|[from] Spikes
|turn|28
|
|t:|1779807531
|move|p1a: Gholdengo|Shadow Ball|p2a: Dragapult
|-supereffective|p2a: Dragapult
|-damage|p2a: Dragapult|0 fnt
|faint|p2a: Dragapult
|
|upkeep
|-message|My Alexandra forfeited.
|
|win|Necros117
|raw|Necros117's rating: 1326 &rarr; <strong>1347</strong><br />(+21 for winning)
|raw|My Alexandra's rating: 1352 &rarr; <strong>1331</strong><br />(-21 for losing)
|l|☆My Alexandra
|player|p2|
|l|☆Necros117
|player|p1|
