|j|☆npctypebeat
|j|☆giuho9oh0uyhh
|t:|1779934708
|gametype|singles
|player|p1|npctypebeat|102|1125
|player|p2|giuho9oh0uyhh|102|1137
|gen|9
|tier|[Gen 9] OU
|rated|
|rule|HP Percentage Mod: HP is shown in percentages
|rule|Endless Battle Clause: Forcing endless battles is banned
|rule|Species Clause: Limit one of each Pokémon
|rule|OHKO Clause: OHKO moves are banned
|rule|Evasion Items Clause: Evasion items are banned
|rule|Evasion Moves Clause: Evasion moves are banned
|rule|Evasion Abilities Clause: Evasion abilities are banned
|rule|Sleep Moves Clause: Sleep-inducing moves are banned
|clearpoke
|poke|p1|Gliscor, F|
|poke|p1|Ogerpon, F|
|poke|p1|Walking Wake|
|poke|p1|Blissey, F|
|poke|p1|Corviknight, M|
|poke|p1|Pecharunt|
|poke|p2|Hoopa|
|poke|p2|Cinderace, M|
|poke|p2|Mandibuzz, F|
|poke|p2|Kyurem|
|poke|p2|Ting-Lu|
|poke|p2|Manaphy|
|teampreview
|inactive|Battle timer is ON: inactive players will automatically lose when time's up. (requested by giuho9oh0uyhh)
|c|☆npctypebeat|hf
|inactive|npctypebeat also wants the timer to be on.
|
|t:|1779934733
|teamsize|p1|6
|teamsize|p2|6
|start
|switch|p1a: Gliscor|Gliscor, F|100/100
|switch|p2a: Kyurem|Kyurem|100/100
|-ability|p2a: Kyurem|Pressure
|turn|1
|
|t:|1779934739
|switch|p1a: Blissey|Blissey, F|100/100
|move|p2a: Kyurem|Ice Beam|p1a: Blissey
|-damage|p1a: Blissey|87/100
|
|upkeep
|turn|2
|
|t:|1779934747
|switch|p2a: Ting-Lu|Ting-Lu|100/100
|-ability|p2a: Ting-Lu|Vessel of Ruin
|move|p1a: Blissey|Stealth Rock|p2a: Ting-Lu
|-sidestart|p2: giuho9oh0uyhh|move: Stealth Rock
|
|upkeep
|turn|3
|
|t:|1779934755
|move|p1a: Blissey|Seismic Toss|p2a: Ting-Lu
|-damage|p2a: Ting-Lu|80/100
|move|p2a: Ting-Lu|Heavy Slam|p1a: Blissey
|-damage|p1a: Blissey|45/100
|
|upkeep
|turn|4
|
|t:|1779934763
|move|p1a: Blissey|Soft-Boiled|p1a: Blissey
|-heal|p1a: Blissey|95/100
|move|p2a: Ting-Lu|Heavy Slam|p1a: Blissey
|-damage|p1a: Blissey|55/100
|
|upkeep
|turn|5
|
|t:|1779934770
|switch|p1a: Walking Wake|Walking Wake|100/100
|move|p2a: Ting-Lu|Stealth Rock|p1a: Walking Wake
|-sidestart|p1: npctypebeat|move: Stealth Rock
|
|upkeep
|turn|6
|
|t:|1779934777
|move|p1a: Walking Wake|Surf|p2a: Ting-Lu
|-supereffective|p2a: Ting-Lu
|-damage|p2a: Ting-Lu|33/100
|-enditem|p2a: Ting-Lu|Weakness Policy
|-boost|p2a: Ting-Lu|atk|2|[from] item: Weakness Policy
|-boost|p2a: Ting-Lu|spa|2|[from] item: Weakness Policy
|move|p2a: Ting-Lu|Earthquake|p1a: Walking Wake
|-damage|p1a: Walking Wake|0 fnt
|faint|p1a: Walking Wake
|-end|p1a: Walking Wake|Protosynthesis|[silent]
|
|upkeep
|
|t:|1779934781
|switch|p1a: Ogerpon|Ogerpon, F|100/100
|turn|7
|
|t:|1779934795
|-terastallize|p2a: Ting-Lu|Steel
|move|p1a: Ogerpon|Ivy Cudgel|p2a: Ting-Lu
|-resisted|p2a: Ting-Lu
|-damage|p2a: Ting-Lu|19/100
|move|p2a: Ting-Lu|Heavy Slam|p1a: Ogerpon
|-damage|p1a: Ogerpon|0 fnt
|faint|p1a: Ogerpon
|
|upkeep
|
|t:|1779934804
|switch|p1a: Blissey|Blissey, F|55/100
|turn|8
|
|t:|1779934818
|move|p1a: Blissey|Seismic Toss|p2a: Ting-Lu
|-damage|p2a: Ting-Lu|0 fnt
|faint|p2a: Ting-Lu
|
|upkeep
|
|t:|1779934826
|switch|p2a: Hoopa|Hoopa|100/100
|-damage|p2a: Hoopa|88/100|[from] Stealth Rock
|turn|9
|
|t:|1779934843
|move|p2a: Hoopa|Substitute|p2a: Hoopa
|-start|p2a: Hoopa|Substitute
|-damage|p2a: Hoopa|63/100
|move|p1a: Blissey|Calm Mind|p1a: Blissey
|-boost|p1a: Blissey|spa|1
|-boost|p1a: Blissey|spd|1
|
|upkeep
|turn|10
|
|t:|1779934849
|switch|p1a: Gliscor|Gliscor, F|100/100
|-damage|p1a: Gliscor|88/100|[from] Stealth Rock
|move|p2a: Hoopa|Calm Mind|p2a: Hoopa
|-boost|p2a: Hoopa|spa|1
|-boost|p2a: Hoopa|spd|1
|
|-status|p1a: Gliscor|tox|[from] item: Toxic Orb
|upkeep
|turn|11
|
|t:|1779934861
|move|p1a: Gliscor|Earthquake|p2a: Hoopa
|-end|p2a: Hoopa|Substitute
|move|p2a: Hoopa|Shadow Ball|p1a: Gliscor
|-damage|p1a: Gliscor|18/100 tox
|-unboost|p1a: Gliscor|spd|1
|
|-heal|p1a: Gliscor|31/100 tox|[from] ability: Poison Heal
|upkeep
|turn|12
|
|t:|1779934869
|move|p1a: Gliscor|Earthquake|p2a: Hoopa
|-damage|p2a: Hoopa|12/100
|-enditem|p2a: Hoopa|Aguav Berry|[eat]
|-heal|p2a: Hoopa|45/100|[from] item: Aguav Berry
|move|p2a: Hoopa|Shadow Ball|p1a: Gliscor
|-damage|p1a: Gliscor|0 fnt
|faint|p1a: Gliscor
|-item|p2a: Hoopa|Toxic Orb|[from] ability: Magician|[of] p1: Gliscor
|
|-status|p2a: Hoopa|tox|[from] item: Toxic Orb
|upkeep
|
|t:|1779934878
|switch|p1a: Blissey|Blissey, F|55/100
|turn|13
|
|t:|1779934892
|switch|p2a: Cinderace|Cinderace, M|100/100
|-damage|p2a: Cinderace|76/100|[from] Stealth Rock
|move|p1a: Blissey|Soft-Boiled|p1a: Blissey
|-heal|p1a: Blissey|100/100
|
|upkeep
|turn|14
|
|t:|1779934904
|move|p2a: Cinderace|Pyro Ball|p1a: Blissey
|-damage|p1a: Blissey|28/100
|move|p1a: Blissey|Calm Mind|p1a: Blissey
|-boost|p1a: Blissey|spa|1
|-boost|p1a: Blissey|spd|1
|
|upkeep
|turn|15
|
|t:|1779934917
|switch|p1a: Pecharunt|Pecharunt|100/100
|move|p2a: Cinderace|U-turn|p1a: Pecharunt
|-start|p2a: Cinderace|typechange|Bug|[from] ability: Libero
|-resisted|p1a: Pecharunt
|-damage|p1a: Pecharunt|97/100
|
|t:|1779934932
|switch|p2a: Manaphy|Manaphy|100/100|[from] U-turn
|-damage|p2a: Manaphy|88/100|[from] Stealth Rock
|
|-heal|p2a: Manaphy|94/100|[from] item: Leftovers
|upkeep
|turn|16
|
|t:|1779934949
|switch|p1a: Blissey|Blissey, F|28/100
|move|p2a: Manaphy|Take Heart|p2a: Manaphy
|-boost|p2a: Manaphy|spa|1
|-boost|p2a: Manaphy|spd|1
|
|-heal|p2a: Manaphy|100/100|[from] item: Leftovers
|upkeep
|turn|17
|
|t:|1779934973
|move|p2a: Manaphy|Tail Glow|p2a: Manaphy
|-boost|p2a: Manaphy|spa|3
|move|p1a: Blissey|Seismic Toss|p2a: Manaphy
|-damage|p2a: Manaphy|76/100
|
|-heal|p2a: Manaphy|82/100|[from] item: Leftovers
|upkeep
|turn|18
|
|t:|1779934979
|move|p2a: Manaphy|Scald|p1a: Blissey
|-damage|p1a: Blissey|1/100
|-status|p1a: Blissey|brn
|move|p1a: Blissey|Seismic Toss|p2a: Manaphy
|-damage|p2a: Manaphy|57/100
|
|-heal|p2a: Manaphy|63/100|[from] item: Leftovers
|-damage|p1a: Blissey|0 fnt|[from] brn
|faint|p1a: Blissey
|upkeep
|
|t:|1779934990
|switch|p1a: Pecharunt|Pecharunt|97/100
|turn|19
|
|t:|1779934999
|move|p2a: Manaphy|Scald|p1a: Pecharunt
|-damage|p1a: Pecharunt|5/100
|move|p1a: Pecharunt|Malignant Chain|p2a: Manaphy
|-damage|p2a: Manaphy|47/100
|-status|p2a: Manaphy|tox
|-start|p2a: Manaphy|confusion|[from] ability: Poison Puppeteer|[of] p1a: Pecharunt
|
|-heal|p2a: Manaphy|53/100 tox|[from] item: Leftovers
|-damage|p2a: Manaphy|47/100 tox|[from] psn
|upkeep
|turn|20
|
|t:|1779935007
|switch|p1a: Corviknight|Corviknight, M|100/100
|-ability|p1a: Corviknight|Pressure
|-activate|p2a: Manaphy|confusion
|move|p2a: Manaphy|Take Heart|p2a: Manaphy
|-boost|p2a: Manaphy|spa|1
|-boost|p2a: Manaphy|spd|1
|-curestatus|p2a: Manaphy|tox|[msg]
|
|-heal|p2a: Manaphy|53/100|[from] item: Leftovers
|upkeep
|turn|21
|
|t:|1779935017
|-activate|p2a: Manaphy|confusion
|-damage|p2a: Manaphy|47/100|[from] confusion
|move|p1a: Corviknight|Body Press|p2a: Manaphy
|-damage|p2a: Manaphy|24/100
|
|-heal|p2a: Manaphy|30/100|[from] item: Leftovers
|upkeep
|turn|22
|
|t:|1779935029
|-end|p2a: Manaphy|confusion
|move|p2a: Manaphy|Scald|p1a: Corviknight
|-crit|p1a: Corviknight
|-damage|p1a: Corviknight|0 fnt
|faint|p1a: Corviknight
|
|-heal|p2a: Manaphy|36/100|[from] item: Leftovers
|upkeep
|
|t:|1779935043
|switch|p1a: Pecharunt|Pecharunt|5/100
|turn|23
|
|t:|1779935052
|move|p2a: Manaphy|Scald|p1a: Pecharunt
|-damage|p1a: Pecharunt|0 fnt
|faint|p1a: Pecharunt
|
|win|giuho9oh0uyhh
|raw|npctypebeat's rating: 1149 &rarr; <strong>1123</strong><br />(-26 for losing)
|raw|giuho9oh0uyhh's rating: 1137 &rarr; <strong>1163</strong><br />(+26 for winning)
|c|☆npctypebeat|gg
|l|☆giuho9oh0uyhh
|player|p2|
