|j|☆underestima....
|j|☆NeverUsedThisTeam
|t:|1779809504
|gametype|singles
|player|p1|underestima....|266|1155
|player|p2|NeverUsedThisTeam|richboy-gen4|1120
|gen|9
|tier|[Gen 9] OU
|rated|
|rule|HP Percentage Mod: HP is shown in percentages
|rule|Endless Battle Clause: Forcing endless battles is banned
|rule|Species Clause: Limit one of each Pokémon
|rule|OHKO Clause: OHKO moves are banned
|rule|Evasion Items Clause: Evasion items are banned
|rule|Evasion Moves Clause: Evasion moves are banned
|rule|Evasion Abilities Clause: Evasion abilities are banned
|rule|Sleep Moves Clause: Sleep-inducing moves are banned
|clearpoke
|poke|p1|Kingambit, F|
|poke|p1|Zapdos-Galar|
|poke|p1|Revavroom, F|
|poke|p1|Haxorus, M|
|poke|p1|Primarina, F|
|poke|p1|Moltres-Galar|
|poke|p2|Leavanny, F|
|poke|p2|Blaziken, M|
|poke|p2|Quaquaval, F|
|poke|p2|Dragapult, F|
|poke|p2|Ting-Lu|
|poke|p2|Corviknight, M|
|teampreview
|
|t:|1779809525
|teamsize|p1|6
|teamsize|p2|6
|start
|switch|p1a: Revavroom|Revavroom, F|100/100
|switch|p2a: Blaziken|Blaziken, M|100/100
|-item|p1a: Revavroom|Air Balloon
|turn|1
|
|t:|1779809533
|move|p1a: Revavroom|High Horsepower|p2a: Blaziken
|-supereffective|p2a: Blaziken
|-damage|p2a: Blaziken|12/100
|move|p2a: Blaziken|Swords Dance|p2a: Blaziken
|-boost|p2a: Blaziken|atk|2
|
|-ability|p2a: Blaziken|Speed Boost|boost
|-boost|p2a: Blaziken|spe|1
|upkeep
|turn|2
|
|t:|1779809545
|move|p2a: Blaziken|Blaze Kick|p1a: Revavroom
|-supereffective|p1a: Revavroom
|-damage|p1a: Revavroom|0 fnt
|-enditem|p1a: Revavroom|Air Balloon
|faint|p1a: Revavroom
|
|-ability|p2a: Blaziken|Speed Boost|boost
|-boost|p2a: Blaziken|spe|1
|upkeep
|
|t:|1779809548
|switch|p1a: Kingambit|Kingambit, F|100/100
|-activate|p1a: Kingambit|ability: Supreme Overlord
|-start|p1a: Kingambit|fallen1|[silent]
|turn|3
|
|t:|1779809561
|move|p2a: Blaziken|Endure|p2a: Blaziken
|-singleturn|p2a: Blaziken|move: Endure
|move|p1a: Kingambit|Sucker Punch||[still]
|-fail|p1a: Kingambit
|
|-ability|p2a: Blaziken|Speed Boost|boost
|-boost|p2a: Blaziken|spe|1
|upkeep
|turn|4
|
|t:|1779809568
|move|p1a: Kingambit|Sucker Punch||[still]
|-fail|p1a: Kingambit
|move|p2a: Blaziken|Swords Dance|p2a: Blaziken
|-boost|p2a: Blaziken|atk|2
|
|-ability|p2a: Blaziken|Speed Boost|boost
|-boost|p2a: Blaziken|spe|1
|upkeep
|turn|5
|
|t:|1779809571
|move|p1a: Kingambit|Sucker Punch||[still]
|-fail|p1a: Kingambit
|move|p2a: Blaziken|Swords Dance|p2a: Blaziken
|-boost|p2a: Blaziken|atk|2
|
|-ability|p2a: Blaziken|Speed Boost|boost
|-boost|p2a: Blaziken|spe|1
|upkeep
|turn|6
|
|t:|1779809573
|move|p1a: Kingambit|Sucker Punch||[still]
|-fail|p1a: Kingambit
|move|p2a: Blaziken|Swords Dance|p2a: Blaziken
|-boost|p2a: Blaziken|atk|0
|
|-ability|p2a: Blaziken|Speed Boost|boost
|-boost|p2a: Blaziken|spe|1
|upkeep
|turn|7
|
|t:|1779809575
|move|p2a: Blaziken|Reversal|p1a: Kingambit
|-supereffective|p1a: Kingambit
|-damage|p1a: Kingambit|0 fnt
|faint|p1a: Kingambit
|-end|p1a: Kingambit|fallen1|[silent]
|
|upkeep
|c|☆underestima....|Crazy predict tbh
|
|t:|1779809587
|switch|p1a: Primarina|Primarina, F|100/100
|turn|8
|
|t:|1779809602
|move|p2a: Blaziken|Endure|p2a: Blaziken
|-singleturn|p2a: Blaziken|move: Endure
|move|p1a: Primarina|Alluring Voice|p2a: Blaziken
|-supereffective|p2a: Blaziken
|-activate|p2a: Blaziken|move: Endure
|-damage|p2a: Blaziken|1/100
|
|upkeep
|turn|9
|
|t:|1779809607
|move|p2a: Blaziken|Reversal|p1a: Primarina
|-resisted|p1a: Primarina
|-damage|p1a: Primarina|0 fnt
|faint|p1a: Primarina
|
|upkeep
|
|t:|1779809610
|switch|p1a: Moltres|Moltres-Galar|100/100
|turn|10
|
|t:|1779809614
|-terastallize|p1a: Moltres|Ghost
|move|p2a: Blaziken|Reversal|p1a: Moltres
|-immune|p1a: Moltres
|move|p1a: Moltres|Air Slash|p2a: Blaziken
|-supereffective|p2a: Blaziken
|-damage|p2a: Blaziken|0 fnt
|faint|p2a: Blaziken
|
|upkeep
|
|t:|1779809622
|switch|p2a: Dragapult|Dragapult, F|100/100
|turn|11
|
|t:|1779809635
|move|p2a: Dragapult|Dragon Darts|p1a: Moltres
|-damage|p1a: Moltres|58/100
|-anim|p2a: Dragapult|Dragon Darts|p1a: Moltres
|-damage|p1a: Moltres|18/100
|-ability|p1a: Moltres|Berserk|boost
|-boost|p1a: Moltres|spa|1
|move|p1a: Moltres|Air Slash|p2a: Dragapult
|-damage|p2a: Dragapult|0 fnt
|faint|p2a: Dragapult
|
|upkeep
|
|t:|1779809650
|switch|p2a: Leavanny|Leavanny, F|100/100
|turn|12
|
|t:|1779809653
|move|p2a: Leavanny|Lunge|p1a: Moltres
|-resisted|p1a: Moltres
|-damage|p1a: Moltres|0 fnt
|faint|p1a: Moltres
|
|upkeep
|
|t:|1779809660
|switch|p1a: Haxorus|Haxorus, M|100/100
|-ability|p1a: Haxorus|Mold Breaker
|turn|13
|
|t:|1779809667
|switch|p2a: Ting-Lu|Ting-Lu|100/100
|-ability|p2a: Ting-Lu|Vessel of Ruin
|move|p1a: Haxorus|Dragon Dance|p1a: Haxorus
|-boost|p1a: Haxorus|atk|1
|-boost|p1a: Haxorus|spe|1
|
|upkeep
|turn|14
|
|t:|1779809678
|-terastallize|p2a: Ting-Lu|Water
|move|p1a: Haxorus|Dragon Dance|p1a: Haxorus
|-boost|p1a: Haxorus|atk|1
|-boost|p1a: Haxorus|spe|1
|move|p2a: Ting-Lu|Whirlwind|p1a: Haxorus
|drag|p1a: Zapdos|Zapdos-Galar|100/100
|
|upkeep
|turn|15
|
|t:|1779809685
|move|p1a: Zapdos|Knock Off|p2a: Ting-Lu
|-damage|p2a: Ting-Lu|74/100
|-enditem|p2a: Ting-Lu|Leftovers|[from] move: Knock Off|[of] p1a: Zapdos
|move|p2a: Ting-Lu|Stealth Rock|p1a: Zapdos
|-sidestart|p1: underestima....|move: Stealth Rock
|
|upkeep
|turn|16
|
|t:|1779809689
|switch|p1a: Haxorus|Haxorus, M|100/100
|-damage|p1a: Haxorus|88/100|[from] Stealth Rock
|-ability|p1a: Haxorus|Mold Breaker
|move|p2a: Ting-Lu|Ruination|p1a: Haxorus
|-damage|p1a: Haxorus|45/100
|
|upkeep
|turn|17
|
|t:|1779809694
|move|p1a: Haxorus|Dragon Claw|p2a: Ting-Lu
|-damage|p2a: Ting-Lu|41/100
|-damage|p1a: Haxorus|35/100|[from] item: Life Orb
|move|p2a: Ting-Lu|Earthquake|p1a: Haxorus
|-damage|p1a: Haxorus|0 fnt
|faint|p1a: Haxorus
|
|upkeep
|
|t:|1779809697
|switch|p1a: Zapdos|Zapdos-Galar|100/100
|-damage|p1a: Zapdos|88/100|[from] Stealth Rock
|turn|18
|
|t:|1779809701
|move|p1a: Zapdos|Brave Bird|p2a: Ting-Lu
|-damage|p2a: Ting-Lu|0 fnt
|faint|p2a: Ting-Lu
|-damage|p1a: Zapdos|67/100|[from] Recoil
|
|upkeep
|
|t:|1779809708
|switch|p2a: Leavanny|Leavanny, F|100/100
|turn|19
|
|t:|1779809710
|move|p1a: Zapdos|Brave Bird|p2a: Leavanny
|-supereffective|p2a: Leavanny
|-damage|p2a: Leavanny|0 fnt
|faint|p2a: Leavanny
|-damage|p1a: Zapdos|31/100|[from] Recoil
|
|upkeep
|
|t:|1779809714
|switch|p2a: Corviknight|Corviknight, M|100/100
|-ability|p2a: Corviknight|Pressure
|turn|20
|
|t:|1779809715
|move|p1a: Zapdos|Brave Bird|p2a: Corviknight
|-resisted|p2a: Corviknight
|-damage|p2a: Corviknight|76/100
|-damage|p1a: Zapdos|14/100|[from] item: Rocky Helmet|[of] p2a: Corviknight
|-damage|p1a: Zapdos|4/100|[from] Recoil
|move|p2a: Corviknight|Brave Bird|p1a: Zapdos
|-supereffective|p1a: Zapdos
|-damage|p1a: Zapdos|0 fnt
|faint|p1a: Zapdos
|-damage|p2a: Corviknight|75/100|[from] Recoil
|
|win|NeverUsedThisTeam
|raw|underestima....'s rating: 1155 &rarr; <strong>1127</strong><br />(-28 for losing)
|raw|NeverUsedThisTeam's rating: 1120 &rarr; <strong>1148</strong><br />(+28 for winning)
|c|☆underestima....|ggs
|c|☆NeverUsedThisTeam|gg
|l|☆underestima....
|player|p1|
|c|☆NeverUsedThisTeam|lucky on the gambit
|l|☆NeverUsedThisTeam
|player|p2|
