|j|☆PokmonShoInClass
|j|☆gyhe
|t:|1779898174
|gametype|singles
|player|p1|PokmonShoInClass|swimmer-gen4dp|1472
|player|p2|gyhe|2|1505
|gen|9
|tier|[Gen 9] OU
|rated|
|rule|HP Percentage Mod: HP is shown in percentages
|rule|Endless Battle Clause: Forcing endless battles is banned
|rule|Species Clause: Limit one of each Pokémon
|rule|OHKO Clause: OHKO moves are banned
|rule|Evasion Items Clause: Evasion items are banned
|rule|Evasion Moves Clause: Evasion moves are banned
|rule|Evasion Abilities Clause: Evasion abilities are banned
|rule|Sleep Moves Clause: Sleep-inducing moves are banned
|clearpoke
|poke|p1|Frosmoth, F|
|poke|p1|Rillaboom, F|
|poke|p1|Corviknight, M|
|poke|p1|Pecharunt|
|poke|p1|Cinccino, M|
|poke|p1|Grimmsnarl, M|
|poke|p2|Lokix, F|
|poke|p2|Pecharunt|
|poke|p2|Zamazenta-*|
|poke|p2|Ting-Lu|
|poke|p2|Latios, M|
|poke|p2|Gliscor, M|
|teampreview
|inactive|Battle timer is ON: inactive players will automatically lose when time's up. (requested by PokmonShoInClass)
|
|t:|1779898179
|teamsize|p1|6
|teamsize|p2|6
|start
|switch|p1a: Cinccino|Cinccino, M|100/100
|switch|p2a: Lokix|Lokix, F|100/100
|turn|1
|
|t:|1779898191
|switch|p1a: Corviknight|Corviknight, M|100/100
|move|p2a: Lokix|First Impression|p1a: Corviknight
|-resisted|p1a: Corviknight
|-crit|p1a: Corviknight
|-damage|p1a: Corviknight|82/100
|
|-heal|p1a: Corviknight|88/100|[from] item: Leftovers
|upkeep
|turn|2
|
|t:|1779898197
|move|p2a: Lokix|U-turn|p1a: Corviknight
|-resisted|p1a: Corviknight
|-damage|p1a: Corviknight|78/100
|
|t:|1779898200
|switch|p2a: Gliscor|Gliscor, M|100/100|[from] U-turn
|move|p1a: Corviknight|U-turn|p2a: Gliscor
|-resisted|p2a: Gliscor
|-damage|p2a: Gliscor|95/100
|
|t:|1779898208
|switch|p1a: Frosmoth|Frosmoth, F|100/100|[from] U-turn
|
|-status|p2a: Gliscor|tox|[from] item: Toxic Orb
|upkeep
|turn|3
|l|☆PokmonShoInClass
|inactive|PokmonShoInClass disconnected and has a minute to reconnect!
|player|p1|
|inactive|PokmonShoInClass has 30 seconds to reconnect!
|inactive|PokmonShoInClass has 20 seconds to reconnect!
|inactive|PokmonShoInClass has 15 seconds to reconnect!
|j|☆PokmonShoInClass
|inactive|PokmonShoInClass reconnected and has 90 seconds left.
|player|p1|PokmonShoInClass|swimmer-gen4dp|
|
|t:|1779898277
|switch|p2a: Zamazenta|Zamazenta|100/100
|-ability|p2a: Zamazenta|Dauntless Shield|boost
|-boost|p2a: Zamazenta|def|1
|switch|p1a: Grimmsnarl|Grimmsnarl, M|100/100
|
|upkeep
|turn|4
|
|t:|1779898281
|move|p1a: Grimmsnarl|Reflect|p1a: Grimmsnarl
|-sidestart|p1: PokmonShoInClass|Reflect
|move|p2a: Zamazenta|Heavy Slam|p1a: Grimmsnarl
|-supereffective|p1a: Grimmsnarl
|-damage|p1a: Grimmsnarl|74/100
|
|upkeep
|turn|5
|
|t:|1779898285
|switch|p2a: Gliscor|Gliscor, M|95/100 tox
|move|p1a: Grimmsnarl|Light Screen|p1a: Grimmsnarl
|-sidestart|p1: PokmonShoInClass|move: Light Screen
|
|-heal|p2a: Gliscor|100/100 tox|[from] ability: Poison Heal
|upkeep
|turn|6
|
|t:|1779898287
|move|p1a: Grimmsnarl|Parting Shot|p2a: Gliscor
|-unboost|p2a: Gliscor|atk|1
|-unboost|p2a: Gliscor|spa|1
|n|☆pokmonshoinclass|pokmonshoinclass
|
|t:|1779898291
|switch|p1a: Rillaboom|Rillaboom, F|100/100|[from] Parting Shot
|-fieldstart|move: Grassy Terrain|[from] ability: Grassy Surge|[of] p1a: Rillaboom
|move|p2a: Gliscor|Spikes|p1a: Rillaboom
|-sidestart|p1: PokmonShoInClass|Spikes
|
|upkeep
|turn|7
|
|t:|1779898296
|move|p2a: Gliscor|U-turn|p1a: Rillaboom
|-supereffective|p1a: Rillaboom
|-damage|p1a: Rillaboom|91/100
|
|t:|1779898298
|switch|p2a: Pecharunt|Pecharunt|100/100|[from] U-turn
|move|p1a: Rillaboom|U-turn|p2a: Pecharunt
|-resisted|p2a: Pecharunt
|-damage|p2a: Pecharunt|96/100
|
|t:|1779898304
|switch|p1a: Frosmoth|Frosmoth, F|100/100|[from] U-turn
|-damage|p1a: Frosmoth|88/100|[from] Spikes
|-enditem|p1a: Frosmoth|Grassy Seed
|-boost|p1a: Frosmoth|def|1|[from] item: Grassy Seed
|
|-heal|p2a: Pecharunt|100/100|[from] Grassy Terrain
|-heal|p1a: Frosmoth|94/100|[from] Grassy Terrain
|upkeep
|turn|8
|
|t:|1779898317
|move|p2a: Pecharunt|Malignant Chain|p1a: Frosmoth
|-damage|p1a: Frosmoth|86/100
|-status|p1a: Frosmoth|tox
|-start|p1a: Frosmoth|confusion|[from] ability: Poison Puppeteer|[of] p2a: Pecharunt
|-activate|p1a: Frosmoth|confusion
|-damage|p1a: Frosmoth|81/100 tox|[from] confusion
|
|-heal|p1a: Frosmoth|87/100 tox|[from] Grassy Terrain
|-damage|p1a: Frosmoth|81/100 tox|[from] psn
|upkeep
|turn|9
|
|t:|1779898339
|move|p2a: Pecharunt|Foul Play|p1a: Frosmoth
|-damage|p1a: Frosmoth|75/100 tox
|-activate|p1a: Frosmoth|confusion
|move|p1a: Frosmoth|Quiver Dance|p1a: Frosmoth
|-boost|p1a: Frosmoth|spa|1
|-boost|p1a: Frosmoth|spd|1
|-boost|p1a: Frosmoth|spe|1
|
|-heal|p1a: Frosmoth|82/100 tox|[from] Grassy Terrain
|-damage|p1a: Frosmoth|69/100 tox|[from] psn
|upkeep
|turn|10
|
|t:|1779898352
|-end|p1a: Frosmoth|confusion
|move|p1a: Frosmoth|Quiver Dance|p1a: Frosmoth
|-boost|p1a: Frosmoth|spa|1
|-boost|p1a: Frosmoth|spd|1
|-boost|p1a: Frosmoth|spe|1
|move|p2a: Pecharunt|Recover||[still]
|-fail|p2a: Pecharunt|heal
|
|-heal|p1a: Frosmoth|75/100 tox|[from] Grassy Terrain
|-damage|p1a: Frosmoth|57/100 tox|[from] psn
|-fieldend|move: Grassy Terrain
|upkeep
|turn|11
|
|t:|1779898361
|switch|p2a: Ting-Lu|Ting-Lu|100/100
|-ability|p2a: Ting-Lu|Vessel of Ruin
|move|p1a: Frosmoth|Quiver Dance|p1a: Frosmoth
|-boost|p1a: Frosmoth|spa|1
|-boost|p1a: Frosmoth|spd|1
|-boost|p1a: Frosmoth|spe|1
|
|-damage|p1a: Frosmoth|33/100 tox|[from] psn
|-sideend|p1: PokmonShoInClass|Reflect
|upkeep
|turn|12
|
|t:|1779898367
|move|p1a: Frosmoth|Giga Drain|p2a: Ting-Lu
|-supereffective|p2a: Ting-Lu
|-damage|p2a: Ting-Lu|47/100
|-heal|p1a: Frosmoth|73/100 tox|[from] drain|[of] p2a: Ting-Lu
|move|p2a: Ting-Lu|Stealth Rock|p1a: Frosmoth
|-sidestart|p1: PokmonShoInClass|move: Stealth Rock
|
|-heal|p2a: Ting-Lu|53/100|[from] item: Leftovers
|-damage|p1a: Frosmoth|42/100 tox|[from] psn
|-sideend|p1: PokmonShoInClass|move: Light Screen
|upkeep
|turn|13
|
|t:|1779898375
|switch|p2a: Pecharunt|Pecharunt|100/100
|move|p1a: Frosmoth|Ice Beam|p2a: Pecharunt
|-damage|p2a: Pecharunt|0 fnt
|faint|p2a: Pecharunt
|
|-damage|p1a: Frosmoth|5/100 tox|[from] psn
|upkeep
|
|t:|1779898379
|switch|p2a: Lokix|Lokix, F|100/100
|turn|14
|
|t:|1779898388
|move|p2a: Lokix|First Impression|p1a: Frosmoth
|-damage|p1a: Frosmoth|0 fnt
|faint|p1a: Frosmoth
|
|upkeep
|
|t:|1779898394
|switch|p1a: Corviknight|Corviknight, M|78/100
|-damage|p1a: Corviknight|66/100|[from] Stealth Rock
|turn|15
|
|t:|1779898397
|move|p2a: Lokix|Knock Off|p1a: Corviknight
|-damage|p1a: Corviknight|37/100
|-enditem|p1a: Corviknight|Leftovers|[from] move: Knock Off|[of] p2a: Lokix
|move|p1a: Corviknight|Defog|p2a: Lokix
|-unboost|p2a: Lokix|evasion|1
|-sideend|p1: PokmonShoInClass|Spikes|[from] move: Defog|[of] p1a: Corviknight
|-sideend|p1: PokmonShoInClass|Stealth Rock|[from] move: Defog|[of] p1a: Corviknight
|
|upkeep
|turn|16
|
|t:|1779898402
|move|p2a: Lokix|U-turn|p1a: Corviknight
|-resisted|p1a: Corviknight
|-damage|p1a: Corviknight|27/100
|
|t:|1779898406
|switch|p2a: Zamazenta|Zamazenta|100/100|[from] U-turn
|move|p1a: Corviknight|Roost|p1a: Corviknight
|-heal|p1a: Corviknight|77/100
|-singleturn|p1a: Corviknight|move: Roost
|
|upkeep
|turn|17
|
|t:|1779898410
|switch|p2a: Gliscor|Gliscor, M|100/100 tox
|move|p1a: Corviknight|Body Press|p2a: Gliscor
|-resisted|p2a: Gliscor
|-damage|p2a: Gliscor|91/100 tox
|
|-heal|p2a: Gliscor|100/100 tox|[from] ability: Poison Heal
|upkeep
|turn|18
|
|t:|1779898413
|move|p2a: Gliscor|Spikes|p1a: Corviknight
|-sidestart|p1: PokmonShoInClass|Spikes
|move|p1a: Corviknight|U-turn|p2a: Gliscor
|-resisted|p2a: Gliscor
|-damage|p2a: Gliscor|95/100 tox
|
|t:|1779898415
|switch|p1a: Cinccino|Cinccino, M|100/100|[from] U-turn
|-damage|p1a: Cinccino|88/100|[from] Spikes
|
|-heal|p2a: Gliscor|100/100 tox|[from] ability: Poison Heal
|upkeep
|turn|19
|
|t:|1779898418
|move|p1a: Cinccino|Triple Axel|p2a: Gliscor|[miss]
|-miss|p1a: Cinccino|p2a: Gliscor
|move|p2a: Gliscor|U-turn|p1a: Cinccino
|-damage|p1a: Cinccino|60/100
|
|t:|1779898424
|switch|p2a: Zamazenta|Zamazenta|100/100|[from] U-turn
|
|upkeep
|turn|20
|
|t:|1779898427
|switch|p1a: Pecharunt|Pecharunt|100/100
|-damage|p1a: Pecharunt|88/100|[from] Spikes
|move|p2a: Zamazenta|Close Combat|p1a: Pecharunt
|-immune|p1a: Pecharunt
|
|-heal|p1a: Pecharunt|94/100|[from] item: Leftovers
|upkeep
|turn|21
|
|t:|1779898431
|switch|p2a: Ting-Lu|Ting-Lu|53/100
|-ability|p2a: Ting-Lu|Vessel of Ruin
|move|p1a: Pecharunt|Toxic|p2a: Ting-Lu
|-status|p2a: Ting-Lu|tox
|-start|p2a: Ting-Lu|confusion|[from] ability: Poison Puppeteer|[of] p1a: Pecharunt
|
|-heal|p1a: Pecharunt|99/100|[from] item: Leftovers
|-heal|p2a: Ting-Lu|60/100 tox|[from] item: Leftovers
|-damage|p2a: Ting-Lu|53/100 tox|[from] psn
|upkeep
|turn|22
|
|t:|1779898433
|move|p1a: Pecharunt|Parting Shot|p2a: Ting-Lu
|-unboost|p2a: Ting-Lu|atk|1
|-unboost|p2a: Ting-Lu|spa|1
|
|t:|1779898435
|switch|p1a: Corviknight|Corviknight, M|77/100|[from] Parting Shot
|-activate|p2a: Ting-Lu|confusion
|-damage|p2a: Ting-Lu|50/100 tox|[from] confusion
|
|-heal|p2a: Ting-Lu|56/100 tox|[from] item: Leftovers
|-damage|p2a: Ting-Lu|43/100 tox|[from] psn
|upkeep
|turn|23
|
|t:|1779898439
|switch|p2a: Gliscor|Gliscor, M|100/100 tox
|move|p1a: Corviknight|Defog|p2a: Gliscor
|-unboost|p2a: Gliscor|evasion|1
|-sideend|p1: PokmonShoInClass|Spikes|[from] move: Defog|[of] p1a: Corviknight
|
|upkeep
|turn|24
|
|t:|1779898441
|move|p2a: Gliscor|Spikes|p1a: Corviknight
|-sidestart|p1: PokmonShoInClass|Spikes
|move|p1a: Corviknight|U-turn|p2a: Gliscor
|-resisted|p2a: Gliscor
|-damage|p2a: Gliscor|95/100 tox
|
|t:|1779898446
|switch|p1a: Cinccino|Cinccino, M|60/100|[from] U-turn
|-damage|p1a: Cinccino|48/100|[from] Spikes
|
|-heal|p2a: Gliscor|100/100 tox|[from] ability: Poison Heal
|upkeep
|turn|25
|
|t:|1779898469
|-terastallize|p2a: Gliscor|Water
|move|p1a: Cinccino|Triple Axel|p2a: Gliscor
|-resisted|p2a: Gliscor
|-damage|p2a: Gliscor|97/100 tox
|-resisted|p2a: Gliscor
|-damage|p2a: Gliscor|89/100 tox
|-resisted|p2a: Gliscor
|-damage|p2a: Gliscor|78/100 tox
|-hitcount|p2a: Gliscor|3
|move|p2a: Gliscor|Knock Off|p1a: Cinccino
|-damage|p1a: Cinccino|6/100
|-enditem|p1a: Cinccino|Loaded Dice|[from] move: Knock Off|[of] p2a: Gliscor
|
|-heal|p2a: Gliscor|91/100 tox|[from] ability: Poison Heal
|upkeep
|turn|26
|
|t:|1779898473
|move|p1a: Cinccino|Bullet Seed|p2a: Gliscor
|-supereffective|p2a: Gliscor
|-damage|p2a: Gliscor|72/100 tox
|-supereffective|p2a: Gliscor
|-damage|p2a: Gliscor|55/100 tox
|-hitcount|p2a: Gliscor|2
|move|p2a: Gliscor|U-turn|p1a: Cinccino
|-damage|p1a: Cinccino|0 fnt
|faint|p1a: Cinccino
|
|t:|1779898484
|switch|p2a: Latios|Latios, M|100/100|[from] U-turn
|
|upkeep
|
|t:|1779898494
|switch|p1a: Grimmsnarl|Grimmsnarl, M|74/100
|-damage|p1a: Grimmsnarl|61/100|[from] Spikes
|turn|27
|
|t:|1779898498
|move|p1a: Grimmsnarl|Light Screen|p1a: Grimmsnarl
|-sidestart|p1: PokmonShoInClass|move: Light Screen
|move|p2a: Latios|Flip Turn|p1a: Grimmsnarl
|-damage|p1a: Grimmsnarl|51/100
|
|t:|1779898501
|switch|p2a: Gliscor|Gliscor, M, tera:Water|55/100 tox|[from] Flip Turn
|
|-heal|p2a: Gliscor|67/100 tox|[from] ability: Poison Heal
|upkeep
|turn|28
|
|t:|1779898507
|move|p1a: Grimmsnarl|Reflect|p1a: Grimmsnarl
|-sidestart|p1: PokmonShoInClass|Reflect
|move|p2a: Gliscor|Knock Off|p1a: Grimmsnarl
|-resisted|p1a: Grimmsnarl
|-damage|p1a: Grimmsnarl|49/100
|-enditem|p1a: Grimmsnarl|Light Clay|[from] move: Knock Off|[of] p2a: Gliscor
|
|-heal|p2a: Gliscor|80/100 tox|[from] ability: Poison Heal
|upkeep
|turn|29
|
|t:|1779898515
|move|p2a: Gliscor|Protect|p2a: Gliscor
|-singleturn|p2a: Gliscor|Protect
|move|p1a: Grimmsnarl|Parting Shot|p2a: Gliscor
|-activate|p2a: Gliscor|move: Protect
|
|-heal|p2a: Gliscor|92/100 tox|[from] ability: Poison Heal
|upkeep
|turn|30
|
|t:|1779898518
|move|p1a: Grimmsnarl|Parting Shot|p2a: Gliscor
|-unboost|p2a: Gliscor|atk|1
|-unboost|p2a: Gliscor|spa|1
|
|t:|1779898520
|switch|p1a: Rillaboom|Rillaboom, F|91/100|[from] Parting Shot
|-damage|p1a: Rillaboom|79/100|[from] Spikes
|-fieldstart|move: Grassy Terrain|[from] ability: Grassy Surge|[of] p1a: Rillaboom
|move|p2a: Gliscor|U-turn|p1a: Rillaboom
|-supereffective|p1a: Rillaboom
|-damage|p1a: Rillaboom|70/100
|inactive|gyhe has 120 seconds left.
|
|t:|1779898568
|switch|p2a: Lokix|Lokix, F|100/100|[from] U-turn
|
|-heal|p1a: Rillaboom|76/100|[from] Grassy Terrain
|upkeep
|turn|31
|
|t:|1779898574
|switch|p1a: Corviknight|Corviknight, M|77/100
|move|p2a: Lokix|First Impression|p1a: Corviknight
|-resisted|p1a: Corviknight
|-damage|p1a: Corviknight|71/100
|
|upkeep
|turn|32
|
|t:|1779898579
|move|p2a: Lokix|U-turn|p1a: Corviknight
|-resisted|p1a: Corviknight
|-damage|p1a: Corviknight|66/100
|
|t:|1779898584
|switch|p2a: Gliscor|Gliscor, M, tera:Water|92/100 tox|[from] U-turn
|move|p1a: Corviknight|U-turn|p2a: Gliscor
|-damage|p2a: Gliscor|82/100 tox
|
|t:|1779898587
|switch|p1a: Rillaboom|Rillaboom, F|76/100|[from] U-turn
|-damage|p1a: Rillaboom|63/100|[from] Spikes
|
|-heal|p2a: Gliscor|88/100 tox|[from] Grassy Terrain
|-heal|p1a: Rillaboom|70/100|[from] Grassy Terrain
|-heal|p2a: Gliscor|100/100 tox|[from] ability: Poison Heal
|upkeep
|turn|33
|
|t:|1779898600
|move|p2a: Gliscor|U-turn|p1a: Rillaboom
|-supereffective|p1a: Rillaboom
|-damage|p1a: Rillaboom|55/100
|
|t:|1779898602
|switch|p2a: Lokix|Lokix, F|100/100|[from] U-turn
|move|p1a: Rillaboom|Wood Hammer|p2a: Lokix
|-resisted|p2a: Lokix
|-damage|p2a: Lokix|0 fnt
|faint|p2a: Lokix
|-damage|p1a: Rillaboom|32/100|[from] Recoil
|
|-heal|p1a: Rillaboom|39/100|[from] Grassy Terrain
|upkeep
|
|t:|1779898607
|switch|p2a: Latios|Latios, M|100/100
|turn|34
|
|t:|1779898613
|switch|p1a: Grimmsnarl|Grimmsnarl, M|49/100
|-damage|p1a: Grimmsnarl|37/100|[from] Spikes
|move|p2a: Latios|Draco Meteor|p1a: Grimmsnarl
|-immune|p1a: Grimmsnarl
|
|-heal|p1a: Grimmsnarl|43/100|[from] Grassy Terrain
|-sideend|p1: PokmonShoInClass|move: Light Screen
|-fieldend|move: Grassy Terrain
|upkeep
|turn|35
|
|t:|1779898616
|move|p1a: Grimmsnarl|Light Screen|p1a: Grimmsnarl
|-sidestart|p1: PokmonShoInClass|move: Light Screen
|move|p2a: Latios|Flip Turn|p1a: Grimmsnarl
|-damage|p1a: Grimmsnarl|38/100
|
|t:|1779898620
|switch|p2a: Gliscor|Gliscor, M, tera:Water|100/100 tox|[from] Flip Turn
|
|-sideend|p1: PokmonShoInClass|Reflect
|upkeep
|turn|36
|
|t:|1779898623
|move|p1a: Grimmsnarl|Reflect|p1a: Grimmsnarl
|-sidestart|p1: PokmonShoInClass|Reflect
|move|p2a: Gliscor|Spikes|p1a: Grimmsnarl
|-sidestart|p1: PokmonShoInClass|Spikes
|
|upkeep
|turn|37
|
|t:|1779898630
|move|p1a: Grimmsnarl|Parting Shot|p2a: Gliscor
|-unboost|p2a: Gliscor|atk|1
|-unboost|p2a: Gliscor|spa|1
|
|t:|1779898632
|switch|p1a: Corviknight|Corviknight, M|66/100|[from] Parting Shot
|move|p2a: Gliscor|U-turn|p1a: Corviknight
|-resisted|p1a: Corviknight
|-damage|p1a: Corviknight|65/100
|
|t:|1779898638
|switch|p2a: Latios|Latios, M|100/100|[from] U-turn
|
|upkeep
|turn|38
|
|t:|1779898643
|move|p2a: Latios|Draco Meteor|p1a: Corviknight|[miss]
|-miss|p2a: Latios|p1a: Corviknight
|move|p1a: Corviknight|Defog|p2a: Latios
|-unboost|p2a: Latios|evasion|1
|-sideend|p1: PokmonShoInClass|Spikes|[from] move: Defog|[of] p1a: Corviknight
|
|upkeep
|turn|39
|
|t:|1779898645
|move|p2a: Latios|Psychic Noise|p1a: Corviknight
|-resisted|p1a: Corviknight
|-damage|p1a: Corviknight|53/100
|-start|p1a: Corviknight|move: Heal Block
|move|p1a: Corviknight|U-turn|p2a: Latios
|-supereffective|p2a: Latios
|-damage|p2a: Latios|63/100
|
|t:|1779898655
|switch|p1a: Rillaboom|Rillaboom, F|39/100|[from] U-turn
|-fieldstart|move: Grassy Terrain|[from] ability: Grassy Surge|[of] p1a: Rillaboom
|
|-heal|p1a: Rillaboom|45/100|[from] Grassy Terrain
|-sideend|p1: PokmonShoInClass|move: Light Screen
|upkeep
|turn|40
|
|t:|1779898659
|switch|p1a: Grimmsnarl|Grimmsnarl, M|38/100
|move|p2a: Latios|Flip Turn|p1a: Grimmsnarl
|-damage|p1a: Grimmsnarl|32/100
|
|t:|1779898672
|switch|p2a: Gliscor|Gliscor, M, tera:Water|100/100 tox|[from] Flip Turn
|
|-heal|p1a: Grimmsnarl|38/100|[from] Grassy Terrain
|-sideend|p1: PokmonShoInClass|Reflect
|upkeep
|turn|41
|
|t:|1779898679
|move|p1a: Grimmsnarl|Reflect|p1a: Grimmsnarl
|-sidestart|p1: PokmonShoInClass|Reflect
|move|p2a: Gliscor|Spikes|p1a: Grimmsnarl
|-sidestart|p1: PokmonShoInClass|Spikes
|
|-heal|p1a: Grimmsnarl|44/100|[from] Grassy Terrain
|upkeep
|turn|42
|
|t:|1779898687
|move|p1a: Grimmsnarl|Parting Shot|p2a: Gliscor
|-unboost|p2a: Gliscor|atk|1
|-unboost|p2a: Gliscor|spa|1
|
|t:|1779898691
|switch|p1a: Rillaboom|Rillaboom, F|45/100|[from] Parting Shot
|-damage|p1a: Rillaboom|32/100|[from] Spikes
|move|p2a: Gliscor|Spikes|p1a: Rillaboom
|-sidestart|p1: PokmonShoInClass|Spikes
|
|-heal|p1a: Rillaboom|39/100|[from] Grassy Terrain
|upkeep
|turn|43
|
|t:|1779898695
|move|p2a: Gliscor|Protect|p2a: Gliscor
|-singleturn|p2a: Gliscor|Protect
|move|p1a: Rillaboom|Wood Hammer|p2a: Gliscor
|-activate|p2a: Gliscor|move: Protect
|
|-heal|p1a: Rillaboom|45/100|[from] Grassy Terrain
|-fieldend|move: Grassy Terrain
|upkeep
|turn|44
|
|t:|1779898700
|switch|p2a: Ting-Lu|Ting-Lu|43/100 tox
|-ability|p2a: Ting-Lu|Vessel of Ruin
|move|p1a: Rillaboom|Wood Hammer|p2a: Ting-Lu
|-supereffective|p2a: Ting-Lu
|-damage|p2a: Ting-Lu|0 fnt
|faint|p2a: Ting-Lu
|-damage|p1a: Rillaboom|27/100|[from] Recoil
|
|upkeep
|
|t:|1779898703
|switch|p2a: Latios|Latios, M|63/100
|turn|45
|
|t:|1779898711
|switch|p1a: Corviknight|Corviknight, M|53/100
|move|p2a: Latios|Flip Turn|p1a: Corviknight
|-damage|p1a: Corviknight|50/100
|
|t:|1779898715
|switch|p2a: Zamazenta|Zamazenta|100/100|[from] Flip Turn
|
|-sideend|p1: PokmonShoInClass|Reflect
|upkeep
|turn|46
|
|t:|1779898718
|move|p2a: Zamazenta|Close Combat|p1a: Corviknight
|-damage|p1a: Corviknight|12/100
|-unboost|p2a: Zamazenta|def|1
|-unboost|p2a: Zamazenta|spd|1
|move|p1a: Corviknight|Roost|p1a: Corviknight
|-heal|p1a: Corviknight|62/100
|-singleturn|p1a: Corviknight|move: Roost
|
|upkeep
|turn|47
|
|t:|1779898723
|switch|p2a: Gliscor|Gliscor, M, tera:Water|100/100 tox
|move|p1a: Corviknight|Roost|p1a: Corviknight
|-heal|p1a: Corviknight|100/100
|-singleturn|p1a: Corviknight|move: Roost
|
|upkeep
|turn|48
|
|t:|1779898725
|move|p2a: Gliscor|Spikes|p1a: Corviknight
|-sidestart|p1: PokmonShoInClass|Spikes
|move|p1a: Corviknight|Defog|p2a: Gliscor
|-unboost|p2a: Gliscor|evasion|1
|-sideend|p1: PokmonShoInClass|Spikes|[from] move: Defog|[of] p1a: Corviknight
|
|upkeep
|turn|49
|
|t:|1779898728
|move|p2a: Gliscor|Spikes|p1a: Corviknight
|-sidestart|p1: PokmonShoInClass|Spikes
|move|p1a: Corviknight|Body Press|p2a: Gliscor
|-damage|p2a: Gliscor|79/100 tox
|
|-heal|p2a: Gliscor|92/100 tox|[from] ability: Poison Heal
|upkeep
|turn|50
|
|t:|1779898733
|move|p2a: Gliscor|Spikes|p1a: Corviknight
|-sidestart|p1: PokmonShoInClass|Spikes
|move|p1a: Corviknight|Defog|p2a: Gliscor
|-unboost|p2a: Gliscor|evasion|1
|-sideend|p1: PokmonShoInClass|Spikes|[from] move: Defog|[of] p1a: Corviknight
|
|-heal|p2a: Gliscor|100/100 tox|[from] ability: Poison Heal
|upkeep
|turn|51
|
|t:|1779898737
|switch|p1a: Rillaboom|Rillaboom, F|27/100
|-fieldstart|move: Grassy Terrain|[from] ability: Grassy Surge|[of] p1a: Rillaboom
|move|p2a: Gliscor|Knock Off|p1a: Rillaboom
|-damage|p1a: Rillaboom|7/100
|-enditem|p1a: Rillaboom|Choice Band|[from] move: Knock Off|[of] p2a: Gliscor
|
|-heal|p1a: Rillaboom|13/100|[from] Grassy Terrain
|upkeep
|turn|52
|
|t:|1779898747
|move|p1a: Rillaboom|Grassy Glide|p2a: Gliscor
|-supereffective|p2a: Gliscor
|-damage|p2a: Gliscor|35/100 tox
|move|p2a: Gliscor|Knock Off|p1a: Rillaboom
|-damage|p1a: Rillaboom|0 fnt
|faint|p1a: Rillaboom
|
|-heal|p2a: Gliscor|41/100 tox|[from] Grassy Terrain
|-heal|p2a: Gliscor|54/100 tox|[from] ability: Poison Heal
|upkeep
|
|t:|1779898758
|switch|p1a: Grimmsnarl|Grimmsnarl, M|44/100
|turn|53
|
|t:|1779898762
|move|p2a: Gliscor|Spikes|p1a: Grimmsnarl
|-sidestart|p1: PokmonShoInClass|Spikes
|move|p1a: Grimmsnarl|Crunch|p2a: Gliscor
|-damage|p2a: Gliscor|29/100 tox
|
|-heal|p2a: Gliscor|35/100 tox|[from] Grassy Terrain
|-heal|p1a: Grimmsnarl|50/100|[from] Grassy Terrain
|-heal|p2a: Gliscor|48/100 tox|[from] ability: Poison Heal
|upkeep
|turn|54
|
|t:|1779898767
|move|p2a: Gliscor|Protect|p2a: Gliscor
|-singleturn|p2a: Gliscor|Protect
|move|p1a: Grimmsnarl|Crunch|p2a: Gliscor
|-activate|p2a: Gliscor|move: Protect
|
|-heal|p2a: Gliscor|54/100 tox|[from] Grassy Terrain
|-heal|p1a: Grimmsnarl|57/100|[from] Grassy Terrain
|-heal|p2a: Gliscor|66/100 tox|[from] ability: Poison Heal
|upkeep
|turn|55
|
|t:|1779898769
|move|p2a: Gliscor|Spikes|p1a: Grimmsnarl
|-sidestart|p1: PokmonShoInClass|Spikes
|move|p1a: Grimmsnarl|Crunch|p2a: Gliscor
|-damage|p2a: Gliscor|41/100 tox
|
|-heal|p2a: Gliscor|47/100 tox|[from] Grassy Terrain
|-heal|p1a: Grimmsnarl|63/100|[from] Grassy Terrain
|-heal|p2a: Gliscor|60/100 tox|[from] ability: Poison Heal
|-fieldend|move: Grassy Terrain
|upkeep
|turn|56
|
|t:|1779898776
|move|p1a: Grimmsnarl|Reflect|p1a: Grimmsnarl
|-sidestart|p1: PokmonShoInClass|Reflect
|move|p2a: Gliscor|U-turn|p1a: Grimmsnarl
|-damage|p1a: Grimmsnarl|55/100
|
|t:|1779898779
|switch|p2a: Latios|Latios, M|63/100|[from] U-turn
|
|upkeep
|turn|57
|
|t:|1779898782
|move|p1a: Grimmsnarl|Light Screen|p1a: Grimmsnarl
|-sidestart|p1: PokmonShoInClass|move: Light Screen
|move|p2a: Latios|Flip Turn|p1a: Grimmsnarl
|-damage|p1a: Grimmsnarl|50/100
|
|t:|1779898785
|switch|p2a: Gliscor|Gliscor, M, tera:Water|60/100 tox|[from] Flip Turn
|
|-heal|p2a: Gliscor|72/100 tox|[from] ability: Poison Heal
|upkeep
|turn|58
|
|t:|1779898793
|move|p1a: Grimmsnarl|Parting Shot|p2a: Gliscor
|-unboost|p2a: Gliscor|atk|1
|-unboost|p2a: Gliscor|spa|1
|
|t:|1779898797
|switch|p1a: Corviknight|Corviknight, M|100/100|[from] Parting Shot
|move|p2a: Gliscor|Spikes|p1a: Corviknight
|-sidestart|p1: PokmonShoInClass|Spikes
|
|-heal|p2a: Gliscor|85/100 tox|[from] ability: Poison Heal
|upkeep
|turn|59
|
|t:|1779898806
|move|p2a: Gliscor|Protect|p2a: Gliscor
|-singleturn|p2a: Gliscor|Protect
|move|p1a: Corviknight|Defog|p2a: Gliscor
|-activate|p2a: Gliscor|move: Protect
|
|-heal|p2a: Gliscor|97/100 tox|[from] ability: Poison Heal
|upkeep
|turn|60
|
|t:|1779898810
|move|p2a: Gliscor|U-turn|p1a: Corviknight
|-resisted|p1a: Corviknight
|-damage|p1a: Corviknight|99/100
|
|t:|1779898812
|switch|p2a: Latios|Latios, M|63/100|[from] U-turn
|move|p1a: Corviknight|Defog|p2a: Latios
|-unboost|p2a: Latios|evasion|1
|-sideend|p1: PokmonShoInClass|Spikes|[from] move: Defog|[of] p1a: Corviknight
|
|-sideend|p1: PokmonShoInClass|Reflect
|upkeep
|turn|61
|
|t:|1779898819
|move|p2a: Latios|Recover|p2a: Latios
|-heal|p2a: Latios|100/100
|move|p1a: Corviknight|Body Press|p2a: Latios
|-resisted|p2a: Latios
|-damage|p2a: Latios|84/100
|
|-sideend|p1: PokmonShoInClass|move: Light Screen
|upkeep
|turn|62
|
|t:|1779898826
|move|p2a: Latios|Draco Meteor|p1a: Corviknight
|-resisted|p1a: Corviknight
|-damage|p1a: Corviknight|60/100
|-unboost|p2a: Latios|spa|2
|move|p1a: Corviknight|Body Press|p2a: Latios
|-resisted|p2a: Latios
|-damage|p2a: Latios|65/100
|
|upkeep
|turn|63
|
|t:|1779898830
|move|p2a: Latios|Psychic Noise|p1a: Corviknight
|-resisted|p1a: Corviknight
|-damage|p1a: Corviknight|48/100
|-start|p1a: Corviknight|move: Heal Block
|cant|p1a: Corviknight|move: Heal Block|Roost
|
|upkeep
|turn|64
|
|t:|1779898832
|move|p2a: Latios|Flip Turn|p1a: Corviknight
|-damage|p1a: Corviknight|41/100
|
|t:|1779898836
|switch|p2a: Gliscor|Gliscor, M, tera:Water|97/100 tox|[from] Flip Turn
|move|p1a: Corviknight|U-turn|p2a: Gliscor
|-damage|p2a: Gliscor|85/100 tox
|
|t:|1779898842
|switch|p1a: Grimmsnarl|Grimmsnarl, M|50/100|[from] U-turn
|
|-heal|p2a: Gliscor|98/100 tox|[from] ability: Poison Heal
|upkeep
|turn|65
|
|t:|1779898848
|move|p1a: Grimmsnarl|Reflect|p1a: Grimmsnarl
|-sidestart|p1: PokmonShoInClass|Reflect
|move|p2a: Gliscor|U-turn|p1a: Grimmsnarl
|-damage|p1a: Grimmsnarl|42/100
|
|t:|1779898851
|switch|p2a: Latios|Latios, M|65/100|[from] U-turn
|
|upkeep
|turn|66
|
|t:|1779898858
|move|p2a: Latios|Recover|p2a: Latios
|-heal|p2a: Latios|100/100
|move|p1a: Grimmsnarl|Crunch|p2a: Latios
|-supereffective|p2a: Latios
|-damage|p2a: Latios|9/100
|
|upkeep
|turn|67
|
|t:|1779898863
|move|p1a: Grimmsnarl|Light Screen|p1a: Grimmsnarl
|-sidestart|p1: PokmonShoInClass|move: Light Screen
|move|p2a: Latios|Flip Turn|p1a: Grimmsnarl
|-damage|p1a: Grimmsnarl|38/100
|
|t:|1779898866
|switch|p2a: Gliscor|Gliscor, M, tera:Water|98/100 tox|[from] Flip Turn
|
|-heal|p2a: Gliscor|100/100 tox|[from] ability: Poison Heal
|upkeep
|turn|68
|
|t:|1779898869
|move|p1a: Grimmsnarl|Parting Shot|p2a: Gliscor
|-unboost|p2a: Gliscor|atk|1
|-unboost|p2a: Gliscor|spa|1
|
|t:|1779898872
|switch|p1a: Corviknight|Corviknight, M|41/100|[from] Parting Shot
|move|p2a: Gliscor|U-turn|p1a: Corviknight
|-resisted|p1a: Corviknight
|-damage|p1a: Corviknight|40/100
|
|t:|1779898875
|switch|p2a: Latios|Latios, M|9/100|[from] U-turn
|
|upkeep
|turn|69
|
|t:|1779898883
|move|p2a: Latios|Draco Meteor|p1a: Corviknight
|-resisted|p1a: Corviknight
|-damage|p1a: Corviknight|22/100
|-unboost|p2a: Latios|spa|2
|move|p1a: Corviknight|U-turn|p2a: Latios
|-supereffective|p2a: Latios
|-damage|p2a: Latios|0 fnt
|faint|p2a: Latios
|
|t:|1779898887
|switch|p1a: Pecharunt|Pecharunt|99/100|[from] U-turn
|
|-heal|p1a: Pecharunt|100/100|[from] item: Leftovers
|-sideend|p1: PokmonShoInClass|Reflect
|upkeep
|
|t:|1779898890
|switch|p2a: Gliscor|Gliscor, M, tera:Water|100/100 tox
|turn|70
|
|t:|1779898899
|move|p2a: Gliscor|Spikes|p1a: Pecharunt
|-sidestart|p1: PokmonShoInClass|Spikes
|move|p1a: Pecharunt|Parting Shot|p2a: Gliscor
|-unboost|p2a: Gliscor|atk|1
|-unboost|p2a: Gliscor|spa|1
|
|t:|1779898901
|switch|p1a: Corviknight|Corviknight, M|22/100|[from] Parting Shot
|
|upkeep
|turn|71
|
|t:|1779898904
|move|p2a: Gliscor|Spikes|p1a: Corviknight
|-sidestart|p1: PokmonShoInClass|Spikes
|move|p1a: Corviknight|Roost|p1a: Corviknight
|-heal|p1a: Corviknight|72/100
|-singleturn|p1a: Corviknight|move: Roost
|
|-sideend|p1: PokmonShoInClass|move: Light Screen
|upkeep
|turn|72
|
|t:|1779898908
|move|p2a: Gliscor|Knock Off|p1a: Corviknight
|-damage|p1a: Corviknight|67/100
|move|p1a: Corviknight|Defog|p2a: Gliscor
|-unboost|p2a: Gliscor|evasion|1
|-sideend|p1: PokmonShoInClass|Spikes|[from] move: Defog|[of] p1a: Corviknight
|
|upkeep
|turn|73
|
|t:|1779898919
|move|p2a: Gliscor|Knock Off|p1a: Corviknight
|-damage|p1a: Corviknight|61/100
|move|p1a: Corviknight|Body Press|p2a: Gliscor
|-damage|p2a: Gliscor|81/100 tox
|
|-heal|p2a: Gliscor|94/100 tox|[from] ability: Poison Heal
|upkeep
|turn|74
|-message|gyhe forfeited.
|
|win|PokmonShoInClass
|raw|PokmonShoInClass's rating: 1472 &rarr; <strong>1493</strong><br />(+21 for winning)
|raw|gyhe's rating: 1487 &rarr; <strong>1466</strong><br />(-21 for losing)
|l|☆pokmonshoinclass
|player|p1|
|j|☆pokmonshoinclass
|player|p1|pokmonshoinclass|swimmer-gen4dp|
|l|☆pokmonshoinclass
|player|p1|
