|j|☆magikarp soup
|j|☆kooopooolooo
|t:|1779885246
|gametype|singles
|player|p1|magikarp soup|medium|1613
|player|p2|kooopooolooo|169|1599
|gen|9
|tier|[Gen 9] OU
|rated|
|rule|HP Percentage Mod: HP is shown in percentages
|rule|Endless Battle Clause: Forcing endless battles is banned
|rule|Species Clause: Limit one of each Pokémon
|rule|OHKO Clause: OHKO moves are banned
|rule|Evasion Items Clause: Evasion items are banned
|rule|Evasion Moves Clause: Evasion moves are banned
|rule|Evasion Abilities Clause: Evasion abilities are banned
|rule|Sleep Moves Clause: Sleep-inducing moves are banned
|clearpoke
|poke|p1|Cramorant, F|
|poke|p1|Ceruledge, F|
|poke|p1|Kyurem|
|poke|p1|Moltres-Galar|
|poke|p1|Kingambit, F|
|poke|p1|Okidogi, M|
|poke|p2|Tyranitar, M|
|poke|p2|Alomomola, M|
|poke|p2|Pecharunt|
|poke|p2|Tornadus-Therian, M|
|poke|p2|Rillaboom, M|
|poke|p2|Iron Treads|
|teampreview
|
|t:|1779885261
|teamsize|p1|6
|teamsize|p2|6
|start
|switch|p1a: Cramorant|Cramorant, F|100/100
|switch|p2a: Iron Treads|Iron Treads|100/100
|turn|1
|inactive|Battle timer is ON: inactive players will automatically lose when time's up. (requested by kooopooolooo)
|
|t:|1779885301
|move|p2a: Iron Treads|Volt Switch|p1a: Cramorant
|-supereffective|p1a: Cramorant
|-damage|p1a: Cramorant|24/100
|j| Schlafparalyse
|inactive|kooopooolooo has 120 seconds left.
|
|t:|1779885341
|-end|p2a: Iron Treads|Quark Drive|[silent]
|switch|p2a: OU Forever|Tyranitar, M|100/100|[from] Volt Switch
|-weather|Sandstorm|[from] ability: Sand Stream|[of] p2a: OU Forever
|move|p1a: Cramorant|Surf|p2a: OU Forever
|-formechange|p1a: Cramorant|Cramorant-Gorging|
|-supereffective|p2a: OU Forever
|-damage|p2a: OU Forever|75/100
|
|-weather|Sandstorm|[upkeep]
|-damage|p1a: Cramorant|18/100|[from] Sandstorm
|upkeep
|turn|2
|
|t:|1779885351
|move|p1a: Cramorant|Surf|p2a: OU Forever
|-supereffective|p2a: OU Forever
|-damage|p2a: OU Forever|49/100
|move|p2a: OU Forever|Knock Off|p1a: Cramorant
|-damage|p1a: Cramorant|0 fnt
|-damage|p2a: OU Forever|24/100|[from] ability: Gulp Missile|[of] p1a: Cramorant
|-status|p2a: OU Forever|par
|-formechange|p1a: Cramorant|Cramorant|
|-enditem|p1a: Cramorant|Focus Sash|[from] move: Knock Off|[of] p2a: OU Forever
|faint|p1a: Cramorant
|
|-weather|Sandstorm|[upkeep]
|upkeep
|
|t:|1779885373
|switch|p1a: Okidogi|Okidogi, M|100/100
|turn|3
|c|☆kooopooolooo|Its that bird i hate
|
|t:|1779885378
|switch|p2a: Pecharunt|Pecharunt|100/100
|move|p1a: Okidogi|Bulk Up|p1a: Okidogi
|-boost|p1a: Okidogi|atk|1
|-boost|p1a: Okidogi|def|1
|
|-weather|Sandstorm|[upkeep]
|-damage|p1a: Okidogi|94/100|[from] Sandstorm
|-damage|p2a: Pecharunt|94/100|[from] Sandstorm
|-heal|p1a: Okidogi|100/100|[from] item: Leftovers
|upkeep
|turn|4
|
|t:|1779885392
|move|p1a: Okidogi|Bulk Up|p1a: Okidogi
|-boost|p1a: Okidogi|atk|1
|-boost|p1a: Okidogi|def|1
|move|p2a: Pecharunt|Parting Shot|p1a: Okidogi
|-unboost|p1a: Okidogi|atk|1
|-unboost|p1a: Okidogi|spa|1
|
|t:|1779885398
|switch|p2a: Tornadus|Tornadus-Therian, M|100/100|[from] Parting Shot
|
|-weather|Sandstorm|[upkeep]
|-damage|p2a: Tornadus|94/100|[from] Sandstorm
|-damage|p1a: Okidogi|94/100|[from] Sandstorm
|-heal|p1a: Okidogi|100/100|[from] item: Leftovers
|upkeep
|turn|5
|inactive|magikarp soup has 120 seconds left.
|j| chillncurry
|
|t:|1779885445
|-terastallize|p1a: Okidogi|Dark
|move|p2a: Tornadus|Bleakwind Storm|p1a: Okidogi|[miss]
|-miss|p2a: Tornadus|p1a: Okidogi
|move|p1a: Okidogi|Gunk Shot|p2a: Tornadus
|-damage|p2a: Tornadus|0 fnt
|faint|p2a: Tornadus
|
|-weather|none
|upkeep
|
|t:|1779885465
|switch|p2a: Pecharunt|Pecharunt|94/100
|turn|6
|
|t:|1779885467
|move|p1a: Okidogi|Knock Off|p2a: Pecharunt
|-supereffective|p2a: Pecharunt
|-damage|p2a: Pecharunt|17/100
|-enditem|p2a: Pecharunt|Heavy-Duty Boots|[from] move: Knock Off|[of] p1a: Okidogi
|move|p2a: Pecharunt|Toxic|p1a: Okidogi
|-status|p1a: Okidogi|tox
|-start|p1a: Okidogi|confusion|[from] ability: Poison Puppeteer|[of] p2a: Pecharunt
|
|-damage|p1a: Okidogi|94/100 tox|[from] psn
|upkeep
|turn|7
|
|t:|1779885476
|switch|p2a: Hank|Alomomola, M|100/100
|-activate|p1a: Okidogi|confusion
|-damage|p1a: Okidogi|86/100 tox|[from] confusion
|
|-heal|p1a: Okidogi|92/100 tox|[from] item: Leftovers
|-damage|p1a: Okidogi|80/100 tox|[from] psn
|upkeep
|turn|8
|
|t:|1779885480
|-end|p1a: Okidogi|confusion
|move|p1a: Okidogi|Gunk Shot|p2a: Hank|[miss]
|-miss|p1a: Okidogi|p2a: Hank
|move|p2a: Hank|Wish|p2a: Hank
|
|-heal|p1a: Okidogi|86/100 tox|[from] item: Leftovers
|-damage|p1a: Okidogi|68/100 tox|[from] psn
|upkeep
|turn|9
|
|t:|1779885484
|switch|p1a: Ceruledge|Ceruledge, F|100/100
|move|p2a: Hank|Flip Turn|p1a: Ceruledge
|-supereffective|p1a: Ceruledge
|-damage|p1a: Ceruledge|54/100
|-ability|p1a: Ceruledge|Weak Armor|boost
|-unboost|p1a: Ceruledge|def|1
|-boost|p1a: Ceruledge|spe|2
|
|t:|1779885486
|switch|p2a: OU Forever|Tyranitar, M|24/100 par|[from] Flip Turn
|-weather|Sandstorm|[from] ability: Sand Stream|[of] p2a: OU Forever
|
|-weather|Sandstorm|[upkeep]
|-damage|p1a: Ceruledge|48/100|[from] Sandstorm
|-heal|p2a: OU Forever|90/100 par|[from] move: Wish|[wisher] Hank
|upkeep
|turn|10
|
|t:|1779885495
|switch|p2a: Hank|Alomomola, M|100/100
|move|p1a: Ceruledge|Destiny Bond|p1a: Ceruledge
|-singlemove|p1a: Ceruledge|Destiny Bond
|
|-weather|Sandstorm|[upkeep]
|-damage|p1a: Ceruledge|42/100|[from] Sandstorm
|-damage|p2a: Hank|94/100|[from] Sandstorm
|upkeep
|turn|11
|
|t:|1779885502
|move|p1a: Ceruledge|Swords Dance|p1a: Ceruledge
|-boost|p1a: Ceruledge|atk|2
|move|p2a: Hank|Flip Turn|p1a: Ceruledge
|-supereffective|p1a: Ceruledge
|-damage|p1a: Ceruledge|0 fnt
|faint|p1a: Ceruledge
|
|t:|1779885507
|switch|p2a: Iron Treads|Iron Treads|100/100|[from] Flip Turn
|
|-weather|Sandstorm|[upkeep]
|upkeep
|
|t:|1779885518
|switch|p1a: Okidogi|Okidogi, M, tera:Dark|68/100 tox
|turn|12
|
|t:|1779885520
|move|p2a: Iron Treads|Volt Switch|p1a: Okidogi
|-crit|p1a: Okidogi
|-damage|p1a: Okidogi|47/100 tox
|
|t:|1779885523
|-end|p2a: Iron Treads|Quark Drive|[silent]
|switch|p2a: Hank|Alomomola, M|100/100|[from] Volt Switch
|move|p1a: Okidogi|Bulk Up|p1a: Okidogi
|-boost|p1a: Okidogi|atk|1
|-boost|p1a: Okidogi|def|1
|
|-weather|Sandstorm|[upkeep]
|-damage|p1a: Okidogi|40/100 tox|[from] Sandstorm
|-damage|p2a: Hank|94/100|[from] Sandstorm
|-heal|p1a: Okidogi|47/100 tox|[from] item: Leftovers
|-damage|p1a: Okidogi|40/100 tox|[from] psn
|upkeep
|turn|13
|
|t:|1779885527
|move|p1a: Okidogi|Knock Off|p2a: Hank
|-damage|p2a: Hank|53/100
|-damage|p1a: Okidogi|24/100 tox|[from] item: Rocky Helmet|[of] p2a: Hank
|-enditem|p2a: Hank|Rocky Helmet|[from] move: Knock Off|[of] p1a: Okidogi
|move|p2a: Hank|Flip Turn|p1a: Okidogi
|-damage|p1a: Okidogi|14/100 tox
|
|t:|1779885532
|switch|p2a: Iron Treads|Iron Treads|100/100|[from] Flip Turn
|
|-weather|none
|-heal|p1a: Okidogi|20/100 tox|[from] item: Leftovers
|-damage|p1a: Okidogi|8/100 tox|[from] psn
|upkeep
|turn|14
|
|t:|1779885535
|move|p2a: Iron Treads|Earth Power|p1a: Okidogi
|-damage|p1a: Okidogi|0 fnt
|faint|p1a: Okidogi
|
|upkeep
|
|t:|1779885538
|switch|p1a: Moltres|Moltres-Galar|100/100
|turn|15
|
|t:|1779885545
|move|p2a: Iron Treads|Volt Switch|p1a: Moltres
|-supereffective|p1a: Moltres
|-damage|p1a: Moltres|77/100
|
|t:|1779885547
|-end|p2a: Iron Treads|Quark Drive|[silent]
|switch|p2a: OU Forever|Tyranitar, M|90/100 par|[from] Volt Switch
|-weather|Sandstorm|[from] ability: Sand Stream|[of] p2a: OU Forever
|move|p1a: Moltres|Nasty Plot|p1a: Moltres
|-boost|p1a: Moltres|spa|2
|
|-weather|Sandstorm|[upkeep]
|-damage|p1a: Moltres|71/100|[from] Sandstorm
|upkeep
|turn|16
|
|t:|1779885550
|move|p1a: Moltres|Fiery Wrath|p2a: OU Forever
|-resisted|p2a: OU Forever
|-damage|p2a: OU Forever|75/100 par
|cant|p2a: OU Forever|par
|
|-weather|Sandstorm|[upkeep]
|-damage|p1a: Moltres|65/100|[from] Sandstorm
|upkeep
|turn|17
|
|t:|1779885555
|move|p1a: Moltres|Fiery Wrath|p2a: OU Forever
|-resisted|p2a: OU Forever
|-damage|p2a: OU Forever|59/100 par
|cant|p2a: OU Forever|par
|
|-weather|Sandstorm|[upkeep]
|-damage|p1a: Moltres|59/100|[from] Sandstorm
|upkeep
|turn|18
|
|t:|1779885565
|move|p1a: Moltres|Fiery Wrath|p2a: OU Forever
|-resisted|p2a: OU Forever
|-damage|p2a: OU Forever|45/100 par
|cant|p2a: OU Forever|flinch
|
|-weather|Sandstorm|[upkeep]
|-damage|p1a: Moltres|53/100|[from] Sandstorm
|upkeep
|turn|19
|
|t:|1779885572
|move|p1a: Moltres|Fiery Wrath|p2a: OU Forever
|-resisted|p2a: OU Forever
|-damage|p2a: OU Forever|30/100 par
|cant|p2a: OU Forever|par
|
|-weather|none
|upkeep
|turn|20
|
|t:|1779885578
|move|p1a: Moltres|Fiery Wrath|p2a: OU Forever
|-resisted|p2a: OU Forever
|-damage|p2a: OU Forever|8/100 par
|move|p2a: OU Forever|Knock Off|p1a: Moltres
|-resisted|p1a: Moltres
|-damage|p1a: Moltres|21/100
|-enditem|p1a: Moltres|Salac Berry|[from] move: Knock Off|[of] p2a: OU Forever
|-ability|p1a: Moltres|Berserk|boost
|-boost|p1a: Moltres|spa|1
|
|upkeep
|turn|21
|c|☆kooopooolooo|You evil mofo
|
|t:|1779885589
|switch|p2a: Pecharunt|Pecharunt|17/100
|move|p1a: Moltres|Fiery Wrath|p2a: Pecharunt
|-supereffective|p2a: Pecharunt
|-damage|p2a: Pecharunt|0 fnt
|faint|p2a: Pecharunt
|
|upkeep
|
|t:|1779885591
|switch|p2a: Rillaboom|Rillaboom, M|100/100
|-fieldstart|move: Grassy Terrain|[from] ability: Grassy Surge|[of] p2a: Rillaboom
|turn|22
|inactive|magikarp soup has 120 seconds left.
|inactive|magikarp soup has 90 seconds left.
|
|t:|1779885657
|move|p2a: Rillaboom|Grassy Glide|p1a: Moltres
|-resisted|p1a: Moltres
|-damage|p1a: Moltres|0 fnt
|faint|p1a: Moltres
|
|upkeep
|
|t:|1779885671
|switch|p1a: Kyurem|Kyurem|100/100
|-ability|p1a: Kyurem|Pressure
|turn|23
|
|t:|1779885674
|switch|p2a: OU Forever|Tyranitar, M|8/100 par
|-weather|Sandstorm|[from] ability: Sand Stream|[of] p2a: OU Forever
|move|p1a: Kyurem|Dragon Dance|p1a: Kyurem
|-boost|p1a: Kyurem|atk|1
|-boost|p1a: Kyurem|spe|1
|
|-weather|Sandstorm|[upkeep]
|-damage|p1a: Kyurem|94/100|[from] Sandstorm
|-heal|p1a: Kyurem|100/100|[from] Grassy Terrain
|-heal|p2a: OU Forever|14/100 par|[from] Grassy Terrain
|upkeep
|turn|24
|
|t:|1779885680
|move|p1a: Kyurem|Icicle Spear|p2a: OU Forever
|-damage|p2a: OU Forever|0 fnt
|faint|p2a: OU Forever
|-hitcount|p2: OU Forever|1
|
|-weather|Sandstorm|[upkeep]
|-damage|p1a: Kyurem|94/100|[from] Sandstorm
|-heal|p1a: Kyurem|100/100|[from] Grassy Terrain
|upkeep
|
|t:|1779885683
|switch|p2a: Iron Treads|Iron Treads|100/100
|turn|25
|-message|kooopooolooo forfeited.
|
|win|magikarp soup
|raw|magikarp soup's rating: 1613 &rarr; <strong>1632</strong><br />(+19 for winning)
|raw|kooopooolooo's rating: 1599 &rarr; <strong>1580</strong><br />(-19 for losing)
|l|☆kooopooolooo
|player|p2|
|l| chillncurry
|l|☆magikarp soup
|player|p1|
