|j|☆Alexandermacedon1
|j|☆pika_sparkle
|t:|1779892711
|gametype|singles
|player|p1|Alexandermacedon1|170|1127
|player|p2|pika_sparkle|pokekid|1078
|gen|9
|tier|[Gen 9] OU
|rated|
|rule|HP Percentage Mod: HP is shown in percentages
|rule|Endless Battle Clause: Forcing endless battles is banned
|rule|Species Clause: Limit one of each Pokémon
|rule|OHKO Clause: OHKO moves are banned
|rule|Evasion Items Clause: Evasion items are banned
|rule|Evasion Moves Clause: Evasion moves are banned
|rule|Evasion Abilities Clause: Evasion abilities are banned
|rule|Sleep Moves Clause: Sleep-inducing moves are banned
|clearpoke
|poke|p1|Umbreon, F|
|poke|p1|Cloyster, F|
|poke|p1|Dragonite, M|
|poke|p1|Keldeo-Resolute|
|poke|p1|Gengar, M|
|poke|p1|Gyarados, M|
|poke|p2|Pikachu-Sinnoh, M|
|poke|p2|Gallade, M|
|poke|p2|Jirachi|
|poke|p2|Umbreon, M|
|poke|p2|Ceruledge, F|
|poke|p2|Dragapult, M|
|teampreview
|
|t:|1779892736
|teamsize|p1|6
|teamsize|p2|6
|start
|switch|p1a: Cloyster|Cloyster, F|100/100
|switch|p2a: Gallade|Gallade, M|100/100
|turn|1
|
|t:|1779892755
|-terastallize|p1a: Cloyster|Ground
|move|p2a: Gallade|Air Slash|p1a: Cloyster
|-crit|p1a: Cloyster
|-damage|p1a: Cloyster|32/100
|move|p1a: Cloyster|Shell Smash|p1a: Cloyster
|-unboost|p1a: Cloyster|def|1
|-unboost|p1a: Cloyster|spd|1
|-boost|p1a: Cloyster|atk|2
|-boost|p1a: Cloyster|spa|2
|-boost|p1a: Cloyster|spe|2
|-enditem|p1a: Cloyster|White Herb
|-clearnegativeboost|p1a: Cloyster|[silent]
|
|upkeep
|turn|2
|
|t:|1779892771
|move|p1a: Cloyster|Icicle Spear|p2a: Gallade
|-damage|p2a: Gallade|55/100
|-damage|p2a: Gallade|8/100
|-damage|p2a: Gallade|0 fnt
|faint|p2a: Gallade
|-hitcount|p2: Gallade|3
|
|upkeep
|
|t:|1779892782
|switch|p2a: Pikachu|Pikachu-Sinnoh, M|100/100
|turn|3
|
|t:|1779892787
|move|p1a: Cloyster|Icicle Spear|p2a: Pikachu
|-damage|p2a: Pikachu|20/100
|-damage|p2a: Pikachu|0 fnt
|faint|p2a: Pikachu
|-hitcount|p2: Pikachu|2
|
|upkeep
|
|t:|1779892793
|switch|p2a: Ceruledge|Ceruledge, F|100/100
|turn|4
|
|t:|1779892801
|move|p1a: Cloyster|Liquidation|p2a: Ceruledge
|-supereffective|p2a: Ceruledge
|-damage|p2a: Ceruledge|0 fnt
|faint|p2a: Ceruledge
|
|upkeep
|
|t:|1779892806
|switch|p2a: Umbreon|Umbreon, M, shiny|100/100
|turn|5
|
|t:|1779892810
|move|p1a: Cloyster|Icicle Spear|p2a: Umbreon
|-damage|p2a: Umbreon|85/100
|-damage|p2a: Umbreon|70/100
|-damage|p2a: Umbreon|54/100
|-damage|p2a: Umbreon|38/100
|-enditem|p2a: Umbreon|Sitrus Berry|[eat]
|-heal|p2a: Umbreon|63/100|[from] item: Sitrus Berry
|-damage|p2a: Umbreon|48/100
|-hitcount|p2a: Umbreon|5
|move|p2a: Umbreon|Hyper Voice|p1a: Cloyster
|-damage|p1a: Cloyster|0 fnt
|faint|p1a: Cloyster
|
|upkeep
|
|t:|1779892830
|switch|p1a: Keldeo|Keldeo-Resolute|100/100
|turn|6
|
|t:|1779892838
|move|p1a: Keldeo|Surf|p2a: Umbreon
|-damage|p2a: Umbreon|0 fnt
|faint|p2a: Umbreon
|
|upkeep
|
|t:|1779892841
|switch|p2a: Jirachi|Jirachi|100/100
|turn|7
|
|t:|1779892846
|move|p1a: Keldeo|Surf|p2a: Jirachi
|-damage|p2a: Jirachi|39/100
|move|p2a: Jirachi|Thunderbolt|p1a: Keldeo
|-supereffective|p1a: Keldeo
|-damage|p1a: Keldeo|33/100
|
|-heal|p2a: Jirachi|45/100|[from] item: Leftovers
|upkeep
|turn|8
|
|t:|1779892855
|move|p1a: Keldeo|Surf|p2a: Jirachi
|-damage|p2a: Jirachi|0 fnt
|faint|p2a: Jirachi
|
|upkeep
|
|t:|1779892860
|switch|p2a: Dragapult|Dragapult, M|100/100
|turn|9
|
|t:|1779892864
|move|p2a: Dragapult|Dragon Rush|p1a: Keldeo
|-damage|p1a: Keldeo|0 fnt
|faint|p1a: Keldeo
|
|upkeep
|
|t:|1779892872
|switch|p1a: Umbreon|Umbreon, F|100/100
|turn|10
|
|t:|1779892877
|-terastallize|p2a: Dragapult|Ground
|move|p2a: Dragapult|Dragon Rush|p1a: Umbreon
|-damage|p1a: Umbreon|46/100
|move|p1a: Umbreon|Toxic|p2a: Dragapult|[miss]
|-miss|p1a: Umbreon|p2a: Dragapult
|
|-heal|p1a: Umbreon|53/100|[from] item: Leftovers
|upkeep
|turn|11
|
|t:|1779892890
|move|p2a: Dragapult|Dragon Rush|p1a: Umbreon
|-damage|p1a: Umbreon|2/100
|move|p1a: Umbreon|Wish|p1a: Umbreon
|
|-heal|p1a: Umbreon|8/100|[from] item: Leftovers
|upkeep
|turn|12
|
|t:|1779892897
|move|p1a: Umbreon|Protect|p1a: Umbreon
|-singleturn|p1a: Umbreon|Protect
|move|p2a: Dragapult|Dragon Claw|p1a: Umbreon
|-activate|p1a: Umbreon|move: Protect
|
|-heal|p1a: Umbreon|58/100|[from] move: Wish|[wisher] Umbreon
|-heal|p1a: Umbreon|64/100|[from] item: Leftovers
|upkeep
|turn|13
|
|t:|1779892909
|move|p2a: Dragapult|Dragon Rush|p1a: Umbreon
|-damage|p1a: Umbreon|12/100
|move|p1a: Umbreon|Toxic|p2a: Dragapult
|-status|p2a: Dragapult|tox
|
|-heal|p1a: Umbreon|19/100|[from] item: Leftovers
|-damage|p2a: Dragapult|95/100 tox|[from] psn
|upkeep
|turn|14
|
|t:|1779892921
|move|p1a: Umbreon|Protect|p1a: Umbreon
|-singleturn|p1a: Umbreon|Protect
|move|p2a: Dragapult|Dragon Claw|p1a: Umbreon
|-activate|p1a: Umbreon|move: Protect
|
|-heal|p1a: Umbreon|25/100|[from] item: Leftovers
|-damage|p2a: Dragapult|83/100 tox|[from] psn
|upkeep
|turn|15
|
|t:|1779892931
|move|p2a: Dragapult|Dragon Claw|p1a: Umbreon
|-damage|p1a: Umbreon|0 fnt
|faint|p1a: Umbreon
|
|-damage|p2a: Dragapult|65/100 tox|[from] psn
|upkeep
|
|t:|1779892942
|switch|p1a: Gyarados|Gyarados, M|100/100
|turn|16
|
|t:|1779892947
|move|p2a: Dragapult|Dragon Rush|p1a: Gyarados|[miss]
|-miss|p2a: Dragapult|p1a: Gyarados
|move|p1a: Gyarados|Waterfall|p2a: Dragapult
|-supereffective|p2a: Dragapult
|-damage|p2a: Dragapult|0 fnt
|faint|p2a: Dragapult
|-damage|p1a: Gyarados|91/100|[from] item: Life Orb
|
|win|Alexandermacedon1
|raw|Alexandermacedon1's rating: 1127 &rarr; <strong>1148</strong><br />(+21 for winning)
|raw|pika_sparkle's rating: 1078 &rarr; <strong>1059</strong><br />(-19 for losing)
|l|☆pika_sparkle
|player|p2|
|l|☆Alexandermacedon1
|player|p1|
