|j|☆weiee
|j|☆karmasiren
|t:|1779863924
|gametype|singles
|player|p1|weiee|169|1450
|player|p2|karmasiren|skyla|1498
|gen|9
|tier|[Gen 9] OU
|rated|
|rule|HP Percentage Mod: HP is shown in percentages
|rule|Endless Battle Clause: Forcing endless battles is banned
|rule|Species Clause: Limit one of each Pokémon
|rule|OHKO Clause: OHKO moves are banned
|rule|Evasion Items Clause: Evasion items are banned
|rule|Evasion Moves Clause: Evasion moves are banned
|rule|Evasion Abilities Clause: Evasion abilities are banned
|rule|Sleep Moves Clause: Sleep-inducing moves are banned
|clearpoke
|poke|p1|Salamence, F|
|poke|p1|Glimmora, F|
|poke|p1|Iron Valiant|
|poke|p1|Ogerpon-Wellspring, F|
|poke|p1|Scizor, F|
|poke|p1|Raging Bolt|
|poke|p2|Volcanion|
|poke|p2|Corviknight, F|
|poke|p2|Sandy Shocks|
|poke|p2|Serperior, F|
|poke|p2|Deoxys-Speed|
|poke|p2|Kingambit, F|
|teampreview
|
|t:|1779863940
|teamsize|p1|6
|teamsize|p2|6
|start
|switch|p1a: Scizor|Scizor, F|100/100
|switch|p2a: Calypso|Deoxys-Speed|100/100
|-ability|p2a: Calypso|Pressure
|turn|1
|
|t:|1779863944
|switch|p2a: Edgar|Corviknight, F, shiny|100/100
|-ability|p2a: Edgar|Pressure
|move|p1a: Scizor|U-turn|p2a: Edgar
|-resisted|p2a: Edgar
|-damage|p2a: Edgar|91/100
|-damage|p1a: Scizor|84/100|[from] item: Rocky Helmet|[of] p2a: Edgar
|
|t:|1779863950
|switch|p1a: Raging Bolt|Raging Bolt|100/100|[from] U-turn
|
|upkeep
|turn|2
|
|t:|1779863957
|switch|p2a: Mega Magneton|Sandy Shocks, shiny|100/100
|move|p1a: Raging Bolt|Draco Meteor|p2a: Mega Magneton
|-damage|p2a: Mega Magneton|49/100
|-unboost|p1a: Raging Bolt|spa|2
|
|upkeep
|turn|3
|
|t:|1779863972
|-end|p1a: Raging Bolt|Protosynthesis|[silent]
|switch|p1a: Iron Valiant|Iron Valiant|100/100
|-enditem|p1a: Iron Valiant|Booster Energy
|-activate|p1a: Iron Valiant|ability: Quark Drive|[fromitem]
|-start|p1a: Iron Valiant|quarkdrivespe
|move|p2a: Mega Magneton|Volt Switch|p1a: Iron Valiant
|-damage|p1a: Iron Valiant|35/100
|j| Easontom
|inactive|Battle timer is ON: inactive players will automatically lose when time's up. (requested by weiee)
|
|t:|1779864050
|-end|p2a: Mega Magneton|Protosynthesis|[silent]
|switch|p2a: Steam McQueen|Volcanion|100/100|[from] Volt Switch
|
|upkeep
|turn|4
|
|t:|1779864064
|move|p1a: Iron Valiant|Destiny Bond|p1a: Iron Valiant
|-singlemove|p1a: Iron Valiant|Destiny Bond
|move|p2a: Steam McQueen|Fire Blast|p1a: Iron Valiant
|-damage|p1a: Iron Valiant|0 fnt
|faint|p1a: Iron Valiant
|-activate|p1a: Iron Valiant|move: Destiny Bond
|-end|p1a: Iron Valiant|Quark Drive|[silent]
|faint|p2a: Steam McQueen
|
|upkeep
|
|t:|1779864072
|switch|p1a: Scizor|Scizor, F|84/100
|switch|p2a: Mega Magneton|Sandy Shocks, shiny|49/100
|turn|5
|
|t:|1779864081
|move|p2a: Mega Magneton|Earth Power|p1a: Scizor
|-damage|p1a: Scizor|26/100
|move|p1a: Scizor|U-turn|p2a: Mega Magneton
|-damage|p2a: Mega Magneton|0 fnt
|faint|p2a: Mega Magneton
|-end|p2a: Mega Magneton|Protosynthesis|[silent]
|
|t:|1779864089
|switch|p1a: Raging Bolt|Raging Bolt|100/100|[from] U-turn
|
|upkeep
|
|t:|1779864093
|switch|p2a: Calypso|Deoxys-Speed|100/100
|-ability|p2a: Calypso|Pressure
|turn|6
|
|t:|1779864098
|move|p2a: Calypso|Psycho Boost|p1a: Raging Bolt
|-damage|p1a: Raging Bolt|57/100
|-unboost|p2a: Calypso|spa|2
|-damage|p2a: Calypso|91/100|[from] item: Life Orb
|move|p1a: Raging Bolt|Volt Switch|p2a: Calypso
|-damage|p2a: Calypso|24/100
|
|t:|1779864112
|-end|p1a: Raging Bolt|Protosynthesis|[silent]
|switch|p1a: Glimmora|Glimmora, F|100/100|[from] Volt Switch
|
|upkeep
|turn|7
|
|t:|1779864115
|move|p2a: Calypso|Psycho Boost|p1a: Glimmora
|-supereffective|p1a: Glimmora
|-damage|p1a: Glimmora|0 fnt
|-unboost|p2a: Calypso|spa|2
|faint|p1a: Glimmora
|-damage|p2a: Calypso|14/100|[from] item: Life Orb
|
|upkeep
|
|t:|1779864123
|switch|p1a: Raging Bolt|Raging Bolt|57/100
|turn|8
|
|t:|1779864127
|move|p1a: Raging Bolt|Thunderclap||[still]
|-fail|p1a: Raging Bolt
|move|p2a: Calypso|Stealth Rock|p1a: Raging Bolt
|-sidestart|p1: weiee|move: Stealth Rock
|
|upkeep
|turn|9
|
|t:|1779864130
|move|p1a: Raging Bolt|Thunderclap|p2a: Calypso
|-damage|p2a: Calypso|0 fnt
|faint|p2a: Calypso
|
|upkeep
|
|t:|1779864137
|switch|p2a: King of OU|Kingambit, F|100/100
|-activate|p2a: King of OU|ability: Supreme Overlord
|-start|p2a: King of OU|fallen3|[silent]
|turn|10
|
|t:|1779864140
|move|p1a: Raging Bolt|Volt Switch|p2a: King of OU
|-damage|p2a: King of OU|55/100
|
|t:|1779864142
|-end|p1a: Raging Bolt|Protosynthesis|[silent]
|switch|p1a: Ogerpon|Ogerpon-Wellspring, F|100/100|[from] Volt Switch
|-damage|p1a: Ogerpon|88/100|[from] Stealth Rock
|move|p2a: King of OU|Kowtow Cleave|p1a: Ogerpon
|-damage|p1a: Ogerpon|0 fnt
|faint|p1a: Ogerpon
|
|upkeep
|
|t:|1779864146
|switch|p1a: Salamence|Salamence, F|100/100
|-damage|p1a: Salamence|76/100|[from] Stealth Rock
|turn|11
|
|t:|1779864151
|-end|p2a: King of OU|fallen3|[silent]
|switch|p2a: Edgar|Corviknight, F, shiny|91/100
|-ability|p2a: Edgar|Pressure
|move|p1a: Salamence|Substitute|p1a: Salamence
|-start|p1a: Salamence|Substitute
|-damage|p1a: Salamence|51/100
|
|-heal|p1a: Salamence|57/100|[from] item: Leftovers
|upkeep
|turn|12
|
|t:|1779864155
|move|p1a: Salamence|Dragon Dance|p1a: Salamence
|-boost|p1a: Salamence|atk|1
|-boost|p1a: Salamence|spe|1
|move|p2a: Edgar|Iron Defense|p2a: Edgar
|-boost|p2a: Edgar|def|2
|
|-heal|p1a: Salamence|63/100|[from] item: Leftovers
|upkeep
|turn|13
|
|t:|1779864159
|move|p1a: Salamence|Dragon Dance|p1a: Salamence
|-boost|p1a: Salamence|atk|1
|-boost|p1a: Salamence|spe|1
|move|p2a: Edgar|Body Press|p1a: Salamence
|-resisted|p1a: Salamence
|-end|p1a: Salamence|Substitute
|
|-heal|p1a: Salamence|69/100|[from] item: Leftovers
|upkeep
|turn|14
|
|t:|1779864162
|move|p1a: Salamence|Dragon Dance|p1a: Salamence
|-boost|p1a: Salamence|atk|1
|-boost|p1a: Salamence|spe|1
|move|p2a: Edgar|Iron Defense|p2a: Edgar
|-boost|p2a: Edgar|def|2
|
|-heal|p1a: Salamence|76/100|[from] item: Leftovers
|upkeep
|turn|15
|
|t:|1779864166
|move|p1a: Salamence|Dual Wingbeat|p2a: Edgar
|-resisted|p2a: Edgar
|-damage|p2a: Edgar|85/100
|-damage|p1a: Salamence|59/100|[from] item: Rocky Helmet|[of] p2a: Edgar
|-resisted|p2a: Edgar
|-damage|p2a: Edgar|79/100
|-damage|p1a: Salamence|42/100|[from] item: Rocky Helmet|[of] p2a: Edgar
|-hitcount|p2a: Edgar|2
|move|p2a: Edgar|Body Press|p1a: Salamence
|-resisted|p1a: Salamence
|-damage|p1a: Salamence|0 fnt
|faint|p1a: Salamence
|
|upkeep
|
|t:|1779864169
|switch|p1a: Raging Bolt|Raging Bolt|57/100
|-damage|p1a: Raging Bolt|44/100|[from] Stealth Rock
|turn|16
|
|t:|1779864172
|-terastallize|p2a: Edgar|Fighting
|move|p1a: Raging Bolt|Thunderbolt|p2a: Edgar
|-crit|p2a: Edgar
|-damage|p2a: Edgar|0 fnt
|faint|p2a: Edgar
|
|upkeep
|-message|weiee forfeited.
|
|win|karmasiren
|raw|weiee's rating: 1450 &rarr; <strong>1433</strong><br />(-17 for losing)
|raw|karmasiren's rating: 1498 &rarr; <strong>1515</strong><br />(+17 for winning)
|l|☆weiee
|player|p1|
|c|☆karmasiren|you won the game
|c|☆karmasiren|hello?
|l| Easontom
|l|☆karmasiren
|player|p2|
