|j|☆falinks_testing
|j|☆circuitissue113
|t:|1779914836
|gametype|singles
|player|p1|falinks_testing|roughneck|1281
|player|p2|circuitissue113|266|1265
|gen|9
|tier|[Gen 9] OU
|rated|
|rule|HP Percentage Mod: HP is shown in percentages
|rule|Endless Battle Clause: Forcing endless battles is banned
|rule|Species Clause: Limit one of each Pokémon
|rule|OHKO Clause: OHKO moves are banned
|rule|Evasion Items Clause: Evasion items are banned
|rule|Evasion Moves Clause: Evasion moves are banned
|rule|Evasion Abilities Clause: Evasion abilities are banned
|rule|Sleep Moves Clause: Sleep-inducing moves are banned
|clearpoke
|poke|p1|Vikavolt, F|
|poke|p1|Gholdengo|
|poke|p1|Great Tusk|
|poke|p1|Typhlosion-Hisui, F|
|poke|p1|Meowscarada, M|
|poke|p1|Kyurem|
|poke|p2|Ninetales, M|
|poke|p2|Venusaur, M|
|poke|p2|Blaziken, M|
|poke|p2|Walking Wake|
|poke|p2|Great Tusk|
|poke|p2|Hatterene, F|
|teampreview
|inactive|Battle timer is ON: inactive players will automatically lose when time's up. (requested by falinks_testing)
|
|t:|1779914852
|teamsize|p1|6
|teamsize|p2|6
|start
|switch|p1a: Vikavolt|Vikavolt, F|100/100
|switch|p2a: Ninetales|Ninetales, M|100/100
|-weather|SunnyDay|[from] ability: Drought|[of] p2a: Ninetales
|turn|1
|
|t:|1779914857
|move|p2a: Ninetales|Flamethrower|p1a: Vikavolt
|-supereffective|p1a: Vikavolt
|-damage|p1a: Vikavolt|1/100
|move|p1a: Vikavolt|Volt Switch|p2a: Ninetales
|-damage|p2a: Ninetales|54/100
|
|t:|1779914866
|switch|p1a: Meowscarada|Meowscarada, M|100/100|[from] Volt Switch
|
|-weather|SunnyDay|[upkeep]
|upkeep
|turn|2
|
|t:|1779914870
|move|p1a: Meowscarada|Knock Off|p2a: Ninetales
|-start|p1a: Meowscarada|typechange|Dark|[from] ability: Protean
|-damage|p2a: Ninetales|0 fnt
|-enditem|p2a: Ninetales|Heat Rock|[from] move: Knock Off|[of] p1a: Meowscarada
|faint|p2a: Ninetales
|
|-weather|SunnyDay|[upkeep]
|upkeep
|
|t:|1779914875
|switch|p2a: Blaziken|Blaziken, M|100/100
|turn|3
|
|t:|1779914879
|move|p1a: Meowscarada|Knock Off|p2a: Blaziken
|-resisted|p2a: Blaziken
|-damage|p2a: Blaziken|65/100
|-enditem|p2a: Blaziken|Scope Lens|[from] move: Knock Off|[of] p1a: Meowscarada
|move|p2a: Blaziken|Focus Energy|p2a: Blaziken
|-start|p2a: Blaziken|move: Focus Energy
|
|-weather|SunnyDay|[upkeep]
|-ability|p2a: Blaziken|Speed Boost|boost
|-boost|p2a: Blaziken|spe|1
|upkeep
|turn|4
|
|t:|1779914887
|switch|p1a: Vikavolt|Vikavolt, F|1/100
|-terastallize|p2a: Blaziken|Fire
|move|p2a: Blaziken|Close Combat|p1a: Vikavolt
|-resisted|p1a: Vikavolt
|-crit|p1a: Vikavolt
|-damage|p1a: Vikavolt|0 fnt
|-unboost|p2a: Blaziken|def|1
|-unboost|p2a: Blaziken|spd|1
|faint|p1a: Vikavolt
|
|-weather|SunnyDay|[upkeep]
|-ability|p2a: Blaziken|Speed Boost|boost
|-boost|p2a: Blaziken|spe|1
|upkeep
|
|t:|1779914893
|switch|p1a: Typhlosion|Typhlosion-Hisui, F|100/100
|turn|5
|
|t:|1779914896
|move|p2a: Blaziken|Overheat|p1a: Typhlosion
|-resisted|p1a: Typhlosion
|-crit|p1a: Typhlosion
|-damage|p1a: Typhlosion|0 fnt
|-unboost|p2a: Blaziken|spa|2
|faint|p1a: Typhlosion
|
|-weather|SunnyDay|[upkeep]
|-ability|p2a: Blaziken|Speed Boost|boost
|-boost|p2a: Blaziken|spe|1
|upkeep
|
|t:|1779914911
|switch|p1a: Kyurem|Kyurem|100/100
|-ability|p1a: Kyurem|Pressure
|turn|6
|
|t:|1779914915
|-terastallize|p1a: Kyurem|Dragon
|move|p2a: Blaziken|Close Combat|p1a: Kyurem
|-crit|p1a: Kyurem
|-damage|p1a: Kyurem|35/100
|-unboost|p2a: Blaziken|def|1
|-unboost|p2a: Blaziken|spd|1
|move|p1a: Kyurem|Scale Shot|p2a: Blaziken
|-damage|p2a: Blaziken|0 fnt
|faint|p2a: Blaziken
|-hitcount|p2: Blaziken|1
|-unboost|p1a: Kyurem|def|1
|-boost|p1a: Kyurem|spe|1
|
|-weather|SunnyDay|[upkeep]
|upkeep
|
|t:|1779914922
|switch|p2a: Venusaur|Venusaur, M|100/100
|turn|7
|
|t:|1779914926
|switch|p1a: Gholdengo|Gholdengo|100/100
|-item|p1a: Gholdengo|Air Balloon
|move|p2a: Venusaur|Sludge Bomb|p1a: Gholdengo
|-immune|p1a: Gholdengo
|
|-weather|SunnyDay|[upkeep]
|upkeep
|turn|8
|
|t:|1779914930
|switch|p1a: Kyurem|Kyurem, tera:Dragon|35/100
|-ability|p1a: Kyurem|Pressure
|move|p2a: Venusaur|Weather Ball|p1a: Kyurem
|-resisted|p1a: Kyurem
|-damage|p1a: Kyurem|10/100
|-damage|p2a: Venusaur|91/100|[from] item: Life Orb
|
|-weather|none
|upkeep
|turn|9
|
|t:|1779914938
|move|p2a: Venusaur|Sludge Bomb|p1a: Kyurem
|-damage|p1a: Kyurem|0 fnt
|faint|p1a: Kyurem
|-damage|p2a: Venusaur|81/100|[from] item: Life Orb
|
|upkeep
|
|t:|1779914959
|switch|p1a: Meowscarada|Meowscarada, M|100/100
|turn|10
|
|t:|1779914963
|switch|p2a: Hatterene|Hatterene, F|100/100
|move|p1a: Meowscarada|U-turn|p2a: Hatterene
|-start|p1a: Meowscarada|typechange|Bug|[from] ability: Protean
|-damage|p2a: Hatterene|69/100
|-enditem|p2a: Hatterene|Eject Button
|
|t:|1779914973
|switch|p2a: Walking Wake|Walking Wake|100/100
|
|upkeep
|turn|11
|
|t:|1779914984
|move|p1a: Meowscarada|U-turn|p2a: Walking Wake
|-damage|p2a: Walking Wake|68/100
|
|t:|1779914987
|switch|p1a: Gholdengo|Gholdengo|100/100|[from] U-turn
|-item|p1a: Gholdengo|Air Balloon
|move|p2a: Walking Wake|Flamethrower|p1a: Gholdengo
|-supereffective|p1a: Gholdengo
|-damage|p1a: Gholdengo|0 fnt
|-enditem|p1a: Gholdengo|Air Balloon
|faint|p1a: Gholdengo
|
|upkeep
|
|t:|1779914991
|switch|p1a: Meowscarada|Meowscarada, M|100/100
|turn|12
|
|t:|1779914995
|move|p1a: Meowscarada|Flower Trick|p2a: Walking Wake
|-start|p1a: Meowscarada|typechange|Grass|[from] ability: Protean
|-crit|p2a: Walking Wake
|-damage|p2a: Walking Wake|16/100
|move|p2a: Walking Wake|Flamethrower|p1a: Meowscarada
|-supereffective|p1a: Meowscarada
|-damage|p1a: Meowscarada|0 fnt
|faint|p1a: Meowscarada
|
|upkeep
|
|t:|1779914998
|switch|p1a: Great Tusk|Great Tusk|100/100
|turn|13
|
|t:|1779915003
|move|p2a: Walking Wake|Flamethrower|p1a: Great Tusk
|-damage|p1a: Great Tusk|44/100
|move|p1a: Great Tusk|Rapid Spin|p2a: Walking Wake
|-damage|p2a: Walking Wake|1/100
|-boost|p1a: Great Tusk|spe|1
|
|-heal|p1a: Great Tusk|50/100|[from] item: Leftovers
|upkeep
|turn|14
|
|t:|1779915009
|move|p1a: Great Tusk|Rapid Spin|p2a: Walking Wake
|-damage|p2a: Walking Wake|0 fnt
|-boost|p1a: Great Tusk|spe|1
|faint|p2a: Walking Wake
|-end|p2a: Walking Wake|Protosynthesis|[silent]
|
|-heal|p1a: Great Tusk|57/100|[from] item: Leftovers
|upkeep
|
|t:|1779915012
|switch|p2a: Venusaur|Venusaur, M|81/100
|turn|15
|
|t:|1779915015
|move|p1a: Great Tusk|Earthquake|p2a: Venusaur
|-damage|p2a: Venusaur|27/100
|move|p2a: Venusaur|Giga Drain|p1a: Great Tusk
|-supereffective|p1a: Great Tusk
|-damage|p1a: Great Tusk|0 fnt
|-heal|p2a: Venusaur|68/100|[from] drain|[of] p1a: Great Tusk
|faint|p1a: Great Tusk
|-end|p1a: Great Tusk|Protosynthesis|[silent]
|-damage|p2a: Venusaur|58/100|[from] item: Life Orb
|
|win|circuitissue113
|raw|falinks_testing's rating: 1281 &rarr; <strong>1255</strong><br />(-26 for losing)
|raw|circuitissue113's rating: 1265 &rarr; <strong>1291</strong><br />(+26 for winning)
|l|☆falinks_testing
|player|p1|
|c|☆circuitissue113|gg
