|j|☆fuatchable
|j|☆pc hulkster
|t:|1779875011
|gametype|singles
|player|p1|fuatchable|benga|1309
|player|p2|pc hulkster|wattson|1288
|gen|9
|tier|[Gen 9] OU
|rated|
|rule|HP Percentage Mod: HP is shown in percentages
|rule|Endless Battle Clause: Forcing endless battles is banned
|rule|Species Clause: Limit one of each Pokémon
|rule|OHKO Clause: OHKO moves are banned
|rule|Evasion Items Clause: Evasion items are banned
|rule|Evasion Moves Clause: Evasion moves are banned
|rule|Evasion Abilities Clause: Evasion abilities are banned
|rule|Sleep Moves Clause: Sleep-inducing moves are banned
|clearpoke
|poke|p1|Zoroark-Hisui, F|
|poke|p1|Ninetales-Alola, F|
|poke|p1|Typhlosion, M|
|poke|p1|Kyurem|
|poke|p1|Regice|
|poke|p1|Greninja-*, M|
|poke|p2|Raging Bolt|
|poke|p2|Torkoal, F|
|poke|p2|Walking Wake|
|poke|p2|Pelipper, M|
|poke|p2|Venusaur, M|
|poke|p2|Skeledirge, M|
|teampreview
|inactive|Battle timer is ON: inactive players will automatically lose when time's up. (requested by pc hulkster)
|
|t:|1779875029
|teamsize|p1|6
|teamsize|p2|6
|start
|switch|p1a: Greninja|Greninja, M, shiny|100/100
|switch|p2a: Torkoal|Torkoal, F, shiny|100/100
|-weather|SunnyDay|[from] ability: Drought|[of] p2a: Torkoal
|turn|1
|
|t:|1779875036
|move|p1a: Greninja|Hydro Pump|p2a: Torkoal
|-start|p1a: Greninja|typechange|Water|[from] ability: Protean
|-supereffective|p2a: Torkoal
|-damage|p2a: Torkoal|35/100
|move|p2a: Torkoal|Body Press|p1a: Greninja
|-damage|p1a: Greninja|45/100
|
|-weather|SunnyDay|[upkeep]
|upkeep
|turn|2
|
|t:|1779875042
|switch|p2a: Walking Wake|Walking Wake|100/100
|-activate|p2a: Walking Wake|ability: Protosynthesis
|-start|p2a: Walking Wake|protosynthesisspa
|move|p1a: Greninja|Hydro Pump|p2a: Walking Wake
|-resisted|p2a: Walking Wake
|-damage|p2a: Walking Wake|94/100
|
|-weather|SunnyDay|[upkeep]
|upkeep
|turn|3
|
|t:|1779875049
|switch|p1a: Ninetales|Ninetales-Alola, F|100/100
|-weather|Snowscape|[from] ability: Snow Warning|[of] p1a: Ninetales
|-end|p2a: Walking Wake|Protosynthesis
|move|p2a: Walking Wake|Hydro Steam|p1a: Ninetales
|-damage|p1a: Ninetales|52/100
|
|-weather|Snowscape|[upkeep]
|upkeep
|turn|4
|
|t:|1779875057
|-end|p2a: Walking Wake|Protosynthesis|[silent]
|switch|p2a: Torkoal|Torkoal, F, shiny|35/100
|-weather|SunnyDay|[from] ability: Drought|[of] p2a: Torkoal
|move|p1a: Ninetales|Aurora Veil||[still]
|-fail|p1a: Ninetales
|
|-weather|SunnyDay|[upkeep]
|upkeep
|turn|5
|
|t:|1779875063
|switch|p1a: Typhlosion|Typhlosion, M, shiny|100/100
|move|p2a: Torkoal|Lava Plume|p1a: Typhlosion
|-start|p1a: Typhlosion|ability: Flash Fire
|
|-weather|SunnyDay|[upkeep]
|upkeep
|turn|6
|
|t:|1779875073
|switch|p2a: Pelipper|Pelipper, M|100/100
|-weather|RainDance|[from] ability: Drizzle|[of] p2a: Pelipper
|-terastallize|p1a: Typhlosion|Fire
|move|p1a: Typhlosion|Eruption|p2a: Pelipper
|-resisted|p2a: Pelipper
|-damage|p2a: Pelipper|38/100
|
|-weather|RainDance|[upkeep]
|upkeep
|turn|7
|
|t:|1779875081
|switch|p2a: Walking Wake|Walking Wake|94/100
|move|p1a: Typhlosion|Eruption|p2a: Walking Wake
|-resisted|p2a: Walking Wake
|-damage|p2a: Walking Wake|74/100
|
|-weather|RainDance|[upkeep]
|upkeep
|turn|8
|
|t:|1779875088
|-end|p1a: Typhlosion|ability: Flash Fire|[silent]
|switch|p1a: Ninetales|Ninetales-Alola, F|52/100
|-weather|Snowscape|[from] ability: Snow Warning|[of] p1a: Ninetales
|move|p2a: Walking Wake|Hydro Steam|p1a: Ninetales
|-damage|p1a: Ninetales|7/100
|
|-weather|Snowscape|[upkeep]
|upkeep
|turn|9
|
|t:|1779875102
|switch|p1a: Regice|Regice|100/100
|move|p2a: Walking Wake|Hydro Steam|p1a: Regice
|-damage|p1a: Regice|88/100
|
|-weather|Snowscape|[upkeep]
|-heal|p1a: Regice|94/100|[from] ability: Ice Body
|upkeep
|turn|10
|
|t:|1779875109
|-end|p2a: Walking Wake|Protosynthesis|[silent]
|switch|p2a: Torkoal|Torkoal, F, shiny|35/100
|-weather|SunnyDay|[from] ability: Drought|[of] p2a: Torkoal
|move|p1a: Regice|Ice Beam|p2a: Torkoal
|-resisted|p2a: Torkoal
|-crit|p2a: Torkoal
|-damage|p2a: Torkoal|0 fnt
|faint|p2a: Torkoal
|
|-weather|SunnyDay|[upkeep]
|upkeep
|
|t:|1779875114
|switch|p2a: Skeledirge|Skeledirge, M|100/100
|turn|11
|
|t:|1779875116
|switch|p1a: Ninetales|Ninetales-Alola, F|7/100
|-weather|Snowscape|[from] ability: Snow Warning|[of] p1a: Ninetales
|move|p2a: Skeledirge|Torch Song|p1a: Ninetales
|-supereffective|p1a: Ninetales
|-damage|p1a: Ninetales|0 fnt
|-boost|p2a: Skeledirge|spa|1
|faint|p1a: Ninetales
|
|-weather|Snowscape|[upkeep]
|upkeep
|
|t:|1779875127
|switch|p1a: Kyurem|Kyurem|100/100
|turn|12
|inactive|pc hulkster has 120 seconds left.
|
|t:|1779875169
|move|p1a: Kyurem|Substitute|p1a: Kyurem
|-start|p1a: Kyurem|Substitute
|-damage|p1a: Kyurem|76/100
|move|p2a: Skeledirge|Torch Song|p1a: Kyurem
|-damage|p1a: Kyurem|0 fnt
|-boost|p2a: Skeledirge|spa|1
|replace|p1a: Zoroark|Zoroark-Hisui, F
|-end|p1a: Zoroark|Illusion
|faint|p1a: Zoroark
|
|-weather|Snowscape|[upkeep]
|upkeep
|
|t:|1779875175
|switch|p1a: Typhlosion|Typhlosion, M, shiny, tera:Fire|100/100
|turn|13
|inactive|pc hulkster has 120 seconds left.
|
|t:|1779875183
|move|p1a: Typhlosion|Shadow Ball|p2a: Skeledirge
|-supereffective|p2a: Skeledirge
|-damage|p2a: Skeledirge|53/100
|move|p2a: Skeledirge|Hex|p1a: Typhlosion
|-damage|p1a: Typhlosion|21/100
|
|-weather|Snowscape|[upkeep]
|-heal|p1a: Typhlosion|27/100|[from] item: Leftovers
|upkeep
|turn|14
|inactive|pc hulkster has 120 seconds left.
|inactive|pc hulkster has 90 seconds left.
|
|t:|1779875224
|switch|p2a: Walking Wake|Walking Wake|74/100
|move|p1a: Typhlosion|Shadow Ball|p2a: Walking Wake
|-damage|p2a: Walking Wake|46/100
|
|-weather|Snowscape|[upkeep]
|-heal|p1a: Typhlosion|33/100|[from] item: Leftovers
|upkeep
|turn|15
|
|t:|1779875233
|switch|p1a: Regice|Regice|94/100
|move|p2a: Walking Wake|Flip Turn|p1a: Regice
|-damage|p1a: Regice|83/100
|
|t:|1779875236
|-end|p2a: Walking Wake|Protosynthesis|[silent]
|switch|p2a: Skeledirge|Skeledirge, M|53/100|[from] Flip Turn
|
|-weather|Snowscape|[upkeep]
|-heal|p1a: Regice|89/100|[from] ability: Ice Body
|upkeep
|turn|16
|
|t:|1779875243
|move|p2a: Skeledirge|Slack Off|p2a: Skeledirge
|-heal|p2a: Skeledirge|100/100
|move|p1a: Regice|Thunderbolt|p2a: Skeledirge
|-damage|p2a: Skeledirge|73/100
|
|-weather|Snowscape|[upkeep]
|-heal|p1a: Regice|95/100|[from] ability: Ice Body
|upkeep
|turn|17
|
|t:|1779875252
|switch|p1a: Kyurem|Kyurem|100/100
|-ability|p1a: Kyurem|Pressure
|move|p2a: Skeledirge|Torch Song|p1a: Kyurem
|-damage|p1a: Kyurem|62/100
|-boost|p2a: Skeledirge|spa|1
|
|-weather|Snowscape|[upkeep]
|upkeep
|turn|18
|inactive|pc hulkster has 120 seconds left.
|
|t:|1779875277
|move|p1a: Kyurem|Earth Power|p2a: Skeledirge
|-supereffective|p2a: Skeledirge
|-damage|p2a: Skeledirge|28/100
|move|p2a: Skeledirge|Torch Song|p1a: Kyurem
|-damage|p1a: Kyurem|8/100
|-boost|p2a: Skeledirge|spa|1
|
|-weather|none
|upkeep
|turn|19
|
|t:|1779875280
|switch|p2a: Pelipper|Pelipper, M|38/100
|-weather|RainDance|[from] ability: Drizzle|[of] p2a: Pelipper
|move|p1a: Kyurem|Earth Power|p2a: Pelipper
|-immune|p2a: Pelipper
|
|-weather|RainDance|[upkeep]
|upkeep
|turn|20
|inactive|pc hulkster has 120 seconds left.
|
|t:|1779875291
|move|p2a: Pelipper|Weather Ball|p1a: Kyurem
|-resisted|p1a: Kyurem
|-damage|p1a: Kyurem|0 fnt
|faint|p1a: Kyurem
|
|-weather|RainDance|[upkeep]
|upkeep
|
|t:|1779875300
|switch|p1a: Greninja|Greninja, M, shiny|45/100
|turn|21
|inactive|pc hulkster has 120 seconds left.
|
|t:|1779875318
|move|p1a: Greninja|Dark Pulse|p2a: Pelipper
|-start|p1a: Greninja|typechange|Dark|[from] ability: Protean
|-damage|p2a: Pelipper|0 fnt
|faint|p2a: Pelipper
|
|-weather|RainDance|[upkeep]
|upkeep
|inactive|pc hulkster has 120 seconds left.
|
|t:|1779875324
|switch|p2a: Walking Wake|Walking Wake|46/100
|turn|22
|
|t:|1779875327
|move|p1a: Greninja|Dark Pulse|p2a: Walking Wake
|-damage|p2a: Walking Wake|8/100
|move|p2a: Walking Wake|Hydro Steam|p1a: Greninja
|-damage|p1a: Greninja|0 fnt
|faint|p1a: Greninja
|
|-weather|RainDance|[upkeep]
|upkeep
|
|t:|1779875330
|switch|p1a: Regice|Regice|95/100
|turn|23
|
|t:|1779875339
|-end|p2a: Walking Wake|Protosynthesis|[silent]
|switch|p2a: Venusaur|Venusaur, M|100/100
|move|p1a: Regice|Ice Beam|p2a: Venusaur
|-supereffective|p2a: Venusaur
|-damage|p2a: Venusaur|11/100
|
|-weather|none
|upkeep
|turn|24
|
|t:|1779875346
|move|p2a: Venusaur|Sludge Bomb|p1a: Regice
|-damage|p1a: Regice|81/100
|move|p1a: Regice|Ice Beam|p2a: Venusaur
|-supereffective|p2a: Venusaur
|-damage|p2a: Venusaur|0 fnt
|faint|p2a: Venusaur
|
|upkeep
|
|t:|1779875354
|switch|p2a: Skeledirge|Skeledirge, M|28/100
|turn|25
|
|t:|1779875357
|move|p2a: Skeledirge|Slack Off|p2a: Skeledirge
|-heal|p2a: Skeledirge|78/100
|move|p1a: Regice|Thunderbolt|p2a: Skeledirge
|-damage|p2a: Skeledirge|54/100
|
|upkeep
|turn|26
|
|t:|1779875361
|move|p2a: Skeledirge|Slack Off|p2a: Skeledirge
|-heal|p2a: Skeledirge|100/100
|move|p1a: Regice|Thunderbolt|p2a: Skeledirge
|-damage|p2a: Skeledirge|74/100
|
|upkeep
|turn|27
|
|t:|1779875363
|move|p2a: Skeledirge|Torch Song|p1a: Regice
|-supereffective|p1a: Regice
|-damage|p1a: Regice|54/100
|-boost|p2a: Skeledirge|spa|1
|move|p1a: Regice|Thunderbolt|p2a: Skeledirge
|-damage|p2a: Skeledirge|50/100
|
|upkeep
|turn|28
|
|t:|1779875367
|move|p2a: Skeledirge|Slack Off|p2a: Skeledirge
|-heal|p2a: Skeledirge|99/100
|move|p1a: Regice|Thunderbolt|p2a: Skeledirge
|-damage|p2a: Skeledirge|73/100
|
|upkeep
|turn|29
|
|t:|1779875369
|move|p2a: Skeledirge|Torch Song|p1a: Regice
|-supereffective|p1a: Regice
|-damage|p1a: Regice|14/100
|-boost|p2a: Skeledirge|spa|1
|move|p1a: Regice|Thunderbolt|p2a: Skeledirge
|-damage|p2a: Skeledirge|47/100
|
|upkeep
|turn|30
|
|t:|1779875372
|move|p2a: Skeledirge|Slack Off|p2a: Skeledirge
|-heal|p2a: Skeledirge|97/100
|move|p1a: Regice|Thunderbolt|p2a: Skeledirge
|-damage|p2a: Skeledirge|69/100
|
|upkeep
|turn|31
|
|t:|1779875376
|move|p2a: Skeledirge|Hex|p1a: Regice
|-damage|p1a: Regice|0 fnt
|faint|p1a: Regice
|
|upkeep
|
|t:|1779875377
|switch|p1a: Typhlosion|Typhlosion, M, shiny, tera:Fire|33/100
|turn|32
|
|t:|1779875380
|move|p1a: Typhlosion|Shadow Ball|p2a: Skeledirge
|-supereffective|p2a: Skeledirge
|-damage|p2a: Skeledirge|25/100
|move|p2a: Skeledirge|Hex|p1a: Typhlosion
|-damage|p1a: Typhlosion|0 fnt
|faint|p1a: Typhlosion
|
|win|pc hulkster
|raw|fuatchable's rating: 1309 &rarr; <strong>1288</strong><br />(-21 for losing)
|raw|pc hulkster's rating: 1288 &rarr; <strong>1315</strong><br />(+27 for winning)
|c|☆pc hulkster|gg
|l|☆pc hulkster
|player|p2|
|c|☆fuatchable|gg
|l|☆fuatchable
|player|p1|
