|j|☆Negative1stClass
|j|☆dfih
|t:|1779955277
|gametype|singles
|player|p1|Negative1stClass|hilbert|1390
|player|p2|dfih|cynthia-masters4|1456
|gen|9
|tier|[Gen 9] OU
|rated|
|rule|HP Percentage Mod: HP is shown in percentages
|rule|Endless Battle Clause: Forcing endless battles is banned
|rule|Species Clause: Limit one of each Pokémon
|rule|OHKO Clause: OHKO moves are banned
|rule|Evasion Items Clause: Evasion items are banned
|rule|Evasion Moves Clause: Evasion moves are banned
|rule|Evasion Abilities Clause: Evasion abilities are banned
|rule|Sleep Moves Clause: Sleep-inducing moves are banned
|clearpoke
|poke|p1|Pelipper, F|
|poke|p1|Raging Bolt|
|poke|p1|Overqwil, M|
|poke|p1|Barraskewda, M|
|poke|p1|Iron Treads|
|poke|p1|Azelf|
|poke|p2|Slither Wing|
|poke|p2|Ninetales, M|
|poke|p2|Walking Wake|
|poke|p2|Iron Moth|
|poke|p2|Hatterene, F|
|poke|p2|Blaziken, M|
|teampreview
|inactive|Battle timer is ON: inactive players will automatically lose when time's up. (requested by Negative1stClass)
|
|t:|1779955308
|teamsize|p1|6
|teamsize|p2|6
|start
|switch|p1a: Iron Treads|Iron Treads|100/100
|switch|p2a: Beru|Slither Wing, shiny|100/100
|-enditem|p1a: Iron Treads|Booster Energy
|-activate|p1a: Iron Treads|ability: Quark Drive|[fromitem]
|-start|p1a: Iron Treads|quarkdrivespe
|turn|1
|inactive|dfih has 120 seconds left.
|
|t:|1779955343
|move|p1a: Iron Treads|Stealth Rock|p2a: Beru
|-sidestart|p2: dfih|move: Stealth Rock
|move|p2a: Beru|Close Combat|p1a: Iron Treads
|-supereffective|p1a: Iron Treads
|-damage|p1a: Iron Treads|0 fnt
|-unboost|p2a: Beru|def|1
|-unboost|p2a: Beru|spd|1
|faint|p1a: Iron Treads
|-end|p1a: Iron Treads|Quark Drive|[silent]
|
|upkeep
|
|t:|1779955348
|switch|p1a: Pelipper|Pelipper, F|100/100
|-weather|RainDance|[from] ability: Drizzle|[of] p1a: Pelipper
|turn|2
|
|t:|1779955353
|-end|p2a: Beru|Protosynthesis|[silent]
|switch|p2a: Tonelico|Hatterene, F, shiny|100/100
|-damage|p2a: Tonelico|88/100|[from] Stealth Rock
|move|p1a: Pelipper|Hurricane|p2a: Tonelico
|-damage|p2a: Tonelico|47/100
|-enditem|p2a: Tonelico|Eject Button
|
|t:|1779955358
|switch|p2a: Tamamo|Ninetales, M, shiny|100/100
|-damage|p2a: Tamamo|76/100|[from] Stealth Rock
|-weather|SunnyDay|[from] ability: Drought|[of] p2a: Tamamo
|
|-weather|SunnyDay|[upkeep]
|upkeep
|turn|3
|
|t:|1779955374
|switch|p2a: Granberia|Walking Wake|100/100
|-damage|p2a: Granberia|88/100|[from] Stealth Rock
|-activate|p2a: Granberia|ability: Protosynthesis
|-start|p2a: Granberia|protosynthesisspe
|move|p1a: Pelipper|U-turn|p2a: Granberia
|-damage|p2a: Granberia|78/100
|
|t:|1779955382
|switch|p1a: Azelf|Azelf|100/100|[from] U-turn
|
|-weather|SunnyDay|[upkeep]
|upkeep
|turn|4
|
|t:|1779955390
|move|p2a: Granberia|Hydro Steam|p1a: Azelf
|-enditem|p1a: Azelf|Focus Sash
|-damage|p1a: Azelf|1/100
|move|p1a: Azelf|Endeavor|p2a: Granberia
|-damage|p2a: Granberia|1/100
|
|-weather|SunnyDay|[upkeep]
|upkeep
|turn|5
|
|t:|1779955401
|move|p2a: Granberia|Hydro Steam|p1a: Azelf
|-damage|p1a: Azelf|0 fnt
|faint|p1a: Azelf
|
|-weather|SunnyDay|[upkeep]
|upkeep
|
|t:|1779955404
|switch|p1a: Barraskewda|Barraskewda, M|100/100
|turn|6
|
|t:|1779955417
|-end|p2a: Granberia|Protosynthesis|[silent]
|switch|p2a: Tonelico|Hatterene, F, shiny|47/100
|-damage|p2a: Tonelico|34/100|[from] Stealth Rock
|move|p1a: Barraskewda|Aqua Jet|p2a: Tonelico
|-damage|p2a: Tonelico|20/100
|
|-weather|SunnyDay|[upkeep]
|upkeep
|turn|7
|
|t:|1779955424
|switch|p1a: Pelipper|Pelipper, F|100/100
|-weather|RainDance|[from] ability: Drizzle|[of] p1a: Pelipper
|move|p2a: Tonelico|Nuzzle|p1a: Pelipper
|-supereffective|p1a: Pelipper
|-damage|p1a: Pelipper|89/100
|-status|p1a: Pelipper|par
|
|-weather|RainDance|[upkeep]
|upkeep
|turn|8
|
|t:|1779955430
|move|p2a: Tonelico|Draining Kiss|p1a: Pelipper
|-damage|p1a: Pelipper|56/100 par
|-heal|p2a: Tonelico|46/100|[from] drain|[of] p1a: Pelipper
|cant|p1a: Pelipper|par
|
|-weather|RainDance|[upkeep]
|upkeep
|turn|9
|
|t:|1779955439
|move|p2a: Tonelico|Draining Kiss|p1a: Pelipper
|-damage|p1a: Pelipper|24/100 par
|-heal|p2a: Tonelico|70/100|[from] drain|[of] p1a: Pelipper
|move|p1a: Pelipper|U-turn|p2a: Tonelico
|-damage|p2a: Tonelico|62/100
|
|t:|1779955454
|switch|p1a: Overqwil|Overqwil, M|100/100|[from] U-turn
|
|-weather|RainDance|[upkeep]
|upkeep
|turn|10
|
|t:|1779955464
|move|p1a: Overqwil|Crunch|p2a: Tonelico
|-damage|p2a: Tonelico|18/100
|-unboost|p2a: Tonelico|def|1
|-damage|p1a: Overqwil|91/100|[from] item: Life Orb
|move|p2a: Tonelico|Psychic Noise|p1a: Overqwil
|-immune|p1a: Overqwil
|
|-weather|RainDance|[upkeep]
|upkeep
|turn|11
|
|t:|1779955471
|move|p1a: Overqwil|Crunch|p2a: Tonelico
|-damage|p2a: Tonelico|0 fnt
|faint|p2a: Tonelico
|-damage|p1a: Overqwil|81/100|[from] item: Life Orb
|
|-weather|RainDance|[upkeep]
|upkeep
|
|t:|1779955478
|switch|p2a: Tamamo|Ninetales, M, shiny|76/100
|-damage|p2a: Tamamo|51/100|[from] Stealth Rock
|-weather|SunnyDay|[from] ability: Drought|[of] p2a: Tamamo
|turn|12
|
|t:|1779955496
|move|p2a: Tamamo|Healing Wish|p2a: Tamamo
|faint|p2a: Tamamo
|move|p1a: Overqwil|Gunk Shot|p2: Tamamo|[notarget]
|-fail|p1a: Overqwil
|
|-weather|SunnyDay|[upkeep]
|upkeep
|
|t:|1779955501
|switch|p2a: Granberia|Walking Wake|1/100
|-heal|p2a: Granberia|100/100|[from] move: Healing Wish
|-damage|p2a: Granberia|88/100|[from] Stealth Rock
|-activate|p2a: Granberia|ability: Protosynthesis
|-start|p2a: Granberia|protosynthesisspe
|turn|13
|
|t:|1779955508
|switch|p1a: Pelipper|Pelipper, F|24/100 par
|-weather|RainDance|[from] ability: Drizzle|[of] p1a: Pelipper
|-end|p2a: Granberia|Protosynthesis
|move|p2a: Granberia|Hydro Steam|p1a: Pelipper
|-resisted|p1a: Pelipper
|-damage|p1a: Pelipper|0 fnt
|faint|p1a: Pelipper
|
|-weather|RainDance|[upkeep]
|upkeep
|
|t:|1779955517
|switch|p1a: Overqwil|Overqwil, M|81/100
|turn|14
|
|t:|1779955521
|move|p1a: Overqwil|Gunk Shot|p2a: Granberia
|-damage|p2a: Granberia|0 fnt
|faint|p2a: Granberia
|-end|p2a: Granberia|Protosynthesis|[silent]
|-damage|p1a: Overqwil|71/100|[from] item: Life Orb
|
|-weather|RainDance|[upkeep]
|upkeep
|
|t:|1779955533
|switch|p2a: Infernape's Son|Blaziken, M, shiny|100/100
|-damage|p2a: Infernape's Son|88/100|[from] Stealth Rock
|turn|15
|
|t:|1779955539
|switch|p1a: Barraskewda|Barraskewda, M|100/100
|move|p2a: Infernape's Son|Protect||[still]
|-fail|p2a: Infernape's Son
|
|-weather|RainDance|[upkeep]
|-ability|p2a: Infernape's Son|Speed Boost|boost
|-boost|p2a: Infernape's Son|spe|1
|upkeep
|turn|16
|
|t:|1779955554
|-terastallize|p2a: Infernape's Son|Fighting
|move|p1a: Barraskewda|Liquidation|p2a: Infernape's Son
|-damage|p2a: Infernape's Son|0 fnt
|faint|p2a: Infernape's Son
|
|-weather|RainDance|[upkeep]
|upkeep
|
|t:|1779955560
|switch|p2a: Beru|Slither Wing, shiny|100/100
|-damage|p2a: Beru|88/100|[from] Stealth Rock
|turn|17
|
|t:|1779955568
|switch|p1a: Overqwil|Overqwil, M|71/100
|move|p2a: Beru|First Impression|p1a: Overqwil
|-damage|p1a: Overqwil|0 fnt
|faint|p1a: Overqwil
|
|-weather|RainDance|[upkeep]
|upkeep
|
|t:|1779955573
|switch|p1a: Barraskewda|Barraskewda, M|100/100
|turn|18
|
|t:|1779955580
|-end|p2a: Beru|Protosynthesis|[silent]
|switch|p2a: MOTH|Iron Moth|100/100
|-damage|p2a: MOTH|76/100|[from] Stealth Rock
|-enditem|p2a: MOTH|Booster Energy
|-activate|p2a: MOTH|ability: Quark Drive|[fromitem]
|-start|p2a: MOTH|quarkdrivespe
|-terastallize|p1a: Barraskewda|Water
|move|p1a: Barraskewda|Liquidation|p2a: MOTH
|-supereffective|p2a: MOTH
|-damage|p2a: MOTH|0 fnt
|faint|p2a: MOTH
|-end|p2a: MOTH|Quark Drive|[silent]
|
|-weather|RainDance|[upkeep]
|upkeep
|
|t:|1779955583
|switch|p2a: Beru|Slither Wing, shiny|88/100
|-damage|p2a: Beru|76/100|[from] Stealth Rock
|turn|19
|
|t:|1779955606
|move|p2a: Beru|First Impression|p1a: Barraskewda
|-damage|p1a: Barraskewda|0 fnt
|faint|p1a: Barraskewda
|
|-weather|RainDance|[upkeep]
|upkeep
|
|t:|1779955609
|switch|p1a: Raging Bolt|Raging Bolt|100/100
|-enditem|p1a: Raging Bolt|Booster Energy
|-activate|p1a: Raging Bolt|ability: Protosynthesis|[fromitem]
|-start|p1a: Raging Bolt|protosynthesisspa
|turn|20
|c|☆dfih|gg
|
|t:|1779955615
|move|p2a: Beru|First Impression||[still]
|-hint|First Impression only works on your first turn out.
|-fail|p2a: Beru
|move|p1a: Raging Bolt|Draco Meteor|p2a: Beru
|-damage|p2a: Beru|0 fnt
|-unboost|p1a: Raging Bolt|spa|2
|faint|p2a: Beru
|-end|p2a: Beru|Protosynthesis|[silent]
|
|win|Negative1stClass
|raw|Negative1stClass's rating: 1390 &rarr; <strong>1414</strong><br />(+24 for winning)
|raw|dfih's rating: 1456 &rarr; <strong>1432</strong><br />(-24 for losing)
|c|☆Negative1stClass|gg
|l|☆dfih
|player|p2|
