|j|☆ju2508
|j|☆Iori255
|t:|1779870107
|gametype|singles
|player|p1|ju2508|266|1168
|player|p2|Iori255|silver|1150
|gen|9
|tier|[Gen 9] OU
|rated|
|rule|HP Percentage Mod: HP is shown in percentages
|rule|Endless Battle Clause: Forcing endless battles is banned
|rule|Species Clause: Limit one of each Pokémon
|rule|OHKO Clause: OHKO moves are banned
|rule|Evasion Items Clause: Evasion items are banned
|rule|Evasion Moves Clause: Evasion moves are banned
|rule|Evasion Abilities Clause: Evasion abilities are banned
|rule|Sleep Moves Clause: Sleep-inducing moves are banned
|clearpoke
|poke|p1|Feraligatr, F|
|poke|p1|Donphan, M|
|poke|p1|Sylveon, F|
|poke|p1|Magneton|
|poke|p1|Serperior, F|
|poke|p1|Flamigo, M|
|poke|p2|Gliscor, M|
|poke|p2|Great Tusk|
|poke|p2|Heatran, M|
|poke|p2|Manaphy|
|poke|p2|Rillaboom, M|
|poke|p2|Tyranitar, M|
|teampreview
|inactive|Battle timer is ON: inactive players will automatically lose when time's up. (requested by ju2508)
|
|t:|1779870124
|teamsize|p1|6
|teamsize|p2|6
|start
|switch|p1a: Donphan|Donphan, M|100/100
|switch|p2a: Rillaboom|Rillaboom, M|100/100
|-fieldstart|move: Grassy Terrain|[from] ability: Grassy Surge|[of] p2a: Rillaboom
|turn|1
|
|t:|1779870135
|move|p2a: Rillaboom|Drum Beating|p1a: Donphan
|-supereffective|p1a: Donphan
|-damage|p1a: Donphan|11/100
|-unboost|p1a: Donphan|spe|1
|move|p1a: Donphan|Knock Off|p2a: Rillaboom
|-crit|p2a: Rillaboom
|-damage|p2a: Rillaboom|60/100
|-enditem|p2a: Rillaboom|Choice Band|[from] move: Knock Off|[of] p1a: Donphan
|
|-heal|p2a: Rillaboom|66/100|[from] Grassy Terrain
|-heal|p1a: Donphan|17/100|[from] Grassy Terrain
|-heal|p1a: Donphan|23/100|[from] item: Leftovers
|upkeep
|turn|2
|
|t:|1779870150
|switch|p1a: Flamigo|Flamigo, M|100/100
|move|p2a: Rillaboom|Drum Beating|p1a: Flamigo
|-resisted|p1a: Flamigo
|-damage|p1a: Flamigo|60/100
|-unboost|p1a: Flamigo|spe|1
|
|-heal|p2a: Rillaboom|72/100|[from] Grassy Terrain
|upkeep
|turn|3
|
|t:|1779870160
|move|p1a: Flamigo|U-turn|p2a: Rillaboom
|-supereffective|p2a: Rillaboom
|-damage|p2a: Rillaboom|22/100
|
|t:|1779870166
|switch|p1a: Magneton|Magneton|100/100|[from] U-turn
|move|p2a: Rillaboom|U-turn|p1a: Magneton
|-resisted|p1a: Magneton
|-damage|p1a: Magneton|92/100
|
|t:|1779870175
|switch|p2a: Gliscor|Gliscor, M|100/100|[from] U-turn
|
|-heal|p1a: Magneton|98/100|[from] Grassy Terrain
|-status|p2a: Gliscor|tox|[from] item: Toxic Orb
|upkeep
|turn|4
|
|t:|1779870183
|move|p2a: Gliscor|Spikes|p1a: Magneton
|-sidestart|p1: ju2508|Spikes
|move|p1a: Magneton|Flash Cannon|p2a: Gliscor
|-damage|p2a: Gliscor|49/100 tox
|
|-heal|p1a: Magneton|100/100|[from] Grassy Terrain
|-heal|p2a: Gliscor|62/100 tox|[from] ability: Poison Heal
|upkeep
|turn|5
|
|t:|1779870194
|move|p2a: Gliscor|Protect|p2a: Gliscor
|-singleturn|p2a: Gliscor|Protect
|move|p1a: Magneton|Flash Cannon|p2a: Gliscor
|-activate|p2a: Gliscor|move: Protect
|
|-heal|p2a: Gliscor|74/100 tox|[from] ability: Poison Heal
|-fieldend|move: Grassy Terrain
|upkeep
|turn|6
|
|t:|1779870205
|switch|p2a: Heatran|Heatran, M|100/100
|switch|p1a: Donphan|Donphan, M|23/100
|-damage|p1a: Donphan|11/100|[from] Spikes
|
|-heal|p1a: Donphan|17/100|[from] item: Leftovers
|upkeep
|turn|7
|
|t:|1779870218
|switch|p2a: Rillaboom|Rillaboom, M|22/100
|-fieldstart|move: Grassy Terrain|[from] ability: Grassy Surge|[of] p2a: Rillaboom
|move|p1a: Donphan|Knock Off|p2a: Rillaboom
|-damage|p2a: Rillaboom|2/100
|
|-heal|p2a: Rillaboom|8/100|[from] Grassy Terrain
|-heal|p1a: Donphan|23/100|[from] Grassy Terrain
|-heal|p1a: Donphan|30/100|[from] item: Leftovers
|upkeep
|turn|8
|
|t:|1779870233
|move|p2a: Rillaboom|Drum Beating|p1a: Donphan
|-supereffective|p1a: Donphan
|-damage|p1a: Donphan|0 fnt
|faint|p1a: Donphan
|
|-heal|p2a: Rillaboom|14/100|[from] Grassy Terrain
|upkeep
|
|t:|1779870241
|switch|p1a: Serperior|Serperior, F|100/100
|-damage|p1a: Serperior|88/100|[from] Spikes
|turn|9
|
|t:|1779870246
|move|p1a: Serperior|Leaf Storm|p2a: Rillaboom
|-resisted|p2a: Rillaboom
|-damage|p2a: Rillaboom|0 fnt
|-boost|p1a: Serperior|spa|2
|faint|p2a: Rillaboom
|
|-heal|p1a: Serperior|94/100|[from] Grassy Terrain
|upkeep
|
|t:|1779870250
|switch|p2a: Heatran|Heatran, M|100/100
|turn|10
|
|t:|1779870257
|move|p1a: Serperior|Glare|p2a: Heatran
|-status|p2a: Heatran|par
|move|p2a: Heatran|Magma Storm|p1a: Serperior
|-supereffective|p1a: Serperior
|-damage|p1a: Serperior|0 fnt
|faint|p1a: Serperior
|
|upkeep
|
|t:|1779870266
|switch|p1a: Feraligatr|Feraligatr, F|100/100
|-damage|p1a: Feraligatr|88/100|[from] Spikes
|turn|11
|
|t:|1779870275
|move|p1a: Feraligatr|Dragon Dance|p1a: Feraligatr
|-boost|p1a: Feraligatr|atk|1
|-boost|p1a: Feraligatr|spe|1
|move|p2a: Heatran|Taunt|p1a: Feraligatr
|-start|p1a: Feraligatr|move: Taunt
|
|-heal|p1a: Feraligatr|94/100|[from] Grassy Terrain
|-fieldend|move: Grassy Terrain
|upkeep
|turn|12
|
|t:|1779870294
|move|p1a: Feraligatr|Liquidation|p2a: Heatran
|-supereffective|p2a: Heatran
|-damage|p2a: Heatran|0 fnt
|faint|p2a: Heatran
|
|upkeep
|
|t:|1779870298
|switch|p2a: Manaphy|Manaphy|100/100
|turn|13
|
|t:|1779870305
|move|p1a: Feraligatr|Liquidation|p2a: Manaphy
|-resisted|p2a: Manaphy
|-damage|p2a: Manaphy|49/100
|move|p2a: Manaphy|Alluring Voice|p1a: Feraligatr
|-damage|p1a: Feraligatr|67/100
|
|-heal|p2a: Manaphy|55/100|[from] item: Leftovers
|upkeep
|turn|14
|
|t:|1779870314
|-terastallize|p1a: Feraligatr|Water
|move|p1a: Feraligatr|Liquidation|p2a: Manaphy
|-resisted|p2a: Manaphy
|-damage|p2a: Manaphy|0 fnt
|faint|p2a: Manaphy
|
|-end|p1a: Feraligatr|move: Taunt
|upkeep
|
|t:|1779870320
|switch|p2a: Tyranitar|Tyranitar, M|100/100
|-weather|Sandstorm|[from] ability: Sand Stream|[of] p2a: Tyranitar
|turn|15
|
|t:|1779870326
|-terastallize|p2a: Tyranitar|Dark
|move|p1a: Feraligatr|Liquidation|p2a: Tyranitar
|-damage|p2a: Tyranitar|0 fnt
|faint|p2a: Tyranitar
|
|-weather|Sandstorm|[upkeep]
|-damage|p1a: Feraligatr|61/100|[from] Sandstorm
|upkeep
|-message|Iori255 forfeited.
|
|win|ju2508
|raw|ju2508's rating: 1168 &rarr; <strong>1192</strong><br />(+24 for winning)
|raw|Iori255's rating: 1150 &rarr; <strong>1126</strong><br />(-24 for losing)
|l|☆Iori255
|player|p2|
|l|☆ju2508
|player|p1|
