|j|☆manaphy michael
|j|☆nefarious criminal
|t:|1779878693
|gametype|singles
|player|p1|manaphy michael|biker-gen4|1438
|player|p2|nefarious criminal|falkner-gen2|1356
|gen|9
|tier|[Gen 9] OU
|rated|
|rule|HP Percentage Mod: HP is shown in percentages
|rule|Endless Battle Clause: Forcing endless battles is banned
|rule|Species Clause: Limit one of each Pokémon
|rule|OHKO Clause: OHKO moves are banned
|rule|Evasion Items Clause: Evasion items are banned
|rule|Evasion Moves Clause: Evasion moves are banned
|rule|Evasion Abilities Clause: Evasion abilities are banned
|rule|Sleep Moves Clause: Sleep-inducing moves are banned
|clearpoke
|poke|p1|Clefable, F|
|poke|p1|Milotic, M|
|poke|p1|Umbreon, F|
|poke|p1|Exeggutor-Alola, F|
|poke|p1|Excadrill, F|
|poke|p1|Zapdos-Galar|
|poke|p2|Gliscor, M|
|poke|p2|Gholdengo|
|poke|p2|Dragonite, F|
|poke|p2|Ting-Lu|
|poke|p2|Darkrai|
|poke|p2|Zamazenta-*|
|teampreview
|inactive|Battle timer is ON: inactive players will automatically lose when time's up. (requested by nefarious criminal)
|inactive|manaphy michael also wants the timer to be on.
|
|t:|1779878711
|teamsize|p1|6
|teamsize|p2|6
|start
|switch|p1a: legs for days|Zapdos-Galar|100/100
|switch|p2a: Gliscor|Gliscor, M|100/100
|turn|1
|
|t:|1779878713
|move|p2a: Gliscor|Protect|p2a: Gliscor
|-singleturn|p2a: Gliscor|Protect
|move|p1a: legs for days|Bulk Up|p1a: legs for days
|-boost|p1a: legs for days|atk|1
|-boost|p1a: legs for days|def|1
|
|-status|p2a: Gliscor|tox|[from] item: Toxic Orb
|upkeep
|turn|2
|
|t:|1779878720
|move|p1a: legs for days|Thunderous Kick|p2a: Gliscor
|-resisted|p2a: Gliscor
|-damage|p2a: Gliscor|82/100 tox
|-unboost|p2a: Gliscor|def|1
|move|p2a: Gliscor|Toxic|p1a: legs for days
|-status|p1a: legs for days|tox
|
|-damage|p1a: legs for days|94/100 tox|[from] psn
|-heal|p2a: Gliscor|95/100 tox|[from] ability: Poison Heal
|upkeep
|turn|3
|
|t:|1779878728
|move|p1a: legs for days|Bulk Up|p1a: legs for days
|-boost|p1a: legs for days|atk|1
|-boost|p1a: legs for days|def|1
|move|p2a: Gliscor|Spikes|p1a: legs for days
|-sidestart|p1: manaphy michael|Spikes
|
|-heal|p1a: legs for days|100/100 tox|[from] item: Leftovers
|-damage|p1a: legs for days|88/100 tox|[from] psn
|-heal|p2a: Gliscor|100/100 tox|[from] ability: Poison Heal
|upkeep
|turn|4
|
|t:|1779878731
|move|p1a: legs for days|Brave Bird|p2a: Gliscor
|-damage|p2a: Gliscor|2/100 tox
|-damage|p1a: legs for days|58/100 tox|[from] Recoil
|move|p2a: Gliscor|Spikes|p1a: legs for days
|-sidestart|p1: manaphy michael|Spikes
|
|-heal|p1a: legs for days|65/100 tox|[from] item: Leftovers
|-damage|p1a: legs for days|46/100 tox|[from] psn
|-heal|p2a: Gliscor|15/100 tox|[from] ability: Poison Heal
|upkeep
|turn|5
|
|t:|1779878734
|move|p2a: Gliscor|Protect|p2a: Gliscor
|-singleturn|p2a: Gliscor|Protect
|move|p1a: legs for days|Bulk Up|p1a: legs for days
|-boost|p1a: legs for days|atk|1
|-boost|p1a: legs for days|def|1
|
|-heal|p1a: legs for days|52/100 tox|[from] item: Leftovers
|-damage|p1a: legs for days|27/100 tox|[from] psn
|-heal|p2a: Gliscor|27/100 tox|[from] ability: Poison Heal
|upkeep
|turn|6
|
|t:|1779878742
|switch|p2a: Gholdengo|Gholdengo|100/100
|move|p1a: legs for days|Knock Off|p2a: Gholdengo
|-supereffective|p2a: Gholdengo
|-damage|p2a: Gholdengo|0 fnt
|-enditem|p2a: Gholdengo|Choice Scarf|[from] move: Knock Off|[of] p1a: legs for days
|faint|p2a: Gholdengo
|
|-heal|p1a: legs for days|33/100 tox|[from] item: Leftovers
|-damage|p1a: legs for days|2/100 tox|[from] psn
|upkeep
|
|t:|1779878745
|switch|p2a: Gliscor|Gliscor, M|27/100 tox
|turn|7
|
|t:|1779878751
|move|p2a: Gliscor|Protect|p2a: Gliscor
|-singleturn|p2a: Gliscor|Protect
|move|p1a: legs for days|Knock Off|p2a: Gliscor
|-activate|p2a: Gliscor|move: Protect
|
|-heal|p1a: legs for days|8/100 tox|[from] item: Leftovers
|-damage|p1a: legs for days|0 fnt|[from] psn
|faint|p1a: legs for days
|-heal|p2a: Gliscor|40/100 tox|[from] ability: Poison Heal
|upkeep
|
|t:|1779878753
|switch|p1a: Lucian|Milotic, M|100/100
|-damage|p1a: Lucian|84/100|[from] Spikes
|turn|8
|
|t:|1779878781
|switch|p2a: Zamazenta|Zamazenta|100/100
|-ability|p2a: Zamazenta|Dauntless Shield|boost
|-boost|p2a: Zamazenta|def|1
|move|p1a: Lucian|Ice Beam|p2a: Zamazenta
|-damage|p2a: Zamazenta|81/100
|
|upkeep
|turn|9
|
|t:|1779878785
|move|p2a: Zamazenta|Close Combat|p1a: Lucian
|-damage|p1a: Lucian|37/100
|-unboost|p2a: Zamazenta|def|1
|-unboost|p2a: Zamazenta|spd|1
|-damage|p2a: Zamazenta|64/100|[from] item: Rocky Helmet|[of] p1a: Lucian
|move|p1a: Lucian|Haze|p1a: Lucian
|-clearallboost
|
|upkeep
|turn|10
|
|t:|1779878793
|move|p2a: Zamazenta|Close Combat|p1a: Lucian
|-crit|p1a: Lucian
|-damage|p1a: Lucian|0 fnt
|-unboost|p2a: Zamazenta|def|1
|-unboost|p2a: Zamazenta|spd|1
|-damage|p2a: Zamazenta|48/100|[from] item: Rocky Helmet|[of] p1a: Lucian
|faint|p1a: Lucian
|
|upkeep
|
|t:|1779878797
|switch|p1a: Kirby|Clefable, F|100/100
|-damage|p1a: Kirby|84/100|[from] Spikes
|turn|11
|
|t:|1779878801
|move|p2a: Zamazenta|Heavy Slam|p1a: Kirby
|-supereffective|p1a: Kirby
|-damage|p1a: Kirby|20/100
|move|p1a: Kirby|Calm Mind|p1a: Kirby
|-boost|p1a: Kirby|spa|1
|-boost|p1a: Kirby|spd|1
|
|upkeep
|turn|12
|
|t:|1779878804
|-terastallize|p1a: Kirby|Fire
|move|p2a: Zamazenta|Heavy Slam|p1a: Kirby
|-resisted|p1a: Kirby
|-damage|p1a: Kirby|5/100
|move|p1a: Kirby|Moonlight|p1a: Kirby
|-heal|p1a: Kirby|55/100
|
|upkeep
|turn|13
|
|t:|1779878806
|move|p2a: Zamazenta|Close Combat|p1a: Kirby
|-damage|p1a: Kirby|10/100
|-unboost|p2a: Zamazenta|def|1
|-unboost|p2a: Zamazenta|spd|1
|move|p1a: Kirby|Moonlight|p1a: Kirby
|-heal|p1a: Kirby|60/100
|
|upkeep
|turn|14
|
|t:|1779878810
|move|p2a: Zamazenta|Close Combat|p1a: Kirby
|-damage|p1a: Kirby|18/100
|-unboost|p2a: Zamazenta|def|1
|-unboost|p2a: Zamazenta|spd|1
|move|p1a: Kirby|Moonlight|p1a: Kirby
|-heal|p1a: Kirby|68/100
|
|upkeep
|turn|15
|
|t:|1779878814
|move|p2a: Zamazenta|Close Combat|p1a: Kirby
|-damage|p1a: Kirby|26/100
|-unboost|p2a: Zamazenta|def|1
|-unboost|p2a: Zamazenta|spd|1
|move|p1a: Kirby|Moonblast|p2a: Zamazenta
|-supereffective|p2a: Zamazenta
|-damage|p2a: Zamazenta|0 fnt
|faint|p2a: Zamazenta
|-damage|p1a: Kirby|16/100|[from] item: Life Orb
|
|upkeep
|
|t:|1779878820
|switch|p2a: Darkrai|Darkrai|100/100
|turn|16
|
|t:|1779878824
|move|p2a: Darkrai|Dark Pulse|p1a: Kirby
|-damage|p1a: Kirby|0 fnt
|faint|p1a: Kirby
|
|upkeep
|
|t:|1779878829
|switch|p1a: Holy Moley|Excadrill, F|100/100
|-ability|p1a: Holy Moley|Mold Breaker
|-item|p1a: Holy Moley|Air Balloon
|turn|17
|
|t:|1779878833
|move|p2a: Darkrai|Dark Pulse|p1a: Holy Moley
|-damage|p1a: Holy Moley|70/100
|-enditem|p1a: Holy Moley|Air Balloon
|move|p1a: Holy Moley|Rapid Spin|p2a: Darkrai
|-damage|p2a: Darkrai|80/100
|-boost|p1a: Holy Moley|spe|1
|-sideend|p1: manaphy michael|Spikes|[from] move: Rapid Spin|[of] p1a: Holy Moley
|
|upkeep
|turn|18
|
|t:|1779878841
|move|p2a: Darkrai|Will-O-Wisp|p1a: Holy Moley
|-status|p1a: Holy Moley|brn
|move|p1a: Holy Moley|Rapid Spin|p2a: Darkrai
|-damage|p2a: Darkrai|70/100
|-boost|p1a: Holy Moley|spe|1
|
|-damage|p1a: Holy Moley|64/100 brn|[from] brn
|upkeep
|turn|19
|
|t:|1779878849
|switch|p2a: Gliscor|Gliscor, M|40/100 tox
|move|p1a: Holy Moley|Stealth Rock|p2a: Gliscor
|-sidestart|p2: nefarious criminal|move: Stealth Rock
|
|-heal|p2a: Gliscor|52/100 tox|[from] ability: Poison Heal
|-damage|p1a: Holy Moley|58/100 brn|[from] brn
|upkeep
|turn|20
|
|t:|1779878853
|move|p1a: Holy Moley|Iron Head|p2a: Gliscor
|-damage|p2a: Gliscor|41/100 tox
|move|p2a: Gliscor|Spikes|p1a: Holy Moley
|-sidestart|p1: manaphy michael|Spikes
|
|-heal|p2a: Gliscor|54/100 tox|[from] ability: Poison Heal
|-damage|p1a: Holy Moley|51/100 brn|[from] brn
|upkeep
|turn|21
|
|t:|1779878858
|move|p1a: Holy Moley|Rapid Spin|p2a: Gliscor
|-damage|p2a: Gliscor|49/100 tox
|-boost|p1a: Holy Moley|spe|1
|-sideend|p1: manaphy michael|Spikes|[from] move: Rapid Spin|[of] p1a: Holy Moley
|move|p2a: Gliscor|Earthquake|p1a: Holy Moley
|-supereffective|p1a: Holy Moley
|-damage|p1a: Holy Moley|0 fnt
|faint|p1a: Holy Moley
|
|-heal|p2a: Gliscor|62/100 tox|[from] ability: Poison Heal
|upkeep
|
|t:|1779878862
|switch|p1a: 6'0|Exeggutor-Alola, F|100/100
|-item|p2a: Gliscor|Toxic Orb|[from] ability: Frisk|[of] p1a: 6'0
|turn|22
|
|t:|1779878866
|move|p2a: Gliscor|Toxic|p1a: 6'0
|-status|p1a: 6'0|tox
|move|p1a: 6'0|Calm Mind|p1a: 6'0
|-boost|p1a: 6'0|spa|1
|-boost|p1a: 6'0|spd|1
|
|-heal|p2a: Gliscor|74/100 tox|[from] ability: Poison Heal
|-damage|p1a: 6'0|94/100 tox|[from] psn
|upkeep
|turn|23
|
|t:|1779878872
|move|p2a: Gliscor|Protect|p2a: Gliscor
|-singleturn|p2a: Gliscor|Protect
|move|p1a: 6'0|Calm Mind|p1a: 6'0
|-boost|p1a: 6'0|spa|1
|-boost|p1a: 6'0|spd|1
|
|-heal|p1a: 6'0|100/100 tox|[from] item: Leftovers
|-heal|p2a: Gliscor|87/100 tox|[from] ability: Poison Heal
|-damage|p1a: 6'0|88/100 tox|[from] psn
|upkeep
|turn|24
|
|t:|1779878876
|switch|p2a: Ting-Lu|Ting-Lu|100/100
|-damage|p2a: Ting-Lu|94/100|[from] Stealth Rock
|-ability|p2a: Ting-Lu|Vessel of Ruin
|move|p1a: 6'0|Dragon Pulse|p2a: Ting-Lu
|-damage|p2a: Ting-Lu|63/100
|
|-heal|p2a: Ting-Lu|69/100|[from] item: Leftovers
|-heal|p1a: 6'0|94/100 tox|[from] item: Leftovers
|-damage|p1a: 6'0|76/100 tox|[from] psn
|upkeep
|turn|25
|
|t:|1779878880
|move|p2a: Ting-Lu|Ruination|p1a: 6'0
|-damage|p1a: 6'0|38/100 tox
|move|p1a: 6'0|Giga Drain|p2a: Ting-Lu
|-supereffective|p2a: Ting-Lu
|-damage|p2a: Ting-Lu|16/100
|-heal|p1a: 6'0|73/100 tox|[from] drain|[of] p2a: Ting-Lu
|
|-heal|p2a: Ting-Lu|23/100|[from] item: Leftovers
|-heal|p1a: 6'0|79/100 tox|[from] item: Leftovers
|-damage|p1a: 6'0|55/100 tox|[from] psn
|upkeep
|turn|26
|
|t:|1779878884
|move|p2a: Ting-Lu|Earthquake|p1a: 6'0
|-resisted|p1a: 6'0
|-damage|p1a: 6'0|41/100 tox
|move|p1a: 6'0|Dragon Pulse|p2a: Ting-Lu
|-damage|p2a: Ting-Lu|0 fnt
|faint|p2a: Ting-Lu
|
|-heal|p1a: 6'0|47/100 tox|[from] item: Leftovers
|-damage|p1a: 6'0|17/100 tox|[from] psn
|upkeep
|
|t:|1779878887
|switch|p2a: Gliscor|Gliscor, M|87/100 tox
|-damage|p2a: Gliscor|74/100 tox|[from] Stealth Rock
|turn|27
|
|t:|1779878890
|switch|p1a: Selene|Umbreon, F|100/100
|move|p2a: Gliscor|Protect||[still]
|-fail|p2a: Gliscor
|
|-heal|p2a: Gliscor|87/100 tox|[from] ability: Poison Heal
|upkeep
|turn|28
|
|t:|1779878892
|move|p2a: Gliscor|Toxic|p1a: Selene
|-status|p1a: Selene|tox
|-activate|p1a: Selene|ability: Synchronize
|-fail|p2a: Gliscor|tox
|move|p1a: Selene|Wish|p1a: Selene
|
|-heal|p2a: Gliscor|99/100 tox|[from] ability: Poison Heal
|-damage|p1a: Selene|94/100 tox|[from] psn
|upkeep
|turn|29
|
|t:|1779878894
|switch|p1a: 6'0|Exeggutor-Alola, F|17/100 tox
|-item|p2a: Gliscor|Toxic Orb|[from] ability: Frisk|[of] p1a: 6'0
|move|p2a: Gliscor|Earthquake|p1a: 6'0
|-resisted|p1a: 6'0
|-crit|p1a: 6'0
|-damage|p1a: 6'0|0 fnt
|faint|p1a: 6'0
|
|-heal|p2a: Gliscor|100/100 tox|[from] ability: Poison Heal
|upkeep
|-message|manaphy michael forfeited.
|
|win|nefarious criminal
|raw|manaphy michael's rating: 1438 &rarr; <strong>1413</strong><br />(-25 for losing)
|raw|nefarious criminal's rating: 1356 &rarr; <strong>1381</strong><br />(+25 for winning)
|l|☆manaphy michael
|player|p1|
|l|☆nefarious criminal
|player|p2|
