|j|☆genesis lotus iv
|j|☆Goolagola
|t:|1779876083
|gametype|singles
|player|p1|genesis lotus iv|eusine|1272
|player|p2|Goolagola|colress|1314
|gen|9
|tier|[Gen 9] OU
|rated|
|rule|HP Percentage Mod: HP is shown in percentages
|rule|Endless Battle Clause: Forcing endless battles is banned
|rule|Species Clause: Limit one of each Pokémon
|rule|OHKO Clause: OHKO moves are banned
|rule|Evasion Items Clause: Evasion items are banned
|rule|Evasion Moves Clause: Evasion moves are banned
|rule|Evasion Abilities Clause: Evasion abilities are banned
|rule|Sleep Moves Clause: Sleep-inducing moves are banned
|clearpoke
|poke|p1|Darkrai|
|poke|p1|Garchomp, M|
|poke|p1|Alomomola, F|
|poke|p1|Corviknight, M|
|poke|p1|Weezing-Galar, M|
|poke|p1|Ogerpon, F|
|poke|p2|Delphox, M|
|poke|p2|Indeedee, M|
|poke|p2|Araquanid, M|
|poke|p2|Torkoal, F|
|poke|p2|Lilligant-Hisui, F|
|poke|p2|Rotom-Wash|
|teampreview
|inactive|Battle timer is ON: inactive players will automatically lose when time's up. (requested by Goolagola)
|inactive|genesis lotus iv also wants the timer to be on.
|j| phongphuc
|
|t:|1779876100
|teamsize|p1|6
|teamsize|p2|6
|start
|switch|p1a: Garchomp|Garchomp, M|100/100
|switch|p2a: Rotom|Rotom-Wash|100/100
|turn|1
|
|t:|1779876105
|move|p1a: Garchomp|Stealth Rock|p2a: Rotom
|-sidestart|p2: Goolagola|move: Stealth Rock
|move|p2a: Rotom|Hydro Pump|p1a: Garchomp
|-damage|p1a: Garchomp|64/100
|
|upkeep
|turn|2
|
|t:|1779876117
|switch|p1a: Weezing|Weezing-Galar, M|100/100
|-ability|p1a: Weezing|Neutralizing Gas
|move|p2a: Rotom|Hydro Pump|p1a: Weezing
|-damage|p1a: Weezing|43/100
|
|-heal|p1a: Weezing|49/100|[from] item: Leftovers
|upkeep
|turn|3
|
|t:|1779876133
|-end|p1a: Weezing|ability: Neutralizing Gas
|switch|p1a: Ogerpon|Ogerpon, F|100/100
|move|p2a: Rotom|Hydro Pump|p1a: Ogerpon
|-resisted|p1a: Ogerpon
|-damage|p1a: Ogerpon|78/100
|
|upkeep
|turn|4
|
|t:|1779876141
|move|p1a: Ogerpon|Ivy Cudgel|p2a: Rotom
|-supereffective|p2a: Rotom
|-damage|p2a: Rotom|0 fnt
|faint|p2a: Rotom
|
|upkeep
|inactive|Goolagola has 120 seconds left.
|inactive|Goolagola has 90 seconds left.
|
|t:|1779876197
|switch|p2a: Torkoal|Torkoal, F|100/100
|-damage|p2a: Torkoal|76/100|[from] Stealth Rock
|-weather|SunnyDay|[from] ability: Drought|[of] p2a: Torkoal
|turn|5
|
|t:|1779876204
|switch|p1a: Garchomp|Garchomp, M|64/100
|move|p2a: Torkoal|Rapid Spin|p1a: Garchomp
|-damage|p1a: Garchomp|58/100
|-boost|p2a: Torkoal|spe|1
|-damage|p2a: Torkoal|63/100|[from] ability: Rough Skin|[of] p1a: Garchomp
|-damage|p2a: Torkoal|47/100|[from] item: Rocky Helmet|[of] p1a: Garchomp
|-sideend|p2: Goolagola|Stealth Rock|[from] move: Rapid Spin|[of] p2a: Torkoal
|
|-weather|SunnyDay|[upkeep]
|upkeep
|turn|6
|
|t:|1779876209
|move|p1a: Garchomp|Stealth Rock|p2a: Torkoal
|-sidestart|p2: Goolagola|move: Stealth Rock
|move|p2a: Torkoal|Lava Plume|p1a: Garchomp
|-resisted|p1a: Garchomp
|-damage|p1a: Garchomp|42/100
|-status|p1a: Garchomp|brn
|
|-weather|SunnyDay|[upkeep]
|-damage|p1a: Garchomp|35/100 brn|[from] brn
|upkeep
|turn|7
|
|t:|1779876215
|move|p1a: Garchomp|Earthquake|p2a: Torkoal
|-supereffective|p2a: Torkoal
|-damage|p2a: Torkoal|18/100
|move|p2a: Torkoal|Rapid Spin|p1a: Garchomp
|-damage|p1a: Garchomp|30/100 brn
|-boost|p2a: Torkoal|spe|1
|-damage|p2a: Torkoal|6/100|[from] ability: Rough Skin|[of] p1a: Garchomp
|-damage|p2a: Torkoal|0 fnt|[from] item: Rocky Helmet|[of] p1a: Garchomp
|faint|p2a: Torkoal
|
|-weather|SunnyDay|[upkeep]
|-damage|p1a: Garchomp|24/100 brn|[from] brn
|upkeep
|
|t:|1779876219
|switch|p2a: Araquanid|Araquanid, M|100/100
|-damage|p2a: Araquanid|75/100|[from] Stealth Rock
|turn|8
|
|t:|1779876223
|move|p1a: Garchomp|Spikes|p2a: Araquanid
|-sidestart|p2: Goolagola|Spikes
|move|p2a: Araquanid|Sticky Web|p1a: Garchomp
|-sidestart|p1: genesis lotus iv|move: Sticky Web
|
|-weather|SunnyDay|[upkeep]
|-damage|p1a: Garchomp|18/100 brn|[from] brn
|upkeep
|turn|9
|
|t:|1779876227
|move|p1a: Garchomp|Spikes|p2a: Araquanid
|-sidestart|p2: Goolagola|Spikes
|move|p2a: Araquanid|Surf|p1a: Garchomp
|-damage|p1a: Garchomp|0 fnt
|faint|p1a: Garchomp
|
|-weather|none
|upkeep
|
|t:|1779876232
|switch|p1a: Corviknight|Corviknight, M|100/100
|-ability|p1a: Corviknight|Pressure
|turn|10
|
|t:|1779876235
|move|p1a: Corviknight|Brave Bird|p2a: Araquanid
|-supereffective|p2a: Araquanid
|-damage|p2a: Araquanid|4/100
|-damage|p1a: Corviknight|80/100|[from] Recoil
|move|p2a: Araquanid|Surf|p1a: Corviknight
|-damage|p1a: Corviknight|36/100
|
|-heal|p1a: Corviknight|42/100|[from] item: Leftovers
|upkeep
|turn|11
|
|t:|1779876243
|move|p1a: Corviknight|U-turn|p2a: Araquanid
|-damage|p2a: Araquanid|0 fnt
|faint|p2a: Araquanid
|
|t:|1779876247
|switch|p1a: Alomomola|Alomomola, F|100/100|[from] U-turn
|-activate|p1a: Alomomola|move: Sticky Web
|-unboost|p1a: Alomomola|spe|1
|
|upkeep
|
|t:|1779876250
|switch|p2a: Indeedee|Indeedee, M|100/100
|-damage|p2a: Indeedee|88/100|[from] Stealth Rock
|-damage|p2a: Indeedee|71/100|[from] Spikes
|-fieldstart|move: Psychic Terrain|[from] ability: Psychic Surge|[of] p2a: Indeedee
|turn|12
|
|t:|1779876256
|move|p2a: Indeedee|Expanding Force|p1a: Alomomola
|-crit|p1a: Alomomola
|-damage|p1a: Alomomola|57/100
|move|p1a: Alomomola|Mirror Coat|p2a: Indeedee
|-damage|p2a: Indeedee|0 fnt
|faint|p2a: Indeedee
|
|upkeep
|
|t:|1779876262
|switch|p2a: Delphox|Delphox, M, shiny|100/100
|-damage|p2a: Delphox|76/100|[from] Stealth Rock
|-damage|p2a: Delphox|59/100|[from] Spikes
|turn|13
|
|t:|1779876265
|move|p2a: Delphox|Nasty Plot|p2a: Delphox
|-boost|p2a: Delphox|spa|2
|move|p1a: Alomomola|Mirror Coat||[still]
|-fail|p1a: Alomomola
|
|upkeep
|turn|14
|
|t:|1779876269
|move|p2a: Delphox|Expanding Force|p1a: Alomomola
|-damage|p1a: Alomomola|0 fnt
|faint|p1a: Alomomola
|-damage|p2a: Delphox|49/100|[from] item: Life Orb
|
|upkeep
|
|t:|1779876276
|switch|p1a: Corviknight|Corviknight, M|42/100
|-ability|p1a: Corviknight|Pressure
|turn|15
|
|t:|1779876280
|move|p2a: Delphox|Expanding Force|p1a: Corviknight
|-resisted|p1a: Corviknight
|-damage|p1a: Corviknight|0 fnt
|faint|p1a: Corviknight
|-damage|p2a: Delphox|39/100|[from] item: Life Orb
|
|upkeep
|
|t:|1779876291
|switch|p1a: Weezing|Weezing-Galar, M|49/100
|-ability|p1a: Weezing|Neutralizing Gas
|-activate|p1a: Weezing|move: Sticky Web
|-unboost|p1a: Weezing|spe|1
|turn|16
|
|t:|1779876293
|move|p2a: Delphox|Flamethrower|p1a: Weezing
|-damage|p1a: Weezing|0 fnt
|faint|p1a: Weezing
|-end|p1a: Weezing|ability: Neutralizing Gas
|-damage|p2a: Delphox|29/100|[from] item: Life Orb
|
|upkeep
|
|t:|1779876309
|switch|p1a: Darkrai|Darkrai|100/100
|-activate|p1a: Darkrai|move: Sticky Web
|-unboost|p1a: Darkrai|spe|1
|turn|17
|
|t:|1779876313
|move|p2a: Delphox|Flamethrower|p1a: Darkrai
|-damage|p1a: Darkrai|0 fnt
|faint|p1a: Darkrai
|-damage|p2a: Delphox|19/100|[from] item: Life Orb
|
|upkeep
|
|t:|1779876316
|switch|p1a: Ogerpon|Ogerpon, F|78/100
|-activate|p1a: Ogerpon|move: Sticky Web
|-unboost|p1a: Ogerpon|spe|1
|-ability|p1a: Ogerpon|Defiant|boost
|-boost|p1a: Ogerpon|atk|2
|turn|18
|
|t:|1779876320
|move|p2a: Delphox|Expanding Force|p1a: Ogerpon
|-damage|p1a: Ogerpon|0 fnt
|faint|p1a: Ogerpon
|-damage|p2a: Delphox|9/100|[from] item: Life Orb
|
|win|Goolagola
|raw|genesis lotus iv's rating: 1272 &rarr; <strong>1250</strong><br />(-22 for losing)
|raw|Goolagola's rating: 1314 &rarr; <strong>1332</strong><br />(+18 for winning)
|l|☆genesis lotus iv
|player|p1|
|c|☆Goolagola|gg
|l|☆Goolagola
|player|p2|
|l| phongphuc
