|j|☆firered27
|j|☆Chechoide
|t:|1779811413
|gametype|singles
|player|p1|firered27|170|1281
|player|p2|Chechoide|clown|1291
|gen|9
|tier|[Gen 9] OU
|rated|
|rule|HP Percentage Mod: HP is shown in percentages
|rule|Endless Battle Clause: Forcing endless battles is banned
|rule|Species Clause: Limit one of each Pokémon
|rule|OHKO Clause: OHKO moves are banned
|rule|Evasion Items Clause: Evasion items are banned
|rule|Evasion Moves Clause: Evasion moves are banned
|rule|Evasion Abilities Clause: Evasion abilities are banned
|rule|Sleep Moves Clause: Sleep-inducing moves are banned
|clearpoke
|poke|p1|Vivillon-Pokeball, M|
|poke|p1|Ogerpon-Wellspring, F|
|poke|p1|Ninetales-Alola, F|
|poke|p1|Dragonite, M|
|poke|p1|Great Tusk|
|poke|p1|Hatterene, F|
|poke|p2|Blissey, F|
|poke|p2|Gliscor, F|
|poke|p2|Dondozo, F|
|poke|p2|Amoonguss, M|
|poke|p2|Alomomola, M|
|poke|p2|Weezing-Galar, M|
|teampreview
|inactive|Battle timer is ON: inactive players will automatically lose when time's up. (requested by firered27)
|
|t:|1779811427
|teamsize|p1|6
|teamsize|p2|6
|start
|switch|p1a: Great Tusk|Great Tusk|100/100
|switch|p2a: Albert Eipstein|Weezing-Galar, M|100/100
|-ability|p2a: Albert Eipstein|Neutralizing Gas
|turn|1
|
|t:|1779811443
|move|p1a: Great Tusk|Stealth Rock|p2a: Albert Eipstein
|-sidestart|p2: Chechoide|move: Stealth Rock
|move|p2a: Albert Eipstein|Will-O-Wisp|p1a: Great Tusk|[miss]
|-miss|p2a: Albert Eipstein|p1a: Great Tusk
|
|upkeep
|turn|2
|
|t:|1779811454
|move|p1a: Great Tusk|Headlong Rush|p2a: Albert Eipstein
|-supereffective|p2a: Albert Eipstein
|-damage|p2a: Albert Eipstein|21/100
|-unboost|p1a: Great Tusk|def|1
|-unboost|p1a: Great Tusk|spd|1
|move|p2a: Albert Eipstein|Defog|p1a: Great Tusk
|-unboost|p1a: Great Tusk|evasion|1
|-sideend|p2: Chechoide|Stealth Rock|[from] move: Defog|[of] p2a: Albert Eipstein
|
|upkeep
|turn|3
|
|t:|1779811469
|-end|p2a: Albert Eipstein|ability: Neutralizing Gas
|switch|p2a: Ginecólogo Braga|Gliscor, F|100/100
|-enditem|p1a: Great Tusk|Booster Energy
|-activate|p1a: Great Tusk|ability: Protosynthesis|[fromitem]
|-start|p1a: Great Tusk|protosynthesisspe
|move|p1a: Great Tusk|Headlong Rush|p2a: Ginecólogo Braga
|-immune|p2a: Ginecólogo Braga
|
|-status|p2a: Ginecólogo Braga|tox|[from] item: Toxic Orb
|upkeep
|turn|4
|
|t:|1779811478
|-end|p1a: Great Tusk|Protosynthesis|[silent]
|switch|p1a: Hatterene|Hatterene, F|100/100
|move|p2a: Ginecólogo Braga|Toxic|p1a: Hatterene
|move|p1a: Hatterene|Toxic|p2a: Ginecólogo Braga|[from] ability: Magic Bounce
|-fail|p2a: Ginecólogo Braga|tox
|
|upkeep
|turn|5
|
|t:|1779811485
|move|p2a: Ginecólogo Braga|Knock Off|p1a: Hatterene
|-damage|p1a: Hatterene|83/100
|-enditem|p1a: Hatterene|Leftovers|[from] move: Knock Off|[of] p2a: Ginecólogo Braga
|move|p1a: Hatterene|Psychic Noise|p2a: Ginecólogo Braga
|-damage|p2a: Ginecólogo Braga|60/100 tox
|-start|p2a: Ginecólogo Braga|move: Heal Block
|
|upkeep
|turn|6
|
|t:|1779811495
|switch|p2a: Cabryan|Blissey, F|100/100
|move|p1a: Hatterene|Nuzzle|p2a: Cabryan
|-damage|p2a: Cabryan|97/100
|-status|p2a: Cabryan|par
|
|upkeep
|turn|7
|
|t:|1779811505
|switch|p1a: Great Tusk|Great Tusk|100/100
|move|p2a: Cabryan|Shadow Ball|p1a: Great Tusk
|-damage|p1a: Great Tusk|81/100
|
|upkeep
|turn|8
|
|t:|1779811516
|-curestatus|p2a: Cabryan|par|[from] ability: Natural Cure|[silent]
|switch|p2a: Gayllermo|Alomomola, M|100/100
|move|p1a: Great Tusk|Stealth Rock|p2a: Gayllermo
|-sidestart|p2: Chechoide|move: Stealth Rock
|
|upkeep
|turn|9
|
|t:|1779811523
|-end|p1a: Great Tusk|Protosynthesis|[silent]
|switch|p1a: Ogerpon|Ogerpon-Wellspring, F|100/100
|move|p2a: Gayllermo|Scald|p1a: Ogerpon
|-immune|p1a: Ogerpon|[from] ability: Water Absorb
|
|upkeep
|turn|10
|
|t:|1779811534
|switch|p2a: Charlie Kirk|Amoonguss, M|100/100
|move|p1a: Ogerpon|Substitute|p1a: Ogerpon
|-start|p1a: Ogerpon|Substitute
|-damage|p1a: Ogerpon|76/100
|
|upkeep
|turn|11
|
|t:|1779811541
|move|p1a: Ogerpon|Swords Dance|p1a: Ogerpon
|-boost|p1a: Ogerpon|atk|2
|move|p2a: Charlie Kirk|Sludge Bomb|p1a: Ogerpon
|-supereffective|p1a: Ogerpon
|-end|p1a: Ogerpon|Substitute
|
|upkeep
|turn|12
|inactive|Chechoide has 120 seconds left.
|
|t:|1779811584
|-terastallize|p1a: Ogerpon|Water
|detailschange|p1a: Ogerpon|Ogerpon-Wellspring-Tera, F, tera:Water
|-ability|p1a: Ogerpon|Embody Aspect (Wellspring)|boost
|-boost|p1a: Ogerpon|spd|1
|-terastallize|p2a: Charlie Kirk|Fairy
|move|p1a: Ogerpon|Substitute|p1a: Ogerpon
|-start|p1a: Ogerpon|Substitute
|-damage|p1a: Ogerpon|51/100
|move|p2a: Charlie Kirk|Sludge Bomb|p1a: Ogerpon
|-activate|p1a: Ogerpon|move: Substitute|[damage]
|
|upkeep
|turn|13
|
|t:|1779811609
|move|p1a: Ogerpon|Horn Leech|p2a: Charlie Kirk
|-damage|p2a: Charlie Kirk|35/100
|-heal|p1a: Ogerpon|98/100|[from] drain|[of] p2a: Charlie Kirk
|move|p2a: Charlie Kirk|Giga Drain|p1a: Ogerpon
|-supereffective|p1a: Ogerpon
|-end|p1a: Ogerpon|Substitute
|-heal|p2a: Charlie Kirk|36/100|[from] drain|[of] p1a: Ogerpon
|
|upkeep
|turn|14
|inactive|Chechoide has 90 seconds left.
|
|t:|1779811629
|switch|p2a: Ginecólogo Braga|Gliscor, F|60/100 tox
|-damage|p2a: Ginecólogo Braga|47/100 tox|[from] Stealth Rock
|move|p1a: Ogerpon|Horn Leech|p2a: Ginecólogo Braga
|-damage|p2a: Ginecólogo Braga|0 fnt
|-heal|p1a: Ogerpon|100/100|[from] drain|[of] p2a: Ginecólogo Braga
|faint|p2a: Ginecólogo Braga
|
|upkeep
|inactive|Chechoide has 90 seconds left.
|
|t:|1779811637
|switch|p2a: Charlie Kirk|Amoonguss, M, tera:Fairy|69/100
|turn|15
|
|t:|1779811644
|move|p1a: Ogerpon|Substitute|p1a: Ogerpon
|-start|p1a: Ogerpon|Substitute
|-damage|p1a: Ogerpon|76/100
|move|p2a: Charlie Kirk|Giga Drain|p1a: Ogerpon
|-supereffective|p1a: Ogerpon
|-end|p1a: Ogerpon|Substitute
|-heal|p2a: Charlie Kirk|78/100|[from] drain|[of] p1a: Ogerpon
|
|upkeep
|turn|16
|
|t:|1779811662
|move|p1a: Ogerpon|Ivy Cudgel|p2a: Charlie Kirk|[anim] Ivy Cudgel Water
|-damage|p2a: Charlie Kirk|0 fnt
|faint|p2a: Charlie Kirk
|
|upkeep
|
|t:|1779811667
|switch|p2a: Gayllermo|Alomomola, M|100/100
|-damage|p2a: Gayllermo|88/100|[from] Stealth Rock
|turn|17
|
|t:|1779811675
|move|p1a: Ogerpon|Substitute|p1a: Ogerpon
|-start|p1a: Ogerpon|Substitute
|-damage|p1a: Ogerpon|51/100
|move|p2a: Gayllermo|Wish|p2a: Gayllermo
|
|upkeep
|turn|18
|
|t:|1779811683
|move|p1a: Ogerpon|Swords Dance|p1a: Ogerpon
|-boost|p1a: Ogerpon|atk|2
|move|p2a: Gayllermo|Scald|p1a: Ogerpon
|-resisted|p1a: Ogerpon
|-activate|p1a: Ogerpon|move: Substitute|[damage]
|
|-heal|p2a: Gayllermo|100/100|[from] move: Wish|[wisher] Gayllermo
|upkeep
|turn|19
|inactive|Chechoide has 120 seconds left.
|
|t:|1779811693
|move|p1a: Ogerpon|Horn Leech|p2a: Gayllermo
|-supereffective|p2a: Gayllermo
|-damage|p2a: Gayllermo|0 fnt
|-heal|p1a: Ogerpon|100/100|[from] drain|[of] p2a: Gayllermo
|-damage|p1a: Ogerpon|84/100|[from] item: Rocky Helmet|[of] p2a: Gayllermo
|faint|p2a: Gayllermo
|
|upkeep
|-message|Chechoide forfeited.
|
|win|firered27
|raw|firered27's rating: 1281 &rarr; <strong>1307</strong><br />(+26 for winning)
|raw|Chechoide's rating: 1291 &rarr; <strong>1265</strong><br />(-26 for losing)
|l|☆Chechoide
|player|p2|
