|j|☆Tamihig
|j|☆sanguchitoo
|t:|1779877375
|gametype|singles
|player|p1|Tamihig|265|1004
|player|p2|sanguchitoo|hilbert-wonderlauncher|1049
|gen|9
|tier|[Gen 9] OU
|rated|
|rule|HP Percentage Mod: HP is shown in percentages
|rule|Endless Battle Clause: Forcing endless battles is banned
|rule|Species Clause: Limit one of each Pokémon
|rule|OHKO Clause: OHKO moves are banned
|rule|Evasion Items Clause: Evasion items are banned
|rule|Evasion Moves Clause: Evasion moves are banned
|rule|Evasion Abilities Clause: Evasion abilities are banned
|rule|Sleep Moves Clause: Sleep-inducing moves are banned
|clearpoke
|poke|p1|Iron Moth|
|poke|p1|Gliscor, M|
|poke|p1|Hatterene, F|
|poke|p1|Ogerpon-Wellspring, F|
|poke|p1|Raging Bolt|
|poke|p1|Zamazenta-*|
|poke|p2|Minior-Orange|
|poke|p2|Araquanid, M|
|poke|p2|Revavroom, F|
|poke|p2|Exeggutor, M|
|poke|p2|Klefki, M|
|poke|p2|Oricorio-Pom-Pom, F|
|teampreview
|inactive|Battle timer is ON: inactive players will automatically lose when time's up. (requested by Tamihig)
|
|t:|1779877383
|teamsize|p1|6
|teamsize|p2|6
|start
|switch|p1a: Gliscor|Gliscor, M|100/100
|switch|p2a: Araquanid|Araquanid, M|100/100
|turn|1
|
|t:|1779877386
|move|p1a: Gliscor|Agility|p1a: Gliscor
|-boost|p1a: Gliscor|spe|2
|move|p2a: Araquanid|Liquidation|p1a: Gliscor
|-supereffective|p1a: Gliscor
|-damage|p1a: Gliscor|0 fnt
|faint|p1a: Gliscor
|
|upkeep
|
|t:|1779877387
|switch|p1a: Hatterene|Hatterene, F|100/100
|turn|2
|
|t:|1779877393
|move|p2a: Araquanid|Poison Jab|p1a: Hatterene
|-supereffective|p1a: Hatterene
|-damage|p1a: Hatterene|66/100
|move|p1a: Hatterene|Stored Power|p2a: Araquanid
|-damage|p2a: Araquanid|94/100
|
|-heal|p2a: Araquanid|99/100|[from] item: Leftovers
|-heal|p1a: Hatterene|72/100|[from] item: Leftovers
|upkeep
|turn|3
|
|t:|1779877396
|move|p2a: Araquanid|Poison Jab|p1a: Hatterene
|-supereffective|p1a: Hatterene
|-damage|p1a: Hatterene|40/100
|move|p1a: Hatterene|Draining Kiss|p2a: Araquanid
|-damage|p2a: Araquanid|83/100
|-heal|p1a: Hatterene|53/100|[from] drain|[of] p2a: Araquanid
|
|-heal|p2a: Araquanid|89/100|[from] item: Leftovers
|-heal|p1a: Hatterene|59/100|[from] item: Leftovers
|upkeep
|turn|4
|
|t:|1779877401
|switch|p1a: Ogerpon|Ogerpon-Wellspring, F|100/100
|move|p2a: Araquanid|Poison Jab|p1a: Ogerpon
|-supereffective|p1a: Ogerpon
|-damage|p1a: Ogerpon|48/100
|-status|p1a: Ogerpon|psn
|
|-heal|p2a: Araquanid|95/100|[from] item: Leftovers
|-damage|p1a: Ogerpon|36/100 psn|[from] psn
|upkeep
|turn|5
|
|t:|1779877408
|switch|p1a: Hatterene|Hatterene, F|59/100
|move|p2a: Araquanid|Leech Life|p1a: Hatterene
|-damage|p1a: Hatterene|37/100
|-heal|p2a: Araquanid|100/100|[from] drain|[of] p1a: Hatterene
|
|-heal|p1a: Hatterene|43/100|[from] item: Leftovers
|upkeep
|turn|6
|
|t:|1779877413
|move|p2a: Araquanid|Poison Jab|p1a: Hatterene
|-supereffective|p1a: Hatterene
|-damage|p1a: Hatterene|13/100
|-status|p1a: Hatterene|psn
|move|p1a: Hatterene|Stored Power|p2a: Araquanid
|-damage|p2a: Araquanid|93/100
|
|-heal|p2a: Araquanid|99/100|[from] item: Leftovers
|-heal|p1a: Hatterene|19/100 psn|[from] item: Leftovers
|-damage|p1a: Hatterene|7/100 psn|[from] psn
|upkeep
|turn|7
|
|t:|1779877418
|move|p2a: Araquanid|Leech Life|p1a: Hatterene
|-damage|p1a: Hatterene|0 fnt
|-heal|p2a: Araquanid|100/100|[from] drain|[of] p1a: Hatterene
|faint|p1a: Hatterene
|
|upkeep
|
|t:|1779877418
|switch|p1a: Iron Moth|Iron Moth|100/100
|-enditem|p1a: Iron Moth|Booster Energy
|-activate|p1a: Iron Moth|ability: Quark Drive|[fromitem]
|-start|p1a: Iron Moth|quarkdrivespe
|turn|8
|
|t:|1779877423
|-end|p1a: Iron Moth|Quark Drive|[silent]
|switch|p1a: Zamazenta|Zamazenta|100/100
|-ability|p1a: Zamazenta|Dauntless Shield|boost
|-boost|p1a: Zamazenta|def|1
|move|p2a: Araquanid|Liquidation|p1a: Zamazenta
|-damage|p1a: Zamazenta|68/100
|
|upkeep
|turn|9
|
|t:|1779877430
|move|p1a: Zamazenta|Light Screen|p1a: Zamazenta
|-sidestart|p1: Tamihig|move: Light Screen
|move|p2a: Araquanid|Poison Jab|p1a: Zamazenta
|-damage|p1a: Zamazenta|58/100
|
|upkeep
|turn|10
|
|t:|1779877434
|move|p1a: Zamazenta|Reflect|p1a: Zamazenta
|-sidestart|p1: Tamihig|Reflect
|move|p2a: Araquanid|Poison Jab|p1a: Zamazenta
|-damage|p1a: Zamazenta|53/100
|
|upkeep
|turn|11
|
|t:|1779877438
|move|p1a: Zamazenta|Close Combat|p2a: Araquanid
|-resisted|p2a: Araquanid
|-damage|p2a: Araquanid|75/100
|-unboost|p1a: Zamazenta|def|1
|-unboost|p1a: Zamazenta|spd|1
|move|p2a: Araquanid|Poison Jab|p1a: Zamazenta
|-damage|p1a: Zamazenta|45/100
|
|-heal|p2a: Araquanid|81/100|[from] item: Leftovers
|upkeep
|turn|12
|
|t:|1779877445
|move|p1a: Zamazenta|Light Screen||[still]
|-fail|p1a: Zamazenta
|move|p2a: Araquanid|Poison Jab|p1a: Zamazenta
|-damage|p1a: Zamazenta|38/100
|-status|p1a: Zamazenta|psn
|
|-heal|p2a: Araquanid|87/100|[from] item: Leftovers
|-damage|p1a: Zamazenta|25/100 psn|[from] psn
|upkeep
|turn|13
|
|t:|1779877450
|move|p1a: Zamazenta|Light Screen||[still]
|-fail|p1a: Zamazenta
|move|p2a: Araquanid|Poison Jab|p1a: Zamazenta
|-damage|p1a: Zamazenta|17/100 psn
|
|-heal|p2a: Araquanid|93/100|[from] item: Leftovers
|-damage|p1a: Zamazenta|5/100 psn|[from] psn
|upkeep
|turn|14
|
|t:|1779877456
|switch|p1a: Iron Moth|Iron Moth|100/100
|move|p2a: Araquanid|Leech Life|p1a: Iron Moth
|-resisted|p1a: Iron Moth
|-damage|p1a: Iron Moth|95/100
|-heal|p2a: Araquanid|96/100|[from] drain|[of] p1a: Iron Moth
|
|-heal|p2a: Araquanid|100/100|[from] item: Leftovers
|upkeep
|turn|15
|
|t:|1779877462
|move|p2a: Araquanid|Liquidation|p1a: Iron Moth
|-supereffective|p1a: Iron Moth
|-damage|p1a: Iron Moth|2/100
|move|p1a: Iron Moth|Whirlwind|p2a: Araquanid
|drag|p2a: Revavroom|Revavroom, F|100/100
|
|upkeep
|turn|16
|
|t:|1779877471
|move|p1a: Iron Moth|Toxic Spikes|p2a: Revavroom
|-sidestart|p2: sanguchitoo|move: Toxic Spikes
|move|p2a: Revavroom|Iron Head|p1a: Iron Moth
|-resisted|p1a: Iron Moth
|-crit|p1a: Iron Moth
|-damage|p1a: Iron Moth|0 fnt
|faint|p1a: Iron Moth
|-end|p1a: Iron Moth|Quark Drive|[silent]
|
|-sideend|p1: Tamihig|move: Light Screen
|upkeep
|
|t:|1779877471
|switch|p1a: Zamazenta|Zamazenta|5/100 psn
|turn|17
|
|t:|1779877477
|move|p1a: Zamazenta|Light Screen|p1a: Zamazenta
|-sidestart|p1: Tamihig|move: Light Screen
|move|p2a: Revavroom|Shift Gear|p2a: Revavroom
|-boost|p2a: Revavroom|spe|2
|-boost|p2a: Revavroom|atk|1
|
|-damage|p1a: Zamazenta|0 fnt|[from] psn
|faint|p1a: Zamazenta
|-sideend|p1: Tamihig|Reflect
|upkeep
|
|t:|1779877478
|switch|p1a: Ogerpon|Ogerpon-Wellspring, F|36/100 psn
|turn|18
|
|t:|1779877482
|move|p2a: Revavroom|Poison Jab|p1a: Ogerpon
|-supereffective|p1a: Ogerpon
|-damage|p1a: Ogerpon|0 fnt
|faint|p1a: Ogerpon
|
|upkeep
|
|t:|1779877482
|switch|p1a: Raging Bolt|Raging Bolt|100/100
|-enditem|p1a: Raging Bolt|Booster Energy
|-activate|p1a: Raging Bolt|ability: Protosynthesis|[fromitem]
|-start|p1a: Raging Bolt|protosynthesisspa
|turn|19
|
|t:|1779877488
|-terastallize|p2a: Revavroom|Ground
|move|p1a: Raging Bolt|Thunderclap|p2a: Revavroom
|-immune|p2a: Revavroom
|move|p2a: Revavroom|High Horsepower|p1a: Raging Bolt|[miss]
|-miss|p2a: Revavroom|p1a: Raging Bolt
|
|upkeep
|turn|20
|
|t:|1779877494
|move|p1a: Raging Bolt|Thunderclap|p2a: Revavroom
|-immune|p2a: Revavroom
|move|p2a: Revavroom|High Horsepower|p1a: Raging Bolt
|-supereffective|p1a: Raging Bolt
|-damage|p1a: Raging Bolt|0 fnt
|faint|p1a: Raging Bolt
|-end|p1a: Raging Bolt|Protosynthesis|[silent]
|
|win|sanguchitoo
|raw|Tamihig's rating: 1004 &rarr; <strong>1000</strong><br />(-4 for losing)
|raw|sanguchitoo's rating: 1049 &rarr; <strong>1077</strong><br />(+28 for winning)
|l|☆Tamihig
|player|p1|
