|j|☆claudechamp
|j|☆012587430a
|t:|1779804868
|gametype|singles
|player|p1|claudechamp|265|1342
|player|p2|012587430a|clown|1378
|gen|9
|tier|[Gen 9] OU
|rated|
|rule|HP Percentage Mod: HP is shown in percentages
|rule|Endless Battle Clause: Forcing endless battles is banned
|rule|Species Clause: Limit one of each Pokémon
|rule|OHKO Clause: OHKO moves are banned
|rule|Evasion Items Clause: Evasion items are banned
|rule|Evasion Moves Clause: Evasion moves are banned
|rule|Evasion Abilities Clause: Evasion abilities are banned
|rule|Sleep Moves Clause: Sleep-inducing moves are banned
|clearpoke
|poke|p1|Gliscor, M|
|poke|p1|Gholdengo|
|poke|p1|Zamazenta-*|
|poke|p1|Blissey, F|
|poke|p1|Skarmory, F|
|poke|p1|Pecharunt|
|poke|p2|Dragapult, F|
|poke|p2|Klefki, M|
|poke|p2|Ogerpon-Wellspring, F|
|poke|p2|Cinderace, F|
|poke|p2|Iron Valiant|
|poke|p2|Landorus-Therian, M|
|teampreview
|inactive|Battle timer is ON: inactive players will automatically lose when time's up. (requested by 012587430a)
|c|☆claudechamp|hf
|inactive|claudechamp also wants the timer to be on.
|
|t:|1779804887
|teamsize|p1|6
|teamsize|p2|6
|start
|switch|p1a: Skarmory|Skarmory, F|100/100
|switch|p2a: Cinderace|Cinderace, F|100/100
|turn|1
|
|t:|1779804902
|move|p2a: Cinderace|Will-O-Wisp|p1a: Skarmory
|-status|p1a: Skarmory|brn
|move|p1a: Skarmory|Spikes|p2a: Cinderace
|-sidestart|p2: 012587430a|Spikes
|
|-damage|p1a: Skarmory|95/100 brn|[from] brn
|upkeep
|turn|2
|
|t:|1779804909
|move|p2a: Cinderace|Pyro Ball|p1a: Skarmory
|-supereffective|p1a: Skarmory
|-damage|p1a: Skarmory|35/100 brn
|move|p1a: Skarmory|Spikes|p2a: Cinderace
|-sidestart|p2: 012587430a|Spikes
|
|-damage|p1a: Skarmory|29/100 brn|[from] brn
|upkeep
|turn|3
|
|t:|1779804919
|switch|p1a: Pecharunt|Pecharunt|100/100
|move|p2a: Cinderace|Will-O-Wisp|p1a: Pecharunt|[miss]
|-miss|p2a: Cinderace|p1a: Pecharunt
|
|upkeep
|turn|4
|
|t:|1779804927
|move|p2a: Cinderace|Court Change|p2a: Cinderace
|-swapsideconditions
|-activate|p2a: Cinderace|move: Court Change
|move|p1a: Pecharunt|Toxic|p2a: Cinderace
|-status|p2a: Cinderace|tox
|-start|p2a: Cinderace|confusion|[from] ability: Poison Puppeteer|[of] p1a: Pecharunt
|
|-damage|p2a: Cinderace|94/100 tox|[from] psn
|upkeep
|turn|5
|
|t:|1779804938
|switch|p2a: Mad Max|Klefki, M|100/100
|move|p1a: Pecharunt|Shadow Ball|p2a: Mad Max
|-damage|p2a: Mad Max|75/100
|
|upkeep
|turn|6
|
|t:|1779804943
|move|p2a: Mad Max|Thunder Wave|p1a: Pecharunt
|-status|p1a: Pecharunt|par
|move|p1a: Pecharunt|Shadow Ball|p2a: Mad Max
|-damage|p2a: Mad Max|50/100
|
|upkeep
|turn|7
|
|t:|1779804955
|move|p2a: Mad Max|Light Screen|p2a: Mad Max
|-sidestart|p2: 012587430a|move: Light Screen
|move|p1a: Pecharunt|Shadow Ball|p2a: Mad Max
|-damage|p2a: Mad Max|38/100
|
|upkeep
|turn|8
|
|t:|1779804959
|switch|p2a: Landorus|Landorus-Therian, M|100/100
|-ability|p2a: Landorus|Intimidate|boost
|-unboost|p1a: Pecharunt|atk|1
|switch|p1a: Gliscor|Gliscor, M|100/100
|
|-status|p1a: Gliscor|tox|[from] item: Toxic Orb
|upkeep
|turn|9
|
|t:|1779804970
|move|p2a: Landorus|U-turn|p1a: Gliscor
|-resisted|p1a: Gliscor
|-damage|p1a: Gliscor|91/100 tox
|
|t:|1779804973
|switch|p2a: Ogerpon|Ogerpon-Wellspring, F|100/100|[from] U-turn
|move|p1a: Gliscor|Swords Dance|p1a: Gliscor
|-boost|p1a: Gliscor|atk|2
|
|-heal|p1a: Gliscor|100/100 tox|[from] ability: Poison Heal
|upkeep
|turn|10
|
|t:|1779804979
|move|p2a: Ogerpon|Ivy Cudgel|p1a: Gliscor|[anim] Ivy Cudgel Water
|-supereffective|p1a: Gliscor
|-damage|p1a: Gliscor|3/100 tox
|move|p1a: Gliscor|Earthquake|p2a: Ogerpon
|-resisted|p2a: Ogerpon
|-damage|p2a: Ogerpon|57/100
|
|-heal|p1a: Gliscor|16/100 tox|[from] ability: Poison Heal
|upkeep
|turn|11
|
|t:|1779804984
|switch|p1a: Zamazenta|Zamazenta|100/100
|-ability|p1a: Zamazenta|Dauntless Shield|boost
|-boost|p1a: Zamazenta|def|1
|move|p2a: Ogerpon|Ivy Cudgel|p1a: Zamazenta|[anim] Ivy Cudgel Water
|-damage|p1a: Zamazenta|64/100
|
|upkeep
|turn|12
|
|t:|1779804999
|switch|p2a: Landorus|Landorus-Therian, M|100/100
|-ability|p2a: Landorus|Intimidate|boost
|-unboost|p1a: Zamazenta|atk|1
|move|p1a: Zamazenta|Ice Fang|p2a: Landorus
|-supereffective|p2a: Landorus
|-damage|p2a: Landorus|28/100
|-status|p2a: Landorus|frz
|-damage|p1a: Zamazenta|47/100|[from] item: Rocky Helmet|[of] p2a: Landorus
|
|upkeep
|turn|13
|
|t:|1779805008
|switch|p2a: Mad Max|Klefki, M|38/100
|move|p1a: Zamazenta|Ice Fang|p2a: Mad Max
|-resisted|p2a: Mad Max
|-damage|p2a: Mad Max|30/100
|
|upkeep
|turn|14
|
|t:|1779805013
|move|p2a: Mad Max|Thunder Wave|p1a: Zamazenta
|-status|p1a: Zamazenta|par
|move|p1a: Zamazenta|Close Combat|p2a: Mad Max
|-damage|p2a: Mad Max|0 fnt
|-unboost|p1a: Zamazenta|def|1
|-unboost|p1a: Zamazenta|spd|1
|faint|p2a: Mad Max
|
|-sideend|p2: 012587430a|move: Light Screen
|upkeep
|
|t:|1779805032
|switch|p2a: Ogerpon|Ogerpon-Wellspring, F|57/100
|turn|15
|
|t:|1779805041
|switch|p1a: Pecharunt|Pecharunt|100/100 par
|move|p2a: Ogerpon|Play Rough|p1a: Pecharunt
|-resisted|p1a: Pecharunt
|-damage|p1a: Pecharunt|92/100 par
|
|upkeep
|turn|16
|
|t:|1779805051
|switch|p2a: Landorus|Landorus-Therian, M|28/100 frz
|-ability|p2a: Landorus|Intimidate|boost
|-unboost|p1a: Pecharunt|atk|1
|move|p1a: Pecharunt|Toxic||[still]
|-fail|p1a: Pecharunt
|
|upkeep
|turn|17
|
|t:|1779805074
|switch|p2a: Cinderace|Cinderace, F|94/100 tox
|move|p1a: Pecharunt|Shadow Ball|p2a: Cinderace
|-damage|p2a: Cinderace|66/100 tox
|-unboost|p2a: Cinderace|spd|1
|
|-damage|p2a: Cinderace|60/100 tox|[from] psn
|upkeep
|turn|18
|
|t:|1779805083
|move|p2a: Cinderace|Sucker Punch|p1a: Pecharunt
|-supereffective|p1a: Pecharunt
|-damage|p1a: Pecharunt|74/100 par
|cant|p1a: Pecharunt|par
|
|-damage|p2a: Cinderace|47/100 tox|[from] psn
|upkeep
|turn|19
|
|t:|1779805086
|move|p2a: Cinderace|Pyro Ball|p1a: Pecharunt
|-damage|p1a: Pecharunt|52/100 par
|move|p1a: Pecharunt|Recover|p1a: Pecharunt
|-heal|p1a: Pecharunt|100/100 par
|
|-damage|p2a: Cinderace|29/100 tox|[from] psn
|upkeep
|turn|20
|
|t:|1779805091
|move|p2a: Cinderace|Pyro Ball|p1a: Pecharunt
|-damage|p1a: Pecharunt|67/100 par
|cant|p1a: Pecharunt|par
|
|-damage|p2a: Cinderace|4/100 tox|[from] psn
|upkeep
|turn|21
|
|t:|1779805096
|move|p2a: Cinderace|Sucker Punch||[still]
|-fail|p2a: Cinderace
|move|p1a: Pecharunt|Recover|p1a: Pecharunt
|-heal|p1a: Pecharunt|100/100 par
|
|-damage|p2a: Cinderace|0 fnt|[from] psn
|faint|p2a: Cinderace
|upkeep
|
|t:|1779805100
|switch|p2a: Dragapult|Dragapult, F|100/100
|turn|22
|
|t:|1779805106
|move|p2a: Dragapult|Hex|p1a: Pecharunt
|-supereffective|p1a: Pecharunt
|-crit|p1a: Pecharunt
|-damage|p1a: Pecharunt|0 fnt
|faint|p1a: Pecharunt
|
|upkeep
|
|t:|1779805111
|switch|p1a: Gholdengo|Gholdengo|100/100
|-damage|p1a: Gholdengo|84/100|[from] Spikes
|turn|23
|
|t:|1779805134
|switch|p2a: Iron Valiant|Iron Valiant|100/100
|-enditem|p2a: Iron Valiant|Booster Energy
|-activate|p2a: Iron Valiant|ability: Quark Drive|[fromitem]
|-start|p2a: Iron Valiant|quarkdrivespe
|move|p1a: Gholdengo|Hex|p2a: Iron Valiant
|-damage|p2a: Iron Valiant|48/100
|
|upkeep
|turn|24
|
|t:|1779805148
|move|p2a: Iron Valiant|Destiny Bond|p2a: Iron Valiant
|-singlemove|p2a: Iron Valiant|Destiny Bond
|move|p1a: Gholdengo|Hex|p2a: Iron Valiant
|-damage|p2a: Iron Valiant|1/100
|
|upkeep
|turn|25
|
|t:|1779805166
|move|p2a: Iron Valiant|Spirit Break|p1a: Gholdengo
|-resisted|p1a: Gholdengo
|-damage|p1a: Gholdengo|70/100
|-unboost|p1a: Gholdengo|spa|1
|move|p1a: Gholdengo|Nasty Plot|p1a: Gholdengo
|-boost|p1a: Gholdengo|spa|2
|
|upkeep
|turn|26
|
|t:|1779805172
|move|p2a: Iron Valiant|Spirit Break|p1a: Gholdengo
|-resisted|p1a: Gholdengo
|-damage|p1a: Gholdengo|57/100
|-unboost|p1a: Gholdengo|spa|1
|move|p1a: Gholdengo|Recover|p1a: Gholdengo
|-heal|p1a: Gholdengo|100/100
|
|upkeep
|turn|27
|
|t:|1779805181
|move|p2a: Iron Valiant|Encore|p1a: Gholdengo
|-immune|p1a: Gholdengo|[from] ability: Good as Gold
|move|p1a: Gholdengo|Nasty Plot|p1a: Gholdengo
|-boost|p1a: Gholdengo|spa|2
|
|upkeep
|turn|28
|
|t:|1779805189
|move|p2a: Iron Valiant|Spirit Break|p1a: Gholdengo
|-resisted|p1a: Gholdengo
|-damage|p1a: Gholdengo|87/100
|-unboost|p1a: Gholdengo|spa|1
|move|p1a: Gholdengo|Nasty Plot|p1a: Gholdengo
|-boost|p1a: Gholdengo|spa|2
|
|upkeep
|turn|29
|
|t:|1779805204
|move|p2a: Iron Valiant|Destiny Bond|p2a: Iron Valiant
|-singlemove|p2a: Iron Valiant|Destiny Bond
|move|p1a: Gholdengo|Recover|p1a: Gholdengo
|-heal|p1a: Gholdengo|100/100
|
|upkeep
|turn|30
|
|t:|1779805212
|move|p2a: Iron Valiant|Spirit Break|p1a: Gholdengo
|-resisted|p1a: Gholdengo
|-damage|p1a: Gholdengo|86/100
|-unboost|p1a: Gholdengo|spa|1
|move|p1a: Gholdengo|Nasty Plot|p1a: Gholdengo
|-boost|p1a: Gholdengo|spa|2
|
|upkeep
|turn|31
|
|t:|1779805223
|move|p2a: Iron Valiant|Encore|p1a: Gholdengo
|-immune|p1a: Gholdengo|[from] ability: Good as Gold
|move|p1a: Gholdengo|Recover|p1a: Gholdengo
|-heal|p1a: Gholdengo|100/100
|
|upkeep
|turn|32
|
|t:|1779805232
|move|p2a: Iron Valiant|Destiny Bond|p2a: Iron Valiant
|-singlemove|p2a: Iron Valiant|Destiny Bond
|move|p1a: Gholdengo|Thunder Wave|p2a: Iron Valiant
|-status|p2a: Iron Valiant|par
|
|upkeep
|turn|33
|
|t:|1779805241
|move|p2a: Iron Valiant|Spirit Break|p1a: Gholdengo
|-resisted|p1a: Gholdengo
|-damage|p1a: Gholdengo|87/100
|-unboost|p1a: Gholdengo|spa|1
|move|p1a: Gholdengo|Hex|p2a: Iron Valiant
|-damage|p2a: Iron Valiant|0 fnt
|faint|p2a: Iron Valiant
|-end|p2a: Iron Valiant|Quark Drive|[silent]
|
|upkeep
|
|t:|1779805251
|switch|p2a: Ogerpon|Ogerpon-Wellspring, F|57/100
|turn|34
|
|t:|1779805257
|move|p2a: Ogerpon|Knock Off|p1a: Gholdengo
|-supereffective|p1a: Gholdengo
|-damage|p1a: Gholdengo|26/100
|-enditem|p1a: Gholdengo|Ability Shield|[from] move: Knock Off|[of] p2a: Ogerpon
|move|p1a: Gholdengo|Hex|p2a: Ogerpon
|-damage|p2a: Ogerpon|0 fnt
|faint|p2a: Ogerpon
|
|upkeep
|
|t:|1779805263
|switch|p2a: Dragapult|Dragapult, F|100/100
|turn|35
|
|t:|1779805268
|-terastallize|p1a: Gholdengo|Fairy
|move|p2a: Dragapult|Hex|p1a: Gholdengo
|-damage|p1a: Gholdengo|0 fnt
|faint|p1a: Gholdengo
|
|upkeep
|
|t:|1779805274
|switch|p1a: Blissey|Blissey, F|100/100
|turn|36
|
|t:|1779805279
|switch|p2a: Landorus|Landorus-Therian, M|28/100 frz
|-ability|p2a: Landorus|Intimidate|boost
|-unboost|p1a: Blissey|atk|1
|move|p1a: Blissey|Calm Mind|p1a: Blissey
|-boost|p1a: Blissey|spa|1
|-boost|p1a: Blissey|spd|1
|
|upkeep
|turn|37
|
|t:|1779805285
|cant|p2a: Landorus|frz
|move|p1a: Blissey|Shadow Ball|p2a: Landorus
|-damage|p2a: Landorus|1/100 frz
|-unboost|p2a: Landorus|spd|1
|
|upkeep
|turn|38
|
|t:|1779805295
|cant|p2a: Landorus|frz
|move|p1a: Blissey|Shadow Ball|p2a: Landorus
|-damage|p2a: Landorus|0 fnt
|faint|p2a: Landorus
|
|upkeep
|-message|012587430a forfeited.
|
|win|claudechamp
|raw|claudechamp's rating: 1343 &rarr; <strong>1365</strong><br />(+22 for winning)
|raw|012587430a's rating: 1378 &rarr; <strong>1356</strong><br />(-22 for losing)
|c|☆claudechamp|gg
|l|☆012587430a
|player|p2|
