|badge|p1|silver|gen9ou|30-9
|uhtml|medal-msg|<div class="broadcast-blue">Curious what those medals under the avatar are? PS now has Ladder Seasons! For more information, check out the <a href="https://www.smogon.com/forums/threads/3740067/">thread on Smogon.</a></div>
|badge|p2|bronze|gen9ou|100-9
|uhtml|medal-msg|<div class="broadcast-blue">Curious what those medals under the avatar are? PS now has Ladder Seasons! For more information, check out the <a href="https://www.smogon.com/forums/threads/3740067/">thread on Smogon.</a></div>
|j|☆RedemptiveSketch
|j|☆Superhjkdetective
|t:|1779901868
|gametype|singles
|player|p1|RedemptiveSketch|boarder-gen2|1867
|player|p2|Superhjkdetective|1|1819
|gen|9
|tier|[Gen 9] OU
|rated|
|rule|HP Percentage Mod: HP is shown in percentages
|rule|Endless Battle Clause: Forcing endless battles is banned
|rule|Species Clause: Limit one of each Pokémon
|rule|OHKO Clause: OHKO moves are banned
|rule|Evasion Items Clause: Evasion items are banned
|rule|Evasion Moves Clause: Evasion moves are banned
|rule|Evasion Abilities Clause: Evasion abilities are banned
|rule|Sleep Moves Clause: Sleep-inducing moves are banned
|clearpoke
|poke|p1|Kingambit, F|
|poke|p1|Cinderace, M|
|poke|p1|Corviknight, F|
|poke|p1|Electrode-Hisui|
|poke|p1|Kyurem|
|poke|p1|Darkrai|
|poke|p2|Pecharunt|
|poke|p2|Samurott-Hisui, F|
|poke|p2|Hatterene, F|
|poke|p2|Great Tusk|
|poke|p2|Garganacl, F|
|poke|p2|Kyurem|
|teampreview
|inactive|Battle timer is ON: inactive players will automatically lose when time's up. (requested by RedemptiveSketch)
|
|t:|1779901888
|teamsize|p1|6
|teamsize|p2|6
|start
|switch|p1a: Electrode|Electrode-Hisui|100/100
|switch|p2a: Kyurem|Kyurem|100/100
|-ability|p2a: Kyurem|Pressure
|turn|1
|
|t:|1779901898
|switch|p1a: Corviknight|Corviknight, F|100/100
|-ability|p1a: Corviknight|Pressure
|move|p2a: Kyurem|Ice Beam|p1a: Corviknight
|-crit|p1a: Corviknight
|-damage|p1a: Corviknight|0 fnt
|faint|p1a: Corviknight
|
|upkeep
|
|t:|1779901910
|switch|p1a: Kyurem|Kyurem|100/100
|-ability|p1a: Kyurem|Pressure
|turn|2
|
|t:|1779901915
|switch|p2a: Garganacl|Garganacl, F|100/100
|move|p1a: Kyurem|Scale Shot|p2a: Garganacl
|-crit|p2a: Garganacl
|-damage|p2a: Garganacl|91/100
|-damage|p2a: Garganacl|84/100
|-damage|p2a: Garganacl|77/100
|-damage|p2a: Garganacl|70/100
|-crit|p2a: Garganacl
|-damage|p2a: Garganacl|60/100
|-hitcount|p2a: Garganacl|5
|-unboost|p1a: Kyurem|def|1
|-boost|p1a: Kyurem|spe|1
|
|-heal|p2a: Garganacl|67/100|[from] item: Leftovers
|upkeep
|turn|3
|j| AKGD
|
|t:|1779901923
|move|p1a: Kyurem|Earth Power|p2a: Garganacl
|-supereffective|p2a: Garganacl
|-damage|p2a: Garganacl|24/100
|move|p2a: Garganacl|Recover|p2a: Garganacl
|-heal|p2a: Garganacl|74/100
|
|-heal|p2a: Garganacl|80/100|[from] item: Leftovers
|upkeep
|turn|4
|
|t:|1779901937
|move|p1a: Kyurem|Earth Power|p2a: Garganacl
|-supereffective|p2a: Garganacl
|-damage|p2a: Garganacl|40/100
|move|p2a: Garganacl|Recover|p2a: Garganacl
|-heal|p2a: Garganacl|90/100
|
|-heal|p2a: Garganacl|96/100|[from] item: Leftovers
|upkeep
|turn|5
|
|t:|1779901945
|move|p1a: Kyurem|Earth Power|p2a: Garganacl
|-supereffective|p2a: Garganacl
|-damage|p2a: Garganacl|57/100
|move|p2a: Garganacl|Salt Cure|p1a: Kyurem
|-supereffective|p1a: Kyurem
|-damage|p1a: Kyurem|61/100
|-start|p1a: Kyurem|Salt Cure
|
|-heal|p2a: Garganacl|63/100|[from] item: Leftovers
|-damage|p1a: Kyurem|48/100|[from] Salt Cure
|upkeep
|turn|6
|
|t:|1779901950
|move|p1a: Kyurem|Earth Power|p2a: Garganacl
|-supereffective|p2a: Garganacl
|-damage|p2a: Garganacl|26/100
|move|p2a: Garganacl|Recover|p2a: Garganacl
|-heal|p2a: Garganacl|76/100
|
|-heal|p2a: Garganacl|82/100|[from] item: Leftovers
|-damage|p1a: Kyurem|36/100|[from] Salt Cure
|upkeep
|turn|7
|
|t:|1779901958
|move|p1a: Kyurem|Earth Power|p2a: Garganacl
|-supereffective|p2a: Garganacl
|-damage|p2a: Garganacl|43/100
|move|p2a: Garganacl|Salt Cure|p1a: Kyurem
|-supereffective|p1a: Kyurem
|-damage|p1a: Kyurem|0 fnt
|faint|p1a: Kyurem
|
|-heal|p2a: Garganacl|50/100|[from] item: Leftovers
|upkeep
|
|t:|1779901972
|switch|p1a: Darkrai|Darkrai, shiny|100/100
|turn|8
|
|t:|1779901982
|move|p1a: Darkrai|Focus Blast|p2a: Garganacl
|-supereffective|p2a: Garganacl
|-damage|p2a: Garganacl|0 fnt
|faint|p2a: Garganacl
|
|upkeep
|j| ido1234567890
|l| ido1234567890
|j| ido1234567890
|
|t:|1779901992
|switch|p2a: Hatterene|Hatterene, F|100/100
|turn|9
|
|t:|1779901999
|switch|p1a: Electrode|Electrode-Hisui|100/100
|move|p2a: Hatterene|Psychic Noise|p1a: Electrode
|-damage|p1a: Electrode|44/100
|-start|p1a: Electrode|move: Heal Block
|
|upkeep
|turn|10
|
|t:|1779902012
|move|p1a: Electrode|Energy Ball|p2a: Hatterene
|-damage|p2a: Hatterene|67/100
|move|p2a: Hatterene|Draining Kiss|p1a: Electrode
|-damage|p1a: Electrode|10/100
|-heal|p2a: Hatterene|87/100|[from] drain|[of] p1a: Electrode
|-status|p2a: Hatterene|par|[from] ability: Static|[of] p1a: Electrode
|
|-end|p1a: Electrode|move: Heal Block
|upkeep
|turn|11
|
|t:|1779902019
|move|p1a: Electrode|Volt Switch|p2a: Hatterene
|-crit|p2a: Hatterene
|-damage|p2a: Hatterene|50/100 par
|
|t:|1779902030
|switch|p1a: Cinderace|Cinderace, M|100/100|[from] Volt Switch
|move|p2a: Hatterene|Draining Kiss|p1a: Cinderace
|-resisted|p1a: Cinderace
|-damage|p1a: Cinderace|83/100
|-heal|p2a: Hatterene|62/100 par|[from] drain|[of] p1a: Cinderace
|
|upkeep
|turn|12
|
|t:|1779902040
|move|p1a: Cinderace|Gunk Shot|p2a: Hatterene
|-start|p1a: Cinderace|typechange|Poison|[from] ability: Libero
|-supereffective|p2a: Hatterene
|-damage|p2a: Hatterene|0 fnt
|faint|p2a: Hatterene
|
|upkeep
|j| Almirante Matthew
|
|t:|1779902057
|switch|p2a: Great Tusk|Great Tusk|100/100
|turn|13
|
|t:|1779902061
|switch|p1a: Electrode|Electrode-Hisui|10/100
|move|p2a: Great Tusk|Headlong Rush|p1a: Electrode
|-damage|p1a: Electrode|0 fnt
|-unboost|p2a: Great Tusk|def|1
|-unboost|p2a: Great Tusk|spd|1
|faint|p1a: Electrode
|
|upkeep
|
|t:|1779902065
|switch|p1a: Darkrai|Darkrai, shiny|100/100
|turn|14
|
|t:|1779902070
|-end|p2a: Great Tusk|Protosynthesis|[silent]
|switch|p2a: Pecharunt|Pecharunt|100/100
|move|p1a: Darkrai|Psychic|p2a: Pecharunt
|-supereffective|p2a: Pecharunt
|-damage|p2a: Pecharunt|32/100
|
|-heal|p2a: Pecharunt|38/100|[from] item: Leftovers
|upkeep
|turn|15
|l| ido1234567890
|
|t:|1779902074
|switch|p2a: Samurott|Samurott-Hisui, F|100/100
|move|p1a: Darkrai|Dark Pulse|p2a: Samurott
|-resisted|p2a: Samurott
|-damage|p2a: Samurott|67/100
|
|upkeep
|turn|16
|
|t:|1779902087
|switch|p2a: Great Tusk|Great Tusk|100/100
|move|p1a: Darkrai|Focus Blast|p2a: Great Tusk|[miss]
|-miss|p1a: Darkrai|p2a: Great Tusk
|
|upkeep
|turn|17
|
|t:|1779902110
|move|p2a: Great Tusk|Close Combat|p1a: Darkrai
|-supereffective|p1a: Darkrai
|-enditem|p1a: Darkrai|Focus Sash
|-damage|p1a: Darkrai|1/100
|-unboost|p2a: Great Tusk|def|1
|-unboost|p2a: Great Tusk|spd|1
|move|p1a: Darkrai|Psychic|p2a: Great Tusk
|-supereffective|p2a: Great Tusk
|-damage|p2a: Great Tusk|0 fnt
|faint|p2a: Great Tusk
|-end|p2a: Great Tusk|Protosynthesis|[silent]
|
|upkeep
|
|t:|1779902120
|switch|p2a: Samurott|Samurott-Hisui, F|67/100
|turn|18
|
|t:|1779902125
|switch|p1a: Kingambit|Kingambit, F|100/100
|-activate|p1a: Kingambit|ability: Supreme Overlord
|-start|p1a: Kingambit|fallen3|[silent]
|move|p2a: Samurott|Sucker Punch||[still]
|-fail|p2a: Samurott
|
|upkeep
|turn|19
|
|t:|1779902140
|move|p2a: Samurott|Razor Shell|p1a: Kingambit
|-damage|p1a: Kingambit|61/100
|-unboost|p1a: Kingambit|def|1
|move|p1a: Kingambit|Kowtow Cleave|p2a: Samurott
|-resisted|p2a: Samurott
|-damage|p2a: Samurott|29/100
|
|-heal|p1a: Kingambit|68/100|[from] item: Leftovers
|upkeep
|turn|20
|inactive|Superhjkdetective has 120 seconds left.
|
|t:|1779902186
|switch|p2a: Pecharunt|Pecharunt|38/100
|move|p1a: Kingambit|Kowtow Cleave|p2a: Pecharunt
|-supereffective|p2a: Pecharunt
|-damage|p2a: Pecharunt|0 fnt
|faint|p2a: Pecharunt
|
|-heal|p1a: Kingambit|74/100|[from] item: Leftovers
|upkeep
|
|t:|1779902189
|switch|p2a: Kyurem|Kyurem|100/100
|-ability|p2a: Kyurem|Pressure
|turn|21
|
|t:|1779902200
|-end|p1a: Kingambit|fallen3|[silent]
|switch|p1a: Darkrai|Darkrai, shiny|1/100
|move|p2a: Kyurem|Earth Power|p1a: Darkrai
|-damage|p1a: Darkrai|0 fnt
|faint|p1a: Darkrai
|
|upkeep
|
|t:|1779902204
|switch|p1a: Cinderace|Cinderace, M|83/100
|turn|22
|inactive|Superhjkdetective has 120 seconds left.
|
|t:|1779902234
|move|p1a: Cinderace|High Jump Kick|p2a: Kyurem
|-start|p1a: Cinderace|typechange|Fighting|[from] ability: Libero
|-supereffective|p2a: Kyurem
|-damage|p2a: Kyurem|0 fnt
|faint|p2a: Kyurem
|
|upkeep
|
|t:|1779902236
|switch|p2a: Samurott|Samurott-Hisui, F|29/100
|turn|23
|
|t:|1779902244
|move|p1a: Cinderace|High Jump Kick|p2a: Samurott|[miss]
|-miss|p1a: Cinderace|p2a: Samurott
|-damage|p1a: Cinderace|33/100|[from] highjumpkick
|move|p2a: Samurott|Swords Dance|p2a: Samurott
|-boost|p2a: Samurott|atk|2
|
|upkeep
|turn|24
|inactive|Superhjkdetective has 120 seconds left.
|
|t:|1779902254
|move|p2a: Samurott|Sucker Punch|p1a: Cinderace
|-resisted|p1a: Cinderace
|-damage|p1a: Cinderace|0 fnt
|faint|p1a: Cinderace
|
|upkeep
|
|t:|1779902256
|switch|p1a: Kingambit|Kingambit, F|74/100
|-activate|p1a: Kingambit|ability: Supreme Overlord
|-start|p1a: Kingambit|fallen5|[silent]
|turn|25
|
|t:|1779902262
|move|p1a: Kingambit|Sucker Punch||[still]
|-fail|p1a: Kingambit
|move|p2a: Samurott|Swords Dance|p2a: Samurott
|-boost|p2a: Samurott|atk|2
|
|-heal|p1a: Kingambit|80/100|[from] item: Leftovers
|upkeep
|turn|26
|
|t:|1779902269
|-terastallize|p2a: Samurott|Dark
|move|p2a: Samurott|Sucker Punch|p1a: Kingambit
|-resisted|p1a: Kingambit
|-damage|p1a: Kingambit|19/100
|move|p1a: Kingambit|Kowtow Cleave|p2a: Samurott
|-resisted|p2a: Samurott
|-damage|p2a: Samurott|0 fnt
|faint|p2a: Samurott
|
|win|RedemptiveSketch
|raw|RedemptiveSketch's rating: 1867 &rarr; <strong>1884</strong><br />(+17 for winning)
|raw|Superhjkdetective's rating: 1819 &rarr; <strong>1802</strong><br />(-17 for losing)
|l|☆Superhjkdetective
|player|p2|
|c|☆RedemptiveSketch|gg
|c| AKGD|That was intense
|c|☆RedemptiveSketch|fuck this bunny bro
|l| Almirante Matthew
|c|☆RedemptiveSketch|missed hjk at the worst moment
|c| AKGD|Fr
|c|☆RedemptiveSketch|and corv asw
|c|☆RedemptiveSketch|got crit
|c| AKGD|that could’ve costed you the win
|c|☆RedemptiveSketch|yeah
|c| AKGD|I’d use iron moth, better fire type
|c|☆RedemptiveSketch|bro im using this team for the memes
|c|☆RedemptiveSketch|somehow got top 30 with it :sob:
|c| AKGD|Ohh ok
|c|☆RedemptiveSketch|u think any1 using elec-h srsly?
|c| AKGD|I’ve never seen anyone use it
|c|☆RedemptiveSketch|first time for everything
|l|☆RedemptiveSketch
|player|p1|
|l| AKGD
