|j|☆FABRUCG
|j|☆npctypebeat
|t:|1779934202
|gametype|singles
|player|p1|FABRUCG|2|1180
|player|p2|npctypebeat|102|1151
|gen|9
|tier|[Gen 9] OU
|rated|
|rule|HP Percentage Mod: HP is shown in percentages
|rule|Endless Battle Clause: Forcing endless battles is banned
|rule|Species Clause: Limit one of each Pokémon
|rule|OHKO Clause: OHKO moves are banned
|rule|Evasion Items Clause: Evasion items are banned
|rule|Evasion Moves Clause: Evasion moves are banned
|rule|Evasion Abilities Clause: Evasion abilities are banned
|rule|Sleep Moves Clause: Sleep-inducing moves are banned
|clearpoke
|poke|p1|Grimmsnarl, M|
|poke|p1|Bronzong|
|poke|p1|Gliscor, F|
|poke|p1|Infernape, F|
|poke|p1|Iron Thorns|
|poke|p1|Azumarill, F|
|poke|p2|Gliscor, M|
|poke|p2|Gholdengo|
|poke|p2|Zamazenta-*|
|poke|p2|Blissey, F|
|poke|p2|Skarmory, M|
|poke|p2|Pecharunt|
|teampreview
|c|☆npctypebeat|hf
|
|t:|1779934231
|teamsize|p1|6
|teamsize|p2|6
|start
|switch|p1a: Grimmsnarl|Grimmsnarl, M|100/100
|switch|p2a: Skarmory|Skarmory, M|100/100
|turn|1
|inactive|Battle timer is ON: inactive players will automatically lose when time's up. (requested by npctypebeat)
|inactive|npctypebeat has 120 seconds left.
|inactive|npctypebeat has 90 seconds left.
|
|t:|1779934304
|move|p1a: Grimmsnarl|Taunt|p2a: Skarmory
|-start|p2a: Skarmory|move: Taunt
|cant|p2a: Skarmory|move: Taunt|Spikes
|
|upkeep
|turn|2
|
|t:|1779934312
|switch|p2a: Gliscor|Gliscor, M|100/100
|move|p1a: Grimmsnarl|Reflect|p1a: Grimmsnarl
|-sidestart|p1: FABRUCG|Reflect
|
|-status|p2a: Gliscor|tox|[from] item: Toxic Orb
|upkeep
|turn|3
|
|t:|1779934320
|move|p1a: Grimmsnarl|Taunt|p2a: Gliscor
|-start|p2a: Gliscor|move: Taunt
|cant|p2a: Gliscor|move: Taunt|Swords Dance
|
|upkeep
|turn|4
|
|t:|1779934325
|switch|p2a: Blissey|Blissey, F|100/100
|move|p1a: Grimmsnarl|Light Screen|p1a: Grimmsnarl
|-sidestart|p1: FABRUCG|move: Light Screen
|
|upkeep
|turn|5
|
|t:|1779934333
|move|p1a: Grimmsnarl|Taunt|p2a: Blissey
|-start|p2a: Blissey|move: Taunt
|cant|p2a: Blissey|move: Taunt|Stealth Rock
|
|upkeep
|turn|6
|
|t:|1779934344
|switch|p2a: Skarmory|Skarmory, M|100/100
|move|p1a: Grimmsnarl|Parting Shot|p2a: Skarmory
|-unboost|p2a: Skarmory|atk|1
|-unboost|p2a: Skarmory|spa|1
|
|t:|1779934350
|switch|p1a: Iron Thorns|Iron Thorns|100/100|[from] Parting Shot
|-enditem|p1a: Iron Thorns|Booster Energy
|-activate|p1a: Iron Thorns|ability: Quark Drive|[fromitem]
|-start|p1a: Iron Thorns|quarkdriveatk
|
|upkeep
|turn|7
|
|t:|1779934358
|move|p1a: Iron Thorns|Dragon Dance|p1a: Iron Thorns
|-boost|p1a: Iron Thorns|atk|1
|-boost|p1a: Iron Thorns|spe|1
|move|p2a: Skarmory|Spikes|p1a: Iron Thorns
|-sidestart|p1: FABRUCG|Spikes
|
|upkeep
|turn|8
|
|t:|1779934372
|move|p1a: Iron Thorns|Thunder Punch|p2a: Skarmory
|-supereffective|p2a: Skarmory
|-ability|p2a: Skarmory|Sturdy
|-damage|p2a: Skarmory|1/100
|move|p2a: Skarmory|Whirlwind|p1a: Iron Thorns
|-end|p1a: Iron Thorns|Quark Drive|[silent]
|drag|p1a: Infernape|Infernape, F|100/100
|-damage|p1a: Infernape|88/100|[from] Spikes
|
|upkeep
|turn|9
|
|t:|1779934390
|move|p1a: Infernape|Swords Dance|p1a: Infernape
|-boost|p1a: Infernape|atk|2
|move|p2a: Skarmory|Roost|p2a: Skarmory
|-heal|p2a: Skarmory|51/100
|-singleturn|p2a: Skarmory|move: Roost
|
|-sideend|p1: FABRUCG|Reflect
|upkeep
|turn|10
|
|t:|1779934398
|move|p1a: Infernape|Fire Punch|p2a: Skarmory
|-supereffective|p2a: Skarmory
|-damage|p2a: Skarmory|0 fnt
|faint|p2a: Skarmory
|-damage|p1a: Infernape|78/100|[from] item: Life Orb
|
|upkeep
|
|t:|1779934414
|switch|p2a: Zamazenta|Zamazenta|100/100
|-ability|p2a: Zamazenta|Dauntless Shield|boost
|-boost|p2a: Zamazenta|def|1
|turn|11
|
|t:|1779934434
|move|p2a: Zamazenta|Close Combat|p1a: Infernape
|-damage|p1a: Infernape|0 fnt
|-unboost|p2a: Zamazenta|def|1
|-unboost|p2a: Zamazenta|spd|1
|faint|p1a: Infernape
|
|-sideend|p1: FABRUCG|move: Light Screen
|upkeep
|
|t:|1779934441
|switch|p1a: Azumarill|Azumarill, F|100/100
|-damage|p1a: Azumarill|88/100|[from] Spikes
|turn|12
|
|t:|1779934455
|move|p2a: Zamazenta|Close Combat|p1a: Azumarill
|-resisted|p1a: Azumarill
|-damage|p1a: Azumarill|55/100
|-unboost|p2a: Zamazenta|def|1
|-unboost|p2a: Zamazenta|spd|1
|move|p1a: Azumarill|Play Rough|p2a: Zamazenta
|-supereffective|p2a: Zamazenta
|-damage|p2a: Zamazenta|0 fnt
|faint|p2a: Zamazenta
|
|upkeep
|inactive|npctypebeat has 120 seconds left.
|
|t:|1779934481
|switch|p2a: Gliscor|Gliscor, M|100/100 tox
|turn|13
|
|t:|1779934498
|move|p2a: Gliscor|Swords Dance|p2a: Gliscor
|-boost|p2a: Gliscor|atk|2
|move|p1a: Azumarill|Ice Spinner|p2a: Gliscor
|-supereffective|p2a: Gliscor
|-damage|p2a: Gliscor|0 fnt
|faint|p2a: Gliscor
|
|upkeep
|
|t:|1779934501
|switch|p2a: Gholdengo|Gholdengo|100/100
|turn|14
|
|t:|1779934510
|move|p1a: Azumarill|Aqua Jet|p2a: Gholdengo
|-damage|p2a: Gholdengo|83/100
|move|p2a: Gholdengo|Nasty Plot|p2a: Gholdengo
|-boost|p2a: Gholdengo|spa|2
|
|upkeep
|turn|15
|
|t:|1779934516
|move|p1a: Azumarill|Aqua Jet|p2a: Gholdengo
|-damage|p2a: Gholdengo|62/100
|move|p2a: Gholdengo|Hex|p1a: Azumarill
|-damage|p1a: Azumarill|0 fnt
|faint|p1a: Azumarill
|
|upkeep
|
|t:|1779934524
|switch|p1a: Gliscor|Gliscor, F|100/100
|turn|16
|
|t:|1779934534
|-terastallize|p1a: Gliscor|Water
|move|p2a: Gholdengo|Nasty Plot|p2a: Gholdengo
|-boost|p2a: Gholdengo|spa|2
|move|p1a: Gliscor|Earthquake|p2a: Gholdengo
|-supereffective|p2a: Gholdengo
|-damage|p2a: Gholdengo|12/100
|
|-status|p1a: Gliscor|tox|[from] item: Toxic Orb
|upkeep
|turn|17
|
|t:|1779934551
|switch|p1a: Grimmsnarl|Grimmsnarl, M|100/100
|-damage|p1a: Grimmsnarl|88/100|[from] Spikes
|move|p2a: Gholdengo|Recover|p2a: Gholdengo
|-heal|p2a: Gholdengo|62/100
|
|upkeep
|turn|18
|
|t:|1779934568
|move|p1a: Grimmsnarl|Light Screen|p1a: Grimmsnarl
|-sidestart|p1: FABRUCG|move: Light Screen
|move|p2a: Gholdengo|Thunder Wave|p1a: Grimmsnarl
|-status|p1a: Grimmsnarl|par
|
|upkeep
|turn|19
|
|t:|1779934575
|move|p1a: Grimmsnarl|Taunt|p2a: Gholdengo
|-immune|p2a: Gholdengo|[from] ability: Good as Gold
|move|p2a: Gholdengo|Hex|p1a: Grimmsnarl
|-resisted|p1a: Grimmsnarl
|-damage|p1a: Grimmsnarl|48/100 par
|
|upkeep
|turn|20
|
|t:|1779934584
|move|p1a: Grimmsnarl|Parting Shot|p2a: Gholdengo
|-immune|p2a: Gholdengo|[from] ability: Good as Gold
|move|p2a: Gholdengo|Hex|p1a: Grimmsnarl
|-resisted|p1a: Grimmsnarl
|-damage|p1a: Grimmsnarl|4/100 par
|
|upkeep
|turn|21
|
|t:|1779934594
|cant|p1a: Grimmsnarl|par
|move|p2a: Gholdengo|Hex|p1a: Grimmsnarl
|-resisted|p1a: Grimmsnarl
|-damage|p1a: Grimmsnarl|0 fnt
|faint|p1a: Grimmsnarl
|
|upkeep
|
|t:|1779934602
|switch|p1a: Gliscor|Gliscor, F, tera:Water|100/100 tox
|-damage|p1a: Gliscor|88/100 tox|[from] Spikes
|turn|22
|
|t:|1779934616
|move|p1a: Gliscor|Protect|p1a: Gliscor
|-singleturn|p1a: Gliscor|Protect
|move|p2a: Gholdengo|Recover|p2a: Gholdengo
|-heal|p2a: Gholdengo|100/100
|
|-heal|p1a: Gliscor|100/100 tox|[from] ability: Poison Heal
|upkeep
|turn|23
|
|t:|1779934634
|move|p2a: Gholdengo|Hex|p1a: Gliscor
|-damage|p1a: Gliscor|21/100 tox
|move|p1a: Gliscor|Earthquake|p2a: Gholdengo
|-supereffective|p2a: Gholdengo
|-damage|p2a: Gholdengo|51/100
|
|-heal|p1a: Gliscor|33/100 tox|[from] ability: Poison Heal
|upkeep
|turn|24
|-message|FABRUCG forfeited.
|
|win|npctypebeat
|raw|FABRUCG's rating: 1180 &rarr; <strong>1149</strong><br />(-31 for losing)
|raw|npctypebeat's rating: 1093 &rarr; <strong>1125</strong><br />(+32 for winning)
|l|☆FABRUCG
|player|p1|
|c|☆npctypebeat|gg
