|j|☆uniandes5
|j|☆tuanquewang
|t:|1779962075
|gametype|singles
|player|p1|uniandes5|2|1629
|player|p2|tuanquewang|backersf|1670
|gen|9
|tier|[Gen 9] OU
|rated|
|rule|HP Percentage Mod: HP is shown in percentages
|rule|Endless Battle Clause: Forcing endless battles is banned
|rule|Species Clause: Limit one of each Pokémon
|rule|OHKO Clause: OHKO moves are banned
|rule|Evasion Items Clause: Evasion items are banned
|rule|Evasion Moves Clause: Evasion moves are banned
|rule|Evasion Abilities Clause: Evasion abilities are banned
|rule|Sleep Moves Clause: Sleep-inducing moves are banned
|clearpoke
|poke|p1|Grimmsnarl, M|
|poke|p1|Latias, F|
|poke|p1|Tinkaton, F|
|poke|p1|Volcanion|
|poke|p1|Mew|
|poke|p1|Dragapult, M|
|poke|p2|Slowking-Galar, M|
|poke|p2|Hydrapple, F|
|poke|p2|Cinderace, M|
|poke|p2|Iron Crown|
|poke|p2|Alomomola, F|
|poke|p2|Mamoswine, M|
|teampreview
|inactive|Battle timer is ON: inactive players will automatically lose when time's up. (requested by tuanquewang)
|
|t:|1779962094
|teamsize|p1|6
|teamsize|p2|6
|start
|switch|p1a: Volcanion|Volcanion|100/100
|switch|p2a: Mamoswine|Mamoswine, M|100/100
|turn|1
|
|t:|1779962101
|switch|p2a: Hydrapple|Hydrapple, F, shiny|100/100
|move|p1a: Volcanion|Steam Eruption|p2a: Hydrapple
|-resisted|p2a: Hydrapple
|-damage|p2a: Hydrapple|87/100
|-status|p2a: Hydrapple|brn
|
|-damage|p2a: Hydrapple|80/100 brn|[from] brn
|upkeep
|turn|2
|
|t:|1779962107
|switch|p1a: Grimmsnarl|Grimmsnarl, M|100/100
|move|p2a: Hydrapple|Earth Power|p1a: Grimmsnarl
|-damage|p1a: Grimmsnarl|58/100
|
|-damage|p2a: Hydrapple|74/100 brn|[from] brn
|upkeep
|turn|3
|
|t:|1779962114
|switch|p2a: Alomomola|Alomomola, F|100/100
|move|p1a: Grimmsnarl|Light Screen|p1a: Grimmsnarl
|-sidestart|p1: uniandes5|move: Light Screen
|
|upkeep
|turn|4
|
|t:|1779962123
|move|p1a: Grimmsnarl|Thunder Wave|p2a: Alomomola
|-status|p2a: Alomomola|par
|move|p2a: Alomomola|Flip Turn|p1a: Grimmsnarl
|-damage|p1a: Grimmsnarl|41/100
|
|t:|1779962141
|switch|p2a: Mamoswine|Mamoswine, M|100/100|[from] Flip Turn
|
|upkeep
|turn|5
|
|t:|1779962147
|move|p1a: Grimmsnarl|Reflect|p1a: Grimmsnarl
|-sidestart|p1: uniandes5|Reflect
|move|p2a: Mamoswine|Icicle Crash|p1a: Grimmsnarl
|-damage|p1a: Grimmsnarl|5/100
|
|upkeep
|turn|6
|
|t:|1779962153
|switch|p2a: Slowking|Slowking-Galar, M|100/100
|switch|p1a: Mew|Mew|100/100
|
|upkeep
|turn|7
|
|t:|1779962159
|move|p1a: Mew|Dragon Dance|p1a: Mew
|-boost|p1a: Mew|atk|1
|-boost|p1a: Mew|spe|1
|move|p2a: Slowking|Toxic|p1a: Mew
|-status|p1a: Mew|tox
|-activate|p1a: Mew|ability: Synchronize
|-immune|p2a: Slowking
|
|-damage|p1a: Mew|94/100 tox|[from] psn
|upkeep
|turn|8
|
|t:|1779962163
|switch|p2a: Alomomola|Alomomola, F|100/100 par
|move|p1a: Mew|Dragon Dance|p1a: Mew
|-boost|p1a: Mew|atk|1
|-boost|p1a: Mew|spe|1
|
|-damage|p1a: Mew|82/100 tox|[from] psn
|upkeep
|turn|9
|
|t:|1779962166
|move|p2a: Alomomola|Protect|p2a: Alomomola
|-singleturn|p2a: Alomomola|Protect
|move|p1a: Mew|Dragon Dance|p1a: Mew
|-boost|p1a: Mew|atk|1
|-boost|p1a: Mew|spe|1
|
|-damage|p1a: Mew|63/100 tox|[from] psn
|upkeep
|turn|10
|
|t:|1779962171
|move|p1a: Mew|Drain Punch|p2a: Alomomola
|-damage|p2a: Alomomola|75/100 par
|-heal|p1a: Mew|80/100 tox|[from] drain|[of] p2a: Alomomola
|move|p2a: Alomomola|Flip Turn|p1a: Mew
|-damage|p1a: Mew|74/100 tox
|
|t:|1779962180
|switch|p2a: Slowking|Slowking-Galar, M|100/100|[from] Flip Turn
|
|-damage|p1a: Mew|50/100 tox|[from] psn
|-sideend|p1: uniandes5|move: Light Screen
|upkeep
|turn|11
|
|t:|1779962184
|switch|p2a: Alomomola|Alomomola, F|100/100 par
|move|p1a: Mew|Ice Punch|p2a: Alomomola
|-resisted|p2a: Alomomola
|-damage|p2a: Alomomola|88/100 par
|
|-heal|p2a: Alomomola|94/100 par|[from] item: Leftovers
|-damage|p1a: Mew|19/100 tox|[from] psn
|upkeep
|turn|12
|
|t:|1779962187
|move|p2a: Alomomola|Protect|p2a: Alomomola
|-singleturn|p2a: Alomomola|Protect
|move|p1a: Mew|Drain Punch|p2a: Alomomola
|-activate|p2a: Alomomola|move: Protect
|
|-heal|p2a: Alomomola|100/100 par|[from] item: Leftovers
|-damage|p1a: Mew|0 fnt|[from] psn
|faint|p1a: Mew
|-sideend|p1: uniandes5|Reflect
|upkeep
|
|t:|1779962194
|switch|p1a: Dragapult|Dragapult, M|100/100
|turn|13
|
|t:|1779962199
|move|p1a: Dragapult|Dragon Darts|p2a: Alomomola
|-damage|p2a: Alomomola|87/100 par
|-anim|p1a: Dragapult|Dragon Darts|p2a: Alomomola
|-damage|p2a: Alomomola|74/100 par
|move|p2a: Alomomola|Flip Turn|p1a: Dragapult
|-resisted|p1a: Dragapult
|-crit|p1a: Dragapult
|-damage|p1a: Dragapult|85/100
|
|t:|1779962203
|switch|p2a: Mamoswine|Mamoswine, M|100/100|[from] Flip Turn
|
|upkeep
|turn|14
|
|t:|1779962207
|move|p1a: Dragapult|Hydro Pump|p2a: Mamoswine
|-supereffective|p2a: Mamoswine
|-damage|p2a: Mamoswine|3/100
|move|p2a: Mamoswine|Earthquake|p1a: Dragapult
|-damage|p1a: Dragapult|0 fnt
|faint|p1a: Dragapult
|
|upkeep
|
|t:|1779962214
|switch|p1a: Volcanion|Volcanion|100/100
|turn|15
|
|t:|1779962217
|move|p2a: Mamoswine|Earthquake|p1a: Volcanion
|-supereffective|p1a: Volcanion
|-damage|p1a: Volcanion|0 fnt
|faint|p1a: Volcanion
|
|upkeep
|
|t:|1779962222
|switch|p1a: Tinkaton|Tinkaton, F|100/100
|-ability|p1a: Tinkaton|Mold Breaker
|turn|16
|
|t:|1779962225
|switch|p2a: Alomomola|Alomomola, F|100/100 par
|move|p1a: Tinkaton|Thunder Wave|p2a: Alomomola
|-fail|p2a: Alomomola|par
|
|upkeep
|turn|17
|
|t:|1779962228
|move|p1a: Tinkaton|Knock Off|p2a: Alomomola
|-damage|p2a: Alomomola|88/100 par
|-enditem|p2a: Alomomola|Leftovers|[from] move: Knock Off|[of] p1a: Tinkaton
|move|p2a: Alomomola|Flip Turn|p1a: Tinkaton
|-damage|p1a: Tinkaton|84/100
|-enditem|p1a: Tinkaton|Red Card|[of] p2a: Alomomola
|drag|p2a: Hydrapple|Hydrapple, F, shiny|100/100 brn
|
|-damage|p2a: Hydrapple|94/100 brn|[from] brn
|upkeep
|turn|18
|
|t:|1779962234
|move|p1a: Tinkaton|Knock Off|p2a: Hydrapple
|-damage|p2a: Hydrapple|75/100 brn
|-enditem|p2a: Hydrapple|Choice Specs|[from] move: Knock Off|[of] p1a: Tinkaton
|move|p2a: Hydrapple|Earth Power|p1a: Tinkaton
|-supereffective|p1a: Tinkaton
|-crit|p1a: Tinkaton
|-damage|p1a: Tinkaton|3/100
|
|-damage|p2a: Hydrapple|69/100 brn|[from] brn
|upkeep
|turn|19
|
|t:|1779962240
|switch|p2a: Alomomola|Alomomola, F|100/100 par
|move|p1a: Tinkaton|Ice Hammer|p2a: Alomomola|[miss]
|-miss|p1a: Tinkaton|p2a: Alomomola
|
|upkeep
|turn|20
|
|t:|1779962245
|move|p1a: Tinkaton|Knock Off|p2a: Alomomola
|-damage|p2a: Alomomola|92/100 par
|move|p2a: Alomomola|Flip Turn|p1a: Tinkaton
|-damage|p1a: Tinkaton|0 fnt
|faint|p1a: Tinkaton
|
|t:|1779962248
|switch|p2a: Mamoswine|Mamoswine, M|3/100|[from] Flip Turn
|
|upkeep
|
|t:|1779962252
|switch|p1a: Grimmsnarl|Grimmsnarl, M|5/100
|turn|21
|
|t:|1779962254
|move|p2a: Mamoswine|Ice Shard|p1a: Grimmsnarl
|-damage|p1a: Grimmsnarl|0 fnt
|faint|p1a: Grimmsnarl
|
|upkeep
|
|t:|1779962255
|switch|p1a: Latias|Latias, F|100/100
|turn|22
|
|t:|1779962259
|move|p2a: Mamoswine|Ice Shard|p1a: Latias
|-supereffective|p1a: Latias
|-damage|p1a: Latias|49/100
|move|p1a: Latias|Aura Sphere|p2a: Mamoswine
|-supereffective|p2a: Mamoswine
|-damage|p2a: Mamoswine|0 fnt
|faint|p2a: Mamoswine
|
|upkeep
|
|t:|1779962263
|switch|p2a: Slowking|Slowking-Galar, M|100/100
|turn|23
|
|t:|1779962267
|move|p1a: Latias|Recover|p1a: Latias
|-heal|p1a: Latias|99/100
|move|p2a: Slowking|Toxic|p1a: Latias
|-status|p1a: Latias|tox
|-enditem|p1a: Latias|Lum Berry|[eat]
|-curestatus|p1a: Latias|tox|[msg]
|
|upkeep
|turn|24
|
|t:|1779962274
|-terastallize|p1a: Latias|Poison
|move|p1a: Latias|Calm Mind|p1a: Latias
|-boost|p1a: Latias|spa|1
|-boost|p1a: Latias|spd|1
|move|p2a: Slowking|Toxic|p1a: Latias
|-immune|p1a: Latias
|
|upkeep
|turn|25
|
|t:|1779962278
|move|p1a: Latias|Calm Mind|p1a: Latias
|-boost|p1a: Latias|spa|1
|-boost|p1a: Latias|spd|1
|move|p2a: Slowking|Psychic Noise|p1a: Latias
|-supereffective|p1a: Latias
|-damage|p1a: Latias|79/100
|-start|p1a: Latias|move: Heal Block
|
|upkeep
|turn|26
|
|t:|1779962283
|move|p1a: Latias|Calm Mind|p1a: Latias
|-boost|p1a: Latias|spa|1
|-boost|p1a: Latias|spd|1
|move|p2a: Slowking|Psychic Noise|p1a: Latias
|-supereffective|p1a: Latias
|-damage|p1a: Latias|62/100
|
|-end|p1a: Latias|move: Heal Block
|upkeep
|turn|27
|
|t:|1779962289
|move|p1a: Latias|Stored Power|p2a: Slowking
|-damage|p2a: Slowking|24/100
|move|p2a: Slowking|Psychic Noise|p1a: Latias
|-supereffective|p1a: Latias
|-damage|p1a: Latias|45/100
|-start|p1a: Latias|move: Heal Block
|
|-heal|p2a: Slowking|30/100|[from] item: Black Sludge
|upkeep
|turn|28
|
|t:|1779962292
|move|p1a: Latias|Calm Mind|p1a: Latias
|-boost|p1a: Latias|spa|1
|-boost|p1a: Latias|spd|1
|-prepare|p2a: Slowking|Chilly Reception|[premajor]
|move|p2a: Slowking|Chilly Reception|p2a: Slowking
|-weather|Snowscape
|
|t:|1779962294
|switch|p2a: Iron Crown|Iron Crown|100/100|[from] Chilly Reception
|
|-weather|Snowscape|[upkeep]
|-end|p1a: Latias|move: Heal Block
|upkeep
|turn|29
|
|t:|1779962300
|move|p2a: Iron Crown|Psychic|p1a: Latias
|-supereffective|p1a: Latias
|-crit|p1a: Latias
|-damage|p1a: Latias|0 fnt
|faint|p1a: Latias
|
|win|tuanquewang
|raw|uniandes5's rating: 1629 &rarr; <strong>1611</strong><br />(-18 for losing)
|raw|tuanquewang's rating: 1670 &rarr; <strong>1688</strong><br />(+18 for winning)
|l|☆uniandes5
|player|p1|
|l|☆tuanquewang
|player|p2|
