|j|☆He Hao Yi
|j|☆st221
|t:|1779929348
|gametype|singles
|player|p1|He Hao Yi|giovanni|1052
|player|p2|st221|pokemonbreeder-gen4|1000
|gen|9
|tier|[Gen 9] OU
|rated|
|rule|HP Percentage Mod: HP is shown in percentages
|rule|Endless Battle Clause: Forcing endless battles is banned
|rule|Species Clause: Limit one of each Pokémon
|rule|OHKO Clause: OHKO moves are banned
|rule|Evasion Items Clause: Evasion items are banned
|rule|Evasion Moves Clause: Evasion moves are banned
|rule|Evasion Abilities Clause: Evasion abilities are banned
|rule|Sleep Moves Clause: Sleep-inducing moves are banned
|clearpoke
|poke|p1|Pelipper, L99, F|
|poke|p1|Barraskewda, F|
|poke|p1|Raging Bolt|
|poke|p1|Golduck, F|
|poke|p1|Pawmot, F|
|poke|p1|Tentacruel, F|
|poke|p2|Swampert, F|
|poke|p2|Kingambit, M|
|poke|p2|Gengar, M|
|poke|p2|Metagross|
|poke|p2|Moltres|
|poke|p2|Abomasnow, F|
|teampreview
|inactive|Battle timer is ON: inactive players will automatically lose when time's up. (requested by He Hao Yi)
|
|t:|1779929391
|teamsize|p1|6
|teamsize|p2|6
|start
|switch|p1a: Ghoti carrier|Pelipper, L99, F|100/100
|switch|p2a: Swampert|Swampert, F|100/100
|-weather|RainDance|[from] ability: Drizzle|[of] p1a: Ghoti carrier
|turn|1
|
|t:|1779929405
|move|p2a: Swampert|Stone Edge|p1a: Ghoti carrier
|-supereffective|p1a: Ghoti carrier
|-crit|p1a: Ghoti carrier
|-damage|p1a: Ghoti carrier|23/100
|move|p1a: Ghoti carrier|U-turn|p2a: Swampert
|-damage|p2a: Swampert|93/100
|
|t:|1779929416
|switch|p1a: ExSkewda Me|Barraskewda, F|100/100|[from] U-turn
|
|-weather|RainDance|[upkeep]
|-heal|p2a: Swampert|99/100|[from] item: Leftovers
|upkeep
|turn|2
|
|t:|1779929427
|move|p1a: ExSkewda Me|Flip Turn|p2a: Swampert
|-damage|p2a: Swampert|46/100
|
|t:|1779929433
|switch|p1a: Great Neck|Raging Bolt|100/100|[from] Flip Turn
|move|p2a: Swampert|Stealth Rock|p1a: Great Neck
|-sidestart|p1: He Hao Yi|move: Stealth Rock
|
|-weather|RainDance|[upkeep]
|-heal|p2a: Swampert|52/100|[from] item: Leftovers
|upkeep
|turn|3
|
|t:|1779929442
|move|p1a: Great Neck|Draco Meteor|p2a: Swampert
|-damage|p2a: Swampert|0 fnt
|-unboost|p1a: Great Neck|spa|2
|faint|p2a: Swampert
|
|-weather|RainDance|[upkeep]
|upkeep
|
|t:|1779929453
|switch|p2a: Abomasnow|Abomasnow, F|100/100
|-weather|Snowscape|[from] ability: Snow Warning|[of] p2a: Abomasnow
|turn|4
|
|t:|1779929464
|-end|p1a: Great Neck|Protosynthesis|[silent]
|switch|p1a: Spaghetti Too|Tentacruel, F|100/100
|-damage|p1a: Spaghetti Too|88/100|[from] Stealth Rock
|move|p2a: Abomasnow|Blizzard|p1a: Spaghetti Too
|-resisted|p1a: Spaghetti Too
|-damage|p1a: Spaghetti Too|78/100
|
|-weather|Snowscape|[upkeep]
|upkeep
|turn|5
|
|t:|1779929478
|-terastallize|p2a: Abomasnow|Grass
|move|p2a: Abomasnow|Giga Drain|p1a: Spaghetti Too
|-damage|p1a: Spaghetti Too|59/100
|move|p1a: Spaghetti Too|Flip Turn|p2a: Abomasnow
|-resisted|p2a: Abomasnow
|-damage|p2a: Abomasnow|91/100
|
|t:|1779929482
|switch|p1a: Ghoti carrier|Pelipper, L99, F|23/100|[from] Flip Turn
|-damage|p1a: Ghoti carrier|0 fnt|[from] Stealth Rock
|faint|p1a: Ghoti carrier
|
|-weather|Snowscape|[upkeep]
|-heal|p2a: Abomasnow|97/100|[from] item: Leftovers
|upkeep
|
|t:|1779929490
|switch|p1a: Really want eject|Pawmot, F|100/100
|-damage|p1a: Really want eject|94/100|[from] Stealth Rock
|turn|6
|
|t:|1779929497
|move|p1a: Really want eject|Nuzzle|p2a: Abomasnow
|-resisted|p2a: Abomasnow
|-damage|p2a: Abomasnow|93/100
|-status|p2a: Abomasnow|par
|move|p2a: Abomasnow|Leech Seed|p1a: Really want eject
|-start|p1a: Really want eject|move: Leech Seed
|
|-weather|Snowscape|[upkeep]
|-heal|p2a: Abomasnow|99/100 par|[from] item: Leftovers
|-damage|p1a: Really want eject|82/100|[from] Leech Seed|[of] p2a: Abomasnow
|-heal|p2a: Abomasnow|100/100 par|[silent]
|upkeep
|turn|7
|
|t:|1779929513
|move|p1a: Really want eject|Revival Blessing|p1a: Really want eject
|-enditem|p1a: Really want eject|Leppa Berry|[eat]
|-activate|p1a: Really want eject|item: Leppa Berry|Revival Blessing|[consumed]
|
|t:|1779929517
|-heal|p1: Ghoti carrier|50/100|[from] move: Revival Blessing
|move|p2a: Abomasnow|Blizzard|p1a: Really want eject
|-damage|p1a: Really want eject|7/100
|
|-weather|Snowscape|[upkeep]
|-damage|p1a: Really want eject|0 fnt|[from] Leech Seed|[of] p2a: Abomasnow
|faint|p1a: Really want eject
|upkeep
|
|t:|1779929521
|switch|p1a: Ghoti carrier|Pelipper, L99, F|50/100
|-damage|p1a: Ghoti carrier|26/100|[from] Stealth Rock
|-weather|RainDance|[from] ability: Drizzle|[of] p1a: Ghoti carrier
|turn|8
|
|t:|1779929534
|move|p1a: Ghoti carrier|Hurricane|p2a: Abomasnow
|-supereffective|p2a: Abomasnow
|-damage|p2a: Abomasnow|11/100 par
|-start|p2a: Abomasnow|confusion
|-activate|p2a: Abomasnow|confusion
|-damage|p2a: Abomasnow|3/100 par|[from] confusion
|
|-weather|RainDance|[upkeep]
|-heal|p2a: Abomasnow|10/100 par|[from] item: Leftovers
|upkeep
|turn|9
|
|t:|1779929542
|move|p1a: Ghoti carrier|U-turn|p2a: Abomasnow
|-supereffective|p2a: Abomasnow
|-damage|p2a: Abomasnow|0 fnt
|faint|p2a: Abomasnow
|
|t:|1779929545
|switch|p1a: Spaghetti Too|Tentacruel, F|59/100|[from] U-turn
|-damage|p1a: Spaghetti Too|47/100|[from] Stealth Rock
|
|-weather|RainDance|[upkeep]
|-heal|p1a: Spaghetti Too|53/100|[from] ability: Rain Dish
|upkeep
|
|t:|1779929553
|switch|p2a: Metagross|Metagross, shiny|100/100
|turn|10
|
|t:|1779929558
|move|p1a: Spaghetti Too|Rapid Spin|p2a: Metagross
|-resisted|p2a: Metagross
|-damage|p2a: Metagross|97/100
|-boost|p1a: Spaghetti Too|spe|1
|-sideend|p1: He Hao Yi|Stealth Rock|[from] move: Rapid Spin|[of] p1a: Spaghetti Too
|move|p2a: Metagross|Zen Headbutt|p1a: Spaghetti Too
|-supereffective|p1a: Spaghetti Too
|-crit|p1a: Spaghetti Too
|-damage|p1a: Spaghetti Too|0 fnt
|faint|p1a: Spaghetti Too
|
|-weather|RainDance|[upkeep]
|-heal|p2a: Metagross|100/100|[from] item: Leftovers
|upkeep
|
|t:|1779929570
|switch|p1a: Great Neck|Raging Bolt|100/100
|turn|11
|
|t:|1779929578
|move|p1a: Great Neck|Thunder|p2a: Metagross
|-damage|p2a: Metagross|31/100
|-status|p2a: Metagross|par
|move|p2a: Metagross|Earthquake|p1a: Great Neck
|-supereffective|p1a: Great Neck
|-damage|p1a: Great Neck|33/100
|
|-weather|RainDance|[upkeep]
|-heal|p1a: Great Neck|39/100|[from] item: Leftovers
|-heal|p2a: Metagross|37/100 par|[from] item: Leftovers
|upkeep
|turn|12
|
|t:|1779929595
|move|p1a: Great Neck|Thunder|p2a: Metagross
|-damage|p2a: Metagross|0 fnt
|faint|p2a: Metagross
|
|-weather|RainDance|[upkeep]
|-heal|p1a: Great Neck|45/100|[from] item: Leftovers
|upkeep
|
|t:|1779929609
|switch|p2a: Gengar|Gengar, M|100/100
|turn|13
|
|t:|1779929631
|move|p1a: Great Neck|Thunderclap|p2a: Gengar
|-damage|p2a: Gengar|26/100
|move|p2a: Gengar|Sludge Bomb|p1a: Great Neck
|-damage|p1a: Great Neck|0 fnt
|faint|p1a: Great Neck
|-end|p1a: Great Neck|Protosynthesis|[silent]
|
|-weather|RainDance|[upkeep]
|-heal|p2a: Gengar|32/100|[from] item: Leftovers
|upkeep
|
|t:|1779929637
|switch|p1a: ExSkewda Me|Barraskewda, F|100/100
|turn|14
|
|t:|1779929641
|move|p1a: ExSkewda Me|Flip Turn|p2a: Gengar
|-damage|p2a: Gengar|0 fnt
|faint|p2a: Gengar
|
|t:|1779929644
|switch|p1a: Seaking Duck|Golduck, F|100/100|[from] Flip Turn
|
|-weather|RainDance|[upkeep]
|upkeep
|
|t:|1779929651
|switch|p2a: Kingambit|Kingambit, M|100/100
|-activate|p2a: Kingambit|ability: Supreme Overlord
|-start|p2a: Kingambit|fallen4|[silent]
|turn|15
|
|t:|1779929658
|move|p1a: Seaking Duck|Vacuum Wave|p2a: Kingambit
|-supereffective|p2a: Kingambit
|-damage|p2a: Kingambit|26/100
|-damage|p1a: Seaking Duck|91/100|[from] item: Life Orb
|move|p2a: Kingambit|Swords Dance|p2a: Kingambit
|-boost|p2a: Kingambit|atk|2
|
|-weather|none
|upkeep
|turn|16
|
|t:|1779929665
|move|p1a: Seaking Duck|Vacuum Wave|p2a: Kingambit
|-supereffective|p2a: Kingambit
|-damage|p2a: Kingambit|0 fnt
|faint|p2a: Kingambit
|-end|p2a: Kingambit|fallen4|[silent]
|-damage|p1a: Seaking Duck|81/100|[from] item: Life Orb
|
|upkeep
|-message|st221 forfeited.
|
|win|He Hao Yi
|raw|He Hao Yi's rating: 1052 &rarr; <strong>1079</strong><br />(+27 for winning)
|raw|st221's rating: 1000 &rarr; <strong>1000</strong><br />(+0 for losing)
