|j|☆ur doggo
|j|☆maxcondones
|t:|1779855215
|gametype|singles
|player|p1|ur doggo|170|1531
|player|p2|maxcondones|2|1520
|gen|9
|tier|[Gen 9] OU
|rated|
|rule|HP Percentage Mod: HP is shown in percentages
|rule|Endless Battle Clause: Forcing endless battles is banned
|rule|Species Clause: Limit one of each Pokémon
|rule|OHKO Clause: OHKO moves are banned
|rule|Evasion Items Clause: Evasion items are banned
|rule|Evasion Moves Clause: Evasion moves are banned
|rule|Evasion Abilities Clause: Evasion abilities are banned
|rule|Sleep Moves Clause: Sleep-inducing moves are banned
|clearpoke
|poke|p1|Deoxys-Speed|
|poke|p1|Excadrill, F|
|poke|p1|Landorus-Therian, M|
|poke|p1|Tyranitar, M|
|poke|p1|Dragonite, M|
|poke|p1|Pecharunt|
|poke|p2|Excadrill, F|
|poke|p2|Hippowdon, F|
|poke|p2|Landorus-Therian, M|
|poke|p2|Deoxys-Speed|
|poke|p2|Tyranitar, F|
|poke|p2|Tornadus-Therian, M|
|teampreview
|c|☆ur doggo|lol
|
|t:|1779855243
|teamsize|p1|6
|teamsize|p2|6
|start
|switch|p1a: Landorus|Landorus-Therian, M|100/100
|switch|p2a: Landorus|Landorus-Therian, M|100/100
|-ability|p1a: Landorus|Intimidate|boost
|-unboost|p2a: Landorus|atk|1
|-ability|p2a: Landorus|Intimidate|boost
|-unboost|p1a: Landorus|atk|1
|turn|1
|
|t:|1779855247
|move|p1a: Landorus|U-turn|p2a: Landorus
|-resisted|p2a: Landorus
|-damage|p2a: Landorus|88/100
|-damage|p1a: Landorus|84/100|[from] item: Rocky Helmet|[of] p2a: Landorus
|
|t:|1779855251
|switch|p1a: Deoxys|Deoxys-Speed|100/100|[from] U-turn
|-ability|p1a: Deoxys|Pressure
|move|p2a: Landorus|Taunt|p1a: Deoxys
|-start|p1a: Deoxys|move: Taunt
|
|upkeep
|turn|2
|
|t:|1779855265
|switch|p1a: Landorus|Landorus-Therian, M|84/100
|-ability|p1a: Landorus|Intimidate|boost
|-unboost|p2a: Landorus|atk|1
|switch|p2a: Tyranitar|Tyranitar, F|100/100
|-weather|Sandstorm|[from] ability: Sand Stream|[of] p2a: Tyranitar
|
|-weather|Sandstorm|[upkeep]
|upkeep
|turn|3
|
|t:|1779855275
|switch|p2a: Deoxys|Deoxys-Speed|100/100
|-ability|p2a: Deoxys|Pressure
|move|p1a: Landorus|U-turn|p2a: Deoxys
|-supereffective|p2a: Deoxys
|-damage|p2a: Deoxys|0 fnt
|faint|p2a: Deoxys
|inactive|Battle timer is ON: inactive players will automatically lose when time's up. (requested by ur doggo)
|
|t:|1779855280
|switch|p1a: Deoxys|Deoxys-Speed|100/100|[from] U-turn
|-ability|p1a: Deoxys|Pressure
|
|-weather|Sandstorm|[upkeep]
|-damage|p1a: Deoxys|95/100|[from] Sandstorm
|upkeep
|
|t:|1779855284
|switch|p2a: Tyranitar|Tyranitar, F|100/100
|turn|4
|
|t:|1779855289
|-terastallize|p2a: Tyranitar|Ghost
|move|p1a: Deoxys|Gravity|p1a: Deoxys
|-fieldstart|move: Gravity
|move|p2a: Tyranitar|Knock Off|p1a: Deoxys
|-supereffective|p1a: Deoxys
|-damage|p1a: Deoxys|0 fnt
|-enditem|p1a: Deoxys|Red Card|[from] move: Knock Off|[of] p2a: Tyranitar
|faint|p1a: Deoxys
|
|-weather|Sandstorm|[upkeep]
|-damage|p2a: Tyranitar|94/100|[from] Sandstorm
|upkeep
|c|☆maxcondones|u dead stole my team
|
|t:|1779855306
|switch|p1a: Excadrill|Excadrill, F|100/100
|turn|5
|
|t:|1779855311
|switch|p2a: Hippowdon|Hippowdon, F|100/100
|-terastallize|p1a: Excadrill|Ground
|move|p1a: Excadrill|Earthquake|p2a: Hippowdon
|-damage|p2a: Hippowdon|40/100
|-enditem|p2a: Hippowdon|Eject Button
|
|t:|1779855313
|switch|p2a: Landorus|Landorus-Therian, M|88/100
|-ability|p2a: Landorus|Intimidate|boost
|-unboost|p1a: Excadrill|atk|1
|
|-weather|Sandstorm|[upkeep]
|upkeep
|turn|6
|c|☆ur doggo|i have seen gravity sand long before your team
|
|t:|1779855327
|switch|p1a: Landorus|Landorus-Therian, M|84/100
|-ability|p1a: Landorus|Intimidate|boost
|-unboost|p2a: Landorus|atk|1
|move|p2a: Landorus|Earth Power|p1a: Landorus
|-damage|p1a: Landorus|38/100
|
|-weather|none
|upkeep
|turn|7
|c|☆maxcondones|i made the team
|c|☆maxcondones|i sent it to blunderr
|
|t:|1779855348
|move|p2a: Landorus|Earth Power|p1a: Landorus
|-damage|p1a: Landorus|0 fnt
|faint|p1a: Landorus
|
|upkeep
|c|☆ur doggo|dang
|
|t:|1779855357
|switch|p1a: Excadrill|Excadrill, F, tera:Ground|100/100
|turn|8
|
|t:|1779855368
|move|p2a: Landorus|U-turn|p1a: Excadrill
|-damage|p1a: Excadrill|82/100
|
|t:|1779855370
|switch|p2a: Hippowdon|Hippowdon, F|40/100|[from] U-turn
|-weather|Sandstorm|[from] ability: Sand Stream|[of] p2a: Hippowdon
|move|p1a: Excadrill|Earthquake|p2a: Hippowdon
|-damage|p2a: Hippowdon|0 fnt
|faint|p2a: Hippowdon
|
|-weather|Sandstorm|[upkeep]
|-fieldend|move: Gravity
|upkeep
|c|☆maxcondones|and im jolly drill
|
|t:|1779855378
|switch|p2a: Excadrill|Excadrill, F|100/100
|turn|9
|
|t:|1779855388
|move|p1a: Excadrill|Earthquake|p2a: Excadrill
|-supereffective|p2a: Excadrill
|-damage|p2a: Excadrill|0 fnt
|faint|p2a: Excadrill
|
|-weather|Sandstorm|[upkeep]
|upkeep
|c|☆maxcondones|damn
|
|t:|1779855392
|switch|p2a: Tornadus|Tornadus-Therian, M|100/100
|turn|10
|c|☆ur doggo|you really are
|c|☆maxcondones|hn
|
|t:|1779855404
|switch|p1a: Tyranitar|Tyranitar, M|100/100
|move|p2a: Tornadus|Nasty Plot|p2a: Tornadus
|-boost|p2a: Tornadus|spa|2
|
|-weather|Sandstorm|[upkeep]
|-damage|p2a: Tornadus|94/100|[from] Sandstorm
|upkeep
|turn|11
|
|t:|1779855411
|move|p2a: Tornadus|Bleakwind Storm|p1a: Tyranitar
|-resisted|p1a: Tyranitar
|-damage|p1a: Tyranitar|74/100
|-unboost|p1a: Tyranitar|spe|1
|-damage|p2a: Tornadus|85/100|[from] item: Life Orb
|move|p1a: Tyranitar|Ice Beam|p2a: Tornadus
|-supereffective|p2a: Tornadus
|-damage|p2a: Tornadus|39/100
|-status|p2a: Tornadus|frz
|
|-weather|Sandstorm|[upkeep]
|-damage|p2a: Tornadus|33/100 frz|[from] Sandstorm
|upkeep
|turn|12
|
|t:|1779855416
|switch|p2a: Tyranitar|Tyranitar, F, tera:Ghost|94/100
|move|p1a: Tyranitar|Knock Off|p2a: Tyranitar
|-supereffective|p2a: Tyranitar
|-damage|p2a: Tyranitar|15/100
|-enditem|p2a: Tyranitar|Eject Button|[from] move: Knock Off|[of] p1a: Tyranitar
|
|-weather|none
|upkeep
|turn|13
|c|☆ur doggo|mb
|
|t:|1779855429
|switch|p1a: Excadrill|Excadrill, F, tera:Ground|82/100
|move|p2a: Tyranitar|Low Kick|p1a: Excadrill
|-damage|p1a: Excadrill|54/100
|
|upkeep
|turn|14
|c|☆maxcondones|nah u won ts
|
|t:|1779855435
|switch|p2a: Landorus|Landorus-Therian, M|88/100
|-ability|p2a: Landorus|Intimidate|boost
|-unboost|p1a: Excadrill|atk|1
|move|p1a: Excadrill|Iron Head|p2a: Landorus
|-damage|p2a: Landorus|42/100
|-damage|p1a: Excadrill|37/100|[from] item: Rocky Helmet|[of] p2a: Landorus
|
|upkeep
|turn|15
|
|t:|1779855441
|move|p2a: Landorus|U-turn|p1a: Excadrill
|-damage|p1a: Excadrill|9/100
|
|t:|1779855444
|switch|p2a: Tyranitar|Tyranitar, F, tera:Ghost|15/100|[from] U-turn
|-weather|Sandstorm|[from] ability: Sand Stream|[of] p2a: Tyranitar
|move|p1a: Excadrill|Iron Head|p2a: Tyranitar
|-damage|p2a: Tyranitar|0 fnt
|faint|p2a: Tyranitar
|
|-weather|Sandstorm|[upkeep]
|upkeep
|
|t:|1779855446
|switch|p2a: Tornadus|Tornadus-Therian, M|66/100 frz
|turn|16
|-message|maxcondones forfeited.
|
|win|ur doggo
|raw|ur doggo's rating: 1531 &rarr; <strong>1550</strong><br />(+19 for winning)
|raw|maxcondones's rating: 1520 &rarr; <strong>1501</strong><br />(-19 for losing)
|l|☆maxcondones
|player|p2|
|l|☆ur doggo
|player|p1|
