|j|☆jarrodbennett
|j|☆Veryverymoist
|t:|1779934515
|gametype|singles
|player|p1|jarrodbennett|1|1425
|player|p2|Veryverymoist|youngster-gen4dp|1542
|gen|9
|tier|[Gen 9] OU
|rated|
|rule|HP Percentage Mod: HP is shown in percentages
|rule|Endless Battle Clause: Forcing endless battles is banned
|rule|Species Clause: Limit one of each Pokémon
|rule|OHKO Clause: OHKO moves are banned
|rule|Evasion Items Clause: Evasion items are banned
|rule|Evasion Moves Clause: Evasion moves are banned
|rule|Evasion Abilities Clause: Evasion abilities are banned
|rule|Sleep Moves Clause: Sleep-inducing moves are banned
|clearpoke
|poke|p1|Ribombee, M|
|poke|p1|Cinderace, M|
|poke|p1|Serperior, F|
|poke|p1|Hitmonlee, M|
|poke|p1|Empoleon, M|
|poke|p1|Kingambit, F|
|poke|p2|Salamence, F|
|poke|p2|Blaziken, M|
|poke|p2|Yanmega, F|
|poke|p2|Clefable, F|
|poke|p2|Iron Moth|
|poke|p2|Kommo-o, F|
|teampreview
|
|t:|1779934529
|teamsize|p1|6
|teamsize|p2|6
|start
|switch|p1a: Ya Like Jazz?|Ribombee, M|100/100
|switch|p2a: Iron Moth|Iron Moth|100/100
|-enditem|p2a: Iron Moth|Booster Energy
|-activate|p2a: Iron Moth|ability: Quark Drive|[fromitem]
|-start|p2a: Iron Moth|quarkdrivespe
|turn|1
|inactive|Battle timer is ON: inactive players will automatically lose when time's up. (requested by Veryverymoist)
|
|t:|1779934540
|move|p2a: Iron Moth|Substitute|p2a: Iron Moth
|-start|p2a: Iron Moth|Substitute
|-damage|p2a: Iron Moth|76/100
|move|p1a: Ya Like Jazz?|Sticky Web|p2a: Iron Moth
|-sidestart|p2: Veryverymoist|move: Sticky Web
|
|upkeep
|turn|2
|
|t:|1779934547
|switch|p1a: Big Z|Empoleon, M|100/100
|move|p2a: Iron Moth|Fiery Dance|p1a: Big Z
|-damage|p1a: Big Z|78/100
|
|upkeep
|turn|3
|
|t:|1779934554
|move|p2a: Iron Moth|Fiery Dance|p1a: Big Z
|-damage|p1a: Big Z|55/100
|-boost|p2a: Iron Moth|spa|1
|move|p1a: Big Z|Surf|p2a: Iron Moth
|-supereffective|p2a: Iron Moth
|-end|p2a: Iron Moth|Substitute
|
|upkeep
|turn|4
|
|t:|1779934564
|move|p2a: Iron Moth|Fiery Dance|p1a: Big Z
|-damage|p1a: Big Z|17/100
|-boost|p2a: Iron Moth|spa|1
|move|p1a: Big Z|Surf|p2a: Iron Moth
|-supereffective|p2a: Iron Moth
|-damage|p2a: Iron Moth|0 fnt
|faint|p2a: Iron Moth
|-end|p2a: Iron Moth|Quark Drive|[silent]
|
|upkeep
|
|t:|1779934574
|switch|p2a: Yanmega|Yanmega, F|100/100
|turn|5
|
|t:|1779934579
|move|p2a: Yanmega|Bug Buzz|p1a: Big Z
|-resisted|p1a: Big Z
|-damage|p1a: Big Z|3/100
|-enditem|p2a: Yanmega|Throat Spray
|-boost|p2a: Yanmega|spa|1|[from] item: Throat Spray
|move|p1a: Big Z|Ice Beam|p2a: Yanmega
|-supereffective|p2a: Yanmega
|-damage|p2a: Yanmega|0 fnt
|faint|p2a: Yanmega
|
|upkeep
|
|t:|1779934588
|switch|p2a: Salamence|Salamence, F|100/100
|turn|6
|
|t:|1779934594
|switch|p1a: Ya Like Jazz?|Ribombee, M|100/100
|move|p2a: Salamence|Earthquake|p1a: Ya Like Jazz?
|-resisted|p1a: Ya Like Jazz?
|-damage|p1a: Ya Like Jazz?|64/100
|
|upkeep
|turn|7
|
|t:|1779934610
|-terastallize|p2a: Salamence|Fire
|move|p1a: Ya Like Jazz?|Moonblast|p2a: Salamence
|-resisted|p2a: Salamence
|-damage|p2a: Salamence|74/100
|move|p2a: Salamence|Dragon Dance|p2a: Salamence
|-boost|p2a: Salamence|atk|1
|-boost|p2a: Salamence|spe|1
|
|upkeep
|turn|8
|
|t:|1779934623
|move|p2a: Salamence|Dragon Dance|p2a: Salamence
|-boost|p2a: Salamence|atk|1
|-boost|p2a: Salamence|spe|1
|move|p1a: Ya Like Jazz?|Charm|p2a: Salamence
|-unboost|p2a: Salamence|atk|2
|
|upkeep
|turn|9
|
|t:|1779934631
|move|p2a: Salamence|Temper Flare|p1a: Ya Like Jazz?
|-supereffective|p1a: Ya Like Jazz?
|-damage|p1a: Ya Like Jazz?|0 fnt
|faint|p1a: Ya Like Jazz?
|-ability|p2a: Salamence|Moxie|boost
|-boost|p2a: Salamence|atk|1
|
|upkeep
|
|t:|1779934638
|switch|p1a: Come At Me Bro|Kingambit, F|100/100
|turn|10
|
|t:|1779934651
|switch|p2a: Kommo-o|Kommo-o, F|100/100
|-activate|p2a: Kommo-o|move: Sticky Web
|-unboost|p2a: Kommo-o|spe|1
|-terastallize|p1a: Come At Me Bro|Fairy
|move|p1a: Come At Me Bro|Kowtow Cleave|p2a: Kommo-o
|-resisted|p2a: Kommo-o
|-damage|p2a: Kommo-o|75/100
|
|upkeep
|turn|11
|
|t:|1779934661
|switch|p1a: What's Up Doc?|Cinderace, M|100/100
|move|p2a: Kommo-o|Boomburst|p1a: What's Up Doc?
|-damage|p1a: What's Up Doc?|54/100
|-enditem|p2a: Kommo-o|Throat Spray
|-boost|p2a: Kommo-o|spa|1|[from] item: Throat Spray
|
|upkeep
|turn|12
|
|t:|1779934669
|move|p1a: What's Up Doc?|Court Change|p1a: What's Up Doc?
|-start|p1a: What's Up Doc?|typechange|Normal|[from] ability: Libero
|-swapsideconditions
|-activate|p1a: What's Up Doc?|move: Court Change
|move|p2a: Kommo-o|Boomburst|p1a: What's Up Doc?
|-damage|p1a: What's Up Doc?|0 fnt
|faint|p1a: What's Up Doc?
|
|upkeep
|
|t:|1779934677
|switch|p1a: Big Z|Empoleon, M|3/100
|-activate|p1a: Big Z|move: Sticky Web
|-unboost|p1a: Big Z|spe|1
|-ability|p1a: Big Z|Competitive|boost
|-boost|p1a: Big Z|spa|2
|turn|13
|
|t:|1779934683
|move|p1a: Big Z|Vacuum Wave|p2a: Kommo-o
|-damage|p2a: Kommo-o|43/100
|move|p2a: Kommo-o|Boomburst|p1a: Big Z
|-resisted|p1a: Big Z
|-damage|p1a: Big Z|0 fnt
|faint|p1a: Big Z
|
|upkeep
|
|t:|1779934690
|switch|p1a: Kickin' Nugget|Hitmonlee, M|100/100
|-activate|p1a: Kickin' Nugget|move: Sticky Web
|-unboost|p1a: Kickin' Nugget|spe|1
|-enditem|p1a: Kickin' Nugget|White Herb
|-clearnegativeboost|p1a: Kickin' Nugget|[silent]
|turn|14
|
|t:|1779934696
|move|p1a: Kickin' Nugget|Close Combat|p2a: Kommo-o
|-damage|p2a: Kommo-o|0 fnt
|-unboost|p1a: Kickin' Nugget|def|1
|-unboost|p1a: Kickin' Nugget|spd|1
|faint|p2a: Kommo-o
|
|upkeep
|
|t:|1779934713
|switch|p2a: Salamence|Salamence, F, tera:Fire|74/100
|turn|15
|
|t:|1779934716
|move|p1a: Kickin' Nugget|Close Combat|p2a: Salamence
|-damage|p2a: Salamence|0 fnt
|-unboost|p1a: Kickin' Nugget|def|1
|-unboost|p1a: Kickin' Nugget|spd|1
|faint|p2a: Salamence
|
|upkeep
|
|t:|1779934725
|switch|p2a: Clefable|Clefable, F|100/100
|turn|16
|
|t:|1779934728
|move|p1a: Kickin' Nugget|Knock Off|p2a: Clefable
|-resisted|p2a: Clefable
|-damage|p2a: Clefable|86/100
|-enditem|p2a: Clefable|Leftovers|[from] move: Knock Off|[of] p1a: Kickin' Nugget
|move|p2a: Clefable|Cosmic Power|p2a: Clefable
|-boost|p2a: Clefable|def|1
|-boost|p2a: Clefable|spd|1
|
|upkeep
|turn|17
|
|t:|1779934737
|switch|p1a: Slytherin|Serperior, F|100/100
|-activate|p1a: Slytherin|move: Sticky Web
|-boost|p1a: Slytherin|spe|1
|move|p2a: Clefable|Cosmic Power|p2a: Clefable
|-boost|p2a: Clefable|def|1
|-boost|p2a: Clefable|spd|1
|
|upkeep
|turn|18
|
|t:|1779934746
|move|p1a: Slytherin|Leaf Storm|p2a: Clefable
|-damage|p2a: Clefable|65/100
|-boost|p1a: Slytherin|spa|2
|move|p2a: Clefable|Cosmic Power|p2a: Clefable
|-boost|p2a: Clefable|def|1
|-boost|p2a: Clefable|spd|1
|
|upkeep
|turn|19
|
|t:|1779934753
|move|p1a: Slytherin|Leaf Storm|p2a: Clefable
|-damage|p2a: Clefable|48/100
|-boost|p1a: Slytherin|spa|2
|move|p2a: Clefable|Moonlight|p2a: Clefable
|-heal|p2a: Clefable|98/100
|
|upkeep
|turn|20
|-message|jarrodbennett forfeited.
|
|win|Veryverymoist
|raw|jarrodbennett's rating: 1425 &rarr; <strong>1411</strong><br />(-14 for losing)
|raw|Veryverymoist's rating: 1542 &rarr; <strong>1556</strong><br />(+14 for winning)
|l|☆jarrodbennett
|player|p1|
