|j|☆Scammer guy
|j|☆Magicsalt
|t:|1779803524
|gametype|singles
|player|p1|Scammer guy|cheryl|1000
|player|p2|Magicsalt|scientist|1000
|gen|9
|tier|[Gen 9] OU
|rated|
|rule|HP Percentage Mod: HP is shown in percentages
|rule|Endless Battle Clause: Forcing endless battles is banned
|rule|Species Clause: Limit one of each Pokémon
|rule|OHKO Clause: OHKO moves are banned
|rule|Evasion Items Clause: Evasion items are banned
|rule|Evasion Moves Clause: Evasion moves are banned
|rule|Evasion Abilities Clause: Evasion abilities are banned
|rule|Sleep Moves Clause: Sleep-inducing moves are banned
|clearpoke
|poke|p1|Blastoise, M|
|poke|p1|Moltres|
|poke|p1|Vespiquen, F|
|poke|p1|Rillaboom, M|
|poke|p1|Wigglytuff, F|
|poke|p1|Bronzong|
|poke|p2|Clodsire, F|
|poke|p2|Gholdengo|
|poke|p2|Dragonite, F|
|poke|p2|Glimmora, M|
|poke|p2|Salazzle, F|
|poke|p2|Samurott-Hisui, F|
|teampreview
|inactive|Battle timer is ON: inactive players will automatically lose when time's up. (requested by Magicsalt)
|
|t:|1779803566
|teamsize|p1|6
|teamsize|p2|6
|start
|switch|p1a: Bronzong|Bronzong|100/100
|switch|p2a: Edger|Samurott-Hisui, F|100/100
|turn|1
|
|t:|1779803573
|move|p2a: Edger|Ceaseless Edge|p1a: Bronzong
|-supereffective|p1a: Bronzong
|-damage|p1a: Bronzong|0 fnt
|-sidestart|p1: Scammer guy|Spikes
|faint|p1a: Bronzong
|
|upkeep
|
|t:|1779803583
|switch|p1a: Wigglytuff|Wigglytuff, F|100/100
|-damage|p1a: Wigglytuff|88/100|[from] Spikes
|turn|2
|
|t:|1779803594
|switch|p2a: Chonky thing|Clodsire, F|100/100
|move|p1a: Wigglytuff|Alluring Voice|p2a: Chonky thing
|-resisted|p2a: Chonky thing
|-damage|p2a: Chonky thing|92/100
|-enditem|p1a: Wigglytuff|Throat Spray
|-boost|p1a: Wigglytuff|spa|1|[from] item: Throat Spray
|
|upkeep
|turn|3
|
|t:|1779803601
|move|p1a: Wigglytuff|Stealth Rock|p2a: Chonky thing
|-sidestart|p2: Magicsalt|move: Stealth Rock
|move|p2a: Chonky thing|Toxic|p1a: Wigglytuff
|-status|p1a: Wigglytuff|tox
|
|-damage|p1a: Wigglytuff|82/100 tox|[from] psn
|upkeep
|turn|4
|
|t:|1779803609
|move|p1a: Wigglytuff|Flamethrower|p2a: Chonky thing
|-damage|p2a: Chonky thing|73/100
|move|p2a: Chonky thing|Spikes|p1a: Wigglytuff
|-sidestart|p1: Scammer guy|Spikes
|
|-damage|p1a: Wigglytuff|70/100 tox|[from] psn
|upkeep
|turn|5
|
|t:|1779803617
|move|p1a: Wigglytuff|Flamethrower|p2a: Chonky thing
|-damage|p2a: Chonky thing|54/100
|move|p2a: Chonky thing|Spikes|p1a: Wigglytuff
|-sidestart|p1: Scammer guy|Spikes
|
|-damage|p1a: Wigglytuff|51/100 tox|[from] psn
|upkeep
|turn|6
|
|t:|1779803626
|move|p1a: Wigglytuff|Flamethrower|p2a: Chonky thing
|-damage|p2a: Chonky thing|35/100
|-enditem|p2a: Chonky thing|Sitrus Berry|[eat]
|-heal|p2a: Chonky thing|60/100|[from] item: Sitrus Berry
|move|p2a: Chonky thing|Recover|p2a: Chonky thing
|-heal|p2a: Chonky thing|100/100
|
|-damage|p1a: Wigglytuff|26/100 tox|[from] psn
|upkeep
|turn|7
|
|t:|1779803641
|switch|p1a: Blastoise|Blastoise, M|100/100
|-damage|p1a: Blastoise|76/100|[from] Spikes
|move|p2a: Chonky thing|Recover||[still]
|-fail|p2a: Chonky thing|heal
|
|-heal|p1a: Blastoise|82/100|[from] item: Leftovers
|upkeep
|turn|8
|
|t:|1779803649
|switch|p2a: Gold ahh thing|Gholdengo|100/100
|-damage|p2a: Gold ahh thing|94/100|[from] Stealth Rock
|move|p1a: Blastoise|Rapid Spin|p2a: Gold ahh thing
|-immune|p2a: Gold ahh thing
|
|-heal|p1a: Blastoise|88/100|[from] item: Leftovers
|upkeep
|turn|9
|
|t:|1779803659
|move|p2a: Gold ahh thing|Thunderbolt|p1a: Blastoise
|-supereffective|p1a: Blastoise
|-damage|p1a: Blastoise|35/100
|move|p1a: Blastoise|Flip Turn|p2a: Gold ahh thing
|-damage|p2a: Gold ahh thing|77/100
|
|t:|1779803674
|switch|p1a: HotWings|Moltres|100/100|[from] Flip Turn
|
|upkeep
|turn|10
|
|t:|1779803682
|-terastallize|p2a: Gold ahh thing|Normal
|move|p2a: Gold ahh thing|Thunderbolt|p1a: HotWings
|-supereffective|p1a: HotWings
|-damage|p1a: HotWings|36/100
|move|p1a: HotWings|Flamethrower|p2a: Gold ahh thing
|-damage|p2a: Gold ahh thing|36/100
|
|upkeep
|turn|11
|
|t:|1779803691
|move|p2a: Gold ahh thing|Thunderbolt|p1a: HotWings
|-supereffective|p1a: HotWings
|-damage|p1a: HotWings|0 fnt
|faint|p1a: HotWings
|
|upkeep
|
|t:|1779803697
|switch|p1a: Checkmate|Vespiquen, F|100/100
|-ability|p1a: Checkmate|Unnerve
|turn|12
|
|t:|1779803708
|move|p2a: Gold ahh thing|Thunderbolt|p1a: Checkmate
|-supereffective|p1a: Checkmate
|-damage|p1a: Checkmate|26/100
|move|p1a: Checkmate|Bug Buzz|p2a: Gold ahh thing
|-damage|p2a: Gold ahh thing|7/100
|
|upkeep
|turn|13
|
|t:|1779803715
|move|p2a: Gold ahh thing|Thunderbolt|p1a: Checkmate
|-supereffective|p1a: Checkmate
|-damage|p1a: Checkmate|0 fnt
|faint|p1a: Checkmate
|
|upkeep
|-message|Scammer guy forfeited.
|
|win|Magicsalt
|raw|Scammer guy's rating: 1000 &rarr; <strong>1000</strong><br />(+0 for losing)
|raw|Magicsalt's rating: 1000 &rarr; <strong>1040</strong><br />(+40 for winning)
|l|☆Scammer guy
|player|p1|
