|j|☆Issocapi
|j|‽sergioeldemarte
|t:|1779895044
|gametype|singles
|player|p1|Issocapi|roughneck|1303
|player|p2|sergioeldemarte|flannery|1312
|gen|9
|tier|[Gen 9] OU
|rated|
|rule|HP Percentage Mod: HP is shown in percentages
|rule|Endless Battle Clause: Forcing endless battles is banned
|rule|Species Clause: Limit one of each Pokémon
|rule|OHKO Clause: OHKO moves are banned
|rule|Evasion Items Clause: Evasion items are banned
|rule|Evasion Moves Clause: Evasion moves are banned
|rule|Evasion Abilities Clause: Evasion abilities are banned
|rule|Sleep Moves Clause: Sleep-inducing moves are banned
|clearpoke
|poke|p1|Ribombee, M|
|poke|p1|Cinderace, M|
|poke|p1|Serperior, F|
|poke|p1|Mimikyu, M|
|poke|p1|Dragapult, M|
|poke|p1|Bisharp, M|
|poke|p2|Torkoal, F|
|poke|p2|Walking Wake|
|poke|p2|Zapdos|
|poke|p2|Great Tusk|
|poke|p2|Landorus-Therian, M|
|poke|p2|Heatran, F|
|teampreview
|inactive|Battle timer is ON: inactive players will automatically lose when time's up. (requested by sergioeldemarte)
|
|t:|1779895051
|teamsize|p1|6
|teamsize|p2|6
|start
|switch|p1a: Ribombee|Ribombee, M|100/100
|switch|p2a: Heatran|Heatran, F, shiny|100/100
|turn|1
|
|t:|1779895061
|move|p1a: Ribombee|Stun Spore|p2a: Heatran
|-status|p2a: Heatran|par
|move|p2a: Heatran|Flash Cannon|p1a: Ribombee
|-supereffective|p1a: Ribombee
|-enditem|p1a: Ribombee|Focus Sash
|-damage|p1a: Ribombee|1/100
|
|upkeep
|turn|2
|
|t:|1779895074
|move|p1a: Ribombee|Sticky Web|p2a: Heatran
|-sidestart|p2: sergioeldemarte|move: Sticky Web
|move|p2a: Heatran|Flamethrower|p1a: Ribombee
|-supereffective|p1a: Ribombee
|-damage|p1a: Ribombee|0 fnt
|faint|p1a: Ribombee
|
|upkeep
|
|t:|1779895083
|switch|p1a: Dragapult|Dragapult, M|100/100
|turn|3
|
|t:|1779895088
|move|p1a: Dragapult|Hydro Pump|p2a: Heatran
|-supereffective|p2a: Heatran
|-damage|p2a: Heatran|31/100 par
|-damage|p1a: Dragapult|91/100|[from] item: Life Orb
|move|p2a: Heatran|Flash Cannon|p1a: Dragapult
|-damage|p1a: Dragapult|20/100
|
|-heal|p2a: Heatran|38/100 par|[from] item: Leftovers
|upkeep
|turn|4
|
|t:|1779895102
|switch|p2a: Zapdos|Zapdos|100/100
|move|p1a: Dragapult|Flamethrower|p2a: Zapdos
|-crit|p2a: Zapdos
|-damage|p2a: Zapdos|51/100
|-damage|p1a: Dragapult|11/100|[from] item: Life Orb
|
|upkeep
|turn|5
|
|t:|1779895112
|switch|p2a: Heatran|Heatran, F, shiny|38/100 par
|-activate|p2a: Heatran|move: Sticky Web
|-unboost|p2a: Heatran|spe|1
|move|p1a: Dragapult|Dragon Darts|p2a: Heatran
|-resisted|p2a: Heatran
|-damage|p2a: Heatran|25/100 par
|-anim|p1a: Dragapult|Dragon Darts|p2a: Heatran
|-resisted|p2a: Heatran
|-damage|p2a: Heatran|12/100 par
|-damage|p1a: Dragapult|1/100|[from] item: Life Orb
|
|-heal|p2a: Heatran|18/100 par|[from] item: Leftovers
|upkeep
|turn|6
|
|t:|1779895134
|move|p1a: Dragapult|Dragon Darts|p2a: Heatran
|-resisted|p2a: Heatran
|-damage|p2a: Heatran|6/100 par
|-anim|p1a: Dragapult|Dragon Darts|p2a: Heatran
|-resisted|p2a: Heatran
|-crit|p2a: Heatran
|-damage|p2a: Heatran|0 fnt
|faint|p2a: Heatran
|-damage|p1a: Dragapult|0 fnt|[from] item: Life Orb
|faint|p1a: Dragapult
|
|upkeep
|
|t:|1779895154
|switch|p1a: Cinderace|Cinderace, M|100/100
|switch|p2a: Landorus|Landorus-Therian, M|100/100
|-ability|p2a: Landorus|Intimidate|boost
|-unboost|p1a: Cinderace|atk|1
|turn|7
|
|t:|1779895166
|move|p1a: Cinderace|U-turn|p2a: Landorus
|-resisted|p2a: Landorus
|-damage|p2a: Landorus|92/100
|-damage|p1a: Cinderace|84/100|[from] item: Rocky Helmet|[of] p2a: Landorus
|
|t:|1779895172
|switch|p1a: Serperior|Serperior, F|100/100|[from] U-turn
|move|p2a: Landorus|Body Slam|p1a: Serperior
|-damage|p1a: Serperior|60/100
|
|-heal|p1a: Serperior|66/100|[from] item: Leftovers
|upkeep
|turn|8
|
|t:|1779895181
|move|p1a: Serperior|Leaf Storm|p2a: Landorus
|-damage|p2a: Landorus|22/100
|-boost|p1a: Serperior|spa|2
|move|p2a: Landorus|Body Slam|p1a: Serperior
|-damage|p1a: Serperior|30/100
|
|-heal|p1a: Serperior|36/100|[from] item: Leftovers
|upkeep
|turn|9
|
|t:|1779895190
|move|p1a: Serperior|Leaf Storm|p2a: Landorus
|-damage|p2a: Landorus|0 fnt
|-boost|p1a: Serperior|spa|2
|faint|p2a: Landorus
|
|-heal|p1a: Serperior|42/100|[from] item: Leftovers
|upkeep
|
|t:|1779895193
|switch|p2a: Torkoal|Torkoal, F|100/100
|-activate|p2a: Torkoal|move: Sticky Web
|-unboost|p2a: Torkoal|spe|1
|-weather|SunnyDay|[from] ability: Drought|[of] p2a: Torkoal
|turn|10
|
|t:|1779895206
|move|p1a: Serperior|Dragon Pulse|p2a: Torkoal
|-damage|p2a: Torkoal|23/100
|move|p2a: Torkoal|Lava Plume|p1a: Serperior
|-supereffective|p1a: Serperior
|-damage|p1a: Serperior|0 fnt
|faint|p1a: Serperior
|
|-weather|SunnyDay|[upkeep]
|upkeep
|
|t:|1779895215
|switch|p1a: Cinderace|Cinderace, M|84/100
|turn|11
|
|t:|1779895219
|move|p1a: Cinderace|Pyro Ball|p2a: Torkoal
|-resisted|p2a: Torkoal
|-damage|p2a: Torkoal|0 fnt
|faint|p2a: Torkoal
|
|-weather|SunnyDay|[upkeep]
|upkeep
|
|t:|1779895225
|switch|p2a: Walking Wake|Walking Wake|100/100
|-activate|p2a: Walking Wake|move: Sticky Web
|-unboost|p2a: Walking Wake|spe|1
|-activate|p2a: Walking Wake|ability: Protosynthesis
|-start|p2a: Walking Wake|protosynthesisspa
|turn|12
|
|t:|1779895233
|move|p1a: Cinderace|U-turn|p2a: Walking Wake
|-damage|p2a: Walking Wake|76/100
|
|t:|1779895237
|switch|p1a: Mimikyu|Mimikyu, M|100/100|[from] U-turn
|move|p2a: Walking Wake|Hydro Steam|p1a: Mimikyu
|-activate|p1a: Mimikyu|ability: Disguise
|-damage|p1a: Mimikyu|100/100
|detailschange|p1a: Mimikyu|Mimikyu-Busted, M
|-damage|p1a: Mimikyu|88/100|[from] pokemon: Mimikyu-Busted
|-enditem|p1a: Mimikyu|Red Card|[of] p2a: Walking Wake
|-end|p2a: Walking Wake|Protosynthesis|[silent]
|drag|p2a: Zapdos|Zapdos|51/100
|
|-weather|SunnyDay|[upkeep]
|upkeep
|turn|13
|
|t:|1779895263
|switch|p1a: Cinderace|Cinderace, M|84/100
|move|p2a: Zapdos|Thunder Wave|p1a: Cinderace
|-status|p1a: Cinderace|par
|
|-weather|SunnyDay|[upkeep]
|upkeep
|turn|14
|
|t:|1779895271
|move|p2a: Zapdos|Roost|p2a: Zapdos
|-heal|p2a: Zapdos|100/100
|-singleturn|p2a: Zapdos|move: Roost
|cant|p1a: Cinderace|par
|
|-weather|SunnyDay|[upkeep]
|upkeep
|turn|15
|
|t:|1779895278
|move|p2a: Zapdos|Volt Switch|p1a: Cinderace
|-damage|p1a: Cinderace|40/100 par
|
|t:|1779895282
|switch|p2a: Walking Wake|Walking Wake|76/100|[from] Volt Switch
|-activate|p2a: Walking Wake|move: Sticky Web
|-unboost|p2a: Walking Wake|spe|1
|-activate|p2a: Walking Wake|ability: Protosynthesis
|-start|p2a: Walking Wake|protosynthesisspa
|move|p1a: Cinderace|Pyro Ball|p2a: Walking Wake
|-resisted|p2a: Walking Wake
|-damage|p2a: Walking Wake|53/100
|
|-weather|SunnyDay|[upkeep]
|upkeep
|turn|16
|
|t:|1779895292
|move|p2a: Walking Wake|Hydro Steam|p1a: Cinderace
|-supereffective|p1a: Cinderace
|-damage|p1a: Cinderace|0 fnt
|faint|p1a: Cinderace
|
|-weather|SunnyDay|[upkeep]
|upkeep
|
|t:|1779895304
|switch|p1a: Bisharp|Bisharp, M|100/100
|turn|17
|
|t:|1779895309
|move|p2a: Walking Wake|Hydro Steam|p1a: Bisharp
|-damage|p1a: Bisharp|0 fnt
|faint|p1a: Bisharp
|
|-weather|none
|-end|p2a: Walking Wake|Protosynthesis
|upkeep
|
|t:|1779895314
|switch|p1a: Mimikyu|Mimikyu-Busted, M|88/100
|turn|18
|
|t:|1779895319
|move|p1a: Mimikyu|Play Rough|p2a: Walking Wake
|-supereffective|p2a: Walking Wake
|-damage|p2a: Walking Wake|0 fnt
|faint|p2a: Walking Wake
|-end|p2a: Walking Wake|Protosynthesis|[silent]
|
|upkeep
|
|t:|1779895322
|switch|p2a: Zapdos|Zapdos|100/100
|turn|19
|
|t:|1779895330
|move|p1a: Mimikyu|Will-O-Wisp|p2a: Zapdos|[miss]
|-miss|p1a: Mimikyu|p2a: Zapdos
|move|p2a: Zapdos|Thunder Wave|p1a: Mimikyu
|-status|p1a: Mimikyu|par
|
|upkeep
|turn|20
|-message|Issocapi forfeited.
|
|win|sergioeldemarte
|raw|Issocapi's rating: 1303 &rarr; <strong>1284</strong><br />(-19 for losing)
|raw|sergioeldemarte's rating: 1312 &rarr; <strong>1331</strong><br />(+19 for winning)
|l|☆Issocapi
|player|p1|
|l|‽sergioeldemarte
|player|p2|
