|j|☆RealJCubed
|j|☆aranhasans
|t:|1779923367
|gametype|singles
|player|p1|RealJCubed|gentleman|1168
|player|p2|aranhasans|170|1190
|gen|9
|tier|[Gen 9] OU
|rated|
|rule|HP Percentage Mod: HP is shown in percentages
|rule|Endless Battle Clause: Forcing endless battles is banned
|rule|Species Clause: Limit one of each Pokémon
|rule|OHKO Clause: OHKO moves are banned
|rule|Evasion Items Clause: Evasion items are banned
|rule|Evasion Moves Clause: Evasion moves are banned
|rule|Evasion Abilities Clause: Evasion abilities are banned
|rule|Sleep Moves Clause: Sleep-inducing moves are banned
|clearpoke
|poke|p1|Iron Moth|
|poke|p1|Skeledirge, F|
|poke|p1|Garganacl, M|
|poke|p1|Toxapex, F|
|poke|p1|Corviknight, F|
|poke|p1|Gliscor, F|
|poke|p2|Typhlosion-Hisui, F|
|poke|p2|Torkoal, F|
|poke|p2|Komala, F|
|poke|p2|Whimsicott, F|
|poke|p2|Gallade, M|
|poke|p2|Mamoswine, F|
|teampreview
|inactive|Battle timer is ON: inactive players will automatically lose when time's up. (requested by aranhasans)
|
|t:|1779923380
|teamsize|p1|6
|teamsize|p2|6
|start
|switch|p1a: Gliscor|Gliscor, F|100/100
|switch|p2a: Torkoal|Torkoal, F|100/100
|-weather|SunnyDay|[from] ability: Drought|[of] p2a: Torkoal
|turn|1
|
|t:|1779923389
|move|p1a: Gliscor|Toxic|p2a: Torkoal
|-status|p2a: Torkoal|tox
|move|p2a: Torkoal|Stealth Rock|p1a: Gliscor
|-sidestart|p1: RealJCubed|move: Stealth Rock
|
|-weather|SunnyDay|[upkeep]
|-damage|p2a: Torkoal|94/100 tox|[from] psn
|-status|p1a: Gliscor|tox|[from] item: Toxic Orb
|upkeep
|turn|2
|
|t:|1779923408
|switch|p2a: Whimsicott|Whimsicott, F|100/100
|move|p1a: Gliscor|Earthquake|p2a: Whimsicott
|-resisted|p2a: Whimsicott
|-damage|p2a: Whimsicott|81/100
|
|-weather|SunnyDay|[upkeep]
|upkeep
|turn|3
|
|t:|1779923424
|move|p2a: Whimsicott|Moonblast|p1a: Gliscor
|-crit|p1a: Gliscor
|-damage|p1a: Gliscor|32/100 tox
|-damage|p2a: Whimsicott|71/100|[from] item: Life Orb
|move|p1a: Gliscor|Substitute|p1a: Gliscor
|-start|p1a: Gliscor|Substitute
|-damage|p1a: Gliscor|7/100 tox
|
|-weather|SunnyDay|[upkeep]
|-heal|p1a: Gliscor|19/100 tox|[from] ability: Poison Heal
|upkeep
|turn|4
|
|t:|1779923447
|move|p1a: Gliscor|Protect|p1a: Gliscor
|-singleturn|p1a: Gliscor|Protect
|move|p2a: Whimsicott|Encore|p1a: Gliscor
|-activate|p1a: Gliscor|move: Protect
|
|-weather|SunnyDay|[upkeep]
|-heal|p1a: Gliscor|32/100 tox|[from] ability: Poison Heal
|upkeep
|turn|5
|
|t:|1779923455
|switch|p2a: Typhlosion|Typhlosion-Hisui, F|100/100
|-item|p1a: Gliscor|Toxic Orb|[from] ability: Frisk|[of] p2a: Typhlosion
|move|p1a: Gliscor|Toxic|p2a: Typhlosion
|-status|p2a: Typhlosion|tox
|
|-weather|SunnyDay|[upkeep]
|-damage|p2a: Typhlosion|94/100 tox|[from] psn
|-heal|p1a: Gliscor|44/100 tox|[from] ability: Poison Heal
|upkeep
|turn|6
|
|t:|1779923465
|move|p1a: Gliscor|Protect|p1a: Gliscor
|-singleturn|p1a: Gliscor|Protect
|move|p2a: Typhlosion|Eruption|p1a: Gliscor
|-activate|p1a: Gliscor|move: Protect
|
|-weather|SunnyDay|[upkeep]
|-damage|p2a: Typhlosion|82/100 tox|[from] psn
|-heal|p1a: Gliscor|57/100 tox|[from] ability: Poison Heal
|upkeep
|turn|7
|
|t:|1779923471
|switch|p2a: Whimsicott|Whimsicott, F|71/100
|move|p1a: Gliscor|Earthquake|p2a: Whimsicott
|-resisted|p2a: Whimsicott
|-damage|p2a: Whimsicott|51/100
|
|-weather|SunnyDay|[upkeep]
|-heal|p1a: Gliscor|69/100 tox|[from] ability: Poison Heal
|upkeep
|turn|8
|
|t:|1779923493
|move|p2a: Whimsicott|Moonblast|p1a: Gliscor
|-end|p1a: Gliscor|Substitute
|-damage|p2a: Whimsicott|41/100|[from] item: Life Orb
|move|p1a: Gliscor|Toxic|p2a: Whimsicott
|-status|p2a: Whimsicott|tox
|
|-weather|none
|-damage|p2a: Whimsicott|35/100 tox|[from] psn
|-heal|p1a: Gliscor|82/100 tox|[from] ability: Poison Heal
|upkeep
|turn|9
|
|t:|1779923502
|move|p1a: Gliscor|Protect|p1a: Gliscor
|-singleturn|p1a: Gliscor|Protect
|move|p2a: Whimsicott|Encore|p1a: Gliscor
|-activate|p1a: Gliscor|move: Protect
|
|-damage|p2a: Whimsicott|23/100 tox|[from] psn
|-heal|p1a: Gliscor|94/100 tox|[from] ability: Poison Heal
|upkeep
|turn|10
|
|t:|1779923513
|switch|p1a: Corviknight|Corviknight, F|100/100
|move|p2a: Whimsicott|Encore||[still]
|-fail|p2a: Whimsicott
|
|-damage|p2a: Whimsicott|4/100 tox|[from] psn
|upkeep
|turn|11
|
|t:|1779923517
|move|p2a: Whimsicott|Moonblast|p1a: Corviknight
|-resisted|p1a: Corviknight
|-damage|p1a: Corviknight|78/100
|-damage|p2a: Whimsicott|0 fnt|[from] item: Life Orb
|faint|p2a: Whimsicott
|move|p1a: Corviknight|Defog|p2: Whimsicott|[notarget]
|-fail|p1a: Corviknight
|
|upkeep
|
|t:|1779923520
|switch|p2a: Torkoal|Torkoal, F|94/100 tox
|-weather|SunnyDay|[from] ability: Drought|[of] p2a: Torkoal
|turn|12
|
|t:|1779923534
|switch|p1a: Toxapex|Toxapex, F|100/100
|move|p2a: Torkoal|Fire Blast|p1a: Toxapex
|-resisted|p1a: Toxapex
|-damage|p1a: Toxapex|85/100
|
|-weather|SunnyDay|[upkeep]
|-damage|p2a: Torkoal|88/100 tox|[from] psn
|upkeep
|turn|13
|
|t:|1779923538
|move|p1a: Toxapex|Acid Spray|p2a: Torkoal
|-damage|p2a: Torkoal|80/100 tox
|-unboost|p2a: Torkoal|spd|2
|move|p2a: Torkoal|Earthquake|p1a: Toxapex
|-supereffective|p1a: Toxapex
|-damage|p1a: Toxapex|55/100
|
|-weather|SunnyDay|[upkeep]
|-damage|p2a: Torkoal|68/100 tox|[from] psn
|upkeep
|turn|14
|
|t:|1779923551
|switch|p2a: Mamoswine|Mamoswine, F|100/100
|move|p1a: Toxapex|Recover|p1a: Toxapex
|-heal|p1a: Toxapex|100/100
|
|-weather|SunnyDay|[upkeep]
|upkeep
|turn|15
|
|t:|1779923557
|move|p2a: Mamoswine|Earthquake|p1a: Toxapex
|-supereffective|p1a: Toxapex
|-damage|p1a: Toxapex|0 fnt
|faint|p1a: Toxapex
|
|-weather|SunnyDay|[upkeep]
|upkeep
|
|t:|1779923567
|switch|p1a: Gliscor|Gliscor, F|94/100 tox
|-damage|p1a: Gliscor|82/100 tox|[from] Stealth Rock
|turn|16
|
|t:|1779923579
|switch|p2a: Typhlosion|Typhlosion-Hisui, F|82/100 tox
|-item|p1a: Gliscor|Toxic Orb|[from] ability: Frisk|[of] p2a: Typhlosion
|move|p1a: Gliscor|Substitute|p1a: Gliscor
|-start|p1a: Gliscor|Substitute
|-damage|p1a: Gliscor|57/100 tox
|
|-weather|SunnyDay|[upkeep]
|-damage|p2a: Typhlosion|75/100 tox|[from] psn
|-heal|p1a: Gliscor|69/100 tox|[from] ability: Poison Heal
|upkeep
|turn|17
|
|t:|1779923593
|switch|p2a: Gallade|Gallade, M|100/100
|move|p1a: Gliscor|Earthquake|p2a: Gallade
|-damage|p2a: Gallade|47/100
|
|-weather|SunnyDay|[upkeep]
|-heal|p1a: Gliscor|82/100 tox|[from] ability: Poison Heal
|upkeep
|turn|18
|-message|aranhasans forfeited.
|
|win|RealJCubed
|raw|RealJCubed's rating: 1168 &rarr; <strong>1195</strong><br />(+27 for winning)
|raw|aranhasans's rating: 1190 &rarr; <strong>1163</strong><br />(-27 for losing)
|l|☆aranhasans
|player|p2|
