|j|☆Eurocyon
|j|☆MayorMoxxie
|t:|1779924437
|gametype|singles
|player|p1|Eurocyon|blue|
|player|p2|MayorMoxxie|169|
|gen|9
|tier|[Gen 9] OU
|rule|HP Percentage Mod: HP is shown in percentages
|rule|Endless Battle Clause: Forcing endless battles is banned
|rule|Species Clause: Limit one of each Pokémon
|rule|OHKO Clause: OHKO moves are banned
|rule|Evasion Items Clause: Evasion items are banned
|rule|Evasion Moves Clause: Evasion moves are banned
|rule|Evasion Abilities Clause: Evasion abilities are banned
|rule|Sleep Moves Clause: Sleep-inducing moves are banned
|clearpoke
|poke|p1|Tyranitar, F|
|poke|p1|Weavile, F|
|poke|p1|Gliscor, M|
|poke|p1|Gyarados, F|
|poke|p1|Infernape, F|
|poke|p1|Excadrill, F|
|poke|p2|Cloyster, M|
|poke|p2|Gliscor, M|
|poke|p2|Tyranitar, M|
|poke|p2|Dragonite, M|
|poke|p2|Excadrill, F|
|poke|p2|Infernape, F|
|teampreview
|
|t:|1779924485
|teamsize|p1|6
|teamsize|p2|6
|start
|switch|p1a: Tyranitar|Tyranitar, F|100/100
|switch|p2a: Cloyster|Cloyster, M|100/100
|-weather|Sandstorm|[from] ability: Sand Stream|[of] p1a: Tyranitar
|turn|1
|
|t:|1779924493
|move|p2a: Cloyster|Liquidation|p1a: Tyranitar
|-supereffective|p1a: Tyranitar
|-damage|p1a: Tyranitar|15/100
|-damage|p2a: Cloyster|91/100|[from] item: Life Orb
|move|p1a: Tyranitar|Stealth Rock|p2a: Cloyster
|-sidestart|p2: MayorMoxxie|move: Stealth Rock
|
|-weather|Sandstorm|[upkeep]
|-damage|p2a: Cloyster|84/100|[from] Sandstorm
|upkeep
|turn|2
|
|t:|1779924509
|switch|p1a: Gyarados|Gyarados, F|100/100
|-ability|p1a: Gyarados|Intimidate|boost
|-unboost|p2a: Cloyster|atk|1
|move|p2a: Cloyster|Liquidation|p1a: Gyarados
|-resisted|p1a: Gyarados
|-damage|p1a: Gyarados|81/100
|-damage|p2a: Cloyster|74/100|[from] item: Life Orb
|
|-weather|Sandstorm|[upkeep]
|-damage|p1a: Gyarados|75/100|[from] Sandstorm
|-damage|p2a: Cloyster|68/100|[from] Sandstorm
|-heal|p1a: Gyarados|81/100|[from] item: Leftovers
|upkeep
|turn|3
|
|t:|1779924581
|switch|p2a: Dragonite|Dragonite, M|100/100
|-damage|p2a: Dragonite|76/100|[from] Stealth Rock
|move|p1a: Gyarados|Dragon Dance|p1a: Gyarados
|-boost|p1a: Gyarados|atk|1
|-boost|p1a: Gyarados|spe|1
|
|-weather|Sandstorm|[upkeep]
|-damage|p1a: Gyarados|75/100|[from] Sandstorm
|-damage|p2a: Dragonite|70/100|[from] Sandstorm
|-heal|p1a: Gyarados|81/100|[from] item: Leftovers
|upkeep
|turn|4
|
|t:|1779924645
|switch|p2a: Cloyster|Cloyster, M|68/100
|-damage|p2a: Cloyster|43/100|[from] Stealth Rock
|move|p1a: Gyarados|Ice Fang|p2a: Cloyster
|-resisted|p2a: Cloyster
|-damage|p2a: Cloyster|36/100
|
|-weather|Sandstorm|[upkeep]
|-damage|p1a: Gyarados|75/100|[from] Sandstorm
|-damage|p2a: Cloyster|30/100|[from] Sandstorm
|-heal|p1a: Gyarados|81/100|[from] item: Leftovers
|upkeep
|turn|5
|
|t:|1779924671
|move|p1a: Gyarados|Stone Edge|p2a: Cloyster
|-supereffective|p2a: Cloyster
|-damage|p2a: Cloyster|0 fnt
|faint|p2a: Cloyster
|
|-weather|none
|-heal|p1a: Gyarados|87/100|[from] item: Leftovers
|upkeep
|
|t:|1779924678
|switch|p2a: Tyranitar|Tyranitar, M|100/100
|-damage|p2a: Tyranitar|88/100|[from] Stealth Rock
|-weather|Sandstorm|[from] ability: Sand Stream|[of] p2a: Tyranitar
|turn|6
|
|t:|1779924685
|move|p1a: Gyarados|Waterfall|p2a: Tyranitar
|-supereffective|p2a: Tyranitar
|-damage|p2a: Tyranitar|0 fnt
|faint|p2a: Tyranitar
|
|-weather|Sandstorm|[upkeep]
|-damage|p1a: Gyarados|81/100|[from] Sandstorm
|-heal|p1a: Gyarados|87/100|[from] item: Leftovers
|upkeep
|
|t:|1779924713
|switch|p2a: Dragonite|Dragonite, M|70/100
|-damage|p2a: Dragonite|45/100|[from] Stealth Rock
|turn|7
|
|t:|1779924724
|move|p1a: Gyarados|Ice Fang|p2a: Dragonite
|-supereffective|p2a: Dragonite
|-damage|p2a: Dragonite|0 fnt
|faint|p2a: Dragonite
|
|-weather|Sandstorm|[upkeep]
|-damage|p1a: Gyarados|81/100|[from] Sandstorm
|-heal|p1a: Gyarados|87/100|[from] item: Leftovers
|upkeep
|
|t:|1779924731
|switch|p2a: Infernape|Infernape, F|100/100
|-damage|p2a: Infernape|88/100|[from] Stealth Rock
|turn|8
|
|t:|1779924739
|move|p1a: Gyarados|Waterfall|p2a: Infernape
|-supereffective|p2a: Infernape
|-damage|p2a: Infernape|0 fnt
|faint|p2a: Infernape
|
|-weather|Sandstorm|[upkeep]
|-damage|p1a: Gyarados|81/100|[from] Sandstorm
|-heal|p1a: Gyarados|87/100|[from] item: Leftovers
|upkeep
|
|t:|1779924749
|switch|p2a: Excadrill|Excadrill, F|100/100
|-damage|p2a: Excadrill|97/100|[from] Stealth Rock
|turn|9
|
|t:|1779924755
|move|p2a: Excadrill|Rapid Spin|p1a: Gyarados
|-damage|p1a: Gyarados|63/100
|-boost|p2a: Excadrill|spe|1
|-sideend|p2: MayorMoxxie|Stealth Rock|[from] move: Rapid Spin|[of] p2a: Excadrill
|move|p1a: Gyarados|Waterfall|p2a: Excadrill
|-supereffective|p2a: Excadrill
|-damage|p2a: Excadrill|0 fnt
|faint|p2a: Excadrill
|
|-weather|Sandstorm|[upkeep]
|-damage|p1a: Gyarados|57/100|[from] Sandstorm
|-heal|p1a: Gyarados|63/100|[from] item: Leftovers
|upkeep
|
|t:|1779924765
|switch|p2a: Gliscor|Gliscor, M|100/100
|turn|10
|
|t:|1779924771
|move|p1a: Gyarados|Ice Fang|p2a: Gliscor|[miss]
|-miss|p1a: Gyarados|p2a: Gliscor
|move|p2a: Gliscor|Aerial Ace|p1a: Gyarados
|-damage|p1a: Gyarados|30/100
|
|-weather|Sandstorm|[upkeep]
|-damage|p1a: Gyarados|24/100|[from] Sandstorm
|-heal|p1a: Gyarados|30/100|[from] item: Leftovers
|-status|p2a: Gliscor|tox|[from] item: Toxic Orb
|upkeep
|turn|11
|
|t:|1779924781
|move|p1a: Gyarados|Ice Fang|p2a: Gliscor
|-supereffective|p2a: Gliscor
|-damage|p2a: Gliscor|0 fnt
|faint|p2a: Gliscor
|
|win|Eurocyon
