|j|☆BigCungusxRemix
|j|☆astartokyo
|t:|1779811504
|gametype|singles
|player|p1|BigCungusxRemix|1|1256
|player|p2|astartokyo|sabrina-frlg|1302
|gen|9
|tier|[Gen 9] OU
|rated|
|rule|HP Percentage Mod: HP is shown in percentages
|rule|Endless Battle Clause: Forcing endless battles is banned
|rule|Species Clause: Limit one of each Pokémon
|rule|OHKO Clause: OHKO moves are banned
|rule|Evasion Items Clause: Evasion items are banned
|rule|Evasion Moves Clause: Evasion moves are banned
|rule|Evasion Abilities Clause: Evasion abilities are banned
|rule|Sleep Moves Clause: Sleep-inducing moves are banned
|clearpoke
|poke|p1|Volcanion|
|poke|p1|Pecharunt|
|poke|p1|Quaquaval, F|
|poke|p1|Gliscor, M|
|poke|p1|Darkrai|
|poke|p1|Ting-Lu|
|poke|p2|Gholdengo|
|poke|p2|Samurott-Hisui, M|
|poke|p2|Zamazenta-*|
|poke|p2|Ogerpon-Wellspring, F|
|poke|p2|Hatterene, F|
|poke|p2|Landorus-Therian, M|
|teampreview
|inactive|Battle timer is ON: inactive players will automatically lose when time's up. (requested by astartokyo)
|
|t:|1779811516
|teamsize|p1|6
|teamsize|p2|6
|start
|switch|p1a: Ting-Lu|Ting-Lu|100/100
|switch|p2a: Samurott|Samurott-Hisui, M|100/100
|-ability|p1a: Ting-Lu|Vessel of Ruin
|turn|1
|
|t:|1779811523
|move|p2a: Samurott|Ceaseless Edge|p1a: Ting-Lu
|-resisted|p1a: Ting-Lu
|-damage|p1a: Ting-Lu|88/100
|-sidestart|p1: BigCungusxRemix|Spikes
|move|p1a: Ting-Lu|Earthquake|p2a: Samurott
|-damage|p2a: Samurott|50/100
|
|-heal|p1a: Ting-Lu|94/100|[from] item: Leftovers
|upkeep
|turn|2
|
|t:|1779811531
|switch|p2a: Hatterene|Hatterene, F|100/100
|move|p1a: Ting-Lu|Stealth Rock|p2a: Hatterene
|move|p2a: Hatterene|Stealth Rock|p1a: Ting-Lu|[from] ability: Magic Bounce
|-sidestart|p1: BigCungusxRemix|move: Stealth Rock
|
|-heal|p1a: Ting-Lu|100/100|[from] item: Leftovers
|upkeep
|turn|3
|
|t:|1779811541
|switch|p2a: Ogerpon|Ogerpon-Wellspring, F|100/100
|move|p1a: Ting-Lu|Throat Chop|p2a: Ogerpon
|-damage|p2a: Ogerpon|55/100
|-start|p2a: Ogerpon|Throat Chop|[silent]
|
|upkeep
|turn|4
|
|t:|1779811546
|move|p2a: Ogerpon|Horn Leech|p1a: Ting-Lu
|-supereffective|p1a: Ting-Lu
|-damage|p1a: Ting-Lu|51/100
|-heal|p2a: Ogerpon|97/100|[from] drain|[of] p1a: Ting-Lu
|move|p1a: Ting-Lu|Stealth Rock|p2a: Ogerpon
|-sidestart|p2: astartokyo|move: Stealth Rock
|
|-heal|p1a: Ting-Lu|57/100|[from] item: Leftovers
|-end|p2a: Ogerpon|Throat Chop|[silent]
|upkeep
|turn|5
|
|t:|1779811564
|switch|p1a: Pecharunt|Pecharunt|100/100
|-damage|p1a: Pecharunt|88/100|[from] Stealth Rock
|-item|p1a: Pecharunt|Air Balloon
|move|p2a: Ogerpon|Ivy Cudgel|p1a: Pecharunt|[anim] Ivy Cudgel Water
|-damage|p1a: Pecharunt|53/100
|-enditem|p1a: Pecharunt|Air Balloon
|
|upkeep
|turn|6
|
|t:|1779811576
|move|p2a: Ogerpon|Taunt|p1a: Pecharunt
|-start|p1a: Pecharunt|move: Taunt
|move|p1a: Pecharunt|Malignant Chain|p2a: Ogerpon
|-supereffective|p2a: Ogerpon
|-damage|p2a: Ogerpon|18/100
|
|upkeep
|turn|7
|
|t:|1779811583
|switch|p2a: Samurott|Samurott-Hisui, M|50/100
|-damage|p2a: Samurott|38/100|[from] Stealth Rock
|move|p1a: Pecharunt|Shadow Ball|p2a: Samurott
|-resisted|p2a: Samurott
|-damage|p2a: Samurott|28/100
|
|upkeep
|turn|8
|
|t:|1779811590
|move|p1a: Pecharunt|Malignant Chain|p2a: Samurott
|-damage|p2a: Samurott|5/100
|-status|p2a: Samurott|tox
|-start|p2a: Samurott|confusion|[from] ability: Poison Puppeteer|[of] p1a: Pecharunt
|-activate|p2a: Samurott|confusion
|move|p2a: Samurott|Ceaseless Edge|p1a: Pecharunt
|-supereffective|p1a: Pecharunt
|-damage|p1a: Pecharunt|6/100
|-sidestart|p1: BigCungusxRemix|Spikes
|
|-damage|p2a: Samurott|0 fnt|[from] psn
|faint|p2a: Samurott
|-end|p1a: Pecharunt|move: Taunt
|upkeep
|
|t:|1779811595
|switch|p2a: Landorus|Landorus-Therian, M|100/100
|-damage|p2a: Landorus|88/100|[from] Stealth Rock
|-ability|p2a: Landorus|Intimidate|boost
|-unboost|p1a: Pecharunt|atk|1
|turn|9
|
|t:|1779811606
|move|p2a: Landorus|Earthquake|p1a: Pecharunt
|-supereffective|p1a: Pecharunt
|-damage|p1a: Pecharunt|0 fnt
|faint|p1a: Pecharunt
|
|upkeep
|
|t:|1779811615
|switch|p1a: Gliscor|Gliscor, M|100/100
|-damage|p1a: Gliscor|88/100|[from] Stealth Rock
|turn|10
|
|t:|1779811619
|switch|p2a: Hatterene|Hatterene, F|100/100
|-damage|p2a: Hatterene|88/100|[from] Stealth Rock
|move|p1a: Gliscor|Toxic|p2a: Hatterene
|move|p2a: Hatterene|Toxic|p1a: Gliscor|[from] ability: Magic Bounce
|-status|p1a: Gliscor|tox
|
|-heal|p1a: Gliscor|100/100 tox|[from] ability: Poison Heal
|upkeep
|turn|11
|
|t:|1779811629
|move|p1a: Gliscor|Knock Off|p2a: Hatterene
|-damage|p2a: Hatterene|69/100
|-damage|p1a: Gliscor|84/100 tox|[from] item: Rocky Helmet|[of] p2a: Hatterene
|-enditem|p2a: Hatterene|Rocky Helmet|[from] move: Knock Off|[of] p1a: Gliscor
|move|p2a: Hatterene|Psychic Noise|p1a: Gliscor
|-damage|p1a: Gliscor|51/100 tox
|-start|p1a: Gliscor|move: Heal Block
|
|upkeep
|turn|12
|
|t:|1779811638
|move|p1a: Gliscor|Earthquake|p2a: Hatterene
|-damage|p2a: Hatterene|38/100
|move|p2a: Hatterene|Draining Kiss|p1a: Gliscor
|-damage|p1a: Gliscor|29/100 tox
|-heal|p2a: Hatterene|56/100|[from] drain|[of] p1a: Gliscor
|
|-end|p1a: Gliscor|move: Heal Block
|upkeep
|turn|13
|
|t:|1779811647
|move|p1a: Gliscor|Earthquake|p2a: Hatterene
|-damage|p2a: Hatterene|25/100
|move|p2a: Hatterene|Psychic Noise|p1a: Gliscor
|-damage|p1a: Gliscor|0 fnt
|faint|p1a: Gliscor
|
|upkeep
|
|t:|1779811665
|switch|p1a: Darkrai|Darkrai|100/100
|turn|14
|
|t:|1779811669
|move|p1a: Darkrai|Dark Pulse|p2a: Hatterene
|-damage|p2a: Hatterene|0 fnt
|faint|p2a: Hatterene
|
|upkeep
|
|t:|1779811675
|switch|p2a: Zamazenta|Zamazenta|100/100
|-damage|p2a: Zamazenta|94/100|[from] Stealth Rock
|-ability|p2a: Zamazenta|Dauntless Shield|boost
|-boost|p2a: Zamazenta|def|1
|turn|15
|
|t:|1779811681
|-terastallize|p1a: Darkrai|Poison
|move|p2a: Zamazenta|Substitute|p2a: Zamazenta
|-start|p2a: Zamazenta|Substitute
|-damage|p2a: Zamazenta|69/100
|move|p1a: Darkrai|Will-O-Wisp||[still]
|-fail|p1a: Darkrai
|
|-heal|p2a: Zamazenta|75/100|[from] item: Leftovers
|upkeep
|turn|16
|
|t:|1779811688
|move|p2a: Zamazenta|Crunch|p1a: Darkrai
|-damage|p1a: Darkrai|71/100
|move|p1a: Darkrai|Taunt|p2a: Zamazenta
|-start|p2a: Zamazenta|move: Taunt
|
|-heal|p2a: Zamazenta|82/100|[from] item: Leftovers
|upkeep
|turn|17
|
|t:|1779811695
|move|p2a: Zamazenta|Crunch|p1a: Darkrai
|-damage|p1a: Darkrai|40/100
|move|p1a: Darkrai|Ice Beam|p2a: Zamazenta
|-end|p2a: Zamazenta|Substitute
|
|-heal|p2a: Zamazenta|88/100|[from] item: Leftovers
|upkeep
|turn|18
|
|t:|1779811721
|switch|p2a: Ogerpon|Ogerpon-Wellspring, F|18/100
|-damage|p2a: Ogerpon|6/100|[from] Stealth Rock
|move|p1a: Darkrai|Will-O-Wisp|p2a: Ogerpon
|-status|p2a: Ogerpon|brn
|
|-damage|p2a: Ogerpon|0 fnt|[from] brn
|faint|p2a: Ogerpon
|upkeep
|
|t:|1779811724
|switch|p2a: Zamazenta|Zamazenta|88/100
|-damage|p2a: Zamazenta|82/100|[from] Stealth Rock
|turn|19
|
|t:|1779811735
|move|p2a: Zamazenta|Substitute|p2a: Zamazenta
|-start|p2a: Zamazenta|Substitute
|-damage|p2a: Zamazenta|57/100
|move|p1a: Darkrai|Ice Beam|p2a: Zamazenta
|-end|p2a: Zamazenta|Substitute
|
|-heal|p2a: Zamazenta|63/100|[from] item: Leftovers
|upkeep
|turn|20
|
|t:|1779811743
|-terastallize|p2a: Zamazenta|Fire
|move|p2a: Zamazenta|Iron Defense|p2a: Zamazenta
|-boost|p2a: Zamazenta|def|2
|move|p1a: Darkrai|Will-O-Wisp|p2a: Zamazenta
|-immune|p2a: Zamazenta
|
|-heal|p2a: Zamazenta|69/100|[from] item: Leftovers
|upkeep
|turn|21
|
|t:|1779811756
|switch|p1a: Ting-Lu|Ting-Lu|57/100
|-damage|p1a: Ting-Lu|41/100|[from] Spikes
|-damage|p1a: Ting-Lu|35/100|[from] Stealth Rock
|-ability|p1a: Ting-Lu|Vessel of Ruin
|move|p2a: Zamazenta|Iron Defense|p2a: Zamazenta
|-boost|p2a: Zamazenta|def|2
|
|-heal|p2a: Zamazenta|75/100|[from] item: Leftovers
|-heal|p1a: Ting-Lu|41/100|[from] item: Leftovers
|upkeep
|turn|22
|
|t:|1779811766
|move|p2a: Zamazenta|Body Press|p1a: Ting-Lu
|-supereffective|p1a: Ting-Lu
|-damage|p1a: Ting-Lu|0 fnt
|faint|p1a: Ting-Lu
|
|-heal|p2a: Zamazenta|81/100|[from] item: Leftovers
|upkeep
|
|t:|1779811772
|switch|p1a: Volcanion|Volcanion|100/100
|turn|23
|
|t:|1779811774
|move|p2a: Zamazenta|Body Press|p1a: Volcanion
|-damage|p1a: Volcanion|26/100
|move|p1a: Volcanion|Steam Eruption|p2a: Zamazenta
|-supereffective|p2a: Zamazenta
|-damage|p2a: Zamazenta|0 fnt
|faint|p2a: Zamazenta
|
|upkeep
|
|t:|1779811778
|switch|p2a: Landorus|Landorus-Therian, M|88/100
|-damage|p2a: Landorus|76/100|[from] Stealth Rock
|-ability|p2a: Landorus|Intimidate|boost
|-unboost|p1a: Volcanion|atk|1
|turn|24
|-message|astartokyo forfeited.
|
|win|BigCungusxRemix
|raw|BigCungusxRemix's rating: 1256 &rarr; <strong>1284</strong><br />(+28 for winning)
|raw|astartokyo's rating: 1302 &rarr; <strong>1279</strong><br />(-23 for losing)
|l|☆astartokyo
|player|p2|
