|j|☆RDBazryth
|j|☆EspaguetiCosmico
|t:|1779800712
|gametype|singles
|player|p1|RDBazryth|benga|1176
|player|p2|EspaguetiCosmico|crasherwake|1227
|gen|9
|tier|[Gen 9] OU
|rated|
|rule|HP Percentage Mod: HP is shown in percentages
|rule|Endless Battle Clause: Forcing endless battles is banned
|rule|Species Clause: Limit one of each Pokémon
|rule|OHKO Clause: OHKO moves are banned
|rule|Evasion Items Clause: Evasion items are banned
|rule|Evasion Moves Clause: Evasion moves are banned
|rule|Evasion Abilities Clause: Evasion abilities are banned
|rule|Sleep Moves Clause: Sleep-inducing moves are banned
|clearpoke
|poke|p1|Zoroark-Hisui, M|
|poke|p1|Kingambit, M|
|poke|p1|Enamorus-Therian, F|
|poke|p1|Conkeldurr, F|
|poke|p1|Raging Bolt|
|poke|p1|Landorus-Therian, M|
|poke|p2|Mimikyu, F|
|poke|p2|Iron Valiant|
|poke|p2|Azumarill, F|
|poke|p2|Ditto|
|poke|p2|Great Tusk|
|poke|p2|Clodsire, F|
|teampreview
|inactive|Battle timer is ON: inactive players will automatically lose when time's up. (requested by RDBazryth)
|
|t:|1779800741
|teamsize|p1|6
|teamsize|p2|6
|start
|switch|p1a: Landorus|Landorus-Therian, M|100/100
|switch|p2a: Cloddy #1|Clodsire, F|100/100
|-ability|p1a: Landorus|Intimidate|boost
|-unboost|p2a: Cloddy #1|atk|1
|turn|1
|
|t:|1779800750
|move|p1a: Landorus|Earthquake|p2a: Cloddy #1
|-supereffective|p2a: Cloddy #1
|-damage|p2a: Cloddy #1|0 fnt
|faint|p2a: Cloddy #1
|
|upkeep
|
|t:|1779800756
|switch|p2a: Bunbun|Azumarill, F|100/100
|turn|2
|
|t:|1779800762
|move|p1a: Landorus|Earthquake|p2a: Bunbun
|-damage|p2a: Bunbun|41/100
|-enditem|p2a: Bunbun|Sitrus Berry|[eat]
|-heal|p2a: Bunbun|66/100|[from] item: Sitrus Berry
|move|p2a: Bunbun|Belly Drum|p2a: Bunbun
|-damage|p2a: Bunbun|16/100
|-setboost|p2a: Bunbun|atk|6|[from] move: Belly Drum
|
|upkeep
|turn|3
|
|t:|1779800772
|move|p2a: Bunbun|Aqua Jet|p1a: Landorus
|-supereffective|p1a: Landorus
|-damage|p1a: Landorus|0 fnt
|faint|p1a: Landorus
|
|upkeep
|
|t:|1779800775
|switch|p1a: Raging Bolt|Raging Bolt|100/100
|turn|4
|
|t:|1779800779
|move|p1a: Raging Bolt|Thunderclap|p2a: Bunbun
|-supereffective|p2a: Bunbun
|-damage|p2a: Bunbun|0 fnt
|faint|p2a: Bunbun
|
|upkeep
|
|t:|1779800785
|switch|p2a: Manolo|Great Tusk|100/100
|turn|5
|
|t:|1779800790
|-end|p1a: Raging Bolt|Protosynthesis|[silent]
|switch|p1a: Enamorus|Enamorus-Therian, F|100/100
|move|p2a: Manolo|Headlong Rush|p1a: Enamorus
|-immune|p1a: Enamorus
|
|upkeep
|turn|6
|
|t:|1779800801
|move|p2a: Manolo|Knock Off|p1a: Enamorus
|-resisted|p1a: Enamorus
|-damage|p1a: Enamorus|83/100
|-enditem|p1a: Enamorus|Custap Berry|[from] move: Knock Off|[of] p2a: Manolo
|move|p1a: Enamorus|Springtide Storm|p2a: Manolo
|-supereffective|p2a: Manolo
|-damage|p2a: Manolo|1/100
|
|upkeep
|turn|7
|
|t:|1779800821
|-end|p2a: Manolo|Protosynthesis|[silent]
|switch|p2a: Croto|Ditto|100/100
|-transform|p2a: Croto|p1a: Enamorus|[from] ability: Imposter
|-item|p2a: Croto|Air Balloon
|move|p1a: Enamorus|Springtide Storm|p2a: Croto
|-crit|p2a: Croto
|-damage|p2a: Croto|1/100
|-enditem|p2a: Croto|Air Balloon
|
|upkeep
|turn|8
|
|t:|1779800840
|move|p1a: Enamorus|Mystical Fire|p2a: Croto
|-crit|p2a: Croto
|-damage|p2a: Croto|0 fnt
|faint|p2a: Croto
|
|upkeep
|
|t:|1779800849
|switch|p2a: Albacete|Iron Valiant|100/100
|-enditem|p2a: Albacete|Booster Energy
|-activate|p2a: Albacete|ability: Quark Drive|[fromitem]
|-start|p2a: Albacete|quarkdrivespe
|turn|9
|
|t:|1779800855
|move|p2a: Albacete|Thunderbolt|p1a: Enamorus
|-supereffective|p1a: Enamorus
|-damage|p1a: Enamorus|26/100
|move|p1a: Enamorus|Misty Explosion|p2a: Albacete
|-supereffective|p2a: Albacete
|-damage|p2a: Albacete|0 fnt
|faint|p1a: Enamorus
|faint|p2a: Albacete
|-end|p2a: Albacete|Quark Drive|[silent]
|
|upkeep
|
|t:|1779800868
|switch|p2a: Manolo|Great Tusk|1/100
|switch|p1a: Kingambit|Kingambit, M|100/100
|turn|10
|
|t:|1779800876
|move|p1a: Kingambit|Hyper Voice|p2a: Manolo
|-damage|p2a: Manolo|0 fnt
|faint|p2a: Manolo
|-end|p2a: Manolo|Protosynthesis|[silent]
|
|upkeep
|
|t:|1779800880
|switch|p2a: Beloved #2|Mimikyu, F|100/100
|turn|11
|
|t:|1779800886
|move|p2a: Beloved #2|Swords Dance|p2a: Beloved #2
|-boost|p2a: Beloved #2|atk|2
|move|p1a: Kingambit|Bitter Malice|p2a: Beloved #2
|-activate|p2a: Beloved #2|ability: Disguise
|-damage|p2a: Beloved #2|100/100
|-unboost|p2a: Beloved #2|atk|1
|detailschange|p2a: Beloved #2|Mimikyu-Busted, F
|-damage|p2a: Beloved #2|88/100|[from] pokemon: Mimikyu-Busted
|
|upkeep
|turn|12
|
|t:|1779800904
|move|p2a: Beloved #2|Shadow Sneak|p1a: Kingambit
|-immune|p1a: Kingambit
|move|p1a: Kingambit|Bitter Malice|p2a: Beloved #2
|-supereffective|p2a: Beloved #2
|-damage|p2a: Beloved #2|0 fnt
|faint|p2a: Beloved #2
|
|win|RDBazryth
|raw|RDBazryth's rating: 1176 &rarr; <strong>1205</strong><br />(+29 for winning)
|raw|EspaguetiCosmico's rating: 1227 &rarr; <strong>1198</strong><br />(-29 for losing)
|l|☆EspaguetiCosmico
|player|p2|
