|j|‽whyudodoe
|j|☆pyxr
|t:|1779863069
|gametype|singles
|player|p1|whyudodoe|1|1464
|player|p2|pyxr|1|1506
|gen|9
|tier|[Gen 9] OU
|rated|
|rule|HP Percentage Mod: HP is shown in percentages
|rule|Endless Battle Clause: Forcing endless battles is banned
|rule|Species Clause: Limit one of each Pokémon
|rule|OHKO Clause: OHKO moves are banned
|rule|Evasion Items Clause: Evasion items are banned
|rule|Evasion Moves Clause: Evasion moves are banned
|rule|Evasion Abilities Clause: Evasion abilities are banned
|rule|Sleep Moves Clause: Sleep-inducing moves are banned
|clearpoke
|poke|p1|Blaziken, F|
|poke|p1|Rotom-Wash|
|poke|p1|Slowking-Galar, F|
|poke|p1|Great Tusk|
|poke|p1|Weavile, F|
|poke|p1|Tinkaton, F|
|poke|p2|Gliscor, M|
|poke|p2|Corviknight, F|
|poke|p2|Weezing-Galar, M|
|poke|p2|Alomomola, F|
|poke|p2|Zamazenta-*|
|poke|p2|Ditto|
|teampreview
|inactive|Battle timer is ON: inactive players will automatically lose when time's up. (requested by pyxr)
|
|t:|1779863098
|teamsize|p1|6
|teamsize|p2|6
|start
|switch|p1a: Tinkaton|Tinkaton, F|100/100
|switch|p2a: Gliscor|Gliscor, M|100/100
|-item|p1a: Tinkaton|Air Balloon
|turn|1
|
|t:|1779863113
|switch|p2a: Corviknight|Corviknight, F|100/100
|-ability|p2a: Corviknight|Pressure
|move|p1a: Tinkaton|Swords Dance|p1a: Tinkaton
|-boost|p1a: Tinkaton|atk|2
|
|upkeep
|turn|2
|
|t:|1779863121
|move|p1a: Tinkaton|Stealth Rock|p2a: Corviknight
|-sidestart|p2: pyxr|move: Stealth Rock
|move|p2a: Corviknight|Iron Defense|p2a: Corviknight
|-boost|p2a: Corviknight|def|2
|
|upkeep
|turn|3
|
|t:|1779863130
|switch|p1a: Slowking|Slowking-Galar, F|100/100
|move|p2a: Corviknight|U-turn|p1a: Slowking
|-damage|p1a: Slowking|88/100
|-damage|p2a: Corviknight|84/100|[from] item: Rocky Helmet|[of] p1a: Slowking
|
|t:|1779863155
|switch|p2a: Alomomola|Alomomola, F|100/100|[from] U-turn
|-damage|p2a: Alomomola|88/100|[from] Stealth Rock
|
|upkeep
|turn|4
|
|t:|1779863169
|move|p2a: Alomomola|Body Slam|p1a: Slowking
|-damage|p1a: Slowking|74/100
|-status|p1a: Slowking|par
|-damage|p2a: Alomomola|71/100|[from] item: Rocky Helmet|[of] p1a: Slowking
|cant|p1a: Slowking|par
|
|upkeep
|turn|5
|
|t:|1779863176
|move|p2a: Alomomola|Flip Turn|p1a: Slowking
|-damage|p1a: Slowking|60/100 par
|-damage|p2a: Alomomola|55/100|[from] item: Rocky Helmet|[of] p1a: Slowking
|
|t:|1779863180
|switch|p2a: Weezing|Weezing-Galar, M|100/100|[from] Flip Turn
|-ability|p2a: Weezing|Neutralizing Gas
|move|p1a: Slowking|Flamethrower|p2a: Weezing
|-damage|p2a: Weezing|70/100
|
|upkeep
|turn|6
|
|t:|1779863188
|move|p2a: Weezing|Defog|p1a: Slowking
|-unboost|p1a: Slowking|evasion|1
|-sideend|p2: pyxr|Stealth Rock|[from] move: Defog|[of] p2a: Weezing
|move|p1a: Slowking|Sludge Bomb|p2a: Weezing
|-damage|p2a: Weezing|25/100
|
|upkeep
|turn|7
|
|t:|1779863199
|-end|p2a: Weezing|ability: Neutralizing Gas
|switch|p2a: Alomomola|Alomomola, F|88/100
|cant|p1a: Slowking|par
|
|upkeep
|turn|8
|
|t:|1779863212
|switch|p2a: Ditto|Ditto|100/100
|-transform|p2a: Ditto|p1a: Slowking|[from] ability: Imposter
|-prepare|p1a: Slowking|Chilly Reception|[premajor]
|move|p1a: Slowking|Chilly Reception|p1a: Slowking
|-weather|Snowscape
|
|t:|1779863216
|switch|p1a: Weavile|Weavile, F|100/100|[from] Chilly Reception
|-ability|p1a: Weavile|Pressure
|
|-weather|Snowscape|[upkeep]
|upkeep
|turn|9
|
|t:|1779863224
|switch|p2a: Corviknight|Corviknight, F|84/100
|-ability|p2a: Corviknight|Pressure
|move|p1a: Weavile|Knock Off|p2a: Corviknight
|-crit|p2a: Corviknight
|-damage|p2a: Corviknight|11/100
|-damage|p1a: Weavile|84/100|[from] item: Rocky Helmet|[of] p2a: Corviknight
|-enditem|p2a: Corviknight|Rocky Helmet|[from] move: Knock Off|[of] p1a: Weavile
|
|-weather|Snowscape|[upkeep]
|upkeep
|turn|10
|
|t:|1779863230
|move|p1a: Weavile|Knock Off|p2a: Corviknight
|-damage|p2a: Corviknight|0 fnt
|faint|p2a: Corviknight
|
|-weather|Snowscape|[upkeep]
|upkeep
|
|t:|1779863240
|switch|p2a: Zamazenta|Zamazenta|100/100
|-ability|p2a: Zamazenta|Dauntless Shield|boost
|-boost|p2a: Zamazenta|def|1
|turn|11
|
|t:|1779863250
|switch|p1a: Great Tusk|Great Tusk|100/100
|move|p2a: Zamazenta|Close Combat|p1a: Great Tusk
|-damage|p1a: Great Tusk|46/100
|-unboost|p2a: Zamazenta|def|1
|-unboost|p2a: Zamazenta|spd|1
|
|-weather|Snowscape|[upkeep]
|upkeep
|turn|12
|
|t:|1779863254
|-end|p1a: Great Tusk|Protosynthesis|[silent]
|switch|p1a: Slowking|Slowking-Galar, F|93/100 par
|move|p2a: Zamazenta|Close Combat|p1a: Slowking
|-resisted|p1a: Slowking
|-damage|p1a: Slowking|75/100 par
|-unboost|p2a: Zamazenta|def|1
|-unboost|p2a: Zamazenta|spd|1
|-damage|p2a: Zamazenta|84/100|[from] item: Rocky Helmet|[of] p1a: Slowking
|
|-weather|none
|upkeep
|turn|13
|inactive|pyxr has 120 seconds left.
|
|t:|1779863287
|switch|p2a: Gliscor|Gliscor, M|100/100
|-prepare|p1a: Slowking|Chilly Reception|[premajor]
|cant|p1a: Slowking|par
|
|-status|p2a: Gliscor|tox|[from] item: Toxic Orb
|upkeep
|turn|14
|
|t:|1779863296
|move|p2a: Gliscor|Swords Dance|p2a: Gliscor
|-boost|p2a: Gliscor|atk|2
|move|p1a: Slowking|Ice Beam|p2a: Gliscor
|-supereffective|p2a: Gliscor
|-damage|p2a: Gliscor|16/100 tox
|
|-heal|p2a: Gliscor|28/100 tox|[from] ability: Poison Heal
|upkeep
|turn|15
|
|t:|1779863305
|switch|p1a: Rotom|Rotom-Wash|100/100
|move|p2a: Gliscor|Earthquake|p1a: Rotom
|-immune|p1a: Rotom|[from] ability: Levitate
|
|-heal|p2a: Gliscor|41/100 tox|[from] ability: Poison Heal
|upkeep
|turn|16
|
|t:|1779863309
|move|p2a: Gliscor|Protect|p2a: Gliscor
|-singleturn|p2a: Gliscor|Protect
|move|p1a: Rotom|Hydro Pump|p2a: Gliscor
|-activate|p2a: Gliscor|move: Protect
|
|-heal|p2a: Gliscor|53/100 tox|[from] ability: Poison Heal
|upkeep
|turn|17
|
|t:|1779863315
|-terastallize|p2a: Gliscor|Normal
|move|p1a: Rotom|Hydro Pump|p2a: Gliscor
|-damage|p2a: Gliscor|18/100 tox
|move|p2a: Gliscor|Facade|p1a: Rotom
|-damage|p1a: Rotom|25/100
|-damage|p2a: Gliscor|1/100 tox|[from] item: Rocky Helmet|[of] p1a: Rotom
|
|-heal|p2a: Gliscor|14/100 tox|[from] ability: Poison Heal
|upkeep
|turn|18
|
|t:|1779863326
|switch|p1a: Weavile|Weavile, F|84/100
|-ability|p1a: Weavile|Pressure
|move|p2a: Gliscor|Protect||[still]
|-fail|p2a: Gliscor
|
|-heal|p2a: Gliscor|26/100 tox|[from] ability: Poison Heal
|upkeep
|turn|19
|
|t:|1779863333
|move|p2a: Gliscor|Protect|p2a: Gliscor
|-singleturn|p2a: Gliscor|Protect
|move|p1a: Weavile|Knock Off|p2a: Gliscor
|-activate|p2a: Gliscor|move: Protect
|
|-heal|p2a: Gliscor|39/100 tox|[from] ability: Poison Heal
|upkeep
|turn|20
|
|t:|1779863345
|switch|p2a: Alomomola|Alomomola, F|100/100
|move|p1a: Weavile|Knock Off|p2a: Alomomola
|-damage|p2a: Alomomola|49/100
|-enditem|p2a: Alomomola|Assault Vest|[from] move: Knock Off|[of] p1a: Weavile
|
|upkeep
|turn|21
|
|t:|1779863350
|switch|p1a: Slowking|Slowking-Galar, F|100/100 par
|move|p2a: Alomomola|Flip Turn|p1a: Slowking
|-damage|p1a: Slowking|87/100 par
|-damage|p2a: Alomomola|32/100|[from] item: Rocky Helmet|[of] p1a: Slowking
|
|t:|1779863355
|switch|p2a: Ditto|Ditto|100/100|[from] Flip Turn
|-transform|p2a: Ditto|p1a: Slowking|[from] ability: Imposter
|
|upkeep
|turn|22
|
|t:|1779863359
|-prepare|p2a: Ditto|Chilly Reception|[premajor]
|move|p2a: Ditto|Chilly Reception|p2a: Ditto
|-weather|Snowscape
|
|t:|1779863362
|switch|p2a: Alomomola|Alomomola, F|65/100|[from] Chilly Reception
|-prepare|p1a: Slowking|Chilly Reception|[premajor]
|move|p1a: Slowking|Chilly Reception|p1a: Slowking
|
|t:|1779863365
|switch|p1a: Tinkaton|Tinkaton, F|100/100|[from] Chilly Reception
|-item|p1a: Tinkaton|Air Balloon
|
|-weather|Snowscape|[upkeep]
|upkeep
|turn|23
|
|t:|1779863374
|move|p1a: Tinkaton|Stealth Rock|p2a: Alomomola
|-sidestart|p2: pyxr|move: Stealth Rock
|move|p2a: Alomomola|Flip Turn|p1a: Tinkaton
|-damage|p1a: Tinkaton|79/100
|-enditem|p1a: Tinkaton|Air Balloon
|
|t:|1779863387
|switch|p2a: Ditto|Ditto|100/100|[from] Flip Turn
|-damage|p2a: Ditto|88/100|[from] Stealth Rock
|-transform|p2a: Ditto|p1a: Tinkaton|[from] ability: Imposter
|
|-weather|Snowscape|[upkeep]
|upkeep
|turn|24
|
|t:|1779863398
|switch|p1a: Blaziken|Blaziken, F|100/100
|move|p2a: Ditto|Stealth Rock|p1a: Blaziken
|-sidestart|p1: whyudodoe|move: Stealth Rock
|
|-weather|Snowscape|[upkeep]
|upkeep
|turn|25
|
|t:|1779863412
|switch|p2a: Alomomola|Alomomola, F|99/100
|-damage|p2a: Alomomola|86/100|[from] Stealth Rock
|-terastallize|p1a: Blaziken|Ground
|move|p1a: Blaziken|Earthquake|p2a: Alomomola
|-damage|p2a: Alomomola|53/100
|
|-weather|Snowscape|[upkeep]
|-ability|p1a: Blaziken|Speed Boost|boost
|-boost|p1a: Blaziken|spe|1
|upkeep
|turn|26
|
|t:|1779863419
|move|p1a: Blaziken|Protect|p1a: Blaziken
|-singleturn|p1a: Blaziken|Protect
|move|p2a: Alomomola|Flip Turn|p1a: Blaziken
|-activate|p1a: Blaziken|move: Protect
|
|-weather|none
|-ability|p1a: Blaziken|Speed Boost|boost
|-boost|p1a: Blaziken|spe|1
|upkeep
|turn|27
|
|t:|1779863422
|move|p1a: Blaziken|Earthquake|p2a: Alomomola
|-crit|p2a: Alomomola
|-damage|p2a: Alomomola|2/100
|move|p2a: Alomomola|Flip Turn|p1a: Blaziken
|-supereffective|p1a: Blaziken
|-damage|p1a: Blaziken|50/100
|
|t:|1779863428
|switch|p2a: Ditto|Ditto|88/100|[from] Flip Turn
|-damage|p2a: Ditto|76/100|[from] Stealth Rock
|-transform|p2a: Ditto|p1a: Blaziken|[from] ability: Imposter
|
|-ability|p1a: Blaziken|Speed Boost|boost
|-boost|p1a: Blaziken|spe|1
|upkeep
|-start|p2a: Ditto|typechange|Fire/Fighting|[silent]
|turn|28
|
|t:|1779863435
|move|p1a: Blaziken|Protect|p1a: Blaziken
|-singleturn|p1a: Blaziken|Protect
|move|p2a: Ditto|Overheat|p1a: Blaziken
|-activate|p1a: Blaziken|move: Protect
|
|-ability|p2a: Ditto|Speed Boost|boost
|-boost|p2a: Ditto|spe|1
|-ability|p1a: Blaziken|Speed Boost|boost
|-boost|p1a: Blaziken|spe|1
|upkeep
|turn|29
|
|t:|1779863445
|switch|p2a: Gliscor|Gliscor, M, tera:Normal|39/100 tox
|-damage|p2a: Gliscor|26/100 tox|[from] Stealth Rock
|switch|p1a: Slowking|Slowking-Galar, F|100/100 par
|-damage|p1a: Slowking|88/100 par|[from] Stealth Rock
|
|-heal|p2a: Gliscor|39/100 tox|[from] ability: Poison Heal
|upkeep
|turn|30
|
|t:|1779863454
|move|p2a: Gliscor|Earthquake|p1a: Slowking
|-supereffective|p1a: Slowking
|-damage|p1a: Slowking|33/100 par
|-prepare|p1a: Slowking|Chilly Reception|[premajor]
|move|p1a: Slowking|Chilly Reception|p1a: Slowking
|-weather|Snowscape
|
|t:|1779863457
|switch|p1a: Weavile|Weavile, F|84/100|[from] Chilly Reception
|-damage|p1a: Weavile|59/100|[from] Stealth Rock
|-ability|p1a: Weavile|Pressure
|
|-weather|Snowscape|[upkeep]
|-heal|p2a: Gliscor|51/100 tox|[from] ability: Poison Heal
|upkeep
|turn|31
|
|t:|1779863467
|move|p2a: Gliscor|Protect|p2a: Gliscor
|-singleturn|p2a: Gliscor|Protect
|move|p1a: Weavile|Knock Off|p2a: Gliscor
|-activate|p2a: Gliscor|move: Protect
|
|-weather|Snowscape|[upkeep]
|-heal|p2a: Gliscor|63/100 tox|[from] ability: Poison Heal
|upkeep
|turn|32
|
|t:|1779863487
|move|p1a: Weavile|Knock Off|p2a: Gliscor
|-damage|p2a: Gliscor|2/100 tox
|-enditem|p2a: Gliscor|Toxic Orb|[from] move: Knock Off|[of] p1a: Weavile
|move|p2a: Gliscor|Facade|p1a: Weavile
|-damage|p1a: Weavile|8/100
|
|-weather|Snowscape|[upkeep]
|-heal|p2a: Gliscor|14/100 tox|[from] ability: Poison Heal
|upkeep
|turn|33
|
|t:|1779863492
|move|p2a: Gliscor|Protect|p2a: Gliscor
|-singleturn|p2a: Gliscor|Protect
|move|p1a: Weavile|Knock Off|p2a: Gliscor
|-activate|p2a: Gliscor|move: Protect
|
|-weather|Snowscape|[upkeep]
|-heal|p2a: Gliscor|26/100 tox|[from] ability: Poison Heal
|upkeep
|turn|34
|
|t:|1779863494
|switch|p2a: Weezing|Weezing-Galar, M|25/100
|-ability|p2a: Weezing|Neutralizing Gas
|move|p1a: Weavile|Knock Off|p2a: Weezing
|-resisted|p2a: Weezing
|-damage|p2a: Weezing|3/100
|-enditem|p2a: Weezing|Heavy-Duty Boots|[from] move: Knock Off|[of] p1a: Weavile
|
|-weather|none
|upkeep
|turn|35
|
|t:|1779863503
|switch|p1a: Great Tusk|Great Tusk|46/100
|-damage|p1a: Great Tusk|43/100|[from] Stealth Rock
|move|p2a: Weezing|Sludge Bomb|p1a: Great Tusk
|-resisted|p1a: Great Tusk
|-crit|p1a: Great Tusk
|-damage|p1a: Great Tusk|17/100
|-status|p1a: Great Tusk|psn
|
|-damage|p1a: Great Tusk|5/100 psn|[from] psn
|upkeep
|turn|36
|
|t:|1779863510
|move|p1a: Great Tusk|Rapid Spin|p2a: Weezing
|-damage|p2a: Weezing|0 fnt
|-boost|p1a: Great Tusk|spe|1
|-sideend|p1: whyudodoe|Stealth Rock|[from] move: Rapid Spin|[of] p1a: Great Tusk
|faint|p2a: Weezing
|-end|p2a: Weezing|ability: Neutralizing Gas
|
|-damage|p1a: Great Tusk|0 fnt|[from] psn
|faint|p1a: Great Tusk
|-end|p1a: Great Tusk|Protosynthesis|[silent]
|upkeep
|
|t:|1779863520
|switch|p1a: Blaziken|Blaziken, F, tera:Ground|50/100
|switch|p2a: Zamazenta|Zamazenta|84/100
|-damage|p2a: Zamazenta|78/100|[from] Stealth Rock
|turn|37
|
|t:|1779863528
|move|p1a: Blaziken|Protect|p1a: Blaziken
|-singleturn|p1a: Blaziken|Protect
|move|p2a: Zamazenta|Close Combat|p1a: Blaziken
|-activate|p1a: Blaziken|move: Protect
|
|-ability|p1a: Blaziken|Speed Boost|boost
|-boost|p1a: Blaziken|spe|1
|upkeep
|turn|38
|
|t:|1779863546
|switch|p2a: Gliscor|Gliscor, M, tera:Normal|26/100 tox
|-damage|p2a: Gliscor|14/100 tox|[from] Stealth Rock
|switch|p1a: Slowking|Slowking-Galar, F|66/100 par
|
|-heal|p2a: Gliscor|26/100 tox|[from] ability: Poison Heal
|upkeep
|turn|39
|
|t:|1779863555
|switch|p1a: Rotom|Rotom-Wash|25/100
|move|p2a: Gliscor|Earthquake|p1a: Rotom
|-immune|p1a: Rotom|[from] ability: Levitate
|
|-heal|p2a: Gliscor|39/100 tox|[from] ability: Poison Heal
|upkeep
|turn|40
|
|t:|1779863565
|move|p2a: Gliscor|Protect|p2a: Gliscor
|-singleturn|p2a: Gliscor|Protect
|move|p1a: Rotom|Hydro Pump|p2a: Gliscor
|-activate|p2a: Gliscor|move: Protect
|
|-heal|p2a: Gliscor|51/100 tox|[from] ability: Poison Heal
|upkeep
|turn|41
|
|t:|1779863569
|move|p1a: Rotom|Hydro Pump|p2a: Gliscor
|-damage|p2a: Gliscor|15/100 tox
|move|p2a: Gliscor|Facade|p1a: Rotom
|-damage|p1a: Rotom|0 fnt
|-damage|p2a: Gliscor|0 fnt|[from] item: Rocky Helmet|[of] p1a: Rotom
|faint|p1a: Rotom
|faint|p2a: Gliscor
|
|upkeep
|
|t:|1779863578
|switch|p1a: Slowking|Slowking-Galar, F|99/100 par
|switch|p2a: Ditto|Ditto|76/100
|-damage|p2a: Ditto|63/100|[from] Stealth Rock
|-transform|p2a: Ditto|p1a: Slowking|[from] ability: Imposter
|turn|42
|
|t:|1779863583
|-prepare|p2a: Ditto|Chilly Reception|[premajor]
|move|p2a: Ditto|Chilly Reception|p2a: Ditto
|-weather|Snowscape
|
|t:|1779863586
|switch|p2a: Alomomola|Alomomola, F|36/100|[from] Chilly Reception
|-damage|p2a: Alomomola|23/100|[from] Stealth Rock
|move|p1a: Slowking|Sludge Bomb|p2a: Alomomola
|-damage|p2a: Alomomola|0 fnt
|faint|p2a: Alomomola
|
|-weather|Snowscape|[upkeep]
|upkeep
|
|t:|1779863593
|switch|p2a: Ditto|Ditto|97/100
|-damage|p2a: Ditto|84/100|[from] Stealth Rock
|-transform|p2a: Ditto|p1a: Slowking|[from] ability: Imposter
|turn|43
|
|t:|1779863599
|move|p2a: Ditto|Ice Beam|p1a: Slowking
|-damage|p1a: Slowking|84/100 par
|move|p1a: Slowking|Sludge Bomb|p2a: Ditto
|-resisted|p2a: Ditto
|-damage|p2a: Ditto|69/100
|
|-weather|Snowscape|[upkeep]
|upkeep
|turn|44
|
|t:|1779863603
|move|p2a: Ditto|Ice Beam|p1a: Slowking
|-damage|p1a: Slowking|68/100 par
|cant|p1a: Slowking|par
|
|-weather|Snowscape|[upkeep]
|upkeep
|turn|45
|
|t:|1779863607
|move|p2a: Ditto|Ice Beam|p1a: Slowking
|-damage|p1a: Slowking|51/100 par
|move|p1a: Slowking|Flamethrower|p2a: Ditto
|-damage|p2a: Ditto|46/100
|
|-weather|Snowscape|[upkeep]
|upkeep
|turn|46
|
|t:|1779863611
|switch|p2a: Zamazenta|Zamazenta|78/100
|-damage|p2a: Zamazenta|72/100|[from] Stealth Rock
|move|p1a: Slowking|Flamethrower|p2a: Zamazenta
|-damage|p2a: Zamazenta|51/100
|
|-weather|none
|upkeep
|turn|47
|
|t:|1779863617
|switch|p1a: Tinkaton|Tinkaton, F|79/100
|move|p2a: Zamazenta|Crunch|p1a: Tinkaton
|-resisted|p1a: Tinkaton
|-damage|p1a: Tinkaton|55/100
|-enditem|p2a: Zamazenta|Choice Band|[silent]|[from] ability: Pickpocket|[of] p2a: Zamazenta
|-item|p1a: Tinkaton|Choice Band|[from] ability: Pickpocket|[of] p2a: Zamazenta
|
|upkeep
|turn|48
|
|t:|1779863624
|switch|p1a: Slowking|Slowking-Galar, F|84/100 par
|move|p2a: Zamazenta|Close Combat|p1a: Slowking
|-resisted|p1a: Slowking
|-damage|p1a: Slowking|73/100 par
|-unboost|p2a: Zamazenta|def|1
|-unboost|p2a: Zamazenta|spd|1
|-damage|p2a: Zamazenta|34/100|[from] item: Rocky Helmet|[of] p1a: Slowking
|
|upkeep
|turn|49
|
|t:|1779863627
|switch|p2a: Ditto|Ditto|80/100
|-damage|p2a: Ditto|67/100|[from] Stealth Rock
|-transform|p2a: Ditto|p1a: Slowking|[from] ability: Imposter
|switch|p1a: Tinkaton|Tinkaton, F|55/100
|
|upkeep
|turn|50
|
|t:|1779863644
|move|p1a: Tinkaton|Gigaton Hammer|p2a: Ditto
|-damage|p2a: Ditto|0 fnt
|faint|p2a: Ditto
|
|upkeep
|
|t:|1779863646
|switch|p2a: Zamazenta|Zamazenta|34/100
|-damage|p2a: Zamazenta|28/100|[from] Stealth Rock
|turn|51
|
|t:|1779863651
|switch|p1a: Slowking|Slowking-Galar, F|100/100 par
|move|p2a: Zamazenta|Close Combat|p1a: Slowking
|-resisted|p1a: Slowking
|-damage|p1a: Slowking|90/100 par
|-unboost|p2a: Zamazenta|def|1
|-unboost|p2a: Zamazenta|spd|1
|-damage|p2a: Zamazenta|11/100|[from] item: Rocky Helmet|[of] p1a: Slowking
|
|upkeep
|turn|52
|
|t:|1779863661
|move|p2a: Zamazenta|Crunch|p1a: Slowking
|-supereffective|p1a: Slowking
|-damage|p1a: Slowking|49/100 par
|-unboost|p1a: Slowking|def|1
|-damage|p2a: Zamazenta|0 fnt|[from] item: Rocky Helmet|[of] p1a: Slowking
|faint|p2a: Zamazenta
|
|win|whyudodoe
|raw|whyudodoe's rating: 1464 &rarr; <strong>1486</strong><br />(+22 for winning)
|raw|pyxr's rating: 1506 &rarr; <strong>1484</strong><br />(-22 for losing)
|l|☆pyxr
|player|p2|
|l|‽whyudodoe
|player|p1|
