|j|☆Quagsires gf
|j|☆easydingo
|t:|1779971140
|gametype|singles
|player|p1|Quagsires gf|101|1108
|player|p2|easydingo|169|1101
|gen|9
|tier|[Gen 9] OU
|rated|
|rule|HP Percentage Mod: HP is shown in percentages
|rule|Endless Battle Clause: Forcing endless battles is banned
|rule|Species Clause: Limit one of each Pokémon
|rule|OHKO Clause: OHKO moves are banned
|rule|Evasion Items Clause: Evasion items are banned
|rule|Evasion Moves Clause: Evasion moves are banned
|rule|Evasion Abilities Clause: Evasion abilities are banned
|rule|Sleep Moves Clause: Sleep-inducing moves are banned
|clearpoke
|poke|p1|Arboliva, F|
|poke|p1|Illumise, F|
|poke|p1|Pawmot, F|
|poke|p1|Banette, F|
|poke|p1|Wigglytuff, M|
|poke|p1|Gardevoir, M|
|poke|p2|Pelipper, L99, F|
|poke|p2|Barraskewda, F|
|poke|p2|Raging Bolt|
|poke|p2|Golduck, F|
|poke|p2|Pawmot, F|
|poke|p2|Tentacruel, F|
|teampreview
|inactive|Battle timer is ON: inactive players will automatically lose when time's up. (requested by Quagsires gf)
|
|t:|1779971150
|teamsize|p1|6
|teamsize|p2|6
|start
|switch|p1a: Wigglytuff|Wigglytuff, M, shiny|100/100
|switch|p2a: Spaghetti Too|Tentacruel, F|100/100
|turn|1
|
|t:|1779971167
|switch|p1a: Arboliva|Arboliva, F|100/100
|move|p2a: Spaghetti Too|Poison Jab|p1a: Arboliva
|-supereffective|p1a: Arboliva
|-damage|p1a: Arboliva|62/100
|-status|p1a: Arboliva|psn
|
|-damage|p1a: Arboliva|49/100 psn|[from] psn
|upkeep
|-enditem|p1a: Arboliva|Sitrus Berry|[eat]
|-heal|p1a: Arboliva|74/100 psn|[from] item: Sitrus Berry
|turn|2
|l|☆easydingo
|inactive|easydingo disconnected and has a minute to reconnect!
|player|p2|
|j|☆easydingo
|inactive|easydingo reconnected and has 130 seconds left.
|player|p2|easydingo|169|
|
|t:|1779971195
|move|p2a: Spaghetti Too|Flip Turn|p1a: Arboliva
|-resisted|p1a: Arboliva
|-damage|p1a: Arboliva|66/100 psn
|inactive|easydingo has 120 seconds left.
|
|t:|1779971206
|switch|p2a: Great Neck|Raging Bolt|100/100|[from] Flip Turn
|move|p1a: Arboliva|Earth Power|p2a: Great Neck
|-supereffective|p2a: Great Neck
|-crit|p2a: Great Neck
|-damage|p2a: Great Neck|16/100
|
|-heal|p2a: Great Neck|22/100|[from] item: Leftovers
|-damage|p1a: Arboliva|54/100 psn|[from] psn
|-item|p1a: Arboliva|Sitrus Berry|[from] ability: Harvest
|upkeep
|turn|3
|inactive|easydingo has 120 seconds left.
|
|t:|1779971224
|move|p2a: Great Neck|Thunder|p1a: Arboliva
|-resisted|p1a: Arboliva
|-damage|p1a: Arboliva|27/100 psn
|-enditem|p1a: Arboliva|Sitrus Berry|[eat]
|-heal|p1a: Arboliva|52/100 psn|[from] item: Sitrus Berry
|move|p1a: Arboliva|Leech Seed|p2a: Great Neck
|-start|p2a: Great Neck|move: Leech Seed
|
|-heal|p2a: Great Neck|28/100|[from] item: Leftovers
|-damage|p2a: Great Neck|16/100|[from] Leech Seed|[of] p1a: Arboliva
|-heal|p1a: Arboliva|66/100 psn|[silent]
|-damage|p1a: Arboliva|53/100 psn|[from] psn
|upkeep
|turn|4
|
|t:|1779971235
|-end|p2a: Great Neck|Protosynthesis|[silent]
|switch|p2a: Spaghetti Too|Tentacruel, F|100/100
|move|p1a: Arboliva|Metronome|p1a: Arboliva
|move|p1a: Arboliva|Play Nice|p2a: Spaghetti Too|[from] move: Metronome
|-unboost|p2a: Spaghetti Too|atk|1
|
|-damage|p1a: Arboliva|41/100 psn|[from] psn
|-item|p1a: Arboliva|Sitrus Berry|[from] ability: Harvest
|upkeep
|-enditem|p1a: Arboliva|Sitrus Berry|[eat]
|-heal|p1a: Arboliva|66/100 psn|[from] item: Sitrus Berry
|turn|5
|
|t:|1779971242
|move|p1a: Arboliva|Earth Power|p2a: Spaghetti Too
|-supereffective|p2a: Spaghetti Too
|-crit|p2a: Spaghetti Too
|-damage|p2a: Spaghetti Too|60/100
|-unboost|p2a: Spaghetti Too|spd|1
|move|p2a: Spaghetti Too|Mirror Coat|p1a: Arboliva
|-damage|p1a: Arboliva|0 fnt
|faint|p1a: Arboliva
|
|upkeep
|
|t:|1779971252
|switch|p1a: Pawmot|Pawmot, F|100/100
|turn|6
|
|t:|1779971263
|switch|p2a: Great Neck|Raging Bolt|16/100
|move|p1a: Pawmot|Revival Blessing|p1a: Pawmot
|-enditem|p1a: Pawmot|Leppa Berry|[eat]
|-activate|p1a: Pawmot|item: Leppa Berry|Revival Blessing|[consumed]
|
|t:|1779971266
|-heal|p1: Arboliva|50/100|[from] move: Revival Blessing
|
|-heal|p2a: Great Neck|22/100|[from] item: Leftovers
|upkeep
|turn|7
|
|t:|1779971276
|-end|p2a: Great Neck|Protosynthesis|[silent]
|switch|p2a: Ghoti carrier|Pelipper, L99, F|100/100
|-weather|RainDance|[from] ability: Drizzle|[of] p2a: Ghoti carrier
|move|p1a: Pawmot|Metronome|p1a: Pawmot
|move|p1a: Pawmot|Stockpile|p1a: Pawmot|[from] move: Metronome
|-start|p1a: Pawmot|stockpile1
|-boost|p1a: Pawmot|def|1
|-boost|p1a: Pawmot|spd|1
|
|-weather|RainDance|[upkeep]
|upkeep
|turn|8
|
|t:|1779971284
|switch|p2a: Great Neck|Raging Bolt|22/100
|move|p1a: Pawmot|Metronome|p1a: Pawmot
|move|p1a: Pawmot|Icicle Spear|p2a: Great Neck|[from] move: Metronome
|-supereffective|p2a: Great Neck
|-damage|p2a: Great Neck|11/100
|-supereffective|p2a: Great Neck
|-damage|p2a: Great Neck|0 fnt
|faint|p2a: Great Neck
|-end|p2a: Great Neck|Protosynthesis|[silent]
|-hitcount|p2: Great Neck|2
|
|-weather|RainDance|[upkeep]
|upkeep
|c|☆easydingo|fire
|
|t:|1779971292
|switch|p2a: ExSkewda Me|Barraskewda, F|100/100
|turn|9
|
|t:|1779971306
|switch|p1a: Banette|Banette, F, shiny|100/100
|-terastallize|p2a: ExSkewda Me|Poison
|move|p2a: ExSkewda Me|Liquidation|p1a: Banette
|-damage|p1a: Banette|0 fnt
|faint|p1a: Banette
|
|-weather|RainDance|[upkeep]
|upkeep
|
|t:|1779971314
|switch|p1a: Arboliva|Arboliva, F|50/100
|turn|10
|
|t:|1779971325
|move|p2a: ExSkewda Me|Poison Jab|p1a: Arboliva
|-supereffective|p1a: Arboliva
|-damage|p1a: Arboliva|0 fnt
|faint|p1a: Arboliva
|
|-weather|RainDance|[upkeep]
|upkeep
|
|t:|1779971338
|switch|p1a: Gardevoir|Gardevoir, M, shiny|100/100
|-ability|p1a: Gardevoir|Swift Swim|Trace|[from] ability: Trace|[of] p2a: ExSkewda Me
|turn|11
|
|t:|1779971342
|move|p1a: Gardevoir|Vacuum Wave|p2a: ExSkewda Me
|-resisted|p2a: ExSkewda Me
|-damage|p2a: ExSkewda Me|88/100
|move|p2a: ExSkewda Me|Poison Jab|p1a: Gardevoir
|-supereffective|p1a: Gardevoir
|-damage|p1a: Gardevoir|0 fnt
|faint|p1a: Gardevoir
|
|-weather|RainDance|[upkeep]
|upkeep
|
|t:|1779971347
|switch|p1a: Illumise|Illumise, F, shiny|100/100
|turn|12
|
|t:|1779971350
|move|p1a: Illumise|Metronome|p1a: Illumise
|move|p1a: Illumise|Acid Armor|p1a: Illumise|[from] move: Metronome
|-boost|p1a: Illumise|def|2
|move|p2a: ExSkewda Me|Flip Turn|p1a: Illumise
|-damage|p1a: Illumise|64/100
|
|t:|1779971354
|switch|p2a: Seaking Duck|Golduck, F|100/100|[from] Flip Turn
|
|-weather|RainDance|[upkeep]
|-heal|p1a: Illumise|70/100|[from] item: Leftovers
|upkeep
|turn|13
|
|t:|1779971360
|move|p1a: Illumise|Substitute|p1a: Illumise
|-start|p1a: Illumise|Substitute
|-damage|p1a: Illumise|45/100
|move|p2a: Seaking Duck|Hydro Pump|p1a: Illumise
|-end|p1a: Illumise|Substitute
|-damage|p2a: Seaking Duck|91/100|[from] item: Life Orb
|
|-weather|RainDance|[upkeep]
|-heal|p1a: Illumise|51/100|[from] item: Leftovers
|upkeep
|turn|14
|l|☆Quagsires gf
|inactive|Quagsires gf disconnected and has a minute to reconnect!
|player|p1|
|j|☆Quagsires gf
|inactive|Quagsires gf reconnected and has 145 seconds left.
|player|p1|Quagsires gf|101|
|
|t:|1779971370
|move|p1a: Illumise|Substitute|p1a: Illumise
|-start|p1a: Illumise|Substitute
|-damage|p1a: Illumise|26/100
|move|p2a: Seaking Duck|Ice Beam|p1a: Illumise
|-end|p1a: Illumise|Substitute
|-damage|p2a: Seaking Duck|81/100|[from] item: Life Orb
|
|-weather|none
|-heal|p1a: Illumise|32/100|[from] item: Leftovers
|upkeep
|turn|15
|
|t:|1779971379
|move|p1a: Illumise|Substitute|p1a: Illumise
|-start|p1a: Illumise|Substitute
|-damage|p1a: Illumise|7/100
|move|p2a: Seaking Duck|Ice Beam|p1a: Illumise
|-end|p1a: Illumise|Substitute
|-damage|p2a: Seaking Duck|71/100|[from] item: Life Orb
|
|-heal|p1a: Illumise|13/100|[from] item: Leftovers
|upkeep
|turn|16
|
|t:|1779971385
|move|p1a: Illumise|Metronome|p1a: Illumise
|move|p1a: Illumise|Spikes|p2a: Seaking Duck|[from] move: Metronome
|-sidestart|p2: easydingo|Spikes
|move|p2a: Seaking Duck|Ice Beam|p1a: Illumise
|-damage|p1a: Illumise|0 fnt
|faint|p1a: Illumise
|-damage|p2a: Seaking Duck|61/100|[from] item: Life Orb
|
|upkeep
|
|t:|1779971389
|switch|p1a: Pawmot|Pawmot, F|100/100
|turn|17
|
|t:|1779971395
|move|p1a: Pawmot|Revival Blessing|p1a: Pawmot
|
|t:|1779971400
|-heal|p1: Illumise|50/100|[from] move: Revival Blessing
|move|p2a: Seaking Duck|Hydro Pump|p1a: Pawmot
|-damage|p1a: Pawmot|0 fnt
|faint|p1a: Pawmot
|-damage|p2a: Seaking Duck|51/100|[from] item: Life Orb
|
|upkeep
|
|t:|1779971402
|switch|p1a: Wigglytuff|Wigglytuff, M, shiny|100/100
|turn|18
|
|t:|1779971407
|move|p2a: Seaking Duck|Hydro Pump|p1a: Wigglytuff
|-crit|p1a: Wigglytuff
|-damage|p1a: Wigglytuff|0 fnt
|faint|p1a: Wigglytuff
|-damage|p2a: Seaking Duck|41/100|[from] item: Life Orb
|
|upkeep
|
|t:|1779971410
|switch|p1a: Illumise|Illumise, F, shiny|50/100
|turn|19
|c|☆easydingo|shamone
|
|t:|1779971413
|move|p1a: Illumise|Metronome|p1a: Illumise
|move|p1a: Illumise|Splash|p1a: Illumise|[from] move: Metronome
|-nothing
|move|p2a: Seaking Duck|Hydro Pump|p1a: Illumise
|-damage|p1a: Illumise|0 fnt
|faint|p1a: Illumise
|-damage|p2a: Seaking Duck|31/100|[from] item: Life Orb
|
|win|easydingo
|raw|Quagsires gf's rating: 1108 &rarr; <strong>1082</strong><br />(-26 for losing)
|raw|easydingo's rating: 1101 &rarr; <strong>1127</strong><br />(+26 for winning)
|l|☆Quagsires gf
|player|p1|
|l|☆easydingo
|player|p2|
