|j|☆seirgg
|j|☆claudechamp
|t:|1779892159
|gametype|singles
|player|p1|seirgg|janitor|1261
|player|p2|claudechamp|169|1288
|gen|9
|tier|[Gen 9] OU
|rated|
|rule|HP Percentage Mod: HP is shown in percentages
|rule|Endless Battle Clause: Forcing endless battles is banned
|rule|Species Clause: Limit one of each Pokémon
|rule|OHKO Clause: OHKO moves are banned
|rule|Evasion Items Clause: Evasion items are banned
|rule|Evasion Moves Clause: Evasion moves are banned
|rule|Evasion Abilities Clause: Evasion abilities are banned
|rule|Sleep Moves Clause: Sleep-inducing moves are banned
|clearpoke
|poke|p1|Hoopa|
|poke|p1|Cinderace, M|
|poke|p1|Mandibuzz, F|
|poke|p1|Kyurem|
|poke|p1|Ting-Lu|
|poke|p1|Manaphy|
|poke|p2|Gliscor, M|
|poke|p2|Gholdengo|
|poke|p2|Zamazenta-*|
|poke|p2|Blissey, F|
|poke|p2|Skarmory, F|
|poke|p2|Pecharunt|
|teampreview
|c|☆claudechamp|hf
|inactive|Battle timer is ON: inactive players will automatically lose when time's up. (requested by claudechamp)
|
|t:|1779892167
|teamsize|p1|6
|teamsize|p2|6
|start
|switch|p1a: Manaphy|Manaphy|100/100
|switch|p2a: Skarmory|Skarmory, F|100/100
|turn|1
|
|t:|1779892172
|move|p1a: Manaphy|Tail Glow|p1a: Manaphy
|-boost|p1a: Manaphy|spa|3
|move|p2a: Skarmory|Spikes|p1a: Manaphy
|-sidestart|p1: seirgg|Spikes
|
|upkeep
|turn|2
|
|t:|1779892182
|move|p1a: Manaphy|Tail Glow|p1a: Manaphy
|-boost|p1a: Manaphy|spa|3
|move|p2a: Skarmory|Whirlwind|p1a: Manaphy
|drag|p1a: Kyurem|Kyurem|100/100
|-damage|p1a: Kyurem|88/100|[from] Spikes
|-ability|p1a: Kyurem|Pressure
|
|upkeep
|turn|3
|
|t:|1779892193
|switch|p2a: Blissey|Blissey, F|100/100
|move|p1a: Kyurem|Ice Beam|p2a: Blissey
|-damage|p2a: Blissey|85/100
|
|upkeep
|turn|4
|
|t:|1779892201
|switch|p1a: Hoopa|Hoopa|100/100
|-damage|p1a: Hoopa|88/100|[from] Spikes
|move|p2a: Blissey|Stealth Rock|p1a: Hoopa
|-sidestart|p1: seirgg|move: Stealth Rock
|
|upkeep
|turn|5
|
|t:|1779892208
|switch|p2a: Zamazenta|Zamazenta|100/100
|-ability|p2a: Zamazenta|Dauntless Shield|boost
|-boost|p2a: Zamazenta|def|1
|move|p1a: Hoopa|Substitute|p1a: Hoopa
|-start|p1a: Hoopa|Substitute
|-damage|p1a: Hoopa|63/100
|
|upkeep
|turn|6
|
|t:|1779892220
|move|p2a: Zamazenta|Crunch|p1a: Hoopa
|-supereffective|p1a: Hoopa
|-end|p1a: Hoopa|Substitute
|move|p1a: Hoopa|Focus Blast|p2a: Zamazenta|[miss]
|-miss|p1a: Hoopa|p2a: Zamazenta
|
|upkeep
|turn|7
|
|t:|1779892229
|switch|p1a: Mandibuzz|Mandibuzz, F, shiny|100/100
|-damage|p1a: Mandibuzz|76/100|[from] Stealth Rock
|move|p2a: Zamazenta|Crunch|p1a: Mandibuzz
|-resisted|p1a: Mandibuzz
|-damage|p1a: Mandibuzz|68/100
|-damage|p2a: Zamazenta|84/100|[from] item: Rocky Helmet|[of] p1a: Mandibuzz
|
|upkeep
|turn|8
|
|t:|1779892243
|move|p2a: Zamazenta|Close Combat|p1a: Mandibuzz
|-damage|p1a: Mandibuzz|35/100
|-unboost|p2a: Zamazenta|def|1
|-unboost|p2a: Zamazenta|spd|1
|-damage|p2a: Zamazenta|67/100|[from] item: Rocky Helmet|[of] p1a: Mandibuzz
|move|p1a: Mandibuzz|Toxic|p2a: Zamazenta
|-status|p2a: Zamazenta|tox
|
|-damage|p2a: Zamazenta|61/100 tox|[from] psn
|upkeep
|turn|9
|
|t:|1779892251
|switch|p2a: Gliscor|Gliscor, M|100/100
|move|p1a: Mandibuzz|Roost|p1a: Mandibuzz
|-heal|p1a: Mandibuzz|85/100
|-singleturn|p1a: Mandibuzz|move: Roost
|
|-status|p2a: Gliscor|tox|[from] item: Toxic Orb
|upkeep
|turn|10
|
|t:|1779892267
|switch|p1a: Cinderace|Cinderace, M|100/100
|-damage|p1a: Cinderace|88/100|[from] Spikes
|-damage|p1a: Cinderace|63/100|[from] Stealth Rock
|move|p2a: Gliscor|Swords Dance|p2a: Gliscor
|-boost|p2a: Gliscor|atk|2
|
|upkeep
|turn|11
|
|t:|1779892274
|move|p1a: Cinderace|Court Change|p1a: Cinderace
|-start|p1a: Cinderace|typechange|Normal|[from] ability: Libero
|-swapsideconditions
|-activate|p1a: Cinderace|move: Court Change
|move|p2a: Gliscor|Knock Off|p1a: Cinderace
|-damage|p1a: Cinderace|0 fnt
|-enditem|p1a: Cinderace|Charcoal|[from] move: Knock Off|[of] p2a: Gliscor
|faint|p1a: Cinderace
|
|upkeep
|
|t:|1779892282
|switch|p1a: Kyurem|Kyurem|88/100
|-ability|p1a: Kyurem|Pressure
|turn|12
|
|t:|1779892285
|-terastallize|p2a: Gliscor|Dark
|move|p1a: Kyurem|Ice Beam|p2a: Gliscor
|-damage|p2a: Gliscor|56/100 tox
|move|p2a: Gliscor|Knock Off|p1a: Kyurem
|-damage|p1a: Kyurem|25/100
|-enditem|p1a: Kyurem|Choice Scarf|[from] move: Knock Off|[of] p2a: Gliscor
|
|-heal|p2a: Gliscor|69/100 tox|[from] ability: Poison Heal
|upkeep
|turn|13
|
|t:|1779892296
|switch|p1a: Mandibuzz|Mandibuzz, F, shiny|85/100
|move|p2a: Gliscor|Protect||[still]
|-fail|p2a: Gliscor
|
|-heal|p2a: Gliscor|81/100 tox|[from] ability: Poison Heal
|upkeep
|turn|14
|
|t:|1779892301
|move|p2a: Gliscor|Swords Dance|p2a: Gliscor
|-boost|p2a: Gliscor|atk|2
|move|p1a: Mandibuzz|Foul Play|p2a: Gliscor
|-resisted|p2a: Gliscor
|-damage|p2a: Gliscor|45/100 tox
|
|-heal|p2a: Gliscor|57/100 tox|[from] ability: Poison Heal
|upkeep
|turn|15
|
|t:|1779892308
|move|p2a: Gliscor|Protect|p2a: Gliscor
|-singleturn|p2a: Gliscor|Protect
|move|p1a: Mandibuzz|Foul Play|p2a: Gliscor
|-activate|p2a: Gliscor|move: Protect
|
|-heal|p2a: Gliscor|70/100 tox|[from] ability: Poison Heal
|upkeep
|turn|16
|
|t:|1779892313
|switch|p2a: Blissey|Blissey, F|85/100
|move|p1a: Mandibuzz|Foul Play|p2a: Blissey
|-damage|p2a: Blissey|82/100
|
|upkeep
|turn|17
|
|t:|1779892322
|move|p1a: Mandibuzz|Toxic|p2a: Blissey
|-status|p2a: Blissey|tox
|move|p2a: Blissey|Stealth Rock|p1a: Mandibuzz
|-sidestart|p1: seirgg|move: Stealth Rock
|
|-damage|p2a: Blissey|76/100 tox|[from] psn
|upkeep
|turn|18
|
|t:|1779892342
|switch|p1a: Manaphy|Manaphy|100/100
|-damage|p1a: Manaphy|88/100|[from] Stealth Rock
|-curestatus|p2a: Blissey|tox|[from] ability: Natural Cure|[silent]
|switch|p2a: Pecharunt|Pecharunt|100/100
|
|-heal|p1a: Manaphy|94/100|[from] item: Leftovers
|upkeep
|turn|19
|
|t:|1779892355
|move|p1a: Manaphy|Tail Glow|p1a: Manaphy
|-boost|p1a: Manaphy|spa|3
|move|p2a: Pecharunt|Parting Shot|p1a: Manaphy
|-unboost|p1a: Manaphy|atk|1
|-unboost|p1a: Manaphy|spa|1
|
|t:|1779892364
|switch|p2a: Blissey|Blissey, F|76/100|[from] Parting Shot
|
|-heal|p1a: Manaphy|100/100|[from] item: Leftovers
|upkeep
|turn|20
|
|t:|1779892372
|move|p1a: Manaphy|Tail Glow|p1a: Manaphy
|-boost|p1a: Manaphy|spa|3
|move|p2a: Blissey|Shadow Ball|p1a: Manaphy
|-damage|p1a: Manaphy|87/100
|
|-heal|p1a: Manaphy|94/100|[from] item: Leftovers
|upkeep
|turn|21
|
|t:|1779892381
|move|p1a: Manaphy|Take Heart|p1a: Manaphy
|-boost|p1a: Manaphy|spa|1
|-boost|p1a: Manaphy|spd|1
|move|p2a: Blissey|Shadow Ball|p1a: Manaphy
|-damage|p1a: Manaphy|85/100
|
|-heal|p1a: Manaphy|91/100|[from] item: Leftovers
|upkeep
|turn|22
|
|t:|1779892389
|switch|p2a: Zamazenta|Zamazenta|61/100 tox
|move|p1a: Manaphy|Take Heart|p1a: Manaphy
|-boost|p1a: Manaphy|spa|0
|-boost|p1a: Manaphy|spd|1
|
|-heal|p1a: Manaphy|97/100|[from] item: Leftovers
|-damage|p2a: Zamazenta|55/100 tox|[from] psn
|upkeep
|turn|23
|
|t:|1779892400
|move|p2a: Zamazenta|Close Combat|p1a: Manaphy
|-damage|p1a: Manaphy|45/100
|-unboost|p2a: Zamazenta|def|1
|-unboost|p2a: Zamazenta|spd|1
|move|p1a: Manaphy|Scald|p2a: Zamazenta
|-damage|p2a: Zamazenta|0 fnt
|faint|p2a: Zamazenta
|
|-heal|p1a: Manaphy|51/100|[from] item: Leftovers
|upkeep
|
|t:|1779892410
|switch|p2a: Skarmory|Skarmory, F|100/100
|turn|24
|
|t:|1779892417
|move|p1a: Manaphy|Scald|p2a: Skarmory
|-ability|p2a: Skarmory|Sturdy
|-damage|p2a: Skarmory|1/100
|move|p2a: Skarmory|Whirlwind|p1a: Manaphy
|drag|p1a: Mandibuzz|Mandibuzz, F, shiny|85/100
|-damage|p1a: Mandibuzz|60/100|[from] Stealth Rock
|
|upkeep
|turn|25
|
|t:|1779892429
|move|p1a: Mandibuzz|Foul Play|p2a: Skarmory
|-damage|p2a: Skarmory|0 fnt
|faint|p2a: Skarmory
|
|upkeep
|
|t:|1779892434
|switch|p2a: Pecharunt|Pecharunt|100/100
|turn|26
|
|t:|1779892442
|move|p2a: Pecharunt|Toxic|p1a: Mandibuzz
|-status|p1a: Mandibuzz|tox
|-start|p1a: Mandibuzz|confusion|[from] ability: Poison Puppeteer|[of] p2a: Pecharunt
|-activate|p1a: Mandibuzz|confusion
|move|p1a: Mandibuzz|Foul Play|p2a: Pecharunt
|-supereffective|p2a: Pecharunt
|-damage|p2a: Pecharunt|81/100
|
|-damage|p1a: Mandibuzz|54/100 tox|[from] psn
|upkeep
|turn|27
|
|t:|1779892451
|switch|p1a: Manaphy|Manaphy|51/100
|-damage|p1a: Manaphy|39/100|[from] Stealth Rock
|move|p2a: Pecharunt|Parting Shot|p1a: Manaphy
|-unboost|p1a: Manaphy|atk|1
|-unboost|p1a: Manaphy|spa|1
|
|t:|1779892461
|switch|p2a: Gliscor|Gliscor, M, tera:Dark|70/100 tox|[from] Parting Shot
|-damage|p2a: Gliscor|57/100 tox|[from] Spikes
|-damage|p2a: Gliscor|45/100 tox|[from] Stealth Rock
|
|-heal|p1a: Manaphy|45/100|[from] item: Leftovers
|-heal|p2a: Gliscor|57/100 tox|[from] ability: Poison Heal
|upkeep
|turn|28
|
|t:|1779892476
|move|p1a: Manaphy|Tail Glow|p1a: Manaphy
|-boost|p1a: Manaphy|spa|3
|move|p2a: Gliscor|Knock Off|p1a: Manaphy
|-damage|p1a: Manaphy|18/100
|-enditem|p1a: Manaphy|Leftovers|[from] move: Knock Off|[of] p2a: Gliscor
|
|-heal|p2a: Gliscor|70/100 tox|[from] ability: Poison Heal
|upkeep
|turn|29
|
|t:|1779892486
|move|p1a: Manaphy|Alluring Voice|p2a: Gliscor
|-supereffective|p2a: Gliscor
|-damage|p2a: Gliscor|0 fnt
|faint|p2a: Gliscor
|
|upkeep
|
|t:|1779892492
|switch|p2a: Blissey|Blissey, F|76/100
|turn|30
|
|t:|1779892502
|move|p1a: Manaphy|Take Heart|p1a: Manaphy
|-boost|p1a: Manaphy|spa|1
|-boost|p1a: Manaphy|spd|1
|move|p2a: Blissey|Shadow Ball|p1a: Manaphy
|-damage|p1a: Manaphy|10/100
|-unboost|p1a: Manaphy|spd|1
|
|upkeep
|turn|31
|
|t:|1779892512
|move|p1a: Manaphy|Alluring Voice|p2a: Blissey
|-damage|p2a: Blissey|61/100
|move|p2a: Blissey|Shadow Ball|p1a: Manaphy
|-damage|p1a: Manaphy|0 fnt
|faint|p1a: Manaphy
|
|upkeep
|
|t:|1779892519
|switch|p1a: Hoopa|Hoopa|63/100
|-damage|p1a: Hoopa|51/100|[from] Stealth Rock
|turn|32
|
|t:|1779892528
|-terastallize|p1a: Hoopa|Fairy
|move|p1a: Hoopa|Calm Mind|p1a: Hoopa
|-boost|p1a: Hoopa|spa|1
|-boost|p1a: Hoopa|spd|1
|move|p2a: Blissey|Soft-Boiled|p2a: Blissey
|-heal|p2a: Blissey|100/100
|
|upkeep
|turn|33
|
|t:|1779892541
|switch|p2a: Gholdengo|Gholdengo|100/100
|-damage|p2a: Gholdengo|88/100|[from] Spikes
|-damage|p2a: Gholdengo|82/100|[from] Stealth Rock
|move|p1a: Hoopa|Substitute|p1a: Hoopa
|-start|p1a: Hoopa|Substitute
|-damage|p1a: Hoopa|26/100
|
|upkeep
|turn|34
|
|t:|1779892551
|move|p2a: Gholdengo|Hex|p1a: Hoopa
|-activate|p1a: Hoopa|move: Substitute|[damage]
|move|p1a: Hoopa|Shadow Ball|p2a: Gholdengo
|-supereffective|p2a: Gholdengo
|-damage|p2a: Gholdengo|0 fnt
|faint|p2a: Gholdengo
|
|upkeep
|
|t:|1779892562
|switch|p2a: Blissey|Blissey, F|100/100
|turn|35
|
|t:|1779892574
|move|p1a: Hoopa|Calm Mind|p1a: Hoopa
|-boost|p1a: Hoopa|spa|1
|-boost|p1a: Hoopa|spd|1
|move|p2a: Blissey|Shadow Ball|p1a: Hoopa
|-activate|p1a: Hoopa|move: Substitute|[damage]
|
|upkeep
|turn|36
|
|t:|1779892585
|move|p1a: Hoopa|Calm Mind|p1a: Hoopa
|-boost|p1a: Hoopa|spa|1
|-boost|p1a: Hoopa|spd|1
|move|p2a: Blissey|Shadow Ball|p1a: Hoopa
|-end|p1a: Hoopa|Substitute
|
|upkeep
|turn|37
|
|t:|1779892597
|move|p1a: Hoopa|Calm Mind|p1a: Hoopa
|-boost|p1a: Hoopa|spa|1
|-boost|p1a: Hoopa|spd|1
|move|p2a: Blissey|Shadow Ball|p1a: Hoopa
|-damage|p1a: Hoopa|22/100
|-enditem|p1a: Hoopa|Aguav Berry|[eat]
|-heal|p1a: Hoopa|55/100|[from] item: Aguav Berry
|
|upkeep
|turn|38
|
|t:|1779892607
|switch|p2a: Pecharunt|Pecharunt|81/100
|move|p1a: Hoopa|Substitute|p1a: Hoopa
|-start|p1a: Hoopa|Substitute
|-damage|p1a: Hoopa|30/100
|
|upkeep
|turn|39
|
|t:|1779892614
|move|p1a: Hoopa|Calm Mind|p1a: Hoopa
|-boost|p1a: Hoopa|spa|1
|-boost|p1a: Hoopa|spd|1
|move|p2a: Pecharunt|Shadow Ball|p1a: Hoopa
|-crit|p1a: Hoopa
|-end|p1a: Hoopa|Substitute
|
|upkeep
|turn|40
|
|t:|1779892623
|switch|p2a: Blissey|Blissey, F|100/100
|move|p1a: Hoopa|Shadow Ball|p2a: Blissey
|-immune|p2a: Blissey
|
|upkeep
|turn|41
|
|t:|1779892634
|move|p1a: Hoopa|Focus Blast|p2a: Blissey|[miss]
|-miss|p1a: Hoopa|p2a: Blissey
|move|p2a: Blissey|Shadow Ball|p1a: Hoopa
|-damage|p1a: Hoopa|26/100
|-unboost|p1a: Hoopa|spd|1
|
|upkeep
|turn|42
|
|t:|1779892649
|switch|p2a: Pecharunt|Pecharunt|81/100
|move|p1a: Hoopa|Calm Mind|p1a: Hoopa
|-boost|p1a: Hoopa|spa|1
|-boost|p1a: Hoopa|spd|1
|
|upkeep
|turn|43
|
|t:|1779892669
|switch|p2a: Blissey|Blissey, F|100/100
|move|p1a: Hoopa|Focus Blast|p2a: Blissey
|-supereffective|p2a: Blissey
|-damage|p2a: Blissey|0 fnt
|faint|p2a: Blissey
|-item|p1a: Hoopa|Heavy-Duty Boots|[from] ability: Magician|[of] p2: Blissey
|
|upkeep
|
|t:|1779892677
|switch|p2a: Pecharunt|Pecharunt|81/100
|turn|44
|
|t:|1779892686
|move|p1a: Hoopa|Shadow Ball|p2a: Pecharunt
|-supereffective|p2a: Pecharunt
|-damage|p2a: Pecharunt|0 fnt
|faint|p2a: Pecharunt
|
|win|seirgg
|raw|seirgg's rating: 1261 &rarr; <strong>1290</strong><br />(+29 for winning)
|raw|claudechamp's rating: 1324 &rarr; <strong>1300</strong><br />(-24 for losing)
|c|☆claudechamp|gg
|l|☆seirgg
|player|p1|
