|j|☆dender5
|j|☆The Boy Saviour
|t:|1779873683
|gametype|singles
|player|p1|dender5|lucas|1376
|player|p2|The Boy Saviour|volo|1414
|gen|9
|tier|[Gen 9] OU
|rated|
|rule|HP Percentage Mod: HP is shown in percentages
|rule|Endless Battle Clause: Forcing endless battles is banned
|rule|Species Clause: Limit one of each Pokémon
|rule|OHKO Clause: OHKO moves are banned
|rule|Evasion Items Clause: Evasion items are banned
|rule|Evasion Moves Clause: Evasion moves are banned
|rule|Evasion Abilities Clause: Evasion abilities are banned
|rule|Sleep Moves Clause: Sleep-inducing moves are banned
|clearpoke
|poke|p1|Slowking-Galar, F|
|poke|p1|Corviknight, M|
|poke|p1|Zamazenta-*|
|poke|p1|Raging Bolt|
|poke|p1|Gliscor, M|
|poke|p1|Darkrai|
|poke|p2|Hatterene, F|
|poke|p2|Cresselia, F|
|poke|p2|Ursaluna, M|
|poke|p2|Iron Hands|
|poke|p2|Hoopa-Unbound|
|poke|p2|Porygon2|
|teampreview
|inactive|Battle timer is ON: inactive players will automatically lose when time's up. (requested by The Boy Saviour)
|
|t:|1779873694
|teamsize|p1|6
|teamsize|p2|6
|start
|switch|p1a: Gliscor|Gliscor, M|100/100
|switch|p2a: Trumpstein yaoi|Cresselia, F|100/100
|turn|1
|
|t:|1779873701
|move|p1a: Gliscor|Protect|p1a: Gliscor
|-singleturn|p1a: Gliscor|Protect
|move|p2a: Trumpstein yaoi|Trick Room|p2a: Trumpstein yaoi
|-fieldstart|move: Trick Room|[of] p2a: Trumpstein yaoi
|
|-status|p1a: Gliscor|tox|[from] item: Toxic Orb
|upkeep
|turn|2
|
|t:|1779873707
|move|p2a: Trumpstein yaoi|Ice Beam|p1a: Gliscor
|-supereffective|p1a: Gliscor
|-damage|p1a: Gliscor|26/100 tox
|move|p1a: Gliscor|Toxic|p2a: Trumpstein yaoi
|-status|p2a: Trumpstein yaoi|tox
|
|-damage|p2a: Trumpstein yaoi|94/100 tox|[from] psn
|-heal|p1a: Gliscor|38/100 tox|[from] ability: Poison Heal
|upkeep
|turn|3
|
|t:|1779873713
|move|p1a: Gliscor|Protect|p1a: Gliscor
|-singleturn|p1a: Gliscor|Protect
|move|p2a: Trumpstein yaoi|Ice Beam|p1a: Gliscor
|-activate|p1a: Gliscor|move: Protect
|
|-damage|p2a: Trumpstein yaoi|82/100 tox|[from] psn
|-heal|p1a: Gliscor|51/100 tox|[from] ability: Poison Heal
|upkeep
|turn|4
|
|t:|1779873717
|switch|p1a: Slowking|Slowking-Galar, F|100/100
|move|p2a: Trumpstein yaoi|Ice Beam|p1a: Slowking
|-damage|p1a: Slowking|92/100
|
|-damage|p2a: Trumpstein yaoi|64/100 tox|[from] psn
|upkeep
|turn|5
|
|t:|1779873724
|move|p1a: Slowking|Ice Beam|p2a: Trumpstein yaoi
|-damage|p2a: Trumpstein yaoi|48/100 tox
|move|p2a: Trumpstein yaoi|Moonlight|p2a: Trumpstein yaoi
|-heal|p2a: Trumpstein yaoi|98/100 tox
|
|-damage|p2a: Trumpstein yaoi|74/100 tox|[from] psn
|-fieldend|move: Trick Room
|upkeep
|turn|6
|
|t:|1779873734
|move|p1a: Slowking|Sludge Wave|p2a: Trumpstein yaoi
|-damage|p2a: Trumpstein yaoi|50/100 tox
|move|p2a: Trumpstein yaoi|Trick Room|p2a: Trumpstein yaoi
|-fieldstart|move: Trick Room|[of] p2a: Trumpstein yaoi
|
|-damage|p2a: Trumpstein yaoi|19/100 tox|[from] psn
|upkeep
|turn|7
|
|t:|1779873741
|move|p1a: Slowking|Ice Beam|p2a: Trumpstein yaoi
|-damage|p2a: Trumpstein yaoi|4/100 tox
|move|p2a: Trumpstein yaoi|Lunar Dance|p2a: Trumpstein yaoi
|faint|p2a: Trumpstein yaoi
|
|upkeep
|
|t:|1779873755
|switch|p2a: Myke Tayson|Iron Hands|100/100
|-enditem|p2a: Myke Tayson|Booster Energy
|-activate|p2a: Myke Tayson|ability: Quark Drive|[fromitem]
|-start|p2a: Myke Tayson|quarkdriveatk
|turn|8
|
|t:|1779873761
|move|p2a: Myke Tayson|Swords Dance|p2a: Myke Tayson
|-boost|p2a: Myke Tayson|atk|2
|move|p1a: Slowking|Psyshock|p2a: Myke Tayson
|-supereffective|p2a: Myke Tayson
|-damage|p2a: Myke Tayson|53/100
|
|upkeep
|turn|9
|
|t:|1779873770
|switch|p1a: Gliscor|Gliscor, M|51/100 tox
|move|p2a: Myke Tayson|Thunder Punch|p1a: Gliscor
|-immune|p1a: Gliscor
|
|-heal|p1a: Gliscor|63/100 tox|[from] ability: Poison Heal
|upkeep
|turn|10
|
|t:|1779873778
|move|p1a: Gliscor|Protect|p1a: Gliscor
|-singleturn|p1a: Gliscor|Protect
|move|p2a: Myke Tayson|Ice Punch|p1a: Gliscor
|-activate|p1a: Gliscor|move: Protect
|
|-heal|p1a: Gliscor|76/100 tox|[from] ability: Poison Heal
|-fieldend|move: Trick Room
|upkeep
|turn|11
|
|t:|1779873782
|-terastallize|p2a: Myke Tayson|Flying
|move|p1a: Gliscor|Earthquake|p2a: Myke Tayson
|-immune|p2a: Myke Tayson
|move|p2a: Myke Tayson|Swords Dance|p2a: Myke Tayson
|-boost|p2a: Myke Tayson|atk|2
|
|-heal|p1a: Gliscor|88/100 tox|[from] ability: Poison Heal
|upkeep
|turn|12
|c|☆The Boy Saviour|Mb
|
|t:|1779873791
|move|p1a: Gliscor|Toxic|p2a: Myke Tayson
|-status|p2a: Myke Tayson|tox
|move|p2a: Myke Tayson|Ice Punch|p1a: Gliscor
|-supereffective|p1a: Gliscor
|-damage|p1a: Gliscor|0 fnt
|faint|p1a: Gliscor
|
|-damage|p2a: Myke Tayson|47/100 tox|[from] psn
|upkeep
|
|t:|1779873803
|switch|p1a: Raging Bolt|Raging Bolt|100/100
|turn|13
|
|t:|1779873805
|move|p1a: Raging Bolt|Thunderclap|p2a: Myke Tayson
|-supereffective|p2a: Myke Tayson
|-crit|p2a: Myke Tayson
|-damage|p2a: Myke Tayson|0 fnt
|faint|p2a: Myke Tayson
|-end|p2a: Myke Tayson|Quark Drive|[silent]
|
|upkeep
|
|t:|1779873812
|switch|p2a: Helen Keller|Hatterene, F|100/100
|turn|14
|
|t:|1779873816
|-end|p1a: Raging Bolt|Protosynthesis|[silent]
|switch|p1a: Slowking|Slowking-Galar, F|100/100
|move|p2a: Helen Keller|Trick Room|p2a: Helen Keller
|-fieldstart|move: Trick Room|[of] p2a: Helen Keller
|
|upkeep
|turn|15
|
|t:|1779873821
|move|p2a: Helen Keller|Psychic Noise|p1a: Slowking
|-damage|p1a: Slowking|78/100
|-start|p1a: Slowking|move: Heal Block
|move|p1a: Slowking|Ice Beam|p2a: Helen Keller
|-damage|p2a: Helen Keller|67/100
|
|upkeep
|turn|16
|
|t:|1779873828
|move|p2a: Helen Keller|Misty Explosion|p1a: Slowking
|-resisted|p1a: Slowking
|-damage|p1a: Slowking|63/100
|faint|p2a: Helen Keller
|move|p1a: Slowking|Sludge Wave|p2: Helen Keller|[notarget]
|-fail|p1a: Slowking
|
|-end|p1a: Slowking|move: Heal Block
|upkeep
|
|t:|1779873837
|switch|p2a: Diddys dealer|Hoopa-Unbound|100/100
|turn|17
|
|t:|1779873841
|switch|p1a: Corviknight|Corviknight, M|100/100
|-ability|p1a: Corviknight|Pressure
|move|p2a: Diddys dealer|Hyperspace Fury|p1a: Corviknight
|-damage|p1a: Corviknight|70/100
|-unboost|p2a: Diddys dealer|def|1
|-enditem|p2a: Diddys dealer|Eject Pack
|
|t:|1779873845
|switch|p2a: Abortion doctor|Ursaluna, M|100/100
|
|-heal|p1a: Corviknight|76/100|[from] item: Leftovers
|-status|p2a: Abortion doctor|brn|[from] item: Flame Orb
|upkeep
|turn|18
|
|t:|1779873855
|move|p2a: Abortion doctor|Fire Punch|p1a: Corviknight
|-supereffective|p1a: Corviknight
|-damage|p1a: Corviknight|19/100
|move|p1a: Corviknight|Body Press|p2a: Abortion doctor
|-supereffective|p2a: Abortion doctor
|-damage|p2a: Abortion doctor|65/100 brn
|
|-heal|p1a: Corviknight|25/100|[from] item: Leftovers
|-damage|p2a: Abortion doctor|59/100 brn|[from] brn
|-fieldend|move: Trick Room
|upkeep
|turn|19
|
|t:|1779873867
|switch|p1a: Zamazenta|Zamazenta|100/100
|-ability|p1a: Zamazenta|Dauntless Shield|boost
|-boost|p1a: Zamazenta|def|1
|switch|p2a: Diddys dealer|Hoopa-Unbound|100/100
|-heal|p2a: Diddys dealer|100/100|[from] move: Lunar Dance
|
|upkeep
|turn|20
|
|t:|1779873875
|move|p1a: Zamazenta|Substitute|p1a: Zamazenta
|-start|p1a: Zamazenta|Substitute
|-damage|p1a: Zamazenta|76/100
|move|p2a: Diddys dealer|Trick Room|p2a: Diddys dealer
|-fieldstart|move: Trick Room|[of] p2a: Diddys dealer
|
|-heal|p1a: Zamazenta|82/100|[from] item: Leftovers
|upkeep
|turn|21
|
|t:|1779873883
|move|p2a: Diddys dealer|Psychic Noise|p1a: Zamazenta
|-supereffective|p1a: Zamazenta
|-damage|p1a: Zamazenta|7/100
|-start|p1a: Zamazenta|move: Heal Block
|-item|p2a: Diddys dealer|Leftovers|[from] ability: Magician|[of] p1a: Zamazenta
|move|p1a: Zamazenta|Body Press|p2a: Diddys dealer
|-damage|p2a: Diddys dealer|51/100
|
|-heal|p2a: Diddys dealer|57/100|[from] item: Leftovers
|upkeep
|turn|22
|
|t:|1779873902
|switch|p1a: Slowking|Slowking-Galar, F|97/100
|move|p2a: Diddys dealer|Psychic Noise|p1a: Slowking
|-damage|p1a: Slowking|71/100
|-start|p1a: Slowking|move: Heal Block
|
|-heal|p2a: Diddys dealer|63/100|[from] item: Leftovers
|upkeep
|turn|23
|
|t:|1779873910
|switch|p1a: Corviknight|Corviknight, M|25/100
|-ability|p1a: Corviknight|Pressure
|move|p2a: Diddys dealer|Hyperspace Fury|p1a: Corviknight
|-damage|p1a: Corviknight|0 fnt
|-unboost|p2a: Diddys dealer|def|1
|faint|p1a: Corviknight
|
|-heal|p2a: Diddys dealer|69/100|[from] item: Leftovers
|upkeep
|
|t:|1779873924
|switch|p1a: Raging Bolt|Raging Bolt|100/100
|turn|24
|
|t:|1779873939
|move|p2a: Diddys dealer|Psychic Noise|p1a: Raging Bolt
|-damage|p1a: Raging Bolt|59/100
|-start|p1a: Raging Bolt|move: Heal Block
|move|p1a: Raging Bolt|Dragon Pulse|p2a: Diddys dealer
|-crit|p2a: Diddys dealer
|-damage|p2a: Diddys dealer|15/100
|
|-heal|p2a: Diddys dealer|21/100|[from] item: Leftovers
|-fieldend|move: Trick Room
|upkeep
|turn|25
|
|t:|1779873950
|move|p1a: Raging Bolt|Substitute|p1a: Raging Bolt
|-start|p1a: Raging Bolt|Substitute
|-damage|p1a: Raging Bolt|34/100
|move|p2a: Diddys dealer|Trick Room|p2a: Diddys dealer
|-fieldstart|move: Trick Room|[of] p2a: Diddys dealer
|
|-heal|p2a: Diddys dealer|27/100|[from] item: Leftovers
|-end|p1a: Raging Bolt|move: Heal Block
|upkeep
|turn|26
|
|t:|1779873954
|move|p1a: Raging Bolt|Thunderclap|p2a: Diddys dealer
|-damage|p2a: Diddys dealer|0 fnt
|faint|p2a: Diddys dealer
|
|-heal|p1a: Raging Bolt|40/100|[from] item: Leftovers
|upkeep
|
|t:|1779873961
|switch|p2a: Abortion doctor|Ursaluna, M|59/100 brn
|turn|27
|
|t:|1779873964
|move|p2a: Abortion doctor|Facade|p1a: Raging Bolt
|-end|p1a: Raging Bolt|Substitute
|move|p1a: Raging Bolt|Dragon Pulse|p2a: Abortion doctor
|-damage|p2a: Abortion doctor|15/100 brn
|
|-heal|p1a: Raging Bolt|46/100|[from] item: Leftovers
|-damage|p2a: Abortion doctor|9/100 brn|[from] brn
|upkeep
|turn|28
|
|t:|1779873988
|-end|p1a: Raging Bolt|Protosynthesis|[silent]
|switch|p1a: Zamazenta|Zamazenta|7/100
|move|p2a: Abortion doctor|Facade|p1a: Zamazenta
|-damage|p1a: Zamazenta|0 fnt
|faint|p1a: Zamazenta
|
|-damage|p2a: Abortion doctor|3/100 brn|[from] brn
|upkeep
|
|t:|1779874002
|switch|p1a: Raging Bolt|Raging Bolt|46/100
|turn|29
|
|t:|1779874008
|move|p2a: Abortion doctor|Facade|p1a: Raging Bolt
|-damage|p1a: Raging Bolt|0 fnt
|faint|p1a: Raging Bolt
|-end|p1a: Raging Bolt|Protosynthesis|[silent]
|
|-damage|p2a: Abortion doctor|0 fnt|[from] brn
|faint|p2a: Abortion doctor
|-fieldend|move: Trick Room
|upkeep
|
|t:|1779874017
|switch|p1a: Darkrai|Darkrai|100/100
|switch|p2a: Kirks pinky|Porygon2|100/100
|-ability|p2a: Kirks pinky|Download|boost
|-boost|p2a: Kirks pinky|atk|1
|turn|30
|
|t:|1779874023
|move|p1a: Darkrai|Dark Pulse|p2a: Kirks pinky
|-damage|p2a: Kirks pinky|73/100
|cant|p2a: Kirks pinky|flinch
|
|upkeep
|turn|31
|
|t:|1779874029
|move|p1a: Darkrai|Dark Pulse|p2a: Kirks pinky
|-damage|p2a: Kirks pinky|47/100
|cant|p2a: Kirks pinky|flinch
|
|upkeep
|turn|32
|
|t:|1779874033
|move|p1a: Darkrai|Dark Pulse|p2a: Kirks pinky
|-damage|p2a: Kirks pinky|21/100
|cant|p2a: Kirks pinky|flinch
|
|upkeep
|turn|33
|
|t:|1779874037
|move|p1a: Darkrai|Dark Pulse|p2a: Kirks pinky
|-damage|p2a: Kirks pinky|0 fnt
|faint|p2a: Kirks pinky
|
|win|dender5
|raw|dender5's rating: 1376 &rarr; <strong>1398</strong><br />(+22 for winning)
|raw|The Boy Saviour's rating: 1414 &rarr; <strong>1392</strong><br />(-22 for losing)
|l|☆The Boy Saviour
|player|p2|
|l|☆dender5
|player|p1|
