|j|☆owl_with_scarf
|j|‽clorox man
|t:|1779849704
|gametype|singles
|player|p1|owl_with_scarf|#owlwithscarf|1652
|player|p2|clorox man|clown|1726
|gen|9
|tier|[Gen 9] OU
|rated|
|rule|HP Percentage Mod: HP is shown in percentages
|rule|Endless Battle Clause: Forcing endless battles is banned
|rule|Species Clause: Limit one of each Pokémon
|rule|OHKO Clause: OHKO moves are banned
|rule|Evasion Items Clause: Evasion items are banned
|rule|Evasion Moves Clause: Evasion moves are banned
|rule|Evasion Abilities Clause: Evasion abilities are banned
|rule|Sleep Moves Clause: Sleep-inducing moves are banned
|clearpoke
|poke|p1|Fezandipiti, M|
|poke|p1|Great Tusk|
|poke|p1|Kingambit, M|
|poke|p1|Iron Valiant|
|poke|p1|Okidogi, M|
|poke|p1|Dragonite, M|
|poke|p2|Walking Wake|
|poke|p2|Rillaboom, M|
|poke|p2|Gholdengo|
|poke|p2|Landorus-Therian, M|
|poke|p2|Zamazenta-*|
|poke|p2|Kingambit, M|
|teampreview
|inactive|Battle timer is ON: inactive players will automatically lose when time's up. (requested by owl_with_scarf)
|
|t:|1779849713
|teamsize|p1|6
|teamsize|p2|6
|start
|switch|p1a: Fezandipiti|Fezandipiti, M|100/100
|switch|p2a: Landorus|Landorus-Therian, M|100/100
|-ability|p2a: Landorus|Intimidate|boost
|-unboost|p1a: Fezandipiti|atk|1
|turn|1
|l|☆owl_with_scarf
|inactive|owl_with_scarf disconnected and has a minute to reconnect!
|player|p1|
|inactive|owl_with_scarf has 30 seconds to reconnect!
|inactive|owl_with_scarf has 20 seconds to reconnect!
|inactive|owl_with_scarf has 15 seconds to reconnect!
|j|☆owl_with_scarf
|inactive|owl_with_scarf reconnected and has 105 seconds left.
|player|p1|owl_with_scarf|#owlwithscarf|
|
|t:|1779849768
|move|p1a: Fezandipiti|Swords Dance|p1a: Fezandipiti
|-boost|p1a: Fezandipiti|atk|2
|move|p2a: Landorus|Earth Power|p1a: Fezandipiti
|-supereffective|p1a: Fezandipiti
|-enditem|p1a: Fezandipiti|Shuca Berry|[eat]
|-enditem|p1a: Fezandipiti|Shuca Berry|[weaken]
|-damage|p1a: Fezandipiti|69/100
|
|upkeep
|turn|2
|l|☆owl_with_scarf
|inactive|owl_with_scarf disconnected and has a minute to reconnect!
|player|p1|
|j|☆owl_with_scarf
|inactive|owl_with_scarf reconnected.
|player|p1|owl_with_scarf|#owlwithscarf|
|inactive|clorox man has 120 seconds left.
|
|t:|1779849802
|move|p1a: Fezandipiti|Beat Up|p2a: Landorus
|-damage|p2a: Landorus|92/100
|-damage|p2a: Landorus|81/100
|-damage|p2a: Landorus|70/100
|-damage|p2a: Landorus|60/100
|-crit|p2a: Landorus
|-damage|p2a: Landorus|45/100
|-damage|p2a: Landorus|35/100
|-hitcount|p2a: Landorus|6
|move|p2a: Landorus|Earth Power|p1a: Fezandipiti
|-supereffective|p1a: Fezandipiti
|-crit|p1a: Fezandipiti
|-damage|p1a: Fezandipiti|0 fnt
|faint|p1a: Fezandipiti
|
|upkeep
|
|t:|1779849812
|switch|p1a: Dragonite|Dragonite, M|100/100
|turn|3
|inactive|clorox man has 120 seconds left.
|l|☆owl_with_scarf
|inactive|owl_with_scarf disconnected and has a minute to reconnect!
|player|p1|
|
|t:|1779849832
|move|p2a: Landorus|Taunt|p1a: Dragonite
|-start|p1a: Dragonite|move: Taunt
|cant|p1a: Dragonite|move: Taunt|Dragon Dance
|
|upkeep
|turn|4
|j|☆owl_with_scarf
|inactive|owl_with_scarf reconnected and has 100 seconds left.
|player|p1|owl_with_scarf|#owlwithscarf|
|
|t:|1779849862
|move|p2a: Landorus|Stealth Rock|p1a: Dragonite
|-sidestart|p1: owl_with_scarf|move: Stealth Rock
|move|p1a: Dragonite|Scale Shot|p2a: Landorus
|-damage|p2a: Landorus|20/100
|-damage|p2a: Landorus|6/100
|-damage|p2a: Landorus|0 fnt
|faint|p2a: Landorus
|-hitcount|p2: Landorus|3
|-unboost|p1a: Dragonite|def|1
|-boost|p1a: Dragonite|spe|1
|
|upkeep
|
|t:|1779849870
|switch|p2a: Zamazenta|Zamazenta|100/100
|-ability|p2a: Zamazenta|Dauntless Shield|boost
|-boost|p2a: Zamazenta|def|1
|turn|5
|l|☆owl_with_scarf
|inactive|owl_with_scarf disconnected and has a minute to reconnect!
|player|p1|
|j|☆owl_with_scarf
|inactive|owl_with_scarf reconnected and has 80 seconds left.
|player|p1|owl_with_scarf|#owlwithscarf|
|
|t:|1779849903
|move|p2a: Zamazenta|Ice Fang|p1a: Dragonite
|-supereffective|p1a: Dragonite
|-damage|p1a: Dragonite|1/100
|-damage|p2a: Zamazenta|91/100|[from] item: Life Orb
|move|p1a: Dragonite|Scale Shot|p2a: Zamazenta
|-damage|p2a: Zamazenta|82/100
|-damage|p2a: Zamazenta|73/100
|-damage|p2a: Zamazenta|63/100
|-damage|p2a: Zamazenta|53/100
|-damage|p2a: Zamazenta|42/100
|-hitcount|p2a: Zamazenta|5
|-unboost|p1a: Dragonite|def|1
|-boost|p1a: Dragonite|spe|1
|
|-end|p1a: Dragonite|move: Taunt
|upkeep
|turn|6
|j| 655484uyh
|
|t:|1779849916
|move|p1a: Dragonite|Scale Shot|p2a: Zamazenta
|-damage|p2a: Zamazenta|33/100
|-damage|p2a: Zamazenta|24/100
|-damage|p2a: Zamazenta|15/100
|-damage|p2a: Zamazenta|6/100
|-hitcount|p2a: Zamazenta|4
|-unboost|p1a: Dragonite|def|1
|-boost|p1a: Dragonite|spe|1
|move|p2a: Zamazenta|Close Combat|p1a: Dragonite
|-resisted|p1a: Dragonite
|-damage|p1a: Dragonite|0 fnt
|-unboost|p2a: Zamazenta|def|1
|-unboost|p2a: Zamazenta|spd|1
|faint|p1a: Dragonite
|-damage|p2a: Zamazenta|0 fnt|[from] item: Life Orb
|faint|p2a: Zamazenta
|
|upkeep
|inactive|clorox man has 120 seconds left.
|l|☆owl_with_scarf
|inactive|owl_with_scarf disconnected and has a minute to reconnect!
|player|p1|
|
|t:|1779849959
|switch|p2a: Walking Wake|Walking Wake|100/100
|switch|p1a: Okidogi|Okidogi, M|100/100
|-damage|p1a: Okidogi|94/100|[from] Stealth Rock
|-enditem|p2a: Walking Wake|Booster Energy
|-activate|p2a: Walking Wake|ability: Protosynthesis|[fromitem]
|-start|p2a: Walking Wake|protosynthesisspa
|turn|7
|j|☆owl_with_scarf
|inactive|owl_with_scarf reconnected and has 95 seconds left.
|player|p1|owl_with_scarf|#owlwithscarf|
|inactive|owl_with_scarf has 90 seconds left.
|
|t:|1779849972
|switch|p1a: Great Tusk|Great Tusk|100/100
|-damage|p1a: Great Tusk|98/100|[from] Stealth Rock
|-enditem|p1a: Great Tusk|Booster Energy
|-activate|p1a: Great Tusk|ability: Protosynthesis|[fromitem]
|-start|p1a: Great Tusk|protosynthesisspe
|move|p2a: Walking Wake|Surf|p1a: Great Tusk
|-supereffective|p1a: Great Tusk
|-damage|p1a: Great Tusk|0 fnt
|faint|p1a: Great Tusk
|-end|p1a: Great Tusk|Protosynthesis|[silent]
|
|upkeep
|
|t:|1779849975
|switch|p1a: Iron Valiant|Iron Valiant|100/100
|-damage|p1a: Iron Valiant|94/100|[from] Stealth Rock
|-enditem|p1a: Iron Valiant|Booster Energy
|-activate|p1a: Iron Valiant|ability: Quark Drive|[fromitem]
|-start|p1a: Iron Valiant|quarkdrivespe
|turn|8
|
|t:|1779849994
|-terastallize|p2a: Walking Wake|Fairy
|move|p1a: Iron Valiant|Moonblast|p2a: Walking Wake
|-damage|p2a: Walking Wake|41/100
|-unboost|p2a: Walking Wake|spa|1
|move|p2a: Walking Wake|Surf|p1a: Iron Valiant
|-damage|p1a: Iron Valiant|14/100
|
|upkeep
|turn|9
|
|t:|1779850004
|-end|p2a: Walking Wake|Protosynthesis|[silent]
|switch|p2a: Gholdengo|Gholdengo|100/100
|move|p1a: Iron Valiant|Moonblast|p2a: Gholdengo
|-resisted|p2a: Gholdengo
|-damage|p2a: Gholdengo|83/100
|-unboost|p2a: Gholdengo|spa|1
|
|upkeep
|turn|10
|
|t:|1779850011
|move|p1a: Iron Valiant|Shadow Ball|p2a: Gholdengo
|-supereffective|p2a: Gholdengo
|-damage|p2a: Gholdengo|45/100
|move|p2a: Gholdengo|Nasty Plot|p2a: Gholdengo
|-boost|p2a: Gholdengo|spa|2
|
|upkeep
|turn|11
|inactive|owl_with_scarf has 120 seconds left.
|inactive|clorox man has 90 seconds left.
|
|t:|1779850048
|move|p1a: Iron Valiant|Shadow Ball|p2a: Gholdengo
|-supereffective|p2a: Gholdengo
|-damage|p2a: Gholdengo|7/100
|-unboost|p2a: Gholdengo|spd|1
|move|p2a: Gholdengo|Recover|p2a: Gholdengo
|-heal|p2a: Gholdengo|57/100
|
|upkeep
|turn|12
|
|t:|1779850053
|switch|p2a: Walking Wake|Walking Wake, tera:Fairy|41/100
|move|p1a: Iron Valiant|Shadow Ball|p2a: Walking Wake
|-damage|p2a: Walking Wake|11/100
|
|upkeep
|turn|13
|
|t:|1779850055
|move|p1a: Iron Valiant|Moonblast|p2a: Walking Wake
|-damage|p2a: Walking Wake|0 fnt
|faint|p2a: Walking Wake
|-end|p2a: Walking Wake|Protosynthesis|[silent]
|
|upkeep
|
|t:|1779850057
|switch|p2a: Rillaboom|Rillaboom, M|100/100
|-fieldstart|move: Grassy Terrain|[from] ability: Grassy Surge|[of] p2a: Rillaboom
|turn|14
|inactive|owl_with_scarf has 120 seconds left.
|
|t:|1779850088
|move|p2a: Rillaboom|Grassy Glide|p1a: Iron Valiant
|-damage|p1a: Iron Valiant|0 fnt
|faint|p1a: Iron Valiant
|-end|p1a: Iron Valiant|Quark Drive|[silent]
|-damage|p2a: Rillaboom|91/100|[from] item: Life Orb
|
|-heal|p2a: Rillaboom|97/100|[from] Grassy Terrain
|upkeep
|
|t:|1779850090
|switch|p1a: Okidogi|Okidogi, M|94/100
|-damage|p1a: Okidogi|88/100|[from] Stealth Rock
|turn|15
|
|t:|1779850102
|switch|p2a: Gholdengo|Gholdengo|57/100
|-enditem|p2a: Gholdengo|Grassy Seed
|-boost|p2a: Gholdengo|def|1|[from] item: Grassy Seed
|move|p1a: Okidogi|Bulk Up|p1a: Okidogi
|-boost|p1a: Okidogi|atk|1
|-boost|p1a: Okidogi|def|1
|
|-heal|p2a: Gholdengo|63/100|[from] Grassy Terrain
|-heal|p1a: Okidogi|94/100|[from] Grassy Terrain
|-heal|p1a: Okidogi|100/100|[from] item: Leftovers
|upkeep
|turn|16
|
|t:|1779850109
|move|p2a: Gholdengo|Nasty Plot|p2a: Gholdengo
|-boost|p2a: Gholdengo|spa|2
|move|p1a: Okidogi|Knock Off|p2a: Gholdengo
|-supereffective|p2a: Gholdengo
|-damage|p2a: Gholdengo|29/100
|
|-heal|p2a: Gholdengo|36/100|[from] Grassy Terrain
|upkeep
|turn|17
|
|t:|1779850113
|switch|p1a: Kingambit|Kingambit, M|100/100
|-damage|p1a: Kingambit|94/100|[from] Stealth Rock
|-activate|p1a: Kingambit|ability: Supreme Overlord
|-start|p1a: Kingambit|fallen4|[silent]
|-item|p1a: Kingambit|Air Balloon
|move|p2a: Gholdengo|Make It Rain|p1a: Kingambit
|-resisted|p1a: Kingambit
|-damage|p1a: Kingambit|33/100
|-unboost|p2a: Gholdengo|spa|1
|-enditem|p1a: Kingambit|Air Balloon
|
|-heal|p2a: Gholdengo|42/100|[from] Grassy Terrain
|-heal|p1a: Kingambit|39/100|[from] Grassy Terrain
|upkeep
|turn|18
|j| samurajen
|
|t:|1779850122
|switch|p2a: Kingambit|Kingambit, M|100/100
|-activate|p2a: Kingambit|ability: Supreme Overlord
|-start|p2a: Kingambit|fallen3|[silent]
|move|p1a: Kingambit|Kowtow Cleave|p2a: Kingambit
|-resisted|p2a: Kingambit
|-damage|p2a: Kingambit|69/100
|
|-heal|p1a: Kingambit|45/100|[from] Grassy Terrain
|-heal|p2a: Kingambit|75/100|[from] Grassy Terrain
|-fieldend|move: Grassy Terrain
|upkeep
|turn|19
|
|t:|1779850127
|move|p1a: Kingambit|Kowtow Cleave|p2a: Kingambit
|-resisted|p2a: Kingambit
|-damage|p2a: Kingambit|46/100
|move|p2a: Kingambit|Low Kick|p1a: Kingambit
|-supereffective|p1a: Kingambit
|-damage|p1a: Kingambit|0 fnt
|faint|p1a: Kingambit
|-end|p1a: Kingambit|fallen4|[silent]
|
|upkeep
|
|t:|1779850129
|switch|p1a: Okidogi|Okidogi, M|100/100
|-damage|p1a: Okidogi|94/100|[from] Stealth Rock
|turn|20
|
|t:|1779850132
|move|p2a: Kingambit|Swords Dance|p2a: Kingambit
|-boost|p2a: Kingambit|atk|2
|move|p1a: Okidogi|Bulk Up|p1a: Okidogi
|-boost|p1a: Okidogi|atk|1
|-boost|p1a: Okidogi|def|1
|
|-heal|p1a: Okidogi|100/100|[from] item: Leftovers
|upkeep
|turn|21
|
|t:|1779850139
|move|p2a: Kingambit|Kowtow Cleave|p1a: Okidogi
|-resisted|p1a: Okidogi
|-damage|p1a: Okidogi|75/100
|move|p1a: Okidogi|Bulk Up|p1a: Okidogi
|-boost|p1a: Okidogi|atk|1
|-boost|p1a: Okidogi|def|1
|
|-heal|p1a: Okidogi|81/100|[from] item: Leftovers
|upkeep
|turn|22
|
|t:|1779850154
|move|p2a: Kingambit|Kowtow Cleave|p1a: Okidogi
|-resisted|p1a: Okidogi
|-damage|p1a: Okidogi|63/100
|move|p1a: Okidogi|Knock Off|p2a: Kingambit
|-resisted|p2a: Kingambit
|-damage|p2a: Kingambit|23/100
|-enditem|p2a: Kingambit|Lum Berry|[from] move: Knock Off|[of] p1a: Okidogi
|
|-heal|p1a: Okidogi|69/100|[from] item: Leftovers
|upkeep
|turn|23
|
|t:|1779850159
|move|p2a: Kingambit|Kowtow Cleave|p1a: Okidogi
|-resisted|p1a: Okidogi
|-damage|p1a: Okidogi|50/100
|move|p1a: Okidogi|Drain Punch|p2a: Kingambit
|-supereffective|p2a: Kingambit
|-damage|p2a: Kingambit|0 fnt
|-heal|p1a: Okidogi|61/100|[from] drain|[of] p2a: Kingambit
|faint|p2a: Kingambit
|-end|p2a: Kingambit|fallen3|[silent]
|
|-heal|p1a: Okidogi|67/100|[from] item: Leftovers
|upkeep
|
|t:|1779850163
|switch|p2a: Gholdengo|Gholdengo|42/100
|turn|24
|
|t:|1779850165
|move|p2a: Gholdengo|Make It Rain|p1a: Okidogi
|-damage|p1a: Okidogi|16/100
|-unboost|p2a: Gholdengo|spa|1
|move|p1a: Okidogi|Knock Off|p2a: Gholdengo
|-supereffective|p2a: Gholdengo
|-damage|p2a: Gholdengo|0 fnt
|faint|p2a: Gholdengo
|
|-heal|p1a: Okidogi|22/100|[from] item: Leftovers
|upkeep
|
|t:|1779850168
|switch|p2a: Rillaboom|Rillaboom, M|97/100
|-fieldstart|move: Grassy Terrain|[from] ability: Grassy Surge|[of] p2a: Rillaboom
|turn|25
|
|t:|1779850170
|move|p2a: Rillaboom|Wood Hammer|p1a: Okidogi
|-resisted|p1a: Okidogi
|-damage|p1a: Okidogi|4/100
|-damage|p2a: Rillaboom|90/100|[from] Recoil
|-damage|p2a: Rillaboom|80/100|[from] item: Life Orb
|move|p1a: Okidogi|Drain Punch|p2a: Rillaboom
|-damage|p2a: Rillaboom|14/100
|-heal|p1a: Okidogi|34/100|[from] drain|[of] p2a: Rillaboom
|
|-heal|p2a: Rillaboom|20/100|[from] Grassy Terrain
|-heal|p1a: Okidogi|40/100|[from] Grassy Terrain
|-heal|p1a: Okidogi|46/100|[from] item: Leftovers
|upkeep
|turn|26
|
|t:|1779850174
|move|p2a: Rillaboom|Wood Hammer|p1a: Okidogi
|-resisted|p1a: Okidogi
|-damage|p1a: Okidogi|28/100
|-damage|p2a: Rillaboom|14/100|[from] Recoil
|-damage|p2a: Rillaboom|4/100|[from] item: Life Orb
|move|p1a: Okidogi|Drain Punch|p2a: Rillaboom
|-damage|p2a: Rillaboom|0 fnt
|-heal|p1a: Okidogi|30/100|[from] drain|[of] p2a: Rillaboom
|faint|p2a: Rillaboom
|
|win|owl_with_scarf
|raw|owl_with_scarf's rating: 1652 &rarr; <strong>1676</strong><br />(+24 for winning)
|raw|clorox man's rating: 1726 &rarr; <strong>1702</strong><br />(-24 for losing)
|l|‽clorox man
|player|p2|
|l|☆owl_with_scarf
|player|p1|
