|j|☆Aguila74
|j|☆schoolplayer753
|t:|1779815603
|gametype|singles
|player|p1|Aguila74|ethan|1679
|player|p2|schoolplayer753|harlequin|1693
|gen|9
|tier|[Gen 9] OU
|rated|
|rule|HP Percentage Mod: HP is shown in percentages
|rule|Endless Battle Clause: Forcing endless battles is banned
|rule|Species Clause: Limit one of each Pokémon
|rule|OHKO Clause: OHKO moves are banned
|rule|Evasion Items Clause: Evasion items are banned
|rule|Evasion Moves Clause: Evasion moves are banned
|rule|Evasion Abilities Clause: Evasion abilities are banned
|rule|Sleep Moves Clause: Sleep-inducing moves are banned
|clearpoke
|poke|p1|Dragapult, F|
|poke|p1|Iron Moth|
|poke|p1|Meowscarada, F|
|poke|p1|Iron Treads|
|poke|p1|Primarina, M|
|poke|p1|Conkeldurr, F|
|poke|p2|Great Tusk|
|poke|p2|Landorus-Therian, M|
|poke|p2|Slowking-Galar, F|
|poke|p2|Ogerpon-Wellspring, F|
|poke|p2|Raging Bolt|
|poke|p2|Kingambit, M|
|teampreview
|c|☆schoolplayer753|glhf
|j| Tobidog
|
|t:|1779815637
|teamsize|p1|6
|teamsize|p2|6
|start
|switch|p1a: Meowscarada|Meowscarada, F|100/100
|switch|p2a: Landorus|Landorus-Therian, M|100/100
|-ability|p2a: Landorus|Intimidate|boost
|-unboost|p1a: Meowscarada|atk|1
|turn|1
|j| Heliophete
|
|t:|1779815665
|switch|p2a: Kingambit|Kingambit, M|100/100
|move|p1a: Meowscarada|Triple Axel|p2a: Kingambit
|-start|p1a: Meowscarada|typechange|Ice|[from] ability: Protean
|-resisted|p2a: Kingambit
|-damage|p2a: Kingambit|98/100
|-resisted|p2a: Kingambit
|-damage|p2a: Kingambit|92/100
|-resisted|p2a: Kingambit
|-damage|p2a: Kingambit|83/100
|-hitcount|p2a: Kingambit|3
|-damage|p1a: Meowscarada|91/100|[from] item: Life Orb
|
|-heal|p2a: Kingambit|90/100|[from] item: Leftovers
|upkeep
|turn|2
|inactive|Battle timer is ON: inactive players will automatically lose when time's up. (requested by Aguila74)
|
|t:|1779815695
|move|p1a: Meowscarada|U-turn|p2a: Kingambit
|-damage|p2a: Kingambit|77/100
|-damage|p1a: Meowscarada|81/100|[from] item: Life Orb
|
|t:|1779815703
|switch|p1a: Conkeldurr|Conkeldurr, F|100/100|[from] U-turn
|move|p2a: Kingambit|Iron Head|p1a: Conkeldurr
|-damage|p1a: Conkeldurr|62/100
|
|-heal|p2a: Kingambit|83/100|[from] item: Leftovers
|upkeep
|turn|3
|
|t:|1779815718
|-end|p2a: Kingambit|fallenundefined|[silent]
|switch|p2a: Great Tusk|Great Tusk|100/100
|move|p1a: Conkeldurr|Knock Off|p2a: Great Tusk
|-resisted|p2a: Great Tusk
|-damage|p2a: Great Tusk|89/100
|-damage|p1a: Conkeldurr|45/100|[from] item: Rocky Helmet|[of] p2a: Great Tusk
|-enditem|p2a: Great Tusk|Rocky Helmet|[from] move: Knock Off|[of] p1a: Conkeldurr
|
|upkeep
|turn|4
|
|t:|1779815726
|move|p2a: Great Tusk|Stealth Rock|p1a: Conkeldurr
|-sidestart|p1: Aguila74|move: Stealth Rock
|move|p1a: Conkeldurr|Drain Punch|p2a: Great Tusk
|-damage|p2a: Great Tusk|59/100
|-heal|p1a: Conkeldurr|61/100|[from] drain|[of] p2a: Great Tusk
|
|upkeep
|turn|5
|
|t:|1779815734
|move|p2a: Great Tusk|Rapid Spin|p1a: Conkeldurr
|-damage|p1a: Conkeldurr|48/100
|-boost|p2a: Great Tusk|spe|1
|move|p1a: Conkeldurr|Drain Punch|p2a: Great Tusk
|-damage|p2a: Great Tusk|32/100
|-heal|p1a: Conkeldurr|63/100|[from] drain|[of] p2a: Great Tusk
|
|upkeep
|turn|6
|
|t:|1779815754
|move|p2a: Great Tusk|Headlong Rush|p1a: Conkeldurr
|-damage|p1a: Conkeldurr|16/100
|-unboost|p2a: Great Tusk|def|1
|-unboost|p2a: Great Tusk|spd|1
|move|p1a: Conkeldurr|Drain Punch|p2a: Great Tusk
|-damage|p2a: Great Tusk|0 fnt
|-heal|p1a: Conkeldurr|33/100|[from] drain|[of] p2a: Great Tusk
|faint|p2a: Great Tusk
|-end|p2a: Great Tusk|Protosynthesis|[silent]
|
|upkeep
|
|t:|1779815760
|switch|p2a: Ogerpon|Ogerpon-Wellspring, F|100/100
|turn|7
|
|t:|1779815764
|move|p1a: Conkeldurr|Mach Punch|p2a: Ogerpon
|-damage|p2a: Ogerpon|71/100
|move|p2a: Ogerpon|Power Whip|p1a: Conkeldurr
|-damage|p1a: Conkeldurr|0 fnt
|faint|p1a: Conkeldurr
|
|upkeep
|
|t:|1779815768
|switch|p1a: Meowscarada|Meowscarada, F|81/100
|-damage|p1a: Meowscarada|68/100|[from] Stealth Rock
|turn|8
|j| couscouspoisson
|l| Tobidog
|inactive|schoolplayer753 has 120 seconds left.
|
|t:|1779815802
|switch|p2a: Kingambit|Kingambit, M|83/100
|-activate|p2a: Kingambit|ability: Supreme Overlord
|-start|p2a: Kingambit|fallen1|[silent]
|move|p1a: Meowscarada|U-turn|p2a: Kingambit
|-start|p1a: Meowscarada|typechange|Bug|[from] ability: Protean
|-damage|p2a: Kingambit|51/100
|-damage|p1a: Meowscarada|59/100|[from] item: Life Orb
|
|t:|1779815806
|switch|p1a: Iron Treads|Iron Treads|100/100|[from] U-turn
|-damage|p1a: Iron Treads|97/100|[from] Stealth Rock
|
|-heal|p1a: Iron Treads|100/100|[from] item: Leftovers
|-heal|p2a: Kingambit|57/100|[from] item: Leftovers
|upkeep
|turn|9
|
|t:|1779815815
|move|p1a: Iron Treads|Earthquake|p2a: Kingambit
|-supereffective|p2a: Kingambit
|-damage|p2a: Kingambit|0 fnt
|faint|p2a: Kingambit
|-end|p2a: Kingambit|fallen1|[silent]
|
|upkeep
|
|t:|1779815818
|switch|p2a: Ogerpon|Ogerpon-Wellspring, F|71/100
|turn|10
|
|t:|1779815824
|-end|p1a: Iron Treads|Quark Drive|[silent]
|switch|p1a: Dragapult|Dragapult, F|100/100
|-damage|p1a: Dragapult|88/100|[from] Stealth Rock
|move|p2a: Ogerpon|U-turn|p1a: Dragapult
|-resisted|p1a: Dragapult
|-damage|p1a: Dragapult|66/100
|
|t:|1779815827
|switch|p2a: Landorus|Landorus-Therian, M|100/100|[from] U-turn
|-ability|p2a: Landorus|Intimidate|boost
|-unboost|p1a: Dragapult|atk|1
|
|upkeep
|turn|11
|
|t:|1779815832
|switch|p1a: Primarina|Primarina, M|100/100
|-damage|p1a: Primarina|88/100|[from] Stealth Rock
|move|p2a: Landorus|Earthquake|p1a: Primarina
|-damage|p1a: Primarina|44/100
|
|-heal|p1a: Primarina|50/100|[from] item: Leftovers
|upkeep
|turn|12
|
|t:|1779815842
|switch|p2a: Slowking|Slowking-Galar, F|100/100
|move|p1a: Primarina|Psychic Noise|p2a: Slowking
|-damage|p2a: Slowking|83/100
|-start|p2a: Slowking|move: Heal Block
|
|-heal|p1a: Primarina|57/100|[from] item: Leftovers
|upkeep
|turn|13
|j| foxi4
|
|t:|1779815850
|switch|p1a: Iron Treads|Iron Treads|100/100
|-damage|p1a: Iron Treads|97/100|[from] Stealth Rock
|move|p2a: Slowking|Sludge Bomb|p1a: Iron Treads
|-immune|p1a: Iron Treads
|
|-heal|p1a: Iron Treads|100/100|[from] item: Leftovers
|-end|p2a: Slowking|move: Heal Block
|upkeep
|turn|14
|
|t:|1779815856
|switch|p2a: Ogerpon|Ogerpon-Wellspring, F|71/100
|move|p1a: Iron Treads|Rapid Spin|p2a: Ogerpon
|-damage|p2a: Ogerpon|50/100
|-boost|p1a: Iron Treads|spe|1
|-sideend|p1: Aguila74|Stealth Rock|[from] move: Rapid Spin|[of] p1a: Iron Treads
|
|upkeep
|turn|15
|
|t:|1779815862
|move|p1a: Iron Treads|Stealth Rock|p2a: Ogerpon
|-sidestart|p2: schoolplayer753|move: Stealth Rock
|move|p2a: Ogerpon|Ivy Cudgel|p1a: Iron Treads|[anim] Ivy Cudgel Water
|-supereffective|p1a: Iron Treads
|-damage|p1a: Iron Treads|0 fnt
|faint|p1a: Iron Treads
|-end|p1a: Iron Treads|Quark Drive|[silent]
|
|upkeep
|
|t:|1779815864
|switch|p1a: Meowscarada|Meowscarada, F|59/100
|turn|16
|
|t:|1779815875
|switch|p2a: Slowking|Slowking-Galar, F|100/100
|-damage|p2a: Slowking|88/100|[from] Stealth Rock
|move|p1a: Meowscarada|Knock Off|p2a: Slowking
|-start|p1a: Meowscarada|typechange|Dark|[from] ability: Protean
|-supereffective|p2a: Slowking
|-damage|p2a: Slowking|6/100
|-enditem|p2a: Slowking|Assault Vest|[from] move: Knock Off|[of] p1a: Meowscarada
|-damage|p1a: Meowscarada|49/100|[from] item: Life Orb
|
|upkeep
|turn|17
|
|t:|1779815884
|move|p1a: Meowscarada|Knock Off|p2a: Slowking
|-supereffective|p2a: Slowking
|-damage|p2a: Slowking|0 fnt
|faint|p2a: Slowking
|-damage|p1a: Meowscarada|39/100|[from] item: Life Orb
|
|upkeep
|
|t:|1779815894
|switch|p2a: Landorus|Landorus-Therian, M|100/100
|-damage|p2a: Landorus|88/100|[from] Stealth Rock
|-ability|p2a: Landorus|Intimidate|boost
|-unboost|p1a: Meowscarada|atk|1
|turn|18
|
|t:|1779815905
|-terastallize|p2a: Landorus|Ground
|move|p2a: Landorus|Earthquake|p1a: Meowscarada
|-crit|p1a: Meowscarada
|-damage|p1a: Meowscarada|0 fnt
|faint|p1a: Meowscarada
|
|upkeep
|
|t:|1779815911
|switch|p1a: Iron Moth|Iron Moth|100/100
|-enditem|p1a: Iron Moth|Booster Energy
|-activate|p1a: Iron Moth|ability: Quark Drive|[fromitem]
|-start|p1a: Iron Moth|quarkdrivespe
|turn|19
|
|t:|1779815914
|-terastallize|p1a: Iron Moth|Grass
|move|p1a: Iron Moth|Energy Ball|p2a: Landorus
|-supereffective|p2a: Landorus
|-crit|p2a: Landorus
|-damage|p2a: Landorus|0 fnt
|faint|p2a: Landorus
|
|upkeep
|
|t:|1779815918
|switch|p2a: Raging Bolt|Raging Bolt|100/100
|-damage|p2a: Raging Bolt|88/100|[from] Stealth Rock
|-enditem|p2a: Raging Bolt|Booster Energy
|-activate|p2a: Raging Bolt|ability: Protosynthesis|[fromitem]
|-start|p2a: Raging Bolt|protosynthesisspa
|turn|20
|
|t:|1779815924
|move|p1a: Iron Moth|Dazzling Gleam|p2a: Raging Bolt
|-supereffective|p2a: Raging Bolt
|-damage|p2a: Raging Bolt|38/100
|move|p2a: Raging Bolt|Dragon Pulse|p1a: Iron Moth
|-damage|p1a: Iron Moth|31/100
|
|upkeep
|turn|21
|
|t:|1779815928
|move|p2a: Raging Bolt|Thunderclap|p1a: Iron Moth
|-resisted|p1a: Iron Moth
|-damage|p1a: Iron Moth|6/100
|move|p1a: Iron Moth|Dazzling Gleam|p2a: Raging Bolt
|-supereffective|p2a: Raging Bolt
|-damage|p2a: Raging Bolt|0 fnt
|faint|p2a: Raging Bolt
|-end|p2a: Raging Bolt|Protosynthesis|[silent]
|
|upkeep
|-message|schoolplayer753 forfeited.
|
|win|Aguila74
|raw|Aguila74's rating: 1679 &rarr; <strong>1700</strong><br />(+21 for winning)
|raw|schoolplayer753's rating: 1693 &rarr; <strong>1672</strong><br />(-21 for losing)
|l|☆schoolplayer753
|player|p2|
|j| Tobidog
|l| Tobidog
|l|☆Aguila74
|player|p1|
|l| Heliophete
