|j|☆sickofme
|j|☆JohnLowLadder'
|t:|1779857677
|gametype|singles
|player|p1|sickofme|miku-water|1620
|player|p2|JohnLowLadder'|emma-lza|1604
|gen|9
|tier|[Gen 9] OU
|rated|
|rule|HP Percentage Mod: HP is shown in percentages
|rule|Endless Battle Clause: Forcing endless battles is banned
|rule|Species Clause: Limit one of each Pokémon
|rule|OHKO Clause: OHKO moves are banned
|rule|Evasion Items Clause: Evasion items are banned
|rule|Evasion Moves Clause: Evasion moves are banned
|rule|Evasion Abilities Clause: Evasion abilities are banned
|rule|Sleep Moves Clause: Sleep-inducing moves are banned
|clearpoke
|poke|p1|Alomomola, L99, F|
|poke|p1|Landorus-Therian, M|
|poke|p1|Kyurem|
|poke|p1|Great Tusk|
|poke|p1|Slowking-Galar, M|
|poke|p1|Heatran, M|
|poke|p2|Pelipper, M|
|poke|p2|Kingambit, F|
|poke|p2|Iron Treads|
|poke|p2|Barraskewda, F|
|poke|p2|Dragonite, M|
|poke|p2|Hatterene, F|
|teampreview
|
|t:|1779857689
|teamsize|p1|6
|teamsize|p2|6
|start
|switch|p1a: Kyurem|Kyurem|100/100
|switch|p2a: Iron Treads|Iron Treads|100/100
|-ability|p1a: Kyurem|Pressure
|turn|1
|
|t:|1779857693
|-terastallize|p1a: Kyurem|Ice
|move|p1a: Kyurem|Ice Beam|p2a: Iron Treads
|-damage|p2a: Iron Treads|10/100
|move|p2a: Iron Treads|Knock Off|p1a: Kyurem
|-damage|p1a: Kyurem|78/100
|-enditem|p1a: Kyurem|Choice Specs|[from] move: Knock Off|[of] p2a: Iron Treads
|
|-heal|p2a: Iron Treads|16/100|[from] item: Leftovers
|upkeep
|turn|2
|inactive|Battle timer is ON: inactive players will automatically lose when time's up. (requested by sickofme)
|
|t:|1779857699
|-end|p2a: Iron Treads|Quark Drive|[silent]
|switch|p2a: Kingambit|Kingambit, F|100/100
|move|p1a: Kyurem|Ice Beam|p2a: Kingambit
|-resisted|p2a: Kingambit
|-damage|p2a: Kingambit|61/100
|
|-heal|p2a: Kingambit|67/100|[from] item: Leftovers
|upkeep
|turn|3
|
|t:|1779857706
|-terastallize|p2a: Kingambit|Fighting
|move|p1a: Kyurem|Earth Power|p2a: Kingambit
|-damage|p2a: Kingambit|26/100
|move|p2a: Kingambit|Low Kick|p1a: Kyurem
|-supereffective|p1a: Kyurem
|-damage|p1a: Kyurem|0 fnt
|faint|p1a: Kyurem
|
|-heal|p2a: Kingambit|32/100|[from] item: Leftovers
|upkeep
|j| dark Joe biden
|
|t:|1779857710
|switch|p1a: Landorus|Landorus-Therian, M|100/100
|-ability|p1a: Landorus|Intimidate|boost
|-unboost|p2a: Kingambit|atk|1
|turn|4
|
|t:|1779857712
|-end|p2a: Kingambit|fallenundefined|[silent]
|switch|p2a: Hatterene|Hatterene, F|100/100
|move|p1a: Landorus|Stone Edge|p2a: Hatterene
|-damage|p2a: Hatterene|70/100
|-enditem|p2a: Hatterene|Eject Button
|
|t:|1779857715
|switch|p2a: Pelipper|Pelipper, M|100/100
|-weather|RainDance|[from] ability: Drizzle|[of] p2a: Pelipper
|
|-weather|RainDance|[upkeep]
|upkeep
|turn|5
|
|t:|1779857720
|switch|p2a: Iron Treads|Iron Treads|16/100
|move|p1a: Landorus|Stone Edge|p2a: Iron Treads|[miss]
|-miss|p1a: Landorus|p2a: Iron Treads
|
|-weather|RainDance|[upkeep]
|-heal|p2a: Iron Treads|22/100|[from] item: Leftovers
|upkeep
|turn|6
|
|t:|1779857725
|move|p1a: Landorus|Stone Edge|p2a: Iron Treads
|-resisted|p2a: Iron Treads
|-damage|p2a: Iron Treads|15/100
|move|p2a: Iron Treads|Stealth Rock|p1a: Landorus
|-sidestart|p1: sickofme|move: Stealth Rock
|
|-weather|RainDance|[upkeep]
|-heal|p2a: Iron Treads|21/100|[from] item: Leftovers
|upkeep
|turn|7
|
|t:|1779857730
|switch|p1a: Great Tusk|Great Tusk|100/100
|move|p2a: Iron Treads|Rapid Spin|p1a: Great Tusk
|-damage|p1a: Great Tusk|92/100
|-boost|p2a: Iron Treads|spe|1
|
|-weather|RainDance|[upkeep]
|-heal|p2a: Iron Treads|27/100|[from] item: Leftovers
|upkeep
|turn|8
|
|t:|1779857733
|-end|p2a: Iron Treads|Quark Drive|[silent]
|switch|p2a: Barraskewda|Barraskewda, F|100/100
|move|p1a: Great Tusk|Rapid Spin|p2a: Barraskewda
|-damage|p2a: Barraskewda|64/100
|-boost|p1a: Great Tusk|spe|1
|-sideend|p1: sickofme|Stealth Rock|[from] move: Rapid Spin|[of] p1a: Great Tusk
|
|-weather|RainDance|[upkeep]
|upkeep
|turn|9
|
|t:|1779857738
|-end|p1a: Great Tusk|Protosynthesis|[silent]
|switch|p1a: Alomomola|Alomomola, L99, F|100/100
|move|p2a: Barraskewda|Flip Turn|p1a: Alomomola
|-resisted|p1a: Alomomola
|-damage|p1a: Alomomola|74/100
|
|t:|1779857740
|switch|p2a: Dragonite|Dragonite, M|100/100|[from] Flip Turn
|
|-weather|RainDance|[upkeep]
|upkeep
|turn|10
|
|t:|1779857745
|move|p2a: Dragonite|Draco Meteor|p1a: Alomomola
|-damage|p1a: Alomomola|26/100
|-unboost|p2a: Dragonite|spa|2
|-enditem|p2a: Dragonite|Eject Pack
|
|t:|1779857752
|switch|p2a: Hatterene|Hatterene, F|70/100
|move|p1a: Alomomola|Flip Turn|p2a: Hatterene
|-damage|p2a: Hatterene|50/100
|inactive|sickofme has 120 seconds left.
|
|t:|1779857783
|switch|p1a: Slowking|Slowking-Galar, M|100/100|[from] Flip Turn
|
|-weather|RainDance|[upkeep]
|upkeep
|turn|11
|
|t:|1779857789
|move|p1a: Slowking|Sludge Bomb|p2a: Hatterene
|-supereffective|p2a: Hatterene
|-damage|p2a: Hatterene|0 fnt
|faint|p2a: Hatterene
|
|-weather|none
|upkeep
|
|t:|1779857792
|switch|p2a: Iron Treads|Iron Treads|27/100
|turn|12
|
|t:|1779857802
|move|p2a: Iron Treads|Knock Off|p1a: Slowking
|-supereffective|p1a: Slowking
|-damage|p1a: Slowking|63/100
|-enditem|p1a: Slowking|Heavy-Duty Boots|[from] move: Knock Off|[of] p2a: Iron Treads
|-prepare|p1a: Slowking|Chilly Reception|[premajor]
|move|p1a: Slowking|Chilly Reception|p1a: Slowking
|-weather|Snowscape
|
|t:|1779857804
|switch|p1a: Great Tusk|Great Tusk|92/100|[from] Chilly Reception
|
|-weather|Snowscape|[upkeep]
|-heal|p2a: Iron Treads|33/100|[from] item: Leftovers
|upkeep
|turn|13
|
|t:|1779857809
|move|p1a: Great Tusk|Bulk Up|p1a: Great Tusk
|-boost|p1a: Great Tusk|atk|1
|-boost|p1a: Great Tusk|def|1
|move|p2a: Iron Treads|Stealth Rock|p1a: Great Tusk
|-sidestart|p1: sickofme|move: Stealth Rock
|
|-weather|Snowscape|[upkeep]
|-heal|p2a: Iron Treads|40/100|[from] item: Leftovers
|upkeep
|turn|14
|
|t:|1779857811
|-end|p2a: Iron Treads|Quark Drive|[silent]
|switch|p2a: Pelipper|Pelipper, M|100/100
|-weather|RainDance|[from] ability: Drizzle|[of] p2a: Pelipper
|move|p1a: Great Tusk|Rapid Spin|p2a: Pelipper
|-damage|p2a: Pelipper|79/100
|-boost|p1a: Great Tusk|spe|1
|-sideend|p1: sickofme|Stealth Rock|[from] move: Rapid Spin|[of] p1a: Great Tusk
|
|-weather|RainDance|[upkeep]
|upkeep
|turn|15
|
|t:|1779857815
|-end|p1a: Great Tusk|Protosynthesis|[silent]
|switch|p1a: Slowking|Slowking-Galar, M|96/100
|move|p2a: Pelipper|Hurricane|p1a: Slowking
|-damage|p1a: Slowking|71/100
|
|-weather|RainDance|[upkeep]
|upkeep
|turn|16
|
|t:|1779857819
|move|p2a: Pelipper|U-turn|p1a: Slowking
|-damage|p1a: Slowking|64/100
|
|t:|1779857821
|switch|p2a: Iron Treads|Iron Treads|40/100|[from] U-turn
|-prepare|p1a: Slowking|Chilly Reception|[premajor]
|move|p1a: Slowking|Chilly Reception|p1a: Slowking
|-weather|Snowscape
|
|t:|1779857827
|switch|p1a: Great Tusk|Great Tusk|92/100|[from] Chilly Reception
|
|-weather|Snowscape|[upkeep]
|-heal|p2a: Iron Treads|46/100|[from] item: Leftovers
|upkeep
|turn|17
|
|t:|1779857830
|-end|p2a: Iron Treads|Quark Drive|[silent]
|switch|p2a: Pelipper|Pelipper, M|79/100
|-weather|RainDance|[from] ability: Drizzle|[of] p2a: Pelipper
|move|p1a: Great Tusk|Ice Spinner|p2a: Pelipper
|-damage|p2a: Pelipper|59/100
|
|-weather|RainDance|[upkeep]
|upkeep
|turn|18
|
|t:|1779857833
|-end|p1a: Great Tusk|Protosynthesis|[silent]
|switch|p1a: Slowking|Slowking-Galar, M|97/100
|move|p2a: Pelipper|U-turn|p1a: Slowking
|-damage|p1a: Slowking|91/100
|
|t:|1779857834
|switch|p2a: Barraskewda|Barraskewda, F|64/100|[from] U-turn
|
|-weather|RainDance|[upkeep]
|upkeep
|turn|19
|
|t:|1779857838
|move|p2a: Barraskewda|Liquidation|p1a: Slowking
|-damage|p1a: Slowking|8/100
|move|p1a: Slowking|Sludge Bomb|p2a: Barraskewda
|-damage|p2a: Barraskewda|0 fnt
|faint|p2a: Barraskewda
|
|-weather|RainDance|[upkeep]
|upkeep
|
|t:|1779857843
|switch|p2a: Kingambit|Kingambit, F, tera:Fighting|32/100
|-activate|p2a: Kingambit|ability: Supreme Overlord
|-start|p2a: Kingambit|fallen2|[silent]
|turn|20
|
|t:|1779857849
|switch|p1a: Alomomola|Alomomola, L99, F|60/100
|move|p2a: Kingambit|Kowtow Cleave|p1a: Alomomola
|-damage|p1a: Alomomola|16/100
|
|-weather|RainDance|[upkeep]
|-heal|p2a: Kingambit|38/100|[from] item: Leftovers
|upkeep
|turn|21
|
|t:|1779857857
|switch|p1a: Great Tusk|Great Tusk|92/100
|move|p2a: Kingambit|Low Kick|p1a: Great Tusk
|-damage|p1a: Great Tusk|25/100
|
|-weather|RainDance|[upkeep]
|-heal|p2a: Kingambit|44/100|[from] item: Leftovers
|upkeep
|turn|22
|
|t:|1779857863
|-end|p2a: Kingambit|fallen2|[silent]
|switch|p2a: Pelipper|Pelipper, M|59/100
|move|p1a: Great Tusk|Bulk Up|p1a: Great Tusk
|-boost|p1a: Great Tusk|atk|1
|-boost|p1a: Great Tusk|def|1
|
|-weather|RainDance|[upkeep]
|upkeep
|turn|23
|
|t:|1779857866
|move|p1a: Great Tusk|Ice Spinner|p2a: Pelipper
|-damage|p2a: Pelipper|29/100
|move|p2a: Pelipper|Roost|p2a: Pelipper
|-heal|p2a: Pelipper|79/100
|-singleturn|p2a: Pelipper|move: Roost
|
|-weather|RainDance|[upkeep]
|upkeep
|turn|24
|
|t:|1779857870
|-end|p1a: Great Tusk|Protosynthesis|[silent]
|switch|p1a: Alomomola|Alomomola, L99, F|50/100
|move|p2a: Pelipper|U-turn|p1a: Alomomola
|-damage|p1a: Alomomola|42/100
|
|t:|1779857876
|switch|p2a: Kingambit|Kingambit, F, tera:Fighting|44/100|[from] U-turn
|-activate|p2a: Kingambit|ability: Supreme Overlord
|-start|p2a: Kingambit|fallen2|[silent]
|
|-weather|none
|-heal|p2a: Kingambit|50/100|[from] item: Leftovers
|upkeep
|turn|25
|
|t:|1779857884
|switch|p1a: Heatran|Heatran, M|100/100
|move|p2a: Kingambit|Kowtow Cleave|p1a: Heatran
|-damage|p1a: Heatran|51/100
|
|-heal|p1a: Heatran|57/100|[from] item: Leftovers
|-heal|p2a: Kingambit|57/100|[from] item: Leftovers
|upkeep
|turn|26
|
|t:|1779857894
|-end|p2a: Kingambit|fallen2|[silent]
|switch|p2a: Pelipper|Pelipper, M|79/100
|-weather|RainDance|[from] ability: Drizzle|[of] p2a: Pelipper
|move|p1a: Heatran|Magma Storm|p2a: Pelipper
|-resisted|p2a: Pelipper
|-crit|p2a: Pelipper
|-damage|p2a: Pelipper|57/100
|-activate|p2a: Pelipper|move: Magma Storm|[of] p1a: Heatran
|
|-weather|RainDance|[upkeep]
|-heal|p1a: Heatran|63/100|[from] item: Leftovers
|-damage|p2a: Pelipper|44/100|[from] move: Magma Storm|[partiallytrapped]
|upkeep
|turn|27
|
|t:|1779857896
|move|p1a: Heatran|Protect|p1a: Heatran
|-singleturn|p1a: Heatran|Protect
|move|p2a: Pelipper|Roost|p2a: Pelipper
|-heal|p2a: Pelipper|94/100
|-singleturn|p2a: Pelipper|move: Roost
|
|-weather|RainDance|[upkeep]
|-heal|p1a: Heatran|69/100|[from] item: Leftovers
|-damage|p2a: Pelipper|82/100|[from] move: Magma Storm|[partiallytrapped]
|upkeep
|turn|28
|
|t:|1779857903
|move|p1a: Heatran|Taunt|p2a: Pelipper
|-start|p2a: Pelipper|move: Taunt
|move|p2a: Pelipper|U-turn|p1a: Heatran
|-resisted|p1a: Heatran
|-damage|p1a: Heatran|68/100
|
|t:|1779857910
|switch|p2a: Kingambit|Kingambit, F, tera:Fighting|57/100|[from] U-turn
|-activate|p2a: Kingambit|ability: Supreme Overlord
|-start|p2a: Kingambit|fallen2|[silent]
|
|-weather|RainDance|[upkeep]
|-heal|p1a: Heatran|74/100|[from] item: Leftovers
|-heal|p2a: Kingambit|63/100|[from] item: Leftovers
|upkeep
|turn|29
|
|t:|1779857917
|move|p1a: Heatran|Magma Storm|p2a: Kingambit
|-damage|p2a: Kingambit|39/100
|-activate|p2a: Kingambit|move: Magma Storm|[of] p1a: Heatran
|move|p2a: Kingambit|Low Kick|p1a: Heatran
|-supereffective|p1a: Heatran
|-damage|p1a: Heatran|0 fnt
|faint|p1a: Heatran
|
|-weather|RainDance|[upkeep]
|-heal|p2a: Kingambit|45/100|[from] item: Leftovers
|-end|p2a: Kingambit|Magma Storm|[partiallytrapped]|[silent]
|upkeep
|
|t:|1779857923
|switch|p1a: Landorus|Landorus-Therian, M|100/100
|-ability|p1a: Landorus|Intimidate|boost
|-unboost|p2a: Kingambit|atk|1
|turn|30
|
|t:|1779857927
|-end|p2a: Kingambit|fallen2|[silent]
|switch|p2a: Dragonite|Dragonite, M|100/100
|move|p1a: Landorus|Stealth Rock|p2a: Dragonite
|-sidestart|p2: JohnLowLadder'|move: Stealth Rock
|
|-weather|RainDance|[upkeep]
|upkeep
|turn|31
|
|t:|1779857932
|switch|p1a: Alomomola|Alomomola, L99, F|75/100
|switch|p2a: Iron Treads|Iron Treads|46/100
|-damage|p2a: Iron Treads|43/100|[from] Stealth Rock
|
|-weather|RainDance|[upkeep]
|-heal|p2a: Iron Treads|49/100|[from] item: Leftovers
|upkeep
|turn|32
|
|t:|1779857936
|move|p2a: Iron Treads|Knock Off|p1a: Alomomola
|-damage|p1a: Alomomola|57/100
|-enditem|p1a: Alomomola|Heavy-Duty Boots|[from] move: Knock Off|[of] p2a: Iron Treads
|move|p1a: Alomomola|Flip Turn|p2a: Iron Treads
|-supereffective|p2a: Iron Treads
|-damage|p2a: Iron Treads|14/100
|
|t:|1779857938
|switch|p1a: Landorus|Landorus-Therian, M|100/100|[from] Flip Turn
|-ability|p1a: Landorus|Intimidate|boost
|-unboost|p2a: Iron Treads|atk|1
|
|-weather|RainDance|[upkeep]
|-heal|p2a: Iron Treads|20/100|[from] item: Leftovers
|upkeep
|turn|33
|
|t:|1779857943
|move|p1a: Landorus|Stone Edge|p2a: Iron Treads|[miss]
|-miss|p1a: Landorus|p2a: Iron Treads
|move|p2a: Iron Treads|Rapid Spin|p1a: Landorus
|-crit|p1a: Landorus
|-damage|p1a: Landorus|79/100
|-boost|p2a: Iron Treads|spe|1
|-sideend|p2: JohnLowLadder'|Stealth Rock|[from] move: Rapid Spin|[of] p2a: Iron Treads
|
|-weather|none
|-heal|p2a: Iron Treads|26/100|[from] item: Leftovers
|upkeep
|turn|34
|-message|sickofme forfeited.
|
|win|JohnLowLadder'
|raw|sickofme's rating: 1620 &rarr; <strong>1599</strong><br />(-21 for losing)
|raw|JohnLowLadder&apos;'s rating: 1604 &rarr; <strong>1625</strong><br />(+21 for winning)
|l|☆sickofme
|player|p1|
|l|☆JohnLowLadder'
|player|p2|
