|j|☆Nickthenickthenick
|j|☆andre880
|t:|1779967043
|gametype|singles
|player|p1|Nickthenickthenick|2|1374
|player|p2|andre880|265|1400
|gen|9
|tier|[Gen 9] OU
|rated|
|rule|HP Percentage Mod: HP is shown in percentages
|rule|Endless Battle Clause: Forcing endless battles is banned
|rule|Species Clause: Limit one of each Pokémon
|rule|OHKO Clause: OHKO moves are banned
|rule|Evasion Items Clause: Evasion items are banned
|rule|Evasion Moves Clause: Evasion moves are banned
|rule|Evasion Abilities Clause: Evasion abilities are banned
|rule|Sleep Moves Clause: Sleep-inducing moves are banned
|clearpoke
|poke|p1|Raikou|
|poke|p1|Entei|
|poke|p1|Suicune|
|poke|p1|Tyranitar, F|
|poke|p1|Porygon2|
|poke|p1|Hatterene, F|
|poke|p2|Scizor, M|
|poke|p2|Samurott-Hisui, M|
|poke|p2|Dragapult, F|
|poke|p2|Great Tusk|
|poke|p2|Hatterene, F|
|poke|p2|Moltres|
|teampreview
|inactive|Battle timer is ON: inactive players will automatically lose when time's up. (requested by Nickthenickthenick)
|
|t:|1779967062
|teamsize|p1|6
|teamsize|p2|6
|start
|switch|p1a: Raikou|Raikou|100/100
|switch|p2a: Scizor|Scizor, M|100/100
|-ability|p1a: Raikou|Pressure
|turn|1
|
|t:|1779967080
|move|p1a: Raikou|Discharge|p2a: Scizor
|-damage|p2a: Scizor|51/100
|move|p2a: Scizor|U-turn|p1a: Raikou
|-damage|p1a: Raikou|24/100
|
|t:|1779967094
|switch|p2a: Great Tusk|Great Tusk|100/100|[from] U-turn
|-enditem|p2a: Great Tusk|Booster Energy
|-activate|p2a: Great Tusk|ability: Protosynthesis|[fromitem]
|-start|p2a: Great Tusk|protosynthesisspe
|
|-heal|p1a: Raikou|30/100|[from] item: Leftovers
|upkeep
|turn|2
|
|t:|1779967100
|-terastallize|p1a: Raikou|Water
|move|p2a: Great Tusk|Bulk Up|p2a: Great Tusk
|-boost|p2a: Great Tusk|atk|1
|-boost|p2a: Great Tusk|def|1
|move|p1a: Raikou|Scald|p2a: Great Tusk
|-supereffective|p2a: Great Tusk
|-damage|p2a: Great Tusk|0 fnt
|faint|p2a: Great Tusk
|-end|p2a: Great Tusk|Protosynthesis|[silent]
|
|-heal|p1a: Raikou|36/100|[from] item: Leftovers
|upkeep
|
|t:|1779967104
|switch|p2a: Moltres|Moltres|100/100
|turn|3
|
|t:|1779967126
|switch|p2a: Samurott|Samurott-Hisui, M|100/100
|move|p1a: Raikou|Scald|p2a: Samurott
|-resisted|p2a: Samurott
|-damage|p2a: Samurott|88/100
|-status|p2a: Samurott|brn
|
|-heal|p1a: Raikou|42/100|[from] item: Leftovers
|-damage|p2a: Samurott|82/100 brn|[from] brn
|upkeep
|turn|4
|
|t:|1779967133
|move|p1a: Raikou|Discharge|p2a: Samurott
|-supereffective|p2a: Samurott
|-damage|p2a: Samurott|30/100 brn
|move|p2a: Samurott|Ceaseless Edge|p1a: Raikou
|-damage|p1a: Raikou|12/100
|-sidestart|p1: Nickthenickthenick|Spikes
|
|-heal|p1a: Raikou|19/100|[from] item: Leftovers
|-damage|p2a: Samurott|24/100 brn|[from] brn
|upkeep
|turn|5
|
|t:|1779967140
|move|p2a: Samurott|Sucker Punch||[still]
|-fail|p2a: Samurott
|move|p1a: Raikou|Calm Mind|p1a: Raikou
|-boost|p1a: Raikou|spa|1
|-boost|p1a: Raikou|spd|1
|
|-heal|p1a: Raikou|25/100|[from] item: Leftovers
|-damage|p2a: Samurott|18/100 brn|[from] brn
|upkeep
|turn|6
|
|t:|1779967143
|move|p2a: Samurott|Sucker Punch|p1a: Raikou
|-damage|p1a: Raikou|4/100
|move|p1a: Raikou|Discharge|p2a: Samurott
|-supereffective|p2a: Samurott
|-damage|p2a: Samurott|0 fnt
|faint|p2a: Samurott
|
|-heal|p1a: Raikou|10/100|[from] item: Leftovers
|upkeep
|
|t:|1779967146
|switch|p2a: Dragapult|Dragapult, F|100/100
|turn|7
|
|t:|1779967154
|move|p2a: Dragapult|Shadow Ball|p1a: Raikou
|-crit|p1a: Raikou
|-damage|p1a: Raikou|0 fnt
|faint|p1a: Raikou
|
|upkeep
|
|t:|1779967156
|switch|p1a: Tyranitar|Tyranitar, F|100/100
|-damage|p1a: Tyranitar|88/100|[from] Spikes
|-weather|Sandstorm|[from] ability: Sand Stream|[of] p1a: Tyranitar
|turn|8
|
|t:|1779967183
|switch|p2a: Moltres|Moltres|100/100
|move|p1a: Tyranitar|Knock Off|p2a: Moltres
|-damage|p2a: Moltres|71/100
|-enditem|p2a: Moltres|Heavy-Duty Boots|[from] move: Knock Off|[of] p1a: Tyranitar
|
|-weather|Sandstorm|[upkeep]
|-damage|p2a: Moltres|65/100|[from] Sandstorm
|-heal|p1a: Tyranitar|94/100|[from] item: Leftovers
|upkeep
|turn|9
|
|t:|1779967187
|move|p2a: Moltres|U-turn|p1a: Tyranitar
|-supereffective|p1a: Tyranitar
|-damage|p1a: Tyranitar|73/100
|
|t:|1779967191
|switch|p2a: Hatterene|Hatterene, F|100/100|[from] U-turn
|move|p1a: Tyranitar|Stone Edge|p2a: Hatterene
|-damage|p2a: Hatterene|54/100
|
|-weather|Sandstorm|[upkeep]
|-damage|p2a: Hatterene|48/100|[from] Sandstorm
|-heal|p1a: Tyranitar|79/100|[from] item: Leftovers
|-heal|p2a: Hatterene|54/100|[from] item: Leftovers
|upkeep
|turn|10
|
|t:|1779967199
|move|p1a: Tyranitar|Knock Off|p2a: Hatterene
|-damage|p2a: Hatterene|12/100
|-enditem|p2a: Hatterene|Leftovers|[from] move: Knock Off|[of] p1a: Tyranitar
|move|p2a: Hatterene|Draining Kiss|p1a: Tyranitar
|-supereffective|p1a: Tyranitar
|-damage|p1a: Tyranitar|59/100
|-heal|p2a: Hatterene|30/100|[from] drain|[of] p1a: Tyranitar
|
|-weather|Sandstorm|[upkeep]
|-damage|p2a: Hatterene|24/100|[from] Sandstorm
|-heal|p1a: Tyranitar|66/100|[from] item: Leftovers
|upkeep
|turn|11
|
|t:|1779967206
|move|p1a: Tyranitar|Stone Edge|p2a: Hatterene
|-damage|p2a: Hatterene|0 fnt
|faint|p2a: Hatterene
|
|-weather|Sandstorm|[upkeep]
|-heal|p1a: Tyranitar|72/100|[from] item: Leftovers
|upkeep
|
|t:|1779967209
|switch|p2a: Scizor|Scizor, M|51/100
|turn|12
|c|☆Nickthenickthenick|GG
|
|t:|1779967227
|switch|p1a: Entei|Entei|100/100
|-ability|p1a: Entei|Pressure
|move|p2a: Scizor|Close Combat|p1a: Entei
|-damage|p1a: Entei|55/100
|-unboost|p2a: Scizor|def|1
|-unboost|p2a: Scizor|spd|1
|
|-weather|none
|upkeep
|turn|13
|c|☆Nickthenickthenick|lose to   fuckign gen 12 team worst legendereis
|
|t:|1779967239
|switch|p2a: Moltres|Moltres|65/100
|move|p1a: Entei|Sacred Fire|p2a: Moltres
|-resisted|p2a: Moltres
|-damage|p2a: Moltres|51/100
|
|upkeep
|turn|14
|
|t:|1779967242
|switch|p1a: Tyranitar|Tyranitar, F|72/100
|-damage|p1a: Tyranitar|59/100|[from] Spikes
|-weather|Sandstorm|[from] ability: Sand Stream|[of] p1a: Tyranitar
|move|p2a: Moltres|Roost|p2a: Moltres
|-heal|p2a: Moltres|100/100
|-singleturn|p2a: Moltres|move: Roost
|
|-weather|Sandstorm|[upkeep]
|-damage|p2a: Moltres|94/100|[from] Sandstorm
|-heal|p1a: Tyranitar|66/100|[from] item: Leftovers
|upkeep
|turn|15
|
|t:|1779967245
|move|p2a: Moltres|Will-O-Wisp|p1a: Tyranitar
|-status|p1a: Tyranitar|brn
|move|p1a: Tyranitar|Stealth Rock|p2a: Moltres
|-sidestart|p2: andre880|move: Stealth Rock
|
|-weather|Sandstorm|[upkeep]
|-damage|p2a: Moltres|88/100|[from] Sandstorm
|-heal|p1a: Tyranitar|72/100 brn|[from] item: Leftovers
|-damage|p1a: Tyranitar|66/100 brn|[from] brn
|upkeep
|turn|16
|c|☆Nickthenickthenick|HAHAha
|
|t:|1779967249
|move|p2a: Moltres|U-turn|p1a: Tyranitar
|-supereffective|p1a: Tyranitar
|-damage|p1a: Tyranitar|43/100 brn
|
|t:|1779967254
|switch|p2a: Scizor|Scizor, M|51/100|[from] U-turn
|-damage|p2a: Scizor|39/100|[from] Stealth Rock
|move|p1a: Tyranitar|Stone Edge|p2a: Scizor
|-damage|p2a: Scizor|15/100
|
|-weather|Sandstorm|[upkeep]
|-heal|p1a: Tyranitar|49/100 brn|[from] item: Leftovers
|-damage|p1a: Tyranitar|43/100 brn|[from] brn
|upkeep
|turn|17
|
|t:|1779967259
|-terastallize|p2a: Scizor|Steel
|move|p2a: Scizor|Bullet Punch|p1a: Tyranitar
|-supereffective|p1a: Tyranitar
|-damage|p1a: Tyranitar|0 fnt
|faint|p1a: Tyranitar
|
|-weather|Sandstorm|[upkeep]
|upkeep
|
|t:|1779967267
|switch|p1a: Porygon2|Porygon2|100/100
|-damage|p1a: Porygon2|88/100|[from] Spikes
|-ability|p1a: Porygon2|Technician|Trace|[from] ability: Trace|[of] p2a: Scizor
|turn|18
|inactive|andre880 has 120 seconds left.
|
|t:|1779967301
|move|p2a: Scizor|Bullet Punch|p1a: Porygon2
|-damage|p1a: Porygon2|55/100
|move|p1a: Porygon2|Foul Play|p2a: Scizor
|-damage|p2a: Scizor|0 fnt
|faint|p2a: Scizor
|
|-weather|none
|upkeep
|inactive|andre880 has 120 seconds left.
|
|t:|1779967310
|switch|p2a: Moltres|Moltres|88/100
|-damage|p2a: Moltres|39/100|[from] Stealth Rock
|turn|19
|
|t:|1779967324
|move|p2a: Moltres|Roost|p2a: Moltres
|-heal|p2a: Moltres|89/100
|-singleturn|p2a: Moltres|move: Roost
|move|p1a: Porygon2|Ice Beam|p2a: Moltres
|-resisted|p2a: Moltres
|-damage|p2a: Moltres|78/100
|
|upkeep
|turn|20
|
|t:|1779967343
|move|p2a: Moltres|Flamethrower|p1a: Porygon2
|-damage|p1a: Porygon2|30/100
|move|p1a: Porygon2|Thunder Wave|p2a: Moltres|[miss]
|-miss|p1a: Porygon2|p2a: Moltres
|
|upkeep
|turn|21
|inactive|andre880 has 120 seconds left.
|
|t:|1779967362
|move|p2a: Moltres|Flamethrower|p1a: Porygon2
|-damage|p1a: Porygon2|8/100
|move|p1a: Porygon2|Recover|p1a: Porygon2
|-heal|p1a: Porygon2|58/100
|
|upkeep
|turn|22
|
|t:|1779967370
|switch|p1a: Suicune|Suicune|100/100
|-damage|p1a: Suicune|88/100|[from] Spikes
|-ability|p1a: Suicune|Pressure
|move|p2a: Moltres|U-turn|p1a: Suicune
|-damage|p1a: Suicune|76/100
|
|t:|1779967371
|switch|p2a: Dragapult|Dragapult, F|100/100|[from] U-turn
|-damage|p2a: Dragapult|88/100|[from] Stealth Rock
|
|-heal|p1a: Suicune|82/100|[from] item: Leftovers
|upkeep
|turn|23
|
|t:|1779967380
|move|p2a: Dragapult|Draco Meteor|p1a: Suicune|[miss]
|-miss|p2a: Dragapult|p1a: Suicune
|move|p1a: Suicune|Ice Beam|p2a: Dragapult
|-supereffective|p2a: Dragapult
|-damage|p2a: Dragapult|38/100
|
|-heal|p1a: Suicune|89/100|[from] item: Leftovers
|upkeep
|turn|24
|
|t:|1779967383
|move|p2a: Dragapult|Draco Meteor|p1a: Suicune|[miss]
|-miss|p2a: Dragapult|p1a: Suicune
|move|p1a: Suicune|Ice Beam|p2a: Dragapult
|-supereffective|p2a: Dragapult
|-damage|p2a: Dragapult|0 fnt
|faint|p2a: Dragapult
|
|-heal|p1a: Suicune|95/100|[from] item: Leftovers
|upkeep
|c|☆Nickthenickthenick|i belive in you
|-message|andre880 forfeited.
|
|win|Nickthenickthenick
|raw|Nickthenickthenick's rating: 1374 &rarr; <strong>1395</strong><br />(+21 for winning)
|raw|andre880's rating: 1400 &rarr; <strong>1379</strong><br />(-21 for losing)
|l|☆andre880
|player|p2|
|l|☆Nickthenickthenick
|player|p1|
