|j|☆t2max
|j|☆garg is back
|t:|1779908943
|gametype|singles
|player|p1|t2max|skierf|1302
|player|p2|garg is back|ninjaboy|1312
|gen|9
|tier|[Gen 9] OU
|rated|
|rule|HP Percentage Mod: HP is shown in percentages
|rule|Endless Battle Clause: Forcing endless battles is banned
|rule|Species Clause: Limit one of each Pokémon
|rule|OHKO Clause: OHKO moves are banned
|rule|Evasion Items Clause: Evasion items are banned
|rule|Evasion Moves Clause: Evasion moves are banned
|rule|Evasion Abilities Clause: Evasion abilities are banned
|rule|Sleep Moves Clause: Sleep-inducing moves are banned
|clearpoke
|poke|p1|Weavile, M|
|poke|p1|Landorus-Therian, M|
|poke|p1|Rampardos, M|
|poke|p1|Hoopa-Unbound|
|poke|p1|Regigigas|
|poke|p1|Slaking, F|
|poke|p2|Weavile, F|
|poke|p2|Iron Moth|
|poke|p2|Great Tusk|
|poke|p2|Gholdengo|
|poke|p2|Rillaboom, M|
|poke|p2|Ogerpon-Wellspring, F|
|teampreview
|inactive|Battle timer is ON: inactive players will automatically lose when time's up. (requested by garg is back)
|
|t:|1779908963
|teamsize|p1|6
|teamsize|p2|6
|start
|switch|p1a: Weavile|Weavile, M|100/100
|switch|p2a: Rillaboom|Rillaboom, M|100/100
|-fieldstart|move: Grassy Terrain|[from] ability: Grassy Surge|[of] p2a: Rillaboom
|turn|1
|
|t:|1779908972
|move|p2a: Rillaboom|Grassy Glide|p1a: Weavile
|-damage|p1a: Weavile|0 fnt
|faint|p1a: Weavile
|
|upkeep
|
|t:|1779908978
|switch|p1a: Landorus|Landorus-Therian, M|100/100
|-ability|p1a: Landorus|Intimidate|boost
|-unboost|p2a: Rillaboom|atk|1
|turn|2
|
|t:|1779908981
|switch|p2a: Great Tusk|Great Tusk|100/100
|move|p1a: Landorus|U-turn|p2a: Great Tusk
|-resisted|p2a: Great Tusk
|-damage|p2a: Great Tusk|92/100
|-damage|p1a: Landorus|84/100|[from] item: Rocky Helmet|[of] p2a: Great Tusk
|
|t:|1779908994
|switch|p1a: Slaking|Slaking, F|100/100|[from] U-turn
|
|-heal|p2a: Great Tusk|98/100|[from] Grassy Terrain
|upkeep
|turn|3
|
|t:|1779909003
|switch|p1a: Landorus|Landorus-Therian, M|84/100
|-ability|p1a: Landorus|Intimidate|boost
|-unboost|p2a: Great Tusk|atk|1
|move|p2a: Great Tusk|Stealth Rock|p1a: Landorus
|-sidestart|p1: t2max|move: Stealth Rock
|
|-heal|p2a: Great Tusk|100/100|[from] Grassy Terrain
|upkeep
|turn|4
|
|t:|1779909010
|-end|p2a: Great Tusk|Protosynthesis|[silent]
|switch|p2a: Ogerpon|Ogerpon-Wellspring, F|100/100
|move|p1a: Landorus|Stealth Rock|p2a: Ogerpon
|-sidestart|p2: garg is back|move: Stealth Rock
|
|upkeep
|turn|5
|
|t:|1779909019
|switch|p1a: Regigigas|Regigigas|100/100
|-damage|p1a: Regigigas|88/100|[from] Stealth Rock
|-start|p1a: Regigigas|ability: Slow Start
|move|p2a: Ogerpon|Ivy Cudgel|p1a: Regigigas|[anim] Ivy Cudgel Water
|-damage|p1a: Regigigas|47/100
|
|-heal|p1a: Regigigas|53/100|[from] Grassy Terrain
|-heal|p1a: Regigigas|59/100|[from] item: Leftovers
|-fieldend|move: Grassy Terrain
|upkeep
|turn|6
|
|t:|1779909028
|move|p2a: Ogerpon|Power Whip|p1a: Regigigas
|-damage|p1a: Regigigas|9/100
|move|p1a: Regigigas|Thunder Wave|p2a: Ogerpon
|-status|p2a: Ogerpon|par
|
|-heal|p1a: Regigigas|15/100|[from] item: Leftovers
|upkeep
|turn|7
|
|t:|1779909038
|cant|p2a: Ogerpon|par
|move|p1a: Regigigas|Drain Punch|p2a: Ogerpon
|-damage|p2a: Ogerpon|78/100 par
|-heal|p1a: Regigigas|23/100|[from] drain|[of] p2a: Ogerpon
|
|-heal|p1a: Regigigas|30/100|[from] item: Leftovers
|upkeep
|turn|8
|
|t:|1779909043
|move|p2a: Ogerpon|Ivy Cudgel|p1a: Regigigas|[anim] Ivy Cudgel Water
|-damage|p1a: Regigigas|0 fnt
|faint|p1a: Regigigas
|-end|p1a: Regigigas|Slow Start|[silent]
|
|upkeep
|
|t:|1779909052
|switch|p1a: Landorus|Landorus-Therian, M|84/100
|-damage|p1a: Landorus|72/100|[from] Stealth Rock
|-ability|p1a: Landorus|Intimidate|boost
|-unboost|p2a: Ogerpon|atk|1
|turn|9
|
|t:|1779909059
|move|p1a: Landorus|U-turn|p2a: Ogerpon
|-supereffective|p2a: Ogerpon
|-damage|p2a: Ogerpon|0 fnt
|faint|p2a: Ogerpon
|
|t:|1779909068
|switch|p1a: Slaking|Slaking, F|100/100|[from] U-turn
|-damage|p1a: Slaking|88/100|[from] Stealth Rock
|
|upkeep
|
|t:|1779909070
|switch|p2a: Great Tusk|Great Tusk|100/100
|-damage|p2a: Great Tusk|97/100|[from] Stealth Rock
|turn|10
|
|t:|1779909079
|move|p1a: Slaking|Double-Edge|p2a: Great Tusk
|-damage|p2a: Great Tusk|49/100
|-damage|p1a: Slaking|71/100|[from] item: Rocky Helmet|[of] p2a: Great Tusk
|-damage|p1a: Slaking|56/100|[from] Recoil
|move|p2a: Great Tusk|Rapid Spin|p1a: Slaking
|-damage|p1a: Slaking|43/100
|-boost|p2a: Great Tusk|spe|1
|-sideend|p2: garg is back|Stealth Rock|[from] move: Rapid Spin|[of] p2a: Great Tusk
|
|upkeep
|turn|11
|
|t:|1779909084
|cant|p1a: Slaking|ability: Truant
|move|p2a: Great Tusk|Ice Spinner|p1a: Slaking
|-damage|p1a: Slaking|26/100
|
|upkeep
|turn|12
|
|t:|1779909089
|-end|p2a: Great Tusk|Protosynthesis|[silent]
|switch|p2a: Gholdengo|Gholdengo|100/100
|move|p1a: Slaking|Double-Edge|p2a: Gholdengo
|-immune|p2a: Gholdengo
|
|upkeep
|turn|13
|
|t:|1779909099
|cant|p1a: Slaking|ability: Truant
|move|p2a: Gholdengo|Make It Rain|p1a: Slaking
|-damage|p1a: Slaking|0 fnt
|-unboost|p2a: Gholdengo|spa|1
|faint|p1a: Slaking
|
|upkeep
|
|t:|1779909110
|switch|p1a: Hoopa|Hoopa-Unbound|100/100
|-damage|p1a: Hoopa|88/100|[from] Stealth Rock
|turn|14
|
|t:|1779909117
|switch|p2a: Iron Moth|Iron Moth|100/100
|-enditem|p2a: Iron Moth|Booster Energy
|-activate|p2a: Iron Moth|ability: Quark Drive|[fromitem]
|-start|p2a: Iron Moth|quarkdrivespe
|move|p1a: Hoopa|Hyperspace Fury|p2a: Iron Moth
|-damage|p2a: Iron Moth|0 fnt
|-unboost|p1a: Hoopa|def|1
|faint|p2a: Iron Moth
|-end|p2a: Iron Moth|Quark Drive|[silent]
|
|upkeep
|
|t:|1779909122
|switch|p2a: Weavile|Weavile, F|100/100
|-ability|p2a: Weavile|Pressure
|turn|15
|
|t:|1779909128
|move|p1a: Hoopa|Endure|p1a: Hoopa
|-singleturn|p1a: Hoopa|move: Endure
|move|p2a: Weavile|Knock Off|p1a: Hoopa
|-activate|p1a: Hoopa|move: Endure
|-damage|p1a: Hoopa|1/100
|-enditem|p1a: Hoopa|Custap Berry|[from] move: Knock Off|[of] p2a: Weavile
|
|upkeep
|turn|16
|
|t:|1779909132
|move|p2a: Weavile|Ice Shard|p1a: Hoopa
|-damage|p1a: Hoopa|0 fnt
|faint|p1a: Hoopa
|
|upkeep
|
|t:|1779909137
|switch|p1a: Rampardos|Rampardos, M|100/100
|-damage|p1a: Rampardos|88/100|[from] Stealth Rock
|turn|17
|
|t:|1779909153
|move|p2a: Weavile|Triple Axel|p1a: Rampardos
|-damage|p1a: Rampardos|73/100
|-damage|p1a: Rampardos|45/100
|-damage|p1a: Rampardos|7/100
|-hitcount|p1a: Rampardos|3
|move|p1a: Rampardos|Rock Slide|p2a: Weavile
|-supereffective|p2a: Weavile
|-damage|p2a: Weavile|0 fnt
|faint|p2a: Weavile
|
|upkeep
|
|t:|1779909164
|switch|p2a: Great Tusk|Great Tusk|49/100
|turn|18
|
|t:|1779909168
|move|p2a: Great Tusk|Rapid Spin|p1a: Rampardos
|-resisted|p1a: Rampardos
|-damage|p1a: Rampardos|0 fnt
|-boost|p2a: Great Tusk|spe|1
|faint|p1a: Rampardos
|
|upkeep
|
|t:|1779909170
|switch|p1a: Landorus|Landorus-Therian, M|72/100
|-damage|p1a: Landorus|59/100|[from] Stealth Rock
|-ability|p1a: Landorus|Intimidate|boost
|-unboost|p2a: Great Tusk|atk|1
|turn|19
|
|t:|1779909177
|-terastallize|p2a: Great Tusk|Ice
|move|p2a: Great Tusk|Ice Spinner|p1a: Landorus
|-supereffective|p1a: Landorus
|-damage|p1a: Landorus|0 fnt
|faint|p1a: Landorus
|
|win|garg is back
|raw|t2max's rating: 1302 &rarr; <strong>1283</strong><br />(-19 for losing)
|raw|garg is back's rating: 1312 &rarr; <strong>1331</strong><br />(+19 for winning)
|l|☆t2max
|player|p1|
|l|☆garg is back
|player|p2|
