|j|☆deanithinkk-?????
|j|☆meganub123
|t:|1779964787
|gametype|singles
|player|p1|deanithinkk-?????|n|1130
|player|p2|meganub123|roark|1122
|gen|9
|tier|[Gen 9] OU
|rated|
|rule|HP Percentage Mod: HP is shown in percentages
|rule|Endless Battle Clause: Forcing endless battles is banned
|rule|Species Clause: Limit one of each Pokémon
|rule|OHKO Clause: OHKO moves are banned
|rule|Evasion Items Clause: Evasion items are banned
|rule|Evasion Moves Clause: Evasion moves are banned
|rule|Evasion Abilities Clause: Evasion abilities are banned
|rule|Sleep Moves Clause: Sleep-inducing moves are banned
|clearpoke
|poke|p1|Great Tusk|
|poke|p1|Indeedee-F, F|
|poke|p1|Ribombee, M|
|poke|p1|Dragapult, F|
|poke|p1|Ogerpon-Wellspring, F|
|poke|p1|Garganacl, M|
|poke|p2|Torkoal, F|
|poke|p2|Ninetales, M|
|poke|p2|Walking Wake|
|poke|p2|Venusaur, M|
|poke|p2|Sandy Shocks|
|poke|p2|Lilligant-Hisui, F|
|teampreview
|inactive|Battle timer is ON: inactive players will automatically lose when time's up. (requested by deanithinkk-?????)
|
|t:|1779964795
|teamsize|p1|6
|teamsize|p2|6
|start
|switch|p1a: Ribombee|Ribombee, M|100/100
|switch|p2a: Torkoal|Torkoal, F|100/100
|-weather|SunnyDay|[from] ability: Drought|[of] p2a: Torkoal
|turn|1
|
|t:|1779964803
|move|p1a: Ribombee|Sticky Web|p2a: Torkoal
|-sidestart|p2: meganub123|move: Sticky Web
|move|p2a: Torkoal|Rapid Spin|p1a: Ribombee
|-damage|p1a: Ribombee|86/100
|-boost|p2a: Torkoal|spe|1
|-sideend|p2: meganub123|Sticky Web|[from] move: Rapid Spin|[of] p2a: Torkoal
|
|-weather|SunnyDay|[upkeep]
|upkeep
|turn|2
|
|t:|1779964813
|move|p1a: Ribombee|Tailwind|p1a: Ribombee
|-sidestart|p1: deanithinkk-?????|move: Tailwind
|move|p2a: Torkoal|Lava Plume|p1a: Ribombee
|-supereffective|p1a: Ribombee
|-damage|p1a: Ribombee|0 fnt
|faint|p1a: Ribombee
|
|-weather|SunnyDay|[upkeep]
|upkeep
|
|t:|1779964827
|switch|p1a: Ogerpon|Ogerpon-Wellspring, F|100/100
|turn|3
|
|t:|1779964833
|switch|p2a: Venusaur|Venusaur, M|100/100
|-terastallize|p1a: Ogerpon|Water
|detailschange|p1a: Ogerpon|Ogerpon-Wellspring-Tera, F, tera:Water
|-ability|p1a: Ogerpon|Embody Aspect (Wellspring)|boost
|-boost|p1a: Ogerpon|spd|1
|move|p1a: Ogerpon|Swords Dance|p1a: Ogerpon
|-boost|p1a: Ogerpon|atk|2
|
|-weather|SunnyDay|[upkeep]
|upkeep
|turn|4
|
|t:|1779964846
|move|p1a: Ogerpon|Knock Off|p2a: Venusaur
|-damage|p2a: Venusaur|13/100
|-enditem|p2a: Venusaur|Life Orb|[from] move: Knock Off|[of] p1a: Ogerpon
|move|p2a: Venusaur|Giga Drain|p1a: Ogerpon
|-supereffective|p1a: Ogerpon
|-crit|p1a: Ogerpon
|-damage|p1a: Ogerpon|2/100
|-heal|p2a: Venusaur|73/100|[from] drain|[of] p1a: Ogerpon
|
|-weather|SunnyDay|[upkeep]
|upkeep
|turn|5
|
|t:|1779964865
|move|p1a: Ogerpon|Ivy Cudgel|p2a: Venusaur|[anim] Ivy Cudgel Water
|-resisted|p2a: Venusaur
|-damage|p2a: Venusaur|31/100
|move|p2a: Venusaur|Giga Drain|p1a: Ogerpon
|-supereffective|p1a: Ogerpon
|-damage|p1a: Ogerpon|0 fnt
|-heal|p2a: Venusaur|32/100|[from] drain|[of] p1a: Ogerpon
|faint|p1a: Ogerpon
|detailschange|p1: Ogerpon|Ogerpon-Wellspring, F|[silent]
|
|-weather|none
|-sideend|p1: deanithinkk-?????|move: Tailwind
|upkeep
|
|t:|1779964876
|switch|p1a: Dragapult|Dragapult, F|100/100
|turn|6
|
|t:|1779964883
|switch|p2a: Torkoal|Torkoal, F|100/100
|-weather|SunnyDay|[from] ability: Drought|[of] p2a: Torkoal
|move|p1a: Dragapult|Dragon Darts|p2a: Torkoal
|-damage|p2a: Torkoal|85/100
|-anim|p1a: Dragapult|Dragon Darts|p2a: Torkoal
|-damage|p2a: Torkoal|66/100
|
|-weather|SunnyDay|[upkeep]
|upkeep
|turn|7
|
|t:|1779964895
|move|p1a: Dragapult|Dragon Darts|p2a: Torkoal
|-damage|p2a: Torkoal|48/100
|-anim|p1a: Dragapult|Dragon Darts|p2a: Torkoal
|-damage|p2a: Torkoal|32/100
|move|p2a: Torkoal|Will-O-Wisp|p1a: Dragapult
|-status|p1a: Dragapult|brn
|
|-weather|SunnyDay|[upkeep]
|-damage|p1a: Dragapult|94/100 brn|[from] brn
|upkeep
|turn|8
|
|t:|1779964905
|switch|p2a: Walking Wake|Walking Wake|100/100
|-activate|p2a: Walking Wake|ability: Protosynthesis
|-start|p2a: Walking Wake|protosynthesisspa
|move|p1a: Dragapult|Dragon Darts|p2a: Walking Wake
|-supereffective|p2a: Walking Wake
|-damage|p2a: Walking Wake|66/100
|-anim|p1a: Dragapult|Dragon Darts|p2a: Walking Wake
|-supereffective|p2a: Walking Wake
|-crit|p2a: Walking Wake
|-damage|p2a: Walking Wake|18/100
|
|-weather|SunnyDay|[upkeep]
|-damage|p1a: Dragapult|88/100 brn|[from] brn
|upkeep
|turn|9
|
|t:|1779964918
|move|p1a: Dragapult|Dragon Darts|p2a: Walking Wake
|-supereffective|p2a: Walking Wake
|-damage|p2a: Walking Wake|0 fnt
|faint|p2a: Walking Wake
|-end|p2a: Walking Wake|Protosynthesis|[silent]
|
|-weather|SunnyDay|[upkeep]
|-damage|p1a: Dragapult|82/100 brn|[from] brn
|upkeep
|
|t:|1779964925
|switch|p2a: Lilligant|Lilligant-Hisui, F|100/100
|turn|10
|
|t:|1779964929
|move|p2a: Lilligant|Swords Dance|p2a: Lilligant
|-boost|p2a: Lilligant|atk|2
|move|p1a: Dragapult|Dragon Darts|p2a: Lilligant
|-damage|p2a: Lilligant|79/100
|-anim|p1a: Dragapult|Dragon Darts|p2a: Lilligant
|-damage|p2a: Lilligant|58/100
|
|-weather|none
|-damage|p1a: Dragapult|76/100 brn|[from] brn
|upkeep
|turn|11
|
|t:|1779964939
|move|p1a: Dragapult|Dragon Darts|p2a: Lilligant
|-damage|p2a: Lilligant|34/100
|-anim|p1a: Dragapult|Dragon Darts|p2a: Lilligant
|-damage|p2a: Lilligant|10/100
|move|p2a: Lilligant|Triple Axel|p1a: Dragapult
|-supereffective|p1a: Dragapult
|-damage|p1a: Dragapult|38/100 brn
|-supereffective|p1a: Dragapult
|-damage|p1a: Dragapult|0 fnt
|faint|p1a: Dragapult
|-hitcount|p1: Dragapult|2
|-damage|p2a: Lilligant|0 fnt|[from] item: Life Orb
|faint|p2a: Lilligant
|
|upkeep
|
|t:|1779964954
|switch|p1a: Indeedee|Indeedee-F, F|100/100
|switch|p2a: Torkoal|Torkoal, F|32/100
|-fieldstart|move: Psychic Terrain|[from] ability: Psychic Surge|[of] p1a: Indeedee
|-weather|SunnyDay|[from] ability: Drought|[of] p2a: Torkoal
|turn|12
|
|t:|1779964967
|move|p1a: Indeedee|Psychic|p2a: Torkoal
|-damage|p2a: Torkoal|0 fnt
|faint|p2a: Torkoal
|
|-weather|SunnyDay|[upkeep]
|upkeep
|
|t:|1779964971
|switch|p2a: Sandy Shocks|Sandy Shocks|100/100
|-activate|p2a: Sandy Shocks|ability: Protosynthesis
|-start|p2a: Sandy Shocks|protosynthesisspe
|turn|13
|
|t:|1779964977
|move|p1a: Indeedee|Protect|p1a: Indeedee
|-singleturn|p1a: Indeedee|Protect
|move|p2a: Sandy Shocks|Volt Switch|p1a: Indeedee
|-activate|p1a: Indeedee|move: Protect
|
|-weather|SunnyDay|[upkeep]
|upkeep
|turn|14
|
|t:|1779964986
|switch|p1a: Great Tusk|Great Tusk|100/100
|-activate|p1a: Great Tusk|ability: Protosynthesis
|-start|p1a: Great Tusk|protosynthesisspe
|move|p2a: Sandy Shocks|Volt Switch|p1a: Great Tusk
|-immune|p1a: Great Tusk
|
|-weather|SunnyDay|[upkeep]
|upkeep
|turn|15
|
|t:|1779965008
|-end|p2a: Sandy Shocks|Protosynthesis|[silent]
|switch|p2a: Venusaur|Venusaur, M|32/100
|move|p1a: Great Tusk|Headlong Rush|p2a: Venusaur
|-damage|p2a: Venusaur|0 fnt
|-unboost|p1a: Great Tusk|def|1
|-unboost|p1a: Great Tusk|spd|1
|faint|p2a: Venusaur
|
|-weather|SunnyDay|[upkeep]
|upkeep
|
|t:|1779965014
|switch|p2a: Sandy Shocks|Sandy Shocks|100/100
|-activate|p2a: Sandy Shocks|ability: Protosynthesis
|-start|p2a: Sandy Shocks|protosynthesisspe
|turn|16
|
|t:|1779965030
|move|p2a: Sandy Shocks|Earth Power|p1a: Great Tusk
|-damage|p1a: Great Tusk|0 fnt
|faint|p1a: Great Tusk
|-end|p1a: Great Tusk|Protosynthesis|[silent]
|
|-weather|none
|-end|p2a: Sandy Shocks|Protosynthesis
|-fieldend|move: Psychic Terrain
|upkeep
|
|t:|1779965038
|switch|p1a: Indeedee|Indeedee-F, F|100/100
|-fieldstart|move: Psychic Terrain|[from] ability: Psychic Surge|[of] p1a: Indeedee
|turn|17
|
|t:|1779965045
|-end|p2a: Sandy Shocks|Protosynthesis|[silent]
|switch|p2a: Ninetales|Ninetales, M|100/100
|-weather|SunnyDay|[from] ability: Drought|[of] p2a: Ninetales
|move|p1a: Indeedee|Psychic|p2a: Ninetales
|-damage|p2a: Ninetales|63/100
|
|-weather|SunnyDay|[upkeep]
|upkeep
|turn|18
|
|t:|1779965056
|move|p2a: Ninetales|Will-O-Wisp|p1a: Indeedee|[miss]
|-miss|p2a: Ninetales|p1a: Indeedee
|move|p1a: Indeedee|Psychic|p2a: Ninetales
|-damage|p2a: Ninetales|26/100
|
|-weather|SunnyDay|[upkeep]
|upkeep
|turn|19
|
|t:|1779965064
|move|p2a: Ninetales|Healing Wish|p2a: Ninetales
|faint|p2a: Ninetales
|move|p1a: Indeedee|Psychic|p2: Ninetales|[notarget]
|-fail|p1a: Indeedee
|
|-weather|SunnyDay|[upkeep]
|upkeep
|
|t:|1779965070
|switch|p2a: Sandy Shocks|Sandy Shocks|100/100
|-activate|p2a: Sandy Shocks|ability: Protosynthesis
|-start|p2a: Sandy Shocks|protosynthesisspe
|turn|20
|
|t:|1779965077
|-terastallize|p2a: Sandy Shocks|Electric
|move|p2a: Sandy Shocks|Thunderbolt|p1a: Indeedee
|-damage|p1a: Indeedee|23/100
|-enditem|p1a: Indeedee|Eject Button
|
|t:|1779965082
|switch|p1a: Garganacl|Garganacl, M|100/100
|
|-weather|SunnyDay|[upkeep]
|upkeep
|turn|21
|
|t:|1779965097
|move|p2a: Sandy Shocks|Thunderbolt|p1a: Garganacl
|-damage|p1a: Garganacl|49/100
|move|p1a: Garganacl|Iron Defense|p1a: Garganacl
|-boost|p1a: Garganacl|def|2
|
|-weather|SunnyDay|[upkeep]
|-heal|p1a: Garganacl|55/100|[from] item: Leftovers
|-fieldend|move: Psychic Terrain
|upkeep
|turn|22
|
|t:|1779965106
|move|p2a: Sandy Shocks|Thunderbolt|p1a: Garganacl
|-damage|p1a: Garganacl|0 fnt
|faint|p1a: Garganacl
|
|-weather|SunnyDay|[upkeep]
|upkeep
|
|t:|1779965112
|switch|p1a: Indeedee|Indeedee-F, F|23/100
|-fieldstart|move: Psychic Terrain|[from] ability: Psychic Surge|[of] p1a: Indeedee
|turn|23
|-message|deanithinkk-????? forfeited.
|
|win|meganub123
|raw|deanithinkk-?????'s rating: 1130 &rarr; <strong>1104</strong><br />(-26 for losing)
|raw|meganub123's rating: 1122 &rarr; <strong>1148</strong><br />(+26 for winning)
|l|☆deanithinkk-?????
|player|p1|
|l|☆meganub123
|player|p2|
