|j|☆its tetover
|j|☆maxcondones
|t:|1779944734
|gametype|singles
|player|p1|its tetover|gardenia|1535
|player|p2|maxcondones|102|1558
|gen|9
|tier|[Gen 9] OU
|rated|
|rule|HP Percentage Mod: HP is shown in percentages
|rule|Endless Battle Clause: Forcing endless battles is banned
|rule|Species Clause: Limit one of each Pokémon
|rule|OHKO Clause: OHKO moves are banned
|rule|Evasion Items Clause: Evasion items are banned
|rule|Evasion Moves Clause: Evasion moves are banned
|rule|Evasion Abilities Clause: Evasion abilities are banned
|rule|Sleep Moves Clause: Sleep-inducing moves are banned
|clearpoke
|poke|p1|Ribombee, F|
|poke|p1|Brambleghast, F|
|poke|p1|Pawmot, M|
|poke|p1|Kyurem|
|poke|p1|Ursaluna, F|
|poke|p1|Tornadus, M|
|poke|p2|Excadrill, F|
|poke|p2|Landorus-Therian, M|
|poke|p2|Deoxys-Speed|
|poke|p2|Tyranitar, M|
|poke|p2|Tornadus-Therian, M|
|poke|p2|Hippowdon, M|
|teampreview
|inactive|Battle timer is ON: inactive players will automatically lose when time's up. (requested by its tetover)
|
|t:|1779944743
|teamsize|p1|6
|teamsize|p2|6
|start
|switch|p1a: Tornadus|Tornadus, M|100/100
|switch|p2a: Excadrill|Excadrill, F|100/100
|turn|1
|
|t:|1779944750
|move|p1a: Tornadus|Tailwind|p1a: Tornadus
|-sidestart|p1: its tetover|move: Tailwind
|move|p2a: Excadrill|Rock Slide|p1a: Tornadus
|-supereffective|p1a: Tornadus
|-damage|p1a: Tornadus|0 fnt
|faint|p1a: Tornadus
|
|upkeep
|
|t:|1779944761
|switch|p1a: Pawmot|Pawmot, M|100/100
|turn|2
|
|t:|1779944768
|switch|p2a: Landorus|Landorus-Therian, M|100/100
|-ability|p2a: Landorus|Intimidate|boost
|-unboost|p1a: Pawmot|atk|1
|move|p1a: Pawmot|Ice Punch|p2a: Landorus
|-supereffective|p2a: Landorus
|-damage|p2a: Landorus|0 fnt
|-damage|p1a: Pawmot|84/100|[from] item: Rocky Helmet|[of] p2a: Landorus
|faint|p2a: Landorus
|-damage|p1a: Pawmot|74/100|[from] item: Life Orb
|
|upkeep
|
|t:|1779944776
|switch|p2a: Hippowdon|Hippowdon, M|100/100
|-weather|Sandstorm|[from] ability: Sand Stream|[of] p2a: Hippowdon
|turn|3
|
|t:|1779944778
|switch|p1a: Brambleghast|Brambleghast, F|100/100
|-ability|p1a: Brambleghast|Wind Rider|boost
|-boost|p1a: Brambleghast|atk|1
|move|p2a: Hippowdon|Stealth Rock|p1a: Brambleghast
|-sidestart|p1: its tetover|move: Stealth Rock
|
|-weather|Sandstorm|[upkeep]
|-damage|p1a: Brambleghast|95/100|[from] Sandstorm
|upkeep
|turn|4
|
|t:|1779944790
|switch|p2a: Tornadus|Tornadus-Therian, M|100/100
|move|p1a: Brambleghast|Rapid Spin|p2a: Tornadus
|-damage|p2a: Tornadus|57/100
|-boost|p1a: Brambleghast|spe|1
|-sideend|p1: its tetover|Stealth Rock|[from] move: Rapid Spin|[of] p1a: Brambleghast
|-damage|p1a: Brambleghast|85/100|[from] item: Life Orb
|
|-weather|Sandstorm|[upkeep]
|-damage|p1a: Brambleghast|79/100|[from] Sandstorm
|-damage|p2a: Tornadus|51/100|[from] Sandstorm
|-sideend|p1: its tetover|move: Tailwind
|upkeep
|turn|5
|
|t:|1779944809
|switch|p2a: Tyranitar|Tyranitar, M|100/100
|move|p1a: Brambleghast|Poltergeist|p2a: Tyranitar
|-activate|p2a: Tyranitar|move: Poltergeist|Eject Button
|-resisted|p2a: Tyranitar
|-damage|p2a: Tyranitar|52/100
|-enditem|p2a: Tyranitar|Eject Button
|-damage|p1a: Brambleghast|69/100|[from] item: Life Orb
|
|t:|1779944815
|switch|p2a: Excadrill|Excadrill, F|100/100
|
|-weather|Sandstorm|[upkeep]
|-damage|p1a: Brambleghast|63/100|[from] Sandstorm
|upkeep
|turn|6
|
|t:|1779944819
|switch|p1a: Ursaluna|Ursaluna, F|100/100
|move|p2a: Excadrill|Iron Head|p1a: Ursaluna
|-damage|p1a: Ursaluna|40/100
|
|-weather|Sandstorm|[upkeep]
|-status|p1a: Ursaluna|brn|[from] item: Flame Orb
|upkeep
|turn|7
|
|t:|1779944827
|move|p2a: Excadrill|Iron Head|p1a: Ursaluna
|-damage|p1a: Ursaluna|0 fnt
|faint|p1a: Ursaluna
|
|-weather|none
|upkeep
|
|t:|1779944833
|switch|p1a: Ribombee|Ribombee, F|100/100
|turn|8
|
|t:|1779944842
|switch|p2a: Hippowdon|Hippowdon, M|100/100
|-weather|Sandstorm|[from] ability: Sand Stream|[of] p2a: Hippowdon
|move|p1a: Ribombee|Sticky Web|p2a: Hippowdon
|-sidestart|p2: maxcondones|move: Sticky Web
|
|-weather|Sandstorm|[upkeep]
|-damage|p1a: Ribombee|94/100|[from] Sandstorm
|upkeep
|turn|9
|
|t:|1779944860
|switch|p2a: Tyranitar|Tyranitar, M|52/100
|-activate|p2a: Tyranitar|move: Sticky Web
|-unboost|p2a: Tyranitar|spe|1
|move|p1a: Ribombee|Tailwind|p1a: Ribombee
|-sidestart|p1: its tetover|move: Tailwind
|
|-weather|Sandstorm|[upkeep]
|-damage|p1a: Ribombee|88/100|[from] Sandstorm
|upkeep
|turn|10
|
|t:|1779944871
|switch|p1a: Pawmot|Pawmot, M|74/100
|move|p2a: Tyranitar|Stealth Rock|p1a: Pawmot
|-sidestart|p1: its tetover|move: Stealth Rock
|
|-weather|Sandstorm|[upkeep]
|-damage|p1a: Pawmot|68/100|[from] Sandstorm
|upkeep
|turn|11
|
|t:|1779944879
|switch|p2a: Hippowdon|Hippowdon, M|100/100
|-activate|p2a: Hippowdon|move: Sticky Web
|-unboost|p2a: Hippowdon|spe|1
|move|p1a: Pawmot|Close Combat|p2a: Hippowdon
|-damage|p2a: Hippowdon|63/100
|-unboost|p1a: Pawmot|def|1
|-unboost|p1a: Pawmot|spd|1
|-enditem|p2a: Hippowdon|Eject Button
|-damage|p1a: Pawmot|58/100|[from] item: Life Orb
|
|t:|1779944886
|switch|p2a: Tornadus|Tornadus-Therian, M|84/100
|
|-weather|Sandstorm|[upkeep]
|-damage|p1a: Pawmot|52/100|[from] Sandstorm
|-damage|p2a: Tornadus|78/100|[from] Sandstorm
|upkeep
|turn|12
|
|t:|1779944893
|-terastallize|p2a: Tornadus|Ground
|move|p1a: Pawmot|Close Combat|p2a: Tornadus
|-damage|p2a: Tornadus|0 fnt
|-unboost|p1a: Pawmot|def|1
|-unboost|p1a: Pawmot|spd|1
|faint|p2a: Tornadus
|-damage|p1a: Pawmot|42/100|[from] item: Life Orb
|
|-weather|none
|-sideend|p1: its tetover|move: Tailwind
|upkeep
|
|t:|1779944899
|switch|p2a: Deoxys|Deoxys-Speed|100/100
|-activate|p2a: Deoxys|move: Sticky Web
|-unboost|p2a: Deoxys|spe|1
|-ability|p2a: Deoxys|Pressure
|-enditem|p2a: Deoxys|Eject Pack
|
|t:|1779944904
|switch|p2a: Hippowdon|Hippowdon, M|63/100
|-activate|p2a: Hippowdon|move: Sticky Web
|-unboost|p2a: Hippowdon|spe|1
|-weather|Sandstorm|[from] ability: Sand Stream|[of] p2a: Hippowdon
|turn|13
|
|t:|1779944909
|switch|p1a: Brambleghast|Brambleghast, F|63/100
|-damage|p1a: Brambleghast|50/100|[from] Stealth Rock
|move|p2a: Hippowdon|Earthquake|p1a: Brambleghast
|-resisted|p1a: Brambleghast
|-damage|p1a: Brambleghast|16/100
|
|-weather|Sandstorm|[upkeep]
|-damage|p1a: Brambleghast|10/100|[from] Sandstorm
|upkeep
|turn|14
|
|t:|1779944916
|move|p1a: Brambleghast|Power Whip|p2a: Hippowdon
|-supereffective|p2a: Hippowdon
|-damage|p2a: Hippowdon|0 fnt
|faint|p2a: Hippowdon
|-damage|p1a: Brambleghast|0 fnt|[from] item: Life Orb
|faint|p1a: Brambleghast
|
|-weather|Sandstorm|[upkeep]
|upkeep
|
|t:|1779944937
|switch|p1a: Kyurem|Kyurem|100/100
|switch|p2a: Excadrill|Excadrill, F|100/100
|-activate|p2a: Excadrill|move: Sticky Web
|-unboost|p2a: Excadrill|spe|1
|-damage|p1a: Kyurem|76/100|[from] Stealth Rock
|-ability|p1a: Kyurem|Pressure
|turn|15
|
|t:|1779944940
|move|p2a: Excadrill|Iron Head|p1a: Kyurem
|-supereffective|p1a: Kyurem
|-damage|p1a: Kyurem|0 fnt
|faint|p1a: Kyurem
|
|-weather|Sandstorm|[upkeep]
|upkeep
|
|t:|1779944951
|switch|p1a: Ribombee|Ribombee, F|88/100
|-damage|p1a: Ribombee|63/100|[from] Stealth Rock
|turn|16
|
|t:|1779944955
|move|p1a: Ribombee|Tailwind|p1a: Ribombee
|-sidestart|p1: its tetover|move: Tailwind
|move|p2a: Excadrill|Iron Head|p1a: Ribombee
|-supereffective|p1a: Ribombee
|-damage|p1a: Ribombee|0 fnt
|faint|p1a: Ribombee
|
|-weather|Sandstorm|[upkeep]
|upkeep
|
|t:|1779944958
|switch|p1a: Pawmot|Pawmot, M|42/100
|-damage|p1a: Pawmot|36/100|[from] Stealth Rock
|turn|17
|inactive|its tetover has 120 seconds left.
|inactive|maxcondones has 120 seconds left.
|
|t:|1779944995
|switch|p2a: Deoxys|Deoxys-Speed|100/100
|-activate|p2a: Deoxys|move: Sticky Web
|-unboost|p2a: Deoxys|spe|1
|-ability|p2a: Deoxys|Pressure
|-terastallize|p1a: Pawmot|Electric
|move|p1a: Pawmot|Double Shock|p2a: Deoxys
|-damage|p2a: Deoxys|0 fnt
|-start|p1a: Pawmot|typechange|Electric|[from] move: Double Shock
|faint|p2a: Deoxys
|-damage|p1a: Pawmot|26/100|[from] item: Life Orb
|
|-weather|none
|upkeep
|inactive|maxcondones has 120 seconds left.
|
|t:|1779945008
|switch|p2a: Tyranitar|Tyranitar, M|52/100
|-activate|p2a: Tyranitar|move: Sticky Web
|-unboost|p2a: Tyranitar|spe|1
|-weather|Sandstorm|[from] ability: Sand Stream|[of] p2a: Tyranitar
|turn|18
|
|t:|1779945012
|move|p1a: Pawmot|Close Combat|p2a: Tyranitar
|-supereffective|p2a: Tyranitar
|-damage|p2a: Tyranitar|0 fnt
|-unboost|p1a: Pawmot|def|1
|-unboost|p1a: Pawmot|spd|1
|faint|p2a: Tyranitar
|-damage|p1a: Pawmot|17/100|[from] item: Life Orb
|
|-weather|Sandstorm|[upkeep]
|-damage|p1a: Pawmot|11/100|[from] Sandstorm
|upkeep
|
|t:|1779945014
|switch|p2a: Excadrill|Excadrill, F|100/100
|-activate|p2a: Excadrill|move: Sticky Web
|-unboost|p2a: Excadrill|spe|1
|turn|19
|
|t:|1779945016
|move|p1a: Pawmot|Close Combat|p2a: Excadrill
|-supereffective|p2a: Excadrill
|-damage|p2a: Excadrill|0 fnt
|-unboost|p1a: Pawmot|def|1
|-unboost|p1a: Pawmot|spd|1
|faint|p2a: Excadrill
|-damage|p1a: Pawmot|1/100|[from] item: Life Orb
|
|win|its tetover
|raw|its tetover's rating: 1535 &rarr; <strong>1556</strong><br />(+21 for winning)
|raw|maxcondones's rating: 1558 &rarr; <strong>1537</strong><br />(-21 for losing)
