|j|‽PokemonGuy94
|j|☆Nat889
|t:|1779857788
|gametype|singles
|player|p1|PokemonGuy94|leon|1483
|player|p2|Nat889|miku-ghost|1556
|gen|9
|tier|[Gen 9] OU
|rated|
|rule|HP Percentage Mod: HP is shown in percentages
|rule|Endless Battle Clause: Forcing endless battles is banned
|rule|Species Clause: Limit one of each Pokémon
|rule|OHKO Clause: OHKO moves are banned
|rule|Evasion Items Clause: Evasion items are banned
|rule|Evasion Moves Clause: Evasion moves are banned
|rule|Evasion Abilities Clause: Evasion abilities are banned
|rule|Sleep Moves Clause: Sleep-inducing moves are banned
|clearpoke
|poke|p1|Grimmsnarl, M|
|poke|p1|Great Tusk|
|poke|p1|Latias, F|
|poke|p1|Kingambit, F|
|poke|p1|Gliscor, M|
|poke|p1|Ceruledge, F|
|poke|p2|Hoopa|
|poke|p2|Cinderace, M|
|poke|p2|Mandibuzz, F|
|poke|p2|Kyurem|
|poke|p2|Ting-Lu|
|poke|p2|Manaphy|
|teampreview
|inactive|Battle timer is ON: inactive players will automatically lose when time's up. (requested by PokemonGuy94)
|
|t:|1779857803
|teamsize|p1|6
|teamsize|p2|6
|start
|switch|p1a: Grimmsnarl|Grimmsnarl, M|100/100
|switch|p2a: Ting-Lucifer|Ting-Lu|100/100
|-ability|p2a: Ting-Lucifer|Vessel of Ruin
|turn|1
|
|t:|1779857810
|switch|p1a: Great Tusk|Great Tusk|100/100
|move|p2a: Ting-Lucifer|Heavy Slam|p1a: Great Tusk
|-damage|p1a: Great Tusk|86/100
|
|upkeep
|turn|2
|
|t:|1779857817
|switch|p2a: Mandibuzz|Mandibuzz, F, shiny|100/100
|move|p1a: Great Tusk|Headlong Rush|p2a: Mandibuzz
|-immune|p2a: Mandibuzz
|
|upkeep
|turn|3
|
|t:|1779857824
|-end|p1a: Great Tusk|Protosynthesis|[silent]
|switch|p1a: Grimmsnarl|Grimmsnarl, M|100/100
|move|p2a: Mandibuzz|Foul Play|p1a: Grimmsnarl
|-resisted|p1a: Grimmsnarl
|-crit|p1a: Grimmsnarl
|-damage|p1a: Grimmsnarl|85/100
|
|upkeep
|turn|4
|
|t:|1779857836
|switch|p2a: Ting-Lucifer|Ting-Lu|100/100
|-ability|p2a: Ting-Lucifer|Vessel of Ruin
|move|p1a: Grimmsnarl|Light Screen|p1a: Grimmsnarl
|-sidestart|p1: PokemonGuy94|move: Light Screen
|
|upkeep
|turn|5
|
|t:|1779857842
|switch|p1a: Great Tusk|Great Tusk|86/100
|move|p2a: Ting-Lucifer|Stealth Rock|p1a: Great Tusk
|-sidestart|p1: PokemonGuy94|move: Stealth Rock
|
|upkeep
|turn|6
|
|t:|1779857848
|switch|p2a: Mandibuzz|Mandibuzz, F, shiny|100/100
|move|p1a: Great Tusk|Rapid Spin|p2a: Mandibuzz
|-damage|p2a: Mandibuzz|91/100
|-boost|p1a: Great Tusk|spe|1
|-damage|p1a: Great Tusk|70/100|[from] item: Rocky Helmet|[of] p2a: Mandibuzz
|-sideend|p1: PokemonGuy94|Stealth Rock|[from] move: Rapid Spin|[of] p1a: Great Tusk
|
|upkeep
|turn|7
|
|t:|1779857855
|move|p1a: Great Tusk|Ice Spinner|p2a: Mandibuzz
|-supereffective|p2a: Mandibuzz
|-damage|p2a: Mandibuzz|61/100
|-damage|p1a: Great Tusk|53/100|[from] item: Rocky Helmet|[of] p2a: Mandibuzz
|move|p2a: Mandibuzz|Toxic|p1a: Great Tusk
|-status|p1a: Great Tusk|tox
|
|-damage|p1a: Great Tusk|47/100 tox|[from] psn
|upkeep
|turn|8
|
|t:|1779857863
|move|p1a: Great Tusk|Ice Spinner|p2a: Mandibuzz
|-supereffective|p2a: Mandibuzz
|-crit|p2a: Mandibuzz
|-damage|p2a: Mandibuzz|12/100
|-damage|p1a: Great Tusk|30/100 tox|[from] item: Rocky Helmet|[of] p2a: Mandibuzz
|move|p2a: Mandibuzz|Roost|p2a: Mandibuzz
|-heal|p2a: Mandibuzz|62/100
|-singleturn|p2a: Mandibuzz|move: Roost
|
|-damage|p1a: Great Tusk|18/100 tox|[from] psn
|upkeep
|turn|9
|
|t:|1779857873
|move|p1a: Great Tusk|Ice Spinner|p2a: Mandibuzz
|-supereffective|p2a: Mandibuzz
|-damage|p2a: Mandibuzz|32/100
|-damage|p1a: Great Tusk|2/100 tox|[from] item: Rocky Helmet|[of] p2a: Mandibuzz
|move|p2a: Mandibuzz|Roost|p2a: Mandibuzz
|-heal|p2a: Mandibuzz|82/100
|-singleturn|p2a: Mandibuzz|move: Roost
|
|-damage|p1a: Great Tusk|0 fnt|[from] psn
|faint|p1a: Great Tusk
|-end|p1a: Great Tusk|Protosynthesis|[silent]
|upkeep
|
|t:|1779857883
|switch|p1a: Latias|Latias, F|100/100
|turn|10
|
|t:|1779857889
|switch|p2a: Hoopa|Hoopa|100/100
|-terastallize|p1a: Latias|Steel
|move|p1a: Latias|Calm Mind|p1a: Latias
|-boost|p1a: Latias|spa|1
|-boost|p1a: Latias|spd|1
|
|upkeep
|turn|11
|
|t:|1779857897
|move|p1a: Latias|Agility|p1a: Latias
|-boost|p1a: Latias|spe|2
|move|p2a: Hoopa|Calm Mind|p2a: Hoopa
|-boost|p2a: Hoopa|spa|1
|-boost|p2a: Hoopa|spd|1
|
|-sideend|p1: PokemonGuy94|move: Light Screen
|upkeep
|turn|12
|
|t:|1779857905
|move|p1a: Latias|Calm Mind|p1a: Latias
|-boost|p1a: Latias|spa|1
|-boost|p1a: Latias|spd|1
|move|p2a: Hoopa|Focus Blast|p1a: Latias
|-supereffective|p1a: Latias
|-damage|p1a: Latias|31/100
|-enditem|p1a: Latias|Weakness Policy
|-boost|p1a: Latias|atk|2|[from] item: Weakness Policy
|-boost|p1a: Latias|spa|2|[from] item: Weakness Policy
|
|upkeep
|turn|13
|
|t:|1779857918
|move|p1a: Latias|Stored Power|p2a: Hoopa
|-resisted|p2a: Hoopa
|-damage|p2a: Hoopa|25/100
|-enditem|p2a: Hoopa|Aguav Berry|[eat]
|-heal|p2a: Hoopa|58/100|[from] item: Aguav Berry
|move|p2a: Hoopa|Focus Blast|p1a: Latias|[miss]
|-miss|p2a: Hoopa|p1a: Latias
|
|upkeep
|turn|14
|
|t:|1779857933
|move|p1a: Latias|Draining Kiss|p2a: Hoopa
|-damage|p2a: Hoopa|32/100
|-heal|p1a: Latias|52/100|[from] drain|[of] p2a: Hoopa
|move|p2a: Hoopa|Focus Blast|p1a: Latias
|-supereffective|p1a: Latias
|-damage|p1a: Latias|0 fnt
|faint|p1a: Latias
|
|upkeep
|
|t:|1779857940
|switch|p1a: Ceruledge|Ceruledge, F|100/100
|turn|15
|
|t:|1779857944
|move|p1a: Ceruledge|Swords Dance|p1a: Ceruledge
|-boost|p1a: Ceruledge|atk|2
|move|p2a: Hoopa|Substitute|p2a: Hoopa
|-start|p2a: Hoopa|Substitute
|-damage|p2a: Hoopa|7/100
|
|upkeep
|turn|16
|
|t:|1779857952
|move|p1a: Ceruledge|Shadow Sneak|p2a: Hoopa
|-supereffective|p2a: Hoopa
|-end|p2a: Hoopa|Substitute
|move|p2a: Hoopa|Shadow Ball|p1a: Ceruledge
|-supereffective|p1a: Ceruledge
|-enditem|p1a: Ceruledge|Focus Sash
|-damage|p1a: Ceruledge|1/100
|
|upkeep
|turn|17
|
|t:|1779857960
|move|p1a: Ceruledge|Shadow Sneak|p2a: Hoopa
|-supereffective|p2a: Hoopa
|-damage|p2a: Hoopa|0 fnt
|faint|p2a: Hoopa
|
|upkeep
|inactive|Nat889 has 120 seconds left.
|
|t:|1779857991
|switch|p2a: Ting-Lucifer|Ting-Lu|100/100
|-ability|p2a: Ting-Lucifer|Vessel of Ruin
|turn|18
|
|t:|1779857996
|move|p1a: Ceruledge|Close Combat|p2a: Ting-Lucifer
|-supereffective|p2a: Ting-Lucifer
|-damage|p2a: Ting-Lucifer|10/100
|-unboost|p1a: Ceruledge|def|1
|-unboost|p1a: Ceruledge|spd|1
|-enditem|p2a: Ting-Lucifer|Weakness Policy
|-boost|p2a: Ting-Lucifer|atk|2|[from] item: Weakness Policy
|-boost|p2a: Ting-Lucifer|spa|2|[from] item: Weakness Policy
|move|p2a: Ting-Lucifer|Earthquake|p1a: Ceruledge
|-supereffective|p1a: Ceruledge
|-damage|p1a: Ceruledge|0 fnt
|faint|p1a: Ceruledge
|
|upkeep
|
|t:|1779858009
|switch|p1a: Gliscor|Gliscor, M|100/100
|turn|19
|
|t:|1779858013
|move|p1a: Gliscor|Earthquake|p2a: Ting-Lucifer
|-damage|p2a: Ting-Lucifer|0 fnt
|faint|p2a: Ting-Lucifer
|
|-status|p1a: Gliscor|tox|[from] item: Toxic Orb
|upkeep
|
|t:|1779858038
|switch|p2a: Manaphy|Manaphy|100/100
|turn|20
|
|t:|1779858044
|-terastallize|p2a: Manaphy|Poison
|move|p2a: Manaphy|Tail Glow|p2a: Manaphy
|-boost|p2a: Manaphy|spa|3
|move|p1a: Gliscor|Toxic|p2a: Manaphy
|-immune|p2a: Manaphy
|
|upkeep
|turn|21
|
|t:|1779858051
|move|p2a: Manaphy|Scald|p1a: Gliscor
|-supereffective|p1a: Gliscor
|-damage|p1a: Gliscor|0 fnt
|faint|p1a: Gliscor
|
|upkeep
|
|t:|1779858056
|switch|p1a: Grimmsnarl|Grimmsnarl, M|85/100
|turn|22
|
|t:|1779858063
|move|p1a: Grimmsnarl|Taunt|p2a: Manaphy
|-start|p2a: Manaphy|move: Taunt
|cant|p2a: Manaphy|move: Taunt|Tail Glow
|
|upkeep
|turn|23
|
|t:|1779858068
|move|p1a: Grimmsnarl|Light Screen|p1a: Grimmsnarl
|-sidestart|p1: PokemonGuy94|move: Light Screen
|move|p2a: Manaphy|Alluring Voice|p1a: Grimmsnarl
|-supereffective|p1a: Grimmsnarl
|-damage|p1a: Grimmsnarl|47/100
|
|upkeep
|turn|24
|
|t:|1779858073
|move|p1a: Grimmsnarl|Parting Shot|p2a: Manaphy
|-unboost|p2a: Manaphy|atk|1
|-unboost|p2a: Manaphy|spa|1
|
|t:|1779858076
|switch|p1a: Kingambit|Kingambit, F, shiny|100/100|[from] Parting Shot
|-activate|p1a: Kingambit|ability: Supreme Overlord
|-start|p1a: Kingambit|fallen4|[silent]
|-item|p1a: Kingambit|Air Balloon
|move|p2a: Manaphy|Scald|p1a: Kingambit
|-damage|p1a: Kingambit|71/100
|-enditem|p1a: Kingambit|Air Balloon
|
|-end|p2a: Manaphy|move: Taunt
|upkeep
|turn|25
|
|t:|1779858086
|move|p2a: Manaphy|Scald|p1a: Kingambit
|-damage|p1a: Kingambit|40/100
|move|p1a: Kingambit|Kowtow Cleave|p2a: Manaphy
|-damage|p2a: Manaphy|48/100
|
|-heal|p2a: Manaphy|54/100|[from] item: Leftovers
|upkeep
|turn|26
|
|t:|1779858095
|move|p1a: Kingambit|Sucker Punch|p2a: Manaphy
|-damage|p2a: Manaphy|14/100
|move|p2a: Manaphy|Scald|p1a: Kingambit
|-damage|p1a: Kingambit|12/100
|
|-heal|p2a: Manaphy|20/100|[from] item: Leftovers
|upkeep
|turn|27
|
|t:|1779858103
|switch|p2a: Mandibuzz|Mandibuzz, F, shiny|82/100
|move|p1a: Kingambit|Kowtow Cleave|p2a: Mandibuzz
|-resisted|p2a: Mandibuzz
|-damage|p2a: Mandibuzz|63/100
|-damage|p1a: Kingambit|0 fnt|[from] item: Rocky Helmet|[of] p2a: Mandibuzz
|faint|p1a: Kingambit
|-end|p1a: Kingambit|fallen4|[silent]
|
|upkeep
|-message|PokemonGuy94 forfeited.
|
|win|Nat889
|raw|PokemonGuy94's rating: 1483 &rarr; <strong>1467</strong><br />(-16 for losing)
|raw|Nat889's rating: 1556 &rarr; <strong>1572</strong><br />(+16 for winning)
|c|☆Nat889|gg
