|j|☆RDBazryth
|j|☆Negative1stClass
|t:|1779895349
|gametype|singles
|player|p1|RDBazryth|benga|1289
|player|p2|Negative1stClass|hilbert|1328
|gen|9
|tier|[Gen 9] OU
|rated|
|rule|HP Percentage Mod: HP is shown in percentages
|rule|Endless Battle Clause: Forcing endless battles is banned
|rule|Species Clause: Limit one of each Pokémon
|rule|OHKO Clause: OHKO moves are banned
|rule|Evasion Items Clause: Evasion items are banned
|rule|Evasion Moves Clause: Evasion moves are banned
|rule|Evasion Abilities Clause: Evasion abilities are banned
|rule|Sleep Moves Clause: Sleep-inducing moves are banned
|clearpoke
|poke|p1|Zoroark-Hisui, M|
|poke|p1|Kingambit, M|
|poke|p1|Enamorus-Therian, F|
|poke|p1|Ursaluna, M|
|poke|p1|Walking Wake|
|poke|p1|Landorus-Therian, M|
|poke|p2|Pelipper, M|
|poke|p2|Raging Bolt|
|poke|p2|Overqwil, M|
|poke|p2|Barraskewda, F|
|poke|p2|Iron Treads|
|poke|p2|Azelf|
|teampreview
|inactive|Battle timer is ON: inactive players will automatically lose when time's up. (requested by RDBazryth)
|inactive|RDBazryth has 120 seconds left.
|
|t:|1779895383
|teamsize|p1|6
|teamsize|p2|6
|start
|switch|p1a: Landorus|Landorus-Therian, M|100/100
|switch|p2a: Pelipper|Pelipper, M|100/100
|-ability|p1a: Landorus|Intimidate|boost
|-unboost|p2a: Pelipper|atk|1
|-weather|RainDance|[from] ability: Drizzle|[of] p2a: Pelipper
|turn|1
|
|t:|1779895390
|move|p1a: Landorus|Stone Edge|p2a: Pelipper
|-supereffective|p2a: Pelipper
|-damage|p2a: Pelipper|40/100
|move|p2a: Pelipper|U-turn|p1a: Landorus
|-resisted|p1a: Landorus
|-damage|p1a: Landorus|97/100
|
|t:|1779895399
|switch|p2a: Overqwil|Overqwil, M|100/100|[from] U-turn
|
|-weather|RainDance|[upkeep]
|upkeep
|turn|2
|
|t:|1779895422
|switch|p1a: Walking Wake|Walking Wake|100/100
|move|p2a: Overqwil|Liquidation|p1a: Walking Wake
|-resisted|p1a: Walking Wake
|-damage|p1a: Walking Wake|89/100
|-damage|p2a: Overqwil|91/100|[from] item: Life Orb
|
|-weather|RainDance|[upkeep]
|upkeep
|turn|3
|
|t:|1779895431
|move|p1a: Walking Wake|Protect|p1a: Walking Wake
|-singleturn|p1a: Walking Wake|Protect
|move|p2a: Overqwil|Gunk Shot|p1a: Walking Wake
|-activate|p1a: Walking Wake|move: Protect
|
|-weather|RainDance|[upkeep]
|upkeep
|turn|4
|
|t:|1779895441
|move|p2a: Overqwil|Gunk Shot|p1a: Walking Wake
|-damage|p1a: Walking Wake|11/100
|-status|p1a: Walking Wake|psn
|-damage|p2a: Overqwil|81/100|[from] item: Life Orb
|move|p1a: Walking Wake|Draco Meteor|p2a: Overqwil
|-damage|p2a: Overqwil|0 fnt
|-unboost|p1a: Walking Wake|spa|2
|faint|p2a: Overqwil
|
|-weather|RainDance|[upkeep]
|-damage|p1a: Walking Wake|0 fnt|[from] psn
|faint|p1a: Walking Wake
|-end|p1a: Walking Wake|Protosynthesis|[silent]
|upkeep
|
|t:|1779895461
|switch|p2a: Barraskewda|Barraskewda, F|100/100
|switch|p1a: Landorus|Landorus-Therian, M|97/100
|-ability|p1a: Landorus|Intimidate|boost
|-unboost|p2a: Barraskewda|atk|1
|turn|5
|
|t:|1779895473
|move|p2a: Barraskewda|Flip Turn|p1a: Landorus
|-supereffective|p1a: Landorus
|-damage|p1a: Landorus|0 fnt
|faint|p1a: Landorus
|
|t:|1779895480
|switch|p2a: Iron Treads|Iron Treads|100/100|[from] Flip Turn
|-enditem|p2a: Iron Treads|Booster Energy
|-activate|p2a: Iron Treads|ability: Quark Drive|[fromitem]
|-start|p2a: Iron Treads|quarkdrivespe
|
|-weather|RainDance|[upkeep]
|upkeep
|
|t:|1779895487
|switch|p1a: Kingambit|Kingambit, M|100/100
|turn|6
|
|t:|1779895490
|move|p2a: Iron Treads|Earth Power|p1a: Kingambit
|-damage|p1a: Kingambit|31/100
|replace|p1a: Zoroark|Zoroark-Hisui, M
|-end|p1a: Zoroark|Illusion
|move|p1a: Zoroark|Flamethrower|p2a: Iron Treads
|-supereffective|p2a: Iron Treads
|-damage|p2a: Iron Treads|56/100
|
|-weather|RainDance|[upkeep]
|upkeep
|turn|7
|
|t:|1779895501
|switch|p1a: Enamorus|Enamorus-Therian, F|100/100
|move|p2a: Iron Treads|Stealth Rock|p1a: Enamorus
|-sidestart|p1: RDBazryth|move: Stealth Rock
|
|-weather|RainDance|[upkeep]
|upkeep
|turn|8
|
|t:|1779895506
|move|p2a: Iron Treads|Steel Beam|p1a: Enamorus
|-supereffective|p1a: Enamorus
|-damage|p1a: Enamorus|0 fnt
|-damage|p2a: Iron Treads|5/100|[from] steelbeam
|faint|p1a: Enamorus
|
|-weather|none
|upkeep
|
|t:|1779895514
|switch|p1a: Kingambit|Kingambit, M|31/100
|-damage|p1a: Kingambit|19/100|[from] Stealth Rock
|turn|9
|
|t:|1779895518
|move|p2a: Iron Treads|Earth Power|p1a: Kingambit
|-damage|p1a: Kingambit|0 fnt
|replace|p1a: Zoroark|Zoroark-Hisui, M
|-end|p1a: Zoroark|Illusion
|faint|p1a: Zoroark
|
|upkeep
|
|t:|1779895523
|switch|p1a: Ursaluna|Ursaluna, M|100/100
|-damage|p1a: Ursaluna|94/100|[from] Stealth Rock
|turn|10
|
|t:|1779895537
|-end|p2a: Iron Treads|Quark Drive|[silent]
|switch|p2a: Pelipper|Pelipper, M|40/100
|-weather|RainDance|[from] ability: Drizzle|[of] p2a: Pelipper
|-terastallize|p1a: Ursaluna|Normal
|move|p1a: Ursaluna|Facade|p2a: Pelipper
|-damage|p2a: Pelipper|0 fnt
|faint|p2a: Pelipper
|
|-weather|RainDance|[upkeep]
|-status|p1a: Ursaluna|brn|[from] item: Flame Orb
|upkeep
|
|t:|1779895547
|switch|p2a: Barraskewda|Barraskewda, F|100/100
|turn|11
|
|t:|1779895553
|move|p2a: Barraskewda|Close Combat|p1a: Ursaluna
|-supereffective|p1a: Ursaluna
|-damage|p1a: Ursaluna|0 fnt
|-unboost|p2a: Barraskewda|def|1
|-unboost|p2a: Barraskewda|spd|1
|faint|p1a: Ursaluna
|
|-weather|RainDance|[upkeep]
|upkeep
|
|t:|1779895556
|switch|p1a: Kingambit|Kingambit, M|100/100
|-damage|p1a: Kingambit|94/100|[from] Stealth Rock
|-activate|p1a: Kingambit|ability: Supreme Overlord
|-start|p1a: Kingambit|fallen5|[silent]
|turn|12
|
|t:|1779895562
|switch|p2a: Iron Treads|Iron Treads|5/100
|move|p1a: Kingambit|Sucker Punch||[still]
|-fail|p1a: Kingambit
|
|-weather|RainDance|[upkeep]
|-heal|p1a: Kingambit|100/100|[from] item: Leftovers
|upkeep
|turn|13
|
|t:|1779895566
|move|p1a: Kingambit|Sucker Punch|p2a: Iron Treads
|-damage|p2a: Iron Treads|0 fnt
|faint|p2a: Iron Treads
|-end|p2a: Iron Treads|Quark Drive|[silent]
|
|-weather|RainDance|[upkeep]
|upkeep
|
|t:|1779895571
|switch|p2a: Barraskewda|Barraskewda, F|100/100
|turn|14
|
|t:|1779895573
|move|p1a: Kingambit|Sucker Punch|p2a: Barraskewda
|-damage|p2a: Barraskewda|0 fnt
|faint|p2a: Barraskewda
|
|-weather|RainDance|[upkeep]
|upkeep
|
|t:|1779895578
|switch|p2a: Raging Bolt|Raging Bolt|100/100
|-enditem|p2a: Raging Bolt|Booster Energy
|-activate|p2a: Raging Bolt|ability: Protosynthesis|[fromitem]
|-start|p2a: Raging Bolt|protosynthesisspa
|turn|15
|
|t:|1779895581
|move|p2a: Raging Bolt|Thunder|p1a: Kingambit
|-damage|p1a: Kingambit|7/100
|move|p1a: Kingambit|Low Kick|p2a: Raging Bolt
|-damage|p2a: Raging Bolt|42/100
|
|-weather|RainDance|[upkeep]
|-heal|p1a: Kingambit|13/100|[from] item: Leftovers
|upkeep
|turn|16
|
|t:|1779895595
|move|p1a: Kingambit|Sucker Punch|p2a: Raging Bolt
|-damage|p2a: Raging Bolt|0 fnt
|faint|p2a: Raging Bolt
|-end|p2a: Raging Bolt|Protosynthesis|[silent]
|
|-weather|RainDance|[upkeep]
|-heal|p1a: Kingambit|19/100|[from] item: Leftovers
|upkeep
|
|t:|1779895599
|switch|p2a: Azelf|Azelf|100/100
|turn|17
|
|t:|1779895602
|-terastallize|p2a: Azelf|Steel
|move|p1a: Kingambit|Sucker Punch|p2a: Azelf
|-enditem|p2a: Azelf|Focus Sash
|-damage|p2a: Azelf|1/100
|move|p2a: Azelf|Thunder|p1a: Kingambit
|-damage|p1a: Kingambit|0 fnt
|faint|p1a: Kingambit
|-end|p1a: Kingambit|fallen5|[silent]
|
|win|Negative1stClass
|raw|RDBazryth's rating: 1289 &rarr; <strong>1267</strong><br />(-22 for losing)
|raw|Negative1stClass's rating: 1328 &rarr; <strong>1346</strong><br />(+18 for winning)
|c|☆RDBazryth|gs
|c|☆RDBazryth|ggs\
|c|☆Negative1stClass|gg
|c|☆RDBazryth|close match
