|j|☆paralekz
|j|☆its Absolute
|t:|1779943502
|gametype|singles
|player|p1|paralekz|skyla|1277
|player|p2|its Absolute|scientistf|1243
|gen|9
|tier|[Gen 9] OU
|rated|
|rule|HP Percentage Mod: HP is shown in percentages
|rule|Endless Battle Clause: Forcing endless battles is banned
|rule|Species Clause: Limit one of each Pokémon
|rule|OHKO Clause: OHKO moves are banned
|rule|Evasion Items Clause: Evasion items are banned
|rule|Evasion Moves Clause: Evasion moves are banned
|rule|Evasion Abilities Clause: Evasion abilities are banned
|rule|Sleep Moves Clause: Sleep-inducing moves are banned
|clearpoke
|poke|p1|Grimmsnarl, M|
|poke|p1|Zamazenta-*|
|poke|p1|Iron Crown|
|poke|p1|Raging Bolt|
|poke|p1|Ogerpon-Wellspring, F|
|poke|p1|Glimmora, M|
|poke|p2|Iron Moth|
|poke|p2|Gliscor, M|
|poke|p2|Hatterene, F|
|poke|p2|Ogerpon-Wellspring, F|
|poke|p2|Raging Bolt|
|poke|p2|Zamazenta-*|
|teampreview
|inactive|Battle timer is ON: inactive players will automatically lose when time's up. (requested by paralekz)
|
|t:|1779943523
|teamsize|p1|6
|teamsize|p2|6
|start
|switch|p1a: Glimmora|Glimmora, M|100/100
|switch|p2a: Zamazenta|Zamazenta|100/100
|-ability|p2a: Zamazenta|Dauntless Shield|boost
|-boost|p2a: Zamazenta|def|1
|turn|1
|
|t:|1779943531
|move|p2a: Zamazenta|Light Screen|p2a: Zamazenta
|-sidestart|p2: its Absolute|move: Light Screen
|move|p1a: Glimmora|Stealth Rock|p2a: Zamazenta
|-sidestart|p2: its Absolute|move: Stealth Rock
|
|upkeep
|turn|2
|inactive|its Absolute has 120 seconds left.
|
|t:|1779943565
|move|p2a: Zamazenta|Reflect|p2a: Zamazenta
|-sidestart|p2: its Absolute|Reflect
|move|p1a: Glimmora|Spikes|p2a: Zamazenta
|-sidestart|p2: its Absolute|Spikes
|
|upkeep
|turn|3
|
|t:|1779943571
|switch|p2a: Gliscor|Gliscor, M|100/100
|-damage|p2a: Gliscor|88/100|[from] Stealth Rock
|move|p1a: Glimmora|Spikes|p2a: Gliscor
|-sidestart|p2: its Absolute|Spikes
|
|-status|p2a: Gliscor|tox|[from] item: Toxic Orb
|upkeep
|turn|4
|inactive|its Absolute has 120 seconds left.
|
|t:|1779943592
|move|p2a: Gliscor|Agility|p2a: Gliscor
|-boost|p2a: Gliscor|spe|2
|move|p1a: Glimmora|Spikes|p2a: Gliscor
|-sidestart|p2: its Absolute|Spikes
|
|-heal|p2a: Gliscor|100/100 tox|[from] ability: Poison Heal
|upkeep
|turn|5
|inactive|its Absolute has 120 seconds left.
|inactive|paralekz has 120 seconds left.
|
|t:|1779943621
|switch|p1a: Grimmsnarl|Grimmsnarl, M|100/100
|move|p2a: Gliscor|Swords Dance|p2a: Gliscor
|-boost|p2a: Gliscor|atk|2
|
|upkeep
|turn|6
|inactive|paralekz has 120 seconds left.
|
|t:|1779943633
|move|p1a: Grimmsnarl|Reflect|p1a: Grimmsnarl
|-sidestart|p1: paralekz|Reflect
|move|p2a: Gliscor|Swords Dance|p2a: Gliscor
|-boost|p2a: Gliscor|atk|2
|
|upkeep
|turn|7
|
|t:|1779943642
|move|p1a: Grimmsnarl|Taunt|p2a: Gliscor
|-start|p2a: Gliscor|move: Taunt
|move|p2a: Gliscor|Facade|p1a: Grimmsnarl
|-damage|p1a: Grimmsnarl|41/100
|
|upkeep
|turn|8
|
|t:|1779943653
|move|p1a: Grimmsnarl|Parting Shot|p2a: Gliscor
|-unboost|p2a: Gliscor|atk|1
|-unboost|p2a: Gliscor|spa|1
|
|t:|1779943656
|switch|p1a: Glimmora|Glimmora, M|100/100|[from] Parting Shot
|move|p2a: Gliscor|Facade|p1a: Glimmora
|-resisted|p1a: Glimmora
|-damage|p1a: Glimmora|81/100
|-activate|p1a: Glimmora|ability: Toxic Debris
|-sidestart|p2: its Absolute|move: Toxic Spikes
|-enditem|p1a: Glimmora|Red Card|[of] p2a: Gliscor
|drag|p2a: Ogerpon|Ogerpon-Wellspring, F|100/100
|-damage|p2a: Ogerpon|88/100|[from] Stealth Rock
|-damage|p2a: Ogerpon|63/100|[from] Spikes
|-status|p2a: Ogerpon|psn
|
|-damage|p2a: Ogerpon|51/100 psn|[from] psn
|-sideend|p2: its Absolute|move: Light Screen
|upkeep
|turn|9
|inactive|paralekz has 120 seconds left.
|
|t:|1779943678
|switch|p1a: Grimmsnarl|Grimmsnarl, M|41/100
|move|p2a: Ogerpon|Ivy Cudgel|p1a: Grimmsnarl|[anim] Ivy Cudgel Water
|-damage|p1a: Grimmsnarl|9/100
|
|-damage|p2a: Ogerpon|39/100 psn|[from] psn
|-sideend|p2: its Absolute|Reflect
|upkeep
|turn|10
|inactive|paralekz has 120 seconds left.
|
|t:|1779943692
|move|p1a: Grimmsnarl|Taunt|p2a: Ogerpon
|-start|p2a: Ogerpon|move: Taunt
|move|p2a: Ogerpon|Trailblaze|p1a: Grimmsnarl
|-damage|p1a: Grimmsnarl|0 fnt
|-boost|p2a: Ogerpon|spe|1
|faint|p1a: Grimmsnarl
|
|-damage|p2a: Ogerpon|26/100 psn|[from] psn
|upkeep
|inactive|paralekz has 120 seconds left.
|
|t:|1779943701
|switch|p1a: Raging Bolt|Raging Bolt|100/100
|-enditem|p1a: Raging Bolt|Booster Energy
|-activate|p1a: Raging Bolt|ability: Protosynthesis|[fromitem]
|-start|p1a: Raging Bolt|protosynthesisspa
|turn|11
|inactive|paralekz has 120 seconds left.
|
|t:|1779943713
|move|p2a: Ogerpon|Ivy Cudgel|p1a: Raging Bolt|[anim] Ivy Cudgel Water
|-resisted|p1a: Raging Bolt
|-damage|p1a: Raging Bolt|88/100
|move|p1a: Raging Bolt|Calm Mind|p1a: Raging Bolt
|-boost|p1a: Raging Bolt|spa|1
|-boost|p1a: Raging Bolt|spd|1
|
|-damage|p2a: Ogerpon|14/100 psn|[from] psn
|upkeep
|turn|12
|
|t:|1779943722
|move|p2a: Ogerpon|Ivy Cudgel|p1a: Raging Bolt|[anim] Ivy Cudgel Water
|-resisted|p1a: Raging Bolt
|-damage|p1a: Raging Bolt|74/100
|move|p1a: Raging Bolt|Calm Mind|p1a: Raging Bolt
|-boost|p1a: Raging Bolt|spa|1
|-boost|p1a: Raging Bolt|spd|1
|
|-damage|p2a: Ogerpon|2/100 psn|[from] psn
|-end|p2a: Ogerpon|move: Taunt
|upkeep
|turn|13
|
|t:|1779943732
|move|p2a: Ogerpon|Encore|p1a: Raging Bolt
|-start|p1a: Raging Bolt|Encore
|move|p1a: Raging Bolt|Calm Mind|p1a: Raging Bolt
|-boost|p1a: Raging Bolt|spa|1
|-boost|p1a: Raging Bolt|spd|1
|
|-damage|p2a: Ogerpon|0 fnt|[from] psn
|faint|p2a: Ogerpon
|-sideend|p1: paralekz|Reflect
|upkeep
|
|t:|1779943735
|switch|p2a: Gliscor|Gliscor, M|100/100 tox
|-damage|p2a: Gliscor|88/100 tox|[from] Stealth Rock
|turn|14
|
|t:|1779943754
|move|p2a: Gliscor|Agility|p2a: Gliscor
|-boost|p2a: Gliscor|spe|2
|move|p1a: Raging Bolt|Calm Mind|p1a: Raging Bolt
|-boost|p1a: Raging Bolt|spa|1
|-boost|p1a: Raging Bolt|spd|1
|
|-heal|p2a: Gliscor|100/100 tox|[from] ability: Poison Heal
|upkeep
|turn|15
|inactive|paralekz has 120 seconds left.
|
|t:|1779943772
|move|p2a: Gliscor|Swords Dance|p2a: Gliscor
|-boost|p2a: Gliscor|atk|2
|move|p1a: Raging Bolt|Calm Mind|p1a: Raging Bolt
|-boost|p1a: Raging Bolt|spa|1
|-boost|p1a: Raging Bolt|spd|1
|
|-end|p1a: Raging Bolt|Encore
|upkeep
|turn|16
|
|t:|1779943779
|-terastallize|p1a: Raging Bolt|Fairy
|move|p2a: Gliscor|Earthquake|p1a: Raging Bolt
|-damage|p1a: Raging Bolt|0 fnt
|faint|p1a: Raging Bolt
|-end|p1a: Raging Bolt|Protosynthesis|[silent]
|
|upkeep
|inactive|paralekz has 120 seconds left.
|
|t:|1779943789
|switch|p1a: Glimmora|Glimmora, M|81/100
|turn|17
|inactive|paralekz has 120 seconds left.
|
|t:|1779943806
|move|p2a: Gliscor|Swords Dance|p2a: Gliscor
|-boost|p2a: Gliscor|atk|2
|move|p1a: Glimmora|Mortal Spin|p2a: Gliscor
|-resisted|p2a: Gliscor
|-damage|p2a: Gliscor|98/100 tox
|
|-heal|p2a: Gliscor|100/100 tox|[from] ability: Poison Heal
|upkeep
|turn|18
|inactive|paralekz has 120 seconds left.
|
|t:|1779943816
|switch|p1a: Zamazenta|Zamazenta|100/100
|-ability|p1a: Zamazenta|Dauntless Shield|boost
|-boost|p1a: Zamazenta|def|1
|move|p2a: Gliscor|Swords Dance|p2a: Gliscor
|-boost|p2a: Gliscor|atk|2
|
|upkeep
|turn|19
|
|t:|1779943824
|-terastallize|p2a: Gliscor|Normal
|move|p2a: Gliscor|Facade|p1a: Zamazenta
|-damage|p1a: Zamazenta|0 fnt
|faint|p1a: Zamazenta
|
|upkeep
|
|t:|1779943831
|switch|p1a: Ogerpon|Ogerpon-Wellspring, F|100/100
|turn|20
|
|t:|1779943843
|move|p2a: Gliscor|Facade|p1a: Ogerpon
|-damage|p1a: Ogerpon|0 fnt
|faint|p1a: Ogerpon
|
|upkeep
|-message|paralekz forfeited.
|
|win|its Absolute
|raw|paralekz's rating: 1299 &rarr; <strong>1270</strong><br />(-29 for losing)
|raw|its Absolute's rating: 1243 &rarr; <strong>1272</strong><br />(+29 for winning)
|l|☆its Absolute
|player|p2|
