|j|☆claudechamp
|j|☆ShaulaNegs
|t:|1779807768
|gametype|singles
|player|p1|claudechamp|265|1342
|player|p2|ShaulaNegs|n|1361
|gen|9
|tier|[Gen 9] OU
|rated|
|rule|HP Percentage Mod: HP is shown in percentages
|rule|Endless Battle Clause: Forcing endless battles is banned
|rule|Species Clause: Limit one of each Pokémon
|rule|OHKO Clause: OHKO moves are banned
|rule|Evasion Items Clause: Evasion items are banned
|rule|Evasion Moves Clause: Evasion moves are banned
|rule|Evasion Abilities Clause: Evasion abilities are banned
|rule|Sleep Moves Clause: Sleep-inducing moves are banned
|clearpoke
|poke|p1|Gliscor, F|
|poke|p1|Gholdengo|
|poke|p1|Zamazenta-*|
|poke|p1|Blissey, F|
|poke|p1|Skarmory, M|
|poke|p1|Pecharunt|
|poke|p2|Hatterene, F|
|poke|p2|Great Tusk|
|poke|p2|Tornadus-Therian, M|
|poke|p2|Kyurem|
|poke|p2|Slowking-Galar, M|
|poke|p2|Kingambit, F|
|teampreview
|c|☆claudechamp|hf
|
|t:|1779807788
|teamsize|p1|6
|teamsize|p2|6
|start
|switch|p1a: Skarmory|Skarmory, M|100/100
|switch|p2a: Tornadus|Tornadus-Therian, M|100/100
|turn|1
|inactive|Battle timer is ON: inactive players will automatically lose when time's up. (requested by claudechamp)
|
|t:|1779807818
|move|p2a: Tornadus|U-turn|p1a: Skarmory
|-resisted|p1a: Skarmory
|-damage|p1a: Skarmory|98/100
|
|t:|1779807821
|switch|p2a: Hatterene|Hatterene, F|100/100|[from] U-turn
|move|p1a: Skarmory|Spikes|p2a: Hatterene
|move|p2a: Hatterene|Spikes|p1a: Skarmory|[from] ability: Magic Bounce
|-sidestart|p1: claudechamp|Spikes
|
|upkeep
|turn|2
|
|t:|1779807827
|switch|p1a: Gliscor|Gliscor, F|100/100
|move|p2a: Hatterene|Nuzzle|p1a: Gliscor
|-immune|p1a: Gliscor
|
|-status|p1a: Gliscor|tox|[from] item: Toxic Orb
|upkeep
|turn|3
|
|t:|1779807835
|move|p1a: Gliscor|Knock Off|p2a: Hatterene
|-damage|p2a: Hatterene|82/100
|-damage|p1a: Gliscor|84/100 tox|[from] item: Rocky Helmet|[of] p2a: Hatterene
|-enditem|p2a: Hatterene|Rocky Helmet|[from] move: Knock Off|[of] p1a: Gliscor
|move|p2a: Hatterene|Psychic Noise|p1a: Gliscor
|-damage|p1a: Gliscor|54/100 tox
|-start|p1a: Gliscor|move: Heal Block
|
|upkeep
|turn|4
|
|t:|1779807845
|move|p1a: Gliscor|Swords Dance|p1a: Gliscor
|-boost|p1a: Gliscor|atk|2
|move|p2a: Hatterene|Psychic Noise|p1a: Gliscor
|-damage|p1a: Gliscor|24/100 tox
|
|-end|p1a: Gliscor|move: Heal Block
|upkeep
|turn|5
|inactive|ShaulaNegs has 120 seconds left.
|
|t:|1779807888
|switch|p2a: Great Tusk|Great Tusk|100/100
|move|p1a: Gliscor|Protect||[still]
|-fail|p1a: Gliscor
|
|-heal|p1a: Gliscor|36/100 tox|[from] ability: Poison Heal
|upkeep
|turn|6
|
|t:|1779807893
|move|p2a: Great Tusk|Ice Spinner|p1a: Gliscor
|-supereffective|p1a: Gliscor
|-crit|p1a: Gliscor
|-damage|p1a: Gliscor|0 fnt
|faint|p1a: Gliscor
|
|upkeep
|
|t:|1779807900
|switch|p1a: Gholdengo|Gholdengo|100/100
|-damage|p1a: Gholdengo|88/100|[from] Spikes
|turn|7
|inactive|ShaulaNegs has 120 seconds left.
|
|t:|1779807910
|-end|p2a: Great Tusk|Protosynthesis|[silent]
|switch|p2a: Tornadus|Tornadus-Therian, M|100/100
|move|p1a: Gholdengo|Nasty Plot|p1a: Gholdengo
|-boost|p1a: Gholdengo|spa|2
|
|upkeep
|turn|8
|
|t:|1779807913
|move|p2a: Tornadus|Knock Off|p1a: Gholdengo
|-supereffective|p1a: Gholdengo
|-damage|p1a: Gholdengo|57/100
|-enditem|p1a: Gholdengo|Ability Shield|[from] move: Knock Off|[of] p2a: Tornadus
|move|p1a: Gholdengo|Hex|p2a: Tornadus
|-damage|p2a: Tornadus|66/100
|
|upkeep
|turn|9
|
|t:|1779807929
|move|p2a: Tornadus|U-turn|p1a: Gholdengo
|-resisted|p1a: Gholdengo
|-damage|p1a: Gholdengo|55/100
|
|t:|1779807932
|switch|p2a: Great Tusk|Great Tusk|100/100|[from] U-turn
|move|p1a: Gholdengo|Hex|p2a: Great Tusk
|-damage|p2a: Great Tusk|12/100
|
|upkeep
|turn|10
|
|t:|1779807938
|move|p2a: Great Tusk|Headlong Rush|p1a: Gholdengo
|-supereffective|p1a: Gholdengo
|-damage|p1a: Gholdengo|0 fnt
|-unboost|p2a: Great Tusk|def|1
|-unboost|p2a: Great Tusk|spd|1
|faint|p1a: Gholdengo
|
|upkeep
|
|t:|1779807943
|switch|p1a: Zamazenta|Zamazenta|100/100
|-ability|p1a: Zamazenta|Dauntless Shield|boost
|-boost|p1a: Zamazenta|def|1
|turn|11
|
|t:|1779807949
|move|p1a: Zamazenta|Crunch|p2a: Great Tusk
|-resisted|p2a: Great Tusk
|-damage|p2a: Great Tusk|0 fnt
|-damage|p1a: Zamazenta|84/100|[from] item: Rocky Helmet|[of] p2a: Great Tusk
|faint|p2a: Great Tusk
|-end|p2a: Great Tusk|Protosynthesis|[silent]
|
|upkeep
|
|t:|1779807952
|switch|p2a: Hatterene|Hatterene, F|82/100
|turn|12
|
|t:|1779807957
|move|p1a: Zamazenta|Heavy Slam|p2a: Hatterene
|-supereffective|p2a: Hatterene
|-damage|p2a: Hatterene|11/100
|move|p2a: Hatterene|Nuzzle|p1a: Zamazenta
|-damage|p1a: Zamazenta|81/100
|-status|p1a: Zamazenta|par
|
|upkeep
|turn|13
|
|t:|1779807977
|move|p1a: Zamazenta|Ice Fang|p2a: Hatterene
|-damage|p2a: Hatterene|0 fnt
|faint|p2a: Hatterene
|
|upkeep
|
|t:|1779807979
|switch|p2a: Slowking|Slowking-Galar, M|100/100
|turn|14
|
|t:|1779807984
|-terastallize|p1a: Zamazenta|Ice
|move|p1a: Zamazenta|Ice Fang|p2a: Slowking
|-damage|p2a: Slowking|78/100
|move|p2a: Slowking|Future Sight|p1a: Zamazenta
|-start|p2a: Slowking|move: Future Sight
|
|-heal|p2a: Slowking|84/100|[from] item: Black Sludge
|upkeep
|turn|15
|
|t:|1779807994
|switch|p1a: Blissey|Blissey, F|100/100
|-prepare|p2a: Slowking|Chilly Reception|[premajor]
|move|p2a: Slowking|Chilly Reception|p2a: Slowking
|-weather|Snowscape
|
|t:|1779808018
|switch|p2a: Kingambit|Kingambit, F|100/100|[from] Chilly Reception
|-activate|p2a: Kingambit|ability: Supreme Overlord
|-start|p2a: Kingambit|fallen2|[silent]
|
|-weather|Snowscape|[upkeep]
|upkeep
|turn|16
|
|t:|1779808023
|move|p1a: Blissey|Stealth Rock|p2a: Kingambit
|-sidestart|p2: ShaulaNegs|move: Stealth Rock
|move|p2a: Kingambit|Kowtow Cleave|p1a: Blissey
|-damage|p1a: Blissey|37/100
|
|-weather|Snowscape|[upkeep]
|-end|p1a: Blissey|move: Future Sight
|-damage|p1a: Blissey|23/100
|upkeep
|turn|17
|
|t:|1779808034
|switch|p1a: Skarmory|Skarmory, M|98/100
|move|p2a: Kingambit|Kowtow Cleave|p1a: Skarmory
|-damage|p1a: Skarmory|64/100
|
|-weather|Snowscape|[upkeep]
|upkeep
|turn|18
|inactive|ShaulaNegs has 120 seconds left.
|
|t:|1779808066
|move|p1a: Skarmory|Spikes|p2a: Kingambit
|-sidestart|p2: ShaulaNegs|Spikes
|move|p2a: Kingambit|Swords Dance|p2a: Kingambit
|-boost|p2a: Kingambit|atk|2
|
|-weather|Snowscape|[upkeep]
|upkeep
|turn|19
|
|t:|1779808073
|move|p2a: Kingambit|Kowtow Cleave|p1a: Skarmory
|-damage|p1a: Skarmory|0 fnt
|faint|p1a: Skarmory
|
|-weather|none
|upkeep
|
|t:|1779808079
|switch|p1a: Zamazenta|Zamazenta, tera:Ice|81/100 par
|turn|20
|inactive|ShaulaNegs has 120 seconds left.
|
|t:|1779808089
|move|p2a: Kingambit|Sucker Punch|p1a: Zamazenta
|-damage|p1a: Zamazenta|0 fnt
|faint|p1a: Zamazenta
|
|upkeep
|
|t:|1779808094
|switch|p1a: Blissey|Blissey, F|23/100
|turn|21
|
|t:|1779808104
|switch|p1a: Pecharunt|Pecharunt|100/100
|move|p2a: Kingambit|Kowtow Cleave|p1a: Pecharunt
|-supereffective|p1a: Pecharunt
|-damage|p1a: Pecharunt|0 fnt
|faint|p1a: Pecharunt
|
|upkeep
|
|t:|1779808112
|switch|p1a: Blissey|Blissey, F|23/100
|turn|22
|
|t:|1779808119
|move|p1a: Blissey|Shadow Ball|p2a: Kingambit
|-resisted|p2a: Kingambit
|-crit|p2a: Kingambit
|-damage|p2a: Kingambit|91/100
|move|p2a: Kingambit|Kowtow Cleave|p1a: Blissey
|-damage|p1a: Blissey|0 fnt
|faint|p1a: Blissey
|
|win|ShaulaNegs
|raw|claudechamp's rating: 1324 &rarr; <strong>1306</strong><br />(-18 for losing)
|raw|ShaulaNegs's rating: 1361 &rarr; <strong>1379</strong><br />(+18 for winning)
|c|☆claudechamp|gg
|c|☆ShaulaNegs|Gg
