|j|☆prajith_zoe
|j|☆neomune
|t:|1779806379
|gametype|singles
|player|p1|prajith_zoe|sonia|1132
|player|p2|neomune|169|1212
|gen|9
|tier|[Gen 9] OU
|rated|
|rule|HP Percentage Mod: HP is shown in percentages
|rule|Endless Battle Clause: Forcing endless battles is banned
|rule|Species Clause: Limit one of each Pokémon
|rule|OHKO Clause: OHKO moves are banned
|rule|Evasion Items Clause: Evasion items are banned
|rule|Evasion Moves Clause: Evasion moves are banned
|rule|Evasion Abilities Clause: Evasion abilities are banned
|rule|Sleep Moves Clause: Sleep-inducing moves are banned
|clearpoke
|poke|p1|Malamar, F|
|poke|p1|Enamorus, F|
|poke|p1|Cinderace, F|
|poke|p1|Volbeat, M|
|poke|p1|Galvantula, F|
|poke|p1|Serperior, M|
|poke|p2|Ogerpon, F|
|poke|p2|Alomomola, M|
|poke|p2|Thundurus, M|
|poke|p2|Ceruledge, M|
|poke|p2|Great Tusk|
|poke|p2|Iron Valiant|
|teampreview
|inactive|Battle timer is ON: inactive players will automatically lose when time's up. (requested by prajith_zoe)
|
|t:|1779806393
|teamsize|p1|6
|teamsize|p2|6
|start
|switch|p1a: Enamorus|Enamorus, F|100/100
|switch|p2a: Thundurus|Thundurus, M|100/100
|turn|1
|
|t:|1779806407
|move|p2a: Thundurus|Thunder Wave|p1a: Enamorus
|-status|p1a: Enamorus|par
|move|p1a: Enamorus|Superpower|p2a: Thundurus
|-resisted|p2a: Thundurus
|-damage|p2a: Thundurus|75/100
|-boost|p1a: Enamorus|atk|1
|-boost|p1a: Enamorus|def|1
|
|upkeep
|turn|2
|
|t:|1779806418
|move|p2a: Thundurus|Wildbolt Storm|p1a: Enamorus
|-supereffective|p1a: Enamorus
|-damage|p1a: Enamorus|6/100 par
|cant|p1a: Enamorus|par
|
|upkeep
|turn|3
|
|t:|1779806425
|move|p2a: Thundurus|Wildbolt Storm|p1a: Enamorus
|-supereffective|p1a: Enamorus
|-damage|p1a: Enamorus|0 fnt
|faint|p1a: Enamorus
|
|upkeep
|inactive|prajith_zoe has 120 seconds left.
|
|t:|1779806482
|switch|p1a: Cinderace|Cinderace, F|100/100
|turn|4
|
|t:|1779806494
|move|p2a: Thundurus|Thunder Wave|p1a: Cinderace
|-status|p1a: Cinderace|par
|cant|p1a: Cinderace|par
|
|upkeep
|turn|5
|
|t:|1779806510
|switch|p2a: Ceruledge|Ceruledge, M|100/100
|move|p1a: Cinderace|Pyro Ball|p2a: Ceruledge|[miss]
|-miss|p1a: Cinderace|p2a: Ceruledge
|
|upkeep
|turn|6
|inactive|prajith_zoe has 90 seconds left.
|
|t:|1779806526
|switch|p1a: Volbeat|Volbeat, M|100/100
|move|p2a: Ceruledge|Swords Dance|p2a: Ceruledge
|-boost|p2a: Ceruledge|atk|2
|
|upkeep
|turn|7
|
|t:|1779806537
|move|p1a: Volbeat|Encore|p2a: Ceruledge
|-start|p2a: Ceruledge|Encore
|move|p2a: Ceruledge|Swords Dance|p2a: Ceruledge
|-boost|p2a: Ceruledge|atk|2
|
|upkeep
|turn|8
|
|t:|1779806545
|switch|p2a: Alomomola|Alomomola, M|100/100
|move|p1a: Volbeat|Thunder Wave|p2a: Alomomola
|-status|p2a: Alomomola|par
|
|upkeep
|turn|9
|
|t:|1779806554
|move|p1a: Volbeat|Light Screen|p1a: Volbeat
|-sidestart|p1: prajith_zoe|move: Light Screen
|cant|p2a: Alomomola|par
|
|upkeep
|turn|10
|
|t:|1779806560
|switch|p1a: Galvantula|Galvantula, F|100/100
|move|p2a: Alomomola|Flip Turn|p1a: Galvantula
|-damage|p1a: Galvantula|76/100
|
|t:|1779806564
|switch|p2a: Great Tusk|Great Tusk|100/100|[from] Flip Turn
|
|upkeep
|turn|11
|l|☆neomune
|inactive|neomune disconnected and has a minute to reconnect!
|player|p2|
|inactive|prajith_zoe has 120 seconds left.
|j|☆neomune
|inactive|neomune reconnected and has 140 seconds left.
|player|p2|neomune|169|
|
|t:|1779806581
|move|p1a: Galvantula|Sticky Web|p2a: Great Tusk
|-sidestart|p2: neomune|move: Sticky Web
|move|p2a: Great Tusk|Stealth Rock|p1a: Galvantula
|-sidestart|p1: prajith_zoe|move: Stealth Rock
|
|upkeep
|turn|12
|
|t:|1779806588
|move|p1a: Galvantula|String Shot|p2a: Great Tusk
|-unboost|p2a: Great Tusk|spe|2
|move|p2a: Great Tusk|Rapid Spin|p1a: Galvantula
|-damage|p1a: Galvantula|42/100
|-boost|p2a: Great Tusk|spe|1
|-sideend|p2: neomune|Sticky Web|[from] move: Rapid Spin|[of] p2a: Great Tusk
|
|upkeep
|turn|13
|
|t:|1779806599
|move|p1a: Galvantula|Sticky Web|p2a: Great Tusk
|-sidestart|p2: neomune|move: Sticky Web
|move|p2a: Great Tusk|Rapid Spin|p1a: Galvantula
|-damage|p1a: Galvantula|11/100
|-boost|p2a: Great Tusk|spe|1
|-sideend|p2: neomune|Sticky Web|[from] move: Rapid Spin|[of] p2a: Great Tusk
|
|-sideend|p1: prajith_zoe|move: Light Screen
|upkeep
|turn|14
|
|t:|1779806607
|move|p1a: Galvantula|Infestation|p2a: Great Tusk
|-resisted|p2a: Great Tusk
|-damage|p2a: Great Tusk|95/100
|-activate|p2a: Great Tusk|move: Infestation|[of] p1a: Galvantula
|move|p2a: Great Tusk|Rapid Spin|p1a: Galvantula
|-damage|p1a: Galvantula|0 fnt
|-boost|p2a: Great Tusk|spe|1
|-end|p2a: Great Tusk|Infestation|[partiallytrapped]
|faint|p1a: Galvantula
|
|upkeep
|
|t:|1779806615
|switch|p1a: Serperior|Serperior, M|100/100
|-damage|p1a: Serperior|88/100|[from] Stealth Rock
|turn|15
|
|t:|1779806637
|move|p2a: Great Tusk|Ice Spinner|p1a: Serperior
|-supereffective|p1a: Serperior
|-damage|p1a: Serperior|26/100
|move|p1a: Serperior|Leaf Storm|p2a: Great Tusk|[miss]
|-miss|p1a: Serperior|p2a: Great Tusk
|
|upkeep
|turn|16
|l|☆prajith_zoe
|inactive|prajith_zoe disconnected and has a minute to reconnect!
|player|p1|
|inactive|prajith_zoe has 30 seconds to reconnect!
|j|☆prajith_zoe
|inactive|prajith_zoe reconnected and has 110 seconds left.
|player|p1|prajith_zoe|sonia|
|inactive|prajith_zoe has 90 seconds left.
|inactive|prajith_zoe has 60 seconds left.
|inactive|prajith_zoe has 30 seconds left.
|inactive|prajith_zoe has 20 seconds left.
|inactive|prajith_zoe has 15 seconds left.
|inactive|prajith_zoe has 10 seconds left.
|inactive|prajith_zoe has 5 seconds left.
|-message|prajith_zoe lost due to inactivity.
|
|win|neomune
|raw|prajith_zoe's rating: 1132 &rarr; <strong>1113</strong><br />(-19 for losing)
|raw|neomune's rating: 1212 &rarr; <strong>1231</strong><br />(+19 for winning)
|l|☆neomune
|player|p2|
|l|☆prajith_zoe
|player|p1|
