|j|☆Alakazam darnold
|j|☆prakshep
|t:|1779822773
|gametype|singles
|player|p1|Alakazam darnold|li|1458
|player|p2|prakshep|nate|1464
|gen|9
|tier|[Gen 9] OU
|rated|
|rule|HP Percentage Mod: HP is shown in percentages
|rule|Endless Battle Clause: Forcing endless battles is banned
|rule|Species Clause: Limit one of each Pokémon
|rule|OHKO Clause: OHKO moves are banned
|rule|Evasion Items Clause: Evasion items are banned
|rule|Evasion Moves Clause: Evasion moves are banned
|rule|Evasion Abilities Clause: Evasion abilities are banned
|rule|Sleep Moves Clause: Sleep-inducing moves are banned
|clearpoke
|poke|p1|Golurk|
|poke|p1|Ogerpon-Wellspring, F|
|poke|p1|Mandibuzz, F|
|poke|p1|Garganacl, F|
|poke|p1|Iron Crown|
|poke|p1|Enamorus, F|
|poke|p2|Cinderace, M|
|poke|p2|Polteageist-Antique|
|poke|p2|Walking Wake|
|poke|p2|Zamazenta-*|
|poke|p2|Maushold-Four|
|poke|p2|Glimmora, F|
|teampreview
|
|t:|1779822780
|teamsize|p1|6
|teamsize|p2|6
|start
|switch|p1a: Ogerpon|Ogerpon-Wellspring, F|100/100
|switch|p2a: Cinderace|Cinderace, M, shiny|100/100
|turn|1
|
|t:|1779822794
|move|p2a: Cinderace|High Jump Kick|p1a: Ogerpon
|-start|p2a: Cinderace|typechange|Fighting|[from] ability: Libero
|-damage|p1a: Ogerpon|12/100
|move|p1a: Ogerpon|Ivy Cudgel|p2a: Cinderace|[anim] Ivy Cudgel Water
|-damage|p2a: Cinderace|17/100
|
|upkeep
|turn|2
|
|t:|1779822802
|switch|p1a: Golurk|Golurk|100/100
|move|p2a: Cinderace|Pyro Ball|p1a: Golurk
|-damage|p1a: Golurk|60/100
|
|upkeep
|turn|3
|
|t:|1779822808
|move|p2a: Cinderace|Sucker Punch|p1a: Golurk
|-supereffective|p1a: Golurk
|-damage|p1a: Golurk|14/100
|move|p1a: Golurk|Dynamic Punch|p2a: Cinderace
|-damage|p2a: Cinderace|0 fnt
|faint|p2a: Cinderace
|
|upkeep
|
|t:|1779822823
|switch|p2a: Walking Wake|Walking Wake|100/100
|-enditem|p2a: Walking Wake|Booster Energy
|-activate|p2a: Walking Wake|ability: Protosynthesis|[fromitem]
|-start|p2a: Walking Wake|protosynthesisspa
|turn|4
|inactive|Battle timer is ON: inactive players will automatically lose when time's up. (requested by prakshep)
|
|t:|1779822829
|switch|p1a: Ogerpon|Ogerpon-Wellspring, F|12/100
|move|p2a: Walking Wake|Hydro Steam|p1a: Ogerpon
|-heal|p1a: Ogerpon|37/100|[from] ability: Water Absorb|[of] p2a: Walking Wake
|
|upkeep
|turn|5
|
|t:|1779822842
|move|p1a: Ogerpon|Encore|p2a: Walking Wake
|-start|p2a: Walking Wake|Encore
|move|p2a: Walking Wake|Hydro Steam|p1a: Ogerpon
|-heal|p1a: Ogerpon|62/100|[from] ability: Water Absorb|[of] p2a: Walking Wake
|
|upkeep
|turn|6
|
|t:|1779822846
|-end|p2a: Walking Wake|Protosynthesis|[silent]
|switch|p2a: Zamazenta|Zamazenta, shiny|100/100
|-ability|p2a: Zamazenta|Dauntless Shield|boost
|-boost|p2a: Zamazenta|def|1
|move|p1a: Ogerpon|U-turn|p2a: Zamazenta
|-resisted|p2a: Zamazenta
|-damage|p2a: Zamazenta|94/100
|
|t:|1779822848
|switch|p1a: Enamorus|Enamorus, F|100/100|[from] U-turn
|
|-heal|p2a: Zamazenta|99/100|[from] item: Leftovers
|upkeep
|turn|7
|
|t:|1779822872
|move|p1a: Enamorus|Moonblast|p2a: Zamazenta
|-supereffective|p2a: Zamazenta
|-damage|p2a: Zamazenta|0 fnt
|faint|p2a: Zamazenta
|
|upkeep
|
|t:|1779822875
|switch|p2a: Glimmora|Glimmora, F, shiny|100/100
|turn|8
|
|t:|1779822883
|switch|p1a: Iron Crown|Iron Crown|100/100
|-enditem|p1a: Iron Crown|Booster Energy
|-activate|p1a: Iron Crown|ability: Quark Drive|[fromitem]
|-start|p1a: Iron Crown|quarkdrivespe
|move|p2a: Glimmora|Rock Polish|p2a: Glimmora
|-boost|p2a: Glimmora|spe|2
|
|upkeep
|turn|9
|
|t:|1779822890
|-terastallize|p2a: Glimmora|Flying
|move|p2a: Glimmora|Earth Power|p1a: Iron Crown
|-supereffective|p1a: Iron Crown
|-damage|p1a: Iron Crown|41/100
|-unboost|p1a: Iron Crown|spd|1
|move|p1a: Iron Crown|Tachyon Cutter|p2a: Glimmora
|-damage|p2a: Glimmora|68/100
|-damage|p2a: Glimmora|39/100
|-hitcount|p2a: Glimmora|2
|
|upkeep
|turn|10
|
|t:|1779822907
|move|p2a: Glimmora|Meteor Beam||[still]
|-prepare|p2a: Glimmora|Meteor Beam
|-boost|p2a: Glimmora|spa|1
|-enditem|p2a: Glimmora|Power Herb
|-anim|p2a: Glimmora|Meteor Beam|p1a: Iron Crown
|-resisted|p1a: Iron Crown
|-damage|p1a: Iron Crown|0 fnt
|faint|p1a: Iron Crown
|-end|p1a: Iron Crown|Quark Drive|[silent]
|
|upkeep
|
|t:|1779822910
|switch|p1a: Garganacl|Garganacl, F|100/100
|turn|11
|
|t:|1779822914
|move|p2a: Glimmora|Earth Power|p1a: Garganacl
|-supereffective|p1a: Garganacl
|-damage|p1a: Garganacl|42/100
|-unboost|p1a: Garganacl|spd|1
|move|p1a: Garganacl|Salt Cure|p2a: Glimmora
|-supereffective|p2a: Glimmora
|-damage|p2a: Glimmora|6/100
|-start|p2a: Glimmora|Salt Cure
|-activate|p2a: Glimmora|ability: Toxic Debris
|-sidestart|p1: Alakazam darnold|move: Toxic Spikes
|
|-heal|p1a: Garganacl|48/100|[from] item: Leftovers
|-damage|p2a: Glimmora|0 fnt|[from] Salt Cure
|faint|p2a: Glimmora
|upkeep
|
|t:|1779822928
|switch|p2a: Walking Wake|Walking Wake|100/100
|turn|12
|
|t:|1779822939
|switch|p1a: Golurk|Golurk|14/100
|-status|p1a: Golurk|psn
|move|p2a: Walking Wake|Hydro Steam|p1a: Golurk
|-supereffective|p1a: Golurk
|-damage|p1a: Golurk|0 fnt
|faint|p1a: Golurk
|
|upkeep
|
|t:|1779822946
|switch|p1a: Ogerpon|Ogerpon-Wellspring, F|62/100
|-status|p1a: Ogerpon|psn
|turn|13
|
|t:|1779822950
|-end|p2a: Walking Wake|Protosynthesis|[silent]
|switch|p2a: Maushold|Maushold-Four, shiny|100/100
|move|p1a: Ogerpon|Knock Off|p2a: Maushold
|-damage|p2a: Maushold|37/100
|-enditem|p2a: Maushold|Wide Lens|[from] move: Knock Off|[of] p1a: Ogerpon
|
|-damage|p1a: Ogerpon|50/100 psn|[from] psn
|upkeep
|turn|14
|
|t:|1779822959
|move|p2a: Maushold|Population Bomb|p1a: Ogerpon
|-damage|p1a: Ogerpon|35/100 psn
|-damage|p1a: Ogerpon|20/100 psn
|-damage|p1a: Ogerpon|4/100 psn
|-damage|p1a: Ogerpon|0 fnt
|faint|p1a: Ogerpon
|-hitcount|p1: Ogerpon|4
|
|upkeep
|
|t:|1779822965
|switch|p1a: Enamorus|Enamorus, F|100/100
|turn|15
|
|t:|1779822976
|move|p1a: Enamorus|Moonblast|p2a: Maushold
|-damage|p2a: Maushold|0 fnt
|faint|p2a: Maushold
|
|upkeep
|
|t:|1779822979
|switch|p2a: Polteageist|Polteageist-Antique|100/100
|turn|16
|
|t:|1779822982
|move|p1a: Enamorus|Moonblast|p2a: Polteageist
|-damage|p2a: Polteageist|38/100
|-unboost|p2a: Polteageist|spa|1
|move|p2a: Polteageist|Shell Smash|p2a: Polteageist
|-unboost|p2a: Polteageist|def|1
|-unboost|p2a: Polteageist|spd|1
|-boost|p2a: Polteageist|atk|2
|-boost|p2a: Polteageist|spa|2
|-boost|p2a: Polteageist|spe|2
|
|upkeep
|turn|17
|
|t:|1779822987
|move|p1a: Enamorus|Moonblast|p2a: Polteageist
|-damage|p2a: Polteageist|0 fnt
|faint|p2a: Polteageist
|
|upkeep
|
|t:|1779822991
|switch|p2a: Walking Wake|Walking Wake|100/100
|turn|18
|
|t:|1779822993
|move|p1a: Enamorus|Moonblast|p2a: Walking Wake
|-supereffective|p2a: Walking Wake
|-damage|p2a: Walking Wake|0 fnt
|faint|p2a: Walking Wake
|-end|p2a: Walking Wake|Protosynthesis|[silent]
|
|win|Alakazam darnold
|raw|Alakazam darnold's rating: 1458 &rarr; <strong>1478</strong><br />(+20 for winning)
|raw|prakshep's rating: 1464 &rarr; <strong>1444</strong><br />(-20 for losing)
|l|☆prakshep
|player|p2|
|l|☆Alakazam darnold
|player|p1|
