|badge|p2|bronze|gen9ou|100-9
|uhtml|medal-msg|<div class="broadcast-blue">Curious what those medals under the avatar are? PS now has Ladder Seasons! For more information, check out the <a href="https://www.smogon.com/forums/threads/3740067/">thread on Smogon.</a></div>
|j|☆kooopooolooo
|j|☆slitherwing ily ><
|t:|1779892574
|gametype|singles
|player|p1|kooopooolooo|169|1643
|player|p2|slitherwing ily ><|iono-masters|1834
|gen|9
|tier|[Gen 9] OU
|rated|
|rule|HP Percentage Mod: HP is shown in percentages
|rule|Endless Battle Clause: Forcing endless battles is banned
|rule|Species Clause: Limit one of each Pokémon
|rule|OHKO Clause: OHKO moves are banned
|rule|Evasion Items Clause: Evasion items are banned
|rule|Evasion Moves Clause: Evasion moves are banned
|rule|Evasion Abilities Clause: Evasion abilities are banned
|rule|Sleep Moves Clause: Sleep-inducing moves are banned
|clearpoke
|poke|p1|Tyranitar, M|
|poke|p1|Alomomola, F|
|poke|p1|Pecharunt|
|poke|p1|Tornadus-Therian, M|
|poke|p1|Rillaboom, M|
|poke|p1|Iron Treads|
|poke|p2|Rillaboom, M|
|poke|p2|Serperior, M|
|poke|p2|Ceruledge, M|
|poke|p2|Samurott-Hisui, F|
|poke|p2|Latias, F|
|poke|p2|Iron Treads|
|teampreview
|
|t:|1779892586
|teamsize|p1|6
|teamsize|p2|6
|start
|switch|p1a: Tornadus|Tornadus-Therian, M|100/100
|switch|p2a: Rage|Iron Treads, shiny|100/100
|-enditem|p2a: Rage|Booster Energy
|-activate|p2a: Rage|ability: Quark Drive|[fromitem]
|-start|p2a: Rage|quarkdrivespe
|turn|1
|
|t:|1779892589
|move|p2a: Rage|Stealth Rock|p1a: Tornadus
|-sidestart|p1: kooopooolooo|move: Stealth Rock
|move|p1a: Tornadus|Focus Blast|p2a: Rage
|-supereffective|p2a: Rage
|-damage|p2a: Rage|18/100
|-unboost|p2a: Rage|spd|1
|
|upkeep
|turn|2
|
|t:|1779892595
|move|p2a: Rage|Steel Beam|p1a: Tornadus
|-damage|p1a: Tornadus|65/100
|-damage|p2a: Rage|0 fnt|[from] steelbeam
|faint|p2a: Rage
|-end|p2a: Rage|Quark Drive|[silent]
|move|p1a: Tornadus|U-turn|p2: Rage|[notarget]
|-fail|p1a: Tornadus
|
|upkeep
|
|t:|1779892601
|switch|p2a: Samurott|Samurott-Hisui, F|100/100
|turn|3
|
|t:|1779892605
|move|p1a: Tornadus|Focus Blast|p2a: Samurott|[miss]
|-miss|p1a: Tornadus|p2a: Samurott
|move|p2a: Samurott|Ceaseless Edge|p1a: Tornadus
|-damage|p1a: Tornadus|1/100
|-sidestart|p1: kooopooolooo|Spikes
|
|upkeep
|turn|4
|
|t:|1779892612
|switch|p1a: Hank|Alomomola, F|100/100
|-damage|p1a: Hank|88/100|[from] Stealth Rock
|-damage|p1a: Hank|76/100|[from] Spikes
|move|p2a: Samurott|Sucker Punch||[still]
|-fail|p2a: Samurott
|
|upkeep
|turn|5
|
|t:|1779892619
|move|p2a: Samurott|Ceaseless Edge|p1a: Hank
|-damage|p1a: Hank|45/100
|-damage|p2a: Samurott|84/100|[from] item: Rocky Helmet|[of] p1a: Hank
|-sidestart|p1: kooopooolooo|Spikes
|move|p1a: Hank|Scald|p2a: Samurott
|-resisted|p2a: Samurott
|-damage|p2a: Samurott|73/100
|
|upkeep
|turn|6
|
|t:|1779892624
|move|p2a: Samurott|Ceaseless Edge|p1a: Hank
|-damage|p1a: Hank|15/100
|-damage|p2a: Samurott|57/100|[from] item: Rocky Helmet|[of] p1a: Hank
|-sidestart|p1: kooopooolooo|Spikes
|move|p1a: Hank|Scald|p2a: Samurott
|-resisted|p2a: Samurott
|-damage|p2a: Samurott|46/100
|-status|p2a: Samurott|brn
|
|-damage|p2a: Samurott|40/100 brn|[from] brn
|upkeep
|turn|7
|
|t:|1779892633
|move|p2a: Samurott|Razor Shell|p1a: Hank
|-resisted|p1a: Hank
|-crit|p1a: Hank
|-damage|p1a: Hank|5/100
|-unboost|p1a: Hank|def|1
|-damage|p2a: Samurott|24/100 brn|[from] item: Rocky Helmet|[of] p1a: Hank
|move|p1a: Hank|Wish|p1a: Hank
|
|-damage|p2a: Samurott|17/100 brn|[from] brn
|upkeep
|turn|8
|j| Kyurem
|
|t:|1779892639
|switch|p2a: Serpy|Serperior, M|100/100
|move|p1a: Hank|Protect||[still]
|-fail|p1a: Hank
|
|-heal|p1a: Hank|55/100|[from] move: Wish|[wisher] Hank
|upkeep
|turn|9
|
|t:|1779892647
|move|p2a: Serpy|Leaf Storm|p1a: Hank
|-supereffective|p1a: Hank
|-damage|p1a: Hank|0 fnt
|-boost|p2a: Serpy|spa|2
|faint|p1a: Hank
|
|upkeep
|
|t:|1779892649
|switch|p1a: Tornadus|Tornadus-Therian, M|34/100
|-damage|p1a: Tornadus|9/100|[from] Stealth Rock
|turn|10
|
|t:|1779892652
|switch|p2a: Samurott|Samurott-Hisui, F|17/100 brn
|move|p1a: Tornadus|Bleakwind Storm|p2a: Samurott|[miss]
|-miss|p1a: Tornadus|p2a: Samurott
|
|-damage|p2a: Samurott|11/100 brn|[from] brn
|upkeep
|turn|11
|
|t:|1779892656
|switch|p1a: Iron Treads|Iron Treads|100/100
|move|p2a: Samurott|Ceaseless Edge|p1a: Iron Treads
|-damage|p1a: Iron Treads|77/100
|
|-damage|p2a: Samurott|5/100 brn|[from] brn
|upkeep
|turn|12
|
|t:|1779892659
|switch|p2a: Khaos|Ceruledge, M, shiny|100/100
|move|p1a: Iron Treads|Rapid Spin|p2a: Khaos
|-immune|p2a: Khaos
|
|upkeep
|turn|13
|
|t:|1779892665
|-terastallize|p2a: Khaos|Ghost
|move|p1a: Iron Treads|Volt Switch|p2a: Khaos
|-damage|p2a: Khaos|85/100
|
|t:|1779892667
|-end|p1a: Iron Treads|Quark Drive|[silent]
|switch|p1a: OU Forever|Tyranitar, M|100/100|[from] Volt Switch
|-damage|p1a: OU Forever|88/100|[from] Stealth Rock
|-damage|p1a: OU Forever|63/100|[from] Spikes
|-weather|Sandstorm|[from] ability: Sand Stream|[of] p1a: OU Forever
|move|p2a: Khaos|Swords Dance|p2a: Khaos
|-boost|p2a: Khaos|atk|2
|
|-weather|Sandstorm|[upkeep]
|-damage|p2a: Khaos|79/100|[from] Sandstorm
|upkeep
|turn|14
|
|t:|1779892671
|move|p2a: Khaos|Poltergeist|p1a: OU Forever
|-activate|p1a: OU Forever|move: Poltergeist|Assault Vest
|-resisted|p1a: OU Forever
|-damage|p1a: OU Forever|0 fnt
|faint|p1a: OU Forever
|-damage|p2a: Khaos|69/100|[from] item: Life Orb
|
|-weather|Sandstorm|[upkeep]
|-damage|p2a: Khaos|63/100|[from] Sandstorm
|upkeep
|
|t:|1779892676
|switch|p1a: Rillaboom|Rillaboom, M|100/100
|-damage|p1a: Rillaboom|88/100|[from] Stealth Rock
|-damage|p1a: Rillaboom|63/100|[from] Spikes
|-fieldstart|move: Grassy Terrain|[from] ability: Grassy Surge|[of] p1a: Rillaboom
|turn|15
|
|t:|1779892678
|move|p1a: Rillaboom|Grassy Glide|p2a: Khaos
|-damage|p2a: Khaos|0 fnt
|faint|p2a: Khaos
|
|-weather|Sandstorm|[upkeep]
|-damage|p1a: Rillaboom|57/100|[from] Sandstorm
|-heal|p1a: Rillaboom|63/100|[from] Grassy Terrain
|upkeep
|
|t:|1779892682
|switch|p2a: Serpy|Serperior, M|100/100
|turn|16
|
|t:|1779892686
|switch|p1a: Pecharunt|Pecharunt|100/100
|move|p2a: Serpy|Light Screen|p2a: Serpy
|-sidestart|p2: slitherwing ily ><|move: Light Screen
|
|-weather|Sandstorm|[upkeep]
|-damage|p2a: Serpy|94/100|[from] Sandstorm
|-damage|p1a: Pecharunt|94/100|[from] Sandstorm
|-heal|p2a: Serpy|100/100|[from] Grassy Terrain
|-heal|p1a: Pecharunt|100/100|[from] Grassy Terrain
|upkeep
|turn|17
|
|t:|1779892692
|move|p2a: Serpy|Leaf Storm|p1a: Pecharunt
|-resisted|p1a: Pecharunt
|-damage|p1a: Pecharunt|70/100
|-boost|p2a: Serpy|spa|2
|move|p1a: Pecharunt|Toxic|p2a: Serpy
|-status|p2a: Serpy|tox
|-start|p2a: Serpy|confusion|[from] ability: Poison Puppeteer|[of] p1a: Pecharunt
|
|-weather|none
|-heal|p1a: Pecharunt|76/100|[from] Grassy Terrain
|-damage|p2a: Serpy|94/100 tox|[from] psn
|upkeep
|turn|18
|
|t:|1779892697
|-activate|p2a: Serpy|confusion
|move|p2a: Serpy|Leaf Storm|p1a: Pecharunt
|-resisted|p1a: Pecharunt
|-damage|p1a: Pecharunt|13/100
|-boost|p2a: Serpy|spa|2
|move|p1a: Pecharunt|Shadow Ball|p2a: Serpy
|-damage|p2a: Serpy|80/100 tox
|-boost|p2a: Serpy|spd|1
|
|-heal|p2a: Serpy|86/100 tox|[from] Grassy Terrain
|-heal|p1a: Pecharunt|19/100|[from] Grassy Terrain
|-damage|p2a: Serpy|74/100 tox|[from] psn
|upkeep
|turn|19
|
|t:|1779892710
|-end|p2a: Serpy|confusion
|move|p2a: Serpy|Leaf Storm|p1a: Pecharunt|[miss]
|-miss|p2a: Serpy|p1a: Pecharunt
|move|p1a: Pecharunt|Recover|p1a: Pecharunt
|-heal|p1a: Pecharunt|69/100
|
|-heal|p2a: Serpy|80/100 tox|[from] Grassy Terrain
|-heal|p1a: Pecharunt|75/100|[from] Grassy Terrain
|-damage|p2a: Serpy|61/100 tox|[from] psn
|-fieldend|move: Grassy Terrain
|upkeep
|turn|20
|
|t:|1779892715
|move|p2a: Serpy|Leaf Storm|p1a: Pecharunt
|-resisted|p1a: Pecharunt
|-damage|p1a: Pecharunt|3/100
|-boost|p2a: Serpy|spa|2
|move|p1a: Pecharunt|Recover|p1a: Pecharunt
|-heal|p1a: Pecharunt|53/100
|
|-damage|p2a: Serpy|37/100 tox|[from] psn
|upkeep
|turn|21
|
|t:|1779892725
|switch|p1a: Tornadus|Tornadus-Therian, M|42/100
|-damage|p1a: Tornadus|17/100|[from] Stealth Rock
|move|p2a: Serpy|Leaf Storm|p1a: Tornadus
|-resisted|p1a: Tornadus
|-damage|p1a: Tornadus|0 fnt
|faint|p1a: Tornadus
|
|-damage|p2a: Serpy|6/100 tox|[from] psn
|upkeep
|
|t:|1779892732
|switch|p1a: Rillaboom|Rillaboom, M|63/100
|-damage|p1a: Rillaboom|51/100|[from] Stealth Rock
|-damage|p1a: Rillaboom|26/100|[from] Spikes
|-fieldstart|move: Grassy Terrain|[from] ability: Grassy Surge|[of] p1a: Rillaboom
|turn|22
|
|t:|1779892737
|switch|p2a: Samurott|Samurott-Hisui, F|5/100 brn
|move|p1a: Rillaboom|Grassy Glide|p2a: Samurott
|-supereffective|p2a: Samurott
|-damage|p2a: Samurott|0 fnt
|faint|p2a: Samurott
|
|-heal|p1a: Rillaboom|32/100|[from] Grassy Terrain
|upkeep
|
|t:|1779892744
|switch|p2a: Kong|Rillaboom, M, shiny|100/100
|turn|23
|
|t:|1779892748
|switch|p1a: Iron Treads|Iron Treads|77/100
|move|p2a: Kong|Knock Off|p1a: Iron Treads
|-damage|p1a: Iron Treads|32/100
|-enditem|p1a: Iron Treads|Heavy-Duty Boots|[from] move: Knock Off|[of] p2a: Kong
|-damage|p2a: Kong|91/100|[from] item: Life Orb
|
|-heal|p1a: Iron Treads|38/100|[from] Grassy Terrain
|-heal|p2a: Kong|97/100|[from] Grassy Terrain
|-sideend|p2: slitherwing ily ><|move: Light Screen
|upkeep
|turn|24
|
|t:|1779892752
|move|p2a: Kong|Grassy Glide|p1a: Iron Treads
|-damage|p1a: Iron Treads|0 fnt
|faint|p1a: Iron Treads
|-end|p1a: Iron Treads|Quark Drive|[silent]
|-damage|p2a: Kong|87/100|[from] item: Life Orb
|
|-heal|p2a: Kong|93/100|[from] Grassy Terrain
|upkeep
|
|t:|1779892755
|switch|p1a: Pecharunt|Pecharunt|53/100
|turn|25
|
|t:|1779892758
|move|p2a: Kong|Knock Off|p1a: Pecharunt
|-supereffective|p1a: Pecharunt
|-damage|p1a: Pecharunt|8/100
|-enditem|p1a: Pecharunt|Heavy-Duty Boots|[from] move: Knock Off|[of] p2a: Kong
|-damage|p2a: Kong|83/100|[from] item: Life Orb
|move|p1a: Pecharunt|Toxic|p2a: Kong
|-status|p2a: Kong|tox
|-start|p2a: Kong|confusion|[from] ability: Poison Puppeteer|[of] p1a: Pecharunt
|
|-heal|p2a: Kong|89/100 tox|[from] Grassy Terrain
|-heal|p1a: Pecharunt|14/100|[from] Grassy Terrain
|-damage|p2a: Kong|83/100 tox|[from] psn
|upkeep
|turn|26
|
|t:|1779892763
|-activate|p2a: Kong|confusion
|move|p2a: Kong|High Horsepower|p1a: Pecharunt
|-supereffective|p1a: Pecharunt
|-damage|p1a: Pecharunt|0 fnt
|faint|p1a: Pecharunt
|-damage|p2a: Kong|73/100 tox|[from] item: Life Orb
|
|-heal|p2a: Kong|79/100 tox|[from] Grassy Terrain
|-damage|p2a: Kong|67/100 tox|[from] psn
|-fieldend|move: Grassy Terrain
|upkeep
|
|t:|1779892772
|switch|p1a: Rillaboom|Rillaboom, M|32/100
|-damage|p1a: Rillaboom|20/100|[from] Stealth Rock
|-damage|p1a: Rillaboom|0 fnt|[from] Spikes
|faint|p1a: Rillaboom
|
|win|slitherwing ily ><
|raw|kooopooolooo's rating: 1643 &rarr; <strong>1633</strong><br />(-10 for losing)
|raw|slitherwing ily &gt;&lt;'s rating: 1834 &rarr; <strong>1844</strong><br />(+10 for winning)
|l|☆kooopooolooo
|player|p1|
|l|☆slitherwing ily ><
|player|p2|
