|j|☆hattybatty304
|j|☆zu l8r feraligatr
|t:|1779871626
|gametype|singles
|player|p1|hattybatty304|swimmerf|1355
|player|p2|zu l8r feraligatr|roughneck|1404
|gen|9
|tier|[Gen 9] OU
|rated|
|rule|HP Percentage Mod: HP is shown in percentages
|rule|Endless Battle Clause: Forcing endless battles is banned
|rule|Species Clause: Limit one of each Pokémon
|rule|OHKO Clause: OHKO moves are banned
|rule|Evasion Items Clause: Evasion items are banned
|rule|Evasion Moves Clause: Evasion moves are banned
|rule|Evasion Abilities Clause: Evasion abilities are banned
|rule|Sleep Moves Clause: Sleep-inducing moves are banned
|clearpoke
|poke|p1|Hatterene, F|
|poke|p1|Meowscarada, F|
|poke|p1|Primarina, F|
|poke|p1|Conkeldurr, F|
|poke|p1|Pecharunt|
|poke|p1|Minior|
|poke|p2|Incineroar, M|
|poke|p2|Azelf|
|poke|p2|Okidogi, M|
|poke|p2|Garchomp, F|
|poke|p2|Chansey, F|
|poke|p2|Decidueye, F|
|teampreview
|inactive|Battle timer is ON: inactive players will automatically lose when time's up. (requested by zu l8r feraligatr)
|inactive|hattybatty304 also wants the timer to be on.
|
|t:|1779871650
|teamsize|p1|6
|teamsize|p2|6
|start
|switch|p1a: Miss TakeYoMan|Meowscarada, F|100/100
|switch|p2a: Decidueye|Decidueye, F|100/100
|turn|1
|
|t:|1779871657
|switch|p2a: Garchomp|Garchomp, F|100/100
|move|p1a: Miss TakeYoMan|U-turn|p2a: Garchomp
|-start|p1a: Miss TakeYoMan|typechange|Bug|[from] ability: Protean
|-damage|p2a: Garchomp|70/100
|-damage|p1a: Miss TakeYoMan|88/100|[from] ability: Rough Skin|[of] p2a: Garchomp
|-damage|p1a: Miss TakeYoMan|72/100|[from] item: Rocky Helmet|[of] p2a: Garchomp
|
|t:|1779871667
|switch|p1a: Roxxy|Minior|100/100|[from] U-turn
|-formechange|p1a: Roxxy|Minior-Meteor||[from] ability: Shields Down
|
|upkeep
|turn|2
|
|t:|1779871673
|move|p1a: Roxxy|Shell Smash|p1a: Roxxy
|-unboost|p1a: Roxxy|def|1
|-unboost|p1a: Roxxy|spd|1
|-boost|p1a: Roxxy|atk|2
|-boost|p1a: Roxxy|spa|2
|-boost|p1a: Roxxy|spe|2
|-enditem|p1a: Roxxy|White Herb
|-clearnegativeboost|p1a: Roxxy|[silent]
|move|p2a: Garchomp|Dragon Tail|p1a: Roxxy
|-damage|p1a: Roxxy|67/100
|drag|p1a: Bric|Conkeldurr, F|100/100
|
|-status|p1a: Bric|brn|[from] item: Flame Orb
|upkeep
|turn|3
|
|t:|1779871680
|move|p2a: Garchomp|Stealth Rock|p1a: Bric
|-sidestart|p1: hattybatty304|move: Stealth Rock
|move|p1a: Bric|Knock Off|p2a: Garchomp
|-damage|p2a: Garchomp|35/100
|-damage|p1a: Bric|88/100 brn|[from] ability: Rough Skin|[of] p2a: Garchomp
|-damage|p1a: Bric|72/100 brn|[from] item: Rocky Helmet|[of] p2a: Garchomp
|-enditem|p2a: Garchomp|Rocky Helmet|[from] move: Knock Off|[of] p1a: Bric
|
|-damage|p1a: Bric|65/100 brn|[from] brn
|upkeep
|turn|4
|
|t:|1779871685
|move|p2a: Garchomp|Spikes|p1a: Bric
|-sidestart|p1: hattybatty304|Spikes
|move|p1a: Bric|Defog|p2a: Garchomp
|-unboost|p2a: Garchomp|evasion|1
|-sideend|p1: hattybatty304|Spikes|[from] move: Defog|[of] p1a: Bric
|-sideend|p1: hattybatty304|Stealth Rock|[from] move: Defog|[of] p1a: Bric
|
|-damage|p1a: Bric|59/100 brn|[from] brn
|upkeep
|turn|5
|
|t:|1779871691
|move|p2a: Garchomp|Earthquake|p1a: Bric
|-damage|p1a: Bric|22/100 brn
|move|p1a: Bric|Facade|p2a: Garchomp
|-crit|p2a: Garchomp
|-damage|p2a: Garchomp|0 fnt
|-damage|p1a: Bric|10/100 brn|[from] ability: Rough Skin|[of] p2a: Garchomp
|faint|p2a: Garchomp
|
|-damage|p1a: Bric|4/100 brn|[from] brn
|upkeep
|
|t:|1779871694
|switch|p2a: Incineroar|Incineroar, M|100/100
|-ability|p2a: Incineroar|Intimidate|boost
|-unboost|p1a: Bric|atk|1
|turn|6
|
|t:|1779871700
|-terastallize|p2a: Incineroar|Poison
|move|p1a: Bric|Mach Punch|p2a: Incineroar
|-resisted|p2a: Incineroar
|-damage|p2a: Incineroar|86/100
|move|p2a: Incineroar|Bulk Up|p2a: Incineroar
|-boost|p2a: Incineroar|atk|1
|-boost|p2a: Incineroar|def|1
|
|-heal|p2a: Incineroar|92/100|[from] item: Leftovers
|-damage|p1a: Bric|0 fnt|[from] brn
|faint|p1a: Bric
|upkeep
|
|t:|1779871712
|switch|p1a: Rapunzal|Primarina, F, shiny|100/100
|turn|7
|
|t:|1779871720
|-terastallize|p1a: Rapunzal|Steel
|move|p2a: Incineroar|Taunt|p1a: Rapunzal
|-start|p1a: Rapunzal|move: Taunt
|move|p1a: Rapunzal|Psychic|p2a: Incineroar
|-supereffective|p2a: Incineroar
|-damage|p2a: Incineroar|26/100
|
|-heal|p2a: Incineroar|32/100|[from] item: Leftovers
|upkeep
|turn|8
|
|t:|1779871728
|move|p2a: Incineroar|Flame Charge|p1a: Rapunzal
|-supereffective|p1a: Rapunzal
|-damage|p1a: Rapunzal|16/100
|-boost|p2a: Incineroar|spe|1
|move|p1a: Rapunzal|Psychic Noise|p2a: Incineroar
|-damage|p2a: Incineroar|0 fnt
|faint|p2a: Incineroar
|
|upkeep
|
|t:|1779871731
|switch|p2a: Azelf|Azelf|100/100
|turn|9
|
|t:|1779871734
|move|p2a: Azelf|Calm Mind|p2a: Azelf
|-boost|p2a: Azelf|spa|1
|-boost|p2a: Azelf|spd|1
|move|p1a: Rapunzal|Shadow Ball|p2a: Azelf
|-supereffective|p2a: Azelf
|-damage|p2a: Azelf|39/100
|
|-end|p1a: Rapunzal|move: Taunt
|upkeep
|turn|10
|
|t:|1779871737
|move|p2a: Azelf|Drain Punch|p1a: Rapunzal
|-supereffective|p1a: Rapunzal
|-damage|p1a: Rapunzal|0 fnt
|-heal|p2a: Azelf|49/100|[from] drain|[of] p1a: Rapunzal
|faint|p1a: Rapunzal
|-damage|p2a: Azelf|39/100|[from] item: Life Orb
|
|upkeep
|
|t:|1779871744
|switch|p1a: Miss TakeYoMan|Meowscarada, F|72/100
|turn|11
|
|t:|1779871747
|switch|p2a: Okidogi|Okidogi, M|100/100
|move|p1a: Miss TakeYoMan|Knock Off|p2a: Okidogi
|-start|p1a: Miss TakeYoMan|typechange|Dark|[from] ability: Protean
|-resisted|p2a: Okidogi
|-damage|p2a: Okidogi|80/100
|-enditem|p2a: Okidogi|Black Sludge|[from] move: Knock Off|[of] p1a: Miss TakeYoMan
|
|upkeep
|turn|12
|
|t:|1779871755
|switch|p1a: Roxxy|Minior|67/100
|-formechange|p1a: Roxxy|Minior-Meteor||[from] ability: Shields Down
|move|p2a: Okidogi|Knock Off|p1a: Roxxy
|-damage|p1a: Roxxy|43/100
|
|-formechange|p1a: Roxxy|Minior||[from] ability: Shields Down
|upkeep
|turn|13
|
|t:|1779871760
|move|p1a: Roxxy|Shell Smash|p1a: Roxxy
|-unboost|p1a: Roxxy|def|1
|-unboost|p1a: Roxxy|spd|1
|-boost|p1a: Roxxy|atk|2
|-boost|p1a: Roxxy|spa|2
|-boost|p1a: Roxxy|spe|2
|move|p2a: Okidogi|Bulk Up|p2a: Okidogi
|-boost|p2a: Okidogi|atk|1
|-boost|p2a: Okidogi|def|1
|
|upkeep
|turn|14
|
|t:|1779871763
|move|p1a: Roxxy|Acrobatics|p2a: Okidogi
|-supereffective|p2a: Okidogi
|-damage|p2a: Okidogi|7/100
|move|p2a: Okidogi|Drain Punch|p1a: Roxxy
|-damage|p1a: Roxxy|0 fnt
|-heal|p2a: Okidogi|22/100|[from] drain|[of] p1a: Roxxy
|faint|p1a: Roxxy
|
|upkeep
|
|t:|1779871767
|switch|p1a: Miss TakeYoMan|Meowscarada, F|72/100
|turn|15
|
|t:|1779871773
|move|p1a: Miss TakeYoMan|U-turn|p2a: Okidogi
|-start|p1a: Miss TakeYoMan|typechange|Bug|[from] ability: Protean
|-resisted|p2a: Okidogi
|-damage|p2a: Okidogi|17/100
|
|t:|1779871776
|switch|p1a: Mosquito|Pecharunt|100/100|[from] U-turn
|move|p2a: Okidogi|Drain Punch|p1a: Mosquito
|-immune|p1a: Mosquito
|
|upkeep
|turn|16
|
|t:|1779871780
|move|p1a: Mosquito|Nasty Plot|p1a: Mosquito
|-boost|p1a: Mosquito|spa|2
|move|p2a: Okidogi|Knock Off|p1a: Mosquito
|-supereffective|p1a: Mosquito
|-damage|p1a: Mosquito|59/100
|-damage|p2a: Okidogi|1/100|[from] item: Rocky Helmet|[of] p1a: Mosquito
|-enditem|p1a: Mosquito|Rocky Helmet|[from] move: Knock Off|[of] p2a: Okidogi
|
|upkeep
|turn|17
|
|t:|1779871783
|switch|p2a: Chansey|Chansey, F|100/100
|move|p1a: Mosquito|Recover|p1a: Mosquito
|-heal|p1a: Mosquito|100/100
|
|upkeep
|turn|18
|
|t:|1779871785
|move|p1a: Mosquito|Nasty Plot|p1a: Mosquito
|-boost|p1a: Mosquito|spa|2
|move|p2a: Chansey|Thunder Wave|p1a: Mosquito
|-status|p1a: Mosquito|par
|
|upkeep
|turn|19
|
|t:|1779871790
|switch|p2a: Azelf|Azelf|39/100
|move|p1a: Mosquito|Nasty Plot|p1a: Mosquito
|-boost|p1a: Mosquito|spa|2
|
|upkeep
|turn|20
|
|t:|1779871794
|move|p2a: Azelf|Stored Power|p1a: Mosquito
|-supereffective|p1a: Mosquito
|-damage|p1a: Mosquito|72/100 par
|-damage|p2a: Azelf|29/100|[from] item: Life Orb
|move|p1a: Mosquito|Shadow Ball|p2a: Azelf
|-supereffective|p2a: Azelf
|-damage|p2a: Azelf|0 fnt
|faint|p2a: Azelf
|
|upkeep
|
|t:|1779871796
|switch|p2a: Decidueye|Decidueye, F|100/100
|turn|21
|
|t:|1779871800
|move|p2a: Decidueye|Spirit Shackle|p1a: Mosquito
|-supereffective|p1a: Mosquito
|-damage|p1a: Mosquito|20/100 par
|move|p1a: Mosquito|Recover|p1a: Mosquito
|-heal|p1a: Mosquito|70/100 par
|
|upkeep
|turn|22
|
|t:|1779871804
|move|p2a: Decidueye|Spirit Shackle|p1a: Mosquito
|-supereffective|p1a: Mosquito
|-crit|p1a: Mosquito
|-damage|p1a: Mosquito|0 fnt
|faint|p1a: Mosquito
|
|upkeep
|
|t:|1779871810
|switch|p1a: Miss TakeYoMan|Meowscarada, F|72/100
|turn|23
|
|t:|1779871813
|switch|p2a: Okidogi|Okidogi, M|1/100
|move|p1a: Miss TakeYoMan|U-turn|p2a: Okidogi
|-start|p1a: Miss TakeYoMan|typechange|Bug|[from] ability: Protean
|-resisted|p2a: Okidogi
|-damage|p2a: Okidogi|0 fnt
|faint|p2a: Okidogi
|
|t:|1779871816
|switch|p1a: BATTYGAL|Hatterene, F|100/100|[from] U-turn
|
|upkeep
|
|t:|1779871818
|switch|p2a: Decidueye|Decidueye, F|100/100
|turn|24
|
|t:|1779871821
|move|p2a: Decidueye|Leaf Blade|p1a: BATTYGAL
|-damage|p1a: BATTYGAL|31/100
|move|p1a: BATTYGAL|Mystical Fire|p2a: Decidueye
|-supereffective|p2a: Decidueye
|-damage|p2a: Decidueye|50/100
|-unboost|p2a: Decidueye|spa|1
|
|upkeep
|turn|25
|
|t:|1779871824
|move|p2a: Decidueye|Leaf Blade|p1a: BATTYGAL
|-damage|p1a: BATTYGAL|0 fnt
|faint|p1a: BATTYGAL
|
|upkeep
|
|t:|1779871826
|switch|p1a: Miss TakeYoMan|Meowscarada, F|72/100
|turn|26
|
|t:|1779871831
|move|p1a: Miss TakeYoMan|U-turn|p2a: Decidueye
|-start|p1a: Miss TakeYoMan|typechange|Bug|[from] ability: Protean
|-damage|p2a: Decidueye|0 fnt
|faint|p2a: Decidueye
|
|upkeep
|
|t:|1779871834
|switch|p2a: Chansey|Chansey, F|100/100
|turn|27
|
|t:|1779871837
|move|p1a: Miss TakeYoMan|U-turn|p2a: Chansey
|-damage|p2a: Chansey|71/100
|move|p2a: Chansey|Soft-Boiled|p2a: Chansey
|-heal|p2a: Chansey|100/100
|
|upkeep
|turn|28
|
|t:|1779871840
|move|p1a: Miss TakeYoMan|U-turn|p2a: Chansey
|-damage|p2a: Chansey|72/100
|move|p2a: Chansey|Thunder Wave|p1a: Miss TakeYoMan
|-status|p1a: Miss TakeYoMan|par
|
|upkeep
|turn|29
|
|t:|1779871843
|move|p1a: Miss TakeYoMan|U-turn|p2a: Chansey
|-damage|p2a: Chansey|39/100
|move|p2a: Chansey|Seismic Toss|p1a: Miss TakeYoMan
|-damage|p1a: Miss TakeYoMan|38/100 par
|
|upkeep
|turn|30
|
|t:|1779871846
|move|p1a: Miss TakeYoMan|U-turn|p2a: Chansey
|-damage|p2a: Chansey|6/100
|move|p2a: Chansey|Soft-Boiled|p2a: Chansey
|-heal|p2a: Chansey|56/100
|
|upkeep
|turn|31
|
|t:|1779871849
|move|p1a: Miss TakeYoMan|U-turn|p2a: Chansey
|-damage|p2a: Chansey|25/100
|move|p2a: Chansey|Soft-Boiled|p2a: Chansey
|-heal|p2a: Chansey|75/100
|
|upkeep
|turn|32
|
|t:|1779871852
|move|p1a: Miss TakeYoMan|U-turn|p2a: Chansey
|-damage|p2a: Chansey|42/100
|move|p2a: Chansey|Soft-Boiled|p2a: Chansey
|-heal|p2a: Chansey|92/100
|
|upkeep
|turn|33
|
|t:|1779871855
|move|p1a: Miss TakeYoMan|U-turn|p2a: Chansey
|-damage|p2a: Chansey|59/100
|move|p2a: Chansey|Seismic Toss|p1a: Miss TakeYoMan
|-damage|p1a: Miss TakeYoMan|4/100 par
|
|upkeep
|turn|34
|
|t:|1779871857
|cant|p1a: Miss TakeYoMan|par
|move|p2a: Chansey|Soft-Boiled|p2a: Chansey
|-heal|p2a: Chansey|100/100
|
|upkeep
|turn|35
|
|t:|1779871859
|cant|p1a: Miss TakeYoMan|par
|move|p2a: Chansey|Seismic Toss|p1a: Miss TakeYoMan
|-damage|p1a: Miss TakeYoMan|0 fnt
|faint|p1a: Miss TakeYoMan
|
|win|zu l8r feraligatr
|raw|hattybatty304's rating: 1355 &rarr; <strong>1338</strong><br />(-17 for losing)
|raw|zu l8r feraligatr's rating: 1404 &rarr; <strong>1421</strong><br />(+17 for winning)
|l|☆zu l8r feraligatr
|player|p2|
|l|☆hattybatty304
|player|p1|
