|j|☆0c3an m4n
|j|‽omnimanderous
|t:|1779912945
|gametype|singles
|player|p1|0c3an m4n|marlon|1651
|player|p2|omnimanderous|clown|1722
|gen|9
|tier|[Gen 9] OU
|rated|
|rule|HP Percentage Mod: HP is shown in percentages
|rule|Endless Battle Clause: Forcing endless battles is banned
|rule|Species Clause: Limit one of each Pokémon
|rule|OHKO Clause: OHKO moves are banned
|rule|Evasion Items Clause: Evasion items are banned
|rule|Evasion Moves Clause: Evasion moves are banned
|rule|Evasion Abilities Clause: Evasion abilities are banned
|rule|Sleep Moves Clause: Sleep-inducing moves are banned
|clearpoke
|poke|p1|Quaquaval, M|
|poke|p1|Barraskewda, F|
|poke|p1|Pelipper, M|
|poke|p1|Slither Wing|
|poke|p1|Hatterene, F|
|poke|p1|Crawdaunt, F|
|poke|p2|Walking Wake|
|poke|p2|Rillaboom, M|
|poke|p2|Gholdengo|
|poke|p2|Landorus-Therian, M|
|poke|p2|Zamazenta-*|
|poke|p2|Kingambit, M|
|teampreview
|
|t:|1779912957
|teamsize|p1|6
|teamsize|p2|6
|start
|switch|p1a: El papu|Slither Wing, shiny|100/100
|switch|p2a: Rillaboom|Rillaboom, M|100/100
|-fieldstart|move: Grassy Terrain|[from] ability: Grassy Surge|[of] p2a: Rillaboom
|turn|1
|
|t:|1779912961
|switch|p2a: Landorus|Landorus-Therian, M|100/100
|-ability|p2a: Landorus|Intimidate|boost
|-unboost|p1a: El papu|atk|1
|move|p1a: El papu|U-turn|p2a: Landorus
|-resisted|p2a: Landorus
|-damage|p2a: Landorus|81/100
|-damage|p1a: El papu|84/100|[from] item: Rocky Helmet|[of] p2a: Landorus
|
|t:|1779912966
|-end|p1a: El papu|Protosynthesis|[silent]
|switch|p1a: Sphyraena (Fih) 🐟|Barraskewda, F, shiny|100/100|[from] U-turn
|
|upkeep
|turn|2
|
|t:|1779912972
|move|p1a: Sphyraena (Fih) 🐟|Flip Turn|p2a: Landorus
|-supereffective|p2a: Landorus
|-damage|p2a: Landorus|0 fnt
|-damage|p1a: Sphyraena (Fih) 🐟|84/100|[from] item: Rocky Helmet|[of] p2a: Landorus
|faint|p2a: Landorus
|
|t:|1779912976
|switch|p1a: Apernao 🔥|Crawdaunt, F, shiny|100/100|[from] Flip Turn
|
|upkeep
|j| just-jaype
|
|t:|1779913005
|switch|p2a: Walking Wake|Walking Wake|100/100
|-enditem|p2a: Walking Wake|Booster Energy
|-activate|p2a: Walking Wake|ability: Protosynthesis|[fromitem]
|-start|p2a: Walking Wake|protosynthesisspa
|turn|3
|
|t:|1779913020
|switch|p1a: El papu|Slither Wing, shiny|84/100
|move|p2a: Walking Wake|Surf|p1a: El papu
|-damage|p1a: El papu|18/100
|
|-heal|p1a: El papu|24/100|[from] Grassy Terrain
|upkeep
|turn|4
|
|t:|1779913032
|move|p1a: El papu|First Impression|p2a: Walking Wake
|-damage|p2a: Walking Wake|18/100
|move|p2a: Walking Wake|Agility|p2a: Walking Wake
|-boost|p2a: Walking Wake|spe|2
|
|-heal|p2a: Walking Wake|24/100|[from] Grassy Terrain
|-heal|p1a: El papu|30/100|[from] Grassy Terrain
|upkeep
|turn|5
|
|t:|1779913042
|-end|p1a: El papu|Protosynthesis|[silent]
|switch|p1a: Si|Hatterene, F, shiny|100/100
|move|p2a: Walking Wake|Surf|p1a: Si
|-damage|p1a: Si|55/100
|
|-heal|p2a: Walking Wake|31/100|[from] Grassy Terrain
|-heal|p1a: Si|61/100|[from] Grassy Terrain
|-fieldend|move: Grassy Terrain
|upkeep
|turn|6
|
|t:|1779913048
|move|p2a: Walking Wake|Surf|p1a: Si
|-damage|p1a: Si|20/100
|move|p1a: Si|Draining Kiss|p2a: Walking Wake
|-supereffective|p2a: Walking Wake
|-damage|p2a: Walking Wake|0 fnt
|-heal|p1a: Si|44/100|[from] drain|[of] p2a: Walking Wake
|faint|p2a: Walking Wake
|-end|p2a: Walking Wake|Protosynthesis|[silent]
|
|upkeep
|
|t:|1779913054
|switch|p2a: Rillaboom|Rillaboom, M|100/100
|-fieldstart|move: Grassy Terrain|[from] ability: Grassy Surge|[of] p2a: Rillaboom
|turn|7
|
|t:|1779913059
|move|p2a: Rillaboom|Wood Hammer|p1a: Si
|-damage|p1a: Si|0 fnt
|faint|p1a: Si
|-damage|p2a: Rillaboom|87/100|[from] Recoil
|-damage|p2a: Rillaboom|77/100|[from] item: Life Orb
|
|-heal|p2a: Rillaboom|83/100|[from] Grassy Terrain
|upkeep
|
|t:|1779913067
|switch|p1a: Apernao 🔥|Crawdaunt, F, shiny|100/100
|turn|8
|
|t:|1779913071
|move|p2a: Rillaboom|Grassy Glide|p1a: Apernao 🔥
|-supereffective|p1a: Apernao 🔥
|-enditem|p1a: Apernao 🔥|Focus Sash
|-damage|p1a: Apernao 🔥|1/100
|-damage|p2a: Rillaboom|73/100|[from] item: Life Orb
|move|p1a: Apernao 🔥|Knock Off|p2a: Rillaboom
|-damage|p2a: Rillaboom|3/100
|-enditem|p2a: Rillaboom|Life Orb|[from] move: Knock Off|[of] p1a: Apernao 🔥
|
|-heal|p2a: Rillaboom|9/100|[from] Grassy Terrain
|-heal|p1a: Apernao 🔥|7/100|[from] Grassy Terrain
|upkeep
|turn|9
|
|t:|1779913080
|move|p2a: Rillaboom|Grassy Glide|p1a: Apernao 🔥
|-supereffective|p1a: Apernao 🔥
|-damage|p1a: Apernao 🔥|0 fnt
|faint|p1a: Apernao 🔥
|
|-heal|p2a: Rillaboom|15/100|[from] Grassy Terrain
|upkeep
|
|t:|1779913086
|switch|p1a: Risk of what?|Pelipper, M, shiny|100/100
|-weather|RainDance|[from] ability: Drizzle|[of] p1a: Risk of what?
|turn|10
|l| just-jaype
|
|t:|1779913098
|move|p2a: Rillaboom|Wood Hammer|p1a: Risk of what?
|-damage|p1a: Risk of what?|34/100
|-damage|p2a: Rillaboom|0 fnt|[from] Recoil
|faint|p2a: Rillaboom
|move|p1a: Risk of what?|U-turn|p2: Rillaboom|[notarget]
|-fail|p1a: Risk of what?
|
|-weather|RainDance|[upkeep]
|upkeep
|
|t:|1779913107
|switch|p2a: Gholdengo|Gholdengo|100/100
|-enditem|p2a: Gholdengo|Grassy Seed
|-boost|p2a: Gholdengo|def|1|[from] item: Grassy Seed
|turn|11
|
|t:|1779913115
|-terastallize|p2a: Gholdengo|Water
|move|p2a: Gholdengo|Nasty Plot|p2a: Gholdengo
|-boost|p2a: Gholdengo|spa|2
|move|p1a: Risk of what?|Surf|p2a: Gholdengo
|-resisted|p2a: Gholdengo
|-damage|p2a: Gholdengo|85/100
|
|-weather|RainDance|[upkeep]
|-heal|p2a: Gholdengo|91/100|[from] Grassy Terrain
|-fieldend|move: Grassy Terrain
|upkeep
|turn|12
|
|t:|1779913127
|switch|p1a: El papu|Slither Wing, shiny|30/100
|move|p2a: Gholdengo|Shadow Ball|p1a: El papu
|-damage|p1a: El papu|0 fnt
|faint|p1a: El papu
|-end|p1a: El papu|Protosynthesis|[silent]
|
|-weather|RainDance|[upkeep]
|upkeep
|
|t:|1779913132
|switch|p1a: Sphyraena (Fih) 🐟|Barraskewda, F, shiny|84/100
|turn|13
|
|t:|1779913138
|move|p1a: Sphyraena (Fih) 🐟|Close Combat|p2a: Gholdengo
|-damage|p2a: Gholdengo|46/100
|-unboost|p1a: Sphyraena (Fih) 🐟|def|1
|-unboost|p1a: Sphyraena (Fih) 🐟|spd|1
|move|p2a: Gholdengo|Shadow Ball|p1a: Sphyraena (Fih) 🐟
|-damage|p1a: Sphyraena (Fih) 🐟|0 fnt
|faint|p1a: Sphyraena (Fih) 🐟
|
|-weather|RainDance|[upkeep]
|upkeep
|
|t:|1779913144
|switch|p1a: Berdly|Quaquaval, M, shiny|100/100
|turn|14
|
|t:|1779913147
|-terastallize|p1a: Berdly|Water
|move|p1a: Berdly|Aqua Step|p2a: Gholdengo
|-resisted|p2a: Gholdengo
|-damage|p2a: Gholdengo|20/100
|-boost|p1a: Berdly|spe|1
|move|p2a: Gholdengo|Shadow Ball|p1a: Berdly
|-enditem|p1a: Berdly|Focus Sash
|-damage|p1a: Berdly|1/100
|-unboost|p1a: Berdly|spd|1
|
|-weather|RainDance|[upkeep]
|upkeep
|turn|15
|
|t:|1779913155
|move|p1a: Berdly|Aqua Step|p2a: Gholdengo
|-resisted|p2a: Gholdengo
|-damage|p2a: Gholdengo|0 fnt
|-boost|p1a: Berdly|spe|1
|faint|p2a: Gholdengo
|-ability|p1a: Berdly|Moxie|boost
|-boost|p1a: Berdly|atk|1
|
|-weather|RainDance|[upkeep]
|upkeep
|
|t:|1779913165
|switch|p2a: Zamazenta|Zamazenta|100/100
|-ability|p2a: Zamazenta|Dauntless Shield|boost
|-boost|p2a: Zamazenta|def|1
|turn|16
|
|t:|1779913169
|move|p1a: Berdly|Aqua Step|p2a: Zamazenta
|-damage|p2a: Zamazenta|20/100
|-boost|p1a: Berdly|spe|1
|move|p2a: Zamazenta|Close Combat|p1a: Berdly
|-damage|p1a: Berdly|0 fnt
|-unboost|p2a: Zamazenta|def|1
|-unboost|p2a: Zamazenta|spd|1
|faint|p1a: Berdly
|-damage|p2a: Zamazenta|11/100|[from] item: Life Orb
|
|-weather|RainDance|[upkeep]
|upkeep
|
|t:|1779913172
|switch|p1a: Risk of what?|Pelipper, M, shiny|34/100
|turn|17
|
|t:|1779913176
|move|p2a: Zamazenta|Crunch|p1a: Risk of what?
|-damage|p1a: Risk of what?|4/100
|-damage|p2a: Zamazenta|1/100|[from] item: Life Orb
|move|p1a: Risk of what?|Surf|p2a: Zamazenta
|-damage|p2a: Zamazenta|0 fnt
|faint|p2a: Zamazenta
|
|-weather|none
|upkeep
|
|t:|1779913178
|switch|p2a: Kingambit|Kingambit, M|100/100
|-activate|p2a: Kingambit|ability: Supreme Overlord
|-start|p2a: Kingambit|fallen5|[silent]
|turn|18
|
|t:|1779913183
|move|p2a: Kingambit|Kowtow Cleave|p1a: Risk of what?
|-damage|p1a: Risk of what?|0 fnt
|faint|p1a: Risk of what?
|
|win|omnimanderous
|raw|0c3an m4n's rating: 1651 &rarr; <strong>1635</strong><br />(-16 for losing)
|raw|omnimanderous's rating: 1722 &rarr; <strong>1738</strong><br />(+16 for winning)
|l|☆0c3an m4n
|player|p1|
|l|‽omnimanderous
|player|p2|
