|j|☆BaxleyTheBomb
|j|☆pyrofez
|t:|1779820908
|gametype|singles
|player|p1|BaxleyTheBomb|janitor|1187
|player|p2|pyrofez|266|1203
|gen|9
|tier|[Gen 9] OU
|rated|
|rule|HP Percentage Mod: HP is shown in percentages
|rule|Endless Battle Clause: Forcing endless battles is banned
|rule|Species Clause: Limit one of each Pokémon
|rule|OHKO Clause: OHKO moves are banned
|rule|Evasion Items Clause: Evasion items are banned
|rule|Evasion Moves Clause: Evasion moves are banned
|rule|Evasion Abilities Clause: Evasion abilities are banned
|rule|Sleep Moves Clause: Sleep-inducing moves are banned
|clearpoke
|poke|p1|Toxtricity-Low-Key, F|
|poke|p1|Indeedee, M|
|poke|p1|Ceruledge, F|
|poke|p1|Electrode|
|poke|p1|Hatterene, F|
|poke|p1|Enamorus, F|
|poke|p2|Jolteon, M|
|poke|p2|Pelipper, M|
|poke|p2|Dragapult, M|
|poke|p2|Toxapex, F|
|poke|p2|Conkeldurr, M|
|poke|p2|Scizor, M|
|teampreview
|
|t:|1779820923
|teamsize|p1|6
|teamsize|p2|6
|start
|switch|p1a: Electrode|Electrode, shiny|100/100
|switch|p2a: Scizor|Scizor, M|100/100
|-item|p1a: Electrode|Air Balloon
|turn|1
|
|t:|1779820934
|switch|p2a: Jolteon|Jolteon, M|100/100
|move|p1a: Electrode|Charge Beam|p2a: Jolteon
|-immune|p2a: Jolteon|[from] ability: Volt Absorb
|
|upkeep
|turn|2
|
|t:|1779820941
|move|p1a: Electrode|Taunt|p2a: Jolteon
|-start|p2a: Jolteon|move: Taunt
|move|p2a: Jolteon|Thunder|p1a: Electrode
|-resisted|p1a: Electrode
|-crit|p1a: Electrode
|-damage|p1a: Electrode|4/100
|-enditem|p1a: Electrode|Air Balloon
|
|upkeep
|turn|3
|
|t:|1779820953
|switch|p1a: Toxtricity|Toxtricity-Low-Key, F|100/100
|move|p2a: Jolteon|Thunder|p1a: Toxtricity
|-resisted|p1a: Toxtricity
|-damage|p1a: Toxtricity|39/100
|
|upkeep
|turn|4
|
|t:|1779820962
|move|p2a: Jolteon|Thunder|p1a: Toxtricity
|-resisted|p1a: Toxtricity
|-damage|p1a: Toxtricity|0 fnt
|faint|p1a: Toxtricity
|
|-end|p2a: Jolteon|move: Taunt
|upkeep
|
|t:|1779820972
|switch|p1a: Indeedee|Indeedee, M, shiny|100/100
|-fieldstart|move: Psychic Terrain|[from] ability: Psychic Surge|[of] p1a: Indeedee
|turn|5
|
|t:|1779820999
|move|p2a: Jolteon|Thunder|p1a: Indeedee
|-damage|p1a: Indeedee|0 fnt
|faint|p1a: Indeedee
|
|upkeep
|
|t:|1779821038
|switch|p1a: Electrode|Electrode, shiny|4/100
|turn|6
|
|t:|1779821064
|move|p1a: Electrode|Foul Play|p2a: Jolteon
|-damage|p2a: Jolteon|79/100
|move|p2a: Jolteon|Thunder|p1a: Electrode
|-resisted|p1a: Electrode
|-damage|p1a: Electrode|0 fnt
|faint|p1a: Electrode
|
|upkeep
|
|t:|1779821093
|switch|p1a: Hatterene|Hatterene, F|100/100
|turn|7
|
|t:|1779821101
|move|p2a: Jolteon|Thunder|p1a: Hatterene
|-damage|p1a: Hatterene|43/100
|move|p1a: Hatterene|Mystical Fire|p2a: Jolteon
|-damage|p2a: Jolteon|38/100
|-unboost|p2a: Jolteon|spa|1
|
|upkeep
|turn|8
|
|t:|1779821109
|switch|p2a: Pelipper|Pelipper, M|100/100
|-weather|RainDance|[from] ability: Drizzle|[of] p2a: Pelipper
|move|p1a: Hatterene|Psychic Noise|p2a: Pelipper
|-damage|p2a: Pelipper|22/100
|-start|p2a: Pelipper|move: Heal Block
|
|-weather|RainDance|[upkeep]
|upkeep
|turn|9
|
|t:|1779821123
|move|p2a: Pelipper|Surf|p1a: Hatterene
|-damage|p1a: Hatterene|12/100
|move|p1a: Hatterene|Draining Kiss|p2a: Pelipper
|-crit|p2a: Pelipper
|-damage|p2a: Pelipper|0 fnt
|-heal|p1a: Hatterene|28/100|[from] drain|[of] p2a: Pelipper
|faint|p2a: Pelipper
|
|-weather|RainDance|[upkeep]
|-fieldend|move: Psychic Terrain
|upkeep
|
|t:|1779821128
|switch|p2a: Jolteon|Jolteon, M|38/100
|turn|10
|
|t:|1779821138
|move|p2a: Jolteon|Volt Switch|p1a: Hatterene
|-damage|p1a: Hatterene|0 fnt
|faint|p1a: Hatterene
|
|t:|1779821145
|switch|p2a: Dragapult|Dragapult, M|100/100|[from] Volt Switch
|
|-weather|RainDance|[upkeep]
|upkeep
|
|t:|1779821151
|switch|p1a: Ceruledge|Ceruledge, F, shiny|100/100
|turn|11
|
|t:|1779821157
|-terastallize|p2a: Dragapult|Ghost
|-terastallize|p1a: Ceruledge|Fire
|move|p2a: Dragapult|Hex|p1a: Ceruledge
|-damage|p1a: Ceruledge|56/100
|move|p1a: Ceruledge|Swords Dance|p1a: Ceruledge
|-boost|p1a: Ceruledge|atk|2
|
|-weather|RainDance|[upkeep]
|upkeep
|turn|12
|
|t:|1779821168
|move|p1a: Ceruledge|Shadow Sneak|p2a: Dragapult
|-supereffective|p2a: Dragapult
|-damage|p2a: Dragapult|0 fnt
|faint|p2a: Dragapult
|
|-weather|RainDance|[upkeep]
|upkeep
|
|t:|1779821172
|switch|p2a: Conkeldurr|Conkeldurr, M|100/100
|turn|13
|
|t:|1779821178
|move|p1a: Ceruledge|Bitter Blade|p2a: Conkeldurr
|-damage|p2a: Conkeldurr|50/100
|-heal|p1a: Ceruledge|92/100|[from] drain|[of] p2a: Conkeldurr
|move|p2a: Conkeldurr|Drain Punch|p1a: Ceruledge
|-damage|p1a: Ceruledge|26/100
|-heal|p2a: Conkeldurr|73/100|[from] drain|[of] p1a: Ceruledge
|-ability|p1a: Ceruledge|Weak Armor|boost
|-unboost|p1a: Ceruledge|def|1
|-boost|p1a: Ceruledge|spe|2
|
|-weather|RainDance|[upkeep]
|upkeep
|turn|14
|
|t:|1779821208
|move|p1a: Ceruledge|Shadow Sneak|p2a: Conkeldurr
|-damage|p2a: Conkeldurr|39/100
|move|p2a: Conkeldurr|Mach Punch|p1a: Ceruledge
|-damage|p1a: Ceruledge|0 fnt
|faint|p1a: Ceruledge
|
|-weather|RainDance|[upkeep]
|upkeep
|
|t:|1779821216
|switch|p1a: Enamorus|Enamorus, F, shiny|100/100
|turn|15
|
|t:|1779821219
|move|p1a: Enamorus|Superpower|p2a: Conkeldurr
|-damage|p2a: Conkeldurr|6/100
|-boost|p1a: Enamorus|atk|1
|-boost|p1a: Enamorus|def|1
|move|p2a: Conkeldurr|Ice Punch|p1a: Enamorus
|-supereffective|p1a: Enamorus
|-damage|p1a: Enamorus|26/100
|
|-weather|none
|upkeep
|turn|16
|
|t:|1779821231
|move|p1a: Enamorus|Superpower|p2a: Conkeldurr
|-crit|p2a: Conkeldurr
|-damage|p2a: Conkeldurr|0 fnt
|-boost|p1a: Enamorus|atk|1
|-boost|p1a: Enamorus|def|1
|faint|p2a: Conkeldurr
|
|upkeep
|
|t:|1779821233
|switch|p2a: Toxapex|Toxapex, F|100/100
|turn|17
|
|t:|1779821267
|move|p2a: Toxapex|Baneful Bunker|p2a: Toxapex
|-singleturn|p2a: Toxapex|move: Protect
|move|p1a: Enamorus|Zen Headbutt|p2a: Toxapex
|-activate|p2a: Toxapex|move: Protect
|-status|p1a: Enamorus|psn
|
|-damage|p1a: Enamorus|14/100 psn|[from] psn
|upkeep
|turn|18
|
|t:|1779821285
|move|p1a: Enamorus|Superpower|p2a: Toxapex
|-resisted|p2a: Toxapex
|-damage|p2a: Toxapex|77/100
|-boost|p1a: Enamorus|atk|1
|-boost|p1a: Enamorus|def|1
|move|p2a: Toxapex|Haze|p2a: Toxapex
|-clearallboost
|
|-heal|p2a: Toxapex|83/100|[from] item: Black Sludge
|-damage|p1a: Enamorus|2/100 psn|[from] psn
|upkeep
|turn|19
|
|t:|1779821310
|move|p1a: Enamorus|Zen Headbutt|p2a: Toxapex
|-supereffective|p2a: Toxapex
|-damage|p2a: Toxapex|52/100
|cant|p2a: Toxapex|flinch
|
|-heal|p2a: Toxapex|58/100|[from] item: Black Sludge
|-damage|p1a: Enamorus|0 fnt|[from] psn
|faint|p1a: Enamorus
|
|win|pyrofez
|raw|BaxleyTheBomb's rating: 1187 &rarr; <strong>1163</strong><br />(-24 for losing)
|raw|pyrofez's rating: 1203 &rarr; <strong>1227</strong><br />(+24 for winning)
|l|☆BaxleyTheBomb
|player|p1|
