|j|☆okavi
|j|☆jsmeyo
|t:|1779955626
|gametype|singles
|player|p1|okavi|doubleteam|1185
|player|p2|jsmeyo|170|1132
|gen|9
|tier|[Gen 9] OU
|rated|
|rule|HP Percentage Mod: HP is shown in percentages
|rule|Endless Battle Clause: Forcing endless battles is banned
|rule|Species Clause: Limit one of each Pokémon
|rule|OHKO Clause: OHKO moves are banned
|rule|Evasion Items Clause: Evasion items are banned
|rule|Evasion Moves Clause: Evasion moves are banned
|rule|Evasion Abilities Clause: Evasion abilities are banned
|rule|Sleep Moves Clause: Sleep-inducing moves are banned
|clearpoke
|poke|p1|Mandibuzz, F|
|poke|p1|Goodra-Hisui, M|
|poke|p1|Registeel|
|poke|p1|Jumpluff, F|
|poke|p1|Vaporeon, F|
|poke|p1|Mudsdale, F|
|poke|p2|Samurott-Hisui, M|
|poke|p2|Dragonite, M|
|poke|p2|Kingambit, F|
|poke|p2|Iron Moth|
|poke|p2|Iron Valiant|
|poke|p2|Moltres-Galar|
|teampreview
|inactive|Battle timer is ON: inactive players will automatically lose when time's up. (requested by okavi)
|
|t:|1779955642
|teamsize|p1|6
|teamsize|p2|6
|start
|switch|p1a: Jumpluff|Jumpluff, F, shiny|100/100
|switch|p2a: Samurott|Samurott-Hisui, M, shiny|100/100
|turn|1
|c|☆okavi|glad
|c|☆okavi|glhf*
|
|t:|1779955656
|move|p1a: Jumpluff|Switcheroo|p2a: Samurott
|-activate|p1a: Jumpluff|move: Trick|[of] p2a: Samurott
|-item|p2a: Samurott|Toxic Orb|[from] move: Switcheroo
|-item|p1a: Jumpluff|Focus Sash|[from] move: Switcheroo
|move|p2a: Samurott|Ceaseless Edge|p1a: Jumpluff
|-damage|p1a: Jumpluff|38/100
|-sidestart|p1: okavi|Spikes
|
|-status|p2a: Samurott|tox|[from] item: Toxic Orb
|upkeep
|turn|2
|
|t:|1779955670
|switch|p1a: Registeel|Registeel, shiny|100/100
|-damage|p1a: Registeel|88/100|[from] Spikes
|move|p2a: Samurott|Ceaseless Edge|p1a: Registeel
|-damage|p1a: Registeel|57/100
|-sidestart|p1: okavi|Spikes
|
|-heal|p1a: Registeel|63/100|[from] item: Leftovers
|-damage|p2a: Samurott|94/100 tox|[from] psn
|upkeep
|turn|3
|
|t:|1779955684
|switch|p2a: Iron Moth|Iron Moth, shiny|100/100
|-enditem|p2a: Iron Moth|Booster Energy
|-activate|p2a: Iron Moth|ability: Quark Drive|[fromitem]
|-start|p2a: Iron Moth|quarkdrivespe
|move|p1a: Registeel|Body Press|p2a: Iron Moth
|-resisted|p2a: Iron Moth
|-crit|p2a: Iron Moth
|-damage|p2a: Iron Moth|72/100
|
|-heal|p1a: Registeel|69/100|[from] item: Leftovers
|upkeep
|turn|4
|
|t:|1779955690
|move|p2a: Iron Moth|Fiery Dance|p1a: Registeel
|-supereffective|p1a: Registeel
|-damage|p1a: Registeel|28/100
|-boost|p2a: Iron Moth|spa|1
|move|p1a: Registeel|Thunder Wave|p2a: Iron Moth
|-status|p2a: Iron Moth|par
|
|-heal|p1a: Registeel|34/100|[from] item: Leftovers
|upkeep
|turn|5
|
|t:|1779955699
|switch|p1a: Vaporeon|Vaporeon, F|100/100
|-damage|p1a: Vaporeon|84/100|[from] Spikes
|cant|p2a: Iron Moth|par
|
|-heal|p1a: Vaporeon|90/100|[from] item: Leftovers
|upkeep
|turn|6
|
|t:|1779955714
|-end|p2a: Iron Moth|Quark Drive|[silent]
|switch|p2a: Samurott|Samurott-Hisui, M, shiny|94/100 tox
|move|p1a: Vaporeon|Wish|p1a: Vaporeon
|
|-heal|p1a: Vaporeon|96/100|[from] item: Leftovers
|-damage|p2a: Samurott|88/100 tox|[from] psn
|upkeep
|turn|7
|
|t:|1779955722
|move|p2a: Samurott|Knock Off|p1a: Vaporeon
|-damage|p1a: Vaporeon|43/100
|-enditem|p1a: Vaporeon|Leftovers|[from] move: Knock Off|[of] p2a: Samurott
|move|p1a: Vaporeon|Flip Turn|p2a: Samurott
|-resisted|p2a: Samurott
|-damage|p2a: Samurott|79/100 tox
|
|t:|1779955730
|switch|p1a: Registeel|Registeel, shiny|34/100|[from] Flip Turn
|-damage|p1a: Registeel|17/100|[from] Spikes
|
|-heal|p1a: Registeel|81/100|[from] move: Wish|[wisher] Vaporeon
|-heal|p1a: Registeel|87/100|[from] item: Leftovers
|-damage|p2a: Samurott|67/100 tox|[from] psn
|upkeep
|turn|8
|
|t:|1779955741
|switch|p2a: Dragonite|Dragonite, M, shiny|100/100
|move|p1a: Registeel|Iron Defense|p1a: Registeel
|-boost|p1a: Registeel|def|2
|
|-heal|p1a: Registeel|93/100|[from] item: Leftovers
|upkeep
|turn|9
|
|t:|1779955749
|move|p2a: Dragonite|Earthquake|p1a: Registeel
|-supereffective|p1a: Registeel
|-damage|p1a: Registeel|64/100
|move|p1a: Registeel|Thunder Wave|p2a: Dragonite
|-status|p2a: Dragonite|par
|
|-heal|p1a: Registeel|70/100|[from] item: Leftovers
|upkeep
|turn|10
|
|t:|1779955755
|cant|p2a: Dragonite|par
|move|p1a: Registeel|Iron Defense|p1a: Registeel
|-boost|p1a: Registeel|def|2
|
|-heal|p1a: Registeel|76/100|[from] item: Leftovers
|upkeep
|turn|11
|
|t:|1779955763
|move|p1a: Registeel|Body Press|p2a: Dragonite
|-resisted|p2a: Dragonite
|-damage|p2a: Dragonite|78/100 par
|cant|p2a: Dragonite|par
|
|-heal|p1a: Registeel|82/100|[from] item: Leftovers
|upkeep
|turn|12
|
|t:|1779955769
|move|p1a: Registeel|Body Press|p2a: Dragonite
|-resisted|p2a: Dragonite
|-damage|p2a: Dragonite|35/100 par
|cant|p2a: Dragonite|par
|
|-heal|p1a: Registeel|88/100|[from] item: Leftovers
|upkeep
|turn|13
|
|t:|1779955774
|switch|p2a: Iron Valiant|Iron Valiant, shiny|100/100
|-enditem|p2a: Iron Valiant|Booster Energy
|-activate|p2a: Iron Valiant|ability: Quark Drive|[fromitem]
|-start|p2a: Iron Valiant|quarkdrivespe
|move|p1a: Registeel|Body Press|p2a: Iron Valiant
|-resisted|p2a: Iron Valiant
|-damage|p2a: Iron Valiant|48/100
|
|-heal|p1a: Registeel|94/100|[from] item: Leftovers
|upkeep
|turn|14
|
|t:|1779955788
|-terastallize|p2a: Iron Valiant|Steel
|move|p2a: Iron Valiant|Close Combat|p1a: Registeel
|-supereffective|p1a: Registeel
|-damage|p1a: Registeel|70/100
|-unboost|p2a: Iron Valiant|def|1
|-unboost|p2a: Iron Valiant|spd|1
|move|p1a: Registeel|Body Press|p2a: Iron Valiant
|-supereffective|p2a: Iron Valiant
|-damage|p2a: Iron Valiant|0 fnt
|faint|p2a: Iron Valiant
|-end|p2a: Iron Valiant|Quark Drive|[silent]
|
|-heal|p1a: Registeel|76/100|[from] item: Leftovers
|upkeep
|
|t:|1779955802
|switch|p2a: Iron Moth|Iron Moth, shiny|72/100 par
|turn|15
|
|t:|1779955805
|move|p2a: Iron Moth|Fiery Dance|p1a: Registeel
|-supereffective|p1a: Registeel
|-damage|p1a: Registeel|38/100
|-boost|p2a: Iron Moth|spa|1
|move|p1a: Registeel|Body Press|p2a: Iron Moth
|-resisted|p2a: Iron Moth
|-damage|p2a: Iron Moth|14/100 par
|
|-heal|p1a: Registeel|44/100|[from] item: Leftovers
|upkeep
|turn|16
|
|t:|1779955814
|cant|p2a: Iron Moth|par
|move|p1a: Registeel|Iron Head|p2a: Iron Moth
|-resisted|p2a: Iron Moth
|-damage|p2a: Iron Moth|0 fnt
|faint|p2a: Iron Moth
|-end|p2a: Iron Moth|Quark Drive|[silent]
|
|-heal|p1a: Registeel|50/100|[from] item: Leftovers
|upkeep
|
|t:|1779955819
|switch|p2a: Samurott|Samurott-Hisui, M, shiny|67/100 tox
|turn|17
|
|t:|1779955825
|move|p2a: Samurott|Razor Shell|p1a: Registeel|[miss]
|-miss|p2a: Samurott|p1a: Registeel
|move|p1a: Registeel|Body Press|p2a: Samurott
|-supereffective|p2a: Samurott
|-damage|p2a: Samurott|0 fnt
|faint|p2a: Samurott
|
|-heal|p1a: Registeel|56/100|[from] item: Leftovers
|upkeep
|
|t:|1779955832
|switch|p2a: Dragonite|Dragonite, M, shiny|35/100 par
|turn|18
|
|t:|1779955838
|switch|p2a: Kingambit|Kingambit, F, shiny|100/100
|-activate|p2a: Kingambit|ability: Supreme Overlord
|-start|p2a: Kingambit|fallen3|[silent]
|-item|p2a: Kingambit|Air Balloon
|move|p1a: Registeel|Body Press|p2a: Kingambit
|-supereffective|p2a: Kingambit
|-crit|p2a: Kingambit
|-damage|p2a: Kingambit|0 fnt
|-enditem|p2a: Kingambit|Air Balloon
|faint|p2a: Kingambit
|-end|p2a: Kingambit|fallen3|[silent]
|
|-heal|p1a: Registeel|62/100|[from] item: Leftovers
|upkeep
|
|t:|1779955845
|switch|p2a: Moltres|Moltres-Galar, shiny|100/100
|turn|19
|
|t:|1779955851
|move|p2a: Moltres|Agility|p2a: Moltres
|-boost|p2a: Moltres|spe|2
|move|p1a: Registeel|Thunder Wave|p2a: Moltres
|-status|p2a: Moltres|par
|
|-heal|p1a: Registeel|68/100|[from] item: Leftovers
|upkeep
|turn|20
|
|t:|1779955864
|move|p2a: Moltres|Fiery Wrath|p1a: Registeel
|-damage|p1a: Registeel|47/100
|move|p1a: Registeel|Body Press|p2a: Moltres
|-damage|p2a: Moltres|14/100 par
|-ability|p2a: Moltres|Berserk|boost
|-boost|p2a: Moltres|spa|1
|-enditem|p2a: Moltres|Sitrus Berry|[eat]
|-heal|p2a: Moltres|39/100 par|[from] item: Sitrus Berry
|
|-heal|p1a: Registeel|53/100|[from] item: Leftovers
|upkeep
|turn|21
|
|t:|1779955871
|switch|p2a: Dragonite|Dragonite, M, shiny|35/100 par
|move|p1a: Registeel|Body Press|p2a: Dragonite
|-resisted|p2a: Dragonite
|-damage|p2a: Dragonite|0 fnt
|faint|p2a: Dragonite
|
|-heal|p1a: Registeel|59/100|[from] item: Leftovers
|upkeep
|
|t:|1779955876
|switch|p2a: Moltres|Moltres-Galar, shiny|39/100 par
|turn|22
|
|t:|1779955879
|cant|p2a: Moltres|par
|move|p1a: Registeel|Body Press|p2a: Moltres
|-damage|p2a: Moltres|0 fnt
|faint|p2a: Moltres
|
|win|okavi
|raw|okavi's rating: 1185 &rarr; <strong>1206</strong><br />(+21 for winning)
|raw|jsmeyo's rating: 1132 &rarr; <strong>1111</strong><br />(-21 for losing)
