|j|☆Andher
|j|☆manaphy michael
|t:|1779878462
|gametype|singles
|player|p1|Andher|shadowtriad|1434
|player|p2|manaphy michael|biker-gen4|1459
|gen|9
|tier|[Gen 9] OU
|rated|
|rule|HP Percentage Mod: HP is shown in percentages
|rule|Endless Battle Clause: Forcing endless battles is banned
|rule|Species Clause: Limit one of each Pokémon
|rule|OHKO Clause: OHKO moves are banned
|rule|Evasion Items Clause: Evasion items are banned
|rule|Evasion Moves Clause: Evasion moves are banned
|rule|Evasion Abilities Clause: Evasion abilities are banned
|rule|Sleep Moves Clause: Sleep-inducing moves are banned
|clearpoke
|poke|p1|Samurott-Hisui, F|
|poke|p1|Corviknight, M|
|poke|p1|Kingambit, M|
|poke|p1|Skeledirge, M|
|poke|p1|Gengar, F|
|poke|p1|Dragapult, M|
|poke|p2|Brambleghast, F|
|poke|p2|Bruxish, M|
|poke|p2|Scyther, M|
|poke|p2|Froslass, F|
|poke|p2|Zarude|
|poke|p2|Camerupt, F|
|teampreview
|inactive|Battle timer is ON: inactive players will automatically lose when time's up. (requested by manaphy michael)
|
|t:|1779878468
|teamsize|p1|6
|teamsize|p2|6
|start
|switch|p1a: Ronin|Samurott-Hisui, F|100/100
|switch|p2a: Edward|Scyther, M|100/100
|turn|1
|c|☆Andher|super interesting team
|c|☆Andher|love it
|c|☆Andher|gl hf
|c|☆manaphy michael|glhf
|
|t:|1779878481
|move|p1a: Ronin|Flip Turn|p2a: Edward
|-damage|p2a: Edward|72/100
|
|t:|1779878485
|switch|p1a: Corax|Corviknight, M|100/100|[from] Flip Turn
|-ability|p1a: Corax|Pressure
|move|p2a: Edward|Swords Dance|p2a: Edward
|-boost|p2a: Edward|atk|2
|
|upkeep
|turn|2
|
|t:|1779878492
|switch|p2a: Tank|Camerupt, F|100/100
|move|p1a: Corax|Brave Bird|p2a: Tank
|-damage|p2a: Tank|49/100
|-damage|p1a: Corax|86/100|[from] Recoil
|
|-heal|p2a: Tank|55/100|[from] item: Leftovers
|upkeep
|turn|3
|
|t:|1779878506
|switch|p1a: Ombra|Dragapult, M|100/100
|move|p2a: Tank|Will-O-Wisp|p1a: Ombra
|-status|p1a: Ombra|brn
|
|-heal|p2a: Tank|61/100|[from] item: Leftovers
|-damage|p1a: Ombra|95/100 brn|[from] brn
|upkeep
|turn|4
|
|t:|1779878514
|move|p1a: Ombra|Hydro Pump|p2a: Tank
|-supereffective|p2a: Tank
|-damage|p2a: Tank|0 fnt
|faint|p2a: Tank
|
|-damage|p1a: Ombra|89/100 brn|[from] brn
|upkeep
|
|t:|1779878523
|switch|p2a: Cassidy|Brambleghast, F|100/100
|turn|5
|
|t:|1779878527
|switch|p1a: Corax|Corviknight, M|86/100
|-ability|p1a: Corax|Pressure
|move|p2a: Cassidy|Shadow Sneak|p1a: Corax
|-damage|p1a: Corax|71/100
|-damage|p2a: Cassidy|84/100|[from] item: Rocky Helmet|[of] p1a: Corax
|
|upkeep
|turn|6
|
|t:|1779878537
|switch|p2a: Luna|Froslass, F|100/100
|move|p1a: Corax|Brave Bird|p2a: Luna
|-damage|p2a: Luna|40/100
|-damage|p1a: Corax|57/100|[from] Recoil
|
|upkeep
|turn|7
|
|t:|1779878546
|switch|p1a: Ronin|Samurott-Hisui, F|100/100
|move|p2a: Luna|Switcheroo|p1a: Ronin
|-activate|p2a: Luna|move: Trick|[of] p1a: Ronin
|-item|p1a: Ronin|Choice Specs|[from] move: Switcheroo
|-item|p2a: Luna|Choice Scarf|[from] move: Switcheroo
|
|upkeep
|turn|8
|
|t:|1779878554
|move|p2a: Luna|Thunderbolt|p1a: Ronin
|-supereffective|p1a: Ronin
|-damage|p1a: Ronin|37/100
|move|p1a: Ronin|Ceaseless Edge|p2a: Luna
|-supereffective|p2a: Luna
|-crit|p2a: Luna
|-damage|p2a: Luna|0 fnt
|-start|p1a: Ronin|Disable|Ceaseless Edge|[from] ability: Cursed Body|[of] p2a: Luna
|-sidestart|p2: manaphy michael|Spikes
|faint|p2a: Luna
|
|upkeep
|
|t:|1779878558
|switch|p2a: Edward|Scyther, M|72/100
|turn|9
|
|t:|1779878565
|switch|p1a: Corax|Corviknight, M|57/100
|-ability|p1a: Corax|Pressure
|move|p2a: Edward|Swords Dance|p2a: Edward
|-boost|p2a: Edward|atk|2
|
|upkeep
|turn|10
|
|t:|1779878572
|move|p2a: Edward|Dual Wingbeat|p1a: Corax
|-resisted|p1a: Corax
|-damage|p1a: Corax|35/100
|-damage|p2a: Edward|56/100|[from] item: Rocky Helmet|[of] p1a: Corax
|-resisted|p1a: Corax
|-damage|p1a: Corax|13/100
|-damage|p2a: Edward|40/100|[from] item: Rocky Helmet|[of] p1a: Corax
|-hitcount|p1a: Corax|2
|move|p1a: Corax|Roost|p1a: Corax
|-heal|p1a: Corax|63/100
|-singleturn|p1a: Corax|move: Roost
|
|upkeep
|turn|11
|
|t:|1779878582
|move|p2a: Edward|Swords Dance|p2a: Edward
|-boost|p2a: Edward|atk|2
|move|p1a: Corax|Roost|p1a: Corax
|-heal|p1a: Corax|100/100
|-singleturn|p1a: Corax|move: Roost
|
|upkeep
|turn|12
|
|t:|1779878588
|move|p2a: Edward|Dual Wingbeat|p1a: Corax
|-resisted|p1a: Corax
|-damage|p1a: Corax|67/100
|-damage|p2a: Edward|23/100|[from] item: Rocky Helmet|[of] p1a: Corax
|-resisted|p1a: Corax
|-damage|p1a: Corax|37/100
|-damage|p2a: Edward|7/100|[from] item: Rocky Helmet|[of] p1a: Corax
|-hitcount|p1a: Corax|2
|move|p1a: Corax|Brave Bird|p2a: Edward
|-supereffective|p2a: Edward
|-damage|p2a: Edward|0 fnt
|faint|p2a: Edward
|-damage|p1a: Corax|36/100|[from] Recoil
|
|upkeep
|
|t:|1779878594
|switch|p2a: Father|Zarude|100/100
|-damage|p2a: Father|88/100|[from] Spikes
|turn|13
|
|t:|1779878603
|move|p2a: Father|Bulk Up|p2a: Father
|-boost|p2a: Father|atk|1
|-boost|p2a: Father|def|1
|move|p1a: Corax|Roost|p1a: Corax
|-heal|p1a: Corax|86/100
|-singleturn|p1a: Corax|move: Roost
|
|-heal|p2a: Father|94/100|[from] item: Leftovers
|upkeep
|turn|14
|
|t:|1779878611
|move|p2a: Father|Bulk Up|p2a: Father
|-boost|p2a: Father|atk|1
|-boost|p2a: Father|def|1
|move|p1a: Corax|Brave Bird|p2a: Father
|-supereffective|p2a: Father
|-damage|p2a: Father|72/100
|-damage|p1a: Corax|78/100|[from] Recoil
|
|-heal|p2a: Father|78/100|[from] item: Leftovers
|upkeep
|turn|15
|
|t:|1779878622
|switch|p1a: Malson|Gengar, F, shiny|100/100
|move|p2a: Father|Knock Off|p1a: Malson
|-supereffective|p1a: Malson
|-damage|p1a: Malson|0 fnt
|-enditem|p1a: Malson|Covert Cloak|[from] move: Knock Off|[of] p2a: Father
|faint|p1a: Malson
|
|-heal|p2a: Father|84/100|[from] item: Leftovers
|upkeep
|
|t:|1779878630
|switch|p1a: Mort|Skeledirge, M|100/100
|turn|16
|
|t:|1779878635
|-terastallize|p2a: Father|Poison
|-terastallize|p1a: Mort|Fairy
|move|p2a: Father|Knock Off|p1a: Mort
|-resisted|p1a: Mort
|-damage|p1a: Mort|86/100
|-enditem|p1a: Mort|Heavy-Duty Boots|[from] move: Knock Off|[of] p2a: Father
|move|p1a: Mort|Torch Song|p2a: Father
|-damage|p2a: Father|60/100
|-boost|p1a: Mort|spa|1
|
|-heal|p2a: Father|66/100|[from] item: Leftovers
|upkeep
|turn|17
|
|t:|1779878646
|move|p2a: Father|Power Whip|p1a: Mort|[miss]
|-miss|p2a: Father|p1a: Mort
|move|p1a: Mort|Torch Song|p2a: Father
|-damage|p2a: Father|29/100
|-boost|p1a: Mort|spa|1
|
|-heal|p2a: Father|35/100|[from] item: Leftovers
|upkeep
|turn|18
|
|t:|1779878655
|switch|p2a: Cassidy|Brambleghast, F|84/100
|move|p1a: Mort|Torch Song|p2a: Cassidy
|-supereffective|p2a: Cassidy
|-damage|p2a: Cassidy|0 fnt
|-boost|p1a: Mort|spa|1
|faint|p2a: Cassidy
|
|upkeep
|
|t:|1779878657
|switch|p2a: Diet Dracovish|Bruxish, M|100/100
|-damage|p2a: Diet Dracovish|88/100|[from] Spikes
|turn|19
|
|t:|1779878666
|switch|p1a: Shogun|Kingambit, M|100/100
|-activate|p1a: Shogun|ability: Supreme Overlord
|-start|p1a: Shogun|fallen1|[silent]
|move|p2a: Diet Dracovish|Psychic Fangs|p1a: Shogun
|-immune|p1a: Shogun
|
|upkeep
|turn|20
|
|t:|1779878673
|switch|p2a: Father|Zarude, tera:Poison|35/100
|-damage|p2a: Father|22/100|[from] Spikes
|move|p1a: Shogun|Iron Head|p2a: Father
|-damage|p2a: Father|0 fnt
|faint|p2a: Father
|
|upkeep
|-message|manaphy michael forfeited.
|
|win|Andher
|raw|Andher's rating: 1434 &rarr; <strong>1455</strong><br />(+21 for winning)
|raw|manaphy michael's rating: 1459 &rarr; <strong>1438</strong><br />(-21 for losing)
|l|☆manaphy michael
|player|p2|
|c|☆Andher|gg
|l|☆Andher
|player|p1|
