|j|☆the Lecturer
|j|☆Dom225
|t:|1779926674
|gametype|singles
|player|p1|the Lecturer|170|1312
|player|p2|Dom225|1|1328
|gen|9
|tier|[Gen 9] OU
|rated|
|rule|HP Percentage Mod: HP is shown in percentages
|rule|Endless Battle Clause: Forcing endless battles is banned
|rule|Species Clause: Limit one of each Pokémon
|rule|OHKO Clause: OHKO moves are banned
|rule|Evasion Items Clause: Evasion items are banned
|rule|Evasion Moves Clause: Evasion moves are banned
|rule|Evasion Abilities Clause: Evasion abilities are banned
|rule|Sleep Moves Clause: Sleep-inducing moves are banned
|clearpoke
|poke|p1|Pelipper, M|
|poke|p1|Manaphy|
|poke|p1|Bruxish, M|
|poke|p1|Overqwil, M|
|poke|p1|Iron Treads|
|poke|p1|Raging Bolt|
|poke|p2|Suicune|
|poke|p2|Latios, M|
|poke|p2|Umbreon, M|
|poke|p2|Snorlax, F|
|poke|p2|Chesnaught, M|
|poke|p2|Sylveon, F|
|teampreview
|inactive|Battle timer is ON: inactive players will automatically lose when time's up. (requested by the Lecturer)
|
|t:|1779926726
|teamsize|p1|6
|teamsize|p2|6
|start
|switch|p1a: Iron Treads|Iron Treads|100/100
|switch|p2a: Dragon Bleu XL|Latios, M|100/100
|-enditem|p1a: Iron Treads|Booster Energy
|-activate|p1a: Iron Treads|ability: Quark Drive|[fromitem]
|-start|p1a: Iron Treads|quarkdrivespe
|turn|1
|
|t:|1779926741
|switch|p2a: PointeXL|Chesnaught, M, shiny|100/100
|move|p1a: Iron Treads|Stealth Rock|p2a: PointeXL
|-sidestart|p2: Dom225|move: Stealth Rock
|
|upkeep
|turn|2
|
|t:|1779926751
|-end|p1a: Iron Treads|Quark Drive|[silent]
|switch|p1a: Pelipper|Pelipper, M|100/100
|-weather|RainDance|[from] ability: Drizzle|[of] p1a: Pelipper
|move|p2a: PointeXL|Leech Seed|p1a: Pelipper
|-start|p1a: Pelipper|move: Leech Seed
|
|-weather|RainDance|[upkeep]
|-damage|p1a: Pelipper|88/100|[from] Leech Seed|[of] p2a: PointeXL
|upkeep
|turn|3
|
|t:|1779926760
|switch|p2a: Chien dressé XL|Suicune|100/100
|-damage|p2a: Chien dressé XL|88/100|[from] Stealth Rock
|-ability|p2a: Chien dressé XL|Pressure
|move|p1a: Pelipper|Hurricane|p2a: Chien dressé XL
|-crit|p2a: Chien dressé XL
|-damage|p2a: Chien dressé XL|44/100
|-start|p2a: Chien dressé XL|confusion
|
|-weather|RainDance|[upkeep]
|-heal|p2a: Chien dressé XL|50/100|[from] item: Leftovers
|-damage|p1a: Pelipper|76/100|[from] Leech Seed|[of] p2a: Chien dressé XL
|-heal|p2a: Chien dressé XL|60/100|[silent]
|upkeep
|turn|4
|
|t:|1779926777
|switch|p1a: Manaphy|Manaphy|100/100
|-activate|p2a: Chien dressé XL|confusion
|-damage|p2a: Chien dressé XL|57/100|[from] confusion
|
|-weather|RainDance|[upkeep]
|-heal|p2a: Chien dressé XL|63/100|[from] item: Leftovers
|upkeep
|turn|5
|
|t:|1779926797
|switch|p2a: Grande Lapine XL|Sylveon, F, shiny|100/100
|-damage|p2a: Grande Lapine XL|88/100|[from] Stealth Rock
|move|p1a: Manaphy|Energy Ball|p2a: Grande Lapine XL
|-damage|p2a: Grande Lapine XL|77/100
|
|-weather|RainDance|[upkeep]
|upkeep
|turn|6
|
|t:|1779926812
|switch|p1a: Iron Treads|Iron Treads|100/100
|move|p2a: Grande Lapine XL|Hyper Voice|p1a: Iron Treads
|-resisted|p1a: Iron Treads
|-damage|p1a: Iron Treads|75/100
|
|-weather|RainDance|[upkeep]
|upkeep
|turn|7
|
|t:|1779926824
|switch|p2a: PointeXL|Chesnaught, M, shiny|100/100
|-damage|p2a: PointeXL|94/100|[from] Stealth Rock
|move|p1a: Iron Treads|Knock Off|p2a: PointeXL
|-resisted|p2a: PointeXL
|-damage|p2a: PointeXL|87/100
|-enditem|p2a: PointeXL|Leftovers|[from] move: Knock Off|[of] p1a: Iron Treads
|
|-weather|RainDance|[upkeep]
|upkeep
|turn|8
|
|t:|1779926833
|-end|p1a: Iron Treads|Quark Drive|[silent]
|switch|p1a: Pelipper|Pelipper, M|76/100
|move|p2a: PointeXL|Leech Seed|p1a: Pelipper
|-start|p1a: Pelipper|move: Leech Seed
|
|-weather|RainDance|[upkeep]
|-damage|p1a: Pelipper|63/100|[from] Leech Seed|[of] p2a: PointeXL
|-heal|p2a: PointeXL|97/100|[silent]
|upkeep
|turn|9
|
|t:|1779926846
|switch|p2a: Gros Ours XXL|Snorlax, F, shiny|100/100
|-damage|p2a: Gros Ours XXL|88/100|[from] Stealth Rock
|move|p1a: Pelipper|Roost|p1a: Pelipper
|-heal|p1a: Pelipper|100/100
|-singleturn|p1a: Pelipper|move: Roost
|
|-weather|none
|-damage|p1a: Pelipper|88/100|[from] Leech Seed|[of] p2a: Gros Ours XXL
|-heal|p2a: Gros Ours XXL|96/100|[silent]
|upkeep
|turn|10
|
|t:|1779926858
|move|p1a: Pelipper|U-turn|p2a: Gros Ours XXL
|-damage|p2a: Gros Ours XXL|88/100
|
|t:|1779926868
|switch|p1a: Raging Bolt|Raging Bolt|100/100|[from] U-turn
|-enditem|p1a: Raging Bolt|Booster Energy
|-activate|p1a: Raging Bolt|ability: Protosynthesis|[fromitem]
|-start|p1a: Raging Bolt|protosynthesisspa
|move|p2a: Gros Ours XXL|Body Slam|p1a: Raging Bolt
|-damage|p1a: Raging Bolt|60/100
|
|upkeep
|turn|11
|
|t:|1779926879
|move|p1a: Raging Bolt|Thunderbolt|p2a: Gros Ours XXL
|-damage|p2a: Gros Ours XXL|59/100
|move|p2a: Gros Ours XXL|Earthquake|p1a: Raging Bolt
|-supereffective|p1a: Raging Bolt
|-damage|p1a: Raging Bolt|5/100
|
|upkeep
|turn|12
|
|t:|1779926890
|move|p1a: Raging Bolt|Thunderbolt|p2a: Gros Ours XXL
|-damage|p2a: Gros Ours XXL|32/100
|move|p2a: Gros Ours XXL|Body Slam|p1a: Raging Bolt
|-damage|p1a: Raging Bolt|0 fnt
|faint|p1a: Raging Bolt
|-end|p1a: Raging Bolt|Protosynthesis|[silent]
|
|upkeep
|
|t:|1779926905
|switch|p1a: Overqwil|Overqwil, M|100/100
|turn|13
|
|t:|1779926920
|move|p1a: Overqwil|Gunk Shot|p2a: Gros Ours XXL
|-damage|p2a: Gros Ours XXL|0 fnt
|faint|p2a: Gros Ours XXL
|-damage|p1a: Overqwil|91/100|[from] item: Life Orb
|
|upkeep
|
|t:|1779926926
|switch|p2a: Gros Chat XL|Umbreon, M, shiny|100/100
|-damage|p2a: Gros Chat XL|88/100|[from] Stealth Rock
|turn|14
|
|t:|1779926940
|switch|p1a: Pelipper|Pelipper, M|88/100
|-weather|RainDance|[from] ability: Drizzle|[of] p1a: Pelipper
|move|p2a: Gros Chat XL|Foul Play|p1a: Pelipper
|-damage|p1a: Pelipper|76/100
|
|-weather|RainDance|[upkeep]
|-heal|p2a: Gros Chat XL|94/100|[from] item: Leftovers
|upkeep
|turn|15
|
|t:|1779926948
|move|p2a: Gros Chat XL|Toxic|p1a: Pelipper
|-status|p1a: Pelipper|tox
|move|p1a: Pelipper|U-turn|p2a: Gros Chat XL
|-supereffective|p2a: Gros Chat XL
|-damage|p2a: Gros Chat XL|83/100
|
|t:|1779926966
|switch|p1a: Manaphy|Manaphy|100/100|[from] U-turn
|
|-weather|RainDance|[upkeep]
|-heal|p2a: Gros Chat XL|90/100|[from] item: Leftovers
|upkeep
|turn|16
|
|t:|1779926978
|move|p1a: Manaphy|Surf|p2a: Gros Chat XL
|-damage|p2a: Gros Chat XL|41/100
|move|p2a: Gros Chat XL|Toxic|p1a: Manaphy
|-status|p1a: Manaphy|tox
|
|-weather|RainDance|[upkeep]
|-activate|p1a: Manaphy|ability: Hydration
|-curestatus|p1a: Manaphy|tox|[msg]
|-heal|p2a: Gros Chat XL|47/100|[from] item: Leftovers
|upkeep
|turn|17
|
|t:|1779926989
|switch|p2a: Grande Lapine XL|Sylveon, F, shiny|77/100
|-damage|p2a: Grande Lapine XL|64/100|[from] Stealth Rock
|move|p1a: Manaphy|Tail Glow|p1a: Manaphy
|-boost|p1a: Manaphy|spa|3
|
|-weather|RainDance|[upkeep]
|upkeep
|turn|18
|
|t:|1779927002
|move|p1a: Manaphy|Surf|p2a: Grande Lapine XL
|-damage|p2a: Grande Lapine XL|0 fnt
|faint|p2a: Grande Lapine XL
|
|-weather|RainDance|[upkeep]
|upkeep
|
|t:|1779927008
|switch|p2a: Dragon Bleu XL|Latios, M|100/100
|-damage|p2a: Dragon Bleu XL|88/100|[from] Stealth Rock
|turn|19
|
|t:|1779927034
|switch|p1a: Iron Treads|Iron Treads|75/100
|-terastallize|p2a: Dragon Bleu XL|Electric
|move|p2a: Dragon Bleu XL|Thunderbolt|p1a: Iron Treads
|-immune|p1a: Iron Treads
|
|-weather|RainDance|[upkeep]
|upkeep
|turn|20
|inactive|the Lecturer has 120 seconds left.
|
|t:|1779927062
|switch|p2a: Chien dressé XL|Suicune|63/100
|-damage|p2a: Chien dressé XL|51/100|[from] Stealth Rock
|-ability|p2a: Chien dressé XL|Pressure
|move|p1a: Iron Treads|Knock Off|p2a: Chien dressé XL
|-damage|p2a: Chien dressé XL|38/100
|-enditem|p2a: Chien dressé XL|Leftovers|[from] move: Knock Off|[of] p1a: Iron Treads
|
|-weather|RainDance|[upkeep]
|upkeep
|turn|21
|
|t:|1779927075
|move|p1a: Iron Treads|Earthquake|p2a: Chien dressé XL
|-damage|p2a: Chien dressé XL|19/100
|move|p2a: Chien dressé XL|Scald|p1a: Iron Treads
|-supereffective|p1a: Iron Treads
|-damage|p1a: Iron Treads|5/100
|
|-weather|none
|upkeep
|turn|22
|inactive|the Lecturer has 120 seconds left.
|
|t:|1779927082
|move|p1a: Iron Treads|Earthquake|p2a: Chien dressé XL
|-crit|p2a: Chien dressé XL
|-damage|p2a: Chien dressé XL|0 fnt
|faint|p2a: Chien dressé XL
|
|upkeep
|
|t:|1779927087
|switch|p2a: Dragon Bleu XL|Latios, M, tera:Electric|88/100
|-damage|p2a: Dragon Bleu XL|76/100|[from] Stealth Rock
|turn|23
|
|t:|1779927095
|move|p2a: Dragon Bleu XL|Ice Beam|p1a: Iron Treads
|-damage|p1a: Iron Treads|0 fnt
|faint|p1a: Iron Treads
|-end|p1a: Iron Treads|Quark Drive|[silent]
|
|upkeep
|
|t:|1779927101
|switch|p1a: Pelipper|Pelipper, M|76/100 tox
|-weather|RainDance|[from] ability: Drizzle|[of] p1a: Pelipper
|turn|24
|inactive|the Lecturer has 120 seconds left.
|inactive|the Lecturer has 90 seconds left.
|
|t:|1779927153
|switch|p1a: Manaphy|Manaphy|100/100
|move|p2a: Dragon Bleu XL|Thunderbolt|p1a: Manaphy
|-supereffective|p1a: Manaphy
|-damage|p1a: Manaphy|0 fnt
|faint|p1a: Manaphy
|
|-weather|RainDance|[upkeep]
|upkeep
|inactive|the Lecturer has 90 seconds left.
|
|t:|1779927164
|switch|p1a: Bruxish|Bruxish, M|100/100
|turn|25
|inactive|the Lecturer has 90 seconds left.
|inactive|Dom225 has 120 seconds left.
|inactive|Dom225 has 90 seconds left.
|inactive|Dom225 has 60 seconds left.
|inactive|Dom225 has 30 seconds left.
|inactive|Dom225 has 20 seconds left.
|inactive|Dom225 has 15 seconds left.
|inactive|Dom225 has 10 seconds left.
|inactive|Dom225 has 5 seconds left.
|
|t:|1779927311
|-terastallize|p1a: Bruxish|Water
|move|p1a: Bruxish|Wave Crash|p2a: Dragon Bleu XL
|-damage|p2a: Dragon Bleu XL|0 fnt
|faint|p2a: Dragon Bleu XL
|-damage|p1a: Bruxish|74/100|[from] Recoil
|
|-weather|RainDance|[upkeep]
|upkeep
|inactive|Dom225 has 10 seconds left this turn.
|inactive|Dom225 has 5 seconds left.
|
|t:|1779927319
|switch|p2a: PointeXL|Chesnaught, M, shiny|97/100
|-damage|p2a: PointeXL|91/100|[from] Stealth Rock
|turn|26
|inactive|Dom225 has 15 seconds left this turn.
|inactive|Dom225 has 10 seconds left.
|inactive|the Lecturer has 90 seconds left.
|
|t:|1779927336
|move|p1a: Bruxish|Wave Crash|p2a: PointeXL
|-resisted|p2a: PointeXL
|-damage|p2a: PointeXL|59/100
|-damage|p1a: Bruxish|59/100|[from] Recoil
|move|p2a: PointeXL|Bulk Up|p2a: PointeXL
|-boost|p2a: PointeXL|atk|1
|-boost|p2a: PointeXL|def|1
|
|-weather|RainDance|[upkeep]
|upkeep
|turn|27
|inactive|Dom225 has 20 seconds left this turn.
|inactive|Dom225 has 15 seconds left.
|
|t:|1779927342
|switch|p1a: Pelipper|Pelipper, M|76/100 tox
|move|p2a: PointeXL|Leech Seed|p1a: Pelipper
|-start|p1a: Pelipper|move: Leech Seed
|
|-weather|RainDance|[upkeep]
|-damage|p1a: Pelipper|64/100 tox|[from] Leech Seed|[of] p2a: PointeXL
|-heal|p2a: PointeXL|70/100|[silent]
|-damage|p1a: Pelipper|57/100 tox|[from] psn
|upkeep
|turn|28
|inactive|Dom225 has 25 seconds left this turn.
|inactive|Dom225 has 20 seconds left.
|
|t:|1779927350
|move|p1a: Pelipper|Hurricane|p2a: PointeXL
|-supereffective|p2a: PointeXL
|-damage|p2a: PointeXL|0 fnt
|faint|p2a: PointeXL
|
|-weather|RainDance|[upkeep]
|-damage|p1a: Pelipper|45/100 tox|[from] psn
|upkeep
|inactive|Dom225 has 25 seconds left this turn.
|inactive|Dom225 has 20 seconds left.
|
|t:|1779927356
|switch|p2a: Gros Chat XL|Umbreon, M, shiny|47/100
|-damage|p2a: Gros Chat XL|35/100|[from] Stealth Rock
|turn|29
|inactive|Dom225 has 30 seconds left this turn.
|
|t:|1779927362
|move|p2a: Gros Chat XL|Moonlight|p2a: Gros Chat XL
|-heal|p2a: Gros Chat XL|60/100
|move|p1a: Pelipper|U-turn|p2a: Gros Chat XL
|-supereffective|p2a: Gros Chat XL
|-damage|p2a: Gros Chat XL|49/100
|
|t:|1779927368
|switch|p1a: Bruxish|Bruxish, M, tera:Water|59/100|[from] U-turn
|
|-weather|RainDance|[upkeep]
|-heal|p2a: Gros Chat XL|55/100|[from] item: Leftovers
|upkeep
|turn|30
|inactive|the Lecturer has 120 seconds left.
|c|☆the Lecturer|gg
|
|t:|1779927376
|move|p1a: Bruxish|Wave Crash|p2a: Gros Chat XL
|-damage|p2a: Gros Chat XL|0 fnt
|faint|p2a: Gros Chat XL
|-damage|p1a: Bruxish|34/100|[from] Recoil
|
|win|the Lecturer
|raw|the Lecturer's rating: 1312 &rarr; <strong>1333</strong><br />(+21 for winning)
|raw|Dom225's rating: 1328 &rarr; <strong>1307</strong><br />(-21 for losing)
|l|☆Dom225
|player|p2|
|l|☆the Lecturer
|player|p1|
