|j|☆ghostoftheranch
|j|☆Sovereeign
|t:|1779805988
|gametype|singles
|player|p1|ghostoftheranch|medium|1653
|player|p2|Sovereeign|morty-masters3|1665
|gen|9
|tier|[Gen 9] OU
|rated|
|rule|HP Percentage Mod: HP is shown in percentages
|rule|Endless Battle Clause: Forcing endless battles is banned
|rule|Species Clause: Limit one of each Pokémon
|rule|OHKO Clause: OHKO moves are banned
|rule|Evasion Items Clause: Evasion items are banned
|rule|Evasion Moves Clause: Evasion moves are banned
|rule|Evasion Abilities Clause: Evasion abilities are banned
|rule|Sleep Moves Clause: Sleep-inducing moves are banned
|clearpoke
|poke|p1|Torkoal, F|
|poke|p1|Fezandipiti, M|
|poke|p1|Great Tusk|
|poke|p1|Cinderace, F|
|poke|p1|Mandibuzz, F|
|poke|p1|Volcanion|
|poke|p2|Dragonite, F|
|poke|p2|Gholdengo|
|poke|p2|Iron Crown|
|poke|p2|Glimmora, M|
|poke|p2|Ting-Lu|
|poke|p2|Ogerpon-Wellspring, F|
|teampreview
|inactive|Battle timer is ON: inactive players will automatically lose when time's up. (requested by Sovereeign)
|
|t:|1779805999
|teamsize|p1|6
|teamsize|p2|6
|start
|switch|p1a: Great Tusk|Great Tusk|100/100
|switch|p2a: Glimmora|Glimmora, M|100/100
|turn|1
|
|t:|1779806006
|switch|p2a: Ogerpon|Ogerpon-Wellspring, F|100/100
|move|p1a: Great Tusk|Headlong Rush|p2a: Ogerpon
|-resisted|p2a: Ogerpon
|-damage|p2a: Ogerpon|55/100
|-unboost|p1a: Great Tusk|def|1
|-unboost|p1a: Great Tusk|spd|1
|
|upkeep
|turn|2
|
|t:|1779806013
|-end|p1a: Great Tusk|Protosynthesis|[silent]
|switch|p1a: Volcanion|Volcanion|100/100
|move|p2a: Ogerpon|U-turn|p1a: Volcanion
|-resisted|p1a: Volcanion
|-damage|p1a: Volcanion|88/100
|
|t:|1779806020
|switch|p2a: Glimmora|Glimmora, M|100/100|[from] U-turn
|
|upkeep
|turn|3
|
|t:|1779806024
|move|p2a: Glimmora|Meteor Beam||[still]
|-prepare|p2a: Glimmora|Meteor Beam
|-boost|p2a: Glimmora|spa|1
|-enditem|p2a: Glimmora|Power Herb
|-anim|p2a: Glimmora|Meteor Beam|p1a: Volcanion
|-supereffective|p1a: Volcanion
|-crit|p1a: Volcanion
|-damage|p1a: Volcanion|0 fnt
|faint|p1a: Volcanion
|
|upkeep
|
|t:|1779806031
|switch|p1a: Great Tusk|Great Tusk|100/100
|turn|4
|
|t:|1779806036
|switch|p2a: Ting-Lu|Ting-Lu|100/100
|-ability|p2a: Ting-Lu|Vessel of Ruin
|move|p1a: Great Tusk|Headlong Rush|p2a: Ting-Lu
|-damage|p2a: Ting-Lu|64/100
|-unboost|p1a: Great Tusk|def|1
|-unboost|p1a: Great Tusk|spd|1
|-damage|p1a: Great Tusk|84/100|[from] item: Rocky Helmet|[of] p2a: Ting-Lu
|
|upkeep
|turn|5
|
|t:|1779806045
|move|p1a: Great Tusk|Headlong Rush|p2a: Ting-Lu
|-damage|p2a: Ting-Lu|28/100
|-unboost|p1a: Great Tusk|def|1
|-unboost|p1a: Great Tusk|spd|1
|-damage|p1a: Great Tusk|68/100|[from] item: Rocky Helmet|[of] p2a: Ting-Lu
|move|p2a: Ting-Lu|Spikes|p1a: Great Tusk
|-sidestart|p1: ghostoftheranch|Spikes
|
|upkeep
|turn|6
|
|t:|1779806049
|switch|p2a: Dragonite|Dragonite, F|100/100
|move|p1a: Great Tusk|Headlong Rush|p2a: Dragonite
|-immune|p2a: Dragonite
|
|upkeep
|turn|7
|j| excapilled
|
|t:|1779806059
|-end|p1a: Great Tusk|Protosynthesis|[silent]
|switch|p1a: Torkoal|Torkoal, F|100/100
|-damage|p1a: Torkoal|88/100|[from] Spikes
|-weather|SunnyDay|[from] ability: Drought|[of] p1a: Torkoal
|switch|p2a: Gholdengo|Gholdengo|100/100
|
|-weather|SunnyDay|[upkeep]
|upkeep
|turn|8
|
|t:|1779806067
|switch|p2a: Glimmora|Glimmora, M|100/100
|move|p1a: Torkoal|Stealth Rock|p2a: Glimmora
|-sidestart|p2: Sovereeign|move: Stealth Rock
|
|-weather|SunnyDay|[upkeep]
|upkeep
|turn|9
|
|t:|1779806072
|move|p2a: Glimmora|Mortal Spin|p1a: Torkoal
|-damage|p1a: Torkoal|83/100
|-status|p1a: Torkoal|psn
|-sideend|p2: Sovereeign|Stealth Rock|[from] move: Mortal Spin|[of] p2a: Glimmora
|move|p1a: Torkoal|Earth Power|p2a: Glimmora
|-supereffective|p2a: Glimmora
|-damage|p2a: Glimmora|0 fnt
|faint|p2a: Glimmora
|
|-weather|SunnyDay|[upkeep]
|-damage|p1a: Torkoal|71/100 psn|[from] psn
|upkeep
|
|t:|1779806087
|switch|p2a: Gholdengo|Gholdengo|100/100
|turn|10
|
|t:|1779806099
|switch|p1a: Cinderace|Cinderace, F|100/100
|-damage|p1a: Cinderace|88/100|[from] Spikes
|move|p2a: Gholdengo|Hex|p1a: Cinderace
|-damage|p1a: Cinderace|50/100
|
|-weather|SunnyDay|[upkeep]
|upkeep
|turn|11
|
|t:|1779806117
|-terastallize|p2a: Gholdengo|Flying
|move|p1a: Cinderace|Court Change|p1a: Cinderace
|-start|p1a: Cinderace|typechange|Normal|[from] ability: Libero
|-swapsideconditions
|-activate|p1a: Cinderace|move: Court Change
|move|p2a: Gholdengo|Thunder Wave|p1a: Cinderace
|-status|p1a: Cinderace|par
|
|-weather|SunnyDay|[upkeep]
|upkeep
|turn|12
|
|t:|1779806137
|move|p2a: Gholdengo|Focus Blast|p1a: Cinderace
|-supereffective|p1a: Cinderace
|-damage|p1a: Cinderace|0 fnt
|faint|p1a: Cinderace
|
|-weather|SunnyDay|[upkeep]
|upkeep
|inactive|ghostoftheranch has 120 seconds left.
|j| yuureisuisei
|
|t:|1779806166
|switch|p1a: Fezandipiti|Fezandipiti, M|100/100
|turn|13
|
|t:|1779806174
|move|p1a: Fezandipiti|Moonblast|p2a: Gholdengo
|-damage|p2a: Gholdengo|62/100
|-status|p2a: Gholdengo|tox|[from] ability: Toxic Chain|[of] p1a: Fezandipiti
|move|p2a: Gholdengo|Thunder Wave|p1a: Fezandipiti|[miss]
|-miss|p2a: Gholdengo|p1a: Fezandipiti
|
|-weather|SunnyDay|[upkeep]
|-damage|p2a: Gholdengo|56/100 tox|[from] psn
|upkeep
|turn|14
|inactive|ghostoftheranch has 120 seconds left.
|
|t:|1779806191
|switch|p1a: Great Tusk|Great Tusk|68/100
|-activate|p1a: Great Tusk|ability: Protosynthesis
|-start|p1a: Great Tusk|protosynthesisatk
|move|p2a: Gholdengo|Thunder Wave|p1a: Great Tusk
|-immune|p1a: Great Tusk
|
|-weather|none
|-end|p1a: Great Tusk|Protosynthesis
|-damage|p2a: Gholdengo|44/100 tox|[from] psn
|upkeep
|turn|15
|l| yuureisuisei
|l| excapilled
|
|t:|1779806202
|move|p1a: Great Tusk|Ice Spinner|p2a: Gholdengo
|-supereffective|p2a: Gholdengo
|-damage|p2a: Gholdengo|0 fnt
|faint|p2a: Gholdengo
|
|upkeep
|
|t:|1779806204
|switch|p2a: Ogerpon|Ogerpon-Wellspring, F|55/100
|-damage|p2a: Ogerpon|43/100|[from] Spikes
|turn|16
|
|t:|1779806214
|-end|p1a: Great Tusk|Protosynthesis|[silent]
|switch|p1a: Mandibuzz|Mandibuzz, F|100/100
|move|p2a: Ogerpon|Ivy Cudgel|p1a: Mandibuzz|[anim] Ivy Cudgel Water
|-crit|p1a: Mandibuzz
|-damage|p1a: Mandibuzz|47/100
|
|upkeep
|turn|17
|
|t:|1779806220
|move|p2a: Ogerpon|Ivy Cudgel|p1a: Mandibuzz|[anim] Ivy Cudgel Water
|-damage|p1a: Mandibuzz|12/100
|move|p1a: Mandibuzz|Foul Play|p2a: Ogerpon
|-damage|p2a: Ogerpon|0 fnt
|faint|p2a: Ogerpon
|
|upkeep
|
|t:|1779806225
|switch|p2a: Iron Crown|Iron Crown|100/100
|-damage|p2a: Iron Crown|88/100|[from] Spikes
|-enditem|p2a: Iron Crown|Booster Energy
|-activate|p2a: Iron Crown|ability: Quark Drive|[fromitem]
|-start|p2a: Iron Crown|quarkdrivespe
|turn|18
|
|t:|1779806232
|switch|p1a: Torkoal|Torkoal, F|71/100 psn
|-weather|SunnyDay|[from] ability: Drought|[of] p1a: Torkoal
|move|p2a: Iron Crown|Calm Mind|p2a: Iron Crown
|-boost|p2a: Iron Crown|spa|1
|-boost|p2a: Iron Crown|spd|1
|
|-weather|SunnyDay|[upkeep]
|-damage|p1a: Torkoal|59/100 psn|[from] psn
|upkeep
|turn|19
|j| Disscratch
|
|t:|1779806247
|move|p2a: Iron Crown|Focus Blast|p1a: Torkoal|[miss]
|-miss|p2a: Iron Crown|p1a: Torkoal
|move|p1a: Torkoal|Fire Blast|p2a: Iron Crown|[miss]
|-miss|p1a: Torkoal|p2a: Iron Crown
|
|-weather|SunnyDay|[upkeep]
|-damage|p1a: Torkoal|46/100 psn|[from] psn
|upkeep
|turn|20
|
|t:|1779806255
|move|p2a: Iron Crown|Focus Blast|p1a: Torkoal
|-crit|p1a: Torkoal
|-damage|p1a: Torkoal|0 fnt
|faint|p1a: Torkoal
|
|-weather|SunnyDay|[upkeep]
|upkeep
|
|t:|1779806268
|switch|p1a: Fezandipiti|Fezandipiti, M|100/100
|turn|21
|
|t:|1779806292
|-terastallize|p1a: Fezandipiti|Flying
|move|p2a: Iron Crown|Tachyon Cutter|p1a: Fezandipiti
|-damage|p1a: Fezandipiti|75/100
|-damage|p1a: Fezandipiti|48/100
|-hitcount|p1a: Fezandipiti|2
|move|p1a: Fezandipiti|Heat Wave|p2a: Iron Crown
|-supereffective|p2a: Iron Crown
|-damage|p2a: Iron Crown|44/100
|
|-weather|SunnyDay|[upkeep]
|-heal|p1a: Fezandipiti|54/100|[from] item: Leftovers
|upkeep
|turn|22
|
|t:|1779806304
|move|p2a: Iron Crown|Psyshock|p1a: Fezandipiti
|-damage|p1a: Fezandipiti|0 fnt
|faint|p1a: Fezandipiti
|
|-weather|SunnyDay|[upkeep]
|upkeep
|
|t:|1779806326
|switch|p1a: Great Tusk|Great Tusk|68/100
|-activate|p1a: Great Tusk|ability: Protosynthesis
|-start|p1a: Great Tusk|protosynthesisatk
|turn|23
|
|t:|1779806337
|move|p2a: Iron Crown|Psyshock|p1a: Great Tusk
|-supereffective|p1a: Great Tusk
|-damage|p1a: Great Tusk|0 fnt
|faint|p1a: Great Tusk
|-end|p1a: Great Tusk|Protosynthesis|[silent]
|
|-weather|SunnyDay|[upkeep]
|upkeep
|c|☆ghostoftheranch|g
|c|☆ghostoftheranch|g
|-message|ghostoftheranch forfeited.
|
|win|Sovereeign
|raw|ghostoftheranch's rating: 1653 &rarr; <strong>1634</strong><br />(-19 for losing)
|raw|Sovereeign's rating: 1665 &rarr; <strong>1684</strong><br />(+19 for winning)
|l|☆ghostoftheranch
|player|p1|
|c|☆Sovereeign|g
|c|☆Sovereeign|g
|l| Disscratch
