|j|☆leesley
|j|☆phanxflame
|t:|1779972207
|gametype|singles
|player|p1|leesley|miku-ground|1051
|player|p2|phanxflame|marshal|1114
|gen|9
|tier|[Gen 9] OU
|rated|
|rule|HP Percentage Mod: HP is shown in percentages
|rule|Endless Battle Clause: Forcing endless battles is banned
|rule|Species Clause: Limit one of each Pokémon
|rule|OHKO Clause: OHKO moves are banned
|rule|Evasion Items Clause: Evasion items are banned
|rule|Evasion Moves Clause: Evasion moves are banned
|rule|Evasion Abilities Clause: Evasion abilities are banned
|rule|Sleep Moves Clause: Sleep-inducing moves are banned
|clearpoke
|poke|p1|Tinkaton, F|
|poke|p1|Gholdengo|
|poke|p1|Dragonite, F|
|poke|p1|Great Tusk|
|poke|p1|Meowscarada, F|
|poke|p1|Alomomola, M|
|poke|p2|Gengar, M|
|poke|p2|Cinderace, M|
|poke|p2|Krookodile, F|
|poke|p2|Pelipper, F|
|poke|p2|Hatterene, F|
|poke|p2|Rampardos, F|
|teampreview
|
|t:|1779972221
|teamsize|p1|6
|teamsize|p2|6
|start
|switch|p1a: Tinkaton|Tinkaton, F, shiny|100/100
|switch|p2a: Pelipper|Pelipper, F|100/100
|-item|p1a: Tinkaton|Air Balloon
|-weather|RainDance|[from] ability: Drizzle|[of] p2a: Pelipper
|turn|1
|
|t:|1779972227
|move|p1a: Tinkaton|Thunder Wave|p2a: Pelipper|[miss]
|-miss|p1a: Tinkaton|p2a: Pelipper
|move|p2a: Pelipper|Weather Ball|p1a: Tinkaton
|-damage|p1a: Tinkaton|15/100
|-enditem|p1a: Tinkaton|Air Balloon
|
|-weather|RainDance|[upkeep]
|upkeep
|turn|2
|
|t:|1779972241
|switch|p1a: Alomomola|Alomomola, M|100/100
|switch|p2a: Krookodile|Krookodile, F|100/100
|-ability|p2a: Krookodile|Intimidate|boost
|-unboost|p1a: Alomomola|atk|1
|
|-weather|RainDance|[upkeep]
|upkeep
|turn|3
|l|☆leesley
|player|p1|
|j|☆leesley
|player|p1|leesley|miku-ground|
|
|t:|1779972282
|move|p2a: Krookodile|Knock Off|p1a: Alomomola
|-damage|p1a: Alomomola|76/100
|-enditem|p1a: Alomomola|Heavy-Duty Boots|[from] move: Knock Off|[of] p2a: Krookodile
|move|p1a: Alomomola|Wish|p1a: Alomomola
|
|-weather|RainDance|[upkeep]
|upkeep
|turn|4
|
|t:|1779972289
|move|p2a: Krookodile|Knock Off|p1a: Alomomola
|-damage|p1a: Alomomola|60/100
|move|p1a: Alomomola|Flip Turn|p2a: Krookodile
|-supereffective|p2a: Krookodile
|-damage|p2a: Krookodile|59/100
|
|t:|1779972297
|switch|p1a: Tinkaton|Tinkaton, F, shiny|15/100|[from] Flip Turn
|
|-weather|RainDance|[upkeep]
|-heal|p1a: Tinkaton|86/100|[from] move: Wish|[wisher] Alomomola
|upkeep
|turn|5
|
|t:|1779972306
|switch|p1a: Dragonite|Dragonite, F|100/100
|move|p2a: Krookodile|Earthquake|p1a: Dragonite
|-immune|p1a: Dragonite
|
|-weather|none
|upkeep
|turn|6
|
|t:|1779972314
|switch|p2a: Gengar|Gengar, M|100/100
|move|p1a: Dragonite|Dragon Dance|p1a: Dragonite
|-boost|p1a: Dragonite|atk|1
|-boost|p1a: Dragonite|spe|1
|
|upkeep
|turn|7
|
|t:|1779972343
|move|p2a: Gengar|Encore|p1a: Dragonite
|-start|p1a: Dragonite|Encore
|move|p1a: Dragonite|Dragon Dance|p1a: Dragonite
|-boost|p1a: Dragonite|atk|1
|-boost|p1a: Dragonite|spe|1
|
|upkeep
|turn|8
|
|t:|1779972353
|switch|p2a: Pelipper|Pelipper, F|100/100
|-weather|RainDance|[from] ability: Drizzle|[of] p2a: Pelipper
|move|p1a: Dragonite|Dragon Dance|p1a: Dragonite
|-boost|p1a: Dragonite|atk|1
|-boost|p1a: Dragonite|spe|1
|
|-weather|RainDance|[upkeep]
|upkeep
|turn|9
|
|t:|1779972358
|move|p1a: Dragonite|Dragon Dance|p1a: Dragonite
|-boost|p1a: Dragonite|atk|1
|-boost|p1a: Dragonite|spe|1
|move|p2a: Pelipper|Ice Beam|p1a: Dragonite
|-supereffective|p1a: Dragonite
|-damage|p1a: Dragonite|10/100
|
|-weather|RainDance|[upkeep]
|-end|p1a: Dragonite|Encore
|upkeep
|turn|10
|
|t:|1779972362
|switch|p2a: Gengar|Gengar, M|100/100
|move|p1a: Dragonite|Scale Shot|p2a: Gengar
|-damage|p2a: Gengar|21/100
|-damage|p2a: Gengar|0 fnt
|faint|p2a: Gengar
|-hitcount|p2: Gengar|2
|-unboost|p1a: Dragonite|def|1
|-boost|p1a: Dragonite|spe|1
|
|-weather|RainDance|[upkeep]
|upkeep
|
|t:|1779972371
|switch|p2a: Hatterene|Hatterene, F|100/100
|turn|11
|
|t:|1779972376
|move|p1a: Dragonite|Fire Punch|p2a: Hatterene
|-damage|p2a: Hatterene|53/100
|move|p2a: Hatterene|Trick Room|p2a: Hatterene
|-fieldstart|move: Trick Room|[of] p2a: Hatterene
|
|-weather|RainDance|[upkeep]
|upkeep
|turn|12
|
|t:|1779972382
|move|p2a: Hatterene|Future Sight|p1a: Dragonite
|-start|p2a: Hatterene|move: Future Sight
|move|p1a: Dragonite|Fire Punch|p2a: Hatterene
|-damage|p2a: Hatterene|2/100
|
|-weather|none
|upkeep
|turn|13
|
|t:|1779972389
|move|p2a: Hatterene|Healing Wish|p2a: Hatterene
|faint|p2a: Hatterene
|move|p1a: Dragonite|Encore|p2: Hatterene|[notarget]
|-fail|p1a: Dragonite
|
|upkeep
|
|t:|1779972404
|switch|p2a: Rampardos|Rampardos, F|100/100
|turn|14
|
|t:|1779972407
|move|p2a: Rampardos|Iron Head|p1a: Dragonite
|-damage|p1a: Dragonite|0 fnt
|faint|p1a: Dragonite
|
|-hint|Future Sight did not hit because the target is fainted.
|upkeep
|
|t:|1779972426
|switch|p1a: Tinkaton|Tinkaton, F, shiny|86/100
|turn|15
|
|t:|1779972461
|switch|p2a: Krookodile|Krookodile, F|59/100
|-heal|p2a: Krookodile|100/100|[from] move: Healing Wish
|-ability|p2a: Krookodile|Intimidate|boost
|-unboost|p1a: Tinkaton|atk|1
|move|p1a: Tinkaton|Gigaton Hammer|p2a: Krookodile
|-crit|p2a: Krookodile
|-damage|p2a: Krookodile|22/100
|
|-fieldend|move: Trick Room
|upkeep
|turn|16
|
|t:|1779972477
|switch|p1a: Gholdengo|Gholdengo|100/100
|-item|p1a: Gholdengo|Air Balloon
|move|p2a: Krookodile|Earthquake|p1a: Gholdengo
|-immune|p1a: Gholdengo
|
|upkeep
|turn|17
|
|t:|1779972493
|switch|p1a: Meowscarada|Meowscarada, F|100/100
|move|p2a: Krookodile|Knock Off|p1a: Meowscarada
|-resisted|p1a: Meowscarada
|-damage|p1a: Meowscarada|63/100
|-enditem|p1a: Meowscarada|Heavy-Duty Boots|[from] move: Knock Off|[of] p2a: Krookodile
|
|upkeep
|turn|18
|
|t:|1779972504
|switch|p2a: Cinderace|Cinderace, M|100/100
|move|p1a: Meowscarada|Triple Axel|p2a: Cinderace
|-start|p1a: Meowscarada|typechange|Ice|[from] ability: Protean
|-resisted|p2a: Cinderace
|-crit|p2a: Cinderace
|-damage|p2a: Cinderace|91/100
|-hitcount|p2a: Cinderace|1
|
|upkeep
|turn|19
|
|t:|1779972513
|move|p1a: Meowscarada|U-turn|p2a: Cinderace
|-resisted|p2a: Cinderace
|-damage|p2a: Cinderace|77/100
|
|t:|1779972517
|switch|p1a: Alomomola|Alomomola, M|93/100|[from] U-turn
|move|p2a: Cinderace|U-turn|p1a: Alomomola
|-start|p2a: Cinderace|typechange|Bug|[from] ability: Libero
|-damage|p1a: Alomomola|77/100
|
|t:|1779972523
|switch|p2a: Pelipper|Pelipper, F|100/100|[from] U-turn
|-weather|RainDance|[from] ability: Drizzle|[of] p2a: Pelipper
|
|-weather|RainDance|[upkeep]
|upkeep
|turn|20
|
|t:|1779972527
|move|p2a: Pelipper|Hurricane|p1a: Alomomola
|-damage|p1a: Alomomola|0 fnt
|faint|p1a: Alomomola
|
|-weather|RainDance|[upkeep]
|upkeep
|
|t:|1779972544
|switch|p1a: Meowscarada|Meowscarada, F|63/100
|turn|21
|
|t:|1779972550
|switch|p2a: Cinderace|Cinderace, M|77/100
|move|p1a: Meowscarada|Knock Off|p2a: Cinderace
|-start|p1a: Meowscarada|typechange|Dark|[from] ability: Protean
|-damage|p2a: Cinderace|19/100
|-enditem|p2a: Cinderace|Heavy-Duty Boots|[from] move: Knock Off|[of] p1a: Meowscarada
|
|-weather|RainDance|[upkeep]
|upkeep
|turn|22
|
|t:|1779972560
|move|p1a: Meowscarada|Knock Off|p2a: Cinderace
|-damage|p2a: Cinderace|0 fnt
|faint|p2a: Cinderace
|
|-weather|RainDance|[upkeep]
|upkeep
|
|t:|1779972574
|switch|p2a: Krookodile|Krookodile, F|22/100
|-ability|p2a: Krookodile|Intimidate|boost
|-unboost|p1a: Meowscarada|atk|1
|turn|23
|
|t:|1779972589
|switch|p2a: Rampardos|Rampardos, F|100/100
|move|p1a: Meowscarada|Triple Axel|p2a: Rampardos
|-damage|p2a: Rampardos|95/100
|-damage|p2a: Rampardos|83/100
|-damage|p2a: Rampardos|68/100
|-hitcount|p2a: Rampardos|3
|
|-weather|none
|upkeep
|turn|24
|
|t:|1779972602
|switch|p1a: Gholdengo|Gholdengo|100/100
|-item|p1a: Gholdengo|Air Balloon
|-terastallize|p2a: Rampardos|Fairy
|move|p2a: Rampardos|Brick Break|p1a: Gholdengo
|-immune|p1a: Gholdengo
|
|upkeep
|turn|25
|
|t:|1779972613
|move|p1a: Gholdengo|Make It Rain|p2a: Rampardos
|-supereffective|p2a: Rampardos
|-damage|p2a: Rampardos|0 fnt
|-unboost|p1a: Gholdengo|spa|1
|faint|p2a: Rampardos
|
|upkeep
|
|t:|1779972616
|switch|p2a: Krookodile|Krookodile, F|22/100
|-ability|p2a: Krookodile|Intimidate|boost
|-unboost|p1a: Gholdengo|atk|1
|turn|26
|
|t:|1779972636
|switch|p2a: Pelipper|Pelipper, F|100/100
|-weather|RainDance|[from] ability: Drizzle|[of] p2a: Pelipper
|move|p1a: Gholdengo|Focus Blast|p2a: Pelipper
|-resisted|p2a: Pelipper
|-damage|p2a: Pelipper|79/100
|
|-weather|RainDance|[upkeep]
|upkeep
|turn|27
|
|t:|1779972647
|switch|p1a: Tinkaton|Tinkaton, F, shiny|86/100
|move|p2a: Pelipper|Weather Ball|p1a: Tinkaton
|-damage|p1a: Tinkaton|7/100
|
|-weather|RainDance|[upkeep]
|upkeep
|turn|28
|
|t:|1779972657
|switch|p2a: Krookodile|Krookodile, F|22/100
|-ability|p2a: Krookodile|Intimidate|boost
|-unboost|p1a: Tinkaton|atk|1
|move|p1a: Tinkaton|Thunder Wave|p2a: Krookodile
|-immune|p2a: Krookodile
|
|-weather|RainDance|[upkeep]
|upkeep
|turn|29
|
|t:|1779972666
|move|p2a: Krookodile|Knock Off|p1a: Tinkaton
|-resisted|p1a: Tinkaton
|-crit|p1a: Tinkaton
|-damage|p1a: Tinkaton|0 fnt
|faint|p1a: Tinkaton
|
|-weather|RainDance|[upkeep]
|upkeep
|
|t:|1779972672
|switch|p1a: Meowscarada|Meowscarada, F|63/100
|turn|30
|
|t:|1779972674
|switch|p2a: Pelipper|Pelipper, F|79/100
|move|p1a: Meowscarada|Flower Trick|p2a: Pelipper
|-start|p1a: Meowscarada|typechange|Grass|[from] ability: Protean
|-crit|p2a: Pelipper
|-damage|p2a: Pelipper|32/100
|
|-weather|none
|upkeep
|turn|31
|-message|phanxflame forfeited.
|
|win|leesley
|raw|leesley's rating: 1051 &rarr; <strong>1089</strong><br />(+38 for winning)
|raw|phanxflame's rating: 1114 &rarr; <strong>1085</strong><br />(-29 for losing)
|l|☆phanxflame
|player|p2|
|l|☆leesley
|player|p1|
