|j|☆JojoKonz
|j|☆claudechamp
|t:|1779833267
|gametype|singles
|player|p1|JojoKonz|benga|1241
|player|p2|claudechamp|265|1286
|gen|9
|tier|[Gen 9] OU
|rated|
|rule|HP Percentage Mod: HP is shown in percentages
|rule|Endless Battle Clause: Forcing endless battles is banned
|rule|Species Clause: Limit one of each Pokémon
|rule|OHKO Clause: OHKO moves are banned
|rule|Evasion Items Clause: Evasion items are banned
|rule|Evasion Moves Clause: Evasion moves are banned
|rule|Evasion Abilities Clause: Evasion abilities are banned
|rule|Sleep Moves Clause: Sleep-inducing moves are banned
|clearpoke
|poke|p1|Gliscor, M|
|poke|p1|Cinderace, F|
|poke|p1|Kingambit, F|
|poke|p1|Rotom-Wash|
|poke|p1|Ogerpon-Wellspring, F|
|poke|p1|Iron Crown|
|poke|p2|Corviknight, F|
|poke|p2|Ting-Lu|
|poke|p2|Kyurem|
|poke|p2|Dondozo, F|
|poke|p2|Slowking-Galar, F|
|poke|p2|Cinderace, M|
|teampreview
|inactive|Battle timer is ON: inactive players will automatically lose when time's up. (requested by JojoKonz)
|c|☆claudechamp|hf
|c|☆JojoKonz|glhf
|inactive|claudechamp also wants the timer to be on.
|
|t:|1779833283
|teamsize|p1|6
|teamsize|p2|6
|start
|switch|p1a: Rotom|Rotom-Wash|100/100
|switch|p2a: Cinderace|Cinderace, M|100/100
|turn|1
|
|t:|1779833299
|move|p1a: Rotom|Hydro Pump|p2a: Cinderace|[miss]
|-miss|p1a: Rotom|p2a: Cinderace
|move|p2a: Cinderace|Pyro Ball|p1a: Rotom
|-resisted|p1a: Rotom
|-damage|p1a: Rotom|68/100
|
|upkeep
|turn|2
|
|t:|1779833308
|switch|p2a: Kyurem|Kyurem|100/100
|-ability|p2a: Kyurem|Pressure
|move|p1a: Rotom|Hydro Pump|p2a: Kyurem
|-resisted|p2a: Kyurem
|-damage|p2a: Kyurem|78/100
|
|-heal|p2a: Kyurem|84/100|[from] item: Leftovers
|upkeep
|turn|3
|
|t:|1779833318
|switch|p1a: Iron Crown|Iron Crown|100/100
|move|p2a: Kyurem|Freeze-Dry|p1a: Iron Crown
|-resisted|p1a: Iron Crown
|-damage|p1a: Iron Crown|83/100
|
|-heal|p2a: Kyurem|91/100|[from] item: Leftovers
|upkeep
|turn|4
|
|t:|1779833322
|move|p1a: Iron Crown|Tachyon Cutter|p2a: Kyurem
|-supereffective|p2a: Kyurem
|-damage|p2a: Kyurem|25/100
|-supereffective|p2a: Kyurem
|-damage|p2a: Kyurem|0 fnt
|faint|p2a: Kyurem
|-hitcount|p2: Kyurem|2
|
|upkeep
|
|t:|1779833329
|switch|p2a: Cinderace|Cinderace, M|100/100
|turn|5
|
|t:|1779833337
|-end|p1a: Iron Crown|Quark Drive|[silent]
|switch|p1a: Rotom|Rotom-Wash|68/100
|move|p2a: Cinderace|U-turn|p1a: Rotom
|-damage|p1a: Rotom|44/100
|
|t:|1779833339
|switch|p2a: Ting-Lu|Ting-Lu|100/100|[from] U-turn
|-ability|p2a: Ting-Lu|Vessel of Ruin
|
|upkeep
|turn|6
|
|t:|1779833342
|move|p1a: Rotom|Hydro Pump|p2a: Ting-Lu
|-supereffective|p2a: Ting-Lu
|-damage|p2a: Ting-Lu|57/100
|move|p2a: Ting-Lu|Payback|p1a: Rotom
|-damage|p1a: Rotom|0 fnt
|faint|p1a: Rotom
|
|-heal|p2a: Ting-Lu|63/100|[from] item: Leftovers
|upkeep
|
|t:|1779833367
|switch|p1a: Ogerpon|Ogerpon-Wellspring, F|100/100
|turn|7
|
|t:|1779833375
|-terastallize|p1a: Ogerpon|Water
|detailschange|p1a: Ogerpon|Ogerpon-Wellspring-Tera, F, tera:Water
|-ability|p1a: Ogerpon|Embody Aspect (Wellspring)|boost
|-boost|p1a: Ogerpon|spd|1
|move|p1a: Ogerpon|Ivy Cudgel|p2a: Ting-Lu|[anim] Ivy Cudgel Water
|-supereffective|p2a: Ting-Lu
|-damage|p2a: Ting-Lu|0 fnt
|faint|p2a: Ting-Lu
|
|upkeep
|
|t:|1779833381
|switch|p2a: Dondozo|Dondozo, F|100/100
|turn|8
|
|t:|1779833386
|move|p1a: Ogerpon|Knock Off|p2a: Dondozo
|-damage|p2a: Dondozo|77/100
|-enditem|p2a: Dondozo|Leftovers|[from] move: Knock Off|[of] p1a: Ogerpon
|move|p2a: Dondozo|Curse|p2a: Dondozo
|-unboost|p2a: Dondozo|spe|1
|-boost|p2a: Dondozo|atk|1
|-boost|p2a: Dondozo|def|1
|
|upkeep
|turn|9
|
|t:|1779833393
|move|p1a: Ogerpon|U-turn|p2a: Dondozo
|-damage|p2a: Dondozo|66/100
|
|t:|1779833396
|switch|p1a: Iron Crown|Iron Crown|83/100|[from] U-turn
|move|p2a: Dondozo|Body Press|p1a: Iron Crown
|-damage|p1a: Iron Crown|48/100
|
|upkeep
|turn|10
|
|t:|1779833405
|move|p1a: Iron Crown|Volt Switch|p2a: Dondozo
|-supereffective|p2a: Dondozo
|-damage|p2a: Dondozo|24/100
|
|t:|1779833412
|-end|p1a: Iron Crown|Quark Drive|[silent]
|switch|p1a: Gliscor|Gliscor, M|100/100|[from] Volt Switch
|move|p2a: Dondozo|Waterfall|p1a: Gliscor
|-supereffective|p1a: Gliscor
|-damage|p1a: Gliscor|53/100
|
|-status|p1a: Gliscor|tox|[from] item: Toxic Orb
|upkeep
|turn|11
|
|t:|1779833420
|move|p1a: Gliscor|Protect|p1a: Gliscor
|-singleturn|p1a: Gliscor|Protect
|move|p2a: Dondozo|Rest|p2a: Dondozo
|-status|p2a: Dondozo|slp|[from] move: Rest
|-heal|p2a: Dondozo|100/100 slp|[silent]
|
|-heal|p1a: Gliscor|65/100 tox|[from] ability: Poison Heal
|upkeep
|turn|12
|
|t:|1779833425
|move|p1a: Gliscor|Toxic||[still]
|-fail|p1a: Gliscor
|cant|p2a: Dondozo|slp
|
|-heal|p1a: Gliscor|78/100 tox|[from] ability: Poison Heal
|upkeep
|turn|13
|
|t:|1779833434
|move|p1a: Gliscor|Spikes|p2a: Dondozo
|-sidestart|p2: claudechamp|Spikes
|cant|p2a: Dondozo|slp
|
|-heal|p1a: Gliscor|90/100 tox|[from] ability: Poison Heal
|upkeep
|turn|14
|
|t:|1779833444
|move|p1a: Gliscor|Spikes|p2a: Dondozo
|-sidestart|p2: claudechamp|Spikes
|-curestatus|p2a: Dondozo|slp|[msg]
|move|p2a: Dondozo|Curse|p2a: Dondozo
|-unboost|p2a: Dondozo|spe|1
|-boost|p2a: Dondozo|atk|1
|-boost|p2a: Dondozo|def|1
|
|-heal|p1a: Gliscor|100/100 tox|[from] ability: Poison Heal
|upkeep
|turn|15
|
|t:|1779833450
|move|p1a: Gliscor|Toxic|p2a: Dondozo
|-status|p2a: Dondozo|tox
|move|p2a: Dondozo|Waterfall|p1a: Gliscor
|-supereffective|p1a: Gliscor
|-damage|p1a: Gliscor|36/100 tox
|
|-heal|p1a: Gliscor|48/100 tox|[from] ability: Poison Heal
|-damage|p2a: Dondozo|94/100 tox|[from] psn
|upkeep
|turn|16
|
|t:|1779833465
|move|p1a: Gliscor|Protect|p1a: Gliscor
|-singleturn|p1a: Gliscor|Protect
|move|p2a: Dondozo|Waterfall|p1a: Gliscor
|-activate|p1a: Gliscor|move: Protect
|
|-heal|p1a: Gliscor|61/100 tox|[from] ability: Poison Heal
|-damage|p2a: Dondozo|82/100 tox|[from] psn
|upkeep
|turn|17
|
|t:|1779833476
|switch|p1a: Ogerpon|Ogerpon-Wellspring-Tera, F, tera:Water|100/100
|-ability|p1a: Ogerpon|Embody Aspect (Wellspring)|boost
|-boost|p1a: Ogerpon|spd|1
|move|p2a: Dondozo|Waterfall|p1a: Ogerpon
|-resisted|p1a: Ogerpon
|-damage|p1a: Ogerpon|64/100
|
|-damage|p2a: Dondozo|64/100 tox|[from] psn
|upkeep
|turn|18
|
|t:|1779833481
|move|p1a: Ogerpon|Horn Leech|p2a: Dondozo
|-supereffective|p2a: Dondozo
|-damage|p2a: Dondozo|36/100 tox
|-heal|p1a: Ogerpon|87/100|[from] drain|[of] p2a: Dondozo
|move|p2a: Dondozo|Waterfall|p1a: Ogerpon
|-resisted|p1a: Ogerpon
|-damage|p1a: Ogerpon|53/100
|
|-damage|p2a: Dondozo|11/100 tox|[from] psn
|upkeep
|turn|19
|
|t:|1779833486
|move|p1a: Ogerpon|Horn Leech|p2a: Dondozo
|-supereffective|p2a: Dondozo
|-damage|p2a: Dondozo|0 fnt
|-heal|p1a: Ogerpon|62/100|[from] drain|[of] p2a: Dondozo
|faint|p2a: Dondozo
|
|upkeep
|
|t:|1779833495
|switch|p2a: Cinderace|Cinderace, M|100/100
|turn|20
|
|t:|1779833504
|move|p2a: Cinderace|U-turn|p1a: Ogerpon
|-damage|p1a: Ogerpon|38/100
|
|t:|1779833514
|switch|p2a: Corviknight|Corviknight, F|100/100|[from] U-turn
|-ability|p2a: Corviknight|Pressure
|move|p1a: Ogerpon|Ivy Cudgel|p2a: Corviknight|[anim] Ivy Cudgel Water
|-damage|p2a: Corviknight|56/100
|
|upkeep
|turn|21
|
|t:|1779833529
|move|p1a: Ogerpon|U-turn|p2a: Corviknight
|-resisted|p2a: Corviknight
|-damage|p2a: Corviknight|52/100
|-damage|p1a: Ogerpon|21/100|[from] item: Rocky Helmet|[of] p2a: Corviknight
|
|t:|1779833532
|switch|p1a: Iron Crown|Iron Crown|48/100|[from] U-turn
|move|p2a: Corviknight|Roost|p2a: Corviknight
|-heal|p2a: Corviknight|100/100
|-singleturn|p2a: Corviknight|move: Roost
|
|upkeep
|turn|22
|
|t:|1779833540
|switch|p2a: Cinderace|Cinderace, M|100/100
|move|p1a: Iron Crown|Volt Switch|p2a: Cinderace
|-crit|p2a: Cinderace
|-damage|p2a: Cinderace|40/100
|
|t:|1779833549
|-end|p1a: Iron Crown|Quark Drive|[silent]
|switch|p1a: Cinderace|Cinderace, F|100/100|[from] Volt Switch
|
|upkeep
|turn|23
|
|t:|1779833564
|move|p1a: Cinderace|Sucker Punch||[still]
|-fail|p1a: Cinderace
|move|p2a: Cinderace|Court Change|p2a: Cinderace
|-swapsideconditions
|-activate|p2a: Cinderace|move: Court Change
|
|upkeep
|turn|24
|
|t:|1779833576
|move|p1a: Cinderace|Court Change|p1a: Cinderace
|-start|p1a: Cinderace|typechange|Normal|[from] ability: Libero
|-swapsideconditions
|-activate|p1a: Cinderace|move: Court Change
|move|p2a: Cinderace|U-turn|p1a: Cinderace
|-damage|p1a: Cinderace|73/100
|
|t:|1779833586
|switch|p2a: Slowking|Slowking-Galar, F|100/100|[from] U-turn
|-damage|p2a: Slowking|84/100|[from] Spikes
|
|upkeep
|turn|25
|
|t:|1779833600
|switch|p2a: Cinderace|Cinderace, M|40/100
|move|p1a: Cinderace|U-turn|p2a: Cinderace
|-resisted|p2a: Cinderace
|-damage|p2a: Cinderace|27/100
|
|t:|1779833610
|switch|p1a: Gliscor|Gliscor, M|61/100 tox|[from] U-turn
|
|-heal|p1a: Gliscor|73/100 tox|[from] ability: Poison Heal
|upkeep
|turn|26
|
|t:|1779833615
|move|p2a: Cinderace|Court Change|p2a: Cinderace
|-swapsideconditions
|-activate|p2a: Cinderace|move: Court Change
|move|p1a: Gliscor|Earthquake|p2a: Cinderace
|-supereffective|p2a: Cinderace
|-damage|p2a: Cinderace|0 fnt
|faint|p2a: Cinderace
|
|-heal|p1a: Gliscor|86/100 tox|[from] ability: Poison Heal
|upkeep
|
|t:|1779833634
|switch|p2a: Slowking|Slowking-Galar, F|100/100
|turn|27
|
|t:|1779833649
|move|p1a: Gliscor|Earthquake|p2a: Slowking
|-supereffective|p2a: Slowking
|-enditem|p2a: Slowking|Shuca Berry|[eat]
|-enditem|p2a: Slowking|Shuca Berry|[weaken]
|-damage|p2a: Slowking|77/100
|move|p2a: Slowking|Ice Beam|p1a: Gliscor
|-supereffective|p1a: Gliscor
|-damage|p1a: Gliscor|0 fnt
|faint|p1a: Gliscor
|
|upkeep
|
|t:|1779833658
|switch|p1a: Cinderace|Cinderace, F|73/100
|turn|28
|
|t:|1779833676
|move|p1a: Cinderace|Court Change|p1a: Cinderace
|-start|p1a: Cinderace|typechange|Normal|[from] ability: Libero
|-swapsideconditions
|-activate|p1a: Cinderace|move: Court Change
|move|p2a: Slowking|Sludge Bomb|p1a: Cinderace
|-damage|p1a: Cinderace|26/100
|-status|p1a: Cinderace|psn
|
|-damage|p1a: Cinderace|14/100 psn|[from] psn
|upkeep
|turn|29
|
|t:|1779833687
|move|p1a: Cinderace|U-turn|p2a: Slowking
|-damage|p2a: Slowking|61/100
|
|t:|1779833690
|switch|p1a: Kingambit|Kingambit, F|100/100|[from] U-turn
|-activate|p1a: Kingambit|ability: Supreme Overlord
|-start|p1a: Kingambit|fallen2|[silent]
|-item|p1a: Kingambit|Air Balloon
|-prepare|p2a: Slowking|Chilly Reception|[premajor]
|move|p2a: Slowking|Chilly Reception|p2a: Slowking
|-weather|Snowscape
|
|t:|1779833702
|switch|p2a: Corviknight|Corviknight, F|100/100|[from] Chilly Reception
|-ability|p2a: Corviknight|Pressure
|
|-weather|Snowscape|[upkeep]
|upkeep
|turn|30
|
|t:|1779833722
|move|p1a: Kingambit|Swords Dance|p1a: Kingambit
|-boost|p1a: Kingambit|atk|2
|move|p2a: Corviknight|Defog|p1a: Kingambit
|-unboost|p1a: Kingambit|evasion|1
|-sideend|p2: claudechamp|Spikes|[from] move: Defog|[of] p2a: Corviknight
|
|-weather|Snowscape|[upkeep]
|upkeep
|turn|31
|
|t:|1779833738
|move|p1a: Kingambit|Swords Dance|p1a: Kingambit
|-boost|p1a: Kingambit|atk|2
|move|p2a: Corviknight|Brave Bird|p1a: Kingambit
|-resisted|p1a: Kingambit
|-damage|p1a: Kingambit|86/100
|-enditem|p1a: Kingambit|Air Balloon
|-damage|p2a: Corviknight|96/100|[from] Recoil
|
|-weather|Snowscape|[upkeep]
|upkeep
|turn|32
|inactive|claudechamp has 120 seconds left.
|
|t:|1779833756
|move|p1a: Kingambit|Swords Dance|p1a: Kingambit
|-boost|p1a: Kingambit|atk|2
|move|p2a: Corviknight|U-turn|p1a: Kingambit
|-damage|p1a: Kingambit|72/100
|inactive|claudechamp has 120 seconds left.
|
|t:|1779833773
|switch|p2a: Slowking|Slowking-Galar, F|95/100|[from] U-turn
|
|-weather|Snowscape|[upkeep]
|upkeep
|turn|33
|
|t:|1779833784
|move|p1a: Kingambit|Kowtow Cleave|p2a: Slowking
|-supereffective|p2a: Slowking
|-damage|p2a: Slowking|0 fnt
|faint|p2a: Slowking
|
|-weather|none
|upkeep
|
|t:|1779833799
|switch|p2a: Corviknight|Corviknight, F|96/100
|-ability|p2a: Corviknight|Pressure
|turn|34
|
|t:|1779833818
|-terastallize|p2a: Corviknight|Dragon
|move|p1a: Kingambit|Kowtow Cleave|p2a: Corviknight
|-damage|p2a: Corviknight|0 fnt
|-damage|p1a: Kingambit|56/100|[from] item: Rocky Helmet|[of] p2a: Corviknight
|faint|p2a: Corviknight
|
|win|JojoKonz
|raw|JojoKonz's rating: 1241 &rarr; <strong>1272</strong><br />(+31 for winning)
|raw|claudechamp's rating: 1320 &rarr; <strong>1296</strong><br />(-24 for losing)
|c|☆JojoKonz|gg
|c|☆claudechamp|gg
|l|☆JojoKonz
|player|p1|
