|j|☆iska228
|j|☆claudechamp
|t:|1779900454
|gametype|singles
|player|p1|iska228|hoopster|1267
|player|p2|claudechamp|169|1284
|gen|9
|tier|[Gen 9] OU
|rated|
|rule|HP Percentage Mod: HP is shown in percentages
|rule|Endless Battle Clause: Forcing endless battles is banned
|rule|Species Clause: Limit one of each Pokémon
|rule|OHKO Clause: OHKO moves are banned
|rule|Evasion Items Clause: Evasion items are banned
|rule|Evasion Moves Clause: Evasion moves are banned
|rule|Evasion Abilities Clause: Evasion abilities are banned
|rule|Sleep Moves Clause: Sleep-inducing moves are banned
|clearpoke
|poke|p1|Kingambit, M|
|poke|p1|Porygon-Z|
|poke|p1|Clodsire, M|
|poke|p1|Weavile, M|
|poke|p1|Pelipper, F|
|poke|p1|Iron Moth|
|poke|p2|Gliscor, F|
|poke|p2|Gholdengo|
|poke|p2|Zamazenta-*|
|poke|p2|Blissey, F|
|poke|p2|Skarmory, F|
|poke|p2|Pecharunt|
|teampreview
|c|☆claudechamp|hf
|inactive|Battle timer is ON: inactive players will automatically lose when time's up. (requested by claudechamp)
|inactive|iska228 also wants the timer to be on.
|
|t:|1779900459
|teamsize|p1|6
|teamsize|p2|6
|start
|switch|p1a: Pelipper|Pelipper, F|100/100
|switch|p2a: Skarmory|Skarmory, F|100/100
|-weather|RainDance|[from] ability: Drizzle|[of] p1a: Pelipper
|turn|1
|
|t:|1779900465
|move|p2a: Skarmory|Spikes|p1a: Pelipper
|-sidestart|p1: iska228|Spikes
|move|p1a: Pelipper|Weather Ball|p2a: Skarmory
|-ability|p2a: Skarmory|Sturdy
|-damage|p2a: Skarmory|1/100
|
|-weather|RainDance|[upkeep]
|upkeep
|turn|2
|
|t:|1779900472
|move|p2a: Skarmory|Spikes|p1a: Pelipper
|-sidestart|p1: iska228|Spikes
|move|p1a: Pelipper|Weather Ball|p2a: Skarmory
|-damage|p2a: Skarmory|0 fnt
|faint|p2a: Skarmory
|
|-weather|RainDance|[upkeep]
|upkeep
|
|t:|1779900476
|switch|p2a: Blissey|Blissey, F|100/100
|turn|3
|
|t:|1779900484
|switch|p1a: Weavile|Weavile, M|100/100
|-damage|p1a: Weavile|84/100|[from] Spikes
|move|p2a: Blissey|Stealth Rock|p1a: Weavile
|-sidestart|p1: iska228|move: Stealth Rock
|
|-weather|RainDance|[upkeep]
|upkeep
|turn|4
|
|t:|1779900491
|switch|p2a: Zamazenta|Zamazenta|100/100
|-ability|p2a: Zamazenta|Dauntless Shield|boost
|-boost|p2a: Zamazenta|def|1
|move|p1a: Weavile|Low Kick|p2a: Zamazenta
|-damage|p2a: Zamazenta|70/100
|-damage|p1a: Weavile|74/100|[from] item: Life Orb
|
|-weather|RainDance|[upkeep]
|upkeep
|turn|5
|
|t:|1779900503
|switch|p1a: Pelipper|Pelipper, F|100/100
|-damage|p1a: Pelipper|75/100|[from] Stealth Rock
|move|p2a: Zamazenta|Close Combat|p1a: Pelipper
|-resisted|p1a: Pelipper
|-damage|p1a: Pelipper|47/100
|-unboost|p2a: Zamazenta|def|1
|-unboost|p2a: Zamazenta|spd|1
|
|-weather|none
|upkeep
|turn|6
|
|t:|1779900513
|move|p2a: Zamazenta|Crunch|p1a: Pelipper
|-damage|p1a: Pelipper|20/100
|move|p1a: Pelipper|Hurricane|p2a: Zamazenta
|-supereffective|p2a: Zamazenta
|-damage|p2a: Zamazenta|0 fnt
|faint|p2a: Zamazenta
|
|upkeep
|
|t:|1779900514
|switch|p2a: Pecharunt|Pecharunt|100/100
|turn|7
|
|t:|1779900522
|move|p2a: Pecharunt|Shadow Ball|p1a: Pelipper
|-damage|p1a: Pelipper|0 fnt
|faint|p1a: Pelipper
|
|upkeep
|
|t:|1779900531
|switch|p1a: Weavile|Weavile, M|74/100
|-damage|p1a: Weavile|57/100|[from] Spikes
|-damage|p1a: Weavile|32/100|[from] Stealth Rock
|turn|8
|
|t:|1779900537
|move|p1a: Weavile|Knock Off|p2a: Pecharunt
|-supereffective|p2a: Pecharunt
|-damage|p2a: Pecharunt|42/100
|-enditem|p2a: Pecharunt|Heavy-Duty Boots|[from] move: Knock Off|[of] p1a: Weavile
|-damage|p1a: Weavile|22/100|[from] item: Life Orb
|move|p2a: Pecharunt|Parting Shot|p1a: Weavile
|-unboost|p1a: Weavile|atk|1
|-unboost|p1a: Weavile|spa|1
|
|t:|1779900543
|switch|p2a: Gliscor|Gliscor, F|100/100|[from] Parting Shot
|
|-status|p2a: Gliscor|tox|[from] item: Toxic Orb
|upkeep
|turn|9
|
|t:|1779900548
|-terastallize|p2a: Gliscor|Dark
|move|p1a: Weavile|Swords Dance|p1a: Weavile
|-boost|p1a: Weavile|atk|2
|move|p2a: Gliscor|Earthquake|p1a: Weavile
|-damage|p1a: Weavile|0 fnt
|faint|p1a: Weavile
|
|upkeep
|
|t:|1779900561
|switch|p1a: Iron Moth|Iron Moth|100/100
|-damage|p1a: Iron Moth|84/100|[from] Spikes
|-damage|p1a: Iron Moth|59/100|[from] Stealth Rock
|-enditem|p1a: Iron Moth|Booster Energy
|-activate|p1a: Iron Moth|ability: Quark Drive|[fromitem]
|-start|p1a: Iron Moth|quarkdrivespe
|turn|10
|
|t:|1779900571
|move|p1a: Iron Moth|Sludge Wave|p2a: Gliscor
|-damage|p2a: Gliscor|54/100 tox
|move|p2a: Gliscor|Earthquake|p1a: Iron Moth
|-supereffective|p1a: Iron Moth
|-damage|p1a: Iron Moth|0 fnt
|faint|p1a: Iron Moth
|-end|p1a: Iron Moth|Quark Drive|[silent]
|
|-heal|p2a: Gliscor|66/100 tox|[from] ability: Poison Heal
|upkeep
|
|t:|1779900580
|switch|p1a: Kingambit|Kingambit, M|100/100
|-damage|p1a: Kingambit|84/100|[from] Spikes
|-damage|p1a: Kingambit|78/100|[from] Stealth Rock
|-activate|p1a: Kingambit|ability: Supreme Overlord
|-start|p1a: Kingambit|fallen3|[silent]
|turn|11
|
|t:|1779900587
|-terastallize|p1a: Kingambit|Flying
|move|p2a: Gliscor|Knock Off|p1a: Kingambit
|-damage|p1a: Kingambit|56/100
|-enditem|p1a: Kingambit|Leftovers|[from] move: Knock Off|[of] p2a: Gliscor
|move|p1a: Kingambit|Brick Break|p2a: Gliscor
|-supereffective|p2a: Gliscor
|-damage|p2a: Gliscor|1/100 tox
|
|-heal|p2a: Gliscor|14/100 tox|[from] ability: Poison Heal
|upkeep
|turn|12
|
|t:|1779900596
|move|p1a: Kingambit|Sucker Punch|p2a: Gliscor
|-resisted|p2a: Gliscor
|-damage|p2a: Gliscor|0 fnt
|faint|p2a: Gliscor
|
|upkeep
|
|t:|1779900599
|switch|p2a: Pecharunt|Pecharunt|42/100
|turn|13
|
|t:|1779900607
|move|p2a: Pecharunt|Toxic|p1a: Kingambit
|-status|p1a: Kingambit|tox
|-start|p1a: Kingambit|confusion|[from] ability: Poison Puppeteer|[of] p2a: Pecharunt
|-activate|p1a: Kingambit|confusion
|-damage|p1a: Kingambit|45/100 tox|[from] confusion
|
|-damage|p1a: Kingambit|39/100 tox|[from] psn
|upkeep
|turn|14
|
|t:|1779900615
|-end|p1a: Kingambit|fallen3|[silent]
|switch|p1a: Clodsire|Clodsire, M|100/100
|-damage|p1a: Clodsire|84/100|[from] Spikes
|-damage|p1a: Clodsire|78/100|[from] Stealth Rock
|move|p2a: Pecharunt|Recover|p2a: Pecharunt
|-heal|p2a: Pecharunt|92/100
|
|-heal|p1a: Clodsire|84/100|[from] item: Leftovers
|upkeep
|turn|15
|
|t:|1779900626
|move|p2a: Pecharunt|Parting Shot|p1a: Clodsire
|-unboost|p1a: Clodsire|atk|1
|-unboost|p1a: Clodsire|spa|1
|
|t:|1779900633
|switch|p2a: Gholdengo|Gholdengo|100/100|[from] Parting Shot
|move|p1a: Clodsire|Earthquake|p2a: Gholdengo
|-supereffective|p2a: Gholdengo
|-damage|p2a: Gholdengo|65/100
|
|-heal|p1a: Clodsire|90/100|[from] item: Leftovers
|upkeep
|turn|16
|
|t:|1779900641
|move|p2a: Gholdengo|Recover|p2a: Gholdengo
|-heal|p2a: Gholdengo|100/100
|move|p1a: Clodsire|Earthquake|p2a: Gholdengo
|-supereffective|p2a: Gholdengo
|-damage|p2a: Gholdengo|68/100
|
|-heal|p1a: Clodsire|96/100|[from] item: Leftovers
|upkeep
|turn|17
|
|t:|1779900648
|move|p2a: Gholdengo|Recover|p2a: Gholdengo
|-heal|p2a: Gholdengo|100/100
|move|p1a: Clodsire|Earthquake|p2a: Gholdengo
|-supereffective|p2a: Gholdengo
|-damage|p2a: Gholdengo|67/100
|
|-heal|p1a: Clodsire|100/100|[from] item: Leftovers
|upkeep
|turn|18
|
|t:|1779900663
|move|p2a: Gholdengo|Recover|p2a: Gholdengo
|-heal|p2a: Gholdengo|100/100
|move|p1a: Clodsire|Earthquake|p2a: Gholdengo
|-supereffective|p2a: Gholdengo
|-damage|p2a: Gholdengo|67/100
|
|upkeep
|turn|19
|
|t:|1779900674
|switch|p2a: Pecharunt|Pecharunt|92/100
|move|p1a: Clodsire|Earthquake|p2a: Pecharunt
|-supereffective|p2a: Pecharunt
|-damage|p2a: Pecharunt|70/100
|
|upkeep
|turn|20
|
|t:|1779900681
|move|p2a: Pecharunt|Recover|p2a: Pecharunt
|-heal|p2a: Pecharunt|100/100
|move|p1a: Clodsire|Earthquake|p2a: Pecharunt
|-supereffective|p2a: Pecharunt
|-damage|p2a: Pecharunt|78/100
|
|upkeep
|turn|21
|
|t:|1779900692
|move|p2a: Pecharunt|Shadow Ball|p1a: Clodsire
|-damage|p1a: Clodsire|80/100
|move|p1a: Clodsire|Earthquake|p2a: Pecharunt
|-supereffective|p2a: Pecharunt
|-damage|p2a: Pecharunt|57/100
|
|-heal|p1a: Clodsire|86/100|[from] item: Leftovers
|upkeep
|turn|22
|
|t:|1779900703
|switch|p1a: Porygon-Z|Porygon-Z|100/100
|-damage|p1a: Porygon-Z|84/100|[from] Spikes
|-damage|p1a: Porygon-Z|71/100|[from] Stealth Rock
|move|p2a: Pecharunt|Recover|p2a: Pecharunt
|-heal|p2a: Pecharunt|100/100
|
|upkeep
|turn|23
|
|t:|1779900711
|move|p1a: Porygon-Z|Psychic|p2a: Pecharunt
|-supereffective|p2a: Pecharunt
|-damage|p2a: Pecharunt|16/100
|-damage|p1a: Porygon-Z|61/100|[from] item: Life Orb
|move|p2a: Pecharunt|Parting Shot|p1a: Porygon-Z
|-unboost|p1a: Porygon-Z|atk|1
|-unboost|p1a: Porygon-Z|spa|1
|
|t:|1779900724
|switch|p2a: Gholdengo|Gholdengo|67/100|[from] Parting Shot
|
|upkeep
|turn|24
|
|t:|1779900741
|switch|p1a: Clodsire|Clodsire, M|86/100
|-damage|p1a: Clodsire|70/100|[from] Spikes
|-damage|p1a: Clodsire|64/100|[from] Stealth Rock
|move|p2a: Gholdengo|Nasty Plot|p2a: Gholdengo
|-boost|p2a: Gholdengo|spa|2
|
|-heal|p1a: Clodsire|70/100|[from] item: Leftovers
|upkeep
|turn|25
|
|t:|1779900750
|move|p2a: Gholdengo|Hex|p1a: Clodsire
|-damage|p1a: Clodsire|29/100
|move|p1a: Clodsire|Earthquake|p2a: Gholdengo
|-supereffective|p2a: Gholdengo
|-damage|p2a: Gholdengo|21/100
|
|-heal|p1a: Clodsire|35/100|[from] item: Leftovers
|upkeep
|turn|26
|
|t:|1779900759
|move|p1a: Clodsire|Protect|p1a: Clodsire
|-singleturn|p1a: Clodsire|Protect
|move|p2a: Gholdengo|Hex|p1a: Clodsire
|-activate|p1a: Clodsire|move: Protect
|
|-heal|p1a: Clodsire|42/100|[from] item: Leftovers
|upkeep
|turn|27
|
|t:|1779900767
|move|p2a: Gholdengo|Hex|p1a: Clodsire
|-damage|p1a: Clodsire|3/100
|move|p1a: Clodsire|Earthquake|p2a: Gholdengo
|-supereffective|p2a: Gholdengo
|-damage|p2a: Gholdengo|0 fnt
|faint|p2a: Gholdengo
|
|-heal|p1a: Clodsire|9/100|[from] item: Leftovers
|upkeep
|
|t:|1779900779
|switch|p2a: Pecharunt|Pecharunt|16/100
|turn|28
|
|t:|1779900794
|move|p2a: Pecharunt|Shadow Ball|p1a: Clodsire
|-damage|p1a: Clodsire|0 fnt
|faint|p1a: Clodsire
|
|upkeep
|
|t:|1779900799
|switch|p1a: Porygon-Z|Porygon-Z|61/100
|-damage|p1a: Porygon-Z|45/100|[from] Spikes
|-damage|p1a: Porygon-Z|32/100|[from] Stealth Rock
|turn|29
|
|t:|1779900807
|switch|p2a: Blissey|Blissey, F|100/100
|move|p1a: Porygon-Z|Psychic|p2a: Blissey
|-damage|p2a: Blissey|89/100
|-damage|p1a: Porygon-Z|22/100|[from] item: Life Orb
|
|upkeep
|turn|30
|
|t:|1779900813
|move|p1a: Porygon-Z|Tri Attack|p2a: Blissey
|-damage|p2a: Blissey|67/100
|-damage|p1a: Porygon-Z|12/100|[from] item: Life Orb
|move|p2a: Blissey|Calm Mind|p2a: Blissey
|-boost|p2a: Blissey|spa|1
|-boost|p2a: Blissey|spd|1
|
|upkeep
|turn|31
|
|t:|1779900824
|move|p1a: Porygon-Z|Tri Attack|p2a: Blissey
|-damage|p2a: Blissey|51/100
|-damage|p1a: Porygon-Z|2/100|[from] item: Life Orb
|move|p2a: Blissey|Soft-Boiled|p2a: Blissey
|-heal|p2a: Blissey|100/100
|
|upkeep
|turn|32
|
|t:|1779900832
|move|p1a: Porygon-Z|Tri Attack|p2a: Blissey
|-damage|p2a: Blissey|85/100
|-damage|p1a: Porygon-Z|0 fnt|[from] item: Life Orb
|faint|p1a: Porygon-Z
|move|p2a: Blissey|Calm Mind|p2a: Blissey
|-boost|p2a: Blissey|spa|1
|-boost|p2a: Blissey|spd|1
|
|upkeep
|
|t:|1779900840
|switch|p1a: Kingambit|Kingambit, M, tera:Flying|39/100 tox
|-damage|p1a: Kingambit|14/100 tox|[from] Stealth Rock
|-activate|p1a: Kingambit|ability: Supreme Overlord
|-start|p1a: Kingambit|fallen5|[silent]
|turn|33
|
|t:|1779900848
|move|p2a: Blissey|Soft-Boiled|p2a: Blissey
|-heal|p2a: Blissey|100/100
|move|p1a: Kingambit|Brick Break|p2a: Blissey
|-supereffective|p2a: Blissey
|-damage|p2a: Blissey|4/100
|
|-damage|p1a: Kingambit|8/100 tox|[from] psn
|upkeep
|turn|34
|
|t:|1779900855
|switch|p2a: Pecharunt|Pecharunt|16/100
|move|p1a: Kingambit|Sucker Punch||[still]
|-fail|p1a: Kingambit
|
|-damage|p1a: Kingambit|0 fnt|[from] psn
|faint|p1a: Kingambit
|-end|p1a: Kingambit|fallen5|[silent]
|
|win|claudechamp
|raw|iska228's rating: 1267 &rarr; <strong>1244</strong><br />(-23 for losing)
|raw|claudechamp's rating: 1294 &rarr; <strong>1317</strong><br />(+23 for winning)
|c|☆claudechamp|gg
