|j|☆ikthoizzykil
|j|☆targaryen123456
|t:|1779879614
|gametype|singles
|player|p1|ikthoizzykil|pokemaniac-gen3rs|1381
|player|p2|targaryen123456|266|1355
|gen|9
|tier|[Gen 9] OU
|rated|
|rule|HP Percentage Mod: HP is shown in percentages
|rule|Endless Battle Clause: Forcing endless battles is banned
|rule|Species Clause: Limit one of each Pokémon
|rule|OHKO Clause: OHKO moves are banned
|rule|Evasion Items Clause: Evasion items are banned
|rule|Evasion Moves Clause: Evasion moves are banned
|rule|Evasion Abilities Clause: Evasion abilities are banned
|rule|Sleep Moves Clause: Sleep-inducing moves are banned
|clearpoke
|poke|p1|Braviary, M|
|poke|p1|Great Tusk|
|poke|p1|Rillaboom, M|
|poke|p1|Primarina, F|
|poke|p1|Kingambit, F|
|poke|p1|Raging Bolt|
|poke|p2|Dragapult, M|
|poke|p2|Great Tusk|
|poke|p2|Toxapex, M|
|poke|p2|Gholdengo|
|poke|p2|Ting-Lu|
|poke|p2|Gliscor, F|
|teampreview
|inactive|Battle timer is ON: inactive players will automatically lose when time's up. (requested by targaryen123456)
|inactive|ikthoizzykil also wants the timer to be on.
|inactive|targaryen123456 has 120 seconds left.
|
|t:|1779879647
|teamsize|p1|6
|teamsize|p2|6
|start
|switch|p1a: Rillaboom|Rillaboom, M|100/100
|switch|p2a: Gliscor|Gliscor, F|100/100
|-fieldstart|move: Grassy Terrain|[from] ability: Grassy Surge|[of] p1a: Rillaboom
|turn|1
|inactive|targaryen123456 has 120 seconds left.
|inactive|targaryen123456 has 90 seconds left.
|inactive|targaryen123456 has 60 seconds left.
|
|t:|1779879756
|move|p2a: Gliscor|Protect|p2a: Gliscor
|-singleturn|p2a: Gliscor|Protect
|move|p1a: Rillaboom|Wood Hammer|p2a: Gliscor
|-activate|p2a: Gliscor|move: Protect
|
|-status|p2a: Gliscor|tox|[from] item: Toxic Orb
|upkeep
|turn|2
|
|t:|1779879762
|-terastallize|p2a: Gliscor|Steel
|move|p2a: Gliscor|Toxic Spikes|p1a: Rillaboom
|-sidestart|p1: ikthoizzykil|move: Toxic Spikes
|move|p1a: Rillaboom|Wood Hammer|p2a: Gliscor
|-resisted|p2a: Gliscor
|-damage|p2a: Gliscor|33/100 tox
|-damage|p1a: Rillaboom|84/100|[from] Recoil
|
|-heal|p2a: Gliscor|40/100 tox|[from] Grassy Terrain
|-heal|p1a: Rillaboom|90/100|[from] Grassy Terrain
|-heal|p2a: Gliscor|52/100 tox|[from] ability: Poison Heal
|upkeep
|turn|3
|inactive|targaryen123456 has 60 seconds left.
|
|t:|1779879773
|switch|p1a: Great Tusk|Great Tusk|100/100
|move|p2a: Gliscor|Protect||[still]
|-fail|p2a: Gliscor
|
|-heal|p2a: Gliscor|58/100 tox|[from] Grassy Terrain
|-heal|p2a: Gliscor|71/100 tox|[from] ability: Poison Heal
|upkeep
|turn|4
|
|t:|1779879786
|switch|p2a: Gholdengo|Gholdengo|100/100
|move|p1a: Great Tusk|Ice Spinner|p2a: Gholdengo
|-resisted|p2a: Gholdengo
|-damage|p2a: Gholdengo|84/100
|-fieldend|move: Grassy Terrain
|
|upkeep
|turn|5
|
|t:|1779879796
|move|p2a: Gholdengo|Trick|p1a: Great Tusk
|-activate|p2a: Gholdengo|move: Trick|[of] p1a: Great Tusk
|-item|p1a: Great Tusk|Choice Scarf|[from] move: Trick
|-item|p2a: Gholdengo|Heavy-Duty Boots|[from] move: Trick
|move|p1a: Great Tusk|Headlong Rush|p2a: Gholdengo
|-supereffective|p2a: Gholdengo
|-damage|p2a: Gholdengo|0 fnt
|-unboost|p1a: Great Tusk|def|1
|-unboost|p1a: Great Tusk|spd|1
|faint|p2a: Gholdengo
|
|upkeep
|
|t:|1779879802
|switch|p2a: Ting-Lu|Ting-Lu|100/100
|-ability|p2a: Ting-Lu|Vessel of Ruin
|turn|6
|
|t:|1779879829
|-end|p1a: Great Tusk|Protosynthesis|[silent]
|switch|p1a: Braviary|Braviary, M|100/100
|move|p2a: Ting-Lu|Stealth Rock|p1a: Braviary
|-sidestart|p1: ikthoizzykil|move: Stealth Rock
|
|upkeep
|turn|7
|inactive|targaryen123456 has 90 seconds left.
|
|t:|1779879840
|move|p1a: Braviary|Body Slam|p2a: Ting-Lu
|-crit|p2a: Ting-Lu
|-damage|p2a: Ting-Lu|66/100
|move|p2a: Ting-Lu|Spikes|p1a: Braviary
|-sidestart|p1: ikthoizzykil|Spikes
|
|-heal|p2a: Ting-Lu|72/100|[from] item: Leftovers
|upkeep
|turn|8
|
|t:|1779879847
|switch|p2a: Toxapex|Toxapex, M|100/100
|move|p1a: Braviary|Bulk Up|p1a: Braviary
|-boost|p1a: Braviary|atk|1
|-boost|p1a: Braviary|def|1
|
|upkeep
|turn|9
|
|t:|1779879857
|switch|p1a: Great Tusk|Great Tusk|100/100
|-status|p1a: Great Tusk|psn
|-damage|p1a: Great Tusk|98/100 psn|[from] Stealth Rock
|-damage|p1a: Great Tusk|85/100 psn|[from] Spikes
|move|p2a: Toxapex|Toxic||[still]
|-fail|p2a: Toxapex
|
|-damage|p1a: Great Tusk|73/100 psn|[from] psn
|upkeep
|turn|10
|
|t:|1779879866
|move|p2a: Toxapex|Baneful Bunker|p2a: Toxapex
|-singleturn|p2a: Toxapex|move: Protect
|move|p1a: Great Tusk|Headlong Rush|p2a: Toxapex
|-activate|p2a: Toxapex|move: Protect
|
|-damage|p1a: Great Tusk|60/100 psn|[from] psn
|upkeep
|turn|11
|
|t:|1779879873
|switch|p2a: Ting-Lu|Ting-Lu|72/100
|-ability|p2a: Ting-Lu|Vessel of Ruin
|move|p1a: Great Tusk|Headlong Rush|p2a: Ting-Lu
|-damage|p2a: Ting-Lu|48/100
|-unboost|p1a: Great Tusk|def|1
|-unboost|p1a: Great Tusk|spd|1
|
|-heal|p2a: Ting-Lu|54/100|[from] item: Leftovers
|-damage|p1a: Great Tusk|48/100 psn|[from] psn
|upkeep
|turn|12
|
|t:|1779879884
|-end|p1a: Great Tusk|Protosynthesis|[silent]
|switch|p1a: Rillaboom|Rillaboom, M|90/100
|-status|p1a: Rillaboom|psn
|-damage|p1a: Rillaboom|78/100 psn|[from] Stealth Rock
|-damage|p1a: Rillaboom|65/100 psn|[from] Spikes
|-fieldstart|move: Grassy Terrain|[from] ability: Grassy Surge|[of] p1a: Rillaboom
|move|p2a: Ting-Lu|Spikes|p1a: Rillaboom
|-sidestart|p1: ikthoizzykil|Spikes
|
|-heal|p1a: Rillaboom|71/100 psn|[from] Grassy Terrain
|-heal|p2a: Ting-Lu|60/100|[from] Grassy Terrain
|-heal|p2a: Ting-Lu|66/100|[from] item: Leftovers
|-damage|p1a: Rillaboom|59/100 psn|[from] psn
|upkeep
|turn|13
|
|t:|1779879896
|move|p1a: Rillaboom|U-turn|p2a: Ting-Lu
|-supereffective|p2a: Ting-Lu
|-damage|p2a: Ting-Lu|33/100
|
|t:|1779879900
|switch|p1a: Great Tusk|Great Tusk|48/100 psn|[from] U-turn
|-damage|p1a: Great Tusk|45/100 psn|[from] Stealth Rock
|-damage|p1a: Great Tusk|29/100 psn|[from] Spikes
|move|p2a: Ting-Lu|Whirlwind|p1a: Great Tusk
|-end|p1a: Great Tusk|Protosynthesis|[silent]
|drag|p1a: Braviary|Braviary, M|100/100
|-damage|p1a: Braviary|76/100|[from] Stealth Rock
|
|-heal|p2a: Ting-Lu|39/100|[from] Grassy Terrain
|-heal|p2a: Ting-Lu|45/100|[from] item: Leftovers
|upkeep
|turn|14
|
|t:|1779879913
|move|p1a: Braviary|Roost|p1a: Braviary
|-heal|p1a: Braviary|100/100
|-singleturn|p1a: Braviary|move: Roost
|move|p2a: Ting-Lu|Spikes|p1a: Braviary
|-sidestart|p1: ikthoizzykil|Spikes
|
|-heal|p2a: Ting-Lu|51/100|[from] Grassy Terrain
|-heal|p2a: Ting-Lu|58/100|[from] item: Leftovers
|upkeep
|turn|15
|
|t:|1779879921
|switch|p2a: Gliscor|Gliscor, F, tera:Steel|71/100 tox
|move|p1a: Braviary|Body Slam|p2a: Gliscor
|-resisted|p2a: Gliscor
|-damage|p2a: Gliscor|42/100 tox
|
|-heal|p2a: Gliscor|49/100 tox|[from] Grassy Terrain
|-heal|p2a: Gliscor|61/100 tox|[from] ability: Poison Heal
|upkeep
|turn|16
|
|t:|1779879930
|move|p2a: Gliscor|Toxic Spikes|p1a: Braviary
|-sidestart|p1: ikthoizzykil|move: Toxic Spikes
|move|p1a: Braviary|Bulk Up|p1a: Braviary
|-boost|p1a: Braviary|atk|1
|-boost|p1a: Braviary|def|1
|
|-heal|p2a: Gliscor|67/100 tox|[from] Grassy Terrain
|-heal|p2a: Gliscor|80/100 tox|[from] ability: Poison Heal
|-fieldend|move: Grassy Terrain
|upkeep
|turn|17
|
|t:|1779879938
|switch|p2a: Toxapex|Toxapex, M|100/100
|move|p1a: Braviary|Bulk Up|p1a: Braviary
|-boost|p1a: Braviary|atk|1
|-boost|p1a: Braviary|def|1
|
|upkeep
|turn|18
|
|t:|1779879945
|-terastallize|p1a: Braviary|Normal
|move|p1a: Braviary|Body Slam|p2a: Toxapex
|-damage|p2a: Toxapex|0 fnt
|-damage|p1a: Braviary|84/100|[from] item: Rocky Helmet|[of] p2a: Toxapex
|faint|p2a: Toxapex
|
|upkeep
|
|t:|1779879951
|switch|p2a: Ting-Lu|Ting-Lu|58/100
|-ability|p2a: Ting-Lu|Vessel of Ruin
|turn|19
|
|t:|1779879954
|move|p1a: Braviary|Body Slam|p2a: Ting-Lu
|-damage|p2a: Ting-Lu|0 fnt
|faint|p2a: Ting-Lu
|
|upkeep
|
|t:|1779879961
|switch|p2a: Great Tusk|Great Tusk|100/100
|turn|20
|
|t:|1779879966
|move|p2a: Great Tusk|Headlong Rush|p1a: Braviary
|-damage|p1a: Braviary|56/100
|-unboost|p2a: Great Tusk|def|1
|-unboost|p2a: Great Tusk|spd|1
|move|p1a: Braviary|Body Slam|p2a: Great Tusk
|-damage|p2a: Great Tusk|0 fnt
|faint|p2a: Great Tusk
|-end|p2a: Great Tusk|Protosynthesis|[silent]
|
|upkeep
|
|t:|1779879969
|switch|p2a: Dragapult|Dragapult, M|100/100
|turn|21
|
|t:|1779879976
|move|p2a: Dragapult|Dragon Darts|p1a: Braviary
|-damage|p1a: Braviary|35/100
|-anim|p2a: Dragapult|Dragon Darts|p1a: Braviary
|-damage|p1a: Braviary|12/100
|move|p1a: Braviary|Roost|p1a: Braviary
|-heal|p1a: Braviary|62/100
|
|upkeep
|turn|22
|
|t:|1779879982
|move|p2a: Dragapult|Dragon Darts|p1a: Braviary
|-damage|p1a: Braviary|39/100
|-anim|p2a: Dragapult|Dragon Darts|p1a: Braviary
|-damage|p1a: Braviary|17/100
|move|p1a: Braviary|Roost|p1a: Braviary
|-heal|p1a: Braviary|67/100
|
|upkeep
|turn|23
|
|t:|1779879990
|switch|p2a: Gliscor|Gliscor, F, tera:Steel|80/100 tox
|move|p1a: Braviary|Iron Head|p2a: Gliscor
|-resisted|p2a: Gliscor
|-damage|p2a: Gliscor|43/100 tox
|
|-heal|p2a: Gliscor|55/100 tox|[from] ability: Poison Heal
|upkeep
|turn|24
|
|t:|1779879997
|move|p2a: Gliscor|Protect|p2a: Gliscor
|-singleturn|p2a: Gliscor|Protect
|move|p1a: Braviary|Roost|p1a: Braviary
|-heal|p1a: Braviary|100/100
|
|-heal|p2a: Gliscor|68/100 tox|[from] ability: Poison Heal
|upkeep
|turn|25
|
|t:|1779880004
|switch|p2a: Dragapult|Dragapult, M|100/100
|move|p1a: Braviary|Body Slam|p2a: Dragapult
|-immune|p2a: Dragapult
|
|upkeep
|turn|26
|
|t:|1779880009
|switch|p2a: Gliscor|Gliscor, F, tera:Steel|68/100 tox
|move|p1a: Braviary|Iron Head|p2a: Gliscor
|-resisted|p2a: Gliscor
|-damage|p2a: Gliscor|34/100 tox
|
|-heal|p2a: Gliscor|47/100 tox|[from] ability: Poison Heal
|upkeep
|turn|27
|
|t:|1779880015
|switch|p2a: Dragapult|Dragapult, M|100/100
|move|p1a: Braviary|Bulk Up|p1a: Braviary
|-boost|p1a: Braviary|atk|1
|-boost|p1a: Braviary|def|1
|
|upkeep
|turn|28
|
|t:|1779880021
|move|p2a: Dragapult|U-turn|p1a: Braviary
|-damage|p1a: Braviary|84/100
|
|t:|1779880023
|switch|p2a: Gliscor|Gliscor, F, tera:Steel|47/100 tox|[from] U-turn
|move|p1a: Braviary|Iron Head|p2a: Gliscor
|-resisted|p2a: Gliscor
|-damage|p2a: Gliscor|1/100 tox
|
|-heal|p2a: Gliscor|13/100 tox|[from] ability: Poison Heal
|upkeep
|turn|29
|
|t:|1779880031
|move|p2a: Gliscor|Protect|p2a: Gliscor
|-singleturn|p2a: Gliscor|Protect
|move|p1a: Braviary|Iron Head|p2a: Gliscor
|-activate|p2a: Gliscor|move: Protect
|
|-heal|p2a: Gliscor|26/100 tox|[from] ability: Poison Heal
|upkeep
|turn|30
|-message|targaryen123456 forfeited.
|
|win|ikthoizzykil
|raw|ikthoizzykil's rating: 1381 &rarr; <strong>1400</strong><br />(+19 for winning)
|raw|targaryen123456's rating: 1355 &rarr; <strong>1336</strong><br />(-19 for losing)
|l|☆targaryen123456
|player|p2|
|l|☆ikthoizzykil
|player|p1|
