|j|☆bena13
|j|☆athos345
|t:|1779805509
|gametype|singles
|player|p1|bena13|170|1200
|player|p2|athos345|101|1245
|gen|9
|tier|[Gen 9] OU
|rated|
|rule|HP Percentage Mod: HP is shown in percentages
|rule|Endless Battle Clause: Forcing endless battles is banned
|rule|Species Clause: Limit one of each Pokémon
|rule|OHKO Clause: OHKO moves are banned
|rule|Evasion Items Clause: Evasion items are banned
|rule|Evasion Moves Clause: Evasion moves are banned
|rule|Evasion Abilities Clause: Evasion abilities are banned
|rule|Sleep Moves Clause: Sleep-inducing moves are banned
|clearpoke
|poke|p1|Swanna, M|
|poke|p1|Muk, F|
|poke|p1|Gastrodon, F|
|poke|p1|Vileplume, M|
|poke|p1|Salazzle, F|
|poke|p1|Haunter, F|
|poke|p2|Primarina, M|
|poke|p2|Iron Treads|
|poke|p2|Lokix, M|
|poke|p2|Kingdra, M|
|poke|p2|Pelipper, M|
|poke|p2|Toxicroak, M|
|teampreview
|inactive|Battle timer is ON: inactive players will automatically lose when time's up. (requested by bena13)
|
|t:|1779805519
|teamsize|p1|6
|teamsize|p2|6
|start
|switch|p1a: Haunter|Haunter, F|100/100
|switch|p2a: Pelipper|Pelipper, M, shiny|100/100
|-weather|RainDance|[from] ability: Drizzle|[of] p2a: Pelipper
|turn|1
|
|t:|1779805531
|move|p1a: Haunter|Thunder|p2a: Pelipper
|-supereffective|p2a: Pelipper
|-damage|p2a: Pelipper|0 fnt
|faint|p2a: Pelipper
|
|-weather|RainDance|[upkeep]
|upkeep
|
|t:|1779805537
|switch|p2a: Kingdra|Kingdra, M, shiny|100/100
|turn|2
|
|t:|1779805542
|switch|p1a: Gastrodon|Gastrodon, F|100/100
|move|p2a: Kingdra|Weather Ball|p1a: Gastrodon
|-ability|p1a: Gastrodon|Storm Drain|boost
|-boost|p1a: Gastrodon|spa|1
|
|-weather|RainDance|[upkeep]
|upkeep
|turn|3
|
|t:|1779805555
|switch|p2a: Primarina|Primarina, M, shiny|100/100
|move|p1a: Gastrodon|Earth Power|p2a: Primarina
|-damage|p2a: Primarina|37/100
|
|-weather|RainDance|[upkeep]
|-heal|p2a: Primarina|43/100|[from] item: Leftovers
|upkeep
|turn|4
|
|t:|1779805563
|move|p2a: Primarina|Moonblast|p1a: Gastrodon
|-damage|p1a: Gastrodon|67/100
|move|p1a: Gastrodon|Earth Power|p2a: Primarina
|-damage|p2a: Primarina|0 fnt
|faint|p2a: Primarina
|
|-weather|RainDance|[upkeep]
|upkeep
|
|t:|1779805568
|switch|p2a: Lokix|Lokix, M, shiny|100/100
|turn|5
|
|t:|1779805579
|switch|p1a: Haunter|Haunter, F|100/100
|move|p2a: Lokix|Knock Off|p1a: Haunter
|-supereffective|p1a: Haunter
|-enditem|p1a: Haunter|Focus Sash
|-damage|p1a: Haunter|1/100
|
|-weather|RainDance|[upkeep]
|upkeep
|turn|6
|
|t:|1779805589
|switch|p2a: Toxicroak|Toxicroak, M, shiny|100/100
|move|p1a: Haunter|Destiny Bond|p1a: Haunter
|-singlemove|p1a: Haunter|Destiny Bond
|
|-weather|RainDance|[upkeep]
|upkeep
|turn|7
|
|t:|1779805596
|move|p1a: Haunter|Taunt|p2a: Toxicroak
|-start|p2a: Toxicroak|move: Taunt
|move|p2a: Toxicroak|Knock Off|p1a: Haunter
|-supereffective|p1a: Haunter
|-damage|p1a: Haunter|0 fnt
|faint|p1a: Haunter
|
|-weather|RainDance|[upkeep]
|upkeep
|
|t:|1779805605
|switch|p1a: Salazzle|Salazzle, F|100/100
|turn|8
|
|t:|1779805626
|move|p1a: Salazzle|Substitute|p1a: Salazzle
|-start|p1a: Salazzle|Substitute
|-damage|p1a: Salazzle|76/100
|move|p2a: Toxicroak|Knock Off|p1a: Salazzle
|-end|p1a: Salazzle|Substitute
|
|-weather|none
|upkeep
|turn|9
|
|t:|1779805634
|move|p1a: Salazzle|Fire Blast|p2a: Toxicroak|[miss]
|-miss|p1a: Salazzle|p2a: Toxicroak
|move|p2a: Toxicroak|Knock Off|p1a: Salazzle
|-damage|p1a: Salazzle|31/100
|-enditem|p1a: Salazzle|Life Orb|[from] move: Knock Off|[of] p2a: Toxicroak
|
|-end|p2a: Toxicroak|move: Taunt
|upkeep
|turn|10
|
|t:|1779805652
|move|p1a: Salazzle|Substitute|p1a: Salazzle
|-start|p1a: Salazzle|Substitute
|-damage|p1a: Salazzle|6/100
|move|p2a: Toxicroak|Knock Off|p1a: Salazzle
|-end|p1a: Salazzle|Substitute
|
|upkeep
|turn|11
|
|t:|1779805658
|move|p1a: Salazzle|Fire Blast|p2a: Toxicroak
|-damage|p2a: Toxicroak|9/100
|-status|p2a: Toxicroak|brn
|move|p2a: Toxicroak|Knock Off|p1a: Salazzle
|-damage|p1a: Salazzle|0 fnt
|faint|p1a: Salazzle
|
|-damage|p2a: Toxicroak|3/100 brn|[from] brn
|upkeep
|
|t:|1779805671
|switch|p1a: Swanna|Swanna, M|100/100
|turn|12
|
|t:|1779805676
|move|p1a: Swanna|Ice Beam|p2a: Toxicroak
|-damage|p2a: Toxicroak|0 fnt
|faint|p2a: Toxicroak
|-damage|p1a: Swanna|91/100|[from] item: Life Orb
|
|upkeep
|
|t:|1779805685
|switch|p2a: Kingdra|Kingdra, M, shiny|100/100
|turn|13
|
|t:|1779805690
|switch|p1a: Gastrodon|Gastrodon, F|67/100
|move|p2a: Kingdra|Draco Meteor|p1a: Gastrodon
|-damage|p1a: Gastrodon|12/100
|-unboost|p2a: Kingdra|spa|2
|
|upkeep
|turn|14
|
|t:|1779805698
|-terastallize|p1a: Gastrodon|Fairy
|move|p2a: Kingdra|Draco Meteor|p1a: Gastrodon
|-immune|p1a: Gastrodon
|move|p1a: Gastrodon|Earth Power|p2a: Kingdra
|-damage|p2a: Kingdra|51/100
|
|upkeep
|turn|15
|
|t:|1779805707
|switch|p2a: Lokix|Lokix, M, shiny|100/100
|move|p1a: Gastrodon|Surf|p2a: Lokix
|-damage|p2a: Lokix|18/100
|
|upkeep
|turn|16
|
|t:|1779805717
|switch|p1a: Vileplume|Vileplume, M|100/100
|move|p2a: Lokix|Leech Life|p1a: Vileplume
|-damage|p1a: Vileplume|53/100
|-heal|p2a: Lokix|47/100|[from] drain|[of] p1a: Vileplume
|-status|p2a: Lokix|slp|[from] ability: Effect Spore|[of] p1a: Vileplume
|
|upkeep
|turn|17
|
|t:|1779805726
|switch|p2a: Iron Treads|Iron Treads, shiny|100/100
|move|p1a: Vileplume|Strength Sap|p2a: Iron Treads
|-unboost|p2a: Iron Treads|atk|1
|-heal|p1a: Vileplume|100/100
|
|upkeep
|turn|18
|
|t:|1779805734
|move|p2a: Iron Treads|Stealth Rock|p1a: Vileplume
|-sidestart|p1: bena13|move: Stealth Rock
|move|p1a: Vileplume|Giga Drain|p2a: Iron Treads
|-damage|p2a: Iron Treads|63/100
|
|upkeep
|turn|19
|
|t:|1779805741
|-end|p2a: Iron Treads|Quark Drive|[silent]
|switch|p2a: Lokix|Lokix, M, shiny|47/100 slp
|move|p1a: Vileplume|Giga Drain|p2a: Lokix
|-resisted|p2a: Lokix
|-damage|p2a: Lokix|21/100 slp
|
|upkeep
|turn|20
|
|t:|1779805748
|cant|p2a: Lokix|slp
|move|p1a: Vileplume|Giga Drain|p2a: Lokix
|-resisted|p2a: Lokix
|-damage|p2a: Lokix|0 fnt
|faint|p2a: Lokix
|
|upkeep
|
|t:|1779805749
|switch|p2a: Kingdra|Kingdra, M, shiny|51/100
|turn|21
|
|t:|1779805758
|switch|p1a: Gastrodon|Gastrodon, F, tera:Fairy|12/100
|-damage|p1a: Gastrodon|0 fnt|[from] Stealth Rock
|faint|p1a: Gastrodon
|move|p2a: Kingdra|Hurricane|p1: Gastrodon|[notarget]
|-fail|p2a: Kingdra
|
|upkeep
|
|t:|1779805765
|switch|p1a: Muk|Muk, F|100/100
|-damage|p1a: Muk|88/100|[from] Stealth Rock
|turn|22
|
|t:|1779805773
|switch|p2a: Iron Treads|Iron Treads, shiny|63/100
|move|p1a: Muk|Drain Punch|p2a: Iron Treads
|-supereffective|p2a: Iron Treads
|-damage|p2a: Iron Treads|18/100
|-heal|p1a: Muk|100/100|[from] drain|[of] p2a: Iron Treads
|
|upkeep
|turn|23
|
|t:|1779805785
|switch|p1a: Swanna|Swanna, M|91/100
|-damage|p1a: Swanna|66/100|[from] Stealth Rock
|move|p2a: Iron Treads|Earthquake|p1a: Swanna
|-immune|p1a: Swanna
|
|upkeep
|turn|24
|
|t:|1779805796
|move|p2a: Iron Treads|Ice Spinner|p1a: Swanna
|-damage|p1a: Swanna|25/100
|move|p1a: Swanna|Surf|p2a: Iron Treads
|-supereffective|p2a: Iron Treads
|-damage|p2a: Iron Treads|0 fnt
|faint|p2a: Iron Treads
|-end|p2a: Iron Treads|Quark Drive|[silent]
|-damage|p1a: Swanna|15/100|[from] item: Life Orb
|
|upkeep
|
|t:|1779805799
|switch|p2a: Kingdra|Kingdra, M, shiny|51/100
|turn|25
|
|t:|1779805809
|move|p1a: Swanna|Air Slash|p2a: Kingdra|[miss]
|-miss|p1a: Swanna|p2a: Kingdra
|move|p2a: Kingdra|Dragon Pulse|p1a: Swanna
|-damage|p1a: Swanna|0 fnt
|faint|p1a: Swanna
|
|upkeep
|
|t:|1779805817
|switch|p1a: Muk|Muk, F|100/100
|-damage|p1a: Muk|88/100|[from] Stealth Rock
|turn|26
|
|t:|1779805821
|-terastallize|p2a: Kingdra|Dragon
|move|p2a: Kingdra|Dragon Pulse|p1a: Muk
|-damage|p1a: Muk|50/100
|move|p1a: Muk|Gunk Shot|p2a: Kingdra
|-damage|p2a: Kingdra|0 fnt
|faint|p2a: Kingdra
|
|win|bena13
|raw|bena13's rating: 1200 &rarr; <strong>1230</strong><br />(+30 for winning)
|raw|athos345's rating: 1273 &rarr; <strong>1243</strong><br />(-30 for losing)
|l|☆athos345
|player|p2|
|l|☆bena13
|player|p1|
