|j|‽hugo93110
|j|☆morriganqrow
|t:|1779863102
|gametype|singles
|player|p1|hugo93110|colress|1365
|player|p2|morriganqrow|miku-fairy|1345
|gen|9
|tier|[Gen 9] OU
|rated|
|rule|HP Percentage Mod: HP is shown in percentages
|rule|Endless Battle Clause: Forcing endless battles is banned
|rule|Species Clause: Limit one of each Pokémon
|rule|OHKO Clause: OHKO moves are banned
|rule|Evasion Items Clause: Evasion items are banned
|rule|Evasion Moves Clause: Evasion moves are banned
|rule|Evasion Abilities Clause: Evasion abilities are banned
|rule|Sleep Moves Clause: Sleep-inducing moves are banned
|clearpoke
|poke|p1|Great Tusk|
|poke|p1|Raging Bolt|
|poke|p1|Iron Valiant|
|poke|p1|Glimmora, F|
|poke|p1|Ogerpon-Wellspring, F|
|poke|p1|Ceruledge, F|
|poke|p2|Tornadus, M|
|poke|p2|Toxtricity, M|
|poke|p2|Iron Valiant|
|poke|p2|Arcanine-Hisui, M|
|poke|p2|Brambleghast, M|
|poke|p2|Hydreigon, M|
|teampreview
|inactive|Battle timer is ON: inactive players will automatically lose when time's up. (requested by morriganqrow)
|
|t:|1779863132
|teamsize|p1|6
|teamsize|p2|6
|start
|switch|p1a: Great Tusk|Great Tusk, shiny|100/100
|switch|p2a: Xaldin|Tornadus, M, shiny|100/100
|turn|1
|
|t:|1779863138
|-end|p1a: Great Tusk|Protosynthesis|[silent]
|switch|p1a: Glimmora|Glimmora, F, shiny|100/100
|move|p2a: Xaldin|Hurricane|p1a: Glimmora
|-resisted|p1a: Glimmora
|-crit|p1a: Glimmora
|-damage|p1a: Glimmora|36/100
|-start|p1a: Glimmora|confusion
|
|upkeep
|turn|2
|
|t:|1779863146
|move|p2a: Xaldin|Focus Blast|p1a: Glimmora
|-damage|p1a: Glimmora|0 fnt
|faint|p1a: Glimmora
|
|upkeep
|
|t:|1779863161
|switch|p1a: Raging Bolt|Raging Bolt|100/100
|turn|3
|
|t:|1779863169
|move|p2a: Xaldin|Taunt|p1a: Raging Bolt
|-start|p1a: Raging Bolt|move: Taunt
|move|p1a: Raging Bolt|Thunderclap||[still]
|-fail|p1a: Raging Bolt
|
|upkeep
|turn|4
|
|t:|1779863181
|move|p2a: Xaldin|Tailwind|p2a: Xaldin
|-sidestart|p2: morriganqrow|move: Tailwind
|move|p1a: Raging Bolt|Thunderclap||[still]
|-fail|p1a: Raging Bolt
|
|upkeep
|turn|5
|
|t:|1779863186
|switch|p2a: Demyx|Toxtricity, M|100/100
|-end|p1a: Raging Bolt|Protosynthesis|[silent]
|switch|p1a: Iron Valiant|Iron Valiant|100/100
|-enditem|p1a: Iron Valiant|Booster Energy
|-activate|p1a: Iron Valiant|ability: Quark Drive|[fromitem]
|-start|p1a: Iron Valiant|quarkdrivespe
|
|upkeep
|turn|6
|
|t:|1779863198
|-terastallize|p1a: Iron Valiant|Ghost
|move|p1a: Iron Valiant|Calm Mind|p1a: Iron Valiant
|-boost|p1a: Iron Valiant|spa|1
|-boost|p1a: Iron Valiant|spd|1
|move|p2a: Demyx|Boomburst|p1a: Iron Valiant
|-immune|p1a: Iron Valiant
|
|upkeep
|turn|7
|
|t:|1779863206
|switch|p2a: Xaldin|Tornadus, M, shiny|100/100
|move|p1a: Iron Valiant|Calm Mind|p1a: Iron Valiant
|-boost|p1a: Iron Valiant|spa|1
|-boost|p1a: Iron Valiant|spd|1
|
|-sideend|p2: morriganqrow|move: Tailwind
|upkeep
|turn|8
|
|t:|1779863212
|move|p2a: Xaldin|Tailwind|p2a: Xaldin
|-sidestart|p2: morriganqrow|move: Tailwind
|move|p1a: Iron Valiant|Shadow Ball|p2a: Xaldin
|-damage|p2a: Xaldin|0 fnt
|faint|p2a: Xaldin
|
|upkeep
|
|t:|1779863232
|switch|p2a: Zexion|Brambleghast, M, shiny|100/100
|-ability|p2a: Zexion|Wind Rider|boost
|-boost|p2a: Zexion|atk|1
|turn|9
|
|t:|1779863239
|move|p2a: Zexion|Shadow Sneak|p1a: Iron Valiant
|-supereffective|p1a: Iron Valiant
|-damage|p1a: Iron Valiant|0 fnt
|faint|p1a: Iron Valiant
|-end|p1a: Iron Valiant|Quark Drive|[silent]
|-damage|p2a: Zexion|91/100|[from] item: Life Orb
|
|upkeep
|
|t:|1779863250
|switch|p1a: Raging Bolt|Raging Bolt|100/100
|turn|10
|
|t:|1779863269
|-terastallize|p2a: Zexion|Ghost
|move|p2a: Zexion|Poltergeist|p1a: Raging Bolt
|-activate|p1a: Raging Bolt|move: Poltergeist|Choice Specs
|-damage|p1a: Raging Bolt|0 fnt
|faint|p1a: Raging Bolt
|-end|p1a: Raging Bolt|Protosynthesis|[silent]
|-damage|p2a: Zexion|81/100|[from] item: Life Orb
|
|upkeep
|-message|hugo93110 forfeited.
|
|win|morriganqrow
|raw|hugo93110's rating: 1365 &rarr; <strong>1344</strong><br />(-21 for losing)
|raw|morriganqrow's rating: 1345 &rarr; <strong>1366</strong><br />(+21 for winning)
|l|‽hugo93110
|player|p1|
|l|☆morriganqrow
|player|p2|
