|j|☆stone douchebag
|j|☆newgaem
|t:|1779919803
|gametype|singles
|player|p1|stone douchebag|265|1343
|player|p2|newgaem|blue|1360
|gen|9
|tier|[Gen 9] OU
|rated|
|rule|HP Percentage Mod: HP is shown in percentages
|rule|Endless Battle Clause: Forcing endless battles is banned
|rule|Species Clause: Limit one of each Pokémon
|rule|OHKO Clause: OHKO moves are banned
|rule|Evasion Items Clause: Evasion items are banned
|rule|Evasion Moves Clause: Evasion moves are banned
|rule|Evasion Abilities Clause: Evasion abilities are banned
|rule|Sleep Moves Clause: Sleep-inducing moves are banned
|clearpoke
|poke|p1|Dondozo, F|
|poke|p1|Skarmory, M|
|poke|p1|Vileplume, F|
|poke|p1|Gliscor, F|
|poke|p1|Blissey, F|
|poke|p1|Clefable, F|
|poke|p2|Armarouge, F|
|poke|p2|Kingambit, F|
|poke|p2|Iron Valiant|
|poke|p2|Ceruledge, F|
|poke|p2|Mimikyu, M|
|poke|p2|Cyclizar, F|
|teampreview
|inactive|Battle timer is ON: inactive players will automatically lose when time's up. (requested by newgaem)
|
|t:|1779919832
|teamsize|p1|6
|teamsize|p2|6
|start
|switch|p1a: Blissey?|Clefable, F|100/100
|switch|p2a: Fefnir|Armarouge, F, shiny|100/100
|turn|1
|
|t:|1779919842
|move|p2a: Fefnir|Armor Cannon|p1a: Blissey?
|-damage|p1a: Blissey?|60/100
|-unboost|p2a: Fefnir|def|1
|-unboost|p2a: Fefnir|spd|1
|move|p1a: Blissey?|Stealth Rock|p2a: Fefnir
|-sidestart|p2: newgaem|move: Stealth Rock
|
|-heal|p1a: Blissey?|66/100|[from] item: Leftovers
|upkeep
|turn|2
|
|t:|1779919854
|switch|p1a: Clefable?|Blissey, F|100/100
|move|p2a: Fefnir|Armor Cannon|p1a: Clefable?
|-damage|p1a: Clefable?|80/100
|-unboost|p2a: Fefnir|def|1
|-unboost|p2a: Fefnir|spd|1
|
|upkeep
|turn|3
|
|t:|1779919863
|switch|p2a: Harpuia|Cyclizar, F|100/100
|move|p1a: Clefable?|Seismic Toss|p2a: Harpuia
|-damage|p2a: Harpuia|65/100
|
|upkeep
|turn|4
|inactive|stone douchebag has 120 seconds left.
|
|t:|1779919895
|switch|p1a: Corviknight?|Skarmory, M|100/100
|move|p2a: Harpuia|Rapid Spin|p1a: Corviknight?
|-resisted|p1a: Corviknight?
|-damage|p1a: Corviknight?|96/100
|-boost|p2a: Harpuia|spe|1
|-damage|p2a: Harpuia|49/100|[from] item: Rocky Helmet|[of] p1a: Corviknight?
|-sideend|p2: newgaem|Stealth Rock|[from] move: Rapid Spin|[of] p2a: Harpuia
|
|upkeep
|turn|5
|
|t:|1779919904
|move|p2a: Harpuia|Overheat|p1a: Corviknight?
|-supereffective|p1a: Corviknight?
|-damage|p1a: Corviknight?|3/100
|-unboost|p2a: Harpuia|spa|2
|move|p1a: Corviknight?|Spikes|p2a: Harpuia
|-sidestart|p2: newgaem|Spikes
|
|upkeep
|turn|6
|
|t:|1779919919
|move|p2a: Harpuia|Rapid Spin|p1a: Corviknight?
|-resisted|p1a: Corviknight?
|-damage|p1a: Corviknight?|0 fnt
|-boost|p2a: Harpuia|spe|1
|-damage|p2a: Harpuia|32/100|[from] item: Rocky Helmet|[of] p1a: Corviknight?
|-sideend|p2: newgaem|Spikes|[from] move: Rapid Spin|[of] p2a: Harpuia
|faint|p1a: Corviknight?
|
|upkeep
|
|t:|1779919929
|switch|p1a: Blissey?|Clefable, F|66/100
|turn|7
|
|t:|1779919932
|move|p2a: Harpuia|U-turn|p1a: Blissey?
|-resisted|p1a: Blissey?
|-damage|p1a: Blissey?|58/100
|
|t:|1779919935
|switch|p2a: Leviathan|Mimikyu, M|100/100|[from] U-turn
|move|p1a: Blissey?|Stealth Rock|p2a: Leviathan
|-sidestart|p2: newgaem|move: Stealth Rock
|
|-heal|p1a: Blissey?|64/100|[from] item: Leftovers
|upkeep
|turn|8
|
|t:|1779919952
|move|p2a: Leviathan|Taunt|p1a: Blissey?
|-start|p1a: Blissey?|move: Taunt
|move|p1a: Blissey?|Knock Off|p2a: Leviathan
|-activate|p2a: Leviathan|ability: Disguise
|-damage|p2a: Leviathan|100/100
|-enditem|p2a: Leviathan|Leftovers|[from] move: Knock Off|[of] p1a: Blissey?
|detailschange|p2a: Leviathan|Mimikyu-Busted, M
|-damage|p2a: Leviathan|88/100|[from] pokemon: Mimikyu-Busted
|
|-heal|p1a: Blissey?|71/100|[from] item: Leftovers
|upkeep
|turn|9
|
|t:|1779919965
|switch|p1a: Amoongus?|Vileplume, F|100/100
|move|p2a: Leviathan|Curse|p1a: Amoongus?
|-start|p1a: Amoongus?|Curse|[of] p2a: Leviathan
|-damage|p2a: Leviathan|38/100
|
|-damage|p1a: Amoongus?|76/100|[from] Curse
|upkeep
|turn|10
|
|t:|1779919987
|switch|p1a: Quagsire?|Dondozo, F|100/100
|move|p2a: Leviathan|Pain Split|p1a: Quagsire?
|-sethp|p1a: Quagsire?|62/100|[from] move: Pain Split|[silent]
|-sethp|p2a: Leviathan|99/100|[from] move: Pain Split
|
|upkeep
|turn|11
|
|t:|1779920002
|move|p2a: Leviathan|Curse|p1a: Quagsire?
|-start|p1a: Quagsire?|Curse|[of] p2a: Leviathan
|-damage|p2a: Leviathan|50/100
|move|p1a: Quagsire?|Curse|p1a: Quagsire?
|-unboost|p1a: Quagsire?|spe|1
|-boost|p1a: Quagsire?|atk|1
|-boost|p1a: Quagsire?|def|1
|
|-damage|p1a: Quagsire?|37/100|[from] Curse
|upkeep
|turn|12
|
|t:|1779920014
|move|p2a: Leviathan|Destiny Bond|p2a: Leviathan
|-singlemove|p2a: Leviathan|Destiny Bond
|move|p1a: Quagsire?|Liquidation|p2a: Leviathan
|-damage|p2a: Leviathan|0 fnt
|faint|p2a: Leviathan
|-activate|p2a: Leviathan|move: Destiny Bond
|faint|p1a: Quagsire?
|
|upkeep
|
|t:|1779920024
|switch|p2a: Harpuia|Cyclizar, F|65/100
|switch|p1a: Landorus-Therian?|Gliscor, F|100/100
|turn|13
|
|t:|1779920033
|move|p1a: Landorus-Therian?|Protect|p1a: Landorus-Therian?
|-singleturn|p1a: Landorus-Therian?|Protect
|move|p2a: Harpuia|Rapid Spin|p1a: Landorus-Therian?
|-activate|p1a: Landorus-Therian?|move: Protect
|
|-status|p1a: Landorus-Therian?|tox|[from] item: Toxic Orb
|upkeep
|turn|14
|
|t:|1779920042
|move|p2a: Harpuia|Rapid Spin|p1a: Landorus-Therian?
|-damage|p1a: Landorus-Therian?|89/100 tox
|-boost|p2a: Harpuia|spe|1
|-sideend|p2: newgaem|Stealth Rock|[from] move: Rapid Spin|[of] p2a: Harpuia
|move|p1a: Landorus-Therian?|Toxic|p2a: Harpuia
|-status|p2a: Harpuia|tox
|
|-damage|p2a: Harpuia|59/100 tox|[from] psn
|-heal|p1a: Landorus-Therian?|100/100 tox|[from] ability: Poison Heal
|upkeep
|turn|15
|
|t:|1779920052
|move|p2a: Harpuia|Draco Meteor|p1a: Landorus-Therian?
|-damage|p1a: Landorus-Therian?|59/100 tox
|-unboost|p2a: Harpuia|spa|2
|move|p1a: Landorus-Therian?|Knock Off|p2a: Harpuia
|-damage|p2a: Harpuia|21/100 tox
|-enditem|p2a: Harpuia|Heavy-Duty Boots|[from] move: Knock Off|[of] p1a: Landorus-Therian?
|
|-damage|p2a: Harpuia|9/100 tox|[from] psn
|-heal|p1a: Landorus-Therian?|71/100 tox|[from] ability: Poison Heal
|upkeep
|turn|16
|
|t:|1779920067
|switch|p2a: Zero|Ceruledge, F, shiny|100/100
|move|p1a: Landorus-Therian?|Protect||[still]
|-fail|p1a: Landorus-Therian?
|
|-heal|p1a: Landorus-Therian?|84/100 tox|[from] ability: Poison Heal
|upkeep
|turn|17
|
|t:|1779920078
|move|p2a: Zero|Bitter Blade|p1a: Landorus-Therian?
|-damage|p1a: Landorus-Therian?|31/100 tox
|-damage|p2a: Zero|91/100|[from] item: Life Orb
|move|p1a: Landorus-Therian?|Earthquake|p2a: Zero
|-supereffective|p2a: Zero
|-damage|p2a: Zero|0 fnt
|faint|p2a: Zero
|
|-heal|p1a: Landorus-Therian?|43/100 tox|[from] ability: Poison Heal
|upkeep
|
|t:|1779920092
|switch|p2a: Omega|Iron Valiant|100/100
|-enditem|p2a: Omega|Booster Energy
|-activate|p2a: Omega|ability: Quark Drive|[fromitem]
|-start|p2a: Omega|quarkdrivespe
|turn|18
|
|t:|1779920101
|switch|p1a: Blissey?|Clefable, F|71/100
|move|p2a: Omega|Swords Dance|p2a: Omega
|-boost|p2a: Omega|atk|2
|
|-heal|p1a: Blissey?|77/100|[from] item: Leftovers
|upkeep
|turn|19
|
|t:|1779920116
|move|p2a: Omega|Spirit Break|p1a: Blissey?
|-damage|p1a: Blissey?|0 fnt
|faint|p1a: Blissey?
|
|upkeep
|
|t:|1779920118
|switch|p1a: Amoongus?|Vileplume, F|76/100
|turn|20
|
|t:|1779920130
|move|p2a: Omega|Close Combat|p1a: Amoongus?
|-resisted|p1a: Amoongus?
|-damage|p1a: Amoongus?|25/100
|-unboost|p2a: Omega|def|1
|-unboost|p2a: Omega|spd|1
|move|p1a: Amoongus?|Strength Sap|p2a: Omega
|-unboost|p2a: Omega|atk|1
|-heal|p1a: Amoongus?|100/100
|
|upkeep
|turn|21
|
|t:|1779920141
|-end|p2a: Omega|Quark Drive|[silent]
|switch|p2a: Fefnir|Armarouge, F, shiny|100/100
|move|p1a: Amoongus?|Leech Seed|p2a: Fefnir
|-start|p2a: Fefnir|move: Leech Seed
|
|-damage|p2a: Fefnir|88/100|[from] Leech Seed|[of] p1a: Amoongus?
|upkeep
|turn|22
|
|t:|1779920149
|switch|p1a: Clefable?|Blissey, F|80/100
|move|p2a: Fefnir|Armor Cannon|p1a: Clefable?
|-crit|p1a: Clefable?
|-damage|p1a: Clefable?|51/100
|-unboost|p2a: Fefnir|def|1
|-unboost|p2a: Fefnir|spd|1
|
|-damage|p2a: Fefnir|76/100|[from] Leech Seed|[of] p1a: Clefable?
|-heal|p1a: Clefable?|57/100|[silent]
|upkeep
|turn|23
|
|t:|1779920166
|switch|p2a: Harpuia|Cyclizar, F|42/100 tox
|switch|p1a: Landorus-Therian?|Gliscor, F|43/100 tox
|
|-damage|p2a: Harpuia|36/100 tox|[from] psn
|-heal|p1a: Landorus-Therian?|56/100 tox|[from] ability: Poison Heal
|upkeep
|turn|24
|
|t:|1779920177
|switch|p2a: Bishamonten|Kingambit, F|100/100
|-activate|p2a: Bishamonten|ability: Supreme Overlord
|-start|p2a: Bishamonten|fallen2|[silent]
|move|p1a: Landorus-Therian?|Protect||[still]
|-fail|p1a: Landorus-Therian?
|
|-heal|p1a: Landorus-Therian?|68/100 tox|[from] ability: Poison Heal
|upkeep
|turn|25
|
|t:|1779920194
|-terastallize|p2a: Bishamonten|Flying
|move|p1a: Landorus-Therian?|Earthquake|p2a: Bishamonten
|-immune|p2a: Bishamonten
|move|p2a: Bishamonten|Kowtow Cleave|p1a: Landorus-Therian?
|-damage|p1a: Landorus-Therian?|19/100 tox
|
|-heal|p1a: Landorus-Therian?|32/100 tox|[from] ability: Poison Heal
|upkeep
|turn|26
|
|t:|1779920205
|switch|p1a: Amoongus?|Vileplume, F|100/100
|move|p2a: Bishamonten|Swords Dance|p2a: Bishamonten
|-boost|p2a: Bishamonten|atk|2
|
|upkeep
|turn|27
|
|t:|1779920211
|move|p2a: Bishamonten|Kowtow Cleave|p1a: Amoongus?
|-damage|p1a: Amoongus?|15/100
|move|p1a: Amoongus?|Toxic|p2a: Bishamonten
|-status|p2a: Bishamonten|tox
|
|-damage|p2a: Bishamonten|94/100 tox|[from] psn
|upkeep
|turn|28
|
|t:|1779920220
|move|p1a: Amoongus?|Strength Sap|p2a: Bishamonten
|-unboost|p2a: Bishamonten|atk|1
|-heal|p1a: Amoongus?|100/100
|move|p2a: Bishamonten|Kowtow Cleave|p1a: Amoongus?
|-damage|p1a: Amoongus?|33/100
|
|-heal|p2a: Bishamonten|100/100 tox|[from] item: Leftovers
|-damage|p2a: Bishamonten|88/100 tox|[from] psn
|upkeep
|turn|29
|
|t:|1779920240
|move|p2a: Bishamonten|Kowtow Cleave|p1a: Amoongus?
|-damage|p1a: Amoongus?|0 fnt
|faint|p1a: Amoongus?
|
|-heal|p2a: Bishamonten|94/100 tox|[from] item: Leftovers
|-damage|p2a: Bishamonten|76/100 tox|[from] psn
|upkeep
|inactive|stone douchebag has 120 seconds left.
|c|☆stone douchebag|ohh we were speed tied]
|
|t:|1779920277
|switch|p1a: Landorus-Therian?|Gliscor, F|32/100 tox
|turn|30
|-message|stone douchebag forfeited.
|
|win|newgaem
|raw|stone douchebag's rating: 1362 &rarr; <strong>1342</strong><br />(-20 for losing)
|raw|newgaem's rating: 1360 &rarr; <strong>1380</strong><br />(+20 for winning)
|l|☆stone douchebag
|player|p1|
|l|☆newgaem
|player|p2|
