|j|☆klopkik
|j|☆teamskullenoxa
|t:|1779885901
|gametype|singles
|player|p1|klopkik|101|1571
|player|p2|teamskullenoxa|101|1592
|gen|9
|tier|[Gen 9] OU
|rated|
|rule|HP Percentage Mod: HP is shown in percentages
|rule|Endless Battle Clause: Forcing endless battles is banned
|rule|Species Clause: Limit one of each Pokémon
|rule|OHKO Clause: OHKO moves are banned
|rule|Evasion Items Clause: Evasion items are banned
|rule|Evasion Moves Clause: Evasion moves are banned
|rule|Evasion Abilities Clause: Evasion abilities are banned
|rule|Sleep Moves Clause: Sleep-inducing moves are banned
|clearpoke
|poke|p1|Ursaluna, M|
|poke|p1|Dragonite, M|
|poke|p1|Toxapex, M|
|poke|p1|Heatran, F|
|poke|p1|Hydreigon, M|
|poke|p1|Hatterene, F|
|poke|p2|Hatterene, F|
|poke|p2|Iron Treads|
|poke|p2|Toxicroak, F|
|poke|p2|Barraskewda, F|
|poke|p2|Zapdos|
|poke|p2|Pelipper, F|
|teampreview
|inactive|Battle timer is ON: inactive players will automatically lose when time's up. (requested by klopkik)
|
|t:|1779885917
|teamsize|p1|6
|teamsize|p2|6
|start
|switch|p1a: Hydreigon|Hydreigon, M|100/100
|switch|p2a: Pelipper|Pelipper, F|100/100
|-weather|RainDance|[from] ability: Drizzle|[of] p2a: Pelipper
|turn|1
|
|t:|1779885930
|switch|p2a: Iron Treads|Iron Treads|100/100
|move|p1a: Hydreigon|Draco Meteor|p2a: Iron Treads
|-resisted|p2a: Iron Treads
|-damage|p2a: Iron Treads|58/100
|-unboost|p1a: Hydreigon|spa|2
|
|-weather|RainDance|[upkeep]
|-heal|p2a: Iron Treads|64/100|[from] item: Leftovers
|upkeep
|turn|2
|
|t:|1779885939
|switch|p1a: Hatterene|Hatterene, F|100/100
|move|p2a: Iron Treads|Stealth Rock|p1a: Hatterene
|move|p1a: Hatterene|Stealth Rock|p2a: Iron Treads|[from] ability: Magic Bounce
|-sidestart|p2: teamskullenoxa|move: Stealth Rock
|
|-weather|RainDance|[upkeep]
|-heal|p2a: Iron Treads|70/100|[from] item: Leftovers
|upkeep
|turn|3
|
|t:|1779885951
|switch|p1a: Hydreigon|Hydreigon, M|100/100
|move|p2a: Iron Treads|Rapid Spin|p1a: Hydreigon
|-damage|p1a: Hydreigon|87/100
|-boost|p2a: Iron Treads|spe|1
|-sideend|p2: teamskullenoxa|Stealth Rock|[from] move: Rapid Spin|[of] p2a: Iron Treads
|
|-weather|RainDance|[upkeep]
|-heal|p2a: Iron Treads|76/100|[from] item: Leftovers
|upkeep
|turn|4
|
|t:|1779885960
|switch|p1a: Hatterene|Hatterene, F|100/100
|move|p2a: Iron Treads|Volt Switch|p1a: Hatterene
|-damage|p1a: Hatterene|89/100
|inactive|teamskullenoxa has 120 seconds left.
|inactive|teamskullenoxa has 90 seconds left.
|inactive|teamskullenoxa has 60 seconds left.
|inactive|teamskullenoxa has 30 seconds left.
|
|t:|1779886089
|-end|p2a: Iron Treads|Quark Drive|[silent]
|switch|p2a: Zapdos|Zapdos|100/100|[from] Volt Switch
|
|-weather|RainDance|[upkeep]
|-heal|p1a: Hatterene|95/100|[from] item: Leftovers
|upkeep
|turn|5
|
|t:|1779886101
|move|p2a: Zapdos|Volt Switch|p1a: Hatterene
|-damage|p1a: Hatterene|38/100
|
|t:|1779886104
|switch|p2a: Iron Treads|Iron Treads|76/100|[from] Volt Switch
|move|p1a: Hatterene|Pain Split|p2a: Iron Treads
|-sethp|p2a: Iron Treads|54/100|[from] move: Pain Split|[silent]
|-sethp|p1a: Hatterene|65/100|[from] move: Pain Split
|
|-weather|RainDance|[upkeep]
|-heal|p2a: Iron Treads|60/100|[from] item: Leftovers
|-heal|p1a: Hatterene|71/100|[from] item: Leftovers
|upkeep
|turn|6
|
|t:|1779886112
|move|p2a: Iron Treads|Earthquake|p1a: Hatterene
|-damage|p1a: Hatterene|41/100
|move|p1a: Hatterene|Calm Mind|p1a: Hatterene
|-boost|p1a: Hatterene|spa|1
|-boost|p1a: Hatterene|spd|1
|
|-weather|RainDance|[upkeep]
|-heal|p2a: Iron Treads|66/100|[from] item: Leftovers
|-heal|p1a: Hatterene|47/100|[from] item: Leftovers
|upkeep
|turn|7
|
|t:|1779886119
|move|p2a: Iron Treads|Volt Switch|p1a: Hatterene
|-damage|p1a: Hatterene|39/100
|
|t:|1779886121
|-end|p2a: Iron Treads|Quark Drive|[silent]
|switch|p2a: Hatterene|Hatterene, F|100/100|[from] Volt Switch
|move|p1a: Hatterene|Pain Split|p2a: Hatterene
|-sethp|p2a: Hatterene|70/100|[from] move: Pain Split|[silent]
|-sethp|p1a: Hatterene|70/100|[from] move: Pain Split
|
|-weather|RainDance|[upkeep]
|-heal|p1a: Hatterene|76/100|[from] item: Leftovers
|upkeep
|turn|8
|
|t:|1779886126
|switch|p2a: Barraskewda|Barraskewda, F|100/100
|switch|p1a: Ursaluna|Ursaluna, M|100/100
|
|-weather|none
|-status|p1a: Ursaluna|brn|[from] item: Flame Orb
|upkeep
|turn|9
|inactive|teamskullenoxa has 60 seconds left.
|
|t:|1779886142
|switch|p1a: Toxapex|Toxapex, M|100/100
|-terastallize|p2a: Barraskewda|Water
|move|p2a: Barraskewda|Liquidation|p1a: Toxapex
|-resisted|p1a: Toxapex
|-damage|p1a: Toxapex|64/100
|-enditem|p1a: Toxapex|Eject Button
|
|t:|1779886149
|switch|p1a: Hydreigon|Hydreigon, M|87/100
|
|upkeep
|turn|10
|inactive|teamskullenoxa has 60 seconds left.
|
|t:|1779886183
|switch|p2a: Pelipper|Pelipper, F|100/100
|-weather|RainDance|[from] ability: Drizzle|[of] p2a: Pelipper
|move|p1a: Hydreigon|Earth Power|p2a: Pelipper
|-immune|p2a: Pelipper
|
|-weather|RainDance|[upkeep]
|upkeep
|turn|11
|
|t:|1779886190
|switch|p1a: Toxapex|Toxapex, M|97/100
|move|p2a: Pelipper|U-turn|p1a: Toxapex
|-resisted|p1a: Toxapex
|-damage|p1a: Toxapex|94/100
|
|t:|1779886197
|switch|p2a: Zapdos|Zapdos|100/100|[from] U-turn
|
|-weather|RainDance|[upkeep]
|upkeep
|turn|12
|inactive|teamskullenoxa has 60 seconds left.
|
|t:|1779886205
|-terastallize|p1a: Toxapex|Fairy
|move|p2a: Zapdos|Weather Ball|p1a: Toxapex
|-crit|p1a: Toxapex
|-damage|p1a: Toxapex|18/100
|move|p1a: Toxapex|Toxic|p2a: Zapdos
|-status|p2a: Zapdos|tox
|
|-weather|RainDance|[upkeep]
|-damage|p2a: Zapdos|94/100 tox|[from] psn
|upkeep
|turn|13
|
|t:|1779886218
|switch|p1a: Dragonite|Dragonite, M|100/100
|move|p2a: Zapdos|Weather Ball|p1a: Dragonite
|-resisted|p1a: Dragonite
|-damage|p1a: Dragonite|80/100
|
|-weather|RainDance|[upkeep]
|-damage|p2a: Zapdos|82/100 tox|[from] psn
|upkeep
|turn|14
|
|t:|1779886237
|switch|p2a: Toxicroak|Toxicroak, F|100/100
|switch|p1a: Toxapex|Toxapex, M, tera:Fairy|52/100
|
|-weather|RainDance|[upkeep]
|upkeep
|turn|15
|
|t:|1779886243
|move|p2a: Toxicroak|Toxic|p1a: Toxapex
|-status|p1a: Toxapex|tox
|move|p1a: Toxapex|Toxic Spikes|p2a: Toxicroak
|-sidestart|p2: teamskullenoxa|move: Toxic Spikes
|
|-weather|RainDance|[upkeep]
|-damage|p1a: Toxapex|46/100 tox|[from] psn
|upkeep
|turn|16
|
|t:|1779886254
|switch|p2a: Iron Treads|Iron Treads|66/100
|switch|p1a: Ursaluna|Ursaluna, M|100/100 brn
|
|-weather|RainDance|[upkeep]
|-heal|p2a: Iron Treads|72/100|[from] item: Leftovers
|-damage|p1a: Ursaluna|94/100 brn|[from] brn
|upkeep
|turn|17
|
|t:|1779886258
|move|p2a: Iron Treads|Stealth Rock|p1a: Ursaluna
|-sidestart|p1: klopkik|move: Stealth Rock
|move|p1a: Ursaluna|Headlong Rush|p2a: Iron Treads
|-supereffective|p2a: Iron Treads
|-damage|p2a: Iron Treads|0 fnt
|-unboost|p1a: Ursaluna|def|1
|-unboost|p1a: Ursaluna|spd|1
|faint|p2a: Iron Treads
|-end|p2a: Iron Treads|Quark Drive|[silent]
|
|-weather|none
|-damage|p1a: Ursaluna|88/100 brn|[from] brn
|upkeep
|
|t:|1779886266
|switch|p2a: Pelipper|Pelipper, F|100/100
|-weather|RainDance|[from] ability: Drizzle|[of] p2a: Pelipper
|turn|18
|
|t:|1779886275
|move|p1a: Ursaluna|Facade|p2a: Pelipper
|-damage|p2a: Pelipper|0 fnt
|faint|p2a: Pelipper
|
|-weather|RainDance|[upkeep]
|-damage|p1a: Ursaluna|82/100 brn|[from] brn
|upkeep
|inactive|teamskullenoxa has 90 seconds left.
|
|t:|1779886286
|switch|p2a: Zapdos|Zapdos|82/100 tox
|turn|19
|
|t:|1779886292
|switch|p1a: Toxapex|Toxapex, M, tera:Fairy|79/100 tox
|-damage|p1a: Toxapex|67/100 tox|[from] Stealth Rock
|move|p2a: Zapdos|Volt Switch|p1a: Toxapex
|-damage|p1a: Toxapex|33/100 tox
|
|t:|1779886297
|switch|p2a: Toxicroak|Toxicroak, F|100/100|[from] Volt Switch
|-sideend|p2: teamskullenoxa|move: Toxic Spikes|[of] p2a: Toxicroak
|
|-weather|RainDance|[upkeep]
|-damage|p1a: Toxapex|27/100 tox|[from] psn
|upkeep
|turn|20
|
|t:|1779886306
|switch|p2a: Hatterene|Hatterene, F|70/100
|move|p1a: Toxapex|Toxic Spikes|p2a: Hatterene
|move|p2a: Hatterene|Toxic Spikes|p1a: Toxapex|[from] ability: Magic Bounce
|-sidestart|p1: klopkik|move: Toxic Spikes
|
|-weather|RainDance|[upkeep]
|-damage|p1a: Toxapex|15/100 tox|[from] psn
|upkeep
|turn|21
|
|t:|1779886316
|switch|p1a: Ursaluna|Ursaluna, M|82/100 brn
|-damage|p1a: Ursaluna|76/100 brn|[from] Stealth Rock
|move|p2a: Hatterene|Psychic Noise|p1a: Ursaluna
|-damage|p1a: Ursaluna|42/100 brn
|-start|p1a: Ursaluna|move: Heal Block
|
|-weather|RainDance|[upkeep]
|-damage|p1a: Ursaluna|36/100 brn|[from] brn
|upkeep
|turn|22
|
|t:|1779886328
|move|p1a: Ursaluna|Facade|p2a: Hatterene
|-damage|p2a: Hatterene|0 fnt
|faint|p2a: Hatterene
|
|-weather|RainDance|[upkeep]
|-damage|p1a: Ursaluna|30/100 brn|[from] brn
|-end|p1a: Ursaluna|move: Heal Block
|upkeep
|
|t:|1779886331
|switch|p2a: Barraskewda|Barraskewda, F, tera:Water|100/100
|turn|23
|
|t:|1779886345
|move|p2a: Barraskewda|Liquidation|p1a: Ursaluna
|-supereffective|p1a: Ursaluna
|-damage|p1a: Ursaluna|0 fnt
|faint|p1a: Ursaluna
|
|-weather|RainDance|[upkeep]
|upkeep
|
|t:|1779886369
|switch|p1a: Dragonite|Dragonite, M|80/100
|turn|24
|
|t:|1779886379
|move|p2a: Barraskewda|Liquidation|p1a: Dragonite
|-resisted|p1a: Dragonite
|-damage|p1a: Dragonite|0 fnt
|faint|p1a: Dragonite
|
|-weather|RainDance|[upkeep]
|upkeep
|inactive|klopkik has 120 seconds left.
|
|t:|1779886390
|switch|p1a: Hydreigon|Hydreigon, M|87/100
|-damage|p1a: Hydreigon|74/100|[from] Stealth Rock
|turn|25
|
|t:|1779886393
|move|p2a: Barraskewda|Liquidation|p1a: Hydreigon
|-resisted|p1a: Hydreigon
|-damage|p1a: Hydreigon|0 fnt
|faint|p1a: Hydreigon
|
|-weather|none
|upkeep
|-message|klopkik forfeited.
|
|win|teamskullenoxa
|raw|klopkik's rating: 1571 &rarr; <strong>1552</strong><br />(-19 for losing)
|raw|teamskullenoxa's rating: 1592 &rarr; <strong>1611</strong><br />(+19 for winning)
|l|☆klopkik
|player|p1|
|l|☆teamskullenoxa
|player|p2|
