|j|☆kopv18
|j|☆SlimeyT9
|t:|1779909218
|gametype|singles
|player|p1|kopv18|bugcatcher-gen4dp|1411
|player|p2|SlimeyT9|shadowtriad|1391
|gen|9
|tier|[Gen 9] OU
|rated|
|rule|HP Percentage Mod: HP is shown in percentages
|rule|Endless Battle Clause: Forcing endless battles is banned
|rule|Species Clause: Limit one of each Pokémon
|rule|OHKO Clause: OHKO moves are banned
|rule|Evasion Items Clause: Evasion items are banned
|rule|Evasion Moves Clause: Evasion moves are banned
|rule|Evasion Abilities Clause: Evasion abilities are banned
|rule|Sleep Moves Clause: Sleep-inducing moves are banned
|clearpoke
|poke|p1|Rabsca, F|
|poke|p1|Walking Wake|
|poke|p1|Torkoal, F|
|poke|p1|Great Tusk|
|poke|p1|Cresselia, F|
|poke|p1|Zarude|
|poke|p2|Ceruledge, M|
|poke|p2|Garganacl, F|
|poke|p2|Glimmora, F|
|poke|p2|Samurott-Hisui, M|
|poke|p2|Scream Tail|
|poke|p2|Brambleghast, M|
|teampreview
|
|t:|1779909229
|teamsize|p1|6
|teamsize|p2|6
|start
|switch|p1a: Zarude|Zarude|100/100
|switch|p2a: Saltwater|Samurott-Hisui, M, shiny|100/100
|turn|1
|inactive|Battle timer is ON: inactive players will automatically lose when time's up. (requested by SlimeyT9)
|
|t:|1779909241
|move|p2a: Saltwater|Flip Turn|p1a: Zarude
|-resisted|p1a: Zarude
|-crit|p1a: Zarude
|-damage|p1a: Zarude|82/100
|
|t:|1779909249
|switch|p2a: Glimmora|Glimmora, F|100/100|[from] Flip Turn
|move|p1a: Zarude|Power Whip|p2a: Glimmora
|-damage|p2a: Glimmora|30/100
|-activate|p2a: Glimmora|ability: Toxic Debris
|-sidestart|p1: kopv18|move: Toxic Spikes
|
|-heal|p1a: Zarude|88/100|[from] item: Leftovers
|upkeep
|turn|2
|
|t:|1779909269
|move|p1a: Zarude|Knock Off|p2a: Glimmora
|-damage|p2a: Glimmora|0 fnt
|-activate|p2a: Glimmora|ability: Toxic Debris
|-sidestart|p1: kopv18|move: Toxic Spikes
|-enditem|p2a: Glimmora|Focus Sash|[from] move: Knock Off|[of] p1a: Zarude
|faint|p2a: Glimmora
|
|-heal|p1a: Zarude|94/100|[from] item: Leftovers
|upkeep
|
|t:|1779909272
|switch|p2a: Anthong|Ceruledge, M|100/100
|turn|3
|
|t:|1779909297
|move|p1a: Zarude|Knock Off|p2a: Anthong
|-supereffective|p2a: Anthong
|-enditem|p2a: Anthong|Focus Sash
|-damage|p2a: Anthong|1/100
|-ability|p2a: Anthong|Weak Armor|boost
|-unboost|p2a: Anthong|def|1
|-boost|p2a: Anthong|spe|2
|move|p2a: Anthong|Swords Dance|p2a: Anthong
|-boost|p2a: Anthong|atk|2
|
|-heal|p1a: Zarude|99/100|[from] item: Leftovers
|upkeep
|turn|4
|
|t:|1779909327
|-terastallize|p1a: Zarude|Poison
|move|p2a: Anthong|Bitter Blade|p1a: Zarude
|-damage|p1a: Zarude|17/100
|-heal|p2a: Anthong|58/100|[from] drain|[of] p1a: Zarude
|move|p1a: Zarude|Knock Off|p2a: Anthong
|-supereffective|p2a: Anthong
|-damage|p2a: Anthong|0 fnt
|faint|p2a: Anthong
|
|-heal|p1a: Zarude|23/100|[from] item: Leftovers
|upkeep
|
|t:|1779909332
|switch|p2a: Saltwater|Samurott-Hisui, M, shiny|100/100
|turn|5
|
|t:|1779909338
|switch|p1a: Great Tusk|Great Tusk|100/100
|-status|p1a: Great Tusk|tox
|move|p2a: Saltwater|Ceaseless Edge|p1a: Great Tusk
|-resisted|p1a: Great Tusk
|-damage|p1a: Great Tusk|86/100 tox
|-sidestart|p1: kopv18|Spikes
|
|-heal|p1a: Great Tusk|92/100 tox|[from] item: Leftovers
|-damage|p1a: Great Tusk|86/100 tox|[from] psn
|upkeep
|turn|6
|
|t:|1779909342
|switch|p2a: Brambleghast|Brambleghast, M, shiny|100/100
|move|p1a: Great Tusk|Rapid Spin|p2a: Brambleghast
|-immune|p2a: Brambleghast
|
|-heal|p1a: Great Tusk|92/100 tox|[from] item: Leftovers
|-damage|p1a: Great Tusk|80/100 tox|[from] psn
|upkeep
|turn|7
|
|t:|1779909350
|move|p2a: Brambleghast|Power Whip|p1a: Great Tusk
|-supereffective|p1a: Great Tusk
|-damage|p1a: Great Tusk|9/100 tox
|move|p1a: Great Tusk|Ice Spinner|p2a: Brambleghast
|-supereffective|p2a: Brambleghast
|-damage|p2a: Brambleghast|22/100
|
|-heal|p1a: Great Tusk|15/100 tox|[from] item: Leftovers
|-damage|p1a: Great Tusk|0 fnt|[from] psn
|faint|p1a: Great Tusk
|-end|p1a: Great Tusk|Protosynthesis|[silent]
|upkeep
|
|t:|1779909367
|switch|p1a: Zarude|Zarude, tera:Poison|23/100
|-sideend|p1: kopv18|move: Toxic Spikes|[of] p1a: Zarude
|-damage|p1a: Zarude|11/100|[from] Spikes
|turn|8
|
|t:|1779909372
|switch|p1a: Walking Wake|Walking Wake|100/100
|-damage|p1a: Walking Wake|88/100|[from] Spikes
|move|p2a: Brambleghast|Rapid Spin|p1a: Walking Wake
|-damage|p1a: Walking Wake|72/100
|-boost|p2a: Brambleghast|spe|1
|
|upkeep
|turn|9
|
|t:|1779909382
|move|p2a: Brambleghast|Poltergeist|p1a: Walking Wake
|-activate|p1a: Walking Wake|move: Poltergeist|Choice Specs
|-damage|p1a: Walking Wake|10/100
|move|p1a: Walking Wake|Hydro Steam|p2a: Brambleghast
|-resisted|p2a: Brambleghast
|-damage|p2a: Brambleghast|0 fnt
|faint|p2a: Brambleghast
|
|upkeep
|
|t:|1779909389
|switch|p2a: Saltwater|Samurott-Hisui, M, shiny|100/100
|turn|10
|
|t:|1779909394
|-end|p1a: Walking Wake|Protosynthesis|[silent]
|switch|p1a: Zarude|Zarude, tera:Poison|11/100
|-damage|p1a: Zarude|0 fnt|[from] Spikes
|faint|p1a: Zarude
|move|p2a: Saltwater|Ceaseless Edge|p1: Zarude|[notarget]
|-fail|p2a: Saltwater
|
|upkeep
|
|t:|1779909410
|switch|p1a: Torkoal|Torkoal, F|100/100
|-damage|p1a: Torkoal|88/100|[from] Spikes
|-weather|SunnyDay|[from] ability: Drought|[of] p1a: Torkoal
|turn|11
|
|t:|1779909418
|switch|p2a: NU!?|Scream Tail, shiny|100/100
|-activate|p2a: NU!?|ability: Protosynthesis
|-start|p2a: NU!?|protosynthesisspd
|move|p1a: Torkoal|Eruption|p2a: NU!?
|-damage|p2a: NU!?|58/100
|
|-weather|SunnyDay|[upkeep]
|-heal|p2a: NU!?|64/100|[from] item: Leftovers
|upkeep
|turn|12
|
|t:|1779909433
|move|p2a: NU!?|Bulk Up|p2a: NU!?
|-boost|p2a: NU!?|atk|1
|-boost|p2a: NU!?|def|1
|move|p1a: Torkoal|Rapid Spin|p2a: NU!?
|-damage|p2a: NU!?|59/100
|-boost|p1a: Torkoal|spe|1
|-sideend|p1: kopv18|Spikes|[from] move: Rapid Spin|[of] p1a: Torkoal
|
|-weather|SunnyDay|[upkeep]
|-heal|p2a: NU!?|65/100|[from] item: Leftovers
|upkeep
|turn|13
|
|t:|1779909439
|switch|p1a: Walking Wake|Walking Wake|10/100
|-activate|p1a: Walking Wake|ability: Protosynthesis
|-start|p1a: Walking Wake|protosynthesisspe
|move|p2a: NU!?|Bulk Up|p2a: NU!?
|-boost|p2a: NU!?|atk|1
|-boost|p2a: NU!?|def|1
|
|-weather|SunnyDay|[upkeep]
|-heal|p2a: NU!?|71/100|[from] item: Leftovers
|upkeep
|turn|14
|
|t:|1779909442
|move|p1a: Walking Wake|Hydro Steam|p2a: NU!?
|-damage|p2a: NU!?|22/100
|move|p2a: NU!?|Drain Punch|p1a: Walking Wake
|-damage|p1a: Walking Wake|0 fnt
|-heal|p2a: NU!?|26/100|[from] drain|[of] p1a: Walking Wake
|faint|p1a: Walking Wake
|-end|p1a: Walking Wake|Protosynthesis|[silent]
|
|-weather|SunnyDay|[upkeep]
|-heal|p2a: NU!?|32/100|[from] item: Leftovers
|upkeep
|
|t:|1779909456
|switch|p1a: Rabsca|Rabsca, F|100/100
|turn|15
|
|t:|1779909464
|move|p2a: NU!?|Ice Punch|p1a: Rabsca
|-damage|p1a: Rabsca|58/100
|move|p1a: Rabsca|Weather Ball|p2a: NU!?
|-damage|p2a: NU!?|5/100
|
|-weather|SunnyDay|[upkeep]
|-heal|p2a: NU!?|11/100|[from] item: Leftovers
|upkeep
|turn|16
|
|t:|1779909472
|move|p2a: NU!?|Ice Punch|p1a: Rabsca
|-damage|p1a: Rabsca|17/100
|move|p1a: Rabsca|Bug Buzz|p2a: NU!?
|-damage|p2a: NU!?|0 fnt
|faint|p2a: NU!?
|-end|p2a: NU!?|Protosynthesis|[silent]
|-enditem|p1a: Rabsca|Throat Spray
|-boost|p1a: Rabsca|spa|1|[from] item: Throat Spray
|
|-weather|SunnyDay|[upkeep]
|upkeep
|
|t:|1779909475
|switch|p2a: Saltwater|Samurott-Hisui, M, shiny|100/100
|turn|17
|
|t:|1779909487
|move|p2a: Saltwater|Knock Off|p1a: Rabsca
|-supereffective|p1a: Rabsca
|-damage|p1a: Rabsca|0 fnt
|faint|p1a: Rabsca
|
|-weather|SunnyDay|[upkeep]
|upkeep
|
|t:|1779909492
|switch|p1a: Cresselia|Cresselia, F|100/100
|turn|18
|-message|kopv18 forfeited.
|
|win|SlimeyT9
|raw|kopv18's rating: 1411 &rarr; <strong>1390</strong><br />(-21 for losing)
|raw|SlimeyT9's rating: 1391 &rarr; <strong>1412</strong><br />(+21 for winning)
|l|☆kopv18
|player|p1|
|l|☆SlimeyT9
|player|p2|
