|j|☆FairyGoodTrainer
|j|☆Jmds900
|t:|1779804346
|gametype|singles
|player|p1|FairyGoodTrainer|veteran|1127
|player|p2|Jmds900|101|1051
|gen|9
|tier|[Gen 9] OU
|rated|
|rule|HP Percentage Mod: HP is shown in percentages
|rule|Endless Battle Clause: Forcing endless battles is banned
|rule|Species Clause: Limit one of each Pokémon
|rule|OHKO Clause: OHKO moves are banned
|rule|Evasion Items Clause: Evasion items are banned
|rule|Evasion Moves Clause: Evasion moves are banned
|rule|Evasion Abilities Clause: Evasion abilities are banned
|rule|Sleep Moves Clause: Sleep-inducing moves are banned
|clearpoke
|poke|p1|Okidogi, M|
|poke|p1|Sinistcha|
|poke|p1|Kommo-o, F|
|poke|p1|Umbreon, F|
|poke|p1|Primarina, M|
|poke|p1|Chimecho, F|
|poke|p2|Rillaboom, F|
|poke|p2|Whimsicott, M|
|poke|p2|Revavroom, M|
|poke|p2|Hawlucha, M|
|poke|p2|Milotic, F|
|poke|p2|Armarouge, M|
|teampreview
|inactive|Battle timer is ON: inactive players will automatically lose when time's up. (requested by FairyGoodTrainer)
|
|t:|1779804351
|teamsize|p1|6
|teamsize|p2|6
|start
|switch|p1a: Okidogi|Okidogi, M|100/100
|switch|p2a: Milotic|Milotic, F|100/100
|turn|1
|
|t:|1779804358
|move|p1a: Okidogi|Knock Off|p2a: Milotic
|-damage|p2a: Milotic|74/100
|-enditem|p2a: Milotic|Leftovers|[from] move: Knock Off|[of] p1a: Okidogi
|move|p2a: Milotic|Scald|p1a: Okidogi
|-damage|p1a: Okidogi|82/100
|
|upkeep
|turn|2
|
|t:|1779804366
|move|p1a: Okidogi|Ice Punch|p2a: Milotic
|-resisted|p2a: Milotic
|-damage|p2a: Milotic|64/100
|move|p2a: Milotic|Scald|p1a: Okidogi
|-damage|p1a: Okidogi|64/100
|
|upkeep
|turn|3
|
|t:|1779804373
|move|p1a: Okidogi|Drain Punch|p2a: Milotic
|-damage|p2a: Milotic|32/100
|-heal|p1a: Okidogi|80/100|[from] drain|[of] p2a: Milotic
|move|p2a: Milotic|Scald|p1a: Okidogi
|-damage|p1a: Okidogi|62/100
|
|upkeep
|turn|4
|
|t:|1779804381
|move|p1a: Okidogi|Drain Punch|p2a: Milotic
|-damage|p2a: Milotic|0 fnt
|-heal|p1a: Okidogi|78/100|[from] drain|[of] p2a: Milotic
|faint|p2a: Milotic
|
|upkeep
|
|t:|1779804400
|switch|p2a: Revavroom|Revavroom, M|100/100
|-item|p2a: Revavroom|Air Balloon
|turn|5
|
|t:|1779804406
|move|p2a: Revavroom|Shift Gear|p2a: Revavroom
|-boost|p2a: Revavroom|spe|2
|-boost|p2a: Revavroom|atk|1
|move|p1a: Okidogi|Knock Off|p2a: Revavroom
|-damage|p2a: Revavroom|56/100
|-enditem|p2a: Revavroom|Air Balloon
|
|upkeep
|turn|6
|
|t:|1779804414
|move|p2a: Revavroom|High Horsepower|p1a: Okidogi
|-supereffective|p1a: Okidogi
|-damage|p1a: Okidogi|10/100
|move|p1a: Okidogi|Drain Punch|p2a: Revavroom
|-damage|p2a: Revavroom|3/100
|-heal|p1a: Okidogi|31/100|[from] drain|[of] p2a: Revavroom
|
|upkeep
|turn|7
|
|t:|1779804422
|move|p2a: Revavroom|High Horsepower|p1a: Okidogi
|-supereffective|p1a: Okidogi
|-damage|p1a: Okidogi|0 fnt
|faint|p1a: Okidogi
|
|upkeep
|
|t:|1779804430
|switch|p1a: Chimecho|Chimecho, F|100/100
|turn|8
|
|t:|1779804443
|move|p2a: Revavroom|Iron Head|p1a: Chimecho
|-damage|p1a: Chimecho|38/100
|cant|p1a: Chimecho|flinch
|
|-heal|p1a: Chimecho|44/100|[from] item: Leftovers
|upkeep
|turn|9
|
|t:|1779804451
|move|p2a: Revavroom|Iron Head|p1a: Chimecho
|-damage|p1a: Chimecho|0 fnt
|faint|p1a: Chimecho
|
|upkeep
|
|t:|1779804454
|switch|p1a: Umbreon|Umbreon, F, shiny|100/100
|turn|10
|
|t:|1779804462
|move|p2a: Revavroom|Shift Gear|p2a: Revavroom
|-boost|p2a: Revavroom|spe|2
|-boost|p2a: Revavroom|atk|1
|move|p1a: Umbreon|Foul Play|p2a: Revavroom
|-damage|p2a: Revavroom|0 fnt
|faint|p2a: Revavroom
|
|upkeep
|
|t:|1779804471
|switch|p2a: Whimsicott|Whimsicott, M|100/100
|turn|11
|
|t:|1779804477
|move|p2a: Whimsicott|Leech Seed|p1a: Umbreon
|-hint|Since gen 7, Dark is immune to Prankster moves.
|-immune|p1a: Umbreon
|move|p1a: Umbreon|Toxic|p2a: Whimsicott
|-status|p2a: Whimsicott|tox
|
|-damage|p2a: Whimsicott|94/100 tox|[from] psn
|upkeep
|turn|12
|
|t:|1779804498
|move|p2a: Whimsicott|U-turn|p1a: Umbreon
|-supereffective|p1a: Umbreon
|-damage|p1a: Umbreon|84/100
|
|t:|1779804501
|switch|p2a: Rillaboom|Rillaboom, F|100/100|[from] U-turn
|-fieldstart|move: Grassy Terrain|[from] ability: Grassy Surge|[of] p2a: Rillaboom
|move|p1a: Umbreon|Foul Play|p2a: Rillaboom
|-damage|p2a: Rillaboom|50/100
|
|-heal|p2a: Rillaboom|56/100|[from] Grassy Terrain
|-heal|p1a: Umbreon|90/100|[from] Grassy Terrain
|-heal|p1a: Umbreon|96/100|[from] item: Leftovers
|upkeep
|turn|13
|
|t:|1779804515
|move|p2a: Rillaboom|Fake Out|p1a: Umbreon
|-damage|p1a: Umbreon|86/100
|move|p1a: Umbreon|Toxic|p2a: Rillaboom|[miss]
|-miss|p1a: Umbreon|p2a: Rillaboom
|
|-heal|p2a: Rillaboom|62/100|[from] Grassy Terrain
|-heal|p1a: Umbreon|92/100|[from] Grassy Terrain
|-heal|p1a: Umbreon|98/100|[from] item: Leftovers
|upkeep
|turn|14
|
|t:|1779804534
|move|p2a: Rillaboom|Wood Hammer|p1a: Umbreon
|-damage|p1a: Umbreon|35/100
|-damage|p2a: Rillaboom|42/100|[from] Recoil
|move|p1a: Umbreon|Foul Play|p2a: Rillaboom
|-damage|p2a: Rillaboom|0 fnt
|faint|p2a: Rillaboom
|
|-heal|p1a: Umbreon|41/100|[from] Grassy Terrain
|-heal|p1a: Umbreon|47/100|[from] item: Leftovers
|upkeep
|
|t:|1779804546
|switch|p2a: Hawlucha|Hawlucha, M|100/100
|-enditem|p2a: Hawlucha|Grassy Seed
|-boost|p2a: Hawlucha|def|1|[from] item: Grassy Seed
|turn|15
|
|t:|1779804556
|move|p2a: Hawlucha|Swords Dance|p2a: Hawlucha
|-boost|p2a: Hawlucha|atk|2
|move|p1a: Umbreon|Wish|p1a: Umbreon
|
|-heal|p1a: Umbreon|53/100|[from] Grassy Terrain
|-heal|p1a: Umbreon|59/100|[from] item: Leftovers
|upkeep
|turn|16
|
|t:|1779804566
|-terastallize|p2a: Hawlucha|Flying
|move|p2a: Hawlucha|Acrobatics|p1a: Umbreon
|-damage|p1a: Umbreon|0 fnt
|faint|p1a: Umbreon
|
|upkeep
|
|t:|1779804576
|switch|p1a: Primarina|Primarina, M|100/100
|turn|17
|
|t:|1779804583
|move|p2a: Hawlucha|Acrobatics|p1a: Primarina
|-damage|p1a: Primarina|0 fnt
|faint|p1a: Primarina
|
|upkeep
|
|t:|1779804587
|switch|p1a: Kommo-o|Kommo-o, F|100/100
|turn|18
|
|t:|1779804593
|move|p2a: Hawlucha|Acrobatics|p1a: Kommo-o
|-supereffective|p1a: Kommo-o
|-damage|p1a: Kommo-o|0 fnt
|faint|p1a: Kommo-o
|
|upkeep
|
|t:|1779804596
|switch|p1a: Sinistcha|Sinistcha, shiny|100/100
|turn|19
|
|t:|1779804602
|move|p2a: Hawlucha|Acrobatics|p1a: Sinistcha
|-supereffective|p1a: Sinistcha
|-damage|p1a: Sinistcha|0 fnt
|faint|p1a: Sinistcha
|
|win|Jmds900
|raw|FairyGoodTrainer's rating: 1127 &rarr; <strong>1097</strong><br />(-30 for losing)
|raw|Jmds900's rating: 1051 &rarr; <strong>1090</strong><br />(+39 for winning)
|l|☆FairyGoodTrainer
|player|p1|
|l|☆Jmds900
|player|p2|
