|j|☆Petervgo
|j|☆Senpai_4884
|t:|1779917397
|gametype|singles
|player|p1|Petervgo|iris-gen5bw2|1082
|player|p2|Senpai_4884|265|1063
|gen|9
|tier|[Gen 9] OU
|rated|
|rule|HP Percentage Mod: HP is shown in percentages
|rule|Endless Battle Clause: Forcing endless battles is banned
|rule|Species Clause: Limit one of each Pokémon
|rule|OHKO Clause: OHKO moves are banned
|rule|Evasion Items Clause: Evasion items are banned
|rule|Evasion Moves Clause: Evasion moves are banned
|rule|Evasion Abilities Clause: Evasion abilities are banned
|rule|Sleep Moves Clause: Sleep-inducing moves are banned
|clearpoke
|poke|p1|Toedscruel, M|
|poke|p1|Rillaboom, M|
|poke|p1|Ludicolo, M|
|poke|p1|Meowscarada, M|
|poke|p1|Decidueye-Hisui, F|
|poke|p1|Dipplin, F|
|poke|p2|Great Tusk|
|poke|p2|Corviknight, M|
|poke|p2|Ninetales, M|
|poke|p2|Hatterene, F|
|poke|p2|Comfey, M|
|poke|p2|Goodra-Hisui, M|
|teampreview
|l|☆Senpai_4884
|player|p2|
|j|☆Senpai_4884
|player|p2|Senpai_4884|265|
|
|t:|1779917420
|teamsize|p1|6
|teamsize|p2|6
|start
|switch|p1a: Ludicolo|Ludicolo, M|100/100
|switch|p2a: Ninetales|Ninetales, M|100/100
|-weather|SunnyDay|[from] ability: Drought|[of] p2a: Ninetales
|turn|1
|l|☆Senpai_4884
|player|p2|
|c|☆Petervgo|Hiii
|j|☆Senpai_4884
|player|p2|Senpai_4884|265|
|
|t:|1779917452
|switch|p2a: Goodra|Goodra-Hisui, M|100/100
|move|p1a: Ludicolo|Rain Dance|p1a: Ludicolo
|-weather|RainDance
|
|-weather|RainDance|[upkeep]
|upkeep
|turn|2
|
|t:|1779917468
|move|p1a: Ludicolo|Weather Ball|p2a: Goodra
|-resisted|p2a: Goodra
|-damage|p2a: Goodra|81/100
|move|p2a: Goodra|Sludge Wave|p1a: Ludicolo
|-supereffective|p1a: Ludicolo
|-damage|p1a: Ludicolo|41/100
|
|-weather|RainDance|[upkeep]
|upkeep
|turn|3
|
|t:|1779917498
|switch|p1a: Better version|Decidueye-Hisui, F, shiny|100/100
|move|p2a: Goodra|Sludge Wave|p1a: Better version
|-supereffective|p1a: Better version
|-damage|p1a: Better version|59/100
|
|-weather|RainDance|[upkeep]
|upkeep
|turn|4
|
|t:|1779917511
|switch|p2a: Ninetales|Ninetales, M|100/100
|-weather|SunnyDay|[from] ability: Drought|[of] p2a: Ninetales
|move|p1a: Better version|Triple Arrows|p2a: Ninetales
|-damage|p2a: Ninetales|37/100
|-unboost|p2a: Ninetales|def|1
|
|-weather|SunnyDay|[upkeep]
|upkeep
|turn|5
|c|☆Petervgo|!dt ninetails
'ninetails' has no exact match. Approximate match:
|c|☆Petervgo|/raw <div class="message"><ul class="utilichart"><li class="result"><span class="col numcol">ZU</span> <span class="col iconcol"><psicon pokemon="ninetales"/></span> <span class="col pokemonnamecol" style="white-space:nowrap"><a href="https://dex.pokemonshowdown.com/pokemon/ninetales" target="_blank">Ninetales</a></span> <span class="col typecol"><img src="https://play.pokemonshowdown.com/sprites/types/Fire.png" alt="Fire" height="14" width="32"></span> <span style="float:left;min-height:26px"><span class="col abilitycol">Flash Fire</span><span class="col abilitycol"><em>Drought</em></span></span><span style="float:left;min-height:26px"><span class="col statcol"><em>HP</em><br />73</span> <span class="col statcol"><em>Atk</em><br />76</span> <span class="col statcol"><em>Def</em><br />75</span> <span class="col statcol"><em>SpA</em><br />81</span> <span class="col statcol"><em>SpD</em><br />100</span> <span class="col statcol"><em>Spe</em><br />100</span> <span class="col bstcol"><em>BST<br />505</em></span> </span></li><li style="clear:both"></li></ul></div>
|c|☆Petervgo|/raw <font size="1"><font color="#686868">Dex#:</font> 38&nbsp;|&ThickSpace;<font color="#686868">Gen:</font> 1&nbsp;|&ThickSpace;<font color="#686868">Height:</font> 1.1 m&nbsp;|&ThickSpace;<font color="#686868">Weight:</font> 19.9 kg <em>(40 BP)</em>&nbsp;|&ThickSpace;<font color="#686868">Dex Colour:</font> Yellow&nbsp;|&ThickSpace;<font color="#686868">Egg Group(s):</font> Field&nbsp;|&ThickSpace;<font color="#686868">Pre-Evolution:</font> Vulpix&nbsp;|&ThickSpace;<font color="#686868">Does Not Evolve</font></font>

|
|t:|1779917557
|switch|p1a: Idk|Toedscruel, M|100/100
|move|p2a: Ninetales|Flamethrower|p1a: Idk
|-supereffective|p1a: Idk
|-damage|p1a: Idk|0 fnt
|faint|p1a: Idk
|
|-weather|SunnyDay|[upkeep]
|upkeep
|
|t:|1779917567
|switch|p1a: Da real art|Meowscarada, M, shiny|100/100
|turn|6
|
|t:|1779917572
|switch|p2a: Corviknight|Corviknight, M|100/100
|move|p1a: Da real art|Knock Off|p2a: Corviknight
|-start|p1a: Da real art|typechange|Dark|[from] ability: Protean
|-damage|p2a: Corviknight|68/100
|-damage|p1a: Da real art|84/100|[from] item: Rocky Helmet|[of] p2a: Corviknight
|-enditem|p2a: Corviknight|Rocky Helmet|[from] move: Knock Off|[of] p1a: Da real art
|
|-weather|SunnyDay|[upkeep]
|upkeep
|turn|7
|
|t:|1779917590
|move|p1a: Da real art|U-turn|p2a: Corviknight
|-resisted|p2a: Corviknight
|-damage|p2a: Corviknight|64/100
|
|t:|1779917600
|switch|p1a: Better version|Decidueye-Hisui, F, shiny|59/100|[from] U-turn
|move|p2a: Corviknight|Bulk Up|p2a: Corviknight
|-boost|p2a: Corviknight|atk|1
|-boost|p2a: Corviknight|def|1
|
|-weather|SunnyDay|[upkeep]
|upkeep
|turn|8
|
|t:|1779917611
|move|p2a: Corviknight|Body Press|p1a: Better version
|-damage|p1a: Better version|19/100
|move|p1a: Better version|Triple Arrows|p2a: Corviknight
|-damage|p2a: Corviknight|42/100
|-ability|p2a: Corviknight|Mirror Armor
|-unboost|p1a: Better version|def|1
|
|-weather|SunnyDay|[upkeep]
|upkeep
|turn|9
|c|☆Senpai_4884|Hi?
|
|t:|1779917646
|switch|p1a: Terra setter|Rillaboom, M, shiny|100/100
|-fieldstart|move: Grassy Terrain|[from] ability: Grassy Surge|[of] p1a: Terra setter
|move|p2a: Corviknight|Body Press|p1a: Terra setter
|-damage|p1a: Terra setter|70/100
|
|-weather|SunnyDay|[upkeep]
|-heal|p1a: Terra setter|76/100|[from] Grassy Terrain
|upkeep
|turn|10
|
|t:|1779917677
|move|p1a: Terra setter|Fake Out|p2a: Corviknight
|-resisted|p2a: Corviknight
|-damage|p2a: Corviknight|38/100
|cant|p2a: Corviknight|flinch
|
|-weather|SunnyDay|[upkeep]
|-heal|p1a: Terra setter|82/100|[from] Grassy Terrain
|upkeep
|turn|11
|
|t:|1779917706
|move|p1a: Terra setter|U-turn|p2a: Corviknight
|-resisted|p2a: Corviknight
|-damage|p2a: Corviknight|36/100
|
|t:|1779917714
|switch|p1a: Better version|Decidueye-Hisui, F, shiny|19/100|[from] U-turn
|move|p2a: Corviknight|Body Press|p1a: Better version
|-damage|p1a: Better version|0 fnt
|faint|p1a: Better version
|
|-weather|none
|upkeep
|
|t:|1779917723
|switch|p1a: Ludicolo|Ludicolo, M|41/100
|turn|12
|
|t:|1779917733
|move|p1a: Ludicolo|Rain Dance|p1a: Ludicolo
|-weather|RainDance
|move|p2a: Corviknight|Body Press|p1a: Ludicolo
|-damage|p1a: Ludicolo|0 fnt
|faint|p1a: Ludicolo
|
|-weather|RainDance|[upkeep]
|upkeep
|
|t:|1779917739
|switch|p1a: Da real art|Meowscarada, M, shiny|84/100
|turn|13
|
|t:|1779917748
|move|p1a: Da real art|Play Rough|p2a: Corviknight
|-start|p1a: Da real art|typechange|Fairy|[from] ability: Protean
|-resisted|p2a: Corviknight
|-damage|p2a: Corviknight|25/100
|move|p2a: Corviknight|Body Press|p1a: Da real art
|-resisted|p1a: Da real art
|-damage|p1a: Da real art|54/100
|
|-weather|RainDance|[upkeep]
|-heal|p1a: Da real art|60/100|[from] Grassy Terrain
|-fieldend|move: Grassy Terrain
|upkeep
|turn|14
|
|t:|1779917763
|move|p1a: Da real art|Knock Off|p2a: Corviknight
|-damage|p2a: Corviknight|15/100
|move|p2a: Corviknight|Facade|p1a: Da real art
|-damage|p1a: Da real art|11/100
|
|-weather|RainDance|[upkeep]
|upkeep
|turn|15
|
|t:|1779917772
|move|p1a: Da real art|Knock Off|p2a: Corviknight
|-damage|p2a: Corviknight|5/100
|move|p2a: Corviknight|Body Press|p1a: Da real art
|-resisted|p1a: Da real art
|-damage|p1a: Da real art|0 fnt
|faint|p1a: Da real art
|
|-weather|RainDance|[upkeep]
|upkeep
|
|t:|1779917775
|switch|p1a: Terra setter|Rillaboom, M, shiny|82/100
|-fieldstart|move: Grassy Terrain|[from] ability: Grassy Surge|[of] p1a: Terra setter
|turn|16
|
|t:|1779917782
|switch|p2a: Ninetales|Ninetales, M|37/100
|-weather|SunnyDay|[from] ability: Drought|[of] p2a: Ninetales
|move|p1a: Terra setter|Fake Out|p2a: Ninetales
|-damage|p2a: Ninetales|14/100
|
|-weather|SunnyDay|[upkeep]
|-heal|p2a: Ninetales|20/100|[from] Grassy Terrain
|-heal|p1a: Terra setter|88/100|[from] Grassy Terrain
|upkeep
|turn|17
|
|t:|1779917792
|switch|p2a: Goodra|Goodra-Hisui, M|81/100
|move|p1a: Terra setter|Grassy Glide|p2a: Goodra
|-ability|p2a: Goodra|Sap Sipper|boost
|-boost|p2a: Goodra|atk|1
|
|-weather|SunnyDay|[upkeep]
|-heal|p1a: Terra setter|95/100|[from] Grassy Terrain
|-heal|p2a: Goodra|87/100|[from] Grassy Terrain
|upkeep
|turn|18
|
|t:|1779917799
|move|p1a: Terra setter|Knock Off|p2a: Goodra
|-damage|p2a: Goodra|57/100
|-enditem|p2a: Goodra|Assault Vest|[from] move: Knock Off|[of] p1a: Terra setter
|move|p2a: Goodra|Ice Beam|p1a: Terra setter
|-supereffective|p1a: Terra setter
|-damage|p1a: Terra setter|46/100
|
|-weather|SunnyDay|[upkeep]
|-heal|p1a: Terra setter|52/100|[from] Grassy Terrain
|-heal|p2a: Goodra|63/100|[from] Grassy Terrain
|upkeep
|turn|19
|
|t:|1779917809
|move|p1a: Terra setter|U-turn|p2a: Goodra
|-resisted|p2a: Goodra
|-damage|p2a: Goodra|53/100
|
|t:|1779917810
|switch|p1a: Hard to kill|Dipplin, F, shiny|100/100|[from] U-turn
|move|p2a: Goodra|Flamethrower|p1a: Hard to kill
|-damage|p1a: Hard to kill|68/100
|
|-weather|SunnyDay|[upkeep]
|-heal|p2a: Goodra|59/100|[from] Grassy Terrain
|-heal|p1a: Hard to kill|74/100|[from] Grassy Terrain
|upkeep
|turn|20
|inactive|Battle timer is ON: inactive players will automatically lose when time's up. (requested by Senpai_4884)
|
|t:|1779917831
|move|p1a: Hard to kill|Protect|p1a: Hard to kill
|-singleturn|p1a: Hard to kill|Protect
|move|p2a: Goodra|Ice Beam|p1a: Hard to kill
|-activate|p1a: Hard to kill|move: Protect
|
|-weather|SunnyDay|[upkeep]
|-heal|p2a: Goodra|65/100|[from] Grassy Terrain
|-heal|p1a: Hard to kill|80/100|[from] Grassy Terrain
|-fieldend|move: Grassy Terrain
|upkeep
|turn|21
|-message|Petervgo forfeited.
|
|win|Senpai_4884
|raw|Petervgo's rating: 1082 &rarr; <strong>1058</strong><br />(-24 for losing)
|raw|Senpai_4884's rating: 1063 &rarr; <strong>1095</strong><br />(+32 for winning)
|l|☆Petervgo
|player|p1|
|l|☆Senpai_4884
|player|p2|
