|j|☆LssjGudu
|j|☆cursedtorch3
|t:|1779934225
|gametype|singles
|player|p1|LssjGudu|giovanni|
|player|p2|cursedtorch3|aaron|
|gen|9
|tier|[Gen 9] OU
|rule|HP Percentage Mod: HP is shown in percentages
|rule|Endless Battle Clause: Forcing endless battles is banned
|rule|Species Clause: Limit one of each Pokémon
|rule|OHKO Clause: OHKO moves are banned
|rule|Evasion Items Clause: Evasion items are banned
|rule|Evasion Moves Clause: Evasion moves are banned
|rule|Evasion Abilities Clause: Evasion abilities are banned
|rule|Sleep Moves Clause: Sleep-inducing moves are banned
|clearpoke
|poke|p1|Tyranitar, F|
|poke|p1|Excadrill, F|
|poke|p1|Keldeo-Resolute|
|poke|p1|Tornadus-Therian, M|
|poke|p1|Heatran, F|
|poke|p1|Hydrapple, M|
|poke|p2|Garganacl, M|
|poke|p2|Kingambit, F|
|poke|p2|Weezing-Galar, M|
|poke|p2|Alomomola, M|
|poke|p2|Rillaboom, M|
|poke|p2|Ceruledge, M|
|teampreview
|c|☆LssjGudu|Glhf
|c|☆cursedtorch3|good luck!
|
|t:|1779934267
|teamsize|p1|6
|teamsize|p2|6
|start
|switch|p1a: Tornadus|Tornadus-Therian, M|100/100
|switch|p2a: Garganacl|Garganacl, M|100/100
|turn|1
|
|t:|1779934273
|move|p1a: Tornadus|U-turn|p2a: Garganacl
|-damage|p2a: Garganacl|90/100
|
|t:|1779934278
|switch|p1a: Hydrapple|Hydrapple, M|100/100|[from] U-turn
|move|p2a: Garganacl|Stealth Rock|p1a: Hydrapple
|-sidestart|p1: LssjGudu|move: Stealth Rock
|
|upkeep
|turn|2
|
|t:|1779934304
|move|p1a: Hydrapple|Earth Power|p2a: Garganacl
|-supereffective|p2a: Garganacl
|-damage|p2a: Garganacl|45/100
|-unboost|p2a: Garganacl|spd|1
|move|p2a: Garganacl|Body Slam|p1a: Hydrapple
|-damage|p1a: Hydrapple|84/100
|-damage|p2a: Garganacl|28/100|[from] item: Rocky Helmet|[of] p1a: Hydrapple
|
|upkeep
|turn|3
|
|t:|1779934313
|move|p1a: Hydrapple|Earth Power|p2a: Garganacl
|-supereffective|p2a: Garganacl
|-damage|p2a: Garganacl|0 fnt
|faint|p2a: Garganacl
|
|upkeep
|
|t:|1779934322
|switch|p2a: Ceruledge|Ceruledge, M|100/100
|turn|4
|
|t:|1779934331
|move|p2a: Ceruledge|Bulk Up|p2a: Ceruledge
|-boost|p2a: Ceruledge|atk|1
|-boost|p2a: Ceruledge|def|1
|move|p1a: Hydrapple|Earth Power|p2a: Ceruledge
|-supereffective|p2a: Ceruledge
|-damage|p2a: Ceruledge|42/100
|
|upkeep
|turn|5
|
|t:|1779934338
|move|p2a: Ceruledge|Flame Charge|p1a: Hydrapple
|-damage|p1a: Hydrapple|55/100
|-boost|p2a: Ceruledge|spe|1
|-damage|p2a: Ceruledge|26/100|[from] item: Rocky Helmet|[of] p1a: Hydrapple
|-damage|p2a: Ceruledge|16/100|[from] item: Life Orb
|move|p1a: Hydrapple|Earth Power|p2a: Ceruledge
|-supereffective|p2a: Ceruledge
|-damage|p2a: Ceruledge|0 fnt
|faint|p2a: Ceruledge
|
|upkeep
|
|t:|1779934341
|switch|p2a: Weezing|Weezing-Galar, M|100/100
|turn|6
|
|t:|1779934344
|move|p2a: Weezing|Toxic Spikes|p1a: Hydrapple
|-sidestart|p1: LssjGudu|move: Toxic Spikes
|move|p1a: Hydrapple|Nasty Plot|p1a: Hydrapple
|-boost|p1a: Hydrapple|spa|2
|
|upkeep
|turn|7
|
|t:|1779934356
|switch|p1a: Heatran|Heatran, F|100/100
|-damage|p1a: Heatran|88/100|[from] Stealth Rock
|move|p2a: Weezing|Will-O-Wisp|p1a: Heatran
|-immune|p1a: Heatran
|
|-heal|p1a: Heatran|94/100|[from] item: Leftovers
|upkeep
|turn|8
|
|t:|1779934364
|move|p1a: Heatran|Stealth Rock|p2a: Weezing
|-sidestart|p2: cursedtorch3|move: Stealth Rock
|move|p2a: Weezing|Flamethrower|p1a: Heatran
|-damage|p1a: Heatran|83/100
|
|-heal|p1a: Heatran|89/100|[from] item: Leftovers
|upkeep
|turn|9
|
|t:|1779934371
|switch|p2a: Alomomola|Alomomola, M, shiny|100/100
|-damage|p2a: Alomomola|88/100|[from] Stealth Rock
|move|p1a: Heatran|Taunt|p2a: Alomomola
|-start|p2a: Alomomola|move: Taunt
|
|-heal|p1a: Heatran|95/100|[from] item: Leftovers
|upkeep
|turn|10
|
|t:|1779934376
|move|p1a: Heatran|Magma Storm|p2a: Alomomola
|-resisted|p2a: Alomomola
|-damage|p2a: Alomomola|65/100
|-activate|p2a: Alomomola|move: Magma Storm|[of] p1a: Heatran
|move|p2a: Alomomola|Surf|p1a: Heatran
|-supereffective|p1a: Heatran
|-damage|p1a: Heatran|64/100
|
|-heal|p1a: Heatran|70/100|[from] item: Leftovers
|-damage|p2a: Alomomola|52/100|[from] move: Magma Storm|[partiallytrapped]
|upkeep
|turn|11
|
|t:|1779934382
|move|p1a: Heatran|Earth Power|p2a: Alomomola
|-damage|p2a: Alomomola|24/100
|move|p2a: Alomomola|Surf|p1a: Heatran
|-supereffective|p1a: Heatran
|-damage|p1a: Heatran|37/100
|
|-heal|p1a: Heatran|44/100|[from] item: Leftovers
|-damage|p2a: Alomomola|11/100|[from] move: Magma Storm|[partiallytrapped]
|-end|p2a: Alomomola|move: Taunt
|upkeep
|turn|12
|
|t:|1779934389
|move|p1a: Heatran|Earth Power|p2a: Alomomola
|-damage|p2a: Alomomola|0 fnt
|faint|p2a: Alomomola
|
|-heal|p1a: Heatran|50/100|[from] item: Leftovers
|upkeep
|
|t:|1779934395
|switch|p2a: Rillaboom|Rillaboom, M|100/100
|-damage|p2a: Rillaboom|88/100|[from] Stealth Rock
|turn|13
|c|☆cursedtorch3|I am bad at competitive pokemon XD
|c|☆LssjGudu|Did you forgot to give grassy teren ability?💀
|c|☆cursedtorch3|yes
|c|☆cursedtorch3|i did indeed
|c|☆LssjGudu|Dam...
|
|t:|1779934456
|switch|p1a: Tornadus|Tornadus-Therian, M|100/100
|move|p2a: Rillaboom|Fake Out|p1a: Tornadus
|-damage|p1a: Tornadus|85/100
|
|upkeep
|turn|14
|c|☆cursedtorch3|only pokemon i forgot to change abilities
|
|t:|1779934465
|switch|p2a: Weezing|Weezing-Galar, M|100/100
|-damage|p2a: Weezing|88/100|[from] Stealth Rock
|move|p1a: Tornadus|Bleakwind Storm|p2a: Weezing
|-damage|p2a: Weezing|53/100
|
|-heal|p2a: Weezing|59/100|[from] item: Leftovers
|upkeep
|turn|15
|
|t:|1779934475
|move|p1a: Tornadus|Taunt|p2a: Weezing
|-start|p2a: Weezing|move: Taunt
|move|p2a: Weezing|Flamethrower|p1a: Tornadus
|-damage|p1a: Tornadus|68/100
|
|-heal|p2a: Weezing|65/100|[from] item: Leftovers
|upkeep
|turn|16
|
|t:|1779934482
|move|p1a: Tornadus|U-turn|p2a: Weezing
|-resisted|p2a: Weezing
|-damage|p2a: Weezing|62/100
|c|☆LssjGudu|True...
|
|t:|1779934489
|switch|p1a: Excadrill|Excadrill, F|100/100|[from] U-turn
|-damage|p1a: Excadrill|97/100|[from] Stealth Rock
|-item|p1a: Excadrill|Air Balloon
|move|p2a: Weezing|Flamethrower|p1a: Excadrill
|-supereffective|p1a: Excadrill
|-damage|p1a: Excadrill|52/100
|-enditem|p1a: Excadrill|Air Balloon
|
|-heal|p2a: Weezing|68/100|[from] item: Leftovers
|upkeep
|turn|17
|
|t:|1779934493
|move|p1a: Excadrill|Rapid Spin|p2a: Weezing
|-damage|p2a: Weezing|50/100
|-boost|p1a: Excadrill|spe|1
|-sideend|p1: LssjGudu|Toxic Spikes|[from] move: Rapid Spin|[of] p1a: Excadrill
|-sideend|p1: LssjGudu|Stealth Rock|[from] move: Rapid Spin|[of] p1a: Excadrill
|move|p2a: Weezing|Flamethrower|p1a: Excadrill
|-supereffective|p1a: Excadrill
|-damage|p1a: Excadrill|6/100
|
|-heal|p2a: Weezing|56/100|[from] item: Leftovers
|-end|p2a: Weezing|move: Taunt
|upkeep
|turn|18
|
|t:|1779934502
|move|p1a: Excadrill|Iron Head|p2a: Weezing
|-supereffective|p2a: Weezing
|-damage|p2a: Weezing|0 fnt
|faint|p2a: Weezing
|
|upkeep
|
|t:|1779934506
|switch|p2a: Rillaboom|Rillaboom, M|88/100
|-damage|p2a: Rillaboom|76/100|[from] Stealth Rock
|turn|19
|
|t:|1779934509
|move|p2a: Rillaboom|Fake Out|p1a: Excadrill
|-resisted|p1a: Excadrill
|-damage|p1a: Excadrill|0 fnt
|faint|p1a: Excadrill
|
|upkeep
|
|t:|1779934516
|switch|p1a: Tornadus|Tornadus-Therian, M|100/100
|turn|20
|
|t:|1779934521
|move|p1a: Tornadus|Bleakwind Storm|p2a: Rillaboom
|-supereffective|p2a: Rillaboom
|-damage|p2a: Rillaboom|15/100
|-unboost|p2a: Rillaboom|spe|1
|move|p2a: Rillaboom|Knock Off|p1a: Tornadus
|-damage|p1a: Tornadus|61/100
|-enditem|p1a: Tornadus|Heavy-Duty Boots|[from] move: Knock Off|[of] p2a: Rillaboom
|
|upkeep
|turn|21
|
|t:|1779934526
|move|p1a: Tornadus|U-turn|p2a: Rillaboom
|-supereffective|p2a: Rillaboom
|-damage|p2a: Rillaboom|0 fnt
|faint|p2a: Rillaboom
|
|t:|1779934533
|switch|p1a: Keldeo|Keldeo-Resolute|100/100|[from] U-turn
|
|upkeep
|
|t:|1779934535
|switch|p2a: Kingambit|Kingambit, F|100/100
|-damage|p2a: Kingambit|94/100|[from] Stealth Rock
|-activate|p2a: Kingambit|ability: Supreme Overlord
|-start|p2a: Kingambit|fallen5|[silent]
|turn|22
|
|t:|1779934541
|-terastallize|p2a: Kingambit|Dark
|move|p1a: Keldeo|Secret Sword|p2a: Kingambit
|-supereffective|p2a: Kingambit
|-damage|p2a: Kingambit|0 fnt
|faint|p2a: Kingambit
|-end|p2a: Kingambit|fallen5|[silent]
|
|win|LssjGudu
|c|☆LssjGudu|Ggwp
|c|☆cursedtorch3|yeaaaah gg
