|j|☆hgjgfjyg
|j|☆AutisticKid64
|t:|1779809354
|gametype|singles
|player|p1|hgjgfjyg|collector|1437
|player|p2|AutisticKid64|ethan-masters|1459
|gen|9
|tier|[Gen 9] OU
|rated|
|rule|HP Percentage Mod: HP is shown in percentages
|rule|Endless Battle Clause: Forcing endless battles is banned
|rule|Species Clause: Limit one of each Pokémon
|rule|OHKO Clause: OHKO moves are banned
|rule|Evasion Items Clause: Evasion items are banned
|rule|Evasion Moves Clause: Evasion moves are banned
|rule|Evasion Abilities Clause: Evasion abilities are banned
|rule|Sleep Moves Clause: Sleep-inducing moves are banned
|clearpoke
|poke|p1|Pelipper, F|
|poke|p1|Samurott-Hisui, M|
|poke|p1|Iron Treads|
|poke|p1|Barraskewda, F|
|poke|p1|Toxicroak, F|
|poke|p1|Porygon-Z|
|poke|p2|Cloyster, M|
|poke|p2|Iron Valiant|
|poke|p2|Avalugg-Hisui, F|
|poke|p2|Iron Moth|
|poke|p2|Weezing-Galar, M|
|poke|p2|Tsareena, F|
|teampreview
|inactive|Battle timer is ON: inactive players will automatically lose when time's up. (requested by hgjgfjyg)
|
|t:|1779809366
|teamsize|p1|6
|teamsize|p2|6
|start
|switch|p1a: Toxicroak|Toxicroak, F|100/100
|switch|p2a: Avalugg|Avalugg-Hisui, F|100/100
|turn|1
|
|t:|1779809373
|move|p1a: Toxicroak|Knock Off|p2a: Avalugg
|-damage|p2a: Avalugg|78/100
|-enditem|p2a: Avalugg|Custap Berry|[from] move: Knock Off|[of] p1a: Toxicroak
|-damage|p1a: Toxicroak|91/100|[from] item: Life Orb
|move|p2a: Avalugg|Stealth Rock|p1a: Toxicroak
|-sidestart|p1: hgjgfjyg|move: Stealth Rock
|
|upkeep
|turn|2
|
|t:|1779809380
|move|p1a: Toxicroak|Close Combat|p2a: Avalugg
|-supereffective|p2a: Avalugg
|-damage|p2a: Avalugg|0 fnt
|-unboost|p1a: Toxicroak|def|1
|-unboost|p1a: Toxicroak|spd|1
|faint|p2a: Avalugg
|-damage|p1a: Toxicroak|81/100|[from] item: Life Orb
|
|upkeep
|
|t:|1779809388
|switch|p2a: Cloyster|Cloyster, M|100/100
|turn|3
|
|t:|1779809395
|-terastallize|p2a: Cloyster|Ghost
|move|p1a: Toxicroak|Knock Off|p2a: Cloyster
|-supereffective|p2a: Cloyster
|-damage|p2a: Cloyster|40/100
|-enditem|p2a: Cloyster|Focus Sash|[from] move: Knock Off|[of] p1a: Toxicroak
|-damage|p1a: Toxicroak|71/100|[from] item: Life Orb
|move|p2a: Cloyster|Shell Smash|p2a: Cloyster
|-unboost|p2a: Cloyster|def|1
|-unboost|p2a: Cloyster|spd|1
|-boost|p2a: Cloyster|atk|2
|-boost|p2a: Cloyster|spa|2
|-boost|p2a: Cloyster|spe|2
|
|upkeep
|turn|4
|
|t:|1779809406
|switch|p1a: Pelipper|Pelipper, F|100/100
|-damage|p1a: Pelipper|76/100|[from] Stealth Rock
|-weather|RainDance|[from] ability: Drizzle|[of] p1a: Pelipper
|move|p2a: Cloyster|Icicle Spear|p1a: Pelipper
|-damage|p1a: Pelipper|57/100
|-crit|p1a: Pelipper
|-damage|p1a: Pelipper|33/100
|-damage|p1a: Pelipper|15/100
|-damage|p1a: Pelipper|0 fnt
|faint|p1a: Pelipper
|-hitcount|p1: Pelipper|4
|
|-weather|RainDance|[upkeep]
|upkeep
|
|t:|1779809409
|switch|p1a: Barraskewda|Barraskewda, F|100/100
|-damage|p1a: Barraskewda|88/100|[from] Stealth Rock
|turn|5
|
|t:|1779809414
|move|p1a: Barraskewda|Liquidation|p2a: Cloyster
|-damage|p2a: Cloyster|0 fnt
|faint|p2a: Cloyster
|
|-weather|RainDance|[upkeep]
|upkeep
|
|t:|1779809417
|switch|p2a: Tsareena|Tsareena, F|100/100
|turn|6
|
|t:|1779809424
|switch|p1a: Toxicroak|Toxicroak, F|71/100
|-damage|p1a: Toxicroak|65/100|[from] Stealth Rock
|move|p2a: Tsareena|Power Whip|p1a: Toxicroak
|-resisted|p1a: Toxicroak
|-damage|p1a: Toxicroak|10/100
|
|-weather|RainDance|[upkeep]
|-heal|p1a: Toxicroak|23/100|[from] ability: Dry Skin
|upkeep
|turn|7
|
|t:|1779809427
|move|p1a: Toxicroak|Gunk Shot|p2a: Tsareena
|-supereffective|p2a: Tsareena
|-damage|p2a: Tsareena|0 fnt
|faint|p2a: Tsareena
|-damage|p1a: Toxicroak|13/100|[from] item: Life Orb
|
|-weather|RainDance|[upkeep]
|-heal|p1a: Toxicroak|25/100|[from] ability: Dry Skin
|upkeep
|
|t:|1779809434
|switch|p2a: Weezing|Weezing-Galar, M|100/100
|-ability|p2a: Weezing|Neutralizing Gas
|turn|8
|
|t:|1779809440
|move|p1a: Toxicroak|Knock Off|p2a: Weezing
|-resisted|p2a: Weezing
|-damage|p2a: Weezing|89/100
|-damage|p1a: Toxicroak|9/100|[from] item: Rocky Helmet|[of] p2a: Weezing
|-enditem|p2a: Weezing|Rocky Helmet|[from] move: Knock Off|[of] p1a: Toxicroak
|-damage|p1a: Toxicroak|0 fnt|[from] item: Life Orb
|faint|p1a: Toxicroak
|move|p2a: Weezing|Strange Steam|p1: Toxicroak|[notarget]
|-fail|p2a: Weezing
|
|-weather|RainDance|[upkeep]
|upkeep
|
|t:|1779809449
|switch|p1a: Barraskewda|Barraskewda, F|88/100
|-damage|p1a: Barraskewda|76/100|[from] Stealth Rock
|turn|9
|j| YeBoi3Leau
|
|t:|1779809454
|move|p1a: Barraskewda|Liquidation|p2a: Weezing
|-damage|p2a: Weezing|23/100
|move|p2a: Weezing|Strange Steam|p1a: Barraskewda
|-damage|p1a: Barraskewda|19/100
|
|-weather|RainDance|[upkeep]
|upkeep
|turn|10
|
|t:|1779809457
|move|p1a: Barraskewda|Liquidation|p2a: Weezing
|-damage|p2a: Weezing|0 fnt
|faint|p2a: Weezing
|-end|p2a: Weezing|ability: Neutralizing Gas
|
|-weather|RainDance|[upkeep]
|upkeep
|
|t:|1779809459
|switch|p2a: Iron Valiant|Iron Valiant|100/100
|-enditem|p2a: Iron Valiant|Booster Energy
|-activate|p2a: Iron Valiant|ability: Quark Drive|[fromitem]
|-start|p2a: Iron Valiant|quarkdrivespe
|turn|11
|l| YeBoi3Leau
|
|t:|1779809462
|-terastallize|p1a: Barraskewda|Ghost
|move|p1a: Barraskewda|Liquidation|p2a: Iron Valiant
|-damage|p2a: Iron Valiant|0 fnt
|faint|p2a: Iron Valiant
|-end|p2a: Iron Valiant|Quark Drive|[silent]
|
|-weather|none
|upkeep
|
|t:|1779809466
|switch|p2a: Iron Moth|Iron Moth|100/100
|-enditem|p2a: Iron Moth|Booster Energy
|-activate|p2a: Iron Moth|ability: Quark Drive|[fromitem]
|-start|p2a: Iron Moth|quarkdrivespe
|turn|12
|
|t:|1779809473
|switch|p1a: Bey blade|Iron Treads|100/100
|move|p2a: Iron Moth|Fiery Dance|p1a: Bey blade
|-supereffective|p1a: Bey blade
|-damage|p1a: Bey blade|0 fnt
|faint|p1a: Bey blade
|-end|p1a: Bey blade|Quark Drive|[silent]
|
|upkeep
|
|t:|1779809479
|switch|p1a: Barraskewda|Barraskewda, F, tera:Ghost|19/100
|-damage|p1a: Barraskewda|7/100|[from] Stealth Rock
|turn|13
|
|t:|1779809481
|move|p1a: Barraskewda|Aqua Jet|p2a: Iron Moth
|-supereffective|p2a: Iron Moth
|-damage|p2a: Iron Moth|5/100
|move|p2a: Iron Moth|Fiery Dance|p1a: Barraskewda
|-damage|p1a: Barraskewda|0 fnt
|-boost|p2a: Iron Moth|spa|1
|faint|p1a: Barraskewda
|
|upkeep
|
|t:|1779809490
|switch|p1a: Spike factory|Samurott-Hisui, M|100/100
|-damage|p1a: Spike factory|88/100|[from] Stealth Rock
|turn|14
|
|t:|1779809495
|move|p2a: Iron Moth|Bug Buzz|p1a: Spike factory
|-supereffective|p1a: Spike factory
|-damage|p1a: Spike factory|0 fnt
|faint|p1a: Spike factory
|
|upkeep
|
|t:|1779809496
|switch|p1a: Nuclear bomb|Porygon-Z|100/100
|-damage|p1a: Nuclear bomb|88/100|[from] Stealth Rock
|-ability|p1a: Nuclear bomb|Download|boost
|-boost|p1a: Nuclear bomb|atk|1
|turn|15
|
|t:|1779809499
|move|p2a: Iron Moth|Sludge Wave|p1a: Nuclear bomb
|-damage|p1a: Nuclear bomb|0 fnt
|faint|p1a: Nuclear bomb
|
|win|AutisticKid64
|raw|hgjgfjyg's rating: 1437 &rarr; <strong>1418</strong><br />(-19 for losing)
|raw|AutisticKid64's rating: 1459 &rarr; <strong>1478</strong><br />(+19 for winning)
|l|☆AutisticKid64
|player|p2|
|c|☆hgjgfjyg|Gg
|l|☆hgjgfjyg
|player|p1|
