|j|☆goodnightnite
|j|☆vidiva
|t:|1779946386
|gametype|singles
|player|p1|goodnightnite|miku-water|1645
|player|p2|vidiva|elesa-masters|1686
|gen|9
|tier|[Gen 9] OU
|rated|
|rule|HP Percentage Mod: HP is shown in percentages
|rule|Endless Battle Clause: Forcing endless battles is banned
|rule|Species Clause: Limit one of each Pokémon
|rule|OHKO Clause: OHKO moves are banned
|rule|Evasion Items Clause: Evasion items are banned
|rule|Evasion Moves Clause: Evasion moves are banned
|rule|Evasion Abilities Clause: Evasion abilities are banned
|rule|Sleep Moves Clause: Sleep-inducing moves are banned
|clearpoke
|poke|p1|Primarina, M|
|poke|p1|Zamazenta-*|
|poke|p1|Gholdengo|
|poke|p1|Rillaboom, M|
|poke|p1|Glimmora, M|
|poke|p1|Hydreigon, M|
|poke|p2|Dragonite, F|
|poke|p2|Samurott-Hisui, M|
|poke|p2|Clefable, M|
|poke|p2|Gliscor, M|
|poke|p2|Gholdengo|
|poke|p2|Zamazenta-*|
|teampreview
|inactive|Battle timer is ON: inactive players will automatically lose when time's up. (requested by goodnightnite)
|inactive|vidiva also wants the timer to be on.
|
|t:|1779946399
|teamsize|p1|6
|teamsize|p2|6
|start
|switch|p1a: Kong|Rillaboom, M, shiny|100/100
|switch|p2a: Gholdengo|Gholdengo|100/100
|-fieldstart|move: Grassy Terrain|[from] ability: Grassy Surge|[of] p1a: Kong
|turn|1
|c|☆goodnightnite|did i face you like 2 mins before this.
|
|t:|1779946422
|switch|p2a: Clefable|Clefable, M|100/100
|move|p1a: Kong|Knock Off|p2a: Clefable
|-resisted|p2a: Clefable
|-damage|p2a: Clefable|84/100
|-damage|p1a: Kong|84/100|[from] item: Rocky Helmet|[of] p2a: Clefable
|-enditem|p2a: Clefable|Rocky Helmet|[from] move: Knock Off|[of] p1a: Kong
|-damage|p1a: Kong|74/100|[from] item: Life Orb
|
|-heal|p1a: Kong|80/100|[from] Grassy Terrain
|-heal|p2a: Clefable|90/100|[from] Grassy Terrain
|upkeep
|turn|2
|c|☆goodnightnite|nvm its just the same team.
|
|t:|1779946443
|switch|p1a: Bullet|Glimmora, M, shiny|100/100
|move|p2a: Clefable|Stealth Rock|p1a: Bullet
|-sidestart|p1: goodnightnite|move: Stealth Rock
|
|-heal|p2a: Clefable|96/100|[from] Grassy Terrain
|upkeep
|turn|3
|inactive|vidiva has 120 seconds left.
|
|t:|1779946463
|switch|p2a: Gliscor|Gliscor, M|100/100
|move|p1a: Bullet|Stealth Rock|p2a: Gliscor
|-sidestart|p2: vidiva|move: Stealth Rock
|
|-status|p2a: Gliscor|tox|[from] item: Toxic Orb
|upkeep
|turn|4
|inactive|vidiva has 120 seconds left.
|
|t:|1779946477
|move|p2a: Gliscor|Swords Dance|p2a: Gliscor
|-boost|p2a: Gliscor|atk|2
|move|p1a: Bullet|Spikes|p2a: Gliscor
|-sidestart|p2: vidiva|Spikes
|
|upkeep
|turn|5
|
|t:|1779946482
|move|p2a: Gliscor|Swords Dance|p2a: Gliscor
|-boost|p2a: Gliscor|atk|2
|move|p1a: Bullet|Mortal Spin|p2a: Gliscor
|-resisted|p2a: Gliscor
|-crit|p2a: Gliscor
|-damage|p2a: Gliscor|97/100 tox
|-sideend|p1: goodnightnite|Stealth Rock|[from] move: Mortal Spin|[of] p1a: Bullet
|
|-heal|p2a: Gliscor|100/100 tox|[from] ability: Poison Heal
|-fieldend|move: Grassy Terrain
|upkeep
|turn|6
|
|t:|1779946486
|switch|p1a: Hybrid|Hydreigon, M, shiny|100/100
|move|p2a: Gliscor|Swords Dance|p2a: Gliscor
|-boost|p2a: Gliscor|atk|2
|
|upkeep
|turn|7
|
|t:|1779946491
|move|p2a: Gliscor|Protect|p2a: Gliscor
|-singleturn|p2a: Gliscor|Protect
|move|p1a: Hybrid|Draco Meteor|p2a: Gliscor
|-activate|p2a: Gliscor|move: Protect
|
|upkeep
|turn|8
|
|t:|1779946495
|move|p1a: Hybrid|Draco Meteor|p2a: Gliscor
|-damage|p2a: Gliscor|5/100 tox
|-unboost|p1a: Hybrid|spa|2
|move|p2a: Gliscor|Facade|p1a: Hybrid
|-damage|p1a: Hybrid|0 fnt
|faint|p1a: Hybrid
|
|-heal|p2a: Gliscor|17/100 tox|[from] ability: Poison Heal
|upkeep
|
|t:|1779946501
|switch|p1a: Kong|Rillaboom, M, shiny|80/100
|-fieldstart|move: Grassy Terrain|[from] ability: Grassy Surge|[of] p1a: Kong
|turn|9
|
|t:|1779946507
|move|p2a: Gliscor|Protect|p2a: Gliscor
|-singleturn|p2a: Gliscor|Protect
|move|p1a: Kong|Grassy Glide|p2a: Gliscor
|-activate|p2a: Gliscor|move: Protect
|
|-heal|p1a: Kong|86/100|[from] Grassy Terrain
|-heal|p2a: Gliscor|30/100 tox|[from] ability: Poison Heal
|upkeep
|turn|10
|j| Kakimori
|
|t:|1779946523
|switch|p1a: Bullet|Glimmora, M, shiny|100/100
|move|p2a: Gliscor|Facade|p1a: Bullet
|-resisted|p1a: Bullet
|-damage|p1a: Bullet|53/100
|-activate|p1a: Bullet|ability: Toxic Debris
|-sidestart|p2: vidiva|move: Toxic Spikes
|-enditem|p1a: Bullet|Red Card|[of] p2a: Gliscor
|drag|p2a: Dragonite|Dragonite, F|100/100
|
|-heal|p1a: Bullet|60/100|[from] Grassy Terrain
|upkeep
|turn|11
|
|t:|1779946538
|switch|p2a: Gliscor|Gliscor, M|30/100 tox
|-damage|p2a: Gliscor|17/100 tox|[from] Stealth Rock
|move|p1a: Bullet|Mortal Spin|p2a: Gliscor
|-resisted|p2a: Gliscor
|-damage|p2a: Gliscor|15/100 tox
|
|-heal|p1a: Bullet|66/100|[from] Grassy Terrain
|-heal|p2a: Gliscor|27/100 tox|[from] ability: Poison Heal
|upkeep
|turn|12
|
|t:|1779946543
|move|p2a: Gliscor|Facade|p1a: Bullet
|-resisted|p1a: Bullet
|-damage|p1a: Bullet|56/100
|-activate|p1a: Bullet|ability: Toxic Debris
|-sidestart|p2: vidiva|move: Toxic Spikes
|move|p1a: Bullet|Spikes|p2a: Gliscor
|-sidestart|p2: vidiva|Spikes
|
|-heal|p1a: Bullet|62/100|[from] Grassy Terrain
|-heal|p2a: Gliscor|40/100 tox|[from] ability: Poison Heal
|upkeep
|turn|13
|
|t:|1779946547
|move|p2a: Gliscor|Swords Dance|p2a: Gliscor
|-boost|p2a: Gliscor|atk|2
|move|p1a: Bullet|Spikes|p2a: Gliscor
|-sidestart|p2: vidiva|Spikes
|
|-heal|p1a: Bullet|68/100|[from] Grassy Terrain
|-heal|p2a: Gliscor|52/100 tox|[from] ability: Poison Heal
|-fieldend|move: Grassy Terrain
|upkeep
|turn|14
|
|t:|1779946553
|switch|p1a: Kong|Rillaboom, M, shiny|86/100
|-fieldstart|move: Grassy Terrain|[from] ability: Grassy Surge|[of] p1a: Kong
|move|p2a: Gliscor|Knock Off|p1a: Kong
|-damage|p1a: Kong|43/100
|-enditem|p1a: Kong|Life Orb|[from] move: Knock Off|[of] p2a: Gliscor
|
|-heal|p1a: Kong|49/100|[from] Grassy Terrain
|-heal|p2a: Gliscor|65/100 tox|[from] ability: Poison Heal
|upkeep
|turn|15
|
|t:|1779946557
|move|p2a: Gliscor|Protect|p2a: Gliscor
|-singleturn|p2a: Gliscor|Protect
|move|p1a: Kong|Grassy Glide|p2a: Gliscor
|-activate|p2a: Gliscor|move: Protect
|
|-heal|p1a: Kong|55/100|[from] Grassy Terrain
|-heal|p2a: Gliscor|77/100 tox|[from] ability: Poison Heal
|upkeep
|turn|16
|
|t:|1779946561
|switch|p1a: Spirit Rush|Gholdengo, shiny|100/100
|-enditem|p1a: Spirit Rush|Grassy Seed
|-boost|p1a: Spirit Rush|def|1|[from] item: Grassy Seed
|move|p2a: Gliscor|Facade|p1a: Spirit Rush
|-immune|p1a: Spirit Rush
|
|-heal|p2a: Gliscor|90/100 tox|[from] ability: Poison Heal
|upkeep
|turn|17
|
|t:|1779946565
|move|p2a: Gliscor|Swords Dance|p2a: Gliscor
|-boost|p2a: Gliscor|atk|2
|move|p1a: Spirit Rush|Nasty Plot|p1a: Spirit Rush
|-boost|p1a: Spirit Rush|spa|2
|
|-heal|p2a: Gliscor|100/100 tox|[from] ability: Poison Heal
|upkeep
|turn|18
|
|t:|1779946571
|move|p2a: Gliscor|Knock Off|p1a: Spirit Rush
|-supereffective|p1a: Spirit Rush
|-damage|p1a: Spirit Rush|45/100
|move|p1a: Spirit Rush|Nasty Plot|p1a: Spirit Rush
|-boost|p1a: Spirit Rush|spa|2
|
|-heal|p1a: Spirit Rush|51/100|[from] Grassy Terrain
|-fieldend|move: Grassy Terrain
|upkeep
|turn|19
|
|t:|1779946581
|-terastallize|p1a: Spirit Rush|Water
|move|p2a: Gliscor|Knock Off|p1a: Spirit Rush
|-damage|p1a: Spirit Rush|24/100
|move|p1a: Spirit Rush|Make It Rain|p2a: Gliscor
|-damage|p2a: Gliscor|0 fnt
|-unboost|p1a: Spirit Rush|spa|1
|faint|p2a: Gliscor
|
|upkeep
|
|t:|1779946598
|switch|p2a: Gholdengo|Gholdengo|100/100
|-damage|p2a: Gholdengo|94/100|[from] Stealth Rock
|-damage|p2a: Gholdengo|70/100|[from] Spikes
|turn|20
|inactive|goodnightnite has 120 seconds left.
|
|t:|1779946631
|move|p2a: Gholdengo|Shadow Ball|p1a: Spirit Rush
|-damage|p1a: Spirit Rush|0 fnt
|faint|p1a: Spirit Rush
|
|upkeep
|inactive|goodnightnite has 120 seconds left.
|
|t:|1779946637
|switch|p1a: Kong|Rillaboom, M, shiny|55/100
|-fieldstart|move: Grassy Terrain|[from] ability: Grassy Surge|[of] p1a: Kong
|turn|21
|
|t:|1779946646
|switch|p1a: Bullet|Glimmora, M, shiny|68/100
|move|p2a: Gholdengo|Shadow Ball|p1a: Bullet
|-damage|p1a: Bullet|25/100
|
|-heal|p2a: Gholdengo|76/100|[from] Grassy Terrain
|-heal|p1a: Bullet|32/100|[from] Grassy Terrain
|upkeep
|turn|22
|
|t:|1779946653
|move|p2a: Gholdengo|Shadow Ball|p1a: Bullet
|-damage|p1a: Bullet|0 fnt
|faint|p1a: Bullet
|
|-heal|p2a: Gholdengo|82/100|[from] Grassy Terrain
|upkeep
|
|t:|1779946655
|switch|p1a: Celestine|Primarina, M, shiny|100/100
|turn|23
|
|t:|1779946662
|move|p2a: Gholdengo|Shadow Ball|p1a: Celestine
|-damage|p1a: Celestine|77/100
|-unboost|p1a: Celestine|spd|1
|move|p1a: Celestine|Psychic Noise|p2a: Gholdengo
|-damage|p2a: Gholdengo|38/100
|-start|p2a: Gholdengo|move: Heal Block
|
|-heal|p1a: Celestine|83/100|[from] Grassy Terrain
|upkeep
|turn|24
|
|t:|1779946670
|move|p2a: Gholdengo|Shadow Ball|p1a: Celestine
|-damage|p1a: Celestine|51/100
|move|p1a: Celestine|Psychic Noise|p2a: Gholdengo
|-damage|p2a: Gholdengo|0 fnt
|faint|p2a: Gholdengo
|
|-heal|p1a: Celestine|57/100|[from] Grassy Terrain
|upkeep
|
|t:|1779946682
|switch|p2a: Samurott|Samurott-Hisui, M|100/100
|-damage|p2a: Samurott|88/100|[from] Stealth Rock
|-damage|p2a: Samurott|63/100|[from] Spikes
|-status|p2a: Samurott|tox
|turn|25
|
|t:|1779946686
|-terastallize|p2a: Samurott|Poison
|move|p2a: Samurott|Ceaseless Edge|p1a: Celestine
|-resisted|p1a: Celestine
|-damage|p1a: Celestine|32/100
|-sidestart|p1: goodnightnite|Spikes
|move|p1a: Celestine|Moonblast|p2a: Samurott
|-resisted|p2a: Samurott
|-damage|p2a: Samurott|42/100 tox
|-unboost|p2a: Samurott|spa|1
|
|-heal|p2a: Samurott|48/100 tox|[from] Grassy Terrain
|-heal|p1a: Celestine|38/100|[from] Grassy Terrain
|-damage|p2a: Samurott|42/100 tox|[from] psn
|-fieldend|move: Grassy Terrain
|upkeep
|turn|26
|
|t:|1779946694
|switch|p1a: Trojan|Zamazenta, shiny|100/100
|-damage|p1a: Trojan|88/100|[from] Spikes
|-ability|p1a: Trojan|Dauntless Shield|boost
|-boost|p1a: Trojan|def|1
|move|p2a: Samurott|Ceaseless Edge|p1a: Trojan
|-resisted|p1a: Trojan
|-damage|p1a: Trojan|76/100
|-sidestart|p1: goodnightnite|Spikes
|
|-heal|p1a: Trojan|82/100|[from] item: Leftovers
|-damage|p2a: Samurott|30/100 tox|[from] psn
|upkeep
|turn|27
|
|t:|1779946701
|switch|p2a: Clefable|Clefable, M|96/100
|-status|p2a: Clefable|tox
|move|p1a: Trojan|Iron Defense|p1a: Trojan
|-boost|p1a: Trojan|def|2
|
|-heal|p1a: Trojan|88/100|[from] item: Leftovers
|upkeep
|turn|28
|
|t:|1779946708
|move|p1a: Trojan|Iron Defense|p1a: Trojan
|-boost|p1a: Trojan|def|2
|move|p2a: Clefable|Moonblast|p1a: Trojan
|-supereffective|p1a: Trojan
|-damage|p1a: Trojan|41/100
|
|-heal|p1a: Trojan|47/100|[from] item: Leftovers
|upkeep
|turn|29
|
|t:|1779946712
|move|p1a: Trojan|Body Press|p2a: Clefable
|-resisted|p2a: Clefable
|-damage|p2a: Clefable|57/100 tox
|move|p2a: Clefable|Moonblast|p1a: Trojan
|-supereffective|p1a: Trojan
|-damage|p1a: Trojan|6/100
|
|-heal|p1a: Trojan|13/100|[from] item: Leftovers
|upkeep
|turn|30
|
|t:|1779946718
|move|p1a: Trojan|Body Press|p2a: Clefable
|-resisted|p2a: Clefable
|-crit|p2a: Clefable
|-damage|p2a: Clefable|0 fnt
|faint|p2a: Clefable
|
|-heal|p1a: Trojan|19/100|[from] item: Leftovers
|upkeep
|
|t:|1779946722
|switch|p2a: Zamazenta|Zamazenta|100/100
|-damage|p2a: Zamazenta|94/100|[from] Stealth Rock
|-damage|p2a: Zamazenta|69/100|[from] Spikes
|-status|p2a: Zamazenta|tox
|-ability|p2a: Zamazenta|Dauntless Shield|boost
|-boost|p2a: Zamazenta|def|1
|turn|31
|
|t:|1779946726
|move|p1a: Trojan|Body Press|p2a: Zamazenta
|-damage|p2a: Zamazenta|4/100 tox
|move|p2a: Zamazenta|Roar|p1a: Trojan
|drag|p1a: Kong|Rillaboom, M, shiny|55/100
|-damage|p1a: Kong|39/100|[from] Spikes
|-fieldstart|move: Grassy Terrain|[from] ability: Grassy Surge|[of] p1a: Kong
|
|-heal|p2a: Zamazenta|11/100 tox|[from] Grassy Terrain
|-heal|p2a: Zamazenta|17/100 tox|[from] item: Leftovers
|-heal|p1a: Kong|45/100|[from] Grassy Terrain
|-damage|p2a: Zamazenta|11/100 tox|[from] psn
|upkeep
|turn|32
|
|t:|1779946734
|move|p1a: Kong|Grassy Glide|p2a: Zamazenta
|-damage|p2a: Zamazenta|0 fnt
|faint|p2a: Zamazenta
|
|-heal|p1a: Kong|51/100|[from] Grassy Terrain
|upkeep
|
|t:|1779946737
|switch|p2a: Dragonite|Dragonite, F|100/100
|turn|33
|
|t:|1779946740
|move|p1a: Kong|Knock Off|p2a: Dragonite
|-damage|p2a: Dragonite|82/100
|-enditem|p2a: Dragonite|Heavy-Duty Boots|[from] move: Knock Off|[of] p1a: Kong
|move|p2a: Dragonite|Dragon Dance|p2a: Dragonite
|-boost|p2a: Dragonite|atk|1
|-boost|p2a: Dragonite|spe|1
|
|-heal|p1a: Kong|57/100|[from] Grassy Terrain
|upkeep
|turn|34
|
|t:|1779946745
|move|p1a: Kong|Grassy Glide|p2a: Dragonite
|-resisted|p2a: Dragonite
|-damage|p2a: Dragonite|72/100
|move|p2a: Dragonite|Dragon Dance|p2a: Dragonite
|-boost|p2a: Dragonite|atk|1
|-boost|p2a: Dragonite|spe|1
|
|-heal|p1a: Kong|64/100|[from] Grassy Terrain
|upkeep
|turn|35
|
|t:|1779946750
|switch|p1a: Celestine|Primarina, M, shiny|38/100
|-damage|p1a: Celestine|22/100|[from] Spikes
|move|p2a: Dragonite|Roost|p2a: Dragonite
|-heal|p2a: Dragonite|100/100
|-singleturn|p2a: Dragonite|move: Roost
|
|-heal|p1a: Celestine|28/100|[from] Grassy Terrain
|-fieldend|move: Grassy Terrain
|upkeep
|turn|36
|
|t:|1779946754
|move|p2a: Dragonite|Earthquake|p1a: Celestine
|-damage|p1a: Celestine|0 fnt
|faint|p1a: Celestine
|
|upkeep
|
|t:|1779946758
|switch|p1a: Trojan|Zamazenta, shiny|19/100
|-damage|p1a: Trojan|2/100|[from] Spikes
|turn|37
|-message|goodnightnite forfeited.
|
|win|vidiva
|raw|goodnightnite's rating: 1645 &rarr; <strong>1627</strong><br />(-18 for losing)
|raw|vidiva's rating: 1686 &rarr; <strong>1704</strong><br />(+18 for winning)
|l|☆goodnightnite
|player|p1|
|l|☆vidiva
|player|p2|
