|j|☆Penguinxdd
|j|☆kvgreat1234567
|t:|1779941676
|gametype|singles
|player|p1|Penguinxdd|veteran|1334
|player|p2|kvgreat1234567|102|1326
|gen|9
|tier|[Gen 9] OU
|rated|
|rule|HP Percentage Mod: HP is shown in percentages
|rule|Endless Battle Clause: Forcing endless battles is banned
|rule|Species Clause: Limit one of each Pokémon
|rule|OHKO Clause: OHKO moves are banned
|rule|Evasion Items Clause: Evasion items are banned
|rule|Evasion Moves Clause: Evasion moves are banned
|rule|Evasion Abilities Clause: Evasion abilities are banned
|rule|Sleep Moves Clause: Sleep-inducing moves are banned
|clearpoke
|poke|p1|Hatterene, F|
|poke|p1|Iron Treads|
|poke|p1|Volcanion|
|poke|p1|Gholdengo|
|poke|p1|Darkrai|
|poke|p1|Garchomp, F|
|poke|p2|Blaziken, F|
|poke|p2|Zamazenta-*|
|poke|p2|Ogerpon-Wellspring, F|
|poke|p2|Iron Moth|
|poke|p2|Darkrai|
|poke|p2|Salamence, F|
|teampreview
|
|t:|1779941704
|teamsize|p1|6
|teamsize|p2|6
|start
|switch|p1a: Iron Treads|Iron Treads|100/100
|switch|p2a: Ogerpon|Ogerpon-Wellspring, F|100/100
|-item|p1a: Iron Treads|Air Balloon
|turn|1
|
|t:|1779941714
|-end|p1a: Iron Treads|Quark Drive|[silent]
|switch|p1a: Volcanion|Volcanion|100/100
|move|p2a: Ogerpon|Ivy Cudgel|p1a: Volcanion|[anim] Ivy Cudgel Water
|-immune|p1a: Volcanion|[from] ability: Water Absorb
|
|upkeep
|turn|2
|
|t:|1779941725
|move|p2a: Ogerpon|Power Whip|p1a: Volcanion
|-damage|p1a: Volcanion|28/100
|move|p1a: Volcanion|Sludge Bomb|p2a: Ogerpon
|-supereffective|p2a: Ogerpon
|-damage|p2a: Ogerpon|0 fnt
|faint|p2a: Ogerpon
|
|upkeep
|
|t:|1779941737
|switch|p2a: Darkrai|Darkrai|100/100
|turn|3
|
|t:|1779941746
|switch|p1a: Iron Treads|Iron Treads|100/100
|-item|p1a: Iron Treads|Air Balloon
|move|p2a: Darkrai|Dark Pulse|p1a: Iron Treads
|-damage|p1a: Iron Treads|47/100
|-enditem|p1a: Iron Treads|Air Balloon
|
|upkeep
|turn|4
|l|☆kvgreat1234567
|player|p2|
|j|☆kvgreat1234567
|player|p2|kvgreat1234567|102|
|
|t:|1779941861
|move|p2a: Darkrai|Dark Pulse|p1a: Iron Treads
|-damage|p1a: Iron Treads|0 fnt
|faint|p1a: Iron Treads
|-end|p1a: Iron Treads|Quark Drive|[silent]
|
|upkeep
|inactive|Battle timer is ON: inactive players will automatically lose when time's up. (requested by kvgreat1234567)
|
|t:|1779941875
|switch|p1a: Magic Bounson|Hatterene, F|100/100
|turn|5
|
|t:|1779941880
|move|p2a: Darkrai|Sludge Bomb|p1a: Magic Bounson
|-supereffective|p1a: Magic Bounson
|-damage|p1a: Magic Bounson|21/100
|move|p1a: Magic Bounson|Draining Kiss|p2a: Darkrai
|-supereffective|p2a: Darkrai
|-damage|p2a: Darkrai|41/100
|-heal|p1a: Magic Bounson|60/100|[from] drain|[of] p2a: Darkrai
|
|upkeep
|turn|6
|
|t:|1779941886
|-terastallize|p1a: Magic Bounson|Water
|move|p2a: Darkrai|Sludge Bomb|p1a: Magic Bounson
|-damage|p1a: Magic Bounson|28/100
|move|p1a: Magic Bounson|Draining Kiss|p2a: Darkrai
|-supereffective|p2a: Darkrai
|-damage|p2a: Darkrai|0 fnt
|-heal|p1a: Magic Bounson|55/100|[from] drain|[of] p2a: Darkrai
|faint|p2a: Darkrai
|
|upkeep
|
|t:|1779941895
|switch|p2a: Zamazenta|Zamazenta|100/100
|-ability|p2a: Zamazenta|Dauntless Shield|boost
|-boost|p2a: Zamazenta|def|1
|turn|7
|
|t:|1779941899
|move|p2a: Zamazenta|Close Combat|p1a: Magic Bounson
|-damage|p1a: Magic Bounson|0 fnt
|-unboost|p2a: Zamazenta|def|1
|-unboost|p2a: Zamazenta|spd|1
|-damage|p2a: Zamazenta|84/100|[from] item: Rocky Helmet|[of] p1a: Magic Bounson
|faint|p1a: Magic Bounson
|-damage|p2a: Zamazenta|74/100|[from] item: Life Orb
|
|upkeep
|
|t:|1779941903
|switch|p1a: Lebron Rains|Gholdengo|100/100
|turn|8
|
|t:|1779941906
|move|p1a: Lebron Rains|Shadow Ball|p2a: Zamazenta
|-damage|p2a: Zamazenta|17/100
|move|p2a: Zamazenta|Crunch|p1a: Lebron Rains
|-supereffective|p1a: Lebron Rains
|-damage|p1a: Lebron Rains|27/100
|-damage|p2a: Zamazenta|8/100|[from] item: Life Orb
|
|upkeep
|turn|9
|
|t:|1779941912
|move|p1a: Lebron Rains|Shadow Ball|p2a: Zamazenta
|-damage|p2a: Zamazenta|0 fnt
|faint|p2a: Zamazenta
|
|upkeep
|
|t:|1779941915
|switch|p2a: Iron Moth|Iron Moth|100/100
|-enditem|p2a: Iron Moth|Booster Energy
|-activate|p2a: Iron Moth|ability: Quark Drive|[fromitem]
|-start|p2a: Iron Moth|quarkdrivespa
|turn|10
|
|t:|1779941920
|move|p1a: Lebron Rains|Shadow Ball|p2a: Iron Moth
|-damage|p2a: Iron Moth|58/100
|move|p2a: Iron Moth|Fiery Dance|p1a: Lebron Rains
|-supereffective|p1a: Lebron Rains
|-damage|p1a: Lebron Rains|0 fnt
|-boost|p2a: Iron Moth|spa|1
|faint|p1a: Lebron Rains
|
|upkeep
|
|t:|1779941924
|switch|p1a: Garchomp|Garchomp, F|100/100
|turn|11
|
|t:|1779941927
|move|p2a: Iron Moth|Dazzling Gleam|p1a: Garchomp
|-supereffective|p1a: Garchomp
|-crit|p1a: Garchomp
|-damage|p1a: Garchomp|0 fnt
|faint|p1a: Garchomp
|
|upkeep
|
|t:|1779941930
|switch|p1a: Darkrai|Darkrai|100/100
|turn|12
|
|t:|1779941932
|move|p1a: Darkrai|Dark Pulse|p2a: Iron Moth
|-damage|p2a: Iron Moth|16/100
|move|p2a: Iron Moth|Dazzling Gleam|p1a: Darkrai
|-supereffective|p1a: Darkrai
|-damage|p1a: Darkrai|0 fnt
|faint|p1a: Darkrai
|
|upkeep
|
|t:|1779941933
|switch|p1a: Volcanion|Volcanion|28/100
|turn|13
|
|t:|1779941935
|move|p2a: Iron Moth|Discharge|p1a: Volcanion
|-supereffective|p1a: Volcanion
|-damage|p1a: Volcanion|0 fnt
|faint|p1a: Volcanion
|
|win|kvgreat1234567
|raw|Penguinxdd's rating: 1352 &rarr; <strong>1331</strong><br />(-21 for losing)
|raw|kvgreat1234567's rating: 1326 &rarr; <strong>1347</strong><br />(+21 for winning)
|l|☆Penguinxdd
|player|p1|
|l|☆kvgreat1234567
|player|p2|
