|j|☆DeDoctaIgnorantia
|j|☆kingkavon
|t:|1779855750
|gametype|singles
|player|p1|DeDoctaIgnorantia|n|1286
|player|p2|kingkavon|kimonogirl|1321
|gen|9
|tier|[Gen 9] OU
|rated|
|rule|HP Percentage Mod: HP is shown in percentages
|rule|Endless Battle Clause: Forcing endless battles is banned
|rule|Species Clause: Limit one of each Pokémon
|rule|OHKO Clause: OHKO moves are banned
|rule|Evasion Items Clause: Evasion items are banned
|rule|Evasion Moves Clause: Evasion moves are banned
|rule|Evasion Abilities Clause: Evasion abilities are banned
|rule|Sleep Moves Clause: Sleep-inducing moves are banned
|clearpoke
|poke|p1|Weavile, M|
|poke|p1|Samurott-Hisui, M|
|poke|p1|Gholdengo|
|poke|p1|Great Tusk|
|poke|p1|Ogerpon-Wellspring, F|
|poke|p1|Slowking-Galar, F|
|poke|p2|Mimikyu, M|
|poke|p2|Hoopa-Unbound|
|poke|p2|Iron Hands|
|poke|p2|Ursaluna, F|
|poke|p2|Hatterene, F|
|poke|p2|Indeedee, M|
|teampreview
|inactive|Battle timer is ON: inactive players will automatically lose when time's up. (requested by kingkavon)
|
|t:|1779855802
|teamsize|p1|6
|teamsize|p2|6
|start
|switch|p1a: Samurott|Samurott-Hisui, M|100/100
|switch|p2a: Subaru|Indeedee, M, shiny|100/100
|-fieldstart|move: Psychic Terrain|[from] ability: Psychic Surge|[of] p2a: Subaru
|turn|1
|
|t:|1779855817
|switch|p2a: LEBRON|Iron Hands|100/100
|-enditem|p2a: LEBRON|Booster Energy
|-activate|p2a: LEBRON|ability: Quark Drive|[fromitem]
|-start|p2a: LEBRON|quarkdriveatk
|move|p1a: Samurott|Ceaseless Edge|p2a: LEBRON
|-resisted|p2a: LEBRON
|-damage|p2a: LEBRON|85/100
|-sidestart|p2: kingkavon|Spikes
|
|upkeep
|turn|2
|
|t:|1779855831
|switch|p1a: Great Tusk|Great Tusk|100/100
|move|p2a: LEBRON|Supercell Slam|p1a: Great Tusk
|-immune|p1a: Great Tusk
|-damage|p2a: LEBRON|35/100|[from] supercellslam
|
|upkeep
|turn|3
|
|t:|1779855844
|-terastallize|p2a: LEBRON|Flying
|move|p1a: Great Tusk|Headlong Rush|p2a: LEBRON
|-immune|p2a: LEBRON
|move|p2a: LEBRON|Ice Punch|p1a: Great Tusk
|-supereffective|p1a: Great Tusk
|-damage|p1a: Great Tusk|43/100
|-damage|p2a: LEBRON|18/100|[from] item: Rocky Helmet|[of] p1a: Great Tusk
|
|upkeep
|turn|4
|
|t:|1779855856
|move|p1a: Great Tusk|Close Combat|p2a: LEBRON
|-resisted|p2a: LEBRON
|-damage|p2a: LEBRON|0 fnt
|-unboost|p1a: Great Tusk|def|1
|-unboost|p1a: Great Tusk|spd|1
|faint|p2a: LEBRON
|-end|p2a: LEBRON|Quark Drive|[silent]
|
|upkeep
|
|t:|1779855866
|switch|p2a: Subaru|Indeedee, M, shiny|100/100
|-damage|p2a: Subaru|88/100|[from] Spikes
|turn|5
|
|t:|1779855871
|-end|p1a: Great Tusk|Protosynthesis|[silent]
|switch|p1a: Samurott|Samurott-Hisui, M|100/100
|move|p2a: Subaru|Trick Room|p2a: Subaru
|-fieldstart|move: Trick Room|[of] p2a: Subaru
|
|upkeep
|turn|6
|
|t:|1779855878
|move|p2a: Subaru|Healing Wish|p2a: Subaru
|faint|p2a: Subaru
|move|p1a: Samurott|Ceaseless Edge|p2: Subaru|[notarget]
|-fail|p1a: Samurott
|
|upkeep
|
|t:|1779855883
|switch|p2a: 5 Nights in TR|Ursaluna, F, shiny|100/100
|-damage|p2a: 5 Nights in TR|88/100|[from] Spikes
|turn|7
|
|t:|1779855892
|move|p2a: 5 Nights in TR|Headlong Rush|p1a: Samurott
|-damage|p1a: Samurott|1/100
|-unboost|p2a: 5 Nights in TR|def|1
|-unboost|p2a: 5 Nights in TR|spd|1
|move|p1a: Samurott|Ceaseless Edge|p2a: 5 Nights in TR
|-damage|p2a: 5 Nights in TR|37/100
|-sidestart|p2: kingkavon|Spikes
|
|-status|p2a: 5 Nights in TR|brn|[from] item: Flame Orb
|upkeep
|turn|8
|
|t:|1779855904
|switch|p1a: Gholdengo|Gholdengo|100/100
|-item|p1a: Gholdengo|Air Balloon
|move|p2a: 5 Nights in TR|Facade|p1a: Gholdengo
|-immune|p1a: Gholdengo
|
|-damage|p2a: 5 Nights in TR|31/100 brn|[from] brn
|-fieldend|move: Psychic Terrain
|upkeep
|turn|9
|
|t:|1779855916
|switch|p2a: mimi|Mimikyu, M|100/100
|-damage|p2a: mimi|84/100|[from] Spikes
|switch|p1a: Samurott|Samurott-Hisui, M|1/100
|
|-fieldend|move: Trick Room
|upkeep
|turn|10
|
|t:|1779855925
|move|p1a: Samurott|Aqua Jet|p2a: mimi
|-activate|p2a: mimi|ability: Disguise
|-damage|p2a: mimi|84/100
|detailschange|p2a: mimi|Mimikyu-Busted, M
|-damage|p2a: mimi|72/100|[from] pokemon: Mimikyu-Busted
|-enditem|p2a: mimi|Red Card|[of] p1a: Samurott
|drag|p1a: Slowking|Slowking-Galar, F|100/100
|move|p2a: mimi|Trick Room|p2a: mimi
|-fieldstart|move: Trick Room|[of] p2a: mimi
|
|upkeep
|turn|11
|
|t:|1779855939
|-prepare|p1a: Slowking|Chilly Reception|[premajor]
|move|p1a: Slowking|Chilly Reception|p1a: Slowking
|-weather|Snowscape
|
|t:|1779855943
|switch|p1a: Great Tusk|Great Tusk|43/100|[from] Chilly Reception
|move|p2a: mimi|Curse|p1a: Great Tusk
|-start|p1a: Great Tusk|Curse|[of] p2a: mimi
|-damage|p2a: mimi|22/100
|
|-weather|Snowscape|[upkeep]
|-damage|p1a: Great Tusk|18/100|[from] Curse
|upkeep
|turn|12
|
|t:|1779855953
|move|p2a: mimi|Play Rough|p1a: Great Tusk
|-supereffective|p1a: Great Tusk
|-damage|p1a: Great Tusk|0 fnt
|-damage|p2a: mimi|5/100|[from] item: Rocky Helmet|[of] p1a: Great Tusk
|faint|p1a: Great Tusk
|-end|p1a: Great Tusk|Protosynthesis|[silent]
|
|-weather|Snowscape|[upkeep]
|upkeep
|
|t:|1779855960
|switch|p1a: Samurott|Samurott-Hisui, M|1/100
|turn|13
|
|t:|1779855968
|move|p1a: Samurott|Aqua Jet|p2a: mimi
|-damage|p2a: mimi|0 fnt
|faint|p2a: mimi
|
|-weather|Snowscape|[upkeep]
|upkeep
|
|t:|1779855970
|switch|p2a: 5 Nights in TR|Ursaluna, F, shiny|31/100 brn
|-heal|p2a: 5 Nights in TR|100/100|[from] move: Healing Wish
|-damage|p2a: 5 Nights in TR|84/100|[from] Spikes
|turn|14
|
|t:|1779855978
|move|p1a: Samurott|Aqua Jet|p2a: 5 Nights in TR
|-supereffective|p2a: 5 Nights in TR
|-damage|p2a: 5 Nights in TR|55/100
|move|p2a: 5 Nights in TR|Ice Punch|p1a: Samurott
|-resisted|p1a: Samurott
|-damage|p1a: Samurott|0 fnt
|faint|p1a: Samurott
|
|-weather|Snowscape|[upkeep]
|-fieldend|move: Trick Room
|-status|p2a: 5 Nights in TR|brn|[from] item: Flame Orb
|upkeep
|
|t:|1779855992
|switch|p1a: Weavile|Weavile, M|100/100
|-ability|p1a: Weavile|Pressure
|turn|15
|
|t:|1779856013
|switch|p2a: King Von|Hoopa-Unbound|100/100
|-damage|p2a: King Von|84/100|[from] Spikes
|move|p1a: Weavile|Triple Axel|p2a: King Von
|-damage|p2a: King Von|72/100
|-damage|p2a: King Von|48/100
|-damage|p2a: King Von|17/100
|-hitcount|p2a: King Von|3
|
|-weather|none
|upkeep
|turn|16
|
|t:|1779856027
|move|p1a: Weavile|Knock Off|p2a: King Von
|-damage|p2a: King Von|0 fnt
|-enditem|p2a: King Von|Psychic Seed|[from] move: Knock Off|[of] p1a: Weavile
|faint|p2a: King Von
|
|upkeep
|
|t:|1779856029
|switch|p2a: Satella|Hatterene, F, shiny|100/100
|-damage|p2a: Satella|84/100|[from] Spikes
|turn|17
|
|t:|1779856040
|move|p1a: Weavile|Knock Off|p2a: Satella
|-damage|p2a: Satella|30/100
|-enditem|p2a: Satella|Life Orb|[from] move: Knock Off|[of] p1a: Weavile
|move|p2a: Satella|Trick Room|p2a: Satella
|-fieldstart|move: Trick Room|[of] p2a: Satella
|
|upkeep
|turn|18
|
|t:|1779856049
|move|p2a: Satella|Draining Kiss|p1a: Weavile
|-supereffective|p1a: Weavile
|-damage|p1a: Weavile|23/100
|-heal|p2a: Satella|82/100|[from] drain|[of] p1a: Weavile
|move|p1a: Weavile|Triple Axel|p2a: Satella
|-damage|p2a: Satella|70/100
|-damage|p2a: Satella|48/100
|-damage|p2a: Satella|13/100
|-hitcount|p2a: Satella|3
|
|upkeep
|turn|19
|
|t:|1779856062
|switch|p1a: Slowking|Slowking-Galar, F|100/100
|move|p2a: Satella|Mystical Fire|p1a: Slowking
|-damage|p1a: Slowking|83/100
|-unboost|p1a: Slowking|spa|1
|
|-heal|p1a: Slowking|89/100|[from] item: Leftovers
|upkeep
|turn|20
|
|t:|1779856073
|move|p2a: Satella|Expanding Force|p1a: Slowking
|-damage|p1a: Slowking|63/100
|move|p1a: Slowking|Future Sight|p2a: Satella
|-start|p1a: Slowking|move: Future Sight
|
|-heal|p1a: Slowking|69/100|[from] item: Leftovers
|upkeep
|turn|21
|
|t:|1779856082
|move|p2a: Satella|Expanding Force|p1a: Slowking
|-damage|p1a: Slowking|41/100
|move|p1a: Slowking|Sludge Wave|p2a: Satella
|-supereffective|p2a: Satella
|-damage|p2a: Satella|0 fnt
|faint|p2a: Satella
|
|-heal|p1a: Slowking|47/100|[from] item: Leftovers
|-fieldend|move: Trick Room
|upkeep
|-message|kingkavon forfeited.
|
|win|DeDoctaIgnorantia
|raw|DeDoctaIgnorantia's rating: 1286 &rarr; <strong>1314</strong><br />(+28 for winning)
|raw|kingkavon's rating: 1321 &rarr; <strong>1299</strong><br />(-22 for losing)
|l|☆kingkavon
|player|p2|
|l|☆DeDoctaIgnorantia
|player|p1|
