|j|☆Dylan1234
|j|☆fistmybump
|t:|1779938500
|gametype|singles
|player|p1|Dylan1234|swimmer|1573
|player|p2|fistmybump|dawn-gen4pt|1562
|gen|9
|tier|[Gen 9] OU
|rated|
|rule|HP Percentage Mod: HP is shown in percentages
|rule|Endless Battle Clause: Forcing endless battles is banned
|rule|Species Clause: Limit one of each Pokémon
|rule|OHKO Clause: OHKO moves are banned
|rule|Evasion Items Clause: Evasion items are banned
|rule|Evasion Moves Clause: Evasion moves are banned
|rule|Evasion Abilities Clause: Evasion abilities are banned
|rule|Sleep Moves Clause: Sleep-inducing moves are banned
|clearpoke
|poke|p1|Ting-Lu|
|poke|p1|Gholdengo|
|poke|p1|Dragonite, M|
|poke|p1|Zamazenta-*|
|poke|p1|Ogerpon-Wellspring, F|
|poke|p1|Darkrai|
|poke|p2|Lokix, M|
|poke|p2|Iron Crown|
|poke|p2|Great Tusk|
|poke|p2|Enamorus, F|
|poke|p2|Ogerpon-Wellspring, F|
|poke|p2|Alomomola, F|
|teampreview
|inactive|Battle timer is ON: inactive players will automatically lose when time's up. (requested by fistmybump)
|inactive|Dylan1234 also wants the timer to be on.
|
|t:|1779938521
|teamsize|p1|6
|teamsize|p2|6
|start
|switch|p1a: Gholdengo|Gholdengo|100/100
|switch|p2a: Gin|Enamorus, F|100/100
|-item|p1a: Gholdengo|Air Balloon
|turn|1
|
|t:|1779938527
|switch|p2a: Pisces|Alomomola, F|100/100
|move|p1a: Gholdengo|Make It Rain|p2a: Pisces
|-resisted|p2a: Pisces
|-damage|p2a: Pisces|86/100
|-unboost|p1a: Gholdengo|spa|1
|
|upkeep
|turn|2
|
|t:|1779938535
|switch|p1a: Ogerpon|Ogerpon-Wellspring, F|100/100
|switch|p2a: Edgar|Lokix, M|100/100
|
|upkeep
|turn|3
|
|t:|1779938548
|switch|p1a: Zamazenta|Zamazenta|100/100
|-ability|p1a: Zamazenta|Dauntless Shield|boost
|-boost|p1a: Zamazenta|def|1
|move|p2a: Edgar|First Impression|p1a: Zamazenta
|-resisted|p1a: Zamazenta
|-damage|p1a: Zamazenta|62/100
|
|upkeep
|turn|4
|
|t:|1779938562
|switch|p1a: Ting-Lu|Ting-Lu|100/100
|-ability|p1a: Ting-Lu|Vessel of Ruin
|switch|p2a: Gin|Enamorus, F|100/100
|
|upkeep
|turn|5
|
|t:|1779938576
|switch|p2a: Joegerpon|Ogerpon-Wellspring, F|100/100
|move|p1a: Ting-Lu|Stealth Rock|p2a: Joegerpon
|-sidestart|p2: fistmybump|move: Stealth Rock
|
|upkeep
|turn|6
|j| DragonHunter994
|
|t:|1779938583
|move|p2a: Joegerpon|Substitute|p2a: Joegerpon
|-start|p2a: Joegerpon|Substitute
|-damage|p2a: Joegerpon|76/100
|move|p1a: Ting-Lu|Ruination|p2a: Joegerpon
|-end|p2a: Joegerpon|Substitute
|
|upkeep
|turn|7
|
|t:|1779938589
|move|p2a: Joegerpon|Ivy Cudgel|p1a: Ting-Lu|[anim] Ivy Cudgel Water
|-supereffective|p1a: Ting-Lu
|-damage|p1a: Ting-Lu|32/100
|move|p1a: Ting-Lu|Whirlwind|p2a: Joegerpon
|drag|p2a: Pisces|Alomomola, F|100/100
|-damage|p2a: Pisces|88/100|[from] Stealth Rock
|
|-heal|p1a: Ting-Lu|38/100|[from] item: Leftovers
|upkeep
|turn|8
|
|t:|1779938598
|switch|p1a: Ogerpon|Ogerpon-Wellspring, F|100/100
|switch|p2a: Edgar|Lokix, M|100/100
|-damage|p2a: Edgar|76/100|[from] Stealth Rock
|
|upkeep
|turn|9
|
|t:|1779938608
|switch|p1a: Ting-Lu|Ting-Lu|38/100
|-ability|p1a: Ting-Lu|Vessel of Ruin
|move|p2a: Edgar|U-turn|p1a: Ting-Lu
|-supereffective|p1a: Ting-Lu
|-damage|p1a: Ting-Lu|0 fnt
|faint|p1a: Ting-Lu
|
|t:|1779938622
|switch|p2a: Dylan|Iron Crown|100/100|[from] U-turn
|-damage|p2a: Dylan|94/100|[from] Stealth Rock
|
|upkeep
|c|☆Dylan1234|Thanks for naming your mon after me
|j| Ctannn
|
|t:|1779938652
|switch|p1a: Darkrai|Darkrai|100/100
|turn|10
|
|t:|1779938655
|-end|p2a: Dylan|Quark Drive|[silent]
|switch|p2a: Pisces|Alomomola, F|100/100
|-damage|p2a: Pisces|88/100|[from] Stealth Rock
|move|p1a: Darkrai|Dark Pulse|p2a: Pisces
|-damage|p2a: Pisces|63/100
|
|upkeep
|turn|11
|
|t:|1779938669
|switch|p1a: Zamazenta|Zamazenta|62/100
|move|p2a: Pisces|Flip Turn|p1a: Zamazenta
|-damage|p1a: Zamazenta|46/100
|inactive|fistmybump has 120 seconds left.
|inactive|fistmybump has 90 seconds left.
|
|t:|1779938731
|switch|p2a: Edgar|Lokix, M|76/100|[from] Flip Turn
|-damage|p2a: Edgar|51/100|[from] Stealth Rock
|
|upkeep
|turn|12
|
|t:|1779938747
|-terastallize|p2a: Edgar|Bug
|move|p2a: Edgar|First Impression|p1a: Zamazenta
|-resisted|p1a: Zamazenta
|-crit|p1a: Zamazenta
|-damage|p1a: Zamazenta|0 fnt
|faint|p1a: Zamazenta
|
|upkeep
|
|t:|1779938764
|switch|p1a: Dragonite|Dragonite, M|100/100
|turn|13
|
|t:|1779938767
|switch|p2a: Behemoth|Great Tusk|100/100
|-damage|p2a: Behemoth|98/100|[from] Stealth Rock
|move|p1a: Dragonite|Dragon Dance|p1a: Dragonite
|-boost|p1a: Dragonite|atk|1
|-boost|p1a: Dragonite|spe|1
|
|upkeep
|turn|14
|
|t:|1779938776
|move|p1a: Dragonite|Ice Spinner|p2a: Behemoth
|-supereffective|p2a: Behemoth
|-damage|p2a: Behemoth|26/100
|-damage|p1a: Dragonite|84/100|[from] item: Rocky Helmet|[of] p2a: Behemoth
|move|p2a: Behemoth|Rapid Spin|p1a: Dragonite
|-damage|p1a: Dragonite|65/100
|-boost|p2a: Behemoth|spe|1
|-sideend|p2: fistmybump|Stealth Rock|[from] move: Rapid Spin|[of] p2a: Behemoth
|
|upkeep
|turn|15
|
|t:|1779938783
|move|p2a: Behemoth|Ice Spinner|p1a: Dragonite
|-supereffective|p1a: Dragonite
|-damage|p1a: Dragonite|0 fnt
|faint|p1a: Dragonite
|
|upkeep
|
|t:|1779938788
|switch|p1a: Gholdengo|Gholdengo|100/100
|-item|p1a: Gholdengo|Air Balloon
|turn|16
|
|t:|1779938801
|move|p2a: Behemoth|Stealth Rock|p1a: Gholdengo
|-sidestart|p1: Dylan1234|move: Stealth Rock
|move|p1a: Gholdengo|Shadow Ball|p2a: Behemoth
|-damage|p2a: Behemoth|0 fnt
|faint|p2a: Behemoth
|-end|p2a: Behemoth|Protosynthesis|[silent]
|
|upkeep
|
|t:|1779938817
|switch|p2a: Dylan|Iron Crown|94/100
|turn|17
|
|t:|1779938830
|move|p2a: Dylan|Volt Switch|p1a: Gholdengo
|-damage|p1a: Gholdengo|69/100
|-enditem|p1a: Gholdengo|Air Balloon
|
|t:|1779938834
|-end|p2a: Dylan|Quark Drive|[silent]
|switch|p2a: Pisces|Alomomola, F|96/100|[from] Volt Switch
|move|p1a: Gholdengo|Nasty Plot|p1a: Gholdengo
|-boost|p1a: Gholdengo|spa|2
|
|upkeep
|turn|18
|
|t:|1779938839
|move|p1a: Gholdengo|Shadow Ball|p2a: Pisces
|-damage|p2a: Pisces|59/100
|move|p2a: Pisces|Flip Turn|p1a: Gholdengo
|-damage|p1a: Gholdengo|57/100
|
|t:|1779938851
|switch|p2a: Edgar|Lokix, M, tera:Bug|51/100|[from] Flip Turn
|
|upkeep
|turn|19
|
|t:|1779938864
|move|p2a: Edgar|First Impression|p1a: Gholdengo
|-resisted|p1a: Gholdengo
|-damage|p1a: Gholdengo|26/100
|move|p1a: Gholdengo|Make It Rain|p2a: Edgar
|-damage|p2a: Edgar|0 fnt
|-unboost|p1a: Gholdengo|spa|1
|faint|p2a: Edgar
|
|upkeep
|
|t:|1779938876
|switch|p2a: Dylan|Iron Crown|94/100
|turn|20
|
|t:|1779938879
|move|p2a: Dylan|Volt Switch|p1a: Gholdengo
|-damage|p1a: Gholdengo|0 fnt
|faint|p1a: Gholdengo
|
|t:|1779938900
|-end|p2a: Dylan|Quark Drive|[silent]
|switch|p2a: Joegerpon|Ogerpon-Wellspring, F|76/100|[from] Volt Switch
|
|upkeep
|
|t:|1779938905
|switch|p1a: Darkrai|Darkrai|100/100
|-damage|p1a: Darkrai|88/100|[from] Stealth Rock
|turn|21
|
|t:|1779938915
|move|p1a: Darkrai|Dark Pulse|p2a: Joegerpon
|-damage|p2a: Joegerpon|26/100
|move|p2a: Joegerpon|Ivy Cudgel|p1a: Darkrai|[anim] Ivy Cudgel Water
|-crit|p1a: Darkrai
|-damage|p1a: Darkrai|0 fnt
|faint|p1a: Darkrai
|
|upkeep
|
|t:|1779938921
|switch|p1a: Ogerpon|Ogerpon-Wellspring, F|100/100
|-damage|p1a: Ogerpon|88/100|[from] Stealth Rock
|turn|22
|
|t:|1779938925
|move|p2a: Joegerpon|Power Whip|p1a: Ogerpon
|-damage|p1a: Ogerpon|0 fnt
|faint|p1a: Ogerpon
|
|win|fistmybump
|raw|Dylan1234's rating: 1573 &rarr; <strong>1552</strong><br />(-21 for losing)
|raw|fistmybump's rating: 1562 &rarr; <strong>1583</strong><br />(+21 for winning)
|c|☆fistmybump|Gg dylan
|c|☆Dylan1234|GG
|l|☆Dylan1234
|player|p1|
