|j|‽Bumulus
|j|☆deathprofessor21
|t:|1779917167
|gametype|singles
|player|p1|Bumulus|266|1574
|player|p2|deathprofessor21|101|1538
|gen|9
|tier|[Gen 9] OU
|rated|
|rule|HP Percentage Mod: HP is shown in percentages
|rule|Endless Battle Clause: Forcing endless battles is banned
|rule|Species Clause: Limit one of each Pokémon
|rule|OHKO Clause: OHKO moves are banned
|rule|Evasion Items Clause: Evasion items are banned
|rule|Evasion Moves Clause: Evasion moves are banned
|rule|Evasion Abilities Clause: Evasion abilities are banned
|rule|Sleep Moves Clause: Sleep-inducing moves are banned
|clearpoke
|poke|p1|Hatterene, F|
|poke|p1|Great Tusk|
|poke|p1|Tornadus-Therian, M|
|poke|p1|Kyurem|
|poke|p1|Slowking-Galar, F|
|poke|p1|Kingambit, F|
|poke|p2|Ceruledge, F|
|poke|p2|Dragonite, F|
|poke|p2|Greninja-*, M|
|poke|p2|Polteageist-Antique|
|poke|p2|Maushold-Four|
|poke|p2|Zamazenta-*|
|teampreview
|inactive|Battle timer is ON: inactive players will automatically lose when time's up. (requested by deathprofessor21)
|
|t:|1779917189
|teamsize|p1|6
|teamsize|p2|6
|start
|switch|p1a: Tornadus|Tornadus-Therian, M|100/100
|switch|p2a: Ceruledge|Ceruledge, F|100/100
|turn|1
|
|t:|1779917208
|move|p1a: Tornadus|Bleakwind Storm|p2a: Ceruledge
|-damage|p2a: Ceruledge|54/100
|-unboost|p2a: Ceruledge|spe|1
|move|p2a: Ceruledge|Swords Dance|p2a: Ceruledge
|-boost|p2a: Ceruledge|atk|2
|
|upkeep
|turn|2
|
|t:|1779917215
|move|p1a: Tornadus|Knock Off|p2a: Ceruledge
|-supereffective|p2a: Ceruledge
|-damage|p2a: Ceruledge|0 fnt
|-enditem|p2a: Ceruledge|Focus Sash|[from] move: Knock Off|[of] p1a: Tornadus
|faint|p2a: Ceruledge
|
|upkeep
|
|t:|1779917229
|switch|p2a: Maushold|Maushold-Four|100/100
|turn|3
|
|t:|1779917234
|move|p1a: Tornadus|U-turn|p2a: Maushold
|-damage|p2a: Maushold|78/100
|
|t:|1779917239
|switch|p1a: Hatterene|Hatterene, F|100/100|[from] U-turn
|move|p2a: Maushold|Population Bomb|p1a: Hatterene
|-damage|p1a: Hatterene|91/100
|-damage|p2a: Maushold|62/100|[from] item: Rocky Helmet|[of] p1a: Hatterene
|-damage|p1a: Hatterene|82/100
|-damage|p2a: Maushold|45/100|[from] item: Rocky Helmet|[of] p1a: Hatterene
|-damage|p1a: Hatterene|73/100
|-damage|p2a: Maushold|29/100|[from] item: Rocky Helmet|[of] p1a: Hatterene
|-damage|p1a: Hatterene|62/100
|-damage|p2a: Maushold|12/100|[from] item: Rocky Helmet|[of] p1a: Hatterene
|-damage|p1a: Hatterene|53/100
|-damage|p2a: Maushold|0 fnt|[from] item: Rocky Helmet|[of] p1a: Hatterene
|faint|p2a: Maushold
|-hitcount|p1a: Hatterene|5
|
|upkeep
|
|t:|1779917245
|switch|p2a: Polteageist|Polteageist-Antique|100/100
|turn|4
|
|t:|1779917252
|move|p2a: Polteageist|Shell Smash|p2a: Polteageist
|-unboost|p2a: Polteageist|def|1
|-unboost|p2a: Polteageist|spd|1
|-boost|p2a: Polteageist|atk|2
|-boost|p2a: Polteageist|spa|2
|-boost|p2a: Polteageist|spe|2
|-enditem|p2a: Polteageist|White Herb
|-clearnegativeboost|p2a: Polteageist|[silent]
|move|p1a: Hatterene|Nuzzle|p2a: Polteageist
|-damage|p2a: Polteageist|95/100
|-status|p2a: Polteageist|par
|
|upkeep
|turn|5
|j| rizz of reko
|
|t:|1779917261
|switch|p1a: Slowking|Slowking-Galar, F|100/100
|cant|p2a: Polteageist|par
|
|upkeep
|turn|6
|
|t:|1779917265
|cant|p2a: Polteageist|par
|move|p1a: Slowking|Trick|p2a: Polteageist
|-activate|p1a: Slowking|move: Trick|[of] p2a: Polteageist
|-item|p2a: Polteageist|Black Sludge|[from] move: Trick
|-enditem|p1a: Slowking|Black Sludge|[silent]|[from] move: Trick
|
|-damage|p2a: Polteageist|83/100 par|[from] item: Black Sludge
|upkeep
|turn|7
|
|t:|1779917280
|move|p2a: Polteageist|Shadow Ball|p1a: Slowking
|-supereffective|p1a: Slowking
|-damage|p1a: Slowking|0 fnt
|faint|p1a: Slowking
|
|-damage|p2a: Polteageist|70/100 par|[from] item: Black Sludge
|upkeep
|
|t:|1779917297
|switch|p1a: Kyurem|Kyurem|100/100
|-ability|p1a: Kyurem|Pressure
|turn|8
|
|t:|1779917304
|move|p1a: Kyurem|Ice Beam|p2a: Polteageist
|-damage|p2a: Polteageist|6/100 par
|-start|p1a: Kyurem|Disable|Ice Beam|[from] ability: Cursed Body|[of] p2a: Polteageist
|move|p2a: Polteageist|Shell Smash|p2a: Polteageist
|-unboost|p2a: Polteageist|def|1
|-unboost|p2a: Polteageist|spd|1
|-boost|p2a: Polteageist|atk|2
|-boost|p2a: Polteageist|spa|2
|-boost|p2a: Polteageist|spe|2
|
|-damage|p2a: Polteageist|0 fnt|[from] item: Black Sludge
|faint|p2a: Polteageist
|upkeep
|
|t:|1779917322
|switch|p2a: Dragonite|Dragonite, F|100/100
|turn|9
|
|t:|1779917326
|switch|p1a: Hatterene|Hatterene, F|53/100
|move|p2a: Dragonite|Dragon Dance|p2a: Dragonite
|-boost|p2a: Dragonite|atk|1
|-boost|p2a: Dragonite|spe|1
|
|upkeep
|turn|10
|
|t:|1779917332
|-terastallize|p2a: Dragonite|Normal
|move|p2a: Dragonite|Extreme Speed|p1a: Hatterene
|-damage|p1a: Hatterene|0 fnt
|-damage|p2a: Dragonite|84/100|[from] item: Rocky Helmet|[of] p1a: Hatterene
|faint|p1a: Hatterene
|
|upkeep
|
|t:|1779917342
|switch|p1a: Great Tusk|Great Tusk|100/100
|turn|11
|
|t:|1779917346
|move|p1a: Great Tusk|Headlong Rush|p2a: Dragonite
|-damage|p2a: Dragonite|26/100
|-unboost|p1a: Great Tusk|def|1
|-unboost|p1a: Great Tusk|spd|1
|move|p2a: Dragonite|Roost|p2a: Dragonite
|-heal|p2a: Dragonite|76/100
|
|upkeep
|turn|12
|
|t:|1779917353
|move|p1a: Great Tusk|Headlong Rush|p2a: Dragonite
|-damage|p2a: Dragonite|17/100
|-unboost|p1a: Great Tusk|def|1
|-unboost|p1a: Great Tusk|spd|1
|move|p2a: Dragonite|Roost|p2a: Dragonite
|-heal|p2a: Dragonite|67/100
|
|upkeep
|turn|13
|
|t:|1779917358
|-end|p1a: Great Tusk|Protosynthesis|[silent]
|switch|p1a: Tornadus|Tornadus-Therian, M|100/100
|move|p2a: Dragonite|Roost|p2a: Dragonite
|-heal|p2a: Dragonite|100/100
|
|upkeep
|turn|14
|
|t:|1779917364
|move|p1a: Tornadus|U-turn|p2a: Dragonite
|-damage|p2a: Dragonite|93/100
|
|t:|1779917367
|switch|p1a: Great Tusk|Great Tusk|100/100|[from] U-turn
|move|p2a: Dragonite|Dragon Dance|p2a: Dragonite
|-boost|p2a: Dragonite|atk|1
|-boost|p2a: Dragonite|spe|1
|
|upkeep
|turn|15
|
|t:|1779917376
|-end|p1a: Great Tusk|Protosynthesis|[silent]
|switch|p1a: Kingambit|Kingambit, F|100/100
|-activate|p1a: Kingambit|ability: Supreme Overlord
|-start|p1a: Kingambit|fallen2|[silent]
|move|p2a: Dragonite|Roost|p2a: Dragonite
|-heal|p2a: Dragonite|100/100
|
|upkeep
|turn|16
|-message|Bumulus forfeited.
|
|win|deathprofessor21
|raw|Bumulus's rating: 1574 &rarr; <strong>1552</strong><br />(-22 for losing)
|raw|deathprofessor21's rating: 1538 &rarr; <strong>1560</strong><br />(+22 for winning)
|l|‽Bumulus
|player|p1|
