|j|☆Josh2a
|j|☆the23rdofapril
|t:|1779908065
|gametype|singles
|player|p1|Josh2a|hilbert|1159
|player|p2|the23rdofapril|ghetsis|1102
|gen|9
|tier|[Gen 9] OU
|rated|
|rule|HP Percentage Mod: HP is shown in percentages
|rule|Endless Battle Clause: Forcing endless battles is banned
|rule|Species Clause: Limit one of each Pokémon
|rule|OHKO Clause: OHKO moves are banned
|rule|Evasion Items Clause: Evasion items are banned
|rule|Evasion Moves Clause: Evasion moves are banned
|rule|Evasion Abilities Clause: Evasion abilities are banned
|rule|Sleep Moves Clause: Sleep-inducing moves are banned
|clearpoke
|poke|p1|Iron Moth|
|poke|p1|Gliscor, M|
|poke|p1|Hatterene, F|
|poke|p1|Ogerpon-Wellspring, F|
|poke|p1|Raging Bolt|
|poke|p1|Zamazenta-*|
|poke|p2|Great Tusk|
|poke|p2|Kingambit, M|
|poke|p2|Raging Bolt|
|poke|p2|Walking Wake|
|poke|p2|Ninetales, F|
|poke|p2|Ceruledge, F|
|teampreview
|inactive|Battle timer is ON: inactive players will automatically lose when time's up. (requested by Josh2a)
|
|t:|1779908074
|teamsize|p1|6
|teamsize|p2|6
|start
|switch|p1a: Ogerpon|Ogerpon-Wellspring, F|100/100
|switch|p2a: NineCocks|Ninetales, F|100/100
|-weather|SunnyDay|[from] ability: Drought|[of] p2a: NineCocks
|turn|1
|c|☆the23rdofapril|Yo ignore my pokemon nicknames yh
|
|t:|1779908089
|move|p2a: NineCocks|Overheat|p1a: Ogerpon
|-damage|p1a: Ogerpon|18/100
|-unboost|p2a: NineCocks|spa|2
|move|p1a: Ogerpon|Swords Dance|p1a: Ogerpon
|-boost|p1a: Ogerpon|atk|2
|
|-weather|SunnyDay|[upkeep]
|upkeep
|turn|2
|
|t:|1779908098
|move|p2a: NineCocks|Overheat|p1a: Ogerpon
|-damage|p1a: Ogerpon|0 fnt
|-unboost|p2a: NineCocks|spa|2
|faint|p1a: Ogerpon
|
|-weather|SunnyDay|[upkeep]
|upkeep
|
|t:|1779908102
|switch|p1a: Gliscor|Gliscor, M|100/100
|turn|3
|
|t:|1779908108
|move|p2a: NineCocks|Encore||[still]
|-fail|p2a: NineCocks
|move|p1a: Gliscor|Earthquake|p2a: NineCocks
|-supereffective|p2a: NineCocks
|-damage|p2a: NineCocks|0 fnt
|faint|p2a: NineCocks
|
|-weather|SunnyDay|[upkeep]
|-status|p1a: Gliscor|tox|[from] item: Toxic Orb
|upkeep
|
|t:|1779908122
|switch|p2a: Girrafe|Raging Bolt|100/100
|-activate|p2a: Girrafe|ability: Protosynthesis
|-start|p2a: Girrafe|protosynthesisspa
|turn|4
|c|☆Josh2a|idk how to change their names
|c|☆Josh2a|so sad
|
|t:|1779908133
|move|p1a: Gliscor|Swords Dance|p1a: Gliscor
|-boost|p1a: Gliscor|atk|2
|move|p2a: Girrafe|Solar Beam||[still]
|-prepare|p2a: Girrafe|Solar Beam
|-anim|p2a: Girrafe|Solar Beam|p1a: Gliscor
|-damage|p1a: Gliscor|0 fnt
|faint|p1a: Gliscor
|-damage|p2a: Girrafe|91/100|[from] item: Life Orb
|
|-weather|SunnyDay|[upkeep]
|upkeep
|
|t:|1779908139
|switch|p1a: Hatterene|Hatterene, F|100/100
|turn|5
|
|t:|1779908153
|-terastallize|p2a: Girrafe|Flying
|move|p2a: Girrafe|Weather Ball|p1a: Hatterene
|-damage|p1a: Hatterene|0 fnt
|faint|p1a: Hatterene
|-damage|p2a: Girrafe|81/100|[from] item: Life Orb
|
|-weather|SunnyDay|[upkeep]
|upkeep
|c|☆the23rdofapril|Aura
|
|t:|1779908162
|switch|p1a: Iron Moth|Iron Moth|100/100
|-enditem|p1a: Iron Moth|Booster Energy
|-activate|p1a: Iron Moth|ability: Quark Drive|[fromitem]
|-start|p1a: Iron Moth|quarkdrivespe
|turn|6
|c|☆the23rdofapril|I love running drought teams
|c|☆Josh2a|NO NOT WEATHERBALL
|
|t:|1779908178
|-terastallize|p1a: Iron Moth|Ghost
|move|p2a: Girrafe|Thunderclap|p1a: Iron Moth
|-damage|p1a: Iron Moth|35/100
|-damage|p2a: Girrafe|71/100|[from] item: Life Orb
|move|p1a: Iron Moth|Fiery Dance|p2a: Girrafe
|-damage|p2a: Girrafe|15/100
|
|-weather|SunnyDay|[upkeep]
|upkeep
|turn|7
|c|☆Josh2a|I ALWAYS GET WIPED BY IT
|
|t:|1779908195
|move|p2a: Girrafe|Weather Ball|p1a: Iron Moth
|-damage|p1a: Iron Moth|0 fnt
|faint|p1a: Iron Moth
|-end|p1a: Iron Moth|Quark Drive|[silent]
|-damage|p2a: Girrafe|5/100|[from] item: Life Orb
|
|-weather|SunnyDay|[upkeep]
|upkeep
|c|☆the23rdofapril|Me when i run a drought team
|
|t:|1779908198
|switch|p1a: Raging Bolt|Raging Bolt|100/100
|-activate|p1a: Raging Bolt|ability: Protosynthesis
|-start|p1a: Raging Bolt|protosynthesisspa
|turn|8
|
|t:|1779908205
|move|p1a: Raging Bolt|Thunderclap|p2a: Girrafe
|-supereffective|p2a: Girrafe
|-damage|p2a: Girrafe|0 fnt
|faint|p2a: Girrafe
|-end|p2a: Girrafe|Protosynthesis|[silent]
|
|-weather|none
|-end|p1a: Raging Bolt|Protosynthesis
|upkeep
|-enditem|p1a: Raging Bolt|Booster Energy
|-activate|p1a: Raging Bolt|ability: Protosynthesis|[fromitem]
|-start|p1a: Raging Bolt|protosynthesisspa
|c|☆the23rdofapril|Aw
|
|t:|1779908217
|switch|p2a: Walking Chud|Walking Wake|100/100
|turn|9
|c|☆the23rdofapril|I have a suprise for you
|
|t:|1779908223
|move|p2a: Walking Chud|Draco Meteor|p1a: Raging Bolt
|-supereffective|p1a: Raging Bolt
|-damage|p1a: Raging Bolt|0 fnt
|-unboost|p2a: Walking Chud|spa|2
|faint|p1a: Raging Bolt
|-end|p1a: Raging Bolt|Protosynthesis|[silent]
|
|upkeep
|
|t:|1779908226
|switch|p1a: Zamazenta|Zamazenta|100/100
|-ability|p1a: Zamazenta|Dauntless Shield|boost
|-boost|p1a: Zamazenta|def|1
|turn|10
|
|t:|1779908233
|move|p1a: Zamazenta|Ice Fang|p2a: Walking Chud
|-damage|p2a: Walking Chud|81/100
|move|p2a: Walking Chud|Flip Turn|p1a: Zamazenta
|-damage|p1a: Zamazenta|92/100
|
|t:|1779908243
|-end|p2a: Walking Chud|Protosynthesis|[silent]
|switch|p2a: MegaScizorRegen|Ceruledge, F|100/100|[from] Flip Turn
|
|upkeep
|turn|11
|
|t:|1779908249
|move|p1a: Zamazenta|Reflect|p1a: Zamazenta
|-sidestart|p1: Josh2a|Reflect
|move|p2a: MegaScizorRegen|Swords Dance|p2a: MegaScizorRegen
|-boost|p2a: MegaScizorRegen|atk|2
|
|upkeep
|turn|12
|c|☆Josh2a|im scared
|
|t:|1779908262
|move|p1a: Zamazenta|Ice Fang|p2a: MegaScizorRegen
|-resisted|p2a: MegaScizorRegen
|-damage|p2a: MegaScizorRegen|90/100
|-status|p2a: MegaScizorRegen|frz
|-ability|p2a: MegaScizorRegen|Weak Armor|boost
|-unboost|p2a: MegaScizorRegen|def|1
|-boost|p2a: MegaScizorRegen|spe|2
|cant|p2a: MegaScizorRegen|frz
|
|upkeep
|turn|13
|c|☆the23rdofapril|Wallahi youre so lucky
|
|t:|1779908274
|cant|p2a: MegaScizorRegen|frz
|move|p1a: Zamazenta|Ice Fang|p2a: MegaScizorRegen
|-resisted|p2a: MegaScizorRegen
|-damage|p2a: MegaScizorRegen|73/100 frz
|-ability|p2a: MegaScizorRegen|Weak Armor|boost
|-unboost|p2a: MegaScizorRegen|def|1
|-boost|p2a: MegaScizorRegen|spe|2
|
|upkeep
|turn|14
|
|t:|1779908281
|cant|p2a: MegaScizorRegen|frz
|move|p1a: Zamazenta|Ice Fang|p2a: MegaScizorRegen
|-resisted|p2a: MegaScizorRegen
|-damage|p2a: MegaScizorRegen|53/100 frz
|-ability|p2a: MegaScizorRegen|Weak Armor|boost
|-unboost|p2a: MegaScizorRegen|def|1
|-boost|p2a: MegaScizorRegen|spe|2
|
|upkeep
|turn|15
|c|☆the23rdofapril|ceruledge wake up bro
|
|t:|1779908295
|cant|p2a: MegaScizorRegen|frz
|move|p1a: Zamazenta|Ice Fang|p2a: MegaScizorRegen
|-resisted|p2a: MegaScizorRegen
|-damage|p2a: MegaScizorRegen|28/100 frz
|-ability|p2a: MegaScizorRegen|Weak Armor|boost
|-unboost|p2a: MegaScizorRegen|def|1
|
|upkeep
|turn|16
|
|t:|1779908301
|cant|p2a: MegaScizorRegen|frz
|move|p1a: Zamazenta|Ice Fang|p2a: MegaScizorRegen
|-resisted|p2a: MegaScizorRegen
|-damage|p2a: MegaScizorRegen|0 fnt
|faint|p2a: MegaScizorRegen
|
|upkeep
|c|☆Josh2a|rip
|c|☆the23rdofapril|Fine
|c|☆the23rdofapril|i see how it i
|
|t:|1779908318
|switch|p2a: Fatso|Great Tusk|100/100
|turn|17
|c|☆Josh2a|gulp
|
|t:|1779908331
|move|p1a: Zamazenta|Ice Fang|p2a: Fatso
|-supereffective|p2a: Fatso
|-damage|p2a: Fatso|76/100
|move|p2a: Fatso|Headlong Rush|p1a: Zamazenta
|-damage|p1a: Zamazenta|73/100
|-unboost|p2a: Fatso|def|1
|-unboost|p2a: Fatso|spd|1
|
|upkeep
|turn|18
|
|t:|1779908355
|move|p1a: Zamazenta|Ice Fang|p2a: Fatso
|-supereffective|p2a: Fatso
|-damage|p2a: Fatso|37/100
|move|p2a: Fatso|Ice Spinner|p1a: Zamazenta
|-damage|p1a: Zamazenta|65/100
|
|-sideend|p1: Josh2a|Reflect
|upkeep
|turn|19
|
|t:|1779908367
|-end|p2a: Fatso|Protosynthesis|[silent]
|switch|p2a: Aura king|Kingambit, M|100/100
|-activate|p2a: Aura king|ability: Supreme Overlord
|-start|p2a: Aura king|fallen3|[silent]
|-item|p2a: Aura king|Air Balloon
|move|p1a: Zamazenta|Ice Fang|p2a: Aura king
|-resisted|p2a: Aura king
|-damage|p2a: Aura king|93/100
|-enditem|p2a: Aura king|Air Balloon
|
|upkeep
|turn|20
|inactive|the23rdofapril has 120 seconds left.
|
|t:|1779908386
|move|p1a: Zamazenta|Close Combat|p2a: Aura king
|-supereffective|p2a: Aura king
|-damage|p2a: Aura king|0 fnt
|-unboost|p1a: Zamazenta|def|1
|-unboost|p1a: Zamazenta|spd|1
|faint|p2a: Aura king
|-end|p2a: Aura king|fallen3|[silent]
|
|upkeep
|inactive|the23rdofapril has 120 seconds left.
|c|☆the23rdofapril|Exactly what i wanted
|
|t:|1779908395
|switch|p2a: Walking Chud|Walking Wake|81/100
|turn|21
|c|☆Josh2a|aura king 🥹
|
|t:|1779908409
|move|p1a: Zamazenta|Ice Fang|p2a: Walking Chud
|-damage|p2a: Walking Chud|62/100
|-status|p2a: Walking Chud|frz
|cant|p2a: Walking Chud|frz
|
|upkeep
|turn|22
|c|☆the23rdofapril|You reduced your special
|c|☆the23rdofapril|tyg5trefidwknm ax
|c|☆the23rdofapril|WALLAHI
|c|☆the23rdofapril|THIS
|c|☆the23rdofapril|IS
|c|☆the23rdofapril|A JOKE
|
|t:|1779908423
|move|p1a: Zamazenta|Close Combat|p2a: Walking Chud
|-damage|p2a: Walking Chud|6/100 frz
|-unboost|p1a: Zamazenta|def|1
|-unboost|p1a: Zamazenta|spd|1
|cant|p2a: Walking Chud|frz
|
|upkeep
|turn|23
|c|☆Josh2a|😰
|
|t:|1779908431
|move|p1a: Zamazenta|Reflect|p1a: Zamazenta
|-sidestart|p1: Josh2a|Reflect
|cant|p2a: Walking Chud|frz
|
|upkeep
|turn|24
|c|☆the23rdofapril|Oh my fucking god bro
|c|☆Josh2a|YO
|c|☆the23rdofapril|If i lose this
|c|☆Josh2a|WALKING CHUD
|c|☆the23rdofapril|Im blowing my brains out
|c|☆Josh2a|ITS BEAUTIFUL
|
|t:|1779908449
|move|p1a: Zamazenta|Ice Fang|p2a: Walking Chud
|-damage|p2a: Walking Chud|0 fnt
|faint|p2a: Walking Chud
|-end|p2a: Walking Chud|Protosynthesis|[silent]
|
|upkeep
|c|☆Josh2a|oh
|
|t:|1779908454
|switch|p2a: Fatso|Great Tusk|37/100
|turn|25
|
|t:|1779908464
|move|p1a: Zamazenta|Ice Fang|p2a: Fatso
|-supereffective|p2a: Fatso
|-damage|p2a: Fatso|9/100
|move|p2a: Fatso|Headlong Rush|p1a: Zamazenta
|-damage|p1a: Zamazenta|23/100
|-unboost|p2a: Fatso|def|1
|-unboost|p2a: Fatso|spd|1
|
|upkeep
|turn|26
|c|☆the23rdofapril|Omffgggggg
|inactive|the23rdofapril has 120 seconds left.
|c|☆the23rdofapril|Im gonna put a bottle up my as
|
|t:|1779908489
|move|p1a: Zamazenta|Ice Fang|p2a: Fatso
|-supereffective|p2a: Fatso
|-damage|p2a: Fatso|0 fnt
|faint|p2a: Fatso
|-end|p2a: Fatso|Protosynthesis|[silent]
|
|win|Josh2a
|raw|Josh2a's rating: 1159 &rarr; <strong>1180</strong><br />(+21 for winning)
|raw|the23rdofapril's rating: 1102 &rarr; <strong>1081</strong><br />(-21 for losing)
|l|☆the23rdofapril
|player|p2|
|c|☆Josh2a|100% luck 0 skill
