|j|☆Verbalseduction
|j|☆TheManOfSausage
|t:|1779863524
|gametype|singles
|player|p1|Verbalseduction|170|1491
|player|p2|TheManOfSausage|miku-water|1461
|gen|9
|tier|[Gen 9] OU
|rated|
|rule|HP Percentage Mod: HP is shown in percentages
|rule|Endless Battle Clause: Forcing endless battles is banned
|rule|Species Clause: Limit one of each Pokémon
|rule|OHKO Clause: OHKO moves are banned
|rule|Evasion Items Clause: Evasion items are banned
|rule|Evasion Moves Clause: Evasion moves are banned
|rule|Evasion Abilities Clause: Evasion abilities are banned
|rule|Sleep Moves Clause: Sleep-inducing moves are banned
|clearpoke
|poke|p1|Regieleki|
|poke|p1|Ting-Lu|
|poke|p1|Kyurem|
|poke|p1|Kingambit, F|
|poke|p1|Garganacl, F|
|poke|p1|Moltres|
|poke|p2|Ogerpon-Wellspring, F|
|poke|p2|Ceruledge, M|
|poke|p2|Great Tusk|
|poke|p2|Gholdengo|
|poke|p2|Darkrai|
|poke|p2|Ribombee, M|
|teampreview
|
|t:|1779863538
|teamsize|p1|6
|teamsize|p2|6
|start
|switch|p1a: Moltres|Moltres|100/100
|switch|p2a: Ribombee|Ribombee, M|100/100
|turn|1
|
|t:|1779863542
|move|p2a: Ribombee|Sticky Web|p1a: Moltres
|-sidestart|p1: Verbalseduction|move: Sticky Web
|move|p1a: Moltres|Flamethrower|p2a: Ribombee
|-supereffective|p2a: Ribombee
|-enditem|p2a: Ribombee|Focus Sash
|-damage|p2a: Ribombee|1/100
|
|upkeep
|turn|2
|
|t:|1779863554
|switch|p1a: Garganacl|Garganacl, F|100/100
|move|p2a: Ribombee|Stun Spore|p1a: Garganacl
|-immune|p1a: Garganacl|[from] ability: Purifying Salt
|
|upkeep
|turn|3
|
|t:|1779863559
|move|p2a: Ribombee|Moonblast|p1a: Garganacl
|-damage|p1a: Garganacl|71/100
|move|p1a: Garganacl|Salt Cure|p2a: Ribombee
|-supereffective|p2a: Ribombee
|-damage|p2a: Ribombee|0 fnt
|faint|p2a: Ribombee
|
|upkeep
|
|t:|1779863577
|switch|p2a: Ogerpon|Ogerpon-Wellspring, F|100/100
|turn|4
|
|t:|1779863592
|-terastallize|p1a: Garganacl|Fairy
|move|p2a: Ogerpon|Ivy Cudgel|p1a: Garganacl|[anim] Ivy Cudgel Water
|-damage|p1a: Garganacl|36/100
|move|p1a: Garganacl|Salt Cure|p2a: Ogerpon
|-damage|p2a: Ogerpon|83/100
|-start|p2a: Ogerpon|Salt Cure
|
|-damage|p2a: Ogerpon|58/100|[from] Salt Cure
|upkeep
|turn|5
|
|t:|1779863603
|switch|p1a: Kyurem|Kyurem|100/100
|-ability|p1a: Kyurem|Pressure
|move|p2a: Ogerpon|U-turn|p1a: Kyurem
|-damage|p1a: Kyurem|74/100
|
|t:|1779863605
|switch|p2a: Gholdengo|Gholdengo|100/100|[from] U-turn
|-item|p2a: Gholdengo|Air Balloon
|
|upkeep
|turn|6
|
|t:|1779863612
|switch|p1a: Moltres|Moltres|100/100
|move|p2a: Gholdengo|Make It Rain|p1a: Moltres
|-resisted|p1a: Moltres
|-damage|p1a: Moltres|63/100
|-unboost|p2a: Gholdengo|spa|1
|
|upkeep
|turn|7
|
|t:|1779863619
|switch|p2a: Darkrai|Darkrai|100/100
|move|p1a: Moltres|U-turn|p2a: Darkrai
|-supereffective|p2a: Darkrai
|-damage|p2a: Darkrai|64/100
|
|t:|1779863626
|switch|p1a: Ting-Lu|Ting-Lu|100/100|[from] U-turn
|-activate|p1a: Ting-Lu|move: Sticky Web
|-unboost|p1a: Ting-Lu|spe|1
|-ability|p1a: Ting-Lu|Vessel of Ruin
|
|upkeep
|turn|8
|
|t:|1779863632
|switch|p2a: Great Tusk|Great Tusk|100/100
|-enditem|p2a: Great Tusk|Booster Energy
|-activate|p2a: Great Tusk|ability: Protosynthesis|[fromitem]
|-start|p2a: Great Tusk|protosynthesisatk
|move|p1a: Ting-Lu|Earthquake|p2a: Great Tusk
|-damage|p2a: Great Tusk|70/100
|
|upkeep
|turn|9
|
|t:|1779863638
|switch|p1a: Moltres|Moltres|63/100
|move|p2a: Great Tusk|Close Combat|p1a: Moltres
|-resisted|p1a: Moltres
|-damage|p1a: Moltres|37/100
|-unboost|p2a: Great Tusk|def|1
|-unboost|p2a: Great Tusk|spd|1
|
|upkeep
|turn|10
|
|t:|1779863643
|move|p2a: Great Tusk|Ice Spinner|p1a: Moltres
|-damage|p1a: Moltres|11/100
|move|p1a: Moltres|Roost|p1a: Moltres
|-heal|p1a: Moltres|61/100
|-singleturn|p1a: Moltres|move: Roost
|
|upkeep
|turn|11
|
|t:|1779863650
|-end|p2a: Great Tusk|Protosynthesis|[silent]
|switch|p2a: Ceruledge|Ceruledge, M|100/100
|move|p1a: Moltres|Roost|p1a: Moltres
|-heal|p1a: Moltres|100/100
|-singleturn|p1a: Moltres|move: Roost
|
|upkeep
|turn|12
|
|t:|1779863654
|move|p2a: Ceruledge|Swords Dance|p2a: Ceruledge
|-boost|p2a: Ceruledge|atk|2
|move|p1a: Moltres|Roar|p2a: Ceruledge
|drag|p2a: Gholdengo|Gholdengo|100/100
|-item|p2a: Gholdengo|Air Balloon
|
|upkeep
|turn|13
|
|t:|1779863662
|switch|p2a: Ceruledge|Ceruledge, M|100/100
|move|p1a: Moltres|Flamethrower|p2a: Ceruledge
|-resisted|p2a: Ceruledge
|-damage|p2a: Ceruledge|77/100
|
|upkeep
|turn|14
|
|t:|1779863675
|move|p2a: Ceruledge|Swords Dance|p2a: Ceruledge
|-boost|p2a: Ceruledge|atk|2
|move|p1a: Moltres|Roar|p2a: Ceruledge
|drag|p2a: Darkrai|Darkrai|64/100
|
|upkeep
|turn|15
|
|t:|1779863680
|switch|p1a: Ting-Lu|Ting-Lu|100/100
|-activate|p1a: Ting-Lu|move: Sticky Web
|-unboost|p1a: Ting-Lu|spe|1
|-ability|p1a: Ting-Lu|Vessel of Ruin
|move|p2a: Darkrai|Dark Pulse|p1a: Ting-Lu
|-resisted|p1a: Ting-Lu
|-damage|p1a: Ting-Lu|83/100
|
|upkeep
|turn|16
|
|t:|1779863687
|switch|p2a: Ogerpon|Ogerpon-Wellspring, F|58/100
|move|p1a: Ting-Lu|Stealth Rock|p2a: Ogerpon
|-sidestart|p2: TheManOfSausage|move: Stealth Rock
|
|upkeep
|turn|17
|
|t:|1779863691
|move|p2a: Ogerpon|Ivy Cudgel|p1a: Ting-Lu|[anim] Ivy Cudgel Water
|-supereffective|p1a: Ting-Lu
|-damage|p1a: Ting-Lu|28/100
|-enditem|p1a: Ting-Lu|Weakness Policy
|-boost|p1a: Ting-Lu|atk|2|[from] item: Weakness Policy
|-boost|p1a: Ting-Lu|spa|2|[from] item: Weakness Policy
|move|p1a: Ting-Lu|Payback|p2a: Ogerpon
|-damage|p2a: Ogerpon|0 fnt
|faint|p2a: Ogerpon
|
|upkeep
|
|t:|1779863703
|switch|p2a: Darkrai|Darkrai|64/100
|-damage|p2a: Darkrai|52/100|[from] Stealth Rock
|turn|18
|
|t:|1779863710
|switch|p1a: Kingambit|Kingambit, F|100/100
|move|p2a: Darkrai|Dark Pulse|p1a: Kingambit
|-resisted|p1a: Kingambit
|-damage|p1a: Kingambit|70/100
|
|upkeep
|turn|19
|
|t:|1779863721
|switch|p2a: Ceruledge|Ceruledge, M|77/100
|-damage|p2a: Ceruledge|52/100|[from] Stealth Rock
|move|p1a: Kingambit|Iron Head|p2a: Ceruledge
|-resisted|p2a: Ceruledge
|-damage|p2a: Ceruledge|22/100
|-ability|p2a: Ceruledge|Weak Armor|boost
|-unboost|p2a: Ceruledge|def|1
|-boost|p2a: Ceruledge|spe|2
|
|upkeep
|turn|20
|
|t:|1779863728
|-end|p1a: Kingambit|fallenundefined|[silent]
|switch|p1a: Moltres|Moltres|100/100
|move|p2a: Ceruledge|Bitter Blade|p1a: Moltres
|-resisted|p1a: Moltres
|-damage|p1a: Moltres|86/100
|-heal|p2a: Ceruledge|32/100|[from] drain|[of] p1a: Moltres
|
|upkeep
|turn|21
|
|t:|1779863734
|move|p2a: Ceruledge|Shadow Claw|p1a: Moltres
|-crit|p1a: Moltres
|-damage|p1a: Moltres|50/100
|move|p1a: Moltres|Roar|p2a: Ceruledge
|drag|p2a: Darkrai|Darkrai|52/100
|-damage|p2a: Darkrai|40/100|[from] Stealth Rock
|
|upkeep
|turn|22
|
|t:|1779863742
|switch|p1a: Garganacl|Garganacl, F, tera:Fairy|36/100
|move|p2a: Darkrai|Dark Pulse|p1a: Garganacl
|-resisted|p1a: Garganacl
|-damage|p1a: Garganacl|14/100
|
|upkeep
|turn|23
|
|t:|1779863749
|move|p2a: Darkrai|Dark Pulse|p1a: Garganacl
|-resisted|p1a: Garganacl
|-damage|p1a: Garganacl|0 fnt
|faint|p1a: Garganacl
|
|upkeep
|
|t:|1779863753
|switch|p1a: Regieleki|Regieleki|100/100
|turn|24
|
|t:|1779863758
|move|p1a: Regieleki|Swift|p2a: Darkrai
|-damage|p2a: Darkrai|18/100
|move|p2a: Darkrai|Dark Pulse|p1a: Regieleki
|-damage|p1a: Regieleki|0 fnt
|faint|p1a: Regieleki
|
|upkeep
|
|t:|1779863770
|switch|p1a: Kingambit|Kingambit, F|70/100
|-activate|p1a: Kingambit|ability: Supreme Overlord
|-start|p1a: Kingambit|fallen2|[silent]
|turn|25
|
|t:|1779863775
|switch|p2a: Ceruledge|Ceruledge, M|32/100
|-damage|p2a: Ceruledge|7/100|[from] Stealth Rock
|move|p1a: Kingambit|Iron Head|p2a: Ceruledge
|-resisted|p2a: Ceruledge
|-damage|p2a: Ceruledge|0 fnt
|faint|p2a: Ceruledge
|
|upkeep
|
|t:|1779863779
|switch|p2a: Great Tusk|Great Tusk|70/100
|-damage|p2a: Great Tusk|67/100|[from] Stealth Rock
|turn|26
|
|t:|1779863784
|-end|p1a: Kingambit|fallen2|[silent]
|switch|p1a: Ting-Lu|Ting-Lu|28/100
|-activate|p1a: Ting-Lu|move: Sticky Web
|-unboost|p1a: Ting-Lu|spe|1
|-ability|p1a: Ting-Lu|Vessel of Ruin
|move|p2a: Great Tusk|Rapid Spin|p1a: Ting-Lu
|-damage|p1a: Ting-Lu|19/100
|-boost|p2a: Great Tusk|spe|1
|-sideend|p2: TheManOfSausage|Stealth Rock|[from] move: Rapid Spin|[of] p2a: Great Tusk
|
|upkeep
|turn|27
|
|t:|1779863788
|move|p2a: Great Tusk|Ice Spinner|p1a: Ting-Lu
|-supereffective|p1a: Ting-Lu
|-damage|p1a: Ting-Lu|0 fnt
|faint|p1a: Ting-Lu
|
|upkeep
|
|t:|1779863790
|switch|p1a: Moltres|Moltres|50/100
|turn|28
|
|t:|1779863797
|-end|p2a: Great Tusk|Protosynthesis|[silent]
|switch|p2a: Darkrai|Darkrai|18/100
|move|p1a: Moltres|Roost|p1a: Moltres
|-heal|p1a: Moltres|99/100
|-singleturn|p1a: Moltres|move: Roost
|
|upkeep
|turn|29
|
|t:|1779863802
|move|p2a: Darkrai|Dark Pulse|p1a: Moltres
|-damage|p1a: Moltres|37/100
|cant|p1a: Moltres|flinch
|
|upkeep
|turn|30
|-message|Verbalseduction forfeited.
|
|win|TheManOfSausage
|raw|Verbalseduction's rating: 1491 &rarr; <strong>1469</strong><br />(-22 for losing)
|raw|TheManOfSausage's rating: 1461 &rarr; <strong>1483</strong><br />(+22 for winning)
|l|☆Verbalseduction
|player|p1|
|l|☆TheManOfSausage
|player|p2|
