|badge|p2|bronze|gen9ru|100-9
|uhtml|medal-msg|<div class="broadcast-blue">Curious what those medals under the avatar are? PS now has Ladder Seasons! For more information, check out the <a href="https://www.smogon.com/forums/threads/3740067/">thread on Smogon.</a></div>
|j|☆tecerdo
|j|☆rentschler
|t:|1779957740
|gametype|singles
|player|p1|tecerdo|gentleman-gen4dp|1481
|player|p2|rentschler|flint|1472
|gen|9
|tier|[Gen 9] OU
|rated|
|rule|HP Percentage Mod: HP is shown in percentages
|rule|Endless Battle Clause: Forcing endless battles is banned
|rule|Species Clause: Limit one of each Pokémon
|rule|OHKO Clause: OHKO moves are banned
|rule|Evasion Items Clause: Evasion items are banned
|rule|Evasion Moves Clause: Evasion moves are banned
|rule|Evasion Abilities Clause: Evasion abilities are banned
|rule|Sleep Moves Clause: Sleep-inducing moves are banned
|clearpoke
|poke|p1|Pelipper, M|
|poke|p1|Beartic, M|
|poke|p1|Barraskewda, M|
|poke|p1|Bellibolt, F|
|poke|p1|Toxicroak, M|
|poke|p1|Iron Treads|
|poke|p2|Pelipper, F|
|poke|p2|Ogerpon, F|
|poke|p2|Barraskewda, M|
|poke|p2|Regieleki|
|poke|p2|Beartic, F|
|poke|p2|Dragonite, F|
|teampreview
|inactive|Battle timer is ON: inactive players will automatically lose when time's up. (requested by rentschler)
|
|t:|1779957756
|teamsize|p1|6
|teamsize|p2|6
|start
|switch|p1a: Iron Treads|Iron Treads|100/100
|switch|p2a: Ogerpon|Ogerpon, F|100/100
|turn|1
|
|t:|1779957767
|-end|p1a: Iron Treads|Quark Drive|[silent]
|switch|p1a: Toxicroak|Toxicroak, M|100/100
|move|p2a: Ogerpon|Ivy Cudgel|p1a: Toxicroak
|-resisted|p1a: Toxicroak
|-damage|p1a: Toxicroak|70/100
|-damage|p2a: Ogerpon|91/100|[from] item: Life Orb
|
|upkeep
|turn|2
|
|t:|1779957775
|move|p2a: Ogerpon|Knock Off|p1a: Toxicroak
|-resisted|p1a: Toxicroak
|-damage|p1a: Toxicroak|51/100
|-damage|p2a: Ogerpon|74/100|[from] item: Rocky Helmet|[of] p1a: Toxicroak
|-enditem|p1a: Toxicroak|Rocky Helmet|[from] move: Knock Off|[of] p2a: Ogerpon
|-damage|p2a: Ogerpon|64/100|[from] item: Life Orb
|move|p1a: Toxicroak|Toxic|p2a: Ogerpon
|-status|p2a: Ogerpon|tox
|
|-damage|p2a: Ogerpon|58/100 tox|[from] psn
|upkeep
|turn|3
|
|t:|1779957787
|switch|p1a: Pelipper|Pelipper, M|100/100
|-weather|RainDance|[from] ability: Drizzle|[of] p1a: Pelipper
|move|p2a: Ogerpon|U-turn|p1a: Pelipper
|-resisted|p1a: Pelipper
|-damage|p1a: Pelipper|90/100
|-damage|p2a: Ogerpon|48/100 tox|[from] item: Life Orb
|
|t:|1779957808
|switch|p2a: Beartic|Beartic, F|100/100|[from] U-turn
|
|-weather|RainDance|[upkeep]
|upkeep
|turn|4
|
|t:|1779957814
|move|p2a: Beartic|Icicle Spear|p1a: Pelipper
|-damage|p1a: Pelipper|79/100
|-damage|p1a: Pelipper|68/100
|-damage|p1a: Pelipper|56/100
|-damage|p1a: Pelipper|46/100
|-damage|p1a: Pelipper|35/100
|-hitcount|p1a: Pelipper|5
|move|p1a: Pelipper|Weather Ball|p2a: Beartic
|-damage|p2a: Beartic|40/100
|
|-weather|RainDance|[upkeep]
|upkeep
|turn|5
|
|t:|1779957843
|switch|p1a: Bellibolt|Bellibolt, F|100/100
|move|p2a: Beartic|Icicle Spear|p1a: Bellibolt
|-damage|p1a: Bellibolt|86/100
|-start|p1a: Bellibolt|Charge|Icicle Spear|[from] ability: Electromorphosis
|-damage|p1a: Bellibolt|72/100
|-start|p1a: Bellibolt|Charge|Icicle Spear|[from] ability: Electromorphosis
|-damage|p1a: Bellibolt|58/100
|-start|p1a: Bellibolt|Charge|Icicle Spear|[from] ability: Electromorphosis
|-damage|p1a: Bellibolt|45/100
|-start|p1a: Bellibolt|Charge|Icicle Spear|[from] ability: Electromorphosis
|-hitcount|p1a: Bellibolt|4
|
|-weather|RainDance|[upkeep]
|upkeep
|turn|6
|
|t:|1779957865
|move|p2a: Beartic|Icicle Spear|p1a: Bellibolt
|-damage|p1a: Bellibolt|30/100
|-start|p1a: Bellibolt|Charge|Icicle Spear|[from] ability: Electromorphosis
|-damage|p1a: Bellibolt|17/100
|-start|p1a: Bellibolt|Charge|Icicle Spear|[from] ability: Electromorphosis
|-damage|p1a: Bellibolt|3/100
|-start|p1a: Bellibolt|Charge|Icicle Spear|[from] ability: Electromorphosis
|-damage|p1a: Bellibolt|0 fnt
|faint|p1a: Bellibolt
|-hitcount|p1: Bellibolt|4
|
|-weather|RainDance|[upkeep]
|upkeep
|
|t:|1779957868
|switch|p1a: Barraskewda|Barraskewda, M|100/100
|turn|7
|inactive|rentschler has 120 seconds left.
|
|t:|1779957890
|switch|p2a: Ogerpon|Ogerpon, F|48/100 tox
|move|p1a: Barraskewda|Liquidation|p2a: Ogerpon
|-resisted|p2a: Ogerpon
|-crit|p2a: Ogerpon
|-damage|p2a: Ogerpon|0 fnt
|faint|p2a: Ogerpon
|
|-weather|RainDance|[upkeep]
|upkeep
|inactive|rentschler has 120 seconds left.
|
|t:|1779957901
|switch|p2a: Pelipper|Pelipper, F|100/100
|turn|8
|
|t:|1779957917
|-terastallize|p1a: Barraskewda|Water
|move|p1a: Barraskewda|Liquidation|p2a: Pelipper
|-resisted|p2a: Pelipper
|-damage|p2a: Pelipper|19/100
|move|p2a: Pelipper|Hurricane|p1a: Barraskewda
|-damage|p1a: Barraskewda|0 fnt
|faint|p1a: Barraskewda
|
|-weather|RainDance|[upkeep]
|upkeep
|
|t:|1779957919
|switch|p1a: Beartic|Beartic, M|100/100
|turn|9
|
|t:|1779957928
|move|p1a: Beartic|Icicle Spear|p2a: Pelipper
|-damage|p2a: Pelipper|4/100
|-damage|p2a: Pelipper|0 fnt
|faint|p2a: Pelipper
|-hitcount|p2: Pelipper|2
|
|-weather|RainDance|[upkeep]
|upkeep
|
|t:|1779957934
|switch|p2a: Barraskewda|Barraskewda, M|100/100
|turn|10
|
|t:|1779957940
|switch|p1a: Toxicroak|Toxicroak, M|51/100
|-terastallize|p2a: Barraskewda|Water
|move|p2a: Barraskewda|Flip Turn|p1a: Toxicroak
|-heal|p1a: Toxicroak|76/100|[from] ability: Dry Skin|[of] p2a: Barraskewda
|
|-weather|none
|upkeep
|turn|11
|
|t:|1779957952
|switch|p2a: Dragonite|Dragonite, F|100/100
|move|p1a: Toxicroak|Toxic|p2a: Dragonite
|-status|p2a: Dragonite|tox
|
|-damage|p2a: Dragonite|94/100 tox|[from] psn
|upkeep
|turn|12
|
|t:|1779957961
|switch|p1a: Pelipper|Pelipper, M|35/100
|-weather|RainDance|[from] ability: Drizzle|[of] p1a: Pelipper
|move|p2a: Dragonite|Scale Shot|p1a: Pelipper
|-damage|p1a: Pelipper|24/100
|-damage|p1a: Pelipper|14/100
|-damage|p1a: Pelipper|2/100
|-damage|p1a: Pelipper|0 fnt
|faint|p1a: Pelipper
|-hitcount|p1: Pelipper|4
|-unboost|p2a: Dragonite|def|1
|-boost|p2a: Dragonite|spe|1
|
|-weather|RainDance|[upkeep]
|-damage|p2a: Dragonite|82/100 tox|[from] psn
|upkeep
|
|t:|1779957964
|switch|p1a: Beartic|Beartic, M|100/100
|turn|13
|
|t:|1779957979
|move|p2a: Dragonite|Extreme Speed|p1a: Beartic
|-damage|p1a: Beartic|63/100
|move|p1a: Beartic|Icicle Spear|p2a: Dragonite
|-supereffective|p2a: Dragonite
|-damage|p2a: Dragonite|6/100 tox
|-supereffective|p2a: Dragonite
|-damage|p2a: Dragonite|0 fnt
|faint|p2a: Dragonite
|-hitcount|p2: Dragonite|2
|
|-weather|RainDance|[upkeep]
|upkeep
|
|t:|1779957989
|switch|p2a: Barraskewda|Barraskewda, M, tera:Water|100/100
|turn|14
|
|t:|1779957991
|switch|p1a: Toxicroak|Toxicroak, M|76/100
|move|p2a: Barraskewda|Close Combat|p1a: Toxicroak
|-resisted|p1a: Toxicroak
|-damage|p1a: Toxicroak|44/100
|-unboost|p2a: Barraskewda|def|1
|-unboost|p2a: Barraskewda|spd|1
|
|-weather|RainDance|[upkeep]
|-heal|p1a: Toxicroak|56/100|[from] ability: Dry Skin
|upkeep
|turn|15
|
|t:|1779958006
|switch|p2a: Beartic|Beartic, F|40/100
|move|p1a: Toxicroak|Drain Punch|p2a: Beartic
|-supereffective|p2a: Beartic
|-damage|p2a: Beartic|0 fnt
|-heal|p1a: Toxicroak|74/100|[from] drain|[of] p2a: Beartic
|faint|p2a: Beartic
|
|-weather|RainDance|[upkeep]
|-heal|p1a: Toxicroak|86/100|[from] ability: Dry Skin
|upkeep
|
|t:|1779958020
|switch|p2a: Regieleki|Regieleki|100/100
|-item|p2a: Regieleki|Air Balloon
|turn|16
|
|t:|1779958024
|switch|p2a: Barraskewda|Barraskewda, M, tera:Water|100/100
|switch|p1a: Iron Treads|Iron Treads|100/100
|
|-weather|RainDance|[upkeep]
|upkeep
|turn|17
|
|t:|1779958030
|-end|p1a: Iron Treads|Quark Drive|[silent]
|switch|p1a: Toxicroak|Toxicroak, M|86/100
|move|p2a: Barraskewda|Close Combat|p1a: Toxicroak
|-resisted|p1a: Toxicroak
|-damage|p1a: Toxicroak|58/100
|-unboost|p2a: Barraskewda|def|1
|-unboost|p2a: Barraskewda|spd|1
|
|-weather|RainDance|[upkeep]
|-heal|p1a: Toxicroak|70/100|[from] ability: Dry Skin
|upkeep
|turn|18
|
|t:|1779958042
|switch|p2a: Regieleki|Regieleki|100/100
|-item|p2a: Regieleki|Air Balloon
|move|p1a: Toxicroak|Drain Punch|p2a: Regieleki
|-damage|p2a: Regieleki|38/100
|-heal|p1a: Toxicroak|96/100|[from] drain|[of] p2a: Regieleki
|-enditem|p2a: Regieleki|Air Balloon
|
|-weather|RainDance|[upkeep]
|-heal|p1a: Toxicroak|100/100|[from] ability: Dry Skin
|upkeep
|turn|19
|
|t:|1779958052
|switch|p1a: Iron Treads|Iron Treads|100/100
|move|p2a: Regieleki|Thunder|p1a: Iron Treads
|-immune|p1a: Iron Treads
|
|-weather|none
|upkeep
|turn|20
|-message|rentschler forfeited.
|
|win|tecerdo
|raw|tecerdo's rating: 1481 &rarr; <strong>1500</strong><br />(+19 for winning)
|raw|rentschler's rating: 1472 &rarr; <strong>1453</strong><br />(-19 for losing)
|l|☆rentschler
|player|p2|
|l|☆tecerdo
|player|p1|
