|j|☆claudechamp
|j|☆sargentomichoo
|t:|1779874091
|gametype|singles
|player|p1|claudechamp|169|1227
|player|p2|sargentomichoo|170|1231
|gen|9
|tier|[Gen 9] OU
|rated|
|rule|HP Percentage Mod: HP is shown in percentages
|rule|Endless Battle Clause: Forcing endless battles is banned
|rule|Species Clause: Limit one of each Pokémon
|rule|OHKO Clause: OHKO moves are banned
|rule|Evasion Items Clause: Evasion items are banned
|rule|Evasion Moves Clause: Evasion moves are banned
|rule|Evasion Abilities Clause: Evasion abilities are banned
|rule|Sleep Moves Clause: Sleep-inducing moves are banned
|clearpoke
|poke|p1|Gliscor, M|
|poke|p1|Gholdengo|
|poke|p1|Zamazenta-*|
|poke|p1|Blissey, F|
|poke|p1|Skarmory, F|
|poke|p1|Pecharunt|
|poke|p2|Girafarig, F|
|poke|p2|Raichu, F|
|poke|p2|Heatran, F|
|poke|p2|Quagsire, F|
|poke|p2|Grimmsnarl, M|
|poke|p2|Landorus-Therian, M|
|teampreview
|c|☆claudechamp|hf
|inactive|Battle timer is ON: inactive players will automatically lose when time's up. (requested by claudechamp)
|
|t:|1779874105
|teamsize|p1|6
|teamsize|p2|6
|start
|switch|p1a: Skarmory|Skarmory, F|100/100
|switch|p2a: Grimmsnarl|Grimmsnarl, M|100/100
|turn|1
|
|t:|1779874128
|move|p2a: Grimmsnarl|Thunder Wave|p1a: Skarmory
|-status|p1a: Skarmory|par
|move|p1a: Skarmory|Spikes|p2a: Grimmsnarl
|-sidestart|p2: sargentomichoo|Spikes
|
|upkeep
|turn|2
|
|t:|1779874134
|move|p2a: Grimmsnarl|Parting Shot|p1a: Skarmory
|-unboost|p1a: Skarmory|atk|1
|-unboost|p1a: Skarmory|spa|1
|
|t:|1779874137
|switch|p2a: Heatran|Heatran, F|100/100|[from] Parting Shot
|-item|p2a: Heatran|Air Balloon
|move|p1a: Skarmory|Spikes|p2a: Heatran
|-sidestart|p2: sargentomichoo|Spikes
|
|upkeep
|turn|3
|
|t:|1779874149
|switch|p1a: Blissey|Blissey, F|100/100
|move|p2a: Heatran|Lava Plume|p1a: Blissey
|-crit|p1a: Blissey
|-damage|p1a: Blissey|81/100
|
|upkeep
|turn|4
|
|t:|1779874157
|switch|p2a: Landorus|Landorus-Therian, M|100/100
|-ability|p2a: Landorus|Intimidate|boost
|-unboost|p1a: Blissey|atk|1
|move|p1a: Blissey|Stealth Rock|p2a: Landorus
|-sidestart|p2: sargentomichoo|move: Stealth Rock
|
|upkeep
|turn|5
|
|t:|1779874170
|switch|p1a: Gliscor|Gliscor, M|100/100
|move|p2a: Landorus|U-turn|p1a: Gliscor
|-resisted|p1a: Gliscor
|-damage|p1a: Gliscor|88/100
|
|t:|1779874178
|switch|p2a: Heatran|Heatran, F|100/100|[from] U-turn
|-damage|p2a: Heatran|88/100|[from] Stealth Rock
|-item|p2a: Heatran|Air Balloon
|
|-status|p1a: Gliscor|tox|[from] item: Toxic Orb
|upkeep
|turn|6
|
|t:|1779874187
|move|p1a: Gliscor|Swords Dance|p1a: Gliscor
|-boost|p1a: Gliscor|atk|2
|move|p2a: Heatran|Lava Plume|p1a: Gliscor
|-damage|p1a: Gliscor|49/100 tox
|
|-heal|p1a: Gliscor|61/100 tox|[from] ability: Poison Heal
|upkeep
|turn|7
|
|t:|1779874197
|move|p1a: Gliscor|Knock Off|p2a: Heatran
|-damage|p2a: Heatran|52/100
|-enditem|p2a: Heatran|Air Balloon
|move|p2a: Heatran|Flame Charge|p1a: Gliscor
|-damage|p1a: Gliscor|49/100 tox
|-boost|p2a: Heatran|spe|1
|
|-heal|p1a: Gliscor|61/100 tox|[from] ability: Poison Heal
|upkeep
|turn|8
|
|t:|1779874208
|move|p2a: Heatran|Lava Plume|p1a: Gliscor
|-damage|p1a: Gliscor|24/100 tox
|move|p1a: Gliscor|Knock Off|p2a: Heatran
|-damage|p2a: Heatran|28/100
|
|-heal|p1a: Gliscor|36/100 tox|[from] ability: Poison Heal
|upkeep
|turn|9
|
|t:|1779874216
|-terastallize|p1a: Gliscor|Dark
|move|p1a: Gliscor|Protect|p1a: Gliscor
|-singleturn|p1a: Gliscor|Protect
|move|p2a: Heatran|Lava Plume|p1a: Gliscor
|-activate|p1a: Gliscor|move: Protect
|
|-heal|p1a: Gliscor|49/100 tox|[from] ability: Poison Heal
|upkeep
|turn|10
|
|t:|1779874226
|move|p2a: Heatran|Lava Plume|p1a: Gliscor
|-damage|p1a: Gliscor|11/100 tox
|move|p1a: Gliscor|Knock Off|p2a: Heatran
|-damage|p2a: Heatran|0 fnt
|faint|p2a: Heatran
|
|-heal|p1a: Gliscor|24/100 tox|[from] ability: Poison Heal
|upkeep
|
|t:|1779874237
|switch|p2a: Raichu|Raichu, F|100/100
|-damage|p2a: Raichu|84/100|[from] Spikes
|-damage|p2a: Raichu|72/100|[from] Stealth Rock
|turn|11
|
|t:|1779874243
|move|p2a: Raichu|Nasty Plot|p2a: Raichu
|-boost|p2a: Raichu|spa|2
|move|p1a: Gliscor|Knock Off|p2a: Raichu
|-damage|p2a: Raichu|0 fnt
|faint|p2a: Raichu
|
|-heal|p1a: Gliscor|36/100 tox|[from] ability: Poison Heal
|upkeep
|-message|sargentomichoo forfeited.
|
|win|claudechamp
|raw|claudechamp's rating: 1224 &rarr; <strong>1250</strong><br />(+26 for winning)
|raw|sargentomichoo's rating: 1231 &rarr; <strong>1205</strong><br />(-26 for losing)
|c|☆claudechamp|gg
|l|☆sargentomichoo
|player|p2|
|l|☆claudechamp
|player|p1|
|j| tgy12
