|j|☆TwinkleLittleStars
|j|☆hhfhjbg
|t:|1779876057
|gametype|singles
|player|p1|TwinkleLittleStars|alec-anime|1477
|player|p2|hhfhjbg|170|1442
|gen|9
|tier|[Gen 9] OU
|rated|
|rule|HP Percentage Mod: HP is shown in percentages
|rule|Endless Battle Clause: Forcing endless battles is banned
|rule|Species Clause: Limit one of each Pokémon
|rule|OHKO Clause: OHKO moves are banned
|rule|Evasion Items Clause: Evasion items are banned
|rule|Evasion Moves Clause: Evasion moves are banned
|rule|Evasion Abilities Clause: Evasion abilities are banned
|rule|Sleep Moves Clause: Sleep-inducing moves are banned
|clearpoke
|poke|p1|Ribombee, F|
|poke|p1|Iron Valiant|
|poke|p1|Gholdengo|
|poke|p1|Iron Boulder|
|poke|p1|Ogerpon-Wellspring, F|
|poke|p1|Enamorus, F|
|poke|p2|Gholdengo|
|poke|p2|Deoxys-Speed|
|poke|p2|Kingambit, M|
|poke|p2|Great Tusk|
|poke|p2|Iron Moth|
|poke|p2|Ogerpon, F|
|teampreview
|
|t:|1779876062
|teamsize|p1|6
|teamsize|p2|6
|start
|switch|p1a: Ribombee|Ribombee, F|100/100
|switch|p2a: Deoxys|Deoxys-Speed|100/100
|-ability|p2a: Deoxys|Pressure
|turn|1
|
|t:|1779876066
|move|p2a: Deoxys|Taunt|p1a: Ribombee
|-start|p1a: Ribombee|move: Taunt
|move|p1a: Ribombee|Moonblast|p2a: Deoxys
|-damage|p2a: Deoxys|60/100
|
|upkeep
|turn|2
|
|t:|1779876069
|move|p2a: Deoxys|Stealth Rock|p1a: Ribombee
|-sidestart|p1: TwinkleLittleStars|move: Stealth Rock
|move|p1a: Ribombee|Moonblast|p2a: Deoxys
|-damage|p2a: Deoxys|18/100
|
|upkeep
|turn|3
|
|t:|1779876073
|move|p2a: Deoxys|Knock Off|p1a: Ribombee
|-resisted|p1a: Ribombee
|-damage|p1a: Ribombee|82/100
|-enditem|p1a: Ribombee|Focus Sash|[from] move: Knock Off|[of] p2a: Deoxys
|move|p1a: Ribombee|Moonblast|p2a: Deoxys
|-damage|p2a: Deoxys|0 fnt
|faint|p2a: Deoxys
|
|-end|p1a: Ribombee|move: Taunt
|upkeep
|
|t:|1779876077
|switch|p2a: Iron Moth|Iron Moth|100/100
|-enditem|p2a: Iron Moth|Booster Energy
|-activate|p2a: Iron Moth|ability: Quark Drive|[fromitem]
|-start|p2a: Iron Moth|quarkdrivespe
|turn|4
|
|t:|1779876087
|-terastallize|p1a: Ribombee|Ghost
|move|p2a: Iron Moth|Fiery Dance|p1a: Ribombee
|-damage|p1a: Ribombee|23/100
|-boost|p2a: Iron Moth|spa|1
|move|p1a: Ribombee|Stun Spore|p2a: Iron Moth
|-status|p2a: Iron Moth|par
|
|upkeep
|turn|5
|
|t:|1779876095
|move|p1a: Ribombee|Sticky Web|p2a: Iron Moth
|-sidestart|p2: hhfhjbg|move: Sticky Web
|move|p2a: Iron Moth|Fiery Dance|p1a: Ribombee
|-damage|p1a: Ribombee|0 fnt
|faint|p1a: Ribombee
|
|upkeep
|
|t:|1779876099
|switch|p1a: Ogerpon|Ogerpon-Wellspring, F|100/100
|-damage|p1a: Ogerpon|88/100|[from] Stealth Rock
|turn|6
|
|t:|1779876101
|move|p1a: Ogerpon|Ivy Cudgel|p2a: Iron Moth|[anim] Ivy Cudgel Water
|-supereffective|p2a: Iron Moth
|-damage|p2a: Iron Moth|0 fnt
|faint|p2a: Iron Moth
|-end|p2a: Iron Moth|Quark Drive|[silent]
|
|upkeep
|
|t:|1779876108
|switch|p2a: Gholdengo|Gholdengo|100/100
|-item|p2a: Gholdengo|Air Balloon
|turn|7
|
|t:|1779876112
|move|p1a: Ogerpon|Swords Dance|p1a: Ogerpon
|-boost|p1a: Ogerpon|atk|2
|move|p2a: Gholdengo|Shadow Ball|p1a: Ogerpon
|-damage|p1a: Ogerpon|30/100
|
|upkeep
|turn|8
|
|t:|1779876114
|move|p1a: Ogerpon|Ivy Cudgel|p2a: Gholdengo|[anim] Ivy Cudgel Water
|-damage|p2a: Gholdengo|0 fnt
|-enditem|p2a: Gholdengo|Air Balloon
|faint|p2a: Gholdengo
|
|upkeep
|
|t:|1779876124
|switch|p2a: Kingambit|Kingambit, M|100/100
|-activate|p2a: Kingambit|move: Sticky Web
|-unboost|p2a: Kingambit|spe|1
|-activate|p2a: Kingambit|ability: Supreme Overlord
|-start|p2a: Kingambit|fallen3|[silent]
|turn|9
|
|t:|1779876127
|move|p2a: Kingambit|Sucker Punch|p1a: Ogerpon
|-damage|p1a: Ogerpon|0 fnt
|faint|p1a: Ogerpon
|-damage|p2a: Kingambit|91/100|[from] item: Life Orb
|
|upkeep
|
|t:|1779876131
|switch|p1a: Iron Valiant|Iron Valiant|100/100
|-damage|p1a: Iron Valiant|94/100|[from] Stealth Rock
|turn|10
|
|t:|1779876135
|move|p1a: Iron Valiant|Moonblast|p2a: Kingambit
|-damage|p2a: Kingambit|34/100
|-damage|p1a: Iron Valiant|85/100|[from] item: Life Orb
|move|p2a: Kingambit|Iron Head|p1a: Iron Valiant
|-supereffective|p1a: Iron Valiant
|-damage|p1a: Iron Valiant|0 fnt
|faint|p1a: Iron Valiant
|-end|p1a: Iron Valiant|Quark Drive|[silent]
|-damage|p2a: Kingambit|24/100|[from] item: Life Orb
|
|upkeep
|
|t:|1779876139
|switch|p1a: Enamorus|Enamorus, F|100/100
|-damage|p1a: Enamorus|76/100|[from] Stealth Rock
|turn|11
|
|t:|1779876141
|move|p1a: Enamorus|Moonblast|p2a: Kingambit
|-crit|p2a: Kingambit
|-damage|p2a: Kingambit|0 fnt
|faint|p2a: Kingambit
|-end|p2a: Kingambit|fallen3|[silent]
|
|upkeep
|
|t:|1779876145
|switch|p2a: Great Tusk|Great Tusk|100/100
|-activate|p2a: Great Tusk|move: Sticky Web
|-unboost|p2a: Great Tusk|spe|1
|turn|12
|
|t:|1779876148
|switch|p1a: Gholdengo|Gholdengo|100/100
|-damage|p1a: Gholdengo|94/100|[from] Stealth Rock
|-item|p1a: Gholdengo|Air Balloon
|move|p2a: Great Tusk|Knock Off|p1a: Gholdengo
|-supereffective|p1a: Gholdengo
|-damage|p1a: Gholdengo|4/100
|-enditem|p1a: Gholdengo|Air Balloon
|
|upkeep
|turn|13
|
|t:|1779876155
|move|p1a: Gholdengo|Make It Rain|p2a: Great Tusk
|-damage|p2a: Great Tusk|45/100
|-unboost|p1a: Gholdengo|spa|1
|move|p2a: Great Tusk|Knock Off|p1a: Gholdengo
|-supereffective|p1a: Gholdengo
|-damage|p1a: Gholdengo|0 fnt
|faint|p1a: Gholdengo
|
|upkeep
|
|t:|1779876161
|switch|p1a: Enamorus|Enamorus, F|76/100
|-damage|p1a: Enamorus|51/100|[from] Stealth Rock
|turn|14
|
|t:|1779876165
|move|p1a: Enamorus|Moonblast|p2a: Great Tusk
|-supereffective|p2a: Great Tusk
|-damage|p2a: Great Tusk|0 fnt
|faint|p2a: Great Tusk
|-end|p2a: Great Tusk|Protosynthesis|[silent]
|
|upkeep
|
|t:|1779876167
|switch|p2a: Ogerpon|Ogerpon, F|100/100
|-activate|p2a: Ogerpon|move: Sticky Web
|-unboost|p2a: Ogerpon|spe|1
|-ability|p2a: Ogerpon|Defiant|boost
|-boost|p2a: Ogerpon|atk|2
|turn|15
|
|t:|1779876173
|-terastallize|p2a: Ogerpon|Grass
|detailschange|p2a: Ogerpon|Ogerpon-Teal-Tera, F, tera:Grass
|-ability|p2a: Ogerpon|Embody Aspect (Teal)|boost
|-boost|p2a: Ogerpon|spe|1
|move|p2a: Ogerpon|Ivy Cudgel|p1a: Enamorus
|-resisted|p1a: Enamorus
|-damage|p1a: Enamorus|0 fnt
|faint|p1a: Enamorus
|
|upkeep
|
|t:|1779876180
|switch|p1a: Iron Boulder|Iron Boulder|100/100
|-damage|p1a: Iron Boulder|88/100|[from] Stealth Rock
|turn|16
|
|t:|1779876182
|move|p1a: Iron Boulder|Zen Headbutt|p2a: Ogerpon
|-damage|p2a: Ogerpon|52/100
|cant|p2a: Ogerpon|flinch
|
|upkeep
|turn|17
|
|t:|1779876185
|move|p1a: Iron Boulder|Mighty Cleave|p2a: Ogerpon
|-damage|p2a: Ogerpon|0 fnt
|faint|p2a: Ogerpon
|detailschange|p2: Ogerpon|Ogerpon, F|[silent]
|
|win|TwinkleLittleStars
|raw|TwinkleLittleStars's rating: 1477 &rarr; <strong>1495</strong><br />(+18 for winning)
|raw|hhfhjbg's rating: 1442 &rarr; <strong>1424</strong><br />(-18 for losing)
|l|☆TwinkleLittleStars
|player|p1|
|l|☆hhfhjbg
|player|p2|
