|j|☆jongwoo buffet
|j|☆fjdjdudyd
|t:|1779865322
|gametype|singles
|player|p1|jongwoo buffet|li|1105
|player|p2|fjdjdudyd|2|1103
|gen|9
|tier|[Gen 9] OU
|rated|
|rule|HP Percentage Mod: HP is shown in percentages
|rule|Endless Battle Clause: Forcing endless battles is banned
|rule|Species Clause: Limit one of each Pokémon
|rule|OHKO Clause: OHKO moves are banned
|rule|Evasion Items Clause: Evasion items are banned
|rule|Evasion Moves Clause: Evasion moves are banned
|rule|Evasion Abilities Clause: Evasion abilities are banned
|rule|Sleep Moves Clause: Sleep-inducing moves are banned
|clearpoke
|poke|p1|Greninja-*, M|
|poke|p1|Weavile, F|
|poke|p1|Gallade, M|
|poke|p1|Iron Valiant|
|poke|p1|Moltres|
|poke|p1|Torterra, F|
|poke|p2|Moltres|
|poke|p2|Blastoise, M|
|poke|p2|Pikachu, F|
|poke|p2|Ogerpon, F|
|poke|p2|Gholdengo|
|poke|p2|Clefable, F|
|teampreview
|inactive|Battle timer is ON: inactive players will automatically lose when time's up. (requested by fjdjdudyd)
|
|t:|1779865352
|teamsize|p1|6
|teamsize|p2|6
|start
|switch|p1a: jims dad|Iron Valiant, shiny|100/100
|switch|p2a: Moltres|Moltres|100/100
|-enditem|p1a: jims dad|Booster Energy
|-activate|p1a: jims dad|ability: Quark Drive|[fromitem]
|-start|p1a: jims dad|quarkdrivespe
|turn|1
|
|t:|1779865361
|move|p1a: jims dad|Thunderbolt|p2a: Moltres
|-supereffective|p2a: Moltres
|-damage|p2a: Moltres|46/100
|move|p2a: Moltres|Flamethrower|p1a: jims dad
|-damage|p1a: jims dad|30/100
|
|upkeep
|turn|2
|
|t:|1779865366
|switch|p2a: Pikachu|Pikachu, F|100/100
|move|p1a: jims dad|Thunderbolt|p2a: Pikachu
|-ability|p2a: Pikachu|Lightning Rod|boost
|-boost|p2a: Pikachu|spa|1
|
|upkeep
|turn|3
|
|t:|1779865376
|-terastallize|p1a: jims dad|Electric
|move|p2a: Pikachu|Fake Out|p1a: jims dad
|-damage|p1a: jims dad|9/100
|cant|p1a: jims dad|flinch
|
|upkeep
|turn|4
|
|t:|1779865382
|move|p2a: Pikachu|Quick Attack|p1a: jims dad
|-damage|p1a: jims dad|0 fnt
|faint|p1a: jims dad
|-end|p1a: jims dad|Quark Drive|[silent]
|
|upkeep
|
|t:|1779865393
|switch|p1a: goatterra|Torterra, F|100/100
|turn|5
|
|t:|1779865397
|move|p2a: Pikachu|Surf|p1a: goatterra
|-damage|p1a: goatterra|67/100
|move|p1a: goatterra|Leech Seed|p2a: Pikachu
|-start|p2a: Pikachu|move: Leech Seed
|
|-heal|p1a: goatterra|73/100|[from] item: Leftovers
|-damage|p2a: Pikachu|88/100|[from] Leech Seed|[of] p1a: goatterra
|-heal|p1a: goatterra|80/100|[silent]
|upkeep
|turn|6
|
|t:|1779865405
|switch|p2a: Ogerpon|Ogerpon, F|100/100
|move|p1a: goatterra|Energy Ball|p2a: Ogerpon
|-resisted|p2a: Ogerpon
|-damage|p2a: Ogerpon|86/100
|
|-heal|p1a: goatterra|86/100|[from] item: Leftovers
|upkeep
|turn|7
|
|t:|1779865416
|move|p2a: Ogerpon|Spikes|p1a: goatterra
|-sidestart|p1: jongwoo buffet|Spikes
|move|p1a: goatterra|Leech Seed|p2a: Ogerpon
|-immune|p2a: Ogerpon
|
|-heal|p1a: goatterra|92/100|[from] item: Leftovers
|upkeep
|turn|8
|
|t:|1779865424
|move|p2a: Ogerpon|Spikes|p1a: goatterra
|-sidestart|p1: jongwoo buffet|Spikes
|move|p1a: goatterra|Substitute|p1a: goatterra
|-start|p1a: goatterra|Substitute
|-damage|p1a: goatterra|67/100
|
|-heal|p1a: goatterra|73/100|[from] item: Leftovers
|upkeep
|turn|9
|
|t:|1779865431
|move|p2a: Ogerpon|Ivy Cudgel|p1a: goatterra
|-end|p1a: goatterra|Substitute
|move|p1a: goatterra|Energy Ball|p2a: Ogerpon
|-resisted|p2a: Ogerpon
|-damage|p2a: Ogerpon|71/100
|-unboost|p2a: Ogerpon|spd|1
|-ability|p2a: Ogerpon|Defiant|boost
|-boost|p2a: Ogerpon|atk|2
|
|-heal|p1a: goatterra|79/100|[from] item: Leftovers
|upkeep
|turn|10
|
|t:|1779865449
|switch|p1a: bird|Moltres|100/100
|move|p2a: Ogerpon|Ivy Cudgel|p1a: bird
|-resisted|p1a: bird
|-damage|p1a: bird|77/100
|
|-heal|p1a: bird|83/100|[from] item: Leftovers
|upkeep
|turn|11
|
|t:|1779865458
|switch|p2a: Blastoise|Blastoise, M|100/100
|move|p1a: bird|Flamethrower|p2a: Blastoise
|-resisted|p2a: Blastoise
|-damage|p2a: Blastoise|84/100
|
|-heal|p1a: bird|89/100|[from] item: Leftovers
|upkeep
|turn|12
|
|t:|1779865466
|move|p1a: bird|U-turn|p2a: Blastoise
|-damage|p2a: Blastoise|73/100
|
|t:|1779865468
|switch|p1a: mr beats|Greninja, M|100/100|[from] U-turn
|-damage|p1a: mr beats|84/100|[from] Spikes
|move|p2a: Blastoise|Surf|p1a: mr beats
|-resisted|p1a: mr beats
|-damage|p1a: mr beats|61/100
|
|upkeep
|turn|13
|
|t:|1779865477
|move|p1a: mr beats|Dark Pulse|p2a: Blastoise
|-damage|p2a: Blastoise|50/100
|move|p2a: Blastoise|Hydro Cannon|p1a: mr beats
|-resisted|p1a: mr beats
|-damage|p1a: mr beats|19/100
|-mustrecharge|p2a: Blastoise
|
|upkeep
|turn|14
|
|t:|1779865484
|move|p1a: mr beats|Dark Pulse|p2a: Blastoise
|-crit|p2a: Blastoise
|-damage|p2a: Blastoise|12/100
|cant|p2a: Blastoise|recharge
|
|upkeep
|turn|15
|
|t:|1779865489
|move|p1a: mr beats|Dark Pulse|p2a: Blastoise
|-damage|p2a: Blastoise|0 fnt
|faint|p2a: Blastoise
|-ability|p1a: mr beats|Battle Bond|boost
|-boost|p1a: mr beats|atk|1
|-boost|p1a: mr beats|spa|1
|-boost|p1a: mr beats|spe|1
|-activate|p1a: mr beats|ability: Battle Bond
|
|upkeep
|
|t:|1779865492
|switch|p2a: Pikachu|Pikachu, F|88/100
|turn|16
|
|t:|1779865501
|move|p2a: Pikachu|Fake Out|p1a: mr beats
|-damage|p1a: mr beats|0 fnt
|faint|p1a: mr beats
|
|upkeep
|
|t:|1779865509
|switch|p1a: jim|Gallade, M, shiny|100/100
|-damage|p1a: jim|84/100|[from] Spikes
|turn|17
|
|t:|1779865522
|switch|p2a: Gholdengo|Gholdengo|100/100
|move|p1a: jim|Sacred Sword|p2a: Gholdengo
|-immune|p2a: Gholdengo
|
|upkeep
|turn|18
|
|t:|1779865531
|switch|p1a: bird|Moltres|89/100
|move|p2a: Gholdengo|Shadow Ball|p1a: bird
|-damage|p1a: bird|40/100
|-unboost|p1a: bird|spd|1
|
|-heal|p1a: bird|46/100|[from] item: Leftovers
|upkeep
|turn|19
|
|t:|1779865543
|move|p2a: Gholdengo|Shadow Ball|p1a: bird
|-damage|p1a: bird|0 fnt
|faint|p1a: bird
|
|upkeep
|
|t:|1779865547
|switch|p1a: apple|Weavile, F, shiny|100/100
|-ability|p1a: apple|Pressure
|turn|20
|
|t:|1779865551
|switch|p2a: Moltres|Moltres|46/100
|move|p1a: apple|Knock Off|p2a: Moltres
|-damage|p2a: Moltres|14/100
|-enditem|p2a: Moltres|Heavy-Duty Boots|[from] move: Knock Off|[of] p1a: apple
|
|upkeep
|turn|21
|
|t:|1779865559
|move|p1a: apple|Low Kick|p2a: Moltres
|-resisted|p2a: Moltres
|-damage|p2a: Moltres|5/100
|move|p2a: Moltres|Roost|p2a: Moltres
|-heal|p2a: Moltres|56/100
|-singleturn|p2a: Moltres|move: Roost
|
|upkeep
|turn|22
|
|t:|1779865566
|move|p1a: apple|Triple Axel|p2a: Moltres
|-damage|p2a: Moltres|48/100
|-damage|p2a: Moltres|33/100
|-damage|p2a: Moltres|12/100
|-hitcount|p2a: Moltres|3
|move|p2a: Moltres|Flamethrower|p1a: apple
|-supereffective|p1a: apple
|-damage|p1a: apple|0 fnt
|faint|p1a: apple
|
|upkeep
|
|t:|1779865577
|switch|p1a: jim|Gallade, M, shiny|84/100
|-damage|p1a: jim|67/100|[from] Spikes
|turn|23
|
|t:|1779865582
|move|p1a: jim|Psycho Cut|p2a: Moltres
|-damage|p2a: Moltres|0 fnt
|faint|p2a: Moltres
|
|upkeep
|
|t:|1779865596
|switch|p2a: Pikachu|Pikachu, F|88/100
|turn|24
|
|t:|1779865598
|-terastallize|p2a: Pikachu|Normal
|move|p2a: Pikachu|Fake Out|p1a: jim
|-damage|p1a: jim|28/100
|cant|p1a: jim|flinch
|
|upkeep
|turn|25
|
|t:|1779865603
|move|p2a: Pikachu|Quick Attack|p1a: jim
|-damage|p1a: jim|0 fnt
|faint|p1a: jim
|
|upkeep
|-message|jongwoo buffet forfeited.
|
|win|fjdjdudyd
|raw|jongwoo buffet's rating: 1105 &rarr; <strong>1080</strong><br />(-25 for losing)
|raw|fjdjdudyd's rating: 1103 &rarr; <strong>1128</strong><br />(+25 for winning)
|l|☆jongwoo buffet
|player|p1|
