|j|☆goober #1048
|j|☆literallyjaimelol
|t:|1779842211
|gametype|singles
|player|p1|goober #1048|gambler|1023
|player|p2|literallyjaimelol|lucas|1050
|gen|9
|tier|[Gen 9] OU
|rated|
|rule|HP Percentage Mod: HP is shown in percentages
|rule|Endless Battle Clause: Forcing endless battles is banned
|rule|Species Clause: Limit one of each Pokémon
|rule|OHKO Clause: OHKO moves are banned
|rule|Evasion Items Clause: Evasion items are banned
|rule|Evasion Moves Clause: Evasion moves are banned
|rule|Evasion Abilities Clause: Evasion abilities are banned
|rule|Sleep Moves Clause: Sleep-inducing moves are banned
|clearpoke
|poke|p1|Numel, M|
|poke|p2|Hoopa|
|poke|p2|Cinderace, M|
|poke|p2|Mandibuzz, F|
|poke|p2|Kyurem|
|poke|p2|Ting-Lu|
|poke|p2|Manaphy|
|teampreview
|l|☆literallyjaimelol
|player|p2|
|inactive|Battle timer is ON: inactive players will automatically lose when time's up. (requested by goober #1048)
|j|☆literallyjaimelol
|inactive|literallyjaimelol reconnected and has 140 seconds left.
|player|p2|literallyjaimelol|lucas|
|
|t:|1779842231
|teamsize|p1|1
|teamsize|p2|6
|start
|switch|p1a: Numel|Numel, M, shiny|100/100
|switch|p2a: Birds In The Trap|Mandibuzz, F, shiny|100/100
|turn|1
|c|☆literallyjaimelol|i’m sofry
|
|t:|1779842239
|move|p2a: Birds In The Trap|Toxic|p1a: Numel
|-status|p1a: Numel|tox
|move|p1a: Numel|Stockpile|p1a: Numel
|-start|p1a: Numel|stockpile1
|-boost|p1a: Numel|def|2
|-boost|p1a: Numel|spd|2
|
|-damage|p1a: Numel|94/100 tox|[from] psn
|upkeep
|turn|2
|
|t:|1779842250
|switch|p2a: Djinn And Juice|Hoopa|100/100
|move|p1a: Numel|Stockpile|p1a: Numel
|-start|p1a: Numel|stockpile2
|-boost|p1a: Numel|def|2
|-boost|p1a: Numel|spd|2
|
|-damage|p1a: Numel|82/100 tox|[from] psn
|upkeep
|turn|3
|
|t:|1779842254
|move|p2a: Djinn And Juice|Substitute|p2a: Djinn And Juice
|-start|p2a: Djinn And Juice|Substitute
|-damage|p2a: Djinn And Juice|76/100
|move|p1a: Numel|Stockpile|p1a: Numel
|-start|p1a: Numel|stockpile3
|-boost|p1a: Numel|def|2
|-boost|p1a: Numel|spd|2
|
|-damage|p1a: Numel|63/100 tox|[from] psn
|upkeep
|turn|4
|c|☆literallyjaimelol|toxic will kil u
|
|t:|1779842265
|move|p2a: Djinn And Juice|Calm Mind|p2a: Djinn And Juice
|-boost|p2a: Djinn And Juice|spa|1
|-boost|p2a: Djinn And Juice|spd|1
|move|p1a: Numel|Rest|p1a: Numel
|-status|p1a: Numel|slp|[from] move: Rest
|-heal|p1a: Numel|100/100 slp|[silent]
|
|upkeep
|turn|5
|c|☆goober #1048|nah
|
|t:|1779842269
|move|p2a: Djinn And Juice|Calm Mind|p2a: Djinn And Juice
|-boost|p2a: Djinn And Juice|spa|1
|-boost|p2a: Djinn And Juice|spd|1
|cant|p1a: Numel|slp
|
|upkeep
|turn|6
|
|t:|1779842277
|move|p2a: Djinn And Juice|Calm Mind|p2a: Djinn And Juice
|-boost|p2a: Djinn And Juice|spa|1
|-boost|p2a: Djinn And Juice|spd|1
|cant|p1a: Numel|slp
|
|upkeep
|turn|7
|
|t:|1779842284
|move|p2a: Djinn And Juice|Calm Mind|p2a: Djinn And Juice
|-boost|p2a: Djinn And Juice|spa|1
|-boost|p2a: Djinn And Juice|spd|1
|-curestatus|p1a: Numel|slp|[msg]
|move|p1a: Numel|Flare Blitz|p2a: Djinn And Juice
|-end|p2a: Djinn And Juice|Substitute
|-damage|p1a: Numel|92/100|[from] Recoil|[of] p2a: Djinn And Juice
|
|upkeep
|turn|8
|
|t:|1779842296
|move|p2a: Djinn And Juice|Substitute|p2a: Djinn And Juice
|-start|p2a: Djinn And Juice|Substitute
|-damage|p2a: Djinn And Juice|51/100
|move|p1a: Numel|Flare Blitz|p2a: Djinn And Juice
|-end|p2a: Djinn And Juice|Substitute
|-damage|p1a: Numel|84/100|[from] Recoil|[of] p2a: Djinn And Juice
|
|upkeep
|turn|9
|
|t:|1779842308
|move|p2a: Djinn And Juice|Shadow Ball|p1a: Numel
|-damage|p1a: Numel|54/100
|move|p1a: Numel|Flare Blitz|p2a: Djinn And Juice
|-damage|p2a: Djinn And Juice|10/100
|-enditem|p2a: Djinn And Juice|Aguav Berry|[eat]
|-heal|p2a: Djinn And Juice|43/100|[from] item: Aguav Berry
|-damage|p1a: Numel|41/100|[from] Recoil
|
|upkeep
|turn|10
|
|t:|1779842318
|move|p2a: Djinn And Juice|Shadow Ball|p1a: Numel
|-damage|p1a: Numel|11/100
|-item|p2a: Djinn And Juice|Eviolite|[from] ability: Magician|[of] p1a: Numel
|move|p1a: Numel|Rest|p1a: Numel
|-status|p1a: Numel|slp|[from] move: Rest
|-heal|p1a: Numel|100/100 slp|[silent]
|
|upkeep
|turn|11
|
|t:|1779842325
|move|p2a: Djinn And Juice|Substitute|p2a: Djinn And Juice
|-start|p2a: Djinn And Juice|Substitute
|-damage|p2a: Djinn And Juice|18/100
|cant|p1a: Numel|slp
|
|upkeep
|turn|12
|
|t:|1779842327
|move|p2a: Djinn And Juice|Calm Mind|p2a: Djinn And Juice
|-boost|p2a: Djinn And Juice|spa|1
|-boost|p2a: Djinn And Juice|spd|1
|cant|p1a: Numel|slp
|
|upkeep
|turn|13
|
|t:|1779842334
|move|p2a: Djinn And Juice|Calm Mind|p2a: Djinn And Juice
|-boost|p2a: Djinn And Juice|spa|1
|-boost|p2a: Djinn And Juice|spd|1
|-curestatus|p1a: Numel|slp|[msg]
|move|p1a: Numel|Flare Blitz|p2a: Djinn And Juice
|-end|p2a: Djinn And Juice|Substitute
|-damage|p1a: Numel|92/100|[from] Recoil|[of] p2a: Djinn And Juice
|
|upkeep
|turn|14
|
|t:|1779842340
|move|p2a: Djinn And Juice|Shadow Ball|p1a: Numel
|-damage|p1a: Numel|37/100
|move|p1a: Numel|Flare Blitz|p2a: Djinn And Juice
|-damage|p2a: Djinn And Juice|0 fnt
|faint|p2a: Djinn And Juice
|-damage|p1a: Numel|31/100|[from] Recoil
|
|upkeep
|
|t:|1779842356
|switch|p2a: Swimming Pools|Manaphy|100/100
|turn|15
|
|t:|1779842369
|-terastallize|p1a: Numel|Grass
|move|p2a: Swimming Pools|Tail Glow|p2a: Swimming Pools
|-boost|p2a: Swimming Pools|spa|3
|move|p1a: Numel|Rest|p1a: Numel
|-status|p1a: Numel|slp|[from] move: Rest
|-heal|p1a: Numel|100/100 slp|[silent]
|
|upkeep
|turn|16
|l|☆literallyjaimelol
|inactive|literallyjaimelol disconnected and has a minute to reconnect!
|player|p2|
|j|☆literallyjaimelol
|inactive|literallyjaimelol reconnected and has 135 seconds left.
|player|p2|literallyjaimelol|lucas|
|
|t:|1779842391
|move|p2a: Swimming Pools|Alluring Voice|p1a: Numel
|-damage|p1a: Numel|86/100 slp
|cant|p1a: Numel|slp
|
|upkeep
|turn|17
|
|t:|1779842411
|move|p2a: Swimming Pools|Alluring Voice|p1a: Numel
|-crit|p1a: Numel
|-damage|p1a: Numel|3/100 slp
|cant|p1a: Numel|slp
|
|upkeep
|turn|18
|
|t:|1779842416
|move|p2a: Swimming Pools|Alluring Voice|p1a: Numel
|-damage|p1a: Numel|0 fnt
|faint|p1a: Numel
|
|win|literallyjaimelol
|raw|goober #1048's rating: 1023 &rarr; <strong>1011</strong><br />(-12 for losing)
|raw|literallyjaimelol's rating: 1050 &rarr; <strong>1080</strong><br />(+30 for winning)
