|j|☆MBlas2002
|j|☆jungle herbert
|t:|1779878446
|gametype|singles
|player|p1|MBlas2002|palmer|1355
|player|p2|jungle herbert|265|1360
|gen|9
|tier|[Gen 9] OU
|rated|
|rule|HP Percentage Mod: HP is shown in percentages
|rule|Endless Battle Clause: Forcing endless battles is banned
|rule|Species Clause: Limit one of each Pokémon
|rule|OHKO Clause: OHKO moves are banned
|rule|Evasion Items Clause: Evasion items are banned
|rule|Evasion Moves Clause: Evasion moves are banned
|rule|Evasion Abilities Clause: Evasion abilities are banned
|rule|Sleep Moves Clause: Sleep-inducing moves are banned
|clearpoke
|poke|p1|Tornadus-Therian, M|
|poke|p1|Landorus-Therian, M|
|poke|p1|Chandelure, F|
|poke|p1|Scizor, M|
|poke|p1|Sylveon, F|
|poke|p1|Toxapex, F|
|poke|p2|Araquanid, M|
|poke|p2|Weezing-Galar, M|
|poke|p2|Iron Valiant|
|poke|p2|Jolteon, M|
|poke|p2|Meowscarada, M|
|poke|p2|Landorus-Therian, M|
|teampreview
|inactive|Battle timer is ON: inactive players will automatically lose when time's up. (requested by MBlas2002)
|
|t:|1779878454
|teamsize|p1|6
|teamsize|p2|6
|start
|switch|p1a: Cierzo|Tornadus-Therian, M|100/100
|switch|p2a: Meowscarada|Meowscarada, M, shiny|100/100
|turn|1
|
|t:|1779878467
|switch|p1a: Miley|Scizor, M|100/100
|move|p2a: Meowscarada|U-turn|p1a: Miley
|-start|p2a: Meowscarada|typechange|Bug|[from] ability: Protean
|-resisted|p1a: Miley
|-damage|p1a: Miley|85/100
|-damage|p2a: Meowscarada|84/100|[from] item: Rocky Helmet|[of] p1a: Miley
|
|t:|1779878480
|switch|p2a: Araquanid|Araquanid, M|100/100|[from] U-turn
|
|upkeep
|turn|2
|
|t:|1779878493
|switch|p2a: Landorus|Landorus-Therian, M|100/100
|-ability|p2a: Landorus|Intimidate|boost
|-unboost|p1a: Miley|atk|1
|move|p1a: Miley|Knock Off|p2a: Landorus
|-damage|p2a: Landorus|75/100
|-enditem|p2a: Landorus|Leftovers|[from] move: Knock Off|[of] p1a: Miley
|
|upkeep
|turn|3
|
|t:|1779878511
|switch|p1a: Cierzo|Tornadus-Therian, M|100/100
|move|p2a: Landorus|U-turn|p1a: Cierzo
|-resisted|p1a: Cierzo
|-damage|p1a: Cierzo|81/100
|-enditem|p1a: Cierzo|Eject Button
|
|t:|1779878520
|switch|p1a: Chocolate|Landorus-Therian, M|100/100
|-ability|p1a: Chocolate|Intimidate|boost
|-unboost|p2a: Landorus|atk|1
|
|upkeep
|turn|4
|
|t:|1779878540
|move|p1a: Chocolate|Stealth Rock|p2a: Landorus
|-sidestart|p2: jungle herbert|move: Stealth Rock
|move|p2a: Landorus|U-turn|p1a: Chocolate
|-resisted|p1a: Chocolate
|-damage|p1a: Chocolate|90/100
|
|t:|1779878546
|switch|p2a: Weezing|Weezing-Galar, M|100/100|[from] U-turn
|-damage|p2a: Weezing|88/100|[from] Stealth Rock
|
|-heal|p2a: Weezing|94/100|[from] item: Black Sludge
|upkeep
|turn|5
|
|t:|1779878560
|move|p1a: Chocolate|U-turn|p2a: Weezing
|-resisted|p2a: Weezing
|-damage|p2a: Weezing|88/100
|
|t:|1779878563
|switch|p1a: Irene|Chandelure, F, shiny|100/100|[from] U-turn
|move|p2a: Weezing|Defog|p1a: Irene
|-unboost|p1a: Irene|evasion|1
|-sideend|p2: jungle herbert|Stealth Rock|[from] move: Defog|[of] p2a: Weezing
|
|-heal|p2a: Weezing|93/100|[from] item: Black Sludge
|upkeep
|turn|6
|
|t:|1779878575
|switch|p2a: Araquanid|Araquanid, M|100/100
|move|p1a: Irene|Flamethrower|p2a: Araquanid
|-damage|p2a: Araquanid|67/100
|
|-heal|p2a: Araquanid|74/100|[from] item: Leftovers
|upkeep
|turn|7
|
|t:|1779878584
|switch|p1a: Miley|Scizor, M|85/100
|move|p2a: Araquanid|Liquidation|p1a: Miley
|-damage|p1a: Miley|35/100
|-damage|p2a: Araquanid|57/100|[from] item: Rocky Helmet|[of] p1a: Miley
|
|-heal|p2a: Araquanid|63/100|[from] item: Leftovers
|upkeep
|turn|8
|
|t:|1779878599
|move|p1a: Miley|U-turn|p2a: Araquanid
|-damage|p2a: Araquanid|29/100
|
|t:|1779878603
|switch|p1a: Toxica|Toxapex, F, shiny|100/100|[from] U-turn
|move|p2a: Araquanid|Liquidation|p1a: Toxica
|-resisted|p1a: Toxica
|-damage|p1a: Toxica|83/100
|
|-heal|p2a: Araquanid|35/100|[from] item: Leftovers
|-heal|p1a: Toxica|89/100|[from] item: Black Sludge
|upkeep
|turn|9
|
|t:|1779878619
|switch|p2a: Jolteon|Jolteon, M, shiny|100/100
|move|p1a: Toxica|Toxic|p2a: Jolteon
|-status|p2a: Jolteon|tox
|
|-heal|p1a: Toxica|95/100|[from] item: Black Sludge
|-damage|p2a: Jolteon|95/100 tox|[from] psn
|upkeep
|turn|10
|
|t:|1779878628
|switch|p1a: The G.O.A.T.|Sylveon, F, shiny|100/100
|move|p2a: Jolteon|Wish|p2a: Jolteon
|
|-damage|p2a: Jolteon|83/100 tox|[from] psn
|upkeep
|turn|11
|
|t:|1779878638
|move|p2a: Jolteon|Volt Switch|p1a: The G.O.A.T.
|-damage|p1a: The G.O.A.T.|81/100
|
|t:|1779878651
|switch|p2a: Araquanid|Araquanid, M|35/100|[from] Volt Switch
|move|p1a: The G.O.A.T.|Hyper Voice|p2a: Araquanid
|-damage|p2a: Araquanid|2/100
|
|-heal|p2a: Araquanid|45/100|[from] move: Wish|[wisher] Jolteon
|-heal|p1a: The G.O.A.T.|87/100|[from] item: Leftovers
|-heal|p2a: Araquanid|51/100|[from] item: Leftovers
|upkeep
|turn|12
|
|t:|1779878666
|move|p1a: The G.O.A.T.|Protect|p1a: The G.O.A.T.
|-singleturn|p1a: The G.O.A.T.|Protect
|move|p2a: Araquanid|Liquidation|p1a: The G.O.A.T.
|-activate|p1a: The G.O.A.T.|move: Protect
|
|-heal|p1a: The G.O.A.T.|93/100|[from] item: Leftovers
|-heal|p2a: Araquanid|57/100|[from] item: Leftovers
|upkeep
|turn|13
|
|t:|1779878677
|switch|p1a: Toxica|Toxapex, F, shiny|100/100
|move|p2a: Araquanid|Protect||[still]
|-fail|p2a: Araquanid
|
|-heal|p2a: Araquanid|63/100|[from] item: Leftovers
|upkeep
|turn|14
|
|t:|1779878692
|move|p2a: Araquanid|Protect|p2a: Araquanid
|-singleturn|p2a: Araquanid|Protect
|move|p1a: Toxica|Toxic|p2a: Araquanid
|-activate|p2a: Araquanid|move: Protect
|
|-heal|p2a: Araquanid|70/100|[from] item: Leftovers
|upkeep
|turn|15
|
|t:|1779878704
|switch|p2a: Jolteon|Jolteon, M, shiny|83/100 tox
|move|p1a: Toxica|Toxic|p2a: Jolteon
|-fail|p2a: Jolteon|tox
|
|-damage|p2a: Jolteon|77/100 tox|[from] psn
|upkeep
|turn|16
|
|t:|1779878720
|switch|p1a: The G.O.A.T.|Sylveon, F, shiny|93/100
|move|p2a: Jolteon|Wish|p2a: Jolteon
|
|-heal|p1a: The G.O.A.T.|99/100|[from] item: Leftovers
|-damage|p2a: Jolteon|65/100 tox|[from] psn
|upkeep
|turn|17
|
|t:|1779878741
|move|p2a: Jolteon|Discharge|p1a: The G.O.A.T.
|-damage|p1a: The G.O.A.T.|78/100
|move|p1a: The G.O.A.T.|Wish|p1a: The G.O.A.T.
|
|-heal|p2a: Jolteon|100/100 tox|[from] move: Wish|[wisher] Jolteon
|-heal|p1a: The G.O.A.T.|84/100|[from] item: Leftovers
|-damage|p2a: Jolteon|83/100 tox|[from] psn
|upkeep
|turn|18
|
|t:|1779878754
|move|p2a: Jolteon|Volt Switch|p1a: The G.O.A.T.
|-damage|p1a: The G.O.A.T.|64/100
|
|t:|1779878760
|switch|p2a: Weezing|Weezing-Galar, M|93/100|[from] Volt Switch
|move|p1a: The G.O.A.T.|Hyper Voice|p2a: Weezing
|-resisted|p2a: Weezing
|-damage|p2a: Weezing|70/100
|
|-heal|p1a: The G.O.A.T.|100/100|[from] move: Wish|[wisher] The G.O.A.T.
|-heal|p2a: Weezing|76/100|[from] item: Black Sludge
|upkeep
|turn|19
|
|t:|1779878775
|switch|p2a: Landorus|Landorus-Therian, M|75/100
|-ability|p2a: Landorus|Intimidate|boost
|-unboost|p1a: The G.O.A.T.|atk|1
|move|p1a: The G.O.A.T.|Wish|p1a: The G.O.A.T.
|
|upkeep
|turn|20
|
|t:|1779878784
|switch|p1a: Miley|Scizor, M|35/100
|move|p2a: Landorus|Earthquake|p1a: Miley
|-damage|p1a: Miley|0 fnt
|faint|p1a: Miley
|
|upkeep
|
|t:|1779878790
|switch|p1a: Cierzo|Tornadus-Therian, M|100/100
|turn|21
|
|t:|1779878807
|move|p1a: Cierzo|Icy Wind|p2a: Landorus
|-supereffective|p2a: Landorus
|-damage|p2a: Landorus|0 fnt
|faint|p2a: Landorus
|
|upkeep
|
|t:|1779878819
|switch|p2a: Meowscarada|Meowscarada, M, shiny|84/100
|turn|22
|
|t:|1779878830
|switch|p1a: Toxica|Toxapex, F, shiny|100/100
|move|p2a: Meowscarada|U-turn|p1a: Toxica
|-start|p2a: Meowscarada|typechange|Bug|[from] ability: Protean
|-resisted|p1a: Toxica
|-damage|p1a: Toxica|91/100
|
|t:|1779878838
|switch|p2a: Jolteon|Jolteon, M, shiny|83/100 tox|[from] U-turn
|
|-heal|p1a: Toxica|97/100|[from] item: Black Sludge
|-damage|p2a: Jolteon|77/100 tox|[from] psn
|upkeep
|turn|23
|
|t:|1779878850
|switch|p1a: Chocolate|Landorus-Therian, M|90/100
|-ability|p1a: Chocolate|Intimidate|boost
|-unboost|p2a: Jolteon|atk|1
|move|p2a: Jolteon|Discharge|p1a: Chocolate
|-immune|p1a: Chocolate
|
|-damage|p2a: Jolteon|65/100 tox|[from] psn
|upkeep
|turn|24
|
|t:|1779878862
|switch|p2a: Weezing|Weezing-Galar, M|76/100
|move|p1a: Chocolate|Stealth Rock|p2a: Weezing
|-sidestart|p2: jungle herbert|move: Stealth Rock
|
|-heal|p2a: Weezing|82/100|[from] item: Black Sludge
|upkeep
|turn|25
|
|t:|1779878870
|switch|p1a: Irene|Chandelure, F, shiny|100/100
|move|p2a: Weezing|Defog|p1a: Irene
|-unboost|p1a: Irene|evasion|1
|-sideend|p2: jungle herbert|Stealth Rock|[from] move: Defog|[of] p2a: Weezing
|
|-heal|p2a: Weezing|88/100|[from] item: Black Sludge
|upkeep
|turn|26
|inactive|jungle herbert has 120 seconds left.
|
|t:|1779878897
|switch|p2a: Araquanid|Araquanid, M|70/100
|move|p1a: Irene|Flamethrower|p2a: Araquanid
|-damage|p2a: Araquanid|36/100
|
|-heal|p2a: Araquanid|42/100|[from] item: Leftovers
|upkeep
|turn|27
|inactive|jungle herbert has 120 seconds left.
|
|t:|1779878917
|switch|p1a: Toxica|Toxapex, F, shiny|100/100
|move|p2a: Araquanid|Liquidation|p1a: Toxica
|-resisted|p1a: Toxica
|-damage|p1a: Toxica|83/100
|
|-heal|p2a: Araquanid|48/100|[from] item: Leftovers
|-heal|p1a: Toxica|89/100|[from] item: Black Sludge
|upkeep
|turn|28
|inactive|jungle herbert has 120 seconds left.
|
|t:|1779878927
|move|p2a: Araquanid|Protect|p2a: Araquanid
|-singleturn|p2a: Araquanid|Protect
|move|p1a: Toxica|Toxic|p2a: Araquanid
|-activate|p2a: Araquanid|move: Protect
|
|-heal|p2a: Araquanid|55/100|[from] item: Leftovers
|-heal|p1a: Toxica|95/100|[from] item: Black Sludge
|upkeep
|turn|29
|inactive|jungle herbert has 120 seconds left.
|
|t:|1779878940
|move|p2a: Araquanid|Liquidation|p1a: Toxica
|-resisted|p1a: Toxica
|-damage|p1a: Toxica|77/100
|-unboost|p1a: Toxica|def|1
|move|p1a: Toxica|Toxic|p2a: Araquanid
|-status|p2a: Araquanid|tox
|
|-heal|p2a: Araquanid|61/100 tox|[from] item: Leftovers
|-heal|p1a: Toxica|84/100|[from] item: Black Sludge
|-damage|p2a: Araquanid|55/100 tox|[from] psn
|upkeep
|turn|30
|inactive|jungle herbert has 120 seconds left.
|
|t:|1779878954
|switch|p2a: Jolteon|Jolteon, M, shiny|65/100 tox
|move|p1a: Toxica|Recover|p1a: Toxica
|-heal|p1a: Toxica|100/100
|
|-damage|p2a: Jolteon|59/100 tox|[from] psn
|upkeep
|turn|31
|inactive|jungle herbert has 120 seconds left.
|
|t:|1779878963
|switch|p1a: Chocolate|Landorus-Therian, M|90/100
|-ability|p1a: Chocolate|Intimidate|boost
|-unboost|p2a: Jolteon|atk|1
|move|p2a: Jolteon|Wish|p2a: Jolteon
|
|-damage|p2a: Jolteon|47/100 tox|[from] psn
|upkeep
|turn|32
|inactive|jungle herbert has 120 seconds left.
|
|t:|1779878974
|switch|p2a: Araquanid|Araquanid, M|55/100 tox
|move|p1a: Chocolate|Stealth Rock|p2a: Araquanid
|-sidestart|p2: jungle herbert|move: Stealth Rock
|
|-heal|p2a: Araquanid|97/100 tox|[from] move: Wish|[wisher] Jolteon
|-heal|p2a: Araquanid|100/100 tox|[from] item: Leftovers
|-damage|p2a: Araquanid|94/100 tox|[from] psn
|upkeep
|turn|33
|inactive|jungle herbert has 120 seconds left.
|
|t:|1779878989
|switch|p2a: Weezing|Weezing-Galar, M|88/100
|-damage|p2a: Weezing|75/100|[from] Stealth Rock
|move|p1a: Chocolate|U-turn|p2a: Weezing
|-resisted|p2a: Weezing
|-damage|p2a: Weezing|69/100
|
|t:|1779878993
|switch|p1a: Irene|Chandelure, F, shiny|100/100|[from] U-turn
|
|-heal|p2a: Weezing|75/100|[from] item: Black Sludge
|upkeep
|turn|34
|inactive|jungle herbert has 120 seconds left.
|
|t:|1779879014
|move|p1a: Irene|Flamethrower|p2a: Weezing
|-damage|p2a: Weezing|0 fnt
|faint|p2a: Weezing
|
|upkeep
|inactive|jungle herbert has 120 seconds left.
|
|t:|1779879019
|switch|p2a: Meowscarada|Meowscarada, M, shiny|84/100
|-damage|p2a: Meowscarada|72/100|[from] Stealth Rock
|turn|35
|
|t:|1779879025
|switch|p1a: Toxica|Toxapex, F, shiny|100/100
|move|p2a: Meowscarada|Knock Off|p1a: Toxica
|-start|p2a: Meowscarada|typechange|Dark|[from] ability: Protean
|-damage|p1a: Toxica|75/100
|-enditem|p1a: Toxica|Black Sludge|[from] move: Knock Off|[of] p2a: Meowscarada
|
|upkeep
|turn|36
|
|t:|1779879039
|move|p2a: Meowscarada|U-turn|p1a: Toxica
|-resisted|p1a: Toxica
|-damage|p1a: Toxica|69/100
|
|t:|1779879053
|switch|p2a: Araquanid|Araquanid, M|94/100 tox|[from] U-turn
|-damage|p2a: Araquanid|69/100 tox|[from] Stealth Rock
|move|p1a: Toxica|Toxic|p2a: Araquanid
|-fail|p2a: Araquanid|tox
|
|-heal|p2a: Araquanid|75/100 tox|[from] item: Leftovers
|-damage|p2a: Araquanid|69/100 tox|[from] psn
|upkeep
|turn|37
|
|t:|1779879065
|move|p2a: Araquanid|Liquidation|p1a: Toxica
|-resisted|p1a: Toxica
|-damage|p1a: Toxica|51/100
|-unboost|p1a: Toxica|def|1
|move|p1a: Toxica|Recover|p1a: Toxica
|-heal|p1a: Toxica|100/100
|
|-heal|p2a: Araquanid|75/100 tox|[from] item: Leftovers
|-damage|p2a: Araquanid|63/100 tox|[from] psn
|upkeep
|turn|38
|
|t:|1779879076
|move|p2a: Araquanid|Liquidation|p1a: Toxica
|-resisted|p1a: Toxica
|-damage|p1a: Toxica|73/100
|move|p1a: Toxica|Haze|p1a: Toxica
|-clearallboost
|
|-heal|p2a: Araquanid|69/100 tox|[from] item: Leftovers
|-damage|p2a: Araquanid|50/100 tox|[from] psn
|upkeep
|turn|39
|inactive|jungle herbert has 120 seconds left.
|
|t:|1779879107
|move|p2a: Araquanid|Liquidation|p1a: Toxica
|-resisted|p1a: Toxica
|-crit|p1a: Toxica
|-damage|p1a: Toxica|45/100
|move|p1a: Toxica|Chilling Water|p2a: Araquanid
|-resisted|p2a: Araquanid
|-damage|p2a: Araquanid|46/100 tox
|-unboost|p2a: Araquanid|atk|1
|
|-heal|p2a: Araquanid|52/100 tox|[from] item: Leftovers
|-damage|p2a: Araquanid|27/100 tox|[from] psn
|upkeep
|turn|40
|
|t:|1779879121
|switch|p2a: Jolteon|Jolteon, M, shiny|47/100 tox
|move|p1a: Toxica|Recover|p1a: Toxica
|-heal|p1a: Toxica|95/100
|
|-damage|p2a: Jolteon|41/100 tox|[from] psn
|upkeep
|turn|41
|
|t:|1779879129
|switch|p1a: Chocolate|Landorus-Therian, M|90/100
|-ability|p1a: Chocolate|Intimidate|boost
|-unboost|p2a: Jolteon|atk|1
|move|p2a: Jolteon|Wish|p2a: Jolteon
|
|-damage|p2a: Jolteon|30/100 tox|[from] psn
|upkeep
|turn|42
|inactive|jungle herbert has 120 seconds left.
|
|t:|1779879155
|switch|p2a: Araquanid|Araquanid, M|27/100 tox
|-damage|p2a: Araquanid|2/100 tox|[from] Stealth Rock
|move|p1a: Chocolate|U-turn|p2a: Araquanid
|-damage|p2a: Araquanid|0 fnt
|faint|p2a: Araquanid
|
|t:|1779879161
|switch|p1a: Cierzo|Tornadus-Therian, M|100/100|[from] U-turn
|
|upkeep
|
|t:|1779879177
|switch|p2a: Meowscarada|Meowscarada, M, shiny|72/100
|-damage|p2a: Meowscarada|60/100|[from] Stealth Rock
|turn|43
|
|t:|1779879183
|switch|p1a: Toxica|Toxapex, F, shiny|100/100
|move|p2a: Meowscarada|U-turn|p1a: Toxica
|-start|p2a: Meowscarada|typechange|Bug|[from] ability: Protean
|-resisted|p1a: Toxica
|-crit|p1a: Toxica
|-damage|p1a: Toxica|86/100
|
|t:|1779879196
|switch|p2a: Jolteon|Jolteon, M, shiny|30/100 tox|[from] U-turn
|
|-damage|p2a: Jolteon|24/100 tox|[from] psn
|upkeep
|turn|44
|
|t:|1779879203
|switch|p1a: The G.O.A.T.|Sylveon, F, shiny|100/100
|move|p2a: Jolteon|Wish|p2a: Jolteon
|
|-damage|p2a: Jolteon|12/100 tox|[from] psn
|upkeep
|turn|45
|
|t:|1779879218
|move|p2a: Jolteon|Discharge|p1a: The G.O.A.T.
|-damage|p1a: The G.O.A.T.|80/100
|move|p1a: The G.O.A.T.|Hyper Voice|p2a: Jolteon
|-damage|p2a: Jolteon|0 fnt
|faint|p2a: Jolteon
|
|-heal|p1a: The G.O.A.T.|86/100|[from] item: Leftovers
|upkeep
|c|☆MBlas2002|gg
|-message|jungle herbert forfeited.
|
|win|MBlas2002
|raw|MBlas2002's rating: 1355 &rarr; <strong>1375</strong><br />(+20 for winning)
|raw|jungle herbert's rating: 1360 &rarr; <strong>1340</strong><br />(-20 for losing)
|l|☆jungle herbert
|player|p2|
