|j|☆samoray
|j|☆bigmanbigmanpants
|t:|1779908057
|gametype|singles
|player|p1|samoray|supernerd|1176
|player|p2|bigmanbigmanpants|101|1248
|gen|9
|tier|[Gen 9] OU
|rated|
|rule|HP Percentage Mod: HP is shown in percentages
|rule|Endless Battle Clause: Forcing endless battles is banned
|rule|Species Clause: Limit one of each Pokémon
|rule|OHKO Clause: OHKO moves are banned
|rule|Evasion Items Clause: Evasion items are banned
|rule|Evasion Moves Clause: Evasion moves are banned
|rule|Evasion Abilities Clause: Evasion abilities are banned
|rule|Sleep Moves Clause: Sleep-inducing moves are banned
|clearpoke
|poke|p1|Uxie|
|poke|p1|Blaziken, F|
|poke|p1|Blastoise, F|
|poke|p1|Toxapex, M|
|poke|p1|Gholdengo|
|poke|p1|Ogerpon, F|
|poke|p2|Tyranitar, F|
|poke|p2|Excadrill, F|
|poke|p2|Houndstone, F|
|poke|p2|Vikavolt, F|
|poke|p2|Goodra-Hisui, M|
|poke|p2|Zapdos|
|teampreview
|inactive|Battle timer is ON: inactive players will automatically lose when time's up. (requested by bigmanbigmanpants)
|
|t:|1779908075
|teamsize|p1|6
|teamsize|p2|6
|start
|switch|p1a: Blastoise|Blastoise, F|100/100
|switch|p2a: Tyranitar|Tyranitar, F|100/100
|-weather|Sandstorm|[from] ability: Sand Stream|[of] p2a: Tyranitar
|turn|1
|
|t:|1779908093
|switch|p2a: Goodra|Goodra-Hisui, M|100/100
|move|p1a: Blastoise|Shell Smash|p1a: Blastoise
|-unboost|p1a: Blastoise|def|1
|-unboost|p1a: Blastoise|spd|1
|-boost|p1a: Blastoise|atk|2
|-boost|p1a: Blastoise|spa|2
|-boost|p1a: Blastoise|spe|2
|
|-weather|Sandstorm|[upkeep]
|-damage|p1a: Blastoise|94/100|[from] Sandstorm
|upkeep
|turn|2
|
|t:|1779908106
|move|p1a: Blastoise|Aura Sphere|p2a: Goodra
|-supereffective|p2a: Goodra
|-damage|p2a: Goodra|36/100
|-damage|p1a: Blastoise|84/100|[from] item: Life Orb
|move|p2a: Goodra|Body Press|p1a: Blastoise
|-crit|p1a: Blastoise
|-damage|p1a: Blastoise|34/100
|
|-weather|Sandstorm|[upkeep]
|-damage|p1a: Blastoise|28/100|[from] Sandstorm
|-heal|p2a: Goodra|42/100|[from] item: Leftovers
|upkeep
|turn|3
|
|t:|1779908118
|switch|p2a: Zapdos|Zapdos|100/100
|move|p1a: Blastoise|Aura Sphere|p2a: Zapdos
|-resisted|p2a: Zapdos
|-damage|p2a: Zapdos|73/100
|-damage|p1a: Blastoise|18/100|[from] item: Life Orb
|
|-weather|Sandstorm|[upkeep]
|-damage|p1a: Blastoise|12/100|[from] Sandstorm
|-damage|p2a: Zapdos|67/100|[from] Sandstorm
|upkeep
|turn|4
|
|t:|1779908129
|switch|p2a: Goodra|Goodra-Hisui, M|42/100
|move|p1a: Blastoise|Ice Beam|p2a: Goodra
|-damage|p2a: Goodra|8/100
|-damage|p1a: Blastoise|2/100|[from] item: Life Orb
|
|-weather|Sandstorm|[upkeep]
|-damage|p1a: Blastoise|0 fnt|[from] Sandstorm
|faint|p1a: Blastoise
|-heal|p2a: Goodra|14/100|[from] item: Leftovers
|upkeep
|inactive|samoray has 120 seconds left.
|
|t:|1779908157
|switch|p1a: Blaziken|Blaziken, F|100/100
|turn|5
|
|t:|1779908161
|move|p1a: Blaziken|Swords Dance|p1a: Blaziken
|-boost|p1a: Blaziken|atk|2
|move|p2a: Goodra|Rest|p2a: Goodra
|-status|p2a: Goodra|slp|[from] move: Rest
|-heal|p2a: Goodra|100/100 slp|[silent]
|
|-weather|none
|-ability|p1a: Blaziken|Speed Boost|boost
|-boost|p1a: Blaziken|spe|1
|upkeep
|turn|6
|
|t:|1779908171
|move|p1a: Blaziken|Swords Dance|p1a: Blaziken
|-boost|p1a: Blaziken|atk|2
|cant|p2a: Goodra|slp
|move|p2a: Goodra|Sleep Talk|p2a: Goodra
|move|p2a: Goodra|Rest||[from] move: Sleep Talk|[still]
|-fail|p2a: Goodra
|
|-ability|p1a: Blaziken|Speed Boost|boost
|-boost|p1a: Blaziken|spe|1
|upkeep
|turn|7
|
|t:|1779908187
|move|p1a: Blaziken|Close Combat|p2a: Goodra
|-supereffective|p2a: Goodra
|-damage|p2a: Goodra|0 fnt
|-unboost|p1a: Blaziken|def|1
|-unboost|p1a: Blaziken|spd|1
|-ability|p2a: Goodra|Gooey
|-unboost|p1a: Blaziken|spe|1
|faint|p2a: Goodra
|-damage|p1a: Blaziken|91/100|[from] item: Life Orb
|
|-ability|p1a: Blaziken|Speed Boost|boost
|-boost|p1a: Blaziken|spe|1
|upkeep
|
|t:|1779908202
|switch|p2a: Tyranitar|Tyranitar, F|100/100
|-weather|Sandstorm|[from] ability: Sand Stream|[of] p2a: Tyranitar
|turn|8
|
|t:|1779908209
|switch|p2a: Zapdos|Zapdos|67/100
|move|p1a: Blaziken|Close Combat|p2a: Zapdos
|-resisted|p2a: Zapdos
|-damage|p2a: Zapdos|0 fnt
|-unboost|p1a: Blaziken|def|1
|-unboost|p1a: Blaziken|spd|1
|-damage|p1a: Blaziken|74/100|[from] item: Rocky Helmet|[of] p2a: Zapdos
|faint|p2a: Zapdos
|-damage|p1a: Blaziken|64/100|[from] item: Life Orb
|
|-weather|Sandstorm|[upkeep]
|-damage|p1a: Blaziken|58/100|[from] Sandstorm
|-ability|p1a: Blaziken|Speed Boost|boost
|-boost|p1a: Blaziken|spe|1
|upkeep
|
|t:|1779908222
|switch|p2a: Houndstone|Houndstone, F|100/100
|turn|9
|
|t:|1779908226
|move|p2a: Houndstone|Shadow Sneak|p1a: Blaziken
|-damage|p1a: Blaziken|0 fnt
|faint|p1a: Blaziken
|
|-weather|Sandstorm|[upkeep]
|upkeep
|
|t:|1779908237
|switch|p1a: Gholdengo|Gholdengo|100/100
|turn|10
|
|t:|1779908244
|-terastallize|p1a: Gholdengo|Fairy
|move|p2a: Houndstone|Shadow Sneak|p1a: Gholdengo
|-damage|p1a: Gholdengo|67/100
|move|p1a: Gholdengo|Shadow Ball|p2a: Houndstone
|-supereffective|p2a: Houndstone
|-damage|p2a: Houndstone|0 fnt
|faint|p2a: Houndstone
|
|-weather|Sandstorm|[upkeep]
|-damage|p1a: Gholdengo|61/100|[from] Sandstorm
|upkeep
|
|t:|1779908250
|switch|p2a: Excadrill|Excadrill, F|100/100
|-item|p2a: Excadrill|Air Balloon
|turn|11
|
|t:|1779908268
|switch|p1a: Uxie|Uxie|100/100
|move|p2a: Excadrill|Iron Head|p1a: Uxie
|-damage|p1a: Uxie|62/100
|
|-weather|Sandstorm|[upkeep]
|-damage|p1a: Uxie|56/100|[from] Sandstorm
|upkeep
|turn|12
|
|t:|1779908278
|switch|p2a: Vikavolt|Vikavolt, F|100/100
|move|p1a: Uxie|Reflect|p1a: Uxie
|-sidestart|p1: samoray|Reflect
|
|-weather|none
|upkeep
|turn|13
|
|t:|1779908285
|move|p1a: Uxie|Light Screen|p1a: Uxie
|-sidestart|p1: samoray|move: Light Screen
|move|p2a: Vikavolt|Bug Buzz|p1a: Uxie
|-supereffective|p1a: Uxie
|-crit|p1a: Uxie
|-damage|p1a: Uxie|0 fnt
|faint|p1a: Uxie
|
|upkeep
|
|t:|1779908303
|switch|p1a: Gholdengo|Gholdengo, tera:Fairy|61/100
|turn|14
|
|t:|1779908307
|switch|p2a: Tyranitar|Tyranitar, F|100/100
|-weather|Sandstorm|[from] ability: Sand Stream|[of] p2a: Tyranitar
|move|p1a: Gholdengo|Dazzling Gleam|p2a: Tyranitar
|-supereffective|p2a: Tyranitar
|-damage|p2a: Tyranitar|68/100
|
|-weather|Sandstorm|[upkeep]
|-damage|p1a: Gholdengo|55/100|[from] Sandstorm
|upkeep
|turn|15
|
|t:|1779908321
|switch|p1a: Ogerpon|Ogerpon, F|100/100
|move|p2a: Tyranitar|Power Gem|p1a: Ogerpon
|-damage|p1a: Ogerpon|78/100
|
|-weather|Sandstorm|[upkeep]
|-damage|p1a: Ogerpon|72/100|[from] Sandstorm
|upkeep
|turn|16
|
|t:|1779908333
|switch|p2a: Vikavolt|Vikavolt, F|100/100
|move|p1a: Ogerpon|Ivy Cudgel|p2a: Vikavolt
|-resisted|p2a: Vikavolt
|-damage|p2a: Vikavolt|64/100
|
|-weather|Sandstorm|[upkeep]
|-damage|p1a: Ogerpon|66/100|[from] Sandstorm
|-damage|p2a: Vikavolt|58/100|[from] Sandstorm
|upkeep
|turn|17
|
|t:|1779908343
|switch|p1a: Toxapex|Toxapex, M|100/100
|move|p2a: Vikavolt|Bug Buzz|p1a: Toxapex
|-resisted|p1a: Toxapex
|-damage|p1a: Toxapex|86/100
|
|-weather|Sandstorm|[upkeep]
|-damage|p2a: Vikavolt|52/100|[from] Sandstorm
|-damage|p1a: Toxapex|80/100|[from] Sandstorm
|-heal|p1a: Toxapex|86/100|[from] item: Black Sludge
|upkeep
|turn|18
|
|t:|1779908359
|switch|p2a: Tyranitar|Tyranitar, F|68/100
|move|p1a: Toxapex|Toxic|p2a: Tyranitar
|-status|p2a: Tyranitar|tox
|
|-weather|none
|-heal|p1a: Toxapex|92/100|[from] item: Black Sludge
|-damage|p2a: Tyranitar|62/100 tox|[from] psn
|upkeep
|turn|19
|
|t:|1779908371
|switch|p2a: Vikavolt|Vikavolt, F|52/100
|move|p1a: Toxapex|Liquidation|p2a: Vikavolt
|-damage|p2a: Vikavolt|32/100
|
|-heal|p1a: Toxapex|99/100|[from] item: Black Sludge
|-sideend|p1: samoray|Reflect
|upkeep
|turn|20
|
|t:|1779908382
|move|p2a: Vikavolt|Volt Switch|p1a: Toxapex
|-supereffective|p1a: Toxapex
|-damage|p1a: Toxapex|51/100
|
|t:|1779908386
|switch|p2a: Tyranitar|Tyranitar, F|62/100 tox|[from] Volt Switch
|-weather|Sandstorm|[from] ability: Sand Stream|[of] p2a: Tyranitar
|move|p1a: Toxapex|Toxic|p2a: Tyranitar
|-fail|p2a: Tyranitar|tox
|
|-weather|Sandstorm|[upkeep]
|-damage|p1a: Toxapex|45/100|[from] Sandstorm
|-heal|p1a: Toxapex|51/100|[from] item: Black Sludge
|-damage|p2a: Tyranitar|55/100 tox|[from] psn
|-sideend|p1: samoray|move: Light Screen
|upkeep
|turn|21
|
|t:|1779908399
|switch|p2a: Excadrill|Excadrill, F|100/100
|-item|p2a: Excadrill|Air Balloon
|move|p1a: Toxapex|Liquidation|p2a: Excadrill
|-supereffective|p2a: Excadrill
|-damage|p2a: Excadrill|43/100
|-enditem|p2a: Excadrill|Air Balloon
|
|-weather|Sandstorm|[upkeep]
|-damage|p1a: Toxapex|45/100|[from] Sandstorm
|-heal|p1a: Toxapex|51/100|[from] item: Black Sludge
|upkeep
|turn|22
|
|t:|1779908412
|move|p2a: Excadrill|Earthquake|p1a: Toxapex
|-supereffective|p1a: Toxapex
|-damage|p1a: Toxapex|0 fnt
|faint|p1a: Toxapex
|
|-weather|Sandstorm|[upkeep]
|upkeep
|
|t:|1779908423
|switch|p1a: Gholdengo|Gholdengo, tera:Fairy|55/100
|turn|23
|
|t:|1779908428
|move|p2a: Excadrill|Iron Head|p1a: Gholdengo
|-supereffective|p1a: Gholdengo
|-damage|p1a: Gholdengo|0 fnt
|faint|p1a: Gholdengo
|
|-weather|Sandstorm|[upkeep]
|upkeep
|
|t:|1779908435
|switch|p1a: Ogerpon|Ogerpon, F|66/100
|turn|24
|
|t:|1779908441
|switch|p2a: Vikavolt|Vikavolt, F|32/100
|move|p1a: Ogerpon|Ivy Cudgel|p2a: Vikavolt
|-resisted|p2a: Vikavolt
|-damage|p2a: Vikavolt|0 fnt
|faint|p2a: Vikavolt
|
|-weather|none
|upkeep
|
|t:|1779908448
|switch|p2a: Tyranitar|Tyranitar, F|55/100 tox
|-weather|Sandstorm|[from] ability: Sand Stream|[of] p2a: Tyranitar
|turn|25
|
|t:|1779908454
|move|p1a: Ogerpon|Ivy Cudgel|p2a: Tyranitar
|-supereffective|p2a: Tyranitar
|-damage|p2a: Tyranitar|0 fnt
|faint|p2a: Tyranitar
|
|-weather|Sandstorm|[upkeep]
|-damage|p1a: Ogerpon|60/100|[from] Sandstorm
|upkeep
|
|t:|1779908457
|switch|p2a: Excadrill|Excadrill, F|43/100
|turn|26
|
|t:|1779908464
|move|p2a: Excadrill|Iron Head|p1a: Ogerpon
|-damage|p1a: Ogerpon|0 fnt
|faint|p1a: Ogerpon
|
|win|bigmanbigmanpants
|raw|samoray's rating: 1176 &rarr; <strong>1156</strong><br />(-20 for losing)
|raw|bigmanbigmanpants's rating: 1248 &rarr; <strong>1268</strong><br />(+20 for winning)
|l|☆samoray
|player|p1|
|l|☆bigmanbigmanpants
|player|p2|
