|j|☆ascbo
|j|☆ueoia
|t:|1779957409
|gametype|singles
|player|p1|ascbo|youngster-gen8|1375
|player|p2|ueoia|winona|1270
|gen|9
|tier|[Gen 9] OU
|rated|
|rule|HP Percentage Mod: HP is shown in percentages
|rule|Endless Battle Clause: Forcing endless battles is banned
|rule|Species Clause: Limit one of each Pokémon
|rule|OHKO Clause: OHKO moves are banned
|rule|Evasion Items Clause: Evasion items are banned
|rule|Evasion Moves Clause: Evasion moves are banned
|rule|Evasion Abilities Clause: Evasion abilities are banned
|rule|Sleep Moves Clause: Sleep-inducing moves are banned
|clearpoke
|poke|p1|Walking Wake|
|poke|p1|Slither Wing|
|poke|p1|Great Tusk|
|poke|p1|Lilligant-Hisui, F|
|poke|p1|Iron Moth|
|poke|p1|Ninetales, M|
|poke|p2|Great Tusk|
|poke|p2|Cinderace, F|
|poke|p2|Alomomola, M|
|poke|p2|Zapdos|
|poke|p2|Slowking-Galar, F|
|poke|p2|Iron Valiant|
|teampreview
|inactive|Battle timer is ON: inactive players will automatically lose when time's up. (requested by ascbo)
|
|t:|1779957436
|teamsize|p1|6
|teamsize|p2|6
|start
|switch|p1a: Ninetales|Ninetales, M|100/100
|switch|p2a: Zapdos|Zapdos|100/100
|-weather|SunnyDay|[from] ability: Drought|[of] p1a: Ninetales
|turn|1
|
|t:|1779957449
|switch|p1a: Great Tusk|Great Tusk|100/100
|-activate|p1a: Great Tusk|ability: Protosynthesis
|-start|p1a: Great Tusk|protosynthesisatk
|move|p2a: Zapdos|Volt Switch|p1a: Great Tusk
|-immune|p1a: Great Tusk
|
|-weather|SunnyDay|[upkeep]
|upkeep
|turn|2
|
|t:|1779957465
|move|p1a: Great Tusk|Ice Spinner|p2a: Zapdos
|-supereffective|p2a: Zapdos
|-damage|p2a: Zapdos|43/100
|-damage|p1a: Great Tusk|84/100|[from] item: Rocky Helmet|[of] p2a: Zapdos
|-status|p1a: Great Tusk|par|[from] ability: Static|[of] p2a: Zapdos
|move|p2a: Zapdos|Hurricane|p1a: Great Tusk
|-supereffective|p1a: Great Tusk
|-damage|p1a: Great Tusk|0 fnt
|faint|p1a: Great Tusk
|-end|p1a: Great Tusk|Protosynthesis|[silent]
|
|-weather|SunnyDay|[upkeep]
|upkeep
|c|☆ascbo|youch
|
|t:|1779957483
|switch|p1a: Walking Wake|Walking Wake|100/100
|-activate|p1a: Walking Wake|ability: Protosynthesis
|-start|p1a: Walking Wake|protosynthesisspe
|turn|3
|
|t:|1779957489
|move|p1a: Walking Wake|Hydro Steam|p2a: Zapdos
|-damage|p2a: Zapdos|0 fnt
|faint|p2a: Zapdos
|
|-weather|SunnyDay|[upkeep]
|upkeep
|
|t:|1779957497
|switch|p2a: Iron Valiant|Iron Valiant|100/100
|turn|4
|inactive|ascbo has 120 seconds left.
|
|t:|1779957530
|-end|p1a: Walking Wake|Protosynthesis|[silent]
|switch|p1a: Iron Moth|Iron Moth|100/100
|-enditem|p1a: Iron Moth|Booster Energy
|-activate|p1a: Iron Moth|ability: Quark Drive|[fromitem]
|-start|p1a: Iron Moth|quarkdrivespa
|move|p2a: Iron Valiant|Spirit Break|p1a: Iron Moth
|-resisted|p1a: Iron Moth
|-damage|p1a: Iron Moth|74/100
|-unboost|p1a: Iron Moth|spa|1
|
|-weather|SunnyDay|[upkeep]
|upkeep
|turn|5
|
|t:|1779957544
|-end|p2a: Iron Valiant|Quark Drive|[silent]
|switch|p2a: Alomomola|Alomomola, M|100/100
|move|p1a: Iron Moth|Fiery Dance|p2a: Alomomola
|-resisted|p2a: Alomomola
|-damage|p2a: Alomomola|87/100
|-boost|p1a: Iron Moth|spa|1
|
|-weather|SunnyDay|[upkeep]
|upkeep
|turn|6
|
|t:|1779957551
|move|p1a: Iron Moth|Solar Beam||[still]
|-prepare|p1a: Iron Moth|Solar Beam
|-anim|p1a: Iron Moth|Solar Beam|p2a: Alomomola
|-supereffective|p2a: Alomomola
|-damage|p2a: Alomomola|33/100
|move|p2a: Alomomola|Flip Turn|p1a: Iron Moth
|-supereffective|p1a: Iron Moth
|-damage|p1a: Iron Moth|47/100
|
|t:|1779957559
|switch|p2a: Great Tusk|Great Tusk|100/100|[from] Flip Turn
|-activate|p2a: Great Tusk|ability: Protosynthesis
|-start|p2a: Great Tusk|protosynthesisatk
|
|-weather|SunnyDay|[upkeep]
|upkeep
|turn|7
|
|t:|1779957569
|move|p2a: Great Tusk|Headlong Rush|p1a: Iron Moth
|-supereffective|p1a: Iron Moth
|-damage|p1a: Iron Moth|0 fnt
|-unboost|p2a: Great Tusk|def|1
|-unboost|p2a: Great Tusk|spd|1
|faint|p1a: Iron Moth
|-end|p1a: Iron Moth|Quark Drive|[silent]
|
|-weather|SunnyDay|[upkeep]
|upkeep
|inactive|ascbo has 120 seconds left.
|
|t:|1779957597
|switch|p1a: Walking Wake|Walking Wake|100/100
|-activate|p1a: Walking Wake|ability: Protosynthesis
|-start|p1a: Walking Wake|protosynthesisspe
|turn|8
|
|t:|1779957618
|-end|p2a: Great Tusk|Protosynthesis|[silent]
|switch|p2a: Alomomola|Alomomola, M|67/100
|move|p1a: Walking Wake|Hydro Steam|p2a: Alomomola
|-resisted|p2a: Alomomola
|-damage|p2a: Alomomola|45/100
|
|-weather|none
|-end|p1a: Walking Wake|Protosynthesis
|upkeep
|turn|9
|inactive|ascbo has 120 seconds left.
|
|t:|1779957643
|-end|p1a: Walking Wake|Protosynthesis|[silent]
|switch|p1a: Ninetales|Ninetales, M|100/100
|-weather|SunnyDay|[from] ability: Drought|[of] p1a: Ninetales
|move|p2a: Alomomola|Flip Turn|p1a: Ninetales
|-supereffective|p1a: Ninetales
|-damage|p1a: Ninetales|79/100
|inactive|ueoia has 120 seconds left.
|
|t:|1779957675
|switch|p2a: Iron Valiant|Iron Valiant|100/100|[from] Flip Turn
|
|-weather|SunnyDay|[upkeep]
|upkeep
|turn|10
|inactive|ascbo has 120 seconds left.
|
|t:|1779957686
|move|p2a: Iron Valiant|Close Combat|p1a: Ninetales
|-damage|p1a: Ninetales|0 fnt
|-unboost|p2a: Iron Valiant|def|1
|-unboost|p2a: Iron Valiant|spd|1
|faint|p1a: Ninetales
|
|-weather|SunnyDay|[upkeep]
|upkeep
|inactive|ascbo has 90 seconds left.
|inactive|ascbo has 60 seconds left.
|
|t:|1779957755
|switch|p1a: Lilligant|Lilligant-Hisui, F|100/100
|turn|11
|inactive|ueoia has 120 seconds left.
|
|t:|1779957787
|-end|p2a: Iron Valiant|Quark Drive|[silent]
|switch|p2a: Slowking|Slowking-Galar, F|100/100
|move|p1a: Lilligant|Swords Dance|p1a: Lilligant
|-boost|p1a: Lilligant|atk|2
|
|-weather|SunnyDay|[upkeep]
|upkeep
|turn|12
|
|t:|1779957797
|move|p1a: Lilligant|Triple Axel|p2a: Slowking
|-damage|p2a: Slowking|88/100
|-damage|p2a: Slowking|62/100
|-crit|p2a: Slowking
|-damage|p2a: Slowking|5/100
|-hitcount|p2a: Slowking|3
|-damage|p1a: Lilligant|91/100|[from] item: Life Orb
|move|p2a: Slowking|Future Sight|p1a: Lilligant
|-start|p2a: Slowking|move: Future Sight
|
|-weather|SunnyDay|[upkeep]
|upkeep
|turn|13
|
|t:|1779957808
|move|p1a: Lilligant|Solar Blade||[still]
|-prepare|p1a: Lilligant|Solar Blade
|-anim|p1a: Lilligant|Solar Blade|p2a: Slowking
|-resisted|p2a: Slowking
|-damage|p2a: Slowking|0 fnt
|faint|p2a: Slowking
|-damage|p1a: Lilligant|81/100|[from] item: Life Orb
|
|-weather|SunnyDay|[upkeep]
|upkeep
|
|t:|1779957812
|switch|p2a: Iron Valiant|Iron Valiant|100/100
|turn|14
|
|t:|1779957829
|-terastallize|p1a: Lilligant|Ghost
|move|p1a: Lilligant|Solar Blade||[still]
|-prepare|p1a: Lilligant|Solar Blade
|-anim|p1a: Lilligant|Solar Blade|p2a: Iron Valiant
|-damage|p2a: Iron Valiant|0 fnt
|faint|p2a: Iron Valiant
|-end|p2a: Iron Valiant|Quark Drive|[silent]
|-damage|p1a: Lilligant|71/100|[from] item: Life Orb
|
|-weather|SunnyDay|[upkeep]
|-end|p1a: Lilligant|move: Future Sight
|-damage|p1a: Lilligant|0 fnt
|faint|p1a: Lilligant
|upkeep
|inactive|ueoia has 120 seconds left.
|inactive|ascbo has 60 seconds left.
|
|t:|1779957869
|switch|p2a: Great Tusk|Great Tusk|100/100
|switch|p1a: Slither Wing|Slither Wing|100/100
|-activate|p2a: Great Tusk|ability: Protosynthesis
|-start|p2a: Great Tusk|protosynthesisatk
|-activate|p1a: Slither Wing|ability: Protosynthesis
|-start|p1a: Slither Wing|protosynthesisatk
|turn|15
|inactive|ueoia has 120 seconds left.
|
|t:|1779957896
|move|p2a: Great Tusk|Knock Off|p1a: Slither Wing
|-resisted|p1a: Slither Wing
|-damage|p1a: Slither Wing|71/100
|-enditem|p1a: Slither Wing|Choice Band|[from] move: Knock Off|[of] p2a: Great Tusk
|move|p1a: Slither Wing|Close Combat|p2a: Great Tusk
|-damage|p2a: Great Tusk|37/100
|-unboost|p1a: Slither Wing|def|1
|-unboost|p1a: Slither Wing|spd|1
|
|-weather|SunnyDay|[upkeep]
|upkeep
|turn|16
|
|t:|1779957906
|-end|p2a: Great Tusk|Protosynthesis|[silent]
|switch|p2a: Cinderace|Cinderace, F|100/100
|-end|p1a: Slither Wing|Protosynthesis|[silent]
|switch|p1a: Walking Wake|Walking Wake|100/100
|-activate|p1a: Walking Wake|ability: Protosynthesis
|-start|p1a: Walking Wake|protosynthesisspe
|
|-weather|none
|-end|p1a: Walking Wake|Protosynthesis
|upkeep
|turn|17
|
|t:|1779957915
|move|p2a: Cinderace|U-turn|p1a: Walking Wake
|-damage|p1a: Walking Wake|80/100
|
|t:|1779957917
|switch|p2a: Alomomola|Alomomola, M|79/100|[from] U-turn
|move|p1a: Walking Wake|Flip Turn|p2a: Alomomola
|-resisted|p2a: Alomomola
|-damage|p2a: Alomomola|73/100
|
|t:|1779957920
|-end|p1a: Walking Wake|Protosynthesis|[silent]
|switch|p1a: Slither Wing|Slither Wing|71/100|[from] Flip Turn
|
|upkeep
|turn|18
|
|t:|1779957931
|move|p1a: Slither Wing|First Impression|p2a: Alomomola
|-damage|p2a: Alomomola|29/100
|move|p2a: Alomomola|Flip Turn|p1a: Slither Wing
|-damage|p1a: Slither Wing|49/100
|
|t:|1779957937
|switch|p2a: Cinderace|Cinderace, F|100/100|[from] Flip Turn
|
|upkeep
|turn|19
|
|t:|1779957946
|move|p2a: Cinderace|Will-O-Wisp|p1a: Slither Wing
|-status|p1a: Slither Wing|brn
|move|p1a: Slither Wing|Earthquake|p2a: Cinderace
|-supereffective|p2a: Cinderace
|-damage|p2a: Cinderace|55/100
|
|-damage|p1a: Slither Wing|43/100 brn|[from] brn
|upkeep
|turn|20
|c|☆ascbo|gg wp
|-message|ascbo forfeited.
|
|win|ueoia
|raw|ascbo's rating: 1375 &rarr; <strong>1349</strong><br />(-26 for losing)
|raw|ueoia's rating: 1270 &rarr; <strong>1302</strong><br />(+32 for winning)
|l|☆ascbo
|player|p1|
