|j|‽DevotedToaster
|j|☆bring09
|t:|1779947806
|gametype|singles
|player|p1|DevotedToaster|170|1312
|player|p2|bring09|102|1338
|gen|9
|tier|[Gen 9] OU
|rated|
|rule|HP Percentage Mod: HP is shown in percentages
|rule|Endless Battle Clause: Forcing endless battles is banned
|rule|Species Clause: Limit one of each Pokémon
|rule|OHKO Clause: OHKO moves are banned
|rule|Evasion Items Clause: Evasion items are banned
|rule|Evasion Moves Clause: Evasion moves are banned
|rule|Evasion Abilities Clause: Evasion abilities are banned
|rule|Sleep Moves Clause: Sleep-inducing moves are banned
|clearpoke
|poke|p1|Glimmora, F|
|poke|p1|Tyranitar, M|
|poke|p1|Conkeldurr, M|
|poke|p1|Sudowoodo, L1, F|
|poke|p1|Ceruledge, F|
|poke|p1|Hippowdon, F|
|poke|p2|Ceruledge, M|
|poke|p2|Dragapult, M|
|poke|p2|Garchomp, F|
|poke|p2|Meowscarada, F|
|poke|p2|Keldeo-Resolute|
|poke|p2|Iron Valiant|
|teampreview
|inactive|Battle timer is ON: inactive players will automatically lose when time's up. (requested by DevotedToaster)
|
|t:|1779947819
|teamsize|p1|6
|teamsize|p2|6
|start
|switch|p1a: Conkeldurr|Conkeldurr, M|100/100
|switch|p2a: CHULO|Garchomp, F|100/100
|turn|1
|
|t:|1779947829
|move|p2a: CHULO|Earthquake|p1a: Conkeldurr
|-damage|p1a: Conkeldurr|57/100
|move|p1a: Conkeldurr|Ice Punch|p2a: CHULO
|-supereffective|p2a: CHULO
|-damage|p2a: CHULO|0 fnt
|-damage|p1a: Conkeldurr|45/100|[from] ability: Rough Skin|[of] p2a: CHULO
|-damage|p1a: Conkeldurr|28/100|[from] item: Rocky Helmet|[of] p2a: CHULO
|faint|p2a: CHULO
|
|-status|p1a: Conkeldurr|brn|[from] item: Flame Orb
|upkeep
|
|t:|1779947854
|switch|p2a: Soldier|Iron Valiant, shiny|100/100
|-enditem|p2a: Soldier|Booster Energy
|-activate|p2a: Soldier|ability: Quark Drive|[fromitem]
|-start|p2a: Soldier|quarkdrivespe
|turn|2
|
|t:|1779947871
|move|p2a: Soldier|Psyshock|p1a: Conkeldurr
|-supereffective|p1a: Conkeldurr
|-damage|p1a: Conkeldurr|0 fnt
|faint|p1a: Conkeldurr
|
|upkeep
|
|t:|1779947880
|switch|p1a: Tyranitar|Tyranitar, M|100/100
|-weather|Sandstorm|[from] ability: Sand Stream|[of] p1a: Tyranitar
|turn|3
|
|t:|1779947892
|switch|p1a: Glimmora|Glimmora, F|100/100
|move|p2a: Soldier|Aura Sphere|p1a: Glimmora
|-damage|p1a: Glimmora|66/100
|
|-weather|Sandstorm|[upkeep]
|-damage|p2a: Soldier|94/100|[from] Sandstorm
|upkeep
|turn|4
|
|t:|1779947902
|switch|p1a: Tyranitar|Tyranitar, M|100/100
|move|p2a: Soldier|Psyshock|p1a: Tyranitar
|-immune|p1a: Tyranitar
|
|-weather|Sandstorm|[upkeep]
|-damage|p2a: Soldier|88/100|[from] Sandstorm
|upkeep
|turn|5
|
|t:|1779947912
|switch|p1a: Ceruledge|Ceruledge, F|100/100
|move|p2a: Soldier|Aura Sphere|p1a: Ceruledge
|-immune|p1a: Ceruledge
|
|-weather|Sandstorm|[upkeep]
|-damage|p2a: Soldier|82/100|[from] Sandstorm
|-damage|p1a: Ceruledge|94/100|[from] Sandstorm
|upkeep
|turn|6
|
|t:|1779947926
|move|p2a: Soldier|Psyshock|p1a: Ceruledge
|-damage|p1a: Ceruledge|57/100
|move|p1a: Ceruledge|Bitter Blade|p2a: Soldier
|-damage|p2a: Soldier|20/100
|-heal|p1a: Ceruledge|87/100|[from] drain|[of] p2a: Soldier
|
|-weather|Sandstorm|[upkeep]
|-damage|p2a: Soldier|14/100|[from] Sandstorm
|-damage|p1a: Ceruledge|81/100|[from] Sandstorm
|upkeep
|turn|7
|
|t:|1779947938
|move|p2a: Soldier|Destiny Bond|p2a: Soldier
|-singlemove|p2a: Soldier|Destiny Bond
|move|p1a: Ceruledge|Swords Dance|p1a: Ceruledge
|-boost|p1a: Ceruledge|atk|2
|
|-weather|none
|upkeep
|turn|8
|
|t:|1779947952
|-end|p2a: Soldier|Quark Drive|[silent]
|switch|p2a: GATA|Meowscarada, F|100/100
|move|p1a: Ceruledge|Bitter Blade|p2a: GATA
|-supereffective|p2a: GATA
|-damage|p2a: GATA|0 fnt
|-heal|p1a: Ceruledge|100/100|[from] drain|[of] p2a: GATA
|faint|p2a: GATA
|
|upkeep
|
|t:|1779947968
|switch|p2a: LATINO|Keldeo-Resolute|100/100
|turn|9
|
|t:|1779947975
|-terastallize|p2a: LATINO|Water
|move|p2a: LATINO|Surf|p1a: Ceruledge
|-supereffective|p1a: Ceruledge
|-enditem|p1a: Ceruledge|Focus Sash
|-damage|p1a: Ceruledge|1/100
|move|p1a: Ceruledge|Close Combat|p2a: LATINO
|-damage|p2a: LATINO|1/100
|-unboost|p1a: Ceruledge|def|1
|-unboost|p1a: Ceruledge|spd|1
|
|upkeep
|turn|10
|inactive|bring09 has 120 seconds left.
|
|t:|1779948002
|switch|p2a: AS|Ceruledge, M, shiny|100/100
|move|p1a: Ceruledge|Shadow Sneak|p2a: AS
|-supereffective|p2a: AS
|-damage|p2a: AS|2/100
|-ability|p2a: AS|Weak Armor|boost
|-unboost|p2a: AS|def|1
|-boost|p2a: AS|spe|2
|
|upkeep
|turn|11
|
|t:|1779948015
|switch|p1a: Tyranitar|Tyranitar, M|100/100
|-weather|Sandstorm|[from] ability: Sand Stream|[of] p1a: Tyranitar
|move|p2a: AS|Shadow Sneak|p1a: Tyranitar
|-resisted|p1a: Tyranitar
|-damage|p1a: Tyranitar|93/100
|
|-weather|Sandstorm|[upkeep]
|-damage|p2a: AS|0 fnt|[from] Sandstorm
|faint|p2a: AS
|upkeep
|inactive|bring09 has 120 seconds left.
|
|t:|1779948035
|switch|p2a: RUIN|Dragapult, M|100/100
|turn|12
|
|t:|1779948040
|move|p2a: RUIN|Will-O-Wisp|p1a: Tyranitar
|-status|p1a: Tyranitar|brn
|move|p1a: Tyranitar|Knock Off|p2a: RUIN
|-supereffective|p2a: RUIN
|-damage|p2a: RUIN|42/100
|-enditem|p2a: RUIN|Life Orb|[from] move: Knock Off|[of] p1a: Tyranitar
|
|-weather|Sandstorm|[upkeep]
|-damage|p2a: RUIN|36/100|[from] Sandstorm
|-damage|p1a: Tyranitar|86/100 brn|[from] brn
|upkeep
|turn|13
|inactive|bring09 has 120 seconds left.
|
|t:|1779948054
|move|p2a: RUIN|Dragon Darts|p1a: Tyranitar
|-damage|p1a: Tyranitar|68/100 brn
|-anim|p2a: RUIN|Dragon Darts|p1a: Tyranitar
|-crit|p1a: Tyranitar
|-damage|p1a: Tyranitar|42/100 brn
|move|p1a: Tyranitar|Dragon Tail|p2a: RUIN|[miss]
|-miss|p1a: Tyranitar|p2a: RUIN
|
|-weather|Sandstorm|[upkeep]
|-damage|p2a: RUIN|30/100|[from] Sandstorm
|-damage|p1a: Tyranitar|36/100 brn|[from] brn
|upkeep
|turn|14
|
|t:|1779948067
|move|p2a: RUIN|Dragon Darts|p1a: Tyranitar
|-crit|p1a: Tyranitar
|-damage|p1a: Tyranitar|12/100 brn
|-anim|p2a: RUIN|Dragon Darts|p1a: Tyranitar
|-crit|p1a: Tyranitar
|-damage|p1a: Tyranitar|0 fnt
|faint|p1a: Tyranitar
|
|-weather|Sandstorm|[upkeep]
|-damage|p2a: RUIN|24/100|[from] Sandstorm
|upkeep
|
|t:|1779948074
|switch|p1a: Ceruledge|Ceruledge, F|1/100
|turn|15
|
|t:|1779948080
|move|p1a: Ceruledge|Shadow Sneak|p2a: RUIN
|-supereffective|p2a: RUIN
|-damage|p2a: RUIN|0 fnt
|faint|p2a: RUIN
|
|-weather|none
|upkeep
|
|t:|1779948086
|switch|p2a: LATINO|Keldeo-Resolute, tera:Water|1/100
|turn|16
|
|t:|1779948093
|move|p2a: LATINO|Aqua Jet|p1a: Ceruledge
|-supereffective|p1a: Ceruledge
|-damage|p1a: Ceruledge|0 fnt
|faint|p1a: Ceruledge
|
|upkeep
|
|t:|1779948101
|switch|p1a: Hippowdon|Hippowdon, F|100/100
|-weather|Sandstorm|[from] ability: Sand Stream|[of] p1a: Hippowdon
|turn|17
|
|t:|1779948114
|switch|p2a: Soldier|Iron Valiant, shiny|14/100
|-terastallize|p1a: Hippowdon|Water
|move|p1a: Hippowdon|Stealth Rock|p2a: Soldier
|-sidestart|p2: bring09|move: Stealth Rock
|
|-weather|Sandstorm|[upkeep]
|-damage|p2a: Soldier|8/100|[from] Sandstorm
|-damage|p1a: Hippowdon|94/100|[from] Sandstorm
|-heal|p1a: Hippowdon|100/100|[from] item: Leftovers
|upkeep
|turn|18
|
|t:|1779948132
|move|p2a: Soldier|Destiny Bond|p2a: Soldier
|-singlemove|p2a: Soldier|Destiny Bond
|move|p1a: Hippowdon|Earthquake|p2a: Soldier
|-damage|p2a: Soldier|0 fnt
|faint|p2a: Soldier
|-activate|p2a: Soldier|move: Destiny Bond
|-end|p2a: Soldier|Quark Drive|[silent]
|faint|p1a: Hippowdon
|
|-weather|Sandstorm|[upkeep]
|upkeep
|
|t:|1779948140
|switch|p2a: LATINO|Keldeo-Resolute, tera:Water|1/100
|switch|p1a: Sudowoodo|Sudowoodo, L1, F|100/100
|-damage|p2a: LATINO|0 fnt|[from] Stealth Rock
|faint|p2a: LATINO
|
|win|DevotedToaster
|raw|DevotedToaster's rating: 1312 &rarr; <strong>1333</strong><br />(+21 for winning)
|raw|bring09's rating: 1338 &rarr; <strong>1317</strong><br />(-21 for losing)
|l|‽DevotedToaster
|player|p1|
|l|☆bring09
|player|p2|
