|j|☆TheManOfSausage
|j|☆Diluer le Sal
|t:|1779962525
|gametype|singles
|player|p1|TheManOfSausage|miku-water|1392
|player|p2|Diluer le Sal|waitress-gen4|1409
|gen|9
|tier|[Gen 9] OU
|rated|
|rule|HP Percentage Mod: HP is shown in percentages
|rule|Endless Battle Clause: Forcing endless battles is banned
|rule|Species Clause: Limit one of each Pokémon
|rule|OHKO Clause: OHKO moves are banned
|rule|Evasion Items Clause: Evasion items are banned
|rule|Evasion Moves Clause: Evasion moves are banned
|rule|Evasion Abilities Clause: Evasion abilities are banned
|rule|Sleep Moves Clause: Sleep-inducing moves are banned
|clearpoke
|poke|p1|Tyranitar, M|
|poke|p1|Excadrill, M|
|poke|p1|Hydrapple, F|
|poke|p1|Moltres|
|poke|p1|Scizor, M|
|poke|p1|Zamazenta-*|
|poke|p2|Gholdengo|
|poke|p2|Cinderace, F|
|poke|p2|Cresselia, F|
|poke|p2|Ribombee, M|
|poke|p2|Empoleon, F|
|poke|p2|Kingambit, M|
|teampreview
|inactive|Battle timer is ON: inactive players will automatically lose when time's up. (requested by Diluer le Sal)
|
|t:|1779962534
|teamsize|p1|6
|teamsize|p2|6
|start
|switch|p1a: Tyranitar|Tyranitar, M|100/100
|switch|p2a: Karen O|Gholdengo|100/100
|-weather|Sandstorm|[from] ability: Sand Stream|[of] p1a: Tyranitar
|turn|1
|
|t:|1779962542
|move|p2a: Karen O|Trick|p1a: Tyranitar
|-activate|p2a: Karen O|move: Trick|[of] p1a: Tyranitar
|-item|p1a: Tyranitar|Choice Specs|[from] move: Trick
|-item|p2a: Karen O|Smooth Rock|[from] move: Trick
|move|p1a: Tyranitar|Stealth Rock|p2a: Karen O
|-sidestart|p2: Diluer le Sal|move: Stealth Rock
|
|-weather|Sandstorm|[upkeep]
|upkeep
|turn|2
|
|t:|1779962548
|switch|p1a: Excadrill|Excadrill, M|100/100
|move|p2a: Karen O|Shadow Ball|p1a: Excadrill
|-damage|p1a: Excadrill|39/100
|
|-weather|Sandstorm|[upkeep]
|upkeep
|turn|3
|
|t:|1779962554
|move|p1a: Excadrill|Earthquake|p2a: Karen O
|-supereffective|p2a: Karen O
|-damage|p2a: Karen O|0 fnt
|faint|p2a: Karen O
|
|-weather|Sandstorm|[upkeep]
|upkeep
|
|t:|1779962555
|switch|p2a: Wasting|Cresselia, F|100/100
|-damage|p2a: Wasting|88/100|[from] Stealth Rock
|turn|4
|
|t:|1779962561
|switch|p1a: Tyranitar|Tyranitar, M|100/100
|move|p2a: Wasting|Trick Room|p2a: Wasting
|-fieldstart|move: Trick Room|[of] p2a: Wasting
|
|-weather|Sandstorm|[upkeep]
|-damage|p2a: Wasting|82/100|[from] Sandstorm
|upkeep
|turn|5
|
|t:|1779962574
|switch|p2a: Unhappy Feet|Empoleon, F|100/100
|-damage|p2a: Unhappy Feet|94/100|[from] Stealth Rock
|move|p1a: Tyranitar|Knock Off|p2a: Unhappy Feet
|-damage|p2a: Unhappy Feet|32/100
|-enditem|p2a: Unhappy Feet|Assault Vest|[from] move: Knock Off|[of] p1a: Tyranitar
|
|-weather|Sandstorm|[upkeep]
|upkeep
|turn|6
|
|t:|1779962584
|move|p2a: Unhappy Feet|Surf|p1a: Tyranitar
|-supereffective|p1a: Tyranitar
|-damage|p1a: Tyranitar|44/100
|move|p1a: Tyranitar|Knock Off|p2a: Unhappy Feet
|-damage|p2a: Unhappy Feet|0 fnt
|faint|p2a: Unhappy Feet
|
|-weather|Sandstorm|[upkeep]
|upkeep
|
|t:|1779962589
|switch|p2a: Burger|Kingambit, M|100/100
|-damage|p2a: Burger|94/100|[from] Stealth Rock
|turn|7
|
|t:|1779962598
|switch|p2a: Jim Carroll|Cinderace, F|100/100
|switch|p1a: Moltres|Moltres|100/100
|
|-weather|Sandstorm|[upkeep]
|-damage|p1a: Moltres|94/100|[from] Sandstorm
|-damage|p2a: Jim Carroll|94/100|[from] Sandstorm
|upkeep
|turn|8
|
|t:|1779962603
|switch|p2a: Wasting|Cresselia, F|82/100
|-damage|p2a: Wasting|70/100|[from] Stealth Rock
|move|p1a: Moltres|U-turn|p2a: Wasting
|-supereffective|p2a: Wasting
|-damage|p2a: Wasting|56/100
|
|t:|1779962611
|switch|p1a: Scizor|Scizor, M|100/100|[from] U-turn
|
|-weather|none
|-fieldend|move: Trick Room
|upkeep
|turn|9
|
|t:|1779962616
|switch|p2a: Jim Carroll|Cinderace, F|94/100
|move|p1a: Scizor|U-turn|p2a: Jim Carroll
|-resisted|p2a: Jim Carroll
|-damage|p2a: Jim Carroll|69/100
|
|t:|1779962620
|switch|p1a: Zamazenta|Zamazenta|100/100|[from] U-turn
|-ability|p1a: Zamazenta|Dauntless Shield|boost
|-boost|p1a: Zamazenta|def|1
|
|upkeep
|turn|10
|
|t:|1779962623
|move|p1a: Zamazenta|Close Combat|p2a: Jim Carroll
|-damage|p2a: Jim Carroll|0 fnt
|-unboost|p1a: Zamazenta|def|1
|-unboost|p1a: Zamazenta|spd|1
|faint|p2a: Jim Carroll
|
|upkeep
|
|t:|1779962626
|switch|p2a: Barry|Ribombee, M|100/100
|-damage|p2a: Barry|76/100|[from] Stealth Rock
|turn|11
|
|t:|1779962633
|switch|p1a: Tyranitar|Tyranitar, M|44/100
|-weather|Sandstorm|[from] ability: Sand Stream|[of] p1a: Tyranitar
|move|p2a: Barry|Moonblast|p1a: Tyranitar
|-supereffective|p1a: Tyranitar
|-damage|p1a: Tyranitar|0 fnt
|faint|p1a: Tyranitar
|
|-weather|Sandstorm|[upkeep]
|-damage|p2a: Barry|69/100|[from] Sandstorm
|upkeep
|
|t:|1779962636
|switch|p1a: Excadrill|Excadrill, M|39/100
|turn|12
|
|t:|1779962644
|switch|p2a: Wasting|Cresselia, F|56/100
|-damage|p2a: Wasting|43/100|[from] Stealth Rock
|move|p1a: Excadrill|Iron Head|p2a: Wasting
|-damage|p2a: Wasting|19/100
|
|-weather|Sandstorm|[upkeep]
|-damage|p2a: Wasting|13/100|[from] Sandstorm
|upkeep
|turn|13
|
|t:|1779962647
|move|p1a: Excadrill|Iron Head|p2a: Wasting
|-damage|p2a: Wasting|0 fnt
|faint|p2a: Wasting
|
|-weather|Sandstorm|[upkeep]
|upkeep
|
|t:|1779962649
|switch|p2a: Burger|Kingambit, M|94/100
|-damage|p2a: Burger|88/100|[from] Stealth Rock
|turn|14
|
|t:|1779962654
|-terastallize|p2a: Burger|Ghost
|move|p2a: Burger|Sucker Punch|p1a: Excadrill
|-damage|p1a: Excadrill|0 fnt
|faint|p1a: Excadrill
|
|-weather|Sandstorm|[upkeep]
|-damage|p2a: Burger|82/100|[from] Sandstorm
|upkeep
|
|t:|1779962658
|switch|p1a: Scizor|Scizor, M|100/100
|turn|15
|
|t:|1779962662
|move|p1a: Scizor|Knock Off|p2a: Burger
|-supereffective|p2a: Burger
|-damage|p2a: Burger|27/100
|-enditem|p2a: Burger|Assault Vest|[from] move: Knock Off|[of] p1a: Scizor
|move|p2a: Burger|Kowtow Cleave|p1a: Scizor
|-damage|p1a: Scizor|47/100
|-damage|p2a: Burger|11/100|[from] item: Rocky Helmet|[of] p1a: Scizor
|
|-weather|none
|upkeep
|turn|16
|
|t:|1779962666
|move|p2a: Burger|Sucker Punch|p1a: Scizor
|-damage|p1a: Scizor|8/100
|-damage|p2a: Burger|0 fnt|[from] item: Rocky Helmet|[of] p1a: Scizor
|faint|p2a: Burger
|move|p1a: Scizor|Knock Off|p2: Burger|[notarget]
|-fail|p1a: Scizor
|
|upkeep
|
|t:|1779962668
|switch|p2a: Barry|Ribombee, M|69/100
|-damage|p2a: Barry|45/100|[from] Stealth Rock
|turn|17
|c|☆TheManOfSausage|gg
|
|t:|1779962671
|move|p1a: Scizor|Bullet Punch|p2a: Barry
|-supereffective|p2a: Barry
|-damage|p2a: Barry|0 fnt
|faint|p2a: Barry
|
|win|TheManOfSausage
|raw|TheManOfSausage's rating: 1392 &rarr; <strong>1413</strong><br />(+21 for winning)
|raw|Diluer le Sal's rating: 1409 &rarr; <strong>1388</strong><br />(-21 for losing)
|c|☆Diluer le Sal|Gg
|l|☆Diluer le Sal
|player|p2|
|l|☆TheManOfSausage
|player|p1|
