|badge|p1|bronze|gen9ou|100-9
|uhtml|medal-msg|<div class="broadcast-blue">Curious what those medals under the avatar are? PS now has Ladder Seasons! For more information, check out the <a href="https://www.smogon.com/forums/threads/3740067/">thread on Smogon.</a></div>
|j|☆Auburn Hills
|j|☆Sun Addict
|t:|1779845908
|gametype|singles
|player|p1|Auburn Hills|alder|1848
|player|p2|Sun Addict|102|1730
|gen|9
|tier|[Gen 9] OU
|rated|
|rule|HP Percentage Mod: HP is shown in percentages
|rule|Endless Battle Clause: Forcing endless battles is banned
|rule|Species Clause: Limit one of each Pokémon
|rule|OHKO Clause: OHKO moves are banned
|rule|Evasion Items Clause: Evasion items are banned
|rule|Evasion Moves Clause: Evasion moves are banned
|rule|Evasion Abilities Clause: Evasion abilities are banned
|rule|Sleep Moves Clause: Sleep-inducing moves are banned
|clearpoke
|poke|p1|Iron Moth|
|poke|p1|Umbreon, M|
|poke|p1|Garchomp, M|
|poke|p1|Glimmora, M|
|poke|p1|Gholdengo|
|poke|p1|Dragonite, M|
|poke|p2|Torkoal, M|
|poke|p2|Leafeon, M|
|poke|p2|Great Tusk|
|poke|p2|Raging Bolt|
|poke|p2|Walking Wake|
|poke|p2|Charizard, F|
|teampreview
|inactive|Battle timer is ON: inactive players will automatically lose when time's up. (requested by Auburn Hills)
|j| rexa2
|j| ueyr43
|inactive|Auburn Hills has 120 seconds left.
|inactive|Sun Addict has 120 seconds left.
|
|t:|1779845953
|teamsize|p1|6
|teamsize|p2|6
|start
|switch|p1a: Julia Jacklin|Glimmora, M|100/100
|switch|p2a: Walking Wake|Walking Wake|100/100
|turn|1
|
|t:|1779845959
|switch|p1a: Alvvays|Umbreon, M|100/100
|move|p2a: Walking Wake|Hydro Steam|p1a: Alvvays
|-damage|p1a: Alvvays|67/100
|
|-heal|p1a: Alvvays|74/100|[from] item: Leftovers
|upkeep
|turn|2
|
|t:|1779845966
|-end|p2a: Walking Wake|Protosynthesis|[silent]
|switch|p2a: Torkoal|Torkoal, M|100/100
|-weather|SunnyDay|[from] ability: Drought|[of] p2a: Torkoal
|switch|p1a: Julia Jacklin|Glimmora, M|100/100
|
|-weather|SunnyDay|[upkeep]
|upkeep
|turn|3
|
|t:|1779845973
|switch|p2a: Great Tusk|Great Tusk|100/100
|-activate|p2a: Great Tusk|ability: Protosynthesis
|-start|p2a: Great Tusk|protosynthesisspe
|move|p1a: Julia Jacklin|Earth Power|p2a: Great Tusk
|-damage|p2a: Great Tusk|57/100
|-enditem|p2a: Great Tusk|Eject Button
|
|t:|1779845996
|-end|p2a: Great Tusk|Protosynthesis|[silent]
|switch|p2a: Charizard|Charizard, F|100/100
|
|-weather|SunnyDay|[upkeep]
|-damage|p2a: Charizard|88/100|[from] ability: Solar Power|[of] p2a: Charizard
|upkeep
|turn|4
|j| FaronAan
|
|t:|1779846002
|move|p2a: Charizard|Scorching Sands|p1a: Julia Jacklin
|-supereffective|p1a: Julia Jacklin
|-enditem|p1a: Julia Jacklin|Focus Sash
|-damage|p1a: Julia Jacklin|1/100
|-status|p1a: Julia Jacklin|brn
|move|p1a: Julia Jacklin|Sludge Wave|p2a: Charizard
|-damage|p2a: Charizard|25/100
|
|-weather|SunnyDay|[upkeep]
|-damage|p2a: Charizard|13/100|[from] ability: Solar Power|[of] p2a: Charizard
|-damage|p1a: Julia Jacklin|0 fnt|[from] brn
|faint|p1a: Julia Jacklin
|upkeep
|
|t:|1779846005
|switch|p1a: Elucid|Dragonite, M|100/100
|turn|5
|
|t:|1779846016
|switch|p2a: Great Tusk|Great Tusk|57/100
|-activate|p2a: Great Tusk|ability: Protosynthesis
|-start|p2a: Great Tusk|protosynthesisspe
|move|p1a: Elucid|Dragon Dance|p1a: Elucid
|-boost|p1a: Elucid|atk|1
|-boost|p1a: Elucid|spe|1
|
|-weather|SunnyDay|[upkeep]
|upkeep
|turn|6
|
|t:|1779846022
|move|p2a: Great Tusk|Ice Spinner|p1a: Elucid
|-supereffective|p1a: Elucid
|-damage|p1a: Elucid|45/100
|move|p1a: Elucid|Dragon Dance|p1a: Elucid
|-boost|p1a: Elucid|atk|1
|-boost|p1a: Elucid|spe|1
|
|-weather|SunnyDay|[upkeep]
|upkeep
|turn|7
|
|t:|1779846040
|move|p1a: Elucid|Ice Spinner|p2a: Great Tusk
|-supereffective|p2a: Great Tusk
|-damage|p2a: Great Tusk|0 fnt
|faint|p2a: Great Tusk
|-end|p2a: Great Tusk|Protosynthesis|[silent]
|
|-weather|SunnyDay|[upkeep]
|upkeep
|
|t:|1779846050
|switch|p2a: Raging Bolt|Raging Bolt|100/100
|-activate|p2a: Raging Bolt|ability: Protosynthesis
|-start|p2a: Raging Bolt|protosynthesisspa
|turn|8
|
|t:|1779846058
|-terastallize|p2a: Raging Bolt|Ghost
|move|p1a: Elucid|Earthquake|p2a: Raging Bolt
|-damage|p2a: Raging Bolt|33/100
|move|p2a: Raging Bolt|Weather Ball|p1a: Elucid
|-resisted|p1a: Elucid
|-damage|p1a: Elucid|12/100
|
|-weather|SunnyDay|[upkeep]
|upkeep
|turn|9
|
|t:|1779846065
|move|p2a: Raging Bolt|Thunderclap||[still]
|-fail|p2a: Raging Bolt
|move|p1a: Elucid|Dragon Dance|p1a: Elucid
|-boost|p1a: Elucid|atk|1
|-boost|p1a: Elucid|spe|1
|
|-weather|none
|-end|p2a: Raging Bolt|Protosynthesis
|upkeep
|turn|10
|
|t:|1779846068
|move|p2a: Raging Bolt|Thunderclap||[still]
|-fail|p2a: Raging Bolt
|move|p1a: Elucid|Dragon Dance|p1a: Elucid
|-boost|p1a: Elucid|atk|1
|-boost|p1a: Elucid|spe|1
|
|upkeep
|turn|11
|
|t:|1779846073
|move|p2a: Raging Bolt|Thunderclap||[still]
|-fail|p2a: Raging Bolt
|move|p1a: Elucid|Dragon Dance|p1a: Elucid
|-boost|p1a: Elucid|atk|1
|-boost|p1a: Elucid|spe|1
|
|upkeep
|turn|12
|
|t:|1779846075
|move|p2a: Raging Bolt|Thunderclap||[still]
|-fail|p2a: Raging Bolt
|move|p1a: Elucid|Dragon Dance|p1a: Elucid
|-boost|p1a: Elucid|atk|1
|-boost|p1a: Elucid|spe|1
|
|upkeep
|turn|13
|
|t:|1779846077
|move|p1a: Elucid|Dragon Dance|p1a: Elucid
|-boost|p1a: Elucid|atk|0
|-boost|p1a: Elucid|spe|0
|move|p2a: Raging Bolt|Dragon Pulse|p1a: Elucid
|-supereffective|p1a: Elucid
|-damage|p1a: Elucid|0 fnt
|faint|p1a: Elucid
|
|upkeep
|
|t:|1779846080
|switch|p1a: Rat Tally|Garchomp, M|100/100
|turn|14
|
|t:|1779846096
|-end|p2a: Raging Bolt|Protosynthesis|[silent]
|switch|p2a: Charizard|Charizard, F|13/100
|move|p1a: Rat Tally|Scale Shot|p2a: Charizard
|-damage|p2a: Charizard|0 fnt
|faint|p2a: Charizard
|-hitcount|p2: Charizard|1
|-unboost|p1a: Rat Tally|def|1
|-boost|p1a: Rat Tally|spe|1
|
|upkeep
|
|t:|1779846105
|switch|p2a: Torkoal|Torkoal, M|100/100
|-weather|SunnyDay|[from] ability: Drought|[of] p2a: Torkoal
|turn|15
|
|t:|1779846112
|move|p1a: Rat Tally|Swords Dance|p1a: Rat Tally
|-boost|p1a: Rat Tally|atk|2
|move|p2a: Torkoal|Stealth Rock|p1a: Rat Tally
|-sidestart|p1: Auburn Hills|move: Stealth Rock
|
|-weather|SunnyDay|[upkeep]
|upkeep
|turn|16
|
|t:|1779846119
|move|p1a: Rat Tally|Scale Shot|p2a: Torkoal
|-damage|p2a: Torkoal|83/100
|-crit|p2a: Torkoal
|-damage|p2a: Torkoal|57/100
|-damage|p2a: Torkoal|40/100
|-damage|p2a: Torkoal|22/100
|-hitcount|p2a: Torkoal|4
|-unboost|p1a: Rat Tally|def|1
|-boost|p1a: Rat Tally|spe|1
|move|p2a: Torkoal|Lava Plume|p1a: Rat Tally
|-resisted|p1a: Rat Tally
|-damage|p1a: Rat Tally|80/100
|
|-weather|SunnyDay|[upkeep]
|upkeep
|turn|17
|j| mrblue69
|
|t:|1779846128
|move|p1a: Rat Tally|Earthquake|p2a: Torkoal
|-supereffective|p2a: Torkoal
|-damage|p2a: Torkoal|0 fnt
|faint|p2a: Torkoal
|
|-weather|SunnyDay|[upkeep]
|upkeep
|
|t:|1779846135
|switch|p2a: Leafeon|Leafeon, M|100/100
|turn|18
|
|t:|1779846139
|move|p1a: Rat Tally|Poison Jab|p2a: Leafeon
|-supereffective|p2a: Leafeon
|-damage|p2a: Leafeon|0 fnt
|faint|p2a: Leafeon
|
|-weather|SunnyDay|[upkeep]
|upkeep
|
|t:|1779846142
|switch|p2a: Walking Wake|Walking Wake|100/100
|-activate|p2a: Walking Wake|ability: Protosynthesis
|-start|p2a: Walking Wake|protosynthesisspe
|turn|19
|
|t:|1779846147
|move|p1a: Rat Tally|Earthquake|p2a: Walking Wake
|-damage|p2a: Walking Wake|0 fnt
|faint|p2a: Walking Wake
|-end|p2a: Walking Wake|Protosynthesis|[silent]
|
|-weather|SunnyDay|[upkeep]
|upkeep
|-message|Sun Addict forfeited.
|
|win|Auburn Hills
|raw|Auburn Hills's rating: 1848 &rarr; <strong>1861</strong><br />(+13 for winning)
|raw|Sun Addict's rating: 1730 &rarr; <strong>1717</strong><br />(-13 for losing)
|l| FaronAan
|l|☆Auburn Hills
|player|p1|
|l| mrblue69
|l|☆Sun Addict
|player|p2|
|l| rexa2
|l| ueyr43
