|j|☆unamedturd
|j|☆Embid ❤️ mah
|t:|1779915595
|gametype|singles
|player|p1|unamedturd|102|1588
|player|p2|Embid ❤️ mah|camper|1528
|gen|9
|tier|[Gen 9] OU
|rated|
|rule|HP Percentage Mod: HP is shown in percentages
|rule|Endless Battle Clause: Forcing endless battles is banned
|rule|Species Clause: Limit one of each Pokémon
|rule|OHKO Clause: OHKO moves are banned
|rule|Evasion Items Clause: Evasion items are banned
|rule|Evasion Moves Clause: Evasion moves are banned
|rule|Evasion Abilities Clause: Evasion abilities are banned
|rule|Sleep Moves Clause: Sleep-inducing moves are banned
|clearpoke
|poke|p1|Zamazenta-*|
|poke|p1|Sinistcha-Masterpiece|
|poke|p1|Great Tusk|
|poke|p1|Kingambit, F|
|poke|p1|Gholdengo|
|poke|p1|Ting-Lu|
|poke|p2|Dragonite, F|
|poke|p2|Gholdengo|
|poke|p2|Iron Crown|
|poke|p2|Glimmora, M|
|poke|p2|Ting-Lu|
|poke|p2|Ogerpon-Wellspring, F|
|teampreview
|inactive|Battle timer is ON: inactive players will automatically lose when time's up. (requested by Embid ❤️ mah)
|
|t:|1779915618
|teamsize|p1|6
|teamsize|p2|6
|start
|switch|p1a: Great Tusk|Great Tusk|100/100
|switch|p2a: Ogerpon|Ogerpon-Wellspring, F|100/100
|-enditem|p1a: Great Tusk|Booster Energy
|-activate|p1a: Great Tusk|ability: Protosynthesis|[fromitem]
|-start|p1a: Great Tusk|protosynthesisspe
|turn|1
|
|t:|1779915630
|-end|p1a: Great Tusk|Protosynthesis|[silent]
|switch|p1a: Sinistcha|Sinistcha-Masterpiece|100/100
|move|p2a: Ogerpon|Ivy Cudgel|p1a: Sinistcha|[anim] Ivy Cudgel Water
|-resisted|p1a: Sinistcha
|-damage|p1a: Sinistcha|81/100
|
|-heal|p1a: Sinistcha|87/100|[from] item: Leftovers
|upkeep
|turn|2
|
|t:|1779915639
|move|p2a: Ogerpon|U-turn|p1a: Sinistcha
|-damage|p1a: Sinistcha|67/100
|
|t:|1779915641
|switch|p2a: Glimmora|Glimmora, M|100/100|[from] U-turn
|move|p1a: Sinistcha|Shadow Ball|p2a: Glimmora
|-damage|p2a: Glimmora|58/100
|
|-heal|p1a: Sinistcha|73/100|[from] item: Leftovers
|upkeep
|turn|3
|
|t:|1779915655
|switch|p1a: Great Tusk|Great Tusk|100/100
|move|p2a: Glimmora|Stealth Rock|p1a: Great Tusk
|-sidestart|p1: unamedturd|move: Stealth Rock
|
|upkeep
|turn|4
|
|t:|1779915665
|switch|p2a: Gholdengo|Gholdengo|100/100
|move|p1a: Great Tusk|Headlong Rush|p2a: Gholdengo
|-supereffective|p2a: Gholdengo
|-damage|p2a: Gholdengo|25/100
|-unboost|p1a: Great Tusk|def|1
|-unboost|p1a: Great Tusk|spd|1
|
|upkeep
|turn|5
|
|t:|1779915680
|-end|p1a: Great Tusk|Protosynthesis|[silent]
|switch|p1a: Ting-Lu|Ting-Lu|100/100
|-damage|p1a: Ting-Lu|94/100|[from] Stealth Rock
|-ability|p1a: Ting-Lu|Vessel of Ruin
|switch|p2a: Glimmora|Glimmora, M|58/100
|
|-heal|p1a: Ting-Lu|100/100|[from] item: Leftovers
|upkeep
|turn|6
|
|t:|1779915691
|switch|p1a: Great Tusk|Great Tusk|100/100
|-damage|p1a: Great Tusk|97/100|[from] Stealth Rock
|move|p2a: Glimmora|Mortal Spin|p1a: Great Tusk
|-resisted|p1a: Great Tusk
|-damage|p1a: Great Tusk|96/100
|-status|p1a: Great Tusk|psn
|
|-damage|p1a: Great Tusk|83/100 psn|[from] psn
|upkeep
|turn|7
|j| homersimpson272
|inactive|Embid ❤️ mah has 120 seconds left.
|
|t:|1779915721
|move|p1a: Great Tusk|Rapid Spin|p2a: Glimmora
|-resisted|p2a: Glimmora
|-damage|p2a: Glimmora|49/100
|-boost|p1a: Great Tusk|spe|1
|-activate|p2a: Glimmora|ability: Toxic Debris
|-sidestart|p1: unamedturd|move: Toxic Spikes
|-sideend|p1: unamedturd|Toxic Spikes|[from] move: Rapid Spin|[of] p1a: Great Tusk
|-sideend|p1: unamedturd|Stealth Rock|[from] move: Rapid Spin|[of] p1a: Great Tusk
|move|p2a: Glimmora|Stealth Rock|p1a: Great Tusk
|-sidestart|p1: unamedturd|move: Stealth Rock
|
|-damage|p1a: Great Tusk|71/100 psn|[from] psn
|upkeep
|turn|8
|
|t:|1779915732
|move|p1a: Great Tusk|Headlong Rush|p2a: Glimmora
|-supereffective|p2a: Glimmora
|-damage|p2a: Glimmora|0 fnt
|-unboost|p1a: Great Tusk|def|1
|-unboost|p1a: Great Tusk|spd|1
|-activate|p2a: Glimmora|ability: Toxic Debris
|-sidestart|p1: unamedturd|move: Toxic Spikes
|faint|p2a: Glimmora
|
|-damage|p1a: Great Tusk|58/100 psn|[from] psn
|upkeep
|
|t:|1779915735
|switch|p2a: Ogerpon|Ogerpon-Wellspring, F|100/100
|turn|9
|
|t:|1779915745
|switch|p2a: Gholdengo|Gholdengo|25/100
|move|p1a: Great Tusk|Rapid Spin|p2a: Gholdengo
|-immune|p2a: Gholdengo
|
|-damage|p1a: Great Tusk|46/100 psn|[from] psn
|upkeep
|turn|10
|
|t:|1779915769
|switch|p2a: Ting-Lu|Ting-Lu|100/100
|-ability|p2a: Ting-Lu|Vessel of Ruin
|move|p1a: Great Tusk|Headlong Rush|p2a: Ting-Lu
|-damage|p2a: Ting-Lu|71/100
|-unboost|p1a: Great Tusk|def|1
|-unboost|p1a: Great Tusk|spd|1
|-damage|p1a: Great Tusk|29/100 psn|[from] item: Rocky Helmet|[of] p2a: Ting-Lu
|
|-damage|p1a: Great Tusk|17/100 psn|[from] psn
|upkeep
|turn|11
|inactive|unamedturd has 120 seconds left.
|
|t:|1779915817
|switch|p2a: Gholdengo|Gholdengo|25/100
|move|p1a: Great Tusk|Headlong Rush|p2a: Gholdengo
|-supereffective|p2a: Gholdengo
|-damage|p2a: Gholdengo|0 fnt
|-unboost|p1a: Great Tusk|def|1
|-unboost|p1a: Great Tusk|spd|1
|faint|p2a: Gholdengo
|
|-damage|p1a: Great Tusk|4/100 psn|[from] psn
|upkeep
|
|t:|1779915824
|switch|p2a: Ting-Lu|Ting-Lu|71/100
|-ability|p2a: Ting-Lu|Vessel of Ruin
|turn|12
|
|t:|1779915833
|-end|p1a: Great Tusk|Protosynthesis|[silent]
|switch|p1a: Ting-Lu|Ting-Lu|100/100
|-damage|p1a: Ting-Lu|94/100|[from] Stealth Rock
|-status|p1a: Ting-Lu|psn
|-ability|p1a: Ting-Lu|Vessel of Ruin
|move|p2a: Ting-Lu|Spikes|p1a: Ting-Lu
|-sidestart|p1: unamedturd|Spikes
|
|-heal|p1a: Ting-Lu|100/100 psn|[from] item: Leftovers
|-damage|p1a: Ting-Lu|88/100 psn|[from] psn
|upkeep
|turn|13
|inactive|unamedturd has 120 seconds left.
|
|t:|1779915844
|move|p1a: Ting-Lu|Stealth Rock|p2a: Ting-Lu
|-sidestart|p2: Embid ❤️ mah|move: Stealth Rock
|move|p2a: Ting-Lu|Whirlwind|p1a: Ting-Lu
|drag|p1a: Sinistcha|Sinistcha-Masterpiece|73/100
|-damage|p1a: Sinistcha|61/100|[from] Stealth Rock
|-status|p1a: Sinistcha|psn
|-damage|p1a: Sinistcha|48/100 psn|[from] Spikes
|
|-heal|p1a: Sinistcha|54/100 psn|[from] item: Leftovers
|-damage|p1a: Sinistcha|42/100 psn|[from] psn
|upkeep
|turn|14
|inactive|unamedturd has 120 seconds left.
|
|t:|1779915857
|move|p1a: Sinistcha|Matcha Gotcha|p2a: Ting-Lu
|-supereffective|p2a: Ting-Lu
|-damage|p2a: Ting-Lu|42/100
|-heal|p1a: Sinistcha|63/100 psn|[from] drain|[of] p2a: Ting-Lu
|move|p2a: Ting-Lu|Whirlwind|p1a: Sinistcha
|drag|p1a: Kingambit|Kingambit, F|100/100
|-damage|p1a: Kingambit|94/100|[from] Stealth Rock
|-damage|p1a: Kingambit|82/100|[from] Spikes
|
|-heal|p1a: Kingambit|88/100|[from] item: Leftovers
|upkeep
|turn|15
|inactive|unamedturd has 120 seconds left.
|
|t:|1779915874
|-terastallize|p1a: Kingambit|Dark
|move|p1a: Kingambit|Iron Head|p2a: Ting-Lu
|-damage|p2a: Ting-Lu|17/100
|-damage|p1a: Kingambit|72/100|[from] item: Rocky Helmet|[of] p2a: Ting-Lu
|move|p2a: Ting-Lu|Earthquake|p1a: Kingambit
|-damage|p1a: Kingambit|40/100
|
|-heal|p1a: Kingambit|46/100|[from] item: Leftovers
|upkeep
|turn|16
|
|t:|1779915887
|move|p1a: Kingambit|Swords Dance|p1a: Kingambit
|-boost|p1a: Kingambit|atk|2
|move|p2a: Ting-Lu|Whirlwind|p1a: Kingambit
|-end|p1a: Kingambit|fallenundefined|[silent]
|drag|p1a: Great Tusk|Great Tusk|4/100 psn
|-damage|p1a: Great Tusk|1/100 psn|[from] Stealth Rock
|-damage|p1a: Great Tusk|0 fnt|[from] Spikes
|faint|p1a: Great Tusk
|-end|p1a: Great Tusk|Protosynthesis|[silent]
|
|upkeep
|
|t:|1779915898
|switch|p1a: Ting-Lu|Ting-Lu|88/100 psn
|-damage|p1a: Ting-Lu|82/100 psn|[from] Stealth Rock
|-damage|p1a: Ting-Lu|69/100 psn|[from] Spikes
|-ability|p1a: Ting-Lu|Vessel of Ruin
|turn|17
|
|t:|1779915905
|move|p1a: Ting-Lu|Spikes|p2a: Ting-Lu
|-sidestart|p2: Embid ❤️ mah|Spikes
|move|p2a: Ting-Lu|Spikes|p1a: Ting-Lu
|-sidestart|p1: unamedturd|Spikes
|
|-heal|p1a: Ting-Lu|76/100 psn|[from] item: Leftovers
|-damage|p1a: Ting-Lu|63/100 psn|[from] psn
|upkeep
|turn|18
|
|t:|1779915913
|move|p1a: Ting-Lu|Spikes|p2a: Ting-Lu
|-sidestart|p2: Embid ❤️ mah|Spikes
|move|p2a: Ting-Lu|Spikes|p1a: Ting-Lu
|-sidestart|p1: unamedturd|Spikes
|
|-heal|p1a: Ting-Lu|69/100 psn|[from] item: Leftovers
|-damage|p1a: Ting-Lu|57/100 psn|[from] psn
|upkeep
|turn|19
|inactive|unamedturd has 120 seconds left.
|
|t:|1779915921
|move|p1a: Ting-Lu|Spikes|p2a: Ting-Lu
|-sidestart|p2: Embid ❤️ mah|Spikes
|move|p2a: Ting-Lu|Whirlwind|p1a: Ting-Lu
|drag|p1a: Sinistcha|Sinistcha-Masterpiece|63/100 psn
|-damage|p1a: Sinistcha|51/100 psn|[from] Stealth Rock
|-damage|p1a: Sinistcha|26/100 psn|[from] Spikes
|
|-heal|p1a: Sinistcha|32/100 psn|[from] item: Leftovers
|-damage|p1a: Sinistcha|19/100 psn|[from] psn
|upkeep
|turn|20
|inactive|unamedturd has 120 seconds left.
|
|t:|1779915935
|move|p1a: Sinistcha|Strength Sap|p2a: Ting-Lu
|-unboost|p2a: Ting-Lu|atk|1
|-heal|p1a: Sinistcha|94/100 psn
|move|p2a: Ting-Lu|Whirlwind|p1a: Sinistcha
|drag|p1a: Zamazenta|Zamazenta|100/100
|-damage|p1a: Zamazenta|95/100|[from] Stealth Rock
|-status|p1a: Zamazenta|psn
|-damage|p1a: Zamazenta|70/100 psn|[from] Spikes
|-ability|p1a: Zamazenta|Dauntless Shield|boost
|-boost|p1a: Zamazenta|def|1
|
|-heal|p1a: Zamazenta|76/100 psn|[from] item: Leftovers
|-damage|p1a: Zamazenta|63/100 psn|[from] psn
|upkeep
|turn|21
|inactive|unamedturd has 120 seconds left.
|
|t:|1779915951
|move|p1a: Zamazenta|Body Press|p2a: Ting-Lu
|-supereffective|p2a: Ting-Lu
|-damage|p2a: Ting-Lu|0 fnt
|-damage|p1a: Zamazenta|47/100 psn|[from] item: Rocky Helmet|[of] p2a: Ting-Lu
|faint|p2a: Ting-Lu
|
|-heal|p1a: Zamazenta|53/100 psn|[from] item: Leftovers
|-damage|p1a: Zamazenta|41/100 psn|[from] psn
|upkeep
|
|t:|1779915961
|switch|p2a: Iron Crown|Iron Crown|100/100
|-damage|p2a: Iron Crown|94/100|[from] Stealth Rock
|-damage|p2a: Iron Crown|70/100|[from] Spikes
|-enditem|p2a: Iron Crown|Booster Energy
|-activate|p2a: Iron Crown|ability: Quark Drive|[fromitem]
|-start|p2a: Iron Crown|quarkdrivespe
|turn|22
|
|t:|1779915970
|move|p2a: Iron Crown|Tachyon Cutter|p1a: Zamazenta
|-damage|p1a: Zamazenta|18/100 psn
|-damage|p1a: Zamazenta|0 fnt
|faint|p1a: Zamazenta
|-hitcount|p1: Zamazenta|2
|
|upkeep
|
|t:|1779915977
|switch|p1a: Gholdengo|Gholdengo|100/100
|-damage|p1a: Gholdengo|94/100|[from] Stealth Rock
|-damage|p1a: Gholdengo|70/100|[from] Spikes
|turn|23
|l|☆Embid ❤️ mah
|inactive|Embid ❤️ mah disconnected and has a minute to reconnect!
|player|p2|
|j|☆Embid ❤️ mah
|inactive|Embid ❤️ mah reconnected and has 120 seconds left.
|player|p2|Embid ❤️ mah|camper|
|
|t:|1779916019
|-terastallize|p2a: Iron Crown|Fighting
|move|p2a: Iron Crown|Calm Mind|p2a: Iron Crown
|-boost|p2a: Iron Crown|spa|1
|-boost|p2a: Iron Crown|spd|1
|move|p1a: Gholdengo|Shadow Ball|p2a: Iron Crown
|-damage|p2a: Iron Crown|43/100
|
|upkeep
|turn|24
|
|t:|1779916029
|move|p2a: Iron Crown|Tachyon Cutter|p1a: Gholdengo
|-resisted|p1a: Gholdengo
|-damage|p1a: Gholdengo|50/100
|-resisted|p1a: Gholdengo
|-damage|p1a: Gholdengo|30/100
|-hitcount|p1a: Gholdengo|2
|move|p1a: Gholdengo|Shadow Ball|p2a: Iron Crown
|-damage|p2a: Iron Crown|18/100
|
|upkeep
|turn|25
|inactive|Embid ❤️ mah has 120 seconds left.
|
|t:|1779916038
|move|p2a: Iron Crown|Tachyon Cutter|p1a: Gholdengo
|-resisted|p1a: Gholdengo
|-damage|p1a: Gholdengo|12/100
|-resisted|p1a: Gholdengo
|-damage|p1a: Gholdengo|0 fnt
|faint|p1a: Gholdengo
|-hitcount|p1: Gholdengo|2
|
|upkeep
|
|t:|1779916049
|switch|p1a: Kingambit|Kingambit, F, tera:Dark|46/100
|-damage|p1a: Kingambit|34/100|[from] Stealth Rock
|-status|p1a: Kingambit|psn
|-damage|p1a: Kingambit|9/100 psn|[from] Spikes
|-activate|p1a: Kingambit|ability: Supreme Overlord
|-start|p1a: Kingambit|fallen3|[silent]
|turn|26
|
|t:|1779916056
|move|p2a: Iron Crown|Calm Mind|p2a: Iron Crown
|-boost|p2a: Iron Crown|spa|1
|-boost|p2a: Iron Crown|spd|1
|move|p1a: Kingambit|Iron Head|p2a: Iron Crown
|-damage|p2a: Iron Crown|0 fnt
|faint|p2a: Iron Crown
|-end|p2a: Iron Crown|Quark Drive|[silent]
|
|-heal|p1a: Kingambit|15/100 psn|[from] item: Leftovers
|-damage|p1a: Kingambit|3/100 psn|[from] psn
|upkeep
|
|t:|1779916063
|switch|p2a: Dragonite|Dragonite, F|100/100
|turn|27
|
|t:|1779916082
|move|p2a: Dragonite|Roost||[still]
|-fail|p2a: Dragonite|heal
|move|p1a: Kingambit|Iron Head|p2a: Dragonite
|-damage|p2a: Dragonite|71/100
|
|-heal|p1a: Kingambit|9/100 psn|[from] item: Leftovers
|-damage|p1a: Kingambit|0 fnt|[from] psn
|faint|p1a: Kingambit
|-end|p1a: Kingambit|fallen3|[silent]
|upkeep
|
|t:|1779916093
|switch|p1a: Sinistcha|Sinistcha-Masterpiece|94/100 psn
|-damage|p1a: Sinistcha|81/100 psn|[from] Stealth Rock
|-damage|p1a: Sinistcha|56/100 psn|[from] Spikes
|turn|28
|
|t:|1779916098
|move|p1a: Sinistcha|Strength Sap|p2a: Dragonite
|-unboost|p2a: Dragonite|atk|1
|-heal|p1a: Sinistcha|100/100 psn
|move|p2a: Dragonite|Dragon Tail|p1a: Sinistcha
|-damage|p1a: Sinistcha|86/100 psn
|drag|p1a: Ting-Lu|Ting-Lu|57/100 psn
|-damage|p1a: Ting-Lu|51/100 psn|[from] Stealth Rock
|-damage|p1a: Ting-Lu|26/100 psn|[from] Spikes
|-ability|p1a: Ting-Lu|Vessel of Ruin
|
|-heal|p1a: Ting-Lu|32/100 psn|[from] item: Leftovers
|-damage|p1a: Ting-Lu|20/100 psn|[from] psn
|upkeep
|turn|29
|
|t:|1779916116
|switch|p2a: Ogerpon|Ogerpon-Wellspring, F|100/100
|-damage|p2a: Ogerpon|88/100|[from] Stealth Rock
|-damage|p2a: Ogerpon|63/100|[from] Spikes
|move|p1a: Ting-Lu|Ruination|p2a: Ogerpon
|-damage|p2a: Ogerpon|32/100
|
|-heal|p1a: Ting-Lu|26/100 psn|[from] item: Leftovers
|-damage|p1a: Ting-Lu|13/100 psn|[from] psn
|upkeep
|turn|30
|inactive|Embid ❤️ mah has 120 seconds left.
|
|t:|1779916142
|move|p2a: Ogerpon|Swords Dance|p2a: Ogerpon
|-boost|p2a: Ogerpon|atk|2
|move|p1a: Ting-Lu|Whirlwind|p2a: Ogerpon
|drag|p2a: Dragonite|Dragonite, F|71/100
|
|-heal|p1a: Ting-Lu|20/100 psn|[from] item: Leftovers
|-damage|p1a: Ting-Lu|7/100 psn|[from] psn
|upkeep
|turn|31
|inactive|Embid ❤️ mah has 120 seconds left.
|
|t:|1779916153
|move|p2a: Dragonite|Low Kick|p1a: Ting-Lu
|-supereffective|p1a: Ting-Lu
|-damage|p1a: Ting-Lu|0 fnt
|faint|p1a: Ting-Lu
|
|upkeep
|
|t:|1779916158
|switch|p1a: Sinistcha|Sinistcha-Masterpiece|86/100 psn
|-damage|p1a: Sinistcha|74/100 psn|[from] Stealth Rock
|-damage|p1a: Sinistcha|49/100 psn|[from] Spikes
|turn|32
|
|t:|1779916166
|switch|p2a: Ogerpon|Ogerpon-Wellspring, F|32/100
|-damage|p2a: Ogerpon|20/100|[from] Stealth Rock
|-damage|p2a: Ogerpon|0 fnt|[from] Spikes
|faint|p2a: Ogerpon
|move|p1a: Sinistcha|Strength Sap|p2: Ogerpon|[notarget]
|-fail|p1a: Sinistcha
|
|-heal|p1a: Sinistcha|55/100 psn|[from] item: Leftovers
|-damage|p1a: Sinistcha|43/100 psn|[from] psn
|upkeep
|
|t:|1779916175
|switch|p2a: Dragonite|Dragonite, F|71/100
|turn|33
|
|t:|1779916179
|move|p2a: Dragonite|Roost|p2a: Dragonite
|-heal|p2a: Dragonite|100/100
|-singleturn|p2a: Dragonite|move: Roost
|move|p1a: Sinistcha|Strength Sap|p2a: Dragonite
|-unboost|p2a: Dragonite|atk|1
|-heal|p1a: Sinistcha|100/100 psn
|
|-damage|p1a: Sinistcha|88/100 psn|[from] psn
|upkeep
|turn|34
|
|t:|1779916189
|move|p1a: Sinistcha|Calm Mind|p1a: Sinistcha
|-boost|p1a: Sinistcha|spa|1
|-boost|p1a: Sinistcha|spd|1
|move|p2a: Dragonite|Dragon Tail|p1a: Sinistcha
|-damage|p1a: Sinistcha|73/100 psn
|
|-heal|p1a: Sinistcha|79/100 psn|[from] item: Leftovers
|-damage|p1a: Sinistcha|67/100 psn|[from] psn
|upkeep
|turn|35
|
|t:|1779916198
|move|p1a: Sinistcha|Calm Mind|p1a: Sinistcha
|-boost|p1a: Sinistcha|spa|1
|-boost|p1a: Sinistcha|spd|1
|move|p2a: Dragonite|Dragon Tail|p1a: Sinistcha
|-damage|p1a: Sinistcha|51/100 psn
|
|-heal|p1a: Sinistcha|57/100 psn|[from] item: Leftovers
|-damage|p1a: Sinistcha|45/100 psn|[from] psn
|upkeep
|turn|36
|
|t:|1779916207
|move|p1a: Sinistcha|Calm Mind|p1a: Sinistcha
|-boost|p1a: Sinistcha|spa|1
|-boost|p1a: Sinistcha|spd|1
|move|p2a: Dragonite|Dragon Tail|p1a: Sinistcha
|-damage|p1a: Sinistcha|29/100 psn
|
|-heal|p1a: Sinistcha|35/100 psn|[from] item: Leftovers
|-damage|p1a: Sinistcha|23/100 psn|[from] psn
|upkeep
|turn|37
|
|t:|1779916216
|move|p1a: Sinistcha|Strength Sap|p2a: Dragonite
|-unboost|p2a: Dragonite|atk|1
|-heal|p1a: Sinistcha|97/100 psn
|move|p2a: Dragonite|Dragon Tail|p1a: Sinistcha
|-damage|p1a: Sinistcha|86/100 psn
|
|-heal|p1a: Sinistcha|92/100 psn|[from] item: Leftovers
|-damage|p1a: Sinistcha|80/100 psn|[from] psn
|upkeep
|turn|38
|
|t:|1779916226
|move|p1a: Sinistcha|Matcha Gotcha|p2a: Dragonite
|-resisted|p2a: Dragonite
|-damage|p2a: Dragonite|92/100
|-heal|p1a: Sinistcha|85/100 psn|[from] drain|[of] p2a: Dragonite
|-status|p2a: Dragonite|brn
|move|p2a: Dragonite|Dragon Tail|p1a: Sinistcha
|-damage|p1a: Sinistcha|79/100 psn
|
|-heal|p1a: Sinistcha|85/100 psn|[from] item: Leftovers
|-damage|p1a: Sinistcha|73/100 psn|[from] psn
|-damage|p2a: Dragonite|86/100 brn|[from] brn
|upkeep
|turn|39
|inactive|Embid ❤️ mah has 120 seconds left.
|
|t:|1779916264
|move|p2a: Dragonite|Roost|p2a: Dragonite
|-heal|p2a: Dragonite|100/100 brn
|-singleturn|p2a: Dragonite|move: Roost
|move|p1a: Sinistcha|Calm Mind|p1a: Sinistcha
|-boost|p1a: Sinistcha|spa|1
|-boost|p1a: Sinistcha|spd|1
|
|-heal|p1a: Sinistcha|79/100 psn|[from] item: Leftovers
|-damage|p1a: Sinistcha|66/100 psn|[from] psn
|-damage|p2a: Dragonite|94/100 brn|[from] brn
|upkeep
|turn|40
|inactive|Embid ❤️ mah has 120 seconds left.
|
|t:|1779916279
|move|p1a: Sinistcha|Calm Mind|p1a: Sinistcha
|-boost|p1a: Sinistcha|spa|1
|-boost|p1a: Sinistcha|spd|1
|move|p2a: Dragonite|Dragon Tail|p1a: Sinistcha
|-damage|p1a: Sinistcha|61/100 psn
|
|-heal|p1a: Sinistcha|67/100 psn|[from] item: Leftovers
|-damage|p1a: Sinistcha|54/100 psn|[from] psn
|-damage|p2a: Dragonite|88/100 brn|[from] brn
|upkeep
|turn|41
|
|t:|1779916289
|move|p1a: Sinistcha|Calm Mind|p1a: Sinistcha
|-boost|p1a: Sinistcha|spa|1
|-boost|p1a: Sinistcha|spd|1
|move|p2a: Dragonite|Dragon Tail|p1a: Sinistcha
|-damage|p1a: Sinistcha|49/100 psn
|
|-heal|p1a: Sinistcha|55/100 psn|[from] item: Leftovers
|-damage|p1a: Sinistcha|43/100 psn|[from] psn
|-damage|p2a: Dragonite|82/100 brn|[from] brn
|upkeep
|turn|42
|
|t:|1779916300
|move|p2a: Dragonite|Roost|p2a: Dragonite
|-heal|p2a: Dragonite|100/100 brn
|-singleturn|p2a: Dragonite|move: Roost
|move|p1a: Sinistcha|Matcha Gotcha|p2a: Dragonite
|-resisted|p2a: Dragonite
|-damage|p2a: Dragonite|71/100 brn
|-heal|p1a: Sinistcha|59/100 psn|[from] drain|[of] p2a: Dragonite
|
|-heal|p1a: Sinistcha|65/100 psn|[from] item: Leftovers
|-damage|p1a: Sinistcha|53/100 psn|[from] psn
|-damage|p2a: Dragonite|65/100 brn|[from] brn
|upkeep
|turn|43
|
|t:|1779916314
|move|p2a: Dragonite|Roost|p2a: Dragonite
|-heal|p2a: Dragonite|100/100 brn
|-singleturn|p2a: Dragonite|move: Roost
|move|p1a: Sinistcha|Shadow Ball|p2a: Dragonite
|-damage|p2a: Dragonite|45/100 brn
|
|-heal|p1a: Sinistcha|59/100 psn|[from] item: Leftovers
|-damage|p1a: Sinistcha|46/100 psn|[from] psn
|-damage|p2a: Dragonite|39/100 brn|[from] brn
|upkeep
|turn|44
|
|t:|1779916326
|move|p2a: Dragonite|Roost|p2a: Dragonite
|-heal|p2a: Dragonite|89/100 brn
|-singleturn|p2a: Dragonite|move: Roost
|move|p1a: Sinistcha|Shadow Ball|p2a: Dragonite
|-damage|p2a: Dragonite|0 fnt
|faint|p2a: Dragonite
|
|win|unamedturd
|raw|unamedturd's rating: 1588 &rarr; <strong>1605</strong><br />(+17 for winning)
|raw|Embid ❤️ mah's rating: 1528 &rarr; <strong>1511</strong><br />(-17 for losing)
|l|☆unamedturd
|player|p1|
|l|☆Embid ❤️ mah
|player|p2|
