|j|☆Wada Wau
|j|☆Scuhbee Fluff
|t:|1779945996
|gametype|singles
|player|p1|Wada Wau|2|1306
|player|p2|Scuhbee Fluff|swimmerf-gen4dp|1317
|gen|9
|tier|[Gen 9] OU
|rated|
|rule|HP Percentage Mod: HP is shown in percentages
|rule|Endless Battle Clause: Forcing endless battles is banned
|rule|Species Clause: Limit one of each Pokémon
|rule|OHKO Clause: OHKO moves are banned
|rule|Evasion Items Clause: Evasion items are banned
|rule|Evasion Moves Clause: Evasion moves are banned
|rule|Evasion Abilities Clause: Evasion abilities are banned
|rule|Sleep Moves Clause: Sleep-inducing moves are banned
|clearpoke
|poke|p1|Cinderace, F|
|poke|p1|Ceruledge, F|
|poke|p1|Dragonite, F|
|poke|p1|Zamazenta-*|
|poke|p1|Iron Moth|
|poke|p1|Kingambit, F|
|poke|p2|Pelipper, M|
|poke|p2|Vaporeon, F|
|poke|p2|Volcanion|
|poke|p2|Quaquaval, M|
|poke|p2|Zapdos|
|poke|p2|Ogerpon-Wellspring, F|
|teampreview
|inactive|Battle timer is ON: inactive players will automatically lose when time's up. (requested by Wada Wau)
|
|t:|1779946008
|teamsize|p1|6
|teamsize|p2|6
|start
|switch|p1a: Zamazenta|Zamazenta|100/100
|switch|p2a: Queerquaval|Quaquaval, M|100/100
|-ability|p1a: Zamazenta|Dauntless Shield|boost
|-boost|p1a: Zamazenta|def|1
|turn|1
|
|t:|1779946023
|switch|p2a: Big Bird|Zapdos|100/100
|move|p1a: Zamazenta|Substitute|p1a: Zamazenta
|-start|p1a: Zamazenta|Substitute
|-damage|p1a: Zamazenta|76/100
|
|upkeep
|turn|2
|
|t:|1779946030
|move|p1a: Zamazenta|Crunch|p2a: Big Bird
|-damage|p2a: Big Bird|84/100
|-unboost|p2a: Big Bird|def|1
|-damage|p1a: Zamazenta|59/100|[from] item: Rocky Helmet|[of] p2a: Big Bird
|move|p2a: Big Bird|Discharge|p1a: Zamazenta
|-end|p1a: Zamazenta|Substitute
|
|upkeep
|turn|3
|
|t:|1779946039
|move|p1a: Zamazenta|Crunch|p2a: Big Bird
|-damage|p2a: Big Bird|60/100
|-damage|p1a: Zamazenta|42/100|[from] item: Rocky Helmet|[of] p2a: Big Bird
|move|p2a: Big Bird|Roost|p2a: Big Bird
|-heal|p2a: Big Bird|100/100
|-singleturn|p2a: Big Bird|move: Roost
|
|upkeep
|turn|4
|
|t:|1779946048
|move|p1a: Zamazenta|Crunch|p2a: Big Bird
|-damage|p2a: Big Bird|75/100
|-damage|p1a: Zamazenta|26/100|[from] item: Rocky Helmet|[of] p2a: Big Bird
|move|p2a: Big Bird|Rain Dance|p2a: Big Bird
|-weather|RainDance
|
|-weather|RainDance|[upkeep]
|upkeep
|turn|5
|
|t:|1779946055
|move|p1a: Zamazenta|Crunch|p2a: Big Bird
|-crit|p2a: Big Bird
|-damage|p2a: Big Bird|40/100
|-damage|p1a: Zamazenta|9/100|[from] item: Rocky Helmet|[of] p2a: Big Bird
|-status|p1a: Zamazenta|par|[from] ability: Static|[of] p2a: Big Bird
|move|p2a: Big Bird|Hurricane|p1a: Zamazenta
|-supereffective|p1a: Zamazenta
|-damage|p1a: Zamazenta|0 fnt
|faint|p1a: Zamazenta
|
|-weather|RainDance|[upkeep]
|upkeep
|
|t:|1779946066
|switch|p1a: Iron Moth|Iron Moth|100/100
|-enditem|p1a: Iron Moth|Booster Energy
|-activate|p1a: Iron Moth|ability: Quark Drive|[fromitem]
|-start|p1a: Iron Moth|quarkdrivespe
|turn|6
|
|t:|1779946071
|move|p1a: Iron Moth|Fiery Dance|p2a: Big Bird
|-damage|p2a: Big Bird|19/100
|-boost|p1a: Iron Moth|spa|1
|move|p2a: Big Bird|Discharge|p1a: Iron Moth
|-damage|p1a: Iron Moth|71/100
|
|-weather|RainDance|[upkeep]
|upkeep
|turn|7
|
|t:|1779946079
|move|p1a: Iron Moth|Fiery Dance|p2a: Big Bird
|-damage|p2a: Big Bird|0 fnt
|-boost|p1a: Iron Moth|spa|1
|faint|p2a: Big Bird
|
|-weather|RainDance|[upkeep]
|upkeep
|
|t:|1779946085
|switch|p2a: Queerquaval|Quaquaval, M|100/100
|turn|8
|
|t:|1779946091
|-terastallize|p1a: Iron Moth|Grass
|move|p1a: Iron Moth|Energy Ball|p2a: Queerquaval
|-supereffective|p2a: Queerquaval
|-enditem|p2a: Queerquaval|Focus Sash
|-damage|p2a: Queerquaval|1/100
|move|p2a: Queerquaval|Aqua Step|p1a: Iron Moth
|-resisted|p1a: Iron Moth
|-damage|p1a: Iron Moth|21/100
|-boost|p2a: Queerquaval|spe|1
|
|-weather|none
|upkeep
|turn|9
|
|t:|1779946101
|move|p1a: Iron Moth|Fiery Dance|p2a: Queerquaval
|-resisted|p2a: Queerquaval
|-damage|p2a: Queerquaval|0 fnt
|-boost|p1a: Iron Moth|spa|1
|faint|p2a: Queerquaval
|
|upkeep
|
|t:|1779946109
|switch|p2a: Toilet|Pelipper, M|100/100
|-weather|RainDance|[from] ability: Drizzle|[of] p2a: Toilet
|turn|10
|
|t:|1779946118
|-terastallize|p2a: Toilet|Grass
|move|p1a: Iron Moth|Energy Ball|p2a: Toilet
|-resisted|p2a: Toilet
|-damage|p2a: Toilet|9/100
|move|p2a: Toilet|Hurricane|p1a: Iron Moth
|-supereffective|p1a: Iron Moth
|-damage|p1a: Iron Moth|0 fnt
|faint|p1a: Iron Moth
|-end|p1a: Iron Moth|Quark Drive|[silent]
|
|-weather|RainDance|[upkeep]
|upkeep
|
|t:|1779946129
|switch|p1a: Dragonite|Dragonite, F|100/100
|turn|11
|
|t:|1779946133
|move|p1a: Dragonite|Dragon Dance|p1a: Dragonite
|-boost|p1a: Dragonite|atk|1
|-boost|p1a: Dragonite|spe|1
|move|p2a: Toilet|Ice Beam|p1a: Dragonite
|-supereffective|p1a: Dragonite
|-damage|p1a: Dragonite|6/100
|
|-weather|RainDance|[upkeep]
|upkeep
|turn|12
|
|t:|1779946141
|move|p1a: Dragonite|Ice Spinner|p2a: Toilet
|-supereffective|p2a: Toilet
|-damage|p2a: Toilet|0 fnt
|faint|p2a: Toilet
|
|-weather|RainDance|[upkeep]
|upkeep
|
|t:|1779946148
|switch|p2a: Bubbles|Vaporeon, F|100/100
|turn|13
|
|t:|1779946154
|move|p1a: Dragonite|Earthquake|p2a: Bubbles
|-damage|p2a: Bubbles|31/100
|move|p2a: Bubbles|Scald|p1a: Dragonite
|-resisted|p1a: Dragonite
|-damage|p1a: Dragonite|0 fnt
|faint|p1a: Dragonite
|
|-weather|RainDance|[upkeep]
|upkeep
|
|t:|1779946162
|switch|p1a: Cinderace|Cinderace, F|100/100
|turn|14
|
|t:|1779946165
|switch|p2a: Onion|Volcanion|100/100
|move|p1a: Cinderace|Sucker Punch||[still]
|-fail|p1a: Cinderace
|
|-weather|RainDance|[upkeep]
|upkeep
|turn|15
|
|t:|1779946171
|move|p1a: Cinderace|U-turn|p2a: Onion
|-start|p1a: Cinderace|typechange|Bug|[from] ability: Libero
|-resisted|p2a: Onion
|-damage|p2a: Onion|86/100
|
|t:|1779946173
|switch|p1a: Kingambit|Kingambit, F|100/100|[from] U-turn
|-activate|p1a: Kingambit|ability: Supreme Overlord
|-start|p1a: Kingambit|fallen3|[silent]
|move|p2a: Onion|Steam Eruption|p1a: Kingambit
|-crit|p1a: Kingambit
|-damage|p1a: Kingambit|0 fnt
|faint|p1a: Kingambit
|-end|p1a: Kingambit|fallen3|[silent]
|
|-weather|RainDance|[upkeep]
|upkeep
|
|t:|1779946182
|switch|p1a: Ceruledge|Ceruledge, F|100/100
|turn|16
|
|t:|1779946185
|move|p2a: Onion|Steam Eruption|p1a: Ceruledge|[miss]
|-miss|p2a: Onion|p1a: Ceruledge
|move|p1a: Ceruledge|Swords Dance|p1a: Ceruledge
|-boost|p1a: Ceruledge|atk|2
|
|-weather|RainDance|[upkeep]
|upkeep
|turn|17
|
|t:|1779946195
|move|p2a: Onion|Steam Eruption|p1a: Ceruledge
|-supereffective|p1a: Ceruledge
|-enditem|p1a: Ceruledge|Focus Sash
|-damage|p1a: Ceruledge|1/100
|move|p1a: Ceruledge|Poltergeist|p2a: Onion
|-activate|p2a: Onion|move: Poltergeist|Choice Specs
|-damage|p2a: Onion|0 fnt
|faint|p2a: Onion
|
|-weather|none
|upkeep
|
|t:|1779946204
|switch|p2a: ShyGuy|Ogerpon-Wellspring, F|100/100
|turn|18
|
|t:|1779946207
|move|p1a: Ceruledge|Shadow Sneak|p2a: ShyGuy
|-damage|p2a: ShyGuy|43/100
|move|p2a: ShyGuy|U-turn|p1a: Ceruledge
|-resisted|p1a: Ceruledge
|-damage|p1a: Ceruledge|0 fnt
|faint|p1a: Ceruledge
|
|t:|1779946213
|switch|p2a: Bubbles|Vaporeon, F|31/100|[from] U-turn
|
|upkeep
|
|t:|1779946215
|switch|p1a: Cinderace|Cinderace, F|100/100
|turn|19
|
|t:|1779946218
|move|p1a: Cinderace|Pyro Ball|p2a: Bubbles
|-resisted|p2a: Bubbles
|-damage|p2a: Bubbles|2/100
|move|p2a: Bubbles|Scald|p1a: Cinderace
|-supereffective|p1a: Cinderace
|-damage|p1a: Cinderace|15/100
|
|upkeep
|turn|20
|
|t:|1779946224
|move|p1a: Cinderace|Pyro Ball|p2a: Bubbles
|-resisted|p2a: Bubbles
|-damage|p2a: Bubbles|0 fnt
|faint|p2a: Bubbles
|
|upkeep
|
|t:|1779946228
|switch|p2a: ShyGuy|Ogerpon-Wellspring, F|43/100
|turn|21
|
|t:|1779946231
|move|p1a: Cinderace|Sucker Punch|p2a: ShyGuy
|-start|p1a: Cinderace|typechange|Dark|[from] ability: Libero
|-damage|p2a: ShyGuy|0 fnt
|faint|p2a: ShyGuy
|
|win|Wada Wau
|raw|Wada Wau's rating: 1306 &rarr; <strong>1327</strong><br />(+21 for winning)
|raw|Scuhbee Fluff's rating: 1317 &rarr; <strong>1296</strong><br />(-21 for losing)
|l|☆Scuhbee Fluff
|player|p2|
|l|☆Wada Wau
|player|p1|
