|j|‽doc1203
|j|‽katholikon
|t:|1779913481
|gametype|singles
|player|p1|doc1203|morty|1522
|player|p2|katholikon|266|1581
|gen|9
|tier|[Gen 9] OU
|rated|
|rule|HP Percentage Mod: HP is shown in percentages
|rule|Endless Battle Clause: Forcing endless battles is banned
|rule|Species Clause: Limit one of each Pokémon
|rule|OHKO Clause: OHKO moves are banned
|rule|Evasion Items Clause: Evasion items are banned
|rule|Evasion Moves Clause: Evasion moves are banned
|rule|Evasion Abilities Clause: Evasion abilities are banned
|rule|Sleep Moves Clause: Sleep-inducing moves are banned
|clearpoke
|poke|p1|Oricorio-Pom-Pom, F|
|poke|p1|Cetitan, M|
|poke|p1|Ninetales-Alola, F|
|poke|p1|Great Tusk|
|poke|p1|Kyurem|
|poke|p1|Iron Moth|
|poke|p2|Iron Boulder|
|poke|p2|Dragapult, F|
|poke|p2|Raging Bolt|
|poke|p2|Great Tusk|
|poke|p2|Ting-Lu|
|poke|p2|Corviknight, M|
|teampreview
|l|‽katholikon
|player|p2|
|inactive|Battle timer is ON: inactive players will automatically lose when time's up. (requested by doc1203)
|
|t:|1779913517
|teamsize|p1|6
|teamsize|p2|6
|start
|switch|p1a: Great Tusk|Great Tusk|100/100
|switch|p2a: Raging Bolt|Raging Bolt|100/100
|-enditem|p1a: Great Tusk|Booster Energy
|-activate|p1a: Great Tusk|ability: Protosynthesis|[fromitem]
|-start|p1a: Great Tusk|protosynthesisspe
|turn|1
|j|‽katholikon
|inactive|katholikon reconnected and has 140 seconds left.
|player|p2|katholikon|266|
|n|‽katholikon|katholikon
|
|t:|1779913530
|-end|p2a: Raging Bolt|Protosynthesis|[silent]
|switch|p2a: Corviknight|Corviknight, M|100/100
|-ability|p2a: Corviknight|Pressure
|move|p1a: Great Tusk|Headlong Rush|p2a: Corviknight
|-immune|p2a: Corviknight
|
|upkeep
|turn|2
|
|t:|1779913539
|move|p1a: Great Tusk|Ice Spinner|p2a: Corviknight
|-damage|p2a: Corviknight|83/100
|-damage|p1a: Great Tusk|84/100|[from] item: Rocky Helmet|[of] p2a: Corviknight
|move|p2a: Corviknight|Brave Bird|p1a: Great Tusk
|-supereffective|p1a: Great Tusk
|-damage|p1a: Great Tusk|41/100
|-damage|p2a: Corviknight|68/100|[from] Recoil
|
|upkeep
|turn|3
|
|t:|1779913545
|-end|p1a: Great Tusk|Protosynthesis|[silent]
|switch|p1a: Ninetales|Ninetales-Alola, F|100/100
|-weather|Snowscape|[from] ability: Snow Warning|[of] p1a: Ninetales
|move|p2a: Corviknight|Roost|p2a: Corviknight
|-heal|p2a: Corviknight|100/100
|-singleturn|p2a: Corviknight|move: Roost
|
|-weather|Snowscape|[upkeep]
|upkeep
|turn|4
|inactive|doc1203 has 120 seconds left.
|
|t:|1779913577
|switch|p1a: Kyurem|Kyurem|100/100
|-ability|p1a: Kyurem|Pressure
|move|p2a: Corviknight|Defog|p1a: Kyurem
|-unboost|p1a: Kyurem|evasion|1
|
|-weather|Snowscape|[upkeep]
|upkeep
|turn|5
|
|t:|1779913587
|move|p1a: Kyurem|Blizzard|p2a: Corviknight
|-damage|p2a: Corviknight|28/100
|move|p2a: Corviknight|U-turn|p1a: Kyurem
|-damage|p1a: Kyurem|91/100
|
|t:|1779913590
|switch|p2a: Dragapult|Dragapult, F|100/100|[from] U-turn
|
|-weather|Snowscape|[upkeep]
|upkeep
|turn|6
|
|t:|1779913608
|switch|p1a: Ninetales|Ninetales-Alola, F|100/100
|move|p2a: Dragapult|Draco Meteor|p1a: Ninetales
|-immune|p1a: Ninetales
|
|-weather|Snowscape|[upkeep]
|upkeep
|turn|7
|
|t:|1779913619
|switch|p2a: Ting-Lu|Ting-Lu|100/100
|-ability|p2a: Ting-Lu|Vessel of Ruin
|move|p1a: Ninetales|Aurora Veil|p1a: Ninetales
|-sidestart|p1: doc1203|move: Aurora Veil
|
|-weather|none
|upkeep
|turn|8
|inactive|doc1203 has 120 seconds left.
|
|t:|1779913637
|switch|p1a: Kyurem|Kyurem|91/100
|-ability|p1a: Kyurem|Pressure
|-terastallize|p2a: Ting-Lu|Poison
|move|p2a: Ting-Lu|Stealth Rock|p1a: Kyurem
|-sidestart|p1: doc1203|move: Stealth Rock
|
|upkeep
|turn|9
|
|t:|1779913643
|move|p1a: Kyurem|Earth Power|p2a: Ting-Lu
|-supereffective|p2a: Ting-Lu
|-crit|p2a: Ting-Lu
|-damage|p2a: Ting-Lu|39/100
|move|p2a: Ting-Lu|Spikes|p1a: Kyurem
|-sidestart|p1: doc1203|Spikes
|
|-heal|p2a: Ting-Lu|45/100|[from] item: Leftovers
|upkeep
|turn|10
|inactive|doc1203 has 120 seconds left.
|
|t:|1779913660
|switch|p1a: Oricorio|Oricorio-Pom-Pom, F, shiny|100/100
|switch|p2a: Corviknight|Corviknight, M|28/100
|-ability|p2a: Corviknight|Pressure
|
|upkeep
|turn|11
|inactive|doc1203 has 120 seconds left.
|
|t:|1779913676
|move|p1a: Oricorio|Revelation Dance|p2a: Corviknight
|-supereffective|p2a: Corviknight
|-damage|p2a: Corviknight|0 fnt
|faint|p2a: Corviknight
|
|upkeep
|
|t:|1779913691
|switch|p2a: Dragapult|Dragapult, F|100/100
|turn|12
|inactive|doc1203 has 120 seconds left.
|
|t:|1779913710
|move|p2a: Dragapult|Draco Meteor|p1a: Oricorio
|-damage|p1a: Oricorio|0 fnt
|-unboost|p2a: Dragapult|spa|2
|faint|p1a: Oricorio
|
|upkeep
|inactive|doc1203 has 90 seconds left.
|
|t:|1779913741
|switch|p1a: Cetitan|Cetitan, M, shiny|100/100
|-damage|p1a: Cetitan|76/100|[from] Stealth Rock
|-damage|p1a: Cetitan|63/100|[from] Spikes
|turn|13
|
|t:|1779913755
|switch|p2a: Ting-Lu|Ting-Lu, tera:Poison|45/100
|-ability|p2a: Ting-Lu|Vessel of Ruin
|move|p1a: Cetitan|Ice Spinner|p2a: Ting-Lu
|-damage|p2a: Ting-Lu|25/100
|
|-heal|p2a: Ting-Lu|31/100|[from] item: Leftovers
|upkeep
|turn|14
|
|t:|1779913761
|move|p1a: Cetitan|Earthquake|p2a: Ting-Lu
|-supereffective|p2a: Ting-Lu
|-damage|p2a: Ting-Lu|0 fnt
|faint|p2a: Ting-Lu
|
|-sideend|p1: doc1203|move: Aurora Veil
|upkeep
|
|t:|1779913763
|switch|p2a: Great Tusk|Great Tusk|100/100
|turn|15
|inactive|doc1203 has 90 seconds left.
|
|t:|1779913805
|move|p2a: Great Tusk|Close Combat|p1a: Cetitan
|-supereffective|p1a: Cetitan
|-damage|p1a: Cetitan|0 fnt
|-unboost|p2a: Great Tusk|def|1
|-unboost|p2a: Great Tusk|spd|1
|faint|p1a: Cetitan
|
|upkeep
|inactive|doc1203 has 60 seconds left.
|
|t:|1779913829
|switch|p1a: Iron Moth|Iron Moth|100/100
|-damage|p1a: Iron Moth|76/100|[from] Stealth Rock
|-damage|p1a: Iron Moth|63/100|[from] Spikes
|-enditem|p1a: Iron Moth|Booster Energy
|-activate|p1a: Iron Moth|ability: Quark Drive|[fromitem]
|-start|p1a: Iron Moth|quarkdrivespe
|turn|16
|
|t:|1779913835
|-end|p2a: Great Tusk|Protosynthesis|[silent]
|switch|p2a: Dragapult|Dragapult, F|100/100
|move|p1a: Iron Moth|Substitute|p1a: Iron Moth
|-start|p1a: Iron Moth|Substitute
|-damage|p1a: Iron Moth|38/100
|
|upkeep
|turn|17
|
|t:|1779913842
|-terastallize|p1a: Iron Moth|Fairy
|move|p1a: Iron Moth|Dazzling Gleam|p2a: Dragapult
|-supereffective|p2a: Dragapult
|-damage|p2a: Dragapult|0 fnt
|faint|p2a: Dragapult
|
|upkeep
|
|t:|1779913847
|switch|p2a: Iron Boulder|Iron Boulder|100/100
|-enditem|p2a: Iron Boulder|Booster Energy
|-activate|p2a: Iron Boulder|ability: Quark Drive|[fromitem]
|-start|p2a: Iron Boulder|quarkdrivespe
|turn|18
|
|t:|1779913851
|move|p2a: Iron Boulder|Earthquake|p1a: Iron Moth
|-end|p1a: Iron Moth|Substitute
|move|p1a: Iron Moth|Dazzling Gleam|p2a: Iron Boulder
|-crit|p2a: Iron Boulder
|-damage|p2a: Iron Boulder|39/100
|
|upkeep
|turn|19
|inactive|doc1203 has 90 seconds left.
|
|t:|1779913885
|move|p2a: Iron Boulder|Earthquake|p1a: Iron Moth
|-damage|p1a: Iron Moth|0 fnt
|faint|p1a: Iron Moth
|-end|p1a: Iron Moth|Quark Drive|[silent]
|
|upkeep
|inactive|doc1203 has 60 seconds left.
|
|t:|1779913896
|switch|p1a: Ninetales|Ninetales-Alola, F|100/100
|-damage|p1a: Ninetales|76/100|[from] Stealth Rock
|-damage|p1a: Ninetales|63/100|[from] Spikes
|-weather|Snowscape|[from] ability: Snow Warning|[of] p1a: Ninetales
|turn|20
|inactive|doc1203 has 60 seconds left.
|
|t:|1779913906
|move|p2a: Iron Boulder|Mighty Cleave|p1a: Ninetales
|-supereffective|p1a: Ninetales
|-damage|p1a: Ninetales|0 fnt
|faint|p1a: Ninetales
|
|-weather|Snowscape|[upkeep]
|upkeep
|
|t:|1779913910
|switch|p1a: Kyurem|Kyurem|91/100
|-damage|p1a: Kyurem|66/100|[from] Stealth Rock
|-damage|p1a: Kyurem|54/100|[from] Spikes
|-ability|p1a: Kyurem|Pressure
|turn|21
|
|t:|1779913915
|move|p2a: Iron Boulder|Mighty Cleave|p1a: Kyurem
|-supereffective|p1a: Kyurem
|-damage|p1a: Kyurem|0 fnt
|faint|p1a: Kyurem
|
|-weather|Snowscape|[upkeep]
|upkeep
|-message|doc1203 forfeited.
|
|win|katholikon
|raw|doc1203's rating: 1522 &rarr; <strong>1505</strong><br />(-17 for losing)
|raw|katholikon's rating: 1581 &rarr; <strong>1598</strong><br />(+17 for winning)
|l|‽doc1203
|player|p1|
|l|‽katholikon
|player|p2|
