|j|☆juiicytester
|j|‽CHixxxxx122
|t:|1779903106
|gametype|singles
|player|p1|juiicytester|clerk|1184
|player|p2|CHixxxxx122|102|1147
|gen|9
|tier|[Gen 9] OU
|rated|
|rule|HP Percentage Mod: HP is shown in percentages
|rule|Endless Battle Clause: Forcing endless battles is banned
|rule|Species Clause: Limit one of each Pokémon
|rule|OHKO Clause: OHKO moves are banned
|rule|Evasion Items Clause: Evasion items are banned
|rule|Evasion Moves Clause: Evasion moves are banned
|rule|Evasion Abilities Clause: Evasion abilities are banned
|rule|Sleep Moves Clause: Sleep-inducing moves are banned
|clearpoke
|poke|p1|Iron Boulder|
|poke|p1|Cinderace, F|
|poke|p1|Landorus-Therian, M|
|poke|p1|Slowking-Galar, F|
|poke|p1|Kingambit, M|
|poke|p1|Clefable, M|
|poke|p2|Skuntank, F|
|poke|p2|Porygon2|
|poke|p2|Mamoswine, M|
|poke|p2|Staraptor, M|
|poke|p2|Lilligant-Hisui, F|
|poke|p2|Milotic, F|
|teampreview
|inactive|Battle timer is ON: inactive players will automatically lose when time's up. (requested by juiicytester)
|
|t:|1779903113
|teamsize|p1|6
|teamsize|p2|6
|start
|switch|p1a: Landorus|Landorus-Therian, M|100/100
|switch|p2a: Mamoswine|Mamoswine, M|100/100
|-ability|p1a: Landorus|Intimidate|boost
|-unboost|p2a: Mamoswine|atk|1
|turn|1
|
|t:|1779903123
|move|p1a: Landorus|U-turn|p2a: Mamoswine
|-damage|p2a: Mamoswine|74/100
|-damage|p1a: Landorus|84/100|[from] item: Rocky Helmet|[of] p2a: Mamoswine
|
|t:|1779903128
|switch|p1a: Cinderace|Cinderace, F|100/100|[from] U-turn
|move|p2a: Mamoswine|Icicle Spear|p1a: Cinderace
|-resisted|p1a: Cinderace
|-damage|p1a: Cinderace|95/100
|-resisted|p1a: Cinderace
|-crit|p1a: Cinderace
|-damage|p1a: Cinderace|83/100
|-resisted|p1a: Cinderace
|-damage|p1a: Cinderace|78/100
|-hitcount|p1a: Cinderace|3
|
|upkeep
|turn|2
|
|t:|1779903137
|switch|p2a: Milotic|Milotic, F|100/100
|move|p1a: Cinderace|U-turn|p2a: Milotic
|-damage|p2a: Milotic|83/100
|
|t:|1779903146
|switch|p1a: Clefable|Clefable, M|100/100|[from] U-turn
|
|-heal|p2a: Milotic|89/100|[from] item: Leftovers
|upkeep
|turn|3
|
|t:|1779903158
|-terastallize|p2a: Milotic|Steel
|move|p2a: Milotic|Scald|p1a: Clefable
|-damage|p1a: Clefable|72/100
|-status|p1a: Clefable|brn
|move|p1a: Clefable|Knock Off|p2a: Milotic
|-damage|p2a: Milotic|84/100
|-enditem|p2a: Milotic|Leftovers|[from] move: Knock Off|[of] p1a: Clefable
|
|-heal|p1a: Clefable|78/100 brn|[from] item: Leftovers
|upkeep
|turn|4
|
|t:|1779903167
|move|p2a: Milotic|Scald|p1a: Clefable
|-damage|p1a: Clefable|45/100 brn
|move|p1a: Clefable|Calm Mind|p1a: Clefable
|-boost|p1a: Clefable|spa|1
|-boost|p1a: Clefable|spd|1
|
|-heal|p1a: Clefable|52/100 brn|[from] item: Leftovers
|upkeep
|turn|5
|
|t:|1779903173
|move|p2a: Milotic|Haze|p2a: Milotic
|-clearallboost
|move|p1a: Clefable|Moonlight|p1a: Clefable
|-heal|p1a: Clefable|100/100 brn
|
|upkeep
|turn|6
|
|t:|1779903177
|switch|p1a: Slowking|Slowking-Galar, F|100/100
|move|p2a: Milotic|Scald|p1a: Slowking
|-damage|p1a: Slowking|81/100
|-status|p1a: Slowking|brn
|
|-damage|p1a: Slowking|75/100 brn|[from] brn
|upkeep
|turn|7
|
|t:|1779903182
|move|p2a: Milotic|Scald|p1a: Slowking
|-damage|p1a: Slowking|56/100 brn
|-prepare|p1a: Slowking|Chilly Reception|[premajor]
|move|p1a: Slowking|Chilly Reception|p1a: Slowking
|-weather|Snowscape
|
|t:|1779903185
|switch|p1a: Cinderace|Cinderace, F|78/100|[from] Chilly Reception
|
|-weather|Snowscape|[upkeep]
|upkeep
|turn|8
|
|t:|1779903190
|switch|p2a: Porygon2|Porygon2|100/100
|-ability|p2a: Porygon2|Blaze|Trace|[from] ability: Trace|[of] p1a: Cinderace
|move|p1a: Cinderace|Pyro Ball|p2a: Porygon2
|-damage|p2a: Porygon2|74/100
|
|-weather|Snowscape|[upkeep]
|upkeep
|turn|9
|
|t:|1779903194
|move|p1a: Cinderace|U-turn|p2a: Porygon2
|-damage|p2a: Porygon2|62/100
|
|t:|1779903197
|switch|p1a: Kingambit|Kingambit, M|100/100|[from] U-turn
|move|p2a: Porygon2|Charge Beam|p1a: Kingambit
|-damage|p1a: Kingambit|85/100
|
|-weather|Snowscape|[upkeep]
|-heal|p1a: Kingambit|91/100|[from] item: Leftovers
|upkeep
|turn|10
|
|t:|1779903203
|move|p1a: Kingambit|Kowtow Cleave|p2a: Porygon2
|-damage|p2a: Porygon2|34/100
|move|p2a: Porygon2|Tri Attack|p1a: Kingambit
|-resisted|p1a: Kingambit
|-damage|p1a: Kingambit|74/100
|
|-weather|Snowscape|[upkeep]
|-heal|p1a: Kingambit|80/100|[from] item: Leftovers
|upkeep
|turn|11
|
|t:|1779903212
|move|p1a: Kingambit|Kowtow Cleave|p2a: Porygon2
|-damage|p2a: Porygon2|8/100
|move|p2a: Porygon2|Charge Beam|p1a: Kingambit
|-damage|p1a: Kingambit|64/100
|-boost|p2a: Porygon2|spa|1
|
|-weather|none
|-heal|p1a: Kingambit|71/100|[from] item: Leftovers
|upkeep
|turn|12
|
|t:|1779903218
|move|p1a: Kingambit|Kowtow Cleave|p2a: Porygon2
|-damage|p2a: Porygon2|0 fnt
|faint|p2a: Porygon2
|
|-heal|p1a: Kingambit|77/100|[from] item: Leftovers
|upkeep
|
|t:|1779903226
|switch|p2a: Lilligant|Lilligant-Hisui, F|100/100
|turn|13
|
|t:|1779903246
|-end|p1a: Kingambit|fallenundefined|[silent]
|switch|p1a: Landorus|Landorus-Therian, M|84/100
|-ability|p1a: Landorus|Intimidate|boost
|-unboost|p2a: Lilligant|atk|1
|move|p2a: Lilligant|Close Combat|p1a: Landorus
|-resisted|p1a: Landorus
|-damage|p1a: Landorus|62/100
|-unboost|p2a: Lilligant|def|1
|-unboost|p2a: Lilligant|spd|1
|-damage|p2a: Lilligant|84/100|[from] item: Rocky Helmet|[of] p1a: Landorus
|
|upkeep
|turn|14
|
|t:|1779903252
|switch|p2a: Milotic|Milotic, F, tera:Steel|84/100
|switch|p1a: Clefable|Clefable, M|100/100 brn
|
|upkeep
|turn|15
|
|t:|1779903257
|switch|p1a: Slowking|Slowking-Galar, F|89/100 brn
|move|p2a: Milotic|Ice Beam|p1a: Slowking
|-damage|p1a: Slowking|76/100 brn
|
|-damage|p1a: Slowking|70/100 brn|[from] brn
|upkeep
|turn|16
|
|t:|1779903260
|move|p2a: Milotic|Scald|p1a: Slowking
|-damage|p1a: Slowking|50/100 brn
|-prepare|p1a: Slowking|Chilly Reception|[premajor]
|move|p1a: Slowking|Chilly Reception|p1a: Slowking
|-weather|Snowscape
|
|t:|1779903264
|switch|p1a: Cinderace|Cinderace, F|78/100|[from] Chilly Reception
|
|-weather|Snowscape|[upkeep]
|upkeep
|turn|17
|
|t:|1779903267
|move|p1a: Cinderace|Pyro Ball|p2a: Milotic
|-supereffective|p2a: Milotic
|-damage|p2a: Milotic|0 fnt
|faint|p2a: Milotic
|
|-weather|Snowscape|[upkeep]
|upkeep
|
|t:|1779903270
|switch|p2a: Mamoswine|Mamoswine, M|74/100
|turn|18
|
|t:|1779903274
|move|p1a: Cinderace|U-turn|p2a: Mamoswine
|-damage|p2a: Mamoswine|61/100
|-damage|p1a: Cinderace|61/100|[from] item: Rocky Helmet|[of] p2a: Mamoswine
|
|t:|1779903281
|switch|p1a: Landorus|Landorus-Therian, M|62/100|[from] U-turn
|-ability|p1a: Landorus|Intimidate|boost
|-unboost|p2a: Mamoswine|atk|1
|move|p2a: Mamoswine|Earthquake|p1a: Landorus
|-immune|p1a: Landorus
|
|-weather|Snowscape|[upkeep]
|upkeep
|turn|19
|
|t:|1779903286
|move|p1a: Landorus|Earthquake|p2a: Mamoswine
|-damage|p2a: Mamoswine|22/100
|move|p2a: Mamoswine|Icicle Spear|p1a: Landorus
|-supereffective|p1a: Landorus
|-damage|p1a: Landorus|19/100
|-supereffective|p1a: Landorus
|-damage|p1a: Landorus|0 fnt
|faint|p1a: Landorus
|-hitcount|p1: Landorus|2
|
|-weather|Snowscape|[upkeep]
|upkeep
|
|t:|1779903293
|switch|p1a: Cinderace|Cinderace, F|61/100
|turn|20
|
|t:|1779903295
|move|p1a: Cinderace|Pyro Ball|p2a: Mamoswine
|-supereffective|p2a: Mamoswine
|-damage|p2a: Mamoswine|0 fnt
|faint|p2a: Mamoswine
|
|-weather|none
|upkeep
|
|t:|1779903299
|switch|p2a: Staraptor|Staraptor, M|100/100
|turn|21
|
|t:|1779903301
|move|p1a: Cinderace|Pyro Ball|p2a: Staraptor
|-damage|p2a: Staraptor|32/100
|move|p2a: Staraptor|Brave Bird|p1a: Cinderace
|-damage|p1a: Cinderace|0 fnt
|faint|p1a: Cinderace
|-damage|p2a: Staraptor|9/100|[from] Recoil
|
|upkeep
|
|t:|1779903307
|switch|p1a: Iron Boulder|Iron Boulder|100/100
|-enditem|p1a: Iron Boulder|Booster Energy
|-activate|p1a: Iron Boulder|ability: Quark Drive|[fromitem]
|-start|p1a: Iron Boulder|quarkdrivespe
|turn|22
|
|t:|1779903311
|move|p1a: Iron Boulder|Swords Dance|p1a: Iron Boulder
|-boost|p1a: Iron Boulder|atk|2
|move|p2a: Staraptor|Close Combat|p1a: Iron Boulder
|-damage|p1a: Iron Boulder|56/100
|-unboost|p2a: Staraptor|def|1
|-unboost|p2a: Staraptor|spd|1
|
|upkeep
|turn|23
|
|t:|1779903317
|move|p1a: Iron Boulder|Mighty Cleave|p2a: Staraptor
|-supereffective|p2a: Staraptor
|-damage|p2a: Staraptor|0 fnt
|faint|p2a: Staraptor
|
|upkeep
|
|t:|1779903320
|switch|p2a: Skuntank|Skuntank, F|100/100
|turn|24
|
|t:|1779903325
|-terastallize|p1a: Iron Boulder|Ground
|move|p2a: Skuntank|Sucker Punch|p1a: Iron Boulder
|-damage|p1a: Iron Boulder|6/100
|-damage|p2a: Skuntank|91/100|[from] item: Life Orb
|move|p1a: Iron Boulder|Earthquake|p2a: Skuntank
|-supereffective|p2a: Skuntank
|-damage|p2a: Skuntank|0 fnt
|faint|p2a: Skuntank
|
|upkeep
|
|t:|1779903328
|switch|p2a: Lilligant|Lilligant-Hisui, F|84/100
|turn|25
|
|t:|1779903331
|move|p1a: Iron Boulder|Close Combat|p2a: Lilligant
|-damage|p2a: Lilligant|0 fnt
|-unboost|p1a: Iron Boulder|def|1
|-unboost|p1a: Iron Boulder|spd|1
|faint|p2a: Lilligant
|
|win|juiicytester
|raw|juiicytester's rating: 1184 &rarr; <strong>1206</strong><br />(+22 for winning)
|raw|CHixxxxx122's rating: 1147 &rarr; <strong>1125</strong><br />(-22 for losing)
|l|‽CHixxxxx122
|player|p2|
|l|☆juiicytester
|player|p1|
