|j|☆LeoN22poke
|j|☆ju2508
|t:|1779918594
|gametype|singles
|player|p1|LeoN22poke|steven|1112
|player|p2|ju2508|266|1137
|gen|9
|tier|[Gen 9] OU
|rated|
|rule|HP Percentage Mod: HP is shown in percentages
|rule|Endless Battle Clause: Forcing endless battles is banned
|rule|Species Clause: Limit one of each Pokémon
|rule|OHKO Clause: OHKO moves are banned
|rule|Evasion Items Clause: Evasion items are banned
|rule|Evasion Moves Clause: Evasion moves are banned
|rule|Evasion Abilities Clause: Evasion abilities are banned
|rule|Sleep Moves Clause: Sleep-inducing moves are banned
|clearpoke
|poke|p1|Kingambit, M|
|poke|p1|Zamazenta-*|
|poke|p1|Delphox, M|
|poke|p1|Rillaboom, M|
|poke|p1|Palossand, F|
|poke|p1|Cyclizar, F|
|poke|p2|Mamoswine, F|
|poke|p2|Ludicolo, M|
|poke|p2|Rotom-Heat|
|poke|p2|Flamigo, M|
|poke|p2|Morpeko, M|
|poke|p2|Chandelure, M|
|teampreview
|inactive|Battle timer is ON: inactive players will automatically lose when time's up. (requested by ju2508)
|
|t:|1779918611
|teamsize|p1|6
|teamsize|p2|6
|start
|switch|p1a: Palossand|Palossand, F, shiny|100/100
|switch|p2a: Morpeko|Morpeko, M|100/100
|turn|1
|
|t:|1779918624
|move|p2a: Morpeko|Knock Off|p1a: Palossand
|-supereffective|p1a: Palossand
|-damage|p1a: Palossand|51/100
|-enditem|p1a: Palossand|Leftovers|[from] move: Knock Off|[of] p2a: Morpeko
|move|p1a: Palossand|Stealth Rock|p2a: Morpeko
|-sidestart|p2: ju2508|move: Stealth Rock
|
|-formechange|p2a: Morpeko|Morpeko-Hangry||[from] ability: Hunger Switch
|upkeep
|turn|2
|
|t:|1779918635
|switch|p1a: Zamazenta|Zamazenta|100/100
|-ability|p1a: Zamazenta|Dauntless Shield|boost
|-boost|p1a: Zamazenta|def|1
|move|p2a: Morpeko|Knock Off|p1a: Zamazenta
|-resisted|p1a: Zamazenta
|-damage|p1a: Zamazenta|90/100
|-enditem|p1a: Zamazenta|Sitrus Berry|[from] move: Knock Off|[of] p2a: Morpeko
|
|-formechange|p2a: Morpeko|Morpeko||[from] ability: Hunger Switch
|upkeep
|turn|3
|
|t:|1779918659
|move|p1a: Zamazenta|Iron Defense|p1a: Zamazenta
|-boost|p1a: Zamazenta|def|2
|move|p2a: Morpeko|Rapid Spin|p1a: Zamazenta
|-damage|p1a: Zamazenta|86/100
|-boost|p2a: Morpeko|spe|1
|-sideend|p2: ju2508|Stealth Rock|[from] move: Rapid Spin|[of] p2a: Morpeko
|
|-formechange|p2a: Morpeko|Morpeko-Hangry||[from] ability: Hunger Switch
|upkeep
|turn|4
|
|t:|1779918670
|move|p2a: Morpeko|Volt Switch|p1a: Zamazenta
|-damage|p1a: Zamazenta|72/100
|
|t:|1779918677
|switch|p2a: Rotom|Rotom-Heat|100/100|[from] Volt Switch
|move|p1a: Zamazenta|Body Press|p2a: Rotom
|-damage|p2a: Rotom|45/100
|
|-heal|p2a: Rotom|51/100|[from] item: Leftovers
|upkeep
|turn|5
|
|t:|1779918687
|move|p1a: Zamazenta|Body Press|p2a: Rotom
|-damage|p2a: Rotom|0 fnt
|faint|p2a: Rotom
|
|upkeep
|
|t:|1779918692
|switch|p2a: Chandelure|Chandelure, M|100/100
|turn|6
|
|t:|1779918705
|move|p1a: Zamazenta|Crunch|p2a: Chandelure
|-supereffective|p2a: Chandelure
|-damage|p2a: Chandelure|29/100
|move|p2a: Chandelure|Psychic|p1a: Zamazenta
|-supereffective|p1a: Zamazenta
|-damage|p1a: Zamazenta|0 fnt
|faint|p1a: Zamazenta
|
|upkeep
|inactive|LeoN22poke has 120 seconds left.
|
|t:|1779918732
|switch|p1a: Delphox|Delphox, M, shiny|100/100
|-item|p1a: Delphox|Air Balloon
|turn|7
|
|t:|1779918738
|switch|p2a: Ludicolo|Ludicolo, M|100/100
|move|p1a: Delphox|Shadow Ball|p2a: Ludicolo
|-damage|p2a: Ludicolo|83/100
|
|-heal|p2a: Ludicolo|89/100|[from] item: Leftovers
|upkeep
|turn|8
|
|t:|1779918748
|switch|p1a: Rillaboom|Rillaboom, M|100/100
|-fieldstart|move: Grassy Terrain|[from] ability: Grassy Surge|[of] p1a: Rillaboom
|move|p2a: Ludicolo|Leech Seed|p1a: Rillaboom
|-immune|p1a: Rillaboom
|
|-heal|p2a: Ludicolo|95/100|[from] Grassy Terrain
|-heal|p2a: Ludicolo|100/100|[from] item: Leftovers
|upkeep
|turn|9
|
|t:|1779918762
|move|p1a: Rillaboom|Wood Hammer|p2a: Ludicolo
|-damage|p2a: Ludicolo|0 fnt
|faint|p2a: Ludicolo
|-damage|p1a: Rillaboom|65/100|[from] Recoil
|
|-heal|p1a: Rillaboom|72/100|[from] Grassy Terrain
|upkeep
|
|t:|1779918772
|switch|p2a: Mamoswine|Mamoswine, F|100/100
|turn|10
|
|t:|1779918778
|move|p2a: Mamoswine|Ice Shard|p1a: Rillaboom
|-supereffective|p1a: Rillaboom
|-damage|p1a: Rillaboom|3/100
|move|p1a: Rillaboom|Wood Hammer|p2a: Mamoswine
|-supereffective|p2a: Mamoswine
|-damage|p2a: Mamoswine|0 fnt
|faint|p2a: Mamoswine
|-damage|p1a: Rillaboom|0 fnt|[from] Recoil
|faint|p1a: Rillaboom
|
|upkeep
|
|t:|1779918803
|switch|p1a: Delphox|Delphox, M, shiny|100/100
|switch|p2a: Morpeko|Morpeko, M|100/100
|-item|p1a: Delphox|Air Balloon
|turn|11
|
|t:|1779918817
|switch|p1a: Palossand|Palossand, F, shiny|51/100
|move|p2a: Morpeko|Knock Off|p1a: Palossand
|-supereffective|p1a: Palossand
|-damage|p1a: Palossand|19/100
|
|-heal|p1a: Palossand|25/100|[from] Grassy Terrain
|-formechange|p2a: Morpeko|Morpeko-Hangry||[from] ability: Hunger Switch
|upkeep
|turn|12
|inactive|LeoN22poke has 120 seconds left.
|
|t:|1779918841
|-terastallize|p1a: Palossand|Fire
|move|p2a: Morpeko|Knock Off|p1a: Palossand
|-damage|p1a: Palossand|10/100
|move|p1a: Palossand|Pain Split|p2a: Morpeko
|-sethp|p2a: Morpeko|56/100|[from] move: Pain Split|[silent]
|-sethp|p1a: Palossand|48/100|[from] move: Pain Split
|
|-heal|p2a: Morpeko|62/100|[from] Grassy Terrain
|-heal|p1a: Palossand|54/100|[from] Grassy Terrain
|-fieldend|move: Grassy Terrain
|-formechange|p2a: Morpeko|Morpeko||[from] ability: Hunger Switch
|upkeep
|turn|13
|inactive|LeoN22poke has 120 seconds left.
|
|t:|1779918858
|move|p2a: Morpeko|Volt Switch|p1a: Palossand
|-damage|p1a: Palossand|40/100
|
|t:|1779918861
|switch|p2a: Chandelure|Chandelure, M|29/100|[from] Volt Switch
|move|p1a: Palossand|Scorching Sands|p2a: Chandelure
|-supereffective|p2a: Chandelure
|-damage|p2a: Chandelure|0 fnt
|faint|p2a: Chandelure
|
|upkeep
|-message|ju2508 forfeited.
|
|win|LeoN22poke
|raw|LeoN22poke's rating: 1112 &rarr; <strong>1139</strong><br />(+27 for winning)
|raw|ju2508's rating: 1137 &rarr; <strong>1110</strong><br />(-27 for losing)
|l|☆ju2508
|player|p2|
|l|☆LeoN22poke
|player|p1|
