|j|☆Maxxxxilla
|j|☆Dakota1683
|t:|1779888342
|gametype|singles
|player|p1|Maxxxxilla|alder|1310
|player|p2|Dakota1683|101|1297
|gen|9
|tier|[Gen 9] OU
|rated|
|rule|HP Percentage Mod: HP is shown in percentages
|rule|Endless Battle Clause: Forcing endless battles is banned
|rule|Species Clause: Limit one of each Pokémon
|rule|OHKO Clause: OHKO moves are banned
|rule|Evasion Items Clause: Evasion items are banned
|rule|Evasion Moves Clause: Evasion moves are banned
|rule|Evasion Abilities Clause: Evasion abilities are banned
|rule|Sleep Moves Clause: Sleep-inducing moves are banned
|clearpoke
|poke|p1|Pelipper, M|
|poke|p1|Barraskewda, F|
|poke|p1|Raging Bolt|
|poke|p1|Dragonite, F|
|poke|p1|Kingdra, F|
|poke|p1|Iron Treads|
|poke|p2|Crawdaunt, F|
|poke|p2|Metagross|
|poke|p2|Banette, F|
|poke|p2|Latias, F|
|poke|p2|Torkoal, M|
|poke|p2|Gardevoir, F|
|teampreview
|l|☆Dakota1683
|player|p2|
|j|☆Dakota1683
|player|p2|Dakota1683|101|
|inactive|Battle timer is ON: inactive players will automatically lose when time's up. (requested by Maxxxxilla)
|
|t:|1779888372
|teamsize|p1|6
|teamsize|p2|6
|start
|switch|p1a: Barraskewda|Barraskewda, F|100/100
|switch|p2a: Crawdaunt|Crawdaunt, F|100/100
|turn|1
|
|t:|1779888375
|move|p1a: Barraskewda|Flip Turn|p2a: Crawdaunt
|-resisted|p2a: Crawdaunt
|-damage|p2a: Crawdaunt|70/100
|
|t:|1779888378
|switch|p1a: Pelipper|Pelipper, M|100/100|[from] Flip Turn
|-weather|RainDance|[from] ability: Drizzle|[of] p1a: Pelipper
|move|p2a: Crawdaunt|Knock Off|p1a: Pelipper
|-damage|p1a: Pelipper|21/100
|-enditem|p1a: Pelipper|Damp Rock|[from] move: Knock Off|[of] p2a: Crawdaunt
|
|-weather|RainDance|[upkeep]
|upkeep
|turn|2
|
|t:|1779888385
|move|p2a: Crawdaunt|Aqua Jet|p1a: Pelipper
|-resisted|p1a: Pelipper
|-damage|p1a: Pelipper|0 fnt
|faint|p1a: Pelipper
|
|-weather|RainDance|[upkeep]
|upkeep
|
|t:|1779888390
|switch|p1a: Barraskewda|Barraskewda, F|100/100
|turn|3
|
|t:|1779888396
|switch|p2a: Banette|Banette, F|100/100
|move|p1a: Barraskewda|Close Combat|p2a: Banette
|-immune|p2a: Banette
|
|-weather|RainDance|[upkeep]
|upkeep
|turn|4
|
|t:|1779888410
|switch|p1a: Kingdra|Kingdra, F|100/100
|move|p2a: Banette|Poltergeist|p1a: Kingdra
|-activate|p1a: Kingdra|move: Poltergeist|Choice Specs
|-damage|p1a: Kingdra|35/100
|
|-weather|RainDance|[upkeep]
|upkeep
|turn|5
|
|t:|1779888425
|move|p1a: Kingdra|Draco Meteor|p2a: Banette
|-enditem|p2a: Banette|Focus Sash
|-damage|p2a: Banette|1/100
|-unboost|p1a: Kingdra|spa|2
|move|p2a: Banette|Poltergeist|p1a: Kingdra
|-activate|p1a: Kingdra|move: Poltergeist|Choice Specs
|-damage|p1a: Kingdra|0 fnt
|faint|p1a: Kingdra
|
|-weather|RainDance|[upkeep]
|upkeep
|
|t:|1779888433
|switch|p1a: Raging Bolt|Raging Bolt|100/100
|-enditem|p1a: Raging Bolt|Booster Energy
|-activate|p1a: Raging Bolt|ability: Protosynthesis|[fromitem]
|-start|p1a: Raging Bolt|protosynthesisspa
|turn|6
|
|t:|1779888442
|move|p1a: Raging Bolt|Thunderclap||[still]
|-fail|p1a: Raging Bolt
|move|p2a: Banette|Destiny Bond|p2a: Banette
|-singlemove|p2a: Banette|Destiny Bond
|
|-weather|RainDance|[upkeep]
|upkeep
|turn|7
|
|t:|1779888451
|-end|p1a: Raging Bolt|Protosynthesis|[silent]
|switch|p1a: Barraskewda|Barraskewda, F|100/100
|move|p2a: Banette|Poltergeist|p1a: Barraskewda
|-activate|p1a: Barraskewda|move: Poltergeist|Choice Band
|-damage|p1a: Barraskewda|0 fnt
|faint|p1a: Barraskewda
|
|-weather|RainDance|[upkeep]
|upkeep
|
|t:|1779888454
|switch|p1a: Raging Bolt|Raging Bolt|100/100
|turn|8
|
|t:|1779888463
|-end|p1a: Raging Bolt|Protosynthesis|[silent]
|switch|p1a: Dragonite|Dragonite, F|100/100
|move|p2a: Banette|Shadow Sneak|p1a: Dragonite
|-damage|p1a: Dragonite|89/100
|
|-weather|none
|upkeep
|turn|9
|
|t:|1779888471
|move|p1a: Dragonite|Ice Spinner|p2a: Banette
|-damage|p2a: Banette|0 fnt
|faint|p2a: Banette
|
|upkeep
|
|t:|1779888491
|switch|p2a: Latias|Latias, F|100/100
|turn|10
|
|t:|1779888500
|move|p2a: Latias|Ice Beam|p1a: Dragonite
|-supereffective|p1a: Dragonite
|-damage|p1a: Dragonite|0 fnt
|faint|p1a: Dragonite
|
|upkeep
|
|t:|1779888503
|switch|p1a: Raging Bolt|Raging Bolt|100/100
|turn|11
|
|t:|1779888513
|-terastallize|p1a: Raging Bolt|Water
|move|p2a: Latias|Draco Meteor|p1a: Raging Bolt
|-crit|p1a: Raging Bolt
|-damage|p1a: Raging Bolt|17/100
|-unboost|p2a: Latias|spa|2
|move|p1a: Raging Bolt|Draco Meteor|p2a: Latias|[miss]
|-miss|p1a: Raging Bolt|p2a: Latias
|
|upkeep
|turn|12
|
|t:|1779888526
|move|p1a: Raging Bolt|Thunderclap|p2a: Latias
|-resisted|p2a: Latias
|-damage|p2a: Latias|81/100
|move|p2a: Latias|Mist Ball|p1a: Raging Bolt
|-damage|p1a: Raging Bolt|0 fnt
|faint|p1a: Raging Bolt
|-end|p1a: Raging Bolt|Protosynthesis|[silent]
|
|upkeep
|
|t:|1779888528
|switch|p1a: Iron Treads|Iron Treads|100/100
|-enditem|p1a: Iron Treads|Booster Energy
|-activate|p1a: Iron Treads|ability: Quark Drive|[fromitem]
|-start|p1a: Iron Treads|quarkdrivespe
|turn|13
|
|t:|1779888534
|switch|p2a: Metagross|Metagross|100/100
|move|p1a: Iron Treads|Knock Off|p2a: Metagross
|-supereffective|p2a: Metagross
|-damage|p2a: Metagross|52/100
|-enditem|p2a: Metagross|Assault Vest|[from] move: Knock Off|[of] p1a: Iron Treads
|
|upkeep
|turn|14
|
|t:|1779888540
|move|p1a: Iron Treads|Earthquake|p2a: Metagross
|-supereffective|p2a: Metagross
|-damage|p2a: Metagross|0 fnt
|faint|p2a: Metagross
|
|upkeep
|
|t:|1779888551
|switch|p2a: Torkoal|Torkoal, M|100/100
|turn|15
|
|t:|1779888557
|-terastallize|p2a: Torkoal|Fighting
|move|p1a: Iron Treads|Earthquake|p2a: Torkoal
|-damage|p2a: Torkoal|74/100
|move|p2a: Torkoal|Body Press|p1a: Iron Treads
|-supereffective|p1a: Iron Treads
|-damage|p1a: Iron Treads|24/100
|
|upkeep
|turn|16
|
|t:|1779888567
|move|p1a: Iron Treads|Earthquake|p2a: Torkoal
|-damage|p2a: Torkoal|47/100
|move|p2a: Torkoal|Lava Plume|p1a: Iron Treads
|-supereffective|p1a: Iron Treads
|-damage|p1a: Iron Treads|0 fnt
|faint|p1a: Iron Treads
|-end|p1a: Iron Treads|Quark Drive|[silent]
|
|win|Dakota1683
|raw|Maxxxxilla's rating: 1310 &rarr; <strong>1289</strong><br />(-21 for losing)
|raw|Dakota1683's rating: 1297 &rarr; <strong>1323</strong><br />(+26 for winning)
|l|☆Maxxxxilla
|player|p1|
|l|☆Dakota1683
|player|p2|
|j|☆Dakota1683
|player|p2|Dakota1683|101|
|l|☆Dakota1683
|player|p2|
