|j|☆UltraAero
|j|☆bvcnmkor85471
|t:|1779817740
|gametype|singles
|player|p1|UltraAero|dawn-gen4pt|1230
|player|p2|bvcnmkor85471|policeman-gen4|1201
|gen|9
|tier|[Gen 9] OU
|rated|
|rule|HP Percentage Mod: HP is shown in percentages
|rule|Endless Battle Clause: Forcing endless battles is banned
|rule|Species Clause: Limit one of each Pokémon
|rule|OHKO Clause: OHKO moves are banned
|rule|Evasion Items Clause: Evasion items are banned
|rule|Evasion Moves Clause: Evasion moves are banned
|rule|Evasion Abilities Clause: Evasion abilities are banned
|rule|Sleep Moves Clause: Sleep-inducing moves are banned
|clearpoke
|poke|p1|Cinderace, M|
|poke|p1|Vaporeon, M|
|poke|p1|Gliscor, F|
|poke|p1|Iron Valiant|
|poke|p1|Corviknight, M|
|poke|p1|Slowking-Galar, M|
|poke|p2|Tyranitar, F|
|poke|p2|Houndstone, M|
|poke|p2|Tsareena, F|
|poke|p2|Sandslash, F|
|poke|p2|Tornadus-Therian, M|
|poke|p2|Rotom-Wash|
|teampreview
|inactive|Battle timer is ON: inactive players will automatically lose when time's up. (requested by UltraAero)
|
|t:|1779817756
|teamsize|p1|6
|teamsize|p2|6
|start
|switch|p1a: Cinderace|Cinderace, M|100/100
|switch|p2a: Tyranitar|Tyranitar, F|100/100
|-weather|Sandstorm|[from] ability: Sand Stream|[of] p2a: Tyranitar
|turn|1
|
|t:|1779817762
|switch|p2a: Houndstone|Houndstone, M, shiny|100/100
|move|p1a: Cinderace|U-turn|p2a: Houndstone
|-start|p1a: Cinderace|typechange|Bug|[from] ability: Libero
|-resisted|p2a: Houndstone
|-crit|p2a: Houndstone
|-damage|p2a: Houndstone|71/100
|
|t:|1779817769
|switch|p1a: Gliscor|Gliscor, F|100/100|[from] U-turn
|
|-weather|Sandstorm|[upkeep]
|-status|p1a: Gliscor|tox|[from] item: Toxic Orb
|upkeep
|turn|2
|
|t:|1779817775
|switch|p2a: Rotom|Rotom-Wash|100/100
|move|p1a: Gliscor|Stealth Rock|p2a: Rotom
|-sidestart|p2: bvcnmkor85471|move: Stealth Rock
|
|-weather|Sandstorm|[upkeep]
|-damage|p2a: Rotom|95/100|[from] Sandstorm
|-heal|p2a: Rotom|100/100|[from] item: Leftovers
|upkeep
|turn|3
|
|t:|1779817783
|move|p1a: Gliscor|Knock Off|p2a: Rotom
|-damage|p2a: Rotom|76/100
|-enditem|p2a: Rotom|Leftovers|[from] move: Knock Off|[of] p1a: Gliscor
|move|p2a: Rotom|Hydro Pump|p1a: Gliscor
|-supereffective|p1a: Gliscor
|-damage|p1a: Gliscor|0 fnt
|faint|p1a: Gliscor
|
|-weather|Sandstorm|[upkeep]
|-damage|p2a: Rotom|70/100|[from] Sandstorm
|upkeep
|
|t:|1779817792
|switch|p1a: Iron Valiant|Iron Valiant|100/100
|-enditem|p1a: Iron Valiant|Booster Energy
|-activate|p1a: Iron Valiant|ability: Quark Drive|[fromitem]
|-start|p1a: Iron Valiant|quarkdrivespe
|turn|4
|
|t:|1779817808
|move|p1a: Iron Valiant|Calm Mind|p1a: Iron Valiant
|-boost|p1a: Iron Valiant|spa|1
|-boost|p1a: Iron Valiant|spd|1
|move|p2a: Rotom|Volt Switch|p1a: Iron Valiant
|-damage|p1a: Iron Valiant|57/100
|
|t:|1779817811
|switch|p2a: Tornadus|Tornadus-Therian, M, shiny|100/100|[from] Volt Switch
|-damage|p2a: Tornadus|76/100|[from] Stealth Rock
|
|-weather|Sandstorm|[upkeep]
|-damage|p1a: Iron Valiant|50/100|[from] Sandstorm
|-damage|p2a: Tornadus|70/100|[from] Sandstorm
|upkeep
|turn|5
|
|t:|1779817819
|-terastallize|p2a: Tornadus|Poison
|move|p1a: Iron Valiant|Moonblast|p2a: Tornadus
|-resisted|p2a: Tornadus
|-damage|p2a: Tornadus|40/100
|-unboost|p2a: Tornadus|spa|1
|move|p2a: Tornadus|Bleakwind Storm|p1a: Iron Valiant|[miss]
|-miss|p2a: Tornadus|p1a: Iron Valiant
|
|-weather|Sandstorm|[upkeep]
|-damage|p1a: Iron Valiant|44/100|[from] Sandstorm
|-damage|p2a: Tornadus|34/100|[from] Sandstorm
|upkeep
|turn|6
|
|t:|1779817840
|move|p1a: Iron Valiant|Moonblast|p2a: Tornadus
|-resisted|p2a: Tornadus
|-damage|p2a: Tornadus|7/100
|-unboost|p2a: Tornadus|spa|1
|move|p2a: Tornadus|Weather Ball|p1a: Iron Valiant
|-resisted|p1a: Iron Valiant
|-damage|p1a: Iron Valiant|35/100
|
|-weather|Sandstorm|[upkeep]
|-damage|p1a: Iron Valiant|29/100|[from] Sandstorm
|-damage|p2a: Tornadus|0 fnt|[from] Sandstorm
|faint|p2a: Tornadus
|upkeep
|
|t:|1779817844
|switch|p2a: Houndstone|Houndstone, M, shiny|71/100
|-damage|p2a: Houndstone|58/100|[from] Stealth Rock
|turn|7
|
|t:|1779817855
|move|p2a: Houndstone|Shadow Sneak|p1a: Iron Valiant
|-damage|p1a: Iron Valiant|0 fnt
|faint|p1a: Iron Valiant
|-end|p1a: Iron Valiant|Quark Drive|[silent]
|
|-weather|Sandstorm|[upkeep]
|upkeep
|
|t:|1779817860
|switch|p1a: Vaporeon|Vaporeon, M|100/100
|turn|8
|
|t:|1779817865
|switch|p2a: Rotom|Rotom-Wash|70/100
|-damage|p2a: Rotom|58/100|[from] Stealth Rock
|move|p1a: Vaporeon|Calm Mind|p1a: Vaporeon
|-boost|p1a: Vaporeon|spa|1
|-boost|p1a: Vaporeon|spd|1
|
|-weather|none
|upkeep
|turn|9
|
|t:|1779817873
|-terastallize|p1a: Vaporeon|Ice
|move|p2a: Rotom|Pain Split|p1a: Vaporeon
|-sethp|p1a: Vaporeon|69/100|[from] move: Pain Split|[silent]
|-sethp|p2a: Rotom|100/100|[from] move: Pain Split
|move|p1a: Vaporeon|Ice Beam|p2a: Rotom
|-resisted|p2a: Rotom
|-damage|p2a: Rotom|65/100
|
|-heal|p1a: Vaporeon|75/100|[from] item: Leftovers
|upkeep
|turn|10
|
|t:|1779817883
|move|p2a: Rotom|Hydro Pump|p1a: Vaporeon
|-heal|p1a: Vaporeon|100/100|[from] ability: Water Absorb|[of] p2a: Rotom
|move|p1a: Vaporeon|Calm Mind|p1a: Vaporeon
|-boost|p1a: Vaporeon|spa|1
|-boost|p1a: Vaporeon|spd|1
|
|upkeep
|turn|11
|
|t:|1779817889
|move|p2a: Rotom|Volt Switch|p1a: Vaporeon
|-damage|p1a: Vaporeon|88/100
|
|t:|1779817891
|switch|p2a: Tyranitar|Tyranitar, F|100/100|[from] Volt Switch
|-damage|p2a: Tyranitar|88/100|[from] Stealth Rock
|-weather|Sandstorm|[from] ability: Sand Stream|[of] p2a: Tyranitar
|move|p1a: Vaporeon|Scald|p2a: Tyranitar
|-supereffective|p2a: Tyranitar
|-damage|p2a: Tyranitar|20/100
|
|-weather|Sandstorm|[upkeep]
|-damage|p1a: Vaporeon|82/100|[from] Sandstorm
|-heal|p1a: Vaporeon|88/100|[from] item: Leftovers
|upkeep
|turn|12
|
|t:|1779817904
|move|p1a: Vaporeon|Ice Beam|p2a: Tyranitar
|-damage|p2a: Tyranitar|0 fnt
|faint|p2a: Tyranitar
|
|-weather|Sandstorm|[upkeep]
|-damage|p1a: Vaporeon|82/100|[from] Sandstorm
|-heal|p1a: Vaporeon|88/100|[from] item: Leftovers
|upkeep
|
|t:|1779817907
|switch|p2a: Houndstone|Houndstone, M, shiny|58/100
|-damage|p2a: Houndstone|46/100|[from] Stealth Rock
|turn|13
|
|t:|1779817914
|move|p2a: Houndstone|Poltergeist|p1a: Vaporeon
|-activate|p1a: Vaporeon|move: Poltergeist|Leftovers
|-damage|p1a: Vaporeon|1/100
|move|p1a: Vaporeon|Scald|p2a: Houndstone
|-damage|p2a: Houndstone|0 fnt
|faint|p2a: Houndstone
|
|-weather|Sandstorm|[upkeep]
|-damage|p1a: Vaporeon|0 fnt|[from] Sandstorm
|faint|p1a: Vaporeon
|upkeep
|
|t:|1779817927
|switch|p2a: Rotom|Rotom-Wash|65/100
|switch|p1a: Cinderace|Cinderace, M|100/100
|-damage|p2a: Rotom|52/100|[from] Stealth Rock
|turn|14
|
|t:|1779817932
|move|p1a: Cinderace|Sucker Punch|p2a: Rotom
|-start|p1a: Cinderace|typechange|Dark|[from] ability: Libero
|-damage|p2a: Rotom|16/100
|move|p2a: Rotom|Volt Switch|p1a: Cinderace
|-damage|p1a: Cinderace|49/100
|
|t:|1779817939
|switch|p2a: Sandslash|Sandslash, F, shiny|100/100|[from] Volt Switch
|-damage|p2a: Sandslash|94/100|[from] Stealth Rock
|
|-weather|Sandstorm|[upkeep]
|-damage|p1a: Cinderace|43/100|[from] Sandstorm
|upkeep
|turn|15
|
|t:|1779817945
|switch|p1a: Corviknight|Corviknight, M|100/100
|-ability|p1a: Corviknight|Pressure
|move|p2a: Sandslash|Swords Dance|p2a: Sandslash
|-boost|p2a: Sandslash|atk|2
|
|-weather|Sandstorm|[upkeep]
|upkeep
|turn|16
|
|t:|1779817952
|move|p2a: Sandslash|Swords Dance|p2a: Sandslash
|-boost|p2a: Sandslash|atk|2
|move|p1a: Corviknight|Reflect|p1a: Corviknight
|-sidestart|p1: UltraAero|Reflect
|
|-weather|Sandstorm|[upkeep]
|upkeep
|turn|17
|
|t:|1779817959
|move|p2a: Sandslash|Swords Dance|p2a: Sandslash
|-boost|p2a: Sandslash|atk|2
|move|p1a: Corviknight|Iron Head|p2a: Sandslash
|-damage|p2a: Sandslash|68/100
|
|-weather|Sandstorm|[upkeep]
|upkeep
|turn|18
|
|t:|1779817965
|move|p2a: Sandslash|Rapid Spin|p1a: Corviknight
|-resisted|p1a: Corviknight
|-damage|p1a: Corviknight|87/100
|-boost|p2a: Sandslash|spe|1
|-damage|p2a: Sandslash|52/100|[from] item: Rocky Helmet|[of] p1a: Corviknight
|-sideend|p2: bvcnmkor85471|Stealth Rock|[from] move: Rapid Spin|[of] p2a: Sandslash
|-damage|p2a: Sandslash|42/100|[from] item: Life Orb
|move|p1a: Corviknight|Iron Head|p2a: Sandslash
|-damage|p2a: Sandslash|16/100
|
|-weather|none
|upkeep
|turn|19
|
|t:|1779817975
|move|p2a: Sandslash|Knock Off|p1a: Corviknight
|-damage|p1a: Corviknight|39/100
|-damage|p2a: Sandslash|0 fnt|[from] item: Rocky Helmet|[of] p1a: Corviknight
|faint|p2a: Sandslash
|move|p1a: Corviknight|Iron Head|p2: Sandslash|[notarget]
|-fail|p1a: Corviknight
|
|upkeep
|
|t:|1779817980
|switch|p2a: Rotom|Rotom-Wash|16/100
|turn|20
|
|t:|1779817983
|switch|p1a: Slowking|Slowking-Galar, M|100/100
|move|p2a: Rotom|Volt Switch|p1a: Slowking
|-damage|p1a: Slowking|81/100
|
|t:|1779817985
|switch|p2a: Tsareena|Tsareena, F|100/100|[from] Volt Switch
|
|-sideend|p1: UltraAero|Reflect
|upkeep
|turn|21
|
|t:|1779817995
|move|p2a: Tsareena|U-turn|p1a: Slowking
|-damage|p1a: Slowking|53/100
|
|t:|1779817997
|switch|p2a: Rotom|Rotom-Wash|16/100|[from] U-turn
|move|p1a: Slowking|Sludge Bomb|p2a: Rotom
|-damage|p2a: Rotom|0 fnt
|faint|p2a: Rotom
|
|upkeep
|
|t:|1779817998
|switch|p2a: Tsareena|Tsareena, F|100/100
|turn|22
|-message|bvcnmkor85471 forfeited.
|
|win|UltraAero
|raw|UltraAero's rating: 1230 &rarr; <strong>1253</strong><br />(+23 for winning)
|raw|bvcnmkor85471's rating: 1201 &rarr; <strong>1178</strong><br />(-23 for losing)
|l|☆bvcnmkor85471
|player|p2|
|l|☆UltraAero
|player|p1|
