|j|☆claudechamp
|j|☆Kira236
|t:|1779821931
|gametype|singles
|player|p1|claudechamp|265|1132
|player|p2|Kira236|1|1113
|gen|9
|tier|[Gen 9] OU
|rated|
|rule|HP Percentage Mod: HP is shown in percentages
|rule|Endless Battle Clause: Forcing endless battles is banned
|rule|Species Clause: Limit one of each Pokémon
|rule|OHKO Clause: OHKO moves are banned
|rule|Evasion Items Clause: Evasion items are banned
|rule|Evasion Moves Clause: Evasion moves are banned
|rule|Evasion Abilities Clause: Evasion abilities are banned
|rule|Sleep Moves Clause: Sleep-inducing moves are banned
|clearpoke
|poke|p1|Gliscor, M|
|poke|p1|Ogerpon, F|
|poke|p1|Walking Wake|
|poke|p1|Blissey, F|
|poke|p1|Corviknight, M|
|poke|p1|Pecharunt|
|poke|p2|Alomomola, F|
|poke|p2|Dragonite, F|
|poke|p2|Ogerpon-Wellspring, F|
|poke|p2|Hatterene, F|
|poke|p2|Blissey, F|
|poke|p2|Cinderace, M|
|teampreview
|c|☆claudechamp|hf
|inactive|Battle timer is ON: inactive players will automatically lose when time's up. (requested by claudechamp)
|
|t:|1779821962
|teamsize|p1|6
|teamsize|p2|6
|start
|switch|p1a: Gliscor|Gliscor, M|100/100
|switch|p2a: Hatterene|Hatterene, F|100/100
|turn|1
|inactive|Kira236 has 120 seconds left.
|
|t:|1779822012
|move|p1a: Gliscor|Earthquake|p2a: Hatterene
|-damage|p2a: Hatterene|66/100
|move|p2a: Hatterene|Psychic Noise|p1a: Gliscor
|-damage|p1a: Gliscor|64/100
|-start|p1a: Gliscor|move: Heal Block
|
|-status|p1a: Gliscor|tox|[from] item: Toxic Orb
|upkeep
|turn|2
|
|t:|1779822019
|move|p1a: Gliscor|Earthquake|p2a: Hatterene
|-damage|p2a: Hatterene|27/100
|move|p2a: Hatterene|Psychic Noise|p1a: Gliscor
|-damage|p1a: Gliscor|24/100 tox
|
|-end|p1a: Gliscor|move: Heal Block
|upkeep
|turn|3
|
|t:|1779822045
|switch|p2a: Dragonite|Dragonite, F|100/100
|move|p1a: Gliscor|Earthquake|p2a: Dragonite
|-immune|p2a: Dragonite
|
|-heal|p1a: Gliscor|36/100 tox|[from] ability: Poison Heal
|upkeep
|turn|4
|
|t:|1779822052
|move|p2a: Dragonite|Ice Spinner|p1a: Gliscor
|-supereffective|p1a: Gliscor
|-damage|p1a: Gliscor|0 fnt
|faint|p1a: Gliscor
|
|upkeep
|
|t:|1779822056
|switch|p1a: Blissey|Blissey, F|100/100
|turn|5
|inactive|Kira236 has 90 seconds left.
|
|t:|1779822087
|move|p2a: Dragonite|Dragon Dance|p2a: Dragonite
|-boost|p2a: Dragonite|atk|1
|-boost|p2a: Dragonite|spe|1
|move|p1a: Blissey|Stealth Rock|p2a: Dragonite
|-sidestart|p2: Kira236|move: Stealth Rock
|
|upkeep
|turn|6
|inactive|Kira236 has 90 seconds left.
|
|t:|1779822115
|switch|p1a: Pecharunt|Pecharunt|100/100
|move|p2a: Dragonite|Dragon Dance|p2a: Dragonite
|-boost|p2a: Dragonite|atk|1
|-boost|p2a: Dragonite|spe|1
|
|upkeep
|turn|7
|
|t:|1779822118
|move|p2a: Dragonite|Earthquake|p1a: Pecharunt
|-supereffective|p1a: Pecharunt
|-damage|p1a: Pecharunt|22/100
|move|p1a: Pecharunt|Foul Play|p2a: Dragonite
|-damage|p2a: Dragonite|62/100
|
|upkeep
|turn|8
|
|t:|1779822125
|switch|p1a: Corviknight|Corviknight, M|100/100
|-ability|p1a: Corviknight|Pressure
|move|p2a: Dragonite|Earthquake|p1a: Corviknight
|-immune|p1a: Corviknight
|
|upkeep
|turn|9
|inactive|Kira236 has 90 seconds left.
|inactive|Kira236 has 60 seconds left.
|
|t:|1779822187
|move|p2a: Dragonite|Ice Spinner|p1a: Corviknight
|-damage|p1a: Corviknight|61/100
|move|p1a: Corviknight|Body Press|p2a: Dragonite
|-resisted|p2a: Dragonite
|-damage|p2a: Dragonite|48/100
|
|upkeep
|turn|10
|
|t:|1779822197
|move|p2a: Dragonite|Ice Spinner|p1a: Corviknight
|-damage|p1a: Corviknight|24/100
|move|p1a: Corviknight|Body Press|p2a: Dragonite
|-resisted|p2a: Dragonite
|-damage|p2a: Dragonite|33/100
|
|upkeep
|turn|11
|
|t:|1779822204
|switch|p1a: Blissey|Blissey, F|100/100
|move|p2a: Dragonite|Ice Spinner|p1a: Blissey
|-damage|p1a: Blissey|40/100
|
|upkeep
|turn|12
|inactive|Kira236 has 30 seconds left.
|inactive|Kira236 has 20 seconds left.
|
|t:|1779822236
|move|p2a: Dragonite|Ice Spinner|p1a: Blissey
|-damage|p1a: Blissey|0 fnt
|faint|p1a: Blissey
|
|upkeep
|
|t:|1779822240
|switch|p1a: Walking Wake|Walking Wake|100/100
|turn|13
|inactive|Kira236 has 30 seconds left.
|
|t:|1779822251
|-terastallize|p2a: Dragonite|Normal
|move|p2a: Dragonite|Extreme Speed|p1a: Walking Wake
|-damage|p1a: Walking Wake|0 fnt
|faint|p1a: Walking Wake
|-end|p1a: Walking Wake|Protosynthesis|[silent]
|
|upkeep
|
|t:|1779822254
|switch|p1a: Corviknight|Corviknight, M|24/100
|-ability|p1a: Corviknight|Pressure
|turn|14
|
|t:|1779822258
|move|p2a: Dragonite|Ice Spinner|p1a: Corviknight
|-damage|p1a: Corviknight|0 fnt
|faint|p1a: Corviknight
|
|upkeep
|
|t:|1779822264
|switch|p1a: Pecharunt|Pecharunt|22/100
|turn|15
|
|t:|1779822267
|move|p2a: Dragonite|Earthquake|p1a: Pecharunt
|-supereffective|p1a: Pecharunt
|-damage|p1a: Pecharunt|0 fnt
|faint|p1a: Pecharunt
|
|upkeep
|
|t:|1779822271
|switch|p1a: Ogerpon|Ogerpon, F|100/100
|turn|16
|inactive|Kira236 has 60 seconds left.
|
|t:|1779822288
|move|p2a: Dragonite|Ice Spinner|p1a: Ogerpon
|-supereffective|p1a: Ogerpon
|-crit|p1a: Ogerpon
|-damage|p1a: Ogerpon|0 fnt
|faint|p1a: Ogerpon
|
|win|Kira236
|raw|claudechamp's rating: 1215 &rarr; <strong>1183</strong><br />(-32 for losing)
|raw|Kira236's rating: 1113 &rarr; <strong>1145</strong><br />(+32 for winning)
|c|☆claudechamp|gg
