|j|☆4axes
|j|☆sicns
|t:|1779948386
|gametype|singles
|player|p1|4axes|workerice|1505
|player|p2|sicns|cynthia-gen4|1441
|gen|9
|tier|[Gen 9] OU
|rated|
|rule|HP Percentage Mod: HP is shown in percentages
|rule|Endless Battle Clause: Forcing endless battles is banned
|rule|Species Clause: Limit one of each Pokémon
|rule|OHKO Clause: OHKO moves are banned
|rule|Evasion Items Clause: Evasion items are banned
|rule|Evasion Moves Clause: Evasion moves are banned
|rule|Evasion Abilities Clause: Evasion abilities are banned
|rule|Sleep Moves Clause: Sleep-inducing moves are banned
|clearpoke
|poke|p1|Zamazenta-*|
|poke|p1|Sinistcha|
|poke|p1|Gliscor, F|
|poke|p1|Corviknight, F|
|poke|p1|Kingambit, M|
|poke|p1|Iron Moth|
|poke|p2|Samurott-Hisui, F|
|poke|p2|Zapdos|
|poke|p2|Iron Treads|
|poke|p2|Ceruledge, M|
|poke|p2|Gholdengo|
|poke|p2|Kingambit, M|
|teampreview
|inactive|Battle timer is ON: inactive players will automatically lose when time's up. (requested by 4axes)
|
|t:|1779948392
|teamsize|p1|6
|teamsize|p2|6
|start
|switch|p1a: Gliscor|Gliscor, F|100/100
|switch|p2a: Zapdos|Zapdos|100/100
|turn|1
|
|t:|1779948405
|move|p2a: Zapdos|Hurricane|p1a: Gliscor|[miss]
|-miss|p2a: Zapdos|p1a: Gliscor
|move|p1a: Gliscor|Spikes|p2a: Zapdos
|-sidestart|p2: sicns|Spikes
|
|-status|p1a: Gliscor|tox|[from] item: Toxic Orb
|upkeep
|turn|2
|
|t:|1779948411
|move|p2a: Zapdos|Hurricane|p1a: Gliscor|[miss]
|-miss|p2a: Zapdos|p1a: Gliscor
|move|p1a: Gliscor|Knock Off|p2a: Zapdos
|-damage|p2a: Zapdos|84/100
|-enditem|p2a: Zapdos|Heavy-Duty Boots|[from] move: Knock Off|[of] p1a: Gliscor
|
|upkeep
|turn|3
|
|t:|1779948418
|move|p2a: Zapdos|Hurricane|p1a: Gliscor|[miss]
|-miss|p2a: Zapdos|p1a: Gliscor
|move|p1a: Gliscor|Spikes|p2a: Zapdos
|-sidestart|p2: sicns|Spikes
|
|upkeep
|turn|4
|c|☆sicns|burh
|
|t:|1779948424
|move|p2a: Zapdos|Hurricane|p1a: Gliscor
|-damage|p1a: Gliscor|62/100 tox
|move|p1a: Gliscor|Spikes|p2a: Zapdos
|-sidestart|p2: sicns|Spikes
|
|-heal|p1a: Gliscor|75/100 tox|[from] ability: Poison Heal
|upkeep
|turn|5
|
|t:|1779948435
|move|p2a: Zapdos|Hurricane|p1a: Gliscor
|-damage|p1a: Gliscor|34/100 tox
|-start|p1a: Gliscor|confusion
|-activate|p1a: Gliscor|confusion
|move|p1a: Gliscor|Knock Off|p2a: Zapdos
|-damage|p2a: Zapdos|74/100
|
|-heal|p1a: Gliscor|47/100 tox|[from] ability: Poison Heal
|upkeep
|turn|6
|
|t:|1779948444
|switch|p1a: Kingambit|Kingambit, M|100/100
|move|p2a: Zapdos|Hurricane|p1a: Kingambit|[miss]
|-miss|p2a: Zapdos|p1a: Kingambit
|
|upkeep
|turn|7
|
|t:|1779948449
|move|p2a: Zapdos|Thunder Wave|p1a: Kingambit
|-status|p1a: Kingambit|par
|move|p1a: Kingambit|Stealth Rock|p2a: Zapdos
|-sidestart|p2: sicns|move: Stealth Rock
|
|upkeep
|turn|8
|
|t:|1779948455
|switch|p2a: Iron Treads|Iron Treads|100/100
|-damage|p2a: Iron Treads|76/100|[from] Spikes
|-damage|p2a: Iron Treads|72/100|[from] Stealth Rock
|move|p1a: Kingambit|Kowtow Cleave|p2a: Iron Treads
|-crit|p2a: Iron Treads
|-damage|p2a: Iron Treads|10/100
|
|-heal|p2a: Iron Treads|16/100|[from] item: Leftovers
|upkeep
|turn|9
|
|t:|1779948468
|-end|p1a: Kingambit|fallenundefined|[silent]
|switch|p1a: Sinistcha|Sinistcha|100/100
|move|p2a: Iron Treads|Stealth Rock|p1a: Sinistcha
|-sidestart|p1: 4axes|move: Stealth Rock
|
|-heal|p2a: Iron Treads|22/100|[from] item: Leftovers
|upkeep
|turn|10
|
|t:|1779948475
|move|p2a: Iron Treads|Knock Off|p1a: Sinistcha
|-supereffective|p1a: Sinistcha
|-damage|p1a: Sinistcha|57/100
|-enditem|p1a: Sinistcha|Heavy-Duty Boots|[from] move: Knock Off|[of] p2a: Iron Treads
|move|p1a: Sinistcha|Shadow Ball|p2a: Iron Treads
|-damage|p2a: Iron Treads|0 fnt
|faint|p2a: Iron Treads
|-end|p2a: Iron Treads|Quark Drive|[silent]
|
|upkeep
|
|t:|1779948494
|switch|p2a: Samurott|Samurott-Hisui, F|100/100
|-damage|p2a: Samurott|76/100|[from] Spikes
|-damage|p2a: Samurott|63/100|[from] Stealth Rock
|turn|11
|
|t:|1779948505
|switch|p1a: Zamazenta|Zamazenta|100/100
|-ability|p1a: Zamazenta|Dauntless Shield|boost
|-boost|p1a: Zamazenta|def|1
|move|p2a: Samurott|Ceaseless Edge|p1a: Zamazenta
|-resisted|p1a: Zamazenta
|-damage|p1a: Zamazenta|88/100
|-sidestart|p1: 4axes|Spikes
|
|upkeep
|turn|12
|
|t:|1779948513
|switch|p2a: Zapdos|Zapdos|74/100
|-damage|p2a: Zapdos|49/100|[from] Stealth Rock
|move|p1a: Zamazenta|Close Combat|p2a: Zapdos
|-resisted|p2a: Zapdos
|-damage|p2a: Zapdos|28/100
|-unboost|p1a: Zamazenta|def|1
|-unboost|p1a: Zamazenta|spd|1
|-status|p1a: Zamazenta|par|[from] ability: Static|[of] p2a: Zapdos
|
|upkeep
|turn|13
|
|t:|1779948525
|switch|p1a: Iron Moth|Iron Moth|100/100
|move|p2a: Zapdos|Roost|p2a: Zapdos
|-heal|p2a: Zapdos|78/100
|-singleturn|p2a: Zapdos|move: Roost
|
|upkeep
|turn|14
|
|t:|1779948531
|move|p1a: Iron Moth|Toxic|p2a: Zapdos
|-status|p2a: Zapdos|tox
|move|p2a: Zapdos|Thunder Wave|p1a: Iron Moth
|-status|p1a: Iron Moth|par
|
|-damage|p2a: Zapdos|72/100 tox|[from] psn
|upkeep
|turn|15
|
|t:|1779948544
|move|p2a: Zapdos|Volt Switch|p1a: Iron Moth
|-damage|p1a: Iron Moth|78/100 par
|
|t:|1779948548
|switch|p2a: Samurott|Samurott-Hisui, F|63/100|[from] Volt Switch
|-damage|p2a: Samurott|39/100|[from] Spikes
|-damage|p2a: Samurott|26/100|[from] Stealth Rock
|cant|p1a: Iron Moth|par
|
|upkeep
|turn|16
|
|t:|1779948577
|-end|p1a: Iron Moth|Quark Drive|[silent]
|switch|p1a: Corviknight|Corviknight, F|100/100
|-damage|p1a: Corviknight|88/100|[from] Stealth Rock
|-ability|p1a: Corviknight|Pressure
|move|p2a: Samurott|Ceaseless Edge|p1a: Corviknight
|-damage|p1a: Corviknight|53/100
|-sidestart|p1: 4axes|Spikes
|
|-heal|p1a: Corviknight|59/100|[from] item: Leftovers
|upkeep
|turn|17
|
|t:|1779948586
|move|p2a: Samurott|Knock Off|p1a: Corviknight
|-damage|p1a: Corviknight|26/100
|-enditem|p1a: Corviknight|Leftovers|[from] move: Knock Off|[of] p2a: Samurott
|move|p1a: Corviknight|Roost|p1a: Corviknight
|-heal|p1a: Corviknight|76/100
|-singleturn|p1a: Corviknight|move: Roost
|
|upkeep
|turn|18
|
|t:|1779948595
|switch|p2a: Zapdos|Zapdos|72/100 tox
|-damage|p2a: Zapdos|47/100 tox|[from] Stealth Rock
|move|p1a: Corviknight|Iron Head|p2a: Zapdos
|-resisted|p2a: Zapdos
|-damage|p2a: Zapdos|39/100 tox
|
|-damage|p2a: Zapdos|33/100 tox|[from] psn
|upkeep
|turn|19
|
|t:|1779948604
|switch|p1a: Gliscor|Gliscor, F|47/100 tox
|-damage|p1a: Gliscor|34/100 tox|[from] Stealth Rock
|move|p2a: Zapdos|Roost|p2a: Zapdos
|-heal|p2a: Zapdos|83/100 tox
|-singleturn|p2a: Zapdos|move: Roost
|
|-damage|p2a: Zapdos|71/100 tox|[from] psn
|-heal|p1a: Gliscor|47/100 tox|[from] ability: Poison Heal
|upkeep
|turn|20
|
|t:|1779948613
|move|p1a: Gliscor|Protect|p1a: Gliscor
|-singleturn|p1a: Gliscor|Protect
|move|p2a: Zapdos|Hurricane|p1a: Gliscor
|-activate|p1a: Gliscor|move: Protect
|
|-damage|p2a: Zapdos|53/100 tox|[from] psn
|-heal|p1a: Gliscor|59/100 tox|[from] ability: Poison Heal
|upkeep
|turn|21
|
|t:|1779948627
|switch|p2a: Gholdengo|Gholdengo|100/100
|-damage|p2a: Gholdengo|94/100|[from] Stealth Rock
|-item|p2a: Gholdengo|Air Balloon
|move|p1a: Gliscor|Knock Off|p2a: Gholdengo
|-supereffective|p2a: Gholdengo
|-damage|p2a: Gholdengo|63/100
|-enditem|p2a: Gholdengo|Air Balloon
|
|-heal|p1a: Gliscor|72/100 tox|[from] ability: Poison Heal
|upkeep
|turn|22
|
|t:|1779948639
|move|p1a: Gliscor|Earthquake|p2a: Gholdengo
|-supereffective|p2a: Gholdengo
|-damage|p2a: Gholdengo|19/100
|move|p2a: Gholdengo|Hex|p1a: Gliscor
|-damage|p1a: Gliscor|20/100 tox
|
|-heal|p1a: Gliscor|32/100 tox|[from] ability: Poison Heal
|upkeep
|turn|23
|
|t:|1779948654
|switch|p2a: Zapdos|Zapdos|53/100 tox
|-damage|p2a: Zapdos|28/100 tox|[from] Stealth Rock
|move|p1a: Gliscor|Earthquake|p2a: Zapdos
|-immune|p2a: Zapdos
|
|-damage|p2a: Zapdos|22/100 tox|[from] psn
|-heal|p1a: Gliscor|45/100 tox|[from] ability: Poison Heal
|upkeep
|turn|24
|
|t:|1779948663
|move|p2a: Zapdos|Roost|p2a: Zapdos
|-heal|p2a: Zapdos|72/100 tox
|-singleturn|p2a: Zapdos|move: Roost
|move|p1a: Gliscor|Earthquake|p2a: Zapdos
|-supereffective|p2a: Zapdos
|-damage|p2a: Zapdos|26/100 tox
|
|-damage|p2a: Zapdos|14/100 tox|[from] psn
|-heal|p1a: Gliscor|57/100 tox|[from] ability: Poison Heal
|upkeep
|turn|25
|
|t:|1779948673
|move|p2a: Zapdos|Hurricane|p1a: Gliscor
|-damage|p1a: Gliscor|17/100 tox
|move|p1a: Gliscor|Earthquake|p2a: Zapdos
|-immune|p2a: Zapdos
|
|-damage|p2a: Zapdos|0 fnt|[from] psn
|faint|p2a: Zapdos
|-heal|p1a: Gliscor|30/100 tox|[from] ability: Poison Heal
|upkeep
|
|t:|1779948686
|switch|p2a: Kingambit|Kingambit, M|100/100
|-damage|p2a: Kingambit|76/100|[from] Spikes
|-damage|p2a: Kingambit|69/100|[from] Stealth Rock
|-activate|p2a: Kingambit|ability: Supreme Overlord
|-start|p2a: Kingambit|fallen2|[silent]
|turn|26
|
|t:|1779948695
|-terastallize|p2a: Kingambit|Fighting
|move|p1a: Gliscor|Earthquake|p2a: Kingambit
|-crit|p2a: Kingambit
|-damage|p2a: Kingambit|27/100
|move|p2a: Kingambit|Swords Dance|p2a: Kingambit
|-boost|p2a: Kingambit|atk|2
|
|-heal|p2a: Kingambit|33/100|[from] item: Leftovers
|-heal|p1a: Gliscor|42/100 tox|[from] ability: Poison Heal
|upkeep
|turn|27
|
|t:|1779948707
|move|p2a: Kingambit|Sucker Punch|p1a: Gliscor
|-damage|p1a: Gliscor|0 fnt
|faint|p1a: Gliscor
|
|-heal|p2a: Kingambit|40/100|[from] item: Leftovers
|upkeep
|
|t:|1779948715
|switch|p1a: Zamazenta|Zamazenta|88/100 par
|turn|28
|
|t:|1779948720
|move|p2a: Kingambit|Low Kick|p1a: Zamazenta
|-damage|p1a: Zamazenta|0 fnt
|faint|p1a: Zamazenta
|
|-heal|p2a: Kingambit|46/100|[from] item: Leftovers
|upkeep
|inactive|4axes has 120 seconds left.
|
|t:|1779948753
|switch|p1a: Corviknight|Corviknight, F|76/100
|-damage|p1a: Corviknight|64/100|[from] Stealth Rock
|-ability|p1a: Corviknight|Pressure
|turn|29
|
|t:|1779948759
|move|p2a: Kingambit|Low Kick|p1a: Corviknight
|-damage|p1a: Corviknight|0 fnt
|faint|p1a: Corviknight
|
|-heal|p2a: Kingambit|52/100|[from] item: Leftovers
|upkeep
|
|t:|1779948763
|switch|p1a: Sinistcha|Sinistcha|57/100
|-damage|p1a: Sinistcha|44/100|[from] Stealth Rock
|-damage|p1a: Sinistcha|28/100|[from] Spikes
|turn|30
|
|t:|1779948774
|move|p2a: Kingambit|Iron Head|p1a: Sinistcha
|-crit|p1a: Sinistcha
|-damage|p1a: Sinistcha|0 fnt
|faint|p1a: Sinistcha
|
|-heal|p2a: Kingambit|58/100|[from] item: Leftovers
|upkeep
|-message|4axes forfeited.
|
|win|sicns
|raw|4axes's rating: 1505 &rarr; <strong>1481</strong><br />(-24 for losing)
|raw|sicns's rating: 1441 &rarr; <strong>1465</strong><br />(+24 for winning)
|l|☆sicns
|player|p2|
|l|☆4axes
|player|p1|
