|j|☆rhodex22
|j|☆treehugger757
|t:|1779822007
|gametype|singles
|player|p1|rhodex22|1|1053
|player|p2|treehugger757|2|1104
|gen|9
|tier|[Gen 9] OU
|rated|
|rule|HP Percentage Mod: HP is shown in percentages
|rule|Endless Battle Clause: Forcing endless battles is banned
|rule|Species Clause: Limit one of each Pokémon
|rule|OHKO Clause: OHKO moves are banned
|rule|Evasion Items Clause: Evasion items are banned
|rule|Evasion Moves Clause: Evasion moves are banned
|rule|Evasion Abilities Clause: Evasion abilities are banned
|rule|Sleep Moves Clause: Sleep-inducing moves are banned
|clearpoke
|poke|p1|Pelipper, M|
|poke|p1|Samurott, M|
|poke|p1|Mudsdale, F|
|poke|p1|Chandelure, M|
|poke|p1|Scizor, F|
|poke|p1|Iron Valiant|
|poke|p2|Blaziken, M|
|poke|p2|Great Tusk|
|poke|p2|Ninetales, F|
|poke|p2|Venusaur, M|
|poke|p2|Walking Wake|
|poke|p2|Hatterene, F|
|teampreview
|inactive|Battle timer is ON: inactive players will automatically lose when time's up. (requested by rhodex22)
|
|t:|1779822033
|teamsize|p1|6
|teamsize|p2|6
|start
|switch|p1a: Pelipper|Pelipper, M|100/100
|switch|p2a: Hatterene|Hatterene, F|100/100
|-weather|RainDance|[from] ability: Drizzle|[of] p1a: Pelipper
|turn|1
|
|t:|1779822051
|move|p1a: Pelipper|U-turn|p2a: Hatterene
|-damage|p2a: Hatterene|91/100
|-enditem|p2a: Hatterene|Eject Button
|
|t:|1779822056
|switch|p2a: Ninetales|Ninetales, F|100/100
|-weather|SunnyDay|[from] ability: Drought|[of] p2a: Ninetales
|
|-weather|SunnyDay|[upkeep]
|upkeep
|turn|2
|
|t:|1779822068
|move|p2a: Ninetales|Will-O-Wisp|p1a: Pelipper
|-status|p1a: Pelipper|brn
|move|p1a: Pelipper|Surf|p2a: Ninetales
|-supereffective|p2a: Ninetales
|-damage|p2a: Ninetales|69/100
|
|-weather|SunnyDay|[upkeep]
|-damage|p1a: Pelipper|94/100 brn|[from] brn
|upkeep
|turn|3
|
|t:|1779822086
|move|p2a: Ninetales|Encore|p1a: Pelipper
|-start|p1a: Pelipper|Encore
|move|p1a: Pelipper|Surf|p2a: Ninetales
|-supereffective|p2a: Ninetales
|-crit|p2a: Ninetales
|-damage|p2a: Ninetales|29/100
|
|-weather|SunnyDay|[upkeep]
|-damage|p1a: Pelipper|88/100 brn|[from] brn
|upkeep
|turn|4
|inactive|rhodex22 has 120 seconds left.
|
|t:|1779822133
|switch|p2a: Venusaur|Venusaur, M|100/100
|move|p1a: Pelipper|Surf|p2a: Venusaur
|-resisted|p2a: Venusaur
|-damage|p2a: Venusaur|92/100
|
|-weather|SunnyDay|[upkeep]
|-damage|p1a: Pelipper|82/100 brn|[from] brn
|upkeep
|turn|5
|inactive|rhodex22 has 90 seconds left.
|
|t:|1779822154
|switch|p1a: Scizor|Scizor, F|100/100
|move|p2a: Venusaur|Growth|p2a: Venusaur
|-boost|p2a: Venusaur|atk|2
|-boost|p2a: Venusaur|spa|2
|
|-weather|SunnyDay|[upkeep]
|upkeep
|turn|6
|inactive|rhodex22 has 90 seconds left.
|
|t:|1779822179
|move|p2a: Venusaur|Weather Ball|p1a: Scizor
|-supereffective|p1a: Scizor
|-damage|p1a: Scizor|0 fnt
|faint|p1a: Scizor
|-damage|p2a: Venusaur|82/100|[from] item: Life Orb
|
|-weather|SunnyDay|[upkeep]
|upkeep
|
|t:|1779822192
|switch|p1a: Chandelure|Chandelure, M|100/100
|turn|7
|
|t:|1779822200
|move|p2a: Venusaur|Sludge Bomb|p1a: Chandelure
|-resisted|p1a: Chandelure
|-damage|p1a: Chandelure|20/100
|-damage|p2a: Venusaur|72/100|[from] item: Life Orb
|move|p1a: Chandelure|Will-O-Wisp|p2a: Venusaur
|-status|p2a: Venusaur|brn
|
|-weather|SunnyDay|[upkeep]
|-damage|p2a: Venusaur|66/100 brn|[from] brn
|upkeep
|turn|8
|inactive|rhodex22 has 60 seconds left.
|
|t:|1779822234
|move|p2a: Venusaur|Giga Drain|p1a: Chandelure
|-resisted|p1a: Chandelure
|-damage|p1a: Chandelure|0 fnt
|-heal|p2a: Venusaur|74/100 brn|[from] drain|[of] p1a: Chandelure
|faint|p1a: Chandelure
|-damage|p2a: Venusaur|64/100 brn|[from] item: Life Orb
|
|-weather|none
|-damage|p2a: Venusaur|58/100 brn|[from] brn
|upkeep
|inactive|rhodex22 has 60 seconds left.
|
|t:|1779822259
|switch|p1a: Iron Valiant|Iron Valiant|100/100
|-enditem|p1a: Iron Valiant|Booster Energy
|-activate|p1a: Iron Valiant|ability: Quark Drive|[fromitem]
|-start|p1a: Iron Valiant|quarkdrivespe
|turn|9
|inactive|rhodex22 has 30 seconds left.
|
|t:|1779822289
|move|p1a: Iron Valiant|Calm Mind|p1a: Iron Valiant
|-boost|p1a: Iron Valiant|spa|1
|-boost|p1a: Iron Valiant|spd|1
|move|p2a: Venusaur|Sludge Bomb|p1a: Iron Valiant
|-supereffective|p1a: Iron Valiant
|-damage|p1a: Iron Valiant|0 fnt
|faint|p1a: Iron Valiant
|-end|p1a: Iron Valiant|Quark Drive|[silent]
|-damage|p2a: Venusaur|48/100 brn|[from] item: Life Orb
|
|-damage|p2a: Venusaur|42/100 brn|[from] brn
|upkeep
|inactive|rhodex22 has 30 seconds left this turn.
|inactive|rhodex22 has 20 seconds left.
|
|t:|1779822300
|switch|p1a: Samurott|Samurott, M|100/100
|turn|10
|inactive|rhodex22 has 30 seconds left this turn.
|inactive|rhodex22 has 20 seconds left.
|inactive|rhodex22 has 15 seconds left.
|
|t:|1779822319
|switch|p1a: Pelipper|Pelipper, M|82/100 brn
|-weather|RainDance|[from] ability: Drizzle|[of] p1a: Pelipper
|switch|p2a: Walking Wake|Walking Wake|100/100
|
|-weather|RainDance|[upkeep]
|-damage|p1a: Pelipper|76/100 brn|[from] brn
|upkeep
|turn|11
|inactive|rhodex22 has 25 seconds left this turn.
|inactive|rhodex22 has 20 seconds left.
|inactive|rhodex22 has 15 seconds left.
|inactive|rhodex22 has 10 seconds left.
|inactive|rhodex22 has 5 seconds left.
|-message|rhodex22 lost due to inactivity.
|
|win|treehugger757
|raw|rhodex22's rating: 1053 &rarr; <strong>1038</strong><br />(-15 for losing)
|raw|treehugger757's rating: 1104 &rarr; <strong>1125</strong><br />(+21 for winning)
|l|☆treehugger757
|player|p2|
|l|☆rhodex22
|player|p1|
