|j|☆isaac_gam3r
|j|☆JacquesDeAlderberg
|t:|1779880725
|gametype|singles
|player|p1|isaac_gam3r|acetrainer-gen4dp|1740
|player|p2|JacquesDeAlderberg|102|1725
|gen|9
|tier|[Gen 9] OU
|rated|
|rule|HP Percentage Mod: HP is shown in percentages
|rule|Endless Battle Clause: Forcing endless battles is banned
|rule|Species Clause: Limit one of each Pokémon
|rule|OHKO Clause: OHKO moves are banned
|rule|Evasion Items Clause: Evasion items are banned
|rule|Evasion Moves Clause: Evasion moves are banned
|rule|Evasion Abilities Clause: Evasion abilities are banned
|rule|Sleep Moves Clause: Sleep-inducing moves are banned
|clearpoke
|poke|p1|Primarina, F|
|poke|p1|Raging Bolt|
|poke|p1|Heatran, M|
|poke|p1|Weezing-Galar, M|
|poke|p1|Garchomp, M|
|poke|p1|Weavile, F|
|poke|p2|Iron Crown|
|poke|p2|Enamorus, F|
|poke|p2|Great Tusk|
|poke|p2|Probopass, M|
|poke|p2|Deoxys-Speed|
|poke|p2|Dragapult, F|
|teampreview
|
|t:|1779880745
|teamsize|p1|6
|teamsize|p2|6
|start
|switch|p1a: Primarina|Primarina, F, shiny|100/100
|switch|p2a: Deoxys|Deoxys-Speed|100/100
|-ability|p2a: Deoxys|Pressure
|turn|1
|
|t:|1779880754
|move|p2a: Deoxys|Knock Off|p1a: Primarina
|-resisted|p1a: Primarina
|-damage|p1a: Primarina|84/100
|-enditem|p1a: Primarina|Leftovers|[from] move: Knock Off|[of] p2a: Deoxys
|move|p1a: Primarina|Calm Mind|p1a: Primarina
|-boost|p1a: Primarina|spa|1
|-boost|p1a: Primarina|spd|1
|
|upkeep
|turn|2
|
|t:|1779880763
|move|p2a: Deoxys|Psycho Boost|p1a: Primarina
|-damage|p1a: Primarina|54/100
|-unboost|p2a: Deoxys|spa|2
|-enditem|p2a: Deoxys|Eject Pack
|
|t:|1779880769
|switch|p2a: Iron Crown|Iron Crown|100/100
|-enditem|p2a: Iron Crown|Booster Energy
|-activate|p2a: Iron Crown|ability: Quark Drive|[fromitem]
|-start|p2a: Iron Crown|quarkdrivespe
|move|p1a: Primarina|Sparkling Aria|p2a: Iron Crown
|-damage|p2a: Iron Crown|27/100
|
|upkeep
|turn|3
|
|t:|1779880779
|move|p2a: Iron Crown|Tachyon Cutter|p1a: Primarina
|-damage|p1a: Primarina|41/100
|-damage|p1a: Primarina|27/100
|-hitcount|p1a: Primarina|2
|move|p1a: Primarina|Sparkling Aria|p2a: Iron Crown
|-damage|p2a: Iron Crown|0 fnt
|faint|p2a: Iron Crown
|-end|p2a: Iron Crown|Quark Drive|[silent]
|
|upkeep
|
|t:|1779880785
|switch|p2a: Deoxys|Deoxys-Speed|100/100
|-ability|p2a: Deoxys|Pressure
|turn|4
|
|t:|1779880800
|move|p1a: Primarina|Protect|p1a: Primarina
|-singleturn|p1a: Primarina|Protect
|move|p2a: Deoxys|Psycho Boost|p1a: Primarina
|-activate|p1a: Primarina|move: Protect
|
|upkeep
|turn|5
|
|t:|1779880805
|move|p2a: Deoxys|Knock Off|p1a: Primarina
|-resisted|p1a: Primarina
|-damage|p1a: Primarina|17/100
|move|p1a: Primarina|Sparkling Aria|p2a: Deoxys
|-damage|p2a: Deoxys|0 fnt
|faint|p2a: Deoxys
|
|upkeep
|
|t:|1779880809
|switch|p2a: Enamorus|Enamorus, F|100/100
|turn|6
|
|t:|1779880816
|move|p1a: Primarina|Protect|p1a: Primarina
|-singleturn|p1a: Primarina|Protect
|move|p2a: Enamorus|Moonblast|p1a: Primarina
|-activate|p1a: Primarina|move: Protect
|
|upkeep
|turn|7
|inactive|Battle timer is ON: inactive players will automatically lose when time's up. (requested by isaac_gam3r)
|
|t:|1779880827
|switch|p1a: Heatran|Heatran, M|100/100
|move|p2a: Enamorus|Moonblast|p1a: Heatran
|-resisted|p1a: Heatran
|-damage|p1a: Heatran|91/100
|-unboost|p1a: Heatran|spa|1
|
|upkeep
|turn|8
|
|t:|1779880831
|move|p2a: Enamorus|Agility|p2a: Enamorus
|-boost|p2a: Enamorus|spe|2
|move|p1a: Heatran|Flash Cannon|p2a: Enamorus
|-supereffective|p2a: Enamorus
|-damage|p2a: Enamorus|25/100
|
|upkeep
|turn|9
|
|t:|1779880839
|move|p2a: Enamorus|Earth Power|p1a: Heatran
|-supereffective|p1a: Heatran
|-damage|p1a: Heatran|11/100
|move|p1a: Heatran|Flash Cannon|p2a: Enamorus
|-supereffective|p2a: Enamorus
|-damage|p2a: Enamorus|0 fnt
|faint|p2a: Enamorus
|
|upkeep
|
|t:|1779880843
|switch|p2a: Dragapult|Dragapult, F|100/100
|turn|10
|j| hattybatty304
|
|t:|1779880851
|move|p2a: Dragapult|Dragon Dance|p2a: Dragapult
|-boost|p2a: Dragapult|atk|1
|-boost|p2a: Dragapult|spe|1
|move|p1a: Heatran|Flash Cannon|p2a: Dragapult
|-damage|p2a: Dragapult|61/100
|-unboost|p2a: Dragapult|spd|1
|
|-heal|p2a: Dragapult|67/100|[from] item: Leftovers
|upkeep
|turn|11
|
|t:|1779880859
|move|p2a: Dragapult|Phantom Force||[still]
|-prepare|p2a: Dragapult|Phantom Force
|move|p1a: Heatran|Flash Cannon|p2a: Dragapult|[miss]
|-miss|p1a: Heatran|p2a: Dragapult
|
|-heal|p2a: Dragapult|73/100|[from] item: Leftovers
|upkeep
|turn|12
|
|t:|1779880861
|move|p2a: Dragapult|Phantom Force|p1a: Heatran|[from] lockedmove
|-damage|p1a: Heatran|0 fnt
|faint|p1a: Heatran
|
|-heal|p2a: Dragapult|79/100|[from] item: Leftovers
|upkeep
|
|t:|1779880864
|switch|p1a: Weavile|Weavile, F|100/100
|-ability|p1a: Weavile|Pressure
|turn|13
|
|t:|1779880867
|move|p1a: Weavile|Ice Shard|p2a: Dragapult
|-supereffective|p2a: Dragapult
|-damage|p2a: Dragapult|20/100
|move|p2a: Dragapult|Dragon Darts|p1a: Weavile
|-damage|p1a: Weavile|25/100
|-anim|p2a: Dragapult|Dragon Darts|p1a: Weavile
|-damage|p1a: Weavile|0 fnt
|faint|p1a: Weavile
|
|-heal|p2a: Dragapult|26/100|[from] item: Leftovers
|upkeep
|
|t:|1779880874
|switch|p1a: Weezing|Weezing-Galar, M, shiny|100/100
|turn|14
|j| HonchkrowLover27
|
|t:|1779880876
|move|p2a: Dragapult|Phantom Force||[still]
|-prepare|p2a: Dragapult|Phantom Force
|move|p1a: Weezing|Strange Steam|p2a: Dragapult|[miss]
|-miss|p1a: Weezing|p2a: Dragapult
|
|-heal|p2a: Dragapult|32/100|[from] item: Leftovers
|upkeep
|turn|15
|
|t:|1779880879
|move|p2a: Dragapult|Phantom Force|p1a: Weezing|[from] lockedmove
|-damage|p1a: Weezing|52/100
|move|p1a: Weezing|Strange Steam|p2a: Dragapult
|-supereffective|p2a: Dragapult
|-damage|p2a: Dragapult|0 fnt
|faint|p2a: Dragapult
|
|-heal|p1a: Weezing|58/100|[from] item: Black Sludge
|upkeep
|
|t:|1779880882
|switch|p2a: Probopass|Probopass, M|100/100
|turn|16
|
|t:|1779880885
|move|p1a: Weezing|Will-O-Wisp|p2a: Probopass|[miss]
|-miss|p1a: Weezing|p2a: Probopass
|move|p2a: Probopass|Thunder Wave|p1a: Weezing|[miss]
|-miss|p2a: Probopass|p1a: Weezing
|
|-heal|p1a: Weezing|64/100|[from] item: Black Sludge
|upkeep
|turn|17
|
|t:|1779880888
|move|p1a: Weezing|Will-O-Wisp|p2a: Probopass|[miss]
|-miss|p1a: Weezing|p2a: Probopass
|move|p2a: Probopass|Thunder Wave|p1a: Weezing
|-status|p1a: Weezing|par
|
|-heal|p1a: Weezing|70/100 par|[from] item: Black Sludge
|upkeep
|turn|18
|
|t:|1779880891
|move|p2a: Probopass|Stealth Rock|p1a: Weezing
|-sidestart|p1: isaac_gam3r|move: Stealth Rock
|move|p1a: Weezing|Will-O-Wisp|p2a: Probopass
|-status|p2a: Probopass|brn
|
|-heal|p1a: Weezing|76/100 par|[from] item: Black Sludge
|-damage|p2a: Probopass|94/100 brn|[from] brn
|upkeep
|turn|19
|
|t:|1779880896
|move|p2a: Probopass|Volt Switch|p1a: Weezing
|-damage|p1a: Weezing|58/100 par
|
|t:|1779880898
|switch|p2a: Great Tusk|Great Tusk|100/100|[from] Volt Switch
|-enditem|p2a: Great Tusk|Booster Energy
|-activate|p2a: Great Tusk|ability: Protosynthesis|[fromitem]
|-start|p2a: Great Tusk|protosynthesisspe
|cant|p1a: Weezing|par
|
|-heal|p1a: Weezing|64/100 par|[from] item: Black Sludge
|upkeep
|turn|20
|
|t:|1779880905
|move|p2a: Great Tusk|Headlong Rush|p1a: Weezing
|-immune|p1a: Weezing|[from] ability: Levitate
|cant|p1a: Weezing|par
|
|-heal|p1a: Weezing|70/100 par|[from] item: Black Sludge
|upkeep
|turn|21
|
|t:|1779880911
|move|p2a: Great Tusk|Rock Slide|p1a: Weezing
|-damage|p1a: Weezing|57/100 par
|move|p1a: Weezing|Will-O-Wisp|p2a: Great Tusk
|-status|p2a: Great Tusk|brn
|
|-heal|p1a: Weezing|63/100 par|[from] item: Black Sludge
|-damage|p2a: Great Tusk|94/100 brn|[from] brn
|upkeep
|turn|22
|-message|JacquesDeAlderberg forfeited.
|
|win|isaac_gam3r
|raw|isaac_gam3r's rating: 1740 &rarr; <strong>1759</strong><br />(+19 for winning)
|raw|JacquesDeAlderberg's rating: 1725 &rarr; <strong>1706</strong><br />(-19 for losing)
|l|☆JacquesDeAlderberg
|player|p2|
|l|☆isaac_gam3r
|player|p1|
|l| hattybatty304
|l| HonchkrowLover27
