|j|☆PixelPenguin2
|j|☆csasasdasdas
|t:|1779855532
|gametype|singles
|player|p1|PixelPenguin2|guitarist|1365
|player|p2|csasasdasdas|170|1420
|gen|9
|tier|[Gen 9] OU
|rated|
|rule|HP Percentage Mod: HP is shown in percentages
|rule|Endless Battle Clause: Forcing endless battles is banned
|rule|Species Clause: Limit one of each Pokémon
|rule|OHKO Clause: OHKO moves are banned
|rule|Evasion Items Clause: Evasion items are banned
|rule|Evasion Moves Clause: Evasion moves are banned
|rule|Evasion Abilities Clause: Evasion abilities are banned
|rule|Sleep Moves Clause: Sleep-inducing moves are banned
|clearpoke
|poke|p1|Mandibuzz, F|
|poke|p1|Clodsire, M|
|poke|p1|Reuniclus, F|
|poke|p1|Gliscor, F|
|poke|p1|Dragapult, F|
|poke|p1|Moltres|
|poke|p2|Landorus-Therian, M|
|poke|p2|Raging Bolt|
|poke|p2|Iron Crown|
|poke|p2|Iron Valiant|
|poke|p2|Ogerpon-Wellspring, F|
|poke|p2|Deoxys-Speed|
|teampreview
|inactive|Battle timer is ON: inactive players will automatically lose when time's up. (requested by PixelPenguin2)
|
|t:|1779855549
|teamsize|p1|6
|teamsize|p2|6
|start
|switch|p1a: Gliscor|Gliscor, F|100/100
|switch|p2a: Ogerpon|Ogerpon-Wellspring, F|100/100
|turn|1
|
|t:|1779855553
|switch|p1a: Mandibuzz|Mandibuzz, F|100/100
|move|p2a: Ogerpon|Swords Dance|p2a: Ogerpon
|-boost|p2a: Ogerpon|atk|2
|
|upkeep
|turn|2
|
|t:|1779855555
|move|p2a: Ogerpon|Play Rough|p1a: Mandibuzz
|-supereffective|p1a: Mandibuzz
|-damage|p1a: Mandibuzz|14/100
|-unboost|p1a: Mandibuzz|atk|1
|-damage|p2a: Ogerpon|84/100|[from] item: Rocky Helmet|[of] p1a: Mandibuzz
|move|p1a: Mandibuzz|Foul Play|p2a: Ogerpon
|-damage|p2a: Ogerpon|0 fnt
|faint|p2a: Ogerpon
|
|upkeep
|
|t:|1779855564
|switch|p2a: Iron Crown|Iron Crown|100/100
|-enditem|p2a: Iron Crown|Booster Energy
|-activate|p2a: Iron Crown|ability: Quark Drive|[fromitem]
|-start|p2a: Iron Crown|quarkdrivespe
|turn|3
|
|t:|1779855569
|switch|p1a: Clodsire|Clodsire, M|100/100
|move|p2a: Iron Crown|Tachyon Cutter|p1a: Clodsire
|-damage|p1a: Clodsire|88/100
|-damage|p1a: Clodsire|75/100
|-hitcount|p1a: Clodsire|2
|
|upkeep
|turn|4
|
|t:|1779855573
|move|p2a: Iron Crown|Future Sight|p1a: Clodsire
|-start|p2a: Iron Crown|move: Future Sight
|move|p1a: Clodsire|Spikes|p2a: Iron Crown
|-sidestart|p2: csasasdasdas|Spikes
|
|upkeep
|turn|5
|
|t:|1779855580
|-terastallize|p1a: Clodsire|Dark
|move|p2a: Iron Crown|Calm Mind|p2a: Iron Crown
|-boost|p2a: Iron Crown|spa|1
|-boost|p2a: Iron Crown|spd|1
|move|p1a: Clodsire|Recover|p1a: Clodsire
|-heal|p1a: Clodsire|100/100
|
|upkeep
|turn|6
|
|t:|1779855585
|move|p2a: Iron Crown|Focus Blast|p1a: Clodsire
|-supereffective|p1a: Clodsire
|-damage|p1a: Clodsire|63/100
|move|p1a: Clodsire|Earthquake|p2a: Iron Crown
|-supereffective|p2a: Iron Crown
|-damage|p2a: Iron Crown|46/100
|
|-end|p1a: Clodsire|move: Future Sight
|-immune|p1a: Clodsire
|upkeep
|turn|7
|
|t:|1779855589
|move|p2a: Iron Crown|Tachyon Cutter|p1a: Clodsire
|-damage|p1a: Clodsire|51/100
|-damage|p1a: Clodsire|38/100
|-hitcount|p1a: Clodsire|2
|move|p1a: Clodsire|Recover|p1a: Clodsire
|-heal|p1a: Clodsire|88/100
|
|upkeep
|turn|8
|
|t:|1779855595
|-end|p2a: Iron Crown|Quark Drive|[silent]
|switch|p2a: Landorus|Landorus-Therian, M|100/100
|-ability|p2a: Landorus|Intimidate|boost
|-unboost|p1a: Clodsire|atk|1
|move|p1a: Clodsire|Spikes|p2a: Landorus
|-sidestart|p2: csasasdasdas|Spikes
|
|upkeep
|turn|9
|
|t:|1779855599
|switch|p1a: Mandibuzz|Mandibuzz, F|14/100
|move|p2a: Landorus|Stealth Rock|p1a: Mandibuzz
|-sidestart|p1: PixelPenguin2|move: Stealth Rock
|
|upkeep
|turn|10
|
|t:|1779855601
|move|p2a: Landorus|U-turn|p1a: Mandibuzz
|-damage|p1a: Mandibuzz|4/100
|-damage|p2a: Landorus|84/100|[from] item: Rocky Helmet|[of] p1a: Mandibuzz
|
|t:|1779855605
|switch|p2a: Iron Valiant|Iron Valiant|100/100|[from] U-turn
|-damage|p2a: Iron Valiant|84/100|[from] Spikes
|-enditem|p2a: Iron Valiant|Booster Energy
|-activate|p2a: Iron Valiant|ability: Quark Drive|[fromitem]
|-start|p2a: Iron Valiant|quarkdrivespe
|move|p1a: Mandibuzz|Roost|p1a: Mandibuzz
|-heal|p1a: Mandibuzz|54/100
|-singleturn|p1a: Mandibuzz|move: Roost
|
|upkeep
|turn|11
|
|t:|1779855609
|switch|p1a: Moltres|Moltres|100/100
|move|p2a: Iron Valiant|Moonblast|p1a: Moltres
|-resisted|p1a: Moltres
|-crit|p1a: Moltres
|-damage|p1a: Moltres|76/100
|
|upkeep
|turn|12
|
|t:|1779855611
|-end|p2a: Iron Valiant|Quark Drive|[silent]
|switch|p2a: Raging Bolt|Raging Bolt|100/100
|-damage|p2a: Raging Bolt|84/100|[from] Spikes
|-enditem|p2a: Raging Bolt|Booster Energy
|-activate|p2a: Raging Bolt|ability: Protosynthesis|[fromitem]
|-start|p2a: Raging Bolt|protosynthesisspa
|move|p1a: Moltres|Roar|p2a: Raging Bolt
|-end|p2a: Raging Bolt|Protosynthesis|[silent]
|drag|p2a: Iron Valiant|Iron Valiant|84/100
|-damage|p2a: Iron Valiant|67/100|[from] Spikes
|
|upkeep
|turn|13
|
|t:|1779855614
|move|p2a: Iron Valiant|Psyshock|p1a: Moltres
|-damage|p1a: Moltres|51/100
|move|p1a: Moltres|Roar|p2a: Iron Valiant
|-end|p2a: Iron Valiant|Quark Drive|[silent]
|drag|p2a: Deoxys|Deoxys-Speed|100/100
|-damage|p2a: Deoxys|84/100|[from] Spikes
|-ability|p2a: Deoxys|Pressure
|
|upkeep
|turn|14
|
|t:|1779855617
|move|p2a: Deoxys|Psycho Boost|p1a: Moltres
|-damage|p1a: Moltres|0 fnt
|-unboost|p2a: Deoxys|spa|2
|faint|p1a: Moltres
|-damage|p2a: Deoxys|74/100|[from] item: Life Orb
|
|upkeep
|
|t:|1779855621
|switch|p1a: Clodsire|Clodsire, M, tera:Dark|88/100
|turn|15
|
|t:|1779855624
|switch|p2a: Landorus|Landorus-Therian, M|84/100
|-ability|p2a: Landorus|Intimidate|boost
|-unboost|p1a: Clodsire|atk|1
|move|p1a: Clodsire|Spikes|p2a: Landorus
|-sidestart|p2: csasasdasdas|Spikes
|
|upkeep
|turn|16
|
|t:|1779855627
|switch|p1a: Mandibuzz|Mandibuzz, F|54/100
|-damage|p1a: Mandibuzz|29/100|[from] Stealth Rock
|move|p2a: Landorus|Taunt|p1a: Mandibuzz
|-start|p1a: Mandibuzz|move: Taunt
|
|upkeep
|turn|17
|
|t:|1779855632
|switch|p2a: Raging Bolt|Raging Bolt|84/100
|-damage|p2a: Raging Bolt|59/100|[from] Spikes
|move|p1a: Mandibuzz|Foul Play|p2a: Raging Bolt
|-damage|p2a: Raging Bolt|41/100
|
|upkeep
|turn|18
|
|t:|1779855640
|switch|p1a: Clodsire|Clodsire, M, tera:Dark|88/100
|move|p2a: Raging Bolt|Discharge|p1a: Clodsire
|-damage|p1a: Clodsire|63/100
|-status|p1a: Clodsire|par
|
|upkeep
|turn|19
|
|t:|1779855645
|move|p2a: Raging Bolt|Taunt|p1a: Clodsire
|-start|p1a: Clodsire|move: Taunt
|cant|p1a: Clodsire|move: Taunt|Recover
|
|upkeep
|turn|20
|
|t:|1779855649
|-end|p2a: Raging Bolt|Protosynthesis|[silent]
|switch|p2a: Landorus|Landorus-Therian, M|84/100
|-ability|p2a: Landorus|Intimidate|boost
|-unboost|p1a: Clodsire|atk|1
|cant|p1a: Clodsire|par
|
|upkeep
|turn|21
|
|t:|1779855653
|switch|p1a: Gliscor|Gliscor, F|100/100
|-damage|p1a: Gliscor|88/100|[from] Stealth Rock
|move|p2a: Landorus|U-turn|p1a: Gliscor
|-resisted|p1a: Gliscor
|-damage|p1a: Gliscor|82/100
|
|t:|1779855656
|switch|p2a: Deoxys|Deoxys-Speed|74/100|[from] U-turn
|-damage|p2a: Deoxys|49/100|[from] Spikes
|-ability|p2a: Deoxys|Pressure
|
|-status|p1a: Gliscor|tox|[from] item: Toxic Orb
|upkeep
|turn|22
|
|t:|1779855670
|switch|p1a: Mandibuzz|Mandibuzz, F|29/100
|-damage|p1a: Mandibuzz|4/100|[from] Stealth Rock
|move|p2a: Deoxys|Nasty Plot|p2a: Deoxys
|-boost|p2a: Deoxys|spa|2
|
|upkeep
|turn|23
|
|t:|1779855674
|move|p2a: Deoxys|Shadow Ball|p1a: Mandibuzz
|-resisted|p1a: Mandibuzz
|-damage|p1a: Mandibuzz|0 fnt
|faint|p1a: Mandibuzz
|-damage|p2a: Deoxys|39/100|[from] item: Life Orb
|
|upkeep
|
|t:|1779855676
|switch|p1a: Clodsire|Clodsire, M, tera:Dark|63/100 par
|turn|24
|
|t:|1779855679
|move|p2a: Deoxys|Focus Blast|p1a: Clodsire|[miss]
|-miss|p2a: Deoxys|p1a: Clodsire
|cant|p1a: Clodsire|par
|
|upkeep
|turn|25
|
|t:|1779855681
|move|p2a: Deoxys|Focus Blast|p1a: Clodsire
|-supereffective|p1a: Clodsire
|-damage|p1a: Clodsire|15/100 par
|-damage|p2a: Deoxys|29/100|[from] item: Life Orb
|cant|p1a: Clodsire|par
|
|upkeep
|turn|26
|
|t:|1779855687
|move|p2a: Deoxys|Shadow Ball|p1a: Clodsire
|-resisted|p1a: Clodsire
|-damage|p1a: Clodsire|6/100 par
|-damage|p2a: Deoxys|19/100|[from] item: Life Orb
|cant|p1a: Clodsire|par
|
|upkeep
|turn|27
|
|t:|1779855689
|move|p2a: Deoxys|Shadow Ball|p1a: Clodsire
|-resisted|p1a: Clodsire
|-damage|p1a: Clodsire|0 fnt
|faint|p1a: Clodsire
|-damage|p2a: Deoxys|9/100|[from] item: Life Orb
|
|upkeep
|
|t:|1779855702
|switch|p1a: Reuniclus|Reuniclus, F|100/100
|turn|28
|
|t:|1779855704
|switch|p1a: Gliscor|Gliscor, F|82/100 tox
|-damage|p1a: Gliscor|70/100 tox|[from] Stealth Rock
|move|p2a: Deoxys|Shadow Ball|p1a: Gliscor
|-damage|p1a: Gliscor|0 fnt
|faint|p1a: Gliscor
|-damage|p2a: Deoxys|0 fnt|[from] item: Life Orb
|faint|p2a: Deoxys
|
|upkeep
|
|t:|1779855711
|switch|p2a: Landorus|Landorus-Therian, M|84/100
|switch|p1a: Dragapult|Dragapult, F|100/100
|-ability|p2a: Landorus|Intimidate|boost
|-unboost|p1a: Dragapult|atk|1
|turn|29
|
|t:|1779855713
|move|p1a: Dragapult|Will-O-Wisp|p2a: Landorus
|-status|p2a: Landorus|brn
|move|p2a: Landorus|Scorching Sands|p1a: Dragapult
|-damage|p1a: Dragapult|65/100
|-status|p1a: Dragapult|brn
|
|-damage|p1a: Dragapult|59/100 brn|[from] brn
|-damage|p2a: Landorus|78/100 brn|[from] brn
|upkeep
|turn|30
|
|t:|1779855719
|move|p1a: Dragapult|Hex|p2a: Landorus
|-damage|p2a: Landorus|15/100 brn
|move|p2a: Landorus|Scorching Sands|p1a: Dragapult
|-damage|p1a: Dragapult|23/100 brn
|
|-damage|p1a: Dragapult|17/100 brn|[from] brn
|-damage|p2a: Landorus|9/100 brn|[from] brn
|upkeep
|turn|31
|
|t:|1779855723
|move|p1a: Dragapult|Hex|p2a: Landorus
|-damage|p2a: Landorus|0 fnt
|faint|p2a: Landorus
|
|-damage|p1a: Dragapult|11/100 brn|[from] brn
|upkeep
|
|t:|1779855725
|switch|p2a: Raging Bolt|Raging Bolt|41/100
|-damage|p2a: Raging Bolt|16/100|[from] Spikes
|turn|32
|
|t:|1779855727
|move|p2a: Raging Bolt|Thunderclap||[still]
|-fail|p2a: Raging Bolt
|move|p1a: Dragapult|Will-O-Wisp|p2a: Raging Bolt
|-status|p2a: Raging Bolt|brn
|
|-damage|p1a: Dragapult|5/100 brn|[from] brn
|-damage|p2a: Raging Bolt|10/100 brn|[from] brn
|upkeep
|turn|33
|
|t:|1779855732
|move|p2a: Raging Bolt|Thunderclap|p1a: Dragapult
|-resisted|p1a: Dragapult
|-damage|p1a: Dragapult|0 fnt
|faint|p1a: Dragapult
|
|-damage|p2a: Raging Bolt|4/100 brn|[from] brn
|upkeep
|
|t:|1779855734
|switch|p1a: Reuniclus|Reuniclus, F|100/100
|turn|34
|
|t:|1779855741
|move|p2a: Raging Bolt|Discharge|p1a: Reuniclus
|-damage|p1a: Reuniclus|48/100
|move|p1a: Reuniclus|Recover|p1a: Reuniclus
|-heal|p1a: Reuniclus|98/100
|
|-damage|p2a: Raging Bolt|0 fnt|[from] brn
|faint|p2a: Raging Bolt
|-end|p2a: Raging Bolt|Protosynthesis|[silent]
|upkeep
|
|t:|1779855745
|switch|p2a: Iron Valiant|Iron Valiant|67/100
|-damage|p2a: Iron Valiant|42/100|[from] Spikes
|turn|35
|
|t:|1779855747
|move|p2a: Iron Valiant|Encore|p1a: Reuniclus
|-start|p1a: Reuniclus|Encore
|move|p1a: Reuniclus|Recover|p1a: Reuniclus
|-heal|p1a: Reuniclus|100/100
|
|upkeep
|turn|36
|
|t:|1779855753
|move|p2a: Iron Valiant|Moonblast|p1a: Reuniclus
|-damage|p1a: Reuniclus|46/100
|move|p1a: Reuniclus|Recover|p1a: Reuniclus
|-heal|p1a: Reuniclus|97/100
|
|upkeep
|turn|37
|
|t:|1779855756
|move|p2a: Iron Valiant|Moonblast|p1a: Reuniclus
|-damage|p1a: Reuniclus|44/100
|-unboost|p1a: Reuniclus|spa|1
|move|p1a: Reuniclus|Recover|p1a: Reuniclus
|-heal|p1a: Reuniclus|94/100
|
|-end|p1a: Reuniclus|Encore
|upkeep
|turn|38
|
|t:|1779855760
|move|p2a: Iron Valiant|Encore|p1a: Reuniclus
|-start|p1a: Reuniclus|Encore
|move|p1a: Reuniclus|Recover|p1a: Reuniclus
|-heal|p1a: Reuniclus|100/100
|
|upkeep
|turn|39
|
|t:|1779855762
|move|p2a: Iron Valiant|Moonblast|p1a: Reuniclus
|-damage|p1a: Reuniclus|50/100
|move|p1a: Reuniclus|Recover|p1a: Reuniclus
|-heal|p1a: Reuniclus|99/100
|
|upkeep
|turn|40
|
|t:|1779855765
|move|p2a: Iron Valiant|Moonblast|p1a: Reuniclus
|-damage|p1a: Reuniclus|45/100
|-unboost|p1a: Reuniclus|spa|1
|move|p1a: Reuniclus|Recover|p1a: Reuniclus
|-heal|p1a: Reuniclus|95/100
|
|-end|p1a: Reuniclus|Encore
|upkeep
|turn|41
|
|t:|1779855769
|move|p2a: Iron Valiant|Encore|p1a: Reuniclus
|-start|p1a: Reuniclus|Encore
|move|p1a: Reuniclus|Recover|p1a: Reuniclus
|-heal|p1a: Reuniclus|100/100
|
|-end|p1a: Reuniclus|Encore
|upkeep
|turn|42
|
|t:|1779855774
|move|p2a: Iron Valiant|Moonblast|p1a: Reuniclus
|-damage|p1a: Reuniclus|52/100
|move|p1a: Reuniclus|Shadow Ball|p2a: Iron Valiant
|-damage|p2a: Iron Valiant|7/100
|
|upkeep
|turn|43
|
|t:|1779855781
|move|p2a: Iron Valiant|Moonblast|p1a: Reuniclus
|-damage|p1a: Reuniclus|0 fnt
|faint|p1a: Reuniclus
|
|win|csasasdasdas
|raw|PixelPenguin2's rating: 1387 &rarr; <strong>1369</strong><br />(-18 for losing)
|raw|csasasdasdas's rating: 1420 &rarr; <strong>1438</strong><br />(+18 for winning)
|l|☆PixelPenguin2
|player|p1|
|l|☆csasasdasdas
|player|p2|
