|j|☆esta man oe
|j|☆pepinoloko
|t:|1779813184
|gametype|singles
|player|p1|esta man oe|preschooler|1471
|player|p2|pepinoloko|byron|1509
|gen|9
|tier|[Gen 9] OU
|rated|
|rule|HP Percentage Mod: HP is shown in percentages
|rule|Endless Battle Clause: Forcing endless battles is banned
|rule|Species Clause: Limit one of each Pokémon
|rule|OHKO Clause: OHKO moves are banned
|rule|Evasion Items Clause: Evasion items are banned
|rule|Evasion Moves Clause: Evasion moves are banned
|rule|Evasion Abilities Clause: Evasion abilities are banned
|rule|Sleep Moves Clause: Sleep-inducing moves are banned
|clearpoke
|poke|p1|Torkoal, M|
|poke|p1|Pelipper, M|
|poke|p1|Walking Wake|
|poke|p1|Hatterene, F|
|poke|p1|Raging Bolt|
|poke|p1|Alomomola, F|
|poke|p2|Salazzle, F|
|poke|p2|Zoroark-Hisui, F|
|poke|p2|Cinderace, F|
|poke|p2|Toxapex, M|
|poke|p2|Chesnaught, F|
|poke|p2|Grimmsnarl, M|
|teampreview
|inactive|Battle timer is ON: inactive players will automatically lose when time's up. (requested by esta man oe)
|inactive|pepinoloko has 120 seconds left.
|inactive|pepinoloko has 90 seconds left.
|inactive|pepinoloko has 60 seconds left.
|
|t:|1779813293
|teamsize|p1|6
|teamsize|p2|6
|start
|switch|p1a: Raging Bolt|Raging Bolt|100/100
|switch|p2a: Love has a name|Grimmsnarl, M|100/100
|turn|1
|
|t:|1779813313
|move|p2a: Love has a name|Trick|p1a: Raging Bolt
|-activate|p2a: Love has a name|move: Trick|[of] p1a: Raging Bolt
|-item|p1a: Raging Bolt|Choice Scarf|[from] move: Trick
|-item|p2a: Love has a name|Choice Scarf|[from] move: Trick
|move|p1a: Raging Bolt|Volt Switch|p2a: Love has a name
|-damage|p2a: Love has a name|67/100
|
|t:|1779813319
|-end|p1a: Raging Bolt|Protosynthesis|[silent]
|switch|p1a: Torkoal|Torkoal, M|100/100|[from] Volt Switch
|-weather|SunnyDay|[from] ability: Drought|[of] p1a: Torkoal
|
|-weather|SunnyDay|[upkeep]
|upkeep
|turn|2
|inactive|pepinoloko has 120 seconds left.
|
|t:|1779813340
|switch|p1a: Raging Bolt|Raging Bolt|100/100
|-activate|p1a: Raging Bolt|ability: Protosynthesis
|-start|p1a: Raging Bolt|protosynthesisspa
|move|p2a: Love has a name|Parting Shot|p1a: Raging Bolt
|-unboost|p1a: Raging Bolt|atk|1
|-unboost|p1a: Raging Bolt|spa|1
|
|t:|1779813343
|switch|p2a: Sin poisons|Toxapex, M, shiny|100/100|[from] Parting Shot
|
|-weather|SunnyDay|[upkeep]
|upkeep
|turn|3
|
|t:|1779813347
|-terastallize|p2a: Sin poisons|Ground
|move|p1a: Raging Bolt|Volt Switch|p2a: Sin poisons
|-immune|p2a: Sin poisons
|move|p2a: Sin poisons|Toxic|p1a: Raging Bolt
|-status|p1a: Raging Bolt|tox
|
|-weather|SunnyDay|[upkeep]
|-damage|p1a: Raging Bolt|94/100 tox|[from] psn
|upkeep
|turn|4
|
|t:|1779813361
|-end|p1a: Raging Bolt|Protosynthesis|[silent]
|switch|p1a: Hatterene|Hatterene, F, shiny|100/100
|switch|p2a: Love has a name|Grimmsnarl, M|67/100
|
|-weather|SunnyDay|[upkeep]
|upkeep
|turn|5
|
|t:|1779813365
|switch|p1a: Raging Bolt|Raging Bolt|94/100 tox
|-activate|p1a: Raging Bolt|ability: Protosynthesis
|-start|p1a: Raging Bolt|protosynthesisspa
|move|p2a: Love has a name|Trick|p1a: Raging Bolt
|-activate|p2a: Love has a name|move: Trick|[of] p1a: Raging Bolt
|-item|p1a: Raging Bolt|Choice Scarf|[from] move: Trick
|-item|p2a: Love has a name|Choice Scarf|[from] move: Trick
|
|-weather|SunnyDay|[upkeep]
|-damage|p1a: Raging Bolt|88/100 tox|[from] psn
|upkeep
|turn|6
|
|t:|1779813374
|-end|p1a: Raging Bolt|Protosynthesis|[silent]
|switch|p1a: Walking Wake|Walking Wake|100/100
|-activate|p1a: Walking Wake|ability: Protosynthesis
|-start|p1a: Walking Wake|protosynthesisspa
|move|p2a: Love has a name|Parting Shot|p1a: Walking Wake
|-unboost|p1a: Walking Wake|atk|1
|-unboost|p1a: Walking Wake|spa|1
|
|t:|1779813385
|switch|p2a: Forgive|Salazzle, F|100/100|[from] Parting Shot
|
|-weather|SunnyDay|[upkeep]
|upkeep
|turn|7
|
|t:|1779813390
|-end|p1a: Walking Wake|Protosynthesis|[silent]
|switch|p1a: Raging Bolt|Raging Bolt|88/100 tox
|-activate|p1a: Raging Bolt|ability: Protosynthesis
|-start|p1a: Raging Bolt|protosynthesisspa
|move|p2a: Forgive|Substitute|p2a: Forgive
|-start|p2a: Forgive|Substitute
|-damage|p2a: Forgive|76/100
|
|-weather|SunnyDay|[upkeep]
|-heal|p2a: Forgive|82/100|[from] item: Leftovers
|-damage|p1a: Raging Bolt|82/100 tox|[from] psn
|upkeep
|turn|8
|
|t:|1779813393
|move|p1a: Raging Bolt|Volt Switch|p2a: Forgive
|-end|p2a: Forgive|Substitute
|
|t:|1779813395
|-end|p1a: Raging Bolt|Protosynthesis|[silent]
|switch|p1a: Hatterene|Hatterene, F, shiny|100/100|[from] Volt Switch
|move|p2a: Forgive|Flamethrower|p1a: Hatterene
|-damage|p1a: Hatterene|43/100
|-enditem|p1a: Hatterene|Eject Button
|
|t:|1779813399
|switch|p1a: Raging Bolt|Raging Bolt|82/100 tox
|-activate|p1a: Raging Bolt|ability: Protosynthesis
|-start|p1a: Raging Bolt|protosynthesisspa
|
|-weather|none
|-end|p1a: Raging Bolt|Protosynthesis
|-heal|p2a: Forgive|88/100|[from] item: Leftovers
|-damage|p1a: Raging Bolt|76/100 tox|[from] psn
|upkeep
|turn|9
|
|t:|1779813412
|switch|p2a: Love has a name|Grimmsnarl, M|67/100
|move|p1a: Raging Bolt|Draco Meteor|p2a: Love has a name
|-immune|p2a: Love has a name
|
|-damage|p1a: Raging Bolt|64/100 tox|[from] psn
|upkeep
|turn|10
|
|t:|1779813426
|-end|p1a: Raging Bolt|Protosynthesis|[silent]
|switch|p1a: Pelipper|Pelipper, M|100/100
|-weather|RainDance|[from] ability: Drizzle|[of] p1a: Pelipper
|move|p2a: Love has a name|Trick|p1a: Pelipper
|-activate|p2a: Love has a name|move: Trick|[of] p1a: Pelipper
|-item|p1a: Pelipper|Choice Scarf|[from] move: Trick
|-item|p2a: Love has a name|Damp Rock|[from] move: Trick
|
|-weather|RainDance|[upkeep]
|upkeep
|turn|11
|
|t:|1779813453
|move|p2a: Love has a name|Parting Shot|p1a: Pelipper
|-unboost|p1a: Pelipper|atk|1
|-unboost|p1a: Pelipper|spa|1
|inactive|pepinoloko has 120 seconds left.
|
|t:|1779813478
|switch|p2a: Chesnaught|Chesnaught, F|100/100|[from] Parting Shot
|move|p1a: Pelipper|U-turn|p2a: Chesnaught
|-damage|p2a: Chesnaught|97/100
|-damage|p1a: Pelipper|84/100|[from] item: Rocky Helmet|[of] p2a: Chesnaught
|
|t:|1779813485
|switch|p1a: Hatterene|Hatterene, F, shiny|43/100|[from] U-turn
|
|-weather|RainDance|[upkeep]
|upkeep
|turn|12
|inactive|pepinoloko has 120 seconds left.
|
|t:|1779813511
|move|p2a: Chesnaught|Spiky Shield|p2a: Chesnaught
|-singleturn|p2a: Chesnaught|move: Protect
|move|p1a: Hatterene|Psychic Noise|p2a: Chesnaught
|-activate|p2a: Chesnaught|move: Protect
|
|-weather|RainDance|[upkeep]
|upkeep
|turn|13
|
|t:|1779813521
|move|p2a: Chesnaught|Knock Off|p1a: Hatterene
|-damage|p1a: Hatterene|29/100
|move|p1a: Hatterene|Draining Kiss|p2a: Chesnaught
|-supereffective|p2a: Chesnaught
|-damage|p2a: Chesnaught|50/100
|-heal|p1a: Hatterene|71/100|[from] drain|[of] p2a: Chesnaught
|-damage|p1a: Hatterene|55/100|[from] item: Rocky Helmet|[of] p2a: Chesnaught
|
|-weather|RainDance|[upkeep]
|upkeep
|turn|14
|
|t:|1779813527
|switch|p2a: Love has a name|Grimmsnarl, M|67/100
|move|p1a: Hatterene|Psychic Noise|p2a: Love has a name
|-immune|p2a: Love has a name
|
|-weather|RainDance|[upkeep]
|upkeep
|turn|15
|inactive|pepinoloko has 120 seconds left.
|
|t:|1779813532
|move|p2a: Love has a name|Drain Punch|p1a: Hatterene
|-resisted|p1a: Hatterene
|-damage|p1a: Hatterene|50/100
|-heal|p2a: Love has a name|69/100|[from] drain|[of] p1a: Hatterene
|move|p1a: Hatterene|Draining Kiss|p2a: Love has a name
|-supereffective|p2a: Love has a name
|-damage|p2a: Love has a name|31/100
|-heal|p1a: Hatterene|84/100|[from] drain|[of] p2a: Love has a name
|
|-weather|RainDance|[upkeep]
|upkeep
|turn|16
|
|t:|1779813537
|move|p2a: Love has a name|Parting Shot|p1a: Hatterene
|move|p1a: Hatterene|Parting Shot|p2a: Love has a name|[from] ability: Magic Bounce
|-unboost|p2a: Love has a name|atk|1
|-unboost|p2a: Love has a name|spa|1
|
|t:|1779813542
|switch|p1a: Raging Bolt|Raging Bolt|64/100 tox|[from] Parting Shot
|
|-weather|RainDance|[upkeep]
|-damage|p1a: Raging Bolt|58/100 tox|[from] psn
|upkeep
|turn|17
|
|t:|1779813548
|move|p1a: Raging Bolt|Weather Ball|p2a: Love has a name
|-damage|p2a: Love has a name|0 fnt
|faint|p2a: Love has a name
|
|-weather|none
|-damage|p1a: Raging Bolt|45/100 tox|[from] psn
|upkeep
|
|t:|1779813557
|switch|p2a: Chesnaught|Chesnaught, F|100/100
|turn|18
|
|t:|1779813566
|-end|p1a: Raging Bolt|Protosynthesis|[silent]
|switch|p1a: Hatterene|Hatterene, F, shiny|84/100
|move|p2a: Chesnaught|Hyper Voice|p1a: Hatterene
|-damage|p1a: Hatterene|32/100
|
|upkeep
|turn|19
|
|t:|1779813572
|switch|p1a: Alomomola|Alomomola, F|100/100
|move|p2a: Chesnaught|Hyper Voice|p1a: Alomomola
|-damage|p1a: Alomomola|64/100
|
|upkeep
|turn|20
|j| hgghgbc
|l| hgghgbc
|
|t:|1779813581
|switch|p2a: Forgive|Salazzle, F|88/100
|move|p1a: Alomomola|Flip Turn|p2a: Forgive
|-supereffective|p2a: Forgive
|-damage|p2a: Forgive|36/100
|
|t:|1779813598
|switch|p1a: Raging Bolt|Raging Bolt|45/100 tox|[from] Flip Turn
|
|-heal|p2a: Forgive|42/100|[from] item: Leftovers
|-damage|p1a: Raging Bolt|39/100 tox|[from] psn
|upkeep
|turn|21
|
|t:|1779813610
|switch|p2a: Sin poisons|Toxapex, M, shiny, tera:Ground|100/100
|move|p1a: Raging Bolt|Draco Meteor|p2a: Sin poisons
|-damage|p2a: Sin poisons|49/100
|-unboost|p1a: Raging Bolt|spa|2
|
|-heal|p2a: Sin poisons|55/100|[from] item: Leftovers
|-damage|p1a: Raging Bolt|27/100 tox|[from] psn
|upkeep
|turn|22
|
|t:|1779813627
|-end|p1a: Raging Bolt|Protosynthesis|[silent]
|switch|p1a: Hatterene|Hatterene, F, shiny|32/100
|move|p2a: Sin poisons|Infestation|p1a: Hatterene
|-damage|p1a: Hatterene|28/100
|-activate|p1a: Hatterene|move: Infestation|[of] p2a: Sin poisons
|
|-heal|p2a: Sin poisons|62/100|[from] item: Leftovers
|-damage|p1a: Hatterene|16/100|[from] move: Infestation|[partiallytrapped]
|upkeep
|turn|23
|
|t:|1779813631
|move|p2a: Sin poisons|Baneful Bunker|p2a: Sin poisons
|-singleturn|p2a: Sin poisons|move: Protect
|move|p1a: Hatterene|Healing Wish|p1a: Hatterene
|faint|p1a: Hatterene
|
|-heal|p2a: Sin poisons|68/100|[from] item: Leftovers
|upkeep
|
|t:|1779813636
|switch|p1a: Raging Bolt|Raging Bolt|27/100 tox
|-heal|p1a: Raging Bolt|100/100|[from] move: Healing Wish
|turn|24
|
|t:|1779813664
|-end|p1a: Raging Bolt|Protosynthesis|[silent]
|switch|p1a: Walking Wake|Walking Wake|100/100
|move|p2a: Sin poisons|Toxic|p1a: Walking Wake
|-status|p1a: Walking Wake|tox
|
|-heal|p2a: Sin poisons|74/100|[from] item: Leftovers
|-damage|p1a: Walking Wake|94/100 tox|[from] psn
|upkeep
|turn|25
|
|t:|1779813682
|move|p2a: Sin poisons|Baneful Bunker|p2a: Sin poisons
|-singleturn|p2a: Sin poisons|move: Protect
|move|p1a: Walking Wake|Hydro Steam|p2a: Sin poisons
|-activate|p2a: Sin poisons|move: Protect
|
|-heal|p2a: Sin poisons|80/100|[from] item: Leftovers
|-damage|p1a: Walking Wake|82/100 tox|[from] psn
|upkeep
|turn|26
|
|t:|1779813689
|move|p1a: Walking Wake|Hydro Steam|p2a: Sin poisons
|-supereffective|p2a: Sin poisons
|-damage|p2a: Sin poisons|0 fnt
|faint|p2a: Sin poisons
|
|-damage|p1a: Walking Wake|63/100 tox|[from] psn
|upkeep
|
|t:|1779813693
|switch|p2a: Chesnaught|Chesnaught, F|100/100
|turn|27
|
|t:|1779813696
|-end|p1a: Walking Wake|Protosynthesis|[silent]
|switch|p1a: Torkoal|Torkoal, M|100/100
|-weather|SunnyDay|[from] ability: Drought|[of] p1a: Torkoal
|move|p2a: Chesnaught|Hex|p1a: Torkoal
|-damage|p1a: Torkoal|57/100
|
|-weather|SunnyDay|[upkeep]
|upkeep
|turn|28
|
|t:|1779813701
|switch|p1a: Alomomola|Alomomola, F|98/100
|move|p2a: Chesnaught|Hex|p1a: Alomomola
|-damage|p1a: Alomomola|72/100
|
|-weather|SunnyDay|[upkeep]
|upkeep
|turn|29
|
|t:|1779813704
|switch|p2a: Chesnaught|Chesnaught, F|50/100
|move|p1a: Alomomola|Flip Turn|p2a: Chesnaught
|-resisted|p2a: Chesnaught
|-damage|p2a: Chesnaught|48/100
|-damage|p1a: Alomomola|55/100|[from] item: Rocky Helmet|[of] p2a: Chesnaught
|
|t:|1779813711
|switch|p1a: Raging Bolt|Raging Bolt|100/100|[from] Flip Turn
|-activate|p1a: Raging Bolt|ability: Protosynthesis
|-start|p1a: Raging Bolt|protosynthesisspa
|
|-weather|SunnyDay|[upkeep]
|upkeep
|turn|30
|
|t:|1779813720
|move|p2a: Chesnaught|Spiky Shield|p2a: Chesnaught
|-singleturn|p2a: Chesnaught|move: Protect
|move|p1a: Raging Bolt|Weather Ball|p2a: Chesnaught
|-activate|p2a: Chesnaught|move: Protect
|
|-weather|SunnyDay|[upkeep]
|upkeep
|turn|31
|
|t:|1779813723
|switch|p2a: I U-turn on U|Cinderace, F|100/100
|move|p1a: Raging Bolt|Weather Ball|p2a: I U-turn on U
|-resisted|p2a: I U-turn on U
|-damage|p2a: I U-turn on U|52/100
|
|-weather|SunnyDay|[upkeep]
|upkeep
|turn|32
|
|t:|1779813726
|-end|p1a: Raging Bolt|Protosynthesis|[silent]
|switch|p1a: Pelipper|Pelipper, M|84/100
|-weather|RainDance|[from] ability: Drizzle|[of] p1a: Pelipper
|move|p2a: I U-turn on U|U-turn|p1a: Pelipper
|-start|p2a: I U-turn on U|typechange|Bug|[from] ability: Libero
|-resisted|p1a: Pelipper
|-damage|p1a: Pelipper|70/100
|
|t:|1779813731
|switch|p2a: Chesnaught|Chesnaught, F|48/100|[from] U-turn
|
|-weather|RainDance|[upkeep]
|upkeep
|turn|33
|
|t:|1779813736
|switch|p1a: Alomomola|Alomomola, F|89/100
|move|p2a: Chesnaught|Leech Seed|p1a: Alomomola
|-start|p1a: Alomomola|move: Leech Seed
|
|-weather|RainDance|[upkeep]
|-damage|p1a: Alomomola|76/100|[from] Leech Seed|[of] p2a: Chesnaught
|-heal|p2a: Chesnaught|65/100|[silent]
|upkeep
|turn|34
|
|t:|1779813740
|move|p2a: Chesnaught|Knock Off|p1a: Alomomola
|-damage|p1a: Alomomola|56/100
|-enditem|p1a: Alomomola|Heavy-Duty Boots|[from] move: Knock Off|[of] p2a: Chesnaught
|move|p1a: Alomomola|Flip Turn|p2a: Chesnaught
|-resisted|p2a: Chesnaught
|-damage|p2a: Chesnaught|58/100
|-damage|p1a: Alomomola|40/100|[from] item: Rocky Helmet|[of] p2a: Chesnaught
|
|t:|1779813745
|switch|p1a: Torkoal|Torkoal, M|57/100|[from] Flip Turn
|-weather|SunnyDay|[from] ability: Drought|[of] p1a: Torkoal
|
|-weather|SunnyDay|[upkeep]
|upkeep
|turn|35
|inactive|pepinoloko has 120 seconds left.
|inactive|pepinoloko has 90 seconds left.
|
|t:|1779813807
|switch|p2a: I U-turn on U|Cinderace, F|52/100
|move|p1a: Torkoal|Lava Plume|p2a: I U-turn on U
|-resisted|p2a: I U-turn on U
|-damage|p2a: I U-turn on U|25/100
|
|-weather|SunnyDay|[upkeep]
|upkeep
|turn|36
|
|t:|1779813815
|move|p2a: I U-turn on U|U-turn|p1a: Torkoal
|-start|p2a: I U-turn on U|typechange|Bug|[from] ability: Libero
|-resisted|p1a: Torkoal
|-damage|p1a: Torkoal|48/100
|
|t:|1779813818
|switch|p2a: I U-turn on U|Cinderace, F|100/100|[from] U-turn
|move|p1a: Torkoal|Lava Plume|p2a: I U-turn on U
|-damage|p2a: I U-turn on U|21/100
|-status|p2a: I U-turn on U|brn
|replace|p2a: The end is nigh|Zoroark-Hisui, F
|-end|p2a: The end is nigh|Illusion
|
|-weather|SunnyDay|[upkeep]
|-damage|p2a: The end is nigh|15/100 brn|[from] brn
|upkeep
|turn|37
|
|t:|1779813837
|switch|p1a: Raging Bolt|Raging Bolt|100/100
|-activate|p1a: Raging Bolt|ability: Protosynthesis
|-start|p1a: Raging Bolt|protosynthesisspa
|move|p2a: The end is nigh|Hyper Voice|p1a: Raging Bolt
|-damage|p1a: Raging Bolt|60/100
|
|-weather|SunnyDay|[upkeep]
|-damage|p2a: The end is nigh|9/100 brn|[from] brn
|upkeep
|turn|38
|
|t:|1779813840
|move|p2a: The end is nigh|Hyper Voice|p1a: Raging Bolt
|-damage|p1a: Raging Bolt|14/100
|move|p1a: Raging Bolt|Volt Switch|p2a: The end is nigh
|-damage|p2a: The end is nigh|0 fnt
|faint|p2a: The end is nigh
|
|t:|1779813849
|-end|p1a: Raging Bolt|Protosynthesis|[silent]
|switch|p1a: Pelipper|Pelipper, M|70/100|[from] Volt Switch
|-weather|RainDance|[from] ability: Drizzle|[of] p1a: Pelipper
|
|-weather|RainDance|[upkeep]
|upkeep
|
|t:|1779813854
|switch|p2a: Forgive|Salazzle, F|42/100
|turn|39
|
|t:|1779813857
|move|p2a: Forgive|Substitute|p2a: Forgive
|-start|p2a: Forgive|Substitute
|-damage|p2a: Forgive|18/100
|move|p1a: Pelipper|U-turn|p2a: Forgive
|-resisted|p2a: Forgive
|-activate|p2a: Forgive|move: Substitute|[damage]
|
|t:|1779813859
|switch|p1a: Alomomola|Alomomola, F|73/100|[from] U-turn
|
|-weather|RainDance|[upkeep]
|-heal|p2a: Forgive|24/100|[from] item: Leftovers
|upkeep
|turn|40
|
|t:|1779813862
|move|p2a: Forgive|Toxic|p1a: Alomomola
|-status|p1a: Alomomola|tox
|move|p1a: Alomomola|Flip Turn|p2a: Forgive
|-supereffective|p2a: Forgive
|-end|p2a: Forgive|Substitute
|
|t:|1779813864
|switch|p1a: Raging Bolt|Raging Bolt|14/100|[from] Flip Turn
|
|-weather|RainDance|[upkeep]
|-heal|p2a: Forgive|30/100|[from] item: Leftovers
|upkeep
|turn|41
|
|t:|1779813869
|move|p1a: Raging Bolt|Volt Switch|p2a: Forgive
|-damage|p2a: Forgive|0 fnt
|faint|p2a: Forgive
|
|t:|1779813872
|-end|p1a: Raging Bolt|Protosynthesis|[silent]
|switch|p1a: Torkoal|Torkoal, M|48/100|[from] Volt Switch
|-weather|SunnyDay|[from] ability: Drought|[of] p1a: Torkoal
|
|-weather|SunnyDay|[upkeep]
|upkeep
|
|t:|1779813875
|switch|p2a: I U-turn on U|Cinderace, F|25/100
|turn|42
|
|t:|1779813897
|switch|p1a: Pelipper|Pelipper, M|70/100
|-weather|RainDance|[from] ability: Drizzle|[of] p1a: Pelipper
|move|p2a: I U-turn on U|Pyro Ball|p1a: Pelipper
|-resisted|p1a: Pelipper
|-damage|p1a: Pelipper|59/100
|
|-weather|RainDance|[upkeep]
|upkeep
|turn|43
|inactive|pepinoloko has 120 seconds left.
|
|t:|1779813935
|move|p2a: I U-turn on U|Sucker Punch|p1a: Pelipper
|-start|p2a: I U-turn on U|typechange|Dark|[from] ability: Libero
|-damage|p1a: Pelipper|34/100
|move|p1a: Pelipper|Hurricane|p2a: I U-turn on U
|-damage|p2a: I U-turn on U|0 fnt
|faint|p2a: I U-turn on U
|
|-weather|RainDance|[upkeep]
|upkeep
|-message|pepinoloko forfeited.
|
|win|esta man oe
|raw|esta man oe's rating: 1471 &rarr; <strong>1493</strong><br />(+22 for winning)
|raw|pepinoloko's rating: 1509 &rarr; <strong>1487</strong><br />(-22 for losing)
|l|☆pepinoloko
|player|p2|
|l|☆esta man oe
|player|p1|
