|j|☆JangarRifin
|j|‽zamrod0303
|t:|1779945994
|gametype|singles
|player|p1|JangarRifin|102|1377
|player|p2|zamrod0303|swimmerf|1449
|gen|9
|tier|[Gen 9] OU
|rated|
|rule|HP Percentage Mod: HP is shown in percentages
|rule|Endless Battle Clause: Forcing endless battles is banned
|rule|Species Clause: Limit one of each Pokémon
|rule|OHKO Clause: OHKO moves are banned
|rule|Evasion Items Clause: Evasion items are banned
|rule|Evasion Moves Clause: Evasion moves are banned
|rule|Evasion Abilities Clause: Evasion abilities are banned
|rule|Sleep Moves Clause: Sleep-inducing moves are banned
|clearpoke
|poke|p1|Garganacl, M|
|poke|p1|Cinderace, F|
|poke|p1|Iron Valiant|
|poke|p1|Kyurem|
|poke|p1|Great Tusk|
|poke|p1|Kingambit, F|
|poke|p2|Slowking-Galar, M|
|poke|p2|Rillaboom, F|
|poke|p2|Great Tusk|
|poke|p2|Clefable, M|
|poke|p2|Hydreigon, M|
|poke|p2|Gholdengo|
|teampreview
|inactive|Battle timer is ON: inactive players will automatically lose when time's up. (requested by zamrod0303)
|
|t:|1779946014
|teamsize|p1|6
|teamsize|p2|6
|start
|switch|p1a: Astrophage|Kyurem|100/100
|switch|p2a: Clefable|Clefable, M|100/100
|-ability|p1a: Astrophage|Pressure
|turn|1
|
|t:|1779946029
|move|p1a: Astrophage|Substitute|p1a: Astrophage
|-start|p1a: Astrophage|Substitute
|-damage|p1a: Astrophage|75/100
|move|p2a: Clefable|Stealth Rock|p1a: Astrophage
|-sidestart|p1: JangarRifin|move: Stealth Rock
|
|-heal|p1a: Astrophage|82/100|[from] item: Leftovers
|upkeep
|turn|2
|
|t:|1779946033
|move|p1a: Astrophage|Protect|p1a: Astrophage
|-singleturn|p1a: Astrophage|Protect
|move|p2a: Clefable|Moonblast|p1a: Astrophage
|-activate|p1a: Astrophage|move: Protect
|
|-heal|p1a: Astrophage|88/100|[from] item: Leftovers
|upkeep
|turn|3
|
|t:|1779946039
|move|p1a: Astrophage|Freeze-Dry|p2a: Clefable
|-damage|p2a: Clefable|68/100
|move|p2a: Clefable|Moonblast|p1a: Astrophage
|-supereffective|p1a: Astrophage
|-end|p1a: Astrophage|Substitute
|
|-heal|p1a: Astrophage|94/100|[from] item: Leftovers
|upkeep
|turn|4
|
|t:|1779946049
|switch|p2a: Slowking|Slowking-Galar, M|100/100
|move|p1a: Astrophage|Substitute|p1a: Astrophage
|-start|p1a: Astrophage|Substitute
|-damage|p1a: Astrophage|69/100
|
|-heal|p1a: Astrophage|75/100|[from] item: Leftovers
|upkeep
|turn|5
|
|t:|1779946055
|move|p1a: Astrophage|Earth Power|p2a: Slowking
|-supereffective|p2a: Slowking
|-crit|p2a: Slowking
|-damage|p2a: Slowking|54/100
|move|p2a: Slowking|Future Sight|p1a: Astrophage
|-start|p2a: Slowking|move: Future Sight
|
|-heal|p1a: Astrophage|81/100|[from] item: Leftovers
|upkeep
|turn|6
|
|t:|1779946064
|move|p1a: Astrophage|Earth Power|p2a: Slowking
|-supereffective|p2a: Slowking
|-damage|p2a: Slowking|22/100
|move|p2a: Slowking|Psychic Noise|p1a: Astrophage
|-damage|p1a: Astrophage|46/100
|-start|p1a: Astrophage|move: Heal Block
|
|upkeep
|turn|7
|
|t:|1779946083
|switch|p2a: Clefable|Clefable, M|68/100
|move|p1a: Astrophage|Freeze-Dry|p2a: Clefable
|-damage|p2a: Clefable|32/100
|
|-end|p1a: Astrophage|move: Future Sight
|-end|p1a: Astrophage|Substitute
|-end|p1a: Astrophage|move: Heal Block
|upkeep
|turn|8
|
|t:|1779946103
|switch|p2a: Gholdengo|Gholdengo|100/100
|move|p1a: Astrophage|Freeze-Dry|p2a: Gholdengo
|-resisted|p2a: Gholdengo
|-damage|p2a: Gholdengo|78/100
|
|-heal|p1a: Astrophage|52/100|[from] item: Leftovers
|upkeep
|turn|9
|
|t:|1779946112
|move|p1a: Astrophage|Protect|p1a: Astrophage
|-singleturn|p1a: Astrophage|Protect
|move|p2a: Gholdengo|Trick|p1a: Astrophage
|-activate|p1a: Astrophage|move: Protect
|
|-heal|p1a: Astrophage|58/100|[from] item: Leftovers
|upkeep
|turn|10
|
|t:|1779946130
|move|p2a: Gholdengo|Trick|p1a: Astrophage
|-activate|p2a: Gholdengo|move: Trick|[of] p1a: Astrophage
|-item|p1a: Astrophage|Choice Scarf|[from] move: Trick
|-item|p2a: Gholdengo|Leftovers|[from] move: Trick
|move|p1a: Astrophage|Earth Power|p2a: Gholdengo
|-supereffective|p2a: Gholdengo
|-damage|p2a: Gholdengo|7/100
|
|-heal|p2a: Gholdengo|13/100|[from] item: Leftovers
|upkeep
|turn|11
|inactive|zamrod0303 has 120 seconds left.
|
|t:|1779946155
|switch|p1a: Rocky|Garganacl, M|100/100
|-damage|p1a: Rocky|88/100|[from] Stealth Rock
|move|p2a: Gholdengo|Thunder Wave|p1a: Rocky
|-immune|p1a: Rocky|[from] ability: Purifying Salt
|
|-heal|p2a: Gholdengo|19/100|[from] item: Leftovers
|-heal|p1a: Rocky|94/100|[from] item: Leftovers
|upkeep
|turn|12
|inactive|zamrod0303 has 120 seconds left.
|
|t:|1779946168
|move|p2a: Gholdengo|Make It Rain|p1a: Rocky
|-supereffective|p1a: Rocky
|-crit|p1a: Rocky
|-damage|p1a: Rocky|0 fnt
|-unboost|p2a: Gholdengo|spa|1
|faint|p1a: Rocky
|
|-heal|p2a: Gholdengo|25/100|[from] item: Leftovers
|upkeep
|
|t:|1779946171
|switch|p1a: Grace|Cinderace, F|100/100
|turn|13
|
|t:|1779946174
|move|p1a: Grace|Pyro Ball|p2a: Gholdengo
|-supereffective|p2a: Gholdengo
|-damage|p2a: Gholdengo|0 fnt
|faint|p2a: Gholdengo
|
|upkeep
|
|t:|1779946180
|switch|p2a: Great Tusk|Great Tusk|100/100
|turn|14
|inactive|JangarRifin has 120 seconds left.
|
|t:|1779946229
|move|p1a: Grace|Pyro Ball|p2a: Great Tusk
|-damage|p2a: Great Tusk|59/100
|move|p2a: Great Tusk|Rapid Spin|p1a: Grace
|-damage|p1a: Grace|76/100
|-boost|p2a: Great Tusk|spe|1
|
|upkeep
|turn|15
|
|t:|1779946236
|switch|p1a: Taumoeba|Great Tusk|100/100
|move|p2a: Great Tusk|Headlong Rush|p1a: Taumoeba
|-damage|p1a: Taumoeba|55/100
|-unboost|p2a: Great Tusk|def|1
|-unboost|p2a: Great Tusk|spd|1
|
|upkeep
|turn|16
|
|t:|1779946253
|move|p2a: Great Tusk|Ice Spinner|p1a: Taumoeba
|-supereffective|p1a: Taumoeba
|-damage|p1a: Taumoeba|14/100
|move|p1a: Taumoeba|Ice Spinner|p2a: Great Tusk
|-supereffective|p2a: Great Tusk
|-damage|p2a: Great Tusk|0 fnt
|-damage|p1a: Taumoeba|0 fnt|[from] item: Rocky Helmet|[of] p2a: Great Tusk
|faint|p2a: Great Tusk
|-end|p2a: Great Tusk|Protosynthesis|[silent]
|faint|p1a: Taumoeba
|-end|p1a: Taumoeba|Protosynthesis|[silent]
|
|upkeep
|inactive|JangarRifin has 120 seconds left.
|
|t:|1779946278
|switch|p2a: Clefable|Clefable, M|32/100
|switch|p1a: Grace|Cinderace, F|76/100
|turn|17
|
|t:|1779946282
|move|p1a: Grace|Pyro Ball|p2a: Clefable
|-damage|p2a: Clefable|0 fnt
|faint|p2a: Clefable
|
|upkeep
|
|t:|1779946289
|switch|p2a: Hydreigon|Hydreigon, M|100/100
|turn|18
|
|t:|1779946300
|-terastallize|p2a: Hydreigon|Steel
|move|p1a: Grace|U-turn|p2a: Hydreigon
|-resisted|p2a: Hydreigon
|-damage|p2a: Hydreigon|89/100
|
|t:|1779946306
|switch|p1a: Astrophage|Kyurem|58/100|[from] U-turn
|-damage|p1a: Astrophage|33/100|[from] Stealth Rock
|-ability|p1a: Astrophage|Pressure
|move|p2a: Hydreigon|Dark Pulse|p1a: Astrophage
|-damage|p1a: Astrophage|0 fnt
|faint|p1a: Astrophage
|
|upkeep
|
|t:|1779946309
|switch|p1a: Adrian|Iron Valiant|100/100
|-damage|p1a: Adrian|94/100|[from] Stealth Rock
|-enditem|p1a: Adrian|Booster Energy
|-activate|p1a: Adrian|ability: Quark Drive|[fromitem]
|-start|p1a: Adrian|quarkdrivespe
|turn|19
|
|t:|1779946324
|switch|p2a: Slowking|Slowking-Galar, M|55/100
|move|p1a: Adrian|Encore||[still]
|-fail|p1a: Adrian
|
|upkeep
|turn|20
|
|t:|1779946331
|-terastallize|p1a: Adrian|Ghost
|move|p1a: Adrian|Shadow Ball|p2a: Slowking
|-supereffective|p2a: Slowking
|-crit|p2a: Slowking
|-damage|p2a: Slowking|0 fnt
|faint|p2a: Slowking
|
|upkeep
|l|☆JangarRifin
|inactive|JangarRifin disconnected and has a minute to reconnect!
|player|p1|
|
|t:|1779946345
|switch|p2a: Hydreigon|Hydreigon, M, tera:Steel|89/100
|turn|21
|j|☆JangarRifin
|inactive|JangarRifin reconnected and has 130 seconds left.
|player|p1|JangarRifin|102|
|inactive|JangarRifin has 120 seconds left.
|
|t:|1779946380
|-end|p1a: Adrian|Quark Drive|[silent]
|switch|p1a: Hail Mary|Kingambit, F|100/100
|-damage|p1a: Hail Mary|94/100|[from] Stealth Rock
|-activate|p1a: Hail Mary|ability: Supreme Overlord
|-start|p1a: Hail Mary|fallen3|[silent]
|move|p2a: Hydreigon|Dark Pulse|p1a: Hail Mary
|-resisted|p1a: Hail Mary
|-damage|p1a: Hail Mary|65/100
|
|-heal|p1a: Hail Mary|72/100|[from] item: Leftovers
|upkeep
|turn|22
|
|t:|1779946392
|move|p2a: Hydreigon|Dark Pulse|p1a: Hail Mary
|-resisted|p1a: Hail Mary
|-damage|p1a: Hail Mary|44/100
|cant|p1a: Hail Mary|flinch
|
|-heal|p1a: Hail Mary|50/100|[from] item: Leftovers
|upkeep
|turn|23
|
|t:|1779946398
|move|p1a: Hail Mary|Sucker Punch|p2a: Hydreigon
|-damage|p2a: Hydreigon|23/100
|move|p2a: Hydreigon|Dark Pulse|p1a: Hail Mary
|-resisted|p1a: Hail Mary
|-damage|p1a: Hail Mary|22/100
|
|-heal|p1a: Hail Mary|28/100|[from] item: Leftovers
|upkeep
|turn|24
|
|t:|1779946403
|switch|p2a: Rillaboom|Rillaboom, F|100/100
|-fieldstart|move: Grassy Terrain|[from] ability: Grassy Surge|[of] p2a: Rillaboom
|move|p1a: Hail Mary|Kowtow Cleave|p2a: Rillaboom
|-damage|p2a: Rillaboom|25/100
|
|-heal|p2a: Rillaboom|31/100|[from] Grassy Terrain
|-heal|p1a: Hail Mary|34/100|[from] Grassy Terrain
|-heal|p1a: Hail Mary|40/100|[from] item: Leftovers
|upkeep
|turn|25
|
|t:|1779946409
|move|p2a: Rillaboom|Grassy Glide|p1a: Hail Mary
|-resisted|p1a: Hail Mary
|-damage|p1a: Hail Mary|20/100
|move|p1a: Hail Mary|Kowtow Cleave|p2a: Rillaboom
|-damage|p2a: Rillaboom|0 fnt
|faint|p2a: Rillaboom
|
|-heal|p1a: Hail Mary|26/100|[from] Grassy Terrain
|-heal|p1a: Hail Mary|32/100|[from] item: Leftovers
|upkeep
|-message|zamrod0303 forfeited.
|
|win|JangarRifin
|raw|JangarRifin's rating: 1377 &rarr; <strong>1401</strong><br />(+24 for winning)
|raw|zamrod0303's rating: 1449 &rarr; <strong>1425</strong><br />(-24 for losing)
|l|‽zamrod0303
|player|p2|
|l|☆JangarRifin
|player|p1|
