|j|☆testteambill2
|j|☆hattybatty304
|t:|1779965631
|gametype|singles
|player|p1|testteambill2|266|1469
|player|p2|hattybatty304|swimmerf|1406
|gen|9
|tier|[Gen 9] OU
|rated|
|rule|HP Percentage Mod: HP is shown in percentages
|rule|Endless Battle Clause: Forcing endless battles is banned
|rule|Species Clause: Limit one of each Pokémon
|rule|OHKO Clause: OHKO moves are banned
|rule|Evasion Items Clause: Evasion items are banned
|rule|Evasion Moves Clause: Evasion moves are banned
|rule|Evasion Abilities Clause: Evasion abilities are banned
|rule|Sleep Moves Clause: Sleep-inducing moves are banned
|clearpoke
|poke|p1|Tinkaton, F|
|poke|p1|Serperior, M|
|poke|p1|Indeedee, M|
|poke|p1|Araquanid, M|
|poke|p1|Great Tusk|
|poke|p1|Hawlucha, M|
|poke|p2|Hatterene, F|
|poke|p2|Pecharunt|
|poke|p2|Meowscarada, F|
|poke|p2|Primarina, F|
|poke|p2|Cinderace, F|
|poke|p2|Oricorio-Pom-Pom, F|
|teampreview
|inactive|Battle timer is ON: inactive players will automatically lose when time's up. (requested by hattybatty304)
|
|t:|1779965648
|teamsize|p1|6
|teamsize|p2|6
|start
|switch|p1a: Indeedee|Indeedee, M, shiny|100/100
|switch|p2a: Marsha pj|Hatterene, F|100/100
|-fieldstart|move: Psychic Terrain|[from] ability: Psychic Surge|[of] p1a: Indeedee
|turn|1
|
|t:|1779965658
|move|p1a: Indeedee|Expanding Force|p2a: Marsha pj
|-resisted|p2a: Marsha pj
|-damage|p2a: Marsha pj|75/100
|move|p2a: Marsha pj|Nuzzle|p1a: Indeedee
|-damage|p1a: Indeedee|91/100
|-status|p1a: Indeedee|par
|
|upkeep
|turn|2
|
|t:|1779965662
|cant|p1a: Indeedee|par
|move|p2a: Marsha pj|Mystical Fire|p1a: Indeedee
|-damage|p1a: Indeedee|60/100 par
|-unboost|p1a: Indeedee|spa|1
|
|upkeep
|turn|3
|
|t:|1779965667
|switch|p1a: Araquanid|Araquanid, M, shiny|100/100
|move|p2a: Marsha pj|Psychic Noise|p1a: Araquanid
|-damage|p1a: Araquanid|63/100
|-start|p1a: Araquanid|move: Heal Block
|
|upkeep
|turn|4
|
|t:|1779965677
|move|p1a: Araquanid|Liquidation|p2a: Marsha pj
|-damage|p2a: Marsha pj|6/100
|move|p2a: Marsha pj|Psychic Noise|p1a: Araquanid
|-damage|p1a: Araquanid|30/100
|
|-end|p1a: Araquanid|move: Heal Block
|upkeep
|turn|5
|
|t:|1779965695
|switch|p1a: Tinkaton|Tinkaton, F, shiny|100/100
|-item|p1a: Tinkaton|Air Balloon
|move|p2a: Marsha pj|Psychic Noise|p1a: Tinkaton
|-resisted|p1a: Tinkaton
|-damage|p1a: Tinkaton|83/100
|-start|p1a: Tinkaton|move: Heal Block
|-enditem|p1a: Tinkaton|Air Balloon
|
|-fieldend|move: Psychic Terrain
|upkeep
|turn|6
|
|t:|1779965699
|move|p1a: Tinkaton|Knock Off|p2a: Marsha pj
|-damage|p2a: Marsha pj|0 fnt
|-enditem|p2a: Marsha pj|Assault Vest|[from] move: Knock Off|[of] p1a: Tinkaton
|faint|p2a: Marsha pj
|
|-end|p1a: Tinkaton|move: Heal Block
|upkeep
|
|t:|1779965705
|switch|p2a: Mosquito|Pecharunt|100/100
|turn|7
|
|t:|1779965710
|switch|p1a: Indeedee|Indeedee, M, shiny|60/100 par
|-fieldstart|move: Psychic Terrain|[from] ability: Psychic Surge|[of] p1a: Indeedee
|move|p2a: Mosquito|Shadow Ball|p1a: Indeedee
|-immune|p1a: Indeedee
|
|upkeep
|turn|8
|
|t:|1779965715
|switch|p2a: Rapunzal|Primarina, F, shiny|100/100
|switch|p1a: Tinkaton|Tinkaton, F, shiny|83/100
|
|upkeep
|turn|9
|
|t:|1779965719
|switch|p2a: Mosquito|Pecharunt|100/100
|move|p1a: Tinkaton|Thunder Wave|p2a: Mosquito
|-status|p2a: Mosquito|par
|
|upkeep
|turn|10
|
|t:|1779965726
|move|p1a: Tinkaton|Stealth Rock|p2a: Mosquito
|-sidestart|p2: hattybatty304|move: Stealth Rock
|move|p2a: Mosquito|Nasty Plot|p2a: Mosquito
|-boost|p2a: Mosquito|spa|2
|
|upkeep
|turn|11
|
|t:|1779965734
|switch|p2a: Rapunzal|Primarina, F, shiny|100/100
|-damage|p2a: Rapunzal|88/100|[from] Stealth Rock
|move|p1a: Tinkaton|Encore||[still]
|-fail|p1a: Tinkaton
|
|-fieldend|move: Psychic Terrain
|upkeep
|turn|12
|
|t:|1779965740
|switch|p2a: Mosquito|Pecharunt|100/100 par
|-damage|p2a: Mosquito|88/100 par|[from] Stealth Rock
|move|p1a: Tinkaton|Thunder Wave|p2a: Mosquito
|-fail|p2a: Mosquito|par
|
|upkeep
|turn|13
|
|t:|1779965746
|switch|p1a: Indeedee|Indeedee, M, shiny|60/100 par
|-fieldstart|move: Psychic Terrain|[from] ability: Psychic Surge|[of] p1a: Indeedee
|move|p2a: Mosquito|Malignant Chain|p1a: Indeedee
|-damage|p1a: Indeedee|15/100 par
|
|upkeep
|turn|14
|
|t:|1779965767
|switch|p2a: Miss TakeYoMan|Meowscarada, F|100/100
|-damage|p2a: Miss TakeYoMan|88/100|[from] Stealth Rock
|cant|p1a: Indeedee|par
|
|upkeep
|turn|15
|
|t:|1779965774
|switch|p1a: Tinkaton|Tinkaton, F, shiny|83/100
|move|p2a: Miss TakeYoMan|U-turn|p1a: Tinkaton
|-start|p2a: Miss TakeYoMan|typechange|Bug|[from] ability: Protean
|-resisted|p1a: Tinkaton
|-damage|p1a: Tinkaton|73/100
|-enditem|p2a: Miss TakeYoMan|Choice Band|[silent]|[from] ability: Pickpocket|[of] p2a: Miss TakeYoMan
|-item|p1a: Tinkaton|Choice Band|[from] ability: Pickpocket|[of] p2a: Miss TakeYoMan
|
|t:|1779965777
|switch|p2a: Lm10|Cinderace, F|100/100|[from] U-turn
|
|upkeep
|turn|16
|
|t:|1779965783
|move|p2a: Lm10|Will-O-Wisp|p1a: Tinkaton|[miss]
|-miss|p2a: Lm10|p1a: Tinkaton
|move|p1a: Tinkaton|Thunder Wave|p2a: Lm10
|-status|p2a: Lm10|par
|
|upkeep
|turn|17
|
|t:|1779965788
|switch|p1a: Araquanid|Araquanid, M, shiny|30/100
|move|p2a: Lm10|Pyro Ball|p1a: Araquanid
|-damage|p1a: Araquanid|0 fnt
|faint|p1a: Araquanid
|
|-fieldend|move: Psychic Terrain
|upkeep
|
|t:|1779965802
|switch|p1a: Great Tusk|Great Tusk, shiny|100/100
|turn|18
|
|t:|1779965809
|move|p1a: Great Tusk|Rapid Spin|p2a: Lm10
|-damage|p2a: Lm10|71/100 par
|-boost|p1a: Great Tusk|spe|1
|cant|p2a: Lm10|par
|
|upkeep
|turn|19
|
|t:|1779965812
|move|p1a: Great Tusk|Headlong Rush|p2a: Lm10
|-supereffective|p2a: Lm10
|-damage|p2a: Lm10|0 fnt
|-unboost|p1a: Great Tusk|def|1
|-unboost|p1a: Great Tusk|spd|1
|faint|p2a: Lm10
|
|upkeep
|
|t:|1779965818
|switch|p2a: gimme a W|Oricorio-Pom-Pom, F|100/100
|-damage|p2a: gimme a W|76/100|[from] Stealth Rock
|turn|20
|
|t:|1779965820
|move|p1a: Great Tusk|Ice Spinner|p2a: gimme a W
|-supereffective|p2a: gimme a W
|-damage|p2a: gimme a W|25/100
|-enditem|p2a: gimme a W|Kee Berry|[eat]
|-boost|p2a: gimme a W|def|1|[from] item: Kee Berry
|move|p2a: gimme a W|Quiver Dance|p2a: gimme a W
|-boost|p2a: gimme a W|spa|1
|-boost|p2a: gimme a W|spd|1
|-boost|p2a: gimme a W|spe|1
|
|upkeep
|turn|21
|
|t:|1779965827
|move|p1a: Great Tusk|Ice Spinner|p2a: gimme a W
|-supereffective|p2a: gimme a W
|-damage|p2a: gimme a W|0 fnt
|faint|p2a: gimme a W
|
|upkeep
|
|t:|1779965831
|switch|p2a: Miss TakeYoMan|Meowscarada, F|88/100
|-damage|p2a: Miss TakeYoMan|76/100|[from] Stealth Rock
|turn|22
|
|t:|1779965838
|move|p2a: Miss TakeYoMan|Sucker Punch|p1a: Great Tusk
|-start|p2a: Miss TakeYoMan|typechange|Dark|[from] ability: Protean
|-resisted|p1a: Great Tusk
|-damage|p1a: Great Tusk|81/100
|move|p1a: Great Tusk|Ice Spinner|p2a: Miss TakeYoMan
|-damage|p2a: Miss TakeYoMan|25/100
|
|upkeep
|turn|23
|
|t:|1779965844
|move|p1a: Great Tusk|Ice Spinner|p2a: Miss TakeYoMan
|-damage|p2a: Miss TakeYoMan|0 fnt
|faint|p2a: Miss TakeYoMan
|
|upkeep
|
|t:|1779965847
|switch|p2a: Mosquito|Pecharunt|88/100 par
|-damage|p2a: Mosquito|76/100 par|[from] Stealth Rock
|turn|24
|
|t:|1779965850
|move|p1a: Great Tusk|Headlong Rush|p2a: Mosquito
|-supereffective|p2a: Mosquito
|-damage|p2a: Mosquito|15/100 par
|-unboost|p1a: Great Tusk|def|1
|-unboost|p1a: Great Tusk|spd|1
|-damage|p1a: Great Tusk|65/100|[from] item: Rocky Helmet|[of] p2a: Mosquito
|move|p2a: Mosquito|Malignant Chain|p1a: Great Tusk
|-resisted|p1a: Great Tusk
|-damage|p1a: Great Tusk|21/100
|-status|p1a: Great Tusk|tox
|-start|p1a: Great Tusk|confusion|[from] ability: Poison Puppeteer|[of] p2a: Mosquito
|
|-damage|p1a: Great Tusk|15/100 tox|[from] psn
|upkeep
|turn|25
|
|t:|1779965854
|-activate|p1a: Great Tusk|confusion
|move|p1a: Great Tusk|Supercell Slam|p2a: Mosquito
|-crit|p2a: Mosquito
|-damage|p2a: Mosquito|0 fnt
|-damage|p1a: Great Tusk|0 fnt|[from] item: Rocky Helmet|[of] p2a: Mosquito
|faint|p2a: Mosquito
|faint|p1a: Great Tusk
|-end|p1a: Great Tusk|Protosynthesis|[silent]
|
|upkeep
|
|t:|1779965858
|switch|p1a: Serperior|Serperior, M, shiny|100/100
|switch|p2a: Rapunzal|Primarina, F, shiny|88/100
|-damage|p2a: Rapunzal|76/100|[from] Stealth Rock
|turn|26
|
|t:|1779965865
|move|p1a: Serperior|Leaf Storm|p2a: Rapunzal
|-supereffective|p2a: Rapunzal
|-damage|p2a: Rapunzal|26/100
|-boost|p1a: Serperior|spa|2
|move|p2a: Rapunzal|Draining Kiss|p1a: Serperior
|-damage|p1a: Serperior|70/100
|-heal|p2a: Rapunzal|45/100|[from] drain|[of] p1a: Serperior
|
|-heal|p1a: Serperior|76/100|[from] item: Leftovers
|upkeep
|turn|27
|
|t:|1779965868
|move|p1a: Serperior|Leaf Storm|p2a: Rapunzal
|-supereffective|p2a: Rapunzal
|-damage|p2a: Rapunzal|0 fnt
|-boost|p1a: Serperior|spa|2
|faint|p2a: Rapunzal
|
|win|testteambill2
|raw|testteambill2's rating: 1469 &rarr; <strong>1485</strong><br />(+16 for winning)
|raw|hattybatty304's rating: 1406 &rarr; <strong>1390</strong><br />(-16 for losing)
|l|☆hattybatty304
|player|p2|
|l|☆testteambill2
|player|p1|
