|j|☆Mcalmic
|j|☆waplejoos
|t:|1779944608
|gametype|singles
|player|p1|Mcalmic|2|1361
|player|p2|waplejoos|alder|1275
|gen|9
|tier|[Gen 9] OU
|rated|
|rule|HP Percentage Mod: HP is shown in percentages
|rule|Endless Battle Clause: Forcing endless battles is banned
|rule|Species Clause: Limit one of each Pokémon
|rule|OHKO Clause: OHKO moves are banned
|rule|Evasion Items Clause: Evasion items are banned
|rule|Evasion Moves Clause: Evasion moves are banned
|rule|Evasion Abilities Clause: Evasion abilities are banned
|rule|Sleep Moves Clause: Sleep-inducing moves are banned
|clearpoke
|poke|p1|Gliscor, M|
|poke|p1|Gholdengo|
|poke|p1|Dragonite, F|
|poke|p1|Ting-Lu|
|poke|p1|Darkrai|
|poke|p1|Zamazenta-*|
|poke|p2|Blaziken, M|
|poke|p2|Ninetales, F|
|poke|p2|Cinderace, F|
|poke|p2|Walking Wake|
|poke|p2|Great Tusk|
|poke|p2|Lilligant, F|
|teampreview
|inactive|Battle timer is ON: inactive players will automatically lose when time's up. (requested by waplejoos)
|
|t:|1779944621
|teamsize|p1|6
|teamsize|p2|6
|start
|switch|p1a: Gliscor|Gliscor, M|100/100
|switch|p2a: Ninetales|Ninetales, F, shiny|100/100
|-weather|SunnyDay|[from] ability: Drought|[of] p2a: Ninetales
|turn|1
|
|t:|1779944644
|move|p2a: Ninetales|Will-O-Wisp|p1a: Gliscor
|-status|p1a: Gliscor|brn
|move|p1a: Gliscor|Earthquake|p2a: Ninetales
|-supereffective|p2a: Ninetales
|-damage|p2a: Ninetales|61/100
|
|-weather|SunnyDay|[upkeep]
|-damage|p1a: Gliscor|94/100 brn|[from] brn
|upkeep
|turn|2
|
|t:|1779944658
|switch|p2a: 내 아내임|Lilligant, F, shiny|100/100
|move|p1a: Gliscor|Toxic|p2a: 내 아내임
|-status|p2a: 내 아내임|tox
|
|-weather|SunnyDay|[upkeep]
|-damage|p2a: 내 아내임|94/100 tox|[from] psn
|-damage|p1a: Gliscor|88/100 brn|[from] brn
|upkeep
|turn|3
|
|t:|1779944666
|move|p2a: 내 아내임|Growth|p2a: 내 아내임
|-boost|p2a: 내 아내임|atk|2
|-boost|p2a: 내 아내임|spa|2
|move|p1a: Gliscor|Earthquake|p2a: 내 아내임
|-resisted|p2a: 내 아내임
|-damage|p2a: 내 아내임|82/100 tox
|
|-weather|SunnyDay|[upkeep]
|-damage|p2a: 내 아내임|70/100 tox|[from] psn
|-damage|p1a: Gliscor|82/100 brn|[from] brn
|upkeep
|turn|4
|
|t:|1779944675
|move|p1a: Gliscor|Protect|p1a: Gliscor
|-singleturn|p1a: Gliscor|Protect
|move|p2a: 내 아내임|Giga Drain|p1a: Gliscor
|-activate|p1a: Gliscor|move: Protect
|
|-weather|SunnyDay|[upkeep]
|-damage|p2a: 내 아내임|52/100 tox|[from] psn
|-damage|p1a: Gliscor|75/100 brn|[from] brn
|upkeep
|turn|5
|
|t:|1779944685
|switch|p1a: Dragonite|Dragonite, F|100/100
|move|p2a: 내 아내임|Giga Drain|p1a: Dragonite
|-resisted|p1a: Dragonite
|-damage|p1a: Dragonite|92/100
|-heal|p2a: 내 아내임|57/100 tox|[from] drain|[of] p1a: Dragonite
|
|-weather|SunnyDay|[upkeep]
|-damage|p2a: 내 아내임|33/100 tox|[from] psn
|upkeep
|turn|6
|
|t:|1779944694
|switch|p2a: Great Tusk|Great Tusk|100/100
|-activate|p2a: Great Tusk|ability: Protosynthesis
|-start|p2a: Great Tusk|protosynthesisdef
|move|p1a: Dragonite|Extreme Speed|p2a: Great Tusk
|-damage|p2a: Great Tusk|89/100
|
|-weather|SunnyDay|[upkeep]
|-heal|p2a: Great Tusk|95/100|[from] item: Leftovers
|upkeep
|turn|7
|
|t:|1779944703
|switch|p1a: Gliscor|Gliscor, M|75/100 brn
|move|p2a: Great Tusk|Stealth Rock|p1a: Gliscor
|-sidestart|p1: Mcalmic|move: Stealth Rock
|
|-weather|SunnyDay|[upkeep]
|-heal|p2a: Great Tusk|100/100|[from] item: Leftovers
|-damage|p1a: Gliscor|69/100 brn|[from] brn
|upkeep
|turn|8
|
|t:|1779944714
|-end|p2a: Great Tusk|Protosynthesis|[silent]
|switch|p2a: 내 아내임|Lilligant, F, shiny|33/100 tox
|move|p1a: Gliscor|Toxic|p2a: 내 아내임
|-fail|p2a: 내 아내임|tox
|
|-weather|none
|-damage|p2a: 내 아내임|27/100 tox|[from] psn
|-damage|p1a: Gliscor|63/100 brn|[from] brn
|upkeep
|turn|9
|
|t:|1779944730
|switch|p1a: Dragonite|Dragonite, F|92/100
|move|p2a: 내 아내임|Giga Drain|p1a: Dragonite
|-resisted|p1a: Dragonite
|-damage|p1a: Dragonite|83/100
|-heal|p2a: 내 아내임|33/100 tox|[from] drain|[of] p1a: Dragonite
|
|-damage|p2a: 내 아내임|21/100 tox|[from] psn
|upkeep
|turn|10
|
|t:|1779944750
|switch|p2a: Ninetales|Ninetales, F, shiny|61/100
|-weather|SunnyDay|[from] ability: Drought|[of] p2a: Ninetales
|move|p1a: Dragonite|Roost|p1a: Dragonite
|-heal|p1a: Dragonite|100/100
|-singleturn|p1a: Dragonite|move: Roost
|
|-weather|SunnyDay|[upkeep]
|upkeep
|turn|11
|
|t:|1779944764
|switch|p1a: Gliscor|Gliscor, M|63/100 brn
|-damage|p1a: Gliscor|50/100 brn|[from] Stealth Rock
|move|p2a: Ninetales|Encore||[still]
|-fail|p2a: Ninetales
|
|-weather|SunnyDay|[upkeep]
|-damage|p1a: Gliscor|44/100 brn|[from] brn
|upkeep
|turn|12
|
|t:|1779944779
|switch|p2a: 내 아내임|Lilligant, F, shiny|21/100 tox
|move|p1a: Gliscor|Toxic|p2a: 내 아내임
|-fail|p2a: 내 아내임|tox
|
|-weather|SunnyDay|[upkeep]
|-damage|p2a: 내 아내임|15/100 tox|[from] psn
|-damage|p1a: Gliscor|38/100 brn|[from] brn
|upkeep
|turn|13
|
|t:|1779944788
|move|p1a: Gliscor|Protect|p1a: Gliscor
|-singleturn|p1a: Gliscor|Protect
|move|p2a: 내 아내임|Giga Drain|p1a: Gliscor
|-activate|p1a: Gliscor|move: Protect
|
|-weather|SunnyDay|[upkeep]
|-damage|p2a: 내 아내임|3/100 tox|[from] psn
|-damage|p1a: Gliscor|32/100 brn|[from] brn
|upkeep
|turn|14
|
|t:|1779944802
|move|p1a: Gliscor|Protect||[still]
|-fail|p1a: Gliscor
|move|p2a: 내 아내임|Giga Drain|p1a: Gliscor
|-damage|p1a: Gliscor|0 fnt
|-heal|p2a: 내 아내임|23/100 tox|[from] drain|[of] p1a: Gliscor
|faint|p1a: Gliscor
|
|-weather|SunnyDay|[upkeep]
|-damage|p2a: 내 아내임|4/100 tox|[from] psn
|upkeep
|
|t:|1779944813
|switch|p1a: Dragonite|Dragonite, F|100/100
|turn|15
|
|t:|1779944818
|move|p2a: 내 아내임|Weather Ball|p1a: Dragonite
|-resisted|p1a: Dragonite
|-damage|p1a: Dragonite|89/100
|move|p1a: Dragonite|Dragon Dance|p1a: Dragonite
|-boost|p1a: Dragonite|atk|1
|-boost|p1a: Dragonite|spe|1
|
|-weather|SunnyDay|[upkeep]
|-damage|p2a: 내 아내임|0 fnt|[from] psn
|faint|p2a: 내 아내임
|upkeep
|
|t:|1779944840
|switch|p2a: Great Tusk|Great Tusk|100/100
|-activate|p2a: Great Tusk|ability: Protosynthesis
|-start|p2a: Great Tusk|protosynthesisdef
|turn|16
|
|t:|1779944860
|move|p1a: Dragonite|Roost|p1a: Dragonite
|-heal|p1a: Dragonite|100/100
|-singleturn|p1a: Dragonite|move: Roost
|move|p2a: Great Tusk|Rapid Spin|p1a: Dragonite
|-damage|p1a: Dragonite|94/100
|-boost|p2a: Great Tusk|spe|1
|
|-weather|SunnyDay|[upkeep]
|upkeep
|turn|17
|
|t:|1779944871
|move|p1a: Dragonite|Earthquake|p2a: Great Tusk
|-damage|p2a: Great Tusk|81/100
|move|p2a: Great Tusk|Roar|p1a: Dragonite
|drag|p1a: Darkrai|Darkrai|100/100
|
|-weather|none
|-end|p2a: Great Tusk|Protosynthesis
|-heal|p2a: Great Tusk|87/100|[from] item: Leftovers
|upkeep
|turn|18
|
|t:|1779944882
|move|p1a: Darkrai|Ice Beam|p2a: Great Tusk
|-supereffective|p2a: Great Tusk
|-damage|p2a: Great Tusk|6/100
|move|p2a: Great Tusk|Body Press|p1a: Darkrai
|-supereffective|p1a: Darkrai
|-damage|p1a: Darkrai|0 fnt
|faint|p1a: Darkrai
|
|-heal|p2a: Great Tusk|12/100|[from] item: Leftovers
|upkeep
|
|t:|1779944895
|switch|p1a: Dragonite|Dragonite, F|94/100
|turn|19
|
|t:|1779944901
|move|p1a: Dragonite|Roost|p1a: Dragonite
|-heal|p1a: Dragonite|100/100
|-singleturn|p1a: Dragonite|move: Roost
|move|p2a: Great Tusk|Roar|p1a: Dragonite
|drag|p1a: Gholdengo|Gholdengo|100/100
|-damage|p1a: Gholdengo|94/100|[from] Stealth Rock
|
|-heal|p2a: Great Tusk|18/100|[from] item: Leftovers
|upkeep
|turn|20
|
|t:|1779944914
|move|p1a: Gholdengo|Shadow Ball|p2a: Great Tusk
|-damage|p2a: Great Tusk|0 fnt
|faint|p2a: Great Tusk
|-end|p2a: Great Tusk|Protosynthesis|[silent]
|
|upkeep
|
|t:|1779944918
|switch|p2a: Ninetales|Ninetales, F, shiny|61/100
|-weather|SunnyDay|[from] ability: Drought|[of] p2a: Ninetales
|turn|21
|
|t:|1779944924
|switch|p1a: Ting-Lu|Ting-Lu|100/100
|-damage|p1a: Ting-Lu|94/100|[from] Stealth Rock
|-ability|p1a: Ting-Lu|Vessel of Ruin
|move|p2a: Ninetales|Overheat|p1a: Ting-Lu
|-damage|p1a: Ting-Lu|71/100
|-unboost|p2a: Ninetales|spa|2
|
|-weather|SunnyDay|[upkeep]
|-heal|p1a: Ting-Lu|77/100|[from] item: Leftovers
|upkeep
|turn|22
|
|t:|1779944942
|switch|p2a: Walking Wake|Walking Wake|100/100
|-activate|p2a: Walking Wake|ability: Protosynthesis
|-start|p2a: Walking Wake|protosynthesisspa
|move|p1a: Ting-Lu|Stealth Rock|p2a: Walking Wake
|-sidestart|p2: waplejoos|move: Stealth Rock
|
|-weather|SunnyDay|[upkeep]
|-heal|p1a: Ting-Lu|83/100|[from] item: Leftovers
|upkeep
|turn|23
|
|t:|1779944957
|-terastallize|p1a: Ting-Lu|Water
|move|p2a: Walking Wake|Hydro Steam|p1a: Ting-Lu
|-resisted|p1a: Ting-Lu
|-damage|p1a: Ting-Lu|60/100
|move|p1a: Ting-Lu|Whirlwind|p2a: Walking Wake
|-end|p2a: Walking Wake|Protosynthesis|[silent]
|drag|p2a: Blaziken|Blaziken, M|100/100
|-damage|p2a: Blaziken|88/100|[from] Stealth Rock
|
|-weather|SunnyDay|[upkeep]
|-heal|p1a: Ting-Lu|66/100|[from] item: Leftovers
|upkeep
|turn|24
|
|t:|1779944974
|move|p2a: Blaziken|Aura Sphere|p1a: Ting-Lu
|-damage|p1a: Ting-Lu|50/100
|move|p1a: Ting-Lu|Earthquake|p2a: Blaziken
|-supereffective|p2a: Blaziken
|-damage|p2a: Blaziken|0 fnt
|faint|p2a: Blaziken
|
|-weather|SunnyDay|[upkeep]
|-heal|p1a: Ting-Lu|56/100|[from] item: Leftovers
|upkeep
|
|t:|1779944983
|switch|p2a: Walking Wake|Walking Wake|100/100
|-damage|p2a: Walking Wake|88/100|[from] Stealth Rock
|-activate|p2a: Walking Wake|ability: Protosynthesis
|-start|p2a: Walking Wake|protosynthesisspa
|turn|25
|
|t:|1779944992
|switch|p1a: Dragonite|Dragonite, F|100/100
|move|p2a: Walking Wake|Dragon Pulse|p1a: Dragonite
|-supereffective|p1a: Dragonite
|-crit|p1a: Dragonite
|-damage|p1a: Dragonite|0 fnt
|faint|p1a: Dragonite
|
|-weather|SunnyDay|[upkeep]
|upkeep
|
|t:|1779945004
|switch|p1a: Gholdengo|Gholdengo|94/100
|-damage|p1a: Gholdengo|88/100|[from] Stealth Rock
|turn|26
|
|t:|1779945019
|-end|p2a: Walking Wake|Protosynthesis|[silent]
|switch|p2a: Cinderace|Cinderace, F|100/100
|-damage|p2a: Cinderace|76/100|[from] Stealth Rock
|move|p1a: Gholdengo|Shadow Ball|p2a: Cinderace
|-damage|p2a: Cinderace|11/100
|
|-weather|SunnyDay|[upkeep]
|upkeep
|turn|27
|
|t:|1779945028
|move|p2a: Cinderace|Pyro Ball|p1a: Gholdengo
|-supereffective|p1a: Gholdengo
|-damage|p1a: Gholdengo|0 fnt
|faint|p1a: Gholdengo
|
|-weather|SunnyDay|[upkeep]
|upkeep
|
|t:|1779945033
|switch|p1a: Ting-Lu|Ting-Lu, tera:Water|56/100
|-damage|p1a: Ting-Lu|43/100|[from] Stealth Rock
|-ability|p1a: Ting-Lu|Vessel of Ruin
|turn|28
|
|t:|1779945040
|move|p2a: Cinderace|Pyro Ball|p1a: Ting-Lu|[miss]
|-miss|p2a: Cinderace|p1a: Ting-Lu
|move|p1a: Ting-Lu|Earthquake|p2a: Cinderace
|-supereffective|p2a: Cinderace
|-damage|p2a: Cinderace|0 fnt
|faint|p2a: Cinderace
|
|-weather|none
|-heal|p1a: Ting-Lu|50/100|[from] item: Leftovers
|upkeep
|
|t:|1779945045
|switch|p2a: Ninetales|Ninetales, F, shiny|61/100
|-damage|p2a: Ninetales|36/100|[from] Stealth Rock
|-weather|SunnyDay|[from] ability: Drought|[of] p2a: Ninetales
|turn|29
|
|t:|1779945053
|move|p2a: Ninetales|Will-O-Wisp|p1a: Ting-Lu
|-status|p1a: Ting-Lu|brn
|move|p1a: Ting-Lu|Earthquake|p2a: Ninetales
|-supereffective|p2a: Ninetales
|-damage|p2a: Ninetales|0 fnt
|faint|p2a: Ninetales
|
|-weather|SunnyDay|[upkeep]
|-heal|p1a: Ting-Lu|56/100 brn|[from] item: Leftovers
|-damage|p1a: Ting-Lu|50/100 brn|[from] brn
|upkeep
|
|t:|1779945058
|switch|p2a: Walking Wake|Walking Wake|88/100
|-damage|p2a: Walking Wake|76/100|[from] Stealth Rock
|-activate|p2a: Walking Wake|ability: Protosynthesis
|-start|p2a: Walking Wake|protosynthesisspa
|turn|30
|
|t:|1779945084
|move|p2a: Walking Wake|Hydro Steam|p1a: Ting-Lu
|-resisted|p1a: Ting-Lu
|-damage|p1a: Ting-Lu|25/100 brn
|move|p1a: Ting-Lu|Ruination|p2a: Walking Wake
|-damage|p2a: Walking Wake|38/100
|
|-weather|SunnyDay|[upkeep]
|-heal|p1a: Ting-Lu|32/100 brn|[from] item: Leftovers
|-damage|p1a: Ting-Lu|25/100 brn|[from] brn
|upkeep
|turn|31
|
|t:|1779945103
|move|p2a: Walking Wake|Hydro Steam|p1a: Ting-Lu
|-resisted|p1a: Ting-Lu
|-damage|p1a: Ting-Lu|0 fnt
|faint|p1a: Ting-Lu
|
|-weather|SunnyDay|[upkeep]
|upkeep
|
|t:|1779945108
|switch|p1a: Zamazenta|Zamazenta|100/100
|-ability|p1a: Zamazenta|Dauntless Shield|boost
|-boost|p1a: Zamazenta|def|1
|turn|32
|
|t:|1779945114
|-terastallize|p2a: Walking Wake|Water
|move|p1a: Zamazenta|Close Combat|p2a: Walking Wake
|-damage|p2a: Walking Wake|0 fnt
|-unboost|p1a: Zamazenta|def|1
|-unboost|p1a: Zamazenta|spd|1
|faint|p2a: Walking Wake
|-end|p2a: Walking Wake|Protosynthesis|[silent]
|
|win|Mcalmic
|raw|Mcalmic's rating: 1361 &rarr; <strong>1376</strong><br />(+15 for winning)
|raw|waplejoos's rating: 1275 &rarr; <strong>1256</strong><br />(-19 for losing)
|l|☆waplejoos
|player|p2|
