|j|☆Snuffty
|j|☆Sirwazock
|inactive|Battle timer is ON: inactive players will automatically lose when time's up.
|t:|1779922065
|gametype|singles
|player|p1|Snuffty|170|
|player|p2|Sirwazock|2|
|gen|9
|tier|[Gen 9] OU
|rated|Tournament battle
|rule|HP Percentage Mod: HP is shown in percentages
|rule|Endless Battle Clause: Forcing endless battles is banned
|rule|Species Clause: Limit one of each Pokémon
|rule|OHKO Clause: OHKO moves are banned
|rule|Evasion Items Clause: Evasion items are banned
|rule|Evasion Moves Clause: Evasion moves are banned
|rule|Evasion Abilities Clause: Evasion abilities are banned
|rule|Sleep Moves Clause: Sleep-inducing moves are banned
|raw|<div class="infobox"><details class="readmore"><summary><strong>15 custom rules:</strong></summary> -burmy, -caterpie, -combee, -kricketot, -magikarp, -scatterbug, -sunkern, -tynamo, -typenull, -weedle, -wurmple, -cosmog, -blipbug, -snom, -wynaut</details></div>
|clearpoke
|poke|p1|Garganacl, M|
|poke|p1|Gholdengo|
|poke|p1|Cetitan, F|
|poke|p2|Cloyster, F|
|poke|p2|Hariyama, M|
|poke|p2|Quagsire, M|
|teampreview
|inactive|Snuffty also wants the timer to be on.
|inactive|Sirwazock also wants the timer to be on.
|j|*Lady Monita 
|c|☆Sirwazock|gl
|
|t:|1779922092
|teamsize|p1|3
|teamsize|p2|3
|start
|switch|p1a: Garganacl|Garganacl, M, shiny|100/100
|switch|p2a: Hariyama|Hariyama, M|100/100
|turn|1
|
|t:|1779922099
|-terastallize|p1a: Garganacl|Fairy
|move|p2a: Hariyama|Fake Out|p1a: Garganacl
|-damage|p1a: Garganacl|90/100
|cant|p1a: Garganacl|flinch
|
|-heal|p1a: Garganacl|96/100|[from] item: Leftovers
|-status|p2a: Hariyama|brn|[from] item: Flame Orb
|upkeep
|turn|2
|
|t:|1779922125
|move|p2a: Hariyama|Facade|p1a: Garganacl
|-damage|p1a: Garganacl|45/100
|move|p1a: Garganacl|Iron Defense|p1a: Garganacl
|-boost|p1a: Garganacl|def|2
|
|-heal|p1a: Garganacl|51/100|[from] item: Leftovers
|-damage|p2a: Hariyama|94/100 brn|[from] brn
|upkeep
|turn|3
|
|t:|1779922136
|move|p2a: Hariyama|Facade|p1a: Garganacl
|-damage|p1a: Garganacl|27/100
|move|p1a: Garganacl|Recover|p1a: Garganacl
|-heal|p1a: Garganacl|77/100
|
|-heal|p1a: Garganacl|84/100|[from] item: Leftovers
|-damage|p2a: Hariyama|88/100 brn|[from] brn
|upkeep
|turn|4
|
|t:|1779922141
|switch|p2a: Quagsire|Quagsire, M|100/100
|move|p1a: Garganacl|Iron Defense|p1a: Garganacl
|-boost|p1a: Garganacl|def|2
|
|-heal|p1a: Garganacl|90/100|[from] item: Leftovers
|upkeep
|turn|5
|
|t:|1779922148
|move|p1a: Garganacl|Salt Cure|p2a: Quagsire
|-resisted|p2a: Quagsire
|-damage|p2a: Quagsire|96/100
|-start|p2a: Quagsire|Salt Cure
|move|p2a: Quagsire|Toxic|p1a: Garganacl
|-immune|p1a: Garganacl|[from] ability: Purifying Salt
|
|-heal|p1a: Garganacl|96/100|[from] item: Leftovers
|-heal|p2a: Quagsire|100/100|[from] item: Leftovers
|-damage|p2a: Quagsire|76/100|[from] Salt Cure
|upkeep
|turn|6
|
|t:|1779922168
|move|p1a: Garganacl|Iron Defense|p1a: Garganacl
|-boost|p1a: Garganacl|def|2
|move|p2a: Quagsire|Recover|p2a: Quagsire
|-heal|p2a: Quagsire|100/100
|
|-heal|p1a: Garganacl|100/100|[from] item: Leftovers
|-damage|p2a: Quagsire|76/100|[from] Salt Cure
|upkeep
|turn|7
|
|t:|1779922173
|move|p2a: Quagsire|Recover|p2a: Quagsire
|-heal|p2a: Quagsire|100/100
|move|p1a: Garganacl|Body Press|p2a: Quagsire
|-damage|p2a: Quagsire|39/100
|
|-heal|p2a: Quagsire|45/100|[from] item: Leftovers
|-damage|p2a: Quagsire|20/100|[from] Salt Cure
|upkeep
|turn|8
|j|+ShadowTree87
|
|t:|1779922184
|move|p2a: Quagsire|Protect|p2a: Quagsire
|-singleturn|p2a: Quagsire|Protect
|move|p1a: Garganacl|Body Press|p2a: Quagsire
|-activate|p2a: Quagsire|move: Protect
|
|-heal|p2a: Quagsire|26/100|[from] item: Leftovers
|-damage|p2a: Quagsire|1/100|[from] Salt Cure
|upkeep
|turn|9
|inactive|Snuffty has 120 seconds left.
|inactive|Snuffty has 90 seconds left.
|
|t:|1779922249
|move|p2a: Quagsire|Recover|p2a: Quagsire
|-heal|p2a: Quagsire|51/100
|move|p1a: Garganacl|Body Press|p2a: Quagsire
|-damage|p2a: Quagsire|0 fnt
|faint|p2a: Quagsire
|
|upkeep
|
|t:|1779922266
|switch|p2a: Hariyama|Hariyama, M|88/100 brn
|turn|10
|inactive|Snuffty has 90 seconds left.
|
|t:|1779922277
|move|p2a: Hariyama|Fake Out|p1a: Garganacl
|-damage|p1a: Garganacl|97/100
|cant|p1a: Garganacl|flinch
|
|-heal|p1a: Garganacl|100/100|[from] item: Leftovers
|-damage|p2a: Hariyama|82/100 brn|[from] brn
|upkeep
|turn|11
|
|t:|1779922285
|move|p2a: Hariyama|Knock Off|p1a: Garganacl
|-resisted|p1a: Garganacl
|-damage|p1a: Garganacl|96/100
|-enditem|p1a: Garganacl|Leftovers|[from] move: Knock Off|[of] p2a: Hariyama
|move|p1a: Garganacl|Salt Cure|p2a: Hariyama
|-resisted|p2a: Hariyama
|-damage|p2a: Hariyama|74/100 brn
|-start|p2a: Hariyama|Salt Cure
|
|-damage|p2a: Hariyama|68/100 brn|[from] brn
|-damage|p2a: Hariyama|56/100 brn|[from] Salt Cure
|upkeep
|turn|12
|
|t:|1779922292
|move|p2a: Hariyama|Facade|p1a: Garganacl
|-damage|p1a: Garganacl|82/100
|move|p1a: Garganacl|Body Press|p2a: Hariyama
|-damage|p2a: Hariyama|0 fnt
|faint|p2a: Hariyama
|
|upkeep
|
|t:|1779922296
|switch|p2a: Cloyster|Cloyster, F|100/100
|turn|13
|
|t:|1779922310
|move|p2a: Cloyster|Shell Smash|p2a: Cloyster
|-unboost|p2a: Cloyster|def|1
|-unboost|p2a: Cloyster|spd|1
|-boost|p2a: Cloyster|atk|2
|-boost|p2a: Cloyster|spa|2
|-boost|p2a: Cloyster|spe|2
|move|p1a: Garganacl|Salt Cure|p2a: Cloyster
|-supereffective|p2a: Cloyster
|-damage|p2a: Cloyster|66/100
|-start|p2a: Cloyster|Salt Cure
|
|-damage|p2a: Cloyster|41/100|[from] Salt Cure
|upkeep
|turn|14
|
|t:|1779922320
|move|p2a: Cloyster|Icicle Spear|p1a: Garganacl
|-crit|p1a: Garganacl
|-damage|p1a: Garganacl|59/100
|-damage|p1a: Garganacl|54/100
|-damage|p1a: Garganacl|50/100
|-damage|p1a: Garganacl|46/100
|-damage|p1a: Garganacl|42/100
|-hitcount|p1a: Garganacl|5
|move|p1a: Garganacl|Body Press|p2a: Cloyster
|-supereffective|p2a: Cloyster
|-damage|p2a: Cloyster|0 fnt
|faint|p2a: Cloyster
|
|win|Snuffty
|n|☆Snuffty|snuffty
|n|☆Sirwazock|sirwazock
|n|*Lady Monita |ladymonita
|n| ShadowTree87|shadowtree87
