|j|☆4axes
|j|☆TheManOfSausage
|t:|1779951507
|gametype|singles
|player|p1|4axes|workerice|1356
|player|p2|TheManOfSausage|miku-water|1396
|gen|9
|tier|[Gen 9] OU
|rated|
|rule|HP Percentage Mod: HP is shown in percentages
|rule|Endless Battle Clause: Forcing endless battles is banned
|rule|Species Clause: Limit one of each Pokémon
|rule|OHKO Clause: OHKO moves are banned
|rule|Evasion Items Clause: Evasion items are banned
|rule|Evasion Moves Clause: Evasion moves are banned
|rule|Evasion Abilities Clause: Evasion abilities are banned
|rule|Sleep Moves Clause: Sleep-inducing moves are banned
|clearpoke
|poke|p1|Deoxys-Speed|
|poke|p1|Great Tusk|
|poke|p1|Blaziken, M|
|poke|p1|Scizor, M|
|poke|p1|Espeon, M|
|poke|p1|Farigiraf, F|
|poke|p2|Tyranitar, M|
|poke|p2|Excadrill, M|
|poke|p2|Hydrapple, M|
|poke|p2|Moltres|
|poke|p2|Alomomola, M|
|poke|p2|Zamazenta-*|
|teampreview
|inactive|Battle timer is ON: inactive players will automatically lose when time's up. (requested by 4axes)
|
|t:|1779951533
|teamsize|p1|6
|teamsize|p2|6
|start
|switch|p1a: Farigiraf|Farigiraf, F|100/100
|switch|p2a: Moltres|Moltres|100/100
|turn|1
|
|t:|1779951543
|move|p1a: Farigiraf|Nasty Plot|p1a: Farigiraf
|-boost|p1a: Farigiraf|spa|2
|move|p2a: Moltres|Flamethrower|p1a: Farigiraf
|-damage|p1a: Farigiraf|53/100
|
|upkeep
|turn|2
|
|t:|1779951562
|move|p1a: Farigiraf|Psyshock|p2a: Moltres
|-damage|p2a: Moltres|43/100
|move|p2a: Moltres|Flamethrower|p1a: Farigiraf
|-damage|p1a: Farigiraf|8/100
|
|upkeep
|turn|3
|
|t:|1779951569
|switch|p2a: Tyranitar|Tyranitar, M|100/100
|-weather|Sandstorm|[from] ability: Sand Stream|[of] p2a: Tyranitar
|move|p1a: Farigiraf|Dazzling Gleam|p2a: Tyranitar
|-supereffective|p2a: Tyranitar
|-crit|p2a: Tyranitar
|-damage|p2a: Tyranitar|6/100
|
|-weather|Sandstorm|[upkeep]
|-damage|p1a: Farigiraf|2/100|[from] Sandstorm
|upkeep
|turn|4
|
|t:|1779951579
|switch|p2a: Moltres|Moltres|43/100
|move|p1a: Farigiraf|Psyshock|p2a: Moltres
|-damage|p2a: Moltres|0 fnt
|faint|p2a: Moltres
|
|-weather|Sandstorm|[upkeep]
|-damage|p1a: Farigiraf|0 fnt|[from] Sandstorm
|faint|p1a: Farigiraf
|upkeep
|
|t:|1779951583
|switch|p1a: Great Tusk|Great Tusk|100/100
|switch|p2a: Alomomola|Alomomola, M|100/100
|turn|5
|
|t:|1779951587
|move|p1a: Great Tusk|Stealth Rock|p2a: Alomomola
|-sidestart|p2: TheManOfSausage|move: Stealth Rock
|move|p2a: Alomomola|Wish|p2a: Alomomola
|
|-weather|Sandstorm|[upkeep]
|-damage|p2a: Alomomola|94/100|[from] Sandstorm
|upkeep
|turn|6
|
|t:|1779951598
|-end|p1a: Great Tusk|Protosynthesis|[silent]
|switch|p1a: Espeon|Espeon, M|100/100
|move|p2a: Alomomola|Flip Turn|p1a: Espeon
|-damage|p1a: Espeon|79/100
|
|t:|1779951602
|switch|p2a: Excadrill|Excadrill, M|100/100|[from] Flip Turn
|-damage|p2a: Excadrill|97/100|[from] Stealth Rock
|
|-weather|Sandstorm|[upkeep]
|-damage|p1a: Espeon|73/100|[from] Sandstorm
|-heal|p2a: Excadrill|100/100|[from] move: Wish|[wisher] Alomomola
|upkeep
|turn|7
|
|t:|1779951618
|move|p2a: Excadrill|Swords Dance|p2a: Excadrill
|-boost|p2a: Excadrill|atk|2
|move|p1a: Espeon|Grass Knot|p2a: Excadrill
|-damage|p2a: Excadrill|75/100
|
|-weather|Sandstorm|[upkeep]
|-damage|p1a: Espeon|67/100|[from] Sandstorm
|upkeep
|turn|8
|
|t:|1779951621
|move|p2a: Excadrill|Earthquake|p1a: Espeon
|-damage|p1a: Espeon|0 fnt
|faint|p1a: Espeon
|
|-weather|Sandstorm|[upkeep]
|upkeep
|
|t:|1779951630
|switch|p1a: Great Tusk|Great Tusk|100/100
|turn|9
|
|t:|1779951643
|-end|p1a: Great Tusk|Protosynthesis|[silent]
|switch|p1a: Deoxys|Deoxys-Speed|100/100
|-ability|p1a: Deoxys|Pressure
|-terastallize|p2a: Excadrill|Ground
|move|p2a: Excadrill|Earthquake|p1a: Deoxys
|-damage|p1a: Deoxys|0 fnt
|faint|p1a: Deoxys
|
|-weather|Sandstorm|[upkeep]
|upkeep
|
|t:|1779951652
|switch|p1a: Great Tusk|Great Tusk|100/100
|turn|10
|
|t:|1779951655
|move|p2a: Excadrill|Rapid Spin|p1a: Great Tusk
|-damage|p1a: Great Tusk|71/100
|-boost|p2a: Excadrill|spe|1
|-sideend|p2: TheManOfSausage|Stealth Rock|[from] move: Rapid Spin|[of] p2a: Excadrill
|move|p1a: Great Tusk|Headlong Rush|p2a: Excadrill
|-damage|p2a: Excadrill|0 fnt
|-unboost|p1a: Great Tusk|def|1
|-unboost|p1a: Great Tusk|spd|1
|faint|p2a: Excadrill
|
|-weather|none
|upkeep
|
|t:|1779951661
|switch|p2a: Zamazenta|Zamazenta|100/100
|-ability|p2a: Zamazenta|Dauntless Shield|boost
|-boost|p2a: Zamazenta|def|1
|turn|11
|
|t:|1779951669
|-end|p1a: Great Tusk|Protosynthesis|[silent]
|switch|p1a: Blaziken|Blaziken, M|100/100
|move|p2a: Zamazenta|Close Combat|p1a: Blaziken
|-enditem|p1a: Blaziken|Focus Sash
|-damage|p1a: Blaziken|1/100
|-unboost|p2a: Zamazenta|def|1
|-unboost|p2a: Zamazenta|spd|1
|
|upkeep
|turn|12
|
|t:|1779951683
|switch|p2a: Tyranitar|Tyranitar, M|6/100
|-weather|Sandstorm|[from] ability: Sand Stream|[of] p2a: Tyranitar
|switch|p1a: Great Tusk|Great Tusk|71/100
|
|-weather|Sandstorm|[upkeep]
|upkeep
|turn|13
|
|t:|1779951699
|switch|p2a: Alomomola|Alomomola, M|100/100
|move|p1a: Great Tusk|Stealth Rock|p2a: Alomomola
|-sidestart|p2: TheManOfSausage|move: Stealth Rock
|
|-weather|Sandstorm|[upkeep]
|-damage|p2a: Alomomola|94/100|[from] Sandstorm
|upkeep
|turn|14
|
|t:|1779951705
|move|p1a: Great Tusk|Rapid Spin|p2a: Alomomola
|-damage|p2a: Alomomola|85/100
|-boost|p1a: Great Tusk|spe|1
|move|p2a: Alomomola|Flip Turn|p1a: Great Tusk
|-supereffective|p1a: Great Tusk
|-damage|p1a: Great Tusk|48/100
|
|t:|1779951709
|switch|p2a: Hydrapple|Hydrapple, M|100/100|[from] Flip Turn
|
|-weather|Sandstorm|[upkeep]
|-damage|p2a: Hydrapple|94/100|[from] Sandstorm
|upkeep
|turn|15
|
|t:|1779951712
|switch|p2a: Alomomola|Alomomola, M|100/100
|move|p1a: Great Tusk|Headlong Rush|p2a: Alomomola
|-damage|p2a: Alomomola|67/100
|-unboost|p1a: Great Tusk|def|1
|-unboost|p1a: Great Tusk|spd|1
|
|-weather|Sandstorm|[upkeep]
|-damage|p2a: Alomomola|61/100|[from] Sandstorm
|upkeep
|turn|16
|
|t:|1779951722
|-end|p1a: Great Tusk|Protosynthesis|[silent]
|switch|p1a: Scizor|Scizor, M|100/100
|move|p2a: Alomomola|Flip Turn|p1a: Scizor
|-damage|p1a: Scizor|83/100
|
|t:|1779951727
|switch|p2a: Zamazenta|Zamazenta|100/100|[from] Flip Turn
|-damage|p2a: Zamazenta|94/100|[from] Stealth Rock
|
|-weather|Sandstorm|[upkeep]
|-damage|p2a: Zamazenta|88/100|[from] Sandstorm
|upkeep
|turn|17
|
|t:|1779951738
|switch|p1a: Blaziken|Blaziken, M|1/100
|move|p2a: Zamazenta|Close Combat|p1a: Blaziken
|-damage|p1a: Blaziken|0 fnt
|-unboost|p2a: Zamazenta|def|1
|-unboost|p2a: Zamazenta|spd|1
|faint|p1a: Blaziken
|
|-weather|Sandstorm|[upkeep]
|-damage|p2a: Zamazenta|82/100|[from] Sandstorm
|upkeep
|
|t:|1779951744
|switch|p1a: Scizor|Scizor, M|83/100
|turn|18
|
|t:|1779951748
|switch|p2a: Alomomola|Alomomola, M|94/100
|move|p1a: Scizor|U-turn|p2a: Alomomola
|-damage|p2a: Alomomola|63/100
|
|t:|1779951752
|switch|p1a: Great Tusk|Great Tusk|48/100|[from] U-turn
|
|-weather|Sandstorm|[upkeep]
|-damage|p2a: Alomomola|57/100|[from] Sandstorm
|upkeep
|turn|19
|
|t:|1779951754
|move|p1a: Great Tusk|Rapid Spin|p2a: Alomomola
|-damage|p2a: Alomomola|48/100
|-boost|p1a: Great Tusk|spe|1
|move|p2a: Alomomola|Wish|p2a: Alomomola
|
|-weather|none
|upkeep
|turn|20
|
|t:|1779951759
|move|p2a: Alomomola|Protect|p2a: Alomomola
|-singleturn|p2a: Alomomola|Protect
|move|p1a: Great Tusk|Headlong Rush|p2a: Alomomola
|-activate|p2a: Alomomola|move: Protect
|
|-heal|p2a: Alomomola|98/100|[from] move: Wish|[wisher] Alomomola
|upkeep
|turn|21
|
|t:|1779951764
|move|p1a: Great Tusk|Headlong Rush|p2a: Alomomola
|-damage|p2a: Alomomola|64/100
|-unboost|p1a: Great Tusk|def|1
|-unboost|p1a: Great Tusk|spd|1
|move|p2a: Alomomola|Wish|p2a: Alomomola
|
|upkeep
|turn|22
|
|t:|1779951768
|move|p1a: Great Tusk|Headlong Rush|p2a: Alomomola
|-damage|p2a: Alomomola|32/100
|-unboost|p1a: Great Tusk|def|1
|-unboost|p1a: Great Tusk|spd|1
|move|p2a: Alomomola|Scald|p1a: Great Tusk
|-supereffective|p1a: Great Tusk
|-damage|p1a: Great Tusk|0 fnt
|faint|p1a: Great Tusk
|-end|p1a: Great Tusk|Protosynthesis|[silent]
|
|-heal|p2a: Alomomola|82/100|[from] move: Wish|[wisher] Alomomola
|upkeep
|-message|4axes forfeited.
|
|win|TheManOfSausage
|raw|4axes's rating: 1356 &rarr; <strong>1338</strong><br />(-18 for losing)
|raw|TheManOfSausage's rating: 1396 &rarr; <strong>1414</strong><br />(+18 for winning)
|l|☆4axes
|player|p1|
|l|☆TheManOfSausage
|player|p2|
