|j|☆busto2412
|j|☆Ronaldono
|t:|1779815430
|gametype|singles
|player|p1|busto2412|hilbert|1500
|player|p2|Ronaldono|cynthia-gen4|1442
|gen|9
|tier|[Gen 9] OU
|rated|
|rule|HP Percentage Mod: HP is shown in percentages
|rule|Endless Battle Clause: Forcing endless battles is banned
|rule|Species Clause: Limit one of each Pokémon
|rule|OHKO Clause: OHKO moves are banned
|rule|Evasion Items Clause: Evasion items are banned
|rule|Evasion Moves Clause: Evasion moves are banned
|rule|Evasion Abilities Clause: Evasion abilities are banned
|rule|Sleep Moves Clause: Sleep-inducing moves are banned
|clearpoke
|poke|p1|Ursaluna, M|
|poke|p1|Dragapult, M|
|poke|p1|Zapdos|
|poke|p1|Goodra-Hisui, F|
|poke|p1|Greninja-*, M|
|poke|p1|Zamazenta-*|
|poke|p2|Pelipper, F|
|poke|p2|Barraskewda, M|
|poke|p2|Raging Bolt|
|poke|p2|Iron Treads|
|poke|p2|Basculegion-F, F|
|poke|p2|Amoonguss, M|
|teampreview
|
|t:|1779815466
|teamsize|p1|6
|teamsize|p2|6
|start
|switch|p1a: Dragapult|Dragapult, M, shiny|100/100
|switch|p2a: Pelipper|Pelipper, F|100/100
|-weather|RainDance|[from] ability: Drizzle|[of] p2a: Pelipper
|turn|1
|
|t:|1779815479
|switch|p2a: Iron Treads|Iron Treads|100/100
|-enditem|p2a: Iron Treads|Booster Energy
|-activate|p2a: Iron Treads|ability: Quark Drive|[fromitem]
|-start|p2a: Iron Treads|quarkdrivespe
|move|p1a: Dragapult|Shadow Ball|p2a: Iron Treads
|-damage|p2a: Iron Treads|30/100
|
|-weather|RainDance|[upkeep]
|upkeep
|turn|2
|
|t:|1779815495
|switch|p1a: Zapdos|Zapdos, shiny|100/100
|move|p2a: Iron Treads|Stealth Rock|p1a: Zapdos
|-sidestart|p1: busto2412|move: Stealth Rock
|
|-weather|RainDance|[upkeep]
|upkeep
|turn|3
|
|t:|1779815501
|move|p2a: Iron Treads|Ice Spinner|p1a: Zapdos
|-supereffective|p1a: Zapdos
|-damage|p1a: Zapdos|66/100
|-status|p2a: Iron Treads|par|[from] ability: Static|[of] p1a: Zapdos
|move|p1a: Zapdos|Heat Wave|p2a: Iron Treads
|-supereffective|p2a: Iron Treads
|-damage|p2a: Iron Treads|0 fnt
|faint|p2a: Iron Treads
|-end|p2a: Iron Treads|Quark Drive|[silent]
|
|-weather|RainDance|[upkeep]
|upkeep
|
|t:|1779815509
|switch|p2a: Basculegion|Basculegion-F, F|100/100
|turn|4
|
|t:|1779815512
|move|p2a: Basculegion|Shadow Ball|p1a: Zapdos
|-damage|p1a: Zapdos|0 fnt
|faint|p1a: Zapdos
|
|-weather|RainDance|[upkeep]
|upkeep
|
|t:|1779815518
|switch|p1a: Goodra|Goodra-Hisui, F|100/100
|-damage|p1a: Goodra|94/100|[from] Stealth Rock
|turn|5
|
|t:|1779815523
|switch|p2a: Amoonguss|Amoonguss, M|100/100
|move|p1a: Goodra|Draco Meteor|p2a: Amoonguss
|-damage|p2a: Amoonguss|38/100
|-unboost|p1a: Goodra|spa|2
|-enditem|p2a: Amoonguss|Red Card|[of] p1a: Goodra
|drag|p1a: Dragapult|Dragapult, M, shiny|100/100
|-damage|p1a: Dragapult|88/100|[from] Stealth Rock
|
|-weather|RainDance|[upkeep]
|upkeep
|turn|6
|
|t:|1779815533
|move|p1a: Dragapult|Shadow Ball|p2a: Amoonguss
|-damage|p2a: Amoonguss|0 fnt
|faint|p2a: Amoonguss
|
|-weather|RainDance|[upkeep]
|upkeep
|
|t:|1779815536
|switch|p2a: Basculegion|Basculegion-F, F|100/100
|turn|7
|
|t:|1779815541
|switch|p1a: Ursaluna|Ursaluna, M, shiny|100/100
|-damage|p1a: Ursaluna|94/100|[from] Stealth Rock
|move|p2a: Basculegion|Shadow Ball|p1a: Ursaluna
|-immune|p1a: Ursaluna
|
|-weather|RainDance|[upkeep]
|-status|p1a: Ursaluna|brn|[from] item: Flame Orb
|upkeep
|turn|8
|-message|Ronaldono forfeited.
|
|win|busto2412
|raw|busto2412's rating: 1500 &rarr; <strong>1517</strong><br />(+17 for winning)
|raw|Ronaldono's rating: 1442 &rarr; <strong>1425</strong><br />(-17 for losing)
|l|☆Ronaldono
|player|p2|
|c|☆busto2412|gg
|l|☆busto2412
|player|p1|
