|j|☆Realrap55
|j|☆neomune
|t:|1779887229
|gametype|singles
|player|p1|Realrap55|rocketgrunt|1294
|player|p2|neomune|pokemaniac|1231
|gen|9
|tier|[Gen 9] OU
|rated|
|rule|HP Percentage Mod: HP is shown in percentages
|rule|Endless Battle Clause: Forcing endless battles is banned
|rule|Species Clause: Limit one of each Pokémon
|rule|OHKO Clause: OHKO moves are banned
|rule|Evasion Items Clause: Evasion items are banned
|rule|Evasion Moves Clause: Evasion moves are banned
|rule|Evasion Abilities Clause: Evasion abilities are banned
|rule|Sleep Moves Clause: Sleep-inducing moves are banned
|clearpoke
|poke|p1|Ogerpon-Wellspring, F|
|poke|p1|Rillaboom, F|
|poke|p1|Hawlucha, M|
|poke|p1|Iron Treads|
|poke|p1|Meowscarada, M|
|poke|p1|Raging Bolt|
|poke|p2|Ogerpon, F|
|poke|p2|Alomomola, F|
|poke|p2|Ceruledge, F|
|poke|p2|Enamorus, F|
|poke|p2|Thundurus, M|
|poke|p2|Walking Wake|
|teampreview
|inactive|Battle timer is ON: inactive players will automatically lose when time's up. (requested by Realrap55)
|
|t:|1779887247
|teamsize|p1|6
|teamsize|p2|6
|start
|switch|p1a: Iron Treads|Iron Treads|100/100
|switch|p2a: Alomomola|Alomomola, F|100/100
|-enditem|p1a: Iron Treads|Booster Energy
|-activate|p1a: Iron Treads|ability: Quark Drive|[fromitem]
|-start|p1a: Iron Treads|quarkdrivespe
|turn|1
|
|t:|1779887256
|-end|p1a: Iron Treads|Quark Drive|[silent]
|switch|p1a: Ogerpon|Ogerpon-Wellspring, F|100/100
|move|p2a: Alomomola|Flip Turn|p1a: Ogerpon
|-immune|p1a: Ogerpon|[from] ability: Water Absorb
|
|upkeep
|turn|2
|
|t:|1779887268
|switch|p2a: Ceruledge|Ceruledge, F|100/100
|move|p1a: Ogerpon|Ivy Cudgel|p2a: Ceruledge|[anim] Ivy Cudgel Water
|-supereffective|p2a: Ceruledge
|-enditem|p2a: Ceruledge|Focus Sash
|-damage|p2a: Ceruledge|1/100
|-ability|p2a: Ceruledge|Weak Armor|boost
|-unboost|p2a: Ceruledge|def|1
|-boost|p2a: Ceruledge|spe|2
|
|upkeep
|turn|3
|
|t:|1779887288
|move|p2a: Ceruledge|Bitter Blade|p1a: Ogerpon
|-damage|p1a: Ogerpon|38/100
|-heal|p2a: Ceruledge|33/100|[from] drain|[of] p1a: Ogerpon
|move|p1a: Ogerpon|U-turn|p2a: Ceruledge
|-resisted|p2a: Ceruledge
|-damage|p2a: Ceruledge|19/100
|-ability|p2a: Ceruledge|Weak Armor|boost
|-unboost|p2a: Ceruledge|def|1
|-boost|p2a: Ceruledge|spe|2
|
|t:|1779887298
|switch|p1a: Raging Bolt|Raging Bolt|100/100|[from] U-turn
|-enditem|p1a: Raging Bolt|Booster Energy
|-activate|p1a: Raging Bolt|ability: Protosynthesis|[fromitem]
|-start|p1a: Raging Bolt|protosynthesisspa
|
|upkeep
|turn|4
|
|t:|1779887309
|switch|p2a: Ogerpon|Ogerpon, F|100/100
|move|p1a: Raging Bolt|Thunderbolt|p2a: Ogerpon
|-resisted|p2a: Ogerpon
|-damage|p2a: Ogerpon|58/100
|
|upkeep
|turn|5
|
|t:|1779887318
|move|p2a: Ogerpon|Play Rough|p1a: Raging Bolt
|-supereffective|p1a: Raging Bolt
|-damage|p1a: Raging Bolt|24/100
|move|p1a: Raging Bolt|Thunderbolt|p2a: Ogerpon
|-resisted|p2a: Ogerpon
|-damage|p2a: Ogerpon|15/100
|
|upkeep
|turn|6
|
|t:|1779887326
|switch|p2a: Walking Wake|Walking Wake|100/100
|-enditem|p2a: Walking Wake|Booster Energy
|-activate|p2a: Walking Wake|ability: Protosynthesis|[fromitem]
|-start|p2a: Walking Wake|protosynthesisspe
|move|p1a: Raging Bolt|Thunderclap||[still]
|-fail|p1a: Raging Bolt
|
|upkeep
|turn|7
|
|t:|1779887342
|-terastallize|p1a: Raging Bolt|Fairy
|move|p2a: Walking Wake|Flamethrower|p1a: Raging Bolt
|-damage|p1a: Raging Bolt|0 fnt
|faint|p1a: Raging Bolt
|-end|p1a: Raging Bolt|Protosynthesis|[silent]
|
|upkeep
|
|t:|1779887347
|switch|p1a: Rillaboom|Rillaboom, F|100/100
|-fieldstart|move: Grassy Terrain|[from] ability: Grassy Surge|[of] p1a: Rillaboom
|turn|8
|
|t:|1779887351
|move|p2a: Walking Wake|Flamethrower|p1a: Rillaboom
|-supereffective|p1a: Rillaboom
|-damage|p1a: Rillaboom|18/100
|move|p1a: Rillaboom|Wood Hammer|p2a: Walking Wake
|-damage|p2a: Walking Wake|0 fnt
|faint|p2a: Walking Wake
|-end|p2a: Walking Wake|Protosynthesis|[silent]
|-damage|p1a: Rillaboom|0 fnt|[from] Recoil
|faint|p1a: Rillaboom
|
|upkeep
|
|t:|1779887362
|switch|p2a: Thundurus|Thundurus, M|100/100
|switch|p1a: Hawlucha|Hawlucha, M, shiny|100/100
|-enditem|p1a: Hawlucha|Grassy Seed
|-boost|p1a: Hawlucha|def|1|[from] item: Grassy Seed
|turn|9
|
|t:|1779887374
|switch|p1a: Iron Treads|Iron Treads|100/100
|move|p2a: Thundurus|Thunder Wave|p1a: Iron Treads
|-immune|p1a: Iron Treads
|
|upkeep
|turn|10
|
|t:|1779887380
|switch|p2a: Alomomola|Alomomola, F|100/100
|move|p1a: Iron Treads|Stealth Rock|p2a: Alomomola
|-sidestart|p2: neomune|move: Stealth Rock
|
|upkeep
|turn|11
|
|t:|1779887386
|-end|p1a: Iron Treads|Quark Drive|[silent]
|switch|p1a: Ogerpon|Ogerpon-Wellspring, F|38/100
|move|p2a: Alomomola|Wish|p2a: Alomomola
|
|-heal|p1a: Ogerpon|44/100|[from] Grassy Terrain
|upkeep
|turn|12
|
|t:|1779887398
|switch|p2a: Thundurus|Thundurus, M|100/100
|move|p1a: Ogerpon|Ivy Cudgel|p2a: Thundurus|[anim] Ivy Cudgel Water
|-damage|p2a: Thundurus|2/100
|
|-heal|p2a: Thundurus|91/100|[from] move: Wish|[wisher] Alomomola
|-heal|p1a: Ogerpon|50/100|[from] Grassy Terrain
|-fieldend|move: Grassy Terrain
|upkeep
|turn|13
|
|t:|1779887408
|switch|p1a: Iron Treads|Iron Treads|100/100
|move|p2a: Thundurus|Thunder Wave|p1a: Iron Treads
|-immune|p1a: Iron Treads
|
|upkeep
|turn|14
|
|t:|1779887419
|move|p2a: Thundurus|Nasty Plot|p2a: Thundurus
|-boost|p2a: Thundurus|spa|2
|move|p1a: Iron Treads|Flash Cannon|p2a: Thundurus
|-resisted|p2a: Thundurus
|-damage|p2a: Thundurus|71/100
|
|upkeep
|turn|15
|
|t:|1779887426
|-end|p1a: Iron Treads|Quark Drive|[silent]
|switch|p1a: Hawlucha|Hawlucha, M, shiny|100/100
|move|p2a: Thundurus|Nasty Plot|p2a: Thundurus
|-boost|p2a: Thundurus|spa|2
|
|upkeep
|turn|16
|
|t:|1779887434
|move|p2a: Thundurus|Thunder Wave|p1a: Hawlucha
|-status|p1a: Hawlucha|par
|move|p1a: Hawlucha|Encore|p2a: Thundurus
|-start|p2a: Thundurus|Encore
|
|upkeep
|turn|17
|
|t:|1779887445
|switch|p1a: Iron Treads|Iron Treads|100/100
|move|p2a: Thundurus|Thunder Wave|p1a: Iron Treads
|-immune|p1a: Iron Treads
|
|upkeep
|turn|18
|
|t:|1779887448
|switch|p2a: Alomomola|Alomomola, F|100/100
|-damage|p2a: Alomomola|88/100|[from] Stealth Rock
|move|p1a: Iron Treads|Flash Cannon|p2a: Alomomola
|-resisted|p2a: Alomomola
|-damage|p2a: Alomomola|71/100
|
|-heal|p2a: Alomomola|77/100|[from] item: Leftovers
|upkeep
|turn|19
|
|t:|1779887458
|-end|p1a: Iron Treads|Quark Drive|[silent]
|switch|p1a: Hawlucha|Hawlucha, M, shiny|100/100 par
|move|p2a: Alomomola|Wish|p2a: Alomomola
|
|-heal|p2a: Alomomola|84/100|[from] item: Leftovers
|upkeep
|turn|20
|
|t:|1779887467
|switch|p2a: Thundurus|Thundurus, M|71/100
|switch|p1a: Ogerpon|Ogerpon-Wellspring, F|50/100
|
|-heal|p2a: Thundurus|100/100|[from] move: Wish|[wisher] Alomomola
|upkeep
|turn|21
|
|t:|1779887476
|move|p2a: Thundurus|Discharge|p1a: Ogerpon
|-crit|p1a: Ogerpon
|-damage|p1a: Ogerpon|0 fnt
|faint|p1a: Ogerpon
|
|upkeep
|
|t:|1779887480
|switch|p1a: Meowscarada|Meowscarada, M|100/100
|turn|22
|
|t:|1779887501
|move|p2a: Thundurus|Discharge|p1a: Meowscarada
|-resisted|p1a: Meowscarada
|-damage|p1a: Meowscarada|68/100
|move|p1a: Meowscarada|Triple Axel|p2a: Thundurus|[miss]
|-start|p1a: Meowscarada|typechange|Ice|[from] ability: Protean
|-miss|p1a: Meowscarada|p2a: Thundurus
|
|upkeep
|turn|23
|
|t:|1779887512
|move|p2a: Thundurus|Thunder Wave|p1a: Meowscarada
|-status|p1a: Meowscarada|par
|move|p1a: Meowscarada|Triple Axel|p2a: Thundurus
|-supereffective|p2a: Thundurus
|-damage|p2a: Thundurus|54/100
|-supereffective|p2a: Thundurus
|-damage|p2a: Thundurus|0 fnt
|faint|p2a: Thundurus
|-hitcount|p2: Thundurus|2
|
|upkeep
|
|t:|1779887522
|switch|p2a: Enamorus|Enamorus, F|100/100
|-damage|p2a: Enamorus|76/100|[from] Stealth Rock
|turn|24
|
|t:|1779887529
|move|p2a: Enamorus|Mystical Fire|p1a: Meowscarada
|-supereffective|p1a: Meowscarada
|-damage|p1a: Meowscarada|0 fnt
|faint|p1a: Meowscarada
|
|upkeep
|
|t:|1779887532
|switch|p1a: Hawlucha|Hawlucha, M, shiny|100/100 par
|turn|25
|
|t:|1779887540
|-terastallize|p2a: Enamorus|Steel
|move|p2a: Enamorus|Moonblast|p1a: Hawlucha
|-supereffective|p1a: Hawlucha
|-damage|p1a: Hawlucha|0 fnt
|faint|p1a: Hawlucha
|
|upkeep
|
|t:|1779887544
|switch|p1a: Iron Treads|Iron Treads|100/100
|turn|26
|
|t:|1779887549
|move|p2a: Enamorus|Earth Power|p1a: Iron Treads
|-supereffective|p1a: Iron Treads
|-damage|p1a: Iron Treads|0 fnt
|faint|p1a: Iron Treads
|-end|p1a: Iron Treads|Quark Drive|[silent]
|
|win|neomune
|raw|Realrap55's rating: 1294 &rarr; <strong>1265</strong><br />(-29 for losing)
|raw|neomune's rating: 1231 &rarr; <strong>1260</strong><br />(+29 for winning)
|l|☆neomune
|player|p2|
|l|☆Realrap55
|player|p1|
