|j|☆42q
|j|☆mr_SIMPson
|t:|1779905108
|gametype|singles
|player|p1|42q|skierf|1178
|player|p2|mr_SIMPson|marshal|1188
|gen|9
|tier|[Gen 9] OU
|rated|
|rule|HP Percentage Mod: HP is shown in percentages
|rule|Endless Battle Clause: Forcing endless battles is banned
|rule|Species Clause: Limit one of each Pokémon
|rule|OHKO Clause: OHKO moves are banned
|rule|Evasion Items Clause: Evasion items are banned
|rule|Evasion Moves Clause: Evasion moves are banned
|rule|Evasion Abilities Clause: Evasion abilities are banned
|rule|Sleep Moves Clause: Sleep-inducing moves are banned
|clearpoke
|poke|p1|Regidrago|
|poke|p1|Regice|
|poke|p1|Regigigas|
|poke|p1|Regirock|
|poke|p1|Registeel|
|poke|p1|Regieleki|
|poke|p2|Ogerpon, F|
|poke|p2|Samurott-Hisui, F|
|poke|p2|Blissey, F|
|poke|p2|Gliscor, F|
|poke|p2|Skarmory, F|
|poke|p2|Pecharunt|
|teampreview
|inactive|Battle timer is ON: inactive players will automatically lose when time's up. (requested by mr_SIMPson)
|
|t:|1779905118
|teamsize|p1|6
|teamsize|p2|6
|start
|switch|p1a: Regieleki|Regieleki|100/100
|switch|p2a: Samurott|Samurott-Hisui, F|100/100
|turn|1
|
|t:|1779905125
|switch|p2a: Gliscor|Gliscor, F|100/100
|move|p1a: Regieleki|Supercell Slam|p2a: Gliscor
|-immune|p2a: Gliscor
|-damage|p1a: Regieleki|51/100|[from] supercellslam
|
|-status|p2a: Gliscor|tox|[from] item: Toxic Orb
|upkeep
|turn|2
|
|t:|1779905131
|switch|p1a: Regigigas|Regigigas|100/100
|-start|p1a: Regigigas|ability: Slow Start
|move|p2a: Gliscor|Swords Dance|p2a: Gliscor
|-boost|p2a: Gliscor|atk|2
|
|upkeep
|turn|3
|
|t:|1779905148
|move|p1a: Regigigas|Protect|p1a: Regigigas
|-singleturn|p1a: Regigigas|Protect
|move|p2a: Gliscor|Earthquake|p1a: Regigigas
|-activate|p1a: Regigigas|move: Protect
|
|upkeep
|turn|4
|
|t:|1779905152
|move|p2a: Gliscor|Earthquake|p1a: Regigigas
|-damage|p1a: Regigigas|52/100
|move|p1a: Regigigas|Hyper Beam|p2a: Gliscor
|-damage|p2a: Gliscor|45/100 tox
|-mustrecharge|p1a: Regigigas
|
|-heal|p1a: Regigigas|58/100|[from] item: Leftovers
|-heal|p2a: Gliscor|58/100 tox|[from] ability: Poison Heal
|upkeep
|turn|5
|
|t:|1779905157
|move|p2a: Gliscor|Earthquake|p1a: Regigigas
|-damage|p1a: Regigigas|5/100
|cant|p1a: Regigigas|recharge
|
|-heal|p1a: Regigigas|11/100|[from] item: Leftovers
|-heal|p2a: Gliscor|70/100 tox|[from] ability: Poison Heal
|upkeep
|turn|6
|
|t:|1779905164
|move|p2a: Gliscor|Swords Dance|p2a: Gliscor
|-boost|p2a: Gliscor|atk|2
|move|p1a: Regigigas|Hyper Beam|p2a: Gliscor
|-damage|p2a: Gliscor|17/100 tox
|-mustrecharge|p1a: Regigigas
|
|-heal|p1a: Regigigas|17/100|[from] item: Leftovers
|-heal|p2a: Gliscor|30/100 tox|[from] ability: Poison Heal
|upkeep
|turn|7
|
|t:|1779905167
|move|p2a: Gliscor|Facade|p1a: Regigigas
|-damage|p1a: Regigigas|0 fnt
|faint|p1a: Regigigas
|-end|p1a: Regigigas|Slow Start|[silent]
|
|-heal|p2a: Gliscor|42/100 tox|[from] ability: Poison Heal
|upkeep
|
|t:|1779905174
|switch|p1a: Regice|Regice|100/100
|turn|8
|
|t:|1779905179
|move|p2a: Gliscor|Protect|p2a: Gliscor
|-singleturn|p2a: Gliscor|Protect
|move|p1a: Regice|Gravity|p1a: Regice
|-fieldstart|move: Gravity
|
|-heal|p2a: Gliscor|55/100 tox|[from] ability: Poison Heal
|upkeep
|turn|9
|
|t:|1779905187
|-terastallize|p2a: Gliscor|Normal
|move|p2a: Gliscor|Facade|p1a: Regice
|-crit|p1a: Regice
|-damage|p1a: Regice|0 fnt
|faint|p1a: Regice
|
|-heal|p2a: Gliscor|67/100 tox|[from] ability: Poison Heal
|upkeep
|
|t:|1779905197
|switch|p1a: Regidrago|Regidrago|100/100
|turn|10
|
|t:|1779905204
|move|p2a: Gliscor|Protect|p2a: Gliscor
|-singleturn|p2a: Gliscor|Protect
|move|p1a: Regidrago|Dragon Energy|p2a: Gliscor
|-activate|p2a: Gliscor|move: Protect
|
|-heal|p2a: Gliscor|80/100 tox|[from] ability: Poison Heal
|upkeep
|turn|11
|
|t:|1779905222
|switch|p2a: Blissey|Blissey, F|100/100
|move|p1a: Regidrago|Dragon Energy|p2a: Blissey
|-damage|p2a: Blissey|73/100
|
|upkeep
|turn|12
|
|t:|1779905229
|switch|p1a: Regirock|Regirock|100/100
|move|p2a: Blissey|Seismic Toss|p1a: Regirock
|-damage|p1a: Regirock|73/100
|
|-heal|p1a: Regirock|79/100|[from] item: Leftovers
|-fieldend|move: Gravity
|upkeep
|turn|13
|
|t:|1779905237
|switch|p2a: Skarmory|Skarmory, F|100/100
|move|p1a: Regirock|Curse|p1a: Regirock
|-unboost|p1a: Regirock|spe|1
|-boost|p1a: Regirock|atk|1
|-boost|p1a: Regirock|def|1
|
|-heal|p1a: Regirock|85/100|[from] item: Leftovers
|upkeep
|turn|14
|
|t:|1779905242
|move|p1a: Regirock|Thunder Wave|p2a: Skarmory
|-status|p2a: Skarmory|par
|cant|p2a: Skarmory|par
|
|-heal|p1a: Regirock|91/100|[from] item: Leftovers
|upkeep
|turn|15
|
|t:|1779905246
|move|p1a: Regirock|Body Press|p2a: Skarmory
|-damage|p2a: Skarmory|63/100 par
|move|p2a: Skarmory|Whirlwind|p1a: Regirock
|drag|p1a: Registeel|Registeel|100/100
|
|upkeep
|turn|16
|
|t:|1779905253
|move|p1a: Registeel|Thunder|p2a: Skarmory
|-supereffective|p2a: Skarmory
|-damage|p2a: Skarmory|0 fnt
|faint|p2a: Skarmory
|
|upkeep
|
|t:|1779905267
|switch|p2a: Gliscor|Gliscor, F, tera:Normal|80/100 tox
|turn|17
|
|t:|1779905278
|move|p2a: Gliscor|Swords Dance|p2a: Gliscor
|-boost|p2a: Gliscor|atk|2
|move|p1a: Registeel|Meteor Beam||[still]
|-prepare|p1a: Registeel|Meteor Beam
|-boost|p1a: Registeel|spa|1
|-enditem|p1a: Registeel|Power Herb
|-anim|p1a: Registeel|Meteor Beam|p2a: Gliscor
|-damage|p2a: Gliscor|38/100 tox
|
|-heal|p2a: Gliscor|50/100 tox|[from] ability: Poison Heal
|upkeep
|turn|18
|
|t:|1779905293
|move|p2a: Gliscor|Swords Dance|p2a: Gliscor
|-boost|p2a: Gliscor|atk|2
|move|p1a: Registeel|Flash Cannon|p2a: Gliscor
|-damage|p2a: Gliscor|11/100 tox
|
|-heal|p2a: Gliscor|23/100 tox|[from] ability: Poison Heal
|upkeep
|turn|19
|
|t:|1779905298
|-terastallize|p1a: Registeel|Flying
|move|p2a: Gliscor|Earthquake|p1a: Registeel
|-immune|p1a: Registeel
|move|p1a: Registeel|Flash Cannon|p2a: Gliscor
|-damage|p2a: Gliscor|0 fnt
|faint|p2a: Gliscor
|
|upkeep
|
|t:|1779905302
|switch|p2a: Pecharunt|Pecharunt|100/100
|turn|20
|
|t:|1779905312
|move|p2a: Pecharunt|Toxic|p1a: Registeel
|-status|p1a: Registeel|tox
|-start|p1a: Registeel|confusion|[from] ability: Poison Puppeteer|[of] p2a: Pecharunt
|-activate|p1a: Registeel|confusion
|move|p1a: Registeel|Ancient Power|p2a: Pecharunt
|-damage|p2a: Pecharunt|75/100
|
|-damage|p1a: Registeel|94/100 tox|[from] psn
|upkeep
|turn|21
|
|t:|1779905322
|move|p2a: Pecharunt|Parting Shot|p1a: Registeel
|-fail|p1a: Registeel|unboost|[from] ability: Clear Body|[of] p1a: Registeel
|-activate|p1a: Registeel|confusion
|move|p1a: Registeel|Flash Cannon|p2a: Pecharunt
|-damage|p2a: Pecharunt|26/100
|
|-damage|p1a: Registeel|82/100 tox|[from] psn
|upkeep
|turn|22
|-message|mr_SIMPson forfeited.
|
|win|42q
|raw|42q's rating: 1178 &rarr; <strong>1204</strong><br />(+26 for winning)
|raw|mr_SIMPson's rating: 1188 &rarr; <strong>1162</strong><br />(-26 for losing)
|l|☆mr_SIMPson
|player|p2|
