|j|☆cytheidot
|j|☆Dakota1683
|t:|1779870793
|gametype|singles
|player|p1|cytheidot|iris-gen5bw2|1285
|player|p2|Dakota1683|2|1263
|gen|9
|tier|[Gen 9] OU
|rated|
|rule|HP Percentage Mod: HP is shown in percentages
|rule|Endless Battle Clause: Forcing endless battles is banned
|rule|Species Clause: Limit one of each Pokémon
|rule|OHKO Clause: OHKO moves are banned
|rule|Evasion Items Clause: Evasion items are banned
|rule|Evasion Moves Clause: Evasion moves are banned
|rule|Evasion Abilities Clause: Evasion abilities are banned
|rule|Sleep Moves Clause: Sleep-inducing moves are banned
|clearpoke
|poke|p1|Garchomp, M|
|poke|p1|Gholdengo|
|poke|p1|Alomomola, F|
|poke|p1|Fezandipiti, M|
|poke|p1|Zoroark-Hisui, M|
|poke|p1|Great Tusk|
|poke|p2|Crawdaunt, F|
|poke|p2|Metagross|
|poke|p2|Banette, M|
|poke|p2|Latias, F|
|poke|p2|Torkoal, F|
|poke|p2|Gardevoir, M|
|teampreview
|inactive|Battle timer is ON: inactive players will automatically lose when time's up. (requested by Dakota1683)
|
|t:|1779870843
|teamsize|p1|6
|teamsize|p2|6
|start
|switch|p1a: Gholdengo|Gholdengo|100/100
|switch|p2a: Latias|Latias, F|100/100
|turn|1
|inactive|Dakota1683 has 120 seconds left.
|
|t:|1779870876
|switch|p2a: Crawdaunt|Crawdaunt, F|100/100
|move|p1a: Gholdengo|Shadow Ball|p2a: Crawdaunt
|-resisted|p2a: Crawdaunt
|-crit|p2a: Crawdaunt
|-damage|p2a: Crawdaunt|20/100
|
|upkeep
|turn|2
|
|t:|1779870884
|-terastallize|p2a: Crawdaunt|Water
|move|p2a: Crawdaunt|Aqua Jet|p1a: Gholdengo
|-damage|p1a: Gholdengo|20/100
|replace|p1a: Zoroark|Zoroark-Hisui, M
|-end|p1a: Zoroark|Illusion
|move|p1a: Zoroark|Shadow Ball|p2a: Crawdaunt
|-damage|p2a: Crawdaunt|0 fnt
|faint|p2a: Crawdaunt
|
|upkeep
|
|t:|1779870893
|switch|p2a: Torkoal|Torkoal, F|100/100
|turn|3
|
|t:|1779870904
|move|p1a: Zoroark|Shadow Ball|p2a: Torkoal
|-damage|p2a: Torkoal|24/100
|move|p2a: Torkoal|Lava Plume|p1a: Zoroark
|-damage|p1a: Zoroark|0 fnt
|faint|p1a: Zoroark
|
|upkeep
|
|t:|1779870920
|switch|p1a: Garchomp|Garchomp, M|100/100
|turn|4
|
|t:|1779870928
|switch|p2a: Gardevoir|Gardevoir, M|100/100
|move|p1a: Garchomp|Stealth Rock|p2a: Gardevoir
|-sidestart|p2: Dakota1683|move: Stealth Rock
|
|upkeep
|turn|5
|
|t:|1779870956
|-terastallize|p1a: Garchomp|Ghost
|move|p1a: Garchomp|Earthquake|p2a: Gardevoir
|-damage|p2a: Gardevoir|36/100
|move|p2a: Gardevoir|Mystical Fire|p1a: Garchomp
|-damage|p1a: Garchomp|79/100
|-unboost|p1a: Garchomp|spa|1
|
|upkeep
|turn|6
|
|t:|1779870963
|switch|p2a: Latias|Latias, F|100/100
|-damage|p2a: Latias|88/100|[from] Stealth Rock
|move|p1a: Garchomp|Earthquake|p2a: Latias
|-immune|p2a: Latias|[from] ability: Levitate
|
|upkeep
|turn|7
|
|t:|1779870967
|move|p2a: Latias|Mist Ball|p1a: Garchomp
|-damage|p1a: Garchomp|26/100
|move|p1a: Garchomp|Dragon Tail|p2a: Latias
|-supereffective|p2a: Latias
|-damage|p2a: Latias|28/100
|drag|p2a: Torkoal|Torkoal, F|24/100
|
|upkeep
|turn|8
|
|t:|1779870973
|move|p1a: Garchomp|Spikes|p2a: Torkoal
|-sidestart|p2: Dakota1683|Spikes
|move|p2a: Torkoal|Rapid Spin|p1a: Garchomp
|-immune|p1a: Garchomp
|
|upkeep
|turn|9
|-message|Dakota1683 forfeited.
|
|win|cytheidot
|raw|cytheidot's rating: 1285 &rarr; <strong>1308</strong><br />(+23 for winning)
|raw|Dakota1683's rating: 1263 &rarr; <strong>1240</strong><br />(-23 for losing)
|l|☆Dakota1683
|player|p2|
