|j|☆Thederpa1
|j|☆dfih
|t:|1779945560
|gametype|singles
|player|p1|Thederpa1|swimmer-gen4dp|1572
|player|p2|dfih|cynthia-masters4|1599
|gen|9
|tier|[Gen 9] OU
|rated|
|rule|HP Percentage Mod: HP is shown in percentages
|rule|Endless Battle Clause: Forcing endless battles is banned
|rule|Species Clause: Limit one of each Pokémon
|rule|OHKO Clause: OHKO moves are banned
|rule|Evasion Items Clause: Evasion items are banned
|rule|Evasion Moves Clause: Evasion moves are banned
|rule|Evasion Abilities Clause: Evasion abilities are banned
|rule|Sleep Moves Clause: Sleep-inducing moves are banned
|clearpoke
|poke|p1|Tornadus-Therian, M|
|poke|p1|Tyranitar, M|
|poke|p1|Excadrill, M|
|poke|p1|Hydrapple, M|
|poke|p1|Heatran, F|
|poke|p1|Primarina, F|
|poke|p2|Araquanid, F|
|poke|p2|Gholdengo|
|poke|p2|Kingambit, M|
|poke|p2|Raging Bolt|
|poke|p2|Enamorus, F|
|poke|p2|Iron Moth|
|teampreview
|inactive|Battle timer is ON: inactive players will automatically lose when time's up. (requested by dfih)
|
|t:|1779945569
|teamsize|p1|6
|teamsize|p2|6
|start
|switch|p1a: Primarina|Primarina, F|100/100
|switch|p2a: Araquanid|Araquanid, F|100/100
|turn|1
|
|t:|1779945574
|move|p1a: Primarina|Substitute|p1a: Primarina
|-start|p1a: Primarina|Substitute
|-damage|p1a: Primarina|76/100
|move|p2a: Araquanid|Sticky Web|p1a: Primarina
|-sidestart|p1: Thederpa1|move: Sticky Web
|
|-heal|p1a: Primarina|82/100|[from] item: Leftovers
|upkeep
|turn|2
|
|t:|1779945580
|move|p1a: Primarina|Calm Mind|p1a: Primarina
|-boost|p1a: Primarina|spa|1
|-boost|p1a: Primarina|spd|1
|move|p2a: Araquanid|Surf|p1a: Primarina
|-resisted|p1a: Primarina
|-activate|p1a: Primarina|move: Substitute|[damage]
|
|-heal|p1a: Primarina|88/100|[from] item: Leftovers
|upkeep
|turn|3
|
|t:|1779945587
|switch|p2a: Kingambit|Kingambit, M|100/100
|move|p1a: Primarina|Draining Kiss|p2a: Kingambit
|-damage|p2a: Kingambit|54/100
|-heal|p1a: Primarina|100/100|[from] drain|[of] p2a: Kingambit
|
|upkeep
|turn|4
|
|t:|1779945590
|move|p2a: Kingambit|Iron Head|p1a: Primarina
|-end|p1a: Primarina|Substitute
|move|p1a: Primarina|Psychic Noise|p2a: Kingambit
|-damage|p2a: Kingambit|0 fnt
|faint|p2a: Kingambit
|-end|p2a: Kingambit|fallenundefined|[silent]
|
|upkeep
|
|t:|1779945596
|switch|p2a: Raging Bolt|Raging Bolt|100/100
|-enditem|p2a: Raging Bolt|Booster Energy
|-activate|p2a: Raging Bolt|ability: Protosynthesis|[fromitem]
|-start|p2a: Raging Bolt|protosynthesisspa
|turn|5
|
|t:|1779945607
|-terastallize|p1a: Primarina|Steel
|move|p2a: Raging Bolt|Calm Mind|p2a: Raging Bolt
|-boost|p2a: Raging Bolt|spa|1
|-boost|p2a: Raging Bolt|spd|1
|move|p1a: Primarina|Draining Kiss|p2a: Raging Bolt
|-supereffective|p2a: Raging Bolt
|-damage|p2a: Raging Bolt|51/100
|
|upkeep
|turn|6
|
|t:|1779945613
|move|p2a: Raging Bolt|Thunderbolt|p1a: Primarina
|-damage|p1a: Primarina|46/100
|move|p1a: Primarina|Calm Mind|p1a: Primarina
|-boost|p1a: Primarina|spa|1
|-boost|p1a: Primarina|spd|1
|
|-heal|p1a: Primarina|52/100|[from] item: Leftovers
|upkeep
|turn|7
|
|t:|1779945617
|move|p2a: Raging Bolt|Thunderbolt|p1a: Primarina
|-damage|p1a: Primarina|15/100
|move|p1a: Primarina|Draining Kiss|p2a: Raging Bolt
|-supereffective|p2a: Raging Bolt
|-damage|p2a: Raging Bolt|0 fnt
|-heal|p1a: Primarina|56/100|[from] drain|[of] p2a: Raging Bolt
|faint|p2a: Raging Bolt
|-end|p2a: Raging Bolt|Protosynthesis|[silent]
|
|-heal|p1a: Primarina|62/100|[from] item: Leftovers
|upkeep
|
|t:|1779945624
|switch|p2a: Iron Moth|Iron Moth|100/100
|-enditem|p2a: Iron Moth|Booster Energy
|-activate|p2a: Iron Moth|ability: Quark Drive|[fromitem]
|-start|p2a: Iron Moth|quarkdrivespa
|turn|8
|
|t:|1779945638
|switch|p1a: Tyranitar|Tyranitar, M|100/100
|-activate|p1a: Tyranitar|move: Sticky Web
|-unboost|p1a: Tyranitar|spe|1
|-weather|Sandstorm|[from] ability: Sand Stream|[of] p1a: Tyranitar
|move|p2a: Iron Moth|Fiery Dance|p1a: Tyranitar
|-resisted|p1a: Tyranitar
|-damage|p1a: Tyranitar|87/100
|
|-weather|Sandstorm|[upkeep]
|-damage|p2a: Iron Moth|95/100|[from] Sandstorm
|-heal|p1a: Tyranitar|93/100|[from] item: Leftovers
|upkeep
|turn|9
|
|t:|1779945642
|-end|p2a: Iron Moth|Quark Drive|[silent]
|switch|p2a: Araquanid|Araquanid, F|100/100
|move|p1a: Tyranitar|Knock Off|p2a: Araquanid
|-damage|p2a: Araquanid|47/100
|-enditem|p2a: Araquanid|Custap Berry|[from] move: Knock Off|[of] p1a: Tyranitar
|
|-weather|Sandstorm|[upkeep]
|-damage|p2a: Araquanid|40/100|[from] Sandstorm
|-heal|p1a: Tyranitar|99/100|[from] item: Leftovers
|upkeep
|turn|10
|
|t:|1779945647
|move|p2a: Araquanid|Surf|p1a: Tyranitar
|-supereffective|p1a: Tyranitar
|-damage|p1a: Tyranitar|36/100
|move|p1a: Tyranitar|Stealth Rock|p2a: Araquanid
|-sidestart|p2: dfih|move: Stealth Rock
|
|-weather|Sandstorm|[upkeep]
|-damage|p2a: Araquanid|34/100|[from] Sandstorm
|-heal|p1a: Tyranitar|42/100|[from] item: Leftovers
|upkeep
|turn|11
|
|t:|1779945651
|switch|p1a: Tornadus|Tornadus-Therian, M|100/100
|move|p2a: Araquanid|Surf|p1a: Tornadus
|-damage|p1a: Tornadus|34/100
|
|-weather|Sandstorm|[upkeep]
|-damage|p1a: Tornadus|28/100|[from] Sandstorm
|-damage|p2a: Araquanid|28/100|[from] Sandstorm
|upkeep
|turn|12
|
|t:|1779945657
|move|p1a: Tornadus|U-turn|p2a: Araquanid
|-damage|p2a: Araquanid|13/100
|
|t:|1779945666
|switch|p1a: Hydrapple|Hydrapple, M|100/100|[from] U-turn
|-activate|p1a: Hydrapple|move: Sticky Web
|-unboost|p1a: Hydrapple|spe|1
|move|p2a: Araquanid|Surf|p1a: Hydrapple
|-resisted|p1a: Hydrapple
|-damage|p1a: Hydrapple|86/100
|
|-weather|none
|upkeep
|turn|13
|
|t:|1779945670
|switch|p1a: Tornadus|Tornadus-Therian, M|61/100
|move|p2a: Araquanid|Endeavor|p1a: Tornadus
|-damage|p1a: Tornadus|15/100
|
|upkeep
|turn|14
|
|t:|1779945683
|move|p1a: Tornadus|U-turn|p2a: Araquanid
|-damage|p2a: Araquanid|0 fnt
|faint|p2a: Araquanid
|
|t:|1779945694
|switch|p1a: Tyranitar|Tyranitar, M|42/100|[from] U-turn
|-activate|p1a: Tyranitar|move: Sticky Web
|-unboost|p1a: Tyranitar|spe|1
|-weather|Sandstorm|[from] ability: Sand Stream|[of] p1a: Tyranitar
|
|-weather|Sandstorm|[upkeep]
|-heal|p1a: Tyranitar|49/100|[from] item: Leftovers
|upkeep
|
|t:|1779945698
|switch|p2a: Enamorus|Enamorus, F|100/100
|-damage|p2a: Enamorus|76/100|[from] Stealth Rock
|turn|15
|j| Pulkatz
|
|t:|1779945712
|move|p2a: Enamorus|Moonblast|p1a: Tyranitar
|-supereffective|p1a: Tyranitar
|-crit|p1a: Tyranitar
|-damage|p1a: Tyranitar|0 fnt
|faint|p1a: Tyranitar
|
|-weather|Sandstorm|[upkeep]
|-damage|p2a: Enamorus|69/100|[from] Sandstorm
|upkeep
|
|t:|1779945717
|switch|p1a: Excadrill|Excadrill, M|100/100
|-item|p1a: Excadrill|Air Balloon
|turn|16
|inactive|dfih has 120 seconds left.
|
|t:|1779945769
|switch|p2a: Iron Moth|Iron Moth|95/100
|-damage|p2a: Iron Moth|70/100|[from] Stealth Rock
|move|p1a: Excadrill|Iron Head|p2a: Iron Moth
|-resisted|p2a: Iron Moth
|-damage|p2a: Iron Moth|26/100
|
|-weather|Sandstorm|[upkeep]
|-damage|p2a: Iron Moth|20/100|[from] Sandstorm
|upkeep
|turn|17
|
|t:|1779945779
|move|p1a: Excadrill|Rapid Spin|p2a: Iron Moth
|-damage|p2a: Iron Moth|0 fnt
|-boost|p1a: Excadrill|spe|1
|-sideend|p1: Thederpa1|Sticky Web|[from] move: Rapid Spin|[of] p1a: Excadrill
|faint|p2a: Iron Moth
|-end|p2a: Iron Moth|Quark Drive|[silent]
|
|-weather|Sandstorm|[upkeep]
|upkeep
|-message|dfih forfeited.
|
|win|Thederpa1
|raw|Thederpa1's rating: 1572 &rarr; <strong>1594</strong><br />(+22 for winning)
|raw|dfih's rating: 1599 &rarr; <strong>1577</strong><br />(-22 for losing)
|l|☆dfih
|player|p2|
|l|☆Thederpa1
|player|p1|
|l| Pulkatz
