|j|☆Sleeping Closet
|j|☆cowboyoctopus
|t:|1779908033
|gametype|singles
|player|p1|Sleeping Closet|blue|1446
|player|p2|cowboyoctopus|bellelba|1506
|gen|9
|tier|[Gen 9] OU
|rated|
|rule|HP Percentage Mod: HP is shown in percentages
|rule|Endless Battle Clause: Forcing endless battles is banned
|rule|Species Clause: Limit one of each Pokémon
|rule|OHKO Clause: OHKO moves are banned
|rule|Evasion Items Clause: Evasion items are banned
|rule|Evasion Moves Clause: Evasion moves are banned
|rule|Evasion Abilities Clause: Evasion abilities are banned
|rule|Sleep Moves Clause: Sleep-inducing moves are banned
|clearpoke
|poke|p1|Conkeldurr, M|
|poke|p1|Magnezone|
|poke|p1|Dragapult, M|
|poke|p1|Greninja-*, M|
|poke|p1|Enamorus, F|
|poke|p1|Donphan, F|
|poke|p2|Moltres|
|poke|p2|Gliscor, M|
|poke|p2|Sinistcha|
|poke|p2|Samurott-Hisui, F|
|poke|p2|Iron Valiant|
|poke|p2|Dragonite, M|
|teampreview
|inactive|Battle timer is ON: inactive players will automatically lose when time's up. (requested by cowboyoctopus)
|inactive|cowboyoctopus has 120 seconds left.
|
|t:|1779908083
|teamsize|p1|6
|teamsize|p2|6
|start
|switch|p1a: Conkeldurr|Conkeldurr, M, shiny|100/100
|switch|p2a: Flyin Saucy Attack|Gliscor, M|100/100
|turn|1
|
|t:|1779908094
|move|p2a: Flyin Saucy Attack|Stealth Rock|p1a: Conkeldurr
|-sidestart|p1: Sleeping Closet|move: Stealth Rock
|move|p1a: Conkeldurr|Rock Slide|p2a: Flyin Saucy Attack
|-damage|p2a: Flyin Saucy Attack|62/100
|
|-status|p2a: Flyin Saucy Attack|tox|[from] item: Toxic Orb
|upkeep
|turn|2
|
|t:|1779908100
|move|p2a: Flyin Saucy Attack|Protect|p2a: Flyin Saucy Attack
|-singleturn|p2a: Flyin Saucy Attack|Protect
|move|p1a: Conkeldurr|Ice Punch|p2a: Flyin Saucy Attack
|-activate|p2a: Flyin Saucy Attack|move: Protect
|
|-heal|p2a: Flyin Saucy Attack|74/100 tox|[from] ability: Poison Heal
|upkeep
|turn|3
|
|t:|1779908109
|switch|p2a: Bitches Brew|Sinistcha|100/100
|move|p1a: Conkeldurr|Rock Slide|p2a: Bitches Brew
|-damage|p2a: Bitches Brew|65/100
|
|upkeep
|turn|4
|
|t:|1779908113
|move|p2a: Bitches Brew|Strength Sap|p1a: Conkeldurr
|-unboost|p1a: Conkeldurr|atk|1
|-heal|p2a: Bitches Brew|100/100
|move|p1a: Conkeldurr|Ice Punch|p2a: Bitches Brew
|-supereffective|p2a: Bitches Brew
|-crit|p2a: Bitches Brew
|-damage|p2a: Bitches Brew|0 fnt
|faint|p2a: Bitches Brew
|
|upkeep
|
|t:|1779908119
|switch|p2a: LCD Poundsystem|Iron Valiant|100/100
|turn|5
|inactive|Sleeping Closet has 120 seconds left.
|
|t:|1779908151
|-end|p2a: LCD Poundsystem|Quark Drive|[silent]
|switch|p2a: Flyin Saucy Attack|Gliscor, M|74/100 tox
|switch|p1a: Donphan|Donphan, F, shiny|100/100
|
|-heal|p2a: Flyin Saucy Attack|87/100 tox|[from] ability: Poison Heal
|upkeep
|turn|6
|
|t:|1779908159
|move|p2a: Flyin Saucy Attack|Toxic|p1a: Donphan
|-status|p1a: Donphan|tox
|move|p1a: Donphan|Rapid Spin|p2a: Flyin Saucy Attack
|-damage|p2a: Flyin Saucy Attack|77/100 tox
|-boost|p1a: Donphan|spe|1
|-sideend|p1: Sleeping Closet|Stealth Rock|[from] move: Rapid Spin|[of] p1a: Donphan
|
|-damage|p1a: Donphan|94/100 tox|[from] psn
|-heal|p2a: Flyin Saucy Attack|89/100 tox|[from] ability: Poison Heal
|upkeep
|turn|7
|
|t:|1779908174
|switch|p1a: Conkeldurr|Conkeldurr, M, shiny|100/100
|move|p2a: Flyin Saucy Attack|Stealth Rock|p1a: Conkeldurr
|-sidestart|p1: Sleeping Closet|move: Stealth Rock
|
|-heal|p2a: Flyin Saucy Attack|100/100 tox|[from] ability: Poison Heal
|upkeep
|turn|8
|
|t:|1779908180
|move|p2a: Flyin Saucy Attack|Toxic|p1a: Conkeldurr
|-status|p1a: Conkeldurr|tox
|move|p1a: Conkeldurr|Ice Punch|p2a: Flyin Saucy Attack
|-supereffective|p2a: Flyin Saucy Attack
|-damage|p2a: Flyin Saucy Attack|0 fnt
|faint|p2a: Flyin Saucy Attack
|
|-damage|p1a: Conkeldurr|94/100 tox|[from] psn
|upkeep
|
|t:|1779908189
|switch|p2a: LCD Poundsystem|Iron Valiant|100/100
|turn|9
|
|t:|1779908195
|-end|p2a: LCD Poundsystem|Quark Drive|[silent]
|switch|p2a: Águas de Março|Samurott-Hisui, F|100/100
|-terastallize|p1a: Conkeldurr|Fire
|move|p1a: Conkeldurr|Fire Punch|p2a: Águas de Março
|-resisted|p2a: Águas de Março
|-damage|p2a: Águas de Março|52/100
|
|-damage|p1a: Conkeldurr|82/100 tox|[from] psn
|upkeep
|turn|10
|
|t:|1779908200
|move|p1a: Conkeldurr|Mach Punch|p2a: Águas de Março
|-supereffective|p2a: Águas de Março
|-damage|p2a: Águas de Março|0 fnt
|faint|p2a: Águas de Março
|-damage|p1a: Conkeldurr|72/100 tox|[from] item: Life Orb
|
|-damage|p1a: Conkeldurr|54/100 tox|[from] psn
|upkeep
|
|t:|1779908209
|switch|p2a: LCD Poundsystem|Iron Valiant|100/100
|turn|11
|
|t:|1779908214
|move|p2a: LCD Poundsystem|Close Combat|p1a: Conkeldurr
|-damage|p1a: Conkeldurr|9/100 tox
|-unboost|p2a: LCD Poundsystem|def|1
|-unboost|p2a: LCD Poundsystem|spd|1
|move|p1a: Conkeldurr|Fire Punch|p2a: LCD Poundsystem
|-crit|p2a: LCD Poundsystem
|-damage|p2a: LCD Poundsystem|0 fnt
|faint|p2a: LCD Poundsystem
|-end|p2a: LCD Poundsystem|Quark Drive|[silent]
|
|-damage|p1a: Conkeldurr|0 fnt|[from] psn
|faint|p1a: Conkeldurr
|upkeep
|
|t:|1779908223
|switch|p2a: 3 Ft Hi n' Rising|Moltres|100/100
|switch|p1a: Donphan|Donphan, F, shiny|94/100 tox
|turn|12
|
|t:|1779908228
|move|p2a: 3 Ft Hi n' Rising|Flamethrower|p1a: Donphan
|-damage|p1a: Donphan|42/100 tox
|move|p1a: Donphan|Rapid Spin|p2a: 3 Ft Hi n' Rising
|-damage|p2a: 3 Ft Hi n' Rising|87/100
|-boost|p1a: Donphan|spe|1
|-sideend|p1: Sleeping Closet|Stealth Rock|[from] move: Rapid Spin|[of] p1a: Donphan
|
|-damage|p1a: Donphan|36/100 tox|[from] psn
|upkeep
|turn|13
|
|t:|1779908235
|move|p1a: Donphan|Endeavor|p2a: 3 Ft Hi n' Rising
|-damage|p2a: 3 Ft Hi n' Rising|36/100
|move|p2a: 3 Ft Hi n' Rising|Roost|p2a: 3 Ft Hi n' Rising
|-heal|p2a: 3 Ft Hi n' Rising|86/100
|-singleturn|p2a: 3 Ft Hi n' Rising|move: Roost
|
|-damage|p1a: Donphan|23/100 tox|[from] psn
|upkeep
|turn|14
|
|t:|1779908251
|move|p1a: Donphan|Endeavor|p2a: 3 Ft Hi n' Rising
|-damage|p2a: 3 Ft Hi n' Rising|23/100
|move|p2a: 3 Ft Hi n' Rising|U-turn|p1a: Donphan
|-crit|p1a: Donphan
|-damage|p1a: Donphan|6/100 tox
|
|t:|1779908253
|switch|p2a: Day 'n' Nite|Dragonite, M|100/100|[from] U-turn
|
|-damage|p1a: Donphan|0 fnt|[from] psn
|faint|p1a: Donphan
|upkeep
|
|t:|1779908260
|switch|p1a: Greninja|Greninja, M|100/100
|-item|p1a: Greninja|Air Balloon
|turn|15
|
|t:|1779908265
|-terastallize|p2a: Day 'n' Nite|Normal
|move|p1a: Greninja|Ice Beam|p2a: Day 'n' Nite
|-damage|p2a: Day 'n' Nite|87/100
|move|p2a: Day 'n' Nite|Dragon Dance|p2a: Day 'n' Nite
|-boost|p2a: Day 'n' Nite|atk|1
|-boost|p2a: Day 'n' Nite|spe|1
|
|upkeep
|turn|16
|
|t:|1779908277
|switch|p1a: Dragapult|Dragapult, M, shiny|100/100
|move|p2a: Day 'n' Nite|Dragon Dance|p2a: Day 'n' Nite
|-boost|p2a: Day 'n' Nite|atk|1
|-boost|p2a: Day 'n' Nite|spe|1
|
|upkeep
|turn|17
|
|t:|1779908283
|move|p2a: Day 'n' Nite|Ice Spinner|p1a: Dragapult
|-supereffective|p1a: Dragapult
|-damage|p1a: Dragapult|0 fnt
|faint|p1a: Dragapult
|
|upkeep
|
|t:|1779908293
|switch|p1a: Magnezone|Magnezone, shiny|100/100
|turn|18
|
|t:|1779908299
|move|p2a: Day 'n' Nite|Earthquake|p1a: Magnezone
|-supereffective|p1a: Magnezone
|-damage|p1a: Magnezone|0 fnt
|faint|p1a: Magnezone
|
|upkeep
|
|t:|1779908302
|switch|p1a: Greninja|Greninja, M|100/100
|-item|p1a: Greninja|Air Balloon
|turn|19
|
|t:|1779908305
|move|p2a: Day 'n' Nite|Extreme Speed|p1a: Greninja
|-damage|p1a: Greninja|0 fnt
|-enditem|p1a: Greninja|Air Balloon
|faint|p1a: Greninja
|
|upkeep
|
|t:|1779908307
|switch|p1a: Enamorus|Enamorus, F|100/100
|turn|20
|
|t:|1779908311
|move|p2a: Day 'n' Nite|Extreme Speed|p1a: Enamorus
|-damage|p1a: Enamorus|0 fnt
|faint|p1a: Enamorus
|
|win|cowboyoctopus
|raw|Sleeping Closet's rating: 1446 &rarr; <strong>1429</strong><br />(-17 for losing)
|raw|cowboyoctopus's rating: 1506 &rarr; <strong>1523</strong><br />(+17 for winning)
|l|☆Sleeping Closet
|player|p1|
