|j|☆rockeater9000
|j|☆4axes
|t:|1779945261
|gametype|singles
|player|p1|rockeater9000|169|1593
|player|p2|4axes|workerice|1557
|gen|9
|tier|[Gen 9] OU
|rated|
|rule|HP Percentage Mod: HP is shown in percentages
|rule|Endless Battle Clause: Forcing endless battles is banned
|rule|Species Clause: Limit one of each Pokémon
|rule|OHKO Clause: OHKO moves are banned
|rule|Evasion Items Clause: Evasion items are banned
|rule|Evasion Moves Clause: Evasion moves are banned
|rule|Evasion Abilities Clause: Evasion abilities are banned
|rule|Sleep Moves Clause: Sleep-inducing moves are banned
|clearpoke
|poke|p1|Hydrapple, M|
|poke|p1|Clodsire, F|
|poke|p1|Bronzong|
|poke|p1|Regieleki|
|poke|p1|Pecharunt|
|poke|p1|Walking Wake|
|poke|p2|Zapdos|
|poke|p2|Cinderace, M|
|poke|p2|Great Tusk|
|poke|p2|Tinkaton, F|
|poke|p2|Arcanine-Hisui, M|
|poke|p2|Slowking-Galar, F|
|teampreview
|inactive|Battle timer is ON: inactive players will automatically lose when time's up. (requested by 4axes)
|inactive|rockeater9000 also wants the timer to be on.
|
|t:|1779945287
|teamsize|p1|6
|teamsize|p2|6
|start
|switch|p1a: Bronzong|Bronzong|100/100
|switch|p2a: Cinderace|Cinderace, M|100/100
|turn|1
|
|t:|1779945290
|switch|p1a: Walking Wake|Walking Wake|100/100
|move|p2a: Cinderace|Pyro Ball|p1a: Walking Wake
|-resisted|p1a: Walking Wake
|-damage|p1a: Walking Wake|84/100
|
|upkeep
|turn|2
|
|t:|1779945300
|switch|p2a: Zapdos|Zapdos|100/100
|move|p1a: Walking Wake|Surf|p2a: Zapdos
|-damage|p2a: Zapdos|49/100
|
|upkeep
|turn|3
|
|t:|1779945306
|switch|p2a: Slowking|Slowking-Galar, F|100/100
|move|p1a: Walking Wake|Surf|p2a: Slowking
|-damage|p2a: Slowking|71/100
|
|upkeep
|turn|4
|
|t:|1779945309
|move|p1a: Walking Wake|Knock Off|p2a: Slowking
|-supereffective|p2a: Slowking
|-damage|p2a: Slowking|37/100
|-enditem|p2a: Slowking|Shuca Berry|[from] move: Knock Off|[of] p1a: Walking Wake
|-prepare|p2a: Slowking|Chilly Reception|[premajor]
|move|p2a: Slowking|Chilly Reception|p2a: Slowking
|-weather|Snowscape
|
|t:|1779945315
|switch|p2a: Cinderace|Cinderace, M|100/100|[from] Chilly Reception
|
|-weather|Snowscape|[upkeep]
|upkeep
|turn|5
|
|t:|1779945318
|-end|p1a: Walking Wake|Protosynthesis|[silent]
|switch|p1a: Hydrapple|Hydrapple, M|100/100
|move|p2a: Cinderace|U-turn|p1a: Hydrapple
|-supereffective|p1a: Hydrapple
|-damage|p1a: Hydrapple|76/100
|-damage|p2a: Cinderace|84/100|[from] item: Rocky Helmet|[of] p1a: Hydrapple
|
|t:|1779945324
|switch|p2a: Zapdos|Zapdos|49/100|[from] U-turn
|
|-weather|Snowscape|[upkeep]
|upkeep
|turn|6
|
|t:|1779945326
|switch|p1a: Clodsire|Clodsire, F|100/100
|move|p2a: Zapdos|Roost|p2a: Zapdos
|-heal|p2a: Zapdos|99/100
|-singleturn|p2a: Zapdos|move: Roost
|
|-weather|Snowscape|[upkeep]
|upkeep
|turn|7
|
|t:|1779945329
|switch|p2a: Tinkaton|Tinkaton, F|100/100
|-item|p2a: Tinkaton|Air Balloon
|move|p1a: Clodsire|Spikes|p2a: Tinkaton
|-sidestart|p2: 4axes|Spikes
|
|-weather|Snowscape|[upkeep]
|upkeep
|turn|8
|
|t:|1779945353
|switch|p1a: Walking Wake|Walking Wake|84/100
|move|p2a: Tinkaton|Thunder Wave|p1a: Walking Wake
|-status|p1a: Walking Wake|par
|
|-weather|none
|upkeep
|turn|9
|
|t:|1779945363
|switch|p2a: Slowking|Slowking-Galar, F|71/100
|-damage|p2a: Slowking|58/100|[from] Spikes
|move|p1a: Walking Wake|Flip Turn|p2a: Slowking
|-damage|p2a: Slowking|42/100
|
|t:|1779945369
|-end|p1a: Walking Wake|Protosynthesis|[silent]
|switch|p1a: Regieleki|Regieleki|100/100|[from] Flip Turn
|
|upkeep
|turn|10
|
|t:|1779945375
|switch|p1a: Bronzong|Bronzong|100/100
|-prepare|p2a: Slowking|Chilly Reception|[premajor]
|move|p2a: Slowking|Chilly Reception|p2a: Slowking
|-weather|Snowscape
|
|t:|1779945389
|switch|p2a: Arcanine|Arcanine-Hisui, M|100/100|[from] Chilly Reception
|-damage|p2a: Arcanine|88/100|[from] Spikes
|
|-weather|Snowscape|[upkeep]
|upkeep
|turn|11
|
|t:|1779945397
|switch|p1a: Hydrapple|Hydrapple, M|100/100
|move|p2a: Arcanine|Flare Blitz|p1a: Hydrapple
|-damage|p1a: Hydrapple|50/100
|-damage|p2a: Arcanine|71/100|[from] item: Rocky Helmet|[of] p1a: Hydrapple
|
|-weather|Snowscape|[upkeep]
|upkeep
|turn|12
|
|t:|1779945410
|switch|p1a: Walking Wake|Walking Wake|84/100 par
|move|p2a: Arcanine|Flare Blitz|p1a: Walking Wake
|-resisted|p1a: Walking Wake
|-damage|p1a: Walking Wake|62/100 par
|
|-weather|Snowscape|[upkeep]
|upkeep
|turn|13
|
|t:|1779945416
|switch|p2a: Slowking|Slowking-Galar, F|75/100
|-damage|p2a: Slowking|63/100|[from] Spikes
|move|p1a: Walking Wake|Flip Turn|p2a: Slowking
|-damage|p2a: Slowking|47/100
|
|t:|1779945430
|-end|p1a: Walking Wake|Protosynthesis|[silent]
|switch|p1a: Bronzong|Bronzong|100/100|[from] Flip Turn
|
|-weather|Snowscape|[upkeep]
|upkeep
|turn|14
|
|t:|1779945433
|move|p1a: Bronzong|Night Shade|p2a: Slowking
|-damage|p2a: Slowking|22/100
|-prepare|p2a: Slowking|Chilly Reception|[premajor]
|move|p2a: Slowking|Chilly Reception|p2a: Slowking
|
|t:|1779945437
|switch|p2a: Cinderace|Cinderace, M|84/100|[from] Chilly Reception
|
|-weather|none
|upkeep
|turn|15
|
|t:|1779945442
|switch|p1a: Hydrapple|Hydrapple, M|83/100
|move|p2a: Cinderace|Court Change|p2a: Cinderace
|-swapsideconditions
|-activate|p2a: Cinderace|move: Court Change
|
|upkeep
|turn|16
|
|t:|1779945447
|move|p2a: Cinderace|U-turn|p1a: Hydrapple
|-supereffective|p1a: Hydrapple
|-damage|p1a: Hydrapple|58/100
|-damage|p2a: Cinderace|67/100|[from] item: Rocky Helmet|[of] p1a: Hydrapple
|
|t:|1779945449
|switch|p2a: Zapdos|Zapdos|99/100|[from] U-turn
|move|p1a: Hydrapple|Nasty Plot|p1a: Hydrapple
|-boost|p1a: Hydrapple|spa|2
|
|upkeep
|turn|17
|
|t:|1779945454
|switch|p1a: Clodsire|Clodsire, F|100/100
|-damage|p1a: Clodsire|88/100|[from] Spikes
|move|p2a: Zapdos|Hurricane|p1a: Clodsire
|-damage|p1a: Clodsire|62/100
|
|-heal|p1a: Clodsire|68/100|[from] item: Leftovers
|upkeep
|turn|18
|
|t:|1779945460
|switch|p2a: Tinkaton|Tinkaton, F|100/100
|-item|p2a: Tinkaton|Air Balloon
|move|p1a: Clodsire|Spikes|p2a: Tinkaton
|-sidestart|p2: 4axes|Spikes
|
|-heal|p1a: Clodsire|74/100|[from] item: Leftovers
|upkeep
|turn|19
|
|t:|1779945470
|switch|p1a: Bronzong|Bronzong|100/100
|move|p2a: Tinkaton|Stealth Rock|p1a: Bronzong
|-sidestart|p1: rockeater9000|move: Stealth Rock
|
|upkeep
|turn|20
|
|t:|1779945498
|switch|p2a: Zapdos|Zapdos|99/100
|move|p1a: Bronzong|Stealth Rock|p2a: Zapdos
|-sidestart|p2: 4axes|move: Stealth Rock
|
|upkeep
|turn|21
|
|t:|1779945511
|switch|p1a: Clodsire|Clodsire, F|74/100
|-damage|p1a: Clodsire|62/100|[from] Spikes
|-damage|p1a: Clodsire|56/100|[from] Stealth Rock
|move|p2a: Zapdos|Volt Switch|p1a: Clodsire
|-immune|p1a: Clodsire
|
|-heal|p1a: Clodsire|62/100|[from] item: Leftovers
|upkeep
|turn|22
|
|t:|1779945520
|switch|p2a: Great Tusk|Great Tusk|100/100
|-damage|p2a: Great Tusk|88/100|[from] Spikes
|-damage|p2a: Great Tusk|85/100|[from] Stealth Rock
|move|p1a: Clodsire|Recover|p1a: Clodsire
|-heal|p1a: Clodsire|100/100
|
|upkeep
|turn|23
|
|t:|1779945525
|switch|p1a: Pecharunt|Pecharunt|100/100
|move|p2a: Great Tusk|Headlong Rush|p1a: Pecharunt
|-supereffective|p1a: Pecharunt
|-damage|p1a: Pecharunt|5/100
|-unboost|p2a: Great Tusk|def|1
|-unboost|p2a: Great Tusk|spd|1
|
|upkeep
|turn|24
|
|t:|1779945548
|move|p1a: Pecharunt|Recover|p1a: Pecharunt
|-heal|p1a: Pecharunt|55/100
|move|p2a: Great Tusk|Temper Flare|p1a: Pecharunt
|-damage|p1a: Pecharunt|40/100
|
|upkeep
|turn|25
|
|t:|1779945554
|move|p1a: Pecharunt|Parting Shot|p2a: Great Tusk
|-unboost|p2a: Great Tusk|atk|1
|-unboost|p2a: Great Tusk|spa|1
|
|t:|1779945556
|switch|p1a: Hydrapple|Hydrapple, M|92/100|[from] Parting Shot
|-damage|p1a: Hydrapple|79/100|[from] Spikes
|-damage|p1a: Hydrapple|67/100|[from] Stealth Rock
|move|p2a: Great Tusk|Headlong Rush|p1a: Hydrapple
|-resisted|p1a: Hydrapple
|-damage|p1a: Hydrapple|56/100
|-unboost|p2a: Great Tusk|def|1
|-unboost|p2a: Great Tusk|spd|1
|-damage|p2a: Great Tusk|69/100|[from] item: Rocky Helmet|[of] p1a: Hydrapple
|
|upkeep
|turn|26
|
|t:|1779945565
|-end|p2a: Great Tusk|Protosynthesis|[silent]
|switch|p2a: Zapdos|Zapdos|99/100
|move|p1a: Hydrapple|Giga Drain|p2a: Zapdos
|-resisted|p2a: Zapdos
|-damage|p2a: Zapdos|86/100
|-heal|p1a: Hydrapple|62/100|[from] drain|[of] p2a: Zapdos
|
|upkeep
|turn|27
|
|t:|1779945570
|switch|p2a: Great Tusk|Great Tusk|69/100
|-damage|p2a: Great Tusk|56/100|[from] Spikes
|-damage|p2a: Great Tusk|53/100|[from] Stealth Rock
|switch|p1a: Clodsire|Clodsire, F|100/100
|-damage|p1a: Clodsire|88/100|[from] Spikes
|-damage|p1a: Clodsire|82/100|[from] Stealth Rock
|
|-heal|p1a: Clodsire|88/100|[from] item: Leftovers
|upkeep
|turn|28
|
|t:|1779945576
|switch|p1a: Hydrapple|Hydrapple, M|96/100
|-damage|p1a: Hydrapple|83/100|[from] Spikes
|-damage|p1a: Hydrapple|71/100|[from] Stealth Rock
|move|p2a: Great Tusk|Rapid Spin|p1a: Hydrapple
|-damage|p1a: Hydrapple|62/100
|-boost|p2a: Great Tusk|spe|1
|-damage|p2a: Great Tusk|37/100|[from] item: Rocky Helmet|[of] p1a: Hydrapple
|-sideend|p2: 4axes|Spikes|[from] move: Rapid Spin|[of] p2a: Great Tusk
|-sideend|p2: 4axes|Stealth Rock|[from] move: Rapid Spin|[of] p2a: Great Tusk
|
|upkeep
|turn|29
|
|t:|1779945581
|switch|p1a: Clodsire|Clodsire, F|88/100
|-damage|p1a: Clodsire|75/100|[from] Spikes
|-damage|p1a: Clodsire|69/100|[from] Stealth Rock
|move|p2a: Great Tusk|Ice Spinner|p1a: Clodsire
|-supereffective|p1a: Clodsire
|-damage|p1a: Clodsire|0 fnt
|faint|p1a: Clodsire
|
|upkeep
|
|t:|1779945590
|switch|p1a: Bronzong|Bronzong|100/100
|-damage|p1a: Bronzong|94/100|[from] Stealth Rock
|turn|30
|
|t:|1779945602
|-end|p2a: Great Tusk|Protosynthesis|[silent]
|switch|p2a: Cinderace|Cinderace, M|67/100
|move|p1a: Bronzong|Psychic Noise|p2a: Cinderace
|-damage|p2a: Cinderace|38/100
|-start|p2a: Cinderace|move: Heal Block
|
|-heal|p1a: Bronzong|100/100|[from] item: Leftovers
|upkeep
|turn|31
|
|t:|1779945607
|switch|p1a: Walking Wake|Walking Wake|62/100 par
|move|p2a: Cinderace|Pyro Ball|p1a: Walking Wake
|-resisted|p1a: Walking Wake
|-damage|p1a: Walking Wake|47/100 par
|
|-end|p2a: Cinderace|move: Heal Block
|upkeep
|turn|32
|
|t:|1779945613
|move|p2a: Cinderace|U-turn|p1a: Walking Wake
|-damage|p1a: Walking Wake|20/100 par
|
|t:|1779945618
|switch|p2a: Tinkaton|Tinkaton, F|100/100|[from] U-turn
|-item|p2a: Tinkaton|Air Balloon
|move|p1a: Walking Wake|Flip Turn|p2a: Tinkaton
|-damage|p2a: Tinkaton|82/100
|-enditem|p2a: Tinkaton|Air Balloon
|-enditem|p1a: Walking Wake|Heavy-Duty Boots|[silent]|[from] ability: Pickpocket|[of] p1a: Walking Wake
|-item|p2a: Tinkaton|Heavy-Duty Boots|[from] ability: Pickpocket|[of] p1a: Walking Wake
|
|t:|1779945628
|-end|p1a: Walking Wake|Protosynthesis|[silent]
|switch|p1a: Bronzong|Bronzong|100/100|[from] Flip Turn
|-damage|p1a: Bronzong|94/100|[from] Stealth Rock
|
|-heal|p1a: Bronzong|100/100|[from] item: Leftovers
|upkeep
|turn|33
|
|t:|1779945640
|move|p2a: Tinkaton|Thunder Wave|p1a: Bronzong
|-status|p1a: Bronzong|par
|move|p1a: Bronzong|Stealth Rock|p2a: Tinkaton
|-sidestart|p2: 4axes|move: Stealth Rock
|
|upkeep
|turn|34
|
|t:|1779945645
|move|p2a: Tinkaton|Encore|p1a: Bronzong
|-start|p1a: Bronzong|Encore
|cant|p1a: Bronzong|par
|
|upkeep
|turn|35
|
|t:|1779945649
|switch|p1a: Regieleki|Regieleki|100/100
|move|p2a: Tinkaton|Gigaton Hammer|p1a: Regieleki
|-resisted|p1a: Regieleki
|-damage|p1a: Regieleki|60/100
|
|upkeep
|turn|36
|
|t:|1779945657
|move|p1a: Regieleki|Rapid Spin|p2a: Tinkaton
|-resisted|p2a: Tinkaton
|-damage|p2a: Tinkaton|76/100
|-boost|p1a: Regieleki|spe|1
|-sideend|p1: rockeater9000|Spikes|[from] move: Rapid Spin|[of] p1a: Regieleki
|-sideend|p1: rockeater9000|Stealth Rock|[from] move: Rapid Spin|[of] p1a: Regieleki
|move|p2a: Tinkaton|Encore|p1a: Regieleki
|-start|p1a: Regieleki|Encore
|
|upkeep
|turn|37
|
|t:|1779945662
|switch|p1a: Pecharunt|Pecharunt|40/100
|switch|p2a: Cinderace|Cinderace, M|38/100
|
|upkeep
|turn|38
|
|t:|1779945666
|move|p2a: Cinderace|Court Change|p2a: Cinderace
|-swapsideconditions
|-activate|p2a: Cinderace|move: Court Change
|move|p1a: Pecharunt|Recover|p1a: Pecharunt
|-heal|p1a: Pecharunt|90/100
|
|upkeep
|turn|39
|
|t:|1779945672
|move|p2a: Cinderace|U-turn|p1a: Pecharunt
|-resisted|p1a: Pecharunt
|-damage|p1a: Pecharunt|87/100
|
|t:|1779945675
|switch|p2a: Slowking|Slowking-Galar, F|55/100|[from] U-turn
|move|p1a: Pecharunt|Parting Shot|p2a: Slowking
|-unboost|p2a: Slowking|atk|1
|-unboost|p2a: Slowking|spa|1
|
|t:|1779945678
|switch|p1a: Bronzong|Bronzong|100/100 par|[from] Parting Shot
|-damage|p1a: Bronzong|94/100 par|[from] Stealth Rock
|
|-heal|p1a: Bronzong|100/100 par|[from] item: Leftovers
|upkeep
|turn|40
|
|t:|1779945681
|switch|p2a: Cinderace|Cinderace, M|38/100
|move|p1a: Bronzong|Stealth Rock|p2a: Cinderace
|-sidestart|p2: 4axes|move: Stealth Rock
|
|upkeep
|turn|41
|
|t:|1779945684
|switch|p1a: Hydrapple|Hydrapple, M|95/100
|-damage|p1a: Hydrapple|83/100|[from] Stealth Rock
|move|p2a: Cinderace|Pyro Ball|p1a: Hydrapple
|-damage|p1a: Hydrapple|50/100
|
|upkeep
|turn|42
|
|t:|1779945692
|move|p2a: Cinderace|U-turn|p1a: Hydrapple
|-supereffective|p1a: Hydrapple
|-damage|p1a: Hydrapple|24/100
|-damage|p2a: Cinderace|22/100|[from] item: Rocky Helmet|[of] p1a: Hydrapple
|
|t:|1779945697
|switch|p2a: Zapdos|Zapdos|86/100|[from] U-turn
|move|p1a: Hydrapple|Fickle Beam|p2a: Zapdos|[anim] Fickle Beam All Out
|-activate|p1a: Hydrapple|move: Fickle Beam
|-damage|p2a: Zapdos|17/100
|
|upkeep
|turn|43
|
|t:|1779945703
|switch|p1a: Bronzong|Bronzong|100/100 par
|-damage|p1a: Bronzong|94/100 par|[from] Stealth Rock
|move|p2a: Zapdos|Roost|p2a: Zapdos
|-heal|p2a: Zapdos|68/100
|-singleturn|p2a: Zapdos|move: Roost
|
|-heal|p1a: Bronzong|100/100 par|[from] item: Leftovers
|upkeep
|turn|44
|
|t:|1779945707
|move|p2a: Zapdos|Roost|p2a: Zapdos
|-heal|p2a: Zapdos|100/100
|-singleturn|p2a: Zapdos|move: Roost
|cant|p1a: Bronzong|par
|
|upkeep
|turn|45
|
|t:|1779945711
|move|p2a: Zapdos|Volt Switch|p1a: Bronzong
|-damage|p1a: Bronzong|80/100 par
|
|t:|1779945715
|switch|p2a: Slowking|Slowking-Galar, F|88/100|[from] Volt Switch
|-damage|p2a: Slowking|76/100|[from] Stealth Rock
|move|p1a: Bronzong|Night Shade|p2a: Slowking
|-damage|p2a: Slowking|50/100
|
|-heal|p1a: Bronzong|86/100 par|[from] item: Leftovers
|upkeep
|turn|46
|
|t:|1779945721
|-prepare|p2a: Slowking|Chilly Reception|[premajor]
|move|p2a: Slowking|Chilly Reception|p2a: Slowking
|-weather|Snowscape
|
|t:|1779945725
|switch|p2a: Tinkaton|Tinkaton, F|76/100|[from] Chilly Reception
|cant|p1a: Bronzong|par
|
|-weather|Snowscape|[upkeep]
|-heal|p1a: Bronzong|93/100 par|[from] item: Leftovers
|upkeep
|turn|47
|
|t:|1779945737
|move|p2a: Tinkaton|Gigaton Hammer|p1a: Bronzong
|-resisted|p1a: Bronzong
|-damage|p1a: Bronzong|72/100 par
|move|p1a: Bronzong|Night Shade|p2a: Tinkaton
|-damage|p2a: Tinkaton|49/100
|
|-weather|Snowscape|[upkeep]
|-heal|p1a: Bronzong|78/100 par|[from] item: Leftovers
|upkeep
|turn|48
|
|t:|1779945744
|switch|p2a: Slowking|Slowking-Galar, F|83/100
|-damage|p2a: Slowking|71/100|[from] Stealth Rock
|move|p1a: Bronzong|Night Shade|p2a: Slowking
|-damage|p2a: Slowking|46/100
|
|-weather|Snowscape|[upkeep]
|-heal|p1a: Bronzong|85/100 par|[from] item: Leftovers
|upkeep
|turn|49
|
|t:|1779945752
|-prepare|p2a: Slowking|Chilly Reception|[premajor]
|move|p2a: Slowking|Chilly Reception|p2a: Slowking
|
|t:|1779945759
|switch|p2a: Zapdos|Zapdos|100/100|[from] Chilly Reception
|move|p1a: Bronzong|Night Shade|p2a: Zapdos
|-damage|p2a: Zapdos|74/100
|
|-weather|Snowscape|[upkeep]
|-heal|p1a: Bronzong|91/100 par|[from] item: Leftovers
|upkeep
|turn|50
|
|t:|1779945764
|move|p2a: Zapdos|Hurricane|p1a: Bronzong
|-resisted|p1a: Bronzong
|-damage|p1a: Bronzong|75/100 par
|cant|p1a: Bronzong|par
|
|-weather|none
|-heal|p1a: Bronzong|81/100 par|[from] item: Leftovers
|upkeep
|turn|51
|
|t:|1779945767
|move|p2a: Zapdos|Hurricane|p1a: Bronzong
|-resisted|p1a: Bronzong
|-damage|p1a: Bronzong|65/100 par
|cant|p1a: Bronzong|par
|
|-heal|p1a: Bronzong|72/100 par|[from] item: Leftovers
|upkeep
|turn|52
|
|t:|1779945771
|move|p2a: Zapdos|Hurricane|p1a: Bronzong
|-resisted|p1a: Bronzong
|-damage|p1a: Bronzong|56/100 par
|-start|p1a: Bronzong|confusion
|-activate|p1a: Bronzong|confusion
|move|p1a: Bronzong|Psychic Noise|p2a: Zapdos
|-crit|p2a: Zapdos
|-damage|p2a: Zapdos|46/100
|-start|p2a: Zapdos|move: Heal Block
|
|-heal|p1a: Bronzong|62/100 par|[from] item: Leftovers
|upkeep
|turn|53
|
|t:|1779945775
|move|p2a: Zapdos|Hurricane|p1a: Bronzong
|-resisted|p1a: Bronzong
|-damage|p1a: Bronzong|45/100 par
|-activate|p1a: Bronzong|confusion
|move|p1a: Bronzong|Night Shade|p2a: Zapdos
|-damage|p2a: Zapdos|20/100
|
|-heal|p1a: Bronzong|52/100 par|[from] item: Leftovers
|-end|p2a: Zapdos|move: Heal Block
|upkeep
|turn|54
|
|t:|1779945779
|move|p2a: Zapdos|Roost|p2a: Zapdos
|-heal|p2a: Zapdos|70/100
|-singleturn|p2a: Zapdos|move: Roost
|-activate|p1a: Bronzong|confusion
|move|p1a: Bronzong|Psychic Noise|p2a: Zapdos
|-damage|p2a: Zapdos|49/100
|-start|p2a: Zapdos|move: Heal Block
|
|-heal|p1a: Bronzong|58/100 par|[from] item: Leftovers
|upkeep
|turn|55
|
|t:|1779945782
|move|p2a: Zapdos|Hurricane|p1a: Bronzong
|-resisted|p1a: Bronzong
|-damage|p1a: Bronzong|41/100 par
|-activate|p1a: Bronzong|confusion
|move|p1a: Bronzong|Night Shade|p2a: Zapdos
|-damage|p2a: Zapdos|23/100
|
|-heal|p1a: Bronzong|48/100 par|[from] item: Leftovers
|-end|p2a: Zapdos|move: Heal Block
|upkeep
|turn|56
|
|t:|1779945785
|move|p2a: Zapdos|Roost|p2a: Zapdos
|-heal|p2a: Zapdos|73/100
|-singleturn|p2a: Zapdos|move: Roost
|-end|p1a: Bronzong|confusion
|move|p1a: Bronzong|Psychic Noise|p2a: Zapdos
|-damage|p2a: Zapdos|51/100
|-start|p2a: Zapdos|move: Heal Block
|
|-heal|p1a: Bronzong|54/100 par|[from] item: Leftovers
|upkeep
|turn|57
|
|t:|1779945788
|move|p2a: Zapdos|Hurricane|p1a: Bronzong
|-resisted|p1a: Bronzong
|-damage|p1a: Bronzong|38/100 par
|-start|p1a: Bronzong|confusion
|-activate|p1a: Bronzong|confusion
|-damage|p1a: Bronzong|31/100 par|[from] confusion
|
|-heal|p1a: Bronzong|37/100 par|[from] item: Leftovers
|-end|p2a: Zapdos|move: Heal Block
|upkeep
|turn|58
|
|t:|1779945794
|move|p2a: Zapdos|Roost|p2a: Zapdos
|-heal|p2a: Zapdos|100/100
|-singleturn|p2a: Zapdos|move: Roost
|-activate|p1a: Bronzong|confusion
|-damage|p1a: Bronzong|30/100 par|[from] confusion
|
|-heal|p1a: Bronzong|36/100 par|[from] item: Leftovers
|upkeep
|turn|59
|c|☆rockeater9000|how have you hit all of these wtf
|
|t:|1779945797
|move|p2a: Zapdos|Hurricane|p1a: Bronzong|[miss]
|-miss|p2a: Zapdos|p1a: Bronzong
|-activate|p1a: Bronzong|confusion
|move|p1a: Bronzong|Psychic Noise|p2a: Zapdos
|-damage|p2a: Zapdos|78/100
|-start|p2a: Zapdos|move: Heal Block
|
|-heal|p1a: Bronzong|43/100 par|[from] item: Leftovers
|upkeep
|turn|60
|
|t:|1779945800
|move|p2a: Zapdos|Hurricane|p1a: Bronzong|[miss]
|-miss|p2a: Zapdos|p1a: Bronzong
|-end|p1a: Bronzong|confusion
|move|p1a: Bronzong|Night Shade|p2a: Zapdos
|-damage|p2a: Zapdos|52/100
|
|-heal|p1a: Bronzong|49/100 par|[from] item: Leftovers
|-end|p2a: Zapdos|move: Heal Block
|upkeep
|turn|61
|
|t:|1779945802
|move|p2a: Zapdos|Hurricane|p1a: Bronzong
|-resisted|p1a: Bronzong
|-damage|p1a: Bronzong|32/100 par
|move|p1a: Bronzong|Psychic Noise|p2a: Zapdos
|-crit|p2a: Zapdos
|-damage|p2a: Zapdos|19/100
|-start|p2a: Zapdos|move: Heal Block
|
|-heal|p1a: Bronzong|38/100 par|[from] item: Leftovers
|upkeep
|turn|62
|
|t:|1779945806
|move|p2a: Zapdos|Volt Switch|p1a: Bronzong
|-damage|p1a: Bronzong|19/100 par
|j| samurajen
|
|t:|1779945815
|switch|p2a: Slowking|Slowking-Galar, F|79/100|[from] Volt Switch
|-damage|p2a: Slowking|66/100|[from] Stealth Rock
|cant|p1a: Bronzong|par
|
|-heal|p1a: Bronzong|26/100 par|[from] item: Leftovers
|upkeep
|turn|63
|
|t:|1779945824
|move|p2a: Slowking|Future Sight|p1a: Bronzong
|-start|p2a: Slowking|move: Future Sight
|move|p1a: Bronzong|Night Shade|p2a: Slowking
|-damage|p2a: Slowking|41/100
|
|-heal|p1a: Bronzong|32/100 par|[from] item: Leftovers
|upkeep
|turn|64
|
|t:|1779945827
|-prepare|p2a: Slowking|Chilly Reception|[premajor]
|move|p2a: Slowking|Chilly Reception|p2a: Slowking
|-weather|Snowscape
|
|t:|1779945828
|switch|p2a: Tinkaton|Tinkaton, F|49/100|[from] Chilly Reception
|move|p1a: Bronzong|Night Shade|p2a: Tinkaton
|-damage|p2a: Tinkaton|23/100
|
|-weather|Snowscape|[upkeep]
|-heal|p1a: Bronzong|38/100 par|[from] item: Leftovers
|upkeep
|turn|65
|
|t:|1779945837
|switch|p1a: Walking Wake|Walking Wake|20/100 par
|-damage|p1a: Walking Wake|7/100 par|[from] Stealth Rock
|move|p2a: Tinkaton|Gigaton Hammer|p1a: Walking Wake
|-resisted|p1a: Walking Wake
|-damage|p1a: Walking Wake|0 fnt
|faint|p1a: Walking Wake
|-end|p1a: Walking Wake|Protosynthesis|[silent]
|
|-weather|Snowscape|[upkeep]
|-hint|Future Sight did not hit because the target is fainted.
|upkeep
|
|t:|1779945842
|switch|p1a: Bronzong|Bronzong|38/100 par
|-damage|p1a: Bronzong|32/100 par|[from] Stealth Rock
|turn|66
|
|t:|1779945847
|move|p2a: Tinkaton|Encore||[still]
|-fail|p2a: Tinkaton
|move|p1a: Bronzong|Night Shade|p2a: Tinkaton
|-damage|p2a: Tinkaton|0 fnt
|faint|p2a: Tinkaton
|
|-weather|Snowscape|[upkeep]
|-heal|p1a: Bronzong|38/100 par|[from] item: Leftovers
|upkeep
|
|t:|1779945854
|switch|p2a: Arcanine|Arcanine-Hisui, M|71/100
|-damage|p2a: Arcanine|47/100|[from] Stealth Rock
|turn|67
|
|t:|1779945859
|switch|p1a: Hydrapple|Hydrapple, M|57/100
|-damage|p1a: Hydrapple|45/100|[from] Stealth Rock
|move|p2a: Arcanine|Flare Blitz|p1a: Hydrapple
|-damage|p1a: Hydrapple|0 fnt
|-damage|p2a: Arcanine|30/100|[from] item: Rocky Helmet|[of] p1a: Hydrapple
|faint|p1a: Hydrapple
|
|-weather|Snowscape|[upkeep]
|upkeep
|
|t:|1779945862
|switch|p1a: Regieleki|Regieleki|60/100
|turn|68
|
|t:|1779945868
|switch|p1a: Pecharunt|Pecharunt|87/100
|switch|p2a: Slowking|Slowking-Galar, F|74/100
|-damage|p2a: Slowking|62/100|[from] Stealth Rock
|
|-weather|none
|upkeep
|turn|69
|
|t:|1779945874
|move|p1a: Pecharunt|Foul Play|p2a: Slowking
|-supereffective|p2a: Slowking
|-damage|p2a: Slowking|33/100
|-prepare|p2a: Slowking|Chilly Reception|[premajor]
|move|p2a: Slowking|Chilly Reception|p2a: Slowking
|-weather|Snowscape
|
|t:|1779945888
|switch|p2a: Cinderace|Cinderace, M|22/100|[from] Chilly Reception
|
|-weather|Snowscape|[upkeep]
|upkeep
|turn|70
|
|t:|1779945906
|move|p2a: Cinderace|Will-O-Wisp|p1a: Pecharunt
|-status|p1a: Pecharunt|brn
|move|p1a: Pecharunt|Foul Play|p2a: Cinderace
|-damage|p2a: Cinderace|0 fnt
|faint|p2a: Cinderace
|
|-weather|Snowscape|[upkeep]
|-damage|p1a: Pecharunt|81/100 brn|[from] brn
|upkeep
|
|t:|1779945912
|switch|p2a: Slowking|Slowking-Galar, F|67/100
|-damage|p2a: Slowking|54/100|[from] Stealth Rock
|turn|71
|
|t:|1779945915
|move|p1a: Pecharunt|Foul Play|p2a: Slowking
|-supereffective|p2a: Slowking
|-damage|p2a: Slowking|42/100
|move|p2a: Slowking|Future Sight|p1a: Pecharunt
|-start|p2a: Slowking|move: Future Sight
|
|-weather|Snowscape|[upkeep]
|-damage|p1a: Pecharunt|75/100 brn|[from] brn
|upkeep
|turn|72
|
|t:|1779945920
|move|p1a: Pecharunt|Parting Shot|p2a: Slowking
|-unboost|p2a: Slowking|atk|1
|-unboost|p2a: Slowking|spa|1
|
|t:|1779945921
|switch|p1a: Bronzong|Bronzong|38/100 par|[from] Parting Shot
|-damage|p1a: Bronzong|32/100 par|[from] Stealth Rock
|-prepare|p2a: Slowking|Chilly Reception|[premajor]
|move|p2a: Slowking|Chilly Reception|p2a: Slowking
|
|t:|1779945926
|switch|p2a: Arcanine|Arcanine-Hisui, M|30/100|[from] Chilly Reception
|-damage|p2a: Arcanine|5/100|[from] Stealth Rock
|
|-weather|Snowscape|[upkeep]
|-heal|p1a: Bronzong|38/100 par|[from] item: Leftovers
|upkeep
|turn|73
|
|t:|1779945937
|move|p2a: Arcanine|Flare Blitz|p1a: Bronzong
|-supereffective|p1a: Bronzong
|-damage|p1a: Bronzong|0 fnt
|faint|p1a: Bronzong
|
|-weather|none
|-hint|Future Sight did not hit because the target is fainted.
|upkeep
|
|t:|1779945940
|switch|p1a: Pecharunt|Pecharunt|75/100 brn
|turn|74
|
|t:|1779945952
|switch|p2a: Slowking|Slowking-Galar, F|75/100
|-damage|p2a: Slowking|62/100|[from] Stealth Rock
|move|p1a: Pecharunt|Foul Play|p2a: Slowking
|-supereffective|p2a: Slowking
|-damage|p2a: Slowking|50/100
|
|-damage|p1a: Pecharunt|69/100 brn|[from] brn
|upkeep
|turn|75
|
|t:|1779945958
|move|p1a: Pecharunt|Recover|p1a: Pecharunt
|-heal|p1a: Pecharunt|100/100 brn
|move|p2a: Slowking|Future Sight|p1a: Pecharunt
|-start|p2a: Slowking|move: Future Sight
|
|-damage|p1a: Pecharunt|94/100 brn|[from] brn
|upkeep
|turn|76
|
|t:|1779945964
|move|p1a: Pecharunt|Foul Play|p2a: Slowking
|-supereffective|p2a: Slowking
|-damage|p2a: Slowking|37/100
|-prepare|p2a: Slowking|Chilly Reception|[premajor]
|move|p2a: Slowking|Chilly Reception|p2a: Slowking
|-weather|Snowscape
|
|t:|1779945973
|switch|p2a: Zapdos|Zapdos|19/100|[from] Chilly Reception
|
|-weather|Snowscape|[upkeep]
|-damage|p1a: Pecharunt|88/100 brn|[from] brn
|upkeep
|turn|77
|
|t:|1779945979
|-terastallize|p1a: Pecharunt|Dark
|move|p1a: Pecharunt|Malignant Chain|p2a: Zapdos
|-damage|p2a: Zapdos|0 fnt
|faint|p2a: Zapdos
|
|-weather|Snowscape|[upkeep]
|-end|p1a: Pecharunt|move: Future Sight
|-immune|p1a: Pecharunt
|-damage|p1a: Pecharunt|82/100 brn|[from] brn
|upkeep
|
|t:|1779945984
|switch|p2a: Slowking|Slowking-Galar, F|71/100
|-damage|p2a: Slowking|58/100|[from] Stealth Rock
|turn|78
|
|t:|1779946000
|-terastallize|p2a: Slowking|Water
|move|p1a: Pecharunt|Foul Play|p2a: Slowking
|-damage|p2a: Slowking|49/100
|move|p2a: Slowking|Sludge Bomb|p1a: Pecharunt
|-damage|p1a: Pecharunt|51/100 brn
|
|-weather|Snowscape|[upkeep]
|-damage|p1a: Pecharunt|45/100 brn|[from] brn
|upkeep
|turn|79
|
|t:|1779946008
|move|p1a: Pecharunt|Recover|p1a: Pecharunt
|-heal|p1a: Pecharunt|95/100 brn
|move|p2a: Slowking|Sludge Bomb|p1a: Pecharunt
|-damage|p1a: Pecharunt|64/100 brn
|
|-weather|Snowscape|[upkeep]
|-damage|p1a: Pecharunt|58/100 brn|[from] brn
|upkeep
|turn|80
|
|t:|1779946010
|move|p1a: Pecharunt|Parting Shot|p2a: Slowking
|-unboost|p2a: Slowking|atk|1
|-unboost|p2a: Slowking|spa|1
|
|t:|1779946012
|switch|p1a: Regieleki|Regieleki|60/100|[from] Parting Shot
|move|p2a: Slowking|Sludge Bomb|p1a: Regieleki
|-damage|p1a: Regieleki|18/100
|
|-weather|none
|upkeep
|turn|81
|
|t:|1779946022
|switch|p1a: Pecharunt|Pecharunt, tera:Dark|58/100 brn
|switch|p2a: Arcanine|Arcanine-Hisui, M|5/100
|-damage|p2a: Arcanine|0 fnt|[from] Stealth Rock
|faint|p2a: Arcanine
|
|-damage|p1a: Pecharunt|52/100 brn|[from] brn
|upkeep
|
|t:|1779946024
|switch|p2a: Slowking|Slowking-Galar, F, tera:Water|82/100
|-damage|p2a: Slowking|70/100|[from] Stealth Rock
|turn|82
|
|t:|1779946035
|move|p1a: Pecharunt|Malignant Chain|p2a: Slowking
|-damage|p2a: Slowking|52/100
|-status|p2a: Slowking|tox
|-start|p2a: Slowking|confusion|[from] ability: Poison Puppeteer|[of] p1a: Pecharunt
|-activate|p2a: Slowking|confusion
|-damage|p2a: Slowking|46/100 tox|[from] confusion
|
|-damage|p2a: Slowking|40/100 tox|[from] psn
|-damage|p1a: Pecharunt|46/100 brn|[from] brn
|upkeep
|turn|83
|
|t:|1779946045
|switch|p2a: Great Tusk|Great Tusk|37/100
|-damage|p2a: Great Tusk|34/100|[from] Stealth Rock
|move|p1a: Pecharunt|Recover|p1a: Pecharunt
|-heal|p1a: Pecharunt|96/100 brn
|
|-damage|p1a: Pecharunt|90/100 brn|[from] brn
|upkeep
|turn|84
|
|t:|1779946052
|move|p1a: Pecharunt|Malignant Chain|p2a: Great Tusk
|-resisted|p2a: Great Tusk
|-damage|p2a: Great Tusk|9/100
|move|p2a: Great Tusk|Headlong Rush|p1a: Pecharunt
|-damage|p1a: Pecharunt|54/100 brn
|-unboost|p2a: Great Tusk|def|1
|-unboost|p2a: Great Tusk|spd|1
|
|-damage|p1a: Pecharunt|48/100 brn|[from] brn
|upkeep
|turn|85
|
|t:|1779946058
|move|p1a: Pecharunt|Foul Play|p2a: Great Tusk
|-resisted|p2a: Great Tusk
|-damage|p2a: Great Tusk|0 fnt
|faint|p2a: Great Tusk
|-end|p2a: Great Tusk|Protosynthesis|[silent]
|
|-damage|p1a: Pecharunt|42/100 brn|[from] brn
|upkeep
|
|t:|1779946060
|switch|p2a: Slowking|Slowking-Galar, F, tera:Water|73/100 tox
|-damage|p2a: Slowking|61/100 tox|[from] Stealth Rock
|turn|86
|c|☆rockeater9000|gg
|-message|4axes forfeited.
|
|win|rockeater9000
|raw|rockeater9000's rating: 1593 &rarr; <strong>1611</strong><br />(+18 for winning)
|raw|4axes's rating: 1557 &rarr; <strong>1539</strong><br />(-18 for losing)
|l|☆4axes
|player|p2|
