|j|☆clouddaearth
|j|‽sawquarete
|t:|1779851168
|gametype|singles
|player|p1|clouddaearth|1|1447
|player|p2|sawquarete|li|1458
|gen|9
|tier|[Gen 9] OU
|rated|
|rule|HP Percentage Mod: HP is shown in percentages
|rule|Endless Battle Clause: Forcing endless battles is banned
|rule|Species Clause: Limit one of each Pokémon
|rule|OHKO Clause: OHKO moves are banned
|rule|Evasion Items Clause: Evasion items are banned
|rule|Evasion Moves Clause: Evasion moves are banned
|rule|Evasion Abilities Clause: Evasion abilities are banned
|rule|Sleep Moves Clause: Sleep-inducing moves are banned
|clearpoke
|poke|p1|Gengar, M|
|poke|p1|Weavile, F|
|poke|p1|Iron Treads|
|poke|p1|Blaziken, M|
|poke|p1|Azumarill, F|
|poke|p1|Dragonite, M|
|poke|p2|Great Tusk|
|poke|p2|Gholdengo|
|poke|p2|Samurott-Hisui, M|
|poke|p2|Tornadus-Therian, M|
|poke|p2|Dragonite, F|
|poke|p2|Iron Valiant|
|teampreview
|
|t:|1779851172
|teamsize|p1|6
|teamsize|p2|6
|start
|switch|p1a: Weavile|Weavile, F|100/100
|switch|p2a: Samurott|Samurott-Hisui, M|100/100
|turn|1
|
|t:|1779851177
|move|p2a: Samurott|Ceaseless Edge|p1a: Weavile
|-resisted|p1a: Weavile
|-damage|p1a: Weavile|59/100
|-sidestart|p1: clouddaearth|Spikes
|move|p1a: Weavile|Knock Off|p2a: Samurott
|-resisted|p2a: Samurott
|-damage|p2a: Samurott|71/100
|-enditem|p2a: Samurott|Choice Scarf|[from] move: Knock Off|[of] p1a: Weavile
|
|upkeep
|turn|2
|
|t:|1779851186
|move|p1a: Weavile|Brick Break|p2a: Samurott
|-supereffective|p2a: Samurott
|-damage|p2a: Samurott|10/100
|move|p2a: Samurott|Ceaseless Edge|p1a: Weavile
|-resisted|p1a: Weavile
|-damage|p1a: Weavile|21/100
|-sidestart|p1: clouddaearth|Spikes
|
|upkeep
|turn|3
|
|t:|1779851197
|move|p1a: Weavile|Ice Shard|p2a: Samurott
|-resisted|p2a: Samurott
|-damage|p2a: Samurott|0 fnt
|faint|p2a: Samurott
|
|upkeep
|
|t:|1779851204
|switch|p2a: Dragonite|Dragonite, F|100/100
|turn|4
|
|t:|1779851209
|switch|p1a: Gengar|Gengar, M|100/100
|-damage|p1a: Gengar|84/100|[from] Spikes
|move|p2a: Dragonite|Extreme Speed|p1a: Gengar
|-immune|p1a: Gengar
|
|upkeep
|turn|5
|
|t:|1779851217
|move|p1a: Gengar|Encore|p2a: Dragonite
|-start|p2a: Dragonite|Encore
|move|p2a: Dragonite|Extreme Speed|p1a: Gengar
|-immune|p1a: Gengar
|
|upkeep
|turn|6
|
|t:|1779851223
|switch|p1a: Iron Treads|Iron Treads|100/100
|-damage|p1a: Iron Treads|84/100|[from] Spikes
|-enditem|p1a: Iron Treads|Booster Energy
|-activate|p1a: Iron Treads|ability: Quark Drive|[fromitem]
|-start|p1a: Iron Treads|quarkdrivespe
|switch|p2a: Iron Valiant|Iron Valiant|100/100
|-enditem|p2a: Iron Valiant|Booster Energy
|-activate|p2a: Iron Valiant|ability: Quark Drive|[fromitem]
|-start|p2a: Iron Valiant|quarkdrivespe
|
|upkeep
|turn|7
|
|t:|1779851235
|-terastallize|p1a: Iron Treads|Ground
|move|p2a: Iron Valiant|Close Combat|p1a: Iron Treads
|-damage|p1a: Iron Treads|29/100
|-unboost|p2a: Iron Valiant|def|1
|-unboost|p2a: Iron Valiant|spd|1
|move|p1a: Iron Treads|Rapid Spin|p2a: Iron Valiant
|-damage|p2a: Iron Valiant|70/100
|-boost|p1a: Iron Treads|spe|1
|-sideend|p1: clouddaearth|Spikes|[from] move: Rapid Spin|[of] p1a: Iron Treads
|
|upkeep
|turn|8
|
|t:|1779851246
|-end|p2a: Iron Valiant|Quark Drive|[silent]
|switch|p2a: Tornadus|Tornadus-Therian, M|100/100
|move|p1a: Iron Treads|Iron Head|p2a: Tornadus
|-damage|p2a: Tornadus|55/100
|
|upkeep
|turn|9
|
|t:|1779851251
|move|p1a: Iron Treads|Iron Head|p2a: Tornadus
|-damage|p2a: Tornadus|11/100
|move|p2a: Tornadus|Heat Wave|p1a: Iron Treads
|-damage|p1a: Iron Treads|0 fnt
|faint|p1a: Iron Treads
|-end|p1a: Iron Treads|Quark Drive|[silent]
|
|upkeep
|
|t:|1779851260
|switch|p1a: Weavile|Weavile, F|21/100
|turn|10
|
|t:|1779851265
|move|p1a: Weavile|Ice Shard|p2a: Tornadus
|-supereffective|p2a: Tornadus
|-damage|p2a: Tornadus|0 fnt
|faint|p2a: Tornadus
|
|upkeep
|
|t:|1779851268
|switch|p2a: Dragonite|Dragonite, F|100/100
|turn|11
|
|t:|1779851273
|switch|p1a: Gengar|Gengar, M|84/100
|move|p2a: Dragonite|Earthquake|p1a: Gengar
|-supereffective|p1a: Gengar
|-damage|p1a: Gengar|0 fnt
|faint|p1a: Gengar
|
|upkeep
|
|t:|1779851280
|switch|p1a: Azumarill|Azumarill, F|100/100
|turn|12
|
|t:|1779851285
|switch|p2a: Iron Valiant|Iron Valiant|70/100
|move|p1a: Azumarill|Belly Drum|p1a: Azumarill
|-damage|p1a: Azumarill|50/100
|-setboost|p1a: Azumarill|atk|6|[from] move: Belly Drum
|-enditem|p1a: Azumarill|Sitrus Berry|[eat]
|-heal|p1a: Azumarill|75/100|[from] item: Sitrus Berry
|
|upkeep
|turn|13
|
|t:|1779851306
|move|p1a: Azumarill|Aqua Jet|p2a: Iron Valiant
|-crit|p2a: Iron Valiant
|-damage|p2a: Iron Valiant|0 fnt
|faint|p2a: Iron Valiant
|-end|p2a: Iron Valiant|Quark Drive|[silent]
|
|upkeep
|
|t:|1779851309
|switch|p2a: Dragonite|Dragonite, F|100/100
|turn|14
|c|☆clouddaearth|GGs
|
|t:|1779851314
|-terastallize|p2a: Dragonite|Normal
|move|p2a: Dragonite|Extreme Speed|p1a: Azumarill
|-damage|p1a: Azumarill|31/100
|move|p1a: Azumarill|Play Rough|p2a: Dragonite
|-damage|p2a: Dragonite|0 fnt
|faint|p2a: Dragonite
|
|upkeep
|
|t:|1779851321
|switch|p2a: Gholdengo|Gholdengo|100/100
|-item|p2a: Gholdengo|Air Balloon
|turn|15
|
|t:|1779851328
|move|p1a: Azumarill|Aqua Jet|p2a: Gholdengo
|-damage|p2a: Gholdengo|0 fnt
|-enditem|p2a: Gholdengo|Air Balloon
|faint|p2a: Gholdengo
|
|upkeep
|
|t:|1779851330
|switch|p2a: Great Tusk|Great Tusk|100/100
|turn|16
|inactive|Battle timer is ON: inactive players will automatically lose when time's up. (requested by sawquarete)
|c|☆clouddaearth|You not gone quit
|inactive|clouddaearth has 120 seconds left.
|c|☆clouddaearth|I respect that
|
|t:|1779851383
|move|p1a: Azumarill|Aqua Jet|p2a: Great Tusk
|-supereffective|p2a: Great Tusk
|-damage|p2a: Great Tusk|0 fnt
|faint|p2a: Great Tusk
|-end|p2a: Great Tusk|Protosynthesis|[silent]
|
|win|clouddaearth
|raw|clouddaearth's rating: 1447 &rarr; <strong>1468</strong><br />(+21 for winning)
|raw|sawquarete's rating: 1458 &rarr; <strong>1437</strong><br />(-21 for losing)
|l|‽sawquarete
|player|p2|
