|j|☆gekichumai
|j|☆hameed425
|t:|1779866451
|gametype|singles
|player|p1|gekichumai|miku-psychic|1398
|player|p2|hameed425|102|1410
|gen|9
|tier|[Gen 9] OU
|rated|
|rule|HP Percentage Mod: HP is shown in percentages
|rule|Endless Battle Clause: Forcing endless battles is banned
|rule|Species Clause: Limit one of each Pokémon
|rule|OHKO Clause: OHKO moves are banned
|rule|Evasion Items Clause: Evasion items are banned
|rule|Evasion Moves Clause: Evasion moves are banned
|rule|Evasion Abilities Clause: Evasion abilities are banned
|rule|Sleep Moves Clause: Sleep-inducing moves are banned
|clearpoke
|poke|p1|Blaziken, M|
|poke|p1|Pecharunt|
|poke|p1|Deoxys-Speed|
|poke|p1|Iron Valiant|
|poke|p1|Armarouge, M|
|poke|p1|Ogerpon-Wellspring, F|
|poke|p2|Ribombee, F|
|poke|p2|Kingambit, M|
|poke|p2|Serperior, F|
|poke|p2|Cinderace, F|
|poke|p2|Milotic, M|
|poke|p2|Gothitelle, F|
|teampreview
|inactive|Battle timer is ON: inactive players will automatically lose when time's up. (requested by gekichumai)
|
|t:|1779866457
|teamsize|p1|6
|teamsize|p2|6
|start
|switch|p1a: Deoxys|Deoxys-Speed|100/100
|switch|p2a: Ribombee|Ribombee, F|100/100
|-ability|p1a: Deoxys|Pressure
|turn|1
|
|t:|1779866462
|move|p1a: Deoxys|Stealth Rock|p2a: Ribombee
|-sidestart|p2: hameed425|move: Stealth Rock
|move|p2a: Ribombee|Moonblast|p1a: Deoxys
|-damage|p1a: Deoxys|37/100
|
|upkeep
|turn|2
|
|t:|1779866467
|move|p1a: Deoxys|Psycho Boost|p2a: Ribombee
|-enditem|p2a: Ribombee|Focus Sash
|-damage|p2a: Ribombee|1/100
|-unboost|p1a: Deoxys|spa|2
|-enditem|p1a: Deoxys|Eject Pack
|
|t:|1779866471
|switch|p1a: Ogerpon|Ogerpon-Wellspring, F|100/100
|move|p2a: Ribombee|Sticky Web|p1a: Ogerpon
|-sidestart|p1: gekichumai|move: Sticky Web
|
|upkeep
|turn|3
|j| coolkidsurferdude
|
|t:|1779866482
|move|p2a: Ribombee|Moonblast|p1a: Ogerpon
|-damage|p1a: Ogerpon|50/100
|move|p1a: Ogerpon|Trailblaze|p2a: Ribombee
|-resisted|p2a: Ribombee
|-crit|p2a: Ribombee
|-damage|p2a: Ribombee|0 fnt
|-boost|p1a: Ogerpon|spe|1
|faint|p2a: Ribombee
|
|upkeep
|
|t:|1779866500
|switch|p2a: Gothitelle|Gothitelle, F|100/100
|-damage|p2a: Gothitelle|88/100|[from] Stealth Rock
|turn|4
|
|t:|1779866507
|move|p1a: Ogerpon|Ivy Cudgel|p2a: Gothitelle|[anim] Ivy Cudgel Water
|-damage|p2a: Gothitelle|26/100
|move|p2a: Gothitelle|Psychic Noise|p1a: Ogerpon
|-damage|p1a: Ogerpon|11/100
|-start|p1a: Ogerpon|move: Heal Block
|
|-heal|p2a: Gothitelle|32/100|[from] item: Leftovers
|upkeep
|turn|5
|
|t:|1779866511
|move|p1a: Ogerpon|Ivy Cudgel|p2a: Gothitelle|[anim] Ivy Cudgel Water
|-damage|p2a: Gothitelle|0 fnt
|faint|p2a: Gothitelle
|
|-end|p1a: Ogerpon|move: Heal Block
|upkeep
|
|t:|1779866524
|switch|p2a: Cinderace|Cinderace, F|100/100
|turn|6
|
|t:|1779866531
|-terastallize|p2a: Cinderace|Water
|move|p1a: Ogerpon|Ivy Cudgel|p2a: Cinderace|[anim] Ivy Cudgel Water
|-resisted|p2a: Cinderace
|-damage|p2a: Cinderace|59/100
|move|p2a: Cinderace|Court Change|p2a: Cinderace
|-swapsideconditions
|-activate|p2a: Cinderace|move: Court Change
|
|upkeep
|turn|7
|
|t:|1779866536
|move|p1a: Ogerpon|Trailblaze|p2a: Cinderace
|-supereffective|p2a: Cinderace
|-damage|p2a: Cinderace|0 fnt
|-boost|p1a: Ogerpon|spe|1
|faint|p2a: Cinderace
|
|upkeep
|
|t:|1779866540
|switch|p2a: Serperior|Serperior, F|100/100
|-activate|p2a: Serperior|move: Sticky Web
|-boost|p2a: Serperior|spe|1
|turn|8
|
|t:|1779866550
|move|p1a: Ogerpon|U-turn|p2a: Serperior
|-supereffective|p2a: Serperior
|-damage|p2a: Serperior|29/100
|
|t:|1779866552
|switch|p1a: Pecharunt|Pecharunt|100/100|[from] U-turn
|move|p2a: Serperior|Substitute|p2a: Serperior
|-start|p2a: Serperior|Substitute
|-damage|p2a: Serperior|4/100
|
|-heal|p2a: Serperior|10/100|[from] item: Leftovers
|upkeep
|turn|9
|
|t:|1779866555
|move|p2a: Serperior|Glare|p1a: Pecharunt
|-status|p1a: Pecharunt|par
|cant|p1a: Pecharunt|par
|
|-heal|p2a: Serperior|17/100|[from] item: Leftovers
|upkeep
|turn|10
|
|t:|1779866558
|move|p2a: Serperior|Leech Seed|p1a: Pecharunt
|-start|p1a: Pecharunt|move: Leech Seed
|cant|p1a: Pecharunt|par
|
|-heal|p2a: Serperior|23/100|[from] item: Leftovers
|-damage|p1a: Pecharunt|88/100 par|[from] Leech Seed|[of] p2a: Serperior
|-heal|p2a: Serperior|39/100|[silent]
|upkeep
|turn|11
|
|t:|1779866567
|move|p2a: Serperior|Leaf Storm|p1a: Pecharunt
|-resisted|p1a: Pecharunt
|-damage|p1a: Pecharunt|66/100 par
|-boost|p2a: Serperior|spa|2
|cant|p1a: Pecharunt|par
|
|-heal|p2a: Serperior|45/100|[from] item: Leftovers
|-damage|p1a: Pecharunt|54/100 par|[from] Leech Seed|[of] p2a: Serperior
|-heal|p2a: Serperior|61/100|[silent]
|upkeep
|turn|12
|
|t:|1779866572
|move|p2a: Serperior|Leaf Storm|p1a: Pecharunt
|-resisted|p1a: Pecharunt
|-damage|p1a: Pecharunt|9/100 par
|-boost|p2a: Serperior|spa|2
|move|p1a: Pecharunt|Parting Shot|p2a: Serperior
|-boost|p2a: Serperior|atk|1
|-boost|p2a: Serperior|spa|1
|
|t:|1779866587
|switch|p1a: Iron Valiant|Iron Valiant|100/100|[from] Parting Shot
|-damage|p1a: Iron Valiant|94/100|[from] Stealth Rock
|-enditem|p1a: Iron Valiant|Booster Energy
|-activate|p1a: Iron Valiant|ability: Quark Drive|[fromitem]
|-start|p1a: Iron Valiant|quarkdrivespe
|
|-heal|p2a: Serperior|68/100|[from] item: Leftovers
|upkeep
|turn|13
|
|t:|1779866602
|-terastallize|p1a: Iron Valiant|Steel
|move|p1a: Iron Valiant|Encore|p2a: Serperior
|-start|p2a: Serperior|Encore
|move|p2a: Serperior|Leaf Storm|p1a: Iron Valiant|[miss]
|-miss|p2a: Serperior|p1a: Iron Valiant
|
|-heal|p2a: Serperior|74/100|[from] item: Leftovers
|upkeep
|turn|14
|
|t:|1779866617
|move|p1a: Iron Valiant|Knock Off|p2a: Serperior
|-end|p2a: Serperior|Substitute
|move|p2a: Serperior|Leaf Storm|p1a: Iron Valiant
|-resisted|p1a: Iron Valiant
|-damage|p1a: Iron Valiant|0 fnt
|-boost|p2a: Serperior|spa|1
|faint|p1a: Iron Valiant
|-end|p1a: Iron Valiant|Quark Drive|[silent]
|
|-heal|p2a: Serperior|80/100|[from] item: Leftovers
|upkeep
|
|t:|1779866622
|switch|p1a: Armarouge|Armarouge, M|100/100
|-damage|p1a: Armarouge|76/100|[from] Stealth Rock
|turn|15
|
|t:|1779866628
|move|p2a: Serperior|Leaf Storm|p1a: Armarouge
|-resisted|p1a: Armarouge
|-damage|p1a: Armarouge|0 fnt
|faint|p1a: Armarouge
|
|-heal|p2a: Serperior|86/100|[from] item: Leftovers
|-end|p2a: Serperior|Encore
|upkeep
|-message|gekichumai forfeited.
|
|win|hameed425
|raw|gekichumai's rating: 1398 &rarr; <strong>1379</strong><br />(-19 for losing)
|raw|hameed425's rating: 1410 &rarr; <strong>1429</strong><br />(+19 for winning)
|l|☆gekichumai
|player|p1|
|l|☆hameed425
|player|p2|
|l| coolkidsurferdude
