|j|☆natty dice
|j|☆claudechamp
|t:|1779819699
|gametype|singles
|player|p1|natty dice|bugcatcher-gen4dp|1221
|player|p2|claudechamp|265|1227
|gen|9
|tier|[Gen 9] OU
|rated|
|rule|HP Percentage Mod: HP is shown in percentages
|rule|Endless Battle Clause: Forcing endless battles is banned
|rule|Species Clause: Limit one of each Pokémon
|rule|OHKO Clause: OHKO moves are banned
|rule|Evasion Items Clause: Evasion items are banned
|rule|Evasion Moves Clause: Evasion moves are banned
|rule|Evasion Abilities Clause: Evasion abilities are banned
|rule|Sleep Moves Clause: Sleep-inducing moves are banned
|clearpoke
|poke|p1|Arcanine-Hisui, M|
|poke|p1|Quaquaval, F|
|poke|p1|Gholdengo|
|poke|p1|Iron Moth|
|poke|p1|Ting-Lu|
|poke|p1|Hydrapple, F|
|poke|p2|Gliscor, F|
|poke|p2|Gholdengo|
|poke|p2|Zamazenta-*|
|poke|p2|Blissey, F|
|poke|p2|Skarmory, M|
|poke|p2|Pecharunt|
|teampreview
|c|☆claudechamp|hf
|inactive|Battle timer is ON: inactive players will automatically lose when time's up. (requested by claudechamp)
|
|t:|1779819708
|teamsize|p1|6
|teamsize|p2|6
|start
|switch|p1a: Arcanine|Arcanine-Hisui, M, shiny|100/100
|switch|p2a: Skarmory|Skarmory, M|100/100
|turn|1
|
|t:|1779819727
|move|p1a: Arcanine|Flare Blitz|p2a: Skarmory
|-supereffective|p2a: Skarmory
|-ability|p2a: Skarmory|Sturdy
|-damage|p2a: Skarmory|1/100
|-damage|p1a: Arcanine|91/100|[from] item: Life Orb
|move|p2a: Skarmory|Spikes|p1a: Arcanine
|-sidestart|p1: natty dice|Spikes
|
|upkeep
|turn|2
|
|t:|1779819731
|switch|p2a: Pecharunt|Pecharunt|100/100
|move|p1a: Arcanine|Flare Blitz|p2a: Pecharunt
|-damage|p2a: Pecharunt|64/100
|-damage|p1a: Arcanine|81/100|[from] item: Life Orb
|
|upkeep
|turn|3
|
|t:|1779819736
|move|p1a: Arcanine|Head Smash|p2a: Pecharunt
|-damage|p2a: Pecharunt|19/100
|-damage|p1a: Arcanine|71/100|[from] item: Life Orb
|move|p2a: Pecharunt|Recover|p2a: Pecharunt
|-heal|p2a: Pecharunt|69/100
|
|upkeep
|turn|4
|
|t:|1779819739
|move|p1a: Arcanine|Head Smash|p2a: Pecharunt
|-damage|p2a: Pecharunt|25/100
|-damage|p1a: Arcanine|61/100|[from] item: Life Orb
|move|p2a: Pecharunt|Recover|p2a: Pecharunt
|-heal|p2a: Pecharunt|75/100
|
|upkeep
|turn|5
|
|t:|1779819744
|switch|p1a: Ting-Lu|Ting-Lu|100/100
|-damage|p1a: Ting-Lu|88/100|[from] Spikes
|-ability|p1a: Ting-Lu|Vessel of Ruin
|move|p2a: Pecharunt|Recover|p2a: Pecharunt
|-heal|p2a: Pecharunt|100/100
|
|-heal|p1a: Ting-Lu|94/100|[from] item: Leftovers
|upkeep
|turn|6
|
|t:|1779819749
|move|p2a: Pecharunt|Parting Shot|p1a: Ting-Lu
|-unboost|p1a: Ting-Lu|atk|1
|-unboost|p1a: Ting-Lu|spa|1
|
|t:|1779819758
|switch|p2a: Gliscor|Gliscor, F|100/100|[from] Parting Shot
|move|p1a: Ting-Lu|Stealth Rock|p2a: Gliscor
|-sidestart|p2: claudechamp|move: Stealth Rock
|
|-heal|p1a: Ting-Lu|100/100|[from] item: Leftovers
|-status|p2a: Gliscor|tox|[from] item: Toxic Orb
|upkeep
|turn|7
|
|t:|1779819777
|move|p2a: Gliscor|Knock Off|p1a: Ting-Lu
|-resisted|p1a: Ting-Lu
|-damage|p1a: Ting-Lu|94/100
|-enditem|p1a: Ting-Lu|Leftovers|[from] move: Knock Off|[of] p2a: Gliscor
|move|p1a: Ting-Lu|Whirlwind|p2a: Gliscor
|drag|p2a: Gholdengo|Gholdengo|100/100
|-damage|p2a: Gholdengo|94/100|[from] Stealth Rock
|
|upkeep
|turn|8
|
|t:|1779819780
|move|p2a: Gholdengo|Nasty Plot|p2a: Gholdengo
|-boost|p2a: Gholdengo|spa|2
|move|p1a: Ting-Lu|Throat Chop|p2a: Gholdengo
|-supereffective|p2a: Gholdengo
|-damage|p2a: Gholdengo|52/100
|-start|p2a: Gholdengo|Throat Chop|[silent]
|
|upkeep
|turn|9
|
|t:|1779819783
|move|p2a: Gholdengo|Recover|p2a: Gholdengo
|-heal|p2a: Gholdengo|100/100
|move|p1a: Ting-Lu|Throat Chop|p2a: Gholdengo
|-supereffective|p2a: Gholdengo
|-damage|p2a: Gholdengo|62/100
|
|-end|p2a: Gholdengo|Throat Chop|[silent]
|upkeep
|turn|10
|
|t:|1779819792
|move|p2a: Gholdengo|Recover|p2a: Gholdengo
|-heal|p2a: Gholdengo|100/100
|move|p1a: Ting-Lu|Earthquake|p2a: Gholdengo
|-supereffective|p2a: Gholdengo
|-damage|p2a: Gholdengo|49/100
|
|upkeep
|turn|11
|
|t:|1779819798
|-terastallize|p2a: Gholdengo|Fairy
|move|p2a: Gholdengo|Recover|p2a: Gholdengo
|-heal|p2a: Gholdengo|99/100
|move|p1a: Ting-Lu|Earthquake|p2a: Gholdengo
|-damage|p2a: Gholdengo|72/100
|
|upkeep
|turn|12
|
|t:|1779819805
|move|p2a: Gholdengo|Hex|p1a: Ting-Lu
|-resisted|p1a: Ting-Lu
|-damage|p1a: Ting-Lu|76/100
|move|p1a: Ting-Lu|Whirlwind|p2a: Gholdengo
|-immune|p2a: Gholdengo|[from] ability: Good as Gold
|
|upkeep
|turn|13
|
|t:|1779819816
|switch|p1a: Iron Moth|Iron Moth|100/100
|-damage|p1a: Iron Moth|88/100|[from] Spikes
|move|p2a: Gholdengo|Hex|p1a: Iron Moth
|-damage|p1a: Iron Moth|27/100
|
|upkeep
|turn|14
|
|t:|1779819824
|move|p1a: Iron Moth|Sludge Wave|p2a: Gholdengo
|-supereffective|p2a: Gholdengo
|-damage|p2a: Gholdengo|0 fnt
|faint|p2a: Gholdengo
|
|upkeep
|
|t:|1779819837
|switch|p2a: Blissey|Blissey, F|100/100
|turn|15
|
|t:|1779819848
|-end|p1a: Iron Moth|Quark Drive|[silent]
|switch|p1a: Quaquaval|Quaquaval, F|100/100
|-damage|p1a: Quaquaval|88/100|[from] Spikes
|move|p2a: Blissey|Stealth Rock|p1a: Quaquaval
|-sidestart|p1: natty dice|move: Stealth Rock
|
|-heal|p1a: Quaquaval|94/100|[from] item: Leftovers
|upkeep
|turn|16
|
|t:|1779819851
|switch|p2a: Pecharunt|Pecharunt|100/100
|move|p1a: Quaquaval|Rapid Spin|p2a: Pecharunt
|-immune|p2a: Pecharunt
|
|-heal|p1a: Quaquaval|99/100|[from] item: Leftovers
|upkeep
|turn|17
|
|t:|1779819853
|move|p1a: Quaquaval|Aqua Step|p2a: Pecharunt
|-damage|p2a: Pecharunt|81/100
|-boost|p1a: Quaquaval|spe|1
|move|p2a: Pecharunt|Toxic|p1a: Quaquaval
|-status|p1a: Quaquaval|tox
|-start|p1a: Quaquaval|confusion|[from] ability: Poison Puppeteer|[of] p2a: Pecharunt
|
|-heal|p1a: Quaquaval|100/100 tox|[from] item: Leftovers
|-damage|p1a: Quaquaval|94/100 tox|[from] psn
|upkeep
|turn|18
|
|t:|1779819860
|switch|p1a: Gholdengo|Gholdengo|100/100
|move|p2a: Pecharunt|Shadow Ball|p1a: Gholdengo
|-supereffective|p1a: Gholdengo
|-damage|p1a: Gholdengo|41/100
|-unboost|p1a: Gholdengo|spd|1
|
|upkeep
|turn|19
|
|t:|1779819870
|move|p1a: Gholdengo|Shadow Ball|p2a: Pecharunt
|-supereffective|p2a: Pecharunt
|-damage|p2a: Pecharunt|3/100
|-unboost|p2a: Pecharunt|spd|1
|move|p2a: Pecharunt|Shadow Ball|p1a: Gholdengo
|-supereffective|p1a: Gholdengo
|-damage|p1a: Gholdengo|0 fnt
|faint|p1a: Gholdengo
|
|upkeep
|
|t:|1779819878
|switch|p1a: Quaquaval|Quaquaval, F|94/100 tox
|-damage|p1a: Quaquaval|82/100 tox|[from] Spikes
|-damage|p1a: Quaquaval|76/100 tox|[from] Stealth Rock
|turn|20
|
|t:|1779819885
|move|p1a: Quaquaval|Aqua Step|p2a: Pecharunt
|-damage|p2a: Pecharunt|0 fnt
|-boost|p1a: Quaquaval|spe|1
|faint|p2a: Pecharunt
|-ability|p1a: Quaquaval|Moxie|boost
|-boost|p1a: Quaquaval|atk|1
|
|-heal|p1a: Quaquaval|82/100 tox|[from] item: Leftovers
|-damage|p1a: Quaquaval|76/100 tox|[from] psn
|upkeep
|
|t:|1779819898
|switch|p2a: Zamazenta|Zamazenta|100/100
|-ability|p2a: Zamazenta|Dauntless Shield|boost
|-boost|p2a: Zamazenta|def|1
|turn|21
|
|t:|1779819908
|move|p1a: Quaquaval|Rapid Spin|p2a: Zamazenta
|-crit|p2a: Zamazenta
|-damage|p2a: Zamazenta|65/100
|-boost|p1a: Quaquaval|spe|1
|-sideend|p1: natty dice|Spikes|[from] move: Rapid Spin|[of] p1a: Quaquaval
|-sideend|p1: natty dice|Stealth Rock|[from] move: Rapid Spin|[of] p1a: Quaquaval
|move|p2a: Zamazenta|Close Combat|p1a: Quaquaval
|-damage|p1a: Quaquaval|0 fnt
|-unboost|p2a: Zamazenta|def|1
|-unboost|p2a: Zamazenta|spd|1
|faint|p1a: Quaquaval
|
|upkeep
|
|t:|1779819916
|switch|p1a: Iron Moth|Iron Moth|27/100
|turn|22
|
|t:|1779819929
|switch|p2a: Gliscor|Gliscor, F|100/100 tox
|-damage|p2a: Gliscor|88/100 tox|[from] Stealth Rock
|move|p1a: Iron Moth|Fiery Dance|p2a: Gliscor
|-damage|p2a: Gliscor|41/100 tox
|-boost|p1a: Iron Moth|spa|1
|
|-heal|p2a: Gliscor|53/100 tox|[from] ability: Poison Heal
|upkeep
|turn|23
|
|t:|1779819949
|move|p1a: Iron Moth|Fiery Dance|p2a: Gliscor
|-damage|p2a: Gliscor|0 fnt
|faint|p2a: Gliscor
|
|upkeep
|inactive|claudechamp has 120 seconds left.
|
|t:|1779819970
|switch|p2a: Blissey|Blissey, F|100/100
|turn|24
|inactive|claudechamp has 120 seconds left.
|
|t:|1779819988
|-end|p1a: Iron Moth|Quark Drive|[silent]
|switch|p1a: Arcanine|Arcanine-Hisui, M, shiny|61/100
|move|p2a: Blissey|Shadow Ball|p1a: Arcanine
|-damage|p1a: Arcanine|42/100
|
|upkeep
|turn|25
|
|t:|1779820006
|move|p1a: Arcanine|Head Smash|p2a: Blissey
|-damage|p2a: Blissey|3/100
|-damage|p1a: Arcanine|32/100|[from] item: Life Orb
|move|p2a: Blissey|Stealth Rock|p1a: Arcanine
|-sidestart|p1: natty dice|move: Stealth Rock
|
|upkeep
|turn|26
|
|t:|1779820024
|move|p1a: Arcanine|Flare Blitz|p2a: Blissey
|-damage|p2a: Blissey|0 fnt
|faint|p2a: Blissey
|-damage|p1a: Arcanine|22/100|[from] item: Life Orb
|
|upkeep
|
|t:|1779820036
|switch|p2a: Zamazenta|Zamazenta|65/100
|turn|27
|
|t:|1779820052
|-terastallize|p1a: Arcanine|Normal
|move|p1a: Arcanine|Extreme Speed|p2a: Zamazenta
|-damage|p2a: Zamazenta|17/100
|-damage|p1a: Arcanine|12/100|[from] item: Life Orb
|move|p2a: Zamazenta|Close Combat|p1a: Arcanine
|-supereffective|p1a: Arcanine
|-damage|p1a: Arcanine|0 fnt
|-unboost|p2a: Zamazenta|def|1
|-unboost|p2a: Zamazenta|spd|1
|faint|p1a: Arcanine
|
|upkeep
|
|t:|1779820061
|switch|p1a: Iron Moth|Iron Moth|27/100
|-damage|p1a: Iron Moth|2/100|[from] Stealth Rock
|turn|28
|inactive|claudechamp has 90 seconds left.
|
|t:|1779820082
|move|p1a: Iron Moth|Fiery Dance|p2a: Zamazenta
|-damage|p2a: Zamazenta|0 fnt
|-boost|p1a: Iron Moth|spa|1
|faint|p2a: Zamazenta
|
|upkeep
|inactive|claudechamp has 90 seconds left.
|
|t:|1779820093
|switch|p2a: Skarmory|Skarmory, M|1/100
|turn|29
|inactive|claudechamp has 90 seconds left.
|
|t:|1779820110
|move|p1a: Iron Moth|Fiery Dance|p2a: Skarmory
|-supereffective|p2a: Skarmory
|-crit|p2a: Skarmory
|-damage|p2a: Skarmory|0 fnt
|-boost|p1a: Iron Moth|spa|1
|faint|p2a: Skarmory
|
|win|natty dice
|raw|natty dice's rating: 1221 &rarr; <strong>1246</strong><br />(+25 for winning)
|raw|claudechamp's rating: 1227 &rarr; <strong>1202</strong><br />(-25 for losing)
|c|☆claudechamp|gg
|l|☆natty dice
|player|p1|
