|j|☆momamoz cesar
|j|☆Cheesefriezz
|t:|1779820674
|gametype|singles
|player|p1|momamoz cesar|dawn|1165
|player|p2|Cheesefriezz|n|1106
|gen|9
|tier|[Gen 9] OU
|rated|
|rule|HP Percentage Mod: HP is shown in percentages
|rule|Endless Battle Clause: Forcing endless battles is banned
|rule|Species Clause: Limit one of each Pokémon
|rule|OHKO Clause: OHKO moves are banned
|rule|Evasion Items Clause: Evasion items are banned
|rule|Evasion Moves Clause: Evasion moves are banned
|rule|Evasion Abilities Clause: Evasion abilities are banned
|rule|Sleep Moves Clause: Sleep-inducing moves are banned
|clearpoke
|poke|p1|Gliscor, F|
|poke|p1|Gholdengo|
|poke|p1|Dondozo, F|
|poke|p1|Clodsire, M|
|poke|p1|Alomomola, F|
|poke|p1|Corviknight, F|
|poke|p2|Samurott-Hisui, M|
|poke|p2|Leafeon, M|
|poke|p2|Moltres|
|poke|p2|Ninetales, F|
|poke|p2|Kommo-o, M|
|poke|p2|Krookodile, F|
|teampreview
|
|t:|1779820682
|teamsize|p1|6
|teamsize|p2|6
|start
|switch|p1a: Clodsire|Clodsire, M|100/100
|switch|p2a: Gabriel|Krookodile, F|100/100
|-ability|p2a: Gabriel|Intimidate|boost
|-unboost|p1a: Clodsire|atk|1
|turn|1
|
|t:|1779820689
|switch|p1a: Dondozo|Dondozo, F|100/100
|move|p2a: Gabriel|Earthquake|p1a: Dondozo
|-damage|p1a: Dondozo|81/100
|
|-heal|p1a: Dondozo|87/100|[from] item: Leftovers
|upkeep
|turn|2
|
|t:|1779820695
|move|p2a: Gabriel|Stealth Rock|p1a: Dondozo
|-sidestart|p1: momamoz cesar|move: Stealth Rock
|move|p1a: Dondozo|Waterfall|p2a: Gabriel
|-supereffective|p2a: Gabriel
|-damage|p2a: Gabriel|37/100
|
|-heal|p1a: Dondozo|93/100|[from] item: Leftovers
|upkeep
|turn|3
|
|t:|1779820700
|move|p2a: Gabriel|Knock Off|p1a: Dondozo
|-damage|p1a: Dondozo|73/100
|-enditem|p1a: Dondozo|Leftovers|[from] move: Knock Off|[of] p2a: Gabriel
|move|p1a: Dondozo|Waterfall|p2a: Gabriel
|-supereffective|p2a: Gabriel
|-damage|p2a: Gabriel|0 fnt
|faint|p2a: Gabriel
|
|upkeep
|
|t:|1779820706
|switch|p2a: Melo|Leafeon, M, shiny|100/100
|turn|4
|
|t:|1779820709
|switch|p1a: Corviknight|Corviknight, F|100/100
|-damage|p1a: Corviknight|88/100|[from] Stealth Rock
|-ability|p1a: Corviknight|Pressure
|move|p2a: Melo|Swords Dance|p2a: Melo
|-boost|p2a: Melo|atk|2
|
|-heal|p1a: Corviknight|94/100|[from] item: Leftovers
|upkeep
|turn|5
|
|t:|1779820719
|move|p2a: Melo|Knock Off|p1a: Corviknight
|-damage|p1a: Corviknight|45/100
|-enditem|p1a: Corviknight|Leftovers|[from] move: Knock Off|[of] p2a: Melo
|-damage|p2a: Melo|91/100|[from] item: Life Orb
|move|p1a: Corviknight|Defog|p2a: Melo
|-unboost|p2a: Melo|evasion|1
|-sideend|p1: momamoz cesar|Stealth Rock|[from] move: Defog|[of] p1a: Corviknight
|
|upkeep
|turn|6
|
|t:|1779820726
|move|p2a: Melo|Knock Off|p1a: Corviknight
|-damage|p1a: Corviknight|11/100
|-damage|p2a: Melo|81/100|[from] item: Life Orb
|move|p1a: Corviknight|U-turn|p2a: Melo
|-supereffective|p2a: Melo
|-damage|p2a: Melo|50/100
|
|t:|1779820734
|switch|p1a: Gliscor|Gliscor, F|100/100|[from] U-turn
|
|-status|p1a: Gliscor|tox|[from] item: Toxic Orb
|upkeep
|turn|7
|
|t:|1779820739
|move|p2a: Melo|Leaf Blade|p1a: Gliscor
|-damage|p1a: Gliscor|22/100 tox
|-damage|p2a: Melo|41/100|[from] item: Life Orb
|move|p1a: Gliscor|Earthquake|p2a: Melo
|-resisted|p2a: Melo
|-damage|p2a: Melo|25/100
|
|-heal|p1a: Gliscor|34/100 tox|[from] ability: Poison Heal
|upkeep
|turn|8
|
|t:|1779820748
|move|p1a: Gliscor|Protect|p1a: Gliscor
|-singleturn|p1a: Gliscor|Protect
|move|p2a: Melo|Leaf Blade|p1a: Gliscor
|-activate|p1a: Gliscor|move: Protect
|
|-heal|p1a: Gliscor|47/100 tox|[from] ability: Poison Heal
|upkeep
|turn|9
|
|t:|1779820757
|switch|p1a: Clodsire|Clodsire, M|100/100
|move|p2a: Melo|Leaf Blade|p1a: Clodsire
|-damage|p1a: Clodsire|38/100
|-damage|p2a: Melo|15/100|[from] item: Life Orb
|
|-heal|p1a: Clodsire|44/100|[from] item: Black Sludge
|upkeep
|turn|10
|
|t:|1779820765
|switch|p1a: Gholdengo|Gholdengo|100/100
|-item|p1a: Gholdengo|Air Balloon
|move|p2a: Melo|Knock Off|p1a: Gholdengo
|-supereffective|p1a: Gholdengo
|-damage|p1a: Gholdengo|0 fnt
|-enditem|p1a: Gholdengo|Air Balloon
|faint|p1a: Gholdengo
|-damage|p2a: Melo|5/100|[from] item: Life Orb
|
|upkeep
|-message|momamoz cesar forfeited.
|
|win|Cheesefriezz
|raw|momamoz cesar's rating: 1165 &rarr; <strong>1136</strong><br />(-29 for losing)
|raw|Cheesefriezz's rating: 1106 &rarr; <strong>1135</strong><br />(+29 for winning)
|l|☆momamoz cesar
|player|p1|
