|j|☆facyblurre
|j|☆bunweh's ass
|t:|1779857630
|gametype|singles
|player|p1|facyblurre|lucas|1621
|player|p2|bunweh's ass|169|1576
|gen|9
|tier|[Gen 9] OU
|rated|
|rule|HP Percentage Mod: HP is shown in percentages
|rule|Endless Battle Clause: Forcing endless battles is banned
|rule|Species Clause: Limit one of each Pokémon
|rule|OHKO Clause: OHKO moves are banned
|rule|Evasion Items Clause: Evasion items are banned
|rule|Evasion Moves Clause: Evasion moves are banned
|rule|Evasion Abilities Clause: Evasion abilities are banned
|rule|Sleep Moves Clause: Sleep-inducing moves are banned
|clearpoke
|poke|p1|Zapdos|
|poke|p1|Iron Treads|
|poke|p1|Samurott-Hisui, F|
|poke|p1|Ceruledge, M|
|poke|p1|Gholdengo|
|poke|p1|Kingambit, M|
|poke|p2|Meowscarada, F|
|poke|p2|Kingambit, M|
|poke|p2|Ogerpon-Wellspring, F|
|poke|p2|Pelipper, M|
|poke|p2|Barraskewda, M|
|poke|p2|Iron Valiant|
|teampreview
|inactive|Battle timer is ON: inactive players will automatically lose when time's up. (requested by facyblurre)
|
|t:|1779857645
|teamsize|p1|6
|teamsize|p2|6
|start
|switch|p1a: Zapdos|Zapdos|100/100
|switch|p2a: Meowscarada|Meowscarada, F|100/100
|turn|1
|
|t:|1779857650
|move|p2a: Meowscarada|Triple Axel|p1a: Zapdos
|-start|p2a: Meowscarada|typechange|Ice|[from] ability: Protean
|-supereffective|p1a: Zapdos
|-damage|p1a: Zapdos|82/100
|-supereffective|p1a: Zapdos
|-damage|p1a: Zapdos|44/100
|-supereffective|p1a: Zapdos
|-crit|p1a: Zapdos
|-damage|p1a: Zapdos|0 fnt
|faint|p1a: Zapdos
|-hitcount|p1: Zapdos|3
|
|upkeep
|
|t:|1779857660
|switch|p1a: Samurott|Samurott-Hisui, F|100/100
|turn|2
|
|t:|1779857667
|switch|p2a: Ogerpon|Ogerpon-Wellspring, F|100/100
|move|p1a: Samurott|Ceaseless Edge|p2a: Ogerpon
|-damage|p2a: Ogerpon|45/100
|-sidestart|p2: bunweh's ass|Spikes
|
|upkeep
|turn|3
|
|t:|1779857675
|switch|p1a: Ceruledge|Ceruledge, M|100/100
|move|p2a: Ogerpon|Power Whip|p1a: Ceruledge
|-resisted|p1a: Ceruledge
|-damage|p1a: Ceruledge|59/100
|-ability|p1a: Ceruledge|Weak Armor|boost
|-unboost|p1a: Ceruledge|def|1
|-boost|p1a: Ceruledge|spe|2
|
|upkeep
|turn|4
|
|t:|1779857684
|switch|p2a: Pelipper|Pelipper, M|100/100
|-weather|RainDance|[from] ability: Drizzle|[of] p2a: Pelipper
|move|p1a: Ceruledge|Bitter Blade|p2a: Pelipper
|-resisted|p2a: Pelipper
|-damage|p2a: Pelipper|91/100
|-heal|p1a: Ceruledge|63/100|[from] drain|[of] p2a: Pelipper
|
|-weather|RainDance|[upkeep]
|upkeep
|turn|5
|
|t:|1779857713
|move|p1a: Ceruledge|Poltergeist|p2a: Pelipper
|-activate|p2a: Pelipper|move: Poltergeist|Damp Rock
|-damage|p2a: Pelipper|42/100
|move|p2a: Pelipper|Knock Off|p1a: Ceruledge
|-supereffective|p1a: Ceruledge
|-damage|p1a: Ceruledge|15/100
|-ability|p1a: Ceruledge|Weak Armor|boost
|-unboost|p1a: Ceruledge|def|1
|-boost|p1a: Ceruledge|spe|2
|-enditem|p1a: Ceruledge|Heavy-Duty Boots|[from] move: Knock Off|[of] p2a: Pelipper
|
|-weather|RainDance|[upkeep]
|upkeep
|turn|6
|
|t:|1779857725
|move|p1a: Ceruledge|Bitter Blade|p2a: Pelipper
|-resisted|p2a: Pelipper
|-damage|p2a: Pelipper|33/100
|-heal|p1a: Ceruledge|19/100|[from] drain|[of] p2a: Pelipper
|move|p2a: Pelipper|Hurricane|p1a: Ceruledge
|-damage|p1a: Ceruledge|0 fnt
|faint|p1a: Ceruledge
|
|-weather|RainDance|[upkeep]
|upkeep
|
|t:|1779857729
|switch|p1a: Samurott|Samurott-Hisui, F|100/100
|turn|7
|
|t:|1779857732
|move|p1a: Samurott|Ceaseless Edge|p2a: Pelipper|[miss]
|-miss|p1a: Samurott|p2a: Pelipper
|move|p2a: Pelipper|Hurricane|p1a: Samurott
|-crit|p1a: Samurott
|-damage|p1a: Samurott|61/100
|
|-weather|RainDance|[upkeep]
|upkeep
|turn|8
|
|t:|1779857739
|move|p1a: Samurott|Ceaseless Edge|p2a: Pelipper
|-damage|p2a: Pelipper|0 fnt
|-sidestart|p2: bunweh's ass|Spikes
|faint|p2a: Pelipper
|
|-weather|RainDance|[upkeep]
|upkeep
|
|t:|1779857745
|switch|p2a: Ogerpon|Ogerpon-Wellspring, F|45/100
|-damage|p2a: Ogerpon|29/100|[from] Spikes
|turn|9
|
|t:|1779857748
|move|p1a: Samurott|Sucker Punch|p2a: Ogerpon
|-damage|p2a: Ogerpon|0 fnt
|faint|p2a: Ogerpon
|
|-weather|RainDance|[upkeep]
|upkeep
|
|t:|1779857753
|switch|p2a: Barraskewda|Barraskewda, M|100/100
|-damage|p2a: Barraskewda|84/100|[from] Spikes
|turn|10
|
|t:|1779857766
|switch|p1a: Iron Treads|Iron Treads|100/100
|move|p2a: Barraskewda|Liquidation|p1a: Iron Treads
|-supereffective|p1a: Iron Treads
|-damage|p1a: Iron Treads|0 fnt
|faint|p1a: Iron Treads
|-end|p1a: Iron Treads|Quark Drive|[silent]
|-damage|p2a: Barraskewda|74/100|[from] item: Life Orb
|
|-weather|RainDance|[upkeep]
|upkeep
|
|t:|1779857770
|switch|p1a: Samurott|Samurott-Hisui, F|61/100
|turn|11
|
|t:|1779857780
|move|p1a: Samurott|Sucker Punch|p2a: Barraskewda
|-damage|p2a: Barraskewda|10/100
|move|p2a: Barraskewda|Liquidation|p1a: Samurott
|-resisted|p1a: Samurott
|-damage|p1a: Samurott|8/100
|-unboost|p1a: Samurott|def|1
|-damage|p2a: Barraskewda|0 fnt|[from] item: Life Orb
|faint|p2a: Barraskewda
|
|-weather|none
|upkeep
|
|t:|1779857789
|switch|p2a: Iron Valiant|Iron Valiant|100/100
|-damage|p2a: Iron Valiant|84/100|[from] Spikes
|-enditem|p2a: Iron Valiant|Booster Energy
|-activate|p2a: Iron Valiant|ability: Quark Drive|[fromitem]
|-start|p2a: Iron Valiant|quarkdrivespe
|turn|12
|
|t:|1779857792
|move|p2a: Iron Valiant|Shadow Ball|p1a: Samurott
|-resisted|p1a: Samurott
|-damage|p1a: Samurott|0 fnt
|faint|p1a: Samurott
|
|upkeep
|
|t:|1779857795
|switch|p1a: Gholdengo|Gholdengo|100/100
|-item|p1a: Gholdengo|Air Balloon
|turn|13
|
|t:|1779857811
|move|p2a: Iron Valiant|Shadow Ball|p1a: Gholdengo
|-supereffective|p1a: Gholdengo
|-damage|p1a: Gholdengo|47/100
|-enditem|p1a: Gholdengo|Air Balloon
|move|p1a: Gholdengo|Thunder Wave|p2a: Iron Valiant
|-status|p2a: Iron Valiant|par
|
|upkeep
|turn|14
|
|t:|1779857822
|move|p2a: Iron Valiant|Shadow Ball|p1a: Gholdengo
|-supereffective|p1a: Gholdengo
|-damage|p1a: Gholdengo|0 fnt
|faint|p1a: Gholdengo
|
|upkeep
|
|t:|1779857823
|switch|p1a: Kingambit|Kingambit, M|100/100
|-activate|p1a: Kingambit|ability: Supreme Overlord
|-start|p1a: Kingambit|fallen5|[silent]
|turn|15
|
|t:|1779857833
|-terastallize|p1a: Kingambit|Fighting
|cant|p2a: Iron Valiant|par
|move|p1a: Kingambit|Iron Head|p2a: Iron Valiant
|-supereffective|p2a: Iron Valiant
|-damage|p2a: Iron Valiant|0 fnt
|faint|p2a: Iron Valiant
|-end|p2a: Iron Valiant|Quark Drive|[silent]
|
|upkeep
|
|t:|1779857839
|switch|p2a: Meowscarada|Meowscarada, F|100/100
|-damage|p2a: Meowscarada|84/100|[from] Spikes
|turn|16
|
|t:|1779857848
|move|p2a: Meowscarada|Triple Axel|p1a: Kingambit|[miss]
|-start|p2a: Meowscarada|typechange|Ice|[from] ability: Protean
|-miss|p2a: Meowscarada|p1a: Kingambit
|move|p1a: Kingambit|Low Kick|p2a: Meowscarada
|-supereffective|p2a: Meowscarada
|-damage|p2a: Meowscarada|0 fnt
|faint|p2a: Meowscarada
|
|upkeep
|
|t:|1779857852
|switch|p2a: Kingambit|Kingambit, M|100/100
|-damage|p2a: Kingambit|84/100|[from] Spikes
|-activate|p2a: Kingambit|ability: Supreme Overlord
|-start|p2a: Kingambit|fallen5|[silent]
|turn|17
|
|t:|1779857855
|-terastallize|p2a: Kingambit|Flying
|move|p1a: Kingambit|Low Kick|p2a: Kingambit
|-resisted|p2a: Kingambit
|-damage|p2a: Kingambit|56/100
|move|p2a: Kingambit|Iron Head|p1a: Kingambit
|-damage|p1a: Kingambit|35/100
|
|-heal|p1a: Kingambit|41/100|[from] item: Leftovers
|upkeep
|turn|18
|
|t:|1779857872
|move|p1a: Kingambit|Sucker Punch||[still]
|-fail|p1a: Kingambit
|move|p2a: Kingambit|Swords Dance|p2a: Kingambit
|-boost|p2a: Kingambit|atk|2
|
|-heal|p1a: Kingambit|47/100|[from] item: Leftovers
|upkeep
|turn|19
|
|t:|1779857883
|move|p1a: Kingambit|Sucker Punch||[still]
|-fail|p1a: Kingambit
|move|p2a: Kingambit|Swords Dance|p2a: Kingambit
|-boost|p2a: Kingambit|atk|2
|
|-heal|p1a: Kingambit|54/100|[from] item: Leftovers
|upkeep
|turn|20
|
|t:|1779857891
|move|p1a: Kingambit|Sucker Punch|p2a: Kingambit
|-damage|p2a: Kingambit|14/100
|move|p2a: Kingambit|Sucker Punch||[still]
|-fail|p2a: Kingambit
|
|-heal|p1a: Kingambit|60/100|[from] item: Leftovers
|upkeep
|turn|21
|
|t:|1779857898
|move|p1a: Kingambit|Sucker Punch|p2a: Kingambit
|-damage|p2a: Kingambit|0 fnt
|faint|p2a: Kingambit
|-end|p2a: Kingambit|fallen5|[silent]
|
|win|facyblurre
|raw|facyblurre's rating: 1621 &rarr; <strong>1638</strong><br />(+17 for winning)
|raw|bunweh&apos;s ass's rating: 1565 &rarr; <strong>1548</strong><br />(-17 for losing)
|l|☆bunweh's ass
|player|p2|
|l|☆facyblurre
|player|p1|
