|j|☆theholdencaulfield
|j|☆bigpoop69
|t:|1779829479
|gametype|singles
|player|p1|theholdencaulfield|skier|1149
|player|p2|bigpoop69|pokefanf|1130
|gen|9
|tier|[Gen 9] OU
|rated|
|rule|HP Percentage Mod: HP is shown in percentages
|rule|Endless Battle Clause: Forcing endless battles is banned
|rule|Species Clause: Limit one of each Pokémon
|rule|OHKO Clause: OHKO moves are banned
|rule|Evasion Items Clause: Evasion items are banned
|rule|Evasion Moves Clause: Evasion moves are banned
|rule|Evasion Abilities Clause: Evasion abilities are banned
|rule|Sleep Moves Clause: Sleep-inducing moves are banned
|clearpoke
|poke|p1|Toxapex, M|
|poke|p1|Clefable, F|
|poke|p1|Alomomola, F|
|poke|p1|Blissey, F|
|poke|p1|Garganacl, M|
|poke|p1|Quagsire, M|
|poke|p2|Raging Bolt|
|poke|p2|Tinkaton, F|
|poke|p2|Rillaboom, M|
|poke|p2|Alomomola, M|
|poke|p2|Great Tusk|
|poke|p2|Kingambit, M|
|teampreview
|
|t:|1779829488
|teamsize|p1|6
|teamsize|p2|6
|start
|switch|p1a: Toxapex|Toxapex, M, shiny|100/100
|switch|p2a: Tinkaton|Tinkaton, F|100/100
|-item|p2a: Tinkaton|Air Balloon
|turn|1
|
|t:|1779829504
|move|p1a: Toxapex|Baneful Bunker|p1a: Toxapex
|-singleturn|p1a: Toxapex|move: Protect
|move|p2a: Tinkaton|Stealth Rock|p1a: Toxapex
|-sidestart|p1: theholdencaulfield|move: Stealth Rock
|
|upkeep
|turn|2
|
|t:|1779829510
|move|p2a: Tinkaton|Thunder Wave|p1a: Toxapex
|-status|p1a: Toxapex|par
|move|p1a: Toxapex|Toxic Spikes|p2a: Tinkaton
|-sidestart|p2: bigpoop69|move: Toxic Spikes
|
|upkeep
|turn|3
|
|t:|1779829517
|switch|p2a: Great Tusk|Great Tusk|100/100
|move|p1a: Toxapex|Toxic Spikes|p2a: Great Tusk
|-sidestart|p2: bigpoop69|move: Toxic Spikes
|
|upkeep
|turn|4
|
|t:|1779829523
|move|p2a: Great Tusk|Stealth Rock||[still]
|-fail|p2a: Great Tusk
|move|p1a: Toxapex|Toxic|p2a: Great Tusk
|-status|p2a: Great Tusk|tox
|
|-damage|p2a: Great Tusk|94/100 tox|[from] psn
|upkeep
|turn|5
|
|t:|1779829538
|move|p2a: Great Tusk|Rapid Spin|p1a: Toxapex
|-damage|p1a: Toxapex|87/100 par
|-boost|p2a: Great Tusk|spe|1
|-sideend|p2: bigpoop69|Toxic Spikes|[from] move: Rapid Spin|[of] p2a: Great Tusk
|move|p1a: Toxapex|Infestation|p2a: Great Tusk
|-resisted|p2a: Great Tusk
|-damage|p2a: Great Tusk|92/100 tox
|-activate|p2a: Great Tusk|move: Infestation|[of] p1a: Toxapex
|
|-heal|p1a: Toxapex|93/100 par|[from] item: Leftovers
|-damage|p2a: Great Tusk|80/100 tox|[from] psn
|-damage|p2a: Great Tusk|68/100 tox|[from] move: Infestation|[partiallytrapped]
|upkeep
|turn|6
|
|t:|1779829549
|move|p1a: Toxapex|Baneful Bunker|p1a: Toxapex
|-singleturn|p1a: Toxapex|move: Protect
|move|p2a: Great Tusk|Headlong Rush|p1a: Toxapex
|-activate|p1a: Toxapex|move: Protect
|
|-heal|p1a: Toxapex|99/100 par|[from] item: Leftovers
|-damage|p2a: Great Tusk|49/100 tox|[from] psn
|-damage|p2a: Great Tusk|37/100 tox|[from] move: Infestation|[partiallytrapped]
|upkeep
|turn|7
|
|t:|1779829565
|switch|p1a: Alomomola|Alomomola, F, shiny|100/100
|-damage|p1a: Alomomola|88/100|[from] Stealth Rock
|move|p2a: Great Tusk|Headlong Rush|p1a: Alomomola
|-damage|p1a: Alomomola|56/100
|-unboost|p2a: Great Tusk|def|1
|-unboost|p2a: Great Tusk|spd|1
|-damage|p2a: Great Tusk|20/100 tox|[from] item: Rocky Helmet|[of] p1a: Alomomola
|
|-damage|p2a: Great Tusk|0 fnt|[from] psn
|faint|p2a: Great Tusk
|-end|p2a: Great Tusk|Protosynthesis|[silent]
|upkeep
|
|t:|1779829578
|switch|p2a: Rillaboom|Rillaboom, M|100/100
|-fieldstart|move: Grassy Terrain|[from] ability: Grassy Surge|[of] p2a: Rillaboom
|turn|8
|
|t:|1779829586
|-terastallize|p1a: Alomomola|Steel
|move|p2a: Rillaboom|Wood Hammer|p1a: Alomomola
|-resisted|p1a: Alomomola
|-damage|p1a: Alomomola|29/100
|-damage|p2a: Rillaboom|84/100|[from] item: Rocky Helmet|[of] p1a: Alomomola
|-damage|p2a: Rillaboom|70/100|[from] Recoil
|-damage|p2a: Rillaboom|60/100|[from] item: Life Orb
|move|p1a: Alomomola|Scald|p2a: Rillaboom
|-resisted|p2a: Rillaboom
|-damage|p2a: Rillaboom|50/100
|-status|p2a: Rillaboom|brn
|
|-heal|p2a: Rillaboom|57/100 brn|[from] Grassy Terrain
|-heal|p1a: Alomomola|36/100|[from] Grassy Terrain
|-damage|p2a: Rillaboom|50/100 brn|[from] brn
|upkeep
|turn|9
|
|t:|1779829605
|switch|p2a: Alomomola|Alomomola, M, shiny|100/100
|move|p1a: Alomomola|Wish|p1a: Alomomola
|
|-heal|p1a: Alomomola|42/100|[from] Grassy Terrain
|upkeep
|turn|10
|
|t:|1779829612
|switch|p1a: Toxapex|Toxapex, M, shiny|100/100 par
|-damage|p1a: Toxapex|88/100 par|[from] Stealth Rock
|move|p2a: Alomomola|Wish|p2a: Alomomola
|
|-heal|p1a: Toxapex|100/100 par|[from] move: Wish|[wisher] Alomomola
|upkeep
|turn|11
|
|t:|1779829626
|switch|p2a: Raging Bolt|Raging Bolt|100/100
|move|p1a: Toxapex|Infestation|p2a: Raging Bolt
|-damage|p2a: Raging Bolt|98/100
|-activate|p2a: Raging Bolt|move: Infestation|[of] p1a: Toxapex
|
|-heal|p2a: Raging Bolt|100/100|[from] move: Wish|[wisher] Alomomola
|-damage|p2a: Raging Bolt|88/100|[from] move: Infestation|[partiallytrapped]
|upkeep
|turn|12
|
|t:|1779829641
|switch|p1a: Quagsire|Quagsire, M|100/100
|-damage|p1a: Quagsire|94/100|[from] Stealth Rock
|move|p2a: Raging Bolt|Volt Switch|p1a: Quagsire
|-immune|p1a: Quagsire
|
|-heal|p2a: Raging Bolt|94/100|[from] Grassy Terrain
|-heal|p1a: Quagsire|100/100|[from] Grassy Terrain
|-end|p2a: Raging Bolt|Infestation|[partiallytrapped]|[silent]
|-fieldend|move: Grassy Terrain
|upkeep
|turn|13
|
|t:|1779829653
|-end|p2a: Raging Bolt|Protosynthesis|[silent]
|switch|p2a: Alomomola|Alomomola, M, shiny|100/100
|move|p1a: Quagsire|Earthquake|p2a: Alomomola
|-damage|p2a: Alomomola|83/100
|
|upkeep
|turn|14
|
|t:|1779829661
|switch|p1a: Toxapex|Toxapex, M, shiny|100/100 par
|-damage|p1a: Toxapex|88/100 par|[from] Stealth Rock
|move|p2a: Alomomola|Flip Turn|p1a: Toxapex
|-resisted|p1a: Toxapex
|-damage|p1a: Toxapex|82/100 par
|
|t:|1779829670
|switch|p2a: Raging Bolt|Raging Bolt|94/100|[from] Flip Turn
|
|-heal|p1a: Toxapex|88/100 par|[from] item: Leftovers
|upkeep
|turn|15
|
|t:|1779829688
|move|p1a: Toxapex|Baneful Bunker|p1a: Toxapex
|-singleturn|p1a: Toxapex|move: Protect
|move|p2a: Raging Bolt|Draco Meteor|p1a: Toxapex
|-activate|p1a: Toxapex|move: Protect
|
|-heal|p1a: Toxapex|94/100 par|[from] item: Leftovers
|upkeep
|turn|16
|
|t:|1779829697
|move|p2a: Raging Bolt|Draco Meteor|p1a: Toxapex
|-damage|p1a: Toxapex|43/100 par
|-unboost|p2a: Raging Bolt|spa|2
|move|p1a: Toxapex|Toxic|p2a: Raging Bolt
|-status|p2a: Raging Bolt|tox
|
|-heal|p1a: Toxapex|49/100 par|[from] item: Leftovers
|-damage|p2a: Raging Bolt|88/100 tox|[from] psn
|upkeep
|turn|17
|
|t:|1779829708
|-end|p2a: Raging Bolt|Protosynthesis|[silent]
|switch|p2a: Alomomola|Alomomola, M, shiny|100/100
|move|p1a: Toxapex|Infestation|p2a: Alomomola
|-damage|p2a: Alomomola|97/100
|-activate|p2a: Alomomola|move: Infestation|[of] p1a: Toxapex
|
|-heal|p1a: Toxapex|55/100 par|[from] item: Leftovers
|-damage|p2a: Alomomola|85/100|[from] move: Infestation|[partiallytrapped]
|upkeep
|turn|18
|
|t:|1779829716
|move|p2a: Alomomola|Wish|p2a: Alomomola
|move|p1a: Toxapex|Toxic|p2a: Alomomola
|-status|p2a: Alomomola|tox
|
|-heal|p1a: Toxapex|62/100 par|[from] item: Leftovers
|-damage|p2a: Alomomola|78/100 tox|[from] psn
|-damage|p2a: Alomomola|66/100 tox|[from] move: Infestation|[partiallytrapped]
|upkeep
|turn|19
|
|t:|1779829727
|move|p2a: Alomomola|Flip Turn|p1a: Toxapex
|-resisted|p1a: Toxapex
|-damage|p1a: Toxapex|55/100 par
|
|t:|1779829732
|switch|p2a: Rillaboom|Rillaboom, M|50/100 brn|[from] Flip Turn
|-fieldstart|move: Grassy Terrain|[from] ability: Grassy Surge|[of] p2a: Rillaboom
|move|p1a: Toxapex|Toxic Spikes|p2a: Rillaboom
|-sidestart|p2: bigpoop69|move: Toxic Spikes
|
|-heal|p2a: Rillaboom|100/100 brn|[from] move: Wish|[wisher] Alomomola
|-heal|p1a: Toxapex|62/100 par|[from] Grassy Terrain
|-heal|p1a: Toxapex|68/100 par|[from] item: Leftovers
|-damage|p2a: Rillaboom|94/100 brn|[from] brn
|upkeep
|turn|20
|
|t:|1779829745
|move|p2a: Rillaboom|Swords Dance|p2a: Rillaboom
|-boost|p2a: Rillaboom|atk|2
|move|p1a: Toxapex|Infestation|p2a: Rillaboom
|-supereffective|p2a: Rillaboom
|-damage|p2a: Rillaboom|86/100 brn
|-activate|p2a: Rillaboom|move: Infestation|[of] p1a: Toxapex
|
|-heal|p2a: Rillaboom|92/100 brn|[from] Grassy Terrain
|-heal|p1a: Toxapex|74/100 par|[from] Grassy Terrain
|-heal|p1a: Toxapex|80/100 par|[from] item: Leftovers
|-damage|p2a: Rillaboom|86/100 brn|[from] brn
|-damage|p2a: Rillaboom|74/100 brn|[from] move: Infestation|[partiallytrapped]
|upkeep
|turn|21
|
|t:|1779829758
|move|p1a: Toxapex|Baneful Bunker|p1a: Toxapex
|-singleturn|p1a: Toxapex|move: Protect
|move|p2a: Rillaboom|Swords Dance|p2a: Rillaboom
|-boost|p2a: Rillaboom|atk|2
|
|-heal|p2a: Rillaboom|80/100 brn|[from] Grassy Terrain
|-heal|p1a: Toxapex|87/100 par|[from] Grassy Terrain
|-heal|p1a: Toxapex|93/100 par|[from] item: Leftovers
|-damage|p2a: Rillaboom|74/100 brn|[from] brn
|-damage|p2a: Rillaboom|61/100 brn|[from] move: Infestation|[partiallytrapped]
|upkeep
|turn|22
|
|t:|1779829773
|move|p2a: Rillaboom|Wood Hammer|p1a: Toxapex
|-damage|p1a: Toxapex|0 fnt
|faint|p1a: Toxapex
|-damage|p2a: Rillaboom|34/100 brn|[from] Recoil
|-damage|p2a: Rillaboom|24/100 brn|[from] item: Life Orb
|
|-heal|p2a: Rillaboom|30/100 brn|[from] Grassy Terrain
|-damage|p2a: Rillaboom|24/100 brn|[from] brn
|-end|p2a: Rillaboom|Infestation|[partiallytrapped]|[silent]
|upkeep
|
|t:|1779829782
|switch|p1a: Quagsire|Quagsire, M|100/100
|-damage|p1a: Quagsire|94/100|[from] Stealth Rock
|turn|23
|
|t:|1779829789
|move|p2a: Rillaboom|Grassy Glide|p1a: Quagsire
|-supereffective|p1a: Quagsire
|-damage|p1a: Quagsire|27/100
|-damage|p2a: Rillaboom|14/100 brn|[from] item: Life Orb
|move|p1a: Quagsire|Avalanche|p2a: Rillaboom
|-supereffective|p2a: Rillaboom
|-damage|p2a: Rillaboom|0 fnt
|faint|p2a: Rillaboom
|
|-heal|p1a: Quagsire|33/100|[from] Grassy Terrain
|-heal|p1a: Quagsire|39/100|[from] item: Leftovers
|-fieldend|move: Grassy Terrain
|upkeep
|
|t:|1779829831
|switch|p2a: Alomomola|Alomomola, M, shiny|99/100 tox
|turn|24
|
|t:|1779829842
|move|p2a: Alomomola|Wish|p2a: Alomomola
|move|p1a: Quagsire|Recover|p1a: Quagsire
|-heal|p1a: Quagsire|89/100
|
|-heal|p1a: Quagsire|95/100|[from] item: Leftovers
|-damage|p2a: Alomomola|93/100 tox|[from] psn
|upkeep
|turn|25
|
|t:|1779829853
|move|p2a: Alomomola|Flip Turn|p1a: Quagsire
|-damage|p1a: Quagsire|84/100
|
|t:|1779829858
|switch|p2a: Tinkaton|Tinkaton, F|100/100|[from] Flip Turn
|-item|p2a: Tinkaton|Air Balloon
|move|p1a: Quagsire|Spikes|p2a: Tinkaton
|-sidestart|p2: bigpoop69|Spikes
|
|-heal|p1a: Quagsire|90/100|[from] item: Leftovers
|upkeep
|turn|26
|
|t:|1779829869
|move|p2a: Tinkaton|Encore|p1a: Quagsire
|-start|p1a: Quagsire|Encore
|move|p1a: Quagsire|Spikes|p2a: Tinkaton
|-sidestart|p2: bigpoop69|Spikes
|
|-heal|p1a: Quagsire|96/100|[from] item: Leftovers
|upkeep
|turn|27
|
|t:|1779829883
|switch|p2a: Raging Bolt|Raging Bolt|88/100 tox
|switch|p1a: Clefable|Clefable, F, shiny|100/100
|
|-damage|p2a: Raging Bolt|82/100 tox|[from] psn
|upkeep
|turn|28
|
|t:|1779829896
|move|p2a: Raging Bolt|Volt Switch|p1a: Clefable
|-damage|p1a: Clefable|59/100
|
|t:|1779829900
|-end|p2a: Raging Bolt|Protosynthesis|[silent]
|switch|p2a: Tinkaton|Tinkaton, F|100/100|[from] Volt Switch
|-item|p2a: Tinkaton|Air Balloon
|move|p1a: Clefable|Fire Blast|p2a: Tinkaton
|-supereffective|p2a: Tinkaton
|-damage|p2a: Tinkaton|22/100
|-enditem|p2a: Tinkaton|Air Balloon
|
|upkeep
|turn|29
|inactive|Battle timer is ON: inactive players will automatically lose when time's up. (requested by bigpoop69)
|
|t:|1779829966
|switch|p1a: Quagsire|Quagsire, M|96/100
|-damage|p1a: Quagsire|90/100|[from] Stealth Rock
|move|p2a: Tinkaton|Gigaton Hammer|p1a: Quagsire
|-resisted|p1a: Quagsire
|-damage|p1a: Quagsire|75/100
|
|-heal|p1a: Quagsire|81/100|[from] item: Leftovers
|upkeep
|turn|30
|
|t:|1779829982
|move|p2a: Tinkaton|Encore||[still]
|-fail|p2a: Tinkaton
|move|p1a: Quagsire|Earthquake|p2a: Tinkaton
|-supereffective|p2a: Tinkaton
|-damage|p2a: Tinkaton|0 fnt
|faint|p2a: Tinkaton
|
|-heal|p1a: Quagsire|87/100|[from] item: Leftovers
|upkeep
|
|t:|1779829994
|switch|p2a: Alomomola|Alomomola, M, shiny|100/100 tox
|turn|31
|
|t:|1779830018
|move|p2a: Alomomola|Scald|p1a: Quagsire
|-damage|p1a: Quagsire|70/100
|move|p1a: Quagsire|Earthquake|p2a: Alomomola
|-damage|p2a: Alomomola|84/100 tox
|
|-heal|p1a: Quagsire|76/100|[from] item: Leftovers
|-damage|p2a: Alomomola|78/100 tox|[from] psn
|upkeep
|turn|32
|
|t:|1779830029
|switch|p1a: Clefable|Clefable, F, shiny|59/100
|move|p2a: Alomomola|Scald|p1a: Clefable
|-damage|p1a: Clefable|47/100
|
|-damage|p2a: Alomomola|66/100 tox|[from] psn
|upkeep
|turn|33
|
|t:|1779830044
|move|p1a: Clefable|Fire Blast|p2a: Alomomola
|-resisted|p2a: Alomomola
|-damage|p2a: Alomomola|40/100 tox
|move|p2a: Alomomola|Wish|p2a: Alomomola
|
|-damage|p2a: Alomomola|22/100 tox|[from] psn
|upkeep
|turn|34
|
|t:|1779830051
|switch|p2a: Raging Bolt|Raging Bolt|82/100 tox
|move|p1a: Clefable|Calm Mind|p1a: Clefable
|-boost|p1a: Clefable|spa|1
|-boost|p1a: Clefable|spd|1
|
|-heal|p2a: Raging Bolt|100/100 tox|[from] move: Wish|[wisher] Alomomola
|-damage|p2a: Raging Bolt|94/100 tox|[from] psn
|upkeep
|turn|35
|
|t:|1779830064
|move|p2a: Raging Bolt|Thunderbolt|p1a: Clefable
|-damage|p1a: Clefable|12/100
|move|p1a: Clefable|Moonblast|p2a: Raging Bolt
|-supereffective|p2a: Raging Bolt
|-damage|p2a: Raging Bolt|0 fnt
|faint|p2a: Raging Bolt
|-end|p2a: Raging Bolt|Protosynthesis|[silent]
|
|upkeep
|
|t:|1779830077
|switch|p2a: Kingambit|Kingambit, M|100/100
|-damage|p2a: Kingambit|84/100|[from] Spikes
|-activate|p2a: Kingambit|ability: Supreme Overlord
|-start|p2a: Kingambit|fallen4|[silent]
|turn|36
|
|t:|1779830089
|move|p2a: Kingambit|Iron Head|p1a: Clefable
|-supereffective|p1a: Clefable
|-damage|p1a: Clefable|0 fnt
|faint|p1a: Clefable
|
|-heal|p2a: Kingambit|90/100|[from] item: Leftovers
|upkeep
|
|t:|1779830109
|switch|p1a: Quagsire|Quagsire, M|76/100
|-damage|p1a: Quagsire|70/100|[from] Stealth Rock
|turn|37
|
|t:|1779830114
|-end|p2a: Kingambit|fallen4|[silent]
|switch|p2a: Alomomola|Alomomola, M, shiny|55/100 tox
|move|p1a: Quagsire|Earthquake|p2a: Alomomola
|-damage|p2a: Alomomola|40/100 tox
|
|-heal|p1a: Quagsire|76/100|[from] item: Leftovers
|-damage|p2a: Alomomola|34/100 tox|[from] psn
|upkeep
|turn|38
|
|t:|1779830128
|move|p2a: Alomomola|Wish|p2a: Alomomola
|move|p1a: Quagsire|Spikes|p2a: Alomomola
|-sidestart|p2: bigpoop69|Spikes
|
|-heal|p1a: Quagsire|82/100|[from] item: Leftovers
|-damage|p2a: Alomomola|21/100 tox|[from] psn
|upkeep
|turn|39
|
|t:|1779830137
|move|p2a: Alomomola|Scald|p1a: Quagsire
|-damage|p1a: Quagsire|66/100
|move|p1a: Quagsire|Earthquake|p2a: Alomomola
|-damage|p2a: Alomomola|4/100 tox
|
|-heal|p2a: Alomomola|54/100 tox|[from] move: Wish|[wisher] Alomomola
|-heal|p1a: Quagsire|72/100|[from] item: Leftovers
|-damage|p2a: Alomomola|36/100 tox|[from] psn
|upkeep
|turn|40
|
|t:|1779830157
|switch|p1a: Blissey|Blissey, F, shiny|100/100
|-damage|p1a: Blissey|88/100|[from] Stealth Rock
|move|p2a: Alomomola|Scald|p1a: Blissey
|-damage|p1a: Blissey|83/100
|
|-heal|p1a: Blissey|89/100|[from] item: Leftovers
|-damage|p2a: Alomomola|11/100 tox|[from] psn
|upkeep
|turn|41
|
|t:|1779830168
|move|p1a: Blissey|Thunderbolt|p2a: Alomomola
|-supereffective|p2a: Alomomola
|-damage|p2a: Alomomola|0 fnt
|faint|p2a: Alomomola
|
|-heal|p1a: Blissey|95/100|[from] item: Leftovers
|upkeep
|
|t:|1779830175
|switch|p2a: Kingambit|Kingambit, M|90/100
|-damage|p2a: Kingambit|65/100|[from] Spikes
|-activate|p2a: Kingambit|ability: Supreme Overlord
|-start|p2a: Kingambit|fallen5|[silent]
|turn|42
|
|t:|1779830192
|-terastallize|p2a: Kingambit|Ghost
|move|p2a: Kingambit|Swords Dance|p2a: Kingambit
|-boost|p2a: Kingambit|atk|2
|move|p1a: Blissey|Thunderbolt|p2a: Kingambit
|-damage|p2a: Kingambit|37/100
|-status|p2a: Kingambit|par
|
|-heal|p1a: Blissey|100/100|[from] item: Leftovers
|-heal|p2a: Kingambit|43/100 par|[from] item: Leftovers
|upkeep
|turn|43
|
|t:|1779830210
|move|p1a: Blissey|Shadow Ball|p2a: Kingambit
|-supereffective|p2a: Kingambit
|-damage|p2a: Kingambit|0 fnt
|faint|p2a: Kingambit
|-end|p2a: Kingambit|fallen5|[silent]
|
|win|theholdencaulfield
|raw|theholdencaulfield's rating: 1149 &rarr; <strong>1173</strong><br />(+24 for winning)
|raw|bigpoop69's rating: 1130 &rarr; <strong>1106</strong><br />(-24 for losing)
|l|☆bigpoop69
|player|p2|
