|j|☆ChenZengjia
|j|☆Andher
|t:|1779858944
|gametype|singles
|player|p1|ChenZengjia|ghetsis-gen5bw|1391
|player|p2|Andher|shadowtriad|1395
|gen|9
|tier|[Gen 9] OU
|rated|
|rule|HP Percentage Mod: HP is shown in percentages
|rule|Endless Battle Clause: Forcing endless battles is banned
|rule|Species Clause: Limit one of each Pokémon
|rule|OHKO Clause: OHKO moves are banned
|rule|Evasion Items Clause: Evasion items are banned
|rule|Evasion Moves Clause: Evasion moves are banned
|rule|Evasion Abilities Clause: Evasion abilities are banned
|rule|Sleep Moves Clause: Sleep-inducing moves are banned
|clearpoke
|poke|p1|Darkrai|
|poke|p1|Garchomp, F|
|poke|p1|Alomomola, F|
|poke|p1|Corviknight, M|
|poke|p1|Weezing-Galar, F|
|poke|p1|Ogerpon, F|
|poke|p2|Samurott-Hisui, F|
|poke|p2|Corviknight, M|
|poke|p2|Kingambit, F|
|poke|p2|Skeledirge, F|
|poke|p2|Gengar, F|
|poke|p2|Dragapult, M|
|teampreview
|inactive|Battle timer is ON: inactive players will automatically lose when time's up. (requested by Andher)
|
|t:|1779858977
|teamsize|p1|6
|teamsize|p2|6
|start
|switch|p1a: Weezing|Weezing-Galar, F|100/100
|switch|p2a: Mort|Skeledirge, F|100/100
|-ability|p1a: Weezing|Neutralizing Gas
|turn|1
|
|t:|1779858989
|-end|p1a: Weezing|ability: Neutralizing Gas
|switch|p1a: Alomomola|Alomomola, F|100/100
|move|p2a: Mort|Torch Song|p1a: Alomomola
|-resisted|p1a: Alomomola
|-damage|p1a: Alomomola|93/100
|-boost|p2a: Mort|spa|1
|
|upkeep
|turn|2
|
|t:|1779859003
|move|p2a: Mort|Torch Song|p1a: Alomomola
|-resisted|p1a: Alomomola
|-damage|p1a: Alomomola|82/100
|-boost|p2a: Mort|spa|1
|move|p1a: Alomomola|Flip Turn|p2a: Mort
|-supereffective|p2a: Mort
|-damage|p2a: Mort|76/100
|
|t:|1779859023
|switch|p1a: Darkrai|Darkrai|100/100|[from] Flip Turn
|
|upkeep
|turn|3
|
|t:|1779859028
|-terastallize|p2a: Mort|Fairy
|move|p1a: Darkrai|Dark Pulse|p2a: Mort
|-resisted|p2a: Mort
|-damage|p2a: Mort|48/100
|move|p2a: Mort|Alluring Voice|p1a: Darkrai
|-supereffective|p1a: Darkrai
|-damage|p1a: Darkrai|0 fnt
|faint|p1a: Darkrai
|
|upkeep
|
|t:|1779859038
|switch|p1a: Alomomola|Alomomola, F|100/100
|turn|4
|
|t:|1779859042
|move|p2a: Mort|Slack Off|p2a: Mort
|-heal|p2a: Mort|98/100
|move|p1a: Alomomola|Mirror Coat||[still]
|-fail|p1a: Alomomola
|
|upkeep
|turn|5
|j| arrito
|
|t:|1779859050
|move|p2a: Mort|Torch Song|p1a: Alomomola
|-resisted|p1a: Alomomola
|-damage|p1a: Alomomola|87/100
|-boost|p2a: Mort|spa|1
|move|p1a: Alomomola|Body Slam|p2a: Mort
|-damage|p2a: Mort|86/100
|
|upkeep
|turn|6
|
|t:|1779859059
|move|p2a: Mort|Torch Song|p1a: Alomomola
|-resisted|p1a: Alomomola
|-damage|p1a: Alomomola|68/100
|-boost|p2a: Mort|spa|1
|move|p1a: Alomomola|Mirror Coat|p2a: Mort
|-damage|p2a: Mort|27/100
|
|upkeep
|turn|7
|
|t:|1779859076
|move|p2a: Mort|Slack Off|p2a: Mort
|-heal|p2a: Mort|77/100
|move|p1a: Alomomola|Body Slam|p2a: Mort
|-damage|p2a: Mort|65/100
|-status|p2a: Mort|par
|
|upkeep
|turn|8
|
|t:|1779859084
|move|p2a: Mort|Slack Off|p2a: Mort
|-heal|p2a: Mort|100/100 par
|move|p1a: Alomomola|Mirror Coat||[still]
|-fail|p1a: Alomomola
|
|upkeep
|turn|9
|
|t:|1779859090
|move|p2a: Mort|Torch Song|p1a: Alomomola
|-resisted|p1a: Alomomola
|-damage|p1a: Alomomola|47/100
|-boost|p2a: Mort|spa|1
|move|p1a: Alomomola|Mirror Coat|p2a: Mort
|-damage|p2a: Mort|36/100 par
|
|upkeep
|turn|10
|
|t:|1779859117
|move|p1a: Alomomola|Flip Turn|p2a: Mort
|-damage|p2a: Mort|23/100 par
|
|t:|1779859121
|switch|p1a: Weezing|Weezing-Galar, F|100/100|[from] Flip Turn
|-ability|p1a: Weezing|Neutralizing Gas
|cant|p2a: Mort|par
|
|upkeep
|turn|11
|
|t:|1779859142
|switch|p2a: Malson|Gengar, F, shiny|100/100
|move|p1a: Weezing|Sludge Bomb|p2a: Malson
|-resisted|p2a: Malson
|-damage|p2a: Malson|91/100
|
|upkeep
|turn|12
|
|t:|1779859150
|-end|p1a: Weezing|ability: Neutralizing Gas
|switch|p1a: Alomomola|Alomomola, F|80/100
|move|p2a: Malson|Will-O-Wisp|p1a: Alomomola
|-status|p1a: Alomomola|brn
|
|-damage|p1a: Alomomola|74/100 brn|[from] brn
|upkeep
|turn|13
|
|t:|1779859166
|switch|p2a: Ronin|Samurott-Hisui, F|100/100
|move|p1a: Alomomola|Flip Turn|p2a: Ronin
|-resisted|p2a: Ronin
|-damage|p2a: Ronin|96/100
|
|t:|1779859174
|switch|p1a: Garchomp|Garchomp, F|100/100|[from] Flip Turn
|
|upkeep
|turn|14
|
|t:|1779859187
|move|p2a: Ronin|Flip Turn|p1a: Garchomp
|-damage|p1a: Garchomp|84/100
|-damage|p2a: Ronin|83/100|[from] ability: Rough Skin|[of] p1a: Garchomp
|-damage|p2a: Ronin|67/100|[from] item: Rocky Helmet|[of] p1a: Garchomp
|
|t:|1779859192
|switch|p2a: Ombra|Dragapult, M|100/100|[from] Flip Turn
|move|p1a: Garchomp|Stealth Rock|p2a: Ombra
|-sidestart|p2: Andher|move: Stealth Rock
|
|upkeep
|turn|15
|
|t:|1779859200
|switch|p1a: Alomomola|Alomomola, F|100/100 brn
|move|p2a: Ombra|Draco Meteor|p1a: Alomomola
|-damage|p1a: Alomomola|58/100 brn
|-unboost|p2a: Ombra|spa|2
|
|-damage|p1a: Alomomola|51/100 brn|[from] brn
|upkeep
|turn|16
|
|t:|1779859210
|switch|p2a: Corax|Corviknight, M|100/100
|-damage|p2a: Corax|88/100|[from] Stealth Rock
|-ability|p2a: Corax|Pressure
|move|p1a: Alomomola|Flip Turn|p2a: Corax
|-damage|p2a: Corax|82/100
|-damage|p1a: Alomomola|35/100 brn|[from] item: Rocky Helmet|[of] p2a: Corax
|inactive|ChenZengjia has 120 seconds left.
|
|t:|1779859241
|switch|p1a: Garchomp|Garchomp, F|84/100|[from] Flip Turn
|
|upkeep
|turn|17
|inactive|ChenZengjia has 120 seconds left.
|
|t:|1779859250
|switch|p1a: Corviknight|Corviknight, M|100/100
|-ability|p1a: Corviknight|Pressure
|move|p2a: Corax|Defog|p1a: Corviknight
|-unboost|p1a: Corviknight|evasion|1
|-sideend|p2: Andher|Stealth Rock|[from] move: Defog|[of] p2a: Corax
|
|upkeep
|turn|18
|inactive|ChenZengjia has 120 seconds left.
|
|t:|1779859267
|switch|p2a: Ombra|Dragapult, M|100/100
|move|p1a: Corviknight|U-turn|p2a: Ombra
|-resisted|p2a: Ombra
|-damage|p2a: Ombra|91/100
|
|t:|1779859274
|switch|p1a: Alomomola|Alomomola, F|68/100 brn|[from] U-turn
|
|-damage|p1a: Alomomola|62/100 brn|[from] brn
|upkeep
|turn|19
|inactive|ChenZengjia has 120 seconds left.
|
|t:|1779859284
|switch|p2a: Ronin|Samurott-Hisui, F|67/100
|move|p1a: Alomomola|Flip Turn|p2a: Ronin
|-resisted|p2a: Ronin
|-damage|p2a: Ronin|62/100
|inactive|ChenZengjia has 120 seconds left.
|
|t:|1779859304
|switch|p1a: Garchomp|Garchomp, F|84/100|[from] Flip Turn
|
|upkeep
|turn|20
|
|t:|1779859312
|switch|p2a: Corax|Corviknight, M|82/100
|-ability|p2a: Corax|Pressure
|move|p1a: Garchomp|Stealth Rock|p2a: Corax
|-sidestart|p2: Andher|move: Stealth Rock
|
|upkeep
|turn|21
|inactive|ChenZengjia has 120 seconds left.
|
|t:|1779859320
|switch|p1a: Corviknight|Corviknight, M|100/100
|-ability|p1a: Corviknight|Pressure
|move|p2a: Corax|Defog|p1a: Corviknight
|-unboost|p1a: Corviknight|evasion|1
|-sideend|p2: Andher|Stealth Rock|[from] move: Defog|[of] p2a: Corax
|
|upkeep
|turn|22
|
|t:|1779859329
|switch|p2a: Mort|Skeledirge, F, tera:Fairy|23/100 par
|move|p1a: Corviknight|U-turn|p2a: Mort
|-resisted|p2a: Mort
|-damage|p2a: Mort|17/100 par
|inactive|ChenZengjia has 120 seconds left.
|l| arrito
|
|t:|1779859345
|switch|p1a: Ogerpon|Ogerpon, F|100/100|[from] U-turn
|
|upkeep
|turn|23
|inactive|ChenZengjia has 120 seconds left.
|
|t:|1779859352
|switch|p2a: Corax|Corviknight, M|82/100
|-ability|p2a: Corax|Pressure
|move|p1a: Ogerpon|Ivy Cudgel|p2a: Corax
|-resisted|p2a: Corax
|-crit|p2a: Corax
|-damage|p2a: Corax|67/100
|
|upkeep
|turn|24
|inactive|ChenZengjia has 120 seconds left.
|
|t:|1779859363
|switch|p1a: Corviknight|Corviknight, M|100/100
|-ability|p1a: Corviknight|Pressure
|move|p2a: Corax|Roost|p2a: Corax
|-heal|p2a: Corax|100/100
|-singleturn|p2a: Corax|move: Roost
|
|upkeep
|turn|25
|inactive|ChenZengjia has 120 seconds left.
|
|t:|1779859376
|switch|p2a: Malson|Gengar, F, shiny|91/100
|move|p1a: Corviknight|U-turn|p2a: Malson
|-resisted|p2a: Malson
|-damage|p2a: Malson|85/100
|-start|p1a: Corviknight|Disable|U-turn|[from] ability: Cursed Body|[of] p2a: Malson
|inactive|ChenZengjia has 120 seconds left.
|
|t:|1779859385
|switch|p1a: Alomomola|Alomomola, F|95/100 brn|[from] U-turn
|
|-damage|p1a: Alomomola|89/100 brn|[from] brn
|upkeep
|turn|26
|
|t:|1779859398
|switch|p2a: Corax|Corviknight, M|100/100
|-ability|p2a: Corax|Pressure
|move|p1a: Alomomola|Flip Turn|p2a: Corax
|-damage|p2a: Corax|95/100
|-damage|p1a: Alomomola|72/100 brn|[from] item: Rocky Helmet|[of] p2a: Corax
|inactive|ChenZengjia has 120 seconds left.
|
|t:|1779859408
|switch|p1a: Weezing|Weezing-Galar, F|100/100|[from] Flip Turn
|-ability|p1a: Weezing|Neutralizing Gas
|
|upkeep
|turn|27
|
|t:|1779859415
|switch|p2a: Malson|Gengar, F, shiny|85/100
|move|p1a: Weezing|Will-O-Wisp|p2a: Malson|[miss]
|-miss|p1a: Weezing|p2a: Malson
|
|upkeep
|turn|28
|
|t:|1779859423
|-end|p1a: Weezing|ability: Neutralizing Gas
|switch|p1a: Alomomola|Alomomola, F|100/100 brn
|move|p2a: Malson|Will-O-Wisp|p1a: Alomomola|[miss]
|-miss|p2a: Malson|p1a: Alomomola
|
|-damage|p1a: Alomomola|94/100 brn|[from] brn
|upkeep
|turn|29
|
|t:|1779859442
|switch|p2a: Corax|Corviknight, M|95/100
|-ability|p2a: Corax|Pressure
|move|p1a: Alomomola|Body Slam|p2a: Corax
|-resisted|p2a: Corax
|-damage|p2a: Corax|92/100
|-damage|p1a: Alomomola|78/100 brn|[from] item: Rocky Helmet|[of] p2a: Corax
|
|-damage|p1a: Alomomola|72/100 brn|[from] brn
|upkeep
|turn|30
|
|t:|1779859454
|switch|p2a: Ombra|Dragapult, M|91/100
|move|p1a: Alomomola|Flip Turn|p2a: Ombra
|-resisted|p2a: Ombra
|-damage|p2a: Ombra|85/100
|inactive|ChenZengjia has 120 seconds left.
|
|t:|1779859469
|switch|p1a: Corviknight|Corviknight, M|100/100|[from] Flip Turn
|-ability|p1a: Corviknight|Pressure
|
|upkeep
|turn|31
|
|t:|1779859486
|switch|p1a: Alomomola|Alomomola, F|100/100 brn
|move|p2a: Ombra|Fire Blast|p1a: Alomomola
|-resisted|p1a: Alomomola
|-damage|p1a: Alomomola|89/100 brn
|
|-damage|p1a: Alomomola|83/100 brn|[from] brn
|upkeep
|turn|32
|
|t:|1779859496
|switch|p2a: Corax|Corviknight, M|92/100
|-ability|p2a: Corax|Pressure
|move|p1a: Alomomola|Flip Turn|p2a: Corax
|-damage|p2a: Corax|86/100
|-damage|p1a: Alomomola|67/100 brn|[from] item: Rocky Helmet|[of] p2a: Corax
|inactive|ChenZengjia has 120 seconds left.
|
|t:|1779859508
|switch|p1a: Garchomp|Garchomp, F|84/100|[from] Flip Turn
|
|upkeep
|turn|33
|
|t:|1779859516
|move|p1a: Garchomp|Spikes|p2a: Corax
|-sidestart|p2: Andher|Spikes
|move|p2a: Corax|Defog|p1a: Garchomp
|-unboost|p1a: Garchomp|evasion|1
|-sideend|p2: Andher|Spikes|[from] move: Defog|[of] p2a: Corax
|
|upkeep
|turn|34
|
|t:|1779859527
|move|p1a: Garchomp|Spikes|p2a: Corax
|-sidestart|p2: Andher|Spikes
|move|p2a: Corax|Defog|p1a: Garchomp
|-unboost|p1a: Garchomp|evasion|1
|-sideend|p2: Andher|Spikes|[from] move: Defog|[of] p2a: Corax
|
|upkeep
|turn|35
|
|t:|1779859533
|switch|p2a: Ombra|Dragapult, M|85/100
|move|p1a: Garchomp|Spikes|p2a: Ombra
|-sidestart|p2: Andher|Spikes
|
|upkeep
|turn|36
|
|t:|1779859542
|switch|p1a: Alomomola|Alomomola, F|99/100 brn
|move|p2a: Ombra|Draco Meteor|p1a: Alomomola
|-damage|p1a: Alomomola|61/100 brn
|-unboost|p2a: Ombra|spa|2
|
|-damage|p1a: Alomomola|55/100 brn|[from] brn
|upkeep
|turn|37
|
|t:|1779859562
|switch|p2a: Corax|Corviknight, M|86/100
|-ability|p2a: Corax|Pressure
|switch|p1a: Garchomp|Garchomp, F|84/100
|
|upkeep
|turn|38
|
|t:|1779859571
|move|p2a: Corax|Defog|p1a: Garchomp
|-unboost|p1a: Garchomp|evasion|1
|-sideend|p2: Andher|Spikes|[from] move: Defog|[of] p2a: Corax
|move|p1a: Garchomp|Dragon Tail|p2a: Corax
|-resisted|p2a: Corax
|-damage|p2a: Corax|75/100
|-damage|p1a: Garchomp|67/100|[from] item: Rocky Helmet|[of] p2a: Corax
|drag|p2a: Ronin|Samurott-Hisui, F|62/100
|
|upkeep
|turn|39
|
|t:|1779859582
|switch|p2a: Corax|Corviknight, M|75/100
|-ability|p2a: Corax|Pressure
|move|p1a: Garchomp|Spikes|p2a: Corax
|-sidestart|p2: Andher|Spikes
|
|upkeep
|turn|40
|
|t:|1779859590
|move|p1a: Garchomp|Stealth Rock|p2a: Corax
|-sidestart|p2: Andher|move: Stealth Rock
|move|p2a: Corax|Defog|p1a: Garchomp
|-unboost|p1a: Garchomp|evasion|1
|-sideend|p2: Andher|Spikes|[from] move: Defog|[of] p2a: Corax
|-sideend|p2: Andher|Stealth Rock|[from] move: Defog|[of] p2a: Corax
|
|upkeep
|turn|41
|
|t:|1779859601
|move|p1a: Garchomp|Stealth Rock|p2a: Corax
|-sidestart|p2: Andher|move: Stealth Rock
|move|p2a: Corax|Brave Bird|p1a: Garchomp
|-damage|p1a: Garchomp|46/100
|-damage|p2a: Corax|63/100|[from] ability: Rough Skin|[of] p1a: Garchomp
|-damage|p2a: Corax|46/100|[from] item: Rocky Helmet|[of] p1a: Garchomp
|-damage|p2a: Corax|39/100|[from] Recoil
|
|upkeep
|turn|42
|-message|ChenZengjia forfeited.
|
|win|Andher
|raw|ChenZengjia's rating: 1391 &rarr; <strong>1371</strong><br />(-20 for losing)
|raw|Andher's rating: 1395 &rarr; <strong>1415</strong><br />(+20 for winning)
|l|☆ChenZengjia
|player|p1|
|l|☆Andher
|player|p2|
