|j|☆GRENINJA_mdm
|j|☆dj ivis
|t:|1779842590
|gametype|singles
|player|p1|GRENINJA_mdm|iris|
|player|p2|dj ivis|dawn-gen4pt|
|gen|9
|tier|[Gen 9] OU
|rule|HP Percentage Mod: HP is shown in percentages
|rule|Endless Battle Clause: Forcing endless battles is banned
|rule|Species Clause: Limit one of each Pokémon
|rule|OHKO Clause: OHKO moves are banned
|rule|Evasion Items Clause: Evasion items are banned
|rule|Evasion Moves Clause: Evasion moves are banned
|rule|Evasion Abilities Clause: Evasion abilities are banned
|rule|Sleep Moves Clause: Sleep-inducing moves are banned
|clearpoke
|poke|p1|Dragapult, F|
|poke|p1|Gliscor, F|
|poke|p1|Ogerpon-Wellspring, F|
|poke|p1|Iron Crown|
|poke|p1|Ting-Lu|
|poke|p1|Kingambit, M|
|poke|p2|Pecharunt|
|poke|p2|Iron Valiant|
|poke|p2|Kingambit, F|
|poke|p2|Volcanion|
|poke|p2|Deoxys-Speed|
|poke|p2|Landorus-Therian, M|
|teampreview
|inactive|Battle timer is ON: inactive players will automatically lose when time's up. (requested by dj ivis)
|
|t:|1779842618
|teamsize|p1|6
|teamsize|p2|6
|start
|switch|p1a: Ting-Lu|Ting-Lu|100/100
|switch|p2a: Deoxys|Deoxys-Speed|100/100
|-ability|p2a: Deoxys|Pressure
|-ability|p1a: Ting-Lu|Vessel of Ruin
|turn|1
|
|t:|1779842632
|switch|p2a: Landorus|Landorus-Therian, M|100/100
|-ability|p2a: Landorus|Intimidate|boost
|-unboost|p1a: Ting-Lu|atk|1
|move|p1a: Ting-Lu|Ruination|p2a: Landorus
|-damage|p2a: Landorus|51/100
|
|upkeep
|turn|2
|
|t:|1779842642
|switch|p1a: Gliscor|Gliscor, F|100/100
|move|p2a: Landorus|Stealth Rock|p1a: Gliscor
|-sidestart|p1: GRENINJA_mdm|move: Stealth Rock
|
|-status|p1a: Gliscor|tox|[from] item: Toxic Orb
|upkeep
|turn|3
|
|t:|1779842649
|move|p2a: Landorus|U-turn|p1a: Gliscor
|-resisted|p1a: Gliscor
|-damage|p1a: Gliscor|91/100 tox
|
|t:|1779842653
|switch|p2a: Volcanion|Volcanion|100/100|[from] U-turn
|move|p1a: Gliscor|Toxic Spikes|p2a: Volcanion
|-sidestart|p2: dj ivis|move: Toxic Spikes
|
|-heal|p1a: Gliscor|100/100 tox|[from] ability: Poison Heal
|upkeep
|turn|4
|
|t:|1779842663
|switch|p1a: Ogerpon|Ogerpon-Wellspring, F|100/100
|-damage|p1a: Ogerpon|88/100|[from] Stealth Rock
|move|p2a: Volcanion|Steam Eruption|p1a: Ogerpon
|-heal|p1a: Ogerpon|100/100|[from] ability: Water Absorb|[of] p2a: Volcanion
|
|upkeep
|turn|5
|
|t:|1779842669
|move|p1a: Ogerpon|Knock Off|p2a: Volcanion
|-damage|p2a: Volcanion|72/100
|-enditem|p2a: Volcanion|Shuca Berry|[from] move: Knock Off|[of] p1a: Ogerpon
|move|p2a: Volcanion|Sludge Bomb|p1a: Ogerpon
|-supereffective|p1a: Ogerpon
|-damage|p1a: Ogerpon|25/100
|
|upkeep
|turn|6
|
|t:|1779842675
|move|p1a: Ogerpon|U-turn|p2a: Volcanion
|-resisted|p2a: Volcanion
|-damage|p2a: Volcanion|62/100
|
|t:|1779842680
|switch|p1a: Dragapult|Dragapult, F|100/100|[from] U-turn
|move|p2a: Volcanion|Flamethrower|p1a: Dragapult
|-resisted|p1a: Dragapult
|-damage|p1a: Dragapult|66/100
|
|upkeep
|turn|7
|
|t:|1779842692
|move|p1a: Dragapult|U-turn|p2a: Volcanion
|-resisted|p2a: Volcanion
|-damage|p2a: Volcanion|54/100
|
|t:|1779842696
|switch|p1a: Ogerpon|Ogerpon-Wellspring, F|25/100|[from] U-turn
|-damage|p1a: Ogerpon|12/100|[from] Stealth Rock
|move|p2a: Volcanion|Steam Eruption|p1a: Ogerpon
|-heal|p1a: Ogerpon|37/100|[from] ability: Water Absorb|[of] p2a: Volcanion
|
|upkeep
|turn|8
|
|t:|1779842703
|move|p1a: Ogerpon|U-turn|p2a: Volcanion
|-resisted|p2a: Volcanion
|-damage|p2a: Volcanion|43/100
|
|t:|1779842706
|switch|p1a: Dragapult|Dragapult, F|66/100|[from] U-turn
|move|p2a: Volcanion|Sludge Bomb|p1a: Dragapult
|-resisted|p1a: Dragapult
|-damage|p1a: Dragapult|45/100
|-status|p1a: Dragapult|psn
|
|-damage|p1a: Dragapult|32/100 psn|[from] psn
|upkeep
|turn|9
|c|☆dj ivis|que predic
|
|t:|1779842714
|move|p1a: Dragapult|Dragon Darts|p2a: Volcanion
|-damage|p2a: Volcanion|27/100
|-anim|p1a: Dragapult|Dragon Darts|p2a: Volcanion
|-damage|p2a: Volcanion|11/100
|move|p2a: Volcanion|Flamethrower|p1a: Dragapult
|-resisted|p1a: Dragapult
|-damage|p1a: Dragapult|0 fnt
|faint|p1a: Dragapult
|
|upkeep
|c|☆GRENINJA_mdm|N tira da frente
|
|t:|1779842724
|switch|p1a: Ogerpon|Ogerpon-Wellspring, F|37/100
|-damage|p1a: Ogerpon|25/100|[from] Stealth Rock
|turn|10
|c|☆dj ivis|vou tirar pq
|
|t:|1779842729
|move|p1a: Ogerpon|Knock Off|p2a: Volcanion
|-damage|p2a: Volcanion|0 fnt
|faint|p2a: Volcanion
|
|upkeep
|
|t:|1779842732
|switch|p2a: Pecharunt|Pecharunt|100/100
|-sideend|p2: dj ivis|move: Toxic Spikes|[of] p2a: Pecharunt
|turn|11
|
|t:|1779842736
|switch|p1a: Gliscor|Gliscor, F|100/100 tox
|-damage|p1a: Gliscor|88/100 tox|[from] Stealth Rock
|move|p2a: Pecharunt|Shadow Ball|p1a: Gliscor
|-damage|p1a: Gliscor|61/100 tox
|
|-heal|p1a: Gliscor|74/100 tox|[from] ability: Poison Heal
|upkeep
|turn|12
|
|t:|1779842744
|switch|p2a: Deoxys|Deoxys-Speed|100/100
|-ability|p2a: Deoxys|Pressure
|move|p1a: Gliscor|Toxic Spikes|p2a: Deoxys
|-sidestart|p2: dj ivis|move: Toxic Spikes
|
|-heal|p1a: Gliscor|86/100 tox|[from] ability: Poison Heal
|upkeep
|turn|13
|
|t:|1779842750
|move|p2a: Deoxys|Psycho Boost|p1a: Gliscor
|-damage|p1a: Gliscor|29/100 tox
|-unboost|p2a: Deoxys|spa|2
|-enditem|p2a: Deoxys|Eject Pack
|
|t:|1779842757
|switch|p2a: Landorus|Landorus-Therian, M|51/100
|-ability|p2a: Landorus|Intimidate|boost
|-unboost|p1a: Gliscor|atk|1
|move|p1a: Gliscor|Toxic|p2a: Landorus
|-status|p2a: Landorus|tox
|
|-damage|p2a: Landorus|45/100 tox|[from] psn
|-heal|p1a: Gliscor|42/100 tox|[from] ability: Poison Heal
|upkeep
|turn|14
|
|t:|1779842760
|move|p2a: Landorus|U-turn|p1a: Gliscor
|-resisted|p1a: Gliscor
|-damage|p1a: Gliscor|33/100 tox
|
|t:|1779842764
|switch|p2a: Pecharunt|Pecharunt|100/100|[from] U-turn
|-sideend|p2: dj ivis|move: Toxic Spikes|[of] p2a: Pecharunt
|move|p1a: Gliscor|Toxic Spikes|p2a: Pecharunt
|-sidestart|p2: dj ivis|move: Toxic Spikes
|
|-heal|p1a: Gliscor|45/100 tox|[from] ability: Poison Heal
|upkeep
|turn|15
|
|t:|1779842772
|move|p2a: Pecharunt|Shadow Ball|p1a: Gliscor
|-damage|p1a: Gliscor|18/100 tox
|-unboost|p1a: Gliscor|spd|1
|move|p1a: Gliscor|Toxic Spikes|p2a: Pecharunt
|-sidestart|p2: dj ivis|move: Toxic Spikes
|
|-heal|p1a: Gliscor|30/100 tox|[from] ability: Poison Heal
|upkeep
|turn|16
|
|t:|1779842780
|move|p1a: Gliscor|Protect|p1a: Gliscor
|-singleturn|p1a: Gliscor|Protect
|move|p2a: Pecharunt|Shadow Ball|p1a: Gliscor
|-activate|p1a: Gliscor|move: Protect
|
|-heal|p1a: Gliscor|43/100 tox|[from] ability: Poison Heal
|upkeep
|turn|17
|
|t:|1779842784
|switch|p1a: Ting-Lu|Ting-Lu|100/100
|-damage|p1a: Ting-Lu|94/100|[from] Stealth Rock
|-ability|p1a: Ting-Lu|Vessel of Ruin
|move|p2a: Pecharunt|Nasty Plot|p2a: Pecharunt
|-boost|p2a: Pecharunt|spa|2
|
|upkeep
|turn|18
|
|t:|1779842787
|switch|p2a: Landorus|Landorus-Therian, M|45/100 tox
|-ability|p2a: Landorus|Intimidate|boost
|-unboost|p1a: Ting-Lu|atk|1
|move|p1a: Ting-Lu|Whirlwind|p2a: Landorus
|drag|p2a: Deoxys|Deoxys-Speed|100/100
|-status|p2a: Deoxys|tox
|-ability|p2a: Deoxys|Pressure
|
|-damage|p2a: Deoxys|94/100 tox|[from] psn
|upkeep
|turn|19
|
|t:|1779842792
|switch|p2a: Pecharunt|Pecharunt|100/100
|-sideend|p2: dj ivis|move: Toxic Spikes|[of] p2a: Pecharunt
|move|p1a: Ting-Lu|Stealth Rock|p2a: Pecharunt
|-sidestart|p2: dj ivis|move: Stealth Rock
|
|upkeep
|turn|20
|
|t:|1779842799
|switch|p2a: Deoxys|Deoxys-Speed|94/100 tox
|-damage|p2a: Deoxys|82/100 tox|[from] Stealth Rock
|-ability|p2a: Deoxys|Pressure
|move|p1a: Ting-Lu|Ruination|p2a: Deoxys
|-damage|p2a: Deoxys|41/100 tox
|
|-damage|p2a: Deoxys|35/100 tox|[from] psn
|upkeep
|turn|21
|
|t:|1779842804
|move|p2a: Deoxys|Superpower|p1a: Ting-Lu
|-supereffective|p1a: Ting-Lu
|-damage|p1a: Ting-Lu|56/100
|-unboost|p2a: Deoxys|atk|1
|-unboost|p2a: Deoxys|def|1
|-damage|p2a: Deoxys|18/100 tox|[from] item: Rocky Helmet|[of] p1a: Ting-Lu
|move|p1a: Ting-Lu|Whirlwind|p2a: Deoxys
|drag|p2a: Iron Valiant|Iron Valiant|100/100
|-damage|p2a: Iron Valiant|94/100|[from] Stealth Rock
|-enditem|p2a: Iron Valiant|Booster Energy
|-activate|p2a: Iron Valiant|ability: Quark Drive|[fromitem]
|-start|p2a: Iron Valiant|quarkdrivespe
|
|upkeep
|turn|22
|
|t:|1779842808
|move|p2a: Iron Valiant|Close Combat|p1a: Ting-Lu
|-supereffective|p1a: Ting-Lu
|-damage|p1a: Ting-Lu|0 fnt
|-unboost|p2a: Iron Valiant|def|1
|-unboost|p2a: Iron Valiant|spd|1
|-damage|p2a: Iron Valiant|78/100|[from] item: Rocky Helmet|[of] p1a: Ting-Lu
|faint|p1a: Ting-Lu
|
|upkeep
|
|t:|1779842817
|switch|p1a: Iron Crown|Iron Crown|100/100
|-damage|p1a: Iron Crown|94/100|[from] Stealth Rock
|-enditem|p1a: Iron Crown|Booster Energy
|-activate|p1a: Iron Crown|ability: Quark Drive|[fromitem]
|-start|p1a: Iron Crown|quarkdrivespe
|turn|23
|
|t:|1779842822
|move|p2a: Iron Valiant|Knock Off|p1a: Iron Crown
|-supereffective|p1a: Iron Crown
|-damage|p1a: Iron Crown|56/100
|move|p1a: Iron Crown|Psychic|p2a: Iron Valiant
|-supereffective|p2a: Iron Valiant
|-damage|p2a: Iron Valiant|0 fnt
|faint|p2a: Iron Valiant
|-end|p2a: Iron Valiant|Quark Drive|[silent]
|
|upkeep
|
|t:|1779842828
|switch|p2a: Deoxys|Deoxys-Speed|18/100 tox
|-damage|p2a: Deoxys|6/100 tox|[from] Stealth Rock
|-ability|p2a: Deoxys|Pressure
|turn|24
|
|t:|1779842832
|move|p1a: Iron Crown|Calm Mind|p1a: Iron Crown
|-boost|p1a: Iron Crown|spa|1
|-boost|p1a: Iron Crown|spd|1
|move|p2a: Deoxys|Superpower|p1a: Iron Crown
|-crit|p1a: Iron Crown
|-damage|p1a: Iron Crown|5/100
|-unboost|p2a: Deoxys|atk|1
|-unboost|p2a: Deoxys|def|1
|
|-damage|p2a: Deoxys|0 fnt|[from] psn
|faint|p2a: Deoxys
|upkeep
|
|t:|1779842848
|switch|p2a: Landorus|Landorus-Therian, M|45/100 tox
|-damage|p2a: Landorus|32/100 tox|[from] Stealth Rock
|-ability|p2a: Landorus|Intimidate|boost
|-unboost|p1a: Iron Crown|atk|1
|turn|25
|
|t:|1779842852
|move|p1a: Iron Crown|Tachyon Cutter|p2a: Landorus
|-damage|p2a: Landorus|0 fnt
|faint|p2a: Landorus
|-hitcount|p2: Landorus|1
|
|upkeep
|
|t:|1779842855
|switch|p2a: Kingambit|Kingambit, F|100/100
|-damage|p2a: Kingambit|94/100|[from] Stealth Rock
|-activate|p2a: Kingambit|ability: Supreme Overlord
|-start|p2a: Kingambit|fallen4|[silent]
|turn|26
|
|t:|1779842859
|move|p2a: Kingambit|Sucker Punch|p1a: Iron Crown
|-supereffective|p1a: Iron Crown
|-damage|p1a: Iron Crown|0 fnt
|faint|p1a: Iron Crown
|-end|p1a: Iron Crown|Quark Drive|[silent]
|
|-heal|p2a: Kingambit|100/100|[from] item: Leftovers
|upkeep
|
|t:|1779842861
|switch|p1a: Kingambit|Kingambit, M|100/100
|-damage|p1a: Kingambit|94/100|[from] Stealth Rock
|-activate|p1a: Kingambit|ability: Supreme Overlord
|-start|p1a: Kingambit|fallen3|[silent]
|-item|p1a: Kingambit|Air Balloon
|turn|27
|
|t:|1779842866
|-terastallize|p2a: Kingambit|Fighting
|move|p1a: Kingambit|Low Kick|p2a: Kingambit
|-damage|p2a: Kingambit|62/100
|move|p2a: Kingambit|Low Kick|p1a: Kingambit
|-supereffective|p1a: Kingambit
|-damage|p1a: Kingambit|0 fnt
|-enditem|p1a: Kingambit|Air Balloon
|faint|p1a: Kingambit
|-end|p1a: Kingambit|fallen3|[silent]
|
|-heal|p2a: Kingambit|69/100|[from] item: Leftovers
|upkeep
|
|t:|1779842870
|switch|p1a: Gliscor|Gliscor, F|43/100 tox
|-damage|p1a: Gliscor|30/100 tox|[from] Stealth Rock
|turn|28
|
|t:|1779842875
|-terastallize|p1a: Gliscor|Fairy
|move|p1a: Gliscor|Toxic|p2a: Kingambit
|-status|p2a: Kingambit|tox
|move|p2a: Kingambit|Iron Head|p1a: Gliscor
|-supereffective|p1a: Gliscor
|-damage|p1a: Gliscor|0 fnt
|faint|p1a: Gliscor
|
|-heal|p2a: Kingambit|75/100 tox|[from] item: Leftovers
|-damage|p2a: Kingambit|69/100 tox|[from] psn
|upkeep
|
|t:|1779842879
|switch|p1a: Ogerpon|Ogerpon-Wellspring, F|25/100
|-damage|p1a: Ogerpon|13/100|[from] Stealth Rock
|turn|29
|
|t:|1779842885
|move|p1a: Ogerpon|Ivy Cudgel|p2a: Kingambit|[anim] Ivy Cudgel Water
|-damage|p2a: Kingambit|18/100 tox
|move|p2a: Kingambit|Low Kick|p1a: Ogerpon
|-damage|p1a: Ogerpon|0 fnt
|faint|p1a: Ogerpon
|
|win|dj ivis
