|j|☆weirdapricot
|j|☆Gary88
|t:|1779806776
|gametype|singles
|player|p1|weirdapricot|backpacker|1323
|player|p2|Gary88|170|1336
|gen|9
|tier|[Gen 9] OU
|rated|
|rule|HP Percentage Mod: HP is shown in percentages
|rule|Endless Battle Clause: Forcing endless battles is banned
|rule|Species Clause: Limit one of each Pokémon
|rule|OHKO Clause: OHKO moves are banned
|rule|Evasion Items Clause: Evasion items are banned
|rule|Evasion Moves Clause: Evasion moves are banned
|rule|Evasion Abilities Clause: Evasion abilities are banned
|rule|Sleep Moves Clause: Sleep-inducing moves are banned
|clearpoke
|poke|p1|Moltres-Galar|
|poke|p1|Ogerpon-Wellspring, F|
|poke|p1|Deoxys-Speed|
|poke|p1|Zamazenta-*|
|poke|p1|Glimmora, M|
|poke|p1|Armarouge, F|
|poke|p2|Hatterene, F|
|poke|p2|Ogerpon-Cornerstone, F|
|poke|p2|Zamazenta-*|
|poke|p2|Raging Bolt|
|poke|p2|Pecharunt|
|poke|p2|Suicune|
|teampreview
|l|☆weirdapricot
|player|p1|
|
|t:|1779806792
|teamsize|p1|6
|teamsize|p2|6
|start
|switch|p1a: Deoxys|Deoxys-Speed|100/100
|switch|p2a: Pecharunt|Pecharunt|100/100
|-ability|p1a: Deoxys|Pressure
|turn|1
|j|☆weirdapricot
|player|p1|weirdapricot|backpacker|
|inactive|Battle timer is ON: inactive players will automatically lose when time's up. (requested by Gary88)
|
|t:|1779806811
|switch|p2a: Hatterene|Hatterene, F|100/100
|move|p1a: Deoxys|Light Screen|p1a: Deoxys
|-sidestart|p1: weirdapricot|move: Light Screen
|
|upkeep
|turn|2
|
|t:|1779806815
|move|p1a: Deoxys|Reflect|p1a: Deoxys
|-sidestart|p1: weirdapricot|Reflect
|move|p2a: Hatterene|Nuzzle|p1a: Deoxys
|-damage|p1a: Deoxys|98/100
|-status|p1a: Deoxys|par
|
|upkeep
|turn|3
|
|t:|1779806821
|switch|p1a: Glimmora|Glimmora, M|100/100
|move|p2a: Hatterene|Nuzzle|p1a: Glimmora
|-damage|p1a: Glimmora|98/100
|-status|p1a: Glimmora|par
|-activate|p1a: Glimmora|ability: Toxic Debris
|-sidestart|p2: Gary88|move: Toxic Spikes
|
|upkeep
|turn|4
|
|t:|1779806834
|-terastallize|p2a: Hatterene|Psychic
|cant|p1a: Glimmora|par
|move|p2a: Hatterene|Calm Mind|p2a: Hatterene
|-boost|p2a: Hatterene|spa|1
|-boost|p2a: Hatterene|spd|1
|
|upkeep
|turn|5
|
|t:|1779806844
|move|p1a: Glimmora|Meteor Beam||[still]
|-prepare|p1a: Glimmora|Meteor Beam
|-boost|p1a: Glimmora|spa|1
|-enditem|p1a: Glimmora|Power Herb
|-anim|p1a: Glimmora|Meteor Beam|p2a: Hatterene
|-damage|p2a: Hatterene|34/100
|move|p2a: Hatterene|Psychic|p1a: Glimmora
|-supereffective|p1a: Glimmora
|-damage|p1a: Glimmora|0 fnt
|faint|p1a: Glimmora
|
|-heal|p2a: Hatterene|39/100|[from] item: Leftovers
|upkeep
|
|t:|1779806849
|switch|p1a: Moltres|Moltres-Galar|100/100
|turn|6
|
|t:|1779806863
|switch|p2a: Suicune|Suicune|100/100
|-status|p2a: Suicune|psn
|-ability|p2a: Suicune|Pressure
|move|p1a: Moltres|Fiery Wrath|p2a: Suicune
|-damage|p2a: Suicune|76/100 psn
|
|-heal|p2a: Suicune|82/100 psn|[from] item: Leftovers
|-damage|p2a: Suicune|70/100 psn|[from] psn
|upkeep
|turn|7
|
|t:|1779806875
|move|p1a: Moltres|Nasty Plot|p1a: Moltres
|-boost|p1a: Moltres|spa|2
|move|p2a: Suicune|Ice Beam|p1a: Moltres
|-supereffective|p1a: Moltres
|-damage|p1a: Moltres|84/100
|
|-heal|p2a: Suicune|76/100 psn|[from] item: Leftovers
|-damage|p2a: Suicune|63/100 psn|[from] psn
|upkeep
|turn|8
|
|t:|1779806884
|move|p1a: Moltres|Agility|p1a: Moltres
|-boost|p1a: Moltres|spe|2
|move|p2a: Suicune|Roar|p1a: Moltres
|drag|p1a: Deoxys|Deoxys-Speed|98/100 par
|-ability|p1a: Deoxys|Pressure
|
|-heal|p2a: Suicune|70/100 psn|[from] item: Leftovers
|-damage|p2a: Suicune|57/100 psn|[from] psn
|-sideend|p1: weirdapricot|move: Light Screen
|upkeep
|turn|9
|
|t:|1779806896
|move|p1a: Deoxys|Taunt|p2a: Suicune
|-start|p2a: Suicune|move: Taunt
|cant|p2a: Suicune|move: Taunt|Calm Mind
|
|-heal|p2a: Suicune|63/100 psn|[from] item: Leftovers
|-damage|p2a: Suicune|51/100 psn|[from] psn
|-sideend|p1: weirdapricot|Reflect
|upkeep
|turn|10
|
|t:|1779806904
|cant|p1a: Deoxys|par
|move|p2a: Suicune|Scald|p1a: Deoxys
|-damage|p1a: Deoxys|65/100 par
|
|-heal|p2a: Suicune|57/100 psn|[from] item: Leftovers
|-damage|p2a: Suicune|45/100 psn|[from] psn
|upkeep
|turn|11
|
|t:|1779806911
|move|p1a: Deoxys|Light Screen|p1a: Deoxys
|-sidestart|p1: weirdapricot|move: Light Screen
|move|p2a: Suicune|Ice Beam|p1a: Deoxys
|-damage|p1a: Deoxys|52/100 par
|
|-heal|p2a: Suicune|51/100 psn|[from] item: Leftovers
|-damage|p2a: Suicune|39/100 psn|[from] psn
|-end|p2a: Suicune|move: Taunt
|upkeep
|turn|12
|
|t:|1779806919
|move|p1a: Deoxys|Taunt|p2a: Suicune
|-start|p2a: Suicune|move: Taunt
|move|p2a: Suicune|Scald|p1a: Deoxys
|-damage|p1a: Deoxys|35/100 par
|
|-heal|p2a: Suicune|45/100 psn|[from] item: Leftovers
|-damage|p2a: Suicune|32/100 psn|[from] psn
|upkeep
|turn|13
|
|t:|1779806928
|switch|p1a: Ogerpon|Ogerpon-Wellspring, F|100/100
|move|p2a: Suicune|Scald|p1a: Ogerpon
|-immune|p1a: Ogerpon|[from] ability: Water Absorb
|
|-heal|p2a: Suicune|39/100 psn|[from] item: Leftovers
|-damage|p2a: Suicune|26/100 psn|[from] psn
|upkeep
|turn|14
|
|t:|1779806939
|move|p1a: Ogerpon|Trailblaze|p2a: Suicune
|-supereffective|p2a: Suicune
|-damage|p2a: Suicune|0 fnt
|-boost|p1a: Ogerpon|spe|1
|faint|p2a: Suicune
|
|upkeep
|
|t:|1779806945
|switch|p2a: Pecharunt|Pecharunt|100/100
|-sideend|p2: Gary88|move: Toxic Spikes|[of] p2a: Pecharunt
|turn|15
|
|t:|1779806951
|switch|p1a: Deoxys|Deoxys-Speed|35/100 par
|-ability|p1a: Deoxys|Pressure
|move|p2a: Pecharunt|Malignant Chain|p1a: Deoxys
|-damage|p1a: Deoxys|15/100 par
|
|upkeep
|turn|16
|
|t:|1779806959
|move|p2a: Pecharunt|Hex|p1a: Deoxys
|-supereffective|p1a: Deoxys
|-damage|p1a: Deoxys|0 fnt
|faint|p1a: Deoxys
|
|upkeep
|
|t:|1779806962
|switch|p1a: Moltres|Moltres-Galar|84/100
|turn|17
|
|t:|1779806967
|move|p2a: Pecharunt|Malignant Chain|p1a: Moltres
|-damage|p1a: Moltres|71/100
|move|p1a: Moltres|Agility|p1a: Moltres
|-boost|p1a: Moltres|spe|2
|
|upkeep
|turn|18
|
|t:|1779806977
|move|p1a: Moltres|Fiery Wrath|p2a: Pecharunt
|-supereffective|p2a: Pecharunt
|-damage|p2a: Pecharunt|15/100
|move|p2a: Pecharunt|Malignant Chain|p1a: Moltres
|-damage|p1a: Moltres|56/100
|
|-sideend|p1: weirdapricot|move: Light Screen
|upkeep
|turn|19
|
|t:|1779806984
|move|p1a: Moltres|Fiery Wrath|p2a: Pecharunt
|-supereffective|p2a: Pecharunt
|-damage|p2a: Pecharunt|0 fnt
|faint|p2a: Pecharunt
|
|upkeep
|
|t:|1779806989
|switch|p2a: Raging Bolt|Raging Bolt|100/100
|-enditem|p2a: Raging Bolt|Booster Energy
|-activate|p2a: Raging Bolt|ability: Protosynthesis|[fromitem]
|-start|p2a: Raging Bolt|protosynthesisspa
|turn|20
|
|t:|1779806999
|move|p1a: Moltres|Fiery Wrath|p2a: Raging Bolt
|-damage|p2a: Raging Bolt|59/100
|cant|p2a: Raging Bolt|flinch
|
|upkeep
|turn|21
|
|t:|1779807005
|move|p2a: Raging Bolt|Thunderclap|p1a: Moltres
|-supereffective|p1a: Moltres
|-damage|p1a: Moltres|0 fnt
|faint|p1a: Moltres
|
|upkeep
|
|t:|1779807007
|switch|p1a: Ogerpon|Ogerpon-Wellspring, F|100/100
|turn|22
|
|t:|1779807016
|move|p2a: Raging Bolt|Thunderclap|p1a: Ogerpon
|-damage|p1a: Ogerpon|42/100
|move|p1a: Ogerpon|Play Rough|p2a: Raging Bolt
|-supereffective|p2a: Raging Bolt
|-damage|p2a: Raging Bolt|0 fnt
|faint|p2a: Raging Bolt
|-end|p2a: Raging Bolt|Protosynthesis|[silent]
|
|upkeep
|
|t:|1779807033
|switch|p2a: Ogerpon|Ogerpon-Cornerstone, F|100/100
|turn|23
|
|t:|1779807042
|move|p2a: Ogerpon|Ivy Cudgel|p1a: Ogerpon|[anim] Ivy Cudgel Rock
|-damage|p1a: Ogerpon|0 fnt
|faint|p1a: Ogerpon
|
|upkeep
|
|t:|1779807046
|switch|p1a: Zamazenta|Zamazenta|100/100
|-ability|p1a: Zamazenta|Dauntless Shield|boost
|-boost|p1a: Zamazenta|def|1
|turn|24
|
|t:|1779807053
|switch|p2a: Hatterene|Hatterene, F, tera:Psychic|39/100
|move|p1a: Zamazenta|Iron Defense|p1a: Zamazenta
|-boost|p1a: Zamazenta|def|2
|
|-heal|p2a: Hatterene|45/100|[from] item: Leftovers
|upkeep
|turn|25
|
|t:|1779807063
|move|p1a: Zamazenta|Body Press|p2a: Hatterene
|-resisted|p2a: Hatterene
|-damage|p2a: Hatterene|4/100
|move|p2a: Hatterene|Nuzzle|p1a: Zamazenta
|-damage|p1a: Zamazenta|99/100
|-status|p1a: Zamazenta|par
|
|-heal|p1a: Zamazenta|100/100 par|[from] item: Leftovers
|-heal|p2a: Hatterene|10/100|[from] item: Leftovers
|upkeep
|turn|26
|
|t:|1779807072
|cant|p1a: Zamazenta|par
|move|p2a: Hatterene|Psychic|p1a: Zamazenta
|-supereffective|p1a: Zamazenta
|-damage|p1a: Zamazenta|8/100 par
|-unboost|p1a: Zamazenta|spd|1
|
|-heal|p1a: Zamazenta|14/100 par|[from] item: Leftovers
|-heal|p2a: Hatterene|16/100|[from] item: Leftovers
|upkeep
|turn|27
|
|t:|1779807081
|move|p1a: Zamazenta|Body Press|p2a: Hatterene
|-resisted|p2a: Hatterene
|-damage|p2a: Hatterene|0 fnt
|faint|p2a: Hatterene
|
|-heal|p1a: Zamazenta|20/100 par|[from] item: Leftovers
|upkeep
|
|t:|1779807096
|switch|p2a: Zamazenta|Zamazenta|100/100
|-ability|p2a: Zamazenta|Dauntless Shield|boost
|-boost|p2a: Zamazenta|def|1
|turn|28
|
|t:|1779807100
|move|p2a: Zamazenta|Iron Defense|p2a: Zamazenta
|-boost|p2a: Zamazenta|def|2
|move|p1a: Zamazenta|Body Press|p2a: Zamazenta
|-damage|p2a: Zamazenta|72/100
|
|-heal|p2a: Zamazenta|78/100|[from] item: Leftovers
|-heal|p1a: Zamazenta|27/100 par|[from] item: Leftovers
|upkeep
|turn|29
|
|t:|1779807107
|move|p2a: Zamazenta|Body Press|p1a: Zamazenta
|-damage|p1a: Zamazenta|1/100 par
|move|p1a: Zamazenta|Roar|p2a: Zamazenta
|drag|p2a: Ogerpon|Ogerpon-Cornerstone, F|100/100
|
|-heal|p1a: Zamazenta|8/100 par|[from] item: Leftovers
|upkeep
|turn|30
|
|t:|1779807115
|move|p2a: Ogerpon|Ivy Cudgel|p1a: Zamazenta|[anim] Ivy Cudgel Rock
|-resisted|p1a: Zamazenta
|-crit|p1a: Zamazenta
|-damage|p1a: Zamazenta|0 fnt
|faint|p1a: Zamazenta
|
|upkeep
|
|t:|1779807118
|switch|p1a: Shannon|Armarouge, F|100/100
|turn|31
|
|t:|1779807122
|move|p1a: Shannon|Endure|p1a: Shannon
|-singleturn|p1a: Shannon|move: Endure
|move|p2a: Ogerpon|Knock Off|p1a: Shannon
|-supereffective|p1a: Shannon
|-damage|p1a: Shannon|9/100
|-ability|p1a: Shannon|Weak Armor|boost
|-unboost|p1a: Shannon|def|1
|-boost|p1a: Shannon|spe|2
|-enditem|p1a: Shannon|Weakness Policy
|-boost|p1a: Shannon|atk|2|[from] item: Weakness Policy
|-boost|p1a: Shannon|spa|2|[from] item: Weakness Policy
|
|upkeep
|turn|32
|
|t:|1779807132
|move|p1a: Shannon|Stored Power|p2a: Ogerpon
|-ability|p2a: Ogerpon|Sturdy
|-damage|p2a: Ogerpon|1/100
|move|p2a: Ogerpon|Ivy Cudgel|p1a: Shannon|[anim] Ivy Cudgel Rock
|-supereffective|p1a: Shannon
|-damage|p1a: Shannon|0 fnt
|faint|p1a: Shannon
|
|win|Gary88
|raw|weirdapricot's rating: 1323 &rarr; <strong>1304</strong><br />(-19 for losing)
|raw|Gary88's rating: 1336 &rarr; <strong>1355</strong><br />(+19 for winning)
|l|☆weirdapricot
|player|p1|
