|j|☆Leeckt
|j|☆e7373jh3
|t:|1779963488
|gametype|singles
|player|p1|Leeckt|clerk|1185
|player|p2|e7373jh3|102|1181
|gen|9
|tier|[Gen 9] OU
|rated|
|rule|HP Percentage Mod: HP is shown in percentages
|rule|Endless Battle Clause: Forcing endless battles is banned
|rule|Species Clause: Limit one of each Pokémon
|rule|OHKO Clause: OHKO moves are banned
|rule|Evasion Items Clause: Evasion items are banned
|rule|Evasion Moves Clause: Evasion moves are banned
|rule|Evasion Abilities Clause: Evasion abilities are banned
|rule|Sleep Moves Clause: Sleep-inducing moves are banned
|clearpoke
|poke|p1|Conkeldurr, F|
|poke|p1|Lokix, M|
|poke|p1|Greninja-*, M|
|poke|p1|Ceruledge, M|
|poke|p1|Weezing-Galar, M|
|poke|p1|Slowking-Galar, F|
|poke|p2|Ditto|
|poke|p2|Clefable, F|
|poke|p2|Toxapex, F|
|poke|p2|Garganacl, F|
|poke|p2|Mew|
|poke|p2|Rotom-Wash|
|teampreview
|inactive|Battle timer is ON: inactive players will automatically lose when time's up. (requested by e7373jh3)
|
|t:|1779963520
|teamsize|p1|6
|teamsize|p2|6
|start
|switch|p1a: Slowking|Slowking-Galar, F, shiny|100/100
|switch|p2a: Rotom|Rotom-Wash|100/100
|turn|1
|
|t:|1779963526
|move|p2a: Rotom|Trick|p1a: Slowking
|-activate|p2a: Rotom|move: Trick|[of] p1a: Slowking
|-item|p1a: Slowking|Choice Scarf|[from] move: Trick
|-item|p2a: Rotom|Assault Vest|[from] move: Trick
|move|p1a: Slowking|Sludge Bomb|p2a: Rotom
|-damage|p2a: Rotom|79/100
|
|upkeep
|turn|2
|
|t:|1779963541
|move|p2a: Rotom|Volt Switch|p1a: Slowking
|-crit|p1a: Slowking
|-damage|p1a: Slowking|72/100
|
|t:|1779963544
|switch|p2a: Mew|Mew|100/100|[from] Volt Switch
|move|p1a: Slowking|Sludge Bomb|p2a: Mew
|-damage|p2a: Mew|63/100
|
|upkeep
|turn|3
|
|t:|1779963550
|move|p2a: Mew|Stealth Rock|p1a: Slowking
|-sidestart|p1: Leeckt|move: Stealth Rock
|move|p1a: Slowking|Sludge Bomb|p2a: Mew
|-damage|p2a: Mew|27/100
|-status|p2a: Mew|psn
|-activate|p2a: Mew|ability: Synchronize
|-immune|p1a: Slowking
|
|-damage|p2a: Mew|15/100 psn|[from] psn
|upkeep
|turn|4
|
|t:|1779963559
|switch|p2a: Toxapex|Toxapex, F|100/100
|move|p1a: Slowking|Sludge Bomb|p2a: Toxapex
|-resisted|p2a: Toxapex
|-damage|p2a: Toxapex|82/100
|
|-heal|p2a: Toxapex|88/100|[from] item: Black Sludge
|upkeep
|turn|5
|
|t:|1779963569
|switch|p1a: Weezing|Weezing-Galar, M|100/100
|-ability|p1a: Weezing|Neutralizing Gas
|-damage|p1a: Weezing|88/100|[from] Stealth Rock
|move|p2a: Toxapex|Liquidation|p1a: Weezing
|-damage|p1a: Weezing|75/100
|
|-heal|p1a: Weezing|81/100|[from] item: Black Sludge
|-heal|p2a: Toxapex|95/100|[from] item: Black Sludge
|upkeep
|turn|6
|
|t:|1779963576
|switch|p2a: Rotom|Rotom-Wash|79/100
|move|p1a: Weezing|Will-O-Wisp|p2a: Rotom
|-status|p2a: Rotom|brn
|
|-heal|p1a: Weezing|87/100|[from] item: Black Sludge
|-damage|p2a: Rotom|73/100 brn|[from] brn
|upkeep
|turn|7
|
|t:|1779963588
|move|p2a: Rotom|Volt Switch|p1a: Weezing
|-damage|p1a: Weezing|52/100
|
|t:|1779963592
|switch|p2a: Garganacl|Garganacl, F|100/100|[from] Volt Switch
|move|p1a: Weezing|Defog|p2a: Garganacl
|-unboost|p2a: Garganacl|evasion|1
|-sideend|p1: Leeckt|Stealth Rock|[from] move: Defog|[of] p1a: Weezing
|
|-heal|p1a: Weezing|58/100|[from] item: Black Sludge
|upkeep
|turn|8
|
|t:|1779963600
|-end|p1a: Weezing|ability: Neutralizing Gas
|switch|p1a: Conkeldurr|Conkeldurr, F|100/100
|move|p2a: Garganacl|Salt Cure|p1a: Conkeldurr
|-resisted|p1a: Conkeldurr
|-damage|p1a: Conkeldurr|95/100
|-start|p1a: Conkeldurr|Salt Cure
|
|-heal|p1a: Conkeldurr|100/100|[from] item: Leftovers
|-damage|p1a: Conkeldurr|88/100|[from] Salt Cure
|upkeep
|turn|9
|
|t:|1779963611
|switch|p2a: Toxapex|Toxapex, F|95/100
|move|p1a: Conkeldurr|Drain Punch|p2a: Toxapex
|-resisted|p2a: Toxapex
|-damage|p2a: Toxapex|83/100
|-heal|p1a: Conkeldurr|92/100|[from] drain|[of] p2a: Toxapex
|
|-heal|p1a: Conkeldurr|98/100|[from] item: Leftovers
|-heal|p2a: Toxapex|90/100|[from] item: Black Sludge
|-damage|p1a: Conkeldurr|86/100|[from] Salt Cure
|upkeep
|turn|10
|
|t:|1779963627
|move|p1a: Conkeldurr|Bulk Up|p1a: Conkeldurr
|-boost|p1a: Conkeldurr|atk|1
|-boost|p1a: Conkeldurr|def|1
|move|p2a: Toxapex|Toxic|p1a: Conkeldurr
|-status|p1a: Conkeldurr|tox
|
|-heal|p1a: Conkeldurr|92/100 tox|[from] item: Leftovers
|-heal|p2a: Toxapex|96/100|[from] item: Black Sludge
|-damage|p1a: Conkeldurr|86/100 tox|[from] psn
|-damage|p1a: Conkeldurr|74/100 tox|[from] Salt Cure
|upkeep
|turn|11
|
|t:|1779963638
|move|p1a: Conkeldurr|Drain Punch|p2a: Toxapex
|-resisted|p2a: Toxapex
|-damage|p2a: Toxapex|70/100
|-heal|p1a: Conkeldurr|83/100 tox|[from] drain|[of] p2a: Toxapex
|move|p2a: Toxapex|Haze|p2a: Toxapex
|-clearallboost
|
|-heal|p1a: Conkeldurr|89/100 tox|[from] item: Leftovers
|-heal|p2a: Toxapex|76/100|[from] item: Black Sludge
|-damage|p1a: Conkeldurr|77/100 tox|[from] psn
|-damage|p1a: Conkeldurr|65/100 tox|[from] Salt Cure
|upkeep
|turn|12
|
|t:|1779963653
|switch|p1a: Weezing|Weezing-Galar, M|58/100
|-ability|p1a: Weezing|Neutralizing Gas
|move|p2a: Toxapex|Liquidation|p1a: Weezing
|-damage|p1a: Weezing|46/100
|
|-heal|p1a: Weezing|52/100|[from] item: Black Sludge
|-heal|p2a: Toxapex|82/100|[from] item: Black Sludge
|upkeep
|turn|13
|
|t:|1779963658
|switch|p2a: Garganacl|Garganacl, F|100/100
|move|p1a: Weezing|Pain Split|p2a: Garganacl
|-sethp|p2a: Garganacl|72/100|[from] move: Pain Split|[silent]
|-sethp|p1a: Weezing|86/100|[from] move: Pain Split
|
|-heal|p1a: Weezing|92/100|[from] item: Black Sludge
|-heal|p2a: Garganacl|78/100|[from] item: Leftovers
|upkeep
|turn|14
|
|t:|1779963667
|move|p1a: Weezing|Will-O-Wisp|p2a: Garganacl
|-status|p2a: Garganacl|brn
|move|p2a: Garganacl|Salt Cure|p1a: Weezing
|-damage|p1a: Weezing|88/100
|-start|p1a: Weezing|Salt Cure
|
|-heal|p1a: Weezing|94/100|[from] item: Black Sludge
|-heal|p2a: Garganacl|84/100 brn|[from] item: Leftovers
|-damage|p2a: Garganacl|78/100 brn|[from] brn
|-damage|p1a: Weezing|82/100|[from] Salt Cure
|upkeep
|turn|15
|
|t:|1779963685
|move|p1a: Weezing|Strange Steam|p2a: Garganacl
|-damage|p2a: Garganacl|58/100 brn
|-start|p2a: Garganacl|confusion
|-activate|p2a: Garganacl|confusion
|-damage|p2a: Garganacl|52/100 brn|[from] confusion
|
|-heal|p1a: Weezing|88/100|[from] item: Black Sludge
|-heal|p2a: Garganacl|58/100 brn|[from] item: Leftovers
|-damage|p2a: Garganacl|52/100 brn|[from] brn
|-damage|p1a: Weezing|75/100|[from] Salt Cure
|upkeep
|turn|16
|
|t:|1779963698
|-end|p1a: Weezing|ability: Neutralizing Gas
|switch|p1a: Greninja|Greninja, M|100/100
|-activate|p2a: Garganacl|confusion
|-damage|p2a: Garganacl|45/100 brn|[from] confusion
|
|-heal|p2a: Garganacl|51/100 brn|[from] item: Leftovers
|-damage|p2a: Garganacl|45/100 brn|[from] brn
|upkeep
|turn|17
|
|t:|1779963704
|-terastallize|p2a: Garganacl|Water
|move|p1a: Greninja|Grass Knot|p2a: Garganacl
|-supereffective|p2a: Garganacl
|-damage|p2a: Garganacl|0 fnt
|faint|p2a: Garganacl
|-ability|p1a: Greninja|Battle Bond|boost
|-boost|p1a: Greninja|atk|1
|-boost|p1a: Greninja|spa|1
|-boost|p1a: Greninja|spe|1
|-activate|p1a: Greninja|ability: Battle Bond
|-damage|p1a: Greninja|91/100|[from] item: Life Orb
|
|upkeep
|
|t:|1779963709
|switch|p2a: Ditto|Ditto|100/100
|-transform|p2a: Ditto|p1a: Greninja|[from] ability: Imposter
|turn|18
|
|t:|1779963717
|move|p2a: Ditto|Dark Pulse|p1a: Greninja
|-resisted|p1a: Greninja
|-damage|p1a: Greninja|45/100
|move|p1a: Greninja|Grass Knot|p2a: Ditto
|-supereffective|p2a: Ditto
|-damage|p2a: Ditto|0 fnt
|faint|p2a: Ditto
|-damage|p1a: Greninja|36/100|[from] item: Life Orb
|
|upkeep
|
|t:|1779963722
|switch|p2a: Rotom|Rotom-Wash|73/100 brn
|turn|19
|
|t:|1779963729
|move|p1a: Greninja|Grass Knot|p2a: Rotom
|-supereffective|p2a: Rotom
|-damage|p2a: Rotom|61/100 brn
|-damage|p1a: Greninja|26/100|[from] item: Life Orb
|move|p2a: Rotom|Volt Switch|p1a: Greninja
|-supereffective|p1a: Greninja
|-crit|p1a: Greninja
|-damage|p1a: Greninja|0 fnt
|faint|p1a: Greninja
|
|t:|1779963737
|switch|p2a: Toxapex|Toxapex, F|82/100|[from] Volt Switch
|
|-heal|p2a: Toxapex|88/100|[from] item: Black Sludge
|upkeep
|
|t:|1779963754
|switch|p1a: Weezing|Weezing-Galar, M|75/100
|-ability|p1a: Weezing|Neutralizing Gas
|turn|20
|
|t:|1779963757
|switch|p2a: Mew|Mew|15/100 psn
|move|p1a: Weezing|Will-O-Wisp||[still]
|-fail|p1a: Weezing
|
|-heal|p1a: Weezing|81/100|[from] item: Black Sludge
|-damage|p2a: Mew|3/100 psn|[from] psn
|upkeep
|turn|21
|
|t:|1779963766
|move|p2a: Mew|Stealth Rock|p1a: Weezing
|-sidestart|p1: Leeckt|move: Stealth Rock
|move|p1a: Weezing|Strange Steam|p2a: Mew
|-damage|p2a: Mew|0 fnt
|faint|p2a: Mew
|
|-heal|p1a: Weezing|87/100|[from] item: Black Sludge
|upkeep
|
|t:|1779963771
|switch|p2a: Rotom|Rotom-Wash|61/100 brn
|turn|22
|
|t:|1779963778
|switch|p2a: Toxapex|Toxapex, F|88/100
|-end|p1a: Weezing|ability: Neutralizing Gas
|switch|p1a: Slowking|Slowking-Galar, F, shiny|100/100
|-damage|p1a: Slowking|88/100|[from] Stealth Rock
|
|-heal|p2a: Toxapex|95/100|[from] item: Black Sludge
|upkeep
|turn|23
|
|t:|1779963783
|move|p1a: Slowking|Psyshock|p2a: Toxapex
|-supereffective|p2a: Toxapex
|-damage|p2a: Toxapex|43/100
|move|p2a: Toxapex|Liquidation|p1a: Slowking
|-damage|p1a: Slowking|68/100
|
|-heal|p2a: Toxapex|49/100|[from] item: Black Sludge
|upkeep
|turn|24
|
|t:|1779963790
|switch|p2a: Rotom|Rotom-Wash|61/100 brn
|move|p1a: Slowking|Psyshock|p2a: Rotom
|-damage|p2a: Rotom|14/100 brn
|
|-damage|p2a: Rotom|8/100 brn|[from] brn
|upkeep
|turn|25
|
|t:|1779963797
|move|p2a: Rotom|Volt Switch|p1a: Slowking
|-damage|p1a: Slowking|48/100
|
|t:|1779963801
|switch|p2a: Clefable|Clefable, F|100/100|[from] Volt Switch
|move|p1a: Slowking|Psyshock|p2a: Clefable
|-damage|p2a: Clefable|59/100
|
|-heal|p2a: Clefable|65/100|[from] item: Leftovers
|upkeep
|turn|26
|
|t:|1779963812
|switch|p1a: Weezing|Weezing-Galar, M|87/100
|-ability|p1a: Weezing|Neutralizing Gas
|-damage|p1a: Weezing|75/100|[from] Stealth Rock
|move|p2a: Clefable|Moonlight|p2a: Clefable
|-heal|p2a: Clefable|100/100
|
|-heal|p1a: Weezing|81/100|[from] item: Black Sludge
|upkeep
|turn|27
|
|t:|1779963819
|move|p2a: Clefable|Cosmic Power|p2a: Clefable
|-boost|p2a: Clefable|def|1
|-boost|p2a: Clefable|spd|1
|move|p1a: Weezing|Defog|p2a: Clefable
|-unboost|p2a: Clefable|evasion|1
|-sideend|p1: Leeckt|Stealth Rock|[from] move: Defog|[of] p1a: Weezing
|
|-heal|p1a: Weezing|87/100|[from] item: Black Sludge
|upkeep
|turn|28
|
|t:|1779963837
|-end|p1a: Weezing|ability: Neutralizing Gas
|switch|p1a: Conkeldurr|Conkeldurr, F|65/100 tox
|move|p2a: Clefable|Calm Mind|p2a: Clefable
|-boost|p2a: Clefable|spa|1
|-boost|p2a: Clefable|spd|1
|
|-heal|p1a: Conkeldurr|71/100 tox|[from] item: Leftovers
|-damage|p1a: Conkeldurr|65/100 tox|[from] psn
|upkeep
|turn|29
|
|t:|1779963843
|move|p2a: Clefable|Cosmic Power|p2a: Clefable
|-boost|p2a: Clefable|def|1
|-boost|p2a: Clefable|spd|1
|move|p1a: Conkeldurr|Knock Off|p2a: Clefable
|-resisted|p2a: Clefable
|-damage|p2a: Clefable|90/100
|-enditem|p2a: Clefable|Leftovers|[from] move: Knock Off|[of] p1a: Conkeldurr
|
|-heal|p1a: Conkeldurr|71/100 tox|[from] item: Leftovers
|-damage|p1a: Conkeldurr|59/100 tox|[from] psn
|upkeep
|turn|30
|
|t:|1779963856
|switch|p1a: Weezing|Weezing-Galar, M|87/100
|-ability|p1a: Weezing|Neutralizing Gas
|move|p2a: Clefable|Cosmic Power|p2a: Clefable
|-boost|p2a: Clefable|def|1
|-boost|p2a: Clefable|spd|1
|
|-heal|p1a: Weezing|93/100|[from] item: Black Sludge
|upkeep
|turn|31
|
|t:|1779963860
|move|p2a: Clefable|Calm Mind|p2a: Clefable
|-boost|p2a: Clefable|spa|1
|-boost|p2a: Clefable|spd|1
|move|p1a: Weezing|Will-O-Wisp|p2a: Clefable
|-status|p2a: Clefable|brn
|
|-heal|p1a: Weezing|99/100|[from] item: Black Sludge
|-damage|p2a: Clefable|83/100 brn|[from] brn
|upkeep
|turn|32
|
|t:|1779963869
|-end|p1a: Weezing|ability: Neutralizing Gas
|switch|p1a: Slowking|Slowking-Galar, F, shiny|81/100
|move|p2a: Clefable|Stored Power|p1a: Slowking
|-damage|p1a: Slowking|3/100
|
|upkeep
|turn|33
|
|t:|1779963882
|move|p2a: Clefable|Stored Power|p1a: Slowking
|-damage|p1a: Slowking|0 fnt
|faint|p1a: Slowking
|
|upkeep
|
|t:|1779963888
|switch|p1a: Lokix|Lokix, M|100/100
|turn|34
|
|t:|1779963893
|switch|p2a: Toxapex|Toxapex, F|82/100
|move|p1a: Lokix|First Impression|p2a: Toxapex
|-resisted|p2a: Toxapex
|-damage|p2a: Toxapex|56/100
|
|-heal|p2a: Toxapex|62/100|[from] item: Black Sludge
|upkeep
|turn|35
|
|t:|1779963907
|switch|p1a: Weezing|Weezing-Galar, M|99/100
|-ability|p1a: Weezing|Neutralizing Gas
|move|p2a: Toxapex|Toxic|p1a: Weezing
|-immune|p1a: Weezing
|
|-heal|p1a: Weezing|100/100|[from] item: Black Sludge
|-heal|p2a: Toxapex|68/100|[from] item: Black Sludge
|upkeep
|turn|36
|
|t:|1779963911
|switch|p2a: Rotom|Rotom-Wash|8/100 brn
|move|p1a: Weezing|Will-O-Wisp|p2a: Rotom
|-fail|p2a: Rotom|brn
|
|-damage|p2a: Rotom|2/100 brn|[from] brn
|upkeep
|turn|37
|
|t:|1779963920
|move|p2a: Rotom|Hydro Pump|p1a: Weezing|[miss]
|-miss|p2a: Rotom|p1a: Weezing
|move|p1a: Weezing|Strange Steam|p2a: Rotom
|-damage|p2a: Rotom|0 fnt
|faint|p2a: Rotom
|
|upkeep
|
|t:|1779963923
|switch|p2a: Toxapex|Toxapex, F|68/100
|turn|38
|
|t:|1779963928
|move|p1a: Weezing|Will-O-Wisp|p2a: Toxapex
|-status|p2a: Toxapex|brn
|move|p2a: Toxapex|Liquidation|p1a: Weezing
|-damage|p1a: Weezing|94/100
|
|-heal|p1a: Weezing|99/100|[from] item: Black Sludge
|-heal|p2a: Toxapex|75/100 brn|[from] item: Black Sludge
|-damage|p2a: Toxapex|68/100 brn|[from] brn
|upkeep
|turn|39
|
|t:|1779963945
|move|p1a: Weezing|Strange Steam|p2a: Toxapex
|-resisted|p2a: Toxapex
|-damage|p2a: Toxapex|57/100 brn
|move|p2a: Toxapex|Liquidation|p1a: Weezing
|-damage|p1a: Weezing|92/100
|
|-heal|p1a: Weezing|98/100|[from] item: Black Sludge
|-heal|p2a: Toxapex|64/100 brn|[from] item: Black Sludge
|-damage|p2a: Toxapex|57/100 brn|[from] brn
|upkeep
|turn|40
|-message|e7373jh3 forfeited.
|
|win|Leeckt
|raw|Leeckt's rating: 1185 &rarr; <strong>1210</strong><br />(+25 for winning)
|raw|e7373jh3's rating: 1181 &rarr; <strong>1156</strong><br />(-25 for losing)
|l|☆e7373jh3
|player|p2|
|l|☆Leeckt
|player|p1|
