|j|☆claudechamp
|j|☆Inotamme
|t:|1779867061
|gametype|singles
|player|p1|claudechamp|169|1176
|player|p2|Inotamme|lucas-gen4pt|1120
|gen|9
|tier|[Gen 9] OU
|rated|
|rule|HP Percentage Mod: HP is shown in percentages
|rule|Endless Battle Clause: Forcing endless battles is banned
|rule|Species Clause: Limit one of each Pokémon
|rule|OHKO Clause: OHKO moves are banned
|rule|Evasion Items Clause: Evasion items are banned
|rule|Evasion Moves Clause: Evasion moves are banned
|rule|Evasion Abilities Clause: Evasion abilities are banned
|rule|Sleep Moves Clause: Sleep-inducing moves are banned
|clearpoke
|poke|p1|Gliscor, M|
|poke|p1|Gholdengo|
|poke|p1|Zamazenta-*|
|poke|p1|Blissey, F|
|poke|p1|Skarmory, F|
|poke|p1|Pecharunt|
|poke|p2|Toxtricity-Low-Key, M|
|poke|p2|Galvantula, F|
|poke|p2|Overqwil, M|
|poke|p2|Qwilfish-Hisui, M|
|poke|p2|Basculin-White-Striped, F|
|poke|p2|Ogerpon, F|
|teampreview
|inactive|Battle timer is ON: inactive players will automatically lose when time's up. (requested by Inotamme)
|c|☆claudechamp|hf
|inactive|claudechamp also wants the timer to be on.
|
|t:|1779867069
|teamsize|p1|6
|teamsize|p2|6
|start
|switch|p1a: Skarmory|Skarmory, F|100/100
|switch|p2a: Galvantula|Galvantula, F|100/100
|turn|1
|
|t:|1779867085
|move|p2a: Galvantula|Sticky Web|p1a: Skarmory
|-sidestart|p1: claudechamp|move: Sticky Web
|move|p1a: Skarmory|Spikes|p2a: Galvantula
|-sidestart|p2: Inotamme|Spikes
|
|upkeep
|turn|2
|
|t:|1779867092
|move|p2a: Galvantula|Thunder|p1a: Skarmory
|-supereffective|p1a: Skarmory
|-ability|p1a: Skarmory|Sturdy
|-damage|p1a: Skarmory|1/100
|move|p1a: Skarmory|Spikes|p2a: Galvantula
|-sidestart|p2: Inotamme|Spikes
|
|upkeep
|turn|3
|
|t:|1779867103
|switch|p1a: Gliscor|Gliscor, M|100/100
|move|p2a: Galvantula|Bug Buzz|p1a: Gliscor
|-resisted|p1a: Gliscor
|-damage|p1a: Gliscor|84/100
|-unboost|p1a: Gliscor|spd|1
|
|-status|p1a: Gliscor|tox|[from] item: Toxic Orb
|upkeep
|turn|4
|
|t:|1779867113
|move|p2a: Galvantula|Bug Buzz|p1a: Gliscor
|-resisted|p1a: Gliscor
|-damage|p1a: Gliscor|58/100 tox
|move|p1a: Gliscor|Earthquake|p2a: Galvantula
|-damage|p2a: Galvantula|38/100
|
|-heal|p1a: Gliscor|70/100 tox|[from] ability: Poison Heal
|upkeep
|turn|5
|
|t:|1779867120
|move|p2a: Galvantula|Bug Buzz|p1a: Gliscor
|-resisted|p1a: Gliscor
|-damage|p1a: Gliscor|44/100 tox
|-unboost|p1a: Gliscor|spd|1
|move|p1a: Gliscor|Earthquake|p2a: Galvantula
|-damage|p2a: Galvantula|0 fnt
|faint|p2a: Galvantula
|
|-heal|p1a: Gliscor|56/100 tox|[from] ability: Poison Heal
|upkeep
|
|t:|1779867128
|switch|p2a: Toxtricity|Toxtricity-Low-Key, M|100/100
|-damage|p2a: Toxtricity|84/100|[from] Spikes
|turn|6
|
|t:|1779867132
|move|p2a: Toxtricity|Boomburst|p1a: Gliscor
|-damage|p1a: Gliscor|0 fnt
|faint|p1a: Gliscor
|
|upkeep
|
|t:|1779867146
|switch|p1a: Blissey|Blissey, F|100/100
|turn|7
|
|t:|1779867153
|switch|p2a: Qwilfish|Qwilfish-Hisui, M|100/100
|-damage|p2a: Qwilfish|84/100|[from] Spikes
|-ability|p2a: Qwilfish|Intimidate|boost
|-unboost|p1a: Blissey|atk|1
|move|p1a: Blissey|Stealth Rock|p2a: Qwilfish
|-sidestart|p2: Inotamme|move: Stealth Rock
|
|upkeep
|turn|8
|
|t:|1779867157
|switch|p1a: Pecharunt|Pecharunt|100/100
|move|p2a: Qwilfish|Toxic|p1a: Pecharunt
|-immune|p1a: Pecharunt
|
|upkeep
|turn|9
|
|t:|1779867161
|move|p2a: Qwilfish|Agility|p2a: Qwilfish
|-boost|p2a: Qwilfish|spe|2
|move|p1a: Pecharunt|Parting Shot|p2a: Qwilfish
|-unboost|p2a: Qwilfish|atk|1
|-unboost|p2a: Qwilfish|spa|1
|
|t:|1779867167
|switch|p1a: Zamazenta|Zamazenta|100/100|[from] Parting Shot
|-ability|p1a: Zamazenta|Dauntless Shield|boost
|-boost|p1a: Zamazenta|def|1
|
|upkeep
|turn|10
|
|t:|1779867172
|move|p2a: Qwilfish|Toxic|p1a: Zamazenta
|-status|p1a: Zamazenta|tox
|move|p1a: Zamazenta|Close Combat|p2a: Qwilfish
|-damage|p2a: Qwilfish|31/100
|-unboost|p1a: Zamazenta|def|1
|-unboost|p1a: Zamazenta|spd|1
|
|-damage|p1a: Zamazenta|94/100 tox|[from] psn
|upkeep
|turn|11
|
|t:|1779867183
|switch|p2a: Toxtricity|Toxtricity-Low-Key, M|84/100
|-damage|p2a: Toxtricity|68/100|[from] Spikes
|-damage|p2a: Toxtricity|55/100|[from] Stealth Rock
|move|p1a: Zamazenta|Close Combat|p2a: Toxtricity
|-resisted|p2a: Toxtricity
|-damage|p2a: Toxtricity|10/100
|-unboost|p1a: Zamazenta|def|1
|-unboost|p1a: Zamazenta|spd|1
|
|-damage|p1a: Zamazenta|82/100 tox|[from] psn
|upkeep
|turn|12
|
|t:|1779867194
|move|p1a: Zamazenta|Close Combat|p2a: Toxtricity
|-resisted|p2a: Toxtricity
|-damage|p2a: Toxtricity|0 fnt
|-unboost|p1a: Zamazenta|def|1
|-unboost|p1a: Zamazenta|spd|1
|faint|p2a: Toxtricity
|
|-damage|p1a: Zamazenta|64/100 tox|[from] psn
|upkeep
|
|t:|1779867205
|switch|p2a: Qwilfish|Qwilfish-Hisui, M|31/100
|-damage|p2a: Qwilfish|15/100|[from] Spikes
|-damage|p2a: Qwilfish|3/100|[from] Stealth Rock
|-ability|p2a: Qwilfish|Intimidate|boost
|-unboost|p1a: Zamazenta|atk|1
|turn|13
|
|t:|1779867209
|move|p1a: Zamazenta|Close Combat|p2a: Qwilfish
|-damage|p2a: Qwilfish|0 fnt
|-unboost|p1a: Zamazenta|def|1
|-unboost|p1a: Zamazenta|spd|1
|faint|p2a: Qwilfish
|
|-damage|p1a: Zamazenta|39/100 tox|[from] psn
|upkeep
|
|t:|1779867213
|switch|p2a: Overqwil|Overqwil, M|100/100
|-damage|p2a: Overqwil|84/100|[from] Spikes
|-damage|p2a: Overqwil|72/100|[from] Stealth Rock
|-ability|p2a: Overqwil|Intimidate|boost
|-unboost|p1a: Zamazenta|atk|1
|turn|14
|
|t:|1779867217
|move|p1a: Zamazenta|Close Combat|p2a: Overqwil
|-damage|p2a: Overqwil|41/100
|-unboost|p1a: Zamazenta|def|1
|-unboost|p1a: Zamazenta|spd|1
|move|p2a: Overqwil|Scale Shot|p1a: Zamazenta
|-damage|p1a: Zamazenta|15/100 tox
|-damage|p1a: Zamazenta|0 fnt
|faint|p1a: Zamazenta
|-hitcount|p1: Zamazenta|2
|-unboost|p2a: Overqwil|def|1
|-boost|p2a: Overqwil|spe|1
|
|upkeep
|
|t:|1779867224
|switch|p1a: Gholdengo|Gholdengo|100/100
|-activate|p1a: Gholdengo|move: Sticky Web
|-unboost|p1a: Gholdengo|spe|1
|turn|15
|
|t:|1779867238
|-terastallize|p1a: Gholdengo|Fairy
|move|p2a: Overqwil|Crunch|p1a: Gholdengo
|-resisted|p1a: Gholdengo
|-damage|p1a: Gholdengo|86/100
|move|p1a: Gholdengo|Nasty Plot|p1a: Gholdengo
|-boost|p1a: Gholdengo|spa|2
|
|upkeep
|turn|16
|
|t:|1779867249
|move|p2a: Overqwil|Barb Barrage|p1a: Gholdengo
|-supereffective|p1a: Gholdengo
|-damage|p1a: Gholdengo|46/100
|move|p1a: Gholdengo|Hex|p2a: Overqwil
|-resisted|p2a: Overqwil
|-damage|p2a: Overqwil|0 fnt
|faint|p2a: Overqwil
|
|upkeep
|
|t:|1779867254
|switch|p2a: Basculin|Basculin-White-Striped, F|100/100
|-damage|p2a: Basculin|84/100|[from] Spikes
|-damage|p2a: Basculin|72/100|[from] Stealth Rock
|turn|17
|
|t:|1779867263
|move|p2a: Basculin|Wave Crash|p1a: Gholdengo
|-damage|p1a: Gholdengo|0 fnt
|faint|p1a: Gholdengo
|-damage|p2a: Basculin|51/100|[from] Recoil
|
|upkeep
|
|t:|1779867273
|switch|p1a: Pecharunt|Pecharunt|100/100
|turn|18
|
|t:|1779867282
|move|p2a: Basculin|Wave Crash|p1a: Pecharunt
|-damage|p1a: Pecharunt|58/100
|-damage|p2a: Basculin|33/100|[from] Recoil
|move|p1a: Pecharunt|Shadow Ball|p2a: Basculin
|-damage|p2a: Basculin|0 fnt
|faint|p2a: Basculin
|
|upkeep
|
|t:|1779867285
|switch|p2a: Ogerpon|Ogerpon, F|100/100
|-damage|p2a: Ogerpon|84/100|[from] Spikes
|-damage|p2a: Ogerpon|72/100|[from] Stealth Rock
|turn|19
|
|t:|1779867295
|-terastallize|p2a: Ogerpon|Grass
|detailschange|p2a: Ogerpon|Ogerpon-Teal-Tera, F, tera:Grass
|-ability|p2a: Ogerpon|Embody Aspect (Teal)|boost
|-boost|p2a: Ogerpon|spe|1
|move|p2a: Ogerpon|Stomping Tantrum|p1a: Pecharunt
|-supereffective|p1a: Pecharunt
|-damage|p1a: Pecharunt|34/100
|move|p1a: Pecharunt|Toxic|p2a: Ogerpon
|-status|p2a: Ogerpon|tox
|-start|p2a: Ogerpon|confusion|[from] ability: Poison Puppeteer|[of] p1a: Pecharunt
|
|-damage|p2a: Ogerpon|66/100 tox|[from] psn
|upkeep
|turn|20
|
|t:|1779867303
|-activate|p2a: Ogerpon|confusion
|-damage|p2a: Ogerpon|47/100 tox|[from] confusion
|move|p1a: Pecharunt|Recover|p1a: Pecharunt
|-heal|p1a: Pecharunt|84/100
|
|-damage|p2a: Ogerpon|35/100 tox|[from] psn
|upkeep
|turn|21
|
|t:|1779867314
|-activate|p2a: Ogerpon|confusion
|move|p2a: Ogerpon|Stomping Tantrum|p1a: Pecharunt
|-supereffective|p1a: Pecharunt
|-damage|p1a: Pecharunt|35/100
|move|p1a: Pecharunt|Parting Shot|p2a: Ogerpon
|-unboost|p2a: Ogerpon|atk|1
|-unboost|p2a: Ogerpon|spa|1
|-message|Inotamme forfeited.
|
|win|claudechamp
|raw|claudechamp's rating: 1206 &rarr; <strong>1225</strong><br />(+19 for winning)
|raw|Inotamme's rating: 1120 &rarr; <strong>1101</strong><br />(-19 for losing)
|l|☆Inotamme
|player|p2|
|c|☆claudechamp|gg
