|j|☆Valiant07
|j|☆Hairyrichard69er
|t:|1779805435
|gametype|singles
|player|p1|Valiant07|ingo|1304
|player|p2|Hairyrichard69er|266|1332
|gen|9
|tier|[Gen 9] OU
|rated|
|rule|HP Percentage Mod: HP is shown in percentages
|rule|Endless Battle Clause: Forcing endless battles is banned
|rule|Species Clause: Limit one of each Pokémon
|rule|OHKO Clause: OHKO moves are banned
|rule|Evasion Items Clause: Evasion items are banned
|rule|Evasion Moves Clause: Evasion moves are banned
|rule|Evasion Abilities Clause: Evasion abilities are banned
|rule|Sleep Moves Clause: Sleep-inducing moves are banned
|clearpoke
|poke|p1|Dragonite, M|
|poke|p1|Darkrai|
|poke|p1|Zamazenta-*|
|poke|p1|Iron Treads|
|poke|p1|Hatterene, F|
|poke|p1|Alomomola, M|
|poke|p2|Venusaur, M|
|poke|p2|Blaziken, F|
|poke|p2|Primarina, M|
|poke|p2|Greninja-*, M|
|poke|p2|Rillaboom, M|
|poke|p2|Swampert, M|
|teampreview
|inactive|Battle timer is ON: inactive players will automatically lose when time's up. (requested by Hairyrichard69er)
|
|t:|1779805444
|teamsize|p1|6
|teamsize|p2|6
|start
|switch|p1a: Alomomola|Alomomola, M|100/100
|switch|p2a: Rillaboom|Rillaboom, M|100/100
|-fieldstart|move: Grassy Terrain|[from] ability: Grassy Surge|[of] p2a: Rillaboom
|turn|1
|
|t:|1779805454
|move|p2a: Rillaboom|Wood Hammer|p1a: Alomomola
|-supereffective|p1a: Alomomola
|-damage|p1a: Alomomola|0 fnt
|faint|p1a: Alomomola
|-damage|p2a: Rillaboom|55/100|[from] Recoil
|
|-heal|p2a: Rillaboom|61/100|[from] Grassy Terrain
|upkeep
|
|t:|1779805467
|switch|p1a: Dragonite|Dragonite, M|100/100
|turn|2
|
|t:|1779805472
|switch|p2a: Primarina|Primarina, M|100/100
|move|p1a: Dragonite|Dragon Dance|p1a: Dragonite
|-boost|p1a: Dragonite|atk|1
|-boost|p1a: Dragonite|spe|1
|
|upkeep
|turn|3
|
|t:|1779805476
|-terastallize|p1a: Dragonite|Normal
|move|p1a: Dragonite|Dragon Dance|p1a: Dragonite
|-boost|p1a: Dragonite|atk|1
|-boost|p1a: Dragonite|spe|1
|move|p2a: Primarina|Moonblast|p1a: Dragonite
|-damage|p1a: Dragonite|73/100
|-unboost|p1a: Dragonite|spa|1
|
|-heal|p1a: Dragonite|79/100|[from] Grassy Terrain
|upkeep
|turn|4
|
|t:|1779805482
|move|p1a: Dragonite|Dragon Dance|p1a: Dragonite
|-boost|p1a: Dragonite|atk|1
|-boost|p1a: Dragonite|spe|1
|move|p2a: Primarina|Moonblast|p1a: Dragonite
|-damage|p1a: Dragonite|24/100
|
|-heal|p1a: Dragonite|30/100|[from] Grassy Terrain
|upkeep
|turn|5
|
|t:|1779805484
|move|p1a: Dragonite|Extreme Speed|p2a: Primarina
|-damage|p2a: Primarina|0 fnt
|faint|p2a: Primarina
|
|-heal|p1a: Dragonite|36/100|[from] Grassy Terrain
|-fieldend|move: Grassy Terrain
|upkeep
|
|t:|1779805488
|switch|p2a: Blaziken|Blaziken, F|100/100
|turn|6
|
|t:|1779805491
|move|p1a: Dragonite|Extreme Speed|p2a: Blaziken
|-enditem|p2a: Blaziken|Focus Sash
|-damage|p2a: Blaziken|1/100
|move|p2a: Blaziken|Close Combat|p1a: Dragonite
|-supereffective|p1a: Dragonite
|-damage|p1a: Dragonite|0 fnt
|-unboost|p2a: Blaziken|def|1
|-unboost|p2a: Blaziken|spd|1
|faint|p1a: Dragonite
|
|-ability|p2a: Blaziken|Speed Boost|boost
|-boost|p2a: Blaziken|spe|1
|upkeep
|
|t:|1779805499
|switch|p1a: Zamazenta|Zamazenta|100/100
|-ability|p1a: Zamazenta|Dauntless Shield|boost
|-boost|p1a: Zamazenta|def|1
|turn|7
|
|t:|1779805506
|move|p2a: Blaziken|Close Combat|p1a: Zamazenta
|-damage|p1a: Zamazenta|68/100
|-unboost|p2a: Blaziken|def|1
|-unboost|p2a: Blaziken|spd|1
|move|p1a: Zamazenta|Iron Defense|p1a: Zamazenta
|-boost|p1a: Zamazenta|def|2
|
|-ability|p2a: Blaziken|Speed Boost|boost
|-boost|p2a: Blaziken|spe|1
|upkeep
|turn|8
|
|t:|1779805510
|move|p2a: Blaziken|Close Combat|p1a: Zamazenta
|-damage|p1a: Zamazenta|49/100
|-unboost|p2a: Blaziken|def|1
|-unboost|p2a: Blaziken|spd|1
|move|p1a: Zamazenta|Iron Defense|p1a: Zamazenta
|-boost|p1a: Zamazenta|def|2
|
|-ability|p2a: Blaziken|Speed Boost|boost
|-boost|p2a: Blaziken|spe|1
|upkeep
|turn|9
|
|t:|1779805513
|move|p2a: Blaziken|Close Combat|p1a: Zamazenta
|-damage|p1a: Zamazenta|36/100
|-unboost|p2a: Blaziken|def|1
|-unboost|p2a: Blaziken|spd|1
|move|p1a: Zamazenta|Body Press|p2a: Blaziken
|-damage|p2a: Blaziken|0 fnt
|faint|p2a: Blaziken
|
|upkeep
|
|t:|1779805521
|switch|p2a: Greninja|Greninja, M|100/100
|turn|10
|
|t:|1779805534
|move|p2a: Greninja|Hydro Pump|p1a: Zamazenta
|-start|p2a: Greninja|typechange|Water|[from] ability: Protean
|-damage|p1a: Zamazenta|0 fnt
|faint|p1a: Zamazenta
|-damage|p2a: Greninja|91/100|[from] item: Life Orb
|
|upkeep
|inactive|Valiant07 has 120 seconds left.
|
|t:|1779805560
|switch|p1a: Darkrai|Darkrai|100/100
|turn|11
|
|t:|1779805563
|move|p1a: Darkrai|Dark Pulse|p2a: Greninja
|-damage|p2a: Greninja|20/100
|move|p2a: Greninja|Hydro Pump|p1a: Darkrai
|-damage|p1a: Darkrai|12/100
|-damage|p2a: Greninja|10/100|[from] item: Life Orb
|
|-heal|p1a: Darkrai|18/100|[from] item: Leftovers
|upkeep
|turn|12
|
|t:|1779805568
|move|p1a: Darkrai|Dark Pulse|p2a: Greninja
|-damage|p2a: Greninja|0 fnt
|faint|p2a: Greninja
|
|-heal|p1a: Darkrai|24/100|[from] item: Leftovers
|upkeep
|
|t:|1779805570
|switch|p2a: Rillaboom|Rillaboom, M|61/100
|-fieldstart|move: Grassy Terrain|[from] ability: Grassy Surge|[of] p2a: Rillaboom
|turn|13
|
|t:|1779805573
|switch|p1a: Hatterene|Hatterene, F|100/100
|move|p2a: Rillaboom|Grassy Glide|p1a: Hatterene
|-damage|p1a: Hatterene|58/100
|-enditem|p1a: Hatterene|Eject Button
|
|t:|1779805575
|switch|p1a: Iron Treads|Iron Treads|100/100
|-enditem|p1a: Iron Treads|Booster Energy
|-activate|p1a: Iron Treads|ability: Quark Drive|[fromitem]
|-start|p1a: Iron Treads|quarkdrivespe
|
|-heal|p2a: Rillaboom|67/100|[from] Grassy Terrain
|upkeep
|turn|14
|
|t:|1779805584
|-terastallize|p2a: Rillaboom|Grass
|move|p2a: Rillaboom|Grassy Glide|p1a: Iron Treads
|-damage|p1a: Iron Treads|48/100
|move|p1a: Iron Treads|Ice Spinner|p2a: Rillaboom
|-supereffective|p2a: Rillaboom
|-damage|p2a: Rillaboom|25/100
|-fieldend|move: Grassy Terrain
|
|upkeep
|turn|15
|
|t:|1779805592
|switch|p2a: Swampert|Swampert, M|100/100
|move|p1a: Iron Treads|Stealth Rock|p2a: Swampert
|-sidestart|p2: Hairyrichard69er|move: Stealth Rock
|
|upkeep
|turn|16
|
|t:|1779805598
|-end|p1a: Iron Treads|Quark Drive|[silent]
|switch|p1a: Hatterene|Hatterene, F|58/100
|move|p2a: Swampert|Flip Turn|p1a: Hatterene
|-damage|p1a: Hatterene|32/100
|
|t:|1779805603
|switch|p2a: Rillaboom|Rillaboom, M, tera:Grass|25/100|[from] Flip Turn
|-damage|p2a: Rillaboom|13/100|[from] Stealth Rock
|-fieldstart|move: Grassy Terrain|[from] ability: Grassy Surge|[of] p2a: Rillaboom
|
|-heal|p2a: Rillaboom|19/100|[from] Grassy Terrain
|-heal|p1a: Hatterene|38/100|[from] Grassy Terrain
|upkeep
|turn|17
|
|t:|1779805606
|move|p2a: Rillaboom|Grassy Glide|p1a: Hatterene
|-damage|p1a: Hatterene|0 fnt
|faint|p1a: Hatterene
|
|-heal|p2a: Rillaboom|25/100|[from] Grassy Terrain
|upkeep
|
|t:|1779805611
|switch|p1a: Iron Treads|Iron Treads|48/100
|turn|18
|
|t:|1779805613
|move|p2a: Rillaboom|Grassy Glide|p1a: Iron Treads
|-damage|p1a: Iron Treads|0 fnt
|faint|p1a: Iron Treads
|-end|p1a: Iron Treads|Quark Drive|[silent]
|
|-heal|p2a: Rillaboom|32/100|[from] Grassy Terrain
|upkeep
|
|t:|1779805616
|switch|p1a: Darkrai|Darkrai|24/100
|turn|19
|
|t:|1779805618
|move|p2a: Rillaboom|Grassy Glide|p1a: Darkrai
|-damage|p1a: Darkrai|0 fnt
|faint|p1a: Darkrai
|
|win|Hairyrichard69er
|raw|Valiant07's rating: 1304 &rarr; <strong>1286</strong><br />(-18 for losing)
|raw|Hairyrichard69er's rating: 1332 &rarr; <strong>1350</strong><br />(+18 for winning)
|l|☆Valiant07
|player|p1|
|c|☆Hairyrichard69er|Gg
|l|☆Hairyrichard69er
|player|p2|
