|j|☆zzkaseyzz
|j|☆mertkan2009
|t:|1779972091
|gametype|singles
|player|p1|zzkaseyzz|burglar|1162
|player|p2|mertkan2009|hilbert|1184
|gen|9
|tier|[Gen 9] OU
|rated|
|rule|HP Percentage Mod: HP is shown in percentages
|rule|Endless Battle Clause: Forcing endless battles is banned
|rule|Species Clause: Limit one of each Pokémon
|rule|OHKO Clause: OHKO moves are banned
|rule|Evasion Items Clause: Evasion items are banned
|rule|Evasion Moves Clause: Evasion moves are banned
|rule|Evasion Abilities Clause: Evasion abilities are banned
|rule|Sleep Moves Clause: Sleep-inducing moves are banned
|clearpoke
|poke|p1|Eiscue, M|
|poke|p1|Toxtricity, M|
|poke|p1|Staraptor, M|
|poke|p1|Galvantula, M|
|poke|p1|Malamar, M|
|poke|p1|Girafarig, M|
|poke|p2|Walking Wake|
|poke|p2|Iron Moth|
|poke|p2|Ninetales, F|
|poke|p2|Ceruledge, M|
|poke|p2|Great Tusk|
|poke|p2|Skarmory, F|
|teampreview
|inactive|Battle timer is ON: inactive players will automatically lose when time's up. (requested by zzkaseyzz)
|
|t:|1779972108
|teamsize|p1|6
|teamsize|p2|6
|start
|switch|p1a: Galvantula|Galvantula, M, shiny|100/100
|switch|p2a: has9dih|Ninetales, F, shiny|100/100
|-weather|SunnyDay|[from] ability: Drought|[of] p2a: has9dih
|turn|1
|
|t:|1779972117
|move|p1a: Galvantula|Thunder Wave|p2a: has9dih
|-status|p2a: has9dih|par
|move|p2a: has9dih|Encore|p1a: Galvantula
|-start|p1a: Galvantula|Encore
|
|-weather|SunnyDay|[upkeep]
|upkeep
|turn|2
|
|t:|1779972125
|switch|p1a: Girafarig|Girafarig, M, shiny|100/100
|switch|p2a: ungooneble mon|Great Tusk|100/100
|-activate|p2a: ungooneble mon|ability: Protosynthesis
|-start|p2a: ungooneble mon|protosynthesisatk
|
|-weather|SunnyDay|[upkeep]
|upkeep
|turn|3
|
|t:|1779972135
|-terastallize|p2a: ungooneble mon|Steel
|move|p2a: ungooneble mon|Stealth Rock|p1a: Girafarig
|-sidestart|p1: zzkaseyzz|move: Stealth Rock
|move|p1a: Girafarig|Trick|p2a: ungooneble mon
|-activate|p1a: Girafarig|move: Trick|[of] p2a: ungooneble mon
|-item|p2a: ungooneble mon|Choice Specs|[from] move: Trick
|-item|p1a: Girafarig|Leftovers|[from] move: Trick
|
|-weather|SunnyDay|[upkeep]
|upkeep
|turn|4
|
|t:|1779972154
|-end|p2a: ungooneble mon|Protosynthesis|[silent]
|switch|p2a: he IS in that guy|Ceruledge, M|100/100
|switch|p1a: Toxtricity|Toxtricity, M|100/100
|-damage|p1a: Toxtricity|88/100|[from] Stealth Rock
|
|-weather|SunnyDay|[upkeep]
|upkeep
|turn|5
|
|t:|1779972162
|move|p2a: he IS in that guy|Bitter Blade|p1a: Toxtricity
|-damage|p1a: Toxtricity|0 fnt
|faint|p1a: Toxtricity
|
|-weather|SunnyDay|[upkeep]
|upkeep
|
|t:|1779972169
|switch|p1a: Galvantula|Galvantula, M, shiny|100/100
|-damage|p1a: Galvantula|76/100|[from] Stealth Rock
|turn|6
|
|t:|1779972173
|move|p1a: Galvantula|Sticky Web|p2a: he IS in that guy
|-sidestart|p2: mertkan2009|move: Sticky Web
|move|p2a: he IS in that guy|Bitter Blade|p1a: Galvantula
|-supereffective|p1a: Galvantula
|-damage|p1a: Galvantula|0 fnt
|faint|p1a: Galvantula
|
|-weather|SunnyDay|[upkeep]
|upkeep
|
|t:|1779972183
|switch|p1a: Eiscue|Eiscue, M|100/100
|-damage|p1a: Eiscue|75/100|[from] Stealth Rock
|turn|7
|
|t:|1779972188
|move|p2a: he IS in that guy|Swords Dance|p2a: he IS in that guy
|-boost|p2a: he IS in that guy|atk|2
|move|p1a: Eiscue|Belly Drum|p1a: Eiscue
|-damage|p1a: Eiscue|25/100
|-setboost|p1a: Eiscue|atk|6|[from] move: Belly Drum
|
|-weather|SunnyDay|[upkeep]
|upkeep
|turn|8
|
|t:|1779972195
|move|p2a: he IS in that guy|Bitter Blade|p1a: Eiscue
|-activate|p1a: Eiscue|ability: Ice Face
|-damage|p1a: Eiscue|25/100
|detailschange|p1a: Eiscue|Eiscue-Noice, M
|move|p1a: Eiscue|Agility|p1a: Eiscue
|-boost|p1a: Eiscue|spe|2
|
|-weather|none
|upkeep
|turn|9
|
|t:|1779972206
|move|p1a: Eiscue|Liquidation|p2a: he IS in that guy
|-supereffective|p2a: he IS in that guy
|-enditem|p2a: he IS in that guy|Focus Sash
|-damage|p2a: he IS in that guy|1/100
|-ability|p2a: he IS in that guy|Weak Armor|boost
|-unboost|p2a: he IS in that guy|def|1
|-boost|p2a: he IS in that guy|spe|2
|move|p2a: he IS in that guy|Bitter Blade|p1a: Eiscue
|-supereffective|p1a: Eiscue
|-damage|p1a: Eiscue|0 fnt
|-heal|p2a: he IS in that guy|14/100|[from] drain|[of] p1a: Eiscue
|faint|p1a: Eiscue
|
|upkeep
|c|☆mertkan2009|does he know
|c|☆zzkaseyzz|BRUH
|c|☆zzkaseyzz|bruh*
|c|☆zzkaseyzz|deadass sashed
|
|t:|1779972222
|switch|p1a: Malamar|Malamar, M|100/100
|-damage|p1a: Malamar|88/100|[from] Stealth Rock
|turn|10
|c|☆mertkan2009|youre dead ass cooked buddy
|
|t:|1779972233
|move|p2a: he IS in that guy|Bitter Blade|p1a: Malamar
|-damage|p1a: Malamar|0 fnt
|-heal|p2a: he IS in that guy|70/100|[from] drain|[of] p1a: Malamar
|faint|p1a: Malamar
|
|upkeep
|
|t:|1779972240
|switch|p1a: Staraptor|Staraptor, M, shiny|100/100
|-damage|p1a: Staraptor|76/100|[from] Stealth Rock
|turn|11
|
|t:|1779972245
|move|p2a: he IS in that guy|Bitter Blade|p1a: Staraptor
|-damage|p1a: Staraptor|0 fnt
|-heal|p2a: he IS in that guy|100/100|[from] drain|[of] p1a: Staraptor
|faint|p1a: Staraptor
|
|upkeep
|-message|zzkaseyzz forfeited.
|
|win|mertkan2009
|raw|zzkaseyzz's rating: 1162 &rarr; <strong>1139</strong><br />(-23 for losing)
|raw|mertkan2009's rating: 1184 &rarr; <strong>1207</strong><br />(+23 for winning)
|l|☆zzkaseyzz
|player|p1|
|l|☆mertkan2009
|player|p2|
