|j|☆Quagsires gf
|j|☆tghvjhklk
|t:|1779971781
|gametype|singles
|player|p1|Quagsires gf|101|1138
|player|p2|tghvjhklk|265|1227
|gen|9
|tier|[Gen 9] OU
|rated|
|rule|HP Percentage Mod: HP is shown in percentages
|rule|Endless Battle Clause: Forcing endless battles is banned
|rule|Species Clause: Limit one of each Pokémon
|rule|OHKO Clause: OHKO moves are banned
|rule|Evasion Items Clause: Evasion items are banned
|rule|Evasion Moves Clause: Evasion moves are banned
|rule|Evasion Abilities Clause: Evasion abilities are banned
|rule|Sleep Moves Clause: Sleep-inducing moves are banned
|clearpoke
|poke|p1|Scream Tail|
|poke|p1|Infernape, F|
|poke|p1|Lilligant-Hisui, F|
|poke|p1|Pawmot, M|
|poke|p1|Rabsca, M|
|poke|p1|Banette, F|
|poke|p2|Ribombee, M|
|poke|p2|Kyurem|
|poke|p2|Alomomola, M|
|poke|p2|Great Tusk|
|poke|p2|Dragapult, F|
|poke|p2|Kingambit, F|
|teampreview
|inactive|Battle timer is ON: inactive players will automatically lose when time's up. (requested by Quagsires gf)
|
|t:|1779971792
|teamsize|p1|6
|teamsize|p2|6
|start
|switch|p1a: Pawmot|Pawmot, M, shiny|100/100
|switch|p2a: Ribombee|Ribombee, M|100/100
|turn|1
|
|t:|1779971798
|move|p2a: Ribombee|Sticky Web|p1a: Pawmot
|-sidestart|p1: Quagsires gf|move: Sticky Web
|move|p1a: Pawmot|Nuzzle|p2a: Ribombee
|-damage|p2a: Ribombee|82/100
|
|upkeep
|turn|2
|
|t:|1779971813
|switch|p1a: Infernape|Infernape, F|100/100
|-activate|p1a: Infernape|move: Sticky Web
|-unboost|p1a: Infernape|spe|1
|move|p2a: Ribombee|Moonblast|p1a: Infernape
|-damage|p1a: Infernape|37/100
|
|upkeep
|turn|3
|
|t:|1779971821
|move|p2a: Ribombee|Moonblast|p1a: Infernape
|-damage|p1a: Infernape|0 fnt
|faint|p1a: Infernape
|
|upkeep
|
|t:|1779971835
|switch|p1a: Rabsca|Rabsca, M, shiny|100/100
|-activate|p1a: Rabsca|move: Sticky Web
|-unboost|p1a: Rabsca|spe|1
|turn|4
|
|t:|1779971844
|move|p2a: Ribombee|Stun Spore|p1a: Rabsca
|-status|p1a: Rabsca|par
|-activate|p1a: Rabsca|ability: Synchronize
|-status|p2a: Ribombee|par
|move|p1a: Rabsca|Revival Blessing|p1a: Rabsca
|-enditem|p1a: Rabsca|Leppa Berry|[eat]
|-activate|p1a: Rabsca|item: Leppa Berry|Revival Blessing|[consumed]
|
|t:|1779971852
|-heal|p1: Infernape|50/100|[from] move: Revival Blessing
|
|upkeep
|turn|5
|
|t:|1779971859
|switch|p2a: Kyurem|Kyurem|100/100
|-ability|p2a: Kyurem|Pressure
|move|p1a: Rabsca|Rest|p1a: Rabsca
|-fail|p1a: Rabsca|heal
|
|upkeep
|turn|6
|
|t:|1779971867
|switch|p1a: Scream Tail|Scream Tail, shiny|100/100
|-activate|p1a: Scream Tail|move: Sticky Web
|-unboost|p1a: Scream Tail|spe|1
|-enditem|p1a: Scream Tail|Booster Energy
|-activate|p1a: Scream Tail|ability: Protosynthesis|[fromitem]
|-start|p1a: Scream Tail|protosynthesisdef
|move|p2a: Kyurem|Substitute|p2a: Kyurem
|-start|p2a: Kyurem|Substitute
|-damage|p2a: Kyurem|76/100
|
|-heal|p2a: Kyurem|82/100|[from] item: Leftovers
|upkeep
|turn|7
|
|t:|1779971879
|move|p2a: Kyurem|Protect|p2a: Kyurem
|-singleturn|p2a: Kyurem|Protect
|move|p1a: Scream Tail|Psychic Fangs|p2a: Kyurem
|-activate|p2a: Kyurem|move: Protect
|
|-heal|p2a: Kyurem|88/100|[from] item: Leftovers
|upkeep
|turn|8
|
|t:|1779971886
|move|p2a: Kyurem|Freeze-Dry|p1a: Scream Tail
|-damage|p1a: Scream Tail|71/100
|move|p1a: Scream Tail|Psychic Fangs|p2a: Kyurem
|-activate|p2a: Kyurem|move: Substitute|[damage]
|
|-heal|p2a: Kyurem|94/100|[from] item: Leftovers
|upkeep
|turn|9
|
|t:|1779971894
|move|p2a: Kyurem|Freeze-Dry|p1a: Scream Tail
|-damage|p1a: Scream Tail|38/100
|move|p1a: Scream Tail|Crunch|p2a: Kyurem
|-end|p2a: Kyurem|Substitute
|
|-heal|p2a: Kyurem|99/100|[from] item: Leftovers
|upkeep
|turn|10
|
|t:|1779971901
|move|p2a: Kyurem|Substitute|p2a: Kyurem
|-start|p2a: Kyurem|Substitute
|-damage|p2a: Kyurem|75/100
|move|p1a: Scream Tail|Crunch|p2a: Kyurem
|-activate|p2a: Kyurem|move: Substitute|[damage]
|
|-heal|p2a: Kyurem|82/100|[from] item: Leftovers
|upkeep
|turn|11
|
|t:|1779971909
|move|p2a: Kyurem|Protect|p2a: Kyurem
|-singleturn|p2a: Kyurem|Protect
|move|p1a: Scream Tail|Crunch|p2a: Kyurem
|-activate|p2a: Kyurem|move: Protect
|
|-heal|p2a: Kyurem|88/100|[from] item: Leftovers
|upkeep
|turn|12
|
|t:|1779971917
|-terastallize|p2a: Kyurem|Ground
|move|p2a: Kyurem|Earth Power|p1a: Scream Tail
|-damage|p1a: Scream Tail|0 fnt
|faint|p1a: Scream Tail
|-end|p1a: Scream Tail|Protosynthesis|[silent]
|
|-heal|p2a: Kyurem|94/100|[from] item: Leftovers
|upkeep
|
|t:|1779971922
|switch|p1a: Lilligant|Lilligant-Hisui, F|100/100
|-activate|p1a: Lilligant|move: Sticky Web
|-unboost|p1a: Lilligant|spe|1
|turn|13
|
|t:|1779971927
|move|p1a: Lilligant|Defog|p2a: Kyurem
|-sideend|p1: Quagsires gf|Sticky Web|[from] move: Defog|[of] p1a: Lilligant
|move|p2a: Kyurem|Freeze-Dry|p1a: Lilligant
|-supereffective|p1a: Lilligant
|-damage|p1a: Lilligant|0 fnt
|faint|p1a: Lilligant
|
|-heal|p2a: Kyurem|99/100|[from] item: Leftovers
|upkeep
|
|t:|1779971939
|switch|p1a: Rabsca|Rabsca, M, shiny|100/100 par
|turn|14
|
|t:|1779971946
|move|p2a: Kyurem|Freeze-Dry|p1a: Rabsca
|-damage|p1a: Rabsca|74/100 par
|move|p1a: Rabsca|Rest|p1a: Rabsca
|-status|p1a: Rabsca|slp|[from] move: Rest
|-heal|p1a: Rabsca|100/100 slp|[silent]
|
|-heal|p2a: Kyurem|100/100|[from] item: Leftovers
|upkeep
|turn|15
|
|t:|1779971956
|move|p2a: Kyurem|Freeze-Dry|p1a: Rabsca
|-damage|p1a: Rabsca|74/100 slp
|cant|p1a: Rabsca|slp
|move|p1a: Rabsca|Sleep Talk|p1a: Rabsca
|move|p1a: Rabsca|Future Sight|p2a: Kyurem|[from] move: Sleep Talk
|-start|p1a: Rabsca|move: Future Sight
|
|upkeep
|turn|16
|
|t:|1779971964
|move|p2a: Kyurem|Freeze-Dry|p1a: Rabsca
|-damage|p1a: Rabsca|45/100 slp
|cant|p1a: Rabsca|slp
|move|p1a: Rabsca|Sleep Talk|p1a: Rabsca
|move|p1a: Rabsca|Future Sight||[from] move: Sleep Talk|[still]
|-fail|p1a: Rabsca
|
|upkeep
|turn|17
|
|t:|1779971974
|move|p2a: Kyurem|Protect|p2a: Kyurem
|-singleturn|p2a: Kyurem|Protect
|-curestatus|p1a: Rabsca|slp|[msg]
|move|p1a: Rabsca|Rest|p1a: Rabsca
|-status|p1a: Rabsca|slp|[from] move: Rest
|-heal|p1a: Rabsca|100/100 slp|[silent]
|
|-end|p2a: Kyurem|move: Future Sight
|-end|p2a: Kyurem|Substitute
|upkeep
|turn|18
|
|t:|1779971985
|switch|p2a: Kingambit|Kingambit, F|100/100
|cant|p1a: Rabsca|slp
|move|p1a: Rabsca|Sleep Talk|p1a: Rabsca
|move|p1a: Rabsca|Revival Blessing|p1a: Rabsca|[from] move: Sleep Talk
|
|t:|1779971993
|-heal|p1: Lilligant|50/100|[from] move: Revival Blessing
|
|upkeep
|turn|19
|
|t:|1779971999
|-terastallize|p1a: Rabsca|Water
|move|p2a: Kingambit|Swords Dance|p2a: Kingambit
|-boost|p2a: Kingambit|atk|2
|cant|p1a: Rabsca|slp
|move|p1a: Rabsca|Sleep Talk|p1a: Rabsca
|move|p1a: Rabsca|Revival Blessing|p1a: Rabsca|[from] move: Sleep Talk
|
|t:|1779972008
|-heal|p1: Scream Tail|50/100|[from] move: Revival Blessing
|
|upkeep
|turn|20
|
|t:|1779972014
|switch|p1a: Banette|Banette, F, shiny|100/100
|move|p2a: Kingambit|Kowtow Cleave|p1a: Banette
|-supereffective|p1a: Banette
|-damage|p1a: Banette|0 fnt
|faint|p1a: Banette
|
|upkeep
|
|t:|1779972019
|switch|p1a: Infernape|Infernape, F|50/100
|turn|21
|
|t:|1779972025
|move|p2a: Kingambit|Sucker Punch||[still]
|-fail|p2a: Kingambit
|move|p1a: Infernape|Substitute|p1a: Infernape
|-start|p1a: Infernape|Substitute
|-damage|p1a: Infernape|25/100
|
|upkeep
|turn|22
|
|t:|1779972029
|-end|p2a: Kingambit|fallenundefined|[silent]
|switch|p2a: Alomomola|Alomomola, M|100/100
|-singleturn|p1a: Infernape|move: Focus Punch
|move|p1a: Infernape|Focus Punch|p2a: Alomomola
|-damage|p2a: Alomomola|60/100
|-damage|p1a: Infernape|9/100|[from] item: Rocky Helmet|[of] p2a: Alomomola
|
|upkeep
|turn|23
|
|t:|1779972035
|switch|p1a: Pawmot|Pawmot, M, shiny|100/100
|move|p2a: Alomomola|Protect||[still]
|-fail|p2a: Alomomola
|
|upkeep
|turn|24
|
|t:|1779972041
|switch|p2a: Great Tusk|Great Tusk|100/100
|move|p1a: Pawmot|Nuzzle|p2a: Great Tusk
|-immune|p2a: Great Tusk
|
|upkeep
|turn|25
|
|t:|1779972046
|switch|p1a: Infernape|Infernape, F|9/100
|move|p2a: Great Tusk|Rapid Spin|p1a: Infernape
|-damage|p1a: Infernape|0 fnt
|-boost|p2a: Great Tusk|spe|1
|faint|p1a: Infernape
|
|upkeep
|
|t:|1779972048
|switch|p1a: Scream Tail|Scream Tail, shiny|50/100
|turn|26
|
|t:|1779972053
|move|p2a: Great Tusk|Headlong Rush|p1a: Scream Tail
|-damage|p1a: Scream Tail|0 fnt
|-unboost|p2a: Great Tusk|def|1
|-unboost|p2a: Great Tusk|spd|1
|faint|p1a: Scream Tail
|-end|p1a: Scream Tail|Protosynthesis|[silent]
|
|upkeep
|
|t:|1779972057
|switch|p1a: Lilligant|Lilligant-Hisui, F|50/100
|turn|27
|
|t:|1779972061
|move|p2a: Great Tusk|Ice Spinner|p1a: Lilligant
|-supereffective|p1a: Lilligant
|-damage|p1a: Lilligant|0 fnt
|faint|p1a: Lilligant
|
|upkeep
|
|t:|1779972070
|switch|p1a: Rabsca|Rabsca, M, shiny, tera:Water|100/100 slp
|turn|28
|
|t:|1779972078
|move|p2a: Great Tusk|Close Combat|p1a: Rabsca
|-damage|p1a: Rabsca|33/100 slp
|-unboost|p2a: Great Tusk|def|1
|-unboost|p2a: Great Tusk|spd|1
|-curestatus|p1a: Rabsca|slp|[msg]
|move|p1a: Rabsca|Revival Blessing|p1a: Rabsca
|
|t:|1779972090
|-heal|p1: Banette|50/100|[from] move: Revival Blessing
|
|upkeep
|turn|29
|
|t:|1779972098
|switch|p1a: Banette|Banette, F, shiny|50/100
|move|p2a: Great Tusk|Headlong Rush|p1a: Banette
|-damage|p1a: Banette|0 fnt
|-unboost|p2a: Great Tusk|def|1
|-unboost|p2a: Great Tusk|spd|1
|-start|p2a: Great Tusk|Disable|Headlong Rush|[from] ability: Cursed Body|[of] p1a: Banette
|faint|p1a: Banette
|
|upkeep
|
|t:|1779972102
|switch|p1a: Pawmot|Pawmot, M, shiny|100/100
|turn|30
|
|t:|1779972108
|-end|p2a: Great Tusk|Protosynthesis|[silent]
|switch|p2a: Kyurem|Kyurem, tera:Ground|100/100
|-ability|p2a: Kyurem|Pressure
|move|p1a: Pawmot|Mach Punch|p2a: Kyurem
|-damage|p2a: Kyurem|83/100
|
|-heal|p2a: Kyurem|89/100|[from] item: Leftovers
|upkeep
|turn|31
|
|t:|1779972113
|switch|p1a: Rabsca|Rabsca, M, shiny, tera:Water|33/100
|move|p2a: Kyurem|Protect||[still]
|-fail|p2a: Kyurem
|
|-heal|p2a: Kyurem|95/100|[from] item: Leftovers
|upkeep
|turn|32
|
|t:|1779972120
|move|p2a: Kyurem|Freeze-Dry|p1a: Rabsca
|-supereffective|p1a: Rabsca
|-damage|p1a: Rabsca|0 fnt
|faint|p1a: Rabsca
|
|-heal|p2a: Kyurem|100/100|[from] item: Leftovers
|upkeep
|
|t:|1779972121
|switch|p1a: Pawmot|Pawmot, M, shiny|100/100
|turn|33
|
|t:|1779972124
|move|p1a: Pawmot|Revival Blessing|p1a: Pawmot
|-enditem|p1a: Pawmot|Leppa Berry|[eat]
|-activate|p1a: Pawmot|item: Leppa Berry|Revival Blessing|[consumed]
|
|t:|1779972128
|-heal|p1: Rabsca|50/100|[from] move: Revival Blessing
|move|p2a: Kyurem|Earth Power|p1a: Pawmot
|-supereffective|p1a: Pawmot
|-damage|p1a: Pawmot|0 fnt
|faint|p1a: Pawmot
|
|upkeep
|
|t:|1779972129
|switch|p1a: Rabsca|Rabsca, M, shiny|50/100
|turn|34
|
|t:|1779972138
|switch|p2a: Dragapult|Dragapult, F|100/100
|move|p1a: Rabsca|Rest|p1a: Rabsca
|-status|p1a: Rabsca|slp|[from] move: Rest
|-heal|p1a: Rabsca|100/100 slp|[silent]
|
|upkeep
|turn|35
|
|t:|1779972141
|move|p2a: Dragapult|Hex|p1a: Rabsca
|-supereffective|p1a: Rabsca
|-damage|p1a: Rabsca|26/100 slp
|cant|p1a: Rabsca|slp
|move|p1a: Rabsca|Sleep Talk|p1a: Rabsca
|move|p1a: Rabsca|Revival Blessing|p1a: Rabsca|[from] move: Sleep Talk
|
|t:|1779972149
|-heal|p1: Pawmot|50/100|[from] move: Revival Blessing
|
|upkeep
|turn|36
|
|t:|1779972153
|move|p2a: Dragapult|Hex|p1a: Rabsca
|-supereffective|p1a: Rabsca
|-damage|p1a: Rabsca|0 fnt
|faint|p1a: Rabsca
|
|upkeep
|
|t:|1779972156
|switch|p1a: Pawmot|Pawmot, M, shiny|50/100
|turn|37
|
|t:|1779972159
|move|p2a: Dragapult|Draco Meteor|p1a: Pawmot
|-damage|p1a: Pawmot|0 fnt
|-unboost|p2a: Dragapult|spa|2
|faint|p1a: Pawmot
|
|win|tghvjhklk
|raw|Quagsires gf's rating: 1138 &rarr; <strong>1119</strong><br />(-19 for losing)
|raw|tghvjhklk's rating: 1227 &rarr; <strong>1246</strong><br />(+19 for winning)
|l|☆Quagsires gf
|player|p1|
|l|☆tghvjhklk
|player|p2|
