|j|☆IsntLegit
|j|☆davisas
|t:|1779858906
|gametype|singles
|player|p1|IsntLegit|brock|1131
|player|p2|davisas|102|1078
|gen|9
|tier|[Gen 9] OU
|rated|
|rule|HP Percentage Mod: HP is shown in percentages
|rule|Endless Battle Clause: Forcing endless battles is banned
|rule|Species Clause: Limit one of each Pokémon
|rule|OHKO Clause: OHKO moves are banned
|rule|Evasion Items Clause: Evasion items are banned
|rule|Evasion Moves Clause: Evasion moves are banned
|rule|Evasion Abilities Clause: Evasion abilities are banned
|rule|Sleep Moves Clause: Sleep-inducing moves are banned
|clearpoke
|poke|p1|Toxapex, F|
|poke|p1|Gliscor, M|
|poke|p1|Umbreon, F|
|poke|p1|Talonflame, M|
|poke|p1|Garchomp, F|
|poke|p1|Reuniclus, M|
|poke|p2|Iron Moth|
|poke|p2|Gliscor, M|
|poke|p2|Corviknight, F|
|poke|p2|Greninja-*, F|
|poke|p2|Lapras, F|
|poke|p2|Glimmora, M|
|teampreview
|
|t:|1779858911
|teamsize|p1|6
|teamsize|p2|6
|start
|switch|p1a: Reuniclus|Reuniclus, M|100/100
|switch|p2a: Gliscor|Gliscor, M|100/100
|turn|1
|
|t:|1779858918
|move|p2a: Gliscor|Protect|p2a: Gliscor
|-singleturn|p2a: Gliscor|Protect
|move|p1a: Reuniclus|Calm Mind|p1a: Reuniclus
|-boost|p1a: Reuniclus|spa|1
|-boost|p1a: Reuniclus|spd|1
|
|-status|p2a: Gliscor|tox|[from] item: Toxic Orb
|upkeep
|turn|2
|
|t:|1779858930
|move|p2a: Gliscor|Earthquake|p1a: Reuniclus
|-damage|p1a: Reuniclus|73/100
|move|p1a: Reuniclus|Calm Mind|p1a: Reuniclus
|-boost|p1a: Reuniclus|spa|1
|-boost|p1a: Reuniclus|spd|1
|
|upkeep
|turn|3
|
|t:|1779858936
|move|p2a: Gliscor|Earthquake|p1a: Reuniclus
|-damage|p1a: Reuniclus|45/100
|move|p1a: Reuniclus|Psychic Noise|p2a: Gliscor
|-damage|p2a: Gliscor|0 fnt
|faint|p2a: Gliscor
|
|upkeep
|
|t:|1779858943
|switch|p2a: Greninja|Greninja, F|100/100
|turn|4
|
|t:|1779858951
|-terastallize|p1a: Reuniclus|Fighting
|move|p2a: Greninja|Dark Pulse|p1a: Reuniclus
|-start|p2a: Greninja|typechange|Dark|[from] ability: Protean
|-resisted|p1a: Reuniclus
|-damage|p1a: Reuniclus|37/100
|move|p1a: Reuniclus|Focus Blast|p2a: Greninja
|-supereffective|p2a: Greninja
|-damage|p2a: Greninja|0 fnt
|faint|p2a: Greninja
|
|upkeep
|
|t:|1779858963
|switch|p2a: Iron Moth|Iron Moth|100/100
|-enditem|p2a: Iron Moth|Booster Energy
|-activate|p2a: Iron Moth|ability: Quark Drive|[fromitem]
|-start|p2a: Iron Moth|quarkdrivespa
|turn|5
|
|t:|1779858972
|move|p2a: Iron Moth|Fiery Dance|p1a: Reuniclus
|-damage|p1a: Reuniclus|9/100
|-boost|p2a: Iron Moth|spa|1
|move|p1a: Reuniclus|Recover|p1a: Reuniclus
|-heal|p1a: Reuniclus|59/100
|
|upkeep
|turn|6
|
|t:|1779858981
|move|p2a: Iron Moth|Fiery Dance|p1a: Reuniclus
|-crit|p1a: Reuniclus
|-damage|p1a: Reuniclus|0 fnt
|faint|p1a: Reuniclus
|
|upkeep
|
|t:|1779858988
|switch|p1a: Toxapex|Toxapex, F|100/100
|turn|7
|
|t:|1779858994
|move|p2a: Iron Moth|Energy Ball|p1a: Toxapex
|-damage|p1a: Toxapex|50/100
|move|p1a: Toxapex|Infestation|p2a: Iron Moth
|-resisted|p2a: Iron Moth
|-damage|p2a: Iron Moth|99/100
|-activate|p2a: Iron Moth|move: Infestation|[of] p1a: Toxapex
|
|-heal|p1a: Toxapex|56/100|[from] item: Leftovers
|-damage|p2a: Iron Moth|88/100|[from] move: Infestation|[partiallytrapped]
|upkeep
|turn|8
|
|t:|1779859004
|move|p1a: Toxapex|Baneful Bunker|p1a: Toxapex
|-singleturn|p1a: Toxapex|move: Protect
|move|p2a: Iron Moth|Energy Ball|p1a: Toxapex
|-activate|p1a: Toxapex|move: Protect
|
|-heal|p1a: Toxapex|63/100|[from] item: Leftovers
|-damage|p2a: Iron Moth|75/100|[from] move: Infestation|[partiallytrapped]
|upkeep
|turn|9
|
|t:|1779859013
|move|p2a: Iron Moth|Energy Ball|p1a: Toxapex
|-damage|p1a: Toxapex|16/100
|move|p1a: Toxapex|Recover|p1a: Toxapex
|-heal|p1a: Toxapex|66/100
|
|-heal|p1a: Toxapex|72/100|[from] item: Leftovers
|-damage|p2a: Iron Moth|63/100|[from] move: Infestation|[partiallytrapped]
|upkeep
|turn|10
|
|t:|1779859027
|move|p1a: Toxapex|Baneful Bunker|p1a: Toxapex
|-singleturn|p1a: Toxapex|move: Protect
|move|p2a: Iron Moth|Fiery Dance|p1a: Toxapex
|-activate|p1a: Toxapex|move: Protect
|
|-heal|p1a: Toxapex|78/100|[from] item: Leftovers
|-damage|p2a: Iron Moth|51/100|[from] move: Infestation|[partiallytrapped]
|upkeep
|turn|11
|
|t:|1779859039
|move|p2a: Iron Moth|Fiery Dance|p1a: Toxapex
|-resisted|p1a: Toxapex
|-damage|p1a: Toxapex|44/100
|-boost|p2a: Iron Moth|spa|1
|move|p1a: Toxapex|Recover|p1a: Toxapex
|-heal|p1a: Toxapex|94/100
|
|-heal|p1a: Toxapex|99/100|[from] item: Leftovers
|-end|p2a: Iron Moth|Infestation|[partiallytrapped]
|upkeep
|turn|12
|
|t:|1779859048
|move|p2a: Iron Moth|Protect|p2a: Iron Moth
|-singleturn|p2a: Iron Moth|Protect
|move|p1a: Toxapex|Infestation|p2a: Iron Moth
|-activate|p2a: Iron Moth|move: Protect
|
|-heal|p1a: Toxapex|100/100|[from] item: Leftovers
|upkeep
|turn|13
|
|t:|1779859055
|move|p2a: Iron Moth|Energy Ball|p1a: Toxapex
|-damage|p1a: Toxapex|37/100
|move|p1a: Toxapex|Infestation|p2a: Iron Moth
|-resisted|p2a: Iron Moth
|-damage|p2a: Iron Moth|50/100
|-activate|p2a: Iron Moth|move: Infestation|[of] p1a: Toxapex
|
|-heal|p1a: Toxapex|43/100|[from] item: Leftovers
|-damage|p2a: Iron Moth|38/100|[from] move: Infestation|[partiallytrapped]
|upkeep
|turn|14
|
|t:|1779859065
|move|p1a: Toxapex|Baneful Bunker|p1a: Toxapex
|-singleturn|p1a: Toxapex|move: Protect
|move|p2a: Iron Moth|Fiery Dance|p1a: Toxapex
|-activate|p1a: Toxapex|move: Protect
|
|-heal|p1a: Toxapex|50/100|[from] item: Leftovers
|-damage|p2a: Iron Moth|25/100|[from] move: Infestation|[partiallytrapped]
|upkeep
|turn|15
|
|t:|1779859075
|move|p2a: Iron Moth|Energy Ball|p1a: Toxapex
|-damage|p1a: Toxapex|0 fnt
|faint|p1a: Toxapex
|
|-end|p2a: Iron Moth|Infestation|[partiallytrapped]|[silent]
|upkeep
|
|t:|1779859082
|switch|p1a: Talonflame|Talonflame, M|100/100
|turn|16
|
|t:|1779859089
|move|p2a: Iron Moth|Protect|p2a: Iron Moth
|-singleturn|p2a: Iron Moth|Protect
|move|p1a: Talonflame|Flare Blitz|p2a: Iron Moth
|-activate|p2a: Iron Moth|move: Protect
|
|upkeep
|turn|17
|
|t:|1779859099
|-end|p2a: Iron Moth|Quark Drive|[silent]
|switch|p2a: Glimmora|Glimmora, M|100/100
|-item|p2a: Glimmora|Air Balloon
|move|p1a: Talonflame|Flare Blitz|p2a: Glimmora
|-resisted|p2a: Glimmora
|-damage|p2a: Glimmora|81/100
|-activate|p2a: Glimmora|ability: Toxic Debris
|-sidestart|p1: IsntLegit|move: Toxic Spikes
|-enditem|p2a: Glimmora|Air Balloon
|-damage|p1a: Talonflame|94/100|[from] Recoil
|
|upkeep
|turn|18
|
|t:|1779859111
|move|p1a: Talonflame|Defog|p2a: Glimmora
|-unboost|p2a: Glimmora|evasion|1
|-sideend|p1: IsntLegit|Toxic Spikes|[from] move: Defog|[of] p1a: Talonflame
|move|p2a: Glimmora|Toxic|p1a: Talonflame
|-status|p1a: Talonflame|tox
|
|-damage|p1a: Talonflame|88/100 tox|[from] psn
|upkeep
|turn|19
|
|t:|1779859118
|move|p2a: Glimmora|Spiky Shield|p2a: Glimmora
|-singleturn|p2a: Glimmora|move: Protect
|move|p1a: Talonflame|U-turn|p2a: Glimmora
|-activate|p2a: Glimmora|move: Protect
|-damage|p1a: Talonflame|75/100 tox|[from] Spiky Shield|[of] p2a: Glimmora
|
|-damage|p1a: Talonflame|63/100 tox|[from] psn
|upkeep
|turn|20
|
|t:|1779859132
|move|p1a: Talonflame|U-turn|p2a: Glimmora
|-resisted|p2a: Glimmora
|-damage|p2a: Glimmora|74/100
|-activate|p2a: Glimmora|ability: Toxic Debris
|-sidestart|p1: IsntLegit|move: Toxic Spikes
|
|t:|1779859146
|switch|p1a: Gliscor|Gliscor, M|100/100|[from] U-turn
|move|p2a: Glimmora|Toxic Spikes|p1a: Gliscor
|-sidestart|p1: IsntLegit|move: Toxic Spikes
|
|-status|p1a: Gliscor|tox|[from] item: Toxic Orb
|upkeep
|turn|21
|
|t:|1779859154
|move|p2a: Glimmora|Spiky Shield|p2a: Glimmora
|-singleturn|p2a: Glimmora|move: Protect
|move|p1a: Gliscor|Stealth Rock|p2a: Glimmora
|-sidestart|p2: davisas|move: Stealth Rock
|
|upkeep
|turn|22
|
|t:|1779859164
|move|p2a: Glimmora|Spiky Shield|p2a: Glimmora
|-singleturn|p2a: Glimmora|move: Protect
|move|p1a: Gliscor|Earthquake|p2a: Glimmora
|-activate|p2a: Glimmora|move: Protect
|
|upkeep
|turn|23
|
|t:|1779859175
|switch|p2a: Corviknight|Corviknight, F, shiny|100/100
|-damage|p2a: Corviknight|88/100|[from] Stealth Rock
|move|p1a: Gliscor|Knock Off|p2a: Corviknight
|-damage|p2a: Corviknight|75/100
|-enditem|p2a: Corviknight|Leftovers|[from] move: Knock Off|[of] p1a: Gliscor
|
|upkeep
|turn|24
|
|t:|1779859184
|move|p1a: Gliscor|Stealth Rock||[still]
|-fail|p1a: Gliscor
|move|p2a: Corviknight|Tailwind|p2a: Corviknight
|-sidestart|p2: davisas|move: Tailwind
|
|upkeep
|turn|25
|
|t:|1779859192
|switch|p1a: Talonflame|Talonflame, M|63/100 tox
|move|p2a: Corviknight|Drill Peck|p1a: Talonflame
|-damage|p1a: Talonflame|31/100 tox
|
|-damage|p1a: Talonflame|25/100 tox|[from] psn
|upkeep
|turn|26
|
|t:|1779859198
|move|p2a: Corviknight|Protect|p2a: Corviknight
|-singleturn|p2a: Corviknight|Protect
|move|p1a: Talonflame|Flare Blitz|p2a: Corviknight
|-activate|p2a: Corviknight|move: Protect
|
|-damage|p1a: Talonflame|13/100 tox|[from] psn
|upkeep
|turn|27
|
|t:|1779859206
|move|p1a: Talonflame|Defog|p2a: Corviknight
|-ability|p2a: Corviknight|Mirror Armor
|-unboost|p1a: Talonflame|evasion|1
|-sideend|p2: davisas|Stealth Rock|[from] move: Defog|[of] p1a: Talonflame
|-sideend|p1: IsntLegit|Toxic Spikes|[from] move: Defog|[of] p1a: Talonflame
|move|p2a: Corviknight|Drill Peck|p1a: Talonflame
|-damage|p1a: Talonflame|0 fnt
|faint|p1a: Talonflame
|
|-sideend|p2: davisas|move: Tailwind
|upkeep
|
|t:|1779859215
|switch|p1a: Garchomp|Garchomp, F|100/100
|turn|28
|
|t:|1779859219
|move|p1a: Garchomp|Fire Blast|p2a: Corviknight
|-supereffective|p2a: Corviknight
|-damage|p2a: Corviknight|38/100
|-status|p2a: Corviknight|brn
|move|p2a: Corviknight|Tailwind|p2a: Corviknight
|-sidestart|p2: davisas|move: Tailwind
|
|-damage|p2a: Corviknight|32/100 brn|[from] brn
|upkeep
|turn|29
|
|t:|1779859227
|move|p1a: Garchomp|Fire Blast|p2a: Corviknight
|-supereffective|p2a: Corviknight
|-damage|p2a: Corviknight|0 fnt
|faint|p2a: Corviknight
|
|upkeep
|
|t:|1779859231
|switch|p2a: Lapras|Lapras, F|100/100
|turn|30
|
|t:|1779859235
|switch|p1a: Umbreon|Umbreon, F|100/100
|move|p2a: Lapras|Ice Beam|p1a: Umbreon
|-damage|p1a: Umbreon|87/100
|
|-heal|p1a: Umbreon|93/100|[from] item: Leftovers
|upkeep
|turn|31
|
|t:|1779859244
|move|p2a: Lapras|Alluring Voice|p1a: Umbreon
|-supereffective|p1a: Umbreon
|-damage|p1a: Umbreon|75/100
|move|p1a: Umbreon|Toxic|p2a: Lapras
|-status|p2a: Lapras|tox
|
|-heal|p1a: Umbreon|81/100|[from] item: Leftovers
|-damage|p2a: Lapras|94/100 tox|[from] psn
|-sideend|p2: davisas|move: Tailwind
|upkeep
|turn|32
|
|t:|1779859255
|switch|p2a: Glimmora|Glimmora, M|74/100
|move|p1a: Umbreon|Protect||[still]
|-fail|p1a: Umbreon
|
|-heal|p1a: Umbreon|88/100|[from] item: Leftovers
|upkeep
|turn|33
|
|t:|1779859262
|switch|p1a: Gliscor|Gliscor, M|100/100 tox
|move|p2a: Glimmora|Toxic|p1a: Gliscor
|-fail|p1a: Gliscor|tox
|
|upkeep
|turn|34
|inactive|Battle timer is ON: inactive players will automatically lose when time's up. (requested by IsntLegit)
|
|t:|1779859272
|switch|p2a: Lapras|Lapras, F|94/100 tox
|move|p1a: Gliscor|Earthquake|p2a: Lapras
|-damage|p2a: Lapras|63/100 tox
|
|-damage|p2a: Lapras|56/100 tox|[from] psn
|upkeep
|turn|35
|
|t:|1779859280
|switch|p1a: Umbreon|Umbreon, F|88/100
|move|p2a: Lapras|Sparkling Aria|p1a: Umbreon
|-damage|p1a: Umbreon|72/100
|
|-heal|p1a: Umbreon|78/100|[from] item: Leftovers
|-damage|p2a: Lapras|44/100 tox|[from] psn
|upkeep
|turn|36
|
|t:|1779859289
|switch|p2a: Iron Moth|Iron Moth|25/100
|move|p1a: Umbreon|Wish|p1a: Umbreon
|
|-heal|p1a: Umbreon|85/100|[from] item: Leftovers
|upkeep
|turn|37
|
|t:|1779859297
|switch|p1a: Garchomp|Garchomp, F|100/100
|move|p2a: Iron Moth|Fiery Dance|p1a: Garchomp
|-resisted|p1a: Garchomp
|-damage|p1a: Garchomp|78/100
|-boost|p2a: Iron Moth|spa|1
|
|-heal|p1a: Garchomp|100/100|[from] move: Wish|[wisher] Umbreon
|upkeep
|turn|38
|
|t:|1779859307
|move|p2a: Iron Moth|Protect|p2a: Iron Moth
|-singleturn|p2a: Iron Moth|Protect
|move|p1a: Garchomp|Earthquake|p2a: Iron Moth
|-activate|p2a: Iron Moth|move: Protect
|
|upkeep
|turn|39
|
|t:|1779859313
|move|p1a: Garchomp|Earthquake|p2a: Iron Moth
|-supereffective|p2a: Iron Moth
|-damage|p2a: Iron Moth|0 fnt
|faint|p2a: Iron Moth
|-end|p2a: Iron Moth|Quark Drive|[silent]
|
|upkeep
|
|t:|1779859318
|switch|p2a: Lapras|Lapras, F|44/100 tox
|turn|40
|
|t:|1779859323
|switch|p1a: Umbreon|Umbreon, F|85/100
|move|p2a: Lapras|Ice Beam|p1a: Umbreon
|-damage|p1a: Umbreon|71/100
|
|-heal|p1a: Umbreon|77/100|[from] item: Leftovers
|-damage|p2a: Lapras|38/100 tox|[from] psn
|upkeep
|turn|41
|
|t:|1779859333
|move|p1a: Umbreon|Protect|p1a: Umbreon
|-singleturn|p1a: Umbreon|Protect
|move|p2a: Lapras|Alluring Voice|p1a: Umbreon
|-activate|p1a: Umbreon|move: Protect
|
|-heal|p1a: Umbreon|83/100|[from] item: Leftovers
|-damage|p2a: Lapras|25/100 tox|[from] psn
|upkeep
|turn|42
|
|t:|1779859342
|switch|p2a: Glimmora|Glimmora, M|74/100
|move|p1a: Umbreon|Wish|p1a: Umbreon
|
|-heal|p1a: Umbreon|89/100|[from] item: Leftovers
|upkeep
|turn|43
|
|t:|1779859348
|switch|p1a: Gliscor|Gliscor, M|100/100 tox
|move|p2a: Glimmora|Toxic|p1a: Gliscor
|-fail|p1a: Gliscor|tox
|
|upkeep
|turn|44
|
|t:|1779859354
|move|p2a: Glimmora|Spiky Shield|p2a: Glimmora
|-singleturn|p2a: Glimmora|move: Protect
|move|p1a: Gliscor|Earthquake|p2a: Glimmora
|-activate|p2a: Glimmora|move: Protect
|
|upkeep
|turn|45
|
|t:|1779859361
|move|p2a: Glimmora|Toxic Spikes|p1a: Gliscor
|-sidestart|p1: IsntLegit|move: Toxic Spikes
|move|p1a: Gliscor|Earthquake|p2a: Glimmora
|-supereffective|p2a: Glimmora
|-damage|p2a: Glimmora|0 fnt
|-activate|p2a: Glimmora|ability: Toxic Debris
|-sidestart|p1: IsntLegit|move: Toxic Spikes
|faint|p2a: Glimmora
|
|upkeep
|
|t:|1779859368
|switch|p2a: Lapras|Lapras, F|25/100 tox
|turn|46
|
|t:|1779859373
|move|p1a: Gliscor|Knock Off|p2a: Lapras
|-damage|p2a: Lapras|5/100 tox
|-enditem|p2a: Lapras|Assault Vest|[from] move: Knock Off|[of] p1a: Gliscor
|move|p2a: Lapras|Psychic|p1a: Gliscor
|-damage|p1a: Gliscor|83/100 tox
|
|-heal|p1a: Gliscor|96/100 tox|[from] ability: Poison Heal
|-damage|p2a: Lapras|0 fnt|[from] psn
|faint|p2a: Lapras
|
|win|IsntLegit
|raw|IsntLegit's rating: 1131 &rarr; <strong>1152</strong><br />(+21 for winning)
|raw|davisas's rating: 1078 &rarr; <strong>1060</strong><br />(-18 for losing)
|l|☆davisas
|player|p2|
|l|☆IsntLegit
|player|p1|
