|j|☆psaiang
|j|☆YoureGary
|t:|1779966671
|gametype|singles
|player|p1|psaiang|169|1119
|player|p2|YoureGary|ethan|1144
|gen|9
|tier|[Gen 9] OU
|rated|
|rule|HP Percentage Mod: HP is shown in percentages
|rule|Endless Battle Clause: Forcing endless battles is banned
|rule|Species Clause: Limit one of each Pokémon
|rule|OHKO Clause: OHKO moves are banned
|rule|Evasion Items Clause: Evasion items are banned
|rule|Evasion Moves Clause: Evasion moves are banned
|rule|Evasion Abilities Clause: Evasion abilities are banned
|rule|Sleep Moves Clause: Sleep-inducing moves are banned
|clearpoke
|poke|p1|Dragapult, M|
|poke|p1|Ogerpon-Wellspring, F|
|poke|p1|Blaziken, F|
|poke|p1|Glimmora, F|
|poke|p1|Corviknight, F|
|poke|p1|Ninetales, F|
|poke|p2|Snorlax, M|
|poke|p2|Deoxys-Defense|
|poke|p2|Glimmora, M|
|poke|p2|Umbreon, F|
|poke|p2|Heatran, F|
|poke|p2|Dragonite, M|
|teampreview
|inactive|Battle timer is ON: inactive players will automatically lose when time's up. (requested by YoureGary)
|
|t:|1779966676
|teamsize|p1|6
|teamsize|p2|6
|start
|switch|p1a: Blaziken|Blaziken, F|100/100
|switch|p2a: Snorlax|Snorlax, M|100/100
|turn|1
|
|t:|1779966683
|move|p1a: Blaziken|Aura Sphere|p2a: Snorlax
|-supereffective|p2a: Snorlax
|-damage|p2a: Snorlax|42/100
|-damage|p1a: Blaziken|91/100|[from] item: Life Orb
|move|p2a: Snorlax|Curse|p2a: Snorlax
|-unboost|p2a: Snorlax|spe|1
|-boost|p2a: Snorlax|atk|1
|-boost|p2a: Snorlax|def|1
|
|-heal|p2a: Snorlax|49/100|[from] item: Leftovers
|-ability|p1a: Blaziken|Speed Boost|boost
|-boost|p1a: Blaziken|spe|1
|upkeep
|turn|2
|
|t:|1779966697
|-terastallize|p2a: Snorlax|Ghost
|move|p1a: Blaziken|Aura Sphere|p2a: Snorlax
|-immune|p2a: Snorlax
|move|p2a: Snorlax|Earthquake|p1a: Blaziken
|-supereffective|p1a: Blaziken
|-damage|p1a: Blaziken|0 fnt
|faint|p1a: Blaziken
|
|-heal|p2a: Snorlax|55/100|[from] item: Leftovers
|upkeep
|
|t:|1779966700
|switch|p1a: Glimmora|Glimmora, F|100/100
|turn|3
|
|t:|1779966711
|move|p1a: Glimmora|Toxic|p2a: Snorlax
|-immune|p2a: Snorlax|[from] ability: Immunity
|move|p2a: Snorlax|Earthquake|p1a: Glimmora
|-supereffective|p1a: Glimmora
|-enditem|p1a: Glimmora|Focus Sash
|-damage|p1a: Glimmora|1/100
|-activate|p1a: Glimmora|ability: Toxic Debris
|-sidestart|p2: YoureGary|move: Toxic Spikes
|
|-heal|p2a: Snorlax|61/100|[from] item: Leftovers
|upkeep
|turn|4
|
|t:|1779966722
|move|p1a: Glimmora|Stealth Rock|p2a: Snorlax
|-sidestart|p2: YoureGary|move: Stealth Rock
|move|p2a: Snorlax|Ice Punch|p1a: Glimmora
|-damage|p1a: Glimmora|0 fnt
|-activate|p1a: Glimmora|ability: Toxic Debris
|-sidestart|p2: YoureGary|move: Toxic Spikes
|faint|p1a: Glimmora
|
|-heal|p2a: Snorlax|67/100|[from] item: Leftovers
|upkeep
|
|t:|1779966735
|switch|p1a: Corviknight|Corviknight, F|100/100
|turn|5
|
|t:|1779966740
|move|p1a: Corviknight|Brave Bird|p2a: Snorlax
|-damage|p2a: Snorlax|44/100
|-damage|p1a: Corviknight|89/100|[from] Recoil
|move|p2a: Snorlax|Ice Punch|p1a: Corviknight
|-damage|p1a: Corviknight|60/100
|
|-heal|p2a: Snorlax|50/100|[from] item: Leftovers
|upkeep
|turn|6
|
|t:|1779966750
|move|p1a: Corviknight|U-turn|p2a: Snorlax
|-resisted|p2a: Snorlax
|-damage|p2a: Snorlax|46/100
|
|t:|1779966754
|switch|p1a: Dragapult|Dragapult, M|100/100|[from] U-turn
|move|p2a: Snorlax|Ice Punch|p1a: Dragapult
|-supereffective|p1a: Dragapult
|-damage|p1a: Dragapult|23/100
|
|-heal|p2a: Snorlax|52/100|[from] item: Leftovers
|upkeep
|turn|7
|inactive|psaiang has 120 seconds left.
|inactive|psaiang has 90 seconds left.
|
|t:|1779966818
|move|p1a: Dragapult|Phantom Force||[still]
|-prepare|p1a: Dragapult|Phantom Force
|move|p2a: Snorlax|Ice Punch|p1a: Dragapult|[miss]
|-miss|p2a: Snorlax|p1a: Dragapult
|
|-heal|p2a: Snorlax|58/100|[from] item: Leftovers
|upkeep
|turn|8
|
|t:|1779966826
|move|p1a: Dragapult|Phantom Force|p2a: Snorlax|[from] lockedmove
|-supereffective|p2a: Snorlax
|-damage|p2a: Snorlax|2/100
|-damage|p1a: Dragapult|13/100|[from] item: Life Orb
|move|p2a: Snorlax|Earthquake|p1a: Dragapult
|-damage|p1a: Dragapult|0 fnt
|faint|p1a: Dragapult
|
|-heal|p2a: Snorlax|8/100|[from] item: Leftovers
|upkeep
|
|t:|1779966831
|switch|p1a: Ninetales|Ninetales, F|100/100
|-weather|SunnyDay|[from] ability: Drought|[of] p1a: Ninetales
|turn|9
|
|t:|1779966841
|move|p1a: Ninetales|Hex|p2a: Snorlax
|-supereffective|p2a: Snorlax
|-damage|p2a: Snorlax|0 fnt
|faint|p2a: Snorlax
|
|-weather|SunnyDay|[upkeep]
|upkeep
|
|t:|1779966847
|switch|p2a: Glimmora|Glimmora, M|100/100
|-sideend|p2: YoureGary|move: Toxic Spikes|[of] p2a: Glimmora
|-damage|p2a: Glimmora|88/100|[from] Stealth Rock
|turn|10
|
|t:|1779966852
|move|p1a: Ninetales|Will-O-Wisp|p2a: Glimmora|[miss]
|-miss|p1a: Ninetales|p2a: Glimmora
|move|p2a: Glimmora|Earth Power|p1a: Ninetales
|-supereffective|p1a: Ninetales
|-damage|p1a: Ninetales|38/100
|
|-weather|SunnyDay|[upkeep]
|-heal|p1a: Ninetales|44/100|[from] item: Leftovers
|upkeep
|turn|11
|
|t:|1779966861
|move|p1a: Ninetales|Solar Beam||[still]
|-prepare|p1a: Ninetales|Solar Beam
|-anim|p1a: Ninetales|Solar Beam|p2a: Glimmora
|-damage|p2a: Glimmora|58/100
|move|p2a: Glimmora|Mortal Spin|p1a: Ninetales
|-damage|p1a: Ninetales|37/100
|-status|p1a: Ninetales|psn
|-sideend|p2: YoureGary|Stealth Rock|[from] move: Mortal Spin|[of] p2a: Glimmora
|
|-weather|SunnyDay|[upkeep]
|-heal|p1a: Ninetales|43/100 psn|[from] item: Leftovers
|-damage|p1a: Ninetales|31/100 psn|[from] psn
|upkeep
|turn|12
|
|t:|1779966873
|switch|p1a: Corviknight|Corviknight, F|60/100
|move|p2a: Glimmora|Spiky Shield||[still]
|-fail|p2a: Glimmora
|
|-weather|SunnyDay|[upkeep]
|upkeep
|turn|13
|
|t:|1779966884
|move|p2a: Glimmora|Stealth Rock|p1a: Corviknight
|-sidestart|p1: psaiang|move: Stealth Rock
|move|p1a: Corviknight|Iron Head|p2a: Glimmora
|-supereffective|p2a: Glimmora
|-damage|p2a: Glimmora|0 fnt
|-activate|p2a: Glimmora|ability: Toxic Debris
|-sidestart|p1: psaiang|move: Toxic Spikes
|faint|p2a: Glimmora
|
|-weather|none
|upkeep
|
|t:|1779966896
|switch|p2a: Deoxys|Deoxys-Defense|100/100
|-ability|p2a: Deoxys|Pressure
|turn|14
|
|t:|1779966905
|move|p2a: Deoxys|Iron Defense|p2a: Deoxys
|-boost|p2a: Deoxys|def|2
|move|p1a: Corviknight|U-turn|p2a: Deoxys
|-supereffective|p2a: Deoxys
|-damage|p2a: Deoxys|84/100
|
|t:|1779966910
|switch|p1a: Ninetales|Ninetales, F|31/100 psn|[from] U-turn
|-damage|p1a: Ninetales|6/100 psn|[from] Stealth Rock
|-weather|SunnyDay|[from] ability: Drought|[of] p1a: Ninetales
|
|-weather|SunnyDay|[upkeep]
|-heal|p1a: Ninetales|12/100 psn|[from] item: Leftovers
|-heal|p2a: Deoxys|90/100|[from] item: Leftovers
|-damage|p1a: Ninetales|0 fnt|[from] psn
|faint|p1a: Ninetales
|upkeep
|
|t:|1779966913
|switch|p1a: Ogerpon|Ogerpon-Wellspring, F|100/100
|-damage|p1a: Ogerpon|88/100|[from] Stealth Rock
|-status|p1a: Ogerpon|psn
|turn|15
|
|t:|1779966926
|-terastallize|p1a: Ogerpon|Water
|detailschange|p1a: Ogerpon|Ogerpon-Wellspring-Tera, F, tera:Water
|-ability|p1a: Ogerpon|Embody Aspect (Wellspring)|boost
|-boost|p1a: Ogerpon|spd|1
|move|p1a: Ogerpon|Swords Dance|p1a: Ogerpon
|-boost|p1a: Ogerpon|atk|2
|move|p2a: Deoxys|Iron Defense|p2a: Deoxys
|-boost|p2a: Deoxys|def|2
|
|-weather|SunnyDay|[upkeep]
|-heal|p2a: Deoxys|96/100|[from] item: Leftovers
|-damage|p1a: Ogerpon|76/100 psn|[from] psn
|upkeep
|turn|16
|
|t:|1779966939
|move|p1a: Ogerpon|Ivy Cudgel|p2a: Deoxys|[anim] Ivy Cudgel Water
|-damage|p2a: Deoxys|76/100
|move|p2a: Deoxys|Iron Defense|p2a: Deoxys
|-boost|p2a: Deoxys|def|2
|
|-weather|SunnyDay|[upkeep]
|-heal|p2a: Deoxys|83/100|[from] item: Leftovers
|-damage|p1a: Ogerpon|64/100 psn|[from] psn
|upkeep
|turn|17
|
|t:|1779966949
|move|p1a: Ogerpon|Swords Dance|p1a: Ogerpon
|-boost|p1a: Ogerpon|atk|2
|move|p2a: Deoxys|Calm Mind|p2a: Deoxys
|-boost|p2a: Deoxys|spa|1
|-boost|p2a: Deoxys|spd|1
|
|-weather|SunnyDay|[upkeep]
|-heal|p2a: Deoxys|89/100|[from] item: Leftovers
|-damage|p1a: Ogerpon|51/100 psn|[from] psn
|upkeep
|turn|18
|
|t:|1779966958
|move|p1a: Ogerpon|Horn Leech|p2a: Deoxys
|-damage|p2a: Deoxys|63/100
|-heal|p1a: Ogerpon|62/100 psn|[from] drain|[of] p2a: Deoxys
|move|p2a: Deoxys|Stored Power|p1a: Ogerpon
|-damage|p1a: Ogerpon|4/100 psn
|
|-weather|none
|-heal|p2a: Deoxys|69/100|[from] item: Leftovers
|-damage|p1a: Ogerpon|0 fnt|[from] psn
|faint|p1a: Ogerpon
|detailschange|p1: Ogerpon|Ogerpon-Wellspring, F|[silent]
|upkeep
|
|t:|1779966962
|switch|p1a: Corviknight|Corviknight, F|60/100
|-damage|p1a: Corviknight|48/100|[from] Stealth Rock
|turn|19
|inactive|psaiang has 120 seconds left.
|inactive|psaiang has 90 seconds left.
|inactive|psaiang has 60 seconds left.
|inactive|psaiang has 30 seconds left.
|inactive|psaiang has 20 seconds left.
|inactive|psaiang has 15 seconds left.
|inactive|psaiang has 10 seconds left.
|inactive|psaiang has 5 seconds left.
|-message|psaiang lost due to inactivity.
|
|win|YoureGary
|raw|psaiang's rating: 1119 &rarr; <strong>1096</strong><br />(-23 for losing)
|raw|YoureGary's rating: 1144 &rarr; <strong>1167</strong><br />(+23 for winning)
|l|☆YoureGary
|player|p2|
|j|☆YoureGary
|player|p2|YoureGary|ethan|
|l|☆YoureGary
|player|p2|
|l|☆psaiang
|player|p1|
|j|☆YoureGary
|player|p2|YoureGary|ethan|
|l|☆YoureGary
|player|p2|
