|j|☆claudechamp
|j|☆asddsadasdasda
|t:|1779824633
|gametype|singles
|player|p1|claudechamp|265|1119
|player|p2|asddsadasdasda|170|1066
|gen|9
|tier|[Gen 9] OU
|rated|
|rule|HP Percentage Mod: HP is shown in percentages
|rule|Endless Battle Clause: Forcing endless battles is banned
|rule|Species Clause: Limit one of each Pokémon
|rule|OHKO Clause: OHKO moves are banned
|rule|Evasion Items Clause: Evasion items are banned
|rule|Evasion Moves Clause: Evasion moves are banned
|rule|Evasion Abilities Clause: Evasion abilities are banned
|rule|Sleep Moves Clause: Sleep-inducing moves are banned
|clearpoke
|poke|p1|Corviknight, F|
|poke|p1|Ting-Lu|
|poke|p1|Kyurem|
|poke|p1|Dondozo, M|
|poke|p1|Slowking-Galar, F|
|poke|p1|Cinderace, F|
|poke|p2|Ogerpon-Wellspring, F|
|poke|p2|Dragapult, F|
|poke|p2|Ting-Lu|
|poke|p2|Kingambit, M|
|poke|p2|Moltres|
|poke|p2|Pecharunt|
|teampreview
|c|☆claudechamp|hf
|inactive|Battle timer is ON: inactive players will automatically lose when time's up. (requested by claudechamp)
|
|t:|1779824649
|teamsize|p1|6
|teamsize|p2|6
|start
|switch|p1a: Cinderace|Cinderace, F|100/100
|switch|p2a: Moltres|Moltres|100/100
|turn|1
|
|t:|1779824662
|switch|p1a: Kyurem|Kyurem|100/100
|-ability|p1a: Kyurem|Pressure
|move|p2a: Moltres|Acrobatics|p1a: Kyurem
|-damage|p1a: Kyurem|82/100
|
|-heal|p1a: Kyurem|88/100|[from] item: Leftovers
|upkeep
|turn|2
|
|t:|1779824683
|switch|p2a: Ogerpon|Ogerpon-Wellspring, F|100/100
|move|p1a: Kyurem|Freeze-Dry|p2a: Ogerpon
|-supereffective|p2a: Ogerpon
|-damage|p2a: Ogerpon|0 fnt
|faint|p2a: Ogerpon
|
|-heal|p1a: Kyurem|94/100|[from] item: Leftovers
|upkeep
|
|t:|1779824692
|switch|p2a: Moltres|Moltres|100/100
|turn|3
|
|t:|1779824701
|move|p2a: Moltres|Flamethrower|p1a: Kyurem
|-damage|p1a: Kyurem|60/100
|move|p1a: Kyurem|Freeze-Dry|p2a: Moltres
|-damage|p2a: Moltres|58/100
|
|-heal|p1a: Kyurem|66/100|[from] item: Leftovers
|upkeep
|turn|4
|
|t:|1779824712
|-terastallize|p2a: Moltres|Fire
|move|p2a: Moltres|Flamethrower|p1a: Kyurem
|-damage|p1a: Kyurem|19/100
|move|p1a: Kyurem|Freeze-Dry|p2a: Moltres
|-resisted|p2a: Moltres
|-damage|p2a: Moltres|36/100
|
|-heal|p1a: Kyurem|25/100|[from] item: Leftovers
|upkeep
|turn|5
|
|t:|1779824720
|switch|p1a: Ting-Lu|Ting-Lu|100/100
|-ability|p1a: Ting-Lu|Vessel of Ruin
|move|p2a: Moltres|Flamethrower|p1a: Ting-Lu
|-crit|p1a: Ting-Lu
|-damage|p1a: Ting-Lu|67/100
|-status|p1a: Ting-Lu|brn
|
|-heal|p1a: Ting-Lu|73/100 brn|[from] item: Leftovers
|-damage|p1a: Ting-Lu|67/100 brn|[from] brn
|upkeep
|turn|6
|inactive|asddsadasdasda has 120 seconds left.
|
|t:|1779824751
|switch|p2a: Dragapult|Dragapult, F|100/100
|move|p1a: Ting-Lu|Rest|p1a: Ting-Lu
|-status|p1a: Ting-Lu|slp|[from] move: Rest
|-heal|p1a: Ting-Lu|100/100 slp|[silent]
|
|upkeep
|turn|7
|inactive|asddsadasdasda has 120 seconds left.
|
|t:|1779824778
|switch|p2a: Ting-Lu|Ting-Lu|100/100
|-ability|p2a: Ting-Lu|Vessel of Ruin
|cant|p1a: Ting-Lu|slp
|move|p1a: Ting-Lu|Sleep Talk|p1a: Ting-Lu
|move|p1a: Ting-Lu|Earthquake|p2a: Ting-Lu|[from] move: Sleep Talk
|-damage|p2a: Ting-Lu|83/100
|
|upkeep
|turn|8
|
|t:|1779824788
|cant|p1a: Ting-Lu|slp
|move|p1a: Ting-Lu|Sleep Talk|p1a: Ting-Lu
|move|p1a: Ting-Lu|Payback|p2a: Ting-Lu|[from] move: Sleep Talk
|-resisted|p2a: Ting-Lu
|-damage|p2a: Ting-Lu|78/100
|move|p2a: Ting-Lu|Body Press|p1a: Ting-Lu
|-supereffective|p1a: Ting-Lu
|-damage|p1a: Ting-Lu|63/100 slp
|-damage|p2a: Ting-Lu|68/100|[from] item: Life Orb
|
|-heal|p1a: Ting-Lu|69/100 slp|[from] item: Leftovers
|upkeep
|turn|9
|
|t:|1779824799
|move|p2a: Ting-Lu|Body Press|p1a: Ting-Lu
|-supereffective|p1a: Ting-Lu
|-damage|p1a: Ting-Lu|30/100 slp
|-damage|p2a: Ting-Lu|58/100|[from] item: Life Orb
|-curestatus|p1a: Ting-Lu|slp|[msg]
|move|p1a: Ting-Lu|Earthquake|p2a: Ting-Lu
|-damage|p2a: Ting-Lu|38/100
|
|-heal|p1a: Ting-Lu|36/100|[from] item: Leftovers
|upkeep
|turn|10
|
|t:|1779824808
|move|p2a: Ting-Lu|Body Press|p1a: Ting-Lu
|-supereffective|p1a: Ting-Lu
|-damage|p1a: Ting-Lu|0 fnt
|faint|p1a: Ting-Lu
|-damage|p2a: Ting-Lu|28/100|[from] item: Life Orb
|
|upkeep
|
|t:|1779824810
|switch|p1a: Kyurem|Kyurem|25/100
|-ability|p1a: Kyurem|Pressure
|turn|11
|inactive|asddsadasdasda has 120 seconds left.
|
|t:|1779824817
|move|p1a: Kyurem|Freeze-Dry|p2a: Ting-Lu
|-supereffective|p2a: Ting-Lu
|-damage|p2a: Ting-Lu|0 fnt
|faint|p2a: Ting-Lu
|
|-heal|p1a: Kyurem|31/100|[from] item: Leftovers
|upkeep
|inactive|asddsadasdasda has 120 seconds left.
|
|t:|1779824823
|switch|p2a: Moltres|Moltres, tera:Fire|36/100
|turn|12
|
|t:|1779824825
|switch|p1a: Dondozo|Dondozo, M|100/100
|move|p2a: Moltres|Roost|p2a: Moltres
|-heal|p2a: Moltres|86/100
|
|upkeep
|turn|13
|
|t:|1779824834
|switch|p2a: Pecharunt|Pecharunt|100/100
|move|p1a: Dondozo|Waterfall|p2a: Pecharunt
|-damage|p2a: Pecharunt|82/100
|
|upkeep
|turn|14
|
|t:|1779824839
|move|p2a: Pecharunt|Toxic|p1a: Dondozo
|-status|p1a: Dondozo|tox
|-start|p1a: Dondozo|confusion|[from] ability: Poison Puppeteer|[of] p2a: Pecharunt
|-activate|p1a: Dondozo|confusion
|move|p1a: Dondozo|Curse|p1a: Dondozo
|-unboost|p1a: Dondozo|spe|1
|-boost|p1a: Dondozo|atk|1
|-boost|p1a: Dondozo|def|1
|
|-damage|p1a: Dondozo|94/100 tox|[from] psn
|upkeep
|turn|15
|
|t:|1779824850
|move|p2a: Pecharunt|Hex|p1a: Dondozo
|-damage|p1a: Dondozo|61/100 tox
|-activate|p1a: Dondozo|confusion
|-damage|p1a: Dondozo|56/100 tox|[from] confusion
|
|-heal|p1a: Dondozo|62/100 tox|[from] item: Leftovers
|-damage|p1a: Dondozo|49/100 tox|[from] psn
|upkeep
|turn|16
|
|t:|1779824861
|move|p2a: Pecharunt|Hex|p1a: Dondozo
|-damage|p1a: Dondozo|14/100 tox
|-activate|p1a: Dondozo|confusion
|-damage|p1a: Dondozo|9/100 tox|[from] confusion
|
|-heal|p1a: Dondozo|15/100 tox|[from] item: Leftovers
|-damage|p1a: Dondozo|0 fnt|[from] psn
|faint|p1a: Dondozo
|upkeep
|
|t:|1779824864
|switch|p1a: Kyurem|Kyurem|31/100
|-ability|p1a: Kyurem|Pressure
|turn|17
|
|t:|1779824872
|move|p1a: Kyurem|Earth Power|p2a: Pecharunt
|-supereffective|p2a: Pecharunt
|-damage|p2a: Pecharunt|18/100
|move|p2a: Pecharunt|Toxic|p1a: Kyurem
|-status|p1a: Kyurem|tox
|-start|p1a: Kyurem|confusion|[from] ability: Poison Puppeteer|[of] p2a: Pecharunt
|
|-heal|p1a: Kyurem|37/100 tox|[from] item: Leftovers
|-damage|p1a: Kyurem|31/100 tox|[from] psn
|upkeep
|turn|18
|
|t:|1779824882
|switch|p2a: Moltres|Moltres, tera:Fire|86/100
|-activate|p1a: Kyurem|confusion
|move|p1a: Kyurem|Earth Power|p2a: Moltres
|-supereffective|p2a: Moltres
|-damage|p2a: Moltres|12/100
|
|-heal|p1a: Kyurem|37/100 tox|[from] item: Leftovers
|-damage|p1a: Kyurem|25/100 tox|[from] psn
|upkeep
|turn|19
|
|t:|1779824895
|switch|p1a: Slowking|Slowking-Galar, F|100/100
|move|p2a: Moltres|Acrobatics|p1a: Slowking
|-damage|p1a: Slowking|87/100
|
|upkeep
|turn|20
|
|t:|1779824908
|switch|p2a: Kingambit|Kingambit, M|100/100
|move|p1a: Slowking|Future Sight|p2a: Kingambit
|-start|p1a: Slowking|move: Future Sight
|
|upkeep
|turn|21
|
|t:|1779824914
|switch|p1a: Cinderace|Cinderace, F|100/100
|move|p2a: Kingambit|Swords Dance|p2a: Kingambit
|-boost|p2a: Kingambit|atk|2
|
|upkeep
|turn|22
|
|t:|1779824924
|switch|p2a: Dragapult|Dragapult, F|100/100
|move|p1a: Cinderace|Pyro Ball|p2a: Dragapult|[miss]
|-miss|p1a: Cinderace|p2a: Dragapult
|
|-end|p2a: Dragapult|move: Future Sight
|-damage|p2a: Dragapult|57/100
|upkeep
|turn|23
|
|t:|1779824931
|switch|p1a: Kyurem|Kyurem|25/100 tox
|-ability|p1a: Kyurem|Pressure
|move|p2a: Dragapult|Dragon Dance|p2a: Dragapult
|-boost|p2a: Dragapult|atk|1
|-boost|p2a: Dragapult|spe|1
|
|-heal|p1a: Kyurem|31/100 tox|[from] item: Leftovers
|-damage|p1a: Kyurem|25/100 tox|[from] psn
|upkeep
|turn|24
|
|t:|1779824941
|move|p2a: Dragapult|Outrage|p1a: Kyurem
|-supereffective|p1a: Kyurem
|-damage|p1a: Kyurem|0 fnt
|faint|p1a: Kyurem
|
|upkeep
|
|t:|1779824945
|switch|p1a: Corviknight|Corviknight, F|100/100
|-ability|p1a: Corviknight|Pressure
|turn|25
|
|t:|1779824950
|move|p2a: Dragapult|Outrage|p1a: Corviknight|[from] lockedmove
|-resisted|p1a: Corviknight
|-damage|p1a: Corviknight|77/100
|-damage|p2a: Dragapult|41/100|[from] item: Rocky Helmet|[of] p1a: Corviknight
|move|p1a: Corviknight|Brave Bird|p2a: Dragapult
|-damage|p2a: Dragapult|0 fnt
|faint|p2a: Dragapult
|-damage|p1a: Corviknight|66/100|[from] Recoil
|
|upkeep
|
|t:|1779824960
|switch|p2a: Kingambit|Kingambit, M|100/100
|turn|26
|
|t:|1779824970
|move|p1a: Corviknight|Brave Bird|p2a: Kingambit
|-resisted|p2a: Kingambit
|-damage|p2a: Kingambit|87/100
|-damage|p1a: Corviknight|62/100|[from] Recoil
|move|p2a: Kingambit|Swords Dance|p2a: Kingambit
|-boost|p2a: Kingambit|atk|2
|
|upkeep
|turn|27
|
|t:|1779824980
|move|p1a: Corviknight|Brave Bird|p2a: Kingambit
|-resisted|p2a: Kingambit
|-damage|p2a: Kingambit|72/100
|-damage|p1a: Corviknight|58/100|[from] Recoil
|move|p2a: Kingambit|Swords Dance|p2a: Kingambit
|-boost|p2a: Kingambit|atk|2
|
|upkeep
|turn|28
|
|t:|1779824994
|move|p1a: Corviknight|Brave Bird|p2a: Kingambit
|-resisted|p2a: Kingambit
|-damage|p2a: Kingambit|59/100
|-damage|p1a: Corviknight|53/100|[from] Recoil
|move|p2a: Kingambit|Night Slash|p1a: Corviknight
|-crit|p1a: Corviknight
|-damage|p1a: Corviknight|0 fnt
|-damage|p2a: Kingambit|42/100|[from] item: Rocky Helmet|[of] p1a: Corviknight
|faint|p1a: Corviknight
|-damage|p2a: Kingambit|32/100|[from] item: Life Orb
|
|upkeep
|
|t:|1779825001
|switch|p1a: Cinderace|Cinderace, F|100/100
|turn|29
|
|t:|1779825006
|move|p1a: Cinderace|Pyro Ball|p2a: Kingambit
|-supereffective|p2a: Kingambit
|-damage|p2a: Kingambit|0 fnt
|faint|p2a: Kingambit
|
|upkeep
|
|t:|1779825012
|switch|p2a: Moltres|Moltres, tera:Fire|12/100
|turn|30
|
|t:|1779825018
|switch|p1a: Slowking|Slowking-Galar, F|100/100
|move|p2a: Moltres|Roost|p2a: Moltres
|-heal|p2a: Moltres|62/100
|
|upkeep
|turn|31
|
|t:|1779825028
|move|p2a: Moltres|Roost|p2a: Moltres
|-heal|p2a: Moltres|100/100
|move|p1a: Slowking|Future Sight|p2a: Moltres
|-start|p1a: Slowking|move: Future Sight
|
|upkeep
|turn|32
|
|t:|1779825036
|switch|p2a: Pecharunt|Pecharunt|18/100
|move|p1a: Slowking|Ice Beam|p2a: Pecharunt
|-damage|p2a: Pecharunt|0 fnt
|faint|p2a: Pecharunt
|
|upkeep
|
|t:|1779825042
|switch|p2a: Moltres|Moltres, tera:Fire|100/100
|turn|33
|
|t:|1779825049
|-terastallize|p1a: Slowking|Water
|move|p2a: Moltres|Acrobatics|p1a: Slowking
|-damage|p1a: Slowking|87/100
|move|p1a: Slowking|Sludge Bomb|p2a: Moltres
|-damage|p2a: Moltres|61/100
|-status|p2a: Moltres|psn
|
|-end|p2a: Moltres|move: Future Sight
|-damage|p2a: Moltres|4/100 psn
|-damage|p2a: Moltres|0 fnt|[from] psn
|faint|p2a: Moltres
|
|win|claudechamp
|raw|claudechamp's rating: 1126 &rarr; <strong>1147</strong><br />(+21 for winning)
|raw|asddsadasdasda's rating: 1066 &rarr; <strong>1050</strong><br />(-16 for losing)
|c|☆claudechamp|gg
|l|☆asddsadasdasda
|player|p2|
