|j|☆underestima....
|j|☆Akuub1
|t:|1779809357
|gametype|singles
|player|p1|underestima....|266|1131
|player|p2|Akuub1|iris-gen5bw2|1118
|gen|9
|tier|[Gen 9] OU
|rated|
|rule|HP Percentage Mod: HP is shown in percentages
|rule|Endless Battle Clause: Forcing endless battles is banned
|rule|Species Clause: Limit one of each Pokémon
|rule|OHKO Clause: OHKO moves are banned
|rule|Evasion Items Clause: Evasion items are banned
|rule|Evasion Moves Clause: Evasion moves are banned
|rule|Evasion Abilities Clause: Evasion abilities are banned
|rule|Sleep Moves Clause: Sleep-inducing moves are banned
|clearpoke
|poke|p1|Kingambit, M|
|poke|p1|Zapdos-Galar|
|poke|p1|Revavroom, F|
|poke|p1|Haxorus, F|
|poke|p1|Primarina, F|
|poke|p1|Moltres-Galar|
|poke|p2|Volbeat, M|
|poke|p2|Frosmoth, M|
|poke|p2|Ariados, F|
|poke|p2|Vikavolt, F|
|poke|p2|Lokix, F|
|poke|p2|Forretress, F|
|teampreview
|inactive|Battle timer is ON: inactive players will automatically lose when time's up. (requested by Akuub1)
|c|☆Akuub1|You listen to [Honesty O?]
|
|t:|1779809376
|teamsize|p1|6
|teamsize|p2|6
|start
|switch|p1a: Moltres|Moltres-Galar|100/100
|switch|p2a: Gamma|Volbeat, M, shiny|100/100
|turn|1
|
|t:|1779809396
|move|p2a: Gamma|Thunder Wave|p1a: Moltres
|-hint|Since gen 7, Dark is immune to Prankster moves.
|-immune|p1a: Moltres
|move|p1a: Moltres|Air Slash|p2a: Gamma
|-supereffective|p2a: Gamma
|-damage|p2a: Gamma|0 fnt
|faint|p2a: Gamma
|
|upkeep
|c|☆Akuub1|oh yeah [ur dark]
|
|t:|1779809413
|switch|p2a: Glass|Frosmoth, M, shiny|100/100
|turn|2
|
|t:|1779809417
|-terastallize|p1a: Moltres|Ghost
|move|p1a: Moltres|Air Slash|p2a: Glass
|-supereffective|p2a: Glass
|-damage|p2a: Glass|31/100
|move|p2a: Glass|Quiver Dance|p2a: Glass
|-boost|p2a: Glass|spa|1
|-boost|p2a: Glass|spd|1
|-boost|p2a: Glass|spe|1
|
|upkeep
|turn|3
|
|t:|1779809422
|move|p2a: Glass|Ice Beam|p1a: Moltres
|-damage|p1a: Moltres|19/100
|-ability|p1a: Moltres|Berserk|boost
|-boost|p1a: Moltres|spa|1
|-damage|p2a: Glass|21/100|[from] item: Life Orb
|move|p1a: Moltres|Air Slash|p2a: Glass
|-supereffective|p2a: Glass
|-damage|p2a: Glass|0 fnt
|faint|p2a: Glass
|
|upkeep
|
|t:|1779809433
|switch|p2a: Ari|Ariados, F, shiny|100/100
|turn|4
|
|t:|1779809435
|move|p2a: Ari|Shadow Sneak|p1a: Moltres
|-supereffective|p1a: Moltres
|-damage|p1a: Moltres|0 fnt
|faint|p1a: Moltres
|
|upkeep
|
|t:|1779809442
|switch|p1a: Zapdos|Zapdos-Galar|100/100
|turn|5
|
|t:|1779809446
|move|p1a: Zapdos|Brave Bird|p2a: Ari
|-supereffective|p2a: Ari
|-damage|p2a: Ari|0 fnt
|faint|p2a: Ari
|-damage|p1a: Zapdos|72/100|[from] Recoil
|
|upkeep
|
|t:|1779809457
|switch|p2a: Seras|Forretress, F|100/100
|turn|6
|
|t:|1779809460
|move|p1a: Zapdos|Brave Bird|p2a: Seras
|-damage|p2a: Seras|36/100
|-damage|p1a: Zapdos|52/100|[from] Recoil
|move|p2a: Seras|Pounce|p1a: Zapdos
|-resisted|p1a: Zapdos
|-damage|p1a: Zapdos|48/100
|-unboost|p1a: Zapdos|spe|1
|-ability|p1a: Zapdos|Defiant|boost
|-boost|p1a: Zapdos|atk|2
|
|-heal|p2a: Seras|42/100|[from] item: Leftovers
|upkeep
|turn|7
|
|t:|1779809467
|move|p1a: Zapdos|Brave Bird|p2a: Seras
|-damage|p2a: Seras|0 fnt
|faint|p2a: Seras
|-damage|p1a: Zapdos|35/100|[from] Recoil
|
|upkeep
|
|t:|1779809470
|switch|p2a: Nauta|Vikavolt, F, shiny|100/100
|turn|8
|
|t:|1779809473
|move|p1a: Zapdos|Brave Bird|p2a: Nauta
|-damage|p2a: Nauta|0 fnt
|faint|p2a: Nauta
|-damage|p1a: Zapdos|5/100|[from] Recoil
|
|upkeep
|
|t:|1779809476
|switch|p2a: Kiki|Lokix, F|100/100
|turn|9
|
|t:|1779809480
|move|p2a: Kiki|First Impression|p1a: Zapdos
|-resisted|p1a: Zapdos
|-damage|p1a: Zapdos|0 fnt
|faint|p1a: Zapdos
|-damage|p2a: Kiki|91/100|[from] item: Life Orb
|
|upkeep
|
|t:|1779809487
|switch|p1a: Haxorus|Haxorus, F|100/100
|-ability|p1a: Haxorus|Mold Breaker
|turn|10
|
|t:|1779809490
|move|p1a: Haxorus|Dragon Claw|p2a: Kiki
|-damage|p2a: Kiki|6/100
|-damage|p1a: Haxorus|91/100|[from] item: Life Orb
|move|p2a: Kiki|Knock Off|p1a: Haxorus
|-damage|p1a: Haxorus|21/100
|-enditem|p1a: Haxorus|Life Orb|[from] move: Knock Off|[of] p2a: Kiki
|-damage|p2a: Kiki|0 fnt|[from] item: Life Orb
|faint|p2a: Kiki
|
|win|underestima....
|raw|underestima....'s rating: 1131 &rarr; <strong>1155</strong><br />(+24 for winning)
|raw|Akuub1's rating: 1118 &rarr; <strong>1094</strong><br />(-24 for losing)
|c|☆underestima....|hhs
|c|☆underestima....|ggs
|l|☆underestima....
|player|p1|
|c|☆Akuub1|[GG]
|l|☆Akuub1
|player|p2|
