|j|☆indoubtwaterspout
|j|☆trashcan_343
|t:|1779891663
|gametype|singles
|player|p1|indoubtwaterspout|266|1463
|player|p2|trashcan_343|fisherman-gen4|1518
|gen|9
|tier|[Gen 9] OU
|rated|
|rule|HP Percentage Mod: HP is shown in percentages
|rule|Endless Battle Clause: Forcing endless battles is banned
|rule|Species Clause: Limit one of each Pokémon
|rule|OHKO Clause: OHKO moves are banned
|rule|Evasion Items Clause: Evasion items are banned
|rule|Evasion Moves Clause: Evasion moves are banned
|rule|Evasion Abilities Clause: Evasion abilities are banned
|rule|Sleep Moves Clause: Sleep-inducing moves are banned
|clearpoke
|poke|p1|Pecharunt|
|poke|p1|Great Tusk|
|poke|p1|Kingambit, M|
|poke|p1|Ogerpon-Wellspring, F|
|poke|p1|Raging Bolt|
|poke|p1|Enamorus, F|
|poke|p2|Metagross|
|poke|p2|Hippowdon, F|
|poke|p2|Ogerpon-Cornerstone, F|
|poke|p2|Goodra-Hisui, M|
|poke|p2|Mandibuzz, F|
|poke|p2|Garganacl, F|
|teampreview
|inactive|Battle timer is ON: inactive players will automatically lose when time's up. (requested by indoubtwaterspout)
|inactive|indoubtwaterspout has 120 seconds left.
|
|t:|1779891702
|teamsize|p1|6
|teamsize|p2|6
|start
|switch|p1a: Enamorus|Enamorus, F, shiny|100/100
|switch|p2a: Ogerpon|Ogerpon-Cornerstone, F|100/100
|turn|1
|inactive|trashcan_343 has 120 seconds left.
|
|t:|1779891736
|switch|p1a: Pecharunt|Pecharunt|100/100
|move|p2a: Ogerpon|Ivy Cudgel|p1a: Pecharunt|[anim] Ivy Cudgel Rock
|-damage|p1a: Pecharunt|73/100
|
|upkeep
|turn|2
|
|t:|1779891741
|move|p2a: Ogerpon|U-turn|p1a: Pecharunt
|-resisted|p1a: Pecharunt
|-damage|p1a: Pecharunt|69/100
|
|t:|1779891743
|switch|p2a: Pink Salt|Garganacl, F|100/100|[from] U-turn
|move|p1a: Pecharunt|Parting Shot|p2a: Pink Salt
|-unboost|p2a: Pink Salt|atk|1
|-unboost|p2a: Pink Salt|spa|1
|
|t:|1779891750
|switch|p1a: Ogerpon|Ogerpon-Wellspring, F|100/100|[from] Parting Shot
|
|upkeep
|turn|3
|
|t:|1779891756
|switch|p2a: Mandibuzz|Mandibuzz, F|100/100
|move|p1a: Ogerpon|Knock Off|p2a: Mandibuzz
|-resisted|p2a: Mandibuzz
|-damage|p2a: Mandibuzz|88/100
|-enditem|p2a: Mandibuzz|Heavy-Duty Boots|[from] move: Knock Off|[of] p1a: Ogerpon
|
|upkeep
|turn|4
|
|t:|1779891765
|switch|p1a: Great Tusk|Great Tusk, shiny|100/100
|move|p2a: Mandibuzz|Toxic|p1a: Great Tusk
|-status|p1a: Great Tusk|tox
|
|-damage|p1a: Great Tusk|94/100 tox|[from] psn
|upkeep
|turn|5
|
|t:|1779891769
|move|p1a: Great Tusk|Stealth Rock|p2a: Mandibuzz
|-sidestart|p2: trashcan_343|move: Stealth Rock
|move|p2a: Mandibuzz|Defog|p1a: Great Tusk
|-unboost|p1a: Great Tusk|evasion|1
|-sideend|p2: trashcan_343|Stealth Rock|[from] move: Defog|[of] p2a: Mandibuzz
|
|-damage|p1a: Great Tusk|82/100 tox|[from] psn
|upkeep
|turn|6
|
|t:|1779891775
|-end|p1a: Great Tusk|Protosynthesis|[silent]
|switch|p1a: Raging Bolt|Raging Bolt|100/100
|move|p2a: Mandibuzz|Roost|p2a: Mandibuzz
|-heal|p2a: Mandibuzz|100/100
|-singleturn|p2a: Mandibuzz|move: Roost
|
|upkeep
|turn|7
|
|t:|1779891780
|switch|p2a: Snail|Goodra-Hisui, M|100/100
|move|p1a: Raging Bolt|Dragon Pulse|p2a: Snail
|-damage|p2a: Snail|79/100
|
|upkeep
|turn|8
|
|t:|1779891789
|-end|p1a: Raging Bolt|Protosynthesis|[silent]
|switch|p1a: Pecharunt|Pecharunt|69/100
|move|p2a: Snail|Ice Beam|p1a: Pecharunt
|-damage|p1a: Pecharunt|39/100
|
|upkeep
|turn|9
|
|t:|1779891795
|switch|p2a: Pink Salt|Garganacl, F|100/100
|move|p1a: Pecharunt|Recover|p1a: Pecharunt
|-heal|p1a: Pecharunt|89/100
|
|upkeep
|turn|10
|
|t:|1779891809
|move|p1a: Pecharunt|Parting Shot|p2a: Pink Salt
|-unboost|p2a: Pink Salt|atk|1
|-unboost|p2a: Pink Salt|spa|1
|
|t:|1779891816
|switch|p1a: Raging Bolt|Raging Bolt|100/100|[from] Parting Shot
|move|p2a: Pink Salt|Salt Cure|p1a: Raging Bolt
|-damage|p1a: Raging Bolt|92/100
|-start|p1a: Raging Bolt|Salt Cure
|
|-heal|p1a: Raging Bolt|98/100|[from] item: Leftovers
|-damage|p1a: Raging Bolt|86/100|[from] Salt Cure
|upkeep
|turn|11
|
|t:|1779891824
|switch|p2a: Hippowdon|Hippowdon, F|100/100
|-weather|Sandstorm|[from] ability: Sand Stream|[of] p2a: Hippowdon
|move|p1a: Raging Bolt|Calm Mind|p1a: Raging Bolt
|-boost|p1a: Raging Bolt|spa|1
|-boost|p1a: Raging Bolt|spd|1
|
|-weather|Sandstorm|[upkeep]
|-damage|p1a: Raging Bolt|80/100|[from] Sandstorm
|-heal|p1a: Raging Bolt|86/100|[from] item: Leftovers
|-damage|p1a: Raging Bolt|73/100|[from] Salt Cure
|upkeep
|turn|12
|
|t:|1779891831
|-end|p1a: Raging Bolt|Protosynthesis|[silent]
|switch|p1a: Ogerpon|Ogerpon-Wellspring, F|100/100
|switch|p2a: Snail|Goodra-Hisui, M|79/100
|
|-weather|Sandstorm|[upkeep]
|-damage|p1a: Ogerpon|95/100|[from] Sandstorm
|upkeep
|turn|13
|
|t:|1779891842
|switch|p1a: Great Tusk|Great Tusk, shiny|82/100 tox
|switch|p2a: Mandibuzz|Mandibuzz, F|100/100
|
|-weather|Sandstorm|[upkeep]
|-damage|p1a: Great Tusk|76/100 tox|[from] psn
|upkeep
|turn|14
|
|t:|1779891861
|-end|p1a: Great Tusk|Protosynthesis|[silent]
|switch|p1a: Raging Bolt|Raging Bolt|73/100
|move|p2a: Mandibuzz|Foul Play|p1a: Raging Bolt
|-damage|p1a: Raging Bolt|54/100
|
|-weather|Sandstorm|[upkeep]
|-damage|p1a: Raging Bolt|48/100|[from] Sandstorm
|-heal|p1a: Raging Bolt|54/100|[from] item: Leftovers
|upkeep
|turn|15
|
|t:|1779891874
|switch|p2a: Snail|Goodra-Hisui, M|79/100
|move|p1a: Raging Bolt|Dragon Pulse|p2a: Snail
|-damage|p2a: Snail|56/100
|
|-weather|none
|-heal|p1a: Raging Bolt|60/100|[from] item: Leftovers
|upkeep
|turn|16
|
|t:|1779891881
|move|p1a: Raging Bolt|Protect|p1a: Raging Bolt
|-singleturn|p1a: Raging Bolt|Protect
|move|p2a: Snail|Flamethrower|p1a: Raging Bolt
|-activate|p1a: Raging Bolt|move: Protect
|
|-heal|p1a: Raging Bolt|67/100|[from] item: Leftovers
|upkeep
|turn|17
|
|t:|1779891888
|-end|p1a: Raging Bolt|Protosynthesis|[silent]
|switch|p1a: Pecharunt|Pecharunt|89/100
|move|p2a: Snail|Ice Beam|p1a: Pecharunt
|-damage|p1a: Pecharunt|60/100
|
|upkeep
|turn|18
|
|t:|1779891894
|move|p1a: Pecharunt|Parting Shot|p2a: Snail
|-unboost|p2a: Snail|atk|1
|-unboost|p2a: Snail|spa|1
|
|t:|1779891901
|switch|p1a: Ogerpon|Ogerpon-Wellspring, F|95/100|[from] Parting Shot
|move|p2a: Snail|Flash Cannon|p1a: Ogerpon
|-resisted|p1a: Ogerpon
|-crit|p1a: Ogerpon
|-damage|p1a: Ogerpon|60/100
|
|upkeep
|turn|19
|
|t:|1779891906
|switch|p2a: Mandibuzz|Mandibuzz, F|100/100
|move|p1a: Ogerpon|Knock Off|p2a: Mandibuzz
|-resisted|p2a: Mandibuzz
|-damage|p2a: Mandibuzz|94/100
|
|upkeep
|turn|20
|
|t:|1779891911
|switch|p1a: Pecharunt|Pecharunt|60/100
|switch|p2a: Metagross|Metagross|100/100
|
|upkeep
|turn|21
|
|t:|1779891916
|move|p1a: Pecharunt|Parting Shot|p2a: Metagross
|-fail|p2a: Metagross|unboost|[from] ability: Clear Body|[of] p2a: Metagross
|move|p2a: Metagross|Zen Headbutt|p1a: Pecharunt
|-supereffective|p1a: Pecharunt
|-damage|p1a: Pecharunt|19/100
|
|upkeep
|turn|22
|
|t:|1779891927
|move|p1a: Pecharunt|Recover|p1a: Pecharunt
|-heal|p1a: Pecharunt|69/100
|move|p2a: Metagross|Earthquake|p1a: Pecharunt
|-supereffective|p1a: Pecharunt
|-damage|p1a: Pecharunt|34/100
|
|upkeep
|turn|23
|
|t:|1779891929
|move|p1a: Pecharunt|Recover|p1a: Pecharunt
|-heal|p1a: Pecharunt|84/100
|move|p2a: Metagross|Zen Headbutt|p1a: Pecharunt
|-supereffective|p1a: Pecharunt
|-damage|p1a: Pecharunt|40/100
|
|upkeep
|turn|24
|
|t:|1779891935
|move|p1a: Pecharunt|Recover|p1a: Pecharunt
|-heal|p1a: Pecharunt|90/100
|move|p2a: Metagross|Heavy Slam|p1a: Pecharunt
|-damage|p1a: Pecharunt|49/100
|
|upkeep
|turn|25
|
|t:|1779891937
|move|p1a: Pecharunt|Foul Play|p2a: Metagross
|-supereffective|p2a: Metagross
|-damage|p2a: Metagross|46/100
|move|p2a: Metagross|Zen Headbutt|p1a: Pecharunt
|-supereffective|p1a: Pecharunt
|-damage|p1a: Pecharunt|7/100
|
|upkeep
|turn|26
|
|t:|1779891939
|move|p2a: Metagross|Bullet Punch|p1a: Pecharunt
|-damage|p1a: Pecharunt|0 fnt
|faint|p1a: Pecharunt
|
|upkeep
|
|t:|1779891951
|switch|p1a: Great Tusk|Great Tusk, shiny|76/100 tox
|turn|27
|
|t:|1779891954
|move|p1a: Great Tusk|Stealth Rock|p2a: Metagross
|-sidestart|p2: trashcan_343|move: Stealth Rock
|move|p2a: Metagross|Zen Headbutt|p1a: Great Tusk
|-supereffective|p1a: Great Tusk
|-damage|p1a: Great Tusk|5/100 tox
|-damage|p2a: Metagross|30/100|[from] item: Rocky Helmet|[of] p1a: Great Tusk
|
|-damage|p1a: Great Tusk|0 fnt|[from] psn
|faint|p1a: Great Tusk
|-end|p1a: Great Tusk|Protosynthesis|[silent]
|upkeep
|
|t:|1779891958
|switch|p1a: Ogerpon|Ogerpon-Wellspring, F|60/100
|turn|28
|
|t:|1779891961
|move|p1a: Ogerpon|Swords Dance|p1a: Ogerpon
|-boost|p1a: Ogerpon|atk|2
|move|p2a: Metagross|Heavy Slam|p1a: Ogerpon
|-resisted|p1a: Ogerpon
|-damage|p1a: Ogerpon|7/100
|
|upkeep
|turn|29
|
|t:|1779891963
|move|p2a: Metagross|Bullet Punch|p1a: Ogerpon
|-resisted|p1a: Ogerpon
|-damage|p1a: Ogerpon|0 fnt
|faint|p1a: Ogerpon
|
|upkeep
|-message|indoubtwaterspout forfeited.
|
|win|trashcan_343
|raw|indoubtwaterspout's rating: 1463 &rarr; <strong>1446</strong><br />(-17 for losing)
|raw|trashcan_343's rating: 1518 &rarr; <strong>1535</strong><br />(+17 for winning)
|l|☆indoubtwaterspout
|player|p1|
|l|☆trashcan_343
|player|p2|
