|j|☆Hairyrichard69er
|j|☆Snoboh
|t:|1779805113
|gametype|singles
|player|p1|Hairyrichard69er|266|1350
|player|p2|Snoboh|gentleman-gen4|1386
|gen|9
|tier|[Gen 9] OU
|rated|
|rule|HP Percentage Mod: HP is shown in percentages
|rule|Endless Battle Clause: Forcing endless battles is banned
|rule|Species Clause: Limit one of each Pokémon
|rule|OHKO Clause: OHKO moves are banned
|rule|Evasion Items Clause: Evasion items are banned
|rule|Evasion Moves Clause: Evasion moves are banned
|rule|Evasion Abilities Clause: Evasion abilities are banned
|rule|Sleep Moves Clause: Sleep-inducing moves are banned
|clearpoke
|poke|p1|Venusaur, F|
|poke|p1|Blaziken, F|
|poke|p1|Primarina, M|
|poke|p1|Greninja-*, M|
|poke|p1|Rillaboom, F|
|poke|p1|Swampert, M|
|poke|p2|Kyurem|
|poke|p2|Zamazenta-*|
|poke|p2|Darkrai|
|poke|p2|Deoxys-Speed|
|poke|p2|Garchomp, M|
|poke|p2|Tyranitar, F|
|teampreview
|inactive|Battle timer is ON: inactive players will automatically lose when time's up. (requested by Snoboh)
|inactive|Snoboh has 120 seconds left.
|inactive|Snoboh has 90 seconds left.
|
|t:|1779805186
|teamsize|p1|6
|teamsize|p2|6
|start
|switch|p1a: Primarina|Primarina, M|100/100
|switch|p2a: Tyranitar|Tyranitar, F|100/100
|-weather|Sandstorm|[from] ability: Sand Stream|[of] p2a: Tyranitar
|turn|1
|
|t:|1779805213
|move|p2a: Tyranitar|Stone Edge|p1a: Primarina
|-damage|p1a: Primarina|0 fnt
|faint|p1a: Primarina
|
|-weather|Sandstorm|[upkeep]
|upkeep
|
|t:|1779805216
|switch|p1a: Blaziken|Blaziken, F|100/100
|turn|2
|
|t:|1779805222
|move|p1a: Blaziken|Swords Dance|p1a: Blaziken
|-boost|p1a: Blaziken|atk|2
|move|p2a: Tyranitar|Stone Edge|p1a: Blaziken|[miss]
|-miss|p2a: Tyranitar|p1a: Blaziken
|
|-weather|Sandstorm|[upkeep]
|-damage|p1a: Blaziken|95/100|[from] Sandstorm
|-ability|p1a: Blaziken|Speed Boost|boost
|-boost|p1a: Blaziken|spe|1
|upkeep
|turn|3
|
|t:|1779805230
|-terastallize|p2a: Tyranitar|Ghost
|move|p1a: Blaziken|Close Combat|p2a: Tyranitar
|-immune|p2a: Tyranitar
|move|p2a: Tyranitar|Stone Edge|p1a: Blaziken
|-crit|p1a: Blaziken
|-damage|p1a: Blaziken|0 fnt
|faint|p1a: Blaziken
|
|-weather|Sandstorm|[upkeep]
|-damage|p2a: Tyranitar|94/100|[from] Sandstorm
|upkeep
|
|t:|1779805249
|switch|p1a: Rillaboom|Rillaboom, F|100/100
|-fieldstart|move: Grassy Terrain|[from] ability: Grassy Surge|[of] p1a: Rillaboom
|turn|4
|
|t:|1779805252
|move|p1a: Rillaboom|Knock Off|p2a: Tyranitar
|-supereffective|p2a: Tyranitar
|-damage|p2a: Tyranitar|12/100
|-enditem|p2a: Tyranitar|Choice Band|[from] move: Knock Off|[of] p1a: Rillaboom
|move|p2a: Tyranitar|Stone Edge|p1a: Rillaboom
|-damage|p1a: Rillaboom|38/100
|
|-weather|Sandstorm|[upkeep]
|-damage|p1a: Rillaboom|32/100|[from] Sandstorm
|-damage|p2a: Tyranitar|6/100|[from] Sandstorm
|-heal|p1a: Rillaboom|38/100|[from] Grassy Terrain
|-heal|p2a: Tyranitar|12/100|[from] Grassy Terrain
|upkeep
|turn|5
|
|t:|1779805259
|move|p1a: Rillaboom|Knock Off|p2a: Tyranitar
|-supereffective|p2a: Tyranitar
|-damage|p2a: Tyranitar|0 fnt
|faint|p2a: Tyranitar
|
|-weather|none
|-heal|p1a: Rillaboom|44/100|[from] Grassy Terrain
|upkeep
|
|t:|1779805274
|switch|p2a: Zamazenta|Zamazenta|100/100
|-ability|p2a: Zamazenta|Dauntless Shield|boost
|-boost|p2a: Zamazenta|def|1
|turn|6
|
|t:|1779805284
|switch|p1a: Venusaur|Venusaur, F|100/100
|move|p2a: Zamazenta|Close Combat|p1a: Venusaur
|-resisted|p1a: Venusaur
|-damage|p1a: Venusaur|53/100
|-unboost|p2a: Zamazenta|def|1
|-unboost|p2a: Zamazenta|spd|1
|
|-heal|p1a: Venusaur|59/100|[from] Grassy Terrain
|-heal|p1a: Venusaur|65/100|[from] item: Black Sludge
|upkeep
|turn|7
|
|t:|1779805296
|switch|p2a: Deoxys|Deoxys-Speed|100/100
|-ability|p2a: Deoxys|Pressure
|move|p1a: Venusaur|Leech Seed|p2a: Deoxys
|-start|p2a: Deoxys|move: Leech Seed
|
|-heal|p1a: Venusaur|71/100|[from] Grassy Terrain
|-heal|p1a: Venusaur|77/100|[from] item: Black Sludge
|-damage|p2a: Deoxys|88/100|[from] Leech Seed|[of] p1a: Venusaur
|-heal|p1a: Venusaur|85/100|[silent]
|upkeep
|turn|8
|
|t:|1779805306
|switch|p1a: Greninja|Greninja, M|100/100
|move|p2a: Deoxys|Energy Ball|p1a: Greninja
|-supereffective|p1a: Greninja
|-damage|p1a: Greninja|0 fnt
|faint|p1a: Greninja
|
|-heal|p2a: Deoxys|94/100|[from] Grassy Terrain
|-fieldend|move: Grassy Terrain
|upkeep
|
|t:|1779805314
|switch|p1a: Rillaboom|Rillaboom, F|44/100
|-fieldstart|move: Grassy Terrain|[from] ability: Grassy Surge|[of] p1a: Rillaboom
|turn|9
|
|t:|1779805317
|move|p2a: Deoxys|Energy Ball|p1a: Rillaboom
|-resisted|p1a: Rillaboom
|-damage|p1a: Rillaboom|6/100
|move|p1a: Rillaboom|U-turn|p2a: Deoxys
|-supereffective|p2a: Deoxys
|-damage|p2a: Deoxys|0 fnt
|faint|p2a: Deoxys
|
|t:|1779805323
|switch|p1a: Venusaur|Venusaur, F|85/100|[from] U-turn
|
|-heal|p1a: Venusaur|91/100|[from] Grassy Terrain
|-heal|p1a: Venusaur|97/100|[from] item: Black Sludge
|upkeep
|
|t:|1779805332
|switch|p2a: Darkrai|Darkrai|100/100
|turn|10
|
|t:|1779805337
|move|p2a: Darkrai|Psyshock|p1a: Venusaur
|-supereffective|p1a: Venusaur
|-damage|p1a: Venusaur|2/100
|move|p1a: Venusaur|Giga Drain|p2a: Darkrai
|-damage|p2a: Darkrai|2/100
|-heal|p1a: Venusaur|40/100|[from] drain|[of] p2a: Darkrai
|
|-heal|p2a: Darkrai|8/100|[from] Grassy Terrain
|-heal|p1a: Venusaur|46/100|[from] Grassy Terrain
|-heal|p1a: Venusaur|52/100|[from] item: Black Sludge
|upkeep
|turn|11
|
|t:|1779805344
|move|p2a: Darkrai|Psyshock|p1a: Venusaur
|-supereffective|p1a: Venusaur
|-damage|p1a: Venusaur|0 fnt
|faint|p1a: Venusaur
|
|-heal|p2a: Darkrai|14/100|[from] Grassy Terrain
|upkeep
|
|t:|1779805345
|switch|p1a: Rillaboom|Rillaboom, F|6/100
|turn|12
|
|t:|1779805351
|switch|p2a: Garchomp|Garchomp, M|100/100
|move|p1a: Rillaboom|U-turn|p2a: Garchomp
|-damage|p2a: Garchomp|67/100
|-damage|p1a: Rillaboom|0 fnt|[from] ability: Rough Skin|[of] p2a: Garchomp
|faint|p1a: Rillaboom
|
|-heal|p2a: Garchomp|74/100|[from] Grassy Terrain
|upkeep
|
|t:|1779805356
|switch|p1a: Swampert|Swampert, M|100/100
|turn|13
|-message|Hairyrichard69er forfeited.
|
|win|Snoboh
|raw|Hairyrichard69er's rating: 1350 &rarr; <strong>1332</strong><br />(-18 for losing)
|raw|Snoboh's rating: 1386 &rarr; <strong>1404</strong><br />(+18 for winning)
|l|☆Hairyrichard69er
|player|p1|
|l|☆Snoboh
|player|p2|
