|j|☆elokai
|j|☆Naturmacht
|t:|1779827588
|gametype|singles
|player|p1|elokai|pokefanf-gen4|1445
|player|p2|Naturmacht|drake-gen3|1448
|gen|9
|tier|[Gen 9] OU
|rated|
|rule|HP Percentage Mod: HP is shown in percentages
|rule|Endless Battle Clause: Forcing endless battles is banned
|rule|Species Clause: Limit one of each Pokémon
|rule|OHKO Clause: OHKO moves are banned
|rule|Evasion Items Clause: Evasion items are banned
|rule|Evasion Moves Clause: Evasion moves are banned
|rule|Evasion Abilities Clause: Evasion abilities are banned
|rule|Sleep Moves Clause: Sleep-inducing moves are banned
|clearpoke
|poke|p1|Glimmora, F|
|poke|p1|Kingambit, F|
|poke|p1|Gholdengo|
|poke|p1|Dragonite, F|
|poke|p1|Ogerpon-Wellspring, F|
|poke|p1|Zamazenta-*|
|poke|p2|Rillaboom, M|
|poke|p2|Hatterene, F|
|poke|p2|Heatran, M|
|poke|p2|Clodsire, M|
|poke|p2|Corviknight, M|
|poke|p2|Ogerpon-Wellspring, F|
|teampreview
|inactive|Battle timer is ON: inactive players will automatically lose when time's up. (requested by Naturmacht)
|inactive|elokai also wants the timer to be on.
|
|t:|1779827606
|teamsize|p1|6
|teamsize|p2|6
|start
|switch|p1a: Kingambit|Kingambit, F, shiny|100/100
|switch|p2a: Clodsire|Clodsire, M|100/100
|turn|1
|
|t:|1779827618
|switch|p2a: Corviknight|Corviknight, M|100/100
|-ability|p2a: Corviknight|Pressure
|move|p1a: Kingambit|Swords Dance|p1a: Kingambit
|-boost|p1a: Kingambit|atk|2
|
|upkeep
|turn|2
|
|t:|1779827629
|move|p1a: Kingambit|Kowtow Cleave|p2a: Corviknight
|-damage|p2a: Corviknight|43/100
|-damage|p1a: Kingambit|84/100|[from] item: Rocky Helmet|[of] p2a: Corviknight
|move|p2a: Corviknight|Iron Defense|p2a: Corviknight
|-boost|p2a: Corviknight|def|2
|
|-heal|p1a: Kingambit|90/100|[from] item: Leftovers
|upkeep
|turn|3
|
|t:|1779827637
|-end|p1a: Kingambit|fallenundefined|[silent]
|switch|p1a: Glimmora|Glimmora, F, shiny|100/100
|move|p2a: Corviknight|Roost|p2a: Corviknight
|-heal|p2a: Corviknight|93/100
|-singleturn|p2a: Corviknight|move: Roost
|
|upkeep
|turn|4
|
|t:|1779827644
|move|p1a: Glimmora|Stealth Rock|p2a: Corviknight
|-sidestart|p2: Naturmacht|move: Stealth Rock
|move|p2a: Corviknight|Body Press|p1a: Glimmora
|-damage|p1a: Glimmora|37/100
|-activate|p1a: Glimmora|ability: Toxic Debris
|-sidestart|p2: Naturmacht|move: Toxic Spikes
|
|upkeep
|turn|5
|
|t:|1779827652
|switch|p1a: Gholdengo|Gholdengo, shiny|100/100
|-item|p1a: Gholdengo|Air Balloon
|move|p2a: Corviknight|Body Press|p1a: Gholdengo
|-immune|p1a: Gholdengo
|
|upkeep
|turn|6
|
|t:|1779827664
|switch|p2a: Heatran|Heatran, M|100/100
|-damage|p2a: Heatran|88/100|[from] Stealth Rock
|move|p1a: Gholdengo|Shadow Ball|p2a: Heatran
|-damage|p2a: Heatran|61/100
|
|-heal|p2a: Heatran|67/100|[from] item: Leftovers
|upkeep
|turn|7
|
|t:|1779827672
|switch|p1a: Glimmora|Glimmora, F, shiny|37/100
|move|p2a: Heatran|Magma Storm|p1a: Glimmora
|-resisted|p1a: Glimmora
|-damage|p1a: Glimmora|6/100
|-activate|p1a: Glimmora|move: Magma Storm|[of] p2a: Heatran
|
|-heal|p2a: Heatran|73/100|[from] item: Leftovers
|-damage|p1a: Glimmora|0 fnt|[from] move: Magma Storm|[partiallytrapped]
|faint|p1a: Glimmora
|upkeep
|
|t:|1779827682
|switch|p1a: Ogerpon|Ogerpon-Wellspring, F|100/100
|turn|8
|
|t:|1779827685
|move|p2a: Heatran|Protect|p2a: Heatran
|-singleturn|p2a: Heatran|Protect
|move|p1a: Ogerpon|Ivy Cudgel|p2a: Heatran|[anim] Ivy Cudgel Water
|-activate|p2a: Heatran|move: Protect
|
|-heal|p2a: Heatran|80/100|[from] item: Leftovers
|upkeep
|turn|9
|
|t:|1779827703
|switch|p2a: Corviknight|Corviknight, M|93/100
|-damage|p2a: Corviknight|80/100|[from] Stealth Rock
|-ability|p2a: Corviknight|Pressure
|move|p1a: Ogerpon|Ivy Cudgel|p2a: Corviknight|[anim] Ivy Cudgel Water
|-damage|p2a: Corviknight|46/100
|
|upkeep
|turn|10
|
|t:|1779827725
|switch|p1a: Zamazenta|Zamazenta, shiny|100/100
|-ability|p1a: Zamazenta|Dauntless Shield|boost
|-boost|p1a: Zamazenta|def|1
|move|p2a: Corviknight|Roost|p2a: Corviknight
|-heal|p2a: Corviknight|96/100
|-singleturn|p2a: Corviknight|move: Roost
|
|upkeep
|turn|11
|
|t:|1779827737
|move|p1a: Zamazenta|Close Combat|p2a: Corviknight
|-damage|p2a: Corviknight|50/100
|-unboost|p1a: Zamazenta|def|1
|-unboost|p1a: Zamazenta|spd|1
|-damage|p1a: Zamazenta|84/100|[from] item: Rocky Helmet|[of] p2a: Corviknight
|-damage|p1a: Zamazenta|74/100|[from] item: Life Orb
|move|p2a: Corviknight|Iron Defense|p2a: Corviknight
|-boost|p2a: Corviknight|def|2
|
|upkeep
|turn|12
|
|t:|1779827746
|switch|p1a: Gholdengo|Gholdengo, shiny|100/100
|-item|p1a: Gholdengo|Air Balloon
|move|p2a: Corviknight|Roost|p2a: Corviknight
|-heal|p2a: Corviknight|99/100
|-singleturn|p2a: Corviknight|move: Roost
|
|upkeep
|turn|13
|
|t:|1779827758
|switch|p2a: Clodsire|Clodsire, M|100/100
|-damage|p2a: Clodsire|94/100|[from] Stealth Rock
|-sideend|p2: Naturmacht|move: Toxic Spikes|[of] p2a: Clodsire
|move|p1a: Gholdengo|Nasty Plot|p1a: Gholdengo
|-boost|p1a: Gholdengo|spa|2
|
|-heal|p2a: Clodsire|100/100|[from] item: Leftovers
|upkeep
|turn|14
|
|t:|1779827768
|switch|p1a: Ogerpon|Ogerpon-Wellspring, F|100/100
|move|p2a: Clodsire|Spikes|p1a: Ogerpon
|-sidestart|p1: elokai|Spikes
|
|upkeep
|turn|15
|
|t:|1779827774
|switch|p2a: Corviknight|Corviknight, M|99/100
|-damage|p2a: Corviknight|87/100|[from] Stealth Rock
|-ability|p2a: Corviknight|Pressure
|move|p1a: Ogerpon|Ivy Cudgel|p2a: Corviknight|[anim] Ivy Cudgel Water
|-crit|p2a: Corviknight
|-damage|p2a: Corviknight|38/100
|
|upkeep
|turn|16
|
|t:|1779827783
|move|p1a: Ogerpon|Ivy Cudgel|p2a: Corviknight|[anim] Ivy Cudgel Water
|-damage|p2a: Corviknight|0 fnt
|faint|p2a: Corviknight
|
|upkeep
|
|t:|1779827788
|switch|p2a: Rillaboom|Rillaboom, M|100/100
|-damage|p2a: Rillaboom|88/100|[from] Stealth Rock
|-fieldstart|move: Grassy Terrain|[from] ability: Grassy Surge|[of] p2a: Rillaboom
|turn|17
|
|t:|1779827797
|switch|p1a: Zamazenta|Zamazenta, shiny|74/100
|-damage|p1a: Zamazenta|62/100|[from] Spikes
|move|p2a: Rillaboom|Leech Seed|p1a: Zamazenta|[miss]
|-miss|p2a: Rillaboom|p1a: Zamazenta
|
|-heal|p1a: Zamazenta|68/100|[from] Grassy Terrain
|-heal|p2a: Rillaboom|94/100|[from] Grassy Terrain
|upkeep
|turn|18
|
|t:|1779827804
|move|p1a: Zamazenta|Close Combat|p2a: Rillaboom
|-damage|p2a: Rillaboom|22/100
|-unboost|p1a: Zamazenta|def|1
|-unboost|p1a: Zamazenta|spd|1
|-damage|p1a: Zamazenta|58/100|[from] item: Life Orb
|move|p2a: Rillaboom|Leech Seed|p1a: Zamazenta
|-start|p1a: Zamazenta|move: Leech Seed
|
|-heal|p1a: Zamazenta|64/100|[from] Grassy Terrain
|-heal|p2a: Rillaboom|28/100|[from] Grassy Terrain
|-damage|p1a: Zamazenta|52/100|[from] Leech Seed|[of] p2a: Rillaboom
|-heal|p2a: Rillaboom|38/100|[silent]
|upkeep
|turn|19
|
|t:|1779827815
|switch|p2a: Hatterene|Hatterene, F|100/100
|-damage|p2a: Hatterene|88/100|[from] Stealth Rock
|move|p1a: Zamazenta|Close Combat|p2a: Hatterene
|-resisted|p2a: Hatterene
|-damage|p2a: Hatterene|74/100
|-unboost|p1a: Zamazenta|def|1
|-unboost|p1a: Zamazenta|spd|1
|-damage|p1a: Zamazenta|42/100|[from] item: Life Orb
|
|-heal|p1a: Zamazenta|48/100|[from] Grassy Terrain
|-heal|p2a: Hatterene|80/100|[from] Grassy Terrain
|-heal|p2a: Hatterene|86/100|[from] item: Leftovers
|-damage|p1a: Zamazenta|36/100|[from] Leech Seed|[of] p2a: Hatterene
|-heal|p2a: Hatterene|99/100|[silent]
|upkeep
|turn|20
|
|t:|1779827830
|switch|p1a: Kingambit|Kingambit, F, shiny|90/100
|-damage|p1a: Kingambit|78/100|[from] Spikes
|-activate|p1a: Kingambit|ability: Supreme Overlord
|-start|p1a: Kingambit|fallen1|[silent]
|switch|p2a: Clodsire|Clodsire, M|100/100
|-damage|p2a: Clodsire|94/100|[from] Stealth Rock
|
|-heal|p1a: Kingambit|84/100|[from] Grassy Terrain
|-heal|p1a: Kingambit|90/100|[from] item: Leftovers
|-heal|p2a: Clodsire|100/100|[from] Grassy Terrain
|upkeep
|turn|21
|
|t:|1779827844
|move|p1a: Kingambit|Kowtow Cleave|p2a: Clodsire
|-damage|p2a: Clodsire|40/100
|move|p2a: Clodsire|Spikes|p1a: Kingambit
|-sidestart|p1: elokai|Spikes
|
|-heal|p1a: Kingambit|96/100|[from] Grassy Terrain
|-heal|p1a: Kingambit|100/100|[from] item: Leftovers
|-heal|p2a: Clodsire|46/100|[from] Grassy Terrain
|-heal|p2a: Clodsire|52/100|[from] item: Leftovers
|upkeep
|turn|22
|
|t:|1779827854
|move|p1a: Kingambit|Swords Dance|p1a: Kingambit
|-boost|p1a: Kingambit|atk|2
|move|p2a: Clodsire|Spikes|p1a: Kingambit
|-sidestart|p1: elokai|Spikes
|
|-heal|p2a: Clodsire|58/100|[from] Grassy Terrain
|-heal|p2a: Clodsire|65/100|[from] item: Leftovers
|upkeep
|turn|23
|
|t:|1779827862
|move|p1a: Kingambit|Kowtow Cleave|p2a: Clodsire
|-damage|p2a: Clodsire|0 fnt
|faint|p2a: Clodsire
|
|upkeep
|
|t:|1779827871
|switch|p2a: Heatran|Heatran, M|80/100
|-damage|p2a: Heatran|67/100|[from] Stealth Rock
|turn|24
|
|t:|1779827877
|move|p2a: Heatran|Protect|p2a: Heatran
|-singleturn|p2a: Heatran|Protect
|move|p1a: Kingambit|Sucker Punch||[still]
|-fail|p1a: Kingambit
|
|-heal|p2a: Heatran|73/100|[from] Grassy Terrain
|-heal|p2a: Heatran|80/100|[from] item: Leftovers
|-fieldend|move: Grassy Terrain
|upkeep
|turn|25
|
|t:|1779827886
|move|p1a: Kingambit|Sucker Punch|p2a: Heatran
|-damage|p2a: Heatran|2/100
|move|p2a: Heatran|Magma Storm|p1a: Kingambit|[miss]
|-miss|p2a: Heatran|p1a: Kingambit
|
|-heal|p2a: Heatran|8/100|[from] item: Leftovers
|upkeep
|turn|26
|
|t:|1779827893
|move|p2a: Heatran|Protect|p2a: Heatran
|-singleturn|p2a: Heatran|Protect
|move|p1a: Kingambit|Swords Dance|p1a: Kingambit
|-boost|p1a: Kingambit|atk|2
|
|-heal|p2a: Heatran|14/100|[from] item: Leftovers
|upkeep
|turn|27
|
|t:|1779827905
|move|p1a: Kingambit|Sucker Punch||[still]
|-fail|p1a: Kingambit
|move|p2a: Heatran|Stealth Rock|p1a: Kingambit
|-sidestart|p1: elokai|move: Stealth Rock
|
|-heal|p2a: Heatran|20/100|[from] item: Leftovers
|upkeep
|turn|28
|
|t:|1779827912
|move|p2a: Heatran|Protect|p2a: Heatran
|-singleturn|p2a: Heatran|Protect
|move|p1a: Kingambit|Sucker Punch||[still]
|-fail|p1a: Kingambit
|
|-heal|p2a: Heatran|27/100|[from] item: Leftovers
|upkeep
|turn|29
|
|t:|1779827918
|move|p1a: Kingambit|Sucker Punch|p2a: Heatran
|-damage|p2a: Heatran|0 fnt
|faint|p2a: Heatran
|
|upkeep
|
|t:|1779827922
|switch|p2a: Ogerpon|Ogerpon-Wellspring, F|100/100
|-damage|p2a: Ogerpon|88/100|[from] Stealth Rock
|turn|30
|
|t:|1779827926
|move|p2a: Ogerpon|Encore|p1a: Kingambit
|-start|p1a: Kingambit|Encore
|move|p1a: Kingambit|Sucker Punch||[still]
|-fail|p1a: Kingambit
|
|upkeep
|turn|31
|
|t:|1779827930
|move|p1a: Kingambit|Sucker Punch||[still]
|-fail|p1a: Kingambit
|move|p2a: Ogerpon|Swords Dance|p2a: Ogerpon
|-boost|p2a: Ogerpon|atk|2
|
|upkeep
|turn|32
|
|t:|1779827935
|move|p1a: Kingambit|Sucker Punch||[still]
|-fail|p1a: Kingambit
|move|p2a: Ogerpon|Swords Dance|p2a: Ogerpon
|-boost|p2a: Ogerpon|atk|2
|
|-end|p1a: Kingambit|Encore
|upkeep
|turn|33
|
|t:|1779827943
|-end|p1a: Kingambit|fallen1|[silent]
|switch|p1a: Ogerpon|Ogerpon-Wellspring, F|100/100
|-damage|p1a: Ogerpon|76/100|[from] Spikes
|-damage|p1a: Ogerpon|63/100|[from] Stealth Rock
|move|p2a: Ogerpon|Ivy Cudgel|p1a: Ogerpon|[anim] Ivy Cudgel Water
|-heal|p1a: Ogerpon|88/100|[from] ability: Water Absorb|[of] p2a: Ogerpon
|
|upkeep
|turn|34
|
|t:|1779827952
|move|p2a: Ogerpon|Horn Leech|p1a: Ogerpon
|-damage|p1a: Ogerpon|0 fnt
|-heal|p2a: Ogerpon|100/100|[from] drain|[of] p1a: Ogerpon
|faint|p1a: Ogerpon
|
|upkeep
|
|t:|1779827959
|switch|p1a: Dragonite|Dragonite, F, shiny|100/100
|turn|35
|
|t:|1779827964
|-terastallize|p2a: Ogerpon|Water
|detailschange|p2a: Ogerpon|Ogerpon-Wellspring-Tera, F, tera:Water
|-ability|p2a: Ogerpon|Embody Aspect (Wellspring)|boost
|-boost|p2a: Ogerpon|spd|1
|move|p1a: Dragonite|Extreme Speed|p2a: Ogerpon
|-damage|p2a: Ogerpon|62/100
|move|p2a: Ogerpon|Ivy Cudgel|p1a: Dragonite|[anim] Ivy Cudgel Water
|-resisted|p1a: Dragonite
|-damage|p1a: Dragonite|41/100
|
|upkeep
|turn|36
|
|t:|1779827975
|move|p1a: Dragonite|Extreme Speed|p2a: Ogerpon
|-damage|p2a: Ogerpon|21/100
|move|p2a: Ogerpon|Horn Leech|p1a: Dragonite
|-resisted|p1a: Dragonite
|-damage|p1a: Dragonite|3/100
|-heal|p2a: Ogerpon|42/100|[from] drain|[of] p1a: Dragonite
|
|upkeep
|turn|37
|c|☆elokai|oh
|
|t:|1779827985
|move|p1a: Dragonite|Extreme Speed|p2a: Ogerpon
|-crit|p2a: Ogerpon
|-damage|p2a: Ogerpon|0 fnt
|faint|p2a: Ogerpon
|detailschange|p2: Ogerpon|Ogerpon-Wellspring, F|[silent]
|
|upkeep
|c|☆Naturmacht|damn XD
|
|t:|1779827995
|switch|p2a: Rillaboom|Rillaboom, M|38/100
|-damage|p2a: Rillaboom|26/100|[from] Stealth Rock
|-fieldstart|move: Grassy Terrain|[from] ability: Grassy Surge|[of] p2a: Rillaboom
|turn|38
|c|☆elokai|unlucky
|c|☆Naturmacht|ngl I'm having fun and you?
|c|☆elokai|so much
|
|t:|1779828018
|switch|p1a: Gholdengo|Gholdengo, shiny|100/100
|-damage|p1a: Gholdengo|94/100|[from] Stealth Rock
|-item|p1a: Gholdengo|Air Balloon
|move|p2a: Rillaboom|Grassy Glide|p1a: Gholdengo
|-resisted|p1a: Gholdengo
|-damage|p1a: Gholdengo|73/100
|-enditem|p1a: Gholdengo|Air Balloon
|
|-heal|p1a: Gholdengo|79/100|[from] Grassy Terrain
|-heal|p2a: Rillaboom|32/100|[from] Grassy Terrain
|upkeep
|turn|39
|c|☆Naturmacht|then let's keep going =D
|inactive|elokai has 120 seconds left.
|
|t:|1779828051
|move|p1a: Gholdengo|Shadow Ball|p2a: Rillaboom
|-damage|p2a: Rillaboom|0 fnt
|faint|p2a: Rillaboom
|
|-heal|p1a: Gholdengo|85/100|[from] Grassy Terrain
|upkeep
|
|t:|1779828062
|switch|p2a: Hatterene|Hatterene, F|99/100
|-damage|p2a: Hatterene|86/100|[from] Stealth Rock
|turn|40
|inactive|elokai has 120 seconds left.
|
|t:|1779828072
|move|p1a: Gholdengo|Nasty Plot|p1a: Gholdengo
|-boost|p1a: Gholdengo|spa|2
|move|p2a: Hatterene|Nuzzle|p1a: Gholdengo
|-damage|p1a: Gholdengo|80/100
|-status|p1a: Gholdengo|par
|
|-heal|p1a: Gholdengo|86/100 par|[from] Grassy Terrain
|-heal|p2a: Hatterene|92/100|[from] Grassy Terrain
|-heal|p2a: Hatterene|98/100|[from] item: Leftovers
|upkeep
|turn|41
|
|t:|1779828081
|cant|p1a: Gholdengo|par
|move|p2a: Hatterene|Calm Mind|p2a: Hatterene
|-boost|p2a: Hatterene|spa|1
|-boost|p2a: Hatterene|spd|1
|
|-heal|p1a: Gholdengo|92/100 par|[from] Grassy Terrain
|-heal|p2a: Hatterene|100/100|[from] Grassy Terrain
|upkeep
|turn|42
|j| Sae No Kami
|l| Sae No Kami
|
|t:|1779828088
|move|p1a: Gholdengo|Make It Rain|p2a: Hatterene
|-supereffective|p2a: Hatterene
|-damage|p2a: Hatterene|0 fnt
|-unboost|p1a: Gholdengo|spa|1
|faint|p2a: Hatterene
|
|win|elokai
|raw|elokai's rating: 1445 &rarr; <strong>1465</strong><br />(+20 for winning)
|raw|Naturmacht's rating: 1448 &rarr; <strong>1428</strong><br />(-20 for losing)
|c|☆elokai|maybe
|c|☆elokai|oh
|c|☆Naturmacht|gg
|c|☆elokai|nt
|c|☆elokai|gg
