|j|☆dangtran1111
|j|☆ankitayare134
|t:|1779857121
|gametype|singles
|player|p1|dangtran1111|266|1088
|player|p2|ankitayare134|169|1132
|gen|9
|tier|[Gen 9] OU
|rated|
|rule|HP Percentage Mod: HP is shown in percentages
|rule|Endless Battle Clause: Forcing endless battles is banned
|rule|Species Clause: Limit one of each Pokémon
|rule|OHKO Clause: OHKO moves are banned
|rule|Evasion Items Clause: Evasion items are banned
|rule|Evasion Moves Clause: Evasion moves are banned
|rule|Evasion Abilities Clause: Evasion abilities are banned
|rule|Sleep Moves Clause: Sleep-inducing moves are banned
|clearpoke
|poke|p1|Scizor, F|
|poke|p1|Ting-Lu|
|poke|p1|Rotom-Wash|
|poke|p1|Dragonite, M|
|poke|p1|Clefable, F|
|poke|p1|Kyurem|
|poke|p2|Porygon2|
|poke|p2|Dusclops, F|
|poke|p2|Rhydon, F|
|poke|p2|Magneton|
|poke|p2|Dipplin, F|
|poke|p2|Primeape, F|
|teampreview
|inactive|Battle timer is ON: inactive players will automatically lose when time's up. (requested by ankitayare134)
|
|t:|1779857131
|teamsize|p1|6
|teamsize|p2|6
|start
|switch|p1a: Ting-Lu|Ting-Lu|100/100
|switch|p2a: Rhydon|Rhydon, F|100/100
|-ability|p1a: Ting-Lu|Vessel of Ruin
|turn|1
|
|t:|1779857144
|move|p2a: Rhydon|Rock Polish|p2a: Rhydon
|-boost|p2a: Rhydon|spe|2
|move|p1a: Ting-Lu|Stealth Rock|p2a: Rhydon
|-sidestart|p2: ankitayare134|move: Stealth Rock
|
|upkeep
|turn|2
|
|t:|1779857156
|move|p2a: Rhydon|Body Press|p1a: Ting-Lu
|-supereffective|p1a: Ting-Lu
|-damage|p1a: Ting-Lu|79/100
|move|p1a: Ting-Lu|Whirlwind|p2a: Rhydon
|drag|p2a: Dipplin|Dipplin, F|100/100
|-damage|p2a: Dipplin|88/100|[from] Stealth Rock
|-ability|p2a: Dipplin|Supersweet Syrup
|-unboost|p1a: Ting-Lu|evasion|1
|
|-heal|p1a: Ting-Lu|85/100|[from] item: Leftovers
|upkeep
|turn|3
|
|t:|1779857169
|move|p1a: Ting-Lu|Ruination|p2a: Dipplin
|-damage|p2a: Dipplin|44/100
|move|p2a: Dipplin|Infestation|p1a: Ting-Lu
|-supereffective|p1a: Ting-Lu
|-damage|p1a: Ting-Lu|79/100
|-activate|p1a: Ting-Lu|move: Infestation|[of] p2a: Dipplin
|
|-heal|p1a: Ting-Lu|85/100|[from] item: Leftovers
|-damage|p1a: Ting-Lu|73/100|[from] move: Infestation|[partiallytrapped]
|upkeep
|turn|4
|
|t:|1779857197
|move|p1a: Ting-Lu|Earthquake|p2a: Dipplin
|-resisted|p2a: Dipplin
|-damage|p2a: Dipplin|35/100
|move|p2a: Dipplin|Giga Drain|p1a: Ting-Lu
|-supereffective|p1a: Ting-Lu
|-damage|p1a: Ting-Lu|41/100
|-heal|p2a: Dipplin|57/100|[from] drain|[of] p1a: Ting-Lu
|
|-heal|p1a: Ting-Lu|48/100|[from] item: Leftovers
|-damage|p1a: Ting-Lu|35/100|[from] move: Infestation|[partiallytrapped]
|upkeep
|turn|5
|
|t:|1779857215
|move|p2a: Dipplin|Giga Drain|p1a: Ting-Lu
|-supereffective|p1a: Ting-Lu
|-crit|p1a: Ting-Lu
|-damage|p1a: Ting-Lu|0 fnt
|-heal|p2a: Dipplin|81/100|[from] drain|[of] p1a: Ting-Lu
|faint|p1a: Ting-Lu
|
|upkeep
|
|t:|1779857220
|switch|p1a: Clefable|Clefable, F|100/100
|turn|6
|
|t:|1779857224
|move|p1a: Clefable|Calm Mind|p1a: Clefable
|-boost|p1a: Clefable|spa|1
|-boost|p1a: Clefable|spd|1
|move|p2a: Dipplin|Infestation|p1a: Clefable
|-resisted|p1a: Clefable
|-damage|p1a: Clefable|98/100
|-activate|p1a: Clefable|move: Infestation|[of] p2a: Dipplin
|
|-heal|p1a: Clefable|100/100|[from] item: Leftovers
|-damage|p1a: Clefable|88/100|[from] move: Infestation|[partiallytrapped]
|upkeep
|turn|7
|
|t:|1779857234
|move|p1a: Clefable|Calm Mind|p1a: Clefable
|-boost|p1a: Clefable|spa|1
|-boost|p1a: Clefable|spd|1
|move|p2a: Dipplin|Giga Drain|p1a: Clefable
|-damage|p1a: Clefable|71/100
|-heal|p2a: Dipplin|91/100|[from] drain|[of] p1a: Clefable
|
|-heal|p1a: Clefable|77/100|[from] item: Leftovers
|-damage|p1a: Clefable|65/100|[from] move: Infestation|[partiallytrapped]
|upkeep
|turn|8
|
|t:|1779857246
|move|p1a: Clefable|Wish|p1a: Clefable
|move|p2a: Dipplin|Giga Drain|p1a: Clefable
|-damage|p1a: Clefable|48/100
|-heal|p2a: Dipplin|99/100|[from] drain|[of] p1a: Clefable
|
|-heal|p1a: Clefable|55/100|[from] item: Leftovers
|-damage|p1a: Clefable|42/100|[from] move: Infestation|[partiallytrapped]
|upkeep
|turn|9
|
|t:|1779857259
|move|p1a: Clefable|Calm Mind|p1a: Clefable
|-boost|p1a: Clefable|spa|1
|-boost|p1a: Clefable|spd|1
|move|p2a: Dipplin|Giga Drain|p1a: Clefable
|-damage|p1a: Clefable|28/100
|-heal|p2a: Dipplin|100/100|[from] drain|[of] p1a: Clefable
|
|-heal|p1a: Clefable|78/100|[from] move: Wish|[wisher] Clefable
|-heal|p1a: Clefable|85/100|[from] item: Leftovers
|-damage|p1a: Clefable|72/100|[from] move: Infestation|[partiallytrapped]
|upkeep
|turn|10
|
|t:|1779857272
|switch|p2a: Rhydon|Rhydon, F|100/100
|-damage|p2a: Rhydon|95/100|[from] Stealth Rock
|move|p1a: Clefable|Calm Mind|p1a: Clefable
|-boost|p1a: Clefable|spa|1
|-boost|p1a: Clefable|spd|1
|
|-heal|p1a: Clefable|78/100|[from] item: Leftovers
|-end|p1a: Clefable|Infestation|[partiallytrapped]|[silent]
|upkeep
|turn|11
|
|t:|1779857286
|move|p2a: Rhydon|Earthquake|p1a: Clefable
|-damage|p1a: Clefable|32/100
|move|p1a: Clefable|Moonblast|p2a: Rhydon
|-damage|p2a: Rhydon|0 fnt
|faint|p2a: Rhydon
|
|-heal|p1a: Clefable|38/100|[from] item: Leftovers
|upkeep
|
|t:|1779857295
|switch|p2a: Primeape|Primeape, F|100/100
|-damage|p2a: Primeape|95/100|[from] Stealth Rock
|turn|12
|
|t:|1779857301
|move|p2a: Primeape|Gunk Shot|p1a: Clefable
|-supereffective|p1a: Clefable
|-damage|p1a: Clefable|0 fnt
|faint|p1a: Clefable
|
|upkeep
|
|t:|1779857307
|switch|p1a: Dragonite|Dragonite, M|100/100
|turn|13
|
|t:|1779857321
|move|p2a: Primeape|Gunk Shot|p1a: Dragonite
|-damage|p1a: Dragonite|81/100
|move|p1a: Dragonite|Dragon Dance|p1a: Dragonite
|-boost|p1a: Dragonite|atk|1
|-boost|p1a: Dragonite|spe|1
|
|upkeep
|turn|14
|
|t:|1779857331
|move|p1a: Dragonite|Dragon Dance|p1a: Dragonite
|-boost|p1a: Dragonite|atk|1
|-boost|p1a: Dragonite|spe|1
|move|p2a: Primeape|Gunk Shot|p1a: Dragonite|[miss]
|-miss|p2a: Primeape|p1a: Dragonite
|
|upkeep
|turn|15
|
|t:|1779857341
|move|p1a: Dragonite|Dragon Dance|p1a: Dragonite
|-boost|p1a: Dragonite|atk|1
|-boost|p1a: Dragonite|spe|1
|move|p2a: Primeape|Gunk Shot|p1a: Dragonite
|-damage|p1a: Dragonite|41/100
|-status|p1a: Dragonite|psn
|
|-damage|p1a: Dragonite|29/100 psn|[from] psn
|upkeep
|turn|16
|
|t:|1779857351
|move|p1a: Dragonite|Extreme Speed|p2a: Primeape
|-damage|p2a: Primeape|0 fnt
|faint|p2a: Primeape
|
|-damage|p1a: Dragonite|16/100 psn|[from] psn
|upkeep
|
|t:|1779857356
|switch|p2a: Dusclops|Dusclops, F|100/100
|-damage|p2a: Dusclops|88/100|[from] Stealth Rock
|-item|p1a: Dragonite|Heavy-Duty Boots|[from] ability: Frisk|[of] p2a: Dusclops
|turn|17
|
|t:|1779857362
|move|p1a: Dragonite|Earthquake|p2a: Dusclops
|-damage|p2a: Dusclops|27/100
|move|p2a: Dusclops|Hex|p1a: Dragonite
|-damage|p1a: Dragonite|0 fnt
|faint|p1a: Dragonite
|
|upkeep
|
|t:|1779857371
|switch|p1a: Scizor|Scizor, F|100/100
|turn|18
|
|t:|1779857374
|move|p1a: Scizor|Swords Dance|p1a: Scizor
|-boost|p1a: Scizor|atk|2
|move|p2a: Dusclops|Will-O-Wisp|p1a: Scizor
|-status|p1a: Scizor|brn
|
|-damage|p1a: Scizor|94/100 brn|[from] brn
|upkeep
|turn|19
|inactive|dangtran1111 has 120 seconds left.
|l|☆dangtran1111
|inactive|dangtran1111 disconnected and has a minute to reconnect!
|player|p1|
|inactive|dangtran1111 has 30 seconds to reconnect!
|inactive|dangtran1111 has 20 seconds to reconnect!
|inactive|dangtran1111 has 15 seconds to reconnect!
|l|☆ankitayare134
|inactive|ankitayare134 disconnected and has a minute to reconnect!
|player|p2|
|inactive|dangtran1111 has 10 seconds to reconnect!
|inactive|dangtran1111 has 5 seconds to reconnect!
|-message|dangtran1111 lost due to inactivity.
|
|win|ankitayare134
|raw|dangtran1111's rating: 1088 &rarr; <strong>1068</strong><br />(-20 for losing)
|raw|ankitayare134's rating: 1132 &rarr; <strong>1154</strong><br />(+22 for winning)
|j|☆ankitayare134
|player|p2|ankitayare134|169|
|l|☆ankitayare134
|player|p2|
