|j|☆Transit Policy
|j|☆Boulesinus15
|t:|1779803669
|gametype|singles
|player|p1|Transit Policy|gentleman-gen4dp|1402
|player|p2|Boulesinus15|266|1359
|gen|9
|tier|[Gen 9] OU
|rated|
|rule|HP Percentage Mod: HP is shown in percentages
|rule|Endless Battle Clause: Forcing endless battles is banned
|rule|Species Clause: Limit one of each Pokémon
|rule|OHKO Clause: OHKO moves are banned
|rule|Evasion Items Clause: Evasion items are banned
|rule|Evasion Moves Clause: Evasion moves are banned
|rule|Evasion Abilities Clause: Evasion abilities are banned
|rule|Sleep Moves Clause: Sleep-inducing moves are banned
|clearpoke
|poke|p1|Slither Wing|
|poke|p1|Pecharunt|
|poke|p1|Ting-Lu|
|poke|p1|Ogerpon-Wellspring, F|
|poke|p1|Raging Bolt|
|poke|p1|Cinderace, F|
|poke|p2|Greninja-*, M|
|poke|p2|Corviknight, M|
|poke|p2|Ting-Lu|
|poke|p2|Latios, M|
|poke|p2|Skeledirge, F|
|poke|p2|Zapdos|
|teampreview
|
|t:|1779803688
|teamsize|p1|6
|teamsize|p2|6
|start
|switch|p1a: Slitha|Slither Wing, shiny|100/100
|switch|p2a: Corviknight|Corviknight, M|100/100
|-ability|p2a: Corviknight|Pressure
|turn|1
|
|t:|1779803701
|-end|p1a: Slitha|Protosynthesis|[silent]
|switch|p1a: Chief Peech|Pecharunt|100/100
|move|p2a: Corviknight|Brave Bird|p1a: Chief Peech
|-damage|p1a: Chief Peech|83/100
|-damage|p2a: Corviknight|95/100|[from] Recoil
|
|upkeep
|turn|2
|
|t:|1779803715
|move|p1a: Chief Peech|Shadow Ball|p2a: Corviknight
|-damage|p2a: Corviknight|70/100
|move|p2a: Corviknight|U-turn|p1a: Chief Peech
|-resisted|p1a: Chief Peech
|-damage|p1a: Chief Peech|81/100
|
|t:|1779803745
|switch|p2a: Ting-Lu|Ting-Lu|100/100|[from] U-turn
|-ability|p2a: Ting-Lu|Vessel of Ruin
|
|upkeep
|turn|3
|
|t:|1779803756
|move|p1a: Chief Peech|Malignant Chain|p2a: Ting-Lu
|-resisted|p2a: Ting-Lu
|-damage|p2a: Ting-Lu|94/100
|move|p2a: Ting-Lu|Ruination|p1a: Chief Peech
|-damage|p1a: Chief Peech|41/100
|
|-heal|p2a: Ting-Lu|99/100|[from] item: Leftovers
|upkeep
|turn|4
|
|t:|1779803765
|switch|p2a: Corviknight|Corviknight, M|70/100
|-ability|p2a: Corviknight|Pressure
|move|p1a: Chief Peech|Recover|p1a: Chief Peech
|-heal|p1a: Chief Peech|91/100
|
|upkeep
|turn|5
|
|t:|1779803769
|move|p1a: Chief Peech|Shadow Ball|p2a: Corviknight
|-damage|p2a: Corviknight|45/100
|move|p2a: Corviknight|Roost|p2a: Corviknight
|-heal|p2a: Corviknight|95/100
|-singleturn|p2a: Corviknight|move: Roost
|
|upkeep
|turn|6
|
|t:|1779803773
|move|p1a: Chief Peech|Parting Shot|p2a: Corviknight
|-unboost|p2a: Corviknight|atk|1
|-unboost|p2a: Corviknight|spa|1
|
|t:|1779803776
|switch|p1a: Cupquakke|Ting-Lu, shiny|100/100|[from] Parting Shot
|-ability|p1a: Cupquakke|Vessel of Ruin
|move|p2a: Corviknight|U-turn|p1a: Cupquakke
|-supereffective|p1a: Cupquakke
|-damage|p1a: Cupquakke|90/100
|
|t:|1779803800
|switch|p2a: Ting-Lu|Ting-Lu|99/100|[from] U-turn
|-ability|p2a: Ting-Lu|Vessel of Ruin
|
|-heal|p2a: Ting-Lu|100/100|[from] item: Leftovers
|-heal|p1a: Cupquakke|96/100|[from] item: Leftovers
|upkeep
|turn|7
|inactive|Battle timer is ON: inactive players will automatically lose when time's up. (requested by Boulesinus15)
|
|t:|1779803833
|move|p2a: Ting-Lu|Stealth Rock|p1a: Cupquakke
|-sidestart|p1: Transit Policy|move: Stealth Rock
|move|p1a: Cupquakke|Ruination|p2a: Ting-Lu
|-damage|p2a: Ting-Lu|50/100
|
|-heal|p2a: Ting-Lu|57/100|[from] item: Leftovers
|-heal|p1a: Cupquakke|100/100|[from] item: Leftovers
|upkeep
|turn|8
|
|t:|1779803850
|move|p1a: Cupquakke|Ruination|p2a: Ting-Lu|[miss]
|-miss|p1a: Cupquakke|p2a: Ting-Lu
|move|p2a: Ting-Lu|Ruination|p1a: Cupquakke
|-damage|p1a: Cupquakke|50/100
|
|-heal|p1a: Cupquakke|57/100|[from] item: Leftovers
|-heal|p2a: Ting-Lu|63/100|[from] item: Leftovers
|upkeep
|turn|9
|
|t:|1779803858
|switch|p1a: Polo C|Cinderace, F|100/100
|move|p2a: Ting-Lu|Whirlwind|p1a: Polo C
|drag|p1a: Bolt The Sweeper|Raging Bolt|100/100
|-damage|p1a: Bolt The Sweeper|88/100|[from] Stealth Rock
|
|-heal|p2a: Ting-Lu|69/100|[from] item: Leftovers
|upkeep
|turn|10
|
|t:|1779803875
|-end|p1a: Bolt The Sweeper|Protosynthesis|[silent]
|switch|p1a: Slitha|Slither Wing, shiny|100/100
|-damage|p1a: Slitha|88/100|[from] Stealth Rock
|move|p2a: Ting-Lu|Earthquake|p1a: Slitha
|-resisted|p1a: Slitha
|-damage|p1a: Slitha|61/100
|
|-heal|p2a: Ting-Lu|75/100|[from] item: Leftovers
|upkeep
|turn|11
|
|t:|1779803880
|move|p1a: Slitha|Close Combat|p2a: Ting-Lu
|-supereffective|p2a: Ting-Lu
|-damage|p2a: Ting-Lu|0 fnt
|-unboost|p1a: Slitha|def|1
|-unboost|p1a: Slitha|spd|1
|faint|p2a: Ting-Lu
|
|upkeep
|inactive|Boulesinus15 has 120 seconds left.
|
|t:|1779803913
|switch|p2a: Latios|Latios, M|100/100
|turn|12
|
|t:|1779803938
|-end|p1a: Slitha|Protosynthesis|[silent]
|switch|p1a: Cupquakke|Ting-Lu, shiny|57/100
|-damage|p1a: Cupquakke|50/100|[from] Stealth Rock
|-ability|p1a: Cupquakke|Vessel of Ruin
|move|p2a: Latios|Calm Mind|p2a: Latios
|-boost|p2a: Latios|spa|1
|-boost|p2a: Latios|spd|1
|
|-heal|p1a: Cupquakke|57/100|[from] item: Leftovers
|upkeep
|turn|13
|
|t:|1779803949
|move|p2a: Latios|Draco Meteor|p1a: Cupquakke
|-damage|p1a: Cupquakke|5/100
|-unboost|p2a: Latios|spa|2
|move|p1a: Cupquakke|Whirlwind|p2a: Latios
|drag|p2a: Corviknight|Corviknight, M|95/100
|-ability|p2a: Corviknight|Pressure
|
|-heal|p1a: Cupquakke|11/100|[from] item: Leftovers
|upkeep
|turn|14
|
|t:|1779803962
|switch|p1a: Chief Peech|Pecharunt|91/100
|move|p2a: Corviknight|U-turn|p1a: Chief Peech
|-resisted|p1a: Chief Peech
|-damage|p1a: Chief Peech|89/100
|
|t:|1779803973
|switch|p2a: Zapdos|Zapdos|100/100|[from] U-turn
|
|upkeep
|turn|15
|inactive|Transit Policy has 120 seconds left.
|
|t:|1779804013
|switch|p1a: Cupquakke|Ting-Lu, shiny|11/100
|-damage|p1a: Cupquakke|5/100|[from] Stealth Rock
|-ability|p1a: Cupquakke|Vessel of Ruin
|move|p2a: Zapdos|Volt Switch|p1a: Cupquakke
|-immune|p1a: Cupquakke
|
|-heal|p1a: Cupquakke|11/100|[from] item: Leftovers
|upkeep
|turn|16
|inactive|Transit Policy has 120 seconds left.
|
|t:|1779804020
|move|p2a: Zapdos|Hurricane|p1a: Cupquakke
|-damage|p1a: Cupquakke|0 fnt
|faint|p1a: Cupquakke
|
|upkeep
|inactive|Transit Policy has 120 seconds left.
|
|t:|1779804033
|switch|p1a: Bolt The Sweeper|Raging Bolt|88/100
|-damage|p1a: Bolt The Sweeper|76/100|[from] Stealth Rock
|turn|17
|
|t:|1779804041
|move|p2a: Zapdos|Roost||[still]
|-fail|p2a: Zapdos|heal
|move|p1a: Bolt The Sweeper|Volt Switch|p2a: Zapdos
|-damage|p2a: Zapdos|25/100
|
|t:|1779804047
|-end|p1a: Bolt The Sweeper|Protosynthesis|[silent]
|switch|p1a: Polo C|Cinderace, F|100/100|[from] Volt Switch
|
|upkeep
|turn|18
|
|t:|1779804055
|switch|p2a: Skeledirge|Skeledirge, F|100/100
|move|p1a: Polo C|Pyro Ball|p2a: Skeledirge
|-resisted|p2a: Skeledirge
|-damage|p2a: Skeledirge|84/100
|
|upkeep
|turn|19
|
|t:|1779804071
|switch|p2a: Zapdos|Zapdos|25/100
|move|p1a: Polo C|U-turn|p2a: Zapdos
|-start|p1a: Polo C|typechange|Bug|[from] ability: Libero
|-resisted|p2a: Zapdos
|-damage|p2a: Zapdos|6/100
|-status|p1a: Polo C|par|[from] ability: Static|[of] p2a: Zapdos
|
|t:|1779804082
|switch|p1a: King Pon|Ogerpon-Wellspring, F|100/100|[from] U-turn
|-damage|p1a: King Pon|88/100|[from] Stealth Rock
|
|upkeep
|turn|20
|
|t:|1779804086
|switch|p2a: Corviknight|Corviknight, M|95/100
|-ability|p2a: Corviknight|Pressure
|move|p1a: King Pon|Ivy Cudgel|p2a: Corviknight|[anim] Ivy Cudgel Water
|-damage|p2a: Corviknight|57/100
|
|upkeep
|turn|21
|
|t:|1779804095
|switch|p1a: Polo C|Cinderace, F|100/100 par
|move|p2a: Corviknight|Roost|p2a: Corviknight
|-heal|p2a: Corviknight|100/100
|-singleturn|p2a: Corviknight|move: Roost
|
|upkeep
|turn|22
|
|t:|1779804099
|move|p1a: Polo C|Court Change|p1a: Polo C
|-start|p1a: Polo C|typechange|Normal|[from] ability: Libero
|-swapsideconditions
|-activate|p1a: Polo C|move: Court Change
|move|p2a: Corviknight|U-turn|p1a: Polo C
|-damage|p1a: Polo C|81/100 par
|
|t:|1779804121
|switch|p2a: Zapdos|Zapdos|6/100|[from] U-turn
|
|upkeep
|turn|23
|inactive|Transit Policy has 120 seconds left.
|
|t:|1779804157
|switch|p1a: Bolt The Sweeper|Raging Bolt|76/100
|move|p2a: Zapdos|Volt Switch|p1a: Bolt The Sweeper
|-resisted|p1a: Bolt The Sweeper
|-damage|p1a: Bolt The Sweeper|67/100
|
|t:|1779804163
|switch|p2a: Greninja|Greninja, M|100/100|[from] Volt Switch
|-damage|p2a: Greninja|88/100|[from] Stealth Rock
|
|upkeep
|turn|24
|inactive|Transit Policy has 120 seconds left.
|inactive|Transit Policy has 90 seconds left.
|
|t:|1779804227
|switch|p2a: Zapdos|Zapdos|6/100
|-terastallize|p1a: Bolt The Sweeper|Fairy
|move|p1a: Bolt The Sweeper|Volt Switch|p2a: Zapdos
|-damage|p2a: Zapdos|0 fnt
|faint|p2a: Zapdos
|
|t:|1779804240
|-end|p1a: Bolt The Sweeper|Protosynthesis|[silent]
|switch|p1a: Slitha|Slither Wing, shiny|61/100|[from] Volt Switch
|
|upkeep
|
|t:|1779804250
|switch|p2a: Corviknight|Corviknight, M|100/100
|-damage|p2a: Corviknight|88/100|[from] Stealth Rock
|-ability|p2a: Corviknight|Pressure
|turn|25
|inactive|Transit Policy has 60 seconds left.
|
|t:|1779804287
|-end|p1a: Slitha|Protosynthesis|[silent]
|switch|p1a: Polo C|Cinderace, F|81/100 par
|move|p2a: Corviknight|Defog|p1a: Polo C
|-unboost|p1a: Polo C|evasion|1
|-sideend|p2: Boulesinus15|Stealth Rock|[from] move: Defog|[of] p2a: Corviknight
|
|upkeep
|turn|26
|
|t:|1779804294
|move|p1a: Polo C|Pyro Ball|p2a: Corviknight
|-supereffective|p2a: Corviknight
|-damage|p2a: Corviknight|22/100
|move|p2a: Corviknight|Brave Bird|p1a: Polo C
|-damage|p1a: Polo C|31/100 par
|-damage|p2a: Corviknight|9/100|[from] Recoil
|
|upkeep
|turn|27
|inactive|Transit Policy has 60 seconds left.
|
|t:|1779804303
|move|p1a: Polo C|Pyro Ball|p2a: Corviknight
|-supereffective|p2a: Corviknight
|-damage|p2a: Corviknight|0 fnt
|faint|p2a: Corviknight
|
|upkeep
|
|t:|1779804314
|switch|p2a: Greninja|Greninja, M|88/100
|turn|28
|
|t:|1779804325
|move|p2a: Greninja|Hydro Pump|p1a: Polo C
|-supereffective|p1a: Polo C
|-damage|p1a: Polo C|0 fnt
|faint|p1a: Polo C
|-ability|p2a: Greninja|Battle Bond|boost
|-boost|p2a: Greninja|atk|1
|-boost|p2a: Greninja|spa|1
|-boost|p2a: Greninja|spe|1
|-activate|p2a: Greninja|ability: Battle Bond
|-damage|p2a: Greninja|78/100|[from] item: Life Orb
|
|upkeep
|
|t:|1779804330
|switch|p1a: Slitha|Slither Wing, shiny|61/100
|turn|29
|
|t:|1779804337
|move|p1a: Slitha|First Impression|p2a: Greninja
|-supereffective|p2a: Greninja
|-damage|p2a: Greninja|0 fnt
|faint|p2a: Greninja
|
|upkeep
|
|t:|1779804340
|switch|p2a: Skeledirge|Skeledirge, F|84/100
|turn|30
|inactive|Transit Policy has 90 seconds left.
|
|t:|1779804359
|-end|p1a: Slitha|Protosynthesis|[silent]
|switch|p1a: Chief Peech|Pecharunt|89/100
|move|p2a: Skeledirge|Will-O-Wisp|p1a: Chief Peech
|-status|p1a: Chief Peech|brn
|
|-damage|p1a: Chief Peech|83/100 brn|[from] brn
|upkeep
|turn|31
|
|t:|1779804365
|-terastallize|p2a: Skeledirge|Fairy
|move|p1a: Chief Peech|Malignant Chain|p2a: Skeledirge
|-supereffective|p2a: Skeledirge
|-damage|p2a: Skeledirge|19/100
|move|p2a: Skeledirge|Hex|p1a: Chief Peech
|-supereffective|p1a: Chief Peech
|-crit|p1a: Chief Peech
|-damage|p1a: Chief Peech|0 fnt
|faint|p1a: Chief Peech
|
|upkeep
|inactive|Transit Policy has 90 seconds left.
|
|t:|1779804377
|switch|p1a: Slitha|Slither Wing, shiny|61/100
|turn|32
|
|t:|1779804384
|move|p1a: Slitha|U-turn|p2a: Skeledirge
|-resisted|p2a: Skeledirge
|-damage|p2a: Skeledirge|1/100
|
|t:|1779804387
|-end|p1a: Slitha|Protosynthesis|[silent]
|switch|p1a: Bolt The Sweeper|Raging Bolt, tera:Fairy|67/100|[from] U-turn
|move|p2a: Skeledirge|Slack Off|p2a: Skeledirge
|-heal|p2a: Skeledirge|51/100
|
|upkeep
|turn|33
|
|t:|1779804397
|move|p1a: Bolt The Sweeper|Thunderbolt|p2a: Skeledirge
|-damage|p2a: Skeledirge|0 fnt
|faint|p2a: Skeledirge
|
|upkeep
|
|t:|1779804400
|switch|p2a: Latios|Latios, M|100/100
|turn|34
|
|t:|1779804404
|move|p2a: Latios|Calm Mind|p2a: Latios
|-boost|p2a: Latios|spa|1
|-boost|p2a: Latios|spd|1
|move|p1a: Bolt The Sweeper|Thunderbolt|p2a: Latios
|-resisted|p2a: Latios
|-damage|p2a: Latios|71/100
|
|upkeep
|turn|35
|
|t:|1779804409
|move|p2a: Latios|Calm Mind|p2a: Latios
|-boost|p2a: Latios|spa|1
|-boost|p2a: Latios|spd|1
|move|p1a: Bolt The Sweeper|Thunderbolt|p2a: Latios
|-resisted|p2a: Latios
|-damage|p2a: Latios|49/100
|
|upkeep
|turn|36
|
|t:|1779804412
|move|p2a: Latios|Recover|p2a: Latios
|-heal|p2a: Latios|99/100
|move|p1a: Bolt The Sweeper|Thunderbolt|p2a: Latios
|-resisted|p2a: Latios
|-damage|p2a: Latios|78/100
|
|upkeep
|turn|37
|
|t:|1779804415
|move|p2a: Latios|Calm Mind|p2a: Latios
|-boost|p2a: Latios|spa|1
|-boost|p2a: Latios|spd|1
|move|p1a: Bolt The Sweeper|Thunderbolt|p2a: Latios
|-resisted|p2a: Latios
|-damage|p2a: Latios|61/100
|
|upkeep
|turn|38
|
|t:|1779804419
|move|p2a: Latios|Recover|p2a: Latios
|-heal|p2a: Latios|100/100
|move|p1a: Bolt The Sweeper|Thunderbolt|p2a: Latios
|-resisted|p2a: Latios
|-damage|p2a: Latios|85/100
|-status|p2a: Latios|par
|
|upkeep
|turn|39
|
|t:|1779804423
|-end|p1a: Bolt The Sweeper|Protosynthesis|[silent]
|switch|p1a: King Pon|Ogerpon-Wellspring, F|88/100
|cant|p2a: Latios|par
|
|upkeep
|turn|40
|
|t:|1779804431
|move|p1a: King Pon|Play Rough|p2a: Latios
|-supereffective|p2a: Latios
|-damage|p2a: Latios|0 fnt
|faint|p2a: Latios
|
|win|Transit Policy
|raw|Transit Policy's rating: 1402 &rarr; <strong>1420</strong><br />(+18 for winning)
|raw|Boulesinus15's rating: 1359 &rarr; <strong>1341</strong><br />(-18 for losing)
