|j|☆1000TURNSFR
|j|☆Team10thPlanett
|t:|1779852408
|gametype|singles
|player|p1|1000TURNSFR|ghetsis|1607
|player|p2|Team10thPlanett|veteran|1634
|gen|9
|tier|[Gen 9] OU
|rated|
|rule|HP Percentage Mod: HP is shown in percentages
|rule|Endless Battle Clause: Forcing endless battles is banned
|rule|Species Clause: Limit one of each Pokémon
|rule|OHKO Clause: OHKO moves are banned
|rule|Evasion Items Clause: Evasion items are banned
|rule|Evasion Moves Clause: Evasion moves are banned
|rule|Evasion Abilities Clause: Evasion abilities are banned
|rule|Sleep Moves Clause: Sleep-inducing moves are banned
|clearpoke
|poke|p1|Clodsire, F|
|poke|p1|Dondozo, F|
|poke|p1|Alomomola, F|
|poke|p1|Talonflame, F|
|poke|p1|Toxapex, F|
|poke|p1|Blissey, F|
|poke|p2|Zamazenta-*|
|poke|p2|Dragonite, M|
|poke|p2|Araquanid, M|
|poke|p2|Iron Treads|
|poke|p2|Raikou|
|poke|p2|Glimmora, F|
|teampreview
|j| chubai
|inactive|Battle timer is ON: inactive players will automatically lose when time's up. (requested by Team10thPlanett)
|
|t:|1779852445
|teamsize|p1|6
|teamsize|p2|6
|start
|switch|p1a: Keep Trying.|Toxapex, F|100/100
|switch|p2a: Iron Treads|Iron Treads|100/100
|-enditem|p2a: Iron Treads|Booster Energy
|-activate|p2a: Iron Treads|ability: Quark Drive|[fromitem]
|-start|p2a: Iron Treads|quarkdrivespe
|turn|1
|
|t:|1779852454
|switch|p1a: Try Harder.|Alomomola, F, shiny|100/100
|move|p2a: Iron Treads|Earthquake|p1a: Try Harder.
|-damage|p1a: Try Harder.|72/100
|
|upkeep
|turn|2
|
|t:|1779852461
|move|p2a: Iron Treads|Knock Off|p1a: Try Harder.
|-damage|p1a: Try Harder.|54/100
|-enditem|p1a: Try Harder.|Heavy-Duty Boots|[from] move: Knock Off|[of] p2a: Iron Treads
|move|p1a: Try Harder.|Flip Turn|p2a: Iron Treads
|-supereffective|p2a: Iron Treads
|-damage|p2a: Iron Treads|74/100
|
|t:|1779852464
|switch|p1a: Nice Try.|Talonflame, F, shiny|100/100|[from] Flip Turn
|
|upkeep
|turn|3
|
|t:|1779852482
|switch|p1a: Try Harder.|Alomomola, F, shiny|87/100
|move|p2a: Iron Treads|Knock Off|p1a: Try Harder.
|-damage|p1a: Try Harder.|75/100
|
|upkeep
|turn|4
|
|t:|1779852497
|move|p2a: Iron Treads|Earthquake|p1a: Try Harder.
|-damage|p1a: Try Harder.|47/100
|move|p1a: Try Harder.|Flip Turn|p2a: Iron Treads
|-supereffective|p2a: Iron Treads
|-damage|p2a: Iron Treads|46/100
|inactive|1000TURNSFR has 120 seconds left.
|
|t:|1779852530
|switch|p1a: Nice Try.|Talonflame, F, shiny|100/100|[from] Flip Turn
|
|upkeep
|turn|5
|
|t:|1779852543
|switch|p1a: Try Harder.|Alomomola, F, shiny|81/100
|move|p2a: Iron Treads|Endeavor|p1a: Try Harder.
|-damage|p1a: Try Harder.|31/100
|
|upkeep
|turn|6
|
|t:|1779852551
|switch|p1a: You Tried.|Dondozo, F, shiny|100/100
|move|p2a: Iron Treads|Earthquake|p1a: You Tried.
|-damage|p1a: You Tried.|81/100
|
|upkeep
|turn|7
|
|t:|1779852558
|move|p2a: Iron Treads|Endeavor|p1a: You Tried.
|-damage|p1a: You Tried.|29/100
|move|p1a: You Tried.|Liquidation|p2a: Iron Treads
|-supereffective|p2a: Iron Treads
|-damage|p2a: Iron Treads|0 fnt
|faint|p2a: Iron Treads
|-end|p2a: Iron Treads|Quark Drive|[silent]
|
|upkeep
|
|t:|1779852578
|switch|p2a: Fat Boy|Dragonite, M, shiny|100/100
|turn|8
|
|t:|1779852591
|switch|p1a: Keep Trying.|Toxapex, F|100/100
|move|p2a: Fat Boy|Outrage|p1a: Keep Trying.
|-crit|p1a: Keep Trying.
|-damage|p1a: Keep Trying.|12/100
|
|upkeep
|turn|9
|
|t:|1779852599
|-terastallize|p1a: Keep Trying.|Fairy
|move|p2a: Fat Boy|Outrage|p1a: Keep Trying.|[from] lockedmove
|-immune|p1a: Keep Trying.
|-start|p2a: Fat Boy|confusion|[fatigue]
|move|p1a: Keep Trying.|Toxic|p2a: Fat Boy
|-status|p2a: Fat Boy|tox
|
|-damage|p2a: Fat Boy|94/100 tox|[from] psn
|upkeep
|turn|10
|
|t:|1779852619
|switch|p2a: Zamazenta|Zamazenta|100/100
|-ability|p2a: Zamazenta|Dauntless Shield|boost
|-boost|p2a: Zamazenta|def|1
|switch|p1a: Try Harder.|Alomomola, F, shiny|64/100
|
|upkeep
|turn|11
|
|t:|1779852632
|-terastallize|p2a: Zamazenta|Fighting
|move|p2a: Zamazenta|Close Combat|p1a: Try Harder.
|-damage|p1a: Try Harder.|0 fnt
|-unboost|p2a: Zamazenta|def|1
|-unboost|p2a: Zamazenta|spd|1
|faint|p1a: Try Harder.
|
|upkeep
|
|t:|1779852655
|switch|p1a: Keep Trying.|Toxapex, F, tera:Fairy|45/100
|turn|12
|j| double the dorf
|
|t:|1779852668
|switch|p2a: Fat Boy|Dragonite, M, shiny|94/100 tox
|move|p1a: Keep Trying.|Recover|p1a: Keep Trying.
|-heal|p1a: Keep Trying.|95/100
|
|-damage|p2a: Fat Boy|88/100 tox|[from] psn
|upkeep
|turn|13
|
|t:|1779852683
|move|p2a: Fat Boy|Earthquake|p1a: Keep Trying.
|-damage|p1a: Keep Trying.|61/100
|move|p1a: Keep Trying.|Infestation|p2a: Fat Boy
|-resisted|p2a: Fat Boy
|-crit|p2a: Fat Boy
|-damage|p2a: Fat Boy|86/100 tox
|-activate|p2a: Fat Boy|move: Infestation|[of] p1a: Keep Trying.
|
|-damage|p2a: Fat Boy|74/100 tox|[from] psn
|-damage|p2a: Fat Boy|61/100 tox|[from] move: Infestation|[partiallytrapped]
|upkeep
|turn|14
|l| double the dorf
|j| samurajen
|
|t:|1779852693
|move|p2a: Fat Boy|Earthquake|p1a: Keep Trying.
|-damage|p1a: Keep Trying.|25/100
|move|p1a: Keep Trying.|Recover|p1a: Keep Trying.
|-heal|p1a: Keep Trying.|75/100
|
|-damage|p2a: Fat Boy|42/100 tox|[from] psn
|-damage|p2a: Fat Boy|30/100 tox|[from] move: Infestation|[partiallytrapped]
|upkeep
|turn|15
|
|t:|1779852708
|move|p1a: Keep Trying.|Baneful Bunker|p1a: Keep Trying.
|-singleturn|p1a: Keep Trying.|move: Protect
|move|p2a: Fat Boy|Earthquake|p1a: Keep Trying.
|-activate|p1a: Keep Trying.|move: Protect
|
|-damage|p2a: Fat Boy|5/100 tox|[from] psn
|-damage|p2a: Fat Boy|0 fnt|[from] move: Infestation|[partiallytrapped]
|faint|p2a: Fat Boy
|upkeep
|
|t:|1779852727
|switch|p2a: Zamazenta|Zamazenta, tera:Fighting|100/100
|turn|16
|
|t:|1779852732
|move|p2a: Zamazenta|Heavy Slam|p1a: Keep Trying.
|-supereffective|p1a: Keep Trying.
|-damage|p1a: Keep Trying.|0 fnt
|faint|p1a: Keep Trying.
|
|upkeep
|
|t:|1779852740
|switch|p1a: Worth Trying.|Clodsire, F, shiny|100/100
|turn|17
|
|t:|1779852750
|switch|p2a: Johnny Tsunami 🌊|Araquanid, M|100/100
|move|p1a: Worth Trying.|Toxic|p2a: Johnny Tsunami 🌊
|-status|p2a: Johnny Tsunami 🌊|tox
|
|-damage|p2a: Johnny Tsunami 🌊|94/100 tox|[from] psn
|upkeep
|turn|18
|
|t:|1779852759
|switch|p1a: Nice Try.|Talonflame, F, shiny|100/100
|move|p2a: Johnny Tsunami 🌊|Surf|p1a: Nice Try.
|-supereffective|p1a: Nice Try.
|-damage|p1a: Nice Try.|0 fnt
|faint|p1a: Nice Try.
|
|-damage|p2a: Johnny Tsunami 🌊|82/100 tox|[from] psn
|upkeep
|
|t:|1779852762
|switch|p1a: You Tried.|Dondozo, F, shiny|29/100
|turn|19
|
|t:|1779852771
|move|p2a: Johnny Tsunami 🌊|Surf|p1a: You Tried.
|-resisted|p1a: You Tried.
|-damage|p1a: You Tried.|1/100
|move|p1a: You Tried.|Rest|p1a: You Tried.
|-status|p1a: You Tried.|slp|[from] move: Rest
|-heal|p1a: You Tried.|100/100 slp|[silent]
|
|-damage|p2a: Johnny Tsunami 🌊|63/100 tox|[from] psn
|upkeep
|turn|20
|
|t:|1779852789
|switch|p1a: Still Trying?|Blissey, F, shiny|100/100
|move|p2a: Johnny Tsunami 🌊|Endeavor|p1a: Still Trying?
|-damage|p1a: Still Trying?|33/100
|
|-damage|p2a: Johnny Tsunami 🌊|39/100 tox|[from] psn
|upkeep
|turn|21
|
|t:|1779852799
|move|p1a: Still Trying?|Soft-Boiled|p1a: Still Trying?
|-heal|p1a: Still Trying?|83/100
|move|p2a: Johnny Tsunami 🌊|Surf|p1a: Still Trying?
|-damage|p1a: Still Trying?|65/100
|
|-damage|p2a: Johnny Tsunami 🌊|8/100 tox|[from] psn
|upkeep
|turn|22
|-enditem|p2a: Johnny Tsunami 🌊|Custap Berry|[eat]
|-activate|p2a: Johnny Tsunami 🌊|item: Custap Berry|[consumed]
|
|t:|1779852808
|move|p2a: Johnny Tsunami 🌊|Endeavor|p1a: Still Trying?
|-damage|p1a: Still Trying?|4/100
|move|p1a: Still Trying?|Soft-Boiled|p1a: Still Trying?
|-heal|p1a: Still Trying?|54/100
|
|-damage|p2a: Johnny Tsunami 🌊|0 fnt|[from] psn
|faint|p2a: Johnny Tsunami 🌊
|upkeep
|
|t:|1779852825
|switch|p2a: Zamazenta|Zamazenta, tera:Fighting|100/100
|turn|23
|
|t:|1779852836
|switch|p1a: You Tried.|Dondozo, F, shiny|100/100 slp
|move|p2a: Zamazenta|Close Combat|p1a: You Tried.
|-damage|p1a: You Tried.|51/100 slp
|-unboost|p2a: Zamazenta|def|1
|-unboost|p2a: Zamazenta|spd|1
|
|upkeep
|turn|24
|
|t:|1779852850
|move|p2a: Zamazenta|Close Combat|p1a: You Tried.
|-damage|p1a: You Tried.|0 fnt
|-unboost|p2a: Zamazenta|def|1
|-unboost|p2a: Zamazenta|spd|1
|faint|p1a: You Tried.
|
|upkeep
|
|t:|1779852856
|switch|p1a: Worth Trying.|Clodsire, F, shiny|100/100
|turn|25
|
|t:|1779852864
|switch|p2a: Glimmora|Glimmora, F|100/100
|move|p1a: Worth Trying.|Toxic|p2a: Glimmora
|-immune|p2a: Glimmora
|
|upkeep
|turn|26
|
|t:|1779852872
|move|p2a: Glimmora|Earth Power|p1a: Worth Trying.
|-supereffective|p1a: Worth Trying.
|-damage|p1a: Worth Trying.|69/100
|move|p1a: Worth Trying.|Bulldoze|p2a: Glimmora
|-supereffective|p2a: Glimmora
|-damage|p2a: Glimmora|29/100
|-unboost|p2a: Glimmora|spe|1
|-activate|p2a: Glimmora|ability: Toxic Debris
|-sidestart|p1: 1000TURNSFR|move: Toxic Spikes
|
|upkeep
|turn|27
|
|t:|1779852889
|move|p2a: Glimmora|Earth Power|p1a: Worth Trying.
|-supereffective|p1a: Worth Trying.
|-damage|p1a: Worth Trying.|33/100
|move|p1a: Worth Trying.|Recover|p1a: Worth Trying.
|-heal|p1a: Worth Trying.|83/100
|
|upkeep
|turn|28
|
|t:|1779852903
|move|p2a: Glimmora|Earth Power|p1a: Worth Trying.
|-supereffective|p1a: Worth Trying.
|-damage|p1a: Worth Trying.|51/100
|move|p1a: Worth Trying.|Recover|p1a: Worth Trying.
|-heal|p1a: Worth Trying.|100/100
|
|upkeep
|turn|29
|
|t:|1779852911
|move|p2a: Glimmora|Earth Power|p1a: Worth Trying.
|-supereffective|p1a: Worth Trying.
|-damage|p1a: Worth Trying.|65/100
|move|p1a: Worth Trying.|Bulldoze|p2a: Glimmora
|-supereffective|p2a: Glimmora
|-damage|p2a: Glimmora|0 fnt
|-activate|p2a: Glimmora|ability: Toxic Debris
|-sidestart|p1: 1000TURNSFR|move: Toxic Spikes
|faint|p2a: Glimmora
|
|upkeep
|
|t:|1779852922
|switch|p2a: Zamazenta|Zamazenta, tera:Fighting|100/100
|turn|30
|
|t:|1779852927
|move|p2a: Zamazenta|Close Combat|p1a: Worth Trying.
|-resisted|p1a: Worth Trying.
|-crit|p1a: Worth Trying.
|-damage|p1a: Worth Trying.|0 fnt
|-unboost|p2a: Zamazenta|def|1
|-unboost|p2a: Zamazenta|spd|1
|faint|p1a: Worth Trying.
|
|upkeep
|-message|1000TURNSFR forfeited.
|
|win|Team10thPlanett
|raw|1000TURNSFR's rating: 1607 &rarr; <strong>1589</strong><br />(-18 for losing)
|raw|Team10thPlanett's rating: 1634 &rarr; <strong>1652</strong><br />(+18 for winning)
|l|☆1000TURNSFR
|player|p1|
|c|☆Team10thPlanett|keep trying
|l|☆Team10thPlanett
|player|p2|
