|j|☆viutil
|j|☆testingrainteam2
|t:|1779903641
|gametype|singles
|player|p1|viutil|101|1365
|player|p2|testingrainteam2|unknown|1328
|gen|9
|tier|[Gen 9] OU
|rated|
|rule|HP Percentage Mod: HP is shown in percentages
|rule|Endless Battle Clause: Forcing endless battles is banned
|rule|Species Clause: Limit one of each Pokémon
|rule|OHKO Clause: OHKO moves are banned
|rule|Evasion Items Clause: Evasion items are banned
|rule|Evasion Moves Clause: Evasion moves are banned
|rule|Evasion Abilities Clause: Evasion abilities are banned
|rule|Sleep Moves Clause: Sleep-inducing moves are banned
|clearpoke
|poke|p1|Dragonite, M|
|poke|p1|Hatterene, F|
|poke|p1|Weavile, M|
|poke|p1|Ogerpon-Wellspring, F|
|poke|p1|Kingambit, M|
|poke|p1|Great Tusk|
|poke|p2|Grimmsnarl, M|
|poke|p2|Ursaluna, F|
|poke|p2|Slowbro-Galar, M|
|poke|p2|Iron Hands|
|poke|p2|Kingambit, M|
|poke|p2|Enamorus-Therian, F|
|teampreview
|inactive|Battle timer is ON: inactive players will automatically lose when time's up. (requested by testingrainteam2)
|
|t:|1779903659
|teamsize|p1|6
|teamsize|p2|6
|start
|switch|p1a: Vent de l'est|Hatterene, F|100/100
|switch|p2a: weclome to hel|Grimmsnarl, M|100/100
|turn|1
|
|t:|1779903664
|move|p2a: weclome to hel|Reflect|p2a: weclome to hel
|-sidestart|p2: testingrainteam2|Reflect
|move|p1a: Vent de l'est|Nuzzle|p2a: weclome to hel
|-damage|p2a: weclome to hel|99/100
|-status|p2a: weclome to hel|par
|
|upkeep
|turn|2
|
|t:|1779903668
|move|p2a: weclome to hel|Light Screen|p2a: weclome to hel
|-sidestart|p2: testingrainteam2|move: Light Screen
|move|p1a: Vent de l'est|Draining Kiss|p2a: weclome to hel
|-supereffective|p2a: weclome to hel
|-damage|p2a: weclome to hel|76/100 par
|
|upkeep
|turn|3
|
|t:|1779903672
|move|p1a: Vent de l'est|Nuzzle|p2a: weclome to hel
|-damage|p2a: weclome to hel|74/100 par
|move|p2a: weclome to hel|Spirit Break|p1a: Vent de l'est
|-damage|p1a: Vent de l'est|77/100
|-unboost|p1a: Vent de l'est|spa|1
|-damage|p2a: weclome to hel|58/100 par|[from] item: Rocky Helmet|[of] p1a: Vent de l'est
|
|upkeep
|turn|4
|
|t:|1779903674
|move|p1a: Vent de l'est|Draining Kiss|p2a: weclome to hel
|-supereffective|p2a: weclome to hel
|-damage|p2a: weclome to hel|42/100 par
|-heal|p1a: Vent de l'est|92/100|[from] drain|[of] p2a: weclome to hel
|move|p2a: weclome to hel|Spirit Break|p1a: Vent de l'est
|-damage|p1a: Vent de l'est|69/100
|-unboost|p1a: Vent de l'est|spa|1
|-damage|p2a: weclome to hel|25/100 par|[from] item: Rocky Helmet|[of] p1a: Vent de l'est
|
|upkeep
|turn|5
|
|t:|1779903681
|switch|p2a: fastest in da west|Slowbro-Galar, M|100/100
|move|p1a: Vent de l'est|Psychic Noise|p2a: fastest in da west
|-damage|p2a: fastest in da west|90/100
|-start|p2a: fastest in da west|move: Heal Block
|
|upkeep
|turn|6
|
|t:|1779903690
|move|p2a: fastest in da west|Nasty Plot|p2a: fastest in da west
|-boost|p2a: fastest in da west|spa|2
|move|p1a: Vent de l'est|Nuzzle|p2a: fastest in da west
|-damage|p2a: fastest in da west|88/100
|-status|p2a: fastest in da west|par
|
|-end|p2a: fastest in da west|move: Heal Block
|upkeep
|turn|7
|
|t:|1779903707
|switch|p1a: PrinceDeSangMêlé|Kingambit, M|100/100
|move|p2a: fastest in da west|Sludge Bomb|p1a: PrinceDeSangMêlé
|-immune|p1a: PrinceDeSangMêlé
|
|upkeep
|turn|8
|
|t:|1779903714
|move|p1a: PrinceDeSangMêlé|Kowtow Cleave|p2a: fastest in da west
|-supereffective|p2a: fastest in da west
|-damage|p2a: fastest in da west|41/100 par
|move|p2a: fastest in da west|Surf|p1a: PrinceDeSangMêlé
|-damage|p1a: PrinceDeSangMêlé|40/100
|
|-sideend|p2: testingrainteam2|Reflect
|upkeep
|turn|9
|
|t:|1779903719
|move|p1a: PrinceDeSangMêlé|Kowtow Cleave|p2a: fastest in da west
|-supereffective|p2a: fastest in da west
|-damage|p2a: fastest in da west|0 fnt
|faint|p2a: fastest in da west
|
|-sideend|p2: testingrainteam2|move: Light Screen
|upkeep
|
|t:|1779903722
|switch|p2a: catch these|Iron Hands|100/100
|turn|10
|
|t:|1779903727
|-end|p1a: PrinceDeSangMêlé|fallenundefined|[silent]
|switch|p1a: Vent de l'est|Hatterene, F|69/100
|move|p2a: catch these|Close Combat|p1a: Vent de l'est
|-resisted|p1a: Vent de l'est
|-damage|p1a: Vent de l'est|54/100
|-unboost|p2a: catch these|def|1
|-unboost|p2a: catch these|spd|1
|-damage|p2a: catch these|84/100|[from] item: Rocky Helmet|[of] p1a: Vent de l'est
|
|upkeep
|turn|11
|
|t:|1779903732
|-end|p2a: catch these|Quark Drive|[silent]
|switch|p2a: turtle|Enamorus-Therian, F|100/100
|move|p1a: Vent de l'est|Draining Kiss|p2a: turtle
|-damage|p2a: turtle|78/100
|-heal|p1a: Vent de l'est|73/100|[from] drain|[of] p2a: turtle
|
|upkeep
|turn|12
|
|t:|1779903737
|move|p2a: turtle|Moonblast|p1a: Vent de l'est
|-damage|p1a: Vent de l'est|16/100
|move|p1a: Vent de l'est|Nuzzle|p2a: turtle
|-supereffective|p2a: turtle
|-damage|p2a: turtle|71/100
|-status|p2a: turtle|par
|
|upkeep
|turn|13
|-activate|p2a: turtle|item: Quick Claw
|
|t:|1779903744
|move|p2a: turtle|Calm Mind|p2a: turtle
|-boost|p2a: turtle|spa|1
|-boost|p2a: turtle|spd|1
|move|p1a: Vent de l'est|Healing Wish|p1a: Vent de l'est
|faint|p1a: Vent de l'est
|
|upkeep
|
|t:|1779903753
|switch|p1a: PrinceDeSangMêlé|Kingambit, M|40/100
|-heal|p1a: PrinceDeSangMêlé|100/100|[from] move: Healing Wish
|-activate|p1a: PrinceDeSangMêlé|ability: Supreme Overlord
|-start|p1a: PrinceDeSangMêlé|fallen1|[silent]
|turn|14
|
|t:|1779903756
|move|p1a: PrinceDeSangMêlé|Iron Head|p2a: turtle
|-supereffective|p2a: turtle
|-damage|p2a: turtle|0 fnt
|faint|p2a: turtle
|
|upkeep
|
|t:|1779903759
|switch|p2a: catch these|Iron Hands|84/100
|turn|15
|-activate|p2a: catch these|item: Quick Claw
|
|t:|1779903765
|-end|p1a: PrinceDeSangMêlé|fallen1|[silent]
|switch|p1a: Z-machine|Great Tusk|100/100
|move|p2a: catch these|Close Combat|p1a: Z-machine
|-damage|p1a: Z-machine|52/100
|-unboost|p2a: catch these|def|1
|-unboost|p2a: catch these|spd|1
|
|upkeep
|turn|16
|
|t:|1779903771
|move|p1a: Z-machine|Headlong Rush|p2a: catch these
|-supereffective|p2a: catch these
|-damage|p2a: catch these|0 fnt
|-unboost|p1a: Z-machine|def|1
|-unboost|p1a: Z-machine|spd|1
|faint|p2a: catch these
|-end|p2a: catch these|Quark Drive|[silent]
|
|upkeep
|
|t:|1779903778
|switch|p2a: weclome to hel|Grimmsnarl, M|25/100 par
|turn|17
|
|t:|1779903782
|move|p2a: weclome to hel|Reflect|p2a: weclome to hel
|-sidestart|p2: testingrainteam2|Reflect
|move|p1a: Z-machine|Headlong Rush|p2a: weclome to hel
|-damage|p2a: weclome to hel|2/100 par
|-unboost|p1a: Z-machine|def|1
|-unboost|p1a: Z-machine|spd|1
|
|upkeep
|turn|18
|
|t:|1779903791
|-end|p1a: Z-machine|Protosynthesis|[silent]
|switch|p1a: Swish|Dragonite, M|100/100
|move|p2a: weclome to hel|Spirit Break|p1a: Swish
|-supereffective|p1a: Swish
|-damage|p1a: Swish|70/100
|-unboost|p1a: Swish|spa|1
|
|-heal|p1a: Swish|76/100|[from] item: Leftovers
|upkeep
|turn|19
|
|t:|1779903797
|move|p2a: weclome to hel|Taunt|p1a: Swish
|-start|p1a: Swish|move: Taunt
|cant|p1a: Swish|move: Taunt|Encore
|
|-heal|p1a: Swish|82/100|[from] item: Leftovers
|upkeep
|turn|20
|
|t:|1779903804
|switch|p1a: Z-machine|Great Tusk|52/100
|cant|p2a: weclome to hel|par
|
|upkeep
|turn|21
|
|t:|1779903809
|-end|p1a: Z-machine|Protosynthesis|[silent]
|switch|p1a: Swish|Dragonite, M|82/100
|move|p2a: weclome to hel|Spirit Break|p1a: Swish
|-supereffective|p1a: Swish
|-damage|p1a: Swish|11/100
|-unboost|p1a: Swish|spa|1
|
|-heal|p1a: Swish|17/100|[from] item: Leftovers
|upkeep
|turn|22
|
|t:|1779903814
|move|p2a: weclome to hel|Taunt|p1a: Swish
|-start|p1a: Swish|move: Taunt
|move|p1a: Swish|Earthquake|p2a: weclome to hel
|-damage|p2a: weclome to hel|0 fnt
|faint|p2a: weclome to hel
|
|-heal|p1a: Swish|23/100|[from] item: Leftovers
|upkeep
|
|t:|1779903818
|switch|p2a: *snifff*|Ursaluna, F|100/100
|turn|23
|
|t:|1779903826
|move|p1a: Swish|Ice Spinner|p2a: *snifff*
|-supereffective|p2a: *snifff*
|-damage|p2a: *snifff*|79/100
|move|p2a: *snifff*|Facade|p1a: Swish
|-damage|p1a: Swish|0 fnt
|faint|p1a: Swish
|
|upkeep
|
|t:|1779903830
|switch|p1a: Hello .RAW-Z|Weavile, M|100/100
|turn|24
|
|t:|1779903836
|-terastallize|p2a: *snifff*|Normal
|move|p1a: Hello .RAW-Z|Swords Dance|p1a: Hello .RAW-Z
|-boost|p1a: Hello .RAW-Z|atk|2
|move|p2a: *snifff*|Facade|p1a: Hello .RAW-Z
|-damage|p1a: Hello .RAW-Z|2/100
|
|-sideend|p2: testingrainteam2|Reflect
|upkeep
|turn|25
|-activate|p2a: *snifff*|item: Quick Claw
|
|t:|1779903843
|move|p2a: *snifff*|Facade|p1a: Hello .RAW-Z
|-damage|p1a: Hello .RAW-Z|0 fnt
|faint|p1a: Hello .RAW-Z
|
|upkeep
|
|t:|1779903852
|switch|p1a: Z-machine|Great Tusk|52/100
|turn|26
|
|t:|1779903854
|move|p1a: Z-machine|Close Combat|p2a: *snifff*
|-supereffective|p2a: *snifff*
|-damage|p2a: *snifff*|0 fnt
|-unboost|p1a: Z-machine|def|1
|-unboost|p1a: Z-machine|spd|1
|faint|p2a: *snifff*
|
|upkeep
|
|t:|1779903856
|switch|p2a: sucker ?|Kingambit, M|100/100
|-activate|p2a: sucker ?|ability: Supreme Overlord
|-start|p2a: sucker ?|fallen5|[silent]
|turn|27
|
|t:|1779903859
|move|p1a: Z-machine|Close Combat|p2a: sucker ?
|-supereffective|p2a: sucker ?
|-damage|p2a: sucker ?|0 fnt
|-unboost|p1a: Z-machine|def|1
|-unboost|p1a: Z-machine|spd|1
|faint|p2a: sucker ?
|-end|p2a: sucker ?|fallen5|[silent]
|
|win|viutil
|raw|viutil's rating: 1365 &rarr; <strong>1383</strong><br />(+18 for winning)
|raw|testingrainteam2's rating: 1328 &rarr; <strong>1310</strong><br />(-18 for losing)
|l|☆viutil
|player|p1|
|l|☆testingrainteam2
|player|p2|
