|j|☆council of noob
|j|☆tom11009
|t:|1779819046
|gametype|singles
|player|p1|council of noob|workerice|1173
|player|p2|tom11009|nate|1131
|gen|9
|tier|[Gen 9] OU
|rated|
|rule|HP Percentage Mod: HP is shown in percentages
|rule|Endless Battle Clause: Forcing endless battles is banned
|rule|Species Clause: Limit one of each Pokémon
|rule|OHKO Clause: OHKO moves are banned
|rule|Evasion Items Clause: Evasion items are banned
|rule|Evasion Moves Clause: Evasion moves are banned
|rule|Evasion Abilities Clause: Evasion abilities are banned
|rule|Sleep Moves Clause: Sleep-inducing moves are banned
|clearpoke
|poke|p1|Dragonite, F|
|poke|p1|Alomomola, F|
|poke|p1|Great Tusk|
|poke|p1|Raging Bolt|
|poke|p1|Kingambit, M|
|poke|p1|Primarina, F|
|poke|p2|Incineroar, M|
|poke|p2|Ogerpon-Wellspring, F|
|poke|p2|Tinkaton, F|
|poke|p2|Goodra-Hisui, F|
|poke|p2|Dragapult, F|
|poke|p2|Glimmora, F|
|teampreview
|
|t:|1779819052
|teamsize|p1|6
|teamsize|p2|6
|start
|switch|p1a: Alomomola|Alomomola, F, shiny|100/100
|switch|p2a: Glimmora|Glimmora, F|100/100
|turn|1
|
|t:|1779819059
|move|p2a: Glimmora|Spikes|p1a: Alomomola
|-sidestart|p1: council of noob|Spikes
|move|p1a: Alomomola|Flip Turn|p2a: Glimmora
|-supereffective|p2a: Glimmora
|-damage|p2a: Glimmora|59/100
|-activate|p2a: Glimmora|ability: Toxic Debris
|-sidestart|p1: council of noob|move: Toxic Spikes
|
|t:|1779819062
|switch|p1a: Manny|Great Tusk|100/100|[from] Flip Turn
|
|upkeep
|turn|2
|
|t:|1779819085
|switch|p2a: Tinkaton|Tinkaton, F|100/100
|-ability|p2a: Tinkaton|Mold Breaker
|-item|p2a: Tinkaton|Air Balloon
|move|p1a: Manny|Stealth Rock|p2a: Tinkaton
|-sidestart|p2: tom11009|move: Stealth Rock
|
|upkeep
|turn|3
|
|t:|1779819096
|move|p2a: Tinkaton|Encore|p1a: Manny
|-start|p1a: Manny|Encore
|move|p1a: Manny|Stealth Rock||[still]
|-fail|p1a: Manny
|
|upkeep
|turn|4
|
|t:|1779819105
|-end|p1a: Manny|Protosynthesis|[silent]
|switch|p1a: Alomomola|Alomomola, F, shiny|100/100
|-damage|p1a: Alomomola|88/100|[from] Spikes
|-status|p1a: Alomomola|psn
|move|p2a: Tinkaton|Gigaton Hammer|p1a: Alomomola
|-resisted|p1a: Alomomola
|-damage|p1a: Alomomola|76/100 psn
|
|-heal|p1a: Alomomola|82/100 psn|[from] item: Leftovers
|-damage|p1a: Alomomola|70/100 psn|[from] psn
|upkeep
|turn|5
|
|t:|1779819116
|move|p2a: Tinkaton|Knock Off|p1a: Alomomola
|-damage|p1a: Alomomola|60/100 psn
|-enditem|p1a: Alomomola|Leftovers|[from] move: Knock Off|[of] p2a: Tinkaton
|move|p1a: Alomomola|Wish|p1a: Alomomola
|
|-damage|p1a: Alomomola|48/100 psn|[from] psn
|upkeep
|turn|6
|
|t:|1779819135
|move|p2a: Tinkaton|Encore|p1a: Alomomola
|-start|p1a: Alomomola|Encore
|move|p1a: Alomomola|Wish||[still]
|-fail|p1a: Alomomola
|
|-heal|p1a: Alomomola|98/100 psn|[from] move: Wish|[wisher] Alomomola
|-damage|p1a: Alomomola|85/100 psn|[from] psn
|upkeep
|turn|7
|
|t:|1779819157
|switch|p2a: Ogerpon|Ogerpon-Wellspring, F|100/100
|-damage|p2a: Ogerpon|88/100|[from] Stealth Rock
|move|p1a: Alomomola|Wish|p1a: Alomomola
|
|-damage|p1a: Alomomola|73/100 psn|[from] psn
|upkeep
|turn|8
|
|t:|1779819194
|switch|p1a: Melman|Raging Bolt|100/100
|-damage|p1a: Melman|88/100|[from] Spikes
|-status|p1a: Melman|psn
|move|p2a: Ogerpon|Power Whip|p1a: Melman|[miss]
|-miss|p2a: Ogerpon|p1a: Melman
|
|-heal|p1a: Melman|100/100 psn|[from] move: Wish|[wisher] Alomomola
|-damage|p1a: Melman|88/100 psn|[from] psn
|upkeep
|turn|9
|
|t:|1779819209
|move|p2a: Ogerpon|Play Rough|p1a: Melman
|-supereffective|p1a: Melman
|-damage|p1a: Melman|20/100 psn
|move|p1a: Melman|Draco Meteor|p2a: Ogerpon
|-damage|p2a: Ogerpon|2/100
|-unboost|p1a: Melman|spa|2
|
|-damage|p1a: Melman|8/100 psn|[from] psn
|upkeep
|turn|10
|
|t:|1779819234
|move|p1a: Melman|Thunderclap|p2a: Ogerpon
|-damage|p2a: Ogerpon|0 fnt
|faint|p2a: Ogerpon
|
|-damage|p1a: Melman|0 fnt|[from] psn
|faint|p1a: Melman
|-end|p1a: Melman|Protosynthesis|[silent]
|upkeep
|
|t:|1779819243
|switch|p2a: Glimmora|Glimmora, F|59/100
|switch|p1a: Manny|Great Tusk|100/100
|-damage|p2a: Glimmora|47/100|[from] Stealth Rock
|turn|11
|
|t:|1779819254
|move|p1a: Manny|Rapid Spin|p2a: Glimmora
|-resisted|p2a: Glimmora
|-damage|p2a: Glimmora|37/100
|-boost|p1a: Manny|spe|1
|-activate|p2a: Glimmora|ability: Toxic Debris
|-sidestart|p1: council of noob|move: Toxic Spikes
|-sideend|p1: council of noob|Spikes|[from] move: Rapid Spin|[of] p1a: Manny
|-sideend|p1: council of noob|Toxic Spikes|[from] move: Rapid Spin|[of] p1a: Manny
|move|p2a: Glimmora|Mortal Spin|p1a: Manny
|-resisted|p1a: Manny
|-damage|p1a: Manny|98/100
|-status|p1a: Manny|psn
|-sideend|p2: tom11009|Stealth Rock|[from] move: Mortal Spin|[of] p2a: Glimmora
|
|-damage|p1a: Manny|86/100 psn|[from] psn
|upkeep
|turn|12
|
|t:|1779819279
|move|p1a: Manny|Rapid Spin|p2a: Glimmora
|-resisted|p2a: Glimmora
|-damage|p2a: Glimmora|28/100
|-boost|p1a: Manny|spe|1
|-activate|p2a: Glimmora|ability: Toxic Debris
|-sidestart|p1: council of noob|move: Toxic Spikes
|-sideend|p1: council of noob|Toxic Spikes|[from] move: Rapid Spin|[of] p1a: Manny
|move|p2a: Glimmora|Earth Power|p1a: Manny
|-damage|p1a: Manny|38/100 psn
|
|-damage|p1a: Manny|26/100 psn|[from] psn
|upkeep
|turn|13
|
|t:|1779819291
|move|p1a: Manny|Earthquake|p2a: Glimmora
|-supereffective|p2a: Glimmora
|-damage|p2a: Glimmora|0 fnt
|-activate|p2a: Glimmora|ability: Toxic Debris
|-sidestart|p1: council of noob|move: Toxic Spikes
|faint|p2a: Glimmora
|
|-damage|p1a: Manny|13/100 psn|[from] psn
|upkeep
|
|t:|1779819304
|switch|p2a: Goodra|Goodra-Hisui, F|100/100
|turn|14
|
|t:|1779819312
|move|p1a: Manny|Close Combat|p2a: Goodra
|-supereffective|p2a: Goodra
|-damage|p2a: Goodra|8/100
|-unboost|p1a: Manny|def|1
|-unboost|p1a: Manny|spd|1
|-ability|p2a: Goodra|Gooey
|-unboost|p1a: Manny|spe|1
|move|p2a: Goodra|Acid Armor|p2a: Goodra
|-boost|p2a: Goodra|def|2
|
|-heal|p2a: Goodra|14/100|[from] item: Leftovers
|-damage|p1a: Manny|1/100 psn|[from] psn
|upkeep
|turn|15
|
|t:|1779819323
|move|p2a: Goodra|Protect|p2a: Goodra
|-singleturn|p2a: Goodra|Protect
|move|p1a: Manny|Earthquake|p2a: Goodra
|-activate|p2a: Goodra|move: Protect
|
|-heal|p2a: Goodra|20/100|[from] item: Leftovers
|-damage|p1a: Manny|0 fnt|[from] psn
|faint|p1a: Manny
|-end|p1a: Manny|Protosynthesis|[silent]
|upkeep
|
|t:|1779819338
|switch|p1a: Reptar|Dragonite, F, shiny|100/100
|turn|16
|
|t:|1779819349
|switch|p2a: Tinkaton|Tinkaton, F|100/100
|-ability|p2a: Tinkaton|Mold Breaker
|-item|p2a: Tinkaton|Air Balloon
|-terastallize|p1a: Reptar|Normal
|move|p1a: Reptar|Extreme Speed|p2a: Tinkaton
|-resisted|p2a: Tinkaton
|-damage|p2a: Tinkaton|59/100
|-enditem|p2a: Tinkaton|Air Balloon
|
|upkeep
|turn|17
|
|t:|1779819368
|switch|p1a: Alomomola|Alomomola, F, shiny|100/100 psn
|move|p2a: Tinkaton|Knock Off|p1a: Alomomola
|-damage|p1a: Alomomola|94/100 psn
|
|-damage|p1a: Alomomola|82/100 psn|[from] psn
|upkeep
|turn|18
|
|t:|1779819379
|move|p2a: Tinkaton|Stealth Rock|p1a: Alomomola
|-sidestart|p1: council of noob|move: Stealth Rock
|move|p1a: Alomomola|Flip Turn|p2a: Tinkaton
|-damage|p2a: Tinkaton|40/100
|
|t:|1779819382
|switch|p1a: Leila|Primarina, F, shiny|100/100|[from] Flip Turn
|-status|p1a: Leila|psn
|-damage|p1a: Leila|88/100 psn|[from] Stealth Rock
|
|-damage|p1a: Leila|76/100 psn|[from] psn
|upkeep
|turn|19
|
|t:|1779819396
|move|p2a: Tinkaton|Gigaton Hammer|p1a: Leila
|-damage|p1a: Leila|20/100 psn
|move|p1a: Leila|Flip Turn|p2a: Tinkaton
|-damage|p2a: Tinkaton|14/100
|
|t:|1779819406
|switch|p1a: Reptar|Dragonite, F, shiny, tera:Normal|100/100|[from] Flip Turn
|-status|p1a: Reptar|psn
|-damage|p1a: Reptar|88/100 psn|[from] Stealth Rock
|
|-damage|p1a: Reptar|76/100 psn|[from] psn
|upkeep
|turn|20
|
|t:|1779819417
|move|p1a: Reptar|Extreme Speed|p2a: Tinkaton
|-resisted|p2a: Tinkaton
|-damage|p2a: Tinkaton|0 fnt
|faint|p2a: Tinkaton
|
|-damage|p1a: Reptar|63/100 psn|[from] psn
|upkeep
|
|t:|1779819426
|switch|p2a: Goodra|Goodra-Hisui, F|20/100
|turn|21
|
|t:|1779819430
|move|p2a: Goodra|Protect|p2a: Goodra
|-singleturn|p2a: Goodra|Protect
|move|p1a: Reptar|Extreme Speed|p2a: Goodra
|-activate|p2a: Goodra|move: Protect
|
|-heal|p2a: Goodra|26/100|[from] item: Leftovers
|-damage|p1a: Reptar|51/100 psn|[from] psn
|upkeep
|turn|22
|
|t:|1779819440
|move|p1a: Reptar|Extreme Speed|p2a: Goodra
|-resisted|p2a: Goodra
|-damage|p2a: Goodra|2/100
|-ability|p2a: Goodra|Gooey
|-unboost|p1a: Reptar|spe|1
|move|p2a: Goodra|Acid Armor|p2a: Goodra
|-boost|p2a: Goodra|def|2
|
|-heal|p2a: Goodra|8/100|[from] item: Leftovers
|-damage|p1a: Reptar|38/100 psn|[from] psn
|upkeep
|turn|23
|
|t:|1779819451
|move|p2a: Goodra|Protect|p2a: Goodra
|-singleturn|p2a: Goodra|Protect
|move|p1a: Reptar|Extreme Speed|p2a: Goodra
|-activate|p2a: Goodra|move: Protect
|
|-heal|p2a: Goodra|14/100|[from] item: Leftovers
|-damage|p1a: Reptar|26/100 psn|[from] psn
|upkeep
|turn|24
|
|t:|1779819476
|switch|p2a: Dragapult|Dragapult, F|100/100
|move|p1a: Reptar|Extreme Speed|p2a: Dragapult
|-immune|p2a: Dragapult
|
|-damage|p1a: Reptar|13/100 psn|[from] psn
|upkeep
|turn|25
|
|t:|1779819487
|move|p1a: Reptar|Extreme Speed|p2a: Dragapult
|-immune|p2a: Dragapult
|move|p2a: Dragapult|U-turn|p1a: Reptar
|-damage|p1a: Reptar|0 fnt
|faint|p1a: Reptar
|
|t:|1779819493
|switch|p2a: Goodra|Goodra-Hisui, F|14/100|[from] U-turn
|
|-heal|p2a: Goodra|20/100|[from] item: Leftovers
|upkeep
|
|t:|1779819496
|switch|p1a: Alomomola|Alomomola, F, shiny|100/100 psn
|-damage|p1a: Alomomola|88/100 psn|[from] Stealth Rock
|turn|26
|
|t:|1779819501
|move|p2a: Goodra|Protect|p2a: Goodra
|-singleturn|p2a: Goodra|Protect
|move|p1a: Alomomola|Wish|p1a: Alomomola
|
|-heal|p2a: Goodra|26/100|[from] item: Leftovers
|-damage|p1a: Alomomola|76/100 psn|[from] psn
|upkeep
|turn|27
|
|t:|1779819514
|switch|p2a: Dragapult|Dragapult, F|100/100
|move|p1a: Alomomola|Flip Turn|p2a: Dragapult
|-resisted|p2a: Dragapult
|-damage|p2a: Dragapult|89/100
|
|t:|1779819520
|switch|p1a: Leila|Primarina, F, shiny|20/100 psn|[from] Flip Turn
|-damage|p1a: Leila|8/100 psn|[from] Stealth Rock
|
|-heal|p1a: Leila|81/100 psn|[from] move: Wish|[wisher] Alomomola
|-damage|p1a: Leila|69/100 psn|[from] psn
|upkeep
|turn|28
|
|t:|1779819536
|move|p2a: Dragapult|Shadow Ball|p1a: Leila
|-damage|p1a: Leila|39/100 psn
|move|p1a: Leila|Draining Kiss|p2a: Dragapult
|-supereffective|p2a: Dragapult
|-damage|p2a: Dragapult|11/100
|-heal|p1a: Leila|91/100 psn|[from] drain|[of] p2a: Dragapult
|
|-damage|p1a: Leila|78/100 psn|[from] psn
|upkeep
|turn|29
|
|t:|1779819563
|switch|p2a: Incineroar|Incineroar, M, shiny|100/100
|-ability|p2a: Incineroar|Intimidate|boost
|-unboost|p1a: Leila|atk|1
|move|p1a: Leila|Draining Kiss|p2a: Incineroar
|-crit|p2a: Incineroar
|-damage|p2a: Incineroar|62/100
|-heal|p1a: Leila|100/100 psn|[from] drain|[of] p2a: Incineroar
|
|-damage|p1a: Leila|88/100 psn|[from] psn
|upkeep
|turn|30
|c|☆council of noob|gg mane
|
|t:|1779819578
|move|p2a: Incineroar|Fake Out|p1a: Leila
|-damage|p1a: Leila|72/100 psn
|cant|p1a: Leila|flinch
|
|-damage|p1a: Leila|60/100 psn|[from] psn
|upkeep
|turn|31
|
|t:|1779819600
|switch|p2a: Goodra|Goodra-Hisui, F|26/100
|move|p1a: Leila|Sparkling Aria|p2a: Goodra
|-resisted|p2a: Goodra
|-damage|p2a: Goodra|10/100
|
|-heal|p2a: Goodra|16/100|[from] item: Leftovers
|-damage|p1a: Leila|48/100 psn|[from] psn
|upkeep
|turn|32
|
|t:|1779819612
|switch|p1a: Alomomola|Alomomola, F, shiny|100/100 psn
|-damage|p1a: Alomomola|88/100 psn|[from] Stealth Rock
|move|p2a: Goodra|Acid Armor|p2a: Goodra
|-boost|p2a: Goodra|def|2
|
|-heal|p2a: Goodra|22/100|[from] item: Leftovers
|-damage|p1a: Alomomola|76/100 psn|[from] psn
|upkeep
|turn|33
|
|t:|1779819626
|move|p1a: Alomomola|Wish|p1a: Alomomola
|move|p2a: Goodra|Body Press|p1a: Alomomola
|-crit|p1a: Alomomola
|-damage|p1a: Alomomola|32/100 psn
|
|-heal|p2a: Goodra|28/100|[from] item: Leftovers
|-damage|p1a: Alomomola|19/100 psn|[from] psn
|upkeep
|turn|34
|
|t:|1779819639
|move|p1a: Alomomola|Flip Turn|p2a: Goodra
|-resisted|p2a: Goodra
|-damage|p2a: Goodra|25/100
|-ability|p2a: Goodra|Gooey
|-unboost|p1a: Alomomola|spe|1
|
|t:|1779819641
|switch|p1a: Leila|Primarina, F, shiny|48/100 psn|[from] Flip Turn
|-damage|p1a: Leila|35/100 psn|[from] Stealth Rock
|move|p2a: Goodra|Acid Armor|p2a: Goodra
|-boost|p2a: Goodra|def|2
|
|-heal|p1a: Leila|100/100 psn|[from] move: Wish|[wisher] Alomomola
|-heal|p2a: Goodra|31/100|[from] item: Leftovers
|-damage|p1a: Leila|88/100 psn|[from] psn
|upkeep
|turn|35
|
|t:|1779819654
|move|p2a: Goodra|Protect|p2a: Goodra
|-singleturn|p2a: Goodra|Protect
|move|p1a: Leila|Draining Kiss|p2a: Goodra
|-activate|p2a: Goodra|move: Protect
|
|-heal|p2a: Goodra|37/100|[from] item: Leftovers
|-damage|p1a: Leila|76/100 psn|[from] psn
|upkeep
|turn|36
|
|t:|1779819668
|move|p1a: Leila|Draining Kiss|p2a: Goodra
|-damage|p2a: Goodra|18/100
|-heal|p1a: Leila|91/100 psn|[from] drain|[of] p2a: Goodra
|-ability|p2a: Goodra|Gooey
|-unboost|p1a: Leila|spe|1
|move|p2a: Goodra|Body Press|p1a: Leila
|-resisted|p1a: Leila
|-damage|p1a: Leila|42/100 psn
|
|-heal|p2a: Goodra|24/100|[from] item: Leftovers
|-damage|p1a: Leila|29/100 psn|[from] psn
|upkeep
|turn|37
|
|t:|1779819680
|move|p2a: Goodra|Protect|p2a: Goodra
|-singleturn|p2a: Goodra|Protect
|move|p1a: Leila|Draining Kiss|p2a: Goodra
|-activate|p2a: Goodra|move: Protect
|
|-heal|p2a: Goodra|30/100|[from] item: Leftovers
|-damage|p1a: Leila|17/100 psn|[from] psn
|upkeep
|turn|38
|
|t:|1779819690
|move|p2a: Goodra|Body Press|p1a: Leila
|-resisted|p1a: Leila
|-damage|p1a: Leila|0 fnt
|faint|p1a: Leila
|
|-heal|p2a: Goodra|36/100|[from] item: Leftovers
|upkeep
|
|t:|1779819693
|switch|p1a: Alomomola|Alomomola, F, shiny|52/100 psn
|-damage|p1a: Alomomola|40/100 psn|[from] Stealth Rock
|turn|39
|
|t:|1779819708
|move|p1a: Alomomola|Wish|p1a: Alomomola
|move|p2a: Goodra|Acid Armor|p2a: Goodra
|-boost|p2a: Goodra|def|2
|
|-heal|p2a: Goodra|42/100|[from] item: Leftovers
|-damage|p1a: Alomomola|28/100 psn|[from] psn
|upkeep
|turn|40
|
|t:|1779819715
|move|p2a: Goodra|Protect|p2a: Goodra
|-singleturn|p2a: Goodra|Protect
|move|p1a: Alomomola|Flip Turn|p2a: Goodra
|-activate|p2a: Goodra|move: Protect
|
|-heal|p1a: Alomomola|78/100 psn|[from] move: Wish|[wisher] Alomomola
|-heal|p2a: Goodra|48/100|[from] item: Leftovers
|-damage|p1a: Alomomola|65/100 psn|[from] psn
|upkeep
|turn|41
|
|t:|1779819725
|move|p1a: Alomomola|Flip Turn|p2a: Goodra
|-resisted|p2a: Goodra
|-damage|p2a: Goodra|46/100
|-ability|p2a: Goodra|Gooey
|-unboost|p1a: Alomomola|spe|1
|
|t:|1779819731
|switch|p1a: Samurai Jack|Kingambit, M|100/100|[from] Flip Turn
|-damage|p1a: Samurai Jack|94/100|[from] Stealth Rock
|-activate|p1a: Samurai Jack|ability: Supreme Overlord
|-start|p1a: Samurai Jack|fallen4|[silent]
|move|p2a: Goodra|Body Press|p1a: Samurai Jack
|-supereffective|p1a: Samurai Jack
|-crit|p1a: Samurai Jack
|-damage|p1a: Samurai Jack|0 fnt
|faint|p1a: Samurai Jack
|-end|p1a: Samurai Jack|fallen4|[silent]
|
|-heal|p2a: Goodra|52/100|[from] item: Leftovers
|upkeep
|-message|council of noob forfeited.
|
|win|tom11009
|raw|council of noob's rating: 1173 &rarr; <strong>1145</strong><br />(-28 for losing)
|raw|tom11009's rating: 1131 &rarr; <strong>1159</strong><br />(+28 for winning)
|l|☆council of noob
|player|p1|
|c|☆tom11009|gg
