|j|☆melody0807
|j|‽President Warfo
|t:|1779866213
|gametype|singles
|player|p1|melody0807|169|1343
|player|p2|President Warfo|giovanni-gen1rb|1374
|gen|9
|tier|[Gen 9] OU
|rated|
|rule|HP Percentage Mod: HP is shown in percentages
|rule|Endless Battle Clause: Forcing endless battles is banned
|rule|Species Clause: Limit one of each Pokémon
|rule|OHKO Clause: OHKO moves are banned
|rule|Evasion Items Clause: Evasion items are banned
|rule|Evasion Moves Clause: Evasion moves are banned
|rule|Evasion Abilities Clause: Evasion abilities are banned
|rule|Sleep Moves Clause: Sleep-inducing moves are banned
|clearpoke
|poke|p1|Latios, M|
|poke|p1|Ogerpon, F|
|poke|p1|Iron Jugulis|
|poke|p1|Manaphy|
|poke|p1|Sandy Shocks|
|poke|p1|Scizor, M|
|poke|p2|Torkoal, F|
|poke|p2|Scovillain, M|
|poke|p2|Walking Wake|
|poke|p2|Hatterene, F|
|poke|p2|Great Tusk|
|poke|p2|Ceruledge, F|
|teampreview
|inactive|Battle timer is ON: inactive players will automatically lose when time's up. (requested by President Warfo)
|inactive|President Warfo has 120 seconds left.
|
|t:|1779866251
|teamsize|p1|6
|teamsize|p2|6
|start
|switch|p1a: Sandy Shocks|Sandy Shocks|100/100
|switch|p2a: Torkoal|Torkoal, F|100/100
|-weather|SunnyDay|[from] ability: Drought|[of] p2a: Torkoal
|-activate|p1a: Sandy Shocks|ability: Protosynthesis
|-start|p1a: Sandy Shocks|protosynthesisspe
|turn|1
|
|t:|1779866262
|switch|p2a: Hatterene|Hatterene, F, shiny|100/100
|move|p1a: Sandy Shocks|Earth Power|p2a: Hatterene
|-damage|p2a: Hatterene|54/100
|-enditem|p2a: Hatterene|Eject Button
|
|t:|1779866271
|switch|p2a: Scovillain|Scovillain, M|100/100
|
|-weather|SunnyDay|[upkeep]
|upkeep
|turn|2
|
|t:|1779866283
|move|p2a: Scovillain|Solar Beam||[still]
|-prepare|p2a: Scovillain|Solar Beam
|-anim|p2a: Scovillain|Solar Beam|p1a: Sandy Shocks
|-supereffective|p1a: Sandy Shocks
|-damage|p1a: Sandy Shocks|0 fnt
|faint|p1a: Sandy Shocks
|-end|p1a: Sandy Shocks|Protosynthesis|[silent]
|-damage|p2a: Scovillain|91/100|[from] item: Life Orb
|
|-weather|SunnyDay|[upkeep]
|upkeep
|
|t:|1779866288
|switch|p1a: Latios|Latios, M|100/100
|turn|3
|inactive|President Warfo has 120 seconds left.
|
|t:|1779866321
|switch|p2a: Hatterene|Hatterene, F, shiny|54/100
|move|p1a: Latios|Agility|p1a: Latios
|-boost|p1a: Latios|spe|2
|
|-weather|SunnyDay|[upkeep]
|upkeep
|turn|4
|
|t:|1779866328
|move|p1a: Latios|Calm Mind|p1a: Latios
|-boost|p1a: Latios|spa|1
|-boost|p1a: Latios|spd|1
|move|p2a: Hatterene|Mystical Fire|p1a: Latios
|-resisted|p1a: Latios
|-damage|p1a: Latios|91/100
|-unboost|p1a: Latios|spa|1
|
|-weather|SunnyDay|[upkeep]
|upkeep
|turn|5
|
|t:|1779866332
|move|p1a: Latios|Calm Mind|p1a: Latios
|-boost|p1a: Latios|spa|1
|-boost|p1a: Latios|spd|1
|move|p2a: Hatterene|Mystical Fire|p1a: Latios
|-resisted|p1a: Latios
|-damage|p1a: Latios|84/100
|-unboost|p1a: Latios|spa|1
|
|-weather|SunnyDay|[upkeep]
|upkeep
|turn|6
|
|t:|1779866335
|move|p1a: Latios|Calm Mind|p1a: Latios
|-boost|p1a: Latios|spa|1
|-boost|p1a: Latios|spd|1
|move|p2a: Hatterene|Mystical Fire|p1a: Latios
|-resisted|p1a: Latios
|-damage|p1a: Latios|78/100
|-unboost|p1a: Latios|spa|1
|
|-weather|SunnyDay|[upkeep]
|upkeep
|turn|7
|
|t:|1779866337
|move|p1a: Latios|Calm Mind|p1a: Latios
|-boost|p1a: Latios|spa|1
|-boost|p1a: Latios|spd|1
|move|p2a: Hatterene|Mystical Fire|p1a: Latios
|-resisted|p1a: Latios
|-damage|p1a: Latios|73/100
|-unboost|p1a: Latios|spa|1
|
|-weather|SunnyDay|[upkeep]
|upkeep
|turn|8
|
|t:|1779866339
|move|p1a: Latios|Calm Mind|p1a: Latios
|-boost|p1a: Latios|spa|1
|-boost|p1a: Latios|spd|1
|move|p2a: Hatterene|Mystical Fire|p1a: Latios
|-resisted|p1a: Latios
|-damage|p1a: Latios|69/100
|-unboost|p1a: Latios|spa|1
|
|-weather|none
|upkeep
|turn|9
|
|t:|1779866347
|move|p1a: Latios|Calm Mind|p1a: Latios
|-boost|p1a: Latios|spa|1
|-boost|p1a: Latios|spd|1
|move|p2a: Hatterene|Mystical Fire|p1a: Latios
|-resisted|p1a: Latios
|-damage|p1a: Latios|67/100
|-unboost|p1a: Latios|spa|1
|
|upkeep
|turn|10
|
|t:|1779866353
|move|p1a: Latios|Stored Power|p2a: Hatterene
|-resisted|p2a: Hatterene
|-damage|p2a: Hatterene|12/100
|move|p2a: Hatterene|Mystical Fire|p1a: Latios
|-resisted|p1a: Latios
|-damage|p1a: Latios|65/100
|-unboost|p1a: Latios|spa|1
|
|upkeep
|turn|11
|
|t:|1779866358
|move|p1a: Latios|Stored Power|p2a: Hatterene
|-resisted|p2a: Hatterene
|-damage|p2a: Hatterene|0 fnt
|faint|p2a: Hatterene
|
|upkeep
|
|t:|1779866360
|switch|p2a: Great Tusk|Great Tusk, shiny|100/100
|turn|12
|
|t:|1779866363
|-terastallize|p2a: Great Tusk|Steel
|move|p1a: Latios|Stored Power|p2a: Great Tusk
|-resisted|p2a: Great Tusk
|-damage|p2a: Great Tusk|57/100
|move|p2a: Great Tusk|Ice Spinner|p1a: Latios
|-supereffective|p1a: Latios
|-damage|p1a: Latios|8/100
|-enditem|p1a: Latios|Weakness Policy
|-boost|p1a: Latios|atk|2|[from] item: Weakness Policy
|-boost|p1a: Latios|spa|2|[from] item: Weakness Policy
|
|upkeep
|turn|13
|
|t:|1779866367
|move|p1a: Latios|Aura Sphere|p2a: Great Tusk
|-supereffective|p2a: Great Tusk
|-damage|p2a: Great Tusk|0 fnt
|faint|p2a: Great Tusk
|-end|p2a: Great Tusk|Protosynthesis|[silent]
|
|upkeep
|
|t:|1779866370
|switch|p2a: Ceruledge|Ceruledge, F|100/100
|turn|14
|
|t:|1779866372
|move|p2a: Ceruledge|Shadow Sneak|p1a: Latios
|-supereffective|p1a: Latios
|-damage|p1a: Latios|0 fnt
|faint|p1a: Latios
|
|upkeep
|
|t:|1779866376
|switch|p1a: Iron Jugulis|Iron Jugulis|100/100
|-enditem|p1a: Iron Jugulis|Booster Energy
|-activate|p1a: Iron Jugulis|ability: Quark Drive|[fromitem]
|-start|p1a: Iron Jugulis|quarkdrivespe
|turn|15
|
|t:|1779866381
|move|p1a: Iron Jugulis|Dark Pulse|p2a: Ceruledge
|-supereffective|p2a: Ceruledge
|-damage|p2a: Ceruledge|8/100
|move|p2a: Ceruledge|Bitter Blade|p1a: Iron Jugulis
|-damage|p1a: Iron Jugulis|45/100
|-heal|p2a: Ceruledge|39/100|[from] drain|[of] p1a: Iron Jugulis
|
|upkeep
|turn|16
|
|t:|1779866386
|switch|p2a: Torkoal|Torkoal, F|100/100
|-weather|SunnyDay|[from] ability: Drought|[of] p2a: Torkoal
|move|p1a: Iron Jugulis|Dark Pulse|p2a: Torkoal
|-damage|p2a: Torkoal|53/100
|
|-weather|SunnyDay|[upkeep]
|upkeep
|turn|17
|
|t:|1779866389
|move|p1a: Iron Jugulis|Earth Power|p2a: Torkoal
|-supereffective|p2a: Torkoal
|-damage|p2a: Torkoal|0 fnt
|faint|p2a: Torkoal
|
|-weather|SunnyDay|[upkeep]
|upkeep
|
|t:|1779866392
|switch|p2a: Scovillain|Scovillain, M|91/100
|turn|18
|
|t:|1779866397
|move|p2a: Scovillain|Flamethrower|p1a: Iron Jugulis
|-damage|p1a: Iron Jugulis|0 fnt
|faint|p1a: Iron Jugulis
|-end|p1a: Iron Jugulis|Quark Drive|[silent]
|-damage|p2a: Scovillain|81/100|[from] item: Life Orb
|
|-weather|SunnyDay|[upkeep]
|upkeep
|
|t:|1779866400
|switch|p1a: Manaphy|Manaphy|100/100
|turn|19
|
|t:|1779866407
|switch|p1a: Scizor|Scizor, M|100/100
|move|p2a: Scovillain|Solar Beam||[still]
|-prepare|p2a: Scovillain|Solar Beam
|-anim|p2a: Scovillain|Solar Beam|p1a: Scizor
|-resisted|p1a: Scizor
|-damage|p1a: Scizor|80/100
|-damage|p2a: Scovillain|71/100|[from] item: Life Orb
|
|-weather|SunnyDay|[upkeep]
|upkeep
|turn|20
|
|t:|1779866419
|move|p1a: Scizor|Bullet Punch|p2a: Scovillain
|-resisted|p2a: Scovillain
|-damage|p2a: Scovillain|50/100
|move|p2a: Scovillain|Giga Drain|p1a: Scizor
|-resisted|p1a: Scizor
|-damage|p1a: Scizor|67/100
|-heal|p2a: Scovillain|59/100|[from] drain|[of] p1a: Scizor
|-damage|p2a: Scovillain|49/100|[from] item: Life Orb
|
|-weather|SunnyDay|[upkeep]
|upkeep
|turn|21
|
|t:|1779866421
|move|p1a: Scizor|Bullet Punch|p2a: Scovillain
|-resisted|p2a: Scovillain
|-damage|p2a: Scovillain|28/100
|move|p2a: Scovillain|Flamethrower|p1a: Scizor
|-supereffective|p1a: Scizor
|-damage|p1a: Scizor|0 fnt
|faint|p1a: Scizor
|-damage|p2a: Scovillain|18/100|[from] item: Life Orb
|
|-weather|SunnyDay|[upkeep]
|upkeep
|
|t:|1779866426
|switch|p1a: Manaphy|Manaphy|100/100
|turn|22
|
|t:|1779866431
|-terastallize|p1a: Manaphy|Grass
|move|p2a: Scovillain|Flamethrower|p1a: Manaphy
|-supereffective|p1a: Manaphy
|-damage|p1a: Manaphy|0 fnt
|faint|p1a: Manaphy
|-damage|p2a: Scovillain|8/100|[from] item: Life Orb
|
|-weather|SunnyDay|[upkeep]
|upkeep
|
|t:|1779866435
|switch|p1a: Ogerpon|Ogerpon, F|100/100
|turn|23
|
|t:|1779866439
|move|p2a: Scovillain|Flamethrower|p1a: Ogerpon
|-supereffective|p1a: Ogerpon
|-damage|p1a: Ogerpon|0 fnt
|faint|p1a: Ogerpon
|-damage|p2a: Scovillain|0 fnt|[from] item: Life Orb
|faint|p2a: Scovillain
|
|win|President Warfo
|raw|melody0807's rating: 1343 &rarr; <strong>1326</strong><br />(-17 for losing)
|raw|President Warfo's rating: 1391 &rarr; <strong>1408</strong><br />(+17 for winning)
|l|☆melody0807
|player|p1|
|l|‽President Warfo
|player|p2|
