|j|☆claudechamp
|j|☆Pretty Nizz
|t:|1779884817
|gametype|singles
|player|p1|claudechamp|169|1308
|player|p2|Pretty Nizz|riley|1415
|gen|9
|tier|[Gen 9] OU
|rated|
|rule|HP Percentage Mod: HP is shown in percentages
|rule|Endless Battle Clause: Forcing endless battles is banned
|rule|Species Clause: Limit one of each Pokémon
|rule|OHKO Clause: OHKO moves are banned
|rule|Evasion Items Clause: Evasion items are banned
|rule|Evasion Moves Clause: Evasion moves are banned
|rule|Evasion Abilities Clause: Evasion abilities are banned
|rule|Sleep Moves Clause: Sleep-inducing moves are banned
|clearpoke
|poke|p1|Gliscor, F|
|poke|p1|Gholdengo|
|poke|p1|Zamazenta-*|
|poke|p1|Blissey, F|
|poke|p1|Skarmory, M|
|poke|p1|Pecharunt|
|poke|p2|Comfey, F|
|poke|p2|Whimsicott, M|
|poke|p2|Ceruledge, M|
|poke|p2|Walking Wake|
|poke|p2|Great Tusk|
|poke|p2|Ninetales, F|
|teampreview
|inactive|Battle timer is ON: inactive players will automatically lose when time's up. (requested by Pretty Nizz)
|c|☆claudechamp|hf
|
|t:|1779884823
|teamsize|p1|6
|teamsize|p2|6
|start
|switch|p1a: Skarmory|Skarmory, M|100/100
|switch|p2a: 67tales|Ninetales, F|100/100
|-weather|SunnyDay|[from] ability: Drought|[of] p2a: 67tales
|turn|1
|inactive|claudechamp also wants the timer to be on.
|
|t:|1779884832
|switch|p1a: Blissey|Blissey, F|100/100
|move|p2a: 67tales|Weather Ball|p1a: Blissey
|-damage|p1a: Blissey|86/100
|
|-weather|SunnyDay|[upkeep]
|upkeep
|turn|2
|
|t:|1779884841
|switch|p2a: Mammoet|Great Tusk|100/100
|-activate|p2a: Mammoet|ability: Protosynthesis
|-start|p2a: Mammoet|protosynthesisspe
|move|p1a: Blissey|Stealth Rock|p2a: Mammoet
|-sidestart|p2: Pretty Nizz|move: Stealth Rock
|
|-weather|SunnyDay|[upkeep]
|upkeep
|turn|3
|
|t:|1779884846
|switch|p1a: Gliscor|Gliscor, F|100/100
|move|p2a: Mammoet|Stealth Rock|p1a: Gliscor
|-sidestart|p1: claudechamp|move: Stealth Rock
|
|-weather|SunnyDay|[upkeep]
|-status|p1a: Gliscor|tox|[from] item: Toxic Orb
|upkeep
|turn|4
|
|t:|1779884850
|move|p2a: Mammoet|Rapid Spin|p1a: Gliscor
|-damage|p1a: Gliscor|89/100 tox
|-boost|p2a: Mammoet|spe|1
|-sideend|p2: Pretty Nizz|Stealth Rock|[from] move: Rapid Spin|[of] p2a: Mammoet
|move|p1a: Gliscor|Swords Dance|p1a: Gliscor
|-boost|p1a: Gliscor|atk|2
|
|-weather|SunnyDay|[upkeep]
|-heal|p1a: Gliscor|100/100 tox|[from] ability: Poison Heal
|upkeep
|turn|5
|
|t:|1779884857
|move|p2a: Mammoet|Ice Spinner|p1a: Gliscor
|-supereffective|p1a: Gliscor
|-damage|p1a: Gliscor|21/100 tox
|move|p1a: Gliscor|Knock Off|p2a: Mammoet
|-resisted|p2a: Mammoet
|-damage|p2a: Mammoet|86/100
|-damage|p1a: Gliscor|4/100 tox|[from] item: Rocky Helmet|[of] p2a: Mammoet
|-enditem|p2a: Mammoet|Rocky Helmet|[from] move: Knock Off|[of] p1a: Gliscor
|
|-weather|SunnyDay|[upkeep]
|-heal|p1a: Gliscor|17/100 tox|[from] ability: Poison Heal
|upkeep
|turn|6
|
|t:|1779884863
|switch|p1a: Pecharunt|Pecharunt|100/100
|move|p2a: Mammoet|Ice Spinner|p1a: Pecharunt
|-damage|p1a: Pecharunt|90/100
|
|-weather|SunnyDay|[upkeep]
|upkeep
|turn|7
|
|t:|1779884875
|move|p2a: Mammoet|Headlong Rush|p1a: Pecharunt
|-supereffective|p1a: Pecharunt
|-damage|p1a: Pecharunt|39/100
|-unboost|p2a: Mammoet|def|1
|-unboost|p2a: Mammoet|spd|1
|move|p1a: Pecharunt|Parting Shot|p2a: Mammoet
|-unboost|p2a: Mammoet|atk|1
|-unboost|p2a: Mammoet|spa|1
|
|t:|1779884882
|switch|p1a: Blissey|Blissey, F|86/100|[from] Parting Shot
|
|-weather|SunnyDay|[upkeep]
|upkeep
|turn|8
|
|t:|1779884889
|-end|p2a: Mammoet|Protosynthesis|[silent]
|switch|p2a: Cerugoon|Ceruledge, M|100/100
|move|p1a: Blissey|Shadow Ball|p2a: Cerugoon
|-supereffective|p2a: Cerugoon
|-damage|p2a: Cerugoon|70/100
|
|-weather|none
|upkeep
|turn|9
|
|t:|1779884902
|switch|p1a: Zamazenta|Zamazenta|100/100
|-ability|p1a: Zamazenta|Dauntless Shield|boost
|-boost|p1a: Zamazenta|def|1
|move|p2a: Cerugoon|Bitter Blade|p1a: Zamazenta
|-damage|p1a: Zamazenta|56/100
|-heal|p2a: Cerugoon|94/100|[from] drain|[of] p1a: Zamazenta
|
|upkeep
|turn|10
|
|t:|1779884911
|switch|p1a: Gliscor|Gliscor, F|17/100 tox
|-damage|p1a: Gliscor|4/100 tox|[from] Stealth Rock
|switch|p2a: 67tales|Ninetales, F|100/100
|-weather|SunnyDay|[from] ability: Drought|[of] p2a: 67tales
|
|-weather|SunnyDay|[upkeep]
|-heal|p1a: Gliscor|17/100 tox|[from] ability: Poison Heal
|upkeep
|turn|11
|
|t:|1779884919
|move|p1a: Gliscor|Protect|p1a: Gliscor
|-singleturn|p1a: Gliscor|Protect
|move|p2a: 67tales|Weather Ball|p1a: Gliscor
|-activate|p1a: Gliscor|move: Protect
|
|-weather|SunnyDay|[upkeep]
|-heal|p1a: Gliscor|29/100 tox|[from] ability: Poison Heal
|upkeep
|turn|12
|
|t:|1779884922
|switch|p1a: Blissey|Blissey, F|86/100
|move|p2a: 67tales|Weather Ball|p1a: Blissey
|-damage|p1a: Blissey|72/100
|
|-weather|SunnyDay|[upkeep]
|upkeep
|turn|13
|
|t:|1779884925
|switch|p2a: Cerugoon|Ceruledge, M|94/100
|move|p1a: Blissey|Stealth Rock|p2a: Cerugoon
|-sidestart|p2: Pretty Nizz|move: Stealth Rock
|
|-weather|SunnyDay|[upkeep]
|upkeep
|turn|14
|
|t:|1779884931
|switch|p1a: Gliscor|Gliscor, F|29/100 tox
|-damage|p1a: Gliscor|17/100 tox|[from] Stealth Rock
|move|p2a: Cerugoon|Bitter Blade|p1a: Gliscor
|-damage|p1a: Gliscor|0 fnt
|-heal|p2a: Cerugoon|100/100|[from] drain|[of] p1a: Gliscor
|faint|p1a: Gliscor
|
|-weather|SunnyDay|[upkeep]
|upkeep
|
|t:|1779884936
|switch|p1a: Skarmory|Skarmory, M|100/100
|turn|15
|
|t:|1779884945
|-terastallize|p1a: Skarmory|Dragon
|move|p2a: Cerugoon|Bitter Blade|p1a: Skarmory
|-resisted|p1a: Skarmory
|-damage|p1a: Skarmory|65/100
|move|p1a: Skarmory|Spikes|p2a: Cerugoon
|-sidestart|p2: Pretty Nizz|Spikes
|
|-weather|SunnyDay|[upkeep]
|upkeep
|turn|16
|
|t:|1779884952
|switch|p2a: Mammoet|Great Tusk|86/100
|-damage|p2a: Mammoet|83/100|[from] Stealth Rock
|-damage|p2a: Mammoet|71/100|[from] Spikes
|-activate|p2a: Mammoet|ability: Protosynthesis
|-start|p2a: Mammoet|protosynthesisspe
|move|p1a: Skarmory|Roost|p1a: Skarmory
|-heal|p1a: Skarmory|100/100
|
|-weather|SunnyDay|[upkeep]
|upkeep
|turn|17
|
|t:|1779884956
|switch|p1a: Pecharunt|Pecharunt|39/100
|move|p2a: Mammoet|Rapid Spin|p1a: Pecharunt
|-immune|p1a: Pecharunt
|
|-weather|none
|-end|p2a: Mammoet|Protosynthesis
|upkeep
|turn|18
|
|t:|1779884964
|move|p2a: Mammoet|Headlong Rush|p1a: Pecharunt
|-supereffective|p1a: Pecharunt
|-damage|p1a: Pecharunt|0 fnt
|-unboost|p2a: Mammoet|def|1
|-unboost|p2a: Mammoet|spd|1
|faint|p1a: Pecharunt
|
|upkeep
|
|t:|1779884967
|switch|p1a: Gholdengo|Gholdengo|100/100
|-damage|p1a: Gholdengo|94/100|[from] Stealth Rock
|turn|19
|
|t:|1779884974
|-end|p2a: Mammoet|Protosynthesis|[silent]
|switch|p2a: 67tales|Ninetales, F|100/100
|-damage|p2a: 67tales|76/100|[from] Stealth Rock
|-damage|p2a: 67tales|63/100|[from] Spikes
|-weather|SunnyDay|[from] ability: Drought|[of] p2a: 67tales
|move|p1a: Gholdengo|Hex|p2a: 67tales
|-damage|p2a: 67tales|36/100
|
|-weather|SunnyDay|[upkeep]
|upkeep
|turn|20
|
|t:|1779884979
|switch|p1a: Skarmory|Skarmory, M, tera:Dragon|100/100
|move|p2a: 67tales|Weather Ball|p1a: Skarmory
|-resisted|p1a: Skarmory
|-damage|p1a: Skarmory|69/100
|
|-weather|SunnyDay|[upkeep]
|upkeep
|turn|21
|
|t:|1779884984
|move|p2a: 67tales|Will-O-Wisp|p1a: Skarmory|[miss]
|-miss|p2a: 67tales|p1a: Skarmory
|move|p1a: Skarmory|Spikes|p2a: 67tales
|-sidestart|p2: Pretty Nizz|Spikes
|
|-weather|SunnyDay|[upkeep]
|upkeep
|turn|22
|
|t:|1779884988
|move|p2a: 67tales|Will-O-Wisp|p1a: Skarmory
|-status|p1a: Skarmory|brn
|move|p1a: Skarmory|Spikes|p2a: 67tales
|-sidestart|p2: Pretty Nizz|Spikes
|
|-weather|SunnyDay|[upkeep]
|-damage|p1a: Skarmory|63/100 brn|[from] brn
|upkeep
|turn|23
|
|t:|1779884999
|switch|p2a: Mammoet|Great Tusk|71/100
|-damage|p2a: Mammoet|68/100|[from] Stealth Rock
|-damage|p2a: Mammoet|43/100|[from] Spikes
|-activate|p2a: Mammoet|ability: Protosynthesis
|-start|p2a: Mammoet|protosynthesisspe
|move|p1a: Skarmory|Roost|p1a: Skarmory
|-heal|p1a: Skarmory|100/100 brn
|
|-weather|SunnyDay|[upkeep]
|-damage|p1a: Skarmory|95/100 brn|[from] brn
|upkeep
|turn|24
|
|t:|1779885007
|switch|p1a: Gholdengo|Gholdengo|94/100
|-damage|p1a: Gholdengo|88/100|[from] Stealth Rock
|move|p2a: Mammoet|Rapid Spin|p1a: Gholdengo
|-immune|p1a: Gholdengo
|
|-weather|SunnyDay|[upkeep]
|upkeep
|turn|25
|
|t:|1779885020
|move|p2a: Mammoet|Headlong Rush|p1a: Gholdengo
|-supereffective|p1a: Gholdengo
|-damage|p1a: Gholdengo|12/100
|-unboost|p2a: Mammoet|def|1
|-unboost|p2a: Mammoet|spd|1
|move|p1a: Gholdengo|Hex|p2a: Mammoet
|-damage|p2a: Mammoet|0 fnt
|faint|p2a: Mammoet
|-end|p2a: Mammoet|Protosynthesis|[silent]
|
|-weather|SunnyDay|[upkeep]
|upkeep
|
|t:|1779885037
|switch|p2a: Cerugoon|Ceruledge, M|100/100
|-damage|p2a: Cerugoon|76/100|[from] Stealth Rock
|-damage|p2a: Cerugoon|51/100|[from] Spikes
|turn|26
|
|t:|1779885048
|move|p2a: Cerugoon|Shadow Sneak|p1a: Gholdengo
|-supereffective|p1a: Gholdengo
|-damage|p1a: Gholdengo|0 fnt
|faint|p1a: Gholdengo
|
|-weather|none
|upkeep
|
|t:|1779885059
|switch|p1a: Zamazenta|Zamazenta|56/100
|turn|27
|
|t:|1779885071
|switch|p2a: Uncomfey|Comfey, F, shiny|100/100
|-damage|p2a: Uncomfey|88/100|[from] Stealth Rock
|-damage|p2a: Uncomfey|63/100|[from] Spikes
|move|p1a: Zamazenta|Crunch|p2a: Uncomfey
|-resisted|p2a: Uncomfey
|-damage|p2a: Uncomfey|47/100
|
|upkeep
|turn|28
|
|t:|1779885085
|move|p2a: Uncomfey|Draining Kiss|p1a: Zamazenta
|-supereffective|p1a: Zamazenta
|-damage|p1a: Zamazenta|7/100
|-heal|p2a: Uncomfey|86/100|[from] drain|[of] p1a: Zamazenta
|-damage|p2a: Uncomfey|76/100|[from] item: Life Orb
|move|p1a: Zamazenta|Close Combat|p2a: Uncomfey
|-resisted|p2a: Uncomfey
|-damage|p2a: Uncomfey|37/100
|-unboost|p1a: Zamazenta|def|1
|-unboost|p1a: Zamazenta|spd|1
|
|upkeep
|turn|29
|
|t:|1779885099
|switch|p1a: Blissey|Blissey, F|72/100
|move|p2a: Uncomfey|Draining Kiss|p1a: Blissey
|-damage|p1a: Blissey|63/100
|-heal|p2a: Uncomfey|52/100|[from] drain|[of] p1a: Blissey
|-damage|p2a: Uncomfey|42/100|[from] item: Life Orb
|
|upkeep
|turn|30
|
|t:|1779885112
|switch|p2a: Wake Skywalker|Walking Wake|100/100
|-damage|p2a: Wake Skywalker|88/100|[from] Stealth Rock
|-damage|p2a: Wake Skywalker|63/100|[from] Spikes
|move|p1a: Blissey|Calm Mind|p1a: Blissey
|-boost|p1a: Blissey|spa|1
|-boost|p1a: Blissey|spd|1
|
|upkeep
|turn|31
|
|t:|1779885121
|move|p2a: Wake Skywalker|Knock Off|p1a: Blissey
|-damage|p1a: Blissey|47/100
|-enditem|p1a: Blissey|Heavy-Duty Boots|[from] move: Knock Off|[of] p2a: Wake Skywalker
|move|p1a: Blissey|Soft-Boiled|p1a: Blissey
|-heal|p1a: Blissey|97/100
|
|upkeep
|turn|32
|
|t:|1779885145
|move|p2a: Wake Skywalker|Flip Turn|p1a: Blissey
|-damage|p1a: Blissey|81/100
|
|t:|1779885150
|-end|p2a: Wake Skywalker|Protosynthesis|[silent]
|switch|p2a: Cerugoon|Ceruledge, M|51/100|[from] Flip Turn
|-damage|p2a: Cerugoon|26/100|[from] Stealth Rock
|-damage|p2a: Cerugoon|1/100|[from] Spikes
|move|p1a: Blissey|Calm Mind|p1a: Blissey
|-boost|p1a: Blissey|spa|1
|-boost|p1a: Blissey|spd|1
|
|upkeep
|turn|33
|
|t:|1779885155
|switch|p1a: Skarmory|Skarmory, M, tera:Dragon|95/100 brn
|move|p2a: Cerugoon|Bitter Blade|p1a: Skarmory
|-resisted|p1a: Skarmory
|-damage|p1a: Skarmory|73/100 brn
|-heal|p2a: Cerugoon|13/100|[from] drain|[of] p1a: Skarmory
|
|-damage|p1a: Skarmory|67/100 brn|[from] brn
|upkeep
|turn|34
|
|t:|1779885169
|move|p2a: Cerugoon|Bitter Blade|p1a: Skarmory
|-resisted|p1a: Skarmory
|-crit|p1a: Skarmory
|-damage|p1a: Skarmory|32/100 brn
|-heal|p2a: Cerugoon|33/100|[from] drain|[of] p1a: Skarmory
|move|p1a: Skarmory|Whirlwind|p2a: Cerugoon
|drag|p2a: Wake Skywalker|Walking Wake|63/100
|-damage|p2a: Wake Skywalker|51/100|[from] Stealth Rock
|-damage|p2a: Wake Skywalker|26/100|[from] Spikes
|
|-damage|p1a: Skarmory|26/100 brn|[from] brn
|upkeep
|turn|35
|
|t:|1779885183
|move|p2a: Wake Skywalker|Knock Off|p1a: Skarmory
|-damage|p1a: Skarmory|16/100 brn
|-enditem|p1a: Skarmory|Heavy-Duty Boots|[from] move: Knock Off|[of] p2a: Wake Skywalker
|move|p1a: Skarmory|Whirlwind|p2a: Wake Skywalker
|-end|p2a: Wake Skywalker|Protosynthesis|[silent]
|drag|p2a: Cerugoon|Ceruledge, M|33/100
|-damage|p2a: Cerugoon|8/100|[from] Stealth Rock
|-damage|p2a: Cerugoon|0 fnt|[from] Spikes
|faint|p2a: Cerugoon
|
|-damage|p1a: Skarmory|10/100 brn|[from] brn
|upkeep
|
|t:|1779885198
|switch|p2a: Uncomfey|Comfey, F, shiny|42/100
|-damage|p2a: Uncomfey|29/100|[from] Stealth Rock
|-damage|p2a: Uncomfey|4/100|[from] Spikes
|turn|36
|
|t:|1779885208
|switch|p1a: Zamazenta|Zamazenta|7/100
|move|p2a: Uncomfey|Draining Kiss|p1a: Zamazenta
|-supereffective|p1a: Zamazenta
|-damage|p1a: Zamazenta|0 fnt
|-heal|p2a: Uncomfey|10/100|[from] drain|[of] p1a: Zamazenta
|faint|p1a: Zamazenta
|-damage|p2a: Uncomfey|0 fnt|[from] item: Life Orb
|faint|p2a: Uncomfey
|
|upkeep
|
|t:|1779885220
|switch|p1a: Skarmory|Skarmory, M, tera:Dragon|10/100 brn
|switch|p2a: Whimsical|Whimsicott, M|100/100
|-damage|p2a: Whimsical|88/100|[from] Stealth Rock
|-damage|p2a: Whimsical|63/100|[from] Spikes
|-damage|p1a: Skarmory|0 fnt|[from] Stealth Rock
|faint|p1a: Skarmory
|
|t:|1779885230
|switch|p1a: Blissey|Blissey, F|81/100
|-damage|p1a: Blissey|68/100|[from] Stealth Rock
|turn|37
|
|t:|1779885237
|move|p2a: Whimsical|Growth|p2a: Whimsical
|-boost|p2a: Whimsical|atk|1
|-boost|p2a: Whimsical|spa|1
|move|p1a: Blissey|Soft-Boiled|p1a: Blissey
|-heal|p1a: Blissey|100/100
|
|upkeep
|turn|38
|
|t:|1779885251
|move|p2a: Whimsical|Giga Drain|p1a: Blissey
|-damage|p1a: Blissey|81/100
|-heal|p2a: Whimsical|85/100|[from] drain|[of] p1a: Blissey
|-damage|p2a: Whimsical|75/100|[from] item: Life Orb
|move|p1a: Blissey|Shadow Ball|p2a: Whimsical
|-damage|p2a: Whimsical|52/100
|
|upkeep
|turn|39
|
|t:|1779885263
|move|p2a: Whimsical|Growth|p2a: Whimsical
|-boost|p2a: Whimsical|atk|1
|-boost|p2a: Whimsical|spa|1
|move|p1a: Blissey|Shadow Ball|p2a: Whimsical
|-damage|p2a: Whimsical|32/100
|
|upkeep
|turn|40
|
|t:|1779885280
|move|p2a: Whimsical|Giga Drain|p1a: Blissey
|-damage|p1a: Blissey|58/100
|-heal|p2a: Whimsical|58/100|[from] drain|[of] p1a: Blissey
|-damage|p2a: Whimsical|49/100|[from] item: Life Orb
|move|p1a: Blissey|Shadow Ball|p2a: Whimsical
|-damage|p2a: Whimsical|28/100
|
|upkeep
|turn|41
|
|t:|1779885291
|move|p2a: Whimsical|Growth|p2a: Whimsical
|-boost|p2a: Whimsical|atk|1
|-boost|p2a: Whimsical|spa|1
|move|p1a: Blissey|Soft-Boiled|p1a: Blissey
|-heal|p1a: Blissey|100/100
|
|upkeep
|turn|42
|
|t:|1779885305
|move|p2a: Whimsical|Growth|p2a: Whimsical
|-boost|p2a: Whimsical|atk|1
|-boost|p2a: Whimsical|spa|1
|move|p1a: Blissey|Shadow Ball|p2a: Whimsical
|-damage|p2a: Whimsical|4/100
|-unboost|p2a: Whimsical|spd|1
|
|upkeep
|turn|43
|
|t:|1779885314
|move|p2a: Whimsical|Giga Drain|p1a: Blissey
|-damage|p1a: Blissey|63/100
|-heal|p2a: Whimsical|46/100|[from] drain|[of] p1a: Blissey
|-damage|p2a: Whimsical|36/100|[from] item: Life Orb
|move|p1a: Blissey|Calm Mind|p1a: Blissey
|-boost|p1a: Blissey|spa|1
|-boost|p1a: Blissey|spd|1
|
|upkeep
|turn|44
|
|t:|1779885328
|move|p2a: Whimsical|Giga Drain|p1a: Blissey
|-damage|p1a: Blissey|39/100
|-heal|p2a: Whimsical|63/100|[from] drain|[of] p1a: Blissey
|-damage|p2a: Whimsical|54/100|[from] item: Life Orb
|move|p1a: Blissey|Soft-Boiled|p1a: Blissey
|-heal|p1a: Blissey|89/100
|
|upkeep
|turn|45
|
|t:|1779885342
|move|p2a: Whimsical|Giga Drain|p1a: Blissey
|-damage|p1a: Blissey|65/100
|-heal|p2a: Whimsical|82/100|[from] drain|[of] p1a: Blissey
|-damage|p2a: Whimsical|72/100|[from] item: Life Orb
|move|p1a: Blissey|Shadow Ball|p2a: Whimsical
|-damage|p2a: Whimsical|21/100
|
|upkeep
|turn|46
|
|t:|1779885356
|move|p2a: Whimsical|Giga Drain|p1a: Blissey
|-damage|p1a: Blissey|40/100
|-heal|p2a: Whimsical|49/100|[from] drain|[of] p1a: Blissey
|-damage|p2a: Whimsical|39/100|[from] item: Life Orb
|move|p1a: Blissey|Shadow Ball|p2a: Whimsical
|-damage|p2a: Whimsical|0 fnt
|faint|p2a: Whimsical
|
|upkeep
|
|t:|1779885362
|switch|p2a: Wake Skywalker|Walking Wake|26/100
|-damage|p2a: Wake Skywalker|13/100|[from] Stealth Rock
|-damage|p2a: Wake Skywalker|0 fnt|[from] Spikes
|faint|p2a: Wake Skywalker
|-end|p2a: Wake Skywalker|Protosynthesis|[silent]
|
|t:|1779885364
|switch|p2a: 67tales|Ninetales, F|36/100
|-damage|p2a: 67tales|11/100|[from] Stealth Rock
|-damage|p2a: 67tales|0 fnt|[from] Spikes
|faint|p2a: 67tales
|
|win|claudechamp
|raw|claudechamp's rating: 1331 &rarr; <strong>1356</strong><br />(+25 for winning)
|raw|Pretty Nizz's rating: 1415 &rarr; <strong>1390</strong><br />(-25 for losing)
|c|☆claudechamp|gg
|l|☆Pretty Nizz
|player|p2|
