|j|☆j'essaie
|j|☆pokeoscar35
|t:|1779826766
|gametype|singles
|player|p1|j'essaie|rosa|1324
|player|p2|pokeoscar35|rosa|1290
|gen|9
|tier|[Gen 9] OU
|rated|
|rule|HP Percentage Mod: HP is shown in percentages
|rule|Endless Battle Clause: Forcing endless battles is banned
|rule|Species Clause: Limit one of each Pokémon
|rule|OHKO Clause: OHKO moves are banned
|rule|Evasion Items Clause: Evasion items are banned
|rule|Evasion Moves Clause: Evasion moves are banned
|rule|Evasion Abilities Clause: Evasion abilities are banned
|rule|Sleep Moves Clause: Sleep-inducing moves are banned
|clearpoke
|poke|p1|Great Tusk|
|poke|p1|Tornadus-Therian, M|
|poke|p1|Ogerpon-Wellspring, F|
|poke|p1|Samurott-Hisui, F|
|poke|p1|Gholdengo|
|poke|p1|Kingambit, F|
|poke|p2|Manaphy|
|poke|p2|Gholdengo|
|poke|p2|Iron Valiant|
|poke|p2|Slowking-Galar, F|
|poke|p2|Samurott-Hisui, M|
|poke|p2|Hydrapple, F|
|teampreview
|inactive|Battle timer is ON: inactive players will automatically lose when time's up. (requested by pokeoscar35)
|
|t:|1779826774
|teamsize|p1|6
|teamsize|p2|6
|start
|switch|p1a: Samurott|Samurott-Hisui, F|100/100
|switch|p2a: Manaphy|Manaphy|100/100
|turn|1
|
|t:|1779826801
|move|p1a: Samurott|Ceaseless Edge|p2a: Manaphy
|-damage|p2a: Manaphy|75/100
|-sidestart|p2: pokeoscar35|Spikes
|move|p2a: Manaphy|Tail Glow|p2a: Manaphy
|-boost|p2a: Manaphy|spa|3
|
|-heal|p2a: Manaphy|81/100|[from] item: Leftovers
|upkeep
|turn|2
|
|t:|1779826807
|move|p1a: Samurott|Ceaseless Edge|p2a: Manaphy
|-damage|p2a: Manaphy|54/100
|-sidestart|p2: pokeoscar35|Spikes
|move|p2a: Manaphy|Scald|p1a: Samurott
|-resisted|p1a: Samurott
|-damage|p1a: Samurott|50/100
|-status|p1a: Samurott|brn
|
|-heal|p2a: Manaphy|61/100|[from] item: Leftovers
|-damage|p1a: Samurott|44/100 brn|[from] brn
|upkeep
|turn|3
|
|t:|1779826817
|move|p1a: Samurott|Ceaseless Edge|p2a: Manaphy|[miss]
|-miss|p1a: Samurott|p2a: Manaphy
|move|p2a: Manaphy|Scald|p1a: Samurott
|-resisted|p1a: Samurott
|-damage|p1a: Samurott|0 fnt
|faint|p1a: Samurott
|
|-heal|p2a: Manaphy|67/100|[from] item: Leftovers
|upkeep
|
|t:|1779826823
|switch|p1a: Ogerpon|Ogerpon-Wellspring, F|100/100
|turn|4
|
|t:|1779826832
|-terastallize|p2a: Manaphy|Electric
|move|p1a: Ogerpon|Encore|p2a: Manaphy
|-start|p2a: Manaphy|Encore
|move|p2a: Manaphy|Scald|p1a: Ogerpon
|-immune|p1a: Ogerpon|[from] ability: Water Absorb
|
|-heal|p2a: Manaphy|73/100|[from] item: Leftovers
|upkeep
|turn|5
|
|t:|1779826843
|switch|p2a: Hydrapple|Hydrapple, F|100/100
|-damage|p2a: Hydrapple|84/100|[from] Spikes
|move|p1a: Ogerpon|Swords Dance|p1a: Ogerpon
|-boost|p1a: Ogerpon|atk|2
|
|upkeep
|turn|6
|
|t:|1779826869
|switch|p1a: Tornadus|Tornadus-Therian, M|100/100
|move|p2a: Hydrapple|Giga Drain|p1a: Tornadus
|-resisted|p1a: Tornadus
|-damage|p1a: Tornadus|82/100
|-heal|p2a: Hydrapple|91/100|[from] drain|[of] p1a: Tornadus
|
|upkeep
|turn|7
|
|t:|1779826877
|switch|p2a: Samurott|Samurott-Hisui, M|100/100
|-damage|p2a: Samurott|84/100|[from] Spikes
|move|p1a: Tornadus|Knock Off|p2a: Samurott
|-resisted|p2a: Samurott
|-damage|p2a: Samurott|71/100
|-enditem|p2a: Samurott|Assault Vest|[from] move: Knock Off|[of] p1a: Tornadus
|
|upkeep
|turn|8
|inactive|pokeoscar35 has 120 seconds left.
|
|t:|1779826912
|move|p1a: Tornadus|U-turn|p2a: Samurott
|-supereffective|p2a: Samurott
|-damage|p2a: Samurott|37/100
|
|t:|1779826918
|switch|p1a: Ogerpon|Ogerpon-Wellspring, F|100/100|[from] U-turn
|move|p2a: Samurott|Ceaseless Edge|p1a: Ogerpon
|-damage|p1a: Ogerpon|44/100
|-sidestart|p1: j'essaie|Spikes
|
|upkeep
|turn|9
|
|t:|1779826924
|move|p2a: Samurott|Sucker Punch|p1a: Ogerpon
|-damage|p1a: Ogerpon|2/100
|move|p1a: Ogerpon|Horn Leech|p2a: Samurott
|-supereffective|p2a: Samurott
|-damage|p2a: Samurott|0 fnt
|-heal|p1a: Ogerpon|25/100|[from] drain|[of] p2a: Samurott
|faint|p2a: Samurott
|
|upkeep
|
|t:|1779826927
|switch|p2a: Hydrapple|Hydrapple, F|100/100
|-damage|p2a: Hydrapple|84/100|[from] Spikes
|turn|10
|
|t:|1779826932
|switch|p1a: Tornadus|Tornadus-Therian, M|100/100
|move|p2a: Hydrapple|Fickle Beam|p1a: Tornadus
|-crit|p1a: Tornadus
|-damage|p1a: Tornadus|36/100
|
|upkeep
|turn|11
|inactive|pokeoscar35 has 120 seconds left.
|
|t:|1779826979
|switch|p2a: Slowking|Slowking-Galar, F|100/100
|-damage|p2a: Slowking|84/100|[from] Spikes
|move|p1a: Tornadus|Bleakwind Storm|p2a: Slowking|[miss]
|-miss|p1a: Tornadus|p2a: Slowking
|
|upkeep
|turn|12
|
|t:|1779826989
|move|p1a: Tornadus|U-turn|p2a: Slowking
|-damage|p2a: Slowking|66/100
|
|t:|1779826992
|switch|p1a: Kingambit|Kingambit, F|100/100|[from] U-turn
|-damage|p1a: Kingambit|88/100|[from] Spikes
|-activate|p1a: Kingambit|ability: Supreme Overlord
|-start|p1a: Kingambit|fallen1|[silent]
|move|p2a: Slowking|Ice Beam|p1a: Kingambit
|-resisted|p1a: Kingambit
|-crit|p1a: Kingambit
|-damage|p1a: Kingambit|71/100
|-status|p1a: Kingambit|frz
|
|-heal|p1a: Kingambit|77/100 frz|[from] item: Leftovers
|upkeep
|turn|13
|c|☆j'essaie|Bro
|
|t:|1779827016
|switch|p2a: Hydrapple|Hydrapple, F|100/100
|-damage|p2a: Hydrapple|84/100|[from] Spikes
|cant|p1a: Kingambit|frz
|
|-heal|p1a: Kingambit|83/100 frz|[from] item: Leftovers
|upkeep
|turn|14
|inactive|pokeoscar35 has 120 seconds left.
|
|t:|1779827060
|-end|p1a: Kingambit|fallen1|[silent]
|switch|p1a: Tornadus|Tornadus-Therian, M|69/100
|move|p2a: Hydrapple|Earth Power|p1a: Tornadus
|-immune|p1a: Tornadus
|
|upkeep
|turn|15
|inactive|pokeoscar35 has 90 seconds left.
|
|t:|1779827083
|switch|p2a: Slowking|Slowking-Galar, F|99/100
|-damage|p2a: Slowking|83/100|[from] Spikes
|move|p1a: Tornadus|Knock Off|p2a: Slowking
|-supereffective|p2a: Slowking
|-damage|p2a: Slowking|37/100
|-enditem|p2a: Slowking|Assault Vest|[from] move: Knock Off|[of] p1a: Tornadus
|
|upkeep
|turn|16
|
|t:|1779827089
|switch|p2a: Hydrapple|Hydrapple, F|100/100
|-damage|p2a: Hydrapple|84/100|[from] Spikes
|move|p1a: Tornadus|Bleakwind Storm|p2a: Hydrapple|[miss]
|-miss|p1a: Tornadus|p2a: Hydrapple
|
|upkeep
|turn|17
|
|t:|1779827102
|switch|p2a: Slowking|Slowking-Galar, F|70/100
|-damage|p2a: Slowking|54/100|[from] Spikes
|move|p1a: Tornadus|Bleakwind Storm|p2a: Slowking
|-damage|p2a: Slowking|24/100
|
|upkeep
|turn|18
|
|t:|1779827109
|switch|p2a: Gholdengo|Gholdengo|100/100
|-damage|p2a: Gholdengo|84/100|[from] Spikes
|move|p1a: Tornadus|Bleakwind Storm|p2a: Gholdengo
|-resisted|p2a: Gholdengo
|-damage|p2a: Gholdengo|54/100
|
|upkeep
|turn|19
|
|t:|1779827118
|move|p2a: Gholdengo|Trick|p1a: Tornadus
|-activate|p2a: Gholdengo|move: Trick|[of] p1a: Tornadus
|-item|p1a: Tornadus|Choice Scarf|[from] move: Trick
|-item|p2a: Gholdengo|Heavy-Duty Boots|[from] move: Trick
|move|p1a: Tornadus|Heat Wave|p2a: Gholdengo|[miss]
|-miss|p1a: Tornadus|p2a: Gholdengo
|
|upkeep
|turn|20
|
|t:|1779827126
|switch|p2a: Slowking|Slowking-Galar, F|58/100
|-damage|p2a: Slowking|41/100|[from] Spikes
|move|p1a: Tornadus|Heat Wave|p2a: Slowking
|-damage|p2a: Slowking|25/100
|
|upkeep
|turn|21
|
|t:|1779827134
|switch|p1a: Kingambit|Kingambit, F|83/100 frz
|-damage|p1a: Kingambit|71/100 frz|[from] Spikes
|-activate|p1a: Kingambit|ability: Supreme Overlord
|-start|p1a: Kingambit|fallen1|[silent]
|switch|p2a: Manaphy|Manaphy, tera:Electric|73/100
|-damage|p2a: Manaphy|56/100|[from] Spikes
|
|-heal|p2a: Manaphy|63/100|[from] item: Leftovers
|-heal|p1a: Kingambit|77/100 frz|[from] item: Leftovers
|upkeep
|turn|22
|
|t:|1779827146
|move|p2a: Manaphy|Tail Glow|p2a: Manaphy
|-boost|p2a: Manaphy|spa|3
|-curestatus|p1a: Kingambit|frz|[msg]
|move|p1a: Kingambit|Kowtow Cleave|p2a: Manaphy
|-damage|p2a: Manaphy|29/100
|
|-heal|p2a: Manaphy|35/100|[from] item: Leftovers
|-heal|p1a: Kingambit|83/100|[from] item: Leftovers
|upkeep
|turn|23
|
|t:|1779827165
|-end|p1a: Kingambit|fallen1|[silent]
|switch|p1a: Ogerpon|Ogerpon-Wellspring, F|25/100
|-damage|p1a: Ogerpon|13/100|[from] Spikes
|move|p2a: Manaphy|Scald|p1a: Ogerpon
|-heal|p1a: Ogerpon|38/100|[from] ability: Water Absorb|[of] p2a: Manaphy
|
|-heal|p2a: Manaphy|41/100|[from] item: Leftovers
|upkeep
|turn|24
|
|t:|1779827180
|switch|p2a: Hydrapple|Hydrapple, F|100/100
|-damage|p2a: Hydrapple|84/100|[from] Spikes
|move|p1a: Ogerpon|Ivy Cudgel|p2a: Hydrapple|[anim] Ivy Cudgel Water
|-resisted|p2a: Hydrapple
|-damage|p2a: Hydrapple|76/100
|
|upkeep
|turn|25
|inactive|pokeoscar35 has 120 seconds left.
|
|t:|1779827229
|switch|p1a: Tornadus|Tornadus-Therian, M|100/100
|move|p2a: Hydrapple|Fickle Beam|p1a: Tornadus|[anim] Fickle Beam All Out
|-activate|p2a: Hydrapple|move: Fickle Beam
|-damage|p1a: Tornadus|27/100
|
|upkeep
|turn|26
|
|t:|1779827241
|switch|p2a: Gholdengo|Gholdengo|54/100
|move|p1a: Tornadus|U-turn|p2a: Gholdengo
|-resisted|p2a: Gholdengo
|-damage|p2a: Gholdengo|50/100
|
|t:|1779827250
|switch|p1a: Ogerpon|Ogerpon-Wellspring, F|38/100|[from] U-turn
|-damage|p1a: Ogerpon|25/100|[from] Spikes
|
|upkeep
|turn|27
|inactive|pokeoscar35 has 120 seconds left.
|
|t:|1779827257
|switch|p1a: Tornadus|Tornadus-Therian, M|60/100
|move|p2a: Gholdengo|Shadow Ball|p1a: Tornadus
|-damage|p1a: Tornadus|10/100
|
|upkeep
|turn|28
|inactive|pokeoscar35 has 120 seconds left.
|
|t:|1779827277
|move|p1a: Tornadus|U-turn|p2a: Gholdengo
|-resisted|p2a: Gholdengo
|-damage|p2a: Gholdengo|46/100
|
|t:|1779827283
|switch|p1a: Kingambit|Kingambit, F|83/100|[from] U-turn
|-damage|p1a: Kingambit|71/100|[from] Spikes
|-activate|p1a: Kingambit|ability: Supreme Overlord
|-start|p1a: Kingambit|fallen1|[silent]
|move|p2a: Gholdengo|Shadow Ball|p1a: Kingambit
|-resisted|p1a: Kingambit
|-damage|p1a: Kingambit|52/100
|
|-heal|p1a: Kingambit|58/100|[from] item: Leftovers
|upkeep
|turn|29
|inactive|pokeoscar35 has 120 seconds left.
|
|t:|1779827297
|switch|p2a: Hydrapple|Hydrapple, F|100/100
|-damage|p2a: Hydrapple|84/100|[from] Spikes
|move|p1a: Kingambit|Kowtow Cleave|p2a: Hydrapple
|-damage|p2a: Hydrapple|51/100
|-damage|p1a: Kingambit|42/100|[from] item: Rocky Helmet|[of] p2a: Hydrapple
|
|-heal|p1a: Kingambit|48/100|[from] item: Leftovers
|upkeep
|turn|30
|inactive|pokeoscar35 has 120 seconds left.
|
|t:|1779827312
|-end|p1a: Kingambit|fallen1|[silent]
|switch|p1a: Gholdengo|Gholdengo|100/100
|-item|p1a: Gholdengo|Air Balloon
|move|p2a: Hydrapple|Earth Power|p1a: Gholdengo
|-immune|p1a: Gholdengo
|
|upkeep
|turn|31
|
|t:|1779827322
|move|p1a: Gholdengo|Shadow Ball|p2a: Hydrapple
|-damage|p2a: Hydrapple|10/100
|move|p2a: Hydrapple|Fickle Beam|p1a: Gholdengo|[anim] Fickle Beam All Out
|-activate|p2a: Hydrapple|move: Fickle Beam
|-resisted|p1a: Gholdengo
|-damage|p1a: Gholdengo|71/100
|-enditem|p1a: Gholdengo|Air Balloon
|
|upkeep
|turn|32
|
|t:|1779827330
|switch|p2a: Gholdengo|Gholdengo|46/100
|move|p1a: Gholdengo|Shadow Ball|p2a: Gholdengo
|-supereffective|p2a: Gholdengo
|-damage|p2a: Gholdengo|0 fnt
|faint|p2a: Gholdengo
|
|upkeep
|inactive|pokeoscar35 has 120 seconds left.
|
|t:|1779827353
|switch|p2a: Slowking|Slowking-Galar, F|58/100
|-damage|p2a: Slowking|41/100|[from] Spikes
|turn|33
|
|t:|1779827358
|move|p1a: Gholdengo|Shadow Ball|p2a: Slowking
|-supereffective|p2a: Slowking
|-damage|p2a: Slowking|0 fnt
|faint|p2a: Slowking
|
|upkeep
|
|t:|1779827362
|switch|p2a: Iron Valiant|Iron Valiant|100/100
|-damage|p2a: Iron Valiant|84/100|[from] Spikes
|-enditem|p2a: Iron Valiant|Booster Energy
|-activate|p2a: Iron Valiant|ability: Quark Drive|[fromitem]
|-start|p2a: Iron Valiant|quarkdrivespe
|turn|34
|
|t:|1779827369
|move|p2a: Iron Valiant|Shadow Ball|p1a: Gholdengo
|-supereffective|p1a: Gholdengo
|-damage|p1a: Gholdengo|24/100
|move|p1a: Gholdengo|Make It Rain|p2a: Iron Valiant
|-supereffective|p2a: Iron Valiant
|-damage|p2a: Iron Valiant|0 fnt
|-unboost|p1a: Gholdengo|spa|1
|faint|p2a: Iron Valiant
|-end|p2a: Iron Valiant|Quark Drive|[silent]
|
|upkeep
|-message|pokeoscar35 forfeited.
|
|win|j'essaie
|raw|j&apos;essaie's rating: 1324 &rarr; <strong>1342</strong><br />(+18 for winning)
|raw|pokeoscar35's rating: 1290 &rarr; <strong>1267</strong><br />(-23 for losing)
|l|☆pokeoscar35
|player|p2|
|c|☆j'essaie|Pas GG
