|j|☆swaggulisus
|j|☆bulongshaonian188
|t:|1779889145
|gametype|singles
|player|p1|swaggulisus|1|1069
|player|p2|bulongshaonian188|winona|1000
|gen|9
|tier|[Gen 9] OU
|rated|
|rule|HP Percentage Mod: HP is shown in percentages
|rule|Endless Battle Clause: Forcing endless battles is banned
|rule|Species Clause: Limit one of each Pokémon
|rule|OHKO Clause: OHKO moves are banned
|rule|Evasion Items Clause: Evasion items are banned
|rule|Evasion Moves Clause: Evasion moves are banned
|rule|Evasion Abilities Clause: Evasion abilities are banned
|rule|Sleep Moves Clause: Sleep-inducing moves are banned
|clearpoke
|poke|p1|Tyranitar, F|
|poke|p1|Deoxys-Speed|
|poke|p1|Dondozo, F|
|poke|p1|Iron Treads|
|poke|p1|Kingambit, F|
|poke|p1|Ceruledge, F|
|poke|p2|Swampert, M|
|poke|p2|Tornadus-Therian, M|
|poke|p2|Heatran, F|
|poke|p2|Dragapult, M|
|poke|p2|Blissey, F|
|poke|p2|Gliscor, F|
|teampreview
|
|t:|1779889154
|teamsize|p1|6
|teamsize|p2|6
|start
|switch|p1a: Tyranitar|Tyranitar, F|100/100
|switch|p2a: Heatran|Heatran, F, shiny|100/100
|-item|p2a: Heatran|Air Balloon
|-weather|Sandstorm|[from] ability: Sand Stream|[of] p1a: Tyranitar
|turn|1
|
|t:|1779889170
|switch|p1a: Dondozo|Dondozo, F|100/100
|move|p2a: Heatran|Stealth Rock|p1a: Dondozo
|-sidestart|p1: swaggulisus|move: Stealth Rock
|
|-weather|Sandstorm|[upkeep]
|-damage|p1a: Dondozo|94/100|[from] Sandstorm
|-heal|p1a: Dondozo|100/100|[from] item: Leftovers
|upkeep
|turn|2
|
|t:|1779889191
|switch|p2a: Blissey|Blissey, F|100/100
|move|p1a: Dondozo|Curse|p1a: Dondozo
|-unboost|p1a: Dondozo|spe|1
|-boost|p1a: Dondozo|atk|1
|-boost|p1a: Dondozo|def|1
|
|-weather|Sandstorm|[upkeep]
|-damage|p2a: Blissey|94/100|[from] Sandstorm
|-damage|p1a: Dondozo|94/100|[from] Sandstorm
|-heal|p2a: Blissey|100/100|[from] item: Leftovers
|-heal|p1a: Dondozo|100/100|[from] item: Leftovers
|upkeep
|turn|3
|
|t:|1779889202
|move|p2a: Blissey|Calm Mind|p2a: Blissey
|-boost|p2a: Blissey|spa|1
|-boost|p2a: Blissey|spd|1
|move|p1a: Dondozo|Waterfall|p2a: Blissey
|-damage|p2a: Blissey|66/100
|
|-weather|Sandstorm|[upkeep]
|-damage|p2a: Blissey|60/100|[from] Sandstorm
|-damage|p1a: Dondozo|94/100|[from] Sandstorm
|-heal|p2a: Blissey|66/100|[from] item: Leftovers
|-heal|p1a: Dondozo|100/100|[from] item: Leftovers
|upkeep
|turn|4
|
|t:|1779889213
|move|p2a: Blissey|Soft-Boiled|p2a: Blissey
|-heal|p2a: Blissey|100/100
|move|p1a: Dondozo|Rest|p1a: Dondozo
|-fail|p1a: Dondozo|heal
|
|-weather|Sandstorm|[upkeep]
|-damage|p2a: Blissey|94/100|[from] Sandstorm
|-damage|p1a: Dondozo|94/100|[from] Sandstorm
|-heal|p2a: Blissey|100/100|[from] item: Leftovers
|-heal|p1a: Dondozo|100/100|[from] item: Leftovers
|upkeep
|turn|5
|
|t:|1779889224
|move|p2a: Blissey|Grass Knot|p1a: Dondozo
|-supereffective|p1a: Dondozo
|-damage|p1a: Dondozo|58/100
|move|p1a: Dondozo|Waterfall|p2a: Blissey
|-damage|p2a: Blissey|66/100
|
|-weather|none
|-heal|p2a: Blissey|72/100|[from] item: Leftovers
|-heal|p1a: Dondozo|64/100|[from] item: Leftovers
|upkeep
|turn|6
|
|t:|1779889233
|move|p2a: Blissey|Grass Knot|p1a: Dondozo
|-supereffective|p1a: Dondozo
|-damage|p1a: Dondozo|22/100
|move|p1a: Dondozo|Rest|p1a: Dondozo
|-status|p1a: Dondozo|slp|[from] move: Rest
|-heal|p1a: Dondozo|100/100 slp|[silent]
|
|-heal|p2a: Blissey|78/100|[from] item: Leftovers
|upkeep
|turn|7
|
|t:|1779889243
|move|p2a: Blissey|Calm Mind|p2a: Blissey
|-boost|p2a: Blissey|spa|1
|-boost|p2a: Blissey|spd|1
|cant|p1a: Dondozo|slp
|move|p1a: Dondozo|Sleep Talk|p1a: Dondozo
|move|p1a: Dondozo|Curse|p1a: Dondozo|[from] move: Sleep Talk
|-unboost|p1a: Dondozo|spe|1
|-boost|p1a: Dondozo|atk|1
|-boost|p1a: Dondozo|def|1
|
|-heal|p2a: Blissey|84/100|[from] item: Leftovers
|upkeep
|turn|8
|
|t:|1779889256
|move|p2a: Blissey|Calm Mind|p2a: Blissey
|-boost|p2a: Blissey|spa|1
|-boost|p2a: Blissey|spd|1
|cant|p1a: Dondozo|slp
|move|p1a: Dondozo|Sleep Talk|p1a: Dondozo
|move|p1a: Dondozo|Waterfall|p2a: Blissey|[from] move: Sleep Talk
|-damage|p2a: Blissey|33/100
|
|-heal|p2a: Blissey|39/100|[from] item: Leftovers
|upkeep
|turn|9
|
|t:|1779889268
|move|p2a: Blissey|Soft-Boiled|p2a: Blissey
|-heal|p2a: Blissey|89/100
|-curestatus|p1a: Dondozo|slp|[msg]
|move|p1a: Dondozo|Sleep Talk||[still]
|-fail|p1a: Dondozo
|
|-heal|p2a: Blissey|95/100|[from] item: Leftovers
|upkeep
|turn|10
|
|t:|1779889277
|move|p2a: Blissey|Calm Mind|p2a: Blissey
|-boost|p2a: Blissey|spa|1
|-boost|p2a: Blissey|spd|1
|move|p1a: Dondozo|Waterfall|p2a: Blissey
|-damage|p2a: Blissey|48/100
|
|-heal|p2a: Blissey|54/100|[from] item: Leftovers
|upkeep
|turn|11
|
|t:|1779889286
|move|p2a: Blissey|Soft-Boiled|p2a: Blissey
|-heal|p2a: Blissey|100/100
|move|p1a: Dondozo|Waterfall|p2a: Blissey
|-damage|p2a: Blissey|49/100
|
|-heal|p2a: Blissey|55/100|[from] item: Leftovers
|upkeep
|turn|12
|
|t:|1779889294
|move|p2a: Blissey|Soft-Boiled|p2a: Blissey
|-heal|p2a: Blissey|100/100
|move|p1a: Dondozo|Waterfall|p2a: Blissey
|-damage|p2a: Blissey|56/100
|
|-heal|p2a: Blissey|63/100|[from] item: Leftovers
|upkeep
|turn|13
|
|t:|1779889309
|switch|p2a: Tornadus|Tornadus-Therian, M, shiny|100/100
|move|p1a: Dondozo|Waterfall|p2a: Tornadus
|-damage|p2a: Tornadus|26/100
|
|upkeep
|turn|14
|
|t:|1779889317
|move|p2a: Tornadus|Grass Knot|p1a: Dondozo
|-supereffective|p1a: Dondozo
|-damage|p1a: Dondozo|26/100
|move|p1a: Dondozo|Waterfall|p2a: Tornadus
|-crit|p2a: Tornadus
|-damage|p2a: Tornadus|0 fnt
|faint|p2a: Tornadus
|
|-heal|p1a: Dondozo|32/100|[from] item: Leftovers
|upkeep
|
|t:|1779889331
|switch|p2a: Swampert|Swampert, M|100/100
|turn|15
|
|t:|1779889336
|move|p2a: Swampert|Double-Edge|p1a: Dondozo
|-damage|p1a: Dondozo|20/100
|-damage|p2a: Swampert|96/100|[from] Recoil
|-damage|p2a: Swampert|86/100|[from] item: Life Orb
|move|p1a: Dondozo|Waterfall|p2a: Swampert
|-damage|p2a: Swampert|38/100
|
|-heal|p1a: Dondozo|26/100|[from] item: Leftovers
|upkeep
|turn|16
|
|t:|1779889349
|move|p2a: Swampert|Ice Punch|p1a: Dondozo
|-resisted|p1a: Dondozo
|-damage|p1a: Dondozo|23/100
|-damage|p2a: Swampert|28/100|[from] item: Life Orb
|move|p1a: Dondozo|Rest|p1a: Dondozo
|-status|p1a: Dondozo|slp|[from] move: Rest
|-heal|p1a: Dondozo|100/100 slp|[silent]
|
|upkeep
|turn|17
|
|t:|1779889366
|move|p2a: Swampert|Earthquake|p1a: Dondozo
|-damage|p1a: Dondozo|87/100 slp
|-damage|p2a: Swampert|18/100|[from] item: Life Orb
|cant|p1a: Dondozo|slp
|move|p1a: Dondozo|Sleep Talk|p1a: Dondozo
|move|p1a: Dondozo|Waterfall|p2a: Swampert|[from] move: Sleep Talk
|-damage|p2a: Swampert|0 fnt
|faint|p2a: Swampert
|
|-heal|p1a: Dondozo|93/100 slp|[from] item: Leftovers
|upkeep
|
|t:|1779889387
|switch|p2a: Gliscor|Gliscor, F|100/100
|turn|18
|
|t:|1779889396
|-terastallize|p2a: Gliscor|Ground
|move|p2a: Gliscor|Toxic||[still]
|-fail|p2a: Gliscor
|cant|p1a: Dondozo|slp
|move|p1a: Dondozo|Sleep Talk|p1a: Dondozo
|move|p1a: Dondozo|Waterfall|p2a: Gliscor|[from] move: Sleep Talk
|-supereffective|p2a: Gliscor
|-damage|p2a: Gliscor|19/100
|
|-heal|p1a: Dondozo|99/100 slp|[from] item: Leftovers
|-status|p2a: Gliscor|tox|[from] item: Toxic Orb
|upkeep
|turn|19
|
|t:|1779889431
|move|p2a: Gliscor|U-turn|p1a: Dondozo
|-damage|p1a: Dondozo|96/100 slp
|
|t:|1779889437
|switch|p2a: Blissey|Blissey, F|63/100|[from] U-turn
|-curestatus|p1a: Dondozo|slp|[msg]
|move|p1a: Dondozo|Sleep Talk||[still]
|-fail|p1a: Dondozo
|
|-heal|p2a: Blissey|69/100|[from] item: Leftovers
|-heal|p1a: Dondozo|100/100|[from] item: Leftovers
|upkeep
|turn|20
|
|t:|1779889448
|move|p2a: Blissey|Dazzling Gleam|p1a: Dondozo
|-crit|p1a: Dondozo
|-damage|p1a: Dondozo|79/100
|move|p1a: Dondozo|Waterfall|p2a: Blissey
|-damage|p2a: Blissey|25/100
|
|-heal|p2a: Blissey|31/100|[from] item: Leftovers
|-heal|p1a: Dondozo|85/100|[from] item: Leftovers
|upkeep
|turn|21
|
|t:|1779889458
|move|p2a: Blissey|Soft-Boiled|p2a: Blissey
|-heal|p2a: Blissey|81/100
|move|p1a: Dondozo|Curse|p1a: Dondozo
|-unboost|p1a: Dondozo|spe|1
|-boost|p1a: Dondozo|atk|1
|-boost|p1a: Dondozo|def|1
|
|-heal|p2a: Blissey|87/100|[from] item: Leftovers
|-heal|p1a: Dondozo|91/100|[from] item: Leftovers
|upkeep
|turn|22
|
|t:|1779889478
|move|p2a: Blissey|Grass Knot|p1a: Dondozo
|-supereffective|p1a: Dondozo
|-damage|p1a: Dondozo|51/100
|move|p1a: Dondozo|Curse|p1a: Dondozo
|-unboost|p1a: Dondozo|spe|1
|-boost|p1a: Dondozo|atk|1
|-boost|p1a: Dondozo|def|1
|
|-heal|p2a: Blissey|93/100|[from] item: Leftovers
|-heal|p1a: Dondozo|57/100|[from] item: Leftovers
|upkeep
|turn|23
|
|t:|1779889490
|move|p2a: Blissey|Grass Knot|p1a: Dondozo
|-supereffective|p1a: Dondozo
|-damage|p1a: Dondozo|16/100
|move|p1a: Dondozo|Waterfall|p2a: Blissey
|-damage|p2a: Blissey|19/100
|
|-heal|p2a: Blissey|25/100|[from] item: Leftovers
|-heal|p1a: Dondozo|22/100|[from] item: Leftovers
|upkeep
|turn|24
|
|t:|1779889499
|move|p2a: Blissey|Grass Knot|p1a: Dondozo
|-supereffective|p1a: Dondozo
|-damage|p1a: Dondozo|0 fnt
|faint|p1a: Dondozo
|
|-heal|p2a: Blissey|31/100|[from] item: Leftovers
|upkeep
|
|t:|1779889503
|switch|p1a: Deoxys|Deoxys-Speed|100/100
|-damage|p1a: Deoxys|88/100|[from] Stealth Rock
|-ability|p1a: Deoxys|Pressure
|turn|25
|
|t:|1779889511
|move|p1a: Deoxys|Focus Blast|p2a: Blissey
|-supereffective|p2a: Blissey
|-crit|p2a: Blissey
|-damage|p2a: Blissey|0 fnt
|faint|p2a: Blissey
|-damage|p1a: Deoxys|78/100|[from] item: Life Orb
|
|upkeep
|
|t:|1779889532
|switch|p2a: Dragapult|Dragapult, M|100/100
|turn|26
|
|t:|1779889536
|move|p1a: Deoxys|Shadow Ball|p2a: Dragapult
|-supereffective|p2a: Dragapult
|-damage|p2a: Dragapult|18/100
|-damage|p1a: Deoxys|68/100|[from] item: Life Orb
|move|p2a: Dragapult|Draco Meteor|p1a: Deoxys
|-damage|p1a: Deoxys|0 fnt
|-unboost|p2a: Dragapult|spa|2
|faint|p1a: Deoxys
|-damage|p2a: Dragapult|9/100|[from] item: Life Orb
|
|upkeep
|
|t:|1779889543
|switch|p1a: Tyranitar|Tyranitar, F|100/100
|-damage|p1a: Tyranitar|88/100|[from] Stealth Rock
|-weather|Sandstorm|[from] ability: Sand Stream|[of] p1a: Tyranitar
|turn|27
|
|t:|1779889556
|move|p2a: Dragapult|U-turn|p1a: Tyranitar
|-supereffective|p1a: Tyranitar
|-damage|p1a: Tyranitar|52/100
|-damage|p2a: Dragapult|0 fnt|[from] item: Life Orb
|faint|p2a: Dragapult
|move|p1a: Tyranitar|Knock Off|p2: Dragapult|[notarget]
|-fail|p1a: Tyranitar
|
|-weather|Sandstorm|[upkeep]
|upkeep
|
|t:|1779889565
|switch|p2a: Heatran|Heatran, F, shiny|100/100
|-item|p2a: Heatran|Air Balloon
|turn|28
|
|t:|1779889590
|-terastallize|p1a: Tyranitar|Rock
|move|p2a: Heatran|Earth Power|p1a: Tyranitar
|-supereffective|p1a: Tyranitar
|-damage|p1a: Tyranitar|15/100
|move|p1a: Tyranitar|Knock Off|p2a: Heatran
|-damage|p2a: Heatran|23/100
|-enditem|p2a: Heatran|Air Balloon
|-damage|p1a: Tyranitar|5/100|[from] item: Life Orb
|
|-weather|Sandstorm|[upkeep]
|upkeep
|turn|29
|
|t:|1779889604
|switch|p1a: Ceruledge|Ceruledge, F|100/100
|-damage|p1a: Ceruledge|76/100|[from] Stealth Rock
|move|p2a: Heatran|Earth Power|p1a: Ceruledge
|-supereffective|p1a: Ceruledge
|-damage|p1a: Ceruledge|0 fnt
|faint|p1a: Ceruledge
|
|-weather|Sandstorm|[upkeep]
|upkeep
|
|t:|1779889612
|switch|p1a: Kingambit|Kingambit, F|100/100
|-damage|p1a: Kingambit|94/100|[from] Stealth Rock
|-activate|p1a: Kingambit|ability: Supreme Overlord
|-start|p1a: Kingambit|fallen3|[silent]
|turn|30
|
|t:|1779889628
|move|p1a: Kingambit|Sucker Punch|p2a: Heatran
|-damage|p2a: Heatran|0 fnt
|faint|p2a: Heatran
|
|-weather|Sandstorm|[upkeep]
|-heal|p1a: Kingambit|100/100|[from] item: Leftovers
|upkeep
|
|t:|1779889638
|switch|p2a: Gliscor|Gliscor, F, tera:Ground|19/100 tox
|turn|31
|
|t:|1779889646
|move|p2a: Gliscor|Earthquake|p1a: Kingambit
|-supereffective|p1a: Kingambit
|-damage|p1a: Kingambit|22/100
|move|p1a: Kingambit|Kowtow Cleave|p2a: Gliscor
|-damage|p2a: Gliscor|0 fnt
|faint|p2a: Gliscor
|
|win|swaggulisus
|raw|swaggulisus's rating: 1069 &rarr; <strong>1093</strong><br />(+24 for winning)
|raw|bulongshaonian188's rating: 1000 &rarr; <strong>1000</strong><br />(+0 for losing)
