|j|☆claudechamp
|j|☆Cakdink
|t:|1779872663
|gametype|singles
|player|p1|claudechamp|169|1201
|player|p2|Cakdink|acetrainer-gen4|1107
|gen|9
|tier|[Gen 9] OU
|rated|
|rule|HP Percentage Mod: HP is shown in percentages
|rule|Endless Battle Clause: Forcing endless battles is banned
|rule|Species Clause: Limit one of each Pokémon
|rule|OHKO Clause: OHKO moves are banned
|rule|Evasion Items Clause: Evasion items are banned
|rule|Evasion Moves Clause: Evasion moves are banned
|rule|Evasion Abilities Clause: Evasion abilities are banned
|rule|Sleep Moves Clause: Sleep-inducing moves are banned
|clearpoke
|poke|p1|Gliscor, F|
|poke|p1|Ogerpon, F|
|poke|p1|Walking Wake|
|poke|p1|Blissey, F|
|poke|p1|Corviknight, M|
|poke|p1|Pecharunt|
|poke|p2|Comfey, F|
|poke|p2|Gastrodon-East, M|
|poke|p2|Goodra-Hisui, F|
|poke|p2|Houndoom, F|
|poke|p2|Thundurus-Therian, M|
|poke|p2|Brambleghast, M|
|teampreview
|inactive|Battle timer is ON: inactive players will automatically lose when time's up. (requested by Cakdink)
|c|☆claudechamp|hf
|inactive|claudechamp also wants the timer to be on.
|
|t:|1779872673
|teamsize|p1|6
|teamsize|p2|6
|start
|switch|p1a: Gliscor|Gliscor, F|100/100
|switch|p2a: Goodra|Goodra-Hisui, F|100/100
|turn|1
|
|t:|1779872679
|move|p1a: Gliscor|Spikes|p2a: Goodra
|-sidestart|p2: Cakdink|Spikes
|move|p2a: Goodra|Blizzard|p1a: Gliscor|[miss]
|-miss|p2a: Goodra|p1a: Gliscor
|
|-status|p1a: Gliscor|tox|[from] item: Toxic Orb
|upkeep
|turn|2
|
|t:|1779872692
|-terastallize|p1a: Gliscor|Ghost
|move|p1a: Gliscor|Spikes|p2a: Goodra
|-sidestart|p2: Cakdink|Spikes
|move|p2a: Goodra|Blizzard|p1a: Gliscor|[miss]
|-miss|p2a: Goodra|p1a: Gliscor
|
|upkeep
|turn|3
|
|t:|1779872701
|move|p1a: Gliscor|Spikes|p2a: Goodra
|-sidestart|p2: Cakdink|Spikes
|move|p2a: Goodra|Draco Meteor|p1a: Gliscor
|-damage|p1a: Gliscor|48/100 tox
|-unboost|p2a: Goodra|spa|2
|-enditem|p2a: Goodra|Eject Pack
|
|t:|1779872708
|switch|p2a: Brambleghast|Brambleghast, M|100/100
|
|-heal|p1a: Gliscor|60/100 tox|[from] ability: Poison Heal
|upkeep
|turn|4
|
|t:|1779872718
|move|p2a: Brambleghast|Poltergeist|p1a: Gliscor
|-activate|p1a: Gliscor|move: Poltergeist|Toxic Orb
|-supereffective|p1a: Gliscor
|-damage|p1a: Gliscor|0 fnt
|faint|p1a: Gliscor
|
|upkeep
|
|t:|1779872727
|switch|p1a: Blissey|Blissey, F|100/100
|turn|5
|
|t:|1779872736
|move|p2a: Brambleghast|Rapid Spin|p1a: Blissey
|-damage|p1a: Blissey|84/100
|-boost|p2a: Brambleghast|spe|1
|-sideend|p2: Cakdink|Spikes|[from] move: Rapid Spin|[of] p2a: Brambleghast
|move|p1a: Blissey|Stealth Rock|p2a: Brambleghast
|-sidestart|p2: Cakdink|move: Stealth Rock
|
|upkeep
|turn|6
|
|t:|1779872749
|switch|p1a: Pecharunt|Pecharunt|100/100
|move|p2a: Brambleghast|Poltergeist|p1a: Pecharunt
|-activate|p1a: Pecharunt|move: Poltergeist|Heavy-Duty Boots
|-supereffective|p1a: Pecharunt
|-damage|p1a: Pecharunt|51/100
|
|upkeep
|turn|7
|
|t:|1779872758
|move|p2a: Brambleghast|Poltergeist|p1a: Pecharunt
|-activate|p1a: Pecharunt|move: Poltergeist|Heavy-Duty Boots
|-supereffective|p1a: Pecharunt
|-damage|p1a: Pecharunt|0 fnt
|faint|p1a: Pecharunt
|
|upkeep
|
|t:|1779872771
|switch|p1a: Ogerpon|Ogerpon, F|100/100
|turn|8
|
|t:|1779872779
|move|p2a: Brambleghast|Strength Sap|p1a: Ogerpon
|-unboost|p1a: Ogerpon|atk|1
|-ability|p1a: Ogerpon|Defiant|boost
|-boost|p1a: Ogerpon|atk|2
|move|p1a: Ogerpon|Knock Off|p2a: Brambleghast
|-supereffective|p2a: Brambleghast
|-crit|p2a: Brambleghast
|-damage|p2a: Brambleghast|0 fnt
|-enditem|p2a: Brambleghast|Heavy-Duty Boots|[from] move: Knock Off|[of] p1a: Ogerpon
|faint|p2a: Brambleghast
|
|upkeep
|
|t:|1779872808
|switch|p2a: Houndoom|Houndoom, F|100/100
|-damage|p2a: Houndoom|76/100|[from] Stealth Rock
|turn|9
|
|t:|1779872813
|move|p2a: Houndoom|Endure|p2a: Houndoom
|-singleturn|p2a: Houndoom|move: Endure
|move|p1a: Ogerpon|Knock Off|p2a: Houndoom
|-resisted|p2a: Houndoom
|-damage|p2a: Houndoom|20/100
|-enditem|p2a: Houndoom|Custap Berry|[from] move: Knock Off|[of] p1a: Ogerpon
|
|upkeep
|turn|10
|
|t:|1779872821
|move|p1a: Ogerpon|Ivy Cudgel|p2a: Houndoom
|-resisted|p2a: Houndoom
|-damage|p2a: Houndoom|0 fnt
|faint|p2a: Houndoom
|
|upkeep
|
|t:|1779872832
|switch|p2a: Goodra|Goodra-Hisui, F|100/100
|-damage|p2a: Goodra|95/100|[from] Stealth Rock
|turn|11
|
|t:|1779872837
|move|p1a: Ogerpon|U-turn|p2a: Goodra
|-resisted|p2a: Goodra
|-damage|p2a: Goodra|76/100
|
|t:|1779872843
|switch|p1a: Blissey|Blissey, F|84/100|[from] U-turn
|move|p2a: Goodra|Blizzard|p1a: Blissey|[miss]
|-miss|p2a: Goodra|p1a: Blissey
|
|upkeep
|turn|12
|
|t:|1779872857
|switch|p2a: Comfey|Comfey, F|100/100
|-damage|p2a: Comfey|88/100|[from] Stealth Rock
|move|p1a: Blissey|Seismic Toss|p2a: Comfey
|-damage|p2a: Comfey|55/100
|
|-heal|p2a: Comfey|62/100|[from] item: Leftovers
|upkeep
|turn|13
|
|t:|1779872869
|move|p2a: Comfey|Leech Seed|p1a: Blissey
|-start|p1a: Blissey|move: Leech Seed
|move|p1a: Blissey|Seismic Toss|p2a: Comfey
|-damage|p2a: Comfey|29/100
|
|-heal|p2a: Comfey|35/100|[from] item: Leftovers
|-damage|p1a: Blissey|71/100|[from] Leech Seed|[of] p2a: Comfey
|-heal|p2a: Comfey|62/100|[silent]
|upkeep
|turn|14
|
|t:|1779872883
|switch|p1a: Ogerpon|Ogerpon, F|100/100
|move|p2a: Comfey|Calm Mind|p2a: Comfey
|-boost|p2a: Comfey|spa|1
|-boost|p2a: Comfey|spd|1
|
|-heal|p2a: Comfey|68/100|[from] item: Leftovers
|upkeep
|turn|15
|
|t:|1779872891
|move|p2a: Comfey|Draining Kiss|p1a: Ogerpon
|-damage|p1a: Ogerpon|70/100
|-heal|p2a: Comfey|91/100|[from] drain|[of] p1a: Ogerpon
|move|p1a: Ogerpon|Ivy Cudgel|p2a: Comfey
|-damage|p2a: Comfey|31/100
|
|-heal|p2a: Comfey|37/100|[from] item: Leftovers
|upkeep
|turn|16
|
|t:|1779872902
|switch|p2a: Goodra|Goodra-Hisui, F|76/100
|-damage|p2a: Goodra|70/100|[from] Stealth Rock
|move|p1a: Ogerpon|Ivy Cudgel|p2a: Goodra
|-ability|p2a: Goodra|Sap Sipper|boost
|-boost|p2a: Goodra|atk|1
|
|upkeep
|turn|17
|
|t:|1779872911
|switch|p1a: Blissey|Blissey, F|71/100
|move|p2a: Goodra|Blizzard|p1a: Blissey
|-damage|p1a: Blissey|61/100
|
|upkeep
|turn|18
|
|t:|1779872919
|switch|p2a: Thundurus|Thundurus-Therian, M|100/100
|move|p1a: Blissey|Seismic Toss|p2a: Thundurus
|-damage|p2a: Thundurus|67/100
|
|upkeep
|turn|19
|
|t:|1779872932
|move|p2a: Thundurus|Thunder Wave|p1a: Blissey
|-status|p1a: Blissey|par
|move|p1a: Blissey|Seismic Toss|p2a: Thundurus
|-damage|p2a: Thundurus|34/100
|
|upkeep
|turn|20
|
|t:|1779872938
|move|p2a: Thundurus|Volt Switch|p1a: Blissey
|-damage|p1a: Blissey|48/100 par
|
|t:|1779872942
|switch|p2a: Comfey|Comfey, F|37/100|[from] Volt Switch
|-damage|p2a: Comfey|24/100|[from] Stealth Rock
|move|p1a: Blissey|Seismic Toss|p2a: Comfey
|-damage|p2a: Comfey|0 fnt
|faint|p2a: Comfey
|
|upkeep
|
|t:|1779872946
|switch|p2a: Gastrodon|Gastrodon-East, M|100/100
|-damage|p2a: Gastrodon|94/100|[from] Stealth Rock
|turn|21
|
|t:|1779872955
|move|p2a: Gastrodon|Stealth Rock|p1a: Blissey
|-sidestart|p1: claudechamp|move: Stealth Rock
|cant|p1a: Blissey|par
|
|upkeep
|turn|22
|
|t:|1779872967
|move|p2a: Gastrodon|Earth Power|p1a: Blissey
|-damage|p1a: Blissey|38/100 par
|move|p1a: Blissey|Soft-Boiled|p1a: Blissey
|-heal|p1a: Blissey|88/100 par
|
|upkeep
|turn|23
|
|t:|1779872978
|move|p2a: Gastrodon|Earth Power|p1a: Blissey
|-damage|p1a: Blissey|79/100 par
|-unboost|p1a: Blissey|spd|1
|move|p1a: Blissey|Seismic Toss|p2a: Gastrodon
|-damage|p2a: Gastrodon|69/100
|-damage|p1a: Blissey|62/100 par|[from] item: Rocky Helmet|[of] p2a: Gastrodon
|
|upkeep
|turn|24
|
|t:|1779872993
|move|p2a: Gastrodon|Earth Power|p1a: Blissey
|-damage|p1a: Blissey|49/100 par
|move|p1a: Blissey|Soft-Boiled|p1a: Blissey
|-heal|p1a: Blissey|99/100 par
|
|upkeep
|turn|25
|-message|Cakdink forfeited.
|
|win|claudechamp
|raw|claudechamp's rating: 1173 &rarr; <strong>1193</strong><br />(+20 for winning)
|raw|Cakdink's rating: 1107 &rarr; <strong>1087</strong><br />(-20 for losing)
|l|☆Cakdink
|player|p2|
|c|☆claudechamp|gg
|l|☆claudechamp
|player|p1|
