|j|☆ghostoftheranch
|j|☆Pikadavid14
|t:|1779914654
|gametype|singles
|player|p1|ghostoftheranch|medium|1582
|player|p2|Pikadavid14|lucas|1571
|gen|9
|tier|[Gen 9] OU
|rated|
|rule|HP Percentage Mod: HP is shown in percentages
|rule|Endless Battle Clause: Forcing endless battles is banned
|rule|Species Clause: Limit one of each Pokémon
|rule|OHKO Clause: OHKO moves are banned
|rule|Evasion Items Clause: Evasion items are banned
|rule|Evasion Moves Clause: Evasion moves are banned
|rule|Evasion Abilities Clause: Evasion abilities are banned
|rule|Sleep Moves Clause: Sleep-inducing moves are banned
|clearpoke
|poke|p1|Torkoal, M|
|poke|p1|Fezandipiti, M|
|poke|p1|Great Tusk|
|poke|p1|Cinderace, M|
|poke|p1|Mandibuzz, F|
|poke|p1|Volcanion|
|poke|p2|Iron Moth|
|poke|p2|Ogerpon-Wellspring, F|
|poke|p2|Gholdengo|
|poke|p2|Great Tusk|
|poke|p2|Dragonite, M|
|poke|p2|Ribombee, F|
|teampreview
|inactive|Battle timer is ON: inactive players will automatically lose when time's up. (requested by Pikadavid14)
|
|t:|1779914680
|teamsize|p1|6
|teamsize|p2|6
|start
|switch|p1a: Torkoal|Torkoal, M|100/100
|switch|p2a: Iron Moth|Iron Moth|100/100
|-weather|SunnyDay|[from] ability: Drought|[of] p1a: Torkoal
|-enditem|p2a: Iron Moth|Booster Energy
|-activate|p2a: Iron Moth|ability: Quark Drive|[fromitem]
|-start|p2a: Iron Moth|quarkdrivespe
|turn|1
|
|t:|1779914697
|move|p2a: Iron Moth|Fiery Dance|p1a: Torkoal
|-resisted|p1a: Torkoal
|-damage|p1a: Torkoal|56/100
|move|p1a: Torkoal|Earth Power|p2a: Iron Moth
|-supereffective|p2a: Iron Moth
|-damage|p2a: Iron Moth|10/100
|
|-weather|SunnyDay|[upkeep]
|upkeep
|turn|2
|
|t:|1779914718
|switch|p1a: Fezandipiti|Fezandipiti, M|100/100
|move|p2a: Iron Moth|Fiery Dance|p1a: Fezandipiti
|-damage|p1a: Fezandipiti|52/100
|
|-weather|SunnyDay|[upkeep]
|-heal|p1a: Fezandipiti|58/100|[from] item: Leftovers
|upkeep
|turn|3
|
|t:|1779914735
|move|p2a: Iron Moth|Fiery Dance|p1a: Fezandipiti
|-damage|p1a: Fezandipiti|15/100
|move|p1a: Fezandipiti|Sludge Bomb|p2a: Iron Moth
|-resisted|p2a: Iron Moth
|-damage|p2a: Iron Moth|0 fnt
|faint|p2a: Iron Moth
|-end|p2a: Iron Moth|Quark Drive|[silent]
|
|-weather|SunnyDay|[upkeep]
|-heal|p1a: Fezandipiti|22/100|[from] item: Leftovers
|upkeep
|
|t:|1779914744
|switch|p2a: Dragonite|Dragonite, M|100/100
|turn|4
|
|t:|1779914752
|move|p2a: Dragonite|Extreme Speed|p1a: Fezandipiti
|-damage|p1a: Fezandipiti|0 fnt
|faint|p1a: Fezandipiti
|
|-weather|SunnyDay|[upkeep]
|upkeep
|
|t:|1779914762
|switch|p1a: Great Tusk|Great Tusk|100/100
|-activate|p1a: Great Tusk|ability: Protosynthesis
|-start|p1a: Great Tusk|protosynthesisatk
|turn|5
|
|t:|1779914774
|move|p1a: Great Tusk|Ice Spinner|p2a: Dragonite
|-supereffective|p2a: Dragonite
|-damage|p2a: Dragonite|7/100
|-enditem|p2a: Dragonite|Weakness Policy
|-boost|p2a: Dragonite|atk|2|[from] item: Weakness Policy
|-boost|p2a: Dragonite|spa|2|[from] item: Weakness Policy
|move|p2a: Dragonite|Dragon Dance|p2a: Dragonite
|-boost|p2a: Dragonite|atk|1
|-boost|p2a: Dragonite|spe|1
|
|-weather|SunnyDay|[upkeep]
|upkeep
|turn|6
|
|t:|1779914786
|-end|p1a: Great Tusk|Protosynthesis|[silent]
|switch|p1a: Mandibuzz|Mandibuzz, F|100/100
|-terastallize|p2a: Dragonite|Normal
|move|p2a: Dragonite|Extreme Speed|p1a: Mandibuzz
|-damage|p1a: Mandibuzz|35/100
|-damage|p2a: Dragonite|0 fnt|[from] item: Rocky Helmet|[of] p1a: Mandibuzz
|faint|p2a: Dragonite
|
|-weather|SunnyDay|[upkeep]
|upkeep
|
|t:|1779914805
|switch|p2a: Great Tusk|Great Tusk|100/100
|-activate|p2a: Great Tusk|ability: Protosynthesis
|-start|p2a: Great Tusk|protosynthesisatk
|turn|7
|
|t:|1779914819
|move|p2a: Great Tusk|Ice Spinner|p1a: Mandibuzz
|-supereffective|p1a: Mandibuzz
|-damage|p1a: Mandibuzz|0 fnt
|-damage|p2a: Great Tusk|84/100|[from] item: Rocky Helmet|[of] p1a: Mandibuzz
|faint|p1a: Mandibuzz
|
|-weather|SunnyDay|[upkeep]
|upkeep
|
|t:|1779914826
|switch|p1a: Cinderace|Cinderace, M|100/100
|turn|8
|
|t:|1779914834
|-end|p2a: Great Tusk|Protosynthesis|[silent]
|switch|p2a: Ribombee|Ribombee, F|100/100
|-terastallize|p1a: Cinderace|Fire
|move|p1a: Cinderace|Pyro Ball|p2a: Ribombee
|-supereffective|p2a: Ribombee
|-enditem|p2a: Ribombee|Focus Sash
|-damage|p2a: Ribombee|1/100
|
|-weather|none
|upkeep
|turn|9
|
|t:|1779914843
|switch|p1a: Torkoal|Torkoal, M|56/100
|-weather|SunnyDay|[from] ability: Drought|[of] p1a: Torkoal
|move|p2a: Ribombee|Moonblast|p1a: Torkoal
|-resisted|p1a: Torkoal
|-damage|p1a: Torkoal|27/100
|
|-weather|SunnyDay|[upkeep]
|upkeep
|turn|10
|
|t:|1779914851
|move|p2a: Ribombee|Moonblast|p1a: Torkoal
|-resisted|p1a: Torkoal
|-damage|p1a: Torkoal|1/100
|-unboost|p1a: Torkoal|spa|1
|move|p1a: Torkoal|Rapid Spin|p2a: Ribombee
|-damage|p2a: Ribombee|0 fnt
|-boost|p1a: Torkoal|spe|1
|faint|p2a: Ribombee
|
|-weather|SunnyDay|[upkeep]
|upkeep
|
|t:|1779914860
|switch|p2a: Great Tusk|Great Tusk|84/100
|-activate|p2a: Great Tusk|ability: Protosynthesis
|-start|p2a: Great Tusk|protosynthesisatk
|turn|11
|
|t:|1779914872
|move|p2a: Great Tusk|Rapid Spin|p1a: Torkoal
|-damage|p1a: Torkoal|0 fnt
|-boost|p2a: Great Tusk|spe|1
|faint|p1a: Torkoal
|
|-weather|SunnyDay|[upkeep]
|upkeep
|
|t:|1779914879
|switch|p1a: Great Tusk|Great Tusk|100/100
|-activate|p1a: Great Tusk|ability: Protosynthesis
|-start|p1a: Great Tusk|protosynthesisatk
|turn|12
|
|t:|1779914883
|move|p2a: Great Tusk|Ice Spinner|p1a: Great Tusk
|-supereffective|p1a: Great Tusk
|-damage|p1a: Great Tusk|50/100
|move|p1a: Great Tusk|Ice Spinner|p2a: Great Tusk
|-supereffective|p2a: Great Tusk
|-damage|p2a: Great Tusk|30/100
|
|-weather|SunnyDay|[upkeep]
|upkeep
|turn|13
|
|t:|1779914897
|move|p2a: Great Tusk|Ice Spinner|p1a: Great Tusk
|-supereffective|p1a: Great Tusk
|-damage|p1a: Great Tusk|0 fnt
|faint|p1a: Great Tusk
|-end|p1a: Great Tusk|Protosynthesis|[silent]
|
|-weather|SunnyDay|[upkeep]
|upkeep
|
|t:|1779914899
|switch|p1a: Cinderace|Cinderace, M, tera:Fire|100/100
|turn|14
|
|t:|1779914903
|move|p1a: Cinderace|Sucker Punch|p2a: Great Tusk
|-resisted|p2a: Great Tusk
|-damage|p2a: Great Tusk|21/100
|move|p2a: Great Tusk|Close Combat|p1a: Cinderace
|-crit|p1a: Cinderace
|-damage|p1a: Cinderace|0 fnt
|-unboost|p2a: Great Tusk|def|1
|-unboost|p2a: Great Tusk|spd|1
|faint|p1a: Cinderace
|
|-weather|SunnyDay|[upkeep]
|upkeep
|
|t:|1779914906
|switch|p1a: Volcanion|Volcanion|100/100
|turn|15
|
|t:|1779914915
|move|p2a: Great Tusk|Close Combat|p1a: Volcanion
|-damage|p1a: Volcanion|32/100
|-unboost|p2a: Great Tusk|def|1
|-unboost|p2a: Great Tusk|spd|1
|move|p1a: Volcanion|Fire Blast|p2a: Great Tusk
|-damage|p2a: Great Tusk|0 fnt
|faint|p2a: Great Tusk
|-end|p2a: Great Tusk|Protosynthesis|[silent]
|
|-weather|SunnyDay|[upkeep]
|upkeep
|
|t:|1779914924
|switch|p2a: Ogerpon|Ogerpon-Wellspring, F|100/100
|turn|16
|-message|ghostoftheranch forfeited.
|
|win|Pikadavid14
|raw|ghostoftheranch's rating: 1582 &rarr; <strong>1561</strong><br />(-21 for losing)
|raw|Pikadavid14's rating: 1571 &rarr; <strong>1592</strong><br />(+21 for winning)
|l|☆ghostoftheranch
|player|p1|
|l|☆Pikadavid14
|player|p2|
