|j|☆oreki350
|j|☆heisgay
|t:|1779905243
|gametype|singles
|player|p1|oreki350|1|1039
|player|p2|heisgay|101|1030
|gen|9
|tier|[Gen 9] OU
|rated|
|rule|HP Percentage Mod: HP is shown in percentages
|rule|Endless Battle Clause: Forcing endless battles is banned
|rule|Species Clause: Limit one of each Pokémon
|rule|OHKO Clause: OHKO moves are banned
|rule|Evasion Items Clause: Evasion items are banned
|rule|Evasion Moves Clause: Evasion moves are banned
|rule|Evasion Abilities Clause: Evasion abilities are banned
|rule|Sleep Moves Clause: Sleep-inducing moves are banned
|clearpoke
|poke|p1|Toxtricity, F|
|poke|p1|Squawkabilly, M|
|poke|p1|Minior|
|poke|p1|Bellibolt, M|
|poke|p1|Scyther, M|
|poke|p1|Cinccino, M|
|poke|p2|Ogerpon, F|
|poke|p2|Moltres|
|poke|p2|Dragapult, F|
|poke|p2|Dragonite, F|
|poke|p2|Slowking-Galar, F|
|poke|p2|Great Tusk|
|teampreview
|inactive|Battle timer is ON: inactive players will automatically lose when time's up. (requested by heisgay)
|c|☆heisgay|Can u wait for my coach to join
|j| literallyjaimelol
|c| literallyjaimelol|hey timny
|inactive|heisgay has 120 seconds left.
|c| literallyjaimelol|ima coach u
|
|t:|1779905285
|teamsize|p1|6
|teamsize|p2|6
|start
|switch|p1a: Squawkabilly|Squawkabilly, M|100/100
|switch|p2a: Dragapult|Dragapult, F|100/100
|-ability|p1a: Squawkabilly|Intimidate|boost
|-unboost|p2a: Dragapult|atk|1
|turn|1
|c| literallyjaimelol|ok timmy u-turn out
|
|t:|1779905304
|move|p1a: Squawkabilly|Parting Shot|p2a: Dragapult
|-unboost|p2a: Dragapult|atk|1
|-unboost|p2a: Dragapult|spa|1
|
|t:|1779905312
|switch|p1a: Scyther|Scyther, M|100/100|[from] Parting Shot
|move|p2a: Dragapult|Will-O-Wisp|p1a: Scyther
|-status|p1a: Scyther|brn
|
|-damage|p1a: Scyther|94/100 brn|[from] brn
|upkeep
|turn|2
|
|t:|1779905323
|move|p2a: Dragapult|U-turn|p1a: Scyther
|-resisted|p1a: Scyther
|-damage|p1a: Scyther|90/100 brn
|
|t:|1779905327
|switch|p2a: Ogerpon|Ogerpon, F|100/100|[from] U-turn
|move|p1a: Scyther|Swords Dance|p1a: Scyther
|-boost|p1a: Scyther|atk|2
|
|-damage|p1a: Scyther|84/100 brn|[from] brn
|upkeep
|turn|3
|c| literallyjaimelol|ok timmy set up spikrd
|
|t:|1779905341
|move|p2a: Ogerpon|U-turn|p1a: Scyther
|-resisted|p1a: Scyther
|-damage|p1a: Scyther|73/100 brn
|
|t:|1779905345
|switch|p2a: Moltres|Moltres|100/100|[from] U-turn
|move|p1a: Scyther|Dual Wingbeat|p2a: Moltres
|-damage|p2a: Moltres|79/100
|-damage|p2a: Moltres|57/100
|-hitcount|p2a: Moltres|2
|
|-damage|p1a: Scyther|67/100 brn|[from] brn
|upkeep
|turn|4
|
|t:|1779905350
|move|p1a: Scyther|Dual Wingbeat|p2a: Moltres
|-damage|p2a: Moltres|35/100
|-damage|p2a: Moltres|15/100
|-hitcount|p2a: Moltres|2
|move|p2a: Moltres|Roost|p2a: Moltres
|-heal|p2a: Moltres|66/100
|-singleturn|p2a: Moltres|move: Roost
|
|-damage|p1a: Scyther|61/100 brn|[from] brn
|upkeep
|turn|5
|c| literallyjaimelol|ok timmy
|c| literallyjaimelol|listen to me
|c| literallyjaimelol|u can win
|
|t:|1779905371
|switch|p2a: Slowking|Slowking-Galar, F|100/100
|move|p1a: Scyther|Swords Dance|p1a: Scyther
|-boost|p1a: Scyther|atk|2
|
|-damage|p1a: Scyther|55/100 brn|[from] brn
|upkeep
|turn|6
|
|t:|1779905383
|move|p1a: Scyther|Dual Wingbeat|p2a: Slowking
|-damage|p2a: Slowking|56/100
|-damage|p2a: Slowking|9/100
|-hitcount|p2a: Slowking|2
|move|p2a: Slowking|Future Sight|p1a: Scyther
|-start|p2a: Slowking|move: Future Sight
|
|-damage|p1a: Scyther|49/100 brn|[from] brn
|upkeep
|turn|7
|
|t:|1779905389
|move|p1a: Scyther|Bug Bite|p2a: Slowking
|-damage|p2a: Slowking|0 fnt
|faint|p2a: Slowking
|
|-damage|p1a: Scyther|43/100 brn|[from] brn
|upkeep
|
|t:|1779905392
|switch|p2a: Dragapult|Dragapult, F|100/100
|turn|8
|
|t:|1779905396
|move|p2a: Dragapult|Hex|p1a: Scyther
|-damage|p1a: Scyther|0 fnt
|faint|p1a: Scyther
|
|-hint|Future Sight did not hit because the target is fainted.
|upkeep
|
|t:|1779905409
|switch|p1a: Toxtricity|Toxtricity, F|100/100
|turn|9
|
|t:|1779905414
|move|p2a: Dragapult|Dragon Darts|p1a: Toxtricity
|-damage|p1a: Toxtricity|78/100
|-anim|p2a: Dragapult|Dragon Darts|p1a: Toxtricity
|-damage|p1a: Toxtricity|53/100
|move|p1a: Toxtricity|Shift Gear|p1a: Toxtricity
|-boost|p1a: Toxtricity|spe|2
|-boost|p1a: Toxtricity|atk|1
|
|upkeep
|turn|10
|
|t:|1779905424
|move|p2a: Dragapult|U-turn|p1a: Toxtricity
|-resisted|p1a: Toxtricity
|-damage|p1a: Toxtricity|42/100
|
|t:|1779905432
|switch|p2a: Great Tusk|Great Tusk|100/100|[from] U-turn
|move|p1a: Toxtricity|Acid Spray|p2a: Great Tusk
|-resisted|p2a: Great Tusk
|-damage|p2a: Great Tusk|87/100
|-unboost|p2a: Great Tusk|spd|2
|
|upkeep
|turn|11
|
|t:|1779905439
|move|p1a: Toxtricity|Boomburst|p2a: Great Tusk
|-damage|p2a: Great Tusk|8/100
|move|p2a: Great Tusk|Headlong Rush|p1a: Toxtricity
|-supereffective|p1a: Toxtricity
|-damage|p1a: Toxtricity|0 fnt
|-unboost|p2a: Great Tusk|def|1
|-unboost|p2a: Great Tusk|spd|1
|faint|p1a: Toxtricity
|
|upkeep
|
|t:|1779905457
|switch|p1a: Squawkabilly|Squawkabilly, M|100/100
|-ability|p1a: Squawkabilly|Intimidate|boost
|-unboost|p2a: Great Tusk|atk|1
|turn|12
|
|t:|1779905469
|-end|p2a: Great Tusk|Protosynthesis|[silent]
|switch|p2a: Ogerpon|Ogerpon, F|100/100
|move|p1a: Squawkabilly|Parting Shot|p2a: Ogerpon
|-unboost|p2a: Ogerpon|atk|1
|-ability|p2a: Ogerpon|Defiant|boost
|-boost|p2a: Ogerpon|atk|2
|-unboost|p2a: Ogerpon|spa|1
|-ability|p2a: Ogerpon|Defiant|boost
|-boost|p2a: Ogerpon|atk|2
|
|t:|1779905490
|switch|p1a: Cinccino|Cinccino, M|100/100|[from] Parting Shot
|
|upkeep
|turn|13
|
|t:|1779905496
|move|p1a: Cinccino|Triple Axel|p2a: Ogerpon
|-supereffective|p2a: Ogerpon
|-damage|p2a: Ogerpon|76/100
|-supereffective|p2a: Ogerpon
|-damage|p2a: Ogerpon|31/100
|-supereffective|p2a: Ogerpon
|-damage|p2a: Ogerpon|0 fnt
|faint|p2a: Ogerpon
|-hitcount|p2: Ogerpon|3
|
|upkeep
|
|t:|1779905500
|switch|p2a: Moltres|Moltres|66/100
|turn|14
|
|t:|1779905506
|move|p1a: Cinccino|Tidy Up|p1a: Cinccino
|-boost|p1a: Cinccino|atk|1
|-boost|p1a: Cinccino|spe|1
|move|p2a: Moltres|Will-O-Wisp|p1a: Cinccino
|-status|p1a: Cinccino|brn
|
|-damage|p1a: Cinccino|94/100 brn|[from] brn
|upkeep
|turn|15
|
|t:|1779905512
|move|p1a: Cinccino|Tail Slap|p2a: Moltres
|-damage|p2a: Moltres|56/100
|-damage|p2a: Moltres|47/100
|-damage|p2a: Moltres|38/100
|-damage|p2a: Moltres|29/100
|-hitcount|p2a: Moltres|4
|move|p2a: Moltres|U-turn|p1a: Cinccino
|-damage|p1a: Cinccino|70/100 brn
|
|t:|1779905520
|switch|p2a: Dragapult|Dragapult, F|100/100|[from] U-turn
|
|-damage|p1a: Cinccino|64/100 brn|[from] brn
|upkeep
|turn|16
|
|t:|1779905525
|move|p1a: Cinccino|Triple Axel|p2a: Dragapult
|-supereffective|p2a: Dragapult
|-damage|p2a: Dragapult|83/100
|-supereffective|p2a: Dragapult
|-damage|p2a: Dragapult|48/100
|-supereffective|p2a: Dragapult
|-damage|p2a: Dragapult|0 fnt
|faint|p2a: Dragapult
|-hitcount|p2: Dragapult|3
|
|-damage|p1a: Cinccino|58/100 brn|[from] brn
|upkeep
|-message|heisgay forfeited.
|
|win|oreki350
