|j|☆suricato62
|j|☆emborfire90
|t:|1779880312
|gametype|singles
|player|p1|suricato62|265|1075
|player|p2|emborfire90|101|1071
|gen|9
|tier|[Gen 9] OU
|rated|
|rule|HP Percentage Mod: HP is shown in percentages
|rule|Endless Battle Clause: Forcing endless battles is banned
|rule|Species Clause: Limit one of each Pokémon
|rule|OHKO Clause: OHKO moves are banned
|rule|Evasion Items Clause: Evasion items are banned
|rule|Evasion Moves Clause: Evasion moves are banned
|rule|Evasion Abilities Clause: Evasion abilities are banned
|rule|Sleep Moves Clause: Sleep-inducing moves are banned
|clearpoke
|poke|p1|Salazzle, F|
|poke|p1|Bruxish, F|
|poke|p1|Sandaconda, F|
|poke|p1|Cryogonal|
|poke|p1|Frosmoth, M|
|poke|p1|Krookodile, M|
|poke|p2|Dondozo, M|
|poke|p2|Blissey, F|
|poke|p2|Gliscor, F|
|poke|p2|Toxapex, F|
|poke|p2|Mandibuzz, F|
|poke|p2|Talonflame, M|
|teampreview
|inactive|Battle timer is ON: inactive players will automatically lose when time's up. (requested by emborfire90)
|
|t:|1779880321
|teamsize|p1|6
|teamsize|p2|6
|start
|switch|p1a: Salazzle|Salazzle, F|100/100
|switch|p2a: Mandibuzz|Mandibuzz, F|100/100
|turn|1
|
|t:|1779880333
|move|p1a: Salazzle|Nasty Plot|p1a: Salazzle
|-boost|p1a: Salazzle|spa|2
|move|p2a: Mandibuzz|Knock Off|p1a: Salazzle
|-damage|p1a: Salazzle|53/100
|-enditem|p1a: Salazzle|Heavy-Duty Boots|[from] move: Knock Off|[of] p2a: Mandibuzz
|
|upkeep
|turn|2
|
|t:|1779880358
|move|p1a: Salazzle|Toxic|p2a: Mandibuzz
|-status|p2a: Mandibuzz|tox
|move|p2a: Mandibuzz|Knock Off|p1a: Salazzle
|-damage|p1a: Salazzle|24/100
|
|-damage|p2a: Mandibuzz|94/100 tox|[from] psn
|upkeep
|turn|3
|
|t:|1779880366
|switch|p2a: Toxapex|Toxapex, F|100/100
|move|p1a: Salazzle|Fire Blast|p2a: Toxapex
|-resisted|p2a: Toxapex
|-damage|p2a: Toxapex|63/100
|
|-heal|p2a: Toxapex|69/100|[from] item: Black Sludge
|upkeep
|turn|4
|
|t:|1779880380
|switch|p1a: Bruxish|Bruxish, F|100/100
|move|p2a: Toxapex|Surf|p1a: Bruxish
|-resisted|p1a: Bruxish
|-damage|p1a: Bruxish|85/100
|
|-heal|p2a: Toxapex|75/100|[from] item: Black Sludge
|upkeep
|turn|5
|
|t:|1779880391
|move|p1a: Bruxish|Psychic Fangs|p2a: Toxapex
|-supereffective|p2a: Toxapex
|-damage|p2a: Toxapex|0 fnt
|faint|p2a: Toxapex
|
|upkeep
|
|t:|1779880396
|switch|p2a: Talonflame|Talonflame, M|100/100
|turn|6
|
|t:|1779880404
|switch|p2a: Dondozo|Dondozo, M|100/100
|move|p1a: Bruxish|Psychic Fangs|p2a: Dondozo
|-damage|p2a: Dondozo|63/100
|
|-heal|p2a: Dondozo|69/100|[from] item: Leftovers
|upkeep
|turn|7
|inactive|suricato62 has 120 seconds left.
|
|t:|1779880455
|switch|p1a: Cryogonal|Cryogonal|100/100
|move|p2a: Dondozo|Rest|p2a: Dondozo
|-status|p2a: Dondozo|slp|[from] move: Rest
|-heal|p2a: Dondozo|100/100 slp|[silent]
|
|upkeep
|turn|8
|
|t:|1779880464
|move|p1a: Cryogonal|Freeze-Dry|p2a: Dondozo
|-supereffective|p2a: Dondozo
|-damage|p2a: Dondozo|55/100 slp
|cant|p2a: Dondozo|slp
|move|p2a: Dondozo|Sleep Talk|p2a: Dondozo
|move|p2a: Dondozo|Rest||[from] move: Sleep Talk|[still]
|-fail|p2a: Dondozo
|
|-heal|p2a: Dondozo|61/100 slp|[from] item: Leftovers
|upkeep
|turn|9
|
|t:|1779880475
|switch|p2a: Talonflame|Talonflame, M|100/100
|move|p1a: Cryogonal|Freeze-Dry|p2a: Talonflame
|-damage|p2a: Talonflame|70/100
|
|upkeep
|turn|10
|
|t:|1779880486
|switch|p1a: Bruxish|Bruxish, F|85/100
|move|p2a: Talonflame|Overheat|p1a: Bruxish
|-resisted|p1a: Bruxish
|-damage|p1a: Bruxish|57/100
|-unboost|p2a: Talonflame|spa|2
|
|upkeep
|turn|11
|
|t:|1779880499
|switch|p2a: Blissey|Blissey, F|100/100
|move|p1a: Bruxish|Wave Crash|p2a: Blissey
|-damage|p2a: Blissey|19/100
|-damage|p1a: Bruxish|0 fnt|[from] Recoil
|faint|p1a: Bruxish
|
|-heal|p2a: Blissey|25/100|[from] item: Leftovers
|upkeep
|
|t:|1779880515
|switch|p1a: Frosmoth|Frosmoth, M|100/100
|turn|12
|
|t:|1779880528
|move|p1a: Frosmoth|Bug Buzz|p2a: Blissey
|-damage|p2a: Blissey|13/100
|move|p2a: Blissey|Soft-Boiled|p2a: Blissey
|-heal|p2a: Blissey|63/100
|
|-heal|p2a: Blissey|69/100|[from] item: Leftovers
|upkeep
|turn|13
|
|t:|1779880539
|move|p1a: Frosmoth|Quiver Dance|p1a: Frosmoth
|-boost|p1a: Frosmoth|spa|1
|-boost|p1a: Frosmoth|spd|1
|-boost|p1a: Frosmoth|spe|1
|move|p2a: Blissey|Soft-Boiled|p2a: Blissey
|-heal|p2a: Blissey|100/100
|
|upkeep
|turn|14
|
|t:|1779880547
|move|p1a: Frosmoth|Quiver Dance|p1a: Frosmoth
|-boost|p1a: Frosmoth|spa|1
|-boost|p1a: Frosmoth|spd|1
|-boost|p1a: Frosmoth|spe|1
|move|p2a: Blissey|Stealth Rock|p1a: Frosmoth
|-sidestart|p1: suricato62|move: Stealth Rock
|
|upkeep
|turn|15
|
|t:|1779880559
|-terastallize|p1a: Frosmoth|Ice
|move|p1a: Frosmoth|Ice Beam|p2a: Blissey
|-crit|p2a: Blissey
|-damage|p2a: Blissey|52/100
|move|p2a: Blissey|Calm Mind|p2a: Blissey
|-boost|p2a: Blissey|spa|1
|-boost|p2a: Blissey|spd|1
|
|-heal|p2a: Blissey|59/100|[from] item: Leftovers
|upkeep
|turn|16
|
|t:|1779880567
|move|p1a: Frosmoth|Ice Beam|p2a: Blissey
|-damage|p2a: Blissey|39/100
|move|p2a: Blissey|Soft-Boiled|p2a: Blissey
|-heal|p2a: Blissey|89/100
|
|-heal|p2a: Blissey|95/100|[from] item: Leftovers
|upkeep
|turn|17
|
|t:|1779880574
|move|p1a: Frosmoth|Bug Buzz|p2a: Blissey
|-damage|p2a: Blissey|80/100
|move|p2a: Blissey|Alluring Voice|p1a: Frosmoth
|-damage|p1a: Frosmoth|94/100
|
|-heal|p2a: Blissey|86/100|[from] item: Leftovers
|upkeep
|turn|18
|inactive|suricato62 has 120 seconds left.
|
|t:|1779880587
|switch|p1a: Krookodile|Krookodile, M|100/100
|-damage|p1a: Krookodile|94/100|[from] Stealth Rock
|move|p2a: Blissey|Calm Mind|p2a: Blissey
|-boost|p2a: Blissey|spa|1
|-boost|p2a: Blissey|spd|1
|
|-heal|p2a: Blissey|93/100|[from] item: Leftovers
|upkeep
|turn|19
|inactive|suricato62 has 120 seconds left.
|
|t:|1779880598
|-terastallize|p2a: Blissey|Dark
|move|p1a: Krookodile|Close Combat|p2a: Blissey
|-supereffective|p2a: Blissey
|-damage|p2a: Blissey|17/100
|-unboost|p1a: Krookodile|def|1
|-unboost|p1a: Krookodile|spd|1
|move|p2a: Blissey|Calm Mind|p2a: Blissey
|-boost|p2a: Blissey|spa|1
|-boost|p2a: Blissey|spd|1
|
|-heal|p2a: Blissey|24/100|[from] item: Leftovers
|upkeep
|turn|20
|inactive|suricato62 has 120 seconds left.
|
|t:|1779880610
|move|p1a: Krookodile|Close Combat|p2a: Blissey
|-supereffective|p2a: Blissey
|-damage|p2a: Blissey|0 fnt
|-unboost|p1a: Krookodile|def|1
|-unboost|p1a: Krookodile|spd|1
|faint|p2a: Blissey
|-ability|p1a: Krookodile|Moxie|boost
|-boost|p1a: Krookodile|atk|1
|
|upkeep
|
|t:|1779880617
|switch|p2a: Talonflame|Talonflame, M|70/100
|turn|21
|inactive|suricato62 has 120 seconds left.
|
|t:|1779880638
|switch|p1a: Sandaconda|Sandaconda, F|100/100
|-damage|p1a: Sandaconda|94/100|[from] Stealth Rock
|move|p2a: Talonflame|Will-O-Wisp|p1a: Sandaconda
|-status|p1a: Sandaconda|brn
|
|-heal|p1a: Sandaconda|100/100 brn|[from] item: Leftovers
|-damage|p1a: Sandaconda|94/100 brn|[from] brn
|upkeep
|turn|22
|
|t:|1779880651
|switch|p2a: Gliscor|Gliscor, F|100/100
|move|p1a: Sandaconda|Glare|p2a: Gliscor
|-status|p2a: Gliscor|par
|
|-heal|p1a: Sandaconda|100/100 brn|[from] item: Leftovers
|-damage|p1a: Sandaconda|94/100 brn|[from] brn
|upkeep
|turn|23
|l|☆suricato62
|inactive|suricato62 disconnected and has a minute to reconnect!
|player|p1|
|inactive|suricato62 has 30 seconds to reconnect!
|inactive|suricato62 has 20 seconds to reconnect!
|inactive|suricato62 has 15 seconds to reconnect!
|inactive|suricato62 has 10 seconds to reconnect!
|inactive|suricato62 has 5 seconds to reconnect!
|-message|suricato62 lost due to inactivity.
|
|win|emborfire90
|raw|suricato62's rating: 1075 &rarr; <strong>1054</strong><br />(-21 for losing)
|raw|emborfire90's rating: 1071 &rarr; <strong>1101</strong><br />(+30 for winning)
|c|☆emborfire90|!weakness Psychc
No Pokémon or type named 'Psychc' was found. Searching for 'Psychic' instead.
|c| emborfire90|/raw <div class="infobox">Psychic:<br /><span class="message-effect-weak">Weaknesses</span>: Bug, Dark, Ghost<br /><span class="message-effect-resist">Resistances</span>: Fighting, Psychic<br /><span class="message-effect-immune">Immunities</span>: <span class="gray">None</span></div>
|l|☆emborfire90
|player|p2|
