|j|☆onionxking
|j|☆Usual Used?
|t:|1779883615
|gametype|singles
|player|p1|onionxking|pokemaniac|1296
|player|p2|Usual Used?|waitress-gen4|1340
|gen|9
|tier|[Gen 9] OU
|rated|
|rule|HP Percentage Mod: HP is shown in percentages
|rule|Endless Battle Clause: Forcing endless battles is banned
|rule|Species Clause: Limit one of each Pokémon
|rule|OHKO Clause: OHKO moves are banned
|rule|Evasion Items Clause: Evasion items are banned
|rule|Evasion Moves Clause: Evasion moves are banned
|rule|Evasion Abilities Clause: Evasion abilities are banned
|rule|Sleep Moves Clause: Sleep-inducing moves are banned
|clearpoke
|poke|p1|Darkrai|
|poke|p1|Iron Valiant|
|poke|p1|Gholdengo|
|poke|p1|Zamazenta-*|
|poke|p1|Weezing-Galar, M|
|poke|p1|Ogerpon-Wellspring, F|
|poke|p2|Scizor, M|
|poke|p2|Latios, M|
|poke|p2|Sandy Shocks|
|poke|p2|Manaphy|
|poke|p2|Iron Valiant|
|poke|p2|Ogerpon, F|
|teampreview
|inactive|Battle timer is ON: inactive players will automatically lose when time's up. (requested by onionxking)
|
|t:|1779883621
|teamsize|p1|6
|teamsize|p2|6
|start
|switch|p1a: Weezing|Weezing-Galar, M, shiny|100/100
|switch|p2a: Sandy Shocks|Sandy Shocks|100/100
|-ability|p1a: Weezing|Neutralizing Gas
|turn|1
|
|t:|1779883636
|-end|p1a: Weezing|ability: Neutralizing Gas
|switch|p1a: Zamazenta|Zamazenta|100/100
|-enditem|p2a: Sandy Shocks|Booster Energy
|-activate|p2a: Sandy Shocks|ability: Protosynthesis|[fromitem]
|-start|p2a: Sandy Shocks|protosynthesisspe
|-ability|p1a: Zamazenta|Dauntless Shield|boost
|-boost|p1a: Zamazenta|def|1
|move|p2a: Sandy Shocks|Stealth Rock|p1a: Zamazenta
|-sidestart|p1: onionxking|move: Stealth Rock
|
|upkeep
|turn|2
|
|t:|1779883649
|move|p2a: Sandy Shocks|Discharge|p1a: Zamazenta
|-damage|p1a: Zamazenta|72/100
|-status|p1a: Zamazenta|par
|move|p1a: Zamazenta|Light Screen|p1a: Zamazenta
|-sidestart|p1: onionxking|move: Light Screen
|
|upkeep
|turn|3
|
|t:|1779883659
|move|p2a: Sandy Shocks|Spikes|p1a: Zamazenta
|-sidestart|p1: onionxking|Spikes
|move|p1a: Zamazenta|Reflect|p1a: Zamazenta
|-sidestart|p1: onionxking|Reflect
|
|upkeep
|turn|4
|
|t:|1779883669
|switch|p1a: Darkrai|Darkrai, shiny|100/100
|-damage|p1a: Darkrai|88/100|[from] Stealth Rock
|-damage|p1a: Darkrai|76/100|[from] Spikes
|move|p2a: Sandy Shocks|Spikes|p1a: Darkrai
|-sidestart|p1: onionxking|Spikes
|
|upkeep
|turn|5
|
|t:|1779883677
|move|p2a: Sandy Shocks|Discharge|p1a: Darkrai
|-damage|p1a: Darkrai|59/100
|move|p1a: Darkrai|Ice Beam|p2a: Sandy Shocks
|-supereffective|p2a: Sandy Shocks
|-damage|p2a: Sandy Shocks|22/100
|
|upkeep
|turn|6
|
|t:|1779883683
|move|p2a: Sandy Shocks|Discharge|p1a: Darkrai
|-damage|p1a: Darkrai|42/100
|-status|p1a: Darkrai|par
|move|p1a: Darkrai|Dark Pulse|p2a: Sandy Shocks
|-damage|p2a: Sandy Shocks|0 fnt
|faint|p2a: Sandy Shocks
|-end|p2a: Sandy Shocks|Protosynthesis|[silent]
|
|upkeep
|
|t:|1779883710
|switch|p2a: Manaphy|Manaphy|100/100
|turn|7
|
|t:|1779883715
|move|p2a: Manaphy|Tail Glow|p2a: Manaphy
|-boost|p2a: Manaphy|spa|3
|cant|p1a: Darkrai|par
|
|upkeep
|turn|8
|
|t:|1779883725
|move|p2a: Manaphy|Surf|p1a: Darkrai
|-damage|p1a: Darkrai|0 fnt
|faint|p1a: Darkrai
|
|upkeep
|
|t:|1779883728
|switch|p1a: Weezing|Weezing-Galar, M, shiny|100/100
|-ability|p1a: Weezing|Neutralizing Gas
|turn|9
|
|t:|1779883741
|move|p2a: Manaphy|Surf|p1a: Weezing
|-damage|p1a: Weezing|39/100
|move|p1a: Weezing|Defog|p2a: Manaphy
|-unboost|p2a: Manaphy|evasion|1
|-sideend|p1: onionxking|Spikes|[from] move: Defog|[of] p1a: Weezing
|-sideend|p1: onionxking|Stealth Rock|[from] move: Defog|[of] p1a: Weezing
|
|-sideend|p1: onionxking|move: Light Screen
|upkeep
|turn|10
|
|t:|1779883751
|-end|p1a: Weezing|ability: Neutralizing Gas
|switch|p1a: Ogerpon|Ogerpon-Wellspring, F|100/100
|move|p2a: Manaphy|Substitute|p2a: Manaphy
|-start|p2a: Manaphy|Substitute
|-damage|p2a: Manaphy|76/100
|
|-sideend|p1: onionxking|Reflect
|upkeep
|turn|11
|
|t:|1779883760
|-terastallize|p2a: Manaphy|Grass
|move|p1a: Ogerpon|Horn Leech|p2a: Manaphy
|-resisted|p2a: Manaphy
|-activate|p2a: Manaphy|move: Substitute|[damage]
|move|p2a: Manaphy|Energy Ball|p1a: Ogerpon
|-damage|p1a: Ogerpon|0 fnt
|faint|p1a: Ogerpon
|
|upkeep
|
|t:|1779883771
|switch|p1a: Gholdengo|Gholdengo|100/100
|turn|12
|
|t:|1779883774
|move|p2a: Manaphy|Surf|p1a: Gholdengo
|-damage|p1a: Gholdengo|11/100
|move|p1a: Gholdengo|Shadow Ball|p2a: Manaphy
|-end|p2a: Manaphy|Substitute
|
|upkeep
|turn|13
|
|t:|1779883778
|move|p2a: Manaphy|Surf|p1a: Gholdengo
|-damage|p1a: Gholdengo|0 fnt
|faint|p1a: Gholdengo
|
|upkeep
|
|t:|1779883781
|switch|p1a: Zamazenta|Zamazenta|72/100 par
|turn|14
|
|t:|1779883783
|move|p2a: Manaphy|Surf|p1a: Zamazenta
|-damage|p1a: Zamazenta|0 fnt
|faint|p1a: Zamazenta
|
|upkeep
|
|t:|1779883785
|switch|p1a: Iron Valiant|Iron Valiant|100/100
|-enditem|p1a: Iron Valiant|Booster Energy
|-activate|p1a: Iron Valiant|ability: Quark Drive|[fromitem]
|-start|p1a: Iron Valiant|quarkdrivespe
|turn|15
|
|t:|1779883788
|move|p1a: Iron Valiant|Moonblast|p2a: Manaphy
|-damage|p2a: Manaphy|33/100
|-enditem|p2a: Manaphy|Sitrus Berry|[eat]
|-heal|p2a: Manaphy|58/100|[from] item: Sitrus Berry
|move|p2a: Manaphy|Surf|p1a: Iron Valiant
|-damage|p1a: Iron Valiant|0 fnt
|faint|p1a: Iron Valiant
|-end|p1a: Iron Valiant|Quark Drive|[silent]
|
|upkeep
|-message|onionxking forfeited.
|
|win|Usual Used?
|raw|onionxking's rating: 1296 &rarr; <strong>1274</strong><br />(-22 for losing)
|raw|Usual Used?'s rating: 1340 &rarr; <strong>1357</strong><br />(+17 for winning)
|l|☆onionxking
|player|p1|
