|j|☆claudechamp
|j|☆Terminn
|t:|1779887195
|gametype|singles
|player|p1|claudechamp|169|1231
|player|p2|Terminn|wallace|1180
|gen|9
|tier|[Gen 9] OU
|rated|
|rule|HP Percentage Mod: HP is shown in percentages
|rule|Endless Battle Clause: Forcing endless battles is banned
|rule|Species Clause: Limit one of each Pokémon
|rule|OHKO Clause: OHKO moves are banned
|rule|Evasion Items Clause: Evasion items are banned
|rule|Evasion Moves Clause: Evasion moves are banned
|rule|Evasion Abilities Clause: Evasion abilities are banned
|rule|Sleep Moves Clause: Sleep-inducing moves are banned
|clearpoke
|poke|p1|Gliscor, F|
|poke|p1|Ogerpon, F|
|poke|p1|Walking Wake|
|poke|p1|Blissey, F|
|poke|p1|Corviknight, M|
|poke|p1|Pecharunt|
|poke|p2|Blaziken, M|
|poke|p2|Samurott-Hisui, M|
|poke|p2|Dragapult, F|
|poke|p2|Great Tusk|
|poke|p2|Hatterene, F|
|poke|p2|Kingambit, M|
|teampreview
|c|☆claudechamp|hf
|
|t:|1779887200
|teamsize|p1|6
|teamsize|p2|6
|start
|switch|p1a: Gliscor|Gliscor, F|100/100
|switch|p2a: Clacla|Samurott-Hisui, M|100/100
|turn|1
|inactive|Battle timer is ON: inactive players will automatically lose when time's up. (requested by claudechamp)
|c|☆Terminn|glhf
|
|t:|1779887223
|move|p2a: Clacla|Aqua Cutter|p1a: Gliscor
|-supereffective|p1a: Gliscor
|-crit|p1a: Gliscor
|-damage|p1a: Gliscor|0 fnt
|faint|p1a: Gliscor
|
|upkeep
|
|t:|1779887234
|switch|p1a: Walking Wake|Walking Wake|100/100
|turn|2
|
|t:|1779887245
|switch|p2a: Minerva|Hatterene, F|100/100
|move|p1a: Walking Wake|Surf|p2a: Minerva
|-damage|p2a: Minerva|42/100
|
|-heal|p2a: Minerva|48/100|[from] item: Leftovers
|upkeep
|turn|3
|inactive|Terminn has 120 seconds left.
|
|t:|1779887290
|switch|p2a: Clacla|Samurott-Hisui, M|100/100
|move|p1a: Walking Wake|Surf|p2a: Clacla
|-resisted|p2a: Clacla
|-crit|p2a: Clacla
|-damage|p2a: Clacla|51/100
|
|upkeep
|turn|4
|
|t:|1779887301
|move|p2a: Clacla|Ceaseless Edge|p1a: Walking Wake
|-damage|p1a: Walking Wake|49/100
|-sidestart|p1: claudechamp|Spikes
|move|p1a: Walking Wake|Surf|p2a: Clacla
|-resisted|p2a: Clacla
|-damage|p2a: Clacla|20/100
|
|upkeep
|turn|5
|inactive|Terminn has 120 seconds left.
|
|t:|1779887307
|-end|p1a: Walking Wake|Protosynthesis|[silent]
|switch|p1a: Pecharunt|Pecharunt|100/100
|move|p2a: Clacla|Ceaseless Edge|p1a: Pecharunt
|-supereffective|p1a: Pecharunt
|-damage|p1a: Pecharunt|60/100
|-sidestart|p1: claudechamp|Spikes
|
|upkeep
|turn|6
|
|t:|1779887313
|move|p2a: Clacla|Ceaseless Edge|p1a: Pecharunt
|-supereffective|p1a: Pecharunt
|-damage|p1a: Pecharunt|16/100
|-sidestart|p1: claudechamp|Spikes
|move|p1a: Pecharunt|Malignant Chain|p2a: Clacla
|-damage|p2a: Clacla|0 fnt
|faint|p2a: Clacla
|
|upkeep
|
|t:|1779887322
|switch|p2a: Tout ou rien|Dragapult, F|100/100
|turn|7
|inactive|Terminn has 120 seconds left.
|
|t:|1779887343
|move|p2a: Tout ou rien|Draco Meteor|p1a: Pecharunt
|-damage|p1a: Pecharunt|0 fnt
|-unboost|p2a: Tout ou rien|spa|2
|faint|p1a: Pecharunt
|
|upkeep
|
|t:|1779887345
|switch|p1a: Ogerpon|Ogerpon, F|100/100
|turn|8
|
|t:|1779887351
|move|p2a: Tout ou rien|Draco Meteor|p1a: Ogerpon
|-damage|p1a: Ogerpon|50/100
|-unboost|p2a: Tout ou rien|spa|2
|move|p1a: Ogerpon|Ivy Cudgel|p2a: Tout ou rien
|-resisted|p2a: Tout ou rien
|-crit|p2a: Tout ou rien
|-damage|p2a: Tout ou rien|48/100
|
|upkeep
|turn|9
|inactive|Terminn has 120 seconds left.
|
|t:|1779887374
|switch|p2a: Broségali|Blaziken, M, shiny|100/100
|move|p1a: Ogerpon|Knock Off|p2a: Broségali
|-resisted|p2a: Broségali
|-damage|p2a: Broségali|76/100
|-enditem|p2a: Broségali|Leftovers|[from] move: Knock Off|[of] p1a: Ogerpon
|
|upkeep
|turn|10
|
|t:|1779887384
|move|p1a: Ogerpon|U-turn|p2a: Broségali
|-resisted|p2a: Broségali
|-damage|p2a: Broségali|67/100
|
|t:|1779887387
|switch|p1a: Corviknight|Corviknight, M|100/100|[from] U-turn
|-ability|p1a: Corviknight|Pressure
|move|p2a: Broségali|Swords Dance|p2a: Broségali
|-boost|p2a: Broségali|atk|2
|
|-ability|p2a: Broségali|Speed Boost|boost
|-boost|p2a: Broségali|spe|1
|upkeep
|turn|11
|
|t:|1779887396
|-terastallize|p1a: Corviknight|Ghost
|move|p2a: Broségali|Swords Dance|p2a: Broségali
|-boost|p2a: Broségali|atk|2
|move|p1a: Corviknight|Body Press|p2a: Broségali
|-damage|p2a: Broségali|26/100
|
|-ability|p2a: Broségali|Speed Boost|boost
|-boost|p2a: Broségali|spe|1
|upkeep
|turn|12
|
|t:|1779887407
|move|p2a: Broségali|Protect|p2a: Broségali
|-singleturn|p2a: Broségali|Protect
|move|p1a: Corviknight|Body Press|p2a: Broségali
|-activate|p2a: Broségali|move: Protect
|
|-ability|p2a: Broségali|Speed Boost|boost
|-boost|p2a: Broségali|spe|1
|upkeep
|turn|13
|
|t:|1779887415
|move|p2a: Broségali|Flare Blitz|p1a: Corviknight
|-damage|p1a: Corviknight|0 fnt
|faint|p1a: Corviknight
|-damage|p2a: Broségali|0 fnt|[from] Recoil
|faint|p2a: Broségali
|
|upkeep
|
|t:|1779887425
|switch|p2a: Der Elefant|Great Tusk|100/100
|switch|p1a: Walking Wake|Walking Wake|49/100
|turn|14
|
|t:|1779887447
|move|p1a: Walking Wake|Surf|p2a: Der Elefant
|-supereffective|p2a: Der Elefant
|-damage|p2a: Der Elefant|0 fnt
|faint|p2a: Der Elefant
|-end|p2a: Der Elefant|Protosynthesis|[silent]
|
|upkeep
|
|t:|1779887457
|switch|p2a: Tout ou rien|Dragapult, F|48/100
|turn|15
|
|t:|1779887465
|-end|p1a: Walking Wake|Protosynthesis|[silent]
|switch|p1a: Blissey|Blissey, F|100/100
|move|p2a: Tout ou rien|Draco Meteor|p1a: Blissey
|-damage|p1a: Blissey|77/100
|-unboost|p2a: Tout ou rien|spa|2
|
|upkeep
|turn|16
|
|t:|1779887473
|switch|p2a: Minerva|Hatterene, F|48/100
|move|p1a: Blissey|Calm Mind|p1a: Blissey
|-boost|p1a: Blissey|spa|1
|-boost|p1a: Blissey|spd|1
|
|-heal|p2a: Minerva|54/100|[from] item: Leftovers
|upkeep
|turn|17
|
|t:|1779887480
|move|p1a: Blissey|Seismic Toss|p2a: Minerva
|-damage|p2a: Minerva|15/100
|move|p2a: Minerva|Calm Mind|p2a: Minerva
|-boost|p2a: Minerva|spa|1
|-boost|p2a: Minerva|spd|1
|
|-heal|p2a: Minerva|21/100|[from] item: Leftovers
|upkeep
|turn|18
|
|t:|1779887490
|move|p1a: Blissey|Seismic Toss|p2a: Minerva
|-damage|p2a: Minerva|0 fnt
|faint|p2a: Minerva
|
|upkeep
|
|t:|1779887501
|switch|p2a: Tip|Kingambit, M|100/100
|-activate|p2a: Tip|ability: Supreme Overlord
|-start|p2a: Tip|fallen4|[silent]
|turn|19
|
|t:|1779887507
|move|p2a: Tip|Swords Dance|p2a: Tip
|-boost|p2a: Tip|atk|2
|move|p1a: Blissey|Stealth Rock|p2a: Tip
|-sidestart|p2: Terminn|move: Stealth Rock
|
|upkeep
|turn|20
|
|t:|1779887516
|move|p2a: Tip|Kowtow Cleave|p1a: Blissey
|-damage|p1a: Blissey|0 fnt
|faint|p1a: Blissey
|
|upkeep
|
|t:|1779887523
|switch|p1a: Walking Wake|Walking Wake|49/100
|turn|21
|
|t:|1779887533
|move|p2a: Tip|Sucker Punch|p1a: Walking Wake
|-damage|p1a: Walking Wake|0 fnt
|faint|p1a: Walking Wake
|-end|p1a: Walking Wake|Protosynthesis|[silent]
|
|upkeep
|
|t:|1779887542
|switch|p1a: Ogerpon|Ogerpon, F|50/100
|turn|22
|
|t:|1779887551
|move|p2a: Tip|Sucker Punch|p1a: Ogerpon
|-damage|p1a: Ogerpon|0 fnt
|faint|p1a: Ogerpon
|
|win|Terminn
|raw|claudechamp's rating: 1288 &rarr; <strong>1255</strong><br />(-33 for losing)
|raw|Terminn's rating: 1180 &rarr; <strong>1213</strong><br />(+33 for winning)
|c|☆claudechamp|gg
|c|☆Terminn|gg
|l|☆Terminn
|player|p2|
