|j|☆gymplacek123
|j|☆Davi2L
|t:|1779904848
|gametype|singles
|player|p1|gymplacek123|102|1133
|player|p2|Davi2L|102|1109
|gen|9
|tier|[Gen 9] OU
|rated|
|rule|HP Percentage Mod: HP is shown in percentages
|rule|Endless Battle Clause: Forcing endless battles is banned
|rule|Species Clause: Limit one of each Pokémon
|rule|OHKO Clause: OHKO moves are banned
|rule|Evasion Items Clause: Evasion items are banned
|rule|Evasion Moves Clause: Evasion moves are banned
|rule|Evasion Abilities Clause: Evasion abilities are banned
|rule|Sleep Moves Clause: Sleep-inducing moves are banned
|clearpoke
|poke|p1|Arbok, M|
|poke|p1|Gengar, M|
|poke|p1|Snorlax, F|
|poke|p1|Blaziken, F|
|poke|p1|Dragonite, F|
|poke|p1|Weezing, M|
|poke|p2|Raging Bolt|
|poke|p2|Dragapult, F|
|poke|p2|Iron Valiant|
|poke|p2|Kingambit, M|
|poke|p2|Gholdengo|
|poke|p2|Great Tusk|
|teampreview
|
|t:|1779904865
|teamsize|p1|6
|teamsize|p2|6
|start
|switch|p1a: Weezing|Weezing, M|100/100
|switch|p2a: Dragapult|Dragapult, F|100/100
|turn|1
|
|t:|1779904874
|move|p2a: Dragapult|Shadow Ball|p1a: Weezing
|-damage|p1a: Weezing|47/100
|move|p1a: Weezing|Toxic Spikes|p2a: Dragapult
|-sidestart|p2: Davi2L|move: Toxic Spikes
|
|-heal|p1a: Weezing|53/100|[from] item: Leftovers
|upkeep
|turn|2
|
|t:|1779904883
|-terastallize|p2a: Dragapult|Ghost
|move|p1a: Weezing|Protect|p1a: Weezing
|-singleturn|p1a: Weezing|Protect
|move|p2a: Dragapult|Shadow Ball|p1a: Weezing
|-activate|p1a: Weezing|move: Protect
|
|-heal|p1a: Weezing|59/100|[from] item: Leftovers
|upkeep
|turn|3
|
|t:|1779904893
|move|p2a: Dragapult|Draco Meteor|p1a: Weezing
|-damage|p1a: Weezing|0 fnt
|-unboost|p2a: Dragapult|spa|2
|faint|p1a: Weezing
|
|upkeep
|
|t:|1779904899
|switch|p1a: Dragonite|Dragonite, F|100/100
|turn|4
|
|t:|1779904908
|switch|p2a: Great Tusk|Great Tusk|100/100
|move|p1a: Dragonite|Dragon Tail|p2a: Great Tusk
|-damage|p2a: Great Tusk|80/100
|-end|p2a: Great Tusk|Protosynthesis|[silent]
|drag|p2a: Raging Bolt|Raging Bolt|100/100
|
|upkeep
|turn|5
|
|t:|1779904918
|move|p1a: Dragonite|Dragon Claw|p2a: Raging Bolt
|-supereffective|p2a: Raging Bolt
|-damage|p2a: Raging Bolt|26/100
|move|p2a: Raging Bolt|Draco Meteor|p1a: Dragonite
|-supereffective|p1a: Dragonite
|-damage|p1a: Dragonite|0 fnt
|-unboost|p2a: Raging Bolt|spa|2
|faint|p1a: Dragonite
|
|upkeep
|
|t:|1779904927
|switch|p1a: Blaziken|Blaziken, F|100/100
|turn|6
|
|t:|1779904932
|-end|p2a: Raging Bolt|Protosynthesis|[silent]
|switch|p2a: Great Tusk|Great Tusk|80/100
|move|p1a: Blaziken|Earthquake|p2a: Great Tusk
|-damage|p2a: Great Tusk|63/100
|
|upkeep
|turn|7
|
|t:|1779904943
|switch|p1a: Snorlax|Snorlax, F|100/100
|move|p2a: Great Tusk|Earthquake|p1a: Snorlax
|-crit|p1a: Snorlax
|-damage|p1a: Snorlax|53/100
|
|upkeep
|turn|8
|
|t:|1779904951
|move|p1a: Snorlax|Protect|p1a: Snorlax
|-singleturn|p1a: Snorlax|Protect
|move|p2a: Great Tusk|Knock Off|p1a: Snorlax
|-activate|p1a: Snorlax|move: Protect
|
|upkeep
|turn|9
|
|t:|1779904959
|switch|p1a: Gengar|Gengar, M|100/100
|move|p2a: Great Tusk|Knock Off|p1a: Gengar
|-supereffective|p1a: Gengar
|-enditem|p1a: Gengar|Focus Sash
|-damage|p1a: Gengar|1/100
|
|upkeep
|turn|10
|
|t:|1779904971
|move|p1a: Gengar|Hex|p2a: Great Tusk
|-damage|p2a: Great Tusk|12/100
|move|p2a: Great Tusk|Stealth Rock|p1a: Gengar
|-sidestart|p1: gymplacek123|move: Stealth Rock
|
|upkeep
|turn|11
|
|t:|1779904977
|move|p1a: Gengar|Hex|p2a: Great Tusk
|-damage|p2a: Great Tusk|0 fnt
|faint|p2a: Great Tusk
|-end|p2a: Great Tusk|Protosynthesis|[silent]
|
|upkeep
|
|t:|1779904983
|switch|p2a: Dragapult|Dragapult, F, tera:Ghost|100/100
|-status|p2a: Dragapult|psn
|turn|12
|
|t:|1779904989
|move|p2a: Dragapult|Shadow Ball|p1a: Gengar
|-supereffective|p1a: Gengar
|-damage|p1a: Gengar|0 fnt
|-start|p2a: Dragapult|Disable|Shadow Ball|[from] ability: Cursed Body|[of] p1a: Gengar
|faint|p1a: Gengar
|
|-damage|p2a: Dragapult|88/100 psn|[from] psn
|upkeep
|
|t:|1779904999
|switch|p1a: Snorlax|Snorlax, F|53/100
|-damage|p1a: Snorlax|41/100|[from] Stealth Rock
|turn|13
|
|t:|1779905012
|move|p2a: Dragapult|Draco Meteor|p1a: Snorlax|[miss]
|-miss|p2a: Dragapult|p1a: Snorlax
|move|p1a: Snorlax|Rest|p1a: Snorlax
|-status|p1a: Snorlax|slp|[from] move: Rest
|-heal|p1a: Snorlax|100/100 slp|[silent]
|
|-damage|p2a: Dragapult|76/100 psn|[from] psn
|upkeep
|turn|14
|
|t:|1779905022
|switch|p2a: Kingambit|Kingambit, M|100/100
|-activate|p2a: Kingambit|ability: Supreme Overlord
|-start|p2a: Kingambit|fallen1|[silent]
|cant|p1a: Snorlax|slp
|
|upkeep
|turn|15
|
|t:|1779905032
|switch|p1a: Blaziken|Blaziken, F|100/100
|-damage|p1a: Blaziken|88/100|[from] Stealth Rock
|move|p2a: Kingambit|Low Kick|p1a: Blaziken
|-damage|p1a: Blaziken|52/100
|
|upkeep
|turn|16
|
|t:|1779905040
|-end|p2a: Kingambit|fallen1|[silent]
|switch|p2a: Iron Valiant|Iron Valiant|100/100
|-status|p2a: Iron Valiant|psn
|-enditem|p2a: Iron Valiant|Booster Energy
|-activate|p2a: Iron Valiant|ability: Quark Drive|[fromitem]
|-start|p2a: Iron Valiant|quarkdrivespe
|move|p1a: Blaziken|Earthquake|p2a: Iron Valiant
|-damage|p2a: Iron Valiant|68/100 psn
|
|-damage|p2a: Iron Valiant|56/100 psn|[from] psn
|upkeep
|turn|17
|
|t:|1779905051
|move|p1a: Blaziken|Protect|p1a: Blaziken
|-singleturn|p1a: Blaziken|Protect
|move|p2a: Iron Valiant|Psyshock|p1a: Blaziken
|-activate|p1a: Blaziken|move: Protect
|
|-damage|p2a: Iron Valiant|43/100 psn|[from] psn
|upkeep
|turn|18
|
|t:|1779905062
|move|p2a: Iron Valiant|Psyshock|p1a: Blaziken
|-supereffective|p1a: Blaziken
|-damage|p1a: Blaziken|0 fnt
|faint|p1a: Blaziken
|
|-damage|p2a: Iron Valiant|31/100 psn|[from] psn
|upkeep
|
|t:|1779905070
|switch|p1a: Snorlax|Snorlax, F|100/100 slp
|-damage|p1a: Snorlax|88/100 slp|[from] Stealth Rock
|turn|19
|
|t:|1779905078
|move|p2a: Iron Valiant|Close Combat|p1a: Snorlax
|-supereffective|p1a: Snorlax
|-damage|p1a: Snorlax|11/100 slp
|-unboost|p2a: Iron Valiant|def|1
|-unboost|p2a: Iron Valiant|spd|1
|-damage|p2a: Iron Valiant|14/100 psn|[from] item: Rocky Helmet|[of] p1a: Snorlax
|cant|p1a: Snorlax|slp
|
|-damage|p2a: Iron Valiant|2/100 psn|[from] psn
|upkeep
|turn|20
|
|t:|1779905086
|move|p2a: Iron Valiant|Close Combat|p1a: Snorlax
|-supereffective|p1a: Snorlax
|-damage|p1a: Snorlax|0 fnt
|-unboost|p2a: Iron Valiant|def|1
|-unboost|p2a: Iron Valiant|spd|1
|-damage|p2a: Iron Valiant|0 fnt|[from] item: Rocky Helmet|[of] p1a: Snorlax
|faint|p1a: Snorlax
|faint|p2a: Iron Valiant
|-end|p2a: Iron Valiant|Quark Drive|[silent]
|
|upkeep
|
|t:|1779905094
|switch|p2a: Raging Bolt|Raging Bolt|26/100
|switch|p1a: buřt|Arbok, M, shiny|100/100
|-damage|p1a: buřt|88/100|[from] Stealth Rock
|-ability|p1a: buřt|Intimidate|boost
|-unboost|p2a: Raging Bolt|atk|1
|turn|21
|
|t:|1779905103
|move|p2a: Raging Bolt|Thunderclap||[still]
|-fail|p2a: Raging Bolt
|move|p1a: buřt|Toxic|p2a: Raging Bolt
|-status|p2a: Raging Bolt|tox
|
|-damage|p2a: Raging Bolt|20/100 tox|[from] psn
|upkeep
|turn|22
|
|t:|1779905114
|move|p1a: buřt|Protect|p1a: buřt
|-singleturn|p1a: buřt|Protect
|move|p2a: Raging Bolt|Thunderclap||[still]
|-fail|p2a: Raging Bolt
|
|-damage|p2a: Raging Bolt|8/100 tox|[from] psn
|upkeep
|turn|23
|
|t:|1779905123
|move|p2a: Raging Bolt|Thunderclap|p1a: buřt
|-damage|p1a: buřt|32/100
|move|p1a: buřt|Dig||[still]
|-prepare|p1a: buřt|Dig
|
|-damage|p2a: Raging Bolt|0 fnt|[from] psn
|faint|p2a: Raging Bolt
|-end|p2a: Raging Bolt|Protosynthesis|[silent]
|upkeep
|
|t:|1779905126
|switch|p2a: Gholdengo|Gholdengo|100/100
|-item|p2a: Gholdengo|Air Balloon
|turn|24
|
|t:|1779905133
|move|p2a: Gholdengo|Shadow Ball|p1a: buřt|[miss]
|-miss|p2a: Gholdengo|p1a: buřt
|move|p1a: buřt|Dig|p2a: Gholdengo|[from] lockedmove
|-immune|p2a: Gholdengo
|
|upkeep
|turn|25
|
|t:|1779905142
|move|p1a: buřt|Protect|p1a: buřt
|-singleturn|p1a: buřt|Protect
|move|p2a: Gholdengo|Nasty Plot|p2a: Gholdengo
|-boost|p2a: Gholdengo|spa|2
|
|upkeep
|turn|26
|
|t:|1779905149
|move|p2a: Gholdengo|Nasty Plot|p2a: Gholdengo
|-boost|p2a: Gholdengo|spa|2
|move|p1a: buřt|Dig||[still]
|-prepare|p1a: buřt|Dig
|
|upkeep
|turn|27
|
|t:|1779905153
|move|p2a: Gholdengo|Nasty Plot|p2a: Gholdengo
|-boost|p2a: Gholdengo|spa|2
|move|p1a: buřt|Dig|p2a: Gholdengo|[from] lockedmove
|-immune|p2a: Gholdengo
|
|upkeep
|turn|28
|
|t:|1779905162
|move|p2a: Gholdengo|Make It Rain|p1a: buřt
|-damage|p1a: buřt|0 fnt
|-unboost|p2a: Gholdengo|spa|1
|faint|p1a: buřt
|
|win|Davi2L
|raw|gymplacek123's rating: 1133 &rarr; <strong>1106</strong><br />(-27 for losing)
|raw|Davi2L's rating: 1109 &rarr; <strong>1136</strong><br />(+27 for winning)
|l|☆gymplacek123
|player|p1|
|c|☆Davi2L|gg
|l|☆Davi2L
|player|p2|
