|j|☆fresh0
|j|☆Womanofthepeople
|t:|1779891622
|gametype|singles
|player|p1|fresh0|265|1494
|player|p2|Womanofthepeople|beauty-gen4dp|1481
|gen|9
|tier|[Gen 9] OU
|rated|
|rule|HP Percentage Mod: HP is shown in percentages
|rule|Endless Battle Clause: Forcing endless battles is banned
|rule|Species Clause: Limit one of each Pokémon
|rule|OHKO Clause: OHKO moves are banned
|rule|Evasion Items Clause: Evasion items are banned
|rule|Evasion Moves Clause: Evasion moves are banned
|rule|Evasion Abilities Clause: Evasion abilities are banned
|rule|Sleep Moves Clause: Sleep-inducing moves are banned
|clearpoke
|poke|p1|Kingambit, F|
|poke|p1|Hattrem, F|
|poke|p1|Iron Hands|
|poke|p1|Hatterene, F|
|poke|p1|Glastrier|
|poke|p1|Hydrapple, M|
|poke|p2|Okidogi, M|
|poke|p2|Iron Crown|
|poke|p2|Kingambit, F|
|poke|p2|Samurott-Hisui, M|
|poke|p2|Great Tusk|
|poke|p2|Alomomola, F|
|teampreview
|
|t:|1779891633
|teamsize|p1|6
|teamsize|p2|6
|start
|switch|p1a: Hattrem|Hattrem, F|100/100
|switch|p2a: Samurott|Samurott-Hisui, M|100/100
|turn|1
|
|t:|1779891637
|move|p2a: Samurott|Knock Off|p1a: Hattrem
|-supereffective|p1a: Hattrem
|-enditem|p1a: Hattrem|Focus Sash
|-damage|p1a: Hattrem|1/100
|move|p1a: Hattrem|Trick Room|p1a: Hattrem
|-fieldstart|move: Trick Room|[of] p1a: Hattrem
|
|upkeep
|turn|2
|inactive|Battle timer is ON: inactive players will automatically lose when time's up. (requested by fresh0)
|
|t:|1779891645
|move|p1a: Hattrem|Healing Wish|p1a: Hattrem
|faint|p1a: Hattrem
|move|p2a: Samurott|Ceaseless Edge|p1: Hattrem|[notarget]
|-fail|p2a: Samurott
|
|upkeep
|
|t:|1779891651
|switch|p1a: Iron Hands|Iron Hands|100/100
|turn|3
|
|t:|1779891658
|switch|p2a: Great Tusk|Great Tusk|100/100
|move|p1a: Iron Hands|Swords Dance|p1a: Iron Hands
|-boost|p1a: Iron Hands|atk|2
|
|upkeep
|turn|4
|
|t:|1779891665
|move|p1a: Iron Hands|Ice Punch|p2a: Great Tusk
|-supereffective|p2a: Great Tusk
|-damage|p2a: Great Tusk|2/100
|-damage|p1a: Iron Hands|84/100|[from] item: Rocky Helmet|[of] p2a: Great Tusk
|-damage|p1a: Iron Hands|74/100|[from] item: Life Orb
|move|p2a: Great Tusk|Headlong Rush|p1a: Iron Hands
|-supereffective|p1a: Iron Hands
|-damage|p1a: Iron Hands|8/100
|-unboost|p2a: Great Tusk|def|1
|-unboost|p2a: Great Tusk|spd|1
|
|upkeep
|turn|5
|
|t:|1779891679
|-end|p1a: Iron Hands|Quark Drive|[silent]
|switch|p1a: Hydrapple|Hydrapple, M|100/100
|move|p2a: Great Tusk|Stealth Rock|p1a: Hydrapple
|-sidestart|p1: fresh0|move: Stealth Rock
|
|-fieldend|move: Trick Room
|upkeep
|turn|6
|
|t:|1779891687
|move|p2a: Great Tusk|Ice Spinner|p1a: Hydrapple
|-supereffective|p1a: Hydrapple
|-damage|p1a: Hydrapple|31/100
|move|p1a: Hydrapple|Draco Meteor|p2a: Great Tusk
|-damage|p2a: Great Tusk|0 fnt
|-unboost|p1a: Hydrapple|spa|2
|faint|p2a: Great Tusk
|-end|p2a: Great Tusk|Protosynthesis|[silent]
|-enditem|p1a: Hydrapple|Eject Pack
|
|t:|1779891699
|switch|p1a: Iron Hands|Iron Hands|8/100
|-heal|p1a: Iron Hands|100/100|[from] move: Healing Wish
|-damage|p1a: Iron Hands|94/100|[from] Stealth Rock
|
|upkeep
|
|t:|1779891721
|switch|p2a: Iron Crown|Iron Crown|100/100
|turn|7
|inactive|fresh0 has 120 seconds left.
|
|t:|1779891752
|move|p2a: Iron Crown|Volt Switch|p1a: Iron Hands
|-resisted|p1a: Iron Hands
|-damage|p1a: Iron Hands|78/100
|
|t:|1779891763
|-end|p2a: Iron Crown|Quark Drive|[silent]
|switch|p2a: Okidogi|Okidogi, M|100/100|[from] Volt Switch
|move|p1a: Iron Hands|Wild Charge|p2a: Okidogi
|-damage|p2a: Okidogi|48/100
|-damage|p1a: Iron Hands|69/100|[from] Recoil
|-damage|p1a: Iron Hands|59/100|[from] item: Life Orb
|
|-heal|p2a: Okidogi|54/100|[from] item: Leftovers
|upkeep
|turn|8
|
|t:|1779891771
|move|p2a: Okidogi|Knock Off|p1a: Iron Hands
|-resisted|p1a: Iron Hands
|-damage|p1a: Iron Hands|50/100
|-enditem|p1a: Iron Hands|Life Orb|[from] move: Knock Off|[of] p2a: Okidogi
|move|p1a: Iron Hands|Wild Charge|p2a: Okidogi
|-damage|p2a: Okidogi|9/100
|-damage|p1a: Iron Hands|42/100|[from] Recoil
|
|-heal|p2a: Okidogi|15/100|[from] item: Leftovers
|upkeep
|turn|9
|
|t:|1779891778
|move|p2a: Okidogi|Drain Punch|p1a: Iron Hands
|-damage|p1a: Iron Hands|21/100
|-heal|p2a: Okidogi|29/100|[from] drain|[of] p1a: Iron Hands
|move|p1a: Iron Hands|Wild Charge|p2a: Okidogi
|-damage|p2a: Okidogi|0 fnt
|faint|p2a: Okidogi
|-damage|p1a: Iron Hands|16/100|[from] Recoil
|
|upkeep
|
|t:|1779891795
|switch|p2a: Iron Crown|Iron Crown|100/100
|turn|10
|
|t:|1779891810
|-end|p1a: Iron Hands|Quark Drive|[silent]
|switch|p1a: Kingambit|Kingambit, F|100/100
|-damage|p1a: Kingambit|94/100|[from] Stealth Rock
|-activate|p1a: Kingambit|ability: Supreme Overlord
|-start|p1a: Kingambit|fallen1|[silent]
|move|p2a: Iron Crown|Tachyon Cutter|p1a: Kingambit
|-resisted|p1a: Kingambit
|-damage|p1a: Kingambit|82/100
|-resisted|p1a: Kingambit
|-damage|p1a: Kingambit|69/100
|-hitcount|p1a: Kingambit|2
|
|upkeep
|turn|11
|
|t:|1779891827
|-end|p2a: Iron Crown|Quark Drive|[silent]
|switch|p2a: Alomomola|Alomomola, F|100/100
|-terastallize|p1a: Kingambit|Flying
|move|p1a: Kingambit|Kowtow Cleave|p2a: Alomomola
|-damage|p2a: Alomomola|72/100
|
|upkeep
|turn|12
|
|t:|1779891836
|-end|p1a: Kingambit|fallen1|[silent]
|switch|p1a: Hatterene|Hatterene, F|100/100
|-damage|p1a: Hatterene|88/100|[from] Stealth Rock
|move|p2a: Alomomola|Tickle|p1a: Hatterene
|move|p1a: Hatterene|Tickle|p2a: Alomomola|[from] ability: Magic Bounce
|-unboost|p2a: Alomomola|atk|1
|-unboost|p2a: Alomomola|def|1
|
|upkeep
|turn|13
|
|t:|1779891844
|move|p2a: Alomomola|Flip Turn|p1a: Hatterene
|-damage|p1a: Hatterene|77/100
|
|t:|1779891849
|switch|p2a: Iron Crown|Iron Crown|100/100|[from] Flip Turn
|move|p1a: Hatterene|Trick Room|p1a: Hatterene
|-fieldstart|move: Trick Room|[of] p1a: Hatterene
|
|upkeep
|turn|14
|
|t:|1779891858
|move|p1a: Hatterene|Healing Wish|p1a: Hatterene
|faint|p1a: Hatterene
|move|p2a: Iron Crown|Volt Switch|p1: Hatterene|[notarget]
|-fail|p2a: Iron Crown
|
|upkeep
|
|t:|1779891862
|switch|p1a: Glastrier|Glastrier|100/100
|-damage|p1a: Glastrier|76/100|[from] Stealth Rock
|turn|15
|
|t:|1779891868
|-end|p2a: Iron Crown|Quark Drive|[silent]
|switch|p2a: Alomomola|Alomomola, F|100/100
|move|p1a: Glastrier|High Horsepower|p2a: Alomomola
|-damage|p2a: Alomomola|74/100
|-damage|p1a: Glastrier|66/100|[from] item: Life Orb
|
|upkeep
|turn|16
|
|t:|1779891876
|switch|p1a: Hydrapple|Hydrapple, M|64/100
|-heal|p1a: Hydrapple|100/100|[from] move: Healing Wish
|-damage|p1a: Hydrapple|88/100|[from] Stealth Rock
|move|p2a: Alomomola|Flip Turn|p1a: Hydrapple
|-resisted|p1a: Hydrapple
|-damage|p1a: Hydrapple|85/100
|
|t:|1779891886
|switch|p2a: Iron Crown|Iron Crown|100/100|[from] Flip Turn
|
|upkeep
|turn|17
|
|t:|1779891893
|move|p1a: Hydrapple|Nasty Plot|p1a: Hydrapple
|-boost|p1a: Hydrapple|spa|2
|move|p2a: Iron Crown|Psyshock|p1a: Hydrapple
|-damage|p1a: Hydrapple|40/100
|
|-fieldend|move: Trick Room
|upkeep
|turn|18
|
|t:|1779891900
|move|p2a: Iron Crown|Psyshock|p1a: Hydrapple
|-damage|p1a: Hydrapple|0 fnt
|faint|p1a: Hydrapple
|
|upkeep
|-message|fresh0 forfeited.
|
|win|Womanofthepeople
|raw|fresh0's rating: 1494 &rarr; <strong>1473</strong><br />(-21 for losing)
|raw|Womanofthepeople's rating: 1481 &rarr; <strong>1502</strong><br />(+21 for winning)
|l|☆fresh0
|player|p1|
|l|☆Womanofthepeople
|player|p2|
