|j|☆LT02
|j|☆Almighty astraeus
|t:|1779965952
|gametype|singles
|player|p1|LT02|266|1397
|player|p2|Almighty astraeus|2|1339
|gen|9
|tier|[Gen 9] OU
|rated|
|rule|HP Percentage Mod: HP is shown in percentages
|rule|Endless Battle Clause: Forcing endless battles is banned
|rule|Species Clause: Limit one of each Pokémon
|rule|OHKO Clause: OHKO moves are banned
|rule|Evasion Items Clause: Evasion items are banned
|rule|Evasion Moves Clause: Evasion moves are banned
|rule|Evasion Abilities Clause: Evasion abilities are banned
|rule|Sleep Moves Clause: Sleep-inducing moves are banned
|clearpoke
|poke|p1|Porygon-Z|
|poke|p1|Zapdos|
|poke|p1|Slowking-Galar, F|
|poke|p1|Ting-Lu|
|poke|p1|Great Tusk|
|poke|p1|Corviknight, M|
|poke|p2|Araquanid, M|
|poke|p2|Lokix, F|
|poke|p2|Galvantula, M|
|poke|p2|Excadrill, M|
|poke|p2|Noivern, M|
|poke|p2|Arcanine-Hisui, M|
|teampreview
|inactive|Battle timer is ON: inactive players will automatically lose when time's up. (requested by LT02)
|
|t:|1779965973
|teamsize|p1|6
|teamsize|p2|6
|start
|switch|p1a: Zapdos|Zapdos|100/100
|switch|p2a: Faba|Araquanid, M, shiny|100/100
|turn|1
|
|t:|1779965978
|switch|p2a: Simon|Excadrill, M, shiny|100/100
|-ability|p2a: Simon|Mold Breaker
|move|p1a: Zapdos|Volt Switch|p2a: Simon
|-immune|p2a: Simon
|
|upkeep
|turn|2
|
|t:|1779965984
|switch|p1a: Corviknight|Corviknight, M|100/100
|-ability|p1a: Corviknight|Pressure
|move|p2a: Simon|Stealth Rock|p1a: Corviknight
|-sidestart|p1: LT02|move: Stealth Rock
|
|upkeep
|turn|3
|
|t:|1779965994
|switch|p2a: Zpidy|Galvantula, M, shiny|100/100
|move|p1a: Corviknight|U-turn|p2a: Zpidy
|-damage|p2a: Zpidy|76/100
|
|t:|1779966001
|switch|p1a: Great Tusk|Great Tusk|100/100|[from] U-turn
|-damage|p1a: Great Tusk|98/100|[from] Stealth Rock
|
|upkeep
|turn|4
|
|t:|1779966005
|move|p1a: Great Tusk|Headlong Rush|p2a: Zpidy
|-damage|p2a: Zpidy|0 fnt
|-unboost|p1a: Great Tusk|def|1
|-unboost|p1a: Great Tusk|spd|1
|faint|p2a: Zpidy
|
|upkeep
|
|t:|1779966014
|switch|p2a: Dick|Noivern, M|100/100
|turn|5
|
|t:|1779966018
|-end|p1a: Great Tusk|Protosynthesis|[silent]
|switch|p1a: Ting-Lu|Ting-Lu|100/100
|-damage|p1a: Ting-Lu|94/100|[from] Stealth Rock
|-ability|p1a: Ting-Lu|Vessel of Ruin
|move|p2a: Dick|Boomburst|p1a: Ting-Lu
|-crit|p1a: Ting-Lu
|-damage|p1a: Ting-Lu|70/100
|-enditem|p2a: Dick|Throat Spray
|-boost|p2a: Dick|spa|1|[from] item: Throat Spray
|
|-heal|p1a: Ting-Lu|76/100|[from] item: Leftovers
|upkeep
|turn|6
|
|t:|1779966024
|move|p2a: Dick|Boomburst|p1a: Ting-Lu
|-damage|p1a: Ting-Lu|53/100
|move|p1a: Ting-Lu|Whirlwind|p2a: Dick
|drag|p2a: Spike|Arcanine-Hisui, M|100/100
|
|-heal|p1a: Ting-Lu|59/100|[from] item: Leftovers
|upkeep
|turn|7
|
|t:|1779966041
|switch|p2a: PR|Lokix, F|100/100
|move|p1a: Ting-Lu|Ruination|p2a: PR
|-damage|p2a: PR|51/100
|
|-heal|p1a: Ting-Lu|65/100|[from] item: Leftovers
|upkeep
|turn|8
|
|t:|1779966046
|switch|p1a: Corviknight|Corviknight, M|100/100
|-damage|p1a: Corviknight|88/100|[from] Stealth Rock
|-ability|p1a: Corviknight|Pressure
|move|p2a: PR|Leech Life|p1a: Corviknight
|-resisted|p1a: Corviknight
|-damage|p1a: Corviknight|74/100
|-heal|p2a: PR|61/100|[from] drain|[of] p1a: Corviknight
|-damage|p2a: PR|44/100|[from] item: Rocky Helmet|[of] p1a: Corviknight
|-damage|p2a: PR|34/100|[from] item: Life Orb
|
|upkeep
|turn|9
|
|t:|1779966050
|move|p2a: PR|Knock Off|p1a: Corviknight
|-damage|p1a: Corviknight|38/100
|-damage|p2a: PR|18/100|[from] item: Rocky Helmet|[of] p1a: Corviknight
|-enditem|p1a: Corviknight|Rocky Helmet|[from] move: Knock Off|[of] p2a: PR
|-damage|p2a: PR|8/100|[from] item: Life Orb
|move|p1a: Corviknight|Defog|p2a: PR
|-unboost|p2a: PR|evasion|1
|-sideend|p1: LT02|Stealth Rock|[from] move: Defog|[of] p1a: Corviknight
|
|upkeep
|turn|10
|
|t:|1779966068
|switch|p2a: Faba|Araquanid, M, shiny|100/100
|move|p1a: Corviknight|Roost|p1a: Corviknight
|-heal|p1a: Corviknight|88/100
|-singleturn|p1a: Corviknight|move: Roost
|
|upkeep
|turn|11
|
|t:|1779966074
|move|p1a: Corviknight|Brave Bird|p2a: Faba
|-supereffective|p2a: Faba
|-damage|p2a: Faba|23/100
|-damage|p1a: Corviknight|66/100|[from] Recoil
|move|p2a: Faba|Liquidation|p1a: Corviknight
|-damage|p1a: Corviknight|4/100
|
|upkeep
|turn|12
|
|t:|1779966079
|move|p1a: Corviknight|U-turn|p2a: Faba
|-damage|p2a: Faba|7/100
|
|t:|1779966082
|switch|p1a: Zapdos|Zapdos|100/100|[from] U-turn
|move|p2a: Faba|Liquidation|p1a: Zapdos
|-crit|p1a: Zapdos
|-damage|p1a: Zapdos|0 fnt
|-status|p2a: Faba|par|[from] ability: Static|[of] p1a: Zapdos
|faint|p1a: Zapdos
|
|upkeep
|
|t:|1779966093
|switch|p1a: Ting-Lu|Ting-Lu|65/100
|-ability|p1a: Ting-Lu|Vessel of Ruin
|turn|13
|
|t:|1779966096
|move|p1a: Ting-Lu|Earthquake|p2a: Faba
|-resisted|p2a: Faba
|-damage|p2a: Faba|0 fnt
|faint|p2a: Faba
|
|-heal|p1a: Ting-Lu|71/100|[from] item: Leftovers
|upkeep
|
|t:|1779966100
|switch|p2a: PR|Lokix, F|8/100
|turn|14
|
|t:|1779966103
|switch|p1a: Great Tusk|Great Tusk|98/100
|move|p2a: PR|Leech Life|p1a: Great Tusk
|-resisted|p1a: Great Tusk
|-damage|p1a: Great Tusk|65/100
|-heal|p2a: PR|32/100|[from] drain|[of] p1a: Great Tusk
|-damage|p2a: PR|22/100|[from] item: Life Orb
|
|upkeep
|turn|15
|
|t:|1779966114
|switch|p2a: Dick|Noivern, M|100/100
|move|p1a: Great Tusk|Ice Spinner|p2a: Dick
|-supereffective|p2a: Dick
|-damage|p2a: Dick|0 fnt
|faint|p2a: Dick
|
|upkeep
|
|t:|1779966123
|switch|p2a: Spike|Arcanine-Hisui, M|100/100
|turn|16
|
|t:|1779966127
|-end|p1a: Great Tusk|Protosynthesis|[silent]
|switch|p1a: Corviknight|Corviknight, M|4/100
|-ability|p1a: Corviknight|Pressure
|move|p2a: Spike|Flare Blitz|p1a: Corviknight
|-supereffective|p1a: Corviknight
|-damage|p1a: Corviknight|0 fnt
|faint|p1a: Corviknight
|
|upkeep
|
|t:|1779966133
|switch|p1a: Great Tusk|Great Tusk|65/100
|turn|17
|
|t:|1779966136
|-terastallize|p2a: Spike|Normal
|move|p2a: Spike|Flare Blitz|p1a: Great Tusk
|-damage|p1a: Great Tusk|27/100
|move|p1a: Great Tusk|Headlong Rush|p2a: Spike
|-damage|p2a: Spike|24/100
|-unboost|p1a: Great Tusk|def|1
|-unboost|p1a: Great Tusk|spd|1
|
|upkeep
|turn|18
|
|t:|1779966142
|-end|p1a: Great Tusk|Protosynthesis|[silent]
|switch|p1a: Ting-Lu|Ting-Lu|71/100
|-ability|p1a: Ting-Lu|Vessel of Ruin
|move|p2a: Spike|Flare Blitz|p1a: Ting-Lu
|-damage|p1a: Ting-Lu|37/100
|
|-heal|p1a: Ting-Lu|44/100|[from] item: Leftovers
|upkeep
|turn|19
|
|t:|1779966158
|move|p2a: Spike|Flare Blitz|p1a: Ting-Lu
|-damage|p1a: Ting-Lu|14/100
|move|p1a: Ting-Lu|Earthquake|p2a: Spike
|-damage|p2a: Spike|0 fnt
|faint|p2a: Spike
|
|-heal|p1a: Ting-Lu|20/100|[from] item: Leftovers
|upkeep
|
|t:|1779966165
|switch|p2a: PR|Lokix, F|22/100
|turn|20
|
|t:|1779966171
|switch|p1a: Porygon-Z|Porygon-Z|100/100
|-ability|p1a: Porygon-Z|Download|boost
|-boost|p1a: Porygon-Z|spa|1
|move|p2a: PR|Leech Life|p1a: Porygon-Z
|-damage|p1a: Porygon-Z|24/100
|-heal|p2a: PR|64/100|[from] drain|[of] p1a: Porygon-Z
|-damage|p2a: PR|54/100|[from] item: Life Orb
|
|upkeep
|turn|21
|
|t:|1779966181
|move|p2a: PR|Sucker Punch|p1a: Porygon-Z
|-damage|p1a: Porygon-Z|0 fnt
|faint|p1a: Porygon-Z
|-damage|p2a: PR|44/100|[from] item: Life Orb
|
|upkeep
|
|t:|1779966186
|switch|p1a: Great Tusk|Great Tusk|27/100
|turn|22
|
|t:|1779966192
|switch|p2a: Simon|Excadrill, M, shiny|100/100
|-ability|p2a: Simon|Mold Breaker
|move|p1a: Great Tusk|Ice Spinner|p2a: Simon
|-damage|p2a: Simon|63/100
|
|upkeep
|turn|23
|
|t:|1779966197
|-end|p1a: Great Tusk|Protosynthesis|[silent]
|switch|p1a: Slowking|Slowking-Galar, F|100/100
|move|p2a: Simon|Earthquake|p1a: Slowking
|-supereffective|p1a: Slowking
|-damage|p1a: Slowking|0 fnt
|faint|p1a: Slowking
|
|upkeep
|
|t:|1779966201
|switch|p1a: Great Tusk|Great Tusk|27/100
|turn|24
|
|t:|1779966203
|move|p1a: Great Tusk|Headlong Rush|p2a: Simon
|-supereffective|p2a: Simon
|-damage|p2a: Simon|0 fnt
|-unboost|p1a: Great Tusk|def|1
|-unboost|p1a: Great Tusk|spd|1
|faint|p2a: Simon
|
|upkeep
|
|t:|1779966205
|switch|p2a: PR|Lokix, F|44/100
|turn|25
|
|t:|1779966207
|-end|p1a: Great Tusk|Protosynthesis|[silent]
|switch|p1a: Ting-Lu|Ting-Lu|20/100
|-ability|p1a: Ting-Lu|Vessel of Ruin
|move|p2a: PR|First Impression|p1a: Ting-Lu
|-supereffective|p1a: Ting-Lu
|-damage|p1a: Ting-Lu|0 fnt
|faint|p1a: Ting-Lu
|-damage|p2a: PR|34/100|[from] item: Life Orb
|
|upkeep
|
|t:|1779966209
|switch|p1a: Great Tusk|Great Tusk|27/100
|turn|26
|
|t:|1779966215
|move|p2a: PR|Sucker Punch|p1a: Great Tusk
|-resisted|p1a: Great Tusk
|-damage|p1a: Great Tusk|0 fnt
|faint|p1a: Great Tusk
|-end|p1a: Great Tusk|Protosynthesis|[silent]
|-damage|p2a: PR|25/100|[from] item: Life Orb
|
|win|Almighty astraeus
|raw|LT02's rating: 1397 &rarr; <strong>1374</strong><br />(-23 for losing)
|raw|Almighty astraeus's rating: 1339 &rarr; <strong>1362</strong><br />(+23 for winning)
|l|☆LT02
|player|p1|
|l|☆Almighty astraeus
|player|p2|
