|j|☆maxcondones
|j|☆sickofme
|t:|1779878432
|gametype|singles
|player|p1|maxcondones|102|1559
|player|p2|sickofme|miku-water|1604
|gen|9
|tier|[Gen 9] OU
|rated|
|rule|HP Percentage Mod: HP is shown in percentages
|rule|Endless Battle Clause: Forcing endless battles is banned
|rule|Species Clause: Limit one of each Pokémon
|rule|OHKO Clause: OHKO moves are banned
|rule|Evasion Items Clause: Evasion items are banned
|rule|Evasion Moves Clause: Evasion moves are banned
|rule|Evasion Abilities Clause: Evasion abilities are banned
|rule|Sleep Moves Clause: Sleep-inducing moves are banned
|clearpoke
|poke|p1|Excadrill, M|
|poke|p1|Landorus-Therian, M|
|poke|p1|Deoxys-Speed|
|poke|p1|Tyranitar, M|
|poke|p1|Tornadus-Therian, M|
|poke|p1|Hippowdon, F|
|poke|p2|Alomomola, L99, F|
|poke|p2|Landorus-Therian, M|
|poke|p2|Kyurem|
|poke|p2|Great Tusk|
|poke|p2|Slowking-Galar, M|
|poke|p2|Heatran, F|
|teampreview
|
|t:|1779878443
|teamsize|p1|6
|teamsize|p2|6
|start
|switch|p1a: Deoxys|Deoxys-Speed|100/100
|switch|p2a: Heatran|Heatran, F|100/100
|-ability|p1a: Deoxys|Pressure
|turn|1
|inactive|Battle timer is ON: inactive players will automatically lose when time's up. (requested by sickofme)
|
|t:|1779878448
|move|p1a: Deoxys|Superpower|p2a: Heatran
|-supereffective|p2a: Heatran
|-damage|p2a: Heatran|42/100
|-unboost|p1a: Deoxys|atk|1
|-unboost|p1a: Deoxys|def|1
|-enditem|p1a: Deoxys|Eject Pack
|
|t:|1779878455
|switch|p1a: Tyranitar|Tyranitar, M|100/100
|-weather|Sandstorm|[from] ability: Sand Stream|[of] p1a: Tyranitar
|move|p2a: Heatran|Magma Storm|p1a: Tyranitar
|-resisted|p1a: Tyranitar
|-damage|p1a: Tyranitar|91/100
|-activate|p1a: Tyranitar|move: Magma Storm|[of] p2a: Heatran
|-enditem|p1a: Tyranitar|Eject Button
|
|t:|1779878462
|switch|p1a: Deoxys|Deoxys-Speed|100/100
|-ability|p1a: Deoxys|Pressure
|
|-weather|Sandstorm|[upkeep]
|-damage|p1a: Deoxys|94/100|[from] Sandstorm
|-heal|p2a: Heatran|49/100|[from] item: Leftovers
|upkeep
|turn|2
|
|t:|1779878474
|move|p2a: Heatran|Protect|p2a: Heatran
|-singleturn|p2a: Heatran|Protect
|move|p1a: Deoxys|Psycho Boost|p2a: Heatran
|-activate|p2a: Heatran|move: Protect
|
|-weather|Sandstorm|[upkeep]
|-damage|p1a: Deoxys|88/100|[from] Sandstorm
|-heal|p2a: Heatran|55/100|[from] item: Leftovers
|upkeep
|turn|3
|
|t:|1779878476
|switch|p2a: Alomomola|Alomomola, L99, F|100/100
|move|p1a: Deoxys|Superpower|p2a: Alomomola
|-damage|p2a: Alomomola|77/100
|-unboost|p1a: Deoxys|atk|1
|-unboost|p1a: Deoxys|def|1
|
|-weather|Sandstorm|[upkeep]
|-damage|p1a: Deoxys|82/100|[from] Sandstorm
|-damage|p2a: Alomomola|71/100|[from] Sandstorm
|upkeep
|turn|4
|
|t:|1779878481
|move|p1a: Deoxys|Gravity|p1a: Deoxys
|-fieldstart|move: Gravity
|move|p2a: Alomomola|Flip Turn|p1a: Deoxys
|-damage|p1a: Deoxys|44/100
|
|t:|1779878509
|switch|p2a: Landorus|Landorus-Therian, M|100/100|[from] Flip Turn
|-ability|p2a: Landorus|Intimidate|boost
|-unboost|p1a: Deoxys|atk|1
|
|-weather|Sandstorm|[upkeep]
|-damage|p1a: Deoxys|38/100|[from] Sandstorm
|upkeep
|turn|5
|
|t:|1779878513
|move|p2a: Landorus|U-turn|p1a: Deoxys
|-supereffective|p1a: Deoxys
|-damage|p1a: Deoxys|0 fnt
|faint|p1a: Deoxys
|
|t:|1779878517
|switch|p2a: Heatran|Heatran, F|55/100|[from] U-turn
|
|-weather|none
|-heal|p2a: Heatran|61/100|[from] item: Leftovers
|upkeep
|
|t:|1779878520
|switch|p1a: Excadrill|Excadrill, M|100/100
|turn|6
|
|t:|1779878548
|switch|p1a: Tyranitar|Tyranitar, M|91/100
|-weather|Sandstorm|[from] ability: Sand Stream|[of] p1a: Tyranitar
|switch|p2a: Great Tusk|Great Tusk|100/100
|
|-weather|Sandstorm|[upkeep]
|upkeep
|turn|7
|
|t:|1779878554
|switch|p1a: Landorus|Landorus-Therian, M|100/100
|-ability|p1a: Landorus|Intimidate|boost
|-unboost|p2a: Great Tusk|atk|1
|move|p2a: Great Tusk|Bulk Up|p2a: Great Tusk
|-boost|p2a: Great Tusk|atk|1
|-boost|p2a: Great Tusk|def|1
|
|-weather|Sandstorm|[upkeep]
|upkeep
|turn|8
|
|t:|1779878564
|-terastallize|p1a: Landorus|Water
|move|p1a: Landorus|Earth Power|p2a: Great Tusk
|-damage|p2a: Great Tusk|55/100
|move|p2a: Great Tusk|Ice Spinner|p1a: Landorus
|-resisted|p1a: Landorus
|-damage|p1a: Landorus|87/100
|-damage|p2a: Great Tusk|39/100|[from] item: Rocky Helmet|[of] p1a: Landorus
|
|-weather|Sandstorm|[upkeep]
|-damage|p1a: Landorus|81/100|[from] Sandstorm
|-fieldend|move: Gravity
|upkeep
|turn|9
|
|t:|1779878570
|-end|p2a: Great Tusk|Protosynthesis|[silent]
|switch|p2a: Alomomola|Alomomola, L99, F|100/100
|move|p1a: Landorus|Earth Power|p2a: Alomomola
|-crit|p2a: Alomomola
|-damage|p2a: Alomomola|61/100
|
|-weather|Sandstorm|[upkeep]
|-damage|p1a: Landorus|75/100|[from] Sandstorm
|-damage|p2a: Alomomola|55/100|[from] Sandstorm
|upkeep
|turn|10
|
|t:|1779878574
|move|p1a: Landorus|Taunt|p2a: Alomomola
|-start|p2a: Alomomola|move: Taunt
|cant|p2a: Alomomola|move: Taunt|Wish
|
|-weather|none
|upkeep
|turn|11
|
|t:|1779878591
|move|p1a: Landorus|Gravity|p1a: Landorus
|-fieldstart|move: Gravity
|move|p2a: Alomomola|Flip Turn|p1a: Landorus
|-resisted|p1a: Landorus
|-damage|p1a: Landorus|68/100
|-damage|p2a: Alomomola|38/100|[from] item: Rocky Helmet|[of] p1a: Landorus
|
|t:|1779878594
|switch|p2a: Kyurem|Kyurem|100/100|[from] Flip Turn
|-ability|p2a: Kyurem|Pressure
|
|upkeep
|turn|12
|
|t:|1779878601
|switch|p1a: Tyranitar|Tyranitar, M|91/100
|-weather|Sandstorm|[from] ability: Sand Stream|[of] p1a: Tyranitar
|-terastallize|p2a: Kyurem|Ice
|move|p2a: Kyurem|Freeze-Dry|p1a: Tyranitar
|-damage|p1a: Tyranitar|54/100
|
|-weather|Sandstorm|[upkeep]
|-damage|p2a: Kyurem|94/100|[from] Sandstorm
|upkeep
|turn|13
|
|t:|1779878612
|switch|p2a: Alomomola|Alomomola, L99, F|72/100
|switch|p1a: Excadrill|Excadrill, M|100/100
|
|-weather|Sandstorm|[upkeep]
|-damage|p2a: Alomomola|65/100|[from] Sandstorm
|upkeep
|turn|14
|
|t:|1779878616
|move|p1a: Excadrill|Earthquake|p2a: Alomomola
|-damage|p2a: Alomomola|0 fnt
|faint|p2a: Alomomola
|
|-weather|Sandstorm|[upkeep]
|upkeep
|
|t:|1779878619
|switch|p2a: Landorus|Landorus-Therian, M|100/100
|-ability|p2a: Landorus|Intimidate|boost
|-unboost|p1a: Excadrill|atk|1
|turn|15
|
|t:|1779878630
|switch|p1a: Hippowdon|Hippowdon, F|100/100
|move|p2a: Landorus|U-turn|p1a: Hippowdon
|-damage|p1a: Hippowdon|87/100
|-enditem|p1a: Hippowdon|Eject Button
|
|t:|1779878634
|switch|p1a: Landorus|Landorus-Therian, M, tera:Water|68/100
|-ability|p1a: Landorus|Intimidate|boost
|-unboost|p2a: Landorus|atk|1
|
|-weather|Sandstorm|[upkeep]
|-damage|p1a: Landorus|62/100|[from] Sandstorm
|-fieldend|move: Gravity
|upkeep
|turn|16
|
|t:|1779878646
|switch|p2a: Kyurem|Kyurem, tera:Ice|94/100
|-ability|p2a: Kyurem|Pressure
|move|p1a: Landorus|Earth Power|p2a: Kyurem
|-damage|p2a: Kyurem|67/100
|
|-weather|none
|upkeep
|turn|17
|inactive|maxcondones has 120 seconds left.
|
|t:|1779878677
|switch|p1a: Hippowdon|Hippowdon, F|87/100
|-weather|Sandstorm|[from] ability: Sand Stream|[of] p1a: Hippowdon
|move|p2a: Kyurem|Freeze-Dry|p1a: Hippowdon
|-supereffective|p1a: Hippowdon
|-damage|p1a: Hippowdon|0 fnt
|faint|p1a: Hippowdon
|
|-weather|Sandstorm|[upkeep]
|-damage|p2a: Kyurem|61/100|[from] Sandstorm
|upkeep
|inactive|maxcondones has 120 seconds left.
|
|t:|1779878683
|switch|p1a: Excadrill|Excadrill, M|100/100
|turn|18
|
|t:|1779878699
|switch|p2a: Great Tusk|Great Tusk|39/100
|move|p1a: Excadrill|Iron Head|p2a: Great Tusk
|-damage|p2a: Great Tusk|0 fnt
|faint|p2a: Great Tusk
|-end|p2a: Great Tusk|Protosynthesis|[silent]
|
|-weather|Sandstorm|[upkeep]
|upkeep
|
|t:|1779878701
|switch|p2a: Landorus|Landorus-Therian, M|100/100
|-ability|p2a: Landorus|Intimidate|boost
|-unboost|p1a: Excadrill|atk|1
|turn|19
|
|t:|1779878706
|move|p1a: Excadrill|Iron Head|p2a: Landorus
|-damage|p2a: Landorus|46/100
|move|p2a: Landorus|U-turn|p1a: Excadrill
|-resisted|p1a: Excadrill
|-crit|p1a: Excadrill
|-damage|p1a: Excadrill|74/100
|
|t:|1779878711
|switch|p2a: Slowking|Slowking-Galar, M|100/100|[from] U-turn
|
|-weather|Sandstorm|[upkeep]
|-damage|p2a: Slowking|94/100|[from] Sandstorm
|upkeep
|turn|20
|
|t:|1779878728
|switch|p1a: Tyranitar|Tyranitar, M|54/100
|-prepare|p2a: Slowking|Chilly Reception|[premajor]
|move|p2a: Slowking|Chilly Reception|p2a: Slowking
|-weather|Snowscape
|
|t:|1779878736
|switch|p2a: Kyurem|Kyurem, tera:Ice|61/100|[from] Chilly Reception
|-ability|p2a: Kyurem|Pressure
|
|-weather|Snowscape|[upkeep]
|upkeep
|turn|21
|
|t:|1779878745
|switch|p1a: Landorus|Landorus-Therian, M, tera:Water|62/100
|-ability|p1a: Landorus|Intimidate|boost
|-unboost|p2a: Kyurem|atk|1
|move|p2a: Kyurem|Ice Beam|p1a: Landorus
|-resisted|p1a: Landorus
|-damage|p1a: Landorus|3/100
|
|-weather|Snowscape|[upkeep]
|upkeep
|turn|22
|
|t:|1779878769
|move|p1a: Landorus|Gravity|p1a: Landorus
|-fieldstart|move: Gravity
|move|p2a: Kyurem|Ice Beam|p1a: Landorus
|-resisted|p1a: Landorus
|-damage|p1a: Landorus|0 fnt
|faint|p1a: Landorus
|
|-weather|Snowscape|[upkeep]
|upkeep
|
|t:|1779878773
|switch|p1a: Tornadus|Tornadus-Therian, M|100/100
|turn|23
|
|t:|1779878782
|move|p1a: Tornadus|Heat Wave|p2a: Kyurem
|-supereffective|p2a: Kyurem
|-damage|p2a: Kyurem|0 fnt
|faint|p2a: Kyurem
|-damage|p1a: Tornadus|91/100|[from] item: Life Orb
|
|-weather|Snowscape|[upkeep]
|upkeep
|
|t:|1779878785
|switch|p2a: Heatran|Heatran, F|61/100
|turn|24
|
|t:|1779878789
|switch|p1a: Tyranitar|Tyranitar, M|54/100
|-weather|Sandstorm|[from] ability: Sand Stream|[of] p1a: Tyranitar
|move|p2a: Heatran|Magma Storm|p1a: Tyranitar
|-resisted|p1a: Tyranitar
|-damage|p1a: Tyranitar|44/100
|-activate|p1a: Tyranitar|move: Magma Storm|[of] p2a: Heatran
|
|-weather|Sandstorm|[upkeep]
|-heal|p2a: Heatran|67/100|[from] item: Leftovers
|-damage|p1a: Tyranitar|32/100|[from] move: Magma Storm|[partiallytrapped]
|upkeep
|turn|25
|
|t:|1779878792
|move|p2a: Heatran|Protect|p2a: Heatran
|-singleturn|p2a: Heatran|Protect
|move|p1a: Tyranitar|Low Kick|p2a: Heatran
|-activate|p2a: Heatran|move: Protect
|
|-weather|Sandstorm|[upkeep]
|-heal|p2a: Heatran|73/100|[from] item: Leftovers
|-damage|p1a: Tyranitar|20/100|[from] move: Magma Storm|[partiallytrapped]
|upkeep
|turn|26
|
|t:|1779878799
|move|p2a: Heatran|Earth Power|p1a: Tyranitar
|-supereffective|p1a: Tyranitar
|-damage|p1a: Tyranitar|0 fnt
|faint|p1a: Tyranitar
|
|-weather|Sandstorm|[upkeep]
|-heal|p2a: Heatran|80/100|[from] item: Leftovers
|-fieldend|move: Gravity
|upkeep
|
|t:|1779878802
|switch|p1a: Excadrill|Excadrill, M|74/100
|turn|27
|
|t:|1779878804
|move|p2a: Heatran|Protect|p2a: Heatran
|-singleturn|p2a: Heatran|Protect
|move|p1a: Excadrill|Earthquake|p2a: Heatran
|-activate|p2a: Heatran|move: Protect
|
|-weather|Sandstorm|[upkeep]
|-heal|p2a: Heatran|86/100|[from] item: Leftovers
|upkeep
|turn|28
|
|t:|1779878808
|switch|p1a: Tornadus|Tornadus-Therian, M|100/100
|switch|p2a: Landorus|Landorus-Therian, M|46/100
|-ability|p2a: Landorus|Intimidate|boost
|-unboost|p1a: Tornadus|atk|1
|
|-weather|none
|upkeep
|turn|29
|
|t:|1779878815
|move|p2a: Landorus|U-turn|p1a: Tornadus
|-resisted|p1a: Tornadus
|-damage|p1a: Tornadus|83/100
|
|t:|1779878830
|switch|p2a: Heatran|Heatran, F|86/100|[from] U-turn
|move|p1a: Tornadus|Bleakwind Storm|p2a: Heatran
|-resisted|p2a: Heatran
|-damage|p2a: Heatran|62/100
|-damage|p1a: Tornadus|73/100|[from] item: Life Orb
|
|-heal|p2a: Heatran|68/100|[from] item: Leftovers
|upkeep
|turn|30
|
|t:|1779878836
|move|p1a: Tornadus|Nasty Plot|p1a: Tornadus
|-boost|p1a: Tornadus|spa|2
|move|p2a: Heatran|Magma Storm|p1a: Tornadus
|-damage|p1a: Tornadus|20/100
|-activate|p1a: Tornadus|move: Magma Storm|[of] p2a: Heatran
|
|-heal|p2a: Heatran|75/100|[from] item: Leftovers
|-damage|p1a: Tornadus|7/100|[from] move: Magma Storm|[partiallytrapped]
|upkeep
|turn|31
|
|t:|1779878841
|move|p2a: Heatran|Protect|p2a: Heatran
|-singleturn|p2a: Heatran|Protect
|move|p1a: Tornadus|Bleakwind Storm|p2a: Heatran
|-activate|p2a: Heatran|move: Protect
|
|-heal|p2a: Heatran|81/100|[from] item: Leftovers
|-damage|p1a: Tornadus|0 fnt|[from] move: Magma Storm|[partiallytrapped]
|faint|p1a: Tornadus
|upkeep
|-message|maxcondones forfeited.
|
|win|sickofme
|raw|maxcondones's rating: 1559 &rarr; <strong>1542</strong><br />(-17 for losing)
|raw|sickofme's rating: 1604 &rarr; <strong>1621</strong><br />(+17 for winning)
|l|☆maxcondones
|player|p1|
|l|☆sickofme
|player|p2|
