|j|☆tuanquewang
|j|☆klopkik
|t:|1779965347
|gametype|singles
|player|p1|tuanquewang|backersf|1684
|player|p2|klopkik|101|1577
|gen|9
|tier|[Gen 9] OU
|rated|
|rule|HP Percentage Mod: HP is shown in percentages
|rule|Endless Battle Clause: Forcing endless battles is banned
|rule|Species Clause: Limit one of each Pokémon
|rule|OHKO Clause: OHKO moves are banned
|rule|Evasion Items Clause: Evasion items are banned
|rule|Evasion Moves Clause: Evasion moves are banned
|rule|Evasion Abilities Clause: Evasion abilities are banned
|rule|Sleep Moves Clause: Sleep-inducing moves are banned
|clearpoke
|poke|p1|Slowking-Galar, M|
|poke|p1|Hydrapple, F|
|poke|p1|Cinderace, M|
|poke|p1|Iron Crown|
|poke|p1|Alomomola, F|
|poke|p1|Mamoswine, M|
|poke|p2|Ursaluna, M|
|poke|p2|Toxapex, M|
|poke|p2|Heatran, M|
|poke|p2|Hydreigon, F|
|poke|p2|Hatterene, F|
|poke|p2|Zapdos-Galar|
|teampreview
|inactive|Battle timer is ON: inactive players will automatically lose when time's up. (requested by tuanquewang)
|j| infopro play392
|
|t:|1779965365
|teamsize|p1|6
|teamsize|p2|6
|start
|switch|p1a: Hydrapple|Hydrapple, F, shiny|100/100
|switch|p2a: Zapdos|Zapdos-Galar|100/100
|turn|1
|
|t:|1779965372
|switch|p1a: Alomomola|Alomomola, F|100/100
|move|p2a: Zapdos|U-turn|p1a: Alomomola
|-damage|p1a: Alomomola|89/100
|
|t:|1779965376
|switch|p2a: Ursaluna|Ursaluna, M|100/100|[from] U-turn
|
|-heal|p1a: Alomomola|95/100|[from] item: Leftovers
|-status|p2a: Ursaluna|brn|[from] item: Flame Orb
|upkeep
|turn|2
|
|t:|1779965386
|-terastallize|p2a: Ursaluna|Normal
|move|p2a: Ursaluna|Facade|p1a: Alomomola
|-damage|p1a: Alomomola|3/100
|move|p1a: Alomomola|Flip Turn|p2a: Ursaluna
|-damage|p2a: Ursaluna|88/100 brn
|
|t:|1779965394
|switch|p1a: Cinderace|Cinderace, M|100/100|[from] Flip Turn
|
|-damage|p2a: Ursaluna|81/100 brn|[from] brn
|upkeep
|turn|3
|j| lord shiddenfards
|
|t:|1779965401
|switch|p2a: Toxapex|Toxapex, M|100/100
|move|p1a: Cinderace|High Jump Kick|p2a: Toxapex
|-start|p1a: Cinderace|typechange|Fighting|[from] ability: Libero
|-resisted|p2a: Toxapex
|-damage|p2a: Toxapex|74/100
|-enditem|p2a: Toxapex|Eject Button
|
|t:|1779965409
|switch|p2a: Zapdos|Zapdos-Galar|100/100
|
|upkeep
|turn|4
|
|t:|1779965417
|switch|p1a: Alomomola|Alomomola, F|36/100
|move|p2a: Zapdos|U-turn|p1a: Alomomola
|-damage|p1a: Alomomola|23/100
|
|t:|1779965422
|switch|p2a: Ursaluna|Ursaluna, M, tera:Normal|81/100 brn|[from] U-turn
|
|-heal|p1a: Alomomola|29/100|[from] item: Leftovers
|-damage|p2a: Ursaluna|75/100 brn|[from] brn
|upkeep
|turn|5
|
|t:|1779965426
|move|p1a: Alomomola|Protect|p1a: Alomomola
|-singleturn|p1a: Alomomola|Protect
|move|p2a: Ursaluna|Facade|p1a: Alomomola
|-activate|p1a: Alomomola|move: Protect
|
|-heal|p1a: Alomomola|36/100|[from] item: Leftovers
|-damage|p2a: Ursaluna|69/100 brn|[from] brn
|upkeep
|turn|6
|
|t:|1779965432
|switch|p1a: Iron Crown|Iron Crown|100/100
|move|p2a: Ursaluna|Facade|p1a: Iron Crown
|-resisted|p1a: Iron Crown
|-damage|p1a: Iron Crown|10/100
|
|-damage|p2a: Ursaluna|63/100 brn|[from] brn
|upkeep
|turn|7
|
|t:|1779965442
|switch|p2a: Toxapex|Toxapex, M|100/100
|move|p1a: Iron Crown|Volt Switch|p2a: Toxapex
|-supereffective|p2a: Toxapex
|-damage|p2a: Toxapex|68/100
|
|t:|1779965448
|-end|p1a: Iron Crown|Quark Drive|[silent]
|switch|p1a: Slowking|Slowking-Galar, M|100/100|[from] Volt Switch
|
|upkeep
|turn|8
|
|t:|1779965457
|move|p2a: Toxapex|Toxic Spikes|p1a: Slowking
|-sidestart|p1: tuanquewang|move: Toxic Spikes
|-prepare|p1a: Slowking|Chilly Reception|[premajor]
|move|p1a: Slowking|Chilly Reception|p1a: Slowking
|-weather|Snowscape
|
|t:|1779965459
|switch|p1a: Iron Crown|Iron Crown|10/100|[from] Chilly Reception
|
|-weather|Snowscape|[upkeep]
|upkeep
|turn|9
|
|t:|1779965466
|move|p1a: Iron Crown|Volt Switch|p2a: Toxapex
|-supereffective|p2a: Toxapex
|-damage|p2a: Toxapex|34/100
|
|t:|1779965468
|-end|p1a: Iron Crown|Quark Drive|[silent]
|switch|p1a: Slowking|Slowking-Galar, M|100/100|[from] Volt Switch
|-sideend|p1: tuanquewang|move: Toxic Spikes|[of] p1a: Slowking
|move|p2a: Toxapex|Recover|p2a: Toxapex
|-heal|p2a: Toxapex|84/100
|
|-weather|Snowscape|[upkeep]
|upkeep
|turn|10
|
|t:|1779965474
|move|p2a: Toxapex|Toxic Spikes|p1a: Slowking
|-sidestart|p1: tuanquewang|move: Toxic Spikes
|move|p1a: Slowking|Psychic Noise|p2a: Toxapex
|-supereffective|p2a: Toxapex
|-damage|p2a: Toxapex|50/100
|-start|p2a: Toxapex|move: Heal Block
|
|-weather|Snowscape|[upkeep]
|upkeep
|turn|11
|j| Iron Donald
|
|t:|1779965481
|switch|p2a: Hydreigon|Hydreigon, F|100/100
|move|p1a: Slowking|Psychic Noise|p2a: Hydreigon
|-immune|p2a: Hydreigon
|
|-weather|Snowscape|[upkeep]
|upkeep
|turn|12
|
|t:|1779965487
|-terastallize|p1a: Slowking|Dark
|move|p2a: Hydreigon|Dark Pulse|p1a: Slowking
|-resisted|p1a: Slowking
|-damage|p1a: Slowking|82/100
|move|p1a: Slowking|Trick|p2a: Hydreigon
|-activate|p1a: Slowking|move: Trick|[of] p2a: Hydreigon
|-item|p2a: Hydreigon|Black Sludge|[from] move: Trick
|-item|p1a: Slowking|Choice Specs|[from] move: Trick
|
|-weather|none
|-damage|p2a: Hydreigon|88/100|[from] item: Black Sludge
|upkeep
|turn|13
|
|t:|1779965500
|switch|p2a: Heatran|Heatran, M|100/100
|-item|p2a: Heatran|Air Balloon
|-prepare|p1a: Slowking|Chilly Reception|[premajor]
|move|p1a: Slowking|Chilly Reception|p1a: Slowking
|-weather|Snowscape
|
|t:|1779965505
|switch|p1a: Cinderace|Cinderace, M|100/100|[from] Chilly Reception
|
|-weather|Snowscape|[upkeep]
|upkeep
|turn|14
|
|t:|1779965517
|switch|p2a: Toxapex|Toxapex, M|84/100
|move|p1a: Cinderace|High Jump Kick|p2a: Toxapex
|-start|p1a: Cinderace|typechange|Fighting|[from] ability: Libero
|-resisted|p2a: Toxapex
|-damage|p2a: Toxapex|59/100
|
|-weather|Snowscape|[upkeep]
|upkeep
|turn|15
|
|t:|1779965528
|switch|p2a: Ursaluna|Ursaluna, M, tera:Normal|63/100 brn
|move|p1a: Cinderace|U-turn|p2a: Ursaluna
|-damage|p2a: Ursaluna|45/100 brn
|
|t:|1779965531
|switch|p1a: Iron Crown|Iron Crown|10/100|[from] U-turn
|
|-weather|Snowscape|[upkeep]
|-damage|p2a: Ursaluna|39/100 brn|[from] brn
|upkeep
|turn|16
|
|t:|1779965547
|switch|p2a: Toxapex|Toxapex, M|92/100
|move|p1a: Iron Crown|Volt Switch|p2a: Toxapex
|-supereffective|p2a: Toxapex
|-damage|p2a: Toxapex|60/100
|
|t:|1779965550
|-end|p1a: Iron Crown|Quark Drive|[silent]
|switch|p1a: Cinderace|Cinderace, M|100/100|[from] Volt Switch
|
|-weather|Snowscape|[upkeep]
|upkeep
|turn|17
|
|t:|1779965557
|switch|p2a: Zapdos|Zapdos-Galar|100/100
|move|p1a: Cinderace|High Jump Kick|p2a: Zapdos
|-start|p1a: Cinderace|typechange|Fighting|[from] ability: Libero
|-resisted|p2a: Zapdos
|-damage|p2a: Zapdos|67/100
|
|-weather|none
|upkeep
|turn|18
|
|t:|1779965574
|switch|p1a: Alomomola|Alomomola, F|69/100
|-status|p1a: Alomomola|psn
|move|p2a: Zapdos|Close Combat|p1a: Alomomola
|-damage|p1a: Alomomola|37/100 psn
|-unboost|p2a: Zapdos|def|1
|-unboost|p2a: Zapdos|spd|1
|
|-heal|p1a: Alomomola|43/100 psn|[from] item: Leftovers
|-damage|p1a: Alomomola|30/100 psn|[from] psn
|upkeep
|turn|19
|
|t:|1779965584
|move|p2a: Zapdos|Close Combat|p1a: Alomomola
|-damage|p1a: Alomomola|0 fnt
|-unboost|p2a: Zapdos|def|1
|-unboost|p2a: Zapdos|spd|1
|faint|p1a: Alomomola
|
|upkeep
|
|t:|1779965587
|switch|p1a: Iron Crown|Iron Crown|10/100
|turn|20
|
|t:|1779965594
|move|p2a: Zapdos|Close Combat|p1a: Iron Crown
|-damage|p1a: Iron Crown|0 fnt
|-unboost|p2a: Zapdos|def|1
|-unboost|p2a: Zapdos|spd|1
|faint|p1a: Iron Crown
|-end|p1a: Iron Crown|Quark Drive|[silent]
|
|upkeep
|
|t:|1779965599
|switch|p1a: Hydrapple|Hydrapple, F, shiny|100/100
|-status|p1a: Hydrapple|psn
|turn|21
|
|t:|1779965606
|switch|p2a: Heatran|Heatran, M|100/100
|-item|p2a: Heatran|Air Balloon
|move|p1a: Hydrapple|Hydro Pump|p2a: Heatran
|-supereffective|p2a: Heatran
|-damage|p2a: Heatran|28/100
|-enditem|p2a: Heatran|Air Balloon
|
|-damage|p1a: Hydrapple|88/100 psn|[from] psn
|upkeep
|turn|22
|-message|tuanquewang forfeited.
|
|win|klopkik
|raw|tuanquewang's rating: 1684 &rarr; <strong>1658</strong><br />(-26 for losing)
|raw|klopkik's rating: 1577 &rarr; <strong>1603</strong><br />(+26 for winning)
|l|☆tuanquewang
|player|p1|
|l|☆klopkik
|player|p2|
|l| lord shiddenfards
|l| Iron Donald
