|j|‽rocketproton24
|j|☆110i119p
|t:|1779964138
|gametype|singles
|player|p1|rocketproton24|proton|1127
|player|p2|110i119p|169|1106
|gen|9
|tier|[Gen 9] OU
|rated|
|rule|HP Percentage Mod: HP is shown in percentages
|rule|Endless Battle Clause: Forcing endless battles is banned
|rule|Species Clause: Limit one of each Pokémon
|rule|OHKO Clause: OHKO moves are banned
|rule|Evasion Items Clause: Evasion items are banned
|rule|Evasion Moves Clause: Evasion moves are banned
|rule|Evasion Abilities Clause: Evasion abilities are banned
|rule|Sleep Moves Clause: Sleep-inducing moves are banned
|clearpoke
|poke|p1|Corviknight, M|
|poke|p1|Umbreon, M|
|poke|p1|Dipplin, M|
|poke|p1|Heatran, F|
|poke|p1|Dragonite, F|
|poke|p1|Ogerpon-Wellspring, F|
|poke|p2|Iron Valiant|
|poke|p2|Rillaboom, F|
|poke|p2|Hawlucha, F|
|poke|p2|Tyranitar, M|
|poke|p2|Dragapult, M|
|poke|p2|Cinderace, F|
|teampreview
|
|t:|1779964145
|teamsize|p1|6
|teamsize|p2|6
|start
|switch|p1a: Dipplin|Dipplin, M|100/100
|switch|p2a: Iron Valiant|Iron Valiant|100/100
|-enditem|p2a: Iron Valiant|Booster Energy
|-activate|p2a: Iron Valiant|ability: Quark Drive|[fromitem]
|-start|p2a: Iron Valiant|quarkdrivespe
|turn|1
|
|t:|1779964157
|-terastallize|p1a: Dipplin|Steel
|move|p2a: Iron Valiant|Psyshock|p1a: Dipplin
|-resisted|p1a: Dipplin
|-damage|p1a: Dipplin|94/100
|move|p1a: Dipplin|Giga Drain|p2a: Iron Valiant
|-damage|p2a: Iron Valiant|50/100
|-heal|p1a: Dipplin|100/100|[from] drain|[of] p2a: Iron Valiant
|
|upkeep
|turn|2
|
|t:|1779964167
|move|p2a: Iron Valiant|Focus Blast|p1a: Dipplin|[miss]
|-miss|p2a: Iron Valiant|p1a: Dipplin
|move|p1a: Dipplin|Giga Drain|p2a: Iron Valiant
|-damage|p2a: Iron Valiant|0 fnt
|faint|p2a: Iron Valiant
|-end|p2a: Iron Valiant|Quark Drive|[silent]
|
|upkeep
|
|t:|1779964174
|switch|p2a: Dragapult|Dragapult, M|100/100
|turn|3
|
|t:|1779964180
|move|p2a: Dragapult|Light Screen|p2a: Dragapult
|-sidestart|p2: 110i119p|move: Light Screen
|move|p1a: Dipplin|Dragon Pulse|p2a: Dragapult
|-supereffective|p2a: Dragapult
|-damage|p2a: Dragapult|61/100
|
|upkeep
|turn|4
|
|t:|1779964186
|move|p2a: Dragapult|Reflect|p2a: Dragapult
|-sidestart|p2: 110i119p|Reflect
|move|p1a: Dipplin|Dragon Tail|p2a: Dragapult
|-supereffective|p2a: Dragapult
|-damage|p2a: Dragapult|39/100
|drag|p2a: Rillaboom|Rillaboom, F|100/100
|-fieldstart|move: Grassy Terrain|[from] ability: Grassy Surge|[of] p2a: Rillaboom
|
|upkeep
|turn|5
|
|t:|1779964197
|move|p2a: Rillaboom|Knock Off|p1a: Dipplin
|-damage|p1a: Dipplin|74/100
|-activate|p1a: Dipplin|ability: Sticky Hold
|move|p1a: Dipplin|Dragon Pulse|p2a: Rillaboom
|-damage|p2a: Rillaboom|81/100
|
|-heal|p2a: Rillaboom|87/100|[from] Grassy Terrain
|-heal|p1a: Dipplin|80/100|[from] Grassy Terrain
|upkeep
|turn|6
|
|t:|1779964210
|switch|p2a: Tyranitar|Tyranitar, M|100/100
|-weather|Sandstorm|[from] ability: Sand Stream|[of] p2a: Tyranitar
|switch|p1a: Heatran|Heatran, F|100/100
|
|-weather|Sandstorm|[upkeep]
|upkeep
|turn|7
|
|t:|1779964223
|switch|p1a: Ogerpon|Ogerpon-Wellspring, F|100/100
|-terastallize|p2a: Tyranitar|Fire
|move|p2a: Tyranitar|Dragon Dance|p2a: Tyranitar
|-boost|p2a: Tyranitar|atk|1
|-boost|p2a: Tyranitar|spe|1
|
|-weather|Sandstorm|[upkeep]
|-damage|p2a: Tyranitar|94/100|[from] Sandstorm
|-damage|p1a: Ogerpon|95/100|[from] Sandstorm
|-heal|p2a: Tyranitar|100/100|[from] Grassy Terrain
|-heal|p1a: Ogerpon|100/100|[from] Grassy Terrain
|upkeep
|turn|8
|
|t:|1779964238
|move|p2a: Tyranitar|Dragon Dance|p2a: Tyranitar
|-boost|p2a: Tyranitar|atk|1
|-boost|p2a: Tyranitar|spe|1
|move|p1a: Ogerpon|Ivy Cudgel|p2a: Tyranitar|[anim] Ivy Cudgel Water
|-supereffective|p2a: Tyranitar
|-damage|p2a: Tyranitar|48/100
|-enditem|p2a: Tyranitar|Weakness Policy
|-boost|p2a: Tyranitar|atk|2|[from] item: Weakness Policy
|-boost|p2a: Tyranitar|spa|2|[from] item: Weakness Policy
|
|-weather|Sandstorm|[upkeep]
|-damage|p2a: Tyranitar|42/100|[from] Sandstorm
|-damage|p1a: Ogerpon|95/100|[from] Sandstorm
|-heal|p2a: Tyranitar|48/100|[from] Grassy Terrain
|-heal|p1a: Ogerpon|100/100|[from] Grassy Terrain
|-fieldend|move: Grassy Terrain
|upkeep
|turn|9
|
|t:|1779964254
|move|p2a: Tyranitar|Knock Off|p1a: Ogerpon
|-damage|p1a: Ogerpon|0 fnt
|faint|p1a: Ogerpon
|
|-weather|Sandstorm|[upkeep]
|-damage|p2a: Tyranitar|42/100|[from] Sandstorm
|upkeep
|
|t:|1779964261
|switch|p1a: Dragonite|Dragonite, F|100/100
|turn|10
|
|t:|1779964265
|move|p1a: Dragonite|Extreme Speed|p2a: Tyranitar
|-damage|p2a: Tyranitar|27/100
|move|p2a: Tyranitar|Ice Punch|p1a: Dragonite
|-supereffective|p1a: Dragonite
|-damage|p1a: Dragonite|0 fnt
|faint|p1a: Dragonite
|
|-weather|none
|-sideend|p2: 110i119p|move: Light Screen
|upkeep
|
|t:|1779964278
|switch|p1a: Dipplin|Dipplin, M, tera:Steel|80/100
|turn|11
|
|t:|1779964282
|move|p2a: Tyranitar|Earthquake|p1a: Dipplin
|-supereffective|p1a: Dipplin
|-damage|p1a: Dipplin|0 fnt
|faint|p1a: Dipplin
|
|-sideend|p2: 110i119p|Reflect
|upkeep
|
|t:|1779964290
|switch|p1a: Heatran|Heatran, F|100/100
|turn|12
|
|t:|1779964294
|move|p2a: Tyranitar|Earthquake|p1a: Heatran
|-supereffective|p1a: Heatran
|-damage|p1a: Heatran|0 fnt
|faint|p1a: Heatran
|
|upkeep
|-message|rocketproton24 forfeited.
|
|win|110i119p
|raw|rocketproton24's rating: 1127 &rarr; <strong>1100</strong><br />(-27 for losing)
|raw|110i119p's rating: 1106 &rarr; <strong>1133</strong><br />(+27 for winning)
|l|‽rocketproton24
|player|p1|
|l|☆110i119p
|player|p2|
