|j|☆peticecube
|j|☆claudechamp
|t:|1779872304
|gametype|singles
|player|p1|peticecube|pokemonbreeder-gen4|1162
|player|p2|claudechamp|169|1268
|gen|9
|tier|[Gen 9] OU
|rated|
|rule|HP Percentage Mod: HP is shown in percentages
|rule|Endless Battle Clause: Forcing endless battles is banned
|rule|Species Clause: Limit one of each Pokémon
|rule|OHKO Clause: OHKO moves are banned
|rule|Evasion Items Clause: Evasion items are banned
|rule|Evasion Moves Clause: Evasion moves are banned
|rule|Evasion Abilities Clause: Evasion abilities are banned
|rule|Sleep Moves Clause: Sleep-inducing moves are banned
|clearpoke
|poke|p1|Raging Bolt|
|poke|p1|Regidrago|
|poke|p1|Garganacl, F|
|poke|p1|Golem-Alola, M|
|poke|p1|Volcanion|
|poke|p1|Coalossal, F|
|poke|p2|Gliscor, F|
|poke|p2|Gholdengo|
|poke|p2|Zamazenta-*|
|poke|p2|Blissey, F|
|poke|p2|Skarmory, F|
|poke|p2|Pecharunt|
|teampreview
|c|☆claudechamp|hf
|
|t:|1779872314
|teamsize|p1|6
|teamsize|p2|6
|start
|switch|p1a: Volcanion|Volcanion|100/100
|switch|p2a: Zamazenta|Zamazenta|100/100
|-ability|p2a: Zamazenta|Dauntless Shield|boost
|-boost|p2a: Zamazenta|def|1
|turn|1
|inactive|Battle timer is ON: inactive players will automatically lose when time's up. (requested by claudechamp)
|inactive|claudechamp has 120 seconds left.
|c|☆peticecube|You too
|
|t:|1779872365
|move|p2a: Zamazenta|Close Combat|p1a: Volcanion
|-damage|p1a: Volcanion|52/100
|-unboost|p2a: Zamazenta|def|1
|-unboost|p2a: Zamazenta|spd|1
|move|p1a: Volcanion|Steam Eruption|p2a: Zamazenta
|-damage|p2a: Zamazenta|11/100
|
|upkeep
|turn|2
|
|t:|1779872377
|move|p2a: Zamazenta|Close Combat|p1a: Volcanion
|-damage|p1a: Volcanion|3/100
|-unboost|p2a: Zamazenta|def|1
|-unboost|p2a: Zamazenta|spd|1
|move|p1a: Volcanion|Sludge Bomb|p2a: Zamazenta
|-damage|p2a: Zamazenta|0 fnt
|faint|p2a: Zamazenta
|
|upkeep
|
|t:|1779872382
|switch|p2a: Gliscor|Gliscor, F|100/100
|turn|3
|
|t:|1779872393
|move|p2a: Gliscor|Earthquake|p1a: Volcanion
|-supereffective|p1a: Volcanion
|-damage|p1a: Volcanion|0 fnt
|faint|p1a: Volcanion
|
|-status|p2a: Gliscor|tox|[from] item: Toxic Orb
|upkeep
|
|t:|1779872405
|switch|p1a: Regidrago|Regidrago|100/100
|turn|4
|
|t:|1779872415
|move|p1a: Regidrago|Dragon Energy|p2a: Gliscor
|-damage|p2a: Gliscor|5/100 tox
|move|p2a: Gliscor|Swords Dance|p2a: Gliscor
|-boost|p2a: Gliscor|atk|2
|
|-heal|p2a: Gliscor|18/100 tox|[from] ability: Poison Heal
|upkeep
|turn|5
|
|t:|1779872424
|switch|p2a: Blissey|Blissey, F|100/100
|move|p1a: Regidrago|Dragon Energy|p2a: Blissey
|-damage|p2a: Blissey|69/100
|
|upkeep
|turn|6
|
|t:|1779872452
|switch|p1a: Garganacl|Garganacl, F|100/100
|move|p2a: Blissey|Soft-Boiled|p2a: Blissey
|-heal|p2a: Blissey|100/100
|
|upkeep
|turn|7
|
|t:|1779872460
|move|p2a: Blissey|Stealth Rock|p1a: Garganacl
|-sidestart|p1: peticecube|move: Stealth Rock
|move|p1a: Garganacl|Salt Cure|p2a: Blissey
|-damage|p2a: Blissey|87/100
|-start|p2a: Blissey|Salt Cure
|
|-damage|p2a: Blissey|75/100|[from] Salt Cure
|upkeep
|turn|8
|
|t:|1779872469
|move|p2a: Blissey|Calm Mind|p2a: Blissey
|-boost|p2a: Blissey|spa|1
|-boost|p2a: Blissey|spd|1
|move|p1a: Garganacl|Earthquake|p2a: Blissey
|-damage|p2a: Blissey|51/100
|
|-damage|p2a: Blissey|39/100|[from] Salt Cure
|upkeep
|turn|9
|
|t:|1779872480
|move|p2a: Blissey|Soft-Boiled|p2a: Blissey
|-heal|p2a: Blissey|89/100
|move|p1a: Garganacl|Curse|p1a: Garganacl
|-unboost|p1a: Garganacl|spe|1
|-boost|p1a: Garganacl|atk|1
|-boost|p1a: Garganacl|def|1
|
|-damage|p2a: Blissey|76/100|[from] Salt Cure
|upkeep
|turn|10
|
|t:|1779872490
|move|p2a: Blissey|Shadow Ball|p1a: Garganacl
|-damage|p1a: Garganacl|91/100
|move|p1a: Garganacl|Curse|p1a: Garganacl
|-unboost|p1a: Garganacl|spe|1
|-boost|p1a: Garganacl|atk|1
|-boost|p1a: Garganacl|def|1
|
|-heal|p1a: Garganacl|97/100|[from] item: Leftovers
|-damage|p2a: Blissey|64/100|[from] Salt Cure
|upkeep
|turn|11
|
|t:|1779872501
|switch|p2a: Pecharunt|Pecharunt|100/100
|move|p1a: Garganacl|Curse|p1a: Garganacl
|-unboost|p1a: Garganacl|spe|1
|-boost|p1a: Garganacl|atk|1
|-boost|p1a: Garganacl|def|1
|
|-heal|p1a: Garganacl|100/100|[from] item: Leftovers
|upkeep
|turn|12
|
|t:|1779872510
|move|p2a: Pecharunt|Shadow Ball|p1a: Garganacl
|-damage|p1a: Garganacl|89/100
|move|p1a: Garganacl|Earthquake|p2a: Pecharunt
|-supereffective|p2a: Pecharunt
|-damage|p2a: Pecharunt|42/100
|
|-heal|p1a: Garganacl|95/100|[from] item: Leftovers
|upkeep
|turn|13
|
|t:|1779872519
|move|p2a: Pecharunt|Shadow Ball|p1a: Garganacl
|-damage|p1a: Garganacl|84/100
|move|p1a: Garganacl|Earthquake|p2a: Pecharunt
|-supereffective|p2a: Pecharunt
|-damage|p2a: Pecharunt|0 fnt
|faint|p2a: Pecharunt
|
|-heal|p1a: Garganacl|90/100|[from] item: Leftovers
|upkeep
|
|t:|1779872524
|switch|p2a: Skarmory|Skarmory, F|100/100
|turn|14
|
|t:|1779872534
|move|p1a: Garganacl|Salt Cure|p2a: Skarmory
|-damage|p2a: Skarmory|79/100
|-start|p2a: Skarmory|Salt Cure
|move|p2a: Skarmory|Whirlwind|p1a: Garganacl
|drag|p1a: Coalossal|Coalossal, F, shiny|100/100
|-damage|p1a: Coalossal|76/100|[from] Stealth Rock
|
|-damage|p2a: Skarmory|54/100|[from] Salt Cure
|upkeep
|turn|15
|
|t:|1779872547
|switch|p2a: Gliscor|Gliscor, F|18/100 tox
|move|p1a: Coalossal|Heat Crash|p2a: Gliscor
|-damage|p2a: Gliscor|0 fnt
|faint|p2a: Gliscor
|
|upkeep
|
|t:|1779872551
|switch|p2a: Skarmory|Skarmory, F|54/100
|turn|16
|
|t:|1779872557
|-terastallize|p2a: Skarmory|Dragon
|move|p2a: Skarmory|Roost|p2a: Skarmory
|-heal|p2a: Skarmory|100/100
|move|p1a: Coalossal|Heat Crash|p2a: Skarmory
|-resisted|p2a: Skarmory
|-damage|p2a: Skarmory|86/100
|
|upkeep
|turn|17
|
|t:|1779872570
|move|p2a: Skarmory|Spikes|p1a: Coalossal
|-sidestart|p1: peticecube|Spikes
|move|p1a: Coalossal|Curse|p1a: Coalossal
|-unboost|p1a: Coalossal|spe|1
|-boost|p1a: Coalossal|atk|1
|-boost|p1a: Coalossal|def|1
|
|upkeep
|turn|18
|
|t:|1779872579
|move|p1a: Coalossal|Stone Edge|p2a: Skarmory
|-damage|p2a: Skarmory|50/100
|move|p2a: Skarmory|Whirlwind|p1a: Coalossal
|drag|p1a: Golem|Golem-Alola, M|100/100
|-damage|p1a: Golem|88/100|[from] Stealth Rock
|-damage|p1a: Golem|76/100|[from] Spikes
|
|upkeep
|turn|19
|
|t:|1779872589
|move|p2a: Skarmory|Spikes|p1a: Golem
|-sidestart|p1: peticecube|Spikes
|move|p1a: Golem|Explosion|p2a: Skarmory
|-resisted|p2a: Skarmory
|-damage|p2a: Skarmory|0 fnt
|faint|p1a: Golem
|faint|p2a: Skarmory
|
|upkeep
|
|t:|1779872605
|switch|p2a: Blissey|Blissey, F|64/100
|switch|p1a: Garganacl|Garganacl, F|90/100
|-damage|p1a: Garganacl|78/100|[from] Stealth Rock
|-damage|p1a: Garganacl|61/100|[from] Spikes
|turn|20
|
|t:|1779872615
|move|p2a: Blissey|Shadow Ball|p1a: Garganacl
|-damage|p1a: Garganacl|54/100
|move|p1a: Garganacl|Recover|p1a: Garganacl
|-heal|p1a: Garganacl|100/100
|
|upkeep
|turn|21
|
|t:|1779872624
|move|p2a: Blissey|Soft-Boiled|p2a: Blissey
|-heal|p2a: Blissey|100/100
|move|p1a: Garganacl|Salt Cure|p2a: Blissey
|-damage|p2a: Blissey|87/100
|-start|p2a: Blissey|Salt Cure
|
|-damage|p2a: Blissey|75/100|[from] Salt Cure
|upkeep
|turn|22
|
|t:|1779872634
|switch|p2a: Gholdengo|Gholdengo|100/100
|move|p1a: Garganacl|Curse|p1a: Garganacl
|-unboost|p1a: Garganacl|spe|1
|-boost|p1a: Garganacl|atk|1
|-boost|p1a: Garganacl|def|1
|
|upkeep
|turn|23
|
|t:|1779872649
|switch|p2a: Blissey|Blissey, F|75/100
|switch|p1a: Coalossal|Coalossal, F, shiny|76/100
|-damage|p1a: Coalossal|51/100|[from] Stealth Rock
|-damage|p1a: Coalossal|34/100|[from] Spikes
|
|upkeep
|turn|24
|
|t:|1779872660
|move|p1a: Coalossal|Curse|p1a: Coalossal
|-unboost|p1a: Coalossal|spe|1
|-boost|p1a: Coalossal|atk|1
|-boost|p1a: Coalossal|def|1
|move|p2a: Blissey|Shadow Ball|p1a: Coalossal
|-crit|p1a: Coalossal
|-damage|p1a: Coalossal|13/100
|
|upkeep
|turn|25
|
|t:|1779872671
|move|p2a: Blissey|Shadow Ball|p1a: Coalossal
|-damage|p1a: Coalossal|0 fnt
|faint|p1a: Coalossal
|
|upkeep
|
|t:|1779872677
|switch|p1a: Raging Bolt|Raging Bolt|100/100
|-damage|p1a: Raging Bolt|88/100|[from] Stealth Rock
|-damage|p1a: Raging Bolt|72/100|[from] Spikes
|-enditem|p1a: Raging Bolt|Booster Energy
|-activate|p1a: Raging Bolt|ability: Protosynthesis|[fromitem]
|-start|p1a: Raging Bolt|protosynthesisspa
|turn|26
|
|t:|1779872685
|move|p1a: Raging Bolt|Calm Mind|p1a: Raging Bolt
|-boost|p1a: Raging Bolt|spa|1
|-boost|p1a: Raging Bolt|spd|1
|move|p2a: Blissey|Calm Mind|p2a: Blissey
|-boost|p2a: Blissey|spa|1
|-boost|p2a: Blissey|spd|1
|
|upkeep
|turn|27
|
|t:|1779872695
|move|p1a: Raging Bolt|Calm Mind|p1a: Raging Bolt
|-boost|p1a: Raging Bolt|spa|1
|-boost|p1a: Raging Bolt|spd|1
|move|p2a: Blissey|Shadow Ball|p1a: Raging Bolt
|-damage|p1a: Raging Bolt|62/100
|-unboost|p1a: Raging Bolt|spd|1
|
|upkeep
|turn|28
|
|t:|1779872706
|move|p1a: Raging Bolt|Thunderbolt|p2a: Blissey
|-damage|p2a: Blissey|46/100
|move|p2a: Blissey|Soft-Boiled|p2a: Blissey
|-heal|p2a: Blissey|96/100
|
|upkeep
|turn|29
|
|t:|1779872715
|move|p1a: Raging Bolt|Calm Mind|p1a: Raging Bolt
|-boost|p1a: Raging Bolt|spa|1
|-boost|p1a: Raging Bolt|spd|1
|move|p2a: Blissey|Shadow Ball|p1a: Raging Bolt
|-damage|p1a: Raging Bolt|54/100
|-unboost|p1a: Raging Bolt|spd|1
|
|upkeep
|turn|30
|
|t:|1779872734
|move|p1a: Raging Bolt|Calm Mind|p1a: Raging Bolt
|-boost|p1a: Raging Bolt|spa|1
|-boost|p1a: Raging Bolt|spd|1
|move|p2a: Blissey|Shadow Ball|p1a: Raging Bolt
|-damage|p1a: Raging Bolt|45/100
|
|upkeep
|turn|31
|
|t:|1779872745
|switch|p2a: Gholdengo|Gholdengo|100/100
|move|p1a: Raging Bolt|Calm Mind|p1a: Raging Bolt
|-boost|p1a: Raging Bolt|spa|1
|-boost|p1a: Raging Bolt|spd|1
|
|upkeep
|turn|32
|
|t:|1779872758
|switch|p2a: Blissey|Blissey, F|96/100
|move|p1a: Raging Bolt|Thunderbolt|p2a: Blissey
|-damage|p2a: Blissey|25/100
|
|upkeep
|turn|33
|
|t:|1779872770
|switch|p2a: Gholdengo|Gholdengo|100/100
|move|p1a: Raging Bolt|Thunderbolt|p2a: Gholdengo
|-damage|p2a: Gholdengo|0 fnt
|faint|p2a: Gholdengo
|
|upkeep
|
|t:|1779872782
|switch|p2a: Blissey|Blissey, F|25/100
|turn|34
|c|☆peticecube|Gg
|
|t:|1779872788
|move|p1a: Raging Bolt|Thunderbolt|p2a: Blissey
|-damage|p2a: Blissey|0 fnt
|faint|p2a: Blissey
|
|win|peticecube
|raw|peticecube's rating: 1162 &rarr; <strong>1190</strong><br />(+28 for winning)
|raw|claudechamp's rating: 1201 &rarr; <strong>1173</strong><br />(-28 for losing)
|c|☆claudechamp|gg
|l|☆peticecube
|player|p1|
