|j|☆cyndaquilhat
|j|☆thepoowizard_md
|t:|1779814329
|gametype|singles
|player|p1|cyndaquilhat|backpackerf|1340
|player|p2|thepoowizard_md|rood|1424
|gen|9
|tier|[Gen 9] OU
|rated|
|rule|HP Percentage Mod: HP is shown in percentages
|rule|Endless Battle Clause: Forcing endless battles is banned
|rule|Species Clause: Limit one of each Pokémon
|rule|OHKO Clause: OHKO moves are banned
|rule|Evasion Items Clause: Evasion items are banned
|rule|Evasion Moves Clause: Evasion moves are banned
|rule|Evasion Abilities Clause: Evasion abilities are banned
|rule|Sleep Moves Clause: Sleep-inducing moves are banned
|clearpoke
|poke|p1|Diancie|
|poke|p1|Blaziken, M|
|poke|p1|Oricorio-Pom-Pom, M|
|poke|p1|Cinderace, M|
|poke|p1|Regidrago|
|poke|p1|Ursaluna, F|
|poke|p2|Magnezone|
|poke|p2|Cinderace, F|
|poke|p2|Regieleki|
|poke|p2|Great Tusk|
|poke|p2|Gholdengo|
|poke|p2|Kyurem|
|teampreview
|inactive|Battle timer is ON: inactive players will automatically lose when time's up. (requested by cyndaquilhat)
|
|t:|1779814344
|teamsize|p1|6
|teamsize|p2|6
|start
|switch|p1a: Ursaluna|Ursaluna, F|100/100
|switch|p2a: Poo Chainz|Cinderace, F|100/100
|turn|1
|
|t:|1779814360
|switch|p1a: Oricorio|Oricorio-Pom-Pom, M|100/100
|move|p2a: Poo Chainz|High Jump Kick|p1a: Oricorio
|-start|p2a: Poo Chainz|typechange|Fighting|[from] ability: Libero
|-resisted|p1a: Oricorio
|-damage|p1a: Oricorio|55/100
|
|upkeep
|turn|2
|
|t:|1779814368
|switch|p2a: Magnum Jones|Magnezone|100/100
|move|p1a: Oricorio|Quiver Dance|p1a: Oricorio
|-boost|p1a: Oricorio|spa|1
|-boost|p1a: Oricorio|spd|1
|-boost|p1a: Oricorio|spe|1
|
|upkeep
|turn|3
|
|t:|1779814380
|move|p1a: Oricorio|Roost|p1a: Oricorio
|-heal|p1a: Oricorio|100/100
|-singleturn|p1a: Oricorio|move: Roost
|move|p2a: Magnum Jones|Discharge|p1a: Oricorio
|-resisted|p1a: Oricorio
|-damage|p1a: Oricorio|60/100
|
|upkeep
|turn|4
|
|t:|1779814388
|move|p1a: Oricorio|Quiver Dance|p1a: Oricorio
|-boost|p1a: Oricorio|spa|1
|-boost|p1a: Oricorio|spd|1
|-boost|p1a: Oricorio|spe|1
|move|p2a: Magnum Jones|Discharge|p1a: Oricorio
|-damage|p1a: Oricorio|0 fnt
|faint|p1a: Oricorio
|
|upkeep
|
|t:|1779814391
|switch|p1a: Ursaluna|Ursaluna, F|100/100
|turn|5
|
|t:|1779814395
|switch|p2a: Gholdengo|Gholdengo|100/100
|-item|p2a: Gholdengo|Air Balloon
|move|p1a: Ursaluna|Trailblaze|p2a: Gholdengo
|-resisted|p2a: Gholdengo
|-damage|p2a: Gholdengo|92/100
|-boost|p1a: Ursaluna|spe|1
|-enditem|p2a: Gholdengo|Air Balloon
|
|-status|p1a: Ursaluna|brn|[from] item: Flame Orb
|upkeep
|turn|6
|
|t:|1779814405
|move|p1a: Ursaluna|Earthquake|p2a: Gholdengo
|-supereffective|p2a: Gholdengo
|-damage|p2a: Gholdengo|0 fnt
|faint|p2a: Gholdengo
|
|-damage|p1a: Ursaluna|94/100 brn|[from] brn
|upkeep
|
|t:|1779814419
|switch|p2a: Victor Krum|Kyurem|100/100
|-ability|p2a: Victor Krum|Pressure
|turn|7
|
|t:|1779814431
|move|p1a: Ursaluna|Facade|p2a: Victor Krum
|-damage|p2a: Victor Krum|0 fnt
|faint|p2a: Victor Krum
|
|-damage|p1a: Ursaluna|88/100 brn|[from] brn
|upkeep
|
|t:|1779814442
|switch|p2a: Poo Chainz|Cinderace, F|100/100
|turn|8
|
|t:|1779814466
|move|p2a: Poo Chainz|High Jump Kick|p1a: Ursaluna
|-start|p2a: Poo Chainz|typechange|Fighting|[from] ability: Libero
|-supereffective|p1a: Ursaluna
|-damage|p1a: Ursaluna|0 fnt
|faint|p1a: Ursaluna
|
|upkeep
|
|t:|1779814471
|switch|p1a: Diancie|Diancie|100/100
|turn|9
|
|t:|1779814478
|switch|p2a: Magnum Jones|Magnezone|100/100
|move|p1a: Diancie|Trick Room|p1a: Diancie
|-fieldstart|move: Trick Room|[of] p1a: Diancie
|
|upkeep
|turn|10
|l|☆cyndaquilhat
|inactive|cyndaquilhat disconnected and has a minute to reconnect!
|player|p1|
|j|☆cyndaquilhat
|inactive|cyndaquilhat reconnected and has 120 seconds left.
|player|p1|cyndaquilhat|backpackerf|
|
|t:|1779814512
|move|p1a: Diancie|Earth Power|p2a: Magnum Jones
|-supereffective|p2a: Magnum Jones
|-damage|p2a: Magnum Jones|0 fnt
|faint|p2a: Magnum Jones
|
|upkeep
|
|t:|1779814515
|switch|p2a: Big Tuskackus|Great Tusk|100/100
|-enditem|p2a: Big Tuskackus|Booster Energy
|-activate|p2a: Big Tuskackus|ability: Protosynthesis|[fromitem]
|-start|p2a: Big Tuskackus|protosynthesisspe
|turn|11
|
|t:|1779814531
|-terastallize|p2a: Big Tuskackus|Ghost
|move|p1a: Diancie|Moonblast|p2a: Big Tuskackus
|-damage|p2a: Big Tuskackus|40/100
|move|p2a: Big Tuskackus|Headlong Rush|p1a: Diancie
|-supereffective|p1a: Diancie
|-damage|p1a: Diancie|17/100
|-unboost|p2a: Big Tuskackus|def|1
|-unboost|p2a: Big Tuskackus|spd|1
|
|upkeep
|turn|12
|
|t:|1779814537
|move|p1a: Diancie|Meteor Beam||[still]
|-prepare|p1a: Diancie|Meteor Beam
|-boost|p1a: Diancie|spa|1
|-enditem|p1a: Diancie|Power Herb
|-anim|p1a: Diancie|Meteor Beam|p2a: Big Tuskackus
|-damage|p2a: Big Tuskackus|0 fnt
|faint|p2a: Big Tuskackus
|-end|p2a: Big Tuskackus|Protosynthesis|[silent]
|
|upkeep
|
|t:|1779814544
|switch|p2a: Poo Chainz|Cinderace, F|100/100
|turn|13
|
|t:|1779814548
|move|p2a: Poo Chainz|Sucker Punch|p1a: Diancie
|-start|p2a: Poo Chainz|typechange|Dark|[from] ability: Libero
|-resisted|p1a: Diancie
|-damage|p1a: Diancie|0 fnt
|faint|p1a: Diancie
|
|-fieldend|move: Trick Room
|upkeep
|
|t:|1779814554
|switch|p1a: Blaziken|Blaziken, M|100/100
|turn|14
|
|t:|1779814559
|switch|p2a: Regieleki|Regieleki|100/100
|move|p1a: Blaziken|Swords Dance|p1a: Blaziken
|-boost|p1a: Blaziken|atk|2
|
|-ability|p1a: Blaziken|Speed Boost|boost
|-boost|p1a: Blaziken|spe|1
|upkeep
|turn|15
|
|t:|1779814564
|move|p2a: Regieleki|Thunderbolt|p1a: Blaziken
|-damage|p1a: Blaziken|0 fnt
|faint|p1a: Blaziken
|
|upkeep
|
|t:|1779814566
|switch|p1a: Regidrago|Regidrago|100/100
|turn|16
|
|t:|1779814570
|move|p2a: Regieleki|Thunderbolt|p1a: Regidrago
|-resisted|p1a: Regidrago
|-damage|p1a: Regidrago|62/100
|move|p1a: Regidrago|Dragon Pulse|p2a: Regieleki
|-damage|p2a: Regieleki|0 fnt
|faint|p2a: Regieleki
|
|upkeep
|
|t:|1779814575
|switch|p2a: Poo Chainz|Cinderace, F|100/100
|turn|17
|
|t:|1779814578
|move|p2a: Poo Chainz|High Jump Kick|p1a: Regidrago
|-start|p2a: Poo Chainz|typechange|Fighting|[from] ability: Libero
|-crit|p1a: Regidrago
|-damage|p1a: Regidrago|0 fnt
|faint|p1a: Regidrago
|
|upkeep
|
|t:|1779814580
|switch|p1a: Cinderace|Cinderace, M|100/100
|turn|18
|
|t:|1779814584
|-terastallize|p1a: Cinderace|Fire
|move|p1a: Cinderace|Pyro Ball|p2a: Poo Chainz
|-damage|p2a: Poo Chainz|0 fnt
|faint|p2a: Poo Chainz
|
|win|cyndaquilhat
|raw|cyndaquilhat's rating: 1340 &rarr; <strong>1365</strong><br />(+25 for winning)
|raw|thepoowizard_md's rating: 1424 &rarr; <strong>1399</strong><br />(-25 for losing)
|l|☆thepoowizard_md
|player|p2|
|l|☆cyndaquilhat
|player|p1|
