|j|☆qqqqk
|j|☆red griphon
|t:|1779900372
|gametype|singles
|player|p1|qqqqk|blaine|1148
|player|p2|red griphon|1|1120
|gen|9
|tier|[Gen 9] OU
|rated|
|rule|HP Percentage Mod: HP is shown in percentages
|rule|Endless Battle Clause: Forcing endless battles is banned
|rule|Species Clause: Limit one of each Pokémon
|rule|OHKO Clause: OHKO moves are banned
|rule|Evasion Items Clause: Evasion items are banned
|rule|Evasion Moves Clause: Evasion moves are banned
|rule|Evasion Abilities Clause: Evasion abilities are banned
|rule|Sleep Moves Clause: Sleep-inducing moves are banned
|clearpoke
|poke|p1|Wooper, F|
|poke|p1|Zarude-Dada|
|poke|p1|Skeledirge, F|
|poke|p1|Slowbro, M|
|poke|p1|Scizor, F|
|poke|p1|Typhlosion, F|
|poke|p2|Torkoal, M|
|poke|p2|Venusaur, F|
|poke|p2|Primarina, M|
|poke|p2|Gliscor, F|
|poke|p2|Dragapult, M|
|poke|p2|Weavile, F|
|teampreview
|inactive|Battle timer is ON: inactive players will automatically lose when time's up. (requested by qqqqk)
|
|t:|1779900388
|teamsize|p1|6
|teamsize|p2|6
|start
|switch|p1a: Wooper|Wooper, F, shiny|100/100
|switch|p2a: Torkoal|Torkoal, M|100/100
|-weather|SunnyDay|[from] ability: Drought|[of] p2a: Torkoal
|-item|p2a: Torkoal|Air Balloon
|turn|1
|
|t:|1779900397
|switch|p2a: Venusaur|Venusaur, F|100/100
|move|p1a: Wooper|Stealth Rock|p2a: Venusaur
|-sidestart|p2: red griphon|move: Stealth Rock
|
|-weather|SunnyDay|[upkeep]
|upkeep
|turn|2
|
|t:|1779900404
|move|p2a: Venusaur|Growth|p2a: Venusaur
|-boost|p2a: Venusaur|atk|2
|-boost|p2a: Venusaur|spa|2
|move|p1a: Wooper|Encore|p2a: Venusaur
|-start|p2a: Venusaur|Encore
|
|-weather|SunnyDay|[upkeep]
|upkeep
|turn|3
|
|t:|1779900413
|switch|p1a: Typhlosion|Typhlosion, F|100/100
|move|p2a: Venusaur|Growth|p2a: Venusaur
|-boost|p2a: Venusaur|atk|2
|-boost|p2a: Venusaur|spa|2
|
|-weather|SunnyDay|[upkeep]
|upkeep
|turn|4
|
|t:|1779900426
|switch|p2a: Torkoal|Torkoal, M|100/100
|-damage|p2a: Torkoal|76/100|[from] Stealth Rock
|-item|p2a: Torkoal|Air Balloon
|move|p1a: Typhlosion|Scorching Sands|p2a: Torkoal
|-immune|p2a: Torkoal
|
|-weather|SunnyDay|[upkeep]
|upkeep
|turn|5
|
|t:|1779900438
|switch|p1a: Slowbro|Slowbro, M, shiny|100/100
|move|p2a: Torkoal|Rapid Spin|p1a: Slowbro
|-damage|p1a: Slowbro|94/100
|-boost|p2a: Torkoal|spe|1
|-damage|p2a: Torkoal|59/100|[from] item: Rocky Helmet|[of] p1a: Slowbro
|-sideend|p2: red griphon|Stealth Rock|[from] move: Rapid Spin|[of] p2a: Torkoal
|
|-weather|none
|upkeep
|turn|6
|
|t:|1779900451
|switch|p2a: Primarina|Primarina, M|100/100
|move|p1a: Slowbro|Thunder Wave|p2a: Primarina
|-status|p2a: Primarina|par
|
|upkeep
|turn|7
|
|t:|1779900460
|move|p1a: Slowbro|Scald|p2a: Primarina
|-resisted|p2a: Primarina
|-damage|p2a: Primarina|92/100 par
|cant|p2a: Primarina|par
|
|-heal|p2a: Primarina|98/100 par|[from] item: Leftovers
|upkeep
|turn|8
|
|t:|1779900479
|switch|p1a: Zarude|Zarude-Dada|100/100
|move|p2a: Primarina|Calm Mind|p2a: Primarina
|-boost|p2a: Primarina|spa|1
|-boost|p2a: Primarina|spd|1
|
|-heal|p2a: Primarina|100/100 par|[from] item: Leftovers
|upkeep
|turn|9
|
|t:|1779900492
|move|p1a: Zarude|Bulk Up|p1a: Zarude
|-boost|p1a: Zarude|atk|1
|-boost|p1a: Zarude|def|1
|move|p2a: Primarina|Moonblast|p1a: Zarude
|-supereffective|p1a: Zarude
|-damage|p1a: Zarude|0 fnt
|faint|p1a: Zarude
|
|upkeep
|inactive|qqqqk has 120 seconds left.
|l|☆qqqqk
|inactive|qqqqk disconnected and has a minute to reconnect!
|player|p1|
|j|☆qqqqk
|inactive|qqqqk reconnected and has 110 seconds left.
|player|p1|qqqqk|blaine|
|
|t:|1779900528
|switch|p1a: Scizor|Scizor, F|100/100
|turn|10
|
|t:|1779900538
|move|p1a: Scizor|Swords Dance|p1a: Scizor
|-boost|p1a: Scizor|atk|2
|move|p2a: Primarina|Sparkling Aria|p1a: Scizor
|-damage|p1a: Scizor|39/100
|
|upkeep
|turn|11
|inactive|qqqqk has 120 seconds left.
|
|t:|1779900545
|move|p1a: Scizor|Bullet Punch|p2a: Primarina
|-damage|p2a: Primarina|25/100 par
|move|p2a: Primarina|Sparkling Aria|p1a: Scizor
|-damage|p1a: Scizor|0 fnt
|faint|p1a: Scizor
|
|-heal|p2a: Primarina|31/100 par|[from] item: Leftovers
|upkeep
|inactive|qqqqk has 120 seconds left.
|
|t:|1779900560
|switch|p1a: Typhlosion|Typhlosion, F|100/100
|turn|12
|
|t:|1779900564
|move|p1a: Typhlosion|Scorching Sands|p2a: Primarina
|-damage|p2a: Primarina|22/100 par
|cant|p2a: Primarina|par
|
|-heal|p2a: Primarina|28/100 par|[from] item: Leftovers
|upkeep
|turn|13
|
|t:|1779900572
|switch|p1a: Slowbro|Slowbro, M, shiny|100/100
|cant|p2a: Primarina|par
|
|-heal|p2a: Primarina|34/100 par|[from] item: Leftovers
|upkeep
|turn|14
|
|t:|1779900586
|move|p1a: Slowbro|Psychic|p2a: Primarina
|-damage|p2a: Primarina|21/100 par
|cant|p2a: Primarina|par
|
|-heal|p2a: Primarina|27/100 par|[from] item: Leftovers
|upkeep
|turn|15
|
|t:|1779900593
|move|p1a: Slowbro|Psychic|p2a: Primarina
|-damage|p2a: Primarina|15/100 par
|move|p2a: Primarina|Moonblast|p1a: Slowbro
|-damage|p1a: Slowbro|42/100
|
|-heal|p2a: Primarina|21/100 par|[from] item: Leftovers
|upkeep
|turn|16
|
|t:|1779900603
|move|p1a: Slowbro|Slack Off|p1a: Slowbro
|-heal|p1a: Slowbro|92/100
|move|p2a: Primarina|Moonblast|p1a: Slowbro
|-damage|p1a: Slowbro|35/100
|
|-heal|p2a: Primarina|27/100 par|[from] item: Leftovers
|upkeep
|turn|17
|
|t:|1779900613
|move|p1a: Slowbro|Slack Off|p1a: Slowbro
|-heal|p1a: Slowbro|85/100
|move|p2a: Primarina|Moonblast|p1a: Slowbro
|-damage|p1a: Slowbro|24/100
|
|-heal|p2a: Primarina|33/100 par|[from] item: Leftovers
|upkeep
|turn|18
|
|t:|1779900623
|switch|p1a: Skeledirge|Skeledirge, F, shiny|100/100
|move|p2a: Primarina|Moonblast|p1a: Skeledirge
|-resisted|p1a: Skeledirge
|-damage|p1a: Skeledirge|81/100
|-unboost|p1a: Skeledirge|spa|1
|
|-heal|p2a: Primarina|39/100 par|[from] item: Leftovers
|upkeep
|turn|19
|
|t:|1779900634
|move|p1a: Skeledirge|Shadow Ball|p2a: Primarina
|-damage|p2a: Primarina|22/100 par
|move|p2a: Primarina|Sparkling Aria|p1a: Skeledirge
|-supereffective|p1a: Skeledirge
|-damage|p1a: Skeledirge|0 fnt
|faint|p1a: Skeledirge
|
|-heal|p2a: Primarina|28/100 par|[from] item: Leftovers
|upkeep
|-message|qqqqk forfeited.
|
|win|red griphon
|raw|qqqqk's rating: 1148 &rarr; <strong>1121</strong><br />(-27 for losing)
|raw|red griphon's rating: 1120 &rarr; <strong>1147</strong><br />(+27 for winning)
|l|☆qqqqk
|player|p1|
