|j|☆rujjtrainer
|j|☆calamitycow
|t:|1779869796
|gametype|singles
|player|p1|rujjtrainer|winona|1397
|player|p2|calamitycow|miku-water|1345
|gen|9
|tier|[Gen 9] OU
|rated|
|rule|HP Percentage Mod: HP is shown in percentages
|rule|Endless Battle Clause: Forcing endless battles is banned
|rule|Species Clause: Limit one of each Pokémon
|rule|OHKO Clause: OHKO moves are banned
|rule|Evasion Items Clause: Evasion items are banned
|rule|Evasion Moves Clause: Evasion moves are banned
|rule|Evasion Abilities Clause: Evasion abilities are banned
|rule|Sleep Moves Clause: Sleep-inducing moves are banned
|clearpoke
|poke|p1|Sinistcha-Masterpiece|
|poke|p1|Gastrodon, F|
|poke|p1|Braviary, M|
|poke|p1|Lucario, M|
|poke|p1|Ceruledge, M|
|poke|p1|Hydreigon, M|
|poke|p2|Samurott-Hisui, M|
|poke|p2|Scizor, M|
|poke|p2|Pecharunt|
|poke|p2|Landorus-Therian, M|
|poke|p2|Latios, M|
|poke|p2|Zamazenta-*|
|teampreview
|inactive|Battle timer is ON: inactive players will automatically lose when time's up. (requested by rujjtrainer)
|
|t:|1779869829
|teamsize|p1|6
|teamsize|p2|6
|start
|switch|p1a: Sinistcha|Sinistcha-Masterpiece|100/100
|switch|p2a: Landorus|Landorus-Therian, M|100/100
|-ability|p2a: Landorus|Intimidate|boost
|-unboost|p1a: Sinistcha|atk|1
|turn|1
|
|t:|1779869852
|move|p2a: Landorus|U-turn|p1a: Sinistcha
|-damage|p1a: Sinistcha|77/100
|
|t:|1779869859
|switch|p2a: Latios|Latios, M|100/100|[from] U-turn
|move|p1a: Sinistcha|Nasty Plot|p1a: Sinistcha
|-boost|p1a: Sinistcha|spa|2
|
|upkeep
|turn|2
|
|t:|1779869866
|move|p2a: Latios|Draco Meteor|p1a: Sinistcha
|-damage|p1a: Sinistcha|0 fnt
|-unboost|p2a: Latios|spa|2
|faint|p1a: Sinistcha
|
|upkeep
|
|t:|1779869874
|switch|p1a: Ceruledge|Ceruledge, M|100/100
|turn|3
|
|t:|1779869885
|switch|p2a: Zamazenta|Zamazenta|100/100
|-ability|p2a: Zamazenta|Dauntless Shield|boost
|-boost|p2a: Zamazenta|def|1
|move|p1a: Ceruledge|Swords Dance|p1a: Ceruledge
|-boost|p1a: Ceruledge|atk|2
|
|upkeep
|turn|4
|
|t:|1779869892
|move|p1a: Ceruledge|Bitter Blade|p2a: Zamazenta
|-damage|p2a: Zamazenta|30/100
|move|p2a: Zamazenta|Roar|p1a: Ceruledge
|drag|p1a: Braviary|Braviary, M|100/100
|
|upkeep
|turn|5
|
|t:|1779869908
|switch|p2a: Samurott|Samurott-Hisui, M|100/100
|move|p1a: Braviary|Brave Bird|p2a: Samurott
|-damage|p2a: Samurott|35/100
|-damage|p1a: Braviary|76/100|[from] Recoil
|
|upkeep
|turn|6
|
|t:|1779869922
|move|p1a: Braviary|Brave Bird|p2a: Samurott
|-damage|p2a: Samurott|0 fnt
|faint|p2a: Samurott
|-damage|p1a: Braviary|64/100|[from] Recoil
|
|upkeep
|
|t:|1779869929
|switch|p2a: Landorus|Landorus-Therian, M|100/100
|-ability|p2a: Landorus|Intimidate|boost
|-unboost|p1a: Braviary|atk|1
|-ability|p1a: Braviary|Defiant|boost
|-boost|p1a: Braviary|atk|2
|turn|7
|
|t:|1779869937
|move|p2a: Landorus|U-turn|p1a: Braviary
|-resisted|p1a: Braviary
|-damage|p1a: Braviary|52/100
|
|t:|1779869941
|switch|p2a: Pecharunt|Pecharunt|100/100|[from] U-turn
|-item|p2a: Pecharunt|Air Balloon
|move|p1a: Braviary|Brave Bird|p2a: Pecharunt
|-damage|p2a: Pecharunt|56/100
|-enditem|p2a: Pecharunt|Air Balloon
|-damage|p1a: Braviary|35/100|[from] Recoil
|
|upkeep
|turn|8
|
|t:|1779869951
|move|p1a: Braviary|Brave Bird|p2a: Pecharunt
|-crit|p2a: Pecharunt
|-damage|p2a: Pecharunt|0 fnt
|faint|p2a: Pecharunt
|-damage|p1a: Braviary|15/100|[from] Recoil
|
|upkeep
|
|t:|1779869956
|switch|p2a: Latios|Latios, M|100/100
|turn|9
|
|t:|1779869959
|move|p2a: Latios|Psychic Noise|p1a: Braviary
|-damage|p1a: Braviary|0 fnt
|faint|p1a: Braviary
|
|upkeep
|
|t:|1779869966
|switch|p1a: Hydreigon|Hydreigon, M|100/100
|turn|10
|
|t:|1779869973
|-terastallize|p2a: Latios|Steel
|move|p2a: Latios|Calm Mind|p2a: Latios
|-boost|p2a: Latios|spa|1
|-boost|p2a: Latios|spd|1
|move|p1a: Hydreigon|Dark Pulse|p2a: Latios
|-damage|p2a: Latios|66/100
|
|upkeep
|turn|11
|
|t:|1779869983
|-terastallize|p1a: Hydreigon|Steel
|move|p2a: Latios|Draco Meteor|p1a: Hydreigon
|-resisted|p1a: Hydreigon
|-damage|p1a: Hydreigon|32/100
|-unboost|p2a: Latios|spa|2
|move|p1a: Hydreigon|Dark Pulse|p2a: Latios
|-damage|p2a: Latios|35/100
|
|upkeep
|turn|12
|
|t:|1779869994
|move|p2a: Latios|Recover|p2a: Latios
|-heal|p2a: Latios|86/100
|move|p1a: Hydreigon|Dark Pulse|p2a: Latios
|-damage|p2a: Latios|56/100
|
|upkeep
|turn|13
|
|t:|1779870000
|move|p2a: Latios|Calm Mind|p2a: Latios
|-boost|p2a: Latios|spa|1
|-boost|p2a: Latios|spd|1
|move|p1a: Hydreigon|Nasty Plot|p1a: Hydreigon
|-boost|p1a: Hydreigon|spa|2
|
|upkeep
|turn|14
|
|t:|1779870006
|move|p2a: Latios|Draco Meteor|p1a: Hydreigon
|-resisted|p1a: Hydreigon
|-damage|p1a: Hydreigon|0 fnt
|-unboost|p2a: Latios|spa|2
|faint|p1a: Hydreigon
|
|upkeep
|
|t:|1779870013
|switch|p1a: Ceruledge|Ceruledge, M|100/100
|turn|15
|
|t:|1779870018
|move|p2a: Latios|Draco Meteor|p1a: Ceruledge|[miss]
|-miss|p2a: Latios|p1a: Ceruledge
|move|p1a: Ceruledge|Swords Dance|p1a: Ceruledge
|-boost|p1a: Ceruledge|atk|2
|
|upkeep
|turn|16
|
|t:|1779870024
|move|p1a: Ceruledge|Shadow Sneak|p2a: Latios
|-damage|p2a: Latios|0 fnt
|faint|p2a: Latios
|
|upkeep
|
|t:|1779870052
|switch|p2a: Landorus|Landorus-Therian, M|100/100
|-ability|p2a: Landorus|Intimidate|boost
|-unboost|p1a: Ceruledge|atk|1
|turn|17
|
|t:|1779870058
|switch|p1a: Gastrodon|Gastrodon, F|100/100
|move|p2a: Landorus|Earthquake|p1a: Gastrodon
|-damage|p1a: Gastrodon|50/100
|
|upkeep
|turn|18
|
|t:|1779870072
|move|p2a: Landorus|Earthquake|p1a: Gastrodon
|-damage|p1a: Gastrodon|2/100
|move|p1a: Gastrodon|Surf|p2a: Landorus
|-supereffective|p2a: Landorus
|-damage|p2a: Landorus|16/100
|
|upkeep
|turn|19
|
|t:|1779870078
|move|p2a: Landorus|Earthquake|p1a: Gastrodon
|-damage|p1a: Gastrodon|0 fnt
|faint|p1a: Gastrodon
|
|upkeep
|
|t:|1779870082
|switch|p1a: Lucario|Lucario, M|100/100
|turn|20
|
|t:|1779870091
|move|p2a: Landorus|Earthquake|p1a: Lucario
|-supereffective|p1a: Lucario
|-damage|p1a: Lucario|0 fnt
|faint|p1a: Lucario
|
|upkeep
|
|t:|1779870096
|switch|p1a: Ceruledge|Ceruledge, M|100/100
|turn|21
|
|t:|1779870100
|move|p1a: Ceruledge|Shadow Sneak|p2a: Landorus
|-damage|p2a: Landorus|0 fnt
|-damage|p1a: Ceruledge|84/100|[from] item: Rocky Helmet|[of] p2a: Landorus
|faint|p2a: Landorus
|
|upkeep
|
|t:|1779870110
|switch|p2a: Zamazenta|Zamazenta|30/100
|turn|22
|
|t:|1779870114
|move|p2a: Zamazenta|Crunch|p1a: Ceruledge
|-supereffective|p1a: Ceruledge
|-damage|p1a: Ceruledge|10/100
|move|p1a: Ceruledge|Bitter Blade|p2a: Zamazenta
|-damage|p2a: Zamazenta|0 fnt
|-heal|p1a: Ceruledge|27/100|[from] drain|[of] p2a: Zamazenta
|faint|p2a: Zamazenta
|
|upkeep
|
|t:|1779870117
|switch|p2a: Scizor|Scizor, M|100/100
|turn|23
|
|t:|1779870124
|move|p1a: Ceruledge|Bitter Blade|p2a: Scizor
|-supereffective|p2a: Scizor
|-damage|p2a: Scizor|0 fnt
|-heal|p1a: Ceruledge|81/100|[from] drain|[of] p2a: Scizor
|faint|p2a: Scizor
|
|win|rujjtrainer
|raw|rujjtrainer's rating: 1397 &rarr; <strong>1414</strong><br />(+17 for winning)
|raw|calamitycow's rating: 1345 &rarr; <strong>1328</strong><br />(-17 for losing)
|l|☆calamitycow
|player|p2|
|l|☆rujjtrainer
|player|p1|
