|j|☆claudechamp
|j|☆ertoren11
|t:|1779892646
|gametype|singles
|player|p1|claudechamp|169|1324
|player|p2|ertoren11|265|1297
|gen|9
|tier|[Gen 9] OU
|rated|
|rule|HP Percentage Mod: HP is shown in percentages
|rule|Endless Battle Clause: Forcing endless battles is banned
|rule|Species Clause: Limit one of each Pokémon
|rule|OHKO Clause: OHKO moves are banned
|rule|Evasion Items Clause: Evasion items are banned
|rule|Evasion Moves Clause: Evasion moves are banned
|rule|Evasion Abilities Clause: Evasion abilities are banned
|rule|Sleep Moves Clause: Sleep-inducing moves are banned
|clearpoke
|poke|p1|Gliscor, M|
|poke|p1|Ogerpon, F|
|poke|p1|Walking Wake|
|poke|p1|Blissey, F|
|poke|p1|Corviknight, M|
|poke|p1|Pecharunt|
|poke|p2|Slowking-Galar, F|
|poke|p2|Corviknight, F|
|poke|p2|Garganacl, F|
|poke|p2|Meowscarada, F|
|poke|p2|Ting-Lu|
|poke|p2|Toxapex, F|
|teampreview
|inactive|Battle timer is ON: inactive players will automatically lose when time's up. (requested by ertoren11)
|c|☆claudechamp|hf
|
|t:|1779892652
|teamsize|p1|6
|teamsize|p2|6
|start
|switch|p1a: Gliscor|Gliscor, M|100/100
|switch|p2a: Meowscarada|Meowscarada, F, shiny|100/100
|turn|1
|inactive|claudechamp also wants the timer to be on.
|
|t:|1779892663
|move|p1a: Gliscor|Protect|p1a: Gliscor
|-singleturn|p1a: Gliscor|Protect
|move|p2a: Meowscarada|U-turn|p1a: Gliscor
|-start|p2a: Meowscarada|typechange|Bug|[from] ability: Protean
|-activate|p1a: Gliscor|move: Protect
|
|-status|p1a: Gliscor|tox|[from] item: Toxic Orb
|upkeep
|turn|2
|
|t:|1779892666
|move|p2a: Meowscarada|U-turn|p1a: Gliscor
|-resisted|p1a: Gliscor
|-damage|p1a: Gliscor|81/100 tox
|
|t:|1779892669
|switch|p2a: Corviknight|Corviknight, F, shiny|100/100|[from] U-turn
|-ability|p2a: Corviknight|Pressure
|move|p1a: Gliscor|Spikes|p2a: Corviknight
|-sidestart|p2: ertoren11|Spikes
|
|-heal|p1a: Gliscor|93/100 tox|[from] ability: Poison Heal
|upkeep
|turn|3
|
|t:|1779892676
|switch|p1a: Blissey|Blissey, F|100/100
|move|p2a: Corviknight|Iron Defense|p2a: Corviknight
|-boost|p2a: Corviknight|def|2
|
|upkeep
|turn|4
|
|t:|1779892688
|move|p2a: Corviknight|Body Press|p1a: Blissey
|-supereffective|p1a: Blissey
|-damage|p1a: Blissey|1/100
|move|p1a: Blissey|Seismic Toss|p2a: Corviknight
|-damage|p2a: Corviknight|75/100
|-damage|p1a: Blissey|0 fnt|[from] item: Rocky Helmet|[of] p2a: Corviknight
|faint|p1a: Blissey
|
|upkeep
|
|t:|1779892692
|switch|p1a: Gliscor|Gliscor, M|93/100 tox
|turn|5
|
|t:|1779892702
|-terastallize|p1a: Gliscor|Ghost
|move|p1a: Gliscor|Protect|p1a: Gliscor
|-singleturn|p1a: Gliscor|Protect
|move|p2a: Corviknight|Defog|p1a: Gliscor
|-activate|p1a: Gliscor|move: Protect
|
|-heal|p1a: Gliscor|100/100 tox|[from] ability: Poison Heal
|upkeep
|turn|6
|
|t:|1779892706
|switch|p1a: Pecharunt|Pecharunt|100/100
|move|p2a: Corviknight|Defog|p1a: Pecharunt
|-unboost|p1a: Pecharunt|evasion|1
|-sideend|p2: ertoren11|Spikes|[from] move: Defog|[of] p2a: Corviknight
|
|upkeep
|turn|7
|
|t:|1779892711
|switch|p2a: Slowking|Slowking-Galar, F|100/100
|move|p1a: Pecharunt|Parting Shot|p2a: Slowking
|-unboost|p2a: Slowking|atk|1
|-unboost|p2a: Slowking|spa|1
|
|t:|1779892714
|switch|p1a: Walking Wake|Walking Wake|100/100|[from] Parting Shot
|
|upkeep
|turn|8
|
|t:|1779892718
|move|p1a: Walking Wake|Surf|p2a: Slowking
|-damage|p2a: Slowking|81/100
|move|p2a: Slowking|Future Sight|p1a: Walking Wake
|-start|p2a: Slowking|move: Future Sight
|
|upkeep
|turn|9
|
|t:|1779892722
|-end|p1a: Walking Wake|Protosynthesis|[silent]
|switch|p1a: Gliscor|Gliscor, M, tera:Ghost|100/100 tox
|switch|p2a: Toxapex|Toxapex, F, shiny|100/100
|
|upkeep
|turn|10
|
|t:|1779892734
|move|p2a: Toxapex|Baneful Bunker|p2a: Toxapex
|-singleturn|p2a: Toxapex|move: Protect
|move|p1a: Gliscor|Spikes|p2a: Toxapex
|-sidestart|p2: ertoren11|Spikes
|
|-end|p1a: Gliscor|move: Future Sight
|-damage|p1a: Gliscor|58/100 tox
|-heal|p1a: Gliscor|70/100 tox|[from] ability: Poison Heal
|upkeep
|turn|11
|
|t:|1779892738
|switch|p1a: Walking Wake|Walking Wake|100/100
|move|p2a: Toxapex|Liquidation|p1a: Walking Wake
|-resisted|p1a: Walking Wake
|-damage|p1a: Walking Wake|95/100
|
|upkeep
|turn|12
|
|t:|1779892749
|move|p1a: Walking Wake|Surf|p2a: Toxapex
|-resisted|p2a: Toxapex
|-crit|p2a: Toxapex
|-damage|p2a: Toxapex|72/100
|move|p2a: Toxapex|Liquidation|p1a: Walking Wake
|-resisted|p1a: Walking Wake
|-damage|p1a: Walking Wake|90/100
|-unboost|p1a: Walking Wake|def|1
|
|-heal|p2a: Toxapex|78/100|[from] item: Leftovers
|upkeep
|turn|13
|
|t:|1779892756
|-end|p1a: Walking Wake|Protosynthesis|[silent]
|switch|p1a: Gliscor|Gliscor, M, tera:Ghost|70/100 tox
|move|p2a: Toxapex|Liquidation|p1a: Gliscor
|-damage|p1a: Gliscor|54/100 tox
|-unboost|p1a: Gliscor|def|1
|
|-heal|p2a: Toxapex|85/100|[from] item: Leftovers
|-heal|p1a: Gliscor|67/100 tox|[from] ability: Poison Heal
|upkeep
|turn|14
|
|t:|1779892762
|move|p1a: Gliscor|Spikes|p2a: Toxapex
|-sidestart|p2: ertoren11|Spikes
|move|p2a: Toxapex|Liquidation|p1a: Gliscor
|-damage|p1a: Gliscor|41/100 tox
|
|-heal|p2a: Toxapex|91/100|[from] item: Leftovers
|-heal|p1a: Gliscor|53/100 tox|[from] ability: Poison Heal
|upkeep
|turn|15
|
|t:|1779892769
|switch|p1a: Walking Wake|Walking Wake|90/100
|move|p2a: Toxapex|Liquidation|p1a: Walking Wake
|-resisted|p1a: Walking Wake
|-damage|p1a: Walking Wake|84/100
|
|-heal|p2a: Toxapex|97/100|[from] item: Leftovers
|upkeep
|turn|16
|
|t:|1779892780
|switch|p2a: Corviknight|Corviknight, F, shiny|75/100
|-ability|p2a: Corviknight|Pressure
|move|p1a: Walking Wake|Surf|p2a: Corviknight
|-damage|p2a: Corviknight|37/100
|
|upkeep
|turn|17
|
|t:|1779892797
|move|p1a: Walking Wake|Surf|p2a: Corviknight
|-damage|p2a: Corviknight|0 fnt
|faint|p2a: Corviknight
|
|upkeep
|
|t:|1779892801
|switch|p2a: Meowscarada|Meowscarada, F, shiny|100/100
|-damage|p2a: Meowscarada|84/100|[from] Spikes
|turn|18
|
|t:|1779892806
|-end|p1a: Walking Wake|Protosynthesis|[silent]
|switch|p1a: Gliscor|Gliscor, M, tera:Ghost|53/100 tox
|move|p2a: Meowscarada|Flower Trick|p1a: Gliscor
|-start|p2a: Meowscarada|typechange|Grass|[from] ability: Protean
|-crit|p1a: Gliscor
|-damage|p1a: Gliscor|0 fnt
|faint|p1a: Gliscor
|
|upkeep
|
|t:|1779892810
|switch|p1a: Ogerpon|Ogerpon, F|100/100
|turn|19
|
|t:|1779892820
|switch|p2a: Ting-Lu|Ting-Lu|100/100
|-damage|p2a: Ting-Lu|84/100|[from] Spikes
|-ability|p2a: Ting-Lu|Vessel of Ruin
|move|p1a: Ogerpon|Knock Off|p2a: Ting-Lu
|-resisted|p2a: Ting-Lu
|-damage|p2a: Ting-Lu|75/100
|-enditem|p2a: Ting-Lu|Leftovers|[from] move: Knock Off|[of] p1a: Ogerpon
|
|upkeep
|turn|20
|
|t:|1779892828
|move|p1a: Ogerpon|Ivy Cudgel|p2a: Ting-Lu
|-supereffective|p2a: Ting-Lu
|-damage|p2a: Ting-Lu|20/100
|move|p2a: Ting-Lu|Ruination|p1a: Ogerpon
|-damage|p1a: Ogerpon|51/100
|
|upkeep
|turn|21
|
|t:|1779892844
|move|p1a: Ogerpon|Ivy Cudgel|p2a: Ting-Lu
|-supereffective|p2a: Ting-Lu
|-crit|p2a: Ting-Lu
|-damage|p2a: Ting-Lu|0 fnt
|faint|p2a: Ting-Lu
|
|upkeep
|
|t:|1779892854
|switch|p2a: Garganacl|Garganacl, F, shiny|100/100
|-damage|p2a: Garganacl|84/100|[from] Spikes
|turn|22
|
|t:|1779892863
|-terastallize|p2a: Garganacl|Grass
|move|p1a: Ogerpon|Knock Off|p2a: Garganacl
|-damage|p2a: Garganacl|67/100
|-enditem|p2a: Garganacl|Leftovers|[from] move: Knock Off|[of] p1a: Ogerpon
|move|p2a: Garganacl|Iron Defense|p2a: Garganacl
|-boost|p2a: Garganacl|def|2
|
|upkeep
|turn|23
|
|t:|1779892875
|move|p1a: Ogerpon|Knock Off|p2a: Garganacl
|-damage|p2a: Garganacl|61/100
|move|p2a: Garganacl|Salt Cure|p1a: Ogerpon
|-damage|p1a: Ogerpon|33/100
|-start|p1a: Ogerpon|Salt Cure
|
|-damage|p1a: Ogerpon|20/100|[from] Salt Cure
|upkeep
|turn|24
|
|t:|1779892888
|move|p1a: Ogerpon|U-turn|p2a: Garganacl
|-supereffective|p2a: Garganacl
|-damage|p2a: Garganacl|49/100
|
|t:|1779892901
|switch|p1a: Pecharunt|Pecharunt|100/100|[from] U-turn
|move|p2a: Garganacl|Recover|p2a: Garganacl
|-heal|p2a: Garganacl|99/100
|
|upkeep
|turn|25
|
|t:|1779892910
|switch|p2a: Slowking|Slowking-Galar, F|100/100
|-damage|p2a: Slowking|84/100|[from] Spikes
|move|p1a: Pecharunt|Malignant Chain|p2a: Slowking
|-resisted|p2a: Slowking
|-damage|p2a: Slowking|77/100
|
|upkeep
|turn|26
|
|t:|1779892922
|move|p1a: Pecharunt|Foul Play|p2a: Slowking
|-supereffective|p2a: Slowking
|-damage|p2a: Slowking|51/100
|move|p2a: Slowking|Future Sight|p1a: Pecharunt
|-start|p2a: Slowking|move: Future Sight
|
|upkeep
|turn|27
|
|t:|1779892935
|move|p1a: Pecharunt|Parting Shot|p2a: Slowking
|-unboost|p2a: Slowking|atk|1
|-unboost|p2a: Slowking|spa|1
|
|t:|1779892947
|switch|p1a: Walking Wake|Walking Wake|84/100|[from] Parting Shot
|move|p2a: Slowking|Flamethrower|p1a: Walking Wake
|-resisted|p1a: Walking Wake
|-damage|p1a: Walking Wake|79/100
|
|upkeep
|turn|28
|
|t:|1779892953
|move|p1a: Walking Wake|Draco Meteor|p2a: Slowking
|-damage|p2a: Slowking|21/100
|-unboost|p1a: Walking Wake|spa|2
|move|p2a: Slowking|Sludge Bomb|p1a: Walking Wake
|-damage|p1a: Walking Wake|51/100
|
|-end|p1a: Walking Wake|move: Future Sight
|-damage|p1a: Walking Wake|12/100
|upkeep
|turn|29
|
|t:|1779892962
|move|p1a: Walking Wake|Draco Meteor|p2a: Slowking
|-damage|p2a: Slowking|8/100
|-unboost|p1a: Walking Wake|spa|2
|move|p2a: Slowking|Sludge Bomb|p1a: Walking Wake
|-damage|p1a: Walking Wake|0 fnt
|faint|p1a: Walking Wake
|-end|p1a: Walking Wake|Protosynthesis|[silent]
|
|upkeep
|
|t:|1779892962
|switch|p1a: Corviknight|Corviknight, M|100/100
|-ability|p1a: Corviknight|Pressure
|turn|30
|
|t:|1779892967
|switch|p2a: Toxapex|Toxapex, F, shiny|100/100
|-damage|p2a: Toxapex|84/100|[from] Spikes
|move|p1a: Corviknight|U-turn|p2a: Toxapex
|-resisted|p2a: Toxapex
|-damage|p2a: Toxapex|80/100
|
|t:|1779892973
|switch|p1a: Pecharunt|Pecharunt|100/100|[from] U-turn
|
|-heal|p2a: Toxapex|86/100|[from] item: Leftovers
|upkeep
|turn|31
|
|t:|1779892982
|move|p1a: Pecharunt|Parting Shot|p2a: Toxapex
|-unboost|p2a: Toxapex|atk|1
|-unboost|p2a: Toxapex|spa|1
|
|t:|1779892989
|switch|p1a: Corviknight|Corviknight, M|100/100|[from] Parting Shot
|-ability|p1a: Corviknight|Pressure
|move|p2a: Toxapex|Liquidation|p1a: Corviknight
|-damage|p1a: Corviknight|92/100
|-unboost|p1a: Corviknight|def|1
|
|-heal|p2a: Toxapex|92/100|[from] item: Leftovers
|upkeep
|turn|32
|
|t:|1779893001
|move|p1a: Corviknight|U-turn|p2a: Toxapex
|-resisted|p2a: Toxapex
|-damage|p2a: Toxapex|88/100
|
|t:|1779893009
|switch|p1a: Pecharunt|Pecharunt|100/100|[from] U-turn
|move|p2a: Toxapex|Liquidation|p1a: Pecharunt
|-damage|p1a: Pecharunt|95/100
|
|-heal|p2a: Toxapex|94/100|[from] item: Leftovers
|upkeep
|turn|33
|
|t:|1779893019
|move|p1a: Pecharunt|Recover|p1a: Pecharunt
|-heal|p1a: Pecharunt|100/100
|move|p2a: Toxapex|Haze|p2a: Toxapex
|-clearallboost
|
|-heal|p2a: Toxapex|100/100|[from] item: Leftovers
|upkeep
|turn|34
|
|t:|1779893026
|move|p1a: Pecharunt|Parting Shot|p2a: Toxapex
|-unboost|p2a: Toxapex|atk|1
|-unboost|p2a: Toxapex|spa|1
|
|t:|1779893036
|switch|p1a: Corviknight|Corviknight, M|92/100|[from] Parting Shot
|-ability|p1a: Corviknight|Pressure
|move|p2a: Toxapex|Liquidation|p1a: Corviknight
|-damage|p1a: Corviknight|83/100
|
|upkeep
|turn|35
|
|t:|1779893044
|move|p2a: Toxapex|Baneful Bunker|p2a: Toxapex
|-singleturn|p2a: Toxapex|move: Protect
|move|p1a: Corviknight|Roost|p1a: Corviknight
|-heal|p1a: Corviknight|100/100
|-singleturn|p1a: Corviknight|move: Roost
|
|upkeep
|turn|36
|
|t:|1779893053
|switch|p2a: Slowking|Slowking-Galar, F|41/100
|-damage|p2a: Slowking|25/100|[from] Spikes
|move|p1a: Corviknight|U-turn|p2a: Slowking
|-damage|p2a: Slowking|8/100
|
|t:|1779893059
|switch|p1a: Ogerpon|Ogerpon, F|20/100|[from] U-turn
|
|upkeep
|turn|37
|
|t:|1779893062
|move|p1a: Ogerpon|U-turn|p2a: Slowking
|-damage|p2a: Slowking|0 fnt
|faint|p2a: Slowking
|
|t:|1779893063
|switch|p1a: Corviknight|Corviknight, M|100/100|[from] U-turn
|-ability|p1a: Corviknight|Pressure
|
|upkeep
|
|t:|1779893072
|switch|p2a: Garganacl|Garganacl, F, shiny, tera:Grass|99/100
|-damage|p2a: Garganacl|82/100|[from] Spikes
|turn|38
|
|t:|1779893079
|move|p1a: Corviknight|U-turn|p2a: Garganacl
|-supereffective|p2a: Garganacl
|-damage|p2a: Garganacl|68/100
|
|t:|1779893088
|switch|p1a: Pecharunt|Pecharunt|100/100|[from] U-turn
|move|p2a: Garganacl|Salt Cure|p1a: Pecharunt
|-damage|p1a: Pecharunt|94/100
|-start|p1a: Pecharunt|Salt Cure
|
|-damage|p1a: Pecharunt|82/100|[from] Salt Cure
|upkeep
|turn|39
|
|t:|1779893098
|switch|p2a: Meowscarada|Meowscarada, F, shiny|84/100
|-damage|p2a: Meowscarada|67/100|[from] Spikes
|move|p1a: Pecharunt|Malignant Chain|p2a: Meowscarada
|-supereffective|p2a: Meowscarada
|-damage|p2a: Meowscarada|0 fnt
|faint|p2a: Meowscarada
|
|-damage|p1a: Pecharunt|69/100|[from] Salt Cure
|upkeep
|-message|ertoren11 forfeited.
|
|win|claudechamp
|raw|claudechamp's rating: 1255 &rarr; <strong>1283</strong><br />(+28 for winning)
|raw|ertoren11's rating: 1297 &rarr; <strong>1269</strong><br />(-28 for losing)
|c|☆claudechamp|gg
|l|☆ertoren11
|player|p2|
