|badge|p2|gold|gen9ou|3-9
|uhtml|medal-msg|<div class="broadcast-blue">Curious what those medals under the avatar are? PS now has Ladder Seasons! For more information, check out the <a href="https://www.smogon.com/forums/threads/3740067/">thread on Smogon.</a></div>
|j|‽ClRCUS MAXIMUS
|j|☆RobinaAddMyPalFuwa
|t:|1779846349
|gametype|singles
|player|p1|ClRCUS MAXIMUS|rood|1747
|player|p2|RobinaAddMyPalFuwa|skyla|1998
|gen|9
|tier|[Gen 9] OU
|rated|
|rule|HP Percentage Mod: HP is shown in percentages
|rule|Endless Battle Clause: Forcing endless battles is banned
|rule|Species Clause: Limit one of each Pokémon
|rule|OHKO Clause: OHKO moves are banned
|rule|Evasion Items Clause: Evasion items are banned
|rule|Evasion Moves Clause: Evasion moves are banned
|rule|Evasion Abilities Clause: Evasion abilities are banned
|rule|Sleep Moves Clause: Sleep-inducing moves are banned
|clearpoke
|poke|p1|Ribombee, F|
|poke|p1|Gholdengo|
|poke|p1|Great Tusk|
|poke|p1|Raging Bolt|
|poke|p1|Ogerpon-Cornerstone, F|
|poke|p1|Ceruledge, M|
|poke|p2|Pelipper, L99, F|
|poke|p2|Barraskewda, F|
|poke|p2|Raging Bolt|
|poke|p2|Golduck, F|
|poke|p2|Pawmot, F|
|poke|p2|Tentacruel, F|
|teampreview
|
|t:|1779846355
|teamsize|p1|6
|teamsize|p2|6
|start
|switch|p1a: Ribombee|Ribombee, F, shiny|100/100
|switch|p2a: Ghoti carrier|Pelipper, L99, F|100/100
|-weather|RainDance|[from] ability: Drizzle|[of] p2a: Ghoti carrier
|turn|1
|inactive|Battle timer is ON: inactive players will automatically lose when time's up. (requested by ClRCUS MAXIMUS)
|
|t:|1779846360
|move|p1a: Ribombee|Sticky Web|p2a: Ghoti carrier
|-sidestart|p2: RobinaAddMyPalFuwa|move: Sticky Web
|move|p2a: Ghoti carrier|U-turn|p1a: Ribombee
|-resisted|p1a: Ribombee
|-damage|p1a: Ribombee|92/100
|
|t:|1779846362
|switch|p2a: ExSkewda Me|Barraskewda, F|100/100|[from] U-turn
|-activate|p2a: ExSkewda Me|move: Sticky Web
|-unboost|p2a: ExSkewda Me|spe|1
|
|-weather|RainDance|[upkeep]
|upkeep
|turn|2
|
|t:|1779846365
|move|p2a: ExSkewda Me|Liquidation|p1a: Ribombee
|-damage|p1a: Ribombee|0 fnt
|faint|p1a: Ribombee
|
|-weather|RainDance|[upkeep]
|upkeep
|
|t:|1779846374
|switch|p1a: Ceruledge|Ceruledge, M, shiny|100/100
|turn|3
|
|t:|1779846377
|move|p2a: ExSkewda Me|Flip Turn|p1a: Ceruledge
|-supereffective|p1a: Ceruledge
|-enditem|p1a: Ceruledge|Focus Sash
|-damage|p1a: Ceruledge|1/100
|-ability|p1a: Ceruledge|Weak Armor|boost
|-unboost|p1a: Ceruledge|def|1
|-boost|p1a: Ceruledge|spe|2
|
|t:|1779846384
|switch|p2a: Great Neck|Raging Bolt|100/100|[from] Flip Turn
|-activate|p2a: Great Neck|move: Sticky Web
|-unboost|p2a: Great Neck|spe|1
|move|p1a: Ceruledge|Poltergeist|p2a: Great Neck
|-activate|p2a: Great Neck|move: Poltergeist|Leftovers
|-damage|p2a: Great Neck|49/100
|
|-weather|RainDance|[upkeep]
|-heal|p2a: Great Neck|56/100|[from] item: Leftovers
|upkeep
|turn|4
|
|t:|1779846389
|move|p1a: Ceruledge|Poltergeist|p2a: Great Neck
|-activate|p2a: Great Neck|move: Poltergeist|Leftovers
|-damage|p2a: Great Neck|0 fnt
|faint|p2a: Great Neck
|-end|p2a: Great Neck|Protosynthesis|[silent]
|
|-weather|RainDance|[upkeep]
|upkeep
|
|t:|1779846396
|switch|p2a: Ghoti carrier|Pelipper, L99, F|100/100
|turn|5
|
|t:|1779846398
|move|p1a: Ceruledge|Poltergeist|p2a: Ghoti carrier
|-activate|p2a: Ghoti carrier|move: Poltergeist|Damp Rock
|-damage|p2a: Ghoti carrier|54/100
|move|p2a: Ghoti carrier|U-turn|p1a: Ceruledge
|-resisted|p1a: Ceruledge
|-damage|p1a: Ceruledge|0 fnt
|faint|p1a: Ceruledge
|
|t:|1779846402
|switch|p2a: ExSkewda Me|Barraskewda, F|100/100|[from] U-turn
|-activate|p2a: ExSkewda Me|move: Sticky Web
|-unboost|p2a: ExSkewda Me|spe|1
|
|-weather|RainDance|[upkeep]
|upkeep
|
|t:|1779846410
|switch|p1a: Raging Bolt|Raging Bolt|100/100
|-enditem|p1a: Raging Bolt|Booster Energy
|-activate|p1a: Raging Bolt|ability: Protosynthesis|[fromitem]
|-start|p1a: Raging Bolt|protosynthesisspa
|turn|6
|
|t:|1779846413
|move|p2a: ExSkewda Me|Flip Turn|p1a: Raging Bolt
|-resisted|p1a: Raging Bolt
|-damage|p1a: Raging Bolt|73/100
|
|t:|1779846415
|switch|p2a: Spaghetti Too|Tentacruel, F|100/100|[from] Flip Turn
|-activate|p2a: Spaghetti Too|move: Sticky Web
|-unboost|p2a: Spaghetti Too|spe|1
|move|p1a: Raging Bolt|Thunderbolt|p2a: Spaghetti Too
|-supereffective|p2a: Spaghetti Too
|-damage|p2a: Spaghetti Too|41/100
|
|-weather|RainDance|[upkeep]
|-heal|p2a: Spaghetti Too|47/100|[from] ability: Rain Dish
|upkeep
|turn|7
|
|t:|1779846420
|move|p1a: Raging Bolt|Thunderbolt|p2a: Spaghetti Too
|-supereffective|p2a: Spaghetti Too
|-damage|p2a: Spaghetti Too|0 fnt
|faint|p2a: Spaghetti Too
|
|-weather|RainDance|[upkeep]
|upkeep
|
|t:|1779846422
|switch|p2a: Really want eject|Pawmot, F|100/100
|-activate|p2a: Really want eject|move: Sticky Web
|-unboost|p2a: Really want eject|spe|1
|turn|8
|
|t:|1779846428
|-end|p1a: Raging Bolt|Protosynthesis|[silent]
|switch|p1a: Gholdengo|Gholdengo, shiny|100/100
|-item|p1a: Gholdengo|Air Balloon
|-terastallize|p2a: Really want eject|Fairy
|move|p2a: Really want eject|Revival Blessing|p2a: Really want eject
|-enditem|p2a: Really want eject|Leppa Berry|[eat]
|-activate|p2a: Really want eject|item: Leppa Berry|Revival Blessing|[consumed]
|
|t:|1779846431
|-heal|p2: Spaghetti Too|50/100|[from] move: Revival Blessing
|
|-weather|none
|upkeep
|turn|9
|
|t:|1779846435
|switch|p2a: Spaghetti Too|Tentacruel, F|50/100
|-activate|p2a: Spaghetti Too|move: Sticky Web
|-unboost|p2a: Spaghetti Too|spe|1
|move|p1a: Gholdengo|Nasty Plot|p1a: Gholdengo
|-boost|p1a: Gholdengo|spa|2
|
|upkeep
|turn|10
|
|t:|1779846437
|switch|p2a: Ghoti carrier|Pelipper, L99, F|54/100
|-weather|RainDance|[from] ability: Drizzle|[of] p2a: Ghoti carrier
|move|p1a: Gholdengo|Psyshock|p2a: Ghoti carrier
|-damage|p2a: Ghoti carrier|9/100
|
|-weather|RainDance|[upkeep]
|upkeep
|turn|11
|
|t:|1779846440
|switch|p2a: Spaghetti Too|Tentacruel, F|50/100
|-activate|p2a: Spaghetti Too|move: Sticky Web
|-unboost|p2a: Spaghetti Too|spe|1
|move|p1a: Gholdengo|Shadow Ball|p2a: Spaghetti Too
|-damage|p2a: Spaghetti Too|13/100
|
|-weather|RainDance|[upkeep]
|-heal|p2a: Spaghetti Too|19/100|[from] ability: Rain Dish
|upkeep
|turn|12
|
|t:|1779846442
|move|p1a: Gholdengo|Shadow Ball|p2a: Spaghetti Too
|-damage|p2a: Spaghetti Too|0 fnt
|faint|p2a: Spaghetti Too
|
|-weather|RainDance|[upkeep]
|upkeep
|j| mrblue69
|
|t:|1779846444
|switch|p2a: Seaking Duck|Golduck, F|100/100
|-activate|p2a: Seaking Duck|move: Sticky Web
|-unboost|p2a: Seaking Duck|spe|1
|turn|13
|
|t:|1779846448
|move|p2a: Seaking Duck|Hydro Pump|p1a: Gholdengo
|-damage|p1a: Gholdengo|0 fnt
|-enditem|p1a: Gholdengo|Air Balloon
|faint|p1a: Gholdengo
|-damage|p2a: Seaking Duck|91/100|[from] item: Life Orb
|
|-weather|RainDance|[upkeep]
|upkeep
|j| FaronAan
|
|t:|1779846454
|switch|p1a: Ogerpon|Ogerpon-Cornerstone, F|100/100
|turn|14
|
|t:|1779846458
|move|p2a: Seaking Duck|Ice Beam|p1a: Ogerpon
|-supereffective|p1a: Ogerpon
|-damage|p1a: Ogerpon|13/100
|-damage|p2a: Seaking Duck|81/100|[from] item: Life Orb
|move|p1a: Ogerpon|Ivy Cudgel|p2a: Seaking Duck|[anim] Ivy Cudgel Rock
|-crit|p2a: Seaking Duck
|-damage|p2a: Seaking Duck|0 fnt
|faint|p2a: Seaking Duck
|
|-weather|RainDance|[upkeep]
|upkeep
|
|t:|1779846461
|switch|p2a: ExSkewda Me|Barraskewda, F|100/100
|-activate|p2a: ExSkewda Me|move: Sticky Web
|-unboost|p2a: ExSkewda Me|spe|1
|turn|15
|
|t:|1779846464
|switch|p1a: Raging Bolt|Raging Bolt|73/100
|move|p2a: ExSkewda Me|Liquidation|p1a: Raging Bolt
|-resisted|p1a: Raging Bolt
|-damage|p1a: Raging Bolt|33/100
|
|-weather|RainDance|[upkeep]
|upkeep
|turn|16
|
|t:|1779846471
|-end|p1a: Raging Bolt|Protosynthesis|[silent]
|switch|p1a: Ogerpon|Ogerpon-Cornerstone, F|13/100
|move|p2a: ExSkewda Me|Liquidation|p1a: Ogerpon
|-damage|p1a: Ogerpon|0 fnt
|faint|p1a: Ogerpon
|
|-weather|RainDance|[upkeep]
|upkeep
|
|t:|1779846477
|switch|p1a: Raging Bolt|Raging Bolt|33/100
|turn|17
|
|t:|1779846482
|switch|p2a: Really want eject|Pawmot, F, tera:Fairy|100/100
|-activate|p2a: Really want eject|move: Sticky Web
|-unboost|p2a: Really want eject|spe|1
|move|p1a: Raging Bolt|Calm Mind|p1a: Raging Bolt
|-boost|p1a: Raging Bolt|spa|1
|-boost|p1a: Raging Bolt|spd|1
|
|-weather|none
|upkeep
|turn|18
|
|t:|1779846497
|-end|p1a: Raging Bolt|Protosynthesis|[silent]
|switch|p1a: Great Tusk|Great Tusk, shiny|100/100
|-enditem|p1a: Great Tusk|Booster Energy
|-activate|p1a: Great Tusk|ability: Protosynthesis|[fromitem]
|-start|p1a: Great Tusk|protosynthesisatk
|move|p2a: Really want eject|Revival Blessing|p2a: Really want eject
|l| mrblue69
|inactive|RobinaAddMyPalFuwa has 120 seconds left.
|
|t:|1779846519
|-heal|p2: Great Neck|50/100|[from] move: Revival Blessing
|
|upkeep
|turn|19
|
|t:|1779846525
|switch|p2a: Ghoti carrier|Pelipper, L99, F|9/100
|-weather|RainDance|[from] ability: Drizzle|[of] p2a: Ghoti carrier
|move|p1a: Great Tusk|Rapid Spin|p2a: Ghoti carrier
|-damage|p2a: Ghoti carrier|0 fnt
|-boost|p1a: Great Tusk|spe|1
|faint|p2a: Ghoti carrier
|
|-weather|RainDance|[upkeep]
|upkeep
|
|t:|1779846528
|switch|p2a: ExSkewda Me|Barraskewda, F|100/100
|-activate|p2a: ExSkewda Me|move: Sticky Web
|-unboost|p2a: ExSkewda Me|spe|1
|turn|20
|
|t:|1779846535
|-terastallize|p1a: Great Tusk|Fighting
|move|p2a: ExSkewda Me|Liquidation|p1a: Great Tusk
|-damage|p1a: Great Tusk|40/100
|move|p1a: Great Tusk|Close Combat|p2a: ExSkewda Me
|-damage|p2a: ExSkewda Me|0 fnt
|-unboost|p1a: Great Tusk|def|1
|-unboost|p1a: Great Tusk|spd|1
|faint|p2a: ExSkewda Me
|
|-weather|RainDance|[upkeep]
|upkeep
|
|t:|1779846540
|switch|p2a: Great Neck|Raging Bolt|50/100
|-activate|p2a: Great Neck|move: Sticky Web
|-unboost|p2a: Great Neck|spe|1
|turn|21
|
|t:|1779846543
|-end|p1a: Great Tusk|Protosynthesis|[silent]
|switch|p1a: Raging Bolt|Raging Bolt|33/100
|move|p2a: Great Neck|Thunderclap||[still]
|-fail|p2a: Great Neck
|
|-weather|RainDance|[upkeep]
|-heal|p2a: Great Neck|57/100|[from] item: Leftovers
|upkeep
|turn|22
|inactive|RobinaAddMyPalFuwa has 120 seconds left.
|
|t:|1779846592
|-end|p1a: Raging Bolt|Protosynthesis|[silent]
|switch|p1a: Great Tusk|Great Tusk, shiny, tera:Fighting|40/100
|move|p2a: Great Neck|Draco Meteor|p1a: Great Tusk
|-damage|p1a: Great Tusk|0 fnt
|-unboost|p2a: Great Neck|spa|2
|faint|p1a: Great Tusk
|-end|p1a: Great Tusk|Protosynthesis|[silent]
|
|-weather|RainDance|[upkeep]
|-heal|p2a: Great Neck|63/100|[from] item: Leftovers
|upkeep
|-message|ClRCUS MAXIMUS forfeited.
|
|win|RobinaAddMyPalFuwa
|raw|ClRCUS MAXIMUS's rating: 1747 &rarr; <strong>1739</strong><br />(-8 for losing)
|raw|RobinaAddMyPalFuwa's rating: 1998 &rarr; <strong>2006</strong><br />(+8 for winning)
|l|‽ClRCUS MAXIMUS
|player|p1|
|l| FaronAan
