|j|☆jogonzal101
|j|☆spreadcrosser
|t:|1779906786
|gametype|singles
|player|p1|jogonzal101|hilbert|1344
|player|p2|spreadcrosser|170|1371
|gen|9
|tier|[Gen 9] OU
|rated|
|rule|HP Percentage Mod: HP is shown in percentages
|rule|Endless Battle Clause: Forcing endless battles is banned
|rule|Species Clause: Limit one of each Pokémon
|rule|OHKO Clause: OHKO moves are banned
|rule|Evasion Items Clause: Evasion items are banned
|rule|Evasion Moves Clause: Evasion moves are banned
|rule|Evasion Abilities Clause: Evasion abilities are banned
|rule|Sleep Moves Clause: Sleep-inducing moves are banned
|clearpoke
|poke|p1|Umbreon, F|
|poke|p1|Gholdengo|
|poke|p1|Rillaboom, F|
|poke|p1|Great Tusk|
|poke|p1|Zapdos|
|poke|p1|Glimmora, F|
|poke|p2|Iron Hands|
|poke|p2|Greninja-*, M|
|poke|p2|Cinderace, F|
|poke|p2|Zapdos|
|poke|p2|Iron Moth|
|poke|p2|Mamoswine, M|
|teampreview
|inactive|Battle timer is ON: inactive players will automatically lose when time's up. (requested by spreadcrosser)
|
|t:|1779906809
|teamsize|p1|6
|teamsize|p2|6
|start
|switch|p1a: Rillacif|Rillaboom, F|100/100
|switch|p2a: Iron Moth|Iron Moth|100/100
|-fieldstart|move: Grassy Terrain|[from] ability: Grassy Surge|[of] p1a: Rillacif
|-enditem|p2a: Iron Moth|Booster Energy
|-activate|p2a: Iron Moth|ability: Quark Drive|[fromitem]
|-start|p2a: Iron Moth|quarkdrivespe
|turn|1
|
|t:|1779906822
|switch|p1a: Cifora|Glimmora, F|100/100
|move|p2a: Iron Moth|Fiery Dance|p1a: Cifora
|-resisted|p1a: Cifora
|-damage|p1a: Cifora|71/100
|
|-heal|p1a: Cifora|77/100|[from] Grassy Terrain
|upkeep
|turn|2
|
|t:|1779906829
|move|p2a: Iron Moth|Psychic|p1a: Cifora
|-supereffective|p1a: Cifora
|-damage|p1a: Cifora|0 fnt
|faint|p1a: Cifora
|
|upkeep
|
|t:|1779906835
|switch|p1a: Zapcif|Zapdos|100/100
|turn|3
|
|t:|1779906842
|-end|p2a: Iron Moth|Quark Drive|[silent]
|switch|p2a: Mamoswine|Mamoswine, M|100/100
|move|p1a: Zapcif|Thunder Wave|p2a: Mamoswine
|-immune|p2a: Mamoswine
|
|upkeep
|turn|4
|
|t:|1779906850
|switch|p1a: Jaymey|Umbreon, F, shiny|100/100
|move|p2a: Mamoswine|Trailblaze|p1a: Jaymey
|-damage|p1a: Jaymey|86/100
|-boost|p2a: Mamoswine|spe|1
|
|-heal|p1a: Jaymey|92/100|[from] Grassy Terrain
|upkeep
|turn|5
|
|t:|1779906856
|switch|p2a: Cinderace|Cinderace, F|100/100
|move|p1a: Jaymey|Foul Play|p2a: Cinderace
|-damage|p2a: Cinderace|38/100
|
|-heal|p2a: Cinderace|44/100|[from] Grassy Terrain
|-heal|p1a: Jaymey|98/100|[from] Grassy Terrain
|-fieldend|move: Grassy Terrain
|upkeep
|turn|6
|
|t:|1779906857
|move|p2a: Cinderace|U-turn|p1a: Jaymey
|-start|p2a: Cinderace|typechange|Bug|[from] ability: Libero
|-supereffective|p1a: Jaymey
|-damage|p1a: Jaymey|25/100
|
|t:|1779906868
|switch|p2a: Greninja|Greninja, M|100/100|[from] U-turn
|move|p1a: Jaymey|Foul Play|p2a: Greninja
|-resisted|p2a: Greninja
|-damage|p2a: Greninja|76/100
|
|upkeep
|turn|7
|
|t:|1779906875
|switch|p1a: Zapcif|Zapdos|100/100
|move|p2a: Greninja|Hydro Pump|p1a: Zapcif|[miss]
|-miss|p2a: Greninja|p1a: Zapcif
|
|upkeep
|turn|8
|
|t:|1779906881
|switch|p1a: Jaymey|Umbreon, F, shiny|25/100
|-terastallize|p2a: Greninja|Ghost
|move|p2a: Greninja|Dark Pulse|p1a: Jaymey
|-resisted|p1a: Jaymey
|-damage|p1a: Jaymey|11/100
|-damage|p2a: Greninja|67/100|[from] item: Life Orb
|
|upkeep
|turn|9
|l|☆spreadcrosser
|inactive|spreadcrosser disconnected and has a minute to reconnect!
|player|p2|
|j|☆spreadcrosser
|inactive|spreadcrosser reconnected and has 135 seconds left.
|player|p2|spreadcrosser|170|
|l|☆spreadcrosser
|inactive|spreadcrosser disconnected and has a minute to reconnect!
|player|p2|
|j|☆spreadcrosser
|inactive|spreadcrosser reconnected and has 135 seconds left.
|player|p2|spreadcrosser|170|
|c|☆jogonzal101|bad internet?
|
|t:|1779906904
|move|p1a: Jaymey|Protect|p1a: Jaymey
|-singleturn|p1a: Jaymey|Protect
|move|p2a: Greninja|Water Shuriken|p1a: Jaymey
|-activate|p1a: Jaymey|move: Protect
|
|upkeep
|turn|10
|
|t:|1779906911
|switch|p1a: Rillacif|Rillaboom, F|100/100
|-fieldstart|move: Grassy Terrain|[from] ability: Grassy Surge|[of] p1a: Rillacif
|move|p2a: Greninja|Dark Pulse|p1a: Rillacif
|-damage|p1a: Rillacif|46/100
|-damage|p2a: Greninja|57/100|[from] item: Life Orb
|
|-heal|p2a: Greninja|63/100|[from] Grassy Terrain
|-heal|p1a: Rillacif|52/100|[from] Grassy Terrain
|upkeep
|turn|11
|
|t:|1779906931
|move|p1a: Rillacif|Grassy Glide|p2a: Greninja
|-damage|p2a: Greninja|0 fnt
|faint|p2a: Greninja
|
|-heal|p1a: Rillacif|58/100|[from] Grassy Terrain
|upkeep
|
|t:|1779906935
|switch|p2a: Iron Moth|Iron Moth|100/100
|turn|12
|
|t:|1779906940
|switch|p1a: Jaymey|Umbreon, F, shiny|11/100
|move|p2a: Iron Moth|Fiery Dance|p1a: Jaymey
|-damage|p1a: Jaymey|0 fnt
|-boost|p2a: Iron Moth|spa|1
|faint|p1a: Jaymey
|
|upkeep
|
|t:|1779906942
|switch|p1a: Zapcif|Zapdos|100/100
|turn|13
|
|t:|1779906947
|move|p2a: Iron Moth|Fiery Dance|p1a: Zapcif
|-damage|p1a: Zapcif|46/100
|-boost|p2a: Iron Moth|spa|1
|move|p1a: Zapcif|Thunder Wave|p2a: Iron Moth
|-status|p2a: Iron Moth|par
|
|upkeep
|turn|14
|
|t:|1779906953
|move|p1a: Zapcif|Roost|p1a: Zapcif
|-heal|p1a: Zapcif|97/100
|-singleturn|p1a: Zapcif|move: Roost
|move|p2a: Iron Moth|Fiery Dance|p1a: Zapcif
|-damage|p1a: Zapcif|26/100
|-boost|p2a: Iron Moth|spa|1
|
|-heal|p1a: Zapcif|32/100|[from] Grassy Terrain
|-fieldend|move: Grassy Terrain
|upkeep
|turn|15
|
|t:|1779906955
|move|p1a: Zapcif|Hurricane|p2a: Iron Moth|[miss]
|-miss|p1a: Zapcif|p2a: Iron Moth
|move|p2a: Iron Moth|Fiery Dance|p1a: Zapcif
|-damage|p1a: Zapcif|0 fnt
|faint|p1a: Zapcif
|
|upkeep
|
|t:|1779906957
|switch|p1a: Great Cif|Great Tusk|100/100
|turn|16
|
|t:|1779906959
|-end|p2a: Iron Moth|Quark Drive|[silent]
|switch|p2a: Zapdos|Zapdos|100/100
|move|p1a: Great Cif|Headlong Rush|p2a: Zapdos
|-immune|p2a: Zapdos
|
|upkeep
|turn|17
|
|t:|1779906965
|-end|p1a: Great Cif|Protosynthesis|[silent]
|switch|p1a: Gholdencif|Gholdengo|100/100
|move|p2a: Zapdos|Volt Switch|p1a: Gholdencif
|-damage|p1a: Gholdencif|62/100
|
|t:|1779906969
|switch|p2a: Mamoswine|Mamoswine, M|100/100|[from] Volt Switch
|
|upkeep
|turn|18
|
|t:|1779906972
|move|p1a: Gholdencif|Make It Rain|p2a: Mamoswine
|-supereffective|p2a: Mamoswine
|-damage|p2a: Mamoswine|0 fnt
|-unboost|p1a: Gholdencif|spa|1
|faint|p2a: Mamoswine
|
|upkeep
|
|t:|1779906976
|switch|p2a: Cinderace|Cinderace, F|44/100
|turn|19
|
|t:|1779906986
|move|p1a: Gholdencif|Make It Rain|p2a: Cinderace
|-resisted|p2a: Cinderace
|-damage|p2a: Cinderace|14/100
|-unboost|p1a: Gholdencif|spa|1
|move|p2a: Cinderace|Pyro Ball|p1a: Gholdencif
|-supereffective|p1a: Gholdencif
|-damage|p1a: Gholdencif|0 fnt
|faint|p1a: Gholdencif
|
|upkeep
|
|t:|1779906990
|switch|p1a: Rillacif|Rillaboom, F|58/100
|-fieldstart|move: Grassy Terrain|[from] ability: Grassy Surge|[of] p1a: Rillacif
|turn|20
|
|t:|1779906994
|switch|p2a: Zapdos|Zapdos|100/100
|move|p1a: Rillacif|Grassy Glide|p2a: Zapdos
|-resisted|p2a: Zapdos
|-damage|p2a: Zapdos|65/100
|
|-heal|p1a: Rillacif|64/100|[from] Grassy Terrain
|upkeep
|turn|21
|
|t:|1779907007
|move|p1a: Rillacif|Grassy Glide|p2a: Zapdos
|-resisted|p2a: Zapdos
|-damage|p2a: Zapdos|26/100
|move|p2a: Zapdos|Hurricane|p1a: Rillacif|[miss]
|-miss|p2a: Zapdos|p1a: Rillacif
|
|-heal|p1a: Rillacif|70/100|[from] Grassy Terrain
|upkeep
|turn|22
|
|t:|1779907013
|move|p1a: Rillacif|Grassy Glide|p2a: Zapdos
|-resisted|p2a: Zapdos
|-damage|p2a: Zapdos|0 fnt
|faint|p2a: Zapdos
|
|-heal|p1a: Rillacif|76/100|[from] Grassy Terrain
|upkeep
|
|t:|1779907015
|switch|p2a: Iron Hands|Iron Hands|100/100
|-enditem|p2a: Iron Hands|Booster Energy
|-activate|p2a: Iron Hands|ability: Quark Drive|[fromitem]
|-start|p2a: Iron Hands|quarkdriveatk
|turn|23
|
|t:|1779907020
|move|p1a: Rillacif|Grassy Glide|p2a: Iron Hands
|-damage|p2a: Iron Hands|60/100
|move|p2a: Iron Hands|Ice Punch|p1a: Rillacif
|-supereffective|p1a: Rillacif
|-damage|p1a: Rillacif|8/100
|
|-heal|p1a: Rillacif|14/100|[from] Grassy Terrain
|-heal|p2a: Iron Hands|67/100|[from] Grassy Terrain
|upkeep
|turn|24
|
|t:|1779907024
|move|p1a: Rillacif|Grassy Glide|p2a: Iron Hands
|-damage|p2a: Iron Hands|23/100
|move|p2a: Iron Hands|Ice Punch|p1a: Rillacif
|-supereffective|p1a: Rillacif
|-damage|p1a: Rillacif|0 fnt
|faint|p1a: Rillacif
|
|-heal|p2a: Iron Hands|30/100|[from] Grassy Terrain
|-fieldend|move: Grassy Terrain
|upkeep
|
|t:|1779907026
|switch|p1a: Great Cif|Great Tusk|100/100
|turn|25
|
|t:|1779907028
|move|p1a: Great Cif|Headlong Rush|p2a: Iron Hands
|-supereffective|p2a: Iron Hands
|-damage|p2a: Iron Hands|0 fnt
|-unboost|p1a: Great Cif|def|1
|-unboost|p1a: Great Cif|spd|1
|faint|p2a: Iron Hands
|-end|p2a: Iron Hands|Quark Drive|[silent]
|
|upkeep
|
|t:|1779907032
|switch|p2a: Iron Moth|Iron Moth|100/100 par
|turn|26
|
|t:|1779907035
|move|p1a: Great Cif|Headlong Rush|p2a: Iron Moth
|-supereffective|p2a: Iron Moth
|-damage|p2a: Iron Moth|0 fnt
|-unboost|p1a: Great Cif|def|1
|-unboost|p1a: Great Cif|spd|1
|faint|p2a: Iron Moth
|-end|p2a: Iron Moth|Quark Drive|[silent]
|
|upkeep
|
|t:|1779907036
|switch|p2a: Cinderace|Cinderace, F|14/100
|turn|27
|
|t:|1779907045
|move|p2a: Cinderace|High Jump Kick|p1a: Great Cif
|-start|p2a: Cinderace|typechange|Fighting|[from] ability: Libero
|-damage|p1a: Great Cif|0 fnt
|faint|p1a: Great Cif
|-end|p1a: Great Cif|Protosynthesis|[silent]
|
|win|spreadcrosser
|raw|jogonzal101's rating: 1344 &rarr; <strong>1326</strong><br />(-18 for losing)
|raw|spreadcrosser's rating: 1371 &rarr; <strong>1389</strong><br />(+18 for winning)
|l|☆jogonzal101
|player|p1|
