|j|☆Archerdadon
|j|☆champ bogar
|t:|1779941528
|gametype|singles
|player|p1|Archerdadon|marshal|1551
|player|p2|champ bogar|cynthia-masters3|1671
|gen|9
|tier|[Gen 9] OU
|rated|
|rule|HP Percentage Mod: HP is shown in percentages
|rule|Endless Battle Clause: Forcing endless battles is banned
|rule|Species Clause: Limit one of each Pokémon
|rule|OHKO Clause: OHKO moves are banned
|rule|Evasion Items Clause: Evasion items are banned
|rule|Evasion Moves Clause: Evasion moves are banned
|rule|Evasion Abilities Clause: Evasion abilities are banned
|rule|Sleep Moves Clause: Sleep-inducing moves are banned
|clearpoke
|poke|p1|Dondozo, F|
|poke|p1|Great Tusk|
|poke|p1|Ting-Lu|
|poke|p1|Glimmora, M|
|poke|p1|Scizor, F|
|poke|p1|Weezing-Galar, M|
|poke|p2|Garchomp, F|
|poke|p2|Darkrai|
|poke|p2|Deoxys-Speed|
|poke|p2|Clodsire, M|
|poke|p2|Corviknight, M|
|poke|p2|Cinderace, M|
|teampreview
|inactive|Battle timer is ON: inactive players will automatically lose when time's up. (requested by champ bogar)
|
|t:|1779941532
|teamsize|p1|6
|teamsize|p2|6
|start
|switch|p1a: Glimmora|Glimmora, M|100/100
|switch|p2a: Cinderace|Cinderace, M|100/100
|turn|1
|
|t:|1779941542
|move|p2a: Cinderace|U-turn|p1a: Glimmora
|-start|p2a: Cinderace|typechange|Bug|[from] ability: Libero
|-resisted|p1a: Glimmora
|-damage|p1a: Glimmora|80/100
|-activate|p1a: Glimmora|ability: Toxic Debris
|-sidestart|p2: champ bogar|move: Toxic Spikes
|
|t:|1779941545
|switch|p2a: Clodsire|Clodsire, M|100/100|[from] U-turn
|-sideend|p2: champ bogar|move: Toxic Spikes|[of] p2a: Clodsire
|move|p1a: Glimmora|Power Gem|p2a: Clodsire
|-resisted|p2a: Clodsire
|-damage|p2a: Clodsire|90/100
|
|-heal|p2a: Clodsire|96/100|[from] item: Leftovers
|upkeep
|turn|2
|
|t:|1779941552
|switch|p1a: Scizor|Scizor, F|100/100
|move|p2a: Clodsire|Earthquake|p1a: Scizor
|-damage|p1a: Scizor|73/100
|
|-heal|p2a: Clodsire|100/100|[from] item: Leftovers
|upkeep
|turn|3
|
|t:|1779941556
|switch|p2a: Garchomp|Garchomp, F|100/100
|move|p1a: Scizor|Knock Off|p2a: Garchomp
|-damage|p2a: Garchomp|65/100
|-damage|p1a: Scizor|61/100|[from] ability: Rough Skin|[of] p2a: Garchomp
|-damage|p1a: Scizor|45/100|[from] item: Rocky Helmet|[of] p2a: Garchomp
|-enditem|p2a: Garchomp|Rocky Helmet|[from] move: Knock Off|[of] p1a: Scizor
|
|upkeep
|turn|4
|
|t:|1779941562
|switch|p1a: Great Tusk|Great Tusk|100/100
|move|p2a: Garchomp|Dragon Tail|p1a: Great Tusk
|-damage|p1a: Great Tusk|87/100
|-end|p1a: Great Tusk|Protosynthesis|[silent]
|drag|p1a: Glimmora|Glimmora, M|80/100
|
|upkeep
|turn|5
|
|t:|1779941569
|switch|p1a: Great Tusk|Great Tusk|87/100
|move|p2a: Garchomp|Earthquake|p1a: Great Tusk
|-damage|p1a: Great Tusk|66/100
|
|upkeep
|turn|6
|
|t:|1779941575
|switch|p2a: Corviknight|Corviknight, M|100/100
|-ability|p2a: Corviknight|Pressure
|move|p1a: Great Tusk|Ice Spinner|p2a: Corviknight
|-damage|p2a: Corviknight|86/100
|-damage|p1a: Great Tusk|49/100|[from] item: Rocky Helmet|[of] p2a: Corviknight
|
|upkeep
|turn|7
|
|t:|1779941579
|-end|p1a: Great Tusk|Protosynthesis|[silent]
|switch|p1a: Glimmora|Glimmora, M|80/100
|move|p2a: Corviknight|U-turn|p1a: Glimmora
|-resisted|p1a: Glimmora
|-damage|p1a: Glimmora|70/100
|-activate|p1a: Glimmora|ability: Toxic Debris
|-sidestart|p2: champ bogar|move: Toxic Spikes
|
|t:|1779941582
|switch|p2a: Clodsire|Clodsire, M|100/100|[from] U-turn
|-sideend|p2: champ bogar|move: Toxic Spikes|[of] p2a: Clodsire
|
|upkeep
|turn|8
|
|t:|1779941592
|switch|p1a: Ting-Lu|Ting-Lu|100/100
|-ability|p1a: Ting-Lu|Vessel of Ruin
|move|p2a: Clodsire|Earthquake|p1a: Ting-Lu
|-damage|p1a: Ting-Lu|85/100
|
|-heal|p1a: Ting-Lu|91/100|[from] item: Leftovers
|upkeep
|turn|9
|
|t:|1779941599
|move|p1a: Ting-Lu|Earthquake|p2a: Clodsire
|-supereffective|p2a: Clodsire
|-damage|p2a: Clodsire|22/100
|move|p2a: Clodsire|Toxic|p1a: Ting-Lu
|-status|p1a: Ting-Lu|tox
|
|-heal|p1a: Ting-Lu|97/100 tox|[from] item: Leftovers
|-heal|p2a: Clodsire|29/100|[from] item: Leftovers
|-damage|p1a: Ting-Lu|91/100 tox|[from] psn
|upkeep
|turn|10
|
|t:|1779941604
|switch|p2a: Corviknight|Corviknight, M|86/100
|-ability|p2a: Corviknight|Pressure
|move|p1a: Ting-Lu|Payback|p2a: Corviknight
|-damage|p2a: Corviknight|74/100
|-damage|p1a: Ting-Lu|74/100 tox|[from] item: Rocky Helmet|[of] p2a: Corviknight
|
|-heal|p1a: Ting-Lu|80/100 tox|[from] item: Leftovers
|-damage|p1a: Ting-Lu|68/100 tox|[from] psn
|upkeep
|turn|11
|
|t:|1779941609
|move|p1a: Ting-Lu|Rest|p1a: Ting-Lu
|-status|p1a: Ting-Lu|slp|[from] move: Rest
|-heal|p1a: Ting-Lu|100/100 slp|[silent]
|move|p2a: Corviknight|U-turn|p1a: Ting-Lu
|-supereffective|p1a: Ting-Lu
|-damage|p1a: Ting-Lu|86/100 slp
|
|t:|1779941611
|switch|p2a: Cinderace|Cinderace, M|100/100|[from] U-turn
|
|-heal|p1a: Ting-Lu|92/100 slp|[from] item: Leftovers
|upkeep
|turn|12
|
|t:|1779941619
|switch|p1a: Dondozo|Dondozo, F|100/100
|move|p2a: Cinderace|U-turn|p1a: Dondozo
|-start|p2a: Cinderace|typechange|Bug|[from] ability: Libero
|-damage|p1a: Dondozo|84/100
|
|t:|1779941623
|switch|p2a: Darkrai|Darkrai|100/100|[from] U-turn
|
|-heal|p1a: Dondozo|90/100|[from] item: Leftovers
|upkeep
|turn|13
|
|t:|1779941630
|switch|p1a: Weezing|Weezing-Galar, M|100/100
|-ability|p1a: Weezing|Neutralizing Gas
|move|p2a: Darkrai|Trick|p1a: Weezing
|-activate|p2a: Darkrai|move: Trick|[of] p1a: Weezing
|-item|p1a: Weezing|Choice Specs|[from] move: Trick
|-item|p2a: Darkrai|Leftovers|[from] move: Trick
|
|upkeep
|turn|14
|
|t:|1779941641
|switch|p2a: Clodsire|Clodsire, M|29/100
|move|p1a: Weezing|Will-O-Wisp|p2a: Clodsire
|-status|p2a: Clodsire|brn
|
|-heal|p2a: Clodsire|35/100 brn|[from] item: Leftovers
|-damage|p2a: Clodsire|29/100 brn|[from] brn
|upkeep
|turn|15
|
|t:|1779941649
|-end|p1a: Weezing|ability: Neutralizing Gas
|switch|p1a: Scizor|Scizor, F|45/100
|move|p2a: Clodsire|Recover|p2a: Clodsire
|-heal|p2a: Clodsire|79/100 brn
|
|-heal|p2a: Clodsire|85/100 brn|[from] item: Leftovers
|-damage|p2a: Clodsire|79/100 brn|[from] brn
|upkeep
|turn|16
|j| AuraBreaker2000
|
|t:|1779941655
|switch|p2a: Garchomp|Garchomp, F|65/100
|move|p1a: Scizor|Knock Off|p2a: Garchomp
|-damage|p2a: Garchomp|41/100
|-damage|p1a: Scizor|32/100|[from] ability: Rough Skin|[of] p2a: Garchomp
|
|upkeep
|turn|17
|
|t:|1779941661
|switch|p1a: Great Tusk|Great Tusk|49/100
|move|p2a: Garchomp|Stealth Rock|p1a: Great Tusk
|-sidestart|p1: Archerdadon|move: Stealth Rock
|
|upkeep
|turn|18
|
|t:|1779941667
|move|p2a: Garchomp|Earthquake|p1a: Great Tusk
|-damage|p1a: Great Tusk|25/100
|move|p1a: Great Tusk|Rapid Spin|p2a: Garchomp
|-damage|p2a: Garchomp|31/100
|-boost|p1a: Great Tusk|spe|1
|-damage|p1a: Great Tusk|13/100|[from] ability: Rough Skin|[of] p2a: Garchomp
|-sideend|p1: Archerdadon|Stealth Rock|[from] move: Rapid Spin|[of] p1a: Great Tusk
|
|upkeep
|turn|19
|
|t:|1779941672
|-end|p1a: Great Tusk|Protosynthesis|[silent]
|switch|p1a: Glimmora|Glimmora, M|70/100
|switch|p2a: Corviknight|Corviknight, M|74/100
|-ability|p2a: Corviknight|Pressure
|
|upkeep
|turn|20
|
|t:|1779941676
|switch|p2a: Clodsire|Clodsire, M|79/100 brn
|move|p1a: Glimmora|Earth Power|p2a: Clodsire
|-supereffective|p2a: Clodsire
|-damage|p2a: Clodsire|44/100 brn
|
|-heal|p2a: Clodsire|50/100 brn|[from] item: Leftovers
|-damage|p2a: Clodsire|44/100 brn|[from] brn
|upkeep
|turn|21
|
|t:|1779941681
|move|p1a: Glimmora|Power Gem|p2a: Clodsire
|-resisted|p2a: Clodsire
|-damage|p2a: Clodsire|32/100 brn
|move|p2a: Clodsire|Recover|p2a: Clodsire
|-heal|p2a: Clodsire|82/100 brn
|
|-heal|p2a: Clodsire|89/100 brn|[from] item: Leftovers
|-damage|p2a: Clodsire|82/100 brn|[from] brn
|upkeep
|turn|22
|
|t:|1779941684
|move|p1a: Glimmora|Earth Power|p2a: Clodsire
|-supereffective|p2a: Clodsire
|-damage|p2a: Clodsire|50/100 brn
|move|p2a: Clodsire|Earthquake|p1a: Glimmora
|-supereffective|p1a: Glimmora
|-damage|p1a: Glimmora|3/100
|-activate|p1a: Glimmora|ability: Toxic Debris
|-sidestart|p2: champ bogar|move: Toxic Spikes
|
|-heal|p2a: Clodsire|56/100 brn|[from] item: Leftovers
|-damage|p2a: Clodsire|50/100 brn|[from] brn
|upkeep
|turn|23
|
|t:|1779941687
|move|p1a: Glimmora|Earth Power|p2a: Clodsire
|-supereffective|p2a: Clodsire
|-damage|p2a: Clodsire|18/100 brn
|-unboost|p2a: Clodsire|spd|1
|move|p2a: Clodsire|Recover|p2a: Clodsire
|-heal|p2a: Clodsire|68/100 brn
|
|-heal|p2a: Clodsire|74/100 brn|[from] item: Leftovers
|-damage|p2a: Clodsire|68/100 brn|[from] brn
|upkeep
|turn|24
|
|t:|1779941691
|move|p1a: Glimmora|Earth Power|p2a: Clodsire
|-supereffective|p2a: Clodsire
|-damage|p2a: Clodsire|21/100 brn
|move|p2a: Clodsire|Earthquake|p1a: Glimmora
|-supereffective|p1a: Glimmora
|-damage|p1a: Glimmora|0 fnt
|-activate|p1a: Glimmora|ability: Toxic Debris
|-sidestart|p2: champ bogar|move: Toxic Spikes
|faint|p1a: Glimmora
|
|-heal|p2a: Clodsire|27/100 brn|[from] item: Leftovers
|-damage|p2a: Clodsire|21/100 brn|[from] brn
|upkeep
|
|t:|1779941695
|switch|p1a: Scizor|Scizor, F|32/100
|turn|25
|
|t:|1779941700
|move|p1a: Scizor|Close Combat|p2a: Clodsire
|-resisted|p2a: Clodsire
|-damage|p2a: Clodsire|0 fnt
|-unboost|p1a: Scizor|def|1
|-unboost|p1a: Scizor|spd|1
|faint|p2a: Clodsire
|
|upkeep
|
|t:|1779941702
|switch|p2a: Cinderace|Cinderace, M|100/100
|turn|26
|
|t:|1779941712
|move|p2a: Cinderace|Pyro Ball|p1a: Scizor
|-supereffective|p1a: Scizor
|-damage|p1a: Scizor|0 fnt
|faint|p1a: Scizor
|
|upkeep
|
|t:|1779941715
|switch|p1a: Weezing|Weezing-Galar, M|100/100
|-ability|p1a: Weezing|Neutralizing Gas
|turn|27
|
|t:|1779941720
|move|p2a: Cinderace|Court Change|p2a: Cinderace
|-swapsideconditions
|-activate|p2a: Cinderace|move: Court Change
|move|p1a: Weezing|Will-O-Wisp|p2a: Cinderace
|-immune|p2a: Cinderace
|
|upkeep
|turn|28
|
|t:|1779941729
|-end|p1a: Weezing|ability: Neutralizing Gas
|switch|p1a: Ting-Lu|Ting-Lu|92/100 slp
|-ability|p1a: Ting-Lu|Vessel of Ruin
|move|p2a: Cinderace|Pyro Ball|p1a: Ting-Lu
|-damage|p1a: Ting-Lu|61/100 slp
|
|-heal|p1a: Ting-Lu|67/100 slp|[from] item: Leftovers
|upkeep
|turn|29
|
|t:|1779941733
|switch|p1a: Weezing|Weezing-Galar, M|100/100
|-ability|p1a: Weezing|Neutralizing Gas
|-sideend|p1: Archerdadon|move: Toxic Spikes|[of] p1a: Weezing
|move|p2a: Cinderace|U-turn|p1a: Weezing
|-resisted|p1a: Weezing
|-damage|p1a: Weezing|96/100
|
|t:|1779941735
|switch|p2a: Deoxys|Deoxys-Speed, shiny|100/100|[from] U-turn
|
|upkeep
|turn|30
|
|t:|1779941743
|-end|p1a: Weezing|ability: Neutralizing Gas
|-ability|p2a: Deoxys|Pressure
|switch|p1a: Ting-Lu|Ting-Lu|67/100 slp
|-ability|p1a: Ting-Lu|Vessel of Ruin
|move|p2a: Deoxys|Psycho Boost|p1a: Ting-Lu
|-immune|p1a: Ting-Lu
|
|-heal|p1a: Ting-Lu|73/100 slp|[from] item: Leftovers
|upkeep
|turn|31
|
|t:|1779941752
|switch|p2a: Corviknight|Corviknight, M|74/100
|-ability|p2a: Corviknight|Pressure
|cant|p1a: Ting-Lu|slp
|
|-heal|p1a: Ting-Lu|79/100 slp|[from] item: Leftovers
|upkeep
|turn|32
|
|t:|1779941757
|cant|p1a: Ting-Lu|slp
|move|p2a: Corviknight|U-turn|p1a: Ting-Lu
|-supereffective|p1a: Ting-Lu
|-damage|p1a: Ting-Lu|62/100 slp
|
|t:|1779941760
|switch|p2a: Cinderace|Cinderace, M|100/100|[from] U-turn
|
|-heal|p1a: Ting-Lu|69/100 slp|[from] item: Leftovers
|upkeep
|turn|33
|
|t:|1779941764
|move|p2a: Cinderace|U-turn|p1a: Ting-Lu
|-start|p2a: Cinderace|typechange|Bug|[from] ability: Libero
|-supereffective|p1a: Ting-Lu
|-damage|p1a: Ting-Lu|34/100 slp
|
|t:|1779941769
|switch|p2a: Corviknight|Corviknight, M|74/100|[from] U-turn
|-ability|p2a: Corviknight|Pressure
|-curestatus|p1a: Ting-Lu|slp|[msg]
|move|p1a: Ting-Lu|Earthquake|p2a: Corviknight
|-immune|p2a: Corviknight
|
|-heal|p1a: Ting-Lu|40/100|[from] item: Leftovers
|upkeep
|turn|34
|
|t:|1779941773
|move|p1a: Ting-Lu|Rest|p1a: Ting-Lu
|-status|p1a: Ting-Lu|slp|[from] move: Rest
|-heal|p1a: Ting-Lu|100/100 slp|[silent]
|move|p2a: Corviknight|U-turn|p1a: Ting-Lu
|-supereffective|p1a: Ting-Lu
|-damage|p1a: Ting-Lu|83/100 slp
|
|t:|1779941777
|switch|p2a: Garchomp|Garchomp, F|31/100|[from] U-turn
|
|-heal|p1a: Ting-Lu|90/100 slp|[from] item: Leftovers
|upkeep
|turn|35
|
|t:|1779941787
|move|p2a: Garchomp|Stealth Rock|p1a: Ting-Lu
|-sidestart|p1: Archerdadon|move: Stealth Rock
|cant|p1a: Ting-Lu|slp
|
|-heal|p1a: Ting-Lu|96/100 slp|[from] item: Leftovers
|upkeep
|turn|36
|
|t:|1779941790
|switch|p2a: Corviknight|Corviknight, M|74/100
|-ability|p2a: Corviknight|Pressure
|cant|p1a: Ting-Lu|slp
|
|-heal|p1a: Ting-Lu|100/100 slp|[from] item: Leftovers
|upkeep
|turn|37
|
|t:|1779941796
|-curestatus|p1a: Ting-Lu|slp|[msg]
|move|p1a: Ting-Lu|Stealth Rock|p2a: Corviknight
|-sidestart|p2: champ bogar|move: Stealth Rock
|move|p2a: Corviknight|U-turn|p1a: Ting-Lu
|-supereffective|p1a: Ting-Lu
|-damage|p1a: Ting-Lu|85/100
|
|t:|1779941799
|switch|p2a: Cinderace|Cinderace, M|100/100|[from] U-turn
|
|-heal|p1a: Ting-Lu|91/100|[from] item: Leftovers
|upkeep
|turn|38
|
|t:|1779941804
|move|p2a: Cinderace|U-turn|p1a: Ting-Lu
|-start|p2a: Cinderace|typechange|Bug|[from] ability: Libero
|-supereffective|p1a: Ting-Lu
|-damage|p1a: Ting-Lu|57/100
|
|t:|1779941806
|switch|p2a: Corviknight|Corviknight, M|74/100|[from] U-turn
|-damage|p2a: Corviknight|62/100|[from] Stealth Rock
|-ability|p2a: Corviknight|Pressure
|move|p1a: Ting-Lu|Earthquake|p2a: Corviknight
|-immune|p2a: Corviknight
|
|-heal|p1a: Ting-Lu|63/100|[from] item: Leftovers
|upkeep
|turn|39
|
|t:|1779941810
|move|p1a: Ting-Lu|Rest|p1a: Ting-Lu
|-status|p1a: Ting-Lu|slp|[from] move: Rest
|-heal|p1a: Ting-Lu|100/100 slp|[silent]
|move|p2a: Corviknight|U-turn|p1a: Ting-Lu
|-supereffective|p1a: Ting-Lu
|-damage|p1a: Ting-Lu|84/100 slp
|
|t:|1779941813
|switch|p2a: Cinderace|Cinderace, M|100/100|[from] U-turn
|
|-heal|p1a: Ting-Lu|90/100 slp|[from] item: Leftovers
|upkeep
|turn|40
|
|t:|1779941818
|move|p2a: Cinderace|U-turn|p1a: Ting-Lu
|-start|p2a: Cinderace|typechange|Bug|[from] ability: Libero
|-supereffective|p1a: Ting-Lu
|-damage|p1a: Ting-Lu|52/100 slp
|
|t:|1779941822
|switch|p2a: Darkrai|Darkrai|100/100|[from] U-turn
|-damage|p2a: Darkrai|88/100|[from] Stealth Rock
|cant|p1a: Ting-Lu|slp
|
|-heal|p2a: Darkrai|94/100|[from] item: Leftovers
|-heal|p1a: Ting-Lu|58/100 slp|[from] item: Leftovers
|-damage|p1a: Ting-Lu|46/100 slp|[from] ability: Bad Dreams|[of] p2a: Darkrai
|upkeep
|turn|41
|
|t:|1779941825
|move|p2a: Darkrai|Ice Beam|p1a: Ting-Lu
|-supereffective|p1a: Ting-Lu
|-damage|p1a: Ting-Lu|22/100 slp
|cant|p1a: Ting-Lu|slp
|
|-heal|p2a: Darkrai|99/100|[from] item: Leftovers
|-heal|p1a: Ting-Lu|28/100 slp|[from] item: Leftovers
|-damage|p1a: Ting-Lu|15/100 slp|[from] ability: Bad Dreams|[of] p2a: Darkrai
|upkeep
|turn|42
|
|t:|1779941832
|move|p2a: Darkrai|Ice Beam|p1a: Ting-Lu
|-supereffective|p1a: Ting-Lu
|-damage|p1a: Ting-Lu|0 fnt
|faint|p1a: Ting-Lu
|
|-heal|p2a: Darkrai|100/100|[from] item: Leftovers
|upkeep
|-message|Archerdadon forfeited.
|
|win|champ bogar
|raw|Archerdadon's rating: 1551 &rarr; <strong>1538</strong><br />(-13 for losing)
|raw|champ bogar's rating: 1671 &rarr; <strong>1684</strong><br />(+13 for winning)
|l|☆Archerdadon
|player|p1|
|l|☆champ bogar
|player|p2|
|l| AuraBreaker2000
