|j|☆badteamsub
|j|☆DJ Shindig
|t:|1779944690
|gametype|singles
|player|p1|badteamsub|backersf|1428
|player|p2|DJ Shindig|2|1612
|gen|9
|tier|[Gen 9] OU
|rated|
|rule|HP Percentage Mod: HP is shown in percentages
|rule|Endless Battle Clause: Forcing endless battles is banned
|rule|Species Clause: Limit one of each Pokémon
|rule|OHKO Clause: OHKO moves are banned
|rule|Evasion Items Clause: Evasion items are banned
|rule|Evasion Moves Clause: Evasion moves are banned
|rule|Evasion Abilities Clause: Evasion abilities are banned
|rule|Sleep Moves Clause: Sleep-inducing moves are banned
|clearpoke
|poke|p1|Great Tusk|
|poke|p1|Slowking-Galar, M|
|poke|p1|Rotom-Wash|
|poke|p1|Blaziken, M|
|poke|p1|Enamorus, F|
|poke|p1|Dragonite, M|
|poke|p2|Gholdengo|
|poke|p2|Cinderace, M|
|poke|p2|Samurott-Hisui, F|
|poke|p2|Slowking-Galar, M|
|poke|p2|Great Tusk|
|poke|p2|Tornadus-Therian, M|
|teampreview
|
|t:|1779944725
|teamsize|p1|6
|teamsize|p2|6
|start
|switch|p1a: Rotom|Rotom-Wash|100/100
|switch|p2a: Slowking|Slowking-Galar, M|100/100
|turn|1
|
|t:|1779944747
|move|p1a: Rotom|Volt Switch|p2a: Slowking
|-damage|p2a: Slowking|79/100
|
|t:|1779944750
|switch|p1a: Slowking|Slowking-Galar, M|100/100|[from] Volt Switch
|move|p2a: Slowking|Sludge Bomb|p1a: Slowking
|-resisted|p1a: Slowking
|-damage|p1a: Slowking|90/100
|
|-heal|p2a: Slowking|85/100|[from] item: Black Sludge
|-heal|p1a: Slowking|96/100|[from] item: Leftovers
|upkeep
|turn|2
|
|t:|1779944756
|-prepare|p2a: Slowking|Chilly Reception|[premajor]
|move|p2a: Slowking|Chilly Reception|p2a: Slowking
|-weather|Snowscape
|
|t:|1779944760
|switch|p2a: Samurott|Samurott-Hisui, F|100/100|[from] Chilly Reception
|move|p1a: Slowking|Future Sight|p2a: Samurott
|-start|p1a: Slowking|move: Future Sight
|
|-weather|Snowscape|[upkeep]
|-heal|p1a: Slowking|100/100|[from] item: Leftovers
|upkeep
|turn|3
|
|t:|1779944765
|switch|p1a: Rotom|Rotom-Wash|100/100
|move|p2a: Samurott|Flip Turn|p1a: Rotom
|-resisted|p1a: Rotom
|-damage|p1a: Rotom|91/100
|
|t:|1779944768
|switch|p2a: Slowking|Slowking-Galar, M|100/100|[from] Flip Turn
|
|-weather|Snowscape|[upkeep]
|-heal|p1a: Rotom|97/100|[from] item: Leftovers
|upkeep
|turn|4
|
|t:|1779944773
|move|p1a: Rotom|Volt Switch|p2a: Slowking
|-damage|p2a: Slowking|81/100
|
|t:|1779944778
|switch|p1a: Slowking|Slowking-Galar, M|100/100|[from] Volt Switch
|move|p2a: Slowking|Trick|p1a: Slowking
|-activate|p2a: Slowking|move: Trick|[of] p1a: Slowking
|-item|p1a: Slowking|Black Sludge|[from] move: Trick
|-item|p2a: Slowking|Leftovers|[from] move: Trick
|
|-weather|Snowscape|[upkeep]
|-end|p2a: Slowking|move: Future Sight
|-damage|p2a: Slowking|48/100
|-heal|p2a: Slowking|54/100|[from] item: Leftovers
|upkeep
|turn|5
|
|t:|1779944810
|-prepare|p2a: Slowking|Chilly Reception|[premajor]
|move|p2a: Slowking|Chilly Reception|p2a: Slowking
|
|t:|1779944813
|switch|p2a: Samurott|Samurott-Hisui, F|100/100|[from] Chilly Reception
|-prepare|p1a: Slowking|Chilly Reception|[premajor]
|move|p1a: Slowking|Chilly Reception|p1a: Slowking
|
|t:|1779944818
|switch|p1a: Rotom|Rotom-Wash|97/100|[from] Chilly Reception
|
|-weather|Snowscape|[upkeep]
|-heal|p1a: Rotom|100/100|[from] item: Leftovers
|upkeep
|turn|6
|
|t:|1779944836
|move|p1a: Rotom|Will-O-Wisp|p2a: Samurott
|-status|p2a: Samurott|brn
|move|p2a: Samurott|Ceaseless Edge|p1a: Rotom
|-damage|p1a: Rotom|83/100
|-sidestart|p1: badteamsub|Spikes
|
|-weather|none
|-heal|p1a: Rotom|90/100|[from] item: Leftovers
|-damage|p2a: Samurott|94/100 brn|[from] brn
|upkeep
|turn|7
|
|t:|1779944850
|move|p2a: Samurott|Knock Off|p1a: Rotom
|-damage|p1a: Rotom|74/100
|-enditem|p1a: Rotom|Leftovers|[from] move: Knock Off|[of] p2a: Samurott
|move|p1a: Rotom|Volt Switch|p2a: Samurott
|-supereffective|p2a: Samurott
|-damage|p2a: Samurott|61/100 brn
|
|t:|1779944855
|switch|p1a: Great Tusk|Great Tusk|100/100|[from] Volt Switch
|
|-damage|p2a: Samurott|55/100 brn|[from] brn
|upkeep
|turn|8
|
|t:|1779944862
|switch|p2a: Great Tusk|Great Tusk|100/100
|move|p1a: Great Tusk|Stealth Rock|p2a: Great Tusk
|-sidestart|p2: DJ Shindig|move: Stealth Rock
|
|upkeep
|turn|9
|
|t:|1779944866
|move|p1a: Great Tusk|Rapid Spin|p2a: Great Tusk
|-damage|p2a: Great Tusk|88/100
|-boost|p1a: Great Tusk|spe|1
|-damage|p1a: Great Tusk|84/100|[from] item: Rocky Helmet|[of] p2a: Great Tusk
|-sideend|p1: badteamsub|Spikes|[from] move: Rapid Spin|[of] p1a: Great Tusk
|move|p2a: Great Tusk|Rapid Spin|p1a: Great Tusk
|-damage|p1a: Great Tusk|70/100
|-boost|p2a: Great Tusk|spe|1
|-sideend|p2: DJ Shindig|Stealth Rock|[from] move: Rapid Spin|[of] p2a: Great Tusk
|
|upkeep
|turn|10
|
|t:|1779944869
|-end|p1a: Great Tusk|Protosynthesis|[silent]
|switch|p1a: Rotom|Rotom-Wash|74/100
|move|p2a: Great Tusk|Stealth Rock|p1a: Rotom
|-sidestart|p1: badteamsub|move: Stealth Rock
|
|upkeep
|turn|11
|
|t:|1779944879
|-end|p2a: Great Tusk|Protosynthesis|[silent]
|switch|p2a: Slowking|Slowking-Galar, M|88/100
|move|p1a: Rotom|Hydro Pump|p2a: Slowking
|-damage|p2a: Slowking|57/100
|
|-heal|p2a: Slowking|63/100|[from] item: Leftovers
|upkeep
|turn|12
|
|t:|1779944883
|move|p1a: Rotom|Will-O-Wisp|p2a: Slowking
|-status|p2a: Slowking|brn
|-prepare|p2a: Slowking|Chilly Reception|[premajor]
|move|p2a: Slowking|Chilly Reception|p2a: Slowking
|-weather|Snowscape
|
|t:|1779944888
|switch|p2a: Gholdengo|Gholdengo|100/100|[from] Chilly Reception
|
|-weather|Snowscape|[upkeep]
|upkeep
|turn|13
|
|t:|1779944891
|move|p2a: Gholdengo|Shadow Ball|p1a: Rotom
|-damage|p1a: Rotom|26/100
|move|p1a: Rotom|Volt Switch|p2a: Gholdengo
|-damage|p2a: Gholdengo|69/100
|
|t:|1779944897
|switch|p1a: Great Tusk|Great Tusk|70/100|[from] Volt Switch
|
|-weather|Snowscape|[upkeep]
|upkeep
|turn|14
|
|t:|1779944905
|switch|p2a: Tornadus|Tornadus-Therian, M|100/100
|move|p1a: Great Tusk|Stealth Rock|p2a: Tornadus
|-sidestart|p2: DJ Shindig|move: Stealth Rock
|
|-weather|Snowscape|[upkeep]
|upkeep
|turn|15
|
|t:|1779944912
|-end|p1a: Great Tusk|Protosynthesis|[silent]
|switch|p1a: Slowking|Slowking-Galar, M|100/100
|-damage|p1a: Slowking|88/100|[from] Stealth Rock
|move|p2a: Tornadus|Nasty Plot|p2a: Tornadus
|-boost|p2a: Tornadus|spa|2
|
|-weather|Snowscape|[upkeep]
|-heal|p1a: Slowking|94/100|[from] item: Black Sludge
|upkeep
|turn|16
|
|t:|1779944921
|move|p2a: Tornadus|Bleakwind Storm|p1a: Slowking|[miss]
|-miss|p2a: Tornadus|p1a: Slowking
|move|p1a: Slowking|Toxic|p2a: Tornadus
|-status|p2a: Tornadus|tox
|
|-weather|none
|-heal|p1a: Slowking|99/100|[from] item: Black Sludge
|-damage|p2a: Tornadus|94/100 tox|[from] psn
|upkeep
|turn|17
|
|t:|1779944927
|move|p2a: Tornadus|Bleakwind Storm|p1a: Slowking
|-damage|p1a: Slowking|32/100
|-damage|p2a: Tornadus|85/100 tox|[from] item: Life Orb
|move|p1a: Slowking|Future Sight|p2a: Tornadus
|-start|p1a: Slowking|move: Future Sight
|
|-heal|p1a: Slowking|38/100|[from] item: Black Sludge
|-damage|p2a: Tornadus|73/100 tox|[from] psn
|upkeep
|turn|18
|
|t:|1779944938
|move|p2a: Tornadus|Bleakwind Storm|p1a: Slowking|[miss]
|-miss|p2a: Tornadus|p1a: Slowking
|move|p1a: Slowking|Slack Off|p1a: Slowking
|-heal|p1a: Slowking|88/100
|
|-heal|p1a: Slowking|94/100|[from] item: Black Sludge
|-damage|p2a: Tornadus|55/100 tox|[from] psn
|upkeep
|turn|19
|
|t:|1779944942
|switch|p2a: Samurott|Samurott-Hisui, F|55/100 brn
|-damage|p2a: Samurott|43/100 brn|[from] Stealth Rock
|-prepare|p1a: Slowking|Chilly Reception|[premajor]
|move|p1a: Slowking|Chilly Reception|p1a: Slowking
|-weather|Snowscape
|
|t:|1779944948
|switch|p1a: Great Tusk|Great Tusk|70/100|[from] Chilly Reception
|
|-weather|Snowscape|[upkeep]
|-end|p2a: Samurott|move: Future Sight
|-immune|p2a: Samurott
|-damage|p2a: Samurott|37/100 brn|[from] brn
|upkeep
|turn|20
|
|t:|1779944954
|move|p1a: Great Tusk|Rapid Spin|p2a: Samurott
|-damage|p2a: Samurott|17/100 brn
|-boost|p1a: Great Tusk|spe|1
|-sideend|p1: badteamsub|Stealth Rock|[from] move: Rapid Spin|[of] p1a: Great Tusk
|move|p2a: Samurott|Flip Turn|p1a: Great Tusk
|-supereffective|p1a: Great Tusk
|-damage|p1a: Great Tusk|50/100
|
|t:|1779944958
|switch|p2a: Great Tusk|Great Tusk|88/100|[from] Flip Turn
|-damage|p2a: Great Tusk|85/100|[from] Stealth Rock
|
|-weather|Snowscape|[upkeep]
|upkeep
|turn|21
|
|t:|1779944965
|-end|p1a: Great Tusk|Protosynthesis|[silent]
|switch|p1a: Enamorus|Enamorus, F|100/100
|move|p2a: Great Tusk|Rapid Spin|p1a: Enamorus
|-damage|p1a: Enamorus|73/100
|-boost|p2a: Great Tusk|spe|1
|-sideend|p2: DJ Shindig|Stealth Rock|[from] move: Rapid Spin|[of] p2a: Great Tusk
|
|-weather|Snowscape|[upkeep]
|upkeep
|turn|22
|
|t:|1779944970
|-end|p2a: Great Tusk|Protosynthesis|[silent]
|switch|p2a: Slowking|Slowking-Galar, M|96/100 brn
|move|p1a: Enamorus|Moonblast|p2a: Slowking
|-resisted|p2a: Slowking
|-damage|p2a: Slowking|75/100 brn
|
|-weather|Snowscape|[upkeep]
|-heal|p2a: Slowking|81/100 brn|[from] item: Leftovers
|-damage|p2a: Slowking|75/100 brn|[from] brn
|upkeep
|turn|23
|
|t:|1779944979
|switch|p1a: Rotom|Rotom-Wash|26/100
|-prepare|p2a: Slowking|Chilly Reception|[premajor]
|move|p2a: Slowking|Chilly Reception|p2a: Slowking
|
|t:|1779944983
|switch|p2a: Gholdengo|Gholdengo|69/100|[from] Chilly Reception
|
|-weather|none
|upkeep
|turn|24
|
|t:|1779944997
|switch|p1a: Enamorus|Enamorus, F|73/100
|move|p2a: Gholdengo|Shadow Ball|p1a: Enamorus
|-damage|p1a: Enamorus|4/100
|
|upkeep
|turn|25
|
|t:|1779945008
|switch|p2a: Tornadus|Tornadus-Therian, M|88/100 tox
|move|p1a: Enamorus|Healing Wish|p1a: Enamorus
|faint|p1a: Enamorus
|
|-damage|p2a: Tornadus|82/100 tox|[from] psn
|upkeep
|
|t:|1779945012
|switch|p1a: Rotom|Rotom-Wash|26/100
|-heal|p1a: Rotom|100/100|[from] move: Healing Wish
|turn|26
|
|t:|1779945019
|switch|p2a: Slowking|Slowking-Galar, M|100/100 brn
|move|p1a: Rotom|Volt Switch|p2a: Slowking
|-damage|p2a: Slowking|80/100 brn
|
|t:|1779945048
|switch|p1a: Great Tusk|Great Tusk|50/100|[from] Volt Switch
|
|-heal|p2a: Slowking|86/100 brn|[from] item: Leftovers
|-damage|p2a: Slowking|80/100 brn|[from] brn
|upkeep
|turn|27
|
|t:|1779945056
|switch|p2a: Great Tusk|Great Tusk|85/100
|move|p1a: Great Tusk|Headlong Rush|p2a: Great Tusk
|-damage|p2a: Great Tusk|36/100
|-unboost|p1a: Great Tusk|def|1
|-unboost|p1a: Great Tusk|spd|1
|-damage|p1a: Great Tusk|33/100|[from] item: Rocky Helmet|[of] p2a: Great Tusk
|
|upkeep
|turn|28
|
|t:|1779945069
|move|p2a: Great Tusk|Stealth Rock|p1a: Great Tusk
|-sidestart|p1: badteamsub|move: Stealth Rock
|move|p1a: Great Tusk|Ice Spinner|p2a: Great Tusk
|-supereffective|p2a: Great Tusk
|-damage|p2a: Great Tusk|0 fnt
|-damage|p1a: Great Tusk|17/100|[from] item: Rocky Helmet|[of] p2a: Great Tusk
|faint|p2a: Great Tusk
|-end|p2a: Great Tusk|Protosynthesis|[silent]
|
|upkeep
|
|t:|1779945075
|switch|p2a: Gholdengo|Gholdengo|69/100
|turn|29
|
|t:|1779945079
|move|p2a: Gholdengo|Shadow Ball|p1a: Great Tusk
|-damage|p1a: Great Tusk|0 fnt
|faint|p1a: Great Tusk
|-end|p1a: Great Tusk|Protosynthesis|[silent]
|
|upkeep
|
|t:|1779945092
|switch|p1a: Rotom|Rotom-Wash|100/100
|-damage|p1a: Rotom|88/100|[from] Stealth Rock
|turn|30
|
|t:|1779945096
|move|p2a: Gholdengo|Shadow Ball|p1a: Rotom
|-damage|p1a: Rotom|44/100
|-unboost|p1a: Rotom|spd|1
|move|p1a: Rotom|Hydro Pump|p2a: Gholdengo
|-damage|p2a: Gholdengo|20/100
|
|upkeep
|turn|31
|
|t:|1779945104
|move|p2a: Gholdengo|Shadow Ball|p1a: Rotom
|-damage|p1a: Rotom|0 fnt
|faint|p1a: Rotom
|
|upkeep
|
|t:|1779945106
|switch|p1a: Blaziken|Blaziken, M|100/100
|-damage|p1a: Blaziken|88/100|[from] Stealth Rock
|-item|p1a: Blaziken|Air Balloon
|turn|32
|
|t:|1779945110
|move|p2a: Gholdengo|Shadow Ball|p1a: Blaziken
|-crit|p1a: Blaziken
|-damage|p1a: Blaziken|0 fnt
|-enditem|p1a: Blaziken|Air Balloon
|faint|p1a: Blaziken
|
|upkeep
|-message|badteamsub forfeited.
|
|win|DJ Shindig
|raw|badteamsub's rating: 1428 &rarr; <strong>1418</strong><br />(-10 for losing)
|raw|DJ Shindig's rating: 1612 &rarr; <strong>1622</strong><br />(+10 for winning)
|l|☆DJ Shindig
|player|p2|
|l|☆badteamsub
|player|p1|
