|j|☆Veiny1
|j|☆bring09
|t:|1779860726
|gametype|singles
|player|p1|Veiny1|169|1330
|player|p2|bring09|2|1353
|gen|9
|tier|[Gen 9] OU
|rated|
|rule|HP Percentage Mod: HP is shown in percentages
|rule|Endless Battle Clause: Forcing endless battles is banned
|rule|Species Clause: Limit one of each Pokémon
|rule|OHKO Clause: OHKO moves are banned
|rule|Evasion Items Clause: Evasion items are banned
|rule|Evasion Moves Clause: Evasion moves are banned
|rule|Evasion Abilities Clause: Evasion abilities are banned
|rule|Sleep Moves Clause: Sleep-inducing moves are banned
|clearpoke
|poke|p1|Scizor, M|
|poke|p1|Hoopa-Unbound|
|poke|p1|Torterra, F|
|poke|p1|Moltres|
|poke|p1|Great Tusk|
|poke|p1|Azumarill, F|
|poke|p2|Ceruledge, M|
|poke|p2|Dragapult, M|
|poke|p2|Garchomp, M|
|poke|p2|Meowscarada, F|
|poke|p2|Keldeo-Resolute|
|poke|p2|Iron Valiant|
|teampreview
|inactive|Battle timer is ON: inactive players will automatically lose when time's up. (requested by bring09)
|inactive|Veiny1 also wants the timer to be on.
|
|t:|1779860743
|teamsize|p1|6
|teamsize|p2|6
|start
|switch|p1a: Torterra|Torterra, F|100/100
|switch|p2a: RUIN|Dragapult, M|100/100
|turn|1
|
|t:|1779860751
|move|p2a: RUIN|Will-O-Wisp|p1a: Torterra|[miss]
|-miss|p2a: RUIN|p1a: Torterra
|move|p1a: Torterra|Shell Smash|p1a: Torterra
|-unboost|p1a: Torterra|def|1
|-unboost|p1a: Torterra|spd|1
|-boost|p1a: Torterra|atk|2
|-boost|p1a: Torterra|spa|2
|-boost|p1a: Torterra|spe|2
|-enditem|p1a: Torterra|White Herb
|-clearnegativeboost|p1a: Torterra|[silent]
|
|upkeep
|turn|2
|
|t:|1779860770
|move|p1a: Torterra|Earthquake|p2a: RUIN
|-damage|p2a: RUIN|0 fnt
|faint|p2a: RUIN
|
|upkeep
|
|t:|1779860779
|switch|p2a: AS|Ceruledge, M, shiny|100/100
|turn|3
|c|☆Veiny1|May be GG i
|
|t:|1779860789
|move|p1a: Torterra|Rock Slide|p2a: AS
|-supereffective|p2a: AS
|-enditem|p2a: AS|Focus Sash
|-damage|p2a: AS|1/100
|-ability|p2a: AS|Weak Armor|boost
|-unboost|p2a: AS|def|1
|-boost|p2a: AS|spe|2
|move|p2a: AS|Bitter Blade|p1a: Torterra
|-supereffective|p1a: Torterra
|-damage|p1a: Torterra|10/100
|-heal|p2a: AS|45/100|[from] drain|[of] p1a: Torterra
|
|upkeep
|turn|4
|
|t:|1779860800
|move|p2a: AS|Shadow Sneak|p1a: Torterra
|-damage|p1a: Torterra|0 fnt
|faint|p1a: Torterra
|
|upkeep
|
|t:|1779860803
|switch|p1a: Azumarill|Azumarill, F|100/100
|turn|5
|
|t:|1779860813
|move|p2a: AS|Shadow Sneak|p1a: Azumarill
|-damage|p1a: Azumarill|79/100
|move|p1a: Azumarill|Aqua Jet|p2a: AS
|-supereffective|p2a: AS
|-damage|p2a: AS|0 fnt
|faint|p2a: AS
|
|upkeep
|
|t:|1779860829
|switch|p2a: GATA|Meowscarada, F|100/100
|turn|6
|
|t:|1779860837
|-terastallize|p1a: Azumarill|Grass
|move|p2a: GATA|Flower Trick|p1a: Azumarill
|-start|p2a: GATA|typechange|Grass|[from] ability: Protean
|-resisted|p1a: Azumarill
|-crit|p1a: Azumarill
|-damage|p1a: Azumarill|50/100
|-enditem|p1a: Azumarill|Sitrus Berry|[eat]
|-heal|p1a: Azumarill|75/100|[from] item: Sitrus Berry
|move|p1a: Azumarill|Ice Spinner|p2a: GATA
|-supereffective|p2a: GATA
|-damage|p2a: GATA|0 fnt
|faint|p2a: GATA
|
|upkeep
|
|t:|1779860860
|switch|p2a: CHULO|Garchomp, M|100/100
|turn|7
|
|t:|1779860868
|-terastallize|p2a: CHULO|Dragon
|move|p2a: CHULO|Dragon Claw|p1a: Azumarill
|-damage|p1a: Azumarill|13/100
|move|p1a: Azumarill|Ice Spinner|p2a: CHULO
|-supereffective|p2a: CHULO
|-damage|p2a: CHULO|38/100
|-damage|p1a: Azumarill|0 fnt|[from] ability: Rough Skin|[of] p2a: CHULO
|faint|p1a: Azumarill
|
|upkeep
|
|t:|1779860886
|switch|p1a: Moltres|Moltres|100/100
|turn|8
|
|t:|1779860894
|move|p2a: CHULO|Scale Shot|p1a: Moltres
|-damage|p1a: Moltres|80/100
|-damage|p1a: Moltres|62/100
|-hitcount|p1a: Moltres|2
|-unboost|p2a: CHULO|def|1
|-boost|p2a: CHULO|spe|1
|move|p1a: Moltres|Scorching Sands|p2a: CHULO
|-damage|p2a: CHULO|11/100
|
|upkeep
|turn|9
|
|t:|1779860903
|move|p2a: CHULO|Dragon Claw|p1a: Moltres
|-damage|p1a: Moltres|0 fnt
|faint|p1a: Moltres
|
|upkeep
|
|t:|1779860908
|switch|p1a: Scizor|Scizor, M|100/100
|turn|10
|
|t:|1779860913
|move|p1a: Scizor|Bullet Punch|p2a: CHULO
|-damage|p2a: CHULO|0 fnt
|-damage|p1a: Scizor|88/100|[from] ability: Rough Skin|[of] p2a: CHULO
|-damage|p1a: Scizor|72/100|[from] item: Rocky Helmet|[of] p2a: CHULO
|faint|p2a: CHULO
|
|upkeep
|
|t:|1779860925
|switch|p2a: LATINO|Keldeo-Resolute|100/100
|turn|11
|
|t:|1779860930
|move|p2a: LATINO|Surf|p1a: Scizor
|-damage|p1a: Scizor|0 fnt
|faint|p1a: Scizor
|
|upkeep
|
|t:|1779860933
|switch|p1a: Hoopa|Hoopa-Unbound|100/100
|turn|12
|
|t:|1779860942
|move|p2a: LATINO|Surf|p1a: Hoopa
|-damage|p1a: Hoopa|62/100
|move|p1a: Hoopa|Energy Ball|p2a: LATINO
|-supereffective|p2a: LATINO
|-damage|p2a: LATINO|24/100
|
|upkeep
|turn|13
|
|t:|1779860953
|move|p2a: LATINO|Surf|p1a: Hoopa
|-damage|p1a: Hoopa|25/100
|move|p1a: Hoopa|Energy Ball|p2a: LATINO
|-supereffective|p2a: LATINO
|-damage|p2a: LATINO|0 fnt
|faint|p2a: LATINO
|
|upkeep
|
|t:|1779860960
|switch|p2a: Soldier|Iron Valiant, shiny|100/100
|-enditem|p2a: Soldier|Booster Energy
|-activate|p2a: Soldier|ability: Quark Drive|[fromitem]
|-start|p2a: Soldier|quarkdrivespe
|turn|14
|
|t:|1779860966
|move|p2a: Soldier|Moonblast|p1a: Hoopa
|-supereffective|p1a: Hoopa
|-damage|p1a: Hoopa|0 fnt
|faint|p1a: Hoopa
|
|upkeep
|
|t:|1779860969
|switch|p1a: Great Tusk|Great Tusk|100/100
|turn|15
|
|t:|1779860974
|move|p2a: Soldier|Moonblast|p1a: Great Tusk
|-supereffective|p1a: Great Tusk
|-damage|p1a: Great Tusk|0 fnt
|faint|p1a: Great Tusk
|-end|p1a: Great Tusk|Protosynthesis|[silent]
|
|win|bring09
|raw|Veiny1's rating: 1330 &rarr; <strong>1311</strong><br />(-19 for losing)
|raw|bring09's rating: 1353 &rarr; <strong>1372</strong><br />(+19 for winning)
|l|☆Veiny1
|player|p1|
|l|☆bring09
|player|p2|
