|j|☆Sh!nycopycat
|j|☆claudechamp
|t:|1779804267
|gametype|singles
|player|p1|Sh!nycopycat|miku-water|1274
|player|p2|claudechamp|265|1328
|gen|9
|tier|[Gen 9] OU
|rated|
|rule|HP Percentage Mod: HP is shown in percentages
|rule|Endless Battle Clause: Forcing endless battles is banned
|rule|Species Clause: Limit one of each Pokémon
|rule|OHKO Clause: OHKO moves are banned
|rule|Evasion Items Clause: Evasion items are banned
|rule|Evasion Moves Clause: Evasion moves are banned
|rule|Evasion Abilities Clause: Evasion abilities are banned
|rule|Sleep Moves Clause: Sleep-inducing moves are banned
|clearpoke
|poke|p1|Great Tusk|
|poke|p1|Ribombee, F|
|poke|p1|Kingambit, M|
|poke|p1|Zoroark-Hisui, M|
|poke|p1|Iron Valiant|
|poke|p1|Zamazenta-*|
|poke|p2|Corviknight, F|
|poke|p2|Ting-Lu|
|poke|p2|Kyurem|
|poke|p2|Dondozo, M|
|poke|p2|Slowking-Galar, F|
|poke|p2|Cinderace, M|
|teampreview
|c|☆claudechamp|hf
|inactive|Battle timer is ON: inactive players will automatically lose when time's up. (requested by claudechamp)
|
|t:|1779804290
|teamsize|p1|6
|teamsize|p2|6
|start
|switch|p1a: Tinkerbell|Ribombee, F, shiny|100/100
|switch|p2a: Cinderace|Cinderace, M|100/100
|turn|1
|
|t:|1779804295
|move|p1a: Tinkerbell|Stun Spore|p2a: Cinderace
|-status|p2a: Cinderace|par
|move|p2a: Cinderace|Will-O-Wisp|p1a: Tinkerbell
|-status|p1a: Tinkerbell|brn
|
|-damage|p1a: Tinkerbell|94/100 brn|[from] brn
|upkeep
|turn|2
|
|t:|1779804304
|move|p1a: Tinkerbell|Sticky Web|p2a: Cinderace
|-sidestart|p2: claudechamp|move: Sticky Web
|cant|p2a: Cinderace|par
|
|-damage|p1a: Tinkerbell|88/100 brn|[from] brn
|upkeep
|turn|3
|
|t:|1779804310
|switch|p1a: Tusk Sahur|Great Tusk|100/100
|move|p2a: Cinderace|Court Change|p2a: Cinderace
|-swapsideconditions
|-activate|p2a: Cinderace|move: Court Change
|
|upkeep
|turn|4
|
|t:|1779804317
|switch|p2a: Corviknight|Corviknight, F|100/100
|-ability|p2a: Corviknight|Pressure
|move|p1a: Tusk Sahur|Knock Off|p2a: Corviknight
|-damage|p2a: Corviknight|84/100
|-damage|p1a: Tusk Sahur|84/100|[from] item: Rocky Helmet|[of] p2a: Corviknight
|-enditem|p2a: Corviknight|Rocky Helmet|[from] move: Knock Off|[of] p1a: Tusk Sahur
|
|upkeep
|turn|5
|
|t:|1779804328
|move|p1a: Tusk Sahur|Ice Spinner|p2a: Corviknight
|-damage|p2a: Corviknight|71/100
|move|p2a: Corviknight|Brave Bird|p1a: Tusk Sahur
|-supereffective|p1a: Tusk Sahur
|-damage|p1a: Tusk Sahur|48/100
|-damage|p2a: Corviknight|54/100|[from] item: Rocky Helmet|[of] p1a: Tusk Sahur
|-damage|p2a: Corviknight|41/100|[from] Recoil
|
|upkeep
|turn|6
|
|t:|1779804337
|move|p1a: Tusk Sahur|Rapid Spin|p2a: Corviknight
|-resisted|p2a: Corviknight
|-damage|p2a: Corviknight|37/100
|-boost|p1a: Tusk Sahur|spe|1
|-sideend|p1: Sh!nycopycat|Sticky Web|[from] move: Rapid Spin|[of] p1a: Tusk Sahur
|move|p2a: Corviknight|Roost|p2a: Corviknight
|-heal|p2a: Corviknight|87/100
|-singleturn|p2a: Corviknight|move: Roost
|
|upkeep
|turn|7
|
|t:|1779804349
|-terastallize|p1a: Tusk Sahur|Water
|move|p1a: Tusk Sahur|Ice Spinner|p2a: Corviknight
|-damage|p2a: Corviknight|72/100
|move|p2a: Corviknight|Brave Bird|p1a: Tusk Sahur
|-damage|p1a: Tusk Sahur|30/100
|-damage|p2a: Corviknight|55/100|[from] item: Rocky Helmet|[of] p1a: Tusk Sahur
|-damage|p2a: Corviknight|49/100|[from] Recoil
|
|upkeep
|turn|8
|
|t:|1779804357
|move|p1a: Tusk Sahur|Knock Off|p2a: Corviknight
|-damage|p2a: Corviknight|37/100
|move|p2a: Corviknight|Roost|p2a: Corviknight
|-heal|p2a: Corviknight|87/100
|-singleturn|p2a: Corviknight|move: Roost
|
|upkeep
|turn|9
|
|t:|1779804364
|move|p1a: Tusk Sahur|Knock Off|p2a: Corviknight
|-damage|p2a: Corviknight|75/100
|move|p2a: Corviknight|Brave Bird|p1a: Tusk Sahur
|-damage|p1a: Tusk Sahur|15/100
|-damage|p2a: Corviknight|58/100|[from] item: Rocky Helmet|[of] p1a: Tusk Sahur
|-damage|p2a: Corviknight|53/100|[from] Recoil
|
|upkeep
|turn|10
|
|t:|1779804372
|move|p1a: Tusk Sahur|Knock Off|p2a: Corviknight
|-damage|p2a: Corviknight|41/100
|move|p2a: Corviknight|Roost|p2a: Corviknight
|-heal|p2a: Corviknight|91/100
|-singleturn|p2a: Corviknight|move: Roost
|
|upkeep
|turn|11
|
|t:|1779804379
|switch|p2a: Slowking|Slowking-Galar, F|100/100
|move|p1a: Tusk Sahur|Knock Off|p2a: Slowking
|-supereffective|p2a: Slowking
|-damage|p2a: Slowking|61/100
|-enditem|p2a: Slowking|Shuca Berry|[from] move: Knock Off|[of] p1a: Tusk Sahur
|
|upkeep
|turn|12
|
|t:|1779804390
|move|p1a: Tusk Sahur|Earthquake|p2a: Slowking
|-supereffective|p2a: Slowking
|-damage|p2a: Slowking|0 fnt
|faint|p2a: Slowking
|
|upkeep
|
|t:|1779804395
|switch|p2a: Kyurem|Kyurem|100/100
|-ability|p2a: Kyurem|Pressure
|turn|13
|
|t:|1779804403
|move|p2a: Kyurem|Freeze-Dry|p1a: Tusk Sahur
|-supereffective|p1a: Tusk Sahur
|-damage|p1a: Tusk Sahur|0 fnt
|faint|p1a: Tusk Sahur
|-end|p1a: Tusk Sahur|Protosynthesis|[silent]
|
|upkeep
|
|t:|1779804409
|switch|p1a: Tinkerbell|Ribombee, F, shiny|88/100 brn
|turn|14
|
|t:|1779804414
|switch|p2a: Cinderace|Cinderace, M|100/100 par
|move|p1a: Tinkerbell|Moonblast|p2a: Cinderace
|-resisted|p2a: Cinderace
|-damage|p2a: Cinderace|76/100 par
|
|-damage|p1a: Tinkerbell|82/100 brn|[from] brn
|upkeep
|turn|15
|
|t:|1779804432
|switch|p1a: Grrrrrrrrrrr|Zamazenta|100/100
|cant|p2a: Cinderace|par
|
|upkeep
|turn|16
|
|t:|1779804438
|move|p1a: Grrrrrrrrrrr|Shadow Ball|p2a: Cinderace
|-damage|p2a: Cinderace|14/100 par
|-damage|p1a: Grrrrrrrrrrr|91/100|[from] item: Life Orb
|cant|p2a: Cinderace|par
|
|upkeep
|turn|17
|
|t:|1779804444
|switch|p2a: Dondozo|Dondozo, M|100/100
|move|p1a: Grrrrrrrrrrr|Shadow Ball|p2a: Dondozo
|-damage|p2a: Dondozo|68/100
|-damage|p1a: Grrrrrrrrrrr|81/100|[from] item: Life Orb
|
|-heal|p2a: Dondozo|74/100|[from] item: Leftovers
|upkeep
|turn|18
|
|t:|1779804457
|move|p1a: Grrrrrrrrrrr|Nasty Plot|p1a: Grrrrrrrrrrr
|-boost|p1a: Grrrrrrrrrrr|spa|2
|move|p2a: Dondozo|Waterfall|p1a: Grrrrrrrrrrr
|-damage|p1a: Grrrrrrrrrrr|29/100
|replace|p1a: Socks|Zoroark-Hisui, M, shiny
|-end|p1a: Socks|Illusion
|
|-heal|p2a: Dondozo|80/100|[from] item: Leftovers
|upkeep
|turn|19
|
|t:|1779804465
|move|p1a: Socks|Shadow Ball|p2a: Dondozo
|-damage|p2a: Dondozo|49/100
|-damage|p1a: Socks|19/100|[from] item: Life Orb
|move|p2a: Dondozo|Waterfall|p1a: Socks
|-damage|p1a: Socks|0 fnt
|faint|p1a: Socks
|
|-heal|p2a: Dondozo|55/100|[from] item: Leftovers
|upkeep
|
|t:|1779804482
|switch|p1a: Grrrrrrrrrrr|Zamazenta|100/100
|-ability|p1a: Grrrrrrrrrrr|Dauntless Shield|boost
|-boost|p1a: Grrrrrrrrrrr|def|1
|turn|20
|
|t:|1779804487
|move|p1a: Grrrrrrrrrrr|Wild Charge|p2a: Dondozo
|-supereffective|p2a: Dondozo
|-damage|p2a: Dondozo|8/100
|-damage|p1a: Grrrrrrrrrrr|82/100|[from] Recoil
|-damage|p1a: Grrrrrrrrrrr|72/100|[from] item: Life Orb
|move|p2a: Dondozo|Curse|p2a: Dondozo
|-unboost|p2a: Dondozo|spe|1
|-boost|p2a: Dondozo|atk|1
|-boost|p2a: Dondozo|def|1
|
|-heal|p2a: Dondozo|15/100|[from] item: Leftovers
|upkeep
|turn|21
|
|t:|1779804498
|move|p1a: Grrrrrrrrrrr|Crunch|p2a: Dondozo
|-damage|p2a: Dondozo|2/100
|-damage|p1a: Grrrrrrrrrrr|63/100|[from] item: Life Orb
|move|p2a: Dondozo|Rest|p2a: Dondozo
|-status|p2a: Dondozo|slp|[from] move: Rest
|-heal|p2a: Dondozo|100/100 slp|[silent]
|
|upkeep
|turn|22
|
|t:|1779804505
|move|p1a: Grrrrrrrrrrr|Wild Charge|p2a: Dondozo
|-supereffective|p2a: Dondozo
|-damage|p2a: Dondozo|70/100 slp
|-damage|p1a: Grrrrrrrrrrr|51/100|[from] Recoil
|-damage|p1a: Grrrrrrrrrrr|41/100|[from] item: Life Orb
|cant|p2a: Dondozo|slp
|
|-heal|p2a: Dondozo|76/100 slp|[from] item: Leftovers
|upkeep
|turn|23
|
|t:|1779804514
|move|p1a: Grrrrrrrrrrr|Wild Charge|p2a: Dondozo
|-supereffective|p2a: Dondozo
|-damage|p2a: Dondozo|46/100 slp
|-damage|p1a: Grrrrrrrrrrr|29/100|[from] Recoil
|-damage|p1a: Grrrrrrrrrrr|20/100|[from] item: Life Orb
|cant|p2a: Dondozo|slp
|
|-heal|p2a: Dondozo|52/100 slp|[from] item: Leftovers
|upkeep
|turn|24
|
|t:|1779804522
|move|p1a: Grrrrrrrrrrr|Wild Charge|p2a: Dondozo
|-supereffective|p2a: Dondozo
|-damage|p2a: Dondozo|24/100 slp
|-damage|p1a: Grrrrrrrrrrr|8/100|[from] Recoil
|-damage|p1a: Grrrrrrrrrrr|0 fnt|[from] item: Life Orb
|faint|p1a: Grrrrrrrrrrr
|-curestatus|p2a: Dondozo|slp|[msg]
|move|p2a: Dondozo|Waterfall|p1: Grrrrrrrrrrr|[notarget]
|-fail|p2a: Dondozo
|
|-heal|p2a: Dondozo|30/100|[from] item: Leftovers
|upkeep
|
|t:|1779804534
|switch|p1a: Galladevoir|Iron Valiant, shiny|100/100
|-enditem|p1a: Galladevoir|Booster Energy
|-activate|p1a: Galladevoir|ability: Quark Drive|[fromitem]
|-start|p1a: Galladevoir|quarkdrivespe
|turn|25
|
|t:|1779804539
|move|p1a: Galladevoir|Thunderbolt|p2a: Dondozo
|-supereffective|p2a: Dondozo
|-damage|p2a: Dondozo|0 fnt
|faint|p2a: Dondozo
|
|upkeep
|
|t:|1779804544
|switch|p2a: Ting-Lu|Ting-Lu|100/100
|-ability|p2a: Ting-Lu|Vessel of Ruin
|turn|26
|
|t:|1779804552
|-end|p1a: Galladevoir|Quark Drive|[silent]
|switch|p1a: Tinkerbell|Ribombee, F, shiny|82/100 brn
|move|p2a: Ting-Lu|Earthquake|p1a: Tinkerbell
|-resisted|p1a: Tinkerbell
|-damage|p1a: Tinkerbell|48/100 brn
|
|-damage|p1a: Tinkerbell|42/100 brn|[from] brn
|upkeep
|turn|27
|
|t:|1779804560
|move|p1a: Tinkerbell|Moonblast|p2a: Ting-Lu
|-supereffective|p2a: Ting-Lu
|-damage|p2a: Ting-Lu|70/100
|-unboost|p2a: Ting-Lu|spa|1
|move|p2a: Ting-Lu|Earthquake|p1a: Tinkerbell
|-resisted|p1a: Tinkerbell
|-damage|p1a: Tinkerbell|7/100 brn
|
|-heal|p2a: Ting-Lu|76/100|[from] item: Leftovers
|-damage|p1a: Tinkerbell|1/100 brn|[from] brn
|upkeep
|turn|28
|
|t:|1779804569
|switch|p2a: Corviknight|Corviknight, F|91/100
|-ability|p2a: Corviknight|Pressure
|move|p1a: Tinkerbell|Moonblast|p2a: Corviknight
|-resisted|p2a: Corviknight
|-damage|p2a: Corviknight|72/100
|
|-damage|p1a: Tinkerbell|0 fnt|[from] brn
|faint|p1a: Tinkerbell
|upkeep
|
|t:|1779804579
|switch|p1a: Galladevoir|Iron Valiant, shiny|100/100
|turn|29
|
|t:|1779804583
|move|p1a: Galladevoir|Thunderbolt|p2a: Corviknight
|-supereffective|p2a: Corviknight
|-crit|p2a: Corviknight
|-damage|p2a: Corviknight|0 fnt
|faint|p2a: Corviknight
|
|upkeep
|
|t:|1779804592
|switch|p2a: Kyurem|Kyurem|100/100
|-ability|p2a: Kyurem|Pressure
|turn|30
|
|t:|1779804601
|-terastallize|p2a: Kyurem|Ground
|move|p1a: Galladevoir|Moonblast|p2a: Kyurem
|-damage|p2a: Kyurem|61/100
|move|p2a: Kyurem|Earth Power|p1a: Galladevoir
|-damage|p1a: Galladevoir|24/100
|
|-heal|p2a: Kyurem|67/100|[from] item: Leftovers
|upkeep
|turn|31
|
|t:|1779804612
|move|p1a: Galladevoir|Moonblast|p2a: Kyurem
|-damage|p2a: Kyurem|27/100
|move|p2a: Kyurem|Earth Power|p1a: Galladevoir
|-damage|p1a: Galladevoir|0 fnt
|faint|p1a: Galladevoir
|-end|p1a: Galladevoir|Quark Drive|[silent]
|
|-heal|p2a: Kyurem|33/100|[from] item: Leftovers
|upkeep
|
|t:|1779804620
|switch|p1a: Jerry|Kingambit, M, shiny|100/100
|-activate|p1a: Jerry|ability: Supreme Overlord
|-start|p1a: Jerry|fallen5|[silent]
|turn|32
|
|t:|1779804627
|move|p1a: Jerry|Sucker Punch||[still]
|-fail|p1a: Jerry
|move|p2a: Kyurem|Substitute|p2a: Kyurem
|-start|p2a: Kyurem|Substitute
|-damage|p2a: Kyurem|8/100
|
|-heal|p2a: Kyurem|14/100|[from] item: Leftovers
|upkeep
|turn|33
|
|t:|1779804635
|move|p2a: Kyurem|Protect|p2a: Kyurem
|-singleturn|p2a: Kyurem|Protect
|move|p1a: Jerry|Kowtow Cleave|p2a: Kyurem
|-activate|p2a: Kyurem|move: Protect
|
|-heal|p2a: Kyurem|20/100|[from] item: Leftovers
|upkeep
|turn|34
|
|t:|1779804646
|move|p2a: Kyurem|Earth Power|p1a: Jerry
|-supereffective|p1a: Jerry
|-damage|p1a: Jerry|36/100
|move|p1a: Jerry|Kowtow Cleave|p2a: Kyurem
|-end|p2a: Kyurem|Substitute
|
|-heal|p2a: Kyurem|26/100|[from] item: Leftovers
|-heal|p1a: Jerry|42/100|[from] item: Leftovers
|upkeep
|turn|35
|
|t:|1779804656
|move|p2a: Kyurem|Substitute|p2a: Kyurem
|-start|p2a: Kyurem|Substitute
|-damage|p2a: Kyurem|1/100
|move|p1a: Jerry|Kowtow Cleave|p2a: Kyurem
|-end|p2a: Kyurem|Substitute
|
|-heal|p2a: Kyurem|8/100|[from] item: Leftovers
|-heal|p1a: Jerry|49/100|[from] item: Leftovers
|upkeep
|turn|36
|
|t:|1779804664
|switch|p2a: Ting-Lu|Ting-Lu|76/100
|-ability|p2a: Ting-Lu|Vessel of Ruin
|move|p1a: Jerry|Sucker Punch||[still]
|-fail|p1a: Jerry
|
|-heal|p1a: Jerry|55/100|[from] item: Leftovers
|-heal|p2a: Ting-Lu|82/100|[from] item: Leftovers
|upkeep
|turn|37
|
|t:|1779804673
|move|p1a: Jerry|Low Kick|p2a: Ting-Lu
|-supereffective|p2a: Ting-Lu
|-damage|p2a: Ting-Lu|23/100
|move|p2a: Ting-Lu|Earthquake|p1a: Jerry
|-supereffective|p1a: Jerry
|-damage|p1a: Jerry|5/100
|
|-heal|p1a: Jerry|11/100|[from] item: Leftovers
|-heal|p2a: Ting-Lu|30/100|[from] item: Leftovers
|upkeep
|turn|38
|
|t:|1779804683
|move|p1a: Jerry|Low Kick|p2a: Ting-Lu
|-supereffective|p2a: Ting-Lu
|-damage|p2a: Ting-Lu|0 fnt
|faint|p2a: Ting-Lu
|
|-heal|p1a: Jerry|18/100|[from] item: Leftovers
|upkeep
|
|t:|1779804692
|switch|p2a: Cinderace|Cinderace, M|14/100 par
|turn|39
|
|t:|1779804702
|move|p1a: Jerry|Sucker Punch|p2a: Cinderace
|-damage|p2a: Cinderace|0 fnt
|faint|p2a: Cinderace
|
|-heal|p1a: Jerry|24/100|[from] item: Leftovers
|upkeep
|
|t:|1779804708
|switch|p2a: Kyurem|Kyurem, tera:Ground|8/100
|-ability|p2a: Kyurem|Pressure
|turn|40
|
|t:|1779804720
|move|p2a: Kyurem|Protect|p2a: Kyurem
|-singleturn|p2a: Kyurem|Protect
|move|p1a: Jerry|Sucker Punch||[still]
|-fail|p1a: Jerry
|
|-heal|p2a: Kyurem|14/100|[from] item: Leftovers
|-heal|p1a: Jerry|30/100|[from] item: Leftovers
|upkeep
|turn|41
|
|t:|1779804727
|move|p2a: Kyurem|Earth Power|p1a: Jerry
|-supereffective|p1a: Jerry
|-damage|p1a: Jerry|0 fnt
|faint|p1a: Jerry
|-end|p1a: Jerry|fallen5|[silent]
|
|win|claudechamp
|raw|Sh!nycopycat's rating: 1274 &rarr; <strong>1251</strong><br />(-23 for losing)
|raw|claudechamp's rating: 1304 &rarr; <strong>1322</strong><br />(+18 for winning)
|c|☆claudechamp|gg
|l|☆Sh!nycopycat
|player|p1|
