|j|☆Scizorag
|j|☆The Boy Saviour
|t:|1779933834
|gametype|singles
|player|p1|Scizorag|1|1327
|player|p2|The Boy Saviour|picnicker|1392
|gen|9
|tier|[Gen 9] OU
|rated|
|rule|HP Percentage Mod: HP is shown in percentages
|rule|Endless Battle Clause: Forcing endless battles is banned
|rule|Species Clause: Limit one of each Pokémon
|rule|OHKO Clause: OHKO moves are banned
|rule|Evasion Items Clause: Evasion items are banned
|rule|Evasion Moves Clause: Evasion moves are banned
|rule|Evasion Abilities Clause: Evasion abilities are banned
|rule|Sleep Moves Clause: Sleep-inducing moves are banned
|clearpoke
|poke|p1|Zamazenta-*|
|poke|p1|Iron Moth|
|poke|p1|Manaphy|
|poke|p1|Iron Valiant|
|poke|p1|Raging Bolt|
|poke|p1|Gliscor, F|
|poke|p2|Grimmsnarl, M|
|poke|p2|Zamazenta-*|
|poke|p2|Iron Crown|
|poke|p2|Raging Bolt|
|poke|p2|Ogerpon-Wellspring, F|
|poke|p2|Glimmora, F|
|teampreview
|inactive|Battle timer is ON: inactive players will automatically lose when time's up. (requested by The Boy Saviour)
|
|t:|1779933840
|teamsize|p1|6
|teamsize|p2|6
|start
|switch|p1a: Zamazenta|Zamazenta|100/100
|switch|p2a: Poison Ivy|Glimmora, F|100/100
|-ability|p1a: Zamazenta|Dauntless Shield|boost
|-boost|p1a: Zamazenta|def|1
|turn|1
|
|t:|1779933845
|move|p1a: Zamazenta|Light Screen|p1a: Zamazenta
|-sidestart|p1: Scizorag|move: Light Screen
|move|p2a: Poison Ivy|Stealth Rock|p1a: Zamazenta
|-sidestart|p1: Scizorag|move: Stealth Rock
|
|upkeep
|turn|2
|
|t:|1779933849
|move|p1a: Zamazenta|Reflect|p1a: Zamazenta
|-sidestart|p1: Scizorag|Reflect
|move|p2a: Poison Ivy|Spikes|p1a: Zamazenta
|-sidestart|p1: Scizorag|Spikes
|
|upkeep
|turn|3
|
|t:|1779933859
|switch|p1a: Manaphy|Manaphy|100/100
|-damage|p1a: Manaphy|88/100|[from] Stealth Rock
|-damage|p1a: Manaphy|76/100|[from] Spikes
|move|p2a: Poison Ivy|Spikes|p1a: Manaphy
|-sidestart|p1: Scizorag|Spikes
|
|-heal|p1a: Manaphy|82/100|[from] item: Leftovers
|upkeep
|turn|4
|c|☆The Boy Saviour|Brotha wheres your removal
|c|☆Scizorag|ho
|
|t:|1779933868
|move|p1a: Manaphy|Take Heart|p1a: Manaphy
|-boost|p1a: Manaphy|spa|1
|-boost|p1a: Manaphy|spd|1
|move|p2a: Poison Ivy|Spikes|p1a: Manaphy
|-sidestart|p1: Scizorag|Spikes
|
|-heal|p1a: Manaphy|88/100|[from] item: Leftovers
|upkeep
|turn|5
|
|t:|1779933870
|move|p1a: Manaphy|Acid Armor|p1a: Manaphy
|-boost|p1a: Manaphy|def|2
|move|p2a: Poison Ivy|Spikes||[still]
|-fail|p2a: Poison Ivy
|
|-heal|p1a: Manaphy|94/100|[from] item: Leftovers
|upkeep
|turn|6
|
|t:|1779933872
|move|p1a: Manaphy|Take Heart|p1a: Manaphy
|-boost|p1a: Manaphy|spa|1
|-boost|p1a: Manaphy|spd|1
|move|p2a: Poison Ivy|Earth Power|p1a: Manaphy
|-damage|p1a: Manaphy|89/100
|
|-heal|p1a: Manaphy|95/100|[from] item: Leftovers
|upkeep
|turn|7
|
|t:|1779933875
|move|p1a: Manaphy|Take Heart|p1a: Manaphy
|-boost|p1a: Manaphy|spa|1
|-boost|p1a: Manaphy|spd|1
|move|p2a: Poison Ivy|Mortal Spin|p1a: Manaphy
|-damage|p1a: Manaphy|94/100
|-status|p1a: Manaphy|psn
|
|-heal|p1a: Manaphy|99/100 psn|[from] item: Leftovers
|-damage|p1a: Manaphy|88/100 psn|[from] psn
|upkeep
|turn|8
|
|t:|1779933882
|move|p1a: Manaphy|Take Heart|p1a: Manaphy
|-boost|p1a: Manaphy|spa|1
|-boost|p1a: Manaphy|spd|1
|-curestatus|p1a: Manaphy|psn|[msg]
|move|p2a: Poison Ivy|Mortal Spin|p1a: Manaphy
|-damage|p1a: Manaphy|86/100
|-status|p1a: Manaphy|psn
|
|-heal|p1a: Manaphy|93/100 psn|[from] item: Leftovers
|-damage|p1a: Manaphy|80/100 psn|[from] psn
|-sideend|p1: Scizorag|move: Light Screen
|upkeep
|turn|9
|
|t:|1779933901
|move|p1a: Manaphy|Acid Armor|p1a: Manaphy
|-boost|p1a: Manaphy|def|2
|move|p2a: Poison Ivy|Mortal Spin|p1a: Manaphy
|-damage|p1a: Manaphy|79/100 psn
|
|-heal|p1a: Manaphy|86/100 psn|[from] item: Leftovers
|-damage|p1a: Manaphy|73/100 psn|[from] psn
|-sideend|p1: Scizorag|Reflect
|upkeep
|turn|10
|
|t:|1779933905
|move|p1a: Manaphy|Take Heart|p1a: Manaphy
|-boost|p1a: Manaphy|spa|1
|-boost|p1a: Manaphy|spd|1
|-curestatus|p1a: Manaphy|psn|[msg]
|move|p2a: Poison Ivy|Mortal Spin|p1a: Manaphy
|-damage|p1a: Manaphy|72/100
|-status|p1a: Manaphy|psn
|
|-heal|p1a: Manaphy|78/100 psn|[from] item: Leftovers
|-damage|p1a: Manaphy|65/100 psn|[from] psn
|upkeep
|turn|11
|
|t:|1779933916
|-terastallize|p1a: Manaphy|Poison
|move|p1a: Manaphy|Take Heart|p1a: Manaphy
|-boost|p1a: Manaphy|spa|1
|-boost|p1a: Manaphy|spd|1
|-curestatus|p1a: Manaphy|psn|[msg]
|move|p2a: Poison Ivy|Mortal Spin|p1a: Manaphy
|-resisted|p1a: Manaphy
|-damage|p1a: Manaphy|65/100
|
|-heal|p1a: Manaphy|71/100|[from] item: Leftovers
|upkeep
|turn|12
|c|☆The Boy Saviour|Brotha
|c|☆The Boy Saviour|brotha
|
|t:|1779933929
|move|p1a: Manaphy|Acid Armor|p1a: Manaphy
|-boost|p1a: Manaphy|def|2
|move|p2a: Poison Ivy|Mortal Spin|p1a: Manaphy
|-resisted|p1a: Manaphy
|-damage|p1a: Manaphy|70/100
|
|-heal|p1a: Manaphy|76/100|[from] item: Leftovers
|upkeep
|turn|13
|
|t:|1779933934
|move|p1a: Manaphy|Stored Power|p2a: Poison Ivy
|-supereffective|p2a: Poison Ivy
|-crit|p2a: Poison Ivy
|-damage|p2a: Poison Ivy|0 fnt
|faint|p2a: Poison Ivy
|
|-heal|p1a: Manaphy|82/100|[from] item: Leftovers
|upkeep
|c|☆The Boy Saviour|Wait
|c|☆The Boy Saviour|hmm
|
|t:|1779933954
|switch|p2a: The Deep|Ogerpon-Wellspring, F|100/100
|turn|14
|c|☆Scizorag|take your time
|
|t:|1779933958
|move|p2a: The Deep|Ivy Cudgel|p1a: Manaphy|[anim] Ivy Cudgel Water
|-damage|p1a: Manaphy|71/100
|move|p1a: Manaphy|Stored Power|p2a: The Deep
|-damage|p2a: The Deep|0 fnt
|faint|p2a: The Deep
|
|-heal|p1a: Manaphy|77/100|[from] item: Leftovers
|upkeep
|
|t:|1779933962
|switch|p2a: The Betrayer|Grimmsnarl, M|100/100
|turn|15
|
|t:|1779933967
|move|p2a: The Betrayer|Light Screen|p2a: The Betrayer
|-sidestart|p2: The Boy Saviour|move: Light Screen
|move|p1a: Manaphy|Scald|p2a: The Betrayer
|-damage|p2a: The Betrayer|51/100
|-status|p2a: The Betrayer|brn
|
|-heal|p1a: Manaphy|83/100|[from] item: Leftovers
|-damage|p2a: The Betrayer|45/100 brn|[from] brn
|upkeep
|turn|16
|
|t:|1779933970
|move|p2a: The Betrayer|Reflect|p2a: The Betrayer
|-sidestart|p2: The Boy Saviour|Reflect
|move|p1a: Manaphy|Scald|p2a: The Betrayer
|-damage|p2a: The Betrayer|0 fnt
|faint|p2a: The Betrayer
|
|-heal|p1a: Manaphy|89/100|[from] item: Leftovers
|upkeep
|
|t:|1779933974
|switch|p2a: Thor Odinson|Raging Bolt|100/100
|-enditem|p2a: Thor Odinson|Booster Energy
|-activate|p2a: Thor Odinson|ability: Protosynthesis|[fromitem]
|-start|p2a: Thor Odinson|protosynthesisspa
|turn|17
|
|t:|1779933982
|move|p1a: Manaphy|Stored Power|p2a: Thor Odinson
|-damage|p2a: Thor Odinson|0 fnt
|faint|p2a: Thor Odinson
|-end|p2a: Thor Odinson|Protosynthesis|[silent]
|
|-heal|p1a: Manaphy|95/100|[from] item: Leftovers
|upkeep
|
|t:|1779933989
|switch|p2a: Perfection|Iron Crown|100/100
|-enditem|p2a: Perfection|Booster Energy
|-activate|p2a: Perfection|ability: Quark Drive|[fromitem]
|-start|p2a: Perfection|quarkdrivespe
|turn|18
|
|t:|1779933992
|move|p2a: Perfection|Stored Power|p1a: Manaphy
|-supereffective|p1a: Manaphy
|-damage|p1a: Manaphy|92/100
|move|p1a: Manaphy|Scald|p2a: Perfection
|-damage|p2a: Perfection|61/100
|-status|p2a: Perfection|brn
|
|-heal|p1a: Manaphy|98/100|[from] item: Leftovers
|-damage|p2a: Perfection|55/100 brn|[from] brn
|upkeep
|turn|19
|-message|The Boy Saviour forfeited.
|
|win|Scizorag
|raw|Scizorag's rating: 1327 &rarr; <strong>1351</strong><br />(+24 for winning)
|raw|The Boy Saviour's rating: 1392 &rarr; <strong>1368</strong><br />(-24 for losing)
|l|☆The Boy Saviour
|player|p2|
