|j|‽ekekdkdmdmwksl
|j|☆hish_9
|t:|1779805837
|gametype|singles
|player|p1|ekekdkdmdmwksl|170|1320
|player|p2|hish_9|red|1305
|gen|9
|tier|[Gen 9] OU
|rated|
|rule|HP Percentage Mod: HP is shown in percentages
|rule|Endless Battle Clause: Forcing endless battles is banned
|rule|Species Clause: Limit one of each Pokémon
|rule|OHKO Clause: OHKO moves are banned
|rule|Evasion Items Clause: Evasion items are banned
|rule|Evasion Moves Clause: Evasion moves are banned
|rule|Evasion Abilities Clause: Evasion abilities are banned
|rule|Sleep Moves Clause: Sleep-inducing moves are banned
|clearpoke
|poke|p1|Scrafty, M|
|poke|p1|Volbeat, M|
|poke|p1|Hoopa-Unbound|
|poke|p1|Hatterene, F|
|poke|p1|Registeel|
|poke|p1|Iron Moth|
|poke|p2|Scizor, M|
|poke|p2|Hatterene, F|
|poke|p2|Walking Wake|
|poke|p2|Raging Bolt|
|poke|p2|Ninetales, M|
|poke|p2|Great Tusk|
|teampreview
|inactive|Battle timer is ON: inactive players will automatically lose when time's up. (requested by hish_9)
|
|t:|1779805861
|teamsize|p1|6
|teamsize|p2|6
|start
|switch|p1a: Iron Moth|Iron Moth|100/100
|switch|p2a: Scizor|Scizor, M|100/100
|-enditem|p1a: Iron Moth|Booster Energy
|-activate|p1a: Iron Moth|ability: Quark Drive|[fromitem]
|-start|p1a: Iron Moth|quarkdrivespa
|turn|1
|
|t:|1779805880
|switch|p2a: Ninetales|Ninetales, M|100/100
|-weather|SunnyDay|[from] ability: Drought|[of] p2a: Ninetales
|move|p1a: Iron Moth|Fiery Dance|p2a: Ninetales
|-resisted|p2a: Ninetales
|-damage|p2a: Ninetales|62/100
|
|-weather|SunnyDay|[upkeep]
|upkeep
|turn|2
|
|t:|1779805894
|switch|p2a: Walking Wake|Walking Wake|100/100
|-activate|p2a: Walking Wake|ability: Protosynthesis
|-start|p2a: Walking Wake|protosynthesisspe
|move|p1a: Iron Moth|Sludge Wave|p2a: Walking Wake
|-damage|p2a: Walking Wake|21/100
|
|-weather|SunnyDay|[upkeep]
|upkeep
|turn|3
|inactive|ekekdkdmdmwksl has 120 seconds left.
|
|t:|1779805925
|-terastallize|p2a: Walking Wake|Water
|-terastallize|p1a: Iron Moth|Grass
|move|p2a: Walking Wake|Hydro Steam|p1a: Iron Moth
|-resisted|p1a: Iron Moth
|-damage|p1a: Iron Moth|40/100
|move|p1a: Iron Moth|Sludge Wave|p2a: Walking Wake
|-damage|p2a: Walking Wake|0 fnt
|faint|p2a: Walking Wake
|-end|p2a: Walking Wake|Protosynthesis|[silent]
|
|-weather|SunnyDay|[upkeep]
|upkeep
|inactive|hish_9 has 120 seconds left.
|
|t:|1779805943
|switch|p2a: Ninetales|Ninetales, M|62/100
|turn|4
|
|t:|1779805949
|move|p1a: Iron Moth|Sludge Wave|p2a: Ninetales
|-damage|p2a: Ninetales|0 fnt
|faint|p2a: Ninetales
|
|-weather|SunnyDay|[upkeep]
|upkeep
|
|t:|1779805953
|switch|p2a: Scizor|Scizor, M|100/100
|turn|5
|
|t:|1779805957
|move|p2a: Scizor|Bullet Punch|p1a: Iron Moth
|-damage|p1a: Iron Moth|0 fnt
|faint|p1a: Iron Moth
|-end|p1a: Iron Moth|Quark Drive|[silent]
|
|-weather|SunnyDay|[upkeep]
|upkeep
|
|t:|1779805967
|switch|p1a: Volbeat|Volbeat, M, shiny|100/100
|turn|6
|
|t:|1779805981
|move|p2a: Scizor|Bullet Punch|p1a: Volbeat
|-damage|p1a: Volbeat|44/100
|move|p1a: Volbeat|Lunge|p2a: Scizor
|-resisted|p2a: Scizor
|-crit|p2a: Scizor
|-damage|p2a: Scizor|84/100
|-unboost|p2a: Scizor|atk|1
|
|-weather|SunnyDay|[upkeep]
|upkeep
|turn|7
|
|t:|1779805994
|move|p1a: Volbeat|Roost|p1a: Volbeat
|-heal|p1a: Volbeat|94/100
|-singleturn|p1a: Volbeat|move: Roost
|move|p2a: Scizor|Bullet Punch|p1a: Volbeat
|-crit|p1a: Volbeat
|-damage|p1a: Volbeat|15/100
|
|-weather|SunnyDay|[upkeep]
|upkeep
|turn|8
|
|t:|1779806006
|switch|p2a: Great Tusk|Great Tusk|100/100
|-activate|p2a: Great Tusk|ability: Protosynthesis
|-start|p2a: Great Tusk|protosynthesisatk
|move|p1a: Volbeat|Roost|p1a: Volbeat
|-heal|p1a: Volbeat|65/100
|-singleturn|p1a: Volbeat|move: Roost
|
|-weather|none
|-end|p2a: Great Tusk|Protosynthesis
|upkeep
|turn|9
|
|t:|1779806020
|-end|p2a: Great Tusk|Protosynthesis|[silent]
|switch|p2a: Scizor|Scizor, M|84/100
|move|p1a: Volbeat|Lunge|p2a: Scizor
|-resisted|p2a: Scizor
|-damage|p2a: Scizor|73/100
|-unboost|p2a: Scizor|atk|1
|
|upkeep
|turn|10
|
|t:|1779806026
|move|p1a: Volbeat|Thunder Wave|p2a: Scizor
|-status|p2a: Scizor|par
|move|p2a: Scizor|Dual Wingbeat|p1a: Volbeat
|-supereffective|p1a: Volbeat
|-damage|p1a: Volbeat|17/100
|-supereffective|p1a: Volbeat
|-damage|p1a: Volbeat|0 fnt
|faint|p1a: Volbeat
|-hitcount|p1: Volbeat|2
|
|upkeep
|inactive|ekekdkdmdmwksl has 120 seconds left.
|
|t:|1779806066
|switch|p1a: Scrafty|Scrafty, M|100/100
|turn|11
|
|t:|1779806070
|move|p1a: Scrafty|Bulk Up|p1a: Scrafty
|-boost|p1a: Scrafty|atk|1
|-boost|p1a: Scrafty|def|1
|cant|p2a: Scizor|par
|
|upkeep
|turn|12
|
|t:|1779806079
|move|p1a: Scrafty|Bulk Up|p1a: Scrafty
|-boost|p1a: Scrafty|atk|1
|-boost|p1a: Scrafty|def|1
|move|p2a: Scizor|Dual Wingbeat|p1a: Scrafty
|-supereffective|p1a: Scrafty
|-damage|p1a: Scrafty|72/100
|-supereffective|p1a: Scrafty
|-damage|p1a: Scrafty|45/100
|-hitcount|p1a: Scrafty|2
|
|-heal|p1a: Scrafty|51/100|[from] item: Leftovers
|upkeep
|turn|13
|
|t:|1779806090
|move|p1a: Scrafty|Drain Punch|p2a: Scizor
|-damage|p2a: Scizor|18/100 par
|-heal|p1a: Scrafty|86/100|[from] drain|[of] p2a: Scizor
|move|p2a: Scizor|Dual Wingbeat|p1a: Scrafty
|-supereffective|p1a: Scrafty
|-damage|p1a: Scrafty|62/100
|-supereffective|p1a: Scrafty
|-damage|p1a: Scrafty|36/100
|-hitcount|p1a: Scrafty|2
|
|-heal|p1a: Scrafty|42/100|[from] item: Leftovers
|upkeep
|turn|14
|
|t:|1779806101
|switch|p2a: Hatterene|Hatterene, F|100/100
|move|p1a: Scrafty|Drain Punch|p2a: Hatterene
|-resisted|p2a: Hatterene
|-damage|p2a: Hatterene|87/100
|-heal|p1a: Scrafty|50/100|[from] drain|[of] p2a: Hatterene
|
|-heal|p1a: Scrafty|56/100|[from] item: Leftovers
|upkeep
|turn|15
|
|t:|1779806117
|move|p1a: Scrafty|Poison Jab|p2a: Hatterene
|-supereffective|p2a: Hatterene
|-damage|p2a: Hatterene|10/100
|move|p2a: Hatterene|Draining Kiss|p1a: Scrafty
|-supereffective|p1a: Scrafty
|-damage|p1a: Scrafty|0 fnt
|-heal|p2a: Hatterene|45/100|[from] drain|[of] p1a: Scrafty
|faint|p1a: Scrafty
|
|upkeep
|inactive|ekekdkdmdmwksl has 120 seconds left.
|
|t:|1779806138
|switch|p1a: Hoopa|Hoopa-Unbound|100/100
|turn|16
|inactive|ekekdkdmdmwksl has 120 seconds left.
|
|t:|1779806148
|move|p1a: Hoopa|Dark Pulse|p2a: Hatterene
|-damage|p2a: Hatterene|0 fnt
|faint|p2a: Hatterene
|
|upkeep
|
|t:|1779806152
|switch|p2a: Scizor|Scizor, M|18/100 par
|turn|17
|
|t:|1779806158
|move|p1a: Hoopa|Dark Pulse|p2a: Scizor
|-damage|p2a: Scizor|0 fnt
|faint|p2a: Scizor
|
|upkeep
|
|t:|1779806167
|switch|p2a: Raging Bolt|Raging Bolt|100/100
|-enditem|p2a: Raging Bolt|Booster Energy
|-activate|p2a: Raging Bolt|ability: Protosynthesis|[fromitem]
|-start|p2a: Raging Bolt|protosynthesisspa
|turn|18
|
|t:|1779806173
|move|p1a: Hoopa|Dark Pulse|p2a: Raging Bolt
|-damage|p2a: Raging Bolt|30/100
|move|p2a: Raging Bolt|Calm Mind|p2a: Raging Bolt
|-boost|p2a: Raging Bolt|spa|1
|-boost|p2a: Raging Bolt|spd|1
|
|upkeep
|turn|19
|
|t:|1779806179
|move|p2a: Raging Bolt|Thunderclap|p1a: Hoopa
|-damage|p1a: Hoopa|27/100
|move|p1a: Hoopa|Dark Pulse|p2a: Raging Bolt
|-damage|p2a: Raging Bolt|0 fnt
|faint|p2a: Raging Bolt
|-end|p2a: Raging Bolt|Protosynthesis|[silent]
|
|upkeep
|-message|hish_9 forfeited.
|
|win|ekekdkdmdmwksl
|raw|ekekdkdmdmwksl's rating: 1320 &rarr; <strong>1339</strong><br />(+19 for winning)
|raw|hish_9's rating: 1305 &rarr; <strong>1286</strong><br />(-19 for losing)
|l|☆hish_9
|player|p2|
|l|‽ekekdkdmdmwksl
|player|p1|
