|j|☆pointymetagross
|j|☆danishpotato
|t:|1779880212
|gametype|singles
|player|p1|pointymetagross|drayden|1144
|player|p2|danishpotato|lucas|1067
|gen|9
|tier|[Gen 9] OU
|rated|
|rule|HP Percentage Mod: HP is shown in percentages
|rule|Endless Battle Clause: Forcing endless battles is banned
|rule|Species Clause: Limit one of each Pokémon
|rule|OHKO Clause: OHKO moves are banned
|rule|Evasion Items Clause: Evasion items are banned
|rule|Evasion Moves Clause: Evasion moves are banned
|rule|Evasion Abilities Clause: Evasion abilities are banned
|rule|Sleep Moves Clause: Sleep-inducing moves are banned
|clearpoke
|poke|p1|Inteleon, F|
|poke|p1|Blaziken, F|
|poke|p1|Iron Valiant|
|poke|p1|Electrode-Hisui|
|poke|p1|Gholdengo|
|poke|p1|Darkrai|
|poke|p2|Zapdos|
|poke|p2|Araquanid, M|
|poke|p2|Hitmonchan, M|
|teampreview
|inactive|Battle timer is ON: inactive players will automatically lose when time's up. (requested by pointymetagross)
|
|t:|1779880218
|teamsize|p1|6
|teamsize|p2|3
|start
|switch|p1a: FukGreatTusk|Iron Valiant|100/100
|switch|p2a: Araquanid|Araquanid, M|100/100
|-enditem|p1a: FukGreatTusk|Booster Energy
|-activate|p1a: FukGreatTusk|ability: Quark Drive|[fromitem]
|-start|p1a: FukGreatTusk|quarkdrivespe
|turn|1
|
|t:|1779880228
|move|p1a: FukGreatTusk|Thunder Punch|p2a: Araquanid
|-supereffective|p2a: Araquanid
|-damage|p2a: Araquanid|46/100
|-status|p2a: Araquanid|par
|move|p2a: Araquanid|Sticky Web|p1a: FukGreatTusk
|-sidestart|p1: pointymetagross|move: Sticky Web
|
|upkeep
|turn|2
|
|t:|1779880238
|switch|p2a: Zapdos|Zapdos|100/100
|move|p1a: FukGreatTusk|Thunder Punch|p2a: Zapdos
|-damage|p2a: Zapdos|70/100
|
|upkeep
|turn|3
|
|t:|1779880250
|-terastallize|p2a: Zapdos|Steel
|move|p1a: FukGreatTusk|Spirit Break|p2a: Zapdos
|-resisted|p2a: Zapdos
|-damage|p2a: Zapdos|44/100
|-unboost|p2a: Zapdos|spa|1
|move|p2a: Zapdos|Hurricane|p1a: FukGreatTusk
|-supereffective|p1a: FukGreatTusk
|-damage|p1a: FukGreatTusk|0 fnt
|faint|p1a: FukGreatTusk
|-end|p1a: FukGreatTusk|Quark Drive|[silent]
|
|upkeep
|
|t:|1779880260
|switch|p1a: FukEverything|Inteleon, F, shiny|100/100
|-activate|p1a: FukEverything|move: Sticky Web
|-unboost|p1a: FukEverything|spe|1
|turn|4
|
|t:|1779880270
|-terastallize|p1a: FukEverything|Fairy
|move|p1a: FukEverything|Vacuum Wave|p2a: Zapdos
|-supereffective|p2a: Zapdos
|-damage|p2a: Zapdos|11/100
|move|p2a: Zapdos|Thunderbolt|p1a: FukEverything
|-damage|p1a: FukEverything|37/100
|
|upkeep
|turn|5
|
|t:|1779880280
|switch|p2a: Hitmonchan|Hitmonchan, M|100/100
|move|p1a: FukEverything|Vacuum Wave|p2a: Hitmonchan
|-damage|p2a: Hitmonchan|85/100
|
|-heal|p2a: Hitmonchan|91/100|[from] item: Leftovers
|upkeep
|turn|6
|
|t:|1779880293
|move|p1a: FukEverything|Air Cutter|p2a: Hitmonchan
|-supereffective|p2a: Hitmonchan
|-damage|p2a: Hitmonchan|49/100
|move|p2a: Hitmonchan|Ice Punch|p1a: FukEverything
|-damage|p1a: FukEverything|0 fnt
|faint|p1a: FukEverything
|
|-heal|p2a: Hitmonchan|55/100|[from] item: Leftovers
|upkeep
|
|t:|1779880304
|switch|p1a: FukYaChiknStrips|Electrode-Hisui|100/100
|-activate|p1a: FukYaChiknStrips|move: Sticky Web
|-unboost|p1a: FukYaChiknStrips|spe|1
|turn|7
|
|t:|1779880310
|switch|p2a: Araquanid|Araquanid, M|46/100 par
|move|p1a: FukYaChiknStrips|Screech|p2a: Araquanid
|-unboost|p2a: Araquanid|def|2
|
|upkeep
|turn|8
|
|t:|1779880320
|switch|p1a: FukDarkrai|Gholdengo|100/100
|-activate|p1a: FukDarkrai|move: Sticky Web
|-unboost|p1a: FukDarkrai|spe|1
|cant|p2a: Araquanid|par
|
|upkeep
|turn|9
|
|t:|1779880329
|switch|p1a: FukYaChiknStrips|Electrode-Hisui|100/100
|-activate|p1a: FukYaChiknStrips|move: Sticky Web
|-unboost|p1a: FukYaChiknStrips|spe|1
|cant|p2a: Araquanid|par
|
|upkeep
|turn|10
|
|t:|1779880335
|move|p1a: FukYaChiknStrips|Explosion|p2a: Araquanid
|-damage|p2a: Araquanid|0 fnt
|faint|p1a: FukYaChiknStrips
|faint|p2a: Araquanid
|
|upkeep
|
|t:|1779880342
|switch|p1a: FukYou|Darkrai|100/100
|switch|p2a: Hitmonchan|Hitmonchan, M|55/100
|-activate|p1a: FukYou|move: Sticky Web
|-unboost|p1a: FukYou|spe|1
|turn|11
|
|t:|1779880352
|switch|p1a: FukDarkrai|Gholdengo|100/100
|-activate|p1a: FukDarkrai|move: Sticky Web
|-unboost|p1a: FukDarkrai|spe|1
|move|p2a: Hitmonchan|High Jump Kick|p1a: FukDarkrai
|-immune|p1a: FukDarkrai
|-damage|p2a: Hitmonchan|5/100|[from] highjumpkick
|
|-heal|p2a: Hitmonchan|11/100|[from] item: Leftovers
|upkeep
|turn|12
|
|t:|1779880363
|move|p2a: Hitmonchan|Bulk Up|p2a: Hitmonchan
|-boost|p2a: Hitmonchan|atk|1
|-boost|p2a: Hitmonchan|def|1
|move|p1a: FukDarkrai|Psychic|p2a: Hitmonchan
|-supereffective|p2a: Hitmonchan
|-damage|p2a: Hitmonchan|0 fnt
|faint|p2a: Hitmonchan
|-damage|p1a: FukDarkrai|91/100|[from] item: Life Orb
|
|upkeep
|
|t:|1779880365
|switch|p2a: Zapdos|Zapdos, tera:Steel|11/100
|turn|13
|
|t:|1779880371
|move|p2a: Zapdos|Heat Wave|p1a: FukDarkrai
|-supereffective|p1a: FukDarkrai
|-damage|p1a: FukDarkrai|28/100
|move|p1a: FukDarkrai|Shadow Ball|p2a: Zapdos
|-damage|p2a: Zapdos|0 fnt
|faint|p2a: Zapdos
|-damage|p1a: FukDarkrai|18/100|[from] item: Life Orb
|
|win|pointymetagross
|raw|pointymetagross's rating: 1144 &rarr; <strong>1164</strong><br />(+20 for winning)
|raw|danishpotato's rating: 1067 &rarr; <strong>1051</strong><br />(-16 for losing)
|l|☆pointymetagross
|player|p1|
|l|☆danishpotato
|player|p2|
