|j|☆AKGD
|j|☆Royoman
|t:|1779908506
|gametype|singles
|player|p1|AKGD|miku-flying|1488
|player|p2|Royoman|blackbelt-gen4dp|1475
|gen|9
|tier|[Gen 9] OU
|rated|
|rule|HP Percentage Mod: HP is shown in percentages
|rule|Endless Battle Clause: Forcing endless battles is banned
|rule|Species Clause: Limit one of each Pokémon
|rule|OHKO Clause: OHKO moves are banned
|rule|Evasion Items Clause: Evasion items are banned
|rule|Evasion Moves Clause: Evasion moves are banned
|rule|Evasion Abilities Clause: Evasion abilities are banned
|rule|Sleep Moves Clause: Sleep-inducing moves are banned
|clearpoke
|poke|p1|Iron Moth|
|poke|p1|Ogerpon-Wellspring, F|
|poke|p1|Raging Bolt|
|poke|p1|Great Tusk|
|poke|p1|Darkrai|
|poke|p1|Deoxys-Speed|
|poke|p2|Alomomola, M|
|poke|p2|Tornadus-Therian, M|
|poke|p2|Cinderace, M|
|poke|p2|Kyurem|
|poke|p2|Kingambit, F|
|poke|p2|Iron Hands|
|teampreview
|inactive|Battle timer is ON: inactive players will automatically lose when time's up. (requested by AKGD)
|
|t:|1779908516
|teamsize|p1|6
|teamsize|p2|6
|start
|switch|p1a: Deoxys|Deoxys-Speed|100/100
|switch|p2a: Iron Hands|Iron Hands|100/100
|-ability|p1a: Deoxys|Pressure
|turn|1
|
|t:|1779908522
|move|p1a: Deoxys|Reflect|p1a: Deoxys
|-sidestart|p1: AKGD|Reflect
|move|p2a: Iron Hands|Belly Drum|p2a: Iron Hands
|-damage|p2a: Iron Hands|50/100
|-setboost|p2a: Iron Hands|atk|6|[from] move: Belly Drum
|-enditem|p2a: Iron Hands|Sitrus Berry|[eat]
|-heal|p2a: Iron Hands|75/100|[from] item: Sitrus Berry
|
|upkeep
|turn|2
|
|t:|1779908534
|move|p1a: Deoxys|Icy Wind|p2a: Iron Hands
|-damage|p2a: Iron Hands|67/100
|-unboost|p2a: Iron Hands|spe|1
|move|p2a: Iron Hands|Drain Punch|p1a: Deoxys
|-resisted|p1a: Deoxys
|-damage|p1a: Deoxys|58/100
|-heal|p2a: Iron Hands|80/100|[from] drain|[of] p1a: Deoxys
|
|upkeep
|turn|3
|
|t:|1779908542
|move|p1a: Deoxys|Light Screen|p1a: Deoxys
|-sidestart|p1: AKGD|move: Light Screen
|move|p2a: Iron Hands|Thunder Punch|p1a: Deoxys
|-damage|p1a: Deoxys|0 fnt
|faint|p1a: Deoxys
|
|upkeep
|
|t:|1779908563
|switch|p1a: Dragonship|Great Tusk|100/100
|-enditem|p1a: Dragonship|Booster Energy
|-activate|p1a: Dragonship|ability: Protosynthesis|[fromitem]
|-start|p1a: Dragonship|protosynthesisspe
|turn|4
|
|t:|1779908573
|-terastallize|p2a: Iron Hands|Flying
|move|p1a: Dragonship|Bulk Up|p1a: Dragonship
|-boost|p1a: Dragonship|atk|1
|-boost|p1a: Dragonship|def|1
|move|p2a: Iron Hands|Drain Punch|p1a: Dragonship
|-damage|p1a: Dragonship|72/100
|-heal|p2a: Iron Hands|92/100|[from] drain|[of] p1a: Dragonship
|
|upkeep
|turn|5
|
|t:|1779908583
|move|p1a: Dragonship|Ice Spinner|p2a: Iron Hands
|-supereffective|p2a: Iron Hands
|-damage|p2a: Iron Hands|51/100
|move|p2a: Iron Hands|Ice Punch|p1a: Dragonship
|-supereffective|p1a: Dragonship
|-damage|p1a: Dragonship|31/100
|
|upkeep
|turn|6
|
|t:|1779908594
|move|p1a: Dragonship|Ice Spinner|p2a: Iron Hands
|-supereffective|p2a: Iron Hands
|-damage|p2a: Iron Hands|9/100
|move|p2a: Iron Hands|Ice Punch|p1a: Dragonship
|-supereffective|p1a: Dragonship
|-damage|p1a: Dragonship|0 fnt
|faint|p1a: Dragonship
|-end|p1a: Dragonship|Protosynthesis|[silent]
|
|upkeep
|
|t:|1779908608
|switch|p1a: Raging Bolt|Raging Bolt|100/100
|-enditem|p1a: Raging Bolt|Booster Energy
|-activate|p1a: Raging Bolt|ability: Protosynthesis|[fromitem]
|-start|p1a: Raging Bolt|protosynthesisspa
|turn|7
|
|t:|1779908614
|move|p1a: Raging Bolt|Thunderbolt|p2a: Iron Hands
|-supereffective|p2a: Iron Hands
|-damage|p2a: Iron Hands|0 fnt
|faint|p2a: Iron Hands
|-end|p2a: Iron Hands|Quark Drive|[silent]
|
|upkeep
|
|t:|1779908617
|switch|p2a: Alomomola|Alomomola, M|100/100
|turn|8
|
|t:|1779908634
|move|p1a: Raging Bolt|Calm Mind|p1a: Raging Bolt
|-boost|p1a: Raging Bolt|spa|1
|-boost|p1a: Raging Bolt|spd|1
|move|p2a: Alomomola|Mirror Coat||[still]
|-fail|p2a: Alomomola
|
|-sideend|p1: AKGD|Reflect
|upkeep
|turn|9
|
|t:|1779908640
|move|p1a: Raging Bolt|Calm Mind|p1a: Raging Bolt
|-boost|p1a: Raging Bolt|spa|1
|-boost|p1a: Raging Bolt|spd|1
|move|p2a: Alomomola|Mirror Coat||[still]
|-fail|p2a: Alomomola
|
|upkeep
|turn|10
|
|t:|1779908646
|move|p1a: Raging Bolt|Thunderbolt|p2a: Alomomola
|-supereffective|p2a: Alomomola
|-damage|p2a: Alomomola|0 fnt
|faint|p2a: Alomomola
|
|-sideend|p1: AKGD|move: Light Screen
|upkeep
|
|t:|1779908649
|switch|p2a: Kyurem|Kyurem|100/100
|-ability|p2a: Kyurem|Pressure
|turn|11
|
|t:|1779908666
|-terastallize|p1a: Raging Bolt|Ghost
|move|p2a: Kyurem|Draco Meteor|p1a: Raging Bolt
|-damage|p1a: Raging Bolt|51/100
|-unboost|p2a: Kyurem|spa|2
|move|p1a: Raging Bolt|Dragon Pulse|p2a: Kyurem
|-supereffective|p2a: Kyurem
|-damage|p2a: Kyurem|0 fnt
|faint|p2a: Kyurem
|
|upkeep
|
|t:|1779908673
|switch|p2a: Kingambit|Kingambit, F|100/100
|-activate|p2a: Kingambit|ability: Supreme Overlord
|-start|p2a: Kingambit|fallen3|[silent]
|turn|12
|
|t:|1779908693
|move|p1a: Raging Bolt|Thunderbolt|p2a: Kingambit
|-damage|p2a: Kingambit|0 fnt
|faint|p2a: Kingambit
|-end|p2a: Kingambit|fallen3|[silent]
|
|upkeep
|-message|Royoman forfeited.
|
|win|AKGD
|raw|AKGD's rating: 1488 &rarr; <strong>1507</strong><br />(+19 for winning)
|raw|Royoman's rating: 1475 &rarr; <strong>1456</strong><br />(-19 for losing)
|l|☆Royoman
|player|p2|
|c|☆AKGD|gg
