|j|☆periodcramphater
|j|☆vernost72
|t:|1779945309
|gametype|singles
|player|p1|periodcramphater|2|1398
|player|p2|vernost72|hoopster|1438
|gen|9
|tier|[Gen 9] OU
|rated|
|rule|HP Percentage Mod: HP is shown in percentages
|rule|Endless Battle Clause: Forcing endless battles is banned
|rule|Species Clause: Limit one of each Pokémon
|rule|OHKO Clause: OHKO moves are banned
|rule|Evasion Items Clause: Evasion items are banned
|rule|Evasion Moves Clause: Evasion moves are banned
|rule|Evasion Abilities Clause: Evasion abilities are banned
|rule|Sleep Moves Clause: Sleep-inducing moves are banned
|clearpoke
|poke|p1|Iron Moth|
|poke|p1|Gliscor, M|
|poke|p1|Hatterene, F|
|poke|p1|Ogerpon-Wellspring, F|
|poke|p1|Raging Bolt|
|poke|p1|Zamazenta-*|
|poke|p2|Ting-Lu|
|poke|p2|Gliscor, M|
|poke|p2|Sinistcha|
|poke|p2|Keldeo-Resolute|
|poke|p2|Tinkaton, F|
|poke|p2|Dragonite, F|
|teampreview
|inactive|Battle timer is ON: inactive players will automatically lose when time's up. (requested by vernost72)
|
|t:|1779945317
|teamsize|p1|6
|teamsize|p2|6
|start
|switch|p1a: Zamazenta|Zamazenta|100/100
|switch|p2a: Tinkaton|Tinkaton, F|100/100
|-ability|p1a: Zamazenta|Dauntless Shield|boost
|-boost|p1a: Zamazenta|def|1
|-ability|p2a: Tinkaton|Mold Breaker
|-item|p2a: Tinkaton|Air Balloon
|turn|1
|
|t:|1779945322
|move|p1a: Zamazenta|Reflect|p1a: Zamazenta
|-sidestart|p1: periodcramphater|Reflect
|move|p2a: Tinkaton|Thunder Wave|p1a: Zamazenta
|-status|p1a: Zamazenta|par
|
|upkeep
|turn|2
|
|t:|1779945327
|move|p2a: Tinkaton|Encore|p1a: Zamazenta
|-start|p1a: Zamazenta|Encore
|move|p1a: Zamazenta|Reflect||[still]
|-fail|p1a: Zamazenta
|
|upkeep
|turn|3
|
|t:|1779945331
|switch|p1a: Iron Moth|Iron Moth|100/100
|-enditem|p1a: Iron Moth|Booster Energy
|-activate|p1a: Iron Moth|ability: Quark Drive|[fromitem]
|-start|p1a: Iron Moth|quarkdrivespe
|move|p2a: Tinkaton|Stealth Rock|p1a: Iron Moth
|-sidestart|p1: periodcramphater|move: Stealth Rock
|
|upkeep
|turn|4
|
|t:|1779945337
|switch|p2a: Ting-Lu|Ting-Lu|100/100
|-ability|p2a: Ting-Lu|Vessel of Ruin
|move|p1a: Iron Moth|Fiery Dance|p2a: Ting-Lu
|-damage|p2a: Ting-Lu|82/100
|
|-heal|p2a: Ting-Lu|88/100|[from] item: Leftovers
|upkeep
|turn|5
|
|t:|1779945345
|move|p1a: Iron Moth|Toxic Spikes|p2a: Ting-Lu
|-sidestart|p2: vernost72|move: Toxic Spikes
|move|p2a: Ting-Lu|Whirlwind|p1a: Iron Moth
|-end|p1a: Iron Moth|Quark Drive|[silent]
|drag|p1a: Raging Bolt|Raging Bolt|100/100
|-damage|p1a: Raging Bolt|88/100|[from] Stealth Rock
|-enditem|p1a: Raging Bolt|Booster Energy
|-activate|p1a: Raging Bolt|ability: Protosynthesis|[fromitem]
|-start|p1a: Raging Bolt|protosynthesisspa
|
|-heal|p2a: Ting-Lu|95/100|[from] item: Leftovers
|upkeep
|turn|6
|
|t:|1779945351
|-end|p1a: Raging Bolt|Protosynthesis|[silent]
|switch|p1a: Ogerpon|Ogerpon-Wellspring, F|100/100
|-damage|p1a: Ogerpon|88/100|[from] Stealth Rock
|move|p2a: Ting-Lu|Whirlwind|p1a: Ogerpon
|drag|p1a: Hatterene|Hatterene, F|100/100
|-damage|p1a: Hatterene|88/100|[from] Stealth Rock
|
|-heal|p2a: Ting-Lu|100/100|[from] item: Leftovers
|-heal|p1a: Hatterene|94/100|[from] item: Leftovers
|upkeep
|turn|7
|
|t:|1779945355
|move|p2a: Ting-Lu|Ruination|p1a: Hatterene
|-damage|p1a: Hatterene|48/100
|move|p1a: Hatterene|Draining Kiss|p2a: Ting-Lu
|-supereffective|p2a: Ting-Lu
|-damage|p2a: Ting-Lu|81/100
|-heal|p1a: Hatterene|72/100|[from] drain|[of] p2a: Ting-Lu
|
|-heal|p2a: Ting-Lu|87/100|[from] item: Leftovers
|-heal|p1a: Hatterene|78/100|[from] item: Leftovers
|upkeep
|turn|8
|
|t:|1779945360
|move|p2a: Ting-Lu|Ruination|p1a: Hatterene
|-damage|p1a: Hatterene|39/100
|move|p1a: Hatterene|Draining Kiss|p2a: Ting-Lu
|-supereffective|p2a: Ting-Lu
|-damage|p2a: Ting-Lu|68/100
|-heal|p1a: Hatterene|62/100|[from] drain|[of] p2a: Ting-Lu
|
|-heal|p2a: Ting-Lu|74/100|[from] item: Leftovers
|-heal|p1a: Hatterene|68/100|[from] item: Leftovers
|-sideend|p1: periodcramphater|Reflect
|upkeep
|turn|9
|
|t:|1779945365
|move|p1a: Hatterene|Draining Kiss|p2a: Ting-Lu
|-supereffective|p2a: Ting-Lu
|-damage|p2a: Ting-Lu|55/100
|-heal|p1a: Hatterene|91/100|[from] drain|[of] p2a: Ting-Lu
|move|p2a: Ting-Lu|Whirlwind|p1a: Hatterene
|move|p1a: Hatterene|Whirlwind|p2a: Ting-Lu|[from] ability: Magic Bounce
|drag|p2a: Gliscor|Gliscor, M|100/100
|
|-heal|p1a: Hatterene|97/100|[from] item: Leftovers
|-status|p2a: Gliscor|tox|[from] item: Toxic Orb
|upkeep
|turn|10
|
|t:|1779945383
|switch|p1a: Gliscor|Gliscor, M|100/100
|-damage|p1a: Gliscor|88/100|[from] Stealth Rock
|move|p2a: Gliscor|Swords Dance|p2a: Gliscor
|-boost|p2a: Gliscor|atk|2
|
|-status|p1a: Gliscor|tox|[from] item: Toxic Orb
|upkeep
|turn|11
|
|t:|1779945388
|move|p2a: Gliscor|Swords Dance|p2a: Gliscor
|-boost|p2a: Gliscor|atk|2
|move|p1a: Gliscor|Swords Dance|p1a: Gliscor
|-boost|p1a: Gliscor|atk|2
|
|-heal|p1a: Gliscor|100/100 tox|[from] ability: Poison Heal
|upkeep
|turn|12
|
|t:|1779945393
|move|p2a: Gliscor|Swords Dance|p2a: Gliscor
|-boost|p2a: Gliscor|atk|2
|move|p1a: Gliscor|Agility|p1a: Gliscor
|-boost|p1a: Gliscor|spe|2
|
|upkeep
|turn|13
|
|t:|1779945399
|move|p1a: Gliscor|Facade|p2a: Gliscor
|-damage|p2a: Gliscor|28/100 tox
|move|p2a: Gliscor|Facade|p1a: Gliscor
|-crit|p1a: Gliscor
|-damage|p1a: Gliscor|0 fnt
|faint|p1a: Gliscor
|
|-heal|p2a: Gliscor|41/100 tox|[from] ability: Poison Heal
|upkeep
|
|t:|1779945414
|switch|p1a: Ogerpon|Ogerpon-Wellspring, F|88/100
|-damage|p1a: Ogerpon|76/100|[from] Stealth Rock
|turn|14
|
|t:|1779945421
|switch|p2a: Dragonite|Dragonite, F|100/100
|move|p1a: Ogerpon|Ivy Cudgel|p2a: Dragonite|[anim] Ivy Cudgel Water
|-resisted|p2a: Dragonite
|-damage|p2a: Dragonite|85/100
|
|upkeep
|turn|15
|
|t:|1779945424
|move|p1a: Ogerpon|Trailblaze|p2a: Dragonite
|-resisted|p2a: Dragonite
|-damage|p2a: Dragonite|78/100
|-boost|p1a: Ogerpon|spe|1
|move|p2a: Dragonite|Dragon Tail|p1a: Ogerpon
|-damage|p1a: Ogerpon|32/100
|drag|p1a: Raging Bolt|Raging Bolt|88/100
|-damage|p1a: Raging Bolt|76/100|[from] Stealth Rock
|
|upkeep
|turn|16
|
|t:|1779945431
|-end|p1a: Raging Bolt|Protosynthesis|[silent]
|switch|p1a: Hatterene|Hatterene, F|97/100
|-damage|p1a: Hatterene|85/100|[from] Stealth Rock
|switch|p2a: Gliscor|Gliscor, M|41/100 tox
|
|-heal|p1a: Hatterene|91/100|[from] item: Leftovers
|-heal|p2a: Gliscor|53/100 tox|[from] ability: Poison Heal
|upkeep
|turn|17
|
|t:|1779945435
|move|p2a: Gliscor|Knock Off|p1a: Hatterene
|-damage|p1a: Hatterene|73/100
|-enditem|p1a: Hatterene|Leftovers|[from] move: Knock Off|[of] p2a: Gliscor
|move|p1a: Hatterene|Healing Wish|p1a: Hatterene
|faint|p1a: Hatterene
|
|-heal|p2a: Gliscor|66/100 tox|[from] ability: Poison Heal
|upkeep
|
|t:|1779945438
|switch|p1a: Ogerpon|Ogerpon-Wellspring, F|32/100
|-heal|p1a: Ogerpon|100/100|[from] move: Healing Wish
|-damage|p1a: Ogerpon|88/100|[from] Stealth Rock
|turn|18
|
|t:|1779945442
|switch|p2a: Dragonite|Dragonite, F|78/100
|move|p1a: Ogerpon|Trailblaze|p2a: Dragonite
|-resisted|p2a: Dragonite
|-damage|p2a: Dragonite|71/100
|-boost|p1a: Ogerpon|spe|1
|
|upkeep
|turn|19
|
|t:|1779945446
|-terastallize|p1a: Ogerpon|Water
|detailschange|p1a: Ogerpon|Ogerpon-Wellspring-Tera, F, tera:Water
|-ability|p1a: Ogerpon|Embody Aspect (Wellspring)|boost
|-boost|p1a: Ogerpon|spd|1
|move|p1a: Ogerpon|Ivy Cudgel|p2a: Dragonite|[anim] Ivy Cudgel Water
|-resisted|p2a: Dragonite
|-damage|p2a: Dragonite|31/100
|move|p2a: Dragonite|Dragon Tail|p1a: Ogerpon
|-damage|p1a: Ogerpon|44/100
|drag|p1a: Zamazenta|Zamazenta|100/100 par
|-damage|p1a: Zamazenta|94/100 par|[from] Stealth Rock
|
|upkeep
|turn|20
|
|t:|1779945453
|move|p1a: Zamazenta|Reflect|p1a: Zamazenta
|-sidestart|p1: periodcramphater|Reflect
|move|p2a: Dragonite|Roost|p2a: Dragonite
|-heal|p2a: Dragonite|82/100
|-singleturn|p2a: Dragonite|move: Roost
|
|upkeep
|turn|21
|
|t:|1779945457
|move|p1a: Zamazenta|Light Screen|p1a: Zamazenta
|-sidestart|p1: periodcramphater|move: Light Screen
|move|p2a: Dragonite|Roost|p2a: Dragonite
|-heal|p2a: Dragonite|100/100
|-singleturn|p2a: Dragonite|move: Roost
|
|upkeep
|turn|22
|
|t:|1779945460
|move|p1a: Zamazenta|Ice Fang|p2a: Dragonite
|-supereffective|p2a: Dragonite
|-damage|p2a: Dragonite|69/100
|move|p2a: Dragonite|Dragon Tail|p1a: Zamazenta
|-damage|p1a: Zamazenta|79/100 par
|drag|p1a: Iron Moth|Iron Moth|100/100
|-damage|p1a: Iron Moth|76/100|[from] Stealth Rock
|
|upkeep
|turn|23
|
|t:|1779945467
|move|p1a: Iron Moth|Sludge Wave|p2a: Dragonite
|-damage|p2a: Dragonite|23/100
|move|p2a: Dragonite|Earthquake|p1a: Iron Moth
|-supereffective|p1a: Iron Moth
|-damage|p1a: Iron Moth|0 fnt
|faint|p1a: Iron Moth
|-end|p1a: Iron Moth|Quark Drive|[silent]
|
|upkeep
|
|t:|1779945474
|switch|p1a: Ogerpon|Ogerpon-Wellspring-Tera, F, tera:Water|44/100
|-damage|p1a: Ogerpon|32/100|[from] Stealth Rock
|-ability|p1a: Ogerpon|Embody Aspect (Wellspring)|boost
|-boost|p1a: Ogerpon|spd|1
|turn|24
|
|t:|1779945482
|move|p1a: Ogerpon|Ivy Cudgel|p2a: Dragonite|[anim] Ivy Cudgel Water
|-resisted|p2a: Dragonite
|-damage|p2a: Dragonite|0 fnt
|faint|p2a: Dragonite
|
|upkeep
|
|t:|1779945484
|switch|p2a: Sinistcha|Sinistcha|100/100
|turn|25
|
|t:|1779945490
|move|p1a: Ogerpon|Swords Dance|p1a: Ogerpon
|-boost|p1a: Ogerpon|atk|2
|move|p2a: Sinistcha|Matcha Gotcha|p1a: Ogerpon
|-supereffective|p1a: Ogerpon
|-damage|p1a: Ogerpon|8/100
|-status|p1a: Ogerpon|brn
|
|-damage|p1a: Ogerpon|2/100 brn|[from] brn
|upkeep
|turn|26
|
|t:|1779945494
|move|p1a: Ogerpon|Ivy Cudgel|p2a: Sinistcha|[anim] Ivy Cudgel Water
|-resisted|p2a: Sinistcha
|-damage|p2a: Sinistcha|69/100
|move|p2a: Sinistcha|Strength Sap|p1a: Ogerpon
|-unboost|p1a: Ogerpon|atk|1
|-heal|p2a: Sinistcha|100/100
|
|-damage|p1a: Ogerpon|0 fnt|[from] brn
|faint|p1a: Ogerpon
|detailschange|p1: Ogerpon|Ogerpon-Wellspring, F|[silent]
|upkeep
|
|t:|1779945499
|switch|p1a: Raging Bolt|Raging Bolt|76/100
|-damage|p1a: Raging Bolt|64/100|[from] Stealth Rock
|turn|27
|
|t:|1779945504
|switch|p2a: Ting-Lu|Ting-Lu|55/100
|-status|p2a: Ting-Lu|psn
|-ability|p2a: Ting-Lu|Vessel of Ruin
|move|p1a: Raging Bolt|Calm Mind|p1a: Raging Bolt
|-boost|p1a: Raging Bolt|spa|1
|-boost|p1a: Raging Bolt|spd|1
|
|-heal|p2a: Ting-Lu|62/100 psn|[from] item: Leftovers
|-damage|p2a: Ting-Lu|49/100 psn|[from] psn
|-sideend|p1: periodcramphater|Reflect
|upkeep
|turn|28
|
|t:|1779945510
|move|p1a: Raging Bolt|Dragon Pulse|p2a: Ting-Lu
|-damage|p2a: Ting-Lu|17/100 psn
|move|p2a: Ting-Lu|Whirlwind|p1a: Raging Bolt
|-end|p1a: Raging Bolt|Protosynthesis|[silent]
|drag|p1a: Zamazenta|Zamazenta|79/100 par
|-damage|p1a: Zamazenta|73/100 par|[from] Stealth Rock
|
|-heal|p2a: Ting-Lu|24/100 psn|[from] item: Leftovers
|-damage|p2a: Ting-Lu|11/100 psn|[from] psn
|-sideend|p1: periodcramphater|move: Light Screen
|upkeep
|turn|29
|
|t:|1779945514
|move|p1a: Zamazenta|Reflect|p1a: Zamazenta
|-sidestart|p1: periodcramphater|Reflect
|move|p2a: Ting-Lu|Ruination|p1a: Zamazenta
|-damage|p1a: Zamazenta|37/100 par
|
|-heal|p2a: Ting-Lu|17/100 psn|[from] item: Leftovers
|-damage|p2a: Ting-Lu|5/100 psn|[from] psn
|upkeep
|turn|30
|
|t:|1779945518
|move|p1a: Zamazenta|Light Screen|p1a: Zamazenta
|-sidestart|p1: periodcramphater|move: Light Screen
|move|p2a: Ting-Lu|Ruination|p1a: Zamazenta
|-damage|p1a: Zamazenta|19/100 par
|
|-heal|p2a: Ting-Lu|11/100 psn|[from] item: Leftovers
|-damage|p2a: Ting-Lu|0 fnt|[from] psn
|faint|p2a: Ting-Lu
|upkeep
|
|t:|1779945520
|switch|p2a: Gliscor|Gliscor, M|66/100 tox
|turn|31
|
|t:|1779945523
|move|p2a: Gliscor|Swords Dance|p2a: Gliscor
|-boost|p2a: Gliscor|atk|2
|move|p1a: Zamazenta|Ice Fang|p2a: Gliscor
|-supereffective|p2a: Gliscor
|-damage|p2a: Gliscor|10/100 tox
|
|-heal|p2a: Gliscor|23/100 tox|[from] ability: Poison Heal
|upkeep
|turn|32
|
|t:|1779945526
|move|p2a: Gliscor|Protect|p2a: Gliscor
|-singleturn|p2a: Gliscor|Protect
|move|p1a: Zamazenta|Ice Fang|p2a: Gliscor
|-activate|p2a: Gliscor|move: Protect
|
|-heal|p2a: Gliscor|35/100 tox|[from] ability: Poison Heal
|upkeep
|turn|33
|
|t:|1779945528
|move|p2a: Gliscor|Facade|p1a: Zamazenta
|-damage|p1a: Zamazenta|0 fnt
|faint|p1a: Zamazenta
|
|-heal|p2a: Gliscor|48/100 tox|[from] ability: Poison Heal
|upkeep
|
|t:|1779945531
|switch|p1a: Raging Bolt|Raging Bolt|64/100
|-damage|p1a: Raging Bolt|51/100|[from] Stealth Rock
|turn|34
|
|t:|1779945537
|move|p2a: Gliscor|Facade|p1a: Raging Bolt
|-damage|p1a: Raging Bolt|22/100
|move|p1a: Raging Bolt|Dragon Pulse|p2a: Gliscor
|-damage|p2a: Gliscor|0 fnt
|faint|p2a: Gliscor
|
|upkeep
|
|t:|1779945544
|switch|p2a: Tinkaton|Tinkaton, F|100/100
|-ability|p2a: Tinkaton|Mold Breaker
|-item|p2a: Tinkaton|Air Balloon
|turn|35
|
|t:|1779945549
|move|p2a: Tinkaton|Encore|p1a: Raging Bolt
|-start|p1a: Raging Bolt|Encore
|move|p1a: Raging Bolt|Dragon Pulse|p2a: Tinkaton
|-immune|p2a: Tinkaton
|
|upkeep
|turn|36
|
|t:|1779945552
|move|p2a: Tinkaton|Gigaton Hammer|p1a: Raging Bolt
|-resisted|p1a: Raging Bolt
|-damage|p1a: Raging Bolt|11/100
|move|p1a: Raging Bolt|Dragon Pulse|p2a: Tinkaton
|-immune|p2a: Tinkaton
|
|-sideend|p1: periodcramphater|Reflect
|upkeep
|turn|37
|
|t:|1779945555
|move|p2a: Tinkaton|Stealth Rock||[still]
|-fail|p2a: Tinkaton
|move|p1a: Raging Bolt|Dragon Pulse|p2a: Tinkaton
|-immune|p2a: Tinkaton
|
|-end|p1a: Raging Bolt|Encore
|-sideend|p1: periodcramphater|move: Light Screen
|upkeep
|turn|38
|
|t:|1779945557
|move|p2a: Tinkaton|Encore|p1a: Raging Bolt
|-start|p1a: Raging Bolt|Encore
|move|p1a: Raging Bolt|Dragon Pulse|p2a: Tinkaton
|-immune|p2a: Tinkaton
|
|upkeep
|turn|39
|
|t:|1779945558
|move|p2a: Tinkaton|Gigaton Hammer|p1a: Raging Bolt
|-resisted|p1a: Raging Bolt
|-damage|p1a: Raging Bolt|0 fnt
|faint|p1a: Raging Bolt
|-end|p1a: Raging Bolt|Protosynthesis|[silent]
|
|win|vernost72
|raw|periodcramphater's rating: 1398 &rarr; <strong>1380</strong><br />(-18 for losing)
|raw|vernost72's rating: 1438 &rarr; <strong>1456</strong><br />(+18 for winning)
|c|☆periodcramphater|gg
|l|☆periodcramphater
|player|p1|
|l|☆vernost72
|player|p2|
