|j|☆p$ychopath
|j|☆tuanquewang
|t:|1779962867
|gametype|singles
|player|p1|p$ychopath|psychic-lgpe|1668
|player|p2|tuanquewang|backersf|1693
|gen|9
|tier|[Gen 9] OU
|rated|
|rule|HP Percentage Mod: HP is shown in percentages
|rule|Endless Battle Clause: Forcing endless battles is banned
|rule|Species Clause: Limit one of each Pokémon
|rule|OHKO Clause: OHKO moves are banned
|rule|Evasion Items Clause: Evasion items are banned
|rule|Evasion Moves Clause: Evasion moves are banned
|rule|Evasion Abilities Clause: Evasion abilities are banned
|rule|Sleep Moves Clause: Sleep-inducing moves are banned
|clearpoke
|poke|p1|Iron Jugulis|
|poke|p1|Iron Valiant|
|poke|p1|Iron Moth|
|poke|p1|Great Tusk|
|poke|p1|Samurott-Hisui, F|
|poke|p1|Sandy Shocks|
|poke|p2|Slowking-Galar, M|
|poke|p2|Hydrapple, F|
|poke|p2|Cinderace, M|
|poke|p2|Iron Crown|
|poke|p2|Alomomola, F|
|poke|p2|Mamoswine, M|
|teampreview
|inactive|Battle timer is ON: inactive players will automatically lose when time's up. (requested by tuanquewang)
|inactive|p$ychopath also wants the timer to be on.
|
|t:|1779962885
|teamsize|p1|6
|teamsize|p2|6
|start
|switch|p1a: Iron Mugulis|Iron Jugulis|100/100
|switch|p2a: Hydrapple|Hydrapple, F, shiny|100/100
|-enditem|p1a: Iron Mugulis|Booster Energy
|-activate|p1a: Iron Mugulis|ability: Quark Drive|[fromitem]
|-start|p1a: Iron Mugulis|quarkdrivespe
|turn|1
|
|t:|1779962894
|-terastallize|p2a: Hydrapple|Water
|move|p1a: Iron Mugulis|Hurricane|p2a: Hydrapple
|-crit|p2a: Hydrapple
|-damage|p2a: Hydrapple|25/100
|move|p2a: Hydrapple|Draco Meteor|p1a: Iron Mugulis
|-damage|p1a: Iron Mugulis|0 fnt
|-unboost|p2a: Hydrapple|spa|2
|faint|p1a: Iron Mugulis
|-end|p1a: Iron Mugulis|Quark Drive|[silent]
|
|upkeep
|
|t:|1779962915
|switch|p1a: Sandy Shocks|Sandy Shocks|100/100
|-enditem|p1a: Sandy Shocks|Booster Energy
|-activate|p1a: Sandy Shocks|ability: Protosynthesis|[fromitem]
|-start|p1a: Sandy Shocks|protosynthesisspe
|turn|2
|
|t:|1779962922
|switch|p2a: Mamoswine|Mamoswine, M|100/100
|move|p1a: Sandy Shocks|Earth Power|p2a: Mamoswine
|-damage|p2a: Mamoswine|48/100
|
|upkeep
|turn|3
|
|t:|1779962929
|switch|p2a: Alomomola|Alomomola, F|100/100
|move|p1a: Sandy Shocks|Earth Power|p2a: Alomomola
|-damage|p2a: Alomomola|53/100
|
|-heal|p2a: Alomomola|59/100|[from] item: Leftovers
|upkeep
|turn|4
|
|t:|1779962935
|move|p2a: Alomomola|Protect|p2a: Alomomola
|-singleturn|p2a: Alomomola|Protect
|move|p1a: Sandy Shocks|Thunderbolt|p2a: Alomomola
|-activate|p2a: Alomomola|move: Protect
|
|-heal|p2a: Alomomola|65/100|[from] item: Leftovers
|upkeep
|turn|5
|
|t:|1779962937
|switch|p2a: Slowking|Slowking-Galar, M|100/100
|move|p1a: Sandy Shocks|Thunderbolt|p2a: Slowking
|-damage|p2a: Slowking|77/100
|
|-heal|p2a: Slowking|83/100|[from] item: Black Sludge
|upkeep
|turn|6
|
|t:|1779962951
|move|p1a: Sandy Shocks|Stealth Rock|p2a: Slowking
|-sidestart|p2: tuanquewang|move: Stealth Rock
|move|p2a: Slowking|Psychic Noise|p1a: Sandy Shocks
|-damage|p1a: Sandy Shocks|69/100
|-start|p1a: Sandy Shocks|move: Heal Block
|
|-heal|p2a: Slowking|89/100|[from] item: Black Sludge
|upkeep
|turn|7
|
|t:|1779962955
|move|p1a: Sandy Shocks|Earth Power|p2a: Slowking
|-supereffective|p2a: Slowking
|-damage|p2a: Slowking|40/100
|move|p2a: Slowking|Toxic|p1a: Sandy Shocks
|-status|p1a: Sandy Shocks|tox
|
|-heal|p2a: Slowking|46/100|[from] item: Black Sludge
|-damage|p1a: Sandy Shocks|63/100 tox|[from] psn
|-end|p1a: Sandy Shocks|move: Heal Block
|upkeep
|turn|8
|
|t:|1779962964
|switch|p2a: Alomomola|Alomomola, F|99/100
|-damage|p2a: Alomomola|86/100|[from] Stealth Rock
|move|p1a: Sandy Shocks|Thunderbolt|p2a: Alomomola
|-supereffective|p2a: Alomomola
|-damage|p2a: Alomomola|0 fnt
|faint|p2a: Alomomola
|
|-damage|p1a: Sandy Shocks|51/100 tox|[from] psn
|upkeep
|j| karlheinzIX
|
|t:|1779962970
|switch|p2a: Slowking|Slowking-Galar, M|79/100
|-damage|p2a: Slowking|67/100|[from] Stealth Rock
|turn|9
|
|t:|1779962975
|move|p1a: Sandy Shocks|Earth Power|p2a: Slowking
|-supereffective|p2a: Slowking
|-damage|p2a: Slowking|22/100
|-prepare|p2a: Slowking|Chilly Reception|[premajor]
|move|p2a: Slowking|Chilly Reception|p2a: Slowking
|-weather|Snowscape
|l| karlheinzIX
|
|t:|1779962979
|switch|p2a: Mamoswine|Mamoswine, M|48/100|[from] Chilly Reception
|-damage|p2a: Mamoswine|35/100|[from] Stealth Rock
|
|-weather|Snowscape|[upkeep]
|-damage|p1a: Sandy Shocks|32/100 tox|[from] psn
|upkeep
|turn|10
|
|t:|1779962981
|move|p2a: Mamoswine|Ice Shard|p1a: Sandy Shocks
|-supereffective|p1a: Sandy Shocks
|-damage|p1a: Sandy Shocks|0 fnt
|faint|p1a: Sandy Shocks
|-end|p1a: Sandy Shocks|Protosynthesis|[silent]
|
|-weather|Snowscape|[upkeep]
|upkeep
|
|t:|1779962987
|switch|p1a: Iron Moth|Iron Moth|100/100
|-enditem|p1a: Iron Moth|Booster Energy
|-activate|p1a: Iron Moth|ability: Quark Drive|[fromitem]
|-start|p1a: Iron Moth|quarkdrivespe
|turn|11
|
|t:|1779962993
|switch|p2a: Cinderace|Cinderace, M|100/100
|move|p1a: Iron Moth|Fiery Dance|p2a: Cinderace
|-resisted|p2a: Cinderace
|-damage|p2a: Cinderace|72/100
|
|-weather|Snowscape|[upkeep]
|upkeep
|turn|12
|
|t:|1779963000
|move|p1a: Iron Moth|Sludge Wave|p2a: Cinderace
|-damage|p2a: Cinderace|5/100
|move|p2a: Cinderace|Court Change|p2a: Cinderace
|-start|p2a: Cinderace|typechange|Normal|[from] ability: Libero
|-swapsideconditions
|-activate|p2a: Cinderace|move: Court Change
|
|-weather|Snowscape|[upkeep]
|upkeep
|turn|13
|
|t:|1779963007
|switch|p2a: Slowking|Slowking-Galar, M|56/100
|move|p1a: Iron Moth|Fiery Dance|p2a: Slowking
|-damage|p2a: Slowking|31/100
|-boost|p1a: Iron Moth|spa|1
|
|-weather|none
|-heal|p2a: Slowking|37/100|[from] item: Black Sludge
|upkeep
|turn|14
|
|t:|1779963012
|switch|p2a: Cinderace|Cinderace, M|5/100
|move|p1a: Iron Moth|Fiery Dance|p2a: Cinderace
|-resisted|p2a: Cinderace
|-damage|p2a: Cinderace|0 fnt
|-boost|p1a: Iron Moth|spa|1
|faint|p2a: Cinderace
|
|upkeep
|
|t:|1779963016
|switch|p2a: Slowking|Slowking-Galar, M|71/100
|turn|15
|
|t:|1779963018
|move|p1a: Iron Moth|Fiery Dance|p2a: Slowking
|-damage|p2a: Slowking|26/100
|move|p2a: Slowking|Psychic Noise|p1a: Iron Moth
|-supereffective|p1a: Iron Moth
|-damage|p1a: Iron Moth|36/100
|-start|p1a: Iron Moth|move: Heal Block
|
|-heal|p2a: Slowking|32/100|[from] item: Black Sludge
|upkeep
|turn|16
|
|t:|1779963034
|move|p1a: Iron Moth|Fiery Dance|p2a: Slowking
|-damage|p2a: Slowking|0 fnt
|faint|p2a: Slowking
|
|-end|p1a: Iron Moth|move: Heal Block
|upkeep
|
|t:|1779963037
|switch|p2a: Mamoswine|Mamoswine, M|35/100
|turn|17
|
|t:|1779963040
|move|p2a: Mamoswine|Ice Shard|p1a: Iron Moth
|-resisted|p1a: Iron Moth
|-damage|p1a: Iron Moth|11/100
|move|p1a: Iron Moth|Fiery Dance|p2a: Mamoswine
|-supereffective|p2a: Mamoswine
|-damage|p2a: Mamoswine|0 fnt
|-boost|p1a: Iron Moth|spa|1
|faint|p2a: Mamoswine
|
|upkeep
|-message|tuanquewang forfeited.
|
|win|p$ychopath
|raw|p$ychopath's rating: 1668 &rarr; <strong>1689</strong><br />(+21 for winning)
|raw|tuanquewang's rating: 1693 &rarr; <strong>1672</strong><br />(-21 for losing)
|l|☆tuanquewang
|player|p2|
|l|☆p$ychopath
|player|p1|
