|j|☆claudechamp
|j|☆shunnybun
|t:|1779849254
|gametype|singles
|player|p1|claudechamp|169|1172
|player|p2|shunnybun|266|1115
|gen|9
|tier|[Gen 9] OU
|rated|
|rule|HP Percentage Mod: HP is shown in percentages
|rule|Endless Battle Clause: Forcing endless battles is banned
|rule|Species Clause: Limit one of each Pokémon
|rule|OHKO Clause: OHKO moves are banned
|rule|Evasion Items Clause: Evasion items are banned
|rule|Evasion Moves Clause: Evasion moves are banned
|rule|Evasion Abilities Clause: Evasion abilities are banned
|rule|Sleep Moves Clause: Sleep-inducing moves are banned
|clearpoke
|poke|p1|Gliscor, M|
|poke|p1|Gholdengo|
|poke|p1|Zamazenta-*|
|poke|p1|Blissey, F|
|poke|p1|Skarmory, M|
|poke|p1|Pecharunt|
|poke|p2|Toxapex, M|
|poke|p2|Tropius, F|
|poke|p2|Gliscor, F|
|poke|p2|Sableye, M|
|poke|p2|Great Tusk|
|poke|p2|Zamazenta-*|
|teampreview
|c|☆claudechamp|hf
|inactive|Battle timer is ON: inactive players will automatically lose when time's up. (requested by claudechamp)
|
|t:|1779849283
|teamsize|p1|6
|teamsize|p2|6
|start
|switch|p1a: Skarmory|Skarmory, M|100/100
|switch|p2a: Sableye|Sableye, M|100/100
|turn|1
|
|t:|1779849301
|move|p2a: Sableye|Will-O-Wisp|p1a: Skarmory
|-status|p1a: Skarmory|brn
|move|p1a: Skarmory|Spikes|p2a: Sableye
|-sidestart|p2: shunnybun|Spikes
|
|-damage|p1a: Skarmory|95/100 brn|[from] brn
|upkeep
|turn|2
|
|t:|1779849308
|switch|p1a: Gholdengo|Gholdengo|100/100
|move|p2a: Sableye|Encore|p1a: Gholdengo
|-immune|p1a: Gholdengo|[from] ability: Good as Gold
|
|upkeep
|turn|3
|
|t:|1779849315
|move|p1a: Gholdengo|Nasty Plot|p1a: Gholdengo
|-boost|p1a: Gholdengo|spa|2
|move|p2a: Sableye|Knock Off|p1a: Gholdengo
|-supereffective|p1a: Gholdengo
|-damage|p1a: Gholdengo|59/100
|-enditem|p1a: Gholdengo|Ability Shield|[from] move: Knock Off|[of] p2a: Sableye
|
|upkeep
|turn|4
|
|t:|1779849324
|switch|p2a: Toxapex|Toxapex, M|100/100
|-damage|p2a: Toxapex|88/100|[from] Spikes
|move|p1a: Gholdengo|Hex|p2a: Toxapex
|-damage|p2a: Toxapex|48/100
|
|-heal|p2a: Toxapex|54/100|[from] item: Black Sludge
|upkeep
|turn|5
|
|t:|1779849333
|move|p1a: Gholdengo|Hex|p2a: Toxapex
|-damage|p2a: Toxapex|9/100
|move|p2a: Toxapex|Haze|p2a: Toxapex
|-clearallboost
|
|-heal|p2a: Toxapex|15/100|[from] item: Black Sludge
|upkeep
|turn|6
|
|t:|1779849346
|switch|p2a: Great Tusk|Great Tusk|100/100
|move|p1a: Gholdengo|Recover|p1a: Gholdengo
|-heal|p1a: Gholdengo|100/100
|
|upkeep
|turn|7
|
|t:|1779849356
|-terastallize|p1a: Gholdengo|Fairy
|move|p1a: Gholdengo|Nasty Plot|p1a: Gholdengo
|-boost|p1a: Gholdengo|spa|2
|move|p2a: Great Tusk|Earthquake|p1a: Gholdengo
|-damage|p1a: Gholdengo|71/100
|
|upkeep
|turn|8
|
|t:|1779849367
|-end|p2a: Great Tusk|Protosynthesis|[silent]
|switch|p2a: Zamazenta|Zamazenta|100/100
|-damage|p2a: Zamazenta|88/100|[from] Spikes
|-ability|p2a: Zamazenta|Dauntless Shield|boost
|-boost|p2a: Zamazenta|def|1
|move|p1a: Gholdengo|Hex|p2a: Zamazenta
|-damage|p2a: Zamazenta|41/100
|
|-heal|p2a: Zamazenta|47/100|[from] item: Leftovers
|upkeep
|turn|9
|
|t:|1779849382
|switch|p1a: Gliscor|Gliscor, M|100/100
|-terastallize|p2a: Zamazenta|Fairy
|move|p2a: Zamazenta|Iron Defense|p2a: Zamazenta
|-boost|p2a: Zamazenta|def|2
|
|-heal|p2a: Zamazenta|53/100|[from] item: Leftovers
|-status|p1a: Gliscor|tox|[from] item: Toxic Orb
|upkeep
|turn|10
|
|t:|1779849398
|move|p2a: Zamazenta|Iron Defense|p2a: Zamazenta
|-boost|p2a: Zamazenta|def|2
|move|p1a: Gliscor|Knock Off|p2a: Zamazenta
|-resisted|p2a: Zamazenta
|-damage|p2a: Zamazenta|51/100
|-enditem|p2a: Zamazenta|Leftovers|[from] move: Knock Off|[of] p1a: Gliscor
|
|upkeep
|turn|11
|
|t:|1779849405
|move|p2a: Zamazenta|Body Press|p1a: Gliscor
|-resisted|p1a: Gliscor
|-damage|p1a: Gliscor|60/100 tox
|move|p1a: Gliscor|Knock Off|p2a: Zamazenta
|-resisted|p2a: Zamazenta
|-damage|p2a: Zamazenta|49/100
|
|-heal|p1a: Gliscor|72/100 tox|[from] ability: Poison Heal
|upkeep
|turn|12
|
|t:|1779849419
|switch|p1a: Pecharunt|Pecharunt|100/100
|move|p2a: Zamazenta|Body Press|p1a: Pecharunt
|-immune|p1a: Pecharunt
|
|upkeep
|turn|13
|
|t:|1779849430
|switch|p2a: Gliscor|Gliscor, F|100/100
|move|p1a: Pecharunt|Shadow Ball|p2a: Gliscor
|-damage|p2a: Gliscor|69/100
|
|-status|p2a: Gliscor|tox|[from] item: Toxic Orb
|upkeep
|turn|14
|
|t:|1779849441
|move|p2a: Gliscor|Earthquake|p1a: Pecharunt
|-supereffective|p1a: Pecharunt
|-damage|p1a: Pecharunt|67/100
|move|p1a: Pecharunt|Shadow Ball|p2a: Gliscor
|-damage|p2a: Gliscor|37/100 tox
|
|-heal|p2a: Gliscor|49/100 tox|[from] ability: Poison Heal
|upkeep
|turn|15
|
|t:|1779849452
|switch|p1a: Gliscor|Gliscor, M|72/100 tox
|move|p2a: Gliscor|Protect||[still]
|-fail|p2a: Gliscor
|
|-heal|p2a: Gliscor|62/100 tox|[from] ability: Poison Heal
|-heal|p1a: Gliscor|85/100 tox|[from] ability: Poison Heal
|upkeep
|turn|16
|
|t:|1779849462
|move|p2a: Gliscor|Spikes|p1a: Gliscor
|-sidestart|p1: claudechamp|Spikes
|move|p1a: Gliscor|Swords Dance|p1a: Gliscor
|-boost|p1a: Gliscor|atk|2
|
|-heal|p2a: Gliscor|74/100 tox|[from] ability: Poison Heal
|-heal|p1a: Gliscor|97/100 tox|[from] ability: Poison Heal
|upkeep
|turn|17
|
|t:|1779849471
|switch|p2a: Sableye|Sableye, M|100/100
|-damage|p2a: Sableye|88/100|[from] Spikes
|move|p1a: Gliscor|Swords Dance|p1a: Gliscor
|-boost|p1a: Gliscor|atk|2
|
|-heal|p1a: Gliscor|100/100 tox|[from] ability: Poison Heal
|upkeep
|turn|18
|
|t:|1779849480
|move|p2a: Sableye|Encore|p1a: Gliscor
|-start|p1a: Gliscor|Encore
|move|p1a: Gliscor|Swords Dance|p1a: Gliscor
|-boost|p1a: Gliscor|atk|2
|
|upkeep
|turn|19
|
|t:|1779849487
|switch|p1a: Gholdengo|Gholdengo, tera:Fairy|71/100
|-damage|p1a: Gholdengo|59/100|[from] Spikes
|move|p2a: Sableye|Knock Off|p1a: Gholdengo
|-resisted|p1a: Gholdengo
|-damage|p1a: Gholdengo|52/100
|
|upkeep
|turn|20
|
|t:|1779849513
|switch|p2a: Great Tusk|Great Tusk|100/100
|move|p1a: Gholdengo|Hex|p2a: Great Tusk
|-damage|p2a: Great Tusk|65/100
|
|upkeep
|turn|21
|
|t:|1779849522
|move|p1a: Gholdengo|Hex|p2a: Great Tusk
|-damage|p2a: Great Tusk|28/100
|move|p2a: Great Tusk|Rapid Spin|p1a: Gholdengo
|-damage|p1a: Gholdengo|42/100
|-boost|p2a: Great Tusk|spe|1
|-sideend|p2: shunnybun|Spikes|[from] move: Rapid Spin|[of] p2a: Great Tusk
|
|upkeep
|turn|22
|
|t:|1779849531
|move|p2a: Great Tusk|Earthquake|p1a: Gholdengo
|-damage|p1a: Gholdengo|9/100
|move|p1a: Gholdengo|Recover|p1a: Gholdengo
|-heal|p1a: Gholdengo|59/100
|
|upkeep
|turn|23
|
|t:|1779849541
|move|p2a: Great Tusk|Earthquake|p1a: Gholdengo
|-damage|p1a: Gholdengo|29/100
|move|p1a: Gholdengo|Hex|p2a: Great Tusk
|-damage|p2a: Great Tusk|0 fnt
|faint|p2a: Great Tusk
|-end|p2a: Great Tusk|Protosynthesis|[silent]
|
|upkeep
|inactive|shunnybun has 120 seconds left.
|
|t:|1779849574
|switch|p2a: Gliscor|Gliscor, F|74/100 tox
|turn|24
|
|t:|1779849582
|move|p2a: Gliscor|Earthquake|p1a: Gholdengo
|-damage|p1a: Gholdengo|5/100
|move|p1a: Gholdengo|Recover|p1a: Gholdengo
|-heal|p1a: Gholdengo|55/100
|
|-heal|p2a: Gliscor|87/100 tox|[from] ability: Poison Heal
|upkeep
|turn|25
|
|t:|1779849591
|move|p2a: Gliscor|Earthquake|p1a: Gholdengo
|-damage|p1a: Gholdengo|30/100
|move|p1a: Gholdengo|Nasty Plot|p1a: Gholdengo
|-boost|p1a: Gholdengo|spa|2
|
|-heal|p2a: Gliscor|99/100 tox|[from] ability: Poison Heal
|upkeep
|turn|26
|
|t:|1779849604
|move|p2a: Gliscor|Earthquake|p1a: Gholdengo
|-damage|p1a: Gholdengo|3/100
|move|p1a: Gholdengo|Recover|p1a: Gholdengo
|-heal|p1a: Gholdengo|53/100
|
|-heal|p2a: Gliscor|100/100 tox|[from] ability: Poison Heal
|upkeep
|turn|27
|
|t:|1779849614
|switch|p2a: Toxapex|Toxapex, M|49/100
|move|p1a: Gholdengo|Hex|p2a: Toxapex
|-damage|p2a: Toxapex|5/100
|
|-heal|p2a: Toxapex|11/100|[from] item: Black Sludge
|upkeep
|turn|28
|
|t:|1779849628
|switch|p2a: Zamazenta|Zamazenta, tera:Fairy|49/100
|move|p1a: Gholdengo|Hex|p2a: Zamazenta
|-damage|p2a: Zamazenta|2/100
|
|upkeep
|turn|29
|
|t:|1779849645
|move|p2a: Zamazenta|Crunch|p1a: Gholdengo
|-resisted|p1a: Gholdengo
|-damage|p1a: Gholdengo|45/100
|move|p1a: Gholdengo|Nasty Plot|p1a: Gholdengo
|-boost|p1a: Gholdengo|spa|2
|
|upkeep
|turn|30
|
|t:|1779849662
|move|p2a: Zamazenta|Body Press|p1a: Gholdengo
|-resisted|p1a: Gholdengo
|-damage|p1a: Gholdengo|34/100
|move|p1a: Gholdengo|Hex|p2a: Zamazenta
|-damage|p2a: Zamazenta|0 fnt
|faint|p2a: Zamazenta
|
|upkeep
|inactive|shunnybun has 120 seconds left.
|
|t:|1779849678
|switch|p2a: Toxapex|Toxapex, M|44/100
|turn|31
|
|t:|1779849685
|switch|p2a: Sableye|Sableye, M|88/100
|move|p1a: Gholdengo|Hex|p2a: Sableye
|-damage|p2a: Sableye|0 fnt
|faint|p2a: Sableye
|
|upkeep
|inactive|shunnybun has 120 seconds left.
|
|t:|1779849700
|switch|p2a: Toxapex|Toxapex, M|77/100
|turn|32
|
|t:|1779849710
|move|p1a: Gholdengo|Thunder Wave|p2a: Toxapex
|-status|p2a: Toxapex|par
|move|p2a: Toxapex|Haze|p2a: Toxapex
|-clearallboost
|
|-heal|p2a: Toxapex|84/100 par|[from] item: Black Sludge
|upkeep
|turn|33
|
|t:|1779849732
|move|p1a: Gholdengo|Recover|p1a: Gholdengo
|-heal|p1a: Gholdengo|84/100
|move|p2a: Toxapex|Surf|p1a: Gholdengo
|-damage|p1a: Gholdengo|67/100
|
|-heal|p2a: Toxapex|90/100 par|[from] item: Black Sludge
|upkeep
|turn|34
|
|t:|1779849747
|move|p1a: Gholdengo|Nasty Plot|p1a: Gholdengo
|-boost|p1a: Gholdengo|spa|2
|move|p2a: Toxapex|Haze|p2a: Toxapex
|-clearallboost
|
|-heal|p2a: Toxapex|96/100 par|[from] item: Black Sludge
|upkeep
|turn|35
|
|t:|1779849761
|move|p1a: Gholdengo|Nasty Plot|p1a: Gholdengo
|-boost|p1a: Gholdengo|spa|2
|move|p2a: Toxapex|Surf|p1a: Gholdengo
|-crit|p1a: Gholdengo
|-damage|p1a: Gholdengo|41/100
|
|-heal|p2a: Toxapex|100/100 par|[from] item: Black Sludge
|upkeep
|turn|36
|
|t:|1779849770
|move|p1a: Gholdengo|Hex|p2a: Toxapex
|-damage|p2a: Toxapex|22/100 par
|cant|p2a: Toxapex|par
|
|-heal|p2a: Toxapex|28/100 par|[from] item: Black Sludge
|upkeep
|turn|37
|
|t:|1779849783
|switch|p2a: Gliscor|Gliscor, F|100/100 tox
|move|p1a: Gholdengo|Hex|p2a: Gliscor
|-damage|p2a: Gliscor|0 fnt
|faint|p2a: Gliscor
|
|upkeep
|
|t:|1779849790
|switch|p2a: Tropius|Tropius, F|100/100
|turn|38
|
|t:|1779849804
|switch|p2a: Toxapex|Toxapex, M|62/100 par
|move|p1a: Gholdengo|Hex|p2a: Toxapex
|-damage|p2a: Toxapex|0 fnt
|faint|p2a: Toxapex
|
|upkeep
|
|t:|1779849811
|switch|p2a: Tropius|Tropius, F|100/100
|turn|39
|
|t:|1779849821
|move|p1a: Gholdengo|Thunder Wave|p2a: Tropius|[miss]
|-miss|p1a: Gholdengo|p2a: Tropius
|move|p2a: Tropius|Substitute|p2a: Tropius
|-start|p2a: Tropius|Substitute
|-damage|p2a: Tropius|76/100
|
|upkeep
|turn|40
|
|t:|1779849829
|move|p2a: Tropius|Protect|p2a: Tropius
|-singleturn|p2a: Tropius|Protect
|move|p1a: Gholdengo|Hex|p2a: Tropius
|-activate|p2a: Tropius|move: Protect
|
|upkeep
|turn|41
|
|t:|1779849840
|move|p1a: Gholdengo|Hex|p2a: Tropius
|-end|p2a: Tropius|Substitute
|move|p2a: Tropius|Substitute|p2a: Tropius
|-start|p2a: Tropius|Substitute
|-damage|p2a: Tropius|51/100
|
|upkeep
|turn|42
|
|t:|1779849854
|move|p2a: Tropius|Protect|p2a: Tropius
|-singleturn|p2a: Tropius|Protect
|move|p1a: Gholdengo|Recover|p1a: Gholdengo
|-heal|p1a: Gholdengo|91/100
|
|upkeep
|turn|43
|-message|shunnybun forfeited.
|
|win|claudechamp
|raw|claudechamp's rating: 1175 &rarr; <strong>1196</strong><br />(+21 for winning)
|raw|shunnybun's rating: 1115 &rarr; <strong>1094</strong><br />(-21 for losing)
|l|☆shunnybun
|player|p2|
|c|☆claudechamp|gg
