|j|☆JumanjiThePrincess
|j|☆R4ndomBattleUser
|t:|1779949929
|gametype|singles
|player|p1|JumanjiThePrincess|psychicf-gen4|1111
|player|p2|R4ndomBattleUser|unknown|1056
|gen|9
|tier|[Gen 9] OU
|rated|
|rule|HP Percentage Mod: HP is shown in percentages
|rule|Endless Battle Clause: Forcing endless battles is banned
|rule|Species Clause: Limit one of each Pokémon
|rule|OHKO Clause: OHKO moves are banned
|rule|Evasion Items Clause: Evasion items are banned
|rule|Evasion Moves Clause: Evasion moves are banned
|rule|Evasion Abilities Clause: Evasion abilities are banned
|rule|Sleep Moves Clause: Sleep-inducing moves are banned
|clearpoke
|poke|p1|Lanturn, M|
|poke|p1|Scizor, M|
|poke|p1|Mimikyu, M|
|poke|p1|Gardevoir, F|
|poke|p1|Incineroar, M|
|poke|p1|Serperior, M|
|poke|p2|Thundurus, M|
|poke|p2|Iron Valiant|
|poke|p2|Raging Bolt|
|poke|p2|Iron Moth|
|poke|p2|Iron Treads|
|teampreview
|inactive|Battle timer is ON: inactive players will automatically lose when time's up. (requested by R4ndomBattleUser)
|c|☆R4ndomBattleUser|Test team
|c|☆JumanjiThePrincess|urs is test?
|
|t:|1779949955
|teamsize|p1|6
|teamsize|p2|5
|start
|switch|p1a: King Of Echoes|Incineroar, M, shiny|100/100
|switch|p2a: Iron Moth|Iron Moth|100/100
|-ability|p1a: King Of Echoes|Intimidate|boost
|-unboost|p2a: Iron Moth|atk|1
|turn|1
|
|t:|1779949973
|move|p1a: King Of Echoes|Fake Out|p2a: Iron Moth
|-damage|p2a: Iron Moth|78/100
|cant|p2a: Iron Moth|flinch
|
|upkeep
|turn|2
|
|t:|1779949981
|move|p2a: Iron Moth|Sludge Wave|p1a: King Of Echoes
|-damage|p1a: King Of Echoes|26/100
|move|p1a: King Of Echoes|Parting Shot|p2a: Iron Moth
|-unboost|p2a: Iron Moth|atk|1
|-unboost|p2a: Iron Moth|spa|1
|c|☆R4ndomBattleUser|Yes this is a test team
|
|t:|1779949985
|switch|p1a: Balbea|Lanturn, M, shiny|100/100|[from] Parting Shot
|
|upkeep
|turn|3
|c|☆JumanjiThePrincess|mk
|
|t:|1779950001
|-end|p2a: Iron Moth|Quark Drive|[silent]
|switch|p2a: Thundurus|Thundurus, M|100/100
|move|p1a: Balbea|Thunder Wave|p2a: Thundurus
|-immune|p2a: Thundurus
|
|upkeep
|turn|4
|
|t:|1779950012
|move|p2a: Thundurus|Taunt|p1a: Balbea
|-start|p1a: Balbea|move: Taunt
|move|p1a: Balbea|Ice Beam|p2a: Thundurus
|-supereffective|p2a: Thundurus
|-damage|p2a: Thundurus|57/100
|
|upkeep
|turn|5
|inactive|R4ndomBattleUser has 120 seconds left.
|
|t:|1779950042
|-terastallize|p2a: Thundurus|Steel
|move|p2a: Thundurus|Grass Knot|p1a: Balbea
|-supereffective|p1a: Balbea
|-damage|p1a: Balbea|74/100
|move|p1a: Balbea|Scald|p2a: Thundurus
|-damage|p2a: Thundurus|29/100
|
|-heal|p1a: Balbea|80/100|[from] item: Leftovers
|upkeep
|turn|6
|inactive|R4ndomBattleUser has 120 seconds left.
|
|t:|1779950050
|move|p2a: Thundurus|Electric Terrain|p2a: Thundurus
|-fieldstart|move: Electric Terrain
|move|p1a: Balbea|Scald|p2a: Thundurus
|-damage|p2a: Thundurus|0 fnt
|faint|p2a: Thundurus
|
|-heal|p1a: Balbea|86/100|[from] item: Leftovers
|-end|p1a: Balbea|move: Taunt
|upkeep
|inactive|R4ndomBattleUser has 120 seconds left.
|
|t:|1779950072
|switch|p2a: Iron Treads|Iron Treads|100/100
|-item|p2a: Iron Treads|Air Balloon
|-activate|p2a: Iron Treads|ability: Quark Drive
|-start|p2a: Iron Treads|quarkdrivedef
|turn|7
|c|☆JumanjiThePrincess|what's the tera steel for
|
|t:|1779950083
|move|p2a: Iron Treads|Earthquake|p1a: Balbea
|-supereffective|p1a: Balbea
|-damage|p1a: Balbea|30/100
|move|p1a: Balbea|Ice Beam|p2a: Iron Treads
|-damage|p2a: Iron Treads|86/100
|-enditem|p2a: Iron Treads|Air Balloon
|
|-heal|p1a: Balbea|36/100|[from] item: Leftovers
|upkeep
|turn|8
|
|t:|1779950093
|move|p2a: Iron Treads|Earthquake|p1a: Balbea
|-supereffective|p1a: Balbea
|-damage|p1a: Balbea|0 fnt
|faint|p1a: Balbea
|
|upkeep
|
|t:|1779950098
|switch|p1a: Berken|Mimikyu, M, shiny|100/100
|turn|9
|c|☆R4ndomBattleUser|Resistance
|inactive|R4ndomBattleUser has 120 seconds left.
|c|☆R4ndomBattleUser|Obviously
|c|☆JumanjiThePrincess|I see
|
|t:|1779950113
|move|p1a: Berken|Swords Dance|p1a: Berken
|-boost|p1a: Berken|atk|2
|move|p2a: Iron Treads|Stealth Rock|p1a: Berken
|-sidestart|p1: JumanjiThePrincess|move: Stealth Rock
|
|upkeep
|turn|10
|
|t:|1779950118
|move|p1a: Berken|Swords Dance|p1a: Berken
|-boost|p1a: Berken|atk|2
|move|p2a: Iron Treads|Knock Off|p1a: Berken
|-activate|p1a: Berken|ability: Disguise
|-damage|p1a: Berken|100/100
|-enditem|p1a: Berken|Life Orb|[from] move: Knock Off|[of] p2a: Iron Treads
|detailschange|p1a: Berken|Mimikyu-Busted, M, shiny
|-damage|p1a: Berken|88/100|[from] pokemon: Mimikyu-Busted
|
|upkeep
|turn|11
|inactive|R4ndomBattleUser has 120 seconds left.
|
|t:|1779950136
|-terastallize|p1a: Berken|Fighting
|move|p1a: Berken|Drain Punch|p2a: Iron Treads
|-supereffective|p2a: Iron Treads
|-damage|p2a: Iron Treads|0 fnt
|-heal|p1a: Berken|100/100|[from] drain|[of] p2a: Iron Treads
|faint|p2a: Iron Treads
|-end|p2a: Iron Treads|Quark Drive|[silent]
|
|upkeep
|inactive|R4ndomBattleUser has 120 seconds left.
|
|t:|1779950142
|switch|p2a: Iron Valiant|Iron Valiant|100/100
|-activate|p2a: Iron Valiant|ability: Quark Drive
|-start|p2a: Iron Valiant|quarkdrivespe
|turn|12
|
|t:|1779950152
|move|p1a: Berken|Shadow Sneak|p2a: Iron Valiant
|-damage|p2a: Iron Valiant|42/100
|move|p2a: Iron Valiant|Moonblast|p1a: Berken
|-supereffective|p1a: Berken
|-damage|p1a: Berken|0 fnt
|faint|p1a: Berken
|-damage|p2a: Iron Valiant|32/100|[from] item: Life Orb
|
|upkeep
|
|t:|1779950157
|switch|p1a: Salazon|Scizor, M, shiny|100/100
|-damage|p1a: Salazon|88/100|[from] Stealth Rock
|turn|13
|
|t:|1779950167
|-end|p2a: Iron Valiant|Quark Drive|[silent]
|switch|p2a: Iron Moth|Iron Moth|78/100
|-activate|p2a: Iron Moth|ability: Quark Drive
|-start|p2a: Iron Moth|quarkdrivespa
|move|p1a: Salazon|Bullet Punch|p2a: Iron Moth
|-resisted|p2a: Iron Moth
|-crit|p2a: Iron Moth
|-damage|p2a: Iron Moth|17/100
|
|-fieldend|move: Electric Terrain
|-end|p2a: Iron Moth|Quark Drive
|upkeep
|turn|14
|
|t:|1779950174
|move|p1a: Salazon|Bullet Punch|p2a: Iron Moth
|-resisted|p2a: Iron Moth
|-damage|p2a: Iron Moth|0 fnt
|faint|p2a: Iron Moth
|-end|p2a: Iron Moth|Quark Drive|[silent]
|
|upkeep
|
|t:|1779950178
|switch|p2a: Raging Bolt|Raging Bolt|100/100
|turn|15
|
|t:|1779950181
|move|p2a: Raging Bolt|Thunderclap|p1a: Salazon
|-damage|p1a: Salazon|40/100
|move|p1a: Salazon|Bullet Punch|p2a: Raging Bolt
|-resisted|p2a: Raging Bolt
|-damage|p2a: Raging Bolt|82/100
|
|upkeep
|turn|16
|
|t:|1779950188
|switch|p1a: Faden|Gardevoir, F, shiny|100/100
|-damage|p1a: Faden|88/100|[from] Stealth Rock
|move|p2a: Raging Bolt|Thunderclap||[still]
|-fail|p2a: Raging Bolt
|
|-damage|p1a: Faden|76/100|[from] item: Sticky Barb
|upkeep
|turn|17
|
|t:|1779950194
|move|p1a: Faden|Trick|p2a: Raging Bolt
|-activate|p1a: Faden|move: Trick|[of] p2a: Raging Bolt
|-item|p2a: Raging Bolt|Sticky Barb|[from] move: Trick
|-item|p1a: Faden|Electric Seed|[from] move: Trick
|move|p2a: Raging Bolt|Calm Mind|p2a: Raging Bolt
|-boost|p2a: Raging Bolt|spa|1
|-boost|p2a: Raging Bolt|spd|1
|
|-damage|p2a: Raging Bolt|69/100|[from] item: Sticky Barb
|upkeep
|turn|18
|
|t:|1779950202
|move|p1a: Faden|Taunt|p2a: Raging Bolt
|-start|p2a: Raging Bolt|move: Taunt
|move|p2a: Raging Bolt|Rising Voltage|p1a: Faden
|-damage|p1a: Faden|24/100
|
|-damage|p2a: Raging Bolt|57/100|[from] item: Sticky Barb
|upkeep
|turn|19
|
|t:|1779950206
|move|p2a: Raging Bolt|Thunderclap||[still]
|-fail|p2a: Raging Bolt
|move|p1a: Faden|Destiny Bond|p1a: Faden
|-singlemove|p1a: Faden|Destiny Bond
|
|-damage|p2a: Raging Bolt|44/100|[from] item: Sticky Barb
|upkeep
|turn|20
|
|t:|1779950208
|move|p2a: Raging Bolt|Thunderclap|p1a: Faden
|-crit|p1a: Faden
|-damage|p1a: Faden|0 fnt
|faint|p1a: Faden
|-activate|p1a: Faden|move: Destiny Bond
|faint|p2a: Raging Bolt
|-end|p2a: Raging Bolt|Protosynthesis|[silent]
|
|upkeep
|
|t:|1779950213
|switch|p1a: Salazon|Scizor, M, shiny|40/100
|switch|p2a: Iron Valiant|Iron Valiant|32/100
|-damage|p1a: Salazon|28/100|[from] Stealth Rock
|turn|21
|c|☆R4ndomBattleUser|gg
|c|☆JumanjiThePrincess|gg
|
|t:|1779950221
|move|p1a: Salazon|Bullet Punch|p2a: Iron Valiant
|-supereffective|p2a: Iron Valiant
|-damage|p2a: Iron Valiant|0 fnt
|faint|p2a: Iron Valiant
|-end|p2a: Iron Valiant|Quark Drive|[silent]
|
|win|JumanjiThePrincess
|raw|JumanjiThePrincess's rating: 1133 &rarr; <strong>1153</strong><br />(+20 for winning)
|raw|R4ndomBattleUser's rating: 1056 &rarr; <strong>1042</strong><br />(-14 for losing)
|l|☆JumanjiThePrincess
|player|p1|
|c|☆R4ndomBattleUser|nice game
|l|☆R4ndomBattleUser
|player|p2|
