|j|☆purpashroom
|j|☆Nez_Otanura
|t:|1779894954
|gametype|singles
|player|p1|purpashroom|richboy-gen4|1249
|player|p2|Nez_Otanura|266|1242
|gen|9
|tier|[Gen 9] OU
|rated|
|rule|HP Percentage Mod: HP is shown in percentages
|rule|Endless Battle Clause: Forcing endless battles is banned
|rule|Species Clause: Limit one of each Pokémon
|rule|OHKO Clause: OHKO moves are banned
|rule|Evasion Items Clause: Evasion items are banned
|rule|Evasion Moves Clause: Evasion moves are banned
|rule|Evasion Abilities Clause: Evasion abilities are banned
|rule|Sleep Moves Clause: Sleep-inducing moves are banned
|clearpoke
|poke|p1|Hatterene, F|
|poke|p1|Reuniclus, M|
|poke|p1|Ursaluna, M|
|poke|p1|Kingambit, M|
|poke|p1|Torkoal, M|
|poke|p1|Farigiraf, M|
|poke|p2|Kingambit, F|
|poke|p2|Walking Wake|
|poke|p2|Garganacl, M|
|poke|p2|Great Tusk|
|poke|p2|Ogerpon-Wellspring, F|
|poke|p2|Skarmory, M|
|teampreview
|inactive|Battle timer is ON: inactive players will automatically lose when time's up. (requested by purpashroom)
|
|t:|1779894967
|teamsize|p1|6
|teamsize|p2|6
|start
|switch|p1a: Hatterene|Hatterene, F|100/100
|switch|p2a: Garganacl|Garganacl, M|100/100
|turn|1
|
|t:|1779894973
|move|p2a: Garganacl|Salt Cure|p1a: Hatterene
|-damage|p1a: Hatterene|84/100
|-start|p1a: Hatterene|Salt Cure
|move|p1a: Hatterene|Trick Room|p1a: Hatterene
|-fieldstart|move: Trick Room|[of] p1a: Hatterene
|
|-damage|p1a: Hatterene|72/100|[from] Salt Cure
|upkeep
|turn|2
|
|t:|1779894985
|switch|p1a: Ursaluna|Ursaluna, M|100/100
|move|p2a: Garganacl|Protect||[still]
|-fail|p2a: Garganacl
|
|-status|p1a: Ursaluna|brn|[from] item: Flame Orb
|upkeep
|turn|3
|
|t:|1779894995
|move|p1a: Ursaluna|Headlong Rush|p2a: Garganacl
|-supereffective|p2a: Garganacl
|-damage|p2a: Garganacl|0 fnt
|-unboost|p1a: Ursaluna|def|1
|-unboost|p1a: Ursaluna|spd|1
|faint|p2a: Garganacl
|
|-damage|p1a: Ursaluna|94/100 brn|[from] brn
|upkeep
|
|t:|1779895002
|switch|p2a: Skarmory|Skarmory, M|100/100
|turn|4
|
|t:|1779895008
|move|p1a: Ursaluna|Close Combat|p2a: Skarmory
|-damage|p2a: Skarmory|46/100
|-unboost|p1a: Ursaluna|def|1
|-unboost|p1a: Ursaluna|spd|1
|move|p2a: Skarmory|Iron Head|p1a: Ursaluna
|-damage|p1a: Ursaluna|64/100 brn
|
|-heal|p2a: Skarmory|52/100|[from] item: Leftovers
|-damage|p1a: Ursaluna|58/100 brn|[from] brn
|upkeep
|turn|5
|
|t:|1779895019
|move|p1a: Ursaluna|Close Combat|p2a: Skarmory
|-damage|p2a: Skarmory|0 fnt
|-unboost|p1a: Ursaluna|def|1
|-unboost|p1a: Ursaluna|spd|1
|faint|p2a: Skarmory
|
|-damage|p1a: Ursaluna|51/100 brn|[from] brn
|-fieldend|move: Trick Room
|upkeep
|
|t:|1779895024
|switch|p2a: Walking Wake|Walking Wake|100/100
|-enditem|p2a: Walking Wake|Booster Energy
|-activate|p2a: Walking Wake|ability: Protosynthesis|[fromitem]
|-start|p2a: Walking Wake|protosynthesisspa
|turn|6
|
|t:|1779895036
|switch|p1a: Hatterene|Hatterene, F|72/100
|move|p2a: Walking Wake|Hydro Steam|p1a: Hatterene
|-crit|p1a: Hatterene
|-damage|p1a: Hatterene|0 fnt
|faint|p1a: Hatterene
|
|upkeep
|
|t:|1779895047
|switch|p1a: Reuniclus|Reuniclus, M, shiny|100/100
|turn|7
|
|t:|1779895055
|move|p2a: Walking Wake|Hydro Steam|p1a: Reuniclus
|-damage|p1a: Reuniclus|50/100
|move|p1a: Reuniclus|Trick Room|p1a: Reuniclus
|-fieldstart|move: Trick Room|[of] p1a: Reuniclus
|
|-heal|p1a: Reuniclus|56/100|[from] item: Leftovers
|upkeep
|turn|8
|
|t:|1779895068
|move|p1a: Reuniclus|Psychic|p2a: Walking Wake
|-damage|p2a: Walking Wake|46/100
|-unboost|p2a: Walking Wake|spd|1
|move|p2a: Walking Wake|Hydro Steam|p1a: Reuniclus
|-damage|p1a: Reuniclus|0 fnt
|faint|p1a: Reuniclus
|
|upkeep
|
|t:|1779895076
|switch|p1a: Ursaluna|Ursaluna, M|51/100 brn
|turn|9
|
|t:|1779895084
|move|p1a: Ursaluna|Facade|p2a: Walking Wake
|-damage|p2a: Walking Wake|0 fnt
|faint|p2a: Walking Wake
|-end|p2a: Walking Wake|Protosynthesis|[silent]
|
|-damage|p1a: Ursaluna|45/100 brn|[from] brn
|upkeep
|
|t:|1779895089
|switch|p2a: Ogerpon|Ogerpon-Wellspring, F|100/100
|turn|10
|
|t:|1779895094
|move|p1a: Ursaluna|Facade|p2a: Ogerpon
|-damage|p2a: Ogerpon|0 fnt
|faint|p2a: Ogerpon
|
|-damage|p1a: Ursaluna|39/100 brn|[from] brn
|upkeep
|
|t:|1779895098
|switch|p2a: Kingambit|Kingambit, F|100/100
|-activate|p2a: Kingambit|ability: Supreme Overlord
|-start|p2a: Kingambit|fallen4|[silent]
|turn|11
|
|t:|1779895106
|-terastallize|p1a: Ursaluna|Ground
|-terastallize|p2a: Kingambit|Flying
|move|p1a: Ursaluna|Close Combat|p2a: Kingambit
|-resisted|p2a: Kingambit
|-damage|p2a: Kingambit|73/100
|-unboost|p1a: Ursaluna|def|1
|-unboost|p1a: Ursaluna|spd|1
|move|p2a: Kingambit|Iron Head|p1a: Ursaluna
|-damage|p1a: Ursaluna|0 fnt
|faint|p1a: Ursaluna
|
|-heal|p2a: Kingambit|79/100|[from] item: Leftovers
|-fieldend|move: Trick Room
|upkeep
|
|t:|1779895118
|switch|p1a: Farigiraf|Farigiraf, M|100/100
|turn|12
|
|t:|1779895128
|move|p1a: Farigiraf|Thunderbolt|p2a: Kingambit
|-supereffective|p2a: Kingambit
|-damage|p2a: Kingambit|23/100
|move|p2a: Kingambit|Kowtow Cleave|p1a: Farigiraf
|-supereffective|p1a: Farigiraf
|-crit|p1a: Farigiraf
|-damage|p1a: Farigiraf|0 fnt
|faint|p1a: Farigiraf
|
|-heal|p2a: Kingambit|29/100|[from] item: Leftovers
|upkeep
|
|t:|1779895139
|switch|p1a: Torkoal|Torkoal, M|100/100
|-weather|SunnyDay|[from] ability: Drought|[of] p1a: Torkoal
|turn|13
|
|t:|1779895145
|move|p2a: Kingambit|Kowtow Cleave|p1a: Torkoal
|-damage|p1a: Torkoal|46/100
|move|p1a: Torkoal|Flamethrower|p2a: Kingambit
|-damage|p2a: Kingambit|0 fnt
|faint|p2a: Kingambit
|-end|p2a: Kingambit|fallen4|[silent]
|
|-weather|SunnyDay|[upkeep]
|upkeep
|
|t:|1779895148
|switch|p2a: Great Tusk|Great Tusk|100/100
|-activate|p2a: Great Tusk|ability: Protosynthesis
|-start|p2a: Great Tusk|protosynthesisatk
|turn|14
|
|t:|1779895157
|move|p2a: Great Tusk|Earthquake|p1a: Torkoal
|-supereffective|p1a: Torkoal
|-damage|p1a: Torkoal|0 fnt
|faint|p1a: Torkoal
|
|-weather|SunnyDay|[upkeep]
|upkeep
|
|t:|1779895161
|switch|p1a: Kingambit|Kingambit, M, shiny|100/100
|-activate|p1a: Kingambit|ability: Supreme Overlord
|-start|p1a: Kingambit|fallen5|[silent]
|turn|15
|
|t:|1779895167
|move|p2a: Great Tusk|Close Combat|p1a: Kingambit
|-supereffective|p1a: Kingambit
|-damage|p1a: Kingambit|0 fnt
|-unboost|p2a: Great Tusk|def|1
|-unboost|p2a: Great Tusk|spd|1
|faint|p1a: Kingambit
|-end|p1a: Kingambit|fallen5|[silent]
|
|win|Nez_Otanura
|raw|purpashroom's rating: 1249 &rarr; <strong>1223</strong><br />(-26 for losing)
|raw|Nez_Otanura's rating: 1242 &rarr; <strong>1268</strong><br />(+26 for winning)
|l|☆purpashroom
|player|p1|
|l|☆Nez_Otanura
|player|p2|
