|j|☆waha8
|j|☆lord shiddenfards
|t:|1779869616
|gametype|singles
|player|p1|waha8|169|1448
|player|p2|lord shiddenfards|blaine|1557
|gen|9
|tier|[Gen 9] OU
|rated|
|rule|HP Percentage Mod: HP is shown in percentages
|rule|Endless Battle Clause: Forcing endless battles is banned
|rule|Species Clause: Limit one of each Pokémon
|rule|OHKO Clause: OHKO moves are banned
|rule|Evasion Items Clause: Evasion items are banned
|rule|Evasion Moves Clause: Evasion moves are banned
|rule|Evasion Abilities Clause: Evasion abilities are banned
|rule|Sleep Moves Clause: Sleep-inducing moves are banned
|clearpoke
|poke|p1|Indeedee, M|
|poke|p1|Samurott-Hisui, F|
|poke|p1|Dragapult, F|
|poke|p1|Slowking-Galar, F|
|poke|p1|Iron Boulder|
|poke|p1|Empoleon, M|
|poke|p2|Ninetales, M|
|poke|p2|Great Tusk|
|poke|p2|Slither Wing|
|poke|p2|Raging Bolt|
|poke|p2|Iron Moth|
|poke|p2|Alomomola, F|
|teampreview
|
|t:|1779869633
|teamsize|p1|6
|teamsize|p2|6
|start
|switch|p1a: DeeDee|Indeedee, M|100/100
|switch|p2a: Raging Bolt|Raging Bolt|100/100
|-fieldstart|move: Psychic Terrain|[from] ability: Psychic Surge|[of] p1a: DeeDee
|turn|1
|inactive|Battle timer is ON: inactive players will automatically lose when time's up. (requested by lord shiddenfards)
|
|t:|1779869642
|move|p1a: DeeDee|Expanding Force|p2a: Raging Bolt
|-damage|p2a: Raging Bolt|60/100
|move|p2a: Raging Bolt|Volt Switch|p1a: DeeDee
|-damage|p1a: DeeDee|45/100
|
|t:|1779869646
|-end|p2a: Raging Bolt|Protosynthesis|[silent]
|switch|p2a: Ninetales|Ninetales, M|100/100|[from] Volt Switch
|-weather|SunnyDay|[from] ability: Drought|[of] p2a: Ninetales
|
|-weather|SunnyDay|[upkeep]
|upkeep
|turn|2
|
|t:|1779869659
|switch|p1a: SageOfSixPaths|Slowking-Galar, F|100/100
|move|p2a: Ninetales|Weather Ball|p1a: SageOfSixPaths
|-crit|p1a: SageOfSixPaths
|-damage|p1a: SageOfSixPaths|0 fnt
|faint|p1a: SageOfSixPaths
|
|-weather|SunnyDay|[upkeep]
|upkeep
|
|t:|1779869669
|switch|p1a: Tailwhip|Dragapult, F|100/100
|turn|3
|
|t:|1779869672
|switch|p2a: Alomomola|Alomomola, F|100/100
|-terastallize|p1a: Tailwhip|Dragon
|move|p1a: Tailwhip|Dragon Darts|p2a: Alomomola
|-damage|p2a: Alomomola|67/100
|-anim|p1a: Tailwhip|Dragon Darts|p2a: Alomomola
|-damage|p2a: Alomomola|34/100
|-enditem|p2a: Alomomola|Eject Button
|
|t:|1779869678
|switch|p2a: Raging Bolt|Raging Bolt|60/100
|-activate|p2a: Raging Bolt|ability: Protosynthesis
|-start|p2a: Raging Bolt|protosynthesisspa
|
|-weather|SunnyDay|[upkeep]
|upkeep
|turn|4
|
|t:|1779869686
|switch|p1a: Sam|Samurott-Hisui, F|100/100
|-terastallize|p2a: Raging Bolt|Fairy
|move|p2a: Raging Bolt|Draco Meteor|p1a: Sam|[miss]
|-miss|p2a: Raging Bolt|p1a: Sam
|
|-weather|SunnyDay|[upkeep]
|upkeep
|turn|5
|
|t:|1779869693
|move|p1a: Sam|Ceaseless Edge|p2a: Raging Bolt
|-resisted|p2a: Raging Bolt
|-damage|p2a: Raging Bolt|40/100
|-sidestart|p2: lord shiddenfards|Spikes
|move|p2a: Raging Bolt|Volt Switch|p1a: Sam
|-supereffective|p1a: Sam
|-enditem|p1a: Sam|Focus Sash
|-damage|p1a: Sam|1/100
|
|t:|1779869699
|-end|p2a: Raging Bolt|Protosynthesis|[silent]
|switch|p2a: Slither Wing|Slither Wing|100/100|[from] Volt Switch
|-damage|p2a: Slither Wing|88/100|[from] Spikes
|-activate|p2a: Slither Wing|ability: Protosynthesis
|-start|p2a: Slither Wing|protosynthesisatk
|
|-weather|none
|-end|p2a: Slither Wing|Protosynthesis
|upkeep
|turn|6
|
|t:|1779869706
|move|p1a: Sam|Ceaseless Edge|p2a: Slither Wing
|-resisted|p2a: Slither Wing
|-damage|p2a: Slither Wing|55/100
|-sidestart|p2: lord shiddenfards|Spikes
|move|p2a: Slither Wing|U-turn|p1a: Sam
|-supereffective|p1a: Sam
|-damage|p1a: Sam|0 fnt
|faint|p1a: Sam
|
|t:|1779869713
|-end|p2a: Slither Wing|Protosynthesis|[silent]
|switch|p2a: Ninetales|Ninetales, M|100/100|[from] U-turn
|-damage|p2a: Ninetales|84/100|[from] Spikes
|-weather|SunnyDay|[from] ability: Drought|[of] p2a: Ninetales
|
|-weather|SunnyDay|[upkeep]
|upkeep
|
|t:|1779869719
|switch|p1a: Tailwhip|Dragapult, F, tera:Dragon|100/100
|turn|7
|
|t:|1779869731
|switch|p2a: Alomomola|Alomomola, F|68/100
|-damage|p2a: Alomomola|51/100|[from] Spikes
|move|p1a: Tailwhip|Psychic Fangs|p2a: Alomomola
|-damage|p2a: Alomomola|15/100
|
|-weather|SunnyDay|[upkeep]
|upkeep
|turn|8
|
|t:|1779869744
|move|p1a: Tailwhip|Psychic Fangs|p2a: Alomomola
|-damage|p2a: Alomomola|0 fnt
|faint|p2a: Alomomola
|
|-weather|SunnyDay|[upkeep]
|-fieldend|move: Psychic Terrain
|upkeep
|
|t:|1779869750
|switch|p2a: Great Tusk|Great Tusk|100/100
|-activate|p2a: Great Tusk|ability: Protosynthesis
|-start|p2a: Great Tusk|protosynthesisspe
|turn|9
|
|t:|1779869759
|switch|p1a: DeeDee|Indeedee, M|45/100
|-fieldstart|move: Psychic Terrain|[from] ability: Psychic Surge|[of] p1a: DeeDee
|move|p2a: Great Tusk|Rapid Spin|p1a: DeeDee
|-damage|p1a: DeeDee|13/100
|-boost|p2a: Great Tusk|spe|1
|-sideend|p2: lord shiddenfards|Spikes|[from] move: Rapid Spin|[of] p2a: Great Tusk
|
|-weather|SunnyDay|[upkeep]
|upkeep
|turn|10
|
|t:|1779869768
|move|p2a: Great Tusk|Ice Spinner|p1a: DeeDee
|-damage|p1a: DeeDee|0 fnt
|-fieldend|move: Psychic Terrain
|faint|p1a: DeeDee
|
|-weather|none
|-end|p2a: Great Tusk|Protosynthesis
|upkeep
|
|t:|1779869773
|switch|p1a: Lvl_Up|Empoleon, M|100/100
|turn|11
|
|t:|1779869780
|move|p2a: Great Tusk|Headlong Rush|p1a: Lvl_Up
|-supereffective|p1a: Lvl_Up
|-damage|p1a: Lvl_Up|0 fnt
|-unboost|p2a: Great Tusk|def|1
|-unboost|p2a: Great Tusk|spd|1
|faint|p1a: Lvl_Up
|
|upkeep
|
|t:|1779869792
|switch|p1a: Tailwhip|Dragapult, F, tera:Dragon|100/100
|turn|12
|
|t:|1779869800
|-end|p2a: Great Tusk|Protosynthesis|[silent]
|switch|p2a: Ninetales|Ninetales, M|84/100
|-weather|SunnyDay|[from] ability: Drought|[of] p2a: Ninetales
|move|p1a: Tailwhip|Psychic Fangs|p2a: Ninetales
|-damage|p2a: Ninetales|22/100
|
|-weather|SunnyDay|[upkeep]
|upkeep
|turn|13
|
|t:|1779869807
|move|p1a: Tailwhip|Psychic Fangs|p2a: Ninetales
|-damage|p2a: Ninetales|0 fnt
|faint|p2a: Ninetales
|
|-weather|SunnyDay|[upkeep]
|upkeep
|
|t:|1779869815
|switch|p2a: Slither Wing|Slither Wing|55/100
|-activate|p2a: Slither Wing|ability: Protosynthesis
|-start|p2a: Slither Wing|protosynthesisatk
|turn|14
|
|t:|1779869819
|move|p2a: Slither Wing|First Impression|p1a: Tailwhip
|-damage|p1a: Tailwhip|0 fnt
|faint|p1a: Tailwhip
|
|-weather|SunnyDay|[upkeep]
|upkeep
|
|t:|1779869823
|switch|p1a: TheBoulder|Iron Boulder|100/100
|-enditem|p1a: TheBoulder|Booster Energy
|-activate|p1a: TheBoulder|ability: Quark Drive|[fromitem]
|-start|p1a: TheBoulder|quarkdrivespe
|turn|15
|
|t:|1779869828
|-end|p2a: Slither Wing|Protosynthesis|[silent]
|switch|p2a: Great Tusk|Great Tusk|100/100
|-activate|p2a: Great Tusk|ability: Protosynthesis
|-start|p2a: Great Tusk|protosynthesisspe
|move|p1a: TheBoulder|Swords Dance|p1a: TheBoulder
|-boost|p1a: TheBoulder|atk|2
|
|-weather|SunnyDay|[upkeep]
|upkeep
|turn|16
|
|t:|1779869836
|move|p1a: TheBoulder|Earthquake|p2a: Great Tusk
|-damage|p2a: Great Tusk|56/100
|move|p2a: Great Tusk|Headlong Rush|p1a: TheBoulder
|-supereffective|p1a: TheBoulder
|-damage|p1a: TheBoulder|0 fnt
|-unboost|p2a: Great Tusk|def|1
|-unboost|p2a: Great Tusk|spd|1
|faint|p1a: TheBoulder
|-end|p1a: TheBoulder|Quark Drive|[silent]
|
|win|lord shiddenfards
|raw|waha8's rating: 1448 &rarr; <strong>1434</strong><br />(-14 for losing)
|raw|lord shiddenfards's rating: 1557 &rarr; <strong>1571</strong><br />(+14 for winning)
|l|☆waha8
|player|p1|
|l|☆lord shiddenfards
|player|p2|
