|j|☆prepare 4 die
|j|☆qwb_dwxx
|t:|1779861661
|gametype|singles
|player|p1|prepare 4 die|wallace|1398
|player|p2|qwb_dwxx|2|1452
|gen|9
|tier|[Gen 9] OU
|rated|
|rule|HP Percentage Mod: HP is shown in percentages
|rule|Endless Battle Clause: Forcing endless battles is banned
|rule|Species Clause: Limit one of each Pokémon
|rule|OHKO Clause: OHKO moves are banned
|rule|Evasion Items Clause: Evasion items are banned
|rule|Evasion Moves Clause: Evasion moves are banned
|rule|Evasion Abilities Clause: Evasion abilities are banned
|rule|Sleep Moves Clause: Sleep-inducing moves are banned
|clearpoke
|poke|p1|Darkrai|
|poke|p1|Jirachi|
|poke|p1|Gholdengo|
|poke|p1|Araquanid, F|
|poke|p1|Gliscor, F|
|poke|p1|Ogerpon-Wellspring, F|
|poke|p2|Chesnaught, M|
|poke|p2|Gliscor, M|
|poke|p2|Weezing-Galar, F|
|poke|p2|Goodra-Hisui, M|
|poke|p2|Gholdengo|
|poke|p2|Darkrai|
|teampreview
|
|t:|1779861682
|teamsize|p1|6
|teamsize|p2|6
|start
|switch|p1a: Darkrai|Darkrai|100/100
|switch|p2a: Goodra|Goodra-Hisui, M|100/100
|turn|1
|inactive|Battle timer is ON: inactive players will automatically lose when time's up. (requested by prepare 4 die)
|inactive|qwb_dwxx has 120 seconds left.
|inactive|qwb_dwxx has 90 seconds left.
|inactive|qwb_dwxx has 60 seconds left.
|
|t:|1779861791
|move|p1a: Darkrai|Will-O-Wisp|p2a: Goodra
|-status|p2a: Goodra|brn
|move|p2a: Goodra|Knock Off|p1a: Darkrai
|-resisted|p1a: Darkrai
|-damage|p1a: Darkrai|90/100
|-enditem|p1a: Darkrai|Black Glasses|[from] move: Knock Off|[of] p2a: Goodra
|
|-damage|p2a: Goodra|94/100 brn|[from] brn
|upkeep
|turn|2
|
|t:|1779861811
|move|p1a: Darkrai|Confuse Ray|p2a: Goodra
|-start|p2a: Goodra|confusion
|-activate|p2a: Goodra|confusion
|-damage|p2a: Goodra|83/100 brn|[from] confusion
|
|-damage|p2a: Goodra|77/100 brn|[from] brn
|upkeep
|turn|3
|
|t:|1779861827
|switch|p2a: Gliscor|Gliscor, M|100/100
|move|p1a: Darkrai|Dark Pulse|p2a: Gliscor
|-damage|p2a: Gliscor|65/100
|
|-status|p2a: Gliscor|tox|[from] item: Toxic Orb
|upkeep
|turn|4
|
|t:|1779861839
|switch|p1a: Araquanid|Araquanid, F|100/100
|move|p2a: Gliscor|Protect||[still]
|-fail|p2a: Gliscor
|
|-heal|p2a: Gliscor|77/100 tox|[from] ability: Poison Heal
|upkeep
|turn|5
|
|t:|1779861858
|-terastallize|p2a: Gliscor|Water
|move|p2a: Gliscor|Knock Off|p1a: Araquanid
|-damage|p1a: Araquanid|78/100
|-enditem|p1a: Araquanid|Custap Berry|[from] move: Knock Off|[of] p2a: Gliscor
|move|p1a: Araquanid|Surf|p2a: Gliscor
|-resisted|p2a: Gliscor
|-damage|p2a: Gliscor|55/100 tox
|
|-heal|p2a: Gliscor|68/100 tox|[from] ability: Poison Heal
|upkeep
|turn|6
|inactive|qwb_dwxx has 120 seconds left.
|
|t:|1779861874
|move|p2a: Gliscor|Stealth Rock|p1a: Araquanid
|-sidestart|p1: prepare 4 die|move: Stealth Rock
|move|p1a: Araquanid|Sticky Web|p2a: Gliscor
|-sidestart|p2: qwb_dwxx|move: Sticky Web
|
|-heal|p2a: Gliscor|80/100 tox|[from] ability: Poison Heal
|upkeep
|turn|7
|inactive|prepare 4 die has 120 seconds left.
|
|t:|1779861894
|switch|p1a: Darkrai|Darkrai|90/100
|-damage|p1a: Darkrai|78/100|[from] Stealth Rock
|move|p2a: Gliscor|Earthquake|p1a: Darkrai
|-damage|p1a: Darkrai|36/100
|
|-heal|p2a: Gliscor|93/100 tox|[from] ability: Poison Heal
|upkeep
|turn|8
|inactive|prepare 4 die has 120 seconds left.
|
|t:|1779861902
|move|p1a: Darkrai|Confuse Ray|p2a: Gliscor
|-start|p2a: Gliscor|confusion
|-activate|p2a: Gliscor|confusion
|-damage|p2a: Gliscor|85/100 tox|[from] confusion
|
|-heal|p2a: Gliscor|97/100 tox|[from] ability: Poison Heal
|upkeep
|turn|9
|
|t:|1779861909
|move|p1a: Darkrai|Dark Pulse|p2a: Gliscor
|-damage|p2a: Gliscor|63/100 tox
|-activate|p2a: Gliscor|confusion
|move|p2a: Gliscor|Earthquake|p1a: Darkrai
|-damage|p1a: Darkrai|0 fnt
|faint|p1a: Darkrai
|
|-heal|p2a: Gliscor|75/100 tox|[from] ability: Poison Heal
|upkeep
|
|t:|1779861916
|switch|p1a: Gliscor|Gliscor, F|100/100
|-damage|p1a: Gliscor|88/100|[from] Stealth Rock
|turn|10
|
|t:|1779861920
|switch|p2a: Weezing|Weezing-Galar, F|100/100
|-ability|p2a: Weezing|Neutralizing Gas
|-activate|p2a: Weezing|move: Sticky Web
|-unboost|p2a: Weezing|spe|1
|move|p1a: Gliscor|Protect||[still]
|-fail|p1a: Gliscor
|
|-status|p1a: Gliscor|tox|[from] item: Toxic Orb
|upkeep
|turn|11
|
|t:|1779861929
|switch|p1a: Araquanid|Araquanid, F|78/100
|-damage|p1a: Araquanid|53/100|[from] Stealth Rock
|move|p2a: Weezing|Strange Steam|p1a: Araquanid
|-damage|p1a: Araquanid|30/100
|
|upkeep
|turn|12
|
|t:|1779861935
|-end|p2a: Weezing|ability: Neutralizing Gas
|switch|p2a: Gliscor|Gliscor, M, tera:Water|75/100 tox
|-activate|p2a: Gliscor|move: Sticky Web
|-unboost|p2a: Gliscor|spe|1
|move|p1a: Araquanid|Surf|p2a: Gliscor
|-resisted|p2a: Gliscor
|-damage|p2a: Gliscor|52/100 tox
|
|-heal|p2a: Gliscor|64/100 tox|[from] ability: Poison Heal
|upkeep
|turn|13
|
|t:|1779861961
|switch|p1a: Gliscor|Gliscor, F|88/100 tox
|-damage|p1a: Gliscor|75/100 tox|[from] Stealth Rock
|move|p2a: Gliscor|Knock Off|p1a: Gliscor
|-damage|p1a: Gliscor|58/100 tox
|-enditem|p1a: Gliscor|Toxic Orb|[from] move: Knock Off|[of] p2a: Gliscor
|
|-heal|p1a: Gliscor|71/100 tox|[from] ability: Poison Heal
|-heal|p2a: Gliscor|76/100 tox|[from] ability: Poison Heal
|upkeep
|turn|14
|inactive|prepare 4 die has 120 seconds left.
|
|t:|1779861977
|switch|p1a: Gholdengo|Gholdengo|100/100
|-damage|p1a: Gholdengo|94/100|[from] Stealth Rock
|-item|p1a: Gholdengo|Air Balloon
|switch|p2a: Weezing|Weezing-Galar, F|100/100
|-ability|p2a: Weezing|Neutralizing Gas
|-activate|p2a: Weezing|move: Sticky Web
|-unboost|p2a: Weezing|spe|1
|
|upkeep
|turn|15
|
|t:|1779861988
|-end|p2a: Weezing|ability: Neutralizing Gas
|switch|p2a: Goodra|Goodra-Hisui, M|77/100 brn
|-activate|p2a: Goodra|move: Sticky Web
|-unboost|p2a: Goodra|spe|1
|move|p1a: Gholdengo|Nasty Plot|p1a: Gholdengo
|-boost|p1a: Gholdengo|spa|2
|
|-damage|p2a: Goodra|71/100 brn|[from] brn
|upkeep
|turn|16
|
|t:|1779861996
|move|p1a: Gholdengo|Focus Blast|p2a: Goodra
|-supereffective|p2a: Goodra
|-damage|p2a: Goodra|1/100 brn
|move|p2a: Goodra|Dragon Tail|p1a: Gholdengo
|-resisted|p1a: Gholdengo
|-damage|p1a: Gholdengo|87/100
|-enditem|p1a: Gholdengo|Air Balloon
|drag|p1a: Araquanid|Araquanid, F|30/100
|-damage|p1a: Araquanid|5/100|[from] Stealth Rock
|
|-damage|p2a: Goodra|0 fnt|[from] brn
|faint|p2a: Goodra
|upkeep
|
|t:|1779862007
|switch|p2a: Gholdengo|Gholdengo|100/100
|-activate|p2a: Gholdengo|move: Sticky Web
|-unboost|p2a: Gholdengo|spe|1
|turn|17
|
|t:|1779862016
|move|p2a: Gholdengo|Shadow Ball|p1a: Araquanid
|-damage|p1a: Araquanid|0 fnt
|faint|p1a: Araquanid
|
|upkeep
|
|t:|1779862028
|switch|p1a: Ogerpon|Ogerpon-Wellspring, F|100/100
|-damage|p1a: Ogerpon|88/100|[from] Stealth Rock
|turn|18
|
|t:|1779862044
|switch|p2a: Chesnaught|Chesnaught, M|100/100
|-activate|p2a: Chesnaught|move: Sticky Web
|-unboost|p2a: Chesnaught|spe|1
|move|p1a: Ogerpon|Spikes|p2a: Chesnaught
|-sidestart|p2: qwb_dwxx|Spikes
|
|upkeep
|turn|19
|
|t:|1779862051
|switch|p1a: Gliscor|Gliscor, F|71/100 tox
|-damage|p1a: Gliscor|58/100 tox|[from] Stealth Rock
|move|p2a: Chesnaught|Body Press|p1a: Gliscor
|-resisted|p1a: Gliscor
|-damage|p1a: Gliscor|43/100 tox
|
|-heal|p1a: Gliscor|55/100 tox|[from] ability: Poison Heal
|upkeep
|turn|20
|
|t:|1779862057
|switch|p2a: Weezing|Weezing-Galar, F|100/100
|-ability|p2a: Weezing|Neutralizing Gas
|-activate|p2a: Weezing|move: Sticky Web
|-unboost|p2a: Weezing|spe|1
|-damage|p2a: Weezing|88/100|[from] Spikes
|move|p1a: Gliscor|Knock Off|p2a: Weezing
|-resisted|p2a: Weezing
|-damage|p2a: Weezing|81/100
|-enditem|p2a: Weezing|Leftovers|[from] move: Knock Off|[of] p1a: Gliscor
|
|-damage|p1a: Gliscor|43/100 tox|[from] psn
|upkeep
|turn|21
|
|t:|1779862063
|switch|p1a: Jirachi|Jirachi|100/100
|-damage|p1a: Jirachi|94/100|[from] Stealth Rock
|move|p2a: Weezing|Defog|p1a: Jirachi
|-unboost|p1a: Jirachi|evasion|1
|-sideend|p1: prepare 4 die|Stealth Rock|[from] move: Defog|[of] p2a: Weezing
|-sideend|p2: qwb_dwxx|Spikes|[from] move: Defog|[of] p2a: Weezing
|-sideend|p2: qwb_dwxx|Sticky Web|[from] move: Defog|[of] p2a: Weezing
|
|-heal|p1a: Jirachi|100/100|[from] item: Leftovers
|upkeep
|turn|22
|
|t:|1779862069
|-end|p2a: Weezing|ability: Neutralizing Gas
|switch|p2a: Gholdengo|Gholdengo|100/100
|move|p1a: Jirachi|Wish|p1a: Jirachi
|
|upkeep
|turn|23
|
|t:|1779862076
|switch|p1a: Ogerpon|Ogerpon-Wellspring, F|88/100
|move|p2a: Gholdengo|Trick||[still]
|-fail|p2a: Gholdengo
|
|-heal|p1a: Ogerpon|100/100|[from] move: Wish|[wisher] Jirachi
|upkeep
|turn|24
|
|t:|1779862082
|switch|p2a: Chesnaught|Chesnaught, M|100/100
|move|p1a: Ogerpon|Spikes|p2a: Chesnaught
|-sidestart|p2: qwb_dwxx|Spikes
|
|upkeep
|turn|25
|
|t:|1779862088
|move|p1a: Ogerpon|U-turn|p2a: Chesnaught
|-damage|p2a: Chesnaught|84/100
|-damage|p1a: Ogerpon|84/100|[from] item: Rocky Helmet|[of] p2a: Chesnaught
|
|t:|1779862094
|switch|p1a: Jirachi|Jirachi|100/100|[from] U-turn
|move|p2a: Chesnaught|Spikes|p1a: Jirachi
|-sidestart|p1: prepare 4 die|Spikes
|
|upkeep
|turn|26
|
|t:|1779862099
|switch|p2a: Gholdengo|Gholdengo|100/100
|-damage|p2a: Gholdengo|88/100|[from] Spikes
|move|p1a: Jirachi|Wish|p1a: Jirachi
|
|upkeep
|turn|27
|
|t:|1779862105
|switch|p1a: Ogerpon|Ogerpon-Wellspring, F|84/100
|-damage|p1a: Ogerpon|72/100|[from] Spikes
|move|p2a: Gholdengo|Shadow Ball|p1a: Ogerpon
|-damage|p1a: Ogerpon|23/100
|
|-heal|p1a: Ogerpon|91/100|[from] move: Wish|[wisher] Jirachi
|upkeep
|turn|28
|
|t:|1779862114
|switch|p2a: Chesnaught|Chesnaught, M|84/100
|-damage|p2a: Chesnaught|72/100|[from] Spikes
|move|p1a: Ogerpon|Knock Off|p2a: Chesnaught
|-resisted|p2a: Chesnaught
|-crit|p2a: Chesnaught
|-damage|p2a: Chesnaught|56/100
|-damage|p1a: Ogerpon|74/100|[from] item: Rocky Helmet|[of] p2a: Chesnaught
|-enditem|p2a: Chesnaught|Rocky Helmet|[from] move: Knock Off|[of] p1a: Ogerpon
|
|upkeep
|turn|29
|
|t:|1779862117
|move|p1a: Ogerpon|U-turn|p2a: Chesnaught
|-damage|p2a: Chesnaught|40/100
|
|t:|1779862120
|switch|p1a: Jirachi|Jirachi|100/100|[from] U-turn
|-damage|p1a: Jirachi|88/100|[from] Spikes
|move|p2a: Chesnaught|Synthesis|p2a: Chesnaught
|-heal|p2a: Chesnaught|90/100
|
|-heal|p1a: Jirachi|94/100|[from] item: Leftovers
|upkeep
|turn|30
|
|t:|1779862125
|switch|p2a: Gholdengo|Gholdengo|88/100
|-damage|p2a: Gholdengo|76/100|[from] Spikes
|move|p1a: Jirachi|Wish|p1a: Jirachi
|
|-heal|p1a: Jirachi|100/100|[from] item: Leftovers
|upkeep
|turn|31
|
|t:|1779862129
|switch|p1a: Ogerpon|Ogerpon-Wellspring, F|74/100
|-damage|p1a: Ogerpon|62/100|[from] Spikes
|move|p2a: Gholdengo|Shadow Ball|p1a: Ogerpon
|-damage|p1a: Ogerpon|16/100
|
|-heal|p1a: Ogerpon|83/100|[from] move: Wish|[wisher] Jirachi
|upkeep
|turn|32
|
|t:|1779862141
|switch|p2a: Chesnaught|Chesnaught, M|90/100
|-damage|p2a: Chesnaught|78/100|[from] Spikes
|move|p1a: Ogerpon|Knock Off|p2a: Chesnaught
|-resisted|p2a: Chesnaught
|-damage|p2a: Chesnaught|71/100
|
|upkeep
|turn|33
|
|t:|1779862145
|move|p1a: Ogerpon|Spikes|p2a: Chesnaught
|-sidestart|p2: qwb_dwxx|Spikes
|move|p2a: Chesnaught|Spikes|p1a: Ogerpon
|-sidestart|p1: prepare 4 die|Spikes
|
|upkeep
|turn|34
|
|t:|1779862151
|move|p1a: Ogerpon|U-turn|p2a: Chesnaught
|-damage|p2a: Chesnaught|55/100
|
|t:|1779862156
|switch|p1a: Gliscor|Gliscor, F|43/100 tox|[from] U-turn
|move|p2a: Chesnaught|Body Press|p1a: Gliscor
|-resisted|p1a: Gliscor
|-damage|p1a: Gliscor|25/100 tox
|
|-heal|p1a: Gliscor|37/100 tox|[from] ability: Poison Heal
|upkeep
|turn|35
|
|t:|1779862164
|switch|p1a: Jirachi|Jirachi|100/100
|-damage|p1a: Jirachi|84/100|[from] Spikes
|switch|p2a: Weezing|Weezing-Galar, F|81/100
|-ability|p2a: Weezing|Neutralizing Gas
|-damage|p2a: Weezing|64/100|[from] Spikes
|
|-heal|p1a: Jirachi|90/100|[from] item: Leftovers
|upkeep
|turn|36
|
|t:|1779862171
|move|p1a: Jirachi|Wish|p1a: Jirachi
|move|p2a: Weezing|Will-O-Wisp|p1a: Jirachi
|-status|p1a: Jirachi|brn
|
|-heal|p1a: Jirachi|96/100 brn|[from] item: Leftovers
|-damage|p1a: Jirachi|90/100 brn|[from] brn
|upkeep
|turn|37
|
|t:|1779862175
|switch|p1a: Gliscor|Gliscor, F|37/100 tox
|move|p2a: Weezing|Defog|p1a: Gliscor
|-unboost|p1a: Gliscor|evasion|1
|-sideend|p1: prepare 4 die|Spikes|[from] move: Defog|[of] p2a: Weezing
|-sideend|p2: qwb_dwxx|Spikes|[from] move: Defog|[of] p2a: Weezing
|
|-heal|p1a: Gliscor|95/100 tox|[from] move: Wish|[wisher] Jirachi
|-damage|p1a: Gliscor|89/100 tox|[from] psn
|upkeep
|turn|38
|
|t:|1779862182
|switch|p1a: Jirachi|Jirachi|90/100 brn
|move|p2a: Weezing|Pain Split|p1a: Jirachi
|-sethp|p1a: Jirachi|72/100 brn|[from] move: Pain Split|[silent]
|-sethp|p2a: Weezing|86/100|[from] move: Pain Split
|
|-heal|p1a: Jirachi|78/100 brn|[from] item: Leftovers
|-damage|p1a: Jirachi|72/100 brn|[from] brn
|upkeep
|turn|39
|
|t:|1779862191
|-end|p2a: Weezing|ability: Neutralizing Gas
|switch|p2a: Darkrai|Darkrai|100/100
|move|p1a: Jirachi|Thunder Wave|p2a: Darkrai
|-status|p2a: Darkrai|par
|
|-heal|p1a: Jirachi|78/100 brn|[from] item: Leftovers
|-damage|p1a: Jirachi|72/100 brn|[from] brn
|upkeep
|turn|40
|
|t:|1779862202
|move|p1a: Jirachi|Confuse Ray|p2a: Darkrai
|-start|p2a: Darkrai|confusion
|-activate|p2a: Darkrai|confusion
|-damage|p2a: Darkrai|92/100 par|[from] confusion
|
|-heal|p1a: Jirachi|78/100 brn|[from] item: Leftovers
|-damage|p1a: Jirachi|72/100 brn|[from] brn
|upkeep
|turn|41
|
|t:|1779862207
|move|p1a: Jirachi|Iron Head|p2a: Darkrai
|-damage|p2a: Darkrai|73/100 par
|-activate|p2a: Darkrai|confusion
|-damage|p2a: Darkrai|65/100 par|[from] confusion
|
|-heal|p1a: Jirachi|78/100 brn|[from] item: Leftovers
|-damage|p1a: Jirachi|72/100 brn|[from] brn
|upkeep
|turn|42
|
|t:|1779862214
|move|p1a: Jirachi|Iron Head|p2a: Darkrai
|-damage|p2a: Darkrai|45/100 par
|cant|p2a: Darkrai|flinch
|
|-heal|p1a: Jirachi|78/100 brn|[from] item: Leftovers
|-damage|p1a: Jirachi|72/100 brn|[from] brn
|upkeep
|turn|43
|
|t:|1779862222
|switch|p2a: Chesnaught|Chesnaught, M|55/100
|move|p1a: Jirachi|Iron Head|p2a: Chesnaught
|-damage|p2a: Chesnaught|47/100
|
|-heal|p1a: Jirachi|78/100 brn|[from] item: Leftovers
|-damage|p1a: Jirachi|72/100 brn|[from] brn
|upkeep
|turn|44
|
|t:|1779862227
|move|p1a: Jirachi|Thunder Wave|p2a: Chesnaught
|-status|p2a: Chesnaught|par
|cant|p2a: Chesnaught|par
|
|-heal|p1a: Jirachi|78/100 brn|[from] item: Leftovers
|-damage|p1a: Jirachi|72/100 brn|[from] brn
|upkeep
|turn|45
|
|t:|1779862232
|move|p1a: Jirachi|Confuse Ray|p2a: Chesnaught
|-start|p2a: Chesnaught|confusion
|-activate|p2a: Chesnaught|confusion
|move|p2a: Chesnaught|Synthesis|p2a: Chesnaught
|-heal|p2a: Chesnaught|97/100 par
|
|-heal|p1a: Jirachi|78/100 brn|[from] item: Leftovers
|-damage|p1a: Jirachi|72/100 brn|[from] brn
|upkeep
|turn|46
|
|t:|1779862256
|switch|p1a: Ogerpon|Ogerpon-Wellspring, F|83/100
|switch|p2a: Gliscor|Gliscor, M, tera:Water|76/100 tox
|
|-heal|p2a: Gliscor|89/100 tox|[from] ability: Poison Heal
|upkeep
|turn|47
|
|t:|1779862262
|switch|p2a: Chesnaught|Chesnaught, M|97/100 par
|move|p1a: Ogerpon|Spikes|p2a: Chesnaught
|-sidestart|p2: qwb_dwxx|Spikes
|
|upkeep
|turn|48
|
|t:|1779862270
|move|p1a: Ogerpon|Spikes|p2a: Chesnaught
|-sidestart|p2: qwb_dwxx|Spikes
|move|p2a: Chesnaught|Spikes|p1a: Ogerpon
|-sidestart|p1: prepare 4 die|Spikes
|
|upkeep
|turn|49
|
|t:|1779862272
|move|p1a: Ogerpon|Spikes|p2a: Chesnaught
|-sidestart|p2: qwb_dwxx|Spikes
|cant|p2a: Chesnaught|par
|
|upkeep
|turn|50
|
|t:|1779862274
|move|p1a: Ogerpon|U-turn|p2a: Chesnaught
|-damage|p2a: Chesnaught|80/100 par
|
|t:|1779862277
|switch|p1a: Gliscor|Gliscor, F|89/100 tox|[from] U-turn
|cant|p2a: Chesnaught|par
|
|-heal|p1a: Gliscor|100/100 tox|[from] ability: Poison Heal
|upkeep
|turn|51
|
|t:|1779862281
|move|p1a: Gliscor|Swords Dance|p1a: Gliscor
|-boost|p1a: Gliscor|atk|2
|cant|p2a: Chesnaught|par
|
|upkeep
|turn|52
|
|t:|1779862287
|move|p1a: Gliscor|Swords Dance|p1a: Gliscor
|-boost|p1a: Gliscor|atk|2
|cant|p2a: Chesnaught|par
|
|upkeep
|turn|53
|
|t:|1779862290
|move|p1a: Gliscor|Swords Dance|p1a: Gliscor
|-boost|p1a: Gliscor|atk|2
|move|p2a: Chesnaught|Iron Defense|p2a: Chesnaught
|-boost|p2a: Chesnaught|def|2
|
|upkeep
|turn|54
|
|t:|1779862293
|-terastallize|p1a: Gliscor|Normal
|move|p1a: Gliscor|Facade|p2a: Chesnaught
|-damage|p2a: Chesnaught|27/100 par
|move|p2a: Chesnaught|Iron Defense|p2a: Chesnaught
|-boost|p2a: Chesnaught|def|2
|
|upkeep
|turn|55
|
|t:|1779862298
|move|p1a: Gliscor|Facade|p2a: Chesnaught
|-damage|p2a: Chesnaught|0 fnt
|faint|p2a: Chesnaught
|
|upkeep
|
|t:|1779862300
|switch|p2a: Gholdengo|Gholdengo|76/100
|-damage|p2a: Gholdengo|51/100|[from] Spikes
|turn|56
|
|t:|1779862324
|switch|p1a: Gholdengo|Gholdengo|87/100
|-damage|p1a: Gholdengo|74/100|[from] Spikes
|move|p2a: Gholdengo|Trick|p1a: Gholdengo
|-immune|p1a: Gholdengo|[from] ability: Good as Gold
|
|upkeep
|turn|57
|
|t:|1779862332
|switch|p2a: Gliscor|Gliscor, M, tera:Water|89/100 tox
|-damage|p2a: Gliscor|64/100 tox|[from] Spikes
|switch|p1a: Gliscor|Gliscor, F, tera:Normal|100/100 tox
|-damage|p1a: Gliscor|88/100 tox|[from] Spikes
|
|-heal|p1a: Gliscor|100/100 tox|[from] ability: Poison Heal
|-heal|p2a: Gliscor|76/100 tox|[from] ability: Poison Heal
|upkeep
|turn|58
|
|t:|1779862341
|switch|p2a: Weezing|Weezing-Galar, F|86/100
|-ability|p2a: Weezing|Neutralizing Gas
|-damage|p2a: Weezing|62/100|[from] Spikes
|move|p1a: Gliscor|Swords Dance|p1a: Gliscor
|-boost|p1a: Gliscor|atk|2
|
|-damage|p1a: Gliscor|88/100 tox|[from] psn
|upkeep
|turn|59
|
|t:|1779862348
|move|p1a: Gliscor|Facade|p2a: Weezing
|-damage|p2a: Weezing|4/100
|move|p2a: Weezing|Defog|p1a: Gliscor
|-unboost|p1a: Gliscor|evasion|1
|-sideend|p1: prepare 4 die|Spikes|[from] move: Defog|[of] p2a: Weezing
|-sideend|p2: qwb_dwxx|Spikes|[from] move: Defog|[of] p2a: Weezing
|
|-damage|p1a: Gliscor|69/100 tox|[from] psn
|upkeep
|turn|60
|
|t:|1779862353
|-end|p2a: Weezing|ability: Neutralizing Gas
|switch|p2a: Gholdengo|Gholdengo|51/100
|move|p1a: Gliscor|Knock Off|p2a: Gholdengo
|-supereffective|p2a: Gholdengo
|-damage|p2a: Gholdengo|0 fnt
|-enditem|p2a: Gholdengo|Choice Scarf|[from] move: Knock Off|[of] p1a: Gliscor
|faint|p2a: Gholdengo
|
|-heal|p1a: Gliscor|82/100 tox|[from] ability: Poison Heal
|upkeep
|-message|qwb_dwxx forfeited.
|
|win|prepare 4 die
|raw|prepare 4 die's rating: 1398 &rarr; <strong>1421</strong><br />(+23 for winning)
|raw|qwb_dwxx's rating: 1452 &rarr; <strong>1429</strong><br />(-23 for losing)
|l|☆qwb_dwxx
|player|p2|
|l|☆prepare 4 die
|player|p1|
