|j|☆Coolradguy
|j|☆Daybrick
|t:|1779864638
|gametype|singles
|player|p1|Coolradguy|102|1513
|player|p2|Daybrick|2|1501
|gen|9
|tier|[Gen 9] OU
|rated|
|rule|HP Percentage Mod: HP is shown in percentages
|rule|Endless Battle Clause: Forcing endless battles is banned
|rule|Species Clause: Limit one of each Pokémon
|rule|OHKO Clause: OHKO moves are banned
|rule|Evasion Items Clause: Evasion items are banned
|rule|Evasion Moves Clause: Evasion moves are banned
|rule|Evasion Abilities Clause: Evasion abilities are banned
|rule|Sleep Moves Clause: Sleep-inducing moves are banned
|clearpoke
|poke|p1|Cresselia, F|
|poke|p1|Slowking, F|
|poke|p1|Alomomola, F|
|poke|p1|Raging Bolt|
|poke|p1|Great Tusk|
|poke|p1|Okidogi, M|
|poke|p2|Hatterene, F|
|poke|p2|Great Tusk|
|poke|p2|Tornadus-Therian, M|
|poke|p2|Kyurem|
|poke|p2|Slowking-Galar, F|
|poke|p2|Kingambit, F|
|teampreview
|inactive|Battle timer is ON: inactive players will automatically lose when time's up. (requested by Daybrick)
|
|t:|1779864654
|teamsize|p1|6
|teamsize|p2|6
|start
|switch|p1a: Alomomola|Alomomola, F|100/100
|switch|p2a: Tornadus|Tornadus-Therian, M|100/100
|turn|1
|inactive|Daybrick has 120 seconds left.
|
|t:|1779864689
|move|p2a: Tornadus|Knock Off|p1a: Alomomola
|-damage|p1a: Alomomola|86/100
|-damage|p2a: Tornadus|84/100|[from] item: Rocky Helmet|[of] p1a: Alomomola
|-enditem|p1a: Alomomola|Rocky Helmet|[from] move: Knock Off|[of] p2a: Tornadus
|move|p1a: Alomomola|Wish|p1a: Alomomola
|
|upkeep
|turn|2
|inactive|Daybrick has 120 seconds left.
|
|t:|1779864700
|move|p2a: Tornadus|Bleakwind Storm|p1a: Alomomola
|-damage|p1a: Alomomola|57/100
|move|p1a: Alomomola|Scald|p2a: Tornadus
|-damage|p2a: Tornadus|75/100
|
|-heal|p1a: Alomomola|100/100|[from] move: Wish|[wisher] Alomomola
|upkeep
|turn|3
|inactive|Daybrick has 120 seconds left.
|inactive|Daybrick has 90 seconds left.
|
|t:|1779864756
|move|p2a: Tornadus|U-turn|p1a: Alomomola
|-damage|p1a: Alomomola|89/100
|
|t:|1779864760
|switch|p2a: Kyurem|Kyurem|100/100|[from] U-turn
|-ability|p2a: Kyurem|Pressure
|move|p1a: Alomomola|Scald|p2a: Kyurem
|-resisted|p2a: Kyurem
|-damage|p2a: Kyurem|93/100
|-status|p2a: Kyurem|brn
|
|-damage|p2a: Kyurem|87/100 brn|[from] brn
|upkeep
|turn|4
|
|t:|1779864765
|move|p2a: Kyurem|Freeze-Dry|p1a: Alomomola
|-supereffective|p1a: Alomomola
|-damage|p1a: Alomomola|7/100
|move|p1a: Alomomola|Mirror Coat|p2a: Kyurem
|-damage|p2a: Kyurem|0 fnt
|faint|p2a: Kyurem
|
|upkeep
|inactive|Daybrick has 90 seconds left.
|
|t:|1779864785
|switch|p2a: Great Tusk|Great Tusk|100/100
|turn|5
|
|t:|1779864791
|switch|p1a: Cresselia|Cresselia, F|100/100
|move|p2a: Great Tusk|Stealth Rock|p1a: Cresselia
|-sidestart|p1: Coolradguy|move: Stealth Rock
|
|upkeep
|turn|6
|inactive|Daybrick has 90 seconds left.
|
|t:|1779864799
|-end|p2a: Great Tusk|Protosynthesis|[silent]
|switch|p2a: Tornadus|Tornadus-Therian, M|100/100
|move|p1a: Cresselia|Calm Mind|p1a: Cresselia
|-boost|p1a: Cresselia|spa|1
|-boost|p1a: Cresselia|spd|1
|
|upkeep
|turn|7
|
|t:|1779864807
|move|p2a: Tornadus|Knock Off|p1a: Cresselia
|-supereffective|p1a: Cresselia
|-damage|p1a: Cresselia|81/100
|-enditem|p1a: Cresselia|Leftovers|[from] move: Knock Off|[of] p2a: Tornadus
|move|p1a: Cresselia|Calm Mind|p1a: Cresselia
|-boost|p1a: Cresselia|spa|1
|-boost|p1a: Cresselia|spd|1
|
|upkeep
|turn|8
|
|t:|1779864822
|move|p2a: Tornadus|U-turn|p1a: Cresselia
|-supereffective|p1a: Cresselia
|-damage|p1a: Cresselia|65/100
|
|t:|1779864825
|switch|p2a: Kingambit|Kingambit, F|100/100|[from] U-turn
|-activate|p2a: Kingambit|ability: Supreme Overlord
|-start|p2a: Kingambit|fallen1|[silent]
|move|p1a: Cresselia|Moonblast|p2a: Kingambit
|-damage|p2a: Kingambit|69/100
|
|-heal|p2a: Kingambit|75/100|[from] item: Leftovers
|upkeep
|turn|9
|inactive|Daybrick has 120 seconds left.
|
|t:|1779864852
|-terastallize|p1a: Cresselia|Poison
|move|p1a: Cresselia|Moonlight|p1a: Cresselia
|-heal|p1a: Cresselia|100/100
|move|p2a: Kingambit|Kowtow Cleave|p1a: Cresselia
|-damage|p1a: Cresselia|73/100
|
|-heal|p2a: Kingambit|81/100|[from] item: Leftovers
|upkeep
|turn|10
|
|t:|1779864863
|move|p1a: Cresselia|Moonblast|p2a: Kingambit
|-damage|p2a: Kingambit|46/100
|-unboost|p2a: Kingambit|spa|1
|move|p2a: Kingambit|Swords Dance|p2a: Kingambit
|-boost|p2a: Kingambit|atk|2
|
|-heal|p2a: Kingambit|52/100|[from] item: Leftovers
|upkeep
|turn|11
|
|t:|1779864870
|move|p1a: Cresselia|Moonblast|p2a: Kingambit
|-damage|p2a: Kingambit|21/100
|move|p2a: Kingambit|Kowtow Cleave|p1a: Cresselia
|-damage|p1a: Cresselia|15/100
|
|-heal|p2a: Kingambit|27/100|[from] item: Leftovers
|upkeep
|turn|12
|
|t:|1779864877
|move|p1a: Cresselia|Moonblast|p2a: Kingambit
|-damage|p2a: Kingambit|0 fnt
|faint|p2a: Kingambit
|-end|p2a: Kingambit|fallen1|[silent]
|
|upkeep
|
|t:|1779864880
|switch|p2a: Great Tusk|Great Tusk|100/100
|turn|13
|
|t:|1779864895
|move|p2a: Great Tusk|Ice Spinner|p1a: Cresselia
|-damage|p1a: Cresselia|0 fnt
|faint|p1a: Cresselia
|
|upkeep
|
|t:|1779864909
|switch|p1a: Slowking|Slowking, F, shiny|100/100
|-damage|p1a: Slowking|88/100|[from] Stealth Rock
|turn|14
|inactive|Daybrick has 120 seconds left.
|inactive|Daybrick has 90 seconds left.
|
|t:|1779864975
|-end|p2a: Great Tusk|Protosynthesis|[silent]
|switch|p2a: Tornadus|Tornadus-Therian, M|100/100
|move|p1a: Slowking|Reflect|p1a: Slowking
|-sidestart|p1: Coolradguy|Reflect
|
|upkeep
|turn|15
|
|t:|1779864986
|switch|p1a: Alomomola|Alomomola, F|40/100
|-damage|p1a: Alomomola|28/100|[from] Stealth Rock
|move|p2a: Tornadus|Knock Off|p1a: Alomomola
|-damage|p1a: Alomomola|23/100
|
|upkeep
|turn|16
|
|t:|1779864992
|switch|p1a: Slowking|Slowking, F, shiny|100/100
|-damage|p1a: Slowking|88/100|[from] Stealth Rock
|move|p2a: Tornadus|Bleakwind Storm|p1a: Slowking
|-damage|p1a: Slowking|65/100
|-unboost|p1a: Slowking|spe|1
|
|upkeep
|turn|17
|
|t:|1779864999
|move|p2a: Tornadus|U-turn|p1a: Slowking
|-supereffective|p1a: Slowking
|-damage|p1a: Slowking|51/100
|
|t:|1779865001
|switch|p2a: Hatterene|Hatterene, F|100/100|[from] U-turn
|move|p1a: Slowking|Light Screen|p1a: Slowking
|-sidestart|p1: Coolradguy|move: Light Screen
|
|upkeep
|turn|18
|
|t:|1779865005
|move|p2a: Hatterene|Nuzzle|p1a: Slowking
|-supereffective|p1a: Slowking
|-damage|p1a: Slowking|47/100
|-status|p1a: Slowking|par
|-prepare|p1a: Slowking|Chilly Reception|[premajor]
|move|p1a: Slowking|Chilly Reception|p1a: Slowking
|-weather|Snowscape
|
|t:|1779865014
|switch|p1a: Okidogi|Okidogi, M|100/100|[from] Chilly Reception
|-damage|p1a: Okidogi|94/100|[from] Stealth Rock
|
|-weather|Snowscape|[upkeep]
|upkeep
|turn|19
|
|t:|1779865020
|move|p1a: Okidogi|Gunk Shot|p2a: Hatterene
|-supereffective|p2a: Hatterene
|-damage|p2a: Hatterene|0 fnt
|faint|p2a: Hatterene
|
|-weather|Snowscape|[upkeep]
|upkeep
|-message|Daybrick forfeited.
|
|win|Coolradguy
|raw|Coolradguy's rating: 1513 &rarr; <strong>1532</strong><br />(+19 for winning)
|raw|Daybrick's rating: 1501 &rarr; <strong>1482</strong><br />(-19 for losing)
|l|☆Daybrick
|player|p2|
