|j|☆claudechamp
|j|☆ast6969
|t:|1779889683
|gametype|singles
|player|p1|claudechamp|169|1188
|player|p2|ast6969|unknown|1127
|gen|9
|tier|[Gen 9] OU
|rated|
|rule|HP Percentage Mod: HP is shown in percentages
|rule|Endless Battle Clause: Forcing endless battles is banned
|rule|Species Clause: Limit one of each Pokémon
|rule|OHKO Clause: OHKO moves are banned
|rule|Evasion Items Clause: Evasion items are banned
|rule|Evasion Moves Clause: Evasion moves are banned
|rule|Evasion Abilities Clause: Evasion abilities are banned
|rule|Sleep Moves Clause: Sleep-inducing moves are banned
|clearpoke
|poke|p1|Corviknight, M|
|poke|p1|Ting-Lu|
|poke|p1|Kyurem|
|poke|p1|Dondozo, F|
|poke|p1|Slowking-Galar, F|
|poke|p1|Cinderace, M|
|poke|p2|Walking Wake|
|poke|p2|Kingambit, F|
|poke|p2|Venusaur, F|
|poke|p2|Ninetales, F|
|poke|p2|Raging Bolt|
|poke|p2|Drednaw, M|
|teampreview
|c|☆claudechamp|hf
|inactive|Battle timer is ON: inactive players will automatically lose when time's up. (requested by claudechamp)
|c|☆ast6969|you too
|
|t:|1779889693
|teamsize|p1|6
|teamsize|p2|6
|start
|switch|p1a: Cinderace|Cinderace, M|100/100
|switch|p2a: Drednaw|Drednaw, M|100/100
|turn|1
|c|☆ast6969|is claude refering to the ai
|
|t:|1779889704
|switch|p1a: Kyurem|Kyurem|100/100
|-ability|p1a: Kyurem|Pressure
|move|p2a: Drednaw|Shell Smash|p2a: Drednaw
|-unboost|p2a: Drednaw|def|1
|-unboost|p2a: Drednaw|spd|1
|-boost|p2a: Drednaw|atk|2
|-boost|p2a: Drednaw|spa|2
|-boost|p2a: Drednaw|spe|2
|-enditem|p2a: Drednaw|White Herb
|-clearnegativeboost|p2a: Drednaw|[silent]
|
|upkeep
|turn|2
|
|t:|1779889716
|move|p2a: Drednaw|Stone Edge|p1a: Kyurem
|-supereffective|p1a: Kyurem
|-damage|p1a: Kyurem|0 fnt
|faint|p1a: Kyurem
|
|upkeep
|
|t:|1779889718
|switch|p1a: Ting-Lu|Ting-Lu|100/100
|-ability|p1a: Ting-Lu|Vessel of Ruin
|turn|3
|
|t:|1779889732
|move|p2a: Drednaw|Earthquake|p1a: Ting-Lu
|-damage|p1a: Ting-Lu|64/100
|move|p1a: Ting-Lu|Earthquake|p2a: Drednaw
|-supereffective|p2a: Drednaw
|-damage|p2a: Drednaw|15/100
|
|-heal|p1a: Ting-Lu|70/100|[from] item: Leftovers
|upkeep
|turn|4
|
|t:|1779889741
|move|p2a: Drednaw|Double-Edge|p1a: Ting-Lu
|-damage|p1a: Ting-Lu|27/100
|-damage|p2a: Drednaw|0 fnt|[from] Recoil
|faint|p2a: Drednaw
|move|p1a: Ting-Lu|Earthquake|p2: Drednaw|[notarget]
|-fail|p1a: Ting-Lu
|
|-heal|p1a: Ting-Lu|33/100|[from] item: Leftovers
|upkeep
|
|t:|1779889747
|switch|p2a: Ninetales|Ninetales, F|100/100
|-weather|SunnyDay|[from] ability: Drought|[of] p2a: Ninetales
|turn|5
|
|t:|1779889752
|move|p2a: Ninetales|Encore|p1a: Ting-Lu
|-start|p1a: Ting-Lu|Encore
|move|p1a: Ting-Lu|Earthquake|p2a: Ninetales
|-supereffective|p2a: Ninetales
|-damage|p2a: Ninetales|17/100
|
|-weather|SunnyDay|[upkeep]
|-heal|p1a: Ting-Lu|40/100|[from] item: Leftovers
|upkeep
|turn|6
|
|t:|1779889756
|switch|p2a: Raging Bolt|Raging Bolt|100/100
|-item|p2a: Raging Bolt|Air Balloon
|-activate|p2a: Raging Bolt|ability: Protosynthesis
|-start|p2a: Raging Bolt|protosynthesisspa
|switch|p1a: Cinderace|Cinderace, M|100/100
|
|-weather|SunnyDay|[upkeep]
|upkeep
|turn|7
|
|t:|1779889760
|move|p1a: Cinderace|U-turn|p2a: Raging Bolt
|-damage|p2a: Raging Bolt|83/100
|-enditem|p2a: Raging Bolt|Air Balloon
|
|t:|1779889763
|switch|p1a: Dondozo|Dondozo, F|100/100|[from] U-turn
|move|p2a: Raging Bolt|Calm Mind|p2a: Raging Bolt
|-boost|p2a: Raging Bolt|spa|1
|-boost|p2a: Raging Bolt|spd|1
|
|-weather|SunnyDay|[upkeep]
|upkeep
|turn|8
|
|t:|1779889769
|move|p2a: Raging Bolt|Thunderclap|p1a: Dondozo
|-supereffective|p1a: Dondozo
|-damage|p1a: Dondozo|25/100
|move|p1a: Dondozo|Body Press|p2a: Raging Bolt
|-damage|p2a: Raging Bolt|65/100
|
|-weather|SunnyDay|[upkeep]
|-heal|p1a: Dondozo|32/100|[from] item: Leftovers
|upkeep
|turn|9
|
|t:|1779889772
|switch|p1a: Ting-Lu|Ting-Lu|40/100
|-ability|p1a: Ting-Lu|Vessel of Ruin
|move|p2a: Raging Bolt|Thunderclap||[still]
|-fail|p2a: Raging Bolt
|
|-weather|SunnyDay|[upkeep]
|-heal|p1a: Ting-Lu|46/100|[from] item: Leftovers
|upkeep
|turn|10
|
|t:|1779889776
|move|p2a: Raging Bolt|Dragon Pulse|p1a: Ting-Lu
|-damage|p1a: Ting-Lu|4/100
|move|p1a: Ting-Lu|Earthquake|p2a: Raging Bolt
|-supereffective|p2a: Raging Bolt
|-damage|p2a: Raging Bolt|0 fnt
|faint|p2a: Raging Bolt
|-end|p2a: Raging Bolt|Protosynthesis|[silent]
|
|-weather|SunnyDay|[upkeep]
|-heal|p1a: Ting-Lu|10/100|[from] item: Leftovers
|upkeep
|
|t:|1779889783
|switch|p2a: Walking Wake|Walking Wake|100/100
|-activate|p2a: Walking Wake|ability: Protosynthesis
|-start|p2a: Walking Wake|protosynthesisspe
|turn|11
|
|t:|1779889787
|move|p2a: Walking Wake|Flip Turn|p1a: Ting-Lu
|-supereffective|p1a: Ting-Lu
|-damage|p1a: Ting-Lu|2/100
|
|t:|1779889796
|-end|p2a: Walking Wake|Protosynthesis|[silent]
|switch|p2a: Kingambit|Kingambit, F|100/100|[from] Flip Turn
|-activate|p2a: Kingambit|ability: Supreme Overlord
|-start|p2a: Kingambit|fallen2|[silent]
|-item|p2a: Kingambit|Air Balloon
|move|p1a: Ting-Lu|Earthquake|p2a: Kingambit
|-immune|p2a: Kingambit
|
|-weather|SunnyDay|[upkeep]
|-heal|p1a: Ting-Lu|8/100|[from] item: Leftovers
|upkeep
|turn|12
|
|t:|1779889801
|-end|p2a: Kingambit|fallen2|[silent]
|switch|p2a: Walking Wake|Walking Wake|100/100
|-activate|p2a: Walking Wake|ability: Protosynthesis
|-start|p2a: Walking Wake|protosynthesisspe
|move|p1a: Ting-Lu|Rest|p1a: Ting-Lu
|-status|p1a: Ting-Lu|slp|[from] move: Rest
|-heal|p1a: Ting-Lu|100/100 slp|[silent]
|
|-weather|none
|-end|p2a: Walking Wake|Protosynthesis
|upkeep
|turn|13
|
|t:|1779889809
|-end|p2a: Walking Wake|Protosynthesis|[silent]
|switch|p2a: Ninetales|Ninetales, F|17/100
|-weather|SunnyDay|[from] ability: Drought|[of] p2a: Ninetales
|switch|p1a: Corviknight|Corviknight, M|100/100
|-ability|p1a: Corviknight|Pressure
|
|-weather|SunnyDay|[upkeep]
|upkeep
|turn|14
|
|t:|1779889816
|switch|p1a: Cinderace|Cinderace, M|100/100
|move|p2a: Ninetales|Weather Ball|p1a: Cinderace
|-resisted|p1a: Cinderace
|-damage|p1a: Cinderace|76/100
|
|-weather|SunnyDay|[upkeep]
|upkeep
|turn|15
|
|t:|1779889825
|move|p1a: Cinderace|Pyro Ball|p2a: Ninetales
|-resisted|p2a: Ninetales
|-damage|p2a: Ninetales|0 fnt
|faint|p2a: Ninetales
|
|-weather|SunnyDay|[upkeep]
|upkeep
|
|t:|1779889828
|switch|p2a: Walking Wake|Walking Wake|100/100
|-activate|p2a: Walking Wake|ability: Protosynthesis
|-start|p2a: Walking Wake|protosynthesisspe
|turn|16
|
|t:|1779889835
|move|p2a: Walking Wake|Hydro Steam|p1a: Cinderace
|-supereffective|p1a: Cinderace
|-damage|p1a: Cinderace|0 fnt
|faint|p1a: Cinderace
|
|-weather|SunnyDay|[upkeep]
|upkeep
|
|t:|1779889842
|switch|p1a: Dondozo|Dondozo, F|32/100
|turn|17
|
|t:|1779889850
|move|p2a: Walking Wake|Draco Meteor|p1a: Dondozo|[miss]
|-miss|p2a: Walking Wake|p1a: Dondozo
|move|p1a: Dondozo|Rest|p1a: Dondozo
|-status|p1a: Dondozo|slp|[from] move: Rest
|-heal|p1a: Dondozo|100/100 slp|[silent]
|
|-weather|SunnyDay|[upkeep]
|upkeep
|turn|18
|
|t:|1779889856
|-end|p2a: Walking Wake|Protosynthesis|[silent]
|switch|p2a: Venusaur|Venusaur, F|100/100
|cant|p1a: Dondozo|slp
|
|-weather|SunnyDay|[upkeep]
|upkeep
|turn|19
|
|t:|1779889865
|move|p2a: Venusaur|Growth|p2a: Venusaur
|-boost|p2a: Venusaur|atk|2
|-boost|p2a: Venusaur|spa|2
|cant|p1a: Dondozo|slp
|
|-weather|SunnyDay|[upkeep]
|upkeep
|turn|20
|
|t:|1779889869
|move|p2a: Venusaur|Giga Drain|p1a: Dondozo
|-supereffective|p1a: Dondozo
|-damage|p1a: Dondozo|44/100 slp
|-damage|p2a: Venusaur|91/100|[from] item: Life Orb
|-curestatus|p1a: Dondozo|slp|[msg]
|move|p1a: Dondozo|Waterfall|p2a: Venusaur
|-resisted|p2a: Venusaur
|-damage|p2a: Venusaur|82/100
|
|-weather|none
|-heal|p1a: Dondozo|50/100|[from] item: Leftovers
|upkeep
|turn|21
|
|t:|1779889876
|switch|p1a: Corviknight|Corviknight, M|100/100
|-ability|p1a: Corviknight|Pressure
|move|p2a: Venusaur|Giga Drain|p1a: Corviknight
|-resisted|p1a: Corviknight
|-damage|p1a: Corviknight|79/100
|-heal|p2a: Venusaur|96/100|[from] drain|[of] p1a: Corviknight
|-damage|p2a: Venusaur|86/100|[from] item: Life Orb
|
|upkeep
|turn|22
|
|t:|1779889904
|move|p2a: Venusaur|Giga Drain|p1a: Corviknight
|-resisted|p1a: Corviknight
|-damage|p1a: Corviknight|58/100
|-heal|p2a: Venusaur|99/100|[from] drain|[of] p1a: Corviknight
|-damage|p2a: Venusaur|90/100|[from] item: Life Orb
|move|p1a: Corviknight|Brave Bird|p2a: Venusaur
|-supereffective|p2a: Venusaur
|-damage|p2a: Venusaur|0 fnt
|faint|p2a: Venusaur
|-damage|p1a: Corviknight|36/100|[from] Recoil
|
|upkeep
|
|t:|1779889909
|switch|p2a: Walking Wake|Walking Wake|100/100
|turn|23
|
|t:|1779889913
|move|p2a: Walking Wake|Flamethrower|p1a: Corviknight
|-supereffective|p1a: Corviknight
|-damage|p1a: Corviknight|0 fnt
|faint|p1a: Corviknight
|
|upkeep
|
|t:|1779889918
|switch|p1a: Slowking|Slowking-Galar, F|100/100
|turn|24
|
|t:|1779889927
|move|p2a: Walking Wake|Hydro Steam|p1a: Slowking
|-damage|p1a: Slowking|66/100
|-prepare|p1a: Slowking|Chilly Reception|[premajor]
|move|p1a: Slowking|Chilly Reception|p1a: Slowking
|-weather|Snowscape
|
|t:|1779889938
|switch|p1a: Dondozo|Dondozo, F|50/100|[from] Chilly Reception
|
|-weather|Snowscape|[upkeep]
|-heal|p1a: Dondozo|57/100|[from] item: Leftovers
|upkeep
|turn|25
|
|t:|1779889946
|move|p2a: Walking Wake|Draco Meteor|p1a: Dondozo
|-damage|p1a: Dondozo|6/100
|-unboost|p2a: Walking Wake|spa|2
|move|p1a: Dondozo|Rest|p1a: Dondozo
|-status|p1a: Dondozo|slp|[from] move: Rest
|-heal|p1a: Dondozo|100/100 slp|[silent]
|
|-weather|Snowscape|[upkeep]
|upkeep
|turn|26
|
|t:|1779889955
|-end|p2a: Walking Wake|Protosynthesis|[silent]
|switch|p2a: Kingambit|Kingambit, F|100/100
|-activate|p2a: Kingambit|ability: Supreme Overlord
|-start|p2a: Kingambit|fallen4|[silent]
|-item|p2a: Kingambit|Air Balloon
|cant|p1a: Dondozo|slp
|
|-weather|Snowscape|[upkeep]
|upkeep
|turn|27
|
|t:|1779889961
|move|p2a: Kingambit|Swords Dance|p2a: Kingambit
|-boost|p2a: Kingambit|atk|2
|cant|p1a: Dondozo|slp
|
|-weather|Snowscape|[upkeep]
|upkeep
|turn|28
|
|t:|1779889971
|move|p2a: Kingambit|Kowtow Cleave|p1a: Dondozo
|-damage|p1a: Dondozo|55/100 slp
|-curestatus|p1a: Dondozo|slp|[msg]
|move|p1a: Dondozo|Body Press|p2a: Kingambit
|-supereffective|p2a: Kingambit
|-crit|p2a: Kingambit
|-damage|p2a: Kingambit|2/100
|-enditem|p2a: Kingambit|Air Balloon
|
|-weather|none
|-heal|p1a: Dondozo|61/100|[from] item: Leftovers
|upkeep
|turn|29
|
|t:|1779889986
|-terastallize|p2a: Kingambit|Ghost
|move|p2a: Kingambit|Swords Dance|p2a: Kingambit
|-boost|p2a: Kingambit|atk|2
|move|p1a: Dondozo|Waterfall|p2a: Kingambit
|-crit|p2a: Kingambit
|-damage|p2a: Kingambit|0 fnt
|faint|p2a: Kingambit
|-end|p2a: Kingambit|fallen4|[silent]
|
|-heal|p1a: Dondozo|67/100|[from] item: Leftovers
|upkeep
|
|t:|1779889991
|switch|p2a: Walking Wake|Walking Wake|100/100
|turn|30
|-message|ast6969 forfeited.
|
|win|claudechamp
|raw|claudechamp's rating: 1188 &rarr; <strong>1209</strong><br />(+21 for winning)
|raw|ast6969's rating: 1127 &rarr; <strong>1106</strong><br />(-21 for losing)
|l|☆ast6969
|player|p2|
|c|☆claudechamp|gg
