|j|☆JINGSHANGQING
|j|☆baansodboi
|t:|1779871424
|gametype|singles
|player|p1|JINGSHANGQING|265|1132
|player|p2|baansodboi|265|1192
|gen|9
|tier|[Gen 9] OU
|rated|
|rule|HP Percentage Mod: HP is shown in percentages
|rule|Endless Battle Clause: Forcing endless battles is banned
|rule|Species Clause: Limit one of each Pokémon
|rule|OHKO Clause: OHKO moves are banned
|rule|Evasion Items Clause: Evasion items are banned
|rule|Evasion Moves Clause: Evasion moves are banned
|rule|Evasion Abilities Clause: Evasion abilities are banned
|rule|Sleep Moves Clause: Sleep-inducing moves are banned
|clearpoke
|poke|p1|Pelipper, F|
|poke|p1|Tornadus-Therian, M|
|poke|p1|Barraskewda, M|
|poke|p1|Zapdos|
|poke|p1|Kingdra, F|
|poke|p1|Greninja-*, M|
|poke|p2|Drifblim, M|
|poke|p2|Pincurchin, M|
|poke|p2|Grimmsnarl, M|
|poke|p2|Raichu-Alola, M|
|poke|p2|Haxorus, M|
|poke|p2|Corviknight, M|
|teampreview
|
|t:|1779871436
|teamsize|p1|6
|teamsize|p2|6
|start
|switch|p1a: Pelipper|Pelipper, F, shiny|100/100
|switch|p2a: Raichu|Raichu-Alola, M, shiny|100/100
|-weather|RainDance|[from] ability: Drizzle|[of] p1a: Pelipper
|turn|1
|
|t:|1779871452
|switch|p1a: Zapdos|Zapdos, shiny|100/100
|move|p2a: Raichu|Thunderbolt|p1a: Zapdos
|-damage|p1a: Zapdos|49/100
|
|-weather|RainDance|[upkeep]
|upkeep
|turn|2
|
|t:|1779871462
|move|p1a: Zapdos|Ancient Power|p2a: Raichu
|-damage|p2a: Raichu|59/100
|-damage|p1a: Zapdos|39/100|[from] item: Life Orb
|move|p2a: Raichu|Thunderbolt|p1a: Zapdos
|-damage|p1a: Zapdos|0 fnt
|faint|p1a: Zapdos
|
|-weather|RainDance|[upkeep]
|upkeep
|
|t:|1779871469
|switch|p1a: Barraskewda|Barraskewda, M, shiny|100/100
|turn|3
|
|t:|1779871491
|switch|p2a: Corviknight|Corviknight, M, shiny|100/100
|move|p1a: Barraskewda|Liquidation|p2a: Corviknight
|-damage|p2a: Corviknight|27/100
|-damage|p1a: Barraskewda|84/100|[from] item: Rocky Helmet|[of] p2a: Corviknight
|
|-weather|RainDance|[upkeep]
|upkeep
|turn|4
|
|t:|1779871501
|move|p1a: Barraskewda|Liquidation|p2a: Corviknight
|-crit|p2a: Corviknight
|-damage|p2a: Corviknight|0 fnt
|-damage|p1a: Barraskewda|68/100|[from] item: Rocky Helmet|[of] p2a: Corviknight
|faint|p2a: Corviknight
|
|-weather|RainDance|[upkeep]
|upkeep
|
|t:|1779871509
|switch|p2a: Haxorus|Haxorus, M, shiny|100/100
|-ability|p2a: Haxorus|Mold Breaker
|turn|5
|
|t:|1779871516
|switch|p1a: Tornadus|Tornadus-Therian, M, shiny|100/100
|move|p2a: Haxorus|First Impression|p1a: Tornadus
|-resisted|p1a: Tornadus
|-damage|p1a: Tornadus|79/100
|
|-weather|RainDance|[upkeep]
|upkeep
|turn|6
|inactive|Battle timer is ON: inactive players will automatically lose when time's up. (requested by baansodboi)
|
|t:|1779871535
|switch|p2a: Pincurchin|Pincurchin, M, shiny|100/100
|-fieldstart|move: Electric Terrain|[from] ability: Electric Surge|[of] p2a: Pincurchin
|move|p1a: Tornadus|Hurricane|p2a: Pincurchin
|-resisted|p2a: Pincurchin
|-damage|p2a: Pincurchin|55/100
|
|-weather|RainDance|[upkeep]
|upkeep
|turn|7
|
|t:|1779871549
|switch|p1a: Kingdra|Kingdra, F|100/100
|move|p2a: Pincurchin|Supercell Slam|p1a: Kingdra
|-damage|p1a: Kingdra|22/100
|
|-weather|RainDance|[upkeep]
|upkeep
|turn|8
|
|t:|1779871558
|move|p2a: Pincurchin|Sucker Punch|p1a: Kingdra
|-crit|p1a: Kingdra
|-damage|p1a: Kingdra|0 fnt
|faint|p1a: Kingdra
|
|-weather|none
|upkeep
|
|t:|1779871561
|switch|p1a: Pelipper|Pelipper, F, shiny|100/100
|-weather|RainDance|[from] ability: Drizzle|[of] p1a: Pelipper
|turn|9
|
|t:|1779871581
|switch|p1a: Tornadus|Tornadus-Therian, M, shiny|100/100
|move|p2a: Pincurchin|Thunder Wave|p1a: Tornadus
|-status|p1a: Tornadus|par
|
|-weather|RainDance|[upkeep]
|upkeep
|turn|10
|
|t:|1779871592
|switch|p2a: Raichu|Raichu-Alola, M, shiny|59/100
|move|p1a: Tornadus|Weather Ball|p2a: Raichu
|-damage|p2a: Raichu|0 fnt
|faint|p2a: Raichu
|
|-weather|RainDance|[upkeep]
|upkeep
|
|t:|1779871603
|switch|p2a: Grimmsnarl|Grimmsnarl, M, shiny|100/100
|turn|11
|
|t:|1779871612
|switch|p1a: Barraskewda|Barraskewda, M, shiny|68/100
|move|p2a: Grimmsnarl|Bulk Up|p2a: Grimmsnarl
|-boost|p2a: Grimmsnarl|atk|1
|-boost|p2a: Grimmsnarl|def|1
|
|-weather|RainDance|[upkeep]
|upkeep
|turn|12
|
|t:|1779871621
|move|p2a: Grimmsnarl|Sucker Punch|p1a: Barraskewda
|-damage|p1a: Barraskewda|0 fnt
|faint|p1a: Barraskewda
|
|-weather|RainDance|[upkeep]
|upkeep
|
|t:|1779871626
|switch|p1a: Pelipper|Pelipper, F, shiny|100/100
|turn|13
|
|t:|1779871635
|-terastallize|p1a: Pelipper|Water
|move|p1a: Pelipper|Weather Ball|p2a: Grimmsnarl
|-damage|p2a: Grimmsnarl|17/100
|move|p2a: Grimmsnarl|Spirit Break|p1a: Pelipper
|-damage|p1a: Pelipper|26/100
|-unboost|p1a: Pelipper|spa|1
|
|-weather|RainDance|[upkeep]
|-fieldend|move: Electric Terrain
|upkeep
|turn|14
|
|t:|1779871647
|move|p2a: Grimmsnarl|Sucker Punch|p1a: Pelipper
|-damage|p1a: Pelipper|0 fnt
|faint|p1a: Pelipper
|
|-weather|RainDance|[upkeep]
|upkeep
|
|t:|1779871653
|switch|p1a: Greninja|Greninja, M|100/100
|turn|15
|
|t:|1779871681
|move|p1a: Greninja|Water Shuriken|p2a: Grimmsnarl
|-damage|p2a: Grimmsnarl|3/100
|-damage|p2a: Grimmsnarl|0 fnt
|faint|p2a: Grimmsnarl
|-ability|p1a: Greninja|Battle Bond|boost
|-boost|p1a: Greninja|atk|1
|-boost|p1a: Greninja|spa|1
|-boost|p1a: Greninja|spe|1
|-activate|p1a: Greninja|ability: Battle Bond
|-hitcount|p2: Grimmsnarl|2
|-damage|p1a: Greninja|91/100|[from] item: Life Orb
|
|-weather|RainDance|[upkeep]
|upkeep
|inactive|baansodboi has 120 seconds left.
|
|t:|1779871693
|switch|p2a: Haxorus|Haxorus, M, shiny|100/100
|-ability|p2a: Haxorus|Mold Breaker
|turn|16
|
|t:|1779871707
|move|p2a: Haxorus|First Impression|p1a: Greninja
|-supereffective|p1a: Greninja
|-damage|p1a: Greninja|0 fnt
|faint|p1a: Greninja
|
|-weather|none
|upkeep
|
|t:|1779871711
|switch|p1a: Tornadus|Tornadus-Therian, M, shiny|100/100 par
|turn|17
|-message|JINGSHANGQING forfeited.
|
|win|baansodboi
|raw|JINGSHANGQING's rating: 1132 &rarr; <strong>1111</strong><br />(-21 for losing)
|raw|baansodboi's rating: 1192 &rarr; <strong>1213</strong><br />(+21 for winning)
|l|☆JINGSHANGQING
|player|p1|
|l|☆baansodboi
|player|p2|
