|j|☆winningisearned
|j|☆Kinjoshi
|t:|1779908234
|gametype|singles
|player|p1|winningisearned|170|1207
|player|p2|Kinjoshi|burglar|1151
|gen|9
|tier|[Gen 9] OU
|rated|
|rule|HP Percentage Mod: HP is shown in percentages
|rule|Endless Battle Clause: Forcing endless battles is banned
|rule|Species Clause: Limit one of each Pokémon
|rule|OHKO Clause: OHKO moves are banned
|rule|Evasion Items Clause: Evasion items are banned
|rule|Evasion Moves Clause: Evasion moves are banned
|rule|Evasion Abilities Clause: Evasion abilities are banned
|rule|Sleep Moves Clause: Sleep-inducing moves are banned
|clearpoke
|poke|p1|Umbreon, F|
|poke|p1|Porygon-Z|
|poke|p1|Staraptor, M|
|poke|p1|Cresselia, F|
|poke|p1|Scizor, M|
|poke|p1|Gyarados, M|
|poke|p2|Weezing-Galar, F|
|poke|p2|Alomomola, M|
|poke|p2|Noivern, M|
|poke|p2|Garganacl, F|
|poke|p2|Zarude-Dada|
|poke|p2|Mimikyu, M|
|teampreview
|inactive|Battle timer is ON: inactive players will automatically lose when time's up. (requested by Kinjoshi)
|
|t:|1779908241
|teamsize|p1|6
|teamsize|p2|6
|start
|switch|p1a: Cresselia|Cresselia, F, shiny|100/100
|switch|p2a: Noivern|Noivern, M|100/100
|-item|p1a: Cresselia|Light Clay|[from] ability: Frisk|[of] p2a: Noivern
|turn|1
|
|t:|1779908253
|move|p2a: Noivern|Switcheroo|p1a: Cresselia
|-activate|p2a: Noivern|move: Trick|[of] p1a: Cresselia
|-item|p1a: Cresselia|Choice Scarf|[from] move: Switcheroo
|-item|p2a: Noivern|Light Clay|[from] move: Switcheroo
|move|p1a: Cresselia|Thunder Wave|p2a: Noivern
|-status|p2a: Noivern|par
|
|upkeep
|turn|2
|
|t:|1779908282
|switch|p1a: Umbreon|Umbreon, F, shiny|100/100
|move|p2a: Noivern|Super Fang|p1a: Umbreon|[miss]
|-miss|p2a: Noivern|p1a: Umbreon
|
|upkeep
|turn|3
|
|t:|1779908290
|cant|p2a: Noivern|par
|move|p1a: Umbreon|Foul Play|p2a: Noivern
|-damage|p2a: Noivern|71/100 par
|
|upkeep
|turn|4
|
|t:|1779908296
|move|p2a: Noivern|U-turn|p1a: Umbreon
|-supereffective|p1a: Umbreon
|-damage|p1a: Umbreon|83/100
|
|t:|1779908300
|switch|p2a: Weezing|Weezing-Galar, F|100/100|[from] U-turn
|-ability|p2a: Weezing|Neutralizing Gas
|move|p1a: Umbreon|Foul Play|p2a: Weezing
|-resisted|p2a: Weezing
|-damage|p2a: Weezing|91/100
|
|-heal|p1a: Umbreon|89/100|[from] item: Leftovers
|-heal|p2a: Weezing|97/100|[from] item: Black Sludge
|upkeep
|turn|5
|
|t:|1779908312
|move|p1a: Umbreon|Protect|p1a: Umbreon
|-singleturn|p1a: Umbreon|Protect
|move|p2a: Weezing|Will-O-Wisp|p1a: Umbreon
|-activate|p1a: Umbreon|move: Protect
|
|-heal|p1a: Umbreon|95/100|[from] item: Leftovers
|-heal|p2a: Weezing|100/100|[from] item: Black Sludge
|upkeep
|turn|6
|
|t:|1779908328
|switch|p1a: Scizor|Scizor, M, shiny|100/100
|move|p2a: Weezing|Will-O-Wisp|p1a: Scizor
|-status|p1a: Scizor|brn
|
|-damage|p1a: Scizor|94/100 brn|[from] brn
|upkeep
|turn|7
|
|t:|1779908346
|-end|p2a: Weezing|ability: Neutralizing Gas
|switch|p2a: Alomomola|Alomomola, M|100/100
|move|p1a: Scizor|Swords Dance|p1a: Scizor
|-boost|p1a: Scizor|atk|2
|
|-damage|p1a: Scizor|88/100 brn|[from] brn
|upkeep
|turn|8
|
|t:|1779908358
|move|p1a: Scizor|Bug Bite|p2a: Alomomola
|-damage|p2a: Alomomola|59/100
|-damage|p1a: Scizor|78/100 brn|[from] item: Life Orb
|move|p2a: Alomomola|Wish|p2a: Alomomola
|
|-damage|p1a: Scizor|72/100 brn|[from] brn
|upkeep
|turn|9
|
|t:|1779908369
|move|p1a: Scizor|Bullet Punch|p2a: Alomomola
|-resisted|p2a: Alomomola
|-damage|p2a: Alomomola|46/100
|-damage|p1a: Scizor|62/100 brn|[from] item: Life Orb
|move|p2a: Alomomola|Flip Turn|p1a: Scizor
|-damage|p1a: Scizor|46/100 brn
|
|t:|1779908380
|switch|p2a: Zarude|Zarude-Dada|100/100|[from] Flip Turn
|
|-damage|p1a: Scizor|39/100 brn|[from] brn
|upkeep
|turn|10
|
|t:|1779908396
|-terastallize|p2a: Zarude|Poison
|move|p1a: Scizor|Bullet Punch|p2a: Zarude
|-damage|p2a: Zarude|63/100
|-damage|p1a: Scizor|30/100 brn|[from] item: Life Orb
|move|p2a: Zarude|Bulk Up|p2a: Zarude
|-boost|p2a: Zarude|atk|1
|-boost|p2a: Zarude|def|1
|
|-heal|p2a: Zarude|69/100|[from] item: Leftovers
|-damage|p1a: Scizor|23/100 brn|[from] brn
|upkeep
|turn|11
|
|t:|1779908410
|move|p1a: Scizor|Quick Attack|p2a: Zarude
|-damage|p2a: Zarude|53/100
|-damage|p1a: Scizor|14/100 brn|[from] item: Life Orb
|move|p2a: Zarude|Bulk Up|p2a: Zarude
|-boost|p2a: Zarude|atk|1
|-boost|p2a: Zarude|def|1
|
|-heal|p2a: Zarude|59/100|[from] item: Leftovers
|-damage|p1a: Scizor|7/100 brn|[from] brn
|upkeep
|turn|12
|
|t:|1779908421
|move|p1a: Scizor|Bullet Punch|p2a: Zarude
|-damage|p2a: Zarude|41/100
|-damage|p1a: Scizor|0 fnt|[from] item: Life Orb
|faint|p1a: Scizor
|move|p2a: Zarude|Jungle Healing|p2a: Zarude
|-heal|p2a: Zarude|66/100
|
|-heal|p2a: Zarude|72/100|[from] item: Leftovers
|upkeep
|
|t:|1779908431
|switch|p1a: Staraptor|Staraptor, M, shiny|100/100
|turn|13
|inactive|winningisearned has 120 seconds left.
|
|t:|1779908478
|switch|p1a: Cresselia|Cresselia, F, shiny|100/100
|move|p2a: Zarude|Knock Off|p1a: Cresselia
|-supereffective|p1a: Cresselia
|-damage|p1a: Cresselia|1/100
|-enditem|p1a: Cresselia|Choice Scarf|[from] move: Knock Off|[of] p2a: Zarude
|
|-heal|p2a: Zarude|78/100|[from] item: Leftovers
|upkeep
|turn|14
|
|t:|1779908489
|move|p2a: Zarude|Knock Off|p1a: Cresselia
|-supereffective|p1a: Cresselia
|-damage|p1a: Cresselia|0 fnt
|faint|p1a: Cresselia
|
|-heal|p2a: Zarude|84/100|[from] item: Leftovers
|upkeep
|
|t:|1779908504
|switch|p1a: Umbreon|Umbreon, F, shiny|95/100
|turn|15
|
|t:|1779908510
|move|p2a: Zarude|Power Whip|p1a: Umbreon
|-damage|p1a: Umbreon|3/100
|move|p1a: Umbreon|Foul Play|p2a: Zarude
|-damage|p2a: Zarude|42/100
|
|-heal|p2a: Zarude|48/100|[from] item: Leftovers
|-heal|p1a: Umbreon|9/100|[from] item: Leftovers
|upkeep
|turn|16
|
|t:|1779908520
|move|p2a: Zarude|Knock Off|p1a: Umbreon
|-resisted|p1a: Umbreon
|-damage|p1a: Umbreon|0 fnt
|-enditem|p1a: Umbreon|Leftovers|[from] move: Knock Off|[of] p2a: Zarude
|faint|p1a: Umbreon
|
|-heal|p2a: Zarude|54/100|[from] item: Leftovers
|upkeep
|
|t:|1779908527
|switch|p1a: Porygon-Z|Porygon-Z, shiny|100/100
|turn|17
|inactive|winningisearned has 120 seconds left.
|
|t:|1779908540
|-terastallize|p1a: Porygon-Z|Ghost
|move|p2a: Zarude|Power Whip|p1a: Porygon-Z
|-damage|p1a: Porygon-Z|0 fnt
|faint|p1a: Porygon-Z
|
|-heal|p2a: Zarude|60/100|[from] item: Leftovers
|upkeep
|-message|winningisearned forfeited.
|
|win|Kinjoshi
|raw|winningisearned's rating: 1207 &rarr; <strong>1178</strong><br />(-29 for losing)
|raw|Kinjoshi's rating: 1151 &rarr; <strong>1180</strong><br />(+29 for winning)
|l|☆winningisearned
|player|p1|
|l|☆Kinjoshi
|player|p2|
