|j|☆Phoenix434
|j|☆PandaToTo
|t:|1779946079
|gametype|singles
|player|p1|Phoenix434|steven|1084
|player|p2|PandaToTo|2|1081
|gen|9
|tier|[Gen 9] OU
|rated|
|rule|HP Percentage Mod: HP is shown in percentages
|rule|Endless Battle Clause: Forcing endless battles is banned
|rule|Species Clause: Limit one of each Pokémon
|rule|OHKO Clause: OHKO moves are banned
|rule|Evasion Items Clause: Evasion items are banned
|rule|Evasion Moves Clause: Evasion moves are banned
|rule|Evasion Abilities Clause: Evasion abilities are banned
|rule|Sleep Moves Clause: Sleep-inducing moves are banned
|clearpoke
|poke|p1|Dragonite, F|
|poke|p1|Alomomola, M|
|poke|p1|Heatran, F|
|poke|p1|Clefable, M|
|poke|p1|Iron Hands|
|poke|p1|Iron Treads|
|poke|p2|Vaporeon, M|
|poke|p2|Meowscarada, F|
|poke|p2|Talonflame, M|
|poke|p2|Clodsire, F|
|poke|p2|Lucario, F|
|poke|p2|Froslass, F|
|teampreview
|
|t:|1779946100
|teamsize|p1|6
|teamsize|p2|6
|start
|switch|p1a: Clefable|Clefable, M|100/100
|switch|p2a: Lucario|Lucario, F|100/100
|turn|1
|
|t:|1779946109
|move|p2a: Lucario|Nasty Plot|p2a: Lucario
|-boost|p2a: Lucario|spa|2
|move|p1a: Clefable|Thunder Wave|p2a: Lucario
|-status|p2a: Lucario|par
|
|upkeep
|turn|2
|
|t:|1779946124
|move|p1a: Clefable|Calm Mind|p1a: Clefable
|-boost|p1a: Clefable|spa|1
|-boost|p1a: Clefable|spd|1
|move|p2a: Lucario|Steel Beam|p1a: Clefable
|-supereffective|p1a: Clefable
|-damage|p1a: Clefable|21/100
|-damage|p2a: Lucario|50/100 par|[from] steelbeam
|
|upkeep
|turn|3
|
|t:|1779946141
|switch|p1a: Heatran|Heatran, F|100/100
|cant|p2a: Lucario|par
|
|upkeep
|turn|4
|
|t:|1779946149
|move|p2a: Lucario|Vacuum Wave|p1a: Heatran
|-supereffective|p1a: Heatran
|-damage|p1a: Heatran|52/100
|move|p1a: Heatran|Stealth Rock|p2a: Lucario
|-sidestart|p2: PandaToTo|move: Stealth Rock
|
|-heal|p1a: Heatran|59/100|[from] item: Leftovers
|upkeep
|turn|5
|
|t:|1779946157
|move|p2a: Lucario|Vacuum Wave|p1a: Heatran
|-supereffective|p1a: Heatran
|-damage|p1a: Heatran|7/100
|move|p1a: Heatran|Earth Power|p2a: Lucario
|-supereffective|p2a: Lucario
|-damage|p2a: Lucario|0 fnt
|faint|p2a: Lucario
|
|-heal|p1a: Heatran|13/100|[from] item: Leftovers
|upkeep
|
|t:|1779946169
|switch|p2a: Talonflame|Talonflame, M|100/100
|turn|6
|
|t:|1779946182
|switch|p1a: Alomomola|Alomomola, M|100/100
|move|p2a: Talonflame|Defog|p1a: Alomomola
|-unboost|p1a: Alomomola|evasion|1
|-sideend|p2: PandaToTo|Stealth Rock|[from] move: Defog|[of] p2a: Talonflame
|
|upkeep
|turn|7
|
|t:|1779946205
|switch|p2a: Vaporeon|Vaporeon, M|100/100
|move|p1a: Alomomola|Whirlpool|p2a: Vaporeon
|-immune|p2a: Vaporeon|[from] ability: Water Absorb
|
|upkeep
|turn|8
|
|t:|1779946216
|move|p2a: Vaporeon|Scald|p1a: Alomomola
|-resisted|p1a: Alomomola
|-damage|p1a: Alomomola|82/100
|-status|p1a: Alomomola|brn
|move|p1a: Alomomola|Wish|p1a: Alomomola
|
|-damage|p1a: Alomomola|76/100 brn|[from] brn
|upkeep
|turn|9
|
|t:|1779946235
|switch|p1a: Clefable|Clefable, M|21/100
|move|p2a: Vaporeon|Scald|p1a: Clefable
|-damage|p1a: Clefable|0 fnt
|faint|p1a: Clefable
|
|upkeep
|
|t:|1779946254
|switch|p1a: Iron Hands|Iron Hands|100/100
|turn|10
|
|t:|1779946258
|move|p2a: Vaporeon|Protect|p2a: Vaporeon
|-singleturn|p2a: Vaporeon|Protect
|move|p1a: Iron Hands|Swords Dance|p1a: Iron Hands
|-boost|p1a: Iron Hands|atk|2
|
|upkeep
|turn|11
|
|t:|1779946273
|switch|p2a: Clodsire|Clodsire, F|100/100
|move|p1a: Iron Hands|Thunder Punch|p2a: Clodsire
|-immune|p2a: Clodsire
|
|upkeep
|turn|12
|
|t:|1779946282
|move|p1a: Iron Hands|Earthquake|p2a: Clodsire
|-supereffective|p2a: Clodsire
|-damage|p2a: Clodsire|23/100
|move|p2a: Clodsire|Earthquake|p1a: Iron Hands
|-supereffective|p1a: Iron Hands
|-damage|p1a: Iron Hands|51/100
|
|-heal|p1a: Iron Hands|57/100|[from] item: Leftovers
|-heal|p2a: Clodsire|29/100|[from] item: Black Sludge
|upkeep
|turn|13
|
|t:|1779946294
|switch|p2a: Talonflame|Talonflame, M|100/100
|move|p1a: Iron Hands|Earthquake|p2a: Talonflame
|-immune|p2a: Talonflame
|
|-heal|p1a: Iron Hands|63/100|[from] item: Leftovers
|upkeep
|turn|14
|
|t:|1779946303
|move|p2a: Talonflame|Brave Bird|p1a: Iron Hands
|-damage|p1a: Iron Hands|28/100
|-damage|p2a: Talonflame|82/100|[from] Recoil
|move|p1a: Iron Hands|Thunder Punch|p2a: Talonflame
|-supereffective|p2a: Talonflame
|-damage|p2a: Talonflame|0 fnt
|faint|p2a: Talonflame
|
|-heal|p1a: Iron Hands|34/100|[from] item: Leftovers
|upkeep
|
|t:|1779946325
|switch|p2a: Froslass|Froslass, F|100/100
|turn|15
|
|t:|1779946342
|-end|p1a: Iron Hands|Quark Drive|[silent]
|switch|p1a: Dragonite|Dragonite, F|100/100
|move|p2a: Froslass|Ice Beam|p1a: Dragonite
|-supereffective|p1a: Dragonite
|-damage|p1a: Dragonite|22/100
|
|upkeep
|turn|16
|
|t:|1779946350
|switch|p1a: Alomomola|Alomomola, M|100/100 brn
|move|p2a: Froslass|Ice Shard|p1a: Alomomola
|-resisted|p1a: Alomomola
|-damage|p1a: Alomomola|97/100 brn
|
|-damage|p1a: Alomomola|91/100 brn|[from] brn
|upkeep
|turn|17
|
|t:|1779946363
|move|p2a: Froslass|Hex|p1a: Alomomola
|-damage|p1a: Alomomola|39/100 brn
|move|p1a: Alomomola|Whirlpool|p2a: Froslass|[miss]
|-miss|p1a: Alomomola|p2a: Froslass
|
|-damage|p1a: Alomomola|33/100 brn|[from] brn
|upkeep
|turn|18
|
|t:|1779946371
|move|p1a: Alomomola|Protect|p1a: Alomomola
|-singleturn|p1a: Alomomola|Protect
|move|p2a: Froslass|Hex|p1a: Alomomola
|-activate|p1a: Alomomola|move: Protect
|
|-damage|p1a: Alomomola|27/100 brn|[from] brn
|upkeep
|turn|19
|
|t:|1779946380
|switch|p1a: Iron Treads|Iron Treads|100/100
|move|p2a: Froslass|Hex|p1a: Iron Treads
|-damage|p1a: Iron Treads|63/100
|
|-heal|p1a: Iron Treads|69/100|[from] item: Leftovers
|upkeep
|turn|20
|
|t:|1779946390
|switch|p2a: Clodsire|Clodsire, F|29/100
|move|p1a: Iron Treads|Knock Off|p2a: Clodsire
|-damage|p2a: Clodsire|0 fnt
|-enditem|p2a: Clodsire|Black Sludge|[from] move: Knock Off|[of] p1a: Iron Treads
|faint|p2a: Clodsire
|
|-heal|p1a: Iron Treads|76/100|[from] item: Leftovers
|upkeep
|
|t:|1779946401
|switch|p2a: Vaporeon|Vaporeon, M|100/100
|turn|21
|
|t:|1779946420
|-end|p1a: Iron Treads|Quark Drive|[silent]
|switch|p1a: Heatran|Heatran, F|13/100
|move|p2a: Vaporeon|Scald|p1a: Heatran
|-supereffective|p1a: Heatran
|-damage|p1a: Heatran|0 fnt
|faint|p1a: Heatran
|
|upkeep
|
|t:|1779946422
|switch|p1a: Dragonite|Dragonite, F|22/100
|turn|22
|
|t:|1779946438
|move|p1a: Dragonite|Extreme Speed|p2a: Vaporeon
|-damage|p2a: Vaporeon|74/100
|move|p2a: Vaporeon|Scald|p1a: Dragonite
|-resisted|p1a: Dragonite
|-damage|p1a: Dragonite|2/100
|
|-heal|p2a: Vaporeon|80/100|[from] item: Leftovers
|upkeep
|turn|23
|
|t:|1779946450
|move|p1a: Dragonite|Extreme Speed|p2a: Vaporeon
|-damage|p2a: Vaporeon|55/100
|move|p2a: Vaporeon|Wish|p2a: Vaporeon
|
|-heal|p2a: Vaporeon|61/100|[from] item: Leftovers
|upkeep
|turn|24
|
|t:|1779946460
|move|p1a: Dragonite|Dragon Dance|p1a: Dragonite
|-boost|p1a: Dragonite|atk|1
|-boost|p1a: Dragonite|spe|1
|move|p2a: Vaporeon|Scald|p1a: Dragonite
|-resisted|p1a: Dragonite
|-damage|p1a: Dragonite|0 fnt
|faint|p1a: Dragonite
|
|-heal|p2a: Vaporeon|100/100|[from] move: Wish|[wisher] Vaporeon
|upkeep
|
|t:|1779946467
|switch|p1a: Iron Hands|Iron Hands|34/100
|turn|25
|
|t:|1779946477
|move|p1a: Iron Hands|Drain Punch|p2a: Vaporeon
|-damage|p2a: Vaporeon|65/100
|-heal|p1a: Iron Hands|49/100|[from] drain|[of] p2a: Vaporeon
|move|p2a: Vaporeon|Scald|p1a: Iron Hands
|-crit|p1a: Iron Hands
|-damage|p1a: Iron Hands|0 fnt
|faint|p1a: Iron Hands
|-end|p1a: Iron Hands|Quark Drive|[silent]
|
|-heal|p2a: Vaporeon|71/100|[from] item: Leftovers
|upkeep
|
|t:|1779946486
|switch|p1a: Iron Treads|Iron Treads|76/100
|turn|26
|
|t:|1779946493
|move|p2a: Vaporeon|Protect|p2a: Vaporeon
|-singleturn|p2a: Vaporeon|Protect
|move|p1a: Iron Treads|Knock Off|p2a: Vaporeon
|-activate|p2a: Vaporeon|move: Protect
|
|-heal|p1a: Iron Treads|82/100|[from] item: Leftovers
|-heal|p2a: Vaporeon|78/100|[from] item: Leftovers
|upkeep
|turn|27
|
|t:|1779946502
|move|p1a: Iron Treads|Knock Off|p2a: Vaporeon
|-damage|p2a: Vaporeon|50/100
|-enditem|p2a: Vaporeon|Leftovers|[from] move: Knock Off|[of] p1a: Iron Treads
|move|p2a: Vaporeon|Scald|p1a: Iron Treads
|-supereffective|p1a: Iron Treads
|-damage|p1a: Iron Treads|0 fnt
|faint|p1a: Iron Treads
|-end|p1a: Iron Treads|Quark Drive|[silent]
|
|upkeep
|
|t:|1779946510
|switch|p1a: Alomomola|Alomomola, M|60/100 brn
|turn|28
|
|t:|1779946514
|move|p2a: Vaporeon|Wish|p2a: Vaporeon
|move|p1a: Alomomola|Play Rough|p2a: Vaporeon
|-damage|p2a: Vaporeon|43/100
|
|-damage|p1a: Alomomola|54/100 brn|[from] brn
|upkeep
|turn|29
|-message|Phoenix434 forfeited.
|
|win|PandaToTo
|raw|Phoenix434's rating: 1084 &rarr; <strong>1061</strong><br />(-23 for losing)
|raw|PandaToTo's rating: 1081 &rarr; <strong>1109</strong><br />(+28 for winning)
|l|☆Phoenix434
|player|p1|
|l|☆PandaToTo
|player|p2|
