|j|☆typhon_27_
|j|☆whyguns?
|t:|1779972454
|gametype|singles
|player|p1|typhon_27_|ghetsis-gen5bw|1381
|player|p2|whyguns?|skierf|1325
|gen|9
|tier|[Gen 9] OU
|rated|
|rule|HP Percentage Mod: HP is shown in percentages
|rule|Endless Battle Clause: Forcing endless battles is banned
|rule|Species Clause: Limit one of each Pokémon
|rule|OHKO Clause: OHKO moves are banned
|rule|Evasion Items Clause: Evasion items are banned
|rule|Evasion Moves Clause: Evasion moves are banned
|rule|Evasion Abilities Clause: Evasion abilities are banned
|rule|Sleep Moves Clause: Sleep-inducing moves are banned
|clearpoke
|poke|p1|Cinderace, M|
|poke|p1|Darkrai|
|poke|p1|Landorus-Therian, M|
|poke|p1|Zamazenta-*|
|poke|p1|Pecharunt|
|poke|p1|Primarina, M|
|poke|p2|Samurott-Hisui, M|
|poke|p2|Haxorus, M|
|poke|p2|Gholdengo|
|poke|p2|Garchomp, F|
|poke|p2|Mandibuzz, F|
|poke|p2|Primarina, M|
|teampreview
|
|t:|1779972467
|teamsize|p1|6
|teamsize|p2|6
|start
|switch|p1a: Landorus|Landorus-Therian, M, shiny|100/100
|switch|p2a: Garchomp|Garchomp, F|100/100
|-ability|p1a: Landorus|Intimidate|boost
|-unboost|p2a: Garchomp|atk|1
|turn|1
|
|t:|1779972476
|move|p1a: Landorus|Stealth Rock|p2a: Garchomp
|-sidestart|p2: whyguns?|move: Stealth Rock
|move|p2a: Garchomp|Stealth Rock|p1a: Landorus
|-sidestart|p1: typhon_27_|move: Stealth Rock
|
|upkeep
|turn|2
|
|t:|1779972497
|switch|p1a: Pecharunt|Pecharunt|100/100
|move|p2a: Garchomp|Spikes|p1a: Pecharunt
|-sidestart|p1: typhon_27_|Spikes
|
|upkeep
|turn|3
|
|t:|1779972511
|switch|p2a: Mandibuzz|Mandibuzz, F|100/100
|move|p1a: Pecharunt|Malignant Chain|p2a: Mandibuzz
|-damage|p2a: Mandibuzz|74/100
|-status|p2a: Mandibuzz|tox
|-start|p2a: Mandibuzz|confusion|[from] ability: Poison Puppeteer|[of] p1a: Pecharunt
|
|-damage|p2a: Mandibuzz|67/100 tox|[from] psn
|upkeep
|turn|4
|
|t:|1779972522
|move|p1a: Pecharunt|Parting Shot|p2a: Mandibuzz
|-unboost|p2a: Mandibuzz|atk|1
|-unboost|p2a: Mandibuzz|spa|1
|
|t:|1779972534
|switch|p1a: Primarina|Primarina, M, shiny|100/100|[from] Parting Shot
|-activate|p2a: Mandibuzz|confusion
|move|p2a: Mandibuzz|Knock Off|p1a: Primarina
|-resisted|p1a: Primarina
|-damage|p1a: Primarina|86/100
|-enditem|p1a: Primarina|Heavy-Duty Boots|[from] move: Knock Off|[of] p2a: Mandibuzz
|
|-damage|p2a: Mandibuzz|55/100 tox|[from] psn
|upkeep
|turn|5
|
|t:|1779972549
|switch|p2a: Primarina|Primarina, M|100/100
|-damage|p2a: Primarina|88/100|[from] Stealth Rock
|move|p1a: Primarina|Moonblast|p2a: Primarina
|-damage|p2a: Primarina|52/100
|
|upkeep
|turn|6
|
|t:|1779972565
|move|p1a: Primarina|Moonblast|p2a: Primarina
|-damage|p2a: Primarina|18/100
|move|p2a: Primarina|Moonblast|p1a: Primarina
|-damage|p1a: Primarina|34/100
|
|upkeep
|turn|7
|
|t:|1779972582
|move|p2a: Primarina|Aqua Jet|p1a: Primarina
|-resisted|p1a: Primarina
|-damage|p1a: Primarina|26/100
|move|p1a: Primarina|Moonblast|p2a: Primarina
|-damage|p2a: Primarina|0 fnt
|faint|p2a: Primarina
|
|upkeep
|
|t:|1779972587
|switch|p2a: Gholdengo|Gholdengo|100/100
|-damage|p2a: Gholdengo|94/100|[from] Stealth Rock
|turn|8
|
|t:|1779972615
|move|p2a: Gholdengo|Shadow Ball|p1a: Primarina
|-damage|p1a: Primarina|0 fnt
|faint|p1a: Primarina
|
|upkeep
|
|t:|1779972624
|switch|p1a: Cinderace|Cinderace, M, shiny|100/100
|turn|9
|
|t:|1779972639
|switch|p2a: Mandibuzz|Mandibuzz, F|55/100 tox
|move|p1a: Cinderace|Low Kick|p2a: Mandibuzz
|-start|p1a: Cinderace|typechange|Fighting|[from] ability: Libero
|-damage|p2a: Mandibuzz|35/100 tox
|
|-damage|p2a: Mandibuzz|29/100 tox|[from] psn
|upkeep
|turn|10
|
|t:|1779972659
|move|p1a: Cinderace|U-turn|p2a: Mandibuzz
|-damage|p2a: Mandibuzz|15/100 tox
|
|t:|1779972669
|switch|p1a: Zamazenta|Zamazenta, shiny|100/100|[from] U-turn
|-ability|p1a: Zamazenta|Dauntless Shield|boost
|-boost|p1a: Zamazenta|def|1
|move|p2a: Mandibuzz|Roost|p2a: Mandibuzz
|-heal|p2a: Mandibuzz|65/100 tox
|-singleturn|p2a: Mandibuzz|move: Roost
|
|-damage|p2a: Mandibuzz|52/100 tox|[from] psn
|upkeep
|turn|11
|
|t:|1779972682
|move|p1a: Zamazenta|Stone Edge|p2a: Mandibuzz|[miss]
|-miss|p1a: Zamazenta|p2a: Mandibuzz
|move|p2a: Mandibuzz|U-turn|p1a: Zamazenta
|-resisted|p1a: Zamazenta
|-damage|p1a: Zamazenta|96/100
|
|t:|1779972688
|switch|p2a: Garchomp|Garchomp, F|100/100|[from] U-turn
|-damage|p2a: Garchomp|94/100|[from] Stealth Rock
|
|upkeep
|turn|12
|
|t:|1779972707
|move|p1a: Zamazenta|Crunch|p2a: Garchomp
|-damage|p2a: Garchomp|77/100
|-damage|p1a: Zamazenta|83/100|[from] ability: Rough Skin|[of] p2a: Garchomp
|-damage|p1a: Zamazenta|67/100|[from] item: Rocky Helmet|[of] p2a: Garchomp
|move|p2a: Garchomp|Dragon Tail|p1a: Zamazenta
|-damage|p1a: Zamazenta|51/100
|drag|p1a: Landorus|Landorus-Therian, M, shiny|100/100
|-damage|p1a: Landorus|88/100|[from] Stealth Rock
|-ability|p1a: Landorus|Intimidate|boost
|-unboost|p2a: Garchomp|atk|1
|
|upkeep
|turn|13
|
|t:|1779972726
|move|p1a: Landorus|Earthquake|p2a: Garchomp
|-damage|p2a: Garchomp|44/100
|move|p2a: Garchomp|Earthquake|p1a: Landorus
|-immune|p1a: Landorus
|
|upkeep
|turn|14
|
|t:|1779972734
|switch|p2a: Mandibuzz|Mandibuzz, F|52/100 tox
|move|p1a: Landorus|Earthquake|p2a: Mandibuzz
|-immune|p2a: Mandibuzz
|
|-damage|p2a: Mandibuzz|46/100 tox|[from] psn
|upkeep
|turn|15
|
|t:|1779972761
|switch|p1a: Pecharunt|Pecharunt|100/100
|move|p2a: Mandibuzz|Roost|p2a: Mandibuzz
|-heal|p2a: Mandibuzz|96/100 tox
|-singleturn|p2a: Mandibuzz|move: Roost
|
|-damage|p2a: Mandibuzz|84/100 tox|[from] psn
|upkeep
|turn|16
|
|t:|1779972771
|move|p1a: Pecharunt|Malignant Chain|p2a: Mandibuzz
|-damage|p2a: Mandibuzz|60/100 tox
|move|p2a: Mandibuzz|Knock Off|p1a: Pecharunt
|-supereffective|p1a: Pecharunt
|-damage|p1a: Pecharunt|64/100
|-enditem|p1a: Pecharunt|Heavy-Duty Boots|[from] move: Knock Off|[of] p2a: Mandibuzz
|
|-damage|p2a: Mandibuzz|42/100 tox|[from] psn
|upkeep
|turn|17
|
|t:|1779972782
|move|p1a: Pecharunt|Recover|p1a: Pecharunt
|-heal|p1a: Pecharunt|100/100
|move|p2a: Mandibuzz|U-turn|p1a: Pecharunt
|-resisted|p1a: Pecharunt
|-damage|p1a: Pecharunt|99/100
|
|t:|1779972791
|switch|p2a: Samurott|Samurott-Hisui, M|100/100|[from] U-turn
|-damage|p2a: Samurott|88/100|[from] Stealth Rock
|
|upkeep
|turn|18
|
|t:|1779972797
|move|p1a: Pecharunt|Malignant Chain|p2a: Samurott
|-damage|p2a: Samurott|45/100
|-status|p2a: Samurott|tox
|-start|p2a: Samurott|confusion|[from] ability: Poison Puppeteer|[of] p1a: Pecharunt
|-activate|p2a: Samurott|confusion
|move|p2a: Samurott|Ceaseless Edge|p1a: Pecharunt
|-supereffective|p1a: Pecharunt
|-damage|p1a: Pecharunt|46/100
|-sidestart|p1: typhon_27_|Spikes
|
|-damage|p2a: Samurott|39/100 tox|[from] psn
|upkeep
|turn|19
|
|t:|1779972812
|switch|p2a: Gholdengo|Gholdengo|94/100
|-damage|p2a: Gholdengo|88/100|[from] Stealth Rock
|move|p1a: Pecharunt|Malignant Chain|p2a: Gholdengo
|-immune|p2a: Gholdengo
|
|upkeep
|turn|20
|
|t:|1779972822
|move|p2a: Gholdengo|Shadow Ball|p1a: Pecharunt
|-supereffective|p1a: Pecharunt
|-damage|p1a: Pecharunt|0 fnt
|faint|p1a: Pecharunt
|
|upkeep
|
|t:|1779972828
|switch|p1a: Cinderace|Cinderace, M, shiny|100/100
|turn|21
|
|t:|1779972837
|switch|p2a: Mandibuzz|Mandibuzz, F|42/100 tox
|move|p1a: Cinderace|Pyro Ball|p2a: Mandibuzz|[miss]
|-miss|p1a: Cinderace|p2a: Mandibuzz
|
|-damage|p2a: Mandibuzz|35/100 tox|[from] psn
|upkeep
|turn|22
|
|t:|1779972845
|move|p1a: Cinderace|Pyro Ball|p2a: Mandibuzz
|-damage|p2a: Mandibuzz|0 fnt
|faint|p2a: Mandibuzz
|
|upkeep
|
|t:|1779972848
|switch|p2a: Haxorus|Haxorus, M|100/100
|-damage|p2a: Haxorus|88/100|[from] Stealth Rock
|-ability|p2a: Haxorus|Mold Breaker
|turn|23
|
|t:|1779972865
|move|p1a: Cinderace|U-turn|p2a: Haxorus
|-start|p1a: Cinderace|typechange|Bug|[from] ability: Libero
|-damage|p2a: Haxorus|42/100
|
|t:|1779972880
|switch|p1a: Zamazenta|Zamazenta, shiny|51/100|[from] U-turn
|move|p2a: Haxorus|Dragon Dance|p2a: Haxorus
|-boost|p2a: Haxorus|atk|1
|-boost|p2a: Haxorus|spe|1
|
|upkeep
|turn|24
|
|t:|1779972891
|move|p2a: Haxorus|Outrage|p1a: Zamazenta
|-damage|p1a: Zamazenta|0 fnt
|faint|p1a: Zamazenta
|-damage|p2a: Haxorus|32/100|[from] item: Life Orb
|
|upkeep
|
|t:|1779972897
|switch|p1a: Landorus|Landorus-Therian, M, shiny|88/100
|-damage|p1a: Landorus|76/100|[from] Stealth Rock
|-ability|p1a: Landorus|Intimidate|boost
|-unboost|p2a: Haxorus|atk|1
|turn|25
|
|t:|1779972906
|move|p2a: Haxorus|Outrage|p1a: Landorus|[from] lockedmove
|-damage|p1a: Landorus|0 fnt
|faint|p1a: Landorus
|-damage|p2a: Haxorus|22/100|[from] item: Life Orb
|
|upkeep
|
|t:|1779972920
|switch|p1a: Cinderace|Cinderace, M, shiny|100/100
|turn|26
|
|t:|1779972926
|move|p2a: Haxorus|Outrage|p1a: Cinderace|[from] lockedmove
|-damage|p1a: Cinderace|0 fnt
|faint|p1a: Cinderace
|-damage|p2a: Haxorus|12/100|[from] item: Life Orb
|-start|p2a: Haxorus|confusion|[fatigue]
|
|upkeep
|
|t:|1779972933
|switch|p1a: Darkrai|Darkrai, shiny|100/100
|turn|27
|
|t:|1779972938
|-activate|p2a: Haxorus|confusion
|move|p2a: Haxorus|Close Combat|p1a: Darkrai
|-supereffective|p1a: Darkrai
|-damage|p1a: Darkrai|0 fnt
|-unboost|p2a: Haxorus|def|1
|-unboost|p2a: Haxorus|spd|1
|faint|p1a: Darkrai
|-damage|p2a: Haxorus|3/100|[from] item: Life Orb
|
|win|whyguns?
|raw|typhon_27_'s rating: 1381 &rarr; <strong>1358</strong><br />(-23 for losing)
|raw|whyguns?'s rating: 1325 &rarr; <strong>1348</strong><br />(+23 for winning)
|l|☆typhon_27_
|player|p1|
|l|☆whyguns?
|player|p2|
|j|☆whyguns?
|player|p2|whyguns?|skierf|
|l|☆whyguns?
|player|p2|
