|j|☆SparkyBoomBoomBoiY
|j|☆sabretodeath
|t:|1779924800
|gametype|singles
|player|p1|SparkyBoomBoomBoiY|marlon|1071
|player|p2|sabretodeath|steven|1000
|gen|9
|tier|[Gen 9] OU
|rated|
|rule|HP Percentage Mod: HP is shown in percentages
|rule|Endless Battle Clause: Forcing endless battles is banned
|rule|Species Clause: Limit one of each Pokémon
|rule|OHKO Clause: OHKO moves are banned
|rule|Evasion Items Clause: Evasion items are banned
|rule|Evasion Moves Clause: Evasion moves are banned
|rule|Evasion Abilities Clause: Evasion abilities are banned
|rule|Sleep Moves Clause: Sleep-inducing moves are banned
|clearpoke
|poke|p1|Tornadus-Therian, M|
|poke|p1|Tsareena, F|
|poke|p1|Cramorant, F|
|poke|p1|Glimmora, M|
|poke|p1|Grafaiai, M|
|poke|p1|Dragapult, F|
|poke|p2|Maushold|
|poke|p2|Greninja-*, M|
|poke|p2|Meowscarada, F|
|poke|p2|Dragonite, F|
|poke|p2|Iron Valiant|
|poke|p2|Gholdengo|
|teampreview
|
|t:|1779924810
|teamsize|p1|6
|teamsize|p2|6
|start
|switch|p1a: Nuisance|Grafaiai, M|100/100
|switch|p2a: Maushold|Maushold, shiny|100/100
|turn|1
|
|t:|1779924825
|move|p1a: Nuisance|Taunt|p2a: Maushold
|-start|p2a: Maushold|move: Taunt
|cant|p2a: Maushold|move: Taunt|Tidy Up
|
|upkeep
|turn|2
|
|t:|1779924835
|move|p1a: Nuisance|Toxic|p2a: Maushold
|-status|p2a: Maushold|tox
|move|p2a: Maushold|Population Bomb|p1a: Nuisance
|-crit|p1a: Nuisance
|-damage|p1a: Nuisance|87/100
|-damage|p1a: Nuisance|78/100
|-damage|p1a: Nuisance|70/100
|-crit|p1a: Nuisance
|-damage|p1a: Nuisance|57/100
|-damage|p1a: Nuisance|48/100
|-damage|p1a: Nuisance|39/100
|-hitcount|p1a: Nuisance|6
|
|-heal|p1a: Nuisance|45/100|[from] item: Black Sludge
|-damage|p2a: Maushold|94/100 tox|[from] psn
|upkeep
|turn|3
|
|t:|1779924851
|move|p1a: Nuisance|Protect|p1a: Nuisance
|-singleturn|p1a: Nuisance|Protect
|move|p2a: Maushold|Population Bomb|p1a: Nuisance
|-activate|p1a: Nuisance|move: Protect
|
|-heal|p1a: Nuisance|51/100|[from] item: Black Sludge
|-damage|p2a: Maushold|82/100 tox|[from] psn
|-end|p2a: Maushold|move: Taunt
|upkeep
|turn|4
|
|t:|1779924866
|move|p1a: Nuisance|Taunt|p2a: Maushold
|-start|p2a: Maushold|move: Taunt
|cant|p2a: Maushold|move: Taunt|Tidy Up
|
|-heal|p1a: Nuisance|57/100|[from] item: Black Sludge
|-damage|p2a: Maushold|63/100 tox|[from] psn
|upkeep
|turn|5
|
|t:|1779924897
|move|p1a: Nuisance|Protect|p1a: Nuisance
|-singleturn|p1a: Nuisance|Protect
|move|p2a: Maushold|Population Bomb|p1a: Nuisance
|-activate|p1a: Nuisance|move: Protect
|
|-heal|p1a: Nuisance|63/100|[from] item: Black Sludge
|-damage|p2a: Maushold|38/100 tox|[from] psn
|upkeep
|turn|6
|
|t:|1779924909
|switch|p1a: Glimmora|Glimmora, M|100/100
|move|p2a: Maushold|Population Bomb|p1a: Glimmora
|-resisted|p1a: Glimmora
|-damage|p1a: Glimmora|97/100
|-activate|p1a: Glimmora|ability: Toxic Debris
|-sidestart|p2: sabretodeath|move: Toxic Spikes
|-resisted|p1a: Glimmora
|-damage|p1a: Glimmora|93/100
|-activate|p1a: Glimmora|ability: Toxic Debris
|-sidestart|p2: sabretodeath|move: Toxic Spikes
|-resisted|p1a: Glimmora
|-damage|p1a: Glimmora|89/100
|-resisted|p1a: Glimmora
|-damage|p1a: Glimmora|86/100
|-resisted|p1a: Glimmora
|-damage|p1a: Glimmora|82/100
|-resisted|p1a: Glimmora
|-crit|p1a: Glimmora
|-damage|p1a: Glimmora|75/100
|-resisted|p1a: Glimmora
|-damage|p1a: Glimmora|71/100
|-resisted|p1a: Glimmora
|-damage|p1a: Glimmora|67/100
|-resisted|p1a: Glimmora
|-damage|p1a: Glimmora|63/100
|-resisted|p1a: Glimmora
|-damage|p1a: Glimmora|60/100
|-hitcount|p1a: Glimmora|10
|-enditem|p1a: Glimmora|Red Card|[of] p2a: Maushold
|drag|p2a: Iron Valiant|Iron Valiant|100/100
|-status|p2a: Iron Valiant|tox
|-enditem|p2a: Iron Valiant|Booster Energy
|-activate|p2a: Iron Valiant|ability: Quark Drive|[fromitem]
|-start|p2a: Iron Valiant|quarkdrivespe
|
|-damage|p2a: Iron Valiant|94/100 tox|[from] psn
|upkeep
|turn|7
|
|t:|1779924940
|move|p1a: Glimmora|Spiky Shield|p1a: Glimmora
|-singleturn|p1a: Glimmora|move: Protect
|move|p2a: Iron Valiant|Aura Sphere|p1a: Glimmora
|-activate|p1a: Glimmora|move: Protect
|
|-damage|p2a: Iron Valiant|82/100 tox|[from] psn
|upkeep
|turn|8
|
|t:|1779924950
|switch|p1a: Uh-Get-Hurt-Pls|Dragapult, F, shiny|100/100
|move|p2a: Iron Valiant|Thunderbolt|p1a: Uh-Get-Hurt-Pls
|-resisted|p1a: Uh-Get-Hurt-Pls
|-damage|p1a: Uh-Get-Hurt-Pls|79/100
|-status|p1a: Uh-Get-Hurt-Pls|par
|
|-heal|p1a: Uh-Get-Hurt-Pls|85/100 par|[from] item: Leftovers
|-damage|p2a: Iron Valiant|63/100 tox|[from] psn
|upkeep
|turn|9
|
|t:|1779924968
|move|p2a: Iron Valiant|Moonblast|p1a: Uh-Get-Hurt-Pls
|-supereffective|p1a: Uh-Get-Hurt-Pls
|-damage|p1a: Uh-Get-Hurt-Pls|0 fnt
|faint|p1a: Uh-Get-Hurt-Pls
|
|-damage|p2a: Iron Valiant|38/100 tox|[from] psn
|upkeep
|
|t:|1779925001
|switch|p1a: Glimmora|Glimmora, M|60/100
|turn|10
|
|t:|1779925010
|move|p1a: Glimmora|Spiky Shield|p1a: Glimmora
|-singleturn|p1a: Glimmora|move: Protect
|move|p2a: Iron Valiant|Thunderbolt|p1a: Glimmora
|-activate|p1a: Glimmora|move: Protect
|
|-damage|p2a: Iron Valiant|7/100 tox|[from] psn
|upkeep
|turn|11
|
|t:|1779925033
|switch|p1a: Yoruichi|Tsareena, F|100/100
|move|p2a: Iron Valiant|Thunderbolt|p1a: Yoruichi
|-resisted|p1a: Yoruichi
|-damage|p1a: Yoruichi|82/100
|
|-damage|p2a: Iron Valiant|0 fnt|[from] psn
|faint|p2a: Iron Valiant
|-end|p2a: Iron Valiant|Quark Drive|[silent]
|upkeep
|
|t:|1779925041
|switch|p2a: Gholdengo|Gholdengo|100/100
|turn|12
|
|t:|1779925056
|move|p1a: Yoruichi|Triple Axel|p2a: Gholdengo
|-resisted|p2a: Gholdengo
|-damage|p2a: Gholdengo|97/100
|-resisted|p2a: Gholdengo
|-damage|p2a: Gholdengo|89/100
|-resisted|p2a: Gholdengo
|-damage|p2a: Gholdengo|77/100
|-hitcount|p2a: Gholdengo|3
|move|p2a: Gholdengo|Nasty Plot|p2a: Gholdengo
|-boost|p2a: Gholdengo|spa|2
|
|-heal|p2a: Gholdengo|83/100|[from] item: Leftovers
|upkeep
|turn|13
|
|t:|1779925079
|switch|p1a: Glimmora|Glimmora, M|60/100
|move|p2a: Gholdengo|Nasty Plot|p2a: Gholdengo
|-boost|p2a: Gholdengo|spa|2
|
|-heal|p2a: Gholdengo|89/100|[from] item: Leftovers
|upkeep
|turn|14
|
|t:|1779925090
|move|p1a: Glimmora|Stealth Rock|p2a: Gholdengo
|-sidestart|p2: sabretodeath|move: Stealth Rock
|move|p2a: Gholdengo|Make It Rain|p1a: Glimmora
|-supereffective|p1a: Glimmora
|-damage|p1a: Glimmora|0 fnt
|-unboost|p2a: Gholdengo|spa|1
|faint|p1a: Glimmora
|
|-heal|p2a: Gholdengo|95/100|[from] item: Leftovers
|upkeep
|
|t:|1779925109
|switch|p1a: Nuisance|Grafaiai, M|63/100
|turn|15
|
|t:|1779925116
|move|p1a: Nuisance|Switcheroo|p2a: Gholdengo
|-immune|p2a: Gholdengo|[from] ability: Good as Gold
|move|p2a: Gholdengo|Make It Rain|p1a: Nuisance
|-damage|p1a: Nuisance|0 fnt
|-unboost|p2a: Gholdengo|spa|1
|faint|p1a: Nuisance
|
|-heal|p2a: Gholdengo|100/100|[from] item: Leftovers
|upkeep
|c|☆sabretodeath|good gimmicks
|
|t:|1779925133
|switch|p1a: In-the-back|Tornadus-Therian, M|100/100
|turn|16
|
|t:|1779925143
|-terastallize|p1a: In-the-back|Dark
|move|p1a: In-the-back|Dark Pulse|p2a: Gholdengo
|-supereffective|p2a: Gholdengo
|-damage|p2a: Gholdengo|0 fnt
|faint|p2a: Gholdengo
|-damage|p1a: In-the-back|90/100|[from] item: Life Orb
|
|upkeep
|
|t:|1779925152
|switch|p2a: Dragonite|Dragonite, F|100/100
|turn|17
|
|t:|1779925161
|move|p1a: In-the-back|Dark Pulse|p2a: Dragonite
|-damage|p2a: Dragonite|75/100
|-damage|p1a: In-the-back|80/100|[from] item: Life Orb
|move|p2a: Dragonite|Earthquake|p1a: In-the-back
|-damage|p1a: In-the-back|35/100
|
|upkeep
|turn|18
|
|t:|1779925172
|switch|p1a: Yoruichi|Tsareena, F|82/100
|move|p2a: Dragonite|Dragon Dance|p2a: Dragonite
|-boost|p2a: Dragonite|atk|1
|-boost|p2a: Dragonite|spe|1
|
|upkeep
|turn|19
|
|t:|1779925190
|move|p1a: Yoruichi|Triple Axel|p2a: Dragonite
|-supereffective|p2a: Dragonite
|-damage|p2a: Dragonite|50/100
|-supereffective|p2a: Dragonite
|-damage|p2a: Dragonite|0 fnt
|faint|p2a: Dragonite
|-hitcount|p2: Dragonite|2
|
|upkeep
|
|t:|1779925199
|switch|p2a: Maushold|Maushold, shiny|38/100 tox
|-damage|p2a: Maushold|25/100 tox|[from] Stealth Rock
|turn|20
|
|t:|1779925204
|move|p1a: Yoruichi|Triple Axel|p2a: Maushold
|-damage|p2a: Maushold|17/100 tox
|-hitcount|p2a: Maushold|1
|move|p2a: Maushold|Population Bomb|p1a: Yoruichi
|-damage|p1a: Yoruichi|72/100
|-damage|p1a: Yoruichi|61/100
|-damage|p1a: Yoruichi|52/100
|-damage|p1a: Yoruichi|42/100
|-damage|p1a: Yoruichi|31/100
|-crit|p1a: Yoruichi
|-damage|p1a: Yoruichi|14/100
|-damage|p1a: Yoruichi|3/100
|-damage|p1a: Yoruichi|0 fnt
|faint|p1a: Yoruichi
|-hitcount|p1: Yoruichi|8
|
|-damage|p2a: Maushold|11/100 tox|[from] psn
|upkeep
|c|☆SparkyBoomBoomBoiY|Man I just wish TRIPLE axel hit THRICE
|
|t:|1779925258
|switch|p1a: In-the-back|Tornadus-Therian, M, tera:Dark|68/100
|turn|21
|
|t:|1779925266
|move|p2a: Maushold|Tidy Up|p2a: Maushold
|-sideend|p2: sabretodeath|Toxic Spikes
|-sideend|p2: sabretodeath|Stealth Rock
|-activate|p2a: Maushold|move: Tidy Up
|-boost|p2a: Maushold|atk|1
|-boost|p2a: Maushold|spe|1
|move|p1a: In-the-back|Dark Pulse|p2a: Maushold
|-damage|p2a: Maushold|0 fnt
|faint|p2a: Maushold
|-damage|p1a: In-the-back|58/100|[from] item: Life Orb
|
|upkeep
|
|t:|1779925277
|switch|p2a: Meowscarada|Meowscarada, F|100/100
|turn|22
|
|t:|1779925281
|switch|p1a: Guzzler|Cramorant, F, shiny|100/100
|move|p2a: Meowscarada|U-turn|p1a: Guzzler
|-start|p2a: Meowscarada|typechange|Bug|[from] ability: Protean
|-resisted|p1a: Guzzler
|-damage|p1a: Guzzler|79/100
|
|t:|1779925288
|switch|p2a: Greninja|Greninja, M|100/100|[from] U-turn
|
|-heal|p1a: Guzzler|85/100|[from] item: Leftovers
|upkeep
|turn|23
|
|t:|1779925297
|move|p2a: Greninja|Ice Beam|p1a: Guzzler
|-damage|p1a: Guzzler|50/100
|move|p1a: Guzzler|Surf|p2a: Greninja
|-formechange|p1a: Guzzler|Cramorant-Gorging|
|-resisted|p2a: Greninja
|-damage|p2a: Greninja|80/100
|
|-heal|p1a: Guzzler|56/100|[from] item: Leftovers
|upkeep
|turn|24
|
|t:|1779925310
|move|p2a: Greninja|Ice Beam|p1a: Guzzler
|-damage|p1a: Guzzler|23/100
|-damage|p2a: Greninja|55/100|[from] ability: Gulp Missile|[of] p1a: Guzzler
|-status|p2a: Greninja|par
|-formechange|p1a: Guzzler|Cramorant|
|move|p1a: Guzzler|Stockpile|p1a: Guzzler
|-start|p1a: Guzzler|stockpile1
|-boost|p1a: Guzzler|def|1
|-boost|p1a: Guzzler|spd|1
|
|-heal|p1a: Guzzler|29/100|[from] item: Leftovers
|upkeep
|turn|25
|
|t:|1779925323
|move|p1a: Guzzler|Stockpile|p1a: Guzzler
|-start|p1a: Guzzler|stockpile2
|-boost|p1a: Guzzler|def|1
|-boost|p1a: Guzzler|spd|1
|cant|p2a: Greninja|par
|
|-heal|p1a: Guzzler|35/100|[from] item: Leftovers
|upkeep
|turn|26
|
|t:|1779925332
|move|p1a: Guzzler|Stockpile|p1a: Guzzler
|-start|p1a: Guzzler|stockpile3
|-boost|p1a: Guzzler|def|1
|-boost|p1a: Guzzler|spd|1
|move|p2a: Greninja|Ice Beam|p1a: Guzzler
|-damage|p1a: Guzzler|22/100
|
|-heal|p1a: Guzzler|28/100|[from] item: Leftovers
|upkeep
|turn|27
|
|t:|1779925345
|move|p1a: Guzzler|Surf|p2a: Greninja
|-formechange|p1a: Guzzler|Cramorant-Gorging|
|-resisted|p2a: Greninja
|-damage|p2a: Greninja|32/100 par
|cant|p2a: Greninja|par
|
|-heal|p1a: Guzzler|34/100|[from] item: Leftovers
|upkeep
|turn|28
|
|t:|1779925355
|move|p1a: Guzzler|Air Slash|p2a: Greninja
|-damage|p2a: Greninja|0 fnt
|faint|p2a: Greninja
|
|-heal|p1a: Guzzler|40/100|[from] item: Leftovers
|upkeep
|
|t:|1779925361
|switch|p2a: Meowscarada|Meowscarada, F|100/100
|turn|29
|
|t:|1779925386
|move|p2a: Meowscarada|Flower Trick|p1a: Guzzler
|-start|p2a: Meowscarada|typechange|Grass|[from] ability: Protean
|-crit|p1a: Guzzler
|-damage|p1a: Guzzler|0 fnt
|-damage|p2a: Meowscarada|76/100|[from] ability: Gulp Missile|[of] p1a: Guzzler
|-status|p2a: Meowscarada|par
|-formechange|p1a: Guzzler|Cramorant|
|faint|p1a: Guzzler
|
|upkeep
|c|☆SparkyBoomBoomBoiY|Got lucky with the pickachu
|
|t:|1779925398
|switch|p1a: In-the-back|Tornadus-Therian, M, tera:Dark|91/100
|turn|30
|
|t:|1779925407
|move|p1a: In-the-back|Sludge Bomb|p2a: Meowscarada
|-supereffective|p2a: Meowscarada
|-damage|p2a: Meowscarada|0 fnt
|faint|p2a: Meowscarada
|-damage|p1a: In-the-back|81/100|[from] item: Life Orb
|
|win|SparkyBoomBoomBoiY
|raw|SparkyBoomBoomBoiY's rating: 1071 &rarr; <strong>1094</strong><br />(+23 for winning)
|raw|sabretodeath's rating: 1000 &rarr; <strong>1000</strong><br />(+0 for losing)
|c|☆SparkyBoomBoomBoiY|Gg
|l|☆sabretodeath
|player|p2|
