|j|☆BBCM1ke
|j|☆SqueeboSquorb
|t:|1779889919
|gametype|singles
|player|p1|BBCM1ke|nate|1101
|player|p2|SqueeboSquorb|hilbert-wonderlauncher|1126
|gen|9
|tier|[Gen 9] OU
|rated|
|rule|HP Percentage Mod: HP is shown in percentages
|rule|Endless Battle Clause: Forcing endless battles is banned
|rule|Species Clause: Limit one of each Pokémon
|rule|OHKO Clause: OHKO moves are banned
|rule|Evasion Items Clause: Evasion items are banned
|rule|Evasion Moves Clause: Evasion moves are banned
|rule|Evasion Abilities Clause: Evasion abilities are banned
|rule|Sleep Moves Clause: Sleep-inducing moves are banned
|clearpoke
|poke|p1|Dondozo, F|
|poke|p1|Clodsire, M|
|poke|p1|Corviknight, M|
|poke|p1|Dragonite, F|
|poke|p1|Garganacl, F|
|poke|p1|Slowking-Galar, F|
|poke|p2|Uxie|
|poke|p2|Slowbro-Galar, F|
|teampreview
|inactive|Battle timer is ON: inactive players will automatically lose when time's up. (requested by SqueeboSquorb)
|
|t:|1779889950
|teamsize|p1|6
|teamsize|p2|2
|start
|switch|p1a: Corviknight|Corviknight, M|100/100
|switch|p2a: Uxie|Uxie|100/100
|-ability|p1a: Corviknight|Pressure
|turn|1
|
|t:|1779889959
|move|p2a: Uxie|Reflect|p2a: Uxie
|-sidestart|p2: SqueeboSquorb|Reflect
|move|p1a: Corviknight|U-turn|p2a: Uxie
|-supereffective|p2a: Uxie
|-crit|p2a: Uxie
|-damage|p2a: Uxie|69/100
|
|t:|1779889965
|switch|p1a: Dondozo|Dondozo, F|100/100|[from] U-turn
|
|upkeep
|turn|2
|
|t:|1779889970
|move|p2a: Uxie|Light Screen|p2a: Uxie
|-sidestart|p2: SqueeboSquorb|move: Light Screen
|move|p1a: Dondozo|Curse|p1a: Dondozo
|-unboost|p1a: Dondozo|spe|1
|-boost|p1a: Dondozo|atk|1
|-boost|p1a: Dondozo|def|1
|
|upkeep
|turn|3
|
|t:|1779889977
|move|p2a: Uxie|Calm Mind|p2a: Uxie
|-boost|p2a: Uxie|spa|1
|-boost|p2a: Uxie|spd|1
|move|p1a: Dondozo|Curse|p1a: Dondozo
|-unboost|p1a: Dondozo|spe|1
|-boost|p1a: Dondozo|atk|1
|-boost|p1a: Dondozo|def|1
|
|upkeep
|turn|4
|
|t:|1779889985
|move|p2a: Uxie|Encore|p1a: Dondozo
|-start|p1a: Dondozo|Encore
|move|p1a: Dondozo|Curse|p1a: Dondozo
|-unboost|p1a: Dondozo|spe|1
|-boost|p1a: Dondozo|atk|1
|-boost|p1a: Dondozo|def|1
|
|upkeep
|turn|5
|
|t:|1779889993
|switch|p2a: Slowbro|Slowbro-Galar, F|100/100
|move|p1a: Dondozo|Curse|p1a: Dondozo
|-unboost|p1a: Dondozo|spe|1
|-boost|p1a: Dondozo|atk|1
|-boost|p1a: Dondozo|def|1
|
|-sideend|p2: SqueeboSquorb|Reflect
|upkeep
|turn|6
|
|t:|1779890001
|move|p2a: Slowbro|Belly Drum|p2a: Slowbro
|-damage|p2a: Slowbro|51/100
|-setboost|p2a: Slowbro|atk|6|[from] move: Belly Drum
|move|p1a: Dondozo|Curse|p1a: Dondozo
|-unboost|p1a: Dondozo|spe|1
|-boost|p1a: Dondozo|atk|1
|-boost|p1a: Dondozo|def|1
|
|-end|p1a: Dondozo|Encore
|-sideend|p2: SqueeboSquorb|move: Light Screen
|upkeep
|turn|7
|
|t:|1779890017
|move|p2a: Slowbro|Drain Punch|p1a: Dondozo
|-damage|p1a: Dondozo|98/100
|-heal|p2a: Slowbro|53/100|[from] drain|[of] p1a: Dondozo
|move|p1a: Dondozo|Liquidation|p2a: Slowbro
|-damage|p2a: Slowbro|0 fnt
|faint|p2a: Slowbro
|
|-heal|p1a: Dondozo|100/100|[from] item: Leftovers
|upkeep
|
|t:|1779890026
|switch|p2a: Uxie|Uxie|69/100
|turn|8
|-message|SqueeboSquorb forfeited.
|
|win|BBCM1ke
|raw|BBCM1ke's rating: 1101 &rarr; <strong>1128</strong><br />(+27 for winning)
|raw|SqueeboSquorb's rating: 1126 &rarr; <strong>1099</strong><br />(-27 for losing)
|l|☆SqueeboSquorb
|player|p2|
|l|☆BBCM1ke
|player|p1|
