|j|☆Tpotguy
|j|☆He Hao Yi
|t:|1779930974
|gametype|singles
|player|p1|Tpotguy|101|1177
|player|p2|He Hao Yi|giovanni|1200
|gen|9
|tier|[Gen 9] OU
|rated|
|rule|HP Percentage Mod: HP is shown in percentages
|rule|Endless Battle Clause: Forcing endless battles is banned
|rule|Species Clause: Limit one of each Pokémon
|rule|OHKO Clause: OHKO moves are banned
|rule|Evasion Items Clause: Evasion items are banned
|rule|Evasion Moves Clause: Evasion moves are banned
|rule|Evasion Abilities Clause: Evasion abilities are banned
|rule|Sleep Moves Clause: Sleep-inducing moves are banned
|clearpoke
|poke|p1|Rotom-Wash|
|poke|p1|Ceruledge, M|
|poke|p1|Lokix, F|
|poke|p1|Garganacl, M|
|poke|p1|Great Tusk|
|poke|p1|Kingambit, F|
|poke|p2|Pelipper, F|
|poke|p2|Barraskewda, F|
|poke|p2|Raging Bolt|
|poke|p2|Golduck, F|
|poke|p2|Pawmot, F|
|poke|p2|Tentacruel, F|
|teampreview
|inactive|Battle timer is ON: inactive players will automatically lose when time's up. (requested by Tpotguy)
|inactive|He Hao Yi has 120 seconds left.
|
|t:|1779931036
|teamsize|p1|6
|teamsize|p2|6
|start
|switch|p1a: Garganacl|Garganacl, M|100/100
|switch|p2a: Ghoti carrier|Pelipper, F|100/100
|-weather|RainDance|[from] ability: Drizzle|[of] p2a: Ghoti carrier
|turn|1
|
|t:|1779931043
|move|p2a: Ghoti carrier|Surf|p1a: Garganacl
|-supereffective|p1a: Garganacl
|-damage|p1a: Garganacl|24/100
|move|p1a: Garganacl|Salt Cure|p2a: Ghoti carrier
|-supereffective|p2a: Ghoti carrier
|-damage|p2a: Ghoti carrier|72/100
|-start|p2a: Ghoti carrier|Salt Cure
|
|-weather|RainDance|[upkeep]
|-heal|p1a: Garganacl|30/100|[from] item: Leftovers
|-damage|p2a: Ghoti carrier|47/100|[from] Salt Cure
|upkeep
|turn|2
|
|t:|1779931056
|switch|p2a: Great Neck|Raging Bolt|100/100
|switch|p1a: Rotom|Rotom-Wash|100/100
|
|-weather|RainDance|[upkeep]
|upkeep
|turn|3
|
|t:|1779931065
|move|p1a: Rotom|Trick|p2a: Great Neck
|-activate|p1a: Rotom|move: Trick|[of] p2a: Great Neck
|-item|p2a: Great Neck|Choice Scarf|[from] move: Trick
|-item|p1a: Rotom|Leftovers|[from] move: Trick
|move|p2a: Great Neck|Draco Meteor|p1a: Rotom
|-damage|p1a: Rotom|0 fnt
|-unboost|p2a: Great Neck|spa|2
|faint|p1a: Rotom
|
|-weather|RainDance|[upkeep]
|upkeep
|
|t:|1779931079
|switch|p1a: Ceruledge|Ceruledge, M|100/100
|turn|4
|
|t:|1779931095
|-end|p2a: Great Neck|Protosynthesis|[silent]
|switch|p2a: Really want eject|Pawmot, F|100/100
|move|p1a: Ceruledge|Swords Dance|p1a: Ceruledge
|-boost|p1a: Ceruledge|atk|2
|
|-weather|RainDance|[upkeep]
|upkeep
|turn|5
|
|t:|1779931101
|move|p2a: Really want eject|Encore|p1a: Ceruledge
|-start|p1a: Ceruledge|Encore
|move|p1a: Ceruledge|Swords Dance|p1a: Ceruledge
|-boost|p1a: Ceruledge|atk|2
|
|-weather|RainDance|[upkeep]
|upkeep
|turn|6
|
|t:|1779931111
|move|p2a: Really want eject|Nuzzle|p1a: Ceruledge
|-damage|p1a: Ceruledge|90/100
|-status|p1a: Ceruledge|par
|move|p1a: Ceruledge|Swords Dance|p1a: Ceruledge
|-boost|p1a: Ceruledge|atk|2
|
|-weather|RainDance|[upkeep]
|upkeep
|turn|7
|inactive|He Hao Yi has 120 seconds left.
|
|t:|1779931141
|switch|p2a: Great Neck|Raging Bolt|100/100
|move|p1a: Ceruledge|Swords Dance|p1a: Ceruledge
|-boost|p1a: Ceruledge|atk|0
|
|-weather|RainDance|[upkeep]
|-end|p1a: Ceruledge|Encore
|upkeep
|turn|8
|
|t:|1779931149
|move|p2a: Great Neck|Weather Ball|p1a: Ceruledge
|-supereffective|p1a: Ceruledge
|-damage|p1a: Ceruledge|0 fnt
|faint|p1a: Ceruledge
|
|-weather|none
|upkeep
|
|t:|1779931156
|switch|p1a: Great Tusk|Great Tusk|100/100
|turn|9
|
|t:|1779931165
|-end|p2a: Great Neck|Protosynthesis|[silent]
|switch|p2a: Ghoti carrier|Pelipper, F|47/100
|-weather|RainDance|[from] ability: Drizzle|[of] p2a: Ghoti carrier
|move|p1a: Great Tusk|Ice Spinner|p2a: Ghoti carrier
|-damage|p2a: Ghoti carrier|27/100
|
|-weather|RainDance|[upkeep]
|upkeep
|turn|10
|inactive|He Hao Yi has 120 seconds left.
|inactive|He Hao Yi has 90 seconds left.
|
|t:|1779931229
|switch|p2a: Spaghetti Too|Tentacruel, F|100/100
|move|p1a: Great Tusk|Rapid Spin|p2a: Spaghetti Too
|-damage|p2a: Spaghetti Too|78/100
|-boost|p1a: Great Tusk|spe|1
|
|-weather|RainDance|[upkeep]
|-heal|p2a: Spaghetti Too|84/100|[from] ability: Rain Dish
|upkeep
|turn|11
|
|t:|1779931238
|move|p1a: Great Tusk|Ice Spinner|p2a: Spaghetti Too
|-resisted|p2a: Spaghetti Too
|-damage|p2a: Spaghetti Too|64/100
|move|p2a: Spaghetti Too|Flip Turn|p1a: Great Tusk
|-supereffective|p1a: Great Tusk
|-damage|p1a: Great Tusk|65/100
|
|t:|1779931244
|switch|p2a: ExSkewda Me|Barraskewda, F|100/100|[from] Flip Turn
|
|-weather|RainDance|[upkeep]
|upkeep
|turn|12
|
|t:|1779931258
|-end|p1a: Great Tusk|Protosynthesis|[silent]
|switch|p1a: Lokix|Lokix, F|100/100
|move|p2a: ExSkewda Me|Flip Turn|p1a: Lokix
|-damage|p1a: Lokix|16/100
|
|t:|1779931264
|switch|p2a: Spaghetti Too|Tentacruel, F|64/100|[from] Flip Turn
|
|-weather|RainDance|[upkeep]
|-heal|p2a: Spaghetti Too|70/100|[from] ability: Rain Dish
|upkeep
|turn|13
|
|t:|1779931271
|move|p1a: Lokix|Knock Off|p2a: Spaghetti Too
|-damage|p2a: Spaghetti Too|0 fnt
|-enditem|p2a: Spaghetti Too|Assault Vest|[from] move: Knock Off|[of] p1a: Lokix
|faint|p2a: Spaghetti Too
|
|-weather|RainDance|[upkeep]
|upkeep
|inactive|He Hao Yi has 120 seconds left.
|inactive|He Hao Yi has 90 seconds left.
|
|t:|1779931325
|switch|p2a: Great Neck|Raging Bolt|100/100
|turn|14
|
|t:|1779931329
|move|p2a: Great Neck|Thunderclap|p1a: Lokix
|-damage|p1a: Lokix|0 fnt
|faint|p1a: Lokix
|
|-weather|RainDance|[upkeep]
|upkeep
|
|t:|1779931334
|switch|p1a: Great Tusk|Great Tusk|65/100
|turn|15
|
|t:|1779931341
|-end|p2a: Great Neck|Protosynthesis|[silent]
|switch|p2a: Seaking Duck|Golduck, F|100/100
|move|p1a: Great Tusk|Rapid Spin|p2a: Seaking Duck
|-damage|p2a: Seaking Duck|78/100
|-boost|p1a: Great Tusk|spe|1
|
|-weather|RainDance|[upkeep]
|upkeep
|turn|16
|
|t:|1779931351
|move|p2a: Seaking Duck|Ice Beam|p1a: Great Tusk
|-supereffective|p1a: Great Tusk
|-damage|p1a: Great Tusk|0 fnt
|faint|p1a: Great Tusk
|-end|p1a: Great Tusk|Protosynthesis|[silent]
|-damage|p2a: Seaking Duck|68/100|[from] item: Life Orb
|
|-weather|none
|upkeep
|
|t:|1779931360
|switch|p1a: Kingambit|Kingambit, F|100/100
|-activate|p1a: Kingambit|ability: Supreme Overlord
|-start|p1a: Kingambit|fallen4|[silent]
|turn|17
|
|t:|1779931365
|move|p2a: Seaking Duck|Vacuum Wave|p1a: Kingambit
|-supereffective|p1a: Kingambit
|-damage|p1a: Kingambit|35/100
|-damage|p2a: Seaking Duck|58/100|[from] item: Life Orb
|move|p1a: Kingambit|Swords Dance|p1a: Kingambit
|-boost|p1a: Kingambit|atk|2
|
|upkeep
|turn|18
|
|t:|1779931372
|move|p2a: Seaking Duck|Vacuum Wave|p1a: Kingambit
|-supereffective|p1a: Kingambit
|-damage|p1a: Kingambit|0 fnt
|faint|p1a: Kingambit
|-end|p1a: Kingambit|fallen4|[silent]
|-damage|p2a: Seaking Duck|48/100|[from] item: Life Orb
|
|upkeep
|-message|Tpotguy forfeited.
|
|win|He Hao Yi
|raw|Tpotguy's rating: 1177 &rarr; <strong>1154</strong><br />(-23 for losing)
|raw|He Hao Yi's rating: 1200 &rarr; <strong>1223</strong><br />(+23 for winning)
