|j|☆TWENNY7
|j|☆ohqg
|t:|1779856013
|gametype|singles
|player|p1|TWENNY7|hau-stance|1349
|player|p2|ohqg|elesa-gen5bw2|1346
|gen|9
|tier|[Gen 9] OU
|rated|
|rule|HP Percentage Mod: HP is shown in percentages
|rule|Endless Battle Clause: Forcing endless battles is banned
|rule|Species Clause: Limit one of each Pokémon
|rule|OHKO Clause: OHKO moves are banned
|rule|Evasion Items Clause: Evasion items are banned
|rule|Evasion Moves Clause: Evasion moves are banned
|rule|Evasion Abilities Clause: Evasion abilities are banned
|rule|Sleep Moves Clause: Sleep-inducing moves are banned
|clearpoke
|poke|p1|Iron Valiant|
|poke|p1|Tyranitar, M|
|poke|p1|Zapdos|
|poke|p1|Darkrai|
|poke|p1|Okidogi, M|
|poke|p1|Deoxys-Speed|
|poke|p2|Ting-Lu|
|poke|p2|Gholdengo|
|poke|p2|Great Tusk|
|poke|p2|Ditto|
|poke|p2|Samurott-Hisui, F|
|poke|p2|Toxapex, M|
|teampreview
|inactive|Battle timer is ON: inactive players will automatically lose when time's up. (requested by ohqg)
|
|t:|1779856030
|teamsize|p1|6
|teamsize|p2|6
|start
|switch|p1a: WEMBY|Deoxys-Speed|100/100
|switch|p2a: 双膏丸进化|Samurott-Hisui, F|100/100
|-ability|p1a: WEMBY|Pressure
|turn|1
|
|t:|1779856035
|switch|p2a: 掏精潮|Gholdengo, shiny|100/100
|move|p1a: WEMBY|Focus Blast|p2a: 掏精潮
|-immune|p2a: 掏精潮
|
|upkeep
|turn|2
|
|t:|1779856041
|switch|p1a: Zzz|Darkrai|100/100
|move|p2a: 掏精潮|Shadow Ball|p1a: Zzz
|-resisted|p1a: Zzz
|-damage|p1a: Zzz|78/100
|
|upkeep
|turn|3
|
|t:|1779856051
|switch|p2a: 该鹿🦌管了|Ting-Lu|100/100
|-ability|p2a: 该鹿🦌管了|Vessel of Ruin
|move|p1a: Zzz|Trick|p2a: 该鹿🦌管了
|-activate|p1a: Zzz|move: Trick|[of] p2a: 该鹿🦌管了
|-item|p2a: 该鹿🦌管了|Choice Scarf|[from] move: Trick
|-item|p1a: Zzz|Leftovers|[from] move: Trick
|
|-heal|p1a: Zzz|84/100|[from] item: Leftovers
|upkeep
|turn|4
|
|t:|1779856056
|switch|p1a: WEMBY|Deoxys-Speed|100/100
|-ability|p1a: WEMBY|Pressure
|move|p2a: 该鹿🦌管了|Stealth Rock|p1a: WEMBY
|-sidestart|p1: TWENNY7|move: Stealth Rock
|
|upkeep
|turn|5
|
|t:|1779856072
|switch|p2a: 掏精潮|Gholdengo, shiny|100/100
|move|p1a: WEMBY|Nasty Plot|p1a: WEMBY
|-boost|p1a: WEMBY|spa|2
|
|upkeep
|turn|6
|
|t:|1779856077
|move|p1a: WEMBY|Psycho Boost|p2a: 掏精潮
|-resisted|p2a: 掏精潮
|-damage|p2a: 掏精潮|43/100
|-unboost|p1a: WEMBY|spa|2
|move|p2a: 掏精潮|Shadow Ball|p1a: WEMBY
|-supereffective|p1a: WEMBY
|-enditem|p1a: WEMBY|Focus Sash
|-damage|p1a: WEMBY|1/100
|-unboost|p1a: WEMBY|spd|1
|
|upkeep
|turn|7
|
|t:|1779856100
|switch|p2a: 双膏丸进化|Samurott-Hisui, F|100/100
|move|p1a: WEMBY|Psycho Boost|p2a: 双膏丸进化
|-immune|p2a: 双膏丸进化
|
|upkeep
|turn|8
|
|t:|1779856113
|move|p2a: 双膏丸进化|Sucker Punch|p1a: WEMBY
|-supereffective|p1a: WEMBY
|-damage|p1a: WEMBY|0 fnt
|faint|p1a: WEMBY
|
|upkeep
|
|t:|1779856116
|switch|p1a: CASPER|Okidogi, M|100/100
|-damage|p1a: CASPER|94/100|[from] Stealth Rock
|turn|9
|
|t:|1779856128
|switch|p2a: 掏精潮|Gholdengo, shiny|43/100
|move|p1a: CASPER|Bulk Up|p1a: CASPER
|-boost|p1a: CASPER|atk|1
|-boost|p1a: CASPER|def|1
|
|-heal|p1a: CASPER|100/100|[from] item: Leftovers
|upkeep
|turn|10
|
|t:|1779856136
|switch|p1a: Zzz|Darkrai|84/100
|-damage|p1a: Zzz|72/100|[from] Stealth Rock
|move|p2a: 掏精潮|Trick|p1a: Zzz
|-activate|p2a: 掏精潮|move: Trick|[of] p1a: Zzz
|-item|p1a: Zzz|Choice Scarf|[from] move: Trick
|-item|p2a: 掏精潮|Leftovers|[from] move: Trick
|
|-heal|p2a: 掏精潮|49/100|[from] item: Leftovers
|upkeep
|turn|11
|
|t:|1779856147
|switch|p1a: SHOXY|Zapdos|100/100
|-damage|p1a: SHOXY|76/100|[from] Stealth Rock
|switch|p2a: 该鹿🦌管了|Ting-Lu|100/100
|-ability|p2a: 该鹿🦌管了|Vessel of Ruin
|
|upkeep
|turn|12
|
|t:|1779856155
|move|p1a: SHOXY|Hurricane|p2a: 该鹿🦌管了|[miss]
|-miss|p1a: SHOXY|p2a: 该鹿🦌管了
|move|p2a: 该鹿🦌管了|Whirlwind|p1a: SHOXY
|drag|p1a: CASPER|Okidogi, M|100/100
|-damage|p1a: CASPER|94/100|[from] Stealth Rock
|
|-heal|p1a: CASPER|100/100|[from] item: Leftovers
|upkeep
|turn|13
|
|t:|1779856163
|switch|p2a: 掏精潮|Gholdengo, shiny|49/100
|move|p1a: CASPER|Bulk Up|p1a: CASPER
|-boost|p1a: CASPER|atk|1
|-boost|p1a: CASPER|def|1
|
|-heal|p2a: 掏精潮|55/100|[from] item: Leftovers
|upkeep
|turn|14
|
|t:|1779856169
|move|p1a: CASPER|Knock Off|p2a: 掏精潮
|-supereffective|p2a: 掏精潮
|-damage|p2a: 掏精潮|0 fnt
|-enditem|p2a: 掏精潮|Leftovers|[from] move: Knock Off|[of] p1a: CASPER
|faint|p2a: 掏精潮
|
|upkeep
|
|t:|1779856185
|switch|p2a: 操坏星|Toxapex, M|100/100
|turn|15
|
|t:|1779856192
|move|p1a: CASPER|Bulk Up|p1a: CASPER
|-boost|p1a: CASPER|atk|1
|-boost|p1a: CASPER|def|1
|move|p2a: 操坏星|Infestation|p1a: CASPER
|-resisted|p1a: CASPER
|-damage|p1a: CASPER|99/100
|-activate|p1a: CASPER|move: Infestation|[of] p2a: 操坏星
|
|-heal|p1a: CASPER|100/100|[from] item: Leftovers
|-damage|p1a: CASPER|88/100|[from] move: Infestation|[partiallytrapped]
|upkeep
|turn|16
|
|t:|1779856203
|move|p1a: CASPER|Knock Off|p2a: 操坏星
|-damage|p2a: 操坏星|56/100
|-enditem|p2a: 操坏星|Leftovers|[from] move: Knock Off|[of] p1a: CASPER
|move|p2a: 操坏星|Toxic Spikes|p1a: CASPER
|-sidestart|p1: TWENNY7|move: Toxic Spikes
|
|-heal|p1a: CASPER|94/100|[from] item: Leftovers
|-damage|p1a: CASPER|82/100|[from] move: Infestation|[partiallytrapped]
|upkeep
|turn|17
|
|t:|1779856212
|move|p1a: CASPER|Drain Punch|p2a: 操坏星
|-resisted|p2a: 操坏星
|-damage|p2a: 操坏星|32/100
|-heal|p1a: CASPER|92/100|[from] drain|[of] p2a: 操坏星
|move|p2a: 操坏星|Toxic Spikes|p1a: CASPER
|-sidestart|p1: TWENNY7|move: Toxic Spikes
|
|-heal|p1a: CASPER|98/100|[from] item: Leftovers
|-damage|p1a: CASPER|86/100|[from] move: Infestation|[partiallytrapped]
|upkeep
|turn|18
|
|t:|1779856223
|switch|p2a: 雄痿崖|Great Tusk|100/100
|move|p1a: CASPER|Bulk Up|p1a: CASPER
|-boost|p1a: CASPER|atk|1
|-boost|p1a: CASPER|def|1
|
|-heal|p1a: CASPER|92/100|[from] item: Leftovers
|-end|p1a: CASPER|Infestation|[partiallytrapped]|[silent]
|upkeep
|turn|19
|
|t:|1779856245
|-terastallize|p1a: CASPER|Water
|move|p1a: CASPER|Ice Punch|p2a: 雄痿崖
|-supereffective|p2a: 雄痿崖
|-damage|p2a: 雄痿崖|36/100
|move|p2a: 雄痿崖|Knock Off|p1a: CASPER
|-damage|p1a: CASPER|82/100
|-enditem|p1a: CASPER|Leftovers|[from] move: Knock Off|[of] p2a: 雄痿崖
|
|-heal|p2a: 雄痿崖|42/100|[from] item: Leftovers
|upkeep
|turn|20
|
|t:|1779856257
|move|p1a: CASPER|Drain Punch|p2a: 雄痿崖
|-damage|p2a: 雄痿崖|0 fnt
|-heal|p1a: CASPER|100/100|[from] drain|[of] p2a: 雄痿崖
|faint|p2a: 雄痿崖
|-end|p2a: 雄痿崖|Protosynthesis|[silent]
|
|upkeep
|
|t:|1779856263
|switch|p2a: 百遍干|Ditto|100/100
|-transform|p2a: 百遍干|p1a: CASPER|[from] ability: Imposter
|-start|p2a: 百遍干|typechange|Poison/Fighting|[silent]
|turn|21
|
|t:|1779856269
|move|p2a: 百遍干|Drain Punch|p1a: CASPER
|-damage|p1a: CASPER|75/100
|move|p1a: CASPER|Bulk Up|p1a: CASPER
|-boost|p1a: CASPER|atk|1
|-boost|p1a: CASPER|def|1
|
|upkeep
|turn|22
|
|t:|1779856272
|move|p2a: 百遍干|Drain Punch|p1a: CASPER
|-damage|p1a: CASPER|52/100
|move|p1a: CASPER|Knock Off|p2a: 百遍干
|-resisted|p2a: 百遍干
|-damage|p2a: 百遍干|85/100
|-enditem|p2a: 百遍干|Choice Scarf|[from] move: Knock Off|[of] p1a: CASPER
|
|upkeep
|turn|23
|
|t:|1779856275
|move|p2a: 百遍干|Drain Punch|p1a: CASPER
|-damage|p1a: CASPER|28/100
|-heal|p2a: 百遍干|99/100|[from] drain|[of] p1a: CASPER
|move|p1a: CASPER|Drain Punch|p2a: 百遍干
|-resisted|p2a: 百遍干
|-damage|p2a: 百遍干|78/100
|-heal|p1a: CASPER|37/100|[from] drain|[of] p2a: 百遍干
|
|upkeep
|turn|24
|
|t:|1779856278
|move|p2a: 百遍干|Drain Punch|p1a: CASPER
|-damage|p1a: CASPER|15/100
|-heal|p2a: 百遍干|91/100|[from] drain|[of] p1a: CASPER
|move|p1a: CASPER|Drain Punch|p2a: 百遍干
|-resisted|p2a: 百遍干
|-damage|p2a: 百遍干|72/100
|-heal|p1a: CASPER|23/100|[from] drain|[of] p2a: 百遍干
|
|upkeep
|turn|25
|
|t:|1779856283
|move|p1a: CASPER|Drain Punch|p2a: 百遍干
|-resisted|p2a: 百遍干
|-damage|p2a: 百遍干|51/100
|-heal|p1a: CASPER|32/100|[from] drain|[of] p2a: 百遍干
|move|p2a: 百遍干|Drain Punch|p1a: CASPER
|-damage|p1a: CASPER|8/100
|-heal|p2a: 百遍干|65/100|[from] drain|[of] p1a: CASPER
|
|upkeep
|turn|26
|
|t:|1779856298
|move|p1a: CASPER|Drain Punch|p2a: 百遍干
|-resisted|p2a: 百遍干
|-damage|p2a: 百遍干|44/100
|-heal|p1a: CASPER|17/100|[from] drain|[of] p2a: 百遍干
|move|p2a: 百遍干|Knock Off|p1a: CASPER
|-damage|p1a: CASPER|4/100
|
|upkeep
|turn|27
|
|t:|1779856303
|move|p1a: CASPER|Ice Punch|p2a: 百遍干
|-damage|p2a: 百遍干|18/100
|move|p2a: 百遍干|Knock Off|p1a: CASPER
|-damage|p1a: CASPER|0 fnt
|faint|p1a: CASPER
|
|upkeep
|
|t:|1779856322
|switch|p1a: SHOXY|Zapdos|76/100
|-damage|p1a: SHOXY|51/100|[from] Stealth Rock
|turn|28
|
|t:|1779856328
|switch|p2a: 该鹿🦌管了|Ting-Lu|100/100
|-ability|p2a: 该鹿🦌管了|Vessel of Ruin
|move|p1a: SHOXY|Hurricane|p2a: 该鹿🦌管了|[miss]
|-miss|p1a: SHOXY|p2a: 该鹿🦌管了
|
|upkeep
|turn|29
|
|t:|1779856335
|switch|p1a: CODE:red|Tyranitar, M, shiny|100/100
|-damage|p1a: CODE:red|88/100|[from] Stealth Rock
|-status|p1a: CODE:red|tox
|-weather|Sandstorm|[from] ability: Sand Stream|[of] p1a: CODE:red
|move|p2a: 该鹿🦌管了|Whirlwind|p1a: CODE:red
|drag|p1a: Zzz|Darkrai|72/100
|-damage|p1a: Zzz|59/100|[from] Stealth Rock
|-status|p1a: Zzz|tox
|
|-weather|Sandstorm|[upkeep]
|-damage|p1a: Zzz|53/100 tox|[from] Sandstorm
|-damage|p1a: Zzz|47/100 tox|[from] psn
|upkeep
|turn|30
|
|t:|1779856347
|move|p1a: Zzz|Focus Blast|p2a: 该鹿🦌管了
|-supereffective|p2a: 该鹿🦌管了
|-damage|p2a: 该鹿🦌管了|67/100
|move|p2a: 该鹿🦌管了|Whirlwind|p1a: Zzz
|drag|p1a: RUNE 2H|Iron Valiant|100/100
|-damage|p1a: RUNE 2H|94/100|[from] Stealth Rock
|-status|p1a: RUNE 2H|tox
|-enditem|p1a: RUNE 2H|Booster Energy
|-activate|p1a: RUNE 2H|ability: Quark Drive|[fromitem]
|-start|p1a: RUNE 2H|quarkdrivespe
|
|-weather|Sandstorm|[upkeep]
|-damage|p1a: RUNE 2H|88/100 tox|[from] Sandstorm
|-damage|p1a: RUNE 2H|82/100 tox|[from] psn
|upkeep
|turn|31
|
|t:|1779856360
|move|p1a: RUNE 2H|Close Combat|p2a: 该鹿🦌管了
|-supereffective|p2a: 该鹿🦌管了
|-damage|p2a: 该鹿🦌管了|2/100
|-unboost|p1a: RUNE 2H|def|1
|-unboost|p1a: RUNE 2H|spd|1
|move|p2a: 该鹿🦌管了|Whirlwind|p1a: RUNE 2H
|-end|p1a: RUNE 2H|Quark Drive|[silent]
|drag|p1a: SHOXY|Zapdos|51/100
|-damage|p1a: SHOXY|26/100|[from] Stealth Rock
|
|-weather|Sandstorm|[upkeep]
|-damage|p1a: SHOXY|20/100|[from] Sandstorm
|upkeep
|turn|32
|
|t:|1779856365
|move|p1a: SHOXY|Hurricane|p2a: 该鹿🦌管了
|-damage|p2a: 该鹿🦌管了|0 fnt
|faint|p2a: 该鹿🦌管了
|
|-weather|Sandstorm|[upkeep]
|-damage|p1a: SHOXY|13/100|[from] Sandstorm
|upkeep
|
|t:|1779856368
|switch|p2a: 百遍干|Ditto|18/100
|-transform|p2a: 百遍干|p1a: SHOXY|[from] ability: Imposter
|turn|33
|
|t:|1779856375
|move|p2a: 百遍干|Volt Switch|p1a: SHOXY
|-damage|p1a: SHOXY|0 fnt
|faint|p1a: SHOXY
|
|t:|1779856380
|switch|p2a: 操坏星|Toxapex, M|66/100|[from] Volt Switch
|
|-weather|none
|upkeep
|
|t:|1779856385
|switch|p1a: Zzz|Darkrai|47/100 tox
|-damage|p1a: Zzz|35/100 tox|[from] Stealth Rock
|turn|34
|
|t:|1779856391
|move|p2a: 操坏星|Baneful Bunker|p2a: 操坏星
|-singleturn|p2a: 操坏星|move: Protect
|move|p1a: Zzz|Trick|p2a: 操坏星
|-activate|p2a: 操坏星|move: Protect
|
|-damage|p1a: Zzz|29/100 tox|[from] psn
|upkeep
|turn|35
|
|t:|1779856403
|switch|p1a: CODE:red|Tyranitar, M, shiny|88/100 tox
|-damage|p1a: CODE:red|76/100 tox|[from] Stealth Rock
|-weather|Sandstorm|[from] ability: Sand Stream|[of] p1a: CODE:red
|switch|p2a: 百遍干|Ditto|18/100
|-transform|p2a: 百遍干|p1a: CODE:red|[from] ability: Imposter
|
|-weather|Sandstorm|[upkeep]
|-damage|p1a: CODE:red|70/100 tox|[from] psn
|upkeep
|turn|36
|
|t:|1779856419
|switch|p2a: 操坏星|Toxapex, M|99/100
|move|p1a: CODE:red|Stealth Rock|p2a: 操坏星
|-sidestart|p2: ohqg|move: Stealth Rock
|
|-weather|Sandstorm|[upkeep]
|-damage|p2a: 操坏星|93/100|[from] Sandstorm
|-damage|p1a: CODE:red|57/100 tox|[from] psn
|upkeep
|turn|37
|
|t:|1779856425
|move|p2a: 操坏星|Infestation|p1a: CODE:red
|-supereffective|p1a: CODE:red
|-damage|p1a: CODE:red|54/100 tox
|-activate|p1a: CODE:red|move: Infestation|[of] p2a: 操坏星
|-enditem|p1a: CODE:red|Red Card|[of] p2a: 操坏星
|drag|p2a: 双膏丸进化|Samurott-Hisui, F|100/100
|-damage|p2a: 双膏丸进化|88/100|[from] Stealth Rock
|move|p1a: CODE:red|Roar|p2a: 双膏丸进化
|drag|p2a: 操坏星|Toxapex, M|100/100
|-damage|p2a: 操坏星|88/100|[from] Stealth Rock
|
|-weather|Sandstorm|[upkeep]
|-damage|p2a: 操坏星|82/100|[from] Sandstorm
|-damage|p1a: CODE:red|36/100 tox|[from] psn
|-end|p1a: CODE:red|Infestation|[partiallytrapped]|[silent]
|upkeep
|turn|38
|
|t:|1779856437
|move|p2a: 操坏星|Infestation|p1a: CODE:red
|-supereffective|p1a: CODE:red
|-damage|p1a: CODE:red|33/100 tox
|-activate|p1a: CODE:red|move: Infestation|[of] p2a: 操坏星
|move|p1a: CODE:red|Roar|p2a: 操坏星
|drag|p2a: 双膏丸进化|Samurott-Hisui, F|88/100
|-damage|p2a: 双膏丸进化|75/100|[from] Stealth Rock
|
|-weather|Sandstorm|[upkeep]
|-damage|p2a: 双膏丸进化|69/100|[from] Sandstorm
|-heal|p2a: 双膏丸进化|75/100|[from] item: Leftovers
|-damage|p1a: CODE:red|8/100 tox|[from] psn
|-end|p1a: CODE:red|Infestation|[partiallytrapped]|[silent]
|upkeep
|turn|39
|
|t:|1779856446
|move|p2a: 双膏丸进化|Flip Turn|p1a: CODE:red
|-supereffective|p1a: CODE:red
|-damage|p1a: CODE:red|0 fnt
|faint|p1a: CODE:red
|
|t:|1779856449
|switch|p2a: 操坏星|Toxapex, M|100/100|[from] Flip Turn
|-damage|p2a: 操坏星|88/100|[from] Stealth Rock
|
|-weather|none
|upkeep
|
|t:|1779856455
|switch|p1a: Zzz|Darkrai|29/100 tox
|-damage|p1a: Zzz|16/100 tox|[from] Stealth Rock
|turn|40
|
|t:|1779856463
|move|p2a: 操坏星|Baneful Bunker|p2a: 操坏星
|-singleturn|p2a: 操坏星|move: Protect
|move|p1a: Zzz|Dark Pulse|p2a: 操坏星
|-activate|p2a: 操坏星|move: Protect
|
|-damage|p1a: Zzz|10/100 tox|[from] psn
|upkeep
|turn|41
|
|t:|1779856469
|move|p1a: Zzz|Dark Pulse|p2a: 操坏星
|-damage|p2a: 操坏星|60/100
|move|p2a: 操坏星|Infestation|p1a: Zzz
|-supereffective|p1a: Zzz
|-damage|p1a: Zzz|2/100 tox
|-activate|p1a: Zzz|move: Infestation|[of] p2a: 操坏星
|
|-damage|p1a: Zzz|0 fnt|[from] psn
|faint|p1a: Zzz
|upkeep
|
|t:|1779856472
|switch|p1a: RUNE 2H|Iron Valiant|82/100 tox
|-damage|p1a: RUNE 2H|76/100 tox|[from] Stealth Rock
|turn|42
|
|t:|1779856483
|move|p2a: 操坏星|Baneful Bunker|p2a: 操坏星
|-singleturn|p2a: 操坏星|move: Protect
|move|p1a: RUNE 2H|Swords Dance|p1a: RUNE 2H
|-boost|p1a: RUNE 2H|atk|2
|
|-damage|p1a: RUNE 2H|69/100 tox|[from] psn
|upkeep
|turn|43
|
|t:|1779856493
|move|p1a: RUNE 2H|Close Combat|p2a: 操坏星
|-resisted|p2a: 操坏星
|-damage|p2a: 操坏星|9/100
|-unboost|p1a: RUNE 2H|def|1
|-unboost|p1a: RUNE 2H|spd|1
|move|p2a: 操坏星|Infestation|p1a: RUNE 2H
|-resisted|p1a: RUNE 2H
|-damage|p1a: RUNE 2H|67/100 tox
|-activate|p1a: RUNE 2H|move: Infestation|[of] p2a: 操坏星
|
|-damage|p1a: RUNE 2H|55/100 tox|[from] psn
|-damage|p1a: RUNE 2H|42/100 tox|[from] move: Infestation|[partiallytrapped]
|upkeep
|turn|44
|
|t:|1779856500
|move|p2a: 操坏星|Baneful Bunker|p2a: 操坏星
|-singleturn|p2a: 操坏星|move: Protect
|move|p1a: RUNE 2H|Swords Dance|p1a: RUNE 2H
|-boost|p1a: RUNE 2H|atk|2
|
|-damage|p1a: RUNE 2H|24/100 tox|[from] psn
|-damage|p1a: RUNE 2H|11/100 tox|[from] move: Infestation|[partiallytrapped]
|upkeep
|turn|45
|
|t:|1779856505
|move|p2a: 操坏星|Baneful Bunker||[still]
|-fail|p2a: 操坏星
|move|p1a: RUNE 2H|Close Combat|p2a: 操坏星
|-resisted|p2a: 操坏星
|-damage|p2a: 操坏星|0 fnt
|-unboost|p1a: RUNE 2H|def|1
|-unboost|p1a: RUNE 2H|spd|1
|faint|p2a: 操坏星
|
|-damage|p1a: RUNE 2H|0 fnt|[from] psn
|faint|p1a: RUNE 2H
|-end|p1a: RUNE 2H|Quark Drive|[silent]
|
|win|ohqg
|raw|TWENNY7's rating: 1349 &rarr; <strong>1328</strong><br />(-21 for losing)
|raw|ohqg's rating: 1330 &rarr; <strong>1351</strong><br />(+21 for winning)
|l|☆ohqg
|player|p2|
|l|☆TWENNY7
|player|p1|
