|j|☆tecerdo
|j|☆klopkik
|t:|1779885609
|gametype|singles
|player|p1|tecerdo|gentleman-gen4dp|1451
|player|p2|klopkik|101|1599
|gen|9
|tier|[Gen 9] OU
|rated|
|rule|HP Percentage Mod: HP is shown in percentages
|rule|Endless Battle Clause: Forcing endless battles is banned
|rule|Species Clause: Limit one of each Pokémon
|rule|OHKO Clause: OHKO moves are banned
|rule|Evasion Items Clause: Evasion items are banned
|rule|Evasion Moves Clause: Evasion moves are banned
|rule|Evasion Abilities Clause: Evasion abilities are banned
|rule|Sleep Moves Clause: Sleep-inducing moves are banned
|clearpoke
|poke|p1|Pelipper, M|
|poke|p1|Beartic, M|
|poke|p1|Barraskewda, F|
|poke|p1|Bellibolt, F|
|poke|p1|Toxicroak, F|
|poke|p1|Iron Treads|
|poke|p2|Ursaluna, M|
|poke|p2|Dragonite, F|
|poke|p2|Toxapex, M|
|poke|p2|Heatran, M|
|poke|p2|Hydreigon, F|
|poke|p2|Hatterene, F|
|teampreview
|inactive|Battle timer is ON: inactive players will automatically lose when time's up. (requested by tecerdo)
|
|t:|1779885623
|teamsize|p1|6
|teamsize|p2|6
|start
|switch|p1a: Barraskewda|Barraskewda, F|100/100
|switch|p2a: Hydreigon|Hydreigon, F|100/100
|turn|1
|
|t:|1779885633
|switch|p2a: Toxapex|Toxapex, M|100/100
|move|p1a: Barraskewda|Flip Turn|p2a: Toxapex
|-resisted|p2a: Toxapex
|-damage|p2a: Toxapex|81/100
|-enditem|p2a: Toxapex|Eject Button
|
|t:|1779885651
|switch|p2a: Ursaluna|Ursaluna, M|100/100
|
|-status|p2a: Ursaluna|brn|[from] item: Flame Orb
|upkeep
|turn|2
|
|t:|1779885668
|-terastallize|p2a: Ursaluna|Normal
|move|p1a: Barraskewda|Flip Turn|p2a: Ursaluna
|-damage|p2a: Ursaluna|60/100 brn
|
|t:|1779885682
|switch|p1a: Iron Treads|Iron Treads|100/100|[from] Flip Turn
|move|p2a: Ursaluna|Facade|p1a: Iron Treads
|-resisted|p1a: Iron Treads
|-damage|p1a: Iron Treads|20/100
|
|-damage|p2a: Ursaluna|54/100 brn|[from] brn
|upkeep
|turn|3
|
|t:|1779885689
|switch|p2a: Hatterene|Hatterene, F|100/100
|move|p1a: Iron Treads|Earthquake|p2a: Hatterene
|-damage|p2a: Hatterene|68/100
|
|-heal|p2a: Hatterene|74/100|[from] item: Leftovers
|upkeep
|turn|4
|
|t:|1779885700
|move|p1a: Iron Treads|Earthquake|p2a: Hatterene
|-damage|p2a: Hatterene|43/100
|move|p2a: Hatterene|Draining Kiss|p1a: Iron Treads
|-resisted|p1a: Iron Treads
|-damage|p1a: Iron Treads|8/100
|-heal|p2a: Hatterene|52/100|[from] drain|[of] p1a: Iron Treads
|
|-heal|p2a: Hatterene|58/100|[from] item: Leftovers
|upkeep
|turn|5
|
|t:|1779885703
|move|p1a: Iron Treads|Knock Off|p2a: Hatterene
|-damage|p2a: Hatterene|39/100
|-enditem|p2a: Hatterene|Leftovers|[from] move: Knock Off|[of] p1a: Iron Treads
|move|p2a: Hatterene|Draining Kiss|p1a: Iron Treads
|-resisted|p1a: Iron Treads
|-damage|p1a: Iron Treads|0 fnt
|-heal|p2a: Hatterene|44/100|[from] drain|[of] p1a: Iron Treads
|faint|p1a: Iron Treads
|-end|p1a: Iron Treads|Quark Drive|[silent]
|
|upkeep
|
|t:|1779885713
|switch|p1a: Barraskewda|Barraskewda, F|100/100
|turn|6
|
|t:|1779885717
|switch|p2a: Toxapex|Toxapex, M|100/100
|move|p1a: Barraskewda|Flip Turn|p2a: Toxapex
|-resisted|p2a: Toxapex
|-damage|p2a: Toxapex|82/100
|
|t:|1779885724
|switch|p1a: Bellibolt|Bellibolt, F|100/100|[from] Flip Turn
|
|upkeep
|turn|7
|
|t:|1779885729
|move|p1a: Bellibolt|Volt Switch|p2a: Toxapex
|-supereffective|p2a: Toxapex
|-crit|p2a: Toxapex
|-damage|p2a: Toxapex|22/100
|
|t:|1779885733
|switch|p1a: Pelipper|Pelipper, M|100/100|[from] Volt Switch
|-weather|RainDance|[from] ability: Drizzle|[of] p1a: Pelipper
|move|p2a: Toxapex|Toxic|p1a: Pelipper
|-status|p1a: Pelipper|tox
|
|-weather|RainDance|[upkeep]
|-damage|p1a: Pelipper|94/100 tox|[from] psn
|upkeep
|turn|8
|
|t:|1779885743
|switch|p2a: Hatterene|Hatterene, F|44/100
|move|p1a: Pelipper|U-turn|p2a: Hatterene
|-crit|p2a: Hatterene
|-damage|p2a: Hatterene|34/100
|
|t:|1779885748
|switch|p1a: Barraskewda|Barraskewda, F|100/100|[from] U-turn
|
|-weather|RainDance|[upkeep]
|upkeep
|turn|9
|
|t:|1779885753
|move|p1a: Barraskewda|Liquidation|p2a: Hatterene
|-damage|p2a: Hatterene|0 fnt
|faint|p2a: Hatterene
|
|-weather|RainDance|[upkeep]
|upkeep
|
|t:|1779885759
|switch|p2a: Hydreigon|Hydreigon, F|100/100
|turn|10
|
|t:|1779885763
|switch|p1a: Bellibolt|Bellibolt, F|100/100
|move|p2a: Hydreigon|Draco Meteor|p1a: Bellibolt|[miss]
|-miss|p2a: Hydreigon|p1a: Bellibolt
|
|-weather|RainDance|[upkeep]
|upkeep
|turn|11
|
|t:|1779885775
|switch|p2a: Ursaluna|Ursaluna, M, tera:Normal|54/100 brn
|move|p1a: Bellibolt|Thunder|p2a: Ursaluna
|-damage|p2a: Ursaluna|2/100 brn
|
|-weather|RainDance|[upkeep]
|-damage|p2a: Ursaluna|0 fnt|[from] brn
|faint|p2a: Ursaluna
|upkeep
|
|t:|1779885783
|switch|p2a: Hydreigon|Hydreigon, F|100/100
|turn|12
|
|t:|1779885787
|move|p2a: Hydreigon|Draco Meteor|p1a: Bellibolt
|-damage|p1a: Bellibolt|49/100
|-unboost|p2a: Hydreigon|spa|2
|-start|p1a: Bellibolt|Charge|Draco Meteor|[from] ability: Electromorphosis
|move|p1a: Bellibolt|Thunder|p2a: Hydreigon
|-resisted|p2a: Hydreigon
|-damage|p2a: Hydreigon|40/100
|-end|p1a: Bellibolt|Charge|[silent]
|
|-weather|RainDance|[upkeep]
|upkeep
|turn|13
|
|t:|1779885798
|switch|p2a: Heatran|Heatran, M|100/100
|-item|p2a: Heatran|Air Balloon
|move|p1a: Bellibolt|Parabolic Charge|p2a: Heatran
|-damage|p2a: Heatran|82/100
|-heal|p1a: Bellibolt|58/100|[from] drain|[of] p2a: Heatran
|-enditem|p2a: Heatran|Air Balloon
|
|-weather|RainDance|[upkeep]
|upkeep
|turn|14
|
|t:|1779885814
|move|p2a: Heatran|Stealth Rock|p1a: Bellibolt
|-sidestart|p1: tecerdo|move: Stealth Rock
|move|p1a: Bellibolt|Weather Ball|p2a: Heatran
|-supereffective|p2a: Heatran
|-damage|p2a: Heatran|20/100
|
|-weather|none
|upkeep
|turn|15
|
|t:|1779885819
|switch|p1a: Pelipper|Pelipper, M|94/100 tox
|-damage|p1a: Pelipper|70/100 tox|[from] Stealth Rock
|-weather|RainDance|[from] ability: Drizzle|[of] p1a: Pelipper
|move|p2a: Heatran|Earth Power|p1a: Pelipper
|-immune|p1a: Pelipper
|
|-weather|RainDance|[upkeep]
|-damage|p1a: Pelipper|63/100 tox|[from] psn
|upkeep
|turn|16
|
|t:|1779885826
|switch|p2a: Toxapex|Toxapex, M|56/100
|move|p1a: Pelipper|U-turn|p2a: Toxapex
|-resisted|p2a: Toxapex
|-damage|p2a: Toxapex|52/100
|
|t:|1779885831
|switch|p1a: Bellibolt|Bellibolt, F|58/100|[from] U-turn
|-damage|p1a: Bellibolt|46/100|[from] Stealth Rock
|
|-weather|RainDance|[upkeep]
|upkeep
|turn|17
|
|t:|1779885836
|switch|p2a: Heatran|Heatran, M|20/100
|move|p1a: Bellibolt|Thunder|p2a: Heatran
|-damage|p2a: Heatran|0 fnt
|faint|p2a: Heatran
|
|-weather|RainDance|[upkeep]
|upkeep
|
|t:|1779885841
|switch|p2a: Hydreigon|Hydreigon, F|40/100
|turn|18
|
|t:|1779885846
|move|p2a: Hydreigon|Draco Meteor|p1a: Bellibolt
|-damage|p1a: Bellibolt|0 fnt
|-unboost|p2a: Hydreigon|spa|2
|faint|p1a: Bellibolt
|
|-weather|RainDance|[upkeep]
|upkeep
|
|t:|1779885850
|switch|p1a: Barraskewda|Barraskewda, F|100/100
|-damage|p1a: Barraskewda|88/100|[from] Stealth Rock
|turn|19
|
|t:|1779885855
|switch|p2a: Toxapex|Toxapex, M|86/100
|move|p1a: Barraskewda|Flip Turn|p2a: Toxapex
|-resisted|p2a: Toxapex
|-damage|p2a: Toxapex|55/100
|
|t:|1779885862
|switch|p1a: Beartic|Beartic, M|100/100|[from] Flip Turn
|-damage|p1a: Beartic|76/100|[from] Stealth Rock
|
|-weather|RainDance|[upkeep]
|upkeep
|turn|20
|
|t:|1779885871
|-terastallize|p1a: Beartic|Ground
|move|p1a: Beartic|Earthquake|p2a: Toxapex
|-supereffective|p2a: Toxapex
|-damage|p2a: Toxapex|0 fnt
|faint|p2a: Toxapex
|
|-weather|RainDance|[upkeep]
|upkeep
|
|t:|1779885880
|switch|p2a: Hydreigon|Hydreigon, F|40/100
|turn|21
|
|t:|1779885888
|move|p1a: Beartic|Icicle Spear|p2a: Hydreigon
|-supereffective|p2a: Hydreigon
|-damage|p2a: Hydreigon|11/100
|-supereffective|p2a: Hydreigon
|-damage|p2a: Hydreigon|0 fnt
|faint|p2a: Hydreigon
|-hitcount|p2: Hydreigon|2
|
|-weather|RainDance|[upkeep]
|upkeep
|
|t:|1779885891
|switch|p2a: Dragonite|Dragonite, F|100/100
|turn|22
|
|t:|1779885894
|move|p1a: Beartic|Icicle Spear|p2a: Dragonite
|-supereffective|p2a: Dragonite
|-damage|p2a: Dragonite|72/100
|-supereffective|p2a: Dragonite
|-damage|p2a: Dragonite|15/100
|-supereffective|p2a: Dragonite
|-damage|p2a: Dragonite|0 fnt
|faint|p2a: Dragonite
|-hitcount|p2: Dragonite|3
|
|win|tecerdo
|raw|tecerdo's rating: 1451 &rarr; <strong>1479</strong><br />(+28 for winning)
|raw|klopkik's rating: 1599 &rarr; <strong>1571</strong><br />(-28 for losing)
|l|☆klopkik
|player|p2|
|l|☆tecerdo
|player|p1|
