|j|☆AbraviousTinkaton
|j|☆Ridlostar
|t:|1779891577
|gametype|singles
|player|p1|AbraviousTinkaton|dana|1706
|player|p2|Ridlostar|hilbert|1684
|gen|9
|tier|[Gen 9] OU
|rated|
|rule|HP Percentage Mod: HP is shown in percentages
|rule|Endless Battle Clause: Forcing endless battles is banned
|rule|Species Clause: Limit one of each Pokémon
|rule|OHKO Clause: OHKO moves are banned
|rule|Evasion Items Clause: Evasion items are banned
|rule|Evasion Moves Clause: Evasion moves are banned
|rule|Evasion Abilities Clause: Evasion abilities are banned
|rule|Sleep Moves Clause: Sleep-inducing moves are banned
|clearpoke
|poke|p1|Ogerpon-Wellspring, F|
|poke|p1|Kingambit, F|
|poke|p1|Landorus-Therian, M|
|poke|p1|Glimmora, F|
|poke|p1|Dragapult, M|
|poke|p1|Iron Valiant|
|poke|p2|Toedscruel, M|
|poke|p2|Darkrai|
|poke|p2|Cresselia, F|
|poke|p2|Clodsire, M|
|poke|p2|Dragonite, M|
|poke|p2|Alomomola, M|
|teampreview
|inactive|Battle timer is ON: inactive players will automatically lose when time's up. (requested by Ridlostar)
|
|t:|1779891603
|teamsize|p1|6
|teamsize|p2|6
|start
|switch|p1a: Ogerpon|Ogerpon-Wellspring, F|100/100
|switch|p2a: Squidward?|Toedscruel, M|100/100
|turn|1
|
|t:|1779891607
|move|p1a: Ogerpon|Ivy Cudgel|p2a: Squidward?|[anim] Ivy Cudgel Water
|-damage|p2a: Squidward?|7/100
|move|p2a: Squidward?|Toxic|p1a: Ogerpon
|-status|p1a: Ogerpon|tox
|
|-damage|p1a: Ogerpon|95/100 tox|[from] psn
|upkeep
|turn|2
|
|t:|1779891619
|switch|p2a: him|Dragonite, M|100/100
|move|p1a: Ogerpon|Ivy Cudgel|p2a: him|[anim] Ivy Cudgel Water
|-resisted|p2a: him
|-damage|p2a: him|85/100
|
|-heal|p2a: him|91/100|[from] item: Leftovers
|-damage|p1a: Ogerpon|83/100 tox|[from] psn
|upkeep
|turn|3
|
|t:|1779891622
|move|p1a: Ogerpon|Play Rough|p2a: him
|-supereffective|p2a: him
|-damage|p2a: him|13/100
|move|p2a: him|Dragon Dance|p2a: him
|-boost|p2a: him|atk|1
|-boost|p2a: him|spe|1
|
|-heal|p2a: him|20/100|[from] item: Leftovers
|-damage|p1a: Ogerpon|65/100 tox|[from] psn
|upkeep
|turn|4
|
|t:|1779891647
|switch|p2a: Fair and Balanced|Alomomola, M|100/100
|switch|p1a: Landorus|Landorus-Therian, M|100/100
|-ability|p1a: Landorus|Intimidate|boost
|-unboost|p2a: Fair and Balanced|atk|1
|
|upkeep
|turn|5
|
|t:|1779891652
|move|p1a: Landorus|Stealth Rock|p2a: Fair and Balanced
|-sidestart|p2: Ridlostar|move: Stealth Rock
|move|p2a: Fair and Balanced|Wish|p2a: Fair and Balanced
|
|upkeep
|turn|6
|
|t:|1779891664
|switch|p2a: Keanu Reeves|Darkrai|100/100
|-damage|p2a: Keanu Reeves|88/100|[from] Stealth Rock
|move|p1a: Landorus|U-turn|p2a: Keanu Reeves
|-supereffective|p2a: Keanu Reeves
|-enditem|p2a: Keanu Reeves|Tanga Berry|[eat]
|-enditem|p2a: Keanu Reeves|Tanga Berry|[weaken]
|-damage|p2a: Keanu Reeves|55/100
|
|t:|1779891672
|switch|p1a: Dragapult|Dragapult, M|100/100|[from] U-turn
|
|-heal|p2a: Keanu Reeves|100/100|[from] move: Wish|[wisher] Fair and Balanced
|upkeep
|turn|7
|
|t:|1779891684
|switch|p2a: him|Dragonite, M|20/100
|-damage|p2a: him|0 fnt|[from] Stealth Rock
|faint|p2a: him
|move|p1a: Dragapult|U-turn|p2: him|[notarget]
|-fail|p1a: Dragapult
|
|upkeep
|inactive|Ridlostar has 120 seconds left.
|
|t:|1779891718
|switch|p2a: Keanu Reeves|Darkrai|100/100
|-damage|p2a: Keanu Reeves|88/100|[from] Stealth Rock
|turn|8
|inactive|Ridlostar has 120 seconds left.
|
|t:|1779891724
|move|p1a: Dragapult|U-turn|p2a: Keanu Reeves
|-supereffective|p2a: Keanu Reeves
|-damage|p2a: Keanu Reeves|41/100
|
|t:|1779891730
|switch|p1a: Kingambit|Kingambit, F|100/100|[from] U-turn
|move|p2a: Keanu Reeves|Knock Off|p1a: Kingambit
|-resisted|p1a: Kingambit
|-damage|p1a: Kingambit|86/100
|-enditem|p1a: Kingambit|Leftovers|[from] move: Knock Off|[of] p2a: Keanu Reeves
|
|upkeep
|turn|9
|
|t:|1779891736
|-end|p1a: Kingambit|fallenundefined|[silent]
|switch|p1a: Dragapult|Dragapult, M|100/100
|move|p2a: Keanu Reeves|Will-O-Wisp|p1a: Dragapult|[miss]
|-miss|p2a: Keanu Reeves|p1a: Dragapult
|
|upkeep
|turn|10
|
|t:|1779891744
|switch|p2a: Fair and Balanced|Alomomola, M|100/100
|move|p1a: Dragapult|U-turn|p2a: Fair and Balanced
|-crit|p2a: Fair and Balanced
|-damage|p2a: Fair and Balanced|82/100
|
|t:|1779891748
|switch|p1a: Glimmora|Glimmora, F|100/100|[from] U-turn
|
|upkeep
|turn|11
|
|t:|1779891754
|move|p1a: Glimmora|Meteor Beam||[still]
|-prepare|p1a: Glimmora|Meteor Beam
|-boost|p1a: Glimmora|spa|1
|-enditem|p1a: Glimmora|Power Herb
|-anim|p1a: Glimmora|Meteor Beam|p2a: Fair and Balanced
|-damage|p2a: Fair and Balanced|7/100
|move|p2a: Fair and Balanced|Wish|p2a: Fair and Balanced
|
|upkeep
|turn|12
|
|t:|1779891763
|switch|p2a: Big Man|Clodsire, M|100/100
|-damage|p2a: Big Man|94/100|[from] Stealth Rock
|move|p1a: Glimmora|Spikes|p2a: Big Man
|-sidestart|p2: Ridlostar|Spikes
|
|-heal|p2a: Big Man|100/100|[from] move: Wish|[wisher] Fair and Balanced
|upkeep
|turn|13
|
|t:|1779891769
|move|p1a: Glimmora|Spikes|p2a: Big Man
|-sidestart|p2: Ridlostar|Spikes
|move|p2a: Big Man|Stockpile|p2a: Big Man
|-start|p2a: Big Man|stockpile1
|-boost|p2a: Big Man|def|1
|-boost|p2a: Big Man|spd|1
|
|upkeep
|turn|14
|
|t:|1779891775
|switch|p1a: Landorus|Landorus-Therian, M|100/100
|-ability|p1a: Landorus|Intimidate|boost
|-unboost|p2a: Big Man|atk|1
|move|p2a: Big Man|Stockpile|p2a: Big Man
|-start|p2a: Big Man|stockpile2
|-boost|p2a: Big Man|def|1
|-boost|p2a: Big Man|spd|1
|
|upkeep
|turn|15
|
|t:|1779891782
|switch|p2a: Keanu Reeves|Darkrai|41/100
|-damage|p2a: Keanu Reeves|29/100|[from] Stealth Rock
|-damage|p2a: Keanu Reeves|12/100|[from] Spikes
|move|p1a: Landorus|Taunt|p2a: Keanu Reeves
|-start|p2a: Keanu Reeves|move: Taunt
|
|upkeep
|turn|16
|
|t:|1779891787
|switch|p1a: Ogerpon|Ogerpon-Wellspring, F|65/100 tox
|move|p2a: Keanu Reeves|Ice Beam|p1a: Ogerpon
|-damage|p1a: Ogerpon|32/100 tox
|
|-damage|p1a: Ogerpon|26/100 tox|[from] psn
|upkeep
|turn|17
|
|t:|1779891790
|move|p2a: Keanu Reeves|Ice Beam|p1a: Ogerpon
|-crit|p1a: Ogerpon
|-damage|p1a: Ogerpon|0 fnt
|faint|p1a: Ogerpon
|
|-end|p2a: Keanu Reeves|move: Taunt
|upkeep
|
|t:|1779891793
|switch|p1a: Dragapult|Dragapult, M|100/100
|turn|18
|inactive|Ridlostar has 120 seconds left.
|
|t:|1779891837
|switch|p2a: Big Man|Clodsire, M|100/100
|-damage|p2a: Big Man|94/100|[from] Stealth Rock
|-damage|p2a: Big Man|78/100|[from] Spikes
|move|p1a: Dragapult|Shadow Ball|p2a: Big Man
|-damage|p2a: Big Man|42/100
|
|-heal|p2a: Big Man|48/100|[from] item: Leftovers
|upkeep
|turn|19
|
|t:|1779891851
|switch|p1a: Landorus|Landorus-Therian, M|100/100
|-ability|p1a: Landorus|Intimidate|boost
|-unboost|p2a: Big Man|atk|1
|move|p2a: Big Man|Toxic|p1a: Landorus
|-status|p1a: Landorus|tox
|
|-heal|p2a: Big Man|54/100|[from] item: Leftovers
|-damage|p1a: Landorus|94/100 tox|[from] psn
|upkeep
|turn|20
|
|t:|1779891861
|switch|p2a: Squidward?|Toedscruel, M|7/100
|move|p1a: Landorus|Earthquake|p2a: Squidward?
|-resisted|p2a: Squidward?
|-damage|p2a: Squidward?|0 fnt
|faint|p2a: Squidward?
|
|-damage|p1a: Landorus|82/100 tox|[from] psn
|upkeep
|
|t:|1779891867
|switch|p2a: Fair and Balanced|Alomomola, M|40/100
|turn|21
|
|t:|1779891871
|switch|p2a: why|Cresselia, F, shiny|100/100
|-damage|p2a: why|88/100|[from] Stealth Rock
|move|p1a: Landorus|U-turn|p2a: why
|-supereffective|p2a: why
|-crit|p2a: why
|-damage|p2a: why|56/100
|
|t:|1779891874
|switch|p1a: Dragapult|Dragapult, M|100/100|[from] U-turn
|
|-heal|p2a: why|62/100|[from] item: Leftovers
|upkeep
|turn|22
|inactive|Ridlostar has 120 seconds left.
|
|t:|1779891893
|switch|p2a: Keanu Reeves|Darkrai|12/100
|-damage|p2a: Keanu Reeves|0 fnt|[from] Stealth Rock
|faint|p2a: Keanu Reeves
|-terastallize|p1a: Dragapult|Ghost
|move|p1a: Dragapult|Shadow Ball|p2: Keanu Reeves|[notarget]
|-fail|p1a: Dragapult
|
|upkeep
|inactive|Ridlostar has 120 seconds left.
|
|t:|1779891910
|switch|p2a: Fair and Balanced|Alomomola, M|74/100
|turn|23
|
|t:|1779891915
|move|p1a: Dragapult|Shadow Ball|p2a: Fair and Balanced
|-damage|p2a: Fair and Balanced|19/100
|move|p2a: Fair and Balanced|Healing Wish|p2a: Fair and Balanced
|faint|p2a: Fair and Balanced
|
|upkeep
|
|t:|1779891918
|switch|p2a: why|Cresselia, F, shiny|62/100
|-heal|p2a: why|100/100|[from] move: Healing Wish
|-damage|p2a: why|88/100|[from] Stealth Rock
|turn|24
|
|t:|1779891921
|-terastallize|p2a: why|Poison
|move|p1a: Dragapult|Shadow Ball|p2a: why
|-damage|p2a: why|39/100
|move|p2a: why|Calm Mind|p2a: why
|-boost|p2a: why|spa|1
|-boost|p2a: why|spd|1
|
|-heal|p2a: why|46/100|[from] item: Leftovers
|upkeep
|turn|25
|
|t:|1779891928
|switch|p1a: Iron Valiant|Iron Valiant|100/100
|-enditem|p1a: Iron Valiant|Booster Energy
|-activate|p1a: Iron Valiant|ability: Quark Drive|[fromitem]
|-start|p1a: Iron Valiant|quarkdrivespe
|move|p2a: why|Moonlight|p2a: why
|-heal|p2a: why|96/100
|
|-heal|p2a: why|100/100|[from] item: Leftovers
|upkeep
|turn|26
|
|t:|1779891936
|switch|p2a: Big Man|Clodsire, M|54/100
|-damage|p2a: Big Man|48/100|[from] Stealth Rock
|-damage|p2a: Big Man|32/100|[from] Spikes
|move|p1a: Iron Valiant|Encore||[still]
|-fail|p1a: Iron Valiant
|
|-heal|p2a: Big Man|38/100|[from] item: Leftovers
|upkeep
|turn|27
|
|t:|1779891946
|move|p1a: Iron Valiant|Swords Dance|p1a: Iron Valiant
|-boost|p1a: Iron Valiant|atk|2
|move|p2a: Big Man|Recover|p2a: Big Man
|-heal|p2a: Big Man|88/100
|
|-heal|p2a: Big Man|94/100|[from] item: Leftovers
|upkeep
|turn|28
|
|t:|1779891950
|move|p1a: Iron Valiant|Encore|p2a: Big Man
|-start|p2a: Big Man|Encore
|move|p2a: Big Man|Recover|p2a: Big Man
|-heal|p2a: Big Man|100/100
|
|upkeep
|turn|29
|
|t:|1779891953
|switch|p2a: why|Cresselia, F, shiny, tera:Poison|100/100
|-damage|p2a: why|88/100|[from] Stealth Rock
|move|p1a: Iron Valiant|Knock Off|p2a: why
|-damage|p2a: why|55/100
|-enditem|p2a: why|Leftovers|[from] move: Knock Off|[of] p1a: Iron Valiant
|
|upkeep
|turn|30
|
|t:|1779891959
|switch|p2a: Big Man|Clodsire, M|100/100
|-damage|p2a: Big Man|94/100|[from] Stealth Rock
|-damage|p2a: Big Man|78/100|[from] Spikes
|move|p1a: Iron Valiant|Knock Off|p2a: Big Man
|-damage|p2a: Big Man|52/100
|-enditem|p2a: Big Man|Leftovers|[from] move: Knock Off|[of] p1a: Iron Valiant
|
|upkeep
|turn|31
|
|t:|1779891967
|move|p1a: Iron Valiant|Knock Off|p2a: Big Man
|-damage|p2a: Big Man|34/100
|move|p2a: Big Man|Toxic|p1a: Iron Valiant
|-status|p1a: Iron Valiant|tox
|
|-damage|p1a: Iron Valiant|94/100 tox|[from] psn
|upkeep
|turn|32
|
|t:|1779891972
|switch|p2a: why|Cresselia, F, shiny, tera:Poison|55/100
|-damage|p2a: why|43/100|[from] Stealth Rock
|move|p1a: Iron Valiant|Encore||[still]
|-fail|p1a: Iron Valiant
|
|-damage|p1a: Iron Valiant|82/100 tox|[from] psn
|upkeep
|turn|33
|
|t:|1779891982
|switch|p2a: Big Man|Clodsire, M|34/100
|-damage|p2a: Big Man|28/100|[from] Stealth Rock
|-damage|p2a: Big Man|11/100|[from] Spikes
|move|p1a: Iron Valiant|Swords Dance|p1a: Iron Valiant
|-boost|p1a: Iron Valiant|atk|2
|
|-damage|p1a: Iron Valiant|63/100 tox|[from] psn
|upkeep
|turn|34
|
|t:|1779891985
|move|p1a: Iron Valiant|Spirit Break|p2a: Big Man
|-resisted|p2a: Big Man
|-damage|p2a: Big Man|0 fnt
|faint|p2a: Big Man
|
|-damage|p1a: Iron Valiant|38/100 tox|[from] psn
|upkeep
|
|t:|1779891988
|switch|p2a: why|Cresselia, F, shiny, tera:Poison|43/100
|-damage|p2a: why|31/100|[from] Stealth Rock
|turn|35
|
|t:|1779891991
|move|p1a: Iron Valiant|Knock Off|p2a: why
|-damage|p2a: why|0 fnt
|faint|p2a: why
|
|win|AbraviousTinkaton
|raw|AbraviousTinkaton's rating: 1706 &rarr; <strong>1725</strong><br />(+19 for winning)
|raw|Ridlostar's rating: 1684 &rarr; <strong>1665</strong><br />(-19 for losing)
|c|☆Ridlostar|gg
|l|☆AbraviousTinkaton
|player|p1|
|l|☆Ridlostar
|player|p2|
