|j|☆otlos
|j|☆ueoia
|t:|1779858081
|gametype|singles
|player|p1|otlos|dawn-gen4pt|1093
|player|p2|ueoia|170|1141
|gen|9
|tier|[Gen 9] OU
|rated|
|rule|HP Percentage Mod: HP is shown in percentages
|rule|Endless Battle Clause: Forcing endless battles is banned
|rule|Species Clause: Limit one of each Pokémon
|rule|OHKO Clause: OHKO moves are banned
|rule|Evasion Items Clause: Evasion items are banned
|rule|Evasion Moves Clause: Evasion moves are banned
|rule|Evasion Abilities Clause: Evasion abilities are banned
|rule|Sleep Moves Clause: Sleep-inducing moves are banned
|clearpoke
|poke|p1|Dragonite, F|
|poke|p1|Torkoal, F|
|poke|p1|Cloyster, F|
|poke|p1|Brambleghast, M|
|poke|p1|Glimmora, M|
|poke|p1|Porygon-Z|
|poke|p2|Great Tusk|
|poke|p2|Cinderace, M|
|poke|p2|Alomomola, F|
|poke|p2|Zapdos|
|poke|p2|Slowking-Galar, F|
|poke|p2|Iron Valiant|
|teampreview
|
|t:|1779858094
|teamsize|p1|6
|teamsize|p2|6
|start
|switch|p1a: Glimmora|Glimmora, M|100/100
|switch|p2a: Slowking|Slowking-Galar, F|100/100
|turn|1
|
|t:|1779858103
|move|p1a: Glimmora|Toxic|p2a: Slowking
|-status|p2a: Slowking|tox
|move|p2a: Slowking|Future Sight|p1a: Glimmora
|-start|p2a: Slowking|move: Future Sight
|
|-damage|p2a: Slowking|94/100 tox|[from] psn
|upkeep
|turn|2
|
|t:|1779858114
|move|p1a: Glimmora|Power Gem|p2a: Slowking
|-damage|p2a: Slowking|65/100 tox
|-prepare|p2a: Slowking|Chilly Reception|[premajor]
|move|p2a: Slowking|Chilly Reception|p2a: Slowking
|-weather|Snowscape
|
|t:|1779858117
|switch|p2a: Iron Valiant|Iron Valiant|100/100|[from] Chilly Reception
|
|-weather|Snowscape|[upkeep]
|upkeep
|turn|3
|
|t:|1779858128
|move|p1a: Glimmora|Spiky Shield|p1a: Glimmora
|-singleturn|p1a: Glimmora|move: Protect
|move|p2a: Iron Valiant|Knock Off|p1a: Glimmora
|-activate|p1a: Glimmora|move: Protect
|-damage|p2a: Iron Valiant|88/100|[from] Spiky Shield|[of] p1a: Glimmora
|
|-weather|Snowscape|[upkeep]
|-end|p1a: Glimmora|move: Future Sight
|-supereffective|p1a: Glimmora
|-damage|p1a: Glimmora|6/100
|-heal|p1a: Glimmora|13/100|[from] item: Leftovers
|upkeep
|turn|4
|
|t:|1779858157
|switch|p1a: Cloyster|Cloyster, F|100/100
|move|p2a: Iron Valiant|Knock Off|p1a: Cloyster
|-damage|p1a: Cloyster|75/100
|-enditem|p1a: Cloyster|Leftovers|[from] move: Knock Off|[of] p2a: Iron Valiant
|
|-weather|Snowscape|[upkeep]
|upkeep
|turn|5
|
|t:|1779858171
|-end|p2a: Iron Valiant|Quark Drive|[silent]
|switch|p2a: Alomomola|Alomomola, F|100/100
|move|p1a: Cloyster|Shell Smash|p1a: Cloyster
|-unboost|p1a: Cloyster|def|1
|-unboost|p1a: Cloyster|spd|1
|-boost|p1a: Cloyster|atk|2
|-boost|p1a: Cloyster|spa|2
|-boost|p1a: Cloyster|spe|2
|
|-weather|Snowscape|[upkeep]
|upkeep
|turn|6
|
|t:|1779858181
|switch|p1a: Brambleghast|Brambleghast, M|100/100
|move|p2a: Alomomola|Body Slam|p1a: Brambleghast
|-immune|p1a: Brambleghast
|
|-weather|none
|upkeep
|turn|7
|
|t:|1779858189
|move|p1a: Brambleghast|Power Whip|p2a: Alomomola
|-supereffective|p2a: Alomomola
|-damage|p2a: Alomomola|7/100
|move|p2a: Alomomola|Mirror Coat||[still]
|-fail|p2a: Alomomola
|
|upkeep
|turn|8
|
|t:|1779858199
|switch|p2a: Slowking|Slowking-Galar, F|98/100 tox
|move|p1a: Brambleghast|Power Whip|p2a: Slowking
|-resisted|p2a: Slowking
|-damage|p2a: Slowking|78/100 tox
|
|-damage|p2a: Slowking|72/100 tox|[from] psn
|upkeep
|turn|9
|
|t:|1779858210
|move|p1a: Brambleghast|Shadow Sneak|p2a: Slowking
|-supereffective|p2a: Slowking
|-damage|p2a: Slowking|42/100 tox
|move|p2a: Slowking|Ice Beam|p1a: Brambleghast
|-supereffective|p1a: Brambleghast
|-damage|p1a: Brambleghast|25/100
|
|-damage|p2a: Slowking|30/100 tox|[from] psn
|upkeep
|turn|10
|
|t:|1779858220
|switch|p2a: Cinderace|Cinderace, M|100/100
|move|p1a: Brambleghast|Shadow Sneak|p2a: Cinderace
|-damage|p2a: Cinderace|74/100
|
|upkeep
|turn|11
|
|t:|1779858236
|switch|p1a: Torkoal|Torkoal, F|100/100
|-weather|SunnyDay|[from] ability: Drought|[of] p1a: Torkoal
|move|p2a: Cinderace|Pyro Ball|p1a: Torkoal
|-resisted|p1a: Torkoal
|-damage|p1a: Torkoal|74/100
|
|-weather|SunnyDay|[upkeep]
|upkeep
|turn|12
|
|t:|1779858243
|move|p2a: Cinderace|U-turn|p1a: Torkoal
|-resisted|p1a: Torkoal
|-damage|p1a: Torkoal|67/100
|
|t:|1779858247
|switch|p2a: Alomomola|Alomomola, F|40/100|[from] U-turn
|move|p1a: Torkoal|Iron Defense|p1a: Torkoal
|-boost|p1a: Torkoal|def|2
|
|-weather|SunnyDay|[upkeep]
|upkeep
|turn|13
|
|t:|1779858252
|move|p2a: Alomomola|Flip Turn|p1a: Torkoal
|-supereffective|p1a: Torkoal
|-damage|p1a: Torkoal|61/100
|
|t:|1779858257
|switch|p2a: Slowking|Slowking-Galar, F|63/100 tox|[from] Flip Turn
|move|p1a: Torkoal|Solar Beam||[still]
|-prepare|p1a: Torkoal|Solar Beam
|-anim|p1a: Torkoal|Solar Beam|p2a: Slowking
|-resisted|p2a: Slowking
|-damage|p2a: Slowking|54/100 tox
|
|-weather|SunnyDay|[upkeep]
|-damage|p2a: Slowking|48/100 tox|[from] psn
|upkeep
|turn|14
|
|t:|1779858270
|switch|p1a: Glimmora|Glimmora, M|13/100
|move|p2a: Slowking|Future Sight|p1a: Glimmora
|-start|p2a: Slowking|move: Future Sight
|
|-weather|SunnyDay|[upkeep]
|-heal|p1a: Glimmora|19/100|[from] item: Leftovers
|-damage|p2a: Slowking|36/100 tox|[from] psn
|upkeep
|turn|15
|
|t:|1779858286
|move|p1a: Glimmora|Toxic|p2a: Slowking
|-fail|p2a: Slowking|tox
|-prepare|p2a: Slowking|Chilly Reception|[premajor]
|move|p2a: Slowking|Chilly Reception|p2a: Slowking
|-weather|Snowscape
|
|t:|1779858293
|switch|p2a: Great Tusk|Great Tusk|100/100|[from] Chilly Reception
|
|-weather|Snowscape|[upkeep]
|-heal|p1a: Glimmora|25/100|[from] item: Leftovers
|upkeep
|turn|16
|
|t:|1779858311
|move|p2a: Great Tusk|Close Combat|p1a: Glimmora
|-damage|p1a: Glimmora|0 fnt
|-unboost|p2a: Great Tusk|def|1
|-unboost|p2a: Great Tusk|spd|1
|faint|p1a: Glimmora
|
|-weather|Snowscape|[upkeep]
|-hint|Future Sight did not hit because the target is fainted.
|upkeep
|
|t:|1779858329
|switch|p1a: Dragonite|Dragonite, F|100/100
|turn|17
|
|t:|1779858338
|-end|p2a: Great Tusk|Protosynthesis|[silent]
|switch|p2a: Alomomola|Alomomola, F|74/100
|move|p1a: Dragonite|Earthquake|p2a: Alomomola
|-damage|p2a: Alomomola|45/100
|
|-weather|Snowscape|[upkeep]
|upkeep
|turn|18
|
|t:|1779858356
|switch|p2a: Slowking|Slowking-Galar, F|69/100 tox
|move|p1a: Dragonite|Dragon Dance|p1a: Dragonite
|-boost|p1a: Dragonite|atk|1
|-boost|p1a: Dragonite|spe|1
|
|-weather|Snowscape|[upkeep]
|-damage|p2a: Slowking|63/100 tox|[from] psn
|upkeep
|turn|19
|
|t:|1779858363
|move|p1a: Dragonite|Earthquake|p2a: Slowking
|-supereffective|p2a: Slowking
|-enditem|p2a: Slowking|Shuca Berry|[eat]
|-enditem|p2a: Slowking|Shuca Berry|[weaken]
|-damage|p2a: Slowking|22/100 tox
|move|p2a: Slowking|Ice Beam|p1a: Dragonite
|-supereffective|p1a: Dragonite
|-damage|p1a: Dragonite|53/100
|-status|p1a: Dragonite|frz
|
|-weather|none
|-damage|p2a: Slowking|10/100 tox|[from] psn
|upkeep
|turn|20
|
|t:|1779858374
|switch|p2a: Alomomola|Alomomola, F|78/100
|-curestatus|p1a: Dragonite|frz|[msg]
|move|p1a: Dragonite|Earthquake|p2a: Alomomola
|-damage|p2a: Alomomola|36/100
|
|upkeep
|turn|21
|
|t:|1779858391
|move|p1a: Dragonite|Extreme Speed|p2a: Alomomola
|-damage|p2a: Alomomola|0 fnt
|faint|p2a: Alomomola
|
|upkeep
|
|t:|1779858395
|switch|p2a: Great Tusk|Great Tusk|100/100
|turn|22
|
|t:|1779858408
|move|p2a: Great Tusk|Knock Off|p1a: Dragonite
|-damage|p1a: Dragonite|18/100
|-enditem|p1a: Dragonite|Heavy-Duty Boots|[from] move: Knock Off|[of] p2a: Great Tusk
|move|p1a: Dragonite|Earthquake|p2a: Great Tusk
|-damage|p2a: Great Tusk|61/100
|
|upkeep
|turn|23
|
|t:|1779858429
|switch|p1a: Torkoal|Torkoal, F|61/100
|-weather|SunnyDay|[from] ability: Drought|[of] p1a: Torkoal
|-activate|p2a: Great Tusk|ability: Protosynthesis
|-start|p2a: Great Tusk|protosynthesisatk
|move|p2a: Great Tusk|Knock Off|p1a: Torkoal
|-damage|p1a: Torkoal|31/100
|-enditem|p1a: Torkoal|Charcoal|[from] move: Knock Off|[of] p2a: Great Tusk
|
|-weather|SunnyDay|[upkeep]
|upkeep
|turn|24
|
|t:|1779858438
|move|p2a: Great Tusk|Knock Off|p1a: Torkoal
|-damage|p1a: Torkoal|10/100
|move|p1a: Torkoal|Will-O-Wisp|p2a: Great Tusk
|-status|p2a: Great Tusk|brn
|
|-weather|SunnyDay|[upkeep]
|-damage|p2a: Great Tusk|55/100 brn|[from] brn
|upkeep
|turn|25
|
|t:|1779858447
|move|p2a: Great Tusk|Knock Off|p1a: Torkoal
|-damage|p1a: Torkoal|0 fnt
|faint|p1a: Torkoal
|
|-weather|SunnyDay|[upkeep]
|-damage|p2a: Great Tusk|48/100 brn|[from] brn
|upkeep
|
|t:|1779858454
|switch|p1a: Cloyster|Cloyster, F|75/100
|turn|26
|
|t:|1779858459
|-end|p2a: Great Tusk|Protosynthesis|[silent]
|switch|p2a: Slowking|Slowking-Galar, F|43/100 tox
|move|p1a: Cloyster|Shell Smash|p1a: Cloyster
|-unboost|p1a: Cloyster|def|1
|-unboost|p1a: Cloyster|spd|1
|-boost|p1a: Cloyster|atk|2
|-boost|p1a: Cloyster|spa|2
|-boost|p1a: Cloyster|spe|2
|
|-weather|SunnyDay|[upkeep]
|-damage|p2a: Slowking|37/100 tox|[from] psn
|upkeep
|turn|27
|
|t:|1779858468
|move|p1a: Cloyster|Icicle Spear|p2a: Slowking
|-damage|p2a: Slowking|21/100 tox
|-damage|p2a: Slowking|3/100 tox
|-damage|p2a: Slowking|0 fnt
|faint|p2a: Slowking
|-hitcount|p2: Slowking|3
|
|-weather|none
|upkeep
|
|t:|1779858473
|switch|p2a: Iron Valiant|Iron Valiant|88/100
|turn|28
|
|t:|1779858480
|move|p2a: Iron Valiant|Close Combat|p1a: Cloyster
|-supereffective|p1a: Cloyster
|-damage|p1a: Cloyster|0 fnt
|-unboost|p2a: Iron Valiant|def|1
|-unboost|p2a: Iron Valiant|spd|1
|faint|p1a: Cloyster
|
|upkeep
|
|t:|1779858488
|switch|p1a: Dragonite|Dragonite, F|18/100
|turn|29
|
|t:|1779858492
|-terastallize|p1a: Dragonite|Normal
|move|p1a: Dragonite|Extreme Speed|p2a: Iron Valiant
|-damage|p2a: Iron Valiant|0 fnt
|faint|p2a: Iron Valiant
|-end|p2a: Iron Valiant|Quark Drive|[silent]
|
|upkeep
|
|t:|1779858499
|switch|p2a: Cinderace|Cinderace, M|74/100
|turn|30
|
|t:|1779858506
|-terastallize|p2a: Cinderace|Ghost
|move|p1a: Dragonite|Extreme Speed|p2a: Cinderace
|-immune|p2a: Cinderace
|move|p2a: Cinderace|Pyro Ball|p1a: Dragonite
|-damage|p1a: Dragonite|0 fnt
|faint|p1a: Dragonite
|
|upkeep
|
|t:|1779858515
|switch|p1a: Brambleghast|Brambleghast, M|25/100
|turn|31
|
|t:|1779858521
|move|p1a: Brambleghast|Shadow Sneak|p2a: Cinderace
|-supereffective|p2a: Cinderace
|-damage|p2a: Cinderace|20/100
|move|p2a: Cinderace|Pyro Ball|p1a: Brambleghast
|-supereffective|p1a: Brambleghast
|-damage|p1a: Brambleghast|0 fnt
|faint|p1a: Brambleghast
|
|upkeep
|
|t:|1779858527
|switch|p1a: Porygon-Z|Porygon-Z|100/100
|-ability|p1a: Porygon-Z|Download|boost
|-boost|p1a: Porygon-Z|spa|1
|turn|32
|
|t:|1779858535
|move|p2a: Cinderace|Pyro Ball|p1a: Porygon-Z
|-damage|p1a: Porygon-Z|0 fnt
|faint|p1a: Porygon-Z
|
|win|ueoia
|raw|otlos's rating: 1093 &rarr; <strong>1072</strong><br />(-21 for losing)
|raw|ueoia's rating: 1141 &rarr; <strong>1163</strong><br />(+22 for winning)
|l|☆ueoia
|player|p2|
|l|☆otlos
|player|p1|
