|j|☆StickyBucciarati
|j|‽ayerbe
|t:|1779840800
|gametype|singles
|player|p1|StickyBucciarati|roxie|1535
|player|p2|ayerbe|blackbelt-gen4dp|1602
|gen|9
|tier|[Gen 9] OU
|rated|
|rule|HP Percentage Mod: HP is shown in percentages
|rule|Endless Battle Clause: Forcing endless battles is banned
|rule|Species Clause: Limit one of each Pokémon
|rule|OHKO Clause: OHKO moves are banned
|rule|Evasion Items Clause: Evasion items are banned
|rule|Evasion Moves Clause: Evasion moves are banned
|rule|Evasion Abilities Clause: Evasion abilities are banned
|rule|Sleep Moves Clause: Sleep-inducing moves are banned
|clearpoke
|poke|p1|Drifblim, F|
|poke|p1|Landorus-Therian, M|
|poke|p1|Cinderace, F|
|poke|p1|Iron Crown|
|poke|p1|Darkrai|
|poke|p1|Iron Valiant|
|poke|p2|Great Tusk|
|poke|p2|Scizor, M|
|poke|p2|Garganacl, M|
|poke|p2|Ting-Lu|
|poke|p2|Raging Bolt|
|poke|p2|Gholdengo|
|teampreview
|inactive|Battle timer is ON: inactive players will automatically lose when time's up. (requested by ayerbe)
|
|t:|1779840804
|teamsize|p1|6
|teamsize|p2|6
|start
|switch|p1a: Drifblim|Drifblim, F|100/100
|switch|p2a: Gholdengo|Gholdengo|100/100
|turn|1
|
|t:|1779840812
|move|p2a: Gholdengo|Shadow Ball|p1a: Drifblim
|-supereffective|p1a: Drifblim
|-damage|p1a: Drifblim|0 fnt
|faint|p1a: Drifblim
|
|upkeep
|
|t:|1779840817
|switch|p1a: Darkrai|Darkrai|100/100
|turn|2
|
|t:|1779840823
|switch|p2a: Raging Bolt|Raging Bolt|100/100
|move|p1a: Darkrai|Ice Beam|p2a: Raging Bolt
|-supereffective|p2a: Raging Bolt
|-damage|p2a: Raging Bolt|68/100
|-status|p2a: Raging Bolt|frz
|
|upkeep
|turn|3
|
|t:|1779840828
|move|p1a: Darkrai|Ice Beam|p2a: Raging Bolt
|-supereffective|p2a: Raging Bolt
|-damage|p2a: Raging Bolt|35/100 frz
|-curestatus|p2a: Raging Bolt|frz|[msg]
|move|p2a: Raging Bolt|Dragon Pulse|p1a: Darkrai
|-damage|p1a: Darkrai|33/100
|
|upkeep
|turn|4
|
|t:|1779840835
|switch|p1a: Landorus|Landorus-Therian, M|100/100
|-ability|p1a: Landorus|Intimidate|boost
|-unboost|p2a: Raging Bolt|atk|1
|move|p2a: Raging Bolt|Dragon Pulse|p1a: Landorus
|-damage|p1a: Landorus|31/100
|
|upkeep
|turn|5
|
|t:|1779840845
|move|p1a: Landorus|Earthquake|p2a: Raging Bolt
|-supereffective|p2a: Raging Bolt
|-damage|p2a: Raging Bolt|0 fnt
|faint|p2a: Raging Bolt
|-end|p2a: Raging Bolt|Protosynthesis|[silent]
|
|upkeep
|
|t:|1779840848
|switch|p2a: Gholdengo|Gholdengo|100/100
|turn|6
|
|t:|1779840875
|switch|p1a: Cinderace|Cinderace, F|100/100
|move|p2a: Gholdengo|Shadow Ball|p1a: Cinderace
|-damage|p1a: Cinderace|42/100
|-unboost|p1a: Cinderace|spd|1
|
|upkeep
|turn|7
|
|t:|1779840878
|move|p2a: Gholdengo|Shadow Ball|p1a: Cinderace
|-damage|p1a: Cinderace|0 fnt
|faint|p1a: Cinderace
|
|upkeep
|
|t:|1779840884
|switch|p1a: Darkrai|Darkrai|33/100
|turn|8
|
|t:|1779840890
|switch|p2a: Ting-Lu|Ting-Lu|100/100
|-ability|p2a: Ting-Lu|Vessel of Ruin
|move|p1a: Darkrai|Dark Pulse|p2a: Ting-Lu
|-resisted|p2a: Ting-Lu
|-damage|p2a: Ting-Lu|91/100
|
|-heal|p2a: Ting-Lu|97/100|[from] item: Leftovers
|upkeep
|turn|9
|
|t:|1779840900
|switch|p1a: Landorus|Landorus-Therian, M|31/100
|-ability|p1a: Landorus|Intimidate|boost
|-unboost|p2a: Ting-Lu|atk|1
|move|p2a: Ting-Lu|Stealth Rock|p1a: Landorus
|-sidestart|p1: StickyBucciarati|move: Stealth Rock
|
|-heal|p2a: Ting-Lu|100/100|[from] item: Leftovers
|upkeep
|turn|10
|
|t:|1779840903
|move|p1a: Landorus|U-turn|p2a: Ting-Lu
|-supereffective|p2a: Ting-Lu
|-crit|p2a: Ting-Lu
|-damage|p2a: Ting-Lu|25/100
|
|t:|1779840909
|switch|p1a: Darkrai|Darkrai|33/100|[from] U-turn
|-damage|p1a: Darkrai|21/100|[from] Stealth Rock
|move|p2a: Ting-Lu|Spikes|p1a: Darkrai
|-sidestart|p1: StickyBucciarati|Spikes
|
|-heal|p2a: Ting-Lu|32/100|[from] item: Leftovers
|upkeep
|turn|11
|
|t:|1779840918
|switch|p1a: Landorus|Landorus-Therian, M|31/100
|-damage|p1a: Landorus|19/100|[from] Stealth Rock
|-ability|p1a: Landorus|Intimidate|boost
|-unboost|p2a: Ting-Lu|atk|1
|move|p2a: Ting-Lu|Spikes|p1a: Landorus
|-sidestart|p1: StickyBucciarati|Spikes
|
|-heal|p2a: Ting-Lu|38/100|[from] item: Leftovers
|upkeep
|turn|12
|
|t:|1779840924
|move|p1a: Landorus|Earthquake|p2a: Ting-Lu
|-damage|p2a: Ting-Lu|0 fnt
|faint|p2a: Ting-Lu
|
|upkeep
|
|t:|1779840927
|switch|p2a: Scizor|Scizor, M|100/100
|turn|13
|
|t:|1779840930
|move|p2a: Scizor|Bullet Punch|p1a: Landorus
|-damage|p1a: Landorus|0 fnt
|faint|p1a: Landorus
|
|upkeep
|
|t:|1779840939
|switch|p1a: Iron Crown|Iron Crown|100/100
|-damage|p1a: Iron Crown|94/100|[from] Stealth Rock
|-damage|p1a: Iron Crown|78/100|[from] Spikes
|-enditem|p1a: Iron Crown|Booster Energy
|-activate|p1a: Iron Crown|ability: Quark Drive|[fromitem]
|-start|p1a: Iron Crown|quarkdrivespe
|turn|14
|
|t:|1779840941
|move|p1a: Iron Crown|Calm Mind|p1a: Iron Crown
|-boost|p1a: Iron Crown|spa|1
|-boost|p1a: Iron Crown|spd|1
|move|p2a: Scizor|Knock Off|p1a: Iron Crown
|-supereffective|p1a: Iron Crown
|-damage|p1a: Iron Crown|22/100
|
|upkeep
|turn|15
|
|t:|1779840947
|switch|p2a: Gholdengo|Gholdengo|100/100
|move|p1a: Iron Crown|Focus Blast|p2a: Gholdengo
|-immune|p2a: Gholdengo
|
|upkeep
|turn|16
|
|t:|1779840951
|move|p1a: Iron Crown|Tachyon Cutter|p2a: Gholdengo
|-resisted|p2a: Gholdengo
|-damage|p2a: Gholdengo|80/100
|-resisted|p2a: Gholdengo
|-damage|p2a: Gholdengo|59/100
|-hitcount|p2a: Gholdengo|2
|move|p2a: Gholdengo|Shadow Ball|p1a: Iron Crown
|-supereffective|p1a: Iron Crown
|-damage|p1a: Iron Crown|0 fnt
|faint|p1a: Iron Crown
|-end|p1a: Iron Crown|Quark Drive|[silent]
|
|upkeep
|
|t:|1779840957
|switch|p1a: Iron Valiant|Iron Valiant|100/100
|-damage|p1a: Iron Valiant|94/100|[from] Stealth Rock
|-damage|p1a: Iron Valiant|78/100|[from] Spikes
|-enditem|p1a: Iron Valiant|Booster Energy
|-activate|p1a: Iron Valiant|ability: Quark Drive|[fromitem]
|-start|p1a: Iron Valiant|quarkdrivespe
|turn|17
|
|t:|1779840966
|switch|p2a: Garganacl|Garganacl, M|100/100
|-terastallize|p1a: Iron Valiant|Ghost
|move|p1a: Iron Valiant|Shadow Ball|p2a: Garganacl
|-damage|p2a: Garganacl|83/100
|
|-heal|p2a: Garganacl|90/100|[from] item: Leftovers
|upkeep
|turn|18
|
|t:|1779840969
|move|p1a: Iron Valiant|Calm Mind|p1a: Iron Valiant
|-boost|p1a: Iron Valiant|spa|1
|-boost|p1a: Iron Valiant|spd|1
|move|p2a: Garganacl|Salt Cure|p1a: Iron Valiant
|-damage|p1a: Iron Valiant|60/100
|-start|p1a: Iron Valiant|Salt Cure
|
|-heal|p2a: Garganacl|96/100|[from] item: Leftovers
|-damage|p1a: Iron Valiant|47/100|[from] Salt Cure
|upkeep
|turn|19
|
|t:|1779840971
|-terastallize|p2a: Garganacl|Ghost
|move|p1a: Iron Valiant|Calm Mind|p1a: Iron Valiant
|-boost|p1a: Iron Valiant|spa|1
|-boost|p1a: Iron Valiant|spd|1
|move|p2a: Garganacl|Curse|p1a: Iron Valiant
|-start|p1a: Iron Valiant|Curse|[of] p2a: Garganacl
|-damage|p2a: Garganacl|46/100
|
|-heal|p2a: Garganacl|52/100|[from] item: Leftovers
|-damage|p1a: Iron Valiant|22/100|[from] Curse
|-damage|p1a: Iron Valiant|10/100|[from] Salt Cure
|upkeep
|turn|20
|
|t:|1779840973
|move|p1a: Iron Valiant|Moonblast|p2a: Garganacl
|-damage|p2a: Garganacl|0 fnt
|faint|p2a: Garganacl
|
|-damage|p1a: Iron Valiant|0 fnt|[from] Curse
|faint|p1a: Iron Valiant
|-end|p1a: Iron Valiant|Quark Drive|[silent]
|upkeep
|
|t:|1779840975
|switch|p1a: Darkrai|Darkrai|21/100
|switch|p2a: Scizor|Scizor, M|100/100
|-damage|p1a: Darkrai|8/100|[from] Stealth Rock
|-damage|p1a: Darkrai|0 fnt|[from] Spikes
|faint|p1a: Darkrai
|
|win|ayerbe
|raw|StickyBucciarati's rating: 1535 &rarr; <strong>1519</strong><br />(-16 for losing)
|raw|ayerbe's rating: 1602 &rarr; <strong>1618</strong><br />(+16 for winning)
|l|☆StickyBucciarati
|player|p1|
|l|‽ayerbe
|player|p2|
