|j|☆Dinodeus
|j|☆tecerdo
|t:|1779878580
|gametype|singles
|player|p1|Dinodeus|169|1519
|player|p2|tecerdo|gentleman-gen4dp|1436
|gen|9
|tier|[Gen 9] OU
|rated|
|rule|HP Percentage Mod: HP is shown in percentages
|rule|Endless Battle Clause: Forcing endless battles is banned
|rule|Species Clause: Limit one of each Pokémon
|rule|OHKO Clause: OHKO moves are banned
|rule|Evasion Items Clause: Evasion items are banned
|rule|Evasion Moves Clause: Evasion moves are banned
|rule|Evasion Abilities Clause: Evasion abilities are banned
|rule|Sleep Moves Clause: Sleep-inducing moves are banned
|clearpoke
|poke|p1|Dragapult, M|
|poke|p1|Iron Crown|
|poke|p1|Great Tusk|
|poke|p1|Samurott-Hisui, M|
|poke|p1|Skeledirge, M|
|poke|p1|Dragonite, M|
|poke|p2|Pelipper, M|
|poke|p2|Beartic, M|
|poke|p2|Barraskewda, F|
|poke|p2|Bellibolt, F|
|poke|p2|Toxicroak, M|
|poke|p2|Iron Treads|
|teampreview
|inactive|Battle timer is ON: inactive players will automatically lose when time's up. (requested by Dinodeus)
|inactive|tecerdo has 120 seconds left.
|
|t:|1779878616
|teamsize|p1|6
|teamsize|p2|6
|start
|switch|p1a: Samurott|Samurott-Hisui, M|100/100
|switch|p2a: Iron Treads|Iron Treads|100/100
|turn|1
|
|t:|1779878632
|-end|p2a: Iron Treads|Quark Drive|[silent]
|switch|p2a: Toxicroak|Toxicroak, M|100/100
|move|p1a: Samurott|Aqua Cutter|p2a: Toxicroak
|-immune|p2a: Toxicroak|[from] ability: Dry Skin
|
|upkeep
|turn|2
|
|t:|1779878640
|switch|p1a: Great Tusk|Great Tusk|100/100
|-enditem|p1a: Great Tusk|Booster Energy
|-activate|p1a: Great Tusk|ability: Protosynthesis|[fromitem]
|-start|p1a: Great Tusk|protosynthesisatk
|move|p2a: Toxicroak|Drain Punch|p1a: Great Tusk
|-damage|p1a: Great Tusk|82/100
|
|upkeep
|turn|3
|
|t:|1779878650
|move|p1a: Great Tusk|Rapid Spin|p2a: Toxicroak
|-damage|p2a: Toxicroak|80/100
|-boost|p1a: Great Tusk|spe|1
|-damage|p1a: Great Tusk|65/100|[from] item: Rocky Helmet|[of] p2a: Toxicroak
|move|p2a: Toxicroak|Toxic|p1a: Great Tusk
|-status|p1a: Great Tusk|tox
|
|-damage|p1a: Great Tusk|59/100 tox|[from] psn
|upkeep
|turn|4
|
|t:|1779878661
|switch|p2a: Pelipper|Pelipper, M|100/100
|-weather|RainDance|[from] ability: Drizzle|[of] p2a: Pelipper
|move|p1a: Great Tusk|Earthquake|p2a: Pelipper
|-immune|p2a: Pelipper
|
|-weather|RainDance|[upkeep]
|-damage|p1a: Great Tusk|47/100 tox|[from] psn
|upkeep
|turn|5
|
|t:|1779878670
|move|p1a: Great Tusk|Ice Spinner|p2a: Pelipper
|-damage|p2a: Pelipper|75/100
|move|p2a: Pelipper|U-turn|p1a: Great Tusk
|-resisted|p1a: Great Tusk
|-damage|p1a: Great Tusk|43/100 tox
|
|t:|1779878673
|switch|p2a: Barraskewda|Barraskewda, F|100/100|[from] U-turn
|
|-weather|RainDance|[upkeep]
|-damage|p1a: Great Tusk|25/100 tox|[from] psn
|upkeep
|turn|6
|
|t:|1779878682
|move|p2a: Barraskewda|Liquidation|p1a: Great Tusk
|-supereffective|p1a: Great Tusk
|-damage|p1a: Great Tusk|0 fnt
|faint|p1a: Great Tusk
|-end|p1a: Great Tusk|Protosynthesis|[silent]
|
|-weather|RainDance|[upkeep]
|upkeep
|
|t:|1779878689
|switch|p1a: Samurott|Samurott-Hisui, M|100/100
|turn|7
|
|t:|1779878694
|switch|p2a: Toxicroak|Toxicroak, M|80/100
|move|p1a: Samurott|Ceaseless Edge|p2a: Toxicroak
|-resisted|p2a: Toxicroak
|-damage|p2a: Toxicroak|59/100
|-damage|p1a: Samurott|84/100|[from] item: Rocky Helmet|[of] p2a: Toxicroak
|-sidestart|p2: tecerdo|Spikes
|
|-weather|RainDance|[upkeep]
|-heal|p2a: Toxicroak|72/100|[from] ability: Dry Skin
|upkeep
|turn|8
|
|t:|1779878704
|move|p1a: Samurott|Ceaseless Edge|p2a: Toxicroak
|-resisted|p2a: Toxicroak
|-damage|p2a: Toxicroak|50/100
|-damage|p1a: Samurott|68/100|[from] item: Rocky Helmet|[of] p2a: Toxicroak
|-sidestart|p2: tecerdo|Spikes
|move|p2a: Toxicroak|Drain Punch|p1a: Samurott
|-supereffective|p1a: Samurott
|-damage|p1a: Samurott|0 fnt
|-heal|p2a: Toxicroak|79/100|[from] drain|[of] p1a: Samurott
|faint|p1a: Samurott
|
|-weather|RainDance|[upkeep]
|-heal|p2a: Toxicroak|91/100|[from] ability: Dry Skin
|upkeep
|
|t:|1779878718
|switch|p1a: Dragonite|Dragonite, M|100/100
|turn|9
|
|t:|1779878725
|move|p1a: Dragonite|Dragon Dance|p1a: Dragonite
|-boost|p1a: Dragonite|atk|1
|-boost|p1a: Dragonite|spe|1
|move|p2a: Toxicroak|Toxic|p1a: Dragonite
|-status|p1a: Dragonite|tox
|
|-weather|RainDance|[upkeep]
|-heal|p2a: Toxicroak|100/100|[from] ability: Dry Skin
|-damage|p1a: Dragonite|94/100 tox|[from] psn
|upkeep
|turn|10
|
|t:|1779878737
|-terastallize|p2a: Toxicroak|Ghost
|move|p1a: Dragonite|Earthquake|p2a: Toxicroak
|-damage|p2a: Toxicroak|51/100
|move|p2a: Toxicroak|Drain Punch|p1a: Dragonite
|-resisted|p1a: Dragonite
|-damage|p1a: Dragonite|79/100 tox
|-heal|p2a: Toxicroak|58/100|[from] drain|[of] p1a: Dragonite
|
|-weather|RainDance|[upkeep]
|-heal|p2a: Toxicroak|71/100|[from] ability: Dry Skin
|-damage|p1a: Dragonite|66/100 tox|[from] psn
|upkeep
|turn|11
|
|t:|1779878750
|move|p1a: Dragonite|Earthquake|p2a: Toxicroak
|-damage|p2a: Toxicroak|20/100
|move|p2a: Toxicroak|Drain Punch|p1a: Dragonite
|-resisted|p1a: Dragonite
|-damage|p1a: Dragonite|51/100 tox
|-heal|p2a: Toxicroak|27/100|[from] drain|[of] p1a: Dragonite
|
|-weather|none
|-damage|p1a: Dragonite|32/100 tox|[from] psn
|upkeep
|turn|12
|
|t:|1779878760
|switch|p2a: Pelipper|Pelipper, M|75/100
|-weather|RainDance|[from] ability: Drizzle|[of] p2a: Pelipper
|move|p1a: Dragonite|Earthquake|p2a: Pelipper
|-immune|p2a: Pelipper
|
|-weather|RainDance|[upkeep]
|-damage|p1a: Dragonite|8/100 tox|[from] psn
|upkeep
|turn|13
|
|t:|1779878770
|switch|p2a: Toxicroak|Toxicroak, M, tera:Ghost|27/100
|-damage|p2a: Toxicroak|10/100|[from] Spikes
|move|p1a: Dragonite|Extreme Speed|p2a: Toxicroak
|-immune|p2a: Toxicroak
|
|-weather|RainDance|[upkeep]
|-heal|p2a: Toxicroak|23/100|[from] ability: Dry Skin
|-damage|p1a: Dragonite|0 fnt|[from] psn
|faint|p1a: Dragonite
|upkeep
|
|t:|1779878785
|switch|p1a: Iron Crown|Iron Crown|100/100
|-enditem|p1a: Iron Crown|Booster Energy
|-activate|p1a: Iron Crown|ability: Quark Drive|[fromitem]
|-start|p1a: Iron Crown|quarkdrivespe
|turn|14
|
|t:|1779878790
|move|p1a: Iron Crown|Calm Mind|p1a: Iron Crown
|-boost|p1a: Iron Crown|spa|1
|-boost|p1a: Iron Crown|spd|1
|move|p2a: Toxicroak|Drain Punch|p1a: Iron Crown
|-damage|p1a: Iron Crown|72/100
|-heal|p2a: Toxicroak|36/100|[from] drain|[of] p1a: Iron Crown
|
|-weather|RainDance|[upkeep]
|-heal|p2a: Toxicroak|48/100|[from] ability: Dry Skin
|upkeep
|turn|15
|
|t:|1779878801
|move|p1a: Iron Crown|Tachyon Cutter|p2a: Toxicroak
|-damage|p2a: Toxicroak|3/100
|-damage|p2a: Toxicroak|0 fnt
|faint|p2a: Toxicroak
|-hitcount|p2: Toxicroak|2
|
|-weather|RainDance|[upkeep]
|upkeep
|
|t:|1779878806
|switch|p2a: Barraskewda|Barraskewda, F|100/100
|-damage|p2a: Barraskewda|84/100|[from] Spikes
|turn|16
|
|t:|1779878813
|move|p2a: Barraskewda|Liquidation|p1a: Iron Crown
|-damage|p1a: Iron Crown|0 fnt
|faint|p1a: Iron Crown
|-end|p1a: Iron Crown|Quark Drive|[silent]
|
|-weather|RainDance|[upkeep]
|upkeep
|
|t:|1779878819
|switch|p1a: Dragapult|Dragapult, M, shiny|100/100
|turn|17
|
|t:|1779878823
|switch|p2a: Iron Treads|Iron Treads|100/100
|move|p1a: Dragapult|Shadow Ball|p2a: Iron Treads
|-damage|p2a: Iron Treads|44/100
|
|-weather|RainDance|[upkeep]
|upkeep
|turn|18
|
|t:|1779878831
|move|p1a: Dragapult|Shadow Ball|p2a: Iron Treads
|-damage|p2a: Iron Treads|0 fnt
|faint|p2a: Iron Treads
|-end|p2a: Iron Treads|Quark Drive|[silent]
|
|-weather|RainDance|[upkeep]
|upkeep
|
|t:|1779878838
|switch|p2a: Beartic|Beartic, M|100/100
|-damage|p2a: Beartic|84/100|[from] Spikes
|turn|19
|
|t:|1779878863
|move|p2a: Beartic|Icicle Spear|p1a: Dragapult
|-supereffective|p1a: Dragapult
|-damage|p1a: Dragapult|62/100
|-supereffective|p1a: Dragapult
|-damage|p1a: Dragapult|26/100
|-supereffective|p1a: Dragapult
|-damage|p1a: Dragapult|0 fnt
|faint|p1a: Dragapult
|-hitcount|p1: Dragapult|3
|
|-weather|none
|upkeep
|inactive|Dinodeus has 120 seconds left.
|
|t:|1779878874
|switch|p1a: Skeledirge|Skeledirge, M|100/100
|turn|20
|
|t:|1779878877
|switch|p2a: Pelipper|Pelipper, M|75/100
|-weather|RainDance|[from] ability: Drizzle|[of] p2a: Pelipper
|move|p1a: Skeledirge|Torch Song|p2a: Pelipper
|-resisted|p2a: Pelipper
|-damage|p2a: Pelipper|64/100
|-boost|p1a: Skeledirge|spa|1
|
|-weather|RainDance|[upkeep]
|upkeep
|turn|21
|
|t:|1779878887
|move|p1a: Skeledirge|Hex|p2a: Pelipper
|-damage|p2a: Pelipper|9/100
|move|p2a: Pelipper|Weather Ball|p1a: Skeledirge
|-supereffective|p1a: Skeledirge
|-damage|p1a: Skeledirge|23/100
|
|-weather|RainDance|[upkeep]
|upkeep
|turn|22
|
|t:|1779878899
|move|p1a: Skeledirge|Hex|p2a: Pelipper
|-damage|p2a: Pelipper|0 fnt
|faint|p2a: Pelipper
|
|-weather|RainDance|[upkeep]
|upkeep
|
|t:|1779878901
|switch|p2a: Barraskewda|Barraskewda, F|84/100
|-damage|p2a: Barraskewda|68/100|[from] Spikes
|turn|23
|
|t:|1779878910
|move|p2a: Barraskewda|Liquidation|p1a: Skeledirge
|-supereffective|p1a: Skeledirge
|-damage|p1a: Skeledirge|0 fnt
|faint|p1a: Skeledirge
|
|win|tecerdo
|raw|Dinodeus's rating: 1519 &rarr; <strong>1494</strong><br />(-25 for losing)
|raw|tecerdo's rating: 1436 &rarr; <strong>1461</strong><br />(+25 for winning)
|l|☆Dinodeus
|player|p1|
|l|☆tecerdo
|player|p2|
