|j|☆hellkaito
|j|☆Tracster101
|t:|1779894206
|gametype|singles
|player|p1|hellkaito|dawn-gen4pt|1058
|player|p2|Tracster101|hilbert|1059
|gen|9
|tier|[Gen 9] OU
|rated|
|rule|HP Percentage Mod: HP is shown in percentages
|rule|Endless Battle Clause: Forcing endless battles is banned
|rule|Species Clause: Limit one of each Pokémon
|rule|OHKO Clause: OHKO moves are banned
|rule|Evasion Items Clause: Evasion items are banned
|rule|Evasion Moves Clause: Evasion moves are banned
|rule|Evasion Abilities Clause: Evasion abilities are banned
|rule|Sleep Moves Clause: Sleep-inducing moves are banned
|clearpoke
|poke|p1|Dragonite, F|
|poke|p1|Azumarill, M|
|poke|p1|Gengar, M|
|poke|p1|Iron Valiant|
|poke|p1|Talonflame, F|
|poke|p1|Mimikyu, F|
|poke|p2|Tyranitar, F|
|poke|p2|Mismagius, F|
|poke|p2|Swampert, F|
|poke|p2|Scizor, F|
|poke|p2|Typhlosion, M|
|poke|p2|Snorlax, M|
|teampreview
|
|t:|1779894221
|teamsize|p1|6
|teamsize|p2|6
|start
|switch|p1a: Não é um pikachu|Mimikyu, F, shiny|100/100
|switch|p2a: Swampert|Swampert, F|100/100
|turn|1
|
|t:|1779894245
|move|p1a: Não é um pikachu|Swords Dance|p1a: Não é um pikachu
|-boost|p1a: Não é um pikachu|atk|2
|move|p2a: Swampert|Stealth Rock|p1a: Não é um pikachu
|-sidestart|p1: hellkaito|move: Stealth Rock
|
|upkeep
|turn|2
|
|t:|1779894254
|move|p1a: Não é um pikachu|Swords Dance|p1a: Não é um pikachu
|-boost|p1a: Não é um pikachu|atk|2
|move|p2a: Swampert|Waterfall|p1a: Não é um pikachu
|-activate|p1a: Não é um pikachu|ability: Disguise
|-damage|p1a: Não é um pikachu|100/100
|detailschange|p1a: Não é um pikachu|Mimikyu-Busted, F, shiny
|-damage|p1a: Não é um pikachu|88/100|[from] pokemon: Mimikyu-Busted
|-enditem|p1a: Não é um pikachu|Red Card|[of] p2a: Swampert
|drag|p2a: Scizor|Scizor, F|100/100
|
|upkeep
|turn|3
|
|t:|1779894267
|move|p2a: Scizor|Protect|p2a: Scizor
|-singleturn|p2a: Scizor|Protect
|move|p1a: Não é um pikachu|Swords Dance|p1a: Não é um pikachu
|-boost|p1a: Não é um pikachu|atk|2
|
|upkeep
|turn|4
|
|t:|1779894284
|switch|p2a: Snorlax|Snorlax, M|100/100
|move|p1a: Não é um pikachu|Play Rough|p2a: Snorlax
|-damage|p2a: Snorlax|0 fnt
|faint|p2a: Snorlax
|
|upkeep
|
|t:|1779894292
|switch|p2a: Mismagius|Mismagius, F|100/100
|turn|5
|
|t:|1779894302
|move|p1a: Não é um pikachu|Shadow Sneak|p2a: Mismagius
|-supereffective|p2a: Mismagius
|-damage|p2a: Mismagius|0 fnt
|faint|p2a: Mismagius
|
|upkeep
|
|t:|1779894308
|switch|p2a: Typhlosion|Typhlosion, M|100/100
|turn|6
|
|t:|1779894311
|move|p1a: Não é um pikachu|Shadow Claw|p2a: Typhlosion
|-damage|p2a: Typhlosion|0 fnt
|faint|p2a: Typhlosion
|
|upkeep
|
|t:|1779894317
|switch|p2a: Tyranitar|Tyranitar, F|100/100
|-weather|Sandstorm|[from] ability: Sand Stream|[of] p2a: Tyranitar
|turn|7
|
|t:|1779894327
|move|p1a: Não é um pikachu|Play Rough|p2a: Tyranitar
|-supereffective|p2a: Tyranitar
|-damage|p2a: Tyranitar|0 fnt
|faint|p2a: Tyranitar
|
|-weather|Sandstorm|[upkeep]
|-damage|p1a: Não é um pikachu|82/100|[from] Sandstorm
|upkeep
|inactive|Battle timer is ON: inactive players will automatically lose when time's up. (requested by hellkaito)
|inactive|Tracster101 has 120 seconds left.
|inactive|Tracster101 has 90 seconds left.
|inactive|Tracster101 has 60 seconds left.
|inactive|Tracster101 has 30 seconds left.
|inactive|Tracster101 has 20 seconds left.
|inactive|Tracster101 has 15 seconds left.
|inactive|Tracster101 has 10 seconds left.
|inactive|Tracster101 has 5 seconds left.
|-message|Tracster101 lost due to inactivity.
|
|win|hellkaito
|raw|hellkaito's rating: 1058 &rarr; <strong>1087</strong><br />(+29 for winning)
|raw|Tracster101's rating: 1037 &rarr; <strong>1022</strong><br />(-15 for losing)
|l|☆hellkaito
|player|p1|
|l|☆Tracster101
|player|p2|
