|j|☆claudechamp
|j|☆finn8989
|t:|1779881846
|gametype|singles
|player|p1|claudechamp|169|1328
|player|p2|finn8989|cynthia|1328
|gen|9
|tier|[Gen 9] OU
|rated|
|rule|HP Percentage Mod: HP is shown in percentages
|rule|Endless Battle Clause: Forcing endless battles is banned
|rule|Species Clause: Limit one of each Pokémon
|rule|OHKO Clause: OHKO moves are banned
|rule|Evasion Items Clause: Evasion items are banned
|rule|Evasion Moves Clause: Evasion moves are banned
|rule|Evasion Abilities Clause: Evasion abilities are banned
|rule|Sleep Moves Clause: Sleep-inducing moves are banned
|clearpoke
|poke|p1|Corviknight, M|
|poke|p1|Ting-Lu|
|poke|p1|Kyurem|
|poke|p1|Dondozo, F|
|poke|p1|Slowking-Galar, M|
|poke|p1|Cinderace, M|
|poke|p2|Dragonite, M|
|poke|p2|Hatterene, F|
|poke|p2|Weavile, M|
|poke|p2|Ogerpon-Wellspring, F|
|poke|p2|Kingambit, F|
|poke|p2|Great Tusk|
|teampreview
|c|☆claudechamp|hf
|inactive|Battle timer is ON: inactive players will automatically lose when time's up. (requested by claudechamp)
|
|t:|1779881876
|teamsize|p1|6
|teamsize|p2|6
|start
|switch|p1a: Cinderace|Cinderace, M|100/100
|switch|p2a: Hello .RAW-Z|Weavile, M|100/100
|turn|1
|
|t:|1779881881
|move|p2a: Hello .RAW-Z|Swords Dance|p2a: Hello .RAW-Z
|-boost|p2a: Hello .RAW-Z|atk|2
|move|p1a: Cinderace|Pyro Ball|p2a: Hello .RAW-Z
|-supereffective|p2a: Hello .RAW-Z
|-enditem|p2a: Hello .RAW-Z|Focus Sash
|-damage|p2a: Hello .RAW-Z|1/100
|
|upkeep
|turn|2
|
|t:|1779881886
|move|p2a: Hello .RAW-Z|Beat Up|p1a: Cinderace
|-damage|p1a: Cinderace|81/100
|-damage|p1a: Cinderace|63/100
|-damage|p1a: Cinderace|42/100
|-damage|p1a: Cinderace|22/100
|-damage|p1a: Cinderace|0 fnt
|faint|p1a: Cinderace
|-hitcount|p1: Cinderace|5
|
|upkeep
|
|t:|1779881890
|switch|p1a: Kyurem|Kyurem|100/100
|-ability|p1a: Kyurem|Pressure
|turn|3
|
|t:|1779881905
|move|p2a: Hello .RAW-Z|Beat Up|p1a: Kyurem
|-damage|p1a: Kyurem|86/100
|-damage|p1a: Kyurem|72/100
|-damage|p1a: Kyurem|56/100
|-damage|p1a: Kyurem|41/100
|-damage|p1a: Kyurem|25/100
|-damage|p1a: Kyurem|7/100
|-hitcount|p1a: Kyurem|6
|move|p1a: Kyurem|Freeze-Dry|p2a: Hello .RAW-Z
|-resisted|p2a: Hello .RAW-Z
|-damage|p2a: Hello .RAW-Z|0 fnt
|faint|p2a: Hello .RAW-Z
|
|-heal|p1a: Kyurem|13/100|[from] item: Leftovers
|upkeep
|
|t:|1779881923
|switch|p2a: Vent de l'est|Hatterene, F|100/100
|turn|4
|
|t:|1779881929
|move|p1a: Kyurem|Freeze-Dry|p2a: Vent de l'est
|-damage|p2a: Vent de l'est|62/100
|move|p2a: Vent de l'est|Draining Kiss|p1a: Kyurem
|-supereffective|p1a: Kyurem
|-damage|p1a: Kyurem|0 fnt
|-heal|p2a: Vent de l'est|75/100|[from] drain|[of] p1a: Kyurem
|faint|p1a: Kyurem
|
|upkeep
|
|t:|1779881938
|switch|p1a: Slowking|Slowking-Galar, M|100/100
|turn|5
|
|t:|1779881947
|move|p2a: Vent de l'est|Nuzzle|p1a: Slowking
|-damage|p1a: Slowking|98/100
|-status|p1a: Slowking|par
|move|p1a: Slowking|Sludge Bomb|p2a: Vent de l'est
|-supereffective|p2a: Vent de l'est
|-damage|p2a: Vent de l'est|3/100
|
|upkeep
|turn|6
|
|t:|1779881957
|move|p2a: Vent de l'est|Healing Wish|p2a: Vent de l'est
|faint|p2a: Vent de l'est
|move|p1a: Slowking|Future Sight|p2: Vent de l'est
|-start|p1a: Slowking|move: Future Sight
|
|upkeep
|
|t:|1779881971
|switch|p2a: Z-machine|Great Tusk|100/100
|turn|7
|
|t:|1779881978
|move|p2a: Z-machine|Headlong Rush|p1a: Slowking
|-supereffective|p1a: Slowking
|-enditem|p1a: Slowking|Shuca Berry|[eat]
|-enditem|p1a: Slowking|Shuca Berry|[weaken]
|-damage|p1a: Slowking|52/100 par
|-unboost|p2a: Z-machine|def|1
|-unboost|p2a: Z-machine|spd|1
|move|p1a: Slowking|Ice Beam|p2a: Z-machine
|-supereffective|p2a: Z-machine
|-damage|p2a: Z-machine|51/100
|
|upkeep
|turn|8
|
|t:|1779881984
|switch|p1a: Dondozo|Dondozo, F|100/100
|move|p2a: Z-machine|Headlong Rush|p1a: Dondozo
|-damage|p1a: Dondozo|63/100
|-unboost|p2a: Z-machine|def|1
|-unboost|p2a: Z-machine|spd|1
|
|-end|p2a: Z-machine|move: Future Sight
|-supereffective|p2a: Z-machine
|-damage|p2a: Z-machine|0 fnt
|faint|p2a: Z-machine
|-end|p2a: Z-machine|Protosynthesis|[silent]
|-heal|p1a: Dondozo|69/100|[from] item: Leftovers
|upkeep
|inactive|finn8989 has 120 seconds left.
|inactive|finn8989 has 90 seconds left.
|
|t:|1779882048
|switch|p2a: Maladresse|Ogerpon-Wellspring, F|100/100
|turn|9
|
|t:|1779882060
|move|p2a: Maladresse|Power Whip|p1a: Dondozo
|-supereffective|p1a: Dondozo
|-damage|p1a: Dondozo|0 fnt
|faint|p1a: Dondozo
|
|upkeep
|
|t:|1779882068
|switch|p1a: Slowking|Slowking-Galar, M|85/100 par
|turn|10
|
|t:|1779882082
|move|p2a: Maladresse|Swords Dance|p2a: Maladresse
|-boost|p2a: Maladresse|atk|2
|cant|p1a: Slowking|par
|
|upkeep
|turn|11
|
|t:|1779882091
|move|p2a: Maladresse|Ivy Cudgel|p1a: Slowking|[anim] Ivy Cudgel Water
|-damage|p1a: Slowking|0 fnt
|faint|p1a: Slowking
|
|upkeep
|
|t:|1779882097
|switch|p1a: Corviknight|Corviknight, M|100/100
|-ability|p1a: Corviknight|Pressure
|turn|12
|
|t:|1779882109
|-terastallize|p2a: Maladresse|Water
|detailschange|p2a: Maladresse|Ogerpon-Wellspring-Tera, F, tera:Water
|-ability|p2a: Maladresse|Embody Aspect (Wellspring)|boost
|-boost|p2a: Maladresse|spd|1
|-terastallize|p1a: Corviknight|Dragon
|move|p2a: Maladresse|Ivy Cudgel|p1a: Corviknight|[anim] Ivy Cudgel Water
|-resisted|p1a: Corviknight
|-damage|p1a: Corviknight|51/100
|move|p1a: Corviknight|Roost|p1a: Corviknight
|-heal|p1a: Corviknight|100/100
|
|upkeep
|turn|13
|
|t:|1779882116
|move|p2a: Maladresse|Play Rough|p1a: Corviknight
|-supereffective|p1a: Corviknight
|-damage|p1a: Corviknight|20/100
|-damage|p2a: Maladresse|84/100|[from] item: Rocky Helmet|[of] p1a: Corviknight
|move|p1a: Corviknight|Brave Bird|p2a: Maladresse
|-damage|p2a: Maladresse|40/100
|-damage|p1a: Corviknight|9/100|[from] Recoil
|
|upkeep
|turn|14
|c|☆finn8989|gg
|
|t:|1779882126
|switch|p1a: Ting-Lu|Ting-Lu|100/100
|-ability|p1a: Ting-Lu|Vessel of Ruin
|move|p2a: Maladresse|Play Rough|p1a: Ting-Lu
|-supereffective|p1a: Ting-Lu
|-damage|p1a: Ting-Lu|18/100
|
|-heal|p1a: Ting-Lu|25/100|[from] item: Leftovers
|upkeep
|turn|15
|
|t:|1779882137
|move|p2a: Maladresse|Ivy Cudgel|p1a: Ting-Lu|[anim] Ivy Cudgel Water
|-supereffective|p1a: Ting-Lu
|-crit|p1a: Ting-Lu
|-damage|p1a: Ting-Lu|0 fnt
|faint|p1a: Ting-Lu
|
|upkeep
|
|t:|1779882147
|switch|p1a: Corviknight|Corviknight, M, tera:Dragon|9/100
|-ability|p1a: Corviknight|Pressure
|turn|16
|inactive|finn8989 has 120 seconds left.
|
|t:|1779882195
|move|p2a: Maladresse|Ivy Cudgel|p1a: Corviknight|[anim] Ivy Cudgel Water
|-resisted|p1a: Corviknight
|-damage|p1a: Corviknight|0 fnt
|faint|p1a: Corviknight
|
|win|finn8989
|raw|claudechamp's rating: 1328 &rarr; <strong>1308</strong><br />(-20 for losing)
|raw|finn8989's rating: 1328 &rarr; <strong>1348</strong><br />(+20 for winning)
|c|☆claudechamp|gg
|l|☆finn8989
|player|p2|
