|j|☆books&pencils&soda
|j|☆pdavver
|t:|1779918645
|gametype|singles
|player|p1|books&pencils&soda|170|1105
|player|p2|pdavver|clair|1058
|gen|9
|tier|[Gen 9] OU
|rated|
|rule|HP Percentage Mod: HP is shown in percentages
|rule|Endless Battle Clause: Forcing endless battles is banned
|rule|Species Clause: Limit one of each Pokémon
|rule|OHKO Clause: OHKO moves are banned
|rule|Evasion Items Clause: Evasion items are banned
|rule|Evasion Moves Clause: Evasion moves are banned
|rule|Evasion Abilities Clause: Evasion abilities are banned
|rule|Sleep Moves Clause: Sleep-inducing moves are banned
|clearpoke
|poke|p1|Naclstack, F|
|poke|p1|Volcanion|
|poke|p1|Toucannon, M|
|poke|p1|Skarmory, M|
|poke|p1|Reuniclus, M|
|poke|p1|Shiftry, M|
|poke|p2|Klefki, F|
|poke|p2|Deoxys-Defense|
|poke|p2|Cloyster, F|
|poke|p2|Toxapex, F|
|poke|p2|Clodsire, F|
|poke|p2|Cresselia, F|
|teampreview
|inactive|Battle timer is ON: inactive players will automatically lose when time's up. (requested by pdavver)
|
|t:|1779918656
|teamsize|p1|6
|teamsize|p2|6
|start
|switch|p1a: minecraft steve|Naclstack, F|100/100
|switch|p2a: Klefki|Klefki, F|100/100
|turn|1
|
|t:|1779918668
|move|p2a: Klefki|Steel Beam|p1a: minecraft steve
|-supereffective|p1a: minecraft steve
|-damage|p1a: minecraft steve|44/100
|-damage|p2a: Klefki|50/100|[from] steelbeam
|move|p1a: minecraft steve|Stealth Rock|p2a: Klefki
|-sidestart|p2: pdavver|move: Stealth Rock
|
|-heal|p2a: Klefki|56/100|[from] item: Leftovers
|upkeep
|turn|2
|
|t:|1779918681
|-terastallize|p1a: minecraft steve|Water
|move|p2a: Klefki|Steel Beam|p1a: minecraft steve
|-resisted|p1a: minecraft steve
|-damage|p1a: minecraft steve|32/100
|-damage|p2a: Klefki|6/100|[from] steelbeam
|move|p1a: minecraft steve|Recover|p1a: minecraft steve
|-heal|p1a: minecraft steve|82/100
|
|-heal|p2a: Klefki|12/100|[from] item: Leftovers
|upkeep
|turn|3
|
|t:|1779918691
|move|p2a: Klefki|Thunder Wave|p1a: minecraft steve
|-immune|p1a: minecraft steve|[from] ability: Purifying Salt
|move|p1a: minecraft steve|Curse|p1a: minecraft steve
|-unboost|p1a: minecraft steve|spe|1
|-boost|p1a: minecraft steve|atk|1
|-boost|p1a: minecraft steve|def|1
|
|-heal|p2a: Klefki|18/100|[from] item: Leftovers
|upkeep
|turn|4
|
|t:|1779918700
|move|p2a: Klefki|Spikes|p1a: minecraft steve
|-sidestart|p1: books&pencils&soda|Spikes
|move|p1a: minecraft steve|Salt Cure|p2a: Klefki
|-resisted|p2a: Klefki
|-damage|p2a: Klefki|13/100
|-start|p2a: Klefki|Salt Cure
|
|-heal|p2a: Klefki|19/100|[from] item: Leftovers
|-damage|p2a: Klefki|0 fnt|[from] Salt Cure
|faint|p2a: Klefki
|upkeep
|
|t:|1779918721
|switch|p2a: Cloyster|Cloyster, F|100/100
|-damage|p2a: Cloyster|76/100|[from] Stealth Rock
|turn|5
|
|t:|1779918728
|move|p2a: Cloyster|Aqua Ring|p2a: Cloyster
|-start|p2a: Cloyster|Aqua Ring
|move|p1a: minecraft steve|Salt Cure|p2a: Cloyster
|-supereffective|p2a: Cloyster
|-damage|p2a: Cloyster|61/100
|-start|p2a: Cloyster|Salt Cure
|
|-heal|p2a: Cloyster|67/100|[from] item: Leftovers
|-heal|p2a: Cloyster|73/100|[from] Aqua Ring
|-damage|p2a: Cloyster|48/100|[from] Salt Cure
|upkeep
|turn|6
|
|t:|1779918741
|move|p2a: Cloyster|Toxic Spikes|p1a: minecraft steve
|-sidestart|p1: books&pencils&soda|move: Toxic Spikes
|move|p1a: minecraft steve|Curse|p1a: minecraft steve
|-unboost|p1a: minecraft steve|spe|1
|-boost|p1a: minecraft steve|atk|1
|-boost|p1a: minecraft steve|def|1
|
|-heal|p2a: Cloyster|54/100|[from] item: Leftovers
|-heal|p2a: Cloyster|60/100|[from] Aqua Ring
|-damage|p2a: Cloyster|35/100|[from] Salt Cure
|upkeep
|turn|7
|
|t:|1779918754
|move|p2a: Cloyster|Toxic Spikes|p1a: minecraft steve
|-sidestart|p1: books&pencils&soda|move: Toxic Spikes
|move|p1a: minecraft steve|Salt Cure|p2a: Cloyster
|-supereffective|p2a: Cloyster
|-damage|p2a: Cloyster|14/100
|
|-heal|p2a: Cloyster|20/100|[from] item: Leftovers
|-heal|p2a: Cloyster|26/100|[from] Aqua Ring
|-damage|p2a: Cloyster|1/100|[from] Salt Cure
|upkeep
|turn|8
|
|t:|1779918764
|move|p2a: Cloyster|Icicle Spear|p1a: minecraft steve
|-resisted|p1a: minecraft steve
|-damage|p1a: minecraft steve|81/100
|-resisted|p1a: minecraft steve
|-damage|p1a: minecraft steve|80/100
|-resisted|p1a: minecraft steve
|-damage|p1a: minecraft steve|78/100
|-resisted|p1a: minecraft steve
|-damage|p1a: minecraft steve|77/100
|-resisted|p1a: minecraft steve
|-damage|p1a: minecraft steve|75/100
|-hitcount|p1a: minecraft steve|5
|move|p1a: minecraft steve|Recover|p1a: minecraft steve
|-heal|p1a: minecraft steve|100/100
|
|-heal|p2a: Cloyster|7/100|[from] item: Leftovers
|-heal|p2a: Cloyster|13/100|[from] Aqua Ring
|-damage|p2a: Cloyster|0 fnt|[from] Salt Cure
|faint|p2a: Cloyster
|upkeep
|
|t:|1779918783
|switch|p2a: Deoxys|Deoxys-Defense, shiny|100/100
|-damage|p2a: Deoxys|88/100|[from] Stealth Rock
|-ability|p2a: Deoxys|Pressure
|turn|9
|
|t:|1779918792
|move|p2a: Deoxys|Knock Off|p1a: minecraft steve
|-damage|p1a: minecraft steve|94/100
|-enditem|p1a: minecraft steve|Eviolite|[from] move: Knock Off|[of] p2a: Deoxys
|move|p1a: minecraft steve|Salt Cure|p2a: Deoxys
|-damage|p2a: Deoxys|76/100
|-start|p2a: Deoxys|Salt Cure
|
|-heal|p2a: Deoxys|82/100|[from] item: Leftovers
|-damage|p2a: Deoxys|69/100|[from] Salt Cure
|upkeep
|turn|10
|
|t:|1779918808
|move|p2a: Deoxys|Cosmic Power|p2a: Deoxys
|-boost|p2a: Deoxys|def|1
|-boost|p2a: Deoxys|spd|1
|move|p1a: minecraft steve|Salt Cure|p2a: Deoxys
|-damage|p2a: Deoxys|60/100
|
|-heal|p2a: Deoxys|66/100|[from] item: Leftovers
|-damage|p2a: Deoxys|54/100|[from] Salt Cure
|upkeep
|turn|11
|
|t:|1779918823
|move|p2a: Deoxys|Cosmic Power|p2a: Deoxys
|-boost|p2a: Deoxys|def|1
|-boost|p2a: Deoxys|spd|1
|move|p1a: minecraft steve|Salt Cure|p2a: Deoxys
|-damage|p2a: Deoxys|48/100
|
|-heal|p2a: Deoxys|54/100|[from] item: Leftovers
|-damage|p2a: Deoxys|42/100|[from] Salt Cure
|upkeep
|turn|12
|
|t:|1779918846
|switch|p1a: big beak billy|Toucannon, M|100/100
|move|p2a: Deoxys|Cosmic Power|p2a: Deoxys
|-boost|p2a: Deoxys|def|1
|-boost|p2a: Deoxys|spd|1
|
|-heal|p2a: Deoxys|48/100|[from] item: Leftovers
|-damage|p2a: Deoxys|36/100|[from] Salt Cure
|upkeep
|turn|13
|inactive|books&pencils&soda has 120 seconds left.
|
|t:|1779918864
|move|p1a: big beak billy|Fury Attack|p2a: Deoxys
|-damage|p2a: Deoxys|32/100
|-damage|p2a: Deoxys|29/100
|-damage|p2a: Deoxys|26/100
|-damage|p2a: Deoxys|23/100
|-damage|p2a: Deoxys|20/100
|-hitcount|p2a: Deoxys|5
|-damage|p1a: big beak billy|91/100|[from] item: Life Orb
|move|p2a: Deoxys|Stored Power|p1a: big beak billy
|-damage|p1a: big beak billy|41/100
|
|-heal|p2a: Deoxys|26/100|[from] item: Leftovers
|-damage|p2a: Deoxys|14/100|[from] Salt Cure
|upkeep
|turn|14
|inactive|books&pencils&soda has 120 seconds left.
|
|t:|1779918888
|move|p1a: big beak billy|Fury Attack|p2a: Deoxys
|-damage|p2a: Deoxys|11/100
|-damage|p2a: Deoxys|8/100
|-damage|p2a: Deoxys|5/100
|-damage|p2a: Deoxys|2/100
|-damage|p2a: Deoxys|0 fnt
|faint|p2a: Deoxys
|-hitcount|p2: Deoxys|5
|-damage|p1a: big beak billy|31/100|[from] item: Life Orb
|
|upkeep
|inactive|pdavver has 120 seconds left.
|
|t:|1779918900
|switch|p2a: Clodsire|Clodsire, F|100/100
|-damage|p2a: Clodsire|94/100|[from] Stealth Rock
|turn|15
|inactive|pdavver has 120 seconds left.
|
|t:|1779918913
|move|p1a: big beak billy|Tailwind|p1a: big beak billy
|-sidestart|p1: books&pencils&soda|move: Tailwind
|move|p2a: Clodsire|Toxic|p1a: big beak billy
|-status|p1a: big beak billy|tox
|
|-heal|p2a: Clodsire|100/100|[from] item: Leftovers
|-damage|p1a: big beak billy|25/100 tox|[from] psn
|upkeep
|turn|16
|inactive|books&pencils&soda has 120 seconds left.
|
|t:|1779918954
|move|p1a: big beak billy|Bullet Seed|p2a: Clodsire
|-damage|p2a: Clodsire|87/100
|-damage|p2a: Clodsire|73/100
|-damage|p2a: Clodsire|60/100
|-damage|p2a: Clodsire|47/100
|-damage|p2a: Clodsire|35/100
|-hitcount|p2a: Clodsire|5
|-damage|p1a: big beak billy|15/100 tox|[from] item: Life Orb
|move|p2a: Clodsire|Stockpile|p2a: Clodsire
|-start|p2a: Clodsire|stockpile1
|-boost|p2a: Clodsire|def|1
|-boost|p2a: Clodsire|spd|1
|
|-heal|p2a: Clodsire|41/100|[from] item: Leftovers
|-damage|p1a: big beak billy|3/100 tox|[from] psn
|upkeep
|turn|17
|inactive|pdavver has 120 seconds left.
|
|t:|1779918989
|-terastallize|p2a: Clodsire|Poison
|move|p1a: big beak billy|Bullet Seed|p2a: Clodsire
|-resisted|p2a: Clodsire
|-damage|p2a: Clodsire|37/100
|-resisted|p2a: Clodsire
|-damage|p2a: Clodsire|32/100
|-resisted|p2a: Clodsire
|-damage|p2a: Clodsire|28/100
|-resisted|p2a: Clodsire
|-damage|p2a: Clodsire|24/100
|-resisted|p2a: Clodsire
|-damage|p2a: Clodsire|20/100
|-hitcount|p2a: Clodsire|5
|-damage|p1a: big beak billy|0 fnt|[from] item: Life Orb
|faint|p1a: big beak billy
|move|p2a: Clodsire|Stockpile|p2a: Clodsire
|-start|p2a: Clodsire|stockpile2
|-boost|p2a: Clodsire|def|1
|-boost|p2a: Clodsire|spd|1
|
|-heal|p2a: Clodsire|26/100|[from] item: Leftovers
|upkeep
|
|t:|1779919000
|switch|p1a: blue goo|Reuniclus, M, shiny|100/100
|-status|p1a: blue goo|tox
|turn|18
|
|t:|1779919019
|move|p1a: blue goo|Psychic|p2a: Clodsire
|-supereffective|p2a: Clodsire
|-damage|p2a: Clodsire|0 fnt
|faint|p2a: Clodsire
|
|-sideend|p1: books&pencils&soda|move: Tailwind
|upkeep
|
|t:|1779919024
|switch|p2a: Cresselia|Cresselia, F, shiny|100/100
|-damage|p2a: Cresselia|88/100|[from] Stealth Rock
|turn|19
|
|t:|1779919036
|move|p2a: Cresselia|Shadow Ball|p1a: blue goo
|-supereffective|p1a: blue goo
|-damage|p1a: blue goo|60/100 tox
|-unboost|p1a: blue goo|spd|1
|move|p1a: blue goo|Trick Room|p1a: blue goo
|-fieldstart|move: Trick Room|[of] p1a: blue goo
|
|-heal|p2a: Cresselia|94/100|[from] item: Leftovers
|upkeep
|turn|20
|
|t:|1779919043
|move|p1a: blue goo|Shadow Ball|p2a: Cresselia
|-supereffective|p2a: Cresselia
|-damage|p2a: Cresselia|42/100
|move|p2a: Cresselia|Shadow Ball|p1a: blue goo
|-supereffective|p1a: blue goo
|-damage|p1a: blue goo|0 fnt
|faint|p1a: blue goo
|
|-heal|p2a: Cresselia|48/100|[from] item: Leftovers
|upkeep
|inactive|books&pencils&soda has 120 seconds left.
|
|t:|1779919058
|switch|p1a: NOTscaredofROCKS|Volcanion|100/100
|-damage|p1a: NOTscaredofROCKS|88/100|[from] Spikes
|-status|p1a: NOTscaredofROCKS|tox
|turn|21
|
|t:|1779919068
|move|p2a: Cresselia|Thunderbolt|p1a: NOTscaredofROCKS
|-supereffective|p1a: NOTscaredofROCKS
|-crit|p1a: NOTscaredofROCKS
|-damage|p1a: NOTscaredofROCKS|0 fnt
|faint|p1a: NOTscaredofROCKS
|
|-heal|p2a: Cresselia|54/100|[from] item: Leftovers
|upkeep
|inactive|books&pencils&soda has 120 seconds left.
|
|t:|1779919079
|switch|p1a: all grown up!|Shiftry, M|100/100
|-damage|p1a: all grown up!|88/100|[from] Spikes
|-status|p1a: all grown up!|tox
|turn|22
|
|t:|1779919086
|switch|p2a: Toxapex|Toxapex, F|100/100
|-damage|p2a: Toxapex|88/100|[from] Stealth Rock
|move|p1a: all grown up!|Night Slash|p2a: Toxapex
|-crit|p2a: Toxapex
|-damage|p2a: Toxapex|60/100
|
|-heal|p2a: Toxapex|67/100|[from] item: Leftovers
|-damage|p1a: all grown up!|82/100 tox|[from] psn
|upkeep
|turn|23
|
|t:|1779919099
|move|p2a: Toxapex|Venoshock|p1a: all grown up!
|-supereffective|p1a: all grown up!
|-crit|p1a: all grown up!
|-damage|p1a: all grown up!|0 fnt
|faint|p1a: all grown up!
|
|-heal|p2a: Toxapex|73/100|[from] item: Leftovers
|-fieldend|move: Trick Room
|upkeep
|
|t:|1779919104
|switch|p1a: minecraft steve|Naclstack, F, tera:Water|94/100
|-damage|p1a: minecraft steve|82/100|[from] Spikes
|turn|24
|
|t:|1779919111
|move|p2a: Toxapex|Venoshock|p1a: minecraft steve
|-damage|p1a: minecraft steve|67/100
|move|p1a: minecraft steve|Salt Cure|p2a: Toxapex
|-damage|p2a: Toxapex|67/100
|-start|p2a: Toxapex|Salt Cure
|
|-heal|p2a: Toxapex|73/100|[from] item: Leftovers
|-damage|p2a: Toxapex|48/100|[from] Salt Cure
|upkeep
|turn|25
|
|t:|1779919120
|move|p1a: minecraft steve|Recover|p1a: minecraft steve
|-heal|p1a: minecraft steve|100/100
|move|p2a: Toxapex|Recover|p2a: Toxapex
|-heal|p2a: Toxapex|98/100
|
|-heal|p2a: Toxapex|100/100|[from] item: Leftovers
|-damage|p2a: Toxapex|75/100|[from] Salt Cure
|upkeep
|turn|26
|
|t:|1779919128
|move|p1a: minecraft steve|Curse|p1a: minecraft steve
|-unboost|p1a: minecraft steve|spe|1
|-boost|p1a: minecraft steve|atk|1
|-boost|p1a: minecraft steve|def|1
|move|p2a: Toxapex|Venoshock|p1a: minecraft steve
|-damage|p1a: minecraft steve|86/100
|
|-heal|p2a: Toxapex|82/100|[from] item: Leftovers
|-damage|p2a: Toxapex|57/100|[from] Salt Cure
|upkeep
|turn|27
|
|t:|1779919152
|move|p2a: Toxapex|Venoshock|p1a: minecraft steve
|-damage|p1a: minecraft steve|72/100
|move|p1a: minecraft steve|Curse|p1a: minecraft steve
|-unboost|p1a: minecraft steve|spe|1
|-boost|p1a: minecraft steve|atk|1
|-boost|p1a: minecraft steve|def|1
|
|-heal|p2a: Toxapex|63/100|[from] item: Leftovers
|-damage|p2a: Toxapex|38/100|[from] Salt Cure
|upkeep
|turn|28
|
|t:|1779919161
|move|p2a: Toxapex|Recover|p2a: Toxapex
|-heal|p2a: Toxapex|88/100
|move|p1a: minecraft steve|Curse|p1a: minecraft steve
|-unboost|p1a: minecraft steve|spe|1
|-boost|p1a: minecraft steve|atk|1
|-boost|p1a: minecraft steve|def|1
|
|-heal|p2a: Toxapex|94/100|[from] item: Leftovers
|-damage|p2a: Toxapex|69/100|[from] Salt Cure
|upkeep
|turn|29
|
|t:|1779919170
|move|p2a: Toxapex|Venoshock|p1a: minecraft steve
|-damage|p1a: minecraft steve|58/100
|move|p1a: minecraft steve|Curse|p1a: minecraft steve
|-unboost|p1a: minecraft steve|spe|1
|-boost|p1a: minecraft steve|atk|1
|-boost|p1a: minecraft steve|def|1
|
|-heal|p2a: Toxapex|75/100|[from] item: Leftovers
|-damage|p2a: Toxapex|50/100|[from] Salt Cure
|upkeep
|turn|30
|inactive|books&pencils&soda has 120 seconds left.
|inactive|books&pencils&soda has 90 seconds left.
|inactive|books&pencils&soda has 60 seconds left.
|
|t:|1779919278
|switch|p2a: Cresselia|Cresselia, F, shiny|54/100
|-damage|p2a: Cresselia|42/100|[from] Stealth Rock
|move|p1a: minecraft steve|Salt Cure|p2a: Cresselia
|-damage|p2a: Cresselia|24/100
|-start|p2a: Cresselia|Salt Cure
|
|-heal|p2a: Cresselia|30/100|[from] item: Leftovers
|-damage|p2a: Cresselia|18/100|[from] Salt Cure
|upkeep
|turn|31
|
|t:|1779919290
|move|p2a: Cresselia|Thunderbolt|p1a: minecraft steve
|-supereffective|p1a: minecraft steve
|-damage|p1a: minecraft steve|10/100
|move|p1a: minecraft steve|Recover|p1a: minecraft steve
|-heal|p1a: minecraft steve|60/100
|
|-heal|p2a: Cresselia|24/100|[from] item: Leftovers
|-damage|p2a: Cresselia|12/100|[from] Salt Cure
|upkeep
|turn|32
|
|t:|1779919299
|move|p2a: Cresselia|Thunderbolt|p1a: minecraft steve
|-supereffective|p1a: minecraft steve
|-damage|p1a: minecraft steve|10/100
|move|p1a: minecraft steve|Recover|p1a: minecraft steve
|-heal|p1a: minecraft steve|60/100
|
|-heal|p2a: Cresselia|18/100|[from] item: Leftovers
|-damage|p2a: Cresselia|5/100|[from] Salt Cure
|upkeep
|turn|33
|
|t:|1779919311
|move|p2a: Cresselia|Thunderbolt|p1a: minecraft steve
|-supereffective|p1a: minecraft steve
|-damage|p1a: minecraft steve|13/100
|move|p1a: minecraft steve|Recover|p1a: minecraft steve
|-heal|p1a: minecraft steve|63/100
|
|-heal|p2a: Cresselia|11/100|[from] item: Leftovers
|-damage|p2a: Cresselia|0 fnt|[from] Salt Cure
|faint|p2a: Cresselia
|upkeep
|
|t:|1779919319
|switch|p2a: Toxapex|Toxapex, F|50/100
|-damage|p2a: Toxapex|38/100|[from] Stealth Rock
|turn|34
|
|t:|1779919328
|move|p2a: Toxapex|Recover|p2a: Toxapex
|-heal|p2a: Toxapex|88/100
|move|p1a: minecraft steve|Salt Cure|p2a: Toxapex
|-damage|p2a: Toxapex|72/100
|-start|p2a: Toxapex|Salt Cure
|
|-heal|p2a: Toxapex|78/100|[from] item: Leftovers
|-damage|p2a: Toxapex|53/100|[from] Salt Cure
|upkeep
|turn|35
|
|t:|1779919337
|move|p2a: Toxapex|Venoshock|p1a: minecraft steve
|-damage|p1a: minecraft steve|48/100
|move|p1a: minecraft steve|Curse|p1a: minecraft steve
|-unboost|p1a: minecraft steve|spe|1
|-boost|p1a: minecraft steve|atk|1
|-boost|p1a: minecraft steve|def|1
|
|-heal|p2a: Toxapex|60/100|[from] item: Leftovers
|-damage|p2a: Toxapex|35/100|[from] Salt Cure
|upkeep
|turn|36
|
|t:|1779919347
|move|p2a: Toxapex|Recover|p2a: Toxapex
|-heal|p2a: Toxapex|85/100
|move|p1a: minecraft steve|Curse|p1a: minecraft steve
|-unboost|p1a: minecraft steve|spe|1
|-boost|p1a: minecraft steve|atk|1
|-boost|p1a: minecraft steve|def|1
|
|-heal|p2a: Toxapex|91/100|[from] item: Leftovers
|-damage|p2a: Toxapex|66/100|[from] Salt Cure
|upkeep
|turn|37
|
|t:|1779919356
|move|p2a: Toxapex|Venoshock|p1a: minecraft steve
|-damage|p1a: minecraft steve|34/100
|move|p1a: minecraft steve|Salt Cure|p2a: Toxapex
|-damage|p2a: Toxapex|46/100
|
|-heal|p2a: Toxapex|52/100|[from] item: Leftovers
|-damage|p2a: Toxapex|27/100|[from] Salt Cure
|upkeep
|turn|38
|
|t:|1779919364
|move|p2a: Toxapex|Recover|p2a: Toxapex
|-heal|p2a: Toxapex|77/100
|move|p1a: minecraft steve|Recover|p1a: minecraft steve
|-heal|p1a: minecraft steve|84/100
|
|-heal|p2a: Toxapex|83/100|[from] item: Leftovers
|-damage|p2a: Toxapex|58/100|[from] Salt Cure
|upkeep
|turn|39
|
|t:|1779919371
|move|p2a: Toxapex|Venoshock|p1a: minecraft steve
|-damage|p1a: minecraft steve|71/100
|move|p1a: minecraft steve|Salt Cure|p2a: Toxapex
|-damage|p2a: Toxapex|36/100
|
|-heal|p2a: Toxapex|43/100|[from] item: Leftovers
|-damage|p2a: Toxapex|18/100|[from] Salt Cure
|upkeep
|turn|40
|
|t:|1779919379
|move|p2a: Toxapex|Recover|p2a: Toxapex
|-heal|p2a: Toxapex|68/100
|move|p1a: minecraft steve|Salt Cure|p2a: Toxapex
|-damage|p2a: Toxapex|47/100
|
|-heal|p2a: Toxapex|53/100|[from] item: Leftovers
|-damage|p2a: Toxapex|28/100|[from] Salt Cure
|upkeep
|turn|41
|-message|pdavver forfeited.
|
|win|books&pencils&soda
|raw|books&amp;pencils&amp;soda's rating: 1105 &rarr; <strong>1127</strong><br />(+22 for winning)
|raw|pdavver's rating: 1058 &rarr; <strong>1042</strong><br />(-16 for losing)
|l|☆pdavver
|player|p2|
|l|☆books&pencils&soda
|player|p1|
