|j|☆Lord Ubach
|j|☆kyruan
|t:|1779809556
|gametype|singles
|player|p1|Lord Ubach|palmer|
|player|p2|kyruan|erika|
|gen|9
|tier|[Gen 9] OU
|rule|HP Percentage Mod: HP is shown in percentages
|rule|Endless Battle Clause: Forcing endless battles is banned
|rule|Species Clause: Limit one of each Pokémon
|rule|OHKO Clause: OHKO moves are banned
|rule|Evasion Items Clause: Evasion items are banned
|rule|Evasion Moves Clause: Evasion moves are banned
|rule|Evasion Abilities Clause: Evasion abilities are banned
|rule|Sleep Moves Clause: Sleep-inducing moves are banned
|clearpoke
|poke|p1|Gholdengo|
|poke|p1|Clefable, F|
|poke|p1|Ting-Lu|
|poke|p1|Dragonite, F|
|poke|p1|Pecharunt|
|poke|p1|Darkrai|
|poke|p2|Primarina, F|
|poke|p2|Iron Treads|
|poke|p2|Rillaboom, M|
|poke|p2|Pecharunt|
|poke|p2|Dragapult, M|
|poke|p2|Darkrai|
|teampreview
|inactive|Battle timer is ON: inactive players will automatically lose when time's up. (requested by Lord Ubach)
|inactive|kyruan also wants the timer to be on.
|inactive|kyruan no longer wants the timer on, but the timer is staying on because lordubach still does.
|
|t:|1779809580
|teamsize|p1|6
|teamsize|p2|6
|start
|switch|p1a: Ting-Lu|Ting-Lu|100/100
|switch|p2a: Darkrai|Darkrai|100/100
|-ability|p1a: Ting-Lu|Vessel of Ruin
|turn|1
|
|t:|1779809601
|move|p2a: Darkrai|Trick|p1a: Ting-Lu
|-activate|p2a: Darkrai|move: Trick|[of] p1a: Ting-Lu
|-item|p1a: Ting-Lu|Choice Specs|[from] move: Trick
|-item|p2a: Darkrai|Red Card|[from] move: Trick
|move|p1a: Ting-Lu|Stealth Rock|p2a: Darkrai
|-sidestart|p2: kyruan|move: Stealth Rock
|
|upkeep
|turn|2
|inactive|Lord Ubach has 270 seconds left.
|
|t:|1779809625
|switch|p1a: Gholdengo|Gholdengo|100/100
|move|p2a: Darkrai|Sludge Bomb|p1a: Gholdengo
|-immune|p1a: Gholdengo
|
|upkeep
|turn|3
|inactive|Lord Ubach has 270 seconds left.
|
|t:|1779809636
|switch|p1a: Ting-Lu|Ting-Lu|100/100
|-ability|p1a: Ting-Lu|Vessel of Ruin
|move|p2a: Darkrai|Dark Pulse|p1a: Ting-Lu
|-resisted|p1a: Ting-Lu
|-crit|p1a: Ting-Lu
|-damage|p1a: Ting-Lu|85/100
|
|upkeep
|turn|4
|
|t:|1779809643
|move|p2a: Darkrai|Ice Beam|p1a: Ting-Lu
|-supereffective|p1a: Ting-Lu
|-damage|p1a: Ting-Lu|54/100
|move|p1a: Ting-Lu|Whirlwind|p2a: Darkrai
|drag|p2a: Iron Treads|Iron Treads|100/100
|-damage|p2a: Iron Treads|98/100|[from] Stealth Rock
|
|-heal|p2a: Iron Treads|100/100|[from] item: Leftovers
|upkeep
|turn|5
|
|t:|1779809651
|switch|p1a: Gholdengo|Gholdengo|100/100
|move|p2a: Iron Treads|Stealth Rock|p1a: Gholdengo
|-sidestart|p1: Lord Ubach|move: Stealth Rock
|
|upkeep
|turn|6
|
|t:|1779809658
|move|p1a: Gholdengo|Trick|p2a: Iron Treads
|-activate|p1a: Gholdengo|move: Trick|[of] p2a: Iron Treads
|-item|p2a: Iron Treads|Choice Scarf|[from] move: Trick
|-item|p1a: Gholdengo|Leftovers|[from] move: Trick
|move|p2a: Iron Treads|Earthquake|p1a: Gholdengo
|-supereffective|p1a: Gholdengo
|-damage|p1a: Gholdengo|12/100
|
|-heal|p1a: Gholdengo|18/100|[from] item: Leftovers
|upkeep
|turn|7
|
|t:|1779809671
|-end|p2a: Iron Treads|Quark Drive|[silent]
|switch|p2a: Darkrai|Darkrai|100/100
|-damage|p2a: Darkrai|88/100|[from] Stealth Rock
|switch|p1a: Dragonite|Dragonite, F|100/100
|
|upkeep
|turn|8
|
|t:|1779809677
|move|p2a: Darkrai|Ice Beam|p1a: Dragonite
|-supereffective|p1a: Dragonite
|-damage|p1a: Dragonite|37/100
|move|p1a: Dragonite|Dragon Dance|p1a: Dragonite
|-boost|p1a: Dragonite|atk|1
|-boost|p1a: Dragonite|spe|1
|
|upkeep
|turn|9
|
|t:|1779809682
|-terastallize|p1a: Dragonite|Normal
|move|p1a: Dragonite|Extreme Speed|p2a: Darkrai
|-damage|p2a: Darkrai|0 fnt
|faint|p2a: Darkrai
|
|upkeep
|
|t:|1779809688
|switch|p2a: Pecharunt|Pecharunt|100/100
|turn|10
|
|t:|1779809690
|move|p1a: Dragonite|Earthquake|p2a: Pecharunt
|-supereffective|p2a: Pecharunt
|-damage|p2a: Pecharunt|47/100
|move|p2a: Pecharunt|Foul Play|p1a: Dragonite
|-damage|p1a: Dragonite|0 fnt
|faint|p1a: Dragonite
|
|upkeep
|
|t:|1779809698
|switch|p1a: Darkrai|Darkrai|100/100
|turn|11
|
|t:|1779809709
|-terastallize|p2a: Pecharunt|Dark
|move|p1a: Darkrai|Dark Pulse|p2a: Pecharunt
|-resisted|p2a: Pecharunt
|-damage|p2a: Pecharunt|25/100
|move|p2a: Pecharunt|Parting Shot|p1a: Darkrai
|-unboost|p1a: Darkrai|atk|1
|-unboost|p1a: Darkrai|spa|1
|
|t:|1779809731
|switch|p2a: Iron Treads|Iron Treads|100/100|[from] Parting Shot
|-damage|p2a: Iron Treads|98/100|[from] Stealth Rock
|
|upkeep
|turn|12
|
|t:|1779809740
|move|p1a: Darkrai|Knock Off|p2a: Iron Treads
|-damage|p2a: Iron Treads|84/100
|-enditem|p2a: Iron Treads|Choice Scarf|[from] move: Knock Off|[of] p1a: Darkrai
|move|p2a: Iron Treads|Earthquake|p1a: Darkrai
|-damage|p1a: Darkrai|47/100
|
|upkeep
|turn|13
|
|t:|1779809748
|move|p1a: Darkrai|Dark Pulse|p2a: Iron Treads
|-damage|p2a: Iron Treads|60/100
|move|p2a: Iron Treads|Earthquake|p1a: Darkrai
|-damage|p1a: Darkrai|0 fnt
|faint|p1a: Darkrai
|
|upkeep
|
|t:|1779809758
|switch|p1a: Clefable|Clefable, F|100/100
|turn|14
|
|t:|1779809770
|move|p2a: Iron Treads|Earthquake|p1a: Clefable
|-damage|p1a: Clefable|59/100
|move|p1a: Clefable|Flamethrower|p2a: Iron Treads
|-supereffective|p2a: Iron Treads
|-damage|p2a: Iron Treads|12/100
|
|upkeep
|turn|15
|
|t:|1779809782
|move|p2a: Iron Treads|Earthquake|p1a: Clefable
|-damage|p1a: Clefable|19/100
|move|p1a: Clefable|Calm Mind|p1a: Clefable
|-boost|p1a: Clefable|spa|1
|-boost|p1a: Clefable|spd|1
|
|upkeep
|turn|16
|
|t:|1779809789
|move|p2a: Iron Treads|Earthquake|p1a: Clefable
|-damage|p1a: Clefable|0 fnt
|faint|p1a: Clefable
|
|upkeep
|
|t:|1779809799
|switch|p1a: Gholdengo|Gholdengo|18/100
|-damage|p1a: Gholdengo|12/100|[from] Stealth Rock
|turn|17
|
|t:|1779809804
|move|p1a: Gholdengo|Shadow Ball|p2a: Iron Treads
|-damage|p2a: Iron Treads|0 fnt
|faint|p2a: Iron Treads
|-end|p2a: Iron Treads|Quark Drive|[silent]
|
|-heal|p1a: Gholdengo|18/100|[from] item: Leftovers
|upkeep
|
|t:|1779809812
|switch|p2a: Dragapult|Dragapult, M|100/100
|turn|18
|
|t:|1779809816
|switch|p1a: Ting-Lu|Ting-Lu|54/100
|-damage|p1a: Ting-Lu|48/100|[from] Stealth Rock
|-ability|p1a: Ting-Lu|Vessel of Ruin
|move|p2a: Dragapult|Hex|p1a: Ting-Lu
|-resisted|p1a: Ting-Lu
|-damage|p1a: Ting-Lu|41/100
|
|upkeep
|turn|19
|
|t:|1779809833
|move|p2a: Dragapult|Will-O-Wisp|p1a: Ting-Lu|[miss]
|-miss|p2a: Dragapult|p1a: Ting-Lu
|move|p1a: Ting-Lu|Spikes|p2a: Dragapult
|-sidestart|p2: kyruan|Spikes
|
|upkeep
|turn|20
|
|t:|1779809836
|move|p2a: Dragapult|Will-O-Wisp|p1a: Ting-Lu|[miss]
|-miss|p2a: Dragapult|p1a: Ting-Lu
|move|p1a: Ting-Lu|Spikes|p2a: Dragapult
|-sidestart|p2: kyruan|Spikes
|
|upkeep
|turn|21
|
|t:|1779809839
|move|p2a: Dragapult|Will-O-Wisp|p1a: Ting-Lu
|-status|p1a: Ting-Lu|brn
|move|p1a: Ting-Lu|Spikes|p2a: Dragapult
|-sidestart|p2: kyruan|Spikes
|
|-damage|p1a: Ting-Lu|35/100 brn|[from] brn
|upkeep
|turn|22
|
|t:|1779809843
|move|p2a: Dragapult|Hex|p1a: Ting-Lu
|-resisted|p1a: Ting-Lu
|-damage|p1a: Ting-Lu|23/100 brn
|move|p1a: Ting-Lu|Spikes||[still]
|-fail|p1a: Ting-Lu
|
|-damage|p1a: Ting-Lu|17/100 brn|[from] brn
|upkeep
|turn|23
|
|t:|1779809847
|move|p2a: Dragapult|Will-O-Wisp|p1a: Ting-Lu
|-fail|p1a: Ting-Lu|brn
|move|p1a: Ting-Lu|Spikes||[still]
|-fail|p1a: Ting-Lu
|
|-damage|p1a: Ting-Lu|11/100 brn|[from] brn
|upkeep
|turn|24
|
|t:|1779809850
|move|p2a: Dragapult|Hex|p1a: Ting-Lu
|-resisted|p1a: Ting-Lu
|-damage|p1a: Ting-Lu|0 fnt
|faint|p1a: Ting-Lu
|
|upkeep
|
|t:|1779809856
|switch|p1a: Pecharunt|Pecharunt|100/100
|turn|25
|
|t:|1779809862
|move|p2a: Dragapult|Will-O-Wisp|p1a: Pecharunt
|-status|p1a: Pecharunt|brn
|move|p1a: Pecharunt|Shadow Ball|p2a: Dragapult
|-supereffective|p2a: Dragapult
|-damage|p2a: Dragapult|38/100
|
|-damage|p1a: Pecharunt|94/100 brn|[from] brn
|upkeep
|turn|26
|
|t:|1779809868
|move|p2a: Dragapult|Hex|p1a: Pecharunt
|-supereffective|p1a: Pecharunt
|-damage|p1a: Pecharunt|0 fnt
|faint|p1a: Pecharunt
|
|upkeep
|
|t:|1779809871
|switch|p1a: Gholdengo|Gholdengo|18/100
|-damage|p1a: Gholdengo|12/100|[from] Stealth Rock
|turn|27
|
|t:|1779809879
|move|p2a: Dragapult|Hex|p1a: Gholdengo
|-supereffective|p1a: Gholdengo
|-damage|p1a: Gholdengo|0 fnt
|faint|p1a: Gholdengo
|
|win|kyruan
|c|☆kyruan|gg
|c|☆Lord Ubach|gg
