|j|☆sublimest tobias
|j|☆key2saucyy
|t:|1779814459
|gametype|singles
|player|p1|sublimest tobias|theroyal|1215
|player|p2|key2saucyy|psychic|1202
|gen|9
|tier|[Gen 9] OU
|rated|
|rule|HP Percentage Mod: HP is shown in percentages
|rule|Endless Battle Clause: Forcing endless battles is banned
|rule|Species Clause: Limit one of each Pokémon
|rule|OHKO Clause: OHKO moves are banned
|rule|Evasion Items Clause: Evasion items are banned
|rule|Evasion Moves Clause: Evasion moves are banned
|rule|Evasion Abilities Clause: Evasion abilities are banned
|rule|Sleep Moves Clause: Sleep-inducing moves are banned
|clearpoke
|poke|p1|Iron Treads|
|poke|p1|Primarina, F|
|poke|p1|Dragapult, M|
|poke|p1|Moltres|
|poke|p1|Thundurus-Therian, M|
|poke|p1|Scizor, F|
|poke|p2|Emboar, M|
|poke|p2|Deoxys-Speed|
|poke|p2|Gliscor, M|
|poke|p2|Hydrapple, M|
|poke|p2|Dachsbun, M|
|poke|p2|Tentacruel, M|
|teampreview
|inactive|Battle timer is ON: inactive players will automatically lose when time's up. (requested by key2saucyy)
|inactive|sublimest tobias also wants the timer to be on.
|inactive|key2saucyy has 120 seconds left.
|
|t:|1779814503
|teamsize|p1|6
|teamsize|p2|6
|start
|switch|p1a: Primarina|Primarina, F|100/100
|switch|p2a: Emboar|Emboar, M, shiny|100/100
|turn|1
|
|t:|1779814531
|switch|p2a: Tentacruel|Tentacruel, M, shiny|100/100
|move|p1a: Primarina|Psychic Noise|p2a: Tentacruel
|-resisted|p2a: Tentacruel
|-damage|p2a: Tentacruel|88/100
|-start|p2a: Tentacruel|move: Heal Block
|
|upkeep
|turn|2
|inactive|key2saucyy has 120 seconds left.
|l|☆key2saucyy
|inactive|key2saucyy disconnected and has a minute to reconnect!
|player|p2|
|j|☆key2saucyy
|inactive|key2saucyy reconnected and has 105 seconds left.
|player|p2|key2saucyy|psychic|
|
|t:|1779814583
|switch|p1a: Scizor|Scizor, F|100/100
|move|p2a: Tentacruel|Toxic|p1a: Scizor
|-immune|p1a: Scizor
|
|-end|p2a: Tentacruel|move: Heal Block
|upkeep
|turn|3
|
|t:|1779814588
|move|p2a: Tentacruel|Haze|p2a: Tentacruel
|-clearallboost
|move|p1a: Scizor|Knock Off|p2a: Tentacruel
|-damage|p2a: Tentacruel|15/100
|-enditem|p2a: Tentacruel|Black Sludge|[from] move: Knock Off|[of] p1a: Scizor
|
|upkeep
|turn|4
|
|t:|1779814603
|switch|p2a: Gliscor|Gliscor, M, shiny|100/100
|move|p1a: Scizor|Knock Off|p2a: Gliscor
|-damage|p2a: Gliscor|71/100
|-enditem|p2a: Gliscor|Toxic Orb|[from] move: Knock Off|[of] p1a: Scizor
|
|upkeep
|turn|5
|
|t:|1779814609
|switch|p1a: Primarina|Primarina, F|100/100
|move|p2a: Gliscor|Earthquake|p1a: Primarina
|-damage|p1a: Primarina|61/100
|
|upkeep
|turn|6
|
|t:|1779814613
|move|p2a: Gliscor|U-turn|p1a: Primarina
|-resisted|p1a: Primarina
|-damage|p1a: Primarina|51/100
|inactive|key2saucyy has 120 seconds left.
|
|t:|1779814619
|switch|p2a: Tentacruel|Tentacruel, M, shiny|15/100|[from] U-turn
|move|p1a: Primarina|Ice Beam|p2a: Tentacruel
|-resisted|p2a: Tentacruel
|-damage|p2a: Tentacruel|6/100
|
|upkeep
|turn|7
|
|t:|1779814624
|switch|p1a: Scizor|Scizor, F|100/100
|move|p2a: Tentacruel|Hydro Pump|p1a: Scizor|[miss]
|-miss|p2a: Tentacruel|p1a: Scizor
|
|upkeep
|turn|8
|
|t:|1779814626
|move|p2a: Tentacruel|Hydro Pump|p1a: Scizor
|-damage|p1a: Scizor|57/100
|move|p1a: Scizor|U-turn|p2a: Tentacruel
|-resisted|p2a: Tentacruel
|-damage|p2a: Tentacruel|0 fnt
|faint|p2a: Tentacruel
|
|t:|1779814632
|switch|p1a: Primarina|Primarina, F|51/100|[from] U-turn
|
|upkeep
|
|t:|1779814635
|switch|p2a: Deoxys|Deoxys-Speed, shiny|100/100
|-ability|p2a: Deoxys|Pressure
|turn|9
|
|t:|1779814640
|move|p2a: Deoxys|Thunderbolt|p1a: Primarina
|-supereffective|p1a: Primarina
|-damage|p1a: Primarina|15/100
|-damage|p2a: Deoxys|91/100|[from] item: Life Orb
|move|p1a: Primarina|Flip Turn|p2a: Deoxys
|-damage|p2a: Deoxys|73/100
|
|t:|1779814644
|switch|p1a: Iron Treads|Iron Treads, shiny|100/100|[from] Flip Turn
|
|upkeep
|turn|10
|
|t:|1779814660
|switch|p2a: Gliscor|Gliscor, M, shiny|71/100
|move|p1a: Iron Treads|Stealth Rock|p2a: Gliscor
|-sidestart|p2: key2saucyy|move: Stealth Rock
|
|upkeep
|turn|11
|
|t:|1779814669
|-end|p1a: Iron Treads|Quark Drive|[silent]
|switch|p1a: Moltres|Moltres|100/100
|move|p2a: Gliscor|Stealth Rock|p1a: Moltres
|-sidestart|p1: sublimest tobias|move: Stealth Rock
|
|upkeep
|turn|12
|
|t:|1779814674
|move|p2a: Gliscor|U-turn|p1a: Moltres
|-resisted|p1a: Moltres
|-damage|p1a: Moltres|98/100
|
|t:|1779814677
|switch|p2a: Dachsbun|Dachsbun, M, shiny|100/100|[from] U-turn
|-damage|p2a: Dachsbun|88/100|[from] Stealth Rock
|move|p1a: Moltres|Flamethrower|p2a: Dachsbun
|-ability|p2a: Dachsbun|Well-Baked Body|boost
|-boost|p2a: Dachsbun|def|2
|
|-heal|p2a: Dachsbun|94/100|[from] item: Leftovers
|upkeep
|turn|13
|
|t:|1779814688
|move|p2a: Dachsbun|Body Press|p1a: Moltres
|-resisted|p1a: Moltres
|-damage|p1a: Moltres|82/100
|move|p1a: Moltres|Roar|p2a: Dachsbun
|drag|p2a: Hydrapple|Hydrapple, M, shiny|100/100
|-damage|p2a: Hydrapple|88/100|[from] Stealth Rock
|
|upkeep
|turn|14
|
|t:|1779814696
|move|p1a: Moltres|U-turn|p2a: Hydrapple
|-supereffective|p2a: Hydrapple
|-damage|p2a: Hydrapple|65/100
|
|t:|1779814698
|switch|p1a: Iron Treads|Iron Treads, shiny|100/100|[from] U-turn
|-damage|p1a: Iron Treads|97/100|[from] Stealth Rock
|move|p2a: Hydrapple|Hydro Pump|p1a: Iron Treads
|-supereffective|p1a: Iron Treads
|-damage|p1a: Iron Treads|0 fnt
|faint|p1a: Iron Treads
|-end|p1a: Iron Treads|Quark Drive|[silent]
|
|upkeep
|
|t:|1779814706
|switch|p1a: Primarina|Primarina, F|15/100
|-damage|p1a: Primarina|2/100|[from] Stealth Rock
|turn|15
|
|t:|1779814726
|switch|p2a: Dachsbun|Dachsbun, M, shiny|94/100
|-damage|p2a: Dachsbun|82/100|[from] Stealth Rock
|move|p1a: Primarina|Ice Beam|p2a: Dachsbun
|-damage|p2a: Dachsbun|47/100
|
|-heal|p2a: Dachsbun|53/100|[from] item: Leftovers
|upkeep
|turn|16
|
|t:|1779814752
|move|p2a: Dachsbun|Play Rough|p1a: Primarina
|-damage|p1a: Primarina|0 fnt
|faint|p1a: Primarina
|
|-heal|p2a: Dachsbun|59/100|[from] item: Leftovers
|upkeep
|
|t:|1779814760
|switch|p1a: Scizor|Scizor, F|57/100
|-damage|p1a: Scizor|45/100|[from] Stealth Rock
|turn|17
|inactive|key2saucyy has 120 seconds left.
|
|t:|1779814782
|switch|p2a: Gliscor|Gliscor, M, shiny|71/100
|-damage|p2a: Gliscor|59/100|[from] Stealth Rock
|move|p1a: Scizor|Bullet Punch|p2a: Gliscor
|-damage|p2a: Gliscor|33/100
|
|upkeep
|turn|18
|
|t:|1779814803
|move|p1a: Scizor|Bullet Punch|p2a: Gliscor
|-damage|p2a: Gliscor|6/100
|move|p2a: Gliscor|U-turn|p1a: Scizor
|-resisted|p1a: Scizor
|-damage|p1a: Scizor|37/100
|inactive|key2saucyy has 120 seconds left.
|
|t:|1779814820
|switch|p2a: Hydrapple|Hydrapple, M, shiny|98/100|[from] U-turn
|-damage|p2a: Hydrapple|86/100|[from] Stealth Rock
|
|upkeep
|turn|19
|inactive|key2saucyy has 120 seconds left.
|
|t:|1779814833
|move|p1a: Scizor|Bullet Punch|p2a: Hydrapple
|-damage|p2a: Hydrapple|47/100
|move|p2a: Hydrapple|Hydro Pump|p1a: Scizor
|-damage|p1a: Scizor|0 fnt
|faint|p1a: Scizor
|
|upkeep
|
|t:|1779814840
|switch|p1a: Dragapult|Dragapult, M|100/100
|turn|20
|
|t:|1779814846
|switch|p2a: Dachsbun|Dachsbun, M, shiny|59/100
|-damage|p2a: Dachsbun|47/100|[from] Stealth Rock
|move|p1a: Dragapult|Hex|p2a: Dachsbun
|-damage|p2a: Dachsbun|18/100
|
|-heal|p2a: Dachsbun|24/100|[from] item: Leftovers
|upkeep
|turn|21
|
|t:|1779814856
|move|p1a: Dragapult|Hex|p2a: Dachsbun
|-damage|p2a: Dachsbun|0 fnt
|faint|p2a: Dachsbun
|
|upkeep
|
|t:|1779814866
|switch|p2a: Emboar|Emboar, M, shiny|100/100
|-damage|p2a: Emboar|88/100|[from] Stealth Rock
|turn|22
|
|t:|1779814876
|move|p1a: Dragapult|Dragon Darts|p2a: Emboar
|-damage|p2a: Emboar|60/100
|-anim|p1a: Dragapult|Dragon Darts|p2a: Emboar
|-damage|p2a: Emboar|32/100
|move|p2a: Emboar|Knock Off|p1a: Dragapult
|-supereffective|p1a: Dragapult
|-damage|p1a: Dragapult|15/100
|-enditem|p1a: Dragapult|Heavy-Duty Boots|[from] move: Knock Off|[of] p2a: Emboar
|
|upkeep
|turn|23
|inactive|key2saucyy has 120 seconds left.
|inactive|key2saucyy has 90 seconds left.
|
|t:|1779814931
|switch|p2a: Gliscor|Gliscor, M, shiny|6/100
|-damage|p2a: Gliscor|0 fnt|[from] Stealth Rock
|faint|p2a: Gliscor
|move|p1a: Dragapult|Dragon Darts|p2: Gliscor|[notarget]
|-fail|p1a: Dragapult
|
|upkeep
|inactive|key2saucyy has 90 seconds left.
|
|t:|1779814960
|switch|p2a: Deoxys|Deoxys-Speed, shiny|73/100
|-damage|p2a: Deoxys|60/100|[from] Stealth Rock
|-ability|p2a: Deoxys|Pressure
|turn|24
|
|t:|1779814973
|move|p1a: Dragapult|Hex|p2a: Deoxys
|-supereffective|p2a: Deoxys
|-damage|p2a: Deoxys|0 fnt
|faint|p2a: Deoxys
|
|upkeep
|
|t:|1779814982
|switch|p2a: Hydrapple|Hydrapple, M, shiny|81/100
|-damage|p2a: Hydrapple|68/100|[from] Stealth Rock
|turn|25
|
|t:|1779815005
|move|p1a: Dragapult|Dragon Darts|p2a: Hydrapple
|-supereffective|p2a: Hydrapple
|-damage|p2a: Hydrapple|35/100
|-anim|p1a: Dragapult|Dragon Darts|p2a: Hydrapple
|-supereffective|p2a: Hydrapple
|-damage|p2a: Hydrapple|5/100
|move|p2a: Hydrapple|Giga Drain|p1a: Dragapult
|-resisted|p1a: Dragapult
|-damage|p1a: Dragapult|0 fnt
|-heal|p2a: Hydrapple|10/100|[from] drain|[of] p1a: Dragapult
|faint|p1a: Dragapult
|
|upkeep
|
|t:|1779815010
|switch|p1a: Thundurus|Thundurus-Therian, M|100/100
|-damage|p1a: Thundurus|76/100|[from] Stealth Rock
|turn|26
|inactive|key2saucyy has 90 seconds left.
|
|t:|1779815027
|move|p1a: Thundurus|Thunderbolt|p2a: Hydrapple
|-resisted|p2a: Hydrapple
|-damage|p2a: Hydrapple|0 fnt
|faint|p2a: Hydrapple
|
|upkeep
|
|t:|1779815051
|switch|p2a: Emboar|Emboar, M, shiny|32/100
|-damage|p2a: Emboar|19/100|[from] Stealth Rock
|turn|27
|l|☆key2saucyy
|inactive|key2saucyy disconnected and has a minute to reconnect!
|player|p2|
|j|☆key2saucyy
|inactive|key2saucyy reconnected and has 55 seconds left.
|player|p2|key2saucyy|psychic|
|
|t:|1779815084
|move|p2a: Emboar|Head Smash|p1a: Thundurus
|-supereffective|p1a: Thundurus
|-damage|p1a: Thundurus|0 fnt
|faint|p1a: Thundurus
|-damage|p2a: Emboar|0 fnt|[from] Recoil
|faint|p2a: Emboar
|
|win|sublimest tobias
|raw|sublimest tobias's rating: 1215 &rarr; <strong>1239</strong><br />(+24 for winning)
|raw|key2saucyy's rating: 1202 &rarr; <strong>1178</strong><br />(-24 for losing)
|l|☆key2saucyy
|player|p2|
|l|☆sublimest tobias
|player|p1|
