|j|☆tanmaysinha7
|j|☆Ger45
|t:|1779876878
|gametype|singles
|player|p1|tanmaysinha7|hilbert-wonderlauncher|1134
|player|p2|Ger45|265|1135
|gen|9
|tier|[Gen 9] OU
|rated|
|rule|HP Percentage Mod: HP is shown in percentages
|rule|Endless Battle Clause: Forcing endless battles is banned
|rule|Species Clause: Limit one of each Pokémon
|rule|OHKO Clause: OHKO moves are banned
|rule|Evasion Items Clause: Evasion items are banned
|rule|Evasion Moves Clause: Evasion moves are banned
|rule|Evasion Abilities Clause: Evasion abilities are banned
|rule|Sleep Moves Clause: Sleep-inducing moves are banned
|clearpoke
|poke|p1|Kyurem|
|poke|p1|Cinderace, M|
|poke|p1|Ceruledge, F|
|poke|p1|Rillaboom, F|
|poke|p1|Hawlucha, M|
|poke|p1|Kingambit, M|
|poke|p2|Gyarados, M|
|poke|p2|Slowbro, M|
|poke|p2|Venusaur, M|
|poke|p2|Moltres|
|poke|p2|Rhydon, M|
|poke|p2|Clefable, F|
|teampreview
|inactive|Battle timer is ON: inactive players will automatically lose when time's up. (requested by tanmaysinha7)
|
|t:|1779876890
|teamsize|p1|6
|teamsize|p2|6
|start
|switch|p1a: Kyurem|Kyurem|100/100
|switch|p2a: Moltres|Moltres|100/100
|-ability|p1a: Kyurem|Pressure
|turn|1
|
|t:|1779876909
|move|p1a: Kyurem|Ice Beam|p2a: Moltres
|-damage|p2a: Moltres|31/100
|move|p2a: Moltres|Flamethrower|p1a: Kyurem
|-damage|p1a: Kyurem|51/100
|-status|p1a: Kyurem|brn
|
|-damage|p1a: Kyurem|45/100 brn|[from] brn
|upkeep
|turn|2
|
|t:|1779876925
|switch|p2a: Slowbro|Slowbro, M|100/100
|move|p1a: Kyurem|Ice Beam|p2a: Slowbro
|-resisted|p2a: Slowbro
|-damage|p2a: Slowbro|67/100
|
|-damage|p1a: Kyurem|39/100 brn|[from] brn
|upkeep
|turn|3
|
|t:|1779876936
|switch|p1a: Rillaboom|Rillaboom, F|100/100
|-fieldstart|move: Grassy Terrain|[from] ability: Grassy Surge|[of] p1a: Rillaboom
|move|p2a: Slowbro|Psychic|p1a: Rillaboom
|-damage|p1a: Rillaboom|59/100
|
|-heal|p1a: Rillaboom|65/100|[from] Grassy Terrain
|-heal|p1a: Rillaboom|71/100|[from] item: Leftovers
|-heal|p2a: Slowbro|73/100|[from] Grassy Terrain
|upkeep
|turn|4
|
|t:|1779876950
|switch|p2a: Moltres|Moltres|31/100
|move|p1a: Rillaboom|U-turn|p2a: Moltres
|-resisted|p2a: Moltres
|-damage|p2a: Moltres|24/100
|
|t:|1779876956
|switch|p1a: Cinderace|Cinderace, M|100/100|[from] U-turn
|
|upkeep
|turn|5
|
|t:|1779876964
|switch|p2a: Slowbro|Slowbro, M|100/100
|move|p1a: Cinderace|Pyro Ball|p2a: Slowbro
|-resisted|p2a: Slowbro
|-damage|p2a: Slowbro|82/100
|
|-heal|p2a: Slowbro|89/100|[from] Grassy Terrain
|upkeep
|turn|6
|
|t:|1779876971
|move|p1a: Cinderace|U-turn|p2a: Slowbro
|-start|p1a: Cinderace|typechange|Bug|[from] ability: Libero
|-supereffective|p2a: Slowbro
|-damage|p2a: Slowbro|49/100
|-damage|p1a: Cinderace|84/100|[from] item: Rocky Helmet|[of] p2a: Slowbro
|
|t:|1779876977
|switch|p1a: Rillaboom|Rillaboom, F|71/100|[from] U-turn
|move|p2a: Slowbro|Psychic|p1a: Rillaboom
|-damage|p1a: Rillaboom|27/100
|
|-heal|p1a: Rillaboom|33/100|[from] Grassy Terrain
|-heal|p1a: Rillaboom|40/100|[from] item: Leftovers
|-heal|p2a: Slowbro|55/100|[from] Grassy Terrain
|upkeep
|turn|7
|
|t:|1779876988
|move|p1a: Rillaboom|U-turn|p2a: Slowbro
|-supereffective|p2a: Slowbro
|-damage|p2a: Slowbro|22/100
|-damage|p1a: Rillaboom|23/100|[from] item: Rocky Helmet|[of] p2a: Slowbro
|
|t:|1779876993
|switch|p1a: Hawlucha|Hawlucha, M|100/100|[from] U-turn
|-enditem|p1a: Hawlucha|Grassy Seed
|-boost|p1a: Hawlucha|def|1|[from] item: Grassy Seed
|move|p2a: Slowbro|Psychic|p1a: Hawlucha
|-supereffective|p1a: Hawlucha
|-damage|p1a: Hawlucha|0 fnt
|faint|p1a: Hawlucha
|
|-heal|p2a: Slowbro|28/100|[from] Grassy Terrain
|-fieldend|move: Grassy Terrain
|upkeep
|
|t:|1779877004
|switch|p1a: Kyurem|Kyurem|39/100 brn
|-ability|p1a: Kyurem|Pressure
|turn|8
|
|t:|1779877011
|switch|p2a: Clefable|Clefable, F|100/100
|move|p1a: Kyurem|Freeze-Dry|p2a: Clefable
|-crit|p2a: Clefable
|-damage|p2a: Clefable|26/100
|
|-damage|p1a: Kyurem|33/100 brn|[from] brn
|upkeep
|turn|9
|
|t:|1779877024
|move|p1a: Kyurem|Freeze-Dry|p2a: Clefable
|-damage|p2a: Clefable|0 fnt
|faint|p2a: Clefable
|
|-damage|p1a: Kyurem|27/100 brn|[from] brn
|upkeep
|
|t:|1779877048
|switch|p2a: Gyarados|Gyarados, M|100/100
|turn|10
|
|t:|1779877055
|move|p2a: Gyarados|Temper Flare|p1a: Kyurem
|-damage|p1a: Kyurem|1/100 brn
|move|p1a: Kyurem|Freeze-Dry|p2a: Gyarados
|-supereffective|p2a: Gyarados
|-damage|p2a: Gyarados|0 fnt
|faint|p2a: Gyarados
|
|-damage|p1a: Kyurem|0 fnt|[from] brn
|faint|p1a: Kyurem
|upkeep
|
|t:|1779877067
|switch|p1a: Ceruledge|Ceruledge, F|100/100
|switch|p2a: Slowbro|Slowbro, M|61/100
|turn|11
|
|t:|1779877081
|move|p1a: Ceruledge|Shadow Sneak|p2a: Slowbro
|-supereffective|p2a: Slowbro
|-damage|p2a: Slowbro|27/100
|-damage|p1a: Ceruledge|84/100|[from] item: Rocky Helmet|[of] p2a: Slowbro
|-damage|p1a: Ceruledge|74/100|[from] item: Life Orb
|move|p2a: Slowbro|Scald|p1a: Ceruledge
|-supereffective|p1a: Ceruledge
|-damage|p1a: Ceruledge|0 fnt
|faint|p1a: Ceruledge
|
|upkeep
|
|t:|1779877091
|switch|p1a: Rillaboom|Rillaboom, F|23/100
|-fieldstart|move: Grassy Terrain|[from] ability: Grassy Surge|[of] p1a: Rillaboom
|turn|12
|
|t:|1779877097
|switch|p2a: Moltres|Moltres|24/100
|move|p1a: Rillaboom|U-turn|p2a: Moltres
|-resisted|p2a: Moltres
|-damage|p2a: Moltres|17/100
|
|t:|1779877102
|switch|p1a: Cinderace|Cinderace, M|84/100|[from] U-turn
|
|-heal|p1a: Cinderace|90/100|[from] Grassy Terrain
|upkeep
|turn|13
|
|t:|1779877108
|move|p1a: Cinderace|U-turn|p2a: Moltres
|-start|p1a: Cinderace|typechange|Bug|[from] ability: Libero
|-resisted|p2a: Moltres
|-damage|p2a: Moltres|9/100
|
|t:|1779877113
|switch|p1a: Rillaboom|Rillaboom, F|23/100|[from] U-turn
|move|p2a: Moltres|Roost|p2a: Moltres
|-heal|p2a: Moltres|60/100
|-singleturn|p2a: Moltres|move: Roost
|
|-heal|p1a: Rillaboom|29/100|[from] Grassy Terrain
|-heal|p1a: Rillaboom|35/100|[from] item: Leftovers
|-heal|p2a: Moltres|66/100|[from] Grassy Terrain
|upkeep
|turn|14
|
|t:|1779877127
|move|p1a: Rillaboom|Knock Off|p2a: Moltres
|-damage|p2a: Moltres|31/100
|-enditem|p2a: Moltres|Heavy-Duty Boots|[from] move: Knock Off|[of] p1a: Rillaboom
|move|p2a: Moltres|Flamethrower|p1a: Rillaboom
|-supereffective|p1a: Rillaboom
|-damage|p1a: Rillaboom|0 fnt
|faint|p1a: Rillaboom
|
|upkeep
|
|t:|1779877135
|switch|p1a: Cinderace|Cinderace, M|90/100
|turn|15
|
|t:|1779877143
|move|p1a: Cinderace|Pyro Ball|p2a: Moltres
|-resisted|p2a: Moltres
|-damage|p2a: Moltres|5/100
|move|p2a: Moltres|Roost|p2a: Moltres
|-heal|p2a: Moltres|55/100
|-singleturn|p2a: Moltres|move: Roost
|
|-heal|p1a: Cinderace|96/100|[from] Grassy Terrain
|-heal|p2a: Moltres|61/100|[from] Grassy Terrain
|upkeep
|turn|16
|
|t:|1779877152
|move|p1a: Cinderace|Pyro Ball|p2a: Moltres
|-resisted|p2a: Moltres
|-damage|p2a: Moltres|33/100
|move|p2a: Moltres|Roost|p2a: Moltres
|-heal|p2a: Moltres|83/100
|-singleturn|p2a: Moltres|move: Roost
|
|-heal|p1a: Cinderace|100/100|[from] Grassy Terrain
|-heal|p2a: Moltres|89/100|[from] Grassy Terrain
|-fieldend|move: Grassy Terrain
|upkeep
|turn|17
|
|t:|1779877160
|move|p1a: Cinderace|High Jump Kick|p2a: Moltres
|-start|p1a: Cinderace|typechange|Fighting|[from] ability: Libero
|-resisted|p2a: Moltres
|-damage|p2a: Moltres|60/100
|move|p2a: Moltres|Air Slash|p1a: Cinderace
|-supereffective|p1a: Cinderace
|-damage|p1a: Cinderace|0 fnt
|faint|p1a: Cinderace
|
|upkeep
|
|t:|1779877169
|switch|p1a: Kingambit|Kingambit, M, shiny|100/100
|-activate|p1a: Kingambit|ability: Supreme Overlord
|-start|p1a: Kingambit|fallen5|[silent]
|turn|18
|
|t:|1779877178
|-terastallize|p1a: Kingambit|Ghost
|move|p2a: Moltres|Roost|p2a: Moltres
|-heal|p2a: Moltres|100/100
|-singleturn|p2a: Moltres|move: Roost
|move|p1a: Kingambit|Kowtow Cleave|p2a: Moltres
|-damage|p2a: Moltres|9/100
|
|upkeep
|turn|19
|
|t:|1779877189
|move|p2a: Moltres|Flamethrower|p1a: Kingambit
|-damage|p1a: Kingambit|56/100
|move|p1a: Kingambit|Kowtow Cleave|p2a: Moltres
|-damage|p2a: Moltres|0 fnt
|faint|p2a: Moltres
|
|upkeep
|
|t:|1779877195
|switch|p2a: Rhydon|Rhydon, M|100/100
|turn|20
|
|t:|1779877210
|move|p1a: Kingambit|Sucker Punch|p2a: Rhydon
|-damage|p2a: Rhydon|63/100
|move|p2a: Rhydon|Earthquake|p1a: Kingambit
|-damage|p1a: Kingambit|13/100
|
|upkeep
|turn|21
|
|t:|1779877218
|move|p1a: Kingambit|Brick Break|p2a: Rhydon
|-supereffective|p2a: Rhydon
|-damage|p2a: Rhydon|20/100
|move|p2a: Rhydon|Earthquake|p1a: Kingambit
|-damage|p1a: Kingambit|0 fnt
|faint|p1a: Kingambit
|-end|p1a: Kingambit|fallen5|[silent]
|
|win|Ger45
|raw|tanmaysinha7's rating: 1134 &rarr; <strong>1109</strong><br />(-25 for losing)
|raw|Ger45's rating: 1135 &rarr; <strong>1160</strong><br />(+25 for winning)
|l|☆Ger45
|player|p2|
|l|☆tanmaysinha7
|player|p1|
