|j|☆diegosimeoneps
|j|☆Transit Policy
|t:|1779804520
|gametype|singles
|player|p1|diegosimeoneps|1|1390
|player|p2|Transit Policy|gentleman-gen4dp|1420
|gen|9
|tier|[Gen 9] OU
|rated|
|rule|HP Percentage Mod: HP is shown in percentages
|rule|Endless Battle Clause: Forcing endless battles is banned
|rule|Species Clause: Limit one of each Pokémon
|rule|OHKO Clause: OHKO moves are banned
|rule|Evasion Items Clause: Evasion items are banned
|rule|Evasion Moves Clause: Evasion moves are banned
|rule|Evasion Abilities Clause: Evasion abilities are banned
|rule|Sleep Moves Clause: Sleep-inducing moves are banned
|clearpoke
|poke|p1|Kyurem|
|poke|p1|Hatterene, F|
|poke|p1|Great Tusk|
|poke|p1|Ceruledge, F|
|poke|p1|Kingambit, F|
|poke|p1|Tornadus-Therian, M|
|poke|p2|Slither Wing|
|poke|p2|Pecharunt|
|poke|p2|Ting-Lu|
|poke|p2|Ogerpon-Wellspring, F|
|poke|p2|Raging Bolt|
|poke|p2|Cinderace, F|
|teampreview
|inactive|Battle timer is ON: inactive players will automatically lose when time's up. (requested by diegosimeoneps)
|
|t:|1779804561
|teamsize|p1|6
|teamsize|p2|6
|start
|switch|p1a: Tornadus|Tornadus-Therian, M|100/100
|switch|p2a: Cupquakke|Ting-Lu, shiny|100/100
|-ability|p2a: Cupquakke|Vessel of Ruin
|turn|1
|
|t:|1779804566
|move|p1a: Tornadus|U-turn|p2a: Cupquakke
|-supereffective|p2a: Cupquakke
|-damage|p2a: Cupquakke|83/100
|
|t:|1779804568
|switch|p1a: Hatterene|Hatterene, F|100/100|[from] U-turn
|move|p2a: Cupquakke|Ruination|p1a: Hatterene
|-damage|p1a: Hatterene|51/100
|
|-heal|p2a: Cupquakke|90/100|[from] item: Leftovers
|upkeep
|turn|2
|
|t:|1779804580
|move|p2a: Cupquakke|Earthquake|p1a: Hatterene
|-damage|p1a: Hatterene|18/100
|move|p1a: Hatterene|Pain Split|p2a: Cupquakke
|-sethp|p2a: Cupquakke|50/100|[from] move: Pain Split|[silent]
|-sethp|p1a: Hatterene|82/100|[from] move: Pain Split
|
|-heal|p2a: Cupquakke|57/100|[from] item: Leftovers
|upkeep
|turn|3
|
|t:|1779804592
|move|p2a: Cupquakke|Ruination|p1a: Hatterene
|-damage|p1a: Hatterene|41/100
|move|p1a: Hatterene|Draining Kiss|p2a: Cupquakke
|-supereffective|p2a: Cupquakke
|-crit|p2a: Cupquakke
|-damage|p2a: Cupquakke|30/100
|-heal|p1a: Hatterene|74/100|[from] drain|[of] p2a: Cupquakke
|
|-heal|p2a: Cupquakke|36/100|[from] item: Leftovers
|upkeep
|turn|4
|
|t:|1779804606
|switch|p2a: Chief Peech|Pecharunt|100/100
|move|p1a: Hatterene|Draining Kiss|p2a: Chief Peech
|-resisted|p2a: Chief Peech
|-damage|p2a: Chief Peech|90/100
|-heal|p1a: Hatterene|83/100|[from] drain|[of] p2a: Chief Peech
|
|upkeep
|turn|5
|
|t:|1779804613
|switch|p1a: Kingambit|Kingambit, F|100/100
|-item|p1a: Kingambit|Air Balloon
|move|p2a: Chief Peech|Shadow Ball|p1a: Kingambit
|-resisted|p1a: Kingambit
|-damage|p1a: Kingambit|88/100
|-unboost|p1a: Kingambit|spd|1
|-enditem|p1a: Kingambit|Air Balloon
|
|upkeep
|turn|6
|
|t:|1779804635
|switch|p2a: Slitha|Slither Wing, shiny|100/100
|move|p1a: Kingambit|Kowtow Cleave|p2a: Slitha
|-resisted|p2a: Slitha
|-damage|p2a: Slitha|68/100
|
|upkeep
|turn|7
|
|t:|1779804645
|-end|p1a: Kingambit|fallenundefined|[silent]
|switch|p1a: Tornadus|Tornadus-Therian, M|100/100
|move|p2a: Slitha|U-turn|p1a: Tornadus
|-resisted|p1a: Tornadus
|-damage|p1a: Tornadus|62/100
|
|t:|1779804657
|-end|p2a: Slitha|Protosynthesis|[silent]
|switch|p2a: Bolt The Sweeper|Raging Bolt|100/100|[from] U-turn
|
|upkeep
|turn|8
|
|t:|1779804664
|move|p1a: Tornadus|U-turn|p2a: Bolt The Sweeper
|-damage|p2a: Bolt The Sweeper|88/100
|
|t:|1779804676
|switch|p1a: Hatterene|Hatterene, F|83/100|[from] U-turn
|move|p2a: Bolt The Sweeper|Draco Meteor|p1a: Hatterene
|-immune|p1a: Hatterene
|
|upkeep
|turn|9
|
|t:|1779804685
|-end|p2a: Bolt The Sweeper|Protosynthesis|[silent]
|switch|p2a: Chief Peech|Pecharunt|90/100
|move|p1a: Hatterene|Psychic Noise|p2a: Chief Peech
|-supereffective|p2a: Chief Peech
|-damage|p2a: Chief Peech|24/100
|-start|p2a: Chief Peech|move: Heal Block
|
|upkeep
|turn|10
|
|t:|1779804693
|switch|p1a: Tornadus|Tornadus-Therian, M|96/100
|move|p2a: Chief Peech|Malignant Chain|p1a: Tornadus
|-damage|p1a: Tornadus|77/100
|-status|p1a: Tornadus|tox
|-start|p1a: Tornadus|confusion|[from] ability: Poison Puppeteer|[of] p2a: Chief Peech
|
|-damage|p1a: Tornadus|71/100 tox|[from] psn
|-end|p2a: Chief Peech|move: Heal Block
|upkeep
|turn|11
|
|t:|1779804704
|switch|p2a: Bolt The Sweeper|Raging Bolt|88/100
|-activate|p1a: Tornadus|confusion
|-damage|p1a: Tornadus|62/100 tox|[from] confusion
|
|-damage|p1a: Tornadus|50/100 tox|[from] psn
|upkeep
|turn|12
|
|t:|1779804713
|switch|p1a: Kingambit|Kingambit, F|88/100
|move|p2a: Bolt The Sweeper|Thunderclap||[still]
|-fail|p2a: Bolt The Sweeper
|
|upkeep
|turn|13
|
|t:|1779804723
|-end|p2a: Bolt The Sweeper|Protosynthesis|[silent]
|switch|p2a: Cupquakke|Ting-Lu, shiny|36/100
|-ability|p2a: Cupquakke|Vessel of Ruin
|move|p1a: Kingambit|Swords Dance|p1a: Kingambit
|-boost|p1a: Kingambit|atk|2
|
|-heal|p2a: Cupquakke|42/100|[from] item: Leftovers
|upkeep
|turn|14
|
|t:|1779804729
|move|p1a: Kingambit|Iron Head|p2a: Cupquakke
|-damage|p2a: Cupquakke|0 fnt
|faint|p2a: Cupquakke
|
|upkeep
|
|t:|1779804740
|switch|p2a: Polo C|Cinderace, F|100/100
|turn|15
|
|t:|1779804745
|-end|p1a: Kingambit|fallenundefined|[silent]
|switch|p1a: Ceruledge|Ceruledge, F|100/100
|move|p2a: Polo C|Pyro Ball|p1a: Ceruledge
|-start|p1a: Ceruledge|ability: Flash Fire
|
|upkeep
|turn|16
|
|t:|1779804749
|move|p2a: Polo C|U-turn|p1a: Ceruledge
|-start|p2a: Polo C|typechange|Bug|[from] ability: Libero
|-resisted|p1a: Ceruledge
|-damage|p1a: Ceruledge|91/100
|
|t:|1779804755
|switch|p2a: Bolt The Sweeper|Raging Bolt|88/100|[from] U-turn
|move|p1a: Ceruledge|Bulk Up|p1a: Ceruledge
|-boost|p1a: Ceruledge|atk|1
|-boost|p1a: Ceruledge|def|1
|
|upkeep
|turn|17
|
|t:|1779804767
|move|p2a: Bolt The Sweeper|Draco Meteor|p1a: Ceruledge
|-damage|p1a: Ceruledge|12/100
|-unboost|p2a: Bolt The Sweeper|spa|2
|move|p1a: Ceruledge|Bitter Blade|p2a: Bolt The Sweeper
|-resisted|p2a: Bolt The Sweeper
|-damage|p2a: Bolt The Sweeper|47/100
|-heal|p1a: Ceruledge|35/100|[from] drain|[of] p2a: Bolt The Sweeper
|
|upkeep
|turn|18
|inactive|diegosimeoneps has 120 seconds left.
|inactive|diegosimeoneps has 90 seconds left.
|inactive|diegosimeoneps has 60 seconds left.
|
|t:|1779804881
|-end|p2a: Bolt The Sweeper|Protosynthesis|[silent]
|switch|p2a: Polo C|Cinderace, F|100/100
|-end|p1a: Ceruledge|ability: Flash Fire|[silent]
|switch|p1a: Hatterene|Hatterene, F|83/100
|
|upkeep
|turn|19
|inactive|Transit Policy has 120 seconds left.
|inactive|Transit Policy has 90 seconds left.
|inactive|Transit Policy has 60 seconds left.
|
|t:|1779804972
|move|p2a: Polo C|Pyro Ball|p1a: Hatterene
|-damage|p1a: Hatterene|38/100
|move|p1a: Hatterene|Psychic Noise|p2a: Polo C
|-damage|p2a: Polo C|50/100
|-start|p2a: Polo C|move: Heal Block
|
|upkeep
|turn|20
|
|t:|1779804981
|switch|p1a: Ceruledge|Ceruledge, F|35/100
|move|p2a: Polo C|U-turn|p1a: Ceruledge
|-start|p2a: Polo C|typechange|Bug|[from] ability: Libero
|-resisted|p1a: Ceruledge
|-crit|p1a: Ceruledge
|-damage|p1a: Ceruledge|21/100
|
|t:|1779804987
|switch|p2a: King Pon|Ogerpon-Wellspring, F|100/100|[from] U-turn
|
|upkeep
|turn|21
|inactive|diegosimeoneps has 60 seconds left.
|
|t:|1779805021
|switch|p1a: Hatterene|Hatterene, F|38/100
|move|p2a: King Pon|Swords Dance|p2a: King Pon
|-boost|p2a: King Pon|atk|2
|
|upkeep
|turn|22
|
|t:|1779805035
|move|p2a: King Pon|Ivy Cudgel|p1a: Hatterene|[anim] Ivy Cudgel Water
|-damage|p1a: Hatterene|0 fnt
|faint|p1a: Hatterene
|
|upkeep
|
|t:|1779805037
|switch|p1a: Kyurem|Kyurem|100/100
|-ability|p1a: Kyurem|Pressure
|turn|23
|
|t:|1779805043
|move|p1a: Kyurem|Protect|p1a: Kyurem
|-singleturn|p1a: Kyurem|Protect
|move|p2a: King Pon|Play Rough|p1a: Kyurem
|-activate|p1a: Kyurem|move: Protect
|
|upkeep
|turn|24
|inactive|Transit Policy has 90 seconds left.
|inactive|diegosimeoneps has 60 seconds left.
|inactive|Transit Policy has 60 seconds left.
|
|t:|1779805080
|-terastallize|p2a: King Pon|Water
|detailschange|p2a: King Pon|Ogerpon-Wellspring-Tera, F, tera:Water
|-ability|p2a: King Pon|Embody Aspect (Wellspring)|boost
|-boost|p2a: King Pon|spd|1
|-terastallize|p1a: Kyurem|Ground
|move|p2a: King Pon|Ivy Cudgel|p1a: Kyurem|[anim] Ivy Cudgel Water
|-supereffective|p1a: Kyurem
|-damage|p1a: Kyurem|0 fnt
|faint|p1a: Kyurem
|
|upkeep
|inactive|diegosimeoneps has 60 seconds left.
|
|t:|1779805090
|switch|p1a: Ceruledge|Ceruledge, F|21/100
|turn|25
|
|t:|1779805094
|move|p1a: Ceruledge|Shadow Sneak|p2a: King Pon
|-damage|p2a: King Pon|77/100
|move|p2a: King Pon|Ivy Cudgel|p1a: Ceruledge|[anim] Ivy Cudgel Water
|-supereffective|p1a: Ceruledge
|-damage|p1a: Ceruledge|0 fnt
|faint|p1a: Ceruledge
|
|upkeep
|
|t:|1779805096
|switch|p1a: Kingambit|Kingambit, F|88/100
|-activate|p1a: Kingambit|ability: Supreme Overlord
|-start|p1a: Kingambit|fallen3|[silent]
|turn|26
|
|t:|1779805104
|move|p1a: Kingambit|Sucker Punch|p2a: King Pon
|-damage|p2a: King Pon|10/100
|move|p2a: King Pon|Ivy Cudgel|p1a: Kingambit|[anim] Ivy Cudgel Water
|-damage|p1a: Kingambit|0 fnt
|faint|p1a: Kingambit
|-end|p1a: Kingambit|fallen3|[silent]
|
|upkeep
|
|t:|1779805109
|switch|p1a: Tornadus|Tornadus-Therian, M|83/100 tox
|turn|27
|inactive|Transit Policy has 90 seconds left.
|
|t:|1779805123
|switch|p2a: Chief Peech|Pecharunt|24/100
|move|p1a: Tornadus|U-turn|p2a: Chief Peech
|-resisted|p2a: Chief Peech
|-damage|p2a: Chief Peech|22/100
|
|t:|1779805125
|switch|p1a: Great Tusk|Great Tusk|100/100|[from] U-turn
|
|upkeep
|turn|28
|
|t:|1779805130
|move|p1a: Great Tusk|Headlong Rush|p2a: Chief Peech
|-supereffective|p2a: Chief Peech
|-damage|p2a: Chief Peech|0 fnt
|-unboost|p1a: Great Tusk|def|1
|-unboost|p1a: Great Tusk|spd|1
|faint|p2a: Chief Peech
|
|upkeep
|
|t:|1779805140
|switch|p2a: King Pon|Ogerpon-Wellspring-Tera, F, tera:Water|10/100
|-ability|p2a: King Pon|Embody Aspect (Wellspring)|boost
|-boost|p2a: King Pon|spd|1
|turn|29
|
|t:|1779805142
|-end|p1a: Great Tusk|Protosynthesis|[silent]
|switch|p1a: Tornadus|Tornadus-Therian, M|100/100 tox
|move|p2a: King Pon|Ivy Cudgel|p1a: Tornadus|[anim] Ivy Cudgel Water
|-damage|p1a: Tornadus|6/100 tox
|
|-damage|p1a: Tornadus|0 fnt|[from] psn
|faint|p1a: Tornadus
|upkeep
|
|t:|1779805149
|switch|p1a: Great Tusk|Great Tusk|100/100
|turn|30
|inactive|diegosimeoneps has 120 seconds left.
|c|☆diegosimeoneps|I should have taken my chip on woger
|c|☆diegosimeoneps|With sneak
|c|☆diegosimeoneps|I hard threw
|c|☆diegosimeoneps|Also how the f
|c|☆diegosimeoneps|Did woger survive
|
|t:|1779805192
|switch|p2a: Bolt The Sweeper|Raging Bolt|47/100
|move|p1a: Great Tusk|Rapid Spin|p2a: Bolt The Sweeper
|-damage|p2a: Bolt The Sweeper|30/100
|-boost|p1a: Great Tusk|spe|1
|
|upkeep
|turn|31
|c|☆Transit Policy|twas a roll
|inactive|Transit Policy has 120 seconds left.
|c|☆Transit Policy|i mightve thrown tho
|
|t:|1779805212
|move|p1a: Great Tusk|Ice Spinner|p2a: Bolt The Sweeper
|-supereffective|p2a: Bolt The Sweeper
|-damage|p2a: Bolt The Sweeper|0 fnt
|faint|p2a: Bolt The Sweeper
|-end|p2a: Bolt The Sweeper|Protosynthesis|[silent]
|
|upkeep
|inactive|Transit Policy has 120 seconds left.
|
|t:|1779805217
|switch|p2a: Polo C|Cinderace, F|50/100
|turn|32
|
|t:|1779805222
|move|p1a: Great Tusk|Headlong Rush|p2a: Polo C
|-supereffective|p2a: Polo C
|-damage|p2a: Polo C|0 fnt
|-unboost|p1a: Great Tusk|def|1
|-unboost|p1a: Great Tusk|spd|1
|faint|p2a: Polo C
|
|upkeep
|c|☆Transit Policy|gg
|
|t:|1779805227
|switch|p2a: King Pon|Ogerpon-Wellspring-Tera, F, tera:Water|10/100
|-ability|p2a: King Pon|Embody Aspect (Wellspring)|boost
|-boost|p2a: King Pon|spd|1
|turn|33
|inactive|diegosimeoneps has 120 seconds left.
|
|t:|1779805232
|move|p1a: Great Tusk|Rapid Spin|p2a: King Pon
|-damage|p2a: King Pon|0 fnt
|-boost|p1a: Great Tusk|spe|1
|faint|p2a: King Pon
|detailschange|p2: King Pon|Ogerpon-Wellspring, F|[silent]
|
|upkeep
|
|t:|1779805234
|switch|p2a: Slitha|Slither Wing, shiny|68/100
|turn|34
|
|t:|1779805237
|move|p1a: Great Tusk|Ice Spinner|p2a: Slitha
|-damage|p2a: Slitha|34/100
|move|p2a: Slitha|Close Combat|p1a: Great Tusk
|-damage|p1a: Great Tusk|0 fnt
|-unboost|p2a: Slitha|def|1
|-unboost|p2a: Slitha|spd|1
|faint|p1a: Great Tusk
|-end|p1a: Great Tusk|Protosynthesis|[silent]
|
|win|Transit Policy
|raw|diegosimeoneps's rating: 1390 &rarr; <strong>1372</strong><br />(-18 for losing)
|raw|Transit Policy's rating: 1420 &rarr; <strong>1438</strong><br />(+18 for winning)
|c|☆Transit Policy|gg
|c|☆diegosimeoneps|Gg
|c|☆diegosimeoneps|How the f did it survive
|c|☆diegosimeoneps|The sucker
|c|☆diegosimeoneps|Only 67%
|c|☆Transit Policy|uhhh
|c|☆diegosimeoneps|Are you bulk invested
|c|☆Transit Policy|lemme check r
|c|☆Transit Policy|rq*
|c|☆Transit Policy|nah my 4 is in spdef
|c|☆diegosimeoneps|What
|c|☆Transit Policy|i have no phys bulk
|c|☆diegosimeoneps|Only 67 with sucker how
|c|☆diegosimeoneps|Also good predict on the tera
|c|☆Transit Policy|no idea honestly
|c|☆diegosimeoneps|Also why cudgel
|c|☆diegosimeoneps|Prediction
|c|☆diegosimeoneps|Or
|c|☆diegosimeoneps|Nah
|c|☆Transit Policy|it was a roll and i guess it just wasn't in your favor :(
|c|☆Transit Policy|and yeah prediction
|c|☆diegosimeoneps|You knew I'd tera
|c|☆diegosimeoneps|Heh
|c|☆Transit Policy|didn't think you'd stay in and risk the kyurem getting pr'd again
|c|☆Transit Policy|without tera
|c|☆diegosimeoneps|I was too greedy about cinderace
|c|☆diegosimeoneps|I wanted to preserve ceruledge
|c|☆Transit Policy|and any of kyurem's usual teras aren't gonna protect it from tera-boosted cudgel
|c|☆diegosimeoneps|I should have sneaked and taken my chip
|c|☆Transit Policy|haha i was really thankful you decided to switch out
|c|☆Transit Policy|the ace was a threat to your gambit and tusk so i figured you'd wanna keep ceru in the back
|c|☆Transit Policy|since i'm will-o
