|j|☆ratsallfolks
|j|☆choispecs ironmoth
|t:|1779892545
|gametype|singles
|player|p1|ratsallfolks|gardenia-masters|1536
|player|p2|choispecs ironmoth|lucas|1564
|gen|9
|tier|[Gen 9] OU
|rated|
|rule|HP Percentage Mod: HP is shown in percentages
|rule|Endless Battle Clause: Forcing endless battles is banned
|rule|Species Clause: Limit one of each Pokémon
|rule|OHKO Clause: OHKO moves are banned
|rule|Evasion Items Clause: Evasion items are banned
|rule|Evasion Moves Clause: Evasion moves are banned
|rule|Evasion Abilities Clause: Evasion abilities are banned
|rule|Sleep Moves Clause: Sleep-inducing moves are banned
|clearpoke
|poke|p1|Pelipper, M|
|poke|p1|Floatzel, M|
|poke|p1|Toxicroak, M|
|poke|p1|Iron Treads|
|poke|p1|Ogerpon-Wellspring, F|
|poke|p1|Kingambit, M|
|poke|p2|Kyurem|
|poke|p2|Cinderace, M|
|poke|p2|Kingambit, F|
|poke|p2|Landorus-Therian, M|
|poke|p2|Iron Valiant|
|poke|p2|Slowking-Galar, M|
|teampreview
|inactive|Battle timer is ON: inactive players will automatically lose when time's up. (requested by choispecs ironmoth)
|
|t:|1779892566
|teamsize|p1|6
|teamsize|p2|6
|start
|switch|p1a: Ogerpon|Ogerpon-Wellspring, F|100/100
|switch|p2a: Slowking|Slowking-Galar, M|100/100
|turn|1
|
|t:|1779892570
|move|p1a: Ogerpon|Ivy Cudgel|p2a: Slowking|[anim] Ivy Cudgel Water
|-damage|p2a: Slowking|37/100
|move|p2a: Slowking|Thunder Wave|p1a: Ogerpon
|-status|p1a: Ogerpon|par
|
|upkeep
|turn|2
|
|t:|1779892578
|switch|p2a: Kingambit|Kingambit, F|100/100
|cant|p1a: Ogerpon|par
|
|upkeep
|turn|3
|
|t:|1779892583
|switch|p1a: Toxicroak|Toxicroak, M|100/100
|move|p2a: Kingambit|Kowtow Cleave|p1a: Toxicroak
|-resisted|p1a: Toxicroak
|-damage|p1a: Toxicroak|80/100
|
|-heal|p1a: Toxicroak|86/100|[from] item: Black Sludge
|upkeep
|turn|4
|
|t:|1779892590
|-end|p2a: Kingambit|fallenundefined|[silent]
|switch|p2a: Slowking|Slowking-Galar, M|70/100
|move|p1a: Toxicroak|Knock Off|p2a: Slowking
|-supereffective|p2a: Slowking
|-damage|p2a: Slowking|23/100
|-enditem|p2a: Slowking|Heavy-Duty Boots|[from] move: Knock Off|[of] p1a: Toxicroak
|
|-heal|p1a: Toxicroak|93/100|[from] item: Black Sludge
|upkeep
|turn|5
|
|t:|1779892597
|switch|p2a: Landorus|Landorus-Therian, M|100/100
|-ability|p2a: Landorus|Intimidate|boost
|-unboost|p1a: Toxicroak|atk|1
|move|p1a: Toxicroak|Knock Off|p2a: Landorus
|-damage|p2a: Landorus|86/100
|-damage|p1a: Toxicroak|76/100|[from] item: Rocky Helmet|[of] p2a: Landorus
|-enditem|p2a: Landorus|Rocky Helmet|[from] move: Knock Off|[of] p1a: Toxicroak
|
|-heal|p1a: Toxicroak|82/100|[from] item: Black Sludge
|upkeep
|turn|6
|
|t:|1779892609
|switch|p1a: Pelipper|Pelipper, M|100/100
|-weather|RainDance|[from] ability: Drizzle|[of] p1a: Pelipper
|move|p2a: Landorus|U-turn|p1a: Pelipper
|-resisted|p1a: Pelipper
|-damage|p1a: Pelipper|92/100
|
|t:|1779892612
|switch|p2a: Slowking|Slowking-Galar, M|56/100|[from] U-turn
|
|-weather|RainDance|[upkeep]
|upkeep
|turn|7
|
|t:|1779892617
|move|p1a: Pelipper|U-turn|p2a: Slowking
|-damage|p2a: Slowking|46/100
|
|t:|1779892619
|switch|p1a: Iron Treads|Iron Treads|100/100|[from] U-turn
|-prepare|p2a: Slowking|Chilly Reception|[premajor]
|move|p2a: Slowking|Chilly Reception|p2a: Slowking
|-weather|Snowscape
|
|t:|1779892626
|switch|p2a: Kyurem|Kyurem|100/100|[from] Chilly Reception
|-ability|p2a: Kyurem|Pressure
|
|-weather|Snowscape|[upkeep]
|upkeep
|turn|8
|
|t:|1779892629
|move|p1a: Iron Treads|Volt Switch|p2a: Kyurem
|-resisted|p2a: Kyurem
|-damage|p2a: Kyurem|96/100
|
|t:|1779892632
|-end|p1a: Iron Treads|Quark Drive|[silent]
|switch|p1a: Kingambit|Kingambit, M|100/100|[from] Volt Switch
|move|p2a: Kyurem|Blizzard|p1a: Kingambit
|-resisted|p1a: Kingambit
|-damage|p1a: Kingambit|72/100
|
|-weather|Snowscape|[upkeep]
|-heal|p1a: Kingambit|78/100|[from] item: Leftovers
|upkeep
|turn|9
|j| Kyurem
|l| Kyurem
|
|t:|1779892642
|-end|p1a: Kingambit|fallenundefined|[silent]
|switch|p1a: Floatzel|Floatzel, M|100/100
|move|p2a: Kyurem|Earth Power|p1a: Floatzel
|-damage|p1a: Floatzel|44/100
|
|-weather|Snowscape|[upkeep]
|upkeep
|turn|10
|
|t:|1779892650
|-terastallize|p1a: Floatzel|Water
|move|p1a: Floatzel|Flip Turn|p2a: Kyurem
|-resisted|p2a: Kyurem
|-damage|p2a: Kyurem|80/100
|
|t:|1779892657
|switch|p1a: Iron Treads|Iron Treads|100/100|[from] Flip Turn
|move|p2a: Kyurem|Freeze-Dry|p1a: Iron Treads
|-damage|p1a: Iron Treads|54/100
|
|-weather|Snowscape|[upkeep]
|-heal|p1a: Iron Treads|60/100|[from] item: Leftovers
|upkeep
|turn|11
|
|t:|1779892663
|switch|p2a: Landorus|Landorus-Therian, M|86/100
|-ability|p2a: Landorus|Intimidate|boost
|-unboost|p1a: Iron Treads|atk|1
|move|p1a: Iron Treads|Stealth Rock|p2a: Landorus
|-sidestart|p2: choispecs ironmoth|move: Stealth Rock
|
|-weather|none
|-heal|p1a: Iron Treads|66/100|[from] item: Leftovers
|upkeep
|turn|12
|
|t:|1779892669
|-end|p1a: Iron Treads|Quark Drive|[silent]
|switch|p1a: Pelipper|Pelipper, M|92/100
|-weather|RainDance|[from] ability: Drizzle|[of] p1a: Pelipper
|move|p2a: Landorus|Rock Tomb|p1a: Pelipper
|-supereffective|p1a: Pelipper
|-damage|p1a: Pelipper|62/100
|-unboost|p1a: Pelipper|spe|1
|
|-weather|RainDance|[upkeep]
|upkeep
|turn|13
|
|t:|1779892677
|move|p2a: Landorus|Rock Tomb|p1a: Pelipper
|-supereffective|p1a: Pelipper
|-damage|p1a: Pelipper|30/100
|-unboost|p1a: Pelipper|spe|1
|move|p1a: Pelipper|U-turn|p2a: Landorus
|-resisted|p2a: Landorus
|-damage|p2a: Landorus|81/100
|
|t:|1779892685
|switch|p1a: Floatzel|Floatzel, M, tera:Water|44/100|[from] U-turn
|
|-weather|RainDance|[upkeep]
|upkeep
|turn|14
|
|t:|1779892694
|move|p1a: Floatzel|Flip Turn|p2a: Landorus
|-supereffective|p2a: Landorus
|-damage|p2a: Landorus|0 fnt
|faint|p2a: Landorus
|
|t:|1779892708
|switch|p1a: Iron Treads|Iron Treads|66/100|[from] Flip Turn
|
|-weather|RainDance|[upkeep]
|-heal|p1a: Iron Treads|72/100|[from] item: Leftovers
|upkeep
|
|t:|1779892712
|switch|p2a: Cinderace|Cinderace, M|100/100
|turn|15
|
|t:|1779892716
|move|p2a: Cinderace|High Jump Kick|p1a: Iron Treads
|-start|p2a: Cinderace|typechange|Fighting|[from] ability: Libero
|-supereffective|p1a: Iron Treads
|-damage|p1a: Iron Treads|0 fnt
|faint|p1a: Iron Treads
|-end|p1a: Iron Treads|Quark Drive|[silent]
|
|-weather|RainDance|[upkeep]
|upkeep
|
|t:|1779892719
|switch|p1a: Floatzel|Floatzel, M, tera:Water|44/100
|turn|16
|
|t:|1779892728
|switch|p2a: Kyurem|Kyurem|80/100
|-damage|p2a: Kyurem|55/100|[from] Stealth Rock
|-ability|p2a: Kyurem|Pressure
|move|p1a: Floatzel|Flip Turn|p2a: Kyurem
|-resisted|p2a: Kyurem
|-damage|p2a: Kyurem|24/100
|
|t:|1779892738
|switch|p1a: Kingambit|Kingambit, M|78/100|[from] Flip Turn
|-activate|p1a: Kingambit|ability: Supreme Overlord
|-start|p1a: Kingambit|fallen1|[silent]
|
|-weather|RainDance|[upkeep]
|-heal|p1a: Kingambit|84/100|[from] item: Leftovers
|upkeep
|turn|17
|
|t:|1779892743
|switch|p2a: Kingambit|Kingambit, F|100/100
|-damage|p2a: Kingambit|94/100|[from] Stealth Rock
|-activate|p2a: Kingambit|ability: Supreme Overlord
|-start|p2a: Kingambit|fallen1|[silent]
|move|p1a: Kingambit|Sucker Punch||[still]
|-fail|p1a: Kingambit
|
|-weather|RainDance|[upkeep]
|-heal|p2a: Kingambit|100/100|[from] item: Leftovers
|-heal|p1a: Kingambit|90/100|[from] item: Leftovers
|upkeep
|turn|18
|
|t:|1779892751
|-end|p1a: Kingambit|fallen1|[silent]
|switch|p1a: Toxicroak|Toxicroak, M|82/100
|move|p2a: Kingambit|Low Kick|p1a: Toxicroak
|-resisted|p1a: Toxicroak
|-damage|p1a: Toxicroak|70/100
|
|-weather|RainDance|[upkeep]
|-heal|p1a: Toxicroak|83/100|[from] ability: Dry Skin
|-heal|p1a: Toxicroak|89/100|[from] item: Black Sludge
|upkeep
|turn|19
|
|t:|1779892761
|switch|p1a: Ogerpon|Ogerpon-Wellspring, F|100/100 par
|-end|p2a: Kingambit|fallen1|[silent]
|switch|p2a: Iron Valiant|Iron Valiant|100/100
|-damage|p2a: Iron Valiant|94/100|[from] Stealth Rock
|-enditem|p2a: Iron Valiant|Booster Energy
|-activate|p2a: Iron Valiant|ability: Quark Drive|[fromitem]
|-start|p2a: Iron Valiant|quarkdrivespe
|
|-weather|none
|upkeep
|turn|20
|
|t:|1779892766
|move|p2a: Iron Valiant|Moonblast|p1a: Ogerpon
|-damage|p1a: Ogerpon|43/100 par
|-unboost|p1a: Ogerpon|spa|1
|cant|p1a: Ogerpon|par
|
|upkeep
|turn|21
|
|t:|1779892777
|move|p2a: Iron Valiant|Moonblast|p1a: Ogerpon
|-damage|p1a: Ogerpon|0 fnt
|faint|p1a: Ogerpon
|
|upkeep
|
|t:|1779892778
|switch|p1a: Pelipper|Pelipper, M|30/100
|-weather|RainDance|[from] ability: Drizzle|[of] p1a: Pelipper
|turn|22
|
|t:|1779892786
|move|p2a: Iron Valiant|Moonblast|p1a: Pelipper
|-crit|p1a: Pelipper
|-damage|p1a: Pelipper|0 fnt
|faint|p1a: Pelipper
|
|-weather|RainDance|[upkeep]
|upkeep
|
|t:|1779892788
|switch|p1a: Floatzel|Floatzel, M, tera:Water|44/100
|turn|23
|
|t:|1779892791
|move|p1a: Floatzel|Wave Crash|p2a: Iron Valiant
|-damage|p2a: Iron Valiant|0 fnt
|faint|p2a: Iron Valiant
|-end|p2a: Iron Valiant|Quark Drive|[silent]
|-damage|p1a: Floatzel|16/100|[from] Recoil
|
|-weather|RainDance|[upkeep]
|upkeep
|
|t:|1779892799
|switch|p2a: Kingambit|Kingambit, F|100/100
|-damage|p2a: Kingambit|94/100|[from] Stealth Rock
|-activate|p2a: Kingambit|ability: Supreme Overlord
|-start|p2a: Kingambit|fallen2|[silent]
|turn|24
|
|t:|1779892803
|switch|p1a: Toxicroak|Toxicroak, M|89/100
|move|p2a: Kingambit|Swords Dance|p2a: Kingambit
|-boost|p2a: Kingambit|atk|2
|
|-weather|RainDance|[upkeep]
|-heal|p1a: Toxicroak|100/100|[from] ability: Dry Skin
|-heal|p2a: Kingambit|100/100|[from] item: Leftovers
|upkeep
|turn|25
|
|t:|1779892808
|-end|p2a: Kingambit|fallen2|[silent]
|switch|p2a: Slowking|Slowking-Galar, M|80/100
|-damage|p2a: Slowking|67/100|[from] Stealth Rock
|move|p1a: Toxicroak|Toxic|p2a: Slowking
|-immune|p2a: Slowking
|
|-weather|RainDance|[upkeep]
|upkeep
|turn|26
|
|t:|1779892813
|switch|p1a: Kingambit|Kingambit, M|90/100
|-activate|p1a: Kingambit|ability: Supreme Overlord
|-start|p1a: Kingambit|fallen3|[silent]
|-prepare|p2a: Slowking|Chilly Reception|[premajor]
|move|p2a: Slowking|Chilly Reception|p2a: Slowking
|-weather|Snowscape
|
|t:|1779892816
|switch|p2a: Kingambit|Kingambit, F|100/100|[from] Chilly Reception
|-damage|p2a: Kingambit|94/100|[from] Stealth Rock
|-activate|p2a: Kingambit|ability: Supreme Overlord
|-start|p2a: Kingambit|fallen2|[silent]
|
|-weather|Snowscape|[upkeep]
|-heal|p2a: Kingambit|100/100|[from] item: Leftovers
|-heal|p1a: Kingambit|96/100|[from] item: Leftovers
|upkeep
|turn|27
|
|t:|1779892819
|-end|p1a: Kingambit|fallen3|[silent]
|switch|p1a: Toxicroak|Toxicroak, M|100/100
|move|p2a: Kingambit|Low Kick|p1a: Toxicroak
|-resisted|p1a: Toxicroak
|-damage|p1a: Toxicroak|87/100
|
|-weather|Snowscape|[upkeep]
|-heal|p1a: Toxicroak|93/100|[from] item: Black Sludge
|upkeep
|turn|28
|
|t:|1779892824
|switch|p1a: Floatzel|Floatzel, M, tera:Water|16/100
|-end|p2a: Kingambit|fallen2|[silent]
|switch|p2a: Slowking|Slowking-Galar, M|100/100
|-damage|p2a: Slowking|88/100|[from] Stealth Rock
|
|-weather|Snowscape|[upkeep]
|upkeep
|turn|29
|
|t:|1779892828
|move|p1a: Floatzel|Flip Turn|p2a: Slowking
|-damage|p2a: Slowking|32/100
|
|t:|1779892832
|switch|p1a: Kingambit|Kingambit, M|96/100|[from] Flip Turn
|-activate|p1a: Kingambit|ability: Supreme Overlord
|-start|p1a: Kingambit|fallen3|[silent]
|move|p2a: Slowking|Sludge Bomb|p1a: Kingambit
|-immune|p1a: Kingambit
|
|-weather|Snowscape|[upkeep]
|-heal|p1a: Kingambit|100/100|[from] item: Leftovers
|upkeep
|turn|30
|
|t:|1779892837
|-end|p1a: Kingambit|fallen3|[silent]
|switch|p1a: Floatzel|Floatzel, M, tera:Water|16/100
|move|p2a: Slowking|Thunder Wave|p1a: Floatzel|[miss]
|-miss|p2a: Slowking|p1a: Floatzel
|
|-weather|none
|upkeep
|turn|31
|
|t:|1779892844
|move|p1a: Floatzel|Flip Turn|p2a: Slowking
|-damage|p2a: Slowking|0 fnt
|faint|p2a: Slowking
|
|t:|1779892848
|switch|p1a: Kingambit|Kingambit, M|100/100|[from] Flip Turn
|-activate|p1a: Kingambit|ability: Supreme Overlord
|-start|p1a: Kingambit|fallen3|[silent]
|
|upkeep
|
|t:|1779892852
|switch|p2a: Cinderace|Cinderace, M|100/100
|turn|32
|
|t:|1779892867
|-end|p1a: Kingambit|fallen3|[silent]
|switch|p1a: Toxicroak|Toxicroak, M|93/100
|move|p2a: Cinderace|Pyro Ball|p1a: Toxicroak
|-damage|p1a: Toxicroak|35/100
|
|-heal|p1a: Toxicroak|41/100|[from] item: Black Sludge
|upkeep
|turn|33
|
|t:|1779892873
|move|p1a: Toxicroak|Protect|p1a: Toxicroak
|-singleturn|p1a: Toxicroak|Protect
|move|p2a: Cinderace|Pyro Ball|p1a: Toxicroak
|-activate|p1a: Toxicroak|move: Protect
|
|-heal|p1a: Toxicroak|48/100|[from] item: Black Sludge
|upkeep
|turn|34
|
|t:|1779892877
|switch|p1a: Floatzel|Floatzel, M, tera:Water|16/100
|move|p2a: Cinderace|Pyro Ball|p1a: Floatzel
|-resisted|p1a: Floatzel
|-damage|p1a: Floatzel|0 fnt
|faint|p1a: Floatzel
|
|upkeep
|
|t:|1779892879
|switch|p1a: Kingambit|Kingambit, M|100/100
|-activate|p1a: Kingambit|ability: Supreme Overlord
|-start|p1a: Kingambit|fallen4|[silent]
|turn|35
|
|t:|1779892882
|move|p2a: Cinderace|Court Change|p2a: Cinderace
|-start|p2a: Cinderace|typechange|Normal|[from] ability: Libero
|-swapsideconditions
|-activate|p2a: Cinderace|move: Court Change
|move|p1a: Kingambit|Swords Dance|p1a: Kingambit
|-boost|p1a: Kingambit|atk|2
|
|upkeep
|turn|36
|
|t:|1779892891
|switch|p2a: Kyurem|Kyurem|24/100
|-ability|p2a: Kyurem|Pressure
|move|p1a: Kingambit|Kowtow Cleave|p2a: Kyurem
|-damage|p2a: Kyurem|0 fnt
|faint|p2a: Kyurem
|
|upkeep
|
|t:|1779892897
|switch|p2a: Kingambit|Kingambit, F|100/100
|-activate|p2a: Kingambit|ability: Supreme Overlord
|-start|p2a: Kingambit|fallen4|[silent]
|turn|37
|
|t:|1779892900
|move|p2a: Kingambit|Low Kick|p1a: Kingambit
|-supereffective|p1a: Kingambit
|-damage|p1a: Kingambit|0 fnt
|faint|p1a: Kingambit
|-end|p1a: Kingambit|fallen4|[silent]
|
|upkeep
|-message|ratsallfolks forfeited.
|
|win|choispecs ironmoth
|raw|ratsallfolks's rating: 1536 &rarr; <strong>1518</strong><br />(-18 for losing)
|raw|choispecs ironmoth's rating: 1564 &rarr; <strong>1582</strong><br />(+18 for winning)
|l|☆ratsallfolks
|player|p1|
|l|☆choispecs ironmoth
|player|p2|
