|j|☆roten bareto
|j|☆summerenaissance
|t:|1779966253
|gametype|singles
|player|p1|roten bareto|1|1514
|player|p2|summerenaissance|iris-gen5bw2|1533
|gen|9
|tier|[Gen 9] OU
|rated|
|rule|HP Percentage Mod: HP is shown in percentages
|rule|Endless Battle Clause: Forcing endless battles is banned
|rule|Species Clause: Limit one of each Pokémon
|rule|OHKO Clause: OHKO moves are banned
|rule|Evasion Items Clause: Evasion items are banned
|rule|Evasion Moves Clause: Evasion moves are banned
|rule|Evasion Abilities Clause: Evasion abilities are banned
|rule|Sleep Moves Clause: Sleep-inducing moves are banned
|clearpoke
|poke|p1|Deoxys-Speed|
|poke|p1|Dragonite, M|
|poke|p1|Cinderace, M|
|poke|p1|Raging Bolt|
|poke|p1|Kyurem|
|poke|p1|Great Tusk|
|poke|p2|Gliscor, F|
|poke|p2|Alomomola, M|
|poke|p2|Amoonguss, F|
|poke|p2|Blissey, F|
|poke|p2|Dondozo, M|
|poke|p2|Weezing-Galar, M|
|teampreview
|
|t:|1779966259
|teamsize|p1|6
|teamsize|p2|6
|start
|switch|p1a: Kyurem|Kyurem|100/100
|switch|p2a: Gliscor|Gliscor, F|100/100
|-ability|p1a: Kyurem|Pressure
|turn|1
|
|t:|1779966274
|move|p2a: Gliscor|Protect|p2a: Gliscor
|-singleturn|p2a: Gliscor|Protect
|move|p1a: Kyurem|Freeze-Dry|p2a: Gliscor
|-activate|p2a: Gliscor|move: Protect
|
|-status|p2a: Gliscor|tox|[from] item: Toxic Orb
|upkeep
|turn|2
|
|t:|1779966277
|switch|p2a: Blissey|Blissey, F|100/100
|move|p1a: Kyurem|Freeze-Dry|p2a: Blissey
|-damage|p2a: Blissey|82/100
|
|-heal|p2a: Blissey|88/100|[from] item: Leftovers
|upkeep
|turn|3
|
|t:|1779966281
|switch|p1a: Deoxys|Deoxys-Speed|100/100
|-ability|p1a: Deoxys|Pressure
|move|p2a: Blissey|Seismic Toss|p1a: Deoxys
|-damage|p1a: Deoxys|59/100
|
|-heal|p2a: Blissey|94/100|[from] item: Leftovers
|upkeep
|turn|4
|inactive|Battle timer is ON: inactive players will automatically lose when time's up. (requested by summerenaissance)
|
|t:|1779966288
|move|p1a: Deoxys|Knock Off|p2a: Blissey
|-damage|p2a: Blissey|73/100
|-enditem|p2a: Blissey|Leftovers|[from] move: Knock Off|[of] p1a: Deoxys
|move|p2a: Blissey|Seismic Toss|p1a: Deoxys
|-damage|p1a: Deoxys|18/100
|
|upkeep
|turn|5
|
|t:|1779966294
|move|p1a: Deoxys|Taunt|p2a: Blissey
|-start|p2a: Blissey|move: Taunt
|cant|p2a: Blissey|move: Taunt|Soft-Boiled
|
|upkeep
|turn|6
|
|t:|1779966298
|move|p1a: Deoxys|Stealth Rock|p2a: Blissey
|-sidestart|p2: summerenaissance|move: Stealth Rock
|move|p2a: Blissey|Seismic Toss|p1a: Deoxys
|-damage|p1a: Deoxys|0 fnt
|faint|p1a: Deoxys
|
|upkeep
|
|t:|1779966303
|switch|p1a: Cinderace|Cinderace, M|100/100
|turn|7
|
|t:|1779966307
|switch|p2a: Alomomola|Alomomola, M|100/100
|-damage|p2a: Alomomola|88/100|[from] Stealth Rock
|move|p1a: Cinderace|Pyro Ball|p2a: Alomomola
|-resisted|p2a: Alomomola
|-damage|p2a: Alomomola|74/100
|
|upkeep
|turn|8
|
|t:|1779966312
|move|p1a: Cinderace|Gunk Shot|p2a: Alomomola
|-start|p1a: Cinderace|typechange|Poison|[from] ability: Libero
|-damage|p2a: Alomomola|44/100
|-status|p2a: Alomomola|psn
|move|p2a: Alomomola|Scald|p1a: Cinderace
|-damage|p1a: Cinderace|80/100
|
|-damage|p2a: Alomomola|32/100 psn|[from] psn
|upkeep
|turn|9
|
|t:|1779966322
|switch|p2a: Gliscor|Gliscor, F|100/100 tox
|-damage|p2a: Gliscor|88/100 tox|[from] Stealth Rock
|move|p1a: Cinderace|U-turn|p2a: Gliscor
|-resisted|p2a: Gliscor
|-damage|p2a: Gliscor|80/100 tox
|
|t:|1779966324
|switch|p1a: Kyurem|Kyurem|100/100|[from] U-turn
|-ability|p1a: Kyurem|Pressure
|
|-heal|p2a: Gliscor|93/100 tox|[from] ability: Poison Heal
|upkeep
|turn|10
|
|t:|1779966328
|move|p2a: Gliscor|Protect|p2a: Gliscor
|-singleturn|p2a: Gliscor|Protect
|move|p1a: Kyurem|Freeze-Dry|p2a: Gliscor
|-activate|p2a: Gliscor|move: Protect
|
|-heal|p2a: Gliscor|100/100 tox|[from] ability: Poison Heal
|upkeep
|turn|11
|j| Amaori Renako
|
|t:|1779966330
|switch|p2a: Blissey|Blissey, F|73/100
|-damage|p2a: Blissey|61/100|[from] Stealth Rock
|move|p1a: Kyurem|Freeze-Dry|p2a: Blissey
|-damage|p2a: Blissey|42/100
|
|upkeep
|turn|12
|l| Amaori Renako
|
|t:|1779966339
|switch|p1a: Cinderace|Cinderace, M|80/100
|move|p2a: Blissey|Soft-Boiled|p2a: Blissey
|-heal|p2a: Blissey|92/100
|
|upkeep
|turn|13
|
|t:|1779966344
|switch|p2a: Gliscor|Gliscor, F|100/100 tox
|-damage|p2a: Gliscor|88/100 tox|[from] Stealth Rock
|move|p1a: Cinderace|Pyro Ball|p2a: Gliscor
|-damage|p2a: Gliscor|43/100 tox
|
|-heal|p2a: Gliscor|56/100 tox|[from] ability: Poison Heal
|upkeep
|turn|14
|
|t:|1779966350
|switch|p1a: Great Tusk|Great Tusk|100/100
|-enditem|p1a: Great Tusk|Booster Energy
|-activate|p1a: Great Tusk|ability: Protosynthesis|[fromitem]
|-start|p1a: Great Tusk|protosynthesisatk
|move|p2a: Gliscor|Protect||[still]
|-fail|p2a: Gliscor
|
|-heal|p2a: Gliscor|68/100 tox|[from] ability: Poison Heal
|upkeep
|turn|15
|
|t:|1779966357
|switch|p2a: Amoonguss|Amoonguss, F|100/100
|-damage|p2a: Amoonguss|88/100|[from] Stealth Rock
|move|p1a: Great Tusk|Ice Spinner|p2a: Amoonguss
|-supereffective|p2a: Amoonguss
|-damage|p2a: Amoonguss|31/100
|
|-heal|p2a: Amoonguss|37/100|[from] item: Black Sludge
|upkeep
|turn|16
|
|t:|1779966364
|switch|p2a: Alomomola|Alomomola, M|65/100 psn
|-damage|p2a: Alomomola|53/100 psn|[from] Stealth Rock
|move|p1a: Great Tusk|Ice Spinner|p2a: Alomomola
|-resisted|p2a: Alomomola
|-damage|p2a: Alomomola|44/100 psn
|-damage|p1a: Great Tusk|84/100|[from] item: Rocky Helmet|[of] p2a: Alomomola
|
|-damage|p2a: Alomomola|31/100 psn|[from] psn
|upkeep
|turn|17
|
|t:|1779966368
|switch|p2a: Gliscor|Gliscor, F|68/100 tox
|-damage|p2a: Gliscor|56/100 tox|[from] Stealth Rock
|move|p1a: Great Tusk|Close Combat|p2a: Gliscor
|-resisted|p2a: Gliscor
|-damage|p2a: Gliscor|23/100 tox
|-unboost|p1a: Great Tusk|def|1
|-unboost|p1a: Great Tusk|spd|1
|
|-heal|p2a: Gliscor|35/100 tox|[from] ability: Poison Heal
|upkeep
|turn|18
|
|t:|1779966370
|move|p2a: Gliscor|Protect|p2a: Gliscor
|-singleturn|p2a: Gliscor|Protect
|move|p1a: Great Tusk|Ice Spinner|p2a: Gliscor
|-activate|p2a: Gliscor|move: Protect
|
|-heal|p2a: Gliscor|48/100 tox|[from] ability: Poison Heal
|upkeep
|turn|19
|
|t:|1779966375
|switch|p2a: Weezing|Weezing-Galar, M|100/100
|-ability|p2a: Weezing|Neutralizing Gas
|move|p1a: Great Tusk|Close Combat|p2a: Weezing
|-resisted|p2a: Weezing
|-damage|p2a: Weezing|90/100
|-unboost|p1a: Great Tusk|def|1
|-unboost|p1a: Great Tusk|spd|1
|
|upkeep
|turn|20
|
|t:|1779966382
|-terastallize|p2a: Weezing|Grass
|move|p1a: Great Tusk|Headlong Rush|p2a: Weezing
|-resisted|p2a: Weezing
|-damage|p2a: Weezing|71/100
|-unboost|p1a: Great Tusk|def|1
|-unboost|p1a: Great Tusk|spd|1
|move|p2a: Weezing|Will-O-Wisp|p1a: Great Tusk
|-status|p1a: Great Tusk|brn
|
|-damage|p1a: Great Tusk|78/100 brn|[from] brn
|upkeep
|turn|21
|j| dimikoutsos
|
|t:|1779966390
|-end|p2a: Weezing|ability: Neutralizing Gas
|switch|p2a: Alomomola|Alomomola, M|65/100 psn
|-damage|p2a: Alomomola|52/100 psn|[from] Stealth Rock
|move|p1a: Great Tusk|Ice Spinner|p2a: Alomomola
|-resisted|p2a: Alomomola
|-damage|p2a: Alomomola|47/100 psn
|-damage|p1a: Great Tusk|61/100 brn|[from] item: Rocky Helmet|[of] p2a: Alomomola
|
|-damage|p2a: Alomomola|35/100 psn|[from] psn
|-damage|p1a: Great Tusk|55/100 brn|[from] brn
|upkeep
|turn|22
|
|t:|1779966394
|switch|p2a: Weezing|Weezing-Galar, M, tera:Grass|71/100
|-ability|p2a: Weezing|Neutralizing Gas
|move|p1a: Great Tusk|Ice Spinner|p2a: Weezing
|-supereffective|p2a: Weezing
|-damage|p2a: Weezing|51/100
|
|-damage|p1a: Great Tusk|49/100 brn|[from] brn
|upkeep
|turn|23
|
|t:|1779966399
|move|p1a: Great Tusk|Ice Spinner|p2a: Weezing
|-supereffective|p2a: Weezing
|-damage|p2a: Weezing|33/100
|move|p2a: Weezing|Defog|p1a: Great Tusk
|-unboost|p1a: Great Tusk|evasion|1
|-sideend|p2: summerenaissance|Stealth Rock|[from] move: Defog|[of] p2a: Weezing
|
|-damage|p1a: Great Tusk|43/100 brn|[from] brn
|upkeep
|turn|24
|
|t:|1779966405
|-end|p2a: Weezing|ability: Neutralizing Gas
|switch|p2a: Alomomola|Alomomola, M|68/100 psn
|move|p1a: Great Tusk|Close Combat|p2a: Alomomola
|-damage|p2a: Alomomola|45/100 psn
|-unboost|p1a: Great Tusk|def|1
|-unboost|p1a: Great Tusk|spd|1
|-damage|p1a: Great Tusk|26/100 brn|[from] item: Rocky Helmet|[of] p2a: Alomomola
|
|-damage|p2a: Alomomola|33/100 psn|[from] psn
|-damage|p1a: Great Tusk|20/100 brn|[from] brn
|upkeep
|turn|25
|
|t:|1779966415
|switch|p2a: Amoonguss|Amoonguss, F|70/100
|move|p1a: Great Tusk|Close Combat|p2a: Amoonguss
|-resisted|p2a: Amoonguss
|-damage|p2a: Amoonguss|56/100
|-unboost|p1a: Great Tusk|def|1
|-unboost|p1a: Great Tusk|spd|1
|
|-heal|p2a: Amoonguss|62/100|[from] item: Black Sludge
|-damage|p1a: Great Tusk|14/100 brn|[from] brn
|upkeep
|turn|26
|
|t:|1779966419
|switch|p2a: Alomomola|Alomomola, M|66/100 psn
|move|p1a: Great Tusk|Headlong Rush|p2a: Alomomola
|-damage|p2a: Alomomola|42/100 psn
|-unboost|p1a: Great Tusk|def|1
|-unboost|p1a: Great Tusk|spd|1
|-damage|p1a: Great Tusk|0 fnt|[from] item: Rocky Helmet|[of] p2a: Alomomola
|faint|p1a: Great Tusk
|-end|p1a: Great Tusk|Protosynthesis|[silent]
|
|-damage|p2a: Alomomola|30/100 psn|[from] psn
|upkeep
|
|t:|1779966422
|switch|p1a: Kyurem|Kyurem|100/100
|-ability|p1a: Kyurem|Pressure
|turn|27
|
|t:|1779966428
|switch|p1a: Cinderace|Cinderace, M|80/100
|switch|p2a: Blissey|Blissey, F|92/100
|
|upkeep
|turn|28
|
|t:|1779966435
|switch|p2a: Alomomola|Alomomola, M|63/100 psn
|move|p1a: Cinderace|Gunk Shot|p2a: Alomomola
|-start|p1a: Cinderace|typechange|Poison|[from] ability: Libero
|-damage|p2a: Alomomola|30/100 psn
|
|-damage|p2a: Alomomola|18/100 psn|[from] psn
|upkeep
|turn|29
|
|t:|1779966444
|switch|p2a: Dondozo|Dondozo, M|100/100
|move|p1a: Cinderace|U-turn|p2a: Dondozo
|-damage|p2a: Dondozo|91/100
|
|t:|1779966447
|switch|p1a: Kyurem|Kyurem|100/100|[from] U-turn
|-ability|p1a: Kyurem|Pressure
|
|-heal|p2a: Dondozo|97/100|[from] item: Leftovers
|upkeep
|turn|30
|
|t:|1779966454
|switch|p2a: Blissey|Blissey, F|92/100
|move|p1a: Kyurem|Freeze-Dry|p2a: Blissey
|-damage|p2a: Blissey|75/100
|
|upkeep
|turn|31
|
|t:|1779966459
|switch|p1a: Cinderace|Cinderace, M|80/100
|move|p2a: Blissey|Stealth Rock|p1a: Cinderace
|-sidestart|p1: roten bareto|move: Stealth Rock
|
|upkeep
|turn|32
|
|t:|1779966465
|switch|p2a: Gliscor|Gliscor, F|48/100 tox
|move|p1a: Cinderace|Court Change|p1a: Cinderace
|-start|p1a: Cinderace|typechange|Normal|[from] ability: Libero
|-swapsideconditions
|-activate|p1a: Cinderace|move: Court Change
|
|-heal|p2a: Gliscor|60/100 tox|[from] ability: Poison Heal
|upkeep
|turn|33
|
|t:|1779966470
|move|p2a: Gliscor|Protect|p2a: Gliscor
|-singleturn|p2a: Gliscor|Protect
|move|p1a: Cinderace|U-turn|p2a: Gliscor
|-activate|p2a: Gliscor|move: Protect
|
|-heal|p2a: Gliscor|73/100 tox|[from] ability: Poison Heal
|upkeep
|turn|34
|
|t:|1779966473
|switch|p1a: Kyurem|Kyurem|100/100
|-ability|p1a: Kyurem|Pressure
|move|p2a: Gliscor|Knock Off|p1a: Kyurem
|-damage|p1a: Kyurem|81/100
|-enditem|p1a: Kyurem|Choice Specs|[from] move: Knock Off|[of] p2a: Gliscor
|
|-heal|p2a: Gliscor|85/100 tox|[from] ability: Poison Heal
|upkeep
|turn|35
|
|t:|1779966482
|move|p2a: Gliscor|Protect|p2a: Gliscor
|-singleturn|p2a: Gliscor|Protect
|move|p1a: Kyurem|Freeze-Dry|p2a: Gliscor
|-activate|p2a: Gliscor|move: Protect
|
|-heal|p2a: Gliscor|98/100 tox|[from] ability: Poison Heal
|upkeep
|turn|36
|
|t:|1779966488
|switch|p1a: Cinderace|Cinderace, M|80/100
|switch|p2a: Blissey|Blissey, F|75/100
|-damage|p2a: Blissey|62/100|[from] Stealth Rock
|
|upkeep
|turn|37
|
|t:|1779966492
|switch|p2a: Gliscor|Gliscor, F|98/100 tox
|-damage|p2a: Gliscor|85/100 tox|[from] Stealth Rock
|move|p1a: Cinderace|Pyro Ball|p2a: Gliscor
|-damage|p2a: Gliscor|36/100 tox
|
|-heal|p2a: Gliscor|49/100 tox|[from] ability: Poison Heal
|upkeep
|turn|38
|
|t:|1779966498
|move|p2a: Gliscor|Protect|p2a: Gliscor
|-singleturn|p2a: Gliscor|Protect
|move|p1a: Cinderace|Pyro Ball|p2a: Gliscor
|-activate|p2a: Gliscor|move: Protect
|
|-heal|p2a: Gliscor|61/100 tox|[from] ability: Poison Heal
|upkeep
|turn|39
|
|t:|1779966502
|move|p1a: Cinderace|Pyro Ball|p2a: Gliscor|[miss]
|-miss|p1a: Cinderace|p2a: Gliscor
|move|p2a: Gliscor|Knock Off|p1a: Cinderace
|-damage|p1a: Cinderace|47/100
|-enditem|p1a: Cinderace|Heavy-Duty Boots|[from] move: Knock Off|[of] p2a: Gliscor
|
|-heal|p2a: Gliscor|74/100 tox|[from] ability: Poison Heal
|upkeep
|turn|40
|
|t:|1779966507
|move|p1a: Cinderace|Pyro Ball|p2a: Gliscor
|-damage|p2a: Gliscor|30/100 tox
|move|p2a: Gliscor|Earthquake|p1a: Cinderace
|-supereffective|p1a: Cinderace
|-damage|p1a: Cinderace|0 fnt
|faint|p1a: Cinderace
|
|-heal|p2a: Gliscor|43/100 tox|[from] ability: Poison Heal
|upkeep
|
|t:|1779966514
|switch|p1a: Kyurem|Kyurem|81/100
|-ability|p1a: Kyurem|Pressure
|turn|41
|
|t:|1779966516
|-terastallize|p1a: Kyurem|Ice
|move|p2a: Gliscor|Protect|p2a: Gliscor
|-singleturn|p2a: Gliscor|Protect
|move|p1a: Kyurem|Ice Beam|p2a: Gliscor
|-activate|p2a: Gliscor|move: Protect
|
|-heal|p2a: Gliscor|55/100 tox|[from] ability: Poison Heal
|upkeep
|turn|42
|
|t:|1779966519
|switch|p2a: Blissey|Blissey, F|62/100
|-damage|p2a: Blissey|50/100|[from] Stealth Rock
|move|p1a: Kyurem|Ice Beam|p2a: Blissey
|-damage|p2a: Blissey|27/100
|
|upkeep
|turn|43
|
|t:|1779966522
|move|p1a: Kyurem|Ice Beam|p2a: Blissey
|-damage|p2a: Blissey|4/100
|move|p2a: Blissey|Soft-Boiled|p2a: Blissey
|-heal|p2a: Blissey|54/100
|
|upkeep
|turn|44
|
|t:|1779966528
|move|p1a: Kyurem|Ice Beam|p2a: Blissey
|-damage|p2a: Blissey|32/100
|move|p2a: Blissey|Soft-Boiled|p2a: Blissey
|-heal|p2a: Blissey|82/100
|
|upkeep
|turn|45
|
|t:|1779966534
|move|p1a: Kyurem|Ice Beam|p2a: Blissey
|-damage|p2a: Blissey|60/100
|move|p2a: Blissey|Stealth Rock|p1a: Kyurem
|-sidestart|p1: roten bareto|move: Stealth Rock
|
|upkeep
|turn|46
|
|t:|1779966538
|move|p1a: Kyurem|Ice Beam|p2a: Blissey
|-damage|p2a: Blissey|41/100
|move|p2a: Blissey|Soft-Boiled|p2a: Blissey
|-heal|p2a: Blissey|91/100
|
|upkeep
|turn|47
|
|t:|1779966542
|move|p1a: Kyurem|Ice Beam|p2a: Blissey
|-damage|p2a: Blissey|70/100
|move|p2a: Blissey|Calm Mind|p2a: Blissey
|-boost|p2a: Blissey|spa|1
|-boost|p2a: Blissey|spd|1
|
|upkeep
|turn|48
|
|t:|1779966548
|switch|p1a: Dragonite|Dragonite, M|100/100
|-damage|p1a: Dragonite|76/100|[from] Stealth Rock
|move|p2a: Blissey|Soft-Boiled|p2a: Blissey
|-heal|p2a: Blissey|100/100
|
|upkeep
|turn|49
|
|t:|1779966559
|switch|p2a: Weezing|Weezing-Galar, M, tera:Grass|33/100
|-ability|p2a: Weezing|Neutralizing Gas
|move|p1a: Dragonite|Earthquake|p2a: Weezing
|-resisted|p2a: Weezing
|-crit|p2a: Weezing
|-damage|p2a: Weezing|14/100
|
|upkeep
|turn|50
|
|t:|1779966567
|move|p1a: Dragonite|Fire Punch|p2a: Weezing
|-supereffective|p2a: Weezing
|-damage|p2a: Weezing|0 fnt
|faint|p2a: Weezing
|-end|p2a: Weezing|ability: Neutralizing Gas
|
|upkeep
|
|t:|1779966571
|switch|p2a: Amoonguss|Amoonguss, F|95/100
|-damage|p2a: Amoonguss|83/100|[from] Stealth Rock
|turn|51
|
|t:|1779966578
|move|p1a: Dragonite|Fire Punch|p2a: Amoonguss
|-supereffective|p2a: Amoonguss
|-damage|p2a: Amoonguss|40/100
|move|p2a: Amoonguss|Toxic|p1a: Dragonite
|-status|p1a: Dragonite|tox
|-enditem|p1a: Dragonite|Lum Berry|[eat]
|-curestatus|p1a: Dragonite|tox|[msg]
|
|-heal|p2a: Amoonguss|46/100|[from] item: Black Sludge
|upkeep
|turn|52
|
|t:|1779966586
|move|p1a: Dragonite|Fire Punch|p2a: Amoonguss
|-supereffective|p2a: Amoonguss
|-damage|p2a: Amoonguss|7/100
|move|p2a: Amoonguss|Synthesis|p2a: Amoonguss
|-heal|p2a: Amoonguss|56/100
|
|-heal|p2a: Amoonguss|62/100|[from] item: Black Sludge
|upkeep
|turn|53
|
|t:|1779966592
|move|p1a: Dragonite|Dragon Dance|p1a: Dragonite
|-boost|p1a: Dragonite|atk|1
|-boost|p1a: Dragonite|spe|1
|move|p2a: Amoonguss|Toxic|p1a: Dragonite
|-status|p1a: Dragonite|tox
|
|-heal|p2a: Amoonguss|68/100|[from] item: Black Sludge
|-damage|p1a: Dragonite|70/100 tox|[from] psn
|upkeep
|turn|54
|
|t:|1779966600
|switch|p2a: Dondozo|Dondozo, M|97/100
|-damage|p2a: Dondozo|85/100|[from] Stealth Rock
|move|p1a: Dragonite|Earthquake|p2a: Dondozo
|-damage|p2a: Dondozo|68/100
|
|-heal|p2a: Dondozo|74/100|[from] item: Leftovers
|-damage|p1a: Dragonite|57/100 tox|[from] psn
|upkeep
|turn|55
|
|t:|1779966607
|switch|p1a: Kyurem|Kyurem, tera:Ice|81/100
|-damage|p1a: Kyurem|57/100|[from] Stealth Rock
|-ability|p1a: Kyurem|Pressure
|move|p2a: Dondozo|Avalanche|p1a: Kyurem
|-resisted|p1a: Kyurem
|-damage|p1a: Kyurem|50/100
|
|-heal|p2a: Dondozo|80/100|[from] item: Leftovers
|upkeep
|turn|56
|
|t:|1779966615
|switch|p2a: Blissey|Blissey, F|100/100
|-damage|p2a: Blissey|88/100|[from] Stealth Rock
|move|p1a: Kyurem|Freeze-Dry|p2a: Blissey
|-damage|p2a: Blissey|72/100
|
|upkeep
|turn|57
|
|t:|1779966621
|move|p1a: Kyurem|Freeze-Dry|p2a: Blissey
|-damage|p2a: Blissey|55/100
|move|p2a: Blissey|Seismic Toss|p1a: Kyurem
|-damage|p1a: Kyurem|25/100
|
|upkeep
|turn|58
|
|t:|1779966626
|move|p1a: Kyurem|Freeze-Dry|p2a: Blissey
|-damage|p2a: Blissey|37/100
|move|p2a: Blissey|Soft-Boiled|p2a: Blissey
|-heal|p2a: Blissey|87/100
|
|upkeep
|turn|59
|
|t:|1779966630
|move|p1a: Kyurem|Freeze-Dry|p2a: Blissey
|-damage|p2a: Blissey|69/100
|-status|p2a: Blissey|frz
|-curestatus|p2a: Blissey|frz|[msg]
|move|p2a: Blissey|Seismic Toss|p1a: Kyurem
|-damage|p1a: Kyurem|0 fnt
|faint|p1a: Kyurem
|
|upkeep
|
|t:|1779966634
|switch|p1a: Dragonite|Dragonite, M|57/100 tox
|-damage|p1a: Dragonite|32/100 tox|[from] Stealth Rock
|turn|60
|
|t:|1779966641
|switch|p2a: Amoonguss|Amoonguss, F|100/100
|-damage|p2a: Amoonguss|88/100|[from] Stealth Rock
|move|p1a: Dragonite|Extreme Speed|p2a: Amoonguss
|-damage|p2a: Amoonguss|64/100
|
|-heal|p2a: Amoonguss|70/100|[from] item: Black Sludge
|-damage|p1a: Dragonite|26/100 tox|[from] psn
|upkeep
|turn|61
|
|t:|1779966649
|move|p1a: Dragonite|Dragon Dance|p1a: Dragonite
|-boost|p1a: Dragonite|atk|1
|-boost|p1a: Dragonite|spe|1
|move|p2a: Amoonguss|Synthesis|p2a: Amoonguss
|-heal|p2a: Amoonguss|100/100
|
|-damage|p1a: Dragonite|14/100 tox|[from] psn
|upkeep
|turn|62
|
|t:|1779966653
|move|p1a: Dragonite|Earthquake|p2a: Amoonguss
|-damage|p2a: Amoonguss|56/100
|move|p2a: Amoonguss|Synthesis|p2a: Amoonguss
|-heal|p2a: Amoonguss|100/100
|
|-damage|p1a: Dragonite|0 fnt|[from] psn
|faint|p1a: Dragonite
|upkeep
|
|t:|1779966655
|switch|p1a: Raging Bolt|Raging Bolt|100/100
|-damage|p1a: Raging Bolt|88/100|[from] Stealth Rock
|-enditem|p1a: Raging Bolt|Booster Energy
|-activate|p1a: Raging Bolt|ability: Protosynthesis|[fromitem]
|-start|p1a: Raging Bolt|protosynthesisspa
|turn|63
|
|t:|1779966659
|move|p1a: Raging Bolt|Calm Mind|p1a: Raging Bolt
|-boost|p1a: Raging Bolt|spa|1
|-boost|p1a: Raging Bolt|spd|1
|move|p2a: Amoonguss|Toxic|p1a: Raging Bolt
|-status|p1a: Raging Bolt|tox
|
|-damage|p1a: Raging Bolt|82/100 tox|[from] psn
|upkeep
|turn|64
|
|t:|1779966662
|move|p1a: Raging Bolt|Dragon Pulse|p2a: Amoonguss
|-damage|p2a: Amoonguss|16/100
|move|p2a: Amoonguss|Clear Smog|p1a: Raging Bolt
|-damage|p1a: Raging Bolt|74/100 tox
|-clearboost|p1a: Raging Bolt
|
|-heal|p2a: Amoonguss|22/100|[from] item: Black Sludge
|-damage|p1a: Raging Bolt|62/100 tox|[from] psn
|upkeep
|turn|65
|
|t:|1779966666
|move|p1a: Raging Bolt|Dragon Pulse|p2a: Amoonguss
|-damage|p2a: Amoonguss|0 fnt
|faint|p2a: Amoonguss
|
|-damage|p1a: Raging Bolt|43/100 tox|[from] psn
|upkeep
|
|t:|1779966670
|switch|p2a: Blissey|Blissey, F|69/100
|-damage|p2a: Blissey|57/100|[from] Stealth Rock
|turn|66
|
|t:|1779966672
|move|p1a: Raging Bolt|Thunderbolt|p2a: Blissey
|-damage|p2a: Blissey|37/100
|move|p2a: Blissey|Soft-Boiled|p2a: Blissey
|-heal|p2a: Blissey|87/100
|
|-damage|p1a: Raging Bolt|19/100 tox|[from] psn
|upkeep
|turn|67
|
|t:|1779966676
|move|p1a: Raging Bolt|Thunderbolt|p2a: Blissey
|-damage|p2a: Blissey|65/100
|move|p2a: Blissey|Seismic Toss|p1a: Raging Bolt
|-damage|p1a: Raging Bolt|0 fnt
|faint|p1a: Raging Bolt
|-end|p1a: Raging Bolt|Protosynthesis|[silent]
|
|win|summerenaissance
|raw|roten bareto's rating: 1514 &rarr; <strong>1495</strong><br />(-19 for losing)
|raw|summerenaissance's rating: 1533 &rarr; <strong>1552</strong><br />(+19 for winning)
|l|☆roten bareto
|player|p1|
|l|☆summerenaissance
|player|p2|
