|j|☆Senatorlokix
|j|☆MrsDelacerna
|t:|1779820619
|gametype|singles
|player|p1|Senatorlokix|169|1246
|player|p2|MrsDelacerna|lucas|1220
|gen|9
|tier|[Gen 9] OU
|rated|
|rule|HP Percentage Mod: HP is shown in percentages
|rule|Endless Battle Clause: Forcing endless battles is banned
|rule|Species Clause: Limit one of each Pokémon
|rule|OHKO Clause: OHKO moves are banned
|rule|Evasion Items Clause: Evasion items are banned
|rule|Evasion Moves Clause: Evasion moves are banned
|rule|Evasion Abilities Clause: Evasion abilities are banned
|rule|Sleep Moves Clause: Sleep-inducing moves are banned
|clearpoke
|poke|p1|Bruxish, F|
|poke|p1|Glimmora, M|
|poke|p1|Gholdengo|
|poke|p1|Iron Valiant|
|poke|p1|Corviknight, M|
|poke|p1|Ting-Lu|
|poke|p2|Grimmsnarl, M|
|poke|p2|Kommo-o, M|
|poke|p2|Gholdengo|
|poke|p2|Dragapult, F|
|poke|p2|Scizor, F|
|poke|p2|Kingambit, F|
|teampreview
|inactive|Battle timer is ON: inactive players will automatically lose when time's up. (requested by MrsDelacerna)
|
|t:|1779820647
|teamsize|p1|6
|teamsize|p2|6
|start
|switch|p1a: Ultron|Glimmora, M|100/100
|switch|p2a: Grimmsnarl|Grimmsnarl, M|100/100
|turn|1
|
|t:|1779820654
|move|p2a: Grimmsnarl|Taunt|p1a: Ultron
|-start|p1a: Ultron|move: Taunt
|cant|p1a: Ultron|move: Taunt|Stealth Rock
|
|upkeep
|turn|2
|
|t:|1779820660
|move|p2a: Grimmsnarl|Parting Shot|p1a: Ultron
|-unboost|p1a: Ultron|atk|1
|-unboost|p1a: Ultron|spa|1
|
|t:|1779820663
|switch|p2a: Gholdengo|Gholdengo|100/100|[from] Parting Shot
|-item|p2a: Gholdengo|Air Balloon
|move|p1a: Ultron|Mortal Spin|p2a: Gholdengo
|-immune|p2a: Gholdengo
|
|upkeep
|turn|3
|
|t:|1779820672
|switch|p1a: Mr. Fantastic|Ting-Lu|100/100
|-ability|p1a: Mr. Fantastic|Vessel of Ruin
|move|p2a: Gholdengo|Make It Rain|p1a: Mr. Fantastic
|-damage|p1a: Mr. Fantastic|62/100
|-unboost|p2a: Gholdengo|spa|1
|
|upkeep
|turn|4
|
|t:|1779820686
|move|p2a: Gholdengo|Nasty Plot|p2a: Gholdengo
|-boost|p2a: Gholdengo|spa|2
|move|p1a: Mr. Fantastic|Payback|p2a: Gholdengo
|-supereffective|p2a: Gholdengo
|-damage|p2a: Gholdengo|0 fnt
|-enditem|p2a: Gholdengo|Air Balloon
|faint|p2a: Gholdengo
|
|upkeep
|
|t:|1779820696
|switch|p2a: Scizor|Scizor, F|100/100
|turn|5
|
|t:|1779820721
|move|p2a: Scizor|Close Combat|p1a: Mr. Fantastic
|-supereffective|p1a: Mr. Fantastic
|-damage|p1a: Mr. Fantastic|0 fnt
|-unboost|p2a: Scizor|def|1
|-unboost|p2a: Scizor|spd|1
|faint|p1a: Mr. Fantastic
|-damage|p2a: Scizor|91/100|[from] item: Life Orb
|
|upkeep
|
|t:|1779820724
|switch|p1a: Ultron|Glimmora, M|100/100
|turn|6
|
|t:|1779820734
|move|p2a: Scizor|Bullet Punch|p1a: Ultron
|-supereffective|p1a: Ultron
|-enditem|p1a: Ultron|Focus Sash
|-damage|p1a: Ultron|1/100
|-activate|p1a: Ultron|ability: Toxic Debris
|-sidestart|p2: MrsDelacerna|move: Toxic Spikes
|-damage|p2a: Scizor|81/100|[from] item: Life Orb
|move|p1a: Ultron|Stealth Rock|p2a: Scizor
|-sidestart|p2: MrsDelacerna|move: Stealth Rock
|
|upkeep
|turn|7
|
|t:|1779820744
|move|p2a: Scizor|Bullet Punch|p1a: Ultron
|-supereffective|p1a: Ultron
|-damage|p1a: Ultron|0 fnt
|-activate|p1a: Ultron|ability: Toxic Debris
|-sidestart|p2: MrsDelacerna|move: Toxic Spikes
|faint|p1a: Ultron
|-damage|p2a: Scizor|71/100|[from] item: Life Orb
|
|upkeep
|
|t:|1779820765
|switch|p1a: Burger King|Bruxish, F, shiny|100/100
|turn|8
|inactive|Senatorlokix has 120 seconds left.
|inactive|MrsDelacerna has 120 seconds left.
|
|t:|1779820807
|move|p1a: Burger King|Wave Crash|p2a: Scizor
|-damage|p2a: Scizor|0 fnt
|faint|p2a: Scizor
|-damage|p1a: Burger King|72/100|[from] Recoil
|
|upkeep
|
|t:|1779820814
|switch|p2a: Grimmsnarl|Grimmsnarl, M|100/100
|-status|p2a: Grimmsnarl|tox
|-damage|p2a: Grimmsnarl|88/100 tox|[from] Stealth Rock
|turn|9
|inactive|Senatorlokix has 120 seconds left.
|
|t:|1779820824
|switch|p1a: Chickpea|Gholdengo|100/100
|move|p2a: Grimmsnarl|Reflect|p2a: Grimmsnarl
|-sidestart|p2: MrsDelacerna|Reflect
|
|-damage|p2a: Grimmsnarl|82/100 tox|[from] psn
|upkeep
|turn|10
|inactive|MrsDelacerna has 120 seconds left.
|
|t:|1779820832
|move|p2a: Grimmsnarl|Light Screen|p2a: Grimmsnarl
|-sidestart|p2: MrsDelacerna|move: Light Screen
|move|p1a: Chickpea|Nasty Plot|p1a: Chickpea
|-boost|p1a: Chickpea|spa|2
|
|-damage|p2a: Grimmsnarl|70/100 tox|[from] psn
|upkeep
|turn|11
|
|t:|1779820840
|switch|p2a: Kommo-o|Kommo-o, M|100/100
|-status|p2a: Kommo-o|tox
|-damage|p2a: Kommo-o|94/100 tox|[from] Stealth Rock
|move|p1a: Chickpea|Nasty Plot|p1a: Chickpea
|-boost|p1a: Chickpea|spa|2
|
|-damage|p2a: Kommo-o|88/100 tox|[from] psn
|upkeep
|turn|12
|
|t:|1779820853
|-terastallize|p2a: Kommo-o|Steel
|move|p2a: Kommo-o|Clangorous Soul|p2a: Kommo-o
|-boost|p2a: Kommo-o|atk|1
|-boost|p2a: Kommo-o|def|1
|-boost|p2a: Kommo-o|spa|1
|-boost|p2a: Kommo-o|spd|1
|-boost|p2a: Kommo-o|spe|1
|-damage|p2a: Kommo-o|55/100 tox
|-enditem|p2a: Kommo-o|Throat Spray
|-boost|p2a: Kommo-o|spa|1|[from] item: Throat Spray
|move|p1a: Chickpea|Make It Rain|p2a: Kommo-o
|-resisted|p2a: Kommo-o
|-damage|p2a: Kommo-o|25/100 tox
|-unboost|p1a: Chickpea|spa|1
|
|-damage|p2a: Kommo-o|13/100 tox|[from] psn
|upkeep
|turn|13
|inactive|MrsDelacerna has 120 seconds left.
|
|t:|1779820875
|switch|p1a: Burger King|Bruxish, F, shiny|72/100
|move|p2a: Kommo-o|Flamethrower|p1a: Burger King
|-resisted|p1a: Burger King
|-damage|p1a: Burger King|31/100
|
|-damage|p2a: Kommo-o|0 fnt|[from] psn
|faint|p2a: Kommo-o
|upkeep
|inactive|MrsDelacerna has 120 seconds left.
|
|t:|1779820899
|switch|p2a: Dragapult|Dragapult, F|100/100
|-status|p2a: Dragapult|tox
|-damage|p2a: Dragapult|88/100 tox|[from] Stealth Rock
|turn|14
|
|t:|1779820906
|move|p2a: Dragapult|Shadow Ball|p1a: Burger King
|-supereffective|p1a: Burger King
|-damage|p1a: Burger King|0 fnt
|faint|p1a: Burger King
|
|-damage|p2a: Dragapult|82/100 tox|[from] psn
|upkeep
|
|t:|1779820916
|switch|p1a: Lamborghini|Corviknight, M|100/100
|-ability|p1a: Lamborghini|Pressure
|turn|15
|
|t:|1779820921
|move|p2a: Dragapult|Flamethrower|p1a: Lamborghini
|-supereffective|p1a: Lamborghini
|-damage|p1a: Lamborghini|65/100
|move|p1a: Lamborghini|Bulk Up|p1a: Lamborghini
|-boost|p1a: Lamborghini|atk|1
|-boost|p1a: Lamborghini|def|1
|
|-heal|p1a: Lamborghini|72/100|[from] item: Leftovers
|-damage|p2a: Dragapult|70/100 tox|[from] psn
|upkeep
|turn|16
|
|t:|1779820932
|move|p2a: Dragapult|Shadow Ball|p1a: Lamborghini
|-damage|p1a: Lamborghini|41/100
|move|p1a: Lamborghini|Roost|p1a: Lamborghini
|-heal|p1a: Lamborghini|91/100
|-singleturn|p1a: Lamborghini|move: Roost
|
|-heal|p1a: Lamborghini|98/100|[from] item: Leftovers
|-damage|p2a: Dragapult|52/100 tox|[from] psn
|-sideend|p2: MrsDelacerna|Reflect
|upkeep
|turn|17
|-message|MrsDelacerna forfeited.
|
|win|Senatorlokix
|raw|Senatorlokix's rating: 1246 &rarr; <strong>1269</strong><br />(+23 for winning)
|raw|MrsDelacerna's rating: 1220 &rarr; <strong>1197</strong><br />(-23 for losing)
|l|☆MrsDelacerna
|player|p2|
