|j|☆Shinydragonzord6
|j|☆karmasiren
|t:|1779880743
|gametype|singles
|player|p1|Shinydragonzord6|byron|1521
|player|p2|karmasiren|skyla|1554
|gen|9
|tier|[Gen 9] OU
|rated|
|rule|HP Percentage Mod: HP is shown in percentages
|rule|Endless Battle Clause: Forcing endless battles is banned
|rule|Species Clause: Limit one of each Pokémon
|rule|OHKO Clause: OHKO moves are banned
|rule|Evasion Items Clause: Evasion items are banned
|rule|Evasion Moves Clause: Evasion moves are banned
|rule|Evasion Abilities Clause: Evasion abilities are banned
|rule|Sleep Moves Clause: Sleep-inducing moves are banned
|clearpoke
|poke|p1|Pelipper, M|
|poke|p1|Barraskewda, F|
|poke|p1|Kingdra, M|
|poke|p1|Iron Treads|
|poke|p1|Raging Bolt|
|poke|p1|Rillaboom, M|
|poke|p2|Volcanion|
|poke|p2|Corviknight, F|
|poke|p2|Sandy Shocks|
|poke|p2|Serperior, F|
|poke|p2|Deoxys-Speed|
|poke|p2|Kingambit, F|
|teampreview
|inactive|Battle timer is ON: inactive players will automatically lose when time's up. (requested by Shinydragonzord6)
|
|t:|1779880760
|teamsize|p1|6
|teamsize|p2|6
|start
|switch|p1a: Pelipper|Pelipper, M, shiny|100/100
|switch|p2a: Mega Magneton|Sandy Shocks, shiny|100/100
|-weather|RainDance|[from] ability: Drizzle|[of] p1a: Pelipper
|turn|1
|c|☆Shinydragonzord6|Crazy team
|c|☆Shinydragonzord6|gl
|
|t:|1779880769
|switch|p1a: Raging Bolt|Raging Bolt|100/100
|-enditem|p1a: Raging Bolt|Booster Energy
|-activate|p1a: Raging Bolt|ability: Protosynthesis|[fromitem]
|-start|p1a: Raging Bolt|protosynthesisspa
|move|p2a: Mega Magneton|Earth Power|p1a: Raging Bolt
|-supereffective|p1a: Raging Bolt
|-damage|p1a: Raging Bolt|28/100
|
|-weather|RainDance|[upkeep]
|upkeep
|turn|2
|c|☆Shinydragonzord6|Miss clicked
|
|t:|1779880798
|move|p2a: Mega Magneton|Earth Power|p1a: Raging Bolt
|-supereffective|p1a: Raging Bolt
|-damage|p1a: Raging Bolt|0 fnt
|faint|p1a: Raging Bolt
|-end|p1a: Raging Bolt|Protosynthesis|[silent]
|
|-weather|RainDance|[upkeep]
|upkeep
|
|t:|1779880805
|switch|p1a: Iron Treads|Iron Treads, shiny|100/100
|-enditem|p1a: Iron Treads|Booster Energy
|-activate|p1a: Iron Treads|ability: Quark Drive|[fromitem]
|-start|p1a: Iron Treads|quarkdrivespe
|turn|3
|
|t:|1779880810
|move|p1a: Iron Treads|Knock Off|p2a: Mega Magneton
|-damage|p2a: Mega Magneton|71/100
|-enditem|p2a: Mega Magneton|Assault Vest|[from] move: Knock Off|[of] p1a: Iron Treads
|move|p2a: Mega Magneton|Earth Power|p1a: Iron Treads
|-supereffective|p1a: Iron Treads
|-damage|p1a: Iron Treads|0 fnt
|faint|p1a: Iron Treads
|-end|p1a: Iron Treads|Quark Drive|[silent]
|
|-weather|RainDance|[upkeep]
|upkeep
|
|t:|1779880823
|switch|p1a: Barraskewda|Barraskewda, F|100/100
|turn|4
|
|t:|1779880826
|-end|p2a: Mega Magneton|Protosynthesis|[silent]
|switch|p2a: Steam McQueen|Volcanion|100/100
|move|p1a: Barraskewda|Close Combat|p2a: Steam McQueen
|-damage|p2a: Steam McQueen|34/100
|-unboost|p1a: Barraskewda|def|1
|-unboost|p1a: Barraskewda|spd|1
|
|-weather|RainDance|[upkeep]
|upkeep
|turn|5
|
|t:|1779880835
|-terastallize|p2a: Steam McQueen|Fairy
|move|p1a: Barraskewda|Close Combat|p2a: Steam McQueen
|-resisted|p2a: Steam McQueen
|-damage|p2a: Steam McQueen|4/100
|-unboost|p1a: Barraskewda|def|1
|-unboost|p1a: Barraskewda|spd|1
|move|p2a: Steam McQueen|Steam Eruption|p1a: Barraskewda
|-resisted|p1a: Barraskewda
|-damage|p1a: Barraskewda|0 fnt
|faint|p1a: Barraskewda
|
|-weather|RainDance|[upkeep]
|upkeep
|
|t:|1779880848
|switch|p1a: Kingdra|Kingdra, M, shiny|100/100
|turn|6
|
|t:|1779880852
|switch|p2a: Mega Magneton|Sandy Shocks, shiny|71/100
|move|p1a: Kingdra|Ice Beam|p2a: Mega Magneton
|-supereffective|p2a: Mega Magneton
|-damage|p2a: Mega Magneton|0 fnt
|faint|p2a: Mega Magneton
|-end|p2a: Mega Magneton|Protosynthesis|[silent]
|-damage|p1a: Kingdra|91/100|[from] item: Life Orb
|
|-weather|RainDance|[upkeep]
|upkeep
|
|t:|1779880874
|switch|p2a: King of OU|Kingambit, F|100/100
|-activate|p2a: King of OU|ability: Supreme Overlord
|-start|p2a: King of OU|fallen1|[silent]
|turn|7
|
|t:|1779880881
|-terastallize|p1a: Kingdra|Water
|move|p1a: Kingdra|Weather Ball|p2a: King of OU
|-damage|p2a: King of OU|0 fnt
|faint|p2a: King of OU
|-end|p2a: King of OU|fallen1|[silent]
|-damage|p1a: Kingdra|81/100|[from] item: Life Orb
|
|-weather|RainDance|[upkeep]
|upkeep
|
|t:|1779880887
|switch|p2a: Edgar|Corviknight, F, shiny|100/100
|-ability|p2a: Edgar|Pressure
|turn|8
|
|t:|1779880895
|switch|p2a: Steam McQueen|Volcanion, tera:Fairy|4/100
|move|p1a: Kingdra|Ice Beam|p2a: Steam McQueen
|-damage|p2a: Steam McQueen|0 fnt
|faint|p2a: Steam McQueen
|-damage|p1a: Kingdra|71/100|[from] item: Life Orb
|
|-weather|none
|upkeep
|
|t:|1779880898
|switch|p2a: Lucifer|Serperior, F, shiny|100/100
|turn|9
|
|t:|1779880907
|switch|p1a: Pelipper|Pelipper, M, shiny|100/100
|-weather|RainDance|[from] ability: Drizzle|[of] p1a: Pelipper
|move|p2a: Lucifer|Leaf Storm|p1a: Pelipper
|-damage|p1a: Pelipper|31/100
|-boost|p2a: Lucifer|spa|2
|
|-weather|RainDance|[upkeep]
|upkeep
|turn|10
|
|t:|1779880917
|move|p2a: Lucifer|Leaf Storm|p1a: Pelipper
|-damage|p1a: Pelipper|0 fnt
|-boost|p2a: Lucifer|spa|2
|faint|p1a: Pelipper
|
|-weather|RainDance|[upkeep]
|upkeep
|
|t:|1779880924
|switch|p1a: Kingdra|Kingdra, M, shiny, tera:Water|71/100
|turn|11
|
|t:|1779880930
|move|p1a: Kingdra|Ice Beam|p2a: Lucifer
|-supereffective|p2a: Lucifer
|-damage|p2a: Lucifer|14/100
|-damage|p1a: Kingdra|61/100|[from] item: Life Orb
|move|p2a: Lucifer|Glare|p1a: Kingdra
|-status|p1a: Kingdra|par
|
|-weather|RainDance|[upkeep]
|upkeep
|turn|12
|
|t:|1779880940
|switch|p1a: Rillaboom|Rillaboom, M, shiny|100/100
|-fieldstart|move: Grassy Terrain|[from] ability: Grassy Surge|[of] p1a: Rillaboom
|move|p2a: Lucifer|Leaf Storm|p1a: Rillaboom
|-resisted|p1a: Rillaboom
|-damage|p1a: Rillaboom|0 fnt
|-boost|p2a: Lucifer|spa|2
|faint|p1a: Rillaboom
|
|-weather|RainDance|[upkeep]
|-heal|p2a: Lucifer|20/100|[from] Grassy Terrain
|upkeep
|c|☆karmasiren|gg
|c|☆Shinydragonzord6|Gg
|
|t:|1779880956
|switch|p1a: Kingdra|Kingdra, M, shiny, tera:Water|61/100 par
|turn|13
|
|t:|1779880959
|move|p2a: Lucifer|Dragon Pulse|p1a: Kingdra
|-damage|p1a: Kingdra|0 fnt
|faint|p1a: Kingdra
|
|win|karmasiren
|raw|Shinydragonzord6's rating: 1521 &rarr; <strong>1503</strong><br />(-18 for losing)
|raw|karmasiren's rating: 1554 &rarr; <strong>1572</strong><br />(+18 for winning)
|l|☆karmasiren
|player|p2|
|l|☆Shinydragonzord6
|player|p1|
