|j|☆npctypebeat
|j|☆ig huynh1k
|t:|1779924314
|gametype|singles
|player|p1|npctypebeat|102|1190
|player|p2|ig huynh1k|marshal|1194
|gen|9
|tier|[Gen 9] OU
|rated|
|rule|HP Percentage Mod: HP is shown in percentages
|rule|Endless Battle Clause: Forcing endless battles is banned
|rule|Species Clause: Limit one of each Pokémon
|rule|OHKO Clause: OHKO moves are banned
|rule|Evasion Items Clause: Evasion items are banned
|rule|Evasion Moves Clause: Evasion moves are banned
|rule|Evasion Abilities Clause: Evasion abilities are banned
|rule|Sleep Moves Clause: Sleep-inducing moves are banned
|clearpoke
|poke|p1|Gliscor, F|
|poke|p1|Gholdengo|
|poke|p1|Zamazenta-*|
|poke|p1|Blissey, F|
|poke|p1|Skarmory, F|
|poke|p1|Pecharunt|
|poke|p2|Kingambit, F|
|poke|p2|Cinderace, F|
|poke|p2|Landorus-Therian, M|
|poke|p2|Iron Valiant|
|poke|p2|Kyurem|
|poke|p2|Slowking-Galar, M|
|teampreview
|inactive|Battle timer is ON: inactive players will automatically lose when time's up. (requested by ig huynh1k)
|c|☆npctypebeat|hf
|
|t:|1779924321
|teamsize|p1|6
|teamsize|p2|6
|start
|switch|p1a: Skarmory|Skarmory, F|100/100
|switch|p2a: Landorus|Landorus-Therian, M, shiny|100/100
|-ability|p2a: Landorus|Intimidate|boost
|-unboost|p1a: Skarmory|atk|1
|turn|1
|inactive|npctypebeat also wants the timer to be on.
|
|t:|1779924333
|move|p2a: Landorus|Taunt|p1a: Skarmory
|-start|p1a: Skarmory|move: Taunt
|cant|p1a: Skarmory|move: Taunt|Spikes
|
|upkeep
|turn|2
|
|t:|1779924335
|switch|p1a: Gliscor|Gliscor, F|100/100
|move|p2a: Landorus|U-turn|p1a: Gliscor
|-resisted|p1a: Gliscor
|-damage|p1a: Gliscor|91/100
|
|t:|1779924339
|switch|p2a: Kyurem|Kyurem, shiny|100/100|[from] U-turn
|-ability|p2a: Kyurem|Pressure
|
|-status|p1a: Gliscor|tox|[from] item: Toxic Orb
|upkeep
|turn|3
|
|t:|1779924345
|switch|p1a: Blissey|Blissey, F|100/100
|move|p2a: Kyurem|Substitute|p2a: Kyurem
|-start|p2a: Kyurem|Substitute
|-damage|p2a: Kyurem|76/100
|
|-heal|p2a: Kyurem|82/100|[from] item: Leftovers
|upkeep
|turn|4
|
|t:|1779924351
|move|p2a: Kyurem|Freeze-Dry|p1a: Blissey
|-damage|p1a: Blissey|90/100
|move|p1a: Blissey|Shadow Ball|p2a: Kyurem
|-activate|p2a: Kyurem|move: Substitute|[damage]
|
|-heal|p2a: Kyurem|88/100|[from] item: Leftovers
|upkeep
|turn|5
|
|t:|1779924379
|move|p2a: Kyurem|Freeze-Dry|p1a: Blissey
|-damage|p1a: Blissey|79/100
|move|p1a: Blissey|Shadow Ball|p2a: Kyurem
|-end|p2a: Kyurem|Substitute
|
|-heal|p2a: Kyurem|94/100|[from] item: Leftovers
|upkeep
|turn|6
|inactive|npctypebeat has 120 seconds left.
|
|t:|1779924397
|move|p2a: Kyurem|Protect|p2a: Kyurem
|-singleturn|p2a: Kyurem|Protect
|move|p1a: Blissey|Stealth Rock|p2a: Kyurem
|-sidestart|p2: ig huynh1k|move: Stealth Rock
|
|-heal|p2a: Kyurem|99/100|[from] item: Leftovers
|upkeep
|turn|7
|inactive|npctypebeat has 120 seconds left.
|
|t:|1779924408
|switch|p2a: Kingambit|Kingambit, F|100/100
|-damage|p2a: Kingambit|94/100|[from] Stealth Rock
|move|p1a: Blissey|Soft-Boiled|p1a: Blissey
|-heal|p1a: Blissey|100/100
|
|-heal|p2a: Kingambit|100/100|[from] item: Leftovers
|upkeep
|turn|8
|inactive|npctypebeat has 120 seconds left.
|
|t:|1779924419
|switch|p1a: Skarmory|Skarmory, F|100/100
|move|p2a: Kingambit|Iron Head|p1a: Skarmory
|-resisted|p1a: Skarmory
|-damage|p1a: Skarmory|86/100
|
|upkeep
|turn|9
|inactive|npctypebeat has 120 seconds left.
|
|t:|1779924432
|-end|p2a: Kingambit|fallenundefined|[silent]
|switch|p2a: Cinderace|Cinderace, F, shiny|100/100
|move|p1a: Skarmory|Spikes|p2a: Cinderace
|-sidestart|p2: ig huynh1k|Spikes
|
|upkeep
|turn|10
|
|t:|1779924437
|move|p2a: Cinderace|Court Change|p2a: Cinderace
|-swapsideconditions
|-activate|p2a: Cinderace|move: Court Change
|move|p1a: Skarmory|Spikes|p2a: Cinderace
|-sidestart|p2: ig huynh1k|Spikes
|
|upkeep
|turn|11
|
|t:|1779924441
|move|p2a: Cinderace|Pyro Ball|p1a: Skarmory
|-supereffective|p1a: Skarmory
|-damage|p1a: Skarmory|23/100
|move|p1a: Skarmory|Spikes|p2a: Cinderace
|-sidestart|p2: ig huynh1k|Spikes
|
|upkeep
|turn|12
|
|t:|1779924449
|switch|p1a: Pecharunt|Pecharunt|100/100
|move|p2a: Cinderace|Pyro Ball|p1a: Pecharunt
|-damage|p1a: Pecharunt|77/100
|
|upkeep
|turn|13
|
|t:|1779924457
|switch|p2a: Slowking|Slowking-Galar, M, shiny|100/100
|move|p1a: Pecharunt|Shadow Ball|p2a: Slowking
|-supereffective|p2a: Slowking
|-damage|p2a: Slowking|73/100
|
|upkeep
|turn|14
|
|t:|1779924467
|move|p1a: Pecharunt|Recover|p1a: Pecharunt
|-heal|p1a: Pecharunt|100/100
|move|p2a: Slowking|Psychic Noise|p1a: Pecharunt
|-supereffective|p1a: Pecharunt
|-damage|p1a: Pecharunt|45/100
|-start|p1a: Pecharunt|move: Heal Block
|
|upkeep
|turn|15
|
|t:|1779924477
|move|p1a: Pecharunt|Parting Shot|p2a: Slowking
|-unboost|p2a: Slowking|atk|1
|-unboost|p2a: Slowking|spa|1
|
|t:|1779924481
|switch|p1a: Blissey|Blissey, F|100/100|[from] Parting Shot
|move|p2a: Slowking|Psychic Noise|p1a: Blissey
|-damage|p1a: Blissey|94/100
|-start|p1a: Blissey|move: Heal Block
|
|upkeep
|turn|16
|
|t:|1779924491
|switch|p2a: Kingambit|Kingambit, F|100/100
|-damage|p2a: Kingambit|84/100|[from] Spikes
|move|p1a: Blissey|Stealth Rock|p2a: Kingambit
|-sidestart|p2: ig huynh1k|move: Stealth Rock
|
|-heal|p2a: Kingambit|90/100|[from] item: Leftovers
|-end|p1a: Blissey|move: Heal Block
|upkeep
|turn|17
|
|t:|1779924504
|switch|p1a: Zamazenta|Zamazenta|100/100
|-ability|p1a: Zamazenta|Dauntless Shield|boost
|-boost|p1a: Zamazenta|def|1
|move|p2a: Kingambit|Kowtow Cleave|p1a: Zamazenta
|-resisted|p1a: Zamazenta
|-damage|p1a: Zamazenta|85/100
|
|-heal|p2a: Kingambit|96/100|[from] item: Leftovers
|upkeep
|turn|18
|
|t:|1779924511
|-end|p2a: Kingambit|fallenundefined|[silent]
|switch|p2a: Iron Valiant|Iron Valiant|100/100
|-damage|p2a: Iron Valiant|84/100|[from] Spikes
|-damage|p2a: Iron Valiant|78/100|[from] Stealth Rock
|-enditem|p2a: Iron Valiant|Booster Energy
|-activate|p2a: Iron Valiant|ability: Quark Drive|[fromitem]
|-start|p2a: Iron Valiant|quarkdrivespe
|move|p1a: Zamazenta|Close Combat|p2a: Iron Valiant
|-resisted|p2a: Iron Valiant
|-damage|p2a: Iron Valiant|39/100
|-unboost|p1a: Zamazenta|def|1
|-unboost|p1a: Zamazenta|spd|1
|
|upkeep
|turn|19
|
|t:|1779924521
|switch|p1a: Blissey|Blissey, F|94/100
|-terastallize|p2a: Iron Valiant|Ghost
|move|p2a: Iron Valiant|Moonblast|p1a: Blissey
|-damage|p1a: Blissey|79/100
|-unboost|p1a: Blissey|spa|1
|
|upkeep
|turn|20
|
|t:|1779924529
|-end|p2a: Iron Valiant|Quark Drive|[silent]
|switch|p2a: Kingambit|Kingambit, F|96/100
|-damage|p2a: Kingambit|80/100|[from] Spikes
|-damage|p2a: Kingambit|74/100|[from] Stealth Rock
|move|p1a: Blissey|Soft-Boiled|p1a: Blissey
|-heal|p1a: Blissey|100/100
|
|-heal|p2a: Kingambit|80/100|[from] item: Leftovers
|upkeep
|turn|21
|
|t:|1779924545
|switch|p1a: Zamazenta|Zamazenta|85/100
|move|p2a: Kingambit|Kowtow Cleave|p1a: Zamazenta
|-resisted|p1a: Zamazenta
|-damage|p1a: Zamazenta|63/100
|
|-heal|p2a: Kingambit|86/100|[from] item: Leftovers
|upkeep
|turn|22
|
|t:|1779924562
|-end|p2a: Kingambit|fallenundefined|[silent]
|switch|p2a: Cinderace|Cinderace, F, shiny|100/100
|move|p1a: Zamazenta|Close Combat|p2a: Cinderace
|-damage|p2a: Cinderace|32/100
|-unboost|p1a: Zamazenta|def|1
|-unboost|p1a: Zamazenta|spd|1
|
|upkeep
|turn|23
|
|t:|1779924568
|move|p1a: Zamazenta|Crunch|p2a: Cinderace
|-damage|p2a: Cinderace|3/100
|move|p2a: Cinderace|Will-O-Wisp|p1a: Zamazenta
|-status|p1a: Zamazenta|brn
|
|-damage|p1a: Zamazenta|56/100 brn|[from] brn
|upkeep
|turn|24
|
|t:|1779924576
|switch|p2a: Landorus|Landorus-Therian, M, shiny|100/100
|-damage|p2a: Landorus|88/100|[from] Stealth Rock
|-ability|p2a: Landorus|Intimidate|boost
|-unboost|p1a: Zamazenta|atk|1
|move|p1a: Zamazenta|Crunch|p2a: Landorus
|-damage|p2a: Landorus|80/100
|-unboost|p2a: Landorus|def|1
|-damage|p1a: Zamazenta|40/100 brn|[from] item: Rocky Helmet|[of] p2a: Landorus
|
|-damage|p1a: Zamazenta|34/100 brn|[from] brn
|upkeep
|turn|25
|
|t:|1779924587
|switch|p1a: Gliscor|Gliscor, F|91/100 tox
|-damage|p1a: Gliscor|79/100 tox|[from] Stealth Rock
|move|p2a: Landorus|U-turn|p1a: Gliscor
|-resisted|p1a: Gliscor
|-damage|p1a: Gliscor|70/100 tox
|
|t:|1779924593
|switch|p2a: Kyurem|Kyurem, shiny|99/100|[from] U-turn
|-damage|p2a: Kyurem|84/100|[from] Spikes
|-damage|p2a: Kyurem|59/100|[from] Stealth Rock
|-ability|p2a: Kyurem|Pressure
|
|-heal|p2a: Kyurem|65/100|[from] item: Leftovers
|-heal|p1a: Gliscor|83/100 tox|[from] ability: Poison Heal
|upkeep
|turn|26
|
|t:|1779924601
|switch|p1a: Blissey|Blissey, F|100/100
|move|p2a: Kyurem|Freeze-Dry|p1a: Blissey
|-damage|p1a: Blissey|90/100
|
|-heal|p2a: Kyurem|71/100|[from] item: Leftovers
|upkeep
|turn|27
|
|t:|1779924614
|switch|p2a: Kingambit|Kingambit, F|86/100
|-damage|p2a: Kingambit|70/100|[from] Spikes
|-damage|p2a: Kingambit|63/100|[from] Stealth Rock
|move|p1a: Blissey|Calm Mind|p1a: Blissey
|-boost|p1a: Blissey|spa|1
|-boost|p1a: Blissey|spd|1
|
|-heal|p2a: Kingambit|70/100|[from] item: Leftovers
|upkeep
|turn|28
|
|t:|1779924628
|switch|p1a: Skarmory|Skarmory, F|23/100
|move|p2a: Kingambit|Kowtow Cleave|p1a: Skarmory
|-damage|p1a: Skarmory|0 fnt
|faint|p1a: Skarmory
|
|-heal|p2a: Kingambit|76/100|[from] item: Leftovers
|upkeep
|
|t:|1779924648
|switch|p1a: Zamazenta|Zamazenta|34/100 brn
|turn|29
|
|t:|1779924660
|-end|p2a: Kingambit|fallenundefined|[silent]
|switch|p2a: Landorus|Landorus-Therian, M, shiny|80/100
|-damage|p2a: Landorus|68/100|[from] Stealth Rock
|-ability|p2a: Landorus|Intimidate|boost
|-unboost|p1a: Zamazenta|atk|1
|move|p1a: Zamazenta|Close Combat|p2a: Landorus
|-resisted|p2a: Landorus
|-damage|p2a: Landorus|60/100
|-unboost|p1a: Zamazenta|def|1
|-unboost|p1a: Zamazenta|spd|1
|-damage|p1a: Zamazenta|17/100 brn|[from] item: Rocky Helmet|[of] p2a: Landorus
|
|-damage|p1a: Zamazenta|11/100 brn|[from] brn
|upkeep
|turn|30
|
|t:|1779924673
|switch|p1a: Gliscor|Gliscor, F|83/100 tox
|-damage|p1a: Gliscor|70/100 tox|[from] Stealth Rock
|move|p2a: Landorus|Rock Tomb|p1a: Gliscor
|-crit|p1a: Gliscor
|-damage|p1a: Gliscor|48/100 tox
|-unboost|p1a: Gliscor|spe|1
|
|-heal|p1a: Gliscor|61/100 tox|[from] ability: Poison Heal
|upkeep
|turn|31
|
|t:|1779924685
|move|p1a: Gliscor|Protect|p1a: Gliscor
|-singleturn|p1a: Gliscor|Protect
|move|p2a: Landorus|Rock Tomb|p1a: Gliscor
|-activate|p1a: Gliscor|move: Protect
|
|-heal|p1a: Gliscor|73/100 tox|[from] ability: Poison Heal
|upkeep
|turn|32
|inactive|npctypebeat has 120 seconds left.
|
|t:|1779924706
|move|p2a: Landorus|Rock Tomb|p1a: Gliscor
|-damage|p1a: Gliscor|57/100 tox
|-unboost|p1a: Gliscor|spe|1
|move|p1a: Gliscor|Swords Dance|p1a: Gliscor
|-boost|p1a: Gliscor|atk|2
|
|-heal|p1a: Gliscor|69/100 tox|[from] ability: Poison Heal
|upkeep
|turn|33
|inactive|npctypebeat has 120 seconds left.
|
|t:|1779924722
|move|p2a: Landorus|U-turn|p1a: Gliscor
|-resisted|p1a: Gliscor
|-damage|p1a: Gliscor|61/100 tox
|
|t:|1779924727
|switch|p2a: Kingambit|Kingambit, F|76/100|[from] U-turn
|-damage|p2a: Kingambit|59/100|[from] Spikes
|-damage|p2a: Kingambit|53/100|[from] Stealth Rock
|move|p1a: Gliscor|Knock Off|p2a: Kingambit
|-resisted|p2a: Kingambit
|-damage|p2a: Kingambit|36/100
|-enditem|p2a: Kingambit|Leftovers|[from] move: Knock Off|[of] p1a: Gliscor
|
|-heal|p1a: Gliscor|73/100 tox|[from] ability: Poison Heal
|upkeep
|turn|34
|inactive|npctypebeat has 120 seconds left.
|
|t:|1779924746
|-end|p2a: Kingambit|fallenundefined|[silent]
|switch|p2a: Slowking|Slowking-Galar, M, shiny|100/100
|move|p1a: Gliscor|Protect||[still]
|-fail|p1a: Gliscor
|
|-heal|p1a: Gliscor|86/100 tox|[from] ability: Poison Heal
|upkeep
|turn|35
|inactive|npctypebeat has 120 seconds left.
|
|t:|1779924757
|move|p1a: Gliscor|Swords Dance|p1a: Gliscor
|-boost|p1a: Gliscor|atk|2
|move|p2a: Slowking|Psychic Noise|p1a: Gliscor
|-damage|p1a: Gliscor|58/100 tox
|-start|p1a: Gliscor|move: Heal Block
|
|upkeep
|turn|36
|inactive|npctypebeat has 120 seconds left.
|
|t:|1779924777
|move|p1a: Gliscor|Earthquake|p2a: Slowking
|-supereffective|p2a: Slowking
|-damage|p2a: Slowking|0 fnt
|faint|p2a: Slowking
|
|-end|p1a: Gliscor|move: Heal Block
|upkeep
|
|t:|1779924781
|switch|p2a: Kyurem|Kyurem, shiny|71/100
|-damage|p2a: Kyurem|55/100|[from] Spikes
|-damage|p2a: Kyurem|30/100|[from] Stealth Rock
|-ability|p2a: Kyurem|Pressure
|turn|37
|inactive|npctypebeat has 120 seconds left.
|
|t:|1779924789
|move|p1a: Gliscor|Protect|p1a: Gliscor
|-singleturn|p1a: Gliscor|Protect
|move|p2a: Kyurem|Freeze-Dry|p1a: Gliscor
|-activate|p1a: Gliscor|move: Protect
|
|-heal|p2a: Kyurem|36/100|[from] item: Leftovers
|-heal|p1a: Gliscor|71/100 tox|[from] ability: Poison Heal
|upkeep
|turn|38
|
|t:|1779924799
|switch|p1a: Blissey|Blissey, F|90/100
|move|p2a: Kyurem|Freeze-Dry|p1a: Blissey
|-damage|p1a: Blissey|79/100
|
|-heal|p2a: Kyurem|42/100|[from] item: Leftovers
|upkeep
|turn|39
|inactive|npctypebeat has 120 seconds left.
|
|t:|1779924815
|move|p2a: Kyurem|Freeze-Dry|p1a: Blissey
|-damage|p1a: Blissey|69/100
|move|p1a: Blissey|Soft-Boiled|p1a: Blissey
|-heal|p1a: Blissey|100/100
|
|-heal|p2a: Kyurem|48/100|[from] item: Leftovers
|upkeep
|turn|40
|inactive|npctypebeat has 120 seconds left.
|
|t:|1779924834
|move|p2a: Kyurem|Protect|p2a: Kyurem
|-singleturn|p2a: Kyurem|Protect
|move|p1a: Blissey|Calm Mind|p1a: Blissey
|-boost|p1a: Blissey|spa|1
|-boost|p1a: Blissey|spd|1
|
|-heal|p2a: Kyurem|54/100|[from] item: Leftovers
|upkeep
|turn|41
|inactive|npctypebeat has 120 seconds left.
|
|t:|1779924848
|switch|p2a: Landorus|Landorus-Therian, M, shiny|60/100
|-damage|p2a: Landorus|47/100|[from] Stealth Rock
|-ability|p2a: Landorus|Intimidate|boost
|-unboost|p1a: Blissey|atk|1
|move|p1a: Blissey|Shadow Ball|p2a: Landorus
|-damage|p2a: Landorus|22/100
|-unboost|p2a: Landorus|spd|1
|
|upkeep
|turn|42
|inactive|npctypebeat has 120 seconds left.
|
|t:|1779924863
|switch|p1a: Gliscor|Gliscor, F|71/100 tox
|-damage|p1a: Gliscor|58/100 tox|[from] Stealth Rock
|move|p2a: Landorus|Earthquake|p1a: Gliscor
|-immune|p1a: Gliscor
|
|-heal|p1a: Gliscor|71/100 tox|[from] ability: Poison Heal
|upkeep
|turn|43
|
|t:|1779924881
|move|p1a: Gliscor|Protect|p1a: Gliscor
|-singleturn|p1a: Gliscor|Protect
|move|p2a: Landorus|Taunt|p1a: Gliscor
|-activate|p1a: Gliscor|move: Protect
|
|-heal|p1a: Gliscor|83/100 tox|[from] ability: Poison Heal
|upkeep
|turn|44
|
|t:|1779924901
|move|p2a: Landorus|Taunt|p1a: Gliscor
|-start|p1a: Gliscor|move: Taunt
|move|p1a: Gliscor|Knock Off|p2a: Landorus
|-damage|p2a: Landorus|1/100
|-damage|p1a: Gliscor|67/100 tox|[from] item: Rocky Helmet|[of] p2a: Landorus
|-enditem|p2a: Landorus|Rocky Helmet|[from] move: Knock Off|[of] p1a: Gliscor
|
|-heal|p1a: Gliscor|79/100 tox|[from] ability: Poison Heal
|upkeep
|turn|45
|inactive|npctypebeat has 90 seconds left.
|
|t:|1779924921
|move|p2a: Landorus|Rock Tomb|p1a: Gliscor
|-damage|p1a: Gliscor|64/100 tox
|-unboost|p1a: Gliscor|spe|1
|move|p1a: Gliscor|Knock Off|p2a: Landorus
|-damage|p2a: Landorus|0 fnt
|faint|p2a: Landorus
|
|-heal|p1a: Gliscor|77/100 tox|[from] ability: Poison Heal
|upkeep
|
|t:|1779924928
|switch|p2a: Kyurem|Kyurem, shiny|54/100
|-damage|p2a: Kyurem|38/100|[from] Spikes
|-damage|p2a: Kyurem|13/100|[from] Stealth Rock
|-ability|p2a: Kyurem|Pressure
|turn|46
|inactive|npctypebeat has 90 seconds left.
|
|t:|1779924948
|switch|p1a: Blissey|Blissey, F|100/100
|move|p2a: Kyurem|Freeze-Dry|p1a: Blissey
|-damage|p1a: Blissey|89/100
|
|-heal|p2a: Kyurem|19/100|[from] item: Leftovers
|upkeep
|turn|47
|inactive|npctypebeat has 90 seconds left.
|
|t:|1779924968
|move|p2a: Kyurem|Freeze-Dry|p1a: Blissey
|-damage|p1a: Blissey|79/100
|move|p1a: Blissey|Calm Mind|p1a: Blissey
|-boost|p1a: Blissey|spa|1
|-boost|p1a: Blissey|spd|1
|
|-heal|p2a: Kyurem|25/100|[from] item: Leftovers
|upkeep
|turn|48
|
|t:|1779924989
|move|p2a: Kyurem|Freeze-Dry|p1a: Blissey
|-damage|p1a: Blissey|72/100
|move|p1a: Blissey|Soft-Boiled|p1a: Blissey
|-heal|p1a: Blissey|100/100
|
|-heal|p2a: Kyurem|31/100|[from] item: Leftovers
|upkeep
|turn|49
|
|t:|1779925007
|move|p2a: Kyurem|Freeze-Dry|p1a: Blissey
|-damage|p1a: Blissey|93/100
|-status|p1a: Blissey|frz
|cant|p1a: Blissey|frz
|
|-heal|p2a: Kyurem|38/100|[from] item: Leftovers
|upkeep
|turn|50
|inactive|npctypebeat has 60 seconds left.
|
|t:|1779925024
|switch|p2a: Cinderace|Cinderace, F, shiny|3/100
|-curestatus|p1a: Blissey|frz|[msg]
|move|p1a: Blissey|Shadow Ball|p2a: Cinderace
|-damage|p2a: Cinderace|0 fnt
|faint|p2a: Cinderace
|
|upkeep
|
|t:|1779925028
|switch|p2a: Kingambit|Kingambit, F|36/100
|-damage|p2a: Kingambit|19/100|[from] Spikes
|-damage|p2a: Kingambit|13/100|[from] Stealth Rock
|-activate|p2a: Kingambit|ability: Supreme Overlord
|-start|p2a: Kingambit|fallen3|[silent]
|turn|51
|
|t:|1779925042
|switch|p1a: Gliscor|Gliscor, F|77/100 tox
|-damage|p1a: Gliscor|64/100 tox|[from] Stealth Rock
|move|p2a: Kingambit|Kowtow Cleave|p1a: Gliscor
|-damage|p1a: Gliscor|10/100 tox
|
|-heal|p1a: Gliscor|23/100 tox|[from] ability: Poison Heal
|upkeep
|turn|52
|
|t:|1779925049
|move|p1a: Gliscor|Earthquake|p2a: Kingambit
|-supereffective|p2a: Kingambit
|-damage|p2a: Kingambit|0 fnt
|faint|p2a: Kingambit
|-end|p2a: Kingambit|fallen3|[silent]
|
|-heal|p1a: Gliscor|35/100 tox|[from] ability: Poison Heal
|upkeep
|
|t:|1779925051
|switch|p2a: Iron Valiant|Iron Valiant, tera:Ghost|39/100
|-damage|p2a: Iron Valiant|22/100|[from] Spikes
|-damage|p2a: Iron Valiant|9/100|[from] Stealth Rock
|turn|53
|-message|ig huynh1k forfeited.
|
|win|npctypebeat
|raw|npctypebeat's rating: 1189 &rarr; <strong>1214</strong><br />(+25 for winning)
|raw|ig huynh1k's rating: 1194 &rarr; <strong>1169</strong><br />(-25 for losing)
|l|☆ig huynh1k
|player|p2|
|c|☆npctypebeat|gg
