|j|☆magicsalt
|j|☆tch_kyorax
|t:|1779846389
|gametype|singles
|player|p1|magicsalt|clair|1057
|player|p2|tch_kyorax|veteran|1060
|gen|9
|tier|[Gen 9] OU
|rated|
|rule|HP Percentage Mod: HP is shown in percentages
|rule|Endless Battle Clause: Forcing endless battles is banned
|rule|Species Clause: Limit one of each Pokémon
|rule|OHKO Clause: OHKO moves are banned
|rule|Evasion Items Clause: Evasion items are banned
|rule|Evasion Moves Clause: Evasion moves are banned
|rule|Evasion Abilities Clause: Evasion abilities are banned
|rule|Sleep Moves Clause: Sleep-inducing moves are banned
|clearpoke
|poke|p1|Salazzle, F|
|poke|p1|Glimmora, M|
|poke|p1|Darkrai|
|poke|p1|Toxapex, F|
|poke|p1|Corviknight, M|
|poke|p1|Blissey, F|
|poke|p2|Tornadus-Therian, M|
|poke|p2|Hatterene, F|
|poke|p2|Iron Treads|
|poke|p2|Polteageist|
|poke|p2|Kyurem|
|poke|p2|Iron Valiant|
|teampreview
|
|t:|1779846395
|teamsize|p1|6
|teamsize|p2|6
|start
|switch|p1a: A roc|Glimmora, M, shiny|100/100
|switch|p2a: 💝|Hatterene, F, shiny|100/100
|turn|1
|
|t:|1779846411
|switch|p1a: Fatty whopper|Blissey, F|100/100
|move|p2a: 💝|Nuzzle|p1a: Fatty whopper
|-damage|p1a: Fatty whopper|97/100
|-status|p1a: Fatty whopper|par
|
|-heal|p1a: Fatty whopper|100/100 par|[from] item: Leftovers
|upkeep
|turn|2
|
|t:|1779846422
|switch|p2a: Kyurem|Kyurem|100/100
|-ability|p2a: Kyurem|Pressure
|cant|p1a: Fatty whopper|par
|
|upkeep
|turn|3
|
|t:|1779846430
|move|p2a: Kyurem|Body Press|p1a: Fatty whopper
|-supereffective|p1a: Fatty whopper
|-damage|p1a: Fatty whopper|61/100 par
|move|p1a: Fatty whopper|Heal Bell|p1a: Fatty whopper
|-activate|p1a: Fatty whopper|move: Heal Bell
|-curestatus|p1a: Fatty whopper|par|[msg]
|
|-heal|p1a: Fatty whopper|67/100|[from] item: Leftovers
|upkeep
|turn|4
|
|t:|1779846441
|move|p2a: Kyurem|Body Press|p1a: Fatty whopper
|-supereffective|p1a: Fatty whopper
|-damage|p1a: Fatty whopper|29/100
|move|p1a: Fatty whopper|Soft-Boiled|p1a: Fatty whopper
|-heal|p1a: Fatty whopper|79/100
|
|-heal|p1a: Fatty whopper|85/100|[from] item: Leftovers
|upkeep
|turn|5
|
|t:|1779846450
|switch|p2a: Iron Valiant|Iron Valiant|100/100
|-enditem|p2a: Iron Valiant|Booster Energy
|-activate|p2a: Iron Valiant|ability: Quark Drive|[fromitem]
|-start|p2a: Iron Valiant|quarkdrivespe
|move|p1a: Fatty whopper|Protect||[still]
|-fail|p1a: Fatty whopper
|
|-heal|p1a: Fatty whopper|91/100|[from] item: Leftovers
|upkeep
|turn|6
|
|t:|1779846463
|switch|p1a: Arkham birbby|Corviknight, M|100/100
|-ability|p1a: Arkham birbby|Unnerve
|move|p2a: Iron Valiant|Close Combat|p1a: Arkham birbby
|-damage|p1a: Arkham birbby|58/100
|-unboost|p2a: Iron Valiant|def|1
|-unboost|p2a: Iron Valiant|spd|1
|
|-heal|p1a: Arkham birbby|64/100|[from] item: Leftovers
|upkeep
|turn|7
|
|t:|1779846477
|move|p2a: Iron Valiant|Thunderbolt|p1a: Arkham birbby
|-supereffective|p1a: Arkham birbby
|-damage|p1a: Arkham birbby|23/100
|move|p1a: Arkham birbby|Roost|p1a: Arkham birbby
|-heal|p1a: Arkham birbby|73/100
|-singleturn|p1a: Arkham birbby|move: Roost
|
|-heal|p1a: Arkham birbby|80/100|[from] item: Leftovers
|upkeep
|turn|8
|
|t:|1779846494
|move|p2a: Iron Valiant|Thunderbolt|p1a: Arkham birbby
|-supereffective|p1a: Arkham birbby
|-damage|p1a: Arkham birbby|42/100
|move|p1a: Arkham birbby|Roost|p1a: Arkham birbby
|-heal|p1a: Arkham birbby|92/100
|-singleturn|p1a: Arkham birbby|move: Roost
|
|-heal|p1a: Arkham birbby|98/100|[from] item: Leftovers
|upkeep
|turn|9
|
|t:|1779846521
|-end|p2a: Iron Valiant|Quark Drive|[silent]
|switch|p2a: 💝|Hatterene, F, shiny|100/100
|move|p1a: Arkham birbby|Bulk Up|p1a: Arkham birbby
|-boost|p1a: Arkham birbby|atk|1
|-boost|p1a: Arkham birbby|def|1
|
|-heal|p1a: Arkham birbby|100/100|[from] item: Leftovers
|upkeep
|turn|10
|
|t:|1779846533
|move|p1a: Arkham birbby|Bulk Up|p1a: Arkham birbby
|-boost|p1a: Arkham birbby|atk|1
|-boost|p1a: Arkham birbby|def|1
|move|p2a: 💝|Nuzzle|p1a: Arkham birbby
|-supereffective|p1a: Arkham birbby
|-damage|p1a: Arkham birbby|96/100
|-status|p1a: Arkham birbby|par
|
|-heal|p1a: Arkham birbby|100/100 par|[from] item: Leftovers
|upkeep
|turn|11
|
|t:|1779846544
|move|p2a: 💝|Draining Kiss|p1a: Arkham birbby
|-resisted|p1a: Arkham birbby
|-damage|p1a: Arkham birbby|92/100 par
|move|p1a: Arkham birbby|Bulk Up|p1a: Arkham birbby
|-boost|p1a: Arkham birbby|atk|1
|-boost|p1a: Arkham birbby|def|1
|
|-heal|p1a: Arkham birbby|98/100 par|[from] item: Leftovers
|upkeep
|turn|12
|
|t:|1779846553
|switch|p2a: Kyurem|Kyurem|100/100
|-ability|p2a: Kyurem|Pressure
|cant|p1a: Arkham birbby|par
|
|-heal|p1a: Arkham birbby|100/100 par|[from] item: Leftovers
|upkeep
|turn|13
|
|t:|1779846564
|move|p2a: Kyurem|Freeze-Dry|p1a: Arkham birbby
|-damage|p1a: Arkham birbby|75/100 par
|cant|p1a: Arkham birbby|par
|
|-heal|p1a: Arkham birbby|81/100 par|[from] item: Leftovers
|upkeep
|turn|14
|
|t:|1779846572
|move|p2a: Kyurem|Freeze-Dry|p1a: Arkham birbby
|-damage|p1a: Arkham birbby|57/100 par
|move|p1a: Arkham birbby|Bulk Up|p1a: Arkham birbby
|-boost|p1a: Arkham birbby|atk|1
|-boost|p1a: Arkham birbby|def|1
|
|-heal|p1a: Arkham birbby|63/100 par|[from] item: Leftovers
|upkeep
|turn|15
|
|t:|1779846583
|move|p2a: Kyurem|Freeze-Dry|p1a: Arkham birbby
|-damage|p1a: Arkham birbby|40/100 par
|cant|p1a: Arkham birbby|par
|
|-heal|p1a: Arkham birbby|46/100 par|[from] item: Leftovers
|upkeep
|turn|16
|
|t:|1779846588
|move|p2a: Kyurem|Freeze-Dry|p1a: Arkham birbby
|-damage|p1a: Arkham birbby|23/100 par
|move|p1a: Arkham birbby|Power Trip|p2a: Kyurem
|-crit|p2a: Kyurem
|-damage|p2a: Kyurem|0 fnt
|faint|p2a: Kyurem
|
|-heal|p1a: Arkham birbby|29/100 par|[from] item: Leftovers
|upkeep
|
|t:|1779846592
|switch|p2a: Polteageist|Polteageist|100/100
|turn|17
|
|t:|1779846602
|move|p2a: Polteageist|Shell Smash|p2a: Polteageist
|-unboost|p2a: Polteageist|def|1
|-unboost|p2a: Polteageist|spd|1
|-boost|p2a: Polteageist|atk|2
|-boost|p2a: Polteageist|spa|2
|-boost|p2a: Polteageist|spe|2
|move|p1a: Arkham birbby|Power Trip|p2a: Polteageist
|-supereffective|p2a: Polteageist
|-enditem|p2a: Polteageist|Focus Sash
|-damage|p2a: Polteageist|1/100
|-ability|p2a: Polteageist|Weak Armor|boost
|-unboost|p2a: Polteageist|def|1
|-boost|p2a: Polteageist|spe|2
|
|-heal|p1a: Arkham birbby|36/100 par|[from] item: Leftovers
|upkeep
|turn|18
|
|t:|1779846619
|move|p2a: Polteageist|Shadow Ball|p1a: Arkham birbby
|-damage|p1a: Arkham birbby|0 fnt
|faint|p1a: Arkham birbby
|
|upkeep
|
|t:|1779846625
|switch|p1a: A roc|Glimmora, M, shiny|100/100
|turn|19
|
|t:|1779846631
|move|p2a: Polteageist|Stored Power|p1a: A roc
|-supereffective|p1a: A roc
|-enditem|p1a: A roc|Focus Sash
|-damage|p1a: A roc|1/100
|move|p1a: A roc|Toxic|p2a: Polteageist
|-status|p2a: Polteageist|tox
|
|-damage|p2a: Polteageist|0 fnt|[from] psn
|faint|p2a: Polteageist
|upkeep
|
|t:|1779846637
|switch|p2a: Iron Valiant|Iron Valiant|100/100
|turn|20
|
|t:|1779846646
|move|p2a: Iron Valiant|Close Combat|p1a: A roc
|-damage|p1a: A roc|0 fnt
|-unboost|p2a: Iron Valiant|def|1
|-unboost|p2a: Iron Valiant|spd|1
|faint|p1a: A roc
|
|upkeep
|
|t:|1779846661
|switch|p1a: Edgey|Darkrai, shiny|100/100
|turn|21
|
|t:|1779846667
|-terastallize|p1a: Edgey|Ghost
|move|p1a: Edgey|Psyshock|p2a: Iron Valiant
|-supereffective|p2a: Iron Valiant
|-damage|p2a: Iron Valiant|0 fnt
|faint|p2a: Iron Valiant
|-end|p2a: Iron Valiant|Quark Drive|[silent]
|
|upkeep
|
|t:|1779846670
|switch|p2a: Coisa feia da prr|Tornadus-Therian, M|100/100
|turn|22
|
|t:|1779846684
|-terastallize|p2a: Coisa feia da prr|Dark
|move|p1a: Edgey|Dark Pulse|p2a: Coisa feia da prr
|-resisted|p2a: Coisa feia da prr
|-damage|p2a: Coisa feia da prr|74/100
|move|p2a: Coisa feia da prr|Nasty Plot|p2a: Coisa feia da prr
|-boost|p2a: Coisa feia da prr|spa|2
|
|upkeep
|turn|23
|
|t:|1779846696
|move|p1a: Edgey|Focus Blast|p2a: Coisa feia da prr
|-supereffective|p2a: Coisa feia da prr
|-damage|p2a: Coisa feia da prr|0 fnt
|faint|p2a: Coisa feia da prr
|
|upkeep
|
|t:|1779846699
|switch|p2a: 💝|Hatterene, F, shiny|100/100
|turn|24
|
|t:|1779846708
|move|p1a: Edgey|Shadow Ball|p2a: 💝
|-supereffective|p2a: 💝
|-crit|p2a: 💝
|-damage|p2a: 💝|0 fnt
|faint|p2a: 💝
|
|upkeep
|
|t:|1779846714
|switch|p2a: Iron Treads|Iron Treads|100/100
|-enditem|p2a: Iron Treads|Booster Energy
|-activate|p2a: Iron Treads|ability: Quark Drive|[fromitem]
|-start|p2a: Iron Treads|quarkdrivespe
|turn|25
|
|t:|1779846726
|move|p2a: Iron Treads|Earthquake|p1a: Edgey
|-damage|p1a: Edgey|54/100
|move|p1a: Edgey|Focus Blast|p2a: Iron Treads
|-supereffective|p2a: Iron Treads
|-damage|p2a: Iron Treads|27/100
|
|upkeep
|turn|26
|inactive|Battle timer is ON: inactive players will automatically lose when time's up. (requested by magicsalt)
|
|t:|1779846736
|move|p2a: Iron Treads|Earthquake|p1a: Edgey
|-damage|p1a: Edgey|0 fnt
|faint|p1a: Edgey
|
|upkeep
|
|t:|1779846743
|switch|p1a: Thirst trap|Salazzle, F|100/100
|turn|27
|
|t:|1779846763
|move|p2a: Iron Treads|Earthquake|p1a: Thirst trap
|-supereffective|p1a: Thirst trap
|-enditem|p1a: Thirst trap|Focus Sash
|-damage|p1a: Thirst trap|1/100
|move|p1a: Thirst trap|Overheat|p2a: Iron Treads|[miss]
|-miss|p1a: Thirst trap|p2a: Iron Treads
|
|upkeep
|turn|28
|
|t:|1779846774
|move|p1a: Thirst trap|Protect|p1a: Thirst trap
|-singleturn|p1a: Thirst trap|Protect
|move|p2a: Iron Treads|Earthquake|p1a: Thirst trap
|-activate|p1a: Thirst trap|move: Protect
|
|upkeep
|turn|29
|
|t:|1779846782
|move|p2a: Iron Treads|Earthquake|p1a: Thirst trap
|-supereffective|p1a: Thirst trap
|-damage|p1a: Thirst trap|0 fnt
|faint|p1a: Thirst trap
|
|upkeep
|
|t:|1779846793
|switch|p1a: Fatty whopper|Blissey, F|91/100
|turn|30
|
|t:|1779846799
|move|p2a: Iron Treads|Earthquake|p1a: Fatty whopper
|-damage|p1a: Fatty whopper|61/100
|move|p1a: Fatty whopper|Seismic Toss|p2a: Iron Treads
|-damage|p2a: Iron Treads|0 fnt
|faint|p2a: Iron Treads
|-end|p2a: Iron Treads|Quark Drive|[silent]
|
|win|magicsalt
|raw|magicsalt's rating: 1057 &rarr; <strong>1089</strong><br />(+32 for winning)
|raw|tch_kyorax's rating: 1060 &rarr; <strong>1041</strong><br />(-19 for losing)
|l|☆tch_kyorax
|player|p2|
