|j|☆sharkusPL
|j|☆Cheesefriezz
|t:|1779863662
|gametype|singles
|player|p1|sharkusPL|blackbelt-gen4dp|1194
|player|p2|Cheesefriezz|n|1166
|gen|9
|tier|[Gen 9] OU
|rated|
|rule|HP Percentage Mod: HP is shown in percentages
|rule|Endless Battle Clause: Forcing endless battles is banned
|rule|Species Clause: Limit one of each Pokémon
|rule|OHKO Clause: OHKO moves are banned
|rule|Evasion Items Clause: Evasion items are banned
|rule|Evasion Moves Clause: Evasion moves are banned
|rule|Evasion Abilities Clause: Evasion abilities are banned
|rule|Sleep Moves Clause: Sleep-inducing moves are banned
|clearpoke
|poke|p1|Zamazenta-*|
|poke|p1|Regieleki|
|poke|p1|Blaziken, M|
|poke|p1|Greninja-*, M|
|poke|p1|Serperior, M|
|poke|p1|Deoxys-Defense|
|poke|p2|Samurott-Hisui, M|
|poke|p2|Leafeon, M|
|poke|p2|Moltres|
|poke|p2|Ninetales, F|
|poke|p2|Kommo-o, M|
|poke|p2|Glimmora, F|
|teampreview
|
|t:|1779863671
|teamsize|p1|6
|teamsize|p2|6
|start
|switch|p1a: Regieleki|Regieleki|100/100
|switch|p2a: Glimmora|Glimmora, F|100/100
|turn|1
|
|t:|1779863678
|move|p1a: Regieleki|Thunderbolt|p2a: Glimmora
|-enditem|p2a: Glimmora|Focus Sash
|-damage|p2a: Glimmora|1/100
|move|p2a: Glimmora|Stealth Rock|p1a: Regieleki
|-sidestart|p1: sharkusPL|move: Stealth Rock
|
|upkeep
|turn|2
|
|t:|1779863684
|move|p1a: Regieleki|Thunderbolt|p2a: Glimmora
|-damage|p2a: Glimmora|0 fnt
|faint|p2a: Glimmora
|
|upkeep
|
|t:|1779863690
|switch|p2a: six tails|Ninetales, F, shiny|100/100
|-weather|SunnyDay|[from] ability: Drought|[of] p2a: six tails
|turn|3
|
|t:|1779863696
|move|p1a: Regieleki|Thunderbolt|p2a: six tails
|-damage|p2a: six tails|0 fnt
|faint|p2a: six tails
|
|-weather|SunnyDay|[upkeep]
|upkeep
|
|t:|1779863698
|switch|p2a: Melo|Leafeon, M, shiny|100/100
|turn|4
|
|t:|1779863727
|switch|p1a: Serperior|Serperior, M|100/100
|-damage|p1a: Serperior|88/100|[from] Stealth Rock
|move|p2a: Melo|Knock Off|p1a: Serperior
|-damage|p1a: Serperior|47/100
|-enditem|p1a: Serperior|Leftovers|[from] move: Knock Off|[of] p2a: Melo
|-damage|p2a: Melo|91/100|[from] item: Life Orb
|
|-weather|SunnyDay|[upkeep]
|upkeep
|turn|5
|
|t:|1779863737
|move|p2a: Melo|Swords Dance|p2a: Melo
|-boost|p2a: Melo|atk|2
|move|p1a: Serperior|Leaf Storm|p2a: Melo|[miss]
|-miss|p1a: Serperior|p2a: Melo
|
|-weather|SunnyDay|[upkeep]
|upkeep
|turn|6
|
|t:|1779863742
|move|p2a: Melo|X-Scissor|p1a: Serperior
|-supereffective|p1a: Serperior
|-damage|p1a: Serperior|0 fnt
|faint|p1a: Serperior
|-damage|p2a: Melo|81/100|[from] item: Life Orb
|
|-weather|SunnyDay|[upkeep]
|upkeep
|
|t:|1779863748
|switch|p1a: Regieleki|Regieleki|100/100
|-damage|p1a: Regieleki|88/100|[from] Stealth Rock
|turn|7
|
|t:|1779863754
|move|p2a: Melo|Leaf Blade|p1a: Regieleki
|-damage|p1a: Regieleki|0 fnt
|faint|p1a: Regieleki
|-damage|p2a: Melo|71/100|[from] item: Life Orb
|
|-weather|SunnyDay|[upkeep]
|upkeep
|
|t:|1779863766
|switch|p1a: Deoxys|Deoxys-Defense|100/100
|-damage|p1a: Deoxys|88/100|[from] Stealth Rock
|-ability|p1a: Deoxys|Pressure
|turn|8
|
|t:|1779863772
|move|p2a: Melo|Knock Off|p1a: Deoxys
|-supereffective|p1a: Deoxys
|-damage|p1a: Deoxys|0 fnt
|-enditem|p1a: Deoxys|Leftovers|[from] move: Knock Off|[of] p2a: Melo
|faint|p1a: Deoxys
|-damage|p2a: Melo|61/100|[from] item: Life Orb
|
|-weather|SunnyDay|[upkeep]
|upkeep
|
|t:|1779863779
|switch|p1a: Zamazenta|Zamazenta|100/100
|-damage|p1a: Zamazenta|95/100|[from] Stealth Rock
|-ability|p1a: Zamazenta|Dauntless Shield|boost
|-boost|p1a: Zamazenta|def|1
|turn|9
|
|t:|1779863784
|move|p2a: Melo|Leaf Blade|p1a: Zamazenta
|-damage|p1a: Zamazenta|46/100
|-damage|p2a: Melo|51/100|[from] item: Life Orb
|move|p1a: Zamazenta|Iron Defense|p1a: Zamazenta
|-boost|p1a: Zamazenta|def|2
|
|-weather|SunnyDay|[upkeep]
|-heal|p1a: Zamazenta|52/100|[from] item: Leftovers
|upkeep
|turn|10
|
|t:|1779863790
|move|p1a: Zamazenta|Protect|p1a: Zamazenta
|-singleturn|p1a: Zamazenta|Protect
|move|p2a: Melo|Leaf Blade|p1a: Zamazenta
|-activate|p1a: Zamazenta|move: Protect
|
|-weather|none
|-heal|p1a: Zamazenta|58/100|[from] item: Leftovers
|upkeep
|turn|11
|
|t:|1779863798
|move|p2a: Melo|Leaf Blade|p1a: Zamazenta
|-crit|p1a: Zamazenta
|-damage|p1a: Zamazenta|0 fnt
|faint|p1a: Zamazenta
|-damage|p2a: Melo|41/100|[from] item: Life Orb
|
|upkeep
|
|t:|1779863804
|switch|p1a: Greninja|Greninja, M|100/100
|-damage|p1a: Greninja|88/100|[from] Stealth Rock
|turn|12
|
|t:|1779863808
|move|p1a: Greninja|Ice Beam|p2a: Melo
|-supereffective|p2a: Melo
|-damage|p2a: Melo|0 fnt
|faint|p2a: Melo
|-ability|p1a: Greninja|Battle Bond|boost
|-boost|p1a: Greninja|atk|1
|-boost|p1a: Greninja|spa|1
|-boost|p1a: Greninja|spe|1
|-activate|p1a: Greninja|ability: Battle Bond
|
|upkeep
|
|t:|1779863816
|switch|p2a: Iggy|Kommo-o, M|100/100
|turn|13
|
|t:|1779863821
|-terastallize|p2a: Iggy|Normal
|move|p1a: Greninja|Ice Beam|p2a: Iggy
|-damage|p2a: Iggy|28/100
|move|p2a: Iggy|Aura Sphere|p1a: Greninja
|-supereffective|p1a: Greninja
|-damage|p1a: Greninja|0 fnt
|faint|p1a: Greninja
|
|upkeep
|
|t:|1779863829
|switch|p1a: Blaziken|Blaziken, M|100/100
|-damage|p1a: Blaziken|88/100|[from] Stealth Rock
|-item|p1a: Blaziken|Air Balloon
|turn|14
|
|t:|1779863832
|move|p1a: Blaziken|Protect|p1a: Blaziken
|-singleturn|p1a: Blaziken|Protect
|move|p2a: Iggy|Boomburst|p1a: Blaziken
|-activate|p1a: Blaziken|move: Protect
|
|-ability|p1a: Blaziken|Speed Boost|boost
|-boost|p1a: Blaziken|spe|1
|upkeep
|turn|15
|
|t:|1779863842
|move|p1a: Blaziken|Swords Dance|p1a: Blaziken
|-boost|p1a: Blaziken|atk|2
|move|p2a: Iggy|Clanging Scales|p1a: Blaziken
|-damage|p1a: Blaziken|14/100
|-enditem|p1a: Blaziken|Air Balloon
|-unboost|p2a: Iggy|def|1
|-enditem|p2a: Iggy|Throat Spray
|-boost|p2a: Iggy|spa|1|[from] item: Throat Spray
|
|-ability|p1a: Blaziken|Speed Boost|boost
|-boost|p1a: Blaziken|spe|1
|upkeep
|turn|16
|
|t:|1779863856
|move|p1a: Blaziken|Poison Jab|p2a: Iggy
|-damage|p2a: Iggy|0 fnt
|faint|p2a: Iggy
|
|-ability|p1a: Blaziken|Speed Boost|boost
|-boost|p1a: Blaziken|spe|1
|upkeep
|
|t:|1779863861
|switch|p2a: Ima dive in|Samurott-Hisui, M|100/100
|turn|17
|
|t:|1779863870
|move|p2a: Ima dive in|Sucker Punch|p1a: Blaziken
|-resisted|p1a: Blaziken
|-damage|p1a: Blaziken|0 fnt
|faint|p1a: Blaziken
|
|win|Cheesefriezz
|raw|sharkusPL's rating: 1194 &rarr; <strong>1167</strong><br />(-27 for losing)
|raw|Cheesefriezz's rating: 1166 &rarr; <strong>1193</strong><br />(+27 for winning)
|l|☆sharkusPL
|player|p1|
|c|☆Cheesefriezz|gg
|l|☆Cheesefriezz
|player|p2|
