|j|☆fa_e_ij_oe_a
|j|‽me destroy you 15
|t:|1779875070
|gametype|singles
|player|p1|fa_e_ij_oe_a|ethan|1064
|player|p2|me destroy you 15|flint|1070
|gen|9
|tier|[Gen 9] OU
|rated|
|rule|HP Percentage Mod: HP is shown in percentages
|rule|Endless Battle Clause: Forcing endless battles is banned
|rule|Species Clause: Limit one of each Pokémon
|rule|OHKO Clause: OHKO moves are banned
|rule|Evasion Items Clause: Evasion items are banned
|rule|Evasion Moves Clause: Evasion moves are banned
|rule|Evasion Abilities Clause: Evasion abilities are banned
|rule|Sleep Moves Clause: Sleep-inducing moves are banned
|clearpoke
|poke|p1|Meowscarada, F|
|poke|p1|Pecharunt|
|poke|p1|Enamorus, F|
|poke|p1|Iron Treads|
|poke|p1|Skarmory, F|
|poke|p1|Slowking, M|
|poke|p2|Blastoise, M|
|poke|p2|Charizard, M|
|poke|p2|Vileplume, F|
|poke|p2|Forretress, M|
|poke|p2|Gengar, F|
|poke|p2|Electivire, M|
|teampreview
|inactive|Battle timer is ON: inactive players will automatically lose when time's up. (requested by me destroy you 15)
|
|t:|1779875076
|teamsize|p1|6
|teamsize|p2|6
|start
|switch|p1a: Meowscarada|Meowscarada, F|100/100
|switch|p2a: Gengar|Gengar, F|100/100
|turn|1
|
|t:|1779875088
|move|p1a: Meowscarada|Knock Off|p2a: Gengar
|-start|p1a: Meowscarada|typechange|Dark|[from] ability: Protean
|-supereffective|p2a: Gengar
|-enditem|p2a: Gengar|Focus Sash
|-damage|p2a: Gengar|1/100
|move|p2a: Gengar|Sludge Bomb|p1a: Meowscarada
|-damage|p1a: Meowscarada|25/100
|-status|p1a: Meowscarada|psn
|
|-damage|p1a: Meowscarada|13/100 psn|[from] psn
|upkeep
|turn|2
|
|t:|1779875101
|switch|p2a: Forretress|Forretress, M|100/100
|move|p1a: Meowscarada|Knock Off|p2a: Forretress
|-damage|p2a: Forretress|52/100
|-enditem|p2a: Forretress|Leftovers|[from] move: Knock Off|[of] p1a: Meowscarada
|
|-damage|p1a: Meowscarada|1/100 psn|[from] psn
|upkeep
|turn|3
|
|t:|1779875119
|switch|p1a: Iron Treads|Iron Treads|100/100
|move|p2a: Forretress|Toxic Spikes|p1a: Iron Treads
|-sidestart|p1: fa_e_ij_oe_a|move: Toxic Spikes
|
|upkeep
|turn|4
|
|t:|1779875130
|move|p1a: Iron Treads|Stealth Rock|p2a: Forretress
|-sidestart|p2: me destroy you 15|move: Stealth Rock
|move|p2a: Forretress|Rapid Spin|p1a: Iron Treads
|-resisted|p1a: Iron Treads
|-crit|p1a: Iron Treads
|-damage|p1a: Iron Treads|94/100
|-boost|p2a: Forretress|spe|1
|-sideend|p2: me destroy you 15|Stealth Rock|[from] move: Rapid Spin|[of] p2a: Forretress
|
|-heal|p1a: Iron Treads|99/100|[from] item: Leftovers
|upkeep
|turn|5
|
|t:|1779875141
|move|p1a: Iron Treads|Rapid Spin|p2a: Forretress
|-resisted|p2a: Forretress
|-damage|p2a: Forretress|48/100
|-boost|p1a: Iron Treads|spe|1
|-sideend|p1: fa_e_ij_oe_a|Toxic Spikes|[from] move: Rapid Spin|[of] p1a: Iron Treads
|move|p2a: Forretress|Rapid Spin|p1a: Iron Treads
|-resisted|p1a: Iron Treads
|-damage|p1a: Iron Treads|96/100
|-boost|p2a: Forretress|spe|1
|
|-heal|p1a: Iron Treads|100/100|[from] item: Leftovers
|upkeep
|turn|6
|
|t:|1779875153
|move|p1a: Iron Treads|Earthquake|p2a: Forretress
|-damage|p2a: Forretress|19/100
|move|p2a: Forretress|Lunge|p1a: Iron Treads
|-resisted|p1a: Iron Treads
|-damage|p1a: Iron Treads|92/100
|-unboost|p1a: Iron Treads|atk|1
|
|-heal|p1a: Iron Treads|98/100|[from] item: Leftovers
|upkeep
|turn|7
|
|t:|1779875163
|switch|p2a: Charizard|Charizard, M|100/100
|move|p1a: Iron Treads|Earthquake|p2a: Charizard
|-immune|p2a: Charizard
|
|-heal|p1a: Iron Treads|100/100|[from] item: Leftovers
|upkeep
|turn|8
|-activate|p2a: Charizard|item: Quick Claw
|
|t:|1779875181
|-end|p1a: Iron Treads|Quark Drive|[silent]
|switch|p1a: Slowking|Slowking, M|100/100
|move|p2a: Charizard|Fire Blast|p1a: Slowking
|-resisted|p1a: Slowking
|-damage|p1a: Slowking|88/100
|
|upkeep
|turn|9
|
|t:|1779875189
|move|p2a: Charizard|Air Slash|p1a: Slowking
|-damage|p1a: Slowking|71/100
|move|p1a: Slowking|Future Sight|p2a: Charizard
|-start|p1a: Slowking|move: Future Sight
|
|upkeep
|turn|10
|
|t:|1779875195
|move|p2a: Charizard|Air Slash|p1a: Slowking
|-damage|p1a: Slowking|54/100
|cant|p1a: Slowking|flinch
|
|upkeep
|turn|11
|
|t:|1779875202
|switch|p2a: Forretress|Forretress, M|19/100
|move|p1a: Slowking|Scald|p2a: Forretress
|-damage|p2a: Forretress|0 fnt
|faint|p2a: Forretress
|
|-hint|Future Sight did not hit because the target is fainted.
|upkeep
|
|t:|1779875211
|switch|p2a: Gengar|Gengar, F|1/100
|turn|12
|inactive|fa_e_ij_oe_a has 120 seconds left.
|inactive|fa_e_ij_oe_a has 90 seconds left.
|
|t:|1779875277
|-terastallize|p1a: Slowking|Steel
|move|p2a: Gengar|Shadow Ball|p1a: Slowking
|-damage|p1a: Slowking|33/100
|move|p1a: Slowking|Psyshock|p2a: Gengar
|-supereffective|p2a: Gengar
|-damage|p2a: Gengar|0 fnt
|faint|p2a: Gengar
|
|upkeep
|
|t:|1779875289
|switch|p2a: Electivire|Electivire, M|100/100
|turn|13
|inactive|fa_e_ij_oe_a has 90 seconds left.
|
|t:|1779875300
|switch|p1a: Iron Treads|Iron Treads|100/100
|move|p2a: Electivire|Fire Punch|p1a: Iron Treads
|-supereffective|p1a: Iron Treads
|-damage|p1a: Iron Treads|49/100
|-damage|p2a: Electivire|91/100|[from] item: Life Orb
|
|-heal|p1a: Iron Treads|55/100|[from] item: Leftovers
|upkeep
|turn|14
|inactive|fa_e_ij_oe_a has 90 seconds left.
|
|t:|1779875321
|move|p2a: Electivire|Fire Punch|p1a: Iron Treads
|-supereffective|p1a: Iron Treads
|-damage|p1a: Iron Treads|2/100
|-damage|p2a: Electivire|81/100|[from] item: Life Orb
|move|p1a: Iron Treads|Earthquake|p2a: Electivire
|-supereffective|p2a: Electivire
|-damage|p2a: Electivire|0 fnt
|faint|p2a: Electivire
|
|-heal|p1a: Iron Treads|8/100|[from] item: Leftovers
|upkeep
|
|t:|1779875332
|switch|p2a: Vileplume|Vileplume, F|100/100
|turn|15
|inactive|fa_e_ij_oe_a has 90 seconds left.
|
|t:|1779875346
|move|p1a: Iron Treads|Earthquake|p2a: Vileplume
|-damage|p2a: Vileplume|64/100
|move|p2a: Vileplume|Giga Drain|p1a: Iron Treads
|-damage|p1a: Iron Treads|0 fnt
|-heal|p2a: Vileplume|69/100|[from] drain|[of] p1a: Iron Treads
|faint|p1a: Iron Treads
|-end|p1a: Iron Treads|Quark Drive|[silent]
|
|-heal|p2a: Vileplume|75/100|[from] item: Leftovers
|upkeep
|
|t:|1779875356
|switch|p1a: Enamorus|Enamorus, F|100/100
|turn|16
|
|t:|1779875362
|move|p1a: Enamorus|Mystical Fire|p2a: Vileplume
|-supereffective|p2a: Vileplume
|-damage|p2a: Vileplume|19/100
|-unboost|p2a: Vileplume|spa|1
|move|p2a: Vileplume|Sludge Bomb|p1a: Enamorus
|-supereffective|p1a: Enamorus
|-damage|p1a: Enamorus|34/100
|
|-heal|p2a: Vileplume|25/100|[from] item: Leftovers
|upkeep
|turn|17
|
|t:|1779875372
|switch|p2a: Charizard|Charizard, M|100/100
|move|p1a: Enamorus|Mystical Fire|p2a: Charizard
|-resisted|p2a: Charizard
|-damage|p2a: Charizard|82/100
|-unboost|p2a: Charizard|spa|1
|
|upkeep
|turn|18
|-activate|p2a: Charizard|item: Quick Claw
|
|t:|1779875380
|switch|p1a: Slowking|Slowking, M, tera:Steel|66/100
|move|p2a: Charizard|Air Slash|p1a: Slowking
|-resisted|p1a: Slowking
|-damage|p1a: Slowking|60/100
|
|upkeep
|turn|19
|-activate|p2a: Charizard|item: Quick Claw
|
|t:|1779875395
|switch|p1a: Meowscarada|Meowscarada, F|1/100 psn
|move|p2a: Charizard|Fire Blast|p1a: Meowscarada|[miss]
|-miss|p2a: Charizard|p1a: Meowscarada
|
|-damage|p1a: Meowscarada|0 fnt|[from] psn
|faint|p1a: Meowscarada
|upkeep
|
|t:|1779875404
|switch|p1a: Slowking|Slowking, M, tera:Steel|93/100
|turn|20
|
|t:|1779875408
|move|p2a: Charizard|Fire Blast|p1a: Slowking|[miss]
|-miss|p2a: Charizard|p1a: Slowking
|move|p1a: Slowking|Scald|p2a: Charizard
|-supereffective|p2a: Charizard
|-damage|p2a: Charizard|7/100
|
|upkeep
|turn|21
|
|t:|1779875415
|move|p2a: Charizard|Fire Blast|p1a: Slowking
|-supereffective|p1a: Slowking
|-damage|p1a: Slowking|47/100
|move|p1a: Slowking|Scald|p2a: Charizard
|-supereffective|p2a: Charizard
|-damage|p2a: Charizard|0 fnt
|faint|p2a: Charizard
|
|upkeep
|
|t:|1779875425
|switch|p2a: Blastoise|Blastoise, M|100/100
|turn|22
|inactive|fa_e_ij_oe_a has 120 seconds left.
|
|t:|1779875446
|move|p2a: Blastoise|Shell Smash|p2a: Blastoise
|-unboost|p2a: Blastoise|def|1
|-unboost|p2a: Blastoise|spd|1
|-boost|p2a: Blastoise|atk|2
|-boost|p2a: Blastoise|spa|2
|-boost|p2a: Blastoise|spe|2
|-enditem|p2a: Blastoise|White Herb
|-clearnegativeboost|p2a: Blastoise|[silent]
|move|p1a: Slowking|Future Sight|p2a: Blastoise
|-start|p1a: Slowking|move: Future Sight
|
|upkeep
|turn|23
|
|t:|1779875464
|move|p2a: Blastoise|Surf|p1a: Slowking
|-damage|p1a: Slowking|22/100
|move|p1a: Slowking|Psyshock|p2a: Blastoise
|-damage|p2a: Blastoise|73/100
|
|upkeep
|turn|24
|
|t:|1779875470
|move|p2a: Blastoise|Earthquake|p1a: Slowking
|-supereffective|p1a: Slowking
|-damage|p1a: Slowking|0 fnt
|faint|p1a: Slowking
|
|-end|p2a: Blastoise|move: Future Sight
|-damage|p2a: Blastoise|35/100
|upkeep
|
|t:|1779875481
|switch|p1a: Enamorus|Enamorus, F|34/100
|turn|25
|
|t:|1779875490
|move|p1a: Enamorus|Moonblast|p2a: Blastoise
|-crit|p2a: Blastoise
|-damage|p2a: Blastoise|0 fnt
|faint|p2a: Blastoise
|
|upkeep
|-message|me destroy you 15 forfeited.
|
|win|fa_e_ij_oe_a
|raw|fa_e_ij_oe_a's rating: 1064 &rarr; <strong>1095</strong><br />(+31 for winning)
|raw|me destroy you 15's rating: 1070 &rarr; <strong>1049</strong><br />(-21 for losing)
|l|‽me destroy you 15
|player|p2|
