|j|☆Zamukerz
|j|☆pineapplefred2
|t:|1779850320
|gametype|singles
|player|p1|Zamukerz|lance|1324
|player|p2|pineapplefred2|red|1349
|gen|9
|tier|[Gen 9] OU
|rated|
|rule|HP Percentage Mod: HP is shown in percentages
|rule|Endless Battle Clause: Forcing endless battles is banned
|rule|Species Clause: Limit one of each Pokémon
|rule|OHKO Clause: OHKO moves are banned
|rule|Evasion Items Clause: Evasion items are banned
|rule|Evasion Moves Clause: Evasion moves are banned
|rule|Evasion Abilities Clause: Evasion abilities are banned
|rule|Sleep Moves Clause: Sleep-inducing moves are banned
|clearpoke
|poke|p1|Dragonite, M|
|poke|p1|Gholdengo|
|poke|p1|Great Tusk|
|poke|p1|Iron Valiant|
|poke|p1|Heatran, F|
|poke|p1|Ogerpon-Wellspring, F|
|poke|p2|Kyurem|
|poke|p2|Slowking-Galar, F|
|poke|p2|Dragapult, M|
|poke|p2|Kingambit, M|
|poke|p2|Great Tusk|
|poke|p2|Moltres|
|teampreview
|inactive|Battle timer is ON: inactive players will automatically lose when time's up. (requested by pineapplefred2)
|
|t:|1779850345
|teamsize|p1|6
|teamsize|p2|6
|start
|switch|p1a: Gholdengo|Gholdengo|100/100
|switch|p2a: Kyurem|Kyurem|100/100
|-ability|p2a: Kyurem|Pressure
|turn|1
|
|t:|1779850366
|switch|p1a: Heatran|Heatran, F|100/100
|-item|p1a: Heatran|Air Balloon
|-terastallize|p2a: Kyurem|Ground
|move|p2a: Kyurem|Earth Power|p1a: Heatran
|-immune|p1a: Heatran
|
|upkeep
|turn|2
|
|t:|1779850375
|switch|p2a: Moltres|Moltres|100/100
|move|p1a: Heatran|Stealth Rock|p2a: Moltres
|-sidestart|p2: pineapplefred2|move: Stealth Rock
|
|upkeep
|turn|3
|
|t:|1779850383
|move|p2a: Moltres|U-turn|p1a: Heatran
|-resisted|p1a: Heatran
|-damage|p1a: Heatran|97/100
|-enditem|p1a: Heatran|Air Balloon
|
|t:|1779850385
|switch|p2a: Great Tusk|Great Tusk|100/100|[from] U-turn
|-damage|p2a: Great Tusk|98/100|[from] Stealth Rock
|move|p1a: Heatran|Lava Plume|p2a: Great Tusk
|-damage|p2a: Great Tusk|50/100
|-status|p2a: Great Tusk|brn
|
|-heal|p2a: Great Tusk|56/100 brn|[from] item: Leftovers
|-damage|p2a: Great Tusk|50/100 brn|[from] brn
|upkeep
|turn|4
|
|t:|1779850389
|move|p2a: Great Tusk|Rapid Spin|p1a: Heatran
|-resisted|p1a: Heatran
|-damage|p1a: Heatran|93/100
|-boost|p2a: Great Tusk|spe|1
|-sideend|p2: pineapplefred2|Stealth Rock|[from] move: Rapid Spin|[of] p2a: Great Tusk
|move|p1a: Heatran|Lava Plume|p2a: Great Tusk
|-damage|p2a: Great Tusk|8/100 brn
|
|-heal|p2a: Great Tusk|14/100 brn|[from] item: Leftovers
|-damage|p2a: Great Tusk|8/100 brn|[from] brn
|upkeep
|turn|5
|
|t:|1779850393
|move|p2a: Great Tusk|Headlong Rush|p1a: Heatran
|-supereffective|p1a: Heatran
|-damage|p1a: Heatran|0 fnt
|-unboost|p2a: Great Tusk|def|1
|-unboost|p2a: Great Tusk|spd|1
|faint|p1a: Heatran
|
|-heal|p2a: Great Tusk|14/100 brn|[from] item: Leftovers
|-damage|p2a: Great Tusk|8/100 brn|[from] brn
|upkeep
|
|t:|1779850399
|switch|p1a: Ogerpon|Ogerpon-Wellspring, F|100/100
|turn|6
|
|t:|1779850408
|move|p2a: Great Tusk|Stealth Rock|p1a: Ogerpon
|-sidestart|p1: Zamukerz|move: Stealth Rock
|move|p1a: Ogerpon|U-turn|p2a: Great Tusk
|-resisted|p2a: Great Tusk
|-crit|p2a: Great Tusk
|-damage|p2a: Great Tusk|0 fnt
|faint|p2a: Great Tusk
|-end|p2a: Great Tusk|Protosynthesis|[silent]
|
|t:|1779850411
|switch|p1a: Great Tusk|Great Tusk|100/100|[from] U-turn
|-damage|p1a: Great Tusk|98/100|[from] Stealth Rock
|
|-heal|p1a: Great Tusk|100/100|[from] item: Leftovers
|upkeep
|
|t:|1779850418
|switch|p2a: Dragapult|Dragapult, M|100/100
|turn|7
|
|t:|1779850421
|move|p2a: Dragapult|Will-O-Wisp|p1a: Great Tusk
|-status|p1a: Great Tusk|brn
|move|p1a: Great Tusk|Knock Off|p2a: Dragapult
|-supereffective|p2a: Dragapult
|-damage|p2a: Dragapult|55/100
|-enditem|p2a: Dragapult|Heavy-Duty Boots|[from] move: Knock Off|[of] p1a: Great Tusk
|
|-damage|p1a: Great Tusk|94/100 brn|[from] brn
|upkeep
|turn|8
|
|t:|1779850430
|-end|p1a: Great Tusk|Protosynthesis|[silent]
|switch|p1a: Gholdengo|Gholdengo|100/100
|-damage|p1a: Gholdengo|94/100|[from] Stealth Rock
|move|p2a: Dragapult|Hex|p1a: Gholdengo
|-supereffective|p1a: Gholdengo
|-damage|p1a: Gholdengo|30/100
|
|upkeep
|turn|9
|
|t:|1779850439
|switch|p2a: Kingambit|Kingambit, M|100/100
|-activate|p2a: Kingambit|ability: Supreme Overlord
|-start|p2a: Kingambit|fallen1|[silent]
|move|p1a: Gholdengo|Shadow Ball|p2a: Kingambit
|-resisted|p2a: Kingambit
|-damage|p2a: Kingambit|78/100
|
|-heal|p2a: Kingambit|85/100|[from] item: Leftovers
|upkeep
|turn|10
|
|t:|1779850446
|switch|p1a: Iron Valiant|Iron Valiant|100/100
|-damage|p1a: Iron Valiant|94/100|[from] Stealth Rock
|-enditem|p1a: Iron Valiant|Booster Energy
|-activate|p1a: Iron Valiant|ability: Quark Drive|[fromitem]
|-start|p1a: Iron Valiant|quarkdrivespe
|move|p2a: Kingambit|Iron Head|p1a: Iron Valiant
|-supereffective|p1a: Iron Valiant
|-damage|p1a: Iron Valiant|0 fnt
|faint|p1a: Iron Valiant
|-end|p1a: Iron Valiant|Quark Drive|[silent]
|
|-heal|p2a: Kingambit|91/100|[from] item: Leftovers
|upkeep
|
|t:|1779850450
|switch|p1a: Great Tusk|Great Tusk|94/100 brn
|-damage|p1a: Great Tusk|91/100 brn|[from] Stealth Rock
|turn|11
|
|t:|1779850462
|move|p1a: Great Tusk|Knock Off|p2a: Kingambit
|-resisted|p2a: Kingambit
|-damage|p2a: Kingambit|84/100
|-enditem|p2a: Kingambit|Leftovers|[from] move: Knock Off|[of] p1a: Great Tusk
|move|p2a: Kingambit|Iron Head|p1a: Great Tusk
|-damage|p1a: Great Tusk|55/100 brn
|
|-heal|p1a: Great Tusk|61/100 brn|[from] item: Leftovers
|-damage|p1a: Great Tusk|55/100 brn|[from] brn
|upkeep
|turn|12
|
|t:|1779850472
|move|p1a: Great Tusk|Rapid Spin|p2a: Kingambit
|-resisted|p2a: Kingambit
|-damage|p2a: Kingambit|81/100
|-boost|p1a: Great Tusk|spe|1
|-sideend|p1: Zamukerz|Stealth Rock|[from] move: Rapid Spin|[of] p1a: Great Tusk
|move|p2a: Kingambit|Iron Head|p1a: Great Tusk
|-damage|p1a: Great Tusk|19/100 brn
|
|-heal|p1a: Great Tusk|25/100 brn|[from] item: Leftovers
|-damage|p1a: Great Tusk|19/100 brn|[from] brn
|upkeep
|turn|13
|
|t:|1779850487
|move|p2a: Kingambit|Sucker Punch|p1a: Great Tusk
|-resisted|p1a: Great Tusk
|-damage|p1a: Great Tusk|3/100 brn
|move|p1a: Great Tusk|Close Combat|p2a: Kingambit
|-supereffective|p2a: Kingambit
|-damage|p2a: Kingambit|0 fnt
|-unboost|p1a: Great Tusk|def|1
|-unboost|p1a: Great Tusk|spd|1
|faint|p2a: Kingambit
|-end|p2a: Kingambit|fallen1|[silent]
|
|-heal|p1a: Great Tusk|9/100 brn|[from] item: Leftovers
|-damage|p1a: Great Tusk|3/100 brn|[from] brn
|upkeep
|
|t:|1779850505
|switch|p2a: Dragapult|Dragapult, M|55/100
|turn|14
|
|t:|1779850512
|move|p1a: Great Tusk|Headlong Rush|p2a: Dragapult
|-damage|p2a: Dragapult|10/100
|-unboost|p1a: Great Tusk|def|1
|-unboost|p1a: Great Tusk|spd|1
|move|p2a: Dragapult|U-turn|p1a: Great Tusk
|-resisted|p1a: Great Tusk
|-damage|p1a: Great Tusk|0 fnt
|faint|p1a: Great Tusk
|-end|p1a: Great Tusk|Protosynthesis|[silent]
|
|t:|1779850520
|switch|p2a: Kyurem|Kyurem, tera:Ground|100/100|[from] U-turn
|-ability|p2a: Kyurem|Pressure
|
|upkeep
|
|t:|1779850524
|switch|p1a: Ogerpon|Ogerpon-Wellspring, F|100/100
|turn|15
|
|t:|1779850531
|move|p2a: Kyurem|Freeze-Dry|p1a: Ogerpon
|-supereffective|p1a: Ogerpon
|-damage|p1a: Ogerpon|0 fnt
|faint|p1a: Ogerpon
|
|upkeep
|
|t:|1779850546
|switch|p1a: Gholdengo|Gholdengo|30/100
|turn|16
|
|t:|1779850557
|switch|p2a: Moltres|Moltres|100/100
|move|p1a: Gholdengo|Make It Rain|p2a: Moltres
|-resisted|p2a: Moltres
|-damage|p2a: Moltres|71/100
|-unboost|p1a: Gholdengo|spa|1
|
|upkeep
|turn|17
|
|t:|1779850561
|move|p1a: Gholdengo|Make It Rain|p2a: Moltres
|-resisted|p2a: Moltres
|-damage|p2a: Moltres|51/100
|-unboost|p1a: Gholdengo|spa|1
|move|p2a: Moltres|Flamethrower|p1a: Gholdengo
|-supereffective|p1a: Gholdengo
|-damage|p1a: Gholdengo|0 fnt
|faint|p1a: Gholdengo
|
|upkeep
|
|t:|1779850563
|switch|p1a: Alduin|Dragonite, M|100/100
|turn|18
|
|t:|1779850567
|-terastallize|p1a: Alduin|Fire
|move|p1a: Alduin|Dragon Dance|p1a: Alduin
|-boost|p1a: Alduin|atk|1
|-boost|p1a: Alduin|spe|1
|move|p2a: Moltres|Will-O-Wisp|p1a: Alduin
|-immune|p1a: Alduin
|
|upkeep
|turn|19
|
|t:|1779850574
|switch|p2a: Kyurem|Kyurem, tera:Ground|100/100
|-ability|p2a: Kyurem|Pressure
|move|p1a: Alduin|Dragon Dance|p1a: Alduin
|-boost|p1a: Alduin|atk|1
|-boost|p1a: Alduin|spe|1
|
|upkeep
|turn|20
|
|t:|1779850581
|move|p1a: Alduin|Fire Punch|p2a: Kyurem
|-damage|p2a: Kyurem|11/100
|move|p2a: Kyurem|Earth Power|p1a: Alduin
|-supereffective|p1a: Alduin
|-damage|p1a: Alduin|45/100
|
|-heal|p1a: Alduin|51/100|[from] item: Leftovers
|upkeep
|turn|21
|
|t:|1779850588
|move|p1a: Alduin|Extreme Speed|p2a: Kyurem
|-damage|p2a: Kyurem|0 fnt
|faint|p2a: Kyurem
|
|-heal|p1a: Alduin|57/100|[from] item: Leftovers
|upkeep
|
|t:|1779850593
|switch|p2a: Slowking|Slowking-Galar, F|100/100
|turn|22
|
|t:|1779850599
|move|p1a: Alduin|Fire Punch|p2a: Slowking
|-damage|p2a: Slowking|17/100
|move|p2a: Slowking|Future Sight|p1a: Alduin
|-start|p2a: Slowking|move: Future Sight
|
|-heal|p1a: Alduin|63/100|[from] item: Leftovers
|upkeep
|turn|23
|
|t:|1779850603
|switch|p2a: Moltres|Moltres|51/100
|move|p1a: Alduin|Fire Punch|p2a: Moltres
|-resisted|p2a: Moltres
|-damage|p2a: Moltres|19/100
|
|-heal|p1a: Alduin|70/100|[from] item: Leftovers
|upkeep
|turn|24
|
|t:|1779850607
|move|p1a: Alduin|Extreme Speed|p2a: Moltres
|-damage|p2a: Moltres|0 fnt
|faint|p2a: Moltres
|
|-end|p1a: Alduin|move: Future Sight
|-damage|p1a: Alduin|25/100
|-heal|p1a: Alduin|31/100|[from] item: Leftovers
|upkeep
|
|t:|1779850610
|switch|p2a: Slowking|Slowking-Galar, F|50/100
|turn|25
|
|t:|1779850614
|move|p1a: Alduin|Fire Punch|p2a: Slowking
|-damage|p2a: Slowking|0 fnt
|faint|p2a: Slowking
|
|-heal|p1a: Alduin|37/100|[from] item: Leftovers
|upkeep
|
|t:|1779850617
|switch|p2a: Dragapult|Dragapult, M|10/100
|turn|26
|
|t:|1779850620
|move|p1a: Alduin|Fire Punch|p2a: Dragapult
|-resisted|p2a: Dragapult
|-damage|p2a: Dragapult|0 fnt
|faint|p2a: Dragapult
|
|win|Zamukerz
|raw|Zamukerz's rating: 1324 &rarr; <strong>1345</strong><br />(+21 for winning)
|raw|pineapplefred2's rating: 1349 &rarr; <strong>1328</strong><br />(-21 for losing)
|l|☆pineapplefred2
|player|p2|
|j| ClipperTime
|l|☆Zamukerz
|player|p1|
|c| ClipperTime|now that was legendary
