|j|☆ydyjyrdy
|j|☆clouddaearth
|t:|1779888571
|gametype|singles
|player|p1|ydyjyrdy|hilbert|1419
|player|p2|clouddaearth|101|1391
|gen|9
|tier|[Gen 9] OU
|rated|
|rule|HP Percentage Mod: HP is shown in percentages
|rule|Endless Battle Clause: Forcing endless battles is banned
|rule|Species Clause: Limit one of each Pokémon
|rule|OHKO Clause: OHKO moves are banned
|rule|Evasion Items Clause: Evasion items are banned
|rule|Evasion Moves Clause: Evasion moves are banned
|rule|Evasion Abilities Clause: Evasion abilities are banned
|rule|Sleep Moves Clause: Sleep-inducing moves are banned
|clearpoke
|poke|p1|Pelipper, F|
|poke|p1|Kilowattrel, M|
|poke|p1|Basculegion, M|
|poke|p1|Iron Treads|
|poke|p1|Raging Bolt|
|poke|p1|Kingambit, F|
|poke|p2|Hippowdon, M|
|poke|p2|Houndstone, M|
|poke|p2|Tentacruel, F|
|poke|p2|Vikavolt, F|
|poke|p2|Clefable, F|
|poke|p2|Tauros-Paldea-Blaze, M|
|teampreview
|
|t:|1779888594
|teamsize|p1|6
|teamsize|p2|6
|start
|switch|p1a: Pelipper|Pelipper, F|100/100
|switch|p2a: Vikavolt|Vikavolt, F|100/100
|-weather|RainDance|[from] ability: Drizzle|[of] p1a: Pelipper
|turn|1
|
|t:|1779888600
|switch|p1a: Kilowattrel|Kilowattrel, M|100/100
|move|p2a: Vikavolt|Sticky Web|p1a: Kilowattrel
|-sidestart|p1: ydyjyrdy|move: Sticky Web
|
|-weather|RainDance|[upkeep]
|upkeep
|turn|2
|
|t:|1779888607
|switch|p2a: Clefable|Clefable, F|100/100
|move|p1a: Kilowattrel|Hurricane|p2a: Clefable
|-damage|p2a: Clefable|32/100
|
|-weather|RainDance|[upkeep]
|-heal|p2a: Clefable|39/100|[from] item: Leftovers
|upkeep
|turn|3
|
|t:|1779888618
|switch|p2a: Hippowdon|Hippowdon, M|100/100
|-weather|Sandstorm|[from] ability: Sand Stream|[of] p2a: Hippowdon
|move|p1a: Kilowattrel|Hurricane|p2a: Hippowdon
|-damage|p2a: Hippowdon|24/100
|
|-weather|Sandstorm|[upkeep]
|-damage|p1a: Kilowattrel|94/100|[from] Sandstorm
|upkeep
|turn|4
|
|t:|1779888623
|move|p1a: Kilowattrel|Hurricane|p2a: Hippowdon
|-damage|p2a: Hippowdon|0 fnt
|faint|p2a: Hippowdon
|
|-weather|Sandstorm|[upkeep]
|-damage|p1a: Kilowattrel|88/100|[from] Sandstorm
|upkeep
|
|t:|1779888627
|switch|p2a: Houndstone|Houndstone, M|100/100
|turn|5
|
|t:|1779888632
|-terastallize|p2a: Houndstone|Ghost
|move|p2a: Houndstone|Poltergeist|p1a: Kilowattrel
|-activate|p1a: Kilowattrel|move: Poltergeist|Choice Specs
|-damage|p1a: Kilowattrel|0 fnt
|faint|p1a: Kilowattrel
|-damage|p2a: Houndstone|91/100|[from] item: Life Orb
|
|-weather|Sandstorm|[upkeep]
|upkeep
|
|t:|1779888642
|switch|p1a: Pelipper|Pelipper, F|100/100
|-weather|RainDance|[from] ability: Drizzle|[of] p1a: Pelipper
|turn|6
|
|t:|1779888648
|move|p2a: Houndstone|Poltergeist|p1a: Pelipper
|-activate|p1a: Pelipper|move: Poltergeist|Damp Rock
|-damage|p1a: Pelipper|28/100
|-damage|p2a: Houndstone|81/100|[from] item: Life Orb
|move|p1a: Pelipper|U-turn|p2a: Houndstone
|-resisted|p2a: Houndstone
|-damage|p2a: Houndstone|76/100
|
|t:|1779888661
|switch|p1a: Kingambit|Kingambit, F|100/100|[from] U-turn
|-activate|p1a: Kingambit|move: Sticky Web
|-unboost|p1a: Kingambit|spe|1
|-activate|p1a: Kingambit|ability: Supreme Overlord
|-start|p1a: Kingambit|fallen1|[silent]
|
|-weather|RainDance|[upkeep]
|upkeep
|turn|7
|
|t:|1779888684
|move|p2a: Houndstone|Will-O-Wisp|p1a: Kingambit
|-status|p1a: Kingambit|brn
|move|p1a: Kingambit|Kowtow Cleave|p2a: Houndstone
|-supereffective|p2a: Houndstone
|-damage|p2a: Houndstone|0 fnt
|faint|p2a: Houndstone
|
|-weather|RainDance|[upkeep]
|-damage|p1a: Kingambit|94/100 brn|[from] brn
|upkeep
|
|t:|1779888690
|switch|p2a: Tauros|Tauros-Paldea-Blaze, M|100/100
|-ability|p2a: Tauros|Intimidate|boost
|-unboost|p1a: Kingambit|atk|1
|turn|8
|
|t:|1779888703
|-end|p1a: Kingambit|fallen1|[silent]
|switch|p1a: Basculegion|Basculegion, M|100/100
|-activate|p1a: Basculegion|move: Sticky Web
|-unboost|p1a: Basculegion|spe|1
|move|p2a: Tauros|Wild Charge|p1a: Basculegion
|-supereffective|p1a: Basculegion
|-damage|p1a: Basculegion|35/100
|-damage|p2a: Tauros|79/100|[from] Recoil
|
|-weather|RainDance|[upkeep]
|upkeep
|turn|9
|
|t:|1779888719
|switch|p2a: Clefable|Clefable, F|39/100
|move|p1a: Basculegion|Wave Crash|p2a: Clefable
|-damage|p2a: Clefable|0 fnt
|faint|p2a: Clefable
|-damage|p1a: Basculegion|22/100|[from] Recoil
|
|-weather|RainDance|[upkeep]
|upkeep
|
|t:|1779888730
|switch|p2a: Vikavolt|Vikavolt, F|100/100
|turn|10
|
|t:|1779888733
|move|p1a: Basculegion|Wave Crash|p2a: Vikavolt
|-damage|p2a: Vikavolt|0 fnt
|faint|p2a: Vikavolt
|-damage|p1a: Basculegion|0 fnt|[from] Recoil
|faint|p1a: Basculegion
|
|-weather|RainDance|[upkeep]
|upkeep
|
|t:|1779888744
|switch|p1a: Iron Treads|Iron Treads, shiny|100/100
|switch|p2a: Tauros|Tauros-Paldea-Blaze, M|79/100
|-ability|p2a: Tauros|Intimidate|boost
|-unboost|p1a: Iron Treads|atk|1
|-activate|p1a: Iron Treads|move: Sticky Web
|-unboost|p1a: Iron Treads|spe|1
|-enditem|p1a: Iron Treads|Booster Energy
|-activate|p1a: Iron Treads|ability: Quark Drive|[fromitem]
|-start|p1a: Iron Treads|quarkdrivedef
|turn|11
|
|t:|1779888753
|move|p2a: Tauros|Close Combat|p1a: Iron Treads
|-supereffective|p1a: Iron Treads
|-damage|p1a: Iron Treads|18/100
|-unboost|p2a: Tauros|def|1
|-unboost|p2a: Tauros|spd|1
|move|p1a: Iron Treads|Rapid Spin|p2a: Tauros
|-damage|p2a: Tauros|62/100
|-boost|p1a: Iron Treads|spe|1
|-sideend|p1: ydyjyrdy|Sticky Web|[from] move: Rapid Spin|[of] p1a: Iron Treads
|
|-weather|RainDance|[upkeep]
|upkeep
|turn|12
|
|t:|1779888762
|move|p2a: Tauros|Close Combat|p1a: Iron Treads
|-supereffective|p1a: Iron Treads
|-damage|p1a: Iron Treads|0 fnt
|-unboost|p2a: Tauros|def|1
|-unboost|p2a: Tauros|spd|1
|faint|p1a: Iron Treads
|-end|p1a: Iron Treads|Quark Drive|[silent]
|
|-weather|RainDance|[upkeep]
|upkeep
|
|t:|1779888769
|switch|p1a: Raging Bolt|Raging Bolt|100/100
|-enditem|p1a: Raging Bolt|Booster Energy
|-activate|p1a: Raging Bolt|ability: Protosynthesis|[fromitem]
|-start|p1a: Raging Bolt|protosynthesisspa
|turn|13
|
|t:|1779888773
|switch|p2a: Tentacruel|Tentacruel, F|100/100
|-terastallize|p1a: Raging Bolt|Fairy
|move|p1a: Raging Bolt|Thunderbolt|p2a: Tentacruel
|-supereffective|p2a: Tentacruel
|-damage|p2a: Tentacruel|0 fnt
|faint|p2a: Tentacruel
|
|-weather|none
|upkeep
|
|t:|1779888784
|switch|p2a: Tauros|Tauros-Paldea-Blaze, M|62/100
|-ability|p2a: Tauros|Intimidate|boost
|-unboost|p1a: Raging Bolt|atk|1
|turn|14
|-message|clouddaearth forfeited.
|
|win|ydyjyrdy
|raw|ydyjyrdy's rating: 1419 &rarr; <strong>1437</strong><br />(+18 for winning)
|raw|clouddaearth's rating: 1391 &rarr; <strong>1373</strong><br />(-18 for losing)
|l|☆clouddaearth
|player|p2|
|l|☆ydyjyrdy
|player|p1|
