|j|☆s1lknoose
|j|☆znrigvdh
|t:|1779808293
|gametype|singles
|player|p1|s1lknoose|gardenia-masters|1124
|player|p2|znrigvdh|169|1081
|gen|9
|tier|[Gen 9] OU
|rated|
|rule|HP Percentage Mod: HP is shown in percentages
|rule|Endless Battle Clause: Forcing endless battles is banned
|rule|Species Clause: Limit one of each Pokémon
|rule|OHKO Clause: OHKO moves are banned
|rule|Evasion Items Clause: Evasion items are banned
|rule|Evasion Moves Clause: Evasion moves are banned
|rule|Evasion Abilities Clause: Evasion abilities are banned
|rule|Sleep Moves Clause: Sleep-inducing moves are banned
|clearpoke
|poke|p1|Froslass, F|
|poke|p1|Golem-Alola, M|
|poke|p1|Iron Valiant|
|poke|p1|Metagross|
|poke|p1|Forretress, F|
|poke|p1|Kingambit, M|
|poke|p2|Ursaluna, F|
|poke|p2|Slowking-Galar, M|
|poke|p2|Hatterene, F|
|poke|p2|Gholdengo|
|poke|p2|Glimmora, F|
|poke|p2|Tyranitar, F|
|teampreview
|inactive|Battle timer is ON: inactive players will automatically lose when time's up. (requested by s1lknoose)
|
|t:|1779808306
|teamsize|p1|6
|teamsize|p2|6
|start
|switch|p1a: Froslass|Froslass, F|100/100
|switch|p2a: Glimmora|Glimmora, F|100/100
|turn|1
|
|t:|1779808313
|move|p1a: Froslass|Taunt|p2a: Glimmora
|-start|p2a: Glimmora|move: Taunt
|move|p2a: Glimmora|Meteor Beam||[still]
|-prepare|p2a: Glimmora|Meteor Beam
|-boost|p2a: Glimmora|spa|1
|-enditem|p2a: Glimmora|Power Herb
|-anim|p2a: Glimmora|Meteor Beam|p1a: Froslass
|-supereffective|p1a: Froslass
|-enditem|p1a: Froslass|Focus Sash
|-damage|p1a: Froslass|1/100
|-start|p2a: Glimmora|Disable|Meteor Beam|[from] ability: Cursed Body|[of] p1a: Froslass
|
|upkeep
|turn|2
|
|t:|1779808337
|move|p1a: Froslass|Destiny Bond|p1a: Froslass
|-singlemove|p1a: Froslass|Destiny Bond
|move|p2a: Glimmora|Sludge Wave|p1a: Froslass
|-resisted|p1a: Froslass
|-damage|p1a: Froslass|0 fnt
|faint|p1a: Froslass
|-activate|p1a: Froslass|move: Destiny Bond
|faint|p2a: Glimmora
|
|upkeep
|
|t:|1779808346
|switch|p1a: Forretress|Forretress, F|100/100
|switch|p2a: Tyranitar|Tyranitar, F|100/100
|-weather|Sandstorm|[from] ability: Sand Stream|[of] p2a: Tyranitar
|turn|3
|
|t:|1779808350
|move|p2a: Tyranitar|Knock Off|p1a: Forretress
|-damage|p1a: Forretress|40/100
|-enditem|p1a: Forretress|Custap Berry|[from] move: Knock Off|[of] p2a: Tyranitar
|move|p1a: Forretress|Stealth Rock|p2a: Tyranitar
|-sidestart|p2: znrigvdh|move: Stealth Rock
|
|-weather|Sandstorm|[upkeep]
|upkeep
|turn|4
|
|t:|1779808358
|move|p2a: Tyranitar|Stone Edge|p1a: Forretress
|-damage|p1a: Forretress|0 fnt
|faint|p1a: Forretress
|
|-weather|Sandstorm|[upkeep]
|upkeep
|
|t:|1779808373
|switch|p1a: Iron Valiant|Iron Valiant|100/100
|-enditem|p1a: Iron Valiant|Booster Energy
|-activate|p1a: Iron Valiant|ability: Quark Drive|[fromitem]
|-start|p1a: Iron Valiant|quarkdrivespe
|turn|5
|
|t:|1779808387
|switch|p2a: Slowking|Slowking-Galar, M|100/100
|-damage|p2a: Slowking|88/100|[from] Stealth Rock
|move|p1a: Iron Valiant|Close Combat|p2a: Slowking
|-resisted|p2a: Slowking
|-damage|p2a: Slowking|74/100
|-unboost|p1a: Iron Valiant|def|1
|-unboost|p1a: Iron Valiant|spd|1
|-damage|p1a: Iron Valiant|84/100|[from] item: Rocky Helmet|[of] p2a: Slowking
|
|-weather|Sandstorm|[upkeep]
|-damage|p1a: Iron Valiant|78/100|[from] Sandstorm
|-damage|p2a: Slowking|68/100|[from] Sandstorm
|upkeep
|turn|6
|
|t:|1779808397
|move|p1a: Iron Valiant|Destiny Bond|p1a: Iron Valiant
|-singlemove|p1a: Iron Valiant|Destiny Bond
|move|p2a: Slowking|Thunder Wave|p1a: Iron Valiant|[miss]
|-miss|p2a: Slowking|p1a: Iron Valiant
|
|-weather|Sandstorm|[upkeep]
|-damage|p1a: Iron Valiant|71/100|[from] Sandstorm
|-damage|p2a: Slowking|61/100|[from] Sandstorm
|upkeep
|turn|7
|
|t:|1779808405
|move|p1a: Iron Valiant|Psychic|p2a: Slowking
|-damage|p2a: Slowking|37/100
|move|p2a: Slowking|Psyshock|p1a: Iron Valiant
|-supereffective|p1a: Iron Valiant
|-damage|p1a: Iron Valiant|0 fnt
|faint|p1a: Iron Valiant
|-end|p1a: Iron Valiant|Quark Drive|[silent]
|
|-weather|none
|upkeep
|
|t:|1779808412
|switch|p1a: Metagross|Metagross|100/100
|turn|8
|
|t:|1779808418
|move|p1a: Metagross|Earthquake|p2a: Slowking
|-supereffective|p2a: Slowking
|-damage|p2a: Slowking|0 fnt
|faint|p2a: Slowking
|
|upkeep
|
|t:|1779808422
|switch|p2a: Tyranitar|Tyranitar, F|100/100
|-damage|p2a: Tyranitar|88/100|[from] Stealth Rock
|-weather|Sandstorm|[from] ability: Sand Stream|[of] p2a: Tyranitar
|turn|9
|
|t:|1779808425
|move|p1a: Metagross|Earthquake|p2a: Tyranitar
|-supereffective|p2a: Tyranitar
|-damage|p2a: Tyranitar|0 fnt
|faint|p2a: Tyranitar
|
|-weather|Sandstorm|[upkeep]
|upkeep
|
|t:|1779808434
|switch|p2a: Gholdengo|Gholdengo|100/100
|-damage|p2a: Gholdengo|94/100|[from] Stealth Rock
|-item|p2a: Gholdengo|Air Balloon
|turn|10
|
|t:|1779808439
|switch|p1a: Golem|Golem-Alola, M|100/100
|move|p2a: Gholdengo|Thunder Wave|p1a: Golem
|-immune|p1a: Golem
|
|-weather|Sandstorm|[upkeep]
|upkeep
|turn|11
|
|t:|1779808449
|-terastallize|p2a: Gholdengo|Steel
|move|p2a: Gholdengo|Make It Rain|p1a: Golem
|-damage|p1a: Golem|5/100
|-unboost|p2a: Gholdengo|spa|1
|move|p1a: Golem|Rock Polish|p1a: Golem
|-boost|p1a: Golem|spe|2
|
|-weather|Sandstorm|[upkeep]
|upkeep
|turn|12
|
|t:|1779808475
|move|p1a: Golem|Explosion|p2a: Gholdengo
|-damage|p2a: Gholdengo|0 fnt
|-enditem|p2a: Gholdengo|Air Balloon
|faint|p1a: Golem
|faint|p2a: Gholdengo
|
|-weather|Sandstorm|[upkeep]
|upkeep
|
|t:|1779808483
|switch|p2a: Hatterene|Hatterene, F|100/100
|switch|p1a: Metagross|Metagross|100/100
|-damage|p2a: Hatterene|88/100|[from] Stealth Rock
|turn|13
|
|t:|1779808495
|move|p1a: Metagross|Heavy Slam|p2a: Hatterene
|-supereffective|p2a: Hatterene
|-damage|p2a: Hatterene|0 fnt
|faint|p2a: Hatterene
|
|-weather|none
|upkeep
|
|t:|1779808498
|switch|p2a: Ursaluna|Ursaluna, F|100/100
|-damage|p2a: Ursaluna|94/100|[from] Stealth Rock
|turn|14
|
|t:|1779808502
|move|p1a: Metagross|Heavy Slam|p2a: Ursaluna
|-damage|p2a: Ursaluna|70/100
|move|p2a: Ursaluna|Earthquake|p1a: Metagross
|-supereffective|p1a: Metagross
|-damage|p1a: Metagross|0 fnt
|faint|p1a: Metagross
|
|upkeep
|
|t:|1779808508
|switch|p1a: Kingambit|Kingambit, M|100/100
|-activate|p1a: Kingambit|ability: Supreme Overlord
|-start|p1a: Kingambit|fallen5|[silent]
|turn|15
|
|t:|1779808520
|move|p1a: Kingambit|Swords Dance|p1a: Kingambit
|-boost|p1a: Kingambit|atk|2
|move|p2a: Ursaluna|Rest|p2a: Ursaluna
|-status|p2a: Ursaluna|slp|[from] move: Rest
|-heal|p2a: Ursaluna|100/100 slp|[silent]
|
|upkeep
|turn|16
|
|t:|1779808528
|move|p1a: Kingambit|Kowtow Cleave|p2a: Ursaluna
|-damage|p2a: Ursaluna|0 fnt
|faint|p2a: Ursaluna
|
|win|s1lknoose
|raw|s1lknoose's rating: 1124 &rarr; <strong>1146</strong><br />(+22 for winning)
|raw|znrigvdh's rating: 1081 &rarr; <strong>1062</strong><br />(-19 for losing)
|l|☆znrigvdh
|player|p2|
|l|☆s1lknoose
|player|p1|
