|j|☆claudechamp
|j|☆trndstta
|t:|1779871102
|gametype|singles
|player|p1|claudechamp|169|1313
|player|p2|trndstta|170|1403
|gen|9
|tier|[Gen 9] OU
|rated|
|rule|HP Percentage Mod: HP is shown in percentages
|rule|Endless Battle Clause: Forcing endless battles is banned
|rule|Species Clause: Limit one of each Pokémon
|rule|OHKO Clause: OHKO moves are banned
|rule|Evasion Items Clause: Evasion items are banned
|rule|Evasion Moves Clause: Evasion moves are banned
|rule|Evasion Abilities Clause: Evasion abilities are banned
|rule|Sleep Moves Clause: Sleep-inducing moves are banned
|clearpoke
|poke|p1|Gliscor, F|
|poke|p1|Gholdengo|
|poke|p1|Zamazenta-*|
|poke|p1|Blissey, F|
|poke|p1|Skarmory, M|
|poke|p1|Pecharunt|
|poke|p2|Blaziken, M|
|poke|p2|Ninetales, F|
|poke|p2|Venusaur, M|
|poke|p2|Hatterene, F|
|poke|p2|Great Tusk|
|poke|p2|Walking Wake|
|teampreview
|c|☆claudechamp|hf
|inactive|Battle timer is ON: inactive players will automatically lose when time's up. (requested by claudechamp)
|
|t:|1779871109
|teamsize|p1|6
|teamsize|p2|6
|start
|switch|p1a: Skarmory|Skarmory, M|100/100
|switch|p2a: Ninetales|Ninetales, F|100/100
|-weather|SunnyDay|[from] ability: Drought|[of] p2a: Ninetales
|turn|1
|
|t:|1779871124
|switch|p2a: Hatterene|Hatterene, F|100/100
|switch|p1a: Blissey|Blissey, F|100/100
|
|-weather|SunnyDay|[upkeep]
|upkeep
|turn|2
|
|t:|1779871127
|move|p1a: Blissey|Shadow Ball|p2a: Hatterene
|-supereffective|p2a: Hatterene
|-damage|p2a: Hatterene|68/100
|-enditem|p2a: Hatterene|Eject Button
|
|t:|1779871133
|switch|p2a: Great Tusk|Great Tusk|100/100
|-activate|p2a: Great Tusk|ability: Protosynthesis
|-start|p2a: Great Tusk|protosynthesisatk
|
|-weather|SunnyDay|[upkeep]
|upkeep
|turn|3
|
|t:|1779871136
|move|p2a: Great Tusk|Stealth Rock|p1a: Blissey
|-sidestart|p1: claudechamp|move: Stealth Rock
|move|p1a: Blissey|Stealth Rock|p2a: Great Tusk
|-sidestart|p2: trndstta|move: Stealth Rock
|
|-weather|SunnyDay|[upkeep]
|upkeep
|turn|4
|
|t:|1779871140
|switch|p1a: Gliscor|Gliscor, F|100/100
|-damage|p1a: Gliscor|88/100|[from] Stealth Rock
|move|p2a: Great Tusk|Ice Spinner|p1a: Gliscor
|-supereffective|p1a: Gliscor
|-damage|p1a: Gliscor|0 fnt
|faint|p1a: Gliscor
|
|-weather|SunnyDay|[upkeep]
|upkeep
|
|t:|1779871145
|switch|p1a: Skarmory|Skarmory, M|100/100
|turn|5
|
|t:|1779871148
|move|p2a: Great Tusk|Rapid Spin|p1a: Skarmory
|-resisted|p1a: Skarmory
|-damage|p1a: Skarmory|93/100
|-boost|p2a: Great Tusk|spe|1
|-sideend|p2: trndstta|Stealth Rock|[from] move: Rapid Spin|[of] p2a: Great Tusk
|move|p1a: Skarmory|Spikes|p2a: Great Tusk
|-sidestart|p2: trndstta|Spikes
|
|-weather|SunnyDay|[upkeep]
|upkeep
|turn|6
|
|t:|1779871153
|move|p2a: Great Tusk|Rapid Spin|p1a: Skarmory
|-resisted|p1a: Skarmory
|-damage|p1a: Skarmory|86/100
|-boost|p2a: Great Tusk|spe|1
|-sideend|p2: trndstta|Spikes|[from] move: Rapid Spin|[of] p2a: Great Tusk
|move|p1a: Skarmory|Whirlwind|p2a: Great Tusk
|-end|p2a: Great Tusk|Protosynthesis|[silent]
|drag|p2a: Venusaur|Venusaur, M|100/100
|
|-weather|SunnyDay|[upkeep]
|upkeep
|turn|7
|
|t:|1779871159
|switch|p2a: Blaziken|Blaziken, M|100/100
|move|p1a: Skarmory|Spikes|p2a: Blaziken
|-sidestart|p2: trndstta|Spikes
|
|-weather|SunnyDay|[upkeep]
|upkeep
|turn|8
|
|t:|1779871165
|move|p2a: Blaziken|Overheat|p1a: Skarmory
|-supereffective|p1a: Skarmory
|-damage|p1a: Skarmory|0 fnt
|-unboost|p2a: Blaziken|spa|2
|faint|p1a: Skarmory
|
|-weather|none
|-ability|p2a: Blaziken|Speed Boost|boost
|-boost|p2a: Blaziken|spe|1
|upkeep
|
|t:|1779871178
|switch|p1a: Blissey|Blissey, F|100/100
|turn|9
|
|t:|1779871181
|move|p2a: Blaziken|Close Combat|p1a: Blissey
|-supereffective|p1a: Blissey
|-crit|p1a: Blissey
|-damage|p1a: Blissey|0 fnt
|-unboost|p2a: Blaziken|def|1
|-unboost|p2a: Blaziken|spd|1
|faint|p1a: Blissey
|
|-ability|p2a: Blaziken|Speed Boost|boost
|-boost|p2a: Blaziken|spe|1
|upkeep
|
|t:|1779871189
|switch|p1a: Pecharunt|Pecharunt|100/100
|turn|10
|
|t:|1779871196
|switch|p2a: Ninetales|Ninetales, F|100/100
|-damage|p2a: Ninetales|88/100|[from] Spikes
|-weather|SunnyDay|[from] ability: Drought|[of] p2a: Ninetales
|move|p1a: Pecharunt|Shadow Ball|p2a: Ninetales
|-damage|p2a: Ninetales|65/100
|
|-weather|SunnyDay|[upkeep]
|upkeep
|turn|11
|
|t:|1779871201
|move|p2a: Ninetales|Memento|p1a: Pecharunt
|-unboost|p1a: Pecharunt|atk|2
|-unboost|p1a: Pecharunt|spa|2
|faint|p2a: Ninetales
|move|p1a: Pecharunt|Parting Shot|p2: Ninetales|[notarget]
|-fail|p1a: Pecharunt
|
|-weather|SunnyDay|[upkeep]
|upkeep
|
|t:|1779871205
|switch|p2a: Walking Wake|Walking Wake|100/100
|-damage|p2a: Walking Wake|88/100|[from] Spikes
|-activate|p2a: Walking Wake|ability: Protosynthesis
|-start|p2a: Walking Wake|protosynthesisspe
|turn|12
|
|t:|1779871211
|move|p2a: Walking Wake|Hydro Steam|p1a: Pecharunt
|-damage|p1a: Pecharunt|12/100
|move|p1a: Pecharunt|Parting Shot|p2a: Walking Wake
|-unboost|p2a: Walking Wake|atk|1
|-unboost|p2a: Walking Wake|spa|1
|
|t:|1779871220
|switch|p1a: Gholdengo|Gholdengo|100/100|[from] Parting Shot
|-damage|p1a: Gholdengo|94/100|[from] Stealth Rock
|
|-weather|SunnyDay|[upkeep]
|upkeep
|turn|13
|
|t:|1779871229
|move|p2a: Walking Wake|Hydro Steam|p1a: Gholdengo
|-damage|p1a: Gholdengo|35/100
|move|p1a: Gholdengo|Recover|p1a: Gholdengo
|-heal|p1a: Gholdengo|85/100
|
|-weather|SunnyDay|[upkeep]
|upkeep
|turn|14
|
|t:|1779871239
|-end|p2a: Walking Wake|Protosynthesis|[silent]
|switch|p2a: Blaziken|Blaziken, M|100/100
|-damage|p2a: Blaziken|88/100|[from] Spikes
|move|p1a: Gholdengo|Thunder Wave|p2a: Blaziken
|-status|p2a: Blaziken|par
|
|-weather|SunnyDay|[upkeep]
|upkeep
|turn|15
|
|t:|1779871242
|move|p1a: Gholdengo|Hex|p2a: Blaziken
|-damage|p2a: Blaziken|0 fnt
|faint|p2a: Blaziken
|
|-weather|SunnyDay|[upkeep]
|upkeep
|
|t:|1779871245
|switch|p2a: Venusaur|Venusaur, M|100/100
|-damage|p2a: Venusaur|88/100|[from] Spikes
|turn|16
|
|t:|1779871254
|move|p2a: Venusaur|Weather Ball|p1a: Gholdengo
|-supereffective|p1a: Gholdengo
|-damage|p1a: Gholdengo|0 fnt
|faint|p1a: Gholdengo
|-damage|p2a: Venusaur|78/100|[from] item: Life Orb
|
|-weather|SunnyDay|[upkeep]
|upkeep
|
|t:|1779871265
|switch|p1a: Zamazenta|Zamazenta|100/100
|-ability|p1a: Zamazenta|Dauntless Shield|boost
|-boost|p1a: Zamazenta|def|1
|turn|17
|
|t:|1779871277
|-terastallize|p2a: Venusaur|Fire
|move|p2a: Venusaur|Weather Ball|p1a: Zamazenta
|-damage|p1a: Zamazenta|14/100
|-damage|p2a: Venusaur|68/100|[from] item: Life Orb
|move|p1a: Zamazenta|Crunch|p2a: Venusaur
|-damage|p2a: Venusaur|30/100
|
|-weather|none
|upkeep
|turn|18
|
|t:|1779871287
|move|p1a: Zamazenta|Close Combat|p2a: Venusaur
|-damage|p2a: Venusaur|0 fnt
|-unboost|p1a: Zamazenta|def|1
|-unboost|p1a: Zamazenta|spd|1
|faint|p2a: Venusaur
|
|upkeep
|
|t:|1779871291
|switch|p2a: Hatterene|Hatterene, F|68/100
|-damage|p2a: Hatterene|56/100|[from] Spikes
|turn|19
|
|t:|1779871298
|move|p1a: Zamazenta|Ice Fang|p2a: Hatterene
|-damage|p2a: Hatterene|37/100
|move|p2a: Hatterene|Nuzzle|p1a: Zamazenta
|-damage|p1a: Zamazenta|10/100
|-status|p1a: Zamazenta|par
|
|upkeep
|turn|20
|
|t:|1779871303
|-terastallize|p1a: Zamazenta|Ice
|move|p1a: Zamazenta|Close Combat|p2a: Hatterene
|-resisted|p2a: Hatterene
|-damage|p2a: Hatterene|25/100
|-unboost|p1a: Zamazenta|def|1
|-unboost|p1a: Zamazenta|spd|1
|move|p2a: Hatterene|Psychic Noise|p1a: Zamazenta
|-damage|p1a: Zamazenta|0 fnt
|faint|p1a: Zamazenta
|
|upkeep
|
|t:|1779871304
|switch|p1a: Pecharunt|Pecharunt|12/100
|turn|21
|
|t:|1779871307
|move|p1a: Pecharunt|Shadow Ball|p2a: Hatterene
|-supereffective|p2a: Hatterene
|-damage|p2a: Hatterene|0 fnt
|faint|p2a: Hatterene
|
|upkeep
|
|t:|1779871311
|switch|p2a: Great Tusk|Great Tusk|100/100
|turn|22
|
|t:|1779871319
|move|p2a: Great Tusk|Headlong Rush|p1a: Pecharunt
|-supereffective|p1a: Pecharunt
|-damage|p1a: Pecharunt|0 fnt
|-unboost|p2a: Great Tusk|def|1
|-unboost|p2a: Great Tusk|spd|1
|faint|p1a: Pecharunt
|
|win|trndstta
|raw|claudechamp's rating: 1296 &rarr; <strong>1278</strong><br />(-18 for losing)
|raw|trndstta's rating: 1403 &rarr; <strong>1417</strong><br />(+14 for winning)
|c|☆claudechamp|gg
|l|☆trndstta
|player|p2|
