|j|☆YuhNinja
|j|☆Diluer le Sal
|t:|1779860794
|gametype|singles
|player|p1|YuhNinja|169|1367
|player|p2|Diluer le Sal|waitress-gen4|1405
|gen|9
|tier|[Gen 9] OU
|rated|
|rule|HP Percentage Mod: HP is shown in percentages
|rule|Endless Battle Clause: Forcing endless battles is banned
|rule|Species Clause: Limit one of each Pokémon
|rule|OHKO Clause: OHKO moves are banned
|rule|Evasion Items Clause: Evasion items are banned
|rule|Evasion Moves Clause: Evasion moves are banned
|rule|Evasion Abilities Clause: Evasion abilities are banned
|rule|Sleep Moves Clause: Sleep-inducing moves are banned
|clearpoke
|poke|p1|Garganacl, M|
|poke|p1|Zoroark-Hisui, F|
|poke|p1|Ogerpon-Wellspring, F|
|poke|p1|Great Tusk|
|poke|p1|Talonflame, M|
|poke|p1|Kyurem|
|poke|p2|Skeledirge, M|
|poke|p2|Cinderace, M|
|poke|p2|Cresselia, F|
|poke|p2|Ribombee, F|
|poke|p2|Empoleon, M|
|poke|p2|Kingambit, F|
|teampreview
|inactive|Battle timer is ON: inactive players will automatically lose when time's up. (requested by Diluer le Sal)
|
|t:|1779860824
|teamsize|p1|6
|teamsize|p2|6
|start
|switch|p1a: Garganacl|Garganacl, M|100/100
|switch|p2a: Ribombee|Ribombee, F|100/100
|turn|1
|
|t:|1779860830
|move|p2a: Ribombee|Sticky Web|p1a: Garganacl
|-sidestart|p1: YuhNinja|move: Sticky Web
|move|p1a: Garganacl|Substitute|p1a: Garganacl
|-start|p1a: Garganacl|Substitute
|-damage|p1a: Garganacl|76/100
|
|-heal|p1a: Garganacl|82/100|[from] item: Leftovers
|upkeep
|turn|2
|
|t:|1779860834
|move|p2a: Ribombee|Moonblast|p1a: Garganacl
|-end|p1a: Garganacl|Substitute
|move|p1a: Garganacl|Salt Cure|p2a: Ribombee
|-supereffective|p2a: Ribombee
|-damage|p2a: Ribombee|50/100
|
|-heal|p1a: Garganacl|88/100|[from] item: Leftovers
|upkeep
|turn|3
|
|t:|1779860847
|move|p2a: Ribombee|Skill Swap|p1a: Garganacl
|-activate|p2a: Ribombee|Skill Swap|Purifying Salt|Shield Dust|[of] p1a: Garganacl
|move|p1a: Garganacl|Salt Cure|p2a: Ribombee
|-supereffective|p2a: Ribombee
|-damage|p2a: Ribombee|0 fnt
|faint|p2a: Ribombee
|
|-heal|p1a: Garganacl|94/100|[from] item: Leftovers
|upkeep
|
|t:|1779860851
|switch|p2a: Cinderace|Cinderace, M|100/100
|turn|4
|
|t:|1779860857
|move|p1a: Garganacl|Protect|p1a: Garganacl
|-singleturn|p1a: Garganacl|Protect
|move|p2a: Cinderace|Will-O-Wisp|p1a: Garganacl
|-activate|p1a: Garganacl|move: Protect
|
|-heal|p1a: Garganacl|99/100|[from] item: Leftovers
|upkeep
|turn|5
|
|t:|1779860861
|switch|p1a: Talonflame|Talonflame, M|100/100
|move|p2a: Cinderace|Court Change|p2a: Cinderace
|-swapsideconditions
|-activate|p2a: Cinderace|move: Court Change
|
|upkeep
|turn|6
|inactive|YuhNinja has 120 seconds left.
|
|t:|1779860918
|switch|p2a: Empoleon|Empoleon, M|100/100
|-activate|p2a: Empoleon|move: Sticky Web
|-unboost|p2a: Empoleon|spe|1
|-ability|p2a: Empoleon|Competitive|boost
|-boost|p2a: Empoleon|spa|2
|move|p1a: Talonflame|Hurricane|p2a: Empoleon
|-resisted|p2a: Empoleon
|-damage|p2a: Empoleon|92/100
|
|upkeep
|turn|7
|
|t:|1779860930
|switch|p1a: Ogerpon|Ogerpon-Wellspring, F|100/100
|move|p2a: Empoleon|Ice Beam|p1a: Ogerpon
|-damage|p1a: Ogerpon|30/100
|
|upkeep
|turn|8
|
|t:|1779860941
|move|p2a: Empoleon|Vacuum Wave|p1a: Ogerpon
|-damage|p1a: Ogerpon|0 fnt
|faint|p1a: Ogerpon
|
|upkeep
|
|t:|1779860945
|switch|p1a: Great Tusk|Great Tusk|100/100
|turn|9
|
|t:|1779860951
|switch|p2a: Cresselia|Cresselia, F|100/100
|move|p1a: Great Tusk|Earthquake|p2a: Cresselia
|-immune|p2a: Cresselia|[from] ability: Levitate
|
|upkeep
|turn|10
|
|t:|1779860962
|-end|p1a: Great Tusk|Protosynthesis|[silent]
|switch|p1a: Garganacl|Garganacl, M|99/100
|move|p2a: Cresselia|Trick Room|p2a: Cresselia
|-fieldstart|move: Trick Room|[of] p2a: Cresselia
|
|-heal|p1a: Garganacl|100/100|[from] item: Leftovers
|upkeep
|turn|11
|
|t:|1779860969
|switch|p2a: Kingambit|Kingambit, F|100/100
|-activate|p2a: Kingambit|move: Sticky Web
|-unboost|p2a: Kingambit|spe|1
|-ability|p2a: Kingambit|Defiant|boost
|-boost|p2a: Kingambit|atk|2
|move|p1a: Garganacl|Substitute|p1a: Garganacl
|-start|p1a: Garganacl|Substitute
|-damage|p1a: Garganacl|76/100
|
|-heal|p1a: Garganacl|82/100|[from] item: Leftovers
|upkeep
|turn|12
|
|t:|1779860973
|move|p2a: Kingambit|Iron Head|p1a: Garganacl
|-supereffective|p1a: Garganacl
|-end|p1a: Garganacl|Substitute
|move|p1a: Garganacl|Salt Cure|p2a: Kingambit
|-resisted|p2a: Kingambit
|-damage|p2a: Kingambit|95/100
|-start|p2a: Kingambit|Salt Cure
|
|-heal|p1a: Garganacl|88/100|[from] item: Leftovers
|-damage|p2a: Kingambit|70/100|[from] Salt Cure
|upkeep
|turn|13
|
|t:|1779860978
|move|p2a: Kingambit|Iron Head|p1a: Garganacl
|-supereffective|p1a: Garganacl
|-crit|p1a: Garganacl
|-damage|p1a: Garganacl|0 fnt
|faint|p1a: Garganacl
|
|-damage|p2a: Kingambit|45/100|[from] Salt Cure
|upkeep
|
|t:|1779860981
|switch|p1a: Talonflame|Talonflame, M|100/100
|turn|14
|
|t:|1779860984
|switch|p2a: Empoleon|Empoleon, M|92/100
|-activate|p2a: Empoleon|move: Sticky Web
|-unboost|p2a: Empoleon|spe|1
|-ability|p2a: Empoleon|Competitive|boost
|-boost|p2a: Empoleon|spa|2
|move|p1a: Talonflame|Roost||[still]
|-fail|p1a: Talonflame|heal
|
|-fieldend|move: Trick Room
|upkeep
|turn|15
|
|t:|1779860988
|switch|p1a: Kyurem|Kyurem|100/100
|-ability|p1a: Kyurem|Pressure
|move|p2a: Empoleon|Surf|p1a: Kyurem
|-resisted|p1a: Kyurem
|-damage|p1a: Kyurem|56/100
|
|upkeep
|turn|16
|
|t:|1779860998
|move|p2a: Empoleon|Vacuum Wave|p1a: Kyurem
|-supereffective|p1a: Kyurem
|-damage|p1a: Kyurem|3/100
|move|p1a: Kyurem|Earth Power|p2a: Empoleon
|-supereffective|p2a: Empoleon
|-damage|p2a: Empoleon|33/100
|
|upkeep
|turn|17
|
|t:|1779861002
|switch|p1a: Kyurem|Kyurem|100/100
|move|p2a: Empoleon|Vacuum Wave|p1a: Kyurem
|-immune|p1a: Kyurem
|
|upkeep
|turn|18
|
|t:|1779861007
|move|p1a: Kyurem|Shadow Ball|p2a: Empoleon
|-damage|p2a: Empoleon|10/100
|move|p2a: Empoleon|Surf|p1a: Kyurem
|-damage|p1a: Kyurem|0 fnt
|replace|p1a: Zoroark|Zoroark-Hisui, F
|-end|p1a: Zoroark|Illusion
|faint|p1a: Zoroark
|
|upkeep
|-message|YuhNinja forfeited.
|
|win|Diluer le Sal
|raw|YuhNinja's rating: 1367 &rarr; <strong>1349</strong><br />(-18 for losing)
|raw|Diluer le Sal's rating: 1405 &rarr; <strong>1423</strong><br />(+18 for winning)
|l|☆YuhNinja
|player|p1|
|l|☆Diluer le Sal
|player|p2|
