|j|☆dddzdddq2
|j|☆ashred57
|t:|1779947343
|gametype|singles
|player|p1|dddzdddq2|1|1352
|player|p2|ashred57|brock|1375
|gen|9
|tier|[Gen 9] OU
|rated|
|rule|HP Percentage Mod: HP is shown in percentages
|rule|Endless Battle Clause: Forcing endless battles is banned
|rule|Species Clause: Limit one of each Pokémon
|rule|OHKO Clause: OHKO moves are banned
|rule|Evasion Items Clause: Evasion items are banned
|rule|Evasion Moves Clause: Evasion moves are banned
|rule|Evasion Abilities Clause: Evasion abilities are banned
|rule|Sleep Moves Clause: Sleep-inducing moves are banned
|clearpoke
|poke|p1|Hatterene, F|
|poke|p1|Farigiraf, M|
|poke|p1|Mimikyu, M|
|poke|p1|Slither Wing|
|poke|p1|Ursaluna, F|
|poke|p1|Torkoal, F|
|poke|p2|Gliscor, M|
|poke|p2|Gholdengo|
|poke|p2|Dragonite, M|
|poke|p2|Ting-Lu|
|poke|p2|Darkrai|
|poke|p2|Zamazenta-*|
|teampreview
|inactive|Battle timer is ON: inactive players will automatically lose when time's up. (requested by dddzdddq2)
|inactive|ashred57 has 120 seconds left.
|inactive|ashred57 has 90 seconds left.
|
|t:|1779947424
|teamsize|p1|6
|teamsize|p2|6
|start
|switch|p1a: Hatterene|Hatterene, F|100/100
|switch|p2a: Gliscor|Gliscor, M|100/100
|turn|1
|
|t:|1779947434
|move|p2a: Gliscor|Knock Off|p1a: Hatterene
|-damage|p1a: Hatterene|76/100
|-enditem|p1a: Hatterene|Focus Sash|[from] move: Knock Off|[of] p2a: Gliscor
|move|p1a: Hatterene|Psychic|p2a: Gliscor
|-damage|p2a: Gliscor|36/100
|
|-status|p2a: Gliscor|tox|[from] item: Toxic Orb
|upkeep
|turn|2
|
|t:|1779947455
|move|p2a: Gliscor|Protect|p2a: Gliscor
|-singleturn|p2a: Gliscor|Protect
|move|p1a: Hatterene|Trick Room|p1a: Hatterene
|-fieldstart|move: Trick Room|[of] p1a: Hatterene
|
|-heal|p2a: Gliscor|49/100 tox|[from] ability: Poison Heal
|upkeep
|turn|3
|inactive|ashred57 has 120 seconds left.
|
|t:|1779947509
|switch|p2a: Ting-Lu|Ting-Lu|100/100
|-ability|p2a: Ting-Lu|Vessel of Ruin
|move|p1a: Hatterene|Healing Wish|p1a: Hatterene
|faint|p1a: Hatterene
|
|upkeep
|
|t:|1779947523
|switch|p1a: Ursaluna|Ursaluna, F|100/100
|turn|4
|inactive|ashred57 has 90 seconds left.
|
|t:|1779947552
|move|p1a: Ursaluna|Swords Dance|p1a: Ursaluna
|-boost|p1a: Ursaluna|atk|2
|move|p2a: Ting-Lu|Whirlwind|p1a: Ursaluna
|drag|p1a: Farigiraf|Farigiraf, M|100/100
|
|upkeep
|turn|5
|
|t:|1779947560
|switch|p1a: Slither Wing|Slither Wing|100/100
|move|p2a: Ting-Lu|Whirlwind|p1a: Slither Wing
|-end|p1a: Slither Wing|Protosynthesis|[silent]
|drag|p1a: Farigiraf|Farigiraf, M|100/100
|
|upkeep
|turn|6
|
|t:|1779947573
|move|p1a: Farigiraf|Nasty Plot|p1a: Farigiraf
|-boost|p1a: Farigiraf|spa|2
|move|p2a: Ting-Lu|Stealth Rock|p1a: Farigiraf
|-sidestart|p1: dddzdddq2|move: Stealth Rock
|
|-fieldend|move: Trick Room
|upkeep
|turn|7
|
|t:|1779947578
|move|p1a: Farigiraf|Hyper Voice|p2a: Ting-Lu
|-damage|p2a: Ting-Lu|65/100
|-enditem|p1a: Farigiraf|Throat Spray
|-boost|p1a: Farigiraf|spa|1|[from] item: Throat Spray
|move|p2a: Ting-Lu|Whirlwind|p1a: Farigiraf
|drag|p1a: Ursaluna|Ursaluna, F|100/100
|-damage|p1a: Ursaluna|94/100|[from] Stealth Rock
|
|-heal|p2a: Ting-Lu|71/100|[from] item: Leftovers
|-status|p1a: Ursaluna|brn|[from] item: Flame Orb
|upkeep
|turn|8
|
|t:|1779947590
|switch|p2a: Gholdengo|Gholdengo|100/100
|move|p1a: Ursaluna|Earthquake|p2a: Gholdengo
|-supereffective|p2a: Gholdengo
|-damage|p2a: Gholdengo|0 fnt
|faint|p2a: Gholdengo
|
|-damage|p1a: Ursaluna|88/100 brn|[from] brn
|upkeep
|
|t:|1779947598
|switch|p2a: Gliscor|Gliscor, M|49/100 tox
|turn|9
|
|t:|1779947601
|move|p2a: Gliscor|Protect|p2a: Gliscor
|-singleturn|p2a: Gliscor|Protect
|move|p1a: Ursaluna|Facade|p2a: Gliscor
|-activate|p2a: Gliscor|move: Protect
|
|-heal|p2a: Gliscor|61/100 tox|[from] ability: Poison Heal
|-damage|p1a: Ursaluna|82/100 brn|[from] brn
|upkeep
|turn|10
|inactive|ashred57 has 90 seconds left.
|
|t:|1779947640
|switch|p2a: Ting-Lu|Ting-Lu|71/100
|-ability|p2a: Ting-Lu|Vessel of Ruin
|move|p1a: Ursaluna|Facade|p2a: Ting-Lu
|-damage|p2a: Ting-Lu|2/100
|
|-heal|p2a: Ting-Lu|8/100|[from] item: Leftovers
|-damage|p1a: Ursaluna|76/100 brn|[from] brn
|upkeep
|turn|11
|inactive|ashred57 has 90 seconds left.
|
|t:|1779947647
|move|p2a: Ting-Lu|Earthquake|p1a: Ursaluna
|-crit|p1a: Ursaluna
|-damage|p1a: Ursaluna|34/100 brn
|move|p1a: Ursaluna|Facade|p2a: Ting-Lu
|-damage|p2a: Ting-Lu|0 fnt
|faint|p2a: Ting-Lu
|
|-damage|p1a: Ursaluna|28/100 brn|[from] brn
|upkeep
|inactive|ashred57 has 90 seconds left.
|
|t:|1779947656
|switch|p2a: Darkrai|Darkrai|100/100
|turn|12
|
|t:|1779947681
|switch|p1a: Mimikyu|Mimikyu, M|100/100
|-damage|p1a: Mimikyu|88/100|[from] Stealth Rock
|move|p2a: Darkrai|Dark Pulse|p1a: Mimikyu
|-activate|p1a: Mimikyu|ability: Disguise
|-damage|p1a: Mimikyu|88/100
|detailschange|p1a: Mimikyu|Mimikyu-Busted, M
|-damage|p1a: Mimikyu|76/100|[from] pokemon: Mimikyu-Busted
|
|upkeep
|turn|13
|
|t:|1779947700
|move|p2a: Darkrai|Will-O-Wisp|p1a: Mimikyu
|-status|p1a: Mimikyu|brn
|move|p1a: Mimikyu|Trick Room|p1a: Mimikyu
|-fieldstart|move: Trick Room|[of] p1a: Mimikyu
|
|-damage|p1a: Mimikyu|70/100 brn|[from] brn
|upkeep
|turn|14
|
|t:|1779947710
|move|p1a: Mimikyu|Curse|p2a: Darkrai
|-start|p2a: Darkrai|Curse|[of] p1a: Mimikyu
|-damage|p1a: Mimikyu|20/100 brn
|move|p2a: Darkrai|Ice Beam|p1a: Mimikyu
|-damage|p1a: Mimikyu|0 fnt
|faint|p1a: Mimikyu
|
|-damage|p2a: Darkrai|76/100|[from] Curse
|upkeep
|
|t:|1779947712
|switch|p1a: Ursaluna|Ursaluna, F|28/100 brn
|-heal|p1a: Ursaluna|100/100|[from] move: Healing Wish
|-damage|p1a: Ursaluna|94/100|[from] Stealth Rock
|turn|15
|
|t:|1779947725
|switch|p2a: Dragonite|Dragonite, M|100/100
|move|p1a: Ursaluna|Swords Dance|p1a: Ursaluna
|-boost|p1a: Ursaluna|atk|2
|
|-status|p1a: Ursaluna|brn|[from] item: Flame Orb
|upkeep
|turn|16
|inactive|ashred57 has 90 seconds left.
|inactive|dddzdddq2 has 120 seconds left.
|l|☆dddzdddq2
|inactive|dddzdddq2 disconnected and has a minute to reconnect!
|player|p1|
|j|☆dddzdddq2
|inactive|dddzdddq2 reconnected and has 115 seconds left.
|player|p1|dddzdddq2|1|
|
|t:|1779947766
|move|p2a: Dragonite|Extreme Speed|p1a: Ursaluna
|-damage|p1a: Ursaluna|73/100 brn
|move|p1a: Ursaluna|Facade|p2a: Dragonite
|-damage|p2a: Dragonite|0 fnt
|faint|p2a: Dragonite
|
|-damage|p1a: Ursaluna|66/100 brn|[from] brn
|upkeep
|
|t:|1779947776
|switch|p2a: Gliscor|Gliscor, M|61/100 tox
|turn|17
|inactive|dddzdddq2 has 120 seconds left.
|
|t:|1779947787
|move|p2a: Gliscor|Protect|p2a: Gliscor
|-singleturn|p2a: Gliscor|Protect
|move|p1a: Ursaluna|Facade|p2a: Gliscor
|-activate|p2a: Gliscor|move: Protect
|
|-heal|p2a: Gliscor|74/100 tox|[from] ability: Poison Heal
|-damage|p1a: Ursaluna|60/100 brn|[from] brn
|-fieldend|move: Trick Room
|upkeep
|turn|18
|inactive|dddzdddq2 has 120 seconds left.
|inactive|ashred57 has 90 seconds left.
|
|t:|1779947820
|move|p2a: Gliscor|Knock Off|p1a: Ursaluna
|-crit|p1a: Ursaluna
|-damage|p1a: Ursaluna|38/100 brn
|-enditem|p1a: Ursaluna|Flame Orb|[from] move: Knock Off|[of] p2a: Gliscor
|move|p1a: Ursaluna|Facade|p2a: Gliscor
|-damage|p2a: Gliscor|0 fnt
|faint|p2a: Gliscor
|
|-damage|p1a: Ursaluna|32/100 brn|[from] brn
|upkeep
|
|t:|1779947827
|switch|p2a: Darkrai|Darkrai|76/100
|turn|19
|
|t:|1779947837
|move|p2a: Darkrai|Dark Pulse|p1a: Ursaluna
|-damage|p1a: Ursaluna|0 fnt
|faint|p1a: Ursaluna
|
|upkeep
|
|t:|1779947839
|switch|p1a: Slither Wing|Slither Wing|100/100
|-damage|p1a: Slither Wing|88/100|[from] Stealth Rock
|turn|20
|inactive|ashred57 has 90 seconds left.
|inactive|ashred57 has 60 seconds left.
|
|t:|1779947891
|move|p2a: Darkrai|Will-O-Wisp|p1a: Slither Wing
|-status|p1a: Slither Wing|brn
|move|p1a: Slither Wing|U-turn|p2a: Darkrai
|-supereffective|p2a: Darkrai
|-damage|p2a: Darkrai|0 fnt
|faint|p2a: Darkrai
|
|t:|1779947900
|-end|p1a: Slither Wing|Protosynthesis|[silent]
|switch|p1a: Farigiraf|Farigiraf, M|100/100|[from] U-turn
|-damage|p1a: Farigiraf|88/100|[from] Stealth Rock
|
|upkeep
|
|t:|1779947904
|switch|p2a: Zamazenta|Zamazenta|100/100
|-ability|p2a: Zamazenta|Dauntless Shield|boost
|-boost|p2a: Zamazenta|def|1
|turn|21
|inactive|ashred57 has 60 seconds left.
|
|t:|1779947911
|move|p2a: Zamazenta|Crunch|p1a: Farigiraf
|-supereffective|p1a: Farigiraf
|-crit|p1a: Farigiraf
|-damage|p1a: Farigiraf|13/100
|move|p1a: Farigiraf|Trick Room|p1a: Farigiraf
|-fieldstart|move: Trick Room|[of] p1a: Farigiraf
|
|upkeep
|turn|22
|
|t:|1779947919
|move|p1a: Farigiraf|Hyper Voice|p2a: Zamazenta
|-damage|p2a: Zamazenta|55/100
|move|p2a: Zamazenta|Crunch|p1a: Farigiraf
|-supereffective|p1a: Farigiraf
|-damage|p1a: Farigiraf|0 fnt
|faint|p1a: Farigiraf
|
|upkeep
|
|t:|1779947922
|switch|p1a: Torkoal|Torkoal, F|100/100
|-damage|p1a: Torkoal|75/100|[from] Stealth Rock
|-weather|SunnyDay|[from] ability: Drought|[of] p1a: Torkoal
|turn|23
|inactive|ashred57 has 60 seconds left.
|
|t:|1779947942
|-terastallize|p1a: Torkoal|Fire
|move|p1a: Torkoal|Eruption|p2a: Zamazenta
|-damage|p2a: Zamazenta|0 fnt
|faint|p2a: Zamazenta
|
|win|dddzdddq2
|raw|dddzdddq2's rating: 1352 &rarr; <strong>1373</strong><br />(+21 for winning)
|raw|ashred57's rating: 1375 &rarr; <strong>1354</strong><br />(-21 for losing)
|l|☆ashred57
|player|p2|
|l|☆dddzdddq2
|player|p1|
