|j|☆g3thyp
|j|☆dfih
|t:|1779947341
|gametype|singles
|player|p1|g3thyp|backersf|1495
|player|p2|dfih|cynthia-masters4|1616
|gen|9
|tier|[Gen 9] OU
|rated|
|rule|HP Percentage Mod: HP is shown in percentages
|rule|Endless Battle Clause: Forcing endless battles is banned
|rule|Species Clause: Limit one of each Pokémon
|rule|OHKO Clause: OHKO moves are banned
|rule|Evasion Items Clause: Evasion items are banned
|rule|Evasion Moves Clause: Evasion moves are banned
|rule|Evasion Abilities Clause: Evasion abilities are banned
|rule|Sleep Moves Clause: Sleep-inducing moves are banned
|clearpoke
|poke|p1|Rotom-Wash|
|poke|p1|Cinderace, M|
|poke|p1|Tyranitar, F|
|poke|p1|Dragapult, M|
|poke|p1|Gliscor, F|
|poke|p1|Corviknight, M|
|poke|p2|Slither Wing|
|poke|p2|Ninetales, M|
|poke|p2|Walking Wake|
|poke|p2|Iron Moth|
|poke|p2|Hatterene, F|
|poke|p2|Blaziken, F|
|teampreview
|inactive|Battle timer is ON: inactive players will automatically lose when time's up. (requested by g3thyp)
|
|t:|1779947356
|teamsize|p1|6
|teamsize|p2|6
|start
|switch|p1a: Cinderace|Cinderace, M|100/100
|switch|p2a: Tamamo|Ninetales, M, shiny|100/100
|-weather|SunnyDay|[from] ability: Drought|[of] p2a: Tamamo
|turn|1
|
|t:|1779947363
|move|p1a: Cinderace|Pyro Ball|p2a: Tamamo
|-resisted|p2a: Tamamo
|-damage|p2a: Tamamo|54/100
|move|p2a: Tamamo|Will-O-Wisp|p1a: Cinderace
|-immune|p1a: Cinderace
|
|-weather|SunnyDay|[upkeep]
|upkeep
|turn|2
|
|t:|1779947370
|switch|p2a: Infernape's Son|Blaziken, F, shiny|100/100
|move|p1a: Cinderace|U-turn|p2a: Infernape's Son
|-resisted|p2a: Infernape's Son
|-damage|p2a: Infernape's Son|93/100
|
|t:|1779947376
|switch|p1a: Gliscor|Gliscor, F|100/100|[from] U-turn
|
|-weather|SunnyDay|[upkeep]
|-status|p1a: Gliscor|tox|[from] item: Toxic Orb
|upkeep
|turn|3
|
|t:|1779947383
|move|p2a: Infernape's Son|Protect|p2a: Infernape's Son
|-singleturn|p2a: Infernape's Son|Protect
|move|p1a: Gliscor|Earthquake|p2a: Infernape's Son
|-activate|p2a: Infernape's Son|move: Protect
|
|-weather|SunnyDay|[upkeep]
|-ability|p2a: Infernape's Son|Speed Boost|boost
|-boost|p2a: Infernape's Son|spe|1
|upkeep
|turn|4
|
|t:|1779947387
|move|p2a: Infernape's Son|Flare Blitz|p1a: Gliscor
|-damage|p1a: Gliscor|8/100 tox
|-damage|p2a: Infernape's Son|58/100|[from] Recoil
|-damage|p2a: Infernape's Son|48/100|[from] item: Life Orb
|move|p1a: Gliscor|Earthquake|p2a: Infernape's Son
|-supereffective|p2a: Infernape's Son
|-damage|p2a: Infernape's Son|0 fnt
|faint|p2a: Infernape's Son
|
|-weather|SunnyDay|[upkeep]
|-heal|p1a: Gliscor|21/100 tox|[from] ability: Poison Heal
|upkeep
|
|t:|1779947390
|switch|p2a: Granberia|Walking Wake|100/100
|-activate|p2a: Granberia|ability: Protosynthesis
|-start|p2a: Granberia|protosynthesisspe
|turn|5
|
|t:|1779947402
|move|p1a: Gliscor|Protect|p1a: Gliscor
|-singleturn|p1a: Gliscor|Protect
|move|p2a: Granberia|Hydro Steam|p1a: Gliscor
|-activate|p1a: Gliscor|move: Protect
|
|-weather|SunnyDay|[upkeep]
|-heal|p1a: Gliscor|33/100 tox|[from] ability: Poison Heal
|upkeep
|turn|6
|
|t:|1779947406
|switch|p1a: Tyranitar|Tyranitar, F|100/100
|-weather|Sandstorm|[from] ability: Sand Stream|[of] p1a: Tyranitar
|-end|p2a: Granberia|Protosynthesis
|move|p2a: Granberia|Hydro Steam|p1a: Tyranitar
|-supereffective|p1a: Tyranitar
|-damage|p1a: Tyranitar|48/100
|
|-weather|Sandstorm|[upkeep]
|-damage|p2a: Granberia|94/100|[from] Sandstorm
|-heal|p1a: Tyranitar|54/100|[from] item: Leftovers
|upkeep
|turn|7
|
|t:|1779947419
|switch|p1a: Rotom|Rotom-Wash|100/100
|move|p2a: Granberia|Hydro Steam|p1a: Rotom
|-resisted|p1a: Rotom
|-damage|p1a: Rotom|69/100
|
|-weather|Sandstorm|[upkeep]
|-damage|p2a: Granberia|88/100|[from] Sandstorm
|-damage|p1a: Rotom|63/100|[from] Sandstorm
|-heal|p1a: Rotom|69/100|[from] item: Leftovers
|upkeep
|turn|8
|
|t:|1779947428
|-end|p2a: Granberia|Protosynthesis|[silent]
|switch|p2a: Tamamo|Ninetales, M, shiny|54/100
|-weather|SunnyDay|[from] ability: Drought|[of] p2a: Tamamo
|move|p1a: Rotom|Hydro Pump|p2a: Tamamo|[miss]
|-miss|p1a: Rotom|p2a: Tamamo
|
|-weather|SunnyDay|[upkeep]
|-heal|p1a: Rotom|75/100|[from] item: Leftovers
|upkeep
|turn|9
|
|t:|1779947440
|move|p2a: Tamamo|Healing Wish|p2a: Tamamo
|faint|p2a: Tamamo
|move|p1a: Rotom|Volt Switch|p2: Tamamo|[notarget]
|-fail|p1a: Rotom
|
|-weather|SunnyDay|[upkeep]
|-heal|p1a: Rotom|81/100|[from] item: Leftovers
|upkeep
|
|t:|1779947455
|switch|p2a: Beru|Slither Wing, shiny|100/100
|-activate|p2a: Beru|ability: Protosynthesis
|-start|p2a: Beru|protosynthesisatk
|turn|10
|
|t:|1779947460
|move|p2a: Beru|Close Combat|p1a: Rotom
|-damage|p1a: Rotom|0 fnt
|-unboost|p2a: Beru|def|1
|-unboost|p2a: Beru|spd|1
|faint|p1a: Rotom
|
|-weather|SunnyDay|[upkeep]
|upkeep
|
|t:|1779947466
|switch|p1a: Tyranitar|Tyranitar, F|54/100
|-weather|Sandstorm|[from] ability: Sand Stream|[of] p1a: Tyranitar
|-end|p2a: Beru|Protosynthesis
|turn|11
|
|t:|1779947471
|move|p2a: Beru|Close Combat|p1a: Tyranitar
|-supereffective|p1a: Tyranitar
|-damage|p1a: Tyranitar|0 fnt
|-unboost|p2a: Beru|def|1
|-unboost|p2a: Beru|spd|1
|faint|p1a: Tyranitar
|
|-weather|Sandstorm|[upkeep]
|-damage|p2a: Beru|94/100|[from] Sandstorm
|upkeep
|
|t:|1779947475
|switch|p1a: Cinderace|Cinderace, M|100/100
|turn|12
|
|t:|1779947481
|-end|p2a: Beru|Protosynthesis|[silent]
|switch|p2a: Granberia|Walking Wake|88/100
|-heal|p2a: Granberia|100/100|[from] move: Healing Wish
|move|p1a: Cinderace|Pyro Ball|p2a: Granberia
|-resisted|p2a: Granberia
|-damage|p2a: Granberia|87/100
|
|-weather|Sandstorm|[upkeep]
|-damage|p1a: Cinderace|94/100|[from] Sandstorm
|-damage|p2a: Granberia|81/100|[from] Sandstorm
|upkeep
|turn|13
|
|t:|1779947486
|move|p1a: Cinderace|Will-O-Wisp|p2a: Granberia
|-status|p2a: Granberia|brn
|move|p2a: Granberia|Hydro Steam|p1a: Cinderace
|-supereffective|p1a: Cinderace
|-damage|p1a: Cinderace|0 fnt
|faint|p1a: Cinderace
|
|-weather|Sandstorm|[upkeep]
|-damage|p2a: Granberia|75/100 brn|[from] Sandstorm
|-damage|p2a: Granberia|69/100 brn|[from] brn
|upkeep
|
|t:|1779947490
|switch|p1a: Dragapult|Dragapult, M|100/100
|turn|14
|
|t:|1779947496
|-end|p2a: Granberia|Protosynthesis|[silent]
|switch|p2a: Tonelico|Hatterene, F, shiny|100/100
|move|p1a: Dragapult|Dragon Darts|p2a: Tonelico
|-immune|p2a: Tonelico
|
|-weather|Sandstorm|[upkeep]
|-damage|p1a: Dragapult|95/100|[from] Sandstorm
|-damage|p2a: Tonelico|95/100|[from] Sandstorm
|upkeep
|turn|15
|
|t:|1779947501
|move|p1a: Dragapult|Shadow Ball|p2a: Tonelico
|-supereffective|p2a: Tonelico
|-damage|p2a: Tonelico|0 fnt
|faint|p2a: Tonelico
|-damage|p1a: Dragapult|85/100|[from] item: Life Orb
|
|-weather|none
|upkeep
|
|t:|1779947507
|switch|p2a: MOTH|Iron Moth|100/100
|-enditem|p2a: MOTH|Booster Energy
|-activate|p2a: MOTH|ability: Quark Drive|[fromitem]
|-start|p2a: MOTH|quarkdrivespe
|turn|16
|
|t:|1779947522
|-terastallize|p2a: MOTH|Fairy
|-terastallize|p1a: Dragapult|Dragon
|move|p2a: MOTH|Dazzling Gleam|p1a: Dragapult
|-supereffective|p1a: Dragapult
|-damage|p1a: Dragapult|0 fnt
|faint|p1a: Dragapult
|
|upkeep
|
|t:|1779947527
|switch|p1a: Gliscor|Gliscor, F|33/100 tox
|turn|17
|
|t:|1779947530
|move|p1a: Gliscor|Protect|p1a: Gliscor
|-singleturn|p1a: Gliscor|Protect
|move|p2a: MOTH|Dazzling Gleam|p1a: Gliscor
|-activate|p1a: Gliscor|move: Protect
|
|-heal|p1a: Gliscor|46/100 tox|[from] ability: Poison Heal
|upkeep
|turn|18
|
|t:|1779947533
|move|p2a: MOTH|Dazzling Gleam|p1a: Gliscor
|-crit|p1a: Gliscor
|-damage|p1a: Gliscor|0 fnt
|faint|p1a: Gliscor
|
|upkeep
|
|t:|1779947535
|switch|p1a: Corviknight|Corviknight, M|100/100
|turn|19
|
|t:|1779947538
|move|p2a: MOTH|Fiery Dance|p1a: Corviknight
|-supereffective|p1a: Corviknight
|-damage|p1a: Corviknight|19/100
|-boost|p2a: MOTH|spa|1
|move|p1a: Corviknight|Agility|p1a: Corviknight
|-boost|p1a: Corviknight|spe|2
|
|-heal|p1a: Corviknight|26/100|[from] item: Leftovers
|upkeep
|turn|20
|
|t:|1779947541
|move|p2a: MOTH|Fiery Dance|p1a: Corviknight
|-supereffective|p1a: Corviknight
|-damage|p1a: Corviknight|0 fnt
|-boost|p2a: MOTH|spa|1
|faint|p1a: Corviknight
|
|win|dfih
|raw|g3thyp's rating: 1495 &rarr; <strong>1482</strong><br />(-13 for losing)
|raw|dfih's rating: 1616 &rarr; <strong>1629</strong><br />(+13 for winning)
|l|☆g3thyp
|player|p1|
|l|☆dfih
|player|p2|
