|j|☆White Boy SZN
|j|☆Autistickid64
|t:|1779820851
|gametype|singles
|player|p1|White Boy SZN|blue-gen7|1471
|player|p2|Autistickid64|ethan-masters|1438
|gen|9
|tier|[Gen 9] OU
|rated|
|rule|HP Percentage Mod: HP is shown in percentages
|rule|Endless Battle Clause: Forcing endless battles is banned
|rule|Species Clause: Limit one of each Pokémon
|rule|OHKO Clause: OHKO moves are banned
|rule|Evasion Items Clause: Evasion items are banned
|rule|Evasion Moves Clause: Evasion moves are banned
|rule|Evasion Abilities Clause: Evasion abilities are banned
|rule|Sleep Moves Clause: Sleep-inducing moves are banned
|clearpoke
|poke|p1|Electrode-Hisui|
|poke|p1|Iron Crown|
|poke|p1|Darkrai|
|poke|p1|Glimmora, M|
|poke|p1|Landorus-Therian, M|
|poke|p1|Ogerpon, F|
|poke|p2|Cloyster, M|
|poke|p2|Iron Valiant|
|poke|p2|Avalugg-Hisui, M|
|poke|p2|Iron Moth|
|poke|p2|Weezing-Galar, F|
|poke|p2|Tsareena, F|
|teampreview
|
|t:|1779820873
|teamsize|p1|6
|teamsize|p2|6
|start
|switch|p1a: Electrode|Electrode-Hisui|100/100
|switch|p2a: Avalugg|Avalugg-Hisui, M|100/100
|turn|1
|
|t:|1779820880
|move|p1a: Electrode|Taunt|p2a: Avalugg
|-start|p2a: Avalugg|move: Taunt
|move|p2a: Avalugg|Mountain Gale|p1a: Electrode
|-supereffective|p1a: Electrode
|-damage|p1a: Electrode|0 fnt
|faint|p1a: Electrode
|
|upkeep
|
|t:|1779820886
|switch|p1a: Iron Crown|Iron Crown|100/100
|turn|2
|
|t:|1779820893
|move|p1a: Iron Crown|Future Sight|p2a: Avalugg
|-start|p1a: Iron Crown|move: Future Sight
|move|p2a: Avalugg|Earthquake|p1a: Iron Crown
|-supereffective|p1a: Iron Crown
|-damage|p1a: Iron Crown|26/100
|
|upkeep
|turn|3
|
|t:|1779820897
|move|p1a: Iron Crown|Tachyon Cutter|p2a: Avalugg
|-supereffective|p2a: Avalugg
|-ability|p2a: Avalugg|Sturdy
|-damage|p2a: Avalugg|1/100
|-supereffective|p2a: Avalugg
|-damage|p2a: Avalugg|0 fnt
|faint|p2a: Avalugg
|-hitcount|p2: Avalugg|2
|
|upkeep
|
|t:|1779820902
|switch|p2a: Tsareena|Tsareena, F|100/100
|turn|4
|
|t:|1779820907
|-end|p1a: Iron Crown|Quark Drive|[silent]
|switch|p1a: Glimmora|Glimmora, M|100/100
|-item|p1a: Glimmora|Air Balloon
|move|p2a: Tsareena|Knock Off|p1a: Glimmora
|-damage|p1a: Glimmora|76/100
|-activate|p1a: Glimmora|ability: Toxic Debris
|-sidestart|p2: Autistickid64|move: Toxic Spikes
|-enditem|p1a: Glimmora|Air Balloon
|
|-end|p2a: Tsareena|move: Future Sight
|-damage|p2a: Tsareena|60/100
|upkeep
|turn|5
|
|t:|1779820939
|move|p1a: Glimmora|Mortal Spin|p2a: Tsareena
|-supereffective|p2a: Tsareena
|-damage|p2a: Tsareena|48/100
|-status|p2a: Tsareena|psn
|move|p2a: Tsareena|Power Whip|p1a: Glimmora
|-damage|p1a: Glimmora|28/100
|-activate|p1a: Glimmora|ability: Toxic Debris
|-sidestart|p2: Autistickid64|move: Toxic Spikes
|
|-damage|p2a: Tsareena|36/100 psn|[from] psn
|upkeep
|turn|6
|
|t:|1779820951
|move|p1a: Glimmora|Power Gem|p2a: Tsareena
|-damage|p2a: Tsareena|11/100 psn
|move|p2a: Tsareena|Power Whip|p1a: Glimmora
|-damage|p1a: Glimmora|0 fnt
|faint|p1a: Glimmora
|
|-damage|p2a: Tsareena|0 fnt|[from] psn
|faint|p2a: Tsareena
|upkeep
|
|t:|1779820961
|switch|p1a: Iron Crown|Iron Crown|26/100
|switch|p2a: Iron Moth|Iron Moth|100/100
|-sideend|p2: Autistickid64|move: Toxic Spikes|[of] p2a: Iron Moth
|-enditem|p2a: Iron Moth|Booster Energy
|-activate|p2a: Iron Moth|ability: Quark Drive|[fromitem]
|-start|p2a: Iron Moth|quarkdrivespe
|turn|7
|
|t:|1779820972
|move|p2a: Iron Moth|Fiery Dance|p1a: Iron Crown
|-supereffective|p1a: Iron Crown
|-damage|p1a: Iron Crown|0 fnt
|faint|p1a: Iron Crown
|-end|p1a: Iron Crown|Quark Drive|[silent]
|
|upkeep
|
|t:|1779820974
|switch|p1a: Landorus|Landorus-Therian, M|100/100
|-ability|p1a: Landorus|Intimidate|boost
|-unboost|p2a: Iron Moth|atk|1
|turn|8
|
|t:|1779820981
|-terastallize|p2a: Iron Moth|Grass
|move|p2a: Iron Moth|Fiery Dance|p1a: Landorus
|-damage|p1a: Landorus|51/100
|-boost|p2a: Iron Moth|spa|1
|move|p1a: Landorus|Earthquake|p2a: Iron Moth
|-resisted|p2a: Iron Moth
|-damage|p2a: Iron Moth|58/100
|
|upkeep
|turn|9
|
|t:|1779821011
|-terastallize|p1a: Landorus|Water
|move|p2a: Iron Moth|Fiery Dance|p1a: Landorus
|-resisted|p1a: Landorus
|-damage|p1a: Landorus|14/100
|move|p1a: Landorus|U-turn|p2a: Iron Moth
|-supereffective|p2a: Iron Moth
|-damage|p2a: Iron Moth|0 fnt
|faint|p2a: Iron Moth
|-end|p2a: Iron Moth|Quark Drive|[silent]
|
|t:|1779821021
|switch|p1a: Ogerpon|Ogerpon, F|100/100|[from] U-turn
|
|upkeep
|
|t:|1779821028
|switch|p2a: Weezing|Weezing-Galar, F|100/100
|turn|10
|
|t:|1779821042
|move|p1a: Ogerpon|U-turn|p2a: Weezing
|-resisted|p2a: Weezing
|-damage|p2a: Weezing|97/100
|-damage|p1a: Ogerpon|84/100|[from] item: Rocky Helmet|[of] p2a: Weezing
|
|t:|1779821043
|switch|p1a: Landorus|Landorus-Therian, M, tera:Water|14/100|[from] U-turn
|-ability|p1a: Landorus|Intimidate|boost
|-unboost|p2a: Weezing|atk|1
|move|p2a: Weezing|Sludge Wave|p1a: Landorus
|-damage|p1a: Landorus|0 fnt
|faint|p1a: Landorus
|
|upkeep
|
|t:|1779821046
|switch|p1a: Darkrai|Darkrai|100/100
|turn|11
|
|t:|1779821050
|move|p1a: Darkrai|Nasty Plot|p1a: Darkrai
|-boost|p1a: Darkrai|spa|2
|move|p2a: Weezing|Strange Steam|p1a: Darkrai
|-supereffective|p1a: Darkrai
|-damage|p1a: Darkrai|23/100
|
|upkeep
|turn|12
|
|t:|1779821072
|move|p1a: Darkrai|Sludge Bomb|p2a: Weezing
|-damage|p2a: Weezing|3/100
|move|p2a: Weezing|Strange Steam|p1a: Darkrai
|-supereffective|p1a: Darkrai
|-damage|p1a: Darkrai|0 fnt
|faint|p1a: Darkrai
|
|upkeep
|
|t:|1779821076
|switch|p1a: Ogerpon|Ogerpon, F|84/100
|turn|13
|
|t:|1779821080
|move|p1a: Ogerpon|Ivy Cudgel|p2a: Weezing
|-resisted|p2a: Weezing
|-damage|p2a: Weezing|0 fnt
|faint|p2a: Weezing
|
|upkeep
|
|t:|1779821082
|switch|p2a: Iron Valiant|Iron Valiant|100/100
|-enditem|p2a: Iron Valiant|Booster Energy
|-activate|p2a: Iron Valiant|ability: Quark Drive|[fromitem]
|-start|p2a: Iron Valiant|quarkdrivespe
|turn|14
|
|t:|1779821085
|move|p2a: Iron Valiant|Moonblast|p1a: Ogerpon
|-damage|p1a: Ogerpon|31/100
|-unboost|p1a: Ogerpon|spa|1
|-ability|p1a: Ogerpon|Defiant|boost
|-boost|p1a: Ogerpon|atk|2
|move|p1a: Ogerpon|Ivy Cudgel|p2a: Iron Valiant
|-crit|p2a: Iron Valiant
|-damage|p2a: Iron Valiant|0 fnt
|faint|p2a: Iron Valiant
|-end|p2a: Iron Valiant|Quark Drive|[silent]
|
|upkeep
|
|t:|1779821087
|switch|p2a: Cloyster|Cloyster, M, shiny|100/100
|turn|15
|
|t:|1779821095
|move|p1a: Ogerpon|Ivy Cudgel|p2a: Cloyster
|-supereffective|p2a: Cloyster
|-enditem|p2a: Cloyster|Focus Sash
|-damage|p2a: Cloyster|1/100
|move|p2a: Cloyster|Icicle Spear|p1a: Ogerpon
|-supereffective|p1a: Ogerpon
|-damage|p1a: Ogerpon|0 fnt
|faint|p1a: Ogerpon
|-hitcount|p1: Ogerpon|1
|
|win|Autistickid64
|raw|White Boy SZN's rating: 1471 &rarr; <strong>1449</strong><br />(-22 for losing)
|raw|Autistickid64's rating: 1438 &rarr; <strong>1460</strong><br />(+22 for winning)
|l|☆Autistickid64
|player|p2|
|l|☆White Boy SZN
|player|p1|
