|j|☆itstheboyjay
|j|☆leesley
|t:|1779942927
|gametype|singles
|player|p1|itstheboyjay|palmer|1060
|player|p2|leesley|gardenia|1050
|gen|9
|tier|[Gen 9] OU
|rated|
|rule|HP Percentage Mod: HP is shown in percentages
|rule|Endless Battle Clause: Forcing endless battles is banned
|rule|Species Clause: Limit one of each Pokémon
|rule|OHKO Clause: OHKO moves are banned
|rule|Evasion Items Clause: Evasion items are banned
|rule|Evasion Moves Clause: Evasion moves are banned
|rule|Evasion Abilities Clause: Evasion abilities are banned
|rule|Sleep Moves Clause: Sleep-inducing moves are banned
|clearpoke
|poke|p1|Vaporeon, M|
|poke|p1|Flareon, F|
|poke|p1|Sylveon, M|
|poke|p1|Leafeon, F|
|poke|p1|Espeon, F|
|poke|p1|Umbreon, F|
|poke|p2|Tinkaton, F|
|poke|p2|Corviknight, F|
|poke|p2|Ceruledge, F|
|poke|p2|Great Tusk|
|poke|p2|Meowscarada, F|
|poke|p2|Alomomola, F|
|teampreview
|
|t:|1779942944
|teamsize|p1|6
|teamsize|p2|6
|start
|switch|p1a: Flareon|Flareon, F, shiny|100/100
|switch|p2a: Tinkaton|Tinkaton, F|100/100
|-item|p2a: Tinkaton|Air Balloon
|turn|1
|
|t:|1779942959
|switch|p1a: Leafeon|Leafeon, F, shiny|100/100
|move|p2a: Tinkaton|Thunder Wave|p1a: Leafeon
|-status|p1a: Leafeon|par
|
|upkeep
|turn|2
|
|t:|1779942973
|move|p2a: Tinkaton|Ice Hammer|p1a: Leafeon
|-supereffective|p1a: Leafeon
|-damage|p1a: Leafeon|79/100 par
|-unboost|p2a: Tinkaton|spe|1
|-damage|p2a: Tinkaton|84/100|[from] item: Rocky Helmet|[of] p1a: Leafeon
|cant|p1a: Leafeon|par
|
|upkeep
|turn|3
|
|t:|1779942984
|move|p2a: Tinkaton|Ice Hammer|p1a: Leafeon|[miss]
|-miss|p2a: Tinkaton|p1a: Leafeon
|move|p1a: Leafeon|Knock Off|p2a: Tinkaton
|-resisted|p2a: Tinkaton
|-damage|p2a: Tinkaton|72/100
|-enditem|p2a: Tinkaton|Air Balloon
|-enditem|p1a: Leafeon|Rocky Helmet|[silent]|[from] ability: Pickpocket|[of] p1a: Leafeon
|-item|p2a: Tinkaton|Rocky Helmet|[from] ability: Pickpocket|[of] p1a: Leafeon
|
|upkeep
|turn|4
|
|t:|1779942998
|move|p2a: Tinkaton|Encore|p1a: Leafeon
|-start|p1a: Leafeon|Encore
|move|p1a: Leafeon|Knock Off|p2a: Tinkaton
|-resisted|p2a: Tinkaton
|-damage|p2a: Tinkaton|60/100
|-damage|p1a: Leafeon|62/100 par|[from] item: Rocky Helmet|[of] p2a: Tinkaton
|-enditem|p2a: Tinkaton|Rocky Helmet|[from] move: Knock Off|[of] p1a: Leafeon
|
|upkeep
|turn|5
|
|t:|1779943011
|switch|p1a: Vaporeon|Vaporeon, M, shiny|100/100
|move|p2a: Tinkaton|Ice Hammer|p1a: Vaporeon
|-resisted|p1a: Vaporeon
|-damage|p1a: Vaporeon|88/100
|-unboost|p2a: Tinkaton|spe|1
|
|upkeep
|turn|6
|
|t:|1779943034
|move|p1a: Vaporeon|Hydro Pump|p2a: Tinkaton
|-damage|p2a: Tinkaton|15/100
|move|p2a: Tinkaton|Thunder Wave|p1a: Vaporeon
|-status|p1a: Vaporeon|par
|
|upkeep
|turn|7
|
|t:|1779943043
|switch|p2a: Alomomola|Alomomola, F|100/100
|move|p1a: Vaporeon|Hydro Pump|p2a: Alomomola
|-resisted|p2a: Alomomola
|-damage|p2a: Alomomola|65/100
|
|upkeep
|turn|8
|
|t:|1779943065
|switch|p1a: Leafeon|Leafeon, F, shiny|62/100 par
|move|p2a: Alomomola|Wish|p2a: Alomomola
|
|upkeep
|turn|9
|
|t:|1779943089
|move|p2a: Alomomola|Flip Turn|p1a: Leafeon
|-resisted|p1a: Leafeon
|-damage|p1a: Leafeon|57/100 par
|
|t:|1779943093
|switch|p2a: Tinkaton|Tinkaton, F|15/100|[from] Flip Turn
|move|p1a: Leafeon|Wish|p1a: Leafeon
|
|-heal|p2a: Tinkaton|86/100|[from] move: Wish|[wisher] Alomomola
|upkeep
|turn|10
|
|t:|1779943151
|switch|p1a: Flareon|Flareon, F, shiny|100/100
|move|p2a: Tinkaton|Ice Hammer|p1a: Flareon
|-resisted|p1a: Flareon
|-damage|p1a: Flareon|85/100
|-unboost|p2a: Tinkaton|spe|1
|
|-heal|p1a: Flareon|100/100|[from] move: Wish|[wisher] Leafeon
|upkeep
|turn|11
|
|t:|1779943165
|move|p2a: Tinkaton|Thunder Wave|p1a: Flareon
|-status|p1a: Flareon|par
|move|p1a: Flareon|Overheat|p2a: Tinkaton|[miss]
|-miss|p1a: Flareon|p2a: Tinkaton
|
|upkeep
|turn|12
|
|t:|1779943201
|switch|p2a: Alomomola|Alomomola, F|99/100
|move|p1a: Flareon|Overheat|p2a: Alomomola
|-resisted|p2a: Alomomola
|-damage|p2a: Alomomola|48/100
|-unboost|p1a: Flareon|spa|2
|
|upkeep
|turn|13
|
|t:|1779943219
|switch|p1a: Vaporeon|Vaporeon, M, shiny|88/100 par
|move|p2a: Alomomola|Wish|p2a: Alomomola
|
|upkeep
|turn|14
|
|t:|1779943230
|move|p1a: Vaporeon|Flip Turn|p2a: Alomomola
|-resisted|p2a: Alomomola
|-damage|p2a: Alomomola|45/100
|
|t:|1779943235
|switch|p1a: Leafeon|Leafeon, F, shiny|57/100 par|[from] Flip Turn
|move|p2a: Alomomola|Scald|p1a: Leafeon
|-resisted|p1a: Leafeon
|-damage|p1a: Leafeon|47/100 par
|
|-heal|p2a: Alomomola|95/100|[from] move: Wish|[wisher] Alomomola
|upkeep
|turn|15
|
|t:|1779943251
|move|p2a: Alomomola|Flip Turn|p1a: Leafeon
|-resisted|p1a: Leafeon
|-damage|p1a: Leafeon|42/100 par
|
|t:|1779943254
|switch|p2a: Corviknight|Corviknight, F|100/100|[from] Flip Turn
|-ability|p2a: Corviknight|Pressure
|cant|p1a: Leafeon|par
|
|upkeep
|turn|16
|
|t:|1779943307
|move|p2a: Corviknight|Brave Bird|p1a: Leafeon
|-supereffective|p1a: Leafeon
|-damage|p1a: Leafeon|0 fnt
|faint|p1a: Leafeon
|-damage|p2a: Corviknight|89/100|[from] Recoil
|
|upkeep
|
|t:|1779943314
|switch|p1a: Flareon|Flareon, F, shiny|100/100 par
|turn|17
|
|t:|1779943328
|move|p2a: Corviknight|U-turn|p1a: Flareon
|-resisted|p1a: Flareon
|-damage|p1a: Flareon|89/100 par
|
|t:|1779943338
|switch|p2a: Alomomola|Alomomola, F|100/100|[from] U-turn
|cant|p1a: Flareon|par
|
|upkeep
|turn|18
|
|t:|1779943349
|switch|p1a: Espeon|Espeon, F, shiny|100/100
|move|p2a: Alomomola|Flip Turn|p1a: Espeon
|-damage|p1a: Espeon|68/100
|
|t:|1779943372
|switch|p2a: Ceruledge|Ceruledge, F|100/100|[from] Flip Turn
|
|upkeep
|turn|19
|
|t:|1779943392
|move|p2a: Ceruledge|Swords Dance|p2a: Ceruledge
|-boost|p2a: Ceruledge|atk|2
|move|p1a: Espeon|Power Gem|p2a: Ceruledge
|-supereffective|p2a: Ceruledge
|-damage|p2a: Ceruledge|37/100
|
|upkeep
|turn|20
|
|t:|1779943400
|switch|p1a: Flareon|Flareon, F, shiny|89/100 par
|move|p2a: Ceruledge|Poltergeist|p1a: Flareon
|-activate|p1a: Flareon|move: Poltergeist|Choice Specs
|-damage|p1a: Flareon|0 fnt
|faint|p1a: Flareon
|-damage|p2a: Ceruledge|27/100|[from] item: Life Orb
|
|upkeep
|-message|itstheboyjay forfeited.
|
|win|leesley
|raw|itstheboyjay's rating: 1060 &rarr; <strong>1040</strong><br />(-20 for losing)
|raw|leesley's rating: 1050 &rarr; <strong>1083</strong><br />(+33 for winning)
|l|☆itstheboyjay
|player|p1|
|l|☆leesley
|player|p2|
