|j|☆Kazuelasnt
|j|☆kuraiyagare
|t:|1779844288
|gametype|singles
|player|p1|Kazuelasnt|cress|1524
|player|p2|kuraiyagare|pokemonranger-gen4|1463
|gen|9
|tier|[Gen 9] OU
|rated|
|rule|HP Percentage Mod: HP is shown in percentages
|rule|Endless Battle Clause: Forcing endless battles is banned
|rule|Species Clause: Limit one of each Pokémon
|rule|OHKO Clause: OHKO moves are banned
|rule|Evasion Items Clause: Evasion items are banned
|rule|Evasion Moves Clause: Evasion moves are banned
|rule|Evasion Abilities Clause: Evasion abilities are banned
|rule|Sleep Moves Clause: Sleep-inducing moves are banned
|clearpoke
|poke|p1|Kleavor, M|
|poke|p1|Landorus-Therian, M|
|poke|p1|Gholdengo|
|poke|p1|Dragonite, F|
|poke|p1|Hatterene, F|
|poke|p1|Darkrai|
|poke|p2|Breloom, M|
|poke|p2|Gardevoir, F|
|poke|p2|Talonflame, F|
|poke|p2|Magnezone|
|poke|p2|Drifblim, F|
|poke|p2|Zangoose, F|
|teampreview
|inactive|Battle timer is ON: inactive players will automatically lose when time's up. (requested by Kazuelasnt)
|j| BandedAI
|c| BandedAI|heat spotted?
|inactive|kuraiyagare has 120 seconds left.
|c|☆Kazuelasnt|Thank you sirrr
|inactive|kuraiyagare has 90 seconds left.
|
|t:|1779844360
|teamsize|p1|6
|teamsize|p2|6
|start
|switch|p1a: Filo Señorial|Kleavor, M|100/100
|switch|p2a: Zangoose|Zangoose, F|100/100
|turn|1
|
|t:|1779844366
|move|p1a: Filo Señorial|Stone Axe|p2a: Zangoose
|-damage|p2a: Zangoose|3/100
|-sidestart|p2: kuraiyagare|move: Stealth Rock
|move|p2a: Zangoose|Counter|p1a: Filo Señorial
|-damage|p1a: Filo Señorial|0 fnt
|faint|p1a: Filo Señorial
|
|upkeep
|c| BandedAI|lol
|
|t:|1779844376
|switch|p1a: Duke|Darkrai, shiny|100/100
|turn|2
|
|t:|1779844380
|move|p2a: Zangoose|Quick Attack|p1a: Duke
|-damage|p1a: Duke|71/100
|move|p1a: Duke|Knock Off|p2a: Zangoose
|-damage|p2a: Zangoose|0 fnt
|-enditem|p2a: Zangoose|Focus Sash|[from] move: Knock Off|[of] p1a: Duke
|faint|p2a: Zangoose
|
|upkeep
|
|t:|1779844385
|switch|p2a: Vatra|Talonflame, F|100/100
|turn|3
|
|t:|1779844391
|move|p2a: Vatra|Defog|p1a: Duke
|-unboost|p1a: Duke|evasion|1
|-sideend|p2: kuraiyagare|Stealth Rock|[from] move: Defog|[of] p2a: Vatra
|move|p1a: Duke|Dark Pulse|p2a: Vatra
|-damage|p2a: Vatra|34/100
|
|upkeep
|turn|4
|
|t:|1779844400
|switch|p1a: HomeLANDOR|Landorus-Therian, M, shiny|100/100
|-ability|p1a: HomeLANDOR|Intimidate|boost
|-unboost|p2a: Vatra|atk|1
|move|p2a: Vatra|Flare Blitz|p1a: HomeLANDOR
|-damage|p1a: HomeLANDOR|69/100
|-damage|p2a: Vatra|17/100|[from] item: Rocky Helmet|[of] p1a: HomeLANDOR
|-damage|p2a: Vatra|4/100|[from] Recoil
|
|upkeep
|turn|5
|
|t:|1779844409
|move|p2a: Vatra|Will-O-Wisp|p1a: HomeLANDOR
|-status|p1a: HomeLANDOR|brn
|move|p1a: HomeLANDOR|U-turn|p2a: Vatra
|-resisted|p2a: Vatra
|-damage|p2a: Vatra|0 fnt
|faint|p2a: Vatra
|
|t:|1779844428
|switch|p1a: Duke|Darkrai, shiny|71/100|[from] U-turn
|
|upkeep
|
|t:|1779844447
|switch|p2a: Drastenie|Breloom, M|100/100
|turn|6
|inactive|Kazuelasnt has 120 seconds left.
|inactive|Kazuelasnt has 90 seconds left.
|
|t:|1779844510
|-terastallize|p1a: Duke|Ghost
|move|p1a: Duke|Ice Beam|p2a: Drastenie
|-supereffective|p2a: Drastenie
|-enditem|p2a: Drastenie|Focus Sash
|-damage|p2a: Drastenie|1/100
|move|p2a: Drastenie|Bulldoze|p1a: Duke
|-damage|p1a: Duke|21/100
|-unboost|p1a: Duke|spe|1
|
|upkeep
|turn|7
|
|t:|1779844518
|switch|p1a: HomeLANDOR|Landorus-Therian, M, shiny|69/100 brn
|-ability|p1a: HomeLANDOR|Intimidate|boost
|-unboost|p2a: Drastenie|atk|1
|move|p2a: Drastenie|Rock Tomb|p1a: HomeLANDOR
|-damage|p1a: HomeLANDOR|45/100 brn
|-unboost|p1a: HomeLANDOR|spe|1
|
|-damage|p1a: HomeLANDOR|39/100 brn|[from] brn
|upkeep
|turn|8
|
|t:|1779844528
|move|p2a: Drastenie|Mach Punch|p1a: HomeLANDOR
|-resisted|p1a: HomeLANDOR
|-damage|p1a: HomeLANDOR|28/100 brn
|-damage|p2a: Drastenie|0 fnt|[from] item: Rocky Helmet|[of] p1a: HomeLANDOR
|faint|p2a: Drastenie
|move|p1a: HomeLANDOR|U-turn|p2: Drastenie|[notarget]
|-fail|p1a: HomeLANDOR
|
|-damage|p1a: HomeLANDOR|21/100 brn|[from] brn
|upkeep
|
|t:|1779844531
|switch|p2a: drifflim|Drifblim, F|100/100
|turn|9
|
|t:|1779844533
|move|p2a: drifflim|Calm Mind|p2a: drifflim
|-boost|p2a: drifflim|spa|1
|-boost|p2a: drifflim|spd|1
|move|p1a: HomeLANDOR|Taunt|p2a: drifflim
|-start|p2a: drifflim|move: Taunt
|
|-damage|p1a: HomeLANDOR|15/100 brn|[from] brn
|upkeep
|turn|10
|
|t:|1779844537
|move|p2a: drifflim|Shadow Ball|p1a: HomeLANDOR
|-crit|p1a: HomeLANDOR
|-damage|p1a: HomeLANDOR|0 fnt
|faint|p1a: HomeLANDOR
|
|upkeep
|j| samurajen
|inactive|Kazuelasnt has 120 seconds left.
|
|t:|1779844555
|switch|p1a: Duke|Darkrai, shiny, tera:Ghost|21/100
|turn|11
|
|t:|1779844562
|move|p1a: Duke|Knock Off|p2a: drifflim
|-supereffective|p2a: drifflim
|-damage|p2a: drifflim|28/100
|-enditem|p2a: drifflim|Weakness Policy
|-boost|p2a: drifflim|atk|2|[from] item: Weakness Policy
|-boost|p2a: drifflim|spa|2|[from] item: Weakness Policy
|move|p2a: drifflim|Shadow Ball|p1a: Duke
|-supereffective|p1a: Duke
|-damage|p1a: Duke|0 fnt
|faint|p1a: Duke
|
|upkeep
|l| BandedAI
|
|t:|1779844575
|switch|p1a: Hattie|Hatterene, F|100/100
|turn|12
|inactive|Kazuelasnt has 120 seconds left.
|
|t:|1779844591
|move|p2a: drifflim|Shadow Ball|p1a: Hattie
|-supereffective|p1a: Hattie
|-damage|p1a: Hattie|0 fnt
|faint|p1a: Hattie
|
|-end|p2a: drifflim|move: Taunt
|upkeep
|inactive|Kazuelasnt has 120 seconds left.
|
|t:|1779844596
|switch|p1a: A Penny|Gholdengo|100/100
|-item|p1a: A Penny|Air Balloon
|turn|13
|
|t:|1779844600
|move|p2a: drifflim|Shadow Ball|p1a: A Penny
|-supereffective|p1a: A Penny
|-damage|p1a: A Penny|0 fnt
|-enditem|p1a: A Penny|Air Balloon
|faint|p1a: A Penny
|
|upkeep
|
|t:|1779844602
|switch|p1a: Alba|Dragonite, F, shiny|100/100
|turn|14
|c|☆Kazuelasnt|Welp
|c|☆Kazuelasnt|I choked
|c|☆Kazuelasnt|Gg tho
|-message|Kazuelasnt forfeited.
|
|win|kuraiyagare
|raw|Kazuelasnt's rating: 1524 &rarr; <strong>1501</strong><br />(-23 for losing)
|raw|kuraiyagare's rating: 1463 &rarr; <strong>1486</strong><br />(+23 for winning)
|l|☆Kazuelasnt
|player|p1|
|l|☆kuraiyagare
|player|p2|
