|j|☆claudechamp
|j|☆vol2eli
|t:|1779823032
|gametype|singles
|player|p1|claudechamp|265|1208
|player|p2|vol2eli|lance|1182
|gen|9
|tier|[Gen 9] OU
|rated|
|rule|HP Percentage Mod: HP is shown in percentages
|rule|Endless Battle Clause: Forcing endless battles is banned
|rule|Species Clause: Limit one of each Pokémon
|rule|OHKO Clause: OHKO moves are banned
|rule|Evasion Items Clause: Evasion items are banned
|rule|Evasion Moves Clause: Evasion moves are banned
|rule|Evasion Abilities Clause: Evasion abilities are banned
|rule|Sleep Moves Clause: Sleep-inducing moves are banned
|clearpoke
|poke|p1|Corviknight, F|
|poke|p1|Ting-Lu|
|poke|p1|Kyurem|
|poke|p1|Dondozo, M|
|poke|p1|Slowking-Galar, M|
|poke|p1|Cinderace, F|
|poke|p2|Garganacl, M|
|poke|p2|Corviknight, F|
|poke|p2|Scizor, M|
|poke|p2|Raging Bolt|
|poke|p2|Ogerpon-Wellspring, F|
|poke|p2|Ting-Lu|
|teampreview
|inactive|Battle timer is ON: inactive players will automatically lose when time's up. (requested by vol2eli)
|c|☆claudechamp|hf
|inactive|claudechamp also wants the timer to be on.
|
|t:|1779823040
|teamsize|p1|6
|teamsize|p2|6
|start
|switch|p1a: Cinderace|Cinderace, F|100/100
|switch|p2a: Ting-Lu|Ting-Lu, shiny|100/100
|-ability|p2a: Ting-Lu|Vessel of Ruin
|turn|1
|c|☆vol2eli|u2
|inactive|claudechamp has 120 seconds left.
|
|t:|1779823078
|move|p1a: Cinderace|Pyro Ball|p2a: Ting-Lu|[miss]
|-miss|p1a: Cinderace|p2a: Ting-Lu
|move|p2a: Ting-Lu|Stealth Rock|p1a: Cinderace
|-sidestart|p1: claudechamp|move: Stealth Rock
|
|upkeep
|turn|2
|
|t:|1779823083
|move|p1a: Cinderace|Court Change|p1a: Cinderace
|-swapsideconditions
|-activate|p1a: Cinderace|move: Court Change
|move|p2a: Ting-Lu|Earthquake|p1a: Cinderace
|-supereffective|p1a: Cinderace
|-damage|p1a: Cinderace|17/100
|
|upkeep
|turn|3
|
|t:|1779823091
|move|p1a: Cinderace|U-turn|p2a: Ting-Lu
|-supereffective|p2a: Ting-Lu
|-damage|p2a: Ting-Lu|80/100
|
|t:|1779823101
|switch|p1a: Kyurem|Kyurem|100/100|[from] U-turn
|-ability|p1a: Kyurem|Pressure
|move|p2a: Ting-Lu|Stealth Rock|p1a: Kyurem
|-sidestart|p1: claudechamp|move: Stealth Rock
|
|-heal|p2a: Ting-Lu|86/100|[from] item: Leftovers
|upkeep
|turn|4
|
|t:|1779823116
|move|p1a: Kyurem|Freeze-Dry|p2a: Ting-Lu
|-supereffective|p2a: Ting-Lu
|-damage|p2a: Ting-Lu|56/100
|move|p2a: Ting-Lu|Whirlwind|p1a: Kyurem
|drag|p1a: Ting-Lu|Ting-Lu|100/100
|-damage|p1a: Ting-Lu|94/100|[from] Stealth Rock
|-ability|p1a: Ting-Lu|Vessel of Ruin
|
|-heal|p1a: Ting-Lu|100/100|[from] item: Leftovers
|-heal|p2a: Ting-Lu|62/100|[from] item: Leftovers
|upkeep
|turn|5
|
|t:|1779823129
|move|p1a: Ting-Lu|Earthquake|p2a: Ting-Lu
|-damage|p2a: Ting-Lu|43/100
|move|p2a: Ting-Lu|Ruination|p1a: Ting-Lu
|-damage|p1a: Ting-Lu|50/100
|
|-heal|p2a: Ting-Lu|50/100|[from] item: Leftovers
|-heal|p1a: Ting-Lu|57/100|[from] item: Leftovers
|upkeep
|turn|6
|
|t:|1779823139
|move|p1a: Ting-Lu|Earthquake|p2a: Ting-Lu
|-damage|p2a: Ting-Lu|29/100
|move|p2a: Ting-Lu|Whirlwind|p1a: Ting-Lu
|drag|p1a: Corviknight|Corviknight, F|100/100
|-damage|p1a: Corviknight|88/100|[from] Stealth Rock
|-ability|p1a: Corviknight|Pressure
|
|-heal|p2a: Ting-Lu|35/100|[from] item: Leftovers
|upkeep
|turn|7
|
|t:|1779823152
|move|p1a: Corviknight|U-turn|p2a: Ting-Lu
|-supereffective|p2a: Ting-Lu
|-damage|p2a: Ting-Lu|19/100
|
|t:|1779823161
|switch|p1a: Dondozo|Dondozo, M|100/100|[from] U-turn
|-damage|p1a: Dondozo|88/100|[from] Stealth Rock
|move|p2a: Ting-Lu|Ruination|p1a: Dondozo
|-damage|p1a: Dondozo|44/100
|
|-heal|p2a: Ting-Lu|26/100|[from] item: Leftovers
|-heal|p1a: Dondozo|51/100|[from] item: Leftovers
|upkeep
|turn|8
|
|t:|1779823170
|move|p1a: Dondozo|Body Press|p2a: Ting-Lu
|-supereffective|p2a: Ting-Lu
|-damage|p2a: Ting-Lu|2/100
|move|p2a: Ting-Lu|Whirlwind|p1a: Dondozo
|drag|p1a: Kyurem|Kyurem|100/100
|-damage|p1a: Kyurem|75/100|[from] Stealth Rock
|-ability|p1a: Kyurem|Pressure
|
|-heal|p1a: Kyurem|82/100|[from] item: Leftovers
|-heal|p2a: Ting-Lu|8/100|[from] item: Leftovers
|upkeep
|turn|9
|
|t:|1779823183
|move|p1a: Kyurem|Earth Power|p2a: Ting-Lu
|-damage|p2a: Ting-Lu|0 fnt
|faint|p2a: Ting-Lu
|
|-heal|p1a: Kyurem|88/100|[from] item: Leftovers
|upkeep
|
|t:|1779823187
|switch|p2a: Scizor|Scizor, M|100/100
|-damage|p2a: Scizor|88/100|[from] Stealth Rock
|turn|10
|
|t:|1779823192
|move|p1a: Kyurem|Freeze-Dry|p2a: Scizor
|-resisted|p2a: Scizor
|-damage|p2a: Scizor|64/100
|move|p2a: Scizor|U-turn|p1a: Kyurem
|-damage|p1a: Kyurem|36/100
|
|t:|1779823201
|switch|p2a: Ogerpon|Ogerpon-Wellspring, F|100/100|[from] U-turn
|-damage|p2a: Ogerpon|88/100|[from] Stealth Rock
|
|-heal|p1a: Kyurem|42/100|[from] item: Leftovers
|upkeep
|turn|11
|
|t:|1779823210
|move|p2a: Ogerpon|Play Rough|p1a: Kyurem
|-supereffective|p1a: Kyurem
|-damage|p1a: Kyurem|0 fnt
|faint|p1a: Kyurem
|
|upkeep
|
|t:|1779823227
|switch|p1a: Cinderace|Cinderace, F|17/100
|turn|12
|
|t:|1779823235
|switch|p2a: Garganacl|Garganacl, M|100/100
|-damage|p2a: Garganacl|88/100|[from] Stealth Rock
|move|p1a: Cinderace|Pyro Ball|p2a: Garganacl
|-resisted|p2a: Garganacl
|-damage|p2a: Garganacl|63/100
|
|-heal|p2a: Garganacl|69/100|[from] item: Leftovers
|upkeep
|turn|13
|
|t:|1779823244
|move|p1a: Cinderace|U-turn|p2a: Garganacl
|-damage|p2a: Garganacl|56/100
|
|t:|1779823251
|switch|p1a: Ting-Lu|Ting-Lu|57/100|[from] U-turn
|-damage|p1a: Ting-Lu|50/100|[from] Stealth Rock
|-ability|p1a: Ting-Lu|Vessel of Ruin
|move|p2a: Garganacl|Salt Cure|p1a: Ting-Lu
|-resisted|p1a: Ting-Lu
|-damage|p1a: Ting-Lu|47/100
|-start|p1a: Ting-Lu|Salt Cure
|
|-heal|p1a: Ting-Lu|53/100|[from] item: Leftovers
|-heal|p2a: Garganacl|62/100|[from] item: Leftovers
|-damage|p1a: Ting-Lu|40/100|[from] Salt Cure
|upkeep
|turn|14
|
|t:|1779823266
|move|p1a: Ting-Lu|Earthquake|p2a: Garganacl
|-supereffective|p2a: Garganacl
|-damage|p2a: Garganacl|15/100
|move|p2a: Garganacl|Iron Defense|p2a: Garganacl
|-boost|p2a: Garganacl|def|2
|
|-heal|p1a: Ting-Lu|47/100|[from] item: Leftovers
|-heal|p2a: Garganacl|22/100|[from] item: Leftovers
|-damage|p1a: Ting-Lu|34/100|[from] Salt Cure
|upkeep
|turn|15
|
|t:|1779823276
|switch|p2a: Corviknight|Corviknight, F|100/100
|-damage|p2a: Corviknight|88/100|[from] Stealth Rock
|-ability|p2a: Corviknight|Pressure
|move|p1a: Ting-Lu|Earthquake|p2a: Corviknight
|-immune|p2a: Corviknight
|
|-heal|p1a: Ting-Lu|40/100|[from] item: Leftovers
|-damage|p1a: Ting-Lu|28/100|[from] Salt Cure
|upkeep
|turn|16
|
|t:|1779823287
|move|p2a: Corviknight|U-turn|p1a: Ting-Lu
|-supereffective|p1a: Ting-Lu
|-damage|p1a: Ting-Lu|12/100
|
|t:|1779823292
|switch|p2a: Garganacl|Garganacl, M|22/100|[from] U-turn
|-damage|p2a: Garganacl|9/100|[from] Stealth Rock
|move|p1a: Ting-Lu|Rest|p1a: Ting-Lu
|-status|p1a: Ting-Lu|slp|[from] move: Rest
|-heal|p1a: Ting-Lu|100/100 slp|[silent]
|
|-heal|p2a: Garganacl|15/100|[from] item: Leftovers
|-damage|p1a: Ting-Lu|88/100 slp|[from] Salt Cure
|upkeep
|turn|17
|
|t:|1779823311
|switch|p1a: Slowking|Slowking-Galar, M|100/100
|-damage|p1a: Slowking|88/100|[from] Stealth Rock
|move|p2a: Garganacl|Recover|p2a: Garganacl
|-heal|p2a: Garganacl|66/100
|
|-heal|p2a: Garganacl|72/100|[from] item: Leftovers
|upkeep
|turn|18
|
|t:|1779823320
|move|p2a: Garganacl|Salt Cure|p1a: Slowking
|-damage|p1a: Slowking|78/100
|-start|p1a: Slowking|Salt Cure
|move|p1a: Slowking|Future Sight|p2a: Garganacl
|-start|p1a: Slowking|move: Future Sight
|
|-heal|p2a: Garganacl|78/100|[from] item: Leftovers
|-damage|p1a: Slowking|65/100|[from] Salt Cure
|upkeep
|turn|19
|
|t:|1779823330
|move|p2a: Garganacl|Recover|p2a: Garganacl
|-heal|p2a: Garganacl|100/100
|move|p1a: Slowking|Future Sight||[still]
|-fail|p1a: Slowking
|
|-damage|p1a: Slowking|53/100|[from] Salt Cure
|upkeep
|turn|20
|
|t:|1779823337
|move|p2a: Garganacl|Salt Cure|p1a: Slowking
|-damage|p1a: Slowking|42/100
|move|p1a: Slowking|Sludge Bomb|p2a: Garganacl
|-resisted|p2a: Garganacl
|-damage|p2a: Garganacl|90/100
|
|-end|p2a: Garganacl|move: Future Sight
|-damage|p2a: Garganacl|61/100
|-heal|p2a: Garganacl|67/100|[from] item: Leftovers
|-damage|p1a: Slowking|30/100|[from] Salt Cure
|upkeep
|turn|21
|
|t:|1779823349
|switch|p1a: Ting-Lu|Ting-Lu|88/100 slp
|-damage|p1a: Ting-Lu|82/100 slp|[from] Stealth Rock
|-ability|p1a: Ting-Lu|Vessel of Ruin
|move|p2a: Garganacl|Salt Cure|p1a: Ting-Lu
|-resisted|p1a: Ting-Lu
|-damage|p1a: Ting-Lu|78/100 slp
|-start|p1a: Ting-Lu|Salt Cure
|
|-heal|p1a: Ting-Lu|84/100 slp|[from] item: Leftovers
|-heal|p2a: Garganacl|73/100|[from] item: Leftovers
|-damage|p1a: Ting-Lu|72/100 slp|[from] Salt Cure
|upkeep
|turn|22
|
|t:|1779823357
|cant|p1a: Ting-Lu|slp
|move|p2a: Garganacl|Iron Defense|p2a: Garganacl
|-boost|p2a: Garganacl|def|2
|
|-heal|p1a: Ting-Lu|78/100 slp|[from] item: Leftovers
|-heal|p2a: Garganacl|79/100|[from] item: Leftovers
|-damage|p1a: Ting-Lu|65/100 slp|[from] Salt Cure
|upkeep
|turn|23
|
|t:|1779823363
|cant|p1a: Ting-Lu|slp
|move|p2a: Garganacl|Body Press|p1a: Ting-Lu
|-supereffective|p1a: Ting-Lu
|-damage|p1a: Ting-Lu|14/100 slp
|
|-heal|p1a: Ting-Lu|20/100 slp|[from] item: Leftovers
|-heal|p2a: Garganacl|85/100|[from] item: Leftovers
|-damage|p1a: Ting-Lu|7/100 slp|[from] Salt Cure
|upkeep
|turn|24
|
|t:|1779823374
|-curestatus|p1a: Ting-Lu|slp|[msg]
|move|p1a: Ting-Lu|Rest|p1a: Ting-Lu
|-status|p1a: Ting-Lu|slp|[from] move: Rest
|-heal|p1a: Ting-Lu|100/100 slp|[silent]
|move|p2a: Garganacl|Body Press|p1a: Ting-Lu
|-supereffective|p1a: Ting-Lu
|-damage|p1a: Ting-Lu|53/100 slp
|
|-heal|p1a: Ting-Lu|59/100 slp|[from] item: Leftovers
|-heal|p2a: Garganacl|92/100|[from] item: Leftovers
|-damage|p1a: Ting-Lu|46/100 slp|[from] Salt Cure
|upkeep
|turn|25
|
|t:|1779823387
|cant|p1a: Ting-Lu|slp
|move|p2a: Garganacl|Body Press|p1a: Ting-Lu
|-supereffective|p1a: Ting-Lu
|-damage|p1a: Ting-Lu|0 fnt
|faint|p1a: Ting-Lu
|
|-heal|p2a: Garganacl|98/100|[from] item: Leftovers
|upkeep
|
|t:|1779823398
|switch|p1a: Slowking|Slowking-Galar, M|63/100
|-damage|p1a: Slowking|51/100|[from] Stealth Rock
|turn|26
|
|t:|1779823411
|move|p2a: Garganacl|Salt Cure|p1a: Slowking
|-damage|p1a: Slowking|41/100
|-start|p1a: Slowking|Salt Cure
|-prepare|p1a: Slowking|Chilly Reception|[premajor]
|move|p1a: Slowking|Chilly Reception|p1a: Slowking
|-weather|Snowscape
|
|t:|1779823423
|switch|p1a: Dondozo|Dondozo, M|51/100|[from] Chilly Reception
|-damage|p1a: Dondozo|38/100|[from] Stealth Rock
|
|-weather|Snowscape|[upkeep]
|-heal|p2a: Garganacl|100/100|[from] item: Leftovers
|-heal|p1a: Dondozo|44/100|[from] item: Leftovers
|upkeep
|turn|27
|
|t:|1779823430
|move|p2a: Garganacl|Salt Cure|p1a: Dondozo
|-damage|p1a: Dondozo|36/100
|-start|p1a: Dondozo|Salt Cure
|move|p1a: Dondozo|Waterfall|p2a: Garganacl
|-supereffective|p2a: Garganacl
|-damage|p2a: Garganacl|63/100
|
|-weather|Snowscape|[upkeep]
|-heal|p2a: Garganacl|69/100|[from] item: Leftovers
|-heal|p1a: Dondozo|42/100|[from] item: Leftovers
|-damage|p1a: Dondozo|17/100|[from] Salt Cure
|upkeep
|turn|28
|
|t:|1779823448
|move|p2a: Garganacl|Recover|p2a: Garganacl
|-heal|p2a: Garganacl|100/100
|move|p1a: Dondozo|Rest|p1a: Dondozo
|-status|p1a: Dondozo|slp|[from] move: Rest
|-heal|p1a: Dondozo|100/100 slp|[silent]
|
|-weather|Snowscape|[upkeep]
|-damage|p1a: Dondozo|76/100 slp|[from] Salt Cure
|upkeep
|turn|29
|
|t:|1779823456
|move|p2a: Garganacl|Iron Defense|p2a: Garganacl
|-boost|p2a: Garganacl|def|2
|cant|p1a: Dondozo|slp
|
|-weather|Snowscape|[upkeep]
|-heal|p1a: Dondozo|82/100 slp|[from] item: Leftovers
|-damage|p1a: Dondozo|57/100 slp|[from] Salt Cure
|upkeep
|turn|30
|
|t:|1779823463
|move|p2a: Garganacl|Iron Defense|p2a: Garganacl
|-boost|p2a: Garganacl|def|2
|cant|p1a: Dondozo|slp
|
|-weather|none
|-heal|p1a: Dondozo|63/100 slp|[from] item: Leftovers
|-damage|p1a: Dondozo|38/100 slp|[from] Salt Cure
|upkeep
|turn|31
|
|t:|1779823471
|switch|p1a: Slowking|Slowking-Galar, M|74/100
|-damage|p1a: Slowking|62/100|[from] Stealth Rock
|move|p2a: Garganacl|Body Press|p1a: Slowking
|-resisted|p1a: Slowking
|-damage|p1a: Slowking|46/100
|
|upkeep
|turn|32
|
|t:|1779823479
|move|p2a: Garganacl|Salt Cure|p1a: Slowking
|-damage|p1a: Slowking|36/100
|-start|p1a: Slowking|Salt Cure
|-prepare|p1a: Slowking|Chilly Reception|[premajor]
|move|p1a: Slowking|Chilly Reception|p1a: Slowking
|-weather|Snowscape
|
|t:|1779823490
|switch|p1a: Dondozo|Dondozo, M|38/100 slp|[from] Chilly Reception
|-damage|p1a: Dondozo|26/100 slp|[from] Stealth Rock
|
|-weather|Snowscape|[upkeep]
|-heal|p1a: Dondozo|32/100 slp|[from] item: Leftovers
|upkeep
|turn|33
|
|t:|1779823501
|move|p2a: Garganacl|Body Press|p1a: Dondozo
|-damage|p1a: Dondozo|18/100 slp
|-curestatus|p1a: Dondozo|slp|[msg]
|move|p1a: Dondozo|Rest|p1a: Dondozo
|-status|p1a: Dondozo|slp|[from] move: Rest
|-heal|p1a: Dondozo|100/100 slp|[silent]
|
|-weather|Snowscape|[upkeep]
|upkeep
|turn|34
|
|t:|1779823516
|move|p2a: Garganacl|Salt Cure|p1a: Dondozo
|-damage|p1a: Dondozo|93/100 slp
|-start|p1a: Dondozo|Salt Cure
|cant|p1a: Dondozo|slp
|
|-weather|Snowscape|[upkeep]
|-heal|p1a: Dondozo|99/100 slp|[from] item: Leftovers
|-damage|p1a: Dondozo|74/100 slp|[from] Salt Cure
|upkeep
|turn|35
|
|t:|1779823530
|move|p2a: Garganacl|Body Press|p1a: Dondozo
|-damage|p1a: Dondozo|61/100 slp
|cant|p1a: Dondozo|slp
|
|-weather|Snowscape|[upkeep]
|-heal|p1a: Dondozo|67/100 slp|[from] item: Leftovers
|-damage|p1a: Dondozo|42/100 slp|[from] Salt Cure
|upkeep
|turn|36
|
|t:|1779823540
|switch|p1a: Slowking|Slowking-Galar, M|69/100
|-damage|p1a: Slowking|56/100|[from] Stealth Rock
|move|p2a: Garganacl|Body Press|p1a: Slowking
|-resisted|p1a: Slowking
|-damage|p1a: Slowking|39/100
|
|-weather|none
|upkeep
|turn|37
|
|t:|1779823554
|move|p2a: Garganacl|Salt Cure|p1a: Slowking
|-damage|p1a: Slowking|28/100
|-start|p1a: Slowking|Salt Cure
|-prepare|p1a: Slowking|Chilly Reception|[premajor]
|move|p1a: Slowking|Chilly Reception|p1a: Slowking
|-weather|Snowscape
|
|t:|1779823564
|switch|p1a: Dondozo|Dondozo, M|42/100 slp|[from] Chilly Reception
|-damage|p1a: Dondozo|30/100 slp|[from] Stealth Rock
|
|-weather|Snowscape|[upkeep]
|-heal|p1a: Dondozo|36/100 slp|[from] item: Leftovers
|upkeep
|turn|38
|
|t:|1779823575
|move|p2a: Garganacl|Salt Cure|p1a: Dondozo
|-damage|p1a: Dondozo|28/100 slp
|-start|p1a: Dondozo|Salt Cure
|-curestatus|p1a: Dondozo|slp|[msg]
|move|p1a: Dondozo|Rest|p1a: Dondozo
|-status|p1a: Dondozo|slp|[from] move: Rest
|-heal|p1a: Dondozo|100/100 slp|[silent]
|
|-weather|Snowscape|[upkeep]
|-damage|p1a: Dondozo|76/100 slp|[from] Salt Cure
|upkeep
|turn|39
|c|☆vol2eli|my guy what is the point in this
|
|t:|1779823587
|move|p2a: Garganacl|Body Press|p1a: Dondozo
|-damage|p1a: Dondozo|63/100 slp
|cant|p1a: Dondozo|slp
|
|-weather|Snowscape|[upkeep]
|-heal|p1a: Dondozo|69/100 slp|[from] item: Leftovers
|-damage|p1a: Dondozo|44/100 slp|[from] Salt Cure
|upkeep
|turn|40
|
|t:|1779823597
|move|p2a: Garganacl|Body Press|p1a: Dondozo
|-damage|p1a: Dondozo|29/100 slp
|cant|p1a: Dondozo|slp
|
|-weather|Snowscape|[upkeep]
|-heal|p1a: Dondozo|35/100 slp|[from] item: Leftovers
|-damage|p1a: Dondozo|10/100 slp|[from] Salt Cure
|upkeep
|turn|41
|
|t:|1779823610
|switch|p1a: Slowking|Slowking-Galar, M|61/100
|-damage|p1a: Slowking|49/100|[from] Stealth Rock
|move|p2a: Garganacl|Body Press|p1a: Slowking
|-resisted|p1a: Slowking
|-damage|p1a: Slowking|33/100
|
|-weather|none
|upkeep
|turn|42
|
|t:|1779823624
|move|p2a: Garganacl|Salt Cure|p1a: Slowking
|-damage|p1a: Slowking|24/100
|-start|p1a: Slowking|Salt Cure
|-prepare|p1a: Slowking|Chilly Reception|[premajor]
|move|p1a: Slowking|Chilly Reception|p1a: Slowking
|-weather|Snowscape
|
|t:|1779823635
|switch|p1a: Cinderace|Cinderace, F|17/100|[from] Chilly Reception
|
|-weather|Snowscape|[upkeep]
|upkeep
|turn|43
|
|t:|1779823648
|move|p1a: Cinderace|U-turn|p2a: Garganacl
|-damage|p2a: Garganacl|97/100
|
|t:|1779823661
|switch|p1a: Slowking|Slowking-Galar, M|57/100|[from] U-turn
|-damage|p1a: Slowking|44/100|[from] Stealth Rock
|move|p2a: Garganacl|Salt Cure|p1a: Slowking
|-damage|p1a: Slowking|34/100
|-start|p1a: Slowking|Salt Cure
|
|-weather|Snowscape|[upkeep]
|-heal|p2a: Garganacl|100/100|[from] item: Leftovers
|-damage|p1a: Slowking|21/100|[from] Salt Cure
|upkeep
|turn|44
|
|t:|1779823670
|move|p2a: Garganacl|Body Press|p1a: Slowking
|-resisted|p1a: Slowking
|-damage|p1a: Slowking|4/100
|move|p1a: Slowking|Future Sight|p2a: Garganacl
|-start|p1a: Slowking|move: Future Sight
|
|-weather|Snowscape|[upkeep]
|-damage|p1a: Slowking|0 fnt|[from] Salt Cure
|faint|p1a: Slowking
|upkeep
|
|t:|1779823685
|switch|p1a: Corviknight|Corviknight, F|88/100
|-damage|p1a: Corviknight|76/100|[from] Stealth Rock
|-ability|p1a: Corviknight|Pressure
|turn|45
|
|t:|1779823698
|-terastallize|p1a: Corviknight|Dragon
|move|p1a: Corviknight|Roost|p1a: Corviknight
|-heal|p1a: Corviknight|100/100
|move|p2a: Garganacl|Body Press|p1a: Corviknight
|-damage|p1a: Corviknight|49/100
|-damage|p2a: Garganacl|84/100|[from] item: Rocky Helmet|[of] p1a: Corviknight
|
|-weather|Snowscape|[upkeep]
|-heal|p2a: Garganacl|90/100|[from] item: Leftovers
|upkeep
|turn|46
|
|t:|1779823712
|move|p1a: Corviknight|U-turn|p2a: Garganacl
|-damage|p2a: Garganacl|87/100
|
|t:|1779823726
|switch|p1a: Dondozo|Dondozo, M|10/100 slp|[from] U-turn
|-damage|p1a: Dondozo|0 fnt|[from] Stealth Rock
|faint|p1a: Dondozo
|move|p2a: Garganacl|Salt Cure|p1: Dondozo|[notarget]
|-fail|p2a: Garganacl
|
|-weather|none
|-end|p2a: Garganacl|move: Future Sight
|-damage|p2a: Garganacl|57/100
|-heal|p2a: Garganacl|63/100|[from] item: Leftovers
|upkeep
|inactive|claudechamp has 120 seconds left.
|
|t:|1779823740
|switch|p1a: Cinderace|Cinderace, F|17/100
|turn|47
|
|t:|1779823748
|move|p1a: Cinderace|Pyro Ball|p2a: Garganacl
|-resisted|p2a: Garganacl
|-damage|p2a: Garganacl|57/100
|move|p2a: Garganacl|Salt Cure|p1a: Cinderace
|-supereffective|p1a: Cinderace
|-damage|p1a: Cinderace|0 fnt
|faint|p1a: Cinderace
|
|-heal|p2a: Garganacl|63/100|[from] item: Leftovers
|upkeep
|inactive|claudechamp has 120 seconds left.
|
|t:|1779823764
|switch|p1a: Corviknight|Corviknight, F, tera:Dragon|49/100
|-damage|p1a: Corviknight|37/100|[from] Stealth Rock
|-ability|p1a: Corviknight|Pressure
|turn|48
|inactive|claudechamp has 120 seconds left.
|
|t:|1779823777
|move|p1a: Corviknight|Roost|p1a: Corviknight
|-heal|p1a: Corviknight|87/100
|move|p2a: Garganacl|Salt Cure|p1a: Corviknight
|-damage|p1a: Corviknight|78/100
|-start|p1a: Corviknight|Salt Cure
|
|-heal|p2a: Garganacl|69/100|[from] item: Leftovers
|-damage|p1a: Corviknight|65/100|[from] Salt Cure
|upkeep
|turn|49
|inactive|claudechamp has 120 seconds left.
|
|t:|1779823787
|move|p1a: Corviknight|U-turn|p2a: Garganacl
|-crit|p2a: Garganacl
|-damage|p2a: Garganacl|54/100
|move|p2a: Garganacl|Body Press|p1a: Corviknight
|-damage|p1a: Corviknight|9/100
|-damage|p2a: Garganacl|37/100|[from] item: Rocky Helmet|[of] p1a: Corviknight
|
|-heal|p2a: Garganacl|44/100|[from] item: Leftovers
|-damage|p1a: Corviknight|0 fnt|[from] Salt Cure
|faint|p1a: Corviknight
|
|win|vol2eli
|raw|claudechamp's rating: 1192 &rarr; <strong>1166</strong><br />(-26 for losing)
|raw|vol2eli's rating: 1182 &rarr; <strong>1208</strong><br />(+26 for winning)
|c|☆claudechamp|gg
|c|☆vol2eli|gg
