|j|☆claudechamp
|j|☆EdrenalineKick
|t:|1779799488
|gametype|singles
|player|p1|claudechamp|265|1287
|player|p2|EdrenalineKick|2|1334
|gen|9
|tier|[Gen 9] OU
|rated|
|rule|HP Percentage Mod: HP is shown in percentages
|rule|Endless Battle Clause: Forcing endless battles is banned
|rule|Species Clause: Limit one of each Pokémon
|rule|OHKO Clause: OHKO moves are banned
|rule|Evasion Items Clause: Evasion items are banned
|rule|Evasion Moves Clause: Evasion moves are banned
|rule|Evasion Abilities Clause: Evasion abilities are banned
|rule|Sleep Moves Clause: Sleep-inducing moves are banned
|clearpoke
|poke|p1|Gliscor, F|
|poke|p1|Gholdengo|
|poke|p1|Zamazenta-*|
|poke|p1|Blissey, F|
|poke|p1|Skarmory, F|
|poke|p1|Pecharunt|
|poke|p2|Meowscarada, M|
|poke|p2|Weavile, M|
|poke|p2|Gliscor, F|
|poke|p2|Great Tusk|
|poke|p2|Alomomola, M|
|poke|p2|Slowking-Galar, M|
|teampreview
|c|☆claudechamp|hf
|inactive|Battle timer is ON: inactive players will automatically lose when time's up. (requested by claudechamp)
|
|t:|1779799507
|teamsize|p1|6
|teamsize|p2|6
|start
|switch|p1a: Skarmory|Skarmory, F|100/100
|switch|p2a: Nine Lives|Alomomola, M|100/100
|turn|1
|
|t:|1779799518
|move|p1a: Skarmory|Spikes|p2a: Nine Lives
|-sidestart|p2: EdrenalineKick|Spikes
|move|p2a: Nine Lives|Scald|p1a: Skarmory
|-damage|p1a: Skarmory|82/100
|-status|p1a: Skarmory|brn
|
|-damage|p1a: Skarmory|76/100 brn|[from] brn
|upkeep
|turn|2
|
|t:|1779799528
|switch|p2a: Friskies|Gliscor, F|100/100
|move|p1a: Skarmory|Spikes|p2a: Friskies
|-sidestart|p2: EdrenalineKick|Spikes
|
|-damage|p1a: Skarmory|70/100 brn|[from] brn
|-status|p2a: Friskies|tox|[from] item: Toxic Orb
|upkeep
|turn|3
|
|t:|1779799536
|move|p2a: Friskies|Spikes|p1a: Skarmory
|-sidestart|p1: claudechamp|Spikes
|move|p1a: Skarmory|Spikes|p2a: Friskies
|-sidestart|p2: EdrenalineKick|Spikes
|
|-damage|p1a: Skarmory|64/100 brn|[from] brn
|upkeep
|turn|4
|
|t:|1779799543
|move|p2a: Friskies|Spikes|p1a: Skarmory
|-sidestart|p1: claudechamp|Spikes
|move|p1a: Skarmory|Roost|p1a: Skarmory
|-heal|p1a: Skarmory|100/100 brn
|-singleturn|p1a: Skarmory|move: Roost
|
|-damage|p1a: Skarmory|95/100 brn|[from] brn
|upkeep
|turn|5
|
|t:|1779799553
|switch|p1a: Gliscor|Gliscor, F|100/100
|move|p2a: Friskies|Spikes|p1a: Gliscor
|-sidestart|p1: claudechamp|Spikes
|
|-status|p1a: Gliscor|tox|[from] item: Toxic Orb
|upkeep
|turn|6
|
|t:|1779799566
|switch|p2a: Bubbles|Weavile, M, shiny|100/100
|move|p1a: Gliscor|Swords Dance|p1a: Gliscor
|-boost|p1a: Gliscor|atk|2
|
|upkeep
|turn|7
|
|t:|1779799572
|move|p2a: Bubbles|Triple Axel|p1a: Gliscor
|-supereffective|p1a: Gliscor
|-damage|p1a: Gliscor|66/100 tox
|-supereffective|p1a: Gliscor
|-crit|p1a: Gliscor
|-damage|p1a: Gliscor|0 fnt
|faint|p1a: Gliscor
|-hitcount|p1: Gliscor|2
|
|upkeep
|
|t:|1779799577
|switch|p1a: Zamazenta|Zamazenta|100/100
|-ability|p1a: Zamazenta|Dauntless Shield|boost
|-boost|p1a: Zamazenta|def|1
|turn|8
|
|t:|1779799589
|switch|p2a: Friskies|Gliscor, F|100/100 tox
|move|p1a: Zamazenta|Close Combat|p2a: Friskies
|-resisted|p2a: Friskies
|-damage|p2a: Friskies|79/100 tox
|-unboost|p1a: Zamazenta|def|1
|-unboost|p1a: Zamazenta|spd|1
|
|-heal|p2a: Friskies|91/100 tox|[from] ability: Poison Heal
|upkeep
|turn|9
|
|t:|1779799598
|move|p1a: Zamazenta|Ice Fang|p2a: Friskies
|-supereffective|p2a: Friskies
|-damage|p2a: Friskies|25/100 tox
|move|p2a: Friskies|Toxic|p1a: Zamazenta
|-status|p1a: Zamazenta|tox
|
|-damage|p1a: Zamazenta|94/100 tox|[from] psn
|-heal|p2a: Friskies|38/100 tox|[from] ability: Poison Heal
|upkeep
|turn|10
|
|t:|1779799606
|switch|p2a: Shopkeeper|Slowking-Galar, M|100/100
|move|p1a: Zamazenta|Ice Fang|p2a: Shopkeeper
|-damage|p2a: Shopkeeper|80/100
|
|-damage|p1a: Zamazenta|82/100 tox|[from] psn
|upkeep
|turn|11
|
|t:|1779799615
|switch|p1a: Gholdengo|Gholdengo|100/100
|-damage|p1a: Gholdengo|76/100|[from] Spikes
|move|p2a: Shopkeeper|Future Sight|p1a: Gholdengo
|-start|p2a: Shopkeeper|move: Future Sight
|
|upkeep
|turn|12
|
|t:|1779799621
|switch|p2a: Nine Lives|Alomomola, M|100/100
|-damage|p2a: Nine Lives|75/100|[from] Spikes
|move|p1a: Gholdengo|Hex|p2a: Nine Lives
|-damage|p2a: Nine Lives|58/100
|
|upkeep
|turn|13
|
|t:|1779799630
|move|p1a: Gholdengo|Nasty Plot|p1a: Gholdengo
|-boost|p1a: Gholdengo|spa|2
|move|p2a: Nine Lives|Mirror Coat||[still]
|-fail|p2a: Nine Lives
|
|-end|p1a: Gholdengo|move: Future Sight
|-resisted|p1a: Gholdengo
|-damage|p1a: Gholdengo|53/100
|upkeep
|turn|14
|
|t:|1779799638
|move|p1a: Gholdengo|Recover|p1a: Gholdengo
|-heal|p1a: Gholdengo|100/100
|move|p2a: Nine Lives|Scald|p1a: Gholdengo
|-damage|p1a: Gholdengo|88/100
|
|upkeep
|turn|15
|
|t:|1779799644
|move|p1a: Gholdengo|Hex|p2a: Nine Lives
|-damage|p2a: Nine Lives|29/100
|move|p2a: Nine Lives|Flip Turn|p1a: Gholdengo
|-damage|p1a: Gholdengo|76/100
|
|t:|1779799653
|switch|p2a: Bubbles|Weavile, M, shiny|100/100|[from] Flip Turn
|
|upkeep
|turn|16
|
|t:|1779799665
|move|p2a: Bubbles|Knock Off|p1a: Gholdengo
|-supereffective|p1a: Gholdengo
|-damage|p1a: Gholdengo|4/100
|-enditem|p1a: Gholdengo|Ability Shield|[from] move: Knock Off|[of] p2a: Bubbles
|move|p1a: Gholdengo|Hex|p2a: Bubbles
|-resisted|p2a: Bubbles
|-damage|p2a: Bubbles|60/100
|
|upkeep
|turn|17
|
|t:|1779799672
|move|p2a: Bubbles|Knock Off|p1a: Gholdengo
|-supereffective|p1a: Gholdengo
|-damage|p1a: Gholdengo|0 fnt
|faint|p1a: Gholdengo
|
|upkeep
|
|t:|1779799684
|switch|p1a: Zamazenta|Zamazenta|82/100 tox
|turn|18
|
|t:|1779799690
|switch|p2a: Shopkeeper|Slowking-Galar, M|100/100
|move|p1a: Zamazenta|Close Combat|p2a: Shopkeeper
|-resisted|p2a: Shopkeeper
|-damage|p2a: Shopkeeper|85/100
|-unboost|p1a: Zamazenta|def|1
|-unboost|p1a: Zamazenta|spd|1
|
|-damage|p1a: Zamazenta|76/100 tox|[from] psn
|upkeep
|turn|19
|
|t:|1779799698
|move|p1a: Zamazenta|Crunch|p2a: Shopkeeper
|-supereffective|p2a: Shopkeeper
|-damage|p2a: Shopkeeper|34/100
|-unboost|p2a: Shopkeeper|def|1
|move|p2a: Shopkeeper|Future Sight|p1a: Zamazenta
|-start|p2a: Shopkeeper|move: Future Sight
|
|-damage|p1a: Zamazenta|64/100 tox|[from] psn
|upkeep
|turn|20
|
|t:|1779799705
|switch|p2a: Catnip|Great Tusk|100/100
|-damage|p2a: Catnip|76/100|[from] Spikes
|move|p1a: Zamazenta|Ice Fang|p2a: Catnip
|-supereffective|p2a: Catnip
|-damage|p2a: Catnip|46/100
|-damage|p1a: Zamazenta|47/100 tox|[from] item: Rocky Helmet|[of] p2a: Catnip
|
|-damage|p1a: Zamazenta|28/100 tox|[from] psn
|upkeep
|turn|21
|
|t:|1779799715
|move|p1a: Zamazenta|Crunch|p2a: Catnip
|-resisted|p2a: Catnip
|-damage|p2a: Catnip|36/100
|-damage|p1a: Zamazenta|12/100 tox|[from] item: Rocky Helmet|[of] p2a: Catnip
|move|p2a: Catnip|Rapid Spin|p1a: Zamazenta
|-damage|p1a: Zamazenta|0 fnt
|-boost|p2a: Catnip|spe|1
|-sideend|p2: EdrenalineKick|Spikes|[from] move: Rapid Spin|[of] p2a: Catnip
|faint|p1a: Zamazenta
|
|-hint|Future Sight did not hit because the target is fainted.
|upkeep
|
|t:|1779799720
|switch|p1a: Pecharunt|Pecharunt|100/100
|turn|22
|
|t:|1779799726
|move|p2a: Catnip|Headlong Rush|p1a: Pecharunt
|-supereffective|p1a: Pecharunt
|-damage|p1a: Pecharunt|46/100
|-unboost|p2a: Catnip|def|1
|-unboost|p2a: Catnip|spd|1
|move|p1a: Pecharunt|Shadow Ball|p2a: Catnip
|-damage|p2a: Catnip|0 fnt
|faint|p2a: Catnip
|-end|p2a: Catnip|Protosynthesis|[silent]
|
|upkeep
|
|t:|1779799735
|switch|p2a: Bubbles|Weavile, M, shiny|60/100
|turn|23
|
|t:|1779799741
|move|p2a: Bubbles|Swords Dance|p2a: Bubbles
|-boost|p2a: Bubbles|atk|2
|move|p1a: Pecharunt|Recover|p1a: Pecharunt
|-heal|p1a: Pecharunt|96/100
|
|upkeep
|turn|24
|
|t:|1779799746
|-terastallize|p1a: Pecharunt|Fairy
|move|p2a: Bubbles|Knock Off|p1a: Pecharunt
|-resisted|p1a: Pecharunt
|-damage|p1a: Pecharunt|73/100
|-enditem|p1a: Pecharunt|Heavy-Duty Boots|[from] move: Knock Off|[of] p2a: Bubbles
|move|p1a: Pecharunt|Toxic|p2a: Bubbles
|-status|p2a: Bubbles|tox
|-start|p2a: Bubbles|confusion|[from] ability: Poison Puppeteer|[of] p1a: Pecharunt
|
|-damage|p2a: Bubbles|54/100 tox|[from] psn
|upkeep
|turn|25
|
|t:|1779799756
|-activate|p2a: Bubbles|confusion
|move|p2a: Bubbles|Triple Axel|p1a: Pecharunt
|-damage|p1a: Pecharunt|64/100
|-damage|p1a: Pecharunt|43/100
|-damage|p1a: Pecharunt|14/100
|-hitcount|p1a: Pecharunt|3
|move|p1a: Pecharunt|Shadow Ball|p2a: Bubbles
|-resisted|p2a: Bubbles
|-damage|p2a: Bubbles|38/100 tox
|
|-damage|p2a: Bubbles|25/100 tox|[from] psn
|upkeep
|turn|26
|
|t:|1779799767
|-activate|p2a: Bubbles|confusion
|move|p2a: Bubbles|Triple Axel|p1a: Pecharunt
|-damage|p1a: Pecharunt|4/100
|-damage|p1a: Pecharunt|0 fnt
|faint|p1a: Pecharunt
|-hitcount|p1: Pecharunt|2
|
|-damage|p2a: Bubbles|7/100 tox|[from] psn
|upkeep
|
|t:|1779799774
|switch|p1a: Skarmory|Skarmory, F|95/100 brn
|turn|27
|
|t:|1779799781
|-end|p2a: Bubbles|confusion
|move|p2a: Bubbles|Triple Axel|p1a: Skarmory|[miss]
|-miss|p2a: Bubbles|p1a: Skarmory
|move|p1a: Skarmory|Whirlwind|p2a: Bubbles
|drag|p2a: Shopkeeper|Slowking-Galar, M|67/100
|
|-damage|p1a: Skarmory|89/100 brn|[from] brn
|upkeep
|turn|28
|
|t:|1779799790
|move|p1a: Skarmory|Spikes|p2a: Shopkeeper
|-sidestart|p2: EdrenalineKick|Spikes
|move|p2a: Shopkeeper|Future Sight|p1a: Skarmory
|-start|p2a: Shopkeeper|move: Future Sight
|
|-damage|p1a: Skarmory|83/100 brn|[from] brn
|upkeep
|turn|29
|
|t:|1779799799
|switch|p2a: Nine Lives|Alomomola, M|63/100
|-damage|p2a: Nine Lives|50/100|[from] Spikes
|move|p1a: Skarmory|Spikes|p2a: Nine Lives
|-sidestart|p2: EdrenalineKick|Spikes
|
|-damage|p1a: Skarmory|77/100 brn|[from] brn
|upkeep
|turn|30
|
|t:|1779799807
|switch|p2a: Shopkeeper|Slowking-Galar, M|100/100
|move|p1a: Skarmory|Spikes|p2a: Shopkeeper
|-sidestart|p2: EdrenalineKick|Spikes
|
|-end|p1a: Skarmory|move: Future Sight
|-resisted|p1a: Skarmory
|-damage|p1a: Skarmory|47/100 brn
|-damage|p1a: Skarmory|41/100 brn|[from] brn
|upkeep
|turn|31
|
|t:|1779799816
|move|p1a: Skarmory|Roost|p1a: Skarmory
|-heal|p1a: Skarmory|91/100 brn
|-singleturn|p1a: Skarmory|move: Roost
|move|p2a: Shopkeeper|Future Sight|p1a: Skarmory
|-start|p2a: Shopkeeper|move: Future Sight
|
|-damage|p1a: Skarmory|85/100 brn|[from] brn
|upkeep
|turn|32
|
|t:|1779799840
|switch|p2a: Loki|Meowscarada, M, shiny|100/100
|-damage|p2a: Loki|76/100|[from] Spikes
|move|p1a: Skarmory|Whirlwind|p2a: Loki
|drag|p2a: Nine Lives|Alomomola, M|83/100
|-damage|p2a: Nine Lives|58/100|[from] Spikes
|
|-damage|p1a: Skarmory|79/100 brn|[from] brn
|upkeep
|turn|33
|
|t:|1779799851
|move|p1a: Skarmory|Body Press|p2a: Nine Lives
|-damage|p2a: Nine Lives|48/100
|move|p2a: Nine Lives|Flip Turn|p1a: Skarmory
|-damage|p1a: Skarmory|68/100 brn
|
|t:|1779799856
|switch|p2a: Shopkeeper|Slowking-Galar, M|100/100|[from] Flip Turn
|
|-end|p1a: Skarmory|move: Future Sight
|-resisted|p1a: Skarmory
|-damage|p1a: Skarmory|37/100 brn
|-damage|p1a: Skarmory|31/100 brn|[from] brn
|upkeep
|turn|34
|
|t:|1779799867
|move|p1a: Skarmory|Roost|p1a: Skarmory
|-heal|p1a: Skarmory|81/100 brn
|-singleturn|p1a: Skarmory|move: Roost
|move|p2a: Shopkeeper|Future Sight|p1a: Skarmory
|-start|p2a: Shopkeeper|move: Future Sight
|
|-damage|p1a: Skarmory|75/100 brn|[from] brn
|upkeep
|turn|35
|
|t:|1779799878
|switch|p2a: Friskies|Gliscor, F|38/100 tox
|move|p1a: Skarmory|Whirlwind|p2a: Friskies
|drag|p2a: Nine Lives|Alomomola, M|81/100
|-damage|p2a: Nine Lives|56/100|[from] Spikes
|
|-damage|p1a: Skarmory|69/100 brn|[from] brn
|upkeep
|turn|36
|
|t:|1779799887
|switch|p2a: Friskies|Gliscor, F|38/100 tox
|move|p1a: Skarmory|Roost|p1a: Skarmory
|-heal|p1a: Skarmory|100/100 brn
|-singleturn|p1a: Skarmory|move: Roost
|
|-end|p1a: Skarmory|move: Future Sight
|-resisted|p1a: Skarmory
|-damage|p1a: Skarmory|71/100 brn
|-heal|p2a: Friskies|50/100 tox|[from] ability: Poison Heal
|-damage|p1a: Skarmory|65/100 brn|[from] brn
|upkeep
|turn|37
|
|t:|1779799900
|move|p2a: Friskies|Spikes||[still]
|-fail|p2a: Friskies
|move|p1a: Skarmory|Whirlwind|p2a: Friskies
|drag|p2a: Shopkeeper|Slowking-Galar, M|100/100
|
|-damage|p1a: Skarmory|59/100 brn|[from] brn
|upkeep
|turn|38
|
|t:|1779799908
|move|p1a: Skarmory|Roost|p1a: Skarmory
|-heal|p1a: Skarmory|100/100 brn
|-singleturn|p1a: Skarmory|move: Roost
|move|p2a: Shopkeeper|Future Sight|p1a: Skarmory
|-start|p2a: Shopkeeper|move: Future Sight
|
|-damage|p1a: Skarmory|95/100 brn|[from] brn
|upkeep
|turn|39
|
|t:|1779799921
|switch|p2a: Friskies|Gliscor, F|50/100 tox
|move|p1a: Skarmory|Whirlwind|p2a: Friskies
|drag|p2a: Bubbles|Weavile, M, shiny|7/100 tox
|
|-damage|p2a: Bubbles|1/100 tox|[from] psn
|-damage|p1a: Skarmory|89/100 brn|[from] brn
|upkeep
|turn|40
|
|t:|1779799936
|move|p2a: Bubbles|Knock Off|p1a: Skarmory
|-damage|p1a: Skarmory|57/100 brn
|-enditem|p1a: Skarmory|Heavy-Duty Boots|[from] move: Knock Off|[of] p2a: Bubbles
|move|p1a: Skarmory|Roost|p1a: Skarmory
|-heal|p1a: Skarmory|100/100 brn
|-singleturn|p1a: Skarmory|move: Roost
|
|-end|p1a: Skarmory|move: Future Sight
|-resisted|p1a: Skarmory
|-damage|p1a: Skarmory|68/100 brn
|-damage|p2a: Bubbles|0 fnt|[from] psn
|faint|p2a: Bubbles
|-damage|p1a: Skarmory|62/100 brn|[from] brn
|upkeep
|
|t:|1779799949
|switch|p2a: Friskies|Gliscor, F|50/100 tox
|turn|41
|
|t:|1779799954
|move|p2a: Friskies|Spikes||[still]
|-fail|p2a: Friskies
|move|p1a: Skarmory|Whirlwind|p2a: Friskies
|drag|p2a: Loki|Meowscarada, M, shiny|76/100
|-damage|p2a: Loki|51/100|[from] Spikes
|
|-damage|p1a: Skarmory|56/100 brn|[from] brn
|upkeep
|turn|42
|
|t:|1779799964
|move|p2a: Loki|U-turn|p1a: Skarmory
|-start|p2a: Loki|typechange|Bug|[from] ability: Protean
|-resisted|p1a: Skarmory
|-damage|p1a: Skarmory|48/100 brn
|
|t:|1779799969
|switch|p2a: Shopkeeper|Slowking-Galar, M|100/100|[from] U-turn
|move|p1a: Skarmory|Roost|p1a: Skarmory
|-heal|p1a: Skarmory|98/100 brn
|-singleturn|p1a: Skarmory|move: Roost
|
|-damage|p1a: Skarmory|92/100 brn|[from] brn
|upkeep
|turn|43
|
|t:|1779799982
|move|p2a: Shopkeeper|Future Sight|p1a: Skarmory
|-start|p2a: Shopkeeper|move: Future Sight
|move|p1a: Skarmory|Whirlwind|p2a: Shopkeeper
|drag|p2a: Nine Lives|Alomomola, M|90/100
|-damage|p2a: Nine Lives|65/100|[from] Spikes
|
|-damage|p1a: Skarmory|86/100 brn|[from] brn
|upkeep
|turn|44
|
|t:|1779799996
|switch|p1a: Blissey|Blissey, F|100/100
|move|p2a: Nine Lives|Flip Turn|p1a: Blissey
|-damage|p1a: Blissey|84/100
|
|t:|1779800001
|switch|p2a: Friskies|Gliscor, F|50/100 tox|[from] Flip Turn
|
|-heal|p2a: Friskies|63/100 tox|[from] ability: Poison Heal
|upkeep
|turn|45
|
|t:|1779800011
|move|p2a: Friskies|Toxic|p1a: Blissey
|-status|p1a: Blissey|tox
|move|p1a: Blissey|Stealth Rock|p2a: Friskies
|-sidestart|p2: EdrenalineKick|move: Stealth Rock
|
|-end|p1a: Blissey|move: Future Sight
|-damage|p1a: Blissey|71/100 tox
|-heal|p2a: Friskies|75/100 tox|[from] ability: Poison Heal
|-damage|p1a: Blissey|65/100 tox|[from] psn
|upkeep
|turn|46
|
|t:|1779800020
|-curestatus|p1a: Blissey|tox|[from] ability: Natural Cure|[silent]
|switch|p1a: Skarmory|Skarmory, F|86/100 brn
|move|p2a: Friskies|Earthquake|p1a: Skarmory
|-immune|p1a: Skarmory
|
|-heal|p2a: Friskies|88/100 tox|[from] ability: Poison Heal
|-damage|p1a: Skarmory|80/100 brn|[from] brn
|upkeep
|turn|47
|
|t:|1779800035
|switch|p2a: Shopkeeper|Slowking-Galar, M|100/100
|move|p1a: Skarmory|Whirlwind|p2a: Shopkeeper
|drag|p2a: Loki|Meowscarada, M, shiny|51/100
|-damage|p2a: Loki|26/100|[from] Spikes
|-damage|p2a: Loki|13/100|[from] Stealth Rock
|
|-damage|p1a: Skarmory|74/100 brn|[from] brn
|upkeep
|turn|48
|
|t:|1779800048
|move|p2a: Loki|Knock Off|p1a: Skarmory
|-start|p2a: Loki|typechange|Dark|[from] ability: Protean
|-damage|p1a: Skarmory|43/100 brn
|move|p1a: Skarmory|Roost|p1a: Skarmory
|-heal|p1a: Skarmory|93/100 brn
|-singleturn|p1a: Skarmory|move: Roost
|
|-damage|p1a: Skarmory|87/100 brn|[from] brn
|upkeep
|turn|49
|
|t:|1779800068
|-terastallize|p2a: Loki|Dark
|move|p2a: Loki|Knock Off|p1a: Skarmory
|-damage|p1a: Skarmory|52/100 brn
|move|p1a: Skarmory|Body Press|p2a: Loki
|-supereffective|p2a: Loki
|-damage|p2a: Loki|0 fnt
|faint|p2a: Loki
|
|-damage|p1a: Skarmory|46/100 brn|[from] brn
|upkeep
|
|t:|1779800083
|switch|p2a: Friskies|Gliscor, F|88/100 tox
|-damage|p2a: Friskies|75/100 tox|[from] Stealth Rock
|turn|50
|
|t:|1779800094
|move|p2a: Friskies|Spikes||[still]
|-fail|p2a: Friskies
|move|p1a: Skarmory|Whirlwind|p2a: Friskies
|drag|p2a: Shopkeeper|Slowking-Galar, M|100/100
|
|-damage|p1a: Skarmory|40/100 brn|[from] brn
|upkeep
|turn|51
|
|t:|1779800110
|switch|p1a: Blissey|Blissey, F|65/100
|move|p2a: Shopkeeper|Future Sight|p1a: Blissey
|-start|p2a: Shopkeeper|move: Future Sight
|
|upkeep
|turn|52
|inactive|claudechamp has 120 seconds left.
|
|t:|1779800130
|switch|p2a: Friskies|Gliscor, F|75/100 tox
|-damage|p2a: Friskies|63/100 tox|[from] Stealth Rock
|move|p1a: Blissey|Soft-Boiled|p1a: Blissey
|-heal|p1a: Blissey|100/100
|
|-heal|p2a: Friskies|75/100 tox|[from] ability: Poison Heal
|upkeep
|turn|53
|inactive|claudechamp has 120 seconds left.
|
|t:|1779800141
|switch|p1a: Skarmory|Skarmory, F|40/100 brn
|move|p2a: Friskies|Toxic||[still]
|-fail|p2a: Friskies
|
|-end|p1a: Skarmory|move: Future Sight
|-resisted|p1a: Skarmory
|-damage|p1a: Skarmory|10/100 brn
|-heal|p2a: Friskies|88/100 tox|[from] ability: Poison Heal
|-damage|p1a: Skarmory|4/100 brn|[from] brn
|upkeep
|turn|54
|inactive|claudechamp has 120 seconds left.
|
|t:|1779800157
|move|p2a: Friskies|Spikes||[still]
|-fail|p2a: Friskies
|move|p1a: Skarmory|Whirlwind|p2a: Friskies
|drag|p2a: Shopkeeper|Slowking-Galar, M|100/100
|
|-damage|p1a: Skarmory|0 fnt|[from] brn
|faint|p1a: Skarmory
|upkeep
|
|t:|1779800172
|switch|p1a: Blissey|Blissey, F|100/100
|turn|55
|
|t:|1779800193
|switch|p2a: Friskies|Gliscor, F|88/100 tox
|-damage|p2a: Friskies|75/100 tox|[from] Stealth Rock
|move|p1a: Blissey|Shadow Ball|p2a: Friskies
|-damage|p2a: Friskies|62/100 tox
|
|-heal|p2a: Friskies|74/100 tox|[from] ability: Poison Heal
|upkeep
|turn|56
|inactive|claudechamp has 90 seconds left.
|
|t:|1779800209
|move|p2a: Friskies|Toxic|p1a: Blissey
|-status|p1a: Blissey|tox
|move|p1a: Blissey|Shadow Ball|p2a: Friskies
|-damage|p2a: Friskies|62/100 tox
|
|-heal|p2a: Friskies|75/100 tox|[from] ability: Poison Heal
|-damage|p1a: Blissey|94/100 tox|[from] psn
|upkeep
|turn|57
|inactive|claudechamp has 90 seconds left.
|
|t:|1779800224
|move|p2a: Friskies|Earthquake|p1a: Blissey
|-damage|p1a: Blissey|63/100 tox
|move|p1a: Blissey|Soft-Boiled|p1a: Blissey
|-heal|p1a: Blissey|100/100 tox
|
|-heal|p2a: Friskies|87/100 tox|[from] ability: Poison Heal
|-damage|p1a: Blissey|88/100 tox|[from] psn
|upkeep
|turn|58
|inactive|claudechamp has 90 seconds left.
|
|t:|1779800240
|move|p2a: Friskies|Earthquake|p1a: Blissey
|-damage|p1a: Blissey|55/100 tox
|move|p1a: Blissey|Shadow Ball|p2a: Friskies
|-damage|p2a: Friskies|74/100 tox
|-unboost|p2a: Friskies|spd|1
|
|-heal|p2a: Friskies|86/100 tox|[from] ability: Poison Heal
|-damage|p1a: Blissey|37/100 tox|[from] psn
|upkeep
|turn|59
|
|t:|1779800268
|move|p2a: Friskies|Earthquake|p1a: Blissey
|-damage|p1a: Blissey|2/100 tox
|move|p1a: Blissey|Soft-Boiled|p1a: Blissey
|-heal|p1a: Blissey|52/100 tox
|
|-heal|p2a: Friskies|99/100 tox|[from] ability: Poison Heal
|-damage|p1a: Blissey|28/100 tox|[from] psn
|upkeep
|turn|60
|
|t:|1779800277
|move|p2a: Friskies|Earthquake|p1a: Blissey
|-damage|p1a: Blissey|0 fnt
|faint|p1a: Blissey
|
|win|EdrenalineKick
|raw|claudechamp's rating: 1212 &rarr; <strong>1195</strong><br />(-17 for losing)
|raw|EdrenalineKick's rating: 1334 &rarr; <strong>1347</strong><br />(+13 for winning)
|c|☆claudechamp|gg
