|j|☆Linkinfernodouglas
|j|☆I am a guineapig
|t:|1779899162
|gametype|singles
|player|p1|Linkinfernodouglas|170|1357
|player|p2|I am a guineapig|fisherman-gen4|1391
|gen|9
|tier|[Gen 9] OU
|rated|
|rule|HP Percentage Mod: HP is shown in percentages
|rule|Endless Battle Clause: Forcing endless battles is banned
|rule|Species Clause: Limit one of each Pokémon
|rule|OHKO Clause: OHKO moves are banned
|rule|Evasion Items Clause: Evasion items are banned
|rule|Evasion Moves Clause: Evasion moves are banned
|rule|Evasion Abilities Clause: Evasion abilities are banned
|rule|Sleep Moves Clause: Sleep-inducing moves are banned
|clearpoke
|poke|p1|Regieleki|
|poke|p1|Ting-Lu|
|poke|p1|Kyurem|
|poke|p1|Kingambit, F|
|poke|p1|Garganacl, F|
|poke|p1|Moltres|
|poke|p2|Indeedee, M|
|poke|p2|Hatterene, F|
|poke|p2|Ursaluna, F|
|poke|p2|Iron Hands|
|poke|p2|Hoopa-Unbound|
|poke|p2|Mimikyu, F|
|teampreview
|inactive|Battle timer is ON: inactive players will automatically lose when time's up. (requested by I am a guineapig)
|inactive|I am a guineapig has 120 seconds left.
|
|t:|1779899195
|teamsize|p1|6
|teamsize|p2|6
|start
|switch|p1a: Garganacl|Garganacl, F|100/100
|switch|p2a: LEBRON|Iron Hands|100/100
|-enditem|p2a: LEBRON|Booster Energy
|-activate|p2a: LEBRON|ability: Quark Drive|[fromitem]
|-start|p2a: LEBRON|quarkdriveatk
|turn|1
|
|t:|1779899220
|switch|p1a: Moltres|Moltres|100/100
|move|p2a: LEBRON|Supercell Slam|p1a: Moltres
|-supereffective|p1a: Moltres
|-damage|p1a: Moltres|0 fnt
|-status|p2a: LEBRON|brn|[from] ability: Flame Body|[of] p1a: Moltres
|faint|p1a: Moltres
|
|-damage|p2a: LEBRON|94/100 brn|[from] brn
|upkeep
|inactive|Linkinfernodouglas has 120 seconds left.
|
|t:|1779899257
|switch|p1a: Garganacl|Garganacl, F|100/100
|turn|2
|
|t:|1779899263
|-terastallize|p1a: Garganacl|Fairy
|move|p2a: LEBRON|Close Combat|p1a: Garganacl
|-resisted|p1a: Garganacl
|-damage|p1a: Garganacl|86/100
|-unboost|p2a: LEBRON|def|1
|-unboost|p2a: LEBRON|spd|1
|move|p1a: Garganacl|Salt Cure|p2a: LEBRON
|-resisted|p2a: LEBRON
|-damage|p2a: LEBRON|86/100 brn
|-start|p2a: LEBRON|Salt Cure
|
|-damage|p2a: LEBRON|80/100 brn|[from] brn
|-damage|p2a: LEBRON|68/100 brn|[from] Salt Cure
|upkeep
|turn|3
|inactive|I am a guineapig has 120 seconds left.
|
|t:|1779899297
|-end|p2a: LEBRON|Quark Drive|[silent]
|switch|p2a: Subaru|Indeedee, M|100/100
|-fieldstart|move: Psychic Terrain|[from] ability: Psychic Surge|[of] p2a: Subaru
|move|p1a: Garganacl|Curse|p1a: Garganacl
|-unboost|p1a: Garganacl|spe|1
|-boost|p1a: Garganacl|atk|1
|-boost|p1a: Garganacl|def|1
|
|upkeep
|turn|4
|
|t:|1779899306
|move|p2a: Subaru|Encore|p1a: Garganacl
|-start|p1a: Garganacl|Encore
|move|p1a: Garganacl|Curse|p1a: Garganacl
|-unboost|p1a: Garganacl|spe|1
|-boost|p1a: Garganacl|atk|1
|-boost|p1a: Garganacl|def|1
|
|upkeep
|turn|5
|
|t:|1779899316
|switch|p1a: Ting-Lu|Ting-Lu|100/100
|-ability|p1a: Ting-Lu|Vessel of Ruin
|move|p2a: Subaru|Trick Room|p2a: Subaru
|-fieldstart|move: Trick Room|[of] p2a: Subaru
|
|upkeep
|turn|6
|
|t:|1779899327
|switch|p2a: Satella|Hatterene, F|100/100
|move|p1a: Ting-Lu|Payback|p2a: Satella
|-damage|p2a: Satella|77/100
|
|upkeep
|turn|7
|
|t:|1779899335
|-terastallize|p2a: Satella|Stellar
|move|p2a: Satella|Draining Kiss|p1a: Ting-Lu
|-supereffective|p1a: Ting-Lu
|-damage|p1a: Ting-Lu|25/100
|-heal|p2a: Satella|100/100|[from] drain|[of] p1a: Ting-Lu
|-enditem|p1a: Ting-Lu|Weakness Policy
|-boost|p1a: Ting-Lu|atk|2|[from] item: Weakness Policy
|-boost|p1a: Ting-Lu|spa|2|[from] item: Weakness Policy
|-damage|p2a: Satella|91/100|[from] item: Life Orb
|move|p1a: Ting-Lu|Earthquake|p2a: Satella
|-damage|p2a: Satella|0 fnt
|faint|p2a: Satella
|
|upkeep
|
|t:|1779899350
|switch|p2a: LEBRON|Iron Hands|68/100 brn
|turn|8
|
|t:|1779899355
|move|p1a: Ting-Lu|Earthquake|p2a: LEBRON
|-supereffective|p2a: LEBRON
|-damage|p2a: LEBRON|0 fnt
|faint|p2a: LEBRON
|-end|p2a: LEBRON|Quark Drive|[silent]
|
|upkeep
|
|t:|1779899367
|switch|p2a: Mimi|Mimikyu, F|100/100
|turn|9
|
|t:|1779899372
|move|p1a: Ting-Lu|Payback|p2a: Mimi
|-activate|p2a: Mimi|ability: Disguise
|-damage|p2a: Mimi|100/100
|detailschange|p2a: Mimi|Mimikyu-Busted, F
|-damage|p2a: Mimi|88/100|[from] pokemon: Mimikyu-Busted
|-enditem|p2a: Mimi|Red Card|[of] p1a: Ting-Lu
|drag|p1a: Regieleki|Regieleki|100/100
|move|p2a: Mimi|Play Rough|p1a: Regieleki
|-damage|p1a: Regieleki|48/100
|
|-fieldend|move: Trick Room
|upkeep
|turn|10
|inactive|Linkinfernodouglas has 120 seconds left.
|inactive|I am a guineapig has 120 seconds left.
|
|t:|1779899408
|move|p1a: Regieleki|Volt Switch|p2a: Mimi
|-crit|p2a: Mimi
|-damage|p2a: Mimi|29/100
|
|t:|1779899414
|switch|p1a: Garganacl|Garganacl, F, tera:Fairy|86/100|[from] Volt Switch
|move|p2a: Mimi|Trick Room|p2a: Mimi
|-fieldstart|move: Trick Room|[of] p2a: Mimi
|
|-fieldend|move: Psychic Terrain
|upkeep
|turn|11
|inactive|Linkinfernodouglas has 120 seconds left.
|inactive|I am a guineapig has 120 seconds left.
|
|t:|1779899433
|switch|p2a: 5 Nights in TR|Ursaluna, F|100/100
|move|p1a: Garganacl|Salt Cure|p2a: 5 Nights in TR
|-resisted|p2a: 5 Nights in TR
|-damage|p2a: 5 Nights in TR|96/100
|-start|p2a: 5 Nights in TR|Salt Cure
|
|-damage|p2a: 5 Nights in TR|83/100|[from] Salt Cure
|-status|p2a: 5 Nights in TR|brn|[from] item: Flame Orb
|upkeep
|turn|12
|inactive|Linkinfernodouglas has 120 seconds left.
|
|t:|1779899447
|move|p2a: 5 Nights in TR|Facade|p1a: Garganacl
|-damage|p1a: Garganacl|13/100
|move|p1a: Garganacl|Avalanche|p2a: 5 Nights in TR
|-supereffective|p2a: 5 Nights in TR
|-damage|p2a: 5 Nights in TR|45/100 brn
|
|-damage|p2a: 5 Nights in TR|39/100 brn|[from] brn
|-damage|p2a: 5 Nights in TR|27/100 brn|[from] Salt Cure
|upkeep
|turn|13
|inactive|Linkinfernodouglas has 120 seconds left.
|
|t:|1779899459
|move|p1a: Garganacl|Recover|p1a: Garganacl
|-heal|p1a: Garganacl|63/100
|move|p2a: 5 Nights in TR|Headlong Rush|p1a: Garganacl
|-damage|p1a: Garganacl|0 fnt
|-unboost|p2a: 5 Nights in TR|def|1
|-unboost|p2a: 5 Nights in TR|spd|1
|faint|p1a: Garganacl
|
|-damage|p2a: 5 Nights in TR|21/100 brn|[from] brn
|-damage|p2a: 5 Nights in TR|9/100 brn|[from] Salt Cure
|upkeep
|
|t:|1779899477
|switch|p1a: Ting-Lu|Ting-Lu|25/100
|-ability|p1a: Ting-Lu|Vessel of Ruin
|turn|14
|l|☆I am a guineapig
|inactive|I am a guineapig disconnected and has a minute to reconnect!
|player|p2|
|inactive|I am a guineapig has 30 seconds to reconnect!
|inactive|I am a guineapig has 20 seconds to reconnect!
|inactive|I am a guineapig has 15 seconds to reconnect!
|inactive|I am a guineapig has 10 seconds to reconnect!
|inactive|I am a guineapig has 5 seconds to reconnect!
|-message|I am a guineapig lost due to inactivity.
|
|win|Linkinfernodouglas
|raw|Linkinfernodouglas's rating: 1357 &rarr; <strong>1379</strong><br />(+22 for winning)
|raw|I am a guineapig's rating: 1391 &rarr; <strong>1369</strong><br />(-22 for losing)
|c|☆Linkinfernodouglas|gg
