|j|‽DevotedToaster
|j|☆Alitiantian
|t:|1779948430
|gametype|singles
|player|p1|DevotedToaster|170|1357
|player|p2|Alitiantian|169|1374
|gen|9
|tier|[Gen 9] OU
|rated|
|rule|HP Percentage Mod: HP is shown in percentages
|rule|Endless Battle Clause: Forcing endless battles is banned
|rule|Species Clause: Limit one of each Pokémon
|rule|OHKO Clause: OHKO moves are banned
|rule|Evasion Items Clause: Evasion items are banned
|rule|Evasion Moves Clause: Evasion moves are banned
|rule|Evasion Abilities Clause: Evasion abilities are banned
|rule|Sleep Moves Clause: Sleep-inducing moves are banned
|clearpoke
|poke|p1|Glimmora, M|
|poke|p1|Tyranitar, F|
|poke|p1|Conkeldurr, F|
|poke|p1|Sudowoodo, L1, F|
|poke|p1|Ceruledge, F|
|poke|p1|Hippowdon, F|
|poke|p2|Weavile, M|
|poke|p2|Volcanion|
|poke|p2|Great Tusk|
|poke|p2|Hatterene, F|
|poke|p2|Gholdengo|
|poke|p2|Dragonite, M|
|teampreview
|
|t:|1779948455
|teamsize|p1|6
|teamsize|p2|6
|start
|switch|p1a: Glimmora|Glimmora, M|100/100
|switch|p2a: Great Tusk|Great Tusk|100/100
|turn|1
|
|t:|1779948469
|move|p2a: Great Tusk|Headlong Rush|p1a: Glimmora
|-supereffective|p1a: Glimmora
|-enditem|p1a: Glimmora|Focus Sash
|-damage|p1a: Glimmora|1/100
|-unboost|p2a: Great Tusk|def|1
|-unboost|p2a: Great Tusk|spd|1
|-activate|p1a: Glimmora|ability: Toxic Debris
|-sidestart|p2: Alitiantian|move: Toxic Spikes
|move|p1a: Glimmora|Spikes|p2a: Great Tusk
|-sidestart|p2: Alitiantian|Spikes
|
|upkeep
|turn|2
|inactive|Battle timer is ON: inactive players will automatically lose when time's up. (requested by DevotedToaster)
|
|t:|1779948481
|switch|p1a: Ceruledge|Ceruledge, F|100/100
|move|p2a: Great Tusk|Rapid Spin|p1a: Ceruledge
|-immune|p1a: Ceruledge
|
|upkeep
|turn|3
|
|t:|1779948490
|move|p2a: Great Tusk|Headlong Rush|p1a: Ceruledge
|-supereffective|p1a: Ceruledge
|-enditem|p1a: Ceruledge|Focus Sash
|-damage|p1a: Ceruledge|1/100
|-unboost|p2a: Great Tusk|def|1
|-unboost|p2a: Great Tusk|spd|1
|-ability|p1a: Ceruledge|Weak Armor|boost
|-unboost|p1a: Ceruledge|def|1
|-boost|p1a: Ceruledge|spe|2
|move|p1a: Ceruledge|Swords Dance|p1a: Ceruledge
|-boost|p1a: Ceruledge|atk|2
|
|upkeep
|turn|4
|inactive|Alitiantian has 120 seconds left.
|
|t:|1779948527
|-end|p2a: Great Tusk|Protosynthesis|[silent]
|switch|p2a: Hatterene|Hatterene, F|100/100
|-status|p2a: Hatterene|psn
|-damage|p2a: Hatterene|88/100 psn|[from] Spikes
|move|p1a: Ceruledge|Bitter Blade|p2a: Hatterene
|-damage|p2a: Hatterene|6/100 psn
|-heal|p1a: Ceruledge|46/100|[from] drain|[of] p2a: Hatterene
|-damage|p1a: Ceruledge|29/100|[from] item: Rocky Helmet|[of] p2a: Hatterene
|
|-damage|p2a: Hatterene|0 fnt|[from] psn
|faint|p2a: Hatterene
|upkeep
|
|t:|1779948548
|switch|p2a: Dragonite|Dragonite, M|100/100
|turn|5
|
|t:|1779948560
|move|p1a: Ceruledge|Shadow Sneak|p2a: Dragonite
|-damage|p2a: Dragonite|80/100
|move|p2a: Dragonite|Earthquake|p1a: Ceruledge
|-supereffective|p1a: Ceruledge
|-damage|p1a: Ceruledge|0 fnt
|faint|p1a: Ceruledge
|
|-heal|p2a: Dragonite|86/100|[from] item: Leftovers
|upkeep
|
|t:|1779948567
|switch|p1a: Conkeldurr|Conkeldurr, F|100/100
|turn|6
|inactive|Alitiantian has 120 seconds left.
|
|t:|1779948587
|switch|p2a: Gholdengo|Gholdengo|100/100
|-damage|p2a: Gholdengo|88/100|[from] Spikes
|move|p1a: Conkeldurr|Ice Punch|p2a: Gholdengo
|-resisted|p2a: Gholdengo
|-damage|p2a: Gholdengo|70/100
|
|-status|p1a: Conkeldurr|brn|[from] item: Flame Orb
|upkeep
|turn|7
|
|t:|1779948598
|switch|p1a: Tyranitar|Tyranitar, F|100/100
|-weather|Sandstorm|[from] ability: Sand Stream|[of] p1a: Tyranitar
|move|p2a: Gholdengo|Make It Rain|p1a: Tyranitar
|-supereffective|p1a: Tyranitar
|-damage|p1a: Tyranitar|53/100
|-unboost|p2a: Gholdengo|spa|1
|
|-weather|Sandstorm|[upkeep]
|upkeep
|turn|8
|
|t:|1779948612
|switch|p2a: Great Tusk|Great Tusk|100/100
|-status|p2a: Great Tusk|psn
|-damage|p2a: Great Tusk|88/100 psn|[from] Spikes
|move|p1a: Tyranitar|Knock Off|p2a: Great Tusk
|-resisted|p2a: Great Tusk
|-damage|p2a: Great Tusk|74/100 psn
|-enditem|p2a: Great Tusk|Assault Vest|[from] move: Knock Off|[of] p1a: Tyranitar
|
|-weather|Sandstorm|[upkeep]
|-damage|p2a: Great Tusk|61/100 psn|[from] psn
|upkeep
|turn|9
|
|t:|1779948627
|move|p2a: Great Tusk|Rapid Spin|p1a: Tyranitar
|-resisted|p1a: Tyranitar
|-damage|p1a: Tyranitar|47/100
|-boost|p2a: Great Tusk|spe|1
|-sideend|p2: Alitiantian|Spikes|[from] move: Rapid Spin|[of] p2a: Great Tusk
|-sideend|p2: Alitiantian|Toxic Spikes|[from] move: Rapid Spin|[of] p2a: Great Tusk
|move|p1a: Tyranitar|Dragon Tail|p2a: Great Tusk
|-damage|p2a: Great Tusk|48/100 psn
|-end|p2a: Great Tusk|Protosynthesis|[silent]
|drag|p2a: Weavile|Weavile, M|100/100
|
|-weather|Sandstorm|[upkeep]
|-damage|p2a: Weavile|94/100|[from] Sandstorm
|upkeep
|turn|10
|
|t:|1779948640
|move|p2a: Weavile|Low Kick|p1a: Tyranitar
|-supereffective|p1a: Tyranitar
|-damage|p1a: Tyranitar|0 fnt
|faint|p1a: Tyranitar
|
|-weather|Sandstorm|[upkeep]
|-damage|p2a: Weavile|88/100|[from] Sandstorm
|upkeep
|
|t:|1779948652
|switch|p1a: Sudowoodo|Sudowoodo, L1, F|100/100
|turn|11
|inactive|Alitiantian has 120 seconds left.
|
|t:|1779948669
|switch|p2a: Gholdengo|Gholdengo|70/100
|move|p1a: Sudowoodo|Endeavor|p2a: Gholdengo
|-immune|p2a: Gholdengo
|
|-weather|none
|upkeep
|turn|12
|
|t:|1779948683
|switch|p1a: Hippowdon|Hippowdon, F|100/100
|-weather|Sandstorm|[from] ability: Sand Stream|[of] p1a: Hippowdon
|move|p2a: Gholdengo|Shadow Ball|p1a: Hippowdon
|-damage|p1a: Hippowdon|60/100
|
|-weather|Sandstorm|[upkeep]
|-heal|p1a: Hippowdon|67/100|[from] item: Leftovers
|upkeep
|turn|13
|
|t:|1779948696
|switch|p2a: Dragonite|Dragonite, M|86/100
|-terastallize|p1a: Hippowdon|Water
|move|p1a: Hippowdon|Slack Off|p1a: Hippowdon
|-heal|p1a: Hippowdon|100/100
|
|-weather|Sandstorm|[upkeep]
|-damage|p2a: Dragonite|80/100|[from] Sandstorm
|-damage|p1a: Hippowdon|94/100|[from] Sandstorm
|-heal|p2a: Dragonite|86/100|[from] item: Leftovers
|-heal|p1a: Hippowdon|100/100|[from] item: Leftovers
|upkeep
|turn|14
|
|t:|1779948705
|move|p2a: Dragonite|Encore|p1a: Hippowdon
|-start|p1a: Hippowdon|Encore
|move|p1a: Hippowdon|Slack Off||[still]
|-fail|p1a: Hippowdon|heal
|
|-weather|Sandstorm|[upkeep]
|-damage|p2a: Dragonite|80/100|[from] Sandstorm
|-damage|p1a: Hippowdon|94/100|[from] Sandstorm
|-heal|p2a: Dragonite|86/100|[from] item: Leftovers
|-heal|p1a: Hippowdon|100/100|[from] item: Leftovers
|upkeep
|turn|15
|inactive|Alitiantian has 120 seconds left.
|
|t:|1779948712
|switch|p1a: Sudowoodo|Sudowoodo, L1, F|100/100
|move|p2a: Dragonite|Dragon Dance|p2a: Dragonite
|-boost|p2a: Dragonite|atk|1
|-boost|p2a: Dragonite|spe|1
|
|-weather|Sandstorm|[upkeep]
|-damage|p2a: Dragonite|80/100|[from] Sandstorm
|-heal|p2a: Dragonite|86/100|[from] item: Leftovers
|upkeep
|turn|16
|
|t:|1779948721
|move|p2a: Dragonite|Earthquake|p1a: Sudowoodo
|-supereffective|p1a: Sudowoodo
|-ability|p1a: Sudowoodo|Sturdy
|-damage|p1a: Sudowoodo|9/100
|move|p1a: Sudowoodo|Endeavor|p2a: Dragonite
|-damage|p2a: Dragonite|1/100
|-heal|p1a: Sudowoodo|100/100|[from] item: Shell Bell|[of] p2a: Dragonite
|
|-weather|none
|-heal|p2a: Dragonite|7/100|[from] item: Leftovers
|upkeep
|turn|17
|inactive|Alitiantian has 120 seconds left.
|
|t:|1779948736
|switch|p1a: Hippowdon|Hippowdon, F, tera:Water|100/100
|-weather|Sandstorm|[from] ability: Sand Stream|[of] p1a: Hippowdon
|move|p2a: Dragonite|Encore||[still]
|-fail|p2a: Dragonite
|
|-weather|Sandstorm|[upkeep]
|-damage|p2a: Dragonite|1/100|[from] Sandstorm
|-damage|p1a: Hippowdon|94/100|[from] Sandstorm
|-heal|p2a: Dragonite|7/100|[from] item: Leftovers
|-heal|p1a: Hippowdon|100/100|[from] item: Leftovers
|upkeep
|turn|18
|
|t:|1779948748
|move|p2a: Dragonite|Earthquake|p1a: Hippowdon
|-damage|p1a: Hippowdon|69/100
|move|p1a: Hippowdon|Stealth Rock|p2a: Dragonite
|-sidestart|p2: Alitiantian|move: Stealth Rock
|
|-weather|Sandstorm|[upkeep]
|-damage|p2a: Dragonite|1/100|[from] Sandstorm
|-damage|p1a: Hippowdon|63/100|[from] Sandstorm
|-heal|p2a: Dragonite|7/100|[from] item: Leftovers
|-heal|p1a: Hippowdon|69/100|[from] item: Leftovers
|upkeep
|turn|19
|
|t:|1779948754
|switch|p1a: Conkeldurr|Conkeldurr, F|100/100 brn
|move|p2a: Dragonite|Earthquake|p1a: Conkeldurr
|-damage|p1a: Conkeldurr|61/100 brn
|
|-weather|Sandstorm|[upkeep]
|-damage|p2a: Dragonite|1/100|[from] Sandstorm
|-damage|p1a: Conkeldurr|55/100 brn|[from] Sandstorm
|-heal|p2a: Dragonite|7/100|[from] item: Leftovers
|-damage|p1a: Conkeldurr|49/100 brn|[from] brn
|upkeep
|turn|20
|
|t:|1779948762
|move|p1a: Conkeldurr|Mach Punch|p2a: Dragonite
|-resisted|p2a: Dragonite
|-damage|p2a: Dragonite|0 fnt
|faint|p2a: Dragonite
|
|-weather|Sandstorm|[upkeep]
|-damage|p1a: Conkeldurr|43/100 brn|[from] Sandstorm
|-damage|p1a: Conkeldurr|37/100 brn|[from] brn
|upkeep
|
|t:|1779948765
|switch|p2a: Great Tusk|Great Tusk|48/100 psn
|-damage|p2a: Great Tusk|45/100 psn|[from] Stealth Rock
|turn|21
|
|t:|1779948777
|move|p2a: Great Tusk|Rapid Spin|p1a: Conkeldurr
|-damage|p1a: Conkeldurr|25/100 brn
|-boost|p2a: Great Tusk|spe|1
|-sideend|p2: Alitiantian|Stealth Rock|[from] move: Rapid Spin|[of] p2a: Great Tusk
|move|p1a: Conkeldurr|Ice Punch|p2a: Great Tusk
|-supereffective|p2a: Great Tusk
|-damage|p2a: Great Tusk|0 fnt
|faint|p2a: Great Tusk
|-end|p2a: Great Tusk|Protosynthesis|[silent]
|
|-weather|none
|-damage|p1a: Conkeldurr|19/100 brn|[from] brn
|upkeep
|
|t:|1779948798
|switch|p2a: Gholdengo|Gholdengo|70/100
|turn|22
|
|t:|1779948813
|switch|p1a: Glimmora|Glimmora, M|1/100
|move|p2a: Gholdengo|Shadow Ball|p1a: Glimmora
|-damage|p1a: Glimmora|0 fnt
|faint|p1a: Glimmora
|
|upkeep
|
|t:|1779948818
|switch|p1a: Hippowdon|Hippowdon, F, tera:Water|69/100
|-weather|Sandstorm|[from] ability: Sand Stream|[of] p1a: Hippowdon
|turn|23
|
|t:|1779948832
|switch|p2a: Volcanion|Volcanion|100/100
|move|p1a: Hippowdon|Slack Off|p1a: Hippowdon
|-heal|p1a: Hippowdon|100/100
|
|-weather|Sandstorm|[upkeep]
|-damage|p2a: Volcanion|94/100|[from] Sandstorm
|-damage|p1a: Hippowdon|94/100|[from] Sandstorm
|-heal|p1a: Hippowdon|100/100|[from] item: Leftovers
|upkeep
|turn|24
|
|t:|1779948837
|move|p2a: Volcanion|Will-O-Wisp|p1a: Hippowdon
|-status|p1a: Hippowdon|brn
|move|p1a: Hippowdon|Earthquake|p2a: Volcanion
|-supereffective|p2a: Volcanion
|-enditem|p2a: Volcanion|Shuca Berry|[eat]
|-enditem|p2a: Volcanion|Shuca Berry|[weaken]
|-damage|p2a: Volcanion|78/100
|
|-weather|Sandstorm|[upkeep]
|-damage|p2a: Volcanion|72/100|[from] Sandstorm
|-damage|p1a: Hippowdon|94/100 brn|[from] Sandstorm
|-heal|p1a: Hippowdon|100/100 brn|[from] item: Leftovers
|-damage|p1a: Hippowdon|94/100 brn|[from] brn
|upkeep
|turn|25
|
|t:|1779948847
|switch|p2a: Weavile|Weavile, M|88/100
|move|p1a: Hippowdon|Stealth Rock|p2a: Weavile
|-sidestart|p2: Alitiantian|move: Stealth Rock
|
|-weather|Sandstorm|[upkeep]
|-damage|p2a: Weavile|82/100|[from] Sandstorm
|-damage|p1a: Hippowdon|88/100 brn|[from] Sandstorm
|-heal|p1a: Hippowdon|94/100 brn|[from] item: Leftovers
|-damage|p1a: Hippowdon|88/100 brn|[from] brn
|upkeep
|turn|26
|
|t:|1779948854
|move|p2a: Weavile|Knock Off|p1a: Hippowdon
|-damage|p1a: Hippowdon|48/100 brn
|-enditem|p1a: Hippowdon|Leftovers|[from] move: Knock Off|[of] p2a: Weavile
|move|p1a: Hippowdon|Whirlwind|p2a: Weavile
|drag|p2a: Gholdengo|Gholdengo|70/100
|-damage|p2a: Gholdengo|64/100|[from] Stealth Rock
|
|-weather|Sandstorm|[upkeep]
|-damage|p1a: Hippowdon|42/100 brn|[from] Sandstorm
|-damage|p1a: Hippowdon|35/100 brn|[from] brn
|upkeep
|turn|27
|
|t:|1779948863
|move|p2a: Gholdengo|Shadow Ball|p1a: Hippowdon
|-damage|p1a: Hippowdon|1/100 brn
|move|p1a: Hippowdon|Slack Off|p1a: Hippowdon
|-heal|p1a: Hippowdon|51/100 brn
|
|-weather|none
|-damage|p1a: Hippowdon|45/100 brn|[from] brn
|upkeep
|turn|28
|
|t:|1779948870
|move|p2a: Gholdengo|Shadow Ball|p1a: Hippowdon
|-damage|p1a: Hippowdon|8/100 brn
|-unboost|p1a: Hippowdon|spd|1
|move|p1a: Hippowdon|Slack Off|p1a: Hippowdon
|-heal|p1a: Hippowdon|58/100 brn
|
|-damage|p1a: Hippowdon|52/100 brn|[from] brn
|upkeep
|turn|29
|
|t:|1779948885
|switch|p1a: Conkeldurr|Conkeldurr, F|19/100 brn
|move|p2a: Gholdengo|Shadow Ball|p1a: Conkeldurr
|-damage|p1a: Conkeldurr|0 fnt
|faint|p1a: Conkeldurr
|
|upkeep
|
|t:|1779948890
|switch|p1a: Hippowdon|Hippowdon, F, tera:Water|52/100 brn
|-weather|Sandstorm|[from] ability: Sand Stream|[of] p1a: Hippowdon
|turn|30
|
|t:|1779948896
|switch|p2a: Volcanion|Volcanion|72/100
|-damage|p2a: Volcanion|47/100|[from] Stealth Rock
|move|p1a: Hippowdon|Slack Off|p1a: Hippowdon
|-heal|p1a: Hippowdon|100/100 brn
|
|-weather|Sandstorm|[upkeep]
|-damage|p2a: Volcanion|41/100|[from] Sandstorm
|-damage|p1a: Hippowdon|94/100 brn|[from] Sandstorm
|-damage|p1a: Hippowdon|88/100 brn|[from] brn
|upkeep
|turn|31
|
|t:|1779948904
|move|p2a: Volcanion|Earth Power|p1a: Hippowdon
|-damage|p1a: Hippowdon|58/100 brn
|move|p1a: Hippowdon|Earthquake|p2a: Volcanion
|-supereffective|p2a: Volcanion
|-damage|p2a: Volcanion|8/100
|
|-weather|Sandstorm|[upkeep]
|-damage|p2a: Volcanion|2/100|[from] Sandstorm
|-damage|p1a: Hippowdon|52/100 brn|[from] Sandstorm
|-damage|p1a: Hippowdon|46/100 brn|[from] brn
|upkeep
|turn|32
|
|t:|1779948912
|move|p2a: Volcanion|Earth Power|p1a: Hippowdon
|-damage|p1a: Hippowdon|18/100 brn
|move|p1a: Hippowdon|Slack Off|p1a: Hippowdon
|-heal|p1a: Hippowdon|69/100 brn
|
|-weather|Sandstorm|[upkeep]
|-damage|p2a: Volcanion|0 fnt|[from] Sandstorm
|-damage|p1a: Hippowdon|62/100 brn|[from] Sandstorm
|faint|p2a: Volcanion
|-damage|p1a: Hippowdon|56/100 brn|[from] brn
|upkeep
|
|t:|1779948923
|switch|p2a: Weavile|Weavile, M|82/100
|-damage|p2a: Weavile|57/100|[from] Stealth Rock
|turn|33
|
|t:|1779948931
|-terastallize|p2a: Weavile|Dark
|move|p2a: Weavile|Knock Off|p1a: Hippowdon
|-damage|p1a: Hippowdon|21/100 brn
|move|p1a: Hippowdon|Earthquake|p2a: Weavile
|-damage|p2a: Weavile|25/100
|
|-weather|Sandstorm|[upkeep]
|-damage|p2a: Weavile|19/100|[from] Sandstorm
|-damage|p1a: Hippowdon|15/100 brn|[from] Sandstorm
|-damage|p1a: Hippowdon|9/100 brn|[from] brn
|upkeep
|turn|34
|
|t:|1779948941
|move|p2a: Weavile|Knock Off|p1a: Hippowdon
|-damage|p1a: Hippowdon|0 fnt
|faint|p1a: Hippowdon
|
|-weather|none
|upkeep
|
|t:|1779948944
|switch|p1a: Sudowoodo|Sudowoodo, L1, F|100/100
|turn|35
|
|t:|1779948948
|move|p2a: Weavile|Knock Off|p1a: Sudowoodo
|-ability|p1a: Sudowoodo|Sturdy
|-damage|p1a: Sudowoodo|9/100
|-enditem|p1a: Sudowoodo|Shell Bell|[from] move: Knock Off|[of] p2a: Weavile
|move|p1a: Sudowoodo|Endeavor|p2a: Weavile
|-damage|p2a: Weavile|1/100
|
|upkeep
|turn|36
|
|t:|1779948956
|move|p2a: Weavile|Knock Off|p1a: Sudowoodo
|-damage|p1a: Sudowoodo|0 fnt
|faint|p1a: Sudowoodo
|
|win|Alitiantian
|raw|DevotedToaster's rating: 1357 &rarr; <strong>1338</strong><br />(-19 for losing)
|raw|Alitiantian's rating: 1374 &rarr; <strong>1393</strong><br />(+19 for winning)
|l|‽DevotedToaster
|player|p1|
|l|☆Alitiantian
|player|p2|
