|j|☆pineapplefred2
|j|☆inferno_on_top
|t:|1779867060
|gametype|singles
|player|p1|pineapplefred2|red|1352
|player|p2|inferno_on_top|gentleman-gen4|1352
|gen|9
|tier|[Gen 9] OU
|rated|
|rule|HP Percentage Mod: HP is shown in percentages
|rule|Endless Battle Clause: Forcing endless battles is banned
|rule|Species Clause: Limit one of each Pokémon
|rule|OHKO Clause: OHKO moves are banned
|rule|Evasion Items Clause: Evasion items are banned
|rule|Evasion Moves Clause: Evasion moves are banned
|rule|Evasion Abilities Clause: Evasion abilities are banned
|rule|Sleep Moves Clause: Sleep-inducing moves are banned
|clearpoke
|poke|p1|Kyurem|
|poke|p1|Slowking-Galar, M|
|poke|p1|Dragapult, F|
|poke|p1|Kingambit, M|
|poke|p1|Great Tusk|
|poke|p1|Moltres|
|poke|p2|Pikachu-Kalos, M|
|poke|p2|Talonflame, F|
|poke|p2|Greninja-*, M|
|poke|p2|Goodra, F|
|poke|p2|Noivern, F|
|poke|p2|Hawlucha, M|
|teampreview
|inactive|Battle timer is ON: inactive players will automatically lose when time's up. (requested by inferno_on_top)
|
|t:|1779867076
|teamsize|p1|6
|teamsize|p2|6
|start
|switch|p1a: Kyurem|Kyurem|100/100
|switch|p2a: Pikachu|Pikachu-Kalos, M|100/100
|-ability|p1a: Kyurem|Pressure
|turn|1
|
|t:|1779867079
|move|p2a: Pikachu|Fake Out|p1a: Kyurem
|-damage|p1a: Kyurem|87/100
|cant|p1a: Kyurem|flinch
|
|upkeep
|turn|2
|
|t:|1779867093
|move|p1a: Kyurem|Ice Beam|p2a: Pikachu
|-damage|p2a: Pikachu|0 fnt
|faint|p2a: Pikachu
|
|upkeep
|
|t:|1779867097
|switch|p2a: Talonflame|Talonflame, F|100/100
|turn|3
|
|t:|1779867105
|switch|p1a: Slowking|Slowking-Galar, M|100/100
|move|p2a: Talonflame|Flare Blitz|p1a: Slowking
|-damage|p1a: Slowking|51/100
|-damage|p2a: Talonflame|79/100|[from] Recoil
|
|upkeep
|turn|4
|
|t:|1779867115
|move|p2a: Talonflame|Flare Blitz|p1a: Slowking
|-damage|p1a: Slowking|0 fnt
|faint|p1a: Slowking
|-damage|p2a: Talonflame|57/100|[from] Recoil
|
|upkeep
|
|t:|1779867123
|switch|p1a: Dragapult|Dragapult, F|100/100
|turn|5
|
|t:|1779867145
|switch|p2a: Noivern|Noivern, F|100/100
|-item|p1a: Dragapult|Heavy-Duty Boots|[from] ability: Frisk|[of] p2a: Noivern
|move|p1a: Dragapult|Dragon Darts|p2a: Noivern
|-supereffective|p2a: Noivern
|-damage|p2a: Noivern|48/100
|-anim|p1a: Dragapult|Dragon Darts|p2a: Noivern
|-supereffective|p2a: Noivern
|-damage|p2a: Noivern|0 fnt
|faint|p2a: Noivern
|
|upkeep
|
|t:|1779867153
|switch|p2a: Goodra|Goodra, F|100/100
|turn|6
|l|☆pineapplefred2
|inactive|pineapplefred2 disconnected and has a minute to reconnect!
|player|p1|
|inactive|pineapplefred2 has 30 seconds to reconnect!
|inactive|pineapplefred2 has 20 seconds to reconnect!
|inactive|pineapplefred2 has 15 seconds to reconnect!
|inactive|pineapplefred2 has 10 seconds to reconnect!
|inactive|pineapplefred2 has 5 seconds to reconnect!
|j|☆pineapplefred2
|inactive|pineapplefred2 reconnected and has 90 seconds left.
|player|p1|pineapplefred2|red|
|
|t:|1779867220
|move|p1a: Dragapult|Dragon Darts|p2a: Goodra
|-supereffective|p2a: Goodra
|-damage|p2a: Goodra|58/100
|-anim|p1a: Dragapult|Dragon Darts|p2a: Goodra
|-supereffective|p2a: Goodra
|-damage|p2a: Goodra|15/100
|move|p2a: Goodra|Draco Meteor|p1a: Dragapult
|-supereffective|p1a: Dragapult
|-damage|p1a: Dragapult|0 fnt
|-unboost|p2a: Goodra|spa|2
|faint|p1a: Dragapult
|
|upkeep
|
|t:|1779867233
|switch|p1a: Kyurem|Kyurem|87/100
|-ability|p1a: Kyurem|Pressure
|turn|7
|
|t:|1779867236
|move|p1a: Kyurem|Ice Beam|p2a: Goodra
|-supereffective|p2a: Goodra
|-damage|p2a: Goodra|0 fnt
|faint|p2a: Goodra
|
|upkeep
|
|t:|1779867238
|switch|p2a: Hawlucha|Hawlucha, M|100/100
|turn|8
|
|t:|1779867243
|move|p1a: Kyurem|Ice Beam|p2a: Hawlucha
|-supereffective|p2a: Hawlucha
|-damage|p2a: Hawlucha|0 fnt
|faint|p2a: Hawlucha
|
|upkeep
|
|t:|1779867249
|switch|p2a: Greninja|Greninja, M|100/100
|turn|9
|
|t:|1779867265
|switch|p1a: Kingambit|Kingambit, M|100/100
|-activate|p1a: Kingambit|ability: Supreme Overlord
|-start|p1a: Kingambit|fallen2|[silent]
|move|p2a: Greninja|Ice Beam|p1a: Kingambit
|-resisted|p1a: Kingambit
|-damage|p1a: Kingambit|83/100
|-damage|p2a: Greninja|91/100|[from] item: Life Orb
|
|-heal|p1a: Kingambit|89/100|[from] item: Leftovers
|upkeep
|turn|10
|
|t:|1779867274
|move|p2a: Greninja|Ice Beam|p1a: Kingambit
|-resisted|p1a: Kingambit
|-damage|p1a: Kingambit|72/100
|-damage|p2a: Greninja|81/100|[from] item: Life Orb
|move|p1a: Kingambit|Kowtow Cleave|p2a: Greninja
|-resisted|p2a: Greninja
|-damage|p2a: Greninja|27/100
|
|-heal|p1a: Kingambit|78/100|[from] item: Leftovers
|upkeep
|turn|11
|inactive|pineapplefred2 has 120 seconds left.
|
|t:|1779867282
|-terastallize|p2a: Greninja|Water
|move|p2a: Greninja|Water Shuriken|p1a: Kingambit
|-damage|p1a: Kingambit|65/100
|-damage|p1a: Kingambit|53/100
|-hitcount|p1a: Kingambit|2
|-damage|p2a: Greninja|18/100|[from] item: Life Orb
|move|p1a: Kingambit|Kowtow Cleave|p2a: Greninja
|-damage|p2a: Greninja|0 fnt
|faint|p2a: Greninja
|
|-heal|p1a: Kingambit|59/100|[from] item: Leftovers
|upkeep
|-message|inferno_on_top forfeited.
|
|win|pineapplefred2
|raw|pineapplefred2's rating: 1352 &rarr; <strong>1372</strong><br />(+20 for winning)
|raw|inferno_on_top's rating: 1352 &rarr; <strong>1332</strong><br />(-20 for losing)
|l|☆inferno_on_top
|player|p2|
|l|☆pineapplefred2
|player|p1|
