|j|☆waplejoos
|j|☆Sack o Rice
|t:|1779816387
|gametype|singles
|player|p1|waplejoos|170|1307
|player|p2|Sack o Rice|giovanni|1296
|gen|9
|tier|[Gen 9] OU
|rated|
|rule|HP Percentage Mod: HP is shown in percentages
|rule|Endless Battle Clause: Forcing endless battles is banned
|rule|Species Clause: Limit one of each Pokémon
|rule|OHKO Clause: OHKO moves are banned
|rule|Evasion Items Clause: Evasion items are banned
|rule|Evasion Moves Clause: Evasion moves are banned
|rule|Evasion Abilities Clause: Evasion abilities are banned
|rule|Sleep Moves Clause: Sleep-inducing moves are banned
|clearpoke
|poke|p1|Landorus-Therian, M|
|poke|p1|Mandibuzz, F|
|poke|p1|Kingambit, M|
|poke|p1|Raging Bolt|
|poke|p1|Primarina, F|
|poke|p1|Mienshao, F|
|poke|p2|Weezing, F|
|poke|p2|Galvantula, F|
|poke|p2|Alomomola, F|
|poke|p2|Gastrodon, F|
|poke|p2|Kingambit, M|
|poke|p2|Kyurem|
|teampreview
|inactive|Battle timer is ON: inactive players will automatically lose when time's up. (requested by Sack o Rice)
|
|t:|1779816395
|teamsize|p1|6
|teamsize|p2|6
|start
|switch|p1a: Landorus|Landorus-Therian, M|100/100
|switch|p2a: Kyurem|Kyurem|100/100
|-ability|p2a: Kyurem|Pressure
|-ability|p1a: Landorus|Intimidate|boost
|-unboost|p2a: Kyurem|atk|1
|turn|1
|
|t:|1779816404
|switch|p1a: Primarina|Primarina, F, shiny|100/100
|move|p2a: Kyurem|Freeze-Dry|p1a: Primarina
|-supereffective|p1a: Primarina
|-damage|p1a: Primarina|57/100
|
|upkeep
|turn|2
|
|t:|1779816410
|-terastallize|p2a: Kyurem|Ice
|move|p2a: Kyurem|Freeze-Dry|p1a: Primarina
|-supereffective|p1a: Primarina
|-damage|p1a: Primarina|0 fnt
|faint|p1a: Primarina
|
|upkeep
|
|t:|1779816414
|switch|p1a: Mienshao|Mienshao, F|100/100
|turn|3
|
|t:|1779816421
|switch|p2a: Galvantula|Galvantula, F|100/100
|move|p1a: Mienshao|Knock Off|p2a: Galvantula
|-damage|p2a: Galvantula|40/100
|-enditem|p2a: Galvantula|Choice Specs|[from] move: Knock Off|[of] p1a: Mienshao
|
|upkeep
|turn|4
|
|t:|1779816433
|move|p2a: Galvantula|Thunder|p1a: Mienshao
|-damage|p1a: Mienshao|12/100
|-status|p1a: Mienshao|par
|move|p1a: Mienshao|Close Combat|p2a: Galvantula
|-resisted|p2a: Galvantula
|-damage|p2a: Galvantula|0 fnt
|-unboost|p1a: Mienshao|def|1
|-unboost|p1a: Mienshao|spd|1
|faint|p2a: Galvantula
|
|upkeep
|
|t:|1779816439
|switch|p2a: Alomomola|Alomomola, F|100/100
|turn|5
|
|t:|1779816444
|move|p1a: Mienshao|Knock Off|p2a: Alomomola
|-damage|p2a: Alomomola|81/100
|-enditem|p2a: Alomomola|Heavy-Duty Boots|[from] move: Knock Off|[of] p1a: Mienshao
|move|p2a: Alomomola|Flip Turn|p1a: Mienshao
|-damage|p1a: Mienshao|0 fnt
|faint|p1a: Mienshao
|
|t:|1779816449
|switch|p2a: Kyurem|Kyurem, tera:Ice|100/100|[from] Flip Turn
|-ability|p2a: Kyurem|Pressure
|
|upkeep
|
|t:|1779816455
|switch|p1a: Kingambit|Kingambit, M, shiny|100/100
|-activate|p1a: Kingambit|ability: Supreme Overlord
|-start|p1a: Kingambit|fallen2|[silent]
|turn|6
|
|t:|1779816461
|switch|p2a: Alomomola|Alomomola, F|100/100
|move|p1a: Kingambit|Swords Dance|p1a: Kingambit
|-boost|p1a: Kingambit|atk|2
|
|upkeep
|turn|7
|
|t:|1779816465
|move|p1a: Kingambit|Swords Dance|p1a: Kingambit
|-boost|p1a: Kingambit|atk|2
|move|p2a: Alomomola|Scald|p1a: Kingambit
|-damage|p1a: Kingambit|88/100
|
|upkeep
|turn|8
|
|t:|1779816473
|move|p1a: Kingambit|Sucker Punch|p2a: Alomomola
|-damage|p2a: Alomomola|13/100
|move|p2a: Alomomola|Scald|p1a: Kingambit
|-damage|p1a: Kingambit|75/100
|-status|p1a: Kingambit|brn
|
|-damage|p1a: Kingambit|68/100 brn|[from] brn
|upkeep
|turn|9
|
|t:|1779816482
|move|p1a: Kingambit|Swords Dance|p1a: Kingambit
|-boost|p1a: Kingambit|atk|2
|move|p2a: Alomomola|Wish|p2a: Alomomola
|
|-damage|p1a: Kingambit|62/100 brn|[from] brn
|upkeep
|turn|10
|
|t:|1779816488
|move|p2a: Alomomola|Protect|p2a: Alomomola
|-singleturn|p2a: Alomomola|Protect
|move|p1a: Kingambit|Kowtow Cleave|p2a: Alomomola
|-activate|p2a: Alomomola|move: Protect
|
|-heal|p2a: Alomomola|63/100|[from] move: Wish|[wisher] Alomomola
|-damage|p1a: Kingambit|56/100 brn|[from] brn
|upkeep
|turn|11
|
|t:|1779816493
|move|p1a: Kingambit|Kowtow Cleave|p2a: Alomomola
|-damage|p2a: Alomomola|0 fnt
|faint|p2a: Alomomola
|
|-damage|p1a: Kingambit|50/100 brn|[from] brn
|upkeep
|
|t:|1779816495
|switch|p2a: Gastrodon|Gastrodon, F|100/100
|turn|12
|
|t:|1779816500
|move|p1a: Kingambit|Kowtow Cleave|p2a: Gastrodon
|-enditem|p2a: Gastrodon|Focus Sash
|-damage|p2a: Gastrodon|1/100
|move|p2a: Gastrodon|Counter|p1a: Kingambit
|-damage|p1a: Kingambit|0 fnt
|faint|p1a: Kingambit
|-end|p1a: Kingambit|fallen2|[silent]
|
|upkeep
|
|t:|1779816508
|switch|p1a: Landorus|Landorus-Therian, M|100/100
|-ability|p1a: Landorus|Intimidate|boost
|-unboost|p2a: Gastrodon|atk|1
|turn|13
|
|t:|1779816516
|move|p1a: Landorus|Stealth Rock|p2a: Gastrodon
|-sidestart|p2: Sack o Rice|move: Stealth Rock
|move|p2a: Gastrodon|Recover|p2a: Gastrodon
|-heal|p2a: Gastrodon|51/100
|
|upkeep
|turn|14
|
|t:|1779816520
|move|p1a: Landorus|Taunt|p2a: Gastrodon
|-start|p2a: Gastrodon|move: Taunt
|cant|p2a: Gastrodon|move: Taunt|Recover
|
|upkeep
|turn|15
|
|t:|1779816528
|move|p1a: Landorus|Earthquake|p2a: Gastrodon
|-damage|p2a: Gastrodon|0 fnt
|faint|p2a: Gastrodon
|
|upkeep
|
|t:|1779816536
|switch|p2a: Kyurem|Kyurem, tera:Ice|100/100
|-damage|p2a: Kyurem|76/100|[from] Stealth Rock
|-ability|p2a: Kyurem|Pressure
|turn|16
|inactive|waplejoos has 120 seconds left.
|
|t:|1779816577
|-terastallize|p1a: Landorus|Ground
|move|p2a: Kyurem|Ice Beam|p1a: Landorus
|-supereffective|p1a: Landorus
|-damage|p1a: Landorus|0 fnt
|faint|p1a: Landorus
|
|upkeep
|
|t:|1779816586
|switch|p1a: Mandibuzz|Mandibuzz, F|100/100
|turn|17
|
|t:|1779816590
|move|p2a: Kyurem|Ice Beam|p1a: Mandibuzz
|-supereffective|p1a: Mandibuzz
|-damage|p1a: Mandibuzz|8/100
|-status|p1a: Mandibuzz|frz
|cant|p1a: Mandibuzz|frz
|
|upkeep
|turn|18
|-message|waplejoos forfeited.
|
|win|Sack o Rice
|raw|waplejoos's rating: 1307 &rarr; <strong>1286</strong><br />(-21 for losing)
|raw|Sack o Rice's rating: 1296 &rarr; <strong>1322</strong><br />(+26 for winning)
|l|☆waplejoos
|player|p1|
|l|☆Sack o Rice
|player|p2|
