|j|☆TWENNY7
|j|☆banjo guro
|t:|1779863961
|gametype|singles
|player|p1|TWENNY7|hau-stance|1328
|player|p2|banjo guro|erika|1298
|gen|9
|tier|[Gen 9] OU
|rated|
|rule|HP Percentage Mod: HP is shown in percentages
|rule|Endless Battle Clause: Forcing endless battles is banned
|rule|Species Clause: Limit one of each Pokémon
|rule|OHKO Clause: OHKO moves are banned
|rule|Evasion Items Clause: Evasion items are banned
|rule|Evasion Moves Clause: Evasion moves are banned
|rule|Evasion Abilities Clause: Evasion abilities are banned
|rule|Sleep Moves Clause: Sleep-inducing moves are banned
|clearpoke
|poke|p1|Iron Valiant|
|poke|p1|Tyranitar, F|
|poke|p1|Zapdos|
|poke|p1|Darkrai|
|poke|p1|Okidogi, M|
|poke|p1|Deoxys-Speed|
|poke|p2|Garganacl, F|
|poke|p2|Mimikyu, F|
|poke|p2|Chimecho, M|
|poke|p2|Serperior, M|
|poke|p2|Maushold|
|poke|p2|Hawlucha, F|
|teampreview
|inactive|Battle timer is ON: inactive players will automatically lose when time's up. (requested by banjo guro)
|
|t:|1779863966
|teamsize|p1|6
|teamsize|p2|6
|start
|switch|p1a: WEMBY|Deoxys-Speed|100/100
|switch|p2a: Hawlucha|Hawlucha, F|100/100
|-ability|p1a: WEMBY|Pressure
|-ability|p2a: Hawlucha|Mold Breaker
|turn|1
|
|t:|1779863975
|move|p1a: WEMBY|Psycho Boost|p2a: Hawlucha
|-supereffective|p2a: Hawlucha
|-enditem|p2a: Hawlucha|Focus Sash
|-damage|p2a: Hawlucha|1/100
|-unboost|p1a: WEMBY|spa|2
|move|p2a: Hawlucha|Encore|p1a: WEMBY
|-start|p1a: WEMBY|Encore
|
|upkeep
|turn|2
|
|t:|1779863990
|switch|p1a: CODE:red|Tyranitar, F, shiny|100/100
|-weather|Sandstorm|[from] ability: Sand Stream|[of] p1a: CODE:red
|move|p2a: Hawlucha|Iron Head|p1a: CODE:red
|-supereffective|p1a: CODE:red
|-damage|p1a: CODE:red|66/100
|-enditem|p1a: CODE:red|Red Card|[of] p2a: Hawlucha
|drag|p2a: Garganacl|Garganacl, F|100/100
|
|-weather|Sandstorm|[upkeep]
|upkeep
|turn|3
|
|t:|1779864002
|move|p1a: CODE:red|Stealth Rock|p2a: Garganacl
|-sidestart|p2: banjo guro|move: Stealth Rock
|move|p2a: Garganacl|Body Press|p1a: CODE:red
|-supereffective|p1a: CODE:red
|-damage|p1a: CODE:red|0 fnt
|faint|p1a: CODE:red
|
|-weather|Sandstorm|[upkeep]
|upkeep
|
|t:|1779864009
|switch|p1a: CASPER|Okidogi, M|100/100
|turn|4
|
|t:|1779864023
|move|p1a: CASPER|Bulk Up|p1a: CASPER
|-boost|p1a: CASPER|atk|1
|-boost|p1a: CASPER|def|1
|move|p2a: Garganacl|Salt Cure|p1a: CASPER
|-resisted|p1a: CASPER
|-damage|p1a: CASPER|97/100
|-start|p1a: CASPER|Salt Cure
|
|-weather|Sandstorm|[upkeep]
|-damage|p1a: CASPER|91/100|[from] Sandstorm
|-heal|p1a: CASPER|97/100|[from] item: Leftovers
|-damage|p1a: CASPER|84/100|[from] Salt Cure
|upkeep
|turn|5
|
|t:|1779864033
|switch|p2a: Mimikyu|Mimikyu, F|100/100
|-damage|p2a: Mimikyu|88/100|[from] Stealth Rock
|move|p1a: CASPER|Knock Off|p2a: Mimikyu
|-activate|p2a: Mimikyu|ability: Disguise
|-damage|p2a: Mimikyu|88/100
|-enditem|p2a: Mimikyu|Red Card|[from] move: Knock Off|[of] p1a: CASPER
|detailschange|p2a: Mimikyu|Mimikyu-Busted, F
|-damage|p2a: Mimikyu|76/100|[from] pokemon: Mimikyu-Busted
|
|-weather|Sandstorm|[upkeep]
|-damage|p2a: Mimikyu|70/100|[from] Sandstorm
|-damage|p1a: CASPER|78/100|[from] Sandstorm
|-heal|p1a: CASPER|84/100|[from] item: Leftovers
|-damage|p1a: CASPER|72/100|[from] Salt Cure
|upkeep
|turn|6
|
|t:|1779864044
|switch|p1a: SHOXY|Zapdos|100/100
|move|p2a: Mimikyu|Play Rough|p1a: SHOXY
|-damage|p1a: SHOXY|59/100
|
|-weather|none
|upkeep
|turn|7
|
|t:|1779864053
|switch|p2a: Maushold|Maushold|100/100
|-damage|p2a: Maushold|88/100|[from] Stealth Rock
|move|p1a: SHOXY|Volt Switch|p2a: Maushold
|-damage|p2a: Maushold|5/100
|
|t:|1779864057
|switch|p1a: Zzz|Darkrai|100/100|[from] Volt Switch
|
|upkeep
|turn|8
|
|t:|1779864062
|move|p1a: Zzz|Sludge Bomb|p2a: Maushold
|-damage|p2a: Maushold|0 fnt
|faint|p2a: Maushold
|
|upkeep
|
|t:|1779864067
|switch|p2a: Serperior|Serperior, M|100/100
|-damage|p2a: Serperior|88/100|[from] Stealth Rock
|turn|9
|
|t:|1779864070
|move|p1a: Zzz|Sludge Bomb|p2a: Serperior
|-supereffective|p2a: Serperior
|-damage|p2a: Serperior|33/100
|-status|p2a: Serperior|psn
|move|p2a: Serperior|Glare|p1a: Zzz
|-status|p1a: Zzz|par
|
|-heal|p2a: Serperior|39/100 psn|[from] item: Leftovers
|-damage|p2a: Serperior|26/100 psn|[from] psn
|upkeep
|turn|10
|
|t:|1779864081
|switch|p1a: SHOXY|Zapdos|59/100
|move|p2a: Serperior|Leech Seed|p1a: SHOXY|[miss]
|-miss|p2a: Serperior|p1a: SHOXY
|
|-heal|p2a: Serperior|33/100 psn|[from] item: Leftovers
|-damage|p2a: Serperior|20/100 psn|[from] psn
|upkeep
|turn|11
|
|t:|1779864089
|move|p1a: SHOXY|Roost|p1a: SHOXY
|-heal|p1a: SHOXY|100/100
|-singleturn|p1a: SHOXY|move: Roost
|move|p2a: Serperior|Leech Seed|p1a: SHOXY
|-start|p1a: SHOXY|move: Leech Seed
|
|-heal|p2a: Serperior|26/100 psn|[from] item: Leftovers
|-damage|p1a: SHOXY|88/100|[from] Leech Seed|[of] p2a: Serperior
|-heal|p2a: Serperior|38/100 psn|[silent]
|-damage|p2a: Serperior|25/100 psn|[from] psn
|upkeep
|turn|12
|
|t:|1779864097
|switch|p1a: Zzz|Darkrai|100/100 par
|move|p2a: Serperior|Substitute|p2a: Serperior
|-fail|p2a: Serperior|move: Substitute|[weak]
|
|-heal|p2a: Serperior|32/100 psn|[from] item: Leftovers
|-damage|p2a: Serperior|19/100 psn|[from] psn
|upkeep
|turn|13
|
|t:|1779864102
|switch|p1a: SHOXY|Zapdos|88/100
|move|p2a: Serperior|Leaf Storm|p1a: SHOXY
|-resisted|p1a: SHOXY
|-damage|p1a: SHOXY|66/100
|-boost|p2a: Serperior|spa|2
|
|-heal|p2a: Serperior|25/100 psn|[from] item: Leftovers
|-damage|p2a: Serperior|13/100 psn|[from] psn
|upkeep
|turn|14
|
|t:|1779864111
|move|p1a: SHOXY|Volt Switch|p2a: Serperior
|-resisted|p2a: Serperior
|-damage|p2a: Serperior|0 fnt
|faint|p2a: Serperior
|
|t:|1779864118
|switch|p1a: WEMBY|Deoxys-Speed|100/100|[from] Volt Switch
|-ability|p1a: WEMBY|Pressure
|
|upkeep
|
|t:|1779864122
|switch|p2a: Mimikyu|Mimikyu-Busted, F|70/100
|-damage|p2a: Mimikyu|57/100|[from] Stealth Rock
|turn|15
|
|t:|1779864127
|switch|p1a: SHOXY|Zapdos|66/100
|move|p2a: Mimikyu|Shadow Sneak|p1a: SHOXY
|-damage|p1a: SHOXY|44/100
|
|upkeep
|turn|16
|
|t:|1779864134
|move|p2a: Mimikyu|Play Rough|p1a: SHOXY
|-damage|p1a: SHOXY|0 fnt
|faint|p1a: SHOXY
|
|upkeep
|
|t:|1779864145
|switch|p1a: Zzz|Darkrai|100/100 par
|turn|17
|
|t:|1779864148
|move|p2a: Mimikyu|Play Rough|p1a: Zzz
|-supereffective|p1a: Zzz
|-damage|p1a: Zzz|0 fnt
|faint|p1a: Zzz
|
|upkeep
|
|t:|1779864155
|switch|p1a: WEMBY|Deoxys-Speed|100/100
|-ability|p1a: WEMBY|Pressure
|turn|18
|
|t:|1779864157
|move|p2a: Mimikyu|Shadow Sneak|p1a: WEMBY
|-supereffective|p1a: WEMBY
|-crit|p1a: WEMBY
|-damage|p1a: WEMBY|23/100
|move|p1a: WEMBY|Psycho Boost|p2a: Mimikyu
|-damage|p2a: Mimikyu|0 fnt
|-unboost|p1a: WEMBY|spa|2
|faint|p2a: Mimikyu
|
|upkeep
|
|t:|1779864162
|switch|p2a: Hawlucha|Hawlucha, F|1/100
|-damage|p2a: Hawlucha|0 fnt|[from] Stealth Rock
|faint|p2a: Hawlucha
|
|t:|1779864164
|switch|p2a: Chimecho|Chimecho, M|100/100
|-damage|p2a: Chimecho|88/100|[from] Stealth Rock
|turn|19
|
|t:|1779864167
|-terastallize|p2a: Chimecho|Electric
|move|p1a: WEMBY|Knock Off|p2a: Chimecho
|-damage|p2a: Chimecho|67/100
|-enditem|p2a: Chimecho|Leftovers|[from] move: Knock Off|[of] p1a: WEMBY
|move|p2a: Chimecho|Cosmic Power|p2a: Chimecho
|-boost|p2a: Chimecho|def|1
|-boost|p2a: Chimecho|spd|1
|
|upkeep
|turn|20
|
|t:|1779864176
|move|p1a: WEMBY|Nasty Plot|p1a: WEMBY
|-boost|p1a: WEMBY|spa|2
|move|p2a: Chimecho|Charge Beam|p1a: WEMBY
|-damage|p1a: WEMBY|0 fnt
|faint|p1a: WEMBY
|
|upkeep
|
|t:|1779864184
|switch|p1a: RUNE 2H|Iron Valiant|100/100
|-enditem|p1a: RUNE 2H|Booster Energy
|-activate|p1a: RUNE 2H|ability: Quark Drive|[fromitem]
|-start|p1a: RUNE 2H|quarkdrivespe
|turn|21
|
|t:|1779864190
|-terastallize|p1a: RUNE 2H|Steel
|move|p1a: RUNE 2H|Swords Dance|p1a: RUNE 2H
|-boost|p1a: RUNE 2H|atk|2
|move|p2a: Chimecho|Cosmic Power|p2a: Chimecho
|-boost|p2a: Chimecho|def|1
|-boost|p2a: Chimecho|spd|1
|
|upkeep
|turn|22
|
|t:|1779864195
|move|p1a: RUNE 2H|Spirit Break|p2a: Chimecho
|-damage|p2a: Chimecho|22/100
|-unboost|p2a: Chimecho|spa|1
|move|p2a: Chimecho|Stored Power|p1a: RUNE 2H
|-resisted|p1a: RUNE 2H
|-damage|p1a: RUNE 2H|74/100
|
|upkeep
|turn|23
|
|t:|1779864204
|move|p1a: RUNE 2H|Spirit Break|p2a: Chimecho
|-crit|p2a: Chimecho
|-damage|p2a: Chimecho|0 fnt
|faint|p2a: Chimecho
|
|upkeep
|
|t:|1779864206
|switch|p2a: Garganacl|Garganacl, F|100/100
|-damage|p2a: Garganacl|88/100|[from] Stealth Rock
|turn|24
|
|t:|1779864209
|move|p1a: RUNE 2H|Close Combat|p2a: Garganacl
|-supereffective|p2a: Garganacl
|-damage|p2a: Garganacl|0 fnt
|-unboost|p1a: RUNE 2H|def|1
|-unboost|p1a: RUNE 2H|spd|1
|faint|p2a: Garganacl
|
|win|TWENNY7
|raw|TWENNY7's rating: 1346 &rarr; <strong>1363</strong><br />(+17 for winning)
|raw|banjo guro's rating: 1298 &rarr; <strong>1276</strong><br />(-22 for losing)
|l|☆banjo guro
|player|p2|
