|j|‽DevotedToaster
|j|☆xueshang
|t:|1779947361
|gametype|singles
|player|p1|DevotedToaster|170|1281
|player|p2|xueshang|skierf|1363
|gen|9
|tier|[Gen 9] OU
|rated|
|rule|HP Percentage Mod: HP is shown in percentages
|rule|Endless Battle Clause: Forcing endless battles is banned
|rule|Species Clause: Limit one of each Pokémon
|rule|OHKO Clause: OHKO moves are banned
|rule|Evasion Items Clause: Evasion items are banned
|rule|Evasion Moves Clause: Evasion moves are banned
|rule|Evasion Abilities Clause: Evasion abilities are banned
|rule|Sleep Moves Clause: Sleep-inducing moves are banned
|clearpoke
|poke|p1|Glimmora, M|
|poke|p1|Tyranitar, F|
|poke|p1|Conkeldurr, F|
|poke|p1|Sudowoodo, L1, F|
|poke|p1|Ceruledge, F|
|poke|p1|Hippowdon, F|
|poke|p2|Darkrai|
|poke|p2|Iron Valiant|
|poke|p2|Zamazenta-*|
|poke|p2|Cinderace, M|
|poke|p2|Iron Moth|
|poke|p2|Kingambit, M|
|teampreview
|
|t:|1779947371
|teamsize|p1|6
|teamsize|p2|6
|start
|switch|p1a: Sudowoodo|Sudowoodo, L1, F|100/100
|switch|p2a: Darkrai|Darkrai|100/100
|turn|1
|inactive|Battle timer is ON: inactive players will automatically lose when time's up. (requested by DevotedToaster)
|
|t:|1779947384
|move|p2a: Darkrai|Dark Pulse|p1a: Sudowoodo
|-ability|p1a: Sudowoodo|Sturdy
|-damage|p1a: Sudowoodo|9/100
|-damage|p2a: Darkrai|91/100|[from] item: Life Orb
|move|p1a: Sudowoodo|Endeavor|p2a: Darkrai
|-damage|p2a: Darkrai|1/100
|-heal|p1a: Sudowoodo|100/100|[from] item: Shell Bell|[of] p2a: Darkrai
|
|upkeep
|turn|2
|
|t:|1779947398
|switch|p1a: Tyranitar|Tyranitar, F|100/100
|-weather|Sandstorm|[from] ability: Sand Stream|[of] p1a: Tyranitar
|move|p2a: Darkrai|Dark Pulse|p1a: Tyranitar
|-resisted|p1a: Tyranitar
|-damage|p1a: Tyranitar|90/100
|-damage|p2a: Darkrai|0 fnt|[from] item: Life Orb
|faint|p2a: Darkrai
|
|-weather|Sandstorm|[upkeep]
|upkeep
|
|t:|1779947403
|switch|p2a: Iron Valiant|Iron Valiant|100/100
|turn|3
|
|t:|1779947415
|switch|p1a: Glimmora|Glimmora, M|100/100
|move|p2a: Iron Valiant|Moonblast|p1a: Glimmora
|-resisted|p1a: Glimmora
|-damage|p1a: Glimmora|73/100
|-damage|p2a: Iron Valiant|91/100|[from] item: Life Orb
|
|-weather|Sandstorm|[upkeep]
|-damage|p2a: Iron Valiant|85/100|[from] Sandstorm
|upkeep
|turn|4
|
|t:|1779947421
|move|p2a: Iron Valiant|Psychic|p1a: Glimmora
|-supereffective|p1a: Glimmora
|-damage|p1a: Glimmora|4/100
|-damage|p2a: Iron Valiant|75/100|[from] item: Life Orb
|move|p1a: Glimmora|Mortal Spin|p2a: Iron Valiant
|-supereffective|p2a: Iron Valiant
|-damage|p2a: Iron Valiant|56/100
|-status|p2a: Iron Valiant|psn
|
|-weather|Sandstorm|[upkeep]
|-damage|p2a: Iron Valiant|50/100 psn|[from] Sandstorm
|-damage|p2a: Iron Valiant|38/100 psn|[from] psn
|upkeep
|turn|5
|
|t:|1779947427
|switch|p1a: Tyranitar|Tyranitar, F|90/100
|move|p2a: Iron Valiant|Moonblast|p1a: Tyranitar
|-supereffective|p1a: Tyranitar
|-damage|p1a: Tyranitar|42/100
|-damage|p2a: Iron Valiant|28/100 psn|[from] item: Life Orb
|
|-weather|Sandstorm|[upkeep]
|-damage|p2a: Iron Valiant|22/100 psn|[from] Sandstorm
|-damage|p2a: Iron Valiant|9/100 psn|[from] psn
|upkeep
|turn|6
|
|t:|1779947437
|move|p2a: Iron Valiant|Moonblast|p1a: Tyranitar
|-supereffective|p1a: Tyranitar
|-damage|p1a: Tyranitar|0 fnt
|faint|p1a: Tyranitar
|-damage|p2a: Iron Valiant|0 fnt|[from] item: Life Orb
|faint|p2a: Iron Valiant
|-end|p2a: Iron Valiant|Quark Drive|[silent]
|
|-weather|none
|upkeep
|
|t:|1779947444
|switch|p2a: Cinderace|Cinderace, M|100/100
|switch|p1a: Sudowoodo|Sudowoodo, L1, F|100/100
|turn|7
|
|t:|1779947452
|move|p2a: Cinderace|U-turn|p1a: Sudowoodo
|-start|p2a: Cinderace|typechange|Bug|[from] ability: Libero
|-ability|p1a: Sudowoodo|Sturdy
|-damage|p1a: Sudowoodo|9/100
|
|t:|1779947458
|switch|p2a: Zamazenta|Zamazenta|100/100|[from] U-turn
|-ability|p2a: Zamazenta|Dauntless Shield|boost
|-boost|p2a: Zamazenta|def|1
|move|p1a: Sudowoodo|Endeavor|p2a: Zamazenta
|-damage|p2a: Zamazenta|1/100
|-heal|p1a: Sudowoodo|100/100|[from] item: Shell Bell|[of] p2a: Zamazenta
|
|-heal|p2a: Zamazenta|7/100|[from] item: Leftovers
|upkeep
|turn|8
|
|t:|1779947466
|switch|p1a: Hippowdon|Hippowdon, F|100/100
|-weather|Sandstorm|[from] ability: Sand Stream|[of] p1a: Hippowdon
|move|p2a: Zamazenta|Heavy Slam|p1a: Hippowdon
|-damage|p1a: Hippowdon|92/100
|
|-weather|Sandstorm|[upkeep]
|-damage|p2a: Zamazenta|1/100|[from] Sandstorm
|-heal|p2a: Zamazenta|7/100|[from] item: Leftovers
|-heal|p1a: Hippowdon|99/100|[from] item: Leftovers
|upkeep
|turn|9
|
|t:|1779947475
|move|p2a: Zamazenta|Close Combat|p1a: Hippowdon
|-damage|p1a: Hippowdon|66/100
|-unboost|p2a: Zamazenta|def|1
|-unboost|p2a: Zamazenta|spd|1
|move|p1a: Hippowdon|Stealth Rock|p2a: Zamazenta
|-sidestart|p2: xueshang|move: Stealth Rock
|
|-weather|Sandstorm|[upkeep]
|-damage|p2a: Zamazenta|1/100|[from] Sandstorm
|-heal|p2a: Zamazenta|7/100|[from] item: Leftovers
|-heal|p1a: Hippowdon|72/100|[from] item: Leftovers
|upkeep
|turn|10
|
|t:|1779947479
|move|p2a: Zamazenta|Close Combat|p1a: Hippowdon
|-damage|p1a: Hippowdon|37/100
|-unboost|p2a: Zamazenta|def|1
|-unboost|p2a: Zamazenta|spd|1
|move|p1a: Hippowdon|Earthquake|p2a: Zamazenta
|-damage|p2a: Zamazenta|0 fnt
|faint|p2a: Zamazenta
|
|-weather|Sandstorm|[upkeep]
|-heal|p1a: Hippowdon|44/100|[from] item: Leftovers
|upkeep
|
|t:|1779947485
|switch|p2a: Cinderace|Cinderace, M|100/100
|-damage|p2a: Cinderace|76/100|[from] Stealth Rock
|turn|11
|
|t:|1779947492
|switch|p1a: Glimmora|Glimmora, M|4/100
|move|p2a: Cinderace|Flare Blitz|p1a: Glimmora
|-resisted|p1a: Glimmora
|-damage|p1a: Glimmora|0 fnt
|-activate|p1a: Glimmora|ability: Toxic Debris
|-sidestart|p2: xueshang|move: Toxic Spikes
|faint|p1a: Glimmora
|-damage|p2a: Cinderace|75/100|[from] Recoil
|
|-weather|Sandstorm|[upkeep]
|-damage|p2a: Cinderace|69/100|[from] Sandstorm
|upkeep
|
|t:|1779947505
|switch|p1a: Ceruledge|Ceruledge, F|100/100
|turn|12
|
|t:|1779947510
|switch|p2a: Iron Moth|Iron Moth|100/100
|-damage|p2a: Iron Moth|76/100|[from] Stealth Rock
|-sideend|p2: xueshang|move: Toxic Spikes|[of] p2a: Iron Moth
|-enditem|p2a: Iron Moth|Booster Energy
|-activate|p2a: Iron Moth|ability: Quark Drive|[fromitem]
|-start|p2a: Iron Moth|quarkdrivespe
|move|p1a: Ceruledge|Swords Dance|p1a: Ceruledge
|-boost|p1a: Ceruledge|atk|2
|
|-weather|none
|upkeep
|turn|13
|
|t:|1779947522
|move|p1a: Ceruledge|Shadow Sneak|p2a: Iron Moth
|-damage|p2a: Iron Moth|15/100
|move|p2a: Iron Moth|Dazzling Gleam|p1a: Ceruledge
|-resisted|p1a: Ceruledge
|-damage|p1a: Ceruledge|83/100
|
|upkeep
|turn|14
|
|t:|1779947527
|move|p1a: Ceruledge|Shadow Sneak|p2a: Iron Moth
|-damage|p2a: Iron Moth|0 fnt
|faint|p2a: Iron Moth
|-end|p2a: Iron Moth|Quark Drive|[silent]
|
|upkeep
|
|t:|1779947529
|switch|p2a: Kingambit|Kingambit, M|100/100
|-damage|p2a: Kingambit|94/100|[from] Stealth Rock
|-activate|p2a: Kingambit|ability: Supreme Overlord
|-start|p2a: Kingambit|fallen4|[silent]
|turn|15
|
|t:|1779947536
|-terastallize|p1a: Ceruledge|Fighting
|-terastallize|p2a: Kingambit|Fighting
|move|p1a: Ceruledge|Close Combat|p2a: Kingambit
|-damage|p2a: Kingambit|2/100
|-unboost|p1a: Ceruledge|def|1
|-unboost|p1a: Ceruledge|spd|1
|move|p2a: Kingambit|Swords Dance|p2a: Kingambit
|-boost|p2a: Kingambit|atk|2
|
|-heal|p2a: Kingambit|8/100|[from] item: Leftovers
|upkeep
|turn|16
|
|t:|1779947546
|move|p1a: Ceruledge|Shadow Sneak|p2a: Kingambit
|-damage|p2a: Kingambit|0 fnt
|faint|p2a: Kingambit
|-end|p2a: Kingambit|fallen4|[silent]
|
|upkeep
|-message|xueshang forfeited.
|
|win|DevotedToaster
|raw|DevotedToaster's rating: 1281 &rarr; <strong>1312</strong><br />(+31 for winning)
|raw|xueshang's rating: 1363 &rarr; <strong>1338</strong><br />(-25 for losing)
|l|☆xueshang
|player|p2|
|l|‽DevotedToaster
|player|p1|
