|j|‽xaxxaaaxaxaxaxa
|j|☆bowgod27
|t:|1779915275
|gametype|singles
|player|p1|xaxxaaaxaxaxaxa|2|1320
|player|p2|bowgod27|wallace|1355
|gen|9
|tier|[Gen 9] OU
|rated|
|rule|HP Percentage Mod: HP is shown in percentages
|rule|Endless Battle Clause: Forcing endless battles is banned
|rule|Species Clause: Limit one of each Pokémon
|rule|OHKO Clause: OHKO moves are banned
|rule|Evasion Items Clause: Evasion items are banned
|rule|Evasion Moves Clause: Evasion moves are banned
|rule|Evasion Abilities Clause: Evasion abilities are banned
|rule|Sleep Moves Clause: Sleep-inducing moves are banned
|clearpoke
|poke|p1|Tyranitar, M|
|poke|p1|Excadrill, M|
|poke|p1|Iron Valiant|
|poke|p1|Zapdos|
|poke|p1|Ogerpon, F|
|poke|p1|Toxapex, M|
|poke|p2|Walking Wake|
|poke|p2|Great Tusk|
|poke|p2|Ninetales, F|
|poke|p2|Cresselia, F|
|poke|p2|Zarude|
|poke|p2|Ceruledge, M|
|teampreview
|inactive|Battle timer is ON: inactive players will automatically lose when time's up. (requested by bowgod27)
|inactive|bowgod27 has 120 seconds left.
|inactive|bowgod27 has 90 seconds left.
|
|t:|1779915349
|teamsize|p1|6
|teamsize|p2|6
|start
|switch|p1a: Ogerpon|Ogerpon, F|100/100
|switch|p2a: Ninetales|Ninetales, F|100/100
|-weather|SunnyDay|[from] ability: Drought|[of] p2a: Ninetales
|turn|1
|l|‽xaxxaaaxaxaxaxa
|inactive|xaxxaaaxaxaxaxa disconnected and has a minute to reconnect!
|player|p1|
|j|‽xaxxaaaxaxaxaxa
|inactive|xaxxaaaxaxaxaxa reconnected and has 135 seconds left.
|player|p1|xaxxaaaxaxaxaxa|2|
|n|‽xaxxaaaxaxaxaxa|xaxxaaaxaxaxaxa
|n|‽xaxxaaaxaxaxaxa|xaxxaaaxaxaxaxa
|n|‽xaxxaaaxaxaxaxa|xaxxaaaxaxaxaxa
|
|t:|1779915370
|move|p1a: Ogerpon|Rock Tomb|p2a: Ninetales
|-supereffective|p2a: Ninetales
|-crit|p2a: Ninetales
|-damage|p2a: Ninetales|0 fnt
|faint|p2a: Ninetales
|
|-weather|SunnyDay|[upkeep]
|upkeep
|
|t:|1779915387
|switch|p2a: Walking Wake|Walking Wake|100/100
|-activate|p2a: Walking Wake|ability: Protosynthesis
|-start|p2a: Walking Wake|protosynthesisspe
|turn|2
|
|t:|1779915402
|switch|p1a: Tyranitar|Tyranitar, M, shiny|100/100
|-weather|Sandstorm|[from] ability: Sand Stream|[of] p1a: Tyranitar
|-end|p2a: Walking Wake|Protosynthesis
|move|p2a: Walking Wake|Weather Ball|p1a: Tyranitar
|-damage|p1a: Tyranitar|76/100
|
|-weather|Sandstorm|[upkeep]
|-damage|p2a: Walking Wake|94/100|[from] Sandstorm
|upkeep
|turn|3
|
|t:|1779915421
|-end|p2a: Walking Wake|Protosynthesis|[silent]
|switch|p2a: Great Tusk|Great Tusk|100/100
|move|p1a: Tyranitar|Knock Off|p2a: Great Tusk
|-resisted|p2a: Great Tusk
|-damage|p2a: Great Tusk|80/100
|-enditem|p2a: Great Tusk|Assault Vest|[from] move: Knock Off|[of] p1a: Tyranitar
|
|-weather|Sandstorm|[upkeep]
|upkeep
|turn|4
|inactive|bowgod27 has 120 seconds left.
|
|t:|1779915447
|switch|p1a: Zapdos|Zapdos, shiny|100/100
|move|p2a: Great Tusk|Ice Spinner|p1a: Zapdos
|-supereffective|p1a: Zapdos
|-damage|p1a: Zapdos|28/100
|
|-weather|Sandstorm|[upkeep]
|-damage|p1a: Zapdos|22/100|[from] Sandstorm
|upkeep
|turn|5
|
|t:|1779915469
|-end|p2a: Great Tusk|Protosynthesis|[silent]
|switch|p2a: Ceruledge|Ceruledge, M|100/100
|move|p1a: Zapdos|Hurricane|p2a: Ceruledge
|-damage|p2a: Ceruledge|32/100
|-start|p2a: Ceruledge|confusion
|
|-weather|Sandstorm|[upkeep]
|-damage|p1a: Zapdos|16/100|[from] Sandstorm
|-damage|p2a: Ceruledge|26/100|[from] Sandstorm
|upkeep
|turn|6
|l|‽xaxxaaaxaxaxaxa
|inactive|xaxxaaaxaxaxaxa disconnected and has a minute to reconnect!
|player|p1|
|j|‽xaxxaaaxaxaxaxa
|inactive|xaxxaaaxaxaxaxa reconnected and has 120 seconds left.
|player|p1|xaxxaaaxaxaxaxa|2|
|n|‽xaxxaaaxaxaxaxa|xaxxaaaxaxaxaxa
|n|‽xaxxaaaxaxaxaxa|xaxxaaaxaxaxaxa
|n|‽xaxxaaaxaxaxaxa|xaxxaaaxaxaxaxa
|n|‽xaxxaaaxaxaxaxa|xaxxaaaxaxaxaxa
|
|t:|1779915494
|move|p1a: Zapdos|Thunderbolt|p2a: Ceruledge
|-damage|p2a: Ceruledge|0 fnt
|faint|p2a: Ceruledge
|
|-weather|Sandstorm|[upkeep]
|-damage|p1a: Zapdos|10/100|[from] Sandstorm
|upkeep
|inactive|bowgod27 has 90 seconds left.
|
|t:|1779915515
|switch|p2a: Cresselia|Cresselia, F|100/100
|turn|7
|inactive|bowgod27 has 90 seconds left.
|inactive|xaxxaaaxaxaxaxa has 120 seconds left.
|
|t:|1779915535
|move|p1a: Zapdos|Hurricane|p2a: Cresselia
|-damage|p2a: Cresselia|68/100
|-start|p2a: Cresselia|confusion
|-enditem|p2a: Cresselia|Eject Button
|
|t:|1779915559
|switch|p2a: Zarude|Zarude|100/100
|
|-weather|Sandstorm|[upkeep]
|-damage|p1a: Zapdos|3/100|[from] Sandstorm
|-damage|p2a: Zarude|94/100|[from] Sandstorm
|-heal|p2a: Zarude|100/100|[from] item: Leftovers
|upkeep
|turn|8
|
|t:|1779915573
|move|p1a: Zapdos|Hurricane|p2a: Zarude
|-supereffective|p2a: Zarude
|-damage|p2a: Zarude|0 fnt
|faint|p2a: Zarude
|
|-weather|Sandstorm|[upkeep]
|-damage|p1a: Zapdos|0 fnt|[from] Sandstorm
|faint|p1a: Zapdos
|upkeep
|inactive|xaxxaaaxaxaxaxa has 120 seconds left.
|inactive|bowgod27 has 60 seconds left.
|
|t:|1779915604
|switch|p1a: Ogerpon|Ogerpon, F|100/100
|switch|p2a: Cresselia|Cresselia, F|68/100
|turn|9
|
|t:|1779915623
|move|p1a: Ogerpon|Knock Off|p2a: Cresselia
|-supereffective|p2a: Cresselia
|-damage|p2a: Cresselia|32/100
|move|p2a: Cresselia|Thunder Wave|p1a: Ogerpon
|-status|p1a: Ogerpon|par
|
|-weather|none
|upkeep
|turn|10
|
|t:|1779915642
|move|p2a: Cresselia|Moonlight|p2a: Cresselia
|-heal|p2a: Cresselia|82/100
|move|p1a: Ogerpon|Knock Off|p2a: Cresselia
|-supereffective|p2a: Cresselia
|-crit|p2a: Cresselia
|-damage|p2a: Cresselia|19/100
|
|upkeep
|turn|11
|inactive|xaxxaaaxaxaxaxa has 120 seconds left.
|
|t:|1779915659
|-terastallize|p1a: Ogerpon|Grass
|detailschange|p1a: Ogerpon|Ogerpon-Teal-Tera, F, tera:Grass
|-ability|p1a: Ogerpon|Embody Aspect (Teal)|boost
|-boost|p1a: Ogerpon|spe|1
|move|p1a: Ogerpon|Knock Off|p2a: Cresselia
|-supereffective|p2a: Cresselia
|-damage|p2a: Cresselia|0 fnt
|faint|p2a: Cresselia
|
|upkeep
|l|‽xaxxaaaxaxaxaxa
|inactive|xaxxaaaxaxaxaxa disconnected and has a minute to reconnect!
|player|p1|
|inactive|bowgod27 has 30 seconds left.
|j|‽xaxxaaaxaxaxaxa
|inactive|xaxxaaaxaxaxaxa reconnected.
|player|p1|xaxxaaaxaxaxaxa|2|
|n|‽xaxxaaaxaxaxaxa|xaxxaaaxaxaxaxa
|n|‽xaxxaaaxaxaxaxa|xaxxaaaxaxaxaxa
|n|‽xaxxaaaxaxaxaxa|xaxxaaaxaxaxaxa
|n|‽xaxxaaaxaxaxaxa|xaxxaaaxaxaxaxa
|n|‽xaxxaaaxaxaxaxa|xaxxaaaxaxaxaxa
|inactive|bowgod27 has 20 seconds left.
|inactive|bowgod27 has 15 seconds left.
|
|t:|1779915686
|switch|p2a: Great Tusk|Great Tusk|80/100
|turn|12
|inactive|bowgod27 has 25 seconds left this turn.
|
|t:|1779915700
|switch|p1a: Iron Valiant|Iron Valiant, shiny|100/100
|-terastallize|p2a: Great Tusk|Steel
|move|p2a: Great Tusk|Ice Spinner|p1a: Iron Valiant
|-damage|p1a: Iron Valiant|57/100
|
|upkeep
|turn|13
|inactive|bowgod27 has 30 seconds left.
|
|t:|1779915712
|move|p1a: Iron Valiant|Vacuum Wave|p2a: Great Tusk
|-supereffective|p2a: Great Tusk
|-crit|p2a: Great Tusk
|-damage|p2a: Great Tusk|0 fnt
|faint|p2a: Great Tusk
|-end|p2a: Great Tusk|Protosynthesis|[silent]
|
|upkeep
|inactive|bowgod27 has 30 seconds left this turn.
|
|t:|1779915715
|switch|p2a: Walking Wake|Walking Wake|94/100
|turn|14
|
|t:|1779915722
|move|p1a: Iron Valiant|Vacuum Wave|p2a: Walking Wake
|-damage|p2a: Walking Wake|57/100
|move|p2a: Walking Wake|Hydro Steam|p1a: Iron Valiant
|-damage|p1a: Iron Valiant|0 fnt
|faint|p1a: Iron Valiant
|-end|p1a: Iron Valiant|Quark Drive|[silent]
|
|upkeep
|
|t:|1779915724
|switch|p1a: Ogerpon|Ogerpon-Teal-Tera, F, tera:Grass|100/100 par
|-ability|p1a: Ogerpon|Embody Aspect (Teal)|boost
|-boost|p1a: Ogerpon|spe|1
|turn|15
|inactive|bowgod27 has 30 seconds left.
|
|t:|1779915746
|cant|p1a: Ogerpon|par
|move|p2a: Walking Wake|Dragon Tail|p1a: Ogerpon
|-damage|p1a: Ogerpon|79/100 par
|drag|p1a: Tyranitar|Tyranitar, M, shiny|76/100
|-weather|Sandstorm|[from] ability: Sand Stream|[of] p1a: Tyranitar
|
|-weather|Sandstorm|[upkeep]
|-damage|p2a: Walking Wake|51/100|[from] Sandstorm
|upkeep
|turn|16
|inactive|bowgod27 has 30 seconds left.
|inactive|bowgod27 has 20 seconds left.
|inactive|bowgod27 has 15 seconds left.
|inactive|bowgod27 has 10 seconds left.
|
|t:|1779915776
|switch|p1a: Toxapex|Toxapex, M, shiny|100/100
|move|p2a: Walking Wake|Hydro Steam|p1a: Toxapex
|-resisted|p1a: Toxapex
|-damage|p1a: Toxapex|85/100
|
|-weather|Sandstorm|[upkeep]
|-damage|p2a: Walking Wake|45/100|[from] Sandstorm
|-damage|p1a: Toxapex|79/100|[from] Sandstorm
|upkeep
|turn|17
|inactive|bowgod27 has 20 seconds left this turn.
|inactive|bowgod27 has 15 seconds left.
|inactive|bowgod27 has 10 seconds left.
|
|t:|1779915788
|move|p2a: Walking Wake|Weather Ball|p1a: Toxapex
|-damage|p1a: Toxapex|55/100
|move|p1a: Toxapex|Toxic|p2a: Walking Wake
|-status|p2a: Walking Wake|tox
|
|-weather|Sandstorm|[upkeep]
|-damage|p2a: Walking Wake|39/100 tox|[from] Sandstorm
|-damage|p1a: Toxapex|49/100|[from] Sandstorm
|-damage|p2a: Walking Wake|33/100 tox|[from] psn
|upkeep
|turn|18
|inactive|bowgod27 has 20 seconds left this turn.
|inactive|bowgod27 has 15 seconds left.
|
|t:|1779915808
|move|p2a: Walking Wake|Weather Ball|p1a: Toxapex
|-damage|p1a: Toxapex|25/100
|move|p1a: Toxapex|Recover|p1a: Toxapex
|-heal|p1a: Toxapex|75/100
|
|-weather|Sandstorm|[upkeep]
|-damage|p2a: Walking Wake|27/100 tox|[from] Sandstorm
|-damage|p1a: Toxapex|69/100|[from] Sandstorm
|-damage|p2a: Walking Wake|14/100 tox|[from] psn
|upkeep
|turn|19
|inactive|bowgod27 has 25 seconds left this turn.
|inactive|bowgod27 has 20 seconds left.
|inactive|bowgod27 has 15 seconds left.
|inactive|bowgod27 has 10 seconds left.
|c|☆bowgod27|gg
|inactive|xaxxaaaxaxaxaxa has 120 seconds left.
|
|t:|1779915846
|move|p2a: Walking Wake|Draco Meteor|p1a: Toxapex
|-damage|p1a: Toxapex|22/100
|-unboost|p2a: Walking Wake|spa|2
|move|p1a: Toxapex|Toxic Spikes|p2a: Walking Wake
|-sidestart|p2: bowgod27|move: Toxic Spikes
|
|-weather|Sandstorm|[upkeep]
|-damage|p2a: Walking Wake|8/100 tox|[from] Sandstorm
|-damage|p1a: Toxapex|16/100|[from] Sandstorm
|-damage|p2a: Walking Wake|0 fnt|[from] psn
|faint|p2a: Walking Wake
|-end|p2a: Walking Wake|Protosynthesis|[silent]
|
|win|xaxxaaaxaxaxaxa
|raw|xaxxaaaxaxaxaxa's rating: 1320 &rarr; <strong>1342</strong><br />(+22 for winning)
|raw|bowgod27's rating: 1355 &rarr; <strong>1333</strong><br />(-22 for losing)
|l|‽xaxxaaaxaxaxaxa
|player|p1|
