|j|☆waplejoos
|j|☆Gx001
|t:|1779816104
|gametype|singles
|player|p1|waplejoos|170|1330
|player|p2|Gx001|102|1275
|gen|9
|tier|[Gen 9] OU
|rated|
|rule|HP Percentage Mod: HP is shown in percentages
|rule|Endless Battle Clause: Forcing endless battles is banned
|rule|Species Clause: Limit one of each Pokémon
|rule|OHKO Clause: OHKO moves are banned
|rule|Evasion Items Clause: Evasion items are banned
|rule|Evasion Moves Clause: Evasion moves are banned
|rule|Evasion Abilities Clause: Evasion abilities are banned
|rule|Sleep Moves Clause: Sleep-inducing moves are banned
|clearpoke
|poke|p1|Landorus-Therian, M|
|poke|p1|Mandibuzz, F|
|poke|p1|Kingambit, M|
|poke|p1|Raging Bolt|
|poke|p1|Primarina, F|
|poke|p1|Mienshao, M|
|poke|p2|Darkrai|
|poke|p2|Blaziken, F|
|poke|p2|Slowking-Galar, M|
|poke|p2|Alomomola, M|
|poke|p2|Enamorus, F|
|poke|p2|Iron Treads|
|teampreview
|inactive|Battle timer is ON: inactive players will automatically lose when time's up. (requested by Gx001)
|
|t:|1779816112
|teamsize|p1|6
|teamsize|p2|6
|start
|switch|p1a: Mienshao|Mienshao, M|100/100
|switch|p2a: Darkrai|Darkrai, shiny|100/100
|turn|1
|
|t:|1779816117
|switch|p2a: Alomomola|Alomomola, M|100/100
|move|p1a: Mienshao|Fake Out|p2a: Alomomola
|-damage|p2a: Alomomola|92/100
|-damage|p1a: Mienshao|84/100|[from] item: Rocky Helmet|[of] p2a: Alomomola
|
|upkeep
|turn|2
|
|t:|1779816128
|move|p1a: Mienshao|Knock Off|p2a: Alomomola
|-damage|p2a: Alomomola|73/100
|-damage|p1a: Mienshao|67/100|[from] item: Rocky Helmet|[of] p2a: Alomomola
|-enditem|p2a: Alomomola|Rocky Helmet|[from] move: Knock Off|[of] p1a: Mienshao
|move|p2a: Alomomola|Flip Turn|p1a: Mienshao
|-damage|p1a: Mienshao|36/100
|
|t:|1779816134
|switch|p2a: Enamorus|Enamorus, F|100/100|[from] Flip Turn
|
|upkeep
|turn|3
|
|t:|1779816145
|switch|p1a: Primarina|Primarina, F, shiny|100/100
|move|p2a: Enamorus|Moonblast|p1a: Primarina
|-damage|p1a: Primarina|71/100
|
|upkeep
|turn|4
|
|t:|1779816159
|switch|p2a: Slowking|Slowking-Galar, M|100/100
|move|p1a: Primarina|Moonblast|p2a: Slowking
|-resisted|p2a: Slowking
|-damage|p2a: Slowking|90/100
|
|upkeep
|turn|5
|
|t:|1779816169
|switch|p1a: Mienshao|Mienshao, M|69/100
|move|p2a: Slowking|Future Sight|p1a: Mienshao
|-start|p2a: Slowking|move: Future Sight
|
|upkeep
|turn|6
|
|t:|1779816174
|switch|p2a: Alomomola|Alomomola, M|100/100
|move|p1a: Mienshao|Knock Off|p2a: Alomomola
|-damage|p2a: Alomomola|87/100
|
|upkeep
|turn|7
|
|t:|1779816181
|switch|p1a: Raging Bolt|Raging Bolt|100/100
|-enditem|p1a: Raging Bolt|Booster Energy
|-activate|p1a: Raging Bolt|ability: Protosynthesis|[fromitem]
|-start|p1a: Raging Bolt|protosynthesisspa
|move|p2a: Alomomola|Flip Turn|p1a: Raging Bolt
|-resisted|p1a: Raging Bolt
|-damage|p1a: Raging Bolt|94/100
|
|t:|1779816188
|switch|p2a: Enamorus|Enamorus, F|100/100|[from] Flip Turn
|
|-end|p1a: Raging Bolt|move: Future Sight
|-crit|p1a: Raging Bolt
|-damage|p1a: Raging Bolt|40/100
|upkeep
|turn|8
|
|t:|1779816198
|switch|p2a: Iron Treads|Iron Treads|100/100
|move|p1a: Raging Bolt|Thunderclap||[still]
|-fail|p1a: Raging Bolt
|
|upkeep
|turn|9
|
|t:|1779816202
|move|p2a: Iron Treads|Earthquake|p1a: Raging Bolt
|-supereffective|p1a: Raging Bolt
|-damage|p1a: Raging Bolt|0 fnt
|faint|p1a: Raging Bolt
|-end|p1a: Raging Bolt|Protosynthesis|[silent]
|
|upkeep
|
|t:|1779816207
|switch|p1a: Mienshao|Mienshao, M|100/100
|turn|10
|
|t:|1779816214
|-end|p2a: Iron Treads|Quark Drive|[silent]
|switch|p2a: Alomomola|Alomomola, M|100/100
|move|p1a: Mienshao|Low Sweep|p2a: Alomomola
|-damage|p2a: Alomomola|80/100
|-unboost|p2a: Alomomola|spe|1
|
|upkeep
|turn|11
|
|t:|1779816222
|move|p1a: Mienshao|Close Combat|p2a: Alomomola
|-damage|p2a: Alomomola|41/100
|-unboost|p1a: Mienshao|def|1
|-unboost|p1a: Mienshao|spd|1
|move|p2a: Alomomola|Flip Turn|p1a: Mienshao
|-damage|p1a: Mienshao|55/100
|
|t:|1779816227
|switch|p2a: Enamorus|Enamorus, F|100/100|[from] Flip Turn
|
|upkeep
|turn|12
|
|t:|1779816233
|switch|p1a: Primarina|Primarina, F, shiny|71/100
|move|p2a: Enamorus|Moonblast|p1a: Primarina
|-damage|p1a: Primarina|42/100
|
|upkeep
|turn|13
|
|t:|1779816242
|switch|p2a: Slowking|Slowking-Galar, M|100/100
|move|p1a: Primarina|Sparkling Aria|p2a: Slowking
|-damage|p2a: Slowking|80/100
|
|upkeep
|turn|14
|
|t:|1779816252
|switch|p1a: Mienshao|Mienshao, M|88/100
|move|p2a: Slowking|Future Sight|p1a: Mienshao
|-start|p2a: Slowking|move: Future Sight
|
|upkeep
|turn|15
|
|t:|1779816260
|switch|p2a: Alomomola|Alomomola, M|75/100
|move|p1a: Mienshao|Knock Off|p2a: Alomomola
|-damage|p2a: Alomomola|62/100
|
|upkeep
|turn|16
|
|t:|1779816264
|switch|p1a: Mandibuzz|Mandibuzz, F|100/100
|move|p2a: Alomomola|Flip Turn|p1a: Mandibuzz
|-damage|p1a: Mandibuzz|90/100
|-damage|p2a: Alomomola|46/100|[from] item: Rocky Helmet|[of] p1a: Mandibuzz
|-ability|p1a: Mandibuzz|Weak Armor|boost
|-unboost|p1a: Mandibuzz|def|1
|-boost|p1a: Mandibuzz|spe|2
|
|t:|1779816281
|switch|p2a: Enamorus|Enamorus, F|100/100|[from] Flip Turn
|
|-end|p1a: Mandibuzz|move: Future Sight
|-immune|p1a: Mandibuzz
|upkeep
|turn|17
|
|t:|1779816290
|move|p2a: Enamorus|Moonblast|p1a: Mandibuzz
|-supereffective|p1a: Mandibuzz
|-damage|p1a: Mandibuzz|0 fnt
|faint|p1a: Mandibuzz
|
|upkeep
|
|t:|1779816298
|switch|p1a: Mienshao|Mienshao, M|100/100
|turn|18
|
|t:|1779816302
|move|p1a: Mienshao|Fake Out|p2a: Enamorus
|-damage|p2a: Enamorus|78/100
|cant|p2a: Enamorus|flinch
|
|upkeep
|turn|19
|
|t:|1779816309
|move|p2a: Enamorus|Moonblast|p1a: Mienshao
|-supereffective|p1a: Mienshao
|-enditem|p1a: Mienshao|Focus Sash
|-damage|p1a: Mienshao|1/100
|move|p1a: Mienshao|Low Sweep|p2a: Enamorus
|-resisted|p2a: Enamorus
|-damage|p2a: Enamorus|64/100
|-boost|p2a: Enamorus|spe|1
|
|upkeep
|turn|20
|-message|waplejoos forfeited.
|
|win|Gx001
|raw|waplejoos's rating: 1330 &rarr; <strong>1307</strong><br />(-23 for losing)
|raw|Gx001's rating: 1275 &rarr; <strong>1304</strong><br />(+29 for winning)
|l|☆waplejoos
|player|p1|
|l|☆Gx001
|player|p2|
