|j|☆Soyyo1223
|j|☆Avv2121
|t:|1779859084
|gametype|singles
|player|p1|Soyyo1223|palmer|1278
|player|p2|Avv2121|janine|1316
|gen|9
|tier|[Gen 9] OU
|rated|
|rule|HP Percentage Mod: HP is shown in percentages
|rule|Endless Battle Clause: Forcing endless battles is banned
|rule|Species Clause: Limit one of each Pokémon
|rule|OHKO Clause: OHKO moves are banned
|rule|Evasion Items Clause: Evasion items are banned
|rule|Evasion Moves Clause: Evasion moves are banned
|rule|Evasion Abilities Clause: Evasion abilities are banned
|rule|Sleep Moves Clause: Sleep-inducing moves are banned
|clearpoke
|poke|p1|Darkrai|
|poke|p1|Hatterene, F|
|poke|p1|Quaquaval, F|
|poke|p1|Klefki, F|
|poke|p1|Clodsire, M|
|poke|p1|Rillaboom, F|
|poke|p2|Garganacl, M|
|poke|p2|Dragapult, F|
|poke|p2|Kingambit, F|
|poke|p2|Iron Moth|
|poke|p2|Corviknight, F|
|poke|p2|Meowstic-F, F|
|teampreview
|inactive|Battle timer is ON: inactive players will automatically lose when time's up. (requested by Avv2121)
|
|t:|1779859091
|teamsize|p1|6
|teamsize|p2|6
|start
|switch|p1a: Darkrai|Darkrai|100/100
|switch|p2a: Dragapult|Dragapult, F|100/100
|turn|1
|
|t:|1779859097
|move|p2a: Dragapult|U-turn|p1a: Darkrai
|-supereffective|p1a: Darkrai
|-damage|p1a: Darkrai|55/100
|
|t:|1779859099
|switch|p2a: Corviknight|Corviknight, F|100/100|[from] U-turn
|move|p1a: Darkrai|Dark Pulse|p2a: Corviknight
|-damage|p2a: Corviknight|60/100
|
|upkeep
|turn|2
|
|t:|1779859103
|move|p1a: Darkrai|Dark Pulse|p2a: Corviknight
|-damage|p2a: Corviknight|13/100
|cant|p2a: Corviknight|flinch
|
|upkeep
|turn|3
|
|t:|1779859109
|switch|p2a: Garganacl|Garganacl, M|100/100
|move|p1a: Darkrai|Dark Pulse|p2a: Garganacl
|-damage|p2a: Garganacl|50/100
|
|-heal|p2a: Garganacl|56/100|[from] item: Leftovers
|upkeep
|turn|4
|
|t:|1779859115
|move|p2a: Garganacl|Protect|p2a: Garganacl
|-singleturn|p2a: Garganacl|Protect
|move|p1a: Darkrai|Dark Pulse|p2a: Garganacl
|-activate|p2a: Garganacl|move: Protect
|
|-heal|p2a: Garganacl|62/100|[from] item: Leftovers
|upkeep
|turn|5
|
|t:|1779859126
|move|p1a: Darkrai|Dark Pulse|p2a: Garganacl
|-damage|p2a: Garganacl|9/100
|cant|p2a: Garganacl|flinch
|
|-heal|p2a: Garganacl|15/100|[from] item: Leftovers
|upkeep
|turn|6
|
|t:|1779859130
|move|p2a: Garganacl|Protect|p2a: Garganacl
|-singleturn|p2a: Garganacl|Protect
|move|p1a: Darkrai|Dark Pulse|p2a: Garganacl
|-activate|p2a: Garganacl|move: Protect
|
|-heal|p2a: Garganacl|21/100|[from] item: Leftovers
|upkeep
|turn|7
|
|t:|1779859134
|switch|p2a: Kingambit|Kingambit, F|100/100
|move|p1a: Darkrai|Dark Pulse|p2a: Kingambit
|-resisted|p2a: Kingambit
|-damage|p2a: Kingambit|63/100
|
|upkeep
|turn|8
|
|t:|1779859140
|move|p1a: Darkrai|Dark Pulse|p2a: Kingambit
|-resisted|p2a: Kingambit
|-damage|p2a: Kingambit|24/100
|move|p2a: Kingambit|Iron Head|p1a: Darkrai
|-damage|p1a: Darkrai|0 fnt
|faint|p1a: Darkrai
|
|upkeep
|
|t:|1779859147
|switch|p1a: Quaquaval|Quaquaval, F|100/100
|turn|9
|
|t:|1779859157
|-end|p2a: Kingambit|fallenundefined|[silent]
|switch|p2a: Corviknight|Corviknight, F|13/100
|move|p1a: Quaquaval|Aqua Step|p2a: Corviknight
|-crit|p2a: Corviknight
|-damage|p2a: Corviknight|0 fnt
|-boost|p1a: Quaquaval|spe|1
|-damage|p1a: Quaquaval|84/100|[from] item: Rocky Helmet|[of] p2a: Corviknight
|faint|p2a: Corviknight
|-ability|p1a: Quaquaval|Moxie|boost
|-boost|p1a: Quaquaval|atk|1
|
|upkeep
|
|t:|1779859161
|switch|p2a: Dragapult|Dragapult, F|100/100
|turn|10
|
|t:|1779859166
|move|p1a: Quaquaval|Knock Off|p2a: Dragapult
|-supereffective|p2a: Dragapult
|-damage|p2a: Dragapult|0 fnt
|-enditem|p2a: Dragapult|Heavy-Duty Boots|[from] move: Knock Off|[of] p1a: Quaquaval
|faint|p2a: Dragapult
|-ability|p1a: Quaquaval|Moxie|boost
|-boost|p1a: Quaquaval|atk|1
|
|upkeep
|
|t:|1779859174
|switch|p2a: Meowstic|Meowstic-F, F|100/100
|turn|11
|
|t:|1779859179
|move|p2a: Meowstic|Thunder Wave|p1a: Quaquaval
|-status|p1a: Quaquaval|par
|move|p1a: Quaquaval|Knock Off|p2a: Meowstic
|-supereffective|p2a: Meowstic
|-damage|p2a: Meowstic|0 fnt
|-enditem|p2a: Meowstic|Choice Scarf|[from] move: Knock Off|[of] p1a: Quaquaval
|faint|p2a: Meowstic
|-ability|p1a: Quaquaval|Moxie|boost
|-boost|p1a: Quaquaval|atk|1
|
|upkeep
|
|t:|1779859182
|switch|p2a: Iron Moth|Iron Moth|100/100
|-enditem|p2a: Iron Moth|Booster Energy
|-activate|p2a: Iron Moth|ability: Quark Drive|[fromitem]
|-start|p2a: Iron Moth|quarkdrivespe
|turn|12
|
|t:|1779859191
|-terastallize|p2a: Iron Moth|Fairy
|move|p2a: Iron Moth|Dazzling Gleam|p1a: Quaquaval
|-supereffective|p1a: Quaquaval
|-damage|p1a: Quaquaval|0 fnt
|faint|p1a: Quaquaval
|
|upkeep
|
|t:|1779859201
|switch|p1a: Hatterene|Hatterene, F|100/100
|turn|13
|
|t:|1779859205
|move|p2a: Iron Moth|Sludge Wave|p1a: Hatterene
|-supereffective|p1a: Hatterene
|-damage|p1a: Hatterene|7/100
|-enditem|p1a: Hatterene|Aguav Berry|[eat]
|-heal|p1a: Hatterene|41/100|[from] item: Aguav Berry
|move|p1a: Hatterene|Nuzzle|p2a: Iron Moth
|-damage|p2a: Iron Moth|93/100
|-status|p2a: Iron Moth|par
|
|upkeep
|turn|14
|
|t:|1779859218
|move|p2a: Iron Moth|Fiery Dance|p1a: Hatterene
|-damage|p1a: Hatterene|1/100
|move|p1a: Hatterene|Psychic|p2a: Iron Moth
|-damage|p2a: Iron Moth|44/100 par
|
|upkeep
|turn|15
|
|t:|1779859221
|cant|p2a: Iron Moth|par
|move|p1a: Hatterene|Psychic|p2a: Iron Moth
|-damage|p2a: Iron Moth|0 fnt
|faint|p2a: Iron Moth
|-end|p2a: Iron Moth|Quark Drive|[silent]
|
|upkeep
|
|t:|1779859225
|switch|p2a: Kingambit|Kingambit, F|24/100
|-activate|p2a: Kingambit|ability: Supreme Overlord
|-start|p2a: Kingambit|fallen4|[silent]
|turn|16
|
|t:|1779859229
|move|p2a: Kingambit|Iron Head|p1a: Hatterene
|-supereffective|p1a: Hatterene
|-damage|p1a: Hatterene|0 fnt
|faint|p1a: Hatterene
|
|upkeep
|
|t:|1779859233
|switch|p1a: Clodsire|Clodsire, M|100/100
|turn|17
|
|t:|1779859238
|move|p2a: Kingambit|Kowtow Cleave|p1a: Clodsire
|-damage|p1a: Clodsire|7/100
|move|p1a: Clodsire|Earthquake|p2a: Kingambit
|-supereffective|p2a: Kingambit
|-damage|p2a: Kingambit|0 fnt
|faint|p2a: Kingambit
|-end|p2a: Kingambit|fallen4|[silent]
|
|-heal|p1a: Clodsire|13/100|[from] item: Black Sludge
|upkeep
|
|t:|1779859240
|switch|p2a: Garganacl|Garganacl, M|21/100
|turn|18
|
|t:|1779859242
|move|p2a: Garganacl|Protect|p2a: Garganacl
|-singleturn|p2a: Garganacl|Protect
|move|p1a: Clodsire|Earthquake|p2a: Garganacl
|-activate|p2a: Garganacl|move: Protect
|
|-heal|p2a: Garganacl|27/100|[from] item: Leftovers
|-heal|p1a: Clodsire|19/100|[from] item: Black Sludge
|upkeep
|turn|19
|
|t:|1779859244
|move|p2a: Garganacl|Recover|p2a: Garganacl
|-heal|p2a: Garganacl|77/100
|move|p1a: Clodsire|Toxic|p2a: Garganacl
|-immune|p2a: Garganacl|[from] ability: Purifying Salt
|
|-heal|p2a: Garganacl|83/100|[from] item: Leftovers
|-heal|p1a: Clodsire|25/100|[from] item: Black Sludge
|upkeep
|turn|20
|
|t:|1779859247
|move|p2a: Garganacl|Curse|p2a: Garganacl
|-unboost|p2a: Garganacl|spe|1
|-boost|p2a: Garganacl|atk|1
|-boost|p2a: Garganacl|def|1
|move|p1a: Clodsire|Toxic|p2a: Garganacl
|-immune|p2a: Garganacl|[from] ability: Purifying Salt
|
|-heal|p1a: Clodsire|32/100|[from] item: Black Sludge
|-heal|p2a: Garganacl|90/100|[from] item: Leftovers
|upkeep
|turn|21
|
|t:|1779859257
|move|p1a: Clodsire|Earthquake|p2a: Garganacl
|-supereffective|p2a: Garganacl
|-damage|p2a: Garganacl|60/100
|move|p2a: Garganacl|Curse|p2a: Garganacl
|-unboost|p2a: Garganacl|spe|1
|-boost|p2a: Garganacl|atk|1
|-boost|p2a: Garganacl|def|1
|
|-heal|p1a: Clodsire|38/100|[from] item: Black Sludge
|-heal|p2a: Garganacl|66/100|[from] item: Leftovers
|upkeep
|turn|22
|
|t:|1779859260
|move|p1a: Clodsire|Earthquake|p2a: Garganacl
|-supereffective|p2a: Garganacl
|-damage|p2a: Garganacl|36/100
|move|p2a: Garganacl|Recover|p2a: Garganacl
|-heal|p2a: Garganacl|86/100
|
|-heal|p1a: Clodsire|44/100|[from] item: Black Sludge
|-heal|p2a: Garganacl|92/100|[from] item: Leftovers
|upkeep
|turn|23
|
|t:|1779859265
|move|p1a: Clodsire|Earthquake|p2a: Garganacl
|-supereffective|p2a: Garganacl
|-damage|p2a: Garganacl|62/100
|move|p2a: Garganacl|Salt Cure|p1a: Clodsire
|-resisted|p1a: Clodsire
|-damage|p1a: Clodsire|36/100
|-start|p1a: Clodsire|Salt Cure
|
|-heal|p1a: Clodsire|43/100|[from] item: Black Sludge
|-heal|p2a: Garganacl|69/100|[from] item: Leftovers
|-damage|p1a: Clodsire|30/100|[from] Salt Cure
|upkeep
|turn|24
|
|t:|1779859270
|switch|p1a: Klefki|Klefki, F|100/100
|move|p2a: Garganacl|Protect||[still]
|-fail|p2a: Garganacl
|
|-heal|p2a: Garganacl|75/100|[from] item: Leftovers
|upkeep
|turn|25
|
|t:|1779859277
|move|p1a: Klefki|Dazzling Gleam|p2a: Garganacl
|-damage|p2a: Garganacl|57/100
|move|p2a: Garganacl|Salt Cure|p1a: Klefki
|-resisted|p1a: Klefki
|-damage|p1a: Klefki|89/100
|-start|p1a: Klefki|Salt Cure
|
|-heal|p2a: Garganacl|64/100|[from] item: Leftovers
|-damage|p1a: Klefki|65/100|[from] Salt Cure
|upkeep
|turn|26
|
|t:|1779859281
|switch|p1a: Clodsire|Clodsire, M|30/100
|move|p2a: Garganacl|Salt Cure|p1a: Clodsire
|-resisted|p1a: Clodsire
|-damage|p1a: Clodsire|23/100
|-start|p1a: Clodsire|Salt Cure
|
|-heal|p1a: Clodsire|29/100|[from] item: Black Sludge
|-heal|p2a: Garganacl|70/100|[from] item: Leftovers
|-damage|p1a: Clodsire|17/100|[from] Salt Cure
|upkeep
|turn|27
|
|t:|1779859284
|move|p1a: Clodsire|Recover|p1a: Clodsire
|-heal|p1a: Clodsire|67/100
|move|p2a: Garganacl|Salt Cure|p1a: Clodsire
|-resisted|p1a: Clodsire
|-damage|p1a: Clodsire|60/100
|
|-heal|p1a: Clodsire|66/100|[from] item: Black Sludge
|-heal|p2a: Garganacl|76/100|[from] item: Leftovers
|-damage|p1a: Clodsire|53/100|[from] Salt Cure
|upkeep
|turn|28
|
|t:|1779859288
|move|p2a: Garganacl|Protect|p2a: Garganacl
|-singleturn|p2a: Garganacl|Protect
|move|p1a: Clodsire|Recover|p1a: Clodsire
|-heal|p1a: Clodsire|100/100
|
|-heal|p2a: Garganacl|82/100|[from] item: Leftovers
|-damage|p1a: Clodsire|88/100|[from] Salt Cure
|upkeep
|turn|29
|
|t:|1779859295
|switch|p1a: Klefki|Klefki, F|65/100
|move|p2a: Garganacl|Salt Cure|p1a: Klefki
|-resisted|p1a: Klefki
|-damage|p1a: Klefki|53/100
|-start|p1a: Klefki|Salt Cure
|
|-heal|p2a: Garganacl|88/100|[from] item: Leftovers
|-damage|p1a: Klefki|28/100|[from] Salt Cure
|upkeep
|turn|30
|
|t:|1779859299
|switch|p1a: Clodsire|Clodsire, M|88/100
|move|p2a: Garganacl|Protect||[still]
|-fail|p2a: Garganacl
|
|-heal|p1a: Clodsire|94/100|[from] item: Black Sludge
|-heal|p2a: Garganacl|95/100|[from] item: Leftovers
|upkeep
|turn|31
|
|t:|1779859309
|switch|p1a: Klefki|Klefki, F|28/100
|move|p2a: Garganacl|Salt Cure|p1a: Klefki
|-resisted|p1a: Klefki
|-damage|p1a: Klefki|17/100
|-start|p1a: Klefki|Salt Cure
|
|-heal|p2a: Garganacl|100/100|[from] item: Leftovers
|-damage|p1a: Klefki|0 fnt|[from] Salt Cure
|faint|p1a: Klefki
|upkeep
|
|t:|1779859312
|switch|p1a: Rillaboom|Rillaboom, F|100/100
|-fieldstart|move: Grassy Terrain|[from] ability: Grassy Surge|[of] p1a: Rillaboom
|turn|32
|
|t:|1779859320
|move|p1a: Rillaboom|Drum Beating|p2a: Garganacl
|-supereffective|p2a: Garganacl
|-damage|p2a: Garganacl|58/100
|-unboost|p2a: Garganacl|spe|1
|move|p2a: Garganacl|Salt Cure|p1a: Rillaboom
|-damage|p1a: Rillaboom|69/100
|-start|p1a: Rillaboom|Salt Cure
|
|-heal|p1a: Rillaboom|75/100|[from] Grassy Terrain
|-heal|p2a: Garganacl|65/100|[from] Grassy Terrain
|-heal|p2a: Garganacl|71/100|[from] item: Leftovers
|-damage|p1a: Rillaboom|62/100|[from] Salt Cure
|upkeep
|turn|33
|
|t:|1779859326
|switch|p1a: Clodsire|Clodsire, M|94/100
|move|p2a: Garganacl|Protect||[still]
|-fail|p2a: Garganacl
|
|-heal|p1a: Clodsire|100/100|[from] Grassy Terrain
|-heal|p2a: Garganacl|77/100|[from] Grassy Terrain
|-heal|p2a: Garganacl|83/100|[from] item: Leftovers
|upkeep
|turn|34
|
|t:|1779859332
|move|p2a: Garganacl|Protect|p2a: Garganacl
|-singleturn|p2a: Garganacl|Protect
|move|p1a: Clodsire|Earthquake|p2a: Garganacl
|-activate|p2a: Garganacl|move: Protect
|
|-heal|p2a: Garganacl|89/100|[from] Grassy Terrain
|-heal|p2a: Garganacl|96/100|[from] item: Leftovers
|upkeep
|turn|35
|
|t:|1779859337
|move|p1a: Clodsire|Earthquake|p2a: Garganacl
|-supereffective|p2a: Garganacl
|-damage|p2a: Garganacl|81/100
|move|p2a: Garganacl|Curse|p2a: Garganacl
|-unboost|p2a: Garganacl|spe|1
|-boost|p2a: Garganacl|atk|1
|-boost|p2a: Garganacl|def|1
|
|-heal|p2a: Garganacl|87/100|[from] Grassy Terrain
|-heal|p2a: Garganacl|93/100|[from] item: Leftovers
|upkeep
|turn|36
|
|t:|1779859349
|move|p1a: Clodsire|Earthquake|p2a: Garganacl
|-supereffective|p2a: Garganacl
|-damage|p2a: Garganacl|76/100
|move|p2a: Garganacl|Curse|p2a: Garganacl
|-unboost|p2a: Garganacl|spe|1
|-boost|p2a: Garganacl|atk|1
|-boost|p2a: Garganacl|def|1
|
|-heal|p2a: Garganacl|82/100|[from] Grassy Terrain
|-heal|p2a: Garganacl|89/100|[from] item: Leftovers
|-fieldend|move: Grassy Terrain
|upkeep
|turn|37
|
|t:|1779859354
|move|p1a: Clodsire|Stealth Rock|p2a: Garganacl
|-sidestart|p2: Avv2121|move: Stealth Rock
|move|p2a: Garganacl|Salt Cure|p1a: Clodsire
|-resisted|p1a: Clodsire
|-damage|p1a: Clodsire|93/100
|-start|p1a: Clodsire|Salt Cure
|
|-heal|p1a: Clodsire|99/100|[from] item: Black Sludge
|-heal|p2a: Garganacl|95/100|[from] item: Leftovers
|-damage|p1a: Clodsire|86/100|[from] Salt Cure
|upkeep
|turn|38
|
|t:|1779859359
|move|p1a: Clodsire|Stealth Rock||[still]
|-fail|p1a: Clodsire
|move|p2a: Garganacl|Curse|p2a: Garganacl
|-unboost|p2a: Garganacl|spe|1
|-boost|p2a: Garganacl|atk|1
|-boost|p2a: Garganacl|def|1
|
|-heal|p1a: Clodsire|93/100|[from] item: Black Sludge
|-heal|p2a: Garganacl|100/100|[from] item: Leftovers
|-damage|p1a: Clodsire|80/100|[from] Salt Cure
|upkeep
|turn|39
|
|t:|1779859361
|move|p1a: Clodsire|Stealth Rock||[still]
|-fail|p1a: Clodsire
|move|p2a: Garganacl|Curse|p2a: Garganacl
|-boost|p2a: Garganacl|atk|1
|-boost|p2a: Garganacl|def|1
|
|-heal|p1a: Clodsire|86/100|[from] item: Black Sludge
|-damage|p1a: Clodsire|74/100|[from] Salt Cure
|upkeep
|turn|40
|
|t:|1779859371
|move|p1a: Clodsire|Stealth Rock||[still]
|-fail|p1a: Clodsire
|move|p2a: Garganacl|Salt Cure|p1a: Clodsire
|-resisted|p1a: Clodsire
|-damage|p1a: Clodsire|66/100
|
|-heal|p1a: Clodsire|72/100|[from] item: Black Sludge
|-damage|p1a: Clodsire|60/100|[from] Salt Cure
|upkeep
|turn|41
|
|t:|1779859376
|move|p1a: Clodsire|Recover|p1a: Clodsire
|-heal|p1a: Clodsire|100/100
|move|p2a: Garganacl|Curse|p2a: Garganacl
|
|-damage|p1a: Clodsire|88/100|[from] Salt Cure
|upkeep
|turn|42
|
|t:|1779859378
|move|p1a: Clodsire|Stealth Rock||[still]
|-fail|p1a: Clodsire
|move|p2a: Garganacl|Salt Cure|p1a: Clodsire
|-resisted|p1a: Clodsire
|-damage|p1a: Clodsire|80/100
|
|-heal|p1a: Clodsire|86/100|[from] item: Black Sludge
|-damage|p1a: Clodsire|73/100|[from] Salt Cure
|upkeep
|turn|43
|
|t:|1779859383
|move|p1a: Clodsire|Stealth Rock||[still]
|-fail|p1a: Clodsire
|move|p2a: Garganacl|Curse|p2a: Garganacl
|
|-heal|p1a: Clodsire|80/100|[from] item: Black Sludge
|-damage|p1a: Clodsire|67/100|[from] Salt Cure
|upkeep
|turn|44
|
|t:|1779859387
|move|p1a: Clodsire|Stealth Rock||[still]
|-fail|p1a: Clodsire
|move|p2a: Garganacl|Curse|p2a: Garganacl
|
|-heal|p1a: Clodsire|73/100|[from] item: Black Sludge
|-damage|p1a: Clodsire|61/100|[from] Salt Cure
|upkeep
|turn|45
|
|t:|1779859391
|move|p1a: Clodsire|Stealth Rock||[still]
|-fail|p1a: Clodsire
|move|p2a: Garganacl|Salt Cure|p1a: Clodsire
|-resisted|p1a: Clodsire
|-damage|p1a: Clodsire|53/100
|
|-heal|p1a: Clodsire|59/100|[from] item: Black Sludge
|-damage|p1a: Clodsire|47/100|[from] Salt Cure
|upkeep
|turn|46
|
|t:|1779859394
|move|p1a: Clodsire|Recover|p1a: Clodsire
|-heal|p1a: Clodsire|97/100
|move|p2a: Garganacl|Salt Cure|p1a: Clodsire
|-resisted|p1a: Clodsire
|-damage|p1a: Clodsire|90/100
|
|-heal|p1a: Clodsire|96/100|[from] item: Black Sludge
|-damage|p1a: Clodsire|83/100|[from] Salt Cure
|upkeep
|turn|47
|
|t:|1779859398
|move|p1a: Clodsire|Stealth Rock||[still]
|-fail|p1a: Clodsire
|move|p2a: Garganacl|Curse|p2a: Garganacl
|
|-heal|p1a: Clodsire|90/100|[from] item: Black Sludge
|-damage|p1a: Clodsire|77/100|[from] Salt Cure
|upkeep
|turn|48
|
|t:|1779859402
|move|p2a: Garganacl|Protect|p2a: Garganacl
|-singleturn|p2a: Garganacl|Protect
|move|p1a: Clodsire|Stealth Rock||[still]
|-fail|p1a: Clodsire
|
|-heal|p1a: Clodsire|83/100|[from] item: Black Sludge
|-damage|p1a: Clodsire|71/100|[from] Salt Cure
|upkeep
|turn|49
|
|t:|1779859406
|move|p1a: Clodsire|Stealth Rock||[still]
|-fail|p1a: Clodsire
|move|p2a: Garganacl|Curse|p2a: Garganacl
|
|-heal|p1a: Clodsire|77/100|[from] item: Black Sludge
|-damage|p1a: Clodsire|65/100|[from] Salt Cure
|upkeep
|turn|50
|
|t:|1779859410
|move|p1a: Clodsire|Stealth Rock||[still]
|-fail|p1a: Clodsire
|move|p2a: Garganacl|Salt Cure|p1a: Clodsire
|-resisted|p1a: Clodsire
|-damage|p1a: Clodsire|57/100
|
|-heal|p1a: Clodsire|63/100|[from] item: Black Sludge
|-damage|p1a: Clodsire|51/100|[from] Salt Cure
|upkeep
|turn|51
|
|t:|1779859412
|move|p1a: Clodsire|Recover|p1a: Clodsire
|-heal|p1a: Clodsire|100/100
|move|p2a: Garganacl|Curse|p2a: Garganacl
|
|-damage|p1a: Clodsire|88/100|[from] Salt Cure
|upkeep
|turn|52
|
|t:|1779859423
|move|p1a: Clodsire|Stealth Rock||[still]
|-fail|p1a: Clodsire
|move|p2a: Garganacl|Salt Cure|p1a: Clodsire
|-resisted|p1a: Clodsire
|-damage|p1a: Clodsire|80/100
|
|-heal|p1a: Clodsire|86/100|[from] item: Black Sludge
|-damage|p1a: Clodsire|74/100|[from] Salt Cure
|upkeep
|turn|53
|
|t:|1779859426
|move|p2a: Garganacl|Protect|p2a: Garganacl
|-singleturn|p2a: Garganacl|Protect
|move|p1a: Clodsire|Stealth Rock||[still]
|-fail|p1a: Clodsire
|
|-heal|p1a: Clodsire|80/100|[from] item: Black Sludge
|-damage|p1a: Clodsire|68/100|[from] Salt Cure
|upkeep
|turn|54
|
|t:|1779859430
|move|p1a: Clodsire|Stealth Rock||[still]
|-fail|p1a: Clodsire
|move|p2a: Garganacl|Curse|p2a: Garganacl
|
|-heal|p1a: Clodsire|74/100|[from] item: Black Sludge
|-damage|p1a: Clodsire|61/100|[from] Salt Cure
|upkeep
|turn|55
|
|t:|1779859439
|move|p1a: Clodsire|Stealth Rock||[still]
|-fail|p1a: Clodsire
|move|p2a: Garganacl|Salt Cure|p1a: Clodsire
|-resisted|p1a: Clodsire
|-damage|p1a: Clodsire|54/100
|
|-heal|p1a: Clodsire|61/100|[from] item: Black Sludge
|-damage|p1a: Clodsire|48/100|[from] Salt Cure
|upkeep
|turn|56
|
|t:|1779859443
|move|p1a: Clodsire|Stealth Rock||[still]
|-fail|p1a: Clodsire
|move|p2a: Garganacl|Curse|p2a: Garganacl
|
|-heal|p1a: Clodsire|54/100|[from] item: Black Sludge
|-damage|p1a: Clodsire|42/100|[from] Salt Cure
|upkeep
|turn|57
|
|t:|1779859445
|move|p1a: Clodsire|Recover|p1a: Clodsire
|-heal|p1a: Clodsire|92/100
|move|p2a: Garganacl|Curse|p2a: Garganacl
|
|-heal|p1a: Clodsire|98/100|[from] item: Black Sludge
|-damage|p1a: Clodsire|86/100|[from] Salt Cure
|upkeep
|turn|58
|
|t:|1779859450
|move|p1a: Clodsire|Stealth Rock||[still]
|-fail|p1a: Clodsire
|move|p2a: Garganacl|Curse|p2a: Garganacl
|
|-heal|p1a: Clodsire|92/100|[from] item: Black Sludge
|-damage|p1a: Clodsire|79/100|[from] Salt Cure
|upkeep
|turn|59
|
|t:|1779859454
|move|p2a: Garganacl|Protect|p2a: Garganacl
|-singleturn|p2a: Garganacl|Protect
|move|p1a: Clodsire|Stealth Rock||[still]
|-fail|p1a: Clodsire
|
|-heal|p1a: Clodsire|86/100|[from] item: Black Sludge
|-damage|p1a: Clodsire|73/100|[from] Salt Cure
|upkeep
|turn|60
|
|t:|1779859457
|move|p1a: Clodsire|Stealth Rock||[still]
|-fail|p1a: Clodsire
|move|p2a: Garganacl|Salt Cure|p1a: Clodsire
|-resisted|p1a: Clodsire
|-damage|p1a: Clodsire|65/100
|
|-heal|p1a: Clodsire|71/100|[from] item: Black Sludge
|-damage|p1a: Clodsire|59/100|[from] Salt Cure
|upkeep
|turn|61
|
|t:|1779859468
|move|p2a: Garganacl|Protect|p2a: Garganacl
|-singleturn|p2a: Garganacl|Protect
|move|p1a: Clodsire|Stealth Rock||[still]
|-fail|p1a: Clodsire
|
|-heal|p1a: Clodsire|65/100|[from] item: Black Sludge
|-damage|p1a: Clodsire|53/100|[from] Salt Cure
|upkeep
|turn|62
|
|t:|1779859474
|move|p1a: Clodsire|Stealth Rock||[still]
|-fail|p1a: Clodsire
|move|p2a: Garganacl|Salt Cure|p1a: Clodsire
|-resisted|p1a: Clodsire
|-damage|p1a: Clodsire|45/100
|
|-heal|p1a: Clodsire|51/100|[from] item: Black Sludge
|-damage|p1a: Clodsire|39/100|[from] Salt Cure
|upkeep
|turn|63
|
|t:|1779859478
|move|p2a: Garganacl|Protect|p2a: Garganacl
|-singleturn|p2a: Garganacl|Protect
|move|p1a: Clodsire|Recover|p1a: Clodsire
|-heal|p1a: Clodsire|89/100
|
|-heal|p1a: Clodsire|95/100|[from] item: Black Sludge
|-damage|p1a: Clodsire|83/100|[from] Salt Cure
|upkeep
|turn|64
|
|t:|1779859482
|move|p1a: Clodsire|Stealth Rock||[still]
|-fail|p1a: Clodsire
|move|p2a: Garganacl|Salt Cure|p1a: Clodsire
|-resisted|p1a: Clodsire
|-damage|p1a: Clodsire|75/100
|
|-heal|p1a: Clodsire|81/100|[from] item: Black Sludge
|-damage|p1a: Clodsire|69/100|[from] Salt Cure
|upkeep
|turn|65
|
|t:|1779859486
|move|p2a: Garganacl|Protect|p2a: Garganacl
|-singleturn|p2a: Garganacl|Protect
|move|p1a: Clodsire|Stealth Rock||[still]
|-fail|p1a: Clodsire
|
|-heal|p1a: Clodsire|75/100|[from] item: Black Sludge
|-damage|p1a: Clodsire|62/100|[from] Salt Cure
|upkeep
|turn|66
|
|t:|1779859492
|move|p1a: Clodsire|Stealth Rock||[still]
|-fail|p1a: Clodsire
|move|p2a: Garganacl|Recover||[still]
|-fail|p2a: Garganacl|heal
|
|-heal|p1a: Clodsire|69/100|[from] item: Black Sludge
|-damage|p1a: Clodsire|56/100|[from] Salt Cure
|upkeep
|turn|67
|
|t:|1779859498
|move|p1a: Clodsire|Stealth Rock||[still]
|-fail|p1a: Clodsire
|move|p2a: Garganacl|Salt Cure|p1a: Clodsire
|-resisted|p1a: Clodsire
|-damage|p1a: Clodsire|48/100
|
|-heal|p1a: Clodsire|55/100|[from] item: Black Sludge
|-damage|p1a: Clodsire|42/100|[from] Salt Cure
|upkeep
|turn|68
|
|t:|1779859503
|move|p2a: Garganacl|Protect|p2a: Garganacl
|-singleturn|p2a: Garganacl|Protect
|move|p1a: Clodsire|Recover|p1a: Clodsire
|-heal|p1a: Clodsire|92/100
|
|-heal|p1a: Clodsire|98/100|[from] item: Black Sludge
|-damage|p1a: Clodsire|86/100|[from] Salt Cure
|upkeep
|turn|69
|
|t:|1779859508
|move|p1a: Clodsire|Earthquake|p2a: Garganacl
|-supereffective|p2a: Garganacl
|-damage|p2a: Garganacl|67/100
|move|p2a: Garganacl|Salt Cure|p1a: Clodsire
|-resisted|p1a: Clodsire
|-damage|p1a: Clodsire|77/100
|
|-heal|p1a: Clodsire|84/100|[from] item: Black Sludge
|-heal|p2a: Garganacl|74/100|[from] item: Leftovers
|-damage|p1a: Clodsire|71/100|[from] Salt Cure
|upkeep
|turn|70
|
|t:|1779859512
|move|p1a: Clodsire|Earthquake|p2a: Garganacl
|-supereffective|p2a: Garganacl
|-damage|p2a: Garganacl|41/100
|move|p2a: Garganacl|Recover|p2a: Garganacl
|-heal|p2a: Garganacl|91/100
|
|-heal|p1a: Clodsire|77/100|[from] item: Black Sludge
|-heal|p2a: Garganacl|97/100|[from] item: Leftovers
|-damage|p1a: Clodsire|65/100|[from] Salt Cure
|upkeep
|turn|71
|
|t:|1779859522
|move|p2a: Garganacl|Protect|p2a: Garganacl
|-singleturn|p2a: Garganacl|Protect
|move|p1a: Clodsire|Earthquake|p2a: Garganacl
|-activate|p2a: Garganacl|move: Protect
|
|-heal|p1a: Clodsire|71/100|[from] item: Black Sludge
|-heal|p2a: Garganacl|100/100|[from] item: Leftovers
|-damage|p1a: Clodsire|59/100|[from] Salt Cure
|upkeep
|turn|72
|
|t:|1779859525
|move|p1a: Clodsire|Earthquake|p2a: Garganacl
|-supereffective|p2a: Garganacl
|-damage|p2a: Garganacl|69/100
|move|p2a: Garganacl|Salt Cure|p1a: Clodsire
|-resisted|p1a: Clodsire
|-damage|p1a: Clodsire|51/100
|
|-heal|p1a: Clodsire|57/100|[from] item: Black Sludge
|-heal|p2a: Garganacl|75/100|[from] item: Leftovers
|-damage|p1a: Clodsire|45/100|[from] Salt Cure
|upkeep
|turn|73
|
|t:|1779859529
|move|p1a: Clodsire|Earthquake|p2a: Garganacl
|-supereffective|p2a: Garganacl
|-crit|p2a: Garganacl
|-damage|p2a: Garganacl|30/100
|move|p2a: Garganacl|Recover|p2a: Garganacl
|-heal|p2a: Garganacl|80/100
|
|-heal|p1a: Clodsire|51/100|[from] item: Black Sludge
|-heal|p2a: Garganacl|87/100|[from] item: Leftovers
|-damage|p1a: Clodsire|39/100|[from] Salt Cure
|upkeep
|turn|74
|
|t:|1779859535
|move|p1a: Clodsire|Earthquake|p2a: Garganacl
|-supereffective|p2a: Garganacl
|-damage|p2a: Garganacl|56/100
|move|p2a: Garganacl|Salt Cure|p1a: Clodsire
|-resisted|p1a: Clodsire
|-damage|p1a: Clodsire|31/100
|
|-heal|p1a: Clodsire|38/100|[from] item: Black Sludge
|-heal|p2a: Garganacl|63/100|[from] item: Leftovers
|-damage|p1a: Clodsire|25/100|[from] Salt Cure
|upkeep
|turn|75
|
|t:|1779859540
|move|p1a: Clodsire|Earthquake|p2a: Garganacl
|-supereffective|p2a: Garganacl
|-damage|p2a: Garganacl|31/100
|move|p2a: Garganacl|Recover|p2a: Garganacl
|-heal|p2a: Garganacl|81/100
|
|-heal|p1a: Clodsire|31/100|[from] item: Black Sludge
|-heal|p2a: Garganacl|88/100|[from] item: Leftovers
|-damage|p1a: Clodsire|19/100|[from] Salt Cure
|upkeep
|turn|76
|
|t:|1779859546
|move|p1a: Clodsire|Earthquake|p2a: Garganacl
|-supereffective|p2a: Garganacl
|-damage|p2a: Garganacl|56/100
|move|p2a: Garganacl|Salt Cure|p1a: Clodsire
|-resisted|p1a: Clodsire
|-damage|p1a: Clodsire|11/100
|
|-heal|p1a: Clodsire|17/100|[from] item: Black Sludge
|-heal|p2a: Garganacl|63/100|[from] item: Leftovers
|-damage|p1a: Clodsire|5/100|[from] Salt Cure
|upkeep
|turn|77
|
|t:|1779859555
|switch|p1a: Rillaboom|Rillaboom, F|62/100
|-fieldstart|move: Grassy Terrain|[from] ability: Grassy Surge|[of] p1a: Rillaboom
|move|p2a: Garganacl|Recover|p2a: Garganacl
|-heal|p2a: Garganacl|100/100
|
|-heal|p1a: Rillaboom|69/100|[from] Grassy Terrain
|upkeep
|turn|78
|
|t:|1779859560
|move|p1a: Rillaboom|U-turn|p2a: Garganacl
|-damage|p2a: Garganacl|95/100
|
|t:|1779859564
|switch|p1a: Clodsire|Clodsire, M|5/100|[from] U-turn
|move|p2a: Garganacl|Salt Cure|p1a: Clodsire
|-resisted|p1a: Clodsire
|-damage|p1a: Clodsire|0 fnt
|faint|p1a: Clodsire
|
|-heal|p2a: Garganacl|100/100|[from] Grassy Terrain
|upkeep
|
|t:|1779859569
|switch|p1a: Rillaboom|Rillaboom, F|69/100
|turn|79
|
|t:|1779859575
|move|p1a: Rillaboom|Drum Beating|p2a: Garganacl
|-supereffective|p2a: Garganacl
|-damage|p2a: Garganacl|79/100
|move|p2a: Garganacl|Recover|p2a: Garganacl
|-heal|p2a: Garganacl|100/100
|
|-heal|p1a: Rillaboom|75/100|[from] Grassy Terrain
|upkeep
|turn|80
|
|t:|1779859579
|move|p1a: Rillaboom|Drum Beating|p2a: Garganacl
|-supereffective|p2a: Garganacl
|-damage|p2a: Garganacl|78/100
|-activate|p2a: Garganacl|move: Struggle
|move|p2a: Garganacl|Struggle|p1a: Rillaboom
|-damage|p1a: Rillaboom|28/100
|-damage|p2a: Garganacl|53/100|[from] recoil
|
|-heal|p1a: Rillaboom|34/100|[from] Grassy Terrain
|-heal|p2a: Garganacl|59/100|[from] Grassy Terrain
|-heal|p2a: Garganacl|66/100|[from] item: Leftovers
|upkeep
|turn|81
|
|t:|1779859582
|move|p1a: Rillaboom|Drum Beating|p2a: Garganacl
|-supereffective|p2a: Garganacl
|-crit|p2a: Garganacl
|-damage|p2a: Garganacl|0 fnt
|faint|p2a: Garganacl
|
|win|Soyyo1223
|raw|Soyyo1223's rating: 1278 &rarr; <strong>1306</strong><br />(+28 for winning)
|raw|Avv2121's rating: 1316 &rarr; <strong>1294</strong><br />(-22 for losing)
|l|☆Avv2121
|player|p2|
|l|☆Soyyo1223
|player|p1|
