|j|☆pokemaster3592
|j|☆fadingluckkkk
|t:|1779845622
|gametype|singles
|player|p1|pokemaster3592|volkner|1089
|player|p2|fadingluckkkk|pokemonranger-gen4|1155
|gen|9
|tier|[Gen 9] OU
|rated|
|rule|HP Percentage Mod: HP is shown in percentages
|rule|Endless Battle Clause: Forcing endless battles is banned
|rule|Species Clause: Limit one of each Pokémon
|rule|OHKO Clause: OHKO moves are banned
|rule|Evasion Items Clause: Evasion items are banned
|rule|Evasion Moves Clause: Evasion moves are banned
|rule|Evasion Abilities Clause: Evasion abilities are banned
|rule|Sleep Moves Clause: Sleep-inducing moves are banned
|clearpoke
|poke|p1|Flareon, F|
|poke|p1|Umbreon, M|
|poke|p1|Sylveon, M|
|poke|p1|Vaporeon, F|
|poke|p1|Glaceon, F|
|poke|p1|Espeon, F|
|poke|p2|Mimikyu, F|
|poke|p2|Weavile, M|
|poke|p2|Ribombee, M|
|poke|p2|Heatran, F|
|poke|p2|Thundurus-Therian, M|
|poke|p2|Great Tusk|
|teampreview
|inactive|Battle timer is ON: inactive players will automatically lose when time's up. (requested by fadingluckkkk)
|
|t:|1779845644
|teamsize|p1|6
|teamsize|p2|6
|start
|switch|p1a: Espeon|Espeon, F, shiny|100/100
|switch|p2a: chainsaw man|Heatran, F|100/100
|turn|1
|
|t:|1779845656
|switch|p1a: Vaporeon|Vaporeon, F|100/100
|move|p2a: chainsaw man|Stealth Rock|p1a: Vaporeon
|-sidestart|p1: pokemaster3592|move: Stealth Rock
|
|upkeep
|turn|2
|
|t:|1779845667
|switch|p2a: sparky clash|Thundurus-Therian, M, shiny|100/100
|move|p1a: Vaporeon|Scald|p2a: sparky clash
|-damage|p2a: sparky clash|59/100
|
|upkeep
|turn|3
|
|t:|1779845674
|move|p1a: Vaporeon|Protect|p1a: Vaporeon
|-singleturn|p1a: Vaporeon|Protect
|move|p2a: sparky clash|Thunderbolt|p1a: Vaporeon
|-activate|p1a: Vaporeon|move: Protect
|
|upkeep
|turn|4
|
|t:|1779845693
|switch|p1a: Umbreon|Umbreon, M, shiny|100/100
|-damage|p1a: Umbreon|88/100|[from] Stealth Rock
|move|p2a: sparky clash|Thunderbolt|p1a: Umbreon
|-damage|p1a: Umbreon|55/100
|
|-heal|p1a: Umbreon|61/100|[from] item: Leftovers
|upkeep
|turn|5
|
|t:|1779845714
|switch|p2a: sukuna|Ribombee, M, shiny|100/100
|move|p1a: Umbreon|Protect||[still]
|-fail|p1a: Umbreon
|
|-heal|p1a: Umbreon|67/100|[from] item: Leftovers
|upkeep
|turn|6
|
|t:|1779845723
|move|p1a: Umbreon|Protect|p1a: Umbreon
|-singleturn|p1a: Umbreon|Protect
|move|p2a: sukuna|Moonblast|p1a: Umbreon
|-activate|p1a: Umbreon|move: Protect
|
|-heal|p1a: Umbreon|73/100|[from] item: Leftovers
|upkeep
|turn|7
|
|t:|1779845733
|switch|p1a: Flareon|Flareon, F|100/100
|-damage|p1a: Flareon|75/100|[from] Stealth Rock
|move|p2a: sukuna|Moonblast|p1a: Flareon
|-resisted|p1a: Flareon
|-crit|p1a: Flareon
|-damage|p1a: Flareon|41/100
|
|-status|p1a: Flareon|tox|[from] item: Toxic Orb
|upkeep
|turn|8
|
|t:|1779845744
|move|p2a: sukuna|U-turn|p1a: Flareon
|-resisted|p1a: Flareon
|-damage|p1a: Flareon|27/100 tox
|
|t:|1779845749
|switch|p2a: chainsaw man|Heatran, F|100/100|[from] U-turn
|move|p1a: Flareon|Flame Charge|p2a: chainsaw man
|-start|p2a: chainsaw man|ability: Flash Fire
|
|-damage|p1a: Flareon|21/100 tox|[from] psn
|upkeep
|turn|9
|
|t:|1779845759
|-terastallize|p1a: Flareon|Normal
|move|p1a: Flareon|Facade|p2a: chainsaw man
|-resisted|p2a: chainsaw man
|-damage|p2a: chainsaw man|57/100
|move|p2a: chainsaw man|Earth Power|p1a: Flareon
|-damage|p1a: Flareon|0 fnt
|faint|p1a: Flareon
|
|-heal|p2a: chainsaw man|63/100|[from] item: Leftovers
|upkeep
|
|t:|1779845765
|switch|p1a: Vaporeon|Vaporeon, F|100/100
|-damage|p1a: Vaporeon|88/100|[from] Stealth Rock
|turn|10
|
|t:|1779845775
|-end|p2a: chainsaw man|ability: Flash Fire|[silent]
|switch|p2a: sparky clash|Thundurus-Therian, M, shiny|59/100
|move|p1a: Vaporeon|Wish|p1a: Vaporeon
|
|-heal|p1a: Vaporeon|94/100|[from] item: Leftovers
|upkeep
|turn|11
|
|t:|1779845789
|switch|p1a: Sylveon|Sylveon, M, shiny|100/100
|-damage|p1a: Sylveon|88/100|[from] Stealth Rock
|move|p2a: sparky clash|Thunderbolt|p1a: Sylveon
|-damage|p1a: Sylveon|50/100
|
|-heal|p1a: Sylveon|100/100|[from] move: Wish|[wisher] Vaporeon
|upkeep
|turn|12
|
|t:|1779845798
|move|p2a: sparky clash|Nasty Plot|p2a: sparky clash
|-boost|p2a: sparky clash|spa|2
|move|p1a: Sylveon|Hyper Voice|p2a: sparky clash
|-damage|p2a: sparky clash|0 fnt
|faint|p2a: sparky clash
|-enditem|p1a: Sylveon|Throat Spray
|-boost|p1a: Sylveon|spa|1|[from] item: Throat Spray
|
|upkeep
|
|t:|1779845807
|switch|p2a: gojo|Weavile, M|100/100
|-ability|p2a: gojo|Pressure
|turn|13
|
|t:|1779845812
|move|p2a: gojo|Poison Jab|p1a: Sylveon
|-supereffective|p1a: Sylveon
|-damage|p1a: Sylveon|3/100
|-status|p1a: Sylveon|psn
|move|p1a: Sylveon|Draining Kiss|p2a: gojo
|-supereffective|p2a: gojo
|-damage|p2a: gojo|0 fnt
|-heal|p1a: Sylveon|57/100 psn|[from] drain|[of] p2a: gojo
|faint|p2a: gojo
|
|-damage|p1a: Sylveon|44/100 psn|[from] psn
|upkeep
|
|t:|1779845822
|switch|p2a: sukuna|Ribombee, M, shiny|100/100
|turn|14
|
|t:|1779845828
|move|p2a: sukuna|Moonblast|p1a: Sylveon
|-damage|p1a: Sylveon|18/100 psn
|move|p1a: Sylveon|Draining Kiss|p2a: sukuna
|-damage|p2a: sukuna|29/100
|-heal|p1a: Sylveon|54/100 psn|[from] drain|[of] p2a: sukuna
|
|-damage|p1a: Sylveon|41/100 psn|[from] psn
|upkeep
|turn|15
|
|t:|1779845838
|switch|p2a: the end|Mimikyu, F, shiny|100/100
|move|p1a: Sylveon|Draining Kiss|p2a: the end
|-activate|p2a: the end|ability: Disguise
|-damage|p2a: the end|100/100
|detailschange|p2a: the end|Mimikyu-Busted, F, shiny
|-damage|p2a: the end|88/100|[from] pokemon: Mimikyu-Busted
|
|-damage|p1a: Sylveon|29/100 psn|[from] psn
|upkeep
|turn|16
|
|t:|1779845848
|move|p2a: the end|Shadow Sneak|p1a: Sylveon
|-damage|p1a: Sylveon|3/100 psn
|-damage|p2a: the end|78/100|[from] item: Life Orb
|move|p1a: Sylveon|Shadow Ball|p2a: the end
|-supereffective|p2a: the end
|-damage|p2a: the end|0 fnt
|faint|p2a: the end
|
|-damage|p1a: Sylveon|0 fnt|[from] psn
|faint|p1a: Sylveon
|upkeep
|
|t:|1779845863
|switch|p2a: sukuna|Ribombee, M, shiny|29/100
|switch|p1a: Umbreon|Umbreon, M, shiny|73/100
|-damage|p1a: Umbreon|61/100|[from] Stealth Rock
|turn|17
|
|t:|1779845871
|-terastallize|p2a: sukuna|Fairy
|move|p1a: Umbreon|Protect|p1a: Umbreon
|-singleturn|p1a: Umbreon|Protect
|move|p2a: sukuna|Moonblast|p1a: Umbreon
|-activate|p1a: Umbreon|move: Protect
|
|-heal|p1a: Umbreon|67/100|[from] item: Leftovers
|upkeep
|turn|18
|
|t:|1779845880
|switch|p1a: Glaceon|Glaceon, F|100/100
|-damage|p1a: Glaceon|76/100|[from] Stealth Rock
|move|p2a: sukuna|Stun Spore|p1a: Glaceon
|-status|p1a: Glaceon|par
|
|upkeep
|turn|19
|
|t:|1779845889
|move|p2a: sukuna|Moonblast|p1a: Glaceon
|-damage|p1a: Glaceon|39/100 par
|-unboost|p1a: Glaceon|spa|1
|move|p1a: Glaceon|Ice Beam|p2a: sukuna
|-damage|p2a: sukuna|0 fnt
|faint|p2a: sukuna
|
|upkeep
|
|t:|1779845896
|switch|p2a: chainsaw man|Heatran, F|63/100
|turn|20
|
|t:|1779845903
|move|p2a: chainsaw man|Lava Plume|p1a: Glaceon
|-supereffective|p1a: Glaceon
|-damage|p1a: Glaceon|0 fnt
|faint|p1a: Glaceon
|
|-heal|p2a: chainsaw man|70/100|[from] item: Leftovers
|upkeep
|
|t:|1779845912
|switch|p1a: Vaporeon|Vaporeon, F|94/100
|-damage|p1a: Vaporeon|82/100|[from] Stealth Rock
|turn|21
|
|t:|1779845920
|move|p2a: chainsaw man|Earth Power|p1a: Vaporeon
|-damage|p1a: Vaporeon|64/100
|move|p1a: Vaporeon|Scald|p2a: chainsaw man
|-supereffective|p2a: chainsaw man
|-damage|p2a: chainsaw man|32/100
|
|-heal|p2a: chainsaw man|38/100|[from] item: Leftovers
|-heal|p1a: Vaporeon|70/100|[from] item: Leftovers
|upkeep
|turn|22
|
|t:|1779845929
|switch|p2a: fortress|Great Tusk, shiny|100/100
|move|p1a: Vaporeon|Wish|p1a: Vaporeon
|
|-heal|p1a: Vaporeon|76/100|[from] item: Leftovers
|upkeep
|turn|23
|
|t:|1779845937
|move|p2a: fortress|Body Press|p1a: Vaporeon
|-crit|p1a: Vaporeon
|-damage|p1a: Vaporeon|23/100
|move|p1a: Vaporeon|Scald|p2a: fortress
|-supereffective|p2a: fortress
|-damage|p2a: fortress|19/100
|
|-heal|p1a: Vaporeon|73/100|[from] move: Wish|[wisher] Vaporeon
|-heal|p1a: Vaporeon|79/100|[from] item: Leftovers
|upkeep
|turn|24
|-message|fadingluckkkk forfeited.
|
|win|pokemaster3592
|raw|pokemaster3592's rating: 1089 &rarr; <strong>1121</strong><br />(+32 for winning)
|raw|fadingluckkkk's rating: 1155 &rarr; <strong>1125</strong><br />(-30 for losing)
|l|☆fadingluckkkk
|player|p2|
|l|☆pokemaster3592
|player|p1|
