|j|☆eevee1995
|j|☆goon with spoon
|t:|1779904725
|gametype|singles
|player|p1|eevee1995|102|1092
|player|p2|goon with spoon|palmer|1156
|gen|9
|tier|[Gen 9] OU
|rated|
|rule|HP Percentage Mod: HP is shown in percentages
|rule|Endless Battle Clause: Forcing endless battles is banned
|rule|Species Clause: Limit one of each Pokémon
|rule|OHKO Clause: OHKO moves are banned
|rule|Evasion Items Clause: Evasion items are banned
|rule|Evasion Moves Clause: Evasion moves are banned
|rule|Evasion Abilities Clause: Evasion abilities are banned
|rule|Sleep Moves Clause: Sleep-inducing moves are banned
|clearpoke
|poke|p1|Mandibuzz, F|
|poke|p1|Porygon-Z|
|poke|p1|Staraptor, M|
|poke|p1|Zoroark-Hisui, F|
|poke|p1|Greedent, M|
|poke|p1|Ting-Lu|
|poke|p2|Kingambit, F|
|poke|p2|Primarina, M|
|poke|p2|Corviknight, F|
|poke|p2|Great Tusk|
|poke|p2|Dragapult, F|
|poke|p2|Heatran, F|
|teampreview
|inactive|Battle timer is ON: inactive players will automatically lose when time's up. (requested by goon with spoon)
|c|☆eevee1995|glhf
|c|☆goon with spoon|u2
|inactive|goon with spoon has 120 seconds left.
|
|t:|1779904761
|teamsize|p1|6
|teamsize|p2|6
|start
|switch|p1a: Deer Cauldron|Ting-Lu, shiny|100/100
|switch|p2a: Heatran|Heatran, F|100/100
|turn|1
|
|t:|1779904769
|move|p1a: Deer Cauldron|Nasty Plot|p1a: Deer Cauldron
|-boost|p1a: Deer Cauldron|spa|2
|move|p2a: Heatran|Taunt|p1a: Deer Cauldron
|-start|p1a: Deer Cauldron|move: Taunt
|
|upkeep
|turn|2
|
|t:|1779904778
|move|p1a: Deer Cauldron|Bitter Malice|p2a: Heatran
|-damage|p2a: Heatran|24/100
|-unboost|p2a: Heatran|atk|1
|move|p2a: Heatran|Magma Storm|p1a: Deer Cauldron|[miss]
|-miss|p2a: Heatran|p1a: Deer Cauldron
|
|-heal|p2a: Heatran|30/100|[from] item: Leftovers
|upkeep
|turn|3
|
|t:|1779904790
|move|p1a: Deer Cauldron|Bitter Malice|p2a: Heatran
|-damage|p2a: Heatran|0 fnt
|faint|p2a: Heatran
|
|upkeep
|
|t:|1779904802
|switch|p2a: Kingambit|Kingambit, F|100/100
|-activate|p2a: Kingambit|ability: Supreme Overlord
|-start|p2a: Kingambit|fallen1|[silent]
|turn|4
|
|t:|1779904827
|move|p2a: Kingambit|Sucker Punch|p1a: Deer Cauldron
|-supereffective|p1a: Deer Cauldron
|-enditem|p1a: Deer Cauldron|Focus Sash
|-damage|p1a: Deer Cauldron|1/100
|replace|p1a: BAZINGA MFER!!|Zoroark-Hisui, F, shiny
|-end|p1a: BAZINGA MFER!!|Illusion
|move|p1a: BAZINGA MFER!!|Bitter Malice|p2a: Kingambit
|-resisted|p2a: Kingambit
|-damage|p2a: Kingambit|59/100
|-unboost|p2a: Kingambit|atk|1
|
|-heal|p2a: Kingambit|65/100|[from] item: Leftovers
|-end|p1a: BAZINGA MFER!!|move: Taunt
|upkeep
|turn|5
|
|t:|1779904839
|move|p2a: Kingambit|Sucker Punch||[still]
|-fail|p2a: Kingambit
|move|p1a: BAZINGA MFER!!|Nasty Plot|p1a: BAZINGA MFER!!
|-boost|p1a: BAZINGA MFER!!|spa|2
|
|-heal|p2a: Kingambit|71/100|[from] item: Leftovers
|upkeep
|turn|6
|c|☆eevee1995|lets see who has the bigger balls
|
|t:|1779904852
|move|p1a: BAZINGA MFER!!|Bitter Malice|p2a: Kingambit
|-resisted|p2a: Kingambit
|-damage|p2a: Kingambit|12/100
|-unboost|p2a: Kingambit|atk|1
|move|p2a: Kingambit|Kowtow Cleave|p1a: BAZINGA MFER!!
|-supereffective|p1a: BAZINGA MFER!!
|-damage|p1a: BAZINGA MFER!!|0 fnt
|faint|p1a: BAZINGA MFER!!
|
|-heal|p2a: Kingambit|18/100|[from] item: Leftovers
|upkeep
|c|☆eevee1995|ITS ME
|
|t:|1779904871
|switch|p1a: Mmph~ Sitwus bewy|Greedent, M, shiny|100/100
|turn|7
|
|t:|1779904894
|-end|p2a: Kingambit|fallen1|[silent]
|switch|p2a: Corviknight|Corviknight, F|100/100
|-ability|p2a: Corviknight|Pressure
|move|p1a: Mmph~ Sitwus bewy|Swords Dance|p1a: Mmph~ Sitwus bewy
|-boost|p1a: Mmph~ Sitwus bewy|atk|2
|
|upkeep
|turn|8
|c|☆eevee1995|missed opportunity to name him Deez Big Nuts :/
|
|t:|1779904910
|move|p2a: Corviknight|Body Press|p1a: Mmph~ Sitwus bewy
|-supereffective|p1a: Mmph~ Sitwus bewy
|-damage|p1a: Mmph~ Sitwus bewy|62/100
|move|p1a: Mmph~ Sitwus bewy|Crunch|p2a: Corviknight
|-damage|p2a: Corviknight|71/100
|-damage|p1a: Mmph~ Sitwus bewy|45/100|[from] item: Rocky Helmet|[of] p2a: Corviknight
|-enditem|p1a: Mmph~ Sitwus bewy|Sitrus Berry|[eat]
|-heal|p1a: Mmph~ Sitwus bewy|70/100|[from] item: Sitrus Berry
|-heal|p1a: Mmph~ Sitwus bewy|100/100|[from] ability: Cheek Pouch
|
|upkeep
|turn|9
|c|☆goon with spoon|lol
|
|t:|1779904918
|move|p2a: Corviknight|Body Press|p1a: Mmph~ Sitwus bewy
|-supereffective|p1a: Mmph~ Sitwus bewy
|-damage|p1a: Mmph~ Sitwus bewy|60/100
|move|p1a: Mmph~ Sitwus bewy|Body Slam|p2a: Corviknight
|-resisted|p2a: Corviknight
|-damage|p2a: Corviknight|47/100
|-status|p2a: Corviknight|par
|-damage|p1a: Mmph~ Sitwus bewy|43/100|[from] item: Rocky Helmet|[of] p2a: Corviknight
|
|upkeep
|turn|10
|
|t:|1779904933
|move|p2a: Corviknight|Body Press|p1a: Mmph~ Sitwus bewy
|-supereffective|p1a: Mmph~ Sitwus bewy
|-damage|p1a: Mmph~ Sitwus bewy|0 fnt
|faint|p1a: Mmph~ Sitwus bewy
|
|upkeep
|
|t:|1779904937
|switch|p1a: Dragon Ball Z|Porygon-Z, shiny|100/100
|turn|11
|
|t:|1779904944
|switch|p2a: Great Tusk|Great Tusk|100/100
|move|p1a: Dragon Ball Z|Thunderbolt|p2a: Great Tusk
|-immune|p2a: Great Tusk
|
|upkeep
|turn|12
|
|t:|1779904958
|-terastallize|p1a: Dragon Ball Z|Ghost
|move|p1a: Dragon Ball Z|Ice Beam|p2a: Great Tusk
|-supereffective|p2a: Great Tusk
|-damage|p2a: Great Tusk|0 fnt
|faint|p2a: Great Tusk
|-end|p2a: Great Tusk|Protosynthesis|[silent]
|-damage|p1a: Dragon Ball Z|91/100|[from] item: Life Orb
|
|upkeep
|c|☆eevee1995|oops
|c|☆eevee1995|wasted tera
|
|t:|1779904970
|switch|p2a: Kingambit|Kingambit, F|18/100
|-activate|p2a: Kingambit|ability: Supreme Overlord
|-start|p2a: Kingambit|fallen2|[silent]
|turn|13
|c|☆eevee1995|forgot thats an ohko
|
|t:|1779904984
|switch|p1a: Deer Cauldron|Ting-Lu, shiny|100/100
|-ability|p1a: Deer Cauldron|Vessel of Ruin
|move|p2a: Kingambit|Sucker Punch||[still]
|-fail|p2a: Kingambit
|
|-heal|p2a: Kingambit|24/100|[from] item: Leftovers
|upkeep
|turn|14
|
|t:|1779904991
|-end|p2a: Kingambit|fallen2|[silent]
|switch|p2a: Corviknight|Corviknight, F|47/100 par
|-ability|p2a: Corviknight|Pressure
|move|p1a: Deer Cauldron|Stealth Rock|p2a: Corviknight
|-sidestart|p2: goon with spoon|move: Stealth Rock
|
|upkeep
|turn|15
|
|t:|1779904996
|move|p2a: Corviknight|Roost|p2a: Corviknight
|-heal|p2a: Corviknight|97/100 par
|-singleturn|p2a: Corviknight|move: Roost
|move|p1a: Deer Cauldron|Whirlwind|p2a: Corviknight
|drag|p2a: Kingambit|Kingambit, F|24/100
|-damage|p2a: Kingambit|18/100|[from] Stealth Rock
|-activate|p2a: Kingambit|ability: Supreme Overlord
|-start|p2a: Kingambit|fallen2|[silent]
|
|-heal|p2a: Kingambit|24/100|[from] item: Leftovers
|upkeep
|turn|16
|
|t:|1779905019
|move|p2a: Kingambit|Iron Head|p1a: Deer Cauldron
|-crit|p1a: Deer Cauldron
|-damage|p1a: Deer Cauldron|58/100
|move|p1a: Deer Cauldron|Ruination|p2a: Kingambit
|-damage|p2a: Kingambit|12/100
|
|-heal|p2a: Kingambit|18/100|[from] item: Leftovers
|-heal|p1a: Deer Cauldron|64/100|[from] item: Leftovers
|upkeep
|turn|17
|
|t:|1779905027
|move|p2a: Kingambit|Iron Head|p1a: Deer Cauldron
|-damage|p1a: Deer Cauldron|34/100
|cant|p1a: Deer Cauldron|flinch
|
|-heal|p2a: Kingambit|25/100|[from] item: Leftovers
|-heal|p1a: Deer Cauldron|40/100|[from] item: Leftovers
|upkeep
|turn|18
|
|t:|1779905032
|move|p2a: Kingambit|Iron Head|p1a: Deer Cauldron
|-damage|p1a: Deer Cauldron|8/100
|move|p1a: Deer Cauldron|Earthquake|p2a: Kingambit
|-supereffective|p2a: Kingambit
|-damage|p2a: Kingambit|0 fnt
|faint|p2a: Kingambit
|-end|p2a: Kingambit|fallen2|[silent]
|
|-heal|p1a: Deer Cauldron|15/100|[from] item: Leftovers
|upkeep
|
|t:|1779905047
|switch|p2a: Primarina|Primarina, M|100/100
|-damage|p2a: Primarina|88/100|[from] Stealth Rock
|turn|19
|
|t:|1779905058
|move|p2a: Primarina|Moonblast|p1a: Deer Cauldron
|-supereffective|p1a: Deer Cauldron
|-damage|p1a: Deer Cauldron|0 fnt
|faint|p1a: Deer Cauldron
|
|upkeep
|
|t:|1779905082
|switch|p1a: Dragon Ball Z|Porygon-Z, shiny, tera:Ghost|91/100
|turn|20
|inactive|goon with spoon has 120 seconds left.
|
|t:|1779905117
|-terastallize|p2a: Primarina|Poison
|move|p1a: Dragon Ball Z|Shadow Ball|p2a: Primarina
|-damage|p2a: Primarina|37/100
|-unboost|p2a: Primarina|spd|1
|-damage|p1a: Dragon Ball Z|81/100|[from] item: Life Orb
|move|p2a: Primarina|Moonblast|p1a: Dragon Ball Z
|-damage|p1a: Dragon Ball Z|4/100
|
|upkeep
|turn|21
|inactive|goon with spoon has 120 seconds left.
|
|t:|1779905131
|move|p1a: Dragon Ball Z|Ice Beam|p2a: Primarina
|-damage|p2a: Primarina|0 fnt
|faint|p2a: Primarina
|-damage|p1a: Dragon Ball Z|0 fnt|[from] item: Life Orb
|faint|p1a: Dragon Ball Z
|
|upkeep
|inactive|goon with spoon has 120 seconds left.
|
|t:|1779905146
|switch|p1a: The Neck Breaker|Staraptor, M, shiny|100/100
|switch|p2a: Corviknight|Corviknight, F|97/100 par
|-damage|p2a: Corviknight|85/100 par|[from] Stealth Rock
|-ability|p2a: Corviknight|Pressure
|turn|22
|inactive|goon with spoon has 120 seconds left.
|
|t:|1779905155
|move|p1a: The Neck Breaker|Close Combat|p2a: Corviknight
|-damage|p2a: Corviknight|48/100 par
|-unboost|p1a: The Neck Breaker|def|1
|-unboost|p1a: The Neck Breaker|spd|1
|-damage|p1a: The Neck Breaker|84/100|[from] item: Rocky Helmet|[of] p2a: Corviknight
|move|p2a: Corviknight|Defog|p1a: The Neck Breaker
|-unboost|p1a: The Neck Breaker|evasion|1
|-sideend|p2: goon with spoon|Stealth Rock|[from] move: Defog|[of] p2a: Corviknight
|
|upkeep
|turn|23
|
|t:|1779905162
|switch|p1a: OU Slave|Mandibuzz, F, shiny|100/100
|move|p2a: Corviknight|Roost|p2a: Corviknight
|-heal|p2a: Corviknight|98/100 par
|-singleturn|p2a: Corviknight|move: Roost
|
|upkeep
|turn|24
|-message|eevee1995 forfeited.
|
|win|goon with spoon
|raw|eevee1995's rating: 1092 &rarr; <strong>1073</strong><br />(-19 for losing)
|raw|goon with spoon's rating: 1156 &rarr; <strong>1176</strong><br />(+20 for winning)
|l|☆eevee1995
|player|p1|
|c|☆goon with spoon|g
|c|☆goon with spoon|g
|l|☆goon with spoon
|player|p2|
