|j|☆magikarp soup
|j|☆uncle brown
|t:|1779878768
|gametype|singles
|player|p1|magikarp soup|medium|1615
|player|p2|uncle brown|266|1583
|gen|9
|tier|[Gen 9] OU
|rated|
|rule|HP Percentage Mod: HP is shown in percentages
|rule|Endless Battle Clause: Forcing endless battles is banned
|rule|Species Clause: Limit one of each Pokémon
|rule|OHKO Clause: OHKO moves are banned
|rule|Evasion Items Clause: Evasion items are banned
|rule|Evasion Moves Clause: Evasion moves are banned
|rule|Evasion Abilities Clause: Evasion abilities are banned
|rule|Sleep Moves Clause: Sleep-inducing moves are banned
|clearpoke
|poke|p1|Cramorant, F|
|poke|p1|Ceruledge, M|
|poke|p1|Kyurem|
|poke|p1|Moltres-Galar|
|poke|p1|Kingambit, M|
|poke|p1|Okidogi, M|
|poke|p2|Ogerpon, F|
|poke|p2|Deoxys-Speed|
|poke|p2|Dragonite, F|
|poke|p2|Zamazenta-*|
|poke|p2|Iron Treads|
|poke|p2|Hatterene, F|
|teampreview
|c|☆magikarp soup|o shit
|c|☆magikarp soup|glhf
|j| peeekapeee
|
|t:|1779878782
|teamsize|p1|6
|teamsize|p2|6
|start
|switch|p1a: Cramorant|Cramorant, F|100/100
|switch|p2a: Deoxys|Deoxys-Speed|100/100
|-ability|p2a: Deoxys|Pressure
|turn|1
|c|☆uncle brown|yo
|c|☆uncle brown|didnt notice
|c|☆uncle brown|on mobile
|
|t:|1779878802
|move|p2a: Deoxys|Stealth Rock|p1a: Cramorant
|-sidestart|p1: magikarp soup|move: Stealth Rock
|move|p1a: Cramorant|Tailwind|p1a: Cramorant
|-sidestart|p1: magikarp soup|move: Tailwind
|
|upkeep
|turn|2
|
|t:|1779878807
|move|p1a: Cramorant|Surf|p2a: Deoxys
|-formechange|p1a: Cramorant|Cramorant-Gulping|
|-damage|p2a: Deoxys|60/100
|-enditem|p2a: Deoxys|Red Card|[of] p1a: Cramorant
|drag|p1a: Kingambit|Kingambit, M|100/100
|-damage|p1a: Kingambit|94/100|[from] Stealth Rock
|move|p2a: Deoxys|Skill Swap|p1a: Kingambit
|-activate|p2a: Deoxys|Skill Swap|Supreme Overlord|Pressure|[of] p1a: Kingambit
|-end|p1a: Kingambit|fallenundefined|[silent]
|-ability|p1a: Kingambit|Pressure
|
|upkeep
|turn|3
|c|☆magikarp soup|does that
|c|☆magikarp soup|work
|c|☆magikarp soup|!dt gulp missile
|c|☆magikarp soup|/raw <ul class="utilichart"><li class="result"><span class="col namecol"><a href="https://dex.pokemonshowdown.com/abilities/gulpmissile">Gulp Missile</a></span> <span class="col abilitydesccol">When hit after Surf/Dive, attacker takes 1/4 max HP and -1 Defense or paralysis.</span> </li><li style="clear:both"></li></ul>
|c|☆magikarp soup|/raw <font size="1"><font color="#686868">Gen:</font> 8&nbsp;|&ThickSpace;&#10003; Not affected by Gastro Acid</font>

|c|☆magikarp soup|idt it does
|
|t:|1779878834
|move|p2a: Deoxys|Spikes|p1a: Kingambit
|-sidestart|p1: magikarp soup|Spikes
|move|p1a: Kingambit|Swords Dance|p1a: Kingambit
|-boost|p1a: Kingambit|atk|2
|
|upkeep
|turn|4
|
|t:|1779878840
|move|p2a: Deoxys|Taunt|p1a: Kingambit
|-start|p1a: Kingambit|move: Taunt
|cant|p1a: Kingambit|move: Taunt|Swords Dance
|
|-sideend|p1: magikarp soup|move: Tailwind
|upkeep
|turn|5
|
|t:|1779878846
|move|p2a: Deoxys|Spikes|p1a: Kingambit
|-sidestart|p1: magikarp soup|Spikes
|move|p1a: Kingambit|Low Kick|p2a: Deoxys
|-resisted|p2a: Deoxys
|-damage|p2a: Deoxys|23/100
|
|upkeep
|turn|6
|
|t:|1779878851
|move|p2a: Deoxys|Spikes|p1a: Kingambit
|-sidestart|p1: magikarp soup|Spikes
|move|p1a: Kingambit|Low Kick|p2a: Deoxys
|-resisted|p2a: Deoxys
|-damage|p2a: Deoxys|0 fnt
|faint|p2a: Deoxys
|-end|p2a: Deoxys|fallenundefined|[silent]
|
|-end|p1a: Kingambit|move: Taunt
|upkeep
|
|t:|1779878855
|switch|p2a: Zamazenta|Zamazenta|100/100
|-ability|p2a: Zamazenta|Dauntless Shield|boost
|-boost|p2a: Zamazenta|def|1
|turn|7
|
|t:|1779878859
|-terastallize|p1a: Kingambit|Psychic
|move|p2a: Zamazenta|Close Combat|p1a: Kingambit
|-resisted|p1a: Kingambit
|-damage|p1a: Kingambit|56/100
|-unboost|p2a: Zamazenta|def|1
|-unboost|p2a: Zamazenta|spd|1
|move|p1a: Kingambit|Zen Headbutt|p2a: Zamazenta
|-supereffective|p2a: Zamazenta
|-damage|p2a: Zamazenta|0 fnt
|faint|p2a: Zamazenta
|
|upkeep
|
|t:|1779878868
|switch|p2a: Dragonite|Dragonite, F|100/100
|turn|8
|
|t:|1779878872
|move|p2a: Dragonite|Outrage|p1a: Kingambit
|-damage|p1a: Kingambit|0 fnt
|faint|p1a: Kingambit
|-damage|p2a: Dragonite|91/100|[from] item: Life Orb
|
|upkeep
|
|t:|1779878879
|switch|p1a: Cramorant|Cramorant, F|100/100
|-damage|p1a: Cramorant|76/100|[from] Stealth Rock
|turn|9
|
|t:|1779878882
|move|p1a: Cramorant|Defog|p2a: Dragonite
|-unboost|p2a: Dragonite|evasion|1
|-sideend|p1: magikarp soup|Spikes|[from] move: Defog|[of] p1a: Cramorant
|-sideend|p1: magikarp soup|Stealth Rock|[from] move: Defog|[of] p1a: Cramorant
|move|p2a: Dragonite|Outrage|p1a: Cramorant|[from] lockedmove
|-damage|p1a: Cramorant|0 fnt
|faint|p1a: Cramorant
|-damage|p2a: Dragonite|81/100|[from] item: Life Orb
|-start|p2a: Dragonite|confusion|[fatigue]
|
|upkeep
|
|t:|1779878890
|switch|p1a: Ceruledge|Ceruledge, M|100/100
|turn|10
|
|t:|1779878907
|switch|p2a: Hatterene|Hatterene, F|100/100
|move|p1a: Ceruledge|Swords Dance|p1a: Ceruledge
|-boost|p1a: Ceruledge|atk|2
|
|upkeep
|turn|11
|
|t:|1779878911
|move|p1a: Ceruledge|Poltergeist|p2a: Hatterene
|-activate|p2a: Hatterene|move: Poltergeist|Custap Berry
|-supereffective|p2a: Hatterene
|-damage|p2a: Hatterene|0 fnt
|faint|p2a: Hatterene
|
|upkeep
|
|t:|1779878915
|switch|p2a: Iron Treads|Iron Treads|100/100
|-item|p2a: Iron Treads|Air Balloon
|turn|12
|
|t:|1779878917
|move|p2a: Iron Treads|Earthquake|p1a: Ceruledge
|-supereffective|p1a: Ceruledge
|-crit|p1a: Ceruledge
|-enditem|p1a: Ceruledge|Focus Sash
|-damage|p1a: Ceruledge|1/100
|-ability|p1a: Ceruledge|Weak Armor|boost
|-unboost|p1a: Ceruledge|def|1
|-boost|p1a: Ceruledge|spe|2
|move|p1a: Ceruledge|Bitter Blade|p2a: Iron Treads
|-supereffective|p2a: Iron Treads
|-damage|p2a: Iron Treads|0 fnt
|-heal|p1a: Ceruledge|56/100|[from] drain|[of] p2a: Iron Treads
|-enditem|p2a: Iron Treads|Air Balloon
|faint|p2a: Iron Treads
|-end|p2a: Iron Treads|Quark Drive|[silent]
|
|upkeep
|
|t:|1779878921
|switch|p2a: Ogerpon|Ogerpon, F|100/100
|turn|13
|
|t:|1779878924
|-terastallize|p2a: Ogerpon|Grass
|detailschange|p2a: Ogerpon|Ogerpon-Teal-Tera, F, tera:Grass
|-ability|p2a: Ogerpon|Embody Aspect (Teal)|boost
|-boost|p2a: Ogerpon|spe|1
|move|p1a: Ceruledge|Bitter Blade|p2a: Ogerpon
|-supereffective|p2a: Ogerpon
|-damage|p2a: Ogerpon|0 fnt
|-heal|p1a: Ceruledge|100/100|[from] drain|[of] p2a: Ogerpon
|faint|p2a: Ogerpon
|detailschange|p2: Ogerpon|Ogerpon, F|[silent]
|
|upkeep
|c|☆magikarp soup|gg
|
|t:|1779878929
|switch|p2a: Dragonite|Dragonite, F|81/100
|turn|14
|
|t:|1779878931
|move|p1a: Ceruledge|Poltergeist|p2a: Dragonite
|-activate|p2a: Dragonite|move: Poltergeist|Life Orb
|-damage|p2a: Dragonite|0 fnt
|faint|p2a: Dragonite
|
|win|magikarp soup
|raw|magikarp soup's rating: 1615 &rarr; <strong>1633</strong><br />(+18 for winning)
|raw|uncle brown's rating: 1583 &rarr; <strong>1565</strong><br />(-18 for losing)
|c|☆uncle brown|gg
|l|☆uncle brown
|player|p2|
|l|☆magikarp soup
|player|p1|
