|j|☆Foodiscoolski
|j|☆justinthefirst
|t:|1779804865
|gametype|singles
|player|p1|Foodiscoolski|265|1098
|player|p2|justinthefirst|preschooler|1067
|gen|9
|tier|[Gen 9] OU
|rated|
|rule|HP Percentage Mod: HP is shown in percentages
|rule|Endless Battle Clause: Forcing endless battles is banned
|rule|Species Clause: Limit one of each Pokémon
|rule|OHKO Clause: OHKO moves are banned
|rule|Evasion Items Clause: Evasion items are banned
|rule|Evasion Moves Clause: Evasion moves are banned
|rule|Evasion Abilities Clause: Evasion abilities are banned
|rule|Sleep Moves Clause: Sleep-inducing moves are banned
|clearpoke
|poke|p1|Weezing-Galar, M|
|poke|p1|Ninetales-Alola, F|
|poke|p1|Ogerpon-Wellspring, F|
|poke|p1|Raging Bolt|
|poke|p1|Great Tusk|
|poke|p1|Gliscor, F|
|poke|p2|Ditto|
|poke|p2|Gliscor, F|
|poke|p2|Corviknight, F|
|poke|p2|Toxapex, F|
|poke|p2|Raging Bolt|
|poke|p2|Kingambit, M|
|teampreview
|inactive|Battle timer is ON: inactive players will automatically lose when time's up. (requested by justinthefirst)
|
|t:|1779804878
|teamsize|p1|6
|teamsize|p2|6
|start
|switch|p1a: Chester Cheetah|Raging Bolt|100/100
|switch|p2a: You Weezo|Toxapex, F, shiny|100/100
|turn|1
|
|t:|1779804888
|move|p1a: Chester Cheetah|Draco Meteor|p2a: You Weezo
|-damage|p2a: You Weezo|10/100
|-unboost|p1a: Chester Cheetah|spa|2
|move|p2a: You Weezo|Toxic|p1a: Chester Cheetah
|-status|p1a: Chester Cheetah|tox
|
|-heal|p2a: You Weezo|17/100|[from] item: Black Sludge
|-damage|p1a: Chester Cheetah|94/100 tox|[from] psn
|upkeep
|turn|2
|
|t:|1779804902
|switch|p2a: Taste of Iron|Corviknight, F, shiny|100/100
|move|p1a: Chester Cheetah|Draco Meteor|p2a: Taste of Iron|[miss]
|-miss|p1a: Chester Cheetah|p2a: Taste of Iron
|
|-damage|p1a: Chester Cheetah|82/100 tox|[from] psn
|upkeep
|turn|3
|
|t:|1779804917
|-end|p1a: Chester Cheetah|Protosynthesis|[silent]
|switch|p1a: Gliscor|Gliscor, F|100/100
|move|p2a: Taste of Iron|Body Press|p1a: Gliscor
|-resisted|p1a: Gliscor
|-damage|p1a: Gliscor|92/100
|
|-status|p1a: Gliscor|tox|[from] item: Toxic Orb
|upkeep
|turn|4
|
|t:|1779804931
|move|p1a: Gliscor|Knock Off|p2a: Taste of Iron
|-damage|p2a: Taste of Iron|79/100
|-enditem|p2a: Taste of Iron|Leftovers|[from] move: Knock Off|[of] p1a: Gliscor
|move|p2a: Taste of Iron|Body Press|p1a: Gliscor
|-resisted|p1a: Gliscor
|-damage|p1a: Gliscor|81/100 tox
|
|-heal|p1a: Gliscor|94/100 tox|[from] ability: Poison Heal
|upkeep
|turn|5
|
|t:|1779804950
|switch|p1a: Shari|Ninetales-Alola, F|100/100
|-weather|Snowscape|[from] ability: Snow Warning|[of] p1a: Shari
|move|p2a: Taste of Iron|U-turn|p1a: Shari
|-resisted|p1a: Shari
|-damage|p1a: Shari|94/100
|
|t:|1779804967
|switch|p2a: Yuta|Ditto, shiny|100/100|[from] U-turn
|-transform|p2a: Yuta|p1a: Shari|[from] ability: Imposter
|
|-weather|Snowscape|[upkeep]
|upkeep
|turn|6
|
|t:|1779804982
|move|p2a: Yuta|Encore||[still]
|-fail|p2a: Yuta
|move|p1a: Shari|Hex|p2a: Yuta
|-damage|p2a: Yuta|80/100
|
|-weather|Snowscape|[upkeep]
|upkeep
|turn|7
|
|t:|1779804998
|switch|p1a: Late Capitalism|Weezing-Galar, M|100/100
|-ability|p1a: Late Capitalism|Neutralizing Gas
|move|p2a: Yuta|Aurora Veil|p2a: Yuta
|-sidestart|p2: justinthefirst|move: Aurora Veil
|
|-weather|Snowscape|[upkeep]
|upkeep
|turn|8
|
|t:|1779805007
|switch|p2a: The Immortal|Gliscor, F, shiny|100/100
|move|p1a: Late Capitalism|Defog|p2a: The Immortal
|-unboost|p2a: The Immortal|evasion|1
|-sideend|p2: justinthefirst|move: Aurora Veil
|
|-weather|Snowscape|[upkeep]
|-status|p2a: The Immortal|tox|[from] item: Toxic Orb
|upkeep
|turn|9
|
|t:|1779805019
|-end|p1a: Late Capitalism|ability: Neutralizing Gas
|switch|p1a: Gliscor|Gliscor, F|94/100 tox
|move|p2a: The Immortal|Earthquake|p1a: Gliscor
|-immune|p1a: Gliscor
|
|-weather|none
|-heal|p1a: Gliscor|100/100 tox|[from] ability: Poison Heal
|upkeep
|turn|10
|
|t:|1779805037
|switch|p2a: Yuta|Ditto, shiny|80/100
|-transform|p2a: Yuta|p1a: Gliscor|[from] ability: Imposter
|move|p1a: Gliscor|Knock Off|p2a: Yuta
|-damage|p2a: Yuta|52/100
|-enditem|p2a: Yuta|Heavy-Duty Boots|[from] move: Knock Off|[of] p1a: Gliscor
|
|upkeep
|turn|11
|
|t:|1779805052
|switch|p1a: Ranni|Ogerpon-Wellspring, F|100/100
|move|p2a: Yuta|Stealth Rock|p1a: Ranni
|-sidestart|p1: Foodiscoolski|move: Stealth Rock
|
|upkeep
|turn|12
|
|t:|1779805062
|switch|p2a: Taste of Iron|Corviknight, F, shiny|79/100
|move|p1a: Ranni|Swords Dance|p1a: Ranni
|-boost|p1a: Ranni|atk|2
|
|upkeep
|turn|13
|
|t:|1779805070
|move|p1a: Ranni|Ivy Cudgel|p2a: Taste of Iron|[anim] Ivy Cudgel Water
|-damage|p2a: Taste of Iron|0 fnt
|faint|p2a: Taste of Iron
|
|upkeep
|-message|justinthefirst forfeited.
|
|win|Foodiscoolski
|raw|Foodiscoolski's rating: 1098 &rarr; <strong>1121</strong><br />(+23 for winning)
|raw|justinthefirst's rating: 1067 &rarr; <strong>1049</strong><br />(-18 for losing)
|l|☆justinthefirst
|player|p2|
