|j|☆Rising Ursaring
|j|☆rubicouss
|t:|1779964390
|gametype|singles
|player|p1|Rising Ursaring|burglar|1371
|player|p2|rubicouss|gambler|1377
|gen|9
|tier|[Gen 9] OU
|rated|
|rule|HP Percentage Mod: HP is shown in percentages
|rule|Endless Battle Clause: Forcing endless battles is banned
|rule|Species Clause: Limit one of each Pokémon
|rule|OHKO Clause: OHKO moves are banned
|rule|Evasion Items Clause: Evasion items are banned
|rule|Evasion Moves Clause: Evasion moves are banned
|rule|Evasion Abilities Clause: Evasion abilities are banned
|rule|Sleep Moves Clause: Sleep-inducing moves are banned
|clearpoke
|poke|p1|Glimmora, F|
|poke|p1|Gholdengo|
|poke|p1|Gliscor, M|
|poke|p1|Kingambit, M|
|poke|p1|Pecharunt|
|poke|p1|Iron Valiant|
|poke|p2|Empoleon, F|
|poke|p2|Spidops, M|
|poke|p2|Sinistcha|
|poke|p2|Cinderace, F|
|poke|p2|Bisharp, M|
|poke|p2|Rotom-Wash|
|teampreview
|inactive|Battle timer is ON: inactive players will automatically lose when time's up. (requested by rubicouss)
|
|t:|1779964415
|teamsize|p1|6
|teamsize|p2|6
|start
|switch|p1a: Glimmora|Glimmora, F|100/100
|switch|p2a: Spidops|Spidops, M|100/100
|turn|1
|
|t:|1779964423
|move|p1a: Glimmora|Meteor Beam||[still]
|-prepare|p1a: Glimmora|Meteor Beam
|-boost|p1a: Glimmora|spa|1
|-enditem|p1a: Glimmora|Power Herb
|-anim|p1a: Glimmora|Meteor Beam|p2a: Spidops
|-supereffective|p2a: Spidops
|-damage|p2a: Spidops|0 fnt
|faint|p2a: Spidops
|
|upkeep
|
|t:|1779964431
|switch|p2a: Rotom|Rotom-Wash|100/100
|turn|2
|
|t:|1779964447
|move|p2a: Rotom|Hydro Pump|p1a: Glimmora
|-supereffective|p1a: Glimmora
|-damage|p1a: Glimmora|0 fnt
|faint|p1a: Glimmora
|
|upkeep
|
|t:|1779964452
|switch|p1a: Pecharunt|Pecharunt|100/100
|turn|3
|
|t:|1779964472
|switch|p2a: Bisharp|Bisharp, M|100/100
|move|p1a: Pecharunt|Malignant Chain|p2a: Bisharp
|-immune|p2a: Bisharp
|
|upkeep
|turn|4
|
|t:|1779964480
|switch|p1a: Gliscor|Gliscor, M|100/100
|move|p2a: Bisharp|Swords Dance|p2a: Bisharp
|-boost|p2a: Bisharp|atk|2
|
|-status|p1a: Gliscor|tox|[from] item: Toxic Orb
|upkeep
|turn|5
|
|t:|1779964491
|switch|p2a: Rotom|Rotom-Wash|100/100
|move|p1a: Gliscor|Earthquake|p2a: Rotom
|-immune|p2a: Rotom|[from] ability: Levitate
|
|upkeep
|turn|6
|
|t:|1779964511
|move|p1a: Gliscor|Protect|p1a: Gliscor
|-singleturn|p1a: Gliscor|Protect
|move|p2a: Rotom|Hydro Pump|p1a: Gliscor
|-activate|p1a: Gliscor|move: Protect
|
|upkeep
|turn|7
|
|t:|1779964517
|switch|p1a: Kingambit|Kingambit, M|100/100
|-activate|p1a: Kingambit|ability: Supreme Overlord
|-start|p1a: Kingambit|fallen1|[silent]
|move|p2a: Rotom|Hydro Pump|p1a: Kingambit
|-damage|p1a: Kingambit|42/100
|
|-heal|p1a: Kingambit|48/100|[from] item: Leftovers
|upkeep
|turn|8
|
|t:|1779964526
|-end|p1a: Kingambit|fallen1|[silent]
|switch|p1a: Pecharunt|Pecharunt|100/100
|move|p2a: Rotom|Hydro Pump|p1a: Pecharunt
|-damage|p1a: Pecharunt|55/100
|
|upkeep
|turn|9
|
|t:|1779964547
|switch|p2a: Empoleon|Empoleon, F|100/100
|move|p1a: Pecharunt|Recover|p1a: Pecharunt
|-heal|p1a: Pecharunt|100/100
|
|upkeep
|turn|10
|
|t:|1779964552
|switch|p1a: Gliscor|Gliscor, M|100/100 tox
|move|p2a: Empoleon|Agility|p2a: Empoleon
|-boost|p2a: Empoleon|spe|2
|
|upkeep
|turn|11
|
|t:|1779964558
|-terastallize|p1a: Gliscor|Dark
|move|p2a: Empoleon|Ice Beam|p1a: Gliscor
|-damage|p1a: Gliscor|73/100 tox
|move|p1a: Gliscor|Swords Dance|p1a: Gliscor
|-boost|p1a: Gliscor|atk|2
|
|-heal|p1a: Gliscor|86/100 tox|[from] ability: Poison Heal
|upkeep
|turn|12
|
|t:|1779964568
|switch|p2a: Rotom|Rotom-Wash|100/100
|move|p1a: Gliscor|Earthquake|p2a: Rotom
|-immune|p2a: Rotom|[from] ability: Levitate
|
|-heal|p1a: Gliscor|98/100 tox|[from] ability: Poison Heal
|upkeep
|turn|13
|
|t:|1779964584
|move|p2a: Rotom|Trick|p1a: Gliscor
|-activate|p2a: Rotom|move: Trick|[of] p1a: Gliscor
|-item|p1a: Gliscor|Choice Scarf|[from] move: Trick
|-item|p2a: Rotom|Toxic Orb|[from] move: Trick
|move|p1a: Gliscor|Swords Dance|p1a: Gliscor
|-boost|p1a: Gliscor|atk|2
|
|-heal|p1a: Gliscor|100/100 tox|[from] ability: Poison Heal
|-status|p2a: Rotom|tox|[from] item: Toxic Orb
|upkeep
|turn|14
|
|t:|1779964596
|switch|p1a: Pecharunt|Pecharunt|100/100
|move|p2a: Rotom|Volt Switch|p1a: Pecharunt
|-damage|p1a: Pecharunt|69/100
|
|t:|1779964608
|switch|p2a: Bisharp|Bisharp, M|100/100|[from] Volt Switch
|
|upkeep
|turn|15
|
|t:|1779964626
|switch|p1a: Gliscor|Gliscor, M, tera:Dark|100/100 tox
|move|p2a: Bisharp|Swords Dance|p2a: Bisharp
|-boost|p2a: Bisharp|atk|2
|
|upkeep
|turn|16
|
|t:|1779964633
|move|p1a: Gliscor|Earthquake|p2a: Bisharp
|-supereffective|p2a: Bisharp
|-damage|p2a: Bisharp|57/100
|move|p2a: Bisharp|Brick Break|p1a: Gliscor
|-supereffective|p1a: Gliscor
|-damage|p1a: Gliscor|18/100 tox
|
|-heal|p1a: Gliscor|31/100 tox|[from] ability: Poison Heal
|upkeep
|turn|17
|
|t:|1779964643
|switch|p1a: Iron Valiant|Iron Valiant|100/100
|-enditem|p1a: Iron Valiant|Booster Energy
|-activate|p1a: Iron Valiant|ability: Quark Drive|[fromitem]
|-start|p1a: Iron Valiant|quarkdrivespe
|move|p2a: Bisharp|Sucker Punch||[still]
|-fail|p2a: Bisharp
|
|upkeep
|turn|18
|inactive|Rising Ursaring has 120 seconds left.
|
|t:|1779964673
|-terastallize|p2a: Bisharp|Ghost
|move|p1a: Iron Valiant|Encore|p2a: Bisharp
|-start|p2a: Bisharp|Encore
|move|p2a: Bisharp|Sucker Punch||[still]
|-fail|p2a: Bisharp
|
|upkeep
|turn|19
|
|t:|1779964686
|switch|p2a: Rotom|Rotom-Wash|100/100 tox
|move|p1a: Iron Valiant|Calm Mind|p1a: Iron Valiant
|-boost|p1a: Iron Valiant|spa|1
|-boost|p1a: Iron Valiant|spd|1
|
|-damage|p2a: Rotom|94/100 tox|[from] psn
|upkeep
|turn|20
|
|t:|1779964696
|move|p1a: Iron Valiant|Moonblast|p2a: Rotom
|-damage|p2a: Rotom|0 fnt
|faint|p2a: Rotom
|
|upkeep
|
|t:|1779964702
|switch|p2a: Empoleon|Empoleon, F|100/100
|turn|21
|
|t:|1779964715
|switch|p2a: Sinistcha|Sinistcha|100/100
|move|p1a: Iron Valiant|Calm Mind|p1a: Iron Valiant
|-boost|p1a: Iron Valiant|spa|1
|-boost|p1a: Iron Valiant|spd|1
|
|upkeep
|turn|22
|
|t:|1779964721
|move|p1a: Iron Valiant|Moonblast|p2a: Sinistcha
|-damage|p2a: Sinistcha|0 fnt
|faint|p2a: Sinistcha
|
|upkeep
|-message|rubicouss forfeited.
|
|win|Rising Ursaring
|raw|Rising Ursaring's rating: 1371 &rarr; <strong>1391</strong><br />(+20 for winning)
|raw|rubicouss's rating: 1377 &rarr; <strong>1357</strong><br />(-20 for losing)
|l|☆rubicouss
|player|p2|
|l|☆Rising Ursaring
|player|p1|
