|j|☆npctypebeat
|j|☆TimePress
|t:|1779936459
|gametype|singles
|player|p1|npctypebeat|102|1095
|player|p2|TimePress|169|1130
|gen|9
|tier|[Gen 9] OU
|rated|
|rule|HP Percentage Mod: HP is shown in percentages
|rule|Endless Battle Clause: Forcing endless battles is banned
|rule|Species Clause: Limit one of each Pokémon
|rule|OHKO Clause: OHKO moves are banned
|rule|Evasion Items Clause: Evasion items are banned
|rule|Evasion Moves Clause: Evasion moves are banned
|rule|Evasion Abilities Clause: Evasion abilities are banned
|rule|Sleep Moves Clause: Sleep-inducing moves are banned
|clearpoke
|poke|p1|Corviknight, F|
|poke|p1|Ting-Lu|
|poke|p1|Kyurem|
|poke|p1|Dondozo, F|
|poke|p1|Slowking-Galar, F|
|poke|p1|Cinderace, M|
|poke|p2|Regigigas|
|poke|p2|Registeel|
|poke|p2|Regirock|
|poke|p2|Regice|
|poke|p2|Regidrago|
|poke|p2|Regieleki|
|teampreview
|c|☆npctypebeat|hf
|
|t:|1779936466
|teamsize|p1|6
|teamsize|p2|6
|start
|switch|p1a: Cinderace|Cinderace, M|100/100
|switch|p2a: Registeel|Registeel|100/100
|turn|1
|inactive|Battle timer is ON: inactive players will automatically lose when time's up. (requested by npctypebeat)
|
|t:|1779936479
|move|p1a: Cinderace|Pyro Ball|p2a: Registeel
|-supereffective|p2a: Registeel
|-damage|p2a: Registeel|41/100
|move|p2a: Registeel|Thunder Wave|p1a: Cinderace
|-status|p1a: Cinderace|par
|
|-heal|p2a: Registeel|47/100|[from] item: Leftovers
|upkeep
|turn|2
|
|t:|1779936487
|move|p1a: Cinderace|Pyro Ball|p2a: Registeel
|-supereffective|p2a: Registeel
|-damage|p2a: Registeel|0 fnt
|faint|p2a: Registeel
|
|upkeep
|
|t:|1779936498
|switch|p2a: Regigigas|Regigigas|100/100
|-start|p2a: Regigigas|ability: Slow Start
|turn|3
|
|t:|1779936503
|switch|p1a: Ting-Lu|Ting-Lu|100/100
|-ability|p1a: Ting-Lu|Vessel of Ruin
|move|p2a: Regigigas|Substitute|p2a: Regigigas
|-start|p2a: Regigigas|Substitute
|-damage|p2a: Regigigas|76/100
|
|-heal|p2a: Regigigas|82/100|[from] item: Leftovers
|upkeep
|turn|4
|
|t:|1779936508
|move|p2a: Regigigas|Body Slam|p1a: Ting-Lu
|-damage|p1a: Ting-Lu|88/100
|move|p1a: Ting-Lu|Earthquake|p2a: Regigigas
|-end|p2a: Regigigas|Substitute
|
|-heal|p2a: Regigigas|88/100|[from] item: Leftovers
|-heal|p1a: Ting-Lu|94/100|[from] item: Leftovers
|upkeep
|turn|5
|
|t:|1779936517
|move|p2a: Regigigas|Confuse Ray|p1a: Ting-Lu
|-start|p1a: Ting-Lu|confusion
|-activate|p1a: Ting-Lu|confusion
|move|p1a: Ting-Lu|Earthquake|p2a: Regigigas
|-damage|p2a: Regigigas|56/100
|
|-heal|p2a: Regigigas|62/100|[from] item: Leftovers
|-heal|p1a: Ting-Lu|100/100|[from] item: Leftovers
|upkeep
|turn|6
|
|t:|1779936524
|switch|p1a: Corviknight|Corviknight, F|100/100
|-ability|p1a: Corviknight|Pressure
|move|p2a: Regigigas|Substitute|p2a: Regigigas
|-start|p2a: Regigigas|Substitute
|-damage|p2a: Regigigas|37/100
|
|-heal|p2a: Regigigas|43/100|[from] item: Leftovers
|upkeep
|turn|7
|
|t:|1779936528
|move|p1a: Corviknight|Brave Bird|p2a: Regigigas
|-end|p2a: Regigigas|Substitute
|-damage|p1a: Corviknight|93/100|[from] Recoil|[of] p2a: Regigigas
|move|p2a: Regigigas|Knock Off|p1a: Corviknight
|-damage|p1a: Corviknight|83/100
|-damage|p2a: Regigigas|27/100|[from] item: Rocky Helmet|[of] p1a: Corviknight
|-enditem|p1a: Corviknight|Rocky Helmet|[from] move: Knock Off|[of] p2a: Regigigas
|
|-heal|p2a: Regigigas|33/100|[from] item: Leftovers
|-end|p2a: Regigigas|Slow Start
|upkeep
|turn|8
|inactive|TimePress has 120 seconds left.
|
|t:|1779936583
|move|p2a: Regigigas|Body Slam|p1a: Corviknight
|-resisted|p1a: Corviknight
|-damage|p1a: Corviknight|71/100
|move|p1a: Corviknight|Brave Bird|p2a: Regigigas
|-damage|p2a: Regigigas|0 fnt
|faint|p2a: Regigigas
|-end|p2a: Regigigas|Slow Start|[silent]
|-damage|p1a: Corviknight|62/100|[from] Recoil
|
|upkeep
|
|t:|1779936590
|switch|p2a: Regice|Regice|100/100
|turn|9
|
|t:|1779936596
|switch|p1a: Ting-Lu|Ting-Lu|100/100
|-ability|p1a: Ting-Lu|Vessel of Ruin
|move|p2a: Regice|Thunderbolt|p1a: Ting-Lu
|-immune|p1a: Ting-Lu
|
|upkeep
|turn|10
|
|t:|1779936605
|move|p2a: Regice|Ice Beam|p1a: Ting-Lu
|-supereffective|p1a: Ting-Lu
|-damage|p1a: Ting-Lu|62/100
|move|p1a: Ting-Lu|Earthquake|p2a: Regice
|-damage|p2a: Regice|63/100
|
|-heal|p2a: Regice|69/100|[from] item: Leftovers
|-heal|p1a: Ting-Lu|68/100|[from] item: Leftovers
|upkeep
|turn|11
|inactive|TimePress has 120 seconds left.
|
|t:|1779936623
|move|p2a: Regice|Ice Beam|p1a: Ting-Lu
|-supereffective|p1a: Ting-Lu
|-damage|p1a: Ting-Lu|33/100
|move|p1a: Ting-Lu|Payback|p2a: Regice
|-damage|p2a: Regice|37/100
|
|-heal|p2a: Regice|43/100|[from] item: Leftovers
|-heal|p1a: Ting-Lu|39/100|[from] item: Leftovers
|upkeep
|turn|12
|
|t:|1779936634
|move|p2a: Regice|Ice Beam|p1a: Ting-Lu
|-supereffective|p1a: Ting-Lu
|-damage|p1a: Ting-Lu|2/100
|move|p1a: Ting-Lu|Rest|p1a: Ting-Lu
|-status|p1a: Ting-Lu|slp|[from] move: Rest
|-heal|p1a: Ting-Lu|100/100 slp|[silent]
|
|-heal|p2a: Regice|49/100|[from] item: Leftovers
|upkeep
|turn|13
|
|t:|1779936653
|switch|p2a: Regirock|Regirock|100/100
|cant|p1a: Ting-Lu|slp
|move|p1a: Ting-Lu|Sleep Talk|p1a: Ting-Lu
|move|p1a: Ting-Lu|Rest||[from] move: Sleep Talk|[still]
|-fail|p1a: Ting-Lu
|
|upkeep
|turn|14
|
|t:|1779936660
|-terastallize|p2a: Regirock|Fighting
|move|p2a: Regirock|Body Press|p1a: Ting-Lu
|-supereffective|p1a: Ting-Lu
|-damage|p1a: Ting-Lu|0 fnt
|faint|p1a: Ting-Lu
|
|upkeep
|
|t:|1779936677
|switch|p1a: Slowking|Slowking-Galar, F|100/100
|turn|15
|
|t:|1779936687
|switch|p2a: Regice|Regice|49/100
|move|p1a: Slowking|Sludge Bomb|p2a: Regice
|-damage|p2a: Regice|32/100
|
|-heal|p2a: Regice|38/100|[from] item: Leftovers
|upkeep
|turn|16
|
|t:|1779936699
|move|p2a: Regice|Thunder Wave|p1a: Slowking
|-status|p1a: Slowking|par
|cant|p1a: Slowking|par
|
|-heal|p2a: Regice|44/100|[from] item: Leftovers
|upkeep
|turn|17
|
|t:|1779936709
|move|p2a: Regice|Ice Beam|p1a: Slowking
|-damage|p1a: Slowking|66/100 par
|move|p1a: Slowking|Sludge Bomb|p2a: Regice
|-damage|p2a: Regice|25/100
|
|-heal|p2a: Regice|31/100|[from] item: Leftovers
|upkeep
|turn|18
|
|t:|1779936722
|switch|p1a: Dondozo|Dondozo, F|100/100
|move|p2a: Regice|Ice Beam|p1a: Dondozo
|-resisted|p1a: Dondozo
|-damage|p1a: Dondozo|87/100
|
|-heal|p2a: Regice|37/100|[from] item: Leftovers
|-heal|p1a: Dondozo|93/100|[from] item: Leftovers
|upkeep
|turn|19
|
|t:|1779936731
|move|p2a: Regice|Thunderbolt|p1a: Dondozo
|-supereffective|p1a: Dondozo
|-damage|p1a: Dondozo|56/100
|move|p1a: Dondozo|Body Press|p2a: Regice
|-supereffective|p2a: Regice
|-damage|p2a: Regice|0 fnt
|faint|p2a: Regice
|
|-heal|p1a: Dondozo|63/100|[from] item: Leftovers
|upkeep
|
|t:|1779936749
|switch|p2a: Regirock|Regirock, tera:Fighting|100/100
|turn|20
|
|t:|1779936758
|switch|p1a: Slowking|Slowking-Galar, F|99/100 par
|move|p2a: Regirock|Body Press|p1a: Slowking
|-resisted|p1a: Slowking
|-damage|p1a: Slowking|82/100 par
|
|upkeep
|turn|21
|
|t:|1779936765
|switch|p2a: Regieleki|Regieleki|100/100
|move|p1a: Slowking|Future Sight|p2a: Regieleki
|-start|p1a: Slowking|move: Future Sight
|
|upkeep
|turn|22
|
|t:|1779936781
|switch|p1a: Kyurem|Kyurem|100/100
|-ability|p1a: Kyurem|Pressure
|move|p2a: Regieleki|Light Screen|p2a: Regieleki
|-sidestart|p2: TimePress|move: Light Screen
|
|upkeep
|turn|23
|
|t:|1779936791
|switch|p1a: Slowking|Slowking-Galar, F|100/100 par
|move|p2a: Regieleki|Reflect|p2a: Regieleki
|-sidestart|p2: TimePress|Reflect
|
|-end|p2a: Regieleki|move: Future Sight
|-damage|p2a: Regieleki|66/100
|upkeep
|turn|24
|
|t:|1779936795
|move|p2a: Regieleki|Explosion|p1a: Slowking
|-damage|p1a: Slowking|57/100 par
|faint|p2a: Regieleki
|move|p1a: Slowking|Sludge Bomb|p2: Regieleki|[notarget]
|-fail|p1a: Slowking
|
|upkeep
|
|t:|1779936801
|switch|p2a: Regidrago|Regidrago|100/100
|turn|25
|
|t:|1779936815
|move|p2a: Regidrago|Dragon Dance|p2a: Regidrago
|-boost|p2a: Regidrago|atk|1
|-boost|p2a: Regidrago|spe|1
|move|p1a: Slowking|Future Sight|p2a: Regidrago
|-start|p1a: Slowking|move: Future Sight
|
|upkeep
|turn|26
|
|t:|1779936827
|move|p2a: Regidrago|Earthquake|p1a: Slowking
|-supereffective|p1a: Slowking
|-crit|p1a: Slowking
|-enditem|p1a: Slowking|Shuca Berry|[eat]
|-enditem|p1a: Slowking|Shuca Berry|[weaken]
|-damage|p1a: Slowking|0 fnt
|faint|p1a: Slowking
|-damage|p2a: Regidrago|91/100|[from] item: Life Orb
|
|upkeep
|
|t:|1779936841
|switch|p1a: Corviknight|Corviknight, F|62/100
|-ability|p1a: Corviknight|Pressure
|turn|27
|
|t:|1779936856
|switch|p1a: Dondozo|Dondozo, F|63/100
|move|p2a: Regidrago|Fire Fang|p1a: Dondozo
|-resisted|p1a: Dondozo
|-damage|p1a: Dondozo|54/100
|-damage|p2a: Regidrago|81/100|[from] item: Life Orb
|
|-end|p2a: Regidrago|move: Future Sight
|-damage|p2a: Regidrago|55/100
|-heal|p1a: Dondozo|60/100|[from] item: Leftovers
|upkeep
|turn|28
|inactive|TimePress has 120 seconds left.
|
|t:|1779936888
|move|p2a: Regidrago|Outrage|p1a: Dondozo
|-damage|p1a: Dondozo|0 fnt
|faint|p1a: Dondozo
|-damage|p2a: Regidrago|45/100|[from] item: Life Orb
|
|upkeep
|
|t:|1779936894
|switch|p1a: Corviknight|Corviknight, F|62/100
|-ability|p1a: Corviknight|Pressure
|turn|29
|
|t:|1779936903
|move|p2a: Regidrago|Outrage|p1a: Corviknight|[from] lockedmove
|-resisted|p1a: Corviknight
|-damage|p1a: Corviknight|9/100
|-damage|p2a: Regidrago|35/100|[from] item: Life Orb
|move|p1a: Corviknight|Brave Bird|p2a: Regidrago
|-damage|p2a: Regidrago|15/100
|-damage|p1a: Corviknight|0 fnt|[from] Recoil
|faint|p1a: Corviknight
|
|-sideend|p2: TimePress|move: Light Screen
|upkeep
|
|t:|1779936914
|switch|p1a: Kyurem|Kyurem|100/100
|-ability|p1a: Kyurem|Pressure
|turn|30
|
|t:|1779936925
|move|p2a: Regidrago|Outrage|p1a: Kyurem|[from] lockedmove
|-supereffective|p1a: Kyurem
|-damage|p1a: Kyurem|0 fnt
|faint|p1a: Kyurem
|-damage|p2a: Regidrago|5/100|[from] item: Life Orb
|-start|p2a: Regidrago|confusion|[fatigue]
|
|-sideend|p2: TimePress|Reflect
|upkeep
|
|t:|1779936936
|switch|p1a: Cinderace|Cinderace, M|100/100 par
|turn|31
|
|t:|1779936947
|-activate|p2a: Regidrago|confusion
|move|p2a: Regidrago|Outrage|p1a: Cinderace
|-damage|p1a: Cinderace|0 fnt
|faint|p1a: Cinderace
|-damage|p2a: Regidrago|0 fnt|[from] item: Life Orb
|faint|p2a: Regidrago
|
|win|TimePress
|raw|npctypebeat's rating: 1076 &rarr; <strong>1058</strong><br />(-18 for losing)
|raw|TimePress's rating: 1130 &rarr; <strong>1151</strong><br />(+21 for winning)
|c|☆npctypebeat|gg
|l|☆TimePress
|player|p2|
