|j|☆t4tkingambit
|j|☆Pkhax2521
|t:|1779803288
|gametype|singles
|player|p1|t4tkingambit|266|1098
|player|p2|Pkhax2521|nate|1163
|gen|9
|tier|[Gen 9] OU
|rated|
|rule|HP Percentage Mod: HP is shown in percentages
|rule|Endless Battle Clause: Forcing endless battles is banned
|rule|Species Clause: Limit one of each Pokémon
|rule|OHKO Clause: OHKO moves are banned
|rule|Evasion Items Clause: Evasion items are banned
|rule|Evasion Moves Clause: Evasion moves are banned
|rule|Evasion Abilities Clause: Evasion abilities are banned
|rule|Sleep Moves Clause: Sleep-inducing moves are banned
|clearpoke
|poke|p1|Kingambit, F|
|poke|p1|Clefable, M|
|poke|p1|Deoxys-Speed|
|poke|p1|Torkoal, M|
|poke|p1|Inteleon, F|
|poke|p1|Raging Bolt|
|poke|p2|Great Tusk|
|poke|p2|Dragonite, M|
|poke|p2|Dragapult, F|
|poke|p2|Cinderace, M|
|poke|p2|Kingambit, F|
|poke|p2|Ogerpon-Wellspring, F|
|teampreview
|
|t:|1779803301
|teamsize|p1|6
|teamsize|p2|6
|start
|switch|p1a: yurikoal|Torkoal, M|100/100
|switch|p2a: Great Tusk|Great Tusk|100/100
|-weather|SunnyDay|[from] ability: Drought|[of] p1a: yurikoal
|-activate|p2a: Great Tusk|ability: Protosynthesis
|-start|p2a: Great Tusk|protosynthesisatk
|turn|1
|
|t:|1779803317
|move|p2a: Great Tusk|Headlong Rush|p1a: yurikoal
|-supereffective|p1a: yurikoal
|-damage|p1a: yurikoal|0 fnt
|-unboost|p2a: Great Tusk|def|1
|-unboost|p2a: Great Tusk|spd|1
|faint|p1a: yurikoal
|
|-weather|SunnyDay|[upkeep]
|upkeep
|
|t:|1779803325
|switch|p1a: intelesbian|Inteleon, F|100/100
|turn|2
|
|t:|1779803336
|move|p1a: intelesbian|Reflect|p1a: intelesbian
|-sidestart|p1: t4tkingambit|Reflect
|move|p2a: Great Tusk|Stealth Rock|p1a: intelesbian
|-sidestart|p1: t4tkingambit|move: Stealth Rock
|
|-weather|SunnyDay|[upkeep]
|upkeep
|turn|3
|
|t:|1779803347
|move|p1a: intelesbian|U-turn|p2a: Great Tusk
|-resisted|p2a: Great Tusk
|-damage|p2a: Great Tusk|93/100
|-damage|p1a: intelesbian|84/100|[from] item: Rocky Helmet|[of] p2a: Great Tusk
|
|t:|1779803352
|switch|p1a: cutie patootie|Clefable, M|100/100|[from] U-turn
|-damage|p1a: cutie patootie|88/100|[from] Stealth Rock
|move|p2a: Great Tusk|Close Combat|p1a: cutie patootie
|-resisted|p1a: cutie patootie
|-damage|p1a: cutie patootie|66/100
|-unboost|p2a: Great Tusk|def|1
|-unboost|p2a: Great Tusk|spd|1
|
|-weather|SunnyDay|[upkeep]
|-heal|p1a: cutie patootie|73/100|[from] item: Leftovers
|upkeep
|turn|4
|
|t:|1779803369
|move|p2a: Great Tusk|Headlong Rush|p1a: cutie patootie
|-damage|p1a: cutie patootie|30/100
|-unboost|p2a: Great Tusk|def|1
|-unboost|p2a: Great Tusk|spd|1
|move|p1a: cutie patootie|Cosmic Power|p1a: cutie patootie
|-boost|p1a: cutie patootie|def|1
|-boost|p1a: cutie patootie|spd|1
|
|-weather|SunnyDay|[upkeep]
|-heal|p1a: cutie patootie|36/100|[from] item: Leftovers
|upkeep
|turn|5
|
|t:|1779803381
|move|p2a: Great Tusk|Headlong Rush|p1a: cutie patootie
|-damage|p1a: cutie patootie|3/100
|-unboost|p2a: Great Tusk|def|1
|-unboost|p2a: Great Tusk|spd|1
|move|p1a: cutie patootie|Cosmic Power|p1a: cutie patootie
|-boost|p1a: cutie patootie|def|1
|-boost|p1a: cutie patootie|spd|1
|
|-weather|SunnyDay|[upkeep]
|-heal|p1a: cutie patootie|9/100|[from] item: Leftovers
|upkeep
|turn|6
|
|t:|1779803407
|move|p2a: Great Tusk|Headlong Rush|p1a: cutie patootie
|-damage|p1a: cutie patootie|0 fnt
|-unboost|p2a: Great Tusk|def|1
|-unboost|p2a: Great Tusk|spd|1
|faint|p1a: cutie patootie
|
|-weather|SunnyDay|[upkeep]
|upkeep
|
|t:|1779803419
|switch|p1a: queeroxys|Deoxys-Speed|100/100
|-damage|p1a: queeroxys|88/100|[from] Stealth Rock
|-ability|p1a: queeroxys|Pressure
|turn|7
|
|t:|1779803431
|move|p1a: queeroxys|Nasty Plot|p1a: queeroxys
|-boost|p1a: queeroxys|spa|2
|move|p2a: Great Tusk|Headlong Rush|p1a: queeroxys
|-damage|p1a: queeroxys|22/100
|-unboost|p2a: Great Tusk|def|1
|-unboost|p2a: Great Tusk|spd|1
|
|-weather|SunnyDay|[upkeep]
|upkeep
|turn|8
|
|t:|1779803444
|move|p1a: queeroxys|Ice Beam|p2a: Great Tusk
|-supereffective|p2a: Great Tusk
|-crit|p2a: Great Tusk
|-damage|p2a: Great Tusk|0 fnt
|faint|p2a: Great Tusk
|-end|p2a: Great Tusk|Protosynthesis|[silent]
|-damage|p1a: queeroxys|13/100|[from] item: Life Orb
|
|-weather|none
|upkeep
|
|t:|1779803462
|switch|p2a: Kingambit|Kingambit, F|100/100
|-activate|p2a: Kingambit|ability: Supreme Overlord
|-start|p2a: Kingambit|fallen1|[silent]
|turn|9
|
|t:|1779803473
|move|p1a: queeroxys|Nasty Plot|p1a: queeroxys
|-boost|p1a: queeroxys|spa|2
|move|p2a: Kingambit|Kowtow Cleave|p1a: queeroxys
|-supereffective|p1a: queeroxys
|-damage|p1a: queeroxys|0 fnt
|faint|p1a: queeroxys
|
|-sideend|p1: t4tkingambit|Reflect
|upkeep
|
|t:|1779803486
|switch|p1a: intelesbian|Inteleon, F|84/100
|-damage|p1a: intelesbian|72/100|[from] Stealth Rock
|turn|10
|
|t:|1779803491
|-end|p2a: Kingambit|fallen1|[silent]
|switch|p2a: Ogerpon|Ogerpon-Wellspring, F|100/100
|move|p1a: intelesbian|Reflect|p1a: intelesbian
|-sidestart|p1: t4tkingambit|Reflect
|
|upkeep
|turn|11
|
|t:|1779803497
|move|p1a: intelesbian|U-turn|p2a: Ogerpon
|-supereffective|p2a: Ogerpon
|-damage|p2a: Ogerpon|65/100
|
|t:|1779803501
|switch|p1a: Queengambit|Kingambit, F|100/100|[from] U-turn
|-damage|p1a: Queengambit|94/100|[from] Stealth Rock
|-activate|p1a: Queengambit|ability: Supreme Overlord
|-start|p1a: Queengambit|fallen3|[silent]
|move|p2a: Ogerpon|Encore||[still]
|-fail|p2a: Ogerpon
|
|upkeep
|turn|12
|
|t:|1779803511
|move|p2a: Ogerpon|Ivy Cudgel|p1a: Queengambit|[anim] Ivy Cudgel Water
|-damage|p1a: Queengambit|73/100
|move|p1a: Queengambit|Kowtow Cleave|p2a: Ogerpon
|-damage|p2a: Ogerpon|0 fnt
|faint|p2a: Ogerpon
|
|upkeep
|
|t:|1779803519
|switch|p2a: Dragonite|Dragonite, M|100/100
|turn|13
|
|t:|1779803528
|-terastallize|p1a: Queengambit|Flying
|move|p2a: Dragonite|Dragon Dance|p2a: Dragonite
|-boost|p2a: Dragonite|atk|1
|-boost|p2a: Dragonite|spe|1
|move|p1a: Queengambit|Kowtow Cleave|p2a: Dragonite
|-damage|p2a: Dragonite|58/100
|
|upkeep
|turn|14
|
|t:|1779803539
|move|p1a: Queengambit|Sucker Punch|p2a: Dragonite
|-damage|p2a: Dragonite|0 fnt
|faint|p2a: Dragonite
|
|upkeep
|
|t:|1779803549
|switch|p2a: Cinderace|Cinderace, M|100/100
|turn|15
|
|t:|1779803556
|move|p2a: Cinderace|Court Change|p2a: Cinderace
|-start|p2a: Cinderace|typechange|Normal|[from] ability: Libero
|-swapsideconditions
|-activate|p2a: Cinderace|move: Court Change
|move|p1a: Queengambit|Swords Dance|p1a: Queengambit
|-boost|p1a: Queengambit|atk|2
|
|upkeep
|turn|16
|
|t:|1779803569
|move|p1a: Queengambit|Sucker Punch|p2a: Cinderace
|-damage|p2a: Cinderace|11/100
|move|p2a: Cinderace|Pyro Ball|p1a: Queengambit
|-damage|p1a: Queengambit|44/100
|
|upkeep
|turn|17
|
|t:|1779803583
|move|p1a: Queengambit|Sucker Punch||[still]
|-fail|p1a: Queengambit
|move|p2a: Cinderace|Court Change|p2a: Cinderace
|-swapsideconditions
|-activate|p2a: Cinderace|move: Court Change
|
|-sideend|p1: t4tkingambit|Reflect
|upkeep
|turn|18
|
|t:|1779803591
|move|p1a: Queengambit|Sucker Punch|p2a: Cinderace
|-crit|p2a: Cinderace
|-damage|p2a: Cinderace|0 fnt
|faint|p2a: Cinderace
|
|upkeep
|
|t:|1779803598
|switch|p2a: Dragapult|Dragapult, F|100/100
|turn|19
|
|t:|1779803605
|move|p2a: Dragapult|Phantom Force||[still]
|-prepare|p2a: Dragapult|Phantom Force
|move|p1a: Queengambit|Swords Dance|p1a: Queengambit
|-boost|p1a: Queengambit|atk|2
|
|upkeep
|turn|20
|
|t:|1779803612
|move|p2a: Dragapult|Phantom Force|p1a: Queengambit|[from] lockedmove
|-damage|p1a: Queengambit|10/100
|move|p1a: Queengambit|Kowtow Cleave|p2a: Dragapult
|-supereffective|p2a: Dragapult
|-damage|p2a: Dragapult|0 fnt
|faint|p2a: Dragapult
|
|upkeep
|
|t:|1779803622
|switch|p2a: Kingambit|Kingambit, F|100/100
|-activate|p2a: Kingambit|ability: Supreme Overlord
|-start|p2a: Kingambit|fallen5|[silent]
|turn|21
|
|t:|1779803631
|move|p1a: Queengambit|Sucker Punch|p2a: Kingambit
|-resisted|p2a: Kingambit
|-damage|p2a: Kingambit|30/100
|move|p2a: Kingambit|Kowtow Cleave|p1a: Queengambit
|-damage|p1a: Queengambit|0 fnt
|faint|p1a: Queengambit
|-end|p1a: Queengambit|fallen3|[silent]
|
|-heal|p2a: Kingambit|36/100|[from] item: Leftovers
|upkeep
|
|t:|1779803641
|switch|p1a: intelesbian|Inteleon, F|72/100
|-damage|p1a: intelesbian|59/100|[from] Stealth Rock
|turn|22
|
|t:|1779803647
|move|p1a: intelesbian|Reflect|p1a: intelesbian
|-sidestart|p1: t4tkingambit|Reflect
|move|p2a: Kingambit|Kowtow Cleave|p1a: intelesbian
|-damage|p1a: intelesbian|11/100
|
|-heal|p2a: Kingambit|42/100|[from] item: Leftovers
|upkeep
|turn|23
|
|t:|1779803655
|move|p2a: Kingambit|Sucker Punch||[still]
|-fail|p2a: Kingambit
|move|p1a: intelesbian|Soak|p2a: Kingambit
|-start|p2a: Kingambit|typechange|Water
|
|-heal|p2a: Kingambit|49/100|[from] item: Leftovers
|upkeep
|turn|24
|
|t:|1779803665
|-terastallize|p2a: Kingambit|Dark
|move|p2a: Kingambit|Sucker Punch|p1a: intelesbian
|-damage|p1a: intelesbian|0 fnt
|faint|p1a: intelesbian
|
|-heal|p2a: Kingambit|55/100|[from] item: Leftovers
|upkeep
|
|t:|1779803673
|switch|p1a: raging lesbian|Raging Bolt|100/100
|-damage|p1a: raging lesbian|88/100|[from] Stealth Rock
|-item|p1a: raging lesbian|Air Balloon
|turn|25
|
|t:|1779803689
|move|p1a: raging lesbian|Thunderbolt|p2a: Kingambit
|-damage|p2a: Kingambit|0 fnt
|faint|p2a: Kingambit
|-end|p2a: Kingambit|fallen5|[silent]
|
|win|t4tkingambit
|raw|t4tkingambit's rating: 1098 &rarr; <strong>1128</strong><br />(+30 for winning)
|raw|Pkhax2521's rating: 1163 &rarr; <strong>1133</strong><br />(-30 for losing)
|l|☆Pkhax2521
|player|p2|
|l|☆t4tkingambit
|player|p1|
