|j|☆Psyduck is stupid
|j|‽valanik4
|t:|1779969874
|gametype|singles
|player|p1|Psyduck is stupid|169|1296
|player|p2|valanik4|1|1285
|gen|9
|tier|[Gen 9] OU
|rated|
|rule|HP Percentage Mod: HP is shown in percentages
|rule|Endless Battle Clause: Forcing endless battles is banned
|rule|Species Clause: Limit one of each Pokémon
|rule|OHKO Clause: OHKO moves are banned
|rule|Evasion Items Clause: Evasion items are banned
|rule|Evasion Moves Clause: Evasion moves are banned
|rule|Evasion Abilities Clause: Evasion abilities are banned
|rule|Sleep Moves Clause: Sleep-inducing moves are banned
|clearpoke
|poke|p1|Garganacl, M|
|poke|p1|Slowking-Galar, M|
|poke|p1|Porygon2|
|poke|p1|Porygon|
|poke|p1|Torkoal, M|
|poke|p1|Trevenant, F|
|poke|p2|Pecharunt|
|poke|p2|Kingambit, M|
|poke|p2|Primarina, F|
|poke|p2|Great Tusk|
|poke|p2|Ting-Lu|
|poke|p2|Dragapult, M|
|teampreview
|
|t:|1779969891
|teamsize|p1|6
|teamsize|p2|6
|start
|switch|p1a: Fake Psyduck|Porygon|100/100
|switch|p2a: Ting-Lu|Ting-Lu|100/100
|-ability|p2a: Ting-Lu|Vessel of Ruin
|-ability|p1a: Fake Psyduck|Download|boost
|-boost|p1a: Fake Psyduck|spa|1
|turn|1
|inactive|Battle timer is ON: inactive players will automatically lose when time's up. (requested by valanik4)
|
|t:|1779969899
|move|p2a: Ting-Lu|Ruination|p1a: Fake Psyduck
|-damage|p1a: Fake Psyduck|50/100
|move|p1a: Fake Psyduck|Trick Room|p1a: Fake Psyduck
|-fieldstart|move: Trick Room|[of] p1a: Fake Psyduck
|
|upkeep
|turn|2
|
|t:|1779969904
|move|p1a: Fake Psyduck|Ice Beam|p2a: Ting-Lu
|-supereffective|p2a: Ting-Lu
|-damage|p2a: Ting-Lu|70/100
|move|p2a: Ting-Lu|Spikes|p1a: Fake Psyduck
|-sidestart|p1: Psyduck is stupid|Spikes
|
|-heal|p2a: Ting-Lu|77/100|[from] item: Leftovers
|upkeep
|turn|3
|
|t:|1779969918
|move|p1a: Fake Psyduck|Tri Attack|p2a: Ting-Lu
|-damage|p2a: Ting-Lu|58/100
|move|p2a: Ting-Lu|Ruination|p1a: Fake Psyduck|[miss]
|-miss|p2a: Ting-Lu|p1a: Fake Psyduck
|
|-heal|p2a: Ting-Lu|64/100|[from] item: Leftovers
|upkeep
|turn|4
|
|t:|1779969932
|move|p1a: Fake Psyduck|Tri Attack|p2a: Ting-Lu
|-damage|p2a: Ting-Lu|43/100
|move|p2a: Ting-Lu|Earthquake|p1a: Fake Psyduck
|-damage|p1a: Fake Psyduck|8/100
|
|-heal|p2a: Ting-Lu|49/100|[from] item: Leftovers
|upkeep
|turn|5
|
|t:|1779969939
|move|p1a: Fake Psyduck|Tri Attack|p2a: Ting-Lu
|-damage|p2a: Ting-Lu|30/100
|move|p2a: Ting-Lu|Earthquake|p1a: Fake Psyduck
|-damage|p1a: Fake Psyduck|0 fnt
|faint|p1a: Fake Psyduck
|
|-heal|p2a: Ting-Lu|36/100|[from] item: Leftovers
|-fieldend|move: Trick Room
|upkeep
|
|t:|1779969942
|switch|p1a: Psyduck Gigamax|Porygon2|100/100
|-damage|p1a: Psyduck Gigamax|88/100|[from] Spikes
|-ability|p1a: Psyduck Gigamax|Download|boost
|-boost|p1a: Psyduck Gigamax|spa|1
|turn|6
|
|t:|1779969948
|move|p2a: Ting-Lu|Ruination|p1a: Psyduck Gigamax
|-damage|p1a: Psyduck Gigamax|44/100
|move|p1a: Psyduck Gigamax|Trick Room|p1a: Psyduck Gigamax
|-fieldstart|move: Trick Room|[of] p1a: Psyduck Gigamax
|
|-heal|p2a: Ting-Lu|42/100|[from] item: Leftovers
|upkeep
|turn|7
|
|t:|1779969960
|move|p1a: Psyduck Gigamax|Ice Beam|p2a: Ting-Lu
|-supereffective|p2a: Ting-Lu
|-damage|p2a: Ting-Lu|6/100
|move|p2a: Ting-Lu|Spikes|p1a: Psyduck Gigamax
|-sidestart|p1: Psyduck is stupid|Spikes
|
|-heal|p2a: Ting-Lu|12/100|[from] item: Leftovers
|upkeep
|turn|8
|
|t:|1779969969
|move|p1a: Psyduck Gigamax|Tri Attack|p2a: Ting-Lu
|-damage|p2a: Ting-Lu|0 fnt
|faint|p2a: Ting-Lu
|
|upkeep
|c|☆Psyduck is stupid|WE DID IT
|
|t:|1779969985
|switch|p2a: Primarina|Primarina, F|100/100
|turn|9
|
|t:|1779969990
|move|p1a: Psyduck Gigamax|Tri Attack|p2a: Primarina
|-damage|p2a: Primarina|48/100
|move|p2a: Primarina|Moonblast|p1a: Psyduck Gigamax
|-damage|p1a: Psyduck Gigamax|5/100
|
|-heal|p2a: Primarina|54/100|[from] item: Leftovers
|upkeep
|turn|10
|
|t:|1779970010
|move|p1a: Psyduck Gigamax|Tri Attack|p2a: Primarina
|-damage|p2a: Primarina|0 fnt
|faint|p2a: Primarina
|
|-fieldend|move: Trick Room
|upkeep
|
|t:|1779970017
|switch|p2a: Great Tusk|Great Tusk|100/100
|-enditem|p2a: Great Tusk|Booster Energy
|-activate|p2a: Great Tusk|ability: Protosynthesis|[fromitem]
|-start|p2a: Great Tusk|protosynthesisdef
|turn|11
|
|t:|1779970023
|-terastallize|p1a: Psyduck Gigamax|Ghost
|move|p2a: Great Tusk|Rapid Spin|p1a: Psyduck Gigamax
|-immune|p1a: Psyduck Gigamax
|move|p1a: Psyduck Gigamax|Trick Room|p1a: Psyduck Gigamax
|-fieldstart|move: Trick Room|[of] p1a: Psyduck Gigamax
|
|upkeep
|turn|12
|
|t:|1779970030
|move|p1a: Psyduck Gigamax|Ice Beam|p2a: Great Tusk
|-supereffective|p2a: Great Tusk
|-crit|p2a: Great Tusk
|-damage|p2a: Great Tusk|0 fnt
|faint|p2a: Great Tusk
|-end|p2a: Great Tusk|Protosynthesis|[silent]
|
|upkeep
|
|t:|1779970041
|switch|p2a: Kingambit|Kingambit, M|100/100
|-activate|p2a: Kingambit|ability: Supreme Overlord
|-start|p2a: Kingambit|fallen3|[silent]
|turn|13
|
|t:|1779970062
|move|p2a: Kingambit|Sucker Punch|p1a: Psyduck Gigamax
|-supereffective|p1a: Psyduck Gigamax
|-damage|p1a: Psyduck Gigamax|0 fnt
|faint|p1a: Psyduck Gigamax
|
|upkeep
|
|t:|1779970064
|switch|p1a: Useless turtle|Torkoal, M|100/100
|-damage|p1a: Useless turtle|84/100|[from] Spikes
|-weather|SunnyDay|[from] ability: Drought|[of] p1a: Useless turtle
|turn|14
|
|t:|1779970072
|-terastallize|p2a: Kingambit|Dark
|move|p1a: Useless turtle|Lava Plume|p2a: Kingambit
|-damage|p2a: Kingambit|41/100
|-damage|p1a: Useless turtle|74/100|[from] item: Life Orb
|move|p2a: Kingambit|Kowtow Cleave|p1a: Useless turtle
|-damage|p1a: Useless turtle|10/100
|
|-weather|SunnyDay|[upkeep]
|-heal|p2a: Kingambit|47/100|[from] item: Leftovers
|upkeep
|turn|15
|
|t:|1779970099
|move|p2a: Kingambit|Sucker Punch|p1a: Useless turtle
|-damage|p1a: Useless turtle|0 fnt
|faint|p1a: Useless turtle
|
|-weather|SunnyDay|[upkeep]
|-heal|p2a: Kingambit|53/100|[from] item: Leftovers
|-fieldend|move: Trick Room
|upkeep
|
|t:|1779970103
|switch|p1a: Rock|Garganacl, M|100/100
|-damage|p1a: Rock|84/100|[from] Spikes
|turn|16
|
|t:|1779970126
|move|p2a: Kingambit|Iron Head|p1a: Rock
|-supereffective|p1a: Rock
|-damage|p1a: Rock|7/100
|move|p1a: Rock|Explosion|p2a: Kingambit
|-damage|p2a: Kingambit|0 fnt
|faint|p1a: Rock
|faint|p2a: Kingambit
|-end|p2a: Kingambit|fallen3|[silent]
|
|-weather|SunnyDay|[upkeep]
|upkeep
|
|t:|1779970136
|switch|p2a: Dragapult|Dragapult, M|100/100
|switch|p1a: Clefable with hat|Slowking-Galar, M|100/100
|-damage|p1a: Clefable with hat|84/100|[from] Spikes
|turn|17
|
|t:|1779970144
|move|p2a: Dragapult|Shadow Ball|p1a: Clefable with hat
|-supereffective|p1a: Clefable with hat
|-damage|p1a: Clefable with hat|7/100
|move|p1a: Clefable with hat|Trick Room|p1a: Clefable with hat
|-fieldstart|move: Trick Room|[of] p1a: Clefable with hat
|
|-weather|SunnyDay|[upkeep]
|upkeep
|turn|18
|
|t:|1779970149
|move|p1a: Clefable with hat|Ice Beam|p2a: Dragapult
|-supereffective|p2a: Dragapult
|-damage|p2a: Dragapult|0 fnt
|faint|p2a: Dragapult
|-damage|p1a: Clefable with hat|0 fnt|[from] item: Life Orb
|faint|p1a: Clefable with hat
|
|-weather|none
|upkeep
|
|t:|1779970156
|switch|p1a: Tree with feet|Trevenant, F|100/100
|switch|p2a: Pecharunt|Pecharunt|100/100
|-damage|p1a: Tree with feet|84/100|[from] Spikes
|turn|19
|
|t:|1779970162
|move|p1a: Tree with feet|Earthquake|p2a: Pecharunt
|-supereffective|p2a: Pecharunt
|-damage|p2a: Pecharunt|59/100
|-damage|p1a: Tree with feet|74/100|[from] item: Life Orb
|move|p2a: Pecharunt|Malignant Chain|p1a: Tree with feet
|-damage|p1a: Tree with feet|38/100
|
|-heal|p2a: Pecharunt|65/100|[from] item: Leftovers
|upkeep
|turn|20
|
|t:|1779970171
|move|p1a: Tree with feet|Earthquake|p2a: Pecharunt
|-supereffective|p2a: Pecharunt
|-crit|p2a: Pecharunt
|-damage|p2a: Pecharunt|9/100
|-damage|p1a: Tree with feet|29/100|[from] item: Life Orb
|move|p2a: Pecharunt|Hex|p1a: Tree with feet
|-supereffective|p1a: Tree with feet
|-damage|p1a: Tree with feet|0 fnt
|faint|p1a: Tree with feet
|
|win|valanik4
|raw|Psyduck is stupid's rating: 1269 &rarr; <strong>1245</strong><br />(-24 for losing)
|raw|valanik4's rating: 1285 &rarr; <strong>1309</strong><br />(+24 for winning)
|l|☆Psyduck is stupid
|player|p1|
|l|‽valanik4
|player|p2|
