|j|☆noobhunterbd
|j|☆Metal_In_Microwave
|t:|1779913085
|gametype|singles
|player|p1|noobhunterbd|102|1347
|player|p2|Metal_In_Microwave|170|1385
|gen|9
|tier|[Gen 9] OU
|rated|
|rule|HP Percentage Mod: HP is shown in percentages
|rule|Endless Battle Clause: Forcing endless battles is banned
|rule|Species Clause: Limit one of each Pokémon
|rule|OHKO Clause: OHKO moves are banned
|rule|Evasion Items Clause: Evasion items are banned
|rule|Evasion Moves Clause: Evasion moves are banned
|rule|Evasion Abilities Clause: Evasion abilities are banned
|rule|Sleep Moves Clause: Sleep-inducing moves are banned
|clearpoke
|poke|p1|Kingambit, M|
|poke|p1|Kyurem|
|poke|p1|Iron Crown|
|poke|p1|Walking Wake|
|poke|p1|Glimmora, M|
|poke|p1|Heracross, M|
|poke|p2|Eelektross, F|
|poke|p2|Braviary-Hisui, M|
|poke|p2|Bellibolt, F|
|poke|p2|Ogerpon-Wellspring, F|
|poke|p2|Pelipper, F|
|poke|p2|Dragonite, F|
|teampreview
|inactive|Battle timer is ON: inactive players will automatically lose when time's up. (requested by noobhunterbd)
|
|t:|1779913118
|teamsize|p1|6
|teamsize|p2|6
|start
|switch|p1a: Glimmora|Glimmora, M|100/100
|switch|p2a: Pelipper|Pelipper, F|100/100
|-weather|RainDance|[from] ability: Drizzle|[of] p2a: Pelipper
|turn|1
|
|t:|1779913146
|move|p1a: Glimmora|Power Gem|p2a: Pelipper
|-supereffective|p2a: Pelipper
|-damage|p2a: Pelipper|0 fnt
|faint|p2a: Pelipper
|
|-weather|RainDance|[upkeep]
|upkeep
|
|t:|1779913151
|switch|p2a: Ogerpon|Ogerpon-Wellspring, F|100/100
|turn|2
|
|t:|1779913157
|move|p2a: Ogerpon|Ivy Cudgel|p1a: Glimmora|[anim] Ivy Cudgel Water
|-supereffective|p1a: Glimmora
|-enditem|p1a: Glimmora|Focus Sash
|-damage|p1a: Glimmora|1/100
|-activate|p1a: Glimmora|ability: Toxic Debris
|-sidestart|p2: Metal_In_Microwave|move: Toxic Spikes
|move|p1a: Glimmora|Stealth Rock|p2a: Ogerpon
|-sidestart|p2: Metal_In_Microwave|move: Stealth Rock
|
|-weather|RainDance|[upkeep]
|upkeep
|turn|3
|
|t:|1779913163
|move|p2a: Ogerpon|Trailblaze|p1a: Glimmora
|-damage|p1a: Glimmora|0 fnt
|-boost|p2a: Ogerpon|spe|1
|-activate|p1a: Glimmora|ability: Toxic Debris
|-sidestart|p2: Metal_In_Microwave|move: Toxic Spikes
|faint|p1a: Glimmora
|
|-weather|RainDance|[upkeep]
|upkeep
|
|t:|1779913174
|switch|p1a: Heracross|Heracross, M|100/100
|turn|4
|
|t:|1779913196
|-terastallize|p2a: Ogerpon|Water
|detailschange|p2a: Ogerpon|Ogerpon-Wellspring-Tera, F, tera:Water
|-ability|p2a: Ogerpon|Embody Aspect (Wellspring)|boost
|-boost|p2a: Ogerpon|spd|1
|move|p2a: Ogerpon|Ivy Cudgel|p1a: Heracross|[anim] Ivy Cudgel Water
|-crit|p1a: Heracross
|-damage|p1a: Heracross|0 fnt
|faint|p1a: Heracross
|
|-weather|RainDance|[upkeep]
|upkeep
|inactive|noobhunterbd has 120 seconds left.
|
|t:|1779913237
|switch|p1a: Kyurem|Kyurem|100/100
|-ability|p1a: Kyurem|Pressure
|turn|5
|
|t:|1779913244
|move|p2a: Ogerpon|Ivy Cudgel|p1a: Kyurem|[anim] Ivy Cudgel Water
|-resisted|p1a: Kyurem
|-damage|p1a: Kyurem|43/100
|move|p1a: Kyurem|Scale Shot|p2a: Ogerpon
|-damage|p2a: Ogerpon|82/100
|-damage|p2a: Ogerpon|66/100
|-damage|p2a: Ogerpon|50/100
|-damage|p2a: Ogerpon|33/100
|-hitcount|p2a: Ogerpon|4
|-unboost|p1a: Kyurem|def|1
|-boost|p1a: Kyurem|spe|1
|
|-weather|RainDance|[upkeep]
|upkeep
|turn|6
|inactive|noobhunterbd has 120 seconds left.
|
|t:|1779913254
|move|p2a: Ogerpon|Ivy Cudgel|p1a: Kyurem|[anim] Ivy Cudgel Water
|-resisted|p1a: Kyurem
|-damage|p1a: Kyurem|0 fnt
|faint|p1a: Kyurem
|
|-weather|RainDance|[upkeep]
|upkeep
|
|t:|1779913257
|switch|p1a: Walking Wake|Walking Wake|100/100
|-enditem|p1a: Walking Wake|Booster Energy
|-activate|p1a: Walking Wake|ability: Protosynthesis|[fromitem]
|-start|p1a: Walking Wake|protosynthesisspa
|turn|7
|
|t:|1779913264
|move|p2a: Ogerpon|Power Whip|p1a: Walking Wake
|-damage|p1a: Walking Wake|19/100
|move|p1a: Walking Wake|Agility|p1a: Walking Wake
|-boost|p1a: Walking Wake|spe|2
|
|-weather|RainDance|[upkeep]
|upkeep
|turn|8
|
|t:|1779913271
|move|p1a: Walking Wake|Dragon Pulse|p2a: Ogerpon
|-damage|p2a: Ogerpon|0 fnt
|faint|p2a: Ogerpon
|detailschange|p2: Ogerpon|Ogerpon-Wellspring, F|[silent]
|
|-weather|none
|upkeep
|
|t:|1779913286
|switch|p2a: Eelektross|Eelektross, F, shiny|100/100
|-damage|p2a: Eelektross|88/100|[from] Stealth Rock
|turn|9
|inactive|noobhunterbd has 120 seconds left.
|inactive|noobhunterbd has 90 seconds left.
|inactive|noobhunterbd has 60 seconds left.
|inactive|noobhunterbd has 30 seconds left.
|inactive|noobhunterbd has 20 seconds left.
|inactive|noobhunterbd has 15 seconds left.
|
|t:|1779913423
|move|p1a: Walking Wake|Dragon Pulse|p2a: Eelektross
|-damage|p2a: Eelektross|56/100
|move|p2a: Eelektross|Volt Switch|p1a: Walking Wake
|-damage|p1a: Walking Wake|0 fnt
|faint|p1a: Walking Wake
|-end|p1a: Walking Wake|Protosynthesis|[silent]
|
|t:|1779913445
|switch|p2a: Braviary|Braviary-Hisui, M, shiny|100/100|[from] Volt Switch
|-damage|p2a: Braviary|76/100|[from] Stealth Rock
|
|upkeep
|inactive|noobhunterbd has 25 seconds left this turn.
|inactive|noobhunterbd has 20 seconds left.
|inactive|noobhunterbd has 15 seconds left.
|
|t:|1779913458
|switch|p1a: Iron Crown|Iron Crown|100/100
|-enditem|p1a: Iron Crown|Booster Energy
|-activate|p1a: Iron Crown|ability: Quark Drive|[fromitem]
|-start|p1a: Iron Crown|quarkdrivespe
|turn|10
|inactive|noobhunterbd has 25 seconds left this turn.
|
|t:|1779913467
|move|p1a: Iron Crown|Calm Mind|p1a: Iron Crown
|-boost|p1a: Iron Crown|spa|1
|-boost|p1a: Iron Crown|spd|1
|move|p2a: Braviary|Hurricane|p1a: Iron Crown
|-resisted|p1a: Iron Crown
|-damage|p1a: Iron Crown|66/100
|-start|p1a: Iron Crown|confusion
|
|upkeep
|turn|11
|inactive|noobhunterbd has 30 seconds left.
|inactive|noobhunterbd has 20 seconds left.
|
|t:|1779913487
|switch|p2a: Bellibolt|Bellibolt, F|100/100
|-status|p2a: Bellibolt|tox
|-damage|p2a: Bellibolt|88/100 tox|[from] Stealth Rock
|-activate|p1a: Iron Crown|confusion
|-damage|p1a: Iron Crown|59/100|[from] confusion
|
|-damage|p2a: Bellibolt|82/100 tox|[from] psn
|upkeep
|turn|12
|inactive|noobhunterbd has 30 seconds left this turn.
|
|t:|1779913498
|-end|p1a: Iron Crown|confusion
|move|p1a: Iron Crown|Psychic Noise|p2a: Bellibolt
|-damage|p2a: Bellibolt|35/100 tox
|-start|p2a: Bellibolt|move: Heal Block
|-start|p2a: Bellibolt|Charge|Psychic Noise|[from] ability: Electromorphosis
|move|p2a: Bellibolt|Soak|p1a: Iron Crown
|-start|p1a: Iron Crown|typechange|Water
|
|-damage|p2a: Bellibolt|23/100 tox|[from] psn
|upkeep
|turn|13
|inactive|noobhunterbd has 30 seconds left.
|inactive|noobhunterbd has 20 seconds left.
|
|t:|1779913517
|move|p1a: Iron Crown|Psychic Noise|p2a: Bellibolt
|-damage|p2a: Bellibolt|0 fnt
|faint|p2a: Bellibolt
|
|upkeep
|
|t:|1779913528
|switch|p2a: Eelektross|Eelektross, F, shiny|56/100
|-damage|p2a: Eelektross|44/100|[from] Stealth Rock
|turn|14
|inactive|noobhunterbd has 30 seconds left.
|inactive|noobhunterbd has 20 seconds left.
|inactive|noobhunterbd has 15 seconds left.
|inactive|noobhunterbd has 10 seconds left.
|inactive|noobhunterbd has 5 seconds left.
|-message|noobhunterbd lost due to inactivity.
|
|win|Metal_In_Microwave
|raw|noobhunterbd's rating: 1347 &rarr; <strong>1329</strong><br />(-18 for losing)
|raw|Metal_In_Microwave's rating: 1385 &rarr; <strong>1403</strong><br />(+18 for winning)
|l|☆Metal_In_Microwave
|player|p2|
|l|☆noobhunterbd
|player|p1|
