|j|☆Madam Ferix
|j|☆pyxr
|t:|1779862047
|gametype|singles
|player|p1|Madam Ferix|nita|1517
|player|p2|pyxr|1|1516
|gen|9
|tier|[Gen 9] OU
|rated|
|rule|HP Percentage Mod: HP is shown in percentages
|rule|Endless Battle Clause: Forcing endless battles is banned
|rule|Species Clause: Limit one of each Pokémon
|rule|OHKO Clause: OHKO moves are banned
|rule|Evasion Items Clause: Evasion items are banned
|rule|Evasion Moves Clause: Evasion moves are banned
|rule|Evasion Abilities Clause: Evasion abilities are banned
|rule|Sleep Moves Clause: Sleep-inducing moves are banned
|clearpoke
|poke|p1|Gliscor, M|
|poke|p1|Samurott-Hisui, M|
|poke|p1|Zamazenta-*|
|poke|p1|Sinistcha|
|poke|p1|Glimmora, M|
|poke|p1|Darkrai|
|poke|p2|Pelipper, F|
|poke|p2|Iron Treads|
|poke|p2|Raging Bolt|
|poke|p2|Overqwil, M|
|poke|p2|Greninja-*, M|
|poke|p2|Kingambit, M|
|teampreview
|inactive|Battle timer is ON: inactive players will automatically lose when time's up. (requested by pyxr)
|
|t:|1779862055
|teamsize|p1|6
|teamsize|p2|6
|start
|switch|p1a: Samurott|Samurott-Hisui, M|100/100
|switch|p2a: Pelipper|Pelipper, F|100/100
|-weather|RainDance|[from] ability: Drizzle|[of] p2a: Pelipper
|turn|1
|
|t:|1779862059
|move|p1a: Samurott|Ceaseless Edge|p2a: Pelipper
|-damage|p2a: Pelipper|68/100
|-sidestart|p2: pyxr|Spikes
|move|p2a: Pelipper|U-turn|p1a: Samurott
|-supereffective|p1a: Samurott
|-damage|p1a: Samurott|75/100
|
|t:|1779862066
|switch|p2a: Raging Bolt|Raging Bolt|100/100|[from] U-turn
|-damage|p2a: Raging Bolt|88/100|[from] Spikes
|
|-weather|RainDance|[upkeep]
|upkeep
|turn|2
|
|t:|1779862076
|move|p1a: Samurott|Ceaseless Edge|p2a: Raging Bolt
|-damage|p2a: Raging Bolt|46/100
|-sidestart|p2: pyxr|Spikes
|move|p2a: Raging Bolt|Weather Ball|p1a: Samurott
|-resisted|p1a: Samurott
|-damage|p1a: Samurott|32/100
|
|-weather|RainDance|[upkeep]
|upkeep
|turn|3
|
|t:|1779862082
|move|p2a: Raging Bolt|Thunderclap|p1a: Samurott
|-supereffective|p1a: Samurott
|-damage|p1a: Samurott|0 fnt
|faint|p1a: Samurott
|
|-weather|RainDance|[upkeep]
|upkeep
|
|t:|1779862091
|switch|p1a: Glimmora|Glimmora, M|100/100
|turn|4
|
|t:|1779862098
|move|p1a: Glimmora|Earth Power|p2a: Raging Bolt
|-supereffective|p2a: Raging Bolt
|-damage|p2a: Raging Bolt|11/100
|move|p2a: Raging Bolt|Weather Ball|p1a: Glimmora
|-supereffective|p1a: Glimmora
|-damage|p1a: Glimmora|0 fnt
|faint|p1a: Glimmora
|
|-weather|RainDance|[upkeep]
|upkeep
|
|t:|1779862104
|switch|p1a: Darkrai|Darkrai|100/100
|turn|5
|
|t:|1779862108
|move|p2a: Raging Bolt|Thunderclap|p1a: Darkrai
|-damage|p1a: Darkrai|47/100
|move|p1a: Darkrai|Dark Pulse|p2a: Raging Bolt
|-damage|p2a: Raging Bolt|0 fnt
|faint|p2a: Raging Bolt
|-end|p2a: Raging Bolt|Protosynthesis|[silent]
|
|-weather|RainDance|[upkeep]
|-heal|p1a: Darkrai|53/100|[from] item: Leftovers
|upkeep
|
|t:|1779862117
|switch|p2a: Iron Treads|Iron Treads|100/100
|-damage|p2a: Iron Treads|84/100|[from] Spikes
|turn|6
|
|t:|1779862120
|switch|p1a: Sinistcha|Sinistcha|100/100
|move|p2a: Iron Treads|Rapid Spin|p1a: Sinistcha
|-immune|p1a: Sinistcha
|
|-weather|RainDance|[upkeep]
|upkeep
|turn|7
|
|t:|1779862127
|move|p2a: Iron Treads|Knock Off|p1a: Sinistcha
|-supereffective|p1a: Sinistcha
|-crit|p1a: Sinistcha
|-damage|p1a: Sinistcha|53/100
|-enditem|p1a: Sinistcha|Heavy-Duty Boots|[from] move: Knock Off|[of] p2a: Iron Treads
|move|p1a: Sinistcha|Matcha Gotcha|p2a: Iron Treads
|-damage|p2a: Iron Treads|48/100
|-heal|p1a: Sinistcha|73/100|[from] drain|[of] p2a: Iron Treads
|-enditem|p2a: Iron Treads|Red Card|[of] p1a: Sinistcha
|drag|p1a: Zamazenta|Zamazenta|100/100
|-ability|p1a: Zamazenta|Dauntless Shield|boost
|-boost|p1a: Zamazenta|def|1
|
|-weather|RainDance|[upkeep]
|upkeep
|turn|8
|
|t:|1779862135
|-end|p2a: Iron Treads|Quark Drive|[silent]
|switch|p2a: Pelipper|Pelipper, F|68/100
|move|p1a: Zamazenta|Body Press|p2a: Pelipper
|-resisted|p2a: Pelipper
|-damage|p2a: Pelipper|48/100
|
|-weather|none
|upkeep
|turn|9
|
|t:|1779862140
|move|p1a: Zamazenta|Iron Defense|p1a: Zamazenta
|-boost|p1a: Zamazenta|def|2
|move|p2a: Pelipper|U-turn|p1a: Zamazenta
|-resisted|p1a: Zamazenta
|-damage|p1a: Zamazenta|99/100
|
|t:|1779862145
|switch|p2a: Iron Treads|Iron Treads|48/100|[from] U-turn
|-damage|p2a: Iron Treads|31/100|[from] Spikes
|
|-heal|p1a: Zamazenta|100/100|[from] item: Leftovers
|upkeep
|turn|10
|
|t:|1779862151
|move|p1a: Zamazenta|Body Press|p2a: Iron Treads
|-supereffective|p2a: Iron Treads
|-crit|p2a: Iron Treads
|-damage|p2a: Iron Treads|0 fnt
|faint|p2a: Iron Treads
|-end|p2a: Iron Treads|Quark Drive|[silent]
|
|upkeep
|
|t:|1779862153
|switch|p2a: Pelipper|Pelipper, F|48/100
|-weather|RainDance|[from] ability: Drizzle|[of] p2a: Pelipper
|turn|11
|
|t:|1779862160
|move|p1a: Zamazenta|Body Press|p2a: Pelipper
|-resisted|p2a: Pelipper
|-damage|p2a: Pelipper|14/100
|move|p2a: Pelipper|Roost|p2a: Pelipper
|-heal|p2a: Pelipper|65/100
|-singleturn|p2a: Pelipper|move: Roost
|
|-weather|RainDance|[upkeep]
|upkeep
|turn|12
|
|t:|1779862168
|move|p1a: Zamazenta|Body Press|p2a: Pelipper
|-resisted|p2a: Pelipper
|-damage|p2a: Pelipper|35/100
|move|p2a: Pelipper|Hurricane|p1a: Zamazenta
|-supereffective|p1a: Zamazenta
|-damage|p1a: Zamazenta|47/100
|
|-weather|RainDance|[upkeep]
|-heal|p1a: Zamazenta|54/100|[from] item: Leftovers
|upkeep
|turn|13
|
|t:|1779862175
|move|p2a: Pelipper|Hurricane|p1a: Zamazenta
|-supereffective|p1a: Zamazenta
|-damage|p1a: Zamazenta|0 fnt
|faint|p1a: Zamazenta
|
|-weather|RainDance|[upkeep]
|upkeep
|
|t:|1779862178
|switch|p1a: Gliscor|Gliscor, M|100/100
|turn|14
|
|t:|1779862193
|move|p1a: Gliscor|Swords Dance|p1a: Gliscor
|-boost|p1a: Gliscor|atk|2
|move|p2a: Pelipper|Weather Ball|p1a: Gliscor
|-supereffective|p1a: Gliscor
|-damage|p1a: Gliscor|10/100
|
|-weather|RainDance|[upkeep]
|-status|p1a: Gliscor|tox|[from] item: Toxic Orb
|upkeep
|turn|15
|
|t:|1779862201
|move|p1a: Gliscor|Facade|p2a: Pelipper
|-crit|p2a: Pelipper
|-damage|p2a: Pelipper|0 fnt
|faint|p2a: Pelipper
|
|-weather|RainDance|[upkeep]
|-heal|p1a: Gliscor|23/100 tox|[from] ability: Poison Heal
|upkeep
|
|t:|1779862215
|switch|p2a: Greninja|Greninja, M|100/100
|-damage|p2a: Greninja|84/100|[from] Spikes
|turn|16
|
|t:|1779862218
|move|p1a: Gliscor|Protect|p1a: Gliscor
|-singleturn|p1a: Gliscor|Protect
|move|p2a: Greninja|Water Shuriken|p1a: Gliscor
|-activate|p1a: Gliscor|move: Protect
|
|-weather|RainDance|[upkeep]
|-heal|p1a: Gliscor|35/100 tox|[from] ability: Poison Heal
|upkeep
|turn|17
|
|t:|1779862226
|move|p1a: Gliscor|Protect|p1a: Gliscor
|-singleturn|p1a: Gliscor|Protect
|move|p2a: Greninja|Water Shuriken|p1a: Gliscor
|-activate|p1a: Gliscor|move: Protect
|
|-weather|RainDance|[upkeep]
|-heal|p1a: Gliscor|48/100 tox|[from] ability: Poison Heal
|upkeep
|turn|18
|
|t:|1779862252
|-terastallize|p1a: Gliscor|Normal
|move|p2a: Greninja|Water Shuriken|p1a: Gliscor
|-damage|p1a: Gliscor|35/100 tox
|-damage|p1a: Gliscor|23/100 tox
|-crit|p1a: Gliscor
|-damage|p1a: Gliscor|5/100 tox
|-hitcount|p1a: Gliscor|3
|-damage|p2a: Greninja|74/100|[from] item: Life Orb
|move|p1a: Gliscor|Facade|p2a: Greninja
|-damage|p2a: Greninja|0 fnt
|faint|p2a: Greninja
|
|-weather|none
|-heal|p1a: Gliscor|18/100 tox|[from] ability: Poison Heal
|upkeep
|j| nivalys99
|
|t:|1779862258
|switch|p2a: Overqwil|Overqwil, M|100/100
|-damage|p2a: Overqwil|84/100|[from] Spikes
|turn|19
|
|t:|1779862268
|move|p1a: Gliscor|Protect|p1a: Gliscor
|-singleturn|p1a: Gliscor|Protect
|move|p2a: Overqwil|Liquidation|p1a: Gliscor
|-activate|p1a: Gliscor|move: Protect
|
|-heal|p1a: Gliscor|30/100 tox|[from] ability: Poison Heal
|upkeep
|turn|20
|
|t:|1779862271
|move|p2a: Overqwil|Gunk Shot|p1a: Gliscor
|-damage|p1a: Gliscor|0 fnt
|faint|p1a: Gliscor
|-damage|p2a: Overqwil|74/100|[from] item: Life Orb
|
|upkeep
|
|t:|1779862274
|switch|p1a: Darkrai|Darkrai|53/100
|turn|21
|
|t:|1779862286
|switch|p1a: Sinistcha|Sinistcha|73/100
|move|p2a: Overqwil|Gunk Shot|p1a: Sinistcha
|-damage|p1a: Sinistcha|24/100
|-damage|p2a: Overqwil|64/100|[from] item: Life Orb
|
|upkeep
|turn|22
|
|t:|1779862293
|move|p2a: Overqwil|Gunk Shot|p1a: Sinistcha
|-damage|p1a: Sinistcha|0 fnt
|faint|p1a: Sinistcha
|-damage|p2a: Overqwil|54/100|[from] item: Life Orb
|
|upkeep
|-message|Madam Ferix forfeited.
|
|win|pyxr
|raw|Madam Ferix's rating: 1517 &rarr; <strong>1497</strong><br />(-20 for losing)
|raw|pyxr's rating: 1516 &rarr; <strong>1536</strong><br />(+20 for winning)
|l|☆Madam Ferix
|player|p1|
|l|☆pyxr
|player|p2|
