|j|☆ArchStanton47
|j|☆Moltov91
|t:|1779856439
|gametype|singles
|player|p1|ArchStanton47|ethan-pokeathlon|1387
|player|p2|Moltov91|101|1332
|gen|9
|tier|[Gen 9] OU
|rated|
|rule|HP Percentage Mod: HP is shown in percentages
|rule|Endless Battle Clause: Forcing endless battles is banned
|rule|Species Clause: Limit one of each Pokémon
|rule|OHKO Clause: OHKO moves are banned
|rule|Evasion Items Clause: Evasion items are banned
|rule|Evasion Moves Clause: Evasion moves are banned
|rule|Evasion Abilities Clause: Evasion abilities are banned
|rule|Sleep Moves Clause: Sleep-inducing moves are banned
|clearpoke
|poke|p1|Weezing-Galar, M|
|poke|p1|Hitmonlee, M|
|poke|p1|Hydrapple, M|
|poke|p1|Landorus-Therian, M|
|poke|p1|Primarina, F|
|poke|p1|Kyurem|
|poke|p2|Dragapult, F|
|poke|p2|Zamazenta-*|
|poke|p2|Darkrai|
|poke|p2|Kyurem|
|poke|p2|Scizor, M|
|poke|p2|Azumarill, F|
|teampreview
|inactive|Battle timer is ON: inactive players will automatically lose when time's up. (requested by Moltov91)
|
|t:|1779856458
|teamsize|p1|6
|teamsize|p2|6
|start
|switch|p1a: Primarina|Primarina, F|100/100
|switch|p2a: Kyurem|Kyurem|100/100
|-ability|p2a: Kyurem|Pressure
|turn|1
|
|t:|1779856464
|move|p2a: Kyurem|Freeze-Dry|p1a: Primarina
|-supereffective|p1a: Primarina
|-damage|p1a: Primarina|48/100
|move|p1a: Primarina|Draining Kiss|p2a: Kyurem
|-supereffective|p2a: Kyurem
|-crit|p2a: Kyurem
|-damage|p2a: Kyurem|44/100
|-heal|p1a: Primarina|94/100|[from] drain|[of] p2a: Kyurem
|
|upkeep
|turn|2
|j| testingrainteam1
|
|t:|1779856485
|switch|p2a: Scizor|Scizor, M|100/100
|move|p1a: Primarina|Flip Turn|p2a: Scizor
|-damage|p2a: Scizor|88/100
|
|t:|1779856494
|switch|p1a: Landorus|Landorus-Therian, M|100/100|[from] Flip Turn
|-ability|p1a: Landorus|Intimidate|boost
|-unboost|p2a: Scizor|atk|1
|
|upkeep
|turn|3
|
|t:|1779856499
|move|p1a: Landorus|Earthquake|p2a: Scizor
|-damage|p2a: Scizor|39/100
|move|p2a: Scizor|Knock Off|p1a: Landorus
|-damage|p1a: Landorus|58/100
|-enditem|p1a: Landorus|Choice Scarf|[from] move: Knock Off|[of] p2a: Scizor
|
|upkeep
|turn|4
|
|t:|1779856508
|switch|p2a: Azumarill|Azumarill, F|100/100
|move|p1a: Landorus|Earthquake|p2a: Azumarill
|-damage|p2a: Azumarill|38/100
|
|upkeep
|turn|5
|
|t:|1779856527
|switch|p1a: Primarina|Primarina, F|94/100
|move|p2a: Azumarill|Aqua Jet|p1a: Primarina
|-resisted|p1a: Primarina
|-damage|p1a: Primarina|72/100
|-damage|p2a: Azumarill|28/100|[from] item: Life Orb
|
|upkeep
|turn|6
|
|t:|1779856533
|move|p1a: Primarina|Reflect|p1a: Primarina
|-sidestart|p1: ArchStanton47|Reflect
|move|p2a: Azumarill|Play Rough|p1a: Primarina
|-damage|p1a: Primarina|27/100
|-damage|p2a: Azumarill|18/100|[from] item: Life Orb
|
|upkeep
|turn|7
|
|t:|1779856541
|move|p1a: Primarina|Draining Kiss|p2a: Azumarill
|-damage|p2a: Azumarill|0 fnt
|-heal|p1a: Primarina|42/100|[from] drain|[of] p2a: Azumarill
|faint|p2a: Azumarill
|
|upkeep
|l| testingrainteam1
|
|t:|1779856546
|switch|p2a: Kyurem|Kyurem|44/100
|-ability|p2a: Kyurem|Pressure
|turn|8
|
|t:|1779856571
|move|p2a: Kyurem|Freeze-Dry|p1a: Primarina
|-supereffective|p1a: Primarina
|-damage|p1a: Primarina|0 fnt
|faint|p1a: Primarina
|
|upkeep
|
|t:|1779856584
|switch|p1a: Weezing|Weezing-Galar, M|100/100
|-fieldstart|move: Misty Terrain|[from] ability: Misty Surge|[of] p1a: Weezing
|turn|9
|
|t:|1779856591
|switch|p2a: Scizor|Scizor, M|39/100
|move|p1a: Weezing|Clear Smog|p2a: Scizor
|-immune|p2a: Scizor
|
|upkeep
|turn|10
|
|t:|1779856596
|switch|p1a: Landorus|Landorus-Therian, M|58/100
|-ability|p1a: Landorus|Intimidate|boost
|-unboost|p2a: Scizor|atk|1
|move|p2a: Scizor|Knock Off|p1a: Landorus
|-damage|p1a: Landorus|45/100
|
|upkeep
|turn|11
|inactive|ArchStanton47 has 120 seconds left.
|
|t:|1779856630
|switch|p2a: Zamazenta|Zamazenta|100/100
|-ability|p2a: Zamazenta|Dauntless Shield|boost
|-boost|p2a: Zamazenta|def|1
|move|p1a: Landorus|Earthquake|p2a: Zamazenta
|-damage|p2a: Zamazenta|65/100
|
|upkeep
|turn|12
|
|t:|1779856644
|move|p2a: Zamazenta|Stone Edge|p1a: Landorus
|-damage|p1a: Landorus|17/100
|-damage|p2a: Zamazenta|55/100|[from] item: Life Orb
|move|p1a: Landorus|Earthquake|p2a: Zamazenta
|-damage|p2a: Zamazenta|17/100
|
|upkeep
|turn|13
|
|t:|1779856654
|move|p2a: Zamazenta|Iron Head|p1a: Landorus
|-damage|p1a: Landorus|0 fnt
|faint|p1a: Landorus
|-damage|p2a: Zamazenta|8/100|[from] item: Life Orb
|
|-sideend|p1: ArchStanton47|Reflect
|upkeep
|
|t:|1779856669
|switch|p1a: Hitmonlee|Hitmonlee, M|100/100
|-enditem|p1a: Hitmonlee|Misty Seed
|-boost|p1a: Hitmonlee|spd|1|[from] item: Misty Seed
|turn|14
|
|t:|1779856674
|move|p1a: Hitmonlee|Knock Off|p2a: Zamazenta
|-resisted|p2a: Zamazenta
|-damage|p2a: Zamazenta|0 fnt
|-enditem|p2a: Zamazenta|Life Orb|[from] move: Knock Off|[of] p1a: Hitmonlee
|faint|p2a: Zamazenta
|
|upkeep
|
|t:|1779856684
|switch|p2a: Scizor|Scizor, M|39/100
|turn|15
|
|t:|1779856688
|move|p1a: Hitmonlee|High Jump Kick|p2a: Scizor
|-damage|p2a: Scizor|0 fnt
|faint|p2a: Scizor
|
|upkeep
|
|t:|1779856693
|switch|p2a: Dragapult|Dragapult, F|100/100
|turn|16
|
|t:|1779856710
|move|p1a: Hitmonlee|Knock Off|p2a: Dragapult
|-supereffective|p2a: Dragapult
|-damage|p2a: Dragapult|0 fnt
|-enditem|p2a: Dragapult|Life Orb|[from] move: Knock Off|[of] p1a: Hitmonlee
|faint|p2a: Dragapult
|
|-fieldend|Misty Terrain
|upkeep
|
|t:|1779856715
|switch|p2a: Darkrai|Darkrai|100/100
|turn|17
|
|t:|1779856730
|move|p1a: Hitmonlee|High Jump Kick|p2a: Darkrai
|-supereffective|p2a: Darkrai
|-damage|p2a: Darkrai|0 fnt
|faint|p2a: Darkrai
|
|upkeep
|
|t:|1779856733
|switch|p2a: Kyurem|Kyurem|44/100
|-ability|p2a: Kyurem|Pressure
|turn|18
|
|t:|1779856742
|move|p1a: Hitmonlee|High Jump Kick|p2a: Kyurem
|-supereffective|p2a: Kyurem
|-damage|p2a: Kyurem|0 fnt
|faint|p2a: Kyurem
|
|win|ArchStanton47
|raw|ArchStanton47's rating: 1387 &rarr; <strong>1404</strong><br />(+17 for winning)
|raw|Moltov91's rating: 1332 &rarr; <strong>1315</strong><br />(-17 for losing)
|l|☆Moltov91
|player|p2|
|l|☆ArchStanton47
|player|p1|
