|j|☆Buzudango
|j|☆psygoat12
|t:|1779940832
|gametype|singles
|player|p1|Buzudango|n|1434
|player|p2|psygoat12|chuck|1460
|gen|9
|tier|[Gen 9] OU
|rated|
|rule|HP Percentage Mod: HP is shown in percentages
|rule|Endless Battle Clause: Forcing endless battles is banned
|rule|Species Clause: Limit one of each Pokémon
|rule|OHKO Clause: OHKO moves are banned
|rule|Evasion Items Clause: Evasion items are banned
|rule|Evasion Moves Clause: Evasion moves are banned
|rule|Evasion Abilities Clause: Evasion abilities are banned
|rule|Sleep Moves Clause: Sleep-inducing moves are banned
|clearpoke
|poke|p1|Glimmora, F|
|poke|p1|Great Tusk|
|poke|p1|Gholdengo|
|poke|p1|Zamazenta-*|
|poke|p1|Kyurem|
|poke|p1|Kingambit, M|
|poke|p2|Pelipper, M|
|poke|p2|Iron Treads|
|poke|p2|Zapdos|
|poke|p2|Kingdra, F|
|poke|p2|Kingambit, F|
|poke|p2|Hariyama, M|
|teampreview
|inactive|Battle timer is ON: inactive players will automatically lose when time's up. (requested by Buzudango)
|
|t:|1779940867
|teamsize|p1|6
|teamsize|p2|6
|start
|switch|p1a: Crystal|Glimmora, F|100/100
|switch|p2a: Hariyama|Hariyama, M|100/100
|turn|1
|
|t:|1779940882
|move|p1a: Crystal|Stealth Rock|p2a: Hariyama
|-sidestart|p2: psygoat12|move: Stealth Rock
|move|p2a: Hariyama|Knock Off|p1a: Crystal
|-damage|p1a: Crystal|71/100
|-activate|p1a: Crystal|ability: Toxic Debris
|-sidestart|p2: psygoat12|move: Toxic Spikes
|-enditem|p1a: Crystal|Focus Sash|[from] move: Knock Off|[of] p2a: Hariyama
|
|upkeep
|turn|2
|
|t:|1779940892
|move|p1a: Crystal|Mortal Spin|p2a: Hariyama
|-damage|p2a: Hariyama|94/100
|-status|p2a: Hariyama|psn
|move|p2a: Hariyama|Drain Punch|p1a: Crystal
|-crit|p1a: Crystal
|-damage|p1a: Crystal|15/100
|-heal|p2a: Hariyama|100/100 psn|[from] drain|[of] p1a: Crystal
|-activate|p1a: Crystal|ability: Toxic Debris
|-sidestart|p2: psygoat12|move: Toxic Spikes
|
|-damage|p2a: Hariyama|88/100 psn|[from] psn
|upkeep
|turn|3
|
|t:|1779940904
|move|p2a: Hariyama|Bullet Punch|p1a: Crystal
|-supereffective|p1a: Crystal
|-damage|p1a: Crystal|0 fnt
|faint|p1a: Crystal
|
|-damage|p2a: Hariyama|76/100 psn|[from] psn
|upkeep
|
|t:|1779940914
|switch|p1a: Fenrir|Zamazenta|100/100
|-ability|p1a: Fenrir|Dauntless Shield|boost
|-boost|p1a: Fenrir|def|1
|turn|4
|
|t:|1779940924
|switch|p2a: Pelipper|Pelipper, M|100/100
|-damage|p2a: Pelipper|76/100|[from] Stealth Rock
|-weather|RainDance|[from] ability: Drizzle|[of] p2a: Pelipper
|move|p1a: Fenrir|Iron Defense|p1a: Fenrir
|-boost|p1a: Fenrir|def|2
|
|-weather|RainDance|[upkeep]
|upkeep
|turn|5
|
|t:|1779940939
|move|p1a: Fenrir|Substitute|p1a: Fenrir
|-start|p1a: Fenrir|Substitute
|-damage|p1a: Fenrir|75/100
|move|p2a: Pelipper|Hurricane|p1a: Fenrir
|-supereffective|p1a: Fenrir
|-end|p1a: Fenrir|Substitute
|
|-weather|RainDance|[upkeep]
|-heal|p1a: Fenrir|82/100|[from] item: Leftovers
|upkeep
|turn|6
|
|t:|1779940962
|switch|p1a: Zero|Kyurem, shiny|100/100
|-ability|p1a: Zero|Pressure
|move|p2a: Pelipper|Hurricane|p1a: Zero
|-damage|p1a: Zero|66/100
|-start|p1a: Zero|confusion
|
|-weather|RainDance|[upkeep]
|upkeep
|turn|7
|
|t:|1779940982
|switch|p2a: Hariyama|Hariyama, M|76/100 psn
|-damage|p2a: Hariyama|70/100 psn|[from] Stealth Rock
|-activate|p1a: Zero|confusion
|move|p1a: Zero|Dragon Dance|p1a: Zero
|-boost|p1a: Zero|atk|1
|-boost|p1a: Zero|spe|1
|
|-weather|RainDance|[upkeep]
|-damage|p2a: Hariyama|57/100 psn|[from] psn
|upkeep
|turn|8
|
|t:|1779941000
|-activate|p1a: Zero|confusion
|-damage|p1a: Zero|45/100|[from] confusion
|move|p2a: Hariyama|Drain Punch|p1a: Zero
|-supereffective|p1a: Zero
|-damage|p1a: Zero|0 fnt
|-heal|p2a: Hariyama|75/100 psn|[from] drain|[of] p1a: Zero
|faint|p1a: Zero
|
|-weather|RainDance|[upkeep]
|-damage|p2a: Hariyama|62/100 psn|[from] psn
|upkeep
|
|t:|1779941010
|switch|p1a: Thor|Great Tusk|100/100
|turn|9
|
|t:|1779941017
|move|p1a: Thor|Close Combat|p2a: Hariyama
|-damage|p2a: Hariyama|12/100 psn
|-unboost|p1a: Thor|def|1
|-unboost|p1a: Thor|spd|1
|move|p2a: Hariyama|Knock Off|p1a: Thor
|-resisted|p1a: Thor
|-damage|p1a: Thor|92/100
|-enditem|p1a: Thor|Leftovers|[from] move: Knock Off|[of] p2a: Hariyama
|
|-weather|RainDance|[upkeep]
|-damage|p2a: Hariyama|0 fnt|[from] psn
|faint|p2a: Hariyama
|upkeep
|
|t:|1779941041
|switch|p2a: Iron Treads|Iron Treads|100/100
|-damage|p2a: Iron Treads|98/100|[from] Stealth Rock
|-enditem|p2a: Iron Treads|Booster Energy
|-activate|p2a: Iron Treads|ability: Quark Drive|[fromitem]
|-start|p2a: Iron Treads|quarkdrivespe
|turn|10
|inactive|psygoat12 has 120 seconds left.
|
|t:|1779941062
|-terastallize|p2a: Iron Treads|Ghost
|move|p2a: Iron Treads|Earthquake|p1a: Thor
|-damage|p1a: Thor|64/100
|move|p1a: Thor|Earthquake|p2a: Iron Treads
|-damage|p2a: Iron Treads|67/100
|
|-weather|RainDance|[upkeep]
|upkeep
|turn|11
|
|t:|1779941074
|move|p2a: Iron Treads|Rapid Spin|p1a: Thor
|-damage|p1a: Thor|55/100
|-boost|p2a: Iron Treads|spe|1
|-sideend|p2: psygoat12|Toxic Spikes|[from] move: Rapid Spin|[of] p2a: Iron Treads
|-sideend|p2: psygoat12|Stealth Rock|[from] move: Rapid Spin|[of] p2a: Iron Treads
|move|p1a: Thor|Knock Off|p2a: Iron Treads
|-supereffective|p2a: Iron Treads
|-crit|p2a: Iron Treads
|-damage|p2a: Iron Treads|29/100
|
|-weather|none
|upkeep
|turn|12
|
|t:|1779941084
|move|p2a: Iron Treads|Stealth Rock|p1a: Thor
|-sidestart|p1: Buzudango|move: Stealth Rock
|move|p1a: Thor|Knock Off|p2a: Iron Treads
|-supereffective|p2a: Iron Treads
|-damage|p2a: Iron Treads|1/100
|
|upkeep
|turn|13
|
|t:|1779941090
|move|p2a: Iron Treads|Earthquake|p1a: Thor
|-damage|p1a: Thor|29/100
|move|p1a: Thor|Knock Off|p2a: Iron Treads
|-supereffective|p2a: Iron Treads
|-damage|p2a: Iron Treads|0 fnt
|faint|p2a: Iron Treads
|-end|p2a: Iron Treads|Quark Drive|[silent]
|
|upkeep
|inactive|psygoat12 has 120 seconds left.
|
|t:|1779941122
|switch|p2a: Kingdra|Kingdra, F|100/100
|turn|14
|
|t:|1779941126
|move|p2a: Kingdra|Flip Turn|p1a: Thor
|-supereffective|p1a: Thor
|-damage|p1a: Thor|1/100
|c|☆psygoat12|wow
|inactive|psygoat12 has 120 seconds left.
|c|☆Buzudango|100% aura
|c|☆psygoat12|max hp and def?
|j| sampad11
|c|☆Buzudango|Yeah
|
|t:|1779941160
|switch|p2a: Pelipper|Pelipper, M|76/100|[from] Flip Turn
|-weather|RainDance|[from] ability: Drizzle|[of] p2a: Pelipper
|move|p1a: Thor|Rapid Spin|p2a: Pelipper
|-damage|p2a: Pelipper|64/100
|-boost|p1a: Thor|spe|1
|-sideend|p1: Buzudango|Stealth Rock|[from] move: Rapid Spin|[of] p1a: Thor
|
|-weather|RainDance|[upkeep]
|upkeep
|turn|15
|c|☆psygoat12|wack set ngl
|inactive|Buzudango has 120 seconds left.
|
|t:|1779941217
|move|p1a: Thor|Knock Off|p2a: Pelipper
|-crit|p2a: Pelipper
|-damage|p2a: Pelipper|33/100
|-enditem|p2a: Pelipper|Damp Rock|[from] move: Knock Off|[of] p1a: Thor
|move|p2a: Pelipper|U-turn|p1a: Thor
|-resisted|p1a: Thor
|-damage|p1a: Thor|0 fnt
|faint|p1a: Thor
|-end|p1a: Thor|Protosynthesis|[silent]
|
|t:|1779941232
|switch|p2a: Kingdra|Kingdra, F|100/100|[from] U-turn
|
|-weather|RainDance|[upkeep]
|upkeep
|
|t:|1779941241
|switch|p1a: Fenrir|Zamazenta|82/100
|turn|16
|
|t:|1779941251
|move|p2a: Kingdra|Flip Turn|p1a: Fenrir
|-damage|p1a: Fenrir|66/100
|
|t:|1779941254
|switch|p2a: Zapdos|Zapdos|100/100|[from] Flip Turn
|move|p1a: Fenrir|Iron Defense|p1a: Fenrir
|-boost|p1a: Fenrir|def|2
|
|-weather|RainDance|[upkeep]
|-heal|p1a: Fenrir|72/100|[from] item: Leftovers
|upkeep
|turn|17
|inactive|Buzudango has 120 seconds left.
|l| sampad11
|inactive|Buzudango has 90 seconds left.
|
|t:|1779941310
|switch|p1a: Gold|Gholdengo|100/100
|-item|p1a: Gold|Air Balloon
|move|p2a: Zapdos|Hurricane|p1a: Gold
|-resisted|p1a: Gold
|-damage|p1a: Gold|49/100
|-start|p1a: Gold|confusion
|-enditem|p1a: Gold|Air Balloon
|
|-weather|RainDance|[upkeep]
|upkeep
|turn|18
|
|t:|1779941322
|move|p2a: Zapdos|Hurricane|p1a: Gold
|-resisted|p1a: Gold
|-damage|p1a: Gold|3/100
|-activate|p1a: Gold|confusion
|move|p1a: Gold|Shadow Ball|p2a: Zapdos
|-damage|p2a: Zapdos|52/100
|
|-weather|RainDance|[upkeep]
|upkeep
|turn|19
|inactive|psygoat12 has 120 seconds left.
|
|t:|1779941339
|move|p2a: Zapdos|Hurricane|p1a: Gold
|-resisted|p1a: Gold
|-damage|p1a: Gold|0 fnt
|faint|p1a: Gold
|
|-weather|RainDance|[upkeep]
|upkeep
|
|t:|1779941344
|switch|p1a: Musashi|Kingambit, M|100/100
|-activate|p1a: Musashi|ability: Supreme Overlord
|-start|p1a: Musashi|fallen4|[silent]
|turn|20
|
|t:|1779941354
|move|p2a: Zapdos|Hurricane|p1a: Musashi
|-resisted|p1a: Musashi
|-damage|p1a: Musashi|54/100
|move|p1a: Musashi|Swords Dance|p1a: Musashi
|-boost|p1a: Musashi|atk|2
|
|-weather|RainDance|[upkeep]
|upkeep
|turn|21
|
|t:|1779941362
|move|p1a: Musashi|Sucker Punch|p2a: Zapdos
|-damage|p2a: Zapdos|0 fnt
|faint|p2a: Zapdos
|
|-weather|none
|upkeep
|
|t:|1779941365
|switch|p2a: Pelipper|Pelipper, M|33/100
|-weather|RainDance|[from] ability: Drizzle|[of] p2a: Pelipper
|turn|22
|
|t:|1779941372
|move|p1a: Musashi|Sucker Punch||[still]
|-fail|p1a: Musashi
|move|p2a: Pelipper|Roost|p2a: Pelipper
|-heal|p2a: Pelipper|83/100
|-singleturn|p2a: Pelipper|move: Roost
|
|-weather|RainDance|[upkeep]
|upkeep
|turn|23
|
|t:|1779941380
|move|p1a: Musashi|Sucker Punch|p2a: Pelipper
|-damage|p2a: Pelipper|0 fnt
|faint|p2a: Pelipper
|
|-weather|RainDance|[upkeep]
|upkeep
|
|t:|1779941392
|switch|p2a: Kingambit|Kingambit, F|100/100
|-activate|p2a: Kingambit|ability: Supreme Overlord
|-start|p2a: Kingambit|fallen4|[silent]
|turn|24
|
|t:|1779941397
|move|p1a: Musashi|Sucker Punch|p2a: Kingambit
|-resisted|p2a: Kingambit
|-damage|p2a: Kingambit|49/100
|move|p2a: Kingambit|Kowtow Cleave|p1a: Musashi
|-resisted|p1a: Musashi
|-damage|p1a: Musashi|27/100
|
|-weather|RainDance|[upkeep]
|-heal|p2a: Kingambit|55/100|[from] item: Leftovers
|upkeep
|turn|25
|
|t:|1779941412
|move|p1a: Musashi|Sucker Punch|p2a: Kingambit
|-resisted|p2a: Kingambit
|-damage|p2a: Kingambit|4/100
|move|p2a: Kingambit|Kowtow Cleave|p1a: Musashi
|-resisted|p1a: Musashi
|-damage|p1a: Musashi|0 fnt
|faint|p1a: Musashi
|-end|p1a: Musashi|fallen4|[silent]
|
|-weather|RainDance|[upkeep]
|-heal|p2a: Kingambit|10/100|[from] item: Leftovers
|upkeep
|
|t:|1779941420
|switch|p1a: Fenrir|Zamazenta|72/100
|turn|26
|inactive|Buzudango has 120 seconds left.
|
|t:|1779941429
|-terastallize|p1a: Fenrir|Fighting
|move|p1a: Fenrir|Iron Defense|p1a: Fenrir
|-boost|p1a: Fenrir|def|2
|move|p2a: Kingambit|Iron Head|p1a: Fenrir
|-damage|p1a: Fenrir|50/100
|
|-weather|none
|-heal|p1a: Fenrir|57/100|[from] item: Leftovers
|-heal|p2a: Kingambit|16/100|[from] item: Leftovers
|upkeep
|turn|27
|
|t:|1779941437
|move|p1a: Fenrir|Iron Defense|p1a: Fenrir
|-boost|p1a: Fenrir|def|2
|move|p2a: Kingambit|Iron Head|p1a: Fenrir
|-damage|p1a: Fenrir|44/100
|
|-heal|p1a: Fenrir|50/100|[from] item: Leftovers
|-heal|p2a: Kingambit|22/100|[from] item: Leftovers
|upkeep
|turn|28
|
|t:|1779941444
|move|p1a: Fenrir|Substitute|p1a: Fenrir
|-start|p1a: Fenrir|Substitute
|-damage|p1a: Fenrir|25/100
|move|p2a: Kingambit|Iron Head|p1a: Fenrir
|-activate|p1a: Fenrir|move: Substitute|[damage]
|
|-heal|p1a: Fenrir|31/100|[from] item: Leftovers
|-heal|p2a: Kingambit|28/100|[from] item: Leftovers
|upkeep
|turn|29
|-message|psygoat12 forfeited.
|
|win|Buzudango
|raw|Buzudango's rating: 1434 &rarr; <strong>1455</strong><br />(+21 for winning)
|raw|psygoat12's rating: 1460 &rarr; <strong>1439</strong><br />(-21 for losing)
|l|☆psygoat12
|player|p2|
|l|☆Buzudango
|player|p1|
