|j|☆Segahay
|j|☆nwalesu
|t:|1779877199
|gametype|singles
|player|p1|Segahay|1|1401
|player|p2|nwalesu|pokemaniac|1504
|gen|9
|tier|[Gen 9] OU
|rated|
|rule|HP Percentage Mod: HP is shown in percentages
|rule|Endless Battle Clause: Forcing endless battles is banned
|rule|Species Clause: Limit one of each Pokémon
|rule|OHKO Clause: OHKO moves are banned
|rule|Evasion Items Clause: Evasion items are banned
|rule|Evasion Moves Clause: Evasion moves are banned
|rule|Evasion Abilities Clause: Evasion abilities are banned
|rule|Sleep Moves Clause: Sleep-inducing moves are banned
|clearpoke
|poke|p1|Rillaboom, F|
|poke|p1|Excadrill, F|
|poke|p1|Serperior, F|
|poke|p1|Mew|
|poke|p1|Feraligatr, M|
|poke|p1|Glimmora, F|
|poke|p2|Dragapult, M|
|poke|p2|Rotom-Heat|
|poke|p2|Clodsire, F|
|poke|p2|Mandibuzz, F|
|poke|p2|Dragonite, F|
|poke|p2|Iron Valiant|
|teampreview
|inactive|Battle timer is ON: inactive players will automatically lose when time's up. (requested by Segahay)
|inactive|nwalesu also wants the timer to be on.
|inactive|nwalesu has 120 seconds left.
|inactive|nwalesu has 90 seconds left.
|
|t:|1779877276
|teamsize|p1|6
|teamsize|p2|6
|start
|switch|p1a: Glimmora|Glimmora, F|100/100
|switch|p2a: Cookie maker|Rotom-Heat|100/100
|turn|1
|
|t:|1779877280
|switch|p2a: Clodsire|Clodsire, F|100/100
|move|p1a: Glimmora|Meteor Beam||[still]
|-prepare|p1a: Glimmora|Meteor Beam
|-boost|p1a: Glimmora|spa|1
|-enditem|p1a: Glimmora|Power Herb
|-anim|p1a: Glimmora|Meteor Beam|p2a: Clodsire
|-resisted|p2a: Clodsire
|-damage|p2a: Clodsire|75/100
|
|-heal|p2a: Clodsire|82/100|[from] item: Leftovers
|upkeep
|turn|2
|
|t:|1779877283
|move|p1a: Glimmora|Earth Power|p2a: Clodsire
|-supereffective|p2a: Clodsire
|-damage|p2a: Clodsire|35/100
|move|p2a: Clodsire|Earthquake|p1a: Glimmora
|-supereffective|p1a: Glimmora
|-damage|p1a: Glimmora|0 fnt
|-activate|p1a: Glimmora|ability: Toxic Debris
|-sidestart|p2: nwalesu|move: Toxic Spikes
|faint|p1a: Glimmora
|
|-heal|p2a: Clodsire|41/100|[from] item: Leftovers
|upkeep
|
|t:|1779877287
|switch|p1a: Excadrill|Excadrill, F|100/100
|-ability|p1a: Excadrill|Mold Breaker
|-item|p1a: Excadrill|Air Balloon
|turn|3
|
|t:|1779877304
|switch|p2a: Mandibuzz|Mandibuzz, F|100/100
|move|p1a: Excadrill|Swords Dance|p1a: Excadrill
|-boost|p1a: Excadrill|atk|2
|
|upkeep
|turn|4
|
|t:|1779877307
|move|p1a: Excadrill|Rock Tomb|p2a: Mandibuzz
|-supereffective|p2a: Mandibuzz
|-damage|p2a: Mandibuzz|52/100
|-unboost|p2a: Mandibuzz|spe|1
|move|p2a: Mandibuzz|Foul Play|p1a: Excadrill
|-damage|p1a: Excadrill|0 fnt
|-enditem|p1a: Excadrill|Air Balloon
|faint|p1a: Excadrill
|
|upkeep
|
|t:|1779877313
|switch|p1a: Mew|Mew|100/100
|turn|5
|
|t:|1779877315
|move|p1a: Mew|Agility|p1a: Mew
|-boost|p1a: Mew|spe|2
|move|p2a: Mandibuzz|U-turn|p1a: Mew
|-supereffective|p1a: Mew
|-damage|p1a: Mew|81/100
|-enditem|p1a: Mew|Weakness Policy
|-boost|p1a: Mew|atk|2|[from] item: Weakness Policy
|-boost|p1a: Mew|spa|2|[from] item: Weakness Policy
|
|t:|1779877323
|switch|p2a: Clodsire|Clodsire, F|41/100|[from] U-turn
|-sideend|p2: nwalesu|move: Toxic Spikes|[of] p2a: Clodsire
|
|-heal|p2a: Clodsire|48/100|[from] item: Leftovers
|upkeep
|turn|6
|
|t:|1779877327
|switch|p2a: Mandibuzz|Mandibuzz, F|52/100
|move|p1a: Mew|Stored Power|p2a: Mandibuzz
|-immune|p2a: Mandibuzz
|
|upkeep
|turn|7
|
|t:|1779877334
|-terastallize|p2a: Mandibuzz|Fire
|move|p1a: Mew|Draining Kiss|p2a: Mandibuzz
|-resisted|p2a: Mandibuzz
|-damage|p2a: Mandibuzz|38/100
|-heal|p1a: Mew|94/100|[from] drain|[of] p2a: Mandibuzz
|move|p2a: Mandibuzz|Foul Play|p1a: Mew
|-supereffective|p1a: Mew
|-damage|p1a: Mew|18/100
|
|upkeep
|turn|8
|
|t:|1779877342
|move|p1a: Mew|Stored Power|p2a: Mandibuzz
|-damage|p2a: Mandibuzz|0 fnt
|faint|p2a: Mandibuzz
|
|upkeep
|
|t:|1779877344
|switch|p2a: Dragonite|Dragonite, F|100/100
|turn|9
|
|t:|1779877345
|move|p2a: Dragonite|Extreme Speed|p1a: Mew
|-damage|p1a: Mew|0 fnt
|faint|p1a: Mew
|
|upkeep
|
|t:|1779877348
|switch|p1a: Serperior|Serperior, F, shiny|100/100
|turn|10
|
|t:|1779877356
|switch|p2a: Cookie maker|Rotom-Heat|100/100
|move|p1a: Serperior|Glare|p2a: Cookie maker
|-immune|p2a: Cookie maker
|
|upkeep
|turn|11
|
|t:|1779877385
|switch|p1a: Rillaboom|Rillaboom, F|100/100
|-fieldstart|move: Grassy Terrain|[from] ability: Grassy Surge|[of] p1a: Rillaboom
|move|p2a: Cookie maker|Overheat|p1a: Rillaboom
|-supereffective|p1a: Rillaboom
|-damage|p1a: Rillaboom|24/100
|-unboost|p2a: Cookie maker|spa|2
|
|-heal|p1a: Rillaboom|30/100|[from] Grassy Terrain
|upkeep
|turn|12
|
|t:|1779877394
|move|p1a: Rillaboom|Fake Out|p2a: Cookie maker
|-damage|p2a: Cookie maker|83/100
|cant|p2a: Cookie maker|flinch
|
|-heal|p1a: Rillaboom|37/100|[from] Grassy Terrain
|upkeep
|turn|13
|
|t:|1779877398
|move|p2a: Cookie maker|Overheat|p1a: Rillaboom
|-supereffective|p1a: Rillaboom
|-damage|p1a: Rillaboom|0 fnt
|-unboost|p2a: Cookie maker|spa|2
|faint|p1a: Rillaboom
|
|upkeep
|
|t:|1779877399
|switch|p1a: Feraligatr|Feraligatr, M|100/100
|turn|14
|
|t:|1779877402
|switch|p2a: Clodsire|Clodsire, F|48/100
|move|p1a: Feraligatr|Dragon Dance|p1a: Feraligatr
|-boost|p1a: Feraligatr|atk|1
|-boost|p1a: Feraligatr|spe|1
|
|-heal|p2a: Clodsire|54/100|[from] Grassy Terrain
|-heal|p2a: Clodsire|60/100|[from] item: Leftovers
|upkeep
|turn|15
|
|t:|1779877405
|move|p1a: Feraligatr|Liquidation|p2a: Clodsire
|-heal|p2a: Clodsire|85/100|[from] ability: Water Absorb|[of] p1a: Feraligatr
|move|p2a: Clodsire|Toxic|p1a: Feraligatr
|-status|p1a: Feraligatr|tox
|
|-heal|p2a: Clodsire|91/100|[from] Grassy Terrain
|-heal|p2a: Clodsire|98/100|[from] item: Leftovers
|-damage|p1a: Feraligatr|94/100 tox|[from] psn
|-fieldend|move: Grassy Terrain
|upkeep
|turn|16
|
|t:|1779877410
|move|p1a: Feraligatr|Ice Punch|p2a: Clodsire
|-supereffective|p2a: Clodsire
|-damage|p2a: Clodsire|0 fnt
|faint|p2a: Clodsire
|
|-damage|p1a: Feraligatr|82/100 tox|[from] psn
|upkeep
|
|t:|1779877419
|switch|p2a: Drippy|Dragapult, M|100/100
|turn|17
|
|t:|1779877422
|move|p2a: Drippy|U-turn|p1a: Feraligatr
|-damage|p1a: Feraligatr|59/100 tox
|
|t:|1779877425
|switch|p2a: Cookie maker|Rotom-Heat|83/100|[from] U-turn
|move|p1a: Feraligatr|Ice Punch|p2a: Cookie maker
|-resisted|p2a: Cookie maker
|-damage|p2a: Cookie maker|46/100
|
|-damage|p1a: Feraligatr|41/100 tox|[from] psn
|upkeep
|turn|18
|
|t:|1779877434
|move|p1a: Feraligatr|Liquidation|p2a: Cookie maker
|-supereffective|p2a: Cookie maker
|-damage|p2a: Cookie maker|0 fnt
|faint|p2a: Cookie maker
|
|-damage|p1a: Feraligatr|17/100 tox|[from] psn
|upkeep
|
|t:|1779877436
|switch|p2a: Drippy|Dragapult, M|100/100
|turn|19
|
|t:|1779877438
|move|p2a: Drippy|Dragon Darts|p1a: Feraligatr
|-damage|p1a: Feraligatr|0 fnt
|faint|p1a: Feraligatr
|
|upkeep
|
|t:|1779877439
|switch|p1a: Serperior|Serperior, F, shiny|100/100
|turn|20
|
|t:|1779877445
|move|p2a: Drippy|Dragon Darts|p1a: Serperior
|-damage|p1a: Serperior|70/100
|-anim|p2a: Drippy|Dragon Darts|p1a: Serperior
|-damage|p1a: Serperior|41/100
|move|p1a: Serperior|Glare|p2a: Drippy
|-status|p2a: Drippy|par
|
|upkeep
|turn|21
|
|t:|1779877449
|move|p1a: Serperior|Swords Dance|p1a: Serperior
|-boost|p1a: Serperior|atk|2
|cant|p2a: Drippy|par
|
|upkeep
|turn|22
|
|t:|1779877453
|move|p1a: Serperior|Scale Shot|p2a: Drippy
|-supereffective|p2a: Drippy
|-damage|p2a: Drippy|66/100 par
|-supereffective|p2a: Drippy
|-damage|p2a: Drippy|30/100 par
|-supereffective|p2a: Drippy
|-damage|p2a: Drippy|0 fnt
|faint|p2a: Drippy
|-hitcount|p2: Drippy|3
|-unboost|p1a: Serperior|def|1
|-boost|p1a: Serperior|spe|1
|
|upkeep
|
|t:|1779877457
|switch|p2a: Dragonite|Dragonite, F|100/100
|turn|23
|
|t:|1779877459
|move|p2a: Dragonite|Extreme Speed|p1a: Serperior
|-damage|p1a: Serperior|0 fnt
|faint|p1a: Serperior
|
|win|nwalesu
|raw|Segahay's rating: 1401 &rarr; <strong>1387</strong><br />(-14 for losing)
|raw|nwalesu's rating: 1504 &rarr; <strong>1518</strong><br />(+14 for winning)
|l|☆Segahay
|player|p1|
|l|☆nwalesu
|player|p2|
