|j|☆ihymyly
|j|☆whisperingcloth
|t:|1779860504
|gametype|singles
|player|p1|ihymyly|101|1523
|player|p2|whisperingcloth|170|1497
|gen|9
|tier|[Gen 9] OU
|rated|
|rule|HP Percentage Mod: HP is shown in percentages
|rule|Endless Battle Clause: Forcing endless battles is banned
|rule|Species Clause: Limit one of each Pokémon
|rule|OHKO Clause: OHKO moves are banned
|rule|Evasion Items Clause: Evasion items are banned
|rule|Evasion Moves Clause: Evasion moves are banned
|rule|Evasion Abilities Clause: Evasion abilities are banned
|rule|Sleep Moves Clause: Sleep-inducing moves are banned
|clearpoke
|poke|p1|Darkrai|
|poke|p1|Great Tusk|
|poke|p1|Dragapult, F|
|poke|p1|Slowking-Galar, M|
|poke|p1|Skarmory, F|
|poke|p1|Ogerpon-Wellspring, F|
|poke|p2|Scizor, F|
|poke|p2|Deoxys-Speed|
|poke|p2|Garganacl, F|
|poke|p2|Volcanion|
|poke|p2|Great Tusk|
|poke|p2|Zapdos|
|teampreview
|inactive|Battle timer is ON: inactive players will automatically lose when time's up. (requested by whisperingcloth)
|inactive|ihymyly has 120 seconds left.
|inactive|whisperingcloth has 120 seconds left.
|
|t:|1779860544
|teamsize|p1|6
|teamsize|p2|6
|start
|switch|p1a: Ogerpon|Ogerpon-Wellspring, F|100/100
|switch|p2a: Garganacl|Garganacl, F|100/100
|turn|1
|
|t:|1779860551
|move|p1a: Ogerpon|Swords Dance|p1a: Ogerpon
|-boost|p1a: Ogerpon|atk|2
|move|p2a: Garganacl|Salt Cure|p1a: Ogerpon
|-damage|p1a: Ogerpon|84/100
|-start|p1a: Ogerpon|Salt Cure
|
|-damage|p1a: Ogerpon|59/100|[from] Salt Cure
|upkeep
|turn|2
|
|t:|1779860556
|move|p2a: Garganacl|Protect|p2a: Garganacl
|-singleturn|p2a: Garganacl|Protect
|move|p1a: Ogerpon|Ivy Cudgel|p2a: Garganacl|[anim] Ivy Cudgel Water
|-activate|p2a: Garganacl|move: Protect
|
|-damage|p1a: Ogerpon|34/100|[from] Salt Cure
|upkeep
|turn|3
|
|t:|1779860562
|switch|p2a: Volcanion|Volcanion|100/100
|move|p1a: Ogerpon|Ivy Cudgel|p2a: Volcanion|[anim] Ivy Cudgel Water
|-immune|p2a: Volcanion|[from] ability: Water Absorb
|
|-damage|p1a: Ogerpon|9/100|[from] Salt Cure
|upkeep
|turn|4
|
|t:|1779860566
|switch|p2a: Zapdos|Zapdos|100/100
|move|p1a: Ogerpon|Horn Leech|p2a: Zapdos
|-resisted|p2a: Zapdos
|-damage|p2a: Zapdos|67/100
|-heal|p1a: Ogerpon|31/100|[from] drain|[of] p2a: Zapdos
|-status|p1a: Ogerpon|par|[from] ability: Static|[of] p2a: Zapdos
|
|-damage|p1a: Ogerpon|6/100 par|[from] Salt Cure
|upkeep
|turn|5
|
|t:|1779860570
|move|p2a: Zapdos|Volt Switch|p1a: Ogerpon
|-damage|p1a: Ogerpon|0 fnt
|faint|p1a: Ogerpon
|
|t:|1779860578
|switch|p2a: Great Tusk|Great Tusk|100/100|[from] Volt Switch
|
|upkeep
|
|t:|1779860583
|switch|p1a: Dragapult|Dragapult, F|100/100
|turn|6
|
|t:|1779860587
|-end|p2a: Great Tusk|Protosynthesis|[silent]
|switch|p2a: Garganacl|Garganacl, F|100/100
|move|p1a: Dragapult|U-turn|p2a: Garganacl
|-damage|p2a: Garganacl|88/100
|
|t:|1779860591
|switch|p1a: Goy Destroy|Great Tusk|100/100|[from] U-turn
|
|-heal|p2a: Garganacl|94/100|[from] item: Leftovers
|upkeep
|turn|7
|
|t:|1779860595
|switch|p2a: Zapdos|Zapdos|67/100
|move|p1a: Goy Destroy|Stealth Rock|p2a: Zapdos
|-sidestart|p2: whisperingcloth|move: Stealth Rock
|
|upkeep
|turn|8
|
|t:|1779860599
|-end|p1a: Goy Destroy|Protosynthesis|[silent]
|switch|p1a: Slowking|Slowking-Galar, M|100/100
|move|p2a: Zapdos|Volt Switch|p1a: Slowking
|-damage|p1a: Slowking|83/100
|
|t:|1779860604
|switch|p2a: Scizor|Scizor, F|100/100|[from] Volt Switch
|-damage|p2a: Scizor|88/100|[from] Stealth Rock
|
|upkeep
|turn|9
|
|t:|1779860608
|switch|p1a: Skarmory|Skarmory, F|100/100
|move|p2a: Scizor|U-turn|p1a: Skarmory
|-resisted|p1a: Skarmory
|-damage|p1a: Skarmory|92/100
|-damage|p2a: Scizor|72/100|[from] item: Rocky Helmet|[of] p1a: Skarmory
|
|t:|1779860610
|switch|p2a: Volcanion|Volcanion|100/100|[from] U-turn
|-damage|p2a: Volcanion|75/100|[from] Stealth Rock
|
|upkeep
|turn|10
|
|t:|1779860614
|switch|p1a: Slowking|Slowking-Galar, M|100/100
|move|p2a: Volcanion|Flamethrower|p1a: Slowking
|-crit|p1a: Slowking
|-damage|p1a: Slowking|61/100
|
|upkeep
|turn|11
|
|t:|1779860620
|move|p2a: Volcanion|Steam Eruption|p1a: Slowking
|-damage|p1a: Slowking|25/100
|-prepare|p1a: Slowking|Chilly Reception|[premajor]
|move|p1a: Slowking|Chilly Reception|p1a: Slowking
|-weather|Snowscape
|
|t:|1779860625
|switch|p1a: Dragapult|Dragapult, F|100/100|[from] Chilly Reception
|
|-weather|Snowscape|[upkeep]
|upkeep
|turn|12
|
|t:|1779860630
|switch|p2a: Garganacl|Garganacl, F|94/100
|-damage|p2a: Garganacl|81/100|[from] Stealth Rock
|move|p1a: Dragapult|Dragon Darts|p2a: Garganacl
|-damage|p2a: Garganacl|69/100
|-anim|p1a: Dragapult|Dragon Darts|p2a: Garganacl
|-damage|p2a: Garganacl|56/100
|
|-weather|Snowscape|[upkeep]
|-heal|p2a: Garganacl|63/100|[from] item: Leftovers
|upkeep
|turn|13
|
|t:|1779860633
|move|p1a: Dragapult|U-turn|p2a: Garganacl
|-damage|p2a: Garganacl|50/100
|
|t:|1779860638
|switch|p1a: Goy Destroy|Great Tusk|100/100|[from] U-turn
|move|p2a: Garganacl|Stealth Rock|p1a: Goy Destroy
|-sidestart|p1: ihymyly|move: Stealth Rock
|
|-weather|Snowscape|[upkeep]
|-heal|p2a: Garganacl|56/100|[from] item: Leftovers
|upkeep
|turn|14
|
|t:|1779860644
|switch|p2a: Zapdos|Zapdos|67/100
|move|p1a: Goy Destroy|Ice Spinner|p2a: Zapdos
|-supereffective|p2a: Zapdos
|-damage|p2a: Zapdos|29/100
|
|-weather|Snowscape|[upkeep]
|upkeep
|turn|15
|
|t:|1779860647
|move|p1a: Goy Destroy|Ice Spinner|p2a: Zapdos
|-supereffective|p2a: Zapdos
|-damage|p2a: Zapdos|0 fnt
|-status|p1a: Goy Destroy|par|[from] ability: Static|[of] p2a: Zapdos
|faint|p2a: Zapdos
|
|-weather|none
|upkeep
|
|t:|1779860651
|switch|p2a: Volcanion|Volcanion|75/100
|-damage|p2a: Volcanion|50/100|[from] Stealth Rock
|turn|16
|
|t:|1779860657
|-end|p1a: Goy Destroy|Protosynthesis|[silent]
|switch|p1a: Slowking|Slowking-Galar, M|58/100
|move|p2a: Volcanion|Steam Eruption|p1a: Slowking
|-damage|p1a: Slowking|24/100
|
|upkeep
|turn|17
|
|t:|1779860665
|switch|p1a: Dragapult|Dragapult, F|100/100
|move|p2a: Volcanion|Steam Eruption|p1a: Dragapult
|-resisted|p1a: Dragapult
|-damage|p1a: Dragapult|52/100
|-status|p1a: Dragapult|brn
|
|-damage|p1a: Dragapult|46/100 brn|[from] brn
|upkeep
|turn|18
|
|t:|1779860679
|move|p1a: Dragapult|Hex|p2a: Volcanion
|-damage|p2a: Volcanion|21/100
|move|p2a: Volcanion|Steam Eruption|p1a: Dragapult
|-resisted|p1a: Dragapult
|-damage|p1a: Dragapult|0 fnt
|faint|p1a: Dragapult
|
|upkeep
|
|t:|1779860685
|switch|p1a: Darkrai|Darkrai, shiny|100/100
|-damage|p1a: Darkrai|88/100|[from] Stealth Rock
|turn|19
|
|t:|1779860691
|switch|p2a: Garganacl|Garganacl, F|56/100
|-damage|p2a: Garganacl|43/100|[from] Stealth Rock
|move|p1a: Darkrai|Dark Pulse|p2a: Garganacl
|-damage|p2a: Garganacl|14/100
|
|-heal|p1a: Darkrai|94/100|[from] item: Leftovers
|-heal|p2a: Garganacl|21/100|[from] item: Leftovers
|upkeep
|turn|20
|
|t:|1779860696
|move|p2a: Garganacl|Protect|p2a: Garganacl
|-singleturn|p2a: Garganacl|Protect
|move|p1a: Darkrai|Dark Pulse|p2a: Garganacl
|-activate|p2a: Garganacl|move: Protect
|
|-heal|p1a: Darkrai|100/100|[from] item: Leftovers
|-heal|p2a: Garganacl|27/100|[from] item: Leftovers
|upkeep
|turn|21
|
|t:|1779860701
|move|p2a: Garganacl|Protect||[still]
|-fail|p2a: Garganacl
|move|p1a: Darkrai|Dark Pulse|p2a: Garganacl
|-damage|p2a: Garganacl|0 fnt
|faint|p2a: Garganacl
|
|upkeep
|
|t:|1779860708
|switch|p2a: Deoxys|Deoxys-Speed|100/100
|-damage|p2a: Deoxys|88/100|[from] Stealth Rock
|-ability|p2a: Deoxys|Pressure
|turn|22
|
|t:|1779860711
|switch|p1a: Skarmory|Skarmory, F|92/100
|-damage|p1a: Skarmory|79/100|[from] Stealth Rock
|move|p2a: Deoxys|Superpower|p1a: Skarmory
|-damage|p1a: Skarmory|58/100
|-unboost|p2a: Deoxys|atk|1
|-unboost|p2a: Deoxys|def|1
|-damage|p2a: Deoxys|71/100|[from] item: Rocky Helmet|[of] p1a: Skarmory
|-enditem|p2a: Deoxys|Eject Pack
|
|t:|1779860716
|switch|p2a: Great Tusk|Great Tusk|100/100
|
|upkeep
|turn|23
|
|t:|1779860723
|move|p2a: Great Tusk|Knock Off|p1a: Skarmory
|-damage|p1a: Skarmory|38/100
|-damage|p2a: Great Tusk|84/100|[from] item: Rocky Helmet|[of] p1a: Skarmory
|-enditem|p1a: Skarmory|Rocky Helmet|[from] move: Knock Off|[of] p2a: Great Tusk
|move|p1a: Skarmory|Roost|p1a: Skarmory
|-heal|p1a: Skarmory|88/100
|-singleturn|p1a: Skarmory|move: Roost
|
|upkeep
|turn|24
|
|t:|1779860727
|move|p2a: Great Tusk|Rapid Spin|p1a: Skarmory
|-resisted|p1a: Skarmory
|-damage|p1a: Skarmory|83/100
|-boost|p2a: Great Tusk|spe|1
|-sideend|p2: whisperingcloth|Stealth Rock|[from] move: Rapid Spin|[of] p2a: Great Tusk
|move|p1a: Skarmory|Brave Bird|p2a: Great Tusk
|-supereffective|p2a: Great Tusk
|-damage|p2a: Great Tusk|29/100
|-damage|p1a: Skarmory|63/100|[from] Recoil
|
|upkeep
|turn|25
|
|t:|1779860743
|move|p2a: Great Tusk|Ice Spinner|p1a: Skarmory
|-damage|p1a: Skarmory|46/100
|move|p1a: Skarmory|Brave Bird|p2a: Great Tusk
|-supereffective|p2a: Great Tusk
|-damage|p2a: Great Tusk|0 fnt
|faint|p2a: Great Tusk
|-end|p2a: Great Tusk|Protosynthesis|[silent]
|-damage|p1a: Skarmory|36/100|[from] Recoil
|
|upkeep
|
|t:|1779860745
|switch|p2a: Volcanion|Volcanion|21/100
|turn|26
|
|t:|1779860749
|switch|p1a: Slowking|Slowking-Galar, M|57/100
|move|p2a: Volcanion|Steam Eruption|p1a: Slowking
|-damage|p1a: Slowking|23/100
|-status|p1a: Slowking|brn
|
|-damage|p1a: Slowking|17/100 brn|[from] brn
|upkeep
|turn|27
|
|t:|1779860756
|move|p2a: Volcanion|Steam Eruption|p1a: Slowking
|-damage|p1a: Slowking|0 fnt
|faint|p1a: Slowking
|
|upkeep
|
|t:|1779860760
|switch|p1a: Darkrai|Darkrai, shiny|100/100
|-damage|p1a: Darkrai|88/100|[from] Stealth Rock
|turn|28
|
|t:|1779860774
|switch|p2a: Scizor|Scizor, F|72/100
|move|p1a: Darkrai|Dark Pulse|p2a: Scizor
|-crit|p2a: Scizor
|-damage|p2a: Scizor|0 fnt
|faint|p2a: Scizor
|
|-heal|p1a: Darkrai|94/100|[from] item: Leftovers
|upkeep
|
|t:|1779860776
|switch|p2a: Deoxys|Deoxys-Speed|71/100
|-ability|p2a: Deoxys|Pressure
|turn|29
|
|t:|1779860786
|switch|p1a: Goy Destroy|Great Tusk|100/100 par
|-terastallize|p2a: Deoxys|Fighting
|move|p2a: Deoxys|Superpower|p1a: Goy Destroy
|-damage|p1a: Goy Destroy|64/100 par
|-unboost|p2a: Deoxys|atk|1
|-unboost|p2a: Deoxys|def|1
|
|upkeep
|turn|30
|
|t:|1779860793
|move|p2a: Deoxys|Psycho Boost|p1a: Goy Destroy|[miss]
|-miss|p2a: Deoxys|p1a: Goy Destroy
|move|p1a: Goy Destroy|Rapid Spin|p2a: Deoxys
|-damage|p2a: Deoxys|31/100
|-boost|p1a: Goy Destroy|spe|1
|-sideend|p1: ihymyly|Stealth Rock|[from] move: Rapid Spin|[of] p1a: Goy Destroy
|
|upkeep
|turn|31
|
|t:|1779860798
|move|p2a: Deoxys|Psycho Boost|p1a: Goy Destroy
|-supereffective|p1a: Goy Destroy
|-damage|p1a: Goy Destroy|0 fnt
|-unboost|p2a: Deoxys|spa|2
|faint|p1a: Goy Destroy
|-end|p1a: Goy Destroy|Protosynthesis|[silent]
|
|upkeep
|
|t:|1779860803
|switch|p1a: Skarmory|Skarmory, F|36/100
|turn|32
|
|t:|1779860811
|switch|p2a: Volcanion|Volcanion|21/100
|move|p1a: Skarmory|Roost|p1a: Skarmory
|-heal|p1a: Skarmory|86/100
|-singleturn|p1a: Skarmory|move: Roost
|
|upkeep
|turn|33
|
|t:|1779860820
|switch|p1a: Darkrai|Darkrai, shiny|94/100
|move|p2a: Volcanion|Flamethrower|p1a: Darkrai
|-damage|p1a: Darkrai|30/100
|-status|p1a: Darkrai|brn
|
|-heal|p1a: Darkrai|36/100 brn|[from] item: Leftovers
|-damage|p1a: Darkrai|30/100 brn|[from] brn
|upkeep
|turn|34
|
|t:|1779860827
|move|p1a: Darkrai|Dark Pulse|p2a: Volcanion
|-damage|p2a: Volcanion|0 fnt
|faint|p2a: Volcanion
|
|-heal|p1a: Darkrai|36/100 brn|[from] item: Leftovers
|-damage|p1a: Darkrai|30/100 brn|[from] brn
|upkeep
|
|t:|1779860828
|switch|p2a: Deoxys|Deoxys-Speed, tera:Fighting|31/100
|-ability|p2a: Deoxys|Pressure
|turn|35
|
|t:|1779860832
|move|p2a: Deoxys|Superpower|p1a: Darkrai
|-supereffective|p1a: Darkrai
|-damage|p1a: Darkrai|0 fnt
|-unboost|p2a: Deoxys|atk|1
|-unboost|p2a: Deoxys|def|1
|faint|p1a: Darkrai
|
|upkeep
|
|t:|1779860836
|switch|p1a: Skarmory|Skarmory, F|86/100
|turn|36
|
|t:|1779860838
|move|p2a: Deoxys|Psycho Boost|p1a: Skarmory
|-resisted|p1a: Skarmory
|-damage|p1a: Skarmory|44/100
|-unboost|p2a: Deoxys|spa|2
|move|p1a: Skarmory|Brave Bird|p2a: Deoxys
|-supereffective|p2a: Deoxys
|-damage|p2a: Deoxys|0 fnt
|faint|p2a: Deoxys
|-damage|p1a: Skarmory|37/100|[from] Recoil
|
|win|ihymyly
|raw|ihymyly's rating: 1523 &rarr; <strong>1542</strong><br />(+19 for winning)
|raw|whisperingcloth's rating: 1497 &rarr; <strong>1478</strong><br />(-19 for losing)
|l|☆ihymyly
|player|p1|
|l|☆whisperingcloth
|player|p2|
