|j|☆PuddleOfPuke
|j|☆Britemanberry
|t:|1779834863
|gametype|singles
|player|p1|PuddleOfPuke|rocketgrunt|
|player|p2|Britemanberry|265|
|gen|9
|tier|[Gen 9] OU
|rule|HP Percentage Mod: HP is shown in percentages
|rule|Endless Battle Clause: Forcing endless battles is banned
|rule|Species Clause: Limit one of each Pokémon
|rule|OHKO Clause: OHKO moves are banned
|rule|Evasion Items Clause: Evasion items are banned
|rule|Evasion Moves Clause: Evasion moves are banned
|rule|Evasion Abilities Clause: Evasion abilities are banned
|rule|Sleep Moves Clause: Sleep-inducing moves are banned
|clearpoke
|poke|p1|Sinistcha|
|poke|p1|Toxapex, M|
|poke|p1|Venusaur, M|
|poke|p1|Gliscor, F|
|poke|p1|Primarina, F|
|poke|p1|Ceruledge, F|
|poke|p2|Scizor, F|
|poke|p2|Blastoise, F|
|poke|p2|Sinistcha-Masterpiece|
|poke|p2|Iron Treads|
|poke|p2|Raging Bolt|
|poke|p2|Corviknight, M|
|teampreview
|
|t:|1779834871
|teamsize|p1|6
|teamsize|p2|6
|start
|switch|p1a: Venusaur|Venusaur, M|100/100
|switch|p2a: Sinistcha|Sinistcha-Masterpiece|100/100
|turn|1
|
|t:|1779834894
|move|p1a: Venusaur|Toxic|p2a: Sinistcha
|-status|p2a: Sinistcha|tox
|move|p2a: Sinistcha|Calm Mind|p2a: Sinistcha
|-boost|p2a: Sinistcha|spa|1
|-boost|p2a: Sinistcha|spd|1
|
|-damage|p2a: Sinistcha|94/100 tox|[from] psn
|upkeep
|turn|2
|
|t:|1779834904
|move|p1a: Venusaur|Giga Drain|p2a: Sinistcha
|-resisted|p2a: Sinistcha
|-damage|p2a: Sinistcha|84/100 tox
|move|p2a: Sinistcha|Poltergeist|p1a: Venusaur
|-activate|p1a: Venusaur|move: Poltergeist|Leftovers
|-damage|p1a: Venusaur|71/100
|
|-heal|p1a: Venusaur|77/100|[from] item: Leftovers
|-damage|p2a: Sinistcha|72/100 tox|[from] psn
|upkeep
|turn|3
|
|t:|1779834915
|move|p1a: Venusaur|Protect|p1a: Venusaur
|-singleturn|p1a: Venusaur|Protect
|move|p2a: Sinistcha|Matcha Gotcha|p1a: Venusaur
|-activate|p1a: Venusaur|move: Protect
|
|-heal|p1a: Venusaur|83/100|[from] item: Leftovers
|-damage|p2a: Sinistcha|54/100 tox|[from] psn
|upkeep
|turn|4
|
|t:|1779834935
|switch|p1a: Ceruledge|Ceruledge, F|100/100
|move|p2a: Sinistcha|Matcha Gotcha|p1a: Ceruledge
|-resisted|p1a: Ceruledge
|-crit|p1a: Ceruledge
|-damage|p1a: Ceruledge|67/100
|-heal|p2a: Sinistcha|71/100 tox|[from] drain|[of] p1a: Ceruledge
|
|-heal|p1a: Ceruledge|74/100|[from] item: Leftovers
|-damage|p2a: Sinistcha|46/100 tox|[from] psn
|upkeep
|turn|5
|
|t:|1779834949
|switch|p2a: Blastoise|Blastoise, F|100/100
|move|p1a: Ceruledge|Flamethrower|p2a: Blastoise
|-resisted|p2a: Blastoise
|-damage|p2a: Blastoise|95/100
|
|-heal|p1a: Ceruledge|80/100|[from] item: Leftovers
|upkeep
|turn|6
|
|t:|1779834964
|switch|p1a: Toxapex|Toxapex, M|100/100
|move|p2a: Blastoise|Surf|p1a: Toxapex
|-resisted|p1a: Toxapex
|-damage|p1a: Toxapex|89/100
|
|-heal|p1a: Toxapex|95/100|[from] item: Leftovers
|upkeep
|turn|7
|
|t:|1779834977
|switch|p2a: Corviknight|Corviknight, M|100/100
|-ability|p2a: Corviknight|Pressure
|move|p1a: Toxapex|Toxic|p2a: Corviknight
|-immune|p2a: Corviknight
|
|-heal|p1a: Toxapex|100/100|[from] item: Leftovers
|upkeep
|turn|8
|
|t:|1779834987
|move|p2a: Corviknight|Hurricane|p1a: Toxapex|[miss]
|-miss|p2a: Corviknight|p1a: Toxapex
|move|p1a: Toxapex|Toxic Spikes|p2a: Corviknight
|-sidestart|p2: Britemanberry|move: Toxic Spikes
|
|upkeep
|turn|9
|
|t:|1779834993
|move|p2a: Corviknight|Tailwind|p2a: Corviknight
|-sidestart|p2: Britemanberry|move: Tailwind
|move|p1a: Toxapex|Toxic Spikes|p2a: Corviknight
|-sidestart|p2: Britemanberry|move: Toxic Spikes
|
|upkeep
|turn|10
|
|t:|1779835006
|switch|p1a: Ceruledge|Ceruledge, F|80/100
|move|p2a: Corviknight|Hurricane|p1a: Ceruledge
|-damage|p1a: Ceruledge|63/100
|-start|p1a: Ceruledge|confusion
|
|-heal|p1a: Ceruledge|70/100|[from] item: Leftovers
|upkeep
|turn|11
|
|t:|1779835016
|move|p2a: Corviknight|Brave Bird|p1a: Ceruledge
|-damage|p1a: Ceruledge|20/100
|-damage|p2a: Corviknight|86/100|[from] Recoil
|-activate|p1a: Ceruledge|confusion
|move|p1a: Ceruledge|Will-O-Wisp|p2a: Corviknight
|-status|p2a: Corviknight|brn
|
|-heal|p2a: Corviknight|92/100 brn|[from] item: Leftovers
|-heal|p1a: Ceruledge|26/100|[from] item: Leftovers
|-damage|p2a: Corviknight|86/100 brn|[from] brn
|upkeep
|turn|12
|
|t:|1779835032
|switch|p1a: Toxapex|Toxapex, M|100/100
|-terastallize|p2a: Corviknight|Flying
|move|p2a: Corviknight|Hurricane|p1a: Toxapex
|-damage|p1a: Toxapex|75/100
|
|-heal|p2a: Corviknight|92/100 brn|[from] item: Leftovers
|-heal|p1a: Toxapex|81/100|[from] item: Leftovers
|-damage|p2a: Corviknight|86/100 brn|[from] brn
|-sideend|p2: Britemanberry|move: Tailwind
|upkeep
|turn|13
|
|t:|1779835044
|move|p2a: Corviknight|Hone Claws|p2a: Corviknight
|-boost|p2a: Corviknight|atk|1
|-boost|p2a: Corviknight|accuracy|1
|move|p1a: Toxapex|Hex|p2a: Corviknight
|-damage|p2a: Corviknight|67/100 brn
|
|-heal|p2a: Corviknight|73/100 brn|[from] item: Leftovers
|-heal|p1a: Toxapex|87/100|[from] item: Leftovers
|-damage|p2a: Corviknight|67/100 brn|[from] brn
|upkeep
|turn|14
|
|t:|1779835055
|move|p2a: Corviknight|Hone Claws|p2a: Corviknight
|-boost|p2a: Corviknight|atk|1
|-boost|p2a: Corviknight|accuracy|1
|move|p1a: Toxapex|Hex|p2a: Corviknight
|-damage|p2a: Corviknight|50/100 brn
|
|-heal|p2a: Corviknight|56/100 brn|[from] item: Leftovers
|-heal|p1a: Toxapex|94/100|[from] item: Leftovers
|-damage|p2a: Corviknight|50/100 brn|[from] brn
|upkeep
|turn|15
|
|t:|1779835066
|move|p2a: Corviknight|Hurricane|p1a: Toxapex
|-damage|p1a: Toxapex|69/100
|move|p1a: Toxapex|Hex|p2a: Corviknight
|-damage|p2a: Corviknight|33/100 brn
|
|-heal|p2a: Corviknight|39/100 brn|[from] item: Leftovers
|-heal|p1a: Toxapex|75/100|[from] item: Leftovers
|-damage|p2a: Corviknight|33/100 brn|[from] brn
|upkeep
|turn|16
|
|t:|1779835076
|move|p2a: Corviknight|Tailwind|p2a: Corviknight
|-sidestart|p2: Britemanberry|move: Tailwind
|move|p1a: Toxapex|Hex|p2a: Corviknight
|-damage|p2a: Corviknight|17/100 brn
|
|-heal|p2a: Corviknight|23/100 brn|[from] item: Leftovers
|-heal|p1a: Toxapex|82/100|[from] item: Leftovers
|-damage|p2a: Corviknight|17/100 brn|[from] brn
|upkeep
|turn|17
|
|t:|1779835086
|move|p2a: Corviknight|Brave Bird|p1a: Toxapex
|-damage|p1a: Toxapex|54/100
|-damage|p2a: Corviknight|10/100 brn|[from] Recoil
|move|p1a: Toxapex|Hex|p2a: Corviknight
|-damage|p2a: Corviknight|0 fnt
|faint|p2a: Corviknight
|
|-heal|p1a: Toxapex|60/100|[from] item: Leftovers
|upkeep
|
|t:|1779835092
|switch|p2a: Blastoise|Blastoise, F|95/100
|-status|p2a: Blastoise|tox
|turn|18
|
|t:|1779835108
|move|p2a: Blastoise|Rapid Spin|p1a: Toxapex
|-damage|p1a: Toxapex|52/100
|-boost|p2a: Blastoise|spe|1
|-sideend|p2: Britemanberry|Toxic Spikes|[from] move: Rapid Spin|[of] p2a: Blastoise
|move|p1a: Toxapex|Hex|p2a: Blastoise
|-damage|p2a: Blastoise|84/100 tox
|
|-heal|p1a: Toxapex|58/100|[from] item: Leftovers
|-damage|p2a: Blastoise|78/100 tox|[from] psn
|upkeep
|turn|19
|
|t:|1779835120
|move|p1a: Toxapex|Baneful Bunker|p1a: Toxapex
|-singleturn|p1a: Toxapex|move: Protect
|move|p2a: Blastoise|Crunch|p1a: Toxapex
|-activate|p1a: Toxapex|move: Protect
|
|-heal|p1a: Toxapex|64/100|[from] item: Leftovers
|-damage|p2a: Blastoise|66/100 tox|[from] psn
|-sideend|p2: Britemanberry|move: Tailwind
|upkeep
|turn|20
|
|t:|1779835131
|move|p2a: Blastoise|Crunch|p1a: Toxapex
|-damage|p1a: Toxapex|51/100
|-unboost|p1a: Toxapex|def|1
|move|p1a: Toxapex|Hex|p2a: Blastoise
|-damage|p2a: Blastoise|54/100 tox
|
|-heal|p1a: Toxapex|57/100|[from] item: Leftovers
|-damage|p2a: Blastoise|36/100 tox|[from] psn
|upkeep
|turn|21
|
|t:|1779835142
|switch|p2a: Scizor|Scizor, F|100/100
|move|p1a: Toxapex|Baneful Bunker||[still]
|-fail|p1a: Toxapex
|
|-heal|p1a: Toxapex|64/100|[from] item: Leftovers
|upkeep
|turn|22
|
|t:|1779835162
|switch|p1a: Primarina|Primarina, F|100/100
|move|p2a: Scizor|Swords Dance|p2a: Scizor
|-boost|p2a: Scizor|atk|2
|
|upkeep
|turn|23
|
|t:|1779835177
|move|p2a: Scizor|Swords Dance|p2a: Scizor
|-boost|p2a: Scizor|atk|2
|move|p1a: Primarina|Ice Beam|p2a: Scizor
|-resisted|p2a: Scizor
|-damage|p2a: Scizor|85/100
|
|upkeep
|turn|24
|
|t:|1779835191
|move|p2a: Scizor|Bullet Punch|p1a: Primarina
|-damage|p1a: Primarina|12/100
|move|p1a: Primarina|Hydro Pump|p2a: Scizor
|-damage|p2a: Scizor|4/100
|
|-heal|p1a: Primarina|18/100|[from] item: Leftovers
|upkeep
|turn|25
|
|t:|1779835201
|move|p1a: Primarina|Protect|p1a: Primarina
|-singleturn|p1a: Primarina|Protect
|move|p2a: Scizor|Bullet Punch|p1a: Primarina
|-activate|p1a: Primarina|move: Protect
|
|-heal|p1a: Primarina|24/100|[from] item: Leftovers
|upkeep
|turn|26
|
|t:|1779835213
|switch|p1a: Toxapex|Toxapex, M|97/100
|move|p2a: Scizor|Bullet Punch|p1a: Toxapex
|-resisted|p1a: Toxapex
|-damage|p1a: Toxapex|76/100
|
|-heal|p1a: Toxapex|82/100|[from] item: Leftovers
|upkeep
|turn|27
|
|t:|1779835222
|move|p2a: Scizor|Bullet Punch|p1a: Toxapex
|-resisted|p1a: Toxapex
|-damage|p1a: Toxapex|62/100
|move|p1a: Toxapex|Hex|p2a: Scizor
|-damage|p2a: Scizor|0 fnt
|faint|p2a: Scizor
|
|-heal|p1a: Toxapex|68/100|[from] item: Leftovers
|upkeep
|
|t:|1779835225
|switch|p2a: Sinistcha|Sinistcha-Masterpiece|46/100 tox
|turn|28
|
|t:|1779835236
|move|p2a: Sinistcha|Strength Sap|p1a: Toxapex
|-unboost|p1a: Toxapex|atk|1
|-heal|p2a: Sinistcha|80/100 tox
|move|p1a: Toxapex|Hex|p2a: Sinistcha
|-supereffective|p2a: Sinistcha
|-damage|p2a: Sinistcha|36/100 tox
|
|-heal|p1a: Toxapex|75/100|[from] item: Leftovers
|-damage|p2a: Sinistcha|30/100 tox|[from] psn
|upkeep
|turn|29
|
|t:|1779835247
|move|p2a: Sinistcha|Strength Sap|p1a: Toxapex
|-unboost|p1a: Toxapex|atk|1
|-heal|p2a: Sinistcha|52/100 tox
|move|p1a: Toxapex|Hex|p2a: Sinistcha
|-supereffective|p2a: Sinistcha
|-damage|p2a: Sinistcha|9/100 tox
|
|-heal|p1a: Toxapex|81/100|[from] item: Leftovers
|-damage|p2a: Sinistcha|0 fnt|[from] psn
|faint|p2a: Sinistcha
|upkeep
|
|t:|1779835251
|switch|p2a: Iron Treads|Iron Treads|100/100
|-enditem|p2a: Iron Treads|Booster Energy
|-activate|p2a: Iron Treads|ability: Quark Drive|[fromitem]
|-start|p2a: Iron Treads|quarkdriveatk
|turn|30
|
|t:|1779835266
|move|p2a: Iron Treads|Earthquake|p1a: Toxapex
|-supereffective|p1a: Toxapex
|-damage|p1a: Toxapex|6/100
|move|p1a: Toxapex|Toxic|p2a: Iron Treads
|-immune|p2a: Iron Treads
|
|-heal|p1a: Toxapex|12/100|[from] item: Leftovers
|upkeep
|turn|31
|
|t:|1779835290
|switch|p1a: Ceruledge|Ceruledge, F|26/100
|move|p2a: Iron Treads|Earthquake|p1a: Ceruledge
|-supereffective|p1a: Ceruledge
|-damage|p1a: Ceruledge|0 fnt
|faint|p1a: Ceruledge
|
|upkeep
|
|t:|1779835295
|switch|p1a: Sinistcha|Sinistcha|100/100
|turn|32
|
|t:|1779835302
|move|p2a: Iron Treads|Ice Spinner|p1a: Sinistcha
|-supereffective|p1a: Sinistcha
|-crit|p1a: Sinistcha
|-damage|p1a: Sinistcha|30/100
|move|p1a: Sinistcha|Matcha Gotcha|p2a: Iron Treads
|-damage|p2a: Iron Treads|60/100
|-heal|p1a: Sinistcha|53/100|[from] drain|[of] p2a: Iron Treads
|-status|p2a: Iron Treads|brn
|
|-heal|p1a: Sinistcha|59/100|[from] item: Leftovers
|-damage|p2a: Iron Treads|54/100 brn|[from] brn
|upkeep
|turn|33
|
|t:|1779835314
|move|p2a: Iron Treads|Iron Defense|p2a: Iron Treads
|-boost|p2a: Iron Treads|def|2
|move|p1a: Sinistcha|Strength Sap|p2a: Iron Treads
|-unboost|p2a: Iron Treads|atk|1
|-heal|p1a: Sinistcha|100/100
|
|-damage|p2a: Iron Treads|47/100 brn|[from] brn
|upkeep
|turn|34
|
|t:|1779835326
|move|p1a: Sinistcha|Protect|p1a: Sinistcha
|-singleturn|p1a: Sinistcha|Protect
|move|p2a: Iron Treads|Iron Defense|p2a: Iron Treads
|-boost|p2a: Iron Treads|def|2
|
|-damage|p2a: Iron Treads|41/100 brn|[from] brn
|upkeep
|turn|35
|
|t:|1779835335
|move|p2a: Iron Treads|Ice Spinner|p1a: Sinistcha
|-supereffective|p1a: Sinistcha
|-damage|p1a: Sinistcha|83/100
|move|p1a: Sinistcha|Matcha Gotcha|p2a: Iron Treads
|-damage|p2a: Iron Treads|3/100 brn
|-heal|p1a: Sinistcha|100/100|[from] drain|[of] p2a: Iron Treads
|
|-damage|p2a: Iron Treads|0 fnt|[from] brn
|faint|p2a: Iron Treads
|-end|p2a: Iron Treads|Quark Drive|[silent]
|upkeep
|
|t:|1779835338
|switch|p2a: Raging Bolt|Raging Bolt|100/100
|turn|36
|
|t:|1779835353
|move|p1a: Sinistcha|Curse|p2a: Raging Bolt
|-start|p2a: Raging Bolt|Curse|[of] p1a: Sinistcha
|-damage|p1a: Sinistcha|50/100
|move|p2a: Raging Bolt|Calm Mind|p2a: Raging Bolt
|-boost|p2a: Raging Bolt|spa|1
|-boost|p2a: Raging Bolt|spd|1
|
|-heal|p1a: Sinistcha|57/100|[from] item: Leftovers
|-damage|p2a: Raging Bolt|76/100|[from] Curse
|upkeep
|turn|37
|
|t:|1779835359
|move|p1a: Sinistcha|Strength Sap|p2a: Raging Bolt
|-unboost|p2a: Raging Bolt|atk|1
|-heal|p1a: Sinistcha|100/100
|move|p2a: Raging Bolt|Draco Meteor|p1a: Sinistcha
|-damage|p1a: Sinistcha|3/100
|-unboost|p2a: Raging Bolt|spa|2
|
|-heal|p1a: Sinistcha|9/100|[from] item: Leftovers
|-damage|p2a: Raging Bolt|51/100|[from] Curse
|upkeep
|turn|38
|
|t:|1779835365
|move|p1a: Sinistcha|Strength Sap|p2a: Raging Bolt
|-unboost|p2a: Raging Bolt|atk|1
|-heal|p1a: Sinistcha|42/100
|move|p2a: Raging Bolt|Draco Meteor|p1a: Sinistcha
|-damage|p1a: Sinistcha|0 fnt
|-unboost|p2a: Raging Bolt|spa|2
|faint|p1a: Sinistcha
|
|-damage|p2a: Raging Bolt|26/100|[from] Curse
|upkeep
|
|t:|1779835370
|switch|p1a: Gliscor|Gliscor, F|100/100
|turn|39
|
|t:|1779835376
|move|p1a: Gliscor|Facade|p2a: Raging Bolt
|-damage|p2a: Raging Bolt|17/100
|move|p2a: Raging Bolt|Draco Meteor|p1a: Gliscor
|-damage|p1a: Gliscor|71/100
|-unboost|p2a: Raging Bolt|spa|2
|
|-damage|p2a: Raging Bolt|0 fnt|[from] Curse
|faint|p2a: Raging Bolt
|-end|p2a: Raging Bolt|Protosynthesis|[silent]
|-status|p1a: Gliscor|tox|[from] item: Toxic Orb
|upkeep
|
|t:|1779835378
|switch|p2a: Blastoise|Blastoise, F|36/100 tox
|turn|40
|
|t:|1779835381
|move|p1a: Gliscor|Facade|p2a: Blastoise
|-crit|p2a: Blastoise
|-damage|p2a: Blastoise|0 fnt
|faint|p2a: Blastoise
|
|win|PuddleOfPuke
