|j|☆Afogomorn
|j|☆glimpseman
|t:|1779915918
|gametype|singles
|player|p1|Afogomorn|101|1599
|player|p2|glimpseman|#wcor2025canada|1654
|gen|9
|tier|[Gen 9] OU
|rated|
|rule|HP Percentage Mod: HP is shown in percentages
|rule|Endless Battle Clause: Forcing endless battles is banned
|rule|Species Clause: Limit one of each Pokémon
|rule|OHKO Clause: OHKO moves are banned
|rule|Evasion Items Clause: Evasion items are banned
|rule|Evasion Moves Clause: Evasion moves are banned
|rule|Evasion Abilities Clause: Evasion abilities are banned
|rule|Sleep Moves Clause: Sleep-inducing moves are banned
|clearpoke
|poke|p1|Dragonite, M|
|poke|p1|Iron Valiant|
|poke|p1|Great Tusk|
|poke|p1|Samurott-Hisui, F|
|poke|p1|Scizor, F|
|poke|p1|Ditto|
|poke|p2|Toxtricity, M|
|poke|p2|Gholdengo|
|poke|p2|Ting-Lu|
|poke|p2|Glimmora, F|
|poke|p2|Iron Valiant|
|poke|p2|Rillaboom, F|
|teampreview
|inactive|Battle timer is ON: inactive players will automatically lose when time's up. (requested by glimpseman)
|
|t:|1779915935
|teamsize|p1|6
|teamsize|p2|6
|start
|switch|p1a: Samurott|Samurott-Hisui, F, shiny|100/100
|switch|p2a: Rillaboom|Rillaboom, F|100/100
|-fieldstart|move: Grassy Terrain|[from] ability: Grassy Surge|[of] p2a: Rillaboom
|turn|1
|
|t:|1779915943
|switch|p1a: Scizor|Scizor, F, shiny|100/100
|move|p2a: Rillaboom|Knock Off|p1a: Scizor
|-damage|p1a: Scizor|64/100
|-enditem|p1a: Scizor|Life Orb|[from] move: Knock Off|[of] p2a: Rillaboom
|
|-heal|p1a: Scizor|70/100|[from] Grassy Terrain
|upkeep
|turn|2
|
|t:|1779915951
|switch|p2a: Glimmora|Glimmora, F|100/100
|move|p1a: Scizor|Swords Dance|p1a: Scizor
|-boost|p1a: Scizor|atk|2
|
|-heal|p1a: Scizor|76/100|[from] Grassy Terrain
|upkeep
|turn|3
|
|t:|1779915959
|switch|p2a: Ting-Lu|Ting-Lu|100/100
|-ability|p2a: Ting-Lu|Vessel of Ruin
|move|p1a: Scizor|Bullet Punch|p2a: Ting-Lu
|-damage|p2a: Ting-Lu|68/100
|
|-heal|p1a: Scizor|82/100|[from] Grassy Terrain
|-heal|p2a: Ting-Lu|74/100|[from] Grassy Terrain
|-heal|p2a: Ting-Lu|81/100|[from] item: Leftovers
|upkeep
|turn|4
|
|t:|1779915969
|move|p1a: Scizor|Close Combat|p2a: Ting-Lu
|-supereffective|p2a: Ting-Lu
|-damage|p2a: Ting-Lu|0 fnt
|-unboost|p1a: Scizor|def|1
|-unboost|p1a: Scizor|spd|1
|faint|p2a: Ting-Lu
|
|-heal|p1a: Scizor|88/100|[from] Grassy Terrain
|upkeep
|
|t:|1779915973
|switch|p2a: Gholdengo|Gholdengo|100/100
|turn|5
|
|t:|1779915980
|move|p1a: Scizor|Knock Off|p2a: Gholdengo
|-supereffective|p2a: Gholdengo
|-crit|p2a: Gholdengo
|-damage|p2a: Gholdengo|0 fnt
|-enditem|p2a: Gholdengo|Shuca Berry|[from] move: Knock Off|[of] p1a: Scizor
|faint|p2a: Gholdengo
|
|-heal|p1a: Scizor|94/100|[from] Grassy Terrain
|-fieldend|move: Grassy Terrain
|upkeep
|
|t:|1779915991
|switch|p2a: Rillaboom|Rillaboom, F|100/100
|-fieldstart|move: Grassy Terrain|[from] ability: Grassy Surge|[of] p2a: Rillaboom
|turn|6
|
|t:|1779915999
|move|p2a: Rillaboom|Grassy Glide|p1a: Scizor
|-resisted|p1a: Scizor
|-damage|p1a: Scizor|78/100
|move|p1a: Scizor|Swords Dance|p1a: Scizor
|-boost|p1a: Scizor|atk|2
|
|-heal|p1a: Scizor|84/100|[from] Grassy Terrain
|upkeep
|turn|7
|
|t:|1779916009
|move|p1a: Scizor|Bullet Punch|p2a: Rillaboom
|-damage|p2a: Rillaboom|1/100
|move|p2a: Rillaboom|High Horsepower|p1a: Scizor
|-damage|p1a: Scizor|25/100
|
|-heal|p1a: Scizor|31/100|[from] Grassy Terrain
|-heal|p2a: Rillaboom|7/100|[from] Grassy Terrain
|upkeep
|turn|8
|
|t:|1779916016
|move|p1a: Scizor|Bullet Punch|p2a: Rillaboom
|-damage|p2a: Rillaboom|0 fnt
|faint|p2a: Rillaboom
|
|-heal|p1a: Scizor|38/100|[from] Grassy Terrain
|upkeep
|
|t:|1779916018
|switch|p2a: Toxtricity|Toxtricity, M, shiny|100/100
|turn|9
|j| Da292
|
|t:|1779916023
|move|p1a: Scizor|Bullet Punch|p2a: Toxtricity
|-resisted|p2a: Toxtricity
|-damage|p2a: Toxtricity|23/100
|move|p2a: Toxtricity|Boomburst|p1a: Scizor
|-resisted|p1a: Scizor
|-damage|p1a: Scizor|0 fnt
|faint|p1a: Scizor
|-enditem|p2a: Toxtricity|Throat Spray
|-boost|p2a: Toxtricity|spa|1|[from] item: Throat Spray
|
|-heal|p2a: Toxtricity|29/100|[from] Grassy Terrain
|upkeep
|
|t:|1779916033
|switch|p1a: Ditto|Ditto|100/100
|-transform|p1a: Ditto|p2a: Toxtricity|[from] ability: Imposter
|turn|10
|
|t:|1779916046
|move|p1a: Ditto|Boomburst|p2a: Toxtricity
|-crit|p2a: Toxtricity
|-damage|p2a: Toxtricity|0 fnt
|faint|p2a: Toxtricity
|
|-fieldend|move: Grassy Terrain
|upkeep
|
|t:|1779916049
|switch|p2a: Glimmora|Glimmora, F|100/100
|turn|11
|
|t:|1779916053
|move|p1a: Ditto|Boomburst|p2a: Glimmora
|-resisted|p2a: Glimmora
|-damage|p2a: Glimmora|48/100
|move|p2a: Glimmora|Power Gem|p1a: Ditto
|-damage|p1a: Ditto|50/100
|
|upkeep
|turn|12
|
|t:|1779916059
|move|p1a: Ditto|Boomburst|p2a: Glimmora
|-resisted|p2a: Glimmora
|-damage|p2a: Glimmora|0 fnt
|faint|p2a: Glimmora
|
|upkeep
|
|t:|1779916060
|switch|p2a: Iron Valiant|Iron Valiant|100/100
|-enditem|p2a: Iron Valiant|Booster Energy
|-activate|p2a: Iron Valiant|ability: Quark Drive|[fromitem]
|-start|p2a: Iron Valiant|quarkdrivespe
|turn|13
|
|t:|1779916066
|move|p2a: Iron Valiant|Knock Off|p1a: Ditto
|-damage|p1a: Ditto|2/100
|-enditem|p1a: Ditto|Choice Scarf|[from] move: Knock Off|[of] p2a: Iron Valiant
|move|p1a: Ditto|Boomburst|p2a: Iron Valiant
|-damage|p2a: Iron Valiant|0 fnt
|faint|p2a: Iron Valiant
|-end|p2a: Iron Valiant|Quark Drive|[silent]
|
|win|Afogomorn
|raw|Afogomorn's rating: 1599 &rarr; <strong>1622</strong><br />(+23 for winning)
|raw|glimpseman's rating: 1654 &rarr; <strong>1631</strong><br />(-23 for losing)
|l|☆glimpseman
|player|p2|
|l|☆Afogomorn
|player|p1|
|l| Da292
