|j|☆JGLoryOG
|j|☆BananIsac
|t:|1779876894
|gametype|singles
|player|p1|JGLoryOG|265|1165
|player|p2|BananIsac|caitlin|1185
|gen|9
|tier|[Gen 9] OU
|rated|
|rule|HP Percentage Mod: HP is shown in percentages
|rule|Endless Battle Clause: Forcing endless battles is banned
|rule|Species Clause: Limit one of each Pokémon
|rule|OHKO Clause: OHKO moves are banned
|rule|Evasion Items Clause: Evasion items are banned
|rule|Evasion Moves Clause: Evasion moves are banned
|rule|Evasion Abilities Clause: Evasion abilities are banned
|rule|Sleep Moves Clause: Sleep-inducing moves are banned
|clearpoke
|poke|p1|Cinderace, M|
|poke|p1|Garganacl, M|
|poke|p1|Primarina, F|
|poke|p1|Gliscor, M|
|poke|p1|Espeon, M|
|poke|p1|Serperior, F|
|poke|p2|Zamazenta-*|
|poke|p2|Iron Treads|
|poke|p2|Breloom, M|
|poke|p2|Kyurem|
|poke|p2|Ogerpon-Wellspring, F|
|poke|p2|Latias, F|
|teampreview
|inactive|Battle timer is ON: inactive players will automatically lose when time's up. (requested by BananIsac)
|
|t:|1779876903
|teamsize|p1|6
|teamsize|p2|6
|start
|switch|p1a: Leon|Cinderace, M, shiny|100/100
|switch|p2a: Iron Treads|Iron Treads|100/100
|turn|1
|
|t:|1779876918
|move|p1a: Leon|Pyro Ball|p2a: Iron Treads
|-supereffective|p2a: Iron Treads
|-damage|p2a: Iron Treads|0 fnt
|faint|p2a: Iron Treads
|-end|p2a: Iron Treads|Quark Drive|[silent]
|
|upkeep
|inactive|BananIsac has 120 seconds left.
|
|t:|1779876940
|switch|p2a: Ogerpon|Ogerpon-Wellspring, F|100/100
|turn|2
|
|t:|1779876945
|move|p1a: Leon|U-turn|p2a: Ogerpon
|-start|p1a: Leon|typechange|Bug|[from] ability: Libero
|-supereffective|p2a: Ogerpon
|-damage|p2a: Ogerpon|17/100
|
|t:|1779876954
|switch|p1a: Rosé|Serperior, F|100/100|[from] U-turn
|move|p2a: Ogerpon|Ivy Cudgel|p1a: Rosé|[anim] Ivy Cudgel Water
|-resisted|p1a: Rosé
|-damage|p1a: Rosé|62/100
|
|upkeep
|turn|3
|
|t:|1779876968
|move|p1a: Rosé|Leaf Storm|p2a: Ogerpon|[miss]
|-miss|p1a: Rosé|p2a: Ogerpon
|move|p2a: Ogerpon|Knock Off|p1a: Rosé
|-damage|p1a: Rosé|13/100
|-enditem|p1a: Rosé|Choice Scarf|[from] move: Knock Off|[of] p2a: Ogerpon
|
|upkeep
|turn|4
|
|t:|1779876977
|move|p2a: Ogerpon|Ivy Cudgel|p1a: Rosé|[anim] Ivy Cudgel Water
|-resisted|p1a: Rosé
|-damage|p1a: Rosé|0 fnt
|faint|p1a: Rosé
|
|upkeep
|
|t:|1779876986
|switch|p1a: Leon|Cinderace, M, shiny|100/100
|turn|5
|
|t:|1779876992
|switch|p2a: Zamazenta|Zamazenta|100/100
|-ability|p2a: Zamazenta|Dauntless Shield|boost
|-boost|p2a: Zamazenta|def|1
|move|p1a: Leon|U-turn|p2a: Zamazenta
|-start|p1a: Leon|typechange|Bug|[from] ability: Libero
|-resisted|p2a: Zamazenta
|-damage|p2a: Zamazenta|90/100
|
|t:|1779877000
|switch|p1a: Jae|Espeon, M|100/100|[from] U-turn
|
|-heal|p2a: Zamazenta|96/100|[from] item: Leftovers
|upkeep
|turn|6
|
|t:|1779877008
|move|p2a: Zamazenta|Crunch|p1a: Jae
|-supereffective|p1a: Jae
|-enditem|p1a: Jae|Focus Sash
|-damage|p1a: Jae|1/100
|move|p1a: Jae|Psychic|p2a: Zamazenta
|-supereffective|p2a: Zamazenta
|-damage|p2a: Zamazenta|5/100
|
|-heal|p2a: Zamazenta|12/100|[from] item: Leftovers
|upkeep
|turn|7
|
|t:|1779877018
|move|p2a: Zamazenta|Crunch|p1a: Jae
|-supereffective|p1a: Jae
|-damage|p1a: Jae|0 fnt
|faint|p1a: Jae
|
|-heal|p2a: Zamazenta|18/100|[from] item: Leftovers
|upkeep
|
|t:|1779877042
|switch|p1a: Leon|Cinderace, M, shiny|100/100
|turn|8
|
|t:|1779877050
|move|p1a: Leon|Pyro Ball|p2a: Zamazenta
|-damage|p2a: Zamazenta|0 fnt
|faint|p2a: Zamazenta
|
|upkeep
|
|t:|1779877057
|switch|p2a: Kyurem|Kyurem|100/100
|-ability|p2a: Kyurem|Pressure
|turn|9
|
|t:|1779877066
|move|p1a: Leon|U-turn|p2a: Kyurem
|-start|p1a: Leon|typechange|Bug|[from] ability: Libero
|-damage|p2a: Kyurem|66/100
|
|t:|1779877070
|switch|p1a: Melody|Primarina, F, shiny|100/100|[from] U-turn
|move|p2a: Kyurem|Freeze-Dry|p1a: Melody
|-supereffective|p1a: Melody
|-damage|p1a: Melody|61/100
|
|upkeep
|turn|10
|
|t:|1779877078
|-terastallize|p2a: Kyurem|Ice
|move|p2a: Kyurem|Freeze-Dry|p1a: Melody
|-supereffective|p1a: Melody
|-damage|p1a: Melody|15/100
|move|p1a: Melody|Moonblast|p2a: Kyurem
|-damage|p2a: Kyurem|10/100
|
|upkeep
|turn|11
|
|t:|1779877087
|move|p1a: Melody|Aqua Jet|p2a: Kyurem
|-crit|p2a: Kyurem
|-damage|p2a: Kyurem|0 fnt
|faint|p2a: Kyurem
|
|upkeep
|
|t:|1779877093
|switch|p2a: My Son|Breloom, M, shiny|100/100
|turn|12
|
|t:|1779877098
|move|p1a: Melody|Aqua Jet|p2a: My Son
|-resisted|p2a: My Son
|-damage|p2a: My Son|87/100
|move|p2a: My Son|Bullet Seed|p1a: Melody
|-supereffective|p1a: Melody
|-crit|p1a: Melody
|-damage|p1a: Melody|0 fnt
|faint|p1a: Melody
|-hitcount|p1: Melody|1
|
|upkeep
|
|t:|1779877113
|switch|p1a: Leon|Cinderace, M, shiny|100/100
|turn|13
|
|t:|1779877117
|switch|p2a: Latias|Latias, F|100/100
|move|p1a: Leon|Pyro Ball|p2a: Latias
|-resisted|p2a: Latias
|-damage|p2a: Latias|62/100
|
|upkeep
|turn|14
|
|t:|1779877124
|move|p1a: Leon|U-turn|p2a: Latias
|-start|p1a: Leon|typechange|Bug|[from] ability: Libero
|-supereffective|p2a: Latias
|-damage|p2a: Latias|0 fnt
|faint|p2a: Latias
|
|t:|1779877133
|switch|p1a: Megumi|Garganacl, M|100/100|[from] U-turn
|
|upkeep
|
|t:|1779877140
|switch|p2a: Ogerpon|Ogerpon-Wellspring, F|17/100
|turn|15
|
|t:|1779877144
|-terastallize|p1a: Megumi|Ghost
|move|p2a: Ogerpon|Horn Leech|p1a: Megumi
|-damage|p1a: Megumi|79/100
|-heal|p2a: Ogerpon|31/100|[from] drain|[of] p1a: Megumi
|move|p1a: Megumi|Salt Cure|p2a: Ogerpon
|-damage|p2a: Ogerpon|14/100
|-start|p2a: Ogerpon|Salt Cure
|
|-heal|p1a: Megumi|85/100|[from] item: Leftovers
|-damage|p2a: Ogerpon|0 fnt|[from] Salt Cure
|faint|p2a: Ogerpon
|upkeep
|
|t:|1779877155
|switch|p2a: My Son|Breloom, M, shiny|87/100
|turn|16
|
|t:|1779877161
|move|p2a: My Son|Bullet Seed|p1a: Megumi
|-damage|p1a: Megumi|76/100
|-damage|p1a: Megumi|66/100
|-damage|p1a: Megumi|56/100
|-damage|p1a: Megumi|46/100
|-damage|p1a: Megumi|36/100
|-hitcount|p1a: Megumi|5
|move|p1a: Megumi|Salt Cure|p2a: My Son
|-resisted|p2a: My Son
|-damage|p2a: My Son|76/100
|-start|p2a: My Son|Salt Cure
|
|-heal|p1a: Megumi|43/100|[from] item: Leftovers
|-damage|p2a: My Son|64/100|[from] Salt Cure
|upkeep
|turn|17
|
|t:|1779877177
|move|p1a: Megumi|Protect|p1a: Megumi
|-singleturn|p1a: Megumi|Protect
|move|p2a: My Son|Bullet Seed|p1a: Megumi
|-activate|p1a: Megumi|move: Protect
|
|-heal|p1a: Megumi|49/100|[from] item: Leftovers
|-damage|p2a: My Son|52/100|[from] Salt Cure
|upkeep
|turn|18
|-message|BananIsac forfeited.
|
|win|JGLoryOG
|raw|JGLoryOG's rating: 1165 &rarr; <strong>1191</strong><br />(+26 for winning)
|raw|BananIsac's rating: 1185 &rarr; <strong>1159</strong><br />(-26 for losing)
|l|☆BananIsac
|player|p2|
|l|☆JGLoryOG
|player|p1|
|j|☆JGLoryOG
|player|p1|JGLoryOG|265|
