|j|☆NarwhalMD22
|j|‽Yujiro-Jamon
|t:|1779941222
|gametype|singles
|player|p1|NarwhalMD22|roark|1318
|player|p2|Yujiro-Jamon|101|1295
|gen|9
|tier|[Gen 9] OU
|rated|
|rule|HP Percentage Mod: HP is shown in percentages
|rule|Endless Battle Clause: Forcing endless battles is banned
|rule|Species Clause: Limit one of each Pokémon
|rule|OHKO Clause: OHKO moves are banned
|rule|Evasion Items Clause: Evasion items are banned
|rule|Evasion Moves Clause: Evasion moves are banned
|rule|Evasion Abilities Clause: Evasion abilities are banned
|rule|Sleep Moves Clause: Sleep-inducing moves are banned
|clearpoke
|poke|p1|Rabsca, M|
|poke|p1|Tyranitar, M|
|poke|p1|Raging Bolt|
|poke|p1|Primarina, M|
|poke|p1|Ceruledge, M|
|poke|p1|Great Tusk|
|poke|p2|Blaziken, M|
|poke|p2|Conkeldurr, M|
|poke|p2|Corviknight, F|
|poke|p2|Zapdos|
|poke|p2|Landorus-Therian, M|
|poke|p2|Clefable, M|
|teampreview
|inactive|Battle timer is ON: inactive players will automatically lose when time's up. (requested by NarwhalMD22)
|
|t:|1779941248
|teamsize|p1|6
|teamsize|p2|6
|start
|switch|p1a: Primarina|Primarina, M|100/100
|switch|p2a: Conkeldurr|Conkeldurr, M|100/100
|turn|1
|
|t:|1779941264
|switch|p2a: Clefable|Clefable, M|100/100
|move|p1a: Primarina|Hyper Voice|p2a: Clefable
|-damage|p2a: Clefable|75/100
|-enditem|p1a: Primarina|Throat Spray
|-boost|p1a: Primarina|spa|1|[from] item: Throat Spray
|
|-heal|p2a: Clefable|81/100|[from] item: Leftovers
|upkeep
|turn|2
|
|t:|1779941274
|move|p2a: Clefable|Cosmic Power|p2a: Clefable
|-boost|p2a: Clefable|def|1
|-boost|p2a: Clefable|spd|1
|move|p1a: Primarina|Hyper Voice|p2a: Clefable
|-damage|p2a: Clefable|64/100
|
|-heal|p2a: Clefable|70/100|[from] item: Leftovers
|upkeep
|turn|3
|
|t:|1779941281
|switch|p1a: Tyranitar|Tyranitar, M|100/100
|-weather|Sandstorm|[from] ability: Sand Stream|[of] p1a: Tyranitar
|move|p2a: Clefable|Cosmic Power|p2a: Clefable
|-boost|p2a: Clefable|def|1
|-boost|p2a: Clefable|spd|1
|
|-weather|Sandstorm|[upkeep]
|-damage|p2a: Clefable|64/100|[from] Sandstorm
|-heal|p2a: Clefable|70/100|[from] item: Leftovers
|upkeep
|turn|4
|
|t:|1779941288
|move|p1a: Tyranitar|Knock Off|p2a: Clefable
|-resisted|p2a: Clefable
|-damage|p2a: Clefable|54/100
|-enditem|p2a: Clefable|Leftovers|[from] move: Knock Off|[of] p1a: Tyranitar
|move|p2a: Clefable|Wish|p2a: Clefable
|
|-weather|Sandstorm|[upkeep]
|-damage|p2a: Clefable|48/100|[from] Sandstorm
|upkeep
|turn|5
|
|t:|1779941295
|move|p1a: Tyranitar|Stone Edge|p2a: Clefable
|-damage|p2a: Clefable|14/100
|move|p2a: Clefable|Moonblast|p1a: Tyranitar
|-supereffective|p1a: Tyranitar
|-damage|p1a: Tyranitar|77/100
|-unboost|p1a: Tyranitar|spa|1
|
|-weather|Sandstorm|[upkeep]
|-damage|p2a: Clefable|8/100|[from] Sandstorm
|-heal|p2a: Clefable|58/100|[from] move: Wish|[wisher] Clefable
|upkeep
|turn|6
|
|t:|1779941301
|move|p1a: Tyranitar|Stone Edge|p2a: Clefable
|-damage|p2a: Clefable|27/100
|move|p2a: Clefable|Wish|p2a: Clefable
|
|-weather|Sandstorm|[upkeep]
|-damage|p2a: Clefable|21/100|[from] Sandstorm
|upkeep
|turn|7
|
|t:|1779941306
|move|p2a: Clefable|Protect|p2a: Clefable
|-singleturn|p2a: Clefable|Protect
|move|p1a: Tyranitar|Stone Edge|p2a: Clefable
|-activate|p2a: Clefable|move: Protect
|
|-weather|none
|-heal|p2a: Clefable|71/100|[from] move: Wish|[wisher] Clefable
|upkeep
|turn|8
|
|t:|1779941315
|move|p1a: Tyranitar|Stone Edge|p2a: Clefable
|-damage|p2a: Clefable|38/100
|move|p2a: Clefable|Moonblast|p1a: Tyranitar
|-supereffective|p1a: Tyranitar
|-damage|p1a: Tyranitar|41/100
|
|upkeep
|turn|9
|
|t:|1779941324
|move|p1a: Tyranitar|Stone Edge|p2a: Clefable
|-damage|p2a: Clefable|5/100
|move|p2a: Clefable|Wish|p2a: Clefable
|
|upkeep
|turn|10
|
|t:|1779941330
|move|p2a: Clefable|Protect|p2a: Clefable
|-singleturn|p2a: Clefable|Protect
|move|p1a: Tyranitar|Stone Edge|p2a: Clefable
|-activate|p2a: Clefable|move: Protect
|
|-heal|p2a: Clefable|55/100|[from] move: Wish|[wisher] Clefable
|upkeep
|turn|11
|
|t:|1779941338
|move|p1a: Tyranitar|Stone Edge|p2a: Clefable
|-damage|p2a: Clefable|24/100
|move|p2a: Clefable|Wish|p2a: Clefable
|
|upkeep
|turn|12
|
|t:|1779941346
|switch|p1a: Indra|Raging Bolt|100/100
|move|p2a: Clefable|Protect||[still]
|-fail|p2a: Clefable
|
|-heal|p2a: Clefable|74/100|[from] move: Wish|[wisher] Clefable
|upkeep
|turn|13
|
|t:|1779941354
|-terastallize|p1a: Indra|Electric
|move|p1a: Indra|Volt Switch|p2a: Clefable
|-damage|p2a: Clefable|47/100
|
|t:|1779941361
|-end|p1a: Indra|Protosynthesis|[silent]
|switch|p1a: Tyranitar|Tyranitar, M|41/100|[from] Volt Switch
|-weather|Sandstorm|[from] ability: Sand Stream|[of] p1a: Tyranitar
|move|p2a: Clefable|Cosmic Power|p2a: Clefable
|-boost|p2a: Clefable|def|1
|-boost|p2a: Clefable|spd|1
|
|-weather|Sandstorm|[upkeep]
|-damage|p2a: Clefable|41/100|[from] Sandstorm
|upkeep
|turn|14
|
|t:|1779941367
|move|p1a: Tyranitar|Stone Edge|p2a: Clefable|[miss]
|-miss|p1a: Tyranitar|p2a: Clefable
|move|p2a: Clefable|Wish|p2a: Clefable
|
|-weather|Sandstorm|[upkeep]
|-damage|p2a: Clefable|35/100|[from] Sandstorm
|upkeep
|turn|15
|
|t:|1779941371
|move|p2a: Clefable|Protect|p2a: Clefable
|-singleturn|p2a: Clefable|Protect
|move|p1a: Tyranitar|Earthquake|p2a: Clefable
|-activate|p2a: Clefable|move: Protect
|
|-weather|Sandstorm|[upkeep]
|-damage|p2a: Clefable|29/100|[from] Sandstorm
|-heal|p2a: Clefable|79/100|[from] move: Wish|[wisher] Clefable
|upkeep
|turn|16
|
|t:|1779941376
|move|p1a: Tyranitar|Earthquake|p2a: Clefable
|-damage|p2a: Clefable|62/100
|move|p2a: Clefable|Moonblast|p1a: Tyranitar
|-supereffective|p1a: Tyranitar
|-damage|p1a: Tyranitar|18/100
|
|-weather|Sandstorm|[upkeep]
|-damage|p2a: Clefable|56/100|[from] Sandstorm
|upkeep
|turn|17
|
|t:|1779941382
|move|p1a: Tyranitar|Earthquake|p2a: Clefable
|-damage|p2a: Clefable|38/100
|move|p2a: Clefable|Cosmic Power|p2a: Clefable
|-boost|p2a: Clefable|def|1
|-boost|p2a: Clefable|spd|1
|
|-weather|none
|upkeep
|turn|18
|
|t:|1779941386
|move|p1a: Tyranitar|Earthquake|p2a: Clefable
|-damage|p2a: Clefable|24/100
|move|p2a: Clefable|Wish|p2a: Clefable
|
|upkeep
|turn|19
|
|t:|1779941389
|move|p2a: Clefable|Protect|p2a: Clefable
|-singleturn|p2a: Clefable|Protect
|move|p1a: Tyranitar|Earthquake|p2a: Clefable
|-activate|p2a: Clefable|move: Protect
|
|-heal|p2a: Clefable|74/100|[from] move: Wish|[wisher] Clefable
|upkeep
|turn|20
|
|t:|1779941392
|move|p1a: Tyranitar|Earthquake|p2a: Clefable
|-damage|p2a: Clefable|58/100
|move|p2a: Clefable|Moonblast|p1a: Tyranitar
|-supereffective|p1a: Tyranitar
|-damage|p1a: Tyranitar|0 fnt
|faint|p1a: Tyranitar
|
|upkeep
|
|t:|1779941415
|switch|p1a: Indra|Raging Bolt, tera:Electric|100/100
|turn|21
|
|t:|1779941422
|move|p1a: Indra|Thunderbolt|p2a: Clefable
|-damage|p2a: Clefable|32/100
|move|p2a: Clefable|Wish|p2a: Clefable
|
|upkeep
|turn|22
|
|t:|1779941426
|-end|p1a: Indra|Protosynthesis|[silent]
|switch|p1a: Rabsca|Rabsca, M|100/100
|move|p2a: Clefable|Protect||[still]
|-fail|p2a: Clefable
|
|-heal|p2a: Clefable|82/100|[from] move: Wish|[wisher] Clefable
|upkeep
|turn|23
|-message|NarwhalMD22 forfeited.
|
|win|Yujiro-Jamon
|raw|NarwhalMD22's rating: 1318 &rarr; <strong>1298</strong><br />(-20 for losing)
|raw|Yujiro-Jamon's rating: 1324 &rarr; <strong>1344</strong><br />(+20 for winning)
|l|☆NarwhalMD22
|player|p1|
|l|‽Yujiro-Jamon
|player|p2|
