|j|☆YoSoyDelBronx
|j|☆raptors in 6
|t:|1779923502
|gametype|singles
|player|p1|YoSoyDelBronx|noland|1224
|player|p2|raptors in 6|1|1229
|gen|9
|tier|[Gen 9] OU
|rated|
|rule|HP Percentage Mod: HP is shown in percentages
|rule|Endless Battle Clause: Forcing endless battles is banned
|rule|Species Clause: Limit one of each Pokémon
|rule|OHKO Clause: OHKO moves are banned
|rule|Evasion Items Clause: Evasion items are banned
|rule|Evasion Moves Clause: Evasion moves are banned
|rule|Evasion Abilities Clause: Evasion abilities are banned
|rule|Sleep Moves Clause: Sleep-inducing moves are banned
|clearpoke
|poke|p1|Blaziken, M|
|poke|p1|Diancie|
|poke|p1|Weavile, M|
|poke|p1|Ceruledge, M|
|poke|p1|Ninetales, F|
|poke|p1|Cresselia, F|
|poke|p2|Walking Wake|
|poke|p2|Cinderace, F|
|poke|p2|Wo-Chien|
|poke|p2|Slither Wing|
|poke|p2|Torkoal, F|
|poke|p2|Hatterene, F|
|teampreview
|inactive|Battle timer is ON: inactive players will automatically lose when time's up. (requested by YoSoyDelBronx)
|
|t:|1779923525
|teamsize|p1|6
|teamsize|p2|6
|start
|switch|p1a: Capitán Salami|Blaziken, M, shiny|100/100
|switch|p2a: Hatterene|Hatterene, F|100/100
|-item|p2a: Hatterene|Air Balloon
|turn|1
|
|t:|1779923536
|move|p1a: Capitán Salami|Focus Energy|p1a: Capitán Salami
|-start|p1a: Capitán Salami|move: Focus Energy
|move|p2a: Hatterene|Nuzzle|p1a: Capitán Salami
|-damage|p1a: Capitán Salami|94/100
|-status|p1a: Capitán Salami|par
|
|-ability|p1a: Capitán Salami|Speed Boost|boost
|-boost|p1a: Capitán Salami|spe|1
|upkeep
|turn|2
|
|t:|1779923540
|move|p1a: Capitán Salami|Overheat|p2a: Hatterene
|-crit|p2a: Hatterene
|-damage|p2a: Hatterene|0 fnt
|-unboost|p1a: Capitán Salami|spa|2
|-enditem|p2a: Hatterene|Air Balloon
|faint|p2a: Hatterene
|
|-ability|p1a: Capitán Salami|Speed Boost|boost
|-boost|p1a: Capitán Salami|spe|1
|upkeep
|
|t:|1779923548
|switch|p2a: Torkoal|Torkoal, F|100/100
|-weather|SunnyDay|[from] ability: Drought|[of] p2a: Torkoal
|turn|3
|
|t:|1779923552
|move|p1a: Capitán Salami|Overheat|p2a: Torkoal
|-resisted|p2a: Torkoal
|-crit|p2a: Torkoal
|-damage|p2a: Torkoal|32/100
|-unboost|p1a: Capitán Salami|spa|2
|move|p2a: Torkoal|Stealth Rock|p1a: Capitán Salami
|-sidestart|p1: YoSoyDelBronx|move: Stealth Rock
|
|-weather|SunnyDay|[upkeep]
|-ability|p1a: Capitán Salami|Speed Boost|boost
|-boost|p1a: Capitán Salami|spe|1
|upkeep
|turn|4
|
|t:|1779923556
|switch|p2a: Walking Wake|Walking Wake|100/100
|-activate|p2a: Walking Wake|ability: Protosynthesis
|-start|p2a: Walking Wake|protosynthesisspe
|move|p1a: Capitán Salami|Overheat|p2a: Walking Wake
|-resisted|p2a: Walking Wake
|-crit|p2a: Walking Wake
|-damage|p2a: Walking Wake|57/100
|-unboost|p1a: Capitán Salami|spa|2
|
|-weather|SunnyDay|[upkeep]
|-ability|p1a: Capitán Salami|Speed Boost|boost
|-boost|p1a: Capitán Salami|spe|1
|upkeep
|turn|5
|
|t:|1779923562
|move|p2a: Walking Wake|Hydro Steam|p1a: Capitán Salami
|-supereffective|p1a: Capitán Salami
|-damage|p1a: Capitán Salami|0 fnt
|faint|p1a: Capitán Salami
|
|-weather|SunnyDay|[upkeep]
|upkeep
|
|t:|1779923574
|switch|p1a: Moony|Cresselia, F, shiny|100/100
|-damage|p1a: Moony|88/100|[from] Stealth Rock
|turn|6
|
|t:|1779923576
|move|p2a: Walking Wake|Hydro Steam|p1a: Moony
|-damage|p1a: Moony|33/100
|move|p1a: Moony|Trick Room|p1a: Moony
|-fieldstart|move: Trick Room|[of] p1a: Moony
|
|-weather|SunnyDay|[upkeep]
|upkeep
|turn|7
|
|t:|1779923581
|-end|p2a: Walking Wake|Protosynthesis|[silent]
|switch|p2a: Torkoal|Torkoal, F|32/100
|move|p1a: Moony|Psychic|p2a: Torkoal
|-damage|p2a: Torkoal|9/100
|
|-weather|SunnyDay|[upkeep]
|upkeep
|turn|8
|
|t:|1779923585
|move|p2a: Torkoal|Overheat|p1a: Moony
|-damage|p1a: Moony|0 fnt
|-unboost|p2a: Torkoal|spa|2
|faint|p1a: Moony
|
|-weather|SunnyDay|[upkeep]
|upkeep
|
|t:|1779923588
|switch|p1a: SimaSoyYo|Diancie, shiny|100/100
|-damage|p1a: SimaSoyYo|88/100|[from] Stealth Rock
|turn|9
|
|t:|1779923598
|switch|p2a: wochieniunely|Wo-Chien|100/100
|-ability|p2a: wochieniunely|Tablets of Ruin
|move|p1a: SimaSoyYo|Meteor Beam||[still]
|-prepare|p1a: SimaSoyYo|Meteor Beam
|-boost|p1a: SimaSoyYo|spa|1
|-enditem|p1a: SimaSoyYo|Power Herb
|-anim|p1a: SimaSoyYo|Meteor Beam|p2a: wochieniunely
|-damage|p2a: wochieniunely|23/100
|
|-weather|SunnyDay|[upkeep]
|upkeep
|turn|10
|
|t:|1779923602
|move|p1a: SimaSoyYo|Moonblast|p2a: wochieniunely
|-supereffective|p2a: wochieniunely
|-damage|p2a: wochieniunely|0 fnt
|faint|p2a: wochieniunely
|
|-weather|none
|-fieldend|move: Trick Room
|upkeep
|
|t:|1779923605
|switch|p2a: Torkoal|Torkoal, F|9/100
|-weather|SunnyDay|[from] ability: Drought|[of] p2a: Torkoal
|turn|11
|
|t:|1779923611
|switch|p2a: Cinderace|Cinderace, F|100/100
|-item|p2a: Cinderace|Air Balloon
|-terastallize|p1a: SimaSoyYo|Water
|move|p1a: SimaSoyYo|Trick Room|p1a: SimaSoyYo
|-fieldstart|move: Trick Room|[of] p1a: SimaSoyYo
|
|-weather|SunnyDay|[upkeep]
|upkeep
|turn|12
|
|t:|1779923623
|move|p1a: SimaSoyYo|Meteor Beam||[still]
|-prepare|p1a: SimaSoyYo|Meteor Beam
|-boost|p1a: SimaSoyYo|spa|1
|move|p2a: Cinderace|Pyro Ball|p1a: SimaSoyYo|[miss]
|-miss|p2a: Cinderace|p1a: SimaSoyYo
|
|-weather|SunnyDay|[upkeep]
|upkeep
|turn|13
|
|t:|1779923627
|move|p1a: SimaSoyYo|Meteor Beam|p2a: Cinderace|[from] lockedmove
|-supereffective|p2a: Cinderace
|-damage|p2a: Cinderace|0 fnt
|-enditem|p2a: Cinderace|Air Balloon
|faint|p2a: Cinderace
|
|-weather|SunnyDay|[upkeep]
|upkeep
|
|t:|1779923630
|switch|p2a: Torkoal|Torkoal, F|9/100
|turn|14
|
|t:|1779923636
|move|p2a: Torkoal|Will-O-Wisp|p1a: SimaSoyYo|[miss]
|-miss|p2a: Torkoal|p1a: SimaSoyYo
|move|p1a: SimaSoyYo|Earth Power|p2a: Torkoal
|-supereffective|p2a: Torkoal
|-damage|p2a: Torkoal|0 fnt
|faint|p2a: Torkoal
|
|-weather|SunnyDay|[upkeep]
|upkeep
|
|t:|1779923640
|switch|p2a: Slither Wing|Slither Wing|100/100
|-activate|p2a: Slither Wing|ability: Protosynthesis
|-start|p2a: Slither Wing|protosynthesisatk
|turn|15
|
|t:|1779923646
|move|p1a: SimaSoyYo|Moonblast|p2a: Slither Wing
|-supereffective|p2a: Slither Wing
|-damage|p2a: Slither Wing|0 fnt
|faint|p2a: Slither Wing
|-end|p2a: Slither Wing|Protosynthesis|[silent]
|
|-weather|SunnyDay|[upkeep]
|-fieldend|move: Trick Room
|upkeep
|
|t:|1779923649
|switch|p2a: Walking Wake|Walking Wake|57/100
|-activate|p2a: Walking Wake|ability: Protosynthesis
|-start|p2a: Walking Wake|protosynthesisspe
|turn|16
|
|t:|1779923653
|move|p2a: Walking Wake|Hydro Steam|p1a: SimaSoyYo
|-resisted|p1a: SimaSoyYo
|-damage|p1a: SimaSoyYo|54/100
|move|p1a: SimaSoyYo|Trick Room|p1a: SimaSoyYo
|-fieldstart|move: Trick Room|[of] p1a: SimaSoyYo
|
|-weather|SunnyDay|[upkeep]
|upkeep
|turn|17
|-message|raptors in 6 forfeited.
|
|win|YoSoyDelBronx
|raw|YoSoyDelBronx's rating: 1224 &rarr; <strong>1249</strong><br />(+25 for winning)
|raw|raptors in 6's rating: 1229 &rarr; <strong>1204</strong><br />(-25 for losing)
|l|☆raptors in 6
|player|p2|
