|j|☆sword over shield
|j|☆dfih
|t:|1779942018
|gametype|singles
|player|p1|sword over shield|101|1536
|player|p2|dfih|cynthia-masters4|1497
|gen|9
|tier|[Gen 9] OU
|rated|
|rule|HP Percentage Mod: HP is shown in percentages
|rule|Endless Battle Clause: Forcing endless battles is banned
|rule|Species Clause: Limit one of each Pokémon
|rule|OHKO Clause: OHKO moves are banned
|rule|Evasion Items Clause: Evasion items are banned
|rule|Evasion Moves Clause: Evasion moves are banned
|rule|Evasion Abilities Clause: Evasion abilities are banned
|rule|Sleep Moves Clause: Sleep-inducing moves are banned
|clearpoke
|poke|p1|Great Tusk|
|poke|p1|Heatran, M|
|poke|p1|Gholdengo|
|poke|p1|Ogerpon-Wellspring, F|
|poke|p1|Dragapult, F|
|poke|p1|Darkrai|
|poke|p2|Araquanid, M|
|poke|p2|Gholdengo|
|poke|p2|Kingambit, M|
|poke|p2|Raging Bolt|
|poke|p2|Enamorus, F|
|poke|p2|Iron Moth|
|teampreview
|inactive|Battle timer is ON: inactive players will automatically lose when time's up. (requested by dfih)
|
|t:|1779942034
|teamsize|p1|6
|teamsize|p2|6
|start
|switch|p1a: Ogerpon|Ogerpon-Wellspring, F|100/100
|switch|p2a: Araquanid|Araquanid, M|100/100
|turn|1
|
|t:|1779942044
|move|p1a: Ogerpon|Knock Off|p2a: Araquanid
|-damage|p2a: Araquanid|64/100
|-enditem|p2a: Araquanid|Custap Berry|[from] move: Knock Off|[of] p1a: Ogerpon
|move|p2a: Araquanid|Sticky Web|p1a: Ogerpon
|-sidestart|p1: sword over shield|move: Sticky Web
|
|upkeep
|turn|2
|
|t:|1779942059
|switch|p2a: Iron Moth|Iron Moth|100/100
|-enditem|p2a: Iron Moth|Booster Energy
|-activate|p2a: Iron Moth|ability: Quark Drive|[fromitem]
|-start|p2a: Iron Moth|quarkdrivespa
|move|p1a: Ogerpon|Spikes|p2a: Iron Moth
|-sidestart|p2: dfih|Spikes
|
|upkeep
|turn|3
|
|t:|1779942069
|switch|p1a: Heatran|Heatran, M|100/100
|-activate|p1a: Heatran|move: Sticky Web
|-unboost|p1a: Heatran|spe|1
|move|p2a: Iron Moth|Sludge Wave|p1a: Heatran
|-immune|p1a: Heatran
|
|upkeep
|turn|4
|
|t:|1779942079
|-end|p2a: Iron Moth|Quark Drive|[silent]
|switch|p2a: Araquanid|Araquanid, M|64/100
|-damage|p2a: Araquanid|51/100|[from] Spikes
|move|p1a: Heatran|Stealth Rock|p2a: Araquanid
|-sidestart|p2: dfih|move: Stealth Rock
|
|upkeep
|turn|5
|
|t:|1779942088
|switch|p1a: Ogerpon|Ogerpon-Wellspring, F|100/100
|-activate|p1a: Ogerpon|move: Sticky Web
|-unboost|p1a: Ogerpon|spe|1
|move|p2a: Araquanid|Endeavor|p1a: Ogerpon
|-damage|p1a: Ogerpon|58/100
|
|upkeep
|turn|6
|
|t:|1779942098
|switch|p2a: Raging Bolt|Raging Bolt|100/100
|-damage|p2a: Raging Bolt|88/100|[from] Spikes
|-damage|p2a: Raging Bolt|76/100|[from] Stealth Rock
|-enditem|p2a: Raging Bolt|Booster Energy
|-activate|p2a: Raging Bolt|ability: Protosynthesis|[fromitem]
|-start|p2a: Raging Bolt|protosynthesisspa
|move|p1a: Ogerpon|Spikes|p2a: Raging Bolt
|-sidestart|p2: dfih|Spikes
|
|upkeep
|turn|7
|
|t:|1779942113
|switch|p1a: Heatran|Heatran, M|100/100
|-activate|p1a: Heatran|move: Sticky Web
|-unboost|p1a: Heatran|spe|1
|move|p2a: Raging Bolt|Dragon Pulse|p1a: Heatran
|-resisted|p1a: Heatran
|-damage|p1a: Heatran|76/100
|
|-heal|p1a: Heatran|83/100|[from] item: Leftovers
|upkeep
|turn|8
|
|t:|1779942129
|move|p2a: Raging Bolt|Calm Mind|p2a: Raging Bolt
|-boost|p2a: Raging Bolt|spa|1
|-boost|p2a: Raging Bolt|spd|1
|move|p1a: Heatran|Earth Power|p2a: Raging Bolt
|-supereffective|p2a: Raging Bolt
|-damage|p2a: Raging Bolt|33/100
|-unboost|p2a: Raging Bolt|spd|1
|
|-heal|p1a: Heatran|89/100|[from] item: Leftovers
|upkeep
|turn|9
|
|t:|1779942146
|switch|p1a: Dragapult|Dragapult, F|100/100
|-activate|p1a: Dragapult|move: Sticky Web
|-fail|p1a: Dragapult|unboost|[from] ability: Clear Body|[of] p1a: Dragapult
|move|p2a: Raging Bolt|Thunderbolt|p1a: Dragapult
|-resisted|p1a: Dragapult
|-damage|p1a: Dragapult|31/100
|
|upkeep
|turn|10
|
|t:|1779942153
|move|p2a: Raging Bolt|Thunderclap|p1a: Dragapult
|-resisted|p1a: Dragapult
|-damage|p1a: Dragapult|0 fnt
|faint|p1a: Dragapult
|
|upkeep
|
|t:|1779942159
|switch|p1a: Darkrai|Darkrai|100/100
|-activate|p1a: Darkrai|move: Sticky Web
|-unboost|p1a: Darkrai|spe|1
|turn|11
|
|t:|1779942170
|move|p1a: Darkrai|Ice Beam|p2a: Raging Bolt
|-supereffective|p2a: Raging Bolt
|-damage|p2a: Raging Bolt|0 fnt
|faint|p2a: Raging Bolt
|-end|p2a: Raging Bolt|Protosynthesis|[silent]
|
|upkeep
|
|t:|1779942184
|switch|p2a: Iron Moth|Iron Moth|100/100
|-damage|p2a: Iron Moth|84/100|[from] Spikes
|-damage|p2a: Iron Moth|59/100|[from] Stealth Rock
|turn|12
|
|t:|1779942191
|switch|p1a: Heatran|Heatran, M|89/100
|-activate|p1a: Heatran|move: Sticky Web
|-unboost|p1a: Heatran|spe|1
|move|p2a: Iron Moth|Energy Ball|p1a: Heatran
|-resisted|p1a: Heatran
|-damage|p1a: Heatran|83/100
|
|-heal|p1a: Heatran|89/100|[from] item: Leftovers
|upkeep
|turn|13
|
|t:|1779942201
|-end|p2a: Iron Moth|Quark Drive|[silent]
|switch|p2a: Araquanid|Araquanid, M|51/100
|-damage|p2a: Araquanid|35/100|[from] Spikes
|-damage|p2a: Araquanid|10/100|[from] Stealth Rock
|move|p1a: Heatran|Magma Storm|p2a: Araquanid
|-damage|p2a: Araquanid|0 fnt
|faint|p2a: Araquanid
|
|-heal|p1a: Heatran|95/100|[from] item: Leftovers
|upkeep
|
|t:|1779942211
|switch|p2a: Enamorus|Enamorus, F|100/100
|-damage|p2a: Enamorus|76/100|[from] Stealth Rock
|turn|14
|
|t:|1779942217
|switch|p1a: Darkrai|Darkrai|100/100
|-activate|p1a: Darkrai|move: Sticky Web
|-unboost|p1a: Darkrai|spe|1
|move|p2a: Enamorus|Earth Power|p1a: Darkrai
|-damage|p1a: Darkrai|35/100
|
|upkeep
|turn|15
|
|t:|1779942230
|switch|p2a: Kingambit|Kingambit, M|100/100
|-damage|p2a: Kingambit|84/100|[from] Spikes
|-damage|p2a: Kingambit|78/100|[from] Stealth Rock
|-activate|p2a: Kingambit|ability: Supreme Overlord
|-start|p2a: Kingambit|fallen2|[silent]
|move|p1a: Darkrai|Sludge Bomb|p2a: Kingambit
|-immune|p2a: Kingambit
|
|upkeep
|turn|16
|
|t:|1779942236
|switch|p1a: Great Tusk|Great Tusk|100/100
|-activate|p1a: Great Tusk|move: Sticky Web
|-unboost|p1a: Great Tusk|spe|1
|move|p2a: Kingambit|Sucker Punch||[still]
|-fail|p2a: Kingambit
|
|upkeep
|turn|17
|
|t:|1779942243
|-end|p2a: Kingambit|fallen2|[silent]
|switch|p2a: Gholdengo|Gholdengo|100/100
|-damage|p2a: Gholdengo|94/100|[from] Stealth Rock
|-item|p2a: Gholdengo|Air Balloon
|move|p1a: Great Tusk|Knock Off|p2a: Gholdengo
|-supereffective|p2a: Gholdengo
|-damage|p2a: Gholdengo|29/100
|-enditem|p2a: Gholdengo|Air Balloon
|
|upkeep
|turn|18
|
|t:|1779942260
|move|p2a: Gholdengo|Make It Rain|p1a: Great Tusk
|-damage|p1a: Great Tusk|17/100
|-unboost|p2a: Gholdengo|spa|1
|move|p1a: Great Tusk|Knock Off|p2a: Gholdengo
|-supereffective|p2a: Gholdengo
|-damage|p2a: Gholdengo|0 fnt
|faint|p2a: Gholdengo
|
|upkeep
|
|t:|1779942270
|switch|p2a: Iron Moth|Iron Moth|59/100
|-damage|p2a: Iron Moth|42/100|[from] Spikes
|-damage|p2a: Iron Moth|17/100|[from] Stealth Rock
|turn|19
|
|t:|1779942277
|-end|p1a: Great Tusk|Protosynthesis|[silent]
|switch|p1a: Heatran|Heatran, M|95/100
|-activate|p1a: Heatran|move: Sticky Web
|-unboost|p1a: Heatran|spe|1
|move|p2a: Iron Moth|Energy Ball|p1a: Heatran
|-resisted|p1a: Heatran
|-damage|p1a: Heatran|89/100
|-unboost|p1a: Heatran|spd|1
|
|-heal|p1a: Heatran|95/100|[from] item: Leftovers
|upkeep
|turn|20
|
|t:|1779942289
|move|p2a: Iron Moth|Energy Ball|p1a: Heatran
|-resisted|p1a: Heatran
|-damage|p1a: Heatran|86/100
|move|p1a: Heatran|Magma Storm|p2a: Iron Moth|[miss]
|-miss|p1a: Heatran|p2a: Iron Moth
|
|-heal|p1a: Heatran|92/100|[from] item: Leftovers
|upkeep
|turn|21
|
|t:|1779942292
|move|p2a: Iron Moth|Energy Ball|p1a: Heatran
|-resisted|p1a: Heatran
|-damage|p1a: Heatran|83/100
|move|p1a: Heatran|Magma Storm|p2a: Iron Moth|[miss]
|-miss|p1a: Heatran|p2a: Iron Moth
|
|-heal|p1a: Heatran|90/100|[from] item: Leftovers
|upkeep
|turn|22
|
|t:|1779942296
|move|p2a: Iron Moth|Energy Ball|p1a: Heatran
|-resisted|p1a: Heatran
|-damage|p1a: Heatran|80/100
|move|p1a: Heatran|Magma Storm|p2a: Iron Moth
|-resisted|p2a: Iron Moth
|-damage|p2a: Iron Moth|0 fnt
|faint|p2a: Iron Moth
|-end|p2a: Iron Moth|Quark Drive|[silent]
|
|-heal|p1a: Heatran|86/100|[from] item: Leftovers
|upkeep
|
|t:|1779942310
|switch|p2a: Kingambit|Kingambit, M|78/100
|-damage|p2a: Kingambit|61/100|[from] Spikes
|-damage|p2a: Kingambit|55/100|[from] Stealth Rock
|-activate|p2a: Kingambit|ability: Supreme Overlord
|-start|p2a: Kingambit|fallen4|[silent]
|turn|23
|
|t:|1779942320
|-terastallize|p2a: Kingambit|Dark
|move|p2a: Kingambit|Kowtow Cleave|p1a: Heatran
|-damage|p1a: Heatran|0 fnt
|faint|p1a: Heatran
|
|upkeep
|
|t:|1779942328
|switch|p1a: Darkrai|Darkrai|35/100
|-activate|p1a: Darkrai|move: Sticky Web
|-unboost|p1a: Darkrai|spe|1
|turn|24
|
|t:|1779942337
|move|p2a: Kingambit|Sucker Punch||[still]
|-fail|p2a: Kingambit
|move|p1a: Darkrai|Trick|p2a: Kingambit
|-activate|p1a: Darkrai|move: Trick|[of] p2a: Kingambit
|-item|p2a: Kingambit|Choice Scarf|[from] move: Trick
|-item|p1a: Darkrai|Black Glasses|[from] move: Trick
|
|upkeep
|turn|25
|
|t:|1779942348
|move|p2a: Kingambit|Kowtow Cleave|p1a: Darkrai
|-resisted|p1a: Darkrai
|-damage|p1a: Darkrai|0 fnt
|faint|p1a: Darkrai
|
|upkeep
|
|t:|1779942362
|switch|p1a: Great Tusk|Great Tusk|17/100
|-activate|p1a: Great Tusk|move: Sticky Web
|-unboost|p1a: Great Tusk|spe|1
|turn|26
|
|t:|1779942370
|move|p2a: Kingambit|Kowtow Cleave|p1a: Great Tusk
|-resisted|p1a: Great Tusk
|-damage|p1a: Great Tusk|0 fnt
|-damage|p2a: Kingambit|39/100|[from] item: Rocky Helmet|[of] p1a: Great Tusk
|faint|p1a: Great Tusk
|-end|p1a: Great Tusk|Protosynthesis|[silent]
|
|upkeep
|inactive|sword over shield has 120 seconds left.
|
|t:|1779942398
|switch|p1a: Gholdengo|Gholdengo|100/100
|-item|p1a: Gholdengo|Air Balloon
|turn|27
|
|t:|1779942414
|-terastallize|p1a: Gholdengo|Fairy
|move|p2a: Kingambit|Kowtow Cleave|p1a: Gholdengo
|-resisted|p1a: Gholdengo
|-damage|p1a: Gholdengo|65/100
|-enditem|p1a: Gholdengo|Air Balloon
|move|p1a: Gholdengo|Make It Rain|p2a: Kingambit
|-damage|p2a: Kingambit|0 fnt
|-unboost|p1a: Gholdengo|spa|1
|faint|p2a: Kingambit
|-end|p2a: Kingambit|fallen4|[silent]
|
|upkeep
|
|t:|1779942422
|switch|p2a: Enamorus|Enamorus, F|76/100
|-damage|p2a: Enamorus|51/100|[from] Stealth Rock
|turn|28
|
|t:|1779942428
|move|p2a: Enamorus|Moonblast|p1a: Gholdengo
|-damage|p1a: Gholdengo|0 fnt
|faint|p1a: Gholdengo
|
|upkeep
|
|t:|1779942432
|switch|p1a: Ogerpon|Ogerpon-Wellspring, F|58/100
|-activate|p1a: Ogerpon|move: Sticky Web
|-unboost|p1a: Ogerpon|spe|1
|turn|29
|
|t:|1779942437
|move|p2a: Enamorus|Moonblast|p1a: Ogerpon
|-damage|p1a: Ogerpon|0 fnt
|faint|p1a: Ogerpon
|
|win|dfih
|raw|sword over shield's rating: 1536 &rarr; <strong>1514</strong><br />(-22 for losing)
|raw|dfih's rating: 1497 &rarr; <strong>1519</strong><br />(+22 for winning)
|l|☆sword over shield
|player|p1|
|l|☆dfih
|player|p2|
