|j|☆claudechamp
|j|☆hide_seek3109
|t:|1779817373
|gametype|singles
|player|p1|claudechamp|265|1093
|player|p2|hide_seek3109|red|1102
|gen|9
|tier|[Gen 9] OU
|rated|
|rule|HP Percentage Mod: HP is shown in percentages
|rule|Endless Battle Clause: Forcing endless battles is banned
|rule|Species Clause: Limit one of each Pokémon
|rule|OHKO Clause: OHKO moves are banned
|rule|Evasion Items Clause: Evasion items are banned
|rule|Evasion Moves Clause: Evasion moves are banned
|rule|Evasion Abilities Clause: Evasion abilities are banned
|rule|Sleep Moves Clause: Sleep-inducing moves are banned
|clearpoke
|poke|p1|Gliscor, M|
|poke|p1|Gholdengo|
|poke|p1|Zamazenta-*|
|poke|p1|Blissey, F|
|poke|p1|Skarmory, M|
|poke|p1|Pecharunt|
|poke|p2|Malamar, F|
|poke|p2|Primarina, F|
|poke|p2|Ursaluna, F|
|poke|p2|Ceruledge, M|
|poke|p2|Ariados, F|
|poke|p2|Serperior, M|
|teampreview
|c|☆claudechamp|hf
|inactive|Battle timer is ON: inactive players will automatically lose when time's up. (requested by claudechamp)
|
|t:|1779817389
|teamsize|p1|6
|teamsize|p2|6
|start
|switch|p1a: Skarmory|Skarmory, M|100/100
|switch|p2a: Ariados|Ariados, F|100/100
|turn|1
|
|t:|1779817397
|move|p1a: Skarmory|Spikes|p2a: Ariados
|-sidestart|p2: hide_seek3109|Spikes
|move|p2a: Ariados|Sticky Web|p1a: Skarmory
|-sidestart|p1: claudechamp|move: Sticky Web
|
|upkeep
|turn|2
|
|t:|1779817402
|move|p1a: Skarmory|Spikes|p2a: Ariados
|-sidestart|p2: hide_seek3109|Spikes
|move|p2a: Ariados|Toxic Spikes|p1a: Skarmory
|-sidestart|p1: claudechamp|move: Toxic Spikes
|
|upkeep
|turn|3
|
|t:|1779817408
|move|p1a: Skarmory|Spikes|p2a: Ariados
|-sidestart|p2: hide_seek3109|Spikes
|move|p2a: Ariados|Toxic Spikes|p1a: Skarmory
|-sidestart|p1: claudechamp|move: Toxic Spikes
|
|upkeep
|turn|4
|
|t:|1779817414
|move|p2a: Ariados|Toxic Spikes||[still]
|-fail|p2a: Ariados
|move|p1a: Skarmory|Whirlwind|p2a: Ariados
|drag|p2a: Ceruledge|Ceruledge, M|100/100
|
|upkeep
|turn|5
|
|t:|1779817431
|switch|p1a: Gliscor|Gliscor, M|100/100
|move|p2a: Ceruledge|Bulk Up|p2a: Ceruledge
|-boost|p2a: Ceruledge|atk|1
|-boost|p2a: Ceruledge|def|1
|
|-status|p1a: Gliscor|tox|[from] item: Toxic Orb
|upkeep
|turn|6
|
|t:|1779817443
|move|p1a: Gliscor|Earthquake|p2a: Ceruledge
|-supereffective|p2a: Ceruledge
|-damage|p2a: Ceruledge|43/100
|-ability|p2a: Ceruledge|Weak Armor|boost
|-unboost|p2a: Ceruledge|def|1
|-boost|p2a: Ceruledge|spe|2
|move|p2a: Ceruledge|Bitter Blade|p1a: Gliscor
|-damage|p1a: Gliscor|46/100 tox
|-heal|p2a: Ceruledge|76/100|[from] drain|[of] p1a: Gliscor
|
|-heal|p1a: Gliscor|58/100 tox|[from] ability: Poison Heal
|upkeep
|turn|7
|
|t:|1779817456
|move|p2a: Ceruledge|Shadow Sneak|p1a: Gliscor
|-damage|p1a: Gliscor|32/100 tox
|move|p1a: Gliscor|Earthquake|p2a: Ceruledge
|-supereffective|p2a: Ceruledge
|-damage|p2a: Ceruledge|0 fnt
|faint|p2a: Ceruledge
|
|-heal|p1a: Gliscor|45/100 tox|[from] ability: Poison Heal
|upkeep
|
|t:|1779817469
|switch|p2a: Primarina|Primarina, F|100/100
|turn|8
|
|t:|1779817473
|move|p1a: Gliscor|Swords Dance|p1a: Gliscor
|-boost|p1a: Gliscor|atk|2
|move|p2a: Primarina|Ice Beam|p1a: Gliscor
|-supereffective|p1a: Gliscor
|-crit|p1a: Gliscor
|-damage|p1a: Gliscor|0 fnt
|faint|p1a: Gliscor
|
|upkeep
|
|t:|1779817476
|switch|p1a: Blissey|Blissey, F|100/100
|turn|9
|
|t:|1779817487
|move|p2a: Primarina|Sparkling Aria|p1a: Blissey
|-damage|p1a: Blissey|87/100
|move|p1a: Blissey|Stealth Rock|p2a: Primarina
|-sidestart|p2: hide_seek3109|move: Stealth Rock
|
|upkeep
|turn|10
|
|t:|1779817502
|switch|p2a: Malamar|Malamar, F|100/100
|-damage|p2a: Malamar|76/100|[from] Spikes
|-damage|p2a: Malamar|63/100|[from] Stealth Rock
|move|p1a: Blissey|Calm Mind|p1a: Blissey
|-boost|p1a: Blissey|spa|1
|-boost|p1a: Blissey|spd|1
|
|-heal|p2a: Malamar|69/100|[from] item: Leftovers
|upkeep
|turn|11
|
|t:|1779817515
|switch|p1a: Skarmory|Skarmory, M|100/100
|move|p2a: Malamar|Throat Chop|p1a: Skarmory
|-damage|p1a: Skarmory|80/100
|-start|p1a: Skarmory|Throat Chop|[silent]
|
|-heal|p2a: Malamar|75/100|[from] item: Leftovers
|upkeep
|turn|12
|
|t:|1779817526
|move|p2a: Malamar|Superpower|p1a: Skarmory
|-damage|p1a: Skarmory|59/100
|-boost|p2a: Malamar|atk|1
|-boost|p2a: Malamar|def|1
|move|p1a: Skarmory|Whirlwind|p2a: Malamar
|drag|p2a: Primarina|Primarina, F|100/100
|
|-end|p1a: Skarmory|Throat Chop|[silent]
|upkeep
|turn|13
|
|t:|1779817535
|switch|p1a: Blissey|Blissey, F|87/100
|move|p2a: Primarina|Sparkling Aria|p1a: Blissey
|-damage|p1a: Blissey|73/100
|
|upkeep
|turn|14
|
|t:|1779817545
|switch|p2a: Ariados|Ariados, F|100/100
|-damage|p2a: Ariados|76/100|[from] Spikes
|-damage|p2a: Ariados|51/100|[from] Stealth Rock
|move|p1a: Blissey|Soft-Boiled|p1a: Blissey
|-heal|p1a: Blissey|100/100
|
|upkeep
|turn|15
|
|t:|1779817554
|move|p2a: Ariados|Toxic Thread|p1a: Blissey
|-unboost|p1a: Blissey|spe|1
|-status|p1a: Blissey|psn
|move|p1a: Blissey|Calm Mind|p1a: Blissey
|-boost|p1a: Blissey|spa|1
|-boost|p1a: Blissey|spd|1
|
|-damage|p1a: Blissey|88/100 psn|[from] psn
|upkeep
|turn|16
|
|t:|1779817569
|switch|p2a: Malamar|Malamar, F|75/100
|-damage|p2a: Malamar|50/100|[from] Spikes
|-damage|p2a: Malamar|38/100|[from] Stealth Rock
|move|p1a: Blissey|Shadow Ball|p2a: Malamar
|-damage|p2a: Malamar|10/100
|
|-heal|p2a: Malamar|16/100|[from] item: Leftovers
|-damage|p1a: Blissey|76/100 psn|[from] psn
|upkeep
|turn|17
|
|t:|1779817583
|-curestatus|p1a: Blissey|psn|[from] ability: Natural Cure|[silent]
|switch|p1a: Zamazenta|Zamazenta|100/100
|-ability|p1a: Zamazenta|Dauntless Shield|boost
|-boost|p1a: Zamazenta|def|1
|move|p2a: Malamar|Superpower|p1a: Zamazenta
|-damage|p1a: Zamazenta|81/100
|-boost|p2a: Malamar|atk|1
|-boost|p2a: Malamar|def|1
|
|-heal|p2a: Malamar|22/100|[from] item: Leftovers
|upkeep
|turn|18
|
|t:|1779817596
|move|p1a: Zamazenta|Close Combat|p2a: Malamar
|-damage|p2a: Malamar|0 fnt
|-unboost|p1a: Zamazenta|def|1
|-unboost|p1a: Zamazenta|spd|1
|faint|p2a: Malamar
|
|upkeep
|
|t:|1779817605
|switch|p2a: Serperior|Serperior, M|100/100
|-damage|p2a: Serperior|76/100|[from] Spikes
|-damage|p2a: Serperior|63/100|[from] Stealth Rock
|turn|19
|
|t:|1779817613
|move|p1a: Zamazenta|Heavy Slam|p2a: Serperior
|-damage|p2a: Serperior|28/100
|move|p2a: Serperior|Leaf Storm|p1a: Zamazenta
|-crit|p1a: Zamazenta
|-damage|p1a: Zamazenta|0 fnt
|-boost|p2a: Serperior|spa|2
|faint|p1a: Zamazenta
|
|-heal|p2a: Serperior|35/100|[from] item: Leftovers
|upkeep
|
|t:|1779817619
|switch|p1a: Skarmory|Skarmory, M|59/100
|turn|20
|
|t:|1779817629
|move|p2a: Serperior|Dragon Pulse|p1a: Skarmory
|-resisted|p1a: Skarmory
|-damage|p1a: Skarmory|30/100
|move|p1a: Skarmory|Whirlwind|p2a: Serperior
|drag|p2a: Primarina|Primarina, F|100/100
|
|upkeep
|turn|21
|
|t:|1779817640
|switch|p1a: Blissey|Blissey, F|76/100
|move|p2a: Primarina|Sparkling Aria|p1a: Blissey
|-damage|p1a: Blissey|62/100
|
|upkeep
|turn|22
|
|t:|1779817649
|switch|p2a: Ursaluna|Ursaluna, F, shiny|100/100
|-damage|p2a: Ursaluna|75/100|[from] Spikes
|-damage|p2a: Ursaluna|69/100|[from] Stealth Rock
|move|p1a: Blissey|Calm Mind|p1a: Blissey
|-boost|p1a: Blissey|spa|1
|-boost|p1a: Blissey|spd|1
|
|-status|p2a: Ursaluna|brn|[from] item: Flame Orb
|upkeep
|turn|23
|
|t:|1779817660
|move|p1a: Blissey|Calm Mind|p1a: Blissey
|-boost|p1a: Blissey|spa|1
|-boost|p1a: Blissey|spd|1
|move|p2a: Ursaluna|Bulk Up|p2a: Ursaluna
|-boost|p2a: Ursaluna|atk|1
|-boost|p2a: Ursaluna|def|1
|
|-damage|p2a: Ursaluna|63/100 brn|[from] brn
|upkeep
|turn|24
|
|t:|1779817670
|-terastallize|p1a: Blissey|Dark
|move|p1a: Blissey|Soft-Boiled|p1a: Blissey
|-heal|p1a: Blissey|100/100
|move|p2a: Ursaluna|Bulk Up|p2a: Ursaluna
|-boost|p2a: Ursaluna|atk|1
|-boost|p2a: Ursaluna|def|1
|
|-damage|p2a: Ursaluna|57/100 brn|[from] brn
|upkeep
|turn|25
|
|t:|1779817681
|switch|p1a: Skarmory|Skarmory, M|30/100
|move|p2a: Ursaluna|Facade|p1a: Skarmory
|-resisted|p1a: Skarmory
|-damage|p1a: Skarmory|0 fnt
|faint|p1a: Skarmory
|
|-damage|p2a: Ursaluna|50/100 brn|[from] brn
|upkeep
|
|t:|1779817687
|switch|p1a: Gholdengo|Gholdengo|100/100
|-activate|p1a: Gholdengo|move: Sticky Web
|-unboost|p1a: Gholdengo|spe|1
|turn|26
|
|t:|1779817695
|move|p1a: Gholdengo|Nasty Plot|p1a: Gholdengo
|-boost|p1a: Gholdengo|spa|2
|move|p2a: Ursaluna|Earthquake|p1a: Gholdengo
|-supereffective|p1a: Gholdengo
|-damage|p1a: Gholdengo|0 fnt
|faint|p1a: Gholdengo
|
|-damage|p2a: Ursaluna|44/100 brn|[from] brn
|upkeep
|
|t:|1779817701
|switch|p1a: Blissey|Blissey, F, tera:Dark|100/100
|turn|27
|
|t:|1779817709
|move|p1a: Blissey|Shadow Ball|p2a: Ursaluna
|-immune|p2a: Ursaluna
|move|p2a: Ursaluna|Facade|p1a: Blissey
|-damage|p1a: Blissey|0 fnt
|faint|p1a: Blissey
|
|-damage|p2a: Ursaluna|38/100 brn|[from] brn
|upkeep
|
|t:|1779817717
|switch|p1a: Pecharunt|Pecharunt|100/100
|-sideend|p1: claudechamp|move: Toxic Spikes|[of] p1a: Pecharunt
|turn|28
|
|t:|1779817722
|move|p1a: Pecharunt|Shadow Ball|p2a: Ursaluna
|-immune|p2a: Ursaluna
|move|p2a: Ursaluna|Facade|p1a: Pecharunt
|-immune|p1a: Pecharunt
|
|-damage|p2a: Ursaluna|32/100 brn|[from] brn
|upkeep
|turn|29
|c|☆hide_seek3109|Loser
|c|☆hide_seek3109|Gt
|c|☆hide_seek3109|Gg
|inactive|hide_seek3109 has 120 seconds left.
|
|t:|1779817756
|move|p1a: Pecharunt|Parting Shot|p2a: Ursaluna
|-unboost|p2a: Ursaluna|atk|1
|-unboost|p2a: Ursaluna|spa|1
|move|p2a: Ursaluna|Earthquake|p1a: Pecharunt
|-supereffective|p1a: Pecharunt
|-crit|p1a: Pecharunt
|-damage|p1a: Pecharunt|0 fnt
|faint|p1a: Pecharunt
|
|win|hide_seek3109
|raw|claudechamp's rating: 1113 &rarr; <strong>1087</strong><br />(-26 for losing)
|raw|hide_seek3109's rating: 1102 &rarr; <strong>1128</strong><br />(+26 for winning)
|c|☆claudechamp|gg
