|j|☆Huboy
|j|☆AmygdalanResponse
|t:|1779839025
|gametype|singles
|player|p1|Huboy|dawn|1464
|player|p2|AmygdalanResponse|marshal|1427
|gen|9
|tier|[Gen 9] OU
|rated|
|rule|HP Percentage Mod: HP is shown in percentages
|rule|Endless Battle Clause: Forcing endless battles is banned
|rule|Species Clause: Limit one of each Pokémon
|rule|OHKO Clause: OHKO moves are banned
|rule|Evasion Items Clause: Evasion items are banned
|rule|Evasion Moves Clause: Evasion moves are banned
|rule|Evasion Abilities Clause: Evasion abilities are banned
|rule|Sleep Moves Clause: Sleep-inducing moves are banned
|clearpoke
|poke|p1|Great Tusk|
|poke|p1|Dondozo, M|
|poke|p1|Ribombee, M|
|poke|p1|Milotic, F|
|poke|p1|Goodra-Hisui, M|
|poke|p1|Kleavor, F|
|poke|p2|Ribombee, F|
|poke|p2|Manaphy|
|poke|p2|Ceruledge, F|
|poke|p2|Great Tusk|
|poke|p2|Ogerpon-Cornerstone, F|
|poke|p2|Enamorus, F|
|teampreview
|inactive|Battle timer is ON: inactive players will automatically lose when time's up. (requested by Huboy)
|c|☆AmygdalanResponse|gl hf
|inactive|AmygdalanResponse has 120 seconds left.
|
|t:|1779839059
|teamsize|p1|6
|teamsize|p2|6
|start
|switch|p1a: Kleavor|Kleavor, F|100/100
|switch|p2a: Great Tusk|Great Tusk|100/100
|turn|1
|
|t:|1779839064
|move|p1a: Kleavor|U-turn|p2a: Great Tusk
|-resisted|p2a: Great Tusk
|-damage|p2a: Great Tusk|87/100
|
|t:|1779839069
|switch|p1a: Ribombee|Ribombee, M|100/100|[from] U-turn
|move|p2a: Great Tusk|Stealth Rock|p1a: Ribombee
|-sidestart|p1: Huboy|move: Stealth Rock
|
|upkeep
|turn|2
|inactive|AmygdalanResponse has 120 seconds left.
|
|t:|1779839100
|-end|p2a: Great Tusk|Protosynthesis|[silent]
|switch|p2a: Ribombee|Ribombee, F|100/100
|move|p1a: Ribombee|Moonblast|p2a: Ribombee
|-damage|p2a: Ribombee|31/100
|
|upkeep
|turn|3
|inactive|Huboy has 120 seconds left.
|
|t:|1779839132
|move|p1a: Ribombee|Moonblast|p2a: Ribombee
|-damage|p2a: Ribombee|0 fnt
|faint|p2a: Ribombee
|
|upkeep
|inactive|AmygdalanResponse has 120 seconds left.
|inactive|AmygdalanResponse has 90 seconds left.
|
|t:|1779839195
|switch|p2a: Ceruledge|Ceruledge, F|100/100
|-item|p2a: Ceruledge|Air Balloon
|turn|4
|
|t:|1779839199
|switch|p1a: Dondozo|Dondozo, M|100/100
|-damage|p1a: Dondozo|88/100|[from] Stealth Rock
|move|p2a: Ceruledge|Bitter Blade|p1a: Dondozo
|-resisted|p1a: Dondozo
|-damage|p1a: Dondozo|76/100
|
|-heal|p1a: Dondozo|83/100|[from] item: Leftovers
|upkeep
|turn|5
|inactive|AmygdalanResponse has 90 seconds left.
|inactive|AmygdalanResponse has 60 seconds left.
|
|t:|1779839250
|switch|p2a: Manaphy|Manaphy|100/100
|move|p1a: Dondozo|Liquidation|p2a: Manaphy
|-resisted|p2a: Manaphy
|-damage|p2a: Manaphy|83/100
|
|-heal|p2a: Manaphy|89/100|[from] item: Leftovers
|-heal|p1a: Dondozo|89/100|[from] item: Leftovers
|upkeep
|turn|6
|
|t:|1779839255
|switch|p1a: Ribombee|Ribombee, M|100/100
|-damage|p1a: Ribombee|76/100|[from] Stealth Rock
|move|p2a: Manaphy|Substitute|p2a: Manaphy
|-start|p2a: Manaphy|Substitute
|-damage|p2a: Manaphy|64/100
|
|-heal|p2a: Manaphy|70/100|[from] item: Leftovers
|upkeep
|turn|7
|inactive|AmygdalanResponse has 60 seconds left.
|
|t:|1779839265
|move|p1a: Ribombee|Moonblast|p2a: Manaphy
|-end|p2a: Manaphy|Substitute
|move|p2a: Manaphy|Tail Glow|p2a: Manaphy
|-boost|p2a: Manaphy|spa|3
|
|-heal|p2a: Manaphy|76/100|[from] item: Leftovers
|upkeep
|turn|8
|
|t:|1779839268
|move|p1a: Ribombee|Moonblast|p2a: Manaphy
|-damage|p2a: Manaphy|35/100
|move|p2a: Manaphy|Surf|p1a: Ribombee
|-crit|p1a: Ribombee
|-damage|p1a: Ribombee|0 fnt
|faint|p1a: Ribombee
|
|-heal|p2a: Manaphy|41/100|[from] item: Leftovers
|upkeep
|
|t:|1779839271
|switch|p1a: Kleavor|Kleavor, F|100/100
|-damage|p1a: Kleavor|76/100|[from] Stealth Rock
|turn|9
|
|t:|1779839276
|switch|p2a: Great Tusk|Great Tusk|87/100
|move|p1a: Kleavor|Stone Axe|p2a: Great Tusk
|-resisted|p2a: Great Tusk
|-damage|p2a: Great Tusk|78/100
|-sidestart|p2: AmygdalanResponse|move: Stealth Rock
|
|upkeep
|turn|10
|
|t:|1779839282
|switch|p1a: Great Tusk|Great Tusk|100/100
|-damage|p1a: Great Tusk|98/100|[from] Stealth Rock
|move|p2a: Great Tusk|Rapid Spin|p1a: Great Tusk
|-damage|p1a: Great Tusk|85/100
|-boost|p2a: Great Tusk|spe|1
|-sideend|p2: AmygdalanResponse|Stealth Rock|[from] move: Rapid Spin|[of] p2a: Great Tusk
|
|upkeep
|turn|11
|
|t:|1779839285
|move|p2a: Great Tusk|Ice Spinner|p1a: Great Tusk
|-supereffective|p1a: Great Tusk
|-damage|p1a: Great Tusk|43/100
|move|p1a: Great Tusk|Smack Down|p2a: Great Tusk
|-resisted|p2a: Great Tusk
|-damage|p2a: Great Tusk|75/100
|
|upkeep
|turn|12
|
|t:|1779839291
|-terastallize|p1a: Great Tusk|Fire
|move|p2a: Great Tusk|Headlong Rush|p1a: Great Tusk
|-supereffective|p1a: Great Tusk
|-damage|p1a: Great Tusk|0 fnt
|-unboost|p2a: Great Tusk|def|1
|-unboost|p2a: Great Tusk|spd|1
|faint|p1a: Great Tusk
|-end|p1a: Great Tusk|Protosynthesis|[silent]
|
|upkeep
|
|t:|1779839296
|switch|p1a: Goodra|Goodra-Hisui, M|100/100
|-damage|p1a: Goodra|95/100|[from] Stealth Rock
|turn|13
|
|t:|1779839300
|move|p2a: Great Tusk|Headlong Rush|p1a: Goodra
|-supereffective|p1a: Goodra
|-damage|p1a: Goodra|0 fnt
|-unboost|p2a: Great Tusk|def|1
|-unboost|p2a: Great Tusk|spd|1
|faint|p1a: Goodra
|
|upkeep
|-message|Huboy forfeited.
|
|win|AmygdalanResponse
|raw|Huboy's rating: 1464 &rarr; <strong>1443</strong><br />(-21 for losing)
|raw|AmygdalanResponse's rating: 1442 &rarr; <strong>1463</strong><br />(+21 for winning)
|l|☆Huboy
|player|p1|
