|j|☆huuuehuek
|j|☆Dassime
|t:|1779925141
|gametype|singles
|player|p1|huuuehuek|steven|1263
|player|p2|Dassime|2|1284
|gen|9
|tier|[Gen 9] OU
|rated|
|rule|HP Percentage Mod: HP is shown in percentages
|rule|Endless Battle Clause: Forcing endless battles is banned
|rule|Species Clause: Limit one of each Pokémon
|rule|OHKO Clause: OHKO moves are banned
|rule|Evasion Items Clause: Evasion items are banned
|rule|Evasion Moves Clause: Evasion moves are banned
|rule|Evasion Abilities Clause: Evasion abilities are banned
|rule|Sleep Moves Clause: Sleep-inducing moves are banned
|clearpoke
|poke|p1|Suicune|
|poke|p1|Dragonite, M|
|poke|p1|Cinderace, M|
|poke|p1|Zamazenta-*|
|poke|p1|Blaziken, F|
|poke|p1|Sinistcha|
|poke|p2|Ting-Lu|
|poke|p2|Gliscor, F|
|poke|p2|Moltres|
|poke|p2|Pecharunt|
|poke|p2|Dragonite, M|
|poke|p2|Garganacl, M|
|teampreview
|inactive|Battle timer is ON: inactive players will automatically lose when time's up. (requested by Dassime)
|inactive|huuuehuek also wants the timer to be on.
|
|t:|1779925159
|teamsize|p1|6
|teamsize|p2|6
|start
|switch|p1a: Blaziken|Blaziken, F|100/100
|switch|p2a: Gliscor|Gliscor, F|100/100
|turn|1
|
|t:|1779925167
|move|p2a: Gliscor|Protect|p2a: Gliscor
|-singleturn|p2a: Gliscor|Protect
|move|p1a: Blaziken|Knock Off|p2a: Gliscor
|-activate|p2a: Gliscor|move: Protect
|
|-ability|p1a: Blaziken|Speed Boost|boost
|-boost|p1a: Blaziken|spe|1
|-status|p2a: Gliscor|tox|[from] item: Toxic Orb
|upkeep
|turn|2
|
|t:|1779925172
|switch|p1a: Suicune|Suicune, shiny|100/100
|-ability|p1a: Suicune|Pressure
|move|p2a: Gliscor|Toxic|p1a: Suicune
|-status|p1a: Suicune|tox
|
|-damage|p1a: Suicune|94/100 tox|[from] psn
|upkeep
|turn|3
|
|t:|1779925181
|-terastallize|p2a: Gliscor|Water
|move|p2a: Gliscor|Spikes|p1a: Suicune
|-sidestart|p1: huuuehuek|Spikes
|move|p1a: Suicune|Calm Mind|p1a: Suicune
|-boost|p1a: Suicune|spa|1
|-boost|p1a: Suicune|spd|1
|
|-heal|p1a: Suicune|100/100 tox|[from] item: Leftovers
|-damage|p1a: Suicune|88/100 tox|[from] psn
|upkeep
|turn|4
|
|t:|1779925191
|move|p2a: Gliscor|Knock Off|p1a: Suicune
|-damage|p1a: Suicune|75/100 tox
|-enditem|p1a: Suicune|Leftovers|[from] move: Knock Off|[of] p2a: Gliscor
|move|p1a: Suicune|Calm Mind|p1a: Suicune
|-boost|p1a: Suicune|spa|1
|-boost|p1a: Suicune|spd|1
|
|-damage|p1a: Suicune|57/100 tox|[from] psn
|upkeep
|turn|5
|
|t:|1779925200
|move|p2a: Gliscor|Spikes|p1a: Suicune
|-sidestart|p1: huuuehuek|Spikes
|move|p1a: Suicune|Rest|p1a: Suicune
|-status|p1a: Suicune|slp|[from] move: Rest
|-heal|p1a: Suicune|100/100 slp|[silent]
|
|upkeep
|turn|6
|
|t:|1779925212
|switch|p2a: Garganacl|Garganacl, M|100/100
|cant|p1a: Suicune|slp
|move|p1a: Suicune|Sleep Talk|p1a: Suicune
|move|p1a: Suicune|Calm Mind|p1a: Suicune|[from] move: Sleep Talk
|-boost|p1a: Suicune|spa|1
|-boost|p1a: Suicune|spd|1
|
|upkeep
|turn|7
|
|t:|1779925214
|cant|p1a: Suicune|slp
|move|p1a: Suicune|Sleep Talk|p1a: Suicune
|move|p1a: Suicune|Scald|p2a: Garganacl|[from] move: Sleep Talk
|-supereffective|p2a: Garganacl
|-damage|p2a: Garganacl|22/100
|move|p2a: Garganacl|Curse|p2a: Garganacl
|-unboost|p2a: Garganacl|spe|1
|-boost|p2a: Garganacl|atk|1
|-boost|p2a: Garganacl|def|1
|
|-heal|p2a: Garganacl|28/100|[from] item: Leftovers
|upkeep
|turn|8
|
|t:|1779925225
|-curestatus|p1a: Suicune|slp|[msg]
|move|p1a: Suicune|Scald|p2a: Garganacl
|-supereffective|p2a: Garganacl
|-damage|p2a: Garganacl|0 fnt
|faint|p2a: Garganacl
|
|upkeep
|l|☆Dassime
|inactive|Dassime disconnected and has a minute to reconnect!
|player|p2|
|inactive|Dassime has 30 seconds to reconnect!
|inactive|Dassime has 20 seconds to reconnect!
|inactive|Dassime has 15 seconds to reconnect!
|inactive|Dassime has 10 seconds to reconnect!
|inactive|Dassime has 5 seconds to reconnect!
|-message|Dassime lost due to inactivity.
|
|win|huuuehuek
|raw|huuuehuek's rating: 1263 &rarr; <strong>1290</strong><br />(+27 for winning)
|raw|Dassime's rating: 1284 &rarr; <strong>1257</strong><br />(-27 for losing)
