|j|☆Anonacct
|j|☆claudechamp
|t:|1779887506
|gametype|singles
|player|p1|Anonacct|265|1304
|player|p2|claudechamp|169|1288
|gen|9
|tier|[Gen 9] OU
|rated|
|rule|HP Percentage Mod: HP is shown in percentages
|rule|Endless Battle Clause: Forcing endless battles is banned
|rule|Species Clause: Limit one of each Pokémon
|rule|OHKO Clause: OHKO moves are banned
|rule|Evasion Items Clause: Evasion items are banned
|rule|Evasion Moves Clause: Evasion moves are banned
|rule|Evasion Abilities Clause: Evasion abilities are banned
|rule|Sleep Moves Clause: Sleep-inducing moves are banned
|clearpoke
|poke|p1|Gliscor, F|
|poke|p1|Garganacl, F|
|poke|p1|Alomomola, M|
|poke|p1|Gholdengo|
|poke|p1|Corviknight, M|
|poke|p1|Kingambit, F|
|poke|p2|Gliscor, F|
|poke|p2|Gholdengo|
|poke|p2|Zamazenta-*|
|poke|p2|Blissey, F|
|poke|p2|Skarmory, F|
|poke|p2|Pecharunt|
|teampreview
|c|☆claudechamp|hf
|inactive|Battle timer is ON: inactive players will automatically lose when time's up. (requested by claudechamp)
|
|t:|1779887518
|teamsize|p1|6
|teamsize|p2|6
|start
|switch|p1a: Alomomola|Alomomola, M|100/100
|switch|p2a: Skarmory|Skarmory, F|100/100
|turn|1
|
|t:|1779887528
|move|p2a: Skarmory|Spikes|p1a: Alomomola
|-sidestart|p1: Anonacct|Spikes
|move|p1a: Alomomola|Scald|p2a: Skarmory
|-damage|p2a: Skarmory|80/100
|
|upkeep
|turn|2
|
|t:|1779887539
|move|p2a: Skarmory|Spikes|p1a: Alomomola
|-sidestart|p1: Anonacct|Spikes
|move|p1a: Alomomola|Scald|p2a: Skarmory
|-damage|p2a: Skarmory|62/100
|-status|p2a: Skarmory|brn
|
|-damage|p2a: Skarmory|56/100 brn|[from] brn
|upkeep
|turn|3
|
|t:|1779887549
|move|p2a: Skarmory|Spikes|p1a: Alomomola
|-sidestart|p1: Anonacct|Spikes
|move|p1a: Alomomola|Scald|p2a: Skarmory
|-damage|p2a: Skarmory|39/100 brn
|
|-damage|p2a: Skarmory|33/100 brn|[from] brn
|upkeep
|turn|4
|
|t:|1779887558
|move|p2a: Skarmory|Roost|p2a: Skarmory
|-heal|p2a: Skarmory|83/100 brn
|-singleturn|p2a: Skarmory|move: Roost
|move|p1a: Alomomola|Scald|p2a: Skarmory
|-damage|p2a: Skarmory|62/100 brn
|
|-damage|p2a: Skarmory|56/100 brn|[from] brn
|upkeep
|turn|5
|
|t:|1779887562
|switch|p2a: Blissey|Blissey, F|100/100
|move|p1a: Alomomola|Scald|p2a: Blissey
|-damage|p2a: Blissey|96/100
|
|upkeep
|turn|6
|
|t:|1779887569
|move|p2a: Blissey|Stealth Rock|p1a: Alomomola
|-sidestart|p1: Anonacct|move: Stealth Rock
|move|p1a: Alomomola|Wish|p1a: Alomomola
|
|upkeep
|turn|7
|
|t:|1779887574
|switch|p2a: Gholdengo|Gholdengo|100/100
|move|p1a: Alomomola|Flip Turn|p2a: Gholdengo
|-damage|p2a: Gholdengo|88/100
|
|t:|1779887581
|switch|p1a: Kingambit|Kingambit, F|100/100|[from] Flip Turn
|-damage|p1a: Kingambit|76/100|[from] Spikes
|-damage|p1a: Kingambit|69/100|[from] Stealth Rock
|
|-heal|p1a: Kingambit|100/100|[from] move: Wish|[wisher] Alomomola
|upkeep
|turn|8
|
|t:|1779887591
|move|p2a: Gholdengo|Nasty Plot|p2a: Gholdengo
|-boost|p2a: Gholdengo|spa|2
|move|p1a: Kingambit|Kowtow Cleave|p2a: Gholdengo
|-supereffective|p2a: Gholdengo
|-damage|p2a: Gholdengo|0 fnt
|faint|p2a: Gholdengo
|
|upkeep
|
|t:|1779887594
|switch|p2a: Zamazenta|Zamazenta|100/100
|-ability|p2a: Zamazenta|Dauntless Shield|boost
|-boost|p2a: Zamazenta|def|1
|turn|9
|
|t:|1779887598
|-end|p1a: Kingambit|fallenundefined|[silent]
|switch|p1a: Corviknight|Corviknight, M|100/100
|-damage|p1a: Corviknight|88/100|[from] Stealth Rock
|-ability|p1a: Corviknight|Pressure
|move|p2a: Zamazenta|Close Combat|p1a: Corviknight
|-damage|p1a: Corviknight|52/100
|-unboost|p2a: Zamazenta|def|1
|-unboost|p2a: Zamazenta|spd|1
|
|-heal|p1a: Corviknight|58/100|[from] item: Leftovers
|upkeep
|turn|10
|
|t:|1779887614
|switch|p2a: Gliscor|Gliscor, F|100/100
|move|p1a: Corviknight|Roost|p1a: Corviknight
|-heal|p1a: Corviknight|100/100
|-singleturn|p1a: Corviknight|move: Roost
|
|-status|p2a: Gliscor|tox|[from] item: Toxic Orb
|upkeep
|turn|11
|
|t:|1779887622
|move|p2a: Gliscor|Protect|p2a: Gliscor
|-singleturn|p2a: Gliscor|Protect
|move|p1a: Corviknight|Defog|p2a: Gliscor
|-activate|p2a: Gliscor|move: Protect
|
|upkeep
|turn|12
|
|t:|1779887629
|move|p2a: Gliscor|Knock Off|p1a: Corviknight
|-damage|p1a: Corviknight|88/100
|-enditem|p1a: Corviknight|Leftovers|[from] move: Knock Off|[of] p2a: Gliscor
|move|p1a: Corviknight|Defog|p2a: Gliscor
|-unboost|p2a: Gliscor|evasion|1
|-sideend|p1: Anonacct|Spikes|[from] move: Defog|[of] p1a: Corviknight
|-sideend|p1: Anonacct|Stealth Rock|[from] move: Defog|[of] p1a: Corviknight
|
|upkeep
|turn|13
|
|t:|1779887640
|switch|p1a: Alomomola|Alomomola, M|100/100
|move|p2a: Gliscor|Swords Dance|p2a: Gliscor
|-boost|p2a: Gliscor|atk|2
|
|upkeep
|turn|14
|
|t:|1779887648
|move|p2a: Gliscor|Swords Dance|p2a: Gliscor
|-boost|p2a: Gliscor|atk|2
|move|p1a: Alomomola|Scald|p2a: Gliscor
|-supereffective|p2a: Gliscor
|-damage|p2a: Gliscor|76/100 tox
|
|-heal|p2a: Gliscor|89/100 tox|[from] ability: Poison Heal
|upkeep
|turn|15
|
|t:|1779887659
|move|p2a: Gliscor|Earthquake|p1a: Alomomola
|-damage|p1a: Alomomola|45/100
|move|p1a: Alomomola|Flip Turn|p2a: Gliscor
|-supereffective|p2a: Gliscor
|-damage|p2a: Gliscor|64/100 tox
|
|t:|1779887673
|switch|p1a: Gliscor|Gliscor, F|100/100|[from] Flip Turn
|
|-heal|p2a: Gliscor|77/100 tox|[from] ability: Poison Heal
|-status|p1a: Gliscor|tox|[from] item: Toxic Orb
|upkeep
|turn|16
|
|t:|1779887682
|-terastallize|p2a: Gliscor|Dark
|move|p2a: Gliscor|Knock Off|p1a: Gliscor
|-damage|p1a: Gliscor|44/100 tox
|-enditem|p1a: Gliscor|Toxic Orb|[from] move: Knock Off|[of] p2a: Gliscor
|move|p1a: Gliscor|Spikes|p2a: Gliscor
|-sidestart|p2: claudechamp|Spikes
|
|-heal|p2a: Gliscor|89/100 tox|[from] ability: Poison Heal
|-heal|p1a: Gliscor|57/100 tox|[from] ability: Poison Heal
|upkeep
|turn|17
|
|t:|1779887693
|move|p1a: Gliscor|Protect|p1a: Gliscor
|-singleturn|p1a: Gliscor|Protect
|move|p2a: Gliscor|Knock Off|p1a: Gliscor
|-activate|p1a: Gliscor|move: Protect
|
|-heal|p2a: Gliscor|100/100 tox|[from] ability: Poison Heal
|-heal|p1a: Gliscor|69/100 tox|[from] ability: Poison Heal
|upkeep
|turn|18
|
|t:|1779887707
|move|p2a: Gliscor|Knock Off|p1a: Gliscor
|-damage|p1a: Gliscor|31/100 tox
|move|p1a: Gliscor|Earthquake|p2a: Gliscor
|-damage|p2a: Gliscor|75/100 tox
|
|-heal|p2a: Gliscor|87/100 tox|[from] ability: Poison Heal
|-heal|p1a: Gliscor|43/100 tox|[from] ability: Poison Heal
|upkeep
|turn|19
|
|t:|1779887716
|move|p2a: Gliscor|Knock Off|p1a: Gliscor
|-damage|p1a: Gliscor|3/100 tox
|move|p1a: Gliscor|Spikes|p2a: Gliscor
|-sidestart|p2: claudechamp|Spikes
|
|-heal|p2a: Gliscor|99/100 tox|[from] ability: Poison Heal
|-heal|p1a: Gliscor|16/100 tox|[from] ability: Poison Heal
|upkeep
|turn|20
|
|t:|1779887725
|move|p1a: Gliscor|Protect|p1a: Gliscor
|-singleturn|p1a: Gliscor|Protect
|move|p2a: Gliscor|Knock Off|p1a: Gliscor
|-activate|p1a: Gliscor|move: Protect
|
|-heal|p2a: Gliscor|100/100 tox|[from] ability: Poison Heal
|-heal|p1a: Gliscor|28/100 tox|[from] ability: Poison Heal
|upkeep
|turn|21
|
|t:|1779887732
|switch|p1a: Corviknight|Corviknight, M|88/100
|-ability|p1a: Corviknight|Pressure
|move|p2a: Gliscor|Knock Off|p1a: Corviknight
|-damage|p1a: Corviknight|49/100
|
|upkeep
|turn|22
|
|t:|1779887741
|move|p2a: Gliscor|Protect|p2a: Gliscor
|-singleturn|p2a: Gliscor|Protect
|move|p1a: Corviknight|Roost|p1a: Corviknight
|-heal|p1a: Corviknight|99/100
|-singleturn|p1a: Corviknight|move: Roost
|
|upkeep
|turn|23
|
|t:|1779887770
|move|p2a: Gliscor|Knock Off|p1a: Corviknight
|-damage|p1a: Corviknight|63/100
|move|p1a: Corviknight|Brave Bird|p2a: Gliscor
|-damage|p2a: Gliscor|73/100 tox
|-damage|p1a: Corviknight|55/100|[from] Recoil
|
|-heal|p2a: Gliscor|85/100 tox|[from] ability: Poison Heal
|upkeep
|turn|24
|
|t:|1779887778
|move|p2a: Gliscor|Knock Off|p1a: Corviknight
|-damage|p1a: Corviknight|19/100
|move|p1a: Corviknight|Roost|p1a: Corviknight
|-heal|p1a: Corviknight|69/100
|-singleturn|p1a: Corviknight|move: Roost
|
|-heal|p2a: Gliscor|98/100 tox|[from] ability: Poison Heal
|upkeep
|turn|25
|
|t:|1779887787
|move|p2a: Gliscor|Swords Dance|p2a: Gliscor
|-boost|p2a: Gliscor|atk|2
|move|p1a: Corviknight|U-turn|p2a: Gliscor
|-supereffective|p2a: Gliscor
|-damage|p2a: Gliscor|73/100 tox
|
|t:|1779887794
|switch|p1a: Alomomola|Alomomola, M|78/100|[from] U-turn
|
|-heal|p2a: Gliscor|85/100 tox|[from] ability: Poison Heal
|upkeep
|turn|26
|
|t:|1779887799
|move|p1a: Alomomola|Protect|p1a: Alomomola
|-singleturn|p1a: Alomomola|Protect
|move|p2a: Gliscor|Earthquake|p1a: Alomomola
|-activate|p1a: Alomomola|move: Protect
|
|-heal|p2a: Gliscor|98/100 tox|[from] ability: Poison Heal
|upkeep
|turn|27
|
|t:|1779887811
|switch|p1a: Corviknight|Corviknight, M|69/100
|-ability|p1a: Corviknight|Pressure
|move|p2a: Gliscor|Earthquake|p1a: Corviknight
|-immune|p1a: Corviknight
|
|-heal|p2a: Gliscor|100/100 tox|[from] ability: Poison Heal
|upkeep
|turn|28
|
|t:|1779887828
|move|p2a: Gliscor|Knock Off|p1a: Corviknight
|-damage|p1a: Corviknight|21/100
|move|p1a: Corviknight|Roost|p1a: Corviknight
|-heal|p1a: Corviknight|71/100
|-singleturn|p1a: Corviknight|move: Roost
|
|upkeep
|turn|29
|
|t:|1779887837
|move|p2a: Gliscor|Knock Off|p1a: Corviknight
|-damage|p1a: Corviknight|20/100
|move|p1a: Corviknight|Roost|p1a: Corviknight
|-heal|p1a: Corviknight|70/100
|-singleturn|p1a: Corviknight|move: Roost
|
|upkeep
|turn|30
|
|t:|1779887855
|move|p2a: Gliscor|Knock Off|p1a: Corviknight
|-damage|p1a: Corviknight|17/100
|move|p1a: Corviknight|Roost|p1a: Corviknight
|-heal|p1a: Corviknight|67/100
|-singleturn|p1a: Corviknight|move: Roost
|
|upkeep
|turn|31
|inactive|Anonacct has 120 seconds left.
|
|t:|1779887882
|move|p2a: Gliscor|Knock Off|p1a: Corviknight
|-damage|p1a: Corviknight|18/100
|move|p1a: Corviknight|Roost|p1a: Corviknight
|-heal|p1a: Corviknight|68/100
|-singleturn|p1a: Corviknight|move: Roost
|
|upkeep
|turn|32
|inactive|Anonacct has 120 seconds left.
|
|t:|1779887898
|move|p2a: Gliscor|Knock Off|p1a: Corviknight
|-damage|p1a: Corviknight|22/100
|move|p1a: Corviknight|Roost|p1a: Corviknight
|-heal|p1a: Corviknight|72/100
|-singleturn|p1a: Corviknight|move: Roost
|
|upkeep
|turn|33
|inactive|Anonacct has 120 seconds left.
|
|t:|1779887922
|move|p2a: Gliscor|Knock Off|p1a: Corviknight
|-damage|p1a: Corviknight|21/100
|move|p1a: Corviknight|U-turn|p2a: Gliscor
|-supereffective|p2a: Gliscor
|-damage|p2a: Gliscor|79/100 tox
|
|t:|1779887934
|switch|p1a: Alomomola|Alomomola, M|100/100|[from] U-turn
|
|-heal|p2a: Gliscor|91/100 tox|[from] ability: Poison Heal
|upkeep
|turn|34
|
|t:|1779887941
|move|p1a: Alomomola|Protect|p1a: Alomomola
|-singleturn|p1a: Alomomola|Protect
|move|p2a: Gliscor|Earthquake|p1a: Alomomola
|-activate|p1a: Alomomola|move: Protect
|
|-heal|p2a: Gliscor|100/100 tox|[from] ability: Poison Heal
|upkeep
|turn|35
|
|t:|1779887948
|switch|p1a: Gliscor|Gliscor, F|28/100 tox
|move|p2a: Gliscor|Earthquake|p1a: Gliscor
|-immune|p1a: Gliscor
|
|-heal|p1a: Gliscor|41/100 tox|[from] ability: Poison Heal
|upkeep
|turn|36
|
|t:|1779887957
|move|p1a: Gliscor|Protect|p1a: Gliscor
|-singleturn|p1a: Gliscor|Protect
|move|p2a: Gliscor|Knock Off|p1a: Gliscor
|-activate|p1a: Gliscor|move: Protect
|
|-heal|p1a: Gliscor|53/100 tox|[from] ability: Poison Heal
|upkeep
|turn|37
|inactive|Anonacct has 120 seconds left.
|
|t:|1779887980
|switch|p1a: Corviknight|Corviknight, M|21/100
|-ability|p1a: Corviknight|Pressure
|move|p2a: Gliscor|Knock Off|p1a: Corviknight
|-damage|p1a: Corviknight|0 fnt
|faint|p1a: Corviknight
|
|upkeep
|
|t:|1779887990
|switch|p1a: Alomomola|Alomomola, M|100/100
|turn|38
|
|t:|1779887995
|move|p2a: Gliscor|Earthquake|p1a: Alomomola
|-damage|p1a: Alomomola|34/100
|move|p1a: Alomomola|Wish|p1a: Alomomola
|
|upkeep
|turn|39
|
|t:|1779888000
|move|p1a: Alomomola|Protect|p1a: Alomomola
|-singleturn|p1a: Alomomola|Protect
|move|p2a: Gliscor|Earthquake|p1a: Alomomola
|-activate|p1a: Alomomola|move: Protect
|
|-heal|p1a: Alomomola|84/100|[from] move: Wish|[wisher] Alomomola
|upkeep
|turn|40
|inactive|Anonacct has 120 seconds left.
|
|t:|1779888008
|move|p2a: Gliscor|Earthquake|p1a: Alomomola
|-damage|p1a: Alomomola|13/100
|move|p1a: Alomomola|Wish|p1a: Alomomola
|
|upkeep
|turn|41
|
|t:|1779888016
|move|p1a: Alomomola|Protect|p1a: Alomomola
|-singleturn|p1a: Alomomola|Protect
|move|p2a: Gliscor|Earthquake|p1a: Alomomola
|-activate|p1a: Alomomola|move: Protect
|
|-heal|p1a: Alomomola|63/100|[from] move: Wish|[wisher] Alomomola
|upkeep
|turn|42
|
|t:|1779888022
|-terastallize|p1a: Alomomola|Grass
|move|p2a: Gliscor|Earthquake|p1a: Alomomola
|-resisted|p1a: Alomomola
|-damage|p1a: Alomomola|28/100
|move|p1a: Alomomola|Wish|p1a: Alomomola
|
|upkeep
|turn|43
|
|t:|1779888029
|move|p1a: Alomomola|Protect|p1a: Alomomola
|-singleturn|p1a: Alomomola|Protect
|move|p2a: Gliscor|Earthquake|p1a: Alomomola
|-activate|p1a: Alomomola|move: Protect
|
|-heal|p1a: Alomomola|78/100|[from] move: Wish|[wisher] Alomomola
|upkeep
|turn|44
|
|t:|1779888046
|move|p2a: Gliscor|Knock Off|p1a: Alomomola
|-damage|p1a: Alomomola|8/100
|-enditem|p1a: Alomomola|Heavy-Duty Boots|[from] move: Knock Off|[of] p2a: Gliscor
|move|p1a: Alomomola|Wish|p1a: Alomomola
|
|upkeep
|turn|45
|
|t:|1779888053
|move|p1a: Alomomola|Protect|p1a: Alomomola
|-singleturn|p1a: Alomomola|Protect
|move|p2a: Gliscor|Earthquake|p1a: Alomomola
|-activate|p1a: Alomomola|move: Protect
|
|-heal|p1a: Alomomola|58/100|[from] move: Wish|[wisher] Alomomola
|upkeep
|turn|46
|
|t:|1779888061
|move|p2a: Gliscor|Knock Off|p1a: Alomomola
|-damage|p1a: Alomomola|11/100
|move|p1a: Alomomola|Wish|p1a: Alomomola
|
|upkeep
|turn|47
|
|t:|1779888068
|move|p1a: Alomomola|Protect|p1a: Alomomola
|-singleturn|p1a: Alomomola|Protect
|move|p2a: Gliscor|Earthquake|p1a: Alomomola
|-activate|p1a: Alomomola|move: Protect
|
|-heal|p1a: Alomomola|61/100|[from] move: Wish|[wisher] Alomomola
|upkeep
|turn|48
|
|t:|1779888083
|move|p2a: Gliscor|Knock Off|p1a: Alomomola
|-damage|p1a: Alomomola|12/100
|move|p1a: Alomomola|Wish|p1a: Alomomola
|
|upkeep
|turn|49
|
|t:|1779888088
|move|p1a: Alomomola|Protect|p1a: Alomomola
|-singleturn|p1a: Alomomola|Protect
|move|p2a: Gliscor|Earthquake|p1a: Alomomola
|-activate|p1a: Alomomola|move: Protect
|
|-heal|p1a: Alomomola|62/100|[from] move: Wish|[wisher] Alomomola
|upkeep
|turn|50
|
|t:|1779888100
|move|p2a: Gliscor|Knock Off|p1a: Alomomola
|-damage|p1a: Alomomola|16/100
|move|p1a: Alomomola|Wish|p1a: Alomomola
|
|upkeep
|turn|51
|
|t:|1779888106
|move|p1a: Alomomola|Protect|p1a: Alomomola
|-singleturn|p1a: Alomomola|Protect
|move|p2a: Gliscor|Earthquake|p1a: Alomomola
|-activate|p1a: Alomomola|move: Protect
|
|-heal|p1a: Alomomola|66/100|[from] move: Wish|[wisher] Alomomola
|upkeep
|turn|52
|
|t:|1779888122
|switch|p2a: Blissey|Blissey, F|96/100
|move|p1a: Alomomola|Wish|p1a: Alomomola
|
|upkeep
|turn|53
|
|t:|1779888138
|switch|p1a: Gliscor|Gliscor, F|53/100 tox
|move|p2a: Blissey|Stealth Rock|p1a: Gliscor
|-sidestart|p1: Anonacct|move: Stealth Rock
|
|-heal|p1a: Gliscor|100/100 tox|[from] move: Wish|[wisher] Alomomola
|upkeep
|turn|54
|
|t:|1779888150
|switch|p2a: Skarmory|Skarmory, F|56/100 brn
|move|p1a: Gliscor|Knock Off|p2a: Skarmory
|-damage|p2a: Skarmory|43/100 brn
|-enditem|p2a: Skarmory|Heavy-Duty Boots|[from] move: Knock Off|[of] p1a: Gliscor
|
|-damage|p2a: Skarmory|37/100 brn|[from] brn
|upkeep
|turn|55
|
|t:|1779888162
|move|p1a: Gliscor|Spikes|p2a: Skarmory
|-sidestart|p2: claudechamp|Spikes
|move|p2a: Skarmory|Roost|p2a: Skarmory
|-heal|p2a: Skarmory|87/100 brn
|-singleturn|p2a: Skarmory|move: Roost
|
|-damage|p2a: Skarmory|81/100 brn|[from] brn
|upkeep
|turn|56
|
|t:|1779888173
|switch|p1a: Garganacl|Garganacl, F|100/100
|-damage|p1a: Garganacl|88/100|[from] Stealth Rock
|move|p2a: Skarmory|Spikes|p1a: Garganacl
|-sidestart|p1: Anonacct|Spikes
|
|-heal|p1a: Garganacl|94/100|[from] item: Leftovers
|-damage|p2a: Skarmory|75/100 brn|[from] brn
|upkeep
|turn|57
|
|t:|1779888184
|move|p2a: Skarmory|Spikes|p1a: Garganacl
|-sidestart|p1: Anonacct|Spikes
|move|p1a: Garganacl|Salt Cure|p2a: Skarmory
|-damage|p2a: Skarmory|67/100 brn
|-start|p2a: Skarmory|Salt Cure
|
|-heal|p1a: Garganacl|100/100|[from] item: Leftovers
|-damage|p2a: Skarmory|61/100 brn|[from] brn
|-damage|p2a: Skarmory|36/100 brn|[from] Salt Cure
|upkeep
|turn|58
|
|t:|1779888194
|move|p2a: Skarmory|Roost|p2a: Skarmory
|-heal|p2a: Skarmory|86/100 brn
|-singleturn|p2a: Skarmory|move: Roost
|move|p1a: Garganacl|Iron Defense|p1a: Garganacl
|-boost|p1a: Garganacl|def|2
|
|-damage|p2a: Skarmory|80/100 brn|[from] brn
|-damage|p2a: Skarmory|55/100 brn|[from] Salt Cure
|upkeep
|turn|59
|
|t:|1779888201
|move|p1a: Garganacl|Iron Defense|p1a: Garganacl
|-boost|p1a: Garganacl|def|2
|move|p2a: Skarmory|Whirlwind|p1a: Garganacl
|drag|p1a: Gliscor|Gliscor, F|100/100 tox
|-damage|p1a: Gliscor|88/100 tox|[from] Stealth Rock
|
|-heal|p1a: Gliscor|100/100 tox|[from] ability: Poison Heal
|-damage|p2a: Skarmory|49/100 brn|[from] brn
|-damage|p2a: Skarmory|24/100 brn|[from] Salt Cure
|upkeep
|turn|60
|
|t:|1779888220
|move|p1a: Gliscor|Knock Off|p2a: Skarmory
|-damage|p2a: Skarmory|15/100 brn
|move|p2a: Skarmory|Roost|p2a: Skarmory
|-heal|p2a: Skarmory|65/100 brn
|-singleturn|p2a: Skarmory|move: Roost
|
|-damage|p2a: Skarmory|59/100 brn|[from] brn
|-damage|p2a: Skarmory|34/100 brn|[from] Salt Cure
|upkeep
|turn|61
|
|t:|1779888233
|move|p1a: Gliscor|Knock Off|p2a: Skarmory
|-crit|p2a: Skarmory
|-damage|p2a: Skarmory|21/100 brn
|move|p2a: Skarmory|Roost|p2a: Skarmory
|-heal|p2a: Skarmory|71/100 brn
|-singleturn|p2a: Skarmory|move: Roost
|
|-damage|p2a: Skarmory|65/100 brn|[from] brn
|-damage|p2a: Skarmory|40/100 brn|[from] Salt Cure
|upkeep
|turn|62
|
|t:|1779888246
|move|p1a: Gliscor|Knock Off|p2a: Skarmory
|-damage|p2a: Skarmory|31/100 brn
|move|p2a: Skarmory|Roost|p2a: Skarmory
|-heal|p2a: Skarmory|81/100 brn
|-singleturn|p2a: Skarmory|move: Roost
|
|-damage|p2a: Skarmory|75/100 brn|[from] brn
|-damage|p2a: Skarmory|50/100 brn|[from] Salt Cure
|upkeep
|turn|63
|
|t:|1779888257
|move|p1a: Gliscor|Knock Off|p2a: Skarmory
|-damage|p2a: Skarmory|42/100 brn
|move|p2a: Skarmory|Spikes|p1a: Gliscor
|-sidestart|p1: Anonacct|Spikes
|
|-damage|p2a: Skarmory|36/100 brn|[from] brn
|-damage|p2a: Skarmory|11/100 brn|[from] Salt Cure
|upkeep
|turn|64
|
|t:|1779888265
|move|p1a: Gliscor|Knock Off|p2a: Skarmory
|-damage|p2a: Skarmory|2/100 brn
|move|p2a: Skarmory|Whirlwind|p1a: Gliscor
|drag|p1a: Kingambit|Kingambit, F|100/100
|-damage|p1a: Kingambit|94/100|[from] Stealth Rock
|-damage|p1a: Kingambit|69/100|[from] Spikes
|-activate|p1a: Kingambit|ability: Supreme Overlord
|-start|p1a: Kingambit|fallen1|[silent]
|
|-damage|p2a: Skarmory|0 fnt|[from] brn
|faint|p2a: Skarmory
|upkeep
|
|t:|1779888274
|switch|p2a: Zamazenta|Zamazenta|100/100
|turn|65
|
|t:|1779888281
|-end|p1a: Kingambit|fallen1|[silent]
|switch|p1a: Alomomola|Alomomola, M, tera:Grass|99/100
|-damage|p1a: Alomomola|87/100|[from] Stealth Rock
|-damage|p1a: Alomomola|62/100|[from] Spikes
|move|p2a: Zamazenta|Close Combat|p1a: Alomomola
|-damage|p1a: Alomomola|28/100
|-unboost|p2a: Zamazenta|def|1
|-unboost|p2a: Zamazenta|spd|1
|
|upkeep
|turn|66
|
|t:|1779888306
|switch|p1a: Gholdengo|Gholdengo|100/100
|-damage|p1a: Gholdengo|94/100|[from] Stealth Rock
|-item|p1a: Gholdengo|Air Balloon
|move|p2a: Zamazenta|Close Combat|p1a: Gholdengo
|-immune|p1a: Gholdengo
|
|upkeep
|turn|67
|
|t:|1779888316
|switch|p2a: Blissey|Blissey, F|96/100
|move|p1a: Gholdengo|Nasty Plot|p1a: Gholdengo
|-boost|p1a: Gholdengo|spa|2
|
|upkeep
|turn|68
|
|t:|1779888325
|move|p1a: Gholdengo|Nasty Plot|p1a: Gholdengo
|-boost|p1a: Gholdengo|spa|2
|move|p2a: Blissey|Shadow Ball|p1a: Gholdengo
|-supereffective|p1a: Gholdengo
|-damage|p1a: Gholdengo|58/100
|-unboost|p1a: Gholdengo|spd|1
|-enditem|p1a: Gholdengo|Air Balloon
|
|upkeep
|turn|69
|
|t:|1779888336
|move|p1a: Gholdengo|Focus Blast|p2a: Blissey
|-supereffective|p2a: Blissey
|-damage|p2a: Blissey|18/100
|move|p2a: Blissey|Shadow Ball|p1a: Gholdengo
|-supereffective|p1a: Gholdengo
|-damage|p1a: Gholdengo|7/100
|
|upkeep
|turn|70
|
|t:|1779888344
|move|p1a: Gholdengo|Make It Rain|p2a: Blissey
|-damage|p2a: Blissey|0 fnt
|-unboost|p1a: Gholdengo|spa|1
|faint|p2a: Blissey
|
|upkeep
|
|t:|1779888352
|switch|p2a: Zamazenta|Zamazenta|100/100
|turn|71
|
|t:|1779888368
|move|p2a: Zamazenta|Crunch|p1a: Gholdengo
|-supereffective|p1a: Gholdengo
|-damage|p1a: Gholdengo|0 fnt
|faint|p1a: Gholdengo
|
|upkeep
|
|t:|1779888378
|switch|p1a: Garganacl|Garganacl, F|100/100
|-damage|p1a: Garganacl|88/100|[from] Stealth Rock
|-damage|p1a: Garganacl|63/100|[from] Spikes
|turn|72
|
|t:|1779888385
|move|p2a: Zamazenta|Close Combat|p1a: Garganacl
|-supereffective|p1a: Garganacl
|-damage|p1a: Garganacl|0 fnt
|-unboost|p2a: Zamazenta|def|1
|-unboost|p2a: Zamazenta|spd|1
|faint|p1a: Garganacl
|
|upkeep
|
|t:|1779888392
|switch|p1a: Alomomola|Alomomola, M, tera:Grass|61/100
|-damage|p1a: Alomomola|49/100|[from] Stealth Rock
|-damage|p1a: Alomomola|24/100|[from] Spikes
|turn|73
|
|t:|1779888395
|move|p2a: Zamazenta|Close Combat|p1a: Alomomola
|-damage|p1a: Alomomola|0 fnt
|-unboost|p2a: Zamazenta|def|1
|-unboost|p2a: Zamazenta|spd|1
|faint|p1a: Alomomola
|
|upkeep
|
|t:|1779888398
|switch|p1a: Gliscor|Gliscor, F|100/100 tox
|-damage|p1a: Gliscor|88/100 tox|[from] Stealth Rock
|turn|74
|
|t:|1779888407
|move|p2a: Zamazenta|Ice Fang|p1a: Gliscor
|-supereffective|p1a: Gliscor
|-damage|p1a: Gliscor|31/100 tox
|move|p1a: Gliscor|Knock Off|p2a: Zamazenta
|-resisted|p2a: Zamazenta
|-damage|p2a: Zamazenta|79/100
|-enditem|p2a: Zamazenta|Heavy-Duty Boots|[from] move: Knock Off|[of] p1a: Gliscor
|
|-heal|p1a: Gliscor|44/100 tox|[from] ability: Poison Heal
|upkeep
|turn|75
|
|t:|1779888416
|move|p1a: Gliscor|Protect|p1a: Gliscor
|-singleturn|p1a: Gliscor|Protect
|move|p2a: Zamazenta|Ice Fang|p1a: Gliscor
|-activate|p1a: Gliscor|move: Protect
|
|-heal|p1a: Gliscor|56/100 tox|[from] ability: Poison Heal
|upkeep
|turn|76
|
|t:|1779888422
|move|p2a: Zamazenta|Ice Fang|p1a: Gliscor
|-supereffective|p1a: Gliscor
|-damage|p1a: Gliscor|6/100 tox
|move|p1a: Gliscor|Earthquake|p2a: Zamazenta
|-damage|p2a: Zamazenta|22/100
|
|-heal|p1a: Gliscor|19/100 tox|[from] ability: Poison Heal
|upkeep
|turn|77
|
|t:|1779888427
|move|p2a: Zamazenta|Close Combat|p1a: Gliscor
|-resisted|p1a: Gliscor
|-damage|p1a: Gliscor|0 fnt
|-unboost|p2a: Zamazenta|def|1
|-unboost|p2a: Zamazenta|spd|1
|faint|p1a: Gliscor
|
|upkeep
|
|t:|1779888430
|switch|p1a: Kingambit|Kingambit, F|69/100
|-damage|p1a: Kingambit|63/100|[from] Stealth Rock
|-damage|p1a: Kingambit|38/100|[from] Spikes
|-activate|p1a: Kingambit|ability: Supreme Overlord
|-start|p1a: Kingambit|fallen5|[silent]
|turn|78
|
|t:|1779888433
|move|p1a: Kingambit|Sucker Punch|p2a: Zamazenta
|-resisted|p2a: Zamazenta
|-damage|p2a: Zamazenta|0 fnt
|faint|p2a: Zamazenta
|
|upkeep
|
|t:|1779888434
|switch|p2a: Gliscor|Gliscor, F, tera:Dark|100/100 tox
|-damage|p2a: Gliscor|75/100 tox|[from] Spikes
|turn|79
|
|t:|1779888439
|move|p2a: Gliscor|Protect|p2a: Gliscor
|-singleturn|p2a: Gliscor|Protect
|move|p1a: Kingambit|Swords Dance|p1a: Kingambit
|-boost|p1a: Kingambit|atk|2
|
|-heal|p2a: Gliscor|88/100 tox|[from] ability: Poison Heal
|upkeep
|turn|80
|
|t:|1779888446
|switch|p2a: Pecharunt|Pecharunt|100/100
|move|p1a: Kingambit|Swords Dance|p1a: Kingambit
|-boost|p1a: Kingambit|atk|2
|
|upkeep
|turn|81
|
|t:|1779888456
|move|p2a: Pecharunt|Shadow Ball|p1a: Kingambit
|-resisted|p1a: Kingambit
|-damage|p1a: Kingambit|25/100
|move|p1a: Kingambit|Kowtow Cleave|p2a: Pecharunt
|-supereffective|p2a: Pecharunt
|-damage|p2a: Pecharunt|0 fnt
|faint|p2a: Pecharunt
|
|upkeep
|c|☆Anonacct|Gg
|
|t:|1779888467
|switch|p2a: Gliscor|Gliscor, F, tera:Dark|88/100 tox
|-damage|p2a: Gliscor|63/100 tox|[from] Spikes
|turn|82
|
|t:|1779888476
|move|p2a: Gliscor|Protect|p2a: Gliscor
|-singleturn|p2a: Gliscor|Protect
|move|p1a: Kingambit|Swords Dance|p1a: Kingambit
|-boost|p1a: Kingambit|atk|2
|
|-heal|p2a: Gliscor|75/100 tox|[from] ability: Poison Heal
|upkeep
|turn|83
|
|t:|1779888484
|move|p2a: Gliscor|Swords Dance|p2a: Gliscor
|-boost|p2a: Gliscor|atk|2
|move|p1a: Kingambit|Kowtow Cleave|p2a: Gliscor
|-resisted|p2a: Gliscor
|-damage|p2a: Gliscor|0 fnt
|faint|p2a: Gliscor
|
|win|Anonacct
|raw|Anonacct's rating: 1304 &rarr; <strong>1319</strong><br />(+15 for winning)
|raw|claudechamp's rating: 1208 &rarr; <strong>1190</strong><br />(-18 for losing)
|c|☆claudechamp|gg
|l|☆Anonacct
|player|p1|
