|j|☆Fuarrkpeaking
|j|☆maxcondones
|t:|1779943554
|gametype|singles
|player|p1|Fuarrkpeaking|101|1493
|player|p2|maxcondones|102|1540
|gen|9
|tier|[Gen 9] OU
|rated|
|rule|HP Percentage Mod: HP is shown in percentages
|rule|Endless Battle Clause: Forcing endless battles is banned
|rule|Species Clause: Limit one of each Pokémon
|rule|OHKO Clause: OHKO moves are banned
|rule|Evasion Items Clause: Evasion items are banned
|rule|Evasion Moves Clause: Evasion moves are banned
|rule|Evasion Abilities Clause: Evasion abilities are banned
|rule|Sleep Moves Clause: Sleep-inducing moves are banned
|clearpoke
|poke|p1|Tyranitar, F|
|poke|p1|Iron Valiant|
|poke|p1|Slowking-Galar, M|
|poke|p1|Raging Bolt|
|poke|p1|Cinderace, F|
|poke|p1|Zapdos|
|poke|p2|Excadrill, M|
|poke|p2|Landorus-Therian, M|
|poke|p2|Deoxys-Speed|
|poke|p2|Tyranitar, M|
|poke|p2|Tornadus-Therian, M|
|poke|p2|Hippowdon, M|
|teampreview
|inactive|Battle timer is ON: inactive players will automatically lose when time's up. (requested by Fuarrkpeaking)
|
|t:|1779943588
|teamsize|p1|6
|teamsize|p2|6
|start
|switch|p1a: Zapdos|Zapdos|100/100
|switch|p2a: Deoxys|Deoxys-Speed|100/100
|-ability|p2a: Deoxys|Pressure
|turn|1
|
|t:|1779943595
|move|p2a: Deoxys|Psycho Boost|p1a: Zapdos
|-crit|p1a: Zapdos
|-damage|p1a: Zapdos|0 fnt
|-unboost|p2a: Deoxys|spa|2
|faint|p1a: Zapdos
|-enditem|p2a: Deoxys|Eject Pack
|
|t:|1779943609
|switch|p2a: Landorus|Landorus-Therian, M|100/100
|
|upkeep
|
|t:|1779943615
|switch|p1a: Iron Valiant|Iron Valiant|100/100
|-enditem|p1a: Iron Valiant|Booster Energy
|-activate|p1a: Iron Valiant|ability: Quark Drive|[fromitem]
|-start|p1a: Iron Valiant|quarkdrivespe
|turn|2
|
|t:|1779943621
|switch|p2a: Hippowdon|Hippowdon, M|100/100
|-weather|Sandstorm|[from] ability: Sand Stream|[of] p2a: Hippowdon
|move|p1a: Iron Valiant|Moonblast|p2a: Hippowdon
|-damage|p2a: Hippowdon|49/100
|-unboost|p2a: Hippowdon|spa|1
|-enditem|p2a: Hippowdon|Eject Button
|
|t:|1779943623
|switch|p2a: Excadrill|Excadrill, M|100/100
|
|-weather|Sandstorm|[upkeep]
|-damage|p1a: Iron Valiant|94/100|[from] Sandstorm
|upkeep
|turn|3
|
|t:|1779943632
|-terastallize|p2a: Excadrill|Ground
|move|p2a: Excadrill|Earthquake|p1a: Iron Valiant
|-damage|p1a: Iron Valiant|0 fnt
|faint|p1a: Iron Valiant
|-end|p1a: Iron Valiant|Quark Drive|[silent]
|
|-weather|Sandstorm|[upkeep]
|upkeep
|
|t:|1779943637
|switch|p1a: Raging Bolt|Raging Bolt|100/100
|-enditem|p1a: Raging Bolt|Booster Energy
|-activate|p1a: Raging Bolt|ability: Protosynthesis|[fromitem]
|-start|p1a: Raging Bolt|protosynthesisspa
|turn|4
|
|t:|1779943646
|switch|p2a: Landorus|Landorus-Therian, M|100/100
|-ability|p2a: Landorus|Intimidate|boost
|-unboost|p1a: Raging Bolt|atk|1
|-terastallize|p1a: Raging Bolt|Bug
|move|p1a: Raging Bolt|Draco Meteor|p2a: Landorus
|-damage|p2a: Landorus|0 fnt
|-unboost|p1a: Raging Bolt|spa|2
|faint|p2a: Landorus
|
|-weather|Sandstorm|[upkeep]
|-damage|p1a: Raging Bolt|94/100|[from] Sandstorm
|upkeep
|
|t:|1779943665
|switch|p2a: Excadrill|Excadrill, M, tera:Ground|100/100
|turn|5
|
|t:|1779943668
|move|p2a: Excadrill|Earthquake|p1a: Raging Bolt
|-resisted|p1a: Raging Bolt
|-damage|p1a: Raging Bolt|50/100
|move|p1a: Raging Bolt|Draco Meteor|p2a: Excadrill
|-damage|p2a: Excadrill|37/100
|-unboost|p1a: Raging Bolt|spa|2
|
|-weather|Sandstorm|[upkeep]
|-damage|p1a: Raging Bolt|44/100|[from] Sandstorm
|upkeep
|turn|6
|
|t:|1779943675
|move|p2a: Excadrill|Earthquake|p1a: Raging Bolt
|-resisted|p1a: Raging Bolt
|-damage|p1a: Raging Bolt|0 fnt
|faint|p1a: Raging Bolt
|-end|p1a: Raging Bolt|Protosynthesis|[silent]
|
|-weather|none
|upkeep
|
|t:|1779943679
|switch|p1a: Cinderace|Cinderace, F|100/100
|turn|7
|
|t:|1779943683
|switch|p2a: Hippowdon|Hippowdon, M|49/100
|-weather|Sandstorm|[from] ability: Sand Stream|[of] p2a: Hippowdon
|move|p1a: Cinderace|Pyro Ball|p2a: Hippowdon
|-damage|p2a: Hippowdon|16/100
|
|-weather|Sandstorm|[upkeep]
|-damage|p1a: Cinderace|95/100|[from] Sandstorm
|upkeep
|turn|8
|
|t:|1779943692
|move|p1a: Cinderace|U-turn|p2a: Hippowdon
|-start|p1a: Cinderace|typechange|Bug|[from] ability: Libero
|-damage|p2a: Hippowdon|0 fnt
|faint|p2a: Hippowdon
|
|t:|1779943697
|switch|p1a: Slowking|Slowking-Galar, M|100/100|[from] U-turn
|
|-weather|Sandstorm|[upkeep]
|-damage|p1a: Slowking|94/100|[from] Sandstorm
|upkeep
|
|t:|1779943699
|switch|p2a: Excadrill|Excadrill, M, tera:Ground|37/100
|turn|9
|
|t:|1779943701
|move|p2a: Excadrill|Earthquake|p1a: Slowking
|-supereffective|p1a: Slowking
|-crit|p1a: Slowking
|-damage|p1a: Slowking|0 fnt
|faint|p1a: Slowking
|
|-weather|Sandstorm|[upkeep]
|upkeep
|
|t:|1779943703
|switch|p1a: Tyranitar|Tyranitar, F|100/100
|turn|10
|
|t:|1779943706
|move|p2a: Excadrill|Earthquake|p1a: Tyranitar
|-supereffective|p1a: Tyranitar
|-damage|p1a: Tyranitar|0 fnt
|faint|p1a: Tyranitar
|
|-weather|Sandstorm|[upkeep]
|upkeep
|
|t:|1779943707
|switch|p1a: Cinderace|Cinderace, F|95/100
|turn|11
|
|t:|1779943708
|move|p2a: Excadrill|Earthquake|p1a: Cinderace
|-supereffective|p1a: Cinderace
|-crit|p1a: Cinderace
|-damage|p1a: Cinderace|0 fnt
|faint|p1a: Cinderace
|
|win|maxcondones
|raw|Fuarrkpeaking's rating: 1493 &rarr; <strong>1477</strong><br />(-16 for losing)
|raw|maxcondones's rating: 1565 &rarr; <strong>1581</strong><br />(+16 for winning)
|l|☆Fuarrkpeaking
|player|p1|
|j|☆Fuarrkpeaking
|player|p1|Fuarrkpeaking|101|
