|j|☆waybuloo
|j|☆Itadori_san
|t:|1779945810
|gametype|singles
|player|p1|waybuloo|erika-gen1rb|1376
|player|p2|Itadori_san|169|1389
|gen|9
|tier|[Gen 9] OU
|rated|
|rule|HP Percentage Mod: HP is shown in percentages
|rule|Endless Battle Clause: Forcing endless battles is banned
|rule|Species Clause: Limit one of each Pokémon
|rule|OHKO Clause: OHKO moves are banned
|rule|Evasion Items Clause: Evasion items are banned
|rule|Evasion Moves Clause: Evasion moves are banned
|rule|Evasion Abilities Clause: Evasion abilities are banned
|rule|Sleep Moves Clause: Sleep-inducing moves are banned
|clearpoke
|poke|p1|Glimmora, M|
|poke|p1|Garchomp, F|
|poke|p1|Ogerpon, F|
|poke|p1|Hatterene, F|
|poke|p1|Iron Crown|
|poke|p1|Kingambit, M|
|poke|p2|Regidrago|
|poke|p2|Ribombee, M|
|poke|p2|Gholdengo|
|poke|p2|Okidogi, M|
|poke|p2|Iron Moth|
|poke|p2|Great Tusk|
|teampreview
|inactive|Battle timer is ON: inactive players will automatically lose when time's up. (requested by Itadori_san)
|
|t:|1779945816
|teamsize|p1|6
|teamsize|p2|6
|start
|switch|p1a: Ogerpon|Ogerpon, F|100/100
|switch|p2a: Ribombee|Ribombee, M|100/100
|turn|1
|
|t:|1779945820
|move|p2a: Ribombee|Sticky Web|p1a: Ogerpon
|-sidestart|p1: waybuloo|move: Sticky Web
|move|p1a: Ogerpon|U-turn|p2a: Ribombee
|-resisted|p2a: Ribombee
|-damage|p2a: Ribombee|66/100
|
|t:|1779945827
|switch|p1a: Glimmora|Glimmora, M|100/100|[from] U-turn
|-activate|p1a: Glimmora|move: Sticky Web
|-unboost|p1a: Glimmora|spe|1
|
|upkeep
|turn|2
|
|t:|1779945831
|move|p2a: Ribombee|Quiver Dance|p2a: Ribombee
|-boost|p2a: Ribombee|spa|1
|-boost|p2a: Ribombee|spd|1
|-boost|p2a: Ribombee|spe|1
|move|p1a: Glimmora|Meteor Beam||[still]
|-prepare|p1a: Glimmora|Meteor Beam
|-boost|p1a: Glimmora|spa|1
|-enditem|p1a: Glimmora|Power Herb
|-anim|p1a: Glimmora|Meteor Beam|p2a: Ribombee
|-supereffective|p2a: Ribombee
|-damage|p2a: Ribombee|0 fnt
|faint|p2a: Ribombee
|
|upkeep
|
|t:|1779945835
|switch|p2a: Great Tusk|Great Tusk|100/100
|turn|3
|
|t:|1779945839
|-terastallize|p1a: Glimmora|Ghost
|move|p2a: Great Tusk|Headlong Rush|p1a: Glimmora
|-damage|p1a: Glimmora|14/100
|-unboost|p2a: Great Tusk|def|1
|-unboost|p2a: Great Tusk|spd|1
|-activate|p1a: Glimmora|ability: Toxic Debris
|-sidestart|p2: Itadori_san|move: Toxic Spikes
|move|p1a: Glimmora|Mortal Spin|p2a: Great Tusk
|-resisted|p2a: Great Tusk
|-crit|p2a: Great Tusk
|-damage|p2a: Great Tusk|97/100
|-status|p2a: Great Tusk|psn
|-damage|p1a: Glimmora|0 fnt|[from] item: Rocky Helmet|[of] p2a: Great Tusk
|faint|p1a: Glimmora
|
|-damage|p2a: Great Tusk|84/100 psn|[from] psn
|upkeep
|
|t:|1779945847
|switch|p1a: Ogerpon|Ogerpon, F|100/100
|-activate|p1a: Ogerpon|move: Sticky Web
|-unboost|p1a: Ogerpon|spe|1
|-ability|p1a: Ogerpon|Defiant|boost
|-boost|p1a: Ogerpon|atk|2
|turn|4
|
|t:|1779945854
|move|p1a: Ogerpon|Ivy Cudgel|p2a: Great Tusk
|-supereffective|p2a: Great Tusk
|-damage|p2a: Great Tusk|0 fnt
|faint|p2a: Great Tusk
|-end|p2a: Great Tusk|Protosynthesis|[silent]
|
|upkeep
|
|t:|1779945856
|switch|p2a: Gholdengo|Gholdengo|100/100
|-item|p2a: Gholdengo|Air Balloon
|turn|5
|
|t:|1779945868
|move|p1a: Ogerpon|Ivy Cudgel|p2a: Gholdengo
|-resisted|p2a: Gholdengo
|-damage|p2a: Gholdengo|46/100
|-enditem|p2a: Gholdengo|Air Balloon
|move|p2a: Gholdengo|Thunder Wave|p1a: Ogerpon
|-status|p1a: Ogerpon|par
|
|upkeep
|turn|6
|
|t:|1779945872
|move|p2a: Gholdengo|Hex|p1a: Ogerpon
|-damage|p1a: Ogerpon|31/100 par
|move|p1a: Ogerpon|Ivy Cudgel|p2a: Gholdengo
|-resisted|p2a: Gholdengo
|-damage|p2a: Gholdengo|0 fnt
|faint|p2a: Gholdengo
|
|upkeep
|
|t:|1779945876
|switch|p2a: Iron Moth|Iron Moth|100/100
|-sideend|p2: Itadori_san|move: Toxic Spikes|[of] p2a: Iron Moth
|-enditem|p2a: Iron Moth|Booster Energy
|-activate|p2a: Iron Moth|ability: Quark Drive|[fromitem]
|-start|p2a: Iron Moth|quarkdrivespe
|turn|7
|
|t:|1779945878
|move|p2a: Iron Moth|Substitute|p2a: Iron Moth
|-start|p2a: Iron Moth|Substitute
|-damage|p2a: Iron Moth|76/100
|move|p1a: Ogerpon|Ivy Cudgel|p2a: Iron Moth
|-resisted|p2a: Iron Moth
|-end|p2a: Iron Moth|Substitute
|
|upkeep
|turn|8
|
|t:|1779945882
|move|p2a: Iron Moth|Substitute|p2a: Iron Moth
|-start|p2a: Iron Moth|Substitute
|-damage|p2a: Iron Moth|51/100
|move|p1a: Ogerpon|Ivy Cudgel|p2a: Iron Moth
|-resisted|p2a: Iron Moth
|-end|p2a: Iron Moth|Substitute
|
|upkeep
|turn|9
|
|t:|1779945886
|move|p2a: Iron Moth|Substitute|p2a: Iron Moth
|-start|p2a: Iron Moth|Substitute
|-damage|p2a: Iron Moth|26/100
|move|p1a: Ogerpon|Ivy Cudgel|p2a: Iron Moth
|-resisted|p2a: Iron Moth
|-crit|p2a: Iron Moth
|-end|p2a: Iron Moth|Substitute
|
|upkeep
|turn|10
|
|t:|1779945888
|move|p2a: Iron Moth|Fiery Dance|p1a: Ogerpon
|-supereffective|p1a: Ogerpon
|-damage|p1a: Ogerpon|0 fnt
|faint|p1a: Ogerpon
|
|upkeep
|
|t:|1779945894
|switch|p1a: Garchomp|Garchomp, F|100/100
|-activate|p1a: Garchomp|move: Sticky Web
|-unboost|p1a: Garchomp|spe|1
|turn|11
|
|t:|1779945896
|move|p2a: Iron Moth|Dazzling Gleam|p1a: Garchomp
|-supereffective|p1a: Garchomp
|-damage|p1a: Garchomp|43/100
|move|p1a: Garchomp|Scale Shot|p2a: Iron Moth
|-damage|p2a: Iron Moth|1/100
|-damage|p2a: Iron Moth|0 fnt
|faint|p2a: Iron Moth
|-end|p2a: Iron Moth|Quark Drive|[silent]
|-hitcount|p2: Iron Moth|2
|-unboost|p1a: Garchomp|def|1
|-boost|p1a: Garchomp|spe|1
|
|upkeep
|
|t:|1779945898
|switch|p2a: Okidogi|Okidogi, M|100/100
|turn|12
|
|t:|1779945905
|move|p1a: Garchomp|Earthquake|p2a: Okidogi
|-supereffective|p2a: Okidogi
|-damage|p2a: Okidogi|17/100
|move|p2a: Okidogi|Ice Punch|p1a: Garchomp
|-supereffective|p1a: Garchomp
|-damage|p1a: Garchomp|0 fnt
|-damage|p2a: Okidogi|5/100|[from] ability: Rough Skin|[of] p1a: Garchomp
|faint|p1a: Garchomp
|
|upkeep
|
|t:|1779945908
|switch|p1a: Hatterene|Hatterene, F|100/100
|-activate|p1a: Hatterene|move: Sticky Web
|-unboost|p1a: Hatterene|spe|1
|turn|13
|
|t:|1779945912
|move|p2a: Okidogi|Gunk Shot|p1a: Hatterene
|-supereffective|p1a: Hatterene
|-damage|p1a: Hatterene|0 fnt
|faint|p1a: Hatterene
|
|upkeep
|
|t:|1779945916
|switch|p1a: Iron Crown|Iron Crown|100/100
|-activate|p1a: Iron Crown|move: Sticky Web
|-unboost|p1a: Iron Crown|spe|1
|-enditem|p1a: Iron Crown|Booster Energy
|-activate|p1a: Iron Crown|ability: Quark Drive|[fromitem]
|-start|p1a: Iron Crown|quarkdrivespa
|turn|14
|
|t:|1779945918
|move|p1a: Iron Crown|Tachyon Cutter|p2a: Okidogi
|-damage|p2a: Okidogi|0 fnt
|faint|p2a: Okidogi
|-hitcount|p2: Okidogi|1
|
|upkeep
|
|t:|1779945921
|switch|p2a: Regidrago|Regidrago|100/100
|turn|15
|
|t:|1779945924
|-terastallize|p2a: Regidrago|Steel
|move|p2a: Regidrago|Dragon Energy|p1a: Iron Crown
|-resisted|p1a: Iron Crown
|-damage|p1a: Iron Crown|42/100
|move|p1a: Iron Crown|Tachyon Cutter|p2a: Regidrago
|-resisted|p2a: Regidrago
|-damage|p2a: Regidrago|86/100
|-resisted|p2a: Regidrago
|-damage|p2a: Regidrago|72/100
|-hitcount|p2a: Regidrago|2
|
|upkeep
|turn|16
|
|t:|1779945930
|move|p2a: Regidrago|Dragon Energy|p1a: Iron Crown
|-resisted|p1a: Iron Crown
|-damage|p1a: Iron Crown|0 fnt
|faint|p1a: Iron Crown
|-end|p1a: Iron Crown|Quark Drive|[silent]
|
|upkeep
|
|t:|1779945931
|switch|p1a: Kingambit|Kingambit, M|100/100
|-activate|p1a: Kingambit|move: Sticky Web
|-unboost|p1a: Kingambit|spe|1
|-activate|p1a: Kingambit|ability: Supreme Overlord
|-start|p1a: Kingambit|fallen5|[silent]
|turn|17
|
|t:|1779945936
|move|p2a: Regidrago|Dragon Energy|p1a: Kingambit
|-resisted|p1a: Kingambit
|-damage|p1a: Kingambit|40/100
|move|p1a: Kingambit|Kowtow Cleave|p2a: Regidrago
|-damage|p2a: Regidrago|0 fnt
|faint|p2a: Regidrago
|
|win|waybuloo
|raw|waybuloo's rating: 1376 &rarr; <strong>1397</strong><br />(+21 for winning)
|raw|Itadori_san's rating: 1389 &rarr; <strong>1368</strong><br />(-21 for losing)
|l|☆Itadori_san
|player|p2|
|l|☆waybuloo
|player|p1|
