|j|‽JihoonLee
|j|☆Loverer
|t:|1779819041
|gametype|singles
|player|p1|JihoonLee|red|1394
|player|p2|Loverer|koga-lgpe|1419
|gen|9
|tier|[Gen 9] OU
|rated|
|rule|HP Percentage Mod: HP is shown in percentages
|rule|Endless Battle Clause: Forcing endless battles is banned
|rule|Species Clause: Limit one of each Pokémon
|rule|OHKO Clause: OHKO moves are banned
|rule|Evasion Items Clause: Evasion items are banned
|rule|Evasion Moves Clause: Evasion moves are banned
|rule|Evasion Abilities Clause: Evasion abilities are banned
|rule|Sleep Moves Clause: Sleep-inducing moves are banned
|clearpoke
|poke|p1|Cinderace, M|
|poke|p1|Ogerpon-Wellspring, F|
|poke|p1|Clefable, M|
|poke|p1|Toxapex, M|
|poke|p1|Corviknight, F|
|poke|p1|Darkrai|
|poke|p2|Landorus-Therian, M|
|poke|p2|Passimian, F|
|poke|p2|Pecharunt|
|poke|p2|Darkrai|
|poke|p2|Hatterene, F|
|poke|p2|Raging Bolt|
|teampreview
|inactive|Battle timer is ON: inactive players will automatically lose when time's up. (requested by JihoonLee)
|
|t:|1779819059
|teamsize|p1|6
|teamsize|p2|6
|start
|switch|p1a: Cinderace|Cinderace, M|100/100
|switch|p2a: Darkrai|Darkrai|100/100
|turn|1
|
|t:|1779819066
|switch|p2a: Pecharunt|Pecharunt|100/100
|-item|p2a: Pecharunt|Air Balloon
|move|p1a: Cinderace|U-turn|p2a: Pecharunt
|-start|p1a: Cinderace|typechange|Bug|[from] ability: Libero
|-resisted|p2a: Pecharunt
|-damage|p2a: Pecharunt|97/100
|-enditem|p2a: Pecharunt|Air Balloon
|
|t:|1779819071
|switch|p1a: Darkrai|Darkrai|100/100|[from] U-turn
|
|upkeep
|turn|2
|inactive|Loverer has 120 seconds left.
|
|t:|1779819107
|switch|p2a: Passimian|Passimian, F|100/100
|move|p1a: Darkrai|Dark Pulse|p2a: Passimian
|-resisted|p2a: Passimian
|-damage|p2a: Passimian|68/100
|
|upkeep
|turn|3
|
|t:|1779819119
|switch|p1a: Toxapex|Toxapex, M|100/100
|move|p2a: Passimian|Knock Off|p1a: Toxapex
|-damage|p1a: Toxapex|74/100
|-enditem|p1a: Toxapex|Leftovers|[from] move: Knock Off|[of] p2a: Passimian
|
|upkeep
|turn|4
|
|t:|1779819128
|switch|p2a: Pecharunt|Pecharunt|97/100
|move|p1a: Toxapex|Toxic|p2a: Pecharunt
|-immune|p2a: Pecharunt
|
|upkeep
|turn|5
|
|t:|1779819133
|switch|p1a: Clefable|Clefable, M|100/100
|move|p2a: Pecharunt|Parting Shot|p1a: Clefable
|-unboost|p1a: Clefable|atk|1
|-unboost|p1a: Clefable|spa|1
|
|t:|1779819144
|switch|p2a: Passimian|Passimian, F|68/100|[from] Parting Shot
|
|upkeep
|turn|6
|
|t:|1779819147
|move|p1a: Clefable|Protect|p1a: Clefable
|-singleturn|p1a: Clefable|Protect
|move|p2a: Passimian|Gunk Shot|p1a: Clefable
|-activate|p1a: Clefable|move: Protect
|
|upkeep
|turn|7
|
|t:|1779819150
|switch|p1a: Toxapex|Toxapex, M|100/100
|move|p2a: Passimian|Knock Off|p1a: Toxapex
|-damage|p1a: Toxapex|86/100
|
|upkeep
|turn|8
|
|t:|1779819154
|switch|p2a: Pecharunt|Pecharunt|97/100
|switch|p1a: Darkrai|Darkrai|100/100
|
|upkeep
|turn|9
|
|t:|1779819166
|switch|p2a: Passimian|Passimian, F|68/100
|move|p1a: Darkrai|Dark Pulse|p2a: Passimian
|-resisted|p2a: Passimian
|-crit|p2a: Passimian
|-damage|p2a: Passimian|14/100
|
|upkeep
|turn|10
|
|t:|1779819172
|move|p1a: Darkrai|Dark Pulse|p2a: Passimian
|-resisted|p2a: Passimian
|-damage|p2a: Passimian|0 fnt
|faint|p2a: Passimian
|
|upkeep
|
|t:|1779819179
|switch|p2a: Hatterene|Hatterene, F|100/100
|turn|11
|
|t:|1779819183
|switch|p1a: Clefable|Clefable, M|100/100
|move|p2a: Hatterene|Draining Kiss|p1a: Clefable
|-damage|p1a: Clefable|83/100
|
|-heal|p1a: Clefable|89/100|[from] item: Leftovers
|upkeep
|turn|12
|
|t:|1779819188
|move|p1a: Clefable|Moonblast|p2a: Hatterene
|-damage|p2a: Hatterene|79/100
|move|p2a: Hatterene|Nuzzle|p1a: Clefable
|-damage|p1a: Clefable|84/100
|-status|p1a: Clefable|par
|
|-heal|p1a: Clefable|90/100 par|[from] item: Leftovers
|upkeep
|turn|13
|
|t:|1779819194
|move|p2a: Hatterene|Mystical Fire|p1a: Clefable
|-damage|p1a: Clefable|70/100 par
|-unboost|p1a: Clefable|spa|1
|cant|p1a: Clefable|par
|
|-heal|p1a: Clefable|77/100 par|[from] item: Leftovers
|upkeep
|turn|14
|
|t:|1779819211
|move|p2a: Hatterene|Psychic Noise|p1a: Clefable
|-damage|p1a: Clefable|48/100 par
|-start|p1a: Clefable|move: Heal Block
|cant|p1a: Clefable|move: Heal Block|Wish
|
|upkeep
|turn|15
|
|t:|1779819223
|move|p1a: Clefable|Protect|p1a: Clefable
|-singleturn|p1a: Clefable|Protect
|move|p2a: Hatterene|Draining Kiss|p1a: Clefable
|-activate|p1a: Clefable|move: Protect
|
|-end|p1a: Clefable|move: Heal Block
|upkeep
|turn|16
|
|t:|1779819225
|switch|p1a: Cinderace|Cinderace, M|100/100
|move|p2a: Hatterene|Psychic Noise|p1a: Cinderace
|-damage|p1a: Cinderace|41/100
|-start|p1a: Cinderace|move: Heal Block
|
|upkeep
|turn|17
|
|t:|1779819232
|switch|p2a: Landorus|Landorus-Therian, M|100/100
|-ability|p2a: Landorus|Intimidate|boost
|-unboost|p1a: Cinderace|atk|1
|move|p1a: Cinderace|Pyro Ball|p2a: Landorus
|-damage|p2a: Landorus|61/100
|-status|p2a: Landorus|brn
|
|-damage|p2a: Landorus|55/100 brn|[from] brn
|-end|p1a: Cinderace|move: Heal Block
|upkeep
|turn|18
|
|t:|1779819241
|switch|p1a: Toxapex|Toxapex, M|100/100
|move|p2a: Landorus|Stealth Rock|p1a: Toxapex
|-sidestart|p1: JihoonLee|move: Stealth Rock
|
|-damage|p2a: Landorus|49/100 brn|[from] brn
|upkeep
|turn|19
|
|t:|1779819246
|move|p1a: Toxapex|Baneful Bunker|p1a: Toxapex
|-singleturn|p1a: Toxapex|move: Protect
|move|p2a: Landorus|Earthquake|p1a: Toxapex
|-activate|p1a: Toxapex|move: Protect
|
|-damage|p2a: Landorus|43/100 brn|[from] brn
|upkeep
|turn|20
|
|t:|1779819252
|move|p2a: Landorus|Earthquake|p1a: Toxapex
|-supereffective|p1a: Toxapex
|-damage|p1a: Toxapex|60/100
|move|p1a: Toxapex|Chilling Water|p2a: Landorus
|-supereffective|p2a: Landorus
|-damage|p2a: Landorus|15/100 brn
|-unboost|p2a: Landorus|atk|1
|
|-damage|p2a: Landorus|9/100 brn|[from] brn
|upkeep
|turn|21
|
|t:|1779819261
|switch|p2a: Hatterene|Hatterene, F|79/100
|move|p1a: Toxapex|Recover|p1a: Toxapex
|-heal|p1a: Toxapex|100/100
|
|upkeep
|turn|22
|
|t:|1779819266
|switch|p1a: Darkrai|Darkrai|100/100
|-damage|p1a: Darkrai|88/100|[from] Stealth Rock
|move|p2a: Hatterene|Psychic Noise|p1a: Darkrai
|-immune|p1a: Darkrai
|
|upkeep
|turn|23
|
|t:|1779819271
|switch|p2a: Landorus|Landorus-Therian, M|9/100 brn
|-ability|p2a: Landorus|Intimidate|boost
|-unboost|p1a: Darkrai|atk|1
|move|p1a: Darkrai|Sludge Bomb|p2a: Landorus
|-resisted|p2a: Landorus
|-damage|p2a: Landorus|0 fnt
|faint|p2a: Landorus
|
|upkeep
|
|t:|1779819281
|switch|p2a: Darkrai|Darkrai|100/100
|turn|24
|
|t:|1779819289
|switch|p1a: Clefable|Clefable, M|48/100 par
|move|p2a: Darkrai|Sludge Bomb|p1a: Clefable
|-supereffective|p1a: Clefable
|-damage|p1a: Clefable|6/100 par
|
|-heal|p1a: Clefable|12/100 par|[from] item: Leftovers
|upkeep
|turn|25
|
|t:|1779819294
|cant|p1a: Clefable|par
|move|p2a: Darkrai|Sludge Bomb|p1a: Clefable
|-supereffective|p1a: Clefable
|-damage|p1a: Clefable|0 fnt
|faint|p1a: Clefable
|
|upkeep
|
|t:|1779819297
|switch|p1a: Toxapex|Toxapex, M|100/100
|-damage|p1a: Toxapex|88/100|[from] Stealth Rock
|turn|26
|
|t:|1779819309
|switch|p2a: Hatterene|Hatterene, F|79/100
|move|p1a: Toxapex|Toxic|p2a: Hatterene
|move|p2a: Hatterene|Toxic|p1a: Toxapex|[from] ability: Magic Bounce
|-immune|p1a: Toxapex
|
|upkeep
|turn|27
|
|t:|1779819320
|move|p1a: Toxapex|Baneful Bunker|p1a: Toxapex
|-singleturn|p1a: Toxapex|move: Protect
|move|p2a: Hatterene|Nuzzle|p1a: Toxapex
|-activate|p1a: Toxapex|move: Protect
|-status|p2a: Hatterene|psn
|
|-damage|p2a: Hatterene|67/100 psn|[from] psn
|upkeep
|turn|28
|
|t:|1779819329
|switch|p1a: Cinderace|Cinderace, M|41/100
|move|p2a: Hatterene|Nuzzle|p1a: Cinderace
|-damage|p1a: Cinderace|35/100
|-status|p1a: Cinderace|par
|
|-damage|p2a: Hatterene|55/100 psn|[from] psn
|upkeep
|turn|29
|
|t:|1779819338
|move|p1a: Cinderace|Court Change|p1a: Cinderace
|-start|p1a: Cinderace|typechange|Normal|[from] ability: Libero
|-swapsideconditions
|-activate|p1a: Cinderace|move: Court Change
|move|p2a: Hatterene|Psychic Noise|p1a: Cinderace
|-damage|p1a: Cinderace|0 fnt
|faint|p1a: Cinderace
|
|-damage|p2a: Hatterene|43/100 psn|[from] psn
|upkeep
|
|t:|1779819343
|switch|p1a: Ogerpon|Ogerpon-Wellspring, F|100/100
|turn|30
|
|t:|1779819347
|switch|p2a: Pecharunt|Pecharunt|97/100
|-damage|p2a: Pecharunt|84/100|[from] Stealth Rock
|move|p1a: Ogerpon|Ivy Cudgel|p2a: Pecharunt|[anim] Ivy Cudgel Water
|-damage|p2a: Pecharunt|57/100
|
|upkeep
|turn|31
|
|t:|1779819353
|move|p1a: Ogerpon|U-turn|p2a: Pecharunt
|-resisted|p2a: Pecharunt
|-damage|p2a: Pecharunt|53/100
|
|t:|1779819357
|switch|p1a: Corviknight|Corviknight, F|100/100|[from] U-turn
|-ability|p1a: Corviknight|Pressure
|move|p2a: Pecharunt|Malignant Chain|p1a: Corviknight
|-immune|p1a: Corviknight
|
|upkeep
|turn|32
|
|t:|1779819359
|switch|p1a: Toxapex|Toxapex, M|100/100
|move|p2a: Pecharunt|Recover|p2a: Pecharunt
|-heal|p2a: Pecharunt|100/100
|
|upkeep
|turn|33
|
|t:|1779819367
|move|p2a: Pecharunt|Shadow Ball|p1a: Toxapex
|-damage|p1a: Toxapex|78/100
|move|p1a: Toxapex|Chilling Water|p2a: Pecharunt
|-damage|p2a: Pecharunt|89/100
|-unboost|p2a: Pecharunt|atk|1
|
|upkeep
|turn|34
|
|t:|1779819376
|move|p2a: Pecharunt|Shadow Ball|p1a: Toxapex
|-damage|p1a: Toxapex|55/100
|move|p1a: Toxapex|Chilling Water|p2a: Pecharunt
|-damage|p2a: Pecharunt|79/100
|-unboost|p2a: Pecharunt|atk|1
|
|upkeep
|turn|35
|
|t:|1779819391
|switch|p1a: Corviknight|Corviknight, F|100/100
|-ability|p1a: Corviknight|Pressure
|move|p2a: Pecharunt|Shadow Ball|p1a: Corviknight
|-damage|p1a: Corviknight|76/100
|-unboost|p1a: Corviknight|spd|1
|
|upkeep
|turn|36
|
|t:|1779819401
|switch|p1a: Toxapex|Toxapex, M|89/100
|move|p2a: Pecharunt|Shadow Ball|p1a: Toxapex
|-damage|p1a: Toxapex|67/100
|
|upkeep
|turn|37
|
|t:|1779819407
|switch|p1a: Corviknight|Corviknight, F|76/100
|-ability|p1a: Corviknight|Pressure
|move|p2a: Pecharunt|Shadow Ball|p1a: Corviknight
|-damage|p1a: Corviknight|55/100
|
|upkeep
|turn|38
|
|t:|1779819410
|switch|p2a: Raging Bolt|Raging Bolt|100/100
|-damage|p2a: Raging Bolt|88/100|[from] Stealth Rock
|-enditem|p2a: Raging Bolt|Booster Energy
|-activate|p2a: Raging Bolt|ability: Protosynthesis|[fromitem]
|-start|p2a: Raging Bolt|protosynthesisspa
|move|p1a: Corviknight|Roost|p1a: Corviknight
|-heal|p1a: Corviknight|100/100
|-singleturn|p1a: Corviknight|move: Roost
|
|upkeep
|turn|39
|
|t:|1779819429
|switch|p1a: Ogerpon|Ogerpon-Wellspring, F|100/100
|move|p2a: Raging Bolt|Thunderbolt|p1a: Ogerpon
|-damage|p1a: Ogerpon|21/100
|
|upkeep
|turn|40
|
|t:|1779819441
|move|p2a: Raging Bolt|Thunderclap|p1a: Ogerpon
|-damage|p1a: Ogerpon|0 fnt
|faint|p1a: Ogerpon
|
|upkeep
|
|t:|1779819443
|switch|p1a: Toxapex|Toxapex, M|99/100
|turn|41
|
|t:|1779819449
|-terastallize|p1a: Toxapex|Poison
|move|p2a: Raging Bolt|Thunderbolt|p1a: Toxapex
|-damage|p1a: Toxapex|41/100
|move|p1a: Toxapex|Toxic|p2a: Raging Bolt
|-status|p2a: Raging Bolt|tox
|
|-damage|p2a: Raging Bolt|82/100 tox|[from] psn
|upkeep
|turn|42
|
|t:|1779819457
|move|p1a: Toxapex|Baneful Bunker|p1a: Toxapex
|-singleturn|p1a: Toxapex|move: Protect
|move|p2a: Raging Bolt|Thunderbolt|p1a: Toxapex
|-activate|p1a: Toxapex|move: Protect
|
|-damage|p2a: Raging Bolt|70/100 tox|[from] psn
|upkeep
|turn|43
|
|t:|1779819468
|switch|p1a: Darkrai|Darkrai|88/100
|move|p2a: Raging Bolt|Thunderbolt|p1a: Darkrai
|-damage|p1a: Darkrai|0 fnt
|faint|p1a: Darkrai
|
|-damage|p2a: Raging Bolt|51/100 tox|[from] psn
|upkeep
|
|t:|1779819471
|switch|p1a: Toxapex|Toxapex, M, tera:Poison|74/100
|turn|44
|
|t:|1779819479
|-end|p2a: Raging Bolt|Protosynthesis|[silent]
|switch|p2a: Hatterene|Hatterene, F|43/100 psn
|-damage|p2a: Hatterene|30/100 psn|[from] Stealth Rock
|move|p1a: Toxapex|Recover|p1a: Toxapex
|-heal|p1a: Toxapex|100/100
|
|-damage|p2a: Hatterene|18/100 psn|[from] psn
|upkeep
|turn|45
|
|t:|1779819487
|move|p1a: Toxapex|Baneful Bunker|p1a: Toxapex
|-singleturn|p1a: Toxapex|move: Protect
|move|p2a: Hatterene|Psychic Noise|p1a: Toxapex
|-activate|p1a: Toxapex|move: Protect
|
|-damage|p2a: Hatterene|6/100 psn|[from] psn
|upkeep
|turn|46
|
|t:|1779819495
|switch|p1a: Corviknight|Corviknight, F|100/100
|-ability|p1a: Corviknight|Pressure
|move|p2a: Hatterene|Mystical Fire|p1a: Corviknight
|-supereffective|p1a: Corviknight
|-damage|p1a: Corviknight|54/100
|-unboost|p1a: Corviknight|spa|1
|
|-damage|p2a: Hatterene|0 fnt|[from] psn
|faint|p2a: Hatterene
|upkeep
|
|t:|1779819502
|switch|p2a: Raging Bolt|Raging Bolt|51/100 tox
|-damage|p2a: Raging Bolt|39/100 tox|[from] Stealth Rock
|turn|47
|
|t:|1779819513
|switch|p1a: Toxapex|Toxapex, M, tera:Poison|100/100
|move|p2a: Raging Bolt|Thunderbolt|p1a: Toxapex
|-damage|p1a: Toxapex|55/100
|
|-damage|p2a: Raging Bolt|33/100 tox|[from] psn
|upkeep
|turn|48
|
|t:|1779819517
|move|p1a: Toxapex|Baneful Bunker|p1a: Toxapex
|-singleturn|p1a: Toxapex|move: Protect
|move|p2a: Raging Bolt|Calm Mind|p2a: Raging Bolt
|-boost|p2a: Raging Bolt|spa|1
|-boost|p2a: Raging Bolt|spd|1
|
|-damage|p2a: Raging Bolt|21/100 tox|[from] psn
|upkeep
|turn|49
|
|t:|1779819524
|move|p2a: Raging Bolt|Thunderbolt|p1a: Toxapex
|-damage|p1a: Toxapex|0 fnt
|faint|p1a: Toxapex
|
|-damage|p2a: Raging Bolt|2/100 tox|[from] psn
|upkeep
|-message|JihoonLee forfeited.
|
|win|Loverer
|raw|JihoonLee's rating: 1394 &rarr; <strong>1375</strong><br />(-19 for losing)
|raw|Loverer's rating: 1419 &rarr; <strong>1438</strong><br />(+19 for winning)
|l|☆Loverer
|player|p2|
|l|‽JihoonLee
|player|p1|
