|j|☆Soava
|j|☆xdrax7w7
|t:|1779876651
|gametype|singles
|player|p1|Soava|hilbert-wonderlauncher|1121
|player|p2|xdrax7w7|steven|1102
|gen|9
|tier|[Gen 9] OU
|rated|
|rule|HP Percentage Mod: HP is shown in percentages
|rule|Endless Battle Clause: Forcing endless battles is banned
|rule|Species Clause: Limit one of each Pokémon
|rule|OHKO Clause: OHKO moves are banned
|rule|Evasion Items Clause: Evasion items are banned
|rule|Evasion Moves Clause: Evasion moves are banned
|rule|Evasion Abilities Clause: Evasion abilities are banned
|rule|Sleep Moves Clause: Sleep-inducing moves are banned
|clearpoke
|poke|p1|Sinistcha|
|poke|p1|Ceruledge, M|
|poke|p1|Pecharunt|
|poke|p1|Malamar, F|
|poke|p1|Oricorio-Sensu, F|
|poke|p1|Ninetales-Alola, M|
|poke|p2|Weezing-Galar, F|
|poke|p2|Umbreon, M|
|poke|p2|Blaziken, M|
|poke|p2|Glimmora, F|
|poke|p2|Deoxys-Speed|
|poke|p2|Serperior, F|
|teampreview
|
|t:|1779876659
|teamsize|p1|6
|teamsize|p2|6
|start
|switch|p1a: Ninetales|Ninetales-Alola, M|100/100
|switch|p2a: chimenea|Weezing-Galar, F|100/100
|-ability|p2a: chimenea|Neutralizing Gas
|turn|1
|inactive|Battle timer is ON: inactive players will automatically lose when time's up. (requested by Soava)
|
|t:|1779876671
|move|p1a: Ninetales|Blizzard|p2a: chimenea
|-damage|p2a: chimenea|66/100
|move|p2a: chimenea|Toxic Spikes|p1a: Ninetales
|-sidestart|p1: Soava|move: Toxic Spikes
|
|-heal|p2a: chimenea|73/100|[from] item: Black Sludge
|upkeep
|turn|2
|
|t:|1779876682
|move|p1a: Ninetales|Blizzard|p2a: chimenea
|-damage|p2a: chimenea|39/100
|move|p2a: chimenea|Toxic|p1a: Ninetales
|-status|p1a: Ninetales|tox
|
|-heal|p2a: chimenea|45/100|[from] item: Black Sludge
|-damage|p1a: Ninetales|94/100 tox|[from] psn
|upkeep
|turn|3
|
|t:|1779876693
|switch|p1a: Pecharunt|Pecharunt|100/100
|-sideend|p1: Soava|move: Toxic Spikes|[of] p1a: Pecharunt
|move|p2a: chimenea|Gunk Shot|p1a: Pecharunt
|-resisted|p1a: Pecharunt
|-damage|p1a: Pecharunt|95/100
|
|-heal|p1a: Pecharunt|100/100|[from] item: Leftovers
|-heal|p2a: chimenea|52/100|[from] item: Black Sludge
|upkeep
|turn|4
|
|t:|1779876705
|move|p1a: Pecharunt|Malignant Chain|p2a: chimenea
|-damage|p2a: chimenea|15/100
|move|p2a: chimenea|Toxic Spikes|p1a: Pecharunt
|-sidestart|p1: Soava|move: Toxic Spikes
|
|-heal|p2a: chimenea|21/100|[from] item: Black Sludge
|upkeep
|turn|5
|
|t:|1779876713
|move|p1a: Pecharunt|Malignant Chain|p2a: chimenea
|-damage|p2a: chimenea|0 fnt
|faint|p2a: chimenea
|-end|p2a: chimenea|ability: Neutralizing Gas
|
|upkeep
|
|t:|1779876719
|switch|p2a: lepra|Deoxys-Speed|100/100
|-ability|p2a: lepra|Pressure
|turn|6
|
|t:|1779876724
|move|p1a: Pecharunt|Protect|p1a: Pecharunt
|-singleturn|p1a: Pecharunt|Protect
|move|p2a: lepra|Psychic|p1a: Pecharunt
|-activate|p1a: Pecharunt|move: Protect
|
|upkeep
|turn|7
|
|t:|1779876736
|switch|p1a: Ninetales|Ninetales-Alola, M|94/100 tox
|-weather|Snowscape|[from] ability: Snow Warning|[of] p1a: Ninetales
|move|p2a: lepra|Psychic|p1a: Ninetales
|-damage|p1a: Ninetales|31/100 tox
|
|-weather|Snowscape|[upkeep]
|-damage|p1a: Ninetales|25/100 tox|[from] psn
|upkeep
|turn|8
|
|t:|1779876746
|move|p2a: lepra|Psychic|p1a: Ninetales
|-damage|p1a: Ninetales|0 fnt
|faint|p1a: Ninetales
|
|-weather|Snowscape|[upkeep]
|upkeep
|
|t:|1779876756
|switch|p1a: Oricorio|Oricorio-Sensu, F|100/100
|turn|9
|
|t:|1779876765
|switch|p2a: I'm still standing|Umbreon, M, shiny|100/100
|move|p1a: Oricorio|Quiver Dance|p1a: Oricorio
|-boost|p1a: Oricorio|spa|1
|-boost|p1a: Oricorio|spd|1
|-boost|p1a: Oricorio|spe|1
|
|-weather|Snowscape|[upkeep]
|upkeep
|turn|10
|
|t:|1779876777
|move|p1a: Oricorio|Air Slash|p2a: I'm still standing
|-damage|p2a: I'm still standing|68/100
|cant|p2a: I'm still standing|flinch
|
|-weather|Snowscape|[upkeep]
|-heal|p2a: I'm still standing|74/100|[from] item: Leftovers
|upkeep
|turn|11
|
|t:|1779876788
|move|p1a: Oricorio|Defog|p2a: I'm still standing
|-unboost|p2a: I'm still standing|evasion|1
|-sideend|p1: Soava|Toxic Spikes|[from] move: Defog|[of] p1a: Oricorio
|move|p2a: I'm still standing|Toxic|p1a: Oricorio
|-status|p1a: Oricorio|tox
|
|-weather|none
|-heal|p2a: I'm still standing|80/100|[from] item: Leftovers
|-damage|p1a: Oricorio|94/100 tox|[from] psn
|upkeep
|turn|12
|
|t:|1779876799
|move|p1a: Oricorio|Revelation Dance|p2a: I'm still standing
|-resisted|p2a: I'm still standing
|-damage|p2a: I'm still standing|61/100
|move|p2a: I'm still standing|Wish|p2a: I'm still standing
|
|-heal|p2a: I'm still standing|67/100|[from] item: Leftovers
|-damage|p1a: Oricorio|82/100 tox|[from] psn
|upkeep
|turn|13
|
|t:|1779876810
|move|p2a: I'm still standing|Protect|p2a: I'm still standing
|-singleturn|p2a: I'm still standing|Protect
|move|p1a: Oricorio|Quiver Dance|p1a: Oricorio
|-boost|p1a: Oricorio|spa|1
|-boost|p1a: Oricorio|spd|1
|-boost|p1a: Oricorio|spe|1
|
|-heal|p2a: I'm still standing|100/100|[from] move: Wish|[wisher] I'm still standing
|-damage|p1a: Oricorio|64/100 tox|[from] psn
|upkeep
|turn|14
|
|t:|1779876822
|move|p1a: Oricorio|Air Slash|p2a: I'm still standing
|-damage|p2a: I'm still standing|53/100
|cant|p2a: I'm still standing|flinch
|
|-heal|p2a: I'm still standing|59/100|[from] item: Leftovers
|-damage|p1a: Oricorio|39/100 tox|[from] psn
|upkeep
|turn|15
|
|t:|1779876831
|move|p2a: I'm still standing|Protect|p2a: I'm still standing
|-singleturn|p2a: I'm still standing|Protect
|move|p1a: Oricorio|Air Slash|p2a: I'm still standing
|-activate|p2a: I'm still standing|move: Protect
|
|-heal|p2a: I'm still standing|65/100|[from] item: Leftovers
|-damage|p1a: Oricorio|8/100 tox|[from] psn
|upkeep
|turn|16
|l|☆Soava
|inactive|Soava disconnected and has a minute to reconnect!
|player|p1|
|inactive|Soava has 30 seconds to reconnect!
|inactive|Soava has 20 seconds to reconnect!
|inactive|Soava has 15 seconds to reconnect!
|inactive|Soava has 10 seconds to reconnect!
|inactive|Soava has 5 seconds to reconnect!
|-message|Soava lost due to inactivity.
|
|win|xdrax7w7
|raw|Soava's rating: 1121 &rarr; <strong>1095</strong><br />(-26 for losing)
|raw|xdrax7w7's rating: 1102 &rarr; <strong>1128</strong><br />(+26 for winning)
|l|☆xdrax7w7
|player|p2|
