|j|☆choispecs ironmoth
|j|☆Srgtcobra
|t:|1779890772
|gametype|singles
|player|p1|choispecs ironmoth|lucas|1561
|player|p2|Srgtcobra|102|1590
|gen|9
|tier|[Gen 9] OU
|rated|
|rule|HP Percentage Mod: HP is shown in percentages
|rule|Endless Battle Clause: Forcing endless battles is banned
|rule|Species Clause: Limit one of each Pokémon
|rule|OHKO Clause: OHKO moves are banned
|rule|Evasion Items Clause: Evasion items are banned
|rule|Evasion Moves Clause: Evasion moves are banned
|rule|Evasion Abilities Clause: Evasion abilities are banned
|rule|Sleep Moves Clause: Sleep-inducing moves are banned
|clearpoke
|poke|p1|Kyurem|
|poke|p1|Cinderace, M|
|poke|p1|Kingambit, F|
|poke|p1|Landorus-Therian, M|
|poke|p1|Iron Valiant|
|poke|p1|Slowking-Galar, M|
|poke|p2|Araquanid, M|
|poke|p2|Enamorus, F|
|poke|p2|Honchkrow, M|
|poke|p2|Iron Hands|
|poke|p2|Breloom, F|
|poke|p2|Gholdengo|
|teampreview
|inactive|Battle timer is ON: inactive players will automatically lose when time's up. (requested by Srgtcobra)
|
|t:|1779890777
|teamsize|p1|6
|teamsize|p2|6
|start
|switch|p1a: Kingambit|Kingambit, F|100/100
|switch|p2a: Araquanid|Araquanid, M|100/100
|turn|1
|
|t:|1779890780
|move|p1a: Kingambit|Swords Dance|p1a: Kingambit
|-boost|p1a: Kingambit|atk|2
|move|p2a: Araquanid|Sticky Web|p1a: Kingambit
|-sidestart|p1: choispecs ironmoth|move: Sticky Web
|
|upkeep
|turn|2
|
|t:|1779890782
|move|p1a: Kingambit|Kowtow Cleave|p2a: Araquanid
|-damage|p2a: Araquanid|2/100
|move|p2a: Araquanid|Surf|p1a: Kingambit
|-damage|p1a: Kingambit|47/100
|
|-heal|p1a: Kingambit|53/100|[from] item: Leftovers
|upkeep
|turn|3
|
|t:|1779890785
|move|p1a: Kingambit|Sucker Punch|p2a: Araquanid
|-damage|p2a: Araquanid|0 fnt
|faint|p2a: Araquanid
|
|-heal|p1a: Kingambit|59/100|[from] item: Leftovers
|upkeep
|
|t:|1779890786
|switch|p2a: Breloom|Breloom, F|100/100
|turn|4
|
|t:|1779890792
|-end|p1a: Kingambit|fallenundefined|[silent]
|switch|p1a: Slowking|Slowking-Galar, M|100/100
|move|p2a: Breloom|Bullet Seed|p1a: Slowking
|-resisted|p1a: Slowking
|-damage|p1a: Slowking|91/100
|-resisted|p1a: Slowking
|-damage|p1a: Slowking|81/100
|-resisted|p1a: Slowking
|-crit|p1a: Slowking
|-damage|p1a: Slowking|66/100
|-resisted|p1a: Slowking
|-damage|p1a: Slowking|56/100
|-hitcount|p1a: Slowking|4
|
|upkeep
|turn|5
|
|t:|1779890795
|move|p2a: Breloom|Bulldoze|p1a: Slowking
|-supereffective|p1a: Slowking
|-damage|p1a: Slowking|0 fnt
|faint|p1a: Slowking
|
|upkeep
|
|t:|1779890798
|switch|p1a: Cinderace|Cinderace, M|100/100
|turn|6
|
|t:|1779890803
|move|p1a: Cinderace|Pyro Ball|p2a: Breloom
|-supereffective|p2a: Breloom
|-damage|p2a: Breloom|0 fnt
|faint|p2a: Breloom
|
|upkeep
|
|t:|1779890809
|switch|p2a: Honchkrow|Honchkrow, M|100/100
|turn|7
|
|t:|1779890812
|move|p1a: Cinderace|Court Change|p1a: Cinderace
|-start|p1a: Cinderace|typechange|Normal|[from] ability: Libero
|-swapsideconditions
|-activate|p1a: Cinderace|move: Court Change
|move|p2a: Honchkrow|Night Slash|p1a: Cinderace
|-crit|p1a: Cinderace
|-damage|p1a: Cinderace|23/100
|
|upkeep
|turn|8
|
|t:|1779890814
|move|p2a: Honchkrow|Sucker Punch|p1a: Cinderace
|-damage|p1a: Cinderace|0 fnt
|faint|p1a: Cinderace
|
|upkeep
|
|t:|1779890820
|switch|p1a: Iron Valiant|Iron Valiant|100/100
|-enditem|p1a: Iron Valiant|Booster Energy
|-activate|p1a: Iron Valiant|ability: Quark Drive|[fromitem]
|-start|p1a: Iron Valiant|quarkdrivespe
|turn|9
|
|t:|1779890826
|move|p1a: Iron Valiant|Calm Mind|p1a: Iron Valiant
|-boost|p1a: Iron Valiant|spa|1
|-boost|p1a: Iron Valiant|spd|1
|move|p2a: Honchkrow|Brave Bird|p1a: Iron Valiant
|-supereffective|p1a: Iron Valiant
|-damage|p1a: Iron Valiant|0 fnt
|faint|p1a: Iron Valiant
|-end|p1a: Iron Valiant|Quark Drive|[silent]
|-damage|p2a: Honchkrow|73/100|[from] Recoil
|
|upkeep
|
|t:|1779890832
|switch|p1a: Kyurem|Kyurem|100/100
|-ability|p1a: Kyurem|Pressure
|turn|10
|
|t:|1779890837
|move|p2a: Honchkrow|Sucker Punch|p1a: Kyurem
|-damage|p1a: Kyurem|76/100
|move|p1a: Kyurem|Blizzard|p2a: Honchkrow
|-supereffective|p2a: Honchkrow
|-damage|p2a: Honchkrow|0 fnt
|faint|p2a: Honchkrow
|
|upkeep
|
|t:|1779890839
|switch|p2a: Iron Hands|Iron Hands|100/100
|-activate|p2a: Iron Hands|move: Sticky Web
|-unboost|p2a: Iron Hands|spe|1
|turn|11
|
|t:|1779890843
|move|p1a: Kyurem|Earth Power|p2a: Iron Hands
|-supereffective|p2a: Iron Hands
|-damage|p2a: Iron Hands|74/100
|move|p2a: Iron Hands|Ice Punch|p1a: Kyurem
|-damage|p1a: Kyurem|59/100
|
|upkeep
|turn|12
|
|t:|1779890850
|move|p1a: Kyurem|Blizzard|p2a: Iron Hands
|-damage|p2a: Iron Hands|51/100
|move|p2a: Iron Hands|Drain Punch|p1a: Kyurem
|-supereffective|p1a: Kyurem
|-damage|p1a: Kyurem|6/100
|-heal|p2a: Iron Hands|71/100|[from] drain|[of] p1a: Kyurem
|
|upkeep
|turn|13
|
|t:|1779890856
|move|p1a: Kyurem|Blizzard|p2a: Iron Hands
|-damage|p2a: Iron Hands|47/100
|move|p2a: Iron Hands|Ice Punch|p1a: Kyurem
|-damage|p1a: Kyurem|0 fnt
|faint|p1a: Kyurem
|
|upkeep
|
|t:|1779890861
|switch|p1a: Landorus|Landorus-Therian, M|100/100
|-ability|p1a: Landorus|Intimidate|boost
|-unboost|p2a: Iron Hands|atk|1
|turn|14
|
|t:|1779890864
|-end|p2a: Iron Hands|Quark Drive|[silent]
|switch|p2a: Enamorus|Enamorus, F|100/100
|move|p1a: Landorus|Earthquake|p2a: Enamorus
|-immune|p2a: Enamorus
|
|upkeep
|turn|15
|
|t:|1779890870
|-terastallize|p2a: Enamorus|Fairy
|move|p2a: Enamorus|Moonblast|p1a: Landorus
|-damage|p1a: Landorus|0 fnt
|faint|p1a: Landorus
|
|upkeep
|
|t:|1779890874
|switch|p1a: Kingambit|Kingambit, F|59/100
|-activate|p1a: Kingambit|ability: Supreme Overlord
|-start|p1a: Kingambit|fallen5|[silent]
|turn|16
|
|t:|1779890876
|move|p2a: Enamorus|Moonblast|p1a: Kingambit
|-damage|p1a: Kingambit|0 fnt
|faint|p1a: Kingambit
|-end|p1a: Kingambit|fallen5|[silent]
|
|win|Srgtcobra
|raw|choispecs ironmoth's rating: 1561 &rarr; <strong>1543</strong><br />(-18 for losing)
|raw|Srgtcobra's rating: 1590 &rarr; <strong>1608</strong><br />(+18 for winning)
|l|☆Srgtcobra
|player|p2|
