|j|☆schoolboycoolboy
|j|☆mcacma
|t:|1779899454
|gametype|singles
|player|p1|schoolboycoolboy|101|1147
|player|p2|mcacma|veteran|1183
|gen|9
|tier|[Gen 9] OU
|rated|
|rule|HP Percentage Mod: HP is shown in percentages
|rule|Endless Battle Clause: Forcing endless battles is banned
|rule|Species Clause: Limit one of each Pokémon
|rule|OHKO Clause: OHKO moves are banned
|rule|Evasion Items Clause: Evasion items are banned
|rule|Evasion Moves Clause: Evasion moves are banned
|rule|Evasion Abilities Clause: Evasion abilities are banned
|rule|Sleep Moves Clause: Sleep-inducing moves are banned
|clearpoke
|poke|p1|Dragonite, M|
|poke|p1|Great Tusk|
|poke|p1|Deoxys-Speed|
|poke|p1|Gholdengo|
|poke|p1|Zamazenta-*|
|poke|p1|Iron Valiant|
|poke|p2|Pelipper, F|
|poke|p2|Thundurus-Therian, M|
|poke|p2|Floatzel, F|
|poke|p2|Barraskewda, M|
|poke|p2|Luvdisc, F|
|poke|p2|Iron Valiant|
|teampreview
|
|t:|1779899461
|teamsize|p1|6
|teamsize|p2|6
|start
|switch|p1a: Deoxys|Deoxys-Speed|100/100
|switch|p2a: Pelipper|Pelipper, F|100/100
|-ability|p1a: Deoxys|Pressure
|-weather|RainDance|[from] ability: Drizzle|[of] p2a: Pelipper
|turn|1
|
|t:|1779899468
|move|p1a: Deoxys|Stealth Rock|p2a: Pelipper
|-sidestart|p2: mcacma|move: Stealth Rock
|move|p2a: Pelipper|Weather Ball|p1a: Deoxys
|-damage|p1a: Deoxys|43/100
|
|-weather|RainDance|[upkeep]
|upkeep
|turn|2
|
|t:|1779899473
|move|p1a: Deoxys|Spikes|p2a: Pelipper
|-sidestart|p2: mcacma|Spikes
|move|p2a: Pelipper|Weather Ball|p1a: Deoxys
|-damage|p1a: Deoxys|0 fnt
|faint|p1a: Deoxys
|
|-weather|RainDance|[upkeep]
|upkeep
|
|t:|1779899482
|switch|p1a: Dragonite|Dragonite, M|100/100
|turn|3
|
|t:|1779899489
|switch|p1a: Iron Valiant|Iron Valiant|100/100
|-enditem|p1a: Iron Valiant|Booster Energy
|-activate|p1a: Iron Valiant|ability: Quark Drive|[fromitem]
|-start|p1a: Iron Valiant|quarkdrivespe
|move|p2a: Pelipper|Blizzard|p1a: Iron Valiant|[miss]
|-miss|p2a: Pelipper|p1a: Iron Valiant
|
|-weather|RainDance|[upkeep]
|upkeep
|turn|4
|
|t:|1779899506
|move|p1a: Iron Valiant|Moonblast|p2a: Pelipper
|-damage|p2a: Pelipper|33/100
|-unboost|p2a: Pelipper|spa|1
|move|p2a: Pelipper|Hurricane|p1a: Iron Valiant
|-supereffective|p1a: Iron Valiant
|-damage|p1a: Iron Valiant|0 fnt
|faint|p1a: Iron Valiant
|-end|p1a: Iron Valiant|Quark Drive|[silent]
|
|-weather|RainDance|[upkeep]
|upkeep
|
|t:|1779899523
|switch|p1a: Gholdengo|Gholdengo|100/100
|turn|5
|
|t:|1779899530
|switch|p2a: Luvdisc|Luvdisc, F|100/100
|-damage|p2a: Luvdisc|88/100|[from] Stealth Rock
|-damage|p2a: Luvdisc|76/100|[from] Spikes
|move|p1a: Gholdengo|Shadow Ball|p2a: Luvdisc
|-damage|p2a: Luvdisc|6/100
|
|-weather|RainDance|[upkeep]
|upkeep
|turn|6
|
|t:|1779899543
|move|p2a: Luvdisc|Sweet Kiss|p1a: Gholdengo
|-immune|p1a: Gholdengo|[from] ability: Good as Gold
|move|p1a: Gholdengo|Shadow Ball|p2a: Luvdisc
|-damage|p2a: Luvdisc|0 fnt
|faint|p2a: Luvdisc
|
|-weather|RainDance|[upkeep]
|upkeep
|
|t:|1779899555
|switch|p2a: Floatzel|Floatzel, F|100/100
|-damage|p2a: Floatzel|88/100|[from] Stealth Rock
|-damage|p2a: Floatzel|76/100|[from] Spikes
|turn|7
|
|t:|1779899571
|move|p2a: Floatzel|Wave Crash|p1a: Gholdengo
|-damage|p1a: Gholdengo|0 fnt
|faint|p1a: Gholdengo
|-damage|p2a: Floatzel|36/100|[from] Recoil
|
|-weather|RainDance|[upkeep]
|upkeep
|-message|schoolboycoolboy forfeited.
|
|win|mcacma
|raw|schoolboycoolboy's rating: 1147 &rarr; <strong>1125</strong><br />(-22 for losing)
|raw|mcacma's rating: 1183 &rarr; <strong>1205</strong><br />(+22 for winning)
|l|☆schoolboycoolboy
|player|p1|
|l|☆mcacma
|player|p2|
