|j|☆icewizardlair☃
|j|☆SimbaQLF
|t:|1779800739
|gametype|singles
|player|p1|icewizardlair☃|170|1053
|player|p2|SimbaQLF|bellepa|1083
|gen|9
|tier|[Gen 9] OU
|rated|
|rule|HP Percentage Mod: HP is shown in percentages
|rule|Endless Battle Clause: Forcing endless battles is banned
|rule|Species Clause: Limit one of each Pokémon
|rule|OHKO Clause: OHKO moves are banned
|rule|Evasion Items Clause: Evasion items are banned
|rule|Evasion Moves Clause: Evasion moves are banned
|rule|Evasion Abilities Clause: Evasion abilities are banned
|rule|Sleep Moves Clause: Sleep-inducing moves are banned
|clearpoke
|poke|p1|Electrode|
|poke|p1|Crawdaunt, M|
|poke|p1|Ninetales, F|
|poke|p1|Victreebel, F|
|poke|p1|Kingdra, F|
|poke|p1|Pelipper, M|
|poke|p2|Poliwrath, F|
|poke|p2|Enamorus, F|
|poke|p2|Rillaboom, M|
|poke|p2|Iron Crown|
|poke|p2|Great Tusk|
|poke|p2|Heatran, F|
|teampreview
|
|t:|1779800758
|teamsize|p1|6
|teamsize|p2|6
|start
|switch|p1a: Pelipper|Pelipper, M|100/100
|switch|p2a: Melfire|Heatran, F|100/100
|-weather|RainDance|[from] ability: Drizzle|[of] p1a: Pelipper
|turn|1
|
|t:|1779800769
|switch|p2a: Chris Costagliola|Iron Crown|100/100
|move|p1a: Pelipper|Weather Ball|p2a: Chris Costagliola
|-damage|p2a: Chris Costagliola|61/100
|
|-weather|RainDance|[upkeep]
|upkeep
|turn|2
|
|t:|1779800778
|move|p2a: Chris Costagliola|Volt Switch|p1a: Pelipper
|-supereffective|p1a: Pelipper
|-damage|p1a: Pelipper|0 fnt
|faint|p1a: Pelipper
|
|t:|1779800794
|-end|p2a: Chris Costagliola|Quark Drive|[silent]
|switch|p2a: DAAAMN LES GENS!!!|Rillaboom, M|100/100|[from] Volt Switch
|-fieldstart|move: Grassy Terrain|[from] ability: Grassy Surge|[of] p2a: DAAAMN LES GENS!!!
|
|-weather|RainDance|[upkeep]
|upkeep
|
|t:|1779800805
|switch|p1a: Ninetales|Ninetales, F|100/100
|-weather|SunnyDay|[from] ability: Drought|[of] p1a: Ninetales
|-item|p1a: Ninetales|Air Balloon
|turn|3
|
|t:|1779800812
|switch|p2a: Melfire|Heatran, F|100/100
|move|p1a: Ninetales|Flamethrower|p2a: Melfire
|-start|p2a: Melfire|ability: Flash Fire
|
|-weather|SunnyDay|[upkeep]
|upkeep
|turn|4
|
|t:|1779800821
|move|p1a: Ninetales|Scorching Sands|p2a: Melfire
|-supereffective|p2a: Melfire
|-damage|p2a: Melfire|52/100
|move|p2a: Melfire|Stealth Rock|p1a: Ninetales
|-sidestart|p1: icewizardlair☃|move: Stealth Rock
|
|-weather|SunnyDay|[upkeep]
|-heal|p2a: Melfire|58/100|[from] Grassy Terrain
|-heal|p2a: Melfire|64/100|[from] item: Leftovers
|upkeep
|turn|5
|
|t:|1779800839
|-end|p2a: Melfire|ability: Flash Fire|[silent]
|switch|p2a: Ugly Thing|Enamorus, F|100/100
|move|p1a: Ninetales|Scorching Sands|p2a: Ugly Thing
|-immune|p2a: Ugly Thing
|
|-weather|SunnyDay|[upkeep]
|upkeep
|turn|6
|
|t:|1779800853
|move|p2a: Ugly Thing|Moonblast|p1a: Ninetales
|-resisted|p1a: Ninetales
|-damage|p1a: Ninetales|72/100
|-enditem|p1a: Ninetales|Air Balloon
|move|p1a: Ninetales|Flamethrower|p2a: Ugly Thing
|-damage|p2a: Ugly Thing|23/100
|-status|p2a: Ugly Thing|brn
|
|-weather|SunnyDay|[upkeep]
|-heal|p1a: Ninetales|78/100|[from] Grassy Terrain
|-damage|p2a: Ugly Thing|17/100 brn|[from] brn
|-fieldend|move: Grassy Terrain
|upkeep
|turn|7
|
|t:|1779800871
|switch|p2a: Melfire|Heatran, F|64/100
|move|p1a: Ninetales|Protect||[still]
|-fail|p1a: Ninetales
|
|-weather|none
|-heal|p2a: Melfire|70/100|[from] item: Leftovers
|upkeep
|turn|8
|
|t:|1779800877
|move|p1a: Ninetales|Scorching Sands|p2a: Melfire
|-supereffective|p2a: Melfire
|-damage|p2a: Melfire|22/100
|move|p2a: Melfire|Earth Power|p1a: Ninetales
|-supereffective|p1a: Ninetales
|-crit|p1a: Ninetales
|-damage|p1a: Ninetales|0 fnt
|faint|p1a: Ninetales
|
|-heal|p2a: Melfire|28/100|[from] item: Leftovers
|upkeep
|
|t:|1779800885
|switch|p1a: Crawdaunt|Crawdaunt, M|100/100
|-damage|p1a: Crawdaunt|88/100|[from] Stealth Rock
|turn|9
|
|t:|1779800890
|switch|p2a: ClipJointCalamity|Poliwrath, F, shiny|100/100
|move|p1a: Crawdaunt|Aqua Jet|p2a: ClipJointCalamity
|-immune|p2a: ClipJointCalamity|[from] ability: Water Absorb
|
|upkeep
|turn|10
|
|t:|1779800902
|switch|p1a: Electrode|Electrode, shiny|100/100
|-damage|p1a: Electrode|88/100|[from] Stealth Rock
|move|p2a: ClipJointCalamity|Bulk Up|p2a: ClipJointCalamity
|-boost|p2a: ClipJointCalamity|atk|1
|-boost|p2a: ClipJointCalamity|def|1
|
|upkeep
|turn|11
|
|t:|1779800915
|-terastallize|p2a: ClipJointCalamity|Poison
|move|p1a: Electrode|Thunder|p2a: ClipJointCalamity
|-damage|p2a: ClipJointCalamity|54/100
|move|p2a: ClipJointCalamity|Low Kick|p1a: Electrode
|-damage|p1a: Electrode|0 fnt
|-damage|p2a: ClipJointCalamity|29/100|[from] ability: Aftermath|[of] p1a: Electrode
|-damage|p2a: ClipJointCalamity|12/100|[from] item: Rocky Helmet|[of] p1a: Electrode
|faint|p1a: Electrode
|
|-heal|p2a: ClipJointCalamity|18/100|[from] item: Leftovers
|upkeep
|
|t:|1779800928
|switch|p1a: Kingdra|Kingdra, F|100/100
|-damage|p1a: Kingdra|88/100|[from] Stealth Rock
|turn|12
|
|t:|1779800932
|move|p1a: Kingdra|Scale Shot|p2a: ClipJointCalamity
|-damage|p2a: ClipJointCalamity|12/100
|-damage|p2a: ClipJointCalamity|4/100
|-damage|p2a: ClipJointCalamity|0 fnt
|faint|p2a: ClipJointCalamity
|-hitcount|p2: ClipJointCalamity|3
|-unboost|p1a: Kingdra|def|1
|-boost|p1a: Kingdra|spe|1
|
|upkeep
|
|t:|1779800948
|switch|p2a: Chris Costagliola|Iron Crown|61/100
|turn|13
|
|t:|1779800961
|-terastallize|p1a: Kingdra|Water
|move|p1a: Kingdra|Scald|p2a: Chris Costagliola
|-damage|p2a: Chris Costagliola|34/100
|move|p2a: Chris Costagliola|Volt Switch|p1a: Kingdra
|-supereffective|p1a: Kingdra
|-damage|p1a: Kingdra|33/100
|
|t:|1779800973
|-end|p2a: Chris Costagliola|Quark Drive|[silent]
|switch|p2a: DAAAMN LES GENS!!!|Rillaboom, M|100/100|[from] Volt Switch
|-fieldstart|move: Grassy Terrain|[from] ability: Grassy Surge|[of] p2a: DAAAMN LES GENS!!!
|
|-heal|p1a: Kingdra|39/100|[from] Grassy Terrain
|upkeep
|turn|14
|
|t:|1779800983
|move|p2a: DAAAMN LES GENS!!!|Grassy Glide|p1a: Kingdra
|-supereffective|p1a: Kingdra
|-damage|p1a: Kingdra|0 fnt
|faint|p1a: Kingdra
|
|upkeep
|
|t:|1779800987
|switch|p1a: Victreebel|Victreebel, F|100/100
|-damage|p1a: Victreebel|88/100|[from] Stealth Rock
|turn|15
|-message|icewizardlair☃ forfeited.
|
|win|SimbaQLF
|raw|icewizardlair☃'s rating: 1053 &rarr; <strong>1037</strong><br />(-16 for losing)
|raw|SimbaQLF's rating: 1083 &rarr; <strong>1108</strong><br />(+25 for winning)
|l|☆icewizardlair☃
|player|p1|
|l|☆SimbaQLF
|player|p2|
