|j|☆Enzo RSETIS
|j|☆SgtBrick14
|t:|1779949294
|gametype|singles
|player|p1|Enzo RSETIS|102|1302
|player|p2|SgtBrick14|pokemonranger|1292
|gen|9
|tier|[Gen 9] OU
|rated|
|rule|HP Percentage Mod: HP is shown in percentages
|rule|Endless Battle Clause: Forcing endless battles is banned
|rule|Species Clause: Limit one of each Pokémon
|rule|OHKO Clause: OHKO moves are banned
|rule|Evasion Items Clause: Evasion items are banned
|rule|Evasion Moves Clause: Evasion moves are banned
|rule|Evasion Abilities Clause: Evasion abilities are banned
|rule|Sleep Moves Clause: Sleep-inducing moves are banned
|clearpoke
|poke|p1|Walking Wake|
|poke|p1|Cinderace, M|
|poke|p1|Wo-Chien|
|poke|p1|Slither Wing|
|poke|p1|Torkoal, M|
|poke|p1|Hatterene, F|
|poke|p2|Glimmora, M|
|poke|p2|Ceruledge, F|
|poke|p2|Comfey, M|
|poke|p2|Cloyster, F|
|poke|p2|Haxorus, M|
|poke|p2|Gengar, F|
|teampreview
|
|t:|1779949311
|teamsize|p1|6
|teamsize|p2|6
|start
|switch|p1a: Torkoal|Torkoal, M|100/100
|switch|p2a: Gengar|Gengar, F|100/100
|-weather|SunnyDay|[from] ability: Drought|[of] p1a: Torkoal
|turn|1
|
|t:|1779949317
|move|p2a: Gengar|Taunt|p1a: Torkoal
|-start|p1a: Torkoal|move: Taunt
|cant|p1a: Torkoal|move: Taunt|Stealth Rock
|
|-weather|SunnyDay|[upkeep]
|upkeep
|turn|2
|
|t:|1779949320
|move|p2a: Gengar|Shadow Ball|p1a: Torkoal
|-damage|p1a: Torkoal|60/100
|move|p1a: Torkoal|Overheat|p2a: Gengar
|-damage|p2a: Gengar|9/100
|-unboost|p1a: Torkoal|spa|2
|
|-weather|SunnyDay|[upkeep]
|upkeep
|turn|3
|
|t:|1779949323
|move|p2a: Gengar|Destiny Bond|p2a: Gengar
|-singlemove|p2a: Gengar|Destiny Bond
|move|p1a: Torkoal|Overheat|p2a: Gengar
|-damage|p2a: Gengar|0 fnt
|-unboost|p1a: Torkoal|spa|2
|faint|p2a: Gengar
|-activate|p2a: Gengar|move: Destiny Bond
|faint|p1a: Torkoal
|
|-weather|SunnyDay|[upkeep]
|upkeep
|
|t:|1779949329
|switch|p2a: Glimmora|Glimmora, M|100/100
|switch|p1a: SlugginForLife|Wo-Chien, shiny|100/100
|-ability|p1a: SlugginForLife|Tablets of Ruin
|turn|4
|
|t:|1779949333
|move|p2a: Glimmora|Sludge Wave|p1a: SlugginForLife
|-supereffective|p1a: SlugginForLife
|-damage|p1a: SlugginForLife|13/100
|move|p1a: SlugginForLife|Growth|p1a: SlugginForLife
|-boost|p1a: SlugginForLife|atk|2
|-boost|p1a: SlugginForLife|spa|2
|
|-weather|SunnyDay|[upkeep]
|upkeep
|turn|5
|
|t:|1779949337
|move|p2a: Glimmora|Sludge Wave|p1a: SlugginForLife
|-supereffective|p1a: SlugginForLife
|-damage|p1a: SlugginForLife|0 fnt
|faint|p1a: SlugginForLife
|
|-weather|SunnyDay|[upkeep]
|upkeep
|
|t:|1779949342
|switch|p1a: AtYaWake|Walking Wake|100/100
|-activate|p1a: AtYaWake|ability: Protosynthesis
|-start|p1a: AtYaWake|protosynthesisspe
|turn|6
|
|t:|1779949347
|move|p1a: AtYaWake|Hydro Steam|p2a: Glimmora
|-supereffective|p2a: Glimmora
|-enditem|p2a: Glimmora|Focus Sash
|-damage|p2a: Glimmora|1/100
|move|p2a: Glimmora|Sludge Wave|p1a: AtYaWake
|-damage|p1a: AtYaWake|43/100
|
|-weather|SunnyDay|[upkeep]
|upkeep
|turn|7
|
|t:|1779949350
|move|p1a: AtYaWake|Hydro Steam|p2a: Glimmora
|-supereffective|p2a: Glimmora
|-damage|p2a: Glimmora|0 fnt
|faint|p2a: Glimmora
|
|-weather|SunnyDay|[upkeep]
|upkeep
|
|t:|1779949377
|switch|p2a: Cloyster|Cloyster, F|100/100
|turn|8
|
|t:|1779949384
|move|p1a: AtYaWake|Hydro Steam|p2a: Cloyster
|-resisted|p2a: Cloyster
|-enditem|p2a: Cloyster|Focus Sash
|-damage|p2a: Cloyster|1/100
|move|p2a: Cloyster|Shell Smash|p2a: Cloyster
|-unboost|p2a: Cloyster|def|1
|-unboost|p2a: Cloyster|spd|1
|-boost|p2a: Cloyster|atk|2
|-boost|p2a: Cloyster|spa|2
|-boost|p2a: Cloyster|spe|2
|
|-weather|none
|-end|p1a: AtYaWake|Protosynthesis
|upkeep
|turn|9
|
|t:|1779949390
|move|p2a: Cloyster|Ice Shard|p1a: AtYaWake
|-crit|p1a: AtYaWake
|-damage|p1a: AtYaWake|0 fnt
|faint|p1a: AtYaWake
|-end|p1a: AtYaWake|Protosynthesis|[silent]
|
|upkeep
|
|t:|1779949392
|switch|p1a: Slither Wing|Slither Wing|100/100
|turn|10
|
|t:|1779949408
|move|p1a: Slither Wing|First Impression|p2a: Cloyster
|-damage|p2a: Cloyster|0 fnt
|faint|p2a: Cloyster
|
|upkeep
|
|t:|1779949416
|switch|p2a: Haxorus|Haxorus, M|100/100
|-ability|p2a: Haxorus|Mold Breaker
|turn|11
|
|t:|1779949423
|-end|p1a: Slither Wing|Protosynthesis|[silent]
|switch|p1a: Hatterene|Hatterene, F|100/100
|-item|p1a: Hatterene|Air Balloon
|move|p2a: Haxorus|Dragon Dance|p2a: Haxorus
|-boost|p2a: Haxorus|atk|1
|-boost|p2a: Haxorus|spe|1
|
|upkeep
|turn|12
|
|t:|1779949434
|-terastallize|p2a: Haxorus|Steel
|move|p2a: Haxorus|Iron Head|p1a: Hatterene
|-supereffective|p1a: Hatterene
|-damage|p1a: Hatterene|0 fnt
|-enditem|p1a: Hatterene|Air Balloon
|faint|p1a: Hatterene
|
|upkeep
|
|t:|1779949441
|switch|p1a: Cinderace|Cinderace, M|100/100
|-item|p1a: Cinderace|Air Balloon
|turn|13
|
|t:|1779949456
|switch|p2a: Ceruledge|Ceruledge, F|100/100
|move|p1a: Cinderace|Pyro Ball|p2a: Ceruledge
|-resisted|p2a: Ceruledge
|-damage|p2a: Ceruledge|57/100
|-ability|p2a: Ceruledge|Weak Armor|boost
|-unboost|p2a: Ceruledge|def|1
|-boost|p2a: Ceruledge|spe|2
|
|upkeep
|turn|14
|
|t:|1779949466
|move|p2a: Ceruledge|Poltergeist|p1a: Cinderace
|-activate|p1a: Cinderace|move: Poltergeist|Air Balloon
|-damage|p1a: Cinderace|12/100
|-enditem|p1a: Cinderace|Air Balloon
|move|p1a: Cinderace|Pyro Ball|p2a: Ceruledge
|-resisted|p2a: Ceruledge
|-damage|p2a: Ceruledge|0 fnt
|faint|p2a: Ceruledge
|
|upkeep
|
|t:|1779949469
|switch|p2a: Comfey|Comfey, M|100/100
|turn|15
|
|t:|1779949475
|move|p2a: Comfey|Giga Drain|p1a: Cinderace
|-resisted|p1a: Cinderace
|-damage|p1a: Cinderace|0 fnt
|faint|p1a: Cinderace
|
|upkeep
|
|t:|1779949477
|switch|p1a: Slither Wing|Slither Wing|100/100
|turn|16
|
|t:|1779949491
|move|p1a: Slither Wing|First Impression|p2a: Comfey
|-resisted|p2a: Comfey
|-damage|p2a: Comfey|66/100
|move|p2a: Comfey|Charm|p1a: Slither Wing
|-unboost|p1a: Slither Wing|atk|2
|
|upkeep
|turn|17
|
|t:|1779949499
|move|p1a: Slither Wing|Temper Flare|p2a: Comfey
|-damage|p2a: Comfey|47/100
|move|p2a: Comfey|Charm|p1a: Slither Wing
|-unboost|p1a: Slither Wing|atk|2
|
|upkeep
|turn|18
|-message|Enzo RSETIS forfeited.
|
|win|SgtBrick14
|raw|Enzo RSETIS's rating: 1302 &rarr; <strong>1281</strong><br />(-21 for losing)
|raw|SgtBrick14's rating: 1292 &rarr; <strong>1318</strong><br />(+26 for winning)
|l|☆Enzo RSETIS
|player|p1|
|l|☆SgtBrick14
|player|p2|
