|j|☆maxcondones
|j|☆NagaraFan
|t:|1779878848
|gametype|singles
|player|p1|maxcondones|102|1542
|player|p2|NagaraFan|acetrainerf|1634
|gen|9
|tier|[Gen 9] OU
|rated|
|rule|HP Percentage Mod: HP is shown in percentages
|rule|Endless Battle Clause: Forcing endless battles is banned
|rule|Species Clause: Limit one of each Pokémon
|rule|OHKO Clause: OHKO moves are banned
|rule|Evasion Items Clause: Evasion items are banned
|rule|Evasion Moves Clause: Evasion moves are banned
|rule|Evasion Abilities Clause: Evasion abilities are banned
|rule|Sleep Moves Clause: Sleep-inducing moves are banned
|clearpoke
|poke|p1|Excadrill, M|
|poke|p1|Landorus-Therian, M|
|poke|p1|Deoxys-Speed|
|poke|p1|Tyranitar, M|
|poke|p1|Tornadus-Therian, M|
|poke|p1|Hippowdon, F|
|poke|p2|Ninetales, F|
|poke|p2|Walking Wake|
|poke|p2|Raging Bolt|
|poke|p2|Great Tusk|
|poke|p2|Cresselia, F|
|poke|p2|Heatran, M|
|teampreview
|
|t:|1779878868
|teamsize|p1|6
|teamsize|p2|6
|start
|switch|p1a: Deoxys|Deoxys-Speed|100/100
|switch|p2a: Heatran|Heatran, M|100/100
|-ability|p1a: Deoxys|Pressure
|-item|p2a: Heatran|Air Balloon
|turn|1
|
|t:|1779878874
|move|p1a: Deoxys|Superpower|p2a: Heatran
|-supereffective|p2a: Heatran
|-damage|p2a: Heatran|49/100
|-unboost|p1a: Deoxys|atk|1
|-unboost|p1a: Deoxys|def|1
|-enditem|p2a: Heatran|Air Balloon
|-enditem|p1a: Deoxys|Eject Pack
|
|t:|1779878879
|switch|p1a: Tyranitar|Tyranitar, M|100/100
|-weather|Sandstorm|[from] ability: Sand Stream|[of] p1a: Tyranitar
|move|p2a: Heatran|Stealth Rock|p1a: Tyranitar
|-sidestart|p1: maxcondones|move: Stealth Rock
|
|-weather|Sandstorm|[upkeep]
|upkeep
|turn|2
|
|t:|1779878894
|switch|p2a: Great Tusk|Great Tusk|100/100
|move|p1a: Tyranitar|Low Kick|p2a: Great Tusk
|-damage|p2a: Great Tusk|71/100
|
|-weather|Sandstorm|[upkeep]
|upkeep
|turn|3
|
|t:|1779878925
|switch|p1a: Hippowdon|Hippowdon, F|100/100
|-damage|p1a: Hippowdon|94/100|[from] Stealth Rock
|move|p2a: Great Tusk|Ice Spinner|p1a: Hippowdon
|-supereffective|p1a: Hippowdon
|-damage|p1a: Hippowdon|70/100
|-enditem|p1a: Hippowdon|Eject Button
|
|t:|1779878939
|switch|p1a: Tornadus|Tornadus-Therian, M|100/100
|-damage|p1a: Tornadus|76/100|[from] Stealth Rock
|
|-weather|Sandstorm|[upkeep]
|-damage|p1a: Tornadus|70/100|[from] Sandstorm
|upkeep
|turn|4
|
|t:|1779878971
|switch|p1a: Excadrill|Excadrill, M|100/100
|-damage|p1a: Excadrill|97/100|[from] Stealth Rock
|-end|p2a: Great Tusk|Protosynthesis|[silent]
|switch|p2a: Heatran|Heatran, M|49/100
|
|-weather|Sandstorm|[upkeep]
|upkeep
|turn|5
|
|t:|1779878980
|move|p1a: Excadrill|Rapid Spin|p2a: Heatran
|-resisted|p2a: Heatran
|-damage|p2a: Heatran|38/100
|-boost|p1a: Excadrill|spe|1
|-sideend|p1: maxcondones|Stealth Rock|[from] move: Rapid Spin|[of] p1a: Excadrill
|move|p2a: Heatran|Magma Storm|p1a: Excadrill
|-supereffective|p1a: Excadrill
|-damage|p1a: Excadrill|0 fnt
|faint|p1a: Excadrill
|
|-weather|none
|upkeep
|
|t:|1779878985
|switch|p1a: Deoxys|Deoxys-Speed|100/100
|-ability|p1a: Deoxys|Pressure
|turn|6
|
|t:|1779878996
|switch|p2a: Cresselia|Cresselia, F|100/100
|move|p1a: Deoxys|Superpower|p2a: Cresselia
|-resisted|p2a: Cresselia
|-damage|p2a: Cresselia|91/100
|-unboost|p1a: Deoxys|atk|1
|-unboost|p1a: Deoxys|def|1
|-enditem|p2a: Cresselia|Eject Button
|-message|maxcondones forfeited.
|
|win|NagaraFan
|raw|maxcondones's rating: 1542 &rarr; <strong>1527</strong><br />(-15 for losing)
|raw|NagaraFan's rating: 1634 &rarr; <strong>1649</strong><br />(+15 for winning)
|l|☆maxcondones
|player|p1|
|l|☆NagaraFan
|player|p2|
