|j|☆Ctannn
|j|☆1 euro de l'H
|t:|1779948689
|gametype|singles
|player|p1|Ctannn|265|1618
|player|p2|1 euro de l'H|artist-gen4|1733
|gen|9
|tier|[Gen 9] OU
|rated|
|rule|HP Percentage Mod: HP is shown in percentages
|rule|Endless Battle Clause: Forcing endless battles is banned
|rule|Species Clause: Limit one of each Pokémon
|rule|OHKO Clause: OHKO moves are banned
|rule|Evasion Items Clause: Evasion items are banned
|rule|Evasion Moves Clause: Evasion moves are banned
|rule|Evasion Abilities Clause: Evasion abilities are banned
|rule|Sleep Moves Clause: Sleep-inducing moves are banned
|clearpoke
|poke|p1|Rillaboom, M|
|poke|p1|Garganacl, F|
|poke|p1|Cinderace, M|
|poke|p1|Raging Bolt|
|poke|p1|Slowking-Galar, F|
|poke|p1|Landorus-Therian, M|
|poke|p2|Kyurem|
|poke|p2|Gholdengo|
|poke|p2|Landorus-Therian, M|
|poke|p2|Ogerpon-Wellspring, F|
|poke|p2|Iron Valiant|
|poke|p2|Regieleki|
|teampreview
|inactive|Battle timer is ON: inactive players will automatically lose when time's up. (requested by Ctannn)
|
|t:|1779948708
|teamsize|p1|6
|teamsize|p2|6
|start
|switch|p1a: Cinderace|Cinderace, M|100/100
|switch|p2a: Kyurem|Kyurem|100/100
|-ability|p2a: Kyurem|Pressure
|turn|1
|
|t:|1779948737
|switch|p2a: Landorus|Landorus-Therian, M|100/100
|-ability|p2a: Landorus|Intimidate|boost
|-unboost|p1a: Cinderace|atk|1
|move|p1a: Cinderace|High Jump Kick|p2a: Landorus
|-start|p1a: Cinderace|typechange|Fighting|[from] ability: Libero
|-resisted|p2a: Landorus
|-damage|p2a: Landorus|79/100
|-damage|p1a: Cinderace|84/100|[from] item: Rocky Helmet|[of] p2a: Landorus
|
|upkeep
|turn|2
|
|t:|1779948746
|switch|p1a: Landorus|Landorus-Therian, M|100/100
|-ability|p1a: Landorus|Intimidate|boost
|-unboost|p2a: Landorus|atk|1
|move|p2a: Landorus|Stealth Rock|p1a: Landorus
|-sidestart|p1: Ctannn|move: Stealth Rock
|
|upkeep
|turn|3
|
|t:|1779948754
|switch|p2a: Ogerpon|Ogerpon-Wellspring, F|100/100
|move|p1a: Landorus|U-turn|p2a: Ogerpon
|-supereffective|p2a: Ogerpon
|-damage|p2a: Ogerpon|39/100
|
|t:|1779948756
|switch|p1a: Cinderace|Cinderace, M|84/100|[from] U-turn
|
|upkeep
|turn|4
|
|t:|1779948761
|switch|p2a: Landorus|Landorus-Therian, M|79/100
|-ability|p2a: Landorus|Intimidate|boost
|-unboost|p1a: Cinderace|atk|1
|move|p1a: Cinderace|Pyro Ball|p2a: Landorus
|-damage|p2a: Landorus|40/100
|
|upkeep
|turn|5
|
|t:|1779948770
|move|p1a: Cinderace|Court Change|p1a: Cinderace
|-start|p1a: Cinderace|typechange|Normal|[from] ability: Libero
|-swapsideconditions
|-activate|p1a: Cinderace|move: Court Change
|move|p2a: Landorus|U-turn|p1a: Cinderace
|-damage|p1a: Cinderace|53/100
|
|t:|1779948774
|switch|p2a: Regieleki|Regieleki|100/100|[from] U-turn
|
|upkeep
|turn|6
|
|t:|1779948779
|switch|p1a: Slowking|Slowking-Galar, F|100/100
|move|p2a: Regieleki|Thunderbolt|p1a: Slowking
|-damage|p1a: Slowking|63/100
|
|upkeep
|turn|7
|
|t:|1779948783
|move|p2a: Regieleki|Rapid Spin|p1a: Slowking
|-damage|p1a: Slowking|55/100
|-boost|p2a: Regieleki|spe|1
|-damage|p2a: Regieleki|84/100|[from] item: Rocky Helmet|[of] p1a: Slowking
|-sideend|p2: 1 euro de l'H|Stealth Rock|[from] move: Rapid Spin|[of] p2a: Regieleki
|-prepare|p1a: Slowking|Chilly Reception|[premajor]
|move|p1a: Slowking|Chilly Reception|p1a: Slowking
|-weather|Snowscape
|
|t:|1779948786
|switch|p1a: Landorus|Landorus-Therian, M|100/100|[from] Chilly Reception
|-ability|p1a: Landorus|Intimidate|boost
|-unboost|p2a: Regieleki|atk|1
|
|-weather|Snowscape|[upkeep]
|upkeep
|turn|8
|
|t:|1779948790
|switch|p2a: Kyurem|Kyurem|100/100
|-ability|p2a: Kyurem|Pressure
|move|p1a: Landorus|Weather Ball|p2a: Kyurem
|-damage|p2a: Kyurem|86/100
|
|-weather|Snowscape|[upkeep]
|upkeep
|turn|9
|
|t:|1779948794
|switch|p1a: Garganacl|Garganacl, F|100/100
|move|p2a: Kyurem|Ice Beam|p1a: Garganacl
|-damage|p1a: Garganacl|65/100
|
|-weather|Snowscape|[upkeep]
|-heal|p1a: Garganacl|71/100|[from] item: Leftovers
|upkeep
|turn|10
|
|t:|1779948798
|move|p2a: Kyurem|Earth Power|p1a: Garganacl
|-supereffective|p1a: Garganacl
|-damage|p1a: Garganacl|25/100
|move|p1a: Garganacl|Salt Cure|p2a: Kyurem
|-supereffective|p2a: Kyurem
|-damage|p2a: Kyurem|68/100
|-start|p2a: Kyurem|Salt Cure
|
|-weather|Snowscape|[upkeep]
|-heal|p1a: Garganacl|31/100|[from] item: Leftovers
|-damage|p2a: Kyurem|56/100|[from] Salt Cure
|upkeep
|turn|11
|
|t:|1779948802
|switch|p2a: Landorus|Landorus-Therian, M|40/100
|-ability|p2a: Landorus|Intimidate|boost
|-unboost|p1a: Garganacl|atk|1
|move|p1a: Garganacl|Protect||[still]
|-fail|p1a: Garganacl
|
|-weather|none
|-heal|p1a: Garganacl|37/100|[from] item: Leftovers
|upkeep
|turn|12
|
|t:|1779948807
|move|p1a: Garganacl|Protect|p1a: Garganacl
|-singleturn|p1a: Garganacl|Protect
|move|p2a: Landorus|Stealth Rock|p1a: Garganacl
|-sidestart|p1: Ctannn|move: Stealth Rock
|
|-heal|p1a: Garganacl|43/100|[from] item: Leftovers
|upkeep
|turn|13
|
|t:|1779948810
|move|p2a: Landorus|Taunt|p1a: Garganacl
|-start|p1a: Garganacl|move: Taunt
|cant|p1a: Garganacl|move: Taunt|Recover
|
|-heal|p1a: Garganacl|49/100|[from] item: Leftovers
|upkeep
|turn|14
|
|t:|1779948815
|switch|p1a: Slowking|Slowking-Galar, F|88/100
|-damage|p1a: Slowking|76/100|[from] Stealth Rock
|move|p2a: Landorus|Earth Power|p1a: Slowking
|-supereffective|p1a: Slowking
|-damage|p1a: Slowking|23/100
|
|upkeep
|turn|15
|
|t:|1779948818
|move|p2a: Landorus|U-turn|p1a: Slowking
|-damage|p1a: Slowking|7/100
|-damage|p2a: Landorus|24/100|[from] item: Rocky Helmet|[of] p1a: Slowking
|
|t:|1779948821
|switch|p2a: Gholdengo|Gholdengo|100/100|[from] U-turn
|-prepare|p1a: Slowking|Chilly Reception|[premajor]
|move|p1a: Slowking|Chilly Reception|p1a: Slowking
|-weather|Snowscape
|
|t:|1779948828
|switch|p1a: Raging Bolt|Raging Bolt|100/100|[from] Chilly Reception
|
|-weather|Snowscape|[upkeep]
|upkeep
|turn|16
|
|t:|1779948833
|switch|p2a: Landorus|Landorus-Therian, M|24/100
|-ability|p2a: Landorus|Intimidate|boost
|-unboost|p1a: Raging Bolt|atk|1
|move|p1a: Raging Bolt|Thunderbolt|p2a: Landorus
|-immune|p2a: Landorus
|
|-weather|Snowscape|[upkeep]
|upkeep
|turn|17
|
|t:|1779948836
|-end|p1a: Raging Bolt|Protosynthesis|[silent]
|switch|p1a: Landorus|Landorus-Therian, M|100/100
|-damage|p1a: Landorus|88/100|[from] Stealth Rock
|-ability|p1a: Landorus|Intimidate|boost
|-unboost|p2a: Landorus|atk|1
|move|p2a: Landorus|Earth Power|p1a: Landorus
|-immune|p1a: Landorus
|
|-weather|Snowscape|[upkeep]
|upkeep
|turn|18
|
|t:|1779948841
|move|p2a: Landorus|Taunt|p1a: Landorus
|-start|p1a: Landorus|move: Taunt
|move|p1a: Landorus|U-turn|p2a: Landorus
|-resisted|p2a: Landorus
|-damage|p2a: Landorus|13/100
|-damage|p1a: Landorus|72/100|[from] item: Rocky Helmet|[of] p2a: Landorus
|
|t:|1779948843
|switch|p1a: Cinderace|Cinderace, M|53/100|[from] U-turn
|
|-weather|Snowscape|[upkeep]
|upkeep
|turn|19
|
|t:|1779948849
|move|p1a: Cinderace|Pyro Ball|p2a: Landorus
|-damage|p2a: Landorus|0 fnt
|faint|p2a: Landorus
|
|-weather|none
|upkeep
|
|t:|1779948857
|switch|p2a: Regieleki|Regieleki|84/100
|turn|20
|
|t:|1779948862
|move|p2a: Regieleki|Volt Switch|p1a: Cinderace
|-damage|p1a: Cinderace|0 fnt
|faint|p1a: Cinderace
|
|t:|1779948871
|switch|p2a: Ogerpon|Ogerpon-Wellspring, F|39/100|[from] Volt Switch
|
|upkeep
|
|t:|1779948875
|switch|p1a: Rillaboom|Rillaboom, M|100/100
|-damage|p1a: Rillaboom|88/100|[from] Stealth Rock
|-fieldstart|move: Grassy Terrain|[from] ability: Grassy Surge|[of] p1a: Rillaboom
|turn|21
|
|t:|1779948881
|switch|p2a: Kyurem|Kyurem|56/100
|-ability|p2a: Kyurem|Pressure
|move|p1a: Rillaboom|Swords Dance|p1a: Rillaboom
|-boost|p1a: Rillaboom|atk|2
|
|-heal|p1a: Rillaboom|94/100|[from] Grassy Terrain
|-heal|p2a: Kyurem|62/100|[from] Grassy Terrain
|upkeep
|turn|22
|
|t:|1779948887
|-terastallize|p1a: Rillaboom|Grass
|move|p1a: Rillaboom|Grassy Glide|p2a: Kyurem
|-resisted|p2a: Kyurem
|-damage|p2a: Kyurem|9/100
|move|p2a: Kyurem|Ice Beam|p1a: Rillaboom
|-supereffective|p1a: Rillaboom
|-damage|p1a: Rillaboom|0 fnt
|faint|p1a: Rillaboom
|
|-heal|p2a: Kyurem|15/100|[from] Grassy Terrain
|upkeep
|-message|Ctannn forfeited.
|
|win|1 euro de l'H
|raw|Ctannn's rating: 1618 &rarr; <strong>1604</strong><br />(-14 for losing)
|raw|1 euro de l&apos;H's rating: 1733 &rarr; <strong>1747</strong><br />(+14 for winning)
|l|☆Ctannn
|player|p1|
|c|☆1 euro de l'H|GG
|l|☆1 euro de l'H
|player|p2|
