|j|☆Yeeties Cereal
|j|☆Aguila74
|t:|1779812729
|gametype|singles
|player|p1|Yeeties Cereal|chuck|1612
|player|p2|Aguila74|ethan|1613
|gen|9
|tier|[Gen 9] OU
|rated|
|rule|HP Percentage Mod: HP is shown in percentages
|rule|Endless Battle Clause: Forcing endless battles is banned
|rule|Species Clause: Limit one of each Pokémon
|rule|OHKO Clause: OHKO moves are banned
|rule|Evasion Items Clause: Evasion items are banned
|rule|Evasion Moves Clause: Evasion moves are banned
|rule|Evasion Abilities Clause: Evasion abilities are banned
|rule|Sleep Moves Clause: Sleep-inducing moves are banned
|clearpoke
|poke|p1|Hoopa-Unbound|
|poke|p1|Garchomp, F|
|poke|p1|Gholdengo|
|poke|p1|Cinderace, F|
|poke|p1|Enamorus, F|
|poke|p1|Raging Bolt|
|poke|p2|Dragapult, F|
|poke|p2|Iron Moth|
|poke|p2|Meowscarada, F|
|poke|p2|Iron Treads|
|poke|p2|Primarina, M|
|poke|p2|Conkeldurr, F|
|teampreview
|
|t:|1779812740
|teamsize|p1|6
|teamsize|p2|6
|start
|switch|p1a: Enamorus|Enamorus, F|100/100
|switch|p2a: Conkeldurr|Conkeldurr, F|100/100
|turn|1
|
|t:|1779812750
|move|p1a: Enamorus|Earth Power|p2a: Conkeldurr
|-damage|p2a: Conkeldurr|73/100
|move|p2a: Conkeldurr|Ice Punch|p1a: Enamorus
|-supereffective|p1a: Enamorus
|-damage|p1a: Enamorus|2/100
|
|upkeep
|turn|2
|
|t:|1779812759
|switch|p1a: Garchomp|Garchomp, F|100/100
|move|p2a: Conkeldurr|Mach Punch|p1a: Garchomp
|-damage|p1a: Garchomp|83/100
|-damage|p2a: Conkeldurr|61/100|[from] ability: Rough Skin|[of] p1a: Garchomp
|-damage|p2a: Conkeldurr|44/100|[from] item: Rocky Helmet|[of] p1a: Garchomp
|
|upkeep
|turn|3
|
|t:|1779812779
|move|p1a: Garchomp|Spikes|p2a: Conkeldurr
|-sidestart|p2: Aguila74|Spikes
|move|p2a: Conkeldurr|Ice Punch|p1a: Garchomp
|-supereffective|p1a: Garchomp
|-damage|p1a: Garchomp|0 fnt
|-damage|p2a: Conkeldurr|32/100|[from] ability: Rough Skin|[of] p1a: Garchomp
|-damage|p2a: Conkeldurr|16/100|[from] item: Rocky Helmet|[of] p1a: Garchomp
|faint|p1a: Garchomp
|
|upkeep
|
|t:|1779812784
|switch|p1a: Gholdengo|Gholdengo|100/100
|-item|p1a: Gholdengo|Air Balloon
|turn|4
|
|t:|1779812792
|switch|p2a: Meowscarada|Meowscarada, F|100/100
|-damage|p2a: Meowscarada|88/100|[from] Spikes
|move|p1a: Gholdengo|Shadow Ball|p2a: Meowscarada
|-resisted|p2a: Meowscarada
|-damage|p2a: Meowscarada|55/100
|-unboost|p2a: Meowscarada|spd|1
|
|upkeep
|turn|5
|
|t:|1779812805
|switch|p1a: Raging Bolt|Raging Bolt|100/100
|-enditem|p1a: Raging Bolt|Booster Energy
|-activate|p1a: Raging Bolt|ability: Protosynthesis|[fromitem]
|-start|p1a: Raging Bolt|protosynthesisspa
|move|p2a: Meowscarada|Knock Off|p1a: Raging Bolt
|-start|p2a: Meowscarada|typechange|Dark|[from] ability: Protean
|-damage|p1a: Raging Bolt|64/100
|-damage|p2a: Meowscarada|45/100|[from] item: Life Orb
|
|upkeep
|turn|6
|
|t:|1779812817
|switch|p2a: Iron Treads|Iron Treads|100/100
|-damage|p2a: Iron Treads|88/100|[from] Spikes
|move|p1a: Raging Bolt|Thunderclap||[still]
|-fail|p1a: Raging Bolt
|
|-heal|p2a: Iron Treads|94/100|[from] item: Leftovers
|upkeep
|turn|7
|
|t:|1779812824
|-end|p1a: Raging Bolt|Protosynthesis|[silent]
|switch|p1a: Gholdengo|Gholdengo|100/100
|-item|p1a: Gholdengo|Air Balloon
|move|p2a: Iron Treads|Rapid Spin|p1a: Gholdengo
|-immune|p1a: Gholdengo
|
|-heal|p2a: Iron Treads|100/100|[from] item: Leftovers
|upkeep
|turn|8
|
|t:|1779812828
|switch|p1a: Cinderace|Cinderace, F|100/100
|move|p2a: Iron Treads|Iron Head|p1a: Cinderace
|-resisted|p1a: Cinderace
|-damage|p1a: Cinderace|72/100
|
|upkeep
|turn|9
|
|t:|1779812835
|-terastallize|p2a: Iron Treads|Ground
|move|p1a: Cinderace|Pyro Ball|p2a: Iron Treads
|-damage|p2a: Iron Treads|43/100
|move|p2a: Iron Treads|Rapid Spin|p1a: Cinderace
|-damage|p1a: Cinderace|49/100
|-boost|p2a: Iron Treads|spe|1
|-sideend|p2: Aguila74|Spikes|[from] move: Rapid Spin|[of] p2a: Iron Treads
|
|-heal|p2a: Iron Treads|50/100|[from] item: Leftovers
|upkeep
|turn|10
|
|t:|1779812852
|switch|p1a: Enamorus|Enamorus, F|2/100
|move|p2a: Iron Treads|Iron Head|p1a: Enamorus
|-supereffective|p1a: Enamorus
|-damage|p1a: Enamorus|0 fnt
|faint|p1a: Enamorus
|
|-heal|p2a: Iron Treads|56/100|[from] item: Leftovers
|upkeep
|
|t:|1779812864
|switch|p1a: Hoopa|Hoopa-Unbound|100/100
|turn|11
|
|t:|1779812869
|move|p2a: Iron Treads|Earthquake|p1a: Hoopa
|-damage|p1a: Hoopa|11/100
|move|p1a: Hoopa|Knock Off|p2a: Iron Treads
|-damage|p2a: Iron Treads|8/100
|-enditem|p2a: Iron Treads|Leftovers|[from] move: Knock Off|[of] p1a: Hoopa
|
|upkeep
|turn|12
|-message|Yeeties Cereal forfeited.
|
|win|Aguila74
|raw|Yeeties Cereal's rating: 1612 &rarr; <strong>1592</strong><br />(-20 for losing)
|raw|Aguila74's rating: 1613 &rarr; <strong>1633</strong><br />(+20 for winning)
|l|☆Yeeties Cereal
|player|p1|
|l|☆Aguila74
|player|p2|
