|j|☆claudechamp
|j|☆gfitzy
|t:|1779841167
|gametype|singles
|player|p1|claudechamp|265|1203
|player|p2|gfitzy|hilda|1236
|gen|9
|tier|[Gen 9] OU
|rated|
|rule|HP Percentage Mod: HP is shown in percentages
|rule|Endless Battle Clause: Forcing endless battles is banned
|rule|Species Clause: Limit one of each Pokémon
|rule|OHKO Clause: OHKO moves are banned
|rule|Evasion Items Clause: Evasion items are banned
|rule|Evasion Moves Clause: Evasion moves are banned
|rule|Evasion Abilities Clause: Evasion abilities are banned
|rule|Sleep Moves Clause: Sleep-inducing moves are banned
|clearpoke
|poke|p1|Gliscor, F|
|poke|p1|Gholdengo|
|poke|p1|Zamazenta-*|
|poke|p1|Blissey, F|
|poke|p1|Skarmory, M|
|poke|p1|Pecharunt|
|poke|p2|Ribombee, M|
|poke|p2|Gholdengo|
|poke|p2|Ogerpon-Wellspring, F|
|poke|p2|Raging Bolt|
|poke|p2|Great Tusk|
|poke|p2|Kingambit, F|
|teampreview
|c|☆claudechamp|hf
|inactive|Battle timer is ON: inactive players will automatically lose when time's up. (requested by claudechamp)
|c|☆gfitzy|u2
|
|t:|1779841175
|teamsize|p1|6
|teamsize|p2|6
|start
|switch|p1a: Skarmory|Skarmory, M|100/100
|switch|p2a: Barry B. Benson|Ribombee, M|100/100
|turn|1
|
|t:|1779841190
|move|p2a: Barry B. Benson|Sticky Web|p1a: Skarmory
|-sidestart|p1: claudechamp|move: Sticky Web
|move|p1a: Skarmory|Spikes|p2a: Barry B. Benson
|-sidestart|p2: gfitzy|Spikes
|
|upkeep
|turn|2
|
|t:|1779841195
|move|p2a: Barry B. Benson|Moonblast|p1a: Skarmory
|-resisted|p1a: Skarmory
|-damage|p1a: Skarmory|74/100
|move|p1a: Skarmory|Spikes|p2a: Barry B. Benson
|-sidestart|p2: gfitzy|Spikes
|
|upkeep
|turn|3
|
|t:|1779841201
|move|p2a: Barry B. Benson|Moonblast|p1a: Skarmory
|-resisted|p1a: Skarmory
|-damage|p1a: Skarmory|45/100
|move|p1a: Skarmory|Roost|p1a: Skarmory
|-heal|p1a: Skarmory|95/100
|-singleturn|p1a: Skarmory|move: Roost
|
|upkeep
|turn|4
|
|t:|1779841208
|move|p2a: Barry B. Benson|Stun Spore|p1a: Skarmory
|-status|p1a: Skarmory|par
|move|p1a: Skarmory|Spikes|p2a: Barry B. Benson
|-sidestart|p2: gfitzy|Spikes
|
|upkeep
|turn|5
|
|t:|1779841222
|switch|p2a: Old Money|Gholdengo|100/100
|switch|p1a: Blissey|Blissey, F|100/100
|
|upkeep
|turn|6
|
|t:|1779841238
|switch|p1a: Zamazenta|Zamazenta|100/100
|-ability|p1a: Zamazenta|Dauntless Shield|boost
|-boost|p1a: Zamazenta|def|1
|move|p2a: Old Money|Nasty Plot|p2a: Old Money
|-boost|p2a: Old Money|spa|2
|
|upkeep
|turn|7
|
|t:|1779841249
|move|p1a: Zamazenta|Crunch|p2a: Old Money
|-supereffective|p2a: Old Money
|-damage|p2a: Old Money|40/100
|-unboost|p2a: Old Money|def|1
|move|p2a: Old Money|Make It Rain|p1a: Zamazenta
|-damage|p1a: Zamazenta|0 fnt
|-unboost|p2a: Old Money|spa|1
|faint|p1a: Zamazenta
|
|upkeep
|
|t:|1779841259
|switch|p1a: Gliscor|Gliscor, F|100/100
|turn|8
|
|t:|1779841268
|switch|p2a: silly little girl|Ogerpon-Wellspring, F|100/100
|-damage|p2a: silly little girl|76/100|[from] Spikes
|move|p1a: Gliscor|Earthquake|p2a: silly little girl
|-resisted|p2a: silly little girl
|-damage|p2a: silly little girl|55/100
|
|-status|p1a: Gliscor|tox|[from] item: Toxic Orb
|upkeep
|turn|9
|
|t:|1779841281
|-terastallize|p2a: silly little girl|Water
|detailschange|p2a: silly little girl|Ogerpon-Wellspring-Tera, F, tera:Water
|-ability|p2a: silly little girl|Embody Aspect (Wellspring)|boost
|-boost|p2a: silly little girl|spd|1
|move|p2a: silly little girl|Ivy Cudgel|p1a: Gliscor|[anim] Ivy Cudgel Water
|-supereffective|p1a: Gliscor
|-damage|p1a: Gliscor|0 fnt
|faint|p1a: Gliscor
|
|upkeep
|
|t:|1779841285
|switch|p1a: Pecharunt|Pecharunt|100/100
|turn|10
|
|t:|1779841291
|move|p2a: silly little girl|Swords Dance|p2a: silly little girl
|-boost|p2a: silly little girl|atk|2
|move|p1a: Pecharunt|Toxic|p2a: silly little girl
|-status|p2a: silly little girl|tox
|-start|p2a: silly little girl|confusion|[from] ability: Poison Puppeteer|[of] p1a: Pecharunt
|
|-damage|p2a: silly little girl|49/100 tox|[from] psn
|upkeep
|turn|11
|
|t:|1779841300
|-activate|p2a: silly little girl|confusion
|move|p2a: silly little girl|Ivy Cudgel|p1a: Pecharunt|[anim] Ivy Cudgel Water
|-damage|p1a: Pecharunt|26/100
|move|p1a: Pecharunt|Shadow Ball|p2a: silly little girl
|-damage|p2a: silly little girl|29/100 tox
|
|-damage|p2a: silly little girl|17/100 tox|[from] psn
|upkeep
|turn|12
|
|t:|1779841308
|-activate|p2a: silly little girl|confusion
|move|p2a: silly little girl|Ivy Cudgel|p1a: Pecharunt|[anim] Ivy Cudgel Water
|-crit|p1a: Pecharunt
|-damage|p1a: Pecharunt|0 fnt
|faint|p1a: Pecharunt
|
|-damage|p2a: silly little girl|0 fnt|[from] psn
|faint|p2a: silly little girl
|detailschange|p2: silly little girl|Ogerpon-Wellspring, F|[silent]
|upkeep
|
|t:|1779841315
|switch|p2a: Old Money|Gholdengo|40/100
|switch|p1a: Gholdengo|Gholdengo|100/100
|-activate|p1a: Gholdengo|move: Sticky Web
|-unboost|p1a: Gholdengo|spe|1
|turn|13
|
|t:|1779841321
|move|p2a: Old Money|Shadow Ball|p1a: Gholdengo
|-supereffective|p1a: Gholdengo
|-damage|p1a: Gholdengo|21/100
|move|p1a: Gholdengo|Hex|p2a: Old Money
|-supereffective|p2a: Old Money
|-damage|p2a: Old Money|0 fnt
|faint|p2a: Old Money
|
|upkeep
|
|t:|1779841342
|switch|p2a: Giraffe|Raging Bolt|100/100
|turn|14
|
|t:|1779841348
|move|p2a: Giraffe|Thunderbolt|p1a: Gholdengo
|-damage|p1a: Gholdengo|0 fnt
|faint|p1a: Gholdengo
|
|upkeep
|
|t:|1779841354
|switch|p1a: Blissey|Blissey, F|100/100
|turn|15
|
|t:|1779841368
|move|p2a: Giraffe|Volt Switch|p1a: Blissey
|-damage|p1a: Blissey|89/100
|
|t:|1779841376
|-end|p2a: Giraffe|Protosynthesis|[silent]
|switch|p2a: Donphan-Therian|Great Tusk|100/100|[from] Volt Switch
|-damage|p2a: Donphan-Therian|76/100|[from] Spikes
|-enditem|p2a: Donphan-Therian|Booster Energy
|-activate|p2a: Donphan-Therian|ability: Protosynthesis|[fromitem]
|-start|p2a: Donphan-Therian|protosynthesisspe
|move|p1a: Blissey|Calm Mind|p1a: Blissey
|-boost|p1a: Blissey|spa|1
|-boost|p1a: Blissey|spd|1
|
|upkeep
|turn|16
|
|t:|1779841387
|move|p2a: Donphan-Therian|Headlong Rush|p1a: Blissey
|-damage|p1a: Blissey|35/100
|-unboost|p2a: Donphan-Therian|def|1
|-unboost|p2a: Donphan-Therian|spd|1
|move|p1a: Blissey|Soft-Boiled|p1a: Blissey
|-heal|p1a: Blissey|85/100
|
|upkeep
|turn|17
|
|t:|1779841394
|move|p2a: Donphan-Therian|Bulk Up|p2a: Donphan-Therian
|-boost|p2a: Donphan-Therian|atk|1
|-boost|p2a: Donphan-Therian|def|1
|move|p1a: Blissey|Soft-Boiled|p1a: Blissey
|-heal|p1a: Blissey|100/100
|
|upkeep
|turn|18
|
|t:|1779841400
|move|p2a: Donphan-Therian|Bulk Up|p2a: Donphan-Therian
|-boost|p2a: Donphan-Therian|atk|1
|-boost|p2a: Donphan-Therian|def|1
|move|p1a: Blissey|Shadow Ball|p2a: Donphan-Therian
|-damage|p2a: Donphan-Therian|34/100
|
|upkeep
|turn|19
|
|t:|1779841407
|switch|p1a: Skarmory|Skarmory, M|95/100 par
|move|p2a: Donphan-Therian|Headlong Rush|p1a: Skarmory
|-immune|p1a: Skarmory
|
|upkeep
|turn|20
|
|t:|1779841414
|move|p2a: Donphan-Therian|Knock Off|p1a: Skarmory
|-damage|p1a: Skarmory|58/100 par
|-enditem|p1a: Skarmory|Heavy-Duty Boots|[from] move: Knock Off|[of] p2a: Donphan-Therian
|move|p1a: Skarmory|Whirlwind|p2a: Donphan-Therian
|-end|p2a: Donphan-Therian|Protosynthesis|[silent]
|drag|p2a: Giraffe|Raging Bolt|100/100
|
|upkeep
|turn|21
|
|t:|1779841422
|switch|p1a: Blissey|Blissey, F|100/100
|move|p2a: Giraffe|Thunderbolt|p1a: Blissey
|-damage|p1a: Blissey|83/100
|
|upkeep
|turn|22
|
|t:|1779841438
|move|p2a: Giraffe|Thunderbolt|p1a: Blissey
|-damage|p1a: Blissey|65/100
|move|p1a: Blissey|Calm Mind|p1a: Blissey
|-boost|p1a: Blissey|spa|1
|-boost|p1a: Blissey|spd|1
|
|upkeep
|turn|23
|
|t:|1779841450
|-end|p2a: Giraffe|Protosynthesis|[silent]
|switch|p2a: LeBron|Kingambit, F|100/100
|-damage|p2a: LeBron|76/100|[from] Spikes
|-activate|p2a: LeBron|ability: Supreme Overlord
|-start|p2a: LeBron|fallen2|[silent]
|move|p1a: Blissey|Calm Mind|p1a: Blissey
|-boost|p1a: Blissey|spa|1
|-boost|p1a: Blissey|spd|1
|
|upkeep
|turn|24
|
|t:|1779841458
|move|p2a: LeBron|Kowtow Cleave|p1a: Blissey
|-damage|p1a: Blissey|0 fnt
|faint|p1a: Blissey
|
|upkeep
|
|t:|1779841464
|switch|p1a: Skarmory|Skarmory, M|58/100 par
|turn|25
|
|t:|1779841476
|move|p2a: LeBron|Swords Dance|p2a: LeBron
|-boost|p2a: LeBron|atk|2
|cant|p1a: Skarmory|par
|
|upkeep
|turn|26
|
|t:|1779841482
|move|p2a: LeBron|Kowtow Cleave|p1a: Skarmory
|-damage|p1a: Skarmory|0 fnt
|faint|p1a: Skarmory
|
|win|gfitzy
|raw|claudechamp's rating: 1258 &rarr; <strong>1231</strong><br />(-27 for losing)
|raw|gfitzy's rating: 1236 &rarr; <strong>1263</strong><br />(+27 for winning)
|c|☆claudechamp|gg
|l|☆gfitzy
|player|p2|
