|badge|p1|silver|gen9randombattle|30-9
|uhtml|medal-msg|<div class="broadcast-blue">Curious what those medals under the avatar are? PS now has Ladder Seasons! For more information, check out the <a href="https://www.smogon.com/forums/threads/3740067/">thread on Smogon.</a></div>
|j|☆gloriousplays
|j|☆Yullei
|t:|1779885330
|gametype|singles
|player|p1|gloriousplays|266|1538
|player|p2|Yullei|zinnia|1538
|gen|9
|tier|[Gen 9] OU
|rated|
|rule|HP Percentage Mod: HP is shown in percentages
|rule|Endless Battle Clause: Forcing endless battles is banned
|rule|Species Clause: Limit one of each Pokémon
|rule|OHKO Clause: OHKO moves are banned
|rule|Evasion Items Clause: Evasion items are banned
|rule|Evasion Moves Clause: Evasion moves are banned
|rule|Evasion Abilities Clause: Evasion abilities are banned
|rule|Sleep Moves Clause: Sleep-inducing moves are banned
|clearpoke
|poke|p1|Iron Moth|
|poke|p1|Gliscor, F|
|poke|p1|Hatterene, F|
|poke|p1|Ogerpon-Wellspring, F|
|poke|p1|Raging Bolt|
|poke|p1|Zamazenta-*|
|poke|p2|Pelipper, M|
|poke|p2|Raging Bolt|
|poke|p2|Overqwil, M|
|poke|p2|Barraskewda, M|
|poke|p2|Iron Treads|
|poke|p2|Kingambit, M|
|teampreview
|inactive|Battle timer is ON: inactive players will automatically lose when time's up. (requested by Yullei)
|c|☆Yullei|Glhf
|c|☆gloriousplays|u2
|
|t:|1779885368
|teamsize|p1|6
|teamsize|p2|6
|start
|switch|p1a: Zamazenta|Zamazenta|100/100
|switch|p2a: man|Iron Treads|100/100
|-ability|p1a: Zamazenta|Dauntless Shield|boost
|-boost|p1a: Zamazenta|def|1
|-enditem|p2a: man|Booster Energy
|-activate|p2a: man|ability: Quark Drive|[fromitem]
|-start|p2a: man|quarkdrivespe
|turn|1
|
|t:|1779885377
|switch|p1a: Hatterene|Hatterene, F|100/100
|move|p2a: man|Stealth Rock|p1a: Hatterene
|move|p1a: Hatterene|Stealth Rock|p2a: man|[from] ability: Magic Bounce
|-sidestart|p2: Yullei|move: Stealth Rock
|
|upkeep
|turn|2
|
|t:|1779885388
|move|p2a: man|Steel Beam|p1a: Hatterene
|-supereffective|p1a: Hatterene
|-damage|p1a: Hatterene|0 fnt
|-damage|p2a: man|50/100|[from] steelbeam
|faint|p1a: Hatterene
|
|upkeep
|
|t:|1779885396
|switch|p1a: Iron Moth|Iron Moth|100/100
|-enditem|p1a: Iron Moth|Booster Energy
|-activate|p1a: Iron Moth|ability: Quark Drive|[fromitem]
|-start|p1a: Iron Moth|quarkdrivespe
|turn|3
|
|t:|1779885402
|move|p1a: Iron Moth|Fiery Dance|p2a: man
|-supereffective|p2a: man
|-damage|p2a: man|0 fnt
|faint|p2a: man
|-end|p2a: man|Quark Drive|[silent]
|
|upkeep
|
|t:|1779885405
|switch|p2a: cat|Pelipper, M|100/100
|-damage|p2a: cat|76/100|[from] Stealth Rock
|-weather|RainDance|[from] ability: Drizzle|[of] p2a: cat
|turn|4
|
|t:|1779885409
|move|p1a: Iron Moth|Sludge Wave|p2a: cat
|-damage|p2a: cat|4/100
|move|p2a: cat|U-turn|p1a: Iron Moth
|-resisted|p1a: Iron Moth
|-damage|p1a: Iron Moth|97/100
|
|t:|1779885415
|switch|p2a: e e|Barraskewda, M|100/100|[from] U-turn
|-damage|p2a: e e|88/100|[from] Stealth Rock
|
|-weather|RainDance|[upkeep]
|upkeep
|turn|5
|
|t:|1779885420
|move|p2a: e e|Close Combat|p1a: Iron Moth
|-resisted|p1a: Iron Moth
|-damage|p1a: Iron Moth|42/100
|-unboost|p2a: e e|def|1
|-unboost|p2a: e e|spd|1
|move|p1a: Iron Moth|Sludge Wave|p2a: e e
|-damage|p2a: e e|0 fnt
|faint|p2a: e e
|
|-weather|RainDance|[upkeep]
|upkeep
|
|t:|1779885425
|switch|p2a: dog|Overqwil, M|100/100
|-damage|p2a: dog|88/100|[from] Stealth Rock
|turn|6
|
|t:|1779885428
|move|p2a: dog|Crunch|p1a: Iron Moth
|-damage|p1a: Iron Moth|0 fnt
|faint|p1a: Iron Moth
|-end|p1a: Iron Moth|Quark Drive|[silent]
|-damage|p2a: dog|78/100|[from] item: Life Orb
|
|-weather|RainDance|[upkeep]
|upkeep
|
|t:|1779885434
|switch|p1a: Zamazenta|Zamazenta|100/100
|turn|7
|
|t:|1779885436
|move|p2a: dog|Gunk Shot|p1a: Zamazenta
|-damage|p1a: Zamazenta|35/100
|-damage|p2a: dog|69/100|[from] item: Life Orb
|move|p1a: Zamazenta|Close Combat|p2a: dog
|-damage|p2a: dog|17/100
|-unboost|p1a: Zamazenta|def|1
|-unboost|p1a: Zamazenta|spd|1
|
|-weather|RainDance|[upkeep]
|upkeep
|turn|8
|
|t:|1779885447
|move|p2a: dog|Liquidation|p1a: Zamazenta
|-damage|p1a: Zamazenta|0 fnt
|faint|p1a: Zamazenta
|-damage|p2a: dog|8/100|[from] item: Life Orb
|
|-weather|RainDance|[upkeep]
|upkeep
|
|t:|1779885451
|switch|p1a: Raging Bolt|Raging Bolt|100/100
|-enditem|p1a: Raging Bolt|Booster Energy
|-activate|p1a: Raging Bolt|ability: Protosynthesis|[fromitem]
|-start|p1a: Raging Bolt|protosynthesisspa
|turn|9
|
|t:|1779885454
|move|p1a: Raging Bolt|Thunderclap|p2a: dog
|-damage|p2a: dog|0 fnt
|faint|p2a: dog
|
|-weather|RainDance|[upkeep]
|upkeep
|
|t:|1779885456
|switch|p2a: rabbit|Raging Bolt|100/100
|-damage|p2a: rabbit|88/100|[from] Stealth Rock
|-enditem|p2a: rabbit|Booster Energy
|-activate|p2a: rabbit|ability: Protosynthesis|[fromitem]
|-start|p2a: rabbit|protosynthesisspa
|turn|10
|
|t:|1779885462
|-terastallize|p1a: Raging Bolt|Ghost
|-terastallize|p2a: rabbit|Fairy
|move|p1a: Raging Bolt|Dragon Pulse|p2a: rabbit
|-immune|p2a: rabbit
|move|p2a: rabbit|Draco Meteor|p1a: Raging Bolt
|-damage|p1a: Raging Bolt|9/100
|-unboost|p2a: rabbit|spa|2
|
|-weather|RainDance|[upkeep]
|upkeep
|turn|11
|
|t:|1779885467
|move|p2a: rabbit|Thunderclap|p1a: Raging Bolt
|-damage|p1a: Raging Bolt|0 fnt
|faint|p1a: Raging Bolt
|-end|p1a: Raging Bolt|Protosynthesis|[silent]
|
|-weather|none
|upkeep
|
|t:|1779885469
|switch|p1a: Ogerpon|Ogerpon-Wellspring, F|100/100
|turn|12
|
|t:|1779885473
|move|p1a: Ogerpon|Swords Dance|p1a: Ogerpon
|-boost|p1a: Ogerpon|atk|2
|move|p2a: rabbit|Thunder|p1a: Ogerpon
|-damage|p1a: Ogerpon|53/100
|
|upkeep
|turn|13
|
|t:|1779885476
|-end|p2a: rabbit|Protosynthesis|[silent]
|switch|p2a: cat|Pelipper, M|4/100
|-damage|p2a: cat|0 fnt|[from] Stealth Rock
|faint|p2a: cat
|move|p1a: Ogerpon|Ivy Cudgel|p2: cat|[notarget]
|-fail|p1a: Ogerpon
|
|upkeep
|
|t:|1779885478
|switch|p2a: woman|Kingambit, M, shiny|100/100
|-damage|p2a: woman|94/100|[from] Stealth Rock
|-activate|p2a: woman|ability: Supreme Overlord
|-start|p2a: woman|fallen4|[silent]
|turn|14
|
|t:|1779885484
|move|p1a: Ogerpon|Swords Dance|p1a: Ogerpon
|-boost|p1a: Ogerpon|atk|2
|move|p2a: woman|Kowtow Cleave|p1a: Ogerpon
|-damage|p1a: Ogerpon|0 fnt
|faint|p1a: Ogerpon
|
|-heal|p2a: woman|100/100|[from] item: Leftovers
|upkeep
|
|t:|1779885485
|switch|p1a: Gliscor|Gliscor, F|100/100
|turn|15
|
|t:|1779885489
|move|p1a: Gliscor|Swords Dance|p1a: Gliscor
|-boost|p1a: Gliscor|atk|2
|move|p2a: woman|Kowtow Cleave|p1a: Gliscor
|-damage|p1a: Gliscor|36/100
|
|-status|p1a: Gliscor|tox|[from] item: Toxic Orb
|upkeep
|turn|16
|
|t:|1779885491
|move|p2a: woman|Sucker Punch|p1a: Gliscor
|-damage|p1a: Gliscor|0 fnt
|faint|p1a: Gliscor
|
|win|Yullei
|raw|gloriousplays's rating: 1538 &rarr; <strong>1518</strong><br />(-20 for losing)
|raw|Yullei's rating: 1538 &rarr; <strong>1558</strong><br />(+20 for winning)
|l|☆Yullei
|player|p2|
|l|☆gloriousplays
|player|p1|
