|j|☆PieCubed^3
|j|☆Mr_Stonks0406
|t:|1779948120
|gametype|singles
|player|p1|PieCubed^3|hilda-wonderlauncher|1401
|player|p2|Mr_Stonks0406|102|1423
|gen|9
|tier|[Gen 9] OU
|rated|
|rule|HP Percentage Mod: HP is shown in percentages
|rule|Endless Battle Clause: Forcing endless battles is banned
|rule|Species Clause: Limit one of each Pokémon
|rule|OHKO Clause: OHKO moves are banned
|rule|Evasion Items Clause: Evasion items are banned
|rule|Evasion Moves Clause: Evasion moves are banned
|rule|Evasion Abilities Clause: Evasion abilities are banned
|rule|Sleep Moves Clause: Sleep-inducing moves are banned
|clearpoke
|poke|p1|Araquanid, F|
|poke|p1|Gholdengo|
|poke|p1|Kingambit, F|
|poke|p1|Raging Bolt|
|poke|p1|Keldeo-Resolute|
|poke|p1|Hoopa-Unbound|
|poke|p2|Quagsire, M|
|poke|p2|Blissey, F|
|poke|p2|Toxapex, F|
|poke|p2|Sinistcha|
|poke|p2|Gliscor, F|
|poke|p2|Corviknight, F|
|teampreview
|
|t:|1779948137
|teamsize|p1|6
|teamsize|p2|6
|start
|switch|p1a: Keldeo|Keldeo-Resolute|100/100
|switch|p2a: Prickly|Toxapex, F|100/100
|turn|1
|inactive|Battle timer is ON: inactive players will automatically lose when time's up. (requested by PieCubed^3)
|
|t:|1779948146
|move|p1a: Keldeo|Substitute|p1a: Keldeo
|-start|p1a: Keldeo|Substitute
|-damage|p1a: Keldeo|76/100
|move|p2a: Prickly|Toxic Spikes|p1a: Keldeo
|-sidestart|p1: PieCubed^3|move: Toxic Spikes
|
|upkeep
|turn|2
|
|t:|1779948157
|switch|p2a: Matcha|Sinistcha|100/100
|move|p1a: Keldeo|Calm Mind|p1a: Keldeo
|-boost|p1a: Keldeo|spa|1
|-boost|p1a: Keldeo|spd|1
|
|upkeep
|turn|3
|
|t:|1779948163
|move|p1a: Keldeo|Calm Mind|p1a: Keldeo
|-boost|p1a: Keldeo|spa|1
|-boost|p1a: Keldeo|spd|1
|move|p2a: Matcha|Matcha Gotcha|p1a: Keldeo
|-supereffective|p1a: Keldeo
|-end|p1a: Keldeo|Substitute
|
|upkeep
|turn|4
|
|t:|1779948167
|move|p1a: Keldeo|Surf|p2a: Matcha
|-resisted|p2a: Matcha
|-damage|p2a: Matcha|14/100
|-damage|p1a: Keldeo|66/100|[from] item: Life Orb
|move|p2a: Matcha|Matcha Gotcha|p1a: Keldeo
|-supereffective|p1a: Keldeo
|-damage|p1a: Keldeo|27/100
|-heal|p2a: Matcha|33/100|[from] drain|[of] p1a: Keldeo
|
|upkeep
|turn|5
|
|t:|1779948179
|move|p1a: Keldeo|Surf|p2a: Matcha
|-resisted|p2a: Matcha
|-damage|p2a: Matcha|0 fnt
|faint|p2a: Matcha
|-damage|p1a: Keldeo|17/100|[from] item: Life Orb
|
|upkeep
|inactive|Mr_Stonks0406 has 120 seconds left.
|
|t:|1779948205
|switch|p2a: Greninga|Quagsire, M|100/100
|turn|6
|
|t:|1779948211
|move|p1a: Keldeo|Surf|p2a: Greninga
|-damage|p2a: Greninga|16/100
|-damage|p1a: Keldeo|7/100|[from] item: Life Orb
|move|p2a: Greninga|Earthquake|p1a: Keldeo
|-damage|p1a: Keldeo|0 fnt
|faint|p1a: Keldeo
|
|upkeep
|
|t:|1779948220
|switch|p1a: Gholdengo|Gholdengo|100/100
|-item|p1a: Gholdengo|Air Balloon
|turn|7
|
|t:|1779948239
|switch|p2a: Chungus|Blissey, F|100/100
|move|p1a: Gholdengo|Nasty Plot|p1a: Gholdengo
|-boost|p1a: Gholdengo|spa|2
|
|upkeep
|turn|8
|-message|Mr_Stonks0406 forfeited.
|
|win|PieCubed^3
|raw|PieCubed^3's rating: 1401 &rarr; <strong>1422</strong><br />(+21 for winning)
|raw|Mr_Stonks0406's rating: 1423 &rarr; <strong>1402</strong><br />(-21 for losing)
|l|☆Mr_Stonks0406
|player|p2|
|l|☆PieCubed^3
|player|p1|
