|j|☆Cantarope
|j|☆pivotslophaxmaxxer
|t:|1779927191
|gametype|singles
|player|p1|Cantarope|kieran|1480
|player|p2|pivotslophaxmaxxer|tate|1569
|gen|9
|tier|[Gen 9] OU
|rated|
|rule|HP Percentage Mod: HP is shown in percentages
|rule|Endless Battle Clause: Forcing endless battles is banned
|rule|Species Clause: Limit one of each Pokémon
|rule|OHKO Clause: OHKO moves are banned
|rule|Evasion Items Clause: Evasion items are banned
|rule|Evasion Moves Clause: Evasion moves are banned
|rule|Evasion Abilities Clause: Evasion abilities are banned
|rule|Sleep Moves Clause: Sleep-inducing moves are banned
|clearpoke
|poke|p1|Muk, M|
|poke|p1|Pecharunt|
|poke|p1|Lokix, M|
|poke|p1|Darkrai|
|poke|p1|Iron Valiant|
|poke|p1|Corviknight, F|
|poke|p2|Torkoal, F|
|poke|p2|Great Tusk|
|poke|p2|Charizard, M|
|poke|p2|Venusaur, M|
|poke|p2|Kingambit, F|
|poke|p2|Cresselia, F|
|teampreview
|inactive|Battle timer is ON: inactive players will automatically lose when time's up. (requested by Cantarope)
|c|☆Cantarope|glhf
|c|☆pivotslophaxmaxxer|hf
|
|t:|1779927211
|teamsize|p1|6
|teamsize|p2|6
|start
|switch|p1a: Pecharunt|Pecharunt|100/100
|switch|p2a: Great Tusk|Great Tusk|100/100
|turn|1
|
|t:|1779927216
|switch|p1a: Corviknight|Corviknight, F|100/100
|-ability|p1a: Corviknight|Pressure
|move|p2a: Great Tusk|Headlong Rush|p1a: Corviknight
|-immune|p1a: Corviknight
|
|upkeep
|turn|2
|
|t:|1779927218
|move|p2a: Great Tusk|Temper Flare|p1a: Corviknight
|-supereffective|p1a: Corviknight
|-damage|p1a: Corviknight|46/100
|-damage|p2a: Great Tusk|84/100|[from] item: Rocky Helmet|[of] p1a: Corviknight
|move|p1a: Corviknight|U-turn|p2a: Great Tusk
|-resisted|p2a: Great Tusk
|-damage|p2a: Great Tusk|79/100
|
|t:|1779927229
|switch|p1a: Darkrai|Darkrai|100/100|[from] U-turn
|
|upkeep
|turn|3
|
|t:|1779927236
|-end|p2a: Great Tusk|Protosynthesis|[silent]
|switch|p2a: Torkoal|Torkoal, F|100/100
|-weather|SunnyDay|[from] ability: Drought|[of] p2a: Torkoal
|move|p1a: Darkrai|Ice Beam|p2a: Torkoal
|-resisted|p2a: Torkoal
|-damage|p2a: Torkoal|75/100
|-damage|p1a: Darkrai|91/100|[from] item: Life Orb
|
|-weather|SunnyDay|[upkeep]
|upkeep
|turn|4
|
|t:|1779927250
|switch|p1a: Me Ne Sbatto|Muk, M|100/100
|switch|p2a: Cresselia|Cresselia, F|100/100
|
|-weather|SunnyDay|[upkeep]
|upkeep
|turn|5
|
|t:|1779927255
|switch|p2a: Great Tusk|Great Tusk|79/100
|-activate|p2a: Great Tusk|ability: Protosynthesis
|-start|p2a: Great Tusk|protosynthesisspe
|move|p1a: Me Ne Sbatto|Knock Off|p2a: Great Tusk
|-resisted|p2a: Great Tusk
|-damage|p2a: Great Tusk|68/100
|-status|p2a: Great Tusk|psn|[from] ability: Poison Touch|[of] p1a: Me Ne Sbatto
|-enditem|p2a: Great Tusk|Assault Vest|[from] move: Knock Off|[of] p1a: Me Ne Sbatto
|
|-weather|SunnyDay|[upkeep]
|-damage|p2a: Great Tusk|56/100 psn|[from] psn
|upkeep
|turn|6
|
|t:|1779927262
|move|p2a: Great Tusk|Headlong Rush|p1a: Me Ne Sbatto
|-supereffective|p1a: Me Ne Sbatto
|-damage|p1a: Me Ne Sbatto|0 fnt
|-unboost|p2a: Great Tusk|def|1
|-unboost|p2a: Great Tusk|spd|1
|faint|p1a: Me Ne Sbatto
|
|-weather|SunnyDay|[upkeep]
|-damage|p2a: Great Tusk|44/100 psn|[from] psn
|upkeep
|
|t:|1779927275
|switch|p1a: Lokix|Lokix, M|100/100
|turn|7
|
|t:|1779927283
|move|p1a: Lokix|First Impression|p2a: Great Tusk
|-resisted|p2a: Great Tusk
|-damage|p2a: Great Tusk|0 fnt
|faint|p2a: Great Tusk
|-end|p2a: Great Tusk|Protosynthesis|[silent]
|
|-weather|SunnyDay|[upkeep]
|upkeep
|
|t:|1779927285
|switch|p2a: Venusaur|Venusaur, M|100/100
|turn|8
|
|t:|1779927292
|switch|p1a: Iron Valiant|Iron Valiant|100/100
|-enditem|p1a: Iron Valiant|Booster Energy
|-activate|p1a: Iron Valiant|ability: Quark Drive|[fromitem]
|-start|p1a: Iron Valiant|quarkdrivespe
|move|p2a: Venusaur|Growth|p2a: Venusaur
|-boost|p2a: Venusaur|atk|2
|-boost|p2a: Venusaur|spa|2
|
|-weather|SunnyDay|[upkeep]
|upkeep
|turn|9
|
|t:|1779927298
|move|p2a: Venusaur|Weather Ball|p1a: Iron Valiant
|-crit|p1a: Iron Valiant
|-damage|p1a: Iron Valiant|0 fnt
|faint|p1a: Iron Valiant
|-end|p1a: Iron Valiant|Quark Drive|[silent]
|-damage|p2a: Venusaur|91/100|[from] item: Life Orb
|
|-weather|SunnyDay|[upkeep]
|upkeep
|
|t:|1779927307
|switch|p1a: Lokix|Lokix, M|100/100
|turn|10
|
|t:|1779927321
|switch|p2a: Cresselia|Cresselia, F|100/100
|move|p1a: Lokix|U-turn|p2a: Cresselia
|-supereffective|p2a: Cresselia
|-damage|p2a: Cresselia|53/100
|-enditem|p2a: Cresselia|Eject Button
|
|t:|1779927324
|switch|p2a: Charizard|Charizard, M|100/100
|
|-weather|none
|upkeep
|turn|11
|
|t:|1779927330
|switch|p1a: Pecharunt|Pecharunt|100/100
|move|p2a: Charizard|Overheat|p1a: Pecharunt
|-damage|p1a: Pecharunt|0 fnt
|-unboost|p2a: Charizard|spa|2
|faint|p1a: Pecharunt
|
|upkeep
|
|t:|1779927336
|switch|p1a: Darkrai|Darkrai|91/100
|turn|12
|
|t:|1779927341
|switch|p2a: Torkoal|Torkoal, F|75/100
|-weather|SunnyDay|[from] ability: Drought|[of] p2a: Torkoal
|move|p1a: Darkrai|Dark Pulse|p2a: Torkoal
|-damage|p2a: Torkoal|2/100
|-damage|p1a: Darkrai|81/100|[from] item: Life Orb
|
|-weather|SunnyDay|[upkeep]
|upkeep
|turn|13
|
|t:|1779927352
|move|p1a: Darkrai|Dark Pulse|p2a: Torkoal
|-damage|p2a: Torkoal|0 fnt
|faint|p2a: Torkoal
|-damage|p1a: Darkrai|71/100|[from] item: Life Orb
|
|-weather|SunnyDay|[upkeep]
|upkeep
|
|t:|1779927358
|switch|p2a: Venusaur|Venusaur, M|91/100
|turn|14
|
|t:|1779927383
|switch|p1a: Corviknight|Corviknight, F|46/100
|-ability|p1a: Corviknight|Pressure
|-terastallize|p2a: Venusaur|Fire
|move|p2a: Venusaur|Weather Ball|p1a: Corviknight
|-supereffective|p1a: Corviknight
|-damage|p1a: Corviknight|0 fnt
|faint|p1a: Corviknight
|-damage|p2a: Venusaur|81/100|[from] item: Life Orb
|
|-weather|SunnyDay|[upkeep]
|upkeep
|
|t:|1779927388
|switch|p1a: Lokix|Lokix, M|100/100
|turn|15
|
|t:|1779927398
|switch|p2a: Cresselia|Cresselia, F|53/100
|move|p1a: Lokix|First Impression|p2a: Cresselia
|-supereffective|p2a: Cresselia
|-damage|p2a: Cresselia|0 fnt
|faint|p2a: Cresselia
|
|-weather|SunnyDay|[upkeep]
|upkeep
|
|t:|1779927400
|switch|p2a: Venusaur|Venusaur, M, tera:Fire|81/100
|turn|16
|inactive|Cantarope has 120 seconds left.
|
|t:|1779927439
|move|p1a: Lokix|First Impression||[still]
|-hint|First Impression only works on your first turn out.
|-fail|p1a: Lokix
|move|p2a: Venusaur|Weather Ball|p1a: Lokix
|-supereffective|p1a: Lokix
|-damage|p1a: Lokix|0 fnt
|faint|p1a: Lokix
|-damage|p2a: Venusaur|71/100|[from] item: Life Orb
|
|-weather|SunnyDay|[upkeep]
|upkeep
|
|t:|1779927443
|switch|p1a: Darkrai|Darkrai|71/100
|turn|17
|
|t:|1779927448
|-terastallize|p1a: Darkrai|Poison
|move|p2a: Venusaur|Weather Ball|p1a: Darkrai
|-damage|p1a: Darkrai|0 fnt
|faint|p1a: Darkrai
|-damage|p2a: Venusaur|61/100|[from] item: Life Orb
|
|win|pivotslophaxmaxxer
|raw|Cantarope's rating: 1480 &rarr; <strong>1465</strong><br />(-15 for losing)
|raw|pivotslophaxmaxxer's rating: 1569 &rarr; <strong>1584</strong><br />(+15 for winning)
|c|☆Cantarope|gg
|c|☆pivotslophaxmaxxer|gg
|l|☆pivotslophaxmaxxer
|player|p2|
|l|☆Cantarope
|player|p1|
