|j|☆FrogSong44
|j|☆DERPnDERP
|t:|1779966315
|gametype|singles
|player|p1|FrogSong44|102|1126
|player|p2|DERPnDERP|crasherwake|1136
|gen|9
|tier|[Gen 9] OU
|rated|
|rule|HP Percentage Mod: HP is shown in percentages
|rule|Endless Battle Clause: Forcing endless battles is banned
|rule|Species Clause: Limit one of each Pokémon
|rule|OHKO Clause: OHKO moves are banned
|rule|Evasion Items Clause: Evasion items are banned
|rule|Evasion Moves Clause: Evasion moves are banned
|rule|Evasion Abilities Clause: Evasion abilities are banned
|rule|Sleep Moves Clause: Sleep-inducing moves are banned
|clearpoke
|poke|p1|Pelipper, M|
|poke|p1|Barraskewda, F|
|poke|p1|Raging Bolt|
|poke|p1|Overqwil, M|
|poke|p1|Iron Treads|
|poke|p1|Amoonguss, M|
|poke|p2|Maushold-Four|
|poke|p2|Gliscor, M|
|poke|p2|Kingambit, M|
|poke|p2|Weezing-Galar, M|
|poke|p2|Weavile, F|
|poke|p2|Arcanine, M|
|teampreview
|inactive|Battle timer is ON: inactive players will automatically lose when time's up. (requested by DERPnDERP)
|
|t:|1779966342
|teamsize|p1|6
|teamsize|p2|6
|start
|switch|p1a: Iron Treads|Iron Treads|100/100
|switch|p2a: Weavile|Weavile, F|100/100
|-enditem|p1a: Iron Treads|Booster Energy
|-activate|p1a: Iron Treads|ability: Quark Drive|[fromitem]
|-start|p1a: Iron Treads|quarkdrivespe
|turn|1
|
|t:|1779966348
|move|p1a: Iron Treads|Stealth Rock|p2a: Weavile
|-sidestart|p2: DERPnDERP|move: Stealth Rock
|move|p2a: Weavile|Swords Dance|p2a: Weavile
|-boost|p2a: Weavile|atk|2
|
|upkeep
|turn|2
|
|t:|1779966369
|move|p1a: Iron Treads|Earthquake|p2a: Weavile
|-damage|p2a: Weavile|25/100
|move|p2a: Weavile|Triple Axel|p1a: Iron Treads
|-damage|p1a: Iron Treads|82/100
|-damage|p1a: Iron Treads|48/100
|-damage|p1a: Iron Treads|0 fnt
|faint|p1a: Iron Treads
|-end|p1a: Iron Treads|Quark Drive|[silent]
|-hitcount|p1: Iron Treads|3
|
|upkeep
|
|t:|1779966385
|switch|p1a: Pelipper|Pelipper, M|100/100
|-weather|RainDance|[from] ability: Drizzle|[of] p1a: Pelipper
|turn|3
|
|t:|1779966393
|move|p2a: Weavile|Beat Up|p1a: Pelipper
|-damage|p1a: Pelipper|88/100
|-damage|p1a: Pelipper|78/100
|-damage|p1a: Pelipper|63/100
|-damage|p1a: Pelipper|52/100
|-damage|p1a: Pelipper|43/100
|-crit|p1a: Pelipper
|-damage|p1a: Pelipper|26/100
|-hitcount|p1a: Pelipper|6
|move|p1a: Pelipper|U-turn|p2a: Weavile
|-supereffective|p2a: Weavile
|-damage|p2a: Weavile|0 fnt
|faint|p2a: Weavile
|
|t:|1779966416
|switch|p1a: Barraskewda|Barraskewda, F|100/100|[from] U-turn
|
|-weather|RainDance|[upkeep]
|upkeep
|
|t:|1779966421
|switch|p2a: Weezing|Weezing-Galar, M|100/100
|-damage|p2a: Weezing|88/100|[from] Stealth Rock
|turn|4
|
|t:|1779966436
|move|p1a: Barraskewda|Liquidation|p2a: Weezing
|-crit|p2a: Weezing
|-damage|p2a: Weezing|0 fnt
|faint|p2a: Weezing
|
|-weather|RainDance|[upkeep]
|upkeep
|
|t:|1779966442
|switch|p2a: Arcanine|Arcanine, M|100/100
|-damage|p2a: Arcanine|76/100|[from] Stealth Rock
|-ability|p2a: Arcanine|Intimidate|boost
|-unboost|p1a: Barraskewda|atk|1
|turn|5
|
|t:|1779966448
|move|p1a: Barraskewda|Liquidation|p2a: Arcanine
|-supereffective|p2a: Arcanine
|-damage|p2a: Arcanine|0 fnt
|faint|p2a: Arcanine
|
|-weather|RainDance|[upkeep]
|upkeep
|
|t:|1779966451
|switch|p2a: Maushold|Maushold-Four|100/100
|-damage|p2a: Maushold|88/100|[from] Stealth Rock
|turn|6
|
|t:|1779966459
|-terastallize|p1a: Barraskewda|Water
|-terastallize|p2a: Maushold|Ghost
|move|p1a: Barraskewda|Liquidation|p2a: Maushold
|-damage|p2a: Maushold|0 fnt
|faint|p2a: Maushold
|
|-weather|RainDance|[upkeep]
|upkeep
|-message|DERPnDERP forfeited.
|
|win|FrogSong44
|raw|FrogSong44's rating: 1126 &rarr; <strong>1152</strong><br />(+26 for winning)
|raw|DERPnDERP's rating: 1136 &rarr; <strong>1110</strong><br />(-26 for losing)
|l|☆DERPnDERP
|player|p2|
|c|☆FrogSong44|noice
