|j|☆Iori255
|j|☆FUCK THE FISH
|t:|1779869258
|gametype|singles
|player|p1|Iori255|silver|1150
|player|p2|FUCK THE FISH|wallace-gen6|1135
|gen|9
|tier|[Gen 9] OU
|rated|
|rule|HP Percentage Mod: HP is shown in percentages
|rule|Endless Battle Clause: Forcing endless battles is banned
|rule|Species Clause: Limit one of each Pokémon
|rule|OHKO Clause: OHKO moves are banned
|rule|Evasion Items Clause: Evasion items are banned
|rule|Evasion Moves Clause: Evasion moves are banned
|rule|Evasion Abilities Clause: Evasion abilities are banned
|rule|Sleep Moves Clause: Sleep-inducing moves are banned
|clearpoke
|poke|p1|Blaziken, M|
|poke|p1|Cobalion|
|poke|p1|Great Tusk|
|poke|p1|Kommo-o, M|
|poke|p1|Quaquaval, M|
|poke|p1|Zamazenta-*|
|poke|p2|Pecharunt|
|poke|p2|Ting-Lu|
|poke|p2|Alomomola, M|
|poke|p2|Clefable, F|
|poke|p2|Ogerpon-Wellspring, F|
|poke|p2|Raging Bolt|
|teampreview
|inactive|Battle timer is ON: inactive players will automatically lose when time's up. (requested by FUCK THE FISH)
|inactive|FUCK THE FISH has 120 seconds left.
|
|t:|1779869301
|teamsize|p1|6
|teamsize|p2|6
|start
|switch|p1a: Cobalion|Cobalion|100/100
|switch|p2a: Ogerpon|Ogerpon-Wellspring, F|100/100
|turn|1
|
|t:|1779869308
|move|p2a: Ogerpon|Ivy Cudgel|p1a: Cobalion|[anim] Ivy Cudgel Water
|-damage|p1a: Cobalion|53/100
|move|p1a: Cobalion|Thunder Wave|p2a: Ogerpon|[miss]
|-miss|p1a: Cobalion|p2a: Ogerpon
|
|upkeep
|turn|2
|
|t:|1779869314
|move|p2a: Ogerpon|U-turn|p1a: Cobalion
|-resisted|p1a: Cobalion
|-damage|p1a: Cobalion|48/100
|
|t:|1779869318
|switch|p2a: Raging Bolt|Raging Bolt|100/100|[from] U-turn
|move|p1a: Cobalion|Thunder Wave|p2a: Raging Bolt|[miss]
|-miss|p1a: Cobalion|p2a: Raging Bolt
|
|upkeep
|turn|3
|
|t:|1779869326
|move|p2a: Raging Bolt|Thunderclap|p1a: Cobalion
|-damage|p1a: Cobalion|0 fnt
|faint|p1a: Cobalion
|
|upkeep
|
|t:|1779869341
|switch|p1a: Great Tusk|Great Tusk|100/100
|turn|4
|
|t:|1779869351
|-end|p2a: Raging Bolt|Protosynthesis|[silent]
|switch|p2a: Ogerpon|Ogerpon-Wellspring, F|100/100
|move|p1a: Great Tusk|Knock Off|p2a: Ogerpon
|-damage|p2a: Ogerpon|73/100
|
|upkeep
|turn|5
|
|t:|1779869364
|move|p2a: Ogerpon|Power Whip|p1a: Great Tusk|[miss]
|-miss|p2a: Ogerpon|p1a: Great Tusk
|move|p1a: Great Tusk|Stealth Rock|p2a: Ogerpon
|-sidestart|p2: FUCK THE FISH|move: Stealth Rock
|
|upkeep
|turn|6
|
|t:|1779869370
|-end|p1a: Great Tusk|Protosynthesis|[silent]
|switch|p1a: Zamazenta|Zamazenta|100/100
|-ability|p1a: Zamazenta|Dauntless Shield|boost
|-boost|p1a: Zamazenta|def|1
|move|p2a: Ogerpon|Ivy Cudgel|p1a: Zamazenta|[anim] Ivy Cudgel Water
|-damage|p1a: Zamazenta|68/100
|
|-heal|p1a: Zamazenta|74/100|[from] item: Leftovers
|upkeep
|turn|7
|
|t:|1779869375
|switch|p2a: Pecharunt|Pecharunt|100/100
|move|p1a: Zamazenta|Iron Defense|p1a: Zamazenta
|-boost|p1a: Zamazenta|def|2
|
|-heal|p1a: Zamazenta|80/100|[from] item: Leftovers
|upkeep
|turn|8
|
|t:|1779869379
|move|p1a: Zamazenta|Substitute|p1a: Zamazenta
|-start|p1a: Zamazenta|Substitute
|-damage|p1a: Zamazenta|55/100
|move|p2a: Pecharunt|Malignant Chain|p1a: Zamazenta
|-end|p1a: Zamazenta|Substitute
|
|-heal|p1a: Zamazenta|61/100|[from] item: Leftovers
|upkeep
|turn|9
|
|t:|1779869388
|move|p1a: Zamazenta|Substitute|p1a: Zamazenta
|-start|p1a: Zamazenta|Substitute
|-damage|p1a: Zamazenta|37/100
|move|p2a: Pecharunt|Malignant Chain|p1a: Zamazenta
|-end|p1a: Zamazenta|Substitute
|
|-heal|p1a: Zamazenta|43/100|[from] item: Leftovers
|upkeep
|turn|10
|
|t:|1779869401
|switch|p1a: Great Tusk|Great Tusk|100/100
|move|p2a: Pecharunt|Malignant Chain|p1a: Great Tusk
|-resisted|p1a: Great Tusk
|-damage|p1a: Great Tusk|76/100
|-status|p1a: Great Tusk|tox
|-start|p1a: Great Tusk|confusion|[from] ability: Poison Puppeteer|[of] p2a: Pecharunt
|
|-heal|p1a: Great Tusk|82/100 tox|[from] item: Leftovers
|-damage|p1a: Great Tusk|76/100 tox|[from] psn
|upkeep
|turn|11
|
|t:|1779869414
|-activate|p1a: Great Tusk|confusion
|move|p1a: Great Tusk|Stealth Rock||[still]
|-fail|p1a: Great Tusk
|move|p2a: Pecharunt|Parting Shot|p1a: Great Tusk
|-unboost|p1a: Great Tusk|atk|1
|-unboost|p1a: Great Tusk|spa|1
|
|t:|1779869429
|switch|p2a: Ogerpon|Ogerpon-Wellspring, F|73/100|[from] Parting Shot
|-damage|p2a: Ogerpon|60/100|[from] Stealth Rock
|
|-heal|p1a: Great Tusk|82/100 tox|[from] item: Leftovers
|-damage|p1a: Great Tusk|70/100 tox|[from] psn
|upkeep
|turn|12
|
|t:|1779869433
|move|p2a: Ogerpon|Ivy Cudgel|p1a: Great Tusk|[anim] Ivy Cudgel Water
|-supereffective|p1a: Great Tusk
|-damage|p1a: Great Tusk|0 fnt
|faint|p1a: Great Tusk
|-end|p1a: Great Tusk|Protosynthesis|[silent]
|
|upkeep
|
|t:|1779869444
|switch|p1a: Kommo-o|Kommo-o, M|100/100
|turn|13
|
|t:|1779869447
|move|p2a: Ogerpon|U-turn|p1a: Kommo-o
|-resisted|p1a: Kommo-o
|-damage|p1a: Kommo-o|87/100
|
|t:|1779869449
|switch|p2a: Clefable|Clefable, F|100/100|[from] U-turn
|move|p1a: Kommo-o|Clangorous Soul|p1a: Kommo-o
|-boost|p1a: Kommo-o|atk|1
|-boost|p1a: Kommo-o|def|1
|-boost|p1a: Kommo-o|spa|1
|-boost|p1a: Kommo-o|spd|1
|-boost|p1a: Kommo-o|spe|1
|-damage|p1a: Kommo-o|54/100
|-enditem|p1a: Kommo-o|Throat Spray
|-boost|p1a: Kommo-o|spa|1|[from] item: Throat Spray
|
|upkeep
|turn|14
|
|t:|1779869454
|move|p1a: Kommo-o|Flamethrower|p2a: Clefable
|-damage|p2a: Clefable|66/100
|move|p2a: Clefable|Moonblast|p1a: Kommo-o
|-supereffective|p1a: Kommo-o
|-damage|p1a: Kommo-o|0 fnt
|faint|p1a: Kommo-o
|
|-heal|p2a: Clefable|73/100|[from] item: Leftovers
|upkeep
|
|t:|1779869460
|switch|p1a: Blaziken|Blaziken, M|100/100
|turn|15
|
|t:|1779869483
|switch|p2a: Alomomola|Alomomola, M|100/100
|move|p1a: Blaziken|Substitute|p1a: Blaziken
|-start|p1a: Blaziken|Substitute
|-damage|p1a: Blaziken|76/100
|
|-ability|p1a: Blaziken|Speed Boost|boost
|-boost|p1a: Blaziken|spe|1
|upkeep
|turn|16
|
|t:|1779869492
|move|p1a: Blaziken|Swords Dance|p1a: Blaziken
|-boost|p1a: Blaziken|atk|2
|move|p2a: Alomomola|Scald|p1a: Blaziken
|-supereffective|p1a: Blaziken
|-end|p1a: Blaziken|Substitute
|
|-ability|p1a: Blaziken|Speed Boost|boost
|-boost|p1a: Blaziken|spe|1
|upkeep
|turn|17
|
|t:|1779869498
|move|p1a: Blaziken|Close Combat|p2a: Alomomola
|-damage|p2a: Alomomola|35/100
|-unboost|p1a: Blaziken|def|1
|-unboost|p1a: Blaziken|spd|1
|move|p2a: Alomomola|Scald|p1a: Blaziken
|-supereffective|p1a: Blaziken
|-damage|p1a: Blaziken|19/100
|
|-ability|p1a: Blaziken|Speed Boost|boost
|-boost|p1a: Blaziken|spe|1
|upkeep
|turn|18
|
|t:|1779869511
|-terastallize|p2a: Alomomola|Ghost
|move|p1a: Blaziken|Close Combat|p2a: Alomomola
|-immune|p2a: Alomomola
|move|p2a: Alomomola|Flip Turn|p1a: Blaziken
|-supereffective|p1a: Blaziken
|-damage|p1a: Blaziken|0 fnt
|faint|p1a: Blaziken
|
|t:|1779869517
|switch|p2a: Pecharunt|Pecharunt|100/100|[from] Flip Turn
|
|upkeep
|
|t:|1779869521
|switch|p1a: Quaquaval|Quaquaval, M|100/100
|turn|19
|
|t:|1779869523
|move|p1a: Quaquaval|Aqua Step|p2a: Pecharunt
|-damage|p2a: Pecharunt|77/100
|-boost|p1a: Quaquaval|spe|1
|-damage|p1a: Quaquaval|91/100|[from] item: Life Orb
|move|p2a: Pecharunt|Malignant Chain|p1a: Quaquaval
|-damage|p1a: Quaquaval|44/100
|-status|p1a: Quaquaval|tox
|-start|p1a: Quaquaval|confusion|[from] ability: Poison Puppeteer|[of] p2a: Pecharunt
|
|-damage|p1a: Quaquaval|38/100 tox|[from] psn
|upkeep
|turn|20
|-message|Iori255 forfeited.
|
|win|FUCK THE FISH
|raw|Iori255's rating: 1150 &rarr; <strong>1124</strong><br />(-26 for losing)
|raw|FUCK THE FISH's rating: 1135 &rarr; <strong>1161</strong><br />(+26 for winning)
|l|☆Iori255
|player|p1|
|l|☆FUCK THE FISH
|player|p2|
