|j|☆Witherfan
|j|☆vulpix bot
|t:|1779875550
|gametype|singles
|player|p1|Witherfan|falkner|1487
|player|p2|vulpix bot|parasollady|1532
|gen|9
|tier|[Gen 9] OU
|rated|
|rule|HP Percentage Mod: HP is shown in percentages
|rule|Endless Battle Clause: Forcing endless battles is banned
|rule|Species Clause: Limit one of each Pokémon
|rule|OHKO Clause: OHKO moves are banned
|rule|Evasion Items Clause: Evasion items are banned
|rule|Evasion Moves Clause: Evasion moves are banned
|rule|Evasion Abilities Clause: Evasion abilities are banned
|rule|Sleep Moves Clause: Sleep-inducing moves are banned
|clearpoke
|poke|p1|Weezing-Galar, M|
|poke|p1|Ogerpon, F|
|poke|p1|Skarmory, M|
|poke|p1|Alomomola, M|
|poke|p1|Clodsire, M|
|poke|p1|Hydreigon, M|
|poke|p2|Dondozo, F|
|poke|p2|Blissey, F|
|poke|p2|Gliscor, F|
|poke|p2|Toxapex, F|
|poke|p2|Mandibuzz, F|
|poke|p2|Talonflame, F|
|teampreview
|inactive|Battle timer is ON: inactive players will automatically lose when time's up. (requested by vulpix bot)
|
|t:|1779875566
|teamsize|p1|6
|teamsize|p2|6
|start
|switch|p1a: Skarmory|Skarmory, M, shiny|100/100
|switch|p2a: Gliscor|Gliscor, F|100/100
|turn|1
|j| lord shiddenfards
|
|t:|1779875594
|move|p2a: Gliscor|Knock Off|p1a: Skarmory
|-damage|p1a: Skarmory|88/100
|-damage|p2a: Gliscor|84/100|[from] item: Rocky Helmet|[of] p1a: Skarmory
|-enditem|p1a: Skarmory|Rocky Helmet|[from] move: Knock Off|[of] p2a: Gliscor
|move|p1a: Skarmory|Taunt|p2a: Gliscor
|-start|p2a: Gliscor|move: Taunt
|
|-status|p2a: Gliscor|tox|[from] item: Toxic Orb
|upkeep
|turn|2
|
|t:|1779875603
|switch|p2a: Talonflame|Talonflame, F|100/100
|move|p1a: Skarmory|Spikes|p2a: Talonflame
|-sidestart|p2: vulpix bot|Spikes
|
|upkeep
|turn|3
|
|t:|1779875610
|switch|p1a: Alomomola|Alomomola, M, shiny|100/100
|move|p2a: Talonflame|Will-O-Wisp|p1a: Alomomola
|-status|p1a: Alomomola|brn
|
|-damage|p1a: Alomomola|94/100 brn|[from] brn
|upkeep
|turn|4
|
|t:|1779875617
|move|p2a: Talonflame|Defog|p1a: Alomomola
|-unboost|p1a: Alomomola|evasion|1
|-sideend|p2: vulpix bot|Spikes|[from] move: Defog|[of] p2a: Talonflame
|move|p1a: Alomomola|Flip Turn|p2a: Talonflame
|-supereffective|p2a: Talonflame
|-damage|p2a: Talonflame|85/100
|j| Fuse030808
|l| lord shiddenfards
|
|t:|1779875646
|switch|p1a: Ogerpon|Ogerpon, F|100/100|[from] Flip Turn
|
|upkeep
|turn|5
|
|t:|1779875650
|-terastallize|p1a: Ogerpon|Grass
|detailschange|p1a: Ogerpon|Ogerpon-Teal-Tera, F, tera:Grass
|-ability|p1a: Ogerpon|Embody Aspect (Teal)|boost
|-boost|p1a: Ogerpon|spe|1
|move|p1a: Ogerpon|Rock Tomb|p2a: Talonflame|[miss]
|-miss|p1a: Ogerpon|p2a: Talonflame
|move|p2a: Talonflame|Will-O-Wisp|p1a: Ogerpon
|-status|p1a: Ogerpon|brn
|
|-damage|p1a: Ogerpon|95/100 brn|[from] brn
|upkeep
|turn|6
|c|☆vulpix bot|mb
|-message|Witherfan forfeited.
|
|win|vulpix bot
|raw|Witherfan's rating: 1487 &rarr; <strong>1470</strong><br />(-17 for losing)
|raw|vulpix bot's rating: 1532 &rarr; <strong>1549</strong><br />(+17 for winning)
|l|☆Witherfan
|player|p1|
|l|☆vulpix bot
|player|p2|
|l| Fuse030808
