|j|☆Fireblaze343z
|j|☆JohnnyOregano
|t:|1779907255
|gametype|singles
|player|p1|Fireblaze343z|volkner-masters|1167
|player|p2|JohnnyOregano|lance-masters|1246
|gen|9
|tier|[Gen 9] OU
|rated|
|rule|HP Percentage Mod: HP is shown in percentages
|rule|Endless Battle Clause: Forcing endless battles is banned
|rule|Species Clause: Limit one of each Pokémon
|rule|OHKO Clause: OHKO moves are banned
|rule|Evasion Items Clause: Evasion items are banned
|rule|Evasion Moves Clause: Evasion moves are banned
|rule|Evasion Abilities Clause: Evasion abilities are banned
|rule|Sleep Moves Clause: Sleep-inducing moves are banned
|clearpoke
|poke|p1|Dusknoir, M|
|poke|p1|Metagross|
|poke|p1|Cinderace, F|
|poke|p1|Porygon2|
|poke|p1|Zoroark-Hisui, M|
|poke|p1|Ninetales-Alola, M|
|poke|p2|Kingambit, M|
|poke|p2|Dragonite, F|
|poke|p2|Regieleki|
|poke|p2|Ting-Lu|
|poke|p2|Landorus-Therian, M|
|poke|p2|Skeledirge, F|
|teampreview
|inactive|Battle timer is ON: inactive players will automatically lose when time's up. (requested by Fireblaze343z)
|inactive|Fireblaze343z has 120 seconds left.
|inactive|JohnnyOregano has 120 seconds left.
|
|t:|1779907295
|teamsize|p1|6
|teamsize|p2|6
|start
|switch|p1a: Floe|Ninetales-Alola, M, shiny|100/100
|switch|p2a: Regieleki|Regieleki|100/100
|-weather|Snowscape|[from] ability: Snow Warning|[of] p1a: Floe
|turn|1
|inactive|Fireblaze343z has 120 seconds left.
|
|t:|1779907352
|move|p2a: Regieleki|Volt Switch|p1a: Floe
|-damage|p1a: Floe|54/100
|
|t:|1779907357
|switch|p2a: Skeledirge|Skeledirge, F|100/100|[from] Volt Switch
|move|p1a: Floe|Aurora Veil|p1a: Floe
|-sidestart|p1: Fireblaze343z|move: Aurora Veil
|
|-weather|Snowscape|[upkeep]
|upkeep
|turn|2
|
|t:|1779907375
|switch|p1a: Dusk|Dusknoir, M|100/100
|-item|p2a: Skeledirge|Heavy-Duty Boots|[from] ability: Frisk|[of] p1a: Dusk
|move|p2a: Skeledirge|Will-O-Wisp|p1a: Dusk
|-status|p1a: Dusk|brn
|
|-weather|Snowscape|[upkeep]
|-damage|p1a: Dusk|94/100 brn|[from] brn
|upkeep
|turn|3
|
|t:|1779907381
|move|p2a: Skeledirge|Hex|p1a: Dusk
|-supereffective|p1a: Dusk
|-damage|p1a: Dusk|50/100 brn
|move|p1a: Dusk|Poltergeist|p2a: Skeledirge
|-activate|p2a: Skeledirge|move: Poltergeist|Heavy-Duty Boots
|-supereffective|p2a: Skeledirge
|-damage|p2a: Skeledirge|59/100
|
|-weather|Snowscape|[upkeep]
|-heal|p1a: Dusk|57/100 brn|[from] item: Leftovers
|-damage|p1a: Dusk|50/100 brn|[from] brn
|upkeep
|turn|4
|
|t:|1779907388
|move|p2a: Skeledirge|Slack Off|p2a: Skeledirge
|-heal|p2a: Skeledirge|100/100
|move|p1a: Dusk|Poltergeist|p2a: Skeledirge
|-activate|p2a: Skeledirge|move: Poltergeist|Heavy-Duty Boots
|-supereffective|p2a: Skeledirge
|-crit|p2a: Skeledirge
|-damage|p2a: Skeledirge|46/100
|
|-weather|Snowscape|[upkeep]
|-heal|p1a: Dusk|57/100 brn|[from] item: Leftovers
|-damage|p1a: Dusk|50/100 brn|[from] brn
|upkeep
|turn|5
|
|t:|1779907395
|move|p2a: Skeledirge|Slack Off|p2a: Skeledirge
|-heal|p2a: Skeledirge|96/100
|move|p1a: Dusk|Poltergeist|p2a: Skeledirge
|-activate|p2a: Skeledirge|move: Poltergeist|Heavy-Duty Boots
|-supereffective|p2a: Skeledirge
|-damage|p2a: Skeledirge|55/100
|
|-weather|none
|-heal|p1a: Dusk|57/100 brn|[from] item: Leftovers
|-damage|p1a: Dusk|50/100 brn|[from] brn
|upkeep
|turn|6
|
|t:|1779907401
|move|p2a: Skeledirge|Slack Off|p2a: Skeledirge
|-heal|p2a: Skeledirge|100/100
|move|p1a: Dusk|Poltergeist|p2a: Skeledirge
|-activate|p2a: Skeledirge|move: Poltergeist|Heavy-Duty Boots
|-supereffective|p2a: Skeledirge
|-damage|p2a: Skeledirge|59/100
|
|-heal|p1a: Dusk|57/100 brn|[from] item: Leftovers
|-damage|p1a: Dusk|50/100 brn|[from] brn
|upkeep
|turn|7
|
|t:|1779907409
|move|p2a: Skeledirge|Slack Off|p2a: Skeledirge
|-heal|p2a: Skeledirge|100/100
|move|p1a: Dusk|Poltergeist|p2a: Skeledirge
|-activate|p2a: Skeledirge|move: Poltergeist|Heavy-Duty Boots
|-supereffective|p2a: Skeledirge
|-damage|p2a: Skeledirge|63/100
|
|-heal|p1a: Dusk|57/100 brn|[from] item: Leftovers
|-damage|p1a: Dusk|50/100 brn|[from] brn
|upkeep
|turn|8
|
|t:|1779907413
|move|p2a: Skeledirge|Hex|p1a: Dusk
|-supereffective|p1a: Dusk
|-damage|p1a: Dusk|9/100 brn
|move|p1a: Dusk|Poltergeist|p2a: Skeledirge
|-activate|p2a: Skeledirge|move: Poltergeist|Heavy-Duty Boots
|-supereffective|p2a: Skeledirge
|-damage|p2a: Skeledirge|25/100
|
|-heal|p1a: Dusk|15/100 brn|[from] item: Leftovers
|-damage|p1a: Dusk|9/100 brn|[from] brn
|-sideend|p1: Fireblaze343z|move: Aurora Veil
|upkeep
|turn|9
|
|t:|1779907420
|move|p1a: Dusk|Shadow Sneak|p2a: Skeledirge
|-supereffective|p2a: Skeledirge
|-damage|p2a: Skeledirge|9/100
|move|p2a: Skeledirge|Slack Off|p2a: Skeledirge
|-heal|p2a: Skeledirge|59/100
|
|-heal|p1a: Dusk|15/100 brn|[from] item: Leftovers
|-damage|p1a: Dusk|9/100 brn|[from] brn
|upkeep
|turn|10
|
|t:|1779907425
|move|p2a: Skeledirge|Slack Off|p2a: Skeledirge
|-heal|p2a: Skeledirge|100/100
|move|p1a: Dusk|Poltergeist|p2a: Skeledirge
|-activate|p2a: Skeledirge|move: Poltergeist|Heavy-Duty Boots
|-supereffective|p2a: Skeledirge
|-damage|p2a: Skeledirge|58/100
|
|-heal|p1a: Dusk|15/100 brn|[from] item: Leftovers
|-damage|p1a: Dusk|9/100 brn|[from] brn
|upkeep
|turn|11
|
|t:|1779907436
|move|p2a: Skeledirge|Torch Song|p1a: Dusk
|-damage|p1a: Dusk|0 fnt
|-boost|p2a: Skeledirge|spa|1
|faint|p1a: Dusk
|
|upkeep
|
|t:|1779907442
|switch|p1a: Cinderace|Cinderace, F|100/100
|turn|12
|
|t:|1779907456
|move|p1a: Cinderace|Shadow Ball|p2a: Skeledirge
|-supereffective|p2a: Skeledirge
|-damage|p2a: Skeledirge|0 fnt
|faint|p2a: Skeledirge
|
|upkeep
|
|t:|1779907461
|switch|p2a: Regieleki|Regieleki|100/100
|turn|13
|
|t:|1779907481
|switch|p1a: Lord Cross|Metagross, shiny|100/100
|-terastallize|p2a: Regieleki|Electric
|move|p2a: Regieleki|Thunderbolt|p1a: Lord Cross
|-damage|p1a: Lord Cross|22/100
|
|-heal|p1a: Lord Cross|29/100|[from] item: Leftovers
|upkeep
|turn|14
|
|t:|1779907490
|move|p1a: Lord Cross|Bullet Punch|p2a: Regieleki
|-resisted|p2a: Regieleki
|-damage|p2a: Regieleki|74/100
|move|p2a: Regieleki|Thunderbolt|p1a: Lord Cross
|-damage|p1a: Lord Cross|0 fnt
|faint|p1a: Lord Cross
|
|upkeep
|
|t:|1779907506
|switch|p1a: Driver|Porygon2|100/100
|turn|15
|
|t:|1779907519
|move|p2a: Regieleki|Volt Switch|p1a: Driver
|-damage|p1a: Driver|60/100
|
|t:|1779907522
|switch|p2a: Landorus|Landorus-Therian, M|100/100|[from] Volt Switch
|-ability|p2a: Landorus|Intimidate|boost
|-unboost|p1a: Driver|atk|1
|move|p1a: Driver|Tri Attack|p2a: Landorus
|-damage|p2a: Landorus|37/100
|
|upkeep
|turn|16
|
|t:|1779907532
|move|p2a: Landorus|Earthquake|p1a: Driver
|-damage|p1a: Driver|22/100
|move|p1a: Driver|Tri Attack|p2a: Landorus
|-damage|p2a: Landorus|0 fnt
|faint|p2a: Landorus
|
|upkeep
|
|t:|1779907535
|switch|p2a: Ting-Lu|Ting-Lu|100/100
|-ability|p2a: Ting-Lu|Vessel of Ruin
|turn|17
|
|t:|1779907542
|move|p1a: Driver|Recover|p1a: Driver
|-heal|p1a: Driver|72/100
|move|p2a: Ting-Lu|Earthquake|p1a: Driver
|-damage|p1a: Driver|47/100
|
|upkeep
|turn|18
|
|t:|1779907556
|move|p1a: Driver|Recover|p1a: Driver
|-heal|p1a: Driver|97/100
|move|p2a: Ting-Lu|Whirlwind|p1a: Driver
|drag|p1a: Cinderace|Cinderace, F|100/100
|
|upkeep
|turn|19
|
|t:|1779907570
|move|p1a: Cinderace|High Jump Kick|p2a: Ting-Lu
|-start|p1a: Cinderace|typechange|Fighting|[from] ability: Libero
|-supereffective|p2a: Ting-Lu
|-damage|p2a: Ting-Lu|48/100
|move|p2a: Ting-Lu|Earthquake|p1a: Cinderace
|-damage|p1a: Cinderace|43/100
|
|-heal|p2a: Ting-Lu|54/100|[from] item: Leftovers
|upkeep
|turn|20
|
|t:|1779907583
|move|p1a: Cinderace|U-turn|p2a: Ting-Lu
|-supereffective|p2a: Ting-Lu
|-damage|p2a: Ting-Lu|35/100
|
|t:|1779907588
|switch|p1a: Driver|Porygon2|97/100|[from] U-turn
|move|p2a: Ting-Lu|Earthquake|p1a: Driver
|-damage|p1a: Driver|71/100
|
|-heal|p2a: Ting-Lu|41/100|[from] item: Leftovers
|upkeep
|turn|21
|
|t:|1779907596
|move|p1a: Driver|Tri Attack|p2a: Ting-Lu
|-damage|p2a: Ting-Lu|19/100
|move|p2a: Ting-Lu|Ruination|p1a: Driver
|-damage|p1a: Driver|36/100
|
|-heal|p2a: Ting-Lu|25/100|[from] item: Leftovers
|upkeep
|turn|22
|c|☆Fireblaze343z|!dt vessel of ruin
|c|☆Fireblaze343z|/raw <ul class="utilichart"><li class="result"><span class="col namecol"><a href="https://dex.pokemonshowdown.com/abilities/vesselofruin">Vessel of Ruin</a></span> <span class="col abilitydesccol">Active Pokemon without this Ability have their Special Attack multiplied by 0.75.</span> </li><li style="clear:both"></li></ul>
|c|☆Fireblaze343z|/raw <font size="1"><font color="#686868">Gen:</font> 9</font>

|
|t:|1779907604
|move|p1a: Driver|Recover|p1a: Driver
|-heal|p1a: Driver|86/100
|move|p2a: Ting-Lu|Ruination|p1a: Driver
|-damage|p1a: Driver|43/100
|
|-heal|p2a: Ting-Lu|31/100|[from] item: Leftovers
|upkeep
|turn|23
|
|t:|1779907613
|move|p1a: Driver|Tri Attack|p2a: Ting-Lu
|-damage|p2a: Ting-Lu|9/100
|move|p2a: Ting-Lu|Spikes|p1a: Driver
|-sidestart|p1: Fireblaze343z|Spikes
|
|-heal|p2a: Ting-Lu|15/100|[from] item: Leftovers
|upkeep
|turn|24
|
|t:|1779907619
|move|p1a: Driver|Tri Attack|p2a: Ting-Lu
|-damage|p2a: Ting-Lu|0 fnt
|faint|p2a: Ting-Lu
|
|upkeep
|c|☆Fireblaze343z|!dt ting lu
|c|☆Fireblaze343z|/raw <div class="message"><ul class="utilichart"><li class="result"><span class="col numcol">OU</span> <span class="col iconcol"><psicon pokemon="tinglu"/></span> <span class="col pokemonnamecol" style="white-space:nowrap"><a href="https://dex.pokemonshowdown.com/pokemon/tinglu" target="_blank">Ting-Lu</a></span> <span class="col typecol"><img src="https://play.pokemonshowdown.com/sprites/types/Dark.png" alt="Dark" height="14" width="32"><img src="https://play.pokemonshowdown.com/sprites/types/Ground.png" alt="Ground" height="14" width="32"></span> <span style="float:left;min-height:26px"><span class="col abilitycol">Vessel of Ruin</span><span class="col abilitycol"></span></span><span style="float:left;min-height:26px"><span class="col statcol"><em>HP</em><br />155</span> <span class="col statcol"><em>Atk</em><br />110</span> <span class="col statcol"><em>Def</em><br />125</span> <span class="col statcol"><em>SpA</em><br />55</span> <span class="col statcol"><em>SpD</em><br />80</span> <span class="col statcol"><em>Spe</em><br />45</span> <span class="col bstcol"><em>BST<br />570</em></span> </span></li><li style="clear:both"></li></ul></div>
|c|☆Fireblaze343z|/raw <font size="1"><font color="#686868">Dex#:</font> 1003&nbsp;|&ThickSpace;<font color="#686868">Gen:</font> 9&nbsp;|&ThickSpace;<font color="#686868">Height:</font> 2.7 m&nbsp;|&ThickSpace;<font color="#686868">Weight:</font> 699.7 kg <em>(120 BP)</em>&nbsp;|&ThickSpace;<font color="#686868">Dex Colour:</font> Brown&nbsp;|&ThickSpace;<font color="#686868">Egg Group(s):</font> Undiscovered&nbsp;|&ThickSpace;<font color="#686868">Does Not Evolve</font></font>

|
|t:|1779907628
|switch|p2a: Regieleki|Regieleki, tera:Electric|74/100
|turn|25
|
|t:|1779907636
|move|p2a: Regieleki|Thunderbolt|p1a: Driver
|-damage|p1a: Driver|0 fnt
|faint|p1a: Driver
|
|upkeep
|
|t:|1779907639
|switch|p1a: Floe|Ninetales-Alola, M, shiny|54/100
|-damage|p1a: Floe|42/100|[from] Spikes
|-weather|Snowscape|[from] ability: Snow Warning|[of] p1a: Floe
|turn|26
|
|t:|1779907659
|move|p2a: Regieleki|Thunderbolt|p1a: Floe
|-damage|p1a: Floe|0 fnt
|faint|p1a: Floe
|
|-weather|Snowscape|[upkeep]
|upkeep
|-message|Fireblaze343z forfeited.
|
|win|JohnnyOregano
|raw|Fireblaze343z's rating: 1167 &rarr; <strong>1148</strong><br />(-19 for losing)
|raw|JohnnyOregano's rating: 1246 &rarr; <strong>1265</strong><br />(+19 for winning)
|l|☆Fireblaze343z
|player|p1|
