|j|☆A05236
|j|☆Abyssal Bot
|t:|1779822697
|gametype|singles
|player|p1|A05236|265|
|player|p2|Abyssal Bot|supernerd|
|teamsize|p1|6
|teamsize|p2|6
|gen|9
|tier|[Gen 9] OU
|rule|Species Clause: Limit one of each Pokémon
|rule|OHKO Clause: OHKO moves are banned
|rule|Evasion Items Clause: Evasion items are banned
|rule|Evasion Moves Clause: Evasion moves are banned
|rule|Endless Battle Clause: Forcing endless battles is banned
|rule|HP Percentage Mod: HP is shown in percentages
|rule|Sleep Moves Clause: Sleep-inducing moves are banned
|clearpoke
|poke|p1|Empoleon, F|
|poke|p1|Muk, F|
|poke|p1|Salamence, M|
|poke|p1|Rhydon, M|
|poke|p1|Landorus-Therian, M|
|poke|p1|Torkoal, M|
|poke|p2|Dragapult, M|
|poke|p2|Primarina, F|
|poke|p2|Iron Crown|
|poke|p2|Samurott-Hisui, M|
|poke|p2|Kingambit, F|
|poke|p2|Landorus-Therian, M|
|teampreview
|c|☆Abyssal Bot|**WARNING**: Expect much hax.
|inactive|Battle timer is ON: inactive players will automatically lose when time's up. (requested by Abyssal Bot)
|j|*Turbo Bottttt
|
|t:|1779822700
|start
|switch|p1a: Empoleon|Empoleon, F|100/100
|switch|p2a: Primarina|Primarina, F|100/100
|turn|1
|
|t:|1779822704
|switch|p2a: Samurott|Samurott-Hisui, M|100/100
|move|p1a: Empoleon|Swords Dance|p1a: Empoleon
|-boost|p1a: Empoleon|atk|2
|
|upkeep
|turn|2
|
|t:|1779822709
|move|p2a: Samurott|Knock Off|p1a: Empoleon
|-damage|p1a: Empoleon|49/100
|-enditem|p1a: Empoleon|Life Orb|[from] move: Knock Off|[of] p2a: Samurott
|move|p1a: Empoleon|Hydro Pump|p2a: Samurott
|-resisted|p2a: Samurott
|-damage|p2a: Samurott|67/100
|
|upkeep
|turn|3
|
|t:|1779822715
|move|p2a: Samurott|Ceaseless Edge|p1a: Empoleon
|-damage|p1a: Empoleon|0
|-sidestart|p1: A05236|Spikes
|faint|p1a: Empoleon
|
|upkeep
|
|t:|1779822722
|switch|p1a: Salamence|Salamence, M|100/100
|turn|4
|
|t:|1779822726
|switch|p2a: Primarina|Primarina, F|100/100
|move|p1a: Salamence|Earthquake|p2a: Primarina
|-damage|p2a: Primarina|59/100
|
|upkeep
|turn|5
|
|t:|1779822745
|move|p1a: Salamence|Iron Head|p2a: Primarina
|-damage|p2a: Primarina|22/100
|cant|p2a: Primarina|flinch
|
|upkeep
|turn|6
|
|t:|1779822747
|move|p1a: Salamence|Earthquake|p2a: Primarina
|-damage|p2a: Primarina|0
|faint|p2a: Primarina
|-ability|p1a: Salamence|Moxie|boost
|-boost|p1a: Salamence|atk|1
|
|upkeep
|
|t:|1779822748
|switch|p2a: Iron Crown|Iron Crown|100/100
|turn|7
|
|t:|1779822750
|move|p1a: Salamence|Dragon Dance|p1a: Salamence
|-boost|p1a: Salamence|atk|1
|-boost|p1a: Salamence|spe|1
|move|p2a: Iron Crown|Future Sight|p1a: Salamence
|-start|p2a: Iron Crown|move: Future Sight
|
|upkeep
|turn|8
|
|t:|1779822751
|move|p1a: Salamence|Earthquake|p2a: Iron Crown
|-supereffective|p2a: Iron Crown
|-damage|p2a: Iron Crown|0
|faint|p2a: Iron Crown
|-end|p2a: Iron Crown|Quark Drive|[silent]
|-ability|p1a: Salamence|Moxie|boost
|-boost|p1a: Salamence|atk|1
|
|upkeep
|
|t:|1779822752
|switch|p2a: Kingambit|Kingambit, F|100/100
|-activate|p2a: Kingambit|ability: Supreme Overlord
|-start|p2a: Kingambit|fallen2|[silent]
|turn|9
|
|t:|1779822754
|move|p1a: Salamence|Earthquake|p2a: Kingambit
|-supereffective|p2a: Kingambit
|-damage|p2a: Kingambit|0
|faint|p2a: Kingambit
|-end|p2a: Kingambit|fallen2|[silent]
|-ability|p1a: Salamence|Moxie|boost
|-boost|p1a: Salamence|atk|1
|
|-end|p1a: Salamence|move: Future Sight
|-damage|p1a: Salamence|27/100
|upkeep
|
|t:|1779822754
|switch|p2a: Samurott|Samurott-Hisui, M|67/100
|turn|10
|
|t:|1779822757
|move|p1a: Salamence|Outrage|p2a: Samurott
|-damage|p2a: Samurott|0
|faint|p2a: Samurott
|-ability|p1a: Salamence|Moxie|boost
|-boost|p1a: Salamence|atk|1
|
|upkeep
|
|t:|1779822757
|switch|p2a: Landorus|Landorus-Therian, M|100/100
|-ability|p2a: Landorus|Intimidate|boost
|-unboost|p1a: Salamence|atk|1
|turn|11
|
|t:|1779822761
|move|p1a: Salamence|Outrage|p2a: Landorus|[from]lockedmove
|-damage|p2a: Landorus|0
|-damage|p1a: Salamence|10/100|[from] item: Rocky Helmet|[of] p2a: Landorus
|faint|p2a: Landorus
|-ability|p1a: Salamence|Moxie|boost
|-boost|p1a: Salamence|atk|1
|
|upkeep
|
|t:|1779822761
|switch|p2a: Dragapult|Dragapult, M, shiny|100/100
|turn|12
|
|t:|1779822765
|move|p1a: Salamence|Outrage|p2a: Dragapult|[from]lockedmove
|-supereffective|p2a: Dragapult
|-damage|p2a: Dragapult|0
|faint|p2a: Dragapult
|-start|p1a: Salamence|confusion|[fatigue]
|
|win|A05236
|c|☆Abyssal Bot|Oh, I lost. Good Game.
|l|☆Abyssal Bot
|player|p2|
|l|*Turbo Bottttt
