|j|☆fifodrummer
|j|☆uniandes5
|t:|1779959698
|gametype|singles
|player|p1|fifodrummer|pokemaniac|1486
|player|p2|uniandes5|2|1579
|gen|9
|tier|[Gen 9] OU
|rated|
|rule|HP Percentage Mod: HP is shown in percentages
|rule|Endless Battle Clause: Forcing endless battles is banned
|rule|Species Clause: Limit one of each Pokémon
|rule|OHKO Clause: OHKO moves are banned
|rule|Evasion Items Clause: Evasion items are banned
|rule|Evasion Moves Clause: Evasion moves are banned
|rule|Evasion Abilities Clause: Evasion abilities are banned
|rule|Sleep Moves Clause: Sleep-inducing moves are banned
|clearpoke
|poke|p1|Pelipper, M|
|poke|p1|Raging Bolt|
|poke|p1|Overqwil, M|
|poke|p1|Ogerpon-Wellspring, F|
|poke|p1|Scizor, M|
|poke|p1|Kingdra, F|
|poke|p2|Grimmsnarl, M|
|poke|p2|Latias, F|
|poke|p2|Tinkaton, F|
|poke|p2|Volcanion|
|poke|p2|Mew|
|poke|p2|Dragapult, F|
|teampreview
|inactive|Battle timer is ON: inactive players will automatically lose when time's up. (requested by fifodrummer)
|inactive|uniandes5 has 120 seconds left.
|
|t:|1779959739
|teamsize|p1|6
|teamsize|p2|6
|start
|switch|p1a: High AF|Raging Bolt|100/100
|switch|p2a: Dragapult|Dragapult, F|100/100
|turn|1
|
|t:|1779959759
|-end|p1a: High AF|Protosynthesis|[silent]
|switch|p1a: Iron Claw|Scizor, M, shiny|100/100
|switch|p2a: Grimmsnarl|Grimmsnarl, M|100/100
|
|upkeep
|turn|2
|
|t:|1779959765
|move|p2a: Grimmsnarl|Reflect|p2a: Grimmsnarl
|-sidestart|p2: uniandes5|Reflect
|move|p1a: Iron Claw|Swords Dance|p1a: Iron Claw
|-boost|p1a: Iron Claw|atk|2
|
|upkeep
|turn|3
|
|t:|1779959773
|switch|p2a: Volcanion|Volcanion|100/100
|move|p1a: Iron Claw|Dual Wingbeat|p2a: Volcanion
|-damage|p2a: Volcanion|85/100
|-damage|p2a: Volcanion|68/100
|-hitcount|p2a: Volcanion|2
|
|upkeep
|turn|4
|
|t:|1779959783
|switch|p1a: High AF|Raging Bolt|100/100
|move|p2a: Volcanion|Steam Eruption|p1a: High AF
|-resisted|p1a: High AF
|-damage|p1a: High AF|72/100
|
|upkeep
|turn|5
|
|t:|1779959791
|switch|p2a: Grimmsnarl|Grimmsnarl, M|100/100
|move|p1a: High AF|Volt Switch|p2a: Grimmsnarl
|-damage|p2a: Grimmsnarl|69/100
|
|t:|1779959799
|-end|p1a: High AF|Protosynthesis|[silent]
|switch|p1a: Iron Claw|Scizor, M, shiny|100/100|[from] Volt Switch
|
|upkeep
|turn|6
|
|t:|1779959803
|switch|p2a: Mew|Mew|100/100
|move|p1a: Iron Claw|Defog|p2a: Mew
|-unboost|p2a: Mew|evasion|1
|-sideend|p2: uniandes5|Reflect
|
|upkeep
|turn|7
|
|t:|1779959810
|move|p2a: Mew|Dragon Dance|p2a: Mew
|-boost|p2a: Mew|atk|1
|-boost|p2a: Mew|spe|1
|move|p1a: Iron Claw|Swords Dance|p1a: Iron Claw
|-boost|p1a: Iron Claw|atk|2
|
|upkeep
|turn|8
|
|t:|1779959817
|move|p2a: Mew|Drain Punch|p1a: Iron Claw
|-damage|p1a: Iron Claw|73/100
|move|p1a: Iron Claw|Dual Wingbeat|p2a: Mew
|-damage|p2a: Mew|71/100
|-damage|p2a: Mew|41/100
|-hitcount|p2a: Mew|2
|
|upkeep
|turn|9
|
|t:|1779959825
|move|p1a: Iron Claw|Bullet Punch|p2a: Mew
|-damage|p2a: Mew|0 fnt
|faint|p2a: Mew
|
|upkeep
|
|t:|1779959828
|switch|p2a: Volcanion|Volcanion|68/100
|turn|10
|
|t:|1779959835
|-terastallize|p1a: Iron Claw|Water
|move|p2a: Volcanion|Flamethrower|p1a: Iron Claw
|-resisted|p1a: Iron Claw
|-damage|p1a: Iron Claw|40/100
|move|p1a: Iron Claw|Dual Wingbeat|p2a: Volcanion
|-damage|p2a: Volcanion|35/100
|-damage|p2a: Volcanion|4/100
|-hitcount|p2a: Volcanion|2
|
|upkeep
|turn|11
|
|t:|1779959845
|move|p1a: Iron Claw|Bullet Punch|p2a: Volcanion
|-resisted|p2a: Volcanion
|-damage|p2a: Volcanion|0 fnt
|faint|p2a: Volcanion
|
|upkeep
|
|t:|1779959847
|switch|p2a: Tinkaton|Tinkaton, F|100/100
|-ability|p2a: Tinkaton|Mold Breaker
|turn|12
|
|t:|1779959853
|move|p1a: Iron Claw|Bullet Punch|p2a: Tinkaton
|-damage|p2a: Tinkaton|26/100
|-enditem|p2a: Tinkaton|Red Card|[of] p1a: Iron Claw
|drag|p1a: Spike|Overqwil, M, shiny|100/100
|move|p2a: Tinkaton|Thunder Wave|p1a: Spike
|-status|p1a: Spike|par
|
|upkeep
|turn|13
|
|t:|1779959863
|move|p2a: Tinkaton|Knock Off|p1a: Spike
|-resisted|p1a: Spike
|-damage|p1a: Spike|88/100 par
|-enditem|p1a: Spike|Life Orb|[from] move: Knock Off|[of] p2a: Tinkaton
|move|p1a: Spike|Liquidation|p2a: Tinkaton
|-damage|p2a: Tinkaton|0 fnt
|faint|p2a: Tinkaton
|
|upkeep
|
|t:|1779959874
|switch|p2a: Dragapult|Dragapult, F|100/100
|turn|14
|
|t:|1779959877
|move|p2a: Dragapult|Hex|p1a: Spike
|-resisted|p1a: Spike
|-damage|p1a: Spike|42/100 par
|move|p1a: Spike|Crunch|p2a: Dragapult
|-supereffective|p2a: Dragapult
|-damage|p2a: Dragapult|0 fnt
|faint|p2a: Dragapult
|
|upkeep
|
|t:|1779959882
|switch|p2a: Grimmsnarl|Grimmsnarl, M|69/100
|turn|15
|
|t:|1779959888
|move|p2a: Grimmsnarl|Reflect|p2a: Grimmsnarl
|-sidestart|p2: uniandes5|Reflect
|move|p1a: Spike|Poison Jab|p2a: Grimmsnarl
|-supereffective|p2a: Grimmsnarl
|-damage|p2a: Grimmsnarl|23/100
|-status|p2a: Grimmsnarl|psn
|
|-damage|p2a: Grimmsnarl|11/100 psn|[from] psn
|upkeep
|turn|16
|
|t:|1779959897
|move|p2a: Grimmsnarl|Light Screen|p2a: Grimmsnarl
|-sidestart|p2: uniandes5|move: Light Screen
|move|p1a: Spike|Crunch|p2a: Grimmsnarl
|-resisted|p2a: Grimmsnarl
|-damage|p2a: Grimmsnarl|6/100 psn
|
|-damage|p2a: Grimmsnarl|0 fnt|[from] psn
|faint|p2a: Grimmsnarl
|upkeep
|
|t:|1779959901
|switch|p2a: Latias|Latias, F|100/100
|turn|17
|
|t:|1779959908
|move|p2a: Latias|Calm Mind|p2a: Latias
|-boost|p2a: Latias|spa|1
|-boost|p2a: Latias|spd|1
|move|p1a: Spike|Poison Jab|p2a: Latias
|-crit|p2a: Latias
|-damage|p2a: Latias|57/100
|
|upkeep
|turn|18
|
|t:|1779959915
|move|p2a: Latias|Calm Mind|p2a: Latias
|-boost|p2a: Latias|spa|1
|-boost|p2a: Latias|spd|1
|cant|p1a: Spike|par
|
|upkeep
|turn|19
|
|t:|1779959920
|move|p2a: Latias|Calm Mind|p2a: Latias
|-boost|p2a: Latias|spa|1
|-boost|p2a: Latias|spd|1
|move|p1a: Spike|Crunch|p2a: Latias
|-supereffective|p2a: Latias
|-damage|p2a: Latias|27/100
|-unboost|p2a: Latias|def|1
|
|upkeep
|turn|20
|
|t:|1779959929
|move|p2a: Latias|Recover|p2a: Latias
|-heal|p2a: Latias|77/100
|cant|p1a: Spike|par
|
|upkeep
|turn|21
|
|t:|1779959935
|move|p2a: Latias|Aura Sphere|p1a: Spike
|-damage|p1a: Spike|0 fnt
|faint|p1a: Spike
|
|upkeep
|
|t:|1779959941
|switch|p1a: Nigel|Pelipper, M|100/100
|-weather|RainDance|[from] ability: Drizzle|[of] p1a: Nigel
|turn|22
|
|t:|1779959947
|move|p2a: Latias|Stored Power|p1a: Nigel
|-damage|p1a: Nigel|0 fnt
|faint|p1a: Nigel
|
|-weather|RainDance|[upkeep]
|-sideend|p2: uniandes5|Reflect
|upkeep
|
|t:|1779959958
|switch|p1a: The Mask|Ogerpon-Wellspring, F|100/100
|turn|23
|
|t:|1779959962
|move|p1a: The Mask|Ivy Cudgel|p2a: Latias|[anim] Ivy Cudgel Water
|-resisted|p2a: Latias
|-damage|p2a: Latias|27/100
|move|p2a: Latias|Stored Power|p1a: The Mask
|-damage|p1a: The Mask|0 fnt
|faint|p1a: The Mask
|
|-weather|RainDance|[upkeep]
|-sideend|p2: uniandes5|move: Light Screen
|upkeep
|
|t:|1779959979
|switch|p1a: Iron Claw|Scizor, M, shiny, tera:Water|40/100
|turn|24
|
|t:|1779959983
|move|p1a: Iron Claw|Bullet Punch|p2a: Latias
|-damage|p2a: Latias|0 fnt
|faint|p2a: Latias
|
|win|fifodrummer
|raw|fifodrummer's rating: 1486 &rarr; <strong>1511</strong><br />(+25 for winning)
|raw|uniandes5's rating: 1579 &rarr; <strong>1554</strong><br />(-25 for losing)
|l|☆uniandes5
|player|p2|
