|j|☆kitakami kitchen
|j|☆kvgreat1234567
|t:|1779943024
|gametype|singles
|player|p1|kitakami kitchen|roxie|1457
|player|p2|kvgreat1234567|102|1390
|gen|9
|tier|[Gen 9] OU
|rated|
|rule|HP Percentage Mod: HP is shown in percentages
|rule|Endless Battle Clause: Forcing endless battles is banned
|rule|Species Clause: Limit one of each Pokémon
|rule|OHKO Clause: OHKO moves are banned
|rule|Evasion Items Clause: Evasion items are banned
|rule|Evasion Moves Clause: Evasion moves are banned
|rule|Evasion Abilities Clause: Evasion abilities are banned
|rule|Sleep Moves Clause: Sleep-inducing moves are banned
|clearpoke
|poke|p1|Rillaboom, M|
|poke|p1|Hawlucha, F|
|poke|p1|Hatterene, F|
|poke|p1|Samurott-Hisui, F|
|poke|p1|Glimmora, F|
|poke|p1|Ogerpon-Wellspring, F|
|poke|p2|Blaziken, F|
|poke|p2|Zamazenta-*|
|poke|p2|Ogerpon-Wellspring, F|
|poke|p2|Iron Moth|
|poke|p2|Darkrai|
|poke|p2|Salamence, M|
|teampreview
|inactive|Battle timer is ON: inactive players will automatically lose when time's up. (requested by kvgreat1234567)
|
|t:|1779943052
|teamsize|p1|6
|teamsize|p2|6
|start
|switch|p1a: Glimmora|Glimmora, F|100/100
|switch|p2a: Ogerpon|Ogerpon-Wellspring, F|100/100
|turn|1
|
|t:|1779943061
|switch|p1a: Rillaboom|Rillaboom, M|100/100
|-fieldstart|move: Grassy Terrain|[from] ability: Grassy Surge|[of] p1a: Rillaboom
|move|p2a: Ogerpon|Ivy Cudgel|p1a: Rillaboom|[anim] Ivy Cudgel Water
|-resisted|p1a: Rillaboom
|-damage|p1a: Rillaboom|73/100
|
|-heal|p1a: Rillaboom|79/100|[from] Grassy Terrain
|upkeep
|turn|2
|
|t:|1779943074
|switch|p2a: Salamence|Salamence, M|100/100
|-ability|p2a: Salamence|Intimidate|boost
|-unboost|p1a: Rillaboom|atk|1
|move|p1a: Rillaboom|U-turn|p2a: Salamence
|-resisted|p2a: Salamence
|-damage|p2a: Salamence|90/100
|
|t:|1779943083
|switch|p1a: Hatterene|Hatterene, F|100/100|[from] U-turn
|-enditem|p1a: Hatterene|Grassy Seed
|-boost|p1a: Hatterene|def|1|[from] item: Grassy Seed
|
|upkeep
|turn|3
|
|t:|1779943095
|move|p2a: Salamence|Dual Wingbeat|p1a: Hatterene
|-damage|p1a: Hatterene|88/100
|-damage|p1a: Hatterene|75/100
|-hitcount|p1a: Hatterene|2
|move|p1a: Hatterene|Calm Mind|p1a: Hatterene
|-boost|p1a: Hatterene|spa|1
|-boost|p1a: Hatterene|spd|1
|
|-heal|p1a: Hatterene|81/100|[from] Grassy Terrain
|upkeep
|turn|4
|
|t:|1779943102
|move|p2a: Salamence|Dual Wingbeat|p1a: Hatterene
|-damage|p1a: Hatterene|68/100
|-damage|p1a: Hatterene|54/100
|-hitcount|p1a: Hatterene|2
|move|p1a: Hatterene|Draining Kiss|p2a: Salamence
|-supereffective|p2a: Salamence
|-damage|p2a: Salamence|1/100
|-heal|p1a: Hatterene|100/100|[from] drain|[of] p2a: Salamence
|
|upkeep
|turn|5
|
|t:|1779943112
|move|p2a: Salamence|Dual Wingbeat|p1a: Hatterene
|-damage|p1a: Hatterene|86/100
|-damage|p1a: Hatterene|72/100
|-hitcount|p1a: Hatterene|2
|move|p1a: Hatterene|Stored Power|p2a: Salamence
|-damage|p2a: Salamence|0 fnt
|faint|p2a: Salamence
|
|-heal|p1a: Hatterene|78/100|[from] Grassy Terrain
|upkeep
|
|t:|1779943118
|switch|p2a: Iron Moth|Iron Moth|100/100
|-enditem|p2a: Iron Moth|Booster Energy
|-activate|p2a: Iron Moth|ability: Quark Drive|[fromitem]
|-start|p2a: Iron Moth|quarkdrivespa
|turn|6
|
|t:|1779943121
|-terastallize|p1a: Hatterene|Water
|move|p2a: Iron Moth|Sludge Wave|p1a: Hatterene
|-damage|p1a: Hatterene|29/100
|move|p1a: Hatterene|Stored Power|p2a: Iron Moth
|-supereffective|p2a: Iron Moth
|-damage|p2a: Iron Moth|0 fnt
|faint|p2a: Iron Moth
|-end|p2a: Iron Moth|Quark Drive|[silent]
|
|-heal|p1a: Hatterene|35/100|[from] Grassy Terrain
|upkeep
|
|t:|1779943134
|switch|p2a: Zamazenta|Zamazenta|100/100
|-ability|p2a: Zamazenta|Dauntless Shield|boost
|-boost|p2a: Zamazenta|def|1
|turn|7
|
|t:|1779943137
|move|p2a: Zamazenta|Close Combat|p1a: Hatterene
|-damage|p1a: Hatterene|0 fnt
|-unboost|p2a: Zamazenta|def|1
|-unboost|p2a: Zamazenta|spd|1
|faint|p1a: Hatterene
|-damage|p2a: Zamazenta|91/100|[from] item: Life Orb
|
|-heal|p2a: Zamazenta|97/100|[from] Grassy Terrain
|upkeep
|
|t:|1779943146
|switch|p1a: Glimmora|Glimmora, F|100/100
|turn|8
|
|t:|1779943151
|move|p2a: Zamazenta|Psychic Fangs|p1a: Glimmora
|-supereffective|p1a: Glimmora
|-damage|p1a: Glimmora|8/100
|-activate|p1a: Glimmora|ability: Toxic Debris
|-sidestart|p2: kvgreat1234567|move: Toxic Spikes
|-damage|p2a: Zamazenta|87/100|[from] item: Life Orb
|move|p1a: Glimmora|Stealth Rock|p2a: Zamazenta
|-sidestart|p2: kvgreat1234567|move: Stealth Rock
|
|-heal|p2a: Zamazenta|93/100|[from] Grassy Terrain
|-heal|p1a: Glimmora|15/100|[from] Grassy Terrain
|-fieldend|move: Grassy Terrain
|upkeep
|turn|9
|
|t:|1779943161
|move|p2a: Zamazenta|Heavy Slam|p1a: Glimmora
|-supereffective|p1a: Glimmora
|-damage|p1a: Glimmora|0 fnt
|-activate|p1a: Glimmora|ability: Toxic Debris
|-sidestart|p2: kvgreat1234567|move: Toxic Spikes
|faint|p1a: Glimmora
|-damage|p2a: Zamazenta|83/100|[from] item: Life Orb
|
|upkeep
|
|t:|1779943167
|switch|p1a: Rillaboom|Rillaboom, M|79/100
|-fieldstart|move: Grassy Terrain|[from] ability: Grassy Surge|[of] p1a: Rillaboom
|turn|10
|
|t:|1779943172
|move|p2a: Zamazenta|Close Combat|p1a: Rillaboom
|-damage|p1a: Rillaboom|7/100
|-unboost|p2a: Zamazenta|def|1
|-unboost|p2a: Zamazenta|spd|1
|-damage|p2a: Zamazenta|73/100|[from] item: Life Orb
|move|p1a: Rillaboom|U-turn|p2a: Zamazenta
|-resisted|p2a: Zamazenta
|-damage|p2a: Zamazenta|56/100
|
|t:|1779943175
|switch|p1a: Hawlucha|Hawlucha, F|100/100|[from] U-turn
|-enditem|p1a: Hawlucha|Grassy Seed
|-boost|p1a: Hawlucha|def|1|[from] item: Grassy Seed
|
|-heal|p2a: Zamazenta|63/100|[from] Grassy Terrain
|upkeep
|turn|11
|
|t:|1779943208
|-terastallize|p2a: Zamazenta|Steel
|move|p1a: Hawlucha|Swords Dance|p1a: Hawlucha
|-boost|p1a: Hawlucha|atk|2
|move|p2a: Zamazenta|Psychic Fangs|p1a: Hawlucha
|-supereffective|p1a: Hawlucha
|-damage|p1a: Hawlucha|29/100
|-damage|p2a: Zamazenta|53/100|[from] item: Life Orb
|
|-heal|p2a: Zamazenta|59/100|[from] Grassy Terrain
|upkeep
|turn|12
|
|t:|1779943216
|move|p1a: Hawlucha|Close Combat|p2a: Zamazenta
|-supereffective|p2a: Zamazenta
|-damage|p2a: Zamazenta|0 fnt
|-unboost|p1a: Hawlucha|def|1
|-unboost|p1a: Hawlucha|spd|1
|faint|p2a: Zamazenta
|
|upkeep
|
|t:|1779943223
|switch|p2a: Ogerpon|Ogerpon-Wellspring, F|100/100
|-status|p2a: Ogerpon|tox
|-damage|p2a: Ogerpon|88/100 tox|[from] Stealth Rock
|turn|13
|
|t:|1779943226
|move|p1a: Hawlucha|Acrobatics|p2a: Ogerpon
|-supereffective|p2a: Ogerpon
|-damage|p2a: Ogerpon|0 fnt
|faint|p2a: Ogerpon
|
|upkeep
|
|t:|1779943232
|switch|p2a: Blaziken|Blaziken, F|100/100
|-status|p2a: Blaziken|tox
|-damage|p2a: Blaziken|88/100 tox|[from] Stealth Rock
|turn|14
|
|t:|1779943235
|move|p2a: Blaziken|Endure|p2a: Blaziken
|-singleturn|p2a: Blaziken|move: Endure
|move|p1a: Hawlucha|Acrobatics|p2a: Blaziken
|-supereffective|p2a: Blaziken
|-activate|p2a: Blaziken|move: Endure
|-damage|p2a: Blaziken|1/100 tox
|
|-heal|p2a: Blaziken|7/100 tox|[from] Grassy Terrain
|-damage|p2a: Blaziken|1/100 tox|[from] psn
|-ability|p2a: Blaziken|Speed Boost|boost
|-boost|p2a: Blaziken|spe|1
|upkeep
|turn|15
|
|t:|1779943252
|move|p1a: Hawlucha|Encore|p2a: Blaziken
|-start|p2a: Blaziken|Encore
|move|p2a: Blaziken|Endure||[still]
|-fail|p2a: Blaziken
|
|-heal|p2a: Blaziken|7/100 tox|[from] Grassy Terrain
|-damage|p2a: Blaziken|0 fnt|[from] psn
|faint|p2a: Blaziken
|upkeep
|-message|kvgreat1234567 forfeited.
|
|win|kitakami kitchen
|raw|kitakami kitchen's rating: 1457 &rarr; <strong>1473</strong><br />(+16 for winning)
|raw|kvgreat1234567's rating: 1390 &rarr; <strong>1374</strong><br />(-16 for losing)
|l|☆kvgreat1234567
|player|p2|
