|j|☆Ridlostar
|j|☆Acastillo631
|t:|1779889594
|gametype|singles
|player|p1|Ridlostar|hilbert|1684
|player|p2|Acastillo631|silver|1711
|gen|9
|tier|[Gen 9] OU
|rated|
|rule|HP Percentage Mod: HP is shown in percentages
|rule|Endless Battle Clause: Forcing endless battles is banned
|rule|Species Clause: Limit one of each Pokémon
|rule|OHKO Clause: OHKO moves are banned
|rule|Evasion Items Clause: Evasion items are banned
|rule|Evasion Moves Clause: Evasion moves are banned
|rule|Evasion Abilities Clause: Evasion abilities are banned
|rule|Sleep Moves Clause: Sleep-inducing moves are banned
|clearpoke
|poke|p1|Toedscruel, M|
|poke|p1|Darkrai|
|poke|p1|Cresselia, F|
|poke|p1|Clodsire, M|
|poke|p1|Dragonite, M|
|poke|p1|Alomomola, F|
|poke|p2|Iron Valiant|
|poke|p2|Sinistcha|
|poke|p2|Tyranitar, M|
|poke|p2|Klefki, F|
|poke|p2|Swampert, M|
|poke|p2|Talonflame, F|
|teampreview
|j| tsugia
|c|☆Ridlostar|nice team
|
|t:|1779889615
|teamsize|p1|6
|teamsize|p2|6
|start
|switch|p1a: Keanu Reeves|Darkrai|100/100
|switch|p2a: Redips|Klefki, F|100/100
|turn|1
|
|t:|1779889620
|move|p1a: Keanu Reeves|Knock Off|p2a: Redips
|-resisted|p2a: Redips
|-damage|p2a: Redips|84/100
|-damage|p1a: Keanu Reeves|84/100|[from] item: Rocky Helmet|[of] p2a: Redips
|-enditem|p2a: Redips|Rocky Helmet|[from] move: Knock Off|[of] p1a: Keanu Reeves
|move|p2a: Redips|Dazzling Gleam|p1a: Keanu Reeves
|-supereffective|p1a: Keanu Reeves
|-damage|p1a: Keanu Reeves|24/100
|
|upkeep
|turn|2
|
|t:|1779889634
|switch|p1a: Big Man|Clodsire, M|100/100
|move|p2a: Redips|Spikes|p1a: Big Man
|-sidestart|p1: Ridlostar|Spikes
|
|upkeep
|turn|3
|
|t:|1779889662
|switch|p2a: Duff Mcwhalen|Swampert, M|100/100
|move|p1a: Big Man|Stockpile|p1a: Big Man
|-start|p1a: Big Man|stockpile1
|-boost|p1a: Big Man|def|1
|-boost|p1a: Big Man|spd|1
|
|upkeep
|turn|4
|
|t:|1779889668
|move|p2a: Duff Mcwhalen|Stealth Rock|p1a: Big Man
|-sidestart|p1: Ridlostar|move: Stealth Rock
|move|p1a: Big Man|Toxic|p2a: Duff Mcwhalen
|-status|p2a: Duff Mcwhalen|tox
|
|-damage|p2a: Duff Mcwhalen|94/100 tox|[from] psn
|upkeep
|turn|5
|
|t:|1779889673
|move|p2a: Duff Mcwhalen|Knock Off|p1a: Big Man
|-damage|p1a: Big Man|89/100
|-enditem|p1a: Big Man|Leftovers|[from] move: Knock Off|[of] p2a: Duff Mcwhalen
|move|p1a: Big Man|Stockpile|p1a: Big Man
|-start|p1a: Big Man|stockpile2
|-boost|p1a: Big Man|def|1
|-boost|p1a: Big Man|spd|1
|
|-heal|p2a: Duff Mcwhalen|100/100 tox|[from] item: Leftovers
|-damage|p2a: Duff Mcwhalen|88/100 tox|[from] psn
|upkeep
|turn|6
|
|t:|1779889679
|move|p2a: Duff Mcwhalen|Flip Turn|p1a: Big Man
|-supereffective|p1a: Big Man
|-damage|p1a: Big Man|72/100
|
|t:|1779889684
|switch|p2a: Talonflame|Talonflame, F|100/100|[from] Flip Turn
|move|p1a: Big Man|Stockpile|p1a: Big Man
|-start|p1a: Big Man|stockpile3
|-boost|p1a: Big Man|def|1
|-boost|p1a: Big Man|spd|1
|
|upkeep
|turn|7
|
|t:|1779889686
|move|p2a: Talonflame|Will-O-Wisp|p1a: Big Man
|-status|p1a: Big Man|brn
|move|p1a: Big Man|Toxic|p2a: Talonflame
|-status|p2a: Talonflame|tox
|
|-damage|p2a: Talonflame|94/100 tox|[from] psn
|-damage|p1a: Big Man|66/100 brn|[from] brn
|upkeep
|turn|8
|
|t:|1779889705
|switch|p2a: Redips|Klefki, F|84/100
|move|p1a: Big Man|Stockpile||[still]
|-fail|p1a: Big Man
|
|-damage|p1a: Big Man|59/100 brn|[from] brn
|upkeep
|turn|9
|
|t:|1779889709
|move|p2a: Redips|Magnet Rise|p2a: Redips
|-start|p2a: Redips|Magnet Rise
|move|p1a: Big Man|Earthquake|p2a: Redips
|-immune|p2a: Redips
|
|-damage|p1a: Big Man|53/100 brn|[from] brn
|upkeep
|turn|10
|j| Marie S&S
|
|t:|1779889716
|switch|p1a: Squidward?|Toedscruel, M|100/100
|move|p2a: Redips|Dazzling Gleam|p1a: Squidward?
|-damage|p1a: Squidward?|79/100
|
|upkeep
|turn|11
|
|t:|1779889726
|switch|p2a: Eregion|Tyranitar, M|100/100
|-weather|Sandstorm|[from] ability: Sand Stream|[of] p2a: Eregion
|move|p1a: Squidward?|Rapid Spin|p2a: Eregion
|-resisted|p2a: Eregion
|-damage|p2a: Eregion|98/100
|-boost|p1a: Squidward?|spe|1
|-sideend|p1: Ridlostar|Spikes|[from] move: Rapid Spin|[of] p1a: Squidward?
|-sideend|p1: Ridlostar|Stealth Rock|[from] move: Rapid Spin|[of] p1a: Squidward?
|
|-weather|Sandstorm|[upkeep]
|-heal|p2a: Eregion|100/100|[from] item: Leftovers
|upkeep
|turn|12
|
|t:|1779889733
|switch|p1a: Fair and Balanced|Alomomola, F|100/100
|move|p2a: Eregion|Ice Beam|p1a: Fair and Balanced
|-resisted|p1a: Fair and Balanced
|-damage|p1a: Fair and Balanced|94/100
|
|-weather|Sandstorm|[upkeep]
|-damage|p1a: Fair and Balanced|88/100|[from] Sandstorm
|upkeep
|turn|13
|
|t:|1779889740
|move|p2a: Eregion|Knock Off|p1a: Fair and Balanced
|-damage|p1a: Fair and Balanced|57/100
|-enditem|p1a: Fair and Balanced|Heavy-Duty Boots|[from] move: Knock Off|[of] p2a: Eregion
|move|p1a: Fair and Balanced|Wish|p1a: Fair and Balanced
|
|-weather|Sandstorm|[upkeep]
|-damage|p1a: Fair and Balanced|50/100|[from] Sandstorm
|upkeep
|turn|14
|
|t:|1779889745
|move|p2a: Eregion|Stone Edge|p1a: Fair and Balanced
|-damage|p1a: Fair and Balanced|19/100
|move|p1a: Fair and Balanced|Flip Turn|p2a: Eregion
|-supereffective|p2a: Eregion
|-damage|p2a: Eregion|75/100
|
|t:|1779889752
|switch|p1a: Keanu Reeves|Darkrai|24/100|[from] Flip Turn
|
|-weather|Sandstorm|[upkeep]
|-damage|p1a: Keanu Reeves|18/100|[from] Sandstorm
|-heal|p1a: Keanu Reeves|100/100|[from] move: Wish|[wisher] Fair and Balanced
|-heal|p2a: Eregion|81/100|[from] item: Leftovers
|upkeep
|turn|15
|
|t:|1779889758
|move|p1a: Keanu Reeves|Knock Off|p2a: Eregion
|-resisted|p2a: Eregion
|-damage|p2a: Eregion|68/100
|-enditem|p2a: Eregion|Leftovers|[from] move: Knock Off|[of] p1a: Keanu Reeves
|move|p2a: Eregion|Stone Edge|p1a: Keanu Reeves
|-damage|p1a: Keanu Reeves|40/100
|
|-weather|none
|upkeep
|turn|16
|
|t:|1779889774
|move|p1a: Keanu Reeves|Drain Punch|p2a: Eregion
|-supereffective|p2a: Eregion
|-damage|p2a: Eregion|2/100
|-heal|p1a: Keanu Reeves|87/100|[from] drain|[of] p2a: Eregion
|move|p2a: Eregion|Stone Edge|p1a: Keanu Reeves
|-damage|p1a: Keanu Reeves|17/100
|
|upkeep
|turn|17
|
|t:|1779889786
|switch|p2a: Talonflame|Talonflame, F|94/100 tox
|move|p1a: Keanu Reeves|Knock Off|p2a: Talonflame
|-damage|p2a: Talonflame|46/100 tox
|-enditem|p2a: Talonflame|Heavy-Duty Boots|[from] move: Knock Off|[of] p1a: Keanu Reeves
|
|-damage|p2a: Talonflame|39/100 tox|[from] psn
|upkeep
|turn|18
|
|t:|1779889809
|switch|p1a: Fair and Balanced|Alomomola, F|53/100
|move|p2a: Talonflame|Flamethrower|p1a: Fair and Balanced
|-resisted|p1a: Fair and Balanced
|-damage|p1a: Fair and Balanced|44/100
|
|-damage|p2a: Talonflame|27/100 tox|[from] psn
|upkeep
|turn|19
|
|t:|1779889818
|switch|p2a: Redips|Klefki, F|84/100
|move|p1a: Fair and Balanced|Flip Turn|p2a: Redips
|-damage|p2a: Redips|68/100
|l| tsugia
|
|t:|1779889829
|switch|p1a: him|Dragonite, M|100/100|[from] Flip Turn
|
|upkeep
|turn|20
|
|t:|1779889835
|move|p2a: Redips|Thunder Wave|p1a: him
|-status|p1a: him|par
|move|p1a: him|Dragon Dance|p1a: him
|-boost|p1a: him|atk|1
|-boost|p1a: him|spe|1
|
|upkeep
|turn|21
|
|t:|1779889841
|switch|p2a: Eregion|Tyranitar, M|2/100
|-weather|Sandstorm|[from] ability: Sand Stream|[of] p2a: Eregion
|cant|p1a: him|par
|
|-weather|Sandstorm|[upkeep]
|-damage|p1a: him|94/100 par|[from] Sandstorm
|-heal|p1a: him|100/100 par|[from] item: Leftovers
|upkeep
|turn|22
|
|t:|1779889853
|switch|p2a: Wire Sponge|Sinistcha|100/100
|move|p1a: him|Iron Head|p2a: Wire Sponge
|-damage|p2a: Wire Sponge|69/100
|
|-weather|Sandstorm|[upkeep]
|-damage|p1a: him|94/100 par|[from] Sandstorm
|-damage|p2a: Wire Sponge|63/100|[from] Sandstorm
|-heal|p1a: him|100/100 par|[from] item: Leftovers
|upkeep
|turn|23
|
|t:|1779889857
|cant|p1a: him|par
|move|p2a: Wire Sponge|Strength Sap|p1a: him
|-unboost|p1a: him|atk|1
|-heal|p2a: Wire Sponge|100/100
|
|-weather|Sandstorm|[upkeep]
|-damage|p1a: him|94/100 par|[from] Sandstorm
|-damage|p2a: Wire Sponge|94/100|[from] Sandstorm
|-heal|p1a: him|100/100 par|[from] item: Leftovers
|upkeep
|turn|24
|
|t:|1779889864
|switch|p1a: Squidward?|Toedscruel, M|79/100
|move|p2a: Wire Sponge|Shadow Ball|p1a: Squidward?
|-damage|p1a: Squidward?|47/100
|
|-weather|Sandstorm|[upkeep]
|-damage|p2a: Wire Sponge|88/100|[from] Sandstorm
|upkeep
|turn|25
|
|t:|1779889869
|move|p2a: Wire Sponge|Calm Mind|p2a: Wire Sponge
|-boost|p2a: Wire Sponge|spa|1
|-boost|p2a: Wire Sponge|spd|1
|move|p1a: Squidward?|Toxic|p2a: Wire Sponge
|-status|p2a: Wire Sponge|tox
|
|-weather|none
|-damage|p2a: Wire Sponge|82/100 tox|[from] psn
|upkeep
|turn|26
|
|t:|1779889877
|switch|p1a: Big Man|Clodsire, M|53/100 brn
|move|p2a: Wire Sponge|Matcha Gotcha|p1a: Big Man
|-damage|p1a: Big Man|29/100 brn
|-heal|p2a: Wire Sponge|99/100 tox|[from] drain|[of] p1a: Big Man
|
|-damage|p2a: Wire Sponge|87/100 tox|[from] psn
|-damage|p1a: Big Man|22/100 brn|[from] brn
|upkeep
|turn|27
|
|t:|1779889893
|switch|p1a: Keanu Reeves|Darkrai|17/100
|move|p2a: Wire Sponge|Shadow Ball|p1a: Keanu Reeves
|-resisted|p1a: Keanu Reeves
|-damage|p1a: Keanu Reeves|0 fnt
|faint|p1a: Keanu Reeves
|
|-damage|p2a: Wire Sponge|68/100 tox|[from] psn
|upkeep
|
|t:|1779889909
|switch|p1a: why|Cresselia, F, shiny|100/100
|turn|28
|
|t:|1779889913
|-terastallize|p1a: why|Poison
|move|p1a: why|Calm Mind|p1a: why
|-boost|p1a: why|spa|1
|-boost|p1a: why|spd|1
|move|p2a: Wire Sponge|Shadow Ball|p1a: why
|-damage|p1a: why|79/100
|
|-heal|p1a: why|85/100|[from] item: Leftovers
|-damage|p2a: Wire Sponge|44/100 tox|[from] psn
|upkeep
|turn|29
|
|t:|1779889920
|switch|p2a: Sage Harpuia|Iron Valiant|100/100
|-enditem|p2a: Sage Harpuia|Booster Energy
|-activate|p2a: Sage Harpuia|ability: Quark Drive|[fromitem]
|-start|p2a: Sage Harpuia|quarkdrivespe
|move|p1a: why|Moonblast|p2a: Sage Harpuia
|-supereffective|p2a: Sage Harpuia
|-damage|p2a: Sage Harpuia|0 fnt
|faint|p2a: Sage Harpuia
|-end|p2a: Sage Harpuia|Quark Drive|[silent]
|
|-heal|p1a: why|91/100|[from] item: Leftovers
|upkeep
|
|t:|1779889926
|switch|p2a: Talonflame|Talonflame, F|27/100 tox
|turn|30
|
|t:|1779889931
|move|p2a: Talonflame|Will-O-Wisp|p1a: why
|-status|p1a: why|brn
|move|p1a: why|Calm Mind|p1a: why
|-boost|p1a: why|spa|1
|-boost|p1a: why|spd|1
|
|-heal|p1a: why|98/100 brn|[from] item: Leftovers
|-damage|p2a: Talonflame|21/100 tox|[from] psn
|-damage|p1a: why|91/100 brn|[from] brn
|upkeep
|turn|31
|
|t:|1779889939
|switch|p2a: Duff Mcwhalen|Swampert, M|88/100 tox
|move|p1a: why|Calm Mind|p1a: why
|-boost|p1a: why|spa|1
|-boost|p1a: why|spd|1
|
|-heal|p1a: why|98/100 brn|[from] item: Leftovers
|-heal|p2a: Duff Mcwhalen|94/100 tox|[from] item: Leftovers
|-damage|p2a: Duff Mcwhalen|88/100 tox|[from] psn
|-damage|p1a: why|91/100 brn|[from] brn
|upkeep
|turn|32
|
|t:|1779889946
|move|p1a: why|Calm Mind|p1a: why
|-boost|p1a: why|spa|1
|-boost|p1a: why|spd|1
|move|p2a: Duff Mcwhalen|Knock Off|p1a: why
|-crit|p1a: why
|-damage|p1a: why|71/100 brn
|-enditem|p1a: why|Leftovers|[from] move: Knock Off|[of] p2a: Duff Mcwhalen
|
|-heal|p2a: Duff Mcwhalen|94/100 tox|[from] item: Leftovers
|-damage|p2a: Duff Mcwhalen|82/100 tox|[from] psn
|-damage|p1a: why|65/100 brn|[from] brn
|upkeep
|turn|33
|
|t:|1779889950
|move|p1a: why|Moonlight|p1a: why
|-heal|p1a: why|100/100 brn
|move|p2a: Duff Mcwhalen|Stealth Rock|p1a: why
|-sidestart|p1: Ridlostar|move: Stealth Rock
|
|-heal|p2a: Duff Mcwhalen|88/100 tox|[from] item: Leftovers
|-damage|p2a: Duff Mcwhalen|70/100 tox|[from] psn
|-damage|p1a: why|94/100 brn|[from] brn
|upkeep
|turn|34
|
|t:|1779889953
|move|p1a: why|Stored Power|p2a: Duff Mcwhalen
|-damage|p2a: Duff Mcwhalen|0 fnt
|faint|p2a: Duff Mcwhalen
|
|-damage|p1a: why|88/100 brn|[from] brn
|upkeep
|
|t:|1779889957
|switch|p2a: Eregion|Tyranitar, M|2/100
|-weather|Sandstorm|[from] ability: Sand Stream|[of] p2a: Eregion
|turn|35
|
|t:|1779889965
|move|p1a: why|Moonblast|p2a: Eregion
|-supereffective|p2a: Eregion
|-damage|p2a: Eregion|0 fnt
|faint|p2a: Eregion
|
|-weather|Sandstorm|[upkeep]
|-damage|p1a: why|82/100 brn|[from] Sandstorm
|-damage|p1a: why|76/100 brn|[from] brn
|upkeep
|-message|Acastillo631 forfeited.
|
|win|Ridlostar
|raw|Ridlostar's rating: 1684 &rarr; <strong>1706</strong><br />(+22 for winning)
|raw|Acastillo631's rating: 1711 &rarr; <strong>1689</strong><br />(-22 for losing)
|l|☆Acastillo631
|player|p2|
|l|☆Ridlostar
|player|p1|
|l| Marie S&S
