|j|☆Cryexes
|j|☆magikarp7774k
|t:|1779800987
|gametype|singles
|player|p1|Cryexes|266|1116
|player|p2|magikarp7774k|brycenman|1140
|gen|9
|tier|[Gen 9] OU
|rated|
|rule|HP Percentage Mod: HP is shown in percentages
|rule|Endless Battle Clause: Forcing endless battles is banned
|rule|Species Clause: Limit one of each Pokémon
|rule|OHKO Clause: OHKO moves are banned
|rule|Evasion Items Clause: Evasion items are banned
|rule|Evasion Moves Clause: Evasion moves are banned
|rule|Evasion Abilities Clause: Evasion abilities are banned
|rule|Sleep Moves Clause: Sleep-inducing moves are banned
|clearpoke
|poke|p1|Gliscor, F|
|poke|p1|Alomomola, M|
|poke|p1|Clodsire, F|
|poke|p1|Corviknight, F|
|poke|p1|Dondozo, F|
|poke|p1|Gholdengo|
|poke|p2|Araquanid, M|
|poke|p2|Cinderace, M|
|poke|p2|Serperior, F|
|poke|p2|Kingambit, M|
|poke|p2|Milotic, F|
|poke|p2|Primeape, M|
|teampreview
|
|t:|1779801001
|teamsize|p1|6
|teamsize|p2|6
|start
|switch|p1a: Gholdengo|Gholdengo|100/100
|switch|p2a: Araquanid|Araquanid, M|100/100
|turn|1
|
|t:|1779801025
|move|p1a: Gholdengo|Shadow Ball|p2a: Araquanid
|-damage|p2a: Araquanid|71/100
|move|p2a: Araquanid|Sticky Web|p1a: Gholdengo
|-sidestart|p1: Cryexes|move: Sticky Web
|
|upkeep
|turn|2
|
|t:|1779801033
|switch|p2a: Cinderace|Cinderace, M|100/100
|move|p1a: Gholdengo|Nasty Plot|p1a: Gholdengo
|-boost|p1a: Gholdengo|spa|2
|
|upkeep
|turn|3
|
|t:|1779801038
|-terastallize|p1a: Gholdengo|Fairy
|move|p2a: Cinderace|Court Change|p2a: Cinderace
|-start|p2a: Cinderace|typechange|Normal|[from] ability: Libero
|-swapsideconditions
|-activate|p2a: Cinderace|move: Court Change
|move|p1a: Gholdengo|Nasty Plot|p1a: Gholdengo
|-boost|p1a: Gholdengo|spa|2
|
|upkeep
|turn|4
|
|t:|1779801050
|move|p2a: Cinderace|Pyro Ball|p1a: Gholdengo
|-crit|p1a: Gholdengo
|-damage|p1a: Gholdengo|58/100
|move|p1a: Gholdengo|Make It Rain|p2a: Cinderace
|-damage|p2a: Cinderace|0 fnt
|-unboost|p1a: Gholdengo|spa|1
|faint|p2a: Cinderace
|
|-heal|p1a: Gholdengo|64/100|[from] item: Leftovers
|upkeep
|
|t:|1779801061
|switch|p2a: Serperior|Serperior, F|100/100
|-activate|p2a: Serperior|move: Sticky Web
|-boost|p2a: Serperior|spe|1
|turn|5
|
|t:|1779801068
|move|p2a: Serperior|Substitute|p2a: Serperior
|-start|p2a: Serperior|Substitute
|-damage|p2a: Serperior|76/100
|move|p1a: Gholdengo|Recover|p1a: Gholdengo
|-heal|p1a: Gholdengo|100/100
|
|-heal|p2a: Serperior|82/100|[from] item: Leftovers
|upkeep
|turn|6
|
|t:|1779801076
|move|p2a: Serperior|Leaf Storm|p1a: Gholdengo
|-damage|p1a: Gholdengo|62/100
|-boost|p2a: Serperior|spa|2
|move|p1a: Gholdengo|Make It Rain|p2a: Serperior
|-end|p2a: Serperior|Substitute
|-unboost|p1a: Gholdengo|spa|1
|
|-heal|p2a: Serperior|88/100|[from] item: Leftovers
|-heal|p1a: Gholdengo|68/100|[from] item: Leftovers
|upkeep
|turn|7
|
|t:|1779801087
|move|p2a: Serperior|Substitute|p2a: Serperior
|-start|p2a: Serperior|Substitute
|-damage|p2a: Serperior|63/100
|move|p1a: Gholdengo|Shadow Ball|p2a: Serperior
|-end|p2a: Serperior|Substitute
|
|-heal|p2a: Serperior|69/100|[from] item: Leftovers
|-heal|p1a: Gholdengo|74/100|[from] item: Leftovers
|upkeep
|turn|8
|
|t:|1779801101
|move|p2a: Serperior|Protect|p2a: Serperior
|-singleturn|p2a: Serperior|Protect
|move|p1a: Gholdengo|Shadow Ball|p2a: Serperior
|-activate|p2a: Serperior|move: Protect
|
|-heal|p2a: Serperior|75/100|[from] item: Leftovers
|-heal|p1a: Gholdengo|80/100|[from] item: Leftovers
|upkeep
|turn|9
|
|t:|1779801108
|move|p2a: Serperior|Leaf Storm|p1a: Gholdengo|[miss]
|-miss|p2a: Serperior|p1a: Gholdengo
|move|p1a: Gholdengo|Shadow Ball|p2a: Serperior
|-damage|p2a: Serperior|0 fnt
|faint|p2a: Serperior
|
|-heal|p1a: Gholdengo|86/100|[from] item: Leftovers
|upkeep
|
|t:|1779801125
|switch|p2a: Kingambit|Kingambit, M|100/100
|-activate|p2a: Kingambit|move: Sticky Web
|-unboost|p2a: Kingambit|spe|1
|-ability|p2a: Kingambit|Defiant|boost
|-boost|p2a: Kingambit|atk|2
|turn|10
|
|t:|1779801141
|switch|p1a: Alomomola|Alomomola, M|100/100
|move|p2a: Kingambit|Iron Head|p1a: Alomomola
|-resisted|p1a: Alomomola
|-damage|p1a: Alomomola|71/100
|
|upkeep
|turn|11
|
|t:|1779801158
|switch|p2a: Milotic|Milotic, F|100/100
|-activate|p2a: Milotic|move: Sticky Web
|-unboost|p2a: Milotic|spe|1
|-ability|p2a: Milotic|Competitive|boost
|-boost|p2a: Milotic|spa|2
|move|p1a: Alomomola|Scald|p2a: Milotic
|-resisted|p2a: Milotic
|-damage|p2a: Milotic|96/100
|-status|p2a: Milotic|brn
|
|-heal|p2a: Milotic|100/100 brn|[from] item: Leftovers
|-damage|p2a: Milotic|94/100 brn|[from] brn
|upkeep
|turn|12
|inactive|Battle timer is ON: inactive players will automatically lose when time's up. (requested by magikarp7774k)
|
|t:|1779801182
|move|p1a: Alomomola|Wish|p1a: Alomomola
|move|p2a: Milotic|Flip Turn|p1a: Alomomola
|-resisted|p1a: Alomomola
|-damage|p1a: Alomomola|69/100
|
|t:|1779801185
|switch|p2a: Primeape|Primeape, M|100/100|[from] Flip Turn
|-activate|p2a: Primeape|move: Sticky Web
|-unboost|p2a: Primeape|spe|1
|-ability|p2a: Primeape|Defiant|boost
|-boost|p2a: Primeape|atk|2
|
|upkeep
|turn|13
|
|t:|1779801197
|switch|p1a: Gholdengo|Gholdengo, tera:Fairy|86/100
|move|p2a: Primeape|Drain Punch|p1a: Gholdengo
|-resisted|p1a: Gholdengo
|-damage|p1a: Gholdengo|68/100
|
|-heal|p1a: Gholdengo|100/100|[from] move: Wish|[wisher] Alomomola
|upkeep
|turn|14
|
|t:|1779801206
|move|p1a: Gholdengo|Nasty Plot|p1a: Gholdengo
|-boost|p1a: Gholdengo|spa|2
|move|p2a: Primeape|Rage Fist|p1a: Gholdengo
|-damage|p1a: Gholdengo|83/100
|
|-heal|p1a: Gholdengo|89/100|[from] item: Leftovers
|upkeep
|turn|15
|-message|magikarp7774k forfeited.
|
|win|Cryexes
|raw|Cryexes's rating: 1116 &rarr; <strong>1143</strong><br />(+27 for winning)
|raw|magikarp7774k's rating: 1140 &rarr; <strong>1113</strong><br />(-27 for losing)
|l|☆magikarp7774k
|player|p2|
|l|☆Cryexes
|player|p1|
