|j|☆hat_fm
|j|☆Kaiko72
|t:|1779900503
|gametype|singles
|player|p1|hat_fm|pilot|1427
|player|p2|Kaiko72|pokekid|1371
|gen|9
|tier|[Gen 9] OU
|rated|
|rule|HP Percentage Mod: HP is shown in percentages
|rule|Endless Battle Clause: Forcing endless battles is banned
|rule|Species Clause: Limit one of each Pokémon
|rule|OHKO Clause: OHKO moves are banned
|rule|Evasion Items Clause: Evasion items are banned
|rule|Evasion Moves Clause: Evasion moves are banned
|rule|Evasion Abilities Clause: Evasion abilities are banned
|rule|Sleep Moves Clause: Sleep-inducing moves are banned
|clearpoke
|poke|p1|Zamazenta-*|
|poke|p1|Ceruledge, F|
|poke|p1|Scizor, M|
|poke|p1|Donphan, M|
|poke|p1|Lycanroc-Dusk, F|
|poke|p1|Florges, F|
|poke|p2|Hawlucha, F|
|poke|p2|Ambipom, F|
|poke|p2|Skeledirge, F|
|poke|p2|Gliscor, M|
|poke|p2|Gengar, F|
|poke|p2|Tentacruel, M|
|teampreview
|
|t:|1779900511
|teamsize|p1|6
|teamsize|p2|6
|start
|switch|p1a: Donphan|Donphan, M|100/100
|switch|p2a: Ambipom|Ambipom, F|100/100
|turn|1
|
|t:|1779900521
|move|p2a: Ambipom|Fake Out|p1a: Donphan
|-damage|p1a: Donphan|79/100
|-damage|p2a: Ambipom|84/100|[from] item: Rocky Helmet|[of] p1a: Donphan
|-damage|p2a: Ambipom|74/100|[from] item: Life Orb
|cant|p1a: Donphan|flinch
|
|upkeep
|turn|2
|inactive|Battle timer is ON: inactive players will automatically lose when time's up. (requested by Kaiko72)
|
|t:|1779900526
|move|p2a: Ambipom|Triple Axel|p1a: Donphan|[miss]
|-miss|p2a: Ambipom|p1a: Donphan
|move|p1a: Donphan|Stealth Rock|p2a: Ambipom
|-sidestart|p2: Kaiko72|move: Stealth Rock
|
|upkeep
|turn|3
|
|t:|1779900529
|move|p2a: Ambipom|Triple Axel|p1a: Donphan
|-supereffective|p1a: Donphan
|-damage|p1a: Donphan|65/100
|-damage|p2a: Ambipom|58/100|[from] item: Rocky Helmet|[of] p1a: Donphan
|-supereffective|p1a: Donphan
|-damage|p1a: Donphan|40/100
|-damage|p2a: Ambipom|41/100|[from] item: Rocky Helmet|[of] p1a: Donphan
|-supereffective|p1a: Donphan
|-damage|p1a: Donphan|0 fnt
|-damage|p2a: Ambipom|25/100|[from] item: Rocky Helmet|[of] p1a: Donphan
|faint|p1a: Donphan
|-hitcount|p1: Donphan|3
|-damage|p2a: Ambipom|15/100|[from] item: Life Orb
|
|upkeep
|
|t:|1779900549
|switch|p1a: Scizor|Scizor, M|100/100
|turn|4
|
|t:|1779900553
|switch|p2a: Tentacruel|Tentacruel, M|100/100
|-damage|p2a: Tentacruel|88/100|[from] Stealth Rock
|move|p1a: Scizor|Bullet Punch|p2a: Tentacruel
|-resisted|p2a: Tentacruel
|-damage|p2a: Tentacruel|53/100
|-damage|p1a: Scizor|91/100|[from] item: Life Orb
|
|-heal|p2a: Tentacruel|59/100|[from] item: Leftovers
|upkeep
|turn|5
|
|t:|1779900571
|move|p2a: Tentacruel|Rapid Spin|p1a: Scizor
|-resisted|p1a: Scizor
|-damage|p1a: Scizor|87/100
|-boost|p2a: Tentacruel|spe|1
|-sideend|p2: Kaiko72|Stealth Rock|[from] move: Rapid Spin|[of] p2a: Tentacruel
|move|p1a: Scizor|U-turn|p2a: Tentacruel
|-resisted|p2a: Tentacruel
|-damage|p2a: Tentacruel|17/100
|-damage|p1a: Scizor|77/100|[from] item: Life Orb
|
|t:|1779900582
|switch|p1a: Lycanroc|Lycanroc-Dusk, F|100/100|[from] U-turn
|
|-heal|p2a: Tentacruel|23/100|[from] item: Leftovers
|upkeep
|turn|6
|
|t:|1779900589
|move|p1a: Lycanroc|Accelerock|p2a: Tentacruel
|-damage|p2a: Tentacruel|0 fnt
|faint|p2a: Tentacruel
|-damage|p1a: Lycanroc|91/100|[from] item: Life Orb
|
|upkeep
|
|t:|1779900603
|switch|p2a: Ambipom|Ambipom, F|15/100
|turn|7
|
|t:|1779900609
|move|p2a: Ambipom|Fake Out|p1a: Lycanroc
|-resisted|p1a: Lycanroc
|-damage|p1a: Lycanroc|62/100
|-damage|p2a: Ambipom|5/100|[from] item: Life Orb
|cant|p1a: Lycanroc|flinch
|
|upkeep
|turn|8
|
|t:|1779900614
|move|p1a: Lycanroc|Accelerock|p2a: Ambipom
|-damage|p2a: Ambipom|0 fnt
|faint|p2a: Ambipom
|-damage|p1a: Lycanroc|52/100|[from] item: Life Orb
|
|upkeep
|
|t:|1779900616
|switch|p2a: Gliscor|Gliscor, M|100/100
|turn|9
|
|t:|1779900628
|move|p1a: Lycanroc|Swords Dance|p1a: Lycanroc
|-boost|p1a: Lycanroc|atk|2
|move|p2a: Gliscor|Earthquake|p1a: Lycanroc
|-supereffective|p1a: Lycanroc
|-damage|p1a: Lycanroc|0 fnt
|faint|p1a: Lycanroc
|
|-status|p2a: Gliscor|tox|[from] item: Toxic Orb
|upkeep
|
|t:|1779900634
|switch|p1a: Scizor|Scizor, M|77/100
|turn|10
|
|t:|1779900637
|move|p2a: Gliscor|Earthquake|p1a: Scizor
|-damage|p1a: Scizor|29/100
|move|p1a: Scizor|Swords Dance|p1a: Scizor
|-boost|p1a: Scizor|atk|2
|
|upkeep
|turn|11
|
|t:|1779900654
|move|p1a: Scizor|Bullet Punch|p2a: Gliscor
|-damage|p2a: Gliscor|17/100 tox
|-damage|p1a: Scizor|19/100|[from] item: Life Orb
|move|p2a: Gliscor|Earthquake|p1a: Scizor
|-damage|p1a: Scizor|0 fnt
|faint|p1a: Scizor
|
|-heal|p2a: Gliscor|29/100 tox|[from] ability: Poison Heal
|upkeep
|
|t:|1779900666
|switch|p1a: Ceruledge|Ceruledge, F|100/100
|turn|12
|
|t:|1779900672
|move|p1a: Ceruledge|Poltergeist|p2a: Gliscor
|-activate|p2a: Gliscor|move: Poltergeist|Toxic Orb
|-crit|p2a: Gliscor
|-damage|p2a: Gliscor|0 fnt
|faint|p2a: Gliscor
|
|upkeep
|
|t:|1779900680
|switch|p2a: Skeledirge|Skeledirge, F, shiny|100/100
|turn|13
|
|t:|1779900695
|move|p1a: Ceruledge|Poltergeist|p2a: Skeledirge
|-activate|p2a: Skeledirge|move: Poltergeist|Leftovers
|-supereffective|p2a: Skeledirge
|-damage|p2a: Skeledirge|0 fnt
|faint|p2a: Skeledirge
|
|upkeep
|
|t:|1779900699
|switch|p2a: Gengar|Gengar, F|100/100
|turn|14
|
|t:|1779900706
|move|p2a: Gengar|Shadow Ball|p1a: Ceruledge
|-supereffective|p1a: Ceruledge
|-damage|p1a: Ceruledge|9/100
|-unboost|p1a: Ceruledge|spd|1
|move|p1a: Ceruledge|Swords Dance|p1a: Ceruledge
|-boost|p1a: Ceruledge|atk|2
|
|upkeep
|turn|15
|
|t:|1779900718
|move|p1a: Ceruledge|Shadow Sneak|p2a: Gengar
|-supereffective|p2a: Gengar
|-enditem|p2a: Gengar|Focus Sash
|-damage|p2a: Gengar|1/100
|move|p2a: Gengar|Shadow Ball|p1a: Ceruledge
|-supereffective|p1a: Ceruledge
|-damage|p1a: Ceruledge|0 fnt
|faint|p1a: Ceruledge
|
|upkeep
|
|t:|1779900726
|switch|p1a: Zamazenta|Zamazenta|100/100
|-ability|p1a: Zamazenta|Dauntless Shield|boost
|-boost|p1a: Zamazenta|def|1
|turn|16
|
|t:|1779900731
|move|p1a: Zamazenta|Crunch|p2a: Gengar
|-supereffective|p2a: Gengar
|-damage|p2a: Gengar|0 fnt
|faint|p2a: Gengar
|
|upkeep
|
|t:|1779900734
|switch|p2a: Hawlucha|Hawlucha, F, shiny|100/100
|turn|17
|
|t:|1779900738
|move|p1a: Zamazenta|Iron Defense|p1a: Zamazenta
|-boost|p1a: Zamazenta|def|2
|move|p2a: Hawlucha|Swords Dance|p2a: Hawlucha
|-boost|p2a: Hawlucha|atk|2
|
|upkeep
|turn|18
|
|t:|1779900742
|move|p1a: Zamazenta|Iron Defense|p1a: Zamazenta
|-boost|p1a: Zamazenta|def|2
|move|p2a: Hawlucha|Swords Dance|p2a: Hawlucha
|-boost|p2a: Hawlucha|atk|2
|
|upkeep
|turn|19
|
|t:|1779900746
|move|p1a: Zamazenta|Body Press|p2a: Hawlucha
|-resisted|p2a: Hawlucha
|-damage|p2a: Hawlucha|21/100
|-enditem|p2a: Hawlucha|Red Card|[of] p1a: Zamazenta
|drag|p1a: Florges|Florges, F|100/100
|move|p2a: Hawlucha|Acrobatics|p1a: Florges
|-damage|p1a: Florges|0 fnt
|faint|p1a: Florges
|
|upkeep
|c|☆hat_fm|touche
|-message|hat_fm forfeited.
|
|win|Kaiko72
|raw|hat_fm's rating: 1427 &rarr; <strong>1404</strong><br />(-23 for losing)
|raw|Kaiko72's rating: 1371 &rarr; <strong>1394</strong><br />(+23 for winning)
|l|☆Kaiko72
|player|p2|
|l|☆hat_fm
|player|p1|
