|j|☆subtect kyurem
|j|☆hgjgfjyg
|t:|1779800343
|gametype|singles
|player|p1|subtect kyurem|cheren-masters|1454
|player|p2|hgjgfjyg|collector|1409
|gen|9
|tier|[Gen 9] OU
|rated|
|rule|HP Percentage Mod: HP is shown in percentages
|rule|Endless Battle Clause: Forcing endless battles is banned
|rule|Species Clause: Limit one of each Pokémon
|rule|OHKO Clause: OHKO moves are banned
|rule|Evasion Items Clause: Evasion items are banned
|rule|Evasion Moves Clause: Evasion moves are banned
|rule|Evasion Abilities Clause: Evasion abilities are banned
|rule|Sleep Moves Clause: Sleep-inducing moves are banned
|clearpoke
|poke|p1|Landorus-Therian, M|
|poke|p1|Latios, M|
|poke|p1|Okidogi, M|
|poke|p1|Samurott-Hisui, M|
|poke|p1|Darkrai|
|poke|p1|Kingambit, M|
|poke|p2|Pelipper, M|
|poke|p2|Samurott-Hisui, M|
|poke|p2|Iron Treads|
|poke|p2|Barraskewda, M|
|poke|p2|Toxicroak, M|
|poke|p2|Porygon-Z|
|teampreview
|inactive|Battle timer is ON: inactive players will automatically lose when time's up. (requested by hgjgfjyg)
|
|t:|1779800370
|teamsize|p1|6
|teamsize|p2|6
|start
|switch|p1a: matcha latte|Latios, M|100/100
|switch|p2a: Pelipper|Pelipper, M|100/100
|-weather|RainDance|[from] ability: Drizzle|[of] p2a: Pelipper
|turn|1
|
|t:|1779800377
|move|p1a: matcha latte|Trick|p2a: Pelipper
|-activate|p1a: matcha latte|move: Trick|[of] p2a: Pelipper
|-item|p2a: Pelipper|Choice Scarf|[from] move: Trick
|-item|p1a: matcha latte|Damp Rock|[from] move: Trick
|move|p2a: Pelipper|U-turn|p1a: matcha latte
|-supereffective|p1a: matcha latte
|-damage|p1a: matcha latte|77/100
|
|t:|1779800387
|switch|p2a: Samurott|Samurott-Hisui, M|100/100|[from] U-turn
|
|-weather|RainDance|[upkeep]
|upkeep
|turn|2
|
|t:|1779800390
|switch|p1a: shiba|Okidogi, M|100/100
|move|p2a: Samurott|Ceaseless Edge|p1a: shiba
|-resisted|p1a: shiba
|-damage|p1a: shiba|83/100
|-sidestart|p1: subtect kyurem|Spikes
|
|-weather|RainDance|[upkeep]
|upkeep
|turn|3
|
|t:|1779800394
|move|p2a: Samurott|Ceaseless Edge|p1a: shiba
|-resisted|p1a: shiba
|-damage|p1a: shiba|64/100
|-sidestart|p1: subtect kyurem|Spikes
|move|p1a: shiba|Drain Punch|p2a: Samurott
|-supereffective|p2a: Samurott
|-damage|p2a: Samurott|0 fnt
|-heal|p1a: shiba|100/100|[from] drain|[of] p2a: Samurott
|faint|p2a: Samurott
|
|-weather|RainDance|[upkeep]
|upkeep
|
|t:|1779800396
|switch|p2a: Porygon-Z|Porygon-Z|100/100
|-ability|p2a: Porygon-Z|Download|boost
|-boost|p2a: Porygon-Z|spa|1
|turn|4
|
|t:|1779800423
|-terastallize|p2a: Porygon-Z|Ghost
|-terastallize|p1a: shiba|Water
|move|p2a: Porygon-Z|Shadow Ball|p1a: shiba
|-damage|p1a: shiba|37/100
|move|p1a: shiba|Drain Punch|p2a: Porygon-Z
|-immune|p2a: Porygon-Z
|
|-weather|RainDance|[upkeep]
|upkeep
|turn|5
|inactive|subtect kyurem has 120 seconds left.
|
|t:|1779800439
|move|p2a: Porygon-Z|Shadow Ball|p1a: shiba
|-damage|p1a: shiba|0 fnt
|faint|p1a: shiba
|
|-weather|RainDance|[upkeep]
|upkeep
|
|t:|1779800441
|switch|p1a: blue eye samurai|Samurott-Hisui, M, shiny|100/100
|-damage|p1a: blue eye samurai|84/100|[from] Spikes
|turn|6
|
|t:|1779800449
|switch|p2a: Iron Treads|Iron Treads|100/100
|move|p1a: blue eye samurai|Ceaseless Edge|p2a: Iron Treads
|-damage|p2a: Iron Treads|64/100
|-sidestart|p2: hgjgfjyg|Spikes
|
|-weather|RainDance|[upkeep]
|upkeep
|turn|7
|
|t:|1779800455
|move|p1a: blue eye samurai|Ceaseless Edge|p2a: Iron Treads
|-damage|p2a: Iron Treads|20/100
|-sidestart|p2: hgjgfjyg|Spikes
|move|p2a: Iron Treads|Earth Power|p1a: blue eye samurai
|-damage|p1a: blue eye samurai|34/100
|
|-weather|RainDance|[upkeep]
|upkeep
|turn|8
|
|t:|1779800467
|move|p1a: blue eye samurai|Ceaseless Edge|p2a: Iron Treads
|-damage|p2a: Iron Treads|0 fnt
|-sidestart|p2: hgjgfjyg|Spikes
|faint|p2a: Iron Treads
|-end|p2a: Iron Treads|Quark Drive|[silent]
|
|-weather|none
|upkeep
|
|t:|1779800476
|switch|p2a: Pelipper|Pelipper, M|100/100
|-weather|RainDance|[from] ability: Drizzle|[of] p2a: Pelipper
|turn|9
|inactive|subtect kyurem has 120 seconds left.
|inactive|subtect kyurem has 90 seconds left.
|
|t:|1779800552
|move|p1a: blue eye samurai|Ceaseless Edge|p2a: Pelipper|[miss]
|-miss|p1a: blue eye samurai|p2a: Pelipper
|move|p2a: Pelipper|Hurricane|p1a: blue eye samurai
|-damage|p1a: blue eye samurai|0 fnt
|faint|p1a: blue eye samurai
|
|-weather|RainDance|[upkeep]
|upkeep
|
|t:|1779800570
|switch|p1a: matcha latte|Latios, M|77/100
|turn|10
|
|t:|1779800586
|move|p1a: matcha latte|Draco Meteor|p2a: Pelipper
|-damage|p2a: Pelipper|9/100
|-unboost|p1a: matcha latte|spa|2
|move|p2a: Pelipper|Hurricane|p1a: matcha latte
|-damage|p1a: matcha latte|40/100
|-start|p1a: matcha latte|confusion
|
|-weather|RainDance|[upkeep]
|upkeep
|turn|11
|
|t:|1779800590
|-activate|p1a: matcha latte|confusion
|move|p1a: matcha latte|Psychic Noise|p2a: Pelipper
|-damage|p2a: Pelipper|0 fnt
|faint|p2a: Pelipper
|
|-weather|RainDance|[upkeep]
|upkeep
|
|t:|1779800613
|switch|p2a: Barraskewda|Barraskewda, M|100/100
|-damage|p2a: Barraskewda|76/100|[from] Spikes
|turn|12
|
|t:|1779800619
|move|p2a: Barraskewda|Liquidation|p1a: matcha latte
|-resisted|p1a: matcha latte
|-damage|p1a: matcha latte|0 fnt
|faint|p1a: matcha latte
|
|-weather|RainDance|[upkeep]
|upkeep
|
|t:|1779800625
|switch|p1a: oda nobunaga|Kingambit, M|100/100
|-damage|p1a: oda nobunaga|84/100|[from] Spikes
|-activate|p1a: oda nobunaga|ability: Supreme Overlord
|-start|p1a: oda nobunaga|fallen3|[silent]
|turn|13
|
|t:|1779800631
|move|p1a: oda nobunaga|Sucker Punch|p2a: Barraskewda
|-damage|p2a: Barraskewda|0 fnt
|faint|p2a: Barraskewda
|
|-weather|none
|upkeep
|
|t:|1779800636
|switch|p2a: Toxicroak|Toxicroak, M|100/100
|-damage|p2a: Toxicroak|76/100|[from] Spikes
|turn|14
|
|t:|1779800639
|-end|p1a: oda nobunaga|fallen3|[silent]
|switch|p1a: human made gem|Landorus-Therian, M|100/100
|-ability|p1a: human made gem|Intimidate|boost
|-unboost|p2a: Toxicroak|atk|1
|move|p2a: Toxicroak|Close Combat|p1a: human made gem
|-resisted|p1a: human made gem
|-damage|p1a: human made gem|79/100
|-unboost|p2a: Toxicroak|def|1
|-unboost|p2a: Toxicroak|spd|1
|-damage|p2a: Toxicroak|59/100|[from] item: Rocky Helmet|[of] p1a: human made gem
|-damage|p2a: Toxicroak|49/100|[from] item: Life Orb
|
|upkeep
|turn|15
|inactive|subtect kyurem has 120 seconds left.
|
|t:|1779800653
|move|p1a: human made gem|Earth Power|p2a: Toxicroak
|-supereffective|p2a: Toxicroak
|-damage|p2a: Toxicroak|0 fnt
|faint|p2a: Toxicroak
|
|upkeep
|
|t:|1779800677
|switch|p2a: Porygon-Z|Porygon-Z, tera:Ghost|100/100
|-damage|p2a: Porygon-Z|76/100|[from] Spikes
|-ability|p2a: Porygon-Z|Download|boost
|-boost|p2a: Porygon-Z|spa|1
|turn|16
|
|t:|1779800682
|move|p1a: human made gem|Earth Power|p2a: Porygon-Z
|-damage|p2a: Porygon-Z|34/100
|move|p2a: Porygon-Z|Shadow Ball|p1a: human made gem
|-damage|p1a: human made gem|0 fnt
|faint|p1a: human made gem
|
|upkeep
|
|t:|1779800693
|switch|p1a: oda nobunaga|Kingambit, M|84/100
|-damage|p1a: oda nobunaga|68/100|[from] Spikes
|-activate|p1a: oda nobunaga|ability: Supreme Overlord
|-start|p1a: oda nobunaga|fallen4|[silent]
|turn|17
|
|t:|1779800697
|move|p1a: oda nobunaga|Sucker Punch|p2a: Porygon-Z
|-supereffective|p2a: Porygon-Z
|-crit|p2a: Porygon-Z
|-damage|p2a: Porygon-Z|0 fnt
|faint|p2a: Porygon-Z
|
|win|subtect kyurem
|raw|subtect kyurem's rating: 1454 &rarr; <strong>1471</strong><br />(+17 for winning)
|raw|hgjgfjyg's rating: 1409 &rarr; <strong>1392</strong><br />(-17 for losing)
|l|☆hgjgfjyg
|player|p2|
|l|☆subtect kyurem
|player|p1|
