|j|☆flixster
|j|☆claudechamp
|t:|1779822752
|gametype|singles
|player|p1|flixster|170|1206
|player|p2|claudechamp|265|1264
|gen|9
|tier|[Gen 9] OU
|rated|
|rule|HP Percentage Mod: HP is shown in percentages
|rule|Endless Battle Clause: Forcing endless battles is banned
|rule|Species Clause: Limit one of each Pokémon
|rule|OHKO Clause: OHKO moves are banned
|rule|Evasion Items Clause: Evasion items are banned
|rule|Evasion Moves Clause: Evasion moves are banned
|rule|Evasion Abilities Clause: Evasion abilities are banned
|rule|Sleep Moves Clause: Sleep-inducing moves are banned
|clearpoke
|poke|p1|Pelipper, M|
|poke|p1|Barraskewda, F|
|poke|p1|Overqwil, F|
|poke|p1|Raging Bolt|
|poke|p1|Iron Treads|
|poke|p1|Kingambit, F|
|poke|p2|Corviknight, F|
|poke|p2|Ting-Lu|
|poke|p2|Kyurem|
|poke|p2|Dondozo, F|
|poke|p2|Slowking-Galar, F|
|poke|p2|Cinderace, F|
|teampreview
|c|☆claudechamp|hf
|inactive|Battle timer is ON: inactive players will automatically lose when time's up. (requested by flixster)
|inactive|claudechamp also wants the timer to be on.
|
|t:|1779822782
|teamsize|p1|6
|teamsize|p2|6
|start
|switch|p1a: Pelipper|Pelipper, M|100/100
|switch|p2a: Cinderace|Cinderace, F|100/100
|-weather|RainDance|[from] ability: Drizzle|[of] p1a: Pelipper
|turn|1
|
|t:|1779822788
|switch|p2a: Kyurem|Kyurem|100/100
|-ability|p2a: Kyurem|Pressure
|move|p1a: Pelipper|U-turn|p2a: Kyurem
|-damage|p2a: Kyurem|93/100
|
|t:|1779822802
|switch|p1a: Overqwil|Overqwil, F|100/100|[from] U-turn
|
|-weather|RainDance|[upkeep]
|-heal|p2a: Kyurem|99/100|[from] item: Leftovers
|upkeep
|turn|2
|
|t:|1779822818
|move|p1a: Overqwil|Barb Barrage|p2a: Kyurem
|-damage|p2a: Kyurem|58/100
|-damage|p1a: Overqwil|91/100|[from] item: Life Orb
|move|p2a: Kyurem|Freeze-Dry|p1a: Overqwil
|-damage|p1a: Overqwil|33/100
|
|-weather|RainDance|[upkeep]
|-heal|p2a: Kyurem|65/100|[from] item: Leftovers
|upkeep
|turn|3
|
|t:|1779822825
|move|p1a: Overqwil|Barb Barrage|p2a: Kyurem
|-damage|p2a: Kyurem|26/100
|-damage|p1a: Overqwil|23/100|[from] item: Life Orb
|move|p2a: Kyurem|Freeze-Dry|p1a: Overqwil
|-damage|p1a: Overqwil|0 fnt
|faint|p1a: Overqwil
|
|-weather|RainDance|[upkeep]
|-heal|p2a: Kyurem|32/100|[from] item: Leftovers
|upkeep
|
|t:|1779822841
|switch|p1a: Barraskewda|Barraskewda, F|100/100
|turn|4
|
|t:|1779822843
|-terastallize|p1a: Barraskewda|Water
|move|p1a: Barraskewda|Liquidation|p2a: Kyurem
|-resisted|p2a: Kyurem
|-damage|p2a: Kyurem|0 fnt
|faint|p2a: Kyurem
|
|-weather|RainDance|[upkeep]
|upkeep
|
|t:|1779822851
|switch|p2a: Dondozo|Dondozo, F|100/100
|turn|5
|
|t:|1779822857
|switch|p1a: Raging Bolt|Raging Bolt|100/100
|-enditem|p1a: Raging Bolt|Booster Energy
|-activate|p1a: Raging Bolt|ability: Protosynthesis|[fromitem]
|-start|p1a: Raging Bolt|protosynthesisspa
|move|p2a: Dondozo|Waterfall|p1a: Raging Bolt
|-resisted|p1a: Raging Bolt
|-damage|p1a: Raging Bolt|83/100
|
|-weather|RainDance|[upkeep]
|upkeep
|turn|6
|
|t:|1779822864
|switch|p2a: Ting-Lu|Ting-Lu|100/100
|-ability|p2a: Ting-Lu|Vessel of Ruin
|move|p1a: Raging Bolt|Calm Mind|p1a: Raging Bolt
|-boost|p1a: Raging Bolt|spa|1
|-boost|p1a: Raging Bolt|spd|1
|
|-weather|RainDance|[upkeep]
|upkeep
|turn|7
|
|t:|1779822869
|move|p1a: Raging Bolt|Weather Ball|p2a: Ting-Lu
|-supereffective|p2a: Ting-Lu
|-damage|p2a: Ting-Lu|0 fnt
|faint|p2a: Ting-Lu
|
|-weather|RainDance|[upkeep]
|upkeep
|
|t:|1779822874
|switch|p2a: Dondozo|Dondozo, F|100/100
|turn|8
|
|t:|1779822878
|move|p1a: Raging Bolt|Thunderclap|p2a: Dondozo
|-supereffective|p2a: Dondozo
|-damage|p2a: Dondozo|35/100
|move|p2a: Dondozo|Body Press|p1a: Raging Bolt
|-damage|p1a: Raging Bolt|65/100
|
|-weather|none
|-heal|p2a: Dondozo|41/100|[from] item: Leftovers
|upkeep
|turn|9
|
|t:|1779822885
|switch|p2a: Corviknight|Corviknight, F|100/100
|-ability|p2a: Corviknight|Pressure
|move|p1a: Raging Bolt|Thunderclap||[still]
|-fail|p1a: Raging Bolt
|
|upkeep
|turn|10
|
|t:|1779822890
|-terastallize|p2a: Corviknight|Dragon
|move|p1a: Raging Bolt|Thunderclap||[still]
|-fail|p1a: Raging Bolt
|move|p2a: Corviknight|Roost||[still]
|-fail|p2a: Corviknight|heal
|
|upkeep
|turn|11
|
|t:|1779822899
|move|p1a: Raging Bolt|Dragon Pulse|p2a: Corviknight
|-supereffective|p2a: Corviknight
|-damage|p2a: Corviknight|0 fnt
|faint|p2a: Corviknight
|
|upkeep
|
|t:|1779822904
|switch|p2a: Slowking|Slowking-Galar, F|100/100
|turn|12
|
|t:|1779822909
|move|p1a: Raging Bolt|Thunderclap|p2a: Slowking
|-damage|p2a: Slowking|35/100
|move|p2a: Slowking|Sludge Bomb|p1a: Raging Bolt
|-damage|p1a: Raging Bolt|44/100
|
|upkeep
|turn|13
|
|t:|1779822916
|switch|p2a: Dondozo|Dondozo, F|41/100
|move|p1a: Raging Bolt|Thunderclap||[still]
|-fail|p1a: Raging Bolt
|
|-heal|p2a: Dondozo|47/100|[from] item: Leftovers
|upkeep
|turn|14
|
|t:|1779822919
|move|p1a: Raging Bolt|Thunderclap|p2a: Dondozo
|-supereffective|p2a: Dondozo
|-damage|p2a: Dondozo|0 fnt
|faint|p2a: Dondozo
|
|upkeep
|
|t:|1779822928
|switch|p2a: Slowking|Slowking-Galar, F|68/100
|turn|15
|
|t:|1779822956
|move|p1a: Raging Bolt|Dragon Pulse|p2a: Slowking
|-damage|p2a: Slowking|0 fnt
|faint|p2a: Slowking
|
|upkeep
|
|t:|1779822962
|switch|p2a: Cinderace|Cinderace, F|100/100
|turn|16
|
|t:|1779822970
|move|p2a: Cinderace|U-turn|p1a: Raging Bolt
|-damage|p1a: Raging Bolt|26/100
|move|p1a: Raging Bolt|Dragon Pulse|p2a: Cinderace
|-damage|p2a: Cinderace|0 fnt
|faint|p2a: Cinderace
|
|win|flixster
|raw|flixster's rating: 1206 &rarr; <strong>1233</strong><br />(+27 for winning)
|raw|claudechamp's rating: 1235 &rarr; <strong>1208</strong><br />(-27 for losing)
|c|☆claudechamp|gg
|l|☆flixster
|player|p1|
