|j|☆rulou
|j|☆LeChunkalo
|t:|1779927378
|gametype|singles
|player|p1|rulou|backpacker|1659
|player|p2|LeChunkalo|biker-gen4|1526
|gen|9
|tier|[Gen 9] OU
|rated|
|rule|HP Percentage Mod: HP is shown in percentages
|rule|Endless Battle Clause: Forcing endless battles is banned
|rule|Species Clause: Limit one of each Pokémon
|rule|OHKO Clause: OHKO moves are banned
|rule|Evasion Items Clause: Evasion items are banned
|rule|Evasion Moves Clause: Evasion moves are banned
|rule|Evasion Abilities Clause: Evasion abilities are banned
|rule|Sleep Moves Clause: Sleep-inducing moves are banned
|clearpoke
|poke|p1|Kyurem|
|poke|p1|Cinderace, M|
|poke|p1|Tornadus-Therian, M|
|poke|p1|Hatterene, F|
|poke|p1|Great Tusk|
|poke|p1|Kingambit, F|
|poke|p2|Ogerpon-Cornerstone, F|
|poke|p2|Pecharunt|
|poke|p2|Zapdos-Galar|
|poke|p2|Dragonite, M|
|poke|p2|Iron Treads|
|poke|p2|Primarina, F|
|teampreview
|inactive|Battle timer is ON: inactive players will automatically lose when time's up. (requested by LeChunkalo)
|c|☆rulou|hf
|
|t:|1779927397
|teamsize|p1|6
|teamsize|p2|6
|start
|switch|p1a: Cinderace|Cinderace, M|100/100
|switch|p2a: Zapdos|Zapdos-Galar|100/100
|turn|1
|
|t:|1779927407
|move|p2a: Zapdos|Close Combat|p1a: Cinderace
|-damage|p1a: Cinderace|16/100
|-unboost|p2a: Zapdos|def|1
|-unboost|p2a: Zapdos|spd|1
|move|p1a: Cinderace|U-turn|p2a: Zapdos
|-start|p1a: Cinderace|typechange|Bug|[from] ability: Libero
|-resisted|p2a: Zapdos
|-damage|p2a: Zapdos|85/100
|
|t:|1779927417
|switch|p1a: Tornadus|Tornadus-Therian, M|100/100|[from] U-turn
|
|upkeep
|turn|2
|
|t:|1779927428
|switch|p2a: Primarina|Primarina, F|100/100
|move|p1a: Tornadus|Knock Off|p2a: Primarina
|-resisted|p2a: Primarina
|-damage|p2a: Primarina|86/100
|-enditem|p2a: Primarina|Leftovers|[from] move: Knock Off|[of] p1a: Tornadus
|
|upkeep
|turn|3
|
|t:|1779927438
|move|p1a: Tornadus|U-turn|p2a: Primarina
|-resisted|p2a: Primarina
|-damage|p2a: Primarina|76/100
|
|t:|1779927447
|switch|p1a: Kyurem|Kyurem|100/100|[from] U-turn
|-ability|p1a: Kyurem|Pressure
|move|p2a: Primarina|Moonblast|p1a: Kyurem
|-supereffective|p1a: Kyurem
|-damage|p1a: Kyurem|1/100
|
|upkeep
|turn|4
|
|t:|1779927463
|switch|p2a: Iron Treads|Iron Treads|100/100
|move|p1a: Kyurem|Freeze-Dry|p2a: Iron Treads
|-damage|p2a: Iron Treads|19/100
|
|-heal|p2a: Iron Treads|25/100|[from] item: Leftovers
|upkeep
|turn|5
|
|t:|1779927467
|move|p2a: Iron Treads|Rapid Spin|p1a: Kyurem
|-damage|p1a: Kyurem|0 fnt
|-boost|p2a: Iron Treads|spe|1
|faint|p1a: Kyurem
|
|-heal|p2a: Iron Treads|32/100|[from] item: Leftovers
|upkeep
|
|t:|1779927470
|switch|p1a: Great Tusk|Great Tusk|100/100
|turn|6
|
|t:|1779927478
|-end|p2a: Iron Treads|Quark Drive|[silent]
|switch|p2a: Zapdos|Zapdos-Galar|85/100
|move|p1a: Great Tusk|Stealth Rock|p2a: Zapdos
|-sidestart|p2: LeChunkalo|move: Stealth Rock
|
|upkeep
|turn|7
|
|t:|1779927490
|-end|p1a: Great Tusk|Protosynthesis|[silent]
|switch|p1a: Cinderace|Cinderace, M|16/100
|move|p2a: Zapdos|Brave Bird|p1a: Cinderace
|-damage|p1a: Cinderace|0 fnt
|faint|p1a: Cinderace
|-damage|p2a: Zapdos|80/100|[from] Recoil
|
|upkeep
|
|t:|1779927493
|switch|p1a: Kingambit|Kingambit, F|100/100
|-activate|p1a: Kingambit|ability: Supreme Overlord
|-start|p1a: Kingambit|fallen2|[silent]
|turn|8
|
|t:|1779927499
|switch|p2a: Iron Treads|Iron Treads|32/100
|-damage|p2a: Iron Treads|29/100|[from] Stealth Rock
|move|p1a: Kingambit|Swords Dance|p1a: Kingambit
|-boost|p1a: Kingambit|atk|2
|
|-heal|p2a: Iron Treads|35/100|[from] item: Leftovers
|upkeep
|turn|9
|
|t:|1779927504
|move|p2a: Iron Treads|Rapid Spin|p1a: Kingambit
|-resisted|p1a: Kingambit
|-damage|p1a: Kingambit|94/100
|-boost|p2a: Iron Treads|spe|1
|-sideend|p2: LeChunkalo|Stealth Rock|[from] move: Rapid Spin|[of] p2a: Iron Treads
|move|p1a: Kingambit|Kowtow Cleave|p2a: Iron Treads
|-damage|p2a: Iron Treads|0 fnt
|faint|p2a: Iron Treads
|-end|p2a: Iron Treads|Quark Drive|[silent]
|
|-heal|p1a: Kingambit|100/100|[from] item: Leftovers
|upkeep
|
|t:|1779927518
|switch|p2a: Ogerpon|Ogerpon-Cornerstone, F|100/100
|turn|10
|
|t:|1779927525
|-terastallize|p1a: Kingambit|Ghost
|move|p2a: Ogerpon|Low Kick|p1a: Kingambit
|-immune|p1a: Kingambit
|move|p1a: Kingambit|Kowtow Cleave|p2a: Ogerpon
|-ability|p2a: Ogerpon|Sturdy
|-damage|p2a: Ogerpon|1/100
|
|upkeep
|turn|11
|
|t:|1779927531
|move|p1a: Kingambit|Sucker Punch||[still]
|-fail|p1a: Kingambit
|move|p2a: Ogerpon|Swords Dance|p2a: Ogerpon
|-boost|p2a: Ogerpon|atk|2
|
|upkeep
|turn|12
|
|t:|1779927536
|move|p1a: Kingambit|Sucker Punch|p2a: Ogerpon
|-damage|p2a: Ogerpon|0 fnt
|faint|p2a: Ogerpon
|
|upkeep
|
|t:|1779927538
|switch|p2a: Zapdos|Zapdos-Galar|80/100
|turn|13
|
|t:|1779927545
|-terastallize|p2a: Zapdos|Dark
|move|p2a: Zapdos|Knock Off|p1a: Kingambit
|-supereffective|p1a: Kingambit
|-damage|p1a: Kingambit|34/100
|-enditem|p1a: Kingambit|Leftovers|[from] move: Knock Off|[of] p2a: Zapdos
|move|p1a: Kingambit|Iron Head|p2a: Zapdos
|-damage|p2a: Zapdos|0 fnt
|faint|p2a: Zapdos
|
|upkeep
|
|t:|1779927558
|switch|p2a: Dragonite|Dragonite, M|100/100
|turn|14
|
|t:|1779927564
|move|p2a: Dragonite|Earthquake|p1a: Kingambit
|-damage|p1a: Kingambit|5/100
|move|p1a: Kingambit|Kowtow Cleave|p2a: Dragonite
|-damage|p2a: Dragonite|43/100
|
|upkeep
|turn|15
|
|t:|1779927569
|move|p1a: Kingambit|Sucker Punch||[still]
|-fail|p1a: Kingambit
|move|p2a: Dragonite|Roost|p2a: Dragonite
|-heal|p2a: Dragonite|93/100
|-singleturn|p2a: Dragonite|move: Roost
|
|upkeep
|turn|16
|
|t:|1779927575
|move|p1a: Kingambit|Sucker Punch|p2a: Dragonite
|-damage|p2a: Dragonite|1/100
|move|p2a: Dragonite|Earthquake|p1a: Kingambit
|-damage|p1a: Kingambit|0 fnt
|faint|p1a: Kingambit
|-end|p1a: Kingambit|fallen2|[silent]
|
|upkeep
|
|t:|1779927583
|switch|p1a: Great Tusk|Great Tusk|100/100
|turn|17
|
|t:|1779927588
|move|p1a: Great Tusk|Ice Spinner|p2a: Dragonite
|-supereffective|p2a: Dragonite
|-damage|p2a: Dragonite|0 fnt
|faint|p2a: Dragonite
|
|upkeep
|
|t:|1779927591
|switch|p2a: Primarina|Primarina, F|76/100
|turn|18
|
|t:|1779927598
|-end|p1a: Great Tusk|Protosynthesis|[silent]
|switch|p1a: Tornadus|Tornadus-Therian, M|100/100
|move|p2a: Primarina|Surf|p1a: Tornadus
|-damage|p1a: Tornadus|66/100
|
|upkeep
|turn|19
|
|t:|1779927603
|move|p1a: Tornadus|Bleakwind Storm|p2a: Primarina
|-damage|p2a: Primarina|41/100
|-unboost|p2a: Primarina|spe|1
|move|p2a: Primarina|Moonblast|p1a: Tornadus
|-damage|p1a: Tornadus|31/100
|
|upkeep
|turn|20
|
|t:|1779927617
|move|p1a: Tornadus|U-turn|p2a: Primarina
|-resisted|p2a: Primarina
|-damage|p2a: Primarina|31/100
|
|t:|1779927620
|switch|p1a: Hatterene|Hatterene, F|100/100|[from] U-turn
|move|p2a: Primarina|Moonblast|p1a: Hatterene
|-crit|p1a: Hatterene
|-damage|p1a: Hatterene|23/100
|
|-heal|p1a: Hatterene|29/100|[from] item: Leftovers
|upkeep
|turn|21
|
|t:|1779927635
|move|p2a: Primarina|Moonblast|p1a: Hatterene
|-damage|p1a: Hatterene|0 fnt
|faint|p1a: Hatterene
|
|upkeep
|
|t:|1779927638
|switch|p1a: Great Tusk|Great Tusk|100/100
|turn|22
|
|t:|1779927641
|move|p1a: Great Tusk|Headlong Rush|p2a: Primarina
|-damage|p2a: Primarina|0 fnt
|-unboost|p1a: Great Tusk|def|1
|-unboost|p1a: Great Tusk|spd|1
|faint|p2a: Primarina
|
|upkeep
|
|t:|1779927643
|switch|p2a: Pecharunt|Pecharunt|100/100
|turn|23
|
|t:|1779927651
|-end|p1a: Great Tusk|Protosynthesis|[silent]
|switch|p1a: Tornadus|Tornadus-Therian, M|64/100
|move|p2a: Pecharunt|Shadow Ball|p1a: Tornadus
|-damage|p1a: Tornadus|44/100
|
|upkeep
|turn|24
|
|t:|1779927657
|move|p1a: Tornadus|Knock Off|p2a: Pecharunt
|-supereffective|p2a: Pecharunt
|-damage|p2a: Pecharunt|71/100
|-enditem|p2a: Pecharunt|Heavy-Duty Boots|[from] move: Knock Off|[of] p1a: Tornadus
|move|p2a: Pecharunt|Malignant Chain|p1a: Tornadus
|-damage|p1a: Tornadus|19/100
|
|upkeep
|turn|25
|
|t:|1779927665
|move|p1a: Tornadus|U-turn|p2a: Pecharunt
|-resisted|p2a: Pecharunt
|-damage|p2a: Pecharunt|69/100
|
|t:|1779927668
|switch|p1a: Great Tusk|Great Tusk|100/100|[from] U-turn
|move|p2a: Pecharunt|Recover|p2a: Pecharunt
|-heal|p2a: Pecharunt|100/100
|
|upkeep
|turn|26
|
|t:|1779927681
|-end|p1a: Great Tusk|Protosynthesis|[silent]
|switch|p1a: Tornadus|Tornadus-Therian, M|52/100
|move|p2a: Pecharunt|Malignant Chain|p1a: Tornadus
|-crit|p1a: Tornadus
|-damage|p1a: Tornadus|14/100
|-status|p1a: Tornadus|tox
|-start|p1a: Tornadus|confusion|[from] ability: Poison Puppeteer|[of] p2a: Pecharunt
|
|-damage|p1a: Tornadus|7/100 tox|[from] psn
|upkeep
|turn|27
|
|t:|1779927692
|-activate|p1a: Tornadus|confusion
|-damage|p1a: Tornadus|0 fnt|[from] confusion
|faint|p1a: Tornadus
|move|p2a: Pecharunt|Shadow Ball|p1: Tornadus|[notarget]
|-fail|p2a: Pecharunt
|
|upkeep
|
|t:|1779927695
|switch|p1a: Great Tusk|Great Tusk|100/100
|turn|28
|
|t:|1779927703
|move|p2a: Pecharunt|Shadow Ball|p1a: Great Tusk
|-damage|p1a: Great Tusk|62/100
|-unboost|p1a: Great Tusk|spd|1
|move|p1a: Great Tusk|Headlong Rush|p2a: Pecharunt
|-supereffective|p2a: Pecharunt
|-damage|p2a: Pecharunt|32/100
|-unboost|p1a: Great Tusk|def|1
|-unboost|p1a: Great Tusk|spd|1
|
|upkeep
|turn|29
|
|t:|1779927706
|move|p2a: Pecharunt|Recover|p2a: Pecharunt
|-heal|p2a: Pecharunt|82/100
|move|p1a: Great Tusk|Headlong Rush|p2a: Pecharunt
|-supereffective|p2a: Pecharunt
|-damage|p2a: Pecharunt|9/100
|-unboost|p1a: Great Tusk|def|1
|-unboost|p1a: Great Tusk|spd|1
|
|upkeep
|turn|30
|
|t:|1779927709
|move|p2a: Pecharunt|Shadow Ball|p1a: Great Tusk
|-damage|p1a: Great Tusk|0 fnt
|faint|p1a: Great Tusk
|-end|p1a: Great Tusk|Protosynthesis|[silent]
|
|win|LeChunkalo
|raw|rulou's rating: 1659 &rarr; <strong>1632</strong><br />(-27 for losing)
|raw|LeChunkalo's rating: 1526 &rarr; <strong>1553</strong><br />(+27 for winning)
|l|☆rulou
|player|p1|
|l|☆LeChunkalo
|player|p2|
