|j|☆info_cntrl
|j|☆JGLoryOG
|t:|1779877446
|gametype|singles
|player|p1|info_cntrl|hugh|1262
|player|p2|JGLoryOG|265|1191
|gen|9
|tier|[Gen 9] OU
|rated|
|rule|HP Percentage Mod: HP is shown in percentages
|rule|Endless Battle Clause: Forcing endless battles is banned
|rule|Species Clause: Limit one of each Pokémon
|rule|OHKO Clause: OHKO moves are banned
|rule|Evasion Items Clause: Evasion items are banned
|rule|Evasion Moves Clause: Evasion moves are banned
|rule|Evasion Abilities Clause: Evasion abilities are banned
|rule|Sleep Moves Clause: Sleep-inducing moves are banned
|clearpoke
|poke|p1|Gliscor, M|
|poke|p1|Thundurus, M|
|poke|p1|Hatterene, F|
|poke|p1|Kommo-o, F|
|poke|p1|Toxapex, M|
|poke|p1|Ambipom, M|
|poke|p2|Cinderace, M|
|poke|p2|Garganacl, M|
|poke|p2|Primarina, F|
|poke|p2|Gliscor, M|
|poke|p2|Espeon, M|
|poke|p2|Serperior, F|
|teampreview
|
|t:|1779877456
|teamsize|p1|6
|teamsize|p2|6
|start
|switch|p1a: Charlie Kwerk|Ambipom, M|100/100
|switch|p2a: Mikido|Gliscor, M, shiny|100/100
|turn|1
|
|t:|1779877464
|move|p1a: Charlie Kwerk|Fake Out|p2a: Mikido
|-damage|p2a: Mikido|86/100
|cant|p2a: Mikido|flinch
|
|-status|p2a: Mikido|tox|[from] item: Toxic Orb
|upkeep
|turn|2
|
|t:|1779877471
|move|p1a: Charlie Kwerk|Triple Axel|p2a: Mikido
|-supereffective|p2a: Mikido
|-damage|p2a: Mikido|64/100 tox
|-supereffective|p2a: Mikido
|-crit|p2a: Mikido
|-damage|p2a: Mikido|3/100 tox
|-supereffective|p2a: Mikido
|-damage|p2a: Mikido|0 fnt
|faint|p2a: Mikido
|-hitcount|p2: Mikido|3
|
|upkeep
|
|t:|1779877489
|switch|p2a: Leon|Cinderace, M, shiny|100/100
|turn|3
|
|t:|1779877494
|switch|p1a: Your Ex|Toxapex, M|100/100
|move|p2a: Leon|Pyro Ball|p1a: Your Ex
|-resisted|p1a: Your Ex
|-damage|p1a: Your Ex|83/100
|-status|p1a: Your Ex|brn
|
|-heal|p1a: Your Ex|90/100 brn|[from] item: Black Sludge
|-damage|p1a: Your Ex|83/100 brn|[from] brn
|upkeep
|turn|4
|
|t:|1779877504
|move|p2a: Leon|U-turn|p1a: Your Ex
|-start|p2a: Leon|typechange|Bug|[from] ability: Libero
|-resisted|p1a: Your Ex
|-damage|p1a: Your Ex|74/100 brn
|
|t:|1779877510
|switch|p2a: Jae|Espeon, M|100/100|[from] U-turn
|move|p1a: Your Ex|Toxic|p2a: Jae
|move|p2a: Jae|Toxic||[from] ability: Magic Bounce|[still]
|-fail|p2a: Jae
|
|-heal|p1a: Your Ex|80/100 brn|[from] item: Black Sludge
|-damage|p1a: Your Ex|74/100 brn|[from] brn
|upkeep
|turn|5
|
|t:|1779877522
|switch|p1a: Adieu|Hatterene, F|100/100
|move|p2a: Jae|Psychic|p1a: Adieu
|-resisted|p1a: Adieu
|-damage|p1a: Adieu|84/100
|
|upkeep
|turn|6
|
|t:|1779877540
|switch|p2a: Megumi|Garganacl, M|100/100
|move|p1a: Adieu|Light Screen|p1a: Adieu
|-sidestart|p1: info_cntrl|move: Light Screen
|
|upkeep
|turn|7
|
|t:|1779877545
|move|p2a: Megumi|Salt Cure|p1a: Adieu
|-damage|p1a: Adieu|67/100
|-start|p1a: Adieu|Salt Cure
|move|p1a: Adieu|Reflect|p1a: Adieu
|-sidestart|p1: info_cntrl|Reflect
|
|-damage|p1a: Adieu|55/100|[from] Salt Cure
|upkeep
|turn|8
|
|t:|1779877556
|switch|p2a: Leon|Cinderace, M, shiny|100/100
|move|p1a: Adieu|Pain Split|p2a: Leon
|-sethp|p2a: Leon|79/100|[from] move: Pain Split|[silent]
|-sethp|p1a: Adieu|75/100|[from] move: Pain Split
|
|-damage|p1a: Adieu|63/100|[from] Salt Cure
|upkeep
|turn|9
|
|t:|1779877566
|move|p2a: Leon|Court Change|p2a: Leon
|-start|p2a: Leon|typechange|Normal|[from] ability: Libero
|-swapsideconditions
|-activate|p2a: Leon|move: Court Change
|move|p1a: Adieu|Light Screen|p1a: Adieu
|-sidestart|p1: info_cntrl|move: Light Screen
|
|-damage|p1a: Adieu|50/100|[from] Salt Cure
|upkeep
|turn|10
|
|t:|1779877577
|switch|p2a: Rosé|Serperior, F|100/100
|move|p1a: Adieu|Reflect|p1a: Adieu
|-sidestart|p1: info_cntrl|Reflect
|
|-damage|p1a: Adieu|38/100|[from] Salt Cure
|upkeep
|turn|11
|
|t:|1779877586
|move|p2a: Rosé|Leaf Storm|p1a: Adieu
|-damage|p1a: Adieu|20/100
|-boost|p2a: Rosé|spa|2
|move|p1a: Adieu|Pain Split|p2a: Rosé
|-sethp|p2a: Rosé|61/100|[from] move: Pain Split|[silent]
|-sethp|p1a: Adieu|56/100|[from] move: Pain Split
|
|-damage|p1a: Adieu|44/100|[from] Salt Cure
|upkeep
|turn|12
|
|t:|1779877598
|-terastallize|p2a: Rosé|Grass
|move|p2a: Rosé|Leaf Storm|p1a: Adieu
|-damage|p1a: Adieu|0 fnt
|-boost|p2a: Rosé|spa|2
|faint|p1a: Adieu
|
|upkeep
|
|t:|1779877608
|switch|p1a: Your Ex|Toxapex, M|100/100 brn
|turn|13
|
|t:|1779877612
|move|p2a: Rosé|Leaf Storm|p1a: Your Ex
|-damage|p1a: Your Ex|16/100 brn
|-boost|p2a: Rosé|spa|2
|move|p1a: Your Ex|Haze|p1a: Your Ex
|-clearallboost
|
|-heal|p1a: Your Ex|22/100 brn|[from] item: Black Sludge
|-damage|p1a: Your Ex|16/100 brn|[from] brn
|-sideend|p2: JGLoryOG|move: Light Screen
|upkeep
|turn|14
|
|t:|1779877623
|switch|p1a: Charlie Kwerk|Ambipom, M|100/100
|move|p2a: Rosé|Leaf Storm|p1a: Charlie Kwerk
|-damage|p1a: Charlie Kwerk|48/100
|-boost|p2a: Rosé|spa|2
|
|-sideend|p2: JGLoryOG|Reflect
|upkeep
|turn|15
|
|t:|1779877631
|move|p1a: Charlie Kwerk|Fake Out|p2a: Rosé
|-damage|p2a: Rosé|29/100
|cant|p2a: Rosé|flinch
|
|upkeep
|turn|16
|
|t:|1779877637
|move|p2a: Rosé|Leaf Storm|p1a: Charlie Kwerk
|-damage|p1a: Charlie Kwerk|0 fnt
|-boost|p2a: Rosé|spa|2
|faint|p1a: Charlie Kwerk
|
|-sideend|p1: info_cntrl|move: Light Screen
|upkeep
|
|t:|1779877649
|switch|p1a: Florida Keys|Kommo-o, F|100/100
|turn|17
|
|t:|1779877653
|move|p1a: Florida Keys|Vacuum Wave|p2a: Rosé
|-damage|p2a: Rosé|6/100
|move|p2a: Rosé|Leaf Storm|p1a: Florida Keys|[miss]
|-miss|p2a: Rosé|p1a: Florida Keys
|
|-sideend|p1: info_cntrl|Reflect
|upkeep
|turn|18
|
|t:|1779877658
|move|p1a: Florida Keys|Vacuum Wave|p2a: Rosé
|-damage|p2a: Rosé|0 fnt
|faint|p2a: Rosé
|
|upkeep
|
|t:|1779877669
|switch|p2a: Melody|Primarina, F, shiny|100/100
|turn|19
|
|t:|1779877676
|switch|p1a: Your Ex|Toxapex, M|49/100 brn
|move|p2a: Melody|Moonblast|p1a: Your Ex
|-resisted|p1a: Your Ex
|-damage|p1a: Your Ex|25/100 brn
|
|-heal|p1a: Your Ex|31/100 brn|[from] item: Black Sludge
|-damage|p1a: Your Ex|25/100 brn|[from] brn
|upkeep
|turn|20
|
|t:|1779877687
|switch|p2a: Jae|Espeon, M|100/100
|move|p1a: Your Ex|Toxic|p2a: Jae
|move|p2a: Jae|Toxic||[from] ability: Magic Bounce|[still]
|-fail|p2a: Jae
|
|-heal|p1a: Your Ex|31/100 brn|[from] item: Black Sludge
|-damage|p1a: Your Ex|25/100 brn|[from] brn
|upkeep
|turn|21
|
|t:|1779877698
|move|p1a: Your Ex|Baneful Bunker|p1a: Your Ex
|-singleturn|p1a: Your Ex|move: Protect
|move|p2a: Jae|Psychic|p1a: Your Ex
|-activate|p1a: Your Ex|move: Protect
|
|-heal|p1a: Your Ex|31/100 brn|[from] item: Black Sludge
|-damage|p1a: Your Ex|25/100 brn|[from] brn
|upkeep
|turn|22
|
|t:|1779877705
|switch|p1a: Settle|Gliscor, M|100/100
|move|p2a: Jae|Psychic|p1a: Settle
|-damage|p1a: Settle|29/100
|
|-status|p1a: Settle|tox|[from] item: Toxic Orb
|upkeep
|turn|23
|
|t:|1779877713
|move|p1a: Settle|Protect|p1a: Settle
|-singleturn|p1a: Settle|Protect
|move|p2a: Jae|Psychic|p1a: Settle
|-activate|p1a: Settle|move: Protect
|
|-heal|p1a: Settle|42/100 tox|[from] ability: Poison Heal
|upkeep
|turn|24
|
|t:|1779877722
|move|p2a: Jae|Psychic|p1a: Settle
|-damage|p1a: Settle|0 fnt
|faint|p1a: Settle
|
|upkeep
|
|t:|1779877724
|switch|p1a: Florida Keys|Kommo-o, F|100/100
|turn|25
|
|t:|1779877731
|-terastallize|p1a: Florida Keys|Steel
|move|p2a: Jae|Dazzling Gleam|p1a: Florida Keys
|-resisted|p1a: Florida Keys
|-damage|p1a: Florida Keys|84/100
|move|p1a: Florida Keys|Clangorous Soul|p1a: Florida Keys
|-boost|p1a: Florida Keys|atk|1
|-boost|p1a: Florida Keys|def|1
|-boost|p1a: Florida Keys|spa|1
|-boost|p1a: Florida Keys|spd|1
|-boost|p1a: Florida Keys|spe|1
|-damage|p1a: Florida Keys|51/100
|-enditem|p1a: Florida Keys|Throat Spray
|-boost|p1a: Florida Keys|spa|1|[from] item: Throat Spray
|
|upkeep
|turn|26
|
|t:|1779877747
|switch|p2a: Melody|Primarina, F, shiny|100/100
|move|p1a: Florida Keys|Boomburst|p2a: Melody
|-damage|p2a: Melody|59/100
|
|upkeep
|turn|27
|
|t:|1779877757
|move|p1a: Florida Keys|Clangorous Soul|p1a: Florida Keys
|-boost|p1a: Florida Keys|atk|1
|-boost|p1a: Florida Keys|def|1
|-boost|p1a: Florida Keys|spa|1
|-boost|p1a: Florida Keys|spd|1
|-boost|p1a: Florida Keys|spe|1
|-damage|p1a: Florida Keys|18/100
|move|p2a: Melody|Sparkling Aria|p1a: Florida Keys
|-damage|p1a: Florida Keys|0 fnt
|faint|p1a: Florida Keys
|
|upkeep
|
|t:|1779877760
|switch|p1a: Thundurus|Thundurus, M|100/100
|turn|28
|
|t:|1779877769
|move|p1a: Thundurus|Wildbolt Storm|p2a: Melody
|-supereffective|p2a: Melody
|-crit|p2a: Melody
|-damage|p2a: Melody|0 fnt
|faint|p2a: Melody
|
|upkeep
|
|t:|1779877777
|switch|p2a: Leon|Cinderace, M, shiny|79/100
|turn|29
|
|t:|1779877790
|move|p2a: Leon|Pyro Ball|p1a: Thundurus
|-damage|p1a: Thundurus|10/100
|move|p1a: Thundurus|Volt Switch|p2a: Leon
|-damage|p2a: Leon|28/100
|
|t:|1779877794
|switch|p1a: Your Ex|Toxapex, M|58/100 brn|[from] Volt Switch
|
|-heal|p1a: Your Ex|65/100 brn|[from] item: Black Sludge
|-damage|p1a: Your Ex|58/100 brn|[from] brn
|upkeep
|turn|30
|
|t:|1779877802
|move|p2a: Leon|U-turn|p1a: Your Ex
|-start|p2a: Leon|typechange|Bug|[from] ability: Libero
|-resisted|p1a: Your Ex
|-damage|p1a: Your Ex|48/100 brn
|
|t:|1779877807
|switch|p2a: Megumi|Garganacl, M|100/100|[from] U-turn
|move|p1a: Your Ex|Liquidation|p2a: Megumi
|-supereffective|p2a: Megumi
|-damage|p2a: Megumi|91/100
|-unboost|p2a: Megumi|def|1
|
|-heal|p1a: Your Ex|54/100 brn|[from] item: Black Sludge
|-heal|p2a: Megumi|97/100|[from] item: Leftovers
|-damage|p1a: Your Ex|48/100 brn|[from] brn
|upkeep
|turn|31
|
|t:|1779877825
|move|p1a: Your Ex|Toxic|p2a: Megumi
|-immune|p2a: Megumi|[from] ability: Purifying Salt
|move|p2a: Megumi|Salt Cure|p1a: Your Ex
|-damage|p1a: Your Ex|40/100 brn
|-start|p1a: Your Ex|Salt Cure
|
|-heal|p1a: Your Ex|46/100 brn|[from] item: Black Sludge
|-heal|p2a: Megumi|100/100|[from] item: Leftovers
|-damage|p1a: Your Ex|40/100 brn|[from] brn
|-damage|p1a: Your Ex|15/100 brn|[from] Salt Cure
|upkeep
|turn|32
|
|t:|1779877837
|move|p1a: Your Ex|Baneful Bunker|p1a: Your Ex
|-singleturn|p1a: Your Ex|move: Protect
|move|p2a: Megumi|Substitute|p2a: Megumi
|-start|p2a: Megumi|Substitute
|-damage|p2a: Megumi|75/100
|
|-heal|p1a: Your Ex|21/100 brn|[from] item: Black Sludge
|-heal|p2a: Megumi|82/100|[from] item: Leftovers
|-damage|p1a: Your Ex|15/100 brn|[from] brn
|-damage|p1a: Your Ex|0 fnt|[from] Salt Cure
|faint|p1a: Your Ex
|upkeep
|
|t:|1779877839
|switch|p1a: Thundurus|Thundurus, M|10/100
|turn|33
|
|t:|1779877852
|move|p1a: Thundurus|Flash Cannon|p2a: Megumi
|-supereffective|p2a: Megumi
|-end|p2a: Megumi|Substitute
|move|p2a: Megumi|Salt Cure|p1a: Thundurus
|-supereffective|p1a: Thundurus
|-damage|p1a: Thundurus|0 fnt
|faint|p1a: Thundurus
|
|win|JGLoryOG
|raw|info_cntrl's rating: 1262 &rarr; <strong>1232</strong><br />(-30 for losing)
|raw|JGLoryOG's rating: 1191 &rarr; <strong>1221</strong><br />(+30 for winning)
|c|☆info_cntrl|Gg
|l|☆info_cntrl
|player|p1|
|l|☆JGLoryOG
|player|p2|
|j|☆JGLoryOG
|player|p2|JGLoryOG|265|
