|j|☆lousiv
|j|☆cat party
|t:|1779883854
|gametype|singles
|player|p1|lousiv|volkner|1364
|player|p2|cat party|169|1402
|gen|9
|tier|[Gen 9] OU
|rated|
|rule|HP Percentage Mod: HP is shown in percentages
|rule|Endless Battle Clause: Forcing endless battles is banned
|rule|Species Clause: Limit one of each Pokémon
|rule|OHKO Clause: OHKO moves are banned
|rule|Evasion Items Clause: Evasion items are banned
|rule|Evasion Moves Clause: Evasion moves are banned
|rule|Evasion Abilities Clause: Evasion abilities are banned
|rule|Sleep Moves Clause: Sleep-inducing moves are banned
|clearpoke
|poke|p1|Enamorus-Therian, F|
|poke|p1|Ogerpon-Wellspring, F|
|poke|p1|Heatran, M|
|poke|p1|Gholdengo|
|poke|p1|Deoxys-Speed|
|poke|p1|Great Tusk|
|poke|p2|Slowking-Galar, F|
|poke|p2|Great Tusk|
|poke|p2|Kyurem|
|poke|p2|Kingambit, M|
|poke|p2|Cinderace, M|
|poke|p2|Zapdos|
|teampreview
|inactive|Battle timer is ON: inactive players will automatically lose when time's up. (requested by cat party)
|
|t:|1779883860
|teamsize|p1|6
|teamsize|p2|6
|start
|switch|p1a: Deoxys|Deoxys-Speed|100/100
|switch|p2a: Kyurem|Kyurem|100/100
|-ability|p1a: Deoxys|Pressure
|-ability|p2a: Kyurem|Pressure
|turn|1
|
|t:|1779883870
|move|p1a: Deoxys|Superpower|p2a: Kyurem
|-supereffective|p2a: Kyurem
|-damage|p2a: Kyurem|39/100
|-unboost|p1a: Deoxys|atk|1
|-unboost|p1a: Deoxys|def|1
|move|p2a: Kyurem|Ice Beam|p1a: Deoxys
|-damage|p1a: Deoxys|0 fnt
|faint|p1a: Deoxys
|
|upkeep
|
|t:|1779883874
|switch|p1a: Gholdengo|Gholdengo|100/100
|-item|p1a: Gholdengo|Air Balloon
|turn|2
|
|t:|1779883883
|move|p2a: Kyurem|Ice Beam|p1a: Gholdengo
|-resisted|p1a: Gholdengo
|-damage|p1a: Gholdengo|66/100
|-enditem|p1a: Gholdengo|Air Balloon
|move|p1a: Gholdengo|Make It Rain|p2a: Kyurem
|-supereffective|p2a: Kyurem
|-damage|p2a: Kyurem|0 fnt
|-unboost|p1a: Gholdengo|spa|1
|faint|p2a: Kyurem
|
|upkeep
|
|t:|1779883889
|switch|p2a: Cinderace|Cinderace, M|100/100
|turn|3
|
|t:|1779883895
|switch|p1a: Ogerpon|Ogerpon-Wellspring, F|100/100
|move|p2a: Cinderace|Pyro Ball|p1a: Ogerpon
|-damage|p1a: Ogerpon|36/100
|
|upkeep
|turn|4
|
|t:|1779883899
|move|p2a: Cinderace|U-turn|p1a: Ogerpon
|-supereffective|p1a: Ogerpon
|-damage|p1a: Ogerpon|0 fnt
|faint|p1a: Ogerpon
|
|t:|1779883901
|switch|p2a: Zapdos|Zapdos, shiny|100/100|[from] U-turn
|
|upkeep
|
|t:|1779883904
|switch|p1a: Heatran|Heatran, M|100/100
|turn|5
|
|t:|1779883915
|move|p2a: Zapdos|Thunder Wave|p1a: Heatran
|-status|p1a: Heatran|par
|cant|p1a: Heatran|par
|
|upkeep
|turn|6
|
|t:|1779883920
|move|p2a: Zapdos|Volt Switch|p1a: Heatran
|-crit|p1a: Heatran
|-damage|p1a: Heatran|73/100 par
|
|t:|1779883925
|switch|p2a: Slowking|Slowking-Galar, F|100/100|[from] Volt Switch
|move|p1a: Heatran|Magma Storm|p2a: Slowking|[miss]
|-miss|p1a: Heatran|p2a: Slowking
|
|-heal|p1a: Heatran|79/100 par|[from] item: Leftovers
|upkeep
|turn|7
|
|t:|1779883928
|move|p1a: Heatran|Magma Storm|p2a: Slowking|[miss]
|-miss|p1a: Heatran|p2a: Slowking
|-prepare|p2a: Slowking|Chilly Reception|[premajor]
|move|p2a: Slowking|Chilly Reception|p2a: Slowking
|-weather|Snowscape
|
|t:|1779883939
|switch|p2a: Great Tusk|Great Tusk|100/100|[from] Chilly Reception
|
|-weather|Snowscape|[upkeep]
|-heal|p1a: Heatran|85/100 par|[from] item: Leftovers
|upkeep
|turn|8
|
|t:|1779883951
|switch|p1a: Gholdengo|Gholdengo|66/100
|move|p2a: Great Tusk|Headlong Rush|p1a: Gholdengo
|-supereffective|p1a: Gholdengo
|-damage|p1a: Gholdengo|0 fnt
|-unboost|p2a: Great Tusk|def|1
|-unboost|p2a: Great Tusk|spd|1
|faint|p1a: Gholdengo
|
|-weather|Snowscape|[upkeep]
|upkeep
|
|t:|1779883953
|switch|p1a: Enamorus|Enamorus-Therian, F|100/100
|turn|9
|
|t:|1779883958
|-end|p2a: Great Tusk|Protosynthesis|[silent]
|switch|p2a: Zapdos|Zapdos, shiny|100/100
|move|p1a: Enamorus|Calm Mind|p1a: Enamorus
|-boost|p1a: Enamorus|spa|1
|-boost|p1a: Enamorus|spd|1
|
|-weather|Snowscape|[upkeep]
|upkeep
|turn|10
|
|t:|1779883976
|-terastallize|p1a: Enamorus|Ground
|move|p2a: Zapdos|Thunder Wave|p1a: Enamorus
|-immune|p1a: Enamorus
|move|p1a: Enamorus|Calm Mind|p1a: Enamorus
|-boost|p1a: Enamorus|spa|1
|-boost|p1a: Enamorus|spd|1
|
|-weather|Snowscape|[upkeep]
|upkeep
|turn|11
|
|t:|1779883988
|switch|p2a: Slowking|Slowking-Galar, F|100/100
|move|p1a: Enamorus|Calm Mind|p1a: Enamorus
|-boost|p1a: Enamorus|spa|1
|-boost|p1a: Enamorus|spd|1
|
|-weather|none
|upkeep
|turn|12
|
|t:|1779883991
|move|p1a: Enamorus|Earth Power|p2a: Slowking
|-supereffective|p2a: Slowking
|-damage|p2a: Slowking|0 fnt
|faint|p2a: Slowking
|
|upkeep
|
|t:|1779883994
|switch|p2a: Great Tusk|Great Tusk|100/100
|turn|13
|
|t:|1779883999
|-terastallize|p2a: Great Tusk|Ice
|move|p2a: Great Tusk|Ice Spinner|p1a: Enamorus
|-supereffective|p1a: Enamorus
|-damage|p1a: Enamorus|25/100
|move|p1a: Enamorus|Draining Kiss|p2a: Great Tusk
|-damage|p2a: Great Tusk|0 fnt
|-heal|p1a: Enamorus|100/100|[from] drain|[of] p2a: Great Tusk
|faint|p2a: Great Tusk
|-end|p2a: Great Tusk|Protosynthesis|[silent]
|
|upkeep
|-message|cat party forfeited.
|
|win|lousiv
|raw|lousiv's rating: 1364 &rarr; <strong>1386</strong><br />(+22 for winning)
|raw|cat party's rating: 1402 &rarr; <strong>1380</strong><br />(-22 for losing)
|l|☆cat party
|player|p2|
|l|☆lousiv
|player|p1|
