|j|☆uchiha jesus
|j|☆yellow materia fan
|t:|1779917482
|gametype|singles
|player|p1|uchiha jesus|170|1296
|player|p2|yellow materia fan|unknownf|1320
|gen|9
|tier|[Gen 9] OU
|rated|
|rule|HP Percentage Mod: HP is shown in percentages
|rule|Endless Battle Clause: Forcing endless battles is banned
|rule|Species Clause: Limit one of each Pokémon
|rule|OHKO Clause: OHKO moves are banned
|rule|Evasion Items Clause: Evasion items are banned
|rule|Evasion Moves Clause: Evasion moves are banned
|rule|Evasion Abilities Clause: Evasion abilities are banned
|rule|Sleep Moves Clause: Sleep-inducing moves are banned
|clearpoke
|poke|p1|Darkrai|
|poke|p1|Dusclops, F|
|poke|p1|Ogerpon-Wellspring, F|
|poke|p1|Garchomp, M|
|poke|p1|Skeledirge, F|
|poke|p1|Tyranitar, F|
|poke|p2|Dragonite, M|
|poke|p2|Ting-Lu|
|poke|p2|Iron Moth|
|poke|p2|Iron Valiant|
|poke|p2|Iron Thorns|
|poke|p2|Gholdengo|
|teampreview
|
|t:|1779917507
|teamsize|p1|6
|teamsize|p2|6
|start
|switch|p1a: Tyranitar|Tyranitar, F|100/100
|switch|p2a: Ting-Lu|Ting-Lu|100/100
|-weather|Sandstorm|[from] ability: Sand Stream|[of] p1a: Tyranitar
|-ability|p2a: Ting-Lu|Vessel of Ruin
|turn|1
|inactive|Battle timer is ON: inactive players will automatically lose when time's up. (requested by yellow materia fan)
|
|t:|1779917524
|move|p1a: Tyranitar|Dragon Dance|p1a: Tyranitar
|-boost|p1a: Tyranitar|atk|1
|-boost|p1a: Tyranitar|spe|1
|move|p2a: Ting-Lu|Taunt|p1a: Tyranitar
|-start|p1a: Tyranitar|move: Taunt
|
|-weather|Sandstorm|[upkeep]
|upkeep
|turn|2
|
|t:|1779917532
|move|p1a: Tyranitar|Low Kick|p2a: Ting-Lu
|-supereffective|p2a: Ting-Lu
|-damage|p2a: Ting-Lu|34/100
|-damage|p1a: Tyranitar|84/100|[from] item: Rocky Helmet|[of] p2a: Ting-Lu
|move|p2a: Ting-Lu|Earthquake|p1a: Tyranitar
|-supereffective|p1a: Tyranitar
|-crit|p1a: Tyranitar
|-damage|p1a: Tyranitar|0 fnt
|faint|p1a: Tyranitar
|
|-weather|Sandstorm|[upkeep]
|upkeep
|
|t:|1779917558
|switch|p1a: Ogerpon|Ogerpon-Wellspring, F|100/100
|turn|3
|
|t:|1779917570
|move|p1a: Ogerpon|Ivy Cudgel|p2a: Ting-Lu|[anim] Ivy Cudgel Water
|-supereffective|p2a: Ting-Lu
|-damage|p2a: Ting-Lu|0 fnt
|faint|p2a: Ting-Lu
|
|-weather|Sandstorm|[upkeep]
|-damage|p1a: Ogerpon|95/100|[from] Sandstorm
|upkeep
|
|t:|1779917571
|switch|p2a: Iron Moth|Iron Moth|100/100
|-enditem|p2a: Iron Moth|Booster Energy
|-activate|p2a: Iron Moth|ability: Quark Drive|[fromitem]
|-start|p2a: Iron Moth|quarkdrivespe
|turn|4
|
|t:|1779917592
|switch|p1a: Dusclops|Dusclops, F|100/100
|-ability|p1a: Dusclops|Pressure
|move|p2a: Iron Moth|Substitute|p2a: Iron Moth
|-start|p2a: Iron Moth|Substitute
|-damage|p2a: Iron Moth|76/100
|
|-weather|Sandstorm|[upkeep]
|-damage|p2a: Iron Moth|70/100|[from] Sandstorm
|-damage|p1a: Dusclops|95/100|[from] Sandstorm
|upkeep
|turn|5
|
|t:|1779917602
|move|p2a: Iron Moth|Fiery Dance|p1a: Dusclops
|-damage|p1a: Dusclops|66/100
|move|p1a: Dusclops|Night Shade|p2a: Iron Moth
|-end|p2a: Iron Moth|Substitute
|
|-weather|none
|upkeep
|turn|6
|
|t:|1779917610
|move|p2a: Iron Moth|Fiery Dance|p1a: Dusclops
|-damage|p1a: Dusclops|39/100
|-boost|p2a: Iron Moth|spa|1
|move|p1a: Dusclops|Night Shade|p2a: Iron Moth
|-damage|p2a: Iron Moth|36/100
|
|upkeep
|turn|7
|
|t:|1779917619
|move|p2a: Iron Moth|Fiery Dance|p1a: Dusclops
|-damage|p1a: Dusclops|0 fnt
|-boost|p2a: Iron Moth|spa|1
|faint|p1a: Dusclops
|
|upkeep
|
|t:|1779917626
|switch|p1a: Skeledirge|Skeledirge, F|100/100
|turn|8
|
|t:|1779917633
|move|p2a: Iron Moth|Sludge Wave|p1a: Skeledirge
|-resisted|p1a: Skeledirge
|-damage|p1a: Skeledirge|76/100
|move|p1a: Skeledirge|Shadow Ball|p2a: Iron Moth
|-damage|p2a: Iron Moth|3/100
|
|upkeep
|turn|9
|
|t:|1779917640
|move|p2a: Iron Moth|Sludge Wave|p1a: Skeledirge
|-resisted|p1a: Skeledirge
|-damage|p1a: Skeledirge|50/100
|-status|p1a: Skeledirge|psn
|move|p1a: Skeledirge|Torch Song|p2a: Iron Moth
|-resisted|p2a: Iron Moth
|-damage|p2a: Iron Moth|0 fnt
|-boost|p1a: Skeledirge|spa|1
|faint|p2a: Iron Moth
|-end|p2a: Iron Moth|Quark Drive|[silent]
|
|-damage|p1a: Skeledirge|38/100 psn|[from] psn
|upkeep
|
|t:|1779917645
|switch|p2a: Iron Valiant|Iron Valiant|100/100
|-enditem|p2a: Iron Valiant|Booster Energy
|-activate|p2a: Iron Valiant|ability: Quark Drive|[fromitem]
|-start|p2a: Iron Valiant|quarkdrivespe
|turn|10
|
|t:|1779917657
|move|p2a: Iron Valiant|Knock Off|p1a: Skeledirge
|-supereffective|p1a: Skeledirge
|-damage|p1a: Skeledirge|3/100 psn
|-enditem|p1a: Skeledirge|Weakness Policy
|-boost|p1a: Skeledirge|atk|2|[from] item: Weakness Policy
|-boost|p1a: Skeledirge|spa|2|[from] item: Weakness Policy
|move|p1a: Skeledirge|Slack Off|p1a: Skeledirge
|-heal|p1a: Skeledirge|53/100 psn
|
|-damage|p1a: Skeledirge|40/100 psn|[from] psn
|upkeep
|turn|11
|
|t:|1779917669
|move|p2a: Iron Valiant|Encore|p1a: Skeledirge
|-start|p1a: Skeledirge|Encore
|move|p1a: Skeledirge|Slack Off|p1a: Skeledirge
|-heal|p1a: Skeledirge|90/100 psn
|
|-damage|p1a: Skeledirge|78/100 psn|[from] psn
|upkeep
|turn|12
|
|t:|1779917678
|-end|p2a: Iron Valiant|Quark Drive|[silent]
|switch|p2a: Iron Thorns|Iron Thorns|100/100
|switch|p1a: Ogerpon|Ogerpon-Wellspring, F|95/100
|
|upkeep
|turn|13
|
|t:|1779917688
|-terastallize|p2a: Iron Thorns|Bug
|move|p1a: Ogerpon|Ivy Cudgel|p2a: Iron Thorns|[anim] Ivy Cudgel Water
|-damage|p2a: Iron Thorns|49/100
|move|p2a: Iron Thorns|Dragon Dance|p2a: Iron Thorns
|-boost|p2a: Iron Thorns|atk|1
|-boost|p2a: Iron Thorns|spe|1
|
|upkeep
|turn|14
|
|t:|1779917698
|switch|p1a: Skeledirge|Skeledirge, F|78/100 psn
|move|p2a: Iron Thorns|Pin Missile|p1a: Skeledirge
|-resisted|p1a: Skeledirge
|-damage|p1a: Skeledirge|76/100 psn
|-resisted|p1a: Skeledirge
|-damage|p1a: Skeledirge|74/100 psn
|-resisted|p1a: Skeledirge
|-damage|p1a: Skeledirge|72/100 psn
|-resisted|p1a: Skeledirge
|-damage|p1a: Skeledirge|70/100 psn
|-resisted|p1a: Skeledirge
|-damage|p1a: Skeledirge|68/100 psn
|-hitcount|p1a: Skeledirge|5
|
|-damage|p1a: Skeledirge|56/100 psn|[from] psn
|upkeep
|turn|15
|
|t:|1779917712
|move|p2a: Iron Thorns|Rock Blast|p1a: Skeledirge
|-supereffective|p1a: Skeledirge
|-damage|p1a: Skeledirge|41/100 psn
|-supereffective|p1a: Skeledirge
|-damage|p1a: Skeledirge|24/100 psn
|-supereffective|p1a: Skeledirge
|-damage|p1a: Skeledirge|8/100 psn
|-supereffective|p1a: Skeledirge
|-damage|p1a: Skeledirge|0 fnt
|faint|p1a: Skeledirge
|-hitcount|p1: Skeledirge|4
|
|upkeep
|
|t:|1779917724
|switch|p1a: Darkrai|Darkrai|100/100
|turn|16
|
|t:|1779917733
|move|p2a: Iron Thorns|Pin Missile|p1a: Darkrai
|-supereffective|p1a: Darkrai
|-damage|p1a: Darkrai|44/100
|-enditem|p1a: Darkrai|Weakness Policy
|-boost|p1a: Darkrai|atk|2|[from] item: Weakness Policy
|-boost|p1a: Darkrai|spa|2|[from] item: Weakness Policy
|-supereffective|p1a: Darkrai
|-damage|p1a: Darkrai|0 fnt
|faint|p1a: Darkrai
|-hitcount|p1: Darkrai|2
|
|upkeep
|
|t:|1779917743
|switch|p1a: Garchomp|Garchomp, M|100/100
|turn|17
|
|t:|1779917757
|move|p2a: Iron Thorns|Dragon Dance|p2a: Iron Thorns
|-boost|p2a: Iron Thorns|atk|1
|-boost|p2a: Iron Thorns|spe|1
|move|p1a: Garchomp|Scale Shot|p2a: Iron Thorns
|-damage|p2a: Iron Thorns|36/100
|-damage|p2a: Iron Thorns|25/100
|-damage|p2a: Iron Thorns|13/100
|-damage|p2a: Iron Thorns|0 fnt
|faint|p2a: Iron Thorns
|-end|p2a: Iron Thorns|Quark Drive|[silent]
|-hitcount|p2: Iron Thorns|4
|-unboost|p1a: Garchomp|def|1
|-boost|p1a: Garchomp|spe|1
|
|upkeep
|
|t:|1779917770
|switch|p2a: Iron Valiant|Iron Valiant|100/100
|turn|18
|
|t:|1779917781
|-terastallize|p1a: Garchomp|Steel
|move|p1a: Garchomp|Earthquake|p2a: Iron Valiant
|-damage|p2a: Iron Valiant|36/100
|move|p2a: Iron Valiant|Encore|p1a: Garchomp
|-start|p1a: Garchomp|Encore
|
|upkeep
|turn|19
|
|t:|1779917789
|move|p1a: Garchomp|Earthquake|p2a: Iron Valiant
|-damage|p2a: Iron Valiant|0 fnt
|faint|p2a: Iron Valiant
|-end|p2a: Iron Valiant|Quark Drive|[silent]
|
|upkeep
|
|t:|1779917792
|switch|p2a: Dragonite|Dragonite, M|100/100
|turn|20
|
|t:|1779917797
|switch|p1a: Ogerpon|Ogerpon-Wellspring, F|95/100
|move|p2a: Dragonite|Dragon Dance|p2a: Dragonite
|-boost|p2a: Dragonite|atk|1
|-boost|p2a: Dragonite|spe|1
|
|upkeep
|turn|21
|
|t:|1779917803
|move|p2a: Dragonite|Ice Spinner|p1a: Ogerpon
|-damage|p1a: Ogerpon|38/100
|move|p1a: Ogerpon|Encore|p2a: Dragonite
|-start|p2a: Dragonite|Encore
|
|upkeep
|turn|22
|
|t:|1779917810
|switch|p1a: Garchomp|Garchomp, M, tera:Steel|100/100
|move|p2a: Dragonite|Ice Spinner|p1a: Garchomp
|-resisted|p1a: Garchomp
|-damage|p1a: Garchomp|80/100
|-damage|p2a: Dragonite|88/100|[from] ability: Rough Skin|[of] p1a: Garchomp
|
|upkeep
|turn|23
|
|t:|1779917820
|switch|p2a: Gholdengo|Gholdengo|100/100
|move|p1a: Garchomp|Scale Shot|p2a: Gholdengo|[miss]
|-miss|p1a: Garchomp|p2a: Gholdengo
|
|upkeep
|turn|24
|
|t:|1779917826
|move|p2a: Gholdengo|Shadow Ball|p1a: Garchomp
|-damage|p1a: Garchomp|31/100
|move|p1a: Garchomp|Earthquake|p2a: Gholdengo
|-supereffective|p2a: Gholdengo
|-damage|p2a: Gholdengo|0 fnt
|faint|p2a: Gholdengo
|
|upkeep
|
|t:|1779917831
|switch|p2a: Dragonite|Dragonite, M|88/100
|turn|25
|
|t:|1779917836
|move|p1a: Garchomp|Scale Shot|p2a: Dragonite
|-supereffective|p2a: Dragonite
|-damage|p2a: Dragonite|58/100
|-supereffective|p2a: Dragonite
|-damage|p2a: Dragonite|29/100
|-supereffective|p2a: Dragonite
|-damage|p2a: Dragonite|0 fnt
|faint|p2a: Dragonite
|-hitcount|p2: Dragonite|3
|
|win|uchiha jesus
|raw|uchiha jesus's rating: 1296 &rarr; <strong>1323</strong><br />(+27 for winning)
|raw|yellow materia fan's rating: 1320 &rarr; <strong>1299</strong><br />(-21 for losing)
|l|☆yellow materia fan
|player|p2|
|l|☆uchiha jesus
|player|p1|
