|j|☆Round fell
|j|☆acad_aver
|t:|1779813043
|gametype|singles
|player|p1|Round fell|170|1288
|player|p2|acad_aver|n|1397
|gen|9
|tier|[Gen 9] OU
|rated|
|rule|HP Percentage Mod: HP is shown in percentages
|rule|Endless Battle Clause: Forcing endless battles is banned
|rule|Species Clause: Limit one of each Pokémon
|rule|OHKO Clause: OHKO moves are banned
|rule|Evasion Items Clause: Evasion items are banned
|rule|Evasion Moves Clause: Evasion moves are banned
|rule|Evasion Abilities Clause: Evasion abilities are banned
|rule|Sleep Moves Clause: Sleep-inducing moves are banned
|clearpoke
|poke|p1|Glimmora, F|
|poke|p1|Zamazenta-*|
|poke|p1|Pecharunt|
|poke|p1|Kingambit, M|
|poke|p1|Gholdengo|
|poke|p1|Enamorus, F|
|poke|p2|Conkeldurr, F|
|poke|p2|Alomomola, F|
|poke|p2|Ogerpon-Cornerstone, F|
|poke|p2|Dragalge, F|
|poke|p2|Kingambit, M|
|poke|p2|Great Tusk|
|teampreview
|inactive|Battle timer is ON: inactive players will automatically lose when time's up. (requested by Round fell)
|
|t:|1779813076
|teamsize|p1|6
|teamsize|p2|6
|start
|switch|p1a: Glimmora|Glimmora, F|100/100
|switch|p2a: Alomomola|Alomomola, F, shiny|100/100
|turn|1
|
|t:|1779813082
|move|p1a: Glimmora|Stealth Rock|p2a: Alomomola
|-sidestart|p2: acad_aver|move: Stealth Rock
|move|p2a: Alomomola|Scald|p1a: Glimmora
|-supereffective|p1a: Glimmora
|-damage|p1a: Glimmora|63/100
|-status|p1a: Glimmora|brn
|
|-damage|p1a: Glimmora|57/100 brn|[from] brn
|upkeep
|turn|2
|
|t:|1779813088
|move|p1a: Glimmora|Spikes|p2a: Alomomola
|-sidestart|p2: acad_aver|Spikes
|move|p2a: Alomomola|Scald|p1a: Glimmora
|-supereffective|p1a: Glimmora
|-damage|p1a: Glimmora|24/100 brn
|
|-damage|p1a: Glimmora|17/100 brn|[from] brn
|upkeep
|turn|3
|
|t:|1779813091
|move|p1a: Glimmora|Sludge Wave|p2a: Alomomola
|-damage|p2a: Alomomola|51/100
|move|p2a: Alomomola|Flip Turn|p1a: Glimmora
|-supereffective|p1a: Glimmora
|-damage|p1a: Glimmora|0 fnt
|-activate|p1a: Glimmora|ability: Toxic Debris
|-sidestart|p2: acad_aver|move: Toxic Spikes
|faint|p1a: Glimmora
|
|t:|1779813095
|switch|p2a: Dragalge|Dragalge, F, shiny|100/100|[from] Flip Turn
|-damage|p2a: Dragalge|88/100|[from] Stealth Rock
|-damage|p2a: Dragalge|76/100|[from] Spikes
|-sideend|p2: acad_aver|move: Toxic Spikes|[of] p2a: Dragalge
|
|-heal|p2a: Dragalge|82/100|[from] item: Leftovers
|upkeep
|
|t:|1779813104
|switch|p1a: Gholdengo|Gholdengo|100/100
|-item|p1a: Gholdengo|Air Balloon
|turn|4
|
|t:|1779813109
|move|p1a: Gholdengo|Thunder Wave|p2a: Dragalge
|-status|p2a: Dragalge|par
|move|p2a: Dragalge|Flip Turn|p1a: Gholdengo
|-damage|p1a: Gholdengo|90/100
|-enditem|p1a: Gholdengo|Air Balloon
|
|t:|1779813112
|switch|p2a: Great Tusk|Great Tusk|100/100|[from] Flip Turn
|-damage|p2a: Great Tusk|98/100|[from] Stealth Rock
|-damage|p2a: Great Tusk|85/100|[from] Spikes
|
|upkeep
|turn|5
|
|t:|1779813117
|switch|p1a: Enamorus|Enamorus, F|100/100
|move|p2a: Great Tusk|Headlong Rush|p1a: Enamorus
|-immune|p1a: Enamorus
|
|upkeep
|turn|6
|
|t:|1779813125
|-end|p2a: Great Tusk|Protosynthesis|[silent]
|switch|p2a: Kingambit|Kingambit, M|100/100
|-damage|p2a: Kingambit|94/100|[from] Stealth Rock
|-damage|p2a: Kingambit|82/100|[from] Spikes
|move|p1a: Enamorus|Moonblast|p2a: Kingambit
|-damage|p2a: Kingambit|23/100
|-unboost|p2a: Kingambit|spa|1
|
|-heal|p2a: Kingambit|29/100|[from] item: Leftovers
|upkeep
|turn|7
|
|t:|1779813143
|move|p2a: Kingambit|Sucker Punch|p1a: Enamorus
|-resisted|p1a: Enamorus
|-damage|p1a: Enamorus|68/100
|move|p1a: Enamorus|Moonblast|p2a: Kingambit
|-damage|p2a: Kingambit|0 fnt
|faint|p2a: Kingambit
|-end|p2a: Kingambit|fallenundefined|[silent]
|
|upkeep
|
|t:|1779813158
|switch|p2a: Ogerpon|Ogerpon-Cornerstone, F|100/100
|-damage|p2a: Ogerpon|88/100|[from] Stealth Rock
|-damage|p2a: Ogerpon|76/100|[from] Spikes
|turn|8
|
|t:|1779813163
|move|p1a: Enamorus|Moonblast|p2a: Ogerpon
|-damage|p2a: Ogerpon|10/100
|-unboost|p2a: Ogerpon|spa|1
|move|p2a: Ogerpon|Ivy Cudgel|p1a: Enamorus|[anim] Ivy Cudgel Rock
|-supereffective|p1a: Enamorus
|-damage|p1a: Enamorus|0 fnt
|faint|p1a: Enamorus
|
|upkeep
|
|t:|1779813169
|switch|p1a: Zamazenta|Zamazenta|100/100
|-ability|p1a: Zamazenta|Dauntless Shield|boost
|-boost|p1a: Zamazenta|def|1
|turn|9
|
|t:|1779813177
|switch|p2a: Alomomola|Alomomola, F, shiny|85/100
|-damage|p2a: Alomomola|72/100|[from] Stealth Rock
|-damage|p2a: Alomomola|60/100|[from] Spikes
|move|p1a: Zamazenta|Iron Defense|p1a: Zamazenta
|-boost|p1a: Zamazenta|def|2
|
|upkeep
|turn|10
|
|t:|1779813181
|move|p1a: Zamazenta|Body Press|p2a: Alomomola
|-crit|p2a: Alomomola
|-damage|p2a: Alomomola|0 fnt
|-damage|p1a: Zamazenta|84/100|[from] item: Rocky Helmet|[of] p2a: Alomomola
|faint|p2a: Alomomola
|
|-heal|p1a: Zamazenta|90/100|[from] item: Leftovers
|upkeep
|-message|acad_aver forfeited.
|
|win|Round fell
|raw|Round fell's rating: 1288 &rarr; <strong>1321</strong><br />(+33 for winning)
|raw|acad_aver's rating: 1397 &rarr; <strong>1371</strong><br />(-26 for losing)
|l|☆acad_aver
|player|p2|
|l|☆Round fell
|player|p1|
