|j|☆diagt14
|j|☆claudechamp
|t:|1779833888
|gametype|singles
|player|p1|diagt14|veteran|1223
|player|p2|claudechamp|265|1296
|gen|9
|tier|[Gen 9] OU
|rated|
|rule|HP Percentage Mod: HP is shown in percentages
|rule|Endless Battle Clause: Forcing endless battles is banned
|rule|Species Clause: Limit one of each Pokémon
|rule|OHKO Clause: OHKO moves are banned
|rule|Evasion Items Clause: Evasion items are banned
|rule|Evasion Moves Clause: Evasion moves are banned
|rule|Evasion Abilities Clause: Evasion abilities are banned
|rule|Sleep Moves Clause: Sleep-inducing moves are banned
|clearpoke
|poke|p1|Dondozo, M|
|poke|p1|Zapdos|
|poke|p1|Gliscor, F|
|poke|p1|Kingambit, M|
|poke|p1|Cresselia, F|
|poke|p1|Skeledirge, M|
|poke|p2|Corviknight, M|
|poke|p2|Ting-Lu|
|poke|p2|Kyurem|
|poke|p2|Dondozo, F|
|poke|p2|Slowking-Galar, M|
|poke|p2|Cinderace, F|
|teampreview
|c|☆claudechamp|hf
|
|t:|1779833897
|teamsize|p1|6
|teamsize|p2|6
|start
|switch|p1a: Gliscor|Gliscor, F, shiny|100/100
|switch|p2a: Cinderace|Cinderace, F|100/100
|turn|1
|inactive|Battle timer is ON: inactive players will automatically lose when time's up. (requested by claudechamp)
|
|t:|1779833927
|move|p2a: Cinderace|Pyro Ball|p1a: Gliscor
|-damage|p1a: Gliscor|67/100
|move|p1a: Gliscor|Toxic|p2a: Cinderace
|-status|p2a: Cinderace|tox
|
|-damage|p2a: Cinderace|94/100 tox|[from] psn
|-status|p1a: Gliscor|tox|[from] item: Toxic Orb
|upkeep
|turn|2
|
|t:|1779833938
|switch|p2a: Slowking|Slowking-Galar, M|100/100
|move|p1a: Gliscor|Earthquake|p2a: Slowking
|-supereffective|p2a: Slowking
|-enditem|p2a: Slowking|Shuca Berry|[eat]
|-enditem|p2a: Slowking|Shuca Berry|[weaken]
|-damage|p2a: Slowking|73/100
|
|-heal|p1a: Gliscor|80/100 tox|[from] ability: Poison Heal
|upkeep
|turn|3
|
|t:|1779833948
|move|p1a: Gliscor|Spikes|p2a: Slowking
|-sidestart|p2: claudechamp|Spikes
|move|p2a: Slowking|Ice Beam|p1a: Gliscor
|-supereffective|p1a: Gliscor
|-damage|p1a: Gliscor|0 fnt
|faint|p1a: Gliscor
|
|upkeep
|
|t:|1779833964
|switch|p1a: Skeledirge|Skeledirge, M|100/100
|turn|4
|
|t:|1779833973
|move|p1a: Skeledirge|Torch Song|p2a: Slowking
|-damage|p2a: Slowking|51/100
|-boost|p1a: Skeledirge|spa|1
|-prepare|p2a: Slowking|Chilly Reception|[premajor]
|move|p2a: Slowking|Chilly Reception|p2a: Slowking
|-weather|Snowscape
|
|t:|1779833985
|switch|p2a: Kyurem|Kyurem|100/100|[from] Chilly Reception
|-damage|p2a: Kyurem|88/100|[from] Spikes
|-ability|p2a: Kyurem|Pressure
|
|-weather|Snowscape|[upkeep]
|-heal|p2a: Kyurem|94/100|[from] item: Leftovers
|upkeep
|turn|5
|
|t:|1779833997
|move|p2a: Kyurem|Earth Power|p1a: Skeledirge
|-supereffective|p1a: Skeledirge
|-damage|p1a: Skeledirge|37/100
|move|p1a: Skeledirge|Will-O-Wisp|p2a: Kyurem
|-status|p2a: Kyurem|brn
|
|-weather|Snowscape|[upkeep]
|-heal|p2a: Kyurem|100/100 brn|[from] item: Leftovers
|-damage|p2a: Kyurem|94/100 brn|[from] brn
|upkeep
|turn|6
|
|t:|1779834008
|move|p2a: Kyurem|Earth Power|p1a: Skeledirge
|-supereffective|p1a: Skeledirge
|-damage|p1a: Skeledirge|0 fnt
|faint|p1a: Skeledirge
|
|-weather|Snowscape|[upkeep]
|-heal|p2a: Kyurem|100/100 brn|[from] item: Leftovers
|-damage|p2a: Kyurem|94/100 brn|[from] brn
|upkeep
|
|t:|1779834018
|switch|p1a: Kingambit|Kingambit, M|100/100
|-activate|p1a: Kingambit|ability: Supreme Overlord
|-start|p1a: Kingambit|fallen2|[silent]
|turn|7
|
|t:|1779834031
|move|p2a: Kyurem|Freeze-Dry|p1a: Kingambit
|-resisted|p1a: Kingambit
|-damage|p1a: Kingambit|83/100
|-status|p1a: Kingambit|frz
|cant|p1a: Kingambit|frz
|
|-weather|Snowscape|[upkeep]
|-heal|p2a: Kyurem|100/100 brn|[from] item: Leftovers
|-damage|p2a: Kyurem|94/100 brn|[from] brn
|upkeep
|turn|8
|
|t:|1779834043
|move|p2a: Kyurem|Freeze-Dry|p1a: Kingambit
|-resisted|p1a: Kingambit
|-damage|p1a: Kingambit|67/100 frz
|-curestatus|p1a: Kingambit|frz|[msg]
|move|p1a: Kingambit|Swords Dance|p1a: Kingambit
|-boost|p1a: Kingambit|atk|2
|
|-weather|none
|-heal|p2a: Kyurem|100/100 brn|[from] item: Leftovers
|-damage|p2a: Kyurem|94/100 brn|[from] brn
|upkeep
|turn|9
|
|t:|1779834056
|move|p2a: Kyurem|Freeze-Dry|p1a: Kingambit
|-resisted|p1a: Kingambit
|-damage|p1a: Kingambit|50/100
|move|p1a: Kingambit|Iron Head|p2a: Kyurem
|-supereffective|p2a: Kyurem
|-damage|p2a: Kyurem|0 fnt
|faint|p2a: Kyurem
|
|upkeep
|
|t:|1779834069
|switch|p2a: Cinderace|Cinderace, F|94/100 tox
|turn|10
|
|t:|1779834073
|move|p1a: Kingambit|Sucker Punch|p2a: Cinderace
|-damage|p2a: Cinderace|0 fnt
|faint|p2a: Cinderace
|
|upkeep
|
|t:|1779834075
|switch|p2a: Ting-Lu|Ting-Lu|100/100
|-damage|p2a: Ting-Lu|88/100|[from] Spikes
|-ability|p2a: Ting-Lu|Vessel of Ruin
|turn|11
|
|t:|1779834082
|move|p1a: Kingambit|Iron Head|p2a: Ting-Lu
|-damage|p2a: Ting-Lu|23/100
|move|p2a: Ting-Lu|Earthquake|p1a: Kingambit
|-supereffective|p1a: Kingambit
|-damage|p1a: Kingambit|0 fnt
|faint|p1a: Kingambit
|-end|p1a: Kingambit|fallen2|[silent]
|
|-heal|p2a: Ting-Lu|29/100|[from] item: Leftovers
|upkeep
|
|t:|1779834095
|switch|p1a: Cresselia|Cresselia, F, shiny|100/100
|turn|12
|
|t:|1779834111
|move|p1a: Cresselia|Ice Beam|p2a: Ting-Lu
|-supereffective|p2a: Ting-Lu
|-damage|p2a: Ting-Lu|15/100
|-status|p2a: Ting-Lu|frz
|cant|p2a: Ting-Lu|frz
|
|-heal|p2a: Ting-Lu|22/100 frz|[from] item: Leftovers
|upkeep
|turn|13
|
|t:|1779834121
|move|p1a: Cresselia|Ice Beam|p2a: Ting-Lu
|-supereffective|p2a: Ting-Lu
|-damage|p2a: Ting-Lu|7/100 frz
|cant|p2a: Ting-Lu|frz
|
|-heal|p2a: Ting-Lu|13/100 frz|[from] item: Leftovers
|upkeep
|turn|14
|
|t:|1779834128
|-terastallize|p2a: Ting-Lu|Water
|move|p1a: Cresselia|Ice Beam|p2a: Ting-Lu
|-resisted|p2a: Ting-Lu
|-damage|p2a: Ting-Lu|9/100 frz
|-curestatus|p2a: Ting-Lu|frz|[msg]
|move|p2a: Ting-Lu|Rest|p2a: Ting-Lu
|-status|p2a: Ting-Lu|slp|[from] move: Rest
|-heal|p2a: Ting-Lu|100/100 slp|[silent]
|
|upkeep
|turn|15
|
|t:|1779834138
|switch|p2a: Slowking|Slowking-Galar, M|84/100
|-damage|p2a: Slowking|72/100|[from] Spikes
|move|p1a: Cresselia|Psychic|p2a: Slowking
|-damage|p2a: Slowking|52/100
|
|upkeep
|turn|16
|
|t:|1779834147
|move|p1a: Cresselia|Thunder Wave|p2a: Slowking
|-status|p2a: Slowking|par
|move|p2a: Slowking|Sludge Bomb|p1a: Cresselia
|-damage|p1a: Cresselia|83/100
|
|-heal|p1a: Cresselia|89/100|[from] item: Leftovers
|upkeep
|turn|17
|
|t:|1779834155
|switch|p2a: Ting-Lu|Ting-Lu, tera:Water|100/100 slp
|-damage|p2a: Ting-Lu|88/100 slp|[from] Spikes
|-ability|p2a: Ting-Lu|Vessel of Ruin
|move|p1a: Cresselia|Psychic|p2a: Ting-Lu
|-damage|p2a: Ting-Lu|78/100 slp
|
|-heal|p1a: Cresselia|96/100|[from] item: Leftovers
|-heal|p2a: Ting-Lu|84/100 slp|[from] item: Leftovers
|upkeep
|turn|18
|
|t:|1779834164
|move|p1a: Cresselia|Psychic|p2a: Ting-Lu
|-crit|p2a: Ting-Lu
|-damage|p2a: Ting-Lu|70/100 slp
|cant|p2a: Ting-Lu|slp
|move|p2a: Ting-Lu|Sleep Talk|p2a: Ting-Lu
|move|p2a: Ting-Lu|Earthquake|p1a: Cresselia|[from] move: Sleep Talk
|-immune|p1a: Cresselia|[from] ability: Levitate
|
|-heal|p1a: Cresselia|100/100|[from] item: Leftovers
|-heal|p2a: Ting-Lu|76/100 slp|[from] item: Leftovers
|upkeep
|turn|19
|
|t:|1779834174
|move|p1a: Cresselia|Psychic|p2a: Ting-Lu
|-damage|p2a: Ting-Lu|66/100 slp
|cant|p2a: Ting-Lu|slp
|move|p2a: Ting-Lu|Sleep Talk|p2a: Ting-Lu
|move|p2a: Ting-Lu|Payback|p1a: Cresselia|[from] move: Sleep Talk
|-supereffective|p1a: Cresselia
|-damage|p1a: Cresselia|49/100
|
|-heal|p1a: Cresselia|55/100|[from] item: Leftovers
|-heal|p2a: Ting-Lu|72/100 slp|[from] item: Leftovers
|upkeep
|turn|20
|
|t:|1779834186
|move|p1a: Cresselia|Moonlight|p1a: Cresselia
|-heal|p1a: Cresselia|100/100
|-curestatus|p2a: Ting-Lu|slp|[msg]
|move|p2a: Ting-Lu|Payback|p1a: Cresselia
|-supereffective|p1a: Cresselia
|-damage|p1a: Cresselia|51/100
|
|-heal|p1a: Cresselia|57/100|[from] item: Leftovers
|-heal|p2a: Ting-Lu|78/100|[from] item: Leftovers
|upkeep
|turn|21
|
|t:|1779834203
|move|p1a: Cresselia|Thunder Wave|p2a: Ting-Lu
|-status|p2a: Ting-Lu|par
|move|p2a: Ting-Lu|Payback|p1a: Cresselia
|-supereffective|p1a: Cresselia
|-damage|p1a: Cresselia|5/100
|
|-heal|p1a: Cresselia|11/100|[from] item: Leftovers
|-heal|p2a: Ting-Lu|85/100 par|[from] item: Leftovers
|upkeep
|turn|22
|
|t:|1779834210
|move|p1a: Cresselia|Moonlight|p1a: Cresselia
|-heal|p1a: Cresselia|61/100
|move|p2a: Ting-Lu|Payback|p1a: Cresselia
|-supereffective|p1a: Cresselia
|-damage|p1a: Cresselia|12/100
|
|-heal|p1a: Cresselia|18/100|[from] item: Leftovers
|-heal|p2a: Ting-Lu|91/100 par|[from] item: Leftovers
|upkeep
|turn|23
|
|t:|1779834219
|move|p1a: Cresselia|Moonlight|p1a: Cresselia
|-heal|p1a: Cresselia|68/100
|move|p2a: Ting-Lu|Payback|p1a: Cresselia
|-supereffective|p1a: Cresselia
|-damage|p1a: Cresselia|15/100
|
|-heal|p1a: Cresselia|21/100|[from] item: Leftovers
|-heal|p2a: Ting-Lu|97/100 par|[from] item: Leftovers
|upkeep
|turn|24
|
|t:|1779834230
|switch|p1a: Zapdos|Zapdos, shiny|100/100
|cant|p2a: Ting-Lu|par
|
|-heal|p2a: Ting-Lu|100/100 par|[from] item: Leftovers
|upkeep
|turn|25
|
|t:|1779834240
|move|p1a: Zapdos|Discharge|p2a: Ting-Lu
|-supereffective|p2a: Ting-Lu
|-damage|p2a: Ting-Lu|72/100 par
|cant|p2a: Ting-Lu|par
|
|-heal|p2a: Ting-Lu|79/100 par|[from] item: Leftovers
|upkeep
|turn|26
|
|t:|1779834252
|move|p1a: Zapdos|Discharge|p2a: Ting-Lu
|-supereffective|p2a: Ting-Lu
|-damage|p2a: Ting-Lu|51/100 par
|move|p2a: Ting-Lu|Rest|p2a: Ting-Lu
|-status|p2a: Ting-Lu|slp|[from] move: Rest
|-heal|p2a: Ting-Lu|100/100 slp|[silent]
|
|upkeep
|turn|27
|
|t:|1779834264
|move|p1a: Zapdos|Discharge|p2a: Ting-Lu
|-supereffective|p2a: Ting-Lu
|-damage|p2a: Ting-Lu|73/100 slp
|cant|p2a: Ting-Lu|slp
|move|p2a: Ting-Lu|Sleep Talk|p2a: Ting-Lu
|move|p2a: Ting-Lu|Payback|p1a: Zapdos|[from] move: Sleep Talk
|-damage|p1a: Zapdos|74/100
|
|-heal|p2a: Ting-Lu|79/100 slp|[from] item: Leftovers
|upkeep
|turn|28
|
|t:|1779834275
|move|p1a: Zapdos|Discharge|p2a: Ting-Lu
|-supereffective|p2a: Ting-Lu
|-damage|p2a: Ting-Lu|54/100 slp
|cant|p2a: Ting-Lu|slp
|move|p2a: Ting-Lu|Sleep Talk|p2a: Ting-Lu
|move|p2a: Ting-Lu|Rest||[from] move: Sleep Talk|[still]
|-fail|p2a: Ting-Lu
|
|-heal|p2a: Ting-Lu|60/100 slp|[from] item: Leftovers
|upkeep
|turn|29
|
|t:|1779834286
|move|p1a: Zapdos|Discharge|p2a: Ting-Lu
|-supereffective|p2a: Ting-Lu
|-damage|p2a: Ting-Lu|34/100 slp
|-curestatus|p2a: Ting-Lu|slp|[msg]
|move|p2a: Ting-Lu|Rest|p2a: Ting-Lu
|-status|p2a: Ting-Lu|slp|[from] move: Rest
|-heal|p2a: Ting-Lu|100/100 slp|[silent]
|
|upkeep
|turn|30
|
|t:|1779834297
|move|p1a: Zapdos|Discharge|p2a: Ting-Lu
|-supereffective|p2a: Ting-Lu
|-damage|p2a: Ting-Lu|73/100 slp
|cant|p2a: Ting-Lu|slp
|move|p2a: Ting-Lu|Sleep Talk|p2a: Ting-Lu
|move|p2a: Ting-Lu|Rest||[from] move: Sleep Talk|[still]
|-fail|p2a: Ting-Lu
|
|-heal|p2a: Ting-Lu|79/100 slp|[from] item: Leftovers
|upkeep
|turn|31
|
|t:|1779834309
|move|p1a: Zapdos|Discharge|p2a: Ting-Lu
|-supereffective|p2a: Ting-Lu
|-damage|p2a: Ting-Lu|54/100 slp
|cant|p2a: Ting-Lu|slp
|
|-heal|p2a: Ting-Lu|60/100 slp|[from] item: Leftovers
|upkeep
|turn|32
|
|t:|1779834321
|move|p1a: Zapdos|Discharge|p2a: Ting-Lu
|-supereffective|p2a: Ting-Lu
|-damage|p2a: Ting-Lu|31/100 slp
|-curestatus|p2a: Ting-Lu|slp|[msg]
|move|p2a: Ting-Lu|Payback|p1a: Zapdos
|-damage|p1a: Zapdos|45/100
|-status|p2a: Ting-Lu|par|[from] ability: Static|[of] p1a: Zapdos
|
|-heal|p2a: Ting-Lu|37/100 par|[from] item: Leftovers
|upkeep
|turn|33
|
|t:|1779834331
|move|p1a: Zapdos|Discharge|p2a: Ting-Lu
|-supereffective|p2a: Ting-Lu
|-damage|p2a: Ting-Lu|10/100 par
|move|p2a: Ting-Lu|Rest|p2a: Ting-Lu
|-status|p2a: Ting-Lu|slp|[from] move: Rest
|-heal|p2a: Ting-Lu|100/100 slp|[silent]
|
|upkeep
|turn|34
|
|t:|1779834346
|move|p1a: Zapdos|Roost|p1a: Zapdos
|-heal|p1a: Zapdos|96/100
|-singleturn|p1a: Zapdos|move: Roost
|cant|p2a: Ting-Lu|slp
|move|p2a: Ting-Lu|Sleep Talk|p2a: Ting-Lu
|move|p2a: Ting-Lu|Rest||[from] move: Sleep Talk|[still]
|-fail|p2a: Ting-Lu
|
|upkeep
|turn|35
|
|t:|1779834358
|move|p1a: Zapdos|Discharge|p2a: Ting-Lu
|-supereffective|p2a: Ting-Lu
|-damage|p2a: Ting-Lu|71/100 slp
|cant|p2a: Ting-Lu|slp
|
|-heal|p2a: Ting-Lu|77/100 slp|[from] item: Leftovers
|upkeep
|turn|36
|
|t:|1779834371
|move|p1a: Zapdos|Discharge|p2a: Ting-Lu
|-supereffective|p2a: Ting-Lu
|-damage|p2a: Ting-Lu|48/100 slp
|-curestatus|p2a: Ting-Lu|slp|[msg]
|move|p2a: Ting-Lu|Payback|p1a: Zapdos
|-damage|p1a: Zapdos|70/100
|
|-heal|p2a: Ting-Lu|54/100|[from] item: Leftovers
|upkeep
|turn|37
|
|t:|1779834382
|move|p1a: Zapdos|Hurricane|p2a: Ting-Lu|[miss]
|-miss|p1a: Zapdos|p2a: Ting-Lu
|move|p2a: Ting-Lu|Rest|p2a: Ting-Lu
|-status|p2a: Ting-Lu|slp|[from] move: Rest
|-heal|p2a: Ting-Lu|100/100 slp|[silent]
|
|upkeep
|turn|38
|
|t:|1779834390
|move|p1a: Zapdos|Hurricane|p2a: Ting-Lu
|-damage|p2a: Ting-Lu|82/100 slp
|cant|p2a: Ting-Lu|slp
|move|p2a: Ting-Lu|Sleep Talk|p2a: Ting-Lu
|move|p2a: Ting-Lu|Rest||[from] move: Sleep Talk|[still]
|-fail|p2a: Ting-Lu
|
|-heal|p2a: Ting-Lu|88/100 slp|[from] item: Leftovers
|upkeep
|turn|39
|
|t:|1779834401
|move|p1a: Zapdos|Discharge|p2a: Ting-Lu
|-supereffective|p2a: Ting-Lu
|-damage|p2a: Ting-Lu|63/100 slp
|cant|p2a: Ting-Lu|slp
|
|-heal|p2a: Ting-Lu|69/100 slp|[from] item: Leftovers
|upkeep
|turn|40
|
|t:|1779834408
|move|p1a: Zapdos|Hurricane|p2a: Ting-Lu
|-damage|p2a: Ting-Lu|51/100 slp
|-curestatus|p2a: Ting-Lu|slp|[msg]
|move|p2a: Ting-Lu|Payback|p1a: Zapdos
|-crit|p1a: Zapdos
|-damage|p1a: Zapdos|31/100
|-status|p2a: Ting-Lu|par|[from] ability: Static|[of] p1a: Zapdos
|
|-heal|p2a: Ting-Lu|57/100 par|[from] item: Leftovers
|upkeep
|turn|41
|
|t:|1779834422
|move|p1a: Zapdos|Roost|p1a: Zapdos
|-heal|p1a: Zapdos|81/100
|-singleturn|p1a: Zapdos|move: Roost
|move|p2a: Ting-Lu|Rest|p2a: Ting-Lu
|-status|p2a: Ting-Lu|slp|[from] move: Rest
|-heal|p2a: Ting-Lu|100/100 slp|[silent]
|
|upkeep
|turn|42
|
|t:|1779834433
|move|p1a: Zapdos|Discharge|p2a: Ting-Lu
|-supereffective|p2a: Ting-Lu
|-damage|p2a: Ting-Lu|72/100 slp
|cant|p2a: Ting-Lu|slp
|move|p2a: Ting-Lu|Sleep Talk|p2a: Ting-Lu
|move|p2a: Ting-Lu|Rest||[from] move: Sleep Talk|[still]
|-fail|p2a: Ting-Lu
|
|-heal|p2a: Ting-Lu|78/100 slp|[from] item: Leftovers
|upkeep
|turn|43
|
|t:|1779834444
|move|p1a: Zapdos|Discharge|p2a: Ting-Lu
|-supereffective|p2a: Ting-Lu
|-crit|p2a: Ting-Lu
|-damage|p2a: Ting-Lu|36/100 slp
|cant|p2a: Ting-Lu|slp
|
|-heal|p2a: Ting-Lu|42/100 slp|[from] item: Leftovers
|upkeep
|turn|44
|
|t:|1779834455
|move|p1a: Zapdos|Discharge|p2a: Ting-Lu
|-supereffective|p2a: Ting-Lu
|-damage|p2a: Ting-Lu|16/100 slp
|-curestatus|p2a: Ting-Lu|slp|[msg]
|move|p2a: Ting-Lu|Rest|p2a: Ting-Lu
|-status|p2a: Ting-Lu|slp|[from] move: Rest
|-heal|p2a: Ting-Lu|100/100 slp|[silent]
|
|upkeep
|turn|45
|
|t:|1779834466
|switch|p1a: Dondozo|Dondozo, M, shiny|100/100
|cant|p2a: Ting-Lu|slp
|move|p2a: Ting-Lu|Sleep Talk|p2a: Ting-Lu
|move|p2a: Ting-Lu|Payback|p1a: Dondozo|[from] move: Sleep Talk
|-damage|p1a: Dondozo|93/100
|
|-heal|p1a: Dondozo|99/100|[from] item: Leftovers
|upkeep
|turn|46
|
|t:|1779834481
|cant|p2a: Ting-Lu|slp
|move|p1a: Dondozo|Curse|p1a: Dondozo
|-unboost|p1a: Dondozo|spe|1
|-boost|p1a: Dondozo|atk|1
|-boost|p1a: Dondozo|def|1
|
|-heal|p1a: Dondozo|100/100|[from] item: Leftovers
|upkeep
|turn|47
|
|t:|1779834491
|-curestatus|p2a: Ting-Lu|slp|[msg]
|move|p2a: Ting-Lu|Payback|p1a: Dondozo
|-damage|p1a: Dondozo|95/100
|move|p1a: Dondozo|Curse|p1a: Dondozo
|-unboost|p1a: Dondozo|spe|1
|-boost|p1a: Dondozo|atk|1
|-boost|p1a: Dondozo|def|1
|
|-heal|p1a: Dondozo|100/100|[from] item: Leftovers
|upkeep
|turn|48
|
|t:|1779834500
|switch|p2a: Slowking|Slowking-Galar, M|85/100 par
|-damage|p2a: Slowking|73/100 par|[from] Spikes
|move|p1a: Dondozo|Curse|p1a: Dondozo
|-unboost|p1a: Dondozo|spe|1
|-boost|p1a: Dondozo|atk|1
|-boost|p1a: Dondozo|def|1
|
|upkeep
|turn|49
|
|t:|1779834511
|switch|p2a: Dondozo|Dondozo, F|100/100
|-damage|p2a: Dondozo|88/100|[from] Spikes
|move|p1a: Dondozo|Wave Crash|p2a: Dondozo
|-resisted|p2a: Dondozo
|-damage|p2a: Dondozo|76/100
|-damage|p1a: Dondozo|96/100|[from] Recoil
|
|-heal|p2a: Dondozo|82/100|[from] item: Leftovers
|-heal|p1a: Dondozo|100/100|[from] item: Leftovers
|upkeep
|turn|50
|
|t:|1779834524
|move|p2a: Dondozo|Waterfall|p1a: Dondozo
|-resisted|p1a: Dondozo
|-damage|p1a: Dondozo|95/100
|move|p1a: Dondozo|Curse|p1a: Dondozo
|-unboost|p1a: Dondozo|spe|1
|-boost|p1a: Dondozo|atk|1
|-boost|p1a: Dondozo|def|1
|
|-heal|p2a: Dondozo|88/100|[from] item: Leftovers
|-heal|p1a: Dondozo|100/100|[from] item: Leftovers
|upkeep
|turn|51
|
|t:|1779834536
|move|p2a: Dondozo|Waterfall|p1a: Dondozo
|-resisted|p1a: Dondozo
|-damage|p1a: Dondozo|94/100
|move|p1a: Dondozo|Wave Crash|p2a: Dondozo
|-resisted|p2a: Dondozo
|-damage|p2a: Dondozo|75/100
|-damage|p1a: Dondozo|90/100|[from] Recoil
|
|-heal|p2a: Dondozo|81/100|[from] item: Leftovers
|-heal|p1a: Dondozo|96/100|[from] item: Leftovers
|upkeep
|turn|52
|
|t:|1779834546
|move|p2a: Dondozo|Body Press|p1a: Dondozo
|-damage|p1a: Dondozo|86/100
|move|p1a: Dondozo|Wave Crash|p2a: Dondozo
|-resisted|p2a: Dondozo
|-damage|p2a: Dondozo|68/100
|-damage|p1a: Dondozo|82/100|[from] Recoil
|
|-heal|p2a: Dondozo|74/100|[from] item: Leftovers
|-heal|p1a: Dondozo|88/100|[from] item: Leftovers
|upkeep
|turn|53
|
|t:|1779834555
|move|p2a: Dondozo|Waterfall|p1a: Dondozo
|-resisted|p1a: Dondozo
|-damage|p1a: Dondozo|82/100
|move|p1a: Dondozo|Wave Crash|p2a: Dondozo
|-resisted|p2a: Dondozo
|-damage|p2a: Dondozo|63/100
|-damage|p1a: Dondozo|78/100|[from] Recoil
|
|-heal|p2a: Dondozo|69/100|[from] item: Leftovers
|-heal|p1a: Dondozo|84/100|[from] item: Leftovers
|upkeep
|turn|54
|
|t:|1779834565
|move|p2a: Dondozo|Body Press|p1a: Dondozo
|-damage|p1a: Dondozo|75/100
|move|p1a: Dondozo|Wave Crash|p2a: Dondozo
|-resisted|p2a: Dondozo
|-damage|p2a: Dondozo|57/100
|-damage|p1a: Dondozo|71/100|[from] Recoil
|
|-heal|p2a: Dondozo|63/100|[from] item: Leftovers
|-heal|p1a: Dondozo|77/100|[from] item: Leftovers
|upkeep
|turn|55
|
|t:|1779834575
|switch|p2a: Slowking|Slowking-Galar, M|100/100 par
|-damage|p2a: Slowking|88/100 par|[from] Spikes
|move|p1a: Dondozo|Curse|p1a: Dondozo
|-unboost|p1a: Dondozo|spe|1
|-boost|p1a: Dondozo|atk|1
|-boost|p1a: Dondozo|def|1
|
|-heal|p1a: Dondozo|83/100|[from] item: Leftovers
|upkeep
|turn|56
|
|t:|1779834593
|switch|p2a: Dondozo|Dondozo, F|63/100
|-damage|p2a: Dondozo|50/100|[from] Spikes
|move|p1a: Dondozo|Wave Crash|p2a: Dondozo
|-resisted|p2a: Dondozo
|-damage|p2a: Dondozo|38/100
|-damage|p1a: Dondozo|79/100|[from] Recoil
|
|-heal|p2a: Dondozo|44/100|[from] item: Leftovers
|-heal|p1a: Dondozo|85/100|[from] item: Leftovers
|upkeep
|turn|57
|
|t:|1779834604
|move|p2a: Dondozo|Waterfall|p1a: Dondozo
|-resisted|p1a: Dondozo
|-damage|p1a: Dondozo|79/100
|move|p1a: Dondozo|Wave Crash|p2a: Dondozo
|-resisted|p2a: Dondozo
|-damage|p2a: Dondozo|32/100
|-damage|p1a: Dondozo|75/100|[from] Recoil
|
|-heal|p2a: Dondozo|38/100|[from] item: Leftovers
|-heal|p1a: Dondozo|81/100|[from] item: Leftovers
|upkeep
|turn|58
|
|t:|1779834617
|switch|p2a: Slowking|Slowking-Galar, M|100/100 par
|-damage|p2a: Slowking|88/100 par|[from] Spikes
|move|p1a: Dondozo|Wave Crash|p2a: Slowking
|-damage|p2a: Slowking|0 fnt
|faint|p2a: Slowking
|-damage|p1a: Dondozo|58/100|[from] Recoil
|
|-heal|p1a: Dondozo|65/100|[from] item: Leftovers
|upkeep
|
|t:|1779834630
|switch|p2a: Dondozo|Dondozo, F|38/100
|-damage|p2a: Dondozo|26/100|[from] Spikes
|turn|59
|
|t:|1779834638
|move|p2a: Dondozo|Body Press|p1a: Dondozo
|-damage|p1a: Dondozo|55/100
|move|p1a: Dondozo|Curse|p1a: Dondozo
|-unboost|p1a: Dondozo|spe|1
|-boost|p1a: Dondozo|atk|1
|-boost|p1a: Dondozo|def|1
|
|-heal|p2a: Dondozo|32/100|[from] item: Leftovers
|-heal|p1a: Dondozo|62/100|[from] item: Leftovers
|upkeep
|turn|60
|
|t:|1779834651
|move|p2a: Dondozo|Waterfall|p1a: Dondozo
|-resisted|p1a: Dondozo
|-damage|p1a: Dondozo|55/100
|cant|p1a: Dondozo|flinch
|
|-heal|p2a: Dondozo|38/100|[from] item: Leftovers
|-heal|p1a: Dondozo|61/100|[from] item: Leftovers
|upkeep
|turn|61
|
|t:|1779834659
|switch|p2a: Ting-Lu|Ting-Lu, tera:Water|100/100
|-damage|p2a: Ting-Lu|88/100|[from] Spikes
|-ability|p2a: Ting-Lu|Vessel of Ruin
|move|p1a: Dondozo|Wave Crash|p2a: Ting-Lu
|-resisted|p2a: Ting-Lu
|-damage|p2a: Ting-Lu|42/100
|-damage|p1a: Dondozo|46/100|[from] Recoil
|
|-heal|p2a: Ting-Lu|48/100|[from] item: Leftovers
|-heal|p1a: Dondozo|52/100|[from] item: Leftovers
|upkeep
|turn|62
|
|t:|1779834674
|move|p2a: Ting-Lu|Earthquake|p1a: Dondozo
|-damage|p1a: Dondozo|48/100
|move|p1a: Dondozo|Wave Crash|p2a: Ting-Lu
|-resisted|p2a: Ting-Lu
|-damage|p2a: Ting-Lu|1/100
|-damage|p1a: Dondozo|32/100|[from] Recoil
|
|-heal|p2a: Ting-Lu|7/100|[from] item: Leftovers
|-heal|p1a: Dondozo|38/100|[from] item: Leftovers
|upkeep
|turn|63
|
|t:|1779834683
|switch|p2a: Dondozo|Dondozo, F|38/100
|-damage|p2a: Dondozo|26/100|[from] Spikes
|move|p1a: Dondozo|Wave Crash|p2a: Dondozo
|-resisted|p2a: Dondozo
|-damage|p2a: Dondozo|13/100
|-damage|p1a: Dondozo|34/100|[from] Recoil
|
|-heal|p2a: Dondozo|19/100|[from] item: Leftovers
|-heal|p1a: Dondozo|40/100|[from] item: Leftovers
|upkeep
|turn|64
|
|t:|1779834697
|move|p2a: Dondozo|Rest|p2a: Dondozo
|-status|p2a: Dondozo|slp|[from] move: Rest
|-heal|p2a: Dondozo|100/100 slp|[silent]
|move|p1a: Dondozo|Wave Crash|p2a: Dondozo
|-resisted|p2a: Dondozo
|-damage|p2a: Dondozo|89/100 slp
|-damage|p1a: Dondozo|36/100|[from] Recoil
|
|-heal|p2a: Dondozo|95/100 slp|[from] item: Leftovers
|-heal|p1a: Dondozo|42/100|[from] item: Leftovers
|upkeep
|turn|65
|
|t:|1779834710
|switch|p1a: Zapdos|Zapdos, shiny|81/100
|cant|p2a: Dondozo|slp
|
|-heal|p2a: Dondozo|100/100 slp|[from] item: Leftovers
|upkeep
|turn|66
|
|t:|1779834717
|move|p1a: Zapdos|Discharge|p2a: Dondozo
|-supereffective|p2a: Dondozo
|-damage|p2a: Dondozo|58/100 slp
|cant|p2a: Dondozo|slp
|
|-heal|p2a: Dondozo|65/100 slp|[from] item: Leftovers
|upkeep
|turn|67
|
|t:|1779834726
|move|p1a: Zapdos|Discharge|p2a: Dondozo
|-supereffective|p2a: Dondozo
|-damage|p2a: Dondozo|19/100 slp
|-curestatus|p2a: Dondozo|slp|[msg]
|move|p2a: Dondozo|Rest|p2a: Dondozo
|-status|p2a: Dondozo|slp|[from] move: Rest
|-heal|p2a: Dondozo|100/100 slp|[silent]
|
|upkeep
|turn|68
|
|t:|1779834735
|move|p1a: Zapdos|Discharge|p2a: Dondozo
|-supereffective|p2a: Dondozo
|-damage|p2a: Dondozo|56/100 slp
|cant|p2a: Dondozo|slp
|
|-heal|p2a: Dondozo|63/100 slp|[from] item: Leftovers
|upkeep
|turn|69
|
|t:|1779834746
|move|p1a: Zapdos|Discharge|p2a: Dondozo
|-supereffective|p2a: Dondozo
|-damage|p2a: Dondozo|23/100 slp
|cant|p2a: Dondozo|slp
|
|-heal|p2a: Dondozo|29/100 slp|[from] item: Leftovers
|upkeep
|turn|70
|
|t:|1779834758
|switch|p2a: Corviknight|Corviknight, M|100/100
|-ability|p2a: Corviknight|Pressure
|move|p1a: Zapdos|Discharge|p2a: Corviknight
|-supereffective|p2a: Corviknight
|-damage|p2a: Corviknight|34/100
|-status|p2a: Corviknight|par
|
|upkeep
|turn|71
|
|t:|1779834767
|move|p1a: Zapdos|Heat Wave|p2a: Corviknight
|-supereffective|p2a: Corviknight
|-damage|p2a: Corviknight|0 fnt
|faint|p2a: Corviknight
|
|upkeep
|
|t:|1779834776
|switch|p2a: Dondozo|Dondozo, F|29/100 slp
|-damage|p2a: Dondozo|17/100 slp|[from] Spikes
|turn|72
|
|t:|1779834784
|move|p1a: Zapdos|Discharge|p2a: Dondozo
|-supereffective|p2a: Dondozo
|-damage|p2a: Dondozo|0 fnt
|faint|p2a: Dondozo
|
|upkeep
|
|t:|1779834791
|switch|p2a: Ting-Lu|Ting-Lu, tera:Water|7/100
|-damage|p2a: Ting-Lu|0 fnt|[from] Spikes
|faint|p2a: Ting-Lu
|
|win|diagt14
|raw|diagt14's rating: 1223 &rarr; <strong>1252</strong><br />(+29 for winning)
|raw|claudechamp's rating: 1280 &rarr; <strong>1251</strong><br />(-29 for losing)
|c|☆claudechamp|gg
