|j|☆dangtran1111
|j|☆thegodpreda
|t:|1779868645
|gametype|singles
|player|p1|dangtran1111|266|1059
|player|p2|thegodpreda|giovanni|1098
|gen|9
|tier|[Gen 9] OU
|rated|
|rule|HP Percentage Mod: HP is shown in percentages
|rule|Endless Battle Clause: Forcing endless battles is banned
|rule|Species Clause: Limit one of each Pokémon
|rule|OHKO Clause: OHKO moves are banned
|rule|Evasion Items Clause: Evasion items are banned
|rule|Evasion Moves Clause: Evasion moves are banned
|rule|Evasion Abilities Clause: Evasion abilities are banned
|rule|Sleep Moves Clause: Sleep-inducing moves are banned
|clearpoke
|poke|p1|Garganacl, F|
|poke|p1|Great Tusk|
|poke|p1|Rotom-Wash|
|poke|p1|Dragonite, M|
|poke|p1|Clefable, M|
|poke|p1|Kyurem|
|poke|p2|Gliscor, F|
|poke|p2|Kingambit, M|
|poke|p2|Dragapult, F|
|poke|p2|Toxapex, M|
|poke|p2|Gholdengo|
|poke|p2|Hitmontop, M|
|teampreview
|inactive|Battle timer is ON: inactive players will automatically lose when time's up. (requested by thegodpreda)
|
|t:|1779868651
|teamsize|p1|6
|teamsize|p2|6
|start
|switch|p1a: Kyurem|Kyurem|100/100
|switch|p2a: Gliscor|Gliscor, F|100/100
|-ability|p1a: Kyurem|Pressure
|turn|1
|
|t:|1779868662
|switch|p2a: Toxapex|Toxapex, M|100/100
|move|p1a: Kyurem|Ice Beam|p2a: Toxapex
|-resisted|p2a: Toxapex
|-damage|p2a: Toxapex|78/100
|-status|p2a: Toxapex|frz
|-damage|p1a: Kyurem|91/100|[from] item: Life Orb
|
|-heal|p2a: Toxapex|84/100 frz|[from] item: Black Sludge
|upkeep
|turn|2
|
|t:|1779868672
|move|p1a: Kyurem|Earth Power|p2a: Toxapex
|-supereffective|p2a: Toxapex
|-damage|p2a: Toxapex|21/100 frz
|-damage|p1a: Kyurem|81/100|[from] item: Life Orb
|cant|p2a: Toxapex|frz
|
|-heal|p2a: Toxapex|27/100 frz|[from] item: Black Sludge
|upkeep
|turn|3
|
|t:|1779868694
|switch|p2a: Hitmontop|Hitmontop, M|100/100
|-ability|p2a: Hitmontop|Intimidate|boost
|-unboost|p1a: Kyurem|atk|1
|move|p1a: Kyurem|Earth Power|p2a: Hitmontop
|-damage|p2a: Hitmontop|69/100
|-damage|p1a: Kyurem|71/100|[from] item: Life Orb
|
|-heal|p2a: Hitmontop|75/100|[from] item: Leftovers
|upkeep
|turn|4
|
|t:|1779868707
|move|p2a: Hitmontop|Fake Out|p1a: Kyurem
|-damage|p1a: Kyurem|61/100
|cant|p1a: Kyurem|flinch
|
|-heal|p2a: Hitmontop|82/100|[from] item: Leftovers
|upkeep
|turn|5
|
|t:|1779868714
|move|p1a: Kyurem|Ice Beam|p2a: Hitmontop
|-damage|p2a: Hitmontop|28/100
|-damage|p1a: Kyurem|51/100|[from] item: Life Orb
|move|p2a: Hitmontop|Close Combat|p1a: Kyurem
|-supereffective|p1a: Kyurem
|-damage|p1a: Kyurem|0 fnt
|-unboost|p2a: Hitmontop|def|1
|-unboost|p2a: Hitmontop|spd|1
|faint|p1a: Kyurem
|
|-heal|p2a: Hitmontop|34/100|[from] item: Leftovers
|upkeep
|
|t:|1779868727
|switch|p1a: Great Tusk|Great Tusk|100/100
|turn|6
|
|t:|1779868739
|switch|p2a: Gliscor|Gliscor, F|100/100
|move|p1a: Great Tusk|Stealth Rock|p2a: Gliscor
|-sidestart|p2: thegodpreda|move: Stealth Rock
|
|-status|p2a: Gliscor|tox|[from] item: Toxic Orb
|upkeep
|turn|7
|
|t:|1779868754
|-end|p1a: Great Tusk|Protosynthesis|[silent]
|switch|p1a: Rotom|Rotom-Wash|100/100
|move|p2a: Gliscor|Toxic|p1a: Rotom
|-status|p1a: Rotom|tox
|
|-damage|p1a: Rotom|94/100 tox|[from] psn
|upkeep
|turn|8
|
|t:|1779868769
|move|p2a: Gliscor|Protect|p2a: Gliscor
|-singleturn|p2a: Gliscor|Protect
|move|p1a: Rotom|Hydro Pump|p2a: Gliscor
|-activate|p2a: Gliscor|move: Protect
|
|-heal|p1a: Rotom|100/100 tox|[from] item: Leftovers
|-damage|p1a: Rotom|88/100 tox|[from] psn
|upkeep
|turn|9
|
|t:|1779868778
|switch|p2a: Hitmontop|Hitmontop, M|34/100
|-damage|p2a: Hitmontop|28/100|[from] Stealth Rock
|-ability|p2a: Hitmontop|Intimidate|boost
|-unboost|p1a: Rotom|atk|1
|move|p1a: Rotom|Hydro Pump|p2a: Hitmontop
|-damage|p2a: Hitmontop|0 fnt
|faint|p2a: Hitmontop
|
|-heal|p1a: Rotom|94/100 tox|[from] item: Leftovers
|-damage|p1a: Rotom|76/100 tox|[from] psn
|upkeep
|inactive|thegodpreda has 120 seconds left.
|
|t:|1779868820
|switch|p2a: Dragapult|Dragapult, F|100/100
|-damage|p2a: Dragapult|88/100|[from] Stealth Rock
|turn|10
|
|t:|1779868827
|move|p2a: Dragapult|Draco Meteor|p1a: Rotom
|-damage|p1a: Rotom|15/100 tox
|-unboost|p2a: Dragapult|spa|2
|move|p1a: Rotom|Will-O-Wisp|p2a: Dragapult
|-status|p2a: Dragapult|brn
|
|-heal|p1a: Rotom|22/100 tox|[from] item: Leftovers
|-damage|p1a: Rotom|0 fnt|[from] psn
|faint|p1a: Rotom
|-damage|p2a: Dragapult|82/100 brn|[from] brn
|upkeep
|
|t:|1779868853
|switch|p1a: Dragonite|Dragonite, M|100/100
|turn|11
|
|t:|1779868859
|switch|p2a: Gliscor|Gliscor, F|100/100 tox
|-damage|p2a: Gliscor|88/100 tox|[from] Stealth Rock
|move|p1a: Dragonite|Dragon Dance|p1a: Dragonite
|-boost|p1a: Dragonite|atk|1
|-boost|p1a: Dragonite|spe|1
|
|-heal|p2a: Gliscor|100/100 tox|[from] ability: Poison Heal
|upkeep
|turn|12
|
|t:|1779868873
|-terastallize|p1a: Dragonite|Normal
|move|p1a: Dragonite|Extreme Speed|p2a: Gliscor
|-damage|p2a: Gliscor|62/100 tox
|move|p2a: Gliscor|Toxic|p1a: Dragonite
|-status|p1a: Dragonite|tox
|
|-damage|p1a: Dragonite|94/100 tox|[from] psn
|-heal|p2a: Gliscor|74/100 tox|[from] ability: Poison Heal
|upkeep
|turn|13
|
|t:|1779868889
|move|p1a: Dragonite|Dragon Dance|p1a: Dragonite
|-boost|p1a: Dragonite|atk|1
|-boost|p1a: Dragonite|spe|1
|move|p2a: Gliscor|Stealth Rock|p1a: Dragonite
|-sidestart|p1: dangtran1111|move: Stealth Rock
|
|-damage|p1a: Dragonite|82/100 tox|[from] psn
|-heal|p2a: Gliscor|86/100 tox|[from] ability: Poison Heal
|upkeep
|turn|14
|
|t:|1779868897
|move|p1a: Dragonite|Dragon Dance|p1a: Dragonite
|-boost|p1a: Dragonite|atk|1
|-boost|p1a: Dragonite|spe|1
|move|p2a: Gliscor|Earthquake|p1a: Dragonite
|-damage|p1a: Dragonite|46/100 tox
|
|-damage|p1a: Dragonite|28/100 tox|[from] psn
|-heal|p2a: Gliscor|99/100 tox|[from] ability: Poison Heal
|upkeep
|turn|15
|
|t:|1779868912
|move|p2a: Gliscor|Protect|p2a: Gliscor
|-singleturn|p2a: Gliscor|Protect
|move|p1a: Dragonite|Extreme Speed|p2a: Gliscor
|-activate|p2a: Gliscor|move: Protect
|
|-damage|p1a: Dragonite|3/100 tox|[from] psn
|-heal|p2a: Gliscor|100/100 tox|[from] ability: Poison Heal
|upkeep
|turn|16
|inactive|thegodpreda has 120 seconds left.
|
|t:|1779868938
|switch|p2a: Toxapex|Toxapex, M|61/100 frz
|-damage|p2a: Toxapex|48/100 frz|[from] Stealth Rock
|move|p1a: Dragonite|Dragon Claw|p2a: Toxapex
|-damage|p2a: Toxapex|0 fnt
|faint|p2a: Toxapex
|
|-damage|p1a: Dragonite|0 fnt|[from] psn
|faint|p1a: Dragonite
|upkeep
|
|t:|1779868956
|switch|p1a: Great Tusk|Great Tusk|100/100
|switch|p2a: Gliscor|Gliscor, F|100/100 tox
|-damage|p1a: Great Tusk|98/100|[from] Stealth Rock
|-damage|p2a: Gliscor|88/100 tox|[from] Stealth Rock
|turn|17
|
|t:|1779868965
|move|p1a: Great Tusk|Rapid Spin|p2a: Gliscor
|-damage|p2a: Gliscor|78/100 tox
|-boost|p1a: Great Tusk|spe|1
|-sideend|p1: dangtran1111|Stealth Rock|[from] move: Rapid Spin|[of] p1a: Great Tusk
|move|p2a: Gliscor|Toxic|p1a: Great Tusk
|-status|p1a: Great Tusk|tox
|
|-damage|p1a: Great Tusk|91/100 tox|[from] psn
|-heal|p2a: Gliscor|90/100 tox|[from] ability: Poison Heal
|upkeep
|turn|18
|
|t:|1779868978
|move|p1a: Great Tusk|Close Combat|p2a: Gliscor
|-resisted|p2a: Gliscor
|-damage|p2a: Gliscor|72/100 tox
|-unboost|p1a: Great Tusk|def|1
|-unboost|p1a: Great Tusk|spd|1
|move|p2a: Gliscor|Earthquake|p1a: Great Tusk
|-damage|p1a: Great Tusk|52/100 tox
|
|-damage|p1a: Great Tusk|39/100 tox|[from] psn
|-heal|p2a: Gliscor|85/100 tox|[from] ability: Poison Heal
|upkeep
|turn|19
|inactive|thegodpreda has 120 seconds left.
|
|t:|1779868988
|move|p1a: Great Tusk|Close Combat|p2a: Gliscor
|-resisted|p2a: Gliscor
|-damage|p2a: Gliscor|67/100 tox
|-unboost|p1a: Great Tusk|def|1
|-unboost|p1a: Great Tusk|spd|1
|move|p2a: Gliscor|Earthquake|p1a: Great Tusk
|-damage|p1a: Great Tusk|0 fnt
|faint|p1a: Great Tusk
|-end|p1a: Great Tusk|Protosynthesis|[silent]
|
|-heal|p2a: Gliscor|80/100 tox|[from] ability: Poison Heal
|upkeep
|
|t:|1779869000
|switch|p1a: Garganacl|Garganacl, F|100/100
|turn|20
|
|t:|1779869006
|move|p2a: Gliscor|Earthquake|p1a: Garganacl
|-supereffective|p1a: Garganacl
|-damage|p1a: Garganacl|56/100
|move|p1a: Garganacl|Salt Cure|p2a: Gliscor
|-damage|p2a: Gliscor|71/100 tox
|-start|p2a: Gliscor|Salt Cure
|
|-heal|p1a: Garganacl|62/100|[from] item: Leftovers
|-heal|p2a: Gliscor|84/100 tox|[from] ability: Poison Heal
|-damage|p2a: Gliscor|71/100 tox|[from] Salt Cure
|upkeep
|turn|21
|
|t:|1779869018
|move|p1a: Garganacl|Protect|p1a: Garganacl
|-singleturn|p1a: Garganacl|Protect
|move|p2a: Gliscor|Earthquake|p1a: Garganacl
|-activate|p1a: Garganacl|move: Protect
|
|-heal|p1a: Garganacl|68/100|[from] item: Leftovers
|-heal|p2a: Gliscor|84/100 tox|[from] ability: Poison Heal
|-damage|p2a: Gliscor|71/100 tox|[from] Salt Cure
|upkeep
|turn|22
|
|t:|1779869030
|move|p2a: Gliscor|Earthquake|p1a: Garganacl
|-supereffective|p1a: Garganacl
|-damage|p1a: Garganacl|28/100
|move|p1a: Garganacl|Avalanche|p2a: Gliscor
|-supereffective|p2a: Gliscor
|-damage|p2a: Gliscor|2/100 tox
|
|-heal|p1a: Garganacl|34/100|[from] item: Leftovers
|-heal|p2a: Gliscor|15/100 tox|[from] ability: Poison Heal
|-damage|p2a: Gliscor|2/100 tox|[from] Salt Cure
|upkeep
|turn|23
|inactive|dangtran1111 has 120 seconds left.
|
|t:|1779869056
|move|p1a: Garganacl|Protect|p1a: Garganacl
|-singleturn|p1a: Garganacl|Protect
|move|p2a: Gliscor|Stealth Rock|p1a: Garganacl
|-sidestart|p1: dangtran1111|move: Stealth Rock
|
|-heal|p1a: Garganacl|41/100|[from] item: Leftovers
|-heal|p2a: Gliscor|15/100 tox|[from] ability: Poison Heal
|-damage|p2a: Gliscor|2/100 tox|[from] Salt Cure
|upkeep
|turn|24
|inactive|dangtran1111 has 120 seconds left.
|
|t:|1779869068
|move|p2a: Gliscor|Earthquake|p1a: Garganacl
|-supereffective|p1a: Garganacl
|-damage|p1a: Garganacl|3/100
|move|p1a: Garganacl|Avalanche|p2a: Gliscor
|-supereffective|p2a: Gliscor
|-damage|p2a: Gliscor|0 fnt
|faint|p2a: Gliscor
|
|-heal|p1a: Garganacl|9/100|[from] item: Leftovers
|upkeep
|
|t:|1779869079
|switch|p2a: Gholdengo|Gholdengo|100/100
|-damage|p2a: Gholdengo|94/100|[from] Stealth Rock
|turn|25
|
|t:|1779869083
|move|p1a: Garganacl|Protect|p1a: Garganacl
|-singleturn|p1a: Garganacl|Protect
|move|p2a: Gholdengo|Nasty Plot|p2a: Gholdengo
|-boost|p2a: Gholdengo|spa|2
|
|-heal|p2a: Gholdengo|100/100|[from] item: Leftovers
|-heal|p1a: Garganacl|15/100|[from] item: Leftovers
|upkeep
|turn|26
|
|t:|1779869094
|move|p2a: Gholdengo|Hex|p1a: Garganacl
|-damage|p1a: Garganacl|0 fnt
|faint|p1a: Garganacl
|
|upkeep
|
|t:|1779869098
|switch|p1a: Clefable|Clefable, M|100/100
|-damage|p1a: Clefable|88/100|[from] Stealth Rock
|turn|27
|
|t:|1779869102
|move|p2a: Gholdengo|Thunder Wave|p1a: Clefable
|-status|p1a: Clefable|par
|cant|p1a: Clefable|par
|
|-heal|p1a: Clefable|94/100 par|[from] item: Leftovers
|upkeep
|turn|28
|-message|dangtran1111 forfeited.
|
|win|thegodpreda
|raw|dangtran1111's rating: 1059 &rarr; <strong>1042</strong><br />(-17 for losing)
|raw|thegodpreda's rating: 1098 &rarr; <strong>1120</strong><br />(+22 for winning)
|l|☆dangtran1111
|player|p1|
|l|☆thegodpreda
|player|p2|
