|j|☆io_77
|j|☆hieunvt91233
|t:|1779861985
|gametype|singles
|player|p1|io_77|li|1091
|player|p2|hieunvt91233|265|1118
|gen|9
|tier|[Gen 9] OU
|rated|
|rule|HP Percentage Mod: HP is shown in percentages
|rule|Endless Battle Clause: Forcing endless battles is banned
|rule|Species Clause: Limit one of each Pokémon
|rule|OHKO Clause: OHKO moves are banned
|rule|Evasion Items Clause: Evasion items are banned
|rule|Evasion Moves Clause: Evasion moves are banned
|rule|Evasion Abilities Clause: Evasion abilities are banned
|rule|Sleep Moves Clause: Sleep-inducing moves are banned
|clearpoke
|poke|p1|Zamazenta-*|
|poke|p1|Delphox, F|
|poke|p1|Samurott-Hisui, M|
|poke|p1|Dragapult, M|
|poke|p1|Great Tusk|
|poke|p1|Blissey, F|
|poke|p2|Scizor, F|
|poke|p2|Meowscarada, F|
|poke|p2|Ambipom, M|
|poke|p2|Heatran, M|
|poke|p2|Alomomola, F|
|poke|p2|Pecharunt|
|teampreview
|
|t:|1779861992
|teamsize|p1|6
|teamsize|p2|6
|start
|switch|p1a: Samurott|Samurott-Hisui, M, shiny|100/100
|switch|p2a: Ambipom|Ambipom, M|100/100
|turn|1
|inactive|Battle timer is ON: inactive players will automatically lose when time's up. (requested by io_77)
|
|t:|1779862000
|move|p2a: Ambipom|Fake Out|p1a: Samurott
|-damage|p1a: Samurott|58/100
|cant|p1a: Samurott|flinch
|
|upkeep
|turn|2
|
|t:|1779862007
|move|p2a: Ambipom|Double-Edge|p1a: Samurott
|-crit|p1a: Samurott
|-damage|p1a: Samurott|0 fnt
|faint|p1a: Samurott
|-damage|p2a: Ambipom|80/100|[from] Recoil
|
|upkeep
|
|t:|1779862016
|switch|p1a: Zamazenta|Zamazenta, shiny|100/100
|-ability|p1a: Zamazenta|Dauntless Shield|boost
|-boost|p1a: Zamazenta|def|1
|turn|3
|
|t:|1779862022
|switch|p2a: Pecharunt|Pecharunt|100/100
|move|p1a: Zamazenta|Body Press|p2a: Pecharunt
|-immune|p2a: Pecharunt
|
|upkeep
|turn|4
|
|t:|1779862029
|move|p1a: Zamazenta|Crunch|p2a: Pecharunt
|-supereffective|p2a: Pecharunt
|-damage|p2a: Pecharunt|79/100
|move|p2a: Pecharunt|Toxic|p1a: Zamazenta
|-status|p1a: Zamazenta|tox
|-start|p1a: Zamazenta|confusion|[from] ability: Poison Puppeteer|[of] p2a: Pecharunt
|
|-heal|p2a: Pecharunt|85/100|[from] item: Leftovers
|-damage|p1a: Zamazenta|94/100 tox|[from] psn
|upkeep
|turn|5
|
|t:|1779862046
|switch|p1a: Blissey|Blissey, F, shiny|100/100
|move|p2a: Pecharunt|Substitute|p2a: Pecharunt
|-start|p2a: Pecharunt|Substitute
|-damage|p2a: Pecharunt|60/100
|
|-heal|p2a: Pecharunt|67/100|[from] item: Leftovers
|upkeep
|turn|6
|
|t:|1779862059
|move|p2a: Pecharunt|Toxic|p1a: Blissey
|-status|p1a: Blissey|tox
|-start|p1a: Blissey|confusion|[from] ability: Poison Puppeteer|[of] p2a: Pecharunt
|-activate|p1a: Blissey|confusion
|move|p1a: Blissey|Heal Bell|p1a: Blissey
|-activate|p1a: Blissey|move: Heal Bell
|-curestatus|p1a: Blissey|tox|[msg]
|-curestatus|p1: Zamazenta|tox|[msg]
|
|-heal|p2a: Pecharunt|73/100|[from] item: Leftovers
|upkeep
|turn|7
|
|t:|1779862078
|switch|p1a: Zamazenta|Zamazenta, shiny|94/100
|move|p2a: Pecharunt|Toxic|p1a: Zamazenta
|-status|p1a: Zamazenta|tox
|-start|p1a: Zamazenta|confusion|[from] ability: Poison Puppeteer|[of] p2a: Pecharunt
|
|-heal|p1a: Zamazenta|100/100 tox|[from] item: Leftovers
|-heal|p2a: Pecharunt|79/100|[from] item: Leftovers
|-damage|p1a: Zamazenta|94/100 tox|[from] psn
|upkeep
|turn|8
|
|t:|1779862097
|move|p2a: Pecharunt|Protect|p2a: Pecharunt
|-singleturn|p2a: Pecharunt|Protect
|-activate|p1a: Zamazenta|confusion
|-damage|p1a: Zamazenta|86/100 tox|[from] confusion
|
|-heal|p1a: Zamazenta|92/100 tox|[from] item: Leftovers
|-heal|p2a: Pecharunt|85/100|[from] item: Leftovers
|-damage|p1a: Zamazenta|79/100 tox|[from] psn
|upkeep
|turn|9
|
|t:|1779862106
|move|p2a: Pecharunt|Toxic|p1a: Zamazenta
|-fail|p1a: Zamazenta|tox
|-end|p1a: Zamazenta|confusion
|move|p1a: Zamazenta|Roar|p2a: Pecharunt
|drag|p2a: Scizor|Scizor, F|100/100
|
|-heal|p1a: Zamazenta|86/100 tox|[from] item: Leftovers
|-damage|p1a: Zamazenta|67/100 tox|[from] psn
|upkeep
|turn|10
|inactive|io_77 has 120 seconds left.
|
|t:|1779862129
|move|p1a: Zamazenta|Body Press|p2a: Scizor
|-damage|p2a: Scizor|67/100
|move|p2a: Scizor|Dual Wingbeat|p1a: Zamazenta
|-supereffective|p1a: Zamazenta
|-damage|p1a: Zamazenta|18/100 tox
|-supereffective|p1a: Zamazenta
|-crit|p1a: Zamazenta
|-damage|p1a: Zamazenta|0 fnt
|faint|p1a: Zamazenta
|-hitcount|p1: Zamazenta|2
|
|upkeep
|inactive|io_77 has 120 seconds left.
|
|t:|1779862148
|switch|p1a: Dragapult|Dragapult, M|100/100
|turn|11
|
|t:|1779862156
|switch|p2a: Alomomola|Alomomola, F|100/100
|move|p1a: Dragapult|Will-O-Wisp|p2a: Alomomola
|-status|p2a: Alomomola|brn
|
|-damage|p2a: Alomomola|94/100 brn|[from] brn
|upkeep
|turn|12
|inactive|io_77 has 120 seconds left.
|
|t:|1779862169
|move|p1a: Dragapult|U-turn|p2a: Alomomola
|-damage|p2a: Alomomola|81/100 brn
|
|t:|1779862172
|switch|p1a: Blissey|Blissey, F, shiny|100/100|[from] U-turn
|move|p2a: Alomomola|Wish|p2a: Alomomola
|
|-damage|p2a: Alomomola|74/100 brn|[from] brn
|upkeep
|turn|13
|inactive|io_77 has 120 seconds left.
|
|t:|1779862191
|move|p2a: Alomomola|Flip Turn|p1a: Blissey
|-damage|p1a: Blissey|92/100
|
|t:|1779862198
|switch|p2a: Meowscarada|Meowscarada, F|100/100|[from] Flip Turn
|move|p1a: Blissey|Thunder Wave|p2a: Meowscarada
|-status|p2a: Meowscarada|par
|
|upkeep
|turn|14
|inactive|io_77 has 120 seconds left.
|
|t:|1779862211
|switch|p1a: Delphox|Delphox, F, shiny|100/100
|move|p2a: Meowscarada|Brick Break|p1a: Delphox
|-start|p2a: Meowscarada|typechange|Fighting|[from] ability: Protean
|-resisted|p1a: Delphox
|-damage|p1a: Delphox|64/100
|-damage|p2a: Meowscarada|91/100 par|[from] item: Life Orb
|
|upkeep
|turn|15
|inactive|io_77 has 120 seconds left.
|
|t:|1779862226
|switch|p2a: Alomomola|Alomomola, F|100/100 brn
|move|p1a: Delphox|Psyshock|p2a: Alomomola
|-damage|p2a: Alomomola|70/100 brn
|
|-damage|p2a: Alomomola|64/100 brn|[from] brn
|upkeep
|turn|16
|inactive|io_77 has 120 seconds left.
|
|t:|1779862240
|switch|p1a: Dragapult|Dragapult, M|100/100
|move|p2a: Alomomola|Mirror Coat||[still]
|-fail|p2a: Alomomola
|
|-damage|p2a: Alomomola|58/100 brn|[from] brn
|upkeep
|turn|17
|inactive|io_77 has 120 seconds left.
|
|t:|1779862255
|move|p1a: Dragapult|Dragon Darts|p2a: Alomomola
|-damage|p2a: Alomomola|43/100 brn
|-enditem|p2a: Alomomola|Sitrus Berry|[eat]
|-heal|p2a: Alomomola|68/100 brn|[from] item: Sitrus Berry
|-anim|p1a: Dragapult|Dragon Darts|p2a: Alomomola
|-damage|p2a: Alomomola|54/100 brn
|move|p2a: Alomomola|Wish|p2a: Alomomola
|
|-damage|p2a: Alomomola|48/100 brn|[from] brn
|upkeep
|turn|18
|inactive|io_77 has 120 seconds left.
|
|t:|1779862269
|switch|p2a: Pecharunt|Pecharunt|85/100
|move|p1a: Dragapult|Will-O-Wisp|p2a: Pecharunt
|-status|p2a: Pecharunt|brn
|
|-heal|p2a: Pecharunt|100/100 brn|[from] move: Wish|[wisher] Alomomola
|-damage|p2a: Pecharunt|94/100 brn|[from] brn
|upkeep
|turn|19
|inactive|io_77 has 120 seconds left.
|
|t:|1779862285
|move|p1a: Dragapult|Hex|p2a: Pecharunt
|-supereffective|p2a: Pecharunt
|-damage|p2a: Pecharunt|0 fnt
|faint|p2a: Pecharunt
|
|upkeep
|
|t:|1779862294
|switch|p2a: Alomomola|Alomomola, F|81/100 brn
|turn|20
|inactive|io_77 has 120 seconds left.
|
|t:|1779862309
|move|p1a: Dragapult|Hex|p2a: Alomomola
|-damage|p2a: Alomomola|42/100 brn
|move|p2a: Alomomola|Wish|p2a: Alomomola
|
|-damage|p2a: Alomomola|36/100 brn|[from] brn
|upkeep
|turn|21
|inactive|io_77 has 120 seconds left.
|
|t:|1779862324
|switch|p2a: Meowscarada|Meowscarada, F|91/100 par
|move|p1a: Dragapult|Hex|p2a: Meowscarada
|-resisted|p2a: Meowscarada
|-damage|p2a: Meowscarada|47/100 par
|
|-heal|p2a: Meowscarada|100/100 par|[from] move: Wish|[wisher] Alomomola
|upkeep
|turn|22
|inactive|io_77 has 120 seconds left.
|
|t:|1779862335
|move|p1a: Dragapult|U-turn|p2a: Meowscarada
|-supereffective|p2a: Meowscarada
|-damage|p2a: Meowscarada|0 fnt
|faint|p2a: Meowscarada
|inactive|io_77 has 120 seconds left.
|
|t:|1779862342
|switch|p1a: Great Tusk|Great Tusk|100/100|[from] U-turn
|
|upkeep
|
|t:|1779862346
|switch|p2a: Ambipom|Ambipom, M|80/100
|turn|23
|
|t:|1779862356
|-end|p1a: Great Tusk|Protosynthesis|[silent]
|switch|p1a: Blissey|Blissey, F, shiny|92/100
|move|p2a: Ambipom|Fake Out|p1a: Blissey
|-damage|p1a: Blissey|58/100
|
|upkeep
|turn|24
|inactive|io_77 has 120 seconds left.
|
|t:|1779862377
|move|p2a: Ambipom|Knock Off|p1a: Blissey
|-damage|p1a: Blissey|29/100
|-enditem|p1a: Blissey|Heavy-Duty Boots|[from] move: Knock Off|[of] p2a: Ambipom
|move|p1a: Blissey|Seismic Toss|p2a: Ambipom
|-damage|p2a: Ambipom|45/100
|
|upkeep
|turn|25
|inactive|io_77 has 120 seconds left.
|
|t:|1779862403
|switch|p1a: Delphox|Delphox, F, shiny|64/100
|move|p2a: Ambipom|Double-Edge|p1a: Delphox
|-damage|p1a: Delphox|0 fnt
|faint|p1a: Delphox
|-damage|p2a: Ambipom|24/100|[from] Recoil
|
|upkeep
|
|t:|1779862413
|switch|p1a: Dragapult|Dragapult, M|100/100
|turn|26
|
|t:|1779862423
|switch|p2a: Alomomola|Alomomola, F|69/100 brn
|move|p1a: Dragapult|U-turn|p2a: Alomomola
|-damage|p2a: Alomomola|54/100 brn
|
|t:|1779862430
|switch|p1a: Blissey|Blissey, F, shiny|29/100|[from] U-turn
|
|-damage|p2a: Alomomola|48/100 brn|[from] brn
|upkeep
|turn|27
|
|t:|1779862450
|move|p2a: Alomomola|Wish|p2a: Alomomola
|move|p1a: Blissey|Soft-Boiled|p1a: Blissey
|-heal|p1a: Blissey|79/100
|
|-damage|p2a: Alomomola|42/100 brn|[from] brn
|upkeep
|turn|28
|
|t:|1779862468
|move|p2a: Alomomola|Whirlpool|p1a: Blissey
|-damage|p1a: Blissey|77/100
|-activate|p1a: Blissey|move: Whirlpool|[of] p2a: Alomomola
|move|p1a: Blissey|Seismic Toss|p2a: Alomomola
|-damage|p2a: Alomomola|23/100 brn
|
|-heal|p2a: Alomomola|73/100 brn|[from] move: Wish|[wisher] Alomomola
|-damage|p2a: Alomomola|67/100 brn|[from] brn
|-damage|p1a: Blissey|65/100|[from] move: Whirlpool|[partiallytrapped]
|upkeep
|turn|29
|
|t:|1779862487
|move|p2a: Alomomola|Wish|p2a: Alomomola
|move|p1a: Blissey|Seismic Toss|p2a: Alomomola
|-damage|p2a: Alomomola|48/100 brn
|
|-damage|p2a: Alomomola|42/100 brn|[from] brn
|-damage|p1a: Blissey|52/100|[from] move: Whirlpool|[partiallytrapped]
|upkeep
|turn|30
|
|t:|1779862496
|move|p2a: Alomomola|Whirlpool|p1a: Blissey
|-damage|p1a: Blissey|50/100
|move|p1a: Blissey|Soft-Boiled|p1a: Blissey
|-heal|p1a: Blissey|99/100
|
|-heal|p2a: Alomomola|92/100 brn|[from] move: Wish|[wisher] Alomomola
|-damage|p2a: Alomomola|86/100 brn|[from] brn
|-damage|p1a: Blissey|88/100|[from] move: Whirlpool|[partiallytrapped]
|upkeep
|turn|31
|
|t:|1779862509
|move|p2a: Alomomola|Wish|p2a: Alomomola
|move|p1a: Blissey|Seismic Toss|p2a: Alomomola
|-damage|p2a: Alomomola|67/100 brn
|
|-damage|p2a: Alomomola|61/100 brn|[from] brn
|-damage|p1a: Blissey|75/100|[from] move: Whirlpool|[partiallytrapped]
|upkeep
|turn|32
|
|t:|1779862522
|switch|p2a: Ambipom|Ambipom, M|24/100
|move|p1a: Blissey|Seismic Toss|p2a: Ambipom
|-damage|p2a: Ambipom|0 fnt
|faint|p2a: Ambipom
|
|-end|p1a: Blissey|Whirlpool|[partiallytrapped]|[silent]
|upkeep
|
|t:|1779862530
|switch|p2a: Scizor|Scizor, F|67/100
|turn|33
|
|t:|1779862542
|move|p2a: Scizor|Bullet Punch|p1a: Blissey
|-damage|p1a: Blissey|19/100
|move|p1a: Blissey|Thunder Wave|p2a: Scizor
|-status|p2a: Scizor|par
|
|upkeep
|turn|34
|
|t:|1779862549
|switch|p1a: Dragapult|Dragapult, M|100/100
|move|p2a: Scizor|Bullet Punch|p1a: Dragapult
|-damage|p1a: Dragapult|33/100
|
|upkeep
|turn|35
|inactive|io_77 has 120 seconds left.
|
|t:|1779862566
|move|p2a: Scizor|Bullet Punch|p1a: Dragapult
|-damage|p1a: Dragapult|0 fnt
|faint|p1a: Dragapult
|
|upkeep
|
|t:|1779862573
|switch|p1a: Great Tusk|Great Tusk|100/100
|turn|36
|
|t:|1779862580
|-terastallize|p1a: Great Tusk|Water
|cant|p2a: Scizor|par
|move|p1a: Great Tusk|Headlong Rush|p2a: Scizor
|-damage|p2a: Scizor|16/100 par
|-unboost|p1a: Great Tusk|def|1
|-unboost|p1a: Great Tusk|spd|1
|
|upkeep
|turn|37
|inactive|io_77 has 120 seconds left.
|
|t:|1779862594
|-end|p1a: Great Tusk|Protosynthesis|[silent]
|switch|p1a: Blissey|Blissey, F, shiny|19/100
|switch|p2a: Alomomola|Alomomola, F|95/100 brn
|
|-damage|p2a: Alomomola|88/100 brn|[from] brn
|upkeep
|turn|38
|inactive|io_77 has 120 seconds left.
|
|t:|1779862601
|move|p2a: Alomomola|Wish|p2a: Alomomola
|move|p1a: Blissey|Soft-Boiled|p1a: Blissey
|-heal|p1a: Blissey|69/100
|
|-damage|p2a: Alomomola|82/100 brn|[from] brn
|upkeep
|turn|39
|
|t:|1779862609
|switch|p1a: Great Tusk|Great Tusk, tera:Water|100/100
|move|p2a: Alomomola|Flip Turn|p1a: Great Tusk
|-resisted|p1a: Great Tusk
|-damage|p1a: Great Tusk|98/100
|-damage|p2a: Alomomola|65/100 brn|[from] item: Rocky Helmet|[of] p1a: Great Tusk
|
|t:|1779862616
|switch|p2a: Scizor|Scizor, F|16/100 par|[from] Flip Turn
|
|-heal|p2a: Scizor|93/100 par|[from] move: Wish|[wisher] Alomomola
|upkeep
|turn|40
|
|t:|1779862629
|move|p1a: Great Tusk|Stealth Rock|p2a: Scizor
|-sidestart|p2: hieunvt91233|move: Stealth Rock
|move|p2a: Scizor|Dual Wingbeat|p1a: Great Tusk
|-damage|p1a: Great Tusk|78/100
|-damage|p2a: Scizor|77/100 par|[from] item: Rocky Helmet|[of] p1a: Great Tusk
|-crit|p1a: Great Tusk
|-damage|p1a: Great Tusk|47/100
|-damage|p2a: Scizor|60/100 par|[from] item: Rocky Helmet|[of] p1a: Great Tusk
|-hitcount|p1a: Great Tusk|2
|
|upkeep
|turn|41
|
|t:|1779862647
|move|p1a: Great Tusk|Headlong Rush|p2a: Scizor
|-damage|p2a: Scizor|10/100 par
|-unboost|p1a: Great Tusk|def|1
|-unboost|p1a: Great Tusk|spd|1
|move|p2a: Scizor|Dual Wingbeat|p1a: Great Tusk
|-damage|p1a: Great Tusk|16/100
|-damage|p2a: Scizor|0 fnt|[from] item: Rocky Helmet|[of] p1a: Great Tusk
|faint|p2a: Scizor
|-hitcount|p1a: Great Tusk|1
|
|upkeep
|
|t:|1779862656
|switch|p2a: Alomomola|Alomomola, F|99/100 brn
|-damage|p2a: Alomomola|86/100 brn|[from] Stealth Rock
|turn|42
|
|t:|1779862661
|-end|p1a: Great Tusk|Protosynthesis|[silent]
|switch|p1a: Blissey|Blissey, F, shiny|69/100
|move|p2a: Alomomola|Whirlpool|p1a: Blissey
|-damage|p1a: Blissey|68/100
|-activate|p1a: Blissey|move: Whirlpool|[of] p2a: Alomomola
|
|-damage|p2a: Alomomola|80/100 brn|[from] brn
|-damage|p1a: Blissey|55/100|[from] move: Whirlpool|[partiallytrapped]
|upkeep
|turn|43
|
|t:|1779862671
|move|p2a: Alomomola|Wish|p2a: Alomomola
|move|p1a: Blissey|Soft-Boiled|p1a: Blissey
|-heal|p1a: Blissey|100/100
|
|-damage|p2a: Alomomola|74/100 brn|[from] brn
|-damage|p1a: Blissey|88/100|[from] move: Whirlpool|[partiallytrapped]
|upkeep
|turn|44
|
|t:|1779862679
|move|p2a: Alomomola|Flip Turn|p1a: Blissey
|-damage|p1a: Blissey|79/100
|
|t:|1779862683
|switch|p2a: Heatran|Heatran, M|100/100|[from] Flip Turn
|-damage|p2a: Heatran|88/100|[from] Stealth Rock
|-item|p2a: Heatran|Air Balloon
|move|p1a: Blissey|Seismic Toss|p2a: Heatran
|-damage|p2a: Heatran|62/100
|-enditem|p2a: Heatran|Air Balloon
|
|-heal|p2a: Heatran|100/100|[from] move: Wish|[wisher] Alomomola
|-end|p1a: Blissey|Whirlpool|[partiallytrapped]|[silent]
|upkeep
|turn|45
|
|t:|1779862697
|move|p2a: Heatran|Flamethrower|p1a: Blissey
|-damage|p1a: Blissey|63/100
|move|p1a: Blissey|Thunder Wave|p2a: Heatran
|-status|p2a: Heatran|par
|
|upkeep
|turn|46
|
|t:|1779862709
|move|p1a: Blissey|Seismic Toss|p2a: Heatran
|-damage|p2a: Heatran|75/100 par
|move|p2a: Heatran|Flamethrower|p1a: Blissey
|-damage|p1a: Blissey|46/100
|
|upkeep
|turn|47
|
|t:|1779862717
|move|p1a: Blissey|Seismic Toss|p2a: Heatran
|-damage|p2a: Heatran|49/100 par
|move|p2a: Heatran|Flamethrower|p1a: Blissey
|-damage|p1a: Blissey|30/100
|
|upkeep
|turn|48
|
|t:|1779862745
|switch|p2a: Alomomola|Alomomola, F|100/100 brn
|-damage|p2a: Alomomola|88/100 brn|[from] Stealth Rock
|move|p1a: Blissey|Seismic Toss|p2a: Alomomola
|-damage|p2a: Alomomola|69/100 brn
|
|-damage|p2a: Alomomola|63/100 brn|[from] brn
|upkeep
|turn|49
|
|t:|1779862766
|move|p2a: Alomomola|Wish|p2a: Alomomola
|move|p1a: Blissey|Seismic Toss|p2a: Alomomola
|-damage|p2a: Alomomola|45/100 brn
|
|-damage|p2a: Alomomola|38/100 brn|[from] brn
|upkeep
|turn|50
|
|t:|1779862776
|move|p2a: Alomomola|Whirlpool|p1a: Blissey
|-damage|p1a: Blissey|29/100
|-activate|p1a: Blissey|move: Whirlpool|[of] p2a: Alomomola
|move|p1a: Blissey|Soft-Boiled|p1a: Blissey
|-heal|p1a: Blissey|79/100
|
|-heal|p2a: Alomomola|88/100 brn|[from] move: Wish|[wisher] Alomomola
|-damage|p2a: Alomomola|82/100 brn|[from] brn
|-damage|p1a: Blissey|66/100|[from] move: Whirlpool|[partiallytrapped]
|upkeep
|turn|51
|
|t:|1779862793
|move|p2a: Alomomola|Wish|p2a: Alomomola
|move|p1a: Blissey|Seismic Toss|p2a: Alomomola
|-damage|p2a: Alomomola|63/100 brn
|
|-damage|p2a: Alomomola|57/100 brn|[from] brn
|-damage|p1a: Blissey|54/100|[from] move: Whirlpool|[partiallytrapped]
|upkeep
|turn|52
|
|t:|1779862804
|move|p2a: Alomomola|Whirlpool|p1a: Blissey|[miss]
|-miss|p2a: Alomomola|p1a: Blissey
|move|p1a: Blissey|Soft-Boiled|p1a: Blissey
|-heal|p1a: Blissey|100/100
|
|-heal|p2a: Alomomola|100/100 brn|[from] move: Wish|[wisher] Alomomola
|-damage|p2a: Alomomola|94/100 brn|[from] brn
|-damage|p1a: Blissey|88/100|[from] move: Whirlpool|[partiallytrapped]
|upkeep
|turn|53
|
|t:|1779862816
|move|p2a: Alomomola|Wish|p2a: Alomomola
|move|p1a: Blissey|Seismic Toss|p2a: Alomomola
|-damage|p2a: Alomomola|76/100 brn
|
|-damage|p2a: Alomomola|69/100 brn|[from] brn
|-damage|p1a: Blissey|76/100|[from] move: Whirlpool|[partiallytrapped]
|upkeep
|turn|54
|
|t:|1779862824
|move|p2a: Alomomola|Whirlpool|p1a: Blissey
|-damage|p1a: Blissey|74/100
|move|p1a: Blissey|Seismic Toss|p2a: Alomomola
|-damage|p2a: Alomomola|51/100 brn
|
|-heal|p2a: Alomomola|100/100 brn|[from] move: Wish|[wisher] Alomomola
|-damage|p2a: Alomomola|94/100 brn|[from] brn
|-end|p1a: Blissey|Whirlpool|[partiallytrapped]
|upkeep
|turn|55
|
|t:|1779862850
|move|p2a: Alomomola|Whirlpool|p1a: Blissey
|-damage|p1a: Blissey|73/100
|-activate|p1a: Blissey|move: Whirlpool|[of] p2a: Alomomola
|move|p1a: Blissey|Seismic Toss|p2a: Alomomola
|-damage|p2a: Alomomola|76/100 brn
|
|-damage|p2a: Alomomola|69/100 brn|[from] brn
|-damage|p1a: Blissey|60/100|[from] move: Whirlpool|[partiallytrapped]
|upkeep
|turn|56
|inactive|io_77 has 120 seconds left.
|
|t:|1779862882
|move|p2a: Alomomola|Wish|p2a: Alomomola
|move|p1a: Blissey|Seismic Toss|p2a: Alomomola
|-damage|p2a: Alomomola|51/100 brn
|
|-damage|p2a: Alomomola|45/100 brn|[from] brn
|-damage|p1a: Blissey|48/100|[from] move: Whirlpool|[partiallytrapped]
|upkeep
|turn|57
|inactive|hieunvt91233 has 120 seconds left.
|
|t:|1779862899
|move|p2a: Alomomola|Whirlpool|p1a: Blissey
|-damage|p1a: Blissey|46/100
|move|p1a: Blissey|Soft-Boiled|p1a: Blissey
|-heal|p1a: Blissey|96/100
|
|-heal|p2a: Alomomola|95/100 brn|[from] move: Wish|[wisher] Alomomola
|-damage|p2a: Alomomola|88/100 brn|[from] brn
|-damage|p1a: Blissey|84/100|[from] move: Whirlpool|[partiallytrapped]
|upkeep
|turn|58
|inactive|hieunvt91233 has 120 seconds left.
|
|t:|1779862912
|move|p2a: Alomomola|Whirlpool|p1a: Blissey
|-damage|p1a: Blissey|82/100
|move|p1a: Blissey|Seismic Toss|p2a: Alomomola
|-damage|p2a: Alomomola|70/100 brn
|
|-damage|p2a: Alomomola|63/100 brn|[from] brn
|-damage|p1a: Blissey|70/100|[from] move: Whirlpool|[partiallytrapped]
|upkeep
|turn|59
|inactive|io_77 has 120 seconds left.
|
|t:|1779862928
|move|p2a: Alomomola|Wish|p2a: Alomomola
|move|p1a: Blissey|Seismic Toss|p2a: Alomomola
|-damage|p2a: Alomomola|45/100 brn
|
|-damage|p2a: Alomomola|39/100 brn|[from] brn
|-damage|p1a: Blissey|57/100|[from] move: Whirlpool|[partiallytrapped]
|upkeep
|turn|60
|
|t:|1779862936
|move|p2a: Alomomola|Whirlpool|p1a: Blissey
|-damage|p1a: Blissey|55/100
|move|p1a: Blissey|Soft-Boiled|p1a: Blissey
|-heal|p1a: Blissey|100/100
|
|-heal|p2a: Alomomola|89/100 brn|[from] move: Wish|[wisher] Alomomola
|-damage|p2a: Alomomola|82/100 brn|[from] brn
|-end|p1a: Blissey|Whirlpool|[partiallytrapped]
|upkeep
|turn|61
|inactive|io_77 has 120 seconds left.
|
|t:|1779862954
|move|p2a: Alomomola|Whirlpool|p1a: Blissey|[miss]
|-miss|p2a: Alomomola|p1a: Blissey
|move|p1a: Blissey|Seismic Toss|p2a: Alomomola
|-damage|p2a: Alomomola|64/100 brn
|
|-damage|p2a: Alomomola|57/100 brn|[from] brn
|upkeep
|turn|62
|
|t:|1779862963
|switch|p1a: Great Tusk|Great Tusk, tera:Water|16/100
|move|p2a: Alomomola|Wish|p2a: Alomomola
|
|-damage|p2a: Alomomola|51/100 brn|[from] brn
|upkeep
|turn|63
|
|t:|1779862976
|move|p1a: Great Tusk|Headlong Rush|p2a: Alomomola
|-damage|p2a: Alomomola|10/100 brn
|-unboost|p1a: Great Tusk|def|1
|-unboost|p1a: Great Tusk|spd|1
|move|p2a: Alomomola|Whirlpool|p1a: Great Tusk|[miss]
|-miss|p2a: Alomomola|p1a: Great Tusk
|
|-heal|p2a: Alomomola|60/100 brn|[from] move: Wish|[wisher] Alomomola
|-damage|p2a: Alomomola|54/100 brn|[from] brn
|upkeep
|turn|64
|inactive|io_77 has 120 seconds left.
|
|t:|1779862992
|move|p1a: Great Tusk|Headlong Rush|p2a: Alomomola
|-damage|p2a: Alomomola|18/100 brn
|-unboost|p1a: Great Tusk|def|1
|-unboost|p1a: Great Tusk|spd|1
|move|p2a: Alomomola|Wish|p2a: Alomomola
|
|-damage|p2a: Alomomola|11/100 brn|[from] brn
|upkeep
|turn|65
|
|t:|1779863000
|switch|p2a: Heatran|Heatran, M|49/100 par
|-damage|p2a: Heatran|36/100 par|[from] Stealth Rock
|move|p1a: Great Tusk|Headlong Rush|p2a: Heatran
|-supereffective|p2a: Heatran
|-damage|p2a: Heatran|0 fnt
|-unboost|p1a: Great Tusk|def|1
|-unboost|p1a: Great Tusk|spd|1
|faint|p2a: Heatran
|
|upkeep
|
|t:|1779863003
|switch|p2a: Alomomola|Alomomola, F|45/100 brn
|-damage|p2a: Alomomola|32/100 brn|[from] Stealth Rock
|turn|66
|c|☆hieunvt91233|u lucky i miss
|
|t:|1779863015
|move|p1a: Great Tusk|Headlong Rush|p2a: Alomomola
|-damage|p2a: Alomomola|0 fnt
|-unboost|p1a: Great Tusk|def|1
|-unboost|p1a: Great Tusk|spd|1
|faint|p2a: Alomomola
|
|win|io_77
|raw|io_77's rating: 1091 &rarr; <strong>1119</strong><br />(+28 for winning)
|raw|hieunvt91233's rating: 1118 &rarr; <strong>1091</strong><br />(-27 for losing)
|l|☆hieunvt91233
|player|p2|
