|j|☆Huge Brew
|j|☆42q
|t:|1779906442
|gametype|singles
|player|p1|Huge Brew|galacticgrunt|1168
|player|p2|42q|skierf|1159
|gen|9
|tier|[Gen 9] OU
|rated|
|rule|HP Percentage Mod: HP is shown in percentages
|rule|Endless Battle Clause: Forcing endless battles is banned
|rule|Species Clause: Limit one of each Pokémon
|rule|OHKO Clause: OHKO moves are banned
|rule|Evasion Items Clause: Evasion items are banned
|rule|Evasion Moves Clause: Evasion moves are banned
|rule|Evasion Abilities Clause: Evasion abilities are banned
|rule|Sleep Moves Clause: Sleep-inducing moves are banned
|clearpoke
|poke|p1|Tyranitar, F|
|poke|p1|Zamazenta-*|
|poke|p1|Iron Treads|
|poke|p1|Iron Valiant|
|poke|p1|Ogerpon-Wellspring, F|
|poke|p1|Raging Bolt|
|poke|p2|Regidrago|
|poke|p2|Regice|
|poke|p2|Regigigas|
|poke|p2|Regirock|
|poke|p2|Registeel|
|poke|p2|Regieleki|
|teampreview
|inactive|Battle timer is ON: inactive players will automatically lose when time's up. (requested by Huge Brew)
|
|t:|1779906460
|teamsize|p1|6
|teamsize|p2|6
|start
|switch|p1a: Air Fryer|Iron Treads|100/100
|switch|p2a: Regirock|Regirock|100/100
|-item|p1a: Air Fryer|Air Balloon
|turn|1
|
|t:|1779906468
|move|p1a: Air Fryer|Stealth Rock|p2a: Regirock
|-sidestart|p2: 42q|move: Stealth Rock
|move|p2a: Regirock|Body Press|p1a: Air Fryer
|-supereffective|p1a: Air Fryer
|-damage|p1a: Air Fryer|26/100
|-enditem|p1a: Air Fryer|Air Balloon
|
|upkeep
|turn|2
|
|t:|1779906477
|move|p1a: Air Fryer|Iron Head|p2a: Regirock
|-supereffective|p2a: Regirock
|-damage|p2a: Regirock|72/100
|move|p2a: Regirock|Body Press|p1a: Air Fryer
|-supereffective|p1a: Air Fryer
|-damage|p1a: Air Fryer|0 fnt
|faint|p1a: Air Fryer
|-end|p1a: Air Fryer|Quark Drive|[silent]
|
|-heal|p2a: Regirock|78/100|[from] item: Leftovers
|upkeep
|
|t:|1779906486
|switch|p1a: Raging Bolt|Raging Bolt|100/100
|-item|p1a: Raging Bolt|Air Balloon
|turn|3
|
|t:|1779906493
|move|p1a: Raging Bolt|Draco Meteor|p2a: Regirock|[miss]
|-miss|p1a: Raging Bolt|p2a: Regirock
|move|p2a: Regirock|Body Press|p1a: Raging Bolt
|-damage|p1a: Raging Bolt|66/100
|-enditem|p1a: Raging Bolt|Air Balloon
|
|-heal|p2a: Regirock|84/100|[from] item: Leftovers
|upkeep
|turn|4
|
|t:|1779906505
|switch|p2a: Registeel|Registeel|100/100
|-damage|p2a: Registeel|94/100|[from] Stealth Rock
|move|p1a: Raging Bolt|Draco Meteor|p2a: Registeel
|-resisted|p2a: Registeel
|-damage|p2a: Registeel|70/100
|-unboost|p1a: Raging Bolt|spa|2
|
|upkeep
|turn|5
|-message|Huge Brew forfeited.
|
|win|42q
|raw|Huge Brew's rating: 1168 &rarr; <strong>1142</strong><br />(-26 for losing)
|raw|42q's rating: 1159 &rarr; <strong>1185</strong><br />(+26 for winning)
|l|☆Huge Brew
|player|p1|
|l|☆42q
|player|p2|
