|j|☆electiviregoat
|j|☆ZeeVeeAy
|t:|1779852624
|gametype|singles
|player|p1|electiviregoat|volkner|1323
|player|p2|ZeeVeeAy|daisy|1327
|gen|9
|tier|[Gen 9] OU
|rated|
|rule|HP Percentage Mod: HP is shown in percentages
|rule|Endless Battle Clause: Forcing endless battles is banned
|rule|Species Clause: Limit one of each Pokémon
|rule|OHKO Clause: OHKO moves are banned
|rule|Evasion Items Clause: Evasion items are banned
|rule|Evasion Moves Clause: Evasion moves are banned
|rule|Evasion Abilities Clause: Evasion abilities are banned
|rule|Sleep Moves Clause: Sleep-inducing moves are banned
|clearpoke
|poke|p1|Araquanid, M|
|poke|p1|Electivire, M|
|poke|p1|Volcanion|
|poke|p1|Gholdengo|
|poke|p1|Latias, F|
|poke|p1|Great Tusk|
|poke|p2|Dragapult, F|
|poke|p2|Gliscor, F|
|poke|p2|Hatterene, F|
|poke|p2|Kyurem|
|poke|p2|Kingambit, F|
|poke|p2|Great Tusk|
|teampreview
|inactive|Battle timer is ON: inactive players will automatically lose when time's up. (requested by ZeeVeeAy)
|
|t:|1779852632
|teamsize|p1|6
|teamsize|p2|6
|start
|switch|p1a: Araquanid|Araquanid, M|100/100
|switch|p2a: Hatterene|Hatterene, F|100/100
|turn|1
|
|t:|1779852635
|move|p1a: Araquanid|Liquidation|p2a: Hatterene
|-damage|p2a: Hatterene|27/100
|move|p2a: Hatterene|Nuzzle|p1a: Araquanid
|-supereffective|p1a: Araquanid
|-damage|p1a: Araquanid|91/100
|-status|p1a: Araquanid|par
|
|upkeep
|turn|2
|
|t:|1779852640
|switch|p2a: Kyurem|Kyurem|100/100
|-ability|p2a: Kyurem|Pressure
|cant|p1a: Araquanid|par
|
|upkeep
|turn|3
|
|t:|1779852646
|switch|p2a: Hatterene|Hatterene, F|27/100
|move|p1a: Araquanid|Lunge|p2a: Hatterene
|-crit|p2a: Hatterene
|-damage|p2a: Hatterene|0 fnt
|faint|p2a: Hatterene
|
|upkeep
|
|t:|1779852651
|switch|p2a: Kyurem|Kyurem|100/100
|-ability|p2a: Kyurem|Pressure
|turn|4
|
|t:|1779852654
|move|p2a: Kyurem|Substitute|p2a: Kyurem
|-start|p2a: Kyurem|Substitute
|-damage|p2a: Kyurem|75/100
|move|p1a: Araquanid|Mirror Coat||[still]
|-fail|p1a: Araquanid
|
|-heal|p2a: Kyurem|82/100|[from] item: Leftovers
|upkeep
|turn|5
|
|t:|1779852656
|move|p2a: Kyurem|Freeze-Dry|p1a: Araquanid
|-supereffective|p1a: Araquanid
|-damage|p1a: Araquanid|29/100 par
|move|p1a: Araquanid|Liquidation|p2a: Kyurem
|-resisted|p2a: Kyurem
|-end|p2a: Kyurem|Substitute
|
|-heal|p2a: Kyurem|88/100|[from] item: Leftovers
|upkeep
|turn|6
|
|t:|1779852663
|move|p2a: Kyurem|Substitute|p2a: Kyurem
|-start|p2a: Kyurem|Substitute
|-damage|p2a: Kyurem|63/100
|move|p1a: Araquanid|Lunge|p2a: Kyurem
|-end|p2a: Kyurem|Substitute
|
|-heal|p2a: Kyurem|69/100|[from] item: Leftovers
|upkeep
|turn|7
|
|t:|1779852666
|move|p2a: Kyurem|Protect|p2a: Kyurem
|-singleturn|p2a: Kyurem|Protect
|cant|p1a: Araquanid|par
|
|-heal|p2a: Kyurem|75/100|[from] item: Leftovers
|upkeep
|turn|8
|
|t:|1779852669
|move|p2a: Kyurem|Substitute|p2a: Kyurem
|-start|p2a: Kyurem|Substitute
|-damage|p2a: Kyurem|50/100
|move|p1a: Araquanid|Lunge|p2a: Kyurem
|-end|p2a: Kyurem|Substitute
|
|-heal|p2a: Kyurem|56/100|[from] item: Leftovers
|upkeep
|turn|9
|
|t:|1779852672
|move|p2a: Kyurem|Protect|p2a: Kyurem
|-singleturn|p2a: Kyurem|Protect
|move|p1a: Araquanid|Lunge|p2a: Kyurem
|-activate|p2a: Kyurem|move: Protect
|
|-heal|p2a: Kyurem|63/100|[from] item: Leftovers
|upkeep
|turn|10
|
|t:|1779852675
|move|p2a: Kyurem|Substitute|p2a: Kyurem
|-start|p2a: Kyurem|Substitute
|-damage|p2a: Kyurem|38/100
|move|p1a: Araquanid|Lunge|p2a: Kyurem
|-end|p2a: Kyurem|Substitute
|
|-heal|p2a: Kyurem|44/100|[from] item: Leftovers
|upkeep
|turn|11
|
|t:|1779852681
|move|p2a: Kyurem|Protect|p2a: Kyurem
|-singleturn|p2a: Kyurem|Protect
|move|p1a: Araquanid|Sticky Web|p2a: Kyurem
|-sidestart|p2: ZeeVeeAy|move: Sticky Web
|
|-heal|p2a: Kyurem|50/100|[from] item: Leftovers
|upkeep
|turn|12
|
|t:|1779852683
|move|p2a: Kyurem|Substitute|p2a: Kyurem
|-start|p2a: Kyurem|Substitute
|-damage|p2a: Kyurem|25/100
|move|p1a: Araquanid|Lunge|p2a: Kyurem
|-end|p2a: Kyurem|Substitute
|
|-heal|p2a: Kyurem|31/100|[from] item: Leftovers
|upkeep
|turn|13
|
|t:|1779852687
|move|p2a: Kyurem|Substitute|p2a: Kyurem
|-start|p2a: Kyurem|Substitute
|-damage|p2a: Kyurem|6/100
|cant|p1a: Araquanid|par
|
|-heal|p2a: Kyurem|12/100|[from] item: Leftovers
|upkeep
|turn|14
|
|t:|1779852690
|move|p2a: Kyurem|Protect|p2a: Kyurem
|-singleturn|p2a: Kyurem|Protect
|move|p1a: Araquanid|Lunge|p2a: Kyurem
|-activate|p2a: Kyurem|move: Protect
|
|-heal|p2a: Kyurem|19/100|[from] item: Leftovers
|upkeep
|turn|15
|
|t:|1779852694
|move|p2a: Kyurem|Freeze-Dry|p1a: Araquanid
|-supereffective|p1a: Araquanid
|-damage|p1a: Araquanid|0 fnt
|faint|p1a: Araquanid
|
|-heal|p2a: Kyurem|25/100|[from] item: Leftovers
|upkeep
|
|t:|1779852701
|switch|p1a: Booster Ghold|Gholdengo|100/100
|turn|16
|
|t:|1779852705
|move|p2a: Kyurem|Protect|p2a: Kyurem
|-singleturn|p2a: Kyurem|Protect
|move|p1a: Booster Ghold|Hex|p2a: Kyurem
|-activate|p2a: Kyurem|move: Protect
|
|-heal|p2a: Kyurem|31/100|[from] item: Leftovers
|upkeep
|turn|17
|
|t:|1779852711
|move|p2a: Kyurem|Earth Power|p1a: Booster Ghold
|-supereffective|p1a: Booster Ghold
|-damage|p1a: Booster Ghold|34/100
|move|p1a: Booster Ghold|Hex|p2a: Kyurem
|-end|p2a: Kyurem|Substitute
|
|-heal|p2a: Kyurem|37/100|[from] item: Leftovers
|upkeep
|turn|18
|
|t:|1779852717
|switch|p1a: Latias|Latias, F|100/100
|move|p2a: Kyurem|Earth Power|p1a: Latias
|-immune|p1a: Latias|[from] ability: Levitate
|
|-heal|p2a: Kyurem|43/100|[from] item: Leftovers
|upkeep
|turn|19
|
|t:|1779852721
|move|p2a: Kyurem|Protect|p2a: Kyurem
|-singleturn|p2a: Kyurem|Protect
|move|p1a: Latias|Agility|p1a: Latias
|-boost|p1a: Latias|spe|2
|
|-heal|p2a: Kyurem|50/100|[from] item: Leftovers
|upkeep
|turn|20
|
|t:|1779852724
|-terastallize|p2a: Kyurem|Ground
|move|p1a: Latias|Calm Mind|p1a: Latias
|-boost|p1a: Latias|spa|1
|-boost|p1a: Latias|spd|1
|move|p2a: Kyurem|Substitute|p2a: Kyurem
|-start|p2a: Kyurem|Substitute
|-damage|p2a: Kyurem|25/100
|
|-heal|p2a: Kyurem|31/100|[from] item: Leftovers
|upkeep
|turn|21
|
|t:|1779852737
|move|p1a: Latias|Calm Mind|p1a: Latias
|-boost|p1a: Latias|spa|1
|-boost|p1a: Latias|spd|1
|move|p2a: Kyurem|Freeze-Dry|p1a: Latias
|-supereffective|p1a: Latias
|-damage|p1a: Latias|74/100
|-enditem|p1a: Latias|Weakness Policy
|-boost|p1a: Latias|atk|2|[from] item: Weakness Policy
|-boost|p1a: Latias|spa|2|[from] item: Weakness Policy
|
|-heal|p2a: Kyurem|37/100|[from] item: Leftovers
|upkeep
|turn|22
|
|t:|1779852746
|move|p2a: Kyurem|Protect|p2a: Kyurem
|-singleturn|p2a: Kyurem|Protect
|move|p1a: Latias|Calm Mind|p1a: Latias
|-boost|p1a: Latias|spa|1
|-boost|p1a: Latias|spd|1
|
|-heal|p2a: Kyurem|43/100|[from] item: Leftovers
|upkeep
|turn|23
|
|t:|1779852749
|move|p1a: Latias|Stored Power|p2a: Kyurem
|-end|p2a: Kyurem|Substitute
|move|p2a: Kyurem|Freeze-Dry|p1a: Latias
|-supereffective|p1a: Latias
|-damage|p1a: Latias|51/100
|
|-heal|p2a: Kyurem|49/100|[from] item: Leftovers
|upkeep
|turn|24
|
|t:|1779852754
|move|p1a: Latias|Calm Mind|p1a: Latias
|-boost|p1a: Latias|spa|1
|-boost|p1a: Latias|spd|1
|move|p2a: Kyurem|Freeze-Dry|p1a: Latias
|-supereffective|p1a: Latias
|-damage|p1a: Latias|33/100
|
|-heal|p2a: Kyurem|55/100|[from] item: Leftovers
|upkeep
|turn|25
|
|t:|1779852756
|move|p2a: Kyurem|Protect|p2a: Kyurem
|-singleturn|p2a: Kyurem|Protect
|move|p1a: Latias|Stored Power|p2a: Kyurem
|-activate|p2a: Kyurem|move: Protect
|
|-heal|p2a: Kyurem|62/100|[from] item: Leftovers
|upkeep
|turn|26
|
|t:|1779852758
|move|p1a: Latias|Stored Power|p2a: Kyurem
|-damage|p2a: Kyurem|0 fnt
|faint|p2a: Kyurem
|
|upkeep
|
|t:|1779852760
|switch|p2a: Kingambit|Kingambit, F|100/100
|-activate|p2a: Kingambit|move: Sticky Web
|-unboost|p2a: Kingambit|spe|1
|-activate|p2a: Kingambit|ability: Supreme Overlord
|-start|p2a: Kingambit|fallen2|[silent]
|turn|27
|
|t:|1779852765
|move|p2a: Kingambit|Sucker Punch|p1a: Latias
|-supereffective|p1a: Latias
|-damage|p1a: Latias|0 fnt
|faint|p1a: Latias
|
|upkeep
|
|t:|1779852768
|switch|p1a: Volcanion|Volcanion|100/100
|turn|28
|
|t:|1779852771
|-end|p2a: Kingambit|fallen2|[silent]
|switch|p2a: Dragapult|Dragapult, F|100/100
|move|p1a: Volcanion|Will-O-Wisp|p2a: Dragapult
|-status|p2a: Dragapult|brn
|
|-damage|p2a: Dragapult|95/100 brn|[from] brn
|upkeep
|turn|29
|
|t:|1779852778
|move|p2a: Dragapult|Hex|p1a: Volcanion
|-damage|p1a: Volcanion|63/100
|move|p1a: Volcanion|Steam Eruption|p2a: Dragapult
|-resisted|p2a: Dragapult
|-damage|p2a: Dragapult|50/100 brn
|
|-heal|p1a: Volcanion|69/100|[from] item: Leftovers
|-damage|p2a: Dragapult|44/100 brn|[from] brn
|upkeep
|turn|30
|
|t:|1779852781
|move|p2a: Dragapult|Hex|p1a: Volcanion
|-damage|p1a: Volcanion|36/100
|move|p1a: Volcanion|Steam Eruption|p2a: Dragapult
|-resisted|p2a: Dragapult
|-damage|p2a: Dragapult|1/100 brn
|
|-heal|p1a: Volcanion|42/100|[from] item: Leftovers
|-damage|p2a: Dragapult|0 fnt|[from] brn
|faint|p2a: Dragapult
|upkeep
|
|t:|1779852784
|switch|p2a: Great Tusk|Great Tusk|100/100
|turn|31
|
|t:|1779852788
|move|p2a: Great Tusk|Headlong Rush|p1a: Volcanion
|-supereffective|p1a: Volcanion
|-damage|p1a: Volcanion|0 fnt
|-unboost|p2a: Great Tusk|def|1
|-unboost|p2a: Great Tusk|spd|1
|faint|p1a: Volcanion
|
|upkeep
|
|t:|1779852793
|switch|p1a: Alex Voltanovski|Electivire, M|100/100
|turn|32
|
|t:|1779852799
|-terastallize|p1a: Alex Voltanovski|Flying
|move|p1a: Alex Voltanovski|Bulk Up|p1a: Alex Voltanovski
|-boost|p1a: Alex Voltanovski|atk|1
|-boost|p1a: Alex Voltanovski|def|1
|move|p2a: Great Tusk|Headlong Rush|p1a: Alex Voltanovski
|-immune|p1a: Alex Voltanovski
|
|upkeep
|turn|33
|
|t:|1779852806
|-end|p2a: Great Tusk|Protosynthesis|[silent]
|switch|p2a: Gliscor|Gliscor, F|100/100
|move|p1a: Alex Voltanovski|Bulk Up|p1a: Alex Voltanovski
|-boost|p1a: Alex Voltanovski|atk|1
|-boost|p1a: Alex Voltanovski|def|1
|
|-status|p2a: Gliscor|tox|[from] item: Toxic Orb
|upkeep
|turn|34
|
|t:|1779852809
|move|p1a: Alex Voltanovski|Ice Punch|p2a: Gliscor
|-supereffective|p2a: Gliscor
|-damage|p2a: Gliscor|0 fnt
|faint|p2a: Gliscor
|-damage|p1a: Alex Voltanovski|91/100|[from] item: Life Orb
|
|upkeep
|
|t:|1779852812
|switch|p2a: Kingambit|Kingambit, F|100/100
|-activate|p2a: Kingambit|move: Sticky Web
|-unboost|p2a: Kingambit|spe|1
|-activate|p2a: Kingambit|ability: Supreme Overlord
|-start|p2a: Kingambit|fallen4|[silent]
|turn|35
|
|t:|1779852815
|move|p1a: Alex Voltanovski|Supercell Slam|p2a: Kingambit
|-crit|p2a: Kingambit
|-damage|p2a: Kingambit|0 fnt
|faint|p2a: Kingambit
|-end|p2a: Kingambit|fallen4|[silent]
|-damage|p1a: Alex Voltanovski|81/100|[from] item: Life Orb
|
|upkeep
|-message|ZeeVeeAy forfeited.
|
|win|electiviregoat
|raw|electiviregoat's rating: 1323 &rarr; <strong>1343</strong><br />(+20 for winning)
|raw|ZeeVeeAy's rating: 1327 &rarr; <strong>1307</strong><br />(-20 for losing)
|l|☆ZeeVeeAy
|player|p2|
|l|☆electiviregoat
|player|p1|
