|j|☆Mca player 11
|j|☆lazyhelios
|t:|1779816356
|gametype|singles
|player|p1|Mca player 11|lucas|1416
|player|p2|lazyhelios|dawn|1400
|gen|9
|tier|[Gen 9] OU
|rated|
|rule|HP Percentage Mod: HP is shown in percentages
|rule|Endless Battle Clause: Forcing endless battles is banned
|rule|Species Clause: Limit one of each Pokémon
|rule|OHKO Clause: OHKO moves are banned
|rule|Evasion Items Clause: Evasion items are banned
|rule|Evasion Moves Clause: Evasion moves are banned
|rule|Evasion Abilities Clause: Evasion abilities are banned
|rule|Sleep Moves Clause: Sleep-inducing moves are banned
|clearpoke
|poke|p1|Ninetales-Alola, F|
|poke|p1|Cetitan, F|
|poke|p1|Kyurem|
|poke|p1|Sandslash-Alola, F|
|poke|p1|Moltres|
|poke|p1|Zamazenta-*|
|poke|p2|Garganacl, M|
|poke|p2|Gholdengo|
|poke|p2|Ogerpon-Wellspring, F|
|poke|p2|Dragonite, F|
|poke|p2|Great Tusk|
|poke|p2|Hatterene, F|
|teampreview
|
|t:|1779816375
|teamsize|p1|6
|teamsize|p2|6
|start
|switch|p1a: Ninetales|Ninetales-Alola, F|100/100
|switch|p2a: Gamblengo|Gholdengo|100/100
|-weather|Snowscape|[from] ability: Snow Warning|[of] p1a: Ninetales
|turn|1
|
|t:|1779816381
|switch|p1a: Moltres|Moltres|100/100
|move|p2a: Gamblengo|Make It Rain|p1a: Moltres
|-resisted|p1a: Moltres
|-damage|p1a: Moltres|60/100
|-unboost|p2a: Gamblengo|spa|1
|
|-weather|Snowscape|[upkeep]
|upkeep
|turn|2
|
|t:|1779816390
|switch|p2a: Become the Salt|Garganacl, M|100/100
|move|p1a: Moltres|U-turn|p2a: Become the Salt
|-damage|p2a: Become the Salt|91/100
|
|t:|1779816403
|switch|p1a: OneInAMilion|Sandslash-Alola, F|100/100|[from] U-turn
|
|-weather|Snowscape|[upkeep]
|-heal|p2a: Become the Salt|97/100|[from] item: Leftovers
|upkeep
|turn|3
|
|t:|1779816413
|-terastallize|p2a: Become the Salt|Water
|move|p1a: OneInAMilion|Stealth Rock|p2a: Become the Salt
|-sidestart|p2: lazyhelios|move: Stealth Rock
|move|p2a: Become the Salt|Salt Cure|p1a: OneInAMilion
|-damage|p1a: OneInAMilion|91/100
|-start|p1a: OneInAMilion|Salt Cure
|
|-weather|Snowscape|[upkeep]
|-heal|p2a: Become the Salt|100/100|[from] item: Leftovers
|-damage|p1a: OneInAMilion|66/100|[from] Salt Cure
|upkeep
|turn|4
|
|t:|1779816420
|move|p1a: OneInAMilion|Knock Off|p2a: Become the Salt
|-damage|p2a: Become the Salt|81/100
|-enditem|p2a: Become the Salt|Leftovers|[from] move: Knock Off|[of] p1a: OneInAMilion
|move|p2a: Become the Salt|Curse|p2a: Become the Salt
|-unboost|p2a: Become the Salt|spe|1
|-boost|p2a: Become the Salt|atk|1
|-boost|p2a: Become the Salt|def|1
|
|-weather|Snowscape|[upkeep]
|-damage|p1a: OneInAMilion|41/100|[from] Salt Cure
|upkeep
|turn|5
|
|t:|1779816424
|switch|p1a: ColdVision|Kyurem|100/100
|-ability|p1a: ColdVision|Pressure
|move|p2a: Become the Salt|Curse|p2a: Become the Salt
|-unboost|p2a: Become the Salt|spe|1
|-boost|p2a: Become the Salt|atk|1
|-boost|p2a: Become the Salt|def|1
|
|-weather|Snowscape|[upkeep]
|upkeep
|turn|6
|
|t:|1779816429
|-terastallize|p1a: ColdVision|Ice
|move|p1a: ColdVision|Freeze-Dry|p2a: Become the Salt
|-supereffective|p2a: Become the Salt
|-damage|p2a: Become the Salt|0 fnt
|faint|p2a: Become the Salt
|
|-weather|Snowscape|[upkeep]
|upkeep
|
|t:|1779816443
|switch|p2a: Gamblengo|Gholdengo|100/100
|-damage|p2a: Gamblengo|94/100|[from] Stealth Rock
|turn|7
|
|t:|1779816453
|switch|p1a: Moltres|Moltres|60/100
|move|p2a: Gamblengo|Make It Rain|p1a: Moltres
|-resisted|p1a: Moltres
|-damage|p1a: Moltres|16/100
|-unboost|p2a: Gamblengo|spa|1
|
|-weather|Snowscape|[upkeep]
|upkeep
|turn|8
|
|t:|1779816460
|move|p2a: Gamblengo|Make It Rain|p1a: Moltres
|-resisted|p1a: Moltres
|-damage|p1a: Moltres|0 fnt
|-unboost|p2a: Gamblengo|spa|1
|faint|p1a: Moltres
|
|-weather|none
|upkeep
|
|t:|1779816461
|switch|p1a: ColdVision|Kyurem, tera:Ice|100/100
|-ability|p1a: ColdVision|Pressure
|turn|9
|
|t:|1779816467
|switch|p2a: Great Fraud|Great Tusk|100/100
|-damage|p2a: Great Fraud|98/100|[from] Stealth Rock
|move|p1a: ColdVision|Freeze-Dry|p2a: Great Fraud
|-supereffective|p2a: Great Fraud
|-damage|p2a: Great Fraud|0 fnt
|faint|p2a: Great Fraud
|-end|p2a: Great Fraud|Protosynthesis|[silent]
|
|upkeep
|
|t:|1779816477
|switch|p2a: Gamblengo|Gholdengo|94/100
|-damage|p2a: Gamblengo|88/100|[from] Stealth Rock
|turn|10
|
|t:|1779816483
|switch|p1a: OneInAMilion|Sandslash-Alola, F|41/100
|move|p2a: Gamblengo|Make It Rain|p1a: OneInAMilion
|-damage|p1a: OneInAMilion|0 fnt
|-unboost|p2a: Gamblengo|spa|1
|faint|p1a: OneInAMilion
|
|upkeep
|
|t:|1779816484
|switch|p1a: ColdVision|Kyurem, tera:Ice|100/100
|-ability|p1a: ColdVision|Pressure
|turn|11
|
|t:|1779816493
|move|p2a: Gamblengo|Make It Rain|p1a: ColdVision
|-supereffective|p1a: ColdVision
|-damage|p1a: ColdVision|11/100
|-unboost|p2a: Gamblengo|spa|1
|move|p1a: ColdVision|Freeze-Dry|p2a: Gamblengo
|-resisted|p2a: Gamblengo
|-damage|p2a: Gamblengo|44/100
|
|upkeep
|turn|12
|
|t:|1779816506
|switch|p2a: Princess|Hatterene, F|100/100
|-damage|p2a: Princess|88/100|[from] Stealth Rock
|switch|p1a: Zamazenta|Zamazenta|100/100
|-ability|p1a: Zamazenta|Dauntless Shield|boost
|-boost|p1a: Zamazenta|def|1
|
|-heal|p2a: Princess|94/100|[from] item: Leftovers
|upkeep
|turn|13
|
|t:|1779816522
|switch|p1a: Ninetales|Ninetales-Alola, F|100/100
|-weather|Snowscape|[from] ability: Snow Warning|[of] p1a: Ninetales
|move|p2a: Princess|Calm Mind|p2a: Princess
|-boost|p2a: Princess|spa|1
|-boost|p2a: Princess|spd|1
|
|-weather|Snowscape|[upkeep]
|-heal|p2a: Princess|99/100|[from] item: Leftovers
|upkeep
|turn|14
|
|t:|1779816527
|move|p1a: Ninetales|Aurora Veil|p1a: Ninetales
|-sidestart|p1: Mca player 11|move: Aurora Veil
|move|p2a: Princess|Mystical Fire|p1a: Ninetales
|-supereffective|p1a: Ninetales
|-damage|p1a: Ninetales|57/100
|-unboost|p1a: Ninetales|spa|1
|
|-weather|Snowscape|[upkeep]
|-heal|p2a: Princess|100/100|[from] item: Leftovers
|upkeep
|turn|15
|
|t:|1779816532
|switch|p1a: Cetitan|Cetitan, F|100/100
|move|p2a: Princess|Calm Mind|p2a: Princess
|-boost|p2a: Princess|spa|1
|-boost|p2a: Princess|spd|1
|
|-weather|Snowscape|[upkeep]
|upkeep
|turn|16
|
|t:|1779816536
|move|p1a: Cetitan|Belly Drum|p1a: Cetitan
|-damage|p1a: Cetitan|50/100
|-setboost|p1a: Cetitan|atk|6|[from] move: Belly Drum
|-enditem|p1a: Cetitan|Sitrus Berry|[eat]
|-heal|p1a: Cetitan|75/100|[from] item: Sitrus Berry
|move|p2a: Princess|Psychic Noise|p1a: Cetitan
|-damage|p1a: Cetitan|35/100
|-start|p1a: Cetitan|move: Heal Block
|
|-weather|Snowscape|[upkeep]
|upkeep
|turn|17
|
|t:|1779816548
|move|p1a: Cetitan|Play Rough|p2a: Princess
|-damage|p2a: Princess|5/100
|move|p2a: Princess|Mystical Fire|p1a: Cetitan
|-supereffective|p1a: Cetitan
|-damage|p1a: Cetitan|0 fnt
|faint|p1a: Cetitan
|
|-weather|Snowscape|[upkeep]
|-heal|p2a: Princess|11/100|[from] item: Leftovers
|upkeep
|
|t:|1779816551
|switch|p1a: ColdVision|Kyurem, tera:Ice|11/100
|-ability|p1a: ColdVision|Pressure
|turn|18
|
|t:|1779816556
|move|p1a: ColdVision|Freeze-Dry|p2a: Princess
|-damage|p2a: Princess|0 fnt
|faint|p2a: Princess
|
|-weather|Snowscape|[upkeep]
|-sideend|p1: Mca player 11|move: Aurora Veil
|upkeep
|
|t:|1779816558
|switch|p2a: GGWP|Dragonite, F|100/100
|-damage|p2a: GGWP|76/100|[from] Stealth Rock
|turn|19
|
|t:|1779816571
|move|p2a: GGWP|Extreme Speed|p1a: ColdVision
|-damage|p1a: ColdVision|0 fnt
|faint|p1a: ColdVision
|
|-weather|Snowscape|[upkeep]
|upkeep
|
|t:|1779816573
|switch|p1a: Zamazenta|Zamazenta|100/100
|turn|20
|
|t:|1779816582
|move|p1a: Zamazenta|Iron Defense|p1a: Zamazenta
|-boost|p1a: Zamazenta|def|2
|move|p2a: GGWP|Dragon Dance|p2a: GGWP
|-boost|p2a: GGWP|atk|1
|-boost|p2a: GGWP|spe|1
|
|-weather|none
|upkeep
|turn|21
|
|t:|1779816589
|move|p2a: GGWP|Dragon Dance|p2a: GGWP
|-boost|p2a: GGWP|atk|1
|-boost|p2a: GGWP|spe|1
|move|p1a: Zamazenta|Body Press|p2a: GGWP
|-resisted|p2a: GGWP
|-damage|p2a: GGWP|44/100
|
|upkeep
|turn|22
|
|t:|1779816594
|move|p2a: GGWP|Extreme Speed|p1a: Zamazenta
|-damage|p1a: Zamazenta|77/100
|move|p1a: Zamazenta|Body Press|p2a: GGWP
|-resisted|p2a: GGWP
|-damage|p2a: GGWP|9/100
|
|-heal|p1a: Zamazenta|83/100|[from] item: Leftovers
|upkeep
|turn|23
|
|t:|1779816599
|move|p2a: GGWP|Extreme Speed|p1a: Zamazenta
|-damage|p1a: Zamazenta|59/100
|move|p1a: Zamazenta|Crunch|p2a: GGWP
|-crit|p2a: GGWP
|-damage|p2a: GGWP|0 fnt
|faint|p2a: GGWP
|
|-heal|p1a: Zamazenta|65/100|[from] item: Leftovers
|upkeep
|
|t:|1779816606
|switch|p2a: Gamblengo|Gholdengo|44/100
|-damage|p2a: Gamblengo|38/100|[from] Stealth Rock
|turn|24
|
|t:|1779816609
|move|p2a: Gamblengo|Dazzling Gleam|p1a: Zamazenta
|-supereffective|p1a: Zamazenta
|-damage|p1a: Zamazenta|14/100
|move|p1a: Zamazenta|Crunch|p2a: Gamblengo
|-supereffective|p2a: Gamblengo
|-damage|p2a: Gamblengo|0 fnt
|faint|p2a: Gamblengo
|
|-heal|p1a: Zamazenta|20/100|[from] item: Leftovers
|upkeep
|
|t:|1779816617
|switch|p2a: Oger Bonk|Ogerpon-Wellspring, F|100/100
|-damage|p2a: Oger Bonk|88/100|[from] Stealth Rock
|turn|25
|
|t:|1779816623
|move|p1a: Zamazenta|Body Press|p2a: Oger Bonk
|-damage|p2a: Oger Bonk|0 fnt
|faint|p2a: Oger Bonk
|
|win|Mca player 11
|raw|Mca player 11's rating: 1416 &rarr; <strong>1435</strong><br />(+19 for winning)
|raw|lazyhelios's rating: 1400 &rarr; <strong>1381</strong><br />(-19 for losing)
|l|☆Mca player 11
|player|p1|
|l|☆lazyhelios
|player|p2|
