|j|☆Rice67
|j|☆Than6942
|t:|1779858627
|gametype|singles
|player|p1|Rice67|riley|1132
|player|p2|Than6942|steven|1142
|gen|9
|tier|[Gen 9] OU
|rated|
|rule|HP Percentage Mod: HP is shown in percentages
|rule|Endless Battle Clause: Forcing endless battles is banned
|rule|Species Clause: Limit one of each Pokémon
|rule|OHKO Clause: OHKO moves are banned
|rule|Evasion Items Clause: Evasion items are banned
|rule|Evasion Moves Clause: Evasion moves are banned
|rule|Evasion Abilities Clause: Evasion abilities are banned
|rule|Sleep Moves Clause: Sleep-inducing moves are banned
|clearpoke
|poke|p1|Toxapex, F|
|poke|p1|Garganacl, F|
|poke|p1|Maushold-Four|
|poke|p1|Gliscor, F|
|poke|p1|Jirachi|
|poke|p1|Landorus-Therian, M|
|poke|p2|Walking Wake|
|poke|p2|Dragapult, M|
|poke|p2|Cinderace, M|
|poke|p2|Meowscarada, M|
|poke|p2|Zamazenta-*|
|poke|p2|Hatterene, F|
|teampreview
|inactive|Battle timer is ON: inactive players will automatically lose when time's up. (requested by Than6942)
|
|t:|1779858656
|teamsize|p1|6
|teamsize|p2|6
|start
|switch|p1a: Toxa ex|Toxapex, F|100/100
|switch|p2a: Meowscarada|Meowscarada, M|100/100
|turn|1
|
|t:|1779858664
|move|p2a: Meowscarada|Flower Trick|p1a: Toxa ex
|-start|p2a: Meowscarada|typechange|Grass|[from] ability: Protean
|-crit|p1a: Toxa ex
|-damage|p1a: Toxa ex|48/100
|move|p1a: Toxa ex|Sludge Bomb|p2a: Meowscarada
|-supereffective|p2a: Meowscarada
|-damage|p2a: Meowscarada|38/100
|
|upkeep
|turn|2
|
|t:|1779858673
|move|p2a: Meowscarada|Flower Trick|p1a: Toxa ex
|-crit|p1a: Toxa ex
|-damage|p1a: Toxa ex|0 fnt
|faint|p1a: Toxa ex
|
|upkeep
|
|t:|1779858682
|switch|p1a: Family of four|Maushold-Four|100/100
|turn|3
|
|t:|1779858691
|move|p2a: Meowscarada|Flower Trick|p1a: Family of four
|-crit|p1a: Family of four
|-damage|p1a: Family of four|0 fnt
|faint|p1a: Family of four
|
|upkeep
|
|t:|1779858696
|switch|p1a: Ha get flinched|Jirachi, shiny|100/100
|turn|4
|
|t:|1779858707
|move|p1a: Ha get flinched|Iron Head|p2a: Meowscarada
|-damage|p2a: Meowscarada|0 fnt
|faint|p2a: Meowscarada
|
|upkeep
|
|t:|1779858711
|switch|p2a: Cinderace|Cinderace, M|100/100
|turn|5
|
|t:|1779858714
|move|p1a: Ha get flinched|Iron Head|p2a: Cinderace
|-resisted|p2a: Cinderace
|-damage|p2a: Cinderace|75/100
|move|p2a: Cinderace|Pyro Ball|p1a: Ha get flinched
|-supereffective|p1a: Ha get flinched
|-damage|p1a: Ha get flinched|0 fnt
|faint|p1a: Ha get flinched
|
|upkeep
|
|t:|1779858721
|switch|p1a: Tanky|Garganacl, F, shiny|100/100
|turn|6
|
|t:|1779858725
|move|p2a: Cinderace|High Jump Kick|p1a: Tanky
|-start|p2a: Cinderace|typechange|Fighting|[from] ability: Libero
|-supereffective|p1a: Tanky
|-damage|p1a: Tanky|8/100
|move|p1a: Tanky|Salt Cure|p2a: Cinderace
|-resisted|p2a: Cinderace
|-damage|p2a: Cinderace|64/100
|-start|p2a: Cinderace|Salt Cure
|
|-heal|p1a: Tanky|15/100|[from] item: Leftovers
|-damage|p2a: Cinderace|52/100|[from] Salt Cure
|upkeep
|turn|7
|
|t:|1779858742
|-terastallize|p1a: Tanky|Water
|move|p1a: Tanky|Protect|p1a: Tanky
|-singleturn|p1a: Tanky|Protect
|move|p2a: Cinderace|High Jump Kick|p1a: Tanky
|-activate|p1a: Tanky|move: Protect
|-damage|p2a: Cinderace|2/100|[from] highjumpkick
|
|-heal|p1a: Tanky|21/100|[from] item: Leftovers
|-damage|p2a: Cinderace|0 fnt|[from] Salt Cure
|faint|p2a: Cinderace
|upkeep
|
|t:|1779858754
|switch|p2a: Dragapult|Dragapult, M|100/100
|turn|8
|
|t:|1779858758
|move|p2a: Dragapult|Phantom Force||[still]
|-prepare|p2a: Dragapult|Phantom Force
|move|p1a: Tanky|Stealth Rock|p2a: Dragapult
|-sidestart|p2: Than6942|move: Stealth Rock
|
|-heal|p1a: Tanky|27/100|[from] item: Leftovers
|upkeep
|turn|9
|
|t:|1779858764
|move|p1a: Tanky|Protect|p1a: Tanky
|-singleturn|p1a: Tanky|Protect
|move|p2a: Dragapult|Phantom Force|p1a: Tanky|[from] lockedmove
|-activate|p1a: Tanky|move: Phantom Force|[broken]
|-crit|p1a: Tanky
|-damage|p1a: Tanky|0 fnt
|faint|p1a: Tanky
|
|upkeep
|
|t:|1779858776
|switch|p1a: Runner|Landorus-Therian, M|100/100
|-ability|p1a: Runner|Intimidate|boost
|-unboost|p2a: Dragapult|atk|1
|turn|10
|
|t:|1779858789
|move|p1a: Runner|Earthquake|p2a: Dragapult
|-damage|p2a: Dragapult|23/100
|move|p2a: Dragapult|Phantom Force||[still]
|-prepare|p2a: Dragapult|Phantom Force
|
|upkeep
|turn|11
|
|t:|1779858797
|move|p1a: Runner|Earthquake|p2a: Dragapult|[miss]
|-miss|p1a: Runner|p2a: Dragapult
|move|p2a: Dragapult|Phantom Force|p1a: Runner|[from] lockedmove
|-damage|p1a: Runner|51/100
|
|upkeep
|turn|12
|
|t:|1779858803
|move|p1a: Runner|Earthquake|p2a: Dragapult
|-damage|p2a: Dragapult|0 fnt
|faint|p2a: Dragapult
|
|upkeep
|
|t:|1779858808
|switch|p2a: Walking Wake|Walking Wake|100/100
|-damage|p2a: Walking Wake|88/100|[from] Stealth Rock
|turn|13
|
|t:|1779858813
|move|p1a: Runner|Earthquake|p2a: Walking Wake
|-damage|p2a: Walking Wake|29/100
|move|p2a: Walking Wake|Hydro Steam|p1a: Runner
|-supereffective|p1a: Runner
|-damage|p1a: Runner|0 fnt
|faint|p1a: Runner
|
|upkeep
|
|t:|1779858819
|switch|p1a: Gliscor|Gliscor, F|100/100
|turn|14
|
|t:|1779858826
|move|p1a: Gliscor|Protect|p1a: Gliscor
|-singleturn|p1a: Gliscor|Protect
|move|p2a: Walking Wake|Hydro Steam|p1a: Gliscor
|-activate|p1a: Gliscor|move: Protect
|
|-status|p1a: Gliscor|tox|[from] item: Toxic Orb
|upkeep
|turn|15
|
|t:|1779858834
|move|p2a: Walking Wake|Hydro Steam|p1a: Gliscor
|-supereffective|p1a: Gliscor
|-damage|p1a: Gliscor|4/100 tox
|move|p1a: Gliscor|Facade|p2a: Walking Wake
|-damage|p2a: Walking Wake|0 fnt
|faint|p2a: Walking Wake
|-end|p2a: Walking Wake|Protosynthesis|[silent]
|
|-heal|p1a: Gliscor|16/100 tox|[from] ability: Poison Heal
|upkeep
|
|t:|1779858841
|switch|p2a: Zamazenta|Zamazenta|100/100
|-damage|p2a: Zamazenta|94/100|[from] Stealth Rock
|-ability|p2a: Zamazenta|Dauntless Shield|boost
|-boost|p2a: Zamazenta|def|1
|turn|16
|
|t:|1779858855
|move|p1a: Gliscor|Protect|p1a: Gliscor
|-singleturn|p1a: Gliscor|Protect
|move|p2a: Zamazenta|Ice Fang|p1a: Gliscor
|-activate|p1a: Gliscor|move: Protect
|
|-heal|p1a: Gliscor|29/100 tox|[from] ability: Poison Heal
|upkeep
|turn|17
|
|t:|1779858869
|move|p2a: Zamazenta|Ice Fang|p1a: Gliscor
|-supereffective|p1a: Gliscor
|-damage|p1a: Gliscor|0 fnt
|faint|p1a: Gliscor
|
|win|Than6942
|raw|Rice67's rating: 1132 &rarr; <strong>1108</strong><br />(-24 for losing)
|raw|Than6942's rating: 1142 &rarr; <strong>1166</strong><br />(+24 for winning)
|c|☆Rice67|gg
|c|☆Than6942|Gg
|l|☆Rice67
|player|p1|
|c|☆Than6942|My friend was trying to steal my phone lmao
|l|☆Than6942
|player|p2|
