|j|☆FeetLickerr
|j|☆foradil
|t:|1779903470
|gametype|singles
|player|p1|FeetLickerr|steven|1210
|player|p2|foradil|169|1189
|gen|9
|tier|[Gen 9] OU
|rated|
|rule|HP Percentage Mod: HP is shown in percentages
|rule|Endless Battle Clause: Forcing endless battles is banned
|rule|Species Clause: Limit one of each Pokémon
|rule|OHKO Clause: OHKO moves are banned
|rule|Evasion Items Clause: Evasion items are banned
|rule|Evasion Moves Clause: Evasion moves are banned
|rule|Evasion Abilities Clause: Evasion abilities are banned
|rule|Sleep Moves Clause: Sleep-inducing moves are banned
|clearpoke
|poke|p1|Garganacl, F|
|poke|p1|Quaquaval, M|
|poke|p1|Dragapult, M|
|poke|p1|Pecharunt|
|poke|p1|Maushold-Four|
|poke|p1|Alomomola, M|
|poke|p2|Pelipper, F|
|poke|p2|Poliwrath, F|
|poke|p2|Scizor, F|
|poke|p2|Spiritomb, M|
|poke|p2|Maushold-Four|
|poke|p2|Jolteon, F|
|teampreview
|inactive|Battle timer is ON: inactive players will automatically lose when time's up. (requested by FeetLickerr)
|
|t:|1779903488
|teamsize|p1|6
|teamsize|p2|6
|start
|switch|p1a: Quaquaval|Quaquaval, M|100/100
|switch|p2a: Pelipper|Pelipper, F|100/100
|-weather|RainDance|[from] ability: Drizzle|[of] p2a: Pelipper
|turn|1
|
|t:|1779903497
|move|p1a: Quaquaval|Aqua Step|p2a: Pelipper
|-resisted|p2a: Pelipper
|-damage|p2a: Pelipper|70/100
|-boost|p1a: Quaquaval|spe|1
|move|p2a: Pelipper|Hurricane|p1a: Quaquaval
|-supereffective|p1a: Quaquaval
|-damage|p1a: Quaquaval|0 fnt
|faint|p1a: Quaquaval
|
|-weather|RainDance|[upkeep]
|upkeep
|
|t:|1779903507
|switch|p1a: Pecharunt|Pecharunt|100/100
|turn|2
|
|t:|1779903511
|switch|p2a: Scizor|Scizor, F|100/100
|move|p1a: Pecharunt|Nasty Plot|p1a: Pecharunt
|-boost|p1a: Pecharunt|spa|2
|
|-weather|RainDance|[upkeep]
|upkeep
|turn|3
|
|t:|1779903531
|switch|p2a: Maushold|Maushold-Four|100/100
|move|p1a: Pecharunt|Shadow Ball|p2a: Maushold
|-immune|p2a: Maushold
|
|-weather|RainDance|[upkeep]
|upkeep
|turn|4
|
|t:|1779903540
|move|p2a: Maushold|Encore|p1a: Pecharunt
|-start|p1a: Pecharunt|Encore
|move|p1a: Pecharunt|Shadow Ball|p2a: Maushold
|-immune|p2a: Maushold
|
|-weather|RainDance|[upkeep]
|upkeep
|turn|5
|
|t:|1779903551
|switch|p1a: Alomomola|Alomomola, M|100/100
|move|p2a: Maushold|Tidy Up|p2a: Maushold
|-boost|p2a: Maushold|atk|1
|-boost|p2a: Maushold|spe|1
|
|-weather|RainDance|[upkeep]
|upkeep
|turn|6
|
|t:|1779903568
|switch|p1a: Pecharunt|Pecharunt|100/100
|move|p2a: Maushold|Bullet Seed|p1a: Pecharunt
|-resisted|p1a: Pecharunt
|-damage|p1a: Pecharunt|96/100
|-resisted|p1a: Pecharunt
|-damage|p1a: Pecharunt|92/100
|-resisted|p1a: Pecharunt
|-damage|p1a: Pecharunt|88/100
|-resisted|p1a: Pecharunt
|-damage|p1a: Pecharunt|84/100
|-resisted|p1a: Pecharunt
|-damage|p1a: Pecharunt|80/100
|-hitcount|p1a: Pecharunt|5
|
|-weather|RainDance|[upkeep]
|-heal|p1a: Pecharunt|86/100|[from] item: Leftovers
|upkeep
|turn|7
|
|t:|1779903583
|switch|p2a: Scizor|Scizor, F|100/100
|move|p1a: Pecharunt|Malignant Chain|p2a: Scizor
|-immune|p2a: Scizor
|
|-weather|RainDance|[upkeep]
|-heal|p1a: Pecharunt|92/100|[from] item: Leftovers
|upkeep
|turn|8
|
|t:|1779903594
|switch|p1a: Dragapult|Dragapult, M|100/100
|move|p2a: Scizor|Swords Dance|p2a: Scizor
|-boost|p2a: Scizor|atk|2
|
|-weather|none
|upkeep
|turn|9
|
|t:|1779903603
|move|p2a: Scizor|Bullet Punch|p1a: Dragapult
|-damage|p1a: Dragapult|0 fnt
|faint|p1a: Dragapult
|
|upkeep
|
|t:|1779903611
|switch|p1a: Garganacl|Garganacl, F|100/100
|turn|10
|
|t:|1779903616
|-terastallize|p1a: Garganacl|Bug
|move|p2a: Scizor|Bullet Punch|p1a: Garganacl
|-damage|p1a: Garganacl|58/100
|move|p1a: Garganacl|Salt Cure|p2a: Scizor
|-damage|p2a: Scizor|86/100
|-start|p2a: Scizor|Salt Cure
|
|-heal|p1a: Garganacl|64/100|[from] item: Leftovers
|-damage|p2a: Scizor|61/100|[from] Salt Cure
|upkeep
|turn|11
|
|t:|1779903629
|move|p2a: Scizor|U-turn|p1a: Garganacl
|-damage|p1a: Garganacl|19/100
|
|t:|1779903640
|switch|p2a: Pelipper|Pelipper, F|70/100|[from] U-turn
|-weather|RainDance|[from] ability: Drizzle|[of] p2a: Pelipper
|move|p1a: Garganacl|Recover|p1a: Garganacl
|-heal|p1a: Garganacl|69/100
|
|-weather|RainDance|[upkeep]
|-heal|p1a: Garganacl|75/100|[from] item: Leftovers
|upkeep
|turn|12
|
|t:|1779903651
|move|p2a: Pelipper|Hurricane|p1a: Garganacl
|-supereffective|p1a: Garganacl
|-damage|p1a: Garganacl|7/100
|move|p1a: Garganacl|Salt Cure|p2a: Pelipper
|-supereffective|p2a: Pelipper
|-damage|p2a: Pelipper|43/100
|-start|p2a: Pelipper|Salt Cure
|
|-weather|RainDance|[upkeep]
|-heal|p1a: Garganacl|13/100|[from] item: Leftovers
|-damage|p2a: Pelipper|18/100|[from] Salt Cure
|upkeep
|turn|13
|
|t:|1779903662
|switch|p1a: Alomomola|Alomomola, M|100/100
|move|p2a: Pelipper|Hurricane|p1a: Alomomola
|-damage|p1a: Alomomola|53/100
|
|-weather|RainDance|[upkeep]
|-damage|p2a: Pelipper|0 fnt|[from] Salt Cure
|faint|p2a: Pelipper
|upkeep
|
|t:|1779903672
|switch|p2a: Jolteon|Jolteon, F|100/100
|turn|14
|
|t:|1779903677
|move|p2a: Jolteon|Thunder|p1a: Alomomola
|-supereffective|p1a: Alomomola
|-damage|p1a: Alomomola|0 fnt
|faint|p1a: Alomomola
|
|-weather|RainDance|[upkeep]
|upkeep
|j| overs33r_ghostly
|
|t:|1779903686
|switch|p1a: Maushold|Maushold-Four|100/100
|turn|15
|
|t:|1779903691
|move|p2a: Jolteon|Volt Switch|p1a: Maushold
|-damage|p1a: Maushold|54/100
|
|t:|1779903696
|switch|p2a: Spiritomb|Spiritomb, M|100/100|[from] Volt Switch
|-ability|p2a: Spiritomb|Pressure
|move|p1a: Maushold|Tidy Up|p1a: Maushold
|-boost|p1a: Maushold|atk|1
|-boost|p1a: Maushold|spe|1
|
|-weather|RainDance|[upkeep]
|upkeep
|turn|16
|
|t:|1779903708
|move|p1a: Maushold|Bite|p2a: Spiritomb
|-damage|p2a: Spiritomb|67/100
|move|p2a: Spiritomb|Will-O-Wisp|p1a: Maushold
|-status|p1a: Maushold|brn
|
|-weather|RainDance|[upkeep]
|-damage|p1a: Maushold|48/100 brn|[from] brn
|upkeep
|turn|17
|
|t:|1779903726
|switch|p1a: Garganacl|Garganacl, F, tera:Bug|13/100
|switch|p2a: Poliwrath|Poliwrath, F|100/100
|
|-weather|RainDance|[upkeep]
|-heal|p1a: Garganacl|19/100|[from] item: Leftovers
|upkeep
|turn|18
|
|t:|1779903734
|move|p2a: Poliwrath|Liquidation|p1a: Garganacl
|-damage|p1a: Garganacl|0 fnt
|faint|p1a: Garganacl
|
|-weather|none
|upkeep
|
|t:|1779903742
|switch|p1a: Pecharunt|Pecharunt|92/100
|turn|19
|
|t:|1779903748
|switch|p2a: Scizor|Scizor, F|61/100
|move|p1a: Pecharunt|Malignant Chain|p2a: Scizor
|-immune|p2a: Scizor
|
|-heal|p1a: Pecharunt|98/100|[from] item: Leftovers
|upkeep
|turn|20
|
|t:|1779903758
|move|p1a: Pecharunt|Shadow Ball|p2a: Scizor
|-damage|p2a: Scizor|19/100
|-enditem|p2a: Scizor|Sitrus Berry|[eat]
|-heal|p2a: Scizor|43/100|[from] item: Sitrus Berry
|move|p2a: Scizor|Swords Dance|p2a: Scizor
|-boost|p2a: Scizor|atk|2
|
|-heal|p1a: Pecharunt|100/100|[from] item: Leftovers
|upkeep
|turn|21
|
|t:|1779903769
|move|p2a: Scizor|Bullet Punch|p1a: Pecharunt
|-damage|p1a: Pecharunt|62/100
|move|p1a: Pecharunt|Shadow Ball|p2a: Scizor
|-damage|p2a: Scizor|2/100
|
|-heal|p1a: Pecharunt|68/100|[from] item: Leftovers
|upkeep
|turn|22
|
|t:|1779903781
|switch|p2a: Maushold|Maushold-Four|100/100
|move|p1a: Pecharunt|Shadow Ball|p2a: Maushold
|-immune|p2a: Maushold
|
|-heal|p1a: Pecharunt|74/100|[from] item: Leftovers
|upkeep
|turn|23
|
|t:|1779903791
|switch|p1a: Maushold|Maushold-Four|48/100 brn
|move|p2a: Maushold|Encore||[still]
|-fail|p2a: Maushold
|
|-damage|p1a: Maushold|42/100 brn|[from] brn
|upkeep
|turn|24
|
|t:|1779903798
|-terastallize|p2a: Maushold|Ghost
|move|p1a: Maushold|Encore||[still]
|-fail|p1a: Maushold
|move|p2a: Maushold|Tidy Up|p2a: Maushold
|-boost|p2a: Maushold|atk|1
|-boost|p2a: Maushold|spe|1
|
|-damage|p1a: Maushold|36/100 brn|[from] brn
|upkeep
|turn|25
|
|t:|1779903810
|move|p2a: Maushold|Population Bomb|p1a: Maushold
|-damage|p1a: Maushold|11/100 brn
|-damage|p1a: Maushold|0 fnt
|faint|p1a: Maushold
|-hitcount|p1: Maushold|2
|
|upkeep
|
|t:|1779903817
|switch|p1a: Pecharunt|Pecharunt|74/100
|turn|26
|
|t:|1779903831
|switch|p2a: Scizor|Scizor, F|2/100
|move|p1a: Pecharunt|Malignant Chain|p2a: Scizor
|-immune|p2a: Scizor
|
|-heal|p1a: Pecharunt|80/100|[from] item: Leftovers
|upkeep
|turn|27
|inactive|foradil has 120 seconds left.
|
|t:|1779903875
|move|p1a: Pecharunt|Shadow Ball|p2a: Scizor
|-damage|p2a: Scizor|0 fnt
|faint|p2a: Scizor
|
|-heal|p1a: Pecharunt|86/100|[from] item: Leftovers
|upkeep
|
|t:|1779903885
|switch|p2a: Jolteon|Jolteon, F|100/100
|turn|28
|
|t:|1779903891
|move|p2a: Jolteon|Thunder|p1a: Pecharunt
|-damage|p1a: Pecharunt|33/100
|move|p1a: Pecharunt|Malignant Chain|p2a: Jolteon
|-damage|p2a: Jolteon|60/100
|-status|p2a: Jolteon|tox
|-start|p2a: Jolteon|confusion|[from] ability: Poison Puppeteer|[of] p1a: Pecharunt
|
|-heal|p1a: Pecharunt|39/100|[from] item: Leftovers
|-damage|p2a: Jolteon|54/100 tox|[from] psn
|upkeep
|turn|29
|inactive|foradil has 120 seconds left.
|
|t:|1779903904
|-activate|p2a: Jolteon|confusion
|move|p2a: Jolteon|Thunder|p1a: Pecharunt|[miss]
|-miss|p2a: Jolteon|p1a: Pecharunt
|move|p1a: Pecharunt|Recover|p1a: Pecharunt
|-heal|p1a: Pecharunt|89/100
|
|-heal|p1a: Pecharunt|95/100|[from] item: Leftovers
|-damage|p2a: Jolteon|43/100 tox|[from] psn
|upkeep
|turn|30
|inactive|foradil has 120 seconds left.
|
|t:|1779903916
|-end|p2a: Jolteon|confusion
|move|p2a: Jolteon|Thunder|p1a: Pecharunt
|-damage|p1a: Pecharunt|43/100
|move|p1a: Pecharunt|Nasty Plot|p1a: Pecharunt
|-boost|p1a: Pecharunt|spa|2
|
|-heal|p1a: Pecharunt|49/100|[from] item: Leftovers
|-damage|p2a: Jolteon|25/100 tox|[from] psn
|upkeep
|turn|31
|inactive|foradil has 120 seconds left.
|
|t:|1779903929
|move|p2a: Jolteon|Volt Switch|p1a: Pecharunt
|-damage|p1a: Pecharunt|19/100
|
|t:|1779903935
|switch|p2a: Maushold|Maushold-Four, tera:Ghost|100/100|[from] Volt Switch
|move|p1a: Pecharunt|Recover|p1a: Pecharunt
|-heal|p1a: Pecharunt|69/100
|
|-heal|p1a: Pecharunt|75/100|[from] item: Leftovers
|upkeep
|turn|32
|inactive|foradil has 120 seconds left.
|
|t:|1779903944
|move|p2a: Maushold|Encore|p1a: Pecharunt
|-start|p1a: Pecharunt|Encore
|move|p1a: Pecharunt|Recover|p1a: Pecharunt
|-heal|p1a: Pecharunt|100/100
|
|upkeep
|turn|33
|inactive|foradil has 120 seconds left.
|
|t:|1779903961
|switch|p2a: Spiritomb|Spiritomb, M|67/100
|-ability|p2a: Spiritomb|Pressure
|move|p1a: Pecharunt|Recover||[still]
|-fail|p1a: Pecharunt|heal
|
|upkeep
|turn|34
|inactive|foradil has 120 seconds left.
|
|t:|1779903970
|move|p1a: Pecharunt|Recover||[still]
|-fail|p1a: Pecharunt|heal
|move|p2a: Spiritomb|Will-O-Wisp|p1a: Pecharunt
|-status|p1a: Pecharunt|brn
|
|-damage|p1a: Pecharunt|94/100 brn|[from] brn
|-end|p1a: Pecharunt|Encore
|upkeep
|turn|35
|inactive|foradil has 120 seconds left.
|
|t:|1779903987
|move|p1a: Pecharunt|Malignant Chain|p2a: Spiritomb
|-resisted|p2a: Spiritomb
|-damage|p2a: Spiritomb|27/100
|-status|p2a: Spiritomb|tox
|-start|p2a: Spiritomb|confusion|[from] ability: Poison Puppeteer|[of] p1a: Pecharunt
|-activate|p2a: Spiritomb|confusion
|-damage|p2a: Spiritomb|19/100 tox|[from] confusion
|
|-heal|p1a: Pecharunt|100/100 brn|[from] item: Leftovers
|-damage|p2a: Spiritomb|13/100 tox|[from] psn
|-damage|p1a: Pecharunt|94/100 brn|[from] brn
|upkeep
|turn|36
|inactive|foradil has 120 seconds left.
|inactive|foradil has 90 seconds left.
|
|t:|1779904048
|move|p1a: Pecharunt|Shadow Ball|p2a: Spiritomb
|-damage|p2a: Spiritomb|0 fnt
|faint|p2a: Spiritomb
|
|-heal|p1a: Pecharunt|100/100 brn|[from] item: Leftovers
|-damage|p1a: Pecharunt|94/100 brn|[from] brn
|upkeep
|inactive|foradil has 60 seconds left.
|
|t:|1779904061
|switch|p2a: Poliwrath|Poliwrath, F|100/100
|turn|37
|
|t:|1779904071
|move|p1a: Pecharunt|Malignant Chain|p2a: Poliwrath
|-damage|p2a: Poliwrath|13/100
|move|p2a: Poliwrath|Liquidation|p1a: Pecharunt
|-damage|p1a: Pecharunt|71/100 brn
|-unboost|p1a: Pecharunt|def|1
|
|-heal|p1a: Pecharunt|77/100 brn|[from] item: Leftovers
|-heal|p2a: Poliwrath|19/100|[from] item: Leftovers
|-damage|p1a: Pecharunt|71/100 brn|[from] brn
|upkeep
|turn|38
|inactive|foradil has 60 seconds left.
|
|t:|1779904090
|move|p1a: Pecharunt|Shadow Ball|p2a: Poliwrath
|-damage|p2a: Poliwrath|0 fnt
|faint|p2a: Poliwrath
|
|-heal|p1a: Pecharunt|77/100 brn|[from] item: Leftovers
|-damage|p1a: Pecharunt|71/100 brn|[from] brn
|upkeep
|inactive|foradil has 60 seconds left.
|
|t:|1779904097
|switch|p2a: Jolteon|Jolteon, F|25/100 tox
|turn|39
|
|t:|1779904105
|move|p2a: Jolteon|Thunder|p1a: Pecharunt
|-damage|p1a: Pecharunt|24/100 brn
|move|p1a: Pecharunt|Shadow Ball|p2a: Jolteon
|-damage|p2a: Jolteon|0 fnt
|faint|p2a: Jolteon
|
|-heal|p1a: Pecharunt|30/100 brn|[from] item: Leftovers
|-damage|p1a: Pecharunt|24/100 brn|[from] brn
|upkeep
|inactive|foradil has 60 seconds left.
|
|t:|1779904117
|switch|p2a: Maushold|Maushold-Four, tera:Ghost|100/100
|turn|40
|
|t:|1779904127
|move|p2a: Maushold|Bullet Seed|p1a: Pecharunt
|-resisted|p1a: Pecharunt
|-damage|p1a: Pecharunt|20/100 brn
|-resisted|p1a: Pecharunt
|-damage|p1a: Pecharunt|16/100 brn
|-resisted|p1a: Pecharunt
|-damage|p1a: Pecharunt|12/100 brn
|-resisted|p1a: Pecharunt
|-damage|p1a: Pecharunt|8/100 brn
|-resisted|p1a: Pecharunt
|-damage|p1a: Pecharunt|4/100 brn
|-hitcount|p1a: Pecharunt|5
|move|p1a: Pecharunt|Recover|p1a: Pecharunt
|-heal|p1a: Pecharunt|54/100 brn
|
|-heal|p1a: Pecharunt|60/100 brn|[from] item: Leftovers
|-damage|p1a: Pecharunt|54/100 brn|[from] brn
|upkeep
|turn|41
|inactive|foradil has 60 seconds left.
|
|t:|1779904143
|move|p2a: Maushold|Encore|p1a: Pecharunt
|-start|p1a: Pecharunt|Encore
|move|p1a: Pecharunt|Recover|p1a: Pecharunt
|-heal|p1a: Pecharunt|100/100 brn
|
|-damage|p1a: Pecharunt|94/100 brn|[from] brn
|upkeep
|turn|42
|
|t:|1779904153
|move|p2a: Maushold|Tidy Up|p2a: Maushold
|-boost|p2a: Maushold|atk|1
|-boost|p2a: Maushold|spe|1
|move|p1a: Pecharunt|Recover|p1a: Pecharunt
|-heal|p1a: Pecharunt|100/100 brn
|
|-damage|p1a: Pecharunt|94/100 brn|[from] brn
|-end|p1a: Pecharunt|Encore
|upkeep
|turn|43
|
|t:|1779904164
|move|p2a: Maushold|Tidy Up|p2a: Maushold
|-boost|p2a: Maushold|atk|1
|-boost|p2a: Maushold|spe|1
|move|p1a: Pecharunt|Shadow Ball|p2a: Maushold
|-supereffective|p2a: Maushold
|-damage|p2a: Maushold|0 fnt
|faint|p2a: Maushold
|
|win|FeetLickerr
|raw|FeetLickerr's rating: 1210 &rarr; <strong>1233</strong><br />(+23 for winning)
|raw|foradil's rating: 1189 &rarr; <strong>1166</strong><br />(-23 for losing)
|l|☆FeetLickerr
|player|p1|
|l| overs33r_ghostly
|l|☆foradil
|player|p2|
