|j|☆tyleroceano
|j|☆casual johto lover
|t:|1779972161
|gametype|singles
|player|p1|tyleroceano|caitlin|1132
|player|p2|casual johto lover|whitney|1111
|gen|9
|tier|[Gen 9] OU
|rated|
|rule|HP Percentage Mod: HP is shown in percentages
|rule|Endless Battle Clause: Forcing endless battles is banned
|rule|Species Clause: Limit one of each Pokémon
|rule|OHKO Clause: OHKO moves are banned
|rule|Evasion Items Clause: Evasion items are banned
|rule|Evasion Moves Clause: Evasion moves are banned
|rule|Evasion Abilities Clause: Evasion abilities are banned
|rule|Sleep Moves Clause: Sleep-inducing moves are banned
|clearpoke
|poke|p1|Iron Moth|
|poke|p1|Gliscor, M|
|poke|p1|Hatterene, F|
|poke|p1|Ogerpon-Wellspring, F|
|poke|p1|Raging Bolt|
|poke|p1|Zamazenta-*|
|poke|p2|Dudunsparce-*, M|
|poke|p2|Espeon, F|
|poke|p2|Exeggutor-Alola, M|
|poke|p2|Lokix, M|
|poke|p2|Keldeo|
|poke|p2|Salazzle, F|
|teampreview
|
|t:|1779972170
|teamsize|p1|6
|teamsize|p2|6
|start
|switch|p1a: Raging Bolt|Raging Bolt|100/100
|switch|p2a: Lokix|Lokix, M|100/100
|-enditem|p1a: Raging Bolt|Booster Energy
|-activate|p1a: Raging Bolt|ability: Protosynthesis|[fromitem]
|-start|p1a: Raging Bolt|protosynthesisspa
|turn|1
|inactive|Battle timer is ON: inactive players will automatically lose when time's up. (requested by tyleroceano)
|
|t:|1779972188
|move|p2a: Lokix|First Impression|p1a: Raging Bolt
|-damage|p1a: Raging Bolt|51/100
|move|p1a: Raging Bolt|Thunderbolt|p2a: Lokix
|-damage|p2a: Lokix|0 fnt
|faint|p2a: Lokix
|
|upkeep
|
|t:|1779972196
|switch|p2a: Exeggutor|Exeggutor-Alola, M|100/100
|turn|2
|
|t:|1779972200
|move|p1a: Raging Bolt|Dragon Pulse|p2a: Exeggutor
|-supereffective|p2a: Exeggutor
|-damage|p2a: Exeggutor|4/100
|move|p2a: Exeggutor|Dragon Hammer|p1a: Raging Bolt
|-supereffective|p1a: Raging Bolt
|-damage|p1a: Raging Bolt|0 fnt
|faint|p1a: Raging Bolt
|-end|p1a: Raging Bolt|Protosynthesis|[silent]
|
|upkeep
|
|t:|1779972216
|switch|p1a: Ogerpon|Ogerpon-Wellspring, F|100/100
|turn|3
|
|t:|1779972220
|move|p1a: Ogerpon|Trailblaze|p2a: Exeggutor
|-resisted|p2a: Exeggutor
|-damage|p2a: Exeggutor|0 fnt
|-boost|p1a: Ogerpon|spe|1
|faint|p2a: Exeggutor
|
|upkeep
|
|t:|1779972230
|switch|p2a: Dudunsparce|Dudunsparce-Three-Segment, M|100/100
|turn|4
|
|t:|1779972237
|move|p1a: Ogerpon|Swords Dance|p1a: Ogerpon
|-boost|p1a: Ogerpon|atk|2
|move|p2a: Dudunsparce|Zen Headbutt|p1a: Ogerpon
|-damage|p1a: Ogerpon|72/100
|
|upkeep
|turn|5
|
|t:|1779972242
|move|p1a: Ogerpon|Ivy Cudgel|p2a: Dudunsparce|[anim] Ivy Cudgel Water
|-damage|p2a: Dudunsparce|0 fnt
|faint|p2a: Dudunsparce
|
|upkeep
|
|t:|1779972247
|switch|p2a: Keldeo|Keldeo|100/100
|turn|6
|
|t:|1779972251
|-terastallize|p2a: Keldeo|Flying
|move|p1a: Ogerpon|Trailblaze|p2a: Keldeo
|-resisted|p2a: Keldeo
|-damage|p2a: Keldeo|65/100
|-boost|p1a: Ogerpon|spe|1
|move|p2a: Keldeo|Air Slash|p1a: Ogerpon
|-supereffective|p1a: Ogerpon
|-crit|p1a: Ogerpon
|-damage|p1a: Ogerpon|0 fnt
|faint|p1a: Ogerpon
|
|upkeep
|
|t:|1779972270
|switch|p1a: Hatterene|Hatterene, F|100/100
|turn|7
|
|t:|1779972274
|move|p2a: Keldeo|Surf|p1a: Hatterene
|-damage|p1a: Hatterene|53/100
|move|p1a: Hatterene|Calm Mind|p1a: Hatterene
|-boost|p1a: Hatterene|spa|1
|-boost|p1a: Hatterene|spd|1
|
|-heal|p1a: Hatterene|59/100|[from] item: Leftovers
|upkeep
|turn|8
|
|t:|1779972281
|move|p2a: Keldeo|Air Slash|p1a: Hatterene
|-damage|p1a: Hatterene|33/100
|cant|p1a: Hatterene|flinch
|
|-heal|p1a: Hatterene|39/100|[from] item: Leftovers
|upkeep
|turn|9
|
|t:|1779972286
|move|p2a: Keldeo|Surf|p1a: Hatterene
|-damage|p1a: Hatterene|10/100
|move|p1a: Hatterene|Draining Kiss|p2a: Keldeo
|-damage|p2a: Keldeo|38/100
|-heal|p1a: Hatterene|30/100|[from] drain|[of] p2a: Keldeo
|
|-heal|p1a: Hatterene|36/100|[from] item: Leftovers
|upkeep
|turn|10
|
|t:|1779972295
|move|p2a: Keldeo|Air Slash|p1a: Hatterene
|-damage|p1a: Hatterene|10/100
|cant|p1a: Hatterene|flinch
|
|-heal|p1a: Hatterene|16/100|[from] item: Leftovers
|upkeep
|turn|11
|
|t:|1779972303
|move|p2a: Keldeo|Air Slash|p1a: Hatterene
|-damage|p1a: Hatterene|0 fnt
|faint|p1a: Hatterene
|
|upkeep
|
|t:|1779972307
|switch|p1a: Zamazenta|Zamazenta|100/100
|-ability|p1a: Zamazenta|Dauntless Shield|boost
|-boost|p1a: Zamazenta|def|1
|turn|12
|
|t:|1779972311
|move|p1a: Zamazenta|Ice Fang|p2a: Keldeo
|-supereffective|p2a: Keldeo
|-damage|p2a: Keldeo|0 fnt
|faint|p2a: Keldeo
|
|upkeep
|
|t:|1779972316
|switch|p2a: Espeon|Espeon, F|100/100
|turn|13
|
|t:|1779972322
|move|p1a: Zamazenta|Light Screen|p1a: Zamazenta
|-sidestart|p1: tyleroceano|move: Light Screen
|move|p2a: Espeon|Psychic|p1a: Zamazenta
|-supereffective|p1a: Zamazenta
|-damage|p1a: Zamazenta|65/100
|
|upkeep
|turn|14
|
|t:|1779972327
|move|p1a: Zamazenta|Ice Fang|p2a: Espeon
|-damage|p2a: Espeon|63/100
|-status|p2a: Espeon|frz
|cant|p2a: Espeon|frz
|
|upkeep
|turn|15
|c|☆casual johto lover|nice luck
|
|t:|1779972335
|move|p1a: Zamazenta|Ice Fang|p2a: Espeon
|-damage|p2a: Espeon|28/100 frz
|cant|p2a: Espeon|frz
|
|upkeep
|turn|16
|
|t:|1779972340
|move|p1a: Zamazenta|Ice Fang|p2a: Espeon
|-damage|p2a: Espeon|0 fnt
|faint|p2a: Espeon
|
|upkeep
|c|☆casual johto lover|wow
|
|t:|1779972345
|switch|p2a: Salazzle|Salazzle, F|100/100
|turn|17
|
|t:|1779972350
|move|p1a: Zamazenta|Close Combat|p2a: Salazzle
|-resisted|p2a: Salazzle
|-damage|p2a: Salazzle|54/100
|-unboost|p1a: Zamazenta|def|1
|-unboost|p1a: Zamazenta|spd|1
|move|p2a: Salazzle|Flamethrower|p1a: Zamazenta
|-damage|p1a: Zamazenta|39/100
|
|upkeep
|turn|18
|
|t:|1779972358
|move|p1a: Zamazenta|Close Combat|p2a: Salazzle
|-resisted|p2a: Salazzle
|-damage|p2a: Salazzle|8/100
|-unboost|p1a: Zamazenta|def|1
|-unboost|p1a: Zamazenta|spd|1
|move|p2a: Salazzle|Flamethrower|p1a: Zamazenta
|-damage|p1a: Zamazenta|4/100
|
|upkeep
|turn|19
|
|t:|1779972366
|move|p1a: Zamazenta|Close Combat|p2a: Salazzle
|-resisted|p2a: Salazzle
|-damage|p2a: Salazzle|0 fnt
|-unboost|p1a: Zamazenta|def|1
|-unboost|p1a: Zamazenta|spd|1
|faint|p2a: Salazzle
|
|win|tyleroceano
|raw|tyleroceano's rating: 1132 &rarr; <strong>1155</strong><br />(+23 for winning)
|raw|casual johto lover's rating: 1111 &rarr; <strong>1088</strong><br />(-23 for losing)
|c|☆casual johto lover|won with luck
|l|☆casual johto lover
|player|p2|
|l|☆tyleroceano
|player|p1|
