|j|☆teapause
|j|☆Phoenixlex
|t:|1779889538
|gametype|singles
|player|p1|teapause|waiter|1487
|player|p2|Phoenixlex|pokemaniac|1507
|gen|9
|tier|[Gen 9] OU
|rated|
|rule|HP Percentage Mod: HP is shown in percentages
|rule|Endless Battle Clause: Forcing endless battles is banned
|rule|Species Clause: Limit one of each Pokémon
|rule|OHKO Clause: OHKO moves are banned
|rule|Evasion Items Clause: Evasion items are banned
|rule|Evasion Moves Clause: Evasion moves are banned
|rule|Evasion Abilities Clause: Evasion abilities are banned
|rule|Sleep Moves Clause: Sleep-inducing moves are banned
|clearpoke
|poke|p1|Tropius, M|
|poke|p1|Torkoal, F|
|poke|p1|Heatran, M|
|poke|p1|Clefable, M|
|poke|p1|Glimmora, F|
|poke|p1|Walking Wake|
|poke|p2|Landorus-Therian, M|
|poke|p2|Iron Valiant|
|poke|p2|Corviknight, M|
|poke|p2|Darkrai|
|poke|p2|Slowking-Galar, M|
|poke|p2|Dragapult, F|
|teampreview
|inactive|Battle timer is ON: inactive players will automatically lose when time's up. (requested by teapause)
|
|t:|1779889550
|teamsize|p1|6
|teamsize|p2|6
|start
|switch|p1a: Torkoal|Torkoal, F|100/100
|switch|p2a: Darkrai|Darkrai|100/100
|-weather|SunnyDay|[from] ability: Drought|[of] p1a: Torkoal
|turn|1
|
|t:|1779889563
|switch|p1a: Walking Wake|Walking Wake|100/100
|-activate|p1a: Walking Wake|ability: Protosynthesis
|-start|p1a: Walking Wake|protosynthesisspa
|move|p2a: Darkrai|Dark Pulse|p1a: Walking Wake
|-damage|p1a: Walking Wake|30/100
|
|-weather|SunnyDay|[upkeep]
|upkeep
|turn|2
|
|t:|1779889579
|-terastallize|p1a: Walking Wake|Water
|move|p1a: Walking Wake|Hydro Steam|p2a: Darkrai
|-damage|p2a: Darkrai|0 fnt
|faint|p2a: Darkrai
|
|-weather|SunnyDay|[upkeep]
|upkeep
|
|t:|1779889585
|switch|p2a: Slowking|Slowking-Galar, M|100/100
|turn|3
|
|t:|1779889593
|-end|p1a: Walking Wake|Protosynthesis|[silent]
|switch|p1a: Heatran|Heatran, M|100/100
|move|p2a: Slowking|Sludge Bomb|p1a: Heatran
|-immune|p1a: Heatran
|
|-weather|SunnyDay|[upkeep]
|upkeep
|turn|4
|
|t:|1779889602
|move|p1a: Heatran|Stealth Rock|p2a: Slowking
|-sidestart|p2: Phoenixlex|move: Stealth Rock
|-prepare|p2a: Slowking|Chilly Reception|[premajor]
|move|p2a: Slowking|Chilly Reception|p2a: Slowking
|-weather|Snowscape
|
|t:|1779889606
|switch|p2a: Therian|Landorus-Therian, M|100/100|[from] Chilly Reception
|-damage|p2a: Therian|88/100|[from] Stealth Rock
|-ability|p2a: Therian|Intimidate|boost
|-unboost|p1a: Heatran|atk|1
|
|-weather|Snowscape|[upkeep]
|upkeep
|turn|5
|
|t:|1779889617
|switch|p1a: Tropius|Tropius, M|100/100
|move|p2a: Therian|Taunt|p1a: Tropius
|-start|p1a: Tropius|move: Taunt
|
|-weather|Snowscape|[upkeep]
|upkeep
|turn|6
|
|t:|1779889626
|move|p2a: Therian|Stealth Rock|p1a: Tropius
|-sidestart|p1: teapause|move: Stealth Rock
|move|p1a: Tropius|Hurricane|p2a: Therian|[miss]
|-miss|p1a: Tropius|p2a: Therian
|
|-weather|Snowscape|[upkeep]
|upkeep
|turn|7
|
|t:|1779889633
|move|p2a: Therian|U-turn|p1a: Tropius
|-damage|p1a: Tropius|78/100
|
|t:|1779889635
|switch|p2a: Slowking|Slowking-Galar, M|100/100|[from] U-turn
|move|p1a: Tropius|Hurricane|p2a: Slowking
|-damage|p2a: Slowking|74/100
|
|-weather|Snowscape|[upkeep]
|-end|p1a: Tropius|move: Taunt
|upkeep
|turn|8
|
|t:|1779889646
|switch|p1a: Heatran|Heatran, M|100/100
|-damage|p1a: Heatran|88/100|[from] Stealth Rock
|move|p2a: Slowking|Sludge Bomb|p1a: Heatran
|-immune|p1a: Heatran
|
|-weather|none
|upkeep
|turn|9
|
|t:|1779889656
|move|p1a: Heatran|Magma Storm|p2a: Slowking
|-damage|p2a: Slowking|51/100
|-activate|p2a: Slowking|move: Magma Storm|[of] p1a: Heatran
|-prepare|p2a: Slowking|Chilly Reception|[premajor]
|move|p2a: Slowking|Chilly Reception|p2a: Slowking
|-weather|Snowscape
|
|t:|1779889666
|switch|p2a: Therian|Landorus-Therian, M|88/100|[from] Chilly Reception
|-damage|p2a: Therian|76/100|[from] Stealth Rock
|-ability|p2a: Therian|Intimidate|boost
|-unboost|p1a: Heatran|atk|1
|
|-weather|Snowscape|[upkeep]
|upkeep
|turn|10
|
|t:|1779889675
|switch|p1a: Tropius|Tropius, M|78/100
|-damage|p1a: Tropius|53/100|[from] Stealth Rock
|move|p2a: Therian|Earthquake|p1a: Tropius
|-immune|p1a: Tropius
|
|-weather|Snowscape|[upkeep]
|upkeep
|turn|11
|
|t:|1779889686
|move|p2a: Therian|Taunt|p1a: Tropius
|-start|p1a: Tropius|move: Taunt
|move|p1a: Tropius|Hurricane|p2a: Therian
|-damage|p2a: Therian|34/100
|
|-weather|Snowscape|[upkeep]
|upkeep
|turn|12
|
|t:|1779889694
|move|p2a: Therian|U-turn|p1a: Tropius
|-damage|p1a: Tropius|30/100
|
|t:|1779889697
|switch|p2a: Slowking|Slowking-Galar, M|84/100|[from] U-turn
|move|p1a: Tropius|Hurricane|p2a: Slowking
|-damage|p2a: Slowking|57/100
|-start|p2a: Slowking|confusion
|
|-weather|Snowscape|[upkeep]
|upkeep
|turn|13
|
|t:|1779889711
|switch|p1a: Torkoal|Torkoal, F|100/100
|-damage|p1a: Torkoal|76/100|[from] Stealth Rock
|-weather|SunnyDay|[from] ability: Drought|[of] p1a: Torkoal
|-prepare|p2a: Slowking|Chilly Reception|[premajor]
|-activate|p2a: Slowking|confusion
|move|p2a: Slowking|Chilly Reception|p2a: Slowking
|-weather|Snowscape
|
|t:|1779889724
|switch|p2a: Therian|Landorus-Therian, M|34/100|[from] Chilly Reception
|-damage|p2a: Therian|22/100|[from] Stealth Rock
|-ability|p2a: Therian|Intimidate|boost
|-unboost|p1a: Torkoal|atk|1
|
|-weather|Snowscape|[upkeep]
|upkeep
|turn|14
|
|t:|1779889732
|move|p2a: Therian|Earthquake|p1a: Torkoal
|-supereffective|p1a: Torkoal
|-damage|p1a: Torkoal|4/100
|move|p1a: Torkoal|Will-O-Wisp|p2a: Therian
|-status|p2a: Therian|brn
|
|-weather|Snowscape|[upkeep]
|-damage|p2a: Therian|16/100 brn|[from] brn
|upkeep
|turn|15
|
|t:|1779889745
|move|p2a: Therian|U-turn|p1a: Torkoal
|-resisted|p1a: Torkoal
|-damage|p1a: Torkoal|0 fnt
|-damage|p2a: Therian|0 fnt|[from] item: Rocky Helmet|[of] p1a: Torkoal
|faint|p1a: Torkoal
|faint|p2a: Therian
|
|-weather|Snowscape|[upkeep]
|upkeep
|
|t:|1779889765
|switch|p2a: Dragapult|Dragapult, F|100/100
|switch|p1a: Walking Wake|Walking Wake, tera:Water|30/100
|-damage|p1a: Walking Wake|18/100|[from] Stealth Rock
|-damage|p2a: Dragapult|88/100|[from] Stealth Rock
|turn|16
|
|t:|1779889774
|switch|p2a: Corviknight|Corviknight, M|100/100
|-damage|p2a: Corviknight|88/100|[from] Stealth Rock
|-ability|p2a: Corviknight|Pressure
|move|p1a: Walking Wake|Dragon Pulse|p2a: Corviknight
|-resisted|p2a: Corviknight
|-damage|p2a: Corviknight|66/100
|
|-weather|Snowscape|[upkeep]
|-heal|p2a: Corviknight|72/100|[from] item: Leftovers
|upkeep
|turn|17
|
|t:|1779889791
|-end|p1a: Walking Wake|Protosynthesis|[silent]
|switch|p1a: Heatran|Heatran, M|88/100
|-damage|p1a: Heatran|76/100|[from] Stealth Rock
|move|p2a: Corviknight|U-turn|p1a: Heatran
|-resisted|p1a: Heatran
|-damage|p1a: Heatran|73/100
|
|t:|1779889795
|switch|p2a: Monarch|Iron Valiant|100/100|[from] U-turn
|-damage|p2a: Monarch|94/100|[from] Stealth Rock
|-enditem|p2a: Monarch|Booster Energy
|-activate|p2a: Monarch|ability: Quark Drive|[fromitem]
|-start|p2a: Monarch|quarkdrivespe
|
|-weather|none
|upkeep
|turn|18
|
|t:|1779889809
|move|p1a: Heatran|Protect|p1a: Heatran
|-singleturn|p1a: Heatran|Protect
|move|p2a: Monarch|Close Combat|p1a: Heatran
|-activate|p1a: Heatran|move: Protect
|
|upkeep
|turn|19
|
|t:|1779889819
|switch|p1a: Tropius|Tropius, M|30/100
|-damage|p1a: Tropius|5/100|[from] Stealth Rock
|-enditem|p1a: Tropius|Starf Berry|[eat]
|-boost|p1a: Tropius|spe|2|[from] item: Starf Berry
|move|p2a: Monarch|Close Combat|p1a: Tropius
|-resisted|p1a: Tropius
|-damage|p1a: Tropius|0 fnt
|-unboost|p2a: Monarch|def|1
|-unboost|p2a: Monarch|spd|1
|faint|p1a: Tropius
|
|upkeep
|
|t:|1779889838
|switch|p1a: Clefable|Clefable, M|100/100
|turn|20
|
|t:|1779889842
|-end|p2a: Monarch|Quark Drive|[silent]
|switch|p2a: Slowking|Slowking-Galar, M|90/100
|move|p1a: Clefable|Moonblast|p2a: Slowking
|-resisted|p2a: Slowking
|-damage|p2a: Slowking|73/100
|-unboost|p2a: Slowking|spa|1
|
|upkeep
|turn|21
|
|t:|1779889852
|switch|p1a: Heatran|Heatran, M|73/100
|-damage|p1a: Heatran|60/100|[from] Stealth Rock
|move|p2a: Slowking|Toxic|p1a: Heatran
|-immune|p1a: Heatran
|
|upkeep
|turn|22
|
|t:|1779889862
|move|p1a: Heatran|Magma Storm|p2a: Slowking|[miss]
|-miss|p1a: Heatran|p2a: Slowking
|-prepare|p2a: Slowking|Chilly Reception|[premajor]
|move|p2a: Slowking|Chilly Reception|p2a: Slowking
|-weather|Snowscape
|
|t:|1779889870
|switch|p2a: Monarch|Iron Valiant|94/100|[from] Chilly Reception
|-damage|p2a: Monarch|88/100|[from] Stealth Rock
|
|-weather|Snowscape|[upkeep]
|upkeep
|turn|23
|
|t:|1779889877
|move|p2a: Monarch|Close Combat|p1a: Heatran
|-supereffective|p1a: Heatran
|-damage|p1a: Heatran|0 fnt
|-unboost|p2a: Monarch|def|1
|-unboost|p2a: Monarch|spd|1
|faint|p1a: Heatran
|
|-weather|Snowscape|[upkeep]
|upkeep
|
|t:|1779889885
|switch|p1a: Walking Wake|Walking Wake, tera:Water|18/100
|-damage|p1a: Walking Wake|6/100|[from] Stealth Rock
|turn|24
|
|t:|1779889892
|-end|p2a: Monarch|Quark Drive|[silent]
|switch|p2a: Slowking|Slowking-Galar, M|100/100
|move|p1a: Walking Wake|Hydro Steam|p2a: Slowking
|-damage|p2a: Slowking|71/100
|
|-weather|Snowscape|[upkeep]
|upkeep
|turn|25
|
|t:|1779889900
|move|p1a: Walking Wake|Hydro Steam|p2a: Slowking
|-damage|p2a: Slowking|41/100
|move|p2a: Slowking|Sludge Bomb|p1a: Walking Wake
|-damage|p1a: Walking Wake|0 fnt
|faint|p1a: Walking Wake
|-end|p1a: Walking Wake|Protosynthesis|[silent]
|
|-weather|Snowscape|[upkeep]
|upkeep
|
|t:|1779889910
|switch|p1a: Glimmora|Glimmora, F|100/100
|-damage|p1a: Glimmora|88/100|[from] Stealth Rock
|turn|26
|
|t:|1779889915
|move|p1a: Glimmora|Rock Polish|p1a: Glimmora
|-boost|p1a: Glimmora|spe|2
|move|p2a: Slowking|Future Sight|p1a: Glimmora
|-start|p2a: Slowking|move: Future Sight
|
|-weather|none
|upkeep
|turn|27
|
|t:|1779889927
|switch|p2a: Corviknight|Corviknight, M|72/100
|-damage|p2a: Corviknight|60/100|[from] Stealth Rock
|-ability|p2a: Corviknight|Pressure
|move|p1a: Glimmora|Meteor Beam||[still]
|-prepare|p1a: Glimmora|Meteor Beam
|-boost|p1a: Glimmora|spa|1
|-enditem|p1a: Glimmora|Power Herb
|-anim|p1a: Glimmora|Meteor Beam|p2a: Corviknight
|-damage|p2a: Corviknight|0 fnt
|faint|p2a: Corviknight
|
|upkeep
|
|t:|1779889933
|switch|p2a: Slowking|Slowking-Galar, M|74/100
|turn|28
|
|t:|1779889946
|move|p1a: Glimmora|Earth Power|p2a: Slowking
|-supereffective|p2a: Slowking
|-damage|p2a: Slowking|18/100
|-prepare|p2a: Slowking|Chilly Reception|[premajor]
|move|p2a: Slowking|Chilly Reception|p2a: Slowking
|-weather|Snowscape
|
|t:|1779889953
|switch|p2a: Dragapult|Dragapult, F|88/100|[from] Chilly Reception
|-damage|p2a: Dragapult|76/100|[from] Stealth Rock
|
|-weather|Snowscape|[upkeep]
|-end|p1a: Glimmora|move: Future Sight
|-supereffective|p1a: Glimmora
|-damage|p1a: Glimmora|0 fnt
|faint|p1a: Glimmora
|upkeep
|
|t:|1779889962
|switch|p1a: Clefable|Clefable, M|100/100
|turn|29
|
|t:|1779889967
|move|p2a: Dragapult|U-turn|p1a: Clefable
|-resisted|p1a: Clefable
|-damage|p1a: Clefable|90/100
|
|t:|1779889969
|switch|p2a: Slowking|Slowking-Galar, M|51/100|[from] U-turn
|move|p1a: Clefable|Moonblast|p2a: Slowking
|-resisted|p2a: Slowking
|-damage|p2a: Slowking|35/100
|-unboost|p2a: Slowking|spa|1
|
|-weather|Snowscape|[upkeep]
|upkeep
|turn|30
|
|t:|1779889981
|move|p1a: Clefable|Ice Beam|p2a: Slowking
|-damage|p2a: Slowking|15/100
|move|p2a: Slowking|Toxic|p1a: Clefable
|-status|p1a: Clefable|tox
|
|-weather|Snowscape|[upkeep]
|upkeep
|turn|31
|
|t:|1779889989
|switch|p2a: Dragapult|Dragapult, F|76/100
|-damage|p2a: Dragapult|64/100|[from] Stealth Rock
|move|p1a: Clefable|Ice Beam|p2a: Dragapult
|-supereffective|p2a: Dragapult
|-damage|p2a: Dragapult|0 fnt
|faint|p2a: Dragapult
|
|-weather|Snowscape|[upkeep]
|upkeep
|
|t:|1779889997
|switch|p2a: Slowking|Slowking-Galar, M|49/100
|turn|32
|
|t:|1779890001
|switch|p2a: Monarch|Iron Valiant|88/100
|-damage|p2a: Monarch|82/100|[from] Stealth Rock
|move|p1a: Clefable|Moonblast|p2a: Monarch
|-supereffective|p2a: Monarch
|-crit|p2a: Monarch
|-damage|p2a: Monarch|0 fnt
|faint|p2a: Monarch
|-end|p2a: Monarch|Quark Drive|[silent]
|
|-weather|none
|upkeep
|
|t:|1779890004
|switch|p2a: Slowking|Slowking-Galar, M|82/100
|turn|33
|
|t:|1779890019
|move|p1a: Clefable|Ice Beam|p2a: Slowking
|-damage|p2a: Slowking|59/100
|move|p2a: Slowking|Sludge Bomb|p1a: Clefable
|-supereffective|p1a: Clefable
|-damage|p1a: Clefable|27/100 tox
|
|upkeep
|turn|34
|
|t:|1779890026
|move|p1a: Clefable|Ice Beam|p2a: Slowking
|-damage|p2a: Slowking|37/100
|move|p2a: Slowking|Sludge Bomb|p1a: Clefable
|-supereffective|p1a: Clefable
|-damage|p1a: Clefable|0 fnt
|faint|p1a: Clefable
|
|win|Phoenixlex
|raw|teapause's rating: 1487 &rarr; <strong>1468</strong><br />(-19 for losing)
|raw|Phoenixlex's rating: 1507 &rarr; <strong>1526</strong><br />(+19 for winning)
|l|☆Phoenixlex
|player|p2|
|l|☆teapause
|player|p1|
