|j|☆CKCompany
|j|☆Aguila74
|t:|1779906145
|gametype|singles
|player|p1|CKCompany|101|1632
|player|p2|Aguila74|ethan|1649
|gen|9
|tier|[Gen 9] OU
|rated|
|rule|HP Percentage Mod: HP is shown in percentages
|rule|Endless Battle Clause: Forcing endless battles is banned
|rule|Species Clause: Limit one of each Pokémon
|rule|OHKO Clause: OHKO moves are banned
|rule|Evasion Items Clause: Evasion items are banned
|rule|Evasion Moves Clause: Evasion moves are banned
|rule|Evasion Abilities Clause: Evasion abilities are banned
|rule|Sleep Moves Clause: Sleep-inducing moves are banned
|clearpoke
|poke|p1|Tyranitar, F|
|poke|p1|Clefable, F|
|poke|p1|Alomomola, F|
|poke|p1|Scizor, M|
|poke|p1|Tornadus-Therian, M|
|poke|p1|Zamazenta-*|
|poke|p2|Dragapult, M|
|poke|p2|Iron Moth|
|poke|p2|Meowscarada, M|
|poke|p2|Iron Treads|
|poke|p2|Primarina, F|
|poke|p2|Conkeldurr, F|
|teampreview
|j| yuureisuisei
|
|t:|1779906179
|teamsize|p1|6
|teamsize|p2|6
|start
|switch|p1a: Scizor|Scizor, M, shiny|100/100
|switch|p2a: Meowscarada|Meowscarada, M|100/100
|turn|1
|inactive|Battle timer is ON: inactive players will automatically lose when time's up. (requested by CKCompany)
|
|t:|1779906191
|switch|p2a: Iron Treads|Iron Treads|100/100
|move|p1a: Scizor|U-turn|p2a: Iron Treads
|-resisted|p2a: Iron Treads
|-damage|p2a: Iron Treads|75/100
|
|t:|1779906206
|switch|p1a: Tornadus|Tornadus-Therian, M|100/100|[from] U-turn
|
|-heal|p2a: Iron Treads|81/100|[from] item: Leftovers
|upkeep
|turn|2
|
|t:|1779906210
|move|p1a: Tornadus|Heat Wave|p2a: Iron Treads
|-supereffective|p2a: Iron Treads
|-damage|p2a: Iron Treads|2/100
|move|p2a: Iron Treads|Rapid Spin|p1a: Tornadus
|-damage|p1a: Tornadus|80/100
|-boost|p2a: Iron Treads|spe|1
|
|-heal|p2a: Iron Treads|9/100|[from] item: Leftovers
|upkeep
|turn|3
|
|t:|1779906217
|move|p2a: Iron Treads|Iron Head|p1a: Tornadus
|-damage|p1a: Tornadus|31/100
|move|p1a: Tornadus|Grass Knot|p2a: Iron Treads
|-damage|p2a: Iron Treads|0 fnt
|faint|p2a: Iron Treads
|-end|p2a: Iron Treads|Quark Drive|[silent]
|
|upkeep
|
|t:|1779906223
|switch|p2a: Meowscarada|Meowscarada, M|100/100
|turn|4
|j| cataclyismo
|
|t:|1779906242
|switch|p1a: Scizor|Scizor, M, shiny|100/100
|move|p2a: Meowscarada|Knock Off|p1a: Scizor
|-start|p2a: Meowscarada|typechange|Dark|[from] ability: Protean
|-damage|p1a: Scizor|39/100
|-enditem|p1a: Scizor|Choice Band|[from] move: Knock Off|[of] p2a: Meowscarada
|-damage|p2a: Meowscarada|91/100|[from] item: Life Orb
|
|upkeep
|turn|5
|
|t:|1779906249
|move|p2a: Meowscarada|Knock Off|p1a: Scizor
|-damage|p1a: Scizor|0 fnt
|faint|p1a: Scizor
|-damage|p2a: Meowscarada|81/100|[from] item: Life Orb
|
|upkeep
|
|t:|1779906259
|switch|p1a: Clefable|Clefable, F|100/100
|turn|6
|
|t:|1779906263
|move|p2a: Meowscarada|U-turn|p1a: Clefable
|-resisted|p1a: Clefable
|-damage|p1a: Clefable|90/100
|-damage|p2a: Meowscarada|71/100|[from] item: Life Orb
|l| cataclyismo
|
|t:|1779906264
|switch|p2a: Iron Moth|Iron Moth|100/100|[from] U-turn
|-enditem|p2a: Iron Moth|Booster Energy
|-activate|p2a: Iron Moth|ability: Quark Drive|[fromitem]
|-start|p2a: Iron Moth|quarkdrivespe
|move|p1a: Clefable|Moonblast|p2a: Iron Moth
|-resisted|p2a: Iron Moth
|-damage|p2a: Iron Moth|94/100
|-unboost|p2a: Iron Moth|spa|1
|
|-heal|p1a: Clefable|96/100|[from] item: Leftovers
|upkeep
|turn|7
|
|t:|1779906268
|-end|p2a: Iron Moth|Quark Drive|[silent]
|switch|p2a: Conkeldurr|Conkeldurr, F|100/100
|switch|p1a: Tyranitar|Tyranitar, F|100/100
|-weather|Sandstorm|[from] ability: Sand Stream|[of] p1a: Tyranitar
|
|-weather|Sandstorm|[upkeep]
|-damage|p2a: Conkeldurr|94/100|[from] Sandstorm
|upkeep
|turn|8
|j| Lowladderubersnoob
|
|t:|1779906280
|switch|p1a: Alomomola|Alomomola, F, shiny|100/100
|move|p2a: Conkeldurr|Knock Off|p1a: Alomomola
|-damage|p1a: Alomomola|80/100
|-damage|p2a: Conkeldurr|78/100|[from] item: Rocky Helmet|[of] p1a: Alomomola
|-enditem|p1a: Alomomola|Rocky Helmet|[from] move: Knock Off|[of] p2a: Conkeldurr
|
|-weather|Sandstorm|[upkeep]
|-damage|p2a: Conkeldurr|72/100|[from] Sandstorm
|-damage|p1a: Alomomola|74/100|[from] Sandstorm
|upkeep
|turn|9
|l| Lowladderubersnoob
|
|t:|1779906291
|move|p2a: Conkeldurr|Drain Punch|p1a: Alomomola
|-damage|p1a: Alomomola|48/100
|-heal|p2a: Conkeldurr|88/100|[from] drain|[of] p1a: Alomomola
|move|p1a: Alomomola|Flip Turn|p2a: Conkeldurr
|-damage|p2a: Conkeldurr|75/100
|
|t:|1779906298
|switch|p1a: Clefable|Clefable, F|96/100|[from] Flip Turn
|
|-weather|Sandstorm|[upkeep]
|-damage|p2a: Conkeldurr|69/100|[from] Sandstorm
|-heal|p1a: Clefable|100/100|[from] item: Leftovers
|upkeep
|turn|10
|
|t:|1779906302
|move|p1a: Clefable|Calm Mind|p1a: Clefable
|-boost|p1a: Clefable|spa|1
|-boost|p1a: Clefable|spd|1
|move|p2a: Conkeldurr|Knock Off|p1a: Clefable
|-resisted|p1a: Clefable
|-damage|p1a: Clefable|86/100
|-enditem|p1a: Clefable|Leftovers|[from] move: Knock Off|[of] p2a: Conkeldurr
|
|-weather|Sandstorm|[upkeep]
|-damage|p2a: Conkeldurr|63/100|[from] Sandstorm
|upkeep
|turn|11
|
|t:|1779906309
|switch|p2a: Iron Moth|Iron Moth|94/100
|move|p1a: Clefable|Calm Mind|p1a: Clefable
|-boost|p1a: Clefable|spa|1
|-boost|p1a: Clefable|spd|1
|
|-weather|none
|upkeep
|turn|12
|
|t:|1779906319
|move|p2a: Iron Moth|Sludge Wave|p1a: Clefable
|-supereffective|p1a: Clefable
|-damage|p1a: Clefable|36/100
|move|p1a: Clefable|Moonlight|p1a: Clefable
|-heal|p1a: Clefable|86/100
|
|upkeep
|turn|13
|
|t:|1779906333
|-terastallize|p1a: Clefable|Water
|move|p2a: Iron Moth|Sludge Wave|p1a: Clefable
|-damage|p1a: Clefable|63/100
|move|p1a: Clefable|Calm Mind|p1a: Clefable
|-boost|p1a: Clefable|spa|1
|-boost|p1a: Clefable|spd|1
|
|upkeep
|turn|14
|
|t:|1779906346
|-terastallize|p2a: Iron Moth|Grass
|move|p2a: Iron Moth|Energy Ball|p1a: Clefable
|-supereffective|p1a: Clefable
|-damage|p1a: Clefable|30/100
|move|p1a: Clefable|Moonblast|p2a: Iron Moth
|-damage|p2a: Iron Moth|20/100
|
|upkeep
|turn|15
|
|t:|1779906356
|move|p2a: Iron Moth|Energy Ball|p1a: Clefable
|-supereffective|p1a: Clefable
|-damage|p1a: Clefable|0 fnt
|faint|p1a: Clefable
|
|upkeep
|
|t:|1779906361
|switch|p1a: Tornadus|Tornadus-Therian, M|64/100
|turn|16
|
|t:|1779906378
|move|p1a: Tornadus|Heat Wave|p2a: Iron Moth
|-supereffective|p2a: Iron Moth
|-damage|p2a: Iron Moth|0 fnt
|faint|p2a: Iron Moth
|-end|p2a: Iron Moth|Quark Drive|[silent]
|
|upkeep
|
|t:|1779906382
|switch|p2a: Dragapult|Dragapult, M|100/100
|turn|17
|
|t:|1779906387
|move|p2a: Dragapult|Dragon Darts|p1a: Tornadus
|-damage|p1a: Tornadus|20/100
|-anim|p2a: Dragapult|Dragon Darts|p1a: Tornadus
|-damage|p1a: Tornadus|0 fnt
|faint|p1a: Tornadus
|-damage|p2a: Dragapult|91/100|[from] item: Life Orb
|
|upkeep
|
|t:|1779906392
|switch|p1a: Alomomola|Alomomola, F, shiny|81/100
|turn|18
|
|t:|1779906396
|move|p2a: Dragapult|Dragon Dance|p2a: Dragapult
|-boost|p2a: Dragapult|atk|1
|-boost|p2a: Dragapult|spe|1
|move|p1a: Alomomola|Scald|p2a: Dragapult
|-resisted|p2a: Dragapult
|-damage|p2a: Dragapult|82/100
|-status|p2a: Dragapult|brn
|
|-damage|p2a: Dragapult|76/100 brn|[from] brn
|upkeep
|turn|19
|
|t:|1779906402
|move|p2a: Dragapult|Dragon Darts|p1a: Alomomola
|-damage|p1a: Alomomola|68/100
|-anim|p2a: Dragapult|Dragon Darts|p1a: Alomomola
|-damage|p1a: Alomomola|55/100
|-damage|p2a: Dragapult|66/100 brn|[from] item: Life Orb
|move|p1a: Alomomola|Wish|p1a: Alomomola
|
|-damage|p2a: Dragapult|60/100 brn|[from] brn
|upkeep
|turn|20
|
|t:|1779906412
|move|p2a: Dragapult|Dragon Darts|p1a: Alomomola
|-damage|p1a: Alomomola|40/100
|-anim|p2a: Dragapult|Dragon Darts|p1a: Alomomola
|-damage|p1a: Alomomola|27/100
|-damage|p2a: Dragapult|51/100 brn|[from] item: Life Orb
|move|p1a: Alomomola|Scald|p2a: Dragapult
|-resisted|p2a: Dragapult
|-damage|p2a: Dragapult|42/100 brn
|
|-heal|p1a: Alomomola|77/100|[from] move: Wish|[wisher] Alomomola
|-damage|p2a: Dragapult|36/100 brn|[from] brn
|upkeep
|turn|21
|
|t:|1779906428
|move|p2a: Dragapult|Dragon Darts|p1a: Alomomola
|-damage|p1a: Alomomola|62/100
|-anim|p2a: Dragapult|Dragon Darts|p1a: Alomomola
|-damage|p1a: Alomomola|48/100
|-damage|p2a: Dragapult|26/100 brn|[from] item: Life Orb
|move|p1a: Alomomola|Wish|p1a: Alomomola
|
|-damage|p2a: Dragapult|20/100 brn|[from] brn
|upkeep
|turn|22
|
|t:|1779906431
|move|p2a: Dragapult|Dragon Darts|p1a: Alomomola
|-damage|p1a: Alomomola|34/100
|-anim|p2a: Dragapult|Dragon Darts|p1a: Alomomola
|-damage|p1a: Alomomola|21/100
|-damage|p2a: Dragapult|10/100 brn|[from] item: Life Orb
|move|p1a: Alomomola|Scald|p2a: Dragapult
|-resisted|p2a: Dragapult
|-damage|p2a: Dragapult|1/100 brn
|
|-heal|p1a: Alomomola|71/100|[from] move: Wish|[wisher] Alomomola
|-damage|p2a: Dragapult|0 fnt|[from] brn
|faint|p2a: Dragapult
|upkeep
|
|t:|1779906436
|switch|p2a: Meowscarada|Meowscarada, M|71/100
|turn|23
|
|t:|1779906443
|switch|p1a: Zamazenta|Zamazenta|100/100
|-ability|p1a: Zamazenta|Dauntless Shield|boost
|-boost|p1a: Zamazenta|def|1
|move|p2a: Meowscarada|Flower Trick|p1a: Zamazenta
|-start|p2a: Meowscarada|typechange|Grass|[from] ability: Protean
|-crit|p1a: Zamazenta
|-damage|p1a: Zamazenta|40/100
|-damage|p2a: Meowscarada|61/100|[from] item: Life Orb
|
|upkeep
|turn|24
|
|t:|1779906456
|switch|p2a: Primarina|Primarina, F|100/100
|move|p1a: Zamazenta|Close Combat|p2a: Primarina
|-resisted|p2a: Primarina
|-damage|p2a: Primarina|76/100
|-unboost|p1a: Zamazenta|def|1
|-unboost|p1a: Zamazenta|spd|1
|
|-heal|p2a: Primarina|82/100|[from] item: Leftovers
|upkeep
|turn|25
|
|t:|1779906462
|switch|p1a: Tyranitar|Tyranitar, F|100/100
|-weather|Sandstorm|[from] ability: Sand Stream|[of] p1a: Tyranitar
|move|p2a: Primarina|Draining Kiss|p1a: Tyranitar
|-supereffective|p1a: Tyranitar
|-damage|p1a: Tyranitar|82/100
|-heal|p2a: Primarina|97/100|[from] drain|[of] p1a: Tyranitar
|
|-weather|Sandstorm|[upkeep]
|-damage|p2a: Primarina|91/100|[from] Sandstorm
|-heal|p2a: Primarina|97/100|[from] item: Leftovers
|upkeep
|turn|26
|
|t:|1779906468
|switch|p2a: Conkeldurr|Conkeldurr, F|63/100
|move|p1a: Tyranitar|Knock Off|p2a: Conkeldurr
|-resisted|p2a: Conkeldurr
|-damage|p2a: Conkeldurr|45/100
|-enditem|p2a: Conkeldurr|Assault Vest|[from] move: Knock Off|[of] p1a: Tyranitar
|
|-weather|Sandstorm|[upkeep]
|-damage|p2a: Conkeldurr|39/100|[from] Sandstorm
|upkeep
|turn|27
|
|t:|1779906474
|switch|p1a: Alomomola|Alomomola, F, shiny|100/100
|move|p2a: Conkeldurr|Drain Punch|p1a: Alomomola
|-damage|p1a: Alomomola|76/100
|-heal|p2a: Conkeldurr|54/100|[from] drain|[of] p1a: Alomomola
|
|-weather|Sandstorm|[upkeep]
|-damage|p2a: Conkeldurr|48/100|[from] Sandstorm
|-damage|p1a: Alomomola|70/100|[from] Sandstorm
|upkeep
|turn|28
|
|t:|1779906483
|move|p2a: Conkeldurr|Drain Punch|p1a: Alomomola
|-damage|p1a: Alomomola|46/100
|-heal|p2a: Conkeldurr|64/100|[from] drain|[of] p1a: Alomomola
|move|p1a: Alomomola|Scald|p2a: Conkeldurr
|-damage|p2a: Conkeldurr|49/100
|-status|p2a: Conkeldurr|brn
|
|-weather|Sandstorm|[upkeep]
|-damage|p2a: Conkeldurr|43/100 brn|[from] Sandstorm
|-damage|p1a: Alomomola|40/100|[from] Sandstorm
|-damage|p2a: Conkeldurr|37/100 brn|[from] brn
|upkeep
|turn|29
|
|t:|1779906489
|move|p2a: Conkeldurr|Drain Punch|p1a: Alomomola
|-damage|p1a: Alomomola|2/100
|-heal|p2a: Conkeldurr|61/100 brn|[from] drain|[of] p1a: Alomomola
|move|p1a: Alomomola|Wish|p1a: Alomomola
|
|-weather|none
|-damage|p2a: Conkeldurr|55/100 brn|[from] brn
|upkeep
|turn|30
|
|t:|1779906500
|move|p1a: Alomomola|Protect|p1a: Alomomola
|-singleturn|p1a: Alomomola|Protect
|move|p2a: Conkeldurr|Drain Punch|p1a: Alomomola
|-activate|p1a: Alomomola|move: Protect
|
|-heal|p1a: Alomomola|52/100|[from] move: Wish|[wisher] Alomomola
|-damage|p2a: Conkeldurr|49/100 brn|[from] brn
|upkeep
|turn|31
|
|t:|1779906508
|move|p2a: Conkeldurr|Drain Punch|p1a: Alomomola
|-damage|p1a: Alomomola|13/100
|-heal|p2a: Conkeldurr|75/100 brn|[from] drain|[of] p1a: Alomomola
|move|p1a: Alomomola|Flip Turn|p2a: Conkeldurr
|-damage|p2a: Conkeldurr|61/100 brn
|
|t:|1779906511
|switch|p1a: Zamazenta|Zamazenta|40/100|[from] Flip Turn
|
|-damage|p2a: Conkeldurr|55/100 brn|[from] brn
|upkeep
|turn|32
|
|t:|1779906514
|switch|p2a: Primarina|Primarina, F|97/100
|move|p1a: Zamazenta|Close Combat|p2a: Primarina
|-resisted|p2a: Primarina
|-damage|p2a: Primarina|73/100
|-unboost|p1a: Zamazenta|def|1
|-unboost|p1a: Zamazenta|spd|1
|
|-heal|p2a: Primarina|79/100|[from] item: Leftovers
|upkeep
|turn|33
|
|t:|1779906519
|switch|p1a: Tyranitar|Tyranitar, F|82/100
|-weather|Sandstorm|[from] ability: Sand Stream|[of] p1a: Tyranitar
|switch|p2a: Meowscarada|Meowscarada, M|61/100
|
|-weather|Sandstorm|[upkeep]
|-damage|p2a: Meowscarada|55/100|[from] Sandstorm
|upkeep
|turn|34
|
|t:|1779906524
|move|p2a: Meowscarada|U-turn|p1a: Tyranitar
|-start|p2a: Meowscarada|typechange|Bug|[from] ability: Protean
|-supereffective|p1a: Tyranitar
|-damage|p1a: Tyranitar|18/100
|-damage|p2a: Meowscarada|45/100|[from] item: Life Orb
|
|t:|1779906529
|switch|p2a: Conkeldurr|Conkeldurr, F|55/100 brn|[from] U-turn
|move|p1a: Tyranitar|Stealth Rock|p2a: Conkeldurr
|-sidestart|p2: Aguila74|move: Stealth Rock
|
|-weather|Sandstorm|[upkeep]
|-damage|p2a: Conkeldurr|49/100 brn|[from] Sandstorm
|-damage|p2a: Conkeldurr|43/100 brn|[from] brn
|upkeep
|turn|35
|
|t:|1779906535
|move|p2a: Conkeldurr|Mach Punch|p1a: Tyranitar
|-supereffective|p1a: Tyranitar
|-damage|p1a: Tyranitar|0 fnt
|faint|p1a: Tyranitar
|
|-weather|Sandstorm|[upkeep]
|-damage|p2a: Conkeldurr|37/100 brn|[from] Sandstorm
|-damage|p2a: Conkeldurr|31/100 brn|[from] brn
|upkeep
|
|t:|1779906541
|switch|p1a: Zamazenta|Zamazenta|40/100
|turn|36
|l| yuureisuisei
|
|t:|1779906544
|move|p2a: Conkeldurr|Mach Punch|p1a: Zamazenta
|-damage|p1a: Zamazenta|5/100
|move|p1a: Zamazenta|Heavy Slam|p2a: Conkeldurr
|-damage|p2a: Conkeldurr|13/100 brn
|
|-weather|Sandstorm|[upkeep]
|-damage|p1a: Zamazenta|0 fnt|[from] Sandstorm
|-damage|p2a: Conkeldurr|7/100 brn|[from] Sandstorm
|faint|p1a: Zamazenta
|-damage|p2a: Conkeldurr|1/100 brn|[from] brn
|upkeep
|
|t:|1779906547
|switch|p1a: Alomomola|Alomomola, F, shiny|46/100
|turn|37
|
|t:|1779906549
|move|p1a: Alomomola|Protect|p1a: Alomomola
|-singleturn|p1a: Alomomola|Protect
|move|p2a: Conkeldurr|Drain Punch|p1a: Alomomola
|-activate|p1a: Alomomola|move: Protect
|
|-weather|none
|-damage|p2a: Conkeldurr|0 fnt|[from] brn
|faint|p2a: Conkeldurr
|upkeep
|
|t:|1779906551
|switch|p2a: Meowscarada|Meowscarada, M|45/100
|-damage|p2a: Meowscarada|33/100|[from] Stealth Rock
|turn|38
|
|t:|1779906553
|move|p2a: Meowscarada|Flower Trick|p1a: Alomomola
|-start|p2a: Meowscarada|typechange|Grass|[from] ability: Protean
|-supereffective|p1a: Alomomola
|-crit|p1a: Alomomola
|-damage|p1a: Alomomola|0 fnt
|faint|p1a: Alomomola
|-damage|p2a: Meowscarada|23/100|[from] item: Life Orb
|
|win|Aguila74
|raw|CKCompany's rating: 1632 &rarr; <strong>1613</strong><br />(-19 for losing)
|raw|Aguila74's rating: 1649 &rarr; <strong>1668</strong><br />(+19 for winning)
|l|☆CKCompany
|player|p1|
|l|☆Aguila74
|player|p2|
