|j|☆ChiefTriceracop
|j|☆somsleep
|t:|1779923906
|gametype|singles
|player|p1|ChiefTriceracop|fisherman-gen4|1531
|player|p2|somsleep|266|1511
|gen|9
|tier|[Gen 9] OU
|rated|
|rule|HP Percentage Mod: HP is shown in percentages
|rule|Endless Battle Clause: Forcing endless battles is banned
|rule|Species Clause: Limit one of each Pokémon
|rule|OHKO Clause: OHKO moves are banned
|rule|Evasion Items Clause: Evasion items are banned
|rule|Evasion Moves Clause: Evasion moves are banned
|rule|Evasion Abilities Clause: Evasion abilities are banned
|rule|Sleep Moves Clause: Sleep-inducing moves are banned
|clearpoke
|poke|p1|Pelipper, F|
|poke|p1|Hatterene, F|
|poke|p1|Iron Treads|
|poke|p1|Toxicroak, F|
|poke|p1|Barraskewda, F|
|poke|p1|Zapdos|
|poke|p2|Abomasnow, M|
|poke|p2|Cetitan, M|
|poke|p2|Rotom|
|poke|p2|Illumise, F|
|poke|p2|Keldeo-Resolute|
|poke|p2|Iron Treads|
|teampreview
|inactive|Battle timer is ON: inactive players will automatically lose when time's up. (requested by ChiefTriceracop)
|
|t:|1779923921
|teamsize|p1|6
|teamsize|p2|6
|start
|switch|p1a: Iron Treads|Iron Treads|100/100
|switch|p2a: Rotom|Rotom|100/100
|turn|1
|
|t:|1779923929
|move|p2a: Rotom|Trick|p1a: Iron Treads
|-activate|p2a: Rotom|move: Trick|[of] p1a: Iron Treads
|-item|p1a: Iron Treads|Choice Scarf|[from] move: Trick
|-item|p2a: Rotom|Leftovers|[from] move: Trick
|move|p1a: Iron Treads|Stealth Rock|p2a: Rotom
|-sidestart|p2: somsleep|move: Stealth Rock
|
|upkeep
|turn|2
|
|t:|1779923935
|move|p1a: Iron Treads|Stealth Rock||[still]
|-fail|p1a: Iron Treads
|move|p2a: Rotom|Thunder Wave|p1a: Iron Treads
|-immune|p1a: Iron Treads
|
|upkeep
|turn|3
|
|t:|1779923940
|move|p1a: Iron Treads|Stealth Rock||[still]
|-fail|p1a: Iron Treads
|move|p2a: Rotom|Will-O-Wisp|p1a: Iron Treads
|-status|p1a: Iron Treads|brn
|
|-damage|p1a: Iron Treads|94/100 brn|[from] brn
|upkeep
|turn|4
|
|t:|1779923945
|move|p1a: Iron Treads|Stealth Rock||[still]
|-fail|p1a: Iron Treads
|move|p2a: Rotom|Thunder Wave|p1a: Iron Treads
|-immune|p1a: Iron Treads
|
|-damage|p1a: Iron Treads|88/100 brn|[from] brn
|upkeep
|turn|5
|
|t:|1779923950
|-end|p1a: Iron Treads|Quark Drive|[silent]
|switch|p1a: Hatterene|Hatterene, F|100/100
|move|p2a: Rotom|Thunder Wave|p1a: Hatterene
|move|p1a: Hatterene|Thunder Wave|p2a: Rotom|[from] ability: Magic Bounce|[miss]
|-miss|p1a: Hatterene|p2a: Rotom
|
|upkeep
|turn|6
|
|t:|1779923957
|move|p2a: Rotom|Hex|p1a: Hatterene
|-supereffective|p1a: Hatterene
|-damage|p1a: Hatterene|53/100
|-enditem|p1a: Hatterene|Eject Button
|
|t:|1779923967
|switch|p1a: Pelipper|Pelipper, F|100/100
|-weather|RainDance|[from] ability: Drizzle|[of] p1a: Pelipper
|
|-weather|RainDance|[upkeep]
|upkeep
|turn|7
|
|t:|1779923970
|switch|p1a: Iron Treads|Iron Treads|88/100 brn
|move|p2a: Rotom|Thunder Wave|p1a: Iron Treads
|-immune|p1a: Iron Treads
|
|-weather|RainDance|[upkeep]
|-damage|p1a: Iron Treads|82/100 brn|[from] brn
|upkeep
|turn|8
|
|t:|1779923977
|move|p1a: Iron Treads|Earthquake|p2a: Rotom
|-immune|p2a: Rotom|[from] ability: Levitate
|move|p2a: Rotom|Hex|p1a: Iron Treads
|-damage|p1a: Iron Treads|49/100 brn
|
|-weather|RainDance|[upkeep]
|-damage|p1a: Iron Treads|43/100 brn|[from] brn
|upkeep
|turn|9
|
|t:|1779923984
|move|p1a: Iron Treads|Earthquake|p2a: Rotom
|-immune|p2a: Rotom|[from] ability: Levitate
|move|p2a: Rotom|Thunder Wave|p1a: Iron Treads
|-immune|p1a: Iron Treads
|
|-weather|RainDance|[upkeep]
|-damage|p1a: Iron Treads|37/100 brn|[from] brn
|upkeep
|turn|10
|
|t:|1779923986
|move|p1a: Iron Treads|Earthquake|p2a: Rotom
|-immune|p2a: Rotom|[from] ability: Levitate
|move|p2a: Rotom|Thunder Wave|p1a: Iron Treads
|-immune|p1a: Iron Treads
|
|-weather|RainDance|[upkeep]
|-damage|p1a: Iron Treads|31/100 brn|[from] brn
|upkeep
|turn|11
|
|t:|1779923991
|-end|p1a: Iron Treads|Quark Drive|[silent]
|switch|p1a: Hatterene|Hatterene, F|53/100
|move|p2a: Rotom|Thunder Wave|p1a: Hatterene
|move|p1a: Hatterene|Thunder Wave|p2a: Rotom|[from] ability: Magic Bounce
|-immune|p2a: Rotom
|
|-weather|RainDance|[upkeep]
|upkeep
|turn|12
|
|t:|1779923994
|switch|p1a: Iron Treads|Iron Treads|31/100 brn
|move|p2a: Rotom|Hex|p1a: Iron Treads
|-damage|p1a: Iron Treads|0 fnt
|faint|p1a: Iron Treads
|-end|p1a: Iron Treads|Quark Drive|[silent]
|
|-weather|RainDance|[upkeep]
|upkeep
|
|t:|1779923996
|switch|p1a: Barraskewda|Barraskewda, F|100/100
|turn|13
|
|t:|1779924000
|-terastallize|p1a: Barraskewda|Water
|move|p1a: Barraskewda|Flip Turn|p2a: Rotom
|-damage|p2a: Rotom|0 fnt
|faint|p2a: Rotom
|
|t:|1779924006
|switch|p1a: Zapdos|Zapdos|100/100|[from] Flip Turn
|
|-weather|none
|upkeep
|
|t:|1779924010
|switch|p2a: Iron Treads|Iron Treads|100/100
|-damage|p2a: Iron Treads|97/100|[from] Stealth Rock
|-enditem|p2a: Iron Treads|Booster Energy
|-activate|p2a: Iron Treads|ability: Quark Drive|[fromitem]
|-start|p2a: Iron Treads|quarkdrivespe
|turn|14
|
|t:|1779924017
|move|p2a: Iron Treads|Stealth Rock|p1a: Zapdos
|-sidestart|p1: ChiefTriceracop|move: Stealth Rock
|move|p1a: Zapdos|Hurricane|p2a: Iron Treads
|-resisted|p2a: Iron Treads
|-damage|p2a: Iron Treads|34/100
|
|upkeep
|turn|15
|
|t:|1779924024
|move|p2a: Iron Treads|Rapid Spin|p1a: Zapdos
|-damage|p1a: Zapdos|82/100
|-boost|p2a: Iron Treads|spe|1
|-sideend|p2: somsleep|Stealth Rock|[from] move: Rapid Spin|[of] p2a: Iron Treads
|move|p1a: Zapdos|Hurricane|p2a: Iron Treads
|-resisted|p2a: Iron Treads
|-damage|p2a: Iron Treads|0 fnt
|faint|p2a: Iron Treads
|-end|p2a: Iron Treads|Quark Drive|[silent]
|
|upkeep
|
|t:|1779924034
|switch|p2a: Abomasnow|Abomasnow, M, shiny|100/100
|-weather|Snowscape|[from] ability: Snow Warning|[of] p2a: Abomasnow
|turn|16
|
|t:|1779924038
|switch|p1a: Pelipper|Pelipper, F|100/100
|-damage|p1a: Pelipper|76/100|[from] Stealth Rock
|-weather|RainDance|[from] ability: Drizzle|[of] p1a: Pelipper
|move|p2a: Abomasnow|Blizzard|p1a: Pelipper
|-damage|p1a: Pelipper|25/100
|-status|p1a: Pelipper|frz
|
|-weather|RainDance|[upkeep]
|upkeep
|turn|17
|
|t:|1779924045
|switch|p2a: Illumise|Illumise, F|100/100
|switch|p1a: Hatterene|Hatterene, F|53/100
|-damage|p1a: Hatterene|40/100|[from] Stealth Rock
|
|-weather|RainDance|[upkeep]
|upkeep
|turn|18
|
|t:|1779924053
|move|p2a: Illumise|Tailwind|p2a: Illumise
|-sidestart|p2: somsleep|move: Tailwind
|move|p1a: Hatterene|Healing Wish|p1a: Hatterene
|faint|p1a: Hatterene
|
|-weather|RainDance|[upkeep]
|upkeep
|
|t:|1779924057
|switch|p1a: Barraskewda|Barraskewda, F, tera:Water|100/100
|-damage|p1a: Barraskewda|88/100|[from] Stealth Rock
|turn|19
|
|t:|1779924060
|switch|p2a: Abomasnow|Abomasnow, M, shiny|100/100
|-weather|Snowscape|[from] ability: Snow Warning|[of] p2a: Abomasnow
|move|p1a: Barraskewda|Liquidation|p2a: Abomasnow
|-resisted|p2a: Abomasnow
|-damage|p2a: Abomasnow|57/100
|
|-weather|Snowscape|[upkeep]
|upkeep
|turn|20
|
|t:|1779924067
|switch|p1a: Pelipper|Pelipper, F|25/100 frz
|-heal|p1a: Pelipper|100/100|[from] move: Healing Wish
|-damage|p1a: Pelipper|76/100|[from] Stealth Rock
|-weather|RainDance|[from] ability: Drizzle|[of] p1a: Pelipper
|move|p2a: Abomasnow|Blizzard|p1a: Pelipper|[miss]
|-miss|p2a: Abomasnow|p1a: Pelipper
|
|-weather|RainDance|[upkeep]
|upkeep
|turn|21
|
|t:|1779924077
|switch|p2a: Illumise|Illumise, F|100/100
|move|p1a: Pelipper|Hurricane|p2a: Illumise
|-supereffective|p2a: Illumise
|-damage|p2a: Illumise|8/100
|-enditem|p2a: Illumise|Eject Button
|
|t:|1779924080
|switch|p2a: Abomasnow|Abomasnow, M, shiny|57/100
|-weather|Snowscape|[from] ability: Snow Warning|[of] p2a: Abomasnow
|
|-weather|Snowscape|[upkeep]
|-sideend|p2: somsleep|move: Tailwind
|upkeep
|turn|22
|
|t:|1779924085
|switch|p1a: Zapdos|Zapdos|82/100
|-damage|p1a: Zapdos|58/100|[from] Stealth Rock
|move|p2a: Abomasnow|Aurora Veil|p2a: Abomasnow
|-sidestart|p2: somsleep|move: Aurora Veil
|
|-weather|Snowscape|[upkeep]
|upkeep
|turn|23
|
|t:|1779924090
|move|p1a: Zapdos|Volt Switch|p2a: Abomasnow
|-resisted|p2a: Abomasnow
|-damage|p2a: Abomasnow|40/100
|
|t:|1779924092
|switch|p1a: Pelipper|Pelipper, F|76/100|[from] Volt Switch
|-damage|p1a: Pelipper|51/100|[from] Stealth Rock
|-weather|RainDance|[from] ability: Drizzle|[of] p1a: Pelipper
|move|p2a: Abomasnow|Blizzard|p1a: Pelipper|[miss]
|-miss|p2a: Abomasnow|p1a: Pelipper
|
|-weather|RainDance|[upkeep]
|upkeep
|turn|24
|
|t:|1779924097
|switch|p2a: Illumise|Illumise, F|8/100
|move|p1a: Pelipper|Roost|p1a: Pelipper
|-heal|p1a: Pelipper|100/100
|-singleturn|p1a: Pelipper|move: Roost
|
|-weather|RainDance|[upkeep]
|upkeep
|turn|25
|
|t:|1779924104
|move|p2a: Illumise|Encore|p1a: Pelipper
|-start|p1a: Pelipper|Encore
|move|p1a: Pelipper|Roost||[still]
|-fail|p1a: Pelipper|heal
|
|-weather|RainDance|[upkeep]
|upkeep
|turn|26
|
|t:|1779924110
|switch|p1a: Toxicroak|Toxicroak, F|100/100
|-damage|p1a: Toxicroak|94/100|[from] Stealth Rock
|move|p2a: Illumise|Wish|p2a: Illumise
|
|-weather|RainDance|[upkeep]
|-heal|p1a: Toxicroak|100/100|[from] ability: Dry Skin
|-sideend|p2: somsleep|move: Aurora Veil
|upkeep
|turn|27
|
|t:|1779924117
|move|p2a: Illumise|Tailwind|p2a: Illumise
|-sidestart|p2: somsleep|move: Tailwind
|move|p1a: Toxicroak|Toxic|p2a: Illumise
|-status|p2a: Illumise|tox
|
|-weather|RainDance|[upkeep]
|-heal|p2a: Illumise|58/100 tox|[from] move: Wish|[wisher] Illumise
|-damage|p2a: Illumise|52/100 tox|[from] psn
|upkeep
|turn|28
|
|t:|1779924123
|move|p2a: Illumise|Encore|p1a: Toxicroak
|-start|p1a: Toxicroak|Encore
|move|p1a: Toxicroak|Toxic|p2a: Illumise
|-fail|p2a: Illumise|tox
|
|-weather|RainDance|[upkeep]
|-damage|p2a: Illumise|40/100 tox|[from] psn
|upkeep
|turn|29
|
|t:|1779924126
|move|p2a: Illumise|Wish|p2a: Illumise
|move|p1a: Toxicroak|Toxic|p2a: Illumise
|-fail|p2a: Illumise|tox
|
|-weather|RainDance|[upkeep]
|-damage|p2a: Illumise|22/100 tox|[from] psn
|upkeep
|turn|30
|
|t:|1779924132
|move|p2a: Illumise|Mud-Slap|p1a: Toxicroak
|-supereffective|p1a: Toxicroak
|-damage|p1a: Toxicroak|91/100
|-unboost|p1a: Toxicroak|accuracy|1
|move|p1a: Toxicroak|Toxic|p2a: Illumise
|-fail|p2a: Illumise|tox
|
|-weather|none
|-heal|p2a: Illumise|72/100 tox|[from] move: Wish|[wisher] Illumise
|-damage|p2a: Illumise|48/100 tox|[from] psn
|-end|p1a: Toxicroak|Encore
|-sideend|p2: somsleep|move: Tailwind
|upkeep
|turn|31
|
|t:|1779924141
|move|p2a: Illumise|Tailwind|p2a: Illumise
|-sidestart|p2: somsleep|move: Tailwind
|move|p1a: Toxicroak|Knock Off|p2a: Illumise|[miss]
|-miss|p1a: Toxicroak|p2a: Illumise
|
|-damage|p2a: Illumise|18/100 tox|[from] psn
|upkeep
|turn|32
|
|t:|1779924150
|switch|p1a: Zapdos|Zapdos|58/100
|-damage|p1a: Zapdos|33/100|[from] Stealth Rock
|move|p2a: Illumise|Encore||[still]
|-fail|p2a: Illumise
|
|-damage|p2a: Illumise|0 fnt|[from] psn
|faint|p2a: Illumise
|upkeep
|
|t:|1779924154
|switch|p2a: Abomasnow|Abomasnow, M, shiny|40/100
|-weather|Snowscape|[from] ability: Snow Warning|[of] p2a: Abomasnow
|turn|33
|
|t:|1779924157
|switch|p1a: Barraskewda|Barraskewda, F, tera:Water|88/100
|-damage|p1a: Barraskewda|76/100|[from] Stealth Rock
|move|p2a: Abomasnow|Leaf Storm|p1a: Barraskewda
|-supereffective|p1a: Barraskewda
|-damage|p1a: Barraskewda|0 fnt
|-unboost|p2a: Abomasnow|spa|2
|faint|p1a: Barraskewda
|-enditem|p2a: Abomasnow|Eject Pack
|-message|ChiefTriceracop forfeited.
|
|win|somsleep
|raw|ChiefTriceracop's rating: 1531 &rarr; <strong>1510</strong><br />(-21 for losing)
|raw|somsleep's rating: 1511 &rarr; <strong>1532</strong><br />(+21 for winning)
|l|☆ChiefTriceracop
|player|p1|
|l|☆somsleep
|player|p2|
