|j|☆Made in BraziL
|j|☆itssj7203
|t:|1779817786
|gametype|singles
|player|p1|Made in BraziL|gentleman|1328
|player|p2|itssj7203|swimmer|1289
|gen|9
|tier|[Gen 9] OU
|rated|
|rule|HP Percentage Mod: HP is shown in percentages
|rule|Endless Battle Clause: Forcing endless battles is banned
|rule|Species Clause: Limit one of each Pokémon
|rule|OHKO Clause: OHKO moves are banned
|rule|Evasion Items Clause: Evasion items are banned
|rule|Evasion Moves Clause: Evasion moves are banned
|rule|Evasion Abilities Clause: Evasion abilities are banned
|rule|Sleep Moves Clause: Sleep-inducing moves are banned
|clearpoke
|poke|p1|Gyarados, M|
|poke|p1|Garchomp, M|
|poke|p1|Staraptor, F|
|poke|p1|Torterra, M|
|poke|p1|Gastrodon-East, F|
|poke|p1|Infernape, M|
|poke|p2|Gliscor, M|
|poke|p2|Pecharunt|
|poke|p2|Glimmora, M|
|poke|p2|Kingambit, M|
|poke|p2|Clefable, F|
|poke|p2|Great Tusk|
|teampreview
|inactive|Battle timer is ON: inactive players will automatically lose when time's up. (requested by Made in BraziL)
|
|t:|1779817796
|teamsize|p1|6
|teamsize|p2|6
|start
|switch|p1a: Gastrodon|Gastrodon-East, F|100/100
|switch|p2a: Snot rocket|Glimmora, M|100/100
|-item|p1a: Gastrodon|Air Balloon
|turn|1
|
|t:|1779817815
|move|p2a: Snot rocket|Stealth Rock|p1a: Gastrodon
|-sidestart|p1: Made in BraziL|move: Stealth Rock
|move|p1a: Gastrodon|Stealth Rock|p2a: Snot rocket
|-sidestart|p2: itssj7203|move: Stealth Rock
|
|upkeep
|turn|2
|
|t:|1779817822
|move|p2a: Snot rocket|Mortal Spin|p1a: Gastrodon
|-resisted|p1a: Gastrodon
|-damage|p1a: Gastrodon|97/100
|-status|p1a: Gastrodon|psn
|-enditem|p1a: Gastrodon|Air Balloon
|-sideend|p2: itssj7203|Stealth Rock|[from] move: Mortal Spin|[of] p2a: Snot rocket
|move|p1a: Gastrodon|Ancient Power|p2a: Snot rocket
|-damage|p2a: Snot rocket|78/100
|
|-damage|p1a: Gastrodon|85/100 psn|[from] psn
|upkeep
|turn|3
|
|t:|1779817836
|move|p2a: Snot rocket|Earth Power|p1a: Gastrodon
|-damage|p1a: Gastrodon|56/100 psn
|move|p1a: Gastrodon|Ancient Power|p2a: Snot rocket
|-damage|p2a: Snot rocket|55/100
|
|-damage|p1a: Gastrodon|43/100 psn|[from] psn
|upkeep
|turn|4
|
|t:|1779817843
|move|p2a: Snot rocket|Earth Power|p1a: Gastrodon
|-damage|p1a: Gastrodon|15/100 psn
|move|p1a: Gastrodon|Ancient Power|p2a: Snot rocket
|-damage|p2a: Snot rocket|31/100
|-boost|p1a: Gastrodon|atk|1
|-boost|p1a: Gastrodon|def|1
|-boost|p1a: Gastrodon|spa|1
|-boost|p1a: Gastrodon|spd|1
|-boost|p1a: Gastrodon|spe|1
|
|-damage|p1a: Gastrodon|3/100 psn|[from] psn
|upkeep
|turn|5
|
|t:|1779817854
|move|p2a: Snot rocket|Earth Power|p1a: Gastrodon
|-damage|p1a: Gastrodon|0 fnt
|faint|p1a: Gastrodon
|
|upkeep
|
|t:|1779817862
|switch|p1a: Infernape|Infernape, M|100/100
|-damage|p1a: Infernape|88/100|[from] Stealth Rock
|turn|6
|
|t:|1779817868
|move|p1a: Infernape|Mach Punch|p2a: Snot rocket
|-damage|p2a: Snot rocket|0 fnt
|-activate|p2a: Snot rocket|ability: Toxic Debris
|-sidestart|p1: Made in BraziL|move: Toxic Spikes
|faint|p2a: Snot rocket
|-damage|p1a: Infernape|78/100|[from] item: Life Orb
|
|upkeep
|
|t:|1779817881
|switch|p2a: Big Bertha|Clefable, F|100/100
|turn|7
|
|t:|1779817887
|switch|p1a: Staraptor|Staraptor, F|100/100
|-damage|p1a: Staraptor|76/100|[from] Stealth Rock
|move|p2a: Big Bertha|Cosmic Power|p2a: Big Bertha
|-boost|p2a: Big Bertha|def|1
|-boost|p2a: Big Bertha|spd|1
|
|upkeep
|turn|8
|
|t:|1779817895
|-terastallize|p1a: Staraptor|Normal
|move|p1a: Staraptor|Double-Edge|p2a: Big Bertha
|-damage|p2a: Big Bertha|51/100
|-damage|p1a: Staraptor|55/100|[from] Recoil
|move|p2a: Big Bertha|Cosmic Power|p2a: Big Bertha
|-boost|p2a: Big Bertha|def|1
|-boost|p2a: Big Bertha|spd|1
|
|-heal|p2a: Big Bertha|57/100|[from] item: Leftovers
|upkeep
|turn|9
|
|t:|1779817907
|move|p1a: Staraptor|Double-Edge|p2a: Big Bertha
|-damage|p2a: Big Bertha|20/100
|-damage|p1a: Staraptor|39/100|[from] Recoil
|move|p2a: Big Bertha|Moonlight|p2a: Big Bertha
|-heal|p2a: Big Bertha|70/100
|
|-heal|p2a: Big Bertha|76/100|[from] item: Leftovers
|upkeep
|turn|10
|
|t:|1779817921
|move|p1a: Staraptor|Double-Edge|p2a: Big Bertha
|-damage|p2a: Big Bertha|39/100
|-damage|p1a: Staraptor|24/100|[from] Recoil
|move|p2a: Big Bertha|Cosmic Power|p2a: Big Bertha
|-boost|p2a: Big Bertha|def|1
|-boost|p2a: Big Bertha|spd|1
|
|-heal|p2a: Big Bertha|45/100|[from] item: Leftovers
|upkeep
|turn|11
|
|t:|1779817931
|move|p1a: Staraptor|Double-Edge|p2a: Big Bertha
|-damage|p2a: Big Bertha|12/100
|-damage|p1a: Staraptor|10/100|[from] Recoil
|move|p2a: Big Bertha|Moonlight|p2a: Big Bertha
|-heal|p2a: Big Bertha|62/100
|
|-heal|p2a: Big Bertha|68/100|[from] item: Leftovers
|upkeep
|turn|12
|
|t:|1779817940
|move|p1a: Staraptor|Double-Edge|p2a: Big Bertha
|-damage|p2a: Big Bertha|35/100
|-damage|p1a: Staraptor|0 fnt|[from] Recoil
|faint|p1a: Staraptor
|move|p2a: Big Bertha|Moonlight|p2a: Big Bertha
|-heal|p2a: Big Bertha|85/100
|
|-heal|p2a: Big Bertha|91/100|[from] item: Leftovers
|upkeep
|-message|Made in BraziL forfeited.
|
|win|itssj7203
|raw|Made in BraziL's rating: 1328 &rarr; <strong>1306</strong><br />(-22 for losing)
|raw|itssj7203's rating: 1289 &rarr; <strong>1317</strong><br />(+28 for winning)
|l|☆Made in BraziL
|player|p1|
|l|☆itssj7203
|player|p2|
