|j|☆Saint qirex
|j|☆fly casanova
|t:|1779843723
|gametype|singles
|player|p1|Saint qirex|2|1631
|player|p2|fly casanova|gamer-gen3|1581
|gen|9
|tier|[Gen 9] OU
|rated|
|rule|HP Percentage Mod: HP is shown in percentages
|rule|Endless Battle Clause: Forcing endless battles is banned
|rule|Species Clause: Limit one of each Pokémon
|rule|OHKO Clause: OHKO moves are banned
|rule|Evasion Items Clause: Evasion items are banned
|rule|Evasion Moves Clause: Evasion moves are banned
|rule|Evasion Abilities Clause: Evasion abilities are banned
|rule|Sleep Moves Clause: Sleep-inducing moves are banned
|clearpoke
|poke|p1|Meowscarada, F|
|poke|p1|Slowking-Galar, M|
|poke|p1|Zamazenta-*|
|poke|p1|Corviknight, F|
|poke|p1|Kyurem|
|poke|p1|Dragapult, F|
|poke|p2|Iron Valiant|
|poke|p2|Electrode-Hisui|
|poke|p2|Iron Treads|
|poke|p2|Samurott-Hisui, F|
|poke|p2|Iron Hands|
|poke|p2|Darkrai|
|teampreview
|inactive|Battle timer is ON: inactive players will automatically lose when time's up. (requested by Saint qirex)
|
|t:|1779843740
|teamsize|p1|6
|teamsize|p2|6
|start
|switch|p1a: Dragapult|Dragapult, F|100/100
|switch|p2a: Electrode|Electrode-Hisui, shiny|100/100
|turn|1
|
|t:|1779843749
|move|p2a: Electrode|Volt Switch|p1a: Dragapult
|-resisted|p1a: Dragapult
|-damage|p1a: Dragapult|81/100
|
|t:|1779843751
|switch|p2a: Iron Treads|Iron Treads|100/100|[from] Volt Switch
|move|p1a: Dragapult|Flamethrower|p2a: Iron Treads
|-supereffective|p2a: Iron Treads
|-damage|p2a: Iron Treads|21/100
|
|upkeep
|turn|2
|
|t:|1779843756
|-end|p2a: Iron Treads|Quark Drive|[silent]
|switch|p2a: Samurott|Samurott-Hisui, F|100/100
|move|p1a: Dragapult|Flamethrower|p2a: Samurott
|-resisted|p2a: Samurott
|-crit|p2a: Samurott
|-damage|p2a: Samurott|55/100
|-status|p2a: Samurott|brn
|
|-damage|p2a: Samurott|49/100 brn|[from] brn
|upkeep
|turn|3
|
|t:|1779843763
|switch|p1a: Corviknight|Corviknight, F|100/100
|move|p2a: Samurott|Ceaseless Edge|p1a: Corviknight
|-damage|p1a: Corviknight|87/100
|-damage|p2a: Samurott|33/100 brn|[from] item: Rocky Helmet|[of] p1a: Corviknight
|-sidestart|p1: Saint qirex|Spikes
|
|-damage|p2a: Samurott|26/100 brn|[from] brn
|upkeep
|turn|4
|
|t:|1779843773
|move|p2a: Samurott|Knock Off|p1a: Corviknight
|-damage|p1a: Corviknight|75/100
|-damage|p2a: Samurott|10/100 brn|[from] item: Rocky Helmet|[of] p1a: Corviknight
|-enditem|p1a: Corviknight|Rocky Helmet|[from] move: Knock Off|[of] p2a: Samurott
|move|p1a: Corviknight|Defog|p2a: Samurott
|-unboost|p2a: Samurott|evasion|1
|-sideend|p1: Saint qirex|Spikes|[from] move: Defog|[of] p1a: Corviknight
|
|-damage|p2a: Samurott|4/100 brn|[from] brn
|upkeep
|turn|5
|
|t:|1779843781
|move|p2a: Samurott|Ceaseless Edge|p1a: Corviknight
|-damage|p1a: Corviknight|61/100
|-sidestart|p1: Saint qirex|Spikes
|move|p1a: Corviknight|Roost|p1a: Corviknight
|-heal|p1a: Corviknight|100/100
|-singleturn|p1a: Corviknight|move: Roost
|
|-damage|p2a: Samurott|0 fnt|[from] brn
|faint|p2a: Samurott
|upkeep
|
|t:|1779843790
|switch|p2a: Darkrai|Darkrai|100/100
|turn|6
|
|t:|1779843795
|move|p2a: Darkrai|Nasty Plot|p2a: Darkrai
|-boost|p2a: Darkrai|spa|2
|move|p1a: Corviknight|U-turn|p2a: Darkrai
|-supereffective|p2a: Darkrai
|-damage|p2a: Darkrai|61/100
|
|t:|1779843800
|switch|p1a: Dragapult|Dragapult, F|81/100|[from] U-turn
|-damage|p1a: Dragapult|69/100|[from] Spikes
|
|-heal|p2a: Darkrai|67/100|[from] item: Leftovers
|upkeep
|turn|7
|
|t:|1779843818
|move|p1a: Dragapult|Draco Meteor|p2a: Darkrai
|-damage|p2a: Darkrai|0 fnt
|-unboost|p1a: Dragapult|spa|2
|faint|p2a: Darkrai
|
|upkeep
|
|t:|1779843821
|switch|p2a: Iron Valiant|Iron Valiant, shiny|100/100
|turn|8
|
|t:|1779843825
|switch|p1a: Slowking|Slowking-Galar, M|100/100
|-terastallize|p2a: Iron Valiant|Ghost
|move|p2a: Iron Valiant|Shadow Ball|p1a: Slowking
|-supereffective|p1a: Slowking
|-crit|p1a: Slowking
|-damage|p1a: Slowking|0 fnt
|faint|p1a: Slowking
|
|upkeep
|
|t:|1779843848
|switch|p1a: Corviknight|Corviknight, F|100/100
|turn|9
|
|t:|1779843856
|move|p2a: Iron Valiant|Shadow Ball|p1a: Corviknight
|-damage|p1a: Corviknight|32/100
|move|p1a: Corviknight|Defog|p2a: Iron Valiant
|-unboost|p2a: Iron Valiant|evasion|1
|-sideend|p1: Saint qirex|Spikes|[from] move: Defog|[of] p1a: Corviknight
|
|upkeep
|turn|10
|
|t:|1779843861
|move|p2a: Iron Valiant|Shadow Ball|p1a: Corviknight
|-damage|p1a: Corviknight|0 fnt
|faint|p1a: Corviknight
|
|upkeep
|
|t:|1779843864
|switch|p1a: Meowscarada|Meowscarada, F|100/100
|turn|11
|
|t:|1779843875
|-end|p2a: Iron Valiant|Quark Drive|[silent]
|switch|p2a: Electrode|Electrode-Hisui, shiny|100/100
|move|p1a: Meowscarada|Triple Axel|p2a: Electrode
|-start|p1a: Meowscarada|typechange|Ice|[from] ability: Protean
|-supereffective|p2a: Electrode
|-damage|p2a: Electrode|55/100
|-supereffective|p2a: Electrode
|-damage|p2a: Electrode|0 fnt
|-status|p1a: Meowscarada|par|[from] ability: Static|[of] p2a: Electrode
|faint|p2a: Electrode
|-hitcount|p2: Electrode|2
|
|upkeep
|
|t:|1779843883
|switch|p2a: Iron Valiant|Iron Valiant, shiny, tera:Ghost|100/100
|turn|12
|
|t:|1779843889
|move|p2a: Iron Valiant|Moonblast|p1a: Meowscarada
|-damage|p1a: Meowscarada|0 fnt
|faint|p1a: Meowscarada
|
|upkeep
|
|t:|1779843893
|switch|p1a: Dragapult|Dragapult, F|69/100
|turn|13
|
|t:|1779843901
|-end|p2a: Iron Valiant|Quark Drive|[silent]
|switch|p2a: Iron Treads|Iron Treads|21/100
|-terastallize|p1a: Dragapult|Ghost
|move|p1a: Dragapult|Shadow Ball|p2a: Iron Treads
|-damage|p2a: Iron Treads|0 fnt
|faint|p2a: Iron Treads
|-end|p2a: Iron Treads|Quark Drive|[silent]
|
|upkeep
|
|t:|1779843903
|switch|p2a: Iron Hands|Iron Hands|100/100
|-enditem|p2a: Iron Hands|Booster Energy
|-activate|p2a: Iron Hands|ability: Quark Drive|[fromitem]
|-start|p2a: Iron Hands|quarkdriveatk
|turn|14
|
|t:|1779843907
|move|p1a: Dragapult|Shadow Ball|p2a: Iron Hands
|-damage|p2a: Iron Hands|39/100
|move|p2a: Iron Hands|Thunder Punch|p1a: Dragapult
|-damage|p1a: Dragapult|0 fnt
|faint|p1a: Dragapult
|
|upkeep
|
|t:|1779843922
|switch|p1a: Zamazenta|Zamazenta|100/100
|-ability|p1a: Zamazenta|Dauntless Shield|boost
|-boost|p1a: Zamazenta|def|1
|turn|15
|
|t:|1779843928
|move|p1a: Zamazenta|Iron Defense|p1a: Zamazenta
|-boost|p1a: Zamazenta|def|2
|move|p2a: Iron Hands|Thunder Punch|p1a: Zamazenta
|-damage|p1a: Zamazenta|83/100
|-status|p1a: Zamazenta|par
|
|-heal|p1a: Zamazenta|90/100 par|[from] item: Leftovers
|upkeep
|turn|16
|
|t:|1779843930
|move|p1a: Zamazenta|Substitute|p1a: Zamazenta
|-start|p1a: Zamazenta|Substitute
|-damage|p1a: Zamazenta|65/100 par
|move|p2a: Iron Hands|Swords Dance|p2a: Iron Hands
|-boost|p2a: Iron Hands|atk|2
|
|-heal|p1a: Zamazenta|71/100 par|[from] item: Leftovers
|upkeep
|turn|17
|
|t:|1779843932
|move|p1a: Zamazenta|Body Press|p2a: Iron Hands
|-damage|p2a: Iron Hands|0 fnt
|faint|p2a: Iron Hands
|-end|p2a: Iron Hands|Quark Drive|[silent]
|
|-heal|p1a: Zamazenta|77/100 par|[from] item: Leftovers
|upkeep
|
|t:|1779843934
|switch|p2a: Iron Valiant|Iron Valiant, shiny, tera:Ghost|100/100
|turn|18
|
|t:|1779843937
|move|p2a: Iron Valiant|Moonblast|p1a: Zamazenta
|-supereffective|p1a: Zamazenta
|-end|p1a: Zamazenta|Substitute
|move|p1a: Zamazenta|Crunch|p2a: Iron Valiant
|-supereffective|p2a: Iron Valiant
|-damage|p2a: Iron Valiant|48/100
|-unboost|p2a: Iron Valiant|def|1
|
|-heal|p1a: Zamazenta|83/100 par|[from] item: Leftovers
|upkeep
|turn|19
|
|t:|1779843939
|move|p2a: Iron Valiant|Moonblast|p1a: Zamazenta
|-supereffective|p1a: Zamazenta
|-damage|p1a: Zamazenta|0 fnt
|faint|p1a: Zamazenta
|
|upkeep
|
|t:|1779843941
|switch|p1a: Kyurem|Kyurem|100/100
|-ability|p1a: Kyurem|Pressure
|turn|20
|
|t:|1779843943
|move|p2a: Iron Valiant|Moonblast|p1a: Kyurem
|-supereffective|p1a: Kyurem
|-damage|p1a: Kyurem|0 fnt
|faint|p1a: Kyurem
|
|win|fly casanova
|raw|Saint qirex's rating: 1631 &rarr; <strong>1608</strong><br />(-23 for losing)
|raw|fly casanova's rating: 1581 &rarr; <strong>1604</strong><br />(+23 for winning)
|l|☆fly casanova
|player|p2|
|l|☆Saint qirex
|player|p1|
