|j|‽Leap Call
|j|☆ikthoizzykil
|t:|1779845246
|gametype|singles
|player|p1|Leap Call|170|1363
|player|p2|ikthoizzykil|pokemaniac-gen3rs|1379
|gen|9
|tier|[Gen 9] OU
|rated|
|rule|HP Percentage Mod: HP is shown in percentages
|rule|Endless Battle Clause: Forcing endless battles is banned
|rule|Species Clause: Limit one of each Pokémon
|rule|OHKO Clause: OHKO moves are banned
|rule|Evasion Items Clause: Evasion items are banned
|rule|Evasion Moves Clause: Evasion moves are banned
|rule|Evasion Abilities Clause: Evasion abilities are banned
|rule|Sleep Moves Clause: Sleep-inducing moves are banned
|clearpoke
|poke|p1|Pelipper, F|
|poke|p1|Lokix, M|
|poke|p1|Kingdra, M|
|poke|p1|Toxicroak, F|
|poke|p1|Iron Treads|
|poke|p1|Primarina, M|
|poke|p2|Braviary, M|
|poke|p2|Great Tusk|
|poke|p2|Rillaboom, F|
|poke|p2|Primarina, M|
|poke|p2|Kingambit, F|
|poke|p2|Skeledirge, M|
|teampreview
|inactive|Battle timer is ON: inactive players will automatically lose when time's up. (requested by ikthoizzykil)
|inactive|ikthoizzykil has 120 seconds left.
|inactive|ikthoizzykil has 90 seconds left.
|
|t:|1779845336
|teamsize|p1|6
|teamsize|p2|6
|start
|switch|p1a: Primarina|Primarina, M|100/100
|switch|p2a: Braviary|Braviary, M|100/100
|turn|1
|
|t:|1779845352
|move|p1a: Primarina|Substitute|p1a: Primarina
|-start|p1a: Primarina|Substitute
|-damage|p1a: Primarina|76/100
|move|p2a: Braviary|Bulk Up|p2a: Braviary
|-boost|p2a: Braviary|atk|1
|-boost|p2a: Braviary|def|1
|
|-heal|p1a: Primarina|82/100|[from] item: Leftovers
|upkeep
|turn|2
|
|t:|1779845359
|move|p1a: Primarina|Moonblast|p2a: Braviary
|-damage|p2a: Braviary|65/100
|move|p2a: Braviary|Body Slam|p1a: Primarina
|-end|p1a: Primarina|Substitute
|
|-heal|p1a: Primarina|88/100|[from] item: Leftovers
|upkeep
|turn|3
|
|t:|1779845379
|switch|p1a: Iron Treads|Iron Treads|100/100
|move|p2a: Braviary|Body Slam|p1a: Iron Treads
|-resisted|p1a: Iron Treads
|-damage|p1a: Iron Treads|57/100
|
|upkeep
|turn|4
|
|t:|1779845387
|move|p1a: Iron Treads|Stealth Rock|p2a: Braviary
|-sidestart|p2: ikthoizzykil|move: Stealth Rock
|move|p2a: Braviary|Roost|p2a: Braviary
|-heal|p2a: Braviary|100/100
|-singleturn|p2a: Braviary|move: Roost
|
|upkeep
|turn|5
|
|t:|1779845411
|move|p1a: Iron Treads|Ice Spinner|p2a: Braviary
|-supereffective|p2a: Braviary
|-damage|p2a: Braviary|65/100
|move|p2a: Braviary|Bulk Up|p2a: Braviary
|-boost|p2a: Braviary|atk|1
|-boost|p2a: Braviary|def|1
|
|upkeep
|turn|6
|
|t:|1779845418
|-end|p1a: Iron Treads|Quark Drive|[silent]
|switch|p1a: Pelipper|Pelipper, F, shiny|100/100
|-weather|RainDance|[from] ability: Drizzle|[of] p1a: Pelipper
|move|p2a: Braviary|Roost|p2a: Braviary
|-heal|p2a: Braviary|100/100
|-singleturn|p2a: Braviary|move: Roost
|
|-weather|RainDance|[upkeep]
|upkeep
|turn|7
|
|t:|1779845426
|move|p2a: Braviary|Body Slam|p1a: Pelipper
|-damage|p1a: Pelipper|0 fnt
|faint|p1a: Pelipper
|
|-weather|RainDance|[upkeep]
|upkeep
|
|t:|1779845430
|switch|p1a: Kingdra|Kingdra, M|100/100
|turn|8
|
|t:|1779845433
|move|p1a: Kingdra|Weather Ball|p2a: Braviary
|-damage|p2a: Braviary|29/100
|move|p2a: Braviary|Body Slam|p1a: Kingdra
|-damage|p1a: Kingdra|0 fnt
|faint|p1a: Kingdra
|
|-weather|RainDance|[upkeep]
|upkeep
|-message|Leap Call forfeited.
|
|win|ikthoizzykil
|raw|Leap Call's rating: 1363 &rarr; <strong>1344</strong><br />(-19 for losing)
|raw|ikthoizzykil's rating: 1379 &rarr; <strong>1398</strong><br />(+19 for winning)
|l|‽Leap Call
|player|p1|
