|j|☆Chechoide
|j|☆future94
|t:|1779856170
|gametype|singles
|player|p1|Chechoide|clown|1367
|player|p2|future94|102|1358
|gen|9
|tier|[Gen 9] OU
|rated|
|rule|HP Percentage Mod: HP is shown in percentages
|rule|Endless Battle Clause: Forcing endless battles is banned
|rule|Species Clause: Limit one of each Pokémon
|rule|OHKO Clause: OHKO moves are banned
|rule|Evasion Items Clause: Evasion items are banned
|rule|Evasion Moves Clause: Evasion moves are banned
|rule|Evasion Abilities Clause: Evasion abilities are banned
|rule|Sleep Moves Clause: Sleep-inducing moves are banned
|clearpoke
|poke|p1|Blissey, F|
|poke|p1|Gliscor, F|
|poke|p1|Dondozo, F|
|poke|p1|Slowking-Galar, M|
|poke|p1|Clefable, M|
|poke|p1|Weezing-Galar, F|
|poke|p2|Ninetales, M|
|poke|p2|Walking Wake|
|poke|p2|Cinderace, M|
|poke|p2|Great Tusk|
|poke|p2|Cresselia, F|
|poke|p2|Blaziken, F|
|teampreview
|j| testingrainteam1
|
|t:|1779856193
|teamsize|p1|6
|teamsize|p2|6
|start
|switch|p1a: Albert Eipstein|Weezing-Galar, F|100/100
|switch|p2a: Ninetales|Ninetales, M|100/100
|-ability|p1a: Albert Eipstein|Neutralizing Gas
|turn|1
|inactive|Battle timer is ON: inactive players will automatically lose when time's up. (requested by future94)
|
|t:|1779856206
|move|p2a: Ninetales|Will-O-Wisp|p1a: Albert Eipstein
|-status|p1a: Albert Eipstein|brn
|move|p1a: Albert Eipstein|Sludge Bomb|p2a: Ninetales
|-damage|p2a: Ninetales|77/100
|
|-damage|p1a: Albert Eipstein|95/100 brn|[from] brn
|upkeep
|turn|2
|
|t:|1779856222
|switch|p2a: Great Tusk|Great Tusk|100/100
|move|p1a: Albert Eipstein|Sludge Bomb|p2a: Great Tusk
|-resisted|p2a: Great Tusk
|-damage|p2a: Great Tusk|80/100
|
|-heal|p2a: Great Tusk|86/100|[from] item: Leftovers
|-damage|p1a: Albert Eipstein|89/100 brn|[from] brn
|upkeep
|turn|3
|
|t:|1779856238
|move|p2a: Great Tusk|Knock Off|p1a: Albert Eipstein
|-resisted|p1a: Albert Eipstein
|-damage|p1a: Albert Eipstein|76/100 brn
|-enditem|p1a: Albert Eipstein|Heavy-Duty Boots|[from] move: Knock Off|[of] p2a: Great Tusk
|move|p1a: Albert Eipstein|Will-O-Wisp|p2a: Great Tusk|[miss]
|-miss|p1a: Albert Eipstein|p2a: Great Tusk
|
|-heal|p2a: Great Tusk|93/100|[from] item: Leftovers
|-damage|p1a: Albert Eipstein|70/100 brn|[from] brn
|upkeep
|turn|4
|
|t:|1779856249
|move|p2a: Great Tusk|Headlong Rush|p1a: Albert Eipstein
|-supereffective|p1a: Albert Eipstein
|-damage|p1a: Albert Eipstein|0 fnt
|-unboost|p2a: Great Tusk|def|1
|-unboost|p2a: Great Tusk|spd|1
|faint|p1a: Albert Eipstein
|-end|p1a: Albert Eipstein|ability: Neutralizing Gas
|
|-heal|p2a: Great Tusk|99/100|[from] item: Leftovers
|upkeep
|
|t:|1779856260
|switch|p1a: Ginecólogo Braga|Gliscor, F|100/100
|turn|5
|
|t:|1779856266
|move|p1a: Ginecólogo Braga|Protect|p1a: Ginecólogo Braga
|-singleturn|p1a: Ginecólogo Braga|Protect
|move|p2a: Great Tusk|Knock Off|p1a: Ginecólogo Braga
|-activate|p1a: Ginecólogo Braga|move: Protect
|
|-heal|p2a: Great Tusk|100/100|[from] item: Leftovers
|-status|p1a: Ginecólogo Braga|tox|[from] item: Toxic Orb
|upkeep
|turn|6
|
|t:|1779856273
|move|p2a: Great Tusk|Knock Off|p1a: Ginecólogo Braga
|-damage|p1a: Ginecólogo Braga|79/100 tox
|-enditem|p1a: Ginecólogo Braga|Toxic Orb|[from] move: Knock Off|[of] p2a: Great Tusk
|move|p1a: Ginecólogo Braga|Toxic|p2a: Great Tusk
|-status|p2a: Great Tusk|tox
|
|-damage|p2a: Great Tusk|94/100 tox|[from] psn
|-heal|p1a: Ginecólogo Braga|92/100 tox|[from] ability: Poison Heal
|upkeep
|turn|7
|
|t:|1779856283
|-end|p2a: Great Tusk|Protosynthesis|[silent]
|switch|p2a: Ninetales|Ninetales, M|77/100
|-weather|SunnyDay|[from] ability: Drought|[of] p2a: Ninetales
|move|p1a: Ginecólogo Braga|Knock Off|p2a: Ninetales
|-damage|p2a: Ninetales|48/100
|-enditem|p2a: Ninetales|Heat Rock|[from] move: Knock Off|[of] p1a: Ginecólogo Braga
|
|-weather|SunnyDay|[upkeep]
|-heal|p1a: Ginecólogo Braga|100/100 tox|[from] ability: Poison Heal
|upkeep
|turn|8
|
|t:|1779856299
|switch|p2a: Cresselia|Cresselia, F|100/100
|-terastallize|p1a: Ginecólogo Braga|Dragon
|move|p1a: Ginecólogo Braga|Toxic|p2a: Cresselia
|-status|p2a: Cresselia|tox
|
|-weather|SunnyDay|[upkeep]
|-damage|p2a: Cresselia|94/100 tox|[from] psn
|upkeep
|turn|9
|
|t:|1779856309
|move|p1a: Ginecólogo Braga|Knock Off|p2a: Cresselia
|-supereffective|p2a: Cresselia
|-damage|p2a: Cresselia|68/100 tox
|-enditem|p2a: Cresselia|Eject Button|[from] move: Knock Off|[of] p1a: Ginecólogo Braga
|move|p2a: Cresselia|Moonblast|p1a: Ginecólogo Braga
|-supereffective|p1a: Ginecólogo Braga
|-damage|p1a: Ginecólogo Braga|56/100 tox
|
|-weather|SunnyDay|[upkeep]
|-heal|p1a: Ginecólogo Braga|68/100 tox|[from] ability: Poison Heal
|-damage|p2a: Cresselia|56/100 tox|[from] psn
|upkeep
|turn|10
|
|t:|1779856320
|switch|p2a: Walking Wake|Walking Wake|100/100
|-activate|p2a: Walking Wake|ability: Protosynthesis
|-start|p2a: Walking Wake|protosynthesisspa
|move|p1a: Ginecólogo Braga|Protect||[still]
|-fail|p1a: Ginecólogo Braga
|
|-weather|SunnyDay|[upkeep]
|-heal|p1a: Ginecólogo Braga|81/100 tox|[from] ability: Poison Heal
|upkeep
|turn|11
|
|t:|1779856328
|switch|p1a: Gayllermo|Clefable, M|100/100
|move|p2a: Walking Wake|Draco Meteor|p1a: Gayllermo
|-immune|p1a: Gayllermo
|
|-weather|SunnyDay|[upkeep]
|upkeep
|turn|12
|
|t:|1779856339
|-end|p2a: Walking Wake|Protosynthesis|[silent]
|switch|p2a: Cinderace|Cinderace, M|100/100
|move|p1a: Gayllermo|Moonblast|p2a: Cinderace
|-resisted|p2a: Cinderace
|-damage|p2a: Cinderace|82/100
|-unboost|p2a: Cinderace|spa|1
|
|-weather|SunnyDay|[upkeep]
|upkeep
|turn|13
|
|t:|1779856349
|switch|p1a: Ginecólogo Braga|Gliscor, F, tera:Dragon|81/100 tox
|move|p2a: Cinderace|U-turn|p1a: Ginecólogo Braga
|-damage|p1a: Ginecólogo Braga|69/100 tox
|
|t:|1779856354
|switch|p2a: Walking Wake|Walking Wake|100/100|[from] U-turn
|-activate|p2a: Walking Wake|ability: Protosynthesis
|-start|p2a: Walking Wake|protosynthesisspa
|
|-weather|SunnyDay|[upkeep]
|-heal|p1a: Ginecólogo Braga|81/100 tox|[from] ability: Poison Heal
|upkeep
|turn|14
|
|t:|1779856366
|-end|p2a: Walking Wake|Protosynthesis|[silent]
|switch|p2a: Great Tusk|Great Tusk|94/100 tox
|-activate|p2a: Great Tusk|ability: Protosynthesis
|-start|p2a: Great Tusk|protosynthesisatk
|switch|p1a: Cabryan|Blissey, F|100/100
|
|-weather|none
|-end|p2a: Great Tusk|Protosynthesis
|-heal|p2a: Great Tusk|100/100 tox|[from] item: Leftovers
|-damage|p2a: Great Tusk|94/100 tox|[from] psn
|upkeep
|turn|15
|
|t:|1779856382
|-end|p2a: Great Tusk|Protosynthesis|[silent]
|switch|p2a: Ninetales|Ninetales, M|48/100
|-weather|SunnyDay|[from] ability: Drought|[of] p2a: Ninetales
|switch|p1a: Ginecólogo Braga|Gliscor, F, tera:Dragon|81/100 tox
|
|-weather|SunnyDay|[upkeep]
|-heal|p1a: Ginecólogo Braga|94/100 tox|[from] ability: Poison Heal
|upkeep
|turn|16
|l| testingrainteam1
|
|t:|1779856395
|switch|p2a: Cresselia|Cresselia, F|56/100 tox
|move|p1a: Ginecólogo Braga|Toxic|p2a: Cresselia
|-fail|p2a: Cresselia|tox
|
|-weather|SunnyDay|[upkeep]
|-heal|p1a: Ginecólogo Braga|100/100 tox|[from] ability: Poison Heal
|-damage|p2a: Cresselia|50/100 tox|[from] psn
|upkeep
|turn|17
|
|t:|1779856403
|move|p1a: Ginecólogo Braga|Protect|p1a: Ginecólogo Braga
|-singleturn|p1a: Ginecólogo Braga|Protect
|move|p2a: Cresselia|Moonblast|p1a: Ginecólogo Braga
|-activate|p1a: Ginecólogo Braga|move: Protect
|
|-weather|SunnyDay|[upkeep]
|-damage|p2a: Cresselia|37/100 tox|[from] psn
|upkeep
|turn|18
|inactive|Chechoide has 120 seconds left.
|
|t:|1779856434
|switch|p1a: Charlie Kirk|Slowking-Galar, M|100/100
|move|p2a: Cresselia|Moonlight|p2a: Cresselia
|-heal|p2a: Cresselia|100/100 tox
|
|-weather|SunnyDay|[upkeep]
|-damage|p2a: Cresselia|82/100 tox|[from] psn
|upkeep
|turn|19
|inactive|Chechoide has 120 seconds left.
|
|t:|1779856445
|switch|p2a: Cinderace|Cinderace, M|82/100
|move|p1a: Charlie Kirk|Future Sight|p2a: Cinderace
|-start|p1a: Charlie Kirk|move: Future Sight
|
|-weather|none
|upkeep
|turn|20
|inactive|Chechoide has 120 seconds left.
|
|t:|1779856456
|switch|p1a: Ginecólogo Braga|Gliscor, F, tera:Dragon|100/100 tox
|move|p2a: Cinderace|U-turn|p1a: Ginecólogo Braga
|-damage|p1a: Ginecólogo Braga|89/100 tox
|
|t:|1779856462
|switch|p2a: Ninetales|Ninetales, M|48/100|[from] U-turn
|-weather|SunnyDay|[from] ability: Drought|[of] p2a: Ninetales
|
|-weather|SunnyDay|[upkeep]
|-heal|p1a: Ginecólogo Braga|100/100 tox|[from] ability: Poison Heal
|upkeep
|turn|21
|
|t:|1779856475
|switch|p2a: Cresselia|Cresselia, F|82/100 tox
|move|p1a: Ginecólogo Braga|Toxic|p2a: Cresselia
|-fail|p2a: Cresselia|tox
|
|-weather|SunnyDay|[upkeep]
|-end|p2a: Cresselia|move: Future Sight
|-resisted|p2a: Cresselia
|-damage|p2a: Cresselia|70/100 tox
|-damage|p2a: Cresselia|64/100 tox|[from] psn
|upkeep
|turn|22
|
|t:|1779856485
|switch|p1a: Charlie Kirk|Slowking-Galar, M|100/100
|switch|p2a: Walking Wake|Walking Wake|100/100
|-activate|p2a: Walking Wake|ability: Protosynthesis
|-start|p2a: Walking Wake|protosynthesisspa
|
|-weather|SunnyDay|[upkeep]
|upkeep
|turn|23
|
|t:|1779856502
|-terastallize|p2a: Walking Wake|Water
|move|p2a: Walking Wake|Hydro Steam|p1a: Charlie Kirk
|-damage|p1a: Charlie Kirk|0 fnt
|faint|p1a: Charlie Kirk
|
|-weather|SunnyDay|[upkeep]
|upkeep
|
|t:|1779856507
|switch|p1a: Cabryan|Blissey, F|100/100
|turn|24
|
|t:|1779856513
|-end|p2a: Walking Wake|Protosynthesis|[silent]
|switch|p2a: Great Tusk|Great Tusk|94/100 tox
|-activate|p2a: Great Tusk|ability: Protosynthesis
|-start|p2a: Great Tusk|protosynthesisatk
|move|p1a: Cabryan|Stealth Rock|p2a: Great Tusk
|-sidestart|p2: future94|move: Stealth Rock
|
|-weather|none
|-end|p2a: Great Tusk|Protosynthesis
|-heal|p2a: Great Tusk|100/100 tox|[from] item: Leftovers
|-damage|p2a: Great Tusk|94/100 tox|[from] psn
|upkeep
|turn|25
|
|t:|1779856523
|switch|p1a: Luis Vargas|Dondozo, F|100/100
|move|p2a: Great Tusk|Rapid Spin|p1a: Luis Vargas
|-damage|p1a: Luis Vargas|92/100
|-boost|p2a: Great Tusk|spe|1
|-sideend|p2: future94|Stealth Rock|[from] move: Rapid Spin|[of] p2a: Great Tusk
|
|-heal|p2a: Great Tusk|100/100 tox|[from] item: Leftovers
|-damage|p2a: Great Tusk|88/100 tox|[from] psn
|upkeep
|turn|26
|
|t:|1779856531
|move|p2a: Great Tusk|Knock Off|p1a: Luis Vargas
|-damage|p1a: Luis Vargas|78/100
|-enditem|p1a: Luis Vargas|Heavy-Duty Boots|[from] move: Knock Off|[of] p2a: Great Tusk
|move|p1a: Luis Vargas|Waterfall|p2a: Great Tusk
|-supereffective|p2a: Great Tusk
|-damage|p2a: Great Tusk|44/100 tox
|
|-heal|p2a: Great Tusk|51/100 tox|[from] item: Leftovers
|-damage|p2a: Great Tusk|32/100 tox|[from] psn
|upkeep
|turn|27
|
|t:|1779856546
|-end|p2a: Great Tusk|Protosynthesis|[silent]
|switch|p2a: Walking Wake|Walking Wake, tera:Water|100/100
|move|p1a: Luis Vargas|Waterfall|p2a: Walking Wake
|-resisted|p2a: Walking Wake
|-crit|p2a: Walking Wake
|-damage|p2a: Walking Wake|79/100
|
|upkeep
|turn|28
|
|t:|1779856560
|switch|p1a: Cabryan|Blissey, F|100/100
|move|p2a: Walking Wake|Hydro Steam|p1a: Cabryan
|-damage|p1a: Cabryan|72/100
|
|upkeep
|turn|29
|
|t:|1779856579
|-end|p2a: Walking Wake|Protosynthesis|[silent]
|switch|p2a: Ninetales|Ninetales, M|48/100
|-weather|SunnyDay|[from] ability: Drought|[of] p2a: Ninetales
|move|p1a: Cabryan|Soft-Boiled|p1a: Cabryan
|-heal|p1a: Cabryan|100/100
|
|-weather|SunnyDay|[upkeep]
|upkeep
|turn|30
|
|t:|1779856596
|switch|p2a: Great Tusk|Great Tusk|32/100 tox
|-activate|p2a: Great Tusk|ability: Protosynthesis
|-start|p2a: Great Tusk|protosynthesisatk
|move|p1a: Cabryan|Shadow Ball|p2a: Great Tusk
|-crit|p2a: Great Tusk
|-damage|p2a: Great Tusk|0 fnt
|faint|p2a: Great Tusk
|-end|p2a: Great Tusk|Protosynthesis|[silent]
|
|-weather|SunnyDay|[upkeep]
|upkeep
|
|t:|1779856604
|switch|p2a: Cinderace|Cinderace, M|82/100
|turn|31
|
|t:|1779856610
|switch|p2a: Walking Wake|Walking Wake, tera:Water|79/100
|-activate|p2a: Walking Wake|ability: Protosynthesis
|-start|p2a: Walking Wake|protosynthesisspa
|switch|p1a: Ginecólogo Braga|Gliscor, F, tera:Dragon|100/100 tox
|
|-weather|SunnyDay|[upkeep]
|upkeep
|turn|32
|
|t:|1779856618
|switch|p1a: Cabryan|Blissey, F|100/100
|move|p2a: Walking Wake|Hydro Steam|p1a: Cabryan
|-damage|p1a: Cabryan|46/100
|
|-weather|SunnyDay|[upkeep]
|upkeep
|turn|33
|
|t:|1779856626
|switch|p1a: Gayllermo|Clefable, M|100/100
|move|p2a: Walking Wake|Hydro Steam|p1a: Gayllermo
|-damage|p1a: Gayllermo|0 fnt
|faint|p1a: Gayllermo
|
|-weather|none
|-end|p2a: Walking Wake|Protosynthesis
|upkeep
|
|t:|1779856634
|switch|p1a: Luis Vargas|Dondozo, F|78/100
|turn|34
|inactive|future94 has 120 seconds left.
|
|t:|1779856665
|-end|p2a: Walking Wake|Protosynthesis|[silent]
|switch|p2a: Cresselia|Cresselia, F|64/100 tox
|move|p1a: Luis Vargas|Waterfall|p2a: Cresselia
|-damage|p2a: Cresselia|45/100 tox
|
|-damage|p2a: Cresselia|39/100 tox|[from] psn
|upkeep
|turn|35
|
|t:|1779856673
|move|p2a: Cresselia|Moonlight|p2a: Cresselia
|-heal|p2a: Cresselia|89/100 tox
|move|p1a: Luis Vargas|Waterfall|p2a: Cresselia
|-damage|p2a: Cresselia|70/100 tox
|
|-damage|p2a: Cresselia|58/100 tox|[from] psn
|upkeep
|turn|36
|
|t:|1779856681
|move|p2a: Cresselia|Lunar Dance|p2a: Cresselia
|faint|p2a: Cresselia
|move|p1a: Luis Vargas|Waterfall|p2: Cresselia|[notarget]
|-fail|p1a: Luis Vargas
|
|upkeep
|
|t:|1779856685
|switch|p2a: Ninetales|Ninetales, M|48/100
|-heal|p2a: Ninetales|100/100|[from] move: Lunar Dance
|-weather|SunnyDay|[from] ability: Drought|[of] p2a: Ninetales
|turn|37
|inactive|Chechoide has 120 seconds left.
|
|t:|1779856720
|switch|p2a: Walking Wake|Walking Wake, tera:Water|79/100
|-activate|p2a: Walking Wake|ability: Protosynthesis
|-start|p2a: Walking Wake|protosynthesisspa
|move|p1a: Luis Vargas|Waterfall|p2a: Walking Wake
|-resisted|p2a: Walking Wake
|-damage|p2a: Walking Wake|72/100
|
|-weather|SunnyDay|[upkeep]
|upkeep
|turn|38
|inactive|Chechoide has 120 seconds left.
|
|t:|1779856732
|move|p2a: Walking Wake|Hydro Steam|p1a: Luis Vargas
|-resisted|p1a: Luis Vargas
|-damage|p1a: Luis Vargas|0 fnt
|faint|p1a: Luis Vargas
|
|-weather|SunnyDay|[upkeep]
|upkeep
|
|t:|1779856736
|switch|p1a: Cabryan|Blissey, F|46/100
|turn|39
|
|t:|1779856738
|move|p2a: Walking Wake|Hydro Steam|p1a: Cabryan
|-crit|p1a: Cabryan
|-damage|p1a: Cabryan|0 fnt
|faint|p1a: Cabryan
|
|-weather|SunnyDay|[upkeep]
|upkeep
|c|☆future94|nice stall
|
|t:|1779856753
|switch|p1a: Ginecólogo Braga|Gliscor, F, tera:Dragon|100/100 tox
|turn|40
|
|t:|1779856758
|-end|p2a: Walking Wake|Protosynthesis|[silent]
|switch|p2a: Cinderace|Cinderace, M|82/100
|move|p1a: Ginecólogo Braga|Toxic|p2a: Cinderace|[miss]
|-miss|p1a: Ginecólogo Braga|p2a: Cinderace
|
|-weather|SunnyDay|[upkeep]
|upkeep
|turn|41
|
|t:|1779856780
|move|p2a: Cinderace|Pyro Ball|p1a: Ginecólogo Braga
|-resisted|p1a: Ginecólogo Braga
|-damage|p1a: Ginecólogo Braga|78/100 tox
|move|p1a: Ginecólogo Braga|Toxic|p2a: Cinderace
|-status|p2a: Cinderace|tox
|
|-weather|none
|-damage|p2a: Cinderace|75/100 tox|[from] psn
|-heal|p1a: Ginecólogo Braga|91/100 tox|[from] ability: Poison Heal
|upkeep
|turn|42
|
|t:|1779856790
|switch|p2a: Ninetales|Ninetales, M|100/100
|-weather|SunnyDay|[from] ability: Drought|[of] p2a: Ninetales
|move|p1a: Ginecólogo Braga|Knock Off|p2a: Ninetales
|-damage|p2a: Ninetales|82/100
|
|-weather|SunnyDay|[upkeep]
|-heal|p1a: Ginecólogo Braga|100/100 tox|[from] ability: Poison Heal
|upkeep
|turn|43
|
|t:|1779856798
|switch|p2a: Blaziken|Blaziken, F|100/100
|move|p1a: Ginecólogo Braga|Toxic|p2a: Blaziken
|-status|p2a: Blaziken|tox
|
|-weather|SunnyDay|[upkeep]
|-damage|p2a: Blaziken|95/100 tox|[from] psn
|upkeep
|turn|44
|
|t:|1779856816
|move|p1a: Ginecólogo Braga|Protect|p1a: Ginecólogo Braga
|-singleturn|p1a: Ginecólogo Braga|Protect
|move|p2a: Blaziken|Swords Dance|p2a: Blaziken
|-boost|p2a: Blaziken|atk|2
|
|-weather|SunnyDay|[upkeep]
|-damage|p2a: Blaziken|83/100 tox|[from] psn
|-ability|p2a: Blaziken|Speed Boost|boost
|-boost|p2a: Blaziken|spe|1
|upkeep
|turn|45
|
|t:|1779856824
|move|p2a: Blaziken|Close Combat|p1a: Ginecólogo Braga
|-damage|p1a: Ginecólogo Braga|0 fnt
|-unboost|p2a: Blaziken|def|1
|-unboost|p2a: Blaziken|spd|1
|faint|p1a: Ginecólogo Braga
|-damage|p2a: Blaziken|73/100 tox|[from] item: Life Orb
|
|win|future94
|raw|Chechoide's rating: 1367 &rarr; <strong>1346</strong><br />(-21 for losing)
|raw|future94's rating: 1358 &rarr; <strong>1379</strong><br />(+21 for winning)
|l|☆Chechoide
|player|p1|
