|j|☆Kakimori
|j|☆Beefy_Bakes
|t:|1779848865
|gametype|singles
|player|p1|Kakimori|266|1218
|player|p2|Beefy_Bakes|ingo|1278
|gen|9
|tier|[Gen 9] OU
|rated|
|rule|HP Percentage Mod: HP is shown in percentages
|rule|Endless Battle Clause: Forcing endless battles is banned
|rule|Species Clause: Limit one of each Pokémon
|rule|OHKO Clause: OHKO moves are banned
|rule|Evasion Items Clause: Evasion items are banned
|rule|Evasion Moves Clause: Evasion moves are banned
|rule|Evasion Abilities Clause: Evasion abilities are banned
|rule|Sleep Moves Clause: Sleep-inducing moves are banned
|clearpoke
|poke|p1|Skeledirge, F|
|poke|p1|Mandibuzz, F|
|poke|p1|Gliscor, F|
|poke|p1|Milotic, F|
|poke|p1|Conkeldurr, M|
|poke|p1|Sylveon, F|
|poke|p2|Crawdaunt, M|
|poke|p2|Pelipper, M|
|poke|p2|Barraskewda, M|
|poke|p2|Lapras, F|
|poke|p2|Sandy Shocks|
|poke|p2|Ogerpon-Wellspring, F|
|teampreview
|inactive|Battle timer is ON: inactive players will automatically lose when time's up. (requested by Beefy_Bakes)
|
|t:|1779848890
|teamsize|p1|6
|teamsize|p2|6
|start
|switch|p1a: Mandibuzz|Mandibuzz, F|100/100
|switch|p2a: Pelipper|Pelipper, M|100/100
|-weather|RainDance|[from] ability: Drizzle|[of] p2a: Pelipper
|turn|1
|
|t:|1779848902
|move|p1a: Mandibuzz|Toxic|p2a: Pelipper
|-status|p2a: Pelipper|tox
|move|p2a: Pelipper|U-turn|p1a: Mandibuzz
|-damage|p1a: Mandibuzz|95/100
|-damage|p2a: Pelipper|84/100 tox|[from] item: Rocky Helmet|[of] p1a: Mandibuzz
|
|t:|1779848911
|switch|p2a: Sandy Shocks|Sandy Shocks|100/100|[from] U-turn
|-enditem|p2a: Sandy Shocks|Booster Energy
|-activate|p2a: Sandy Shocks|ability: Protosynthesis|[fromitem]
|-start|p2a: Sandy Shocks|protosynthesisspe
|
|-weather|RainDance|[upkeep]
|upkeep
|turn|2
|
|t:|1779848939
|-end|p2a: Sandy Shocks|Protosynthesis|[silent]
|switch|p2a: Pelipper|Pelipper, M|84/100 tox
|switch|p1a: Sylveon|Sylveon, F, shiny|100/100
|
|-weather|RainDance|[upkeep]
|-damage|p2a: Pelipper|78/100 tox|[from] psn
|upkeep
|turn|3
|inactive|Beefy_Bakes has 120 seconds left.
|
|t:|1779848963
|move|p1a: Sylveon|Calm Mind|p1a: Sylveon
|-boost|p1a: Sylveon|spa|1
|-boost|p1a: Sylveon|spd|1
|move|p2a: Pelipper|U-turn|p1a: Sylveon
|-resisted|p1a: Sylveon
|-damage|p1a: Sylveon|96/100
|inactive|Beefy_Bakes has 120 seconds left.
|
|t:|1779848972
|switch|p2a: Barraskewda|Barraskewda, M|100/100|[from] U-turn
|
|-weather|RainDance|[upkeep]
|-heal|p1a: Sylveon|100/100|[from] item: Leftovers
|upkeep
|turn|4
|inactive|Beefy_Bakes has 120 seconds left.
|
|t:|1779848990
|move|p2a: Barraskewda|Poison Jab|p1a: Sylveon
|-supereffective|p1a: Sylveon
|-damage|p1a: Sylveon|19/100
|move|p1a: Sylveon|Wish|p1a: Sylveon
|
|-weather|RainDance|[upkeep]
|-heal|p1a: Sylveon|25/100|[from] item: Leftovers
|upkeep
|turn|5
|inactive|Beefy_Bakes has 120 seconds left.
|
|t:|1779848999
|move|p1a: Sylveon|Protect|p1a: Sylveon
|-singleturn|p1a: Sylveon|Protect
|move|p2a: Barraskewda|Poison Jab|p1a: Sylveon
|-activate|p1a: Sylveon|move: Protect
|
|-weather|none
|-heal|p1a: Sylveon|75/100|[from] move: Wish|[wisher] Sylveon
|-heal|p1a: Sylveon|81/100|[from] item: Leftovers
|upkeep
|turn|6
|inactive|Beefy_Bakes has 120 seconds left.
|
|t:|1779849018
|switch|p1a: Mandibuzz|Mandibuzz, F|95/100
|move|p2a: Barraskewda|Poison Jab|p1a: Mandibuzz
|-damage|p1a: Mandibuzz|68/100
|-damage|p2a: Barraskewda|84/100|[from] item: Rocky Helmet|[of] p1a: Mandibuzz
|
|upkeep
|turn|7
|inactive|Beefy_Bakes has 120 seconds left.
|
|t:|1779849028
|switch|p2a: Pelipper|Pelipper, M|78/100 tox
|-weather|RainDance|[from] ability: Drizzle|[of] p2a: Pelipper
|move|p1a: Mandibuzz|Foul Play|p2a: Pelipper
|-damage|p2a: Pelipper|63/100 tox
|
|-weather|RainDance|[upkeep]
|-damage|p2a: Pelipper|57/100 tox|[from] psn
|upkeep
|turn|8
|inactive|Beefy_Bakes has 120 seconds left.
|
|t:|1779849045
|move|p1a: Mandibuzz|Roost|p1a: Mandibuzz
|-heal|p1a: Mandibuzz|100/100
|-singleturn|p1a: Mandibuzz|move: Roost
|move|p2a: Pelipper|U-turn|p1a: Mandibuzz
|-supereffective|p1a: Mandibuzz
|-damage|p1a: Mandibuzz|88/100
|-damage|p2a: Pelipper|40/100 tox|[from] item: Rocky Helmet|[of] p1a: Mandibuzz
|
|t:|1779849055
|switch|p2a: Crawdaunt|Crawdaunt, M|100/100|[from] U-turn
|
|-weather|RainDance|[upkeep]
|upkeep
|turn|9
|inactive|Beefy_Bakes has 120 seconds left.
|
|t:|1779849078
|switch|p1a: Milotic|Milotic, F|100/100
|move|p2a: Crawdaunt|Crabhammer|p1a: Milotic
|-resisted|p1a: Milotic
|-damage|p1a: Milotic|42/100
|-damage|p2a: Crawdaunt|91/100|[from] item: Life Orb
|
|-weather|RainDance|[upkeep]
|-heal|p1a: Milotic|48/100|[from] item: Leftovers
|upkeep
|turn|10
|inactive|Beefy_Bakes has 120 seconds left.
|
|t:|1779849095
|move|p1a: Milotic|Scald|p2a: Crawdaunt
|-resisted|p2a: Crawdaunt
|-damage|p2a: Crawdaunt|55/100
|-status|p2a: Crawdaunt|brn
|move|p2a: Crawdaunt|Knock Off|p1a: Milotic
|-damage|p1a: Milotic|8/100
|-enditem|p1a: Milotic|Leftovers|[from] move: Knock Off|[of] p2a: Crawdaunt
|-damage|p2a: Crawdaunt|45/100 brn|[from] item: Life Orb
|
|-weather|RainDance|[upkeep]
|-damage|p2a: Crawdaunt|39/100 brn|[from] brn
|upkeep
|turn|11
|inactive|Beefy_Bakes has 120 seconds left.
|
|t:|1779849107
|move|p2a: Crawdaunt|Aqua Jet|p1a: Milotic
|-resisted|p1a: Milotic
|-damage|p1a: Milotic|0 fnt
|faint|p1a: Milotic
|-damage|p2a: Crawdaunt|29/100 brn|[from] item: Life Orb
|
|-weather|none
|-damage|p2a: Crawdaunt|23/100 brn|[from] brn
|upkeep
|
|t:|1779849117
|switch|p1a: Sylveon|Sylveon, F, shiny|81/100
|turn|12
|
|t:|1779849125
|move|p2a: Crawdaunt|Crabhammer|p1a: Sylveon
|-damage|p1a: Sylveon|35/100
|-damage|p2a: Crawdaunt|13/100 brn|[from] item: Life Orb
|move|p1a: Sylveon|Hyper Voice|p2a: Crawdaunt
|-supereffective|p2a: Crawdaunt
|-damage|p2a: Crawdaunt|0 fnt
|faint|p2a: Crawdaunt
|
|-heal|p1a: Sylveon|41/100|[from] item: Leftovers
|upkeep
|inactive|Beefy_Bakes has 120 seconds left.
|
|t:|1779849145
|switch|p2a: Barraskewda|Barraskewda, M|84/100
|turn|13
|
|t:|1779849154
|switch|p1a: Mandibuzz|Mandibuzz, F|88/100
|move|p2a: Barraskewda|Flip Turn|p1a: Mandibuzz
|-damage|p1a: Mandibuzz|59/100
|-damage|p2a: Barraskewda|67/100|[from] item: Rocky Helmet|[of] p1a: Mandibuzz
|
|t:|1779849164
|switch|p2a: Sandy Shocks|Sandy Shocks|100/100|[from] Flip Turn
|
|upkeep
|turn|14
|
|t:|1779849172
|switch|p1a: Sylveon|Sylveon, F, shiny|41/100
|move|p2a: Sandy Shocks|Thunderbolt|p1a: Sylveon
|-crit|p1a: Sylveon
|-damage|p1a: Sylveon|0 fnt
|faint|p1a: Sylveon
|
|upkeep
|c|☆Kakimori|oof
|
|t:|1779849187
|switch|p1a: Gliscor|Gliscor, F|100/100
|turn|15
|
|t:|1779849201
|-end|p2a: Sandy Shocks|Protosynthesis|[silent]
|switch|p2a: Pelipper|Pelipper, M|40/100 tox
|-weather|RainDance|[from] ability: Drizzle|[of] p2a: Pelipper
|move|p1a: Gliscor|Stealth Rock|p2a: Pelipper
|-sidestart|p2: Beefy_Bakes|move: Stealth Rock
|
|-weather|RainDance|[upkeep]
|-damage|p2a: Pelipper|34/100 tox|[from] psn
|-status|p1a: Gliscor|tox|[from] item: Toxic Orb
|upkeep
|turn|16
|
|t:|1779849213
|move|p1a: Gliscor|Protect|p1a: Gliscor
|-singleturn|p1a: Gliscor|Protect
|move|p2a: Pelipper|Weather Ball|p1a: Gliscor
|-activate|p1a: Gliscor|move: Protect
|
|-weather|RainDance|[upkeep]
|-damage|p2a: Pelipper|21/100 tox|[from] psn
|upkeep
|turn|17
|
|t:|1779849232
|move|p1a: Gliscor|Knock Off|p2a: Pelipper
|-damage|p2a: Pelipper|4/100 tox
|-enditem|p2a: Pelipper|Heavy-Duty Boots|[from] move: Knock Off|[of] p1a: Gliscor
|move|p2a: Pelipper|U-turn|p1a: Gliscor
|-resisted|p1a: Gliscor
|-damage|p1a: Gliscor|97/100 tox
|
|t:|1779849241
|switch|p2a: Lapras|Lapras, F|100/100|[from] U-turn
|-damage|p2a: Lapras|75/100|[from] Stealth Rock
|
|-weather|RainDance|[upkeep]
|-heal|p2a: Lapras|82/100|[from] item: Leftovers
|-heal|p1a: Gliscor|100/100 tox|[from] ability: Poison Heal
|upkeep
|turn|18
|
|t:|1779849255
|switch|p1a: Skeledirge|Skeledirge, F|100/100
|move|p2a: Lapras|Whirlpool|p1a: Skeledirge
|-supereffective|p1a: Skeledirge
|-damage|p1a: Skeledirge|72/100
|-activate|p1a: Skeledirge|move: Whirlpool|[of] p2a: Lapras
|
|-weather|RainDance|[upkeep]
|-heal|p1a: Skeledirge|78/100|[from] item: Leftovers
|-heal|p2a: Lapras|88/100|[from] item: Leftovers
|-damage|p1a: Skeledirge|66/100|[from] move: Whirlpool|[partiallytrapped]
|upkeep
|turn|19
|
|t:|1779849272
|-terastallize|p1a: Skeledirge|Fairy
|move|p2a: Lapras|Protect|p2a: Lapras
|-singleturn|p2a: Lapras|Protect
|move|p1a: Skeledirge|Will-O-Wisp|p2a: Lapras
|-activate|p2a: Lapras|move: Protect
|
|-weather|none
|-heal|p1a: Skeledirge|72/100|[from] item: Leftovers
|-heal|p2a: Lapras|94/100|[from] item: Leftovers
|-damage|p1a: Skeledirge|60/100|[from] move: Whirlpool|[partiallytrapped]
|upkeep
|turn|20
|
|t:|1779849286
|switch|p2a: Pelipper|Pelipper, M|4/100 tox
|-damage|p2a: Pelipper|0 fnt|[from] Stealth Rock
|faint|p2a: Pelipper
|move|p1a: Skeledirge|Slack Off|p1a: Skeledirge
|-heal|p1a: Skeledirge|100/100
|
|-end|p1a: Skeledirge|Whirlpool|[partiallytrapped]|[silent]
|upkeep
|
|t:|1779849303
|switch|p2a: Sandy Shocks|Sandy Shocks|100/100
|-damage|p2a: Sandy Shocks|94/100|[from] Stealth Rock
|turn|21
|
|t:|1779849311
|switch|p1a: Gliscor|Gliscor, F|100/100 tox
|move|p2a: Sandy Shocks|Flash Cannon|p1a: Gliscor
|-damage|p1a: Gliscor|78/100 tox
|
|-heal|p1a: Gliscor|91/100 tox|[from] ability: Poison Heal
|upkeep
|turn|22
|
|t:|1779849339
|-end|p2a: Sandy Shocks|Protosynthesis|[silent]
|switch|p2a: Ogerpon|Ogerpon-Wellspring, F|100/100
|-damage|p2a: Ogerpon|88/100|[from] Stealth Rock
|switch|p1a: Mandibuzz|Mandibuzz, F|59/100
|
|upkeep
|turn|23
|
|t:|1779849352
|-terastallize|p2a: Ogerpon|Water
|detailschange|p2a: Ogerpon|Ogerpon-Wellspring-Tera, F, tera:Water
|-ability|p2a: Ogerpon|Embody Aspect (Wellspring)|boost
|-boost|p2a: Ogerpon|spd|1
|move|p2a: Ogerpon|Ivy Cudgel|p1a: Mandibuzz|[anim] Ivy Cudgel Water
|-damage|p1a: Mandibuzz|15/100
|move|p1a: Mandibuzz|Roost|p1a: Mandibuzz
|-heal|p1a: Mandibuzz|65/100
|-singleturn|p1a: Mandibuzz|move: Roost
|
|upkeep
|turn|24
|
|t:|1779849371
|move|p2a: Ogerpon|U-turn|p1a: Mandibuzz
|-damage|p1a: Mandibuzz|48/100
|-damage|p2a: Ogerpon|72/100|[from] item: Rocky Helmet|[of] p1a: Mandibuzz
|inactive|Beefy_Bakes has 120 seconds left.
|
|t:|1779849383
|switch|p2a: Lapras|Lapras, F|94/100|[from] U-turn
|-damage|p2a: Lapras|69/100|[from] Stealth Rock
|move|p1a: Mandibuzz|Roost|p1a: Mandibuzz
|-heal|p1a: Mandibuzz|98/100
|-singleturn|p1a: Mandibuzz|move: Roost
|
|-heal|p2a: Lapras|75/100|[from] item: Leftovers
|upkeep
|turn|25
|inactive|Beefy_Bakes has 120 seconds left.
|
|t:|1779849395
|move|p1a: Mandibuzz|Toxic|p2a: Lapras
|-status|p2a: Lapras|tox
|move|p2a: Lapras|Perish Song|p2a: Lapras
|-start|p1a: Mandibuzz|perish3|[silent]
|-start|p2a: Lapras|perish3|[silent]
|-fieldactivate|move: Perish Song
|
|-heal|p2a: Lapras|82/100 tox|[from] item: Leftovers
|-damage|p2a: Lapras|75/100 tox|[from] psn
|-start|p1a: Mandibuzz|perish3
|-start|p2a: Lapras|perish3
|upkeep
|turn|26
|inactive|Beefy_Bakes has 120 seconds left.
|
|t:|1779849407
|switch|p1a: Skeledirge|Skeledirge, F, tera:Fairy|100/100
|move|p2a: Lapras|Whirlpool|p1a: Skeledirge
|-damage|p1a: Skeledirge|90/100
|-activate|p1a: Skeledirge|move: Whirlpool|[of] p2a: Lapras
|
|-heal|p1a: Skeledirge|96/100|[from] item: Leftovers
|-heal|p2a: Lapras|82/100 tox|[from] item: Leftovers
|-damage|p2a: Lapras|69/100 tox|[from] psn
|-damage|p1a: Skeledirge|84/100|[from] move: Whirlpool|[partiallytrapped]
|-start|p2a: Lapras|perish2
|upkeep
|turn|27
|inactive|Beefy_Bakes has 120 seconds left.
|
|t:|1779849424
|move|p1a: Skeledirge|Will-O-Wisp||[still]
|-fail|p1a: Skeledirge
|move|p2a: Lapras|Perish Song|p2a: Lapras
|-start|p1a: Skeledirge|perish3|[silent]
|-fieldactivate|move: Perish Song
|
|-heal|p1a: Skeledirge|90/100|[from] item: Leftovers
|-heal|p2a: Lapras|75/100 tox|[from] item: Leftovers
|-damage|p2a: Lapras|57/100 tox|[from] psn
|-damage|p1a: Skeledirge|78/100|[from] move: Whirlpool|[partiallytrapped]
|-start|p1a: Skeledirge|perish3
|-start|p2a: Lapras|perish1
|upkeep
|turn|28
|inactive|Beefy_Bakes has 120 seconds left.
|
|t:|1779849443
|switch|p2a: Sandy Shocks|Sandy Shocks|94/100
|-damage|p2a: Sandy Shocks|88/100|[from] Stealth Rock
|move|p1a: Skeledirge|Will-O-Wisp|p2a: Sandy Shocks
|-status|p2a: Sandy Shocks|brn
|
|-heal|p1a: Skeledirge|84/100|[from] item: Leftovers
|-damage|p2a: Sandy Shocks|82/100 brn|[from] brn
|-end|p1a: Skeledirge|Whirlpool|[partiallytrapped]|[silent]
|-start|p1a: Skeledirge|perish2
|upkeep
|turn|29
|
|t:|1779849470
|switch|p1a: Gliscor|Gliscor, F|91/100 tox
|move|p2a: Sandy Shocks|Flash Cannon|p1a: Gliscor
|-damage|p1a: Gliscor|68/100 tox
|
|-heal|p1a: Gliscor|80/100 tox|[from] ability: Poison Heal
|-damage|p2a: Sandy Shocks|76/100 brn|[from] brn
|upkeep
|turn|30
|
|t:|1779849481
|-end|p2a: Sandy Shocks|Protosynthesis|[silent]
|switch|p2a: Lapras|Lapras, F|57/100 tox
|-damage|p2a: Lapras|32/100 tox|[from] Stealth Rock
|move|p1a: Gliscor|Earthquake|p2a: Lapras
|-damage|p2a: Lapras|8/100 tox
|
|-heal|p2a: Lapras|15/100 tox|[from] item: Leftovers
|-heal|p1a: Gliscor|93/100 tox|[from] ability: Poison Heal
|-damage|p2a: Lapras|8/100 tox|[from] psn
|upkeep
|turn|31
|
|t:|1779849496
|move|p1a: Gliscor|Earthquake|p2a: Lapras
|-damage|p2a: Lapras|0 fnt
|faint|p2a: Lapras
|
|-heal|p1a: Gliscor|100/100 tox|[from] ability: Poison Heal
|upkeep
|inactive|Beefy_Bakes has 90 seconds left.
|
|t:|1779849508
|switch|p2a: Barraskewda|Barraskewda, M|67/100
|-damage|p2a: Barraskewda|55/100|[from] Stealth Rock
|turn|32
|
|t:|1779849514
|switch|p1a: Mandibuzz|Mandibuzz, F|98/100
|move|p2a: Barraskewda|Liquidation|p1a: Mandibuzz
|-damage|p1a: Mandibuzz|56/100
|-damage|p2a: Barraskewda|38/100|[from] item: Rocky Helmet|[of] p1a: Mandibuzz
|
|upkeep
|turn|33
|
|t:|1779849525
|move|p2a: Barraskewda|Liquidation|p1a: Mandibuzz
|-damage|p1a: Mandibuzz|18/100
|-damage|p2a: Barraskewda|21/100|[from] item: Rocky Helmet|[of] p1a: Mandibuzz
|move|p1a: Mandibuzz|Roost|p1a: Mandibuzz
|-heal|p1a: Mandibuzz|68/100
|-singleturn|p1a: Mandibuzz|move: Roost
|
|upkeep
|turn|34
|
|t:|1779849533
|move|p2a: Barraskewda|Liquidation|p1a: Mandibuzz
|-damage|p1a: Mandibuzz|27/100
|-damage|p2a: Barraskewda|5/100|[from] item: Rocky Helmet|[of] p1a: Mandibuzz
|move|p1a: Mandibuzz|Roost|p1a: Mandibuzz
|-heal|p1a: Mandibuzz|77/100
|-singleturn|p1a: Mandibuzz|move: Roost
|
|upkeep
|turn|35
|
|t:|1779849542
|move|p2a: Barraskewda|Liquidation|p1a: Mandibuzz
|-damage|p1a: Mandibuzz|33/100
|-unboost|p1a: Mandibuzz|def|1
|-damage|p2a: Barraskewda|0 fnt|[from] item: Rocky Helmet|[of] p1a: Mandibuzz
|faint|p2a: Barraskewda
|move|p1a: Mandibuzz|Roost|p1a: Mandibuzz
|-heal|p1a: Mandibuzz|83/100
|-singleturn|p1a: Mandibuzz|move: Roost
|
|upkeep
|
|t:|1779849552
|switch|p2a: Ogerpon|Ogerpon-Wellspring-Tera, F, tera:Water|72/100
|-damage|p2a: Ogerpon|59/100|[from] Stealth Rock
|-ability|p2a: Ogerpon|Embody Aspect (Wellspring)|boost
|-boost|p2a: Ogerpon|spd|1
|turn|36
|
|t:|1779849563
|move|p2a: Ogerpon|Ivy Cudgel|p1a: Mandibuzz|[anim] Ivy Cudgel Water
|-damage|p1a: Mandibuzz|17/100
|move|p1a: Mandibuzz|Foul Play|p2a: Ogerpon
|-damage|p2a: Ogerpon|0 fnt
|faint|p2a: Ogerpon
|detailschange|p2: Ogerpon|Ogerpon-Wellspring, F|[silent]
|
|upkeep
|-message|Beefy_Bakes forfeited.
|
|win|Kakimori
|raw|Kakimori's rating: 1218 &rarr; <strong>1247</strong><br />(+29 for winning)
|raw|Beefy_Bakes's rating: 1278 &rarr; <strong>1249</strong><br />(-29 for losing)
|l|☆Beefy_Bakes
|player|p2|
