|j|☆bowgod27
|j|☆ZeeVeeAy
|t:|1779913796
|gametype|singles
|player|p1|bowgod27|wallace|1385
|player|p2|ZeeVeeAy|daisy|1493
|gen|9
|tier|[Gen 9] OU
|rated|
|rule|HP Percentage Mod: HP is shown in percentages
|rule|Endless Battle Clause: Forcing endless battles is banned
|rule|Species Clause: Limit one of each Pokémon
|rule|OHKO Clause: OHKO moves are banned
|rule|Evasion Items Clause: Evasion items are banned
|rule|Evasion Moves Clause: Evasion moves are banned
|rule|Evasion Abilities Clause: Evasion abilities are banned
|rule|Sleep Moves Clause: Sleep-inducing moves are banned
|clearpoke
|poke|p1|Walking Wake|
|poke|p1|Great Tusk|
|poke|p1|Ninetales, M|
|poke|p1|Cresselia, F|
|poke|p1|Zarude|
|poke|p1|Ceruledge, M|
|poke|p2|Dragapult, M|
|poke|p2|Gliscor, M|
|poke|p2|Kyurem|
|poke|p2|Ogerpon-Wellspring, F|
|poke|p2|Hatterene, F|
|poke|p2|Kingambit, M|
|teampreview
|inactive|Battle timer is ON: inactive players will automatically lose when time's up. (requested by ZeeVeeAy)
|inactive|bowgod27 has 120 seconds left.
|
|t:|1779913832
|teamsize|p1|6
|teamsize|p2|6
|start
|switch|p1a: Ninetales|Ninetales, M|100/100
|switch|p2a: Kyurem|Kyurem|100/100
|-weather|SunnyDay|[from] ability: Drought|[of] p1a: Ninetales
|-ability|p2a: Kyurem|Pressure
|turn|1
|
|t:|1779913840
|move|p1a: Ninetales|Overheat|p2a: Kyurem|[miss]
|-miss|p1a: Ninetales|p2a: Kyurem
|move|p2a: Kyurem|Earth Power|p1a: Ninetales
|-supereffective|p1a: Ninetales
|-damage|p1a: Ninetales|35/100
|
|-weather|SunnyDay|[upkeep]
|upkeep
|turn|2
|
|t:|1779913859
|switch|p1a: Cresselia|Cresselia, F|100/100
|switch|p2a: Gliscor|Gliscor, M|100/100
|
|-weather|SunnyDay|[upkeep]
|-status|p2a: Gliscor|tox|[from] item: Toxic Orb
|upkeep
|turn|3
|
|t:|1779913869
|switch|p1a: Zarude|Zarude|100/100
|move|p2a: Gliscor|Toxic|p1a: Zarude
|-immune|p1a: Zarude|[from] ability: Leaf Guard
|
|-weather|SunnyDay|[upkeep]
|upkeep
|turn|4
|
|t:|1779913879
|move|p2a: Gliscor|Protect|p2a: Gliscor
|-singleturn|p2a: Gliscor|Protect
|move|p1a: Zarude|Swords Dance|p1a: Zarude
|-boost|p1a: Zarude|atk|2
|
|-weather|SunnyDay|[upkeep]
|upkeep
|turn|5
|
|t:|1779913891
|move|p1a: Zarude|Power Whip|p2a: Gliscor
|-damage|p2a: Gliscor|6/100 tox
|move|p2a: Gliscor|Stealth Rock|p1a: Zarude
|-sidestart|p1: bowgod27|move: Stealth Rock
|
|-weather|SunnyDay|[upkeep]
|-heal|p2a: Gliscor|19/100 tox|[from] ability: Poison Heal
|upkeep
|turn|6
|
|t:|1779913902
|move|p1a: Zarude|Knock Off|p2a: Gliscor
|-damage|p2a: Gliscor|0 fnt
|-enditem|p2a: Gliscor|Toxic Orb|[from] move: Knock Off|[of] p1a: Zarude
|faint|p2a: Gliscor
|
|-weather|SunnyDay|[upkeep]
|upkeep
|
|t:|1779913904
|switch|p2a: Dragapult|Dragapult, M|100/100
|turn|7
|
|t:|1779913916
|-terastallize|p1a: Zarude|Poison
|move|p2a: Dragapult|U-turn|p1a: Zarude
|-resisted|p1a: Zarude
|-damage|p1a: Zarude|92/100
|
|t:|1779913922
|switch|p2a: Ogerpon|Ogerpon-Wellspring, F|100/100|[from] U-turn
|move|p1a: Zarude|Knock Off|p2a: Ogerpon
|-damage|p2a: Ogerpon|10/100
|
|-weather|SunnyDay|[upkeep]
|-heal|p1a: Zarude|98/100|[from] item: Leftovers
|upkeep
|turn|8
|
|t:|1779913938
|move|p2a: Ogerpon|Spikes|p1a: Zarude
|-sidestart|p1: bowgod27|Spikes
|move|p1a: Zarude|Knock Off|p2a: Ogerpon
|-damage|p2a: Ogerpon|0 fnt
|faint|p2a: Ogerpon
|
|-weather|none
|-heal|p1a: Zarude|100/100|[from] item: Leftovers
|upkeep
|
|t:|1779913948
|switch|p2a: Dragapult|Dragapult, M|100/100
|turn|9
|
|t:|1779913954
|move|p2a: Dragapult|Will-O-Wisp|p1a: Zarude
|-status|p1a: Zarude|brn
|move|p1a: Zarude|Knock Off|p2a: Dragapult
|-supereffective|p2a: Dragapult
|-damage|p2a: Dragapult|0 fnt
|-enditem|p2a: Dragapult|Heavy-Duty Boots|[from] move: Knock Off|[of] p1a: Zarude
|faint|p2a: Dragapult
|
|-damage|p1a: Zarude|94/100 brn|[from] brn
|upkeep
|
|t:|1779913960
|switch|p2a: Kyurem|Kyurem|100/100
|-ability|p2a: Kyurem|Pressure
|turn|10
|
|t:|1779913966
|move|p1a: Zarude|Knock Off|p2a: Kyurem
|-damage|p2a: Kyurem|58/100
|-enditem|p2a: Kyurem|Heavy-Duty Boots|[from] move: Knock Off|[of] p1a: Zarude
|move|p2a: Kyurem|Roar|p1a: Zarude
|drag|p1a: Great Tusk|Great Tusk|100/100
|-damage|p1a: Great Tusk|97/100|[from] Stealth Rock
|-damage|p1a: Great Tusk|85/100|[from] Spikes
|
|upkeep
|turn|11
|
|t:|1779913984
|-end|p1a: Great Tusk|Protosynthesis|[silent]
|switch|p1a: Ninetales|Ninetales, M|35/100
|-damage|p1a: Ninetales|10/100|[from] Stealth Rock
|-damage|p1a: Ninetales|0 fnt|[from] Spikes
|faint|p1a: Ninetales
|move|p2a: Kyurem|Ice Beam|p1: Ninetales|[notarget]
|-fail|p2a: Kyurem
|
|upkeep
|
|t:|1779914002
|switch|p1a: Walking Wake|Walking Wake|100/100
|-damage|p1a: Walking Wake|88/100|[from] Stealth Rock
|-damage|p1a: Walking Wake|76/100|[from] Spikes
|turn|12
|inactive|bowgod27 has 120 seconds left.
|
|t:|1779914021
|-end|p1a: Walking Wake|Protosynthesis|[silent]
|switch|p1a: Cresselia|Cresselia, F|100/100
|-damage|p1a: Cresselia|88/100|[from] Stealth Rock
|move|p2a: Kyurem|Freeze-Dry|p1a: Cresselia
|-damage|p1a: Cresselia|67/100
|-enditem|p1a: Cresselia|Eject Button
|inactive|bowgod27 has 120 seconds left.
|
|t:|1779914030
|switch|p1a: Walking Wake|Walking Wake|76/100
|-damage|p1a: Walking Wake|64/100|[from] Stealth Rock
|-damage|p1a: Walking Wake|51/100|[from] Spikes
|
|upkeep
|turn|13
|
|t:|1779914034
|switch|p2a: Hatterene|Hatterene, F|100/100
|move|p1a: Walking Wake|Draco Meteor|p2a: Hatterene
|-immune|p2a: Hatterene
|
|upkeep
|turn|14
|inactive|bowgod27 has 120 seconds left.
|
|t:|1779914067
|move|p1a: Walking Wake|Hydro Steam|p2a: Hatterene
|-damage|p2a: Hatterene|75/100
|move|p2a: Hatterene|Psyshock|p1a: Walking Wake
|-damage|p1a: Walking Wake|4/100
|
|upkeep
|turn|15
|inactive|bowgod27 has 90 seconds left.
|
|t:|1779914116
|move|p1a: Walking Wake|Hydro Steam|p2a: Hatterene
|-damage|p2a: Hatterene|45/100
|move|p2a: Hatterene|Psychic Noise|p1a: Walking Wake
|-damage|p1a: Walking Wake|0 fnt
|faint|p1a: Walking Wake
|-end|p1a: Walking Wake|Protosynthesis|[silent]
|
|upkeep
|
|t:|1779914128
|switch|p1a: Great Tusk|Great Tusk|85/100
|-damage|p1a: Great Tusk|82/100|[from] Stealth Rock
|-damage|p1a: Great Tusk|69/100|[from] Spikes
|turn|16
|
|t:|1779914131
|move|p1a: Great Tusk|Headlong Rush|p2a: Hatterene
|-damage|p2a: Hatterene|0 fnt
|-unboost|p1a: Great Tusk|def|1
|-unboost|p1a: Great Tusk|spd|1
|faint|p2a: Hatterene
|
|upkeep
|
|t:|1779914135
|switch|p2a: Kyurem|Kyurem|58/100
|-ability|p2a: Kyurem|Pressure
|turn|17
|inactive|bowgod27 has 90 seconds left.
|c|☆ZeeVeeAy|He's slower btw
|c|☆ZeeVeeAy|just hit him
|inactive|bowgod27 has 60 seconds left.
|inactive|bowgod27 has 30 seconds left.
|
|t:|1779914203
|-end|p1a: Great Tusk|Protosynthesis|[silent]
|switch|p1a: Ceruledge|Ceruledge, M|100/100
|-damage|p1a: Ceruledge|76/100|[from] Stealth Rock
|-damage|p1a: Ceruledge|63/100|[from] Spikes
|move|p2a: Kyurem|Ice Beam|p1a: Ceruledge
|-resisted|p1a: Ceruledge
|-damage|p1a: Ceruledge|34/100
|
|upkeep
|turn|18
|
|t:|1779914209
|move|p1a: Ceruledge|Bitter Blade|p2a: Kyurem
|-damage|p2a: Kyurem|14/100
|-heal|p1a: Ceruledge|68/100|[from] drain|[of] p2a: Kyurem
|move|p2a: Kyurem|Earth Power|p1a: Ceruledge
|-supereffective|p1a: Ceruledge
|-damage|p1a: Ceruledge|0 fnt
|faint|p1a: Ceruledge
|
|upkeep
|inactive|bowgod27 has 30 seconds left.
|inactive|bowgod27 has 20 seconds left.
|inactive|bowgod27 has 15 seconds left.
|inactive|bowgod27 has 10 seconds left.
|
|t:|1779914240
|switch|p1a: Cresselia|Cresselia, F|67/100
|-damage|p1a: Cresselia|55/100|[from] Stealth Rock
|turn|19
|inactive|bowgod27 has 20 seconds left this turn.
|
|t:|1779914245
|move|p2a: Kyurem|Ice Beam|p1a: Cresselia
|-damage|p1a: Cresselia|25/100
|move|p1a: Cresselia|Moonlight|p1a: Cresselia
|-heal|p1a: Cresselia|75/100
|
|upkeep
|turn|20
|inactive|bowgod27 has 30 seconds left this turn.
|inactive|bowgod27 has 20 seconds left.
|inactive|bowgod27 has 15 seconds left.
|inactive|bowgod27 has 10 seconds left.
|
|t:|1779914267
|move|p2a: Kyurem|Ice Beam|p1a: Cresselia
|-damage|p1a: Cresselia|47/100
|move|p1a: Cresselia|Psychic|p2a: Kyurem
|-damage|p2a: Kyurem|0 fnt
|faint|p2a: Kyurem
|
|upkeep
|
|t:|1779914270
|switch|p2a: Kingambit|Kingambit, M, shiny|100/100
|-activate|p2a: Kingambit|ability: Supreme Overlord
|-start|p2a: Kingambit|fallen5|[silent]
|turn|21
|inactive|bowgod27 has 25 seconds left this turn.
|inactive|bowgod27 has 20 seconds left.
|inactive|bowgod27 has 15 seconds left.
|
|t:|1779914283
|move|p1a: Cresselia|Thunder Wave|p2a: Kingambit
|-status|p2a: Kingambit|par
|cant|p2a: Kingambit|par
|
|upkeep
|turn|22
|inactive|bowgod27 has 25 seconds left this turn.
|inactive|bowgod27 has 20 seconds left.
|inactive|bowgod27 has 15 seconds left.
|inactive|bowgod27 has 10 seconds left.
|
|t:|1779914299
|move|p1a: Cresselia|Lunar Dance|p1a: Cresselia
|faint|p1a: Cresselia
|move|p2a: Kingambit|Swords Dance|p2a: Kingambit
|-boost|p2a: Kingambit|atk|2
|
|upkeep
|inactive|bowgod27 has 15 seconds left this turn.
|
|t:|1779914302
|switch|p1a: Great Tusk|Great Tusk|69/100
|-heal|p1a: Great Tusk|100/100|[from] move: Lunar Dance
|-damage|p1a: Great Tusk|97/100|[from] Stealth Rock
|-damage|p1a: Great Tusk|85/100|[from] Spikes
|turn|23
|inactive|bowgod27 has 25 seconds left this turn.
|inactive|bowgod27 has 20 seconds left.
|inactive|bowgod27 has 15 seconds left.
|inactive|bowgod27 has 10 seconds left.
|
|t:|1779914319
|move|p1a: Great Tusk|Headlong Rush|p2a: Kingambit
|-supereffective|p2a: Kingambit
|-damage|p2a: Kingambit|1/100 par
|-unboost|p1a: Great Tusk|def|1
|-unboost|p1a: Great Tusk|spd|1
|move|p2a: Kingambit|Iron Head|p1a: Great Tusk
|-damage|p1a: Great Tusk|0 fnt
|faint|p1a: Great Tusk
|-end|p1a: Great Tusk|Protosynthesis|[silent]
|
|-heal|p2a: Kingambit|7/100 par|[from] item: Leftovers
|upkeep
|inactive|bowgod27 has 15 seconds left this turn.
|inactive|bowgod27 has 10 seconds left.
|
|t:|1779914328
|switch|p1a: Zarude|Zarude, tera:Poison|94/100 brn
|-damage|p1a: Zarude|82/100 brn|[from] Stealth Rock
|-damage|p1a: Zarude|70/100 brn|[from] Spikes
|turn|24
|inactive|bowgod27 has 20 seconds left this turn.
|inactive|bowgod27 has 15 seconds left.
|inactive|bowgod27 has 10 seconds left.
|
|t:|1779914342
|move|p2a: Kingambit|Sucker Punch||[still]
|-fail|p2a: Kingambit
|move|p1a: Zarude|Synthesis|p1a: Zarude
|-heal|p1a: Zarude|100/100 brn
|
|-heal|p2a: Kingambit|13/100 par|[from] item: Leftovers
|-damage|p1a: Zarude|94/100 brn|[from] brn
|upkeep
|turn|25
|inactive|bowgod27 has 20 seconds left this turn.
|inactive|bowgod27 has 15 seconds left.
|
|t:|1779914350
|move|p2a: Kingambit|Sucker Punch|p1a: Zarude
|-damage|p1a: Zarude|0 fnt
|faint|p1a: Zarude
|
|win|ZeeVeeAy
|raw|bowgod27's rating: 1385 &rarr; <strong>1371</strong><br />(-14 for losing)
|raw|ZeeVeeAy's rating: 1493 &rarr; <strong>1507</strong><br />(+14 for winning)
