|j|☆csasasdasdas
|j|☆Big 3 Treelyfejay
|t:|1779855132
|gametype|singles
|player|p1|csasasdasdas|170|1403
|player|p2|Big 3 Treelyfejay|170|1354
|gen|9
|tier|[Gen 9] OU
|rated|
|rule|HP Percentage Mod: HP is shown in percentages
|rule|Endless Battle Clause: Forcing endless battles is banned
|rule|Species Clause: Limit one of each Pokémon
|rule|OHKO Clause: OHKO moves are banned
|rule|Evasion Items Clause: Evasion items are banned
|rule|Evasion Moves Clause: Evasion moves are banned
|rule|Evasion Abilities Clause: Evasion abilities are banned
|rule|Sleep Moves Clause: Sleep-inducing moves are banned
|clearpoke
|poke|p1|Landorus-Therian, M|
|poke|p1|Raging Bolt|
|poke|p1|Iron Crown|
|poke|p1|Iron Valiant|
|poke|p1|Ogerpon-Wellspring, F|
|poke|p1|Deoxys-Speed|
|poke|p2|Armarouge, M|
|poke|p2|Torkoal, F|
|poke|p2|Great Tusk|
|poke|p2|Raging Bolt|
|poke|p2|Enamorus, F|
|poke|p2|Kingambit, F|
|teampreview
|inactive|Battle timer is ON: inactive players will automatically lose when time's up. (requested by csasasdasdas)
|inactive|Big 3 Treelyfejay has 120 seconds left.
|
|t:|1779855176
|teamsize|p1|6
|teamsize|p2|6
|start
|switch|p1a: Ogerpon|Ogerpon-Wellspring, F|100/100
|switch|p2a: Enamorus|Enamorus, F|100/100
|turn|1
|inactive|csasasdasdas has 120 seconds left.
|inactive|Big 3 Treelyfejay has 120 seconds left.
|
|t:|1779855219
|move|p2a: Enamorus|Moonblast|p1a: Ogerpon
|-damage|p1a: Ogerpon|39/100
|-unboost|p1a: Ogerpon|spa|1
|move|p1a: Ogerpon|Ivy Cudgel|p2a: Enamorus|[anim] Ivy Cudgel Water
|-damage|p2a: Enamorus|3/100
|
|upkeep
|turn|2
|
|t:|1779855227
|switch|p1a: Iron Crown|Iron Crown|100/100
|-enditem|p1a: Iron Crown|Booster Energy
|-activate|p1a: Iron Crown|ability: Quark Drive|[fromitem]
|-start|p1a: Iron Crown|quarkdrivespe
|move|p2a: Enamorus|Moonblast|p1a: Iron Crown
|-resisted|p1a: Iron Crown
|-damage|p1a: Iron Crown|76/100
|-unboost|p1a: Iron Crown|spa|1
|
|upkeep
|turn|3
|
|t:|1779855233
|switch|p2a: Torkoal|Torkoal, F|100/100
|-weather|SunnyDay|[from] ability: Drought|[of] p2a: Torkoal
|move|p1a: Iron Crown|Future Sight|p2a: Torkoal
|-start|p1a: Iron Crown|move: Future Sight
|
|-weather|SunnyDay|[upkeep]
|upkeep
|turn|4
|
|t:|1779855250
|move|p1a: Iron Crown|Focus Blast|p2a: Torkoal
|-damage|p2a: Torkoal|77/100
|move|p2a: Torkoal|Stealth Rock|p1a: Iron Crown
|-sidestart|p1: csasasdasdas|move: Stealth Rock
|
|-weather|SunnyDay|[upkeep]
|upkeep
|turn|5
|
|t:|1779855270
|move|p1a: Iron Crown|Focus Blast|p2a: Torkoal
|-damage|p2a: Torkoal|53/100
|move|p2a: Torkoal|Lava Plume|p1a: Iron Crown
|-supereffective|p1a: Iron Crown
|-damage|p1a: Iron Crown|2/100
|
|-weather|SunnyDay|[upkeep]
|-end|p2a: Torkoal|move: Future Sight
|-crit|p2a: Torkoal
|-damage|p2a: Torkoal|0 fnt
|faint|p2a: Torkoal
|upkeep
|inactive|Big 3 Treelyfejay has 120 seconds left.
|
|t:|1779855288
|switch|p2a: Enamorus|Enamorus, F|3/100
|turn|6
|
|t:|1779855292
|move|p2a: Enamorus|Moonblast|p1a: Iron Crown
|-resisted|p1a: Iron Crown
|-damage|p1a: Iron Crown|0 fnt
|faint|p1a: Iron Crown
|-end|p1a: Iron Crown|Quark Drive|[silent]
|
|-weather|SunnyDay|[upkeep]
|upkeep
|
|t:|1779855303
|switch|p1a: Raging Bolt|Raging Bolt|100/100
|-damage|p1a: Raging Bolt|88/100|[from] Stealth Rock
|-activate|p1a: Raging Bolt|ability: Protosynthesis
|-start|p1a: Raging Bolt|protosynthesisspa
|turn|7
|inactive|Big 3 Treelyfejay has 120 seconds left.
|
|t:|1779855328
|switch|p2a: Raging Bolt|Raging Bolt|100/100
|-activate|p2a: Raging Bolt|ability: Protosynthesis
|-start|p2a: Raging Bolt|protosynthesisspa
|move|p1a: Raging Bolt|Thunderclap||[still]
|-fail|p1a: Raging Bolt
|
|-weather|SunnyDay|[upkeep]
|upkeep
|turn|8
|inactive|Big 3 Treelyfejay has 120 seconds left.
|
|t:|1779855339
|-end|p2a: Raging Bolt|Protosynthesis|[silent]
|switch|p2a: Enamorus|Enamorus, F|3/100
|move|p1a: Raging Bolt|Dragon Pulse|p2a: Enamorus
|-immune|p2a: Enamorus
|
|-weather|SunnyDay|[upkeep]
|upkeep
|turn|9
|inactive|Big 3 Treelyfejay has 120 seconds left.
|
|t:|1779855348
|move|p1a: Raging Bolt|Thunderclap||[still]
|-fail|p1a: Raging Bolt
|move|p2a: Enamorus|Healing Wish|p2a: Enamorus
|faint|p2a: Enamorus
|
|-weather|SunnyDay|[upkeep]
|upkeep
|inactive|Big 3 Treelyfejay has 120 seconds left.
|
|t:|1779855358
|switch|p2a: Great Tusk|Great Tusk|100/100
|-activate|p2a: Great Tusk|ability: Protosynthesis
|-start|p2a: Great Tusk|protosynthesisspe
|turn|10
|
|t:|1779855363
|-end|p1a: Raging Bolt|Protosynthesis|[silent]
|switch|p1a: Landorus|Landorus-Therian, M|100/100
|-damage|p1a: Landorus|88/100|[from] Stealth Rock
|-ability|p1a: Landorus|Intimidate|boost
|-unboost|p2a: Great Tusk|atk|1
|move|p2a: Great Tusk|Bulk Up|p2a: Great Tusk
|-boost|p2a: Great Tusk|atk|1
|-boost|p2a: Great Tusk|def|1
|
|-weather|none
|-end|p2a: Great Tusk|Protosynthesis
|upkeep
|turn|11
|
|t:|1779855369
|move|p1a: Landorus|Scorching Sands|p2a: Great Tusk
|-damage|p2a: Great Tusk|67/100
|move|p2a: Great Tusk|Bulk Up|p2a: Great Tusk
|-boost|p2a: Great Tusk|atk|1
|-boost|p2a: Great Tusk|def|1
|
|upkeep
|turn|12
|
|t:|1779855372
|move|p1a: Landorus|Scorching Sands|p2a: Great Tusk
|-damage|p2a: Great Tusk|31/100
|-status|p2a: Great Tusk|brn
|move|p2a: Great Tusk|Ice Spinner|p1a: Landorus
|-supereffective|p1a: Landorus
|-damage|p1a: Landorus|17/100
|-damage|p2a: Great Tusk|15/100 brn|[from] item: Rocky Helmet|[of] p1a: Landorus
|
|-damage|p2a: Great Tusk|8/100 brn|[from] brn
|upkeep
|turn|13
|
|t:|1779855378
|move|p1a: Landorus|Scorching Sands|p2a: Great Tusk
|-damage|p2a: Great Tusk|0 fnt
|faint|p2a: Great Tusk
|-end|p2a: Great Tusk|Protosynthesis|[silent]
|
|upkeep
|
|t:|1779855383
|switch|p2a: Kingambit|Kingambit, F|100/100
|-activate|p2a: Kingambit|ability: Supreme Overlord
|-start|p2a: Kingambit|fallen3|[silent]
|turn|14
|
|t:|1779855388
|move|p2a: Kingambit|Sucker Punch||[still]
|-fail|p2a: Kingambit
|move|p1a: Landorus|Taunt|p2a: Kingambit
|-start|p2a: Kingambit|move: Taunt
|
|upkeep
|turn|15
|
|t:|1779855396
|move|p1a: Landorus|Stealth Rock|p2a: Kingambit
|-sidestart|p2: Big 3 Treelyfejay|move: Stealth Rock
|move|p2a: Kingambit|Iron Head|p1a: Landorus
|-damage|p1a: Landorus|0 fnt
|-damage|p2a: Kingambit|84/100|[from] item: Rocky Helmet|[of] p1a: Landorus
|faint|p1a: Landorus
|-damage|p2a: Kingambit|74/100|[from] item: Life Orb
|
|upkeep
|
|t:|1779855404
|switch|p1a: Iron Valiant|Iron Valiant|100/100
|-damage|p1a: Iron Valiant|94/100|[from] Stealth Rock
|-enditem|p1a: Iron Valiant|Booster Energy
|-activate|p1a: Iron Valiant|ability: Quark Drive|[fromitem]
|-start|p1a: Iron Valiant|quarkdrivespe
|turn|16
|
|t:|1779855410
|-terastallize|p2a: Kingambit|Ghost
|move|p1a: Iron Valiant|Vacuum Wave|p2a: Kingambit
|-immune|p2a: Kingambit
|move|p2a: Kingambit|Iron Head|p1a: Iron Valiant
|-supereffective|p1a: Iron Valiant
|-damage|p1a: Iron Valiant|0 fnt
|faint|p1a: Iron Valiant
|-end|p1a: Iron Valiant|Quark Drive|[silent]
|-damage|p2a: Kingambit|64/100|[from] item: Life Orb
|
|upkeep
|
|t:|1779855418
|switch|p1a: Deoxys|Deoxys-Speed|100/100
|-damage|p1a: Deoxys|88/100|[from] Stealth Rock
|-ability|p1a: Deoxys|Pressure
|turn|17
|
|t:|1779855421
|switch|p1a: Ogerpon|Ogerpon-Wellspring, F|39/100
|-damage|p1a: Ogerpon|27/100|[from] Stealth Rock
|move|p2a: Kingambit|Sucker Punch||[still]
|-fail|p2a: Kingambit
|
|-end|p2a: Kingambit|move: Taunt
|upkeep
|turn|18
|
|t:|1779855425
|move|p2a: Kingambit|Sucker Punch||[still]
|-fail|p2a: Kingambit
|move|p1a: Ogerpon|Encore|p2a: Kingambit
|-start|p2a: Kingambit|Encore
|
|upkeep
|turn|19
|
|t:|1779855429
|-end|p2a: Kingambit|fallen3|[silent]
|switch|p2a: Raging Bolt|Raging Bolt|100/100
|move|p1a: Ogerpon|Swords Dance|p1a: Ogerpon
|-boost|p1a: Ogerpon|atk|2
|
|upkeep
|turn|20
|
|t:|1779855434
|move|p1a: Ogerpon|Play Rough|p2a: Raging Bolt
|-supereffective|p2a: Raging Bolt
|-damage|p2a: Raging Bolt|0 fnt
|faint|p2a: Raging Bolt
|-end|p2a: Raging Bolt|Protosynthesis|[silent]
|
|upkeep
|
|t:|1779855438
|switch|p2a: Kingambit|Kingambit, F, tera:Ghost|64/100
|-heal|p2a: Kingambit|100/100|[from] move: Healing Wish
|-damage|p2a: Kingambit|88/100|[from] Stealth Rock
|-activate|p2a: Kingambit|ability: Supreme Overlord
|-start|p2a: Kingambit|fallen4|[silent]
|turn|21
|
|t:|1779855445
|move|p1a: Ogerpon|Ivy Cudgel|p2a: Kingambit|[anim] Ivy Cudgel Water
|-damage|p2a: Kingambit|0 fnt
|faint|p2a: Kingambit
|-end|p2a: Kingambit|fallen4|[silent]
|
|upkeep
|-message|Big 3 Treelyfejay forfeited.
|
|win|csasasdasdas
|raw|csasasdasdas's rating: 1403 &rarr; <strong>1420</strong><br />(+17 for winning)
|raw|Big 3 Treelyfejay's rating: 1354 &rarr; <strong>1337</strong><br />(-17 for losing)
|l|☆Big 3 Treelyfejay
|player|p2|
|l|☆csasasdasdas
|player|p1|
