|j|☆pineapplefred1
|j|☆Nezus
|t:|1779950586
|gametype|singles
|player|p1|pineapplefred1|red|1384
|player|p2|Nezus|bruno|1284
|gen|9
|tier|[Gen 9] OU
|rated|
|rule|HP Percentage Mod: HP is shown in percentages
|rule|Endless Battle Clause: Forcing endless battles is banned
|rule|Species Clause: Limit one of each Pokémon
|rule|OHKO Clause: OHKO moves are banned
|rule|Evasion Items Clause: Evasion items are banned
|rule|Evasion Moves Clause: Evasion moves are banned
|rule|Evasion Abilities Clause: Evasion abilities are banned
|rule|Sleep Moves Clause: Sleep-inducing moves are banned
|clearpoke
|poke|p1|Kingambit, F|
|poke|p1|Cinderace, F|
|poke|p1|Landorus-Therian, M|
|poke|p1|Iron Valiant|
|poke|p1|Kyurem|
|poke|p1|Slowking-Galar, M|
|poke|p2|Hatterene, F|
|poke|p2|Great Tusk|
|poke|p2|Tornadus-Therian, M|
|poke|p2|Kyurem|
|poke|p2|Slowking-Galar, F|
|poke|p2|Kingambit, F|
|teampreview
|inactive|Battle timer is ON: inactive players will automatically lose when time's up. (requested by pineapplefred1)
|
|t:|1779950619
|teamsize|p1|6
|teamsize|p2|6
|start
|switch|p1a: Kyurem|Kyurem|100/100
|switch|p2a: Hatterene|Hatterene, F|100/100
|-ability|p1a: Kyurem|Pressure
|turn|1
|
|t:|1779950639
|switch|p1a: Slowking|Slowking-Galar, M, shiny|100/100
|move|p2a: Hatterene|Draining Kiss|p1a: Slowking
|-resisted|p1a: Slowking
|-damage|p1a: Slowking|94/100
|
|upkeep
|turn|2
|
|t:|1779950662
|move|p2a: Hatterene|Nuzzle|p1a: Slowking
|-damage|p1a: Slowking|90/100
|-status|p1a: Slowking|par
|cant|p1a: Slowking|par
|
|upkeep
|turn|3
|
|t:|1779950681
|switch|p2a: Tornadus|Tornadus-Therian, M|100/100
|move|p1a: Slowking|Sludge Bomb|p2a: Tornadus
|-damage|p2a: Tornadus|77/100
|
|upkeep
|turn|4
|
|t:|1779950694
|move|p2a: Tornadus|Knock Off|p1a: Slowking
|-supereffective|p1a: Slowking
|-damage|p1a: Slowking|51/100 par
|-enditem|p1a: Slowking|Heavy-Duty Boots|[from] move: Knock Off|[of] p2a: Tornadus
|-prepare|p1a: Slowking|Chilly Reception|[premajor]
|cant|p1a: Slowking|par
|
|upkeep
|turn|5
|
|t:|1779950716
|move|p2a: Tornadus|Bleakwind Storm|p1a: Slowking
|-damage|p1a: Slowking|29/100 par
|move|p1a: Slowking|Thunder Wave|p2a: Tornadus
|-status|p2a: Tornadus|par
|
|upkeep
|turn|6
|
|t:|1779950736
|switch|p1a: Kyurem|Kyurem|100/100
|-ability|p1a: Kyurem|Pressure
|move|p2a: Tornadus|U-turn|p1a: Kyurem
|-crit|p1a: Kyurem
|-damage|p1a: Kyurem|80/100
|
|t:|1779950746
|switch|p2a: Hatterene|Hatterene, F|100/100|[from] U-turn
|
|-heal|p1a: Kyurem|86/100|[from] item: Leftovers
|upkeep
|turn|7
|
|t:|1779950753
|switch|p1a: Slowking|Slowking-Galar, M, shiny|62/100 par
|move|p2a: Hatterene|Psychic Noise|p1a: Slowking
|-damage|p1a: Slowking|43/100 par
|-start|p1a: Slowking|move: Heal Block
|
|upkeep
|turn|8
|
|t:|1779950776
|move|p2a: Hatterene|Psychic Noise|p1a: Slowking
|-damage|p1a: Slowking|24/100 par
|move|p1a: Slowking|Sludge Bomb|p2a: Hatterene
|-supereffective|p2a: Hatterene
|-crit|p2a: Hatterene
|-damage|p2a: Hatterene|1/100
|
|-end|p1a: Slowking|move: Heal Block
|upkeep
|turn|9
|
|t:|1779950788
|switch|p1a: Kingambit|Kingambit, F|100/100
|move|p2a: Hatterene|Pain Split|p1a: Kingambit
|-sethp|p1a: Kingambit|51/100|[from] move: Pain Split|[silent]
|-sethp|p2a: Hatterene|59/100|[from] move: Pain Split
|
|-heal|p1a: Kingambit|57/100|[from] item: Leftovers
|upkeep
|turn|10
|
|t:|1779950799
|move|p1a: Kingambit|Iron Head|p2a: Hatterene
|-supereffective|p2a: Hatterene
|-damage|p2a: Hatterene|0 fnt
|-damage|p1a: Kingambit|41/100|[from] item: Rocky Helmet|[of] p2a: Hatterene
|faint|p2a: Hatterene
|
|-heal|p1a: Kingambit|47/100|[from] item: Leftovers
|upkeep
|
|t:|1779950814
|switch|p2a: Kyurem|Kyurem|100/100
|-ability|p2a: Kyurem|Pressure
|turn|11
|
|t:|1779950837
|-terastallize|p1a: Kingambit|Flying
|move|p2a: Kyurem|Earth Power|p1a: Kingambit
|-immune|p1a: Kingambit
|move|p1a: Kingambit|Iron Head|p2a: Kyurem
|-supereffective|p2a: Kyurem
|-damage|p2a: Kyurem|8/100
|
|-heal|p1a: Kingambit|53/100|[from] item: Leftovers
|upkeep
|turn|12
|
|t:|1779950864
|switch|p2a: Tornadus|Tornadus-Therian, M|100/100 par
|move|p1a: Kingambit|Sucker Punch||[still]
|-fail|p1a: Kingambit
|
|-heal|p1a: Kingambit|59/100|[from] item: Leftovers
|upkeep
|turn|13
|
|t:|1779950874
|-end|p1a: Kingambit|fallenundefined|[silent]
|switch|p1a: Slowking|Slowking-Galar, M, shiny|58/100 par
|move|p2a: Tornadus|Heat Wave|p1a: Slowking
|-damage|p1a: Slowking|45/100 par
|
|upkeep
|turn|14
|
|t:|1779950882
|cant|p2a: Tornadus|par
|-prepare|p1a: Slowking|Chilly Reception|[premajor]
|move|p1a: Slowking|Chilly Reception|p1a: Slowking
|-weather|Snowscape
|
|t:|1779950889
|switch|p1a: Kyurem|Kyurem|86/100|[from] Chilly Reception
|-ability|p1a: Kyurem|Pressure
|
|-weather|Snowscape|[upkeep]
|-heal|p1a: Kyurem|92/100|[from] item: Leftovers
|upkeep
|turn|15
|
|t:|1779950907
|move|p1a: Kyurem|Substitute|p1a: Kyurem
|-start|p1a: Kyurem|Substitute
|-damage|p1a: Kyurem|67/100
|move|p2a: Tornadus|Heat Wave|p1a: Kyurem
|-activate|p1a: Kyurem|move: Substitute|[damage]
|
|-weather|Snowscape|[upkeep]
|-heal|p1a: Kyurem|74/100|[from] item: Leftovers
|upkeep
|turn|16
|
|t:|1779950915
|move|p1a: Kyurem|Freeze-Dry|p2a: Tornadus
|-supereffective|p2a: Tornadus
|-damage|p2a: Tornadus|52/100 par
|move|p2a: Tornadus|U-turn|p1a: Kyurem
|-end|p1a: Kyurem|Substitute
|inactive|Nezus has 120 seconds left.
|
|t:|1779950947
|switch|p2a: Kingambit|Kingambit, F|100/100|[from] U-turn
|-activate|p2a: Kingambit|ability: Supreme Overlord
|-start|p2a: Kingambit|fallen1|[silent]
|
|-weather|Snowscape|[upkeep]
|-heal|p1a: Kyurem|80/100|[from] item: Leftovers
|upkeep
|turn|17
|
|t:|1779950957
|move|p1a: Kyurem|Protect|p1a: Kyurem
|-singleturn|p1a: Kyurem|Protect
|move|p2a: Kingambit|Iron Head|p1a: Kyurem
|-activate|p1a: Kyurem|move: Protect
|
|-weather|Snowscape|[upkeep]
|-heal|p1a: Kyurem|86/100|[from] item: Leftovers
|upkeep
|turn|18
|
|t:|1779950974
|switch|p1a: Cinderace|Cinderace, F, shiny|100/100
|move|p2a: Kingambit|Swords Dance|p2a: Kingambit
|-boost|p2a: Kingambit|atk|2
|
|-weather|none
|upkeep
|turn|19
|inactive|Nezus has 120 seconds left.
|
|t:|1779951002
|-terastallize|p2a: Kingambit|Ghost
|move|p1a: Cinderace|Will-O-Wisp|p2a: Kingambit
|-status|p2a: Kingambit|brn
|move|p2a: Kingambit|Kowtow Cleave|p1a: Cinderace
|-damage|p1a: Cinderace|32/100
|
|-damage|p2a: Kingambit|94/100 brn|[from] brn
|upkeep
|turn|20
|
|t:|1779951027
|move|p1a: Cinderace|Pyro Ball|p2a: Kingambit
|-damage|p2a: Kingambit|58/100 brn
|move|p2a: Kingambit|Kowtow Cleave|p1a: Cinderace
|-damage|p1a: Cinderace|0 fnt
|faint|p1a: Cinderace
|
|-heal|p2a: Kingambit|64/100 brn|[from] item: Leftovers
|-damage|p2a: Kingambit|58/100 brn|[from] brn
|upkeep
|inactive|pineapplefred1 has 120 seconds left.
|
|t:|1779951057
|switch|p1a: Landorus|Landorus-Therian, M, shiny|100/100
|-ability|p1a: Landorus|Intimidate|boost
|-unboost|p2a: Kingambit|atk|1
|turn|21
|inactive|Nezus has 120 seconds left.
|
|t:|1779951076
|move|p1a: Landorus|Earthquake|p2a: Kingambit
|-damage|p2a: Kingambit|22/100 brn
|move|p2a: Kingambit|Kowtow Cleave|p1a: Landorus
|-damage|p1a: Landorus|61/100
|-damage|p2a: Kingambit|6/100 brn|[from] item: Rocky Helmet|[of] p1a: Landorus
|
|-heal|p2a: Kingambit|12/100 brn|[from] item: Leftovers
|-damage|p2a: Kingambit|6/100 brn|[from] brn
|upkeep
|turn|22
|inactive|pineapplefred1 has 120 seconds left.
|
|t:|1779951087
|-end|p2a: Kingambit|fallen1|[silent]
|switch|p2a: Tornadus|Tornadus-Therian, M|85/100 par
|move|p1a: Landorus|Rock Tomb|p2a: Tornadus
|-supereffective|p2a: Tornadus
|-damage|p2a: Tornadus|37/100 par
|-unboost|p2a: Tornadus|spe|1
|
|upkeep
|turn|23
|inactive|pineapplefred1 has 120 seconds left.
|
|t:|1779951095
|switch|p2a: Slowking|Slowking-Galar, F|100/100
|move|p1a: Landorus|Rock Tomb|p2a: Slowking
|-damage|p2a: Slowking|87/100
|-unboost|p2a: Slowking|spe|1
|
|-heal|p2a: Slowking|93/100|[from] item: Black Sludge
|upkeep
|turn|24
|
|t:|1779951104
|move|p1a: Landorus|Taunt|p2a: Slowking
|-start|p2a: Slowking|move: Taunt
|move|p2a: Slowking|Future Sight|p1a: Landorus
|-start|p2a: Slowking|move: Future Sight
|
|-heal|p2a: Slowking|99/100|[from] item: Black Sludge
|upkeep
|turn|25
|
|t:|1779951111
|move|p1a: Landorus|Earthquake|p2a: Slowking
|-supereffective|p2a: Slowking
|-damage|p2a: Slowking|27/100
|move|p2a: Slowking|Sludge Bomb|p1a: Landorus
|-resisted|p1a: Landorus
|-damage|p1a: Landorus|38/100
|
|-heal|p2a: Slowking|33/100|[from] item: Black Sludge
|upkeep
|turn|26
|
|t:|1779951129
|switch|p2a: Tornadus|Tornadus-Therian, M|70/100 par
|move|p1a: Landorus|Earthquake|p2a: Tornadus
|-immune|p2a: Tornadus
|
|-end|p1a: Landorus|move: Future Sight
|-damage|p1a: Landorus|0 fnt
|faint|p1a: Landorus
|upkeep
|inactive|pineapplefred1 has 120 seconds left.
|
|t:|1779951145
|switch|p1a: Kyurem|Kyurem|86/100
|-ability|p1a: Kyurem|Pressure
|turn|27
|
|t:|1779951151
|move|p1a: Kyurem|Substitute|p1a: Kyurem
|-start|p1a: Kyurem|Substitute
|-damage|p1a: Kyurem|61/100
|move|p2a: Tornadus|Bleakwind Storm|p1a: Kyurem|[miss]
|-miss|p2a: Tornadus|p1a: Kyurem
|
|-heal|p1a: Kyurem|67/100|[from] item: Leftovers
|upkeep
|turn|28
|
|t:|1779951159
|move|p1a: Kyurem|Freeze-Dry|p2a: Tornadus
|-supereffective|p2a: Tornadus
|-damage|p2a: Tornadus|21/100 par
|move|p2a: Tornadus|Bleakwind Storm|p1a: Kyurem|[miss]
|-miss|p2a: Tornadus|p1a: Kyurem
|
|-heal|p1a: Kyurem|73/100|[from] item: Leftovers
|upkeep
|turn|29
|
|t:|1779951170
|switch|p2a: Slowking|Slowking-Galar, F|66/100
|move|p1a: Kyurem|Freeze-Dry|p2a: Slowking
|-damage|p2a: Slowking|37/100
|
|-heal|p1a: Kyurem|79/100|[from] item: Leftovers
|-heal|p2a: Slowking|43/100|[from] item: Black Sludge
|upkeep
|turn|30
|
|t:|1779951190
|move|p1a: Kyurem|Earth Power|p2a: Slowking
|-supereffective|p2a: Slowking
|-damage|p2a: Slowking|0 fnt
|faint|p2a: Slowking
|
|-heal|p1a: Kyurem|86/100|[from] item: Leftovers
|upkeep
|c|☆pineapplefred1|test.
|inactive|Nezus has 120 seconds left.
|
|t:|1779951219
|switch|p2a: Kingambit|Kingambit, F, tera:Ghost|6/100 brn
|-activate|p2a: Kingambit|ability: Supreme Overlord
|-start|p2a: Kingambit|fallen2|[silent]
|turn|31
|
|t:|1779951225
|move|p1a: Kyurem|Protect|p1a: Kyurem
|-singleturn|p1a: Kyurem|Protect
|move|p2a: Kingambit|Sucker Punch||[still]
|-fail|p2a: Kingambit
|
|-heal|p1a: Kyurem|92/100|[from] item: Leftovers
|-heal|p2a: Kingambit|12/100 brn|[from] item: Leftovers
|-damage|p2a: Kingambit|6/100 brn|[from] brn
|upkeep
|turn|32
|
|t:|1779951237
|move|p1a: Kyurem|Earth Power|p2a: Kingambit
|-damage|p2a: Kingambit|0 fnt
|faint|p2a: Kingambit
|-end|p2a: Kingambit|fallen2|[silent]
|
|-heal|p1a: Kyurem|98/100|[from] item: Leftovers
|upkeep
|
|t:|1779951246
|switch|p2a: Great Tusk|Great Tusk|100/100
|turn|33
|
|t:|1779951253
|move|p1a: Kyurem|Freeze-Dry|p2a: Great Tusk
|-supereffective|p2a: Great Tusk
|-damage|p2a: Great Tusk|0 fnt
|faint|p2a: Great Tusk
|-end|p2a: Great Tusk|Protosynthesis|[silent]
|
|-heal|p1a: Kyurem|100/100|[from] item: Leftovers
|upkeep
|-message|Nezus forfeited.
|
|win|pineapplefred1
|raw|pineapplefred1's rating: 1384 &rarr; <strong>1398</strong><br />(+14 for winning)
|raw|Nezus's rating: 1284 &rarr; <strong>1266</strong><br />(-18 for losing)
|l|☆Nezus
|player|p2|
