|j|☆Mkap
|j|☆g.leader.ash
|t:|1779887941
|gametype|singles
|player|p1|Mkap|102|1360
|player|p2|g.leader.ash|brock|1305
|gen|9
|tier|[Gen 9] OU
|rated|
|rule|HP Percentage Mod: HP is shown in percentages
|rule|Endless Battle Clause: Forcing endless battles is banned
|rule|Species Clause: Limit one of each Pokémon
|rule|OHKO Clause: OHKO moves are banned
|rule|Evasion Items Clause: Evasion items are banned
|rule|Evasion Moves Clause: Evasion moves are banned
|rule|Evasion Abilities Clause: Evasion abilities are banned
|rule|Sleep Moves Clause: Sleep-inducing moves are banned
|clearpoke
|poke|p1|Hoopa|
|poke|p1|Cinderace, M|
|poke|p1|Mandibuzz, F|
|poke|p1|Kyurem|
|poke|p1|Ting-Lu|
|poke|p1|Manaphy|
|poke|p2|Venusaur, M|
|poke|p2|Arcanine, M|
|poke|p2|Gyarados, F|
|poke|p2|Snorlax, M|
|poke|p2|Jolteon, F|
|poke|p2|Dragonite, F|
|teampreview
|inactive|Battle timer is ON: inactive players will automatically lose when time's up. (requested by g.leader.ash)
|
|t:|1779887954
|teamsize|p1|6
|teamsize|p2|6
|start
|switch|p1a: Kyurem|Kyurem|100/100
|switch|p2a: Gyarados|Gyarados, F, shiny|100/100
|-ability|p1a: Kyurem|Pressure
|-ability|p2a: Gyarados|Intimidate|boost
|-unboost|p1a: Kyurem|atk|1
|turn|1
|
|t:|1779887964
|-terastallize|p2a: Gyarados|Water
|move|p1a: Kyurem|Freeze-Dry|p2a: Gyarados
|-supereffective|p2a: Gyarados
|-damage|p2a: Gyarados|24/100
|move|p2a: Gyarados|Dragon Dance|p2a: Gyarados
|-boost|p2a: Gyarados|atk|1
|-boost|p2a: Gyarados|spe|1
|
|upkeep
|turn|2
|
|t:|1779887974
|move|p1a: Kyurem|Freeze-Dry|p2a: Gyarados
|-supereffective|p2a: Gyarados
|-damage|p2a: Gyarados|0 fnt
|faint|p2a: Gyarados
|
|upkeep
|
|t:|1779887989
|switch|p2a: Arcanine|Arcanine, M|100/100
|-ability|p2a: Arcanine|Intimidate|boost
|-unboost|p1a: Kyurem|atk|1
|turn|3
|
|t:|1779887997
|switch|p1a: Mandibuzz|Mandibuzz, F, shiny|100/100
|move|p2a: Arcanine|Sunny Day|p2a: Arcanine
|-weather|SunnyDay
|
|-weather|SunnyDay|[upkeep]
|upkeep
|turn|4
|
|t:|1779888006
|move|p2a: Arcanine|Flare Blitz|p1a: Mandibuzz
|-damage|p1a: Mandibuzz|45/100
|-damage|p2a: Arcanine|84/100|[from] item: Rocky Helmet|[of] p1a: Mandibuzz
|-damage|p2a: Arcanine|63/100|[from] Recoil
|move|p1a: Mandibuzz|Toxic|p2a: Arcanine
|-status|p2a: Arcanine|tox
|
|-weather|SunnyDay|[upkeep]
|-heal|p2a: Arcanine|69/100 tox|[from] item: Leftovers
|-damage|p2a: Arcanine|63/100 tox|[from] psn
|upkeep
|turn|5
|
|t:|1779888019
|switch|p1a: Cinderace|Cinderace, M|100/100
|move|p2a: Arcanine|Flare Blitz|p1a: Cinderace
|-resisted|p1a: Cinderace
|-damage|p1a: Cinderace|38/100
|-damage|p2a: Arcanine|46/100 tox|[from] Recoil
|
|-weather|SunnyDay|[upkeep]
|-heal|p2a: Arcanine|52/100 tox|[from] item: Leftovers
|-damage|p2a: Arcanine|40/100 tox|[from] psn
|upkeep
|turn|6
|
|t:|1779888030
|move|p1a: Cinderace|Pyro Ball|p2a: Arcanine
|-resisted|p2a: Arcanine
|-damage|p2a: Arcanine|0 fnt
|faint|p2a: Arcanine
|
|-weather|SunnyDay|[upkeep]
|upkeep
|
|t:|1779888038
|switch|p2a: Venusaur|Venusaur, M|100/100
|turn|7
|
|t:|1779888044
|move|p2a: Venusaur|Earth Power|p1a: Cinderace
|-supereffective|p1a: Cinderace
|-damage|p1a: Cinderace|0 fnt
|faint|p1a: Cinderace
|-damage|p2a: Venusaur|91/100|[from] item: Life Orb
|
|-weather|none
|upkeep
|
|t:|1779888048
|switch|p1a: Kyurem|Kyurem|100/100
|-ability|p1a: Kyurem|Pressure
|turn|8
|
|t:|1779888055
|switch|p2a: Snorlax|Snorlax, M, shiny|100/100
|move|p1a: Kyurem|Draco Meteor|p2a: Snorlax
|-damage|p2a: Snorlax|60/100
|-unboost|p1a: Kyurem|spa|2
|
|upkeep
|turn|9
|
|t:|1779888078
|switch|p1a: Ting-Lucifer|Ting-Lu|100/100
|-ability|p1a: Ting-Lucifer|Vessel of Ruin
|move|p2a: Snorlax|Body Slam|p1a: Ting-Lucifer
|-damage|p1a: Ting-Lucifer|74/100
|
|upkeep
|turn|10
|
|t:|1779888094
|move|p1a: Ting-Lucifer|Stealth Rock|p2a: Snorlax
|-sidestart|p2: g.leader.ash|move: Stealth Rock
|move|p2a: Snorlax|Belly Drum|p2a: Snorlax
|-damage|p2a: Snorlax|10/100
|-setboost|p2a: Snorlax|atk|6|[from] move: Belly Drum
|-enditem|p2a: Snorlax|Sitrus Berry|[eat]
|-heal|p2a: Snorlax|35/100|[from] item: Sitrus Berry
|
|upkeep
|turn|11
|
|t:|1779888105
|move|p1a: Ting-Lucifer|Earthquake|p2a: Snorlax
|-damage|p2a: Snorlax|0 fnt
|faint|p2a: Snorlax
|
|upkeep
|inactive|g.leader.ash has 120 seconds left.
|
|t:|1779888115
|switch|p2a: Dragonite|Dragonite, F|100/100
|-damage|p2a: Dragonite|76/100|[from] Stealth Rock
|turn|12
|inactive|g.leader.ash has 120 seconds left.
|
|t:|1779888142
|move|p2a: Dragonite|Dragon Dance|p2a: Dragonite
|-boost|p2a: Dragonite|atk|1
|-boost|p2a: Dragonite|spe|1
|move|p1a: Ting-Lucifer|Stone Edge|p2a: Dragonite
|-supereffective|p2a: Dragonite
|-crit|p2a: Dragonite
|-damage|p2a: Dragonite|0 fnt
|faint|p2a: Dragonite
|
|upkeep
|inactive|g.leader.ash has 120 seconds left.
|
|t:|1779888152
|switch|p2a: Venusaur|Venusaur, M|91/100
|-damage|p2a: Venusaur|78/100|[from] Stealth Rock
|turn|13
|
|t:|1779888160
|move|p2a: Venusaur|Toxic|p1a: Ting-Lucifer
|-status|p1a: Ting-Lucifer|tox
|move|p1a: Ting-Lucifer|Earthquake|p2a: Venusaur
|-damage|p2a: Venusaur|3/100
|
|-damage|p1a: Ting-Lucifer|68/100 tox|[from] psn
|upkeep
|turn|14
|
|t:|1779888169
|move|p2a: Venusaur|Giga Drain|p1a: Ting-Lucifer
|-supereffective|p1a: Ting-Lucifer
|-damage|p1a: Ting-Lucifer|18/100 tox
|-heal|p2a: Venusaur|44/100|[from] drain|[of] p1a: Ting-Lucifer
|-enditem|p1a: Ting-Lucifer|Weakness Policy
|-boost|p1a: Ting-Lucifer|atk|2|[from] item: Weakness Policy
|-boost|p1a: Ting-Lucifer|spa|2|[from] item: Weakness Policy
|-damage|p2a: Venusaur|34/100|[from] item: Life Orb
|move|p1a: Ting-Lucifer|Earthquake|p2a: Venusaur
|-damage|p2a: Venusaur|0 fnt
|faint|p2a: Venusaur
|
|-damage|p1a: Ting-Lucifer|5/100 tox|[from] psn
|upkeep
|
|t:|1779888184
|switch|p2a: Jolteon|Jolteon, F|100/100
|-damage|p2a: Jolteon|88/100|[from] Stealth Rock
|turn|15
|inactive|Mkap has 120 seconds left.
|
|t:|1779888225
|move|p2a: Jolteon|Hyper Voice|p1a: Ting-Lucifer
|-damage|p1a: Ting-Lucifer|0 fnt
|faint|p1a: Ting-Lucifer
|
|-status|p2a: Jolteon|brn|[from] item: Flame Orb
|upkeep
|
|t:|1779888228
|switch|p1a: Kyurem|Kyurem|100/100
|-ability|p1a: Kyurem|Pressure
|turn|16
|l|☆g.leader.ash
|inactive|g.leader.ash disconnected and has a minute to reconnect!
|player|p2|
|j|☆g.leader.ash
|inactive|g.leader.ash reconnected and has 130 seconds left.
|player|p2|g.leader.ash|brock|
|
|t:|1779888257
|-terastallize|p1a: Kyurem|Ground
|move|p2a: Jolteon|Hyper Voice|p1a: Kyurem
|-damage|p1a: Kyurem|71/100
|move|p1a: Kyurem|Earth Power|p2a: Jolteon
|-supereffective|p2a: Jolteon
|-damage|p2a: Jolteon|0 fnt
|faint|p2a: Jolteon
|
|win|Mkap
|raw|Mkap's rating: 1360 &rarr; <strong>1377</strong><br />(+17 for winning)
|raw|g.leader.ash's rating: 1305 &rarr; <strong>1288</strong><br />(-17 for losing)
|l|☆g.leader.ash
|player|p2|
|l|☆Mkap
|player|p1|
