|j|☆pepitoloso
|j|☆SmolVersion
|t:|1779962337
|gametype|singles
|player|p1|pepitoloso|hilbert-wonderlauncher|1117
|player|p2|SmolVersion|169|1145
|gen|9
|tier|[Gen 9] OU
|rated|
|rule|HP Percentage Mod: HP is shown in percentages
|rule|Endless Battle Clause: Forcing endless battles is banned
|rule|Species Clause: Limit one of each Pokémon
|rule|OHKO Clause: OHKO moves are banned
|rule|Evasion Items Clause: Evasion items are banned
|rule|Evasion Moves Clause: Evasion moves are banned
|rule|Evasion Abilities Clause: Evasion abilities are banned
|rule|Sleep Moves Clause: Sleep-inducing moves are banned
|clearpoke
|poke|p1|Tyranitar, F|
|poke|p1|Kingambit, F|
|poke|p1|Ogerpon-Wellspring, F|
|poke|p1|Glimmora, F|
|poke|p1|Dragapult, M|
|poke|p1|Iron Moth|
|poke|p2|Regieleki|
|poke|p2|Hydrapple, M|
|poke|p2|Kleavor, M|
|poke|p2|Arcanine, F|
|poke|p2|Braviary-Hisui, M|
|poke|p2|Dachsbun, M|
|teampreview
|
|t:|1779962357
|teamsize|p1|6
|teamsize|p2|6
|start
|switch|p1a: Dragapult|Dragapult, M|100/100
|switch|p2a: Regieleki|Regieleki|100/100
|turn|1
|
|t:|1779962364
|move|p2a: Regieleki|Volt Switch|p1a: Dragapult
|-resisted|p1a: Dragapult
|-crit|p1a: Dragapult
|-damage|p1a: Dragapult|52/100
|
|t:|1779962373
|switch|p2a: Dachsbun|Dachsbun, M|100/100|[from] Volt Switch
|move|p1a: Dragapult|Dragon Dance|p1a: Dragapult
|-boost|p1a: Dragapult|atk|1
|-boost|p1a: Dragapult|spe|1
|
|upkeep
|turn|2
|
|t:|1779962385
|move|p1a: Dragapult|Phantom Force||[still]
|-prepare|p1a: Dragapult|Phantom Force
|move|p2a: Dachsbun|Play Rough|p1a: Dragapult|[miss]
|-miss|p2a: Dachsbun|p1a: Dragapult
|
|upkeep
|turn|3
|
|t:|1779962389
|move|p2a: Dachsbun|Protect|p2a: Dachsbun
|-singleturn|p2a: Dachsbun|Protect
|move|p1a: Dragapult|Phantom Force|p2a: Dachsbun|[from] lockedmove
|-activate|p2a: Dachsbun|move: Phantom Force|[broken]
|-damage|p2a: Dachsbun|31/100
|-damage|p1a: Dragapult|42/100|[from] item: Life Orb
|
|-heal|p2a: Dachsbun|37/100|[from] item: Leftovers
|upkeep
|turn|4
|
|t:|1779962395
|move|p1a: Dragapult|Phantom Force||[still]
|-prepare|p1a: Dragapult|Phantom Force
|move|p2a: Dachsbun|Wish|p2a: Dachsbun
|
|-heal|p2a: Dachsbun|43/100|[from] item: Leftovers
|upkeep
|turn|5
|
|t:|1779962401
|move|p1a: Dragapult|Phantom Force|p2a: Dachsbun|[from] lockedmove
|-damage|p2a: Dachsbun|0 fnt
|faint|p2a: Dachsbun
|-damage|p1a: Dragapult|33/100|[from] item: Life Orb
|
|upkeep
|
|t:|1779962412
|switch|p2a: Arcanine|Arcanine, F|100/100
|-ability|p2a: Arcanine|Intimidate|boost
|-fail|p1a: Dragapult|unboost|[from] ability: Clear Body|[of] p1a: Dragapult
|turn|6
|
|t:|1779962418
|-terastallize|p1a: Dragapult|Dragon
|move|p1a: Dragapult|Dragon Darts|p2a: Arcanine
|-damage|p2a: Arcanine|18/100
|-anim|p1a: Dragapult|Dragon Darts|p2a: Arcanine
|-damage|p2a: Arcanine|0 fnt
|faint|p2a: Arcanine
|-damage|p1a: Dragapult|23/100|[from] item: Life Orb
|
|upkeep
|
|t:|1779962424
|switch|p2a: Braviary|Braviary-Hisui, M|100/100
|turn|7
|
|t:|1779962431
|-terastallize|p2a: Braviary|Fairy
|move|p1a: Dragapult|Phantom Force||[still]
|-prepare|p1a: Dragapult|Phantom Force
|move|p2a: Braviary|Agility|p2a: Braviary
|-boost|p2a: Braviary|spe|2
|
|upkeep
|turn|8
|
|t:|1779962436
|move|p1a: Dragapult|Phantom Force|p2a: Braviary|[from] lockedmove
|-damage|p2a: Braviary|0 fnt
|faint|p2a: Braviary
|-damage|p1a: Dragapult|13/100|[from] item: Life Orb
|
|upkeep
|-message|SmolVersion forfeited.
|
|win|pepitoloso
|raw|pepitoloso's rating: 1117 &rarr; <strong>1144</strong><br />(+27 for winning)
|raw|SmolVersion's rating: 1145 &rarr; <strong>1118</strong><br />(-27 for losing)
|l|☆SmolVersion
|player|p2|
|l|☆pepitoloso
|player|p1|
