|j|☆Acastillo631
|j|☆AbraviousTinkaton
|t:|1779888617
|gametype|singles
|player|p1|Acastillo631|silver|1690
|player|p2|AbraviousTinkaton|dana|1709
|gen|9
|tier|[Gen 9] OU
|rated|
|rule|HP Percentage Mod: HP is shown in percentages
|rule|Endless Battle Clause: Forcing endless battles is banned
|rule|Species Clause: Limit one of each Pokémon
|rule|OHKO Clause: OHKO moves are banned
|rule|Evasion Items Clause: Evasion items are banned
|rule|Evasion Moves Clause: Evasion moves are banned
|rule|Evasion Abilities Clause: Evasion abilities are banned
|rule|Sleep Moves Clause: Sleep-inducing moves are banned
|clearpoke
|poke|p1|Iron Valiant|
|poke|p1|Sinistcha|
|poke|p1|Tyranitar, F|
|poke|p1|Klefki, F|
|poke|p1|Swampert, F|
|poke|p1|Talonflame, M|
|poke|p2|Ogerpon-Wellspring, F|
|poke|p2|Kingambit, M|
|poke|p2|Landorus-Therian, M|
|poke|p2|Glimmora, M|
|poke|p2|Dragapult, F|
|poke|p2|Iron Valiant|
|teampreview
|
|t:|1779888632
|teamsize|p1|6
|teamsize|p2|6
|start
|switch|p1a: Redips|Klefki, F|100/100
|switch|p2a: Ogerpon|Ogerpon-Wellspring, F|100/100
|turn|1
|
|t:|1779888638
|switch|p2a: Landorus|Landorus-Therian, M|100/100
|-ability|p2a: Landorus|Intimidate|boost
|-unboost|p1a: Redips|atk|1
|move|p1a: Redips|Thunder Wave|p2a: Landorus
|-immune|p2a: Landorus
|
|upkeep
|turn|2
|
|t:|1779888642
|move|p1a: Redips|Magnet Rise|p1a: Redips
|-start|p1a: Redips|Magnet Rise
|move|p2a: Landorus|Stealth Rock|p1a: Redips
|-sidestart|p1: Acastillo631|move: Stealth Rock
|
|upkeep
|turn|3
|
|t:|1779888646
|move|p1a: Redips|Spikes|p2a: Landorus
|-sidestart|p2: AbraviousTinkaton|Spikes
|move|p2a: Landorus|U-turn|p1a: Redips
|-resisted|p1a: Redips
|-damage|p1a: Redips|96/100
|-damage|p2a: Landorus|84/100|[from] item: Rocky Helmet|[of] p1a: Redips
|
|t:|1779888650
|switch|p2a: Glimmora|Glimmora, M|100/100|[from] U-turn
|-damage|p2a: Glimmora|88/100|[from] Spikes
|
|upkeep
|turn|4
|j| Mega Delibird X
|
|t:|1779888654
|move|p1a: Redips|Thunder Wave|p2a: Glimmora
|-status|p2a: Glimmora|par
|move|p2a: Glimmora|Meteor Beam||[still]
|-prepare|p2a: Glimmora|Meteor Beam
|-boost|p2a: Glimmora|spa|1
|-enditem|p2a: Glimmora|Power Herb
|-anim|p2a: Glimmora|Meteor Beam|p1a: Redips
|-resisted|p1a: Redips
|-damage|p1a: Redips|34/100
|
|upkeep
|turn|5
|
|t:|1779888673
|switch|p1a: Duff Mcwhalen|Swampert, F|100/100
|-damage|p1a: Duff Mcwhalen|94/100|[from] Stealth Rock
|move|p2a: Glimmora|Spikes|p1a: Duff Mcwhalen
|-sidestart|p1: Acastillo631|Spikes
|
|-heal|p1a: Duff Mcwhalen|100/100|[from] item: Leftovers
|upkeep
|turn|6
|
|t:|1779888680
|move|p1a: Duff Mcwhalen|Earthquake|p2a: Glimmora
|-supereffective|p2a: Glimmora
|-damage|p2a: Glimmora|0 fnt
|-activate|p2a: Glimmora|ability: Toxic Debris
|-sidestart|p1: Acastillo631|move: Toxic Spikes
|faint|p2a: Glimmora
|
|upkeep
|
|t:|1779888684
|switch|p2a: Ogerpon|Ogerpon-Wellspring, F|100/100
|-damage|p2a: Ogerpon|88/100|[from] Spikes
|turn|7
|
|t:|1779888700
|switch|p2a: Dragapult|Dragapult, F|100/100
|-damage|p2a: Dragapult|88/100|[from] Spikes
|move|p1a: Duff Mcwhalen|Stealth Rock|p2a: Dragapult
|-sidestart|p2: AbraviousTinkaton|move: Stealth Rock
|
|upkeep
|turn|8
|
|t:|1779888704
|move|p2a: Dragapult|U-turn|p1a: Duff Mcwhalen
|-damage|p1a: Duff Mcwhalen|83/100
|
|t:|1779888706
|switch|p2a: Ogerpon|Ogerpon-Wellspring, F|88/100|[from] U-turn
|-damage|p2a: Ogerpon|76/100|[from] Spikes
|-damage|p2a: Ogerpon|64/100|[from] Stealth Rock
|move|p1a: Duff Mcwhalen|Knock Off|p2a: Ogerpon
|-damage|p2a: Ogerpon|40/100
|
|-heal|p1a: Duff Mcwhalen|90/100|[from] item: Leftovers
|upkeep
|turn|9
|
|t:|1779888716
|switch|p1a: Wire Sponge|Sinistcha|100/100
|move|p2a: Ogerpon|Horn Leech|p1a: Wire Sponge
|-resisted|p1a: Wire Sponge
|-damage|p1a: Wire Sponge|83/100
|-heal|p2a: Ogerpon|51/100|[from] drain|[of] p1a: Wire Sponge
|
|upkeep
|turn|10
|
|t:|1779888724
|switch|p2a: Kingambit|Kingambit, M|100/100
|-damage|p2a: Kingambit|88/100|[from] Spikes
|-damage|p2a: Kingambit|82/100|[from] Stealth Rock
|-activate|p2a: Kingambit|ability: Supreme Overlord
|-start|p2a: Kingambit|fallen1|[silent]
|move|p1a: Wire Sponge|Matcha Gotcha|p2a: Kingambit
|-resisted|p2a: Kingambit
|-damage|p2a: Kingambit|67/100
|-heal|p1a: Wire Sponge|92/100|[from] drain|[of] p2a: Kingambit
|-status|p2a: Kingambit|brn
|
|-heal|p2a: Kingambit|73/100 brn|[from] item: Leftovers
|-damage|p2a: Kingambit|67/100 brn|[from] brn
|upkeep
|turn|11
|-message|AbraviousTinkaton forfeited.
|
|win|Acastillo631
|raw|Acastillo631's rating: 1690 &rarr; <strong>1711</strong><br />(+21 for winning)
|raw|AbraviousTinkaton's rating: 1709 &rarr; <strong>1688</strong><br />(-21 for losing)
|l|☆AbraviousTinkaton
|player|p2|
|l|☆Acastillo631
|player|p1|
|l| Mega Delibird X
