|j|☆xueshang
|j|☆LL8888
|t:|1779950623
|gametype|singles
|player|p1|xueshang|skierf|1351
|player|p2|LL8888|266|1387
|gen|9
|tier|[Gen 9] OU
|rated|
|rule|HP Percentage Mod: HP is shown in percentages
|rule|Endless Battle Clause: Forcing endless battles is banned
|rule|Species Clause: Limit one of each Pokémon
|rule|OHKO Clause: OHKO moves are banned
|rule|Evasion Items Clause: Evasion items are banned
|rule|Evasion Moves Clause: Evasion moves are banned
|rule|Evasion Abilities Clause: Evasion abilities are banned
|rule|Sleep Moves Clause: Sleep-inducing moves are banned
|clearpoke
|poke|p1|Sudowoodo, M|
|poke|p1|Glimmora, M|
|poke|p1|Scizor, M|
|poke|p1|Ceruledge, F|
|poke|p1|Ogerpon-Wellspring, F|
|poke|p1|Pecharunt|
|poke|p2|Salamence, M|
|poke|p2|Scizor, F|
|poke|p2|Zapdos|
|poke|p2|Alomomola, M|
|poke|p2|Corviknight, M|
|poke|p2|Charizard, M|
|teampreview
|inactive|Battle timer is ON: inactive players will automatically lose when time's up. (requested by LL8888)
|inactive|LL8888 has 120 seconds left.
|
|t:|1779950657
|teamsize|p1|6
|teamsize|p2|6
|start
|switch|p1a: Sudowoodo|Sudowoodo, M|100/100
|switch|p2a: Scizor|Scizor, F|100/100
|turn|1
|
|t:|1779950671
|move|p2a: Scizor|U-turn|p1a: Sudowoodo
|-damage|p1a: Sudowoodo|27/100
|
|t:|1779950687
|switch|p2a: Corviknight|Corviknight, M, shiny|100/100|[from] U-turn
|move|p1a: Sudowoodo|Endeavor|p2a: Corviknight
|-damage|p2a: Corviknight|17/100
|-damage|p1a: Sudowoodo|10/100|[from] item: Rocky Helmet|[of] p2a: Corviknight
|-heal|p1a: Sudowoodo|27/100|[from] item: Shell Bell|[of] p2a: Corviknight
|
|upkeep
|turn|2
|
|t:|1779950700
|move|p2a: Corviknight|Roost|p2a: Corviknight
|-heal|p2a: Corviknight|67/100
|-singleturn|p2a: Corviknight|move: Roost
|move|p1a: Sudowoodo|Head Smash|p2a: Corviknight
|-resisted|p2a: Corviknight
|-damage|p2a: Corviknight|46/100
|-damage|p1a: Sudowoodo|10/100|[from] item: Rocky Helmet|[of] p2a: Corviknight
|-damage|p1a: Sudowoodo|0 fnt|[from] Recoil
|faint|p1a: Sudowoodo
|
|upkeep
|
|t:|1779950704
|switch|p1a: Ceruledge|Ceruledge, F|100/100
|turn|3
|
|t:|1779950716
|switch|p2a: Alomomola|Alomomola, M|100/100
|move|p1a: Ceruledge|Bulk Up|p1a: Ceruledge
|-boost|p1a: Ceruledge|atk|1
|-boost|p1a: Ceruledge|def|1
|
|upkeep
|turn|4
|
|t:|1779950725
|-terastallize|p1a: Ceruledge|Grass
|move|p1a: Ceruledge|Bitter Blade|p2a: Alomomola
|-resisted|p2a: Alomomola
|-damage|p2a: Alomomola|71/100
|move|p2a: Alomomola|Waterfall|p1a: Ceruledge
|-resisted|p1a: Ceruledge
|-damage|p1a: Ceruledge|92/100
|
|-heal|p1a: Ceruledge|98/100|[from] item: Leftovers
|upkeep
|turn|5
|
|t:|1779950742
|move|p1a: Ceruledge|Bulk Up|p1a: Ceruledge
|-boost|p1a: Ceruledge|atk|1
|-boost|p1a: Ceruledge|def|1
|move|p2a: Alomomola|Flip Turn|p1a: Ceruledge
|-resisted|p1a: Ceruledge
|-damage|p1a: Ceruledge|93/100
|
|t:|1779950752
|switch|p2a: Charizard|Charizard, M|100/100|[from] Flip Turn
|
|-heal|p1a: Ceruledge|99/100|[from] item: Leftovers
|upkeep
|turn|6
|inactive|LL8888 has 120 seconds left.
|
|t:|1779950774
|move|p1a: Ceruledge|Protect|p1a: Ceruledge
|-singleturn|p1a: Ceruledge|Protect
|move|p2a: Charizard|Counter||[still]
|-fail|p2a: Charizard
|
|-heal|p1a: Ceruledge|100/100|[from] item: Leftovers
|upkeep
|turn|7
|inactive|LL8888 has 120 seconds left.
|
|t:|1779950786
|move|p1a: Ceruledge|Bitter Blade|p2a: Charizard
|-resisted|p2a: Charizard
|-damage|p2a: Charizard|34/100
|move|p2a: Charizard|Counter|p1a: Ceruledge
|-damage|p1a: Ceruledge|0 fnt
|faint|p1a: Ceruledge
|
|upkeep
|
|t:|1779950796
|switch|p1a: Ogerpon|Ogerpon-Wellspring, F|100/100
|turn|8
|
|t:|1779950806
|switch|p2a: Zapdos|Zapdos|100/100
|move|p1a: Ogerpon|Ivy Cudgel|p2a: Zapdos|[anim] Ivy Cudgel Water
|-crit|p2a: Zapdos
|-damage|p2a: Zapdos|34/100
|
|upkeep
|turn|9
|
|t:|1779950820
|move|p1a: Ogerpon|Ivy Cudgel|p2a: Zapdos|[anim] Ivy Cudgel Water
|-damage|p2a: Zapdos|0 fnt
|faint|p2a: Zapdos
|
|upkeep
|inactive|LL8888 has 120 seconds left.
|
|t:|1779950831
|switch|p2a: Scizor|Scizor, F|100/100
|turn|10
|
|t:|1779950840
|move|p1a: Ogerpon|Spiky Shield|p1a: Ogerpon
|-singleturn|p1a: Ogerpon|move: Protect
|move|p2a: Scizor|U-turn|p1a: Ogerpon
|-activate|p1a: Ogerpon|move: Protect
|-damage|p2a: Scizor|88/100|[from] Spiky Shield|[of] p1a: Ogerpon
|
|upkeep
|turn|11
|
|t:|1779950848
|switch|p1a: Glimmora|Glimmora, M|100/100
|move|p2a: Scizor|U-turn|p1a: Glimmora
|-resisted|p1a: Glimmora
|-damage|p1a: Glimmora|67/100
|-activate|p1a: Glimmora|ability: Toxic Debris
|-sidestart|p2: LL8888|move: Toxic Spikes
|inactive|LL8888 has 120 seconds left.
|
|t:|1779950886
|switch|p2a: Corviknight|Corviknight, M, shiny|46/100|[from] U-turn
|
|upkeep
|turn|12
|
|t:|1779950893
|move|p1a: Glimmora|Power Gem|p2a: Corviknight
|-damage|p2a: Corviknight|5/100
|move|p2a: Corviknight|Roost|p2a: Corviknight
|-heal|p2a: Corviknight|55/100
|-singleturn|p2a: Corviknight|move: Roost
|
|upkeep
|turn|13
|
|t:|1779950902
|move|p1a: Glimmora|Power Gem|p2a: Corviknight
|-damage|p2a: Corviknight|17/100
|move|p2a: Corviknight|Roost|p2a: Corviknight
|-heal|p2a: Corviknight|67/100
|-singleturn|p2a: Corviknight|move: Roost
|
|upkeep
|turn|14
|
|t:|1779950917
|move|p1a: Glimmora|Power Gem|p2a: Corviknight
|-damage|p2a: Corviknight|29/100
|move|p2a: Corviknight|Roost|p2a: Corviknight
|-heal|p2a: Corviknight|79/100
|-singleturn|p2a: Corviknight|move: Roost
|
|upkeep
|turn|15
|
|t:|1779950930
|switch|p1a: Pecharunt|Pecharunt|100/100
|move|p2a: Corviknight|U-turn|p1a: Pecharunt
|-resisted|p1a: Pecharunt
|-damage|p1a: Pecharunt|98/100
|
|t:|1779950939
|switch|p2a: Scizor|Scizor, F|88/100|[from] U-turn
|
|-heal|p1a: Pecharunt|100/100|[from] item: Leftovers
|upkeep
|turn|16
|
|t:|1779950947
|switch|p1a: Glimmora|Glimmora, M|67/100
|move|p2a: Scizor|Knock Off|p1a: Glimmora
|-damage|p1a: Glimmora|0 fnt
|-activate|p1a: Glimmora|ability: Toxic Debris
|-sidestart|p2: LL8888|move: Toxic Spikes
|-enditem|p1a: Glimmora|Focus Sash|[from] move: Knock Off|[of] p2a: Scizor
|faint|p1a: Glimmora
|
|upkeep
|
|t:|1779950950
|switch|p1a: Ogerpon|Ogerpon-Wellspring, F|100/100
|turn|17
|inactive|LL8888 has 120 seconds left.
|
|t:|1779950967
|move|p1a: Ogerpon|Substitute|p1a: Ogerpon
|-start|p1a: Ogerpon|Substitute
|-damage|p1a: Ogerpon|76/100
|move|p2a: Scizor|Knock Off|p1a: Ogerpon
|-end|p1a: Ogerpon|Substitute
|
|upkeep
|turn|18
|
|t:|1779950988
|move|p1a: Ogerpon|Leech Seed|p2a: Scizor
|-start|p2a: Scizor|move: Leech Seed
|move|p2a: Scizor|Knock Off|p1a: Ogerpon
|-damage|p1a: Ogerpon|27/100
|
|-damage|p2a: Scizor|75/100|[from] Leech Seed|[of] p1a: Ogerpon
|-heal|p1a: Ogerpon|42/100|[silent]
|upkeep
|turn|19
|
|t:|1779950996
|switch|p2a: Salamence|Salamence, M|100/100
|move|p1a: Ogerpon|Spiky Shield||[still]
|-fail|p1a: Ogerpon
|
|upkeep
|turn|20
|
|t:|1779951007
|-terastallize|p2a: Salamence|Flying
|move|p2a: Salamence|Dual Wingbeat|p1a: Ogerpon|[miss]
|-miss|p2a: Salamence|p1a: Ogerpon
|move|p1a: Ogerpon|Leech Seed|p2a: Salamence
|-start|p2a: Salamence|move: Leech Seed
|
|-damage|p2a: Salamence|88/100|[from] Leech Seed|[of] p1a: Ogerpon
|-heal|p1a: Ogerpon|55/100|[silent]
|upkeep
|turn|21
|
|t:|1779951021
|switch|p2a: Corviknight|Corviknight, M, shiny|79/100
|move|p1a: Ogerpon|Spiky Shield||[still]
|-fail|p1a: Ogerpon
|
|upkeep
|turn|22
|
|t:|1779951029
|move|p1a: Ogerpon|Leech Seed|p2a: Corviknight
|-start|p2a: Corviknight|move: Leech Seed
|move|p2a: Corviknight|Defog|p1a: Ogerpon
|-unboost|p1a: Ogerpon|evasion|1
|-sideend|p2: LL8888|Toxic Spikes|[from] move: Defog|[of] p2a: Corviknight
|
|-damage|p2a: Corviknight|66/100|[from] Leech Seed|[of] p1a: Ogerpon
|-heal|p1a: Ogerpon|72/100|[silent]
|upkeep
|turn|23
|
|t:|1779951039
|switch|p2a: Salamence|Salamence, M, tera:Flying|88/100
|move|p1a: Ogerpon|Substitute|p1a: Ogerpon
|-start|p1a: Ogerpon|Substitute
|-damage|p1a: Ogerpon|47/100
|
|upkeep
|turn|24
|inactive|LL8888 has 120 seconds left.
|
|t:|1779951046
|move|p2a: Salamence|Dual Wingbeat|p1a: Ogerpon
|-supereffective|p1a: Ogerpon
|-crit|p1a: Ogerpon
|-end|p1a: Ogerpon|Substitute
|-supereffective|p1a: Ogerpon
|-damage|p1a: Ogerpon|0 fnt
|faint|p1a: Ogerpon
|-ability|p2a: Salamence|Moxie|boost
|-boost|p2a: Salamence|atk|1
|-hitcount|p1: Ogerpon|2
|
|upkeep
|
|t:|1779951054
|switch|p1a: Pecharunt|Pecharunt|100/100
|turn|25
|
|t:|1779951058
|move|p2a: Salamence|Dual Wingbeat|p1a: Pecharunt
|-damage|p1a: Pecharunt|73/100
|-damage|p1a: Pecharunt|45/100
|-hitcount|p1a: Pecharunt|2
|move|p1a: Pecharunt|Malignant Chain|p2a: Salamence
|-damage|p2a: Salamence|36/100
|
|-heal|p1a: Pecharunt|51/100|[from] item: Leftovers
|upkeep
|turn|26
|
|t:|1779951069
|move|p2a: Salamence|Dual Wingbeat|p1a: Pecharunt
|-damage|p1a: Pecharunt|24/100
|-crit|p1a: Pecharunt
|-damage|p1a: Pecharunt|0 fnt
|faint|p1a: Pecharunt
|-ability|p2a: Salamence|Moxie|boost
|-boost|p2a: Salamence|atk|1
|-hitcount|p1: Pecharunt|2
|
|upkeep
|
|t:|1779951071
|switch|p1a: Scizor|Scizor, M|100/100
|turn|27
|
|t:|1779951079
|move|p1a: Scizor|Bullet Punch|p2a: Salamence
|-damage|p2a: Salamence|0 fnt
|faint|p2a: Salamence
|
|upkeep
|
|t:|1779951087
|switch|p2a: Charizard|Charizard, M|34/100
|turn|28
|
|t:|1779951094
|move|p1a: Scizor|Bullet Punch|p2a: Charizard
|-resisted|p2a: Charizard
|-damage|p2a: Charizard|0 fnt
|faint|p2a: Charizard
|
|upkeep
|
|t:|1779951100
|switch|p2a: Corviknight|Corviknight, M, shiny|66/100
|turn|29
|
|t:|1779951105
|move|p1a: Scizor|Bullet Punch|p2a: Corviknight
|-resisted|p2a: Corviknight
|-damage|p2a: Corviknight|50/100
|-damage|p1a: Scizor|84/100|[from] item: Rocky Helmet|[of] p2a: Corviknight
|move|p2a: Corviknight|Roost|p2a: Corviknight
|-heal|p2a: Corviknight|99/100
|-singleturn|p2a: Corviknight|move: Roost
|
|upkeep
|turn|30
|-message|xueshang forfeited.
|
|win|LL8888
|raw|xueshang's rating: 1351 &rarr; <strong>1333</strong><br />(-18 for losing)
|raw|LL8888's rating: 1387 &rarr; <strong>1405</strong><br />(+18 for winning)
|l|☆xueshang
|player|p1|
|l|☆LL8888
|player|p2|
