|j|☆Hallommora
|j|☆LeChunkalo
|t:|1779877019
|gametype|singles
|player|p1|Hallommora|clown|1596
|player|p2|LeChunkalo|biker-gen4|1533
|gen|9
|tier|[Gen 9] OU
|rated|
|rule|HP Percentage Mod: HP is shown in percentages
|rule|Endless Battle Clause: Forcing endless battles is banned
|rule|Species Clause: Limit one of each Pokémon
|rule|OHKO Clause: OHKO moves are banned
|rule|Evasion Items Clause: Evasion items are banned
|rule|Evasion Moves Clause: Evasion moves are banned
|rule|Evasion Abilities Clause: Evasion abilities are banned
|rule|Sleep Moves Clause: Sleep-inducing moves are banned
|clearpoke
|poke|p1|Iron Treads|
|poke|p1|Raging Bolt|
|poke|p1|Iron Valiant|
|poke|p1|Kingambit, M|
|poke|p1|Great Tusk|
|poke|p1|Ogerpon-Wellspring, F|
|poke|p2|Ogerpon-Cornerstone, F|
|poke|p2|Pecharunt|
|poke|p2|Zapdos-Galar|
|poke|p2|Dragonite, M|
|poke|p2|Iron Treads|
|poke|p2|Primarina, F|
|teampreview
|inactive|Battle timer is ON: inactive players will automatically lose when time's up. (requested by Hallommora)
|inactive|LeChunkalo also wants the timer to be on.
|
|t:|1779877036
|teamsize|p1|6
|teamsize|p2|6
|start
|switch|p1a: Iron Treads|Iron Treads|100/100
|switch|p2a: Zapdos|Zapdos-Galar|100/100
|turn|1
|
|t:|1779877056
|move|p2a: Zapdos|Close Combat|p1a: Iron Treads
|-supereffective|p1a: Iron Treads
|-enditem|p1a: Iron Treads|Focus Sash
|-damage|p1a: Iron Treads|1/100
|-unboost|p2a: Zapdos|def|1
|-unboost|p2a: Zapdos|spd|1
|move|p1a: Iron Treads|Rapid Spin|p2a: Zapdos
|-damage|p2a: Zapdos|73/100
|-boost|p1a: Iron Treads|spe|1
|
|upkeep
|turn|2
|
|t:|1779877076
|switch|p2a: Pecharunt|Pecharunt|100/100
|-terastallize|p1a: Iron Treads|Ghost
|move|p1a: Iron Treads|Endeavor|p2a: Pecharunt
|-immune|p2a: Pecharunt
|
|upkeep
|turn|3
|
|t:|1779877091
|move|p1a: Iron Treads|Stealth Rock|p2a: Pecharunt
|-sidestart|p2: LeChunkalo|move: Stealth Rock
|move|p2a: Pecharunt|Shadow Ball|p1a: Iron Treads
|-supereffective|p1a: Iron Treads
|-damage|p1a: Iron Treads|0 fnt
|faint|p1a: Iron Treads
|-end|p1a: Iron Treads|Quark Drive|[silent]
|
|upkeep
|
|t:|1779877095
|switch|p1a: Kingambit|Kingambit, M|100/100
|-activate|p1a: Kingambit|ability: Supreme Overlord
|-start|p1a: Kingambit|fallen1|[silent]
|turn|4
|
|t:|1779877105
|switch|p2a: Iron Treads|Iron Treads|100/100
|-damage|p2a: Iron Treads|97/100|[from] Stealth Rock
|move|p1a: Kingambit|Swords Dance|p1a: Kingambit
|-boost|p1a: Kingambit|atk|2
|
|-heal|p2a: Iron Treads|100/100|[from] item: Leftovers
|upkeep
|turn|5
|
|t:|1779877113
|move|p2a: Iron Treads|Earthquake|p1a: Kingambit
|-supereffective|p1a: Kingambit
|-damage|p1a: Kingambit|23/100
|move|p1a: Kingambit|Kowtow Cleave|p2a: Iron Treads
|-damage|p2a: Iron Treads|4/100
|
|-heal|p2a: Iron Treads|10/100|[from] item: Leftovers
|upkeep
|turn|6
|
|t:|1779877119
|move|p2a: Iron Treads|Stealth Rock|p1a: Kingambit
|-sidestart|p1: Hallommora|move: Stealth Rock
|move|p1a: Kingambit|Kowtow Cleave|p2a: Iron Treads
|-damage|p2a: Iron Treads|0 fnt
|faint|p2a: Iron Treads
|-end|p2a: Iron Treads|Quark Drive|[silent]
|
|upkeep
|
|t:|1779877122
|switch|p2a: Zapdos|Zapdos-Galar|73/100
|-damage|p2a: Zapdos|61/100|[from] Stealth Rock
|turn|7
|
|t:|1779877128
|move|p1a: Kingambit|Sucker Punch|p2a: Zapdos
|-resisted|p2a: Zapdos
|-damage|p2a: Zapdos|7/100
|move|p2a: Zapdos|Close Combat|p1a: Kingambit
|-supereffective|p1a: Kingambit
|-damage|p1a: Kingambit|0 fnt
|-unboost|p2a: Zapdos|def|1
|-unboost|p2a: Zapdos|spd|1
|faint|p1a: Kingambit
|-end|p1a: Kingambit|fallen1|[silent]
|
|upkeep
|
|t:|1779877134
|switch|p1a: Great Tusk|Great Tusk|100/100
|-damage|p1a: Great Tusk|98/100|[from] Stealth Rock
|-enditem|p1a: Great Tusk|Booster Energy
|-activate|p1a: Great Tusk|ability: Protosynthesis|[fromitem]
|-start|p1a: Great Tusk|protosynthesisspe
|turn|8
|
|t:|1779877141
|switch|p2a: Pecharunt|Pecharunt|100/100
|move|p1a: Great Tusk|Bulk Up|p1a: Great Tusk
|-boost|p1a: Great Tusk|atk|1
|-boost|p1a: Great Tusk|def|1
|
|upkeep
|turn|9
|
|t:|1779877159
|-terastallize|p2a: Pecharunt|Ghost
|move|p1a: Great Tusk|Headlong Rush|p2a: Pecharunt
|-damage|p2a: Pecharunt|48/100
|-unboost|p1a: Great Tusk|def|1
|-unboost|p1a: Great Tusk|spd|1
|move|p2a: Pecharunt|Nasty Plot|p2a: Pecharunt
|-boost|p2a: Pecharunt|spa|2
|
|upkeep
|turn|10
|
|t:|1779877164
|move|p1a: Great Tusk|Headlong Rush|p2a: Pecharunt
|-damage|p2a: Pecharunt|0 fnt
|-unboost|p1a: Great Tusk|def|1
|-unboost|p1a: Great Tusk|spd|1
|faint|p2a: Pecharunt
|
|upkeep
|
|t:|1779877174
|switch|p2a: Dragonite|Dragonite, M|100/100
|turn|11
|
|t:|1779877185
|move|p2a: Dragonite|Extreme Speed|p1a: Great Tusk
|-damage|p1a: Great Tusk|69/100
|move|p1a: Great Tusk|Bulk Up|p1a: Great Tusk
|-boost|p1a: Great Tusk|atk|1
|-boost|p1a: Great Tusk|def|1
|
|upkeep
|turn|12
|
|t:|1779877190
|move|p1a: Great Tusk|Ice Spinner|p2a: Dragonite
|-supereffective|p2a: Dragonite
|-damage|p2a: Dragonite|20/100
|move|p2a: Dragonite|Dragon Tail|p1a: Great Tusk|[miss]
|-miss|p2a: Dragonite|p1a: Great Tusk
|
|upkeep
|turn|13
|
|t:|1779877199
|move|p2a: Dragonite|Extreme Speed|p1a: Great Tusk
|-damage|p1a: Great Tusk|50/100
|move|p1a: Great Tusk|Rapid Spin|p2a: Dragonite
|-damage|p2a: Dragonite|0 fnt
|-boost|p1a: Great Tusk|spe|1
|-sideend|p1: Hallommora|Stealth Rock|[from] move: Rapid Spin|[of] p1a: Great Tusk
|faint|p2a: Dragonite
|
|upkeep
|
|t:|1779877203
|switch|p2a: Primarina|Primarina, F|100/100
|-damage|p2a: Primarina|88/100|[from] Stealth Rock
|turn|14
|-message|LeChunkalo forfeited.
|
|win|Hallommora
|raw|Hallommora's rating: 1571 &rarr; <strong>1589</strong><br />(+18 for winning)
|raw|LeChunkalo's rating: 1533 &rarr; <strong>1515</strong><br />(-18 for losing)
|l|☆LeChunkalo
|player|p2|
