|j|☆portobellomushroom
|j|☆RedemptiveSketch
|t:|1779946325
|gametype|singles
|player|p1|portobellomushroom|turo-ai|1775
|player|p2|RedemptiveSketch|boarder-gen2|1814
|gen|9
|tier|[Gen 9] OU
|rated|
|rule|HP Percentage Mod: HP is shown in percentages
|rule|Endless Battle Clause: Forcing endless battles is banned
|rule|Species Clause: Limit one of each Pokémon
|rule|OHKO Clause: OHKO moves are banned
|rule|Evasion Items Clause: Evasion items are banned
|rule|Evasion Moves Clause: Evasion moves are banned
|rule|Evasion Abilities Clause: Evasion abilities are banned
|rule|Sleep Moves Clause: Sleep-inducing moves are banned
|clearpoke
|poke|p1|Glimmora, M|
|poke|p1|Polteageist|
|poke|p1|Deoxys-Speed|
|poke|p1|Great Tusk|
|poke|p1|Dragonite, F|
|poke|p1|Iron Valiant|
|poke|p2|Raging Bolt|
|poke|p2|Samurott-Hisui, M|
|poke|p2|Gholdengo|
|poke|p2|Great Tusk|
|poke|p2|Moltres|
|poke|p2|Ogerpon, F|
|teampreview
|inactive|Battle timer is ON: inactive players will automatically lose when time's up. (requested by RedemptiveSketch)
|inactive|portobellomushroom also wants the timer to be on.
|inactive|RedemptiveSketch has 120 seconds left.
|
|t:|1779946371
|teamsize|p1|6
|teamsize|p2|6
|start
|switch|p1a: glim glam|Glimmora, M|100/100
|switch|p2a: Samurott|Samurott-Hisui, M|100/100
|turn|1
|
|t:|1779946384
|move|p1a: glim glam|Stealth Rock|p2a: Samurott
|-sidestart|p2: RedemptiveSketch|move: Stealth Rock
|move|p2a: Samurott|Ceaseless Edge|p1a: glim glam
|-damage|p1a: glim glam|50/100
|-activate|p1a: glim glam|ability: Toxic Debris
|-sidestart|p2: RedemptiveSketch|move: Toxic Spikes
|-sidestart|p1: portobellomushroom|Spikes
|
|upkeep
|turn|2
|
|t:|1779946398
|move|p1a: glim glam|Mortal Spin|p2a: Samurott
|-crit|p2a: Samurott
|-damage|p2a: Samurott|91/100
|-status|p2a: Samurott|psn
|-sideend|p1: portobellomushroom|Spikes|[from] move: Mortal Spin|[of] p1a: glim glam
|move|p2a: Samurott|Ceaseless Edge|p1a: glim glam
|-damage|p1a: glim glam|1/100
|-activate|p1a: glim glam|ability: Toxic Debris
|-sidestart|p2: RedemptiveSketch|move: Toxic Spikes
|-sidestart|p1: portobellomushroom|Spikes
|
|-damage|p2a: Samurott|79/100 psn|[from] psn
|upkeep
|turn|3
|
|t:|1779946403
|move|p2a: Samurott|Sucker Punch|p1a: glim glam
|-damage|p1a: glim glam|0 fnt
|faint|p1a: glim glam
|
|-damage|p2a: Samurott|67/100 psn|[from] psn
|upkeep
|
|t:|1779946405
|switch|p1a: great donphan|Great Tusk|100/100
|-damage|p1a: great donphan|88/100|[from] Spikes
|-enditem|p1a: great donphan|Booster Energy
|-activate|p1a: great donphan|ability: Protosynthesis|[fromitem]
|-start|p1a: great donphan|protosynthesisspe
|turn|4
|
|t:|1779946412
|switch|p2a: Great Tusk|Great Tusk|100/100
|move|p1a: great donphan|Bulk Up|p1a: great donphan
|-boost|p1a: great donphan|atk|1
|-boost|p1a: great donphan|def|1
|
|upkeep
|turn|5
|
|t:|1779946422
|move|p1a: great donphan|Bulk Up|p1a: great donphan
|-boost|p1a: great donphan|atk|1
|-boost|p1a: great donphan|def|1
|move|p2a: Great Tusk|Stealth Rock|p1a: great donphan
|-sidestart|p1: portobellomushroom|move: Stealth Rock
|
|upkeep
|turn|6
|
|t:|1779946432
|move|p1a: great donphan|Headlong Rush|p2a: Great Tusk
|-damage|p2a: Great Tusk|27/100
|-unboost|p1a: great donphan|def|1
|-unboost|p1a: great donphan|spd|1
|move|p2a: Great Tusk|Rapid Spin|p1a: great donphan
|-damage|p1a: great donphan|81/100
|-boost|p2a: Great Tusk|spe|1
|-sideend|p2: RedemptiveSketch|Toxic Spikes|[from] move: Rapid Spin|[of] p2a: Great Tusk
|-sideend|p2: RedemptiveSketch|Stealth Rock|[from] move: Rapid Spin|[of] p2a: Great Tusk
|
|upkeep
|turn|7
|
|t:|1779946437
|move|p1a: great donphan|Headlong Rush|p2a: Great Tusk
|-damage|p2a: Great Tusk|0 fnt
|-unboost|p1a: great donphan|def|1
|-unboost|p1a: great donphan|spd|1
|faint|p2a: Great Tusk
|-end|p2a: Great Tusk|Protosynthesis|[silent]
|
|upkeep
|
|t:|1779946450
|switch|p2a: Ogerpon|Ogerpon, F|100/100
|turn|8
|
|t:|1779946457
|-terastallize|p2a: Ogerpon|Grass
|detailschange|p2a: Ogerpon|Ogerpon-Teal-Tera, F, tera:Grass
|-ability|p2a: Ogerpon|Embody Aspect (Teal)|boost
|-boost|p2a: Ogerpon|spe|1
|move|p2a: Ogerpon|Ivy Cudgel|p1a: great donphan
|-supereffective|p1a: great donphan
|-damage|p1a: great donphan|0 fnt
|faint|p1a: great donphan
|-end|p1a: great donphan|Protosynthesis|[silent]
|
|upkeep
|
|t:|1779946477
|switch|p1a: which set?|Iron Valiant|100/100
|-damage|p1a: which set?|88/100|[from] Spikes
|-damage|p1a: which set?|82/100|[from] Stealth Rock
|-enditem|p1a: which set?|Booster Energy
|-activate|p1a: which set?|ability: Quark Drive|[fromitem]
|-start|p1a: which set?|quarkdrivespe
|turn|9
|
|t:|1779946484
|move|p1a: which set?|Swords Dance|p1a: which set?
|-boost|p1a: which set?|atk|2
|move|p2a: Ogerpon|Ivy Cudgel|p1a: which set?
|-damage|p1a: which set?|0 fnt
|faint|p1a: which set?
|-end|p1a: which set?|Quark Drive|[silent]
|
|upkeep
|
|t:|1779946487
|switch|p1a: Dnite|Dragonite, F|100/100
|turn|10
|
|t:|1779946490
|move|p2a: Ogerpon|Rock Tomb|p1a: Dnite
|-supereffective|p1a: Dnite
|-damage|p1a: Dnite|81/100
|-unboost|p1a: Dnite|spe|1
|move|p1a: Dnite|Dragon Dance|p1a: Dnite
|-boost|p1a: Dnite|atk|1
|-boost|p1a: Dnite|spe|1
|
|upkeep
|turn|11
|
|t:|1779946502
|switch|p2a: Moltres|Moltres|100/100
|move|p1a: Dnite|Dragon Dance|p1a: Dnite
|-boost|p1a: Dnite|atk|1
|-boost|p1a: Dnite|spe|1
|
|upkeep
|turn|12
|
|t:|1779946508
|move|p1a: Dnite|Dragon Dance|p1a: Dnite
|-boost|p1a: Dnite|atk|1
|-boost|p1a: Dnite|spe|1
|move|p2a: Moltres|Roar|p1a: Dnite
|drag|p1a: liting mcgoo|Deoxys-Speed|100/100
|-damage|p1a: liting mcgoo|88/100|[from] Spikes
|-damage|p1a: liting mcgoo|76/100|[from] Stealth Rock
|-ability|p1a: liting mcgoo|Pressure
|
|upkeep
|turn|13
|j| creeeper39
|
|t:|1779946515
|move|p1a: liting mcgoo|Psycho Boost|p2a: Moltres|[miss]
|-miss|p1a: liting mcgoo|p2a: Moltres
|move|p2a: Moltres|U-turn|p1a: liting mcgoo
|-supereffective|p1a: liting mcgoo
|-damage|p1a: liting mcgoo|32/100
|
|t:|1779946521
|switch|p2a: Ogerpon|Ogerpon-Teal-Tera, F, tera:Grass|100/100|[from] U-turn
|-ability|p2a: Ogerpon|Embody Aspect (Teal)|boost
|-boost|p2a: Ogerpon|spe|1
|
|upkeep
|turn|14
|
|t:|1779946526
|move|p2a: Ogerpon|Knock Off|p1a: liting mcgoo
|-supereffective|p1a: liting mcgoo
|-damage|p1a: liting mcgoo|0 fnt
|-enditem|p1a: liting mcgoo|Life Orb|[from] move: Knock Off|[of] p2a: Ogerpon
|faint|p1a: liting mcgoo
|
|upkeep
|
|t:|1779946528
|switch|p1a: Dnite|Dragonite, F|81/100
|turn|15
|
|t:|1779946531
|move|p2a: Ogerpon|Rock Tomb|p1a: Dnite
|-supereffective|p1a: Dnite
|-damage|p1a: Dnite|43/100
|-unboost|p1a: Dnite|spe|1
|move|p1a: Dnite|Dragon Dance|p1a: Dnite
|-boost|p1a: Dnite|atk|1
|-boost|p1a: Dnite|spe|1
|
|upkeep
|turn|16
|
|t:|1779946538
|-terastallize|p1a: Dnite|Normal
|move|p1a: Dnite|Extreme Speed|p2a: Ogerpon
|-damage|p2a: Ogerpon|8/100
|move|p2a: Ogerpon|Rock Tomb|p1a: Dnite|[miss]
|-miss|p2a: Ogerpon|p1a: Dnite
|
|upkeep
|turn|17
|
|t:|1779946545
|switch|p2a: Moltres|Moltres|100/100
|move|p1a: Dnite|Extreme Speed|p2a: Moltres
|-damage|p2a: Moltres|40/100
|
|upkeep
|turn|18
|
|t:|1779946550
|move|p1a: Dnite|Extreme Speed|p2a: Moltres
|-damage|p2a: Moltres|0 fnt
|faint|p2a: Moltres
|
|upkeep
|
|t:|1779946553
|switch|p2a: Gholdengo|Gholdengo|100/100
|turn|19
|
|t:|1779946558
|move|p2a: Gholdengo|Make It Rain|p1a: Dnite
|-damage|p1a: Dnite|0 fnt
|-unboost|p2a: Gholdengo|spa|1
|faint|p1a: Dnite
|
|upkeep
|
|t:|1779946560
|switch|p1a: drank|Polteageist|100/100
|-damage|p1a: drank|88/100|[from] Spikes
|-damage|p1a: drank|76/100|[from] Stealth Rock
|turn|20
|
|t:|1779946571
|switch|p2a: Ogerpon|Ogerpon-Teal-Tera, F, tera:Grass|8/100
|-ability|p2a: Ogerpon|Embody Aspect (Teal)|boost
|-boost|p2a: Ogerpon|spe|1
|move|p1a: drank|Shell Smash|p1a: drank
|-unboost|p1a: drank|def|1
|-unboost|p1a: drank|spd|1
|-boost|p1a: drank|atk|2
|-boost|p1a: drank|spa|2
|-boost|p1a: drank|spe|2
|
|upkeep
|turn|21
|
|t:|1779946575
|move|p2a: Ogerpon|Ivy Cudgel|p1a: drank
|-damage|p1a: drank|0 fnt
|faint|p1a: drank
|
|win|RedemptiveSketch
|raw|portobellomushroom's rating: 1775 &rarr; <strong>1757</strong><br />(-18 for losing)
|raw|RedemptiveSketch's rating: 1814 &rarr; <strong>1832</strong><br />(+18 for winning)
|l|☆portobellomushroom
|player|p1|
|l|☆RedemptiveSketch
|player|p2|
|l| creeeper39
