|j|☆roninakahito
|j|☆Nahlokin
|t:|1779890062
|gametype|singles
|player|p1|roninakahito|ninjaboy|1484
|player|p2|Nahlokin|hilbert|1478
|gen|9
|tier|[Gen 9] OU
|rated|
|rule|HP Percentage Mod: HP is shown in percentages
|rule|Endless Battle Clause: Forcing endless battles is banned
|rule|Species Clause: Limit one of each Pokémon
|rule|OHKO Clause: OHKO moves are banned
|rule|Evasion Items Clause: Evasion items are banned
|rule|Evasion Moves Clause: Evasion moves are banned
|rule|Evasion Abilities Clause: Evasion abilities are banned
|rule|Sleep Moves Clause: Sleep-inducing moves are banned
|clearpoke
|poke|p1|Iron Crown|
|poke|p1|Tyranitar, F|
|poke|p1|Great Tusk|
|poke|p1|Drifblim, F|
|poke|p1|Rillaboom, F|
|poke|p1|Iron Valiant|
|poke|p2|Trevenant, M|
|poke|p2|Torkoal, M|
|poke|p2|Walking Wake|
|poke|p2|Great Tusk|
|poke|p2|Heatran, M|
|poke|p2|Clefable, F|
|teampreview
|inactive|Battle timer is ON: inactive players will automatically lose when time's up. (requested by Nahlokin)
|inactive|roninakahito also wants the timer to be on.
|
|t:|1779890071
|teamsize|p1|6
|teamsize|p2|6
|start
|switch|p1a: Drifblim|Drifblim, F|100/100
|switch|p2a: END KALI YUGA|Torkoal, M|100/100
|-weather|SunnyDay|[from] ability: Drought|[of] p2a: END KALI YUGA
|turn|1
|
|t:|1779890080
|switch|p2a: I'LL MISS|Heatran, M|100/100
|move|p1a: Drifblim|Trick|p2a: I'LL MISS
|-activate|p1a: Drifblim|move: Trick|[of] p2a: I'LL MISS
|-item|p2a: I'LL MISS|Choice Scarf|[from] move: Trick
|-item|p1a: Drifblim|Leftovers|[from] move: Trick
|
|-weather|SunnyDay|[upkeep]
|upkeep
|turn|2
|
|t:|1779890086
|move|p2a: I'LL MISS|Magma Storm|p1a: Drifblim|[miss]
|-miss|p2a: I'LL MISS|p1a: Drifblim
|move|p1a: Drifblim|Shadow Ball|p2a: I'LL MISS
|-damage|p2a: I'LL MISS|79/100
|-unboost|p2a: I'LL MISS|spd|1
|
|-weather|SunnyDay|[upkeep]
|upkeep
|turn|3
|
|t:|1779890094
|move|p2a: I'LL MISS|Magma Storm|p1a: Drifblim
|-damage|p1a: Drifblim|26/100
|-activate|p1a: Drifblim|move: Magma Storm|[of] p2a: I'LL MISS
|move|p1a: Drifblim|Shadow Ball|p2a: I'LL MISS
|-damage|p2a: I'LL MISS|47/100
|
|-weather|SunnyDay|[upkeep]
|-heal|p1a: Drifblim|32/100|[from] item: Leftovers
|-damage|p1a: Drifblim|19/100|[from] move: Magma Storm|[partiallytrapped]
|upkeep
|turn|4
|
|t:|1779890102
|switch|p1a: Tyranitar|Tyranitar, F|100/100
|-weather|Sandstorm|[from] ability: Sand Stream|[of] p1a: Tyranitar
|move|p2a: I'LL MISS|Magma Storm|p1a: Tyranitar
|-resisted|p1a: Tyranitar
|-damage|p1a: Tyranitar|86/100
|-activate|p1a: Tyranitar|move: Magma Storm|[of] p2a: I'LL MISS
|
|-weather|Sandstorm|[upkeep]
|-heal|p1a: Tyranitar|92/100|[from] item: Leftovers
|-damage|p1a: Tyranitar|79/100|[from] move: Magma Storm|[partiallytrapped]
|upkeep
|turn|5
|
|t:|1779890112
|switch|p2a: MINERAL AWARENESS|Great Tusk|100/100
|move|p1a: Tyranitar|Knock Off|p2a: MINERAL AWARENESS
|-resisted|p2a: MINERAL AWARENESS
|-damage|p2a: MINERAL AWARENESS|82/100
|-enditem|p2a: MINERAL AWARENESS|Heavy-Duty Boots|[from] move: Knock Off|[of] p1a: Tyranitar
|
|-weather|Sandstorm|[upkeep]
|-heal|p1a: Tyranitar|86/100|[from] item: Leftovers
|-end|p1a: Tyranitar|Magma Storm|[partiallytrapped]|[silent]
|upkeep
|turn|6
|
|t:|1779890120
|switch|p1a: Drifblim|Drifblim, F|19/100
|move|p2a: MINERAL AWARENESS|Knock Off|p1a: Drifblim
|-supereffective|p1a: Drifblim
|-damage|p1a: Drifblim|0 fnt
|-enditem|p1a: Drifblim|Leftovers|[from] move: Knock Off|[of] p2a: MINERAL AWARENESS
|faint|p1a: Drifblim
|
|-weather|Sandstorm|[upkeep]
|upkeep
|
|t:|1779890124
|switch|p1a: Rillaboom|Rillaboom, F|100/100
|-fieldstart|move: Grassy Terrain|[from] ability: Grassy Surge|[of] p1a: Rillaboom
|turn|7
|
|t:|1779890131
|-end|p2a: MINERAL AWARENESS|Protosynthesis|[silent]
|switch|p2a: I'LL MISS|Heatran, M|47/100
|move|p1a: Rillaboom|Wood Hammer|p2a: I'LL MISS
|-resisted|p2a: I'LL MISS
|-damage|p2a: I'LL MISS|28/100
|-damage|p1a: Rillaboom|93/100|[from] Recoil
|
|-weather|Sandstorm|[upkeep]
|-damage|p1a: Rillaboom|87/100|[from] Sandstorm
|-heal|p2a: I'LL MISS|34/100|[from] Grassy Terrain
|-heal|p1a: Rillaboom|93/100|[from] Grassy Terrain
|-heal|p1a: Rillaboom|99/100|[from] item: Leftovers
|upkeep
|turn|8
|
|t:|1779890144
|move|p2a: I'LL MISS|Magma Storm|p1a: Rillaboom
|-supereffective|p1a: Rillaboom
|-damage|p1a: Rillaboom|0 fnt
|faint|p1a: Rillaboom
|
|-weather|none
|-heal|p2a: I'LL MISS|40/100|[from] Grassy Terrain
|upkeep
|
|t:|1779890149
|switch|p1a: Tyranitar|Tyranitar, F|86/100
|-weather|Sandstorm|[from] ability: Sand Stream|[of] p1a: Tyranitar
|turn|9
|
|t:|1779890153
|move|p2a: I'LL MISS|Magma Storm|p1a: Tyranitar
|-resisted|p1a: Tyranitar
|-damage|p1a: Tyranitar|72/100
|-activate|p1a: Tyranitar|move: Magma Storm|[of] p2a: I'LL MISS
|move|p1a: Tyranitar|Dragon Dance|p1a: Tyranitar
|-boost|p1a: Tyranitar|atk|1
|-boost|p1a: Tyranitar|spe|1
|
|-weather|Sandstorm|[upkeep]
|-heal|p1a: Tyranitar|78/100|[from] Grassy Terrain
|-heal|p1a: Tyranitar|84/100|[from] item: Leftovers
|-heal|p2a: I'LL MISS|46/100|[from] Grassy Terrain
|-damage|p1a: Tyranitar|72/100|[from] move: Magma Storm|[partiallytrapped]
|upkeep
|turn|10
|
|t:|1779890166
|switch|p2a: ANNUNAKI PROJECT|Clefable, F|100/100
|move|p1a: Tyranitar|Dragon Dance|p1a: Tyranitar
|-boost|p1a: Tyranitar|atk|1
|-boost|p1a: Tyranitar|spe|1
|
|-weather|Sandstorm|[upkeep]
|-damage|p2a: ANNUNAKI PROJECT|94/100|[from] Sandstorm
|-heal|p1a: Tyranitar|78/100|[from] Grassy Terrain
|-heal|p1a: Tyranitar|84/100|[from] item: Leftovers
|-heal|p2a: ANNUNAKI PROJECT|100/100|[from] Grassy Terrain
|-end|p1a: Tyranitar|Magma Storm|[partiallytrapped]|[silent]
|upkeep
|turn|11
|
|t:|1779890185
|move|p1a: Tyranitar|Stone Edge|p2a: ANNUNAKI PROJECT
|-crit|p2a: ANNUNAKI PROJECT
|-damage|p2a: ANNUNAKI PROJECT|40/100
|move|p2a: ANNUNAKI PROJECT|Moonblast|p1a: Tyranitar
|-supereffective|p1a: Tyranitar
|-damage|p1a: Tyranitar|43/100
|
|-weather|Sandstorm|[upkeep]
|-damage|p2a: ANNUNAKI PROJECT|34/100|[from] Sandstorm
|-heal|p1a: Tyranitar|49/100|[from] Grassy Terrain
|-heal|p1a: Tyranitar|55/100|[from] item: Leftovers
|-heal|p2a: ANNUNAKI PROJECT|40/100|[from] Grassy Terrain
|-heal|p2a: ANNUNAKI PROJECT|46/100|[from] item: Leftovers
|-fieldend|move: Grassy Terrain
|upkeep
|turn|12
|
|t:|1779890204
|move|p1a: Tyranitar|Knock Off|p2a: ANNUNAKI PROJECT
|-resisted|p2a: ANNUNAKI PROJECT
|-damage|p2a: ANNUNAKI PROJECT|27/100
|-enditem|p2a: ANNUNAKI PROJECT|Leftovers|[from] move: Knock Off|[of] p1a: Tyranitar
|move|p2a: ANNUNAKI PROJECT|Thunder Wave|p1a: Tyranitar
|-status|p1a: Tyranitar|par
|
|-weather|Sandstorm|[upkeep]
|-damage|p2a: ANNUNAKI PROJECT|21/100|[from] Sandstorm
|-heal|p1a: Tyranitar|61/100 par|[from] item: Leftovers
|upkeep
|turn|13
|
|t:|1779890213
|move|p1a: Tyranitar|Stone Edge|p2a: ANNUNAKI PROJECT
|-damage|p2a: ANNUNAKI PROJECT|0 fnt
|faint|p2a: ANNUNAKI PROJECT
|
|-weather|none
|-heal|p1a: Tyranitar|68/100 par|[from] item: Leftovers
|upkeep
|
|t:|1779890221
|switch|p2a: MINERAL AWARENESS|Great Tusk|82/100
|turn|14
|
|t:|1779890225
|move|p2a: MINERAL AWARENESS|Headlong Rush|p1a: Tyranitar
|-supereffective|p1a: Tyranitar
|-damage|p1a: Tyranitar|0 fnt
|-unboost|p2a: MINERAL AWARENESS|def|1
|-unboost|p2a: MINERAL AWARENESS|spd|1
|faint|p1a: Tyranitar
|
|upkeep
|
|t:|1779890226
|switch|p1a: Great Tusk|Great Tusk|100/100
|turn|15
|
|t:|1779890233
|-end|p2a: MINERAL AWARENESS|Protosynthesis|[silent]
|switch|p2a: END KALI YUGA|Torkoal, M|100/100
|-weather|SunnyDay|[from] ability: Drought|[of] p2a: END KALI YUGA
|-activate|p1a: Great Tusk|ability: Protosynthesis
|-start|p1a: Great Tusk|protosynthesisatk
|move|p1a: Great Tusk|Bulk Up|p1a: Great Tusk
|-boost|p1a: Great Tusk|atk|1
|-boost|p1a: Great Tusk|def|1
|
|-weather|SunnyDay|[upkeep]
|upkeep
|turn|16
|
|t:|1779890242
|move|p1a: Great Tusk|Headlong Rush|p2a: END KALI YUGA
|-supereffective|p2a: END KALI YUGA
|-damage|p2a: END KALI YUGA|0 fnt
|-unboost|p1a: Great Tusk|def|1
|-unboost|p1a: Great Tusk|spd|1
|faint|p2a: END KALI YUGA
|
|-weather|SunnyDay|[upkeep]
|upkeep
|
|t:|1779890249
|switch|p2a: MATHEMATICAL CHEST|Walking Wake|100/100
|-activate|p2a: MATHEMATICAL CHEST|ability: Protosynthesis
|-start|p2a: MATHEMATICAL CHEST|protosynthesisspe
|turn|17
|
|t:|1779890253
|-terastallize|p2a: MATHEMATICAL CHEST|Water
|move|p2a: MATHEMATICAL CHEST|Hydro Steam|p1a: Great Tusk
|-supereffective|p1a: Great Tusk
|-damage|p1a: Great Tusk|0 fnt
|faint|p1a: Great Tusk
|-end|p1a: Great Tusk|Protosynthesis|[silent]
|
|-weather|SunnyDay|[upkeep]
|upkeep
|
|t:|1779890255
|switch|p1a: Iron Valiant|Iron Valiant|100/100
|-enditem|p1a: Iron Valiant|Booster Energy
|-activate|p1a: Iron Valiant|ability: Quark Drive|[fromitem]
|-start|p1a: Iron Valiant|quarkdrivespe
|turn|18
|
|t:|1779890262
|move|p1a: Iron Valiant|Thunderbolt|p2a: MATHEMATICAL CHEST
|-supereffective|p2a: MATHEMATICAL CHEST
|-damage|p2a: MATHEMATICAL CHEST|33/100
|move|p2a: MATHEMATICAL CHEST|Hydro Steam|p1a: Iron Valiant
|-damage|p1a: Iron Valiant|0 fnt
|faint|p1a: Iron Valiant
|-end|p1a: Iron Valiant|Quark Drive|[silent]
|
|-weather|SunnyDay|[upkeep]
|upkeep
|
|t:|1779890265
|switch|p1a: Iron Crown|Iron Crown|100/100
|turn|19
|
|t:|1779890271
|move|p2a: MATHEMATICAL CHEST|Hydro Steam|p1a: Iron Crown
|-damage|p1a: Iron Crown|0 fnt
|faint|p1a: Iron Crown
|-end|p1a: Iron Crown|Quark Drive|[silent]
|
|win|Nahlokin
|raw|roninakahito's rating: 1484 &rarr; <strong>1464</strong><br />(-20 for losing)
|raw|Nahlokin's rating: 1478 &rarr; <strong>1498</strong><br />(+20 for winning)
|l|☆Nahlokin
|player|p2|
|l|☆roninakahito
|player|p1|
