|j|☆hattybatty304
|j|☆thorgalaeg7
|t:|1779806345
|gametype|singles
|player|p1|hattybatty304|swimmerf|1342
|player|p2|thorgalaeg7|byron|1450
|gen|9
|tier|[Gen 9] OU
|rated|
|rule|HP Percentage Mod: HP is shown in percentages
|rule|Endless Battle Clause: Forcing endless battles is banned
|rule|Species Clause: Limit one of each Pokémon
|rule|OHKO Clause: OHKO moves are banned
|rule|Evasion Items Clause: Evasion items are banned
|rule|Evasion Moves Clause: Evasion moves are banned
|rule|Evasion Abilities Clause: Evasion abilities are banned
|rule|Sleep Moves Clause: Sleep-inducing moves are banned
|clearpoke
|poke|p1|Hatterene, F|
|poke|p1|Meowscarada, F|
|poke|p1|Primarina, F|
|poke|p1|Cinderace, F|
|poke|p1|Pecharunt|
|poke|p1|Inteleon, F|
|poke|p2|Dragapult, M|
|poke|p2|Great Tusk|
|poke|p2|Tornadus-Therian, M|
|poke|p2|Pecharunt|
|poke|p2|Ogerpon-Wellspring, F|
|poke|p2|Zamazenta-*|
|teampreview
|inactive|Battle timer is ON: inactive players will automatically lose when time's up. (requested by hattybatty304)
|
|t:|1779806355
|teamsize|p1|6
|teamsize|p2|6
|start
|switch|p1a: fatty|Hatterene, F|100/100
|switch|p2a: Tornadus|Tornadus-Therian, M|100/100
|turn|1
|
|t:|1779806361
|move|p2a: Tornadus|U-turn|p1a: fatty
|-damage|p1a: fatty|83/100
|
|t:|1779806364
|switch|p2a: Great Tusk|Great Tusk|100/100|[from] U-turn
|move|p1a: fatty|Psychic Noise|p2a: Great Tusk
|-supereffective|p2a: Great Tusk
|-damage|p2a: Great Tusk|2/100
|-start|p2a: Great Tusk|move: Heal Block
|
|upkeep
|turn|2
|
|t:|1779806377
|move|p2a: Great Tusk|Headlong Rush|p1a: fatty
|-damage|p1a: fatty|14/100
|-unboost|p2a: Great Tusk|def|1
|-unboost|p2a: Great Tusk|spd|1
|move|p1a: fatty|Draining Kiss|p2a: Great Tusk
|-supereffective|p2a: Great Tusk
|-damage|p2a: Great Tusk|0 fnt
|-heal|p1a: fatty|15/100|[from] drain|[of] p2a: Great Tusk
|faint|p2a: Great Tusk
|-end|p2a: Great Tusk|Protosynthesis|[silent]
|
|upkeep
|
|t:|1779806395
|switch|p2a: Zamazenta|Zamazenta|100/100
|-ability|p2a: Zamazenta|Dauntless Shield|boost
|-boost|p2a: Zamazenta|def|1
|turn|3
|
|t:|1779806398
|move|p2a: Zamazenta|Crunch|p1a: fatty
|-damage|p1a: fatty|0 fnt
|faint|p1a: fatty
|
|upkeep
|
|t:|1779806407
|switch|p1a: Rapunzil|Primarina, F, shiny|100/100
|turn|4
|
|t:|1779806411
|switch|p2a: Tornadus|Tornadus-Therian, M|100/100
|move|p1a: Rapunzil|Psychic|p2a: Tornadus
|-damage|p2a: Tornadus|78/100
|
|upkeep
|turn|5
|
|t:|1779806418
|move|p2a: Tornadus|Knock Off|p1a: Rapunzil
|-resisted|p1a: Rapunzil
|-damage|p1a: Rapunzil|88/100
|-enditem|p1a: Rapunzil|Assault Vest|[from] move: Knock Off|[of] p2a: Tornadus
|move|p1a: Rapunzil|Draining Kiss|p2a: Tornadus
|-damage|p2a: Tornadus|60/100
|-heal|p1a: Rapunzil|100/100|[from] drain|[of] p2a: Tornadus
|
|upkeep
|turn|6
|
|t:|1779806427
|move|p2a: Tornadus|Bleakwind Storm|p1a: Rapunzil
|-crit|p1a: Rapunzil
|-damage|p1a: Rapunzil|58/100
|move|p1a: Rapunzil|Psychic|p2a: Tornadus
|-damage|p2a: Tornadus|40/100
|
|upkeep
|turn|7
|
|t:|1779806433
|move|p2a: Tornadus|U-turn|p1a: Rapunzil
|-resisted|p1a: Rapunzil
|-damage|p1a: Rapunzil|50/100
|
|t:|1779806439
|switch|p2a: Pecharunt|Pecharunt|100/100|[from] U-turn
|move|p1a: Rapunzil|Draining Kiss|p2a: Pecharunt
|-resisted|p2a: Pecharunt
|-damage|p2a: Pecharunt|87/100
|-heal|p1a: Rapunzil|60/100|[from] drain|[of] p2a: Pecharunt
|
|upkeep
|turn|8
|
|t:|1779806446
|move|p2a: Pecharunt|Malignant Chain|p1a: Rapunzil
|-supereffective|p1a: Rapunzil
|-damage|p1a: Rapunzil|17/100
|move|p1a: Rapunzil|Psychic|p2a: Pecharunt
|-supereffective|p2a: Pecharunt
|-damage|p2a: Pecharunt|25/100
|-unboost|p2a: Pecharunt|spd|1
|
|upkeep
|turn|9
|
|t:|1779806460
|move|p2a: Pecharunt|Malignant Chain|p1a: Rapunzil
|-supereffective|p1a: Rapunzil
|-damage|p1a: Rapunzil|0 fnt
|faint|p1a: Rapunzil
|
|upkeep
|
|t:|1779806466
|switch|p1a: Widow maker|Inteleon, F, shiny|100/100
|turn|10
|
|t:|1779806476
|switch|p2a: Ogerpon|Ogerpon-Wellspring, F|100/100
|move|p1a: Widow maker|Dark Pulse|p2a: Ogerpon
|-crit|p2a: Ogerpon
|-damage|p2a: Ogerpon|23/100
|
|upkeep
|turn|11
|
|t:|1779806486
|switch|p2a: Tornadus|Tornadus-Therian, M|73/100
|move|p1a: Widow maker|Dark Pulse|p2a: Tornadus
|-damage|p2a: Tornadus|55/100
|
|upkeep
|turn|12
|
|t:|1779806497
|move|p2a: Tornadus|Knock Off|p1a: Widow maker
|-damage|p1a: Widow maker|68/100
|-enditem|p1a: Widow maker|Scope Lens|[from] move: Knock Off|[of] p2a: Tornadus
|move|p1a: Widow maker|Ice Beam|p2a: Tornadus
|-supereffective|p2a: Tornadus
|-damage|p2a: Tornadus|12/100
|-status|p2a: Tornadus|frz
|
|upkeep
|turn|13
|
|t:|1779806509
|cant|p2a: Tornadus|frz
|move|p1a: Widow maker|Dark Pulse|p2a: Tornadus
|-damage|p2a: Tornadus|0 fnt
|faint|p2a: Tornadus
|
|upkeep
|
|t:|1779806515
|switch|p2a: Dragapult|Dragapult, M|100/100
|turn|14
|
|t:|1779806522
|move|p2a: Dragapult|Shadow Ball|p1a: Widow maker
|-damage|p1a: Widow maker|0 fnt
|faint|p1a: Widow maker
|
|upkeep
|
|t:|1779806527
|switch|p1a: TakeYoMan|Meowscarada, F|100/100
|turn|15
|
|t:|1779806533
|switch|p2a: Zamazenta|Zamazenta|100/100
|move|p1a: TakeYoMan|U-turn|p2a: Zamazenta
|-start|p1a: TakeYoMan|typechange|Bug|[from] ability: Protean
|-resisted|p2a: Zamazenta
|-damage|p2a: Zamazenta|81/100
|
|t:|1779806537
|switch|p1a: mosquito|Pecharunt|100/100|[from] U-turn
|
|-heal|p2a: Zamazenta|88/100|[from] item: Leftovers
|upkeep
|turn|16
|
|t:|1779806542
|move|p2a: Zamazenta|Crunch|p1a: mosquito
|-supereffective|p1a: mosquito
|-damage|p1a: mosquito|80/100
|-damage|p2a: Zamazenta|71/100|[from] item: Rocky Helmet|[of] p1a: mosquito
|move|p1a: mosquito|Nasty Plot|p1a: mosquito
|-boost|p1a: mosquito|spa|2
|
|-heal|p2a: Zamazenta|77/100|[from] item: Leftovers
|upkeep
|turn|17
|
|t:|1779806548
|move|p1a: mosquito|Nasty Plot|p1a: mosquito
|-boost|p1a: mosquito|spa|2
|move|p2a: Zamazenta|Roar|p1a: mosquito
|drag|p1a: TakeYoMan|Meowscarada, F|100/100
|
|-heal|p2a: Zamazenta|83/100|[from] item: Leftovers
|upkeep
|turn|18
|
|t:|1779806551
|move|p2a: Zamazenta|Body Press|p1a: TakeYoMan
|-supereffective|p1a: TakeYoMan
|-damage|p1a: TakeYoMan|0 fnt
|faint|p1a: TakeYoMan
|
|-heal|p2a: Zamazenta|90/100|[from] item: Leftovers
|upkeep
|
|t:|1779806553
|switch|p1a: mosquito|Pecharunt|80/100
|turn|19
|
|t:|1779806556
|switch|p2a: Ogerpon|Ogerpon-Wellspring, F|23/100
|move|p1a: mosquito|Malignant Chain|p2a: Ogerpon
|-supereffective|p2a: Ogerpon
|-damage|p2a: Ogerpon|0 fnt
|faint|p2a: Ogerpon
|
|upkeep
|
|t:|1779806565
|switch|p2a: Dragapult|Dragapult, M|100/100
|turn|20
|
|t:|1779806570
|-terastallize|p2a: Dragapult|Ghost
|-terastallize|p1a: mosquito|Dark
|move|p2a: Dragapult|Shadow Ball|p1a: mosquito
|-resisted|p1a: mosquito
|-damage|p1a: mosquito|42/100
|move|p1a: mosquito|Nasty Plot|p1a: mosquito
|-boost|p1a: mosquito|spa|2
|
|upkeep
|turn|21
|
|t:|1779806584
|switch|p2a: Pecharunt|Pecharunt|25/100
|move|p1a: mosquito|Recover|p1a: mosquito
|-heal|p1a: mosquito|92/100
|
|upkeep
|turn|22
|
|t:|1779806590
|move|p2a: Pecharunt|Malignant Chain|p1a: mosquito
|-damage|p1a: mosquito|62/100
|move|p1a: mosquito|Shadow Ball|p2a: Pecharunt
|-supereffective|p2a: Pecharunt
|-damage|p2a: Pecharunt|0 fnt
|faint|p2a: Pecharunt
|
|upkeep
|
|t:|1779806596
|switch|p2a: Zamazenta|Zamazenta|90/100
|turn|23
|
|t:|1779806599
|move|p2a: Zamazenta|Body Press|p1a: mosquito
|-supereffective|p1a: mosquito
|-damage|p1a: mosquito|29/100
|-damage|p2a: Zamazenta|73/100|[from] item: Rocky Helmet|[of] p1a: mosquito
|move|p1a: mosquito|Recover|p1a: mosquito
|-heal|p1a: mosquito|79/100
|
|-heal|p2a: Zamazenta|79/100|[from] item: Leftovers
|upkeep
|turn|24
|
|t:|1779806616
|move|p2a: Zamazenta|Iron Defense|p2a: Zamazenta
|-boost|p2a: Zamazenta|def|2
|move|p1a: mosquito|Malignant Chain|p2a: Zamazenta
|-damage|p2a: Zamazenta|31/100
|
|-heal|p2a: Zamazenta|38/100|[from] item: Leftovers
|upkeep
|turn|25
|
|t:|1779806621
|move|p2a: Zamazenta|Body Press|p1a: mosquito
|-supereffective|p1a: mosquito
|-damage|p1a: mosquito|11/100
|-damage|p2a: Zamazenta|21/100|[from] item: Rocky Helmet|[of] p1a: mosquito
|move|p1a: mosquito|Malignant Chain|p2a: Zamazenta
|-damage|p2a: Zamazenta|0 fnt
|faint|p2a: Zamazenta
|
|upkeep
|
|t:|1779806631
|switch|p2a: Dragapult|Dragapult, M, tera:Ghost|100/100
|turn|26
|
|t:|1779806634
|move|p2a: Dragapult|Shadow Ball|p1a: mosquito
|-resisted|p1a: mosquito
|-damage|p1a: mosquito|0 fnt
|faint|p1a: mosquito
|
|upkeep
|
|t:|1779806637
|switch|p1a: Lm10|Cinderace, F|100/100
|turn|27
|
|t:|1779806639
|move|p1a: Lm10|Sucker Punch|p2a: Dragapult
|-start|p1a: Lm10|typechange|Dark|[from] ability: Libero
|-supereffective|p2a: Dragapult
|-damage|p2a: Dragapult|5/100
|move|p2a: Dragapult|Shadow Ball|p1a: Lm10
|-resisted|p1a: Lm10
|-damage|p1a: Lm10|48/100
|
|upkeep
|turn|28
|
|t:|1779806659
|move|p1a: Lm10|Sucker Punch|p2a: Dragapult
|-supereffective|p2a: Dragapult
|-damage|p2a: Dragapult|0 fnt
|faint|p2a: Dragapult
|
|win|hattybatty304
|raw|hattybatty304's rating: 1342 &rarr; <strong>1368</strong><br />(+26 for winning)
|raw|thorgalaeg7's rating: 1450 &rarr; <strong>1424</strong><br />(-26 for losing)
|l|☆thorgalaeg7
|player|p2|
|l|☆hattybatty304
|player|p1|
