|j|☆X2Muz
|j|☆Hunter_of_Keys
|t:|1779821311
|gametype|singles
|player|p1|X2Muz|lucas|1653
|player|p2|Hunter_of_Keys|veteran|1571
|gen|9
|tier|[Gen 9] OU
|rated|
|rule|HP Percentage Mod: HP is shown in percentages
|rule|Endless Battle Clause: Forcing endless battles is banned
|rule|Species Clause: Limit one of each Pokémon
|rule|OHKO Clause: OHKO moves are banned
|rule|Evasion Items Clause: Evasion items are banned
|rule|Evasion Moves Clause: Evasion moves are banned
|rule|Evasion Abilities Clause: Evasion abilities are banned
|rule|Sleep Moves Clause: Sleep-inducing moves are banned
|clearpoke
|poke|p1|Great Tusk|
|poke|p1|Kingambit, F|
|poke|p1|Raging Bolt|
|poke|p1|Walking Wake|
|poke|p1|Ninetales, M|
|poke|p1|Ceruledge, F|
|poke|p2|Gallade, M|
|poke|p2|Armarouge, M|
|poke|p2|Indeedee, M|
|poke|p2|Cresselia, F|
|poke|p2|Rabsca, M|
|poke|p2|Espeon, F|
|teampreview
|inactive|Battle timer is ON: inactive players will automatically lose when time's up. (requested by Hunter_of_Keys)
|inactive|X2Muz also wants the timer to be on.
|inactive|X2Muz has 120 seconds left.
|
|t:|1779821343
|teamsize|p1|6
|teamsize|p2|6
|start
|switch|p1a: Naruto|Ninetales, M|100/100
|switch|p2a: Indeedee|Indeedee, M|100/100
|-weather|SunnyDay|[from] ability: Drought|[of] p1a: Naruto
|-fieldstart|move: Psychic Terrain|[from] ability: Psychic Surge|[of] p2a: Indeedee
|turn|1
|
|t:|1779821356
|switch|p1a: 2.f4|Kingambit, F|100/100
|-item|p1a: 2.f4|Air Balloon
|switch|p2a: Armarouge|Armarouge, M|100/100
|
|-weather|SunnyDay|[upkeep]
|upkeep
|turn|2
|
|t:|1779821365
|-end|p1a: 2.f4|fallenundefined|[silent]
|switch|p1a: Resevoir slogs|Walking Wake|100/100
|-activate|p1a: Resevoir slogs|ability: Protosynthesis
|-start|p1a: Resevoir slogs|protosynthesisspe
|move|p2a: Armarouge|Endure||[still]
|-fail|p2a: Armarouge
|
|-weather|SunnyDay|[upkeep]
|upkeep
|turn|3
|
|t:|1779821372
|switch|p2a: Cresselia|Cresselia, F|100/100
|move|p1a: Resevoir slogs|Hydro Steam|p2a: Cresselia
|-damage|p2a: Cresselia|64/100
|
|-weather|SunnyDay|[upkeep]
|upkeep
|turn|4
|
|t:|1779821392
|-end|p1a: Resevoir slogs|Protosynthesis|[silent]
|switch|p1a: Red judas|Ceruledge, F|100/100
|-item|p1a: Red judas|Air Balloon
|move|p2a: Cresselia|Thunder Wave|p1a: Red judas
|-status|p1a: Red judas|par
|
|-weather|SunnyDay|[upkeep]
|upkeep
|turn|5
|
|t:|1779821401
|move|p2a: Cresselia|Lunar Dance|p2a: Cresselia
|faint|p2a: Cresselia
|move|p1a: Red judas|Swords Dance|p1a: Red judas
|-boost|p1a: Red judas|atk|2
|
|-weather|SunnyDay|[upkeep]
|upkeep
|
|t:|1779821410
|switch|p2a: Gallade|Gallade, M|100/100
|turn|6
|inactive|X2Muz has 120 seconds left.
|
|t:|1779821449
|-terastallize|p1a: Red judas|Fairy
|move|p2a: Gallade|Psycho Cut|p1a: Red judas
|-damage|p1a: Red judas|10/100 par
|-ability|p1a: Red judas|Weak Armor|boost
|-unboost|p1a: Red judas|def|1
|-boost|p1a: Red judas|spe|2
|-enditem|p1a: Red judas|Air Balloon
|move|p1a: Red judas|Bitter Blade|p2a: Gallade
|-enditem|p2a: Gallade|Focus Sash
|-damage|p2a: Gallade|1/100
|-heal|p1a: Red judas|51/100 par|[from] drain|[of] p2a: Gallade
|
|-weather|SunnyDay|[upkeep]
|upkeep
|turn|7
|inactive|X2Muz has 120 seconds left.
|
|t:|1779821468
|move|p2a: Gallade|Psycho Cut|p1a: Red judas
|-crit|p1a: Red judas
|-damage|p1a: Red judas|0 fnt
|faint|p1a: Red judas
|
|-weather|SunnyDay|[upkeep]
|upkeep
|
|t:|1779821472
|switch|p1a: Resevoir slogs|Walking Wake|100/100
|-activate|p1a: Resevoir slogs|ability: Protosynthesis
|-start|p1a: Resevoir slogs|protosynthesisspe
|turn|8
|
|t:|1779821476
|move|p1a: Resevoir slogs|Hydro Steam|p2a: Gallade
|-damage|p2a: Gallade|0 fnt
|faint|p2a: Gallade
|
|-weather|none
|-end|p1a: Resevoir slogs|Protosynthesis
|-fieldend|move: Psychic Terrain
|upkeep
|
|t:|1779821479
|switch|p2a: Espeon|Espeon, F|100/100
|turn|9
|
|t:|1779821490
|-end|p1a: Resevoir slogs|Protosynthesis|[silent]
|switch|p1a: Naruto|Ninetales, M|100/100
|-weather|SunnyDay|[from] ability: Drought|[of] p1a: Naruto
|move|p2a: Espeon|Thunder Wave|p1a: Naruto
|-status|p1a: Naruto|par
|
|-weather|SunnyDay|[upkeep]
|upkeep
|turn|10
|
|t:|1779821494
|move|p2a: Espeon|Psychic Noise|p1a: Naruto
|-damage|p1a: Naruto|63/100 par
|-start|p1a: Naruto|move: Heal Block
|cant|p1a: Naruto|par
|
|-weather|SunnyDay|[upkeep]
|upkeep
|turn|11
|
|t:|1779821499
|move|p2a: Espeon|Psychic Noise|p1a: Naruto
|-damage|p1a: Naruto|24/100 par
|move|p1a: Naruto|Overheat|p2a: Espeon
|-damage|p2a: Espeon|27/100
|-unboost|p1a: Naruto|spa|2
|
|-weather|SunnyDay|[upkeep]
|-end|p1a: Naruto|move: Heal Block
|upkeep
|turn|12
|
|t:|1779821506
|switch|p1a: Resevoir slogs|Walking Wake|100/100
|-activate|p1a: Resevoir slogs|ability: Protosynthesis
|-start|p1a: Resevoir slogs|protosynthesisspe
|move|p2a: Espeon|Psychic Noise|p1a: Resevoir slogs
|-damage|p1a: Resevoir slogs|74/100
|-start|p1a: Resevoir slogs|move: Heal Block
|
|-weather|SunnyDay|[upkeep]
|upkeep
|turn|13
|
|t:|1779821508
|move|p1a: Resevoir slogs|Hydro Steam|p2a: Espeon
|-damage|p2a: Espeon|0 fnt
|faint|p2a: Espeon
|
|-weather|SunnyDay|[upkeep]
|-end|p1a: Resevoir slogs|move: Heal Block
|upkeep
|
|t:|1779821513
|switch|p2a: Rabsca|Rabsca, M|100/100
|turn|14
|
|t:|1779821515
|-terastallize|p2a: Rabsca|Water
|move|p1a: Resevoir slogs|Weather Ball|p2a: Rabsca
|-resisted|p2a: Rabsca
|-damage|p2a: Rabsca|78/100
|move|p2a: Rabsca|Speed Swap|p1a: Resevoir slogs
|-activate|p2a: Rabsca|move: Speed Swap|[of] p1a: Resevoir slogs
|
|-weather|SunnyDay|[upkeep]
|upkeep
|turn|15
|
|t:|1779821536
|move|p2a: Rabsca|Revival Blessing|p2a: Rabsca
|-enditem|p2a: Rabsca|Leppa Berry|[eat]
|-activate|p2a: Rabsca|item: Leppa Berry|Revival Blessing|[consumed]
|
|t:|1779821541
|-heal|p2: Cresselia|50/100|[from] move: Revival Blessing
|move|p1a: Resevoir slogs|Draco Meteor|p2a: Rabsca
|-damage|p2a: Rabsca|17/100
|-unboost|p1a: Resevoir slogs|spa|2
|
|-weather|SunnyDay|[upkeep]
|upkeep
|turn|16
|
|t:|1779821561
|-end|p1a: Resevoir slogs|Protosynthesis|[silent]
|switch|p1a: nah i'd spin|Great Tusk|100/100
|-activate|p1a: nah i'd spin|ability: Protosynthesis
|-start|p1a: nah i'd spin|protosynthesisatk
|move|p2a: Rabsca|Revival Blessing|p2a: Rabsca
|
|t:|1779821573
|-heal|p2: Gallade|50/100|[from] move: Revival Blessing
|
|-weather|none
|-end|p1a: nah i'd spin|Protosynthesis
|upkeep
|turn|17
|
|t:|1779821586
|move|p2a: Rabsca|Psychic Noise|p1a: nah i'd spin
|-supereffective|p1a: nah i'd spin
|-damage|p1a: nah i'd spin|41/100
|-start|p1a: nah i'd spin|move: Heal Block
|move|p1a: nah i'd spin|Close Combat|p2a: Rabsca
|-damage|p2a: Rabsca|0 fnt
|-unboost|p1a: nah i'd spin|def|1
|-unboost|p1a: nah i'd spin|spd|1
|faint|p2a: Rabsca
|
|upkeep
|
|t:|1779821610
|switch|p2a: Cresselia|Cresselia, F|50/100
|-heal|p2a: Cresselia|100/100|[from] move: Lunar Dance
|turn|18
|
|t:|1779821613
|-end|p1a: nah i'd spin|Protosynthesis|[silent]
|switch|p1a: 2.f4|Kingambit, F|100/100
|-activate|p1a: 2.f4|ability: Supreme Overlord
|-start|p1a: 2.f4|fallen1|[silent]
|-item|p1a: 2.f4|Air Balloon
|move|p2a: Cresselia|Ice Beam|p1a: 2.f4
|-resisted|p1a: 2.f4
|-damage|p1a: 2.f4|91/100
|-enditem|p1a: 2.f4|Air Balloon
|
|upkeep
|turn|19
|
|t:|1779821622
|switch|p2a: Indeedee|Indeedee, M|100/100
|-fieldstart|move: Psychic Terrain|[from] ability: Psychic Surge|[of] p2a: Indeedee
|move|p1a: 2.f4|Kowtow Cleave|p2a: Indeedee
|-supereffective|p2a: Indeedee
|-damage|p2a: Indeedee|0 fnt
|faint|p2a: Indeedee
|
|upkeep
|
|t:|1779821626
|switch|p2a: Gallade|Gallade, M|50/100
|turn|20
|
|t:|1779821631
|-end|p1a: 2.f4|fallen1|[silent]
|switch|p1a: Naruto|Ninetales, M|24/100 par
|-weather|SunnyDay|[from] ability: Drought|[of] p1a: Naruto
|move|p2a: Gallade|Sacred Sword|p1a: Naruto
|-damage|p1a: Naruto|0 fnt
|faint|p1a: Naruto
|
|-weather|SunnyDay|[upkeep]
|upkeep
|
|t:|1779821640
|switch|p1a: Resevoir slogs|Walking Wake|74/100
|-activate|p1a: Resevoir slogs|ability: Protosynthesis
|-start|p1a: Resevoir slogs|protosynthesisspe
|turn|21
|
|t:|1779821645
|move|p1a: Resevoir slogs|Hydro Steam|p2a: Gallade
|-damage|p2a: Gallade|0 fnt
|faint|p2a: Gallade
|
|-weather|SunnyDay|[upkeep]
|upkeep
|
|t:|1779821648
|switch|p2a: Cresselia|Cresselia, F|100/100
|turn|22
|
|t:|1779821658
|-end|p1a: Resevoir slogs|Protosynthesis|[silent]
|switch|p1a: 2.f4|Kingambit, F|91/100
|-activate|p1a: 2.f4|ability: Supreme Overlord
|-start|p1a: 2.f4|fallen2|[silent]
|switch|p2a: Armarouge|Armarouge, M|100/100
|
|-weather|SunnyDay|[upkeep]
|upkeep
|turn|23
|
|t:|1779821666
|-end|p1a: 2.f4|fallen2|[silent]
|switch|p1a: Angry Nut|Raging Bolt|100/100
|-activate|p1a: Angry Nut|ability: Protosynthesis
|-start|p1a: Angry Nut|protosynthesisspa
|move|p2a: Armarouge|Expanding Force|p1a: Angry Nut
|-damage|p1a: Angry Nut|30/100
|
|-weather|SunnyDay|[upkeep]
|upkeep
|turn|24
|
|t:|1779821678
|move|p2a: Armarouge|Expanding Force|p1a: Angry Nut
|-damage|p1a: Angry Nut|0 fnt
|faint|p1a: Angry Nut
|-end|p1a: Angry Nut|Protosynthesis|[silent]
|
|-weather|SunnyDay|[upkeep]
|upkeep
|
|t:|1779821682
|switch|p1a: Resevoir slogs|Walking Wake|74/100
|-activate|p1a: Resevoir slogs|ability: Protosynthesis
|-start|p1a: Resevoir slogs|protosynthesisspe
|turn|25
|
|t:|1779821685
|switch|p2a: Cresselia|Cresselia, F|100/100
|move|p1a: Resevoir slogs|Hydro Steam|p2a: Cresselia
|-damage|p2a: Cresselia|66/100
|
|-weather|SunnyDay|[upkeep]
|upkeep
|turn|26
|j| rexa2
|
|t:|1779821712
|move|p1a: Resevoir slogs|Hydro Steam|p2a: Cresselia
|-damage|p2a: Cresselia|33/100
|move|p2a: Cresselia|Thunder Wave|p1a: Resevoir slogs
|-status|p1a: Resevoir slogs|par
|
|-weather|SunnyDay|[upkeep]
|-fieldend|move: Psychic Terrain
|upkeep
|turn|27
|
|t:|1779821719
|cant|p1a: Resevoir slogs|par
|move|p2a: Cresselia|Thunderbolt|p1a: Resevoir slogs
|-damage|p1a: Resevoir slogs|60/100 par
|
|-weather|none
|-end|p1a: Resevoir slogs|Protosynthesis
|upkeep
|turn|28
|
|t:|1779821726
|move|p2a: Cresselia|Thunderbolt|p1a: Resevoir slogs
|-damage|p1a: Resevoir slogs|47/100 par
|cant|p1a: Resevoir slogs|par
|
|upkeep
|turn|29
|
|t:|1779821730
|move|p2a: Cresselia|Thunderbolt|p1a: Resevoir slogs
|-damage|p1a: Resevoir slogs|33/100 par
|move|p1a: Resevoir slogs|Draco Meteor|p2a: Cresselia
|-damage|p2a: Cresselia|0 fnt
|-unboost|p1a: Resevoir slogs|spa|2
|faint|p2a: Cresselia
|
|upkeep
|
|t:|1779821733
|switch|p2a: Armarouge|Armarouge, M|100/100
|turn|30
|
|t:|1779821736
|move|p2a: Armarouge|Expanding Force|p1a: Resevoir slogs
|-damage|p1a: Resevoir slogs|0 fnt
|faint|p1a: Resevoir slogs
|-end|p1a: Resevoir slogs|Protosynthesis|[silent]
|
|upkeep
|
|t:|1779821746
|switch|p1a: 2.f4|Kingambit, F|91/100
|-activate|p1a: 2.f4|ability: Supreme Overlord
|-start|p1a: 2.f4|fallen4|[silent]
|turn|31
|
|t:|1779821754
|move|p2a: Armarouge|Endure|p2a: Armarouge
|-singleturn|p2a: Armarouge|move: Endure
|move|p1a: 2.f4|Kowtow Cleave|p2a: Armarouge
|-supereffective|p2a: Armarouge
|-activate|p2a: Armarouge|move: Endure
|-damage|p2a: Armarouge|1/100
|-ability|p2a: Armarouge|Weak Armor|boost
|-unboost|p2a: Armarouge|def|1
|-boost|p2a: Armarouge|spe|2
|-enditem|p2a: Armarouge|Weakness Policy
|-boost|p2a: Armarouge|atk|2|[from] item: Weakness Policy
|-boost|p2a: Armarouge|spa|2|[from] item: Weakness Policy
|
|upkeep
|turn|32
|
|t:|1779821763
|move|p1a: 2.f4|Sucker Punch||[still]
|-fail|p1a: 2.f4
|move|p2a: Armarouge|Destiny Bond|p2a: Armarouge
|-singlemove|p2a: Armarouge|Destiny Bond
|
|upkeep
|turn|33
|
|t:|1779821773
|move|p2a: Armarouge|Endure|p2a: Armarouge
|-singleturn|p2a: Armarouge|move: Endure
|move|p1a: 2.f4|Sucker Punch||[still]
|-fail|p1a: 2.f4
|
|upkeep
|turn|34
|c| rexa2|Bruh
|
|t:|1779821784
|move|p2a: Armarouge|Endure||[still]
|-fail|p2a: Armarouge
|move|p1a: 2.f4|Kowtow Cleave|p2a: Armarouge
|-supereffective|p2a: Armarouge
|-damage|p2a: Armarouge|0 fnt
|faint|p2a: Armarouge
|
|win|X2Muz
|raw|X2Muz's rating: 1653 &rarr; <strong>1668</strong><br />(+15 for winning)
|raw|Hunter_of_Keys's rating: 1571 &rarr; <strong>1556</strong><br />(-15 for losing)
|l|☆Hunter_of_Keys
|player|p2|
|c|☆X2Muz|yed
|c|☆X2Muz|the goat
|l| rexa2
