|j|☆PrincesaMayonesa
|j|☆fractal_face
|t:|1779954284
|gametype|singles
|player|p1|PrincesaMayonesa|nessa|1078
|player|p2|fractal_face|ghetsis-gen5bw|1151
|gen|9
|tier|[Gen 9] OU
|rated|
|rule|HP Percentage Mod: HP is shown in percentages
|rule|Endless Battle Clause: Forcing endless battles is banned
|rule|Species Clause: Limit one of each Pokémon
|rule|OHKO Clause: OHKO moves are banned
|rule|Evasion Items Clause: Evasion items are banned
|rule|Evasion Moves Clause: Evasion moves are banned
|rule|Evasion Abilities Clause: Evasion abilities are banned
|rule|Sleep Moves Clause: Sleep-inducing moves are banned
|clearpoke
|poke|p1|Cinderace, M|
|poke|p1|Raichu, M|
|poke|p1|Hitmonchan, M|
|poke|p1|Tyranitar, M|
|poke|p1|Milotic, M|
|poke|p1|Kingambit, M|
|poke|p2|Enamorus, F|
|poke|p2|Regieleki|
|poke|p2|Toxapex, F|
|poke|p2|Smeargle, F|
|poke|p2|Grimmsnarl, M|
|poke|p2|Corviknight, F|
|teampreview
|inactive|Battle timer is ON: inactive players will automatically lose when time's up. (requested by fractal_face)
|c|☆fractal_face|Glhf
|
|t:|1779954301
|teamsize|p1|6
|teamsize|p2|6
|start
|switch|p1a: Hitmonchan|Hitmonchan, M|100/100
|switch|p2a: Smeargle|Smeargle, F, shiny|100/100
|turn|1
|
|t:|1779954311
|move|p2a: Smeargle|Burning Bulwark|p2a: Smeargle
|-singleturn|p2a: Smeargle|move: Protect
|move|p1a: Hitmonchan|Drain Punch|p2a: Smeargle
|-activate|p2a: Smeargle|move: Protect
|
|upkeep
|turn|2
|
|t:|1779954333
|switch|p2a: Toxapex|Toxapex, F, shiny|100/100
|move|p1a: Hitmonchan|Drain Punch|p2a: Toxapex
|-resisted|p2a: Toxapex
|-damage|p2a: Toxapex|87/100
|
|-heal|p2a: Toxapex|93/100|[from] item: Black Sludge
|upkeep
|turn|3
|
|t:|1779954343
|move|p1a: Hitmonchan|Thunder Punch|p2a: Toxapex
|-supereffective|p2a: Toxapex
|-damage|p2a: Toxapex|51/100
|move|p2a: Toxapex|Toxic Spikes|p1a: Hitmonchan
|-sidestart|p1: PrincesaMayonesa|move: Toxic Spikes
|
|-heal|p2a: Toxapex|57/100|[from] item: Black Sludge
|upkeep
|turn|4
|
|t:|1779954346
|move|p2a: Toxapex|Baneful Bunker|p2a: Toxapex
|-singleturn|p2a: Toxapex|move: Protect
|move|p1a: Hitmonchan|Thunder Punch|p2a: Toxapex
|-activate|p2a: Toxapex|move: Protect
|
|-heal|p2a: Toxapex|63/100|[from] item: Black Sludge
|upkeep
|turn|5
|
|t:|1779954357
|move|p1a: Hitmonchan|Thunder Punch|p2a: Toxapex
|-supereffective|p2a: Toxapex
|-damage|p2a: Toxapex|24/100
|move|p2a: Toxapex|Toxic Spikes|p1a: Hitmonchan
|-sidestart|p1: PrincesaMayonesa|move: Toxic Spikes
|
|-heal|p2a: Toxapex|30/100|[from] item: Black Sludge
|upkeep
|turn|6
|
|t:|1779954367
|switch|p1a: Raichu|Raichu, M, shiny|100/100
|-status|p1a: Raichu|tox
|move|p2a: Toxapex|Baneful Bunker||[still]
|-fail|p2a: Toxapex
|
|-heal|p2a: Toxapex|36/100|[from] item: Black Sludge
|-damage|p1a: Raichu|94/100 tox|[from] psn
|upkeep
|turn|7
|
|t:|1779954374
|move|p2a: Toxapex|Baneful Bunker|p2a: Toxapex
|-singleturn|p2a: Toxapex|move: Protect
|move|p1a: Raichu|Nasty Plot|p1a: Raichu
|-boost|p1a: Raichu|spa|2
|
|-heal|p2a: Toxapex|42/100|[from] item: Black Sludge
|-damage|p1a: Raichu|82/100 tox|[from] psn
|upkeep
|turn|8
|
|t:|1779954388
|move|p1a: Raichu|Thunderbolt|p2a: Toxapex
|-supereffective|p2a: Toxapex
|-damage|p2a: Toxapex|0 fnt
|faint|p2a: Toxapex
|-damage|p1a: Raichu|72/100 tox|[from] item: Life Orb
|
|-damage|p1a: Raichu|54/100 tox|[from] psn
|upkeep
|
|t:|1779954391
|switch|p2a: Regieleki|Regieleki, shiny|100/100
|-item|p2a: Regieleki|Air Balloon
|turn|9
|inactive|fractal_face has 120 seconds left.
|
|t:|1779954422
|move|p2a: Regieleki|Explosion|p1a: Raichu
|-damage|p1a: Raichu|0 fnt
|faint|p2a: Regieleki
|faint|p1a: Raichu
|
|upkeep
|inactive|fractal_face has 120 seconds left.
|
|t:|1779954442
|switch|p2a: Smeargle|Smeargle, F, shiny|100/100
|switch|p1a: Hitmonchan|Hitmonchan, M|100/100
|-status|p1a: Hitmonchan|tox
|turn|10
|inactive|PrincesaMayonesa has 120 seconds left.
|
|t:|1779954477
|move|p1a: Hitmonchan|Drain Punch|p2a: Smeargle
|-supereffective|p2a: Smeargle
|-damage|p2a: Smeargle|0 fnt
|faint|p2a: Smeargle
|
|-damage|p1a: Hitmonchan|94/100 tox|[from] psn
|upkeep
|
|t:|1779954483
|switch|p2a: Enamorus|Enamorus, F, shiny|100/100
|turn|11
|inactive|PrincesaMayonesa has 120 seconds left.
|
|t:|1779954498
|-terastallize|p2a: Enamorus|Fighting
|move|p2a: Enamorus|Superpower|p1a: Hitmonchan
|-damage|p1a: Hitmonchan|0 fnt
|-boost|p2a: Enamorus|atk|1
|-boost|p2a: Enamorus|def|1
|faint|p1a: Hitmonchan
|
|upkeep
|
|t:|1779954506
|switch|p1a: Milotic|Milotic, M|100/100
|-status|p1a: Milotic|tox
|turn|12
|
|t:|1779954513
|move|p2a: Enamorus|Superpower|p1a: Milotic
|-damage|p1a: Milotic|34/100 tox
|-boost|p2a: Enamorus|atk|1
|-boost|p2a: Enamorus|def|1
|move|p1a: Milotic|Alluring Voice|p2a: Enamorus
|-supereffective|p2a: Enamorus
|-damage|p2a: Enamorus|53/100
|-start|p2a: Enamorus|confusion
|
|-damage|p1a: Milotic|28/100 tox|[from] psn
|upkeep
|turn|13
|inactive|PrincesaMayonesa has 120 seconds left.
|
|t:|1779954538
|-activate|p2a: Enamorus|confusion
|-damage|p2a: Enamorus|32/100|[from] confusion
|move|p1a: Milotic|Alluring Voice|p2a: Enamorus
|-supereffective|p2a: Enamorus
|-damage|p2a: Enamorus|0 fnt
|faint|p2a: Enamorus
|
|-damage|p1a: Milotic|16/100 tox|[from] psn
|upkeep
|
|t:|1779954540
|switch|p2a: Corviknight|Corviknight, F, shiny|100/100
|turn|14
|inactive|PrincesaMayonesa has 120 seconds left.
|inactive|fractal_face has 120 seconds left.
|
|t:|1779954563
|move|p1a: Milotic|Surf|p2a: Corviknight
|-damage|p2a: Corviknight|71/100
|move|p2a: Corviknight|Iron Defense|p2a: Corviknight
|-boost|p2a: Corviknight|def|2
|
|-heal|p2a: Corviknight|77/100|[from] item: Leftovers
|-damage|p1a: Milotic|0 fnt|[from] psn
|faint|p1a: Milotic
|upkeep
|
|t:|1779954568
|switch|p1a: Despotar|Tyranitar, M, shiny|100/100
|-status|p1a: Despotar|tox
|-weather|Sandstorm|[from] ability: Sand Stream|[of] p1a: Despotar
|turn|15
|
|t:|1779954577
|move|p2a: Corviknight|Tailwind|p2a: Corviknight
|-sidestart|p2: fractal_face|move: Tailwind
|move|p1a: Despotar|Fire Punch|p2a: Corviknight
|-supereffective|p2a: Corviknight
|-damage|p2a: Corviknight|51/100
|
|-weather|Sandstorm|[upkeep]
|-heal|p2a: Corviknight|58/100|[from] item: Leftovers
|-damage|p1a: Despotar|94/100 tox|[from] psn
|upkeep
|turn|16
|inactive|PrincesaMayonesa has 120 seconds left.
|
|t:|1779954588
|move|p2a: Corviknight|Body Press|p1a: Despotar
|-supereffective|p1a: Despotar
|-damage|p1a: Despotar|0 fnt
|faint|p1a: Despotar
|
|-weather|Sandstorm|[upkeep]
|-heal|p2a: Corviknight|64/100|[from] item: Leftovers
|upkeep
|
|t:|1779954591
|switch|p1a: Cinderace|Cinderace, M|100/100
|-status|p1a: Cinderace|tox
|turn|17
|inactive|PrincesaMayonesa has 120 seconds left.
|
|t:|1779954607
|move|p1a: Cinderace|Pyro Ball|p2a: Corviknight
|-supereffective|p2a: Corviknight
|-damage|p2a: Corviknight|9/100
|-status|p2a: Corviknight|brn
|move|p2a: Corviknight|Body Press|p1a: Cinderace
|-damage|p1a: Cinderace|74/100 tox
|
|-weather|Sandstorm|[upkeep]
|-damage|p1a: Cinderace|68/100 tox|[from] Sandstorm
|-heal|p2a: Corviknight|16/100 brn|[from] item: Leftovers
|-damage|p1a: Cinderace|62/100 tox|[from] psn
|-damage|p2a: Corviknight|9/100 brn|[from] brn
|upkeep
|turn|18
|
|t:|1779954614
|move|p1a: Cinderace|Pyro Ball|p2a: Corviknight
|-supereffective|p2a: Corviknight
|-damage|p2a: Corviknight|0 fnt
|faint|p2a: Corviknight
|
|-weather|Sandstorm|[upkeep]
|-damage|p1a: Cinderace|56/100 tox|[from] Sandstorm
|-damage|p1a: Cinderace|44/100 tox|[from] psn
|-sideend|p2: fractal_face|move: Tailwind
|upkeep
|
|t:|1779954615
|switch|p2a: Grimmsnarl|Grimmsnarl, M, shiny|100/100
|turn|19
|
|t:|1779954622
|move|p2a: Grimmsnarl|Bulk Up|p2a: Grimmsnarl
|-boost|p2a: Grimmsnarl|atk|1
|-boost|p2a: Grimmsnarl|def|1
|move|p1a: Cinderace|Pyro Ball|p2a: Grimmsnarl|[miss]
|-miss|p1a: Cinderace|p2a: Grimmsnarl
|
|-weather|none
|-damage|p1a: Cinderace|26/100 tox|[from] psn
|upkeep
|turn|20
|
|t:|1779954628
|move|p2a: Grimmsnarl|Bulk Up|p2a: Grimmsnarl
|-boost|p2a: Grimmsnarl|atk|1
|-boost|p2a: Grimmsnarl|def|1
|move|p1a: Cinderace|Pyro Ball|p2a: Grimmsnarl
|-damage|p2a: Grimmsnarl|60/100
|
|-damage|p1a: Cinderace|2/100 tox|[from] psn
|upkeep
|turn|21
|
|t:|1779954637
|move|p2a: Grimmsnarl|Bulk Up|p2a: Grimmsnarl
|-boost|p2a: Grimmsnarl|atk|1
|-boost|p2a: Grimmsnarl|def|1
|move|p1a: Cinderace|Pyro Ball|p2a: Grimmsnarl
|-damage|p2a: Grimmsnarl|31/100
|
|-damage|p1a: Cinderace|0 fnt|[from] psn
|faint|p1a: Cinderace
|upkeep
|
|t:|1779954642
|switch|p1a: Kingambit|Kingambit, M|100/100
|-activate|p1a: Kingambit|ability: Supreme Overlord
|-start|p1a: Kingambit|fallen5|[silent]
|turn|22
|
|t:|1779954650
|move|p2a: Grimmsnarl|Rest|p2a: Grimmsnarl
|-status|p2a: Grimmsnarl|slp|[from] move: Rest
|-heal|p2a: Grimmsnarl|100/100 slp|[silent]
|-enditem|p2a: Grimmsnarl|Chesto Berry|[eat]
|-curestatus|p2a: Grimmsnarl|slp|[msg]
|move|p1a: Kingambit|Swords Dance|p1a: Kingambit
|-boost|p1a: Kingambit|atk|2
|
|upkeep
|turn|23
|
|t:|1779954661
|move|p2a: Grimmsnarl|Play Rough|p1a: Kingambit|[miss]
|-miss|p2a: Grimmsnarl|p1a: Kingambit
|move|p1a: Kingambit|Iron Head|p2a: Grimmsnarl
|-supereffective|p2a: Grimmsnarl
|-damage|p2a: Grimmsnarl|0 fnt
|faint|p2a: Grimmsnarl
|
|win|PrincesaMayonesa
|raw|PrincesaMayonesa's rating: 1078 &rarr; <strong>1112</strong><br />(+34 for winning)
|raw|fractal_face's rating: 1151 &rarr; <strong>1121</strong><br />(-30 for losing)
