|j|☆Jinzin
|j|☆zzkaseyzz
|t:|1779883590
|gametype|singles
|player|p1|Jinzin|barry|1136
|player|p2|zzkaseyzz|burglar|1110
|gen|9
|tier|[Gen 9] OU
|rated|
|rule|HP Percentage Mod: HP is shown in percentages
|rule|Endless Battle Clause: Forcing endless battles is banned
|rule|Species Clause: Limit one of each Pokémon
|rule|OHKO Clause: OHKO moves are banned
|rule|Evasion Items Clause: Evasion items are banned
|rule|Evasion Moves Clause: Evasion moves are banned
|rule|Evasion Abilities Clause: Evasion abilities are banned
|rule|Sleep Moves Clause: Sleep-inducing moves are banned
|clearpoke
|poke|p1|Zapdos-Galar|
|poke|p1|Hydreigon, M|
|poke|p1|Scizor, M|
|poke|p1|Kingambit, M|
|poke|p1|Swampert, M|
|poke|p1|Rotom-Wash|
|poke|p2|Eiscue, M|
|poke|p2|Toxtricity, M|
|poke|p2|Staraptor, M|
|poke|p2|Galvantula, M|
|poke|p2|Malamar, M|
|poke|p2|Girafarig, M|
|teampreview
|inactive|Battle timer is ON: inactive players will automatically lose when time's up. (requested by zzkaseyzz)
|
|t:|1779883599
|teamsize|p1|6
|teamsize|p2|6
|start
|switch|p1a: Swampert|Swampert, M|100/100
|switch|p2a: Galvantula|Galvantula, M, shiny|100/100
|turn|1
|inactive|zzkaseyzz has 120 seconds left.
|
|t:|1779883648
|move|p2a: Galvantula|Sticky Web|p1a: Swampert
|-sidestart|p1: Jinzin|move: Sticky Web
|move|p1a: Swampert|Stealth Rock|p2a: Galvantula
|-sidestart|p2: zzkaseyzz|move: Stealth Rock
|
|upkeep
|turn|2
|
|t:|1779883655
|move|p2a: Galvantula|Bug Buzz|p1a: Swampert
|-damage|p1a: Swampert|67/100
|move|p1a: Swampert|Ice Beam|p2a: Galvantula
|-damage|p2a: Galvantula|69/100
|-status|p2a: Galvantula|frz
|
|-heal|p1a: Swampert|73/100|[from] item: Leftovers
|upkeep
|turn|3
|inactive|zzkaseyzz has 120 seconds left.
|
|t:|1779883664
|cant|p2a: Galvantula|frz
|move|p1a: Swampert|Earthquake|p2a: Galvantula
|-damage|p2a: Galvantula|3/100 frz
|
|-heal|p1a: Swampert|79/100|[from] item: Leftovers
|upkeep
|turn|4
|inactive|zzkaseyzz has 120 seconds left.
|
|t:|1779883676
|-curestatus|p2a: Galvantula|frz|[msg]
|move|p2a: Galvantula|Bug Buzz|p1a: Swampert
|-damage|p1a: Swampert|42/100
|move|p1a: Swampert|Earthquake|p2a: Galvantula
|-damage|p2a: Galvantula|0 fnt
|faint|p2a: Galvantula
|
|-heal|p1a: Swampert|49/100|[from] item: Leftovers
|upkeep
|inactive|zzkaseyzz has 120 seconds left.
|
|t:|1779883703
|switch|p2a: Eiscue|Eiscue, M|100/100
|-damage|p2a: Eiscue|75/100|[from] Stealth Rock
|turn|5
|
|t:|1779883710
|move|p2a: Eiscue|Belly Drum|p2a: Eiscue
|-damage|p2a: Eiscue|25/100
|-setboost|p2a: Eiscue|atk|6|[from] move: Belly Drum
|move|p1a: Swampert|Flip Turn|p2a: Eiscue
|-activate|p2a: Eiscue|ability: Ice Face
|-damage|p2a: Eiscue|25/100
|detailschange|p2a: Eiscue|Eiscue-Noice, M
|
|t:|1779883727
|switch|p1a: Hydreigon|Hydreigon, M|100/100|[from] Flip Turn
|
|upkeep
|turn|6
|
|t:|1779883737
|move|p1a: Hydreigon|U-turn|p2a: Eiscue
|-damage|p2a: Eiscue|3/100
|
|t:|1779883740
|switch|p1a: Swampert|Swampert, M|49/100|[from] U-turn
|-activate|p1a: Swampert|move: Sticky Web
|-unboost|p1a: Swampert|spe|1
|move|p2a: Eiscue|Ice Spinner|p1a: Swampert
|-damage|p1a: Swampert|0 fnt
|faint|p1a: Swampert
|
|upkeep
|
|t:|1779883742
|switch|p1a: Hydreigon|Hydreigon, M|100/100
|turn|7
|
|t:|1779883751
|move|p1a: Hydreigon|U-turn|p2a: Eiscue
|-damage|p2a: Eiscue|0 fnt
|faint|p2a: Eiscue
|
|t:|1779883754
|switch|p1a: Rotom|Rotom-Wash|100/100|[from] U-turn
|
|upkeep
|
|t:|1779883770
|switch|p2a: Toxtricity|Toxtricity, M|100/100
|-damage|p2a: Toxtricity|88/100|[from] Stealth Rock
|turn|8
|
|t:|1779883786
|move|p2a: Toxtricity|Shift Gear|p2a: Toxtricity
|-boost|p2a: Toxtricity|spe|2
|-boost|p2a: Toxtricity|atk|1
|move|p1a: Rotom|Will-O-Wisp|p2a: Toxtricity
|-status|p2a: Toxtricity|brn
|
|-damage|p2a: Toxtricity|82/100 brn|[from] brn
|upkeep
|turn|9
|
|t:|1779883796
|-terastallize|p2a: Toxtricity|Normal
|move|p2a: Toxtricity|Boomburst|p1a: Rotom
|-damage|p1a: Rotom|5/100
|-enditem|p2a: Toxtricity|Throat Spray
|-boost|p2a: Toxtricity|spa|1|[from] item: Throat Spray
|move|p1a: Rotom|Pain Split|p2a: Toxtricity
|-sethp|p2a: Toxtricity|43/100 brn|[from] move: Pain Split|[silent]
|-sethp|p1a: Rotom|42/100|[from] move: Pain Split
|
|-heal|p1a: Rotom|48/100|[from] item: Leftovers
|-damage|p2a: Toxtricity|37/100 brn|[from] brn
|upkeep
|turn|10
|
|t:|1779883811
|move|p2a: Toxtricity|Boomburst|p1a: Rotom
|-damage|p1a: Rotom|0 fnt
|faint|p1a: Rotom
|
|-damage|p2a: Toxtricity|31/100 brn|[from] brn
|upkeep
|
|t:|1779883824
|switch|p1a: Zapdos|Zapdos-Galar|100/100
|turn|11
|
|t:|1779883835
|move|p2a: Toxtricity|Boomburst|p1a: Zapdos
|-damage|p1a: Zapdos|0 fnt
|faint|p1a: Zapdos
|
|-damage|p2a: Toxtricity|25/100 brn|[from] brn
|upkeep
|
|t:|1779883841
|switch|p1a: Hydreigon|Hydreigon, M|100/100
|turn|12
|
|t:|1779883845
|move|p2a: Toxtricity|Boomburst|p1a: Hydreigon
|-damage|p1a: Hydreigon|0 fnt
|faint|p1a: Hydreigon
|
|-damage|p2a: Toxtricity|19/100 brn|[from] brn
|upkeep
|
|t:|1779883849
|switch|p1a: Kingambit|Kingambit, M|100/100
|-item|p1a: Kingambit|Air Balloon
|turn|13
|
|t:|1779883854
|move|p2a: Toxtricity|Shift Gear|p2a: Toxtricity
|-boost|p2a: Toxtricity|spe|2
|-boost|p2a: Toxtricity|atk|1
|move|p1a: Kingambit|Iron Head|p2a: Toxtricity
|-damage|p2a: Toxtricity|0 fnt
|faint|p2a: Toxtricity
|
|upkeep
|
|t:|1779883863
|switch|p2a: Malamar|Malamar, M|100/100
|-damage|p2a: Malamar|88/100|[from] Stealth Rock
|turn|14
|
|t:|1779883871
|move|p1a: Kingambit|Iron Head|p2a: Malamar
|-damage|p2a: Malamar|37/100
|move|p2a: Malamar|Superpower|p1a: Kingambit
|-supereffective|p1a: Kingambit
|-damage|p1a: Kingambit|5/100
|-boost|p2a: Malamar|atk|1
|-boost|p2a: Malamar|def|1
|-enditem|p1a: Kingambit|Air Balloon
|
|-heal|p2a: Malamar|44/100|[from] item: Leftovers
|upkeep
|turn|15
|
|t:|1779883881
|move|p1a: Kingambit|Kowtow Cleave|p2a: Malamar
|-damage|p2a: Malamar|12/100
|move|p2a: Malamar|Superpower|p1a: Kingambit
|-supereffective|p1a: Kingambit
|-damage|p1a: Kingambit|0 fnt
|-boost|p2a: Malamar|atk|1
|-boost|p2a: Malamar|def|1
|faint|p1a: Kingambit
|
|-heal|p2a: Malamar|18/100|[from] item: Leftovers
|upkeep
|
|t:|1779883884
|switch|p1a: Scizor|Scizor, M|100/100
|-activate|p1a: Scizor|move: Sticky Web
|-unboost|p1a: Scizor|spe|1
|turn|16
|
|t:|1779883895
|move|p2a: Malamar|Rest|p2a: Malamar
|-status|p2a: Malamar|slp|[from] move: Rest
|-heal|p2a: Malamar|100/100 slp|[silent]
|move|p1a: Scizor|U-turn|p2a: Malamar
|-supereffective|p2a: Malamar
|-damage|p2a: Malamar|0 fnt
|faint|p2a: Malamar
|
|upkeep
|
|t:|1779883902
|switch|p2a: Staraptor|Staraptor, M, shiny|100/100
|-damage|p2a: Staraptor|76/100|[from] Stealth Rock
|turn|17
|
|t:|1779883908
|move|p2a: Staraptor|Brave Bird|p1a: Scizor
|-damage|p1a: Scizor|28/100
|-damage|p2a: Staraptor|49/100|[from] Recoil
|move|p1a: Scizor|U-turn|p2a: Staraptor
|-resisted|p2a: Staraptor
|-crit|p2a: Staraptor
|-damage|p2a: Staraptor|0 fnt
|faint|p2a: Staraptor
|
|upkeep
|
|t:|1779883916
|switch|p2a: Girafarig|Girafarig, M, shiny|100/100
|-damage|p2a: Girafarig|88/100|[from] Stealth Rock
|turn|18
|
|t:|1779883925
|move|p2a: Girafarig|Psychic|p1a: Scizor
|-resisted|p1a: Scizor
|-damage|p1a: Scizor|0 fnt
|faint|p1a: Scizor
|
|win|zzkaseyzz
|raw|Jinzin's rating: 1136 &rarr; <strong>1109</strong><br />(-27 for losing)
|raw|zzkaseyzz's rating: 1110 &rarr; <strong>1137</strong><br />(+27 for winning)
|l|☆Jinzin
|player|p1|
|l|☆zzkaseyzz
|player|p2|
