|j|☆psygoat12
|j|☆beeboobaa
|t:|1779888149
|gametype|singles
|player|p1|psygoat12|chuck|1403
|player|p2|beeboobaa|1|1414
|gen|9
|tier|[Gen 9] OU
|rated|
|rule|HP Percentage Mod: HP is shown in percentages
|rule|Endless Battle Clause: Forcing endless battles is banned
|rule|Species Clause: Limit one of each Pokémon
|rule|OHKO Clause: OHKO moves are banned
|rule|Evasion Items Clause: Evasion items are banned
|rule|Evasion Moves Clause: Evasion moves are banned
|rule|Evasion Abilities Clause: Evasion abilities are banned
|rule|Sleep Moves Clause: Sleep-inducing moves are banned
|clearpoke
|poke|p1|Drifblim, M|
|poke|p1|Rillaboom, F|
|poke|p1|Cinderace, F|
|poke|p1|Iron Treads|
|poke|p1|Samurott-Hisui, M|
|poke|p1|Hatterene, F|
|poke|p2|Charizard, M|
|poke|p2|Clefable, F|
|poke|p2|Gengar, M|
|poke|p2|Chansey, F|
|poke|p2|Ditto|
|poke|p2|Dragonite, M|
|teampreview
|inactive|Battle timer is ON: inactive players will automatically lose when time's up. (requested by beeboobaa)
|
|t:|1779888167
|teamsize|p1|6
|teamsize|p2|6
|start
|switch|p1a: Iron Treads|Iron Treads|100/100
|switch|p2a: Charizard|Charizard, M|100/100
|-enditem|p1a: Iron Treads|Booster Energy
|-activate|p1a: Iron Treads|ability: Quark Drive|[fromitem]
|-start|p1a: Iron Treads|quarkdrivespe
|turn|1
|
|t:|1779888185
|move|p1a: Iron Treads|Stealth Rock|p2a: Charizard
|-sidestart|p2: beeboobaa|move: Stealth Rock
|move|p2a: Charizard|Belly Drum|p2a: Charizard
|-damage|p2a: Charizard|50/100
|-setboost|p2a: Charizard|atk|6|[from] move: Belly Drum
|-enditem|p2a: Charizard|Sitrus Berry|[eat]
|-heal|p2a: Charizard|75/100|[from] item: Sitrus Berry
|
|upkeep
|turn|2
|
|t:|1779888200
|move|p1a: Iron Treads|Ice Spinner|p2a: Charizard
|-damage|p2a: Charizard|47/100
|move|p2a: Charizard|Flame Charge|p1a: Iron Treads
|-supereffective|p1a: Iron Treads
|-damage|p1a: Iron Treads|0 fnt
|-boost|p2a: Charizard|spe|1
|faint|p1a: Iron Treads
|-end|p1a: Iron Treads|Quark Drive|[silent]
|
|upkeep
|
|t:|1779888206
|switch|p1a: Samurott|Samurott-Hisui, M|100/100
|turn|3
|inactive|psygoat12 has 120 seconds left.
|
|t:|1779888241
|move|p1a: Samurott|Sucker Punch|p2a: Charizard
|-damage|p2a: Charizard|6/100
|move|p2a: Charizard|Earthquake|p1a: Samurott
|-crit|p1a: Samurott
|-damage|p1a: Samurott|0 fnt
|faint|p1a: Samurott
|
|upkeep
|
|t:|1779888248
|switch|p1a: Rillaboom|Rillaboom, F|100/100
|-fieldstart|move: Grassy Terrain|[from] ability: Grassy Surge|[of] p1a: Rillaboom
|turn|4
|
|t:|1779888254
|move|p1a: Rillaboom|Grassy Glide|p2a: Charizard
|-resisted|p2a: Charizard
|-damage|p2a: Charizard|0 fnt
|faint|p2a: Charizard
|
|upkeep
|
|t:|1779888263
|switch|p2a: Gengar|Gengar, M, shiny|100/100
|-damage|p2a: Gengar|88/100|[from] Stealth Rock
|turn|5
|
|t:|1779888270
|switch|p1a: Hatterene|Hatterene, F|100/100
|move|p2a: Gengar|Sludge Bomb|p1a: Hatterene
|-supereffective|p1a: Hatterene
|-damage|p1a: Hatterene|0 fnt
|faint|p1a: Hatterene
|
|-heal|p2a: Gengar|94/100|[from] Grassy Terrain
|upkeep
|
|t:|1779888284
|switch|p1a: Cinderace|Cinderace, F|100/100
|turn|6
|
|t:|1779888286
|move|p2a: Gengar|Sludge Bomb|p1a: Cinderace
|-damage|p1a: Cinderace|25/100
|-status|p1a: Cinderace|psn
|move|p1a: Cinderace|Pyro Ball|p2a: Gengar
|-damage|p2a: Gengar|0 fnt
|-start|p1a: Cinderace|Disable|Pyro Ball|[from] ability: Cursed Body|[of] p2a: Gengar
|faint|p2a: Gengar
|
|-heal|p1a: Cinderace|31/100 psn|[from] Grassy Terrain
|-damage|p1a: Cinderace|19/100 psn|[from] psn
|upkeep
|
|t:|1779888294
|switch|p2a: Dragonite|Dragonite, M|100/100
|turn|7
|
|t:|1779888298
|move|p1a: Cinderace|Will-O-Wisp|p2a: Dragonite
|-status|p2a: Dragonite|brn
|move|p2a: Dragonite|Dragon Dance|p2a: Dragonite
|-boost|p2a: Dragonite|atk|1
|-boost|p2a: Dragonite|spe|1
|
|-heal|p1a: Cinderace|25/100 psn|[from] Grassy Terrain
|-damage|p1a: Cinderace|13/100 psn|[from] psn
|-damage|p2a: Dragonite|94/100 brn|[from] brn
|upkeep
|turn|8
|
|t:|1779888311
|move|p1a: Cinderace|Will-O-Wisp|p2a: Dragonite
|-fail|p2a: Dragonite|brn
|move|p2a: Dragonite|Dragon Dance|p2a: Dragonite
|-boost|p2a: Dragonite|atk|1
|-boost|p2a: Dragonite|spe|1
|
|-heal|p1a: Cinderace|19/100 psn|[from] Grassy Terrain
|-damage|p1a: Cinderace|6/100 psn|[from] psn
|-damage|p2a: Dragonite|88/100 brn|[from] brn
|-fieldend|move: Grassy Terrain
|upkeep
|turn|9
|
|t:|1779888314
|move|p2a: Dragonite|Dragon Dance|p2a: Dragonite
|-boost|p2a: Dragonite|atk|1
|-boost|p2a: Dragonite|spe|1
|move|p1a: Cinderace|U-turn|p2a: Dragonite
|-resisted|p2a: Dragonite
|-damage|p2a: Dragonite|78/100 brn
|
|t:|1779888318
|switch|p1a: Rillaboom|Rillaboom, F|100/100|[from] U-turn
|-fieldstart|move: Grassy Terrain|[from] ability: Grassy Surge|[of] p1a: Rillaboom
|
|-damage|p2a: Dragonite|72/100 brn|[from] brn
|upkeep
|turn|10
|
|t:|1779888334
|-terastallize|p1a: Rillaboom|Grass
|move|p2a: Dragonite|Scale Shot|p1a: Rillaboom
|-damage|p1a: Rillaboom|80/100
|-damage|p1a: Rillaboom|59/100
|-hitcount|p1a: Rillaboom|2
|-unboost|p2a: Dragonite|def|1
|-boost|p2a: Dragonite|spe|1
|move|p1a: Rillaboom|Wood Hammer|p2a: Dragonite
|-resisted|p2a: Dragonite
|-damage|p2a: Dragonite|10/100 brn
|-damage|p1a: Rillaboom|36/100|[from] Recoil
|
|-heal|p1a: Rillaboom|42/100|[from] Grassy Terrain
|-damage|p2a: Dragonite|3/100 brn|[from] brn
|upkeep
|turn|11
|
|t:|1779888342
|move|p2a: Dragonite|Roost|p2a: Dragonite
|-heal|p2a: Dragonite|53/100 brn
|-singleturn|p2a: Dragonite|move: Roost
|move|p1a: Rillaboom|Wood Hammer|p2a: Dragonite
|-resisted|p2a: Dragonite
|-damage|p2a: Dragonite|0 fnt
|faint|p2a: Dragonite
|-damage|p1a: Rillaboom|23/100|[from] Recoil
|
|-heal|p1a: Rillaboom|29/100|[from] Grassy Terrain
|upkeep
|
|t:|1779888351
|switch|p2a: Ditto|Ditto|100/100
|-damage|p2a: Ditto|88/100|[from] Stealth Rock
|-transform|p2a: Ditto|p1a: Rillaboom|[from] ability: Imposter
|turn|12
|
|t:|1779888363
|switch|p1a: Drifblim|Drifblim, M|100/100
|-enditem|p1a: Drifblim|Grassy Seed
|-boost|p1a: Drifblim|def|1|[from] item: Grassy Seed
|move|p2a: Ditto|Knock Off|p1a: Drifblim
|-supereffective|p1a: Drifblim
|-damage|p1a: Drifblim|62/100
|
|-heal|p2a: Ditto|94/100|[from] Grassy Terrain
|upkeep
|turn|13
|
|t:|1779888379
|switch|p2a: Chansey|Chansey, F|100/100
|-damage|p2a: Chansey|88/100|[from] Stealth Rock
|move|p1a: Drifblim|Strength Sap|p2a: Chansey
|-unboost|p2a: Chansey|atk|1
|-heal|p1a: Drifblim|65/100
|
|-heal|p2a: Chansey|94/100|[from] Grassy Terrain
|-fieldend|move: Grassy Terrain
|upkeep
|turn|14
|
|t:|1779888387
|switch|p1a: Cinderace|Cinderace, F|6/100 psn
|move|p2a: Chansey|Thunder Wave||[still]
|-fail|p2a: Chansey
|
|-damage|p1a: Cinderace|0 fnt|[from] psn
|faint|p1a: Cinderace
|upkeep
|
|t:|1779888390
|switch|p1a: Rillaboom|Rillaboom, F, tera:Grass|29/100
|-fieldstart|move: Grassy Terrain|[from] ability: Grassy Surge|[of] p1a: Rillaboom
|turn|15
|
|t:|1779888401
|move|p1a: Rillaboom|U-turn|p2a: Chansey
|-damage|p2a: Chansey|66/100
|
|t:|1779888403
|switch|p1a: Drifblim|Drifblim, M|65/100|[from] U-turn
|move|p2a: Chansey|Seismic Toss|p1a: Drifblim
|-immune|p1a: Drifblim
|
|-heal|p2a: Chansey|72/100|[from] Grassy Terrain
|upkeep
|turn|16
|
|t:|1779888408
|switch|p1a: Rillaboom|Rillaboom, F, tera:Grass|29/100
|move|p2a: Chansey|Thunder Wave|p1a: Rillaboom|[miss]
|-miss|p2a: Chansey|p1a: Rillaboom
|
|-heal|p1a: Rillaboom|35/100|[from] Grassy Terrain
|-heal|p2a: Chansey|78/100|[from] Grassy Terrain
|upkeep
|turn|17
|
|t:|1779888412
|move|p1a: Rillaboom|Wood Hammer|p2a: Chansey
|-damage|p2a: Chansey|0 fnt
|faint|p2a: Chansey
|-damage|p1a: Rillaboom|0 fnt|[from] Recoil
|faint|p1a: Rillaboom
|
|upkeep
|
|t:|1779888422
|switch|p1a: Drifblim|Drifblim, M|65/100
|switch|p2a: Clefable|Clefable, F|100/100
|turn|18
|
|t:|1779888441
|move|p1a: Drifblim|Air Slash|p2a: Clefable
|-damage|p2a: Clefable|68/100
|move|p2a: Clefable|Moonblast|p1a: Drifblim
|-damage|p1a: Drifblim|30/100
|
|-heal|p2a: Clefable|74/100|[from] Grassy Terrain
|upkeep
|turn|19
|inactive|beeboobaa has 120 seconds left.
|
|t:|1779888486
|move|p1a: Drifblim|Calm Mind|p1a: Drifblim
|-boost|p1a: Drifblim|spa|1
|-boost|p1a: Drifblim|spd|1
|move|p2a: Clefable|Moonblast|p1a: Drifblim
|-damage|p1a: Drifblim|5/100
|
|-heal|p2a: Clefable|80/100|[from] Grassy Terrain
|-fieldend|move: Grassy Terrain
|upkeep
|turn|20
|
|t:|1779888495
|move|p1a: Drifblim|Strength Sap|p2a: Clefable
|-unboost|p2a: Clefable|atk|1
|-heal|p1a: Drifblim|35/100
|move|p2a: Clefable|Moonblast|p1a: Drifblim
|-damage|p1a: Drifblim|8/100
|-unboost|p1a: Drifblim|spa|1
|
|upkeep
|turn|21
|inactive|beeboobaa has 120 seconds left.
|-message|psygoat12 forfeited.
|
|win|beeboobaa
|raw|psygoat12's rating: 1403 &rarr; <strong>1384</strong><br />(-19 for losing)
|raw|beeboobaa's rating: 1414 &rarr; <strong>1433</strong><br />(+19 for winning)
|l|☆psygoat12
|player|p1|
|l|☆beeboobaa
|player|p2|
