|j|☆azureflatlands
|j|☆roddyj
|t:|1779894353
|gametype|singles
|player|p1|azureflatlands|preschoolerf|1640
|player|p2|roddyj|ethan|1585
|gen|9
|tier|[Gen 9] OU
|rated|
|rule|HP Percentage Mod: HP is shown in percentages
|rule|Endless Battle Clause: Forcing endless battles is banned
|rule|Species Clause: Limit one of each Pokémon
|rule|OHKO Clause: OHKO moves are banned
|rule|Evasion Items Clause: Evasion items are banned
|rule|Evasion Moves Clause: Evasion moves are banned
|rule|Evasion Abilities Clause: Evasion abilities are banned
|rule|Sleep Moves Clause: Sleep-inducing moves are banned
|clearpoke
|poke|p1|Clodsire, F|
|poke|p1|Pecharunt|
|poke|p1|Talonflame, M|
|poke|p1|Weezing-Galar, M|
|poke|p1|Gliscor, F|
|poke|p1|Blissey, F|
|poke|p2|Mamoswine, M|
|poke|p2|Kingambit, F|
|poke|p2|Serperior, F|
|poke|p2|Gyarados, M|
|poke|p2|Weezing-Galar, F|
|poke|p2|Milotic, F|
|teampreview
|inactive|Battle timer is ON: inactive players will automatically lose when time's up. (requested by roddyj)
|
|t:|1779894371
|teamsize|p1|6
|teamsize|p2|6
|start
|switch|p1a: Talonflame|Talonflame, M|100/100
|switch|p2a: Mamoswine|Mamoswine, M, shiny|100/100
|turn|1
|inactive|roddyj has 120 seconds left.
|
|t:|1779894410
|switch|p2a: Milotic|Milotic, F, shiny|100/100
|move|p1a: Talonflame|Will-O-Wisp|p2a: Milotic
|-status|p2a: Milotic|brn
|
|-damage|p2a: Milotic|94/100 brn|[from] brn
|upkeep
|turn|2
|
|t:|1779894416
|switch|p1a: Blissey|Blissey, F|100/100
|move|p2a: Milotic|Flip Turn|p1a: Blissey
|-damage|p1a: Blissey|95/100
|
|t:|1779894419
|switch|p2a: Mamoswine|Mamoswine, M, shiny|100/100|[from] Flip Turn
|
|-heal|p1a: Blissey|100/100|[from] item: Leftovers
|upkeep
|turn|3
|
|t:|1779894425
|switch|p1a: Pecharunt|Pecharunt|100/100
|move|p2a: Mamoswine|Stealth Rock|p1a: Pecharunt
|-sidestart|p1: azureflatlands|move: Stealth Rock
|
|upkeep
|turn|4
|
|t:|1779894430
|switch|p2a: Milotic|Milotic, F, shiny|94/100 brn
|move|p1a: Pecharunt|Parting Shot|p2a: Milotic
|-unboost|p2a: Milotic|atk|1
|-ability|p2a: Milotic|Competitive|boost
|-boost|p2a: Milotic|spa|2
|-unboost|p2a: Milotic|spa|1
|-ability|p2a: Milotic|Competitive|boost
|-boost|p2a: Milotic|spa|2
|
|t:|1779894434
|switch|p1a: Clodsire|Clodsire, F|100/100|[from] Parting Shot
|-damage|p1a: Clodsire|94/100|[from] Stealth Rock
|
|-heal|p1a: Clodsire|100/100|[from] item: Leftovers
|-damage|p2a: Milotic|88/100 brn|[from] brn
|upkeep
|turn|5
|
|t:|1779894439
|move|p2a: Milotic|Surf|p1a: Clodsire
|-supereffective|p1a: Clodsire
|-damage|p1a: Clodsire|47/100
|move|p1a: Clodsire|Bulldoze|p2a: Milotic
|-damage|p2a: Milotic|71/100 brn
|-unboost|p2a: Milotic|spe|1
|-ability|p2a: Milotic|Competitive|boost
|-boost|p2a: Milotic|spa|2
|
|-heal|p1a: Clodsire|53/100|[from] item: Leftovers
|-damage|p2a: Milotic|65/100 brn|[from] brn
|upkeep
|turn|6
|
|t:|1779894448
|-terastallize|p1a: Clodsire|Steel
|move|p2a: Milotic|Surf|p1a: Clodsire
|-damage|p1a: Clodsire|26/100
|move|p1a: Clodsire|Recover|p1a: Clodsire
|-heal|p1a: Clodsire|76/100
|
|-heal|p1a: Clodsire|82/100|[from] item: Leftovers
|-damage|p2a: Milotic|59/100 brn|[from] brn
|upkeep
|turn|7
|
|t:|1779894459
|switch|p2a: Serperior|Serperior, F, shiny|100/100
|move|p1a: Clodsire|Bulldoze|p2a: Serperior
|-resisted|p2a: Serperior
|-damage|p2a: Serperior|92/100
|-boost|p2a: Serperior|spe|1
|
|-heal|p2a: Serperior|99/100|[from] item: Leftovers
|-heal|p1a: Clodsire|88/100|[from] item: Leftovers
|upkeep
|turn|8
|
|t:|1779894464
|move|p2a: Serperior|Substitute|p2a: Serperior
|-start|p2a: Serperior|Substitute
|-damage|p2a: Serperior|74/100
|move|p1a: Clodsire|Toxic||[still]
|-fail|p1a: Clodsire
|
|-heal|p2a: Serperior|80/100|[from] item: Leftovers
|-heal|p1a: Clodsire|95/100|[from] item: Leftovers
|upkeep
|turn|9
|
|t:|1779894474
|switch|p1a: Weezing|Weezing-Galar, M|100/100
|-ability|p1a: Weezing|Neutralizing Gas
|move|p2a: Serperior|Glare|p1a: Weezing
|-status|p1a: Weezing|par
|
|-heal|p2a: Serperior|86/100|[from] item: Leftovers
|upkeep
|turn|10
|
|t:|1779894483
|move|p2a: Serperior|Leech Seed|p1a: Weezing
|-start|p1a: Weezing|move: Leech Seed
|cant|p1a: Weezing|par
|
|-heal|p2a: Serperior|92/100|[from] item: Leftovers
|-damage|p1a: Weezing|88/100 par|[from] Leech Seed|[of] p2a: Serperior
|-heal|p2a: Serperior|100/100|[silent]
|upkeep
|turn|11
|
|t:|1779894490
|switch|p2a: Mamoswine|Mamoswine, M, shiny|100/100
|cant|p1a: Weezing|par
|
|-damage|p1a: Weezing|76/100 par|[from] Leech Seed|[of] p2a: Mamoswine
|upkeep
|turn|12
|
|t:|1779894494
|-end|p1a: Weezing|ability: Neutralizing Gas
|switch|p1a: Talonflame|Talonflame, M|100/100
|move|p2a: Mamoswine|Icicle Crash|p1a: Talonflame|[miss]
|-miss|p2a: Mamoswine|p1a: Talonflame
|
|upkeep
|turn|13
|
|t:|1779894499
|switch|p2a: Milotic|Milotic, F, shiny|59/100 brn
|move|p1a: Talonflame|Defog|p2a: Milotic
|-unboost|p2a: Milotic|evasion|1
|-ability|p2a: Milotic|Competitive|boost
|-boost|p2a: Milotic|spa|2
|-sideend|p1: azureflatlands|Stealth Rock|[from] move: Defog|[of] p1a: Talonflame
|
|-damage|p2a: Milotic|53/100 brn|[from] brn
|upkeep
|turn|14
|
|t:|1779894505
|switch|p1a: Pecharunt|Pecharunt|100/100
|move|p2a: Milotic|Flip Turn|p1a: Pecharunt
|-damage|p1a: Pecharunt|97/100
|-damage|p2a: Milotic|36/100 brn|[from] item: Rocky Helmet|[of] p1a: Pecharunt
|
|t:|1779894509
|switch|p2a: Serperior|Serperior, F, shiny|100/100|[from] Flip Turn
|
|upkeep
|turn|15
|
|t:|1779894514
|switch|p1a: Weezing|Weezing-Galar, M|76/100 par
|-ability|p1a: Weezing|Neutralizing Gas
|move|p2a: Serperior|Glare|p1a: Weezing
|-fail|p1a: Weezing|par
|
|upkeep
|turn|16
|
|t:|1779894519
|move|p2a: Serperior|Leech Seed|p1a: Weezing
|-start|p1a: Weezing|move: Leech Seed
|move|p1a: Weezing|Toxic Spikes|p2a: Serperior
|-sidestart|p2: roddyj|move: Toxic Spikes
|
|-damage|p1a: Weezing|64/100 par|[from] Leech Seed|[of] p2a: Serperior
|upkeep
|turn|17
|
|t:|1779894524
|switch|p2a: Weezing|Weezing-Galar, F, shiny|100/100
|-sideend|p2: roddyj|move: Toxic Spikes|[of] p2a: Weezing
|-end|p1a: Weezing|ability: Neutralizing Gas
|switch|p1a: Gliscor|Gliscor, F|100/100
|
|-status|p1a: Gliscor|tox|[from] item: Toxic Orb
|upkeep
|turn|18
|
|t:|1779894531
|switch|p1a: Blissey|Blissey, F|100/100
|move|p2a: Weezing|Defog|p1a: Blissey
|-unboost|p1a: Blissey|evasion|1
|
|upkeep
|turn|19
|
|t:|1779894536
|switch|p2a: Mamoswine|Mamoswine, M, shiny|100/100
|move|p1a: Blissey|Stealth Rock|p2a: Mamoswine
|-sidestart|p2: roddyj|move: Stealth Rock
|
|upkeep
|turn|20
|
|t:|1779894540
|switch|p1a: Pecharunt|Pecharunt|97/100
|move|p2a: Mamoswine|Icicle Crash|p1a: Pecharunt
|-damage|p1a: Pecharunt|76/100
|
|upkeep
|turn|21
|
|t:|1779894545
|switch|p2a: Milotic|Milotic, F, shiny|36/100 brn
|-damage|p2a: Milotic|24/100 brn|[from] Stealth Rock
|move|p1a: Pecharunt|Malignant Chain|p2a: Milotic
|-damage|p2a: Milotic|10/100 brn
|
|-damage|p2a: Milotic|4/100 brn|[from] brn
|upkeep
|turn|22
|
|t:|1779894548
|move|p1a: Pecharunt|Foul Play|p2a: Milotic
|-damage|p2a: Milotic|0 fnt
|faint|p2a: Milotic
|
|upkeep
|
|t:|1779894550
|switch|p2a: Weezing|Weezing-Galar, F, shiny|100/100
|-damage|p2a: Weezing|88/100|[from] Stealth Rock
|turn|23
|
|t:|1779894555
|move|p1a: Pecharunt|Malignant Chain|p2a: Weezing
|-damage|p2a: Weezing|46/100
|move|p2a: Weezing|Defog|p1a: Pecharunt
|-unboost|p1a: Pecharunt|evasion|1
|-sideend|p2: roddyj|Stealth Rock|[from] move: Defog|[of] p2a: Weezing
|
|-heal|p2a: Weezing|52/100|[from] item: Leftovers
|upkeep
|turn|24
|
|t:|1779894561
|switch|p1a: Weezing|Weezing-Galar, M|64/100 par
|-ability|p1a: Weezing|Neutralizing Gas
|switch|p2a: Kingambit|Kingambit, F, shiny|100/100
|
|upkeep
|turn|25
|
|t:|1779894567
|move|p2a: Kingambit|Iron Head|p1a: Weezing
|-supereffective|p1a: Weezing
|-damage|p1a: Weezing|4/100 par
|cant|p1a: Weezing|par
|
|upkeep
|turn|26
|
|t:|1779894571
|move|p2a: Kingambit|Kowtow Cleave|p1a: Weezing
|-resisted|p1a: Weezing
|-damage|p1a: Weezing|0 fnt
|faint|p1a: Weezing
|-end|p1a: Weezing|ability: Neutralizing Gas
|-activate|p2a: Kingambit|ability: Supreme Overlord
|-start|p2a: Kingambit|fallen1|[silent]
|
|upkeep
|
|t:|1779894576
|switch|p1a: Talonflame|Talonflame, M|100/100
|turn|27
|
|t:|1779894585
|-end|p2a: Kingambit|fallen1|[silent]
|switch|p2a: Weezing|Weezing-Galar, F, shiny|52/100
|move|p1a: Talonflame|Flamethrower|p2a: Weezing
|-damage|p2a: Weezing|19/100
|
|-heal|p2a: Weezing|25/100|[from] item: Leftovers
|upkeep
|turn|28
|
|t:|1779894589
|move|p1a: Talonflame|Flamethrower|p2a: Weezing
|-damage|p2a: Weezing|0 fnt
|faint|p2a: Weezing
|
|upkeep
|
|t:|1779894591
|switch|p2a: Serperior|Serperior, F, shiny|100/100
|turn|29
|
|t:|1779894597
|switch|p1a: Gliscor|Gliscor, F|100/100 tox
|move|p2a: Serperior|Glare||[still]
|-fail|p2a: Serperior
|
|upkeep
|turn|30
|
|t:|1779894602
|move|p2a: Serperior|Leaf Storm|p1a: Gliscor
|-damage|p1a: Gliscor|70/100 tox
|-boost|p2a: Serperior|spa|2
|move|p1a: Gliscor|Knock Off|p2a: Serperior
|-damage|p2a: Serperior|78/100
|-enditem|p2a: Serperior|Leftovers|[from] move: Knock Off|[of] p1a: Gliscor
|
|-heal|p1a: Gliscor|82/100 tox|[from] ability: Poison Heal
|upkeep
|turn|31
|
|t:|1779894608
|switch|p1a: Clodsire|Clodsire, F, tera:Steel|95/100
|move|p2a: Serperior|Substitute|p2a: Serperior
|-start|p2a: Serperior|Substitute
|-damage|p2a: Serperior|53/100
|
|-heal|p1a: Clodsire|100/100|[from] item: Leftovers
|upkeep
|turn|32
|
|t:|1779894613
|move|p2a: Serperior|Glare|p1a: Clodsire
|-status|p1a: Clodsire|par
|move|p1a: Clodsire|Bulldoze|p2a: Serperior
|-resisted|p2a: Serperior
|-activate|p2a: Serperior|move: Substitute|[damage]
|
|upkeep
|turn|33
|
|t:|1779894618
|move|p2a: Serperior|Leech Seed|p1a: Clodsire
|-start|p1a: Clodsire|move: Leech Seed
|move|p1a: Clodsire|Bulldoze|p2a: Serperior
|-resisted|p2a: Serperior
|-activate|p2a: Serperior|move: Substitute|[damage]
|
|-damage|p1a: Clodsire|88/100 par|[from] Leech Seed|[of] p2a: Serperior
|-heal|p2a: Serperior|67/100|[silent]
|upkeep
|turn|34
|
|t:|1779894622
|switch|p1a: Blissey|Blissey, F|100/100
|move|p2a: Serperior|Leaf Storm|p1a: Blissey
|-damage|p1a: Blissey|78/100
|-boost|p2a: Serperior|spa|2
|
|-heal|p1a: Blissey|84/100|[from] item: Leftovers
|upkeep
|turn|35
|
|t:|1779894628
|move|p2a: Serperior|Leech Seed|p1a: Blissey
|-start|p1a: Blissey|move: Leech Seed
|move|p1a: Blissey|Calm Mind|p1a: Blissey
|-boost|p1a: Blissey|spa|1
|-boost|p1a: Blissey|spd|1
|
|-heal|p1a: Blissey|90/100|[from] item: Leftovers
|-damage|p1a: Blissey|78/100|[from] Leech Seed|[of] p2a: Serperior
|-heal|p2a: Serperior|90/100|[silent]
|upkeep
|turn|36
|
|t:|1779894631
|move|p2a: Serperior|Glare|p1a: Blissey
|-status|p1a: Blissey|par
|move|p1a: Blissey|Calm Mind|p1a: Blissey
|-boost|p1a: Blissey|spa|1
|-boost|p1a: Blissey|spd|1
|
|-heal|p1a: Blissey|84/100 par|[from] item: Leftovers
|-damage|p1a: Blissey|72/100 par|[from] Leech Seed|[of] p2a: Serperior
|-heal|p2a: Serperior|100/100|[silent]
|upkeep
|turn|37
|
|t:|1779894635
|move|p2a: Serperior|Leaf Storm|p1a: Blissey
|-damage|p1a: Blissey|53/100 par
|-boost|p2a: Serperior|spa|2
|move|p1a: Blissey|Soft-Boiled|p1a: Blissey
|-heal|p1a: Blissey|100/100 par
|
|-damage|p1a: Blissey|88/100 par|[from] Leech Seed|[of] p2a: Serperior
|upkeep
|turn|38
|
|t:|1779894642
|switch|p2a: Mamoswine|Mamoswine, M, shiny|100/100
|cant|p1a: Blissey|par
|
|-heal|p1a: Blissey|94/100 par|[from] item: Leftovers
|-damage|p1a: Blissey|82/100 par|[from] Leech Seed|[of] p2a: Mamoswine
|upkeep
|turn|39
|
|t:|1779894647
|-curestatus|p1a: Blissey|par|[from] ability: Natural Cure|[silent]
|switch|p1a: Pecharunt|Pecharunt|76/100
|move|p2a: Mamoswine|Stealth Rock|p1a: Pecharunt
|-sidestart|p1: azureflatlands|move: Stealth Rock
|
|upkeep
|turn|40
|
|t:|1779894652
|switch|p2a: Serperior|Serperior, F, shiny|100/100
|move|p1a: Pecharunt|Malignant Chain|p2a: Serperior
|-supereffective|p2a: Serperior
|-damage|p2a: Serperior|39/100
|-status|p2a: Serperior|tox
|-start|p2a: Serperior|confusion|[from] ability: Poison Puppeteer|[of] p1a: Pecharunt
|
|-damage|p2a: Serperior|33/100 tox|[from] psn
|upkeep
|turn|41
|
|t:|1779894661
|switch|p1a: Talonflame|Talonflame, M|100/100
|-activate|p2a: Serperior|confusion
|move|p2a: Serperior|Leech Seed|p1a: Talonflame
|-start|p1a: Talonflame|move: Leech Seed
|
|-damage|p1a: Talonflame|88/100|[from] Leech Seed|[of] p2a: Serperior
|-heal|p2a: Serperior|45/100 tox|[silent]
|-damage|p2a: Serperior|33/100 tox|[from] psn
|upkeep
|turn|42
|j| samurajen
|
|t:|1779894668
|-terastallize|p2a: Serperior|Water
|-end|p2a: Serperior|confusion
|move|p2a: Serperior|Glare|p1a: Talonflame
|-status|p1a: Talonflame|par
|cant|p1a: Talonflame|par
|
|-damage|p1a: Talonflame|75/100 par|[from] Leech Seed|[of] p2a: Serperior
|-heal|p2a: Serperior|46/100 tox|[silent]
|-damage|p2a: Serperior|27/100 tox|[from] psn
|upkeep
|turn|43
|
|t:|1779894681
|switch|p2a: Gyarados|Gyarados, M, shiny|100/100
|move|p1a: Talonflame|Defog|p2a: Gyarados
|-unboost|p2a: Gyarados|evasion|1
|-sideend|p1: azureflatlands|Stealth Rock|[from] move: Defog|[of] p1a: Talonflame
|
|-damage|p1a: Talonflame|63/100 par|[from] Leech Seed|[of] p2a: Gyarados
|upkeep
|turn|44
|
|t:|1779894685
|switch|p1a: Clodsire|Clodsire, F, tera:Steel|88/100 par
|move|p2a: Gyarados|Substitute|p2a: Gyarados
|-start|p2a: Gyarados|Substitute
|-damage|p2a: Gyarados|76/100
|
|-heal|p2a: Gyarados|82/100|[from] item: Leftovers
|-heal|p1a: Clodsire|94/100 par|[from] item: Leftovers
|upkeep
|turn|45
|
|t:|1779894694
|move|p2a: Gyarados|Dragon Dance|p2a: Gyarados
|-boost|p2a: Gyarados|atk|1
|-boost|p2a: Gyarados|spe|1
|move|p1a: Clodsire|Counter||[still]
|-fail|p1a: Clodsire
|
|-heal|p2a: Gyarados|88/100|[from] item: Leftovers
|-heal|p1a: Clodsire|100/100 par|[from] item: Leftovers
|upkeep
|turn|46
|
|t:|1779894699
|move|p2a: Gyarados|Dragon Dance|p2a: Gyarados
|-boost|p2a: Gyarados|atk|1
|-boost|p2a: Gyarados|spe|1
|move|p1a: Clodsire|Counter||[still]
|-fail|p1a: Clodsire
|
|-heal|p2a: Gyarados|94/100|[from] item: Leftovers
|upkeep
|turn|47
|
|t:|1779894706
|move|p2a: Gyarados|Dragon Dance|p2a: Gyarados
|-boost|p2a: Gyarados|atk|1
|-boost|p2a: Gyarados|spe|1
|cant|p1a: Clodsire|par
|
|-heal|p2a: Gyarados|99/100|[from] item: Leftovers
|upkeep
|turn|48
|
|t:|1779894711
|switch|p1a: Talonflame|Talonflame, M|63/100 par
|move|p2a: Gyarados|Waterfall|p1a: Talonflame
|-supereffective|p1a: Talonflame
|-damage|p1a: Talonflame|0 fnt
|faint|p1a: Talonflame
|-ability|p2a: Gyarados|Moxie|boost
|-boost|p2a: Gyarados|atk|1
|
|-heal|p2a: Gyarados|100/100|[from] item: Leftovers
|upkeep
|
|t:|1779894717
|switch|p1a: Pecharunt|Pecharunt|76/100
|turn|49
|
|t:|1779894725
|move|p2a: Gyarados|Earthquake|p1a: Pecharunt
|-supereffective|p1a: Pecharunt
|-damage|p1a: Pecharunt|0 fnt
|faint|p1a: Pecharunt
|-ability|p2a: Gyarados|Moxie|boost
|-boost|p2a: Gyarados|atk|1
|
|upkeep
|
|t:|1779894728
|switch|p1a: Clodsire|Clodsire, F, tera:Steel|100/100 par
|turn|50
|
|t:|1779894731
|move|p2a: Gyarados|Waterfall|p1a: Clodsire
|-damage|p1a: Clodsire|60/100 par
|cant|p1a: Clodsire|par
|
|-heal|p1a: Clodsire|66/100 par|[from] item: Leftovers
|upkeep
|turn|51
|
|t:|1779894736
|move|p2a: Gyarados|Waterfall|p1a: Clodsire
|-damage|p1a: Clodsire|27/100 par
|move|p1a: Clodsire|Recover|p1a: Clodsire
|-heal|p1a: Clodsire|77/100 par
|
|-heal|p1a: Clodsire|83/100 par|[from] item: Leftovers
|upkeep
|turn|52
|
|t:|1779894741
|move|p2a: Gyarados|Waterfall|p1a: Clodsire
|-damage|p1a: Clodsire|46/100 par
|move|p1a: Clodsire|Counter|p2a: Gyarados
|-end|p2a: Gyarados|Substitute
|
|-heal|p1a: Clodsire|52/100 par|[from] item: Leftovers
|upkeep
|turn|53
|
|t:|1779894747
|move|p2a: Gyarados|Substitute|p2a: Gyarados
|-start|p2a: Gyarados|Substitute
|-damage|p2a: Gyarados|76/100
|move|p1a: Clodsire|Counter||[still]
|-fail|p1a: Clodsire
|
|-heal|p2a: Gyarados|82/100|[from] item: Leftovers
|-heal|p1a: Clodsire|58/100 par|[from] item: Leftovers
|upkeep
|turn|54
|
|t:|1779894750
|move|p2a: Gyarados|Earthquake|p1a: Clodsire
|-supereffective|p1a: Clodsire
|-damage|p1a: Clodsire|0 fnt
|faint|p1a: Clodsire
|-ability|p2a: Gyarados|Moxie|boost
|-boost|p2a: Gyarados|atk|1
|
|-heal|p2a: Gyarados|88/100|[from] item: Leftovers
|upkeep
|-message|azureflatlands forfeited.
|
|win|roddyj
|raw|azureflatlands's rating: 1640 &rarr; <strong>1617</strong><br />(-23 for losing)
|raw|roddyj's rating: 1585 &rarr; <strong>1608</strong><br />(+23 for winning)
|l|☆azureflatlands
|player|p1|
|l|☆roddyj
|player|p2|
