|j|☆zabbaman
|j|☆Avv2121
|t:|1779950595
|gametype|singles
|player|p1|zabbaman|1|1348
|player|p2|Avv2121|janine|1307
|gen|9
|tier|[Gen 9] OU
|rated|
|rule|HP Percentage Mod: HP is shown in percentages
|rule|Endless Battle Clause: Forcing endless battles is banned
|rule|Species Clause: Limit one of each Pokémon
|rule|OHKO Clause: OHKO moves are banned
|rule|Evasion Items Clause: Evasion items are banned
|rule|Evasion Moves Clause: Evasion moves are banned
|rule|Evasion Abilities Clause: Evasion abilities are banned
|rule|Sleep Moves Clause: Sleep-inducing moves are banned
|clearpoke
|poke|p1|Regice|
|poke|p1|Ninetales-Alola, M|
|poke|p1|Dragonite, M|
|poke|p1|Tyranitar, F|
|poke|p1|Thundurus-Therian, M|
|poke|p1|Cinderace, F|
|poke|p2|Garganacl, F|
|poke|p2|Dragapult, F|
|poke|p2|Kingambit, M|
|poke|p2|Iron Moth|
|poke|p2|Corviknight, M|
|poke|p2|Meowstic-F, F|
|teampreview
|inactive|Battle timer is ON: inactive players will automatically lose when time's up. (requested by Avv2121)
|
|t:|1779950617
|teamsize|p1|6
|teamsize|p2|6
|start
|switch|p1a: Tyranitar|Tyranitar, F|100/100
|switch|p2a: Dragapult|Dragapult, F|100/100
|-ability|p1a: Tyranitar|Unnerve
|turn|1
|
|t:|1779950624
|move|p2a: Dragapult|Will-O-Wisp|p1a: Tyranitar
|-status|p1a: Tyranitar|brn
|move|p1a: Tyranitar|Knock Off|p2a: Dragapult
|-supereffective|p2a: Dragapult
|-damage|p2a: Dragapult|35/100
|-enditem|p2a: Dragapult|Heavy-Duty Boots|[from] move: Knock Off|[of] p1a: Tyranitar
|
|-damage|p1a: Tyranitar|94/100 brn|[from] brn
|upkeep
|turn|2
|
|t:|1779950632
|move|p2a: Dragapult|U-turn|p1a: Tyranitar
|-supereffective|p1a: Tyranitar
|-damage|p1a: Tyranitar|62/100 brn
|
|t:|1779950638
|switch|p2a: Garganacl|Garganacl, F|100/100|[from] U-turn
|move|p1a: Tyranitar|Knock Off|p2a: Garganacl
|-damage|p2a: Garganacl|87/100
|-enditem|p2a: Garganacl|Leftovers|[from] move: Knock Off|[of] p1a: Tyranitar
|
|-damage|p1a: Tyranitar|55/100 brn|[from] brn
|upkeep
|turn|3
|l|☆Avv2121
|inactive|Avv2121 disconnected and has a minute to reconnect!
|player|p2|
|j|☆Avv2121
|inactive|Avv2121 reconnected.
|player|p2|Avv2121|janine|
|
|t:|1779950666
|switch|p1a: Ninetales|Ninetales-Alola, M|100/100
|-weather|Snowscape|[from] ability: Snow Warning|[of] p1a: Ninetales
|move|p2a: Garganacl|Curse|p2a: Garganacl
|-unboost|p2a: Garganacl|spe|1
|-boost|p2a: Garganacl|atk|1
|-boost|p2a: Garganacl|def|1
|
|-weather|Snowscape|[upkeep]
|upkeep
|turn|4
|
|t:|1779950669
|move|p1a: Ninetales|Encore|p2a: Garganacl
|-start|p2a: Garganacl|Encore
|move|p2a: Garganacl|Curse|p2a: Garganacl
|-unboost|p2a: Garganacl|spe|1
|-boost|p2a: Garganacl|atk|1
|-boost|p2a: Garganacl|def|1
|
|-weather|Snowscape|[upkeep]
|upkeep
|turn|5
|
|t:|1779950674
|switch|p2a: Corviknight|Corviknight, M|100/100
|move|p1a: Ninetales|Freeze-Dry|p2a: Corviknight
|-damage|p2a: Corviknight|86/100
|
|-weather|Snowscape|[upkeep]
|upkeep
|turn|6
|
|t:|1779950679
|move|p1a: Ninetales|Aurora Veil|p1a: Ninetales
|-sidestart|p1: zabbaman|move: Aurora Veil
|move|p2a: Corviknight|U-turn|p1a: Ninetales
|-resisted|p1a: Ninetales
|-damage|p1a: Ninetales|97/100
|
|t:|1779950683
|switch|p2a: Meowstic|Meowstic-F, F|100/100|[from] U-turn
|
|-weather|Snowscape|[upkeep]
|upkeep
|turn|7
|
|t:|1779950691
|switch|p1a: Regice|Regice, shiny|100/100
|move|p2a: Meowstic|Trick|p1a: Regice
|-activate|p2a: Meowstic|move: Trick|[of] p1a: Regice
|-item|p1a: Regice|Choice Scarf|[from] move: Trick
|-item|p2a: Meowstic|Life Orb|[from] move: Trick
|
|-weather|Snowscape|[upkeep]
|upkeep
|turn|8
|
|t:|1779950709
|move|p2a: Meowstic|Thunder Wave|p1a: Regice|[miss]
|-miss|p2a: Meowstic|p1a: Regice
|move|p1a: Regice|Thunderbolt|p2a: Meowstic
|-damage|p2a: Meowstic|72/100
|
|-weather|Snowscape|[upkeep]
|upkeep
|turn|9
|
|t:|1779950714
|-terastallize|p1a: Regice|Electric
|move|p2a: Meowstic|Skill Swap|p1a: Regice
|-activate|p2a: Meowstic|Skill Swap|Ice Body|Infiltrator|[of] p1a: Regice
|move|p1a: Regice|Thunderbolt|p2a: Meowstic
|-damage|p2a: Meowstic|23/100
|
|-weather|Snowscape|[upkeep]
|-heal|p2a: Meowstic|29/100|[from] ability: Ice Body
|upkeep
|turn|10
|
|t:|1779950727
|switch|p2a: Garganacl|Garganacl, F|87/100
|move|p1a: Regice|Thunderbolt|p2a: Garganacl
|-damage|p2a: Garganacl|54/100
|
|-weather|none
|-sideend|p1: zabbaman|move: Aurora Veil
|upkeep
|turn|11
|
|t:|1779950730
|move|p1a: Regice|Thunderbolt|p2a: Garganacl
|-damage|p2a: Garganacl|23/100
|move|p2a: Garganacl|Salt Cure|p1a: Regice
|-damage|p1a: Regice|87/100
|-start|p1a: Regice|Salt Cure
|
|-damage|p1a: Regice|75/100|[from] Salt Cure
|upkeep
|turn|12
|
|t:|1779950733
|move|p2a: Garganacl|Protect|p2a: Garganacl
|-singleturn|p2a: Garganacl|Protect
|move|p1a: Regice|Thunderbolt|p2a: Garganacl
|-activate|p2a: Garganacl|move: Protect
|
|-damage|p1a: Regice|63/100|[from] Salt Cure
|upkeep
|turn|13
|
|t:|1779950746
|switch|p2a: Dragapult|Dragapult, F|35/100
|move|p1a: Regice|Thunderbolt|p2a: Dragapult
|-resisted|p2a: Dragapult
|-damage|p2a: Dragapult|5/100
|
|-damage|p1a: Regice|51/100|[from] Salt Cure
|upkeep
|turn|14
|
|t:|1779950754
|switch|p1a: Ninetales|Ninetales-Alola, M|97/100
|-weather|Snowscape|[from] ability: Snow Warning|[of] p1a: Ninetales
|move|p2a: Dragapult|Shadow Ball|p1a: Ninetales
|-damage|p1a: Ninetales|62/100
|
|-weather|Snowscape|[upkeep]
|upkeep
|turn|15
|
|t:|1779950764
|move|p2a: Dragapult|U-turn|p1a: Ninetales
|-resisted|p1a: Ninetales
|-damage|p1a: Ninetales|55/100
|
|t:|1779950771
|switch|p2a: Meowstic|Meowstic-F, F|29/100|[from] U-turn
|move|p1a: Ninetales|Freeze-Dry|p2a: Meowstic
|-damage|p2a: Meowstic|5/100
|
|-weather|Snowscape|[upkeep]
|upkeep
|turn|16
|
|t:|1779950778
|move|p1a: Ninetales|Freeze-Dry|p2a: Meowstic
|-damage|p2a: Meowstic|0 fnt
|faint|p2a: Meowstic
|
|-weather|Snowscape|[upkeep]
|upkeep
|
|t:|1779950783
|switch|p2a: Iron Moth|Iron Moth|100/100
|-enditem|p2a: Iron Moth|Booster Energy
|-activate|p2a: Iron Moth|ability: Quark Drive|[fromitem]
|-start|p2a: Iron Moth|quarkdrivespe
|turn|17
|
|t:|1779950791
|switch|p1a: Tyranitar|Tyranitar, F|55/100 brn
|-ability|p1a: Tyranitar|Unnerve
|move|p2a: Iron Moth|Fiery Dance|p1a: Tyranitar
|-resisted|p1a: Tyranitar
|-damage|p1a: Tyranitar|34/100 brn
|
|-weather|Snowscape|[upkeep]
|-damage|p1a: Tyranitar|28/100 brn|[from] brn
|upkeep
|turn|18
|
|t:|1779950798
|move|p2a: Iron Moth|Dazzling Gleam|p1a: Tyranitar
|-supereffective|p1a: Tyranitar
|-damage|p1a: Tyranitar|0 fnt
|faint|p1a: Tyranitar
|
|-weather|Snowscape|[upkeep]
|upkeep
|
|t:|1779950812
|switch|p1a: Dragonite|Dragonite, M, shiny|100/100
|turn|19
|l|☆Avv2121
|inactive|Avv2121 disconnected and has a minute to reconnect!
|player|p2|
|j|☆Avv2121
|inactive|Avv2121 reconnected and has 135 seconds left.
|player|p2|Avv2121|janine|
|
|t:|1779950838
|-terastallize|p2a: Iron Moth|Fairy
|move|p2a: Iron Moth|Dazzling Gleam|p1a: Dragonite
|-supereffective|p1a: Dragonite
|-damage|p1a: Dragonite|60/100
|move|p1a: Dragonite|Scale Shot|p2a: Iron Moth
|-immune|p2a: Iron Moth
|
|-weather|Snowscape|[upkeep]
|upkeep
|turn|20
|
|t:|1779950847
|switch|p1a: Ninetales|Ninetales-Alola, M|55/100
|move|p2a: Iron Moth|Sludge Wave|p1a: Ninetales
|-supereffective|p1a: Ninetales
|-damage|p1a: Ninetales|0 fnt
|faint|p1a: Ninetales
|
|-weather|Snowscape|[upkeep]
|upkeep
|
|t:|1779950850
|switch|p1a: Cinderace|Cinderace, F|100/100
|turn|21
|
|t:|1779950858
|move|p2a: Iron Moth|Sludge Wave|p1a: Cinderace
|-damage|p1a: Cinderace|29/100
|move|p1a: Cinderace|Pyro Ball|p2a: Iron Moth
|-damage|p2a: Iron Moth|0 fnt
|faint|p2a: Iron Moth
|-end|p2a: Iron Moth|Quark Drive|[silent]
|
|-weather|none
|upkeep
|
|t:|1779950862
|switch|p2a: Dragapult|Dragapult, F|5/100
|turn|22
|
|t:|1779950873
|switch|p1a: Dragonite|Dragonite, M, shiny|60/100
|move|p2a: Dragapult|Shadow Ball|p1a: Dragonite
|-damage|p1a: Dragonite|20/100
|
|upkeep
|turn|23
|
|t:|1779950877
|move|p2a: Dragapult|Shadow Ball|p1a: Dragonite
|-damage|p1a: Dragonite|0 fnt
|faint|p1a: Dragonite
|
|upkeep
|
|t:|1779950884
|switch|p1a: Regice|Regice, shiny, tera:Electric|51/100
|turn|24
|
|t:|1779950887
|move|p2a: Dragapult|Draco Meteor|p1a: Regice
|-damage|p1a: Regice|21/100
|-unboost|p2a: Dragapult|spa|2
|move|p1a: Regice|Thunderbolt|p2a: Dragapult
|-resisted|p2a: Dragapult
|-damage|p2a: Dragapult|0 fnt
|faint|p2a: Dragapult
|
|upkeep
|
|t:|1779950895
|switch|p2a: Kingambit|Kingambit, M|100/100
|-activate|p2a: Kingambit|ability: Supreme Overlord
|-start|p2a: Kingambit|fallen3|[silent]
|turn|25
|
|t:|1779950898
|switch|p1a: Cinderace|Cinderace, F|29/100
|move|p2a: Kingambit|Swords Dance|p2a: Kingambit
|-boost|p2a: Kingambit|atk|2
|
|upkeep
|turn|26
|
|t:|1779950902
|move|p2a: Kingambit|Sucker Punch||[still]
|-fail|p2a: Kingambit
|move|p1a: Cinderace|Will-O-Wisp|p2a: Kingambit
|-status|p2a: Kingambit|brn
|
|-damage|p2a: Kingambit|94/100 brn|[from] brn
|upkeep
|turn|27
|
|t:|1779950908
|switch|p1a: Regice|Regice, shiny, tera:Electric|21/100
|move|p2a: Kingambit|Sucker Punch||[still]
|-fail|p2a: Kingambit
|
|-damage|p2a: Kingambit|88/100 brn|[from] brn
|upkeep
|turn|28
|
|t:|1779950920
|move|p2a: Kingambit|Sucker Punch|p1a: Regice
|-damage|p1a: Regice|0 fnt
|faint|p1a: Regice
|
|-damage|p2a: Kingambit|82/100 brn|[from] brn
|upkeep
|
|t:|1779950934
|switch|p1a: Thundurus|Thundurus-Therian, M|100/100
|turn|29
|
|t:|1779950939
|move|p1a: Thundurus|Thunderbolt|p2a: Kingambit
|-damage|p2a: Kingambit|20/100 brn
|move|p2a: Kingambit|Kowtow Cleave|p1a: Thundurus
|-crit|p1a: Thundurus
|-damage|p1a: Thundurus|0 fnt
|faint|p1a: Thundurus
|
|-damage|p2a: Kingambit|14/100 brn|[from] brn
|upkeep
|
|t:|1779950942
|switch|p1a: Cinderace|Cinderace, F|29/100
|turn|30
|
|t:|1779950945
|move|p2a: Kingambit|Sucker Punch||[still]
|-fail|p2a: Kingambit
|move|p1a: Cinderace|Court Change||[still]
|-fail|p1a: Cinderace
|
|-damage|p2a: Kingambit|8/100 brn|[from] brn
|upkeep
|turn|31
|
|t:|1779950949
|move|p2a: Kingambit|Sucker Punch||[still]
|-fail|p2a: Kingambit
|move|p1a: Cinderace|Court Change||[still]
|-fail|p1a: Cinderace
|
|-damage|p2a: Kingambit|2/100 brn|[from] brn
|upkeep
|turn|32
|
|t:|1779950954
|move|p1a: Cinderace|U-turn|p2a: Kingambit
|-damage|p2a: Kingambit|0 fnt
|faint|p2a: Kingambit
|-end|p2a: Kingambit|fallen3|[silent]
|
|upkeep
|
|t:|1779950959
|switch|p2a: Corviknight|Corviknight, M|86/100
|turn|33
|
|t:|1779950962
|move|p1a: Cinderace|Pyro Ball|p2a: Corviknight
|-supereffective|p2a: Corviknight
|-damage|p2a: Corviknight|0 fnt
|faint|p2a: Corviknight
|
|upkeep
|
|t:|1779950964
|switch|p2a: Garganacl|Garganacl, F|23/100
|turn|34
|
|t:|1779950967
|move|p2a: Garganacl|Protect|p2a: Garganacl
|-singleturn|p2a: Garganacl|Protect
|move|p1a: Cinderace|Pyro Ball|p2a: Garganacl
|-activate|p2a: Garganacl|move: Protect
|
|upkeep
|turn|35
|c|☆zabbaman|ftw!
|
|t:|1779950979
|move|p1a: Cinderace|Pyro Ball|p2a: Garganacl
|-resisted|p2a: Garganacl
|-damage|p2a: Garganacl|0 fnt
|faint|p2a: Garganacl
|
|win|zabbaman
|raw|zabbaman's rating: 1348 &rarr; <strong>1366</strong><br />(+18 for winning)
|raw|Avv2121's rating: 1307 &rarr; <strong>1289</strong><br />(-18 for losing)
|l|☆Avv2121
|player|p2|
|c|☆zabbaman|lets gooo
|c|☆zabbaman|ggs
|l|☆zabbaman
|player|p1|
