|j|☆Pelogrulla72
|j|☆Pkhax2521
|t:|1779898895
|gametype|singles
|player|p1|Pelogrulla72|erika|1160
|player|p2|Pkhax2521|nate|1160
|gen|9
|tier|[Gen 9] OU
|rated|
|rule|HP Percentage Mod: HP is shown in percentages
|rule|Endless Battle Clause: Forcing endless battles is banned
|rule|Species Clause: Limit one of each Pokémon
|rule|OHKO Clause: OHKO moves are banned
|rule|Evasion Items Clause: Evasion items are banned
|rule|Evasion Moves Clause: Evasion moves are banned
|rule|Evasion Abilities Clause: Evasion abilities are banned
|rule|Sleep Moves Clause: Sleep-inducing moves are banned
|clearpoke
|poke|p1|Ursaluna, F|
|poke|p1|Ambipom, M|
|poke|p1|Arbok, M|
|poke|p1|Lokix, F|
|poke|p1|Polteageist-Antique|
|poke|p1|Cinderace, M|
|poke|p2|Great Tusk|
|poke|p2|Dragonite, M|
|poke|p2|Dragapult, M|
|poke|p2|Cinderace, M|
|poke|p2|Kingambit, F|
|poke|p2|Ogerpon-Wellspring, F|
|teampreview
|inactive|Battle timer is ON: inactive players will automatically lose when time's up. (requested by Pelogrulla72)
|
|t:|1779898905
|teamsize|p1|6
|teamsize|p2|6
|start
|switch|p1a: A fking n word|Lokix, F|100/100
|switch|p2a: Great Tusk|Great Tusk|100/100
|turn|1
|
|t:|1779898914
|switch|p1a: Lil Netanyahu|Polteageist-Antique|100/100
|move|p2a: Great Tusk|Close Combat|p1a: Lil Netanyahu
|-immune|p1a: Lil Netanyahu
|
|upkeep
|turn|2
|
|t:|1779898920
|move|p2a: Great Tusk|Headlong Rush|p1a: Lil Netanyahu
|-enditem|p1a: Lil Netanyahu|Focus Sash
|-damage|p1a: Lil Netanyahu|1/100
|-unboost|p2a: Great Tusk|def|1
|-unboost|p2a: Great Tusk|spd|1
|-ability|p1a: Lil Netanyahu|Weak Armor|boost
|-unboost|p1a: Lil Netanyahu|def|1
|-boost|p1a: Lil Netanyahu|spe|2
|move|p1a: Lil Netanyahu|Shell Smash|p1a: Lil Netanyahu
|-unboost|p1a: Lil Netanyahu|def|1
|-unboost|p1a: Lil Netanyahu|spd|1
|-boost|p1a: Lil Netanyahu|atk|2
|-boost|p1a: Lil Netanyahu|spa|2
|-boost|p1a: Lil Netanyahu|spe|2
|
|upkeep
|turn|3
|
|t:|1779898939
|move|p1a: Lil Netanyahu|Stored Power|p2a: Great Tusk
|-supereffective|p2a: Great Tusk
|-damage|p2a: Great Tusk|0 fnt
|faint|p2a: Great Tusk
|-end|p2a: Great Tusk|Protosynthesis|[silent]
|
|upkeep
|
|t:|1779898954
|switch|p2a: Kingambit|Kingambit, F|100/100
|-activate|p2a: Kingambit|ability: Supreme Overlord
|-start|p2a: Kingambit|fallen1|[silent]
|turn|4
|
|t:|1779898960
|move|p2a: Kingambit|Sucker Punch||[still]
|-fail|p2a: Kingambit
|move|p1a: Lil Netanyahu|Shell Smash|p1a: Lil Netanyahu
|-unboost|p1a: Lil Netanyahu|def|1
|-unboost|p1a: Lil Netanyahu|spd|1
|-boost|p1a: Lil Netanyahu|atk|2
|-boost|p1a: Lil Netanyahu|spa|2
|-boost|p1a: Lil Netanyahu|spe|2
|
|upkeep
|turn|5
|
|t:|1779898968
|move|p2a: Kingambit|Sucker Punch|p1a: Lil Netanyahu
|-supereffective|p1a: Lil Netanyahu
|-damage|p1a: Lil Netanyahu|0 fnt
|faint|p1a: Lil Netanyahu
|
|upkeep
|
|t:|1779898974
|switch|p1a: A fking n word|Lokix, F|100/100
|turn|6
|
|t:|1779898982
|-end|p2a: Kingambit|fallen1|[silent]
|switch|p2a: Cinderace|Cinderace, M|100/100
|move|p1a: A fking n word|Axe Kick|p2a: Cinderace
|-damage|p2a: Cinderace|32/100
|-damage|p1a: A fking n word|91/100|[from] item: Life Orb
|
|upkeep
|turn|7
|
|t:|1779898991
|switch|p1a: Teto pear 31|Arbok, M, shiny|100/100
|-ability|p1a: Teto pear 31|Intimidate|boost
|-unboost|p2a: Cinderace|atk|1
|move|p2a: Cinderace|Pyro Ball|p1a: Teto pear 31
|-damage|p1a: Teto pear 31|42/100
|
|-heal|p1a: Teto pear 31|48/100|[from] item: Leftovers
|upkeep
|turn|8
|
|t:|1779898999
|move|p1a: Teto pear 31|Sucker Punch|p2a: Cinderace
|-damage|p2a: Cinderace|2/100
|move|p2a: Cinderace|Pyro Ball|p1a: Teto pear 31
|-crit|p1a: Teto pear 31
|-damage|p1a: Teto pear 31|0 fnt
|faint|p1a: Teto pear 31
|
|upkeep
|
|t:|1779899010
|switch|p1a: A fking n word|Lokix, F|91/100
|turn|9
|
|t:|1779899016
|move|p1a: A fking n word|First Impression|p2a: Cinderace
|-resisted|p2a: Cinderace
|-damage|p2a: Cinderace|0 fnt
|faint|p2a: Cinderace
|-damage|p1a: A fking n word|81/100|[from] item: Life Orb
|
|upkeep
|
|t:|1779899022
|switch|p2a: Dragonite|Dragonite, M|100/100
|turn|10
|
|t:|1779899029
|switch|p1a: Mr blue sky|Ambipom, M|100/100
|move|p2a: Dragonite|Dragon Dance|p2a: Dragonite
|-boost|p2a: Dragonite|atk|1
|-boost|p2a: Dragonite|spe|1
|
|upkeep
|turn|11
|
|t:|1779899036
|move|p1a: Mr blue sky|Fake Out|p2a: Dragonite
|-damage|p2a: Dragonite|86/100
|cant|p2a: Dragonite|flinch
|
|upkeep
|turn|12
|
|t:|1779899042
|move|p2a: Dragonite|Earthquake|p1a: Mr blue sky
|-damage|p1a: Mr blue sky|3/100
|move|p1a: Mr blue sky|Triple Axel|p2a: Dragonite
|-supereffective|p2a: Dragonite
|-damage|p2a: Dragonite|52/100
|-supereffective|p2a: Dragonite
|-damage|p2a: Dragonite|0 fnt
|faint|p2a: Dragonite
|-hitcount|p2: Dragonite|2
|
|upkeep
|
|t:|1779899054
|switch|p2a: Dragapult|Dragapult, M|100/100
|turn|13
|
|t:|1779899058
|switch|p1a: Pau Palacín|Cinderace, M, shiny|100/100
|move|p2a: Dragapult|Dragon Darts|p1a: Pau Palacín
|-damage|p1a: Pau Palacín|58/100
|-anim|p2a: Dragapult|Dragon Darts|p1a: Pau Palacín
|-damage|p1a: Pau Palacín|16/100
|
|upkeep
|turn|14
|
|t:|1779899068
|move|p1a: Pau Palacín|Sucker Punch|p2a: Dragapult
|-start|p1a: Pau Palacín|typechange|Dark|[from] ability: Libero
|-supereffective|p2a: Dragapult
|-damage|p2a: Dragapult|15/100
|move|p2a: Dragapult|Dragon Darts|p1a: Pau Palacín
|-damage|p1a: Pau Palacín|0 fnt
|faint|p1a: Pau Palacín
|
|-heal|p2a: Dragapult|21/100|[from] item: Leftovers
|upkeep
|
|t:|1779899075
|switch|p1a: A fking n word|Lokix, F|81/100
|turn|15
|
|t:|1779899082
|move|p1a: A fking n word|First Impression|p2a: Dragapult
|-resisted|p2a: Dragapult
|-damage|p2a: Dragapult|0 fnt
|faint|p2a: Dragapult
|-damage|p1a: A fking n word|71/100|[from] item: Life Orb
|
|upkeep
|
|t:|1779899088
|switch|p2a: Ogerpon|Ogerpon-Wellspring, F|100/100
|turn|16
|
|t:|1779899102
|switch|p1a: Mr blue sky|Ambipom, M|3/100
|move|p2a: Ogerpon|Encore||[still]
|-fail|p2a: Ogerpon
|
|upkeep
|turn|17
|
|t:|1779899115
|move|p1a: Mr blue sky|Fake Out|p2a: Ogerpon
|-damage|p2a: Ogerpon|67/100
|cant|p2a: Ogerpon|flinch
|
|upkeep
|turn|18
|
|t:|1779899120
|switch|p1a: Ursaking|Ursaluna, F, shiny|100/100
|move|p2a: Ogerpon|Encore||[still]
|-fail|p2a: Ogerpon
|
|-status|p1a: Ursaking|brn|[from] item: Flame Orb
|upkeep
|turn|19
|
|t:|1779899130
|move|p2a: Ogerpon|Ivy Cudgel|p1a: Ursaking|[anim] Ivy Cudgel Water
|-supereffective|p1a: Ursaking
|-damage|p1a: Ursaking|21/100 brn
|move|p1a: Ursaking|Facade|p2a: Ogerpon
|-crit|p2a: Ogerpon
|-damage|p2a: Ogerpon|0 fnt
|faint|p2a: Ogerpon
|
|-damage|p1a: Ursaking|15/100 brn|[from] brn
|upkeep
|
|t:|1779899139
|switch|p2a: Kingambit|Kingambit, F|100/100
|-activate|p2a: Kingambit|ability: Supreme Overlord
|-start|p2a: Kingambit|fallen5|[silent]
|turn|20
|
|t:|1779899150
|move|p1a: Ursaking|High Horsepower|p2a: Kingambit
|-supereffective|p2a: Kingambit
|-damage|p2a: Kingambit|0 fnt
|faint|p2a: Kingambit
|-end|p2a: Kingambit|fallen5|[silent]
|
|win|Pelogrulla72
|raw|Pelogrulla72's rating: 1160 &rarr; <strong>1185</strong><br />(+25 for winning)
|raw|Pkhax2521's rating: 1160 &rarr; <strong>1135</strong><br />(-25 for losing)
|l|☆Pelogrulla72
|player|p1|
|l|☆Pkhax2521
|player|p2|
