|j|☆vontade88
|j|☆esta man oe
|t:|1779927664
|gametype|singles
|player|p1|vontade88|170|1288
|player|p2|esta man oe|preschooler|1392
|gen|9
|tier|[Gen 9] OU
|rated|
|rule|HP Percentage Mod: HP is shown in percentages
|rule|Endless Battle Clause: Forcing endless battles is banned
|rule|Species Clause: Limit one of each Pokémon
|rule|OHKO Clause: OHKO moves are banned
|rule|Evasion Items Clause: Evasion items are banned
|rule|Evasion Moves Clause: Evasion moves are banned
|rule|Evasion Abilities Clause: Evasion abilities are banned
|rule|Sleep Moves Clause: Sleep-inducing moves are banned
|clearpoke
|poke|p1|Scizor, M|
|poke|p1|Grimmsnarl, M|
|poke|p1|Rotom-Wash|
|poke|p1|Iron Treads|
|poke|p1|Kyurem|
|poke|p1|Ogerpon-Wellspring, F|
|poke|p2|Torkoal, M|
|poke|p2|Pelipper, M|
|poke|p2|Walking Wake|
|poke|p2|Hatterene, F|
|poke|p2|Raging Bolt|
|poke|p2|Alomomola, F|
|teampreview
|inactive|Battle timer is ON: inactive players will automatically lose when time's up. (requested by esta man oe)
|inactive|vontade88 has 120 seconds left.
|
|t:|1779927711
|teamsize|p1|6
|teamsize|p2|6
|start
|switch|p1a: Rotom|Rotom-Wash|100/100
|switch|p2a: Raging Bolt|Raging Bolt|100/100
|turn|1
|
|t:|1779927720
|switch|p1a: Didi|Iron Treads|100/100
|move|p2a: Raging Bolt|Volt Switch|p1a: Didi
|-immune|p1a: Didi
|
|upkeep
|turn|2
|
|t:|1779927728
|-end|p2a: Raging Bolt|Protosynthesis|[silent]
|switch|p2a: Hatterene|Hatterene, F, shiny|100/100
|move|p1a: Didi|Ice Spinner|p2a: Hatterene
|-damage|p2a: Hatterene|78/100
|-enditem|p2a: Hatterene|Eject Button
|
|t:|1779927733
|switch|p2a: Torkoal|Torkoal, M|100/100
|-weather|SunnyDay|[from] ability: Drought|[of] p2a: Torkoal
|
|-weather|SunnyDay|[upkeep]
|upkeep
|turn|3
|
|t:|1779927739
|-end|p1a: Didi|Quark Drive|[silent]
|switch|p1a: Rotom|Rotom-Wash|100/100
|switch|p2a: Hatterene|Hatterene, F, shiny|78/100
|
|-weather|SunnyDay|[upkeep]
|upkeep
|turn|4
|
|t:|1779927750
|switch|p2a: Raging Bolt|Raging Bolt|100/100
|-activate|p2a: Raging Bolt|ability: Protosynthesis
|-start|p2a: Raging Bolt|protosynthesisspa
|move|p1a: Rotom|Thunderbolt|p2a: Raging Bolt
|-resisted|p2a: Raging Bolt
|-damage|p2a: Raging Bolt|87/100
|
|-weather|SunnyDay|[upkeep]
|upkeep
|turn|5
|
|t:|1779927756
|switch|p1a: Didi|Iron Treads|100/100
|move|p2a: Raging Bolt|Draco Meteor|p1a: Didi
|-resisted|p1a: Didi
|-damage|p1a: Didi|62/100
|-unboost|p2a: Raging Bolt|spa|2
|
|-weather|SunnyDay|[upkeep]
|upkeep
|turn|6
|
|t:|1779927764
|-end|p2a: Raging Bolt|Protosynthesis|[silent]
|switch|p2a: Hatterene|Hatterene, F, shiny|78/100
|move|p1a: Didi|Ice Spinner|p2a: Hatterene
|-damage|p2a: Hatterene|59/100
|
|-weather|SunnyDay|[upkeep]
|upkeep
|turn|7
|
|t:|1779927769
|move|p1a: Didi|Iron Head|p2a: Hatterene
|-supereffective|p2a: Hatterene
|-damage|p2a: Hatterene|2/100
|move|p2a: Hatterene|Mystical Fire|p1a: Didi
|-supereffective|p1a: Didi
|-damage|p1a: Didi|6/100
|-unboost|p1a: Didi|spa|1
|
|-weather|SunnyDay|[upkeep]
|upkeep
|turn|8
|
|t:|1779927779
|move|p1a: Didi|Rapid Spin|p2a: Hatterene
|-damage|p2a: Hatterene|0 fnt
|-boost|p1a: Didi|spe|1
|faint|p2a: Hatterene
|
|-weather|SunnyDay|[upkeep]
|upkeep
|
|t:|1779927791
|switch|p2a: Torkoal|Torkoal, M|100/100
|turn|9
|
|t:|1779927812
|-end|p1a: Didi|Quark Drive|[silent]
|switch|p1a: Rotom|Rotom-Wash|100/100
|move|p2a: Torkoal|Rapid Spin|p1a: Rotom
|-damage|p1a: Rotom|89/100
|-boost|p2a: Torkoal|spe|1
|
|-weather|none
|upkeep
|turn|10
|
|t:|1779927820
|switch|p2a: Raging Bolt|Raging Bolt|87/100
|move|p1a: Rotom|Volt Switch|p2a: Raging Bolt
|-resisted|p2a: Raging Bolt
|-damage|p2a: Raging Bolt|76/100
|
|t:|1779927823
|switch|p1a: Didi|Iron Treads|6/100|[from] Volt Switch
|
|upkeep
|turn|11
|
|t:|1779927833
|move|p2a: Raging Bolt|Draco Meteor|p1a: Didi
|-resisted|p1a: Didi
|-damage|p1a: Didi|0 fnt
|-unboost|p2a: Raging Bolt|spa|2
|faint|p1a: Didi
|-end|p1a: Didi|Quark Drive|[silent]
|
|upkeep
|
|t:|1779927858
|switch|p1a: TheGrimlin|Grimmsnarl, M|100/100
|turn|12
|
|t:|1779927866
|-end|p2a: Raging Bolt|Protosynthesis|[silent]
|switch|p2a: Torkoal|Torkoal, M|100/100
|-weather|SunnyDay|[from] ability: Drought|[of] p2a: Torkoal
|move|p1a: TheGrimlin|Spirit Break|p2a: Torkoal
|-resisted|p2a: Torkoal
|-damage|p2a: Torkoal|92/100
|-unboost|p2a: Torkoal|spa|1
|
|-weather|SunnyDay|[upkeep]
|upkeep
|turn|13
|
|t:|1779927872
|move|p1a: TheGrimlin|Thunder Wave|p2a: Torkoal
|-status|p2a: Torkoal|par
|cant|p2a: Torkoal|par
|
|-weather|SunnyDay|[upkeep]
|upkeep
|turn|14
|
|t:|1779927880
|move|p1a: TheGrimlin|Foul Play|p2a: Torkoal
|-damage|p2a: Torkoal|75/100 par
|move|p2a: Torkoal|Will-O-Wisp|p1a: TheGrimlin|[miss]
|-miss|p2a: Torkoal|p1a: TheGrimlin
|
|-weather|SunnyDay|[upkeep]
|upkeep
|turn|15
|
|t:|1779927885
|switch|p1a: Rotom|Rotom-Wash|89/100
|move|p2a: Torkoal|Stealth Rock|p1a: Rotom
|-sidestart|p1: vontade88|move: Stealth Rock
|
|-weather|SunnyDay|[upkeep]
|upkeep
|turn|16
|
|t:|1779927891
|switch|p2a: Raging Bolt|Raging Bolt|76/100
|-activate|p2a: Raging Bolt|ability: Protosynthesis
|-start|p2a: Raging Bolt|protosynthesisspa
|move|p1a: Rotom|Hydro Pump|p2a: Raging Bolt
|-resisted|p2a: Raging Bolt
|-damage|p2a: Raging Bolt|58/100
|
|-weather|SunnyDay|[upkeep]
|upkeep
|turn|17
|
|t:|1779927903
|switch|p1a: TheGrimlin|Grimmsnarl, M|100/100
|-damage|p1a: TheGrimlin|88/100|[from] Stealth Rock
|move|p2a: Raging Bolt|Volt Switch|p1a: TheGrimlin
|-damage|p1a: TheGrimlin|39/100
|
|t:|1779927914
|-end|p2a: Raging Bolt|Protosynthesis|[silent]
|switch|p2a: Torkoal|Torkoal, M|75/100 par|[from] Volt Switch
|
|-weather|SunnyDay|[upkeep]
|upkeep
|turn|18
|
|t:|1779927921
|switch|p1a: Scizor|Scizor, M|100/100
|-damage|p1a: Scizor|88/100|[from] Stealth Rock
|move|p2a: Torkoal|Lava Plume|p1a: Scizor
|-supereffective|p1a: Scizor
|-damage|p1a: Scizor|0 fnt
|faint|p1a: Scizor
|
|-weather|SunnyDay|[upkeep]
|upkeep
|-message|vontade88 forfeited.
|
|win|esta man oe
|raw|vontade88's rating: 1288 &rarr; <strong>1270</strong><br />(-18 for losing)
|raw|esta man oe's rating: 1392 &rarr; <strong>1406</strong><br />(+14 for winning)
|l|☆vontade88
|player|p1|
