|j|☆sasalilianjejeje
|j|☆peeeeeeecu
|t:|1779808464
|gametype|singles
|player|p1|sasalilianjejeje|102|1103
|player|p2|peeeeeeecu|266|1099
|gen|9
|tier|[Gen 9] OU
|rated|
|rule|HP Percentage Mod: HP is shown in percentages
|rule|Endless Battle Clause: Forcing endless battles is banned
|rule|Species Clause: Limit one of each Pokémon
|rule|OHKO Clause: OHKO moves are banned
|rule|Evasion Items Clause: Evasion items are banned
|rule|Evasion Moves Clause: Evasion moves are banned
|rule|Evasion Abilities Clause: Evasion abilities are banned
|rule|Sleep Moves Clause: Sleep-inducing moves are banned
|clearpoke
|poke|p1|Clefable, F|
|poke|p1|Decidueye-Hisui, M|
|poke|p1|Hoopa-Unbound|
|poke|p1|Glimmora, M|
|poke|p1|Espeon, F|
|poke|p1|Brute Bonnet|
|poke|p2|Glimmora, F|
|poke|p2|Garganacl, F|
|poke|p2|Gholdengo|
|poke|p2|Corviknight, F|
|poke|p2|Lokix, F|
|poke|p2|Great Tusk|
|teampreview
|
|t:|1779808473
|teamsize|p1|6
|teamsize|p2|6
|start
|switch|p1a: Glimmora|Glimmora, M|100/100
|switch|p2a: Glimmora|Glimmora, F|100/100
|turn|1
|
|t:|1779808480
|move|p1a: Glimmora|Stealth Rock|p2a: Glimmora
|-sidestart|p2: peeeeeeecu|move: Stealth Rock
|move|p2a: Glimmora|Stealth Rock|p1a: Glimmora
|-sidestart|p1: sasalilianjejeje|move: Stealth Rock
|
|upkeep
|turn|2
|
|t:|1779808485
|move|p1a: Glimmora|Mortal Spin|p2a: Glimmora
|-resisted|p2a: Glimmora
|-damage|p2a: Glimmora|99/100
|-activate|p2a: Glimmora|ability: Toxic Debris
|-sidestart|p1: sasalilianjejeje|move: Toxic Spikes
|-sideend|p1: sasalilianjejeje|Toxic Spikes|[from] move: Mortal Spin|[of] p1a: Glimmora
|-sideend|p1: sasalilianjejeje|Stealth Rock|[from] move: Mortal Spin|[of] p1a: Glimmora
|move|p2a: Glimmora|Mortal Spin|p1a: Glimmora
|-resisted|p1a: Glimmora
|-damage|p1a: Glimmora|99/100
|-activate|p1a: Glimmora|ability: Toxic Debris
|-sidestart|p2: peeeeeeecu|move: Toxic Spikes
|-sideend|p2: peeeeeeecu|Toxic Spikes|[from] move: Mortal Spin|[of] p2a: Glimmora
|-sideend|p2: peeeeeeecu|Stealth Rock|[from] move: Mortal Spin|[of] p2a: Glimmora
|
|upkeep
|turn|3
|
|t:|1779808499
|move|p1a: Glimmora|Earth Power|p2a: Glimmora
|-supereffective|p2a: Glimmora
|-damage|p2a: Glimmora|0 fnt
|faint|p2a: Glimmora
|
|upkeep
|
|t:|1779808506
|switch|p2a: Lokix|Lokix, F|100/100
|turn|4
|
|t:|1779808509
|move|p2a: Lokix|First Impression|p1a: Glimmora
|-resisted|p1a: Glimmora
|-crit|p1a: Glimmora
|-damage|p1a: Glimmora|15/100
|-activate|p1a: Glimmora|ability: Toxic Debris
|-sidestart|p2: peeeeeeecu|move: Toxic Spikes
|-damage|p2a: Lokix|91/100|[from] item: Life Orb
|move|p1a: Glimmora|Stealth Rock|p2a: Lokix
|-sidestart|p2: peeeeeeecu|move: Stealth Rock
|
|upkeep
|turn|5
|
|t:|1779808521
|move|p2a: Lokix|Sucker Punch|p1a: Glimmora
|-damage|p1a: Glimmora|0 fnt
|-activate|p1a: Glimmora|ability: Toxic Debris
|-sidestart|p2: peeeeeeecu|move: Toxic Spikes
|faint|p1a: Glimmora
|-damage|p2a: Lokix|81/100|[from] item: Life Orb
|
|upkeep
|
|t:|1779808530
|switch|p1a: Clefable|Clefable, F|100/100
|turn|6
|
|t:|1779808537
|switch|p2a: Great Tusk|Great Tusk|100/100
|-status|p2a: Great Tusk|tox
|-damage|p2a: Great Tusk|98/100 tox|[from] Stealth Rock
|-enditem|p2a: Great Tusk|Booster Energy
|-activate|p2a: Great Tusk|ability: Protosynthesis|[fromitem]
|-start|p2a: Great Tusk|protosynthesisatk
|move|p1a: Clefable|Cosmic Power|p1a: Clefable
|-boost|p1a: Clefable|def|1
|-boost|p1a: Clefable|spd|1
|
|-damage|p2a: Great Tusk|91/100 tox|[from] psn
|upkeep
|turn|7
|
|t:|1779808555
|move|p2a: Great Tusk|Ice Spinner|p1a: Clefable
|-crit|p1a: Clefable
|-damage|p1a: Clefable|48/100
|-enditem|p1a: Clefable|Sitrus Berry|[eat]
|-heal|p1a: Clefable|73/100|[from] item: Sitrus Berry
|move|p1a: Clefable|Cosmic Power|p1a: Clefable
|-boost|p1a: Clefable|def|1
|-boost|p1a: Clefable|spd|1
|
|-damage|p2a: Great Tusk|79/100 tox|[from] psn
|upkeep
|turn|8
|
|t:|1779808566
|move|p2a: Great Tusk|Earthquake|p1a: Clefable
|-damage|p1a: Clefable|41/100
|move|p1a: Clefable|Cosmic Power|p1a: Clefable
|-boost|p1a: Clefable|def|1
|-boost|p1a: Clefable|spd|1
|
|-damage|p2a: Great Tusk|60/100 tox|[from] psn
|upkeep
|turn|9
|
|t:|1779808575
|-end|p2a: Great Tusk|Protosynthesis|[silent]
|switch|p2a: Corviknight|Corviknight, F|100/100
|-damage|p2a: Corviknight|88/100|[from] Stealth Rock
|move|p1a: Clefable|Cosmic Power|p1a: Clefable
|-boost|p1a: Clefable|def|1
|-boost|p1a: Clefable|spd|1
|
|upkeep
|turn|10
|
|t:|1779808590
|move|p2a: Corviknight|Brave Bird|p1a: Clefable
|-damage|p1a: Clefable|30/100
|-damage|p2a: Corviknight|85/100|[from] Recoil
|move|p1a: Clefable|Moonlight|p1a: Clefable
|-heal|p1a: Clefable|80/100
|
|upkeep
|turn|11
|
|t:|1779808602
|move|p2a: Corviknight|U-turn|p1a: Clefable
|-resisted|p1a: Clefable
|-damage|p1a: Clefable|78/100
|
|t:|1779808607
|switch|p2a: Garganacl|Garganacl, F|100/100|[from] U-turn
|-damage|p2a: Garganacl|88/100|[from] Stealth Rock
|move|p1a: Clefable|Cosmic Power|p1a: Clefable
|-boost|p1a: Clefable|def|1
|-boost|p1a: Clefable|spd|1
|
|-heal|p2a: Garganacl|94/100|[from] item: Leftovers
|upkeep
|turn|12
|
|t:|1779808619
|move|p1a: Clefable|Stored Power|p2a: Garganacl
|-damage|p2a: Garganacl|42/100
|move|p2a: Garganacl|Salt Cure|p1a: Clefable
|-damage|p1a: Clefable|74/100
|-start|p1a: Clefable|Salt Cure
|
|-heal|p2a: Garganacl|48/100|[from] item: Leftovers
|-damage|p1a: Clefable|62/100|[from] Salt Cure
|upkeep
|turn|13
|
|t:|1779808634
|move|p1a: Clefable|Moonlight|p1a: Clefable
|-heal|p1a: Clefable|100/100
|move|p2a: Garganacl|Recover|p2a: Garganacl
|-heal|p2a: Garganacl|98/100
|
|-heal|p2a: Garganacl|100/100|[from] item: Leftovers
|-damage|p1a: Clefable|88/100|[from] Salt Cure
|upkeep
|turn|14
|
|t:|1779808645
|move|p1a: Clefable|Stored Power|p2a: Garganacl
|-damage|p2a: Garganacl|53/100
|move|p2a: Garganacl|Power Gem|p1a: Clefable
|-damage|p1a: Clefable|84/100
|
|-heal|p2a: Garganacl|59/100|[from] item: Leftovers
|-damage|p1a: Clefable|72/100|[from] Salt Cure
|upkeep
|turn|15
|
|t:|1779808654
|move|p1a: Clefable|Stored Power|p2a: Garganacl
|-damage|p2a: Garganacl|13/100
|move|p2a: Garganacl|Stealth Rock|p1a: Clefable
|-sidestart|p1: sasalilianjejeje|move: Stealth Rock
|
|-heal|p2a: Garganacl|19/100|[from] item: Leftovers
|-damage|p1a: Clefable|59/100|[from] Salt Cure
|upkeep
|turn|16
|
|t:|1779808661
|move|p1a: Clefable|Stored Power|p2a: Garganacl
|-damage|p2a: Garganacl|0 fnt
|faint|p2a: Garganacl
|
|-damage|p1a: Clefable|47/100|[from] Salt Cure
|upkeep
|
|t:|1779808667
|switch|p2a: Great Tusk|Great Tusk|60/100 tox
|-damage|p2a: Great Tusk|57/100 tox|[from] Stealth Rock
|turn|17
|
|t:|1779808672
|move|p2a: Great Tusk|Rapid Spin|p1a: Clefable
|-damage|p1a: Clefable|42/100
|-boost|p2a: Great Tusk|spe|1
|-sideend|p2: peeeeeeecu|Toxic Spikes|[from] move: Rapid Spin|[of] p2a: Great Tusk
|-sideend|p2: peeeeeeecu|Stealth Rock|[from] move: Rapid Spin|[of] p2a: Great Tusk
|move|p1a: Clefable|Moonlight|p1a: Clefable
|-heal|p1a: Clefable|92/100
|
|-damage|p2a: Great Tusk|51/100 tox|[from] psn
|-damage|p1a: Clefable|80/100|[from] Salt Cure
|upkeep
|turn|18
|
|t:|1779808686
|move|p2a: Great Tusk|Ice Spinner|p1a: Clefable
|-damage|p1a: Clefable|72/100
|move|p1a: Clefable|Stored Power|p2a: Great Tusk
|-supereffective|p2a: Great Tusk
|-damage|p2a: Great Tusk|0 fnt
|faint|p2a: Great Tusk
|-end|p2a: Great Tusk|Protosynthesis|[silent]
|
|-damage|p1a: Clefable|60/100|[from] Salt Cure
|upkeep
|
|t:|1779808695
|switch|p2a: Lokix|Lokix, F|81/100
|turn|19
|
|t:|1779808698
|move|p2a: Lokix|First Impression|p1a: Clefable
|-resisted|p1a: Clefable
|-damage|p1a: Clefable|45/100
|-damage|p2a: Lokix|71/100|[from] item: Life Orb
|move|p1a: Clefable|Moonlight|p1a: Clefable
|-heal|p1a: Clefable|95/100
|
|-damage|p1a: Clefable|83/100|[from] Salt Cure
|upkeep
|turn|20
|
|t:|1779808708
|switch|p2a: Gholdengo|Gholdengo|100/100
|-item|p2a: Gholdengo|Air Balloon
|move|p1a: Clefable|Flamethrower|p2a: Gholdengo
|-supereffective|p2a: Gholdengo
|-damage|p2a: Gholdengo|60/100
|-enditem|p2a: Gholdengo|Air Balloon
|
|-damage|p1a: Clefable|70/100|[from] Salt Cure
|upkeep
|turn|21
|
|t:|1779808719
|move|p2a: Gholdengo|Make It Rain|p1a: Clefable
|-supereffective|p1a: Clefable
|-damage|p1a: Clefable|38/100
|-unboost|p2a: Gholdengo|spa|1
|move|p1a: Clefable|Flamethrower|p2a: Gholdengo
|-supereffective|p2a: Gholdengo
|-damage|p2a: Gholdengo|14/100
|
|-damage|p1a: Clefable|25/100|[from] Salt Cure
|upkeep
|turn|22
|
|t:|1779808730
|move|p2a: Gholdengo|Make It Rain|p1a: Clefable
|-supereffective|p1a: Clefable
|-damage|p1a: Clefable|0 fnt
|-unboost|p2a: Gholdengo|spa|1
|faint|p1a: Clefable
|
|upkeep
|
|t:|1779808736
|switch|p1a: Brute Bonnet|Brute Bonnet|100/100
|-damage|p1a: Brute Bonnet|88/100|[from] Stealth Rock
|-enditem|p1a: Brute Bonnet|Booster Energy
|-activate|p1a: Brute Bonnet|ability: Protosynthesis|[fromitem]
|-start|p1a: Brute Bonnet|protosynthesisatk
|turn|23
|
|t:|1779808744
|switch|p2a: Corviknight|Corviknight, F|85/100
|move|p1a: Brute Bonnet|Stomping Tantrum|p2a: Corviknight
|-immune|p2a: Corviknight
|
|upkeep
|turn|24
|
|t:|1779808753
|move|p2a: Corviknight|U-turn|p1a: Brute Bonnet
|-supereffective|p1a: Brute Bonnet
|-damage|p1a: Brute Bonnet|44/100
|
|t:|1779808759
|switch|p2a: Lokix|Lokix, F|71/100|[from] U-turn
|move|p1a: Brute Bonnet|Growth|p1a: Brute Bonnet
|-boost|p1a: Brute Bonnet|atk|1
|-boost|p1a: Brute Bonnet|spa|1
|
|upkeep
|turn|25
|
|t:|1779808768
|move|p2a: Lokix|First Impression|p1a: Brute Bonnet
|-supereffective|p1a: Brute Bonnet
|-damage|p1a: Brute Bonnet|0 fnt
|faint|p1a: Brute Bonnet
|-end|p1a: Brute Bonnet|Protosynthesis|[silent]
|-damage|p2a: Lokix|61/100|[from] item: Life Orb
|
|upkeep
|
|t:|1779808774
|switch|p1a: Decidueye|Decidueye-Hisui, M|100/100
|-damage|p1a: Decidueye|94/100|[from] Stealth Rock
|turn|26
|
|t:|1779808780
|switch|p2a: Corviknight|Corviknight, F|85/100
|move|p1a: Decidueye|Triple Arrows|p2a: Corviknight
|-damage|p2a: Corviknight|63/100
|
|-heal|p1a: Decidueye|100/100|[from] item: Leftovers
|upkeep
|turn|27
|
|t:|1779808791
|move|p2a: Corviknight|Brave Bird|p1a: Decidueye
|-supereffective|p1a: Decidueye
|-damage|p1a: Decidueye|0 fnt
|faint|p1a: Decidueye
|-damage|p2a: Corviknight|32/100|[from] Recoil
|
|upkeep
|
|t:|1779808798
|switch|p1a: Espeon|Espeon, F|100/100
|-damage|p1a: Espeon|88/100|[from] Stealth Rock
|turn|28
|
|t:|1779808805
|move|p1a: Espeon|Shadow Ball|p2a: Corviknight
|-crit|p2a: Corviknight
|-damage|p2a: Corviknight|0 fnt
|faint|p2a: Corviknight
|
|upkeep
|
|t:|1779808811
|switch|p2a: Lokix|Lokix, F|61/100
|turn|29
|
|t:|1779808814
|move|p1a: Espeon|Protect|p1a: Espeon
|-singleturn|p1a: Espeon|Protect
|move|p2a: Lokix|First Impression|p1a: Espeon
|-activate|p1a: Espeon|move: Protect
|
|upkeep
|turn|30
|
|t:|1779808831
|move|p1a: Espeon|Shadow Ball|p2a: Lokix
|-resisted|p2a: Lokix
|-damage|p2a: Lokix|32/100
|move|p2a: Lokix|U-turn|p1a: Espeon
|-supereffective|p1a: Espeon
|-damage|p1a: Espeon|0 fnt
|faint|p1a: Espeon
|-damage|p2a: Lokix|22/100|[from] item: Life Orb
|
|t:|1779808838
|switch|p2a: Gholdengo|Gholdengo|14/100|[from] U-turn
|
|upkeep
|
|t:|1779808842
|switch|p1a: Hoopa|Hoopa-Unbound|100/100
|-damage|p1a: Hoopa|88/100|[from] Stealth Rock
|turn|31
|
|t:|1779808850
|-terastallize|p1a: Hoopa|Psychic
|move|p1a: Hoopa|Dark Pulse|p2a: Gholdengo
|-supereffective|p2a: Gholdengo
|-damage|p2a: Gholdengo|0 fnt
|faint|p2a: Gholdengo
|
|upkeep
|
|t:|1779808856
|switch|p2a: Lokix|Lokix, F|22/100
|turn|32
|
|t:|1779808861
|-terastallize|p2a: Lokix|Bug
|move|p2a: Lokix|First Impression|p1a: Hoopa
|-supereffective|p1a: Hoopa
|-damage|p1a: Hoopa|0 fnt
|faint|p1a: Hoopa
|-damage|p2a: Lokix|13/100|[from] item: Life Orb
|
|win|peeeeeeecu
|raw|sasalilianjejeje's rating: 1103 &rarr; <strong>1078</strong><br />(-25 for losing)
|raw|peeeeeeecu's rating: 1099 &rarr; <strong>1124</strong><br />(+25 for winning)
|l|☆sasalilianjejeje
|player|p1|
|c|☆peeeeeeecu|holy fuck
|c|☆peeeeeeecu|gg
