|j|☆claudechamp
|j|☆Kogasscarf
|t:|1779805343
|gametype|singles
|player|p1|claudechamp|265|1365
|player|p2|Kogasscarf|koga|1339
|gen|9
|tier|[Gen 9] OU
|rated|
|rule|HP Percentage Mod: HP is shown in percentages
|rule|Endless Battle Clause: Forcing endless battles is banned
|rule|Species Clause: Limit one of each Pokémon
|rule|OHKO Clause: OHKO moves are banned
|rule|Evasion Items Clause: Evasion items are banned
|rule|Evasion Moves Clause: Evasion moves are banned
|rule|Evasion Abilities Clause: Evasion abilities are banned
|rule|Sleep Moves Clause: Sleep-inducing moves are banned
|clearpoke
|poke|p1|Corviknight, M|
|poke|p1|Ting-Lu|
|poke|p1|Kyurem|
|poke|p1|Dondozo, F|
|poke|p1|Slowking-Galar, M|
|poke|p1|Cinderace, M|
|poke|p2|Deoxys-Speed|
|poke|p2|Iron Treads|
|poke|p2|Zamazenta-*|
|poke|p2|Iron Moth|
|poke|p2|Dragonite, F|
|poke|p2|Gholdengo|
|teampreview
|inactive|Battle timer is ON: inactive players will automatically lose when time's up. (requested by Kogasscarf)
|c|☆claudechamp|hf
|inactive|claudechamp also wants the timer to be on.
|
|t:|1779805358
|teamsize|p1|6
|teamsize|p2|6
|start
|switch|p1a: Cinderace|Cinderace, M|100/100
|switch|p2a: Deoxys|Deoxys-Speed, shiny|100/100
|-ability|p2a: Deoxys|Pressure
|turn|1
|
|t:|1779805367
|move|p2a: Deoxys|Psychic|p1a: Cinderace
|-damage|p1a: Cinderace|49/100
|move|p1a: Cinderace|Pyro Ball|p2a: Deoxys
|-damage|p2a: Deoxys|38/100
|
|upkeep
|turn|2
|
|t:|1779805374
|switch|p1a: Ting-Lu|Ting-Lu|100/100
|-ability|p1a: Ting-Lu|Vessel of Ruin
|move|p2a: Deoxys|Reflect|p2a: Deoxys
|-sidestart|p2: Kogasscarf|Reflect
|
|upkeep
|turn|3
|
|t:|1779805378
|move|p2a: Deoxys|Light Screen|p2a: Deoxys
|-sidestart|p2: Kogasscarf|move: Light Screen
|move|p1a: Ting-Lu|Payback|p2a: Deoxys
|-supereffective|p2a: Deoxys
|-damage|p2a: Deoxys|0 fnt
|faint|p2a: Deoxys
|
|upkeep
|
|t:|1779805396
|switch|p2a: Iron Moth|Iron Moth|100/100
|turn|4
|
|t:|1779805401
|move|p2a: Iron Moth|Dazzling Gleam|p1a: Ting-Lu
|-supereffective|p1a: Ting-Lu
|-damage|p1a: Ting-Lu|62/100
|move|p1a: Ting-Lu|Payback|p2a: Iron Moth
|-damage|p2a: Iron Moth|70/100
|
|-heal|p1a: Ting-Lu|68/100|[from] item: Leftovers
|upkeep
|turn|5
|
|t:|1779805417
|-end|p2a: Iron Moth|Quark Drive|[silent]
|switch|p2a: Gholdengo|Gholdengo|100/100
|move|p1a: Ting-Lu|Earthquake|p2a: Gholdengo
|-supereffective|p2a: Gholdengo
|-damage|p2a: Gholdengo|64/100
|
|-heal|p2a: Gholdengo|71/100|[from] item: Leftovers
|-heal|p1a: Ting-Lu|74/100|[from] item: Leftovers
|upkeep
|turn|6
|
|t:|1779805424
|move|p2a: Gholdengo|Nasty Plot|p2a: Gholdengo
|-boost|p2a: Gholdengo|spa|2
|move|p1a: Ting-Lu|Earthquake|p2a: Gholdengo
|-supereffective|p2a: Gholdengo
|-damage|p2a: Gholdengo|36/100
|
|-heal|p2a: Gholdengo|42/100|[from] item: Leftovers
|-heal|p1a: Ting-Lu|80/100|[from] item: Leftovers
|upkeep
|turn|7
|
|t:|1779805433
|move|p2a: Gholdengo|Make It Rain|p1a: Ting-Lu
|-damage|p1a: Ting-Lu|19/100
|-unboost|p2a: Gholdengo|spa|1
|move|p1a: Ting-Lu|Earthquake|p2a: Gholdengo
|-supereffective|p2a: Gholdengo
|-damage|p2a: Gholdengo|6/100
|
|-heal|p2a: Gholdengo|12/100|[from] item: Leftovers
|-heal|p1a: Ting-Lu|25/100|[from] item: Leftovers
|upkeep
|turn|8
|
|t:|1779805444
|switch|p1a: Dondozo|Dondozo, F|100/100
|move|p2a: Gholdengo|Make It Rain|p1a: Dondozo
|-resisted|p1a: Dondozo
|-damage|p1a: Dondozo|79/100
|-unboost|p2a: Gholdengo|spa|1
|
|-heal|p2a: Gholdengo|18/100|[from] item: Leftovers
|-heal|p1a: Dondozo|85/100|[from] item: Leftovers
|upkeep
|turn|9
|
|t:|1779805448
|move|p2a: Gholdengo|Shadow Ball|p1a: Dondozo
|-damage|p1a: Dondozo|57/100
|move|p1a: Dondozo|Waterfall|p2a: Gholdengo
|-damage|p2a: Gholdengo|4/100
|
|-heal|p2a: Gholdengo|10/100|[from] item: Leftovers
|-heal|p1a: Dondozo|63/100|[from] item: Leftovers
|-sideend|p2: Kogasscarf|Reflect
|upkeep
|turn|10
|
|t:|1779805455
|move|p2a: Gholdengo|Shadow Ball|p1a: Dondozo
|-damage|p1a: Dondozo|31/100
|move|p1a: Dondozo|Waterfall|p2a: Gholdengo
|-damage|p2a: Gholdengo|0 fnt
|faint|p2a: Gholdengo
|
|-heal|p1a: Dondozo|37/100|[from] item: Leftovers
|-sideend|p2: Kogasscarf|move: Light Screen
|upkeep
|
|t:|1779805479
|switch|p2a: Iron Moth|Iron Moth|70/100
|turn|11
|
|t:|1779805484
|move|p2a: Iron Moth|Sludge Wave|p1a: Dondozo
|-damage|p1a: Dondozo|0 fnt
|faint|p1a: Dondozo
|
|upkeep
|
|t:|1779805488
|switch|p1a: Ting-Lu|Ting-Lu|25/100
|-ability|p1a: Ting-Lu|Vessel of Ruin
|turn|12
|
|t:|1779805505
|-end|p2a: Iron Moth|Quark Drive|[silent]
|switch|p2a: Dragonite|Dragonite, F, shiny|100/100
|move|p1a: Ting-Lu|Rest|p1a: Ting-Lu
|-status|p1a: Ting-Lu|slp|[from] move: Rest
|-heal|p1a: Ting-Lu|100/100 slp|[silent]
|
|upkeep
|turn|13
|
|t:|1779805514
|switch|p1a: Kyurem|Kyurem|100/100
|-ability|p1a: Kyurem|Pressure
|move|p2a: Dragonite|Dragon Dance|p2a: Dragonite
|-boost|p2a: Dragonite|atk|1
|-boost|p2a: Dragonite|spe|1
|
|upkeep
|turn|14
|
|t:|1779805521
|-terastallize|p2a: Dragonite|Normal
|move|p2a: Dragonite|Extreme Speed|p1a: Kyurem
|-damage|p1a: Kyurem|35/100
|move|p1a: Kyurem|Freeze-Dry|p2a: Dragonite
|-damage|p2a: Dragonite|83/100
|-status|p2a: Dragonite|frz
|
|-heal|p1a: Kyurem|41/100|[from] item: Leftovers
|upkeep
|turn|15
|
|t:|1779805533
|cant|p2a: Dragonite|frz
|move|p1a: Kyurem|Freeze-Dry|p2a: Dragonite
|-damage|p2a: Dragonite|44/100 frz
|
|-heal|p1a: Kyurem|47/100|[from] item: Leftovers
|upkeep
|turn|16
|
|t:|1779805539
|-curestatus|p2a: Dragonite|frz|[msg]
|move|p2a: Dragonite|Extreme Speed|p1a: Kyurem
|-damage|p1a: Kyurem|0 fnt
|faint|p1a: Kyurem
|
|upkeep
|
|t:|1779805548
|switch|p1a: Corviknight|Corviknight, M|100/100
|-ability|p1a: Corviknight|Pressure
|turn|17
|
|t:|1779805555
|move|p2a: Dragonite|Ice Spinner|p1a: Corviknight
|-damage|p1a: Corviknight|71/100
|-damage|p2a: Dragonite|27/100|[from] item: Rocky Helmet|[of] p1a: Corviknight
|move|p1a: Corviknight|Brave Bird|p2a: Dragonite
|-damage|p2a: Dragonite|0 fnt
|faint|p2a: Dragonite
|-damage|p1a: Corviknight|64/100|[from] Recoil
|
|upkeep
|
|t:|1779805567
|switch|p2a: Iron Moth|Iron Moth|70/100
|turn|18
|
|t:|1779805570
|move|p2a: Iron Moth|Fiery Dance|p1a: Corviknight
|-supereffective|p1a: Corviknight
|-damage|p1a: Corviknight|0 fnt
|faint|p1a: Corviknight
|
|upkeep
|
|t:|1779805573
|switch|p1a: Ting-Lu|Ting-Lu|100/100 slp
|-ability|p1a: Ting-Lu|Vessel of Ruin
|turn|19
|
|t:|1779805579
|move|p2a: Iron Moth|Fiery Dance|p1a: Ting-Lu
|-damage|p1a: Ting-Lu|75/100 slp
|cant|p1a: Ting-Lu|slp
|move|p1a: Ting-Lu|Sleep Talk|p1a: Ting-Lu
|move|p1a: Ting-Lu|Rest||[from] move: Sleep Talk|[still]
|-fail|p1a: Ting-Lu
|
|-heal|p1a: Ting-Lu|81/100 slp|[from] item: Leftovers
|upkeep
|turn|20
|
|t:|1779805586
|move|p2a: Iron Moth|Fiery Dance|p1a: Ting-Lu
|-damage|p1a: Ting-Lu|56/100 slp
|-boost|p2a: Iron Moth|spa|1
|cant|p1a: Ting-Lu|slp
|move|p1a: Ting-Lu|Sleep Talk|p1a: Ting-Lu
|move|p1a: Ting-Lu|Rest||[from] move: Sleep Talk|[still]
|-fail|p1a: Ting-Lu
|
|-heal|p1a: Ting-Lu|63/100 slp|[from] item: Leftovers
|upkeep
|turn|21
|
|t:|1779805595
|move|p2a: Iron Moth|Fiery Dance|p1a: Ting-Lu
|-damage|p1a: Ting-Lu|22/100 slp
|-curestatus|p1a: Ting-Lu|slp|[msg]
|move|p1a: Ting-Lu|Earthquake|p2a: Iron Moth
|-supereffective|p2a: Iron Moth
|-damage|p2a: Iron Moth|0 fnt
|faint|p2a: Iron Moth
|-end|p2a: Iron Moth|Quark Drive|[silent]
|
|-heal|p1a: Ting-Lu|28/100|[from] item: Leftovers
|upkeep
|
|t:|1779805613
|switch|p2a: Iron Treads|Iron Treads|100/100
|turn|22
|
|t:|1779805622
|move|p2a: Iron Treads|Steel Beam|p1a: Ting-Lu
|-damage|p1a: Ting-Lu|8/100
|-damage|p2a: Iron Treads|50/100|[from] steelbeam
|move|p1a: Ting-Lu|Earthquake|p2a: Iron Treads
|-supereffective|p2a: Iron Treads
|-damage|p2a: Iron Treads|0 fnt
|faint|p2a: Iron Treads
|-end|p2a: Iron Treads|Quark Drive|[silent]
|
|-heal|p1a: Ting-Lu|14/100|[from] item: Leftovers
|upkeep
|
|t:|1779805626
|switch|p2a: Zamazenta|Zamazenta, shiny|100/100
|-ability|p2a: Zamazenta|Dauntless Shield|boost
|-boost|p2a: Zamazenta|def|1
|turn|23
|
|t:|1779805639
|switch|p1a: Slowking|Slowking-Galar, M|100/100
|move|p2a: Zamazenta|Body Press|p1a: Slowking
|-resisted|p1a: Slowking
|-damage|p1a: Slowking|88/100
|
|upkeep
|turn|24
|
|t:|1779805648
|-terastallize|p1a: Slowking|Water
|move|p2a: Zamazenta|Iron Defense|p2a: Zamazenta
|-boost|p2a: Zamazenta|def|2
|move|p1a: Slowking|Future Sight|p2a: Zamazenta
|-start|p1a: Slowking|move: Future Sight
|
|upkeep
|turn|25
|
|t:|1779805655
|move|p2a: Zamazenta|Body Press|p1a: Slowking
|-damage|p1a: Slowking|7/100
|move|p1a: Slowking|Sludge Bomb|p2a: Zamazenta
|-damage|p2a: Zamazenta|71/100
|
|-heal|p2a: Zamazenta|77/100|[from] item: Leftovers
|upkeep
|turn|26
|
|t:|1779805665
|move|p2a: Zamazenta|Body Press|p1a: Slowking
|-damage|p1a: Slowking|0 fnt
|faint|p1a: Slowking
|
|-end|p2a: Zamazenta|move: Future Sight
|-supereffective|p2a: Zamazenta
|-damage|p2a: Zamazenta|4/100
|-heal|p2a: Zamazenta|10/100|[from] item: Leftovers
|upkeep
|
|t:|1779805669
|switch|p1a: Cinderace|Cinderace, M|49/100
|turn|27
|
|t:|1779805674
|move|p1a: Cinderace|U-turn|p2a: Zamazenta
|-resisted|p2a: Zamazenta
|-damage|p2a: Zamazenta|7/100
|
|t:|1779805678
|switch|p1a: Ting-Lu|Ting-Lu|14/100|[from] U-turn
|-ability|p1a: Ting-Lu|Vessel of Ruin
|move|p2a: Zamazenta|Body Press|p1a: Ting-Lu
|-supereffective|p1a: Ting-Lu
|-damage|p1a: Ting-Lu|0 fnt
|faint|p1a: Ting-Lu
|
|-heal|p2a: Zamazenta|14/100|[from] item: Leftovers
|upkeep
|
|t:|1779805684
|switch|p1a: Cinderace|Cinderace, M|49/100
|turn|28
|
|t:|1779805687
|move|p1a: Cinderace|U-turn|p2a: Zamazenta
|-resisted|p2a: Zamazenta
|-damage|p2a: Zamazenta|11/100
|move|p2a: Zamazenta|Body Press|p1a: Cinderace
|-damage|p1a: Cinderace|0 fnt
|faint|p1a: Cinderace
|
|win|Kogasscarf
|raw|claudechamp's rating: 1324 &rarr; <strong>1305</strong><br />(-19 for losing)
|raw|Kogasscarf's rating: 1339 &rarr; <strong>1358</strong><br />(+19 for winning)
|c|☆claudechamp|gg
|l|☆Kogasscarf
|player|p2|
