|j|☆CharizardAnakin
|j|☆miguelissussybaka
|t:|1779865957
|gametype|singles
|player|p1|CharizardAnakin|li|1361
|player|p2|miguelissussybaka|266|1337
|gen|9
|tier|[Gen 9] OU
|rated|
|rule|HP Percentage Mod: HP is shown in percentages
|rule|Endless Battle Clause: Forcing endless battles is banned
|rule|Species Clause: Limit one of each Pokémon
|rule|OHKO Clause: OHKO moves are banned
|rule|Evasion Items Clause: Evasion items are banned
|rule|Evasion Moves Clause: Evasion moves are banned
|rule|Evasion Abilities Clause: Evasion abilities are banned
|rule|Sleep Moves Clause: Sleep-inducing moves are banned
|clearpoke
|poke|p1|Pecharunt|
|poke|p1|Hydrapple, M|
|poke|p1|Tyranitar, F|
|poke|p1|Latias, F|
|poke|p1|Umbreon, M|
|poke|p1|Great Tusk|
|poke|p2|Metagross|
|poke|p2|Ogerpon-Wellspring, F|
|poke|p2|Rillaboom, F|
|poke|p2|Mamoswine, F|
|poke|p2|Moltres|
|poke|p2|Infernape, F|
|teampreview
|
|t:|1779865973
|teamsize|p1|6
|teamsize|p2|6
|start
|switch|p1a: Great Tusk|Great Tusk|100/100
|switch|p2a: Rillaboom|Rillaboom, F|100/100
|-fieldstart|move: Grassy Terrain|[from] ability: Grassy Surge|[of] p2a: Rillaboom
|turn|1
|inactive|Battle timer is ON: inactive players will automatically lose when time's up. (requested by CharizardAnakin)
|
|t:|1779865988
|-end|p1a: Great Tusk|Protosynthesis|[silent]
|switch|p1a: Pecharunt|Pecharunt|100/100
|move|p2a: Rillaboom|Wood Hammer|p1a: Pecharunt
|-resisted|p1a: Pecharunt
|-damage|p1a: Pecharunt|62/100
|-damage|p2a: Rillaboom|86/100|[from] Recoil
|
|-heal|p2a: Rillaboom|92/100|[from] Grassy Terrain
|-heal|p1a: Pecharunt|68/100|[from] Grassy Terrain
|upkeep
|turn|2
|
|t:|1779866009
|switch|p2a: Metagross|Metagross|100/100
|move|p1a: Pecharunt|Recover|p1a: Pecharunt
|-heal|p1a: Pecharunt|100/100
|
|upkeep
|turn|3
|
|t:|1779866022
|move|p1a: Pecharunt|Shadow Ball|p2a: Metagross
|-supereffective|p2a: Metagross
|-crit|p2a: Metagross
|-damage|p2a: Metagross|4/100
|move|p2a: Metagross|Knock Off|p1a: Pecharunt
|-supereffective|p1a: Pecharunt
|-damage|p1a: Pecharunt|62/100
|-enditem|p1a: Pecharunt|Heavy-Duty Boots|[from] move: Knock Off|[of] p2a: Metagross
|
|-heal|p1a: Pecharunt|68/100|[from] Grassy Terrain
|-heal|p2a: Metagross|10/100|[from] Grassy Terrain
|-heal|p2a: Metagross|16/100|[from] item: Leftovers
|upkeep
|turn|4
|
|t:|1779866039
|-terastallize|p2a: Metagross|Dark
|move|p1a: Pecharunt|Shadow Ball|p2a: Metagross
|-resisted|p2a: Metagross
|-damage|p2a: Metagross|0 fnt
|faint|p2a: Metagross
|
|-heal|p1a: Pecharunt|74/100|[from] Grassy Terrain
|upkeep
|inactive|miguelissussybaka has 120 seconds left.
|
|t:|1779866082
|switch|p2a: Moltres|Moltres|100/100
|turn|5
|
|t:|1779866094
|switch|p1a: Tyranitar|Tyranitar, F|100/100
|-weather|Sandstorm|[from] ability: Sand Stream|[of] p1a: Tyranitar
|move|p2a: Moltres|Flamethrower|p1a: Tyranitar
|-resisted|p1a: Tyranitar
|-damage|p1a: Tyranitar|94/100
|
|-weather|Sandstorm|[upkeep]
|-damage|p2a: Moltres|94/100|[from] Sandstorm
|-heal|p1a: Tyranitar|99/100|[from] Grassy Terrain
|-fieldend|move: Grassy Terrain
|upkeep
|turn|6
|inactive|miguelissussybaka has 90 seconds left.
|
|t:|1779866120
|switch|p2a: Mamoswine|Mamoswine, F|100/100
|move|p1a: Tyranitar|Stone Edge|p2a: Mamoswine
|-damage|p2a: Mamoswine|28/100
|
|-weather|Sandstorm|[upkeep]
|upkeep
|turn|7
|
|t:|1779866136
|switch|p1a: Great Tusk|Great Tusk|100/100
|move|p2a: Mamoswine|Earthquake|p1a: Great Tusk
|-damage|p1a: Great Tusk|62/100
|-damage|p2a: Mamoswine|18/100|[from] item: Life Orb
|
|-weather|Sandstorm|[upkeep]
|-heal|p1a: Great Tusk|69/100|[from] item: Leftovers
|upkeep
|turn|8
|
|t:|1779866149
|move|p2a: Mamoswine|Icicle Crash|p1a: Great Tusk
|-supereffective|p1a: Great Tusk
|-damage|p1a: Great Tusk|6/100
|-damage|p2a: Mamoswine|8/100|[from] item: Life Orb
|move|p1a: Great Tusk|Rapid Spin|p2a: Mamoswine
|-damage|p2a: Mamoswine|0 fnt
|-boost|p1a: Great Tusk|spe|1
|faint|p2a: Mamoswine
|
|-weather|Sandstorm|[upkeep]
|-heal|p1a: Great Tusk|12/100|[from] item: Leftovers
|upkeep
|inactive|miguelissussybaka has 60 seconds left.
|
|t:|1779866180
|switch|p2a: Rillaboom|Rillaboom, F|92/100
|-fieldstart|move: Grassy Terrain|[from] ability: Grassy Surge|[of] p2a: Rillaboom
|turn|9
|
|t:|1779866188
|move|p2a: Rillaboom|Grassy Glide|p1a: Great Tusk
|-supereffective|p1a: Great Tusk
|-damage|p1a: Great Tusk|0 fnt
|faint|p1a: Great Tusk
|-end|p1a: Great Tusk|Protosynthesis|[silent]
|
|-weather|none
|-heal|p2a: Rillaboom|98/100|[from] Grassy Terrain
|upkeep
|
|t:|1779866193
|switch|p1a: Pecharunt|Pecharunt|74/100
|turn|10
|
|t:|1779866209
|switch|p2a: Moltres|Moltres|94/100
|move|p1a: Pecharunt|Malignant Chain|p2a: Moltres
|-damage|p2a: Moltres|53/100
|
|-heal|p1a: Pecharunt|80/100|[from] Grassy Terrain
|upkeep
|turn|11
|
|t:|1779866215
|switch|p1a: Tyranitar|Tyranitar, F|99/100
|-weather|Sandstorm|[from] ability: Sand Stream|[of] p1a: Tyranitar
|move|p2a: Moltres|U-turn|p1a: Tyranitar
|-supereffective|p1a: Tyranitar
|-damage|p1a: Tyranitar|76/100
|
|t:|1779866226
|switch|p2a: Rillaboom|Rillaboom, F|98/100|[from] U-turn
|
|-weather|Sandstorm|[upkeep]
|-damage|p2a: Rillaboom|92/100|[from] Sandstorm
|-heal|p2a: Rillaboom|98/100|[from] Grassy Terrain
|-heal|p1a: Tyranitar|82/100|[from] Grassy Terrain
|upkeep
|turn|12
|
|t:|1779866237
|move|p2a: Rillaboom|Wood Hammer|p1a: Tyranitar
|-supereffective|p1a: Tyranitar
|-damage|p1a: Tyranitar|0 fnt
|faint|p1a: Tyranitar
|-damage|p2a: Rillaboom|66/100|[from] Recoil
|
|-weather|Sandstorm|[upkeep]
|-damage|p2a: Rillaboom|60/100|[from] Sandstorm
|-heal|p2a: Rillaboom|66/100|[from] Grassy Terrain
|upkeep
|
|t:|1779866248
|switch|p1a: Latias|Latias, F|100/100
|turn|13
|
|t:|1779866261
|switch|p2a: Moltres|Moltres|53/100
|move|p1a: Latias|Mist Ball|p2a: Moltres
|-damage|p2a: Moltres|2/100
|-unboost|p2a: Moltres|spa|1
|
|-weather|Sandstorm|[upkeep]
|-damage|p1a: Latias|95/100|[from] Sandstorm
|-damage|p2a: Moltres|0 fnt|[from] Sandstorm
|faint|p2a: Moltres
|-fieldend|move: Grassy Terrain
|upkeep
|
|t:|1779866275
|switch|p2a: Infernape|Infernape, F|100/100
|turn|14
|
|t:|1779866281
|move|p2a: Infernape|Switcheroo|p1a: Latias
|-activate|p2a: Infernape|move: Trick|[of] p1a: Latias
|-item|p1a: Latias|Choice Scarf|[from] move: Switcheroo
|-item|p2a: Infernape|Soul Dew|[from] move: Switcheroo
|move|p1a: Latias|Mist Ball|p2a: Infernape
|-supereffective|p2a: Infernape
|-damage|p2a: Infernape|0 fnt
|faint|p2a: Infernape
|
|-weather|Sandstorm|[upkeep]
|-damage|p1a: Latias|89/100|[from] Sandstorm
|upkeep
|inactive|miguelissussybaka has 60 seconds left.
|
|t:|1779866330
|switch|p2a: Rillaboom|Rillaboom, F|66/100
|-fieldstart|move: Grassy Terrain|[from] ability: Grassy Surge|[of] p2a: Rillaboom
|turn|15
|
|t:|1779866339
|move|p1a: Latias|Mist Ball|p2a: Rillaboom
|-damage|p2a: Rillaboom|9/100
|-unboost|p2a: Rillaboom|spa|1
|move|p2a: Rillaboom|U-turn|p1a: Latias
|-supereffective|p1a: Latias
|-damage|p1a: Latias|0 fnt
|faint|p1a: Latias
|
|t:|1779866342
|switch|p2a: Ogerpon|Ogerpon-Wellspring, F|100/100|[from] U-turn
|
|-weather|none
|upkeep
|
|t:|1779866347
|switch|p1a: Hydrapple|Hydrapple, M|100/100
|turn|16
|
|t:|1779866359
|move|p2a: Ogerpon|Play Rough|p1a: Hydrapple
|-supereffective|p1a: Hydrapple
|-damage|p1a: Hydrapple|45/100
|move|p1a: Hydrapple|Leaf Storm|p2a: Ogerpon
|-damage|p2a: Ogerpon|0 fnt
|-unboost|p1a: Hydrapple|spa|2
|faint|p2a: Ogerpon
|
|-heal|p1a: Hydrapple|51/100|[from] Grassy Terrain
|upkeep
|
|t:|1779866364
|switch|p2a: Rillaboom|Rillaboom, F|9/100
|turn|17
|
|t:|1779866375
|switch|p1a: Umbreon|Umbreon, M|100/100
|move|p2a: Rillaboom|Grassy Glide|p1a: Umbreon
|-damage|p1a: Umbreon|54/100
|
|-heal|p2a: Rillaboom|15/100|[from] Grassy Terrain
|-heal|p1a: Umbreon|60/100|[from] Grassy Terrain
|-heal|p1a: Umbreon|66/100|[from] item: Leftovers
|upkeep
|turn|18
|
|t:|1779866384
|move|p2a: Rillaboom|Grassy Glide|p1a: Umbreon
|-damage|p1a: Umbreon|16/100
|move|p1a: Umbreon|Foul Play|p2a: Rillaboom
|-damage|p2a: Rillaboom|0 fnt
|faint|p2a: Rillaboom
|
|win|CharizardAnakin
|raw|CharizardAnakin's rating: 1361 &rarr; <strong>1380</strong><br />(+19 for winning)
|raw|miguelissussybaka's rating: 1337 &rarr; <strong>1318</strong><br />(-19 for losing)
|c|☆CharizardAnakin|ggwp
|l|☆CharizardAnakin
|player|p1|
|c|☆miguelissussybaka|gg
|l|☆miguelissussybaka
|player|p2|
