|j|☆arturohdez
|j|☆p$ychopath
|t:|1779909769
|gametype|singles
|player|p1|arturohdez|nate|1718
|player|p2|p$ychopath|psychic-lgpe|1675
|gen|9
|tier|[Gen 9] OU
|rated|
|rule|HP Percentage Mod: HP is shown in percentages
|rule|Endless Battle Clause: Forcing endless battles is banned
|rule|Species Clause: Limit one of each Pokémon
|rule|OHKO Clause: OHKO moves are banned
|rule|Evasion Items Clause: Evasion items are banned
|rule|Evasion Moves Clause: Evasion moves are banned
|rule|Evasion Abilities Clause: Evasion abilities are banned
|rule|Sleep Moves Clause: Sleep-inducing moves are banned
|clearpoke
|poke|p1|Great Tusk|
|poke|p1|Hatterene, F|
|poke|p1|Dragonite, M|
|poke|p1|Kyurem|
|poke|p1|Kingambit, M|
|poke|p1|Darkrai|
|poke|p2|Comfey, F|
|poke|p2|Whimsicott, F|
|poke|p2|Iron Moth|
|poke|p2|Walking Wake|
|poke|p2|Great Tusk|
|poke|p2|Ninetales, M|
|teampreview
|inactive|Battle timer is ON: inactive players will automatically lose when time's up. (requested by p$ychopath)
|inactive|p$ychopath has 120 seconds left.
|j| Lowladderubersnoob
|
|t:|1779909810
|teamsize|p1|6
|teamsize|p2|6
|start
|switch|p1a: Kyurem|Kyurem|100/100
|switch|p2a: Iron Moth|Iron Moth|100/100
|-ability|p1a: Kyurem|Pressure
|-enditem|p2a: Iron Moth|Booster Energy
|-activate|p2a: Iron Moth|ability: Quark Drive|[fromitem]
|-start|p2a: Iron Moth|quarkdrivespa
|turn|1
|l| Lowladderubersnoob
|
|t:|1779909819
|move|p2a: Iron Moth|Overheat|p1a: Kyurem
|-damage|p1a: Kyurem|36/100
|-unboost|p2a: Iron Moth|spa|2
|move|p1a: Kyurem|Earth Power|p2a: Iron Moth
|-supereffective|p2a: Iron Moth
|-damage|p2a: Iron Moth|0 fnt
|faint|p2a: Iron Moth
|-end|p2a: Iron Moth|Quark Drive|[silent]
|
|upkeep
|
|t:|1779909826
|switch|p2a: Walking Wake|Walking Wake|100/100
|turn|2
|
|t:|1779909831
|move|p2a: Walking Wake|Flip Turn|p1a: Kyurem
|-resisted|p1a: Kyurem
|-damage|p1a: Kyurem|30/100
|
|t:|1779909833
|-end|p2a: Walking Wake|Protosynthesis|[silent]
|switch|p2a: Ninetales|Ninetales, M|100/100|[from] Flip Turn
|-weather|SunnyDay|[from] ability: Drought|[of] p2a: Ninetales
|move|p1a: Kyurem|Freeze-Dry|p2a: Ninetales
|-resisted|p2a: Ninetales
|-damage|p2a: Ninetales|81/100
|
|-weather|SunnyDay|[upkeep]
|upkeep
|turn|3
|
|t:|1779909841
|switch|p2a: Walking Wake|Walking Wake|100/100
|-activate|p2a: Walking Wake|ability: Protosynthesis
|-start|p2a: Walking Wake|protosynthesisspe
|move|p1a: Kyurem|Freeze-Dry|p2a: Walking Wake
|-supereffective|p2a: Walking Wake
|-damage|p2a: Walking Wake|0 fnt
|faint|p2a: Walking Wake
|-end|p2a: Walking Wake|Protosynthesis|[silent]
|
|-weather|SunnyDay|[upkeep]
|upkeep
|
|t:|1779909854
|switch|p2a: Comfey|Comfey, F|100/100
|turn|4
|
|t:|1779909863
|switch|p1a: Hatterene|Hatterene, F|100/100
|-item|p1a: Hatterene|Air Balloon
|move|p2a: Comfey|Growth|p2a: Comfey
|-boost|p2a: Comfey|atk|2
|-boost|p2a: Comfey|spa|2
|
|-weather|SunnyDay|[upkeep]
|upkeep
|turn|5
|
|t:|1779909882
|move|p2a: Comfey|Growth|p2a: Comfey
|-boost|p2a: Comfey|atk|2
|-boost|p2a: Comfey|spa|2
|move|p1a: Hatterene|Nuzzle|p2a: Comfey
|-damage|p2a: Comfey|95/100
|-status|p2a: Comfey|par
|
|-weather|SunnyDay|[upkeep]
|upkeep
|turn|6
|
|t:|1779909887
|move|p2a: Comfey|Growth|p2a: Comfey
|-boost|p2a: Comfey|atk|2
|-boost|p2a: Comfey|spa|2
|move|p1a: Hatterene|Psychic Noise|p2a: Comfey
|-damage|p2a: Comfey|58/100 par
|-start|p2a: Comfey|move: Heal Block
|
|-weather|SunnyDay|[upkeep]
|upkeep
|turn|7
|
|t:|1779909895
|move|p2a: Comfey|Stored Power|p1a: Hatterene
|-resisted|p1a: Hatterene
|-damage|p1a: Hatterene|0 fnt
|-enditem|p1a: Hatterene|Air Balloon
|faint|p1a: Hatterene
|-damage|p2a: Comfey|48/100 par|[from] item: Life Orb
|
|-weather|SunnyDay|[upkeep]
|-end|p2a: Comfey|move: Heal Block
|upkeep
|
|t:|1779909901
|switch|p1a: Kingambit|Kingambit, M|100/100
|-activate|p1a: Kingambit|ability: Supreme Overlord
|-start|p1a: Kingambit|fallen1|[silent]
|turn|8
|
|t:|1779909907
|move|p2a: Comfey|Draining Kiss|p1a: Kingambit
|-damage|p1a: Kingambit|0 fnt
|-heal|p2a: Comfey|100/100 par|[from] drain|[of] p1a: Kingambit
|faint|p1a: Kingambit
|-end|p1a: Kingambit|fallen1|[silent]
|-damage|p2a: Comfey|91/100 par|[from] item: Life Orb
|
|-weather|SunnyDay|[upkeep]
|upkeep
|inactive|arturohdez has 120 seconds left.
|
|t:|1779909946
|switch|p1a: Great Tusk|Great Tusk|100/100
|-activate|p1a: Great Tusk|ability: Protosynthesis
|-start|p1a: Great Tusk|protosynthesisatk
|turn|9
|
|t:|1779909951
|cant|p2a: Comfey|par
|move|p1a: Great Tusk|Headlong Rush|p2a: Comfey
|-damage|p2a: Comfey|0 fnt
|-unboost|p1a: Great Tusk|def|1
|-unboost|p1a: Great Tusk|spd|1
|faint|p2a: Comfey
|
|-weather|none
|-end|p1a: Great Tusk|Protosynthesis
|upkeep
|
|t:|1779909954
|switch|p2a: Ninetales|Ninetales, M|81/100
|-weather|SunnyDay|[from] ability: Drought|[of] p2a: Ninetales
|-activate|p1a: Great Tusk|ability: Protosynthesis
|-start|p1a: Great Tusk|protosynthesisatk
|turn|10
|
|t:|1779909966
|-end|p1a: Great Tusk|Protosynthesis|[silent]
|switch|p1a: Kyurem|Kyurem|30/100
|-ability|p1a: Kyurem|Pressure
|move|p2a: Ninetales|Healing Wish|p2a: Ninetales
|faint|p2a: Ninetales
|
|-weather|SunnyDay|[upkeep]
|upkeep
|
|t:|1779909972
|switch|p2a: Whimsicott|Whimsicott, F|100/100
|turn|11
|
|t:|1779909979
|-terastallize|p2a: Whimsicott|Ghost
|move|p2a: Whimsicott|Growth|p2a: Whimsicott
|-boost|p2a: Whimsicott|atk|2
|-boost|p2a: Whimsicott|spa|2
|move|p1a: Kyurem|Freeze-Dry|p2a: Whimsicott
|-damage|p2a: Whimsicott|44/100
|
|-weather|SunnyDay|[upkeep]
|upkeep
|turn|12
|
|t:|1779909986
|move|p2a: Whimsicott|Moonblast|p1a: Kyurem
|-supereffective|p1a: Kyurem
|-damage|p1a: Kyurem|0 fnt
|faint|p1a: Kyurem
|-damage|p2a: Whimsicott|34/100|[from] item: Life Orb
|
|-weather|SunnyDay|[upkeep]
|upkeep
|
|t:|1779909992
|switch|p1a: Dragonite|Dragonite, M|100/100
|turn|13
|
|t:|1779910001
|switch|p2a: Great Tusk|Great Tusk|100/100
|-activate|p2a: Great Tusk|ability: Protosynthesis
|-start|p2a: Great Tusk|protosynthesisspe
|-terastallize|p1a: Dragonite|Fire
|move|p1a: Dragonite|Scale Shot|p2a: Great Tusk
|-damage|p2a: Great Tusk|91/100
|-damage|p2a: Great Tusk|82/100
|-damage|p2a: Great Tusk|73/100
|-damage|p2a: Great Tusk|65/100
|-damage|p2a: Great Tusk|55/100
|-hitcount|p2a: Great Tusk|5
|-unboost|p1a: Dragonite|def|1
|-boost|p1a: Dragonite|spe|1
|
|-weather|SunnyDay|[upkeep]
|upkeep
|turn|14
|
|t:|1779910015
|switch|p1a: Great Tusk|Great Tusk|100/100
|-activate|p1a: Great Tusk|ability: Protosynthesis
|-start|p1a: Great Tusk|protosynthesisatk
|move|p2a: Great Tusk|Headlong Rush|p1a: Great Tusk
|-damage|p1a: Great Tusk|64/100
|-unboost|p2a: Great Tusk|def|1
|-unboost|p2a: Great Tusk|spd|1
|-damage|p2a: Great Tusk|38/100|[from] item: Rocky Helmet|[of] p1a: Great Tusk
|
|-weather|SunnyDay|[upkeep]
|upkeep
|turn|15
|
|t:|1779910023
|move|p2a: Great Tusk|Stealth Rock|p1a: Great Tusk
|-sidestart|p1: arturohdez|move: Stealth Rock
|move|p1a: Great Tusk|Ice Spinner|p2a: Great Tusk
|-supereffective|p2a: Great Tusk
|-damage|p2a: Great Tusk|0 fnt
|-damage|p1a: Great Tusk|48/100|[from] item: Rocky Helmet|[of] p2a: Great Tusk
|faint|p2a: Great Tusk
|-end|p2a: Great Tusk|Protosynthesis|[silent]
|
|-weather|SunnyDay|[upkeep]
|upkeep
|
|t:|1779910027
|switch|p2a: Whimsicott|Whimsicott, F, tera:Ghost|34/100
|-heal|p2a: Whimsicott|100/100|[from] move: Healing Wish
|turn|16
|
|t:|1779910037
|move|p2a: Whimsicott|Giga Drain|p1a: Great Tusk
|-supereffective|p1a: Great Tusk
|-damage|p1a: Great Tusk|0 fnt
|faint|p1a: Great Tusk
|-end|p1a: Great Tusk|Protosynthesis|[silent]
|-damage|p2a: Whimsicott|91/100|[from] item: Life Orb
|
|-weather|SunnyDay|[upkeep]
|upkeep
|
|t:|1779910043
|switch|p1a: Dragonite|Dragonite, M, tera:Fire|100/100
|-damage|p1a: Dragonite|76/100|[from] Stealth Rock
|turn|17
|
|t:|1779910053
|move|p2a: Whimsicott|Shadow Ball|p1a: Dragonite
|-damage|p1a: Dragonite|32/100
|-damage|p2a: Whimsicott|81/100|[from] item: Life Orb
|move|p1a: Dragonite|Scale Shot|p2a: Whimsicott
|-damage|p2a: Whimsicott|62/100
|-damage|p2a: Whimsicott|44/100
|-damage|p2a: Whimsicott|24/100
|-damage|p2a: Whimsicott|5/100
|-damage|p2a: Whimsicott|0 fnt
|faint|p2a: Whimsicott
|-hitcount|p2: Whimsicott|5
|
|win|arturohdez
|raw|arturohdez's rating: 1718 &rarr; <strong>1736</strong><br />(+18 for winning)
|raw|p$ychopath's rating: 1675 &rarr; <strong>1657</strong><br />(-18 for losing)
|l|☆p$ychopath
|player|p2|
|l|☆arturohdez
|player|p1|
