|j|☆falinks_testing
|j|☆Desepp
|t:|1779850681
|gametype|singles
|player|p1|falinks_testing|roughneck|1265
|player|p2|Desepp|hoopster|1182
|gen|9
|tier|[Gen 9] OU
|rated|
|rule|HP Percentage Mod: HP is shown in percentages
|rule|Endless Battle Clause: Forcing endless battles is banned
|rule|Species Clause: Limit one of each Pokémon
|rule|OHKO Clause: OHKO moves are banned
|rule|Evasion Items Clause: Evasion items are banned
|rule|Evasion Moves Clause: Evasion moves are banned
|rule|Evasion Abilities Clause: Evasion abilities are banned
|rule|Sleep Moves Clause: Sleep-inducing moves are banned
|clearpoke
|poke|p1|Vikavolt, M|
|poke|p1|Gholdengo|
|poke|p1|Great Tusk|
|poke|p1|Typhlosion-Hisui, M|
|poke|p1|Meowscarada, M|
|poke|p1|Kyurem|
|poke|p2|Darkrai|
|poke|p2|Slowking-Galar, M|
|poke|p2|Pecharunt|
|poke|p2|Corviknight, M|
|poke|p2|Great Tusk|
|poke|p2|Meowscarada, M|
|teampreview
|inactive|Battle timer is ON: inactive players will automatically lose when time's up. (requested by Desepp)
|
|t:|1779850685
|teamsize|p1|6
|teamsize|p2|6
|start
|switch|p1a: Vikavolt|Vikavolt, M|100/100
|switch|p2a: Meowscarada|Meowscarada, M|100/100
|turn|1
|
|t:|1779850688
|move|p2a: Meowscarada|U-turn|p1a: Vikavolt
|-start|p2a: Meowscarada|typechange|Bug|[from] ability: Protean
|-damage|p1a: Vikavolt|60/100
|
|t:|1779850691
|switch|p2a: Great Tusk|Great Tusk|100/100|[from] U-turn
|move|p1a: Vikavolt|Sticky Web|p2a: Great Tusk
|-sidestart|p2: Desepp|move: Sticky Web
|
|upkeep
|turn|2
|
|t:|1779850696
|switch|p1a: Gholdengo|Gholdengo|100/100
|-item|p1a: Gholdengo|Air Balloon
|move|p2a: Great Tusk|Head Smash|p1a: Gholdengo
|-resisted|p1a: Gholdengo
|-damage|p1a: Gholdengo|74/100
|-enditem|p1a: Gholdengo|Air Balloon
|-damage|p2a: Great Tusk|88/100|[from] Recoil
|
|upkeep
|turn|3
|
|t:|1779850706
|move|p2a: Great Tusk|Rapid Spin|p1a: Gholdengo
|-immune|p1a: Gholdengo
|move|p1a: Gholdengo|Shadow Ball|p2a: Great Tusk
|-crit|p2a: Great Tusk
|-damage|p2a: Great Tusk|16/100
|
|upkeep
|turn|4
|
|t:|1779850711
|switch|p1a: Meowscarada|Meowscarada, M|100/100
|move|p2a: Great Tusk|Headlong Rush|p1a: Meowscarada
|-resisted|p1a: Meowscarada
|-damage|p1a: Meowscarada|49/100
|-unboost|p2a: Great Tusk|def|1
|-unboost|p2a: Great Tusk|spd|1
|
|upkeep
|turn|5
|
|t:|1779850714
|-end|p2a: Great Tusk|Protosynthesis|[silent]
|switch|p2a: Corviknight|Corviknight, M|100/100
|-ability|p2a: Corviknight|Pressure
|move|p1a: Meowscarada|Knock Off|p2a: Corviknight
|-damage|p2a: Corviknight|74/100
|-damage|p1a: Meowscarada|32/100|[from] item: Rocky Helmet|[of] p2a: Corviknight
|-enditem|p2a: Corviknight|Rocky Helmet|[from] move: Knock Off|[of] p1a: Meowscarada
|
|upkeep
|turn|6
|
|t:|1779850722
|switch|p1a: Gholdengo|Gholdengo|74/100
|move|p2a: Corviknight|U-turn|p1a: Gholdengo
|-resisted|p1a: Gholdengo
|-damage|p1a: Gholdengo|71/100
|
|t:|1779850727
|switch|p2a: Meowscarada|Meowscarada, M|100/100|[from] U-turn
|-activate|p2a: Meowscarada|move: Sticky Web
|-unboost|p2a: Meowscarada|spe|1
|
|upkeep
|turn|7
|
|t:|1779850733
|switch|p1a: Vikavolt|Vikavolt, M|60/100
|move|p2a: Meowscarada|Knock Off|p1a: Vikavolt
|-start|p2a: Meowscarada|typechange|Dark|[from] ability: Protean
|-damage|p1a: Vikavolt|7/100
|-enditem|p1a: Vikavolt|Focus Sash|[from] move: Knock Off|[of] p2a: Meowscarada
|
|upkeep
|turn|8
|
|t:|1779850736
|move|p2a: Meowscarada|Knock Off|p1a: Vikavolt
|-damage|p1a: Vikavolt|0 fnt
|faint|p1a: Vikavolt
|
|upkeep
|
|t:|1779850750
|switch|p1a: Meowscarada|Meowscarada, M|32/100
|turn|9
|
|t:|1779850760
|switch|p2a: Corviknight|Corviknight, M|74/100
|-ability|p2a: Corviknight|Pressure
|move|p1a: Meowscarada|U-turn|p2a: Corviknight
|-resisted|p2a: Corviknight
|-damage|p2a: Corviknight|71/100
|
|t:|1779850764
|switch|p1a: Typhlosion|Typhlosion-Hisui, M|100/100|[from] U-turn
|
|upkeep
|turn|10
|
|t:|1779850768
|-terastallize|p1a: Typhlosion|Fire
|-terastallize|p2a: Corviknight|Dragon
|move|p1a: Typhlosion|Eruption|p2a: Corviknight
|-resisted|p2a: Corviknight
|-damage|p2a: Corviknight|0 fnt
|faint|p2a: Corviknight
|
|upkeep
|
|t:|1779850777
|switch|p2a: Slowking|Slowking-Galar, M|100/100
|turn|11
|
|t:|1779850783
|switch|p1a: Gholdengo|Gholdengo|71/100
|move|p2a: Slowking|Thunder Wave|p1a: Gholdengo
|-immune|p1a: Gholdengo|[from] ability: Good as Gold
|
|upkeep
|turn|12
|
|t:|1779850792
|move|p1a: Gholdengo|Make It Rain|p2a: Slowking
|-damage|p2a: Slowking|57/100
|-unboost|p1a: Gholdengo|spa|1
|-prepare|p2a: Slowking|Chilly Reception|[premajor]
|move|p2a: Slowking|Chilly Reception|p2a: Slowking
|-weather|Snowscape
|
|t:|1779850795
|switch|p2a: Darkrai|Darkrai|100/100|[from] Chilly Reception
|-activate|p2a: Darkrai|move: Sticky Web
|-unboost|p2a: Darkrai|spe|1
|
|-weather|Snowscape|[upkeep]
|upkeep
|turn|13
|
|t:|1779850805
|move|p1a: Gholdengo|Make It Rain|p2a: Darkrai
|-damage|p2a: Darkrai|40/100
|-unboost|p1a: Gholdengo|spa|1
|move|p2a: Darkrai|Dark Pulse|p1a: Gholdengo
|-supereffective|p1a: Gholdengo
|-damage|p1a: Gholdengo|0 fnt
|faint|p1a: Gholdengo
|
|-weather|Snowscape|[upkeep]
|upkeep
|
|t:|1779850810
|switch|p1a: Typhlosion|Typhlosion-Hisui, M, tera:Fire|100/100
|-item|p2a: Darkrai|Choice Specs|[from] ability: Frisk|[of] p1a: Typhlosion
|turn|14
|
|t:|1779850820
|switch|p2a: Pecharunt|Pecharunt|100/100
|move|p1a: Typhlosion|Eruption|p2a: Pecharunt
|-damage|p2a: Pecharunt|0 fnt
|faint|p2a: Pecharunt
|
|-weather|Snowscape|[upkeep]
|upkeep
|
|t:|1779850822
|switch|p2a: Slowking|Slowking-Galar, M|90/100
|turn|15
|
|t:|1779850824
|move|p1a: Typhlosion|Eruption|p2a: Slowking
|-damage|p2a: Slowking|0 fnt
|faint|p2a: Slowking
|
|-weather|Snowscape|[upkeep]
|upkeep
|-message|Desepp forfeited.
|
|win|falinks_testing
|raw|falinks_testing's rating: 1265 &rarr; <strong>1284</strong><br />(+19 for winning)
|raw|Desepp's rating: 1182 &rarr; <strong>1163</strong><br />(-19 for losing)
|l|☆Desepp
|player|p2|
