|j|☆Shivendra200927
|j|☆kkiarakku
|t:|1779878143
|gametype|singles
|player|p1|Shivendra200927|steven|1147
|player|p2|kkiarakku|pokekid|1217
|gen|9
|tier|[Gen 9] OU
|rated|
|rule|HP Percentage Mod: HP is shown in percentages
|rule|Endless Battle Clause: Forcing endless battles is banned
|rule|Species Clause: Limit one of each Pokémon
|rule|OHKO Clause: OHKO moves are banned
|rule|Evasion Items Clause: Evasion items are banned
|rule|Evasion Moves Clause: Evasion moves are banned
|rule|Evasion Abilities Clause: Evasion abilities are banned
|rule|Sleep Moves Clause: Sleep-inducing moves are banned
|clearpoke
|poke|p1|Suicune|
|poke|p1|Registeel|
|poke|p1|Scorbunny, M|
|poke|p1|Floatzel, M|
|poke|p1|Overqwil, M|
|poke|p1|Toxtricity-Low-Key, F|
|poke|p2|Keldeo-Resolute|
|poke|p2|Zamazenta-*|
|poke|p2|Ceruledge, M|
|poke|p2|Grimmsnarl, M|
|poke|p2|Glimmora, M|
|poke|p2|Ursaluna, M|
|teampreview
|
|t:|1779878160
|teamsize|p1|6
|teamsize|p2|6
|start
|switch|p1a: Suicune|Suicune|100/100
|switch|p2a: Grimmsnarl|Grimmsnarl, M|100/100
|-ability|p1a: Suicune|Pressure
|turn|1
|
|t:|1779878167
|move|p2a: Grimmsnarl|Light Screen|p2a: Grimmsnarl
|-sidestart|p2: kkiarakku|move: Light Screen
|move|p1a: Suicune|Substitute|p1a: Suicune
|-start|p1a: Suicune|Substitute
|-damage|p1a: Suicune|76/100
|
|-heal|p1a: Suicune|82/100|[from] item: Leftovers
|upkeep
|turn|2
|
|t:|1779878173
|move|p2a: Grimmsnarl|Taunt|p1a: Suicune
|-start|p1a: Suicune|move: Taunt
|cant|p1a: Suicune|move: Taunt|Calm Mind
|
|-heal|p1a: Suicune|88/100|[from] item: Leftovers
|upkeep
|turn|3
|
|t:|1779878178
|move|p2a: Grimmsnarl|Reflect|p2a: Grimmsnarl
|-sidestart|p2: kkiarakku|Reflect
|move|p1a: Suicune|Scald|p2a: Grimmsnarl
|-damage|p2a: Grimmsnarl|87/100
|
|-heal|p1a: Suicune|94/100|[from] item: Leftovers
|upkeep
|turn|4
|
|t:|1779878186
|switch|p2a: Zamazenta|Zamazenta|100/100
|-ability|p2a: Zamazenta|Dauntless Shield|boost
|-boost|p2a: Zamazenta|def|1
|move|p1a: Suicune|Scald|p2a: Zamazenta
|-damage|p2a: Zamazenta|90/100
|
|-heal|p2a: Zamazenta|96/100|[from] item: Leftovers
|-heal|p1a: Suicune|99/100|[from] item: Leftovers
|-end|p1a: Suicune|move: Taunt
|upkeep
|turn|5
|
|t:|1779878197
|move|p1a: Suicune|Scald|p2a: Zamazenta
|-damage|p2a: Zamazenta|87/100
|move|p2a: Zamazenta|Roar|p1a: Suicune
|drag|p1a: Registeel|Registeel|100/100
|
|-heal|p2a: Zamazenta|93/100|[from] item: Leftovers
|upkeep
|turn|6
|
|t:|1779878206
|move|p2a: Zamazenta|Iron Defense|p2a: Zamazenta
|-boost|p2a: Zamazenta|def|2
|move|p1a: Registeel|Thunder Wave|p2a: Zamazenta
|-status|p2a: Zamazenta|par
|
|-heal|p2a: Zamazenta|99/100 par|[from] item: Leftovers
|upkeep
|turn|7
|
|t:|1779878227
|switch|p1a: Suicune|Suicune|99/100
|-ability|p1a: Suicune|Pressure
|cant|p2a: Zamazenta|par
|
|-heal|p1a: Suicune|100/100|[from] item: Leftovers
|-heal|p2a: Zamazenta|100/100 par|[from] item: Leftovers
|upkeep
|turn|8
|
|t:|1779878235
|move|p1a: Suicune|Scald|p2a: Zamazenta
|-crit|p2a: Zamazenta
|-damage|p2a: Zamazenta|68/100 par
|move|p2a: Zamazenta|Body Press|p1a: Suicune
|-damage|p1a: Suicune|54/100
|
|-heal|p1a: Suicune|60/100|[from] item: Leftovers
|-heal|p2a: Zamazenta|74/100 par|[from] item: Leftovers
|-sideend|p2: kkiarakku|move: Light Screen
|upkeep
|turn|9
|
|t:|1779878246
|move|p1a: Suicune|Scald|p2a: Zamazenta
|-damage|p2a: Zamazenta|53/100 par
|move|p2a: Zamazenta|Roar|p1a: Suicune
|drag|p1a: Scorbunny|Scorbunny, M|100/100
|
|-heal|p2a: Zamazenta|59/100 par|[from] item: Leftovers
|upkeep
|turn|10
|
|t:|1779878259
|move|p2a: Zamazenta|Body Press|p1a: Scorbunny
|-enditem|p1a: Scorbunny|Focus Sash
|-damage|p1a: Scorbunny|1/100
|move|p1a: Scorbunny|Counter|p2a: Zamazenta
|-start|p1a: Scorbunny|typechange|Fighting|[from] ability: Libero
|-damage|p2a: Zamazenta|0 fnt
|faint|p2a: Zamazenta
|
|-sideend|p2: kkiarakku|Reflect
|upkeep
|
|t:|1779878270
|switch|p2a: Keldeo|Keldeo-Resolute|100/100
|turn|11
|
|t:|1779878278
|switch|p1a: Registeel|Registeel|100/100
|move|p2a: Keldeo|Vacuum Wave|p1a: Registeel
|-supereffective|p1a: Registeel
|-damage|p1a: Registeel|72/100
|
|upkeep
|turn|12
|
|t:|1779878289
|move|p2a: Keldeo|Secret Sword|p1a: Registeel
|-supereffective|p1a: Registeel
|-damage|p1a: Registeel|11/100
|move|p1a: Registeel|Thunder Wave|p2a: Keldeo
|-status|p2a: Keldeo|par
|
|upkeep
|turn|13
|
|t:|1779878295
|move|p2a: Keldeo|Vacuum Wave|p1a: Registeel
|-supereffective|p1a: Registeel
|-damage|p1a: Registeel|0 fnt
|faint|p1a: Registeel
|
|upkeep
|
|t:|1779878301
|switch|p1a: Toxtricity|Toxtricity-Low-Key, F|100/100
|turn|14
|
|t:|1779878308
|move|p1a: Toxtricity|Trailblaze|p2a: Keldeo
|-supereffective|p2a: Keldeo
|-damage|p2a: Keldeo|72/100 par
|-boost|p1a: Toxtricity|spe|1
|cant|p2a: Keldeo|par
|
|upkeep
|turn|15
|
|t:|1779878318
|move|p1a: Toxtricity|Overdrive|p2a: Keldeo
|-supereffective|p2a: Keldeo
|-damage|p2a: Keldeo|0 fnt
|faint|p2a: Keldeo
|-enditem|p1a: Toxtricity|Throat Spray
|-boost|p1a: Toxtricity|spa|1|[from] item: Throat Spray
|
|upkeep
|
|t:|1779878325
|switch|p2a: Glimmora|Glimmora, M|100/100
|turn|16
|
|t:|1779878331
|move|p1a: Toxtricity|Overdrive|p2a: Glimmora
|-enditem|p2a: Glimmora|Focus Sash
|-damage|p2a: Glimmora|1/100
|move|p2a: Glimmora|Mud Shot|p1a: Toxtricity
|-supereffective|p1a: Toxtricity
|-damage|p1a: Toxtricity|0 fnt
|faint|p1a: Toxtricity
|
|upkeep
|
|t:|1779878365
|switch|p1a: Floatzel|Floatzel, M|100/100
|turn|17
|
|t:|1779878370
|-terastallize|p1a: Floatzel|Water
|move|p1a: Floatzel|Wave Crash|p2a: Glimmora
|-supereffective|p2a: Glimmora
|-damage|p2a: Glimmora|0 fnt
|-activate|p2a: Glimmora|ability: Toxic Debris
|-sidestart|p1: Shivendra200927|move: Toxic Spikes
|faint|p2a: Glimmora
|-damage|p1a: Floatzel|99/100|[from] Recoil
|
|upkeep
|
|t:|1779878381
|switch|p2a: Grimmsnarl|Grimmsnarl, M|87/100
|turn|18
|
|t:|1779878386
|move|p2a: Grimmsnarl|Reflect|p2a: Grimmsnarl
|-sidestart|p2: kkiarakku|Reflect
|move|p1a: Floatzel|Wave Crash|p2a: Grimmsnarl
|-damage|p2a: Grimmsnarl|36/100
|-damage|p1a: Floatzel|79/100|[from] Recoil
|
|upkeep
|turn|19
|
|t:|1779878395
|move|p2a: Grimmsnarl|Parting Shot|p1a: Floatzel
|-unboost|p1a: Floatzel|atk|1
|-unboost|p1a: Floatzel|spa|1
|
|t:|1779878398
|switch|p2a: Ursaluna|Ursaluna, M|100/100|[from] Parting Shot
|move|p1a: Floatzel|Wave Crash|p2a: Ursaluna
|-supereffective|p2a: Ursaluna
|-damage|p2a: Ursaluna|52/100
|-damage|p1a: Floatzel|56/100|[from] Recoil
|
|-heal|p2a: Ursaluna|58/100|[from] item: Leftovers
|upkeep
|turn|20
|
|t:|1779878409
|switch|p1a: Overqwil|Overqwil, M|100/100
|-sideend|p1: Shivendra200927|move: Toxic Spikes|[of] p1a: Overqwil
|-ability|p1a: Overqwil|Intimidate|boost
|-unboost|p2a: Ursaluna|atk|1
|-terastallize|p2a: Ursaluna|Ghost
|move|p2a: Ursaluna|Earthquake|p1a: Overqwil
|-supereffective|p1a: Overqwil
|-damage|p1a: Overqwil|18/100
|
|-heal|p2a: Ursaluna|64/100|[from] item: Leftovers
|upkeep
|turn|21
|
|t:|1779878419
|move|p1a: Overqwil|Crunch|p2a: Ursaluna
|-supereffective|p2a: Ursaluna
|-damage|p2a: Ursaluna|38/100
|move|p2a: Ursaluna|Ice Punch|p1a: Overqwil
|-damage|p1a: Overqwil|0 fnt
|faint|p1a: Overqwil
|
|-heal|p2a: Ursaluna|44/100|[from] item: Leftovers
|upkeep
|
|t:|1779878426
|switch|p1a: Scorbunny|Scorbunny, M|1/100
|turn|22
|
|t:|1779878431
|move|p1a: Scorbunny|Sucker Punch|p2a: Ursaluna
|-start|p1a: Scorbunny|typechange|Dark|[from] ability: Libero
|-supereffective|p2a: Ursaluna
|-damage|p2a: Ursaluna|28/100
|move|p2a: Ursaluna|Earthquake|p1a: Scorbunny
|-damage|p1a: Scorbunny|0 fnt
|faint|p1a: Scorbunny
|
|-heal|p2a: Ursaluna|35/100|[from] item: Leftovers
|upkeep
|
|t:|1779878446
|switch|p1a: Floatzel|Floatzel, M, tera:Water|56/100
|turn|23
|
|t:|1779878454
|move|p1a: Floatzel|Wave Crash|p2a: Ursaluna
|-damage|p2a: Ursaluna|1/100
|-damage|p1a: Floatzel|39/100|[from] Recoil
|move|p2a: Ursaluna|Earthquake|p1a: Floatzel
|-damage|p1a: Floatzel|0 fnt
|faint|p1a: Floatzel
|
|-heal|p2a: Ursaluna|7/100|[from] item: Leftovers
|upkeep
|
|t:|1779878457
|switch|p1a: Suicune|Suicune|60/100
|-ability|p1a: Suicune|Pressure
|turn|24
|
|t:|1779878469
|move|p1a: Suicune|Scald|p2a: Ursaluna
|-damage|p2a: Ursaluna|0 fnt
|faint|p2a: Ursaluna
|
|-heal|p1a: Suicune|66/100|[from] item: Leftovers
|upkeep
|
|t:|1779878475
|switch|p2a: Grimmsnarl|Grimmsnarl, M|36/100
|turn|25
|
|t:|1779878503
|move|p2a: Grimmsnarl|Parting Shot|p1a: Suicune
|-unboost|p1a: Suicune|atk|1
|-unboost|p1a: Suicune|spa|1
|
|t:|1779878506
|switch|p2a: Ceruledge|Ceruledge, M|100/100|[from] Parting Shot
|move|p1a: Suicune|Substitute|p1a: Suicune
|-start|p1a: Suicune|Substitute
|-damage|p1a: Suicune|42/100
|
|-heal|p1a: Suicune|48/100|[from] item: Leftovers
|-sideend|p2: kkiarakku|Reflect
|upkeep
|turn|26
|
|t:|1779878515
|move|p2a: Ceruledge|Shadow Sneak|p1a: Suicune
|-activate|p1a: Suicune|move: Substitute|[damage]
|move|p1a: Suicune|Scald|p2a: Ceruledge
|-supereffective|p2a: Ceruledge
|-damage|p2a: Ceruledge|69/100
|
|-heal|p2a: Ceruledge|75/100|[from] item: Leftovers
|-heal|p1a: Suicune|54/100|[from] item: Leftovers
|upkeep
|turn|27
|
|t:|1779878526
|move|p2a: Ceruledge|Bulk Up|p2a: Ceruledge
|-boost|p2a: Ceruledge|atk|1
|-boost|p2a: Ceruledge|def|1
|move|p1a: Suicune|Calm Mind|p1a: Suicune
|-boost|p1a: Suicune|spa|1
|-boost|p1a: Suicune|spd|1
|
|-heal|p2a: Ceruledge|81/100|[from] item: Leftovers
|-heal|p1a: Suicune|60/100|[from] item: Leftovers
|upkeep
|turn|28
|
|t:|1779878539
|move|p2a: Ceruledge|Bitter Blade|p1a: Suicune
|-resisted|p1a: Suicune
|-end|p1a: Suicune|Substitute
|-heal|p2a: Ceruledge|88/100|[from] drain|[of] p1a: Suicune
|move|p1a: Suicune|Calm Mind|p1a: Suicune
|-boost|p1a: Suicune|spa|1
|-boost|p1a: Suicune|spd|1
|
|-heal|p2a: Ceruledge|94/100|[from] item: Leftovers
|-heal|p1a: Suicune|66/100|[from] item: Leftovers
|upkeep
|turn|29
|
|t:|1779878548
|move|p2a: Ceruledge|Shadow Sneak|p1a: Suicune
|-damage|p1a: Suicune|48/100
|move|p1a: Suicune|Scald|p2a: Ceruledge
|-supereffective|p2a: Ceruledge
|-damage|p2a: Ceruledge|30/100
|
|-heal|p2a: Ceruledge|36/100|[from] item: Leftovers
|-heal|p1a: Suicune|54/100|[from] item: Leftovers
|upkeep
|turn|30
|
|t:|1779878558
|move|p2a: Ceruledge|Shadow Sneak|p1a: Suicune
|-damage|p1a: Suicune|36/100
|move|p1a: Suicune|Scald|p2a: Ceruledge
|-supereffective|p2a: Ceruledge
|-damage|p2a: Ceruledge|0 fnt
|faint|p2a: Ceruledge
|
|-heal|p1a: Suicune|43/100|[from] item: Leftovers
|upkeep
|
|t:|1779878565
|switch|p2a: Grimmsnarl|Grimmsnarl, M|36/100
|turn|31
|
|t:|1779878570
|move|p2a: Grimmsnarl|Parting Shot|p1a: Suicune
|-unboost|p1a: Suicune|atk|1
|-unboost|p1a: Suicune|spa|1
|move|p1a: Suicune|Scald|p2a: Grimmsnarl
|-damage|p2a: Grimmsnarl|4/100
|
|-heal|p1a: Suicune|49/100|[from] item: Leftovers
|upkeep
|turn|32
|
|t:|1779878579
|move|p2a: Grimmsnarl|Parting Shot|p1a: Suicune
|-unboost|p1a: Suicune|atk|1
|-unboost|p1a: Suicune|spa|1
|move|p1a: Suicune|Scald|p2a: Grimmsnarl
|-damage|p2a: Grimmsnarl|0 fnt
|faint|p2a: Grimmsnarl
|
|win|Shivendra200927
|raw|Shivendra200927's rating: 1147 &rarr; <strong>1177</strong><br />(+30 for winning)
|raw|kkiarakku's rating: 1217 &rarr; <strong>1187</strong><br />(-30 for losing)
|l|☆kkiarakku
|player|p2|
|l|☆Shivendra200927
|player|p1|
