|j|☆Mothnimon
|j|☆thepippy27
|t:|1779916074
|gametype|singles
|player|p1|Mothnimon|dawn|1525
|player|p2|thepippy27|misty|1518
|gen|9
|tier|[Gen 9] OU
|rated|
|rule|HP Percentage Mod: HP is shown in percentages
|rule|Endless Battle Clause: Forcing endless battles is banned
|rule|Species Clause: Limit one of each Pokémon
|rule|OHKO Clause: OHKO moves are banned
|rule|Evasion Items Clause: Evasion items are banned
|rule|Evasion Moves Clause: Evasion moves are banned
|rule|Evasion Abilities Clause: Evasion abilities are banned
|rule|Sleep Moves Clause: Sleep-inducing moves are banned
|clearpoke
|poke|p1|Venusaur, F|
|poke|p1|Kingambit, M|
|poke|p1|Alomomola, F|
|poke|p1|Iron Moth|
|poke|p1|Hatterene, F|
|poke|p1|Dragapult, F|
|poke|p2|Cramorant, F|
|poke|p2|Gliscor, M|
|poke|p2|Ting-Lu|
|poke|p2|Iron Treads|
|poke|p2|Enamorus, F|
|poke|p2|Slowking-Galar, M|
|teampreview
|
|t:|1779916083
|teamsize|p1|6
|teamsize|p2|6
|start
|switch|p1a: Fishy Face|Alomomola, F|100/100
|switch|p2a: Slowking|Slowking-Galar, M|100/100
|turn|1
|
|t:|1779916090
|move|p2a: Slowking|Sludge Bomb|p1a: Fishy Face
|-damage|p1a: Fishy Face|76/100
|move|p1a: Fishy Face|Mirror Coat|p2a: Slowking
|-damage|p2a: Slowking|35/100
|
|upkeep
|turn|2
|
|t:|1779916099
|move|p1a: Fishy Face|Body Slam|p2a: Slowking
|-damage|p2a: Slowking|18/100
|move|p2a: Slowking|Psychic Noise|p1a: Fishy Face
|-crit|p1a: Fishy Face
|-damage|p1a: Fishy Face|48/100
|-start|p1a: Fishy Face|move: Heal Block
|
|upkeep
|turn|3
|
|t:|1779916110
|switch|p2a: Ting-Lu|Ting-Lu|100/100
|-ability|p2a: Ting-Lu|Vessel of Ruin
|move|p1a: Fishy Face|Flip Turn|p2a: Ting-Lu
|-supereffective|p2a: Ting-Lu
|-damage|p2a: Ting-Lu|86/100
|inactive|Battle timer is ON: inactive players will automatically lose when time's up. (requested by thepippy27)
|
|t:|1779916122
|switch|p1a: Grassious|Venusaur, F|100/100|[from] Flip Turn
|
|-heal|p2a: Ting-Lu|92/100|[from] item: Leftovers
|upkeep
|turn|4
|
|t:|1779916132
|move|p1a: Grassious|Curse|p1a: Grassious
|-unboost|p1a: Grassious|spe|1
|-boost|p1a: Grassious|atk|1
|-boost|p1a: Grassious|def|1
|move|p2a: Ting-Lu|Stealth Rock|p1a: Grassious
|-sidestart|p1: Mothnimon|move: Stealth Rock
|
|-heal|p2a: Ting-Lu|99/100|[from] item: Leftovers
|upkeep
|turn|5
|
|t:|1779916141
|move|p1a: Grassious|Knock Off|p2a: Ting-Lu
|-resisted|p2a: Ting-Lu
|-damage|p2a: Ting-Lu|92/100
|-enditem|p2a: Ting-Lu|Leftovers|[from] move: Knock Off|[of] p1a: Grassious
|move|p2a: Ting-Lu|Whirlwind|p1a: Grassious
|drag|p1a: Jet|Dragapult, F|100/100
|-damage|p1a: Jet|88/100|[from] Stealth Rock
|
|upkeep
|turn|6
|
|t:|1779916151
|move|p1a: Jet|U-turn|p2a: Ting-Lu
|-supereffective|p2a: Ting-Lu
|-damage|p2a: Ting-Lu|77/100
|
|t:|1779916154
|switch|p1a: Hattington|Hatterene, F|100/100|[from] U-turn
|-damage|p1a: Hattington|88/100|[from] Stealth Rock
|move|p2a: Ting-Lu|Ruination|p1a: Hattington
|-damage|p1a: Hattington|45/100
|
|-heal|p1a: Hattington|50/100|[from] item: Leftovers
|upkeep
|turn|7
|
|t:|1779916166
|switch|p2a: Slowking|Slowking-Galar, M|52/100
|move|p1a: Hattington|Pain Split|p2a: Slowking
|-sethp|p2a: Slowking|46/100|[from] move: Pain Split|[silent]
|-sethp|p1a: Hattington|57/100|[from] move: Pain Split
|
|-heal|p1a: Hattington|63/100|[from] item: Leftovers
|upkeep
|turn|8
|
|t:|1779916182
|move|p2a: Slowking|Flamethrower|p1a: Hattington
|-damage|p1a: Hattington|30/100
|-status|p1a: Hattington|brn
|move|p1a: Hattington|Future Sight|p2a: Slowking
|-start|p1a: Hattington|move: Future Sight
|
|-heal|p1a: Hattington|36/100 brn|[from] item: Leftovers
|-damage|p1a: Hattington|30/100 brn|[from] brn
|upkeep
|turn|9
|
|t:|1779916193
|switch|p1a: Fishy Face|Alomomola, F|81/100
|-damage|p1a: Fishy Face|68/100|[from] Stealth Rock
|move|p2a: Slowking|Psychic Noise|p1a: Fishy Face
|-damage|p1a: Fishy Face|49/100
|-start|p1a: Fishy Face|move: Heal Block
|
|upkeep
|turn|10
|
|t:|1779916202
|move|p1a: Fishy Face|Flip Turn|p2a: Slowking
|-damage|p2a: Slowking|28/100
|
|t:|1779916209
|switch|p1a: Warrior King|Kingambit, M|100/100|[from] Flip Turn
|-damage|p1a: Warrior King|94/100|[from] Stealth Rock
|move|p2a: Slowking|Sludge Bomb|p1a: Warrior King
|-immune|p1a: Warrior King
|
|-end|p2a: Slowking|move: Future Sight
|-damage|p2a: Slowking|0 fnt
|faint|p2a: Slowking
|upkeep
|
|t:|1779916219
|switch|p2a: Cramorant|Cramorant, F|100/100
|turn|11
|
|t:|1779916225
|-end|p1a: Warrior King|fallenundefined|[silent]
|switch|p1a: Hattington|Hatterene, F|30/100 brn
|-damage|p1a: Hattington|17/100 brn|[from] Stealth Rock
|move|p2a: Cramorant|Surf|p1a: Hattington
|-formechange|p2a: Cramorant|Cramorant-Gulping|
|-damage|p1a: Hattington|0 fnt
|faint|p1a: Hattington
|
|upkeep
|
|t:|1779916230
|switch|p1a: Fishy Face|Alomomola, F|82/100
|-damage|p1a: Fishy Face|70/100|[from] Stealth Rock
|turn|12
|
|t:|1779916246
|switch|p2a: Gliscor|Gliscor, M|100/100
|move|p1a: Fishy Face|Mirror Coat||[still]
|-fail|p1a: Fishy Face
|
|-status|p2a: Gliscor|tox|[from] item: Toxic Orb
|upkeep
|turn|13
|
|t:|1779916254
|move|p2a: Gliscor|Knock Off|p1a: Fishy Face
|-damage|p1a: Fishy Face|53/100
|-enditem|p1a: Fishy Face|Assault Vest|[from] move: Knock Off|[of] p2a: Gliscor
|move|p1a: Fishy Face|Flip Turn|p2a: Gliscor
|-supereffective|p2a: Gliscor
|-damage|p2a: Gliscor|80/100 tox
|
|t:|1779916261
|switch|p1a: Jet|Dragapult, F|88/100|[from] Flip Turn
|-damage|p1a: Jet|76/100|[from] Stealth Rock
|
|-heal|p2a: Gliscor|93/100 tox|[from] ability: Poison Heal
|upkeep
|turn|14
|
|t:|1779916267
|move|p1a: Jet|Hex|p2a: Gliscor
|-damage|p2a: Gliscor|0 fnt
|faint|p2a: Gliscor
|
|upkeep
|
|t:|1779916277
|switch|p2a: Enamorus|Enamorus, F|100/100
|turn|15
|
|t:|1779916282
|move|p2a: Enamorus|Moonblast|p1a: Jet
|-supereffective|p1a: Jet
|-damage|p1a: Jet|0 fnt
|faint|p1a: Jet
|
|upkeep
|
|t:|1779916286
|switch|p1a: Solar Panel|Iron Moth|100/100
|-damage|p1a: Solar Panel|76/100|[from] Stealth Rock
|-enditem|p1a: Solar Panel|Booster Energy
|-activate|p1a: Solar Panel|ability: Quark Drive|[fromitem]
|-start|p1a: Solar Panel|quarkdrivespa
|turn|16
|
|t:|1779916289
|switch|p2a: Ting-Lu|Ting-Lu|77/100
|-ability|p2a: Ting-Lu|Vessel of Ruin
|move|p1a: Solar Panel|Agility|p1a: Solar Panel
|-boost|p1a: Solar Panel|spe|2
|
|upkeep
|turn|17
|
|t:|1779916297
|-terastallize|p1a: Solar Panel|Fairy
|move|p1a: Solar Panel|Dazzling Gleam|p2a: Ting-Lu
|-supereffective|p2a: Ting-Lu
|-damage|p2a: Ting-Lu|7/100
|move|p2a: Ting-Lu|Whirlwind|p1a: Solar Panel
|-end|p1a: Solar Panel|Quark Drive|[silent]
|drag|p1a: Warrior King|Kingambit, M|94/100
|-damage|p1a: Warrior King|88/100|[from] Stealth Rock
|-activate|p1a: Warrior King|ability: Supreme Overlord
|-start|p1a: Warrior King|fallen2|[silent]
|
|upkeep
|turn|18
|
|t:|1779916306
|move|p1a: Warrior King|Iron Head|p2a: Ting-Lu
|-damage|p2a: Ting-Lu|0 fnt
|faint|p2a: Ting-Lu
|
|upkeep
|
|t:|1779916309
|switch|p2a: Cramorant|Cramorant, F|100/100
|turn|19
|
|t:|1779916319
|-end|p1a: Warrior King|fallen2|[silent]
|switch|p1a: Fishy Face|Alomomola, F|86/100
|-damage|p1a: Fishy Face|74/100|[from] Stealth Rock
|move|p2a: Cramorant|Surf|p1a: Fishy Face
|-formechange|p2a: Cramorant|Cramorant-Gulping|
|-resisted|p1a: Fishy Face
|-damage|p1a: Fishy Face|61/100
|
|upkeep
|turn|20
|
|t:|1779916325
|switch|p2a: Enamorus|Enamorus, F|100/100
|move|p1a: Fishy Face|Mirror Coat||[still]
|-fail|p1a: Fishy Face
|
|upkeep
|turn|21
|
|t:|1779916339
|-terastallize|p2a: Enamorus|Fairy
|move|p2a: Enamorus|Moonblast|p1a: Fishy Face
|-damage|p1a: Fishy Face|14/100
|move|p1a: Fishy Face|Flip Turn|p2a: Enamorus
|-damage|p2a: Enamorus|75/100
|
|t:|1779916350
|switch|p1a: Grassious|Venusaur, F|100/100|[from] Flip Turn
|-damage|p1a: Grassious|88/100|[from] Stealth Rock
|
|-heal|p1a: Grassious|94/100|[from] item: Leftovers
|upkeep
|turn|22
|
|t:|1779916357
|switch|p2a: Cramorant|Cramorant, F|100/100
|move|p1a: Grassious|Poison Jab|p2a: Cramorant
|-damage|p2a: Cramorant|46/100
|
|-heal|p1a: Grassious|99/100|[from] item: Leftovers
|upkeep
|turn|23
|
|t:|1779916376
|move|p2a: Cramorant|Ice Beam|p1a: Grassious
|-supereffective|p1a: Grassious
|-damage|p1a: Grassious|72/100
|move|p1a: Grassious|Poison Jab|p2a: Cramorant
|-damage|p2a: Cramorant|0 fnt
|faint|p2a: Cramorant
|
|-heal|p1a: Grassious|78/100|[from] item: Leftovers
|upkeep
|
|t:|1779916380
|switch|p2a: Iron Treads|Iron Treads|100/100
|turn|24
|
|t:|1779916391
|move|p2a: Iron Treads|Ice Spinner|p1a: Grassious
|-supereffective|p1a: Grassious
|-damage|p1a: Grassious|32/100
|move|p1a: Grassious|Earthquake|p2a: Iron Treads
|-supereffective|p2a: Iron Treads
|-damage|p2a: Iron Treads|63/100
|
|-heal|p1a: Grassious|38/100|[from] item: Leftovers
|upkeep
|turn|25
|
|t:|1779916400
|move|p2a: Iron Treads|Rapid Spin|p1a: Grassious
|-damage|p1a: Grassious|24/100
|-boost|p2a: Iron Treads|spe|1
|move|p1a: Grassious|Earthquake|p2a: Iron Treads
|-supereffective|p2a: Iron Treads
|-damage|p2a: Iron Treads|29/100
|
|-heal|p1a: Grassious|30/100|[from] item: Leftovers
|upkeep
|turn|26
|
|t:|1779916418
|move|p2a: Iron Treads|Ice Spinner|p1a: Grassious
|-supereffective|p1a: Grassious
|-damage|p1a: Grassious|0 fnt
|faint|p1a: Grassious
|
|upkeep
|
|t:|1779916421
|switch|p1a: Fishy Face|Alomomola, F|47/100
|-damage|p1a: Fishy Face|35/100|[from] Stealth Rock
|turn|27
|
|t:|1779916429
|switch|p1a: Solar Panel|Iron Moth, tera:Fairy|76/100
|-damage|p1a: Solar Panel|63/100|[from] Stealth Rock
|move|p2a: Iron Treads|Volt Switch|p1a: Solar Panel
|-damage|p1a: Solar Panel|46/100
|
|t:|1779916432
|-end|p2a: Iron Treads|Quark Drive|[silent]
|switch|p2a: Enamorus|Enamorus, F, tera:Fairy|75/100|[from] Volt Switch
|
|upkeep
|turn|28
|
|t:|1779916440
|move|p2a: Enamorus|Moonblast|p1a: Solar Panel
|-damage|p1a: Solar Panel|0 fnt
|faint|p1a: Solar Panel
|-end|p1a: Solar Panel|Quark Drive|[silent]
|
|upkeep
|
|t:|1779916455
|switch|p1a: Fishy Face|Alomomola, F|68/100
|-damage|p1a: Fishy Face|56/100|[from] Stealth Rock
|turn|29
|
|t:|1779916462
|move|p2a: Enamorus|Moonblast|p1a: Fishy Face
|-damage|p1a: Fishy Face|3/100
|move|p1a: Fishy Face|Scald|p2a: Enamorus
|-damage|p2a: Enamorus|58/100
|
|upkeep
|turn|30
|
|t:|1779916472
|move|p2a: Enamorus|Moonblast|p1a: Fishy Face
|-damage|p1a: Fishy Face|0 fnt
|faint|p1a: Fishy Face
|
|upkeep
|
|t:|1779916476
|switch|p1a: Warrior King|Kingambit, M|88/100
|-damage|p1a: Warrior King|82/100|[from] Stealth Rock
|-activate|p1a: Warrior King|ability: Supreme Overlord
|-start|p1a: Warrior King|fallen5|[silent]
|turn|31
|
|t:|1779916491
|move|p2a: Enamorus|Moonblast|p1a: Warrior King
|-damage|p1a: Warrior King|0 fnt
|faint|p1a: Warrior King
|-end|p1a: Warrior King|fallen5|[silent]
|
|win|thepippy27
|raw|Mothnimon's rating: 1525 &rarr; <strong>1505</strong><br />(-20 for losing)
|raw|thepippy27's rating: 1518 &rarr; <strong>1538</strong><br />(+20 for winning)
|l|☆Mothnimon
|player|p1|
