|j|‽gliderman8
|j|☆jefffromlassonde
|t:|1779892540
|gametype|singles
|player|p1|gliderman8|rocketgrunt|1271
|player|p2|jefffromlassonde|ghetsis|1324
|gen|9
|tier|[Gen 9] OU
|rated|
|rule|HP Percentage Mod: HP is shown in percentages
|rule|Endless Battle Clause: Forcing endless battles is banned
|rule|Species Clause: Limit one of each Pokémon
|rule|OHKO Clause: OHKO moves are banned
|rule|Evasion Items Clause: Evasion items are banned
|rule|Evasion Moves Clause: Evasion moves are banned
|rule|Evasion Abilities Clause: Evasion abilities are banned
|rule|Sleep Moves Clause: Sleep-inducing moves are banned
|clearpoke
|poke|p1|Breloom, M|
|poke|p1|Rotom-Wash|
|poke|p1|Alomomola, M|
|poke|p1|Slowking-Galar, M|
|poke|p1|Blissey, F|
|poke|p1|Great Tusk|
|poke|p2|Regieleki|
|poke|p2|Blaziken, F|
|poke|p2|Garganacl, F|
|poke|p2|Hatterene, F|
|poke|p2|Iron Treads|
|poke|p2|Walking Wake|
|teampreview
|c|☆jefffromlassonde|really big stall in the big 2026
|
|t:|1779892564
|teamsize|p1|6
|teamsize|p2|6
|start
|switch|p1a: Rotom|Rotom-Wash|100/100
|switch|p2a: Regieleki|Regieleki|100/100
|turn|1
|
|t:|1779892578
|move|p2a: Regieleki|Light Screen|p2a: Regieleki
|-sidestart|p2: jefffromlassonde|move: Light Screen
|move|p1a: Rotom|Shadow Ball|p2a: Regieleki
|-damage|p2a: Regieleki|76/100
|
|upkeep
|turn|2
|
|t:|1779892586
|move|p2a: Regieleki|Reflect|p2a: Regieleki
|-sidestart|p2: jefffromlassonde|Reflect
|move|p1a: Rotom|Volt Switch|p2a: Regieleki
|-resisted|p2a: Regieleki
|-damage|p2a: Regieleki|60/100
|
|t:|1779892591
|switch|p1a: Great Tusk|Great Tusk|100/100|[from] Volt Switch
|
|upkeep
|turn|3
|
|t:|1779892608
|switch|p2a: Walking Wake|Walking Wake|100/100
|move|p1a: Great Tusk|Headlong Rush|p2a: Walking Wake
|-damage|p2a: Walking Wake|64/100
|-unboost|p1a: Great Tusk|def|1
|-unboost|p1a: Great Tusk|spd|1
|
|upkeep
|turn|4
|
|t:|1779892621
|-end|p1a: Great Tusk|Protosynthesis|[silent]
|switch|p1a: Blissey|Blissey, F|100/100
|move|p2a: Walking Wake|Surf|p1a: Blissey
|-damage|p1a: Blissey|84/100
|
|upkeep
|turn|5
|
|t:|1779892629
|move|p2a: Walking Wake|Knock Off|p1a: Blissey
|-damage|p1a: Blissey|69/100
|-enditem|p1a: Blissey|Heavy-Duty Boots|[from] move: Knock Off|[of] p2a: Walking Wake
|move|p1a: Blissey|Seismic Toss|p2a: Walking Wake
|-damage|p2a: Walking Wake|35/100
|
|upkeep
|turn|6
|
|t:|1779892638
|move|p2a: Walking Wake|Flip Turn|p1a: Blissey
|-damage|p1a: Blissey|54/100
|
|t:|1779892648
|-end|p2a: Walking Wake|Protosynthesis|[silent]
|switch|p2a: Garganacl|Garganacl, F|100/100|[from] Flip Turn
|move|p1a: Blissey|Soft-Boiled|p1a: Blissey
|-heal|p1a: Blissey|100/100
|
|upkeep
|turn|7
|
|t:|1779892665
|switch|p1a: Breloom|Breloom, M|100/100
|move|p2a: Garganacl|Iron Defense|p2a: Garganacl
|-boost|p2a: Garganacl|def|2
|
|-status|p1a: Breloom|tox|[from] item: Toxic Orb
|upkeep
|turn|8
|
|t:|1779892678
|move|p1a: Breloom|Substitute|p1a: Breloom
|-start|p1a: Breloom|Substitute
|-damage|p1a: Breloom|76/100 tox
|move|p2a: Garganacl|Iron Defense|p2a: Garganacl
|-boost|p2a: Garganacl|def|2
|
|-heal|p1a: Breloom|88/100 tox|[from] ability: Poison Heal
|-sideend|p2: jefffromlassonde|move: Light Screen
|upkeep
|turn|9
|
|t:|1779892686
|-singleturn|p1a: Breloom|move: Focus Punch
|move|p2a: Garganacl|Body Press|p1a: Breloom
|-end|p1a: Breloom|Substitute
|move|p1a: Breloom|Focus Punch|p2a: Garganacl
|-supereffective|p2a: Garganacl
|-damage|p2a: Garganacl|82/100
|
|-heal|p2a: Garganacl|89/100|[from] item: Leftovers
|-heal|p1a: Breloom|99/100 tox|[from] ability: Poison Heal
|-sideend|p2: jefffromlassonde|Reflect
|upkeep
|turn|10
|
|t:|1779892697
|switch|p1a: Slowking|Slowking-Galar, M|100/100
|move|p2a: Garganacl|Body Press|p1a: Slowking
|-resisted|p1a: Slowking
|-damage|p1a: Slowking|86/100
|
|-heal|p2a: Garganacl|95/100|[from] item: Leftovers
|upkeep
|turn|11
|
|t:|1779892706
|move|p2a: Garganacl|Salt Cure|p1a: Slowking
|-damage|p1a: Slowking|72/100
|-start|p1a: Slowking|Salt Cure
|move|p1a: Slowking|Future Sight|p2a: Garganacl
|-start|p1a: Slowking|move: Future Sight
|
|-heal|p2a: Garganacl|100/100|[from] item: Leftovers
|-damage|p1a: Slowking|59/100|[from] Salt Cure
|upkeep
|turn|12
|
|t:|1779892716
|move|p2a: Garganacl|Salt Cure|p1a: Slowking
|-damage|p1a: Slowking|46/100
|-prepare|p1a: Slowking|Chilly Reception|[premajor]
|move|p1a: Slowking|Chilly Reception|p1a: Slowking
|-weather|Snowscape
|
|t:|1779892722
|switch|p1a: Alomomola|Alomomola, M|100/100|[from] Chilly Reception
|
|-weather|Snowscape|[upkeep]
|upkeep
|turn|13
|
|t:|1779892731
|move|p1a: Alomomola|Scald|p2a: Garganacl
|-supereffective|p2a: Garganacl
|-damage|p2a: Garganacl|81/100
|move|p2a: Garganacl|Salt Cure|p1a: Alomomola
|-damage|p1a: Alomomola|93/100
|-start|p1a: Alomomola|Salt Cure
|
|-weather|Snowscape|[upkeep]
|-end|p2a: Garganacl|move: Future Sight
|-damage|p2a: Garganacl|51/100
|-heal|p2a: Garganacl|58/100|[from] item: Leftovers
|-damage|p1a: Alomomola|68/100|[from] Salt Cure
|upkeep
|turn|14
|
|t:|1779892744
|switch|p1a: Slowking|Slowking-Galar, M|80/100
|move|p2a: Garganacl|Body Press|p1a: Slowking
|-resisted|p1a: Slowking
|-damage|p1a: Slowking|65/100
|
|-weather|Snowscape|[upkeep]
|-heal|p2a: Garganacl|64/100|[from] item: Leftovers
|upkeep
|turn|15
|
|t:|1779892754
|move|p2a: Garganacl|Recover|p2a: Garganacl
|-heal|p2a: Garganacl|100/100
|move|p1a: Slowking|Future Sight|p2a: Garganacl
|-start|p1a: Slowking|move: Future Sight
|
|-weather|Snowscape|[upkeep]
|upkeep
|turn|16
|
|t:|1779892766
|move|p2a: Garganacl|Iron Defense|p2a: Garganacl
|-boost|p2a: Garganacl|def|2
|move|p1a: Slowking|Sludge Bomb|p2a: Garganacl
|-resisted|p2a: Garganacl
|-damage|p2a: Garganacl|89/100
|
|-weather|none
|-heal|p2a: Garganacl|95/100|[from] item: Leftovers
|upkeep
|turn|17
|
|t:|1779892774
|move|p2a: Garganacl|Body Press|p1a: Slowking
|-resisted|p1a: Slowking
|-damage|p1a: Slowking|44/100
|-prepare|p1a: Slowking|Chilly Reception|[premajor]
|move|p1a: Slowking|Chilly Reception|p1a: Slowking
|-weather|Snowscape
|
|t:|1779892781
|switch|p1a: Alomomola|Alomomola, M|100/100|[from] Chilly Reception
|
|-weather|Snowscape|[upkeep]
|-end|p2a: Garganacl|move: Future Sight
|-damage|p2a: Garganacl|63/100
|-heal|p2a: Garganacl|69/100|[from] item: Leftovers
|upkeep
|turn|18
|
|t:|1779892790
|move|p1a: Alomomola|Flip Turn|p2a: Garganacl
|-supereffective|p2a: Garganacl
|-damage|p2a: Garganacl|63/100
|
|t:|1779892794
|switch|p1a: Slowking|Slowking-Galar, M|77/100|[from] Flip Turn
|move|p2a: Garganacl|Body Press|p1a: Slowking
|-resisted|p1a: Slowking
|-damage|p1a: Slowking|57/100
|
|-weather|Snowscape|[upkeep]
|-heal|p2a: Garganacl|70/100|[from] item: Leftovers
|upkeep
|turn|19
|
|t:|1779892802
|move|p2a: Garganacl|Salt Cure|p1a: Slowking
|-damage|p1a: Slowking|44/100
|-start|p1a: Slowking|Salt Cure
|move|p1a: Slowking|Future Sight|p2a: Garganacl
|-start|p1a: Slowking|move: Future Sight
|
|-weather|Snowscape|[upkeep]
|-heal|p2a: Garganacl|76/100|[from] item: Leftovers
|-damage|p1a: Slowking|31/100|[from] Salt Cure
|upkeep
|turn|20
|
|t:|1779892812
|switch|p1a: Alomomola|Alomomola, M|100/100
|move|p2a: Garganacl|Body Press|p1a: Alomomola
|-damage|p1a: Alomomola|53/100
|-damage|p2a: Garganacl|59/100|[from] item: Rocky Helmet|[of] p1a: Alomomola
|
|-weather|Snowscape|[upkeep]
|-heal|p2a: Garganacl|65/100|[from] item: Leftovers
|upkeep
|turn|21
|
|t:|1779892820
|move|p1a: Alomomola|Wish|p1a: Alomomola
|move|p2a: Garganacl|Body Press|p1a: Alomomola
|-damage|p1a: Alomomola|6/100
|-damage|p2a: Garganacl|49/100|[from] item: Rocky Helmet|[of] p1a: Alomomola
|
|-weather|none
|-end|p2a: Garganacl|move: Future Sight
|-damage|p2a: Garganacl|22/100
|-heal|p2a: Garganacl|28/100|[from] item: Leftovers
|upkeep
|turn|22
|
|t:|1779892830
|move|p1a: Alomomola|Protect|p1a: Alomomola
|-singleturn|p1a: Alomomola|Protect
|move|p2a: Garganacl|Recover|p2a: Garganacl
|-heal|p2a: Garganacl|78/100
|
|-heal|p1a: Alomomola|56/100|[from] move: Wish|[wisher] Alomomola
|-heal|p2a: Garganacl|84/100|[from] item: Leftovers
|upkeep
|turn|23
|
|t:|1779892843
|move|p1a: Alomomola|Wish|p1a: Alomomola
|move|p2a: Garganacl|Salt Cure|p1a: Alomomola
|-damage|p1a: Alomomola|48/100
|-start|p1a: Alomomola|Salt Cure
|
|-heal|p2a: Garganacl|90/100|[from] item: Leftovers
|-damage|p1a: Alomomola|24/100|[from] Salt Cure
|upkeep
|turn|24
|
|t:|1779892850
|switch|p1a: Slowking|Slowking-Galar, M|65/100
|move|p2a: Garganacl|Body Press|p1a: Slowking
|-resisted|p1a: Slowking
|-damage|p1a: Slowking|45/100
|
|-heal|p1a: Slowking|100/100|[from] move: Wish|[wisher] Alomomola
|-heal|p2a: Garganacl|97/100|[from] item: Leftovers
|upkeep
|turn|25
|
|t:|1779892859
|switch|p2a: Hatterene|Hatterene, F|100/100
|move|p1a: Slowking|Future Sight|p2a: Hatterene
|-start|p1a: Slowking|move: Future Sight
|
|upkeep
|turn|26
|
|t:|1779892864
|move|p2a: Hatterene|Nuzzle|p1a: Slowking
|-damage|p1a: Slowking|97/100
|-status|p1a: Slowking|par
|move|p1a: Slowking|Sludge Bomb|p2a: Hatterene
|-supereffective|p2a: Hatterene
|-damage|p2a: Hatterene|30/100
|-enditem|p2a: Hatterene|Eject Button
|
|t:|1779892877
|switch|p2a: Iron Treads|Iron Treads|100/100
|
|upkeep
|turn|27
|
|t:|1779892892
|switch|p1a: Breloom|Breloom, M|99/100 tox
|move|p2a: Iron Treads|Earthquake|p1a: Breloom
|-resisted|p1a: Breloom
|-damage|p1a: Breloom|64/100 tox
|
|-end|p2a: Iron Treads|move: Future Sight
|-resisted|p2a: Iron Treads
|-damage|p2a: Iron Treads|66/100
|-heal|p2a: Iron Treads|72/100|[from] item: Leftovers
|-heal|p1a: Breloom|76/100 tox|[from] ability: Poison Heal
|upkeep
|turn|28
|
|t:|1779892905
|move|p2a: Iron Treads|Knock Off|p1a: Breloom
|-resisted|p1a: Breloom
|-damage|p1a: Breloom|51/100 tox
|-enditem|p1a: Breloom|Toxic Orb|[from] move: Knock Off|[of] p2a: Iron Treads
|move|p1a: Breloom|Seed Bomb|p2a: Iron Treads
|-damage|p2a: Iron Treads|28/100
|
|-heal|p2a: Iron Treads|34/100|[from] item: Leftovers
|-heal|p1a: Breloom|63/100 tox|[from] ability: Poison Heal
|upkeep
|turn|29
|
|t:|1779892916
|-end|p2a: Iron Treads|Quark Drive|[silent]
|switch|p2a: Blaziken|Blaziken, F|100/100
|move|p1a: Breloom|Seed Bomb|p2a: Blaziken
|-resisted|p2a: Blaziken
|-damage|p2a: Blaziken|68/100
|
|-heal|p1a: Breloom|76/100 tox|[from] ability: Poison Heal
|upkeep
|turn|30
|
|t:|1779892936
|switch|p1a: Alomomola|Alomomola, M|57/100
|-terastallize|p2a: Blaziken|Fighting
|move|p2a: Blaziken|Swords Dance|p2a: Blaziken
|-boost|p2a: Blaziken|atk|2
|
|-ability|p2a: Blaziken|Speed Boost|boost
|-boost|p2a: Blaziken|spe|1
|upkeep
|turn|31
|
|t:|1779892949
|move|p2a: Blaziken|Close Combat|p1a: Alomomola
|-damage|p1a: Alomomola|0 fnt
|-unboost|p2a: Blaziken|def|1
|-unboost|p2a: Blaziken|spd|1
|-damage|p2a: Blaziken|51/100|[from] item: Rocky Helmet|[of] p1a: Alomomola
|faint|p1a: Alomomola
|-damage|p2a: Blaziken|41/100|[from] item: Life Orb
|
|-ability|p2a: Blaziken|Speed Boost|boost
|-boost|p2a: Blaziken|spe|1
|upkeep
|
|t:|1779892958
|switch|p1a: Slowking|Slowking-Galar, M|100/100 par
|turn|32
|
|t:|1779892968
|move|p2a: Blaziken|Earthquake|p1a: Slowking
|-supereffective|p1a: Slowking
|-damage|p1a: Slowking|0 fnt
|faint|p1a: Slowking
|-damage|p2a: Blaziken|31/100|[from] item: Life Orb
|
|-ability|p2a: Blaziken|Speed Boost|boost
|-boost|p2a: Blaziken|spe|1
|upkeep
|
|t:|1779892974
|switch|p1a: Rotom|Rotom-Wash|100/100
|turn|33
|
|t:|1779892983
|move|p2a: Blaziken|Close Combat|p1a: Rotom
|-crit|p1a: Rotom
|-damage|p1a: Rotom|0 fnt
|-unboost|p2a: Blaziken|def|1
|-unboost|p2a: Blaziken|spd|1
|faint|p1a: Rotom
|-damage|p2a: Blaziken|21/100|[from] item: Life Orb
|
|-ability|p2a: Blaziken|Speed Boost|boost
|-boost|p2a: Blaziken|spe|1
|upkeep
|
|t:|1779892992
|switch|p1a: Great Tusk|Great Tusk|100/100
|turn|34
|
|t:|1779892997
|move|p2a: Blaziken|Close Combat|p1a: Great Tusk
|-damage|p1a: Great Tusk|0 fnt
|-unboost|p2a: Blaziken|def|1
|-unboost|p2a: Blaziken|spd|1
|faint|p1a: Great Tusk
|-end|p1a: Great Tusk|Protosynthesis|[silent]
|-damage|p2a: Blaziken|11/100|[from] item: Life Orb
|
|-ability|p2a: Blaziken|Speed Boost|boost
|-boost|p2a: Blaziken|spe|1
|upkeep
|-message|gliderman8 forfeited.
|
|win|jefffromlassonde
|raw|gliderman8's rating: 1271 &rarr; <strong>1250</strong><br />(-21 for losing)
|raw|jefffromlassonde's rating: 1324 &rarr; <strong>1341</strong><br />(+17 for winning)
|l|‽gliderman8
|player|p1|
|c|☆jefffromlassonde|so much for big stall
