|j|☆claudechamp
|j|☆ipff
|t:|1779801375
|gametype|singles
|player|p1|claudechamp|265|1314
|player|p2|ipff|hooligans|1390
|gen|9
|tier|[Gen 9] OU
|rated|
|rule|HP Percentage Mod: HP is shown in percentages
|rule|Endless Battle Clause: Forcing endless battles is banned
|rule|Species Clause: Limit one of each Pokémon
|rule|OHKO Clause: OHKO moves are banned
|rule|Evasion Items Clause: Evasion items are banned
|rule|Evasion Moves Clause: Evasion moves are banned
|rule|Evasion Abilities Clause: Evasion abilities are banned
|rule|Sleep Moves Clause: Sleep-inducing moves are banned
|clearpoke
|poke|p1|Gliscor, M|
|poke|p1|Gholdengo|
|poke|p1|Zamazenta-*|
|poke|p1|Blissey, F|
|poke|p1|Skarmory, F|
|poke|p1|Pecharunt|
|poke|p2|Iron Boulder|
|poke|p2|Kingambit, M|
|poke|p2|Raging Bolt|
|poke|p2|Glimmora, M|
|poke|p2|Iron Valiant|
|poke|p2|Meowscarada, M|
|teampreview
|c|☆claudechamp|hf
|inactive|Battle timer is ON: inactive players will automatically lose when time's up. (requested by ipff)
|inactive|claudechamp also wants the timer to be on.
|
|t:|1779801383
|teamsize|p1|6
|teamsize|p2|6
|start
|switch|p1a: Skarmory|Skarmory, F|100/100
|switch|p2a: Meowscarada|Meowscarada, M|100/100
|turn|1
|
|t:|1779801388
|move|p2a: Meowscarada|U-turn|p1a: Skarmory
|-start|p2a: Meowscarada|typechange|Bug|[from] ability: Protean
|-resisted|p1a: Skarmory
|-damage|p1a: Skarmory|93/100
|
|t:|1779801398
|switch|p2a: Raging Bolt|Raging Bolt|100/100|[from] U-turn
|move|p1a: Skarmory|Spikes|p2a: Raging Bolt
|-sidestart|p2: ipff|Spikes
|
|upkeep
|turn|2
|
|t:|1779801407
|-end|p2a: Raging Bolt|Protosynthesis|[silent]
|switch|p2a: Glimmora|Glimmora, M|100/100
|-damage|p2a: Glimmora|88/100|[from] Spikes
|move|p1a: Skarmory|Spikes|p2a: Glimmora
|-sidestart|p2: ipff|Spikes
|
|upkeep
|turn|3
|
|t:|1779801414
|move|p2a: Glimmora|Stealth Rock|p1a: Skarmory
|-sidestart|p1: claudechamp|move: Stealth Rock
|move|p1a: Skarmory|Spikes|p2a: Glimmora
|-sidestart|p2: ipff|Spikes
|
|upkeep
|turn|4
|
|t:|1779801426
|switch|p2a: Raging Bolt|Raging Bolt|100/100
|-damage|p2a: Raging Bolt|76/100|[from] Spikes
|move|p1a: Skarmory|Body Press|p2a: Raging Bolt
|-damage|p2a: Raging Bolt|47/100
|
|-heal|p2a: Raging Bolt|53/100|[from] item: Leftovers
|upkeep
|turn|5
|
|t:|1779801430
|move|p2a: Raging Bolt|Thunderbolt|p1a: Skarmory
|-supereffective|p1a: Skarmory
|-damage|p1a: Skarmory|0 fnt
|faint|p1a: Skarmory
|
|-heal|p2a: Raging Bolt|59/100|[from] item: Leftovers
|upkeep
|
|t:|1779801436
|switch|p1a: Gliscor|Gliscor, M|100/100
|-damage|p1a: Gliscor|88/100|[from] Stealth Rock
|turn|6
|
|t:|1779801451
|-terastallize|p2a: Raging Bolt|Fairy
|move|p1a: Gliscor|Earthquake|p2a: Raging Bolt
|-damage|p2a: Raging Bolt|29/100
|move|p2a: Raging Bolt|Calm Mind|p2a: Raging Bolt
|-boost|p2a: Raging Bolt|spa|1
|-boost|p2a: Raging Bolt|spd|1
|
|-heal|p2a: Raging Bolt|35/100|[from] item: Leftovers
|-status|p1a: Gliscor|tox|[from] item: Toxic Orb
|upkeep
|turn|7
|
|t:|1779801456
|move|p1a: Gliscor|Swords Dance|p1a: Gliscor
|-boost|p1a: Gliscor|atk|2
|move|p2a: Raging Bolt|Dragon Pulse|p1a: Gliscor
|-damage|p1a: Gliscor|19/100 tox
|
|-heal|p2a: Raging Bolt|41/100|[from] item: Leftovers
|-heal|p1a: Gliscor|31/100 tox|[from] ability: Poison Heal
|upkeep
|turn|8
|
|t:|1779801461
|move|p1a: Gliscor|Earthquake|p2a: Raging Bolt
|-damage|p2a: Raging Bolt|0 fnt
|faint|p2a: Raging Bolt
|-end|p2a: Raging Bolt|Protosynthesis|[silent]
|
|-heal|p1a: Gliscor|44/100 tox|[from] ability: Poison Heal
|upkeep
|inactive|ipff has 120 seconds left.
|
|t:|1779801495
|switch|p2a: Gardevoir :)|Iron Valiant|100/100
|-damage|p2a: Gardevoir :)|76/100|[from] Spikes
|turn|9
|
|t:|1779801498
|move|p2a: Gardevoir :)|Psyshock|p1a: Gliscor
|-damage|p1a: Gliscor|15/100 tox
|move|p1a: Gliscor|Earthquake|p2a: Gardevoir :)
|-damage|p2a: Gardevoir :)|0 fnt
|faint|p2a: Gardevoir :)
|-end|p2a: Gardevoir :)|Quark Drive|[silent]
|
|-heal|p1a: Gliscor|27/100 tox|[from] ability: Poison Heal
|upkeep
|
|t:|1779801502
|switch|p2a: Meowscarada|Meowscarada, M|100/100
|-damage|p2a: Meowscarada|76/100|[from] Spikes
|turn|10
|
|t:|1779801509
|move|p2a: Meowscarada|Knock Off|p1a: Gliscor
|-start|p2a: Meowscarada|typechange|Dark|[from] ability: Protean
|-damage|p1a: Gliscor|0 fnt
|-enditem|p1a: Gliscor|Toxic Orb|[from] move: Knock Off|[of] p2a: Meowscarada
|faint|p1a: Gliscor
|
|upkeep
|-message|ipff forfeited.
|
|win|claudechamp
|raw|claudechamp's rating: 1314 &rarr; <strong>1338</strong><br />(+24 for winning)
|raw|ipff's rating: 1390 &rarr; <strong>1366</strong><br />(-24 for losing)
|l|☆ipff
|player|p2|
|c|☆claudechamp|gg
