|j|☆DanimalsFruitSnack
|j|☆AstolfoLover15
|t:|1779832797
|gametype|singles
|player|p1|DanimalsFruitSnack|depotagent|1420
|player|p2|AstolfoLover15|170|1388
|gen|9
|tier|[Gen 9] OU
|rated|
|rule|HP Percentage Mod: HP is shown in percentages
|rule|Endless Battle Clause: Forcing endless battles is banned
|rule|Species Clause: Limit one of each Pokémon
|rule|OHKO Clause: OHKO moves are banned
|rule|Evasion Items Clause: Evasion items are banned
|rule|Evasion Moves Clause: Evasion moves are banned
|rule|Evasion Abilities Clause: Evasion abilities are banned
|rule|Sleep Moves Clause: Sleep-inducing moves are banned
|clearpoke
|poke|p1|Weezing-Galar, F|
|poke|p1|Alomomola, F|
|poke|p1|Iron Treads|
|poke|p1|Tornadus-Therian, M|
|poke|p1|Zamazenta-*|
|poke|p1|Lokix, F|
|poke|p2|Tyranitar, F|
|poke|p2|Excadrill, F|
|poke|p2|Iron Valiant|
|poke|p2|Zapdos|
|poke|p2|Ogerpon, F|
|poke|p2|Toxapex, F|
|teampreview
|inactive|Battle timer is ON: inactive players will automatically lose when time's up. (requested by AstolfoLover15)
|
|t:|1779832852
|teamsize|p1|6
|teamsize|p2|6
|start
|switch|p1a: Tornadus|Tornadus-Therian, M|100/100
|switch|p2a: Tyranitar|Tyranitar, F|100/100
|-weather|Sandstorm|[from] ability: Sand Stream|[of] p2a: Tyranitar
|turn|1
|
|t:|1779832861
|move|p1a: Tornadus|U-turn|p2a: Tyranitar
|-supereffective|p2a: Tyranitar
|-damage|p2a: Tyranitar|74/100
|
|t:|1779832863
|switch|p1a: Iron Treads|Iron Treads|100/100|[from] U-turn
|move|p2a: Tyranitar|Stealth Rock|p1a: Iron Treads
|-sidestart|p1: DanimalsFruitSnack|move: Stealth Rock
|
|-weather|Sandstorm|[upkeep]
|upkeep
|turn|2
|
|t:|1779832881
|move|p1a: Iron Treads|Stealth Rock|p2a: Tyranitar
|-sidestart|p2: AstolfoLover15|move: Stealth Rock
|move|p2a: Tyranitar|Low Kick|p1a: Iron Treads
|-supereffective|p1a: Iron Treads
|-damage|p1a: Iron Treads|20/100
|
|-weather|Sandstorm|[upkeep]
|-heal|p1a: Iron Treads|27/100|[from] item: Leftovers
|upkeep
|turn|3
|
|t:|1779832895
|move|p1a: Iron Treads|Earthquake|p2a: Tyranitar
|-supereffective|p2a: Tyranitar
|-damage|p2a: Tyranitar|0 fnt
|faint|p2a: Tyranitar
|
|-weather|Sandstorm|[upkeep]
|-heal|p1a: Iron Treads|33/100|[from] item: Leftovers
|upkeep
|
|t:|1779832901
|switch|p2a: Excadrill|Excadrill, F|100/100
|-damage|p2a: Excadrill|97/100|[from] Stealth Rock
|turn|4
|
|t:|1779832916
|-end|p1a: Iron Treads|Quark Drive|[silent]
|switch|p1a: Alomomola|Alomomola, F|100/100
|-damage|p1a: Alomomola|88/100|[from] Stealth Rock
|move|p2a: Excadrill|Substitute|p2a: Excadrill
|-start|p2a: Excadrill|Substitute
|-damage|p2a: Excadrill|73/100
|
|-weather|Sandstorm|[upkeep]
|-damage|p1a: Alomomola|82/100|[from] Sandstorm
|-heal|p2a: Excadrill|79/100|[from] item: Leftovers
|upkeep
|turn|5
|
|t:|1779832928
|move|p2a: Excadrill|Rapid Spin|p1a: Alomomola
|-damage|p1a: Alomomola|70/100
|-boost|p2a: Excadrill|spe|1
|-damage|p2a: Excadrill|62/100|[from] item: Rocky Helmet|[of] p1a: Alomomola
|-sideend|p2: AstolfoLover15|Stealth Rock|[from] move: Rapid Spin|[of] p2a: Excadrill
|move|p1a: Alomomola|Flip Turn|p2a: Excadrill
|-supereffective|p2a: Excadrill
|-end|p2a: Excadrill|Substitute
|inactive|DanimalsFruitSnack has 120 seconds left.
|
|t:|1779832956
|switch|p1a: Zamazenta|Zamazenta|100/100|[from] Flip Turn
|-damage|p1a: Zamazenta|94/100|[from] Stealth Rock
|-ability|p1a: Zamazenta|Dauntless Shield|boost
|-boost|p1a: Zamazenta|def|1
|
|-weather|Sandstorm|[upkeep]
|-damage|p1a: Zamazenta|88/100|[from] Sandstorm
|-heal|p2a: Excadrill|68/100|[from] item: Leftovers
|upkeep
|turn|6
|inactive|DanimalsFruitSnack has 120 seconds left.
|
|t:|1779832974
|switch|p2a: Toxapex|Toxapex, F|100/100
|move|p1a: Zamazenta|Close Combat|p2a: Toxapex
|-resisted|p2a: Toxapex
|-damage|p2a: Toxapex|69/100
|-unboost|p1a: Zamazenta|def|1
|-unboost|p1a: Zamazenta|spd|1
|-enditem|p2a: Toxapex|Eject Button
|
|t:|1779832984
|switch|p2a: Zapdos|Zapdos|100/100
|
|-weather|Sandstorm|[upkeep]
|-damage|p1a: Zamazenta|82/100|[from] Sandstorm
|-damage|p2a: Zapdos|94/100|[from] Sandstorm
|upkeep
|turn|7
|inactive|DanimalsFruitSnack has 120 seconds left.
|
|t:|1779833009
|switch|p1a: Iron Treads|Iron Treads|33/100
|-damage|p1a: Iron Treads|30/100|[from] Stealth Rock
|move|p2a: Zapdos|Hurricane|p1a: Iron Treads
|-resisted|p1a: Iron Treads
|-damage|p1a: Iron Treads|0 fnt
|faint|p1a: Iron Treads
|-end|p1a: Iron Treads|Quark Drive|[silent]
|
|-weather|Sandstorm|[upkeep]
|-damage|p2a: Zapdos|88/100|[from] Sandstorm
|upkeep
|
|t:|1779833015
|switch|p1a: Weezing|Weezing-Galar, F|100/100
|-ability|p1a: Weezing|Neutralizing Gas
|-damage|p1a: Weezing|88/100|[from] Stealth Rock
|turn|8
|
|t:|1779833031
|move|p2a: Zapdos|Thunder Wave|p1a: Weezing
|-status|p1a: Weezing|par
|cant|p1a: Weezing|par
|
|-weather|none
|-heal|p1a: Weezing|94/100 par|[from] item: Leftovers
|upkeep
|turn|9
|
|t:|1779833049
|switch|p2a: Toxapex|Toxapex, F|100/100
|move|p1a: Weezing|Will-O-Wisp|p2a: Toxapex
|-status|p2a: Toxapex|brn
|
|-heal|p1a: Weezing|99/100 par|[from] item: Leftovers
|-damage|p2a: Toxapex|95/100 brn|[from] brn
|upkeep
|turn|10
|
|t:|1779833057
|move|p2a: Toxapex|Toxic Spikes|p1a: Weezing
|-sidestart|p1: DanimalsFruitSnack|move: Toxic Spikes
|cant|p1a: Weezing|par
|
|-heal|p1a: Weezing|100/100 par|[from] item: Leftovers
|-damage|p2a: Toxapex|89/100 brn|[from] brn
|upkeep
|turn|11
|
|t:|1779833063
|move|p2a: Toxapex|Toxic Spikes|p1a: Weezing
|-sidestart|p1: DanimalsFruitSnack|move: Toxic Spikes
|move|p1a: Weezing|Defog|p2a: Toxapex
|-unboost|p2a: Toxapex|evasion|1
|-sideend|p1: DanimalsFruitSnack|Toxic Spikes|[from] move: Defog|[of] p1a: Weezing
|-sideend|p1: DanimalsFruitSnack|Stealth Rock|[from] move: Defog|[of] p1a: Weezing
|
|-damage|p2a: Toxapex|83/100 brn|[from] brn
|upkeep
|turn|12
|inactive|DanimalsFruitSnack has 120 seconds left.
|
|t:|1779833084
|-end|p1a: Weezing|ability: Neutralizing Gas
|switch|p1a: Lokix|Lokix, F|100/100
|move|p2a: Toxapex|Toxic|p1a: Lokix
|-status|p1a: Lokix|tox
|
|-damage|p1a: Lokix|94/100 tox|[from] psn
|-damage|p2a: Toxapex|77/100 brn|[from] brn
|upkeep
|turn|13
|
|t:|1779833103
|-terastallize|p1a: Lokix|Bug
|move|p1a: Lokix|U-turn|p2a: Toxapex
|-resisted|p2a: Toxapex
|-damage|p2a: Toxapex|25/100 brn
|
|t:|1779833111
|switch|p1a: Weezing|Weezing-Galar, F|100/100 par|[from] U-turn
|-ability|p1a: Weezing|Neutralizing Gas
|move|p2a: Toxapex|Toxic Spikes|p1a: Weezing
|-sidestart|p1: DanimalsFruitSnack|move: Toxic Spikes
|
|-damage|p2a: Toxapex|19/100 brn|[from] brn
|upkeep
|turn|14
|
|t:|1779833127
|-end|p1a: Weezing|ability: Neutralizing Gas
|switch|p1a: Lokix|Lokix, F, tera:Bug|94/100 tox
|move|p2a: Toxapex|Recover|p2a: Toxapex
|-heal|p2a: Toxapex|69/100 brn
|
|-damage|p1a: Lokix|88/100 tox|[from] psn
|-damage|p2a: Toxapex|64/100 brn|[from] brn
|upkeep
|turn|15
|inactive|DanimalsFruitSnack has 90 seconds left.
|
|t:|1779833156
|move|p1a: Lokix|Leech Life|p2a: Toxapex
|-resisted|p2a: Toxapex
|-damage|p2a: Toxapex|9/100 brn
|-heal|p1a: Lokix|100/100 tox|[from] drain|[of] p2a: Toxapex
|move|p2a: Toxapex|Recover|p2a: Toxapex
|-heal|p2a: Toxapex|59/100 brn
|
|-damage|p1a: Lokix|88/100 tox|[from] psn
|-damage|p2a: Toxapex|53/100 brn|[from] brn
|upkeep
|turn|16
|
|t:|1779833173
|switch|p2a: Zapdos|Zapdos|88/100
|move|p1a: Lokix|Leech Life|p2a: Zapdos
|-resisted|p2a: Zapdos
|-damage|p2a: Zapdos|0 fnt
|-heal|p1a: Lokix|100/100 tox|[from] drain|[of] p2a: Zapdos
|faint|p2a: Zapdos
|
|-damage|p1a: Lokix|82/100 tox|[from] psn
|upkeep
|
|t:|1779833190
|switch|p2a: Excadrill|Excadrill, F|68/100
|turn|17
|
|t:|1779833200
|move|p1a: Lokix|Leech Life|p2a: Excadrill
|-resisted|p2a: Excadrill
|-damage|p2a: Excadrill|0 fnt
|-heal|p1a: Lokix|100/100 tox|[from] drain|[of] p2a: Excadrill
|faint|p2a: Excadrill
|
|-damage|p1a: Lokix|76/100 tox|[from] psn
|upkeep
|
|t:|1779833207
|switch|p2a: Ogerpon|Ogerpon, F|100/100
|turn|18
|
|t:|1779833214
|move|p2a: Ogerpon|Rock Tomb|p1a: Lokix
|-supereffective|p1a: Lokix
|-damage|p1a: Lokix|0 fnt
|faint|p1a: Lokix
|
|upkeep
|
|t:|1779833231
|switch|p1a: Weezing|Weezing-Galar, F|100/100 par
|-ability|p1a: Weezing|Neutralizing Gas
|-sideend|p1: DanimalsFruitSnack|move: Toxic Spikes|[of] p1a: Weezing
|turn|19
|inactive|DanimalsFruitSnack has 90 seconds left.
|
|t:|1779833263
|switch|p2a: Toxapex|Toxapex, F|86/100 brn
|-end|p1a: Weezing|ability: Neutralizing Gas
|switch|p1a: Alomomola|Alomomola, F|100/100
|
|-damage|p2a: Toxapex|80/100 brn|[from] brn
|upkeep
|turn|20
|inactive|DanimalsFruitSnack has 90 seconds left.
|
|t:|1779833274
|move|p1a: Alomomola|Flip Turn|p2a: Toxapex
|-resisted|p2a: Toxapex
|-damage|p2a: Toxapex|75/100 brn
|
|t:|1779833276
|switch|p1a: Weezing|Weezing-Galar, F|100/100 par|[from] Flip Turn
|-ability|p1a: Weezing|Neutralizing Gas
|move|p2a: Toxapex|Toxic||[still]
|-fail|p2a: Toxapex
|
|-damage|p2a: Toxapex|69/100 brn|[from] brn
|upkeep
|turn|21
|inactive|DanimalsFruitSnack has 90 seconds left.
|
|t:|1779833301
|move|p2a: Toxapex|Toxic Spikes|p1a: Weezing
|-sidestart|p1: DanimalsFruitSnack|move: Toxic Spikes
|move|p1a: Weezing|Will-O-Wisp|p2a: Toxapex
|-fail|p2a: Toxapex|brn
|
|-damage|p2a: Toxapex|63/100 brn|[from] brn
|upkeep
|turn|22
|
|t:|1779833308
|switch|p2a: Iron Valiant|Iron Valiant|100/100
|cant|p1a: Weezing|par
|
|upkeep
|turn|23
|inactive|DanimalsFruitSnack has 90 seconds left.
|
|t:|1779833341
|-end|p1a: Weezing|ability: Neutralizing Gas
|switch|p1a: Alomomola|Alomomola, F|100/100
|-status|p1a: Alomomola|psn
|-terastallize|p2a: Iron Valiant|Ghost
|move|p2a: Iron Valiant|Shadow Ball|p1a: Alomomola
|-damage|p1a: Alomomola|44/100 psn
|
|-damage|p1a: Alomomola|32/100 psn|[from] psn
|upkeep
|turn|24
|
|t:|1779833354
|move|p2a: Iron Valiant|Shadow Ball|p1a: Alomomola
|-damage|p1a: Alomomola|0 fnt
|faint|p1a: Alomomola
|
|upkeep
|inactive|DanimalsFruitSnack has 60 seconds left.
|
|t:|1779833381
|switch|p1a: Zamazenta|Zamazenta|82/100
|-status|p1a: Zamazenta|psn
|turn|25
|
|t:|1779833388
|move|p1a: Zamazenta|Crunch|p2a: Iron Valiant
|-supereffective|p2a: Iron Valiant
|-damage|p2a: Iron Valiant|0 fnt
|faint|p2a: Iron Valiant
|-end|p2a: Iron Valiant|Quark Drive|[silent]
|
|-damage|p1a: Zamazenta|70/100 psn|[from] psn
|upkeep
|
|t:|1779833398
|switch|p2a: Ogerpon|Ogerpon, F|100/100
|turn|26
|inactive|DanimalsFruitSnack has 60 seconds left.
|
|t:|1779833425
|move|p1a: Zamazenta|Crunch|p2a: Ogerpon
|-damage|p2a: Ogerpon|43/100
|move|p2a: Ogerpon|Ivy Cudgel|p1a: Zamazenta
|-damage|p1a: Zamazenta|0 fnt
|faint|p1a: Zamazenta
|
|upkeep
|
|t:|1779833433
|switch|p1a: Tornadus|Tornadus-Therian, M|100/100
|turn|27
|
|t:|1779833440
|switch|p2a: Toxapex|Toxapex, F|63/100 brn
|move|p1a: Tornadus|Bleakwind Storm|p2a: Toxapex
|-damage|p2a: Toxapex|37/100 brn
|
|-damage|p2a: Toxapex|31/100 brn|[from] brn
|upkeep
|turn|28
|
|t:|1779833452
|move|p1a: Tornadus|Bleakwind Storm|p2a: Toxapex
|-damage|p2a: Toxapex|6/100 brn
|move|p2a: Toxapex|Recover|p2a: Toxapex
|-heal|p2a: Toxapex|56/100 brn
|
|-damage|p2a: Toxapex|50/100 brn|[from] brn
|upkeep
|turn|29
|
|t:|1779833462
|move|p1a: Tornadus|U-turn|p2a: Toxapex
|-resisted|p2a: Toxapex
|-damage|p2a: Toxapex|45/100 brn
|
|t:|1779833465
|switch|p1a: Weezing|Weezing-Galar, F|100/100 par|[from] U-turn
|-ability|p1a: Weezing|Neutralizing Gas
|-sideend|p1: DanimalsFruitSnack|move: Toxic Spikes|[of] p1a: Weezing
|move|p2a: Toxapex|Recover|p2a: Toxapex
|-heal|p2a: Toxapex|95/100 brn
|
|-damage|p2a: Toxapex|89/100 brn|[from] brn
|upkeep
|turn|30
|inactive|DanimalsFruitSnack has 60 seconds left.
|
|t:|1779833476
|move|p2a: Toxapex|Toxic Spikes|p1a: Weezing
|-sidestart|p1: DanimalsFruitSnack|move: Toxic Spikes
|move|p1a: Weezing|Will-O-Wisp|p2a: Toxapex
|-fail|p2a: Toxapex|brn
|
|-damage|p2a: Toxapex|83/100 brn|[from] brn
|upkeep
|turn|31
|
|t:|1779833482
|move|p2a: Toxapex|Toxic Spikes|p1a: Weezing
|-sidestart|p1: DanimalsFruitSnack|move: Toxic Spikes
|move|p1a: Weezing|Will-O-Wisp|p2a: Toxapex
|-fail|p2a: Toxapex|brn
|
|-damage|p2a: Toxapex|77/100 brn|[from] brn
|upkeep
|turn|32
|
|t:|1779833489
|move|p2a: Toxapex|Toxic Spikes||[still]
|-fail|p2a: Toxapex
|cant|p1a: Weezing|par
|
|-damage|p2a: Toxapex|71/100 brn|[from] brn
|upkeep
|turn|33
|
|t:|1779833496
|move|p2a: Toxapex|Toxic Spikes||[still]
|-fail|p2a: Toxapex
|cant|p1a: Weezing|par
|
|-damage|p2a: Toxapex|66/100 brn|[from] brn
|upkeep
|turn|34
|
|t:|1779833502
|move|p2a: Toxapex|Toxic Spikes||[still]
|-fail|p2a: Toxapex
|move|p1a: Weezing|Will-O-Wisp|p2a: Toxapex
|-fail|p2a: Toxapex|brn
|
|-damage|p2a: Toxapex|60/100 brn|[from] brn
|upkeep
|turn|35
|
|t:|1779833513
|move|p2a: Toxapex|Toxic||[still]
|-fail|p2a: Toxapex
|move|p1a: Weezing|Toxic||[still]
|-fail|p1a: Weezing
|
|-damage|p2a: Toxapex|54/100 brn|[from] brn
|upkeep
|turn|36
|
|t:|1779833521
|move|p2a: Toxapex|Recover|p2a: Toxapex
|-heal|p2a: Toxapex|100/100 brn
|move|p1a: Weezing|Will-O-Wisp|p2a: Toxapex
|-fail|p2a: Toxapex|brn
|
|-damage|p2a: Toxapex|95/100 brn|[from] brn
|upkeep
|turn|37
|inactive|DanimalsFruitSnack has 120 seconds left.
|
|t:|1779833534
|move|p2a: Toxapex|Toxic Spikes||[still]
|-fail|p2a: Toxapex
|move|p1a: Weezing|Defog|p2a: Toxapex
|-unboost|p2a: Toxapex|evasion|1
|-sideend|p1: DanimalsFruitSnack|Toxic Spikes|[from] move: Defog|[of] p1a: Weezing
|
|-damage|p2a: Toxapex|89/100 brn|[from] brn
|upkeep
|turn|38
|
|t:|1779833540
|move|p2a: Toxapex|Toxic Spikes|p1a: Weezing
|-sidestart|p1: DanimalsFruitSnack|move: Toxic Spikes
|move|p1a: Weezing|Will-O-Wisp|p2a: Toxapex
|-fail|p2a: Toxapex|brn
|
|-damage|p2a: Toxapex|83/100 brn|[from] brn
|upkeep
|turn|39
|
|t:|1779833547
|move|p2a: Toxapex|Toxic Spikes|p1a: Weezing
|-sidestart|p1: DanimalsFruitSnack|move: Toxic Spikes
|move|p1a: Weezing|Toxic||[still]
|-fail|p1a: Weezing
|
|-damage|p2a: Toxapex|77/100 brn|[from] brn
|upkeep
|turn|40
|
|t:|1779833561
|move|p1a: Weezing|Protect|p1a: Weezing
|-singleturn|p1a: Weezing|Protect
|move|p2a: Toxapex|Toxic|p1a: Weezing
|-activate|p1a: Weezing|move: Protect
|
|-damage|p2a: Toxapex|71/100 brn|[from] brn
|upkeep
|turn|41
|
|t:|1779833569
|move|p2a: Toxapex|Toxic Spikes||[still]
|-fail|p2a: Toxapex
|move|p1a: Weezing|Toxic||[still]
|-fail|p1a: Weezing
|
|-damage|p2a: Toxapex|65/100 brn|[from] brn
|upkeep
|turn|42
|
|t:|1779833575
|switch|p2a: Ogerpon|Ogerpon, F|43/100
|move|p1a: Weezing|Will-O-Wisp|p2a: Ogerpon
|-status|p2a: Ogerpon|brn
|
|-damage|p2a: Ogerpon|37/100 brn|[from] brn
|upkeep
|turn|43
|
|t:|1779833586
|move|p1a: Weezing|Protect|p1a: Weezing
|-singleturn|p1a: Weezing|Protect
|move|p2a: Ogerpon|Knock Off|p1a: Weezing
|-activate|p1a: Weezing|move: Protect
|
|-damage|p2a: Ogerpon|31/100 brn|[from] brn
|upkeep
|turn|44
|
|t:|1779833597
|move|p2a: Ogerpon|Knock Off|p1a: Weezing
|-resisted|p1a: Weezing
|-damage|p1a: Weezing|93/100 par
|-enditem|p1a: Weezing|Leftovers|[from] move: Knock Off|[of] p2a: Ogerpon
|cant|p1a: Weezing|par
|
|-damage|p2a: Ogerpon|25/100 brn|[from] brn
|upkeep
|turn|45
|
|t:|1779833608
|switch|p2a: Toxapex|Toxapex, F|65/100 brn
|cant|p1a: Weezing|par
|
|-damage|p2a: Toxapex|59/100 brn|[from] brn
|upkeep
|turn|46
|c|☆DanimalsFruitSnack|gg
|
|t:|1779833616
|switch|p2a: Ogerpon|Ogerpon, F|25/100 brn
|cant|p1a: Weezing|par
|
|-damage|p2a: Ogerpon|19/100 brn|[from] brn
|upkeep
|turn|47
|
|t:|1779833623
|switch|p2a: Toxapex|Toxapex, F|59/100 brn
|move|p1a: Weezing|Protect||[still]
|-fail|p1a: Weezing
|
|-damage|p2a: Toxapex|53/100 brn|[from] brn
|upkeep
|turn|48
|
|t:|1779833629
|move|p1a: Weezing|Protect|p1a: Weezing
|-singleturn|p1a: Weezing|Protect
|move|p2a: Toxapex|Recover|p2a: Toxapex
|-heal|p2a: Toxapex|100/100 brn
|
|-damage|p2a: Toxapex|95/100 brn|[from] brn
|upkeep
|turn|49
|
|t:|1779833640
|move|p2a: Toxapex|Toxic Spikes||[still]
|-fail|p2a: Toxapex
|cant|p1a: Weezing|par
|
|-damage|p2a: Toxapex|89/100 brn|[from] brn
|upkeep
|turn|50
|
|t:|1779833653
|move|p2a: Toxapex|Toxic Spikes||[still]
|-fail|p2a: Toxapex
|cant|p1a: Weezing|par
|
|-damage|p2a: Toxapex|83/100 brn|[from] brn
|upkeep
|turn|51
|
|t:|1779833658
|switch|p2a: Ogerpon|Ogerpon, F|19/100 brn
|-end|p1a: Weezing|ability: Neutralizing Gas
|switch|p1a: Tornadus|Tornadus-Therian, M|100/100
|
|-damage|p2a: Ogerpon|13/100 brn|[from] brn
|upkeep
|turn|52
|
|t:|1779833667
|move|p1a: Tornadus|U-turn|p2a: Ogerpon
|-supereffective|p2a: Ogerpon
|-damage|p2a: Ogerpon|0 fnt
|faint|p2a: Ogerpon
|
|t:|1779833669
|switch|p1a: Weezing|Weezing-Galar, F|93/100 par|[from] U-turn
|-ability|p1a: Weezing|Neutralizing Gas
|-sideend|p1: DanimalsFruitSnack|move: Toxic Spikes|[of] p1a: Weezing
|
|upkeep
|c|☆AstolfoLover15|legit c uck
|
|t:|1779833676
|switch|p2a: Toxapex|Toxapex, F|83/100 brn
|turn|53
|c|☆DanimalsFruitSnack|lmao
|c|☆DanimalsFruitSnack|get fried
|c|☆AstolfoLover15|yeah man keep relying on luck, why youre stuck down here
|-message|AstolfoLover15 forfeited.
|
|win|DanimalsFruitSnack
|raw|DanimalsFruitSnack's rating: 1420 &rarr; <strong>1438</strong><br />(+18 for winning)
|raw|AstolfoLover15's rating: 1388 &rarr; <strong>1370</strong><br />(-18 for losing)
|l|☆AstolfoLover15
|player|p2|
|c|☆DanimalsFruitSnack|lmao what luck
|c|☆DanimalsFruitSnack|you got smoked broke boy
