|j|☆inferno_on_top
|j|☆Veiny1
|t:|1779886822
|gametype|singles
|player|p1|inferno_on_top|gentleman-gen4|1300
|player|p2|Veiny1|102|1291
|gen|9
|tier|[Gen 9] OU
|rated|
|rule|HP Percentage Mod: HP is shown in percentages
|rule|Endless Battle Clause: Forcing endless battles is banned
|rule|Species Clause: Limit one of each Pokémon
|rule|OHKO Clause: OHKO moves are banned
|rule|Evasion Items Clause: Evasion items are banned
|rule|Evasion Moves Clause: Evasion moves are banned
|rule|Evasion Abilities Clause: Evasion abilities are banned
|rule|Sleep Moves Clause: Sleep-inducing moves are banned
|clearpoke
|poke|p1|Pikachu-Kalos, M|
|poke|p1|Talonflame, M|
|poke|p1|Greninja-*, M|
|poke|p1|Goodra, M|
|poke|p1|Noivern, F|
|poke|p1|Hawlucha, M|
|poke|p2|Scizor, M|
|poke|p2|Hoopa-Unbound|
|poke|p2|Muk-Alola, F|
|poke|p2|Moltres|
|poke|p2|Great Tusk|
|poke|p2|Azumarill, F|
|teampreview
|inactive|Battle timer is ON: inactive players will automatically lose when time's up. (requested by inferno_on_top)
|
|t:|1779886844
|teamsize|p1|6
|teamsize|p2|6
|start
|switch|p1a: Talonflame|Talonflame, M|100/100
|switch|p2a: Muk|Muk-Alola, F|100/100
|turn|1
|
|t:|1779886851
|switch|p2a: Moltres|Moltres|100/100
|move|p1a: Talonflame|Flare Blitz|p2a: Moltres
|-resisted|p2a: Moltres
|-damage|p2a: Moltres|78/100
|-damage|p1a: Talonflame|91/100|[from] Recoil
|
|upkeep
|turn|2
|
|t:|1779886855
|move|p1a: Talonflame|Brave Bird|p2a: Moltres
|-damage|p2a: Moltres|26/100
|-damage|p1a: Talonflame|69/100|[from] Recoil
|move|p2a: Moltres|Ancient Power|p1a: Talonflame
|-supereffective|p1a: Talonflame
|-damage|p1a: Talonflame|0 fnt
|-boost|p2a: Moltres|atk|1
|-boost|p2a: Moltres|def|1
|-boost|p2a: Moltres|spa|1
|-boost|p2a: Moltres|spd|1
|-boost|p2a: Moltres|spe|1
|faint|p1a: Talonflame
|
|upkeep
|
|t:|1779886864
|switch|p1a: Greninja|Greninja, M|100/100
|turn|3
|
|t:|1779886867
|switch|p2a: Muk|Muk-Alola, F|100/100
|move|p1a: Greninja|Water Shuriken|p2a: Muk
|-damage|p2a: Muk|95/100
|-damage|p2a: Muk|90/100
|-hitcount|p2a: Muk|2
|-damage|p1a: Greninja|91/100|[from] item: Life Orb
|
|upkeep
|turn|4
|
|t:|1779886873
|switch|p1a: Hawlucha|Hawlucha, M|100/100
|move|p2a: Muk|Knock Off|p1a: Hawlucha
|-resisted|p1a: Hawlucha
|-damage|p1a: Hawlucha|64/100
|-status|p1a: Hawlucha|psn|[from] ability: Poison Touch|[of] p2a: Muk
|-enditem|p1a: Hawlucha|Red Card|[from] move: Knock Off|[of] p2a: Muk
|
|-damage|p1a: Hawlucha|52/100 psn|[from] psn
|upkeep
|turn|5
|
|t:|1779886888
|move|p1a: Hawlucha|Close Combat|p2a: Muk
|-damage|p2a: Muk|33/100
|-unboost|p1a: Hawlucha|def|1
|-unboost|p1a: Hawlucha|spd|1
|move|p2a: Muk|Ice Punch|p1a: Hawlucha
|-supereffective|p1a: Hawlucha
|-crit|p1a: Hawlucha
|-damage|p1a: Hawlucha|0 fnt
|faint|p1a: Hawlucha
|
|upkeep
|
|t:|1779886896
|switch|p1a: Pikachu|Pikachu-Kalos, M|100/100
|turn|6
|
|t:|1779886900
|move|p1a: Pikachu|Wild Charge|p2a: Muk
|-damage|p2a: Muk|0 fnt
|faint|p2a: Muk
|-damage|p1a: Pikachu|87/100|[from] Recoil
|
|upkeep
|
|t:|1779886908
|switch|p2a: Great Tusk|Great Tusk|100/100
|turn|7
|
|t:|1779886921
|-end|p2a: Great Tusk|Protosynthesis|[silent]
|switch|p2a: Moltres|Moltres|26/100
|-terastallize|p1a: Pikachu|Water
|move|p1a: Pikachu|Surf|p2a: Moltres
|-supereffective|p2a: Moltres
|-damage|p2a: Moltres|0 fnt
|faint|p2a: Moltres
|
|upkeep
|
|t:|1779886937
|switch|p2a: Hoopa|Hoopa-Unbound|100/100
|turn|8
|
|t:|1779886944
|move|p1a: Pikachu|Wild Charge|p2a: Hoopa
|-damage|p2a: Hoopa|21/100
|-damage|p1a: Pikachu|59/100|[from] Recoil
|move|p2a: Hoopa|Energy Ball|p1a: Pikachu
|-supereffective|p1a: Pikachu
|-damage|p1a: Pikachu|0 fnt
|faint|p1a: Pikachu
|
|upkeep
|
|t:|1779886954
|switch|p1a: Greninja|Greninja, M|91/100
|turn|9
|
|t:|1779886965
|move|p1a: Greninja|Dark Pulse|p2a: Hoopa
|-damage|p2a: Hoopa|0 fnt
|faint|p2a: Hoopa
|-ability|p1a: Greninja|Battle Bond|boost
|-boost|p1a: Greninja|atk|1
|-boost|p1a: Greninja|spa|1
|-boost|p1a: Greninja|spe|1
|-activate|p1a: Greninja|ability: Battle Bond
|-damage|p1a: Greninja|81/100|[from] item: Life Orb
|
|upkeep
|
|t:|1779886973
|switch|p2a: Azumarill|Azumarill, F|100/100
|turn|10
|
|t:|1779886983
|move|p1a: Greninja|Sludge Wave|p2a: Azumarill
|-supereffective|p2a: Azumarill
|-damage|p2a: Azumarill|0 fnt
|faint|p2a: Azumarill
|-damage|p1a: Greninja|71/100|[from] item: Life Orb
|
|upkeep
|
|t:|1779886988
|switch|p2a: Great Tusk|Great Tusk|100/100
|turn|11
|
|t:|1779886996
|-terastallize|p2a: Great Tusk|Poison
|move|p1a: Greninja|Water Shuriken|p2a: Great Tusk
|-damage|p2a: Great Tusk|79/100
|-damage|p2a: Great Tusk|59/100
|-damage|p2a: Great Tusk|39/100
|-hitcount|p2a: Great Tusk|3
|-damage|p1a: Greninja|61/100|[from] item: Life Orb
|move|p2a: Great Tusk|Body Press|p1a: Greninja
|-supereffective|p1a: Greninja
|-damage|p1a: Greninja|0 fnt
|faint|p1a: Greninja
|
|-heal|p2a: Great Tusk|45/100|[from] item: Leftovers
|upkeep
|
|t:|1779887005
|switch|p1a: Noivern|Noivern, F|100/100
|-item|p2a: Great Tusk|Leftovers|[from] ability: Frisk|[of] p1a: Noivern
|turn|12
|
|t:|1779887015
|move|p1a: Noivern|Boomburst|p2a: Great Tusk
|-damage|p2a: Great Tusk|0 fnt
|faint|p2a: Great Tusk
|-end|p2a: Great Tusk|Protosynthesis|[silent]
|
|upkeep
|
|t:|1779887017
|switch|p2a: Scizor|Scizor, M|100/100
|turn|13
|
|t:|1779887022
|move|p1a: Noivern|Hurricane|p2a: Scizor|[miss]
|-miss|p1a: Noivern|p2a: Scizor
|move|p2a: Scizor|Swords Dance|p2a: Scizor
|-boost|p2a: Scizor|atk|2
|
|upkeep
|turn|14
|
|t:|1779887027
|move|p2a: Scizor|Bullet Punch|p1a: Noivern
|-damage|p1a: Noivern|4/100
|move|p1a: Noivern|Hurricane|p2a: Scizor
|-damage|p2a: Scizor|39/100
|
|upkeep
|turn|15
|
|t:|1779887033
|move|p2a: Scizor|Bullet Punch|p1a: Noivern
|-damage|p1a: Noivern|0 fnt
|faint|p1a: Noivern
|
|upkeep
|
|t:|1779887035
|switch|p1a: Goodra|Goodra, M|100/100
|turn|16
|
|t:|1779887044
|move|p2a: Scizor|Bullet Punch|p1a: Goodra
|-damage|p1a: Goodra|8/100
|-damage|p2a: Scizor|22/100|[from] item: Rocky Helmet|[of] p1a: Goodra
|-ability|p1a: Goodra|Gooey
|-unboost|p2a: Scizor|spe|1
|move|p1a: Goodra|Thunderbolt|p2a: Scizor
|-damage|p2a: Scizor|0 fnt
|faint|p2a: Scizor
|
|win|inferno_on_top
|raw|inferno_on_top's rating: 1300 &rarr; <strong>1324</strong><br />(+24 for winning)
|raw|Veiny1's rating: 1291 &rarr; <strong>1267</strong><br />(-24 for losing)
|l|☆Veiny1
|player|p2|
