|j|☆tpotguy
|j|☆Lnxy16
|t:|1779950549
|gametype|singles
|player|p1|tpotguy|ingo|1130
|player|p2|Lnxy16|1|1065
|gen|9
|tier|[Gen 9] OU
|rated|
|rule|HP Percentage Mod: HP is shown in percentages
|rule|Endless Battle Clause: Forcing endless battles is banned
|rule|Species Clause: Limit one of each Pokémon
|rule|OHKO Clause: OHKO moves are banned
|rule|Evasion Items Clause: Evasion items are banned
|rule|Evasion Moves Clause: Evasion moves are banned
|rule|Evasion Abilities Clause: Evasion abilities are banned
|rule|Sleep Moves Clause: Sleep-inducing moves are banned
|clearpoke
|poke|p1|Slowking-Galar, F|
|poke|p1|Zamazenta-*|
|poke|p1|Kingambit, M|
|poke|p1|Great Tusk|
|poke|p1|Ceruledge, M|
|poke|p1|Ogerpon-Wellspring, F|
|poke|p2|Chesnaught, F|
|poke|p2|Tyranitar, M|
|poke|p2|Glimmora, M|
|poke|p2|Hippowdon, F|
|poke|p2|Pecharunt|
|poke|p2|Garchomp, M|
|teampreview
|
|t:|1779950559
|teamsize|p1|6
|teamsize|p2|6
|start
|switch|p1a: British|Slowking-Galar, F|100/100
|switch|p2a: Terrance|Tyranitar, M|100/100
|-weather|Sandstorm|[from] ability: Sand Stream|[of] p2a: Terrance
|turn|1
|inactive|Battle timer is ON: inactive players will automatically lose when time's up. (requested by Lnxy16)
|c|☆Lnxy16|hey Slowking
|c|☆Lnxy16|:)
|
|t:|1779950577
|-terastallize|p1a: British|Flying
|move|p2a: Terrance|Stealth Rock|p1a: British
|-sidestart|p1: tpotguy|move: Stealth Rock
|move|p1a: British|Focus Blast|p2a: Terrance|[miss]
|-miss|p1a: British|p2a: Terrance
|
|-weather|Sandstorm|[upkeep]
|-damage|p1a: British|94/100|[from] Sandstorm
|upkeep
|turn|2
|
|t:|1779950590
|move|p2a: Terrance|Knock Off|p1a: British
|-damage|p1a: British|53/100
|-enditem|p1a: British|Heavy-Duty Boots|[from] move: Knock Off|[of] p2a: Terrance
|move|p1a: British|Focus Blast|p2a: Terrance
|-supereffective|p2a: Terrance
|-crit|p2a: Terrance
|-damage|p2a: Terrance|3/100
|
|-weather|Sandstorm|[upkeep]
|-damage|p1a: British|46/100|[from] Sandstorm
|upkeep
|turn|3
|
|t:|1779950603
|switch|p2a: Clarence|Glimmora, M|100/100
|-prepare|p1a: British|Chilly Reception|[premajor]
|move|p1a: British|Chilly Reception|p1a: British
|-weather|Snowscape
|
|t:|1779950610
|switch|p1a: Adress Me|Great Tusk|100/100|[from] Chilly Reception
|-damage|p1a: Adress Me|98/100|[from] Stealth Rock
|-enditem|p1a: Adress Me|Booster Energy
|-activate|p1a: Adress Me|ability: Protosynthesis|[fromitem]
|-start|p1a: Adress Me|protosynthesisatk
|
|-weather|Snowscape|[upkeep]
|upkeep
|turn|4
|
|t:|1779950620
|move|p1a: Adress Me|Rapid Spin|p2a: Clarence
|-resisted|p2a: Clarence
|-damage|p2a: Clarence|93/100
|-boost|p1a: Adress Me|spe|1
|-activate|p2a: Clarence|ability: Toxic Debris
|-sidestart|p1: tpotguy|move: Toxic Spikes
|-sideend|p1: tpotguy|Toxic Spikes|[from] move: Rapid Spin|[of] p1a: Adress Me
|-sideend|p1: tpotguy|Stealth Rock|[from] move: Rapid Spin|[of] p1a: Adress Me
|move|p2a: Clarence|Spikes|p1a: Adress Me
|-sidestart|p1: tpotguy|Spikes
|
|-weather|Snowscape|[upkeep]
|-heal|p2a: Clarence|99/100|[from] item: Black Sludge
|upkeep
|turn|5
|
|t:|1779950633
|move|p1a: Adress Me|Rapid Spin|p2a: Clarence
|-resisted|p2a: Clarence
|-damage|p2a: Clarence|91/100
|-boost|p1a: Adress Me|spe|1
|-activate|p2a: Clarence|ability: Toxic Debris
|-sidestart|p1: tpotguy|move: Toxic Spikes
|-sideend|p1: tpotguy|Spikes|[from] move: Rapid Spin|[of] p1a: Adress Me
|-sideend|p1: tpotguy|Toxic Spikes|[from] move: Rapid Spin|[of] p1a: Adress Me
|move|p2a: Clarence|Spikes|p1a: Adress Me
|-sidestart|p1: tpotguy|Spikes
|
|-weather|Snowscape|[upkeep]
|-heal|p2a: Clarence|97/100|[from] item: Black Sludge
|upkeep
|turn|6
|
|t:|1779950652
|switch|p2a: Terrance|Tyranitar, M|3/100
|-weather|Sandstorm|[from] ability: Sand Stream|[of] p2a: Terrance
|move|p1a: Adress Me|Stealth Rock|p2a: Terrance
|-sidestart|p2: Lnxy16|move: Stealth Rock
|
|-weather|Sandstorm|[upkeep]
|upkeep
|turn|7
|
|t:|1779950661
|move|p1a: Adress Me|Ice Spinner|p2a: Terrance
|-damage|p2a: Terrance|0 fnt
|faint|p2a: Terrance
|
|-weather|Sandstorm|[upkeep]
|upkeep
|
|t:|1779950668
|switch|p2a: Rufus|Chesnaught, F|100/100
|-damage|p2a: Rufus|94/100|[from] Stealth Rock
|turn|8
|
|t:|1779950674
|move|p1a: Adress Me|Ice Spinner|p2a: Rufus
|-supereffective|p2a: Rufus
|-damage|p2a: Rufus|52/100
|move|p2a: Rufus|Leech Seed|p1a: Adress Me
|-start|p1a: Adress Me|move: Leech Seed
|
|-weather|Sandstorm|[upkeep]
|-damage|p2a: Rufus|46/100|[from] Sandstorm
|-damage|p1a: Adress Me|85/100|[from] Leech Seed|[of] p2a: Rufus
|-heal|p2a: Rufus|62/100|[silent]
|upkeep
|turn|9
|
|t:|1779950697
|switch|p2a: Mortein|Pecharunt|100/100
|-damage|p2a: Mortein|88/100|[from] Stealth Rock
|move|p1a: Adress Me|Rapid Spin|p2a: Mortein
|-immune|p2a: Mortein
|
|-weather|Sandstorm|[upkeep]
|-damage|p2a: Mortein|82/100|[from] Sandstorm
|-heal|p2a: Mortein|88/100|[from] item: Black Sludge
|-damage|p1a: Adress Me|73/100|[from] Leech Seed|[of] p2a: Mortein
|-heal|p2a: Mortein|99/100|[silent]
|upkeep
|turn|10
|
|t:|1779950712
|move|p1a: Adress Me|Headlong Rush|p2a: Mortein
|-supereffective|p2a: Mortein
|-damage|p2a: Mortein|21/100
|-unboost|p1a: Adress Me|def|1
|-unboost|p1a: Adress Me|spd|1
|move|p2a: Mortein|Malignant Chain|p1a: Adress Me
|-resisted|p1a: Adress Me
|-damage|p1a: Adress Me|39/100
|-status|p1a: Adress Me|tox
|-start|p1a: Adress Me|confusion|[from] ability: Poison Puppeteer|[of] p2a: Mortein
|
|-weather|Sandstorm|[upkeep]
|-damage|p2a: Mortein|15/100|[from] Sandstorm
|-heal|p2a: Mortein|21/100|[from] item: Black Sludge
|-damage|p1a: Adress Me|27/100 tox|[from] Leech Seed|[of] p2a: Mortein
|-heal|p2a: Mortein|33/100|[silent]
|-damage|p1a: Adress Me|20/100 tox|[from] psn
|upkeep
|turn|11
|inactive|Lnxy16 has 120 seconds left.
|
|t:|1779950734
|-activate|p1a: Adress Me|confusion
|-damage|p1a: Adress Me|4/100 tox|[from] confusion
|move|p2a: Mortein|Recover|p2a: Mortein
|-heal|p2a: Mortein|83/100
|
|-weather|Sandstorm|[upkeep]
|-damage|p2a: Mortein|77/100|[from] Sandstorm
|-heal|p2a: Mortein|83/100|[from] item: Black Sludge
|-damage|p1a: Adress Me|0 fnt|[from] Leech Seed|[of] p2a: Mortein
|-heal|p2a: Mortein|87/100|[silent]
|faint|p1a: Adress Me
|-end|p1a: Adress Me|Protosynthesis|[silent]
|upkeep
|
|t:|1779950747
|switch|p1a: British|Slowking-Galar, F, tera:Flying|80/100
|turn|12
|
|t:|1779950762
|switch|p2a: Clarence|Glimmora, M|97/100
|-damage|p2a: Clarence|85/100|[from] Stealth Rock
|move|p1a: British|Psychic Noise|p2a: Clarence
|-supereffective|p2a: Clarence
|-damage|p2a: Clarence|26/100
|-start|p2a: Clarence|move: Heal Block
|
|-weather|Sandstorm|[upkeep]
|-damage|p1a: British|74/100|[from] Sandstorm
|upkeep
|turn|13
|inactive|Lnxy16 has 120 seconds left.
|
|t:|1779950782
|move|p2a: Clarence|Explosion|p1a: British
|-damage|p1a: British|33/100
|faint|p2a: Clarence
|move|p1a: British|Psychic Noise|p2: Clarence|[notarget]
|-fail|p1a: British
|
|-weather|none
|upkeep
|inactive|Lnxy16 has 120 seconds left.
|
|t:|1779950789
|switch|p2a: Hungry Hungry|Hippowdon, F|100/100
|-damage|p2a: Hungry Hungry|94/100|[from] Stealth Rock
|-weather|Sandstorm|[from] ability: Sand Stream|[of] p2a: Hungry Hungry
|turn|14
|inactive|Lnxy16 has 120 seconds left.
|
|t:|1779950804
|-prepare|p1a: British|Chilly Reception|[premajor]
|move|p1a: British|Chilly Reception|p1a: British
|-weather|Snowscape
|
|t:|1779950821
|switch|p1a: Ogerpon|Ogerpon-Wellspring, F|100/100|[from] Chilly Reception
|-damage|p1a: Ogerpon|88/100|[from] Spikes
|move|p2a: Hungry Hungry|Whirlwind|p1a: Ogerpon
|drag|p1a: British|Slowking-Galar, F, tera:Flying|66/100
|
|-weather|Snowscape|[upkeep]
|upkeep
|turn|15
|c|☆Lnxy16|man, this snow is getting crazy
|inactive|Lnxy16 has 120 seconds left.
|
|t:|1779950834
|-terastallize|p2a: Hungry Hungry|Ghost
|move|p2a: Hungry Hungry|Curse|p1a: British
|-start|p1a: British|Curse|[of] p2a: Hungry Hungry
|-damage|p2a: Hungry Hungry|44/100
|move|p1a: British|Psychic Noise|p2a: Hungry Hungry
|-damage|p2a: Hungry Hungry|1/100
|-start|p2a: Hungry Hungry|move: Heal Block
|
|-weather|Snowscape|[upkeep]
|-damage|p1a: British|42/100|[from] Curse
|upkeep
|turn|16
|inactive|Lnxy16 has 120 seconds left.
|
|t:|1779950858
|switch|p2a: Rufus|Chesnaught, F|62/100
|-damage|p2a: Rufus|56/100|[from] Stealth Rock
|-prepare|p1a: British|Chilly Reception|[premajor]
|move|p1a: British|Chilly Reception|p1a: British
|
|t:|1779950869
|switch|p1a: Ceruledge|Ceruledge, M|100/100|[from] Chilly Reception
|-damage|p1a: Ceruledge|88/100|[from] Spikes
|
|-weather|Snowscape|[upkeep]
|upkeep
|turn|17
|inactive|Lnxy16 has 120 seconds left.
|
|t:|1779950883
|switch|p2a: Hungry Hungry|Hippowdon, F, tera:Ghost|1/100
|-damage|p2a: Hungry Hungry|0 fnt|[from] Stealth Rock
|faint|p2a: Hungry Hungry
|move|p1a: Ceruledge|Swords Dance|p1a: Ceruledge
|-boost|p1a: Ceruledge|atk|2
|
|-weather|Snowscape|[upkeep]
|upkeep
|
|t:|1779950893
|switch|p2a: Mortein|Pecharunt|87/100
|-damage|p2a: Mortein|74/100|[from] Stealth Rock
|turn|18
|inactive|Lnxy16 has 120 seconds left.
|
|t:|1779950901
|move|p1a: Ceruledge|Poltergeist|p2a: Mortein
|-activate|p2a: Mortein|move: Poltergeist|Black Sludge
|-supereffective|p2a: Mortein
|-damage|p2a: Mortein|0 fnt
|faint|p2a: Mortein
|
|-weather|none
|upkeep
|inactive|Lnxy16 has 120 seconds left.
|c|☆Lnxy16|gg wp
|-message|Lnxy16 forfeited.
|
|win|tpotguy
|raw|tpotguy's rating: 1130 &rarr; <strong>1150</strong><br />(+20 for winning)
|raw|Lnxy16's rating: 1065 &rarr; <strong>1049</strong><br />(-16 for losing)
|l|☆Lnxy16
|player|p2|
|l|☆tpotguy
|player|p1|
