|j|☆Dreadblaze
|j|‽Bumulus
|t:|1779915975
|gametype|singles
|player|p1|Dreadblaze|burglar|1470
|player|p2|Bumulus|266|1509
|gen|9
|tier|[Gen 9] OU
|rated|
|rule|HP Percentage Mod: HP is shown in percentages
|rule|Endless Battle Clause: Forcing endless battles is banned
|rule|Species Clause: Limit one of each Pokémon
|rule|OHKO Clause: OHKO moves are banned
|rule|Evasion Items Clause: Evasion items are banned
|rule|Evasion Moves Clause: Evasion moves are banned
|rule|Evasion Abilities Clause: Evasion abilities are banned
|rule|Sleep Moves Clause: Sleep-inducing moves are banned
|clearpoke
|poke|p1|Weavile, M|
|poke|p1|Zamazenta-*|
|poke|p1|Iron Moth|
|poke|p1|Necrozma|
|poke|p1|Iron Treads|
|poke|p1|Ursaring, M|
|poke|p2|Dragonite, F|
|poke|p2|Great Tusk|
|poke|p2|Deoxys-Speed|
|poke|p2|Gholdengo|
|poke|p2|Zamazenta-*|
|poke|p2|Iron Valiant|
|teampreview
|inactive|Battle timer is ON: inactive players will automatically lose when time's up. (requested by Bumulus)
|
|t:|1779916023
|teamsize|p1|6
|teamsize|p2|6
|start
|switch|p1a: Weavile|Weavile, M|100/100
|switch|p2a: Deoxys|Deoxys-Speed|100/100
|-ability|p2a: Deoxys|Pressure
|turn|1
|
|t:|1779916032
|move|p2a: Deoxys|Stealth Rock|p1a: Weavile
|-sidestart|p1: Dreadblaze|move: Stealth Rock
|move|p1a: Weavile|Knock Off|p2a: Deoxys
|-supereffective|p2a: Deoxys
|-enditem|p2a: Deoxys|Focus Sash
|-damage|p2a: Deoxys|1/100
|
|upkeep
|turn|2
|
|t:|1779916039
|move|p2a: Deoxys|Spikes|p1a: Weavile
|-sidestart|p1: Dreadblaze|Spikes
|move|p1a: Weavile|Knock Off|p2a: Deoxys
|-supereffective|p2a: Deoxys
|-damage|p2a: Deoxys|0 fnt
|faint|p2a: Deoxys
|
|upkeep
|
|t:|1779916041
|switch|p2a: Iron Valiant|Iron Valiant|100/100
|-enditem|p2a: Iron Valiant|Booster Energy
|-activate|p2a: Iron Valiant|ability: Quark Drive|[fromitem]
|-start|p2a: Iron Valiant|quarkdrivespe
|turn|3
|
|t:|1779916057
|switch|p1a: Necrozma|Necrozma|100/100
|-damage|p1a: Necrozma|88/100|[from] Stealth Rock
|-damage|p1a: Necrozma|76/100|[from] Spikes
|move|p2a: Iron Valiant|Moonblast|p1a: Necrozma
|-damage|p1a: Necrozma|32/100
|-unboost|p1a: Necrozma|spa|1
|
|upkeep
|turn|4
|
|t:|1779916066
|switch|p1a: Iron Treads|Iron Treads|100/100
|-damage|p1a: Iron Treads|97/100|[from] Stealth Rock
|-damage|p1a: Iron Treads|85/100|[from] Spikes
|move|p2a: Iron Valiant|Moonblast|p1a: Iron Treads
|-resisted|p1a: Iron Treads
|-damage|p1a: Iron Treads|64/100
|
|upkeep
|turn|5
|
|t:|1779916077
|-end|p2a: Iron Valiant|Quark Drive|[silent]
|switch|p2a: Gholdengo|Gholdengo|100/100
|-terastallize|p1a: Iron Treads|Ground
|move|p1a: Iron Treads|Knock Off|p2a: Gholdengo
|-supereffective|p2a: Gholdengo
|-damage|p2a: Gholdengo|55/100
|-enditem|p2a: Gholdengo|Custap Berry|[from] move: Knock Off|[of] p1a: Iron Treads
|
|upkeep
|turn|6
|
|t:|1779916090
|move|p1a: Iron Treads|Earthquake|p2a: Gholdengo
|-supereffective|p2a: Gholdengo
|-damage|p2a: Gholdengo|0 fnt
|faint|p2a: Gholdengo
|
|upkeep
|
|t:|1779916100
|switch|p2a: Zamazenta|Zamazenta|100/100
|-ability|p2a: Zamazenta|Dauntless Shield|boost
|-boost|p2a: Zamazenta|def|1
|turn|7
|
|t:|1779916103
|move|p2a: Zamazenta|Close Combat|p1a: Iron Treads
|-damage|p1a: Iron Treads|0 fnt
|-unboost|p2a: Zamazenta|def|1
|-unboost|p2a: Zamazenta|spd|1
|faint|p1a: Iron Treads
|-end|p1a: Iron Treads|Quark Drive|[silent]
|-damage|p2a: Zamazenta|91/100|[from] item: Life Orb
|
|upkeep
|
|t:|1779916112
|switch|p1a: Necrozma|Necrozma|32/100
|-damage|p1a: Necrozma|20/100|[from] Stealth Rock
|-damage|p1a: Necrozma|8/100|[from] Spikes
|turn|8
|
|t:|1779916118
|move|p2a: Zamazenta|Crunch|p1a: Necrozma
|-supereffective|p1a: Necrozma
|-damage|p1a: Necrozma|0 fnt
|-damage|p2a: Zamazenta|74/100|[from] item: Rocky Helmet|[of] p1a: Necrozma
|faint|p1a: Necrozma
|-damage|p2a: Zamazenta|64/100|[from] item: Life Orb
|
|upkeep
|
|t:|1779916125
|switch|p1a: Zamazenta|Zamazenta|100/100
|-damage|p1a: Zamazenta|94/100|[from] Stealth Rock
|-damage|p1a: Zamazenta|82/100|[from] Spikes
|-ability|p1a: Zamazenta|Dauntless Shield|boost
|-boost|p1a: Zamazenta|def|1
|turn|9
|
|t:|1779916130
|move|p2a: Zamazenta|Close Combat|p1a: Zamazenta
|-damage|p1a: Zamazenta|34/100
|-unboost|p2a: Zamazenta|def|1
|-unboost|p2a: Zamazenta|spd|1
|-damage|p2a: Zamazenta|54/100|[from] item: Life Orb
|move|p1a: Zamazenta|Close Combat|p2a: Zamazenta
|-damage|p2a: Zamazenta|0 fnt
|-unboost|p1a: Zamazenta|def|1
|-unboost|p1a: Zamazenta|spd|1
|faint|p2a: Zamazenta
|-damage|p1a: Zamazenta|24/100|[from] item: Life Orb
|
|upkeep
|
|t:|1779916138
|switch|p2a: Iron Valiant|Iron Valiant|100/100
|turn|10
|
|t:|1779916146
|move|p1a: Zamazenta|Quick Attack|p2a: Iron Valiant
|-damage|p2a: Iron Valiant|77/100
|-damage|p1a: Zamazenta|14/100|[from] item: Life Orb
|move|p2a: Iron Valiant|Moonblast|p1a: Zamazenta
|-supereffective|p1a: Zamazenta
|-damage|p1a: Zamazenta|0 fnt
|faint|p1a: Zamazenta
|
|upkeep
|
|t:|1779916157
|switch|p1a: Iron Moth|Iron Moth|100/100
|-damage|p1a: Iron Moth|76/100|[from] Stealth Rock
|-item|p1a: Iron Moth|Air Balloon
|turn|11
|
|t:|1779916161
|move|p2a: Iron Valiant|Destiny Bond|p2a: Iron Valiant
|-singlemove|p2a: Iron Valiant|Destiny Bond
|move|p1a: Iron Moth|Sludge Wave|p2a: Iron Valiant
|-supereffective|p2a: Iron Valiant
|-damage|p2a: Iron Valiant|0 fnt
|faint|p2a: Iron Valiant
|-activate|p2a: Iron Valiant|move: Destiny Bond
|-end|p2a: Iron Valiant|Quark Drive|[silent]
|faint|p1a: Iron Moth
|-end|p1a: Iron Moth|Quark Drive|[silent]
|
|upkeep
|
|t:|1779916169
|switch|p2a: Great Tusk|Great Tusk|100/100
|switch|p1a: Ursaring|Ursaring, M|100/100
|-damage|p1a: Ursaring|88/100|[from] Stealth Rock
|-damage|p1a: Ursaring|76/100|[from] Spikes
|-enditem|p2a: Great Tusk|Booster Energy
|-activate|p2a: Great Tusk|ability: Protosynthesis|[fromitem]
|-start|p2a: Great Tusk|protosynthesisspe
|turn|12
|
|t:|1779916173
|move|p2a: Great Tusk|Bulk Up|p2a: Great Tusk
|-boost|p2a: Great Tusk|atk|1
|-boost|p2a: Great Tusk|def|1
|move|p1a: Ursaring|Body Slam|p2a: Great Tusk
|-damage|p2a: Great Tusk|85/100
|-status|p2a: Great Tusk|par
|
|upkeep
|turn|13
|
|t:|1779916182
|cant|p2a: Great Tusk|par
|move|p1a: Ursaring|Bulk Up|p1a: Ursaring
|-boost|p1a: Ursaring|atk|1
|-boost|p1a: Ursaring|def|1
|
|upkeep
|turn|14
|
|t:|1779916189
|move|p2a: Great Tusk|Taunt|p1a: Ursaring
|-start|p1a: Ursaring|move: Taunt
|move|p1a: Ursaring|Body Slam|p2a: Great Tusk
|-damage|p2a: Great Tusk|61/100 par
|
|upkeep
|turn|15
|
|t:|1779916198
|move|p2a: Great Tusk|Headlong Rush|p1a: Ursaring
|-damage|p1a: Ursaring|33/100
|-unboost|p2a: Great Tusk|def|1
|-unboost|p2a: Great Tusk|spd|1
|move|p1a: Ursaring|Body Slam|p2a: Great Tusk
|-damage|p2a: Great Tusk|26/100 par
|
|upkeep
|turn|16
|
|t:|1779916206
|cant|p2a: Great Tusk|par
|move|p1a: Ursaring|Body Slam|p2a: Great Tusk
|-damage|p2a: Great Tusk|0 fnt
|faint|p2a: Great Tusk
|-end|p2a: Great Tusk|Protosynthesis|[silent]
|
|-end|p1a: Ursaring|move: Taunt
|upkeep
|
|t:|1779916209
|switch|p2a: Dragonite|Dragonite, F|100/100
|turn|17
|
|t:|1779916216
|-terastallize|p2a: Dragonite|Fire
|move|p2a: Dragonite|Fire Punch|p1a: Ursaring
|-damage|p1a: Ursaring|4/100
|-damage|p2a: Dragonite|91/100|[from] item: Life Orb
|move|p1a: Ursaring|Body Slam|p2a: Dragonite
|-damage|p2a: Dragonite|26/100
|
|upkeep
|turn|18
|
|t:|1779916226
|move|p2a: Dragonite|Fire Punch|p1a: Ursaring
|-damage|p1a: Ursaring|0 fnt
|faint|p1a: Ursaring
|-damage|p2a: Dragonite|16/100|[from] item: Life Orb
|
|upkeep
|
|t:|1779916233
|switch|p1a: Weavile|Weavile, M|100/100
|-damage|p1a: Weavile|76/100|[from] Stealth Rock
|-damage|p1a: Weavile|63/100|[from] Spikes
|turn|19
|
|t:|1779916239
|move|p2a: Dragonite|Extreme Speed|p1a: Weavile
|-damage|p1a: Weavile|0 fnt
|faint|p1a: Weavile
|-damage|p2a: Dragonite|6/100|[from] item: Life Orb
|
|win|Bumulus
|raw|Dreadblaze's rating: 1470 &rarr; <strong>1452</strong><br />(-18 for losing)
|raw|Bumulus's rating: 1509 &rarr; <strong>1527</strong><br />(+18 for winning)
|l|‽Bumulus
|player|p2|
|l|☆Dreadblaze
|player|p1|
