|j|☆elokai
|j|‽NeoNaruto
|t:|1779819648
|gametype|singles
|player|p1|elokai|pokefanf-gen4|1442
|player|p2|NeoNaruto|101|1547
|gen|9
|tier|[Gen 9] OU
|rated|
|rule|HP Percentage Mod: HP is shown in percentages
|rule|Endless Battle Clause: Forcing endless battles is banned
|rule|Species Clause: Limit one of each Pokémon
|rule|OHKO Clause: OHKO moves are banned
|rule|Evasion Items Clause: Evasion items are banned
|rule|Evasion Moves Clause: Evasion moves are banned
|rule|Evasion Abilities Clause: Evasion abilities are banned
|rule|Sleep Moves Clause: Sleep-inducing moves are banned
|clearpoke
|poke|p1|Glimmora, F|
|poke|p1|Kingambit, F|
|poke|p1|Gholdengo|
|poke|p1|Dragonite, F|
|poke|p1|Ogerpon-Wellspring, F|
|poke|p1|Zamazenta-*|
|poke|p2|Tyranitar, F|
|poke|p2|Kyurem|
|poke|p2|Staraptor, F|
|poke|p2|Garchomp, F|
|poke|p2|Torkoal, M|
|poke|p2|Dragonite, M|
|teampreview
|inactive|Battle timer is ON: inactive players will automatically lose when time's up. (requested by NeoNaruto)
|inactive|elokai also wants the timer to be on.
|
|t:|1779819651
|teamsize|p1|6
|teamsize|p2|6
|start
|switch|p1a: Glimmora|Glimmora, F, shiny|100/100
|switch|p2a: Tyranitar|Tyranitar, F, shiny|100/100
|-weather|Sandstorm|[from] ability: Sand Stream|[of] p2a: Tyranitar
|turn|1
|
|t:|1779819654
|move|p1a: Glimmora|Stealth Rock|p2a: Tyranitar
|-sidestart|p2: NeoNaruto|move: Stealth Rock
|move|p2a: Tyranitar|Earthquake|p1a: Glimmora
|-supereffective|p1a: Glimmora
|-enditem|p1a: Glimmora|Focus Sash
|-damage|p1a: Glimmora|1/100
|-activate|p1a: Glimmora|ability: Toxic Debris
|-sidestart|p2: NeoNaruto|move: Toxic Spikes
|
|-weather|Sandstorm|[upkeep]
|upkeep
|turn|2
|
|t:|1779819660
|move|p1a: Glimmora|Mortal Spin|p2a: Tyranitar
|-resisted|p2a: Tyranitar
|-damage|p2a: Tyranitar|98/100
|-status|p2a: Tyranitar|psn
|move|p2a: Tyranitar|Knock Off|p1a: Glimmora
|-damage|p1a: Glimmora|0 fnt
|-activate|p1a: Glimmora|ability: Toxic Debris
|-sidestart|p2: NeoNaruto|move: Toxic Spikes
|faint|p1a: Glimmora
|
|-weather|Sandstorm|[upkeep]
|-damage|p2a: Tyranitar|86/100 psn|[from] psn
|upkeep
|
|t:|1779819671
|switch|p1a: Ogerpon|Ogerpon-Wellspring, F|100/100
|turn|3
|
|t:|1779819675
|switch|p2a: Torkoal|Torkoal, M, shiny|100/100
|-weather|SunnyDay|[from] ability: Drought|[of] p2a: Torkoal
|move|p1a: Ogerpon|Ivy Cudgel|p2a: Torkoal|[anim] Ivy Cudgel Water
|-supereffective|p2a: Torkoal
|-damage|p2a: Torkoal|69/100
|
|-weather|SunnyDay|[upkeep]
|upkeep
|turn|4
|
|t:|1779819686
|move|p1a: Ogerpon|Swords Dance|p1a: Ogerpon
|-boost|p1a: Ogerpon|atk|2
|move|p2a: Torkoal|Lava Plume|p1a: Ogerpon
|-damage|p1a: Ogerpon|61/100
|
|-weather|SunnyDay|[upkeep]
|upkeep
|turn|5
|
|t:|1779819715
|switch|p2a: Staraptor|Staraptor, F|100/100
|-damage|p2a: Staraptor|75/100|[from] Stealth Rock
|-terastallize|p1a: Ogerpon|Water
|detailschange|p1a: Ogerpon|Ogerpon-Wellspring-Tera, F, tera:Water
|-ability|p1a: Ogerpon|Embody Aspect (Wellspring)|boost
|-boost|p1a: Ogerpon|spd|1
|move|p1a: Ogerpon|Ivy Cudgel|p2a: Staraptor|[anim] Ivy Cudgel Water
|-damage|p2a: Staraptor|0 fnt
|faint|p2a: Staraptor
|
|-weather|SunnyDay|[upkeep]
|upkeep
|
|t:|1779819719
|switch|p2a: Dragonite|Dragonite, M, shiny|100/100
|turn|6
|
|t:|1779819722
|move|p2a: Dragonite|Extreme Speed|p1a: Ogerpon
|-damage|p1a: Ogerpon|23/100
|move|p1a: Ogerpon|Play Rough|p2a: Dragonite
|-supereffective|p2a: Dragonite
|-damage|p2a: Dragonite|18/100
|
|-weather|SunnyDay|[upkeep]
|upkeep
|turn|7
|
|t:|1779819726
|move|p2a: Dragonite|Extreme Speed|p1a: Ogerpon
|-damage|p1a: Ogerpon|0 fnt
|faint|p1a: Ogerpon
|detailschange|p1: Ogerpon|Ogerpon-Wellspring, F|[silent]
|
|-weather|none
|upkeep
|
|t:|1779819737
|switch|p1a: Gholdengo|Gholdengo, shiny|100/100
|-item|p1a: Gholdengo|Air Balloon
|turn|8
|
|t:|1779819743
|move|p1a: Gholdengo|Shadow Ball|p2a: Dragonite
|-damage|p2a: Dragonite|0 fnt
|faint|p2a: Dragonite
|
|upkeep
|
|t:|1779819745
|switch|p2a: Tyranitar|Tyranitar, F, shiny|86/100 psn
|-damage|p2a: Tyranitar|73/100 psn|[from] Stealth Rock
|-weather|Sandstorm|[from] ability: Sand Stream|[of] p2a: Tyranitar
|turn|9
|
|t:|1779819748
|move|p1a: Gholdengo|Make It Rain|p2a: Tyranitar
|-supereffective|p2a: Tyranitar
|-damage|p2a: Tyranitar|39/100 psn
|-unboost|p1a: Gholdengo|spa|1
|move|p2a: Tyranitar|Knock Off|p1a: Gholdengo
|-supereffective|p1a: Gholdengo
|-damage|p1a: Gholdengo|7/100
|-enditem|p1a: Gholdengo|Air Balloon
|
|-weather|Sandstorm|[upkeep]
|-damage|p2a: Tyranitar|27/100 psn|[from] psn
|upkeep
|turn|10
|
|t:|1779819760
|move|p1a: Gholdengo|Make It Rain|p2a: Tyranitar
|-supereffective|p2a: Tyranitar
|-damage|p2a: Tyranitar|1/100 psn
|-unboost|p1a: Gholdengo|spa|1
|move|p2a: Tyranitar|Knock Off|p1a: Gholdengo
|-supereffective|p1a: Gholdengo
|-damage|p1a: Gholdengo|0 fnt
|faint|p1a: Gholdengo
|
|-weather|Sandstorm|[upkeep]
|-damage|p2a: Tyranitar|0 fnt|[from] psn
|faint|p2a: Tyranitar
|upkeep
|
|t:|1779819770
|switch|p1a: Zamazenta|Zamazenta, shiny|100/100
|switch|p2a: Torkoal|Torkoal, M, shiny|69/100
|-ability|p1a: Zamazenta|Dauntless Shield|boost
|-boost|p1a: Zamazenta|def|1
|-weather|SunnyDay|[from] ability: Drought|[of] p2a: Torkoal
|turn|11
|
|t:|1779819776
|move|p1a: Zamazenta|Stone Edge|p2a: Torkoal
|-supereffective|p2a: Torkoal
|-damage|p2a: Torkoal|19/100
|-damage|p1a: Zamazenta|91/100|[from] item: Life Orb
|move|p2a: Torkoal|Will-O-Wisp|p1a: Zamazenta
|-status|p1a: Zamazenta|brn
|
|-weather|SunnyDay|[upkeep]
|-damage|p1a: Zamazenta|84/100 brn|[from] brn
|upkeep
|turn|12
|
|t:|1779819782
|move|p1a: Zamazenta|Stone Edge|p2a: Torkoal
|-supereffective|p2a: Torkoal
|-damage|p2a: Torkoal|0 fnt
|faint|p2a: Torkoal
|-damage|p1a: Zamazenta|75/100 brn|[from] item: Life Orb
|
|-weather|SunnyDay|[upkeep]
|-damage|p1a: Zamazenta|68/100 brn|[from] brn
|upkeep
|
|t:|1779819787
|switch|p2a: Garchomp|Garchomp, F|100/100
|-damage|p2a: Garchomp|94/100|[from] Stealth Rock
|-status|p2a: Garchomp|tox
|turn|13
|
|t:|1779819793
|move|p1a: Zamazenta|Close Combat|p2a: Garchomp
|-damage|p2a: Garchomp|73/100 tox
|-unboost|p1a: Zamazenta|def|1
|-unboost|p1a: Zamazenta|spd|1
|-damage|p1a: Zamazenta|56/100 brn|[from] ability: Rough Skin|[of] p2a: Garchomp
|-damage|p1a: Zamazenta|40/100 brn|[from] item: Rocky Helmet|[of] p2a: Garchomp
|-damage|p1a: Zamazenta|30/100 brn|[from] item: Life Orb
|move|p2a: Garchomp|Stealth Rock|p1a: Zamazenta
|-sidestart|p1: elokai|move: Stealth Rock
|
|-weather|SunnyDay|[upkeep]
|-damage|p2a: Garchomp|67/100 tox|[from] psn
|-damage|p1a: Zamazenta|24/100 brn|[from] brn
|upkeep
|turn|14
|
|t:|1779819798
|move|p1a: Zamazenta|Close Combat|p2a: Garchomp
|-damage|p2a: Garchomp|43/100 tox
|-unboost|p1a: Zamazenta|def|1
|-unboost|p1a: Zamazenta|spd|1
|-damage|p1a: Zamazenta|11/100 brn|[from] ability: Rough Skin|[of] p2a: Garchomp
|-damage|p1a: Zamazenta|0 fnt|[from] item: Rocky Helmet|[of] p2a: Garchomp
|faint|p1a: Zamazenta
|move|p2a: Garchomp|Spikes|p1: Zamazenta
|-sidestart|p1: elokai|Spikes
|
|-weather|SunnyDay|[upkeep]
|-damage|p2a: Garchomp|31/100 tox|[from] psn
|upkeep
|
|t:|1779819807
|switch|p1a: Dragonite|Dragonite, F, shiny|100/100
|turn|15
|
|t:|1779819810
|move|p1a: Dragonite|Earthquake|p2a: Garchomp
|-damage|p2a: Garchomp|8/100 tox
|move|p2a: Garchomp|Breaking Swipe|p1a: Dragonite
|-supereffective|p1a: Dragonite
|-damage|p1a: Dragonite|74/100
|-unboost|p1a: Dragonite|atk|1
|
|-weather|none
|-damage|p2a: Garchomp|0 fnt|[from] psn
|faint|p2a: Garchomp
|upkeep
|
|t:|1779819815
|switch|p2a: Kyurem|Kyurem, shiny|100/100
|-damage|p2a: Kyurem|76/100|[from] Stealth Rock
|-status|p2a: Kyurem|tox
|-ability|p2a: Kyurem|Pressure
|turn|16
|
|t:|1779819821
|move|p2a: Kyurem|Ice Beam|p1a: Dragonite
|-supereffective|p1a: Dragonite
|-damage|p1a: Dragonite|0 fnt
|faint|p1a: Dragonite
|
|-damage|p2a: Kyurem|70/100 tox|[from] psn
|upkeep
|
|t:|1779819830
|switch|p1a: Kingambit|Kingambit, F, shiny|100/100
|-damage|p1a: Kingambit|94/100|[from] Stealth Rock
|-damage|p1a: Kingambit|82/100|[from] Spikes
|-activate|p1a: Kingambit|ability: Supreme Overlord
|-start|p1a: Kingambit|fallen5|[silent]
|turn|17
|
|t:|1779819838
|move|p1a: Kingambit|Sucker Punch|p2a: Kyurem
|-damage|p2a: Kyurem|17/100 tox
|move|p2a: Kyurem|Ice Beam|p1a: Kingambit
|-resisted|p1a: Kingambit
|-damage|p1a: Kingambit|40/100
|
|-heal|p1a: Kingambit|46/100|[from] item: Leftovers
|-damage|p2a: Kyurem|5/100 tox|[from] psn
|upkeep
|turn|18
|
|t:|1779819841
|move|p1a: Kingambit|Sucker Punch|p2a: Kyurem
|-damage|p2a: Kyurem|0 fnt
|faint|p2a: Kyurem
|
|win|elokai
|raw|elokai's rating: 1442 &rarr; <strong>1468</strong><br />(+26 for winning)
|raw|NeoNaruto's rating: 1547 &rarr; <strong>1521</strong><br />(-26 for losing)
|l|‽NeoNaruto
|player|p2|
|l|☆elokai
|player|p1|
