|j|☆manaphy michael
|j|☆teapause
|t:|1779879629
|gametype|singles
|player|p1|manaphy michael|biker-gen4|1390
|player|p2|teapause|waiter|1440
|gen|9
|tier|[Gen 9] OU
|rated|
|rule|HP Percentage Mod: HP is shown in percentages
|rule|Endless Battle Clause: Forcing endless battles is banned
|rule|Species Clause: Limit one of each Pokémon
|rule|OHKO Clause: OHKO moves are banned
|rule|Evasion Items Clause: Evasion items are banned
|rule|Evasion Moves Clause: Evasion moves are banned
|rule|Evasion Abilities Clause: Evasion abilities are banned
|rule|Sleep Moves Clause: Sleep-inducing moves are banned
|clearpoke
|poke|p1|Blissey, F|
|poke|p1|Cresselia, F|
|poke|p1|Toxapex, F|
|poke|p1|Skarmory, F|
|poke|p1|Gliscor, M|
|poke|p1|Virizion|
|poke|p2|Lanturn, F|
|poke|p2|Ninetales-Alola, M|
|poke|p2|Slowking-Galar, F|
|poke|p2|Corviknight, F|
|poke|p2|Garchomp, F|
|poke|p2|Ceruledge, F|
|teampreview
|inactive|Battle timer is ON: inactive players will automatically lose when time's up. (requested by manaphy michael)
|inactive|teapause also wants the timer to be on.
|
|t:|1779879647
|teamsize|p1|6
|teamsize|p2|6
|start
|switch|p1a: Cresselia|Cresselia, F|100/100
|switch|p2a: Garchomp|Garchomp, F|100/100
|turn|1
|
|t:|1779879654
|-terastallize|p1a: Cresselia|Fairy
|move|p1a: Cresselia|Calm Mind|p1a: Cresselia
|-boost|p1a: Cresselia|spa|1
|-boost|p1a: Cresselia|spd|1
|move|p2a: Garchomp|Stealth Rock|p1a: Cresselia
|-sidestart|p1: manaphy michael|move: Stealth Rock
|
|upkeep
|turn|2
|
|t:|1779879667
|switch|p2a: Ceruledge|Ceruledge, F|100/100
|-item|p2a: Ceruledge|Air Balloon
|move|p1a: Cresselia|Moonblast|p2a: Ceruledge
|-resisted|p2a: Ceruledge
|-damage|p2a: Ceruledge|68/100
|-enditem|p2a: Ceruledge|Air Balloon
|-damage|p1a: Cresselia|91/100|[from] item: Life Orb
|
|upkeep
|turn|3
|
|t:|1779879681
|move|p2a: Ceruledge|Bitter Blade|p1a: Cresselia
|-damage|p1a: Cresselia|57/100
|-heal|p2a: Ceruledge|90/100|[from] drain|[of] p1a: Cresselia
|move|p1a: Cresselia|Calm Mind|p1a: Cresselia
|-boost|p1a: Cresselia|spa|1
|-boost|p1a: Cresselia|spd|1
|
|upkeep
|turn|4
|
|t:|1779879689
|move|p2a: Ceruledge|Swords Dance|p2a: Ceruledge
|-boost|p2a: Ceruledge|atk|2
|move|p1a: Cresselia|Psyshock|p2a: Ceruledge
|-damage|p2a: Ceruledge|0 fnt
|faint|p2a: Ceruledge
|-damage|p1a: Cresselia|47/100|[from] item: Life Orb
|
|upkeep
|
|t:|1779879711
|switch|p2a: Slowking|Slowking-Galar, F|100/100
|turn|5
|
|t:|1779879718
|move|p1a: Cresselia|Calm Mind|p1a: Cresselia
|-boost|p1a: Cresselia|spa|1
|-boost|p1a: Cresselia|spd|1
|move|p2a: Slowking|Eerie Spell|p1a: Cresselia
|-damage|p1a: Cresselia|38/100
|-activate|p1a: Cresselia|move: Eerie Spell|Calm Mind|3
|
|upkeep
|turn|6
|
|t:|1779879729
|move|p1a: Cresselia|Calm Mind|p1a: Cresselia
|-boost|p1a: Cresselia|spa|1
|-boost|p1a: Cresselia|spd|1
|move|p2a: Slowking|Flamethrower|p1a: Cresselia
|-damage|p1a: Cresselia|32/100
|-status|p1a: Cresselia|brn
|
|-damage|p1a: Cresselia|26/100 brn|[from] brn
|upkeep
|turn|7
|
|t:|1779879743
|move|p1a: Cresselia|Lunar Blessing|p1a: Cresselia
|-heal|p1a: Cresselia|51/100 brn
|-curestatus|p1a: Cresselia|brn|[msg]
|-prepare|p2a: Slowking|Chilly Reception|[premajor]
|move|p2a: Slowking|Chilly Reception|p2a: Slowking
|-weather|Snowscape
|
|t:|1779879752
|switch|p2a: Garchomp|Garchomp, F|100/100|[from] Chilly Reception
|
|-weather|Snowscape|[upkeep]
|upkeep
|turn|8
|
|t:|1779879759
|-terastallize|p2a: Garchomp|Water
|move|p1a: Cresselia|Lunar Blessing|p1a: Cresselia
|-heal|p1a: Cresselia|76/100
|move|p2a: Garchomp|Liquidation|p1a: Cresselia
|-damage|p1a: Cresselia|37/100
|-unboost|p1a: Cresselia|def|1
|
|-weather|Snowscape|[upkeep]
|upkeep
|turn|9
|
|t:|1779879771
|switch|p1a: Skarmory|Skarmory, F|100/100
|-damage|p1a: Skarmory|88/100|[from] Stealth Rock
|move|p2a: Garchomp|Liquidation|p1a: Skarmory
|-damage|p1a: Skarmory|59/100
|-damage|p2a: Garchomp|84/100|[from] item: Rocky Helmet|[of] p1a: Skarmory
|
|-weather|Snowscape|[upkeep]
|upkeep
|turn|10
|
|t:|1779879784
|move|p2a: Garchomp|Liquidation|p1a: Skarmory
|-damage|p1a: Skarmory|31/100
|-damage|p2a: Garchomp|68/100|[from] item: Rocky Helmet|[of] p1a: Skarmory
|move|p1a: Skarmory|Roost|p1a: Skarmory
|-heal|p1a: Skarmory|81/100
|-singleturn|p1a: Skarmory|move: Roost
|
|-weather|Snowscape|[upkeep]
|upkeep
|turn|11
|
|t:|1779879794
|move|p2a: Garchomp|Spikes|p1a: Skarmory
|-sidestart|p1: manaphy michael|Spikes
|move|p1a: Skarmory|Curse|p1a: Skarmory
|-unboost|p1a: Skarmory|spe|1
|-boost|p1a: Skarmory|atk|1
|-boost|p1a: Skarmory|def|1
|
|-weather|none
|upkeep
|turn|12
|
|t:|1779879808
|move|p2a: Garchomp|Spikes|p1a: Skarmory
|-sidestart|p1: manaphy michael|Spikes
|move|p1a: Skarmory|Body Press|p2a: Garchomp
|-damage|p2a: Garchomp|21/100
|-damage|p1a: Skarmory|69/100|[from] ability: Rough Skin|[of] p2a: Garchomp
|-enditem|p2a: Garchomp|Red Card|[of] p1a: Skarmory
|drag|p1a: Cresselia|Cresselia, F, tera:Fairy|37/100
|-damage|p1a: Cresselia|25/100|[from] Stealth Rock
|
|upkeep
|turn|13
|
|t:|1779879818
|switch|p1a: Skarmory|Skarmory, F|69/100
|-damage|p1a: Skarmory|57/100|[from] Stealth Rock
|move|p2a: Garchomp|Liquidation|p1a: Skarmory
|-damage|p1a: Skarmory|27/100
|-unboost|p1a: Skarmory|def|1
|-damage|p2a: Garchomp|5/100|[from] item: Rocky Helmet|[of] p1a: Skarmory
|
|upkeep
|turn|14
|
|t:|1779879828
|move|p2a: Garchomp|Liquidation|p1a: Skarmory
|-damage|p1a: Skarmory|0 fnt
|-damage|p2a: Garchomp|0 fnt|[from] item: Rocky Helmet|[of] p1a: Skarmory
|faint|p1a: Skarmory
|faint|p2a: Garchomp
|
|upkeep
|
|t:|1779879848
|switch|p2a: Slowking|Slowking-Galar, F|100/100
|switch|p1a: Toxapex|Toxapex, F|100/100
|-damage|p1a: Toxapex|88/100|[from] Stealth Rock
|-damage|p1a: Toxapex|72/100|[from] Spikes
|turn|15
|
|t:|1779879858
|move|p1a: Toxapex|Acid Spray|p2a: Slowking
|-resisted|p2a: Slowking
|-damage|p2a: Slowking|97/100
|-unboost|p2a: Slowking|spd|2
|move|p2a: Slowking|Eerie Spell|p1a: Toxapex
|-supereffective|p1a: Toxapex
|-damage|p1a: Toxapex|37/100
|-activate|p1a: Toxapex|move: Eerie Spell|Acid Spray|3
|
|upkeep
|turn|16
|
|t:|1779879873
|switch|p1a: Blissey|Blissey, F|100/100
|-prepare|p2a: Slowking|Chilly Reception|[premajor]
|move|p2a: Slowking|Chilly Reception|p2a: Slowking
|-weather|Snowscape
|
|t:|1779879880
|switch|p2a: Corviknight|Corviknight, F|100/100|[from] Chilly Reception
|-ability|p2a: Corviknight|Pressure
|
|-weather|Snowscape|[upkeep]
|upkeep
|turn|17
|
|t:|1779879889
|move|p2a: Corviknight|Body Press|p1a: Blissey
|-supereffective|p1a: Blissey
|-damage|p1a: Blissey|0 fnt
|faint|p1a: Blissey
|
|-weather|Snowscape|[upkeep]
|upkeep
|
|t:|1779879895
|switch|p1a: Virizion|Virizion|100/100
|-damage|p1a: Virizion|94/100|[from] Stealth Rock
|-damage|p1a: Virizion|78/100|[from] Spikes
|turn|18
|
|t:|1779879910
|switch|p2a: Ninetales|Ninetales-Alola, M|100/100
|move|p1a: Virizion|Aura Sphere|p2a: Ninetales
|-damage|p2a: Ninetales|42/100
|-damage|p1a: Virizion|68/100|[from] item: Life Orb
|
|-weather|Snowscape|[upkeep]
|upkeep
|turn|19
|
|t:|1779879928
|move|p2a: Ninetales|Calm Mind|p2a: Ninetales
|-boost|p2a: Ninetales|spa|1
|-boost|p2a: Ninetales|spd|1
|move|p1a: Virizion|Calm Mind|p1a: Virizion
|-boost|p1a: Virizion|spa|1
|-boost|p1a: Virizion|spd|1
|
|-weather|Snowscape|[upkeep]
|upkeep
|turn|20
|
|t:|1779879936
|move|p1a: Virizion|Vacuum Wave|p2a: Ninetales
|-crit|p2a: Ninetales
|-damage|p2a: Ninetales|0 fnt
|faint|p2a: Ninetales
|-damage|p1a: Virizion|58/100|[from] item: Life Orb
|
|-weather|none
|upkeep
|
|t:|1779879945
|switch|p2a: Slowking|Slowking-Galar, F|100/100
|turn|21
|
|t:|1779879950
|move|p1a: Virizion|Calm Mind|p1a: Virizion
|-boost|p1a: Virizion|spa|1
|-boost|p1a: Virizion|spd|1
|move|p2a: Slowking|Flamethrower|p1a: Virizion
|-supereffective|p1a: Virizion
|-damage|p1a: Virizion|41/100
|
|upkeep
|turn|22
|
|t:|1779879957
|move|p1a: Virizion|Giga Drain|p2a: Slowking
|-resisted|p2a: Slowking
|-damage|p2a: Slowking|73/100
|-heal|p1a: Virizion|56/100|[from] drain|[of] p2a: Slowking
|-damage|p1a: Virizion|46/100|[from] item: Life Orb
|move|p2a: Slowking|Eerie Spell|p1a: Virizion
|-supereffective|p1a: Virizion
|-damage|p1a: Virizion|24/100
|-activate|p1a: Virizion|move: Eerie Spell|Giga Drain|3
|
|upkeep
|turn|23
|
|t:|1779879970
|move|p1a: Virizion|Calm Mind|p1a: Virizion
|-boost|p1a: Virizion|spa|1
|-boost|p1a: Virizion|spd|1
|move|p2a: Slowking|Eerie Spell|p1a: Virizion
|-supereffective|p1a: Virizion
|-damage|p1a: Virizion|6/100
|-activate|p1a: Virizion|move: Eerie Spell|Calm Mind|3
|
|upkeep
|turn|24
|
|t:|1779879978
|move|p1a: Virizion|Giga Drain|p2a: Slowking
|-resisted|p2a: Slowking
|-damage|p2a: Slowking|39/100
|-heal|p1a: Virizion|24/100|[from] drain|[of] p2a: Slowking
|-damage|p1a: Virizion|14/100|[from] item: Life Orb
|move|p2a: Slowking|Eerie Spell|p1a: Virizion
|-supereffective|p1a: Virizion
|-damage|p1a: Virizion|0 fnt
|faint|p1a: Virizion
|
|upkeep
|
|t:|1779879983
|switch|p1a: Cresselia|Cresselia, F, tera:Fairy|25/100
|-damage|p1a: Cresselia|12/100|[from] Stealth Rock
|turn|25
|
|t:|1779879994
|move|p1a: Cresselia|Lunar Blessing|p1a: Cresselia
|-heal|p1a: Cresselia|37/100
|move|p2a: Slowking|Eerie Spell|p1a: Cresselia
|-damage|p1a: Cresselia|14/100
|-activate|p1a: Cresselia|move: Eerie Spell|Lunar Blessing|3
|
|upkeep
|turn|26
|
|t:|1779880004
|switch|p1a: Gliscor|Gliscor, M|100/100
|-damage|p1a: Gliscor|88/100|[from] Stealth Rock
|move|p2a: Slowking|Eerie Spell|p1a: Gliscor
|-damage|p1a: Gliscor|46/100
|
|upkeep
|turn|27
|
|t:|1779880017
|move|p1a: Gliscor|Earthquake|p2a: Slowking
|-supereffective|p2a: Slowking
|-damage|p2a: Slowking|0 fnt
|faint|p2a: Slowking
|
|upkeep
|
|t:|1779880023
|switch|p2a: Lanturn|Lanturn, F|100/100
|turn|28
|
|t:|1779880036
|switch|p2a: Corviknight|Corviknight, F|100/100
|-ability|p2a: Corviknight|Pressure
|move|p1a: Gliscor|Earthquake|p2a: Corviknight
|-immune|p2a: Corviknight
|
|upkeep
|turn|29
|
|t:|1779880045
|move|p1a: Gliscor|Swords Dance|p1a: Gliscor
|-boost|p1a: Gliscor|atk|2
|move|p2a: Corviknight|Flash Cannon|p1a: Gliscor
|-damage|p1a: Gliscor|21/100
|
|upkeep
|turn|30
|
|t:|1779880053
|move|p1a: Gliscor|Scale Shot|p2a: Corviknight
|-resisted|p2a: Corviknight
|-damage|p2a: Corviknight|96/100
|-resisted|p2a: Corviknight
|-damage|p2a: Corviknight|92/100
|-resisted|p2a: Corviknight
|-damage|p2a: Corviknight|88/100
|-resisted|p2a: Corviknight
|-damage|p2a: Corviknight|84/100
|-resisted|p2a: Corviknight
|-damage|p2a: Corviknight|80/100
|-hitcount|p2a: Corviknight|5
|-unboost|p1a: Gliscor|def|1
|-boost|p1a: Gliscor|spe|1
|move|p2a: Corviknight|Flash Cannon|p1a: Gliscor
|-damage|p1a: Gliscor|0 fnt
|faint|p1a: Gliscor
|
|-heal|p2a: Corviknight|86/100|[from] item: Leftovers
|upkeep
|-message|manaphy michael forfeited.
|
|win|teapause
|raw|manaphy michael's rating: 1390 &rarr; <strong>1373</strong><br />(-17 for losing)
|raw|teapause's rating: 1440 &rarr; <strong>1457</strong><br />(+17 for winning)
|l|☆manaphy michael
|player|p1|
|l|☆teapause
|player|p2|
