|j|☆Spit144
|j|☆Krallania
|t:|1779841633
|gametype|singles
|player|p1|Spit144|169|1303
|player|p2|Krallania|colress|1247
|gen|9
|tier|[Gen 9] OU
|rated|
|rule|HP Percentage Mod: HP is shown in percentages
|rule|Endless Battle Clause: Forcing endless battles is banned
|rule|Species Clause: Limit one of each Pokémon
|rule|OHKO Clause: OHKO moves are banned
|rule|Evasion Items Clause: Evasion items are banned
|rule|Evasion Moves Clause: Evasion moves are banned
|rule|Evasion Abilities Clause: Evasion abilities are banned
|rule|Sleep Moves Clause: Sleep-inducing moves are banned
|clearpoke
|poke|p1|Volcanion|
|poke|p1|Pelipper, F|
|poke|p1|Iron Treads|
|poke|p1|Kingdra, M|
|poke|p1|Poliwrath, F|
|poke|p1|Iron Valiant|
|poke|p2|Kyurem|
|poke|p2|Hatterene, F|
|poke|p2|Landorus-Therian, M|
|poke|p2|Ogerpon-Wellspring, F|
|poke|p2|Gholdengo|
|poke|p2|Zapdos|
|teampreview
|
|t:|1779841652
|teamsize|p1|6
|teamsize|p2|6
|start
|switch|p1a: Pelipper|Pelipper, F|100/100
|switch|p2a: Landorus|Landorus-Therian, M|100/100
|-ability|p2a: Landorus|Intimidate|boost
|-unboost|p1a: Pelipper|atk|1
|-weather|RainDance|[from] ability: Drizzle|[of] p1a: Pelipper
|turn|1
|
|t:|1779841666
|move|p2a: Landorus|Stealth Rock|p1a: Pelipper
|-sidestart|p1: Spit144|move: Stealth Rock
|move|p1a: Pelipper|U-turn|p2a: Landorus
|-resisted|p2a: Landorus
|-damage|p2a: Landorus|98/100
|-damage|p1a: Pelipper|84/100|[from] item: Rocky Helmet|[of] p2a: Landorus
|
|t:|1779841674
|switch|p1a: Poliwrath|Poliwrath, F|100/100|[from] U-turn
|-damage|p1a: Poliwrath|94/100|[from] Stealth Rock
|
|-weather|RainDance|[upkeep]
|upkeep
|turn|2
|
|t:|1779841679
|move|p1a: Poliwrath|Knock Off|p2a: Landorus
|-damage|p2a: Landorus|57/100
|-damage|p1a: Poliwrath|78/100|[from] item: Rocky Helmet|[of] p2a: Landorus
|-enditem|p2a: Landorus|Rocky Helmet|[from] move: Knock Off|[of] p1a: Poliwrath
|move|p2a: Landorus|U-turn|p1a: Poliwrath
|-resisted|p1a: Poliwrath
|-crit|p1a: Poliwrath
|-damage|p1a: Poliwrath|60/100
|
|t:|1779841687
|switch|p2a: Zapdos|Zapdos|100/100|[from] U-turn
|
|-weather|RainDance|[upkeep]
|upkeep
|turn|3
|
|t:|1779841694
|switch|p1a: Iron Treads|Iron Treads|100/100
|-damage|p1a: Iron Treads|97/100|[from] Stealth Rock
|-enditem|p1a: Iron Treads|Booster Energy
|-activate|p1a: Iron Treads|ability: Quark Drive|[fromitem]
|-start|p1a: Iron Treads|quarkdrivespe
|move|p2a: Zapdos|Hurricane|p1a: Iron Treads
|-resisted|p1a: Iron Treads
|-damage|p1a: Iron Treads|68/100
|
|-weather|RainDance|[upkeep]
|upkeep
|turn|4
|
|t:|1779841706
|move|p1a: Iron Treads|Stealth Rock|p2a: Zapdos
|-sidestart|p2: Krallania|move: Stealth Rock
|move|p2a: Zapdos|Hurricane|p1a: Iron Treads
|-resisted|p1a: Iron Treads
|-damage|p1a: Iron Treads|42/100
|
|-weather|RainDance|[upkeep]
|upkeep
|turn|5
|
|t:|1779841710
|move|p1a: Iron Treads|Rapid Spin|p2a: Zapdos
|-damage|p2a: Zapdos|90/100
|-boost|p1a: Iron Treads|spe|1
|-status|p1a: Iron Treads|par|[from] ability: Static|[of] p2a: Zapdos
|-sideend|p1: Spit144|Stealth Rock|[from] move: Rapid Spin|[of] p1a: Iron Treads
|move|p2a: Zapdos|Hurricane|p1a: Iron Treads
|-resisted|p1a: Iron Treads
|-damage|p1a: Iron Treads|17/100 par
|-start|p1a: Iron Treads|confusion
|
|-weather|RainDance|[upkeep]
|-heal|p2a: Zapdos|97/100|[from] item: Leftovers
|upkeep
|turn|6
|
|t:|1779841716
|-activate|p1a: Iron Treads|confusion
|cant|p1a: Iron Treads|par
|move|p2a: Zapdos|Hurricane|p1a: Iron Treads
|-resisted|p1a: Iron Treads
|-damage|p1a: Iron Treads|0 fnt
|faint|p1a: Iron Treads
|-end|p1a: Iron Treads|Quark Drive|[silent]
|
|-weather|RainDance|[upkeep]
|-heal|p2a: Zapdos|100/100|[from] item: Leftovers
|upkeep
|
|t:|1779841741
|switch|p1a: Kingdra|Kingdra, M|100/100
|turn|7
|
|t:|1779841751
|switch|p2a: Hatterene|Hatterene, F|100/100
|-damage|p2a: Hatterene|88/100|[from] Stealth Rock
|move|p1a: Kingdra|Draco Meteor|p2a: Hatterene
|-immune|p2a: Hatterene
|
|-weather|RainDance|[upkeep]
|upkeep
|turn|8
|
|t:|1779841759
|switch|p1a: Volcanion|Volcanion|100/100
|move|p2a: Hatterene|Nuzzle|p1a: Volcanion
|-supereffective|p1a: Volcanion
|-damage|p1a: Volcanion|96/100
|-status|p1a: Volcanion|par
|
|-weather|none
|upkeep
|turn|9
|
|t:|1779841775
|switch|p2a: Zapdos|Zapdos|100/100
|-damage|p2a: Zapdos|75/100|[from] Stealth Rock
|move|p1a: Volcanion|Sludge Bomb|p2a: Zapdos
|-damage|p2a: Zapdos|49/100
|-status|p2a: Zapdos|psn
|
|-heal|p2a: Zapdos|55/100 psn|[from] item: Leftovers
|-damage|p2a: Zapdos|43/100 psn|[from] psn
|upkeep
|turn|10
|
|t:|1779841790
|move|p2a: Zapdos|Roost|p2a: Zapdos
|-heal|p2a: Zapdos|93/100 psn
|-singleturn|p2a: Zapdos|move: Roost
|move|p1a: Volcanion|Steam Eruption|p2a: Zapdos
|-damage|p2a: Zapdos|49/100 psn
|
|-heal|p2a: Zapdos|55/100 psn|[from] item: Leftovers
|-damage|p2a: Zapdos|43/100 psn|[from] psn
|upkeep
|turn|11
|
|t:|1779841801
|switch|p1a: Pelipper|Pelipper, F|84/100
|-weather|RainDance|[from] ability: Drizzle|[of] p1a: Pelipper
|move|p2a: Zapdos|Thunderbolt|p1a: Pelipper
|-supereffective|p1a: Pelipper
|-damage|p1a: Pelipper|0 fnt
|faint|p1a: Pelipper
|
|-weather|RainDance|[upkeep]
|-heal|p2a: Zapdos|49/100 psn|[from] item: Leftovers
|-damage|p2a: Zapdos|36/100 psn|[from] psn
|upkeep
|
|t:|1779841812
|switch|p1a: Kingdra|Kingdra, M|100/100
|turn|12
|
|t:|1779841816
|switch|p1a: Poliwrath|Poliwrath, F|60/100
|move|p2a: Zapdos|Hurricane|p1a: Poliwrath
|-supereffective|p1a: Poliwrath
|-damage|p1a: Poliwrath|0 fnt
|faint|p1a: Poliwrath
|
|-weather|RainDance|[upkeep]
|-heal|p2a: Zapdos|43/100 psn|[from] item: Leftovers
|-damage|p2a: Zapdos|30/100 psn|[from] psn
|upkeep
|-message|Spit144 forfeited.
|
|win|Krallania
|raw|Spit144's rating: 1303 &rarr; <strong>1280</strong><br />(-23 for losing)
|raw|Krallania's rating: 1247 &rarr; <strong>1276</strong><br />(+29 for winning)
|l|☆Spit144
|player|p1|
|l|☆Krallania
|player|p2|
