|j|☆manolokiwi
|j|☆ItzIsaac0
|t:|1779965995
|gametype|singles
|player|p1|manolokiwi|265|1108
|player|p2|ItzIsaac0|n|1088
|gen|9
|tier|[Gen 9] OU
|rated|
|rule|HP Percentage Mod: HP is shown in percentages
|rule|Endless Battle Clause: Forcing endless battles is banned
|rule|Species Clause: Limit one of each Pokémon
|rule|OHKO Clause: OHKO moves are banned
|rule|Evasion Items Clause: Evasion items are banned
|rule|Evasion Moves Clause: Evasion moves are banned
|rule|Evasion Abilities Clause: Evasion abilities are banned
|rule|Sleep Moves Clause: Sleep-inducing moves are banned
|clearpoke
|poke|p1|Kleavor, M|
|poke|p1|Corviknight, M|
|poke|p1|Darkrai|
|poke|p1|Dragapult, M|
|poke|p1|Maushold-Four|
|poke|p1|Ogerpon-Wellspring, F|
|poke|p2|Garchomp, M|
|poke|p2|Swampert, F|
|poke|p2|Gardevoir, F|
|poke|p2|Staraptor, M|
|poke|p2|Lapras, F|
|poke|p2|Umbreon, M|
|teampreview
|inactive|Battle timer is ON: inactive players will automatically lose when time's up. (requested by manolokiwi)
|
|t:|1779966003
|teamsize|p1|6
|teamsize|p2|6
|start
|switch|p1a: Kleavor|Kleavor, M|100/100
|switch|p2a: Sweet Lady|Lapras, F, shiny|100/100
|turn|1
|
|t:|1779966009
|move|p1a: Kleavor|Stone Axe|p2a: Sweet Lady|[miss]
|-miss|p1a: Kleavor|p2a: Sweet Lady
|move|p2a: Sweet Lady|Hydro Pump|p1a: Kleavor|[miss]
|-miss|p2a: Sweet Lady|p1a: Kleavor
|
|upkeep
|turn|2
|
|t:|1779966014
|move|p1a: Kleavor|Stone Axe|p2a: Sweet Lady|[miss]
|-miss|p1a: Kleavor|p2a: Sweet Lady
|move|p2a: Sweet Lady|Hydro Pump|p1a: Kleavor
|-supereffective|p1a: Kleavor
|-damage|p1a: Kleavor|0 fnt
|faint|p1a: Kleavor
|
|upkeep
|
|t:|1779966019
|switch|p1a: Maushold|Maushold-Four|100/100
|turn|3
|
|t:|1779966027
|move|p1a: Maushold|Bullet Seed|p2a: Sweet Lady
|-supereffective|p2a: Sweet Lady
|-damage|p2a: Sweet Lady|86/100
|-supereffective|p2a: Sweet Lady
|-damage|p2a: Sweet Lady|69/100
|-hitcount|p2a: Sweet Lady|2
|move|p2a: Sweet Lady|Thunder|p1a: Maushold|[miss]
|-miss|p2a: Sweet Lady|p1a: Maushold
|
|upkeep
|turn|4
|
|t:|1779966032
|move|p1a: Maushold|Population Bomb|p2a: Sweet Lady
|-damage|p2a: Sweet Lady|59/100
|-damage|p2a: Sweet Lady|48/100
|-damage|p2a: Sweet Lady|38/100
|-damage|p2a: Sweet Lady|27/100
|-damage|p2a: Sweet Lady|18/100
|-damage|p2a: Sweet Lady|8/100
|-damage|p2a: Sweet Lady|0 fnt
|faint|p2a: Sweet Lady
|-hitcount|p2: Sweet Lady|7
|
|upkeep
|
|t:|1779966038
|switch|p2a: FIH|Garchomp, M, shiny|100/100
|turn|5
|
|t:|1779966045
|switch|p1a: Corviknight|Corviknight, M, shiny|100/100
|-ability|p1a: Corviknight|Pressure
|move|p2a: FIH|Swords Dance|p2a: FIH
|-boost|p2a: FIH|atk|2
|
|upkeep
|turn|6
|
|t:|1779966052
|move|p2a: FIH|Fire Fang|p1a: Corviknight
|-supereffective|p1a: Corviknight
|-damage|p1a: Corviknight|27/100
|-damage|p2a: FIH|84/100|[from] item: Rocky Helmet|[of] p1a: Corviknight
|move|p1a: Corviknight|Iron Defense|p1a: Corviknight
|-boost|p1a: Corviknight|def|2
|
|upkeep
|turn|7
|
|t:|1779966058
|move|p2a: FIH|Fire Fang|p1a: Corviknight
|-supereffective|p1a: Corviknight
|-damage|p1a: Corviknight|0 fnt
|-damage|p2a: FIH|67/100|[from] item: Rocky Helmet|[of] p1a: Corviknight
|faint|p1a: Corviknight
|
|upkeep
|
|t:|1779966061
|switch|p1a: Ogerpon|Ogerpon-Wellspring, F|100/100
|turn|8
|
|t:|1779966070
|move|p1a: Ogerpon|Ivy Cudgel|p2a: FIH|[anim] Ivy Cudgel Water
|-damage|p2a: FIH|13/100
|move|p2a: FIH|Dragon Rush|p1a: Ogerpon
|-damage|p1a: Ogerpon|0 fnt
|faint|p1a: Ogerpon
|
|upkeep
|
|t:|1779966075
|switch|p1a: Maushold|Maushold-Four|100/100
|turn|9
|
|t:|1779966083
|move|p1a: Maushold|Bullet Seed|p2a: FIH
|-damage|p2a: FIH|3/100
|-damage|p2a: FIH|0 fnt
|faint|p2a: FIH
|-hitcount|p2: FIH|2
|
|upkeep
|
|t:|1779966091
|switch|p2a: Pinky|Swampert, F, shiny|100/100
|turn|10
|
|t:|1779966093
|move|p1a: Maushold|Bullet Seed|p2a: Pinky
|-supereffective|p2a: Pinky
|-damage|p2a: Pinky|66/100
|-supereffective|p2a: Pinky
|-damage|p2a: Pinky|34/100
|-supereffective|p2a: Pinky
|-damage|p2a: Pinky|3/100
|-hitcount|p2a: Pinky|3
|move|p2a: Pinky|Hammer Arm|p1a: Maushold
|-supereffective|p1a: Maushold
|-damage|p1a: Maushold|0 fnt
|-unboost|p2a: Pinky|spe|1
|faint|p1a: Maushold
|-damage|p2a: Pinky|0 fnt|[from] item: Life Orb
|faint|p2a: Pinky
|
|upkeep
|
|t:|1779966104
|switch|p1a: Dragapult|Dragapult, M|100/100
|switch|p2a: Princess|Gardevoir, F, shiny|100/100
|turn|11
|
|t:|1779966108
|move|p1a: Dragapult|Will-O-Wisp|p2a: Princess|[miss]
|-miss|p1a: Dragapult|p2a: Princess
|move|p2a: Princess|Calm Mind|p2a: Princess
|-boost|p2a: Princess|spa|1
|-boost|p2a: Princess|spd|1
|
|upkeep
|turn|12
|
|t:|1779966114
|move|p1a: Dragapult|Will-O-Wisp|p2a: Princess
|-status|p2a: Princess|brn
|-activate|p2a: Princess|ability: Synchronize
|-status|p1a: Dragapult|brn
|move|p2a: Princess|Shadow Ball|p1a: Dragapult
|-supereffective|p1a: Dragapult
|-damage|p1a: Dragapult|0 fnt
|faint|p1a: Dragapult
|
|-damage|p2a: Princess|94/100 brn|[from] brn
|upkeep
|
|t:|1779966116
|switch|p1a: Darkrai|Darkrai|100/100
|turn|13
|
|t:|1779966124
|-terastallize|p1a: Darkrai|Dark
|move|p1a: Darkrai|Dark Pulse|p2a: Princess
|-damage|p2a: Princess|37/100 brn
|move|p2a: Princess|Alluring Voice|p1a: Darkrai
|-supereffective|p1a: Darkrai
|-damage|p1a: Darkrai|0 fnt
|faint|p1a: Darkrai
|
|win|ItzIsaac0
|raw|manolokiwi's rating: 1108 &rarr; <strong>1082</strong><br />(-26 for losing)
|raw|ItzIsaac0's rating: 1088 &rarr; <strong>1116</strong><br />(+28 for winning)
|l|☆manolokiwi
|player|p1|
|l|☆ItzIsaac0
|player|p2|
