|j|☆NEON AKATSUKI
|j|☆aerodynamite
|t:|1779845502
|gametype|singles
|player|p1|NEON AKATSUKI|veteran|1075
|player|p2|aerodynamite|unknown|1068
|gen|9
|tier|[Gen 9] OU
|rated|
|rule|HP Percentage Mod: HP is shown in percentages
|rule|Endless Battle Clause: Forcing endless battles is banned
|rule|Species Clause: Limit one of each Pokémon
|rule|OHKO Clause: OHKO moves are banned
|rule|Evasion Items Clause: Evasion items are banned
|rule|Evasion Moves Clause: Evasion moves are banned
|rule|Evasion Abilities Clause: Evasion abilities are banned
|rule|Sleep Moves Clause: Sleep-inducing moves are banned
|clearpoke
|poke|p1|Arcanine-Hisui, M|
|poke|p1|Charizard, M|
|poke|p1|Tyranitar, M|
|poke|p1|Grimmsnarl, M|
|poke|p1|Ursaluna, M|
|poke|p1|Spiritomb, M|
|poke|p2|Rillaboom, M|
|poke|p2|Zarude-Dada|
|poke|p2|Slaking, M|
|poke|p2|Munkidori, M|
|poke|p2|Infernape, F|
|poke|p2|Ambipom, F|
|teampreview
|inactive|Battle timer is ON: inactive players will automatically lose when time's up. (requested by aerodynamite)
|
|t:|1779845517
|teamsize|p1|6
|teamsize|p2|6
|start
|switch|p1a: Setzu|Spiritomb, M|100/100
|switch|p2a: Munkidori|Munkidori, M|100/100
|turn|1
|
|t:|1779845523
|move|p2a: Munkidori|Trick|p1a: Setzu
|-activate|p2a: Munkidori|move: Trick|[of] p1a: Setzu
|-item|p1a: Setzu|Choice Scarf|[from] move: Trick
|-item|p2a: Munkidori|Leftovers|[from] move: Trick
|move|p1a: Setzu|Curse|p2a: Munkidori
|-start|p2a: Munkidori|Curse|[of] p1a: Setzu
|-damage|p1a: Setzu|50/100
|
|-damage|p2a: Munkidori|76/100|[from] Curse
|upkeep
|turn|2
|
|t:|1779845533
|move|p2a: Munkidori|U-turn|p1a: Setzu
|-damage|p1a: Setzu|39/100
|
|t:|1779845537
|switch|p2a: Ambipom|Ambipom, F|100/100|[from] U-turn
|move|p1a: Setzu|Curse|p2a: Ambipom
|-start|p2a: Ambipom|Curse|[of] p1a: Setzu
|-damage|p1a: Setzu|0 fnt
|faint|p1a: Setzu
|
|-damage|p2a: Ambipom|76/100|[from] Curse
|upkeep
|
|t:|1779845554
|switch|p1a: Hiruko|Ursaluna, M|100/100
|turn|3
|
|t:|1779845559
|move|p2a: Ambipom|Knock Off|p1a: Hiruko
|-damage|p1a: Hiruko|80/100
|-enditem|p1a: Hiruko|Leftovers|[from] move: Knock Off|[of] p2a: Ambipom
|move|p1a: Hiruko|Bulk Up|p1a: Hiruko
|-boost|p1a: Hiruko|atk|1
|-boost|p1a: Hiruko|def|1
|
|-damage|p2a: Ambipom|51/100|[from] Curse
|upkeep
|turn|4
|
|t:|1779845569
|move|p2a: Ambipom|U-turn|p1a: Hiruko
|-damage|p1a: Hiruko|71/100
|
|t:|1779845572
|switch|p2a: Rillaboom|Rillaboom, M|100/100|[from] U-turn
|-fieldstart|move: Grassy Terrain|[from] ability: Grassy Surge|[of] p2a: Rillaboom
|move|p1a: Hiruko|Drain Punch|p2a: Rillaboom
|-damage|p2a: Rillaboom|55/100
|-heal|p1a: Hiruko|91/100|[from] drain|[of] p2a: Rillaboom
|
|-heal|p2a: Rillaboom|61/100|[from] Grassy Terrain
|-heal|p1a: Hiruko|97/100|[from] Grassy Terrain
|upkeep
|turn|5
|
|t:|1779845584
|-terastallize|p1a: Hiruko|Poison
|move|p2a: Rillaboom|Low Kick|p1a: Hiruko
|-resisted|p1a: Hiruko
|-damage|p1a: Hiruko|86/100
|move|p1a: Hiruko|Avalanche|p2a: Rillaboom
|-supereffective|p2a: Rillaboom
|-damage|p2a: Rillaboom|0 fnt
|faint|p2a: Rillaboom
|
|-heal|p1a: Hiruko|93/100|[from] Grassy Terrain
|upkeep
|
|t:|1779845599
|switch|p2a: Munkidori|Munkidori, M|76/100
|turn|6
|
|t:|1779845605
|move|p2a: Munkidori|Psychic|p1a: Hiruko
|-supereffective|p1a: Hiruko
|-damage|p1a: Hiruko|7/100
|move|p1a: Hiruko|Earthquake|p2a: Munkidori
|-supereffective|p2a: Munkidori
|-damage|p2a: Munkidori|0 fnt
|faint|p2a: Munkidori
|
|-heal|p1a: Hiruko|13/100|[from] Grassy Terrain
|upkeep
|
|t:|1779845616
|switch|p2a: Zarude|Zarude-Dada|100/100
|turn|7
|
|t:|1779845621
|-terastallize|p2a: Zarude|Poison
|move|p2a: Zarude|Swords Dance|p2a: Zarude
|-boost|p2a: Zarude|atk|2
|move|p1a: Hiruko|Drain Punch|p2a: Zarude
|-resisted|p2a: Zarude
|-damage|p2a: Zarude|81/100
|-heal|p1a: Hiruko|21/100|[from] drain|[of] p2a: Zarude
|
|-heal|p2a: Zarude|87/100|[from] Grassy Terrain
|-heal|p2a: Zarude|93/100|[from] item: Leftovers
|-heal|p1a: Hiruko|27/100|[from] Grassy Terrain
|upkeep
|turn|8
|
|t:|1779845635
|move|p2a: Zarude|Knock Off|p1a: Hiruko
|-damage|p1a: Hiruko|0 fnt
|faint|p1a: Hiruko
|
|-heal|p2a: Zarude|99/100|[from] Grassy Terrain
|-heal|p2a: Zarude|100/100|[from] item: Leftovers
|upkeep
|
|t:|1779845643
|switch|p1a: Kakuzu|Grimmsnarl, M|100/100
|-item|p2a: Zarude|Leftovers|[from] ability: Frisk|[of] p1a: Kakuzu
|turn|9
|
|t:|1779845664
|move|p1a: Kakuzu|Trick|p2a: Zarude
|-activate|p1a: Kakuzu|move: Trick|[of] p2a: Zarude
|-item|p2a: Zarude|Choice Scarf|[from] move: Trick
|-item|p1a: Kakuzu|Leftovers|[from] move: Trick
|move|p2a: Zarude|Power Whip|p1a: Kakuzu
|-damage|p1a: Kakuzu|0 fnt
|faint|p1a: Kakuzu
|
|upkeep
|
|t:|1779845670
|switch|p1a: C-2 Dragón|Charizard, M|100/100
|turn|10
|
|t:|1779845677
|switch|p2a: Ambipom|Ambipom, F|51/100
|move|p1a: C-2 Dragón|Will-O-Wisp|p2a: Ambipom
|-status|p2a: Ambipom|brn
|
|-heal|p2a: Ambipom|57/100 brn|[from] Grassy Terrain
|-damage|p2a: Ambipom|51/100 brn|[from] brn
|upkeep
|turn|11
|
|t:|1779845688
|move|p2a: Ambipom|Fake Out|p1a: C-2 Dragón
|-damage|p1a: C-2 Dragón|86/100
|cant|p1a: C-2 Dragón|flinch
|
|-heal|p2a: Ambipom|57/100 brn|[from] Grassy Terrain
|-heal|p1a: C-2 Dragón|92/100|[from] item: Leftovers
|-damage|p2a: Ambipom|51/100 brn|[from] brn
|-fieldend|move: Grassy Terrain
|upkeep
|turn|12
|
|t:|1779845699
|move|p2a: Ambipom|Knock Off|p1a: C-2 Dragón
|-damage|p1a: C-2 Dragón|78/100
|-enditem|p1a: C-2 Dragón|Leftovers|[from] move: Knock Off|[of] p2a: Ambipom
|move|p1a: C-2 Dragón|Fire Blast|p2a: Ambipom
|-damage|p2a: Ambipom|0 fnt
|faint|p2a: Ambipom
|
|upkeep
|
|t:|1779845710
|switch|p2a: Slaking|Slaking, M|100/100
|turn|13
|
|t:|1779845716
|move|p1a: C-2 Dragón|Will-O-Wisp|p2a: Slaking
|-status|p2a: Slaking|brn
|move|p2a: Slaking|Double-Edge|p1a: C-2 Dragón
|-damage|p1a: C-2 Dragón|16/100
|-damage|p2a: Slaking|87/100 brn|[from] Recoil
|
|-damage|p2a: Slaking|81/100 brn|[from] brn
|upkeep
|turn|14
|
|t:|1779845726
|move|p1a: C-2 Dragón|Fire Blast|p2a: Slaking
|-damage|p2a: Slaking|16/100 brn
|cant|p2a: Slaking|ability: Truant
|
|-damage|p2a: Slaking|10/100 brn|[from] brn
|upkeep
|turn|15
|
|t:|1779845734
|move|p1a: C-2 Dragón|Ancient Power|p2a: Slaking
|-damage|p2a: Slaking|0 fnt
|faint|p2a: Slaking
|
|upkeep
|
|t:|1779845743
|switch|p2a: Zarude|Zarude-Dada, tera:Poison|100/100
|turn|16
|
|t:|1779845755
|move|p2a: Zarude|Power Whip|p1a: C-2 Dragón
|-resisted|p1a: C-2 Dragón
|-damage|p1a: C-2 Dragón|0 fnt
|faint|p1a: C-2 Dragón
|
|upkeep
|
|t:|1779845758
|switch|p1a: C-0|Arcanine-Hisui, M|100/100
|turn|17
|
|t:|1779845765
|move|p2a: Zarude|Power Whip|p1a: C-0|[miss]
|-miss|p2a: Zarude|p1a: C-0
|move|p1a: C-0|Head Smash|p2a: Zarude
|-damage|p2a: Zarude|8/100
|
|upkeep
|turn|18
|
|t:|1779845778
|move|p2a: Zarude|Power Whip|p1a: C-0
|-damage|p1a: C-0|21/100
|move|p1a: C-0|Head Smash|p2a: Zarude
|-damage|p2a: Zarude|0 fnt
|faint|p2a: Zarude
|
|upkeep
|
|t:|1779845786
|switch|p2a: Infernape|Infernape, F|100/100
|turn|19
|
|t:|1779845790
|switch|p1a: C-4 karura|Tyranitar, M|100/100
|-weather|Sandstorm|[from] ability: Sand Stream|[of] p1a: C-4 karura
|move|p2a: Infernape|Aura Sphere|p1a: C-4 karura
|-supereffective|p1a: C-4 karura
|-damage|p1a: C-4 karura|0 fnt
|faint|p1a: C-4 karura
|
|-weather|Sandstorm|[upkeep]
|-damage|p2a: Infernape|94/100|[from] Sandstorm
|upkeep
|
|t:|1779845797
|switch|p1a: C-0|Arcanine-Hisui, M|21/100
|turn|20
|
|t:|1779845803
|move|p1a: C-0|Extreme Speed|p2a: Infernape
|-damage|p2a: Infernape|35/100
|move|p2a: Infernape|Aura Sphere|p1a: C-0
|-supereffective|p1a: C-0
|-damage|p1a: C-0|0 fnt
|faint|p1a: C-0
|
|win|aerodynamite
|raw|NEON AKATSUKI's rating: 1075 &rarr; <strong>1053</strong><br />(-22 for losing)
|raw|aerodynamite's rating: 1068 &rarr; <strong>1098</strong><br />(+30 for winning)
|l|☆NEON AKATSUKI
|player|p1|
|l|☆aerodynamite
|player|p2|
