|j|☆WinnerKross
|j|☆hattybatty304
|t:|1779966271
|gametype|singles
|player|p1|WinnerKross|richboy|1399
|player|p2|hattybatty304|swimmerf|1373
|gen|9
|tier|[Gen 9] OU
|rated|
|rule|HP Percentage Mod: HP is shown in percentages
|rule|Endless Battle Clause: Forcing endless battles is banned
|rule|Species Clause: Limit one of each Pokémon
|rule|OHKO Clause: OHKO moves are banned
|rule|Evasion Items Clause: Evasion items are banned
|rule|Evasion Moves Clause: Evasion moves are banned
|rule|Evasion Abilities Clause: Evasion abilities are banned
|rule|Sleep Moves Clause: Sleep-inducing moves are banned
|clearpoke
|poke|p1|Gholdengo|
|poke|p1|Great Tusk|
|poke|p1|Kingambit, M|
|poke|p1|Heatran, M|
|poke|p1|Dondozo, M|
|poke|p1|Iron Valiant|
|poke|p2|Hatterene, F|
|poke|p2|Pecharunt|
|poke|p2|Meowscarada, F|
|poke|p2|Primarina, F|
|poke|p2|Cinderace, F|
|poke|p2|Oricorio-Pom-Pom, F|
|teampreview
|inactive|Battle timer is ON: inactive players will automatically lose when time's up. (requested by hattybatty304)
|
|t:|1779966281
|teamsize|p1|6
|teamsize|p2|6
|start
|switch|p1a: Gholdengo|Gholdengo|100/100
|switch|p2a: Miss TakeYoMan|Meowscarada, F|100/100
|turn|1
|
|t:|1779966292
|move|p2a: Miss TakeYoMan|U-turn|p1a: Gholdengo
|-start|p2a: Miss TakeYoMan|typechange|Bug|[from] ability: Protean
|-resisted|p1a: Gholdengo
|-damage|p1a: Gholdengo|87/100
|
|t:|1779966296
|switch|p2a: gimme a W|Oricorio-Pom-Pom, F|100/100|[from] U-turn
|move|p1a: Gholdengo|Trick|p2a: gimme a W
|-activate|p1a: Gholdengo|move: Trick|[of] p2a: gimme a W
|-item|p2a: gimme a W|Choice Specs|[from] move: Trick
|-item|p1a: Gholdengo|Kee Berry|[from] move: Trick
|
|upkeep
|turn|2
|
|t:|1779966313
|switch|p1a: Great Tusk|Great Tusk|100/100
|move|p2a: gimme a W|Alluring Voice|p1a: Great Tusk
|-supereffective|p1a: Great Tusk
|-damage|p1a: Great Tusk|27/100
|
|-heal|p1a: Great Tusk|33/100|[from] item: Leftovers
|upkeep
|turn|3
|
|t:|1779966330
|-end|p1a: Great Tusk|Protosynthesis|[silent]
|switch|p1a: Heatran|Heatran, M|100/100
|move|p2a: gimme a W|Alluring Voice|p1a: Heatran
|-resisted|p1a: Heatran
|-damage|p1a: Heatran|97/100
|
|-heal|p1a: Heatran|100/100|[from] item: Leftovers
|upkeep
|turn|4
|
|t:|1779966340
|switch|p2a: Rapunzal|Primarina, F, shiny|100/100
|move|p1a: Heatran|Magma Storm|p2a: Rapunzal|[miss]
|-miss|p1a: Heatran|p2a: Rapunzal
|
|upkeep
|turn|5
|
|t:|1779966354
|switch|p1a: Great Tusk|Great Tusk|33/100
|move|p2a: Rapunzal|Shadow Ball|p1a: Great Tusk
|-damage|p1a: Great Tusk|0 fnt
|faint|p1a: Great Tusk
|-end|p1a: Great Tusk|Protosynthesis|[silent]
|
|upkeep
|
|t:|1779966360
|switch|p1a: Gholdengo|Gholdengo|87/100
|turn|6
|
|t:|1779966367
|move|p1a: Gholdengo|Make It Rain|p2a: Rapunzal
|-damage|p2a: Rapunzal|70/100
|-unboost|p1a: Gholdengo|spa|1
|move|p2a: Rapunzal|Shadow Ball|p1a: Gholdengo
|-supereffective|p1a: Gholdengo
|-damage|p1a: Gholdengo|25/100
|
|upkeep
|turn|7
|
|t:|1779966373
|move|p1a: Gholdengo|Trick|p2a: Rapunzal
|-activate|p1a: Gholdengo|move: Trick|[of] p2a: Rapunzal
|-item|p2a: Rapunzal|Kee Berry|[from] move: Trick
|-item|p1a: Gholdengo|Assault Vest|[from] move: Trick
|move|p2a: Rapunzal|Psychic Noise|p1a: Gholdengo
|-damage|p1a: Gholdengo|0 fnt
|faint|p1a: Gholdengo
|
|upkeep
|
|t:|1779966396
|switch|p1a: Iron Valiant|Iron Valiant|100/100
|-enditem|p1a: Iron Valiant|Booster Energy
|-activate|p1a: Iron Valiant|ability: Quark Drive|[fromitem]
|-start|p1a: Iron Valiant|quarkdrivespe
|turn|8
|
|t:|1779966401
|move|p1a: Iron Valiant|Moonblast|p2a: Rapunzal
|-damage|p2a: Rapunzal|34/100
|-unboost|p2a: Rapunzal|spa|1
|move|p2a: Rapunzal|Draining Kiss|p1a: Iron Valiant
|-supereffective|p1a: Iron Valiant
|-damage|p1a: Iron Valiant|35/100
|-heal|p2a: Rapunzal|73/100|[from] drain|[of] p1a: Iron Valiant
|
|upkeep
|turn|9
|
|t:|1779966406
|move|p1a: Iron Valiant|Moonblast|p2a: Rapunzal
|-damage|p2a: Rapunzal|36/100
|move|p2a: Rapunzal|Draining Kiss|p1a: Iron Valiant
|-supereffective|p1a: Iron Valiant
|-damage|p1a: Iron Valiant|0 fnt
|-heal|p2a: Rapunzal|57/100|[from] drain|[of] p1a: Iron Valiant
|faint|p1a: Iron Valiant
|-end|p1a: Iron Valiant|Quark Drive|[silent]
|
|upkeep
|
|t:|1779966419
|switch|p1a: Heatran|Heatran, M|100/100
|turn|10
|
|t:|1779966425
|-terastallize|p1a: Heatran|Grass
|move|p1a: Heatran|Magma Storm|p2a: Rapunzal|[miss]
|-miss|p1a: Heatran|p2a: Rapunzal
|move|p2a: Rapunzal|Psychic Noise|p1a: Heatran
|-resisted|p1a: Heatran
|-damage|p1a: Heatran|93/100
|-start|p1a: Heatran|move: Heal Block
|
|upkeep
|turn|11
|
|t:|1779966435
|switch|p2a: Marsha pj|Hatterene, F|100/100
|move|p1a: Heatran|Magma Storm|p2a: Marsha pj
|-damage|p2a: Marsha pj|79/100
|-activate|p2a: Marsha pj|move: Magma Storm|[of] p1a: Heatran
|
|-damage|p2a: Marsha pj|67/100|[from] move: Magma Storm|[partiallytrapped]
|-end|p1a: Heatran|move: Heal Block
|upkeep
|turn|12
|
|t:|1779966440
|move|p1a: Heatran|Protect|p1a: Heatran
|-singleturn|p1a: Heatran|Protect
|move|p2a: Marsha pj|Nuzzle|p1a: Heatran
|-activate|p1a: Heatran|move: Protect
|
|-heal|p1a: Heatran|99/100|[from] item: Leftovers
|-damage|p2a: Marsha pj|55/100|[from] move: Magma Storm|[partiallytrapped]
|upkeep
|turn|13
|
|t:|1779966447
|switch|p1a: Dondozo|Dondozo, M|100/100
|move|p2a: Marsha pj|Nuzzle|p1a: Dondozo
|-supereffective|p1a: Dondozo
|-damage|p1a: Dondozo|97/100
|-status|p1a: Dondozo|par
|-damage|p2a: Marsha pj|38/100|[from] item: Rocky Helmet|[of] p1a: Dondozo
|
|-end|p2a: Marsha pj|Magma Storm|[partiallytrapped]|[silent]
|upkeep
|turn|14
|
|t:|1779966455
|switch|p1a: Heatran|Heatran, M, tera:Grass|99/100
|move|p2a: Marsha pj|Psychic Noise|p1a: Heatran
|-damage|p1a: Heatran|79/100
|-start|p1a: Heatran|move: Heal Block
|
|upkeep
|turn|15
|
|t:|1779966463
|move|p1a: Heatran|Earth Power|p2a: Marsha pj
|-damage|p2a: Marsha pj|25/100
|move|p2a: Marsha pj|Draining Kiss|p1a: Heatran
|-damage|p1a: Heatran|66/100
|-heal|p2a: Marsha pj|38/100|[from] drain|[of] p1a: Heatran
|
|-end|p1a: Heatran|move: Heal Block
|upkeep
|turn|16
|
|t:|1779966474
|move|p1a: Heatran|Protect|p1a: Heatran
|-singleturn|p1a: Heatran|Protect
|move|p2a: Marsha pj|Psychic Noise|p1a: Heatran
|-activate|p1a: Heatran|move: Protect
|
|-heal|p1a: Heatran|72/100|[from] item: Leftovers
|upkeep
|turn|17
|
|t:|1779966481
|move|p1a: Heatran|Magma Storm|p2a: Marsha pj
|-damage|p2a: Marsha pj|15/100
|-activate|p2a: Marsha pj|move: Magma Storm|[of] p1a: Heatran
|move|p2a: Marsha pj|Nuzzle|p1a: Heatran
|-resisted|p1a: Heatran
|-damage|p1a: Heatran|70/100
|-status|p1a: Heatran|par
|
|-heal|p1a: Heatran|76/100 par|[from] item: Leftovers
|-damage|p2a: Marsha pj|3/100|[from] move: Magma Storm|[partiallytrapped]
|upkeep
|turn|18
|
|t:|1779966490
|move|p1a: Heatran|Protect|p1a: Heatran
|-singleturn|p1a: Heatran|Protect
|move|p2a: Marsha pj|Psychic Noise|p1a: Heatran
|-activate|p1a: Heatran|move: Protect
|
|-heal|p1a: Heatran|83/100 par|[from] item: Leftovers
|-damage|p2a: Marsha pj|0 fnt|[from] move: Magma Storm|[partiallytrapped]
|faint|p2a: Marsha pj
|upkeep
|
|t:|1779966494
|switch|p2a: Miss TakeYoMan|Meowscarada, F|100/100
|turn|19
|
|t:|1779966510
|move|p2a: Miss TakeYoMan|U-turn|p1a: Heatran
|-start|p2a: Miss TakeYoMan|typechange|Bug|[from] ability: Protean
|-supereffective|p1a: Heatran
|-damage|p1a: Heatran|3/100 par
|
|t:|1779966518
|switch|p2a: Lm10|Cinderace, F|100/100|[from] U-turn
|move|p1a: Heatran|Magma Storm|p2a: Lm10
|-resisted|p2a: Lm10
|-damage|p2a: Lm10|68/100
|-activate|p2a: Lm10|move: Magma Storm|[of] p1a: Heatran
|
|-heal|p1a: Heatran|10/100 par|[from] item: Leftovers
|-damage|p2a: Lm10|56/100|[from] move: Magma Storm|[partiallytrapped]
|upkeep
|turn|20
|
|t:|1779966527
|move|p1a: Heatran|Protect|p1a: Heatran
|-singleturn|p1a: Heatran|Protect
|move|p2a: Lm10|U-turn|p1a: Heatran
|-start|p2a: Lm10|typechange|Bug|[from] ability: Libero
|-activate|p1a: Heatran|move: Protect
|
|-heal|p1a: Heatran|16/100 par|[from] item: Leftovers
|-damage|p2a: Lm10|44/100|[from] move: Magma Storm|[partiallytrapped]
|upkeep
|turn|21
|
|t:|1779966539
|move|p1a: Heatran|Protect|p1a: Heatran
|-singleturn|p1a: Heatran|Protect
|move|p2a: Lm10|U-turn|p1a: Heatran
|-activate|p1a: Heatran|move: Protect
|
|-heal|p1a: Heatran|22/100 par|[from] item: Leftovers
|-damage|p2a: Lm10|31/100|[from] move: Magma Storm|[partiallytrapped]
|upkeep
|turn|22
|
|t:|1779966543
|switch|p1a: Dondozo|Dondozo, M|97/100 par
|move|p2a: Lm10|U-turn|p1a: Dondozo
|-damage|p1a: Dondozo|81/100 par
|-damage|p2a: Lm10|15/100|[from] item: Rocky Helmet|[of] p1a: Dondozo
|
|t:|1779966546
|switch|p2a: Miss TakeYoMan|Meowscarada, F|100/100|[from] U-turn
|
|upkeep
|turn|23
|inactive|WinnerKross has 120 seconds left.
|inactive|WinnerKross has 90 seconds left.
|
|t:|1779966625
|switch|p1a: Heatran|Heatran, M, tera:Grass|22/100 par
|move|p2a: Miss TakeYoMan|Flower Trick|p1a: Heatran
|-start|p2a: Miss TakeYoMan|typechange|Grass|[from] ability: Protean
|-resisted|p1a: Heatran
|-crit|p1a: Heatran
|-damage|p1a: Heatran|0 fnt
|faint|p1a: Heatran
|
|upkeep
|
|t:|1779966630
|switch|p1a: Dondozo|Dondozo, M|81/100 par
|turn|24
|
|t:|1779966637
|move|p2a: Miss TakeYoMan|Flower Trick|p1a: Dondozo
|-supereffective|p1a: Dondozo
|-crit|p1a: Dondozo
|-damage|p1a: Dondozo|18/100 par
|move|p1a: Dondozo|Curse|p1a: Dondozo
|-unboost|p1a: Dondozo|spe|1
|-boost|p1a: Dondozo|atk|1
|-boost|p1a: Dondozo|def|1
|
|upkeep
|turn|25
|
|t:|1779966642
|move|p2a: Miss TakeYoMan|Flower Trick|p1a: Dondozo
|-supereffective|p1a: Dondozo
|-crit|p1a: Dondozo
|-damage|p1a: Dondozo|0 fnt
|faint|p1a: Dondozo
|
|upkeep
|
|t:|1779966644
|switch|p1a: Kingambit|Kingambit, M|100/100
|-activate|p1a: Kingambit|ability: Supreme Overlord
|-start|p1a: Kingambit|fallen5|[silent]
|turn|26
|
|t:|1779966653
|switch|p2a: gimme a W|Oricorio-Pom-Pom, F|100/100
|move|p1a: Kingambit|Iron Head|p2a: gimme a W
|-resisted|p2a: gimme a W
|-damage|p2a: gimme a W|72/100
|
|upkeep
|turn|27
|
|t:|1779966660
|move|p1a: Kingambit|Sucker Punch||[still]
|-fail|p1a: Kingambit
|move|p2a: gimme a W|Quiver Dance|p2a: gimme a W
|-boost|p2a: gimme a W|spa|1
|-boost|p2a: gimme a W|spd|1
|-boost|p2a: gimme a W|spe|1
|
|upkeep
|turn|28
|
|t:|1779966666
|move|p2a: gimme a W|Quiver Dance|p2a: gimme a W
|-boost|p2a: gimme a W|spa|1
|-boost|p2a: gimme a W|spd|1
|-boost|p2a: gimme a W|spe|1
|move|p1a: Kingambit|Swords Dance|p1a: Kingambit
|-boost|p1a: Kingambit|atk|2
|-activate|p2a: gimme a W|ability: Dancer
|move|p2a: gimme a W|Swords Dance||[still]
|-fail|p2a: gimme a W
|
|upkeep
|turn|29
|
|t:|1779966672
|switch|p2a: Lm10|Cinderace, F|15/100
|move|p1a: Kingambit|Kowtow Cleave|p2a: Lm10
|-damage|p2a: Lm10|0 fnt
|faint|p2a: Lm10
|
|upkeep
|
|t:|1779966675
|switch|p2a: Mosquito|Pecharunt|100/100
|turn|30
|
|t:|1779966682
|-terastallize|p2a: Mosquito|Dark
|move|p2a: Mosquito|Nasty Plot|p2a: Mosquito
|-boost|p2a: Mosquito|spa|2
|move|p1a: Kingambit|Kowtow Cleave|p2a: Mosquito
|-resisted|p2a: Mosquito
|-crit|p2a: Mosquito
|-damage|p2a: Mosquito|39/100
|-damage|p1a: Kingambit|84/100|[from] item: Rocky Helmet|[of] p2a: Mosquito
|
|upkeep
|turn|31
|
|t:|1779966694
|move|p2a: Mosquito|Recover|p2a: Mosquito
|-heal|p2a: Mosquito|89/100
|move|p1a: Kingambit|Iron Head|p2a: Mosquito
|-damage|p2a: Mosquito|26/100
|-damage|p1a: Kingambit|67/100|[from] item: Rocky Helmet|[of] p2a: Mosquito
|
|upkeep
|turn|32
|
|t:|1779966703
|move|p2a: Mosquito|Recover|p2a: Mosquito
|-heal|p2a: Mosquito|76/100
|move|p1a: Kingambit|Swords Dance|p1a: Kingambit
|-boost|p1a: Kingambit|atk|2
|
|upkeep
|turn|33
|
|t:|1779966712
|move|p2a: Mosquito|Shadow Ball|p1a: Kingambit
|-resisted|p1a: Kingambit
|-damage|p1a: Kingambit|45/100
|move|p1a: Kingambit|Iron Head|p2a: Mosquito
|-damage|p2a: Mosquito|0 fnt
|-damage|p1a: Kingambit|28/100|[from] item: Rocky Helmet|[of] p2a: Mosquito
|faint|p2a: Mosquito
|
|upkeep
|
|t:|1779966718
|switch|p2a: Miss TakeYoMan|Meowscarada, F|100/100
|turn|34
|
|t:|1779966721
|move|p2a: Miss TakeYoMan|Sucker Punch|p1a: Kingambit
|-start|p2a: Miss TakeYoMan|typechange|Dark|[from] ability: Protean
|-resisted|p1a: Kingambit
|-damage|p1a: Kingambit|12/100
|move|p1a: Kingambit|Sucker Punch||[still]
|-fail|p1a: Kingambit
|
|upkeep
|turn|35
|
|t:|1779966728
|move|p2a: Miss TakeYoMan|Sucker Punch||[still]
|-fail|p2a: Miss TakeYoMan
|move|p1a: Kingambit|Swords Dance|p1a: Kingambit
|-boost|p1a: Kingambit|atk|2
|
|upkeep
|turn|36
|
|t:|1779966731
|move|p2a: Miss TakeYoMan|Sucker Punch||[still]
|-fail|p2a: Miss TakeYoMan
|move|p1a: Kingambit|Swords Dance|p1a: Kingambit
|-boost|p1a: Kingambit|atk|0
|
|upkeep
|turn|37
|
|t:|1779966735
|move|p2a: Miss TakeYoMan|Sucker Punch||[still]
|-fail|p2a: Miss TakeYoMan
|move|p1a: Kingambit|Swords Dance|p1a: Kingambit
|-boost|p1a: Kingambit|atk|0
|
|upkeep
|turn|38
|
|t:|1779966738
|switch|p2a: Rapunzal|Primarina, F, shiny|57/100
|move|p1a: Kingambit|Swords Dance|p1a: Kingambit
|-boost|p1a: Kingambit|atk|0
|
|upkeep
|turn|39
|
|t:|1779966745
|switch|p2a: gimme a W|Oricorio-Pom-Pom, F|72/100
|move|p1a: Kingambit|Sucker Punch||[still]
|-fail|p1a: Kingambit
|
|upkeep
|turn|40
|
|t:|1779966756
|move|p1a: Kingambit|Sucker Punch|p2a: gimme a W
|-damage|p2a: gimme a W|0 fnt
|faint|p2a: gimme a W
|
|upkeep
|
|t:|1779966759
|switch|p2a: Rapunzal|Primarina, F, shiny|57/100
|turn|41
|
|t:|1779966768
|move|p1a: Kingambit|Sucker Punch|p2a: Rapunzal
|-resisted|p2a: Rapunzal
|-damage|p2a: Rapunzal|0 fnt
|faint|p2a: Rapunzal
|
|upkeep
|
|t:|1779966771
|switch|p2a: Miss TakeYoMan|Meowscarada, F|100/100
|turn|42
|
|t:|1779966791
|move|p2a: Miss TakeYoMan|Flower Trick|p1a: Kingambit
|-start|p2a: Miss TakeYoMan|typechange|Grass|[from] ability: Protean
|-resisted|p1a: Kingambit
|-crit|p1a: Kingambit
|-damage|p1a: Kingambit|0 fnt
|faint|p1a: Kingambit
|-end|p1a: Kingambit|fallen5|[silent]
|
|win|hattybatty304
|raw|WinnerKross's rating: 1399 &rarr; <strong>1378</strong><br />(-21 for losing)
|raw|hattybatty304's rating: 1373 &rarr; <strong>1394</strong><br />(+21 for winning)
|c|☆hattybatty304|Gg
|l|☆WinnerKross
|player|p1|
|l|☆hattybatty304
|player|p2|
