|j|☆mogulmoves1
|j|☆ethereallovefr
|t:|1779802867
|gametype|singles
|player|p1|mogulmoves1|gambler-gen1|1422
|player|p2|ethereallovefr|266|1472
|gen|9
|tier|[Gen 9] OU
|rated|
|rule|HP Percentage Mod: HP is shown in percentages
|rule|Endless Battle Clause: Forcing endless battles is banned
|rule|Species Clause: Limit one of each Pokémon
|rule|OHKO Clause: OHKO moves are banned
|rule|Evasion Items Clause: Evasion items are banned
|rule|Evasion Moves Clause: Evasion moves are banned
|rule|Evasion Abilities Clause: Evasion abilities are banned
|rule|Sleep Moves Clause: Sleep-inducing moves are banned
|clearpoke
|poke|p1|Pelipper, F|
|poke|p1|Manaphy|
|poke|p1|Bruxish, F|
|poke|p1|Overqwil, M|
|poke|p1|Iron Treads|
|poke|p1|Raging Bolt|
|poke|p2|Iron Moth|
|poke|p2|Enamorus, F|
|poke|p2|Samurott-Hisui, M|
|poke|p2|Great Tusk|
|poke|p2|Regieleki|
|poke|p2|Gholdengo|
|teampreview
|
|t:|1779802910
|teamsize|p1|6
|teamsize|p2|6
|start
|switch|p1a: Overqwil|Overqwil, M|100/100
|switch|p2a: Kami|Samurott-Hisui, M, shiny|100/100
|turn|1
|
|t:|1779802920
|move|p2a: Kami|Razor Shell|p1a: Overqwil
|-damage|p1a: Overqwil|37/100
|move|p1a: Overqwil|Gunk Shot|p2a: Kami|[miss]
|-miss|p1a: Overqwil|p2a: Kami
|
|upkeep
|turn|2
|
|t:|1779802928
|switch|p1a: Pelipper|Pelipper, F|100/100
|-weather|RainDance|[from] ability: Drizzle|[of] p1a: Pelipper
|move|p2a: Kami|Razor Shell|p1a: Pelipper
|-resisted|p1a: Pelipper
|-damage|p1a: Pelipper|69/100
|
|-weather|RainDance|[upkeep]
|upkeep
|turn|3
|
|t:|1779802933
|move|p2a: Kami|Razor Shell|p1a: Pelipper
|-resisted|p1a: Pelipper
|-damage|p1a: Pelipper|36/100
|move|p1a: Pelipper|U-turn|p2a: Kami
|-supereffective|p2a: Kami
|-damage|p2a: Kami|78/100
|
|t:|1779802940
|switch|p1a: Overqwil|Overqwil, M|37/100|[from] U-turn
|
|-weather|RainDance|[upkeep]
|upkeep
|turn|4
|
|t:|1779802943
|move|p1a: Overqwil|Gunk Shot|p2a: Kami
|-damage|p2a: Kami|0 fnt
|faint|p2a: Kami
|-damage|p1a: Overqwil|28/100|[from] item: Life Orb
|
|-weather|RainDance|[upkeep]
|upkeep
|
|t:|1779802958
|switch|p2a: Raijin|Regieleki, shiny|100/100
|turn|5
|
|t:|1779802980
|move|p1a: Overqwil|Gunk Shot|p2a: Raijin
|-enditem|p2a: Raijin|Focus Sash
|-damage|p2a: Raijin|1/100
|-damage|p1a: Overqwil|18/100|[from] item: Life Orb
|move|p2a: Raijin|Electro Ball|p1a: Overqwil
|-damage|p1a: Overqwil|0 fnt
|faint|p1a: Overqwil
|
|-weather|RainDance|[upkeep]
|upkeep
|
|t:|1779802998
|switch|p1a: Iron Treads|Iron Treads|100/100
|-enditem|p1a: Iron Treads|Booster Energy
|-activate|p1a: Iron Treads|ability: Quark Drive|[fromitem]
|-start|p1a: Iron Treads|quarkdrivespe
|turn|6
|
|t:|1779803005
|switch|p2a: Enamorus|Enamorus, F|100/100
|move|p1a: Iron Treads|Rapid Spin|p2a: Enamorus
|-damage|p2a: Enamorus|80/100
|-boost|p1a: Iron Treads|spe|1
|
|-weather|RainDance|[upkeep]
|upkeep
|turn|7
|
|t:|1779803013
|move|p1a: Iron Treads|Stealth Rock|p2a: Enamorus
|-sidestart|p2: ethereallovefr|move: Stealth Rock
|move|p2a: Enamorus|Earth Power|p1a: Iron Treads
|-supereffective|p1a: Iron Treads
|-damage|p1a: Iron Treads|35/100
|
|-weather|RainDance|[upkeep]
|upkeep
|turn|8
|
|t:|1779803020
|move|p1a: Iron Treads|Knock Off|p2a: Enamorus
|-resisted|p2a: Enamorus
|-damage|p2a: Enamorus|60/100
|-enditem|p2a: Enamorus|Choice Scarf|[from] move: Knock Off|[of] p1a: Iron Treads
|move|p2a: Enamorus|Earth Power|p1a: Iron Treads
|-supereffective|p1a: Iron Treads
|-damage|p1a: Iron Treads|0 fnt
|faint|p1a: Iron Treads
|-end|p1a: Iron Treads|Quark Drive|[silent]
|
|-weather|RainDance|[upkeep]
|upkeep
|
|t:|1779803026
|switch|p1a: Bruxish|Bruxish, F|100/100
|turn|9
|
|t:|1779803029
|move|p1a: Bruxish|Flip Turn|p2a: Enamorus
|-damage|p2a: Enamorus|0 fnt
|faint|p2a: Enamorus
|
|t:|1779803036
|switch|p1a: Manaphy|Manaphy|100/100|[from] Flip Turn
|
|-weather|none
|upkeep
|
|t:|1779803041
|switch|p2a: Iron Moth|Iron Moth, shiny|100/100
|-damage|p2a: Iron Moth|76/100|[from] Stealth Rock
|-enditem|p2a: Iron Moth|Booster Energy
|-activate|p2a: Iron Moth|ability: Quark Drive|[fromitem]
|-start|p2a: Iron Moth|quarkdrivespa
|turn|10
|
|t:|1779803047
|-terastallize|p2a: Iron Moth|Grass
|move|p1a: Manaphy|Surf|p2a: Iron Moth
|-resisted|p2a: Iron Moth
|-damage|p2a: Iron Moth|51/100
|move|p2a: Iron Moth|Energy Ball|p1a: Manaphy
|-supereffective|p1a: Manaphy
|-damage|p1a: Manaphy|0 fnt
|faint|p1a: Manaphy
|
|upkeep
|
|t:|1779803055
|switch|p1a: Bruxish|Bruxish, F|100/100
|turn|11
|
|t:|1779803062
|move|p1a: Bruxish|Psychic Fangs|p2a: Iron Moth
|-damage|p2a: Iron Moth|0 fnt
|faint|p2a: Iron Moth
|-end|p2a: Iron Moth|Quark Drive|[silent]
|
|upkeep
|
|t:|1779803065
|switch|p2a: Tenjin|Gholdengo|100/100
|-damage|p2a: Tenjin|94/100|[from] Stealth Rock
|-item|p2a: Tenjin|Air Balloon
|turn|12
|
|t:|1779803070
|switch|p1a: Pelipper|Pelipper, F|36/100
|-weather|RainDance|[from] ability: Drizzle|[of] p1a: Pelipper
|move|p2a: Tenjin|Shadow Ball|p1a: Pelipper
|-damage|p1a: Pelipper|0 fnt
|faint|p1a: Pelipper
|
|-weather|RainDance|[upkeep]
|upkeep
|
|t:|1779803076
|switch|p1a: Bruxish|Bruxish, F|100/100
|turn|13
|
|t:|1779803079
|switch|p2a: Raijin|Regieleki, shiny|1/100
|-damage|p2a: Raijin|0 fnt|[from] Stealth Rock
|faint|p2a: Raijin
|-terastallize|p1a: Bruxish|Water
|move|p1a: Bruxish|Wave Crash|p2: Raijin|[notarget]
|-fail|p1a: Bruxish
|
|-weather|RainDance|[upkeep]
|upkeep
|
|t:|1779803088
|switch|p2a: Tenjin|Gholdengo|94/100
|-damage|p2a: Tenjin|88/100|[from] Stealth Rock
|-item|p2a: Tenjin|Air Balloon
|turn|14
|
|t:|1779803092
|move|p1a: Bruxish|Wave Crash|p2a: Tenjin
|-damage|p2a: Tenjin|0 fnt
|-enditem|p2a: Tenjin|Air Balloon
|faint|p2a: Tenjin
|-damage|p1a: Bruxish|67/100|[from] Recoil
|
|-weather|RainDance|[upkeep]
|upkeep
|
|t:|1779803095
|switch|p2a: Great Tusk|Great Tusk|100/100
|-damage|p2a: Great Tusk|98/100|[from] Stealth Rock
|turn|15
|
|t:|1779803097
|move|p1a: Bruxish|Wave Crash|p2a: Great Tusk
|-supereffective|p2a: Great Tusk
|-damage|p2a: Great Tusk|0 fnt
|faint|p2a: Great Tusk
|-end|p2a: Great Tusk|Protosynthesis|[silent]
|-damage|p1a: Bruxish|25/100|[from] Recoil
|
|win|mogulmoves1
|raw|mogulmoves1's rating: 1422 &rarr; <strong>1445</strong><br />(+23 for winning)
|raw|ethereallovefr's rating: 1472 &rarr; <strong>1449</strong><br />(-23 for losing)
|l|☆ethereallovefr
|player|p2|
|l|☆mogulmoves1
|player|p1|
