|j|☆MeioPotato
|j|☆Afogomorn
|t:|1779914767
|gametype|singles
|player|p1|MeioPotato|rosa|1604
|player|p2|Afogomorn|101|1655
|gen|9
|tier|[Gen 9] OU
|rated|
|rule|HP Percentage Mod: HP is shown in percentages
|rule|Endless Battle Clause: Forcing endless battles is banned
|rule|Species Clause: Limit one of each Pokémon
|rule|OHKO Clause: OHKO moves are banned
|rule|Evasion Items Clause: Evasion items are banned
|rule|Evasion Moves Clause: Evasion moves are banned
|rule|Evasion Abilities Clause: Evasion abilities are banned
|rule|Sleep Moves Clause: Sleep-inducing moves are banned
|clearpoke
|poke|p1|Latias, F|
|poke|p1|Polteageist|
|poke|p1|Zamazenta-*|
|poke|p1|Kingambit, M|
|poke|p1|Ogerpon-Wellspring, F|
|poke|p1|Iron Moth|
|poke|p2|Dragonite, F|
|poke|p2|Scizor, M|
|poke|p2|Darkrai|
|poke|p2|Iron Moth|
|poke|p2|Iron Valiant|
|poke|p2|Great Tusk|
|teampreview
|inactive|Battle timer is ON: inactive players will automatically lose when time's up. (requested by MeioPotato)
|inactive|Afogomorn has 120 seconds left.
|
|t:|1779914801
|teamsize|p1|6
|teamsize|p2|6
|start
|switch|p1a: Ogerpon|Ogerpon-Wellspring, F|100/100
|switch|p2a: Darkrai|Darkrai|100/100
|turn|1
|
|t:|1779914823
|move|p2a: Darkrai|Dark Pulse|p1a: Ogerpon
|-damage|p1a: Ogerpon|40/100
|-damage|p2a: Darkrai|91/100|[from] item: Life Orb
|move|p1a: Ogerpon|Ivy Cudgel|p2a: Darkrai|[anim] Ivy Cudgel Water
|-damage|p2a: Darkrai|9/100
|
|upkeep
|turn|2
|
|t:|1779914834
|switch|p1a: Zamazenta|Zamazenta|100/100
|-ability|p1a: Zamazenta|Dauntless Shield|boost
|-boost|p1a: Zamazenta|def|1
|move|p2a: Darkrai|Focus Blast|p1a: Zamazenta|[miss]
|-miss|p2a: Darkrai|p1a: Zamazenta
|
|upkeep
|turn|3
|j| hattybatty304
|
|t:|1779914845
|switch|p2a: Iron Moth|Iron Moth|100/100
|-enditem|p2a: Iron Moth|Booster Energy
|-activate|p2a: Iron Moth|ability: Quark Drive|[fromitem]
|-start|p2a: Iron Moth|quarkdrivespe
|move|p1a: Zamazenta|Crunch|p2a: Iron Moth
|-damage|p2a: Iron Moth|60/100
|
|upkeep
|turn|4
|
|t:|1779914854
|move|p2a: Iron Moth|Fiery Dance|p1a: Zamazenta
|-damage|p1a: Zamazenta|62/100
|move|p1a: Zamazenta|Roar|p2a: Iron Moth
|-end|p2a: Iron Moth|Quark Drive|[silent]
|drag|p2a: Scizor|Scizor, M|100/100
|
|-heal|p1a: Zamazenta|68/100|[from] item: Leftovers
|upkeep
|turn|5
|
|t:|1779914875
|switch|p2a: Iron Valiant|Iron Valiant|100/100
|-enditem|p2a: Iron Valiant|Booster Energy
|-activate|p2a: Iron Valiant|ability: Quark Drive|[fromitem]
|-start|p2a: Iron Valiant|quarkdrivespe
|move|p1a: Zamazenta|Iron Defense|p1a: Zamazenta
|-boost|p1a: Zamazenta|def|2
|
|-heal|p1a: Zamazenta|75/100|[from] item: Leftovers
|upkeep
|turn|6
|
|t:|1779914887
|switch|p1a: Ogerpon|Ogerpon-Wellspring, F|40/100
|move|p2a: Iron Valiant|Swords Dance|p2a: Iron Valiant
|-boost|p2a: Iron Valiant|atk|2
|
|upkeep
|turn|7
|
|t:|1779914895
|move|p2a: Iron Valiant|Knock Off|p1a: Ogerpon
|-damage|p1a: Ogerpon|0 fnt
|faint|p1a: Ogerpon
|
|upkeep
|
|t:|1779914904
|switch|p1a: Polteageist|Polteageist|100/100
|turn|8
|
|t:|1779914916
|move|p2a: Iron Valiant|Knock Off|p1a: Polteageist
|-supereffective|p1a: Polteageist
|-enditem|p1a: Polteageist|Focus Sash
|-damage|p1a: Polteageist|1/100
|-ability|p1a: Polteageist|Weak Armor|boost
|-unboost|p1a: Polteageist|def|1
|-boost|p1a: Polteageist|spe|2
|move|p1a: Polteageist|Shell Smash|p1a: Polteageist
|-unboost|p1a: Polteageist|def|1
|-unboost|p1a: Polteageist|spd|1
|-boost|p1a: Polteageist|atk|2
|-boost|p1a: Polteageist|spa|2
|-boost|p1a: Polteageist|spe|2
|
|upkeep
|turn|9
|inactive|Afogomorn has 120 seconds left.
|
|t:|1779914954
|move|p1a: Polteageist|Shadow Ball|p2a: Iron Valiant
|-damage|p2a: Iron Valiant|0 fnt
|faint|p2a: Iron Valiant
|-end|p2a: Iron Valiant|Quark Drive|[silent]
|
|upkeep
|
|t:|1779914958
|switch|p2a: Scizor|Scizor, M|100/100
|turn|10
|
|t:|1779914971
|move|p2a: Scizor|Bullet Punch|p1a: Polteageist
|-damage|p1a: Polteageist|0 fnt
|faint|p1a: Polteageist
|-damage|p2a: Scizor|91/100|[from] item: Life Orb
|
|upkeep
|
|t:|1779914974
|switch|p1a: Iron Moth|Iron Moth|100/100
|turn|11
|
|t:|1779914981
|-terastallize|p2a: Scizor|Fire
|move|p1a: Iron Moth|Fiery Dance|p2a: Scizor
|-resisted|p2a: Scizor
|-damage|p2a: Scizor|59/100
|move|p2a: Scizor|Swords Dance|p2a: Scizor
|-boost|p2a: Scizor|atk|2
|
|upkeep
|turn|12
|
|t:|1779914992
|move|p2a: Scizor|Bullet Punch|p1a: Iron Moth
|-resisted|p1a: Iron Moth
|-damage|p1a: Iron Moth|27/100
|-damage|p2a: Scizor|49/100|[from] item: Life Orb
|move|p1a: Iron Moth|Sludge Wave|p2a: Scizor
|-damage|p2a: Scizor|0 fnt
|faint|p2a: Scizor
|
|upkeep
|
|t:|1779915006
|switch|p2a: Dragonite|Dragonite, F|100/100
|turn|13
|
|t:|1779915011
|move|p2a: Dragonite|Extreme Speed|p1a: Iron Moth
|-damage|p1a: Iron Moth|0 fnt
|faint|p1a: Iron Moth
|-end|p1a: Iron Moth|Quark Drive|[silent]
|-damage|p2a: Dragonite|91/100|[from] item: Life Orb
|
|upkeep
|
|t:|1779915021
|switch|p1a: Latias|Latias, F|100/100
|turn|14
|
|t:|1779915032
|switch|p2a: Darkrai|Darkrai|9/100
|-terastallize|p1a: Latias|Fairy
|move|p1a: Latias|Calm Mind|p1a: Latias
|-boost|p1a: Latias|spa|1
|-boost|p1a: Latias|spd|1
|
|upkeep
|turn|15
|j| FaronAan
|
|t:|1779915050
|switch|p2a: Iron Moth|Iron Moth|60/100
|move|p1a: Latias|Agility|p1a: Latias
|-boost|p1a: Latias|spe|2
|
|upkeep
|turn|16
|
|t:|1779915070
|-end|p2a: Iron Moth|Quark Drive|[silent]
|switch|p2a: Darkrai|Darkrai|9/100
|move|p1a: Latias|Calm Mind|p1a: Latias
|-boost|p1a: Latias|spa|1
|-boost|p1a: Latias|spd|1
|
|upkeep
|turn|17
|
|t:|1779915076
|move|p1a: Latias|Calm Mind|p1a: Latias
|-boost|p1a: Latias|spa|1
|-boost|p1a: Latias|spd|1
|move|p2a: Darkrai|Nasty Plot|p2a: Darkrai
|-boost|p2a: Darkrai|spa|2
|
|upkeep
|turn|18
|
|t:|1779915083
|move|p1a: Latias|Draining Kiss|p2a: Darkrai
|-supereffective|p2a: Darkrai
|-damage|p2a: Darkrai|0 fnt
|faint|p2a: Darkrai
|
|upkeep
|-message|Afogomorn forfeited.
|
|win|MeioPotato
|raw|MeioPotato's rating: 1582 &rarr; <strong>1606</strong><br />(+24 for winning)
|raw|Afogomorn's rating: 1655 &rarr; <strong>1631</strong><br />(-24 for losing)
|l|☆Afogomorn
|player|p2|
|l|☆MeioPotato
|player|p1|
|l| hattybatty304
