|j|☆bignys900
|j|☆microplasticballs
|t:|1779799758
|gametype|singles
|player|p1|bignys900|psychicf-gen4|1196
|player|p2|microplasticballs|guitarist-gen4|1151
|gen|9
|tier|[Gen 9] OU
|rated|
|rule|HP Percentage Mod: HP is shown in percentages
|rule|Endless Battle Clause: Forcing endless battles is banned
|rule|Species Clause: Limit one of each Pokémon
|rule|OHKO Clause: OHKO moves are banned
|rule|Evasion Items Clause: Evasion items are banned
|rule|Evasion Moves Clause: Evasion moves are banned
|rule|Evasion Abilities Clause: Evasion abilities are banned
|rule|Sleep Moves Clause: Sleep-inducing moves are banned
|clearpoke
|poke|p1|Mamoswine, M|
|poke|p1|Blaziken, F|
|poke|p1|Clefable, M|
|poke|p1|Lumineon, F|
|poke|p1|Kilowattrel, M|
|poke|p1|Samurott-Hisui, M|
|poke|p2|Goodra-Hisui, F|
|poke|p2|Pelipper, F|
|poke|p2|Iron Treads|
|poke|p2|Barraskewda, F|
|poke|p2|Kingdra, F|
|poke|p2|Iron Valiant|
|teampreview
|inactive|Battle timer is ON: inactive players will automatically lose when time's up. (requested by bignys900)
|inactive|microplasticballs has 120 seconds left.
|
|t:|1779799818
|teamsize|p1|6
|teamsize|p2|6
|start
|switch|p1a: Samurott|Samurott-Hisui, M|100/100
|switch|p2a: Iron Treads|Iron Treads|100/100
|-enditem|p2a: Iron Treads|Booster Energy
|-activate|p2a: Iron Treads|ability: Quark Drive|[fromitem]
|-start|p2a: Iron Treads|quarkdrivespe
|turn|1
|
|t:|1779799829
|move|p2a: Iron Treads|Stealth Rock|p1a: Samurott
|-sidestart|p1: bignys900|move: Stealth Rock
|move|p1a: Samurott|Drill Run|p2a: Iron Treads
|-supereffective|p2a: Iron Treads
|-damage|p2a: Iron Treads|61/100
|
|upkeep
|turn|2
|
|t:|1779799835
|move|p2a: Iron Treads|Earthquake|p1a: Samurott
|-damage|p1a: Samurott|55/100
|move|p1a: Samurott|Ceaseless Edge|p2a: Iron Treads
|-damage|p2a: Iron Treads|28/100
|-sidestart|p2: microplasticballs|Spikes
|
|upkeep
|turn|3
|
|t:|1779799846
|move|p2a: Iron Treads|Rapid Spin|p1a: Samurott
|-damage|p1a: Samurott|37/100
|-boost|p2a: Iron Treads|spe|1
|-sideend|p2: microplasticballs|Spikes|[from] move: Rapid Spin|[of] p2a: Iron Treads
|move|p1a: Samurott|Drill Run|p2a: Iron Treads
|-supereffective|p2a: Iron Treads
|-damage|p2a: Iron Treads|0 fnt
|faint|p2a: Iron Treads
|-end|p2a: Iron Treads|Quark Drive|[silent]
|
|upkeep
|
|t:|1779799860
|switch|p2a: Barraskewda|Barraskewda, F|100/100
|turn|4
|
|t:|1779799867
|move|p2a: Barraskewda|Close Combat|p1a: Samurott
|-supereffective|p1a: Samurott
|-damage|p1a: Samurott|0 fnt
|-unboost|p2a: Barraskewda|def|1
|-unboost|p2a: Barraskewda|spd|1
|faint|p1a: Samurott
|
|upkeep
|
|t:|1779799889
|switch|p1a: Lumineon|Lumineon, F|100/100
|-damage|p1a: Lumineon|88/100|[from] Stealth Rock
|turn|5
|
|t:|1779799898
|switch|p2a: Goodra|Goodra-Hisui, F|100/100
|move|p1a: Lumineon|Tailwind|p1a: Lumineon
|-sidestart|p1: bignys900|move: Tailwind
|
|-heal|p1a: Lumineon|94/100|[from] item: Leftovers
|upkeep
|turn|6
|
|t:|1779799904
|move|p1a: Lumineon|Ice Beam|p2a: Goodra
|-damage|p2a: Goodra|94/100
|move|p2a: Goodra|Knock Off|p1a: Lumineon
|-damage|p1a: Lumineon|60/100
|-enditem|p1a: Lumineon|Leftovers|[from] move: Knock Off|[of] p2a: Goodra
|
|upkeep
|turn|7
|
|t:|1779799918
|switch|p1a: Clefable|Clefable, M|100/100
|-damage|p1a: Clefable|88/100|[from] Stealth Rock
|move|p2a: Goodra|Earthquake|p1a: Clefable
|-damage|p1a: Clefable|60/100
|
|-heal|p1a: Clefable|66/100|[from] item: Leftovers
|upkeep
|turn|8
|
|t:|1779799927
|move|p1a: Clefable|Calm Mind|p1a: Clefable
|-boost|p1a: Clefable|spa|1
|-boost|p1a: Clefable|spd|1
|move|p2a: Goodra|Flash Cannon|p1a: Clefable
|-supereffective|p1a: Clefable
|-damage|p1a: Clefable|26/100
|
|-heal|p1a: Clefable|32/100|[from] item: Leftovers
|-sideend|p1: bignys900|move: Tailwind
|upkeep
|turn|9
|
|t:|1779799935
|move|p1a: Clefable|Draining Kiss|p2a: Goodra
|-damage|p2a: Goodra|80/100
|-heal|p1a: Clefable|42/100|[from] drain|[of] p2a: Goodra
|move|p2a: Goodra|Flash Cannon|p1a: Clefable
|-supereffective|p1a: Clefable
|-damage|p1a: Clefable|0 fnt
|faint|p1a: Clefable
|
|upkeep
|
|t:|1779799945
|switch|p1a: Blaziken|Blaziken, F, shiny|100/100
|-damage|p1a: Blaziken|88/100|[from] Stealth Rock
|turn|10
|
|t:|1779799952
|switch|p2a: Pelipper|Pelipper, F|100/100
|-weather|RainDance|[from] ability: Drizzle|[of] p2a: Pelipper
|move|p1a: Blaziken|Blaze Kick|p2a: Pelipper
|-resisted|p2a: Pelipper
|-damage|p2a: Pelipper|92/100
|
|-weather|RainDance|[upkeep]
|-ability|p1a: Blaziken|Speed Boost|boost
|-boost|p1a: Blaziken|spe|1
|upkeep
|turn|11
|
|t:|1779799964
|move|p1a: Blaziken|Thunder Punch|p2a: Pelipper
|-supereffective|p2a: Pelipper
|-damage|p2a: Pelipper|11/100
|move|p2a: Pelipper|Hurricane|p1a: Blaziken
|-supereffective|p1a: Blaziken
|-damage|p1a: Blaziken|0 fnt
|faint|p1a: Blaziken
|
|-weather|RainDance|[upkeep]
|upkeep
|
|t:|1779799975
|switch|p1a: Kilowattrel|Kilowattrel, M|100/100
|-damage|p1a: Kilowattrel|76/100|[from] Stealth Rock
|turn|12
|
|t:|1779799984
|switch|p2a: Goodra|Goodra-Hisui, F|80/100
|move|p1a: Kilowattrel|Charge Beam|p2a: Goodra
|-resisted|p2a: Goodra
|-damage|p2a: Goodra|75/100
|-boost|p1a: Kilowattrel|spa|1
|-damage|p1a: Kilowattrel|66/100|[from] item: Life Orb
|
|-weather|RainDance|[upkeep]
|upkeep
|turn|13
|
|t:|1779799991
|move|p1a: Kilowattrel|Hurricane|p2a: Goodra
|-resisted|p2a: Goodra
|-damage|p2a: Goodra|59/100
|-damage|p1a: Kilowattrel|56/100|[from] item: Life Orb
|move|p2a: Goodra|Knock Off|p1a: Kilowattrel
|-damage|p1a: Kilowattrel|14/100
|-enditem|p1a: Kilowattrel|Life Orb|[from] move: Knock Off|[of] p2a: Goodra
|
|-weather|RainDance|[upkeep]
|upkeep
|turn|14
|
|t:|1779799997
|move|p1a: Kilowattrel|Hurricane|p2a: Goodra
|-resisted|p2a: Goodra
|-damage|p2a: Goodra|47/100
|-start|p2a: Goodra|confusion
|-activate|p2a: Goodra|confusion
|move|p2a: Goodra|Knock Off|p1a: Kilowattrel
|-damage|p1a: Kilowattrel|0 fnt
|faint|p1a: Kilowattrel
|
|-weather|RainDance|[upkeep]
|upkeep
|
|t:|1779800005
|switch|p1a: Mamoswine|Mamoswine, M, shiny|100/100
|-damage|p1a: Mamoswine|88/100|[from] Stealth Rock
|turn|15
|
|t:|1779800012
|switch|p2a: Barraskewda|Barraskewda, F|100/100
|move|p1a: Mamoswine|Trailblaze|p2a: Barraskewda
|-supereffective|p2a: Barraskewda
|-damage|p2a: Barraskewda|26/100
|-boost|p1a: Mamoswine|spe|1
|
|-weather|RainDance|[upkeep]
|-heal|p1a: Mamoswine|94/100|[from] item: Leftovers
|upkeep
|turn|16
|
|t:|1779800023
|-terastallize|p1a: Mamoswine|Grass
|move|p2a: Barraskewda|Aqua Jet|p1a: Mamoswine
|-resisted|p1a: Mamoswine
|-damage|p1a: Mamoswine|66/100
|move|p1a: Mamoswine|Trailblaze|p2a: Barraskewda
|-supereffective|p2a: Barraskewda
|-damage|p2a: Barraskewda|0 fnt
|-boost|p1a: Mamoswine|spe|1
|faint|p2a: Barraskewda
|
|-weather|RainDance|[upkeep]
|-heal|p1a: Mamoswine|72/100|[from] item: Leftovers
|upkeep
|
|t:|1779800036
|switch|p2a: Iron Valiant|Iron Valiant|100/100
|-enditem|p2a: Iron Valiant|Booster Energy
|-activate|p2a: Iron Valiant|ability: Quark Drive|[fromitem]
|-start|p2a: Iron Valiant|quarkdrivespe
|turn|17
|
|t:|1779800051
|move|p1a: Mamoswine|Body Slam|p2a: Iron Valiant
|-damage|p2a: Iron Valiant|57/100
|-status|p2a: Iron Valiant|par
|cant|p2a: Iron Valiant|par
|
|-weather|none
|-heal|p1a: Mamoswine|78/100|[from] item: Leftovers
|upkeep
|turn|18
|
|t:|1779800063
|move|p1a: Mamoswine|Body Slam|p2a: Iron Valiant
|-damage|p2a: Iron Valiant|11/100 par
|move|p2a: Iron Valiant|Knock Off|p1a: Mamoswine
|-damage|p1a: Mamoswine|39/100
|-enditem|p1a: Mamoswine|Leftovers|[from] move: Knock Off|[of] p2a: Iron Valiant
|
|upkeep
|turn|19
|
|t:|1779800071
|move|p1a: Mamoswine|Trailblaze|p2a: Iron Valiant
|-damage|p2a: Iron Valiant|0 fnt
|-boost|p1a: Mamoswine|spe|1
|faint|p2a: Iron Valiant
|-end|p2a: Iron Valiant|Quark Drive|[silent]
|
|upkeep
|
|t:|1779800081
|switch|p2a: Pelipper|Pelipper, F|11/100
|-weather|RainDance|[from] ability: Drizzle|[of] p2a: Pelipper
|turn|20
|
|t:|1779800087
|move|p1a: Mamoswine|Body Slam|p2a: Pelipper
|-damage|p2a: Pelipper|0 fnt
|faint|p2a: Pelipper
|
|-weather|RainDance|[upkeep]
|upkeep
|
|t:|1779800093
|switch|p2a: Kingdra|Kingdra, F|100/100
|turn|21
|
|t:|1779800103
|move|p1a: Mamoswine|Body Slam|p2a: Kingdra
|-damage|p2a: Kingdra|66/100
|-status|p2a: Kingdra|par
|move|p2a: Kingdra|Hurricane|p1a: Mamoswine
|-supereffective|p1a: Mamoswine
|-damage|p1a: Mamoswine|0 fnt
|faint|p1a: Mamoswine
|
|-weather|RainDance|[upkeep]
|upkeep
|
|t:|1779800110
|switch|p1a: Lumineon|Lumineon, F|60/100
|-damage|p1a: Lumineon|48/100|[from] Stealth Rock
|turn|22
|
|t:|1779800114
|move|p1a: Lumineon|Tailwind|p1a: Lumineon
|-sidestart|p1: bignys900|move: Tailwind
|move|p2a: Kingdra|Hurricane|p1a: Lumineon
|-damage|p1a: Lumineon|0 fnt
|faint|p1a: Lumineon
|
|win|microplasticballs
|raw|bignys900's rating: 1196 &rarr; <strong>1168</strong><br />(-28 for losing)
|raw|microplasticballs's rating: 1151 &rarr; <strong>1179</strong><br />(+28 for winning)
|l|☆bignys900
|player|p1|
|l|☆microplasticballs
|player|p2|
