|j|☆milkmaster3001
|j|☆JaseT
|t:|1779815165
|gametype|singles
|player|p1|milkmaster3001|chuck|1460
|player|p2|JaseT|hiker|1462
|gen|9
|tier|[Gen 9] OU
|rated|
|rule|HP Percentage Mod: HP is shown in percentages
|rule|Endless Battle Clause: Forcing endless battles is banned
|rule|Species Clause: Limit one of each Pokémon
|rule|OHKO Clause: OHKO moves are banned
|rule|Evasion Items Clause: Evasion items are banned
|rule|Evasion Moves Clause: Evasion moves are banned
|rule|Evasion Abilities Clause: Evasion abilities are banned
|rule|Sleep Moves Clause: Sleep-inducing moves are banned
|clearpoke
|poke|p1|Zapdos|
|poke|p1|Slowking-Galar, F|
|poke|p1|Cetitan, F|
|poke|p1|Gholdengo|
|poke|p1|Ogerpon-Wellspring, F|
|poke|p1|Landorus-Therian, M|
|poke|p2|Clefable, F|
|poke|p2|Great Tusk|
|poke|p2|Torkoal, M|
|poke|p2|Walking Wake|
|poke|p2|Cinderace, M|
|poke|p2|Wo-Chien|
|teampreview
|
|t:|1779815208
|teamsize|p1|6
|teamsize|p2|6
|start
|switch|p1a: Landorus|Landorus-Therian, M|100/100
|switch|p2a: Walking Wake|Walking Wake|100/100
|-ability|p1a: Landorus|Intimidate|boost
|-unboost|p2a: Walking Wake|atk|1
|turn|1
|
|t:|1779815221
|switch|p1a: Slowking|Slowking-Galar, F|100/100
|move|p2a: Walking Wake|Draco Meteor|p1a: Slowking
|-damage|p1a: Slowking|46/100
|-unboost|p2a: Walking Wake|spa|2
|
|upkeep
|turn|2
|inactive|Battle timer is ON: inactive players will automatically lose when time's up. (requested by milkmaster3001)
|inactive|JaseT has 120 seconds left.
|inactive|JaseT has 90 seconds left.
|
|t:|1779815297
|-end|p2a: Walking Wake|Protosynthesis|[silent]
|switch|p2a: Cinderace|Cinderace, M|100/100
|-item|p2a: Cinderace|Air Balloon
|switch|p1a: Zapdos|Zapdos|100/100
|
|upkeep
|turn|3
|inactive|JaseT has 120 seconds left.
|
|t:|1779815336
|move|p2a: Cinderace|Swords Dance|p2a: Cinderace
|-boost|p2a: Cinderace|atk|2
|move|p1a: Zapdos|Volt Switch|p2a: Cinderace
|-damage|p2a: Cinderace|61/100
|-enditem|p2a: Cinderace|Air Balloon
|
|t:|1779815356
|switch|p1a: Landorus|Landorus-Therian, M|100/100|[from] Volt Switch
|-ability|p1a: Landorus|Intimidate|boost
|-unboost|p2a: Cinderace|atk|1
|
|upkeep
|turn|4
|
|t:|1779815365
|-terastallize|p2a: Cinderace|Fire
|move|p2a: Cinderace|Pyro Ball|p1a: Landorus
|-damage|p1a: Landorus|0 fnt
|faint|p1a: Landorus
|
|upkeep
|
|t:|1779815389
|switch|p1a: Zapdos|Zapdos|100/100
|turn|5
|inactive|JaseT has 120 seconds left.
|
|t:|1779815424
|switch|p2a: Clefable|Clefable, F|100/100
|move|p1a: Zapdos|Discharge|p2a: Clefable
|-damage|p2a: Clefable|73/100
|
|upkeep
|turn|6
|
|t:|1779815438
|move|p1a: Zapdos|Discharge|p2a: Clefable
|-damage|p2a: Clefable|44/100
|move|p2a: Clefable|Moonlight|p2a: Clefable
|-heal|p2a: Clefable|94/100
|
|upkeep
|turn|7
|
|t:|1779815461
|switch|p2a: Torkoal|Torkoal, M|100/100
|-weather|SunnyDay|[from] ability: Drought|[of] p2a: Torkoal
|move|p1a: Zapdos|Discharge|p2a: Torkoal
|-damage|p2a: Torkoal|72/100
|
|-weather|SunnyDay|[upkeep]
|upkeep
|turn|8
|inactive|JaseT has 90 seconds left.
|
|t:|1779815494
|switch|p2a: Wo-Chien|Wo-Chien|100/100
|-ability|p2a: Wo-Chien|Tablets of Ruin
|move|p1a: Zapdos|Volt Switch|p2a: Wo-Chien
|-resisted|p2a: Wo-Chien
|-damage|p2a: Wo-Chien|88/100
|
|t:|1779815504
|switch|p1a: Cetitan|Cetitan, F|100/100|[from] Volt Switch
|
|-weather|SunnyDay|[upkeep]
|upkeep
|turn|9
|
|t:|1779815510
|move|p1a: Cetitan|Ice Spinner|p2a: Wo-Chien
|-supereffective|p2a: Wo-Chien
|-damage|p2a: Wo-Chien|28/100
|move|p2a: Wo-Chien|Knock Off|p1a: Cetitan
|-damage|p1a: Cetitan|58/100
|-enditem|p1a: Cetitan|Sitrus Berry|[from] move: Knock Off|[of] p2a: Wo-Chien
|-damage|p2a: Wo-Chien|18/100|[from] item: Life Orb
|
|-weather|SunnyDay|[upkeep]
|upkeep
|turn|10
|
|t:|1779815519
|move|p1a: Cetitan|Ice Spinner|p2a: Wo-Chien
|-supereffective|p2a: Wo-Chien
|-damage|p2a: Wo-Chien|0 fnt
|faint|p2a: Wo-Chien
|
|-weather|SunnyDay|[upkeep]
|upkeep
|inactive|JaseT has 90 seconds left.
|inactive|JaseT has 60 seconds left.
|
|t:|1779815569
|switch|p2a: Walking Wake|Walking Wake|100/100
|-activate|p2a: Walking Wake|ability: Protosynthesis
|-start|p2a: Walking Wake|protosynthesisspe
|turn|11
|inactive|JaseT has 60 seconds left.
|
|t:|1779815579
|move|p2a: Walking Wake|Flamethrower|p1a: Cetitan
|-supereffective|p1a: Cetitan
|-damage|p1a: Cetitan|0 fnt
|faint|p1a: Cetitan
|
|-weather|SunnyDay|[upkeep]
|upkeep
|
|t:|1779815582
|switch|p1a: Slowking|Slowking-Galar, F|80/100
|turn|12
|
|t:|1779815587
|move|p2a: Walking Wake|Flamethrower|p1a: Slowking
|-damage|p1a: Slowking|38/100
|-status|p1a: Slowking|brn
|-prepare|p1a: Slowking|Chilly Reception|[premajor]
|move|p1a: Slowking|Chilly Reception|p1a: Slowking
|-weather|Snowscape
|-end|p2a: Walking Wake|Protosynthesis
|
|t:|1779815603
|switch|p1a: Ogerpon|Ogerpon-Wellspring, F|100/100|[from] Chilly Reception
|
|-weather|Snowscape|[upkeep]
|upkeep
|turn|13
|inactive|JaseT has 60 seconds left.
|
|t:|1779815633
|move|p1a: Ogerpon|Knock Off|p2a: Walking Wake
|-damage|p2a: Walking Wake|60/100
|-enditem|p2a: Walking Wake|Choice Specs|[from] move: Knock Off|[of] p1a: Ogerpon
|move|p2a: Walking Wake|Flamethrower|p1a: Ogerpon
|-damage|p1a: Ogerpon|62/100
|
|-weather|Snowscape|[upkeep]
|upkeep
|turn|14
|
|t:|1779815652
|switch|p1a: Gholdengo|Gholdengo|100/100
|-end|p2a: Walking Wake|Protosynthesis|[silent]
|switch|p2a: Torkoal|Torkoal, M|72/100
|-weather|SunnyDay|[from] ability: Drought|[of] p2a: Torkoal
|
|-weather|SunnyDay|[upkeep]
|upkeep
|turn|15
|
|t:|1779815664
|move|p1a: Gholdengo|Shadow Ball|p2a: Torkoal
|-damage|p2a: Torkoal|33/100
|move|p2a: Torkoal|Overheat|p1a: Gholdengo
|-supereffective|p1a: Gholdengo
|-damage|p1a: Gholdengo|0 fnt
|-unboost|p2a: Torkoal|spa|2
|faint|p1a: Gholdengo
|
|-weather|SunnyDay|[upkeep]
|upkeep
|
|t:|1779815669
|switch|p1a: Slowking|Slowking-Galar, F|71/100 brn
|turn|16
|
|t:|1779815674
|-prepare|p1a: Slowking|Chilly Reception|[premajor]
|move|p1a: Slowking|Chilly Reception|p1a: Slowking
|-weather|Snowscape
|
|t:|1779815679
|switch|p1a: Zapdos|Zapdos|100/100|[from] Chilly Reception
|move|p2a: Torkoal|Stealth Rock|p1a: Zapdos
|-sidestart|p1: milkmaster3001|move: Stealth Rock
|
|-weather|Snowscape|[upkeep]
|upkeep
|turn|17
|inactive|JaseT has 60 seconds left.
|
|t:|1779815693
|switch|p2a: Clefable|Clefable, F|94/100
|move|p1a: Zapdos|Discharge|p2a: Clefable
|-damage|p2a: Clefable|63/100
|
|-weather|Snowscape|[upkeep]
|upkeep
|turn|18
|
|t:|1779815699
|move|p1a: Zapdos|Discharge|p2a: Clefable
|-damage|p2a: Clefable|35/100
|move|p2a: Clefable|Calm Mind|p2a: Clefable
|-boost|p2a: Clefable|spa|1
|-boost|p2a: Clefable|spd|1
|
|-weather|Snowscape|[upkeep]
|upkeep
|turn|19
|
|t:|1779815704
|move|p1a: Zapdos|Discharge|p2a: Clefable
|-damage|p2a: Clefable|15/100
|move|p2a: Clefable|Moonlight|p2a: Clefable
|-heal|p2a: Clefable|40/100
|
|-weather|Snowscape|[upkeep]
|upkeep
|turn|20
|
|t:|1779815709
|move|p1a: Zapdos|Discharge|p2a: Clefable
|-damage|p2a: Clefable|21/100
|move|p2a: Clefable|Moonlight|p2a: Clefable
|-heal|p2a: Clefable|46/100
|
|-weather|none
|upkeep
|turn|21
|
|t:|1779815713
|move|p1a: Zapdos|Discharge|p2a: Clefable
|-damage|p2a: Clefable|25/100
|move|p2a: Clefable|Moonlight|p2a: Clefable
|-heal|p2a: Clefable|75/100
|
|upkeep
|turn|22
|
|t:|1779815718
|move|p1a: Zapdos|Discharge|p2a: Clefable
|-damage|p2a: Clefable|56/100
|move|p2a: Clefable|Calm Mind|p2a: Clefable
|-boost|p2a: Clefable|spa|1
|-boost|p2a: Clefable|spd|1
|
|upkeep
|turn|23
|
|t:|1779815722
|move|p1a: Zapdos|Discharge|p2a: Clefable
|-damage|p2a: Clefable|40/100
|move|p2a: Clefable|Moonlight|p2a: Clefable
|-heal|p2a: Clefable|90/100
|
|upkeep
|turn|24
|
|t:|1779815726
|move|p1a: Zapdos|Discharge|p2a: Clefable
|-damage|p2a: Clefable|75/100
|move|p2a: Clefable|Calm Mind|p2a: Clefable
|-boost|p2a: Clefable|spa|1
|-boost|p2a: Clefable|spd|1
|
|upkeep
|turn|25
|
|t:|1779815732
|move|p1a: Zapdos|Discharge|p2a: Clefable
|-damage|p2a: Clefable|64/100
|move|p2a: Clefable|Calm Mind|p2a: Clefable
|-boost|p2a: Clefable|spa|1
|-boost|p2a: Clefable|spd|1
|
|upkeep
|turn|26
|
|t:|1779815737
|move|p1a: Zapdos|Discharge|p2a: Clefable
|-damage|p2a: Clefable|54/100
|move|p2a: Clefable|Calm Mind|p2a: Clefable
|-boost|p2a: Clefable|spa|1
|-boost|p2a: Clefable|spd|1
|
|upkeep
|turn|27
|
|t:|1779815741
|move|p1a: Zapdos|Discharge|p2a: Clefable
|-damage|p2a: Clefable|46/100
|move|p2a: Clefable|Moonlight|p2a: Clefable
|-heal|p2a: Clefable|96/100
|
|upkeep
|turn|28
|c|☆milkmaster3001|holy shit
|c|☆JaseT|covert cloak
|inactive|milkmaster3001 has 120 seconds left.
|
|t:|1779815773
|move|p1a: Zapdos|Volt Switch|p2a: Clefable
|-damage|p2a: Clefable|89/100
|
|t:|1779815777
|switch|p1a: Slowking|Slowking-Galar, F|100/100 brn|[from] Volt Switch
|move|p2a: Clefable|Moonblast|p1a: Slowking
|-resisted|p1a: Slowking
|-damage|p1a: Slowking|68/100 brn
|
|-damage|p1a: Slowking|61/100 brn|[from] brn
|upkeep
|turn|29
|
|t:|1779815782
|move|p2a: Clefable|Flamethrower|p1a: Slowking
|-damage|p1a: Slowking|18/100 brn
|move|p1a: Slowking|Sludge Bomb|p2a: Clefable
|-supereffective|p2a: Clefable
|-damage|p2a: Clefable|71/100
|
|-damage|p1a: Slowking|12/100 brn|[from] brn
|upkeep
|turn|30
|
|t:|1779815793
|move|p2a: Clefable|Moonblast|p1a: Slowking
|-resisted|p1a: Slowking
|-damage|p1a: Slowking|0 fnt
|faint|p1a: Slowking
|
|upkeep
|
|t:|1779815796
|switch|p1a: Ogerpon|Ogerpon-Wellspring, F|62/100
|-damage|p1a: Ogerpon|50/100|[from] Stealth Rock
|turn|31
|
|t:|1779815799
|-terastallize|p1a: Ogerpon|Water
|detailschange|p1a: Ogerpon|Ogerpon-Wellspring-Tera, F, tera:Water
|-ability|p1a: Ogerpon|Embody Aspect (Wellspring)|boost
|-boost|p1a: Ogerpon|spd|1
|move|p1a: Ogerpon|Ivy Cudgel|p2a: Clefable|[anim] Ivy Cudgel Water
|-damage|p2a: Clefable|7/100
|move|p2a: Clefable|Moonblast|p1a: Ogerpon
|-damage|p1a: Ogerpon|0 fnt
|faint|p1a: Ogerpon
|detailschange|p1: Ogerpon|Ogerpon-Wellspring, F|[silent]
|
|upkeep
|
|t:|1779815807
|switch|p1a: Zapdos|Zapdos|100/100
|turn|32
|
|t:|1779815811
|move|p1a: Zapdos|Discharge|p2a: Clefable
|-damage|p2a: Clefable|0 fnt
|faint|p2a: Clefable
|
|upkeep
|
|t:|1779815816
|switch|p2a: Torkoal|Torkoal, M|33/100
|-weather|SunnyDay|[from] ability: Drought|[of] p2a: Torkoal
|turn|33
|
|t:|1779815820
|move|p1a: Zapdos|Discharge|p2a: Torkoal
|-damage|p2a: Torkoal|3/100
|move|p2a: Torkoal|Overheat|p1a: Zapdos
|-damage|p1a: Zapdos|38/100
|-unboost|p2a: Torkoal|spa|2
|
|-weather|SunnyDay|[upkeep]
|upkeep
|turn|34
|
|t:|1779815826
|move|p1a: Zapdos|Roost|p1a: Zapdos
|-heal|p1a: Zapdos|88/100
|-singleturn|p1a: Zapdos|move: Roost
|move|p2a: Torkoal|Overheat|p1a: Zapdos
|-damage|p1a: Zapdos|59/100
|-unboost|p2a: Torkoal|spa|2
|
|-weather|SunnyDay|[upkeep]
|upkeep
|turn|35
|
|t:|1779815829
|move|p1a: Zapdos|Roost|p1a: Zapdos
|-heal|p1a: Zapdos|100/100
|-singleturn|p1a: Zapdos|move: Roost
|move|p2a: Torkoal|Will-O-Wisp|p1a: Zapdos|[miss]
|-miss|p2a: Torkoal|p1a: Zapdos
|
|-weather|SunnyDay|[upkeep]
|upkeep
|turn|36
|
|t:|1779815832
|move|p1a: Zapdos|Discharge|p2a: Torkoal
|-damage|p2a: Torkoal|0 fnt
|faint|p2a: Torkoal
|
|-weather|SunnyDay|[upkeep]
|upkeep
|inactive|JaseT has 120 seconds left.
|
|t:|1779815864
|switch|p2a: Cinderace|Cinderace, M, tera:Fire|61/100
|turn|37
|
|t:|1779815871
|move|p2a: Cinderace|Flame Charge|p1a: Zapdos
|-damage|p1a: Zapdos|57/100
|-boost|p2a: Cinderace|spe|1
|move|p1a: Zapdos|Discharge|p2a: Cinderace
|-damage|p2a: Cinderace|14/100
|
|-weather|SunnyDay|[upkeep]
|upkeep
|turn|38
|
|t:|1779815880
|move|p2a: Cinderace|Flame Charge|p1a: Zapdos
|-damage|p1a: Zapdos|0 fnt
|-boost|p2a: Cinderace|spe|1
|faint|p1a: Zapdos
|
|win|JaseT
|raw|milkmaster3001's rating: 1460 &rarr; <strong>1440</strong><br />(-20 for losing)
|raw|JaseT's rating: 1462 &rarr; <strong>1482</strong><br />(+20 for winning)
|l|☆JaseT
|player|p2|
|l|☆milkmaster3001
|player|p1|
