|j|☆claudechamp
|j|☆snorlax95127
|t:|1779893359
|gametype|singles
|player|p1|claudechamp|169|1281
|player|p2|snorlax95127|265|1266
|gen|9
|tier|[Gen 9] OU
|rated|
|rule|HP Percentage Mod: HP is shown in percentages
|rule|Endless Battle Clause: Forcing endless battles is banned
|rule|Species Clause: Limit one of each Pokémon
|rule|OHKO Clause: OHKO moves are banned
|rule|Evasion Items Clause: Evasion items are banned
|rule|Evasion Moves Clause: Evasion moves are banned
|rule|Evasion Abilities Clause: Evasion abilities are banned
|rule|Sleep Moves Clause: Sleep-inducing moves are banned
|clearpoke
|poke|p1|Gliscor, F|
|poke|p1|Gholdengo|
|poke|p1|Zamazenta-*|
|poke|p1|Blissey, F|
|poke|p1|Skarmory, M|
|poke|p1|Pecharunt|
|poke|p2|Ninetales, M|
|poke|p2|Moltres|
|poke|p2|Great Tusk|
|poke|p2|Raging Bolt|
|poke|p2|Gholdengo|
|poke|p2|Walking Wake|
|teampreview
|c|☆claudechamp|hf
|inactive|Battle timer is ON: inactive players will automatically lose when time's up. (requested by claudechamp)
|
|t:|1779893367
|teamsize|p1|6
|teamsize|p2|6
|start
|switch|p1a: Skarmory|Skarmory, M|100/100
|switch|p2a: Ninetales|Ninetales, M|100/100
|-weather|SunnyDay|[from] ability: Drought|[of] p2a: Ninetales
|turn|1
|
|t:|1779893376
|switch|p1a: Blissey|Blissey, F|100/100
|move|p2a: Ninetales|Weather Ball|p1a: Blissey
|-damage|p1a: Blissey|86/100
|
|-weather|SunnyDay|[upkeep]
|upkeep
|turn|2
|
|t:|1779893384
|switch|p2a: Great Tusk|Great Tusk|100/100
|-activate|p2a: Great Tusk|ability: Protosynthesis
|-start|p2a: Great Tusk|protosynthesisatk
|move|p1a: Blissey|Stealth Rock|p2a: Great Tusk
|-sidestart|p2: snorlax95127|move: Stealth Rock
|
|-weather|SunnyDay|[upkeep]
|upkeep
|turn|3
|
|t:|1779893392
|switch|p1a: Gliscor|Gliscor, F|100/100
|move|p2a: Great Tusk|Stealth Rock|p1a: Gliscor
|-sidestart|p1: claudechamp|move: Stealth Rock
|
|-weather|SunnyDay|[upkeep]
|-status|p1a: Gliscor|tox|[from] item: Toxic Orb
|upkeep
|turn|4
|
|t:|1779893400
|move|p1a: Gliscor|Swords Dance|p1a: Gliscor
|-boost|p1a: Gliscor|atk|2
|move|p2a: Great Tusk|Rapid Spin|p1a: Gliscor
|-damage|p1a: Gliscor|84/100 tox
|-boost|p2a: Great Tusk|spe|1
|-sideend|p2: snorlax95127|Stealth Rock|[from] move: Rapid Spin|[of] p2a: Great Tusk
|
|-weather|SunnyDay|[upkeep]
|-heal|p1a: Gliscor|96/100 tox|[from] ability: Poison Heal
|upkeep
|turn|5
|
|t:|1779893413
|-end|p2a: Great Tusk|Protosynthesis|[silent]
|switch|p2a: Walking Wake|Walking Wake|100/100
|-activate|p2a: Walking Wake|ability: Protosynthesis
|-start|p2a: Walking Wake|protosynthesisspe
|move|p1a: Gliscor|Earthquake|p2a: Walking Wake
|-damage|p2a: Walking Wake|32/100
|
|-weather|SunnyDay|[upkeep]
|-heal|p1a: Gliscor|100/100 tox|[from] ability: Poison Heal
|upkeep
|turn|6
|
|t:|1779893423
|switch|p1a: Blissey|Blissey, F|86/100
|move|p2a: Walking Wake|Hydro Steam|p1a: Blissey
|-damage|p1a: Blissey|60/100
|
|-weather|SunnyDay|[upkeep]
|upkeep
|turn|7
|
|t:|1779893432
|-end|p2a: Walking Wake|Protosynthesis|[silent]
|switch|p2a: Great Tusk|Great Tusk|100/100
|-activate|p2a: Great Tusk|ability: Protosynthesis
|-start|p2a: Great Tusk|protosynthesisatk
|move|p1a: Blissey|Soft-Boiled|p1a: Blissey
|-heal|p1a: Blissey|100/100
|
|-weather|SunnyDay|[upkeep]
|upkeep
|turn|8
|
|t:|1779893441
|move|p2a: Great Tusk|Earthquake|p1a: Blissey
|-damage|p1a: Blissey|44/100
|move|p1a: Blissey|Stealth Rock|p2a: Great Tusk
|-sidestart|p2: snorlax95127|move: Stealth Rock
|
|-weather|none
|-end|p2a: Great Tusk|Protosynthesis
|upkeep
|turn|9
|
|t:|1779893456
|switch|p1a: Pecharunt|Pecharunt|100/100
|move|p2a: Great Tusk|Earthquake|p1a: Pecharunt
|-supereffective|p1a: Pecharunt
|-damage|p1a: Pecharunt|56/100
|
|upkeep
|turn|10
|
|t:|1779893462
|move|p1a: Pecharunt|Toxic|p2a: Great Tusk
|-status|p2a: Great Tusk|tox
|-start|p2a: Great Tusk|confusion|[from] ability: Poison Puppeteer|[of] p1a: Pecharunt
|-activate|p2a: Great Tusk|confusion
|-damage|p2a: Great Tusk|94/100 tox|[from] confusion
|
|-heal|p2a: Great Tusk|99/100 tox|[from] item: Leftovers
|-damage|p2a: Great Tusk|94/100 tox|[from] psn
|upkeep
|turn|11
|
|t:|1779893473
|move|p1a: Pecharunt|Shadow Ball|p2a: Great Tusk
|-crit|p2a: Great Tusk
|-damage|p2a: Great Tusk|62/100 tox
|-unboost|p2a: Great Tusk|spd|1
|-activate|p2a: Great Tusk|confusion
|move|p2a: Great Tusk|Earthquake|p1a: Pecharunt
|-supereffective|p1a: Pecharunt
|-damage|p1a: Pecharunt|13/100
|
|-heal|p2a: Great Tusk|68/100 tox|[from] item: Leftovers
|-damage|p2a: Great Tusk|56/100 tox|[from] psn
|upkeep
|turn|12
|
|t:|1779893486
|-end|p2a: Great Tusk|Protosynthesis|[silent]
|switch|p2a: Moltres|Moltres|100/100
|move|p1a: Pecharunt|Shadow Ball|p2a: Moltres
|-damage|p2a: Moltres|78/100
|
|upkeep
|turn|13
|
|t:|1779893493
|move|p1a: Pecharunt|Recover|p1a: Pecharunt
|-heal|p1a: Pecharunt|63/100
|move|p2a: Moltres|Brave Bird|p1a: Pecharunt
|-damage|p1a: Pecharunt|43/100
|-damage|p2a: Moltres|72/100|[from] Recoil
|
|upkeep
|turn|14
|
|t:|1779893501
|move|p1a: Pecharunt|Recover|p1a: Pecharunt
|-heal|p1a: Pecharunt|93/100
|move|p2a: Moltres|Flamethrower|p1a: Pecharunt
|-damage|p1a: Pecharunt|58/100
|
|upkeep
|turn|15
|
|t:|1779893507
|move|p1a: Pecharunt|Recover|p1a: Pecharunt
|-heal|p1a: Pecharunt|100/100
|move|p2a: Moltres|Flamethrower|p1a: Pecharunt
|-damage|p1a: Pecharunt|65/100
|
|upkeep
|turn|16
|
|t:|1779893521
|move|p1a: Pecharunt|Toxic|p2a: Moltres
|-status|p2a: Moltres|tox
|-start|p2a: Moltres|confusion|[from] ability: Poison Puppeteer|[of] p1a: Pecharunt
|-activate|p2a: Moltres|confusion
|move|p2a: Moltres|Flamethrower|p1a: Pecharunt
|-damage|p1a: Pecharunt|25/100
|
|-damage|p2a: Moltres|66/100 tox|[from] psn
|upkeep
|turn|17
|
|t:|1779893531
|move|p1a: Pecharunt|Recover|p1a: Pecharunt
|-heal|p1a: Pecharunt|75/100
|-activate|p2a: Moltres|confusion
|move|p2a: Moltres|Flamethrower|p1a: Pecharunt
|-damage|p1a: Pecharunt|39/100
|
|-damage|p2a: Moltres|53/100 tox|[from] psn
|upkeep
|turn|18
|
|t:|1779893540
|move|p1a: Pecharunt|Recover|p1a: Pecharunt
|-heal|p1a: Pecharunt|89/100
|-activate|p2a: Moltres|confusion
|-damage|p2a: Moltres|46/100 tox|[from] confusion
|
|-damage|p2a: Moltres|27/100 tox|[from] psn
|upkeep
|turn|19
|l|☆snorlax95127
|inactive|snorlax95127 disconnected and has a minute to reconnect!
|player|p2|
|inactive|snorlax95127 has 30 seconds to reconnect!
|inactive|snorlax95127 has 20 seconds to reconnect!
|inactive|snorlax95127 has 15 seconds to reconnect!
|inactive|snorlax95127 has 10 seconds to reconnect!
|inactive|snorlax95127 has 5 seconds to reconnect!
|-message|snorlax95127 lost due to inactivity.
|
|win|claudechamp
|raw|claudechamp's rating: 1303 &rarr; <strong>1321</strong><br />(+18 for winning)
|raw|snorlax95127's rating: 1266 &rarr; <strong>1244</strong><br />(-22 for losing)
|c|☆claudechamp|gg
