|j|☆dopeloveguccimane
|j|☆claudechamp
|t:|1779885969
|gametype|singles
|player|p1|dopeloveguccimane|misty-gen1|1379
|player|p2|claudechamp|169|1356
|gen|9
|tier|[Gen 9] OU
|rated|
|rule|HP Percentage Mod: HP is shown in percentages
|rule|Endless Battle Clause: Forcing endless battles is banned
|rule|Species Clause: Limit one of each Pokémon
|rule|OHKO Clause: OHKO moves are banned
|rule|Evasion Items Clause: Evasion items are banned
|rule|Evasion Moves Clause: Evasion moves are banned
|rule|Evasion Abilities Clause: Evasion abilities are banned
|rule|Sleep Moves Clause: Sleep-inducing moves are banned
|clearpoke
|poke|p1|Pelipper, M|
|poke|p1|Raging Bolt|
|poke|p1|Overqwil, M|
|poke|p1|Barraskewda, M|
|poke|p1|Iron Treads|
|poke|p1|Kingambit, M|
|poke|p2|Corviknight, F|
|poke|p2|Ting-Lu|
|poke|p2|Kyurem|
|poke|p2|Dondozo, F|
|poke|p2|Slowking-Galar, M|
|poke|p2|Cinderace, M|
|teampreview
|c|☆claudechamp|hf
|inactive|Battle timer is ON: inactive players will automatically lose when time's up. (requested by claudechamp)
|
|t:|1779885989
|teamsize|p1|6
|teamsize|p2|6
|start
|switch|p1a: elephant|Iron Treads|100/100
|switch|p2a: Cinderace|Cinderace, M|100/100
|-enditem|p1a: elephant|Booster Energy
|-activate|p1a: elephant|ability: Quark Drive|[fromitem]
|-start|p1a: elephant|quarkdrivespe
|turn|1
|
|t:|1779886005
|switch|p2a: Kyurem|Kyurem|100/100
|-ability|p2a: Kyurem|Pressure
|move|p1a: elephant|Earth Power|p2a: Kyurem
|-damage|p2a: Kyurem|70/100
|
|-heal|p2a: Kyurem|76/100|[from] item: Leftovers
|upkeep
|turn|2
|inactive|dopeloveguccimane has 120 seconds left.
|
|t:|1779886048
|-terastallize|p2a: Kyurem|Ground
|move|p1a: elephant|Steel Beam|p2a: Kyurem
|-damage|p2a: Kyurem|27/100
|-damage|p1a: elephant|50/100|[from] steelbeam
|move|p2a: Kyurem|Earth Power|p1a: elephant
|-supereffective|p1a: elephant
|-damage|p1a: elephant|0 fnt
|faint|p1a: elephant
|-end|p1a: elephant|Quark Drive|[silent]
|
|-heal|p2a: Kyurem|33/100|[from] item: Leftovers
|upkeep
|
|t:|1779886051
|switch|p1a: fast fish|Barraskewda, M, shiny|100/100
|turn|3
|
|t:|1779886065
|move|p1a: fast fish|Flip Turn|p2a: Kyurem
|-supereffective|p2a: Kyurem
|-damage|p2a: Kyurem|0 fnt
|faint|p2a: Kyurem
|
|t:|1779886068
|switch|p1a: goy|Pelipper, M|100/100|[from] Flip Turn
|-weather|RainDance|[from] ability: Drizzle|[of] p1a: goy
|
|-weather|RainDance|[upkeep]
|upkeep
|c|☆dopeloveguccimane|crazy play
|
|t:|1779886078
|switch|p2a: Slowking|Slowking-Galar, M|100/100
|turn|4
|inactive|dopeloveguccimane has 120 seconds left.
|
|t:|1779886108
|move|p1a: goy|U-turn|p2a: Slowking
|-damage|p2a: Slowking|94/100
|
|t:|1779886109
|switch|p1a: fast fish|Barraskewda, M, shiny|100/100|[from] U-turn
|move|p2a: Slowking|Sludge Bomb|p1a: fast fish
|-damage|p1a: fast fish|31/100
|
|-weather|RainDance|[upkeep]
|upkeep
|turn|5
|
|t:|1779886123
|move|p1a: fast fish|Flip Turn|p2a: Slowking
|-damage|p2a: Slowking|38/100
|
|t:|1779886125
|switch|p1a: gunk shot miss|Overqwil, M|100/100|[from] Flip Turn
|move|p2a: Slowking|Ice Beam|p1a: gunk shot miss
|-damage|p1a: gunk shot miss|67/100
|
|-weather|RainDance|[upkeep]
|upkeep
|turn|6
|
|t:|1779886138
|move|p1a: gunk shot miss|Swords Dance|p1a: gunk shot miss
|-boost|p1a: gunk shot miss|atk|2
|move|p2a: Slowking|Sludge Bomb|p1a: gunk shot miss
|-resisted|p1a: gunk shot miss
|-damage|p1a: gunk shot miss|42/100
|
|-weather|RainDance|[upkeep]
|upkeep
|turn|7
|inactive|dopeloveguccimane has 120 seconds left.
|inactive|dopeloveguccimane has 90 seconds left.
|
|t:|1779886215
|move|p1a: gunk shot miss|Crunch|p2a: Slowking
|-supereffective|p2a: Slowking
|-damage|p2a: Slowking|0 fnt
|faint|p2a: Slowking
|-damage|p1a: gunk shot miss|33/100|[from] item: Life Orb
|
|-weather|RainDance|[upkeep]
|upkeep
|
|t:|1779886223
|switch|p2a: Dondozo|Dondozo, F|100/100
|turn|8
|
|t:|1779886236
|switch|p1a: goy|Pelipper, M|100/100
|move|p2a: Dondozo|Waterfall|p1a: goy
|-resisted|p1a: goy
|-damage|p1a: goy|86/100
|
|-weather|RainDance|[upkeep]
|upkeep
|turn|9
|
|t:|1779886247
|move|p1a: goy|U-turn|p2a: Dondozo
|-damage|p2a: Dondozo|95/100
|
|t:|1779886250
|switch|p1a: bird|Raging Bolt|100/100|[from] U-turn
|-enditem|p1a: bird|Booster Energy
|-activate|p1a: bird|ability: Protosynthesis|[fromitem]
|-start|p1a: bird|protosynthesisspa
|move|p2a: Dondozo|Curse|p2a: Dondozo
|-unboost|p2a: Dondozo|spe|1
|-boost|p2a: Dondozo|atk|1
|-boost|p2a: Dondozo|def|1
|
|-weather|RainDance|[upkeep]
|-heal|p2a: Dondozo|100/100|[from] item: Leftovers
|upkeep
|turn|10
|
|t:|1779886260
|switch|p2a: Ting-Lu|Ting-Lu|100/100
|-ability|p2a: Ting-Lu|Vessel of Ruin
|move|p1a: bird|Weather Ball|p2a: Ting-Lu
|-supereffective|p2a: Ting-Lu
|-damage|p2a: Ting-Lu|40/100
|
|-weather|none
|-heal|p2a: Ting-Lu|46/100|[from] item: Leftovers
|upkeep
|turn|11
|inactive|dopeloveguccimane has 120 seconds left.
|
|t:|1779886270
|move|p1a: bird|Draco Meteor|p2a: Ting-Lu
|-damage|p2a: Ting-Lu|1/100
|-unboost|p1a: bird|spa|2
|move|p2a: Ting-Lu|Rest|p2a: Ting-Lu
|-status|p2a: Ting-Lu|slp|[from] move: Rest
|-heal|p2a: Ting-Lu|100/100 slp|[silent]
|
|upkeep
|turn|12
|
|t:|1779886286
|-end|p1a: bird|Protosynthesis|[silent]
|switch|p1a: goy|Pelipper, M|86/100
|-weather|RainDance|[from] ability: Drizzle|[of] p1a: goy
|cant|p2a: Ting-Lu|slp
|move|p2a: Ting-Lu|Sleep Talk|p2a: Ting-Lu
|move|p2a: Ting-Lu|Payback|p1a: goy|[from] move: Sleep Talk
|-damage|p1a: goy|71/100
|
|-weather|RainDance|[upkeep]
|upkeep
|turn|13
|
|t:|1779886303
|switch|p2a: Dondozo|Dondozo, F|100/100
|move|p1a: goy|U-turn|p2a: Dondozo
|-damage|p2a: Dondozo|95/100
|inactive|dopeloveguccimane has 120 seconds left.
|inactive|dopeloveguccimane has 90 seconds left.
|
|t:|1779886361
|switch|p1a: bird|Raging Bolt|100/100|[from] U-turn
|
|-weather|RainDance|[upkeep]
|-heal|p2a: Dondozo|100/100|[from] item: Leftovers
|upkeep
|turn|14
|
|t:|1779886379
|move|p1a: bird|Thunder|p2a: Dondozo
|-supereffective|p2a: Dondozo
|-damage|p2a: Dondozo|22/100
|-status|p2a: Dondozo|par
|move|p2a: Dondozo|Curse|p2a: Dondozo
|-unboost|p2a: Dondozo|spe|1
|-boost|p2a: Dondozo|atk|1
|-boost|p2a: Dondozo|def|1
|
|-weather|RainDance|[upkeep]
|-heal|p2a: Dondozo|28/100 par|[from] item: Leftovers
|upkeep
|turn|15
|
|t:|1779886397
|move|p1a: bird|Draco Meteor|p2a: Dondozo
|-damage|p2a: Dondozo|0 fnt
|-unboost|p1a: bird|spa|2
|faint|p2a: Dondozo
|
|-weather|RainDance|[upkeep]
|upkeep
|inactive|claudechamp has 120 seconds left.
|
|t:|1779886413
|switch|p2a: Ting-Lu|Ting-Lu|100/100 slp
|-ability|p2a: Ting-Lu|Vessel of Ruin
|turn|16
|inactive|claudechamp has 120 seconds left.
|inactive|dopeloveguccimane has 90 seconds left.
|
|t:|1779886455
|move|p1a: bird|Weather Ball|p2a: Ting-Lu
|-supereffective|p2a: Ting-Lu
|-damage|p2a: Ting-Lu|74/100 slp
|cant|p2a: Ting-Lu|slp
|move|p2a: Ting-Lu|Sleep Talk|p2a: Ting-Lu
|move|p2a: Ting-Lu|Earthquake|p1a: bird|[from] move: Sleep Talk
|-supereffective|p1a: bird
|-damage|p1a: bird|38/100
|
|-weather|RainDance|[upkeep]
|-heal|p2a: Ting-Lu|81/100 slp|[from] item: Leftovers
|upkeep
|turn|17
|inactive|claudechamp has 120 seconds left.
|
|t:|1779886473
|-end|p1a: bird|Protosynthesis|[silent]
|switch|p1a: goy|Pelipper, M|71/100
|-curestatus|p2a: Ting-Lu|slp|[msg]
|move|p2a: Ting-Lu|Payback|p1a: goy
|-damage|p1a: goy|57/100
|
|-weather|RainDance|[upkeep]
|-heal|p2a: Ting-Lu|87/100|[from] item: Leftovers
|upkeep
|turn|18
|
|t:|1779886488
|move|p2a: Ting-Lu|Payback|p1a: goy
|-crit|p1a: goy
|-damage|p1a: goy|37/100
|move|p1a: goy|Roost|p1a: goy
|-heal|p1a: goy|87/100
|-singleturn|p1a: goy|move: Roost
|
|-weather|RainDance|[upkeep]
|-heal|p2a: Ting-Lu|93/100|[from] item: Leftovers
|upkeep
|turn|19
|inactive|dopeloveguccimane has 90 seconds left.
|
|t:|1779886520
|move|p2a: Ting-Lu|Payback|p1a: goy
|-damage|p1a: goy|74/100
|move|p1a: goy|Weather Ball|p2a: Ting-Lu
|-supereffective|p2a: Ting-Lu
|-damage|p2a: Ting-Lu|51/100
|
|-weather|none
|-heal|p2a: Ting-Lu|57/100|[from] item: Leftovers
|upkeep
|turn|20
|
|t:|1779886530
|move|p2a: Ting-Lu|Payback|p1a: goy
|-damage|p1a: goy|58/100
|move|p1a: goy|U-turn|p2a: Ting-Lu
|-supereffective|p2a: Ting-Lu
|-damage|p2a: Ting-Lu|46/100
|
|t:|1779886531
|switch|p1a: fast fish|Barraskewda, M, shiny|31/100|[from] U-turn
|
|-heal|p2a: Ting-Lu|53/100|[from] item: Leftovers
|upkeep
|turn|21
|
|t:|1779886540
|move|p1a: fast fish|Flip Turn|p2a: Ting-Lu
|-supereffective|p2a: Ting-Lu
|-damage|p2a: Ting-Lu|1/100
|
|t:|1779886542
|switch|p1a: goy|Pelipper, M|58/100|[from] Flip Turn
|-weather|RainDance|[from] ability: Drizzle|[of] p1a: goy
|move|p2a: Ting-Lu|Rest|p2a: Ting-Lu
|-status|p2a: Ting-Lu|slp|[from] move: Rest
|-heal|p2a: Ting-Lu|100/100 slp|[silent]
|
|-weather|RainDance|[upkeep]
|upkeep
|turn|22
|
|t:|1779886555
|switch|p2a: Corviknight|Corviknight, F|100/100
|-ability|p2a: Corviknight|Pressure
|move|p1a: goy|Weather Ball|p2a: Corviknight
|-damage|p2a: Corviknight|48/100
|
|-weather|RainDance|[upkeep]
|upkeep
|turn|23
|inactive|dopeloveguccimane has 120 seconds left.
|
|t:|1779886570
|move|p2a: Corviknight|Roost|p2a: Corviknight
|-heal|p2a: Corviknight|98/100
|-singleturn|p2a: Corviknight|move: Roost
|move|p1a: goy|Weather Ball|p2a: Corviknight
|-damage|p2a: Corviknight|49/100
|
|-weather|RainDance|[upkeep]
|upkeep
|turn|24
|
|t:|1779886581
|move|p2a: Corviknight|Roost|p2a: Corviknight
|-heal|p2a: Corviknight|99/100
|-singleturn|p2a: Corviknight|move: Roost
|move|p1a: goy|U-turn|p2a: Corviknight
|-resisted|p2a: Corviknight
|-damage|p2a: Corviknight|96/100
|-damage|p1a: goy|42/100|[from] item: Rocky Helmet|[of] p2a: Corviknight
|inactive|dopeloveguccimane has 120 seconds left.
|inactive|dopeloveguccimane has 90 seconds left.
|
|t:|1779886633
|switch|p1a: bird|Raging Bolt|38/100|[from] U-turn
|
|-weather|RainDance|[upkeep]
|upkeep
|turn|25
|
|t:|1779886641
|switch|p2a: Ting-Lu|Ting-Lu|100/100 slp
|-ability|p2a: Ting-Lu|Vessel of Ruin
|move|p1a: bird|Weather Ball|p2a: Ting-Lu
|-supereffective|p2a: Ting-Lu
|-damage|p2a: Ting-Lu|48/100 slp
|
|-weather|RainDance|[upkeep]
|-heal|p2a: Ting-Lu|54/100 slp|[from] item: Leftovers
|upkeep
|turn|26
|
|t:|1779886650
|move|p1a: bird|Weather Ball|p2a: Ting-Lu
|-supereffective|p2a: Ting-Lu
|-damage|p2a: Ting-Lu|3/100 slp
|cant|p2a: Ting-Lu|slp
|move|p2a: Ting-Lu|Sleep Talk|p2a: Ting-Lu
|move|p2a: Ting-Lu|Rest||[from] move: Sleep Talk|[still]
|-fail|p2a: Ting-Lu
|
|-weather|RainDance|[upkeep]
|-heal|p2a: Ting-Lu|9/100 slp|[from] item: Leftovers
|upkeep
|turn|27
|
|t:|1779886661
|move|p1a: bird|Weather Ball|p2a: Ting-Lu
|-supereffective|p2a: Ting-Lu
|-damage|p2a: Ting-Lu|0 fnt
|faint|p2a: Ting-Lu
|
|-weather|RainDance|[upkeep]
|upkeep
|
|t:|1779886667
|switch|p2a: Cinderace|Cinderace, M|100/100
|turn|28
|
|t:|1779886677
|-end|p1a: bird|Protosynthesis|[silent]
|switch|p1a: Kingambit|Kingambit, M|100/100
|-activate|p1a: Kingambit|ability: Supreme Overlord
|-start|p1a: Kingambit|fallen1|[silent]
|move|p2a: Cinderace|U-turn|p1a: Kingambit
|-damage|p1a: Kingambit|87/100
|
|t:|1779886687
|switch|p2a: Corviknight|Corviknight, F|96/100|[from] U-turn
|-ability|p2a: Corviknight|Pressure
|
|-weather|none
|-heal|p1a: Kingambit|94/100|[from] item: Leftovers
|upkeep
|turn|29
|
|t:|1779886700
|-end|p1a: Kingambit|fallen1|[silent]
|switch|p1a: goy|Pelipper, M|42/100
|-weather|RainDance|[from] ability: Drizzle|[of] p1a: goy
|move|p2a: Corviknight|U-turn|p1a: goy
|-resisted|p1a: goy
|-damage|p1a: goy|36/100
|
|t:|1779886705
|switch|p2a: Cinderace|Cinderace, M|100/100|[from] U-turn
|
|-weather|RainDance|[upkeep]
|upkeep
|turn|30
|
|t:|1779886713
|move|p2a: Cinderace|U-turn|p1a: goy
|-resisted|p1a: goy
|-damage|p1a: goy|29/100
|
|t:|1779886715
|switch|p2a: Corviknight|Corviknight, F|96/100|[from] U-turn
|-ability|p2a: Corviknight|Pressure
|move|p1a: goy|Weather Ball|p2a: Corviknight
|-damage|p2a: Corviknight|50/100
|
|-weather|RainDance|[upkeep]
|upkeep
|turn|31
|
|t:|1779886721
|move|p2a: Corviknight|Roost|p2a: Corviknight
|-heal|p2a: Corviknight|100/100
|-singleturn|p2a: Corviknight|move: Roost
|move|p1a: goy|Roost|p1a: goy
|-heal|p1a: goy|79/100
|-singleturn|p1a: goy|move: Roost
|
|-weather|RainDance|[upkeep]
|upkeep
|turn|32
|c|☆dopeloveguccimane|gg
|
|t:|1779886728
|move|p2a: Corviknight|U-turn|p1a: goy
|-resisted|p1a: goy
|-damage|p1a: goy|74/100
|
|t:|1779886741
|switch|p2a: Cinderace|Cinderace, M|100/100|[from] U-turn
|move|p1a: goy|U-turn|p2a: Cinderace
|-resisted|p2a: Cinderace
|-damage|p2a: Cinderace|95/100
|
|t:|1779886745
|switch|p1a: gunk shot miss|Overqwil, M|33/100|[from] U-turn
|
|-weather|RainDance|[upkeep]
|upkeep
|turn|33
|
|t:|1779886756
|move|p1a: gunk shot miss|Swords Dance|p1a: gunk shot miss
|-boost|p1a: gunk shot miss|atk|2
|move|p2a: Cinderace|U-turn|p1a: gunk shot miss
|-damage|p1a: gunk shot miss|10/100
|
|t:|1779886772
|switch|p2a: Corviknight|Corviknight, F|100/100|[from] U-turn
|-ability|p2a: Corviknight|Pressure
|
|-weather|RainDance|[upkeep]
|upkeep
|turn|34
|
|t:|1779886784
|move|p1a: gunk shot miss|Liquidation|p2a: Corviknight
|-damage|p2a: Corviknight|29/100
|-damage|p1a: gunk shot miss|0 fnt|[from] item: Rocky Helmet|[of] p2a: Corviknight
|faint|p1a: gunk shot miss
|move|p2a: Corviknight|Brave Bird|p1: gunk shot miss|[notarget]
|-fail|p2a: Corviknight
|
|-weather|RainDance|[upkeep]
|upkeep
|
|t:|1779886787
|switch|p1a: bird|Raging Bolt|38/100
|turn|35
|
|t:|1779886797
|move|p1a: bird|Thunder|p2a: Corviknight
|-supereffective|p2a: Corviknight
|-damage|p2a: Corviknight|0 fnt
|faint|p2a: Corviknight
|
|-weather|RainDance|[upkeep]
|upkeep
|
|t:|1779886804
|switch|p2a: Cinderace|Cinderace, M|95/100
|turn|36
|
|t:|1779886809
|move|p1a: bird|Thunderclap||[still]
|-fail|p1a: bird
|move|p2a: Cinderace|Will-O-Wisp|p1a: bird
|-status|p1a: bird|brn
|
|-weather|none
|-damage|p1a: bird|32/100 brn|[from] brn
|upkeep
|turn|37
|
|t:|1779886819
|move|p1a: bird|Thunderclap|p2a: Cinderace
|-damage|p2a: Cinderace|45/100
|move|p2a: Cinderace|Pyro Ball|p1a: bird
|-resisted|p1a: bird
|-damage|p1a: bird|10/100 brn
|
|-damage|p1a: bird|4/100 brn|[from] brn
|upkeep
|turn|38
|
|t:|1779886828
|move|p1a: bird|Thunderclap|p2a: Cinderace
|-damage|p2a: Cinderace|0 fnt
|faint|p2a: Cinderace
|
|win|dopeloveguccimane
|raw|dopeloveguccimane's rating: 1379 &rarr; <strong>1395</strong><br />(+16 for winning)
|raw|claudechamp's rating: 1314 &rarr; <strong>1298</strong><br />(-16 for losing)
|l|☆dopeloveguccimane
|player|p1|
|c|☆claudechamp|gg
