|j|☆Abracadaver
|j|☆Charzeus the GOAT
|t:|1779885069
|gametype|singles
|player|p1|Abracadaver|102|1299
|player|p2|Charzeus the GOAT|102|1292
|gen|9
|tier|[Gen 9] OU
|rated|
|rule|HP Percentage Mod: HP is shown in percentages
|rule|Endless Battle Clause: Forcing endless battles is banned
|rule|Species Clause: Limit one of each Pokémon
|rule|OHKO Clause: OHKO moves are banned
|rule|Evasion Items Clause: Evasion items are banned
|rule|Evasion Moves Clause: Evasion moves are banned
|rule|Evasion Abilities Clause: Evasion abilities are banned
|rule|Sleep Moves Clause: Sleep-inducing moves are banned
|clearpoke
|poke|p1|Umbreon, M|
|poke|p1|Mimikyu, F|
|poke|p1|Dragonite, F|
|poke|p1|Gastrodon-East, M|
|poke|p1|Zapdos|
|poke|p1|Rillaboom, F|
|poke|p2|Deoxys-Speed|
|poke|p2|Charizard, F|
|poke|p2|Corviknight, F|
|poke|p2|Torkoal, M|
|poke|p2|Walking Wake|
|poke|p2|Alomomola, M|
|teampreview
|
|t:|1779885144
|teamsize|p1|6
|teamsize|p2|6
|start
|switch|p1a: Umbreon|Umbreon, M, shiny|100/100
|switch|p2a: Deoxys|Deoxys-Speed|100/100
|-ability|p2a: Deoxys|Pressure
|turn|1
|
|t:|1779885154
|switch|p2a: Corviknight|Corviknight, F|100/100
|-ability|p2a: Corviknight|Pressure
|move|p1a: Umbreon|Foul Play|p2a: Corviknight
|-damage|p2a: Corviknight|82/100
|
|-heal|p2a: Corviknight|88/100|[from] item: Leftovers
|upkeep
|turn|2
|
|t:|1779885172
|move|p1a: Umbreon|Wish|p1a: Umbreon
|move|p2a: Corviknight|U-turn|p1a: Umbreon
|-supereffective|p1a: Umbreon
|-crit|p1a: Umbreon
|-damage|p1a: Umbreon|66/100
|
|t:|1779885176
|switch|p2a: Torkoal|Torkoal, M|100/100|[from] U-turn
|-weather|SunnyDay|[from] ability: Drought|[of] p2a: Torkoal
|
|-weather|SunnyDay|[upkeep]
|-heal|p1a: Umbreon|72/100|[from] item: Leftovers
|upkeep
|turn|3
|
|t:|1779885184
|move|p1a: Umbreon|Toxic|p2a: Torkoal
|-status|p2a: Torkoal|tox
|move|p2a: Torkoal|Stealth Rock|p1a: Umbreon
|-sidestart|p1: Abracadaver|move: Stealth Rock
|
|-weather|SunnyDay|[upkeep]
|-heal|p1a: Umbreon|100/100|[from] move: Wish|[wisher] Umbreon
|-damage|p2a: Torkoal|94/100 tox|[from] psn
|upkeep
|turn|4
|
|t:|1779885192
|move|p1a: Umbreon|Wish|p1a: Umbreon
|move|p2a: Torkoal|Overheat|p1a: Umbreon|[miss]
|-miss|p2a: Torkoal|p1a: Umbreon
|
|-weather|SunnyDay|[upkeep]
|-damage|p2a: Torkoal|82/100 tox|[from] psn
|upkeep
|turn|5
|
|t:|1779885199
|move|p1a: Umbreon|Foul Play|p2a: Torkoal
|-damage|p2a: Torkoal|65/100 tox
|move|p2a: Torkoal|Overheat|p1a: Umbreon
|-damage|p1a: Umbreon|60/100
|-unboost|p2a: Torkoal|spa|2
|-enditem|p2a: Torkoal|Eject Pack
|
|t:|1779885202
|switch|p2a: Charizard|Charizard, F|100/100
|
|-weather|SunnyDay|[upkeep]
|-damage|p2a: Charizard|88/100|[from] ability: Solar Power|[of] p2a: Charizard
|-heal|p1a: Umbreon|100/100|[from] move: Wish|[wisher] Umbreon
|upkeep
|turn|6
|
|t:|1779885211
|move|p2a: Charizard|Overheat|p1a: Umbreon
|-damage|p1a: Umbreon|0 fnt
|-unboost|p2a: Charizard|spa|2
|faint|p1a: Umbreon
|
|-weather|none
|upkeep
|
|t:|1779885224
|switch|p1a: Dragonite|Dragonite, F|100/100
|-damage|p1a: Dragonite|75/100|[from] Stealth Rock
|turn|7
|inactive|Battle timer is ON: inactive players will automatically lose when time's up. (requested by Abracadaver)
|
|t:|1779885268
|switch|p2a: Corviknight|Corviknight, F|88/100
|-ability|p2a: Corviknight|Pressure
|move|p1a: Dragonite|Dragon Dance|p1a: Dragonite
|-boost|p1a: Dragonite|atk|1
|-boost|p1a: Dragonite|spe|1
|
|-heal|p2a: Corviknight|95/100|[from] item: Leftovers
|upkeep
|turn|8
|
|t:|1779885277
|move|p1a: Dragonite|Dragon Dance|p1a: Dragonite
|-boost|p1a: Dragonite|atk|1
|-boost|p1a: Dragonite|spe|1
|move|p2a: Corviknight|Brave Bird|p1a: Dragonite
|-damage|p1a: Dragonite|32/100
|-damage|p2a: Corviknight|83/100|[from] Recoil
|
|-heal|p2a: Corviknight|89/100|[from] item: Leftovers
|upkeep
|turn|9
|
|t:|1779885289
|move|p1a: Dragonite|Thunder Punch|p2a: Corviknight
|-supereffective|p2a: Corviknight
|-damage|p2a: Corviknight|19/100
|move|p2a: Corviknight|Brave Bird|p1a: Dragonite
|-damage|p1a: Dragonite|0 fnt
|faint|p1a: Dragonite
|-damage|p2a: Corviknight|10/100|[from] Recoil
|
|-heal|p2a: Corviknight|17/100|[from] item: Leftovers
|upkeep
|
|t:|1779885299
|switch|p1a: Zapdos|Zapdos|100/100
|turn|10
|
|t:|1779885304
|move|p1a: Zapdos|Thunderbolt|p2a: Corviknight
|-supereffective|p2a: Corviknight
|-damage|p2a: Corviknight|0 fnt
|faint|p2a: Corviknight
|
|upkeep
|
|t:|1779885310
|switch|p2a: Deoxys|Deoxys-Speed|100/100
|-ability|p2a: Deoxys|Pressure
|turn|11
|l|☆Abracadaver
|inactive|Abracadaver disconnected and has a minute to reconnect!
|player|p1|
|j|☆Abracadaver
|inactive|Abracadaver reconnected and has 130 seconds left.
|player|p1|Abracadaver|102|
|
|t:|1779885336
|move|p2a: Deoxys|Sunny Day|p2a: Deoxys
|-weather|SunnyDay
|move|p1a: Zapdos|Hurricane|p2a: Deoxys|[miss]
|-miss|p1a: Zapdos|p2a: Deoxys
|
|-weather|SunnyDay|[upkeep]
|upkeep
|turn|12
|
|t:|1779885341
|move|p1a: Zapdos|Hurricane|p2a: Deoxys
|-crit|p2a: Deoxys
|-damage|p2a: Deoxys|0 fnt
|faint|p2a: Deoxys
|
|-weather|SunnyDay|[upkeep]
|upkeep
|
|t:|1779885344
|switch|p2a: Charizard|Charizard, F|88/100
|turn|13
|
|t:|1779885355
|move|p2a: Charizard|Weather Ball|p1a: Zapdos
|-damage|p1a: Zapdos|0 fnt
|faint|p1a: Zapdos
|
|-weather|SunnyDay|[upkeep]
|-damage|p2a: Charizard|76/100|[from] ability: Solar Power|[of] p2a: Charizard
|upkeep
|
|t:|1779885362
|switch|p1a: Gastrodon|Gastrodon-East, M|100/100
|-damage|p1a: Gastrodon|94/100|[from] Stealth Rock
|turn|14
|
|t:|1779885382
|-terastallize|p1a: Gastrodon|Poison
|move|p2a: Charizard|Weather Ball|p1a: Gastrodon
|-crit|p1a: Gastrodon
|-damage|p1a: Gastrodon|0 fnt
|faint|p1a: Gastrodon
|
|-weather|SunnyDay|[upkeep]
|-damage|p2a: Charizard|63/100|[from] ability: Solar Power|[of] p2a: Charizard
|upkeep
|
|t:|1779885390
|switch|p1a: Mimikyu|Mimikyu, F|100/100
|-damage|p1a: Mimikyu|88/100|[from] Stealth Rock
|turn|15
|
|t:|1779885394
|switch|p2a: Alomomola|Alomomola, M|100/100
|move|p1a: Mimikyu|Swords Dance|p1a: Mimikyu
|-boost|p1a: Mimikyu|atk|2
|
|-weather|SunnyDay|[upkeep]
|upkeep
|turn|16
|
|t:|1779885400
|move|p1a: Mimikyu|Swords Dance|p1a: Mimikyu
|-boost|p1a: Mimikyu|atk|2
|move|p2a: Alomomola|Flip Turn|p1a: Mimikyu
|-activate|p1a: Mimikyu|ability: Disguise
|-damage|p1a: Mimikyu|88/100
|detailschange|p1a: Mimikyu|Mimikyu-Busted, F
|-damage|p1a: Mimikyu|76/100|[from] pokemon: Mimikyu-Busted
|
|t:|1779885403
|switch|p2a: Torkoal|Torkoal, M|65/100 tox|[from] Flip Turn
|
|-weather|SunnyDay|[upkeep]
|-damage|p2a: Torkoal|59/100 tox|[from] psn
|upkeep
|turn|17
|
|t:|1779885413
|move|p1a: Mimikyu|Drain Punch|p2a: Torkoal
|-damage|p2a: Torkoal|0 fnt
|-heal|p1a: Mimikyu|100/100|[from] drain|[of] p2a: Torkoal
|faint|p2a: Torkoal
|-damage|p1a: Mimikyu|91/100|[from] item: Life Orb
|
|-weather|SunnyDay|[upkeep]
|upkeep
|
|t:|1779885417
|switch|p2a: Walking Wake|Walking Wake|100/100
|-activate|p2a: Walking Wake|ability: Protosynthesis
|-start|p2a: Walking Wake|protosynthesisspe
|turn|18
|
|t:|1779885427
|move|p1a: Mimikyu|Shadow Sneak|p2a: Walking Wake
|-damage|p2a: Walking Wake|31/100
|-damage|p1a: Mimikyu|81/100|[from] item: Life Orb
|move|p2a: Walking Wake|Hydro Steam|p1a: Mimikyu
|-damage|p1a: Mimikyu|0 fnt
|faint|p1a: Mimikyu
|-damage|p2a: Walking Wake|22/100|[from] item: Life Orb
|
|-weather|none
|-end|p2a: Walking Wake|Protosynthesis
|upkeep
|
|t:|1779885436
|switch|p1a: Rillaboom|Rillaboom, F|100/100
|-damage|p1a: Rillaboom|88/100|[from] Stealth Rock
|-fieldstart|move: Grassy Terrain|[from] ability: Grassy Surge|[of] p1a: Rillaboom
|turn|19
|
|t:|1779885445
|-end|p2a: Walking Wake|Protosynthesis|[silent]
|switch|p2a: Charizard|Charizard, F|63/100
|move|p1a: Rillaboom|Grassy Glide|p2a: Charizard
|-resisted|p2a: Charizard
|-crit|p2a: Charizard
|-damage|p2a: Charizard|33/100
|
|-heal|p1a: Rillaboom|94/100|[from] Grassy Terrain
|upkeep
|turn|20
|
|t:|1779885453
|move|p1a: Rillaboom|Grassy Glide|p2a: Charizard
|-resisted|p2a: Charizard
|-damage|p2a: Charizard|12/100
|move|p2a: Charizard|Overheat|p1a: Rillaboom
|-supereffective|p1a: Rillaboom
|-damage|p1a: Rillaboom|0 fnt
|-unboost|p2a: Charizard|spa|2
|faint|p1a: Rillaboom
|
|win|Charzeus the GOAT
|raw|Abracadaver's rating: 1299 &rarr; <strong>1273</strong><br />(-26 for losing)
|raw|Charzeus the GOAT's rating: 1292 &rarr; <strong>1318</strong><br />(+26 for winning)
|c|☆Charzeus the GOAT|gg
|l|☆Charzeus the GOAT
|player|p2|
|l|☆Abracadaver
|player|p1|
