|j|☆G0LDI
|j|☆oreki350
|t:|1779894703
|gametype|singles
|player|p1|G0LDI|hilda-wonderlauncher|1065
|player|p2|oreki350|1|1098
|gen|9
|tier|[Gen 9] OU
|rated|
|rule|HP Percentage Mod: HP is shown in percentages
|rule|Endless Battle Clause: Forcing endless battles is banned
|rule|Species Clause: Limit one of each Pokémon
|rule|OHKO Clause: OHKO moves are banned
|rule|Evasion Items Clause: Evasion items are banned
|rule|Evasion Moves Clause: Evasion moves are banned
|rule|Evasion Abilities Clause: Evasion abilities are banned
|rule|Sleep Moves Clause: Sleep-inducing moves are banned
|clearpoke
|poke|p1|Alomomola, F|
|poke|p1|Milotic, F|
|poke|p1|Azumarill, F|
|poke|p1|Politoed, F|
|poke|p1|Quaquaval, F|
|poke|p1|Keldeo|
|poke|p2|Klawf, F|
|poke|p2|Basculin-White-Striped, F|
|poke|p2|Minior|
|poke|p2|Bellibolt, M|
|poke|p2|Lokix, M|
|poke|p2|Crabominable, M|
|teampreview
|inactive|Battle timer is ON: inactive players will automatically lose when time's up. (requested by G0LDI)
|
|t:|1779894707
|teamsize|p1|6
|teamsize|p2|6
|start
|switch|p1a: Politoed|Politoed, F, shiny|100/100
|switch|p2a: Basculin|Basculin-White-Striped, F|100/100
|-weather|RainDance|[from] ability: Drizzle|[of] p1a: Politoed
|turn|1
|
|t:|1779894716
|move|p2a: Basculin|Liquidation|p1a: Politoed
|-resisted|p1a: Politoed
|-damage|p1a: Politoed|67/100
|-unboost|p1a: Politoed|def|1
|move|p1a: Politoed|Perish Song|p1a: Politoed
|-start|p1a: Politoed|perish3|[silent]
|-start|p2a: Basculin|perish3|[silent]
|-fieldactivate|move: Perish Song
|
|-weather|RainDance|[upkeep]
|-start|p2a: Basculin|perish3
|-start|p1a: Politoed|perish3
|upkeep
|turn|2
|
|t:|1779894735
|switch|p1a: Alomomola|Alomomola, F, shiny|100/100
|move|p2a: Basculin|Flip Turn|p1a: Alomomola
|-resisted|p1a: Alomomola
|-damage|p1a: Alomomola|87/100
|
|t:|1779894740
|switch|p2a: Bellibolt|Bellibolt, M|100/100|[from] Flip Turn
|
|-weather|RainDance|[upkeep]
|-heal|p1a: Alomomola|93/100|[from] item: Leftovers
|upkeep
|turn|3
|
|t:|1779894757
|-terastallize|p1a: Alomomola|Fire
|move|p1a: Alomomola|Substitute|p1a: Alomomola
|-start|p1a: Alomomola|Substitute
|-damage|p1a: Alomomola|68/100
|move|p2a: Bellibolt|Charge Beam|p1a: Alomomola
|-end|p1a: Alomomola|Substitute
|-boost|p2a: Bellibolt|spa|1
|
|-weather|RainDance|[upkeep]
|-heal|p1a: Alomomola|74/100|[from] item: Leftovers
|upkeep
|turn|4
|
|t:|1779894765
|move|p1a: Alomomola|Substitute|p1a: Alomomola
|-start|p1a: Alomomola|Substitute
|-damage|p1a: Alomomola|49/100
|move|p2a: Bellibolt|Chilling Water|p1a: Alomomola
|-supereffective|p1a: Alomomola
|-end|p1a: Alomomola|Substitute
|
|-weather|RainDance|[upkeep]
|-heal|p1a: Alomomola|56/100|[from] item: Leftovers
|upkeep
|turn|5
|
|t:|1779894778
|move|p1a: Alomomola|Substitute|p1a: Alomomola
|-start|p1a: Alomomola|Substitute
|-damage|p1a: Alomomola|31/100
|move|p2a: Bellibolt|Chilling Water|p1a: Alomomola
|-supereffective|p1a: Alomomola
|-end|p1a: Alomomola|Substitute
|
|-weather|RainDance|[upkeep]
|-heal|p1a: Alomomola|37/100|[from] item: Leftovers
|upkeep
|turn|6
|
|t:|1779894786
|move|p1a: Alomomola|Wish|p1a: Alomomola
|move|p2a: Bellibolt|Charge Beam|p1a: Alomomola
|-damage|p1a: Alomomola|0 fnt
|-boost|p2a: Bellibolt|spa|1
|faint|p1a: Alomomola
|
|-weather|RainDance|[upkeep]
|upkeep
|
|t:|1779894790
|switch|p1a: Politoed|Politoed, F, shiny|67/100
|turn|7
|
|t:|1779894796
|move|p1a: Politoed|Perish Song|p1a: Politoed
|-start|p1a: Politoed|perish3|[silent]
|-start|p2a: Bellibolt|perish3|[silent]
|-fieldactivate|move: Perish Song
|move|p2a: Bellibolt|Charge Beam|p1a: Politoed
|-supereffective|p1a: Politoed
|-damage|p1a: Politoed|0 fnt
|-boost|p2a: Bellibolt|spa|1
|faint|p1a: Politoed
|
|-weather|RainDance|[upkeep]
|-start|p2a: Bellibolt|perish3
|upkeep
|
|t:|1779894812
|switch|p1a: Keldeo|Keldeo, shiny|100/100
|turn|8
|
|t:|1779894819
|move|p1a: Keldeo|Flip Turn|p2a: Bellibolt
|-damage|p2a: Bellibolt|68/100
|-start|p2a: Bellibolt|Charge|Flip Turn|[from] ability: Electromorphosis
|-damage|p1a: Keldeo|91/100|[from] item: Life Orb
|
|t:|1779894826
|switch|p1a: Milotic|Milotic, F, shiny|100/100|[from] Flip Turn
|move|p2a: Bellibolt|Parabolic Charge|p1a: Milotic
|-supereffective|p1a: Milotic
|-damage|p1a: Milotic|0 fnt
|-heal|p2a: Bellibolt|100/100|[from] drain|[of] p1a: Milotic
|faint|p1a: Milotic
|-end|p2a: Bellibolt|Charge|[silent]
|
|-weather|none
|-start|p2a: Bellibolt|perish2
|upkeep
|
|t:|1779894838
|switch|p1a: Keldeo|Keldeo, shiny|91/100
|turn|9
|
|t:|1779894843
|move|p1a: Keldeo|Sacred Sword|p2a: Bellibolt
|-damage|p2a: Bellibolt|73/100
|-start|p2a: Bellibolt|Charge|Sacred Sword|[from] ability: Electromorphosis
|-damage|p1a: Keldeo|81/100|[from] item: Life Orb
|move|p2a: Bellibolt|Parabolic Charge|p1a: Keldeo
|-supereffective|p1a: Keldeo
|-damage|p1a: Keldeo|0 fnt
|-heal|p2a: Bellibolt|100/100|[from] drain|[of] p1a: Keldeo
|faint|p1a: Keldeo
|-end|p2a: Bellibolt|Charge|[silent]
|
|-start|p2a: Bellibolt|perish1
|upkeep
|
|t:|1779894858
|switch|p1a: Azumarill|Azumarill, F|100/100
|turn|10
|
|t:|1779894862
|move|p1a: Azumarill|Belly Drum|p1a: Azumarill
|-damage|p1a: Azumarill|51/100
|-setboost|p1a: Azumarill|atk|6|[from] move: Belly Drum
|move|p2a: Bellibolt|Parabolic Charge|p1a: Azumarill
|-supereffective|p1a: Azumarill
|-crit|p1a: Azumarill
|-damage|p1a: Azumarill|0 fnt
|faint|p1a: Azumarill
|
|-start|p2a: Bellibolt|perish0
|upkeep
|faint|p2a: Bellibolt
|
|t:|1779894872
|switch|p1a: Quaquaval|Quaquaval, F, shiny|100/100
|switch|p2a: Crabominable|Crabominable, M|100/100
|turn|11
|
|t:|1779894885
|-terastallize|p2a: Crabominable|Electric
|move|p1a: Quaquaval|Close Combat|p2a: Crabominable
|-damage|p2a: Crabominable|38/100
|-unboost|p1a: Quaquaval|def|1
|-unboost|p1a: Quaquaval|spd|1
|move|p2a: Crabominable|Thunder Punch|p1a: Quaquaval
|-supereffective|p1a: Quaquaval
|-damage|p1a: Quaquaval|0 fnt
|faint|p1a: Quaquaval
|
|win|oreki350
|raw|G0LDI's rating: 1065 &rarr; <strong>1047</strong><br />(-18 for losing)
|raw|oreki350's rating: 1098 &rarr; <strong>1121</strong><br />(+23 for winning)
|l|☆oreki350
|player|p2|
|l|☆G0LDI
|player|p1|
