|j|☆eserraba
|j|☆WiiShopMusic
|t:|1779914364
|gametype|singles
|player|p1|eserraba|265|1228
|player|p2|WiiShopMusic|102|1281
|gen|9
|tier|[Gen 9] OU
|rated|
|rule|HP Percentage Mod: HP is shown in percentages
|rule|Endless Battle Clause: Forcing endless battles is banned
|rule|Species Clause: Limit one of each Pokémon
|rule|OHKO Clause: OHKO moves are banned
|rule|Evasion Items Clause: Evasion items are banned
|rule|Evasion Moves Clause: Evasion moves are banned
|rule|Evasion Abilities Clause: Evasion abilities are banned
|rule|Sleep Moves Clause: Sleep-inducing moves are banned
|clearpoke
|poke|p1|Masquerain, M|
|poke|p1|Eelektross, M|
|poke|p1|Shiftry, F|
|poke|p1|Volbeat, M|
|poke|p1|Seviper, M|
|poke|p1|Golduck, F|
|poke|p2|Ninetales-Alola, M|
|poke|p2|Sandslash-Alola, F|
|poke|p2|Cetitan, M|
|poke|p2|Toxapex, F|
|poke|p2|Beartic, F|
|poke|p2|Pawmot, F|
|teampreview
|inactive|Battle timer is ON: inactive players will automatically lose when time's up. (requested by eserraba)
|
|t:|1779914374
|teamsize|p1|6
|teamsize|p2|6
|start
|switch|p1a: Seviper|Seviper, M|100/100
|switch|p2a: Ninetales|Ninetales-Alola, M|100/100
|-weather|Snowscape|[from] ability: Snow Warning|[of] p2a: Ninetales
|turn|1
|
|t:|1779914380
|switch|p2a: Sandslash|Sandslash-Alola, F|100/100
|move|p1a: Seviper|Poison Jab|p2a: Sandslash
|-immune|p2a: Sandslash
|
|-weather|Snowscape|[upkeep]
|upkeep
|turn|2
|
|t:|1779914389
|switch|p1a: Volbeat|Volbeat, M|100/100
|move|p2a: Sandslash|Earthquake|p1a: Volbeat
|-resisted|p1a: Volbeat
|-damage|p1a: Volbeat|85/100
|-enditem|p1a: Volbeat|Red Card|[of] p2a: Sandslash
|drag|p2a: Toxapex|Toxapex, F|100/100
|
|-weather|Snowscape|[upkeep]
|upkeep
|turn|3
|
|t:|1779914397
|switch|p1a: Seviper|Seviper, M|100/100
|move|p2a: Toxapex|Toxic|p1a: Seviper
|-immune|p1a: Seviper
|
|-weather|Snowscape|[upkeep]
|upkeep
|turn|4
|
|t:|1779914405
|switch|p2a: Sandslash|Sandslash-Alola, F|100/100
|move|p1a: Seviper|Switcheroo|p2a: Sandslash
|-activate|p1a: Seviper|move: Trick|[of] p2a: Sandslash
|-item|p2a: Sandslash|Choice Scarf|[from] move: Switcheroo
|-item|p1a: Seviper|Life Orb|[from] move: Switcheroo
|
|-weather|Snowscape|[upkeep]
|upkeep
|turn|5
|
|t:|1779914418
|move|p2a: Sandslash|Ice Spinner|p1a: Seviper
|-damage|p1a: Seviper|40/100
|move|p1a: Seviper|Earthquake|p2a: Sandslash
|-supereffective|p2a: Sandslash
|-damage|p2a: Sandslash|47/100
|-damage|p1a: Seviper|30/100|[from] item: Life Orb
|
|-weather|Snowscape|[upkeep]
|upkeep
|turn|6
|
|t:|1779914426
|switch|p1a: Golduck|Golduck, F|100/100
|-ability|p1a: Golduck|Cloud Nine
|move|p2a: Sandslash|Ice Spinner|p1a: Golduck
|-resisted|p1a: Golduck
|-damage|p1a: Golduck|74/100
|
|-weather|Snowscape|[upkeep]
|upkeep
|turn|7
|
|t:|1779914437
|move|p2a: Sandslash|Ice Spinner|p1a: Golduck
|-resisted|p1a: Golduck
|-damage|p1a: Golduck|52/100
|move|p1a: Golduck|Nasty Plot|p1a: Golduck
|-boost|p1a: Golduck|spa|2
|
|-weather|Snowscape|[upkeep]
|upkeep
|turn|8
|
|t:|1779914444
|move|p1a: Golduck|Vacuum Wave|p2a: Sandslash
|-supereffective|p2a: Sandslash
|-damage|p2a: Sandslash|0 fnt
|faint|p2a: Sandslash
|
|-weather|none
|upkeep
|
|t:|1779914451
|switch|p2a: Ninetales|Ninetales-Alola, M|100/100
|-weather|Snowscape|[from] ability: Snow Warning|[of] p2a: Ninetales
|turn|9
|
|t:|1779914460
|move|p2a: Ninetales|Moonblast|p1a: Golduck
|-damage|p1a: Golduck|0 fnt
|faint|p1a: Golduck
|
|-weather|Snowscape|[upkeep]
|upkeep
|
|t:|1779914468
|switch|p1a: Volbeat|Volbeat, M|85/100
|turn|10
|
|t:|1779914475
|move|p1a: Volbeat|Encore|p2a: Ninetales
|-start|p2a: Ninetales|Encore
|move|p2a: Ninetales|Moonblast|p1a: Volbeat
|-damage|p1a: Volbeat|41/100
|-unboost|p1a: Volbeat|spa|1
|
|-weather|Snowscape|[upkeep]
|upkeep
|turn|11
|
|t:|1779914482
|move|p1a: Volbeat|Light Screen|p1a: Volbeat
|-sidestart|p1: eserraba|move: Light Screen
|move|p2a: Ninetales|Moonblast|p1a: Volbeat
|-damage|p1a: Volbeat|20/100
|
|-weather|Snowscape|[upkeep]
|upkeep
|turn|12
|
|t:|1779914489
|move|p1a: Volbeat|Tailwind|p1a: Volbeat
|-sidestart|p1: eserraba|move: Tailwind
|move|p2a: Ninetales|Moonblast|p1a: Volbeat
|-damage|p1a: Volbeat|0 fnt
|faint|p1a: Volbeat
|
|-weather|Snowscape|[upkeep]
|-end|p2a: Ninetales|Encore
|upkeep
|
|t:|1779914497
|switch|p1a: Seviper|Seviper, M|30/100
|turn|13
|
|t:|1779914502
|switch|p2a: Toxapex|Toxapex, F|100/100
|move|p1a: Seviper|Poison Jab|p2a: Toxapex
|-resisted|p2a: Toxapex
|-damage|p2a: Toxapex|86/100
|-enditem|p2a: Toxapex|Eject Button
|-damage|p1a: Seviper|20/100|[from] item: Life Orb
|
|t:|1779914510
|switch|p2a: Beartic|Beartic, F|100/100
|
|-weather|Snowscape|[upkeep]
|upkeep
|turn|14
|
|t:|1779914519
|-terastallize|p1a: Seviper|Fire
|move|p1a: Seviper|Flamethrower|p2a: Beartic
|-supereffective|p2a: Beartic
|-damage|p2a: Beartic|8/100
|-damage|p1a: Seviper|10/100|[from] item: Life Orb
|move|p2a: Beartic|Icicle Spear|p1a: Seviper
|-resisted|p1a: Seviper
|-damage|p1a: Seviper|0 fnt
|faint|p1a: Seviper
|-hitcount|p1: Seviper|1
|
|-weather|Snowscape|[upkeep]
|upkeep
|
|t:|1779914529
|switch|p1a: Shiftry|Shiftry, F|100/100
|-ability|p1a: Shiftry|Wind Rider|boost
|-boost|p1a: Shiftry|atk|1
|turn|15
|
|t:|1779914538
|move|p1a: Shiftry|Leaf Blade|p2a: Beartic
|-damage|p2a: Beartic|0 fnt
|faint|p2a: Beartic
|
|-weather|Snowscape|[upkeep]
|-sideend|p1: eserraba|move: Light Screen
|-sideend|p1: eserraba|move: Tailwind
|upkeep
|
|t:|1779914542
|switch|p2a: Cetitan|Cetitan, M|100/100
|turn|16
|
|t:|1779914566
|move|p2a: Cetitan|Ice Spinner|p1a: Shiftry
|-supereffective|p1a: Shiftry
|-enditem|p1a: Shiftry|Focus Sash
|-damage|p1a: Shiftry|1/100
|move|p1a: Shiftry|Swords Dance|p1a: Shiftry
|-boost|p1a: Shiftry|atk|2
|
|-weather|none
|upkeep
|turn|17
|
|t:|1779914581
|switch|p2a: Toxapex|Toxapex, F|100/100
|move|p1a: Shiftry|Leaf Blade|p2a: Toxapex
|-damage|p2a: Toxapex|38/100
|
|upkeep
|turn|18
|
|t:|1779914589
|move|p1a: Shiftry|Sucker Punch|p2a: Toxapex
|-damage|p2a: Toxapex|0 fnt
|faint|p2a: Toxapex
|
|upkeep
|
|t:|1779914592
|switch|p2a: Pawmot|Pawmot, F|100/100
|turn|19
|
|t:|1779914597
|move|p2a: Pawmot|Mach Punch|p1a: Shiftry
|-supereffective|p1a: Shiftry
|-damage|p1a: Shiftry|0 fnt
|faint|p1a: Shiftry
|
|upkeep
|
|t:|1779914609
|switch|p1a: Masquerain|Masquerain, M|100/100
|-ability|p1a: Masquerain|Intimidate|boost
|-unboost|p2a: Pawmot|atk|1
|turn|20
|
|t:|1779914623
|move|p2a: Pawmot|Nuzzle|p1a: Masquerain
|-supereffective|p1a: Masquerain
|-damage|p1a: Masquerain|83/100
|-status|p1a: Masquerain|par
|cant|p1a: Masquerain|par
|
|upkeep
|turn|21
|
|t:|1779914632
|move|p2a: Pawmot|Revival Blessing|p2a: Pawmot
|-enditem|p2a: Pawmot|Leppa Berry|[eat]
|-activate|p2a: Pawmot|item: Leppa Berry|Revival Blessing|[consumed]
|
|t:|1779914636
|-heal|p2: Beartic|50/100|[from] move: Revival Blessing
|move|p1a: Masquerain|Mud Shot|p2a: Pawmot
|-supereffective|p2a: Pawmot
|-damage|p2a: Pawmot|45/100
|-unboost|p2a: Pawmot|spe|1
|
|upkeep
|turn|22
|
|t:|1779914645
|move|p2a: Pawmot|Revival Blessing|p2a: Pawmot
|
|t:|1779914647
|-heal|p2: Sandslash|50/100|[from] move: Revival Blessing
|move|p1a: Masquerain|Mud Shot|p2a: Pawmot
|-supereffective|p2a: Pawmot
|-damage|p2a: Pawmot|0 fnt
|faint|p2a: Pawmot
|
|upkeep
|
|t:|1779914649
|switch|p2a: Ninetales|Ninetales-Alola, M|100/100
|-weather|Snowscape|[from] ability: Snow Warning|[of] p2a: Ninetales
|turn|23
|c|☆eserraba|lol so cheap
|
|t:|1779914657
|move|p2a: Ninetales|Blizzard|p1a: Masquerain
|-supereffective|p1a: Masquerain
|-damage|p1a: Masquerain|0 fnt
|faint|p1a: Masquerain
|
|-weather|Snowscape|[upkeep]
|upkeep
|
|t:|1779914662
|switch|p1a: Eelektross|Eelektross, M|100/100
|turn|24
|c|☆WiiShopMusic|u have seviper on your team
|
|t:|1779914671
|move|p2a: Ninetales|Blizzard|p1a: Eelektross
|-damage|p1a: Eelektross|71/100
|-status|p1a: Eelektross|frz
|cant|p1a: Eelektross|frz
|
|-weather|Snowscape|[upkeep]
|upkeep
|turn|25
|
|t:|1779914678
|move|p2a: Ninetales|Blizzard|p1a: Eelektross
|-damage|p1a: Eelektross|40/100 frz
|cant|p1a: Eelektross|frz
|
|-weather|Snowscape|[upkeep]
|upkeep
|turn|26
|c|☆eserraba|lol you def need cheap tricks and hax
|
|t:|1779914689
|move|p2a: Ninetales|Blizzard|p1a: Eelektross
|-damage|p1a: Eelektross|10/100 frz
|cant|p1a: Eelektross|frz
|
|-weather|Snowscape|[upkeep]
|upkeep
|turn|27
|-message|eserraba forfeited.
|
|win|WiiShopMusic
|raw|eserraba's rating: 1228 &rarr; <strong>1207</strong><br />(-21 for losing)
|raw|WiiShopMusic's rating: 1281 &rarr; <strong>1302</strong><br />(+21 for winning)
|l|☆eserraba
|player|p1|
|c|☆WiiShopMusic|okay, play me with a solid OU team
|l|☆WiiShopMusic
|player|p2|
