|j|☆lethalwolf
|j|☆clopinneux
|t:|1779818905
|gametype|singles
|player|p1|lethalwolf|ethan|1364
|player|p2|clopinneux|roxie|1456
|gen|9
|tier|[Gen 9] OU
|rated|
|rule|HP Percentage Mod: HP is shown in percentages
|rule|Endless Battle Clause: Forcing endless battles is banned
|rule|Species Clause: Limit one of each Pokémon
|rule|OHKO Clause: OHKO moves are banned
|rule|Evasion Items Clause: Evasion items are banned
|rule|Evasion Moves Clause: Evasion moves are banned
|rule|Evasion Abilities Clause: Evasion abilities are banned
|rule|Sleep Moves Clause: Sleep-inducing moves are banned
|clearpoke
|poke|p1|Pelipper, F|
|poke|p1|Crawdaunt, M|
|poke|p1|Ludicolo, M|
|poke|p1|Zapdos|
|poke|p1|Volcanion|
|poke|p1|Duraludon, M|
|poke|p2|Great Tusk|
|poke|p2|Pecharunt|
|poke|p2|Iron Valiant|
|poke|p2|Iron Crown|
|poke|p2|Samurott-Hisui, M|
|poke|p2|Dragonite, M|
|teampreview
|inactive|Battle timer is ON: inactive players will automatically lose when time's up. (requested by lethalwolf)
|
|t:|1779818920
|teamsize|p1|6
|teamsize|p2|6
|start
|switch|p1a: Pelipper|Pelipper, F|100/100
|switch|p2a: Iron Crown|Iron Crown|100/100
|-weather|RainDance|[from] ability: Drizzle|[of] p1a: Pelipper
|turn|1
|
|t:|1779818928
|switch|p1a: Duraludon|Duraludon, M|100/100
|move|p2a: Iron Crown|Volt Switch|p1a: Duraludon
|-resisted|p1a: Duraludon
|-damage|p1a: Duraludon|83/100
|
|t:|1779818935
|-end|p2a: Iron Crown|Quark Drive|[silent]
|switch|p2a: Great Tusk|Great Tusk, shiny|100/100|[from] Volt Switch
|
|-weather|RainDance|[upkeep]
|upkeep
|turn|2
|
|t:|1779818941
|switch|p1a: Zapdos|Zapdos|100/100
|move|p2a: Great Tusk|Headlong Rush|p1a: Zapdos
|-immune|p1a: Zapdos
|
|-weather|RainDance|[upkeep]
|upkeep
|turn|3
|
|t:|1779818947
|-end|p2a: Great Tusk|Protosynthesis|[silent]
|switch|p2a: Iron Crown|Iron Crown|100/100
|move|p1a: Zapdos|Hurricane|p2a: Iron Crown
|-resisted|p2a: Iron Crown
|-damage|p2a: Iron Crown|85/100
|
|-weather|RainDance|[upkeep]
|upkeep
|turn|4
|
|t:|1779818954
|move|p2a: Iron Crown|Psychic Noise|p1a: Zapdos
|-damage|p1a: Zapdos|65/100
|-start|p1a: Zapdos|move: Heal Block
|move|p1a: Zapdos|Volt Switch|p2a: Iron Crown
|-damage|p2a: Iron Crown|66/100
|
|t:|1779818971
|switch|p1a: Ludicolo|Ludicolo, M, shiny|100/100|[from] Volt Switch
|
|-weather|RainDance|[upkeep]
|upkeep
|turn|5
|
|t:|1779818982
|move|p1a: Ludicolo|Surf|p2a: Iron Crown
|-damage|p2a: Iron Crown|15/100
|-damage|p1a: Ludicolo|91/100|[from] item: Life Orb
|move|p2a: Iron Crown|Volt Switch|p1a: Ludicolo
|-crit|p1a: Ludicolo
|-damage|p1a: Ludicolo|53/100
|
|t:|1779819000
|-end|p2a: Iron Crown|Quark Drive|[silent]
|switch|p2a: Iron Valiant|Iron Valiant, shiny|100/100|[from] Volt Switch
|
|-weather|RainDance|[upkeep]
|upkeep
|turn|6
|
|t:|1779819006
|move|p1a: Ludicolo|Giga Drain|p2a: Iron Valiant
|-damage|p2a: Iron Valiant|23/100
|-heal|p1a: Ludicolo|90/100|[from] drain|[of] p2a: Iron Valiant
|-damage|p1a: Ludicolo|80/100|[from] item: Life Orb
|move|p2a: Iron Valiant|Moonblast|p1a: Ludicolo
|-damage|p1a: Ludicolo|6/100
|
|-weather|RainDance|[upkeep]
|upkeep
|turn|7
|
|t:|1779819013
|-end|p2a: Iron Valiant|Quark Drive|[silent]
|switch|p2a: Dragonite|Dragonite, M, shiny|100/100
|move|p1a: Ludicolo|Giga Drain|p2a: Dragonite
|-resisted|p2a: Dragonite
|-damage|p2a: Dragonite|94/100
|-heal|p1a: Ludicolo|9/100|[from] drain|[of] p2a: Dragonite
|-damage|p1a: Ludicolo|0 fnt|[from] item: Life Orb
|faint|p1a: Ludicolo
|
|-weather|RainDance|[upkeep]
|upkeep
|
|t:|1779819026
|switch|p1a: Zapdos|Zapdos|65/100
|turn|8
|
|t:|1779819037
|-terastallize|p2a: Dragonite|Normal
|move|p2a: Dragonite|Dragon Dance|p2a: Dragonite
|-boost|p2a: Dragonite|atk|1
|-boost|p2a: Dragonite|spe|1
|move|p1a: Zapdos|Hurricane|p2a: Dragonite
|-damage|p2a: Dragonite|45/100
|
|-weather|none
|upkeep
|turn|9
|
|t:|1779819047
|move|p2a: Dragonite|Extreme Speed|p1a: Zapdos
|-damage|p1a: Zapdos|17/100
|-status|p2a: Dragonite|par|[from] ability: Static|[of] p1a: Zapdos
|move|p1a: Zapdos|Roost|p1a: Zapdos
|-heal|p1a: Zapdos|67/100
|-singleturn|p1a: Zapdos|move: Roost
|
|upkeep
|turn|10
|
|t:|1779819051
|move|p1a: Zapdos|Roost|p1a: Zapdos
|-heal|p1a: Zapdos|100/100
|-singleturn|p1a: Zapdos|move: Roost
|move|p2a: Dragonite|Dragon Dance|p2a: Dragonite
|-boost|p2a: Dragonite|atk|1
|-boost|p2a: Dragonite|spe|1
|
|upkeep
|turn|11
|
|t:|1779819053
|cant|p2a: Dragonite|par
|move|p1a: Zapdos|Hurricane|p2a: Dragonite
|-damage|p2a: Dragonite|0 fnt
|faint|p2a: Dragonite
|
|upkeep
|
|t:|1779819054
|switch|p2a: Iron Crown|Iron Crown|15/100
|turn|12
|
|t:|1779819059
|move|p2a: Iron Crown|Future Sight|p1a: Zapdos
|-start|p2a: Iron Crown|move: Future Sight
|move|p1a: Zapdos|Volt Switch|p2a: Iron Crown
|-damage|p2a: Iron Crown|0 fnt
|faint|p2a: Iron Crown
|-end|p2a: Iron Crown|Quark Drive|[silent]
|
|t:|1779819064
|switch|p1a: Pelipper|Pelipper, F|100/100|[from] Volt Switch
|-weather|RainDance|[from] ability: Drizzle|[of] p1a: Pelipper
|
|-weather|RainDance|[upkeep]
|upkeep
|
|t:|1779819068
|switch|p2a: Iron Valiant|Iron Valiant, shiny|23/100
|turn|13
|
|t:|1779819077
|move|p2a: Iron Valiant|Thunderbolt|p1a: Pelipper
|-supereffective|p1a: Pelipper
|-damage|p1a: Pelipper|0 fnt
|faint|p1a: Pelipper
|
|-weather|RainDance|[upkeep]
|upkeep
|
|t:|1779819080
|switch|p1a: Crawdaunt|Crawdaunt, M|100/100
|turn|14
|
|t:|1779819083
|-end|p2a: Iron Valiant|Quark Drive|[silent]
|switch|p2a: Pecharunt|Pecharunt|100/100
|move|p1a: Crawdaunt|Aqua Jet|p2a: Pecharunt
|-damage|p2a: Pecharunt|70/100
|-damage|p1a: Crawdaunt|84/100|[from] item: Rocky Helmet|[of] p2a: Pecharunt
|
|-weather|RainDance|[upkeep]
|-end|p1a: Crawdaunt|move: Future Sight
|-immune|p1a: Crawdaunt
|upkeep
|turn|15
|
|t:|1779819093
|switch|p1a: Duraludon|Duraludon, M|83/100
|move|p2a: Pecharunt|Recover|p2a: Pecharunt
|-heal|p2a: Pecharunt|100/100
|
|-weather|RainDance|[upkeep]
|upkeep
|turn|16
|
|t:|1779819098
|move|p1a: Duraludon|Stealth Rock|p2a: Pecharunt
|-sidestart|p2: clopinneux|move: Stealth Rock
|move|p2a: Pecharunt|Parting Shot|p1a: Duraludon
|-unboost|p1a: Duraludon|atk|1
|-unboost|p1a: Duraludon|spa|1
|
|t:|1779819100
|switch|p2a: Great Tusk|Great Tusk, shiny|100/100|[from] Parting Shot
|
|-weather|RainDance|[upkeep]
|upkeep
|turn|17
|
|t:|1779819105
|switch|p1a: Zapdos|Zapdos|100/100
|move|p2a: Great Tusk|Stealth Rock|p1a: Zapdos
|-sidestart|p1: lethalwolf|move: Stealth Rock
|
|-weather|RainDance|[upkeep]
|upkeep
|turn|18
|
|t:|1779819114
|move|p2a: Great Tusk|Rapid Spin|p1a: Zapdos
|-crit|p1a: Zapdos
|-damage|p1a: Zapdos|80/100
|-boost|p2a: Great Tusk|spe|1
|-sideend|p2: clopinneux|Stealth Rock|[from] move: Rapid Spin|[of] p2a: Great Tusk
|move|p1a: Zapdos|Hurricane|p2a: Great Tusk
|-supereffective|p2a: Great Tusk
|-damage|p2a: Great Tusk|0 fnt
|faint|p2a: Great Tusk
|-end|p2a: Great Tusk|Protosynthesis|[silent]
|
|-weather|RainDance|[upkeep]
|upkeep
|
|t:|1779819116
|switch|p2a: Samurott|Samurott-Hisui, M, shiny|100/100
|turn|19
|
|t:|1779819124
|move|p2a: Samurott|Ceaseless Edge|p1a: Zapdos
|-damage|p1a: Zapdos|40/100
|-sidestart|p1: lethalwolf|Spikes
|move|p1a: Zapdos|Roost|p1a: Zapdos
|-heal|p1a: Zapdos|90/100
|-singleturn|p1a: Zapdos|move: Roost
|
|-weather|none
|upkeep
|turn|20
|
|t:|1779819136
|move|p2a: Samurott|Knock Off|p1a: Zapdos
|-damage|p1a: Zapdos|48/100
|-status|p2a: Samurott|par|[from] ability: Static|[of] p1a: Zapdos
|-enditem|p1a: Zapdos|Heavy-Duty Boots|[from] move: Knock Off|[of] p2a: Samurott
|move|p1a: Zapdos|Roost|p1a: Zapdos
|-heal|p1a: Zapdos|98/100
|-singleturn|p1a: Zapdos|move: Roost
|
|upkeep
|turn|21
|
|t:|1779819143
|move|p1a: Zapdos|Hurricane|p2a: Samurott|[miss]
|-miss|p1a: Zapdos|p2a: Samurott
|cant|p2a: Samurott|par
|
|upkeep
|turn|22
|
|t:|1779819148
|move|p1a: Zapdos|Hurricane|p2a: Samurott
|-damage|p2a: Samurott|35/100 par
|move|p2a: Samurott|Ceaseless Edge|p1a: Zapdos|[miss]
|-miss|p2a: Samurott|p1a: Zapdos
|
|upkeep
|turn|23
|
|t:|1779819151
|move|p2a: Samurott|Sucker Punch|p1a: Zapdos
|-damage|p1a: Zapdos|69/100
|move|p1a: Zapdos|Volt Switch|p2a: Samurott
|-supereffective|p2a: Samurott
|-damage|p2a: Samurott|0 fnt
|faint|p2a: Samurott
|
|t:|1779819168
|switch|p1a: Duraludon|Duraludon, M|83/100|[from] Volt Switch
|-damage|p1a: Duraludon|77/100|[from] Stealth Rock
|-damage|p1a: Duraludon|65/100|[from] Spikes
|
|upkeep
|
|t:|1779819170
|switch|p2a: Iron Valiant|Iron Valiant, shiny|23/100
|turn|24
|
|t:|1779819175
|move|p2a: Iron Valiant|Moonblast|p1a: Duraludon
|-damage|p1a: Duraludon|0 fnt
|faint|p1a: Duraludon
|
|upkeep
|
|t:|1779819180
|switch|p1a: Crawdaunt|Crawdaunt, M|84/100
|-damage|p1a: Crawdaunt|72/100|[from] Stealth Rock
|-damage|p1a: Crawdaunt|59/100|[from] Spikes
|turn|25
|
|t:|1779819185
|-end|p2a: Iron Valiant|Quark Drive|[silent]
|switch|p2a: Pecharunt|Pecharunt|100/100
|move|p1a: Crawdaunt|Knock Off|p2a: Pecharunt
|-supereffective|p2a: Pecharunt
|-damage|p2a: Pecharunt|0 fnt
|-damage|p1a: Crawdaunt|43/100|[from] item: Rocky Helmet|[of] p2a: Pecharunt
|-enditem|p2a: Pecharunt|Rocky Helmet|[from] move: Knock Off|[of] p1a: Crawdaunt
|faint|p2a: Pecharunt
|
|upkeep
|
|t:|1779819187
|switch|p2a: Iron Valiant|Iron Valiant, shiny|23/100
|turn|26
|
|t:|1779819189
|switch|p1a: Zapdos|Zapdos|69/100
|-damage|p1a: Zapdos|44/100|[from] Stealth Rock
|move|p2a: Iron Valiant|Shadow Ball|p1a: Zapdos
|-damage|p1a: Zapdos|6/100
|
|upkeep
|turn|27
|
|t:|1779819192
|move|p2a: Iron Valiant|Shadow Ball|p1a: Zapdos
|-damage|p1a: Zapdos|0 fnt
|faint|p1a: Zapdos
|
|upkeep
|
|t:|1779819194
|switch|p1a: Crawdaunt|Crawdaunt, M|43/100
|-damage|p1a: Crawdaunt|30/100|[from] Stealth Rock
|-damage|p1a: Crawdaunt|18/100|[from] Spikes
|turn|28
|
|t:|1779819196
|move|p1a: Crawdaunt|Aqua Jet|p2a: Iron Valiant
|-damage|p2a: Iron Valiant|0 fnt
|faint|p2a: Iron Valiant
|-end|p2a: Iron Valiant|Quark Drive|[silent]
|
|win|lethalwolf
|raw|lethalwolf's rating: 1364 &rarr; <strong>1389</strong><br />(+25 for winning)
|raw|clopinneux's rating: 1456 &rarr; <strong>1431</strong><br />(-25 for losing)
|l|☆clopinneux
|player|p2|
|l|☆lethalwolf
|player|p1|
