|j|☆DEEZ NUTHS
|j|☆bigtimebrownie
|t:|1779856263
|gametype|singles
|player|p1|DEEZ NUTHS|steven|1355
|player|p2|bigtimebrownie|265|1359
|gen|9
|tier|[Gen 9] OU
|rated|
|rule|HP Percentage Mod: HP is shown in percentages
|rule|Endless Battle Clause: Forcing endless battles is banned
|rule|Species Clause: Limit one of each Pokémon
|rule|OHKO Clause: OHKO moves are banned
|rule|Evasion Items Clause: Evasion items are banned
|rule|Evasion Moves Clause: Evasion moves are banned
|rule|Evasion Abilities Clause: Evasion abilities are banned
|rule|Sleep Moves Clause: Sleep-inducing moves are banned
|clearpoke
|poke|p1|Primarina, F|
|poke|p1|Weavile, M|
|poke|p1|Corviknight, M|
|poke|p1|Garchomp, M|
|poke|p1|Enamorus, F|
|poke|p1|Slowking-Galar, M|
|poke|p2|Garganacl, F|
|poke|p2|Bellibolt, F|
|poke|p2|Iron Valiant|
|poke|p2|Pecharunt|
|poke|p2|Samurott-Hisui, M|
|poke|p2|Great Tusk|
|teampreview
|
|t:|1779856284
|teamsize|p1|6
|teamsize|p2|6
|start
|switch|p1a: Jet2Holiday|Garchomp, M|100/100
|switch|p2a: Bellibolt|Bellibolt, F|100/100
|turn|1
|
|t:|1779856293
|move|p1a: Jet2Holiday|Earthquake|p2a: Bellibolt
|-supereffective|p2a: Bellibolt
|-damage|p2a: Bellibolt|28/100
|-start|p2a: Bellibolt|Charge|Earthquake|[from] ability: Electromorphosis
|move|p2a: Bellibolt|Toxic|p1a: Jet2Holiday
|-status|p1a: Jet2Holiday|tox
|
|-heal|p2a: Bellibolt|34/100|[from] item: Leftovers
|-damage|p1a: Jet2Holiday|94/100 tox|[from] psn
|upkeep
|turn|2
|
|t:|1779856304
|switch|p2a: Great Tusk|Great Tusk|100/100
|move|p1a: Jet2Holiday|Earthquake|p2a: Great Tusk
|-damage|p2a: Great Tusk|69/100
|
|-damage|p1a: Jet2Holiday|82/100 tox|[from] psn
|upkeep
|turn|3
|j| testingrainteam1
|
|t:|1779856311
|switch|p1a: Big G (nie)|Enamorus, F|100/100
|move|p2a: Great Tusk|Knock Off|p1a: Big G (nie)
|-resisted|p1a: Big G (nie)
|-damage|p1a: Big G (nie)|71/100
|-enditem|p1a: Big G (nie)|Choice Scarf|[from] move: Knock Off|[of] p2a: Great Tusk
|
|upkeep
|turn|4
|
|t:|1779856319
|-end|p2a: Great Tusk|Protosynthesis|[silent]
|switch|p2a: Garganacl|Garganacl, F|100/100
|move|p1a: Big G (nie)|Moonblast|p2a: Garganacl
|-damage|p2a: Garganacl|54/100
|
|-heal|p2a: Garganacl|60/100|[from] item: Leftovers
|upkeep
|turn|5
|
|t:|1779856330
|-terastallize|p1a: Big G (nie)|Ground
|move|p1a: Big G (nie)|Earth Power|p2a: Garganacl
|-supereffective|p2a: Garganacl
|-damage|p2a: Garganacl|0 fnt
|faint|p2a: Garganacl
|
|upkeep
|
|t:|1779856334
|switch|p2a: Samurott|Samurott-Hisui, M|100/100
|turn|6
|
|t:|1779856340
|switch|p1a: Jet2Holiday|Garchomp, M|82/100 tox
|move|p2a: Samurott|Aqua Cutter|p1a: Jet2Holiday
|-damage|p1a: Jet2Holiday|53/100 tox
|
|-damage|p1a: Jet2Holiday|47/100 tox|[from] psn
|upkeep
|turn|7
|
|t:|1779856350
|switch|p2a: Great Tusk|Great Tusk|69/100
|move|p1a: Jet2Holiday|Stealth Rock|p2a: Great Tusk
|-sidestart|p2: bigtimebrownie|move: Stealth Rock
|
|-damage|p1a: Jet2Holiday|35/100 tox|[from] psn
|upkeep
|turn|8
|
|t:|1779856356
|move|p2a: Great Tusk|Rapid Spin|p1a: Jet2Holiday
|-damage|p1a: Jet2Holiday|23/100 tox
|-boost|p2a: Great Tusk|spe|1
|-damage|p2a: Great Tusk|56/100|[from] ability: Rough Skin|[of] p1a: Jet2Holiday
|-damage|p2a: Great Tusk|40/100|[from] item: Rocky Helmet|[of] p1a: Jet2Holiday
|-sideend|p2: bigtimebrownie|Stealth Rock|[from] move: Rapid Spin|[of] p2a: Great Tusk
|move|p1a: Jet2Holiday|Dragon Tail|p2a: Great Tusk
|-damage|p2a: Great Tusk|20/100
|-damage|p1a: Jet2Holiday|6/100 tox|[from] item: Rocky Helmet|[of] p2a: Great Tusk
|-end|p2a: Great Tusk|Protosynthesis|[silent]
|drag|p2a: Bellibolt|Bellibolt, F|34/100
|
|-heal|p2a: Bellibolt|40/100|[from] item: Leftovers
|-damage|p1a: Jet2Holiday|0 fnt|[from] psn
|faint|p1a: Jet2Holiday
|upkeep
|
|t:|1779856372
|switch|p1a: Iceman|Weavile, M|100/100
|turn|9
|l| testingrainteam1
|inactive|Battle timer is ON: inactive players will automatically lose when time's up. (requested by DEEZ NUTHS)
|
|t:|1779856424
|switch|p2a: Great Tusk|Great Tusk|20/100
|move|p1a: Iceman|Triple Axel|p2a: Great Tusk
|-supereffective|p2a: Great Tusk
|-damage|p2a: Great Tusk|0 fnt
|-damage|p1a: Iceman|84/100|[from] item: Rocky Helmet|[of] p2a: Great Tusk
|faint|p2a: Great Tusk
|-end|p2a: Great Tusk|Protosynthesis|[silent]
|-hitcount|p2: Great Tusk|1
|
|upkeep
|
|t:|1779856435
|switch|p2a: Samurott|Samurott-Hisui, M|100/100
|turn|10
|
|t:|1779856446
|switch|p1a: Corviknight|Corviknight, M|100/100
|move|p2a: Samurott|Sacred Sword|p1a: Corviknight
|-damage|p1a: Corviknight|75/100
|-damage|p2a: Samurott|84/100|[from] item: Rocky Helmet|[of] p1a: Corviknight
|
|upkeep
|turn|11
|
|t:|1779856461
|switch|p2a: Bellibolt|Bellibolt, F|40/100
|move|p1a: Corviknight|Body Press|p2a: Bellibolt
|-damage|p2a: Bellibolt|18/100
|-start|p2a: Bellibolt|Charge|Body Press|[from] ability: Electromorphosis
|
|-heal|p2a: Bellibolt|24/100|[from] item: Leftovers
|upkeep
|turn|12
|
|t:|1779856471
|switch|p1a: Beeheader|Slowking-Galar, M, shiny|100/100
|move|p2a: Bellibolt|Slack Off|p2a: Bellibolt
|-heal|p2a: Bellibolt|74/100
|
|-heal|p2a: Bellibolt|80/100|[from] item: Leftovers
|upkeep
|turn|13
|
|t:|1779856477
|move|p2a: Bellibolt|Soak|p1a: Beeheader
|-start|p1a: Beeheader|typechange|Water
|move|p1a: Beeheader|Toxic|p2a: Bellibolt
|-status|p2a: Bellibolt|tox
|
|-heal|p2a: Bellibolt|86/100 tox|[from] item: Leftovers
|-damage|p2a: Bellibolt|80/100 tox|[from] psn
|upkeep
|turn|14
|
|t:|1779856489
|switch|p1a: Big G (nie)|Enamorus, F, tera:Ground|71/100
|move|p2a: Bellibolt|Toxic|p1a: Big G (nie)
|-status|p1a: Big G (nie)|tox
|
|-heal|p2a: Bellibolt|86/100 tox|[from] item: Leftovers
|-damage|p1a: Big G (nie)|65/100 tox|[from] psn
|-damage|p2a: Bellibolt|74/100 tox|[from] psn
|upkeep
|turn|15
|
|t:|1779856501
|switch|p2a: Pecharunt|Pecharunt|100/100
|move|p1a: Big G (nie)|Earth Power|p2a: Pecharunt
|-supereffective|p2a: Pecharunt
|-damage|p2a: Pecharunt|1/100
|
|-heal|p2a: Pecharunt|7/100|[from] item: Leftovers
|-damage|p1a: Big G (nie)|53/100 tox|[from] psn
|upkeep
|turn|16
|
|t:|1779856510
|move|p1a: Big G (nie)|Earth Power|p2a: Pecharunt
|-supereffective|p2a: Pecharunt
|-damage|p2a: Pecharunt|0 fnt
|faint|p2a: Pecharunt
|
|-damage|p1a: Big G (nie)|34/100 tox|[from] psn
|upkeep
|
|t:|1779856512
|switch|p2a: Samurott|Samurott-Hisui, M|84/100
|turn|17
|
|t:|1779856520
|move|p2a: Samurott|Flip Turn|p1a: Big G (nie)
|-supereffective|p1a: Big G (nie)
|-damage|p1a: Big G (nie)|0 fnt
|faint|p1a: Big G (nie)
|
|t:|1779856527
|switch|p2a: Bellibolt|Bellibolt, F|74/100 tox|[from] Flip Turn
|
|-heal|p2a: Bellibolt|80/100 tox|[from] item: Leftovers
|-damage|p2a: Bellibolt|74/100 tox|[from] psn
|upkeep
|
|t:|1779856534
|switch|p1a: Beeheader|Slowking-Galar, M, shiny|100/100
|turn|18
|
|t:|1779856544
|switch|p2a: Samurott|Samurott-Hisui, M|84/100
|move|p1a: Beeheader|Sludge Bomb|p2a: Samurott
|-damage|p2a: Samurott|35/100
|
|upkeep
|turn|19
|
|t:|1779856552
|switch|p1a: Corviknight|Corviknight, M|75/100
|move|p2a: Samurott|Ceaseless Edge|p1a: Corviknight|[miss]
|-miss|p2a: Samurott|p1a: Corviknight
|
|upkeep
|turn|20
|
|t:|1779856566
|move|p2a: Samurott|Ceaseless Edge|p1a: Corviknight
|-damage|p1a: Corviknight|49/100
|-damage|p2a: Samurott|19/100|[from] item: Rocky Helmet|[of] p1a: Corviknight
|-sidestart|p1: DEEZ NUTHS|Spikes
|move|p1a: Corviknight|Body Press|p2a: Samurott
|-supereffective|p2a: Samurott
|-damage|p2a: Samurott|0 fnt
|faint|p2a: Samurott
|
|upkeep
|
|t:|1779856572
|switch|p2a: Bellibolt|Bellibolt, F|74/100 tox
|turn|21
|
|t:|1779856579
|switch|p1a: Beeheader|Slowking-Galar, M, shiny|100/100
|move|p2a: Bellibolt|Discharge|p1a: Beeheader
|-crit|p1a: Beeheader
|-damage|p1a: Beeheader|75/100
|-status|p1a: Beeheader|par
|
|-heal|p2a: Bellibolt|80/100 tox|[from] item: Leftovers
|-damage|p2a: Bellibolt|74/100 tox|[from] psn
|upkeep
|turn|22
|
|t:|1779856590
|move|p2a: Bellibolt|Soak|p1a: Beeheader
|-start|p1a: Beeheader|typechange|Water
|cant|p1a: Beeheader|par
|
|-heal|p2a: Bellibolt|80/100 tox|[from] item: Leftovers
|-damage|p2a: Bellibolt|68/100 tox|[from] psn
|upkeep
|turn|23
|
|t:|1779856598
|switch|p1a: Corviknight|Corviknight, M|49/100
|move|p2a: Bellibolt|Discharge|p1a: Corviknight
|-supereffective|p1a: Corviknight
|-damage|p1a: Corviknight|0 fnt
|faint|p1a: Corviknight
|
|-heal|p2a: Bellibolt|74/100 tox|[from] item: Leftovers
|-damage|p2a: Bellibolt|55/100 tox|[from] psn
|upkeep
|
|t:|1779856608
|switch|p1a: Beeheader|Slowking-Galar, M, shiny|100/100 par
|turn|24
|
|t:|1779856612
|move|p2a: Bellibolt|Slack Off|p2a: Bellibolt
|-heal|p2a: Bellibolt|100/100 tox
|move|p1a: Beeheader|Sludge Bomb|p2a: Bellibolt
|-damage|p2a: Bellibolt|78/100 tox
|-start|p2a: Bellibolt|Charge|Sludge Bomb|[from] ability: Electromorphosis
|
|-heal|p2a: Bellibolt|84/100 tox|[from] item: Leftovers
|-damage|p2a: Bellibolt|59/100 tox|[from] psn
|upkeep
|turn|25
|
|t:|1779856622
|move|p2a: Bellibolt|Soak|p1a: Beeheader
|-start|p1a: Beeheader|typechange|Water
|move|p1a: Beeheader|Sludge Bomb|p2a: Bellibolt
|-damage|p2a: Bellibolt|45/100 tox
|-start|p2a: Bellibolt|Charge|Sludge Bomb|[from] ability: Electromorphosis
|
|-heal|p2a: Bellibolt|51/100 tox|[from] item: Leftovers
|-damage|p2a: Bellibolt|21/100 tox|[from] psn
|upkeep
|turn|26
|
|t:|1779856631
|move|p2a: Bellibolt|Discharge|p1a: Beeheader
|-supereffective|p1a: Beeheader
|-damage|p1a: Beeheader|33/100 par
|-end|p2a: Bellibolt|Charge|[silent]
|cant|p1a: Beeheader|par
|
|-heal|p2a: Bellibolt|27/100 tox|[from] item: Leftovers
|-damage|p2a: Bellibolt|0 fnt|[from] psn
|faint|p2a: Bellibolt
|upkeep
|
|t:|1779856646
|switch|p2a: Iron Valiant|Iron Valiant|100/100
|-enditem|p2a: Iron Valiant|Booster Energy
|-activate|p2a: Iron Valiant|ability: Quark Drive|[fromitem]
|-start|p2a: Iron Valiant|quarkdrivespe
|turn|27
|
|t:|1779856651
|move|p2a: Iron Valiant|Calm Mind|p2a: Iron Valiant
|-boost|p2a: Iron Valiant|spa|1
|-boost|p2a: Iron Valiant|spd|1
|move|p1a: Beeheader|Toxic|p2a: Iron Valiant
|-status|p2a: Iron Valiant|tox
|
|-damage|p2a: Iron Valiant|94/100 tox|[from] psn
|upkeep
|turn|28
|
|t:|1779856659
|move|p2a: Iron Valiant|Moonblast|p1a: Beeheader
|-damage|p1a: Beeheader|0 fnt
|faint|p1a: Beeheader
|
|-damage|p2a: Iron Valiant|82/100 tox|[from] psn
|upkeep
|
|t:|1779856664
|switch|p1a: Navy seal|Primarina, F|100/100
|-damage|p1a: Navy seal|88/100|[from] Spikes
|turn|29
|
|t:|1779856671
|-terastallize|p2a: Iron Valiant|Fairy
|move|p2a: Iron Valiant|Moonblast|p1a: Navy seal
|-damage|p1a: Navy seal|27/100
|move|p1a: Navy seal|Moonblast|p2a: Iron Valiant
|-damage|p2a: Iron Valiant|23/100 tox
|
|-damage|p2a: Iron Valiant|4/100 tox|[from] psn
|upkeep
|turn|30
|
|t:|1779856679
|move|p2a: Iron Valiant|Moonblast|p1a: Navy seal
|-damage|p1a: Navy seal|0 fnt
|faint|p1a: Navy seal
|
|-damage|p2a: Iron Valiant|0 fnt|[from] psn
|faint|p2a: Iron Valiant
|-end|p2a: Iron Valiant|Quark Drive|[silent]
|
|win|DEEZ NUTHS
|raw|DEEZ NUTHS's rating: 1355 &rarr; <strong>1375</strong><br />(+20 for winning)
|raw|bigtimebrownie's rating: 1359 &rarr; <strong>1339</strong><br />(-20 for losing)
|l|☆bigtimebrownie
|player|p2|
|l|☆DEEZ NUTHS
|player|p1|
