|j|☆electiviregoat
|j|☆newgaem
|t:|1779852252
|gametype|singles
|player|p1|electiviregoat|volkner|1303
|player|p2|newgaem|blue|1325
|gen|9
|tier|[Gen 9] OU
|rated|
|rule|HP Percentage Mod: HP is shown in percentages
|rule|Endless Battle Clause: Forcing endless battles is banned
|rule|Species Clause: Limit one of each Pokémon
|rule|OHKO Clause: OHKO moves are banned
|rule|Evasion Items Clause: Evasion items are banned
|rule|Evasion Moves Clause: Evasion moves are banned
|rule|Evasion Abilities Clause: Evasion abilities are banned
|rule|Sleep Moves Clause: Sleep-inducing moves are banned
|clearpoke
|poke|p1|Araquanid, F|
|poke|p1|Electivire, M|
|poke|p1|Volcanion|
|poke|p1|Gholdengo|
|poke|p1|Latias, F|
|poke|p1|Great Tusk|
|poke|p2|Armarouge, M|
|poke|p2|Kingambit, M|
|poke|p2|Iron Valiant|
|poke|p2|Ceruledge, F|
|poke|p2|Mimikyu, F|
|poke|p2|Cyclizar, M|
|teampreview
|inactive|Battle timer is ON: inactive players will automatically lose when time's up. (requested by electiviregoat)
|
|t:|1779852260
|teamsize|p1|6
|teamsize|p2|6
|start
|switch|p1a: Araquanid|Araquanid, F|100/100
|switch|p2a: Leviathan|Mimikyu, F|100/100
|turn|1
|
|t:|1779852265
|move|p2a: Leviathan|Taunt|p1a: Araquanid
|-start|p1a: Araquanid|move: Taunt
|move|p1a: Araquanid|Lunge|p2a: Leviathan
|-activate|p2a: Leviathan|ability: Disguise
|-damage|p2a: Leviathan|100/100
|-unboost|p2a: Leviathan|atk|1
|detailschange|p2a: Leviathan|Mimikyu-Busted, F
|-damage|p2a: Leviathan|88/100|[from] pokemon: Mimikyu-Busted
|
|-heal|p2a: Leviathan|94/100|[from] item: Leftovers
|upkeep
|turn|2
|
|t:|1779852275
|move|p2a: Leviathan|Curse|p1a: Araquanid
|-start|p1a: Araquanid|Curse|[of] p2a: Leviathan
|-damage|p2a: Leviathan|44/100
|move|p1a: Araquanid|Liquidation|p2a: Leviathan
|-damage|p2a: Leviathan|0 fnt
|faint|p2a: Leviathan
|
|-damage|p1a: Araquanid|75/100|[from] Curse
|upkeep
|
|t:|1779852288
|switch|p2a: Fefnir|Armarouge, M, shiny|100/100
|turn|3
|
|t:|1779852292
|move|p2a: Fefnir|Energy Ball|p1a: Araquanid
|-damage|p1a: Araquanid|51/100
|move|p1a: Araquanid|Liquidation|p2a: Fefnir
|-supereffective|p2a: Fefnir
|-enditem|p2a: Fefnir|Focus Sash
|-damage|p2a: Fefnir|1/100
|-ability|p2a: Fefnir|Weak Armor|boost
|-unboost|p2a: Fefnir|def|1
|-boost|p2a: Fefnir|spe|2
|
|-damage|p1a: Araquanid|26/100|[from] Curse
|-end|p1a: Araquanid|move: Taunt
|upkeep
|turn|4
|
|t:|1779852304
|move|p2a: Fefnir|Endure|p2a: Fefnir
|-singleturn|p2a: Fefnir|move: Endure
|move|p1a: Araquanid|Liquidation|p2a: Fefnir
|-supereffective|p2a: Fefnir
|-activate|p2a: Fefnir|move: Endure
|-damage|p2a: Fefnir|1/100
|-ability|p2a: Fefnir|Weak Armor|boost
|-unboost|p2a: Fefnir|def|1
|-boost|p2a: Fefnir|spe|2
|
|-damage|p1a: Araquanid|1/100|[from] Curse
|upkeep
|turn|5
|
|t:|1779852314
|move|p2a: Fefnir|Energy Ball|p1a: Araquanid
|-damage|p1a: Araquanid|0 fnt
|faint|p1a: Araquanid
|
|upkeep
|
|t:|1779852330
|switch|p1a: Latias|Latias, F|100/100
|turn|6
|
|t:|1779852332
|move|p2a: Fefnir|Destiny Bond|p2a: Fefnir
|-singlemove|p2a: Fefnir|Destiny Bond
|move|p1a: Latias|Agility|p1a: Latias
|-boost|p1a: Latias|spe|2
|
|upkeep
|turn|7
|
|t:|1779852340
|move|p2a: Fefnir|Armor Cannon|p1a: Latias
|-resisted|p1a: Latias
|-damage|p1a: Latias|77/100
|-unboost|p2a: Fefnir|def|1
|-unboost|p2a: Fefnir|spd|1
|move|p1a: Latias|Calm Mind|p1a: Latias
|-boost|p1a: Latias|spa|1
|-boost|p1a: Latias|spd|1
|
|upkeep
|turn|8
|
|t:|1779852348
|move|p2a: Fefnir|Destiny Bond|p2a: Fefnir
|-singlemove|p2a: Fefnir|Destiny Bond
|move|p1a: Latias|Calm Mind|p1a: Latias
|-boost|p1a: Latias|spa|1
|-boost|p1a: Latias|spd|1
|
|upkeep
|turn|9
|
|t:|1779852358
|move|p2a: Fefnir|Armor Cannon|p1a: Latias
|-resisted|p1a: Latias
|-damage|p1a: Latias|66/100
|-unboost|p2a: Fefnir|def|1
|-unboost|p2a: Fefnir|spd|1
|move|p1a: Latias|Calm Mind|p1a: Latias
|-boost|p1a: Latias|spa|1
|-boost|p1a: Latias|spd|1
|
|upkeep
|turn|10
|
|t:|1779852367
|switch|p2a: Zero|Ceruledge, F, shiny|100/100
|move|p1a: Latias|Stored Power|p2a: Zero
|-damage|p2a: Zero|0 fnt
|faint|p2a: Zero
|
|upkeep
|
|t:|1779852375
|switch|p2a: Bishamonten|Kingambit, M|100/100
|-activate|p2a: Bishamonten|ability: Supreme Overlord
|-start|p2a: Bishamonten|fallen2|[silent]
|turn|11
|
|t:|1779852378
|-terastallize|p1a: Latias|Steel
|move|p1a: Latias|Aura Sphere|p2a: Bishamonten
|-supereffective|p2a: Bishamonten
|-damage|p2a: Bishamonten|0 fnt
|faint|p2a: Bishamonten
|-end|p2a: Bishamonten|fallen2|[silent]
|
|upkeep
|-message|newgaem forfeited.
|
|win|electiviregoat
|raw|electiviregoat's rating: 1303 &rarr; <strong>1324</strong><br />(+21 for winning)
|raw|newgaem's rating: 1325 &rarr; <strong>1304</strong><br />(-21 for losing)
|l|☆newgaem
|player|p2|
