|j|☆hameed425
|j|☆prakshep
|t:|1779823036
|gametype|singles
|player|p1|hameed425|2|1471
|player|p2|prakshep|nate|1444
|gen|9
|tier|[Gen 9] OU
|rated|
|rule|HP Percentage Mod: HP is shown in percentages
|rule|Endless Battle Clause: Forcing endless battles is banned
|rule|Species Clause: Limit one of each Pokémon
|rule|OHKO Clause: OHKO moves are banned
|rule|Evasion Items Clause: Evasion items are banned
|rule|Evasion Moves Clause: Evasion moves are banned
|rule|Evasion Abilities Clause: Evasion abilities are banned
|rule|Sleep Moves Clause: Sleep-inducing moves are banned
|clearpoke
|poke|p1|Hatterene, F|
|poke|p1|Great Tusk|
|poke|p1|Walking Wake|
|poke|p1|Torkoal, M|
|poke|p1|Venusaur, F|
|poke|p1|Raging Bolt|
|poke|p2|Cinderace, M|
|poke|p2|Polteageist-Antique|
|poke|p2|Walking Wake|
|poke|p2|Zamazenta-*|
|poke|p2|Maushold-Four|
|poke|p2|Glimmora, M|
|teampreview
|
|t:|1779823064
|teamsize|p1|6
|teamsize|p2|6
|start
|switch|p1a: Torkoal|Torkoal, M|100/100
|switch|p2a: Cinderace|Cinderace, M, shiny|100/100
|-weather|SunnyDay|[from] ability: Drought|[of] p1a: Torkoal
|turn|1
|
|t:|1779823087
|switch|p1a: Hatterene|Hatterene, F|100/100
|move|p2a: Cinderace|High Jump Kick|p1a: Hatterene
|-start|p2a: Cinderace|typechange|Fighting|[from] ability: Libero
|-resisted|p1a: Hatterene
|-damage|p1a: Hatterene|86/100
|-enditem|p1a: Hatterene|Eject Button
|
|t:|1779823097
|switch|p1a: Great Tusk|Great Tusk|100/100
|-activate|p1a: Great Tusk|ability: Protosynthesis
|-start|p1a: Great Tusk|protosynthesisatk
|
|-weather|SunnyDay|[upkeep]
|upkeep
|turn|2
|
|t:|1779823104
|move|p2a: Cinderace|High Jump Kick|p1a: Great Tusk
|-damage|p1a: Great Tusk|55/100
|move|p1a: Great Tusk|Rapid Spin|p2a: Cinderace
|-damage|p2a: Cinderace|56/100
|-boost|p1a: Great Tusk|spe|1
|-damage|p1a: Great Tusk|45/100|[from] item: Life Orb
|
|-weather|SunnyDay|[upkeep]
|upkeep
|turn|3
|
|t:|1779823111
|move|p2a: Cinderace|Sucker Punch|p1a: Great Tusk
|-resisted|p1a: Great Tusk
|-damage|p1a: Great Tusk|36/100
|move|p1a: Great Tusk|Headlong Rush|p2a: Cinderace
|-damage|p2a: Cinderace|0 fnt
|-unboost|p1a: Great Tusk|def|1
|-unboost|p1a: Great Tusk|spd|1
|faint|p2a: Cinderace
|-damage|p1a: Great Tusk|26/100|[from] item: Life Orb
|
|-weather|SunnyDay|[upkeep]
|upkeep
|
|t:|1779823114
|switch|p2a: Zamazenta|Zamazenta, shiny|100/100
|-ability|p2a: Zamazenta|Dauntless Shield|boost
|-boost|p2a: Zamazenta|def|1
|turn|4
|l|☆hameed425
|player|p1|
|j|☆hameed425
|player|p1|hameed425|2|
|
|t:|1779823417
|move|p2a: Zamazenta|Body Press|p1a: Great Tusk
|-damage|p1a: Great Tusk|0 fnt
|faint|p1a: Great Tusk
|-end|p1a: Great Tusk|Protosynthesis|[silent]
|
|-weather|SunnyDay|[upkeep]
|upkeep
|
|t:|1779823422
|switch|p1a: Hatterene|Hatterene, F|86/100
|turn|5
|inactive|Battle timer is ON: inactive players will automatically lose when time's up. (requested by prakshep)
|
|t:|1779823432
|move|p2a: Zamazenta|Heavy Slam|p1a: Hatterene
|-supereffective|p1a: Hatterene
|-damage|p1a: Hatterene|31/100
|move|p1a: Hatterene|Nuzzle|p2a: Zamazenta
|-damage|p2a: Zamazenta|98/100
|-status|p2a: Zamazenta|par
|
|-weather|SunnyDay|[upkeep]
|-heal|p2a: Zamazenta|100/100 par|[from] item: Leftovers
|upkeep
|turn|6
|
|t:|1779823438
|move|p2a: Zamazenta|Heavy Slam|p1a: Hatterene
|-supereffective|p1a: Hatterene
|-damage|p1a: Hatterene|0 fnt
|faint|p1a: Hatterene
|
|-weather|SunnyDay|[upkeep]
|upkeep
|
|t:|1779823441
|switch|p1a: Venusaur|Venusaur, F|100/100
|turn|7
|inactive|prakshep has 120 seconds left.
|
|t:|1779823472
|move|p1a: Venusaur|Growth|p1a: Venusaur
|-boost|p1a: Venusaur|atk|2
|-boost|p1a: Venusaur|spa|2
|move|p2a: Zamazenta|Crunch|p1a: Venusaur
|-damage|p1a: Venusaur|73/100
|-unboost|p1a: Venusaur|def|1
|
|-weather|SunnyDay|[upkeep]
|upkeep
|turn|8
|
|t:|1779823476
|move|p1a: Venusaur|Giga Drain|p2a: Zamazenta
|-damage|p2a: Zamazenta|8/100 par
|-heal|p1a: Venusaur|100/100|[from] drain|[of] p2a: Zamazenta
|-damage|p1a: Venusaur|91/100|[from] item: Life Orb
|cant|p2a: Zamazenta|par
|
|-weather|none
|-heal|p2a: Zamazenta|14/100 par|[from] item: Leftovers
|upkeep
|turn|9
|
|t:|1779823479
|move|p1a: Venusaur|Giga Drain|p2a: Zamazenta
|-damage|p2a: Zamazenta|0 fnt
|-heal|p1a: Venusaur|97/100|[from] drain|[of] p2a: Zamazenta
|faint|p2a: Zamazenta
|-damage|p1a: Venusaur|87/100|[from] item: Life Orb
|
|upkeep
|
|t:|1779823487
|switch|p2a: Maushold|Maushold-Four, shiny|100/100
|turn|10
|
|t:|1779823495
|move|p2a: Maushold|Population Bomb|p1a: Venusaur
|-damage|p1a: Venusaur|69/100
|-damage|p1a: Venusaur|49/100
|-damage|p1a: Venusaur|29/100
|-damage|p1a: Venusaur|10/100
|-damage|p1a: Venusaur|0 fnt
|faint|p1a: Venusaur
|-hitcount|p1: Venusaur|5
|
|upkeep
|
|t:|1779823497
|switch|p1a: Torkoal|Torkoal, M|100/100
|-weather|SunnyDay|[from] ability: Drought|[of] p1a: Torkoal
|turn|11
|
|t:|1779823507
|move|p2a: Maushold|Population Bomb|p1a: Torkoal
|-damage|p1a: Torkoal|94/100
|-damage|p1a: Torkoal|87/100
|-damage|p1a: Torkoal|80/100
|-crit|p1a: Torkoal
|-damage|p1a: Torkoal|69/100
|-damage|p1a: Torkoal|63/100
|-damage|p1a: Torkoal|56/100
|-damage|p1a: Torkoal|49/100
|-damage|p1a: Torkoal|42/100
|-damage|p1a: Torkoal|36/100
|-damage|p1a: Torkoal|29/100
|-hitcount|p1a: Torkoal|10
|move|p1a: Torkoal|Lava Plume|p2a: Maushold
|-damage|p2a: Maushold|43/100
|
|-weather|SunnyDay|[upkeep]
|upkeep
|turn|12
|
|t:|1779823511
|move|p2a: Maushold|Population Bomb|p1a: Torkoal
|-damage|p1a: Torkoal|22/100
|-damage|p1a: Torkoal|16/100
|-damage|p1a: Torkoal|9/100
|-crit|p1a: Torkoal
|-damage|p1a: Torkoal|0 fnt
|faint|p1a: Torkoal
|-hitcount|p1: Torkoal|4
|
|-weather|SunnyDay|[upkeep]
|upkeep
|
|t:|1779823514
|switch|p1a: Walking Wake|Walking Wake|100/100
|-activate|p1a: Walking Wake|ability: Protosynthesis
|-start|p1a: Walking Wake|protosynthesisspe
|turn|13
|inactive|prakshep has 120 seconds left.
|
|t:|1779823546
|move|p1a: Walking Wake|Hydro Steam|p2a: Maushold
|-damage|p2a: Maushold|0 fnt
|faint|p2a: Maushold
|-damage|p1a: Walking Wake|91/100|[from] item: Life Orb
|
|-weather|SunnyDay|[upkeep]
|upkeep
|inactive|prakshep has 120 seconds left.
|
|t:|1779823552
|switch|p2a: Walking Wake|Walking Wake|100/100
|-activate|p2a: Walking Wake|ability: Protosynthesis
|-start|p2a: Walking Wake|protosynthesisspa
|turn|14
|
|t:|1779823559
|-terastallize|p2a: Walking Wake|Fairy
|move|p1a: Walking Wake|Dragon Pulse|p2a: Walking Wake
|-immune|p2a: Walking Wake
|move|p2a: Walking Wake|Draco Meteor|p1a: Walking Wake
|-supereffective|p1a: Walking Wake
|-damage|p1a: Walking Wake|0 fnt
|-unboost|p2a: Walking Wake|spa|2
|faint|p1a: Walking Wake
|-end|p1a: Walking Wake|Protosynthesis|[silent]
|
|-weather|SunnyDay|[upkeep]
|upkeep
|
|t:|1779823561
|switch|p1a: Raging Bolt|Raging Bolt|100/100
|-activate|p1a: Raging Bolt|ability: Protosynthesis
|-start|p1a: Raging Bolt|protosynthesisspa
|turn|15
|
|t:|1779823569
|-end|p2a: Walking Wake|Protosynthesis|[silent]
|switch|p2a: Glimmora|Glimmora, M, shiny|100/100
|-terastallize|p1a: Raging Bolt|Fairy
|move|p1a: Raging Bolt|Thunderclap||[still]
|-fail|p1a: Raging Bolt
|
|-weather|SunnyDay|[upkeep]
|upkeep
|turn|16
|
|t:|1779823577
|move|p1a: Raging Bolt|Thunderclap|p2a: Glimmora
|-damage|p2a: Glimmora|0 fnt
|faint|p2a: Glimmora
|
|-weather|SunnyDay|[upkeep]
|upkeep
|
|t:|1779823580
|switch|p2a: Polteageist|Polteageist-Antique|100/100
|turn|17
|
|t:|1779823597
|move|p1a: Raging Bolt|Thunderclap|p2a: Polteageist
|-enditem|p2a: Polteageist|Focus Sash
|-damage|p2a: Polteageist|1/100
|move|p2a: Polteageist|Shadow Ball|p1a: Raging Bolt
|-damage|p1a: Raging Bolt|58/100
|
|-weather|SunnyDay|[upkeep]
|upkeep
|turn|18
|
|t:|1779823605
|move|p1a: Raging Bolt|Thunderclap||[still]
|-fail|p1a: Raging Bolt
|move|p2a: Polteageist|Shell Smash|p2a: Polteageist
|-unboost|p2a: Polteageist|def|1
|-unboost|p2a: Polteageist|spd|1
|-boost|p2a: Polteageist|atk|2
|-boost|p2a: Polteageist|spa|2
|-boost|p2a: Polteageist|spe|2
|
|-weather|none
|-end|p1a: Raging Bolt|Protosynthesis
|upkeep
|turn|19
|
|t:|1779823624
|move|p1a: Raging Bolt|Thunderclap|p2a: Polteageist
|-damage|p2a: Polteageist|0 fnt
|faint|p2a: Polteageist
|
|upkeep
|
|t:|1779823626
|switch|p2a: Walking Wake|Walking Wake, tera:Fairy|100/100
|-enditem|p2a: Walking Wake|Booster Energy
|-activate|p2a: Walking Wake|ability: Protosynthesis|[fromitem]
|-start|p2a: Walking Wake|protosynthesisspa
|turn|20
|
|t:|1779823630
|move|p1a: Raging Bolt|Thunderclap|p2a: Walking Wake
|-damage|p2a: Walking Wake|21/100
|move|p2a: Walking Wake|Hydro Steam|p1a: Raging Bolt
|-damage|p1a: Raging Bolt|4/100
|
|upkeep
|turn|21
|
|t:|1779823633
|move|p1a: Raging Bolt|Thunderclap||[still]
|-fail|p1a: Raging Bolt
|move|p2a: Walking Wake|Roar||[still]
|-fail|p2a: Walking Wake
|
|upkeep
|turn|22
|
|t:|1779823650
|move|p1a: Raging Bolt|Thunderclap||[still]
|-fail|p1a: Raging Bolt
|move|p2a: Walking Wake|Roar||[still]
|-fail|p2a: Walking Wake
|
|upkeep
|turn|23
|
|t:|1779823652
|move|p2a: Walking Wake|Hydro Steam|p1a: Raging Bolt
|-damage|p1a: Raging Bolt|0 fnt
|faint|p1a: Raging Bolt
|-end|p1a: Raging Bolt|Protosynthesis|[silent]
|
|win|prakshep
|raw|hameed425's rating: 1453 &rarr; <strong>1432</strong><br />(-21 for losing)
|raw|prakshep's rating: 1444 &rarr; <strong>1465</strong><br />(+21 for winning)
|l|☆prakshep
|player|p2|
|l|☆hameed425
|player|p1|
