|j|☆Gabefrom63rd
|j|☆claudechamp
|t:|1779810158
|gametype|singles
|player|p1|Gabefrom63rd|1|1167
|player|p2|claudechamp|265|1193
|gen|9
|tier|[Gen 9] OU
|rated|
|rule|HP Percentage Mod: HP is shown in percentages
|rule|Endless Battle Clause: Forcing endless battles is banned
|rule|Species Clause: Limit one of each Pokémon
|rule|OHKO Clause: OHKO moves are banned
|rule|Evasion Items Clause: Evasion items are banned
|rule|Evasion Moves Clause: Evasion moves are banned
|rule|Evasion Abilities Clause: Evasion abilities are banned
|rule|Sleep Moves Clause: Sleep-inducing moves are banned
|clearpoke
|poke|p1|Okidogi, M|
|poke|p1|Dragapult, M|
|poke|p1|Gholdengo|
|poke|p1|Samurott-Hisui, F|
|poke|p1|Moltres|
|poke|p1|Zapdos|
|poke|p2|Gliscor, M|
|poke|p2|Gholdengo|
|poke|p2|Zamazenta-*|
|poke|p2|Blissey, F|
|poke|p2|Skarmory, F|
|poke|p2|Pecharunt|
|teampreview
|inactive|Battle timer is ON: inactive players will automatically lose when time's up. (requested by Gabefrom63rd)
|c|☆claudechamp|hf
|
|t:|1779810167
|teamsize|p1|6
|teamsize|p2|6
|start
|switch|p1a: Gholdengo|Gholdengo|100/100
|switch|p2a: Skarmory|Skarmory, F|100/100
|turn|1
|inactive|claudechamp also wants the timer to be on.
|
|t:|1779810188
|switch|p2a: Gliscor|Gliscor, M|100/100
|move|p1a: Gholdengo|Trick|p2a: Gliscor
|-activate|p1a: Gholdengo|move: Trick|[of] p2a: Gliscor
|-item|p2a: Gliscor|Choice Scarf|[from] move: Trick
|-item|p1a: Gholdengo|Toxic Orb|[from] move: Trick
|
|upkeep
|turn|2
|c|☆Gabefrom63rd|Glhf
|
|t:|1779810208
|switch|p1a: Moltres|Moltres|100/100
|move|p2a: Gliscor|Earthquake|p1a: Moltres
|-immune|p1a: Moltres
|
|upkeep
|turn|3
|
|t:|1779810212
|switch|p2a: Gholdengo|Gholdengo|100/100
|move|p1a: Moltres|Will-O-Wisp|p2a: Gholdengo
|-immune|p2a: Gholdengo|[from] ability: Good as Gold
|
|upkeep
|turn|4
|
|t:|1779810219
|move|p2a: Gholdengo|Nasty Plot|p2a: Gholdengo
|-boost|p2a: Gholdengo|spa|2
|move|p1a: Moltres|U-turn|p2a: Gholdengo
|-resisted|p2a: Gholdengo
|-damage|p2a: Gholdengo|98/100
|
|t:|1779810221
|switch|p1a: Samurott|Samurott-Hisui, F|100/100|[from] U-turn
|
|upkeep
|turn|5
|
|t:|1779810233
|move|p1a: Samurott|Ceaseless Edge|p2a: Gholdengo
|-supereffective|p2a: Gholdengo
|-damage|p2a: Gholdengo|15/100
|-sidestart|p2: claudechamp|Spikes
|-damage|p1a: Samurott|91/100|[from] item: Life Orb
|move|p2a: Gholdengo|Hex|p1a: Samurott
|-resisted|p1a: Samurott
|-damage|p1a: Samurott|45/100
|
|upkeep
|turn|6
|
|t:|1779810240
|move|p1a: Samurott|Ceaseless Edge|p2a: Gholdengo
|-supereffective|p2a: Gholdengo
|-damage|p2a: Gholdengo|0 fnt
|-sidestart|p2: claudechamp|Spikes
|faint|p2a: Gholdengo
|-damage|p1a: Samurott|35/100|[from] item: Life Orb
|
|upkeep
|
|t:|1779810242
|switch|p2a: Gliscor|Gliscor, M|100/100
|turn|7
|
|t:|1779810247
|switch|p1a: Moltres|Moltres|100/100
|move|p2a: Gliscor|Earthquake|p1a: Moltres
|-immune|p1a: Moltres
|
|upkeep
|turn|8
|inactive|Gabefrom63rd has 120 seconds left.
|inactive|Gabefrom63rd has 90 seconds left.
|
|t:|1779810314
|switch|p2a: Blissey|Blissey, F|100/100
|move|p1a: Moltres|Will-O-Wisp|p2a: Blissey|[miss]
|-miss|p1a: Moltres|p2a: Blissey
|
|upkeep
|turn|9
|
|t:|1779810316
|move|p1a: Moltres|U-turn|p2a: Blissey
|-damage|p2a: Blissey|85/100
|inactive|Gabefrom63rd has 90 seconds left.
|j| Amphi n enjoyer
|
|t:|1779810330
|switch|p1a: Samurott|Samurott-Hisui, F|35/100|[from] U-turn
|move|p2a: Blissey|Stealth Rock|p1a: Samurott
|-sidestart|p1: Gabefrom63rd|move: Stealth Rock
|
|upkeep
|turn|10
|
|t:|1779810333
|switch|p2a: Zamazenta|Zamazenta|100/100
|-ability|p2a: Zamazenta|Dauntless Shield|boost
|-boost|p2a: Zamazenta|def|1
|move|p1a: Samurott|Ceaseless Edge|p2a: Zamazenta
|-resisted|p2a: Zamazenta
|-damage|p2a: Zamazenta|82/100
|-sidestart|p2: claudechamp|Spikes
|-damage|p1a: Samurott|25/100|[from] item: Life Orb
|
|upkeep
|turn|11
|
|t:|1779810335
|move|p2a: Zamazenta|Close Combat|p1a: Samurott
|-supereffective|p1a: Samurott
|-damage|p1a: Samurott|0 fnt
|-unboost|p2a: Zamazenta|def|1
|-unboost|p2a: Zamazenta|spd|1
|faint|p1a: Samurott
|
|upkeep
|
|t:|1779810342
|switch|p1a: Moltres|Moltres|100/100
|turn|12
|
|t:|1779810347
|switch|p2a: Pecharunt|Pecharunt|100/100
|move|p1a: Moltres|U-turn|p2a: Pecharunt
|-resisted|p2a: Pecharunt
|-damage|p2a: Pecharunt|99/100
|inactive|Gabefrom63rd has 120 seconds left.
|
|t:|1779810362
|switch|p1a: Zapdos|Zapdos|100/100|[from] U-turn
|
|upkeep
|turn|13
|inactive|Gabefrom63rd has 120 seconds left.
|
|t:|1779810368
|move|p1a: Zapdos|Volt Switch|p2a: Pecharunt
|-damage|p2a: Pecharunt|61/100
|
|t:|1779810370
|switch|p1a: Okidogi|Okidogi, M|100/100|[from] Volt Switch
|-damage|p1a: Okidogi|94/100|[from] Stealth Rock
|move|p2a: Pecharunt|Shadow Ball|p1a: Okidogi
|-damage|p1a: Okidogi|68/100
|
|upkeep
|turn|14
|
|t:|1779810373
|move|p1a: Okidogi|Knock Off|p2a: Pecharunt
|-supereffective|p2a: Pecharunt
|-damage|p2a: Pecharunt|19/100
|-enditem|p2a: Pecharunt|Heavy-Duty Boots|[from] move: Knock Off|[of] p1a: Okidogi
|move|p2a: Pecharunt|Recover|p2a: Pecharunt
|-heal|p2a: Pecharunt|69/100
|
|upkeep
|turn|15
|
|t:|1779810383
|move|p1a: Okidogi|Knock Off|p2a: Pecharunt
|-supereffective|p2a: Pecharunt
|-damage|p2a: Pecharunt|43/100
|move|p2a: Pecharunt|Recover|p2a: Pecharunt
|-heal|p2a: Pecharunt|93/100
|
|upkeep
|turn|16
|
|t:|1779810388
|move|p1a: Okidogi|Knock Off|p2a: Pecharunt
|-supereffective|p2a: Pecharunt
|-damage|p2a: Pecharunt|65/100
|move|p2a: Pecharunt|Shadow Ball|p1a: Okidogi
|-damage|p1a: Okidogi|39/100
|
|upkeep
|turn|17
|
|t:|1779810395
|switch|p1a: Dragapult|Dragapult, M|100/100
|-damage|p1a: Dragapult|88/100|[from] Stealth Rock
|move|p2a: Pecharunt|Recover|p2a: Pecharunt
|-heal|p2a: Pecharunt|100/100
|
|upkeep
|turn|18
|
|t:|1779810400
|move|p1a: Dragapult|Thunder Wave|p2a: Pecharunt|[miss]
|-miss|p1a: Dragapult|p2a: Pecharunt
|move|p2a: Pecharunt|Shadow Ball|p1a: Dragapult
|-supereffective|p1a: Dragapult
|-damage|p1a: Dragapult|32/100
|
|upkeep
|turn|19
|
|t:|1779810407
|move|p1a: Dragapult|Thunder Wave|p2a: Pecharunt
|-status|p2a: Pecharunt|par
|move|p2a: Pecharunt|Shadow Ball|p1a: Dragapult
|-supereffective|p1a: Dragapult
|-damage|p1a: Dragapult|0 fnt
|faint|p1a: Dragapult
|
|upkeep
|
|t:|1779810411
|switch|p1a: Gholdengo|Gholdengo|100/100
|-damage|p1a: Gholdengo|94/100|[from] Stealth Rock
|turn|20
|
|t:|1779810415
|move|p1a: Gholdengo|Hex|p2a: Pecharunt
|-supereffective|p2a: Pecharunt
|-damage|p2a: Pecharunt|0 fnt
|faint|p2a: Pecharunt
|
|upkeep
|
|t:|1779810419
|switch|p2a: Gliscor|Gliscor, M|100/100
|turn|21
|
|t:|1779810430
|switch|p1a: Zapdos|Zapdos|100/100
|move|p2a: Gliscor|Earthquake|p1a: Zapdos
|-immune|p1a: Zapdos
|
|upkeep
|turn|22
|
|t:|1779810440
|switch|p2a: Blissey|Blissey, F|85/100
|move|p1a: Zapdos|Hurricane|p2a: Blissey
|-damage|p2a: Blissey|67/100
|-start|p2a: Blissey|confusion
|
|upkeep
|turn|23
|
|t:|1779810449
|move|p1a: Zapdos|Roost||[still]
|-fail|p1a: Zapdos|heal
|-activate|p2a: Blissey|confusion
|move|p2a: Blissey|Soft-Boiled|p2a: Blissey
|-heal|p2a: Blissey|100/100
|
|upkeep
|turn|24
|
|t:|1779810471
|move|p1a: Zapdos|Hurricane|p2a: Blissey
|-damage|p2a: Blissey|81/100
|-end|p2a: Blissey|confusion
|move|p2a: Blissey|Calm Mind|p2a: Blissey
|-boost|p2a: Blissey|spa|1
|-boost|p2a: Blissey|spd|1
|
|upkeep
|turn|25
|
|t:|1779810481
|move|p1a: Zapdos|Volt Switch|p2a: Blissey
|-damage|p2a: Blissey|73/100
|
|t:|1779810483
|switch|p1a: Okidogi|Okidogi, M|39/100|[from] Volt Switch
|-damage|p1a: Okidogi|33/100|[from] Stealth Rock
|move|p2a: Blissey|Calm Mind|p2a: Blissey
|-boost|p2a: Blissey|spa|1
|-boost|p2a: Blissey|spd|1
|
|upkeep
|turn|26
|
|t:|1779810490
|-terastallize|p2a: Blissey|Dark
|move|p1a: Okidogi|Drain Punch|p2a: Blissey
|-supereffective|p2a: Blissey
|-damage|p2a: Blissey|0 fnt
|-heal|p1a: Okidogi|99/100|[from] drain|[of] p2a: Blissey
|faint|p2a: Blissey
|
|upkeep
|
|t:|1779810495
|switch|p2a: Skarmory|Skarmory, F|100/100
|turn|27
|
|t:|1779810500
|move|p1a: Okidogi|Knock Off|p2a: Skarmory
|-damage|p2a: Skarmory|79/100
|-enditem|p2a: Skarmory|Heavy-Duty Boots|[from] move: Knock Off|[of] p1a: Okidogi
|move|p2a: Skarmory|Spikes|p1a: Okidogi
|-sidestart|p1: Gabefrom63rd|Spikes
|
|upkeep
|turn|28
|
|t:|1779810511
|move|p1a: Okidogi|Drain Punch|p2a: Skarmory
|-damage|p2a: Skarmory|54/100
|-heal|p1a: Okidogi|100/100|[from] drain|[of] p2a: Skarmory
|move|p2a: Skarmory|Spikes|p1a: Okidogi
|-sidestart|p1: Gabefrom63rd|Spikes
|
|upkeep
|turn|29
|inactive|Gabefrom63rd has 120 seconds left.
|
|t:|1779810542
|move|p1a: Okidogi|Drain Punch|p2a: Skarmory
|-damage|p2a: Skarmory|26/100
|move|p2a: Skarmory|Roost|p2a: Skarmory
|-heal|p2a: Skarmory|76/100
|-singleturn|p2a: Skarmory|move: Roost
|
|upkeep
|turn|30
|inactive|Gabefrom63rd has 120 seconds left.
|
|t:|1779810565
|move|p1a: Okidogi|Drain Punch|p2a: Skarmory
|-damage|p2a: Skarmory|51/100
|move|p2a: Skarmory|Whirlwind|p1a: Okidogi
|drag|p1a: Zapdos|Zapdos|100/100
|
|upkeep
|turn|31
|
|t:|1779810576
|switch|p2a: Gliscor|Gliscor, M|100/100
|move|p1a: Zapdos|Volt Switch|p2a: Gliscor
|-immune|p2a: Gliscor
|
|upkeep
|turn|32
|inactive|Gabefrom63rd has 120 seconds left.
|
|t:|1779810590
|move|p2a: Gliscor|Protect|p2a: Gliscor
|-singleturn|p2a: Gliscor|Protect
|move|p1a: Zapdos|Hurricane|p2a: Gliscor
|-activate|p2a: Gliscor|move: Protect
|
|upkeep
|turn|33
|
|t:|1779810603
|switch|p2a: Skarmory|Skarmory, F|51/100
|move|p1a: Zapdos|Hurricane|p2a: Skarmory
|-resisted|p2a: Skarmory
|-damage|p2a: Skarmory|13/100
|-start|p2a: Skarmory|confusion
|
|upkeep
|turn|34
|
|t:|1779810608
|move|p1a: Zapdos|Volt Switch|p2a: Skarmory
|-supereffective|p2a: Skarmory
|-damage|p2a: Skarmory|0 fnt
|faint|p2a: Skarmory
|
|t:|1779810614
|switch|p1a: Moltres|Moltres|100/100|[from] Volt Switch
|
|upkeep
|
|t:|1779810620
|switch|p2a: Zamazenta|Zamazenta|82/100
|turn|35
|
|t:|1779810629
|move|p2a: Zamazenta|Crunch|p1a: Moltres
|-damage|p1a: Moltres|82/100
|move|p1a: Moltres|Roar|p2a: Zamazenta
|drag|p2a: Gliscor|Gliscor, M|100/100
|
|upkeep
|turn|36
|inactive|Gabefrom63rd has 120 seconds left.
|
|t:|1779810673
|move|p2a: Gliscor|Knock Off|p1a: Moltres
|-damage|p1a: Moltres|67/100
|-status|p2a: Gliscor|brn|[from] ability: Flame Body|[of] p1a: Moltres
|-enditem|p1a: Moltres|Heavy-Duty Boots|[from] move: Knock Off|[of] p2a: Gliscor
|move|p1a: Moltres|Roar|p2a: Gliscor
|drag|p2a: Zamazenta|Zamazenta|82/100
|
|upkeep
|turn|37
|
|t:|1779810685
|move|p2a: Zamazenta|Crunch|p1a: Moltres
|-damage|p1a: Moltres|49/100
|-status|p2a: Zamazenta|brn|[from] ability: Flame Body|[of] p1a: Moltres
|move|p1a: Moltres|Will-O-Wisp|p2a: Zamazenta
|-fail|p2a: Zamazenta|brn
|
|-damage|p2a: Zamazenta|76/100 brn|[from] brn
|upkeep
|turn|38
|inactive|Gabefrom63rd has 120 seconds left.
|
|t:|1779810696
|move|p2a: Zamazenta|Ice Fang|p1a: Moltres
|-damage|p1a: Moltres|42/100
|move|p1a: Moltres|Roost|p1a: Moltres
|-heal|p1a: Moltres|92/100
|-singleturn|p1a: Moltres|move: Roost
|
|-damage|p2a: Zamazenta|70/100 brn|[from] brn
|upkeep
|turn|39
|inactive|Gabefrom63rd has 120 seconds left.
|
|t:|1779810722
|move|p2a: Zamazenta|Ice Fang|p1a: Moltres
|-damage|p1a: Moltres|85/100
|move|p1a: Moltres|Roar|p2a: Zamazenta
|drag|p2a: Gliscor|Gliscor, M|100/100 brn
|
|-damage|p2a: Gliscor|94/100 brn|[from] brn
|upkeep
|turn|40
|inactive|Gabefrom63rd has 90 seconds left.
|c|☆Gabefrom63rd|I think it’s over buddy
|c|☆Gabefrom63rd|But good game tho
|
|t:|1779810763
|switch|p2a: Zamazenta|Zamazenta|70/100 brn
|move|p1a: Moltres|Roar|p2a: Zamazenta
|drag|p2a: Gliscor|Gliscor, M|94/100 brn
|
|-damage|p2a: Gliscor|88/100 brn|[from] brn
|upkeep
|turn|41
|
|t:|1779810778
|move|p2a: Gliscor|Protect|p2a: Gliscor
|-singleturn|p2a: Gliscor|Protect
|move|p1a: Moltres|U-turn|p2a: Gliscor
|-activate|p2a: Gliscor|move: Protect
|
|-damage|p2a: Gliscor|82/100 brn|[from] brn
|upkeep
|turn|42
|
|t:|1779810787
|switch|p2a: Zamazenta|Zamazenta|70/100 brn
|move|p1a: Moltres|U-turn|p2a: Zamazenta
|-resisted|p2a: Zamazenta
|-damage|p2a: Zamazenta|62/100 brn
|
|t:|1779810798
|switch|p1a: Okidogi|Okidogi, M|100/100|[from] U-turn
|-damage|p1a: Okidogi|94/100|[from] Stealth Rock
|-damage|p1a: Okidogi|78/100|[from] Spikes
|
|-damage|p2a: Zamazenta|56/100 brn|[from] brn
|upkeep
|turn|43
|
|t:|1779810808
|move|p2a: Zamazenta|Ice Fang|p1a: Okidogi
|-damage|p1a: Okidogi|68/100
|move|p1a: Okidogi|Drain Punch|p2a: Zamazenta
|-damage|p2a: Zamazenta|16/100 brn
|-heal|p1a: Okidogi|86/100|[from] drain|[of] p2a: Zamazenta
|
|-damage|p2a: Zamazenta|10/100 brn|[from] brn
|upkeep
|turn|44
|inactive|Gabefrom63rd has 90 seconds left.
|
|t:|1779810819
|move|p2a: Zamazenta|Ice Fang|p1a: Okidogi
|-damage|p1a: Okidogi|78/100
|move|p1a: Okidogi|Drain Punch|p2a: Zamazenta
|-damage|p2a: Zamazenta|0 fnt
|-heal|p1a: Okidogi|82/100|[from] drain|[of] p2a: Zamazenta
|faint|p2a: Zamazenta
|
|upkeep
|
|t:|1779810827
|switch|p2a: Gliscor|Gliscor, M|82/100 brn
|turn|45
|inactive|Gabefrom63rd has 90 seconds left.
|
|t:|1779810860
|move|p2a: Gliscor|Protect|p2a: Gliscor
|-singleturn|p2a: Gliscor|Protect
|move|p1a: Okidogi|Ice Punch|p2a: Gliscor
|-activate|p2a: Gliscor|move: Protect
|
|-damage|p2a: Gliscor|75/100 brn|[from] brn
|upkeep
|turn|46
|
|t:|1779810872
|move|p2a: Gliscor|Protect||[still]
|-fail|p2a: Gliscor
|move|p1a: Okidogi|Ice Punch|p2a: Gliscor
|-supereffective|p2a: Gliscor
|-damage|p2a: Gliscor|0 fnt
|faint|p2a: Gliscor
|
|win|Gabefrom63rd
|raw|Gabefrom63rd's rating: 1167 &rarr; <strong>1196</strong><br />(+29 for winning)
|raw|claudechamp's rating: 1230 &rarr; <strong>1201</strong><br />(-29 for losing)
|c|☆claudechamp|gg
|c|☆Gabefrom63rd|Gg
|l|☆Gabefrom63rd
|player|p1|
