|j|☆mosswasgone
|j|☆mateufw
|t:|1779823638
|gametype|singles
|player|p1|mosswasgone|iris|1242
|player|p2|mateufw|firebreather|1233
|gen|9
|tier|[Gen 9] OU
|rated|
|rule|HP Percentage Mod: HP is shown in percentages
|rule|Endless Battle Clause: Forcing endless battles is banned
|rule|Species Clause: Limit one of each Pokémon
|rule|OHKO Clause: OHKO moves are banned
|rule|Evasion Items Clause: Evasion items are banned
|rule|Evasion Moves Clause: Evasion moves are banned
|rule|Evasion Abilities Clause: Evasion abilities are banned
|rule|Sleep Moves Clause: Sleep-inducing moves are banned
|clearpoke
|poke|p1|Komala, F|
|poke|p1|Dragonite, M|
|poke|p1|Greninja-*, M|
|poke|p1|Meowscarada, F|
|poke|p1|Deoxys-Speed|
|poke|p1|Skeledirge, F|
|poke|p2|Hoopa|
|poke|p2|Cinderace, M|
|poke|p2|Mandibuzz, F|
|poke|p2|Kyurem|
|poke|p2|Ting-Lu|
|poke|p2|Manaphy|
|teampreview
|inactive|Battle timer is ON: inactive players will automatically lose when time's up. (requested by mateufw)
|
|t:|1779823655
|teamsize|p1|6
|teamsize|p2|6
|start
|switch|p1a: Deoxys|Deoxys-Speed|100/100
|switch|p2a: Cinderace|Cinderace, M|100/100
|-ability|p1a: Deoxys|Pressure
|turn|1
|
|t:|1779823664
|switch|p2a: Mandibuzz|Mandibuzz, F, shiny|100/100
|move|p1a: Deoxys|Taunt|p2a: Mandibuzz
|-start|p2a: Mandibuzz|move: Taunt
|
|upkeep
|turn|2
|
|t:|1779823671
|move|p1a: Deoxys|Reflect|p1a: Deoxys
|-sidestart|p1: mosswasgone|Reflect
|move|p2a: Mandibuzz|Foul Play|p1a: Deoxys
|-supereffective|p1a: Deoxys
|-damage|p1a: Deoxys|69/100
|
|upkeep
|turn|3
|
|t:|1779823681
|switch|p2a: Hoopa|Hoopa|100/100
|move|p1a: Deoxys|Light Screen|p1a: Deoxys
|-sidestart|p1: mosswasgone|move: Light Screen
|
|upkeep
|turn|4
|
|t:|1779823692
|switch|p1a: Greninja|Greninja, M|100/100
|move|p2a: Hoopa|Shadow Ball|p1a: Greninja
|-resisted|p1a: Greninja
|-damage|p1a: Greninja|82/100
|
|upkeep
|turn|5
|
|t:|1779823703
|move|p1a: Greninja|Dark Pulse|p2a: Hoopa
|-supereffective|p2a: Hoopa
|-damage|p2a: Hoopa|0 fnt
|faint|p2a: Hoopa
|-ability|p1a: Greninja|Battle Bond|boost
|-boost|p1a: Greninja|atk|1
|-boost|p1a: Greninja|spa|1
|-boost|p1a: Greninja|spe|1
|-activate|p1a: Greninja|ability: Battle Bond
|-damage|p1a: Greninja|72/100|[from] item: Life Orb
|
|upkeep
|
|t:|1779823709
|switch|p2a: Kyurem|Kyurem|100/100
|-ability|p2a: Kyurem|Pressure
|turn|6
|
|t:|1779823718
|move|p1a: Greninja|Dark Pulse|p2a: Kyurem
|-damage|p2a: Kyurem|29/100
|-damage|p1a: Greninja|63/100|[from] item: Life Orb
|cant|p2a: Kyurem|flinch
|
|upkeep
|turn|7
|
|t:|1779823726
|move|p1a: Greninja|Dark Pulse|p2a: Kyurem
|-damage|p2a: Kyurem|0 fnt
|faint|p2a: Kyurem
|-damage|p1a: Greninja|53/100|[from] item: Life Orb
|
|upkeep
|
|t:|1779823727
|switch|p2a: Ting-Lucifer|Ting-Lu|100/100
|-ability|p2a: Ting-Lucifer|Vessel of Ruin
|turn|8
|
|t:|1779823742
|move|p1a: Greninja|Hydro Pump|p2a: Ting-Lucifer|[miss]
|-miss|p1a: Greninja|p2a: Ting-Lucifer
|move|p2a: Ting-Lucifer|Earthquake|p1a: Greninja
|-damage|p1a: Greninja|7/100
|
|upkeep
|turn|9
|
|t:|1779823753
|-terastallize|p2a: Ting-Lucifer|Steel
|move|p1a: Greninja|Hydro Pump|p2a: Ting-Lucifer|[miss]
|-miss|p1a: Greninja|p2a: Ting-Lucifer
|move|p2a: Ting-Lucifer|Earthquake|p1a: Greninja
|-damage|p1a: Greninja|0 fnt
|faint|p1a: Greninja
|
|-sideend|p1: mosswasgone|Reflect
|upkeep
|
|t:|1779823762
|switch|p1a: Deoxys|Deoxys-Speed|69/100
|-ability|p1a: Deoxys|Pressure
|turn|10
|
|t:|1779823770
|move|p1a: Deoxys|Reflect|p1a: Deoxys
|-sidestart|p1: mosswasgone|Reflect
|move|p2a: Ting-Lucifer|Heavy Slam|p1a: Deoxys
|-damage|p1a: Deoxys|34/100
|
|-sideend|p1: mosswasgone|move: Light Screen
|upkeep
|turn|11
|
|t:|1779823777
|move|p1a: Deoxys|Light Screen|p1a: Deoxys
|-sidestart|p1: mosswasgone|move: Light Screen
|move|p2a: Ting-Lucifer|Stealth Rock|p1a: Deoxys
|-sidestart|p1: mosswasgone|move: Stealth Rock
|
|upkeep
|turn|12
|
|t:|1779823788
|switch|p1a: Komala|Komala, F|100/100
|-damage|p1a: Komala|88/100|[from] Stealth Rock
|-ability|p1a: Komala|Comatose
|move|p2a: Ting-Lucifer|Stone Edge|p1a: Komala
|-crit|p1a: Komala
|-damage|p1a: Komala|14/100
|
|upkeep
|turn|13
|
|t:|1779823805
|move|p1a: Komala|Rapid Spin|p2a: Ting-Lucifer
|-resisted|p2a: Ting-Lucifer
|-damage|p2a: Ting-Lucifer|95/100
|-boost|p1a: Komala|spe|1
|-sideend|p1: mosswasgone|Stealth Rock|[from] move: Rapid Spin|[of] p1a: Komala
|move|p2a: Ting-Lucifer|Heavy Slam|p1a: Komala
|-damage|p1a: Komala|0 fnt
|faint|p1a: Komala
|
|upkeep
|
|t:|1779823816
|switch|p1a: Dragonite|Dragonite, M|100/100
|turn|14
|
|t:|1779823819
|switch|p2a: Mandibuzz|Mandibuzz, F, shiny|100/100
|move|p1a: Dragonite|Encore||[still]
|-fail|p1a: Dragonite
|
|upkeep
|turn|15
|
|t:|1779823824
|move|p1a: Dragonite|Dragon Dance|p1a: Dragonite
|-boost|p1a: Dragonite|atk|1
|-boost|p1a: Dragonite|spe|1
|move|p2a: Mandibuzz|Toxic|p1a: Dragonite
|-status|p1a: Dragonite|tox
|
|-damage|p1a: Dragonite|94/100 tox|[from] psn
|upkeep
|turn|16
|
|t:|1779823836
|switch|p2a: Ting-Lucifer|Ting-Lu, tera:Steel|95/100
|-ability|p2a: Ting-Lucifer|Vessel of Ruin
|move|p1a: Dragonite|Encore||[still]
|-fail|p1a: Dragonite
|
|-damage|p1a: Dragonite|82/100 tox|[from] psn
|upkeep
|turn|17
|
|t:|1779823843
|switch|p2a: Mandibuzz|Mandibuzz, F, shiny|100/100
|move|p1a: Dragonite|Dragon Dance|p1a: Dragonite
|-boost|p1a: Dragonite|atk|1
|-boost|p1a: Dragonite|spe|1
|
|-damage|p1a: Dragonite|63/100 tox|[from] psn
|-sideend|p1: mosswasgone|Reflect
|upkeep
|turn|18
|
|t:|1779823848
|move|p1a: Dragonite|Scale Shot|p2a: Mandibuzz
|-damage|p2a: Mandibuzz|82/100
|-damage|p2a: Mandibuzz|64/100
|-damage|p2a: Mandibuzz|47/100
|-damage|p2a: Mandibuzz|29/100
|-hitcount|p2a: Mandibuzz|4
|-unboost|p1a: Dragonite|def|1
|-boost|p1a: Dragonite|spe|1
|move|p2a: Mandibuzz|Foul Play|p1a: Dragonite
|-damage|p1a: Dragonite|0 fnt
|faint|p1a: Dragonite
|
|-sideend|p1: mosswasgone|move: Light Screen
|upkeep
|-message|mosswasgone forfeited.
|
|win|mateufw
|raw|mosswasgone's rating: 1242 &rarr; <strong>1216</strong><br />(-26 for losing)
|raw|mateufw's rating: 1233 &rarr; <strong>1259</strong><br />(+26 for winning)
|l|☆mosswasgone
|player|p1|
|l|☆mateufw
|player|p2|
