|j|☆unamedturd
|j|☆saxafrax
|t:|1779916711
|gametype|singles
|player|p1|unamedturd|102|1624
|player|p2|saxafrax|dancer|1588
|gen|9
|tier|[Gen 9] OU
|rated|
|rule|HP Percentage Mod: HP is shown in percentages
|rule|Endless Battle Clause: Forcing endless battles is banned
|rule|Species Clause: Limit one of each Pokémon
|rule|OHKO Clause: OHKO moves are banned
|rule|Evasion Items Clause: Evasion items are banned
|rule|Evasion Moves Clause: Evasion moves are banned
|rule|Evasion Abilities Clause: Evasion abilities are banned
|rule|Sleep Moves Clause: Sleep-inducing moves are banned
|clearpoke
|poke|p1|Zamazenta-*|
|poke|p1|Sinistcha-Masterpiece|
|poke|p1|Great Tusk|
|poke|p1|Kingambit, F|
|poke|p1|Gholdengo|
|poke|p1|Ting-Lu|
|poke|p2|Glimmora, M|
|poke|p2|Iron Valiant|
|poke|p2|Kyurem|
|poke|p2|Landorus-Therian, M|
|poke|p2|Cinderace, F|
|poke|p2|Kingambit, F|
|teampreview
|
|t:|1779916742
|teamsize|p1|6
|teamsize|p2|6
|start
|switch|p1a: Gholdengo|Gholdengo|100/100
|switch|p2a: Glimmora|Glimmora, M|100/100
|turn|1
|
|t:|1779916751
|switch|p2a: Kingambit|Kingambit, F|100/100
|move|p1a: Gholdengo|Make It Rain|p2a: Kingambit
|-resisted|p2a: Kingambit
|-damage|p2a: Kingambit|61/100
|-unboost|p1a: Gholdengo|spa|1
|
|upkeep
|turn|2
|
|t:|1779916774
|switch|p1a: Great Tusk|Great Tusk|100/100
|-enditem|p1a: Great Tusk|Booster Energy
|-activate|p1a: Great Tusk|ability: Protosynthesis|[fromitem]
|-start|p1a: Great Tusk|protosynthesisspe
|-end|p2a: Kingambit|fallenundefined|[silent]
|switch|p2a: Kyurem|Kyurem|100/100
|-ability|p2a: Kyurem|Pressure
|
|upkeep
|turn|3
|
|t:|1779916795
|-end|p1a: Great Tusk|Protosynthesis|[silent]
|switch|p1a: Gholdengo|Gholdengo|100/100
|switch|p2a: Landorus|Landorus-Therian, M|100/100
|-ability|p2a: Landorus|Intimidate|boost
|-unboost|p1a: Gholdengo|atk|1
|
|upkeep
|turn|4
|
|t:|1779916807
|switch|p1a: Great Tusk|Great Tusk|100/100
|move|p2a: Landorus|Earth Power|p1a: Great Tusk
|-damage|p1a: Great Tusk|57/100
|
|upkeep
|turn|5
|
|t:|1779916815
|switch|p2a: Glimmora|Glimmora, M|100/100
|move|p1a: Great Tusk|Ice Spinner|p2a: Glimmora
|-damage|p2a: Glimmora|72/100
|-activate|p2a: Glimmora|ability: Toxic Debris
|-sidestart|p1: unamedturd|move: Toxic Spikes
|
|upkeep
|turn|6
|
|t:|1779916823
|move|p2a: Glimmora|Dazzling Gleam|p1a: Great Tusk
|-supereffective|p1a: Great Tusk
|-damage|p1a: Great Tusk|0 fnt
|faint|p1a: Great Tusk
|-end|p1a: Great Tusk|Protosynthesis|[silent]
|
|upkeep
|
|t:|1779916829
|switch|p1a: Gholdengo|Gholdengo|100/100
|turn|7
|
|t:|1779916843
|switch|p2a: Kingambit|Kingambit, F|61/100
|move|p1a: Gholdengo|Make It Rain|p2a: Kingambit
|-resisted|p2a: Kingambit
|-damage|p2a: Kingambit|25/100
|-unboost|p1a: Gholdengo|spa|1
|
|upkeep
|turn|8
|
|t:|1779916857
|switch|p1a: Zamazenta|Zamazenta|100/100
|-status|p1a: Zamazenta|psn
|-ability|p1a: Zamazenta|Dauntless Shield|boost
|-boost|p1a: Zamazenta|def|1
|move|p2a: Kingambit|Low Kick|p1a: Zamazenta
|-damage|p1a: Zamazenta|79/100 psn
|
|-heal|p1a: Zamazenta|85/100 psn|[from] item: Leftovers
|-damage|p1a: Zamazenta|73/100 psn|[from] psn
|upkeep
|turn|9
|
|t:|1779916868
|switch|p1a: Gholdengo|Gholdengo|100/100
|-end|p2a: Kingambit|fallenundefined|[silent]
|switch|p2a: Landorus|Landorus-Therian, M|100/100
|-ability|p2a: Landorus|Intimidate|boost
|-unboost|p1a: Gholdengo|atk|1
|
|upkeep
|turn|10
|
|t:|1779916879
|move|p1a: Gholdengo|Make It Rain|p2a: Landorus
|-damage|p2a: Landorus|31/100
|-unboost|p1a: Gholdengo|spa|1
|move|p2a: Landorus|Earth Power|p1a: Gholdengo
|-supereffective|p1a: Gholdengo
|-damage|p1a: Gholdengo|32/100
|
|upkeep
|turn|11
|
|t:|1779916898
|switch|p2a: Cinderace|Cinderace, F|100/100
|move|p1a: Gholdengo|Make It Rain|p2a: Cinderace
|-resisted|p2a: Cinderace
|-damage|p2a: Cinderace|70/100
|-unboost|p1a: Gholdengo|spa|1
|
|upkeep
|turn|12
|
|t:|1779916908
|switch|p1a: Zamazenta|Zamazenta|73/100 psn
|move|p2a: Cinderace|Pyro Ball|p1a: Zamazenta
|-damage|p1a: Zamazenta|31/100 psn
|
|-heal|p1a: Zamazenta|37/100 psn|[from] item: Leftovers
|-damage|p1a: Zamazenta|25/100 psn|[from] psn
|upkeep
|turn|13
|
|t:|1779916917
|switch|p2a: Landorus|Landorus-Therian, M|31/100
|-ability|p2a: Landorus|Intimidate|boost
|-unboost|p1a: Zamazenta|atk|1
|move|p1a: Zamazenta|Body Press|p2a: Landorus
|-resisted|p2a: Landorus
|-damage|p2a: Landorus|12/100
|-damage|p1a: Zamazenta|8/100 psn|[from] item: Rocky Helmet|[of] p2a: Landorus
|
|-heal|p1a: Zamazenta|14/100 psn|[from] item: Leftovers
|-damage|p1a: Zamazenta|2/100 psn|[from] psn
|upkeep
|turn|14
|
|t:|1779916929
|switch|p1a: Ting-Lu|Ting-Lu|100/100
|-status|p1a: Ting-Lu|psn
|-ability|p1a: Ting-Lu|Vessel of Ruin
|move|p2a: Landorus|Stealth Rock|p1a: Ting-Lu
|-sidestart|p1: unamedturd|move: Stealth Rock
|
|-damage|p1a: Ting-Lu|88/100 psn|[from] psn
|upkeep
|turn|15
|
|t:|1779916939
|move|p2a: Landorus|Taunt|p1a: Ting-Lu
|-start|p1a: Ting-Lu|move: Taunt
|cant|p1a: Ting-Lu|move: Taunt|Stealth Rock
|
|-heal|p1a: Ting-Lu|94/100 psn|[from] item: Leftovers
|-damage|p1a: Ting-Lu|82/100 psn|[from] psn
|upkeep
|turn|16
|
|t:|1779916949
|switch|p1a: Zamazenta|Zamazenta|2/100 psn
|-damage|p1a: Zamazenta|0 fnt|[from] Stealth Rock
|faint|p1a: Zamazenta
|move|p2a: Landorus|Earth Power|p1: Zamazenta|[notarget]
|-fail|p2a: Landorus
|
|upkeep
|
|t:|1779916957
|switch|p1a: Gholdengo|Gholdengo|32/100
|-damage|p1a: Gholdengo|26/100|[from] Stealth Rock
|turn|17
|
|t:|1779916962
|move|p1a: Gholdengo|Shadow Ball|p2a: Landorus
|-damage|p2a: Landorus|0 fnt
|faint|p2a: Landorus
|
|upkeep
|
|t:|1779916974
|switch|p2a: Kyurem|Kyurem|100/100
|-ability|p2a: Kyurem|Pressure
|turn|18
|
|t:|1779916980
|switch|p1a: Ting-Lu|Ting-Lu|82/100 psn
|-damage|p1a: Ting-Lu|76/100 psn|[from] Stealth Rock
|-ability|p1a: Ting-Lu|Vessel of Ruin
|move|p2a: Kyurem|Ice Beam|p1a: Ting-Lu
|-supereffective|p1a: Ting-Lu
|-damage|p1a: Ting-Lu|32/100 psn
|
|-heal|p1a: Ting-Lu|39/100 psn|[from] item: Leftovers
|-damage|p1a: Ting-Lu|26/100 psn|[from] psn
|upkeep
|turn|19
|
|t:|1779916994
|move|p2a: Kyurem|Ice Beam|p1a: Ting-Lu
|-supereffective|p1a: Ting-Lu
|-damage|p1a: Ting-Lu|0 fnt
|faint|p1a: Ting-Lu
|
|upkeep
|
|t:|1779917003
|switch|p1a: Kingambit|Kingambit, F|100/100
|-damage|p1a: Kingambit|94/100|[from] Stealth Rock
|-activate|p1a: Kingambit|ability: Supreme Overlord
|-start|p1a: Kingambit|fallen3|[silent]
|turn|20
|
|t:|1779917009
|move|p2a: Kyurem|Body Press|p1a: Kingambit
|-supereffective|p1a: Kingambit
|-damage|p1a: Kingambit|31/100
|move|p1a: Kingambit|Swords Dance|p1a: Kingambit
|-boost|p1a: Kingambit|atk|2
|
|-heal|p1a: Kingambit|37/100|[from] item: Leftovers
|upkeep
|turn|21
|
|t:|1779917018
|move|p1a: Kingambit|Sucker Punch|p2a: Kyurem
|-damage|p2a: Kyurem|9/100
|move|p2a: Kyurem|Earth Power|p1a: Kingambit
|-supereffective|p1a: Kingambit
|-damage|p1a: Kingambit|0 fnt
|faint|p1a: Kingambit
|-end|p1a: Kingambit|fallen3|[silent]
|
|upkeep
|
|t:|1779917027
|switch|p1a: Gholdengo|Gholdengo|26/100
|-damage|p1a: Gholdengo|20/100|[from] Stealth Rock
|turn|22
|
|t:|1779917036
|move|p1a: Gholdengo|Shadow Ball|p2a: Kyurem
|-damage|p2a: Kyurem|0 fnt
|faint|p2a: Kyurem
|
|upkeep
|
|t:|1779917044
|switch|p2a: Cinderace|Cinderace, F|70/100
|turn|23
|
|t:|1779917048
|move|p1a: Gholdengo|Shadow Ball|p2a: Cinderace
|-damage|p2a: Cinderace|6/100
|move|p2a: Cinderace|Pyro Ball|p1a: Gholdengo
|-supereffective|p1a: Gholdengo
|-damage|p1a: Gholdengo|0 fnt
|faint|p1a: Gholdengo
|
|upkeep
|
|t:|1779917056
|switch|p1a: Sinistcha|Sinistcha-Masterpiece|100/100
|-status|p1a: Sinistcha|psn
|-damage|p1a: Sinistcha|88/100 psn|[from] Stealth Rock
|turn|24
|
|t:|1779917061
|move|p2a: Cinderace|Pyro Ball|p1a: Sinistcha|[miss]
|-miss|p2a: Cinderace|p1a: Sinistcha
|move|p1a: Sinistcha|Strength Sap|p2a: Cinderace
|-unboost|p2a: Cinderace|atk|1
|-heal|p1a: Sinistcha|100/100 psn
|
|-damage|p1a: Sinistcha|88/100 psn|[from] psn
|upkeep
|turn|25
|
|t:|1779917070
|move|p2a: Cinderace|U-turn|p1a: Sinistcha
|-start|p2a: Cinderace|typechange|Bug|[from] ability: Libero
|-damage|p1a: Sinistcha|72/100 psn
|
|t:|1779917073
|switch|p2a: Glimmora|Glimmora, M|72/100|[from] U-turn
|move|p1a: Sinistcha|Calm Mind|p1a: Sinistcha
|-boost|p1a: Sinistcha|spa|1
|-boost|p1a: Sinistcha|spd|1
|
|-heal|p1a: Sinistcha|78/100 psn|[from] item: Leftovers
|-damage|p1a: Sinistcha|66/100 psn|[from] psn
|upkeep
|turn|26
|
|t:|1779917083
|move|p2a: Glimmora|Sludge Wave|p1a: Sinistcha
|-damage|p1a: Sinistcha|25/100 psn
|move|p1a: Sinistcha|Matcha Gotcha|p2a: Glimmora
|-damage|p2a: Glimmora|9/100
|-heal|p1a: Sinistcha|54/100 psn|[from] drain|[of] p2a: Glimmora
|
|-heal|p1a: Sinistcha|60/100 psn|[from] item: Leftovers
|-damage|p1a: Sinistcha|47/100 psn|[from] psn
|upkeep
|turn|27
|
|t:|1779917100
|-terastallize|p1a: Sinistcha|Steel
|move|p2a: Glimmora|Sludge Wave|p1a: Sinistcha
|-immune|p1a: Sinistcha
|move|p1a: Sinistcha|Strength Sap|p2a: Glimmora
|-unboost|p2a: Glimmora|atk|1
|-heal|p1a: Sinistcha|85/100 psn
|
|-heal|p1a: Sinistcha|92/100 psn|[from] item: Leftovers
|-damage|p1a: Sinistcha|79/100 psn|[from] psn
|upkeep
|turn|28
|
|t:|1779917114
|switch|p2a: Cinderace|Cinderace, F|6/100
|move|p1a: Sinistcha|Calm Mind|p1a: Sinistcha
|-boost|p1a: Sinistcha|spa|1
|-boost|p1a: Sinistcha|spd|1
|
|-heal|p1a: Sinistcha|85/100 psn|[from] item: Leftovers
|-damage|p1a: Sinistcha|73/100 psn|[from] psn
|upkeep
|turn|29
|
|t:|1779917123
|move|p2a: Cinderace|Pyro Ball|p1a: Sinistcha
|-supereffective|p1a: Sinistcha
|-damage|p1a: Sinistcha|34/100 psn
|move|p1a: Sinistcha|Strength Sap|p2a: Cinderace
|-unboost|p2a: Cinderace|atk|1
|-heal|p1a: Sinistcha|100/100 psn
|
|-damage|p1a: Sinistcha|88/100 psn|[from] psn
|upkeep
|turn|30
|
|t:|1779917133
|move|p2a: Cinderace|Pyro Ball|p1a: Sinistcha
|-supereffective|p1a: Sinistcha
|-damage|p1a: Sinistcha|60/100 psn
|move|p1a: Sinistcha|Strength Sap|p2a: Cinderace
|-unboost|p2a: Cinderace|atk|1
|-heal|p1a: Sinistcha|100/100 psn
|
|-damage|p1a: Sinistcha|88/100 psn|[from] psn
|upkeep
|turn|31
|
|t:|1779917142
|switch|p2a: Glimmora|Glimmora, M|9/100
|move|p1a: Sinistcha|Strength Sap|p2a: Glimmora
|-unboost|p2a: Glimmora|atk|1
|-heal|p1a: Sinistcha|100/100 psn
|
|-damage|p1a: Sinistcha|88/100 psn|[from] psn
|upkeep
|turn|32
|
|t:|1779917151
|move|p2a: Glimmora|Earth Power|p1a: Sinistcha
|-supereffective|p1a: Sinistcha
|-damage|p1a: Sinistcha|53/100 psn
|move|p1a: Sinistcha|Matcha Gotcha|p2a: Glimmora
|-damage|p2a: Glimmora|0 fnt
|-heal|p1a: Sinistcha|57/100 psn|[from] drain|[of] p2a: Glimmora
|faint|p2a: Glimmora
|
|-heal|p1a: Sinistcha|63/100 psn|[from] item: Leftovers
|-damage|p1a: Sinistcha|51/100 psn|[from] psn
|upkeep
|
|t:|1779917157
|switch|p2a: Cinderace|Cinderace, F|6/100
|turn|33
|
|t:|1779917166
|-terastallize|p2a: Cinderace|Fire
|move|p2a: Cinderace|Pyro Ball|p1a: Sinistcha
|-supereffective|p1a: Sinistcha
|-damage|p1a: Sinistcha|0 fnt
|faint|p1a: Sinistcha
|
|win|saxafrax
|raw|unamedturd's rating: 1624 &rarr; <strong>1602</strong><br />(-22 for losing)
|raw|saxafrax's rating: 1588 &rarr; <strong>1610</strong><br />(+22 for winning)
|l|☆unamedturd
|player|p1|
|l|☆saxafrax
|player|p2|
