|j|☆Relative-Ease
|j|☆fregene97
|t:|1779811679
|gametype|singles
|player|p1|Relative-Ease|169|1267
|player|p2|fregene97|169|1261
|gen|9
|tier|[Gen 9] OU
|rated|
|rule|HP Percentage Mod: HP is shown in percentages
|rule|Endless Battle Clause: Forcing endless battles is banned
|rule|Species Clause: Limit one of each Pokémon
|rule|OHKO Clause: OHKO moves are banned
|rule|Evasion Items Clause: Evasion items are banned
|rule|Evasion Moves Clause: Evasion moves are banned
|rule|Evasion Abilities Clause: Evasion abilities are banned
|rule|Sleep Moves Clause: Sleep-inducing moves are banned
|clearpoke
|poke|p1|Pawmot, F|
|poke|p1|Clefable, M|
|poke|p1|Rillaboom, M|
|poke|p1|Cinderace, F|
|poke|p1|Kingdra, F|
|poke|p1|Pelipper, F|
|poke|p2|Zangoose, M|
|poke|p2|Haxorus, M|
|poke|p2|Ogerpon-Cornerstone, F|
|poke|p2|Iron Moth|
|poke|p2|Greninja-*, M|
|poke|p2|Hoopa-Unbound|
|teampreview
|
|t:|1779811686
|teamsize|p1|6
|teamsize|p2|6
|start
|switch|p1a: Greed|Clefable, M|100/100
|switch|p2a: Iron Moth|Iron Moth|100/100
|-enditem|p2a: Iron Moth|Booster Energy
|-activate|p2a: Iron Moth|ability: Quark Drive|[fromitem]
|-start|p2a: Iron Moth|quarkdrivespe
|turn|1
|inactive|Battle timer is ON: inactive players will automatically lose when time's up. (requested by fregene97)
|
|t:|1779811696
|switch|p1a: Chirs Paul|Pelipper, F|100/100
|-weather|RainDance|[from] ability: Drizzle|[of] p1a: Chirs Paul
|move|p2a: Iron Moth|Fiery Dance|p1a: Chirs Paul
|-resisted|p1a: Chirs Paul
|-damage|p1a: Chirs Paul|87/100
|
|-weather|RainDance|[upkeep]
|upkeep
|turn|2
|
|t:|1779811706
|move|p2a: Iron Moth|Sludge Wave|p1a: Chirs Paul
|-damage|p1a: Chirs Paul|19/100
|move|p1a: Chirs Paul|U-turn|p2a: Iron Moth
|-resisted|p2a: Iron Moth
|-damage|p2a: Iron Moth|98/100
|
|t:|1779811712
|switch|p1a: SGA|Kingdra, F|100/100|[from] U-turn
|
|-weather|RainDance|[upkeep]
|upkeep
|turn|3
|
|t:|1779811717
|-terastallize|p2a: Iron Moth|Fairy
|move|p1a: SGA|Surf|p2a: Iron Moth
|-damage|p2a: Iron Moth|4/100
|move|p2a: Iron Moth|Dazzling Gleam|p1a: SGA
|-supereffective|p1a: SGA
|-damage|p1a: SGA|3/100
|
|-weather|RainDance|[upkeep]
|upkeep
|turn|4
|
|t:|1779811726
|move|p1a: SGA|Surf|p2a: Iron Moth
|-damage|p2a: Iron Moth|0 fnt
|faint|p2a: Iron Moth
|-end|p2a: Iron Moth|Quark Drive|[silent]
|
|-weather|RainDance|[upkeep]
|upkeep
|
|t:|1779811735
|switch|p2a: Greninja|Greninja, M|100/100
|turn|5
|
|t:|1779811739
|switch|p1a: Brunson|Rillaboom, M|100/100
|-fieldstart|move: Grassy Terrain|[from] ability: Grassy Surge|[of] p1a: Brunson
|move|p2a: Greninja|Water Shuriken|p1a: Brunson
|-resisted|p1a: Brunson
|-damage|p1a: Brunson|92/100
|-resisted|p1a: Brunson
|-damage|p1a: Brunson|85/100
|-hitcount|p1a: Brunson|2
|-damage|p2a: Greninja|91/100|[from] item: Life Orb
|
|-weather|RainDance|[upkeep]
|-heal|p2a: Greninja|97/100|[from] Grassy Terrain
|-heal|p1a: Brunson|91/100|[from] Grassy Terrain
|upkeep
|turn|6
|
|t:|1779811751
|move|p2a: Greninja|Ice Beam|p1a: Brunson
|-supereffective|p1a: Brunson
|-damage|p1a: Brunson|10/100
|-damage|p2a: Greninja|87/100|[from] item: Life Orb
|move|p1a: Brunson|Wood Hammer|p2a: Greninja
|-supereffective|p2a: Greninja
|-damage|p2a: Greninja|0 fnt
|faint|p2a: Greninja
|-damage|p1a: Brunson|0 fnt|[from] Recoil
|faint|p1a: Brunson
|
|-weather|RainDance|[upkeep]
|upkeep
|
|t:|1779811763
|switch|p2a: Haxorus|Haxorus, M|100/100
|switch|p1a: Greed|Clefable, M|100/100
|-ability|p2a: Haxorus|Mold Breaker
|turn|7
|
|t:|1779811769
|move|p2a: Haxorus|Poison Jab|p1a: Greed
|-supereffective|p1a: Greed
|-damage|p1a: Greed|25/100
|move|p1a: Greed|Moonblast|p2a: Haxorus
|-supereffective|p2a: Haxorus
|-damage|p2a: Haxorus|0 fnt
|faint|p2a: Haxorus
|
|-weather|RainDance|[upkeep]
|-heal|p1a: Greed|31/100|[from] Grassy Terrain
|-heal|p1a: Greed|37/100|[from] item: Leftovers
|upkeep
|
|t:|1779811774
|switch|p2a: Ogerpon|Ogerpon-Cornerstone, F|100/100
|turn|8
|
|t:|1779811781
|move|p2a: Ogerpon|Ivy Cudgel|p1a: Greed|[anim] Ivy Cudgel Rock
|-damage|p1a: Greed|0 fnt
|faint|p1a: Greed
|
|-weather|none
|upkeep
|
|t:|1779811788
|switch|p1a: Chirs Paul|Pelipper, F|19/100
|-weather|RainDance|[from] ability: Drizzle|[of] p1a: Chirs Paul
|turn|9
|
|t:|1779811800
|move|p2a: Ogerpon|Ivy Cudgel|p1a: Chirs Paul|[anim] Ivy Cudgel Rock
|-supereffective|p1a: Chirs Paul
|-damage|p1a: Chirs Paul|0 fnt
|faint|p1a: Chirs Paul
|
|-weather|RainDance|[upkeep]
|-fieldend|move: Grassy Terrain
|upkeep
|
|t:|1779811806
|switch|p1a: SGA|Kingdra, F|3/100
|turn|10
|
|t:|1779811813
|-terastallize|p1a: SGA|Water
|move|p1a: SGA|Surf|p2a: Ogerpon
|-ability|p2a: Ogerpon|Sturdy
|-damage|p2a: Ogerpon|1/100
|move|p2a: Ogerpon|Ivy Cudgel|p1a: SGA|[anim] Ivy Cudgel Rock
|-damage|p1a: SGA|0 fnt
|faint|p1a: SGA
|
|-weather|RainDance|[upkeep]
|upkeep
|
|t:|1779811823
|switch|p1a: Lebron|Cinderace, F|100/100
|turn|11
|
|t:|1779811840
|move|p1a: Lebron|High Jump Kick|p2a: Ogerpon
|-start|p1a: Lebron|typechange|Fighting|[from] ability: Libero
|-supereffective|p2a: Ogerpon
|-damage|p2a: Ogerpon|0 fnt
|faint|p2a: Ogerpon
|
|-weather|RainDance|[upkeep]
|upkeep
|
|t:|1779811842
|switch|p2a: Hoopa|Hoopa-Unbound|100/100
|turn|12
|
|t:|1779811851
|move|p1a: Lebron|High Jump Kick|p2a: Hoopa
|-damage|p2a: Hoopa|13/100
|move|p2a: Hoopa|Psychic|p1a: Lebron
|-supereffective|p1a: Lebron
|-damage|p1a: Lebron|0 fnt
|faint|p1a: Lebron
|
|-weather|RainDance|[upkeep]
|upkeep
|
|t:|1779811858
|switch|p1a: Klay|Pawmot, F|100/100
|turn|13
|
|t:|1779811868
|move|p1a: Klay|Knock Off|p2a: Hoopa
|-damage|p2a: Hoopa|0 fnt
|-enditem|p2a: Hoopa|Assault Vest|[from] move: Knock Off|[of] p1a: Klay
|faint|p2a: Hoopa
|
|-weather|RainDance|[upkeep]
|upkeep
|
|t:|1779811870
|switch|p2a: Zangoose|Zangoose, M|100/100
|turn|14
|c|☆Relative-Ease|gg
|
|t:|1779811883
|move|p2a: Zangoose|Final Gambit|p1a: Klay
|-damage|p1a: Klay|0 fnt
|faint|p2a: Zangoose
|faint|p1a: Klay
|
|win|Relative-Ease
|raw|Relative-Ease's rating: 1267 &rarr; <strong>1292</strong><br />(+25 for winning)
|raw|fregene97's rating: 1261 &rarr; <strong>1236</strong><br />(-25 for losing)
|l|☆fregene97
|player|p2|
|l|☆Relative-Ease
|player|p1|
