|j|☆Veeriscared
|j|☆Etherious_Ph0enix
|t:|1779960242
|gametype|singles
|player|p1|Veeriscared|266|1097
|player|p2|Etherious_Ph0enix|sabrina|1057
|gen|9
|tier|[Gen 9] OU
|rated|
|rule|HP Percentage Mod: HP is shown in percentages
|rule|Endless Battle Clause: Forcing endless battles is banned
|rule|Species Clause: Limit one of each Pokémon
|rule|OHKO Clause: OHKO moves are banned
|rule|Evasion Items Clause: Evasion items are banned
|rule|Evasion Moves Clause: Evasion moves are banned
|rule|Evasion Abilities Clause: Evasion abilities are banned
|rule|Sleep Moves Clause: Sleep-inducing moves are banned
|clearpoke
|poke|p1|Forretress, F|
|poke|p1|Dragapult, F|
|poke|p1|Hitmonlee, M|
|poke|p1|Mamoswine, F|
|poke|p1|Noivern, F|
|poke|p1|Scizor, F|
|poke|p2|Typhlosion-Hisui, M|
|poke|p2|Sceptile, M|
|poke|p2|Samurott, M|
|poke|p2|Ampharos, F|
|poke|p2|Umbreon, M|
|poke|p2|Espeon, F|
|teampreview
|inactive|Battle timer is ON: inactive players will automatically lose when time's up. (requested by Veeriscared)
|
|t:|1779960262
|teamsize|p1|6
|teamsize|p2|6
|start
|switch|p1a: Dragapult|Dragapult, F, shiny|100/100
|switch|p2a: Phoebe|Espeon, F|100/100
|turn|1
|
|t:|1779960269
|switch|p2a: Salem|Umbreon, M, shiny|100/100
|move|p1a: Dragapult|Draco Meteor|p2a: Salem
|-damage|p2a: Salem|48/100
|-unboost|p1a: Dragapult|spa|2
|
|-heal|p2a: Salem|54/100|[from] item: Leftovers
|upkeep
|turn|2
|
|t:|1779960278
|switch|p1a: Forretress|Forretress, F|100/100
|move|p2a: Salem|Foul Play|p1a: Forretress
|-damage|p1a: Forretress|85/100
|-enditem|p1a: Forretress|Red Card|[of] p2a: Salem
|drag|p2a: Boobears|Typhlosion-Hisui, M|100/100
|
|upkeep
|turn|3
|
|t:|1779960288
|switch|p1a: Noivern|Noivern, F|100/100
|-item|p2a: Boobears|Heavy-Duty Boots|[from] ability: Frisk|[of] p1a: Noivern
|move|p2a: Boobears|Eruption|p1a: Noivern
|-resisted|p1a: Noivern
|-damage|p1a: Noivern|48/100
|-enditem|p1a: Noivern|Eject Button
|
|t:|1779960302
|switch|p1a: Hitmonlee|Hitmonlee, M|100/100
|
|upkeep
|turn|4
|
|t:|1779960310
|move|p1a: Hitmonlee|Endure|p1a: Hitmonlee
|-singleturn|p1a: Hitmonlee|move: Endure
|move|p2a: Boobears|Extrasensory|p1a: Hitmonlee
|-supereffective|p1a: Hitmonlee
|-crit|p1a: Hitmonlee
|-activate|p1a: Hitmonlee|move: Endure
|-damage|p1a: Hitmonlee|1/100
|-enditem|p1a: Hitmonlee|Liechi Berry|[eat]
|-boost|p1a: Hitmonlee|atk|1|[from] item: Liechi Berry
|
|upkeep
|turn|5
|
|t:|1779960324
|switch|p2a: Salem|Umbreon, M, shiny|54/100
|move|p1a: Hitmonlee|Knock Off|p2a: Salem
|-resisted|p2a: Salem
|-damage|p2a: Salem|35/100
|-enditem|p2a: Salem|Leftovers|[from] move: Knock Off|[of] p1a: Hitmonlee
|
|upkeep
|turn|6
|
|t:|1779960331
|move|p1a: Hitmonlee|Reversal|p2a: Salem
|-supereffective|p2a: Salem
|-damage|p2a: Salem|0 fnt
|faint|p2a: Salem
|
|upkeep
|
|t:|1779960337
|switch|p2a: Samurai|Samurott, M, shiny|100/100
|turn|7
|
|t:|1779960339
|move|p1a: Hitmonlee|Upper Hand|p2a: Samurai
|-damage|p2a: Samurai|55/100
|cant|p2a: Samurai|flinch
|
|upkeep
|turn|8
|inactive|Etherious_Ph0enix has 120 seconds left.
|
|t:|1779960376
|move|p1a: Hitmonlee|Reversal|p2a: Samurai
|-damage|p2a: Samurai|0 fnt
|faint|p2a: Samurai
|
|upkeep
|inactive|Etherious_Ph0enix has 90 seconds left.
|c|☆Veeriscared|Ig gg
|
|t:|1779960409
|switch|p2a: Booberry|Ampharos, F|100/100
|turn|9
|
|t:|1779960418
|-terastallize|p1a: Hitmonlee|Fighting
|move|p1a: Hitmonlee|Reversal|p2a: Booberry
|-damage|p2a: Booberry|0 fnt
|faint|p2a: Booberry
|
|upkeep
|
|t:|1779960424
|switch|p2a: Phoebe|Espeon, F|100/100
|turn|10
|
|t:|1779960427
|move|p1a: Hitmonlee|Knock Off|p2a: Phoebe
|-supereffective|p2a: Phoebe
|-damage|p2a: Phoebe|0 fnt
|-enditem|p2a: Phoebe|Heavy-Duty Boots|[from] move: Knock Off|[of] p1a: Hitmonlee
|faint|p2a: Phoebe
|
|upkeep
|
|t:|1779960432
|switch|p2a: King|Sceptile, M, shiny|100/100
|turn|11
|
|t:|1779960436
|move|p1a: Hitmonlee|Reversal|p2a: King
|-damage|p2a: King|0 fnt
|faint|p2a: King
|
|upkeep
|
|t:|1779960440
|switch|p2a: Boobears|Typhlosion-Hisui, M|100/100
|turn|12
|
|t:|1779960443
|move|p1a: Hitmonlee|Knock Off|p2a: Boobears
|-supereffective|p2a: Boobears
|-damage|p2a: Boobears|0 fnt
|-enditem|p2a: Boobears|Heavy-Duty Boots|[from] move: Knock Off|[of] p1a: Hitmonlee
|faint|p2a: Boobears
|
|win|Veeriscared
|raw|Veeriscared's rating: 1097 &rarr; <strong>1120</strong><br />(+23 for winning)
|raw|Etherious_Ph0enix's rating: 1057 &rarr; <strong>1041</strong><br />(-16 for losing)
|l|☆Etherious_Ph0enix
|player|p2|
|l|☆Veeriscared
|player|p1|
