|j|☆tokiwakano
|j|☆portobellomushroom
|t:|1779946603
|gametype|singles
|player|p1|tokiwakano|acetrainerf|1701
|player|p2|portobellomushroom|turo-ai|1757
|gen|9
|tier|[Gen 9] OU
|rated|
|rule|HP Percentage Mod: HP is shown in percentages
|rule|Endless Battle Clause: Forcing endless battles is banned
|rule|Species Clause: Limit one of each Pokémon
|rule|OHKO Clause: OHKO moves are banned
|rule|Evasion Items Clause: Evasion items are banned
|rule|Evasion Moves Clause: Evasion moves are banned
|rule|Evasion Abilities Clause: Evasion abilities are banned
|rule|Sleep Moves Clause: Sleep-inducing moves are banned
|clearpoke
|poke|p1|Excadrill, M|
|poke|p1|Tyranitar, F|
|poke|p1|Enamorus, F|
|poke|p1|Hydrapple, M|
|poke|p1|Alomomola, F|
|poke|p1|Garganacl, M|
|poke|p2|Glimmora, F|
|poke|p2|Polteageist|
|poke|p2|Deoxys-Speed|
|poke|p2|Great Tusk|
|poke|p2|Dragonite, M|
|poke|p2|Iron Valiant|
|teampreview
|inactive|Battle timer is ON: inactive players will automatically lose when time's up. (requested by portobellomushroom)
|
|t:|1779946614
|teamsize|p1|6
|teamsize|p2|6
|start
|switch|p1a: Tyranitar|Tyranitar, F|100/100
|switch|p2a: glim glam|Glimmora, F|100/100
|-weather|Sandstorm|[from] ability: Sand Stream|[of] p1a: Tyranitar
|turn|1
|
|t:|1779946620
|move|p2a: glim glam|Stealth Rock|p1a: Tyranitar
|-sidestart|p1: tokiwakano|move: Stealth Rock
|move|p1a: Tyranitar|Knock Off|p2a: glim glam
|-enditem|p2a: glim glam|Focus Sash
|-damage|p2a: glim glam|1/100
|-activate|p2a: glim glam|ability: Toxic Debris
|-sidestart|p1: tokiwakano|move: Toxic Spikes
|
|-weather|Sandstorm|[upkeep]
|upkeep
|turn|2
|
|t:|1779946625
|switch|p1a: Excadrill|Excadrill, M|100/100
|-damage|p1a: Excadrill|97/100|[from] Stealth Rock
|move|p2a: glim glam|Earth Power|p1a: Excadrill
|-supereffective|p1a: Excadrill
|-damage|p1a: Excadrill|14/100
|
|-weather|Sandstorm|[upkeep]
|-heal|p1a: Excadrill|20/100|[from] item: Leftovers
|upkeep
|turn|3
|
|t:|1779946634
|switch|p2a: drank|Polteageist|100/100
|move|p1a: Excadrill|Rapid Spin|p2a: drank
|-immune|p2a: drank
|
|-weather|Sandstorm|[upkeep]
|-damage|p2a: drank|94/100|[from] Sandstorm
|-heal|p1a: Excadrill|26/100|[from] item: Leftovers
|upkeep
|turn|4
|
|t:|1779946640
|switch|p2a: Dnite|Dragonite, M|100/100
|move|p1a: Excadrill|Earthquake|p2a: Dnite
|-immune|p2a: Dnite
|
|-weather|Sandstorm|[upkeep]
|-damage|p2a: Dnite|94/100|[from] Sandstorm
|-heal|p1a: Excadrill|32/100|[from] item: Leftovers
|upkeep
|turn|5
|
|t:|1779946645
|-terastallize|p2a: Dnite|Normal
|move|p2a: Dnite|Extreme Speed|p1a: Excadrill
|-resisted|p1a: Excadrill
|-damage|p1a: Excadrill|0 fnt
|faint|p1a: Excadrill
|
|-weather|none
|upkeep
|
|t:|1779946655
|switch|p1a: Hydrapple|Hydrapple, M|100/100
|-damage|p1a: Hydrapple|88/100|[from] Stealth Rock
|-status|p1a: Hydrapple|psn
|turn|6
|
|t:|1779946660
|move|p2a: Dnite|Roost|p2a: Dnite
|-heal|p2a: Dnite|100/100
|move|p1a: Hydrapple|Nasty Plot|p1a: Hydrapple
|-boost|p1a: Hydrapple|spa|2
|
|-damage|p1a: Hydrapple|76/100 psn|[from] psn
|upkeep
|turn|7
|
|t:|1779946667
|move|p2a: Dnite|Dragon Dance|p2a: Dnite
|-boost|p2a: Dnite|atk|1
|-boost|p2a: Dnite|spe|1
|move|p1a: Hydrapple|Giga Drain|p2a: Dnite
|-damage|p2a: Dnite|72/100
|-heal|p1a: Hydrapple|89/100 psn|[from] drain|[of] p2a: Dnite
|
|-damage|p1a: Hydrapple|76/100 psn|[from] psn
|upkeep
|turn|8
|
|t:|1779946671
|move|p2a: Dnite|Roost|p2a: Dnite
|-heal|p2a: Dnite|100/100
|move|p1a: Hydrapple|Giga Drain|p2a: Dnite
|-damage|p2a: Dnite|74/100
|-heal|p1a: Hydrapple|88/100 psn|[from] drain|[of] p2a: Dnite
|
|-damage|p1a: Hydrapple|76/100 psn|[from] psn
|upkeep
|turn|9
|
|t:|1779946676
|move|p2a: Dnite|Extreme Speed|p1a: Hydrapple
|-damage|p1a: Hydrapple|38/100 psn
|-damage|p2a: Dnite|57/100|[from] item: Rocky Helmet|[of] p1a: Hydrapple
|move|p1a: Hydrapple|Giga Drain|p2a: Dnite
|-damage|p2a: Dnite|0 fnt
|-heal|p1a: Hydrapple|64/100 psn|[from] drain|[of] p2a: Dnite
|faint|p2a: Dnite
|
|-damage|p1a: Hydrapple|51/100 psn|[from] psn
|upkeep
|
|t:|1779946681
|switch|p2a: glim glam|Glimmora, F|1/100
|turn|10
|
|t:|1779946686
|switch|p1a: Alomomola|Alomomola, F|100/100
|-damage|p1a: Alomomola|88/100|[from] Stealth Rock
|-status|p1a: Alomomola|psn
|move|p2a: glim glam|Power Gem|p1a: Alomomola
|-damage|p1a: Alomomola|66/100 psn
|
|-damage|p1a: Alomomola|53/100 psn|[from] psn
|upkeep
|turn|11
|
|t:|1779946689
|move|p2a: glim glam|Power Gem|p1a: Alomomola
|-damage|p1a: Alomomola|29/100 psn
|move|p1a: Alomomola|Flip Turn|p2a: glim glam
|-supereffective|p2a: glim glam
|-damage|p2a: glim glam|0 fnt
|-activate|p2a: glim glam|ability: Toxic Debris
|-sidestart|p1: tokiwakano|move: Toxic Spikes
|faint|p2a: glim glam
|
|t:|1779946695
|switch|p1a: Garganacl|Garganacl, M|100/100|[from] Flip Turn
|-damage|p1a: Garganacl|88/100|[from] Stealth Rock
|
|-heal|p1a: Garganacl|94/100|[from] item: Leftovers
|upkeep
|
|t:|1779946699
|switch|p2a: great donphan|Great Tusk|100/100
|-enditem|p2a: great donphan|Booster Energy
|-activate|p2a: great donphan|ability: Protosynthesis|[fromitem]
|-start|p2a: great donphan|protosynthesisspe
|turn|12
|
|t:|1779946703
|switch|p1a: Enamorus|Enamorus, F|100/100
|-damage|p1a: Enamorus|76/100|[from] Stealth Rock
|move|p2a: great donphan|Bulk Up|p2a: great donphan
|-boost|p2a: great donphan|atk|1
|-boost|p2a: great donphan|def|1
|
|upkeep
|turn|13
|
|t:|1779946713
|-end|p2a: great donphan|Protosynthesis|[silent]
|switch|p2a: drank|Polteageist|94/100
|move|p1a: Enamorus|Moonblast|p2a: drank
|-damage|p2a: drank|19/100
|
|upkeep
|turn|14
|
|t:|1779946717
|move|p1a: Enamorus|Moonblast|p2a: drank
|-damage|p2a: drank|0 fnt
|faint|p2a: drank
|
|upkeep
|
|t:|1779946719
|switch|p2a: which set?|Iron Valiant|100/100
|-enditem|p2a: which set?|Booster Energy
|-activate|p2a: which set?|ability: Quark Drive|[fromitem]
|-start|p2a: which set?|quarkdrivespe
|turn|15
|
|t:|1779946726
|move|p2a: which set?|Knock Off|p1a: Enamorus
|-resisted|p1a: Enamorus
|-damage|p1a: Enamorus|48/100
|-enditem|p1a: Enamorus|Choice Scarf|[from] move: Knock Off|[of] p2a: which set?
|move|p1a: Enamorus|Moonblast|p2a: which set?
|-supereffective|p2a: which set?
|-damage|p2a: which set?|0 fnt
|faint|p2a: which set?
|-end|p2a: which set?|Quark Drive|[silent]
|
|upkeep
|
|t:|1779946731
|switch|p2a: liting mcgoo|Deoxys-Speed|100/100
|-ability|p2a: liting mcgoo|Pressure
|turn|16
|
|t:|1779946735
|switch|p1a: Tyranitar|Tyranitar, F|100/100
|-damage|p1a: Tyranitar|88/100|[from] Stealth Rock
|-status|p1a: Tyranitar|tox
|-weather|Sandstorm|[from] ability: Sand Stream|[of] p1a: Tyranitar
|move|p2a: liting mcgoo|Psycho Boost|p1a: Tyranitar
|-immune|p1a: Tyranitar
|
|-weather|Sandstorm|[upkeep]
|-damage|p2a: liting mcgoo|94/100|[from] Sandstorm
|-damage|p1a: Tyranitar|82/100 tox|[from] psn
|upkeep
|turn|17
|
|t:|1779946741
|move|p2a: liting mcgoo|Focus Blast|p1a: Tyranitar
|-supereffective|p1a: Tyranitar
|-damage|p1a: Tyranitar|0 fnt
|faint|p1a: Tyranitar
|-damage|p2a: liting mcgoo|85/100|[from] item: Life Orb
|
|-weather|Sandstorm|[upkeep]
|-damage|p2a: liting mcgoo|79/100|[from] Sandstorm
|upkeep
|
|t:|1779946747
|switch|p1a: Garganacl|Garganacl, M|94/100
|-damage|p1a: Garganacl|82/100|[from] Stealth Rock
|turn|18
|
|t:|1779946752
|switch|p2a: great donphan|Great Tusk|100/100
|-terastallize|p1a: Garganacl|Fairy
|move|p1a: Garganacl|Salt Cure|p2a: great donphan
|-resisted|p2a: great donphan
|-damage|p2a: great donphan|98/100
|-start|p2a: great donphan|Salt Cure
|
|-weather|Sandstorm|[upkeep]
|-damage|p1a: Garganacl|76/100|[from] Sandstorm
|-heal|p1a: Garganacl|82/100|[from] item: Leftovers
|-damage|p2a: great donphan|86/100|[from] Salt Cure
|upkeep
|turn|19
|j| ueyr43
|
|t:|1779946757
|switch|p1a: Hydrapple|Hydrapple, M|85/100 psn
|-damage|p1a: Hydrapple|72/100 psn|[from] Stealth Rock
|move|p2a: great donphan|Bulk Up|p2a: great donphan
|-boost|p2a: great donphan|atk|1
|-boost|p2a: great donphan|def|1
|
|-weather|Sandstorm|[upkeep]
|-damage|p1a: Hydrapple|66/100 psn|[from] Sandstorm
|-damage|p1a: Hydrapple|54/100 psn|[from] psn
|-damage|p2a: great donphan|73/100|[from] Salt Cure
|upkeep
|turn|20
|
|t:|1779946762
|move|p2a: great donphan|Close Combat|p1a: Hydrapple
|-damage|p1a: Hydrapple|11/100 psn
|-unboost|p2a: great donphan|def|1
|-unboost|p2a: great donphan|spd|1
|-damage|p2a: great donphan|57/100|[from] item: Rocky Helmet|[of] p1a: Hydrapple
|move|p1a: Hydrapple|Giga Drain|p2a: great donphan
|-supereffective|p2a: great donphan
|-damage|p2a: great donphan|0 fnt
|-heal|p1a: Hydrapple|40/100 psn|[from] drain|[of] p2a: great donphan
|faint|p2a: great donphan
|-end|p2a: great donphan|Protosynthesis|[silent]
|
|-weather|none
|-damage|p1a: Hydrapple|28/100 psn|[from] psn
|upkeep
|
|t:|1779946765
|switch|p2a: liting mcgoo|Deoxys-Speed|79/100
|-ability|p2a: liting mcgoo|Pressure
|turn|21
|
|t:|1779946767
|move|p2a: liting mcgoo|Nasty Plot|p2a: liting mcgoo
|-boost|p2a: liting mcgoo|spa|2
|move|p1a: Hydrapple|Fickle Beam|p2a: liting mcgoo
|-crit|p2a: liting mcgoo
|-damage|p2a: liting mcgoo|2/100
|
|-damage|p1a: Hydrapple|15/100 psn|[from] psn
|upkeep
|turn|22
|
|t:|1779946773
|move|p2a: liting mcgoo|Shadow Ball|p1a: Hydrapple
|-damage|p1a: Hydrapple|0 fnt
|faint|p1a: Hydrapple
|-damage|p2a: liting mcgoo|0 fnt|[from] item: Life Orb
|faint|p2a: liting mcgoo
|
|win|tokiwakano
|raw|tokiwakano's rating: 1701 &rarr; <strong>1724</strong><br />(+23 for winning)
|raw|portobellomushroom's rating: 1757 &rarr; <strong>1734</strong><br />(-23 for losing)
|l|☆portobellomushroom
|player|p2|
|l|☆tokiwakano
|player|p1|
|l| ueyr43
