|j|☆pnb246
|j|☆Dehli Damparen
|t:|1779966019
|gametype|singles
|player|p1|pnb246|iris-gen5bw2|1179
|player|p2|Dehli Damparen|170|1106
|gen|9
|tier|[Gen 9] OU
|rated|
|rule|HP Percentage Mod: HP is shown in percentages
|rule|Endless Battle Clause: Forcing endless battles is banned
|rule|Species Clause: Limit one of each Pokémon
|rule|OHKO Clause: OHKO moves are banned
|rule|Evasion Items Clause: Evasion items are banned
|rule|Evasion Moves Clause: Evasion moves are banned
|rule|Evasion Abilities Clause: Evasion abilities are banned
|rule|Sleep Moves Clause: Sleep-inducing moves are banned
|clearpoke
|poke|p1|Ting-Lu|
|poke|p1|Gholdengo|
|poke|p1|Alomomola, F|
|poke|p1|Rillaboom, F|
|poke|p1|Great Tusk|
|poke|p1|Ogerpon-Wellspring, F|
|poke|p2|Goodra-Hisui, F|
|poke|p2|Alomomola, F|
|poke|p2|Gholdengo|
|poke|p2|Gliscor, F|
|poke|p2|Garchomp, M|
|poke|p2|Komala, M|
|teampreview
|inactive|Battle timer is ON: inactive players will automatically lose when time's up. (requested by pnb246)
|
|t:|1779966028
|teamsize|p1|6
|teamsize|p2|6
|start
|switch|p1a: Rillaboom|Rillaboom, F|100/100
|switch|p2a: Goodra|Goodra-Hisui, F|100/100
|-fieldstart|move: Grassy Terrain|[from] ability: Grassy Surge|[of] p1a: Rillaboom
|turn|1
|
|t:|1779966036
|move|p1a: Rillaboom|High Horsepower|p2a: Goodra
|-supereffective|p2a: Goodra
|-damage|p2a: Goodra|16/100
|move|p2a: Goodra|Ice Beam|p1a: Rillaboom
|-supereffective|p1a: Rillaboom
|-damage|p1a: Rillaboom|50/100
|-status|p1a: Rillaboom|frz
|
|-heal|p1a: Rillaboom|57/100 frz|[from] Grassy Terrain
|-heal|p2a: Goodra|22/100|[from] Grassy Terrain
|-heal|p2a: Goodra|28/100|[from] item: Leftovers
|upkeep
|turn|2
|
|t:|1779966050
|switch|p1a: Ogerpon|Ogerpon-Wellspring, F|100/100
|move|p2a: Goodra|Ice Beam|p1a: Ogerpon
|-damage|p1a: Ogerpon|72/100
|
|-heal|p1a: Ogerpon|78/100|[from] Grassy Terrain
|-heal|p2a: Goodra|34/100|[from] Grassy Terrain
|-heal|p2a: Goodra|40/100|[from] item: Leftovers
|upkeep
|turn|3
|
|t:|1779966065
|switch|p2a: Alomomola|Alomomola, F|100/100
|move|p1a: Ogerpon|Swords Dance|p1a: Ogerpon
|-boost|p1a: Ogerpon|atk|2
|
|-heal|p1a: Ogerpon|84/100|[from] Grassy Terrain
|upkeep
|turn|4
|
|t:|1779966079
|move|p1a: Ogerpon|Horn Leech|p2a: Alomomola
|-supereffective|p2a: Alomomola
|-damage|p2a: Alomomola|0 fnt
|-heal|p1a: Ogerpon|100/100|[from] drain|[of] p2a: Alomomola
|faint|p2a: Alomomola
|
|upkeep
|
|t:|1779966086
|switch|p2a: Gliscor|Gliscor, F|100/100
|turn|5
|
|t:|1779966103
|-terastallize|p1a: Ogerpon|Water
|detailschange|p1a: Ogerpon|Ogerpon-Wellspring-Tera, F, tera:Water
|-ability|p1a: Ogerpon|Embody Aspect (Wellspring)|boost
|-boost|p1a: Ogerpon|spd|1
|move|p1a: Ogerpon|Ivy Cudgel|p2a: Gliscor|[anim] Ivy Cudgel Water
|-supereffective|p2a: Gliscor
|-damage|p2a: Gliscor|0 fnt
|faint|p2a: Gliscor
|
|-fieldend|move: Grassy Terrain
|upkeep
|
|t:|1779966115
|switch|p2a: Gholdengo|Gholdengo|100/100
|turn|6
|
|t:|1779966129
|move|p1a: Ogerpon|Ivy Cudgel|p2a: Gholdengo|[anim] Ivy Cudgel Water
|-crit|p2a: Gholdengo
|-damage|p2a: Gholdengo|0 fnt
|faint|p2a: Gholdengo
|
|upkeep
|
|t:|1779966135
|switch|p2a: Komala|Komala, M|100/100
|-ability|p2a: Komala|Comatose
|turn|7
|
|t:|1779966142
|move|p2a: Komala|Sucker Punch|p1a: Ogerpon
|-damage|p1a: Ogerpon|72/100
|move|p1a: Ogerpon|Ivy Cudgel|p2a: Komala|[anim] Ivy Cudgel Water
|-damage|p2a: Komala|0 fnt
|faint|p2a: Komala
|
|upkeep
|
|t:|1779966150
|switch|p2a: Garchomp|Garchomp, M|100/100
|turn|8
|
|t:|1779966155
|move|p1a: Ogerpon|Play Rough|p2a: Garchomp
|-supereffective|p2a: Garchomp
|-damage|p2a: Garchomp|0 fnt
|-damage|p1a: Ogerpon|59/100|[from] ability: Rough Skin|[of] p2a: Garchomp
|-damage|p1a: Ogerpon|43/100|[from] item: Rocky Helmet|[of] p2a: Garchomp
|faint|p2a: Garchomp
|
|upkeep
|
|t:|1779966163
|switch|p2a: Goodra|Goodra-Hisui, F|40/100
|turn|9
|
|t:|1779966172
|move|p1a: Ogerpon|Ivy Cudgel|p2a: Goodra|[anim] Ivy Cudgel Water
|-resisted|p2a: Goodra
|-damage|p2a: Goodra|0 fnt
|faint|p2a: Goodra
|
|win|pnb246
|raw|pnb246's rating: 1202 &rarr; <strong>1220</strong><br />(+18 for winning)
|raw|Dehli Damparen's rating: 1106 &rarr; <strong>1088</strong><br />(-18 for losing)
|l|☆pnb246
|player|p1|
|l|☆Dehli Damparen
|player|p2|
