|j|☆Dogg25hunna
|j|‽bibarik
|t:|1779902466
|gametype|singles
|player|p1|Dogg25hunna|169|1107
|player|p2|bibarik|waiter-gen4|1174
|gen|9
|tier|[Gen 9] OU
|rated|
|rule|HP Percentage Mod: HP is shown in percentages
|rule|Endless Battle Clause: Forcing endless battles is banned
|rule|Species Clause: Limit one of each Pokémon
|rule|OHKO Clause: OHKO moves are banned
|rule|Evasion Items Clause: Evasion items are banned
|rule|Evasion Moves Clause: Evasion moves are banned
|rule|Evasion Abilities Clause: Evasion abilities are banned
|rule|Sleep Moves Clause: Sleep-inducing moves are banned
|clearpoke
|poke|p1|Hatterene, F|
|poke|p1|Landorus-Therian, M|
|poke|p1|Heatran, M|
|poke|p1|Great Tusk|
|poke|p1|Iron Valiant|
|poke|p1|Mienshao, M|
|poke|p2|Gholdengo|
|poke|p2|Meowscarada, F|
|poke|p2|Gliscor, F|
|poke|p2|Clefable, M|
|poke|p2|Quaquaval, M|
|poke|p2|Scizor, M|
|teampreview
|inactive|Battle timer is ON: inactive players will automatically lose when time's up. (requested by bibarik)
|
|t:|1779902472
|teamsize|p1|6
|teamsize|p2|6
|start
|switch|p1a: Mienshao|Mienshao, M|100/100
|switch|p2a: Meowscarada|Meowscarada, F|100/100
|turn|1
|
|t:|1779902481
|move|p2a: Meowscarada|U-turn|p1a: Mienshao
|-start|p2a: Meowscarada|typechange|Bug|[from] ability: Protean
|-resisted|p1a: Mienshao
|-damage|p1a: Mienshao|69/100
|
|t:|1779902487
|switch|p2a: Gliscor|Gliscor, F|100/100|[from] U-turn
|move|p1a: Mienshao|U-turn|p2a: Gliscor
|-resisted|p2a: Gliscor
|-crit|p2a: Gliscor
|-damage|p2a: Gliscor|82/100
|-damage|p1a: Mienshao|59/100|[from] item: Life Orb
|
|t:|1779902496
|switch|p1a: Great Tusk|Great Tusk|100/100|[from] U-turn
|-enditem|p1a: Great Tusk|Booster Energy
|-activate|p1a: Great Tusk|ability: Protosynthesis|[fromitem]
|-start|p1a: Great Tusk|protosynthesisdef
|
|-status|p2a: Gliscor|tox|[from] item: Toxic Orb
|upkeep
|turn|2
|
|t:|1779902503
|move|p2a: Gliscor|Toxic|p1a: Great Tusk
|-status|p1a: Great Tusk|tox
|move|p1a: Great Tusk|Ice Spinner|p2a: Gliscor
|-supereffective|p2a: Gliscor
|-damage|p2a: Gliscor|0 fnt
|faint|p2a: Gliscor
|
|-damage|p1a: Great Tusk|94/100 tox|[from] psn
|upkeep
|
|t:|1779902511
|switch|p2a: Quaquaval|Quaquaval, M|100/100
|turn|3
|
|t:|1779902519
|move|p2a: Quaquaval|Aqua Step|p1a: Great Tusk
|-supereffective|p1a: Great Tusk
|-damage|p1a: Great Tusk|55/100 tox
|-boost|p2a: Quaquaval|spe|1
|move|p1a: Great Tusk|Rapid Spin|p2a: Quaquaval
|-damage|p2a: Quaquaval|77/100
|-boost|p1a: Great Tusk|spe|1
|
|-damage|p1a: Great Tusk|43/100 tox|[from] psn
|upkeep
|turn|4
|
|t:|1779902530
|move|p2a: Quaquaval|Aqua Step|p1a: Great Tusk
|-supereffective|p1a: Great Tusk
|-damage|p1a: Great Tusk|5/100 tox
|-boost|p2a: Quaquaval|spe|1
|move|p1a: Great Tusk|Earthquake|p2a: Quaquaval
|-damage|p2a: Quaquaval|11/100
|
|-damage|p1a: Great Tusk|0 fnt|[from] psn
|faint|p1a: Great Tusk
|-end|p1a: Great Tusk|Protosynthesis|[silent]
|upkeep
|
|t:|1779902541
|switch|p1a: Landorus|Landorus-Therian, M|100/100
|-ability|p1a: Landorus|Intimidate|boost
|-unboost|p2a: Quaquaval|atk|1
|turn|5
|
|t:|1779902552
|switch|p1a: Hatterene|Hatterene, F|100/100
|move|p2a: Quaquaval|Aqua Step|p1a: Hatterene
|-damage|p1a: Hatterene|67/100
|-boost|p2a: Quaquaval|spe|1
|
|upkeep
|turn|6
|
|t:|1779902559
|move|p2a: Quaquaval|Knock Off|p1a: Hatterene
|-damage|p1a: Hatterene|42/100
|-enditem|p1a: Hatterene|Assault Vest|[from] move: Knock Off|[of] p2a: Quaquaval
|move|p1a: Hatterene|Giga Drain|p2a: Quaquaval
|-supereffective|p2a: Quaquaval
|-damage|p2a: Quaquaval|0 fnt
|-heal|p1a: Hatterene|48/100|[from] drain|[of] p2a: Quaquaval
|faint|p2a: Quaquaval
|
|upkeep
|
|t:|1779902566
|switch|p2a: Scizor|Scizor, M|100/100
|turn|7
|
|t:|1779902572
|switch|p1a: Heatran|Heatran, M|100/100
|move|p2a: Scizor|U-turn|p1a: Heatran
|-resisted|p1a: Heatran
|-damage|p1a: Heatran|93/100
|
|t:|1779902578
|switch|p2a: Clefable|Clefable, M|100/100|[from] U-turn
|
|-heal|p1a: Heatran|99/100|[from] item: Leftovers
|upkeep
|turn|8
|
|t:|1779902584
|move|p1a: Heatran|Flash Cannon|p2a: Clefable
|-supereffective|p2a: Clefable
|-damage|p2a: Clefable|41/100
|-unboost|p2a: Clefable|spd|1
|move|p2a: Clefable|Knock Off|p1a: Heatran
|-damage|p1a: Heatran|89/100
|-enditem|p1a: Heatran|Leftovers|[from] move: Knock Off|[of] p2a: Clefable
|
|-heal|p2a: Clefable|47/100|[from] item: Leftovers
|upkeep
|turn|9
|
|t:|1779902594
|switch|p2a: Scizor|Scizor, M|100/100
|move|p1a: Heatran|Flamethrower|p2a: Scizor
|-supereffective|p2a: Scizor
|-damage|p2a: Scizor|0 fnt
|faint|p2a: Scizor
|
|upkeep
|
|t:|1779902615
|switch|p2a: Meowscarada|Meowscarada, F|100/100
|turn|10
|
|t:|1779902620
|move|p2a: Meowscarada|Knock Off|p1a: Heatran
|-start|p2a: Meowscarada|typechange|Dark|[from] ability: Protean
|-damage|p1a: Heatran|68/100
|move|p1a: Heatran|Flamethrower|p2a: Meowscarada
|-damage|p2a: Meowscarada|40/100
|
|upkeep
|turn|11
|-message|bibarik forfeited.
|
|win|Dogg25hunna
|raw|Dogg25hunna's rating: 1107 &rarr; <strong>1137</strong><br />(+30 for winning)
|raw|bibarik's rating: 1174 &rarr; <strong>1144</strong><br />(-30 for losing)
|l|‽bibarik
|player|p2|
|l|☆Dogg25hunna
|player|p1|
