|j|☆Gunkip
|j|☆Johnny tots
|t:|1779937311
|gametype|singles
|player|p1|Gunkip|misty|1733
|player|p2|Johnny tots|170|1764
|gen|9
|tier|[Gen 9] OU
|rated|
|rule|HP Percentage Mod: HP is shown in percentages
|rule|Endless Battle Clause: Forcing endless battles is banned
|rule|Species Clause: Limit one of each Pokémon
|rule|OHKO Clause: OHKO moves are banned
|rule|Evasion Items Clause: Evasion items are banned
|rule|Evasion Moves Clause: Evasion moves are banned
|rule|Evasion Abilities Clause: Evasion abilities are banned
|rule|Sleep Moves Clause: Sleep-inducing moves are banned
|clearpoke
|poke|p1|Samurott-Hisui, F|
|poke|p1|Dragonite, M|
|poke|p1|Kingambit, M|
|poke|p1|Iron Moth|
|poke|p1|Iron Valiant|
|poke|p1|Moltres-Galar|
|poke|p2|Klefki, F|
|poke|p2|Manaphy|
|poke|p2|Kyurem|
|poke|p2|Cinderace, M|
|poke|p2|Iron Valiant|
|poke|p2|Clefable, M|
|teampreview
|j| XylerTheCreature
|
|t:|1779937354
|teamsize|p1|6
|teamsize|p2|6
|start
|switch|p1a: definitely|Iron Moth|100/100
|switch|p2a: Klefki|Klefki, F|100/100
|-enditem|p1a: definitely|Booster Energy
|-activate|p1a: definitely|ability: Quark Drive|[fromitem]
|-start|p1a: definitely|quarkdrivespe
|turn|1
|
|t:|1779937358
|move|p2a: Klefki|Light Screen|p2a: Klefki
|-sidestart|p2: Johnny tots|move: Light Screen
|move|p1a: definitely|Fiery Dance|p2a: Klefki
|-supereffective|p2a: Klefki
|-damage|p2a: Klefki|49/100
|
|upkeep
|turn|2
|
|t:|1779937362
|move|p2a: Klefki|Reflect|p2a: Klefki
|-sidestart|p2: Johnny tots|Reflect
|move|p1a: definitely|Fiery Dance|p2a: Klefki
|-supereffective|p2a: Klefki
|-damage|p2a: Klefki|0 fnt
|faint|p2a: Klefki
|
|upkeep
|
|t:|1779937369
|switch|p2a: Manaphy|Manaphy|100/100
|turn|3
|
|t:|1779937375
|-end|p1a: definitely|Quark Drive|[silent]
|switch|p1a: fight the power|Iron Valiant|100/100
|-enditem|p1a: fight the power|Booster Energy
|-activate|p1a: fight the power|ability: Quark Drive|[fromitem]
|-start|p1a: fight the power|quarkdrivespe
|move|p2a: Manaphy|Take Heart|p2a: Manaphy
|-boost|p2a: Manaphy|spa|1
|-boost|p2a: Manaphy|spd|1
|
|upkeep
|turn|4
|
|t:|1779937378
|switch|p2a: Clefable|Clefable, M|100/100
|move|p1a: fight the power|Taunt|p2a: Clefable
|-start|p2a: Clefable|move: Taunt
|
|upkeep
|turn|5
|
|t:|1779937383
|move|p1a: fight the power|Knock Off|p2a: Clefable
|-resisted|p2a: Clefable
|-damage|p2a: Clefable|93/100
|-enditem|p2a: Clefable|Leftovers|[from] move: Knock Off|[of] p1a: fight the power
|move|p2a: Clefable|Moonblast|p1a: fight the power
|-supereffective|p1a: fight the power
|-damage|p1a: fight the power|0 fnt
|faint|p1a: fight the power
|-end|p1a: fight the power|Quark Drive|[silent]
|
|upkeep
|
|t:|1779937388
|switch|p1a: definitely|Iron Moth|100/100
|turn|6
|
|t:|1779937390
|move|p1a: definitely|Fiery Dance|p2a: Clefable
|-damage|p2a: Clefable|75/100
|-boost|p1a: definitely|spa|1
|move|p2a: Clefable|Psyshock|p1a: definitely
|-supereffective|p1a: definitely
|-damage|p1a: definitely|38/100
|
|-end|p2a: Clefable|move: Taunt
|upkeep
|turn|7
|
|t:|1779937395
|move|p1a: definitely|Sludge Wave|p2a: Clefable
|-supereffective|p2a: Clefable
|-damage|p2a: Clefable|10/100
|move|p2a: Clefable|Psyshock|p1a: definitely
|-supereffective|p1a: definitely
|-damage|p1a: definitely|0 fnt
|faint|p1a: definitely
|-end|p1a: definitely|Quark Drive|[silent]
|
|upkeep
|j| nesnot
|
|t:|1779937400
|switch|p1a: 90% accurate|Samurott-Hisui, F|100/100
|turn|8
|l|☆Johnny tots
|player|p2|
|j|☆Johnny tots
|player|p2|Johnny tots|170|
|
|t:|1779937439
|move|p1a: 90% accurate|Razor Shell|p2a: Clefable
|-damage|p2a: Clefable|0 fnt
|faint|p2a: Clefable
|
|-sideend|p2: Johnny tots|move: Light Screen
|upkeep
|
|t:|1779937441
|switch|p2a: Iron Valiant|Iron Valiant|100/100
|-enditem|p2a: Iron Valiant|Booster Energy
|-activate|p2a: Iron Valiant|ability: Quark Drive|[fromitem]
|-start|p2a: Iron Valiant|quarkdrivespe
|turn|9
|
|t:|1779937447
|move|p2a: Iron Valiant|Moonblast|p1a: 90% accurate
|-supereffective|p1a: 90% accurate
|-enditem|p1a: 90% accurate|Focus Sash
|-damage|p1a: 90% accurate|1/100
|-unboost|p1a: 90% accurate|spa|1
|move|p1a: 90% accurate|Ceaseless Edge|p2a: Iron Valiant
|-resisted|p2a: Iron Valiant
|-damage|p2a: Iron Valiant|92/100
|-sidestart|p2: Johnny tots|Spikes
|
|-sideend|p2: Johnny tots|Reflect
|upkeep
|turn|10
|
|t:|1779937454
|move|p1a: 90% accurate|Sucker Punch||[still]
|-fail|p1a: 90% accurate
|move|p2a: Iron Valiant|Calm Mind|p2a: Iron Valiant
|-boost|p2a: Iron Valiant|spa|1
|-boost|p2a: Iron Valiant|spd|1
|
|upkeep
|turn|11
|
|t:|1779937456
|move|p2a: Iron Valiant|Moonblast|p1a: 90% accurate
|-supereffective|p1a: 90% accurate
|-damage|p1a: 90% accurate|0 fnt
|faint|p1a: 90% accurate
|
|upkeep
|l|☆Johnny tots
|player|p2|
|
|t:|1779937488
|switch|p1a: bird is the word|Moltres-Galar|100/100
|turn|12
|l| nesnot
|j|☆Johnny tots
|player|p2|Johnny tots|170|
|
|t:|1779937524
|-terastallize|p1a: bird is the word|Ghost
|move|p2a: Iron Valiant|Calm Mind|p2a: Iron Valiant
|-boost|p2a: Iron Valiant|spa|1
|-boost|p2a: Iron Valiant|spd|1
|move|p1a: bird is the word|Agility|p1a: bird is the word
|-boost|p1a: bird is the word|spe|2
|
|upkeep
|turn|13
|
|t:|1779937529
|move|p1a: bird is the word|Hurricane|p2a: Iron Valiant
|-supereffective|p2a: Iron Valiant
|-damage|p2a: Iron Valiant|2/100
|move|p2a: Iron Valiant|Moonblast|p1a: bird is the word
|-damage|p1a: bird is the word|17/100
|-ability|p1a: bird is the word|Berserk|boost
|-boost|p1a: bird is the word|spa|1
|-enditem|p1a: bird is the word|Sitrus Berry|[eat]
|-heal|p1a: bird is the word|42/100|[from] item: Sitrus Berry
|
|upkeep
|turn|14
|
|t:|1779937537
|move|p1a: bird is the word|Fiery Wrath|p2a: Iron Valiant
|-resisted|p2a: Iron Valiant
|-damage|p2a: Iron Valiant|0 fnt
|faint|p2a: Iron Valiant
|-end|p2a: Iron Valiant|Quark Drive|[silent]
|
|upkeep
|
|t:|1779937542
|switch|p2a: Kyurem|Kyurem|100/100
|-damage|p2a: Kyurem|88/100|[from] Spikes
|-ability|p2a: Kyurem|Pressure
|turn|15
|
|t:|1779937544
|move|p1a: bird is the word|Fiery Wrath|p2a: Kyurem
|-damage|p2a: Kyurem|29/100
|cant|p2a: Kyurem|flinch
|
|upkeep
|turn|16
|
|t:|1779937547
|move|p1a: bird is the word|Fiery Wrath|p2a: Kyurem
|-crit|p2a: Kyurem
|-damage|p2a: Kyurem|0 fnt
|faint|p2a: Kyurem
|
|upkeep
|
|t:|1779937548
|switch|p2a: Cinderace|Cinderace, M|100/100
|turn|17
|
|t:|1779937550
|move|p2a: Cinderace|Sucker Punch|p1a: bird is the word
|-supereffective|p1a: bird is the word
|-damage|p1a: bird is the word|0 fnt
|faint|p1a: bird is the word
|
|upkeep
|
|t:|1779937555
|switch|p1a: feels the aura|Dragonite, M|100/100
|turn|18
|
|t:|1779937561
|move|p2a: Cinderace|Pyro Ball|p1a: feels the aura
|-resisted|p1a: feels the aura
|-damage|p1a: feels the aura|83/100
|move|p1a: feels the aura|Dragon Dance|p1a: feels the aura
|-boost|p1a: feels the aura|atk|1
|-boost|p1a: feels the aura|spe|1
|
|upkeep
|turn|19
|
|t:|1779937565
|move|p1a: feels the aura|Earthquake|p2a: Cinderace
|-supereffective|p2a: Cinderace
|-damage|p2a: Cinderace|0 fnt
|faint|p2a: Cinderace
|
|upkeep
|
|t:|1779937567
|switch|p2a: Manaphy|Manaphy|100/100
|-damage|p2a: Manaphy|88/100|[from] Spikes
|turn|20
|
|t:|1779937569
|-terastallize|p2a: Manaphy|Grass
|move|p1a: feels the aura|Outrage|p2a: Manaphy
|-damage|p2a: Manaphy|0 fnt
|faint|p2a: Manaphy
|
|win|Gunkip
|raw|Gunkip's rating: 1733 &rarr; <strong>1755</strong><br />(+22 for winning)
|raw|Johnny tots's rating: 1764 &rarr; <strong>1742</strong><br />(-22 for losing)
|l|☆Gunkip
|player|p1|
|l|☆Johnny tots
|player|p2|
|l| XylerTheCreature
