|j|☆9viciousrend
|j|☆Scepticskep
|t:|1779811985
|gametype|singles
|player|p1|9viciousrend|roxie|1411
|player|p2|Scepticskep|pokemaniac|1478
|gen|9
|tier|[Gen 9] OU
|rated|
|rule|HP Percentage Mod: HP is shown in percentages
|rule|Endless Battle Clause: Forcing endless battles is banned
|rule|Species Clause: Limit one of each Pokémon
|rule|OHKO Clause: OHKO moves are banned
|rule|Evasion Items Clause: Evasion items are banned
|rule|Evasion Moves Clause: Evasion moves are banned
|rule|Evasion Abilities Clause: Evasion abilities are banned
|rule|Sleep Moves Clause: Sleep-inducing moves are banned
|clearpoke
|poke|p1|Kingambit, F|
|poke|p1|Cinderace, F|
|poke|p1|Landorus-Therian, M|
|poke|p1|Iron Valiant|
|poke|p1|Kyurem|
|poke|p1|Slowking-Galar, M|
|poke|p2|Cramorant, F|
|poke|p2|Kingambit, M|
|poke|p2|Iron Moth|
|poke|p2|Enamorus, F|
|poke|p2|Gallade, M|
|poke|p2|Great Tusk|
|teampreview
|inactive|Battle timer is ON: inactive players will automatically lose when time's up. (requested by Scepticskep)
|inactive|9viciousrend has 120 seconds left.
|inactive|9viciousrend has 90 seconds left.
|
|t:|1779812063
|teamsize|p1|6
|teamsize|p2|6
|start
|switch|p1a: killjae|Kyurem, shiny|100/100
|switch|p2a: Cramorant|Cramorant, F, shiny|100/100
|-ability|p1a: killjae|Pressure
|turn|1
|
|t:|1779812089
|move|p1a: killjae|Substitute|p1a: killjae
|-start|p1a: killjae|Substitute
|-damage|p1a: killjae|76/100
|move|p2a: Cramorant|Tailwind|p2a: Cramorant
|-sidestart|p2: Scepticskep|move: Tailwind
|
|-heal|p1a: killjae|82/100|[from] item: Leftovers
|upkeep
|turn|2
|
|t:|1779812095
|move|p2a: Cramorant|Defog||[still]
|-fail|p2a: Cramorant
|move|p1a: killjae|Freeze-Dry|p2a: Cramorant
|-supereffective|p2a: Cramorant
|-enditem|p2a: Cramorant|Focus Sash
|-damage|p2a: Cramorant|1/100
|-status|p2a: Cramorant|frz
|
|-heal|p1a: killjae|88/100|[from] item: Leftovers
|upkeep
|turn|3
|
|t:|1779812101
|cant|p2a: Cramorant|frz
|move|p1a: killjae|Freeze-Dry|p2a: Cramorant
|-supereffective|p2a: Cramorant
|-damage|p2a: Cramorant|0 fnt
|faint|p2a: Cramorant
|
|-heal|p1a: killjae|94/100|[from] item: Leftovers
|upkeep
|
|t:|1779812103
|switch|p2a: Enamorus|Enamorus, F|100/100
|turn|4
|
|t:|1779812106
|move|p1a: killjae|Protect|p1a: killjae
|-singleturn|p1a: killjae|Protect
|move|p2a: Enamorus|Superpower|p1a: killjae
|-activate|p1a: killjae|move: Protect
|
|-heal|p1a: killjae|99/100|[from] item: Leftovers
|-sideend|p2: Scepticskep|move: Tailwind
|upkeep
|turn|5
|
|t:|1779812110
|move|p2a: Enamorus|Moonblast|p1a: killjae
|-supereffective|p1a: killjae
|-end|p1a: killjae|Substitute
|move|p1a: killjae|Freeze-Dry|p2a: Enamorus
|-supereffective|p2a: Enamorus
|-enditem|p2a: Enamorus|Focus Sash
|-damage|p2a: Enamorus|1/100
|
|-heal|p1a: killjae|100/100|[from] item: Leftovers
|upkeep
|turn|6
|
|t:|1779812121
|switch|p1a: slime|Slowking-Galar, M, shiny|100/100
|move|p2a: Enamorus|Moonblast|p1a: slime
|-resisted|p1a: slime
|-damage|p1a: slime|85/100
|-unboost|p1a: slime|spa|1
|
|upkeep
|turn|7
|
|t:|1779812126
|move|p2a: Enamorus|Healing Wish|p2a: Enamorus
|faint|p2a: Enamorus
|move|p1a: slime|Sludge Bomb|p2: Enamorus|[notarget]
|-fail|p1a: slime
|
|upkeep
|
|t:|1779812128
|switch|p2a: Gallade|Gallade, M|100/100
|turn|8
|
|t:|1779812140
|switch|p1a: ladeorus|Landorus-Therian, M, shiny|100/100
|-ability|p1a: ladeorus|Intimidate|boost
|-unboost|p2a: Gallade|atk|1
|move|p2a: Gallade|Swords Dance|p2a: Gallade
|-boost|p2a: Gallade|atk|2
|
|upkeep
|turn|9
|
|t:|1779812154
|move|p1a: ladeorus|Earthquake|p2a: Gallade
|-damage|p2a: Gallade|23/100
|move|p2a: Gallade|Psycho Cut|p1a: ladeorus
|-damage|p1a: ladeorus|34/100
|
|upkeep
|turn|10
|
|t:|1779812182
|move|p2a: Gallade|Shadow Sneak|p1a: ladeorus
|-damage|p1a: ladeorus|15/100
|-damage|p2a: Gallade|6/100|[from] item: Rocky Helmet|[of] p1a: ladeorus
|move|p1a: ladeorus|U-turn|p2a: Gallade
|-damage|p2a: Gallade|0 fnt
|faint|p2a: Gallade
|
|t:|1779812194
|switch|p1a: killjae|Kyurem, shiny|100/100|[from] U-turn
|-ability|p1a: killjae|Pressure
|
|upkeep
|
|t:|1779812199
|switch|p2a: Iron Moth|Iron Moth|100/100
|-enditem|p2a: Iron Moth|Booster Energy
|-activate|p2a: Iron Moth|ability: Quark Drive|[fromitem]
|-start|p2a: Iron Moth|quarkdrivespe
|turn|11
|
|t:|1779812206
|-terastallize|p2a: Iron Moth|Fairy
|move|p2a: Iron Moth|Fiery Dance|p1a: killjae
|-damage|p1a: killjae|63/100
|-boost|p2a: Iron Moth|spa|1
|move|p1a: killjae|Earth Power|p2a: Iron Moth
|-damage|p2a: Iron Moth|70/100
|
|-heal|p1a: killjae|70/100|[from] item: Leftovers
|upkeep
|turn|12
|
|t:|1779812224
|move|p1a: killjae|Protect|p1a: killjae
|-singleturn|p1a: killjae|Protect
|move|p2a: Iron Moth|Dazzling Gleam|p1a: killjae
|-activate|p1a: killjae|move: Protect
|
|-heal|p1a: killjae|76/100|[from] item: Leftovers
|upkeep
|turn|13
|inactive|9viciousrend has 120 seconds left.
|
|t:|1779812260
|move|p2a: Iron Moth|Dazzling Gleam|p1a: killjae
|-supereffective|p1a: killjae
|-damage|p1a: killjae|0 fnt
|faint|p1a: killjae
|
|upkeep
|
|t:|1779812262
|switch|p1a: slime|Slowking-Galar, M, shiny|100/100
|turn|14
|inactive|9viciousrend has 120 seconds left.
|
|t:|1779812268
|-end|p2a: Iron Moth|Quark Drive|[silent]
|switch|p2a: Kingambit|Kingambit, M|100/100
|-activate|p2a: Kingambit|ability: Supreme Overlord
|-start|p2a: Kingambit|fallen3|[silent]
|move|p1a: slime|Sludge Bomb|p2a: Kingambit
|-immune|p2a: Kingambit
|
|upkeep
|turn|15
|
|t:|1779812273
|move|p2a: Kingambit|Swords Dance|p2a: Kingambit
|-boost|p2a: Kingambit|atk|2
|move|p1a: slime|Thunder Wave|p2a: Kingambit
|-status|p2a: Kingambit|par
|
|upkeep
|turn|16
|
|t:|1779812276
|switch|p1a: ladeorus|Landorus-Therian, M, shiny|15/100
|-ability|p1a: ladeorus|Intimidate|boost
|-unboost|p2a: Kingambit|atk|1
|move|p2a: Kingambit|Iron Head|p1a: ladeorus
|-damage|p1a: ladeorus|0 fnt
|-damage|p2a: Kingambit|84/100 par|[from] item: Rocky Helmet|[of] p1a: ladeorus
|faint|p1a: ladeorus
|-damage|p2a: Kingambit|74/100 par|[from] item: Life Orb
|
|upkeep
|
|t:|1779812285
|switch|p1a: cinderache|Cinderace, F, shiny|100/100
|turn|17
|
|t:|1779812287
|move|p2a: Kingambit|Sucker Punch|p1a: cinderache
|-damage|p1a: cinderache|0 fnt
|faint|p1a: cinderache
|-damage|p2a: Kingambit|64/100 par|[from] item: Life Orb
|
|upkeep
|
|t:|1779812292
|switch|p1a: iron vicious|Iron Valiant, shiny|100/100
|-enditem|p1a: iron vicious|Booster Energy
|-activate|p1a: iron vicious|ability: Quark Drive|[fromitem]
|-start|p1a: iron vicious|quarkdrivespe
|turn|18
|
|t:|1779812300
|-end|p2a: Kingambit|fallen3|[silent]
|switch|p2a: Iron Moth|Iron Moth, tera:Fairy|70/100
|-heal|p2a: Iron Moth|100/100|[from] move: Healing Wish
|move|p1a: iron vicious|Encore||[still]
|-fail|p1a: iron vicious
|
|upkeep
|turn|19
|
|t:|1779812328
|-terastallize|p1a: iron vicious|Ghost
|move|p1a: iron vicious|Moonblast|p2a: Iron Moth
|-damage|p2a: Iron Moth|53/100
|move|p2a: Iron Moth|Fiery Dance|p1a: iron vicious
|-damage|p1a: iron vicious|33/100
|
|upkeep
|turn|20
|
|t:|1779812338
|move|p1a: iron vicious|Moonblast|p2a: Iron Moth
|-damage|p2a: Iron Moth|7/100
|move|p2a: Iron Moth|Fiery Dance|p1a: iron vicious
|-damage|p1a: iron vicious|0 fnt
|faint|p1a: iron vicious
|-end|p1a: iron vicious|Quark Drive|[silent]
|
|upkeep
|
|t:|1779812344
|switch|p1a: slime|Slowking-Galar, M, shiny|100/100
|turn|21
|
|t:|1779812354
|move|p2a: Iron Moth|Fiery Dance|p1a: slime
|-damage|p1a: slime|76/100
|-prepare|p1a: slime|Chilly Reception|[premajor]
|move|p1a: slime|Chilly Reception|p1a: slime
|-weather|Snowscape
|
|t:|1779812356
|switch|p1a: reaper|Kingambit, F, shiny|100/100|[from] Chilly Reception
|-activate|p1a: reaper|ability: Supreme Overlord
|-start|p1a: reaper|fallen4|[silent]
|
|-weather|Snowscape|[upkeep]
|upkeep
|turn|22
|
|t:|1779812359
|-end|p1a: reaper|fallen4|[silent]
|switch|p1a: slime|Slowking-Galar, M, shiny|100/100
|move|p2a: Iron Moth|Fiery Dance|p1a: slime
|-damage|p1a: slime|75/100
|
|-weather|Snowscape|[upkeep]
|upkeep
|turn|23
|
|t:|1779812365
|move|p2a: Iron Moth|Fiery Dance|p1a: slime
|-damage|p1a: slime|50/100
|-boost|p2a: Iron Moth|spa|1
|move|p1a: slime|Sludge Bomb|p2a: Iron Moth
|-supereffective|p2a: Iron Moth
|-damage|p2a: Iron Moth|0 fnt
|faint|p2a: Iron Moth
|-end|p2a: Iron Moth|Quark Drive|[silent]
|
|-weather|Snowscape|[upkeep]
|upkeep
|
|t:|1779812370
|switch|p2a: Great Tusk|Great Tusk|100/100
|-enditem|p2a: Great Tusk|Booster Energy
|-activate|p2a: Great Tusk|ability: Protosynthesis|[fromitem]
|-start|p2a: Great Tusk|protosynthesisatk
|turn|24
|
|t:|1779812374
|move|p2a: Great Tusk|Headlong Rush|p1a: slime
|-supereffective|p1a: slime
|-damage|p1a: slime|0 fnt
|-unboost|p2a: Great Tusk|def|1
|-unboost|p2a: Great Tusk|spd|1
|faint|p1a: slime
|
|-weather|Snowscape|[upkeep]
|upkeep
|
|t:|1779812376
|switch|p1a: reaper|Kingambit, F, shiny|100/100
|-activate|p1a: reaper|ability: Supreme Overlord
|-start|p1a: reaper|fallen5|[silent]
|turn|25
|
|t:|1779812378
|move|p2a: Great Tusk|Headlong Rush|p1a: reaper
|-supereffective|p1a: reaper
|-damage|p1a: reaper|0 fnt
|-unboost|p2a: Great Tusk|def|1
|-unboost|p2a: Great Tusk|spd|1
|faint|p1a: reaper
|-end|p1a: reaper|fallen5|[silent]
|
|win|Scepticskep
|raw|9viciousrend's rating: 1411 &rarr; <strong>1395</strong><br />(-16 for losing)
|raw|Scepticskep's rating: 1478 &rarr; <strong>1494</strong><br />(+16 for winning)
|c|☆Scepticskep|ggs
|l|☆9viciousrend
|player|p1|
