|j|☆Roliix
|j|☆jp1234321
|t:|1779858249
|gametype|singles
|player|p1|Roliix|266|1121
|player|p2|jp1234321|clerk-boss|1110
|gen|9
|tier|[Gen 9] OU
|rated|
|rule|HP Percentage Mod: HP is shown in percentages
|rule|Endless Battle Clause: Forcing endless battles is banned
|rule|Species Clause: Limit one of each Pokémon
|rule|OHKO Clause: OHKO moves are banned
|rule|Evasion Items Clause: Evasion items are banned
|rule|Evasion Moves Clause: Evasion moves are banned
|rule|Evasion Abilities Clause: Evasion abilities are banned
|rule|Sleep Moves Clause: Sleep-inducing moves are banned
|clearpoke
|poke|p1|Sandaconda, M|
|poke|p1|Morpeko, F|
|poke|p1|Empoleon, M|
|poke|p1|Skeledirge, F|
|poke|p1|Okidogi, M|
|poke|p1|Iron Leaves|
|poke|p2|Clefable, F|
|poke|p2|Dragapult, F|
|poke|p2|Pelipper, M|
|poke|p2|Greninja-*, M|
|poke|p2|Vileplume, F|
|poke|p2|Great Tusk|
|teampreview
|inactive|Battle timer is ON: inactive players will automatically lose when time's up. (requested by jp1234321)
|
|t:|1779858276
|teamsize|p1|6
|teamsize|p2|6
|start
|switch|p1a: Sandaconda|Sandaconda, M|100/100
|switch|p2a: Vileplume|Vileplume, F|100/100
|turn|1
|
|t:|1779858285
|switch|p1a: Iron Leaves|Iron Leaves|100/100
|-enditem|p1a: Iron Leaves|Booster Energy
|-activate|p1a: Iron Leaves|ability: Quark Drive|[fromitem]
|-start|p1a: Iron Leaves|quarkdriveatk
|move|p2a: Vileplume|Leech Seed|p1a: Iron Leaves
|-immune|p1a: Iron Leaves
|
|upkeep
|turn|2
|
|t:|1779858302
|switch|p2a: Pelipper|Pelipper, M|100/100
|-weather|RainDance|[from] ability: Drizzle|[of] p2a: Pelipper
|move|p1a: Iron Leaves|Sacred Sword|p2a: Pelipper
|-resisted|p2a: Pelipper
|-damage|p2a: Pelipper|85/100
|
|-weather|RainDance|[upkeep]
|upkeep
|turn|3
|
|t:|1779858313
|-end|p1a: Iron Leaves|Quark Drive|[silent]
|switch|p1a: Empoleon|Empoleon, M|100/100
|move|p2a: Pelipper|U-turn|p1a: Empoleon
|-resisted|p1a: Empoleon
|-damage|p1a: Empoleon|96/100
|
|t:|1779858320
|switch|p2a: Greninja|Greninja, M|100/100|[from] U-turn
|
|-weather|RainDance|[upkeep]
|upkeep
|turn|4
|
|t:|1779858326
|move|p2a: Greninja|Dark Pulse|p1a: Empoleon
|-damage|p1a: Empoleon|71/100
|move|p1a: Empoleon|Stealth Rock|p2a: Greninja
|-sidestart|p2: jp1234321|move: Stealth Rock
|
|-weather|RainDance|[upkeep]
|upkeep
|turn|5
|
|t:|1779858334
|-terastallize|p2a: Greninja|Water
|move|p2a: Greninja|Surf|p1a: Empoleon
|-resisted|p1a: Empoleon
|-damage|p1a: Empoleon|41/100
|move|p1a: Empoleon|Flash Cannon|p2a: Greninja
|-resisted|p2a: Greninja
|-damage|p2a: Greninja|76/100
|
|-weather|RainDance|[upkeep]
|upkeep
|turn|6
|
|t:|1779858347
|move|p2a: Greninja|Surf|p1a: Empoleon
|-resisted|p1a: Empoleon
|-damage|p1a: Empoleon|13/100
|move|p1a: Empoleon|Roost|p1a: Empoleon
|-heal|p1a: Empoleon|63/100
|-singleturn|p1a: Empoleon|move: Roost
|
|-weather|RainDance|[upkeep]
|upkeep
|turn|7
|
|t:|1779858355
|move|p2a: Greninja|Dark Pulse|p1a: Empoleon
|-damage|p1a: Empoleon|38/100
|move|p1a: Empoleon|Roost|p1a: Empoleon
|-heal|p1a: Empoleon|88/100
|-singleturn|p1a: Empoleon|move: Roost
|
|-weather|RainDance|[upkeep]
|upkeep
|turn|8
|
|t:|1779858363
|move|p2a: Greninja|Dark Pulse|p1a: Empoleon
|-damage|p1a: Empoleon|63/100
|move|p1a: Empoleon|Flash Cannon|p2a: Greninja
|-resisted|p2a: Greninja
|-damage|p2a: Greninja|53/100
|
|-weather|RainDance|[upkeep]
|upkeep
|turn|9
|
|t:|1779858372
|move|p2a: Greninja|Dark Pulse|p1a: Empoleon
|-damage|p1a: Empoleon|38/100
|move|p1a: Empoleon|Flash Cannon|p2a: Greninja
|-resisted|p2a: Greninja
|-damage|p2a: Greninja|30/100
|
|-weather|none
|upkeep
|turn|10
|
|t:|1779858382
|switch|p2a: Pelipper|Pelipper, M|85/100
|-damage|p2a: Pelipper|60/100|[from] Stealth Rock
|-weather|RainDance|[from] ability: Drizzle|[of] p2a: Pelipper
|move|p1a: Empoleon|Roost|p1a: Empoleon
|-heal|p1a: Empoleon|88/100
|-singleturn|p1a: Empoleon|move: Roost
|
|-weather|RainDance|[upkeep]
|upkeep
|turn|11
|
|t:|1779858393
|move|p2a: Pelipper|Tailwind|p2a: Pelipper
|-sidestart|p2: jp1234321|move: Tailwind
|move|p1a: Empoleon|Flash Cannon|p2a: Pelipper
|-resisted|p2a: Pelipper
|-damage|p2a: Pelipper|39/100
|
|-weather|RainDance|[upkeep]
|upkeep
|turn|12
|
|t:|1779858407
|move|p2a: Pelipper|U-turn|p1a: Empoleon
|-resisted|p1a: Empoleon
|-damage|p1a: Empoleon|85/100
|
|t:|1779858414
|switch|p2a: Great Tusk|Great Tusk|100/100|[from] U-turn
|-damage|p2a: Great Tusk|98/100|[from] Stealth Rock
|-enditem|p2a: Great Tusk|Booster Energy
|-activate|p2a: Great Tusk|ability: Protosynthesis|[fromitem]
|-start|p2a: Great Tusk|protosynthesisatk
|move|p1a: Empoleon|Flash Cannon|p2a: Great Tusk
|-damage|p2a: Great Tusk|48/100
|
|-weather|RainDance|[upkeep]
|upkeep
|turn|13
|
|t:|1779858437
|-terastallize|p1a: Empoleon|Dragon
|move|p2a: Great Tusk|Rapid Spin|p1a: Empoleon
|-damage|p1a: Empoleon|59/100
|-boost|p2a: Great Tusk|spe|1
|-sideend|p2: jp1234321|Stealth Rock|[from] move: Rapid Spin|[of] p2a: Great Tusk
|move|p1a: Empoleon|Surf|p2a: Great Tusk
|-supereffective|p2a: Great Tusk
|-damage|p2a: Great Tusk|0 fnt
|faint|p2a: Great Tusk
|-end|p2a: Great Tusk|Protosynthesis|[silent]
|
|-weather|RainDance|[upkeep]
|upkeep
|
|t:|1779858450
|switch|p2a: Greninja|Greninja, M, tera:Water|30/100
|turn|14
|
|t:|1779858458
|move|p2a: Greninja|Ice Beam|p1a: Empoleon
|-supereffective|p1a: Empoleon
|-damage|p1a: Empoleon|22/100
|move|p1a: Empoleon|Flash Cannon|p2a: Greninja
|-resisted|p2a: Greninja
|-damage|p2a: Greninja|7/100
|
|-weather|RainDance|[upkeep]
|-sideend|p2: jp1234321|move: Tailwind
|upkeep
|turn|15
|
|t:|1779858472
|switch|p1a: Morpeko|Morpeko, F|100/100
|move|p2a: Greninja|Ice Beam|p1a: Morpeko
|-damage|p1a: Morpeko|45/100
|
|-weather|RainDance|[upkeep]
|-formechange|p1a: Morpeko|Morpeko-Hangry||[from] ability: Hunger Switch
|upkeep
|turn|16
|
|t:|1779858482
|move|p1a: Morpeko|Protect|p1a: Morpeko
|-singleturn|p1a: Morpeko|Protect
|move|p2a: Greninja|Water Shuriken|p1a: Morpeko
|-activate|p1a: Morpeko|move: Protect
|
|-weather|RainDance|[upkeep]
|-formechange|p1a: Morpeko|Morpeko||[from] ability: Hunger Switch
|upkeep
|turn|17
|
|t:|1779858493
|move|p2a: Greninja|Water Shuriken|p1a: Morpeko
|-crit|p1a: Morpeko
|-damage|p1a: Morpeko|2/100
|-damage|p1a: Morpeko|0 fnt
|faint|p1a: Morpeko
|-ability|p2a: Greninja|Battle Bond|boost
|-boost|p2a: Greninja|atk|1
|-boost|p2a: Greninja|spa|1
|-boost|p2a: Greninja|spe|1
|-activate|p2a: Greninja|ability: Battle Bond
|-hitcount|p1: Morpeko|2
|
|-weather|none
|upkeep
|
|t:|1779858499
|switch|p1a: Skeledirge|Skeledirge, F|100/100
|turn|18
|l|☆jp1234321
|inactive|jp1234321 disconnected and has a minute to reconnect!
|player|p2|
|inactive|jp1234321 has 30 seconds to reconnect!
|inactive|jp1234321 has 20 seconds to reconnect!
|inactive|jp1234321 has 15 seconds to reconnect!
|inactive|jp1234321 has 10 seconds to reconnect!
|l|☆Roliix
|inactive|Roliix disconnected and has a minute to reconnect!
|player|p1|
|inactive|jp1234321 has 5 seconds to reconnect!
|-message|jp1234321 lost due to inactivity.
|
|win|Roliix
|raw|Roliix's rating: 1121 &rarr; <strong>1145</strong><br />(+24 for winning)
|raw|jp1234321's rating: 1110 &rarr; <strong>1086</strong><br />(-24 for losing)
|j|☆Roliix
|player|p1|Roliix|266|
|l|☆Roliix
|player|p1|
