|j|☆pigperfect9831
|j|☆my 100lb pug
|t:|1779927137
|gametype|singles
|player|p1|pigperfect9831|workerice|1594
|player|p2|my 100lb pug|101|1583
|gen|9
|tier|[Gen 9] OU
|rated|
|rule|HP Percentage Mod: HP is shown in percentages
|rule|Endless Battle Clause: Forcing endless battles is banned
|rule|Species Clause: Limit one of each Pokémon
|rule|OHKO Clause: OHKO moves are banned
|rule|Evasion Items Clause: Evasion items are banned
|rule|Evasion Moves Clause: Evasion moves are banned
|rule|Evasion Abilities Clause: Evasion abilities are banned
|rule|Sleep Moves Clause: Sleep-inducing moves are banned
|clearpoke
|poke|p1|Armarouge, F|
|poke|p1|Great Tusk|
|poke|p1|Hatterene, F|
|poke|p1|Ninetales, M|
|poke|p1|Slither Wing|
|poke|p1|Walking Wake|
|poke|p2|Delphox, M|
|poke|p2|Raging Bolt|
|poke|p2|Samurott-Hisui, F|
|poke|p2|Hatterene, F|
|poke|p2|Great Tusk|
|poke|p2|Kyurem|
|teampreview
|
|t:|1779927151
|teamsize|p1|6
|teamsize|p2|6
|start
|switch|p1a: Slither Wing|Slither Wing|100/100
|switch|p2a: Samurott|Samurott-Hisui, F|100/100
|turn|1
|
|t:|1779927157
|switch|p2a: Great Tusk|Great Tusk|100/100
|move|p1a: Slither Wing|First Impression|p2a: Great Tusk
|-resisted|p2a: Great Tusk
|-damage|p2a: Great Tusk|90/100
|
|upkeep
|turn|2
|
|t:|1779927161
|move|p2a: Great Tusk|Knock Off|p1a: Slither Wing
|-resisted|p1a: Slither Wing
|-damage|p1a: Slither Wing|89/100
|-damage|p2a: Great Tusk|73/100|[from] item: Rocky Helmet|[of] p1a: Slither Wing
|-enditem|p1a: Slither Wing|Rocky Helmet|[from] move: Knock Off|[of] p2a: Great Tusk
|move|p1a: Slither Wing|Will-O-Wisp|p2a: Great Tusk
|-status|p2a: Great Tusk|brn
|
|-damage|p2a: Great Tusk|67/100 brn|[from] brn
|upkeep
|turn|3
|
|t:|1779927166
|-end|p1a: Slither Wing|Protosynthesis|[silent]
|switch|p1a: Hatterene|Hatterene, F|100/100
|move|p2a: Great Tusk|Stealth Rock|p1a: Hatterene
|move|p1a: Hatterene|Stealth Rock|p2a: Great Tusk|[from] ability: Magic Bounce
|-sidestart|p2: my 100lb pug|move: Stealth Rock
|
|-damage|p2a: Great Tusk|61/100 brn|[from] brn
|upkeep
|turn|4
|
|t:|1779927170
|-end|p2a: Great Tusk|Protosynthesis|[silent]
|switch|p2a: Hatterene|Hatterene, F|100/100
|-damage|p2a: Hatterene|88/100|[from] Stealth Rock
|move|p1a: Hatterene|Draining Kiss|p2a: Hatterene
|-damage|p2a: Hatterene|73/100
|
|upkeep
|turn|5
|
|t:|1779927173
|move|p1a: Hatterene|Psychic Noise|p2a: Hatterene
|-resisted|p2a: Hatterene
|-damage|p2a: Hatterene|62/100
|-start|p2a: Hatterene|move: Heal Block
|cant|p2a: Hatterene|move: Heal Block|Draining Kiss
|
|upkeep
|turn|6
|
|t:|1779927179
|move|p1a: Hatterene|Mystical Fire|p2a: Hatterene
|-damage|p2a: Hatterene|46/100
|-unboost|p2a: Hatterene|spa|1
|move|p2a: Hatterene|Dazzling Gleam|p1a: Hatterene
|-damage|p1a: Hatterene|68/100
|-enditem|p1a: Hatterene|Eject Button
|
|t:|1779927182
|switch|p1a: Ninetales|Ninetales, M|100/100
|-weather|SunnyDay|[from] ability: Drought|[of] p1a: Ninetales
|
|-weather|SunnyDay|[upkeep]
|-end|p2a: Hatterene|move: Heal Block
|upkeep
|turn|7
|
|t:|1779927187
|switch|p1a: Great Tusk|Great Tusk|100/100
|-activate|p1a: Great Tusk|ability: Protosynthesis
|-start|p1a: Great Tusk|protosynthesisatk
|move|p2a: Hatterene|Nuzzle|p1a: Great Tusk
|-immune|p1a: Great Tusk
|
|-weather|SunnyDay|[upkeep]
|upkeep
|turn|8
|
|t:|1779927196
|move|p1a: Great Tusk|Headlong Rush|p2a: Hatterene
|-damage|p2a: Hatterene|0 fnt
|-unboost|p1a: Great Tusk|def|1
|-unboost|p1a: Great Tusk|spd|1
|faint|p2a: Hatterene
|
|-weather|SunnyDay|[upkeep]
|upkeep
|
|t:|1779927198
|switch|p2a: Great Tusk|Great Tusk|61/100 brn
|-activate|p2a: Great Tusk|ability: Protosynthesis
|-start|p2a: Great Tusk|protosynthesisdef
|turn|9
|j| FaronAan
|inactive|Battle timer is ON: inactive players will automatically lose when time's up. (requested by my 100lb pug)
|
|t:|1779927271
|-end|p1a: Great Tusk|Protosynthesis|[silent]
|switch|p1a: Armarouge|Armarouge, F|100/100
|-item|p1a: Armarouge|Air Balloon
|move|p2a: Great Tusk|Rapid Spin|p1a: Armarouge
|-damage|p1a: Armarouge|93/100
|-boost|p2a: Great Tusk|spe|1
|-ability|p1a: Armarouge|Weak Armor|boost
|-unboost|p1a: Armarouge|def|1
|-boost|p1a: Armarouge|spe|2
|-enditem|p1a: Armarouge|Air Balloon
|-sideend|p2: my 100lb pug|Stealth Rock|[from] move: Rapid Spin|[of] p2a: Great Tusk
|
|-weather|SunnyDay|[upkeep]
|-damage|p2a: Great Tusk|54/100 brn|[from] brn
|upkeep
|turn|10
|
|t:|1779927288
|move|p1a: Armarouge|Armor Cannon|p2a: Great Tusk
|-damage|p2a: Great Tusk|0 fnt
|-unboost|p1a: Armarouge|def|1
|-unboost|p1a: Armarouge|spd|1
|faint|p2a: Great Tusk
|-end|p2a: Great Tusk|Protosynthesis|[silent]
|
|-weather|SunnyDay|[upkeep]
|upkeep
|
|t:|1779927299
|switch|p2a: Samurott|Samurott-Hisui, F|100/100
|turn|11
|
|t:|1779927310
|-terastallize|p1a: Armarouge|Fighting
|move|p1a: Armarouge|Aura Sphere|p2a: Samurott
|-supereffective|p2a: Samurott
|-damage|p2a: Samurott|0 fnt
|faint|p2a: Samurott
|
|-weather|SunnyDay|[upkeep]
|upkeep
|
|t:|1779927320
|switch|p2a: Delphox|Delphox, M|100/100
|turn|12
|
|t:|1779927330
|switch|p1a: Walking Wake|Walking Wake|100/100
|-activate|p1a: Walking Wake|ability: Protosynthesis
|-start|p1a: Walking Wake|protosynthesisspe
|move|p2a: Delphox|Psyshock|p1a: Walking Wake
|-crit|p1a: Walking Wake
|-damage|p1a: Walking Wake|10/100
|
|-weather|SunnyDay|[upkeep]
|upkeep
|turn|13
|
|t:|1779927351
|switch|p2a: Kyurem|Kyurem|100/100
|-ability|p2a: Kyurem|Pressure
|move|p1a: Walking Wake|Hydro Steam|p2a: Kyurem
|-resisted|p2a: Kyurem
|-damage|p2a: Kyurem|56/100
|
|-weather|none
|-end|p1a: Walking Wake|Protosynthesis
|upkeep
|turn|14
|
|t:|1779927365
|-end|p1a: Walking Wake|Protosynthesis|[silent]
|switch|p1a: Ninetales|Ninetales, M|100/100
|-weather|SunnyDay|[from] ability: Drought|[of] p1a: Ninetales
|move|p2a: Kyurem|Scale Shot|p1a: Ninetales
|-damage|p1a: Ninetales|87/100
|-damage|p1a: Ninetales|74/100
|-damage|p1a: Ninetales|60/100
|-hitcount|p1a: Ninetales|3
|-unboost|p2a: Kyurem|def|1
|-boost|p2a: Kyurem|spe|1
|
|-weather|SunnyDay|[upkeep]
|upkeep
|turn|15
|
|t:|1779927370
|switch|p1a: Slither Wing|Slither Wing|89/100
|-activate|p1a: Slither Wing|ability: Protosynthesis
|-start|p1a: Slither Wing|protosynthesisatk
|move|p2a: Kyurem|Earth Power|p1a: Slither Wing
|-resisted|p1a: Slither Wing
|-damage|p1a: Slither Wing|75/100
|
|-weather|SunnyDay|[upkeep]
|upkeep
|turn|16
|
|t:|1779927382
|move|p1a: Slither Wing|First Impression|p2a: Kyurem
|-damage|p2a: Kyurem|0 fnt
|faint|p2a: Kyurem
|
|-weather|SunnyDay|[upkeep]
|upkeep
|
|t:|1779927384
|switch|p2a: Delphox|Delphox, M|100/100
|turn|17
|
|t:|1779927398
|-end|p1a: Slither Wing|Protosynthesis|[silent]
|switch|p1a: Hatterene|Hatterene, F|68/100
|move|p2a: Delphox|Flamethrower|p1a: Hatterene
|-damage|p1a: Hatterene|0 fnt
|faint|p1a: Hatterene
|
|-weather|SunnyDay|[upkeep]
|upkeep
|
|t:|1779927401
|switch|p1a: Armarouge|Armarouge, F, tera:Fighting|93/100
|turn|18
|
|t:|1779927412
|move|p2a: Delphox|Flamethrower|p1a: Armarouge
|-damage|p1a: Armarouge|0 fnt
|faint|p1a: Armarouge
|
|-weather|SunnyDay|[upkeep]
|upkeep
|
|t:|1779927414
|switch|p1a: Walking Wake|Walking Wake|10/100
|-activate|p1a: Walking Wake|ability: Protosynthesis
|-start|p1a: Walking Wake|protosynthesisspe
|turn|19
|
|t:|1779927419
|switch|p2a: Raging Bolt|Raging Bolt|100/100
|-activate|p2a: Raging Bolt|ability: Protosynthesis
|-start|p2a: Raging Bolt|protosynthesisspa
|move|p1a: Walking Wake|Hydro Steam|p2a: Raging Bolt
|-resisted|p2a: Raging Bolt
|-damage|p2a: Raging Bolt|66/100
|
|-weather|SunnyDay|[upkeep]
|upkeep
|turn|20
|
|t:|1779927427
|-end|p1a: Walking Wake|Protosynthesis|[silent]
|switch|p1a: Slither Wing|Slither Wing|75/100
|-activate|p1a: Slither Wing|ability: Protosynthesis
|-start|p1a: Slither Wing|protosynthesisatk
|move|p2a: Raging Bolt|Thunderclap||[still]
|-fail|p2a: Raging Bolt
|
|-weather|SunnyDay|[upkeep]
|upkeep
|turn|21
|
|t:|1779927435
|-terastallize|p2a: Raging Bolt|Flying
|move|p1a: Slither Wing|First Impression|p2a: Raging Bolt
|-resisted|p2a: Raging Bolt
|-damage|p2a: Raging Bolt|44/100
|move|p2a: Raging Bolt|Dragon Pulse|p1a: Slither Wing
|-damage|p1a: Slither Wing|22/100
|
|-weather|none
|-end|p1a: Slither Wing|Protosynthesis
|-end|p2a: Raging Bolt|Protosynthesis
|upkeep
|-enditem|p2a: Raging Bolt|Booster Energy
|-activate|p2a: Raging Bolt|ability: Protosynthesis|[fromitem]
|-start|p2a: Raging Bolt|protosynthesisspa
|turn|22
|
|t:|1779927447
|-end|p1a: Slither Wing|Protosynthesis|[silent]
|switch|p1a: Ninetales|Ninetales, M|60/100
|-weather|SunnyDay|[from] ability: Drought|[of] p1a: Ninetales
|move|p2a: Raging Bolt|Thunderbolt|p1a: Ninetales
|-damage|p1a: Ninetales|0 fnt
|faint|p1a: Ninetales
|
|-weather|SunnyDay|[upkeep]
|upkeep
|
|t:|1779927450
|switch|p1a: Great Tusk|Great Tusk|100/100
|-activate|p1a: Great Tusk|ability: Protosynthesis
|-start|p1a: Great Tusk|protosynthesisatk
|turn|23
|
|t:|1779927459
|-end|p2a: Raging Bolt|Protosynthesis|[silent]
|switch|p2a: Delphox|Delphox, M|100/100
|move|p1a: Great Tusk|Ice Spinner|p2a: Delphox
|-resisted|p2a: Delphox
|-damage|p2a: Delphox|73/100
|
|-weather|SunnyDay|[upkeep]
|upkeep
|turn|24
|
|t:|1779927471
|move|p2a: Delphox|Flamethrower|p1a: Great Tusk
|-damage|p1a: Great Tusk|0 fnt
|faint|p1a: Great Tusk
|-end|p1a: Great Tusk|Protosynthesis|[silent]
|
|-weather|SunnyDay|[upkeep]
|upkeep
|
|t:|1779927474
|switch|p1a: Walking Wake|Walking Wake|10/100
|-activate|p1a: Walking Wake|ability: Protosynthesis
|-start|p1a: Walking Wake|protosynthesisspe
|turn|25
|
|t:|1779927483
|move|p1a: Walking Wake|Hydro Steam|p2a: Delphox
|-supereffective|p2a: Delphox
|-damage|p2a: Delphox|0 fnt
|faint|p2a: Delphox
|
|-weather|SunnyDay|[upkeep]
|upkeep
|
|t:|1779927485
|switch|p2a: Raging Bolt|Raging Bolt, tera:Flying|44/100
|-activate|p2a: Raging Bolt|ability: Protosynthesis
|-start|p2a: Raging Bolt|protosynthesisspa
|turn|26
|
|t:|1779927487
|-end|p1a: Walking Wake|Protosynthesis|[silent]
|switch|p1a: Slither Wing|Slither Wing|22/100
|-activate|p1a: Slither Wing|ability: Protosynthesis
|-start|p1a: Slither Wing|protosynthesisatk
|move|p2a: Raging Bolt|Thunderclap||[still]
|-fail|p2a: Raging Bolt
|
|-weather|SunnyDay|[upkeep]
|upkeep
|turn|27
|
|t:|1779927494
|move|p1a: Slither Wing|Morning Sun|p1a: Slither Wing
|-heal|p1a: Slither Wing|89/100
|move|p2a: Raging Bolt|Thunderbolt|p1a: Slither Wing
|-damage|p1a: Slither Wing|32/100
|
|-weather|SunnyDay|[upkeep]
|upkeep
|turn|28
|
|t:|1779927512
|move|p1a: Slither Wing|U-turn|p2a: Raging Bolt
|-resisted|p2a: Raging Bolt
|-damage|p2a: Raging Bolt|26/100
|
|t:|1779927514
|-end|p1a: Slither Wing|Protosynthesis|[silent]
|switch|p1a: Walking Wake|Walking Wake|10/100|[from] U-turn
|-activate|p1a: Walking Wake|ability: Protosynthesis
|-start|p1a: Walking Wake|protosynthesisspe
|move|p2a: Raging Bolt|Thunderbolt|p1a: Walking Wake
|-damage|p1a: Walking Wake|0 fnt
|faint|p1a: Walking Wake
|-end|p1a: Walking Wake|Protosynthesis|[silent]
|
|-weather|SunnyDay|[upkeep]
|upkeep
|
|t:|1779927515
|switch|p1a: Slither Wing|Slither Wing|32/100
|-activate|p1a: Slither Wing|ability: Protosynthesis
|-start|p1a: Slither Wing|protosynthesisatk
|turn|29
|
|t:|1779927519
|move|p1a: Slither Wing|First Impression|p2a: Raging Bolt
|-resisted|p2a: Raging Bolt
|-damage|p2a: Raging Bolt|6/100
|move|p2a: Raging Bolt|Thunderbolt|p1a: Slither Wing
|-damage|p1a: Slither Wing|0 fnt
|faint|p1a: Slither Wing
|-end|p1a: Slither Wing|Protosynthesis|[silent]
|
|win|my 100lb pug
|raw|pigperfect9831's rating: 1594 &rarr; <strong>1573</strong><br />(-21 for losing)
|raw|my 100lb pug's rating: 1583 &rarr; <strong>1604</strong><br />(+21 for winning)
|c|☆pigperfect9831|gg
|c|☆my 100lb pug|gg
|l| FaronAan
