|j|☆choispecs ironmoth
|j|☆tokiwakano
|t:|1779949917
|gametype|singles
|player|p1|choispecs ironmoth|lucas|1561
|player|p2|tokiwakano|acetrainerf|1743
|gen|9
|tier|[Gen 9] OU
|rated|
|rule|HP Percentage Mod: HP is shown in percentages
|rule|Endless Battle Clause: Forcing endless battles is banned
|rule|Species Clause: Limit one of each Pokémon
|rule|OHKO Clause: OHKO moves are banned
|rule|Evasion Items Clause: Evasion items are banned
|rule|Evasion Moves Clause: Evasion moves are banned
|rule|Evasion Abilities Clause: Evasion abilities are banned
|rule|Sleep Moves Clause: Sleep-inducing moves are banned
|clearpoke
|poke|p1|Kyurem|
|poke|p1|Cinderace, F|
|poke|p1|Kingambit, M|
|poke|p1|Landorus-Therian, M|
|poke|p1|Iron Valiant|
|poke|p1|Slowking-Galar, F|
|poke|p2|Excadrill, F|
|poke|p2|Tyranitar, M|
|poke|p2|Enamorus, F|
|poke|p2|Hydrapple, F|
|poke|p2|Alomomola, F|
|poke|p2|Garganacl, M|
|teampreview
|inactive|Battle timer is ON: inactive players will automatically lose when time's up. (requested by choispecs ironmoth)
|inactive|tokiwakano also wants the timer to be on.
|
|t:|1779949924
|teamsize|p1|6
|teamsize|p2|6
|start
|switch|p1a: Slowking|Slowking-Galar, F|100/100
|switch|p2a: Enamorus|Enamorus, F|100/100
|turn|1
|
|t:|1779949927
|switch|p2a: Excadrill|Excadrill, F|100/100
|-prepare|p1a: Slowking|Chilly Reception|[premajor]
|move|p1a: Slowking|Chilly Reception|p1a: Slowking
|-weather|Snowscape
|
|t:|1779949932
|switch|p1a: Kyurem|Kyurem|100/100|[from] Chilly Reception
|-ability|p1a: Kyurem|Pressure
|
|-weather|Snowscape|[upkeep]
|upkeep
|turn|2
|
|t:|1779949935
|switch|p2a: Alomomola|Alomomola, F|100/100
|move|p1a: Kyurem|Blizzard|p2a: Alomomola
|-resisted|p2a: Alomomola
|-damage|p2a: Alomomola|85/100
|
|-weather|Snowscape|[upkeep]
|upkeep
|turn|3
|
|t:|1779949940
|move|p1a: Kyurem|Freeze-Dry|p2a: Alomomola
|-supereffective|p2a: Alomomola
|-damage|p2a: Alomomola|43/100
|move|p2a: Alomomola|Flip Turn|p1a: Kyurem
|-resisted|p1a: Kyurem
|-damage|p1a: Kyurem|97/100
|
|t:|1779949946
|switch|p2a: Tyranitar|Tyranitar, M|100/100|[from] Flip Turn
|-weather|Sandstorm|[from] ability: Sand Stream|[of] p2a: Tyranitar
|
|-weather|Sandstorm|[upkeep]
|-damage|p1a: Kyurem|91/100|[from] Sandstorm
|upkeep
|turn|4
|
|t:|1779949951
|move|p1a: Kyurem|Earth Power|p2a: Tyranitar
|-supereffective|p2a: Tyranitar
|-damage|p2a: Tyranitar|57/100
|move|p2a: Tyranitar|Stone Edge|p1a: Kyurem
|-supereffective|p1a: Kyurem
|-damage|p1a: Kyurem|0 fnt
|faint|p1a: Kyurem
|
|-weather|Sandstorm|[upkeep]
|upkeep
|
|t:|1779949957
|switch|p1a: Landorus|Landorus-Therian, M|100/100
|-ability|p1a: Landorus|Intimidate|boost
|-unboost|p2a: Tyranitar|atk|1
|turn|5
|
|t:|1779949963
|switch|p2a: Hydrapple|Hydrapple, F|100/100
|move|p1a: Landorus|U-turn|p2a: Hydrapple
|-supereffective|p2a: Hydrapple
|-damage|p2a: Hydrapple|77/100
|-damage|p1a: Landorus|84/100|[from] item: Rocky Helmet|[of] p2a: Hydrapple
|
|t:|1779949969
|switch|p1a: Slowking|Slowking-Galar, F|100/100|[from] U-turn
|
|-weather|Sandstorm|[upkeep]
|-damage|p2a: Hydrapple|71/100|[from] Sandstorm
|-damage|p1a: Slowking|94/100|[from] Sandstorm
|upkeep
|turn|6
|
|t:|1779949971
|switch|p2a: Excadrill|Excadrill, F|100/100
|-prepare|p1a: Slowking|Chilly Reception|[premajor]
|move|p1a: Slowking|Chilly Reception|p1a: Slowking
|-weather|Snowscape
|
|t:|1779949976
|switch|p1a: Cinderace|Cinderace, F|100/100|[from] Chilly Reception
|
|-weather|Snowscape|[upkeep]
|upkeep
|turn|7
|
|t:|1779949980
|switch|p2a: Alomomola|Alomomola, F|76/100
|move|p1a: Cinderace|High Jump Kick|p2a: Alomomola
|-start|p1a: Cinderace|typechange|Fighting|[from] ability: Libero
|-damage|p2a: Alomomola|33/100
|
|-weather|Snowscape|[upkeep]
|upkeep
|turn|8
|
|t:|1779949987
|switch|p2a: Hydrapple|Hydrapple, F|100/100
|move|p1a: Cinderace|U-turn|p2a: Hydrapple
|-supereffective|p2a: Hydrapple
|-damage|p2a: Hydrapple|76/100
|-damage|p1a: Cinderace|84/100|[from] item: Rocky Helmet|[of] p2a: Hydrapple
|
|t:|1779949995
|switch|p1a: Slowking|Slowking-Galar, F|100/100|[from] U-turn
|
|-weather|Snowscape|[upkeep]
|upkeep
|turn|9
|
|t:|1779949997
|switch|p2a: Alomomola|Alomomola, F|67/100
|move|p1a: Slowking|Thunder Wave|p2a: Alomomola
|-status|p2a: Alomomola|par
|
|-weather|Snowscape|[upkeep]
|upkeep
|turn|10
|
|t:|1779950002
|move|p2a: Alomomola|Flip Turn|p1a: Slowking
|-damage|p1a: Slowking|83/100
|
|t:|1779950009
|switch|p2a: Tyranitar|Tyranitar, M|57/100|[from] Flip Turn
|-weather|Sandstorm|[from] ability: Sand Stream|[of] p2a: Tyranitar
|move|p1a: Slowking|Psychic Noise|p2a: Tyranitar
|-immune|p2a: Tyranitar
|
|-weather|Sandstorm|[upkeep]
|-damage|p1a: Slowking|77/100|[from] Sandstorm
|upkeep
|turn|11
|
|t:|1779950015
|switch|p1a: Landorus|Landorus-Therian, M|84/100
|-ability|p1a: Landorus|Intimidate|boost
|-unboost|p2a: Tyranitar|atk|1
|move|p2a: Tyranitar|Knock Off|p1a: Landorus
|-damage|p1a: Landorus|33/100
|-damage|p2a: Tyranitar|40/100|[from] item: Rocky Helmet|[of] p1a: Landorus
|-enditem|p1a: Landorus|Rocky Helmet|[from] move: Knock Off|[of] p2a: Tyranitar
|
|-weather|Sandstorm|[upkeep]
|upkeep
|turn|12
|
|t:|1779950024
|switch|p2a: Hydrapple|Hydrapple, F|100/100
|move|p1a: Landorus|Earthquake|p2a: Hydrapple
|-resisted|p2a: Hydrapple
|-damage|p2a: Hydrapple|86/100
|
|-weather|Sandstorm|[upkeep]
|-damage|p2a: Hydrapple|80/100|[from] Sandstorm
|upkeep
|turn|13
|
|t:|1779950031
|switch|p1a: Slowking|Slowking-Galar, F|100/100
|move|p2a: Hydrapple|Fickle Beam|p1a: Slowking
|-crit|p1a: Slowking
|-damage|p1a: Slowking|69/100
|
|-weather|Sandstorm|[upkeep]
|-damage|p2a: Hydrapple|74/100|[from] Sandstorm
|-damage|p1a: Slowking|63/100|[from] Sandstorm
|upkeep
|turn|14
|
|t:|1779950035
|switch|p2a: Excadrill|Excadrill, F|100/100
|-prepare|p1a: Slowking|Chilly Reception|[premajor]
|move|p1a: Slowking|Chilly Reception|p1a: Slowking
|-weather|Snowscape
|
|t:|1779950038
|switch|p1a: Cinderace|Cinderace, F|84/100|[from] Chilly Reception
|
|-weather|Snowscape|[upkeep]
|upkeep
|turn|15
|
|t:|1779950047
|switch|p2a: Hydrapple|Hydrapple, F|100/100
|move|p1a: Cinderace|Pyro Ball|p2a: Hydrapple
|-damage|p2a: Hydrapple|68/100
|
|-weather|Snowscape|[upkeep]
|upkeep
|turn|16
|
|t:|1779950054
|switch|p1a: Slowking|Slowking-Galar, F|96/100
|switch|p2a: Alomomola|Alomomola, F|99/100 par
|
|-weather|Snowscape|[upkeep]
|upkeep
|turn|17
|
|t:|1779950059
|move|p2a: Alomomola|Scald|p1a: Slowking
|-damage|p1a: Slowking|88/100
|-prepare|p1a: Slowking|Chilly Reception|[premajor]
|move|p1a: Slowking|Chilly Reception|p1a: Slowking
|
|t:|1779950066
|switch|p1a: Landorus|Landorus-Therian, M|33/100|[from] Chilly Reception
|-ability|p1a: Landorus|Intimidate|boost
|-unboost|p2a: Alomomola|atk|1
|
|-weather|Snowscape|[upkeep]
|upkeep
|turn|18
|
|t:|1779950068
|move|p1a: Landorus|U-turn|p2a: Alomomola
|-damage|p2a: Alomomola|86/100 par
|
|t:|1779950070
|switch|p1a: Slowking|Slowking-Galar, F|100/100|[from] U-turn
|move|p2a: Alomomola|Scald|p1a: Slowking
|-damage|p1a: Slowking|93/100
|
|-weather|none
|upkeep
|turn|19
|
|t:|1779950077
|move|p2a: Alomomola|Scald|p1a: Slowking
|-damage|p1a: Slowking|85/100
|-prepare|p1a: Slowking|Chilly Reception|[premajor]
|move|p1a: Slowking|Chilly Reception|p1a: Slowking
|-weather|Snowscape
|
|t:|1779950083
|switch|p1a: Cinderace|Cinderace, F|84/100|[from] Chilly Reception
|
|-weather|Snowscape|[upkeep]
|upkeep
|turn|20
|
|t:|1779950087
|move|p1a: Cinderace|U-turn|p2a: Alomomola
|-start|p1a: Cinderace|typechange|Bug|[from] ability: Libero
|-damage|p2a: Alomomola|63/100 par
|
|t:|1779950090
|switch|p1a: Slowking|Slowking-Galar, F|100/100|[from] U-turn
|move|p2a: Alomomola|Scald|p1a: Slowking
|-damage|p1a: Slowking|93/100
|-status|p1a: Slowking|brn
|
|-weather|Snowscape|[upkeep]
|-damage|p1a: Slowking|87/100 brn|[from] brn
|upkeep
|turn|21
|
|t:|1779950098
|switch|p2a: Tyranitar|Tyranitar, M|40/100
|-weather|Sandstorm|[from] ability: Sand Stream|[of] p2a: Tyranitar
|move|p1a: Slowking|Sludge Bomb|p2a: Tyranitar
|-resisted|p2a: Tyranitar
|-damage|p2a: Tyranitar|30/100
|
|-weather|Sandstorm|[upkeep]
|-damage|p1a: Slowking|80/100 brn|[from] Sandstorm
|-damage|p1a: Slowking|74/100 brn|[from] brn
|upkeep
|turn|22
|
|t:|1779950108
|switch|p1a: Kingambit|Kingambit, M|100/100
|-activate|p1a: Kingambit|ability: Supreme Overlord
|-start|p1a: Kingambit|fallen1|[silent]
|move|p2a: Tyranitar|Knock Off|p1a: Kingambit
|-resisted|p1a: Kingambit
|-damage|p1a: Kingambit|67/100
|-enditem|p1a: Kingambit|Leftovers|[from] move: Knock Off|[of] p2a: Tyranitar
|
|-weather|Sandstorm|[upkeep]
|upkeep
|turn|23
|
|t:|1779950117
|switch|p2a: Hydrapple|Hydrapple, F|100/100
|move|p1a: Kingambit|Kowtow Cleave|p2a: Hydrapple
|-damage|p2a: Hydrapple|68/100
|-damage|p1a: Kingambit|50/100|[from] item: Rocky Helmet|[of] p2a: Hydrapple
|
|-weather|Sandstorm|[upkeep]
|-damage|p2a: Hydrapple|62/100|[from] Sandstorm
|upkeep
|turn|24
|
|t:|1779950123
|-end|p1a: Kingambit|fallen1|[silent]
|switch|p1a: Slowking|Slowking-Galar, F|100/100 brn
|move|p2a: Hydrapple|Earth Power|p1a: Slowking
|-supereffective|p1a: Slowking
|-damage|p1a: Slowking|71/100 brn
|
|-weather|Sandstorm|[upkeep]
|-damage|p2a: Hydrapple|56/100|[from] Sandstorm
|-damage|p1a: Slowking|65/100 brn|[from] Sandstorm
|-damage|p1a: Slowking|59/100 brn|[from] brn
|upkeep
|turn|25
|
|t:|1779950135
|switch|p2a: Garganacl|Garganacl, M|100/100
|-prepare|p1a: Slowking|Chilly Reception|[premajor]
|move|p1a: Slowking|Chilly Reception|p1a: Slowking
|-weather|Snowscape
|
|t:|1779950139
|switch|p1a: Kingambit|Kingambit, M|50/100|[from] Chilly Reception
|-activate|p1a: Kingambit|ability: Supreme Overlord
|-start|p1a: Kingambit|fallen1|[silent]
|
|-weather|Snowscape|[upkeep]
|upkeep
|turn|26
|
|t:|1779950141
|move|p1a: Kingambit|Low Kick|p2a: Garganacl
|-supereffective|p2a: Garganacl
|-crit|p2a: Garganacl
|-damage|p2a: Garganacl|1/100
|move|p2a: Garganacl|Salt Cure|p1a: Kingambit
|-resisted|p1a: Kingambit
|-damage|p1a: Kingambit|45/100
|-start|p1a: Kingambit|Salt Cure
|
|-weather|Snowscape|[upkeep]
|-heal|p2a: Garganacl|7/100|[from] item: Leftovers
|-damage|p1a: Kingambit|20/100|[from] Salt Cure
|upkeep
|turn|27
|
|t:|1779950146
|-end|p1a: Kingambit|fallen1|[silent]
|switch|p1a: Cinderace|Cinderace, F|84/100
|move|p2a: Garganacl|Recover|p2a: Garganacl
|-heal|p2a: Garganacl|57/100
|
|-weather|Snowscape|[upkeep]
|-heal|p2a: Garganacl|63/100|[from] item: Leftovers
|upkeep
|turn|28
|
|t:|1779950152
|move|p2a: Garganacl|Protect|p2a: Garganacl
|-singleturn|p2a: Garganacl|Protect
|move|p1a: Cinderace|High Jump Kick|p2a: Garganacl
|-start|p1a: Cinderace|typechange|Fighting|[from] ability: Libero
|-activate|p2a: Garganacl|move: Protect
|-damage|p1a: Cinderace|34/100|[from] highjumpkick
|
|-weather|Snowscape|[upkeep]
|-heal|p2a: Garganacl|69/100|[from] item: Leftovers
|upkeep
|turn|29
|
|t:|1779950158
|switch|p2a: Hydrapple|Hydrapple, F|90/100
|move|p1a: Cinderace|U-turn|p2a: Hydrapple
|-supereffective|p2a: Hydrapple
|-damage|p2a: Hydrapple|65/100
|-damage|p1a: Cinderace|17/100|[from] item: Rocky Helmet|[of] p2a: Hydrapple
|
|t:|1779950162
|switch|p1a: Iron Valiant|Iron Valiant|100/100|[from] U-turn
|-enditem|p1a: Iron Valiant|Booster Energy
|-activate|p1a: Iron Valiant|ability: Quark Drive|[fromitem]
|-start|p1a: Iron Valiant|quarkdrivespe
|
|-weather|none
|upkeep
|turn|30
|
|t:|1779950176
|switch|p2a: Alomomola|Alomomola, F|97/100 par
|move|p1a: Iron Valiant|Moonblast|p2a: Alomomola
|-damage|p2a: Alomomola|69/100 par
|
|upkeep
|turn|31
|
|t:|1779950182
|move|p1a: Iron Valiant|Calm Mind|p1a: Iron Valiant
|-boost|p1a: Iron Valiant|spa|1
|-boost|p1a: Iron Valiant|spd|1
|move|p2a: Alomomola|Flip Turn|p1a: Iron Valiant
|-damage|p1a: Iron Valiant|78/100
|
|t:|1779950188
|switch|p2a: Tyranitar|Tyranitar, M|30/100|[from] Flip Turn
|-weather|Sandstorm|[from] ability: Sand Stream|[of] p2a: Tyranitar
|
|-weather|Sandstorm|[upkeep]
|-damage|p1a: Iron Valiant|71/100|[from] Sandstorm
|upkeep
|turn|32
|
|t:|1779950193
|move|p1a: Iron Valiant|Moonblast|p2a: Tyranitar
|-supereffective|p2a: Tyranitar
|-damage|p2a: Tyranitar|0 fnt
|faint|p2a: Tyranitar
|
|-weather|Sandstorm|[upkeep]
|-damage|p1a: Iron Valiant|65/100|[from] Sandstorm
|upkeep
|
|t:|1779950195
|switch|p2a: Excadrill|Excadrill, F|100/100
|turn|33
|
|t:|1779950198
|-end|p1a: Iron Valiant|Quark Drive|[silent]
|switch|p1a: Landorus|Landorus-Therian, M|33/100
|-ability|p1a: Landorus|Intimidate|boost
|-unboost|p2a: Excadrill|atk|1
|move|p2a: Excadrill|Substitute|p2a: Excadrill
|-start|p2a: Excadrill|Substitute
|-damage|p2a: Excadrill|76/100
|
|-weather|Sandstorm|[upkeep]
|-heal|p2a: Excadrill|82/100|[from] item: Leftovers
|upkeep
|turn|34
|
|t:|1779950204
|move|p2a: Excadrill|Iron Head|p1a: Landorus
|-damage|p1a: Landorus|6/100
|cant|p1a: Landorus|flinch
|
|-weather|Sandstorm|[upkeep]
|-heal|p2a: Excadrill|88/100|[from] item: Leftovers
|upkeep
|turn|35
|
|t:|1779950210
|move|p2a: Excadrill|Rapid Spin|p1a: Landorus
|-damage|p1a: Landorus|0 fnt
|-boost|p2a: Excadrill|spe|1
|faint|p1a: Landorus
|
|-weather|none
|-heal|p2a: Excadrill|94/100|[from] item: Leftovers
|upkeep
|-message|choispecs ironmoth forfeited.
|
|win|tokiwakano
|raw|choispecs ironmoth's rating: 1561 &rarr; <strong>1551</strong><br />(-10 for losing)
|raw|tokiwakano's rating: 1743 &rarr; <strong>1753</strong><br />(+10 for winning)
|l|☆choispecs ironmoth
|player|p1|
