|j|☆ScolipedeIsGreat
|j|☆alpalmaster
|t:|1779943569
|gametype|singles
|player|p1|ScolipedeIsGreat|dragontamer|1301
|player|p2|alpalmaster|roughneck-gen4|1352
|gen|9
|tier|[Gen 9] OU
|rated|
|rule|HP Percentage Mod: HP is shown in percentages
|rule|Endless Battle Clause: Forcing endless battles is banned
|rule|Species Clause: Limit one of each Pokémon
|rule|OHKO Clause: OHKO moves are banned
|rule|Evasion Items Clause: Evasion items are banned
|rule|Evasion Moves Clause: Evasion moves are banned
|rule|Evasion Abilities Clause: Evasion abilities are banned
|rule|Sleep Moves Clause: Sleep-inducing moves are banned
|clearpoke
|poke|p1|Dragapult, M|
|poke|p1|Rotom-Wash|
|poke|p1|Ursaluna, F|
|poke|p1|Great Tusk|
|poke|p1|Iron Moth|
|poke|p1|Moltres-Galar|
|poke|p2|Clodsire, F|
|poke|p2|Moltres|
|poke|p2|Landorus-Therian, M|
|poke|p2|Kyurem|
|poke|p2|Garchomp, F|
|poke|p2|Clefable, M|
|teampreview
|inactive|Battle timer is ON: inactive players will automatically lose when time's up. (requested by alpalmaster)
|inactive|ScolipedeIsGreat also wants the timer to be on.
|
|t:|1779943580
|teamsize|p1|6
|teamsize|p2|6
|start
|switch|p1a: Great Tusk|Great Tusk|100/100
|switch|p2a: blub blub💀💀|Kyurem|100/100
|-ability|p2a: blub blub💀💀|Pressure
|turn|1
|
|t:|1779943585
|move|p1a: Great Tusk|Brick Break|p2a: blub blub💀💀
|-supereffective|p2a: blub blub💀💀
|-damage|p2a: blub blub💀💀|25/100
|move|p2a: blub blub💀💀|Freeze-Dry|p1a: Great Tusk
|-supereffective|p1a: Great Tusk
|-damage|p1a: Great Tusk|0 fnt
|faint|p1a: Great Tusk
|-end|p1a: Great Tusk|Protosynthesis|[silent]
|
|upkeep
|
|t:|1779943592
|switch|p1a: Sol|Iron Moth|100/100
|-enditem|p1a: Sol|Booster Energy
|-activate|p1a: Sol|ability: Quark Drive|[fromitem]
|-start|p1a: Sol|quarkdrivespe
|turn|2
|
|t:|1779943600
|switch|p2a: plomp🗣🗣|Garchomp, F|100/100
|move|p1a: Sol|Fiery Dance|p2a: plomp🗣🗣
|-resisted|p2a: plomp🗣🗣
|-damage|p2a: plomp🗣🗣|77/100
|-boost|p1a: Sol|spa|1
|
|upkeep
|turn|3
|
|t:|1779943618
|-terastallize|p1a: Sol|Grass
|move|p1a: Sol|Energy Ball|p2a: plomp🗣🗣
|-damage|p2a: plomp🗣🗣|0 fnt
|faint|p2a: plomp🗣🗣
|
|upkeep
|
|t:|1779943625
|switch|p2a: gluub😭😭😭|Clodsire, F|100/100
|turn|4
|
|t:|1779943642
|-end|p1a: Sol|Quark Drive|[silent]
|switch|p1a: Luna|Ursaluna, F|100/100
|move|p2a: gluub😭😭😭|Toxic|p1a: Luna
|-status|p1a: Luna|tox
|
|-damage|p1a: Luna|94/100 tox|[from] psn
|upkeep
|turn|5
|
|t:|1779943647
|switch|p2a: ploof🥀🥀|Landorus-Therian, M|100/100
|-ability|p2a: ploof🥀🥀|Intimidate|boost
|-unboost|p1a: Luna|atk|1
|move|p1a: Luna|Facade|p2a: ploof🥀🥀
|-damage|p2a: ploof🥀🥀|0 fnt
|faint|p2a: ploof🥀🥀
|
|-damage|p1a: Luna|82/100 tox|[from] psn
|upkeep
|
|t:|1779943656
|switch|p2a: blub blub💀💀|Kyurem|25/100
|-ability|p2a: blub blub💀💀|Pressure
|turn|6
|
|t:|1779943668
|switch|p1a: Rotom|Rotom-Wash|100/100
|move|p2a: blub blub💀💀|Freeze-Dry|p1a: Rotom
|-supereffective|p1a: Rotom
|-damage|p1a: Rotom|0 fnt
|faint|p1a: Rotom
|
|upkeep
|
|t:|1779943671
|switch|p1a: Luna|Ursaluna, F|82/100 tox
|turn|7
|
|t:|1779943677
|move|p2a: blub blub💀💀|Freeze-Dry|p1a: Luna
|-supereffective|p1a: Luna
|-damage|p1a: Luna|0 fnt
|faint|p1a: Luna
|
|upkeep
|
|t:|1779943682
|switch|p1a: Sol|Iron Moth, tera:Grass|100/100
|turn|8
|
|t:|1779943687
|move|p1a: Sol|Fiery Dance|p2a: blub blub💀💀
|-damage|p2a: blub blub💀💀|0 fnt
|-boost|p1a: Sol|spa|1
|faint|p2a: blub blub💀💀
|
|upkeep
|
|t:|1779943691
|switch|p2a: gluub😭😭😭|Clodsire, F|100/100
|turn|9
|
|t:|1779943695
|move|p1a: Sol|Energy Ball|p2a: gluub😭😭😭
|-damage|p2a: gluub😭😭😭|50/100
|move|p2a: gluub😭😭😭|Toxic|p1a: Sol
|-status|p1a: Sol|tox
|
|-heal|p2a: gluub😭😭😭|56/100|[from] item: Leftovers
|-damage|p1a: Sol|94/100 tox|[from] psn
|upkeep
|turn|10
|
|t:|1779943701
|move|p1a: Sol|Energy Ball|p2a: gluub😭😭😭
|-damage|p2a: gluub😭😭😭|3/100
|move|p2a: gluub😭😭😭|Recover|p2a: gluub😭😭😭
|-heal|p2a: gluub😭😭😭|53/100
|
|-heal|p2a: gluub😭😭😭|59/100|[from] item: Leftovers
|-damage|p1a: Sol|82/100 tox|[from] psn
|upkeep
|turn|11
|
|t:|1779943707
|move|p1a: Sol|Energy Ball|p2a: gluub😭😭😭
|-damage|p2a: gluub😭😭😭|5/100
|move|p2a: gluub😭😭😭|Recover|p2a: gluub😭😭😭
|-heal|p2a: gluub😭😭😭|55/100
|
|-heal|p2a: gluub😭😭😭|61/100|[from] item: Leftovers
|-damage|p1a: Sol|64/100 tox|[from] psn
|upkeep
|turn|12
|
|t:|1779943712
|move|p1a: Sol|Fiery Dance|p2a: gluub😭😭😭
|-damage|p2a: gluub😭😭😭|19/100
|move|p2a: gluub😭😭😭|Recover|p2a: gluub😭😭😭
|-heal|p2a: gluub😭😭😭|69/100
|
|-heal|p2a: gluub😭😭😭|75/100|[from] item: Leftovers
|-damage|p1a: Sol|39/100 tox|[from] psn
|upkeep
|turn|13
|
|t:|1779943718
|move|p1a: Sol|Fiery Dance|p2a: gluub😭😭😭
|-damage|p2a: gluub😭😭😭|32/100
|-boost|p1a: Sol|spa|1
|move|p2a: gluub😭😭😭|Recover|p2a: gluub😭😭😭
|-heal|p2a: gluub😭😭😭|82/100
|
|-heal|p2a: gluub😭😭😭|89/100|[from] item: Leftovers
|-damage|p1a: Sol|8/100 tox|[from] psn
|upkeep
|turn|14
|
|t:|1779943727
|move|p1a: Sol|Energy Ball|p2a: gluub😭😭😭
|-damage|p2a: gluub😭😭😭|25/100
|move|p2a: gluub😭😭😭|Spikes|p1a: Sol
|-sidestart|p1: ScolipedeIsGreat|Spikes
|
|-heal|p2a: gluub😭😭😭|31/100|[from] item: Leftovers
|-damage|p1a: Sol|0 fnt|[from] psn
|faint|p1a: Sol
|-end|p1a: Sol|Quark Drive|[silent]
|upkeep
|
|t:|1779943731
|switch|p1a: Freak Emote|Moltres-Galar|100/100
|turn|15
|
|t:|1779943734
|move|p1a: Freak Emote|Fiery Wrath|p2a: gluub😭😭😭
|-crit|p2a: gluub😭😭😭
|-damage|p2a: gluub😭😭😭|0 fnt
|faint|p2a: gluub😭😭😭
|
|upkeep
|
|t:|1779943737
|switch|p2a: slub🐐🐐|Clefable, M|100/100
|turn|16
|
|t:|1779943759
|move|p1a: Freak Emote|Air Slash|p2a: slub🐐🐐
|-damage|p2a: slub🐐🐐|65/100
|move|p2a: slub🐐🐐|Moonblast|p1a: Freak Emote
|-supereffective|p1a: Freak Emote
|-damage|p1a: Freak Emote|44/100
|-ability|p1a: Freak Emote|Berserk|boost
|-boost|p1a: Freak Emote|spa|1
|-enditem|p1a: Freak Emote|Sitrus Berry|[eat]
|-heal|p1a: Freak Emote|69/100|[from] item: Sitrus Berry
|
|-heal|p2a: slub🐐🐐|71/100|[from] item: Leftovers
|upkeep
|turn|17
|
|t:|1779943775
|move|p1a: Freak Emote|Air Slash|p2a: slub🐐🐐
|-damage|p2a: slub🐐🐐|23/100
|move|p2a: slub🐐🐐|Moonblast|p1a: Freak Emote
|-supereffective|p1a: Freak Emote
|-damage|p1a: Freak Emote|19/100
|-ability|p1a: Freak Emote|Berserk|boost
|-boost|p1a: Freak Emote|spa|1
|
|-heal|p2a: slub🐐🐐|29/100|[from] item: Leftovers
|upkeep
|turn|18
|
|t:|1779943787
|move|p1a: Freak Emote|Air Slash|p2a: slub🐐🐐
|-damage|p2a: slub🐐🐐|0 fnt
|faint|p2a: slub🐐🐐
|
|upkeep
|
|t:|1779943789
|switch|p2a: bloop🙏🙏|Moltres|100/100
|turn|19
|
|t:|1779943791
|move|p1a: Freak Emote|Ancient Power|p2a: bloop🙏🙏
|-supereffective|p2a: bloop🙏🙏
|-crit|p2a: bloop🙏🙏
|-damage|p2a: bloop🙏🙏|0 fnt
|faint|p2a: bloop🙏🙏
|
|win|ScolipedeIsGreat
|raw|ScolipedeIsGreat's rating: 1301 &rarr; <strong>1324</strong><br />(+23 for winning)
|raw|alpalmaster's rating: 1352 &rarr; <strong>1329</strong><br />(-23 for losing)
|l|☆alpalmaster
|player|p2|
|l|☆ScolipedeIsGreat
|player|p1|
