|j|☆TheManOfSausage
|j|☆Verbalseduction
|t:|1779864173
|gametype|singles
|player|p1|TheManOfSausage|miku-water|1497
|player|p2|Verbalseduction|170|1483
|gen|9
|tier|[Gen 9] OU
|rated|
|rule|HP Percentage Mod: HP is shown in percentages
|rule|Endless Battle Clause: Forcing endless battles is banned
|rule|Species Clause: Limit one of each Pokémon
|rule|OHKO Clause: OHKO moves are banned
|rule|Evasion Items Clause: Evasion items are banned
|rule|Evasion Moves Clause: Evasion moves are banned
|rule|Evasion Abilities Clause: Evasion abilities are banned
|rule|Sleep Moves Clause: Sleep-inducing moves are banned
|clearpoke
|poke|p1|Ogerpon-Wellspring, F|
|poke|p1|Ceruledge, M|
|poke|p1|Great Tusk|
|poke|p1|Gholdengo|
|poke|p1|Darkrai|
|poke|p1|Ribombee, M|
|poke|p2|Regieleki|
|poke|p2|Ting-Lu|
|poke|p2|Kyurem|
|poke|p2|Kingambit, F|
|poke|p2|Garganacl, F|
|poke|p2|Moltres|
|teampreview
|
|t:|1779864194
|teamsize|p1|6
|teamsize|p2|6
|start
|switch|p1a: Ribombee|Ribombee, M|100/100
|switch|p2a: Regieleki|Regieleki|100/100
|turn|1
|
|t:|1779864202
|move|p2a: Regieleki|Thunderbolt|p1a: Ribombee
|-damage|p1a: Ribombee|13/100
|move|p1a: Ribombee|Sticky Web|p2a: Regieleki
|-sidestart|p2: Verbalseduction|move: Sticky Web
|
|upkeep
|turn|2
|
|t:|1779864207
|switch|p1a: Great Tusk|Great Tusk|100/100
|-enditem|p1a: Great Tusk|Booster Energy
|-activate|p1a: Great Tusk|ability: Protosynthesis|[fromitem]
|-start|p1a: Great Tusk|protosynthesisatk
|move|p2a: Regieleki|Swift|p1a: Great Tusk
|-damage|p1a: Great Tusk|73/100
|
|upkeep
|turn|3
|
|t:|1779864224
|switch|p2a: Moltres|Moltres|100/100
|move|p1a: Great Tusk|Ice Spinner|p2a: Moltres
|-damage|p2a: Moltres|74/100
|
|upkeep
|turn|4
|
|t:|1779864229
|move|p1a: Great Tusk|Ice Spinner|p2a: Moltres
|-damage|p2a: Moltres|47/100
|move|p2a: Moltres|U-turn|p1a: Great Tusk
|-resisted|p1a: Great Tusk
|-damage|p1a: Great Tusk|67/100
|
|t:|1779864237
|switch|p2a: Kyurem|Kyurem|100/100|[from] U-turn
|-ability|p2a: Kyurem|Pressure
|
|upkeep
|turn|5
|
|t:|1779864240
|move|p2a: Kyurem|Ice Beam|p1a: Great Tusk
|-supereffective|p1a: Great Tusk
|-damage|p1a: Great Tusk|0 fnt
|faint|p1a: Great Tusk
|-end|p1a: Great Tusk|Protosynthesis|[silent]
|
|upkeep
|
|t:|1779864253
|switch|p1a: Ceruledge|Ceruledge, M|100/100
|turn|6
|
|t:|1779864261
|switch|p1a: Gholdengo|Gholdengo|100/100
|-item|p1a: Gholdengo|Air Balloon
|move|p2a: Kyurem|Earth Power|p1a: Gholdengo
|-immune|p1a: Gholdengo
|
|upkeep
|turn|7
|
|t:|1779864269
|switch|p2a: Ting-Lu|Ting-Lu|100/100
|-activate|p2a: Ting-Lu|move: Sticky Web
|-unboost|p2a: Ting-Lu|spe|1
|-ability|p2a: Ting-Lu|Vessel of Ruin
|move|p1a: Gholdengo|Make It Rain|p2a: Ting-Lu
|-damage|p2a: Ting-Lu|56/100
|-unboost|p1a: Gholdengo|spa|1
|
|upkeep
|turn|8
|
|t:|1779864277
|switch|p1a: Darkrai|Darkrai|100/100
|move|p2a: Ting-Lu|Stealth Rock|p1a: Darkrai
|-sidestart|p1: TheManOfSausage|move: Stealth Rock
|
|upkeep
|turn|9
|
|t:|1779864280
|move|p1a: Darkrai|Ice Beam|p2a: Ting-Lu
|-supereffective|p2a: Ting-Lu
|-damage|p2a: Ting-Lu|0 fnt
|faint|p2a: Ting-Lu
|
|upkeep
|
|t:|1779864288
|switch|p2a: Moltres|Moltres|47/100
|turn|10
|
|t:|1779864290
|move|p1a: Darkrai|Ice Beam|p2a: Moltres
|-damage|p2a: Moltres|2/100
|move|p2a: Moltres|Roost|p2a: Moltres
|-heal|p2a: Moltres|52/100
|-singleturn|p2a: Moltres|move: Roost
|
|upkeep
|turn|11
|
|t:|1779864299
|move|p1a: Darkrai|Ice Beam|p2a: Moltres
|-damage|p2a: Moltres|3/100
|move|p2a: Moltres|Roost|p2a: Moltres
|-heal|p2a: Moltres|53/100
|-singleturn|p2a: Moltres|move: Roost
|
|upkeep
|turn|12
|
|t:|1779864306
|switch|p2a: Garganacl|Garganacl, F|100/100
|move|p1a: Darkrai|Ice Beam|p2a: Garganacl
|-damage|p2a: Garganacl|63/100
|
|upkeep
|turn|13
|
|t:|1779864313
|switch|p1a: Ogerpon|Ogerpon-Wellspring, F|100/100
|-damage|p1a: Ogerpon|88/100|[from] Stealth Rock
|move|p2a: Garganacl|Recover|p2a: Garganacl
|-heal|p2a: Garganacl|100/100
|
|upkeep
|turn|14
|
|t:|1779864324
|switch|p2a: Kingambit|Kingambit, F|100/100
|-activate|p2a: Kingambit|ability: Supreme Overlord
|-start|p2a: Kingambit|fallen1|[silent]
|move|p1a: Ogerpon|Ivy Cudgel|p2a: Kingambit|[anim] Ivy Cudgel Water
|-damage|p2a: Kingambit|55/100
|
|upkeep
|turn|15
|
|t:|1779864336
|move|p1a: Ogerpon|Ivy Cudgel|p2a: Kingambit|[anim] Ivy Cudgel Water
|-damage|p2a: Kingambit|15/100
|move|p2a: Kingambit|Kowtow Cleave|p1a: Ogerpon
|-damage|p1a: Ogerpon|17/100
|
|upkeep
|turn|16
|
|t:|1779864346
|switch|p1a: Gholdengo|Gholdengo|100/100
|-damage|p1a: Gholdengo|94/100|[from] Stealth Rock
|-item|p1a: Gholdengo|Air Balloon
|move|p2a: Kingambit|Sucker Punch||[still]
|-fail|p2a: Kingambit
|
|upkeep
|turn|17
|
|t:|1779864361
|move|p2a: Kingambit|Sucker Punch||[still]
|-fail|p2a: Kingambit
|move|p1a: Gholdengo|Nasty Plot|p1a: Gholdengo
|-boost|p1a: Gholdengo|spa|2
|
|upkeep
|turn|18
|
|t:|1779864368
|-terastallize|p1a: Gholdengo|Fairy
|move|p2a: Kingambit|Sucker Punch|p1a: Gholdengo
|-resisted|p1a: Gholdengo
|-damage|p1a: Gholdengo|69/100
|-enditem|p1a: Gholdengo|Air Balloon
|move|p1a: Gholdengo|Shadow Ball|p2a: Kingambit
|-resisted|p2a: Kingambit
|-damage|p2a: Kingambit|0 fnt
|faint|p2a: Kingambit
|-end|p2a: Kingambit|fallen1|[silent]
|
|upkeep
|
|t:|1779864378
|switch|p2a: Regieleki|Regieleki|100/100
|turn|19
|
|t:|1779864382
|move|p2a: Regieleki|Volt Switch|p1a: Gholdengo
|-damage|p1a: Gholdengo|25/100
|
|t:|1779864404
|switch|p2a: Moltres|Moltres|53/100|[from] Volt Switch
|move|p1a: Gholdengo|Shadow Ball|p2a: Moltres
|-damage|p2a: Moltres|0 fnt
|faint|p2a: Moltres
|
|upkeep
|
|t:|1779864407
|switch|p2a: Regieleki|Regieleki|100/100
|turn|20
|
|t:|1779864413
|switch|p1a: Ribombee|Ribombee, M|13/100
|-damage|p1a: Ribombee|0 fnt|[from] Stealth Rock
|faint|p1a: Ribombee
|move|p2a: Regieleki|Thunderbolt|p1: Ribombee|[notarget]
|-fail|p2a: Regieleki
|
|upkeep
|
|t:|1779864421
|switch|p1a: Darkrai|Darkrai|100/100
|-damage|p1a: Darkrai|88/100|[from] Stealth Rock
|turn|21
|
|t:|1779864426
|move|p2a: Regieleki|Volt Switch|p1a: Darkrai
|-damage|p1a: Darkrai|39/100
|
|t:|1779864434
|switch|p2a: Kyurem|Kyurem|100/100|[from] Volt Switch
|-ability|p2a: Kyurem|Pressure
|move|p1a: Darkrai|Dark Pulse|p2a: Kyurem
|-damage|p2a: Kyurem|43/100
|
|upkeep
|turn|22
|
|t:|1779864440
|move|p1a: Darkrai|Dark Pulse|p2a: Kyurem
|-damage|p2a: Kyurem|0 fnt
|faint|p2a: Kyurem
|
|upkeep
|
|t:|1779864441
|switch|p2a: Regieleki|Regieleki|100/100
|turn|23
|
|t:|1779864449
|switch|p1a: Ceruledge|Ceruledge, M|100/100
|-damage|p1a: Ceruledge|76/100|[from] Stealth Rock
|move|p2a: Regieleki|Thunderbolt|p1a: Ceruledge
|-damage|p1a: Ceruledge|15/100
|
|upkeep
|turn|24
|
|t:|1779864453
|move|p1a: Ceruledge|Shadow Sneak|p2a: Regieleki
|-damage|p2a: Regieleki|58/100
|move|p2a: Regieleki|Thunderbolt|p1a: Ceruledge
|-damage|p1a: Ceruledge|0 fnt
|faint|p1a: Ceruledge
|
|upkeep
|c|☆TheManOfSausage|gg
|-message|TheManOfSausage forfeited.
|
|win|Verbalseduction
|raw|TheManOfSausage's rating: 1497 &rarr; <strong>1476</strong><br />(-21 for losing)
|raw|Verbalseduction's rating: 1483 &rarr; <strong>1504</strong><br />(+21 for winning)
|l|☆TheManOfSausage
|player|p1|
|l|☆Verbalseduction
|player|p2|
