|j|☆Miurez
|j|☆portobellomushroom
|t:|1779945925
|gametype|singles
|player|p1|Miurez|pokemonranger-gen4|1620
|player|p2|portobellomushroom|turo-ai|1775
|gen|9
|tier|[Gen 9] OU
|rated|
|rule|HP Percentage Mod: HP is shown in percentages
|rule|Endless Battle Clause: Forcing endless battles is banned
|rule|Species Clause: Limit one of each Pokémon
|rule|OHKO Clause: OHKO moves are banned
|rule|Evasion Items Clause: Evasion items are banned
|rule|Evasion Moves Clause: Evasion moves are banned
|rule|Evasion Abilities Clause: Evasion abilities are banned
|rule|Sleep Moves Clause: Sleep-inducing moves are banned
|clearpoke
|poke|p1|Deoxys-Speed|
|poke|p1|Ceruledge, M|
|poke|p1|Zamazenta-*|
|poke|p1|Ogerpon-Wellspring, F|
|poke|p1|Glimmora, M|
|poke|p1|Hatterene, F|
|poke|p2|Glimmora, F|
|poke|p2|Polteageist|
|poke|p2|Deoxys-Speed|
|poke|p2|Great Tusk|
|poke|p2|Dragonite, F|
|poke|p2|Iron Valiant|
|teampreview
|inactive|Battle timer is ON: inactive players will automatically lose when time's up. (requested by portobellomushroom)
|
|t:|1779945945
|teamsize|p1|6
|teamsize|p2|6
|start
|switch|p1a: Deoxys|Deoxys-Speed|100/100
|switch|p2a: glim glam|Glimmora, F|100/100
|-ability|p1a: Deoxys|Pressure
|turn|1
|
|t:|1779945950
|move|p1a: Deoxys|Psycho Boost|p2a: glim glam
|-supereffective|p2a: glim glam
|-enditem|p2a: glim glam|Focus Sash
|-damage|p2a: glim glam|1/100
|-unboost|p1a: Deoxys|spa|2
|move|p2a: glim glam|Mortal Spin|p1a: Deoxys
|-damage|p1a: Deoxys|94/100
|-status|p1a: Deoxys|psn
|
|-damage|p1a: Deoxys|81/100 psn|[from] psn
|upkeep
|turn|2
|
|t:|1779945958
|move|p1a: Deoxys|Psycho Boost|p2a: glim glam
|-supereffective|p2a: glim glam
|-damage|p2a: glim glam|0 fnt
|-unboost|p1a: Deoxys|spa|2
|faint|p2a: glim glam
|
|-damage|p1a: Deoxys|69/100 psn|[from] psn
|upkeep
|
|t:|1779945972
|switch|p2a: which set?|Iron Valiant|100/100
|-enditem|p2a: which set?|Booster Energy
|-activate|p2a: which set?|ability: Quark Drive|[fromitem]
|-start|p2a: which set?|quarkdrivespe
|turn|3
|
|t:|1779945976
|move|p2a: which set?|Knock Off|p1a: Deoxys
|-supereffective|p1a: Deoxys
|-damage|p1a: Deoxys|0 fnt
|-enditem|p1a: Deoxys|Light Clay|[from] move: Knock Off|[of] p2a: which set?
|faint|p1a: Deoxys
|
|upkeep
|
|t:|1779945990
|switch|p1a: Hatterene|Hatterene, F|100/100
|turn|4
|
|t:|1779945994
|move|p2a: which set?|Spirit Break|p1a: Hatterene
|-damage|p1a: Hatterene|70/100
|-unboost|p1a: Hatterene|spa|1
|move|p1a: Hatterene|Calm Mind|p1a: Hatterene
|-boost|p1a: Hatterene|spa|1
|-boost|p1a: Hatterene|spd|1
|
|-heal|p1a: Hatterene|76/100|[from] item: Leftovers
|upkeep
|turn|5
|
|t:|1779946006
|move|p2a: which set?|Knock Off|p1a: Hatterene
|-damage|p1a: Hatterene|50/100
|-enditem|p1a: Hatterene|Leftovers|[from] move: Knock Off|[of] p2a: which set?
|move|p1a: Hatterene|Calm Mind|p1a: Hatterene
|-boost|p1a: Hatterene|spa|1
|-boost|p1a: Hatterene|spd|1
|
|upkeep
|turn|6
|
|t:|1779946009
|move|p2a: which set?|Spirit Break|p1a: Hatterene
|-damage|p1a: Hatterene|17/100
|-unboost|p1a: Hatterene|spa|1
|move|p1a: Hatterene|Draining Kiss|p2a: which set?
|-supereffective|p2a: which set?
|-damage|p2a: which set?|20/100
|-heal|p1a: Hatterene|73/100|[from] drain|[of] p2a: which set?
|
|upkeep
|turn|7
|
|t:|1779946021
|move|p2a: which set?|Spirit Break|p1a: Hatterene
|-damage|p1a: Hatterene|42/100
|-unboost|p1a: Hatterene|spa|1
|move|p1a: Hatterene|Draining Kiss|p2a: which set?
|-supereffective|p2a: which set?
|-damage|p2a: which set?|0 fnt
|-heal|p1a: Hatterene|55/100|[from] drain|[of] p2a: which set?
|faint|p2a: which set?
|-end|p2a: which set?|Quark Drive|[silent]
|
|upkeep
|
|t:|1779946030
|switch|p2a: drank|Polteageist|100/100
|turn|8
|
|t:|1779946040
|move|p2a: drank|Shell Smash|p2a: drank
|-unboost|p2a: drank|def|1
|-unboost|p2a: drank|spd|1
|-boost|p2a: drank|atk|2
|-boost|p2a: drank|spa|2
|-boost|p2a: drank|spe|2
|move|p1a: Hatterene|Nuzzle|p2a: drank
|-damage|p2a: drank|87/100
|-status|p2a: drank|par
|-ability|p2a: drank|Weak Armor|boost
|-unboost|p2a: drank|def|1
|-boost|p2a: drank|spe|2
|
|upkeep
|turn|9
|
|t:|1779946046
|move|p2a: drank|Shadow Ball|p1a: Hatterene
|-supereffective|p1a: Hatterene
|-damage|p1a: Hatterene|0 fnt
|faint|p1a: Hatterene
|
|upkeep
|
|t:|1779946059
|switch|p1a: Zamazenta|Zamazenta|100/100
|-ability|p1a: Zamazenta|Dauntless Shield|boost
|-boost|p1a: Zamazenta|def|1
|turn|10
|
|t:|1779946065
|move|p1a: Zamazenta|Crunch|p2a: drank
|-supereffective|p2a: drank
|-damage|p2a: drank|0 fnt
|faint|p2a: drank
|
|upkeep
|
|t:|1779946070
|switch|p2a: great donphan|Great Tusk|100/100
|-enditem|p2a: great donphan|Booster Energy
|-activate|p2a: great donphan|ability: Protosynthesis|[fromitem]
|-start|p2a: great donphan|protosynthesisspe
|turn|11
|
|t:|1779946073
|move|p2a: great donphan|Bulk Up|p2a: great donphan
|-boost|p2a: great donphan|atk|1
|-boost|p2a: great donphan|def|1
|move|p1a: Zamazenta|Roar|p2a: great donphan
|-end|p2a: great donphan|Protosynthesis|[silent]
|drag|p2a: Dnite|Dragonite, F|100/100
|
|upkeep
|turn|12
|
|t:|1779946081
|switch|p2a: liting mcgoo|Deoxys-Speed|100/100
|-ability|p2a: liting mcgoo|Pressure
|move|p1a: Zamazenta|Iron Defense|p1a: Zamazenta
|-boost|p1a: Zamazenta|def|2
|
|upkeep
|turn|13
|
|t:|1779946088
|-terastallize|p1a: Zamazenta|Fire
|move|p2a: liting mcgoo|Psycho Boost|p1a: Zamazenta
|-damage|p1a: Zamazenta|25/100
|-unboost|p2a: liting mcgoo|spa|2
|-damage|p2a: liting mcgoo|91/100|[from] item: Life Orb
|move|p1a: Zamazenta|Body Press|p2a: liting mcgoo
|-resisted|p2a: liting mcgoo
|-crit|p2a: liting mcgoo
|-damage|p2a: liting mcgoo|0 fnt
|faint|p2a: liting mcgoo
|
|-heal|p1a: Zamazenta|31/100|[from] item: Leftovers
|upkeep
|
|t:|1779946094
|switch|p2a: great donphan|Great Tusk|100/100
|turn|14
|
|t:|1779946100
|move|p1a: Zamazenta|Body Press|p2a: great donphan
|-damage|p2a: great donphan|37/100
|move|p2a: great donphan|Headlong Rush|p1a: Zamazenta
|-supereffective|p1a: Zamazenta
|-damage|p1a: Zamazenta|1/100
|-unboost|p2a: great donphan|def|1
|-unboost|p2a: great donphan|spd|1
|
|-heal|p1a: Zamazenta|7/100|[from] item: Leftovers
|upkeep
|turn|15
|
|t:|1779946104
|move|p1a: Zamazenta|Body Press|p2a: great donphan
|-damage|p2a: great donphan|0 fnt
|faint|p2a: great donphan
|-end|p2a: great donphan|Protosynthesis|[silent]
|
|-heal|p1a: Zamazenta|13/100|[from] item: Leftovers
|upkeep
|
|t:|1779946106
|switch|p2a: Dnite|Dragonite, F|100/100
|turn|16
|
|t:|1779946110
|move|p1a: Zamazenta|Body Press|p2a: Dnite
|-resisted|p2a: Dnite
|-damage|p2a: Dnite|76/100
|move|p2a: Dnite|Earthquake|p1a: Zamazenta
|-supereffective|p1a: Zamazenta
|-damage|p1a: Zamazenta|0 fnt
|faint|p1a: Zamazenta
|
|upkeep
|
|t:|1779946118
|switch|p1a: Glimmora|Glimmora, M|100/100
|turn|17
|
|t:|1779946121
|-terastallize|p2a: Dnite|Normal
|move|p1a: Glimmora|Meteor Beam||[still]
|-prepare|p1a: Glimmora|Meteor Beam
|-boost|p1a: Glimmora|spa|1
|-enditem|p1a: Glimmora|Power Herb
|-anim|p1a: Glimmora|Meteor Beam|p2a: Dnite
|-damage|p2a: Dnite|0 fnt
|faint|p2a: Dnite
|
|win|Miurez
|raw|Miurez's rating: 1620 &rarr; <strong>1648</strong><br />(+28 for winning)
|raw|portobellomushroom's rating: 1775 &rarr; <strong>1747</strong><br />(-28 for losing)
|l|☆portobellomushroom
|player|p2|
