|j|☆placentastu
|j|☆Etherious_Ph0enix
|t:|1779959722
|gametype|singles
|player|p1|placentastu|gentleman-gen4dp|1122
|player|p2|Etherious_Ph0enix|sabrina|1105
|gen|9
|tier|[Gen 9] OU
|rated|
|rule|HP Percentage Mod: HP is shown in percentages
|rule|Endless Battle Clause: Forcing endless battles is banned
|rule|Species Clause: Limit one of each Pokémon
|rule|OHKO Clause: OHKO moves are banned
|rule|Evasion Items Clause: Evasion items are banned
|rule|Evasion Moves Clause: Evasion moves are banned
|rule|Evasion Abilities Clause: Evasion abilities are banned
|rule|Sleep Moves Clause: Sleep-inducing moves are banned
|clearpoke
|poke|p1|Ogerpon-Wellspring, F|
|poke|p1|Moltres|
|poke|p1|Primarina, M|
|poke|p1|Galvantula, F|
|poke|p1|Dragonite, M|
|poke|p1|Great Tusk|
|poke|p2|Typhlosion-Hisui, M|
|poke|p2|Sceptile, M|
|poke|p2|Samurott, M|
|poke|p2|Ampharos, F|
|poke|p2|Umbreon, M|
|poke|p2|Espeon, F|
|teampreview
|
|t:|1779959726
|teamsize|p1|6
|teamsize|p2|6
|start
|switch|p1a: Hypider|Galvantula, F|100/100
|switch|p2a: King|Sceptile, M, shiny|100/100
|turn|1
|
|t:|1779959734
|-terastallize|p2a: King|Ground
|move|p2a: King|Swords Dance|p2a: King
|-boost|p2a: King|atk|2
|move|p1a: Hypider|Bug Buzz|p2a: King
|-damage|p2a: King|19/100
|
|upkeep
|turn|2
|
|t:|1779959747
|switch|p1a: Mega-Flygon|Moltres|100/100
|move|p2a: King|Earthquake|p1a: Mega-Flygon
|-immune|p1a: Mega-Flygon
|
|upkeep
|turn|3
|
|t:|1779959770
|move|p2a: King|Drain Punch|p1a: Mega-Flygon
|-resisted|p1a: Mega-Flygon
|-damage|p1a: Mega-Flygon|70/100
|-heal|p2a: King|37/100|[from] drain|[of] p1a: Mega-Flygon
|-status|p2a: King|brn|[from] ability: Flame Body|[of] p1a: Mega-Flygon
|-damage|p2a: King|27/100 brn|[from] item: Life Orb
|move|p1a: Mega-Flygon|U-turn|p2a: King
|-damage|p2a: King|3/100 brn
|
|t:|1779959780
|switch|p1a: Hypider|Galvantula, F|100/100|[from] U-turn
|
|-damage|p2a: King|0 fnt|[from] brn
|faint|p2a: King
|upkeep
|
|t:|1779959785
|switch|p2a: Phoebe|Espeon, F|100/100
|turn|4
|
|t:|1779959792
|move|p2a: Phoebe|Future Sight|p1a: Hypider
|-start|p2a: Phoebe|move: Future Sight
|move|p1a: Hypider|Bug Buzz|p2a: Phoebe
|-supereffective|p2a: Phoebe
|-damage|p2a: Phoebe|0 fnt
|faint|p2a: Phoebe
|
|upkeep
|
|t:|1779959797
|switch|p2a: Boobears|Typhlosion-Hisui, M|100/100
|-item|p1a: Hypider|Choice Specs|[from] ability: Frisk|[of] p2a: Boobears
|turn|5
|
|t:|1779959805
|switch|p1a: Mega-Flygon|Moltres|70/100
|move|p2a: Boobears|Eruption|p1a: Mega-Flygon
|-resisted|p1a: Mega-Flygon
|-damage|p1a: Mega-Flygon|22/100
|
|upkeep
|turn|6
|
|t:|1779959813
|move|p2a: Boobears|Infernal Parade|p1a: Mega-Flygon
|-crit|p1a: Mega-Flygon
|-damage|p1a: Mega-Flygon|0 fnt
|faint|p1a: Mega-Flygon
|
|-hint|Future Sight did not hit because the target is fainted.
|upkeep
|
|t:|1779959819
|switch|p1a: Little Merman|Primarina, M|100/100
|turn|7
|
|t:|1779959827
|switch|p2a: Salem|Umbreon, M, shiny|100/100
|move|p1a: Little Merman|Flip Turn|p2a: Salem
|-damage|p2a: Salem|90/100
|
|t:|1779959839
|switch|p1a: Hypider|Galvantula, F|100/100|[from] Flip Turn
|
|-heal|p2a: Salem|96/100|[from] item: Leftovers
|upkeep
|turn|8
|
|t:|1779959845
|move|p2a: Salem|Protect|p2a: Salem
|-singleturn|p2a: Salem|Protect
|move|p1a: Hypider|Bug Buzz|p2a: Salem
|-activate|p2a: Salem|move: Protect
|
|-heal|p2a: Salem|100/100|[from] item: Leftovers
|upkeep
|turn|9
|
|t:|1779959851
|move|p1a: Hypider|Bug Buzz|p2a: Salem
|-supereffective|p2a: Salem
|-damage|p2a: Salem|35/100
|move|p2a: Salem|Toxic|p1a: Hypider|[miss]
|-miss|p2a: Salem|p1a: Hypider
|
|-heal|p2a: Salem|41/100|[from] item: Leftovers
|upkeep
|turn|10
|c|☆placentastu|Boog
|
|t:|1779959861
|move|p1a: Hypider|Bug Buzz|p2a: Salem
|-supereffective|p2a: Salem
|-damage|p2a: Salem|0 fnt
|faint|p2a: Salem
|
|upkeep
|
|t:|1779959869
|switch|p2a: Boobears|Typhlosion-Hisui, M|100/100
|-item|p1a: Hypider|Choice Specs|[from] ability: Frisk|[of] p2a: Boobears
|turn|11
|
|t:|1779959885
|move|p1a: Hypider|Bug Buzz|p2a: Boobears
|-resisted|p2a: Boobears
|-damage|p2a: Boobears|81/100
|move|p2a: Boobears|Eruption|p1a: Hypider
|-supereffective|p1a: Hypider
|-damage|p1a: Hypider|0 fnt
|faint|p1a: Hypider
|
|upkeep
|
|t:|1779959896
|switch|p1a: Little Merman|Primarina, M|100/100
|turn|12
|
|t:|1779959901
|move|p2a: Boobears|Infernal Parade|p1a: Little Merman
|-damage|p1a: Little Merman|75/100
|move|p1a: Little Merman|Surf|p2a: Boobears
|-supereffective|p2a: Boobears
|-damage|p2a: Boobears|0 fnt
|faint|p2a: Boobears
|
|upkeep
|
|t:|1779959908
|switch|p2a: Booberry|Ampharos, F|100/100
|turn|13
|
|t:|1779959911
|move|p1a: Little Merman|Surf|p2a: Booberry
|-damage|p2a: Booberry|22/100
|move|p2a: Booberry|Cotton Guard|p2a: Booberry
|-boost|p2a: Booberry|def|3
|
|-heal|p2a: Booberry|28/100|[from] item: Leftovers
|upkeep
|turn|14
|
|t:|1779959917
|move|p1a: Little Merman|Surf|p2a: Booberry
|-damage|p2a: Booberry|0 fnt
|faint|p2a: Booberry
|
|upkeep
|
|t:|1779959921
|switch|p2a: Samurai|Samurott, M, shiny|100/100
|turn|15
|
|t:|1779959925
|move|p2a: Samurai|Knock Off|p1a: Little Merman
|-resisted|p1a: Little Merman
|-damage|p1a: Little Merman|56/100
|-enditem|p1a: Little Merman|Choice Specs|[from] move: Knock Off|[of] p2a: Samurai
|move|p1a: Little Merman|Surf|p2a: Samurai
|-resisted|p2a: Samurai
|-damage|p2a: Samurai|78/100
|
|upkeep
|turn|16
|
|t:|1779959938
|move|p2a: Samurai|Knock Off|p1a: Little Merman
|-resisted|p1a: Little Merman
|-damage|p1a: Little Merman|43/100
|move|p1a: Little Merman|Moonblast|p2a: Samurai
|-crit|p2a: Samurai
|-damage|p2a: Samurai|8/100
|-unboost|p2a: Samurai|spa|1
|
|upkeep
|turn|17
|c|☆placentastu|Sweet
|
|t:|1779959948
|move|p2a: Samurai|Flip Turn|p1a: Little Merman
|-resisted|p1a: Little Merman
|-damage|p1a: Little Merman|18/100
|move|p1a: Little Merman|Ice Beam|p2a: Samurai
|-resisted|p2a: Samurai
|-damage|p2a: Samurai|0 fnt
|faint|p2a: Samurai
|
|win|placentastu
|raw|placentastu's rating: 1122 &rarr; <strong>1146</strong><br />(+24 for winning)
|raw|Etherious_Ph0enix's rating: 1105 &rarr; <strong>1081</strong><br />(-24 for losing)
|l|☆Etherious_Ph0enix
|player|p2|
|l|☆placentastu
|player|p1|
