|j|☆Swords & Tequila
|j|☆youratrainer
|t:|1779814795
|gametype|singles
|player|p1|Swords & Tequila|biker|1134
|player|p2|youratrainer|170|1128
|gen|9
|tier|[Gen 9] OU
|rated|
|rule|HP Percentage Mod: HP is shown in percentages
|rule|Endless Battle Clause: Forcing endless battles is banned
|rule|Species Clause: Limit one of each Pokémon
|rule|OHKO Clause: OHKO moves are banned
|rule|Evasion Items Clause: Evasion items are banned
|rule|Evasion Moves Clause: Evasion moves are banned
|rule|Evasion Abilities Clause: Evasion abilities are banned
|rule|Sleep Moves Clause: Sleep-inducing moves are banned
|clearpoke
|poke|p1|Raichu, M|
|poke|p1|Blastoise, F|
|poke|p1|Charizard, F|
|poke|p1|Electivire, F|
|poke|p1|Iron Treads|
|poke|p1|Swampert, M|
|poke|p2|Kingambit, M|
|poke|p2|Deoxys-Defense|
|poke|p2|Great Tusk|
|poke|p2|Dragapult, M|
|poke|p2|Raging Bolt|
|poke|p2|Ditto|
|teampreview
|
|t:|1779814809
|teamsize|p1|6
|teamsize|p2|6
|start
|switch|p1a: Raichu|Raichu, M|100/100
|switch|p2a: Obstacle|Deoxys-Defense, shiny|100/100
|-ability|p2a: Obstacle|Pressure
|turn|1
|inactive|Battle timer is ON: inactive players will automatically lose when time's up. (requested by Swords & Tequila)
|l|☆Swords & Tequila
|inactive|Swords & Tequila disconnected and has a minute to reconnect!
|player|p1|
|j|☆Swords & Tequila
|inactive|Swords & Tequila reconnected and has 135 seconds left.
|player|p1|Swords & Tequila|biker|
|
|t:|1779814838
|move|p1a: Raichu|Thunderbolt|p2a: Obstacle
|-damage|p2a: Obstacle|77/100
|-status|p2a: Obstacle|par
|cant|p2a: Obstacle|par
|
|-heal|p2a: Obstacle|84/100 par|[from] item: Leftovers
|upkeep
|turn|2
|
|t:|1779814848
|switch|p1a: Blastoise|Blastoise, F|100/100
|move|p2a: Obstacle|Stealth Rock|p1a: Blastoise
|-sidestart|p1: Swords & Tequila|move: Stealth Rock
|
|-heal|p2a: Obstacle|90/100 par|[from] item: Leftovers
|upkeep
|turn|3
|
|t:|1779814856
|move|p1a: Blastoise|Surf|p2a: Obstacle
|-damage|p2a: Obstacle|64/100 par
|move|p2a: Obstacle|Spikes|p1a: Blastoise
|-sidestart|p1: Swords & Tequila|Spikes
|
|-heal|p2a: Obstacle|70/100 par|[from] item: Leftovers
|upkeep
|turn|4
|inactive|youratrainer has 120 seconds left.
|
|t:|1779814886
|switch|p2a: snake|Dragapult, M, shiny|100/100
|move|p1a: Blastoise|Dark Pulse|p2a: snake
|-supereffective|p2a: snake
|-damage|p2a: snake|39/100
|
|upkeep
|turn|5
|inactive|youratrainer has 120 seconds left.
|
|t:|1779814897
|switch|p2a: Obstacle|Deoxys-Defense, shiny|70/100 par
|-ability|p2a: Obstacle|Pressure
|move|p1a: Blastoise|Ice Beam|p2a: Obstacle
|-damage|p2a: Obstacle|54/100 par
|
|-heal|p2a: Obstacle|60/100 par|[from] item: Leftovers
|upkeep
|turn|6
|inactive|youratrainer has 120 seconds left.
|
|t:|1779814919
|-terastallize|p1a: Blastoise|Dark
|move|p1a: Blastoise|Dark Pulse|p2a: Obstacle
|-supereffective|p2a: Obstacle
|-damage|p2a: Obstacle|16/100 par
|move|p2a: Obstacle|Counter||[still]
|-fail|p2a: Obstacle
|
|-heal|p2a: Obstacle|22/100 par|[from] item: Leftovers
|upkeep
|turn|7
|
|t:|1779814930
|move|p1a: Blastoise|Dark Pulse|p2a: Obstacle
|-supereffective|p2a: Obstacle
|-damage|p2a: Obstacle|0 fnt
|faint|p2a: Obstacle
|
|upkeep
|
|t:|1779814947
|switch|p2a: snake|Dragapult, M, shiny|39/100
|turn|8
|
|t:|1779814951
|move|p2a: snake|U-turn|p1a: Blastoise
|-supereffective|p1a: Blastoise
|-damage|p1a: Blastoise|63/100
|
|t:|1779814958
|switch|p2a: rhino|Great Tusk, shiny|100/100|[from] U-turn
|move|p1a: Blastoise|Dark Pulse|p2a: rhino
|-resisted|p2a: rhino
|-damage|p2a: rhino|86/100
|
|upkeep
|turn|9
|inactive|youratrainer has 120 seconds left.
|
|t:|1779814966
|move|p2a: rhino|Earthquake|p1a: Blastoise
|-damage|p1a: Blastoise|15/100
|move|p1a: Blastoise|Rapid Spin|p2a: rhino
|-damage|p2a: rhino|81/100
|-boost|p1a: Blastoise|spe|1
|-sideend|p1: Swords & Tequila|Spikes|[from] move: Rapid Spin|[of] p1a: Blastoise
|-sideend|p1: Swords & Tequila|Stealth Rock|[from] move: Rapid Spin|[of] p1a: Blastoise
|
|upkeep
|turn|10
|inactive|youratrainer has 120 seconds left.
|
|t:|1779814984
|move|p1a: Blastoise|Surf|p2a: rhino
|-supereffective|p2a: rhino
|-damage|p2a: rhino|0 fnt
|faint|p2a: rhino
|-end|p2a: rhino|Protosynthesis|[silent]
|
|upkeep
|
|t:|1779814990
|switch|p2a: giraffe|Raging Bolt|100/100
|-enditem|p2a: giraffe|Booster Energy
|-activate|p2a: giraffe|ability: Protosynthesis|[fromitem]
|-start|p2a: giraffe|protosynthesisspa
|turn|11
|inactive|youratrainer has 120 seconds left.
|
|t:|1779814996
|move|p2a: giraffe|Thunderclap|p1a: Blastoise
|-damage|p1a: Blastoise|0 fnt
|faint|p1a: Blastoise
|
|upkeep
|
|t:|1779815002
|switch|p1a: Iron Treads|Iron Treads|100/100
|-enditem|p1a: Iron Treads|Booster Energy
|-activate|p1a: Iron Treads|ability: Quark Drive|[fromitem]
|-start|p1a: Iron Treads|quarkdrivespe
|turn|12
|
|t:|1779815017
|-end|p2a: giraffe|Protosynthesis|[silent]
|switch|p2a: INSURANCE!|Ditto, shiny|100/100
|-transform|p2a: INSURANCE!|p1a: Iron Treads|[from] ability: Imposter
|move|p1a: Iron Treads|Earthquake|p2a: INSURANCE!
|-supereffective|p2a: INSURANCE!
|-damage|p2a: INSURANCE!|0 fnt
|faint|p2a: INSURANCE!
|-end|p2a: INSURANCE!|Quark Drive|[silent]
|
|upkeep
|inactive|youratrainer has 120 seconds left.
|
|t:|1779815028
|switch|p2a: snake|Dragapult, M, shiny|39/100
|turn|13
|
|t:|1779815032
|move|p1a: Iron Treads|Heavy Slam|p2a: snake
|-damage|p2a: snake|0 fnt
|faint|p2a: snake
|
|upkeep
|
|t:|1779815037
|switch|p2a: giraffe|Raging Bolt|100/100
|turn|14
|
|t:|1779815044
|move|p1a: Iron Treads|Earthquake|p2a: giraffe
|-supereffective|p2a: giraffe
|-damage|p2a: giraffe|16/100
|move|p2a: giraffe|Calm Mind|p2a: giraffe
|-boost|p2a: giraffe|spa|1
|-boost|p2a: giraffe|spd|1
|
|upkeep
|turn|15
|
|t:|1779815052
|move|p1a: Iron Treads|Earthquake|p2a: giraffe
|-supereffective|p2a: giraffe
|-crit|p2a: giraffe
|-damage|p2a: giraffe|0 fnt
|faint|p2a: giraffe
|-end|p2a: giraffe|Protosynthesis|[silent]
|
|upkeep
|
|t:|1779815056
|switch|p2a: PastTheHorizon|Kingambit, M, shiny|100/100
|-activate|p2a: PastTheHorizon|ability: Supreme Overlord
|-start|p2a: PastTheHorizon|fallen5|[silent]
|turn|16
|
|t:|1779815061
|-terastallize|p2a: PastTheHorizon|Ghost
|move|p1a: Iron Treads|Body Press|p2a: PastTheHorizon
|-immune|p2a: PastTheHorizon
|move|p2a: PastTheHorizon|Swords Dance|p2a: PastTheHorizon
|-boost|p2a: PastTheHorizon|atk|2
|
|upkeep
|turn|17
|
|t:|1779815075
|move|p1a: Iron Treads|Heavy Slam|p2a: PastTheHorizon
|-damage|p2a: PastTheHorizon|82/100
|move|p2a: PastTheHorizon|Swords Dance|p2a: PastTheHorizon
|-boost|p2a: PastTheHorizon|atk|2
|
|upkeep
|turn|18
|
|t:|1779815081
|move|p1a: Iron Treads|Supercell Slam|p2a: PastTheHorizon
|-damage|p2a: PastTheHorizon|61/100
|move|p2a: PastTheHorizon|Swords Dance|p2a: PastTheHorizon
|-boost|p2a: PastTheHorizon|atk|2
|
|upkeep
|turn|19
|
|t:|1779815090
|move|p2a: PastTheHorizon|Sucker Punch|p1a: Iron Treads
|-damage|p1a: Iron Treads|0 fnt
|faint|p1a: Iron Treads
|-end|p1a: Iron Treads|Quark Drive|[silent]
|-damage|p2a: PastTheHorizon|51/100|[from] item: Life Orb
|
|upkeep
|
|t:|1779815101
|switch|p1a: Electivire|Electivire, F|100/100
|-item|p1a: Electivire|Air Balloon
|turn|20
|
|t:|1779815107
|move|p2a: PastTheHorizon|Sucker Punch|p1a: Electivire
|-damage|p1a: Electivire|0 fnt
|-enditem|p1a: Electivire|Air Balloon
|faint|p1a: Electivire
|-damage|p2a: PastTheHorizon|41/100|[from] item: Life Orb
|
|upkeep
|
|t:|1779815122
|switch|p1a: Charizard|Charizard, F|100/100
|turn|21
|
|t:|1779815125
|move|p2a: PastTheHorizon|Sucker Punch|p1a: Charizard
|-damage|p1a: Charizard|0 fnt
|faint|p1a: Charizard
|-damage|p2a: PastTheHorizon|31/100|[from] item: Life Orb
|
|upkeep
|
|t:|1779815131
|switch|p1a: Swampert|Swampert, M|100/100
|-item|p1a: Swampert|Air Balloon
|turn|22
|
|t:|1779815140
|move|p2a: PastTheHorizon|Protect|p2a: PastTheHorizon
|-singleturn|p2a: PastTheHorizon|Protect
|move|p1a: Swampert|Liquidation|p2a: PastTheHorizon
|-activate|p2a: PastTheHorizon|move: Protect
|
|upkeep
|turn|23
|
|t:|1779815146
|move|p2a: PastTheHorizon|Sucker Punch|p1a: Swampert
|-damage|p1a: Swampert|0 fnt
|-enditem|p1a: Swampert|Air Balloon
|faint|p1a: Swampert
|-damage|p2a: PastTheHorizon|21/100|[from] item: Life Orb
|
|upkeep
|
|t:|1779815153
|switch|p1a: Raichu|Raichu, M|100/100
|turn|24
|
|t:|1779815156
|move|p2a: PastTheHorizon|Sucker Punch|p1a: Raichu
|-enditem|p1a: Raichu|Focus Sash
|-damage|p1a: Raichu|1/100
|-damage|p2a: PastTheHorizon|11/100|[from] item: Life Orb
|move|p1a: Raichu|Thunderbolt|p2a: PastTheHorizon
|-damage|p2a: PastTheHorizon|0 fnt
|faint|p2a: PastTheHorizon
|-end|p2a: PastTheHorizon|fallen5|[silent]
|
|win|Swords & Tequila
|raw|Swords &amp; Tequila's rating: 1134 &rarr; <strong>1159</strong><br />(+25 for winning)
|raw|youratrainer's rating: 1128 &rarr; <strong>1103</strong><br />(-25 for losing)
|c|☆youratrainer|gg
|l|☆youratrainer
|player|p2|
|c|☆Swords & Tequila|Gg
|l|☆Swords & Tequila
|player|p1|
