|j|☆Indigo Disk CJ
|j|☆bluntsmoker3000
|t:|1779891404
|gametype|singles
|player|p1|Indigo Disk CJ|265|1682
|player|p2|bluntsmoker3000|bugcatcher-gen4dp|1688
|gen|9
|tier|[Gen 9] OU
|rated|
|rule|HP Percentage Mod: HP is shown in percentages
|rule|Endless Battle Clause: Forcing endless battles is banned
|rule|Species Clause: Limit one of each Pokémon
|rule|OHKO Clause: OHKO moves are banned
|rule|Evasion Items Clause: Evasion items are banned
|rule|Evasion Moves Clause: Evasion moves are banned
|rule|Evasion Abilities Clause: Evasion abilities are banned
|rule|Sleep Moves Clause: Sleep-inducing moves are banned
|clearpoke
|poke|p1|Landorus-Therian, M|
|poke|p1|Ogerpon-Wellspring, F|
|poke|p1|Gholdengo|
|poke|p1|Tyranitar, M|
|poke|p1|Raging Bolt|
|poke|p1|Cinderace, M|
|poke|p2|Ting-Lu|
|poke|p2|Scizor, F|
|poke|p2|Tornadus-Therian, M|
|poke|p2|Raging Bolt|
|poke|p2|Alomomola, F|
|poke|p2|Hatterene, F|
|teampreview
|inactive|Battle timer is ON: inactive players will automatically lose when time's up. (requested by bluntsmoker3000)
|
|t:|1779891416
|teamsize|p1|6
|teamsize|p2|6
|start
|switch|p1a: Landorus|Landorus-Therian, M|100/100
|switch|p2a: Hatterene|Hatterene, F|100/100
|-ability|p1a: Landorus|Intimidate|boost
|-unboost|p2a: Hatterene|atk|1
|turn|1
|
|t:|1779891419
|move|p1a: Landorus|Earthquake|p2a: Hatterene
|-damage|p2a: Hatterene|63/100
|move|p2a: Hatterene|Psychic Noise|p1a: Landorus
|-damage|p1a: Landorus|62/100
|-start|p1a: Landorus|move: Heal Block
|
|upkeep
|turn|2
|
|t:|1779891424
|move|p1a: Landorus|Earthquake|p2a: Hatterene
|-damage|p2a: Hatterene|25/100
|move|p2a: Hatterene|Pain Split|p1a: Landorus
|-sethp|p1a: Landorus|42/100|[from] move: Pain Split|[silent]
|-sethp|p2a: Hatterene|50/100|[from] move: Pain Split
|
|-end|p1a: Landorus|move: Heal Block
|upkeep
|turn|3
|
|t:|1779891427
|switch|p2a: Tornadus|Tornadus-Therian, M|100/100
|move|p1a: Landorus|Earthquake|p2a: Tornadus
|-immune|p2a: Tornadus
|
|upkeep
|turn|4
|
|t:|1779891430
|move|p2a: Tornadus|Bleakwind Storm|p1a: Landorus
|-damage|p1a: Landorus|0 fnt
|faint|p1a: Landorus
|-damage|p2a: Tornadus|91/100|[from] item: Life Orb
|
|upkeep
|
|t:|1779891434
|switch|p1a: Tyranitar|Tyranitar, M, shiny|100/100
|-weather|Sandstorm|[from] ability: Sand Stream|[of] p1a: Tyranitar
|turn|5
|
|t:|1779891437
|switch|p2a: Alomomola|Alomomola, F|100/100
|move|p1a: Tyranitar|Knock Off|p2a: Alomomola
|-damage|p2a: Alomomola|58/100
|-enditem|p2a: Alomomola|Heavy-Duty Boots|[from] move: Knock Off|[of] p1a: Tyranitar
|
|-weather|Sandstorm|[upkeep]
|-damage|p2a: Alomomola|52/100|[from] Sandstorm
|upkeep
|turn|6
|
|t:|1779891443
|move|p1a: Tyranitar|Knock Off|p2a: Alomomola
|-damage|p2a: Alomomola|23/100
|move|p2a: Alomomola|Wish|p2a: Alomomola
|
|-weather|Sandstorm|[upkeep]
|-damage|p2a: Alomomola|17/100|[from] Sandstorm
|upkeep
|turn|7
|
|t:|1779891448
|move|p2a: Alomomola|Protect|p2a: Alomomola
|-singleturn|p2a: Alomomola|Protect
|move|p1a: Tyranitar|Knock Off|p2a: Alomomola
|-activate|p2a: Alomomola|move: Protect
|
|-weather|Sandstorm|[upkeep]
|-damage|p2a: Alomomola|11/100|[from] Sandstorm
|-heal|p2a: Alomomola|61/100|[from] move: Wish|[wisher] Alomomola
|upkeep
|turn|8
|
|t:|1779891451
|switch|p1a: Ogerpon|Ogerpon-Wellspring, F|100/100
|move|p2a: Alomomola|Scald|p1a: Ogerpon
|-immune|p1a: Ogerpon|[from] ability: Water Absorb
|
|-weather|Sandstorm|[upkeep]
|-damage|p1a: Ogerpon|95/100|[from] Sandstorm
|-damage|p2a: Alomomola|55/100|[from] Sandstorm
|upkeep
|turn|9
|
|t:|1779891456
|switch|p2a: Raging Bolt|Raging Bolt|100/100
|-enditem|p2a: Raging Bolt|Booster Energy
|-activate|p2a: Raging Bolt|ability: Protosynthesis|[fromitem]
|-start|p2a: Raging Bolt|protosynthesisspa
|move|p1a: Ogerpon|Power Whip|p2a: Raging Bolt
|-resisted|p2a: Raging Bolt
|-damage|p2a: Raging Bolt|66/100
|
|-weather|none
|upkeep
|turn|10
|
|t:|1779891460
|-end|p2a: Raging Bolt|Protosynthesis|[silent]
|switch|p2a: Scizor|Scizor, F|100/100
|move|p1a: Ogerpon|U-turn|p2a: Scizor
|-resisted|p2a: Scizor
|-damage|p2a: Scizor|86/100
|
|t:|1779891462
|switch|p1a: Cinderace|Cinderace, M, shiny|100/100|[from] U-turn
|
|upkeep
|turn|11
|
|t:|1779891465
|switch|p2a: Alomomola|Alomomola, F|88/100
|move|p1a: Cinderace|U-turn|p2a: Alomomola
|-start|p1a: Cinderace|typechange|Bug|[from] ability: Libero
|-damage|p2a: Alomomola|70/100
|
|t:|1779891472
|switch|p1a: Ogerpon|Ogerpon-Wellspring, F|95/100|[from] U-turn
|
|upkeep
|turn|12
|
|t:|1779891475
|switch|p2a: Tornadus|Tornadus-Therian, M|100/100
|move|p1a: Ogerpon|Power Whip|p2a: Tornadus
|-resisted|p2a: Tornadus
|-damage|p2a: Tornadus|54/100
|
|upkeep
|turn|13
|
|t:|1779891479
|switch|p1a: Tyranitar|Tyranitar, M, shiny|100/100
|-weather|Sandstorm|[from] ability: Sand Stream|[of] p1a: Tyranitar
|move|p2a: Tornadus|Bleakwind Storm|p1a: Tyranitar
|-resisted|p1a: Tyranitar
|-damage|p1a: Tyranitar|82/100
|-damage|p2a: Tornadus|45/100|[from] item: Life Orb
|
|-weather|Sandstorm|[upkeep]
|-damage|p2a: Tornadus|39/100|[from] Sandstorm
|upkeep
|turn|14
|
|t:|1779891486
|switch|p2a: Alomomola|Alomomola, F|100/100
|move|p1a: Tyranitar|Stone Edge|p2a: Alomomola
|-damage|p2a: Alomomola|55/100
|
|-weather|Sandstorm|[upkeep]
|-damage|p2a: Alomomola|49/100|[from] Sandstorm
|upkeep
|turn|15
|
|t:|1779891495
|move|p1a: Tyranitar|Stone Edge|p2a: Alomomola
|-damage|p2a: Alomomola|8/100
|move|p2a: Alomomola|Flip Turn|p1a: Tyranitar
|-supereffective|p1a: Tyranitar
|-damage|p1a: Tyranitar|52/100
|
|t:|1779891502
|switch|p2a: Scizor|Scizor, F|86/100|[from] Flip Turn
|
|-weather|Sandstorm|[upkeep]
|upkeep
|turn|16
|
|t:|1779891506
|move|p1a: Tyranitar|Stone Edge|p2a: Scizor|[miss]
|-miss|p1a: Tyranitar|p2a: Scizor
|move|p2a: Scizor|U-turn|p1a: Tyranitar
|-supereffective|p1a: Tyranitar
|-damage|p1a: Tyranitar|0 fnt
|faint|p1a: Tyranitar
|
|t:|1779891513
|switch|p2a: Raging Bolt|Raging Bolt|66/100|[from] U-turn
|
|-weather|Sandstorm|[upkeep]
|-damage|p2a: Raging Bolt|60/100|[from] Sandstorm
|upkeep
|
|t:|1779891519
|switch|p1a: Raging Bolt|Raging Bolt|100/100
|-enditem|p1a: Raging Bolt|Booster Energy
|-activate|p1a: Raging Bolt|ability: Protosynthesis|[fromitem]
|-start|p1a: Raging Bolt|protosynthesisspa
|turn|17
|
|t:|1779891523
|-end|p2a: Raging Bolt|Protosynthesis|[silent]
|switch|p2a: Ting-Lu|Ting-Lu|100/100
|-ability|p2a: Ting-Lu|Vessel of Ruin
|move|p1a: Raging Bolt|Weather Ball|p2a: Ting-Lu
|-resisted|p2a: Ting-Lu
|-damage|p2a: Ting-Lu|90/100
|
|-weather|none
|-heal|p2a: Ting-Lu|96/100|[from] item: Leftovers
|upkeep
|turn|18
|
|t:|1779891528
|-end|p1a: Raging Bolt|Protosynthesis|[silent]
|switch|p1a: Ogerpon|Ogerpon-Wellspring, F|95/100
|move|p2a: Ting-Lu|Earthquake|p1a: Ogerpon
|-resisted|p1a: Ogerpon
|-damage|p1a: Ogerpon|69/100
|
|-heal|p2a: Ting-Lu|100/100|[from] item: Leftovers
|upkeep
|turn|19
|
|t:|1779891534
|switch|p2a: Hatterene|Hatterene, F|50/100
|move|p1a: Ogerpon|Power Whip|p2a: Hatterene
|-crit|p2a: Hatterene
|-damage|p2a: Hatterene|0 fnt
|-damage|p1a: Ogerpon|53/100|[from] item: Rocky Helmet|[of] p2a: Hatterene
|faint|p2a: Hatterene
|
|upkeep
|
|t:|1779891537
|switch|p2a: Scizor|Scizor, F|86/100
|turn|20
|
|t:|1779891539
|move|p1a: Ogerpon|U-turn|p2a: Scizor
|-resisted|p2a: Scizor
|-damage|p2a: Scizor|72/100
|
|t:|1779891541
|switch|p1a: Cinderace|Cinderace, M, shiny|100/100|[from] U-turn
|move|p2a: Scizor|Knock Off|p1a: Cinderace
|-damage|p1a: Cinderace|46/100
|-enditem|p1a: Cinderace|Heavy-Duty Boots|[from] move: Knock Off|[of] p2a: Scizor
|
|upkeep
|turn|21
|
|t:|1779891547
|switch|p2a: Alomomola|Alomomola, F|41/100
|move|p1a: Cinderace|Pyro Ball|p2a: Alomomola|[miss]
|-miss|p1a: Cinderace|p2a: Alomomola
|
|upkeep
|turn|22
|-message|Indigo Disk CJ forfeited.
|
|win|bluntsmoker3000
|raw|Indigo Disk CJ's rating: 1682 &rarr; <strong>1662</strong><br />(-20 for losing)
|raw|bluntsmoker3000's rating: 1688 &rarr; <strong>1708</strong><br />(+20 for winning)
|l|☆Indigo Disk CJ
|player|p1|
|l|☆bluntsmoker3000
|player|p2|
