|j|☆RunicImpulse
|j|☆claudechamp
|t:|1779850916
|gametype|singles
|player|p1|RunicImpulse|psychic-gen4|1279
|player|p2|claudechamp|169|1265
|gen|9
|tier|[Gen 9] OU
|rated|
|rule|HP Percentage Mod: HP is shown in percentages
|rule|Endless Battle Clause: Forcing endless battles is banned
|rule|Species Clause: Limit one of each Pokémon
|rule|OHKO Clause: OHKO moves are banned
|rule|Evasion Items Clause: Evasion items are banned
|rule|Evasion Moves Clause: Evasion moves are banned
|rule|Evasion Abilities Clause: Evasion abilities are banned
|rule|Sleep Moves Clause: Sleep-inducing moves are banned
|clearpoke
|poke|p1|Chandelure, F|
|poke|p1|Scizor, M|
|poke|p1|Tornadus-Therian, M|
|poke|p1|Alomomola, M|
|poke|p1|Iron Treads|
|poke|p1|Iron Valiant|
|poke|p2|Gliscor, M|
|poke|p2|Ogerpon, F|
|poke|p2|Walking Wake|
|poke|p2|Blissey, F|
|poke|p2|Corviknight, M|
|poke|p2|Pecharunt|
|teampreview
|c|☆claudechamp|hf
|inactive|Battle timer is ON: inactive players will automatically lose when time's up. (requested by RunicImpulse)
|inactive|claudechamp also wants the timer to be on.
|inactive|RunicImpulse has 120 seconds left.
|
|t:|1779850954
|teamsize|p1|6
|teamsize|p2|6
|start
|switch|p1a: Tornadus|Tornadus-Therian, M|100/100
|switch|p2a: Gliscor|Gliscor, M|100/100
|turn|1
|
|t:|1779850968
|move|p1a: Tornadus|Knock Off|p2a: Gliscor
|-damage|p2a: Gliscor|84/100
|-enditem|p2a: Gliscor|Toxic Orb|[from] move: Knock Off|[of] p1a: Tornadus
|move|p2a: Gliscor|Spikes|p1a: Tornadus
|-sidestart|p1: RunicImpulse|Spikes
|
|upkeep
|turn|2
|
|t:|1779850992
|move|p1a: Tornadus|Bleakwind Storm|p2a: Gliscor
|-crit|p2a: Gliscor
|-damage|p2a: Gliscor|34/100
|move|p2a: Gliscor|Spikes|p1a: Tornadus
|-sidestart|p1: RunicImpulse|Spikes
|
|upkeep
|turn|3
|
|t:|1779850999
|switch|p2a: Blissey|Blissey, F|100/100
|move|p1a: Tornadus|Bleakwind Storm|p2a: Blissey|[miss]
|-miss|p1a: Tornadus|p2a: Blissey
|
|upkeep
|turn|4
|
|t:|1779851011
|move|p1a: Tornadus|Knock Off|p2a: Blissey
|-damage|p2a: Blissey|78/100
|-enditem|p2a: Blissey|Heavy-Duty Boots|[from] move: Knock Off|[of] p1a: Tornadus
|move|p2a: Blissey|Stealth Rock|p1a: Tornadus
|-sidestart|p1: RunicImpulse|move: Stealth Rock
|
|upkeep
|turn|5
|
|t:|1779851017
|move|p1a: Tornadus|U-turn|p2a: Blissey
|-damage|p2a: Blissey|64/100
|
|t:|1779851020
|switch|p1a: Iron Treads|Iron Treads|100/100|[from] U-turn
|-damage|p1a: Iron Treads|84/100|[from] Spikes
|-damage|p1a: Iron Treads|81/100|[from] Stealth Rock
|move|p2a: Blissey|Soft-Boiled|p2a: Blissey
|-heal|p2a: Blissey|100/100
|
|-heal|p1a: Iron Treads|87/100|[from] item: Leftovers
|upkeep
|turn|6
|
|t:|1779851026
|switch|p2a: Pecharunt|Pecharunt|100/100
|move|p1a: Iron Treads|Earthquake|p2a: Pecharunt
|-supereffective|p2a: Pecharunt
|-damage|p2a: Pecharunt|65/100
|
|-heal|p1a: Iron Treads|93/100|[from] item: Leftovers
|upkeep
|turn|7
|
|t:|1779851047
|move|p1a: Iron Treads|Stealth Rock|p2a: Pecharunt
|-sidestart|p2: claudechamp|move: Stealth Rock
|move|p2a: Pecharunt|Recover|p2a: Pecharunt
|-heal|p2a: Pecharunt|100/100
|
|-heal|p1a: Iron Treads|99/100|[from] item: Leftovers
|upkeep
|turn|8
|
|t:|1779851051
|move|p1a: Iron Treads|Earthquake|p2a: Pecharunt
|-supereffective|p2a: Pecharunt
|-damage|p2a: Pecharunt|65/100
|move|p2a: Pecharunt|Parting Shot|p1a: Iron Treads
|-unboost|p1a: Iron Treads|atk|1
|-unboost|p1a: Iron Treads|spa|1
|
|t:|1779851063
|switch|p2a: Walking Wake|Walking Wake|100/100|[from] Parting Shot
|
|-heal|p1a: Iron Treads|100/100|[from] item: Leftovers
|upkeep
|turn|9
|
|t:|1779851075
|-end|p1a: Iron Treads|Quark Drive|[silent]
|switch|p1a: Tornadus|Tornadus-Therian, M|100/100
|-damage|p1a: Tornadus|76/100|[from] Stealth Rock
|move|p2a: Walking Wake|Surf|p1a: Tornadus
|-damage|p1a: Tornadus|43/100
|
|upkeep
|turn|10
|inactive|RunicImpulse has 120 seconds left.
|
|t:|1779851108
|-terastallize|p1a: Tornadus|Water
|-terastallize|p2a: Walking Wake|Water
|move|p1a: Tornadus|Knock Off|p2a: Walking Wake
|-damage|p2a: Walking Wake|80/100
|-enditem|p2a: Walking Wake|Heavy-Duty Boots|[from] move: Knock Off|[of] p1a: Tornadus
|move|p2a: Walking Wake|Surf|p1a: Tornadus
|-resisted|p1a: Tornadus
|-damage|p1a: Tornadus|22/100
|
|upkeep
|turn|11
|inactive|RunicImpulse has 120 seconds left.
|
|t:|1779851124
|move|p1a: Tornadus|U-turn|p2a: Walking Wake
|-damage|p2a: Walking Wake|65/100
|
|t:|1779851126
|switch|p1a: Alomomola|Alomomola, M|100/100|[from] U-turn
|-damage|p1a: Alomomola|84/100|[from] Spikes
|-damage|p1a: Alomomola|71/100|[from] Stealth Rock
|move|p2a: Walking Wake|Draco Meteor|p1a: Alomomola
|-damage|p1a: Alomomola|14/100
|-unboost|p2a: Walking Wake|spa|2
|
|upkeep
|turn|12
|inactive|RunicImpulse has 120 seconds left.
|
|t:|1779851137
|switch|p1a: Tornadus|Tornadus-Therian, M, tera:Water|55/100
|-damage|p1a: Tornadus|38/100|[from] Spikes
|-damage|p1a: Tornadus|26/100|[from] Stealth Rock
|move|p2a: Walking Wake|Surf|p1a: Tornadus
|-resisted|p1a: Tornadus
|-damage|p1a: Tornadus|15/100
|
|upkeep
|turn|13
|
|t:|1779851147
|move|p1a: Tornadus|U-turn|p2a: Walking Wake
|-damage|p2a: Walking Wake|50/100
|inactive|RunicImpulse has 120 seconds left.
|
|t:|1779851160
|switch|p1a: Scizor|Scizor, M|100/100|[from] U-turn
|-damage|p1a: Scizor|84/100|[from] Spikes
|-damage|p1a: Scizor|72/100|[from] Stealth Rock
|move|p2a: Walking Wake|Knock Off|p1a: Scizor
|-damage|p1a: Scizor|52/100
|-enditem|p1a: Scizor|Choice Band|[from] move: Knock Off|[of] p2a: Walking Wake
|
|upkeep
|turn|14
|
|t:|1779851174
|move|p2a: Walking Wake|Knock Off|p1a: Scizor
|-damage|p1a: Scizor|41/100
|move|p1a: Scizor|U-turn|p2a: Walking Wake
|-damage|p2a: Walking Wake|6/100
|inactive|RunicImpulse has 120 seconds left.
|
|t:|1779851209
|switch|p1a: Iron Valiant|Iron Valiant|100/100|[from] U-turn
|-damage|p1a: Iron Valiant|84/100|[from] Spikes
|-damage|p1a: Iron Valiant|78/100|[from] Stealth Rock
|
|upkeep
|turn|15
|
|t:|1779851219
|-end|p2a: Walking Wake|Protosynthesis|[silent]
|switch|p2a: Pecharunt|Pecharunt|65/100
|move|p1a: Iron Valiant|Moonblast|p2a: Pecharunt
|-resisted|p2a: Pecharunt
|-damage|p2a: Pecharunt|31/100
|
|upkeep
|turn|16
|
|t:|1779851226
|switch|p2a: Blissey|Blissey, F|100/100
|-damage|p2a: Blissey|88/100|[from] Stealth Rock
|move|p1a: Iron Valiant|Moonblast|p2a: Blissey
|-damage|p2a: Blissey|65/100
|
|upkeep
|turn|17
|inactive|RunicImpulse has 120 seconds left.
|
|t:|1779851234
|-end|p1a: Iron Valiant|Quark Drive|[silent]
|switch|p1a: Iron Treads|Iron Treads|100/100
|-damage|p1a: Iron Treads|84/100|[from] Spikes
|-damage|p1a: Iron Treads|81/100|[from] Stealth Rock
|move|p2a: Blissey|Soft-Boiled|p2a: Blissey
|-heal|p2a: Blissey|100/100
|
|-heal|p1a: Iron Treads|87/100|[from] item: Leftovers
|upkeep
|turn|18
|
|t:|1779851239
|switch|p2a: Pecharunt|Pecharunt|31/100
|move|p1a: Iron Treads|Rapid Spin|p2a: Pecharunt
|-immune|p2a: Pecharunt
|
|-heal|p1a: Iron Treads|93/100|[from] item: Leftovers
|upkeep
|turn|19
|
|t:|1779851253
|move|p1a: Iron Treads|Rapid Spin|p2a: Pecharunt
|-immune|p2a: Pecharunt
|move|p2a: Pecharunt|Foul Play|p1a: Iron Treads
|-damage|p1a: Iron Treads|71/100
|
|-heal|p1a: Iron Treads|77/100|[from] item: Leftovers
|upkeep
|turn|20
|
|t:|1779851263
|move|p1a: Iron Treads|Earthquake|p2a: Pecharunt
|-supereffective|p2a: Pecharunt
|-damage|p2a: Pecharunt|0 fnt
|faint|p2a: Pecharunt
|
|-heal|p1a: Iron Treads|83/100|[from] item: Leftovers
|upkeep
|
|t:|1779851270
|switch|p2a: Ogerpon|Ogerpon, F|100/100
|turn|21
|
|t:|1779851281
|move|p2a: Ogerpon|Encore|p1a: Iron Treads
|-start|p1a: Iron Treads|Encore
|move|p1a: Iron Treads|Earthquake|p2a: Ogerpon
|-resisted|p2a: Ogerpon
|-damage|p2a: Ogerpon|72/100
|
|-heal|p1a: Iron Treads|89/100|[from] item: Leftovers
|upkeep
|turn|22
|
|t:|1779851289
|-end|p1a: Iron Treads|Quark Drive|[silent]
|switch|p1a: Alomomola|Alomomola, M|48/100
|-damage|p1a: Alomomola|31/100|[from] Spikes
|-damage|p1a: Alomomola|18/100|[from] Stealth Rock
|move|p2a: Ogerpon|Ivy Cudgel|p1a: Alomomola
|-supereffective|p1a: Alomomola
|-crit|p1a: Alomomola
|-damage|p1a: Alomomola|0 fnt
|faint|p1a: Alomomola
|
|upkeep
|
|t:|1779851301
|switch|p1a: Iron Treads|Iron Treads|89/100
|-damage|p1a: Iron Treads|72/100|[from] Spikes
|-damage|p1a: Iron Treads|69/100|[from] Stealth Rock
|turn|23
|
|t:|1779851311
|move|p2a: Ogerpon|U-turn|p1a: Iron Treads
|-resisted|p1a: Iron Treads
|-damage|p1a: Iron Treads|60/100
|
|t:|1779851323
|switch|p2a: Walking Wake|Walking Wake, tera:Water|6/100|[from] U-turn
|-damage|p2a: Walking Wake|0 fnt|[from] Stealth Rock
|faint|p2a: Walking Wake
|-end|p2a: Walking Wake|Protosynthesis|[silent]
|move|p1a: Iron Treads|Rapid Spin|p2: Walking Wake|[notarget]
|-fail|p1a: Iron Treads
|
|-heal|p1a: Iron Treads|66/100|[from] item: Leftovers
|upkeep
|
|t:|1779851330
|switch|p2a: Gliscor|Gliscor, M|34/100
|-damage|p2a: Gliscor|22/100|[from] Stealth Rock
|turn|24
|
|t:|1779851336
|move|p1a: Iron Treads|Ice Spinner|p2a: Gliscor
|-supereffective|p2a: Gliscor
|-damage|p2a: Gliscor|0 fnt
|faint|p2a: Gliscor
|
|-heal|p1a: Iron Treads|72/100|[from] item: Leftovers
|upkeep
|
|t:|1779851347
|switch|p2a: Corviknight|Corviknight, M|100/100
|-ability|p2a: Corviknight|Pressure
|turn|25
|
|t:|1779851363
|move|p1a: Iron Treads|Rapid Spin|p2a: Corviknight
|-resisted|p2a: Corviknight
|-damage|p2a: Corviknight|96/100
|-boost|p1a: Iron Treads|spe|1
|-sideend|p1: RunicImpulse|Spikes|[from] move: Rapid Spin|[of] p1a: Iron Treads
|-sideend|p1: RunicImpulse|Stealth Rock|[from] move: Rapid Spin|[of] p1a: Iron Treads
|move|p2a: Corviknight|Body Press|p1a: Iron Treads
|-supereffective|p1a: Iron Treads
|-damage|p1a: Iron Treads|29/100
|
|-heal|p1a: Iron Treads|35/100|[from] item: Leftovers
|upkeep
|turn|26
|
|t:|1779851375
|-end|p1a: Iron Treads|Quark Drive|[silent]
|switch|p1a: Chandelure|Chandelure, F|100/100
|move|p2a: Corviknight|Body Press|p1a: Chandelure
|-immune|p1a: Chandelure
|
|upkeep
|turn|27
|
|t:|1779851385
|move|p1a: Chandelure|Trick|p2a: Corviknight
|-activate|p1a: Chandelure|move: Trick|[of] p2a: Corviknight
|-item|p2a: Corviknight|Choice Specs|[from] move: Trick
|-item|p1a: Chandelure|Heavy-Duty Boots|[from] move: Trick
|move|p2a: Corviknight|U-turn|p1a: Chandelure
|-resisted|p1a: Chandelure
|-damage|p1a: Chandelure|95/100
|
|t:|1779851398
|switch|p2a: Blissey|Blissey, F|100/100|[from] U-turn
|-damage|p2a: Blissey|88/100|[from] Stealth Rock
|
|upkeep
|turn|28
|
|t:|1779851416
|switch|p1a: Tornadus|Tornadus-Therian, M, tera:Water|48/100
|move|p2a: Blissey|Stealth Rock|p1a: Tornadus
|-sidestart|p1: RunicImpulse|move: Stealth Rock
|
|upkeep
|turn|29
|
|t:|1779851421
|move|p1a: Tornadus|U-turn|p2a: Blissey
|-damage|p2a: Blissey|74/100
|
|t:|1779851430
|switch|p1a: Iron Treads|Iron Treads|35/100|[from] U-turn
|-damage|p1a: Iron Treads|32/100|[from] Stealth Rock
|move|p2a: Blissey|Seismic Toss|p1a: Iron Treads
|-damage|p1a: Iron Treads|4/100
|
|-heal|p1a: Iron Treads|10/100|[from] item: Leftovers
|upkeep
|turn|30
|
|t:|1779851437
|move|p1a: Iron Treads|Rapid Spin|p2a: Blissey
|-damage|p2a: Blissey|61/100
|-boost|p1a: Iron Treads|spe|1
|-sideend|p1: RunicImpulse|Stealth Rock|[from] move: Rapid Spin|[of] p1a: Iron Treads
|move|p2a: Blissey|Seismic Toss|p1a: Iron Treads
|-damage|p1a: Iron Treads|0 fnt
|faint|p1a: Iron Treads
|-end|p1a: Iron Treads|Quark Drive|[silent]
|
|upkeep
|
|t:|1779851444
|switch|p1a: Scizor|Scizor, M|41/100
|turn|31
|
|t:|1779851455
|move|p1a: Scizor|Close Combat|p2a: Blissey
|-supereffective|p2a: Blissey
|-damage|p2a: Blissey|0 fnt
|-unboost|p1a: Scizor|def|1
|-unboost|p1a: Scizor|spd|1
|faint|p2a: Blissey
|
|upkeep
|
|t:|1779851474
|switch|p2a: Ogerpon|Ogerpon, F|72/100
|turn|32
|
|t:|1779851489
|switch|p1a: Tornadus|Tornadus-Therian, M, tera:Water|81/100
|move|p2a: Ogerpon|U-turn|p1a: Tornadus
|-damage|p1a: Tornadus|55/100
|inactive|claudechamp has 120 seconds left.
|
|t:|1779851503
|switch|p2a: Corviknight|Corviknight, M|96/100|[from] U-turn
|-damage|p2a: Corviknight|84/100|[from] Stealth Rock
|-ability|p2a: Corviknight|Pressure
|
|upkeep
|turn|33
|inactive|claudechamp has 120 seconds left.
|
|t:|1779851521
|move|p1a: Tornadus|Heat Wave|p2a: Corviknight
|-supereffective|p2a: Corviknight
|-damage|p2a: Corviknight|38/100
|move|p2a: Corviknight|Roost|p2a: Corviknight
|-heal|p2a: Corviknight|88/100
|-singleturn|p2a: Corviknight|move: Roost
|
|upkeep
|turn|34
|inactive|claudechamp has 120 seconds left.
|
|t:|1779851527
|move|p1a: Tornadus|U-turn|p2a: Corviknight
|-resisted|p2a: Corviknight
|-damage|p2a: Corviknight|85/100
|
|t:|1779851529
|switch|p1a: Chandelure|Chandelure, F|95/100|[from] U-turn
|move|p2a: Corviknight|Roost|p2a: Corviknight
|-heal|p2a: Corviknight|100/100
|-singleturn|p2a: Corviknight|move: Roost
|
|upkeep
|turn|35
|
|t:|1779851538
|switch|p2a: Ogerpon|Ogerpon, F|72/100
|move|p1a: Chandelure|Overheat|p2a: Ogerpon|[miss]
|-miss|p1a: Chandelure|p2a: Ogerpon
|
|upkeep
|turn|36
|
|t:|1779851548
|move|p2a: Ogerpon|Knock Off|p1a: Chandelure
|-supereffective|p1a: Chandelure
|-damage|p1a: Chandelure|2/100
|-enditem|p1a: Chandelure|Heavy-Duty Boots|[from] move: Knock Off|[of] p2a: Ogerpon
|move|p1a: Chandelure|Overheat|p2a: Ogerpon
|-supereffective|p2a: Ogerpon
|-damage|p2a: Ogerpon|0 fnt
|-unboost|p1a: Chandelure|spa|2
|faint|p2a: Ogerpon
|
|upkeep
|
|t:|1779851555
|switch|p2a: Corviknight|Corviknight, M|100/100
|-damage|p2a: Corviknight|88/100|[from] Stealth Rock
|-ability|p2a: Corviknight|Pressure
|turn|37
|
|t:|1779851570
|move|p1a: Chandelure|Overheat|p2a: Corviknight|[miss]
|-miss|p1a: Chandelure|p2a: Corviknight
|move|p2a: Corviknight|Roost|p2a: Corviknight
|-heal|p2a: Corviknight|100/100
|-singleturn|p2a: Corviknight|move: Roost
|
|upkeep
|turn|38
|
|t:|1779851586
|switch|p1a: Iron Valiant|Iron Valiant|78/100
|move|p2a: Corviknight|Roost||[still]
|-fail|p2a: Corviknight|heal
|
|upkeep
|turn|39
|
|t:|1779851593
|move|p1a: Iron Valiant|Thunderbolt|p2a: Corviknight
|-supereffective|p2a: Corviknight
|-damage|p2a: Corviknight|15/100
|move|p2a: Corviknight|Roost|p2a: Corviknight
|-heal|p2a: Corviknight|65/100
|-singleturn|p2a: Corviknight|move: Roost
|
|upkeep
|turn|40
|
|t:|1779851601
|move|p1a: Iron Valiant|Thunderbolt|p2a: Corviknight
|-supereffective|p2a: Corviknight
|-damage|p2a: Corviknight|0 fnt
|faint|p2a: Corviknight
|
|win|RunicImpulse
|raw|RunicImpulse's rating: 1279 &rarr; <strong>1299</strong><br />(+20 for winning)
|raw|claudechamp's rating: 1214 &rarr; <strong>1194</strong><br />(-20 for losing)
|c|☆claudechamp|gg
|l|☆RunicImpulse
|player|p1|
