|j|☆Loosecgoose
|j|☆claudechamp
|t:|1779888568
|gametype|singles
|player|p1|Loosecgoose|turo|1258
|player|p2|claudechamp|169|1212
|gen|9
|tier|[Gen 9] OU
|rated|
|rule|HP Percentage Mod: HP is shown in percentages
|rule|Endless Battle Clause: Forcing endless battles is banned
|rule|Species Clause: Limit one of each Pokémon
|rule|OHKO Clause: OHKO moves are banned
|rule|Evasion Items Clause: Evasion items are banned
|rule|Evasion Moves Clause: Evasion moves are banned
|rule|Evasion Abilities Clause: Evasion abilities are banned
|rule|Sleep Moves Clause: Sleep-inducing moves are banned
|clearpoke
|poke|p1|Dondozo, M|
|poke|p1|Blissey, F|
|poke|p1|Corviknight, M|
|poke|p1|Weezing-Galar, M|
|poke|p1|Gliscor, M|
|poke|p1|Toxapex, F|
|poke|p2|Gliscor, F|
|poke|p2|Ogerpon, F|
|poke|p2|Walking Wake|
|poke|p2|Blissey, F|
|poke|p2|Corviknight, M|
|poke|p2|Pecharunt|
|teampreview
|inactive|Battle timer is ON: inactive players will automatically lose when time's up. (requested by Loosecgoose)
|c|☆claudechamp|hf
|inactive|claudechamp also wants the timer to be on.
|
|t:|1779888582
|teamsize|p1|6
|teamsize|p2|6
|start
|switch|p1a: Weezing|Weezing-Galar, M|100/100
|switch|p2a: Gliscor|Gliscor, F|100/100
|-ability|p1a: Weezing|Neutralizing Gas
|turn|1
|
|t:|1779888587
|move|p2a: Gliscor|Spikes|p1a: Weezing
|-sidestart|p1: Loosecgoose|Spikes
|move|p1a: Weezing|Will-O-Wisp|p2a: Gliscor
|-status|p2a: Gliscor|brn
|
|-damage|p2a: Gliscor|94/100 brn|[from] brn
|upkeep
|turn|2
|
|t:|1779888592
|move|p2a: Gliscor|Spikes|p1a: Weezing
|-sidestart|p1: Loosecgoose|Spikes
|move|p1a: Weezing|Defog|p2a: Gliscor
|-unboost|p2a: Gliscor|evasion|1
|-sideend|p1: Loosecgoose|Spikes|[from] move: Defog|[of] p1a: Weezing
|
|-damage|p2a: Gliscor|88/100 brn|[from] brn
|upkeep
|turn|3
|
|t:|1779888595
|-end|p1a: Weezing|ability: Neutralizing Gas
|switch|p1a: Gliscor|Gliscor, M|100/100
|move|p2a: Gliscor|Earthquake|p1a: Gliscor
|-immune|p1a: Gliscor
|
|-damage|p2a: Gliscor|82/100 brn|[from] brn
|-status|p1a: Gliscor|tox|[from] item: Toxic Orb
|upkeep
|turn|4
|
|t:|1779888602
|switch|p2a: Blissey|Blissey, F|100/100
|move|p1a: Gliscor|Knock Off|p2a: Blissey
|-damage|p2a: Blissey|79/100
|-enditem|p2a: Blissey|Heavy-Duty Boots|[from] move: Knock Off|[of] p1a: Gliscor
|
|upkeep
|turn|5
|
|t:|1779888605
|move|p1a: Gliscor|Earthquake|p2a: Blissey
|-damage|p2a: Blissey|46/100
|move|p2a: Blissey|Stealth Rock|p1a: Gliscor
|-sidestart|p1: Loosecgoose|move: Stealth Rock
|
|upkeep
|turn|6
|
|t:|1779888610
|move|p1a: Gliscor|Earthquake|p2a: Blissey
|-crit|p2a: Blissey
|-damage|p2a: Blissey|0 fnt
|faint|p2a: Blissey
|
|upkeep
|
|t:|1779888614
|switch|p2a: Walking Wake|Walking Wake|100/100
|turn|7
|
|t:|1779888616
|switch|p1a: Blissey|Blissey, F|100/100
|-damage|p1a: Blissey|88/100|[from] Stealth Rock
|move|p2a: Walking Wake|Surf|p1a: Blissey
|-damage|p1a: Blissey|74/100
|
|-heal|p1a: Blissey|80/100|[from] item: Leftovers
|upkeep
|turn|8
|
|t:|1779888622
|move|p2a: Walking Wake|Knock Off|p1a: Blissey
|-damage|p1a: Blissey|61/100
|-enditem|p1a: Blissey|Leftovers|[from] move: Knock Off|[of] p2a: Walking Wake
|move|p1a: Blissey|Calm Mind|p1a: Blissey
|-boost|p1a: Blissey|spa|1
|-boost|p1a: Blissey|spd|1
|
|upkeep
|turn|9
|
|t:|1779888627
|move|p2a: Walking Wake|Surf|p1a: Blissey
|-damage|p1a: Blissey|52/100
|move|p1a: Blissey|Soft-Boiled|p1a: Blissey
|-heal|p1a: Blissey|100/100
|
|upkeep
|turn|10
|
|t:|1779888630
|-end|p2a: Walking Wake|Protosynthesis|[silent]
|switch|p2a: Ogerpon|Ogerpon, F|100/100
|move|p1a: Blissey|Seismic Toss|p2a: Ogerpon
|-damage|p2a: Ogerpon|67/100
|
|upkeep
|turn|11
|
|t:|1779888636
|switch|p1a: Toxapex|Toxapex, F|100/100
|-damage|p1a: Toxapex|88/100|[from] Stealth Rock
|move|p2a: Ogerpon|Ivy Cudgel|p1a: Toxapex
|-damage|p1a: Toxapex|47/100
|
|-heal|p1a: Toxapex|53/100|[from] item: Leftovers
|upkeep
|turn|12
|
|t:|1779888640
|move|p2a: Ogerpon|Ivy Cudgel|p1a: Toxapex
|-damage|p1a: Toxapex|13/100
|move|p1a: Toxapex|Toxic|p2a: Ogerpon
|-status|p2a: Ogerpon|tox
|
|-heal|p1a: Toxapex|20/100|[from] item: Leftovers
|-damage|p2a: Ogerpon|61/100 tox|[from] psn
|upkeep
|turn|13
|
|t:|1779888645
|switch|p2a: Walking Wake|Walking Wake|100/100
|switch|p1a: Corviknight|Corviknight, M|100/100
|-damage|p1a: Corviknight|88/100|[from] Stealth Rock
|-ability|p1a: Corviknight|Pressure
|
|-heal|p1a: Corviknight|94/100|[from] item: Leftovers
|upkeep
|turn|14
|
|t:|1779888661
|switch|p1a: Blissey|Blissey, F|100/100
|-damage|p1a: Blissey|88/100|[from] Stealth Rock
|move|p2a: Walking Wake|Surf|p1a: Blissey
|-damage|p1a: Blissey|74/100
|
|upkeep
|turn|15
|
|t:|1779888665
|move|p2a: Walking Wake|Surf|p1a: Blissey
|-damage|p1a: Blissey|61/100
|move|p1a: Blissey|Calm Mind|p1a: Blissey
|-boost|p1a: Blissey|spa|1
|-boost|p1a: Blissey|spd|1
|
|upkeep
|turn|16
|
|t:|1779888670
|-end|p2a: Walking Wake|Protosynthesis|[silent]
|switch|p2a: Corviknight|Corviknight, M|100/100
|-ability|p2a: Corviknight|Pressure
|move|p1a: Blissey|Soft-Boiled|p1a: Blissey
|-heal|p1a: Blissey|100/100
|
|upkeep
|turn|17
|
|t:|1779888684
|switch|p1a: Toxapex|Toxapex, F|53/100
|-damage|p1a: Toxapex|40/100|[from] Stealth Rock
|move|p2a: Corviknight|Body Press|p1a: Toxapex
|-resisted|p1a: Toxapex
|-damage|p1a: Toxapex|30/100
|
|-heal|p1a: Toxapex|36/100|[from] item: Leftovers
|upkeep
|turn|18
|
|t:|1779888689
|switch|p1a: Corviknight|Corviknight, M|94/100
|-damage|p1a: Corviknight|82/100|[from] Stealth Rock
|-ability|p1a: Corviknight|Pressure
|move|p2a: Corviknight|U-turn|p1a: Corviknight
|-resisted|p1a: Corviknight
|-damage|p1a: Corviknight|80/100
|
|t:|1779888693
|switch|p2a: Walking Wake|Walking Wake|100/100|[from] U-turn
|
|-heal|p1a: Corviknight|86/100|[from] item: Leftovers
|upkeep
|turn|19
|
|t:|1779888698
|move|p2a: Walking Wake|Surf|p1a: Corviknight
|-damage|p1a: Corviknight|39/100
|move|p1a: Corviknight|Defog|p2a: Walking Wake
|-unboost|p2a: Walking Wake|evasion|1
|-sideend|p1: Loosecgoose|Stealth Rock|[from] move: Defog|[of] p1a: Corviknight
|
|-heal|p1a: Corviknight|45/100|[from] item: Leftovers
|upkeep
|turn|20
|
|t:|1779888706
|switch|p1a: Toxapex|Toxapex, F|69/100
|move|p2a: Walking Wake|Knock Off|p1a: Toxapex
|-damage|p1a: Toxapex|56/100
|-enditem|p1a: Toxapex|Leftovers|[from] move: Knock Off|[of] p2a: Walking Wake
|
|upkeep
|turn|21
|
|t:|1779888714
|move|p2a: Walking Wake|Surf|p1a: Toxapex
|-resisted|p1a: Toxapex
|-damage|p1a: Toxapex|41/100
|move|p1a: Toxapex|Toxic|p2a: Walking Wake
|-status|p2a: Walking Wake|tox
|
|-damage|p2a: Walking Wake|94/100 tox|[from] psn
|upkeep
|turn|22
|
|t:|1779888726
|switch|p1a: Blissey|Blissey, F|100/100
|move|p2a: Walking Wake|Draco Meteor|p1a: Blissey
|-crit|p1a: Blissey
|-damage|p1a: Blissey|71/100
|-unboost|p2a: Walking Wake|spa|2
|
|-damage|p2a: Walking Wake|82/100 tox|[from] psn
|upkeep
|turn|23
|
|t:|1779888731
|move|p2a: Walking Wake|Surf|p1a: Blissey
|-damage|p1a: Blissey|64/100
|move|p1a: Blissey|Stealth Rock|p2a: Walking Wake
|-sidestart|p2: claudechamp|move: Stealth Rock
|
|-damage|p2a: Walking Wake|63/100 tox|[from] psn
|upkeep
|turn|24
|
|t:|1779888741
|-end|p2a: Walking Wake|Protosynthesis|[silent]
|switch|p2a: Pecharunt|Pecharunt|100/100
|move|p1a: Blissey|Soft-Boiled|p1a: Blissey
|-heal|p1a: Blissey|100/100
|
|upkeep
|turn|25
|
|t:|1779888745
|move|p2a: Pecharunt|Parting Shot|p1a: Blissey
|-unboost|p1a: Blissey|atk|1
|-unboost|p1a: Blissey|spa|1
|
|t:|1779888750
|switch|p2a: Corviknight|Corviknight, M|100/100|[from] Parting Shot
|-ability|p2a: Corviknight|Pressure
|move|p1a: Blissey|Calm Mind|p1a: Blissey
|-boost|p1a: Blissey|spa|1
|-boost|p1a: Blissey|spd|1
|
|upkeep
|turn|26
|
|t:|1779888760
|switch|p1a: Gliscor|Gliscor, M|100/100 tox
|move|p2a: Corviknight|U-turn|p1a: Gliscor
|-resisted|p1a: Gliscor
|-damage|p1a: Gliscor|95/100 tox
|
|t:|1779888770
|switch|p2a: Walking Wake|Walking Wake|63/100 tox|[from] U-turn
|
|-damage|p2a: Walking Wake|57/100 tox|[from] psn
|-heal|p1a: Gliscor|100/100 tox|[from] ability: Poison Heal
|upkeep
|turn|27
|
|t:|1779888775
|move|p1a: Gliscor|Protect|p1a: Gliscor
|-singleturn|p1a: Gliscor|Protect
|move|p2a: Walking Wake|Surf|p1a: Gliscor
|-activate|p1a: Gliscor|move: Protect
|
|-damage|p2a: Walking Wake|45/100 tox|[from] psn
|upkeep
|turn|28
|
|t:|1779888780
|switch|p1a: Toxapex|Toxapex, F|75/100
|move|p2a: Walking Wake|Surf|p1a: Toxapex
|-resisted|p1a: Toxapex
|-damage|p1a: Toxapex|61/100
|
|-damage|p2a: Walking Wake|26/100 tox|[from] psn
|upkeep
|turn|29
|
|t:|1779888795
|-end|p2a: Walking Wake|Protosynthesis|[silent]
|switch|p2a: Pecharunt|Pecharunt|100/100
|move|p1a: Toxapex|Recover|p1a: Toxapex
|-heal|p1a: Toxapex|100/100
|
|upkeep
|turn|30
|
|t:|1779888802
|move|p2a: Pecharunt|Parting Shot|p1a: Toxapex
|-unboost|p1a: Toxapex|atk|1
|-unboost|p1a: Toxapex|spa|1
|
|t:|1779888812
|switch|p2a: Walking Wake|Walking Wake|26/100 tox|[from] Parting Shot
|move|p1a: Toxapex|Haze|p1a: Toxapex
|-clearallboost
|
|-damage|p2a: Walking Wake|20/100 tox|[from] psn
|upkeep
|turn|31
|
|t:|1779888831
|switch|p1a: Blissey|Blissey, F|100/100
|move|p2a: Walking Wake|Surf|p1a: Blissey
|-damage|p1a: Blissey|85/100
|
|-damage|p2a: Walking Wake|8/100 tox|[from] psn
|upkeep
|turn|32
|
|t:|1779888844
|-end|p2a: Walking Wake|Protosynthesis|[silent]
|switch|p2a: Pecharunt|Pecharunt|100/100
|move|p1a: Blissey|Seismic Toss|p2a: Pecharunt
|-immune|p2a: Pecharunt
|
|upkeep
|turn|33
|
|t:|1779888854
|move|p2a: Pecharunt|Parting Shot|p1a: Blissey
|-unboost|p1a: Blissey|atk|1
|-unboost|p1a: Blissey|spa|1
|
|t:|1779888859
|switch|p2a: Corviknight|Corviknight, M|100/100|[from] Parting Shot
|-ability|p2a: Corviknight|Pressure
|move|p1a: Blissey|Calm Mind|p1a: Blissey
|-boost|p1a: Blissey|spa|1
|-boost|p1a: Blissey|spd|1
|
|upkeep
|turn|34
|
|t:|1779888870
|switch|p1a: Gliscor|Gliscor, M|100/100 tox
|move|p2a: Corviknight|U-turn|p1a: Gliscor
|-resisted|p1a: Gliscor
|-damage|p1a: Gliscor|95/100 tox
|
|t:|1779888877
|switch|p2a: Pecharunt|Pecharunt|100/100|[from] U-turn
|
|-heal|p1a: Gliscor|100/100 tox|[from] ability: Poison Heal
|upkeep
|turn|35
|
|t:|1779888887
|move|p1a: Gliscor|Knock Off|p2a: Pecharunt
|-supereffective|p2a: Pecharunt
|-damage|p2a: Pecharunt|82/100
|-enditem|p2a: Pecharunt|Heavy-Duty Boots|[from] move: Knock Off|[of] p1a: Gliscor
|move|p2a: Pecharunt|Malignant Chain|p1a: Gliscor
|-resisted|p1a: Gliscor
|-damage|p1a: Gliscor|89/100 tox
|
|-heal|p1a: Gliscor|100/100 tox|[from] ability: Poison Heal
|upkeep
|turn|36
|
|t:|1779888896
|move|p1a: Gliscor|Spikes|p2a: Pecharunt
|-sidestart|p2: claudechamp|Spikes
|move|p2a: Pecharunt|Recover|p2a: Pecharunt
|-heal|p2a: Pecharunt|100/100
|
|upkeep
|turn|37
|
|t:|1779888902
|move|p1a: Gliscor|Spikes|p2a: Pecharunt
|-sidestart|p2: claudechamp|Spikes
|move|p2a: Pecharunt|Parting Shot|p1a: Gliscor
|-unboost|p1a: Gliscor|atk|1
|-unboost|p1a: Gliscor|spa|1
|
|t:|1779888912
|switch|p2a: Corviknight|Corviknight, M|100/100|[from] Parting Shot
|-ability|p2a: Corviknight|Pressure
|
|upkeep
|turn|38
|
|t:|1779888922
|move|p1a: Gliscor|Knock Off|p2a: Corviknight
|-damage|p2a: Corviknight|92/100
|-enditem|p2a: Corviknight|Heavy-Duty Boots|[from] move: Knock Off|[of] p1a: Gliscor
|move|p2a: Corviknight|U-turn|p1a: Gliscor
|-resisted|p1a: Gliscor
|-damage|p1a: Gliscor|95/100 tox
|
|t:|1779888933
|switch|p2a: Gliscor|Gliscor, F|82/100 brn|[from] U-turn
|-damage|p2a: Gliscor|69/100 brn|[from] Stealth Rock
|
|-heal|p1a: Gliscor|100/100 tox|[from] ability: Poison Heal
|-damage|p2a: Gliscor|63/100 brn|[from] brn
|upkeep
|turn|39
|
|t:|1779888945
|move|p2a: Gliscor|Spikes|p1a: Gliscor
|-sidestart|p1: Loosecgoose|Spikes
|move|p1a: Gliscor|Spikes|p2a: Gliscor
|-sidestart|p2: claudechamp|Spikes
|
|-damage|p2a: Gliscor|57/100 brn|[from] brn
|upkeep
|turn|40
|
|t:|1779888952
|move|p2a: Gliscor|Spikes|p1a: Gliscor
|-sidestart|p1: Loosecgoose|Spikes
|move|p1a: Gliscor|Knock Off|p2a: Gliscor
|-damage|p2a: Gliscor|46/100 brn
|-enditem|p2a: Gliscor|Toxic Orb|[from] move: Knock Off|[of] p1a: Gliscor
|
|-damage|p2a: Gliscor|40/100 brn|[from] brn
|upkeep
|turn|41
|
|t:|1779888966
|switch|p2a: Corviknight|Corviknight, M|92/100
|-damage|p2a: Corviknight|79/100|[from] Stealth Rock
|-ability|p2a: Corviknight|Pressure
|switch|p1a: Corviknight|Corviknight, M|45/100
|-ability|p1a: Corviknight|Pressure
|
|-heal|p1a: Corviknight|51/100|[from] item: Leftovers
|upkeep
|turn|42
|
|t:|1779888972
|move|p2a: Corviknight|Thief|p1a: Corviknight
|-damage|p1a: Corviknight|44/100
|-enditem|p1a: Corviknight|Leftovers|[silent]|[from] move: Thief|[of] p2a: Corviknight
|-item|p2a: Corviknight|Leftovers|[from] move: Thief|[of] p1a: Corviknight
|move|p1a: Corviknight|Roost|p1a: Corviknight
|-heal|p1a: Corviknight|94/100
|-singleturn|p1a: Corviknight|move: Roost
|
|-heal|p2a: Corviknight|86/100|[from] item: Leftovers
|upkeep
|turn|43
|
|t:|1779888983
|move|p2a: Corviknight|Body Press|p1a: Corviknight
|-damage|p1a: Corviknight|79/100
|move|p1a: Corviknight|Iron Defense|p1a: Corviknight
|-boost|p1a: Corviknight|def|2
|
|-heal|p2a: Corviknight|92/100|[from] item: Leftovers
|upkeep
|turn|44
|
|t:|1779888991
|move|p2a: Corviknight|Body Press|p1a: Corviknight
|-damage|p1a: Corviknight|72/100
|move|p1a: Corviknight|Body Press|p2a: Corviknight
|-damage|p2a: Corviknight|59/100
|
|-heal|p2a: Corviknight|65/100|[from] item: Leftovers
|upkeep
|turn|45
|
|t:|1779889000
|switch|p2a: Pecharunt|Pecharunt|100/100
|-damage|p2a: Pecharunt|88/100|[from] Stealth Rock
|-damage|p2a: Pecharunt|63/100|[from] Spikes
|move|p1a: Corviknight|Iron Defense|p1a: Corviknight
|-boost|p1a: Corviknight|def|2
|
|upkeep
|turn|46
|
|t:|1779889025
|move|p2a: Pecharunt|Foul Play|p1a: Corviknight
|-damage|p1a: Corviknight|68/100
|move|p1a: Corviknight|Iron Defense|p1a: Corviknight
|-boost|p1a: Corviknight|def|2
|
|upkeep
|turn|47
|
|t:|1779889030
|move|p2a: Pecharunt|Foul Play|p1a: Corviknight
|-damage|p1a: Corviknight|66/100
|move|p1a: Corviknight|Roost|p1a: Corviknight
|-heal|p1a: Corviknight|100/100
|-singleturn|p1a: Corviknight|move: Roost
|
|upkeep
|turn|48
|
|t:|1779889040
|move|p2a: Pecharunt|Parting Shot|p1a: Corviknight
|-unboost|p1a: Corviknight|atk|1
|-unboost|p1a: Corviknight|spa|1
|
|t:|1779889046
|switch|p2a: Walking Wake|Walking Wake|8/100 tox|[from] Parting Shot
|move|p1a: Corviknight|Iron Defense|p1a: Corviknight
|-boost|p1a: Corviknight|def|0
|
|-damage|p2a: Walking Wake|1/100 tox|[from] psn
|upkeep
|turn|49
|
|t:|1779889056
|move|p2a: Walking Wake|Surf|p1a: Corviknight
|-damage|p1a: Corviknight|55/100
|move|p1a: Corviknight|Roost|p1a: Corviknight
|-heal|p1a: Corviknight|100/100
|-singleturn|p1a: Corviknight|move: Roost
|
|-damage|p2a: Walking Wake|0 fnt|[from] psn
|faint|p2a: Walking Wake
|-end|p2a: Walking Wake|Protosynthesis|[silent]
|upkeep
|
|t:|1779889065
|switch|p2a: Pecharunt|Pecharunt|63/100
|-damage|p2a: Pecharunt|51/100|[from] Stealth Rock
|-damage|p2a: Pecharunt|26/100|[from] Spikes
|turn|50
|
|t:|1779889070
|move|p2a: Pecharunt|Foul Play|p1a: Corviknight
|-damage|p1a: Corviknight|98/100
|move|p1a: Corviknight|Iron Defense|p1a: Corviknight
|-boost|p1a: Corviknight|def|0
|
|upkeep
|turn|51
|
|t:|1779889078
|move|p2a: Pecharunt|Foul Play|p1a: Corviknight
|-damage|p1a: Corviknight|96/100
|move|p1a: Corviknight|Iron Defense|p1a: Corviknight
|-boost|p1a: Corviknight|def|0
|
|upkeep
|turn|52
|
|t:|1779889087
|move|p2a: Pecharunt|Parting Shot|p1a: Corviknight
|-unboost|p1a: Corviknight|atk|1
|-unboost|p1a: Corviknight|spa|1
|
|t:|1779889093
|switch|p2a: Gliscor|Gliscor, F|40/100 brn|[from] Parting Shot
|-damage|p2a: Gliscor|28/100 brn|[from] Stealth Rock
|move|p1a: Corviknight|Body Press|p2a: Gliscor
|-resisted|p2a: Gliscor
|-damage|p2a: Gliscor|0 fnt
|faint|p2a: Gliscor
|
|upkeep
|
|t:|1779889102
|switch|p2a: Corviknight|Corviknight, M|65/100
|-damage|p2a: Corviknight|53/100|[from] Stealth Rock
|-ability|p2a: Corviknight|Pressure
|turn|53
|
|t:|1779889112
|-terastallize|p2a: Corviknight|Ghost
|move|p2a: Corviknight|Roost|p2a: Corviknight
|-heal|p2a: Corviknight|100/100
|move|p1a: Corviknight|Body Press|p2a: Corviknight
|-immune|p2a: Corviknight
|
|upkeep
|turn|54
|
|t:|1779889121
|move|p2a: Corviknight|Body Press|p1a: Corviknight
|-damage|p1a: Corviknight|92/100
|move|p1a: Corviknight|Iron Defense|p1a: Corviknight
|-boost|p1a: Corviknight|def|0
|
|upkeep
|turn|55
|
|t:|1779889131
|move|p2a: Corviknight|Body Press|p1a: Corviknight
|-damage|p1a: Corviknight|88/100
|move|p1a: Corviknight|Iron Defense|p1a: Corviknight
|-boost|p1a: Corviknight|def|0
|
|upkeep
|turn|56
|
|t:|1779889140
|move|p2a: Corviknight|Body Press|p1a: Corviknight
|-damage|p1a: Corviknight|84/100
|move|p1a: Corviknight|Iron Defense|p1a: Corviknight
|-boost|p1a: Corviknight|def|0
|
|upkeep
|turn|57
|
|t:|1779889148
|move|p2a: Corviknight|Thief|p1a: Corviknight
|-damage|p1a: Corviknight|82/100
|move|p1a: Corviknight|Iron Defense|p1a: Corviknight
|-boost|p1a: Corviknight|def|0
|
|upkeep
|turn|58
|
|t:|1779889156
|move|p2a: Corviknight|Body Press|p1a: Corviknight
|-damage|p1a: Corviknight|78/100
|move|p1a: Corviknight|Body Press|p2a: Corviknight
|-immune|p2a: Corviknight
|
|upkeep
|turn|59
|
|t:|1779889166
|move|p2a: Corviknight|Thief|p1a: Corviknight
|-damage|p1a: Corviknight|77/100
|move|p1a: Corviknight|Body Press|p2a: Corviknight
|-immune|p2a: Corviknight
|
|upkeep
|turn|60
|
|t:|1779889177
|move|p2a: Corviknight|Body Press|p1a: Corviknight
|-damage|p1a: Corviknight|73/100
|move|p1a: Corviknight|Body Press|p2a: Corviknight
|-immune|p2a: Corviknight
|
|upkeep
|turn|61
|
|t:|1779889187
|move|p2a: Corviknight|Thief|p1a: Corviknight
|-damage|p1a: Corviknight|71/100
|move|p1a: Corviknight|Body Press|p2a: Corviknight
|-immune|p2a: Corviknight
|
|upkeep
|turn|62
|
|t:|1779889197
|move|p2a: Corviknight|Body Press|p1a: Corviknight
|-damage|p1a: Corviknight|67/100
|move|p1a: Corviknight|Iron Defense|p1a: Corviknight
|-boost|p1a: Corviknight|def|0
|
|upkeep
|turn|63
|
|t:|1779889208
|move|p2a: Corviknight|Thief|p1a: Corviknight
|-damage|p1a: Corviknight|65/100
|move|p1a: Corviknight|Roost|p1a: Corviknight
|-heal|p1a: Corviknight|100/100
|-singleturn|p1a: Corviknight|move: Roost
|
|upkeep
|turn|64
|
|t:|1779889216
|move|p2a: Corviknight|U-turn|p1a: Corviknight
|-resisted|p1a: Corviknight
|-damage|p1a: Corviknight|99/100
|
|t:|1779889224
|switch|p2a: Pecharunt|Pecharunt|26/100|[from] U-turn
|-damage|p2a: Pecharunt|13/100|[from] Stealth Rock
|-damage|p2a: Pecharunt|0 fnt|[from] Spikes
|faint|p2a: Pecharunt
|move|p1a: Corviknight|Defog|p2: Pecharunt|[notarget]
|-fail|p1a: Corviknight
|
|upkeep
|
|t:|1779889233
|switch|p2a: Ogerpon|Ogerpon, F|61/100 tox
|turn|65
|
|t:|1779889240
|move|p2a: Ogerpon|Ivy Cudgel|p1a: Corviknight
|-resisted|p1a: Corviknight
|-damage|p1a: Corviknight|98/100
|move|p1a: Corviknight|Body Press|p2a: Ogerpon
|-damage|p2a: Ogerpon|0 fnt
|faint|p2a: Ogerpon
|
|upkeep
|
|t:|1779889248
|switch|p2a: Corviknight|Corviknight, M, tera:Ghost|100/100
|-damage|p2a: Corviknight|88/100|[from] Stealth Rock
|-damage|p2a: Corviknight|63/100|[from] Spikes
|-ability|p2a: Corviknight|Pressure
|turn|66
|
|t:|1779889256
|move|p2a: Corviknight|U-turn|p1a: Corviknight
|-resisted|p1a: Corviknight
|-damage|p1a: Corviknight|97/100
|move|p1a: Corviknight|Defog|p2a: Corviknight
|-unboost|p2a: Corviknight|evasion|1
|-sideend|p2: claudechamp|Spikes|[from] move: Defog|[of] p1a: Corviknight
|-sideend|p2: claudechamp|Stealth Rock|[from] move: Defog|[of] p1a: Corviknight
|-sideend|p1: Loosecgoose|Spikes|[from] move: Defog|[of] p1a: Corviknight
|
|-heal|p2a: Corviknight|70/100|[from] item: Leftovers
|upkeep
|turn|67
|
|t:|1779889264
|move|p2a: Corviknight|U-turn|p1a: Corviknight
|-resisted|p1a: Corviknight
|-damage|p1a: Corviknight|97/100
|move|p1a: Corviknight|Defog|p2a: Corviknight
|-unboost|p2a: Corviknight|evasion|1
|
|-heal|p2a: Corviknight|76/100|[from] item: Leftovers
|upkeep
|turn|68
|
|t:|1779889271
|switch|p1a: Toxapex|Toxapex, F|100/100
|move|p2a: Corviknight|Roost|p2a: Corviknight
|-heal|p2a: Corviknight|100/100
|
|upkeep
|turn|69
|
|t:|1779889278
|move|p2a: Corviknight|Thief|p1a: Toxapex
|-damage|p1a: Toxapex|91/100
|move|p1a: Toxapex|Toxic|p2a: Corviknight
|-status|p2a: Corviknight|tox
|
|-damage|p2a: Corviknight|94/100 tox|[from] psn
|upkeep
|turn|70
|
|t:|1779889287
|move|p2a: Corviknight|Roost|p2a: Corviknight
|-heal|p2a: Corviknight|100/100 tox
|move|p1a: Toxapex|Toxic Spikes|p2a: Corviknight
|-sidestart|p2: claudechamp|move: Toxic Spikes
|
|-damage|p2a: Corviknight|88/100 tox|[from] psn
|upkeep
|turn|71
|
|t:|1779889291
|move|p2a: Corviknight|Thief|p1a: Toxapex
|-damage|p1a: Toxapex|81/100
|move|p1a: Toxapex|Toxic Spikes|p2a: Corviknight
|-sidestart|p2: claudechamp|move: Toxic Spikes
|
|-heal|p2a: Corviknight|94/100 tox|[from] item: Leftovers
|-damage|p2a: Corviknight|76/100 tox|[from] psn
|upkeep
|turn|72
|
|t:|1779889296
|switch|p1a: Blissey|Blissey, F|85/100
|move|p2a: Corviknight|Roost|p2a: Corviknight
|-heal|p2a: Corviknight|100/100 tox
|
|-damage|p2a: Corviknight|76/100 tox|[from] psn
|upkeep
|turn|73
|
|t:|1779889308
|move|p2a: Corviknight|U-turn|p1a: Blissey
|-damage|p1a: Blissey|71/100
|move|p1a: Blissey|Stealth Rock|p2a: Corviknight
|-sidestart|p2: claudechamp|move: Stealth Rock
|
|-heal|p2a: Corviknight|82/100 tox|[from] item: Leftovers
|-damage|p2a: Corviknight|51/100 tox|[from] psn
|upkeep
|turn|74
|
|t:|1779889322
|switch|p1a: Gliscor|Gliscor, M|100/100 tox
|move|p2a: Corviknight|U-turn|p1a: Gliscor
|-resisted|p1a: Gliscor
|-damage|p1a: Gliscor|95/100 tox
|
|-heal|p2a: Corviknight|57/100 tox|[from] item: Leftovers
|-heal|p1a: Gliscor|100/100 tox|[from] ability: Poison Heal
|-damage|p2a: Corviknight|20/100 tox|[from] psn
|upkeep
|turn|75
|
|t:|1779889327
|move|p1a: Gliscor|Spikes|p2a: Corviknight
|-sidestart|p2: claudechamp|Spikes
|move|p2a: Corviknight|Roost|p2a: Corviknight
|-heal|p2a: Corviknight|70/100 tox
|
|-heal|p2a: Corviknight|76/100 tox|[from] item: Leftovers
|-damage|p2a: Corviknight|33/100 tox|[from] psn
|upkeep
|turn|76
|
|t:|1779889336
|move|p1a: Gliscor|Spikes|p2a: Corviknight
|-sidestart|p2: claudechamp|Spikes
|move|p2a: Corviknight|Thief|p1a: Gliscor
|-damage|p1a: Gliscor|91/100 tox
|
|-heal|p2a: Corviknight|39/100 tox|[from] item: Leftovers
|-heal|p1a: Gliscor|100/100 tox|[from] ability: Poison Heal
|-damage|p2a: Corviknight|0 fnt|[from] psn
|faint|p2a: Corviknight
|
|win|Loosecgoose
|raw|Loosecgoose's rating: 1258 &rarr; <strong>1281</strong><br />(+23 for winning)
|raw|claudechamp's rating: 1232 &rarr; <strong>1209</strong><br />(-23 for losing)
|c|☆claudechamp|gg
|l|☆Loosecgoose
|player|p1|
