|j|☆liptight
|j|☆dfih
|t:|1779949887
|gametype|singles
|player|p1|liptight|miku-ghost|1544
|player|p2|dfih|cynthia-masters4|1604
|gen|9
|tier|[Gen 9] OU
|rated|
|rule|HP Percentage Mod: HP is shown in percentages
|rule|Endless Battle Clause: Forcing endless battles is banned
|rule|Species Clause: Limit one of each Pokémon
|rule|OHKO Clause: OHKO moves are banned
|rule|Evasion Items Clause: Evasion items are banned
|rule|Evasion Moves Clause: Evasion moves are banned
|rule|Evasion Abilities Clause: Evasion abilities are banned
|rule|Sleep Moves Clause: Sleep-inducing moves are banned
|clearpoke
|poke|p1|Araquanid, F|
|poke|p1|Gholdengo|
|poke|p1|Iron Moth|
|poke|p1|Iron Valiant|
|poke|p1|Raging Bolt|
|poke|p1|Kingambit, F|
|poke|p2|Slither Wing|
|poke|p2|Ninetales, F|
|poke|p2|Walking Wake|
|poke|p2|Iron Moth|
|poke|p2|Hatterene, F|
|poke|p2|Blaziken, F|
|teampreview
|inactive|Battle timer is ON: inactive players will automatically lose when time's up. (requested by liptight)
|
|t:|1779949905
|teamsize|p1|6
|teamsize|p2|6
|start
|switch|p1a: QUIL|Araquanid, F|100/100
|switch|p2a: Tamamo|Ninetales, F, shiny|100/100
|-weather|SunnyDay|[from] ability: Drought|[of] p2a: Tamamo
|turn|1
|
|t:|1779949911
|switch|p2a: Tonelico|Hatterene, F, shiny|100/100
|move|p1a: QUIL|Sticky Web|p2a: Tonelico
|move|p2a: Tonelico|Sticky Web|p1a: QUIL|[from] ability: Magic Bounce
|-sidestart|p1: liptight|move: Sticky Web
|
|-weather|SunnyDay|[upkeep]
|upkeep
|turn|2
|
|t:|1779949925
|switch|p1a: CALA|Iron Moth|100/100
|-activate|p1a: CALA|move: Sticky Web
|-unboost|p1a: CALA|spe|1
|-enditem|p1a: CALA|Booster Energy
|-activate|p1a: CALA|ability: Quark Drive|[fromitem]
|-start|p1a: CALA|quarkdrivespa
|move|p2a: Tonelico|Nuzzle|p1a: CALA
|-damage|p1a: CALA|94/100
|-status|p1a: CALA|par
|
|-weather|SunnyDay|[upkeep]
|upkeep
|turn|3
|
|t:|1779949930
|move|p1a: CALA|Sludge Wave|p2a: Tonelico
|-supereffective|p2a: Tonelico
|-damage|p2a: Tonelico|0 fnt
|faint|p2a: Tonelico
|
|-weather|SunnyDay|[upkeep]
|upkeep
|
|t:|1779949934
|switch|p2a: Granberia|Walking Wake|100/100
|-activate|p2a: Granberia|ability: Protosynthesis
|-start|p2a: Granberia|protosynthesisspe
|turn|4
|
|t:|1779949938
|move|p2a: Granberia|Hydro Steam|p1a: CALA
|-supereffective|p1a: CALA
|-damage|p1a: CALA|0 fnt
|faint|p1a: CALA
|-end|p1a: CALA|Quark Drive|[silent]
|
|-weather|SunnyDay|[upkeep]
|upkeep
|
|t:|1779949940
|switch|p1a: QUIL|Araquanid, F|100/100
|-activate|p1a: QUIL|move: Sticky Web
|-unboost|p1a: QUIL|spe|1
|turn|5
|
|t:|1779949949
|-end|p2a: Granberia|Protosynthesis|[silent]
|switch|p2a: Infernape's Son|Blaziken, F, shiny|100/100
|move|p1a: QUIL|Sticky Web|p2a: Infernape's Son
|-sidestart|p2: dfih|move: Sticky Web
|
|-weather|SunnyDay|[upkeep]
|upkeep
|turn|6
|
|t:|1779949952
|move|p2a: Infernape's Son|Swords Dance|p2a: Infernape's Son
|-boost|p2a: Infernape's Son|atk|2
|move|p1a: QUIL|Surf|p2a: Infernape's Son
|-supereffective|p2a: Infernape's Son
|-damage|p2a: Infernape's Son|42/100
|
|-weather|SunnyDay|[upkeep]
|-ability|p2a: Infernape's Son|Speed Boost|boost
|-boost|p2a: Infernape's Son|spe|1
|upkeep
|turn|7
|
|t:|1779949956
|move|p2a: Infernape's Son|Swords Dance|p2a: Infernape's Son
|-boost|p2a: Infernape's Son|atk|2
|move|p1a: QUIL|Surf|p2a: Infernape's Son
|-supereffective|p2a: Infernape's Son
|-damage|p2a: Infernape's Son|0 fnt
|faint|p2a: Infernape's Son
|
|-weather|SunnyDay|[upkeep]
|upkeep
|
|t:|1779949961
|switch|p2a: Beru|Slither Wing, shiny|100/100
|-activate|p2a: Beru|move: Sticky Web
|-unboost|p2a: Beru|spe|1
|-activate|p2a: Beru|ability: Protosynthesis
|-start|p2a: Beru|protosynthesisatk
|turn|8
|
|t:|1779949965
|move|p2a: Beru|First Impression|p1a: QUIL
|-damage|p1a: QUIL|0 fnt
|faint|p1a: QUIL
|
|-weather|none
|-end|p2a: Beru|Protosynthesis
|upkeep
|inactive|liptight has 120 seconds left.
|
|t:|1779949997
|switch|p1a: QUZZ|Iron Valiant|100/100
|-activate|p1a: QUZZ|move: Sticky Web
|-unboost|p1a: QUZZ|spe|1
|-enditem|p1a: QUZZ|Booster Energy
|-activate|p1a: QUZZ|ability: Quark Drive|[fromitem]
|-start|p1a: QUZZ|quarkdrivespa
|turn|9
|inactive|dfih has 120 seconds left.
|inactive|dfih has 90 seconds left.
|
|t:|1779950059
|-end|p2a: Beru|Protosynthesis|[silent]
|switch|p2a: Tamamo|Ninetales, F, shiny|100/100
|-activate|p2a: Tamamo|move: Sticky Web
|-unboost|p2a: Tamamo|spe|1
|-weather|SunnyDay|[from] ability: Drought|[of] p2a: Tamamo
|move|p1a: QUZZ|Calm Mind|p1a: QUZZ
|-boost|p1a: QUZZ|spa|1
|-boost|p1a: QUZZ|spd|1
|
|-weather|SunnyDay|[upkeep]
|upkeep
|turn|10
|inactive|liptight has 120 seconds left.
|
|t:|1779950105
|move|p1a: QUZZ|Shadow Ball|p2a: Tamamo
|-damage|p2a: Tamamo|48/100
|move|p2a: Tamamo|Encore|p1a: QUZZ
|-start|p1a: QUZZ|Encore
|
|-weather|SunnyDay|[upkeep]
|upkeep
|turn|11
|
|t:|1779950118
|move|p1a: QUZZ|Shadow Ball|p2a: Tamamo
|-damage|p2a: Tamamo|0 fnt
|faint|p2a: Tamamo
|
|-weather|SunnyDay|[upkeep]
|upkeep
|
|t:|1779950125
|switch|p2a: Granberia|Walking Wake|100/100
|-activate|p2a: Granberia|move: Sticky Web
|-unboost|p2a: Granberia|spe|1
|-activate|p2a: Granberia|ability: Protosynthesis
|-start|p2a: Granberia|protosynthesisspa
|turn|12
|inactive|liptight has 120 seconds left.
|inactive|dfih has 90 seconds left.
|
|t:|1779950143
|-terastallize|p1a: QUZZ|Ghost
|move|p2a: Granberia|Hydro Steam|p1a: QUZZ
|-damage|p1a: QUZZ|0 fnt
|faint|p1a: QUZZ
|-end|p1a: QUZZ|Quark Drive|[silent]
|
|-weather|SunnyDay|[upkeep]
|upkeep
|inactive|liptight has 120 seconds left.
|
|t:|1779950150
|switch|p1a: DELI|Raging Bolt|100/100
|-activate|p1a: DELI|move: Sticky Web
|-unboost|p1a: DELI|spe|1
|-activate|p1a: DELI|ability: Protosynthesis
|-start|p1a: DELI|protosynthesisspa
|turn|13
|inactive|dfih has 90 seconds left.
|
|t:|1779950167
|move|p2a: Granberia|Hydro Steam|p1a: DELI
|-resisted|p1a: DELI
|-damage|p1a: DELI|48/100
|move|p1a: DELI|Dragon Pulse|p2a: Granberia
|-supereffective|p2a: Granberia
|-damage|p2a: Granberia|0 fnt
|faint|p2a: Granberia
|-end|p2a: Granberia|Protosynthesis|[silent]
|
|-weather|SunnyDay|[upkeep]
|upkeep
|j| frinzo
|inactive|dfih has 90 seconds left.
|
|t:|1779950179
|switch|p2a: MOTH|Iron Moth|100/100
|-activate|p2a: MOTH|move: Sticky Web
|-unboost|p2a: MOTH|spe|1
|-enditem|p2a: MOTH|Booster Energy
|-activate|p2a: MOTH|ability: Quark Drive|[fromitem]
|-start|p2a: MOTH|quarkdrivespa
|turn|14
|inactive|dfih has 90 seconds left.
|
|t:|1779950189
|move|p1a: DELI|Thunderclap|p2a: MOTH
|-damage|p2a: MOTH|46/100
|move|p2a: MOTH|Dazzling Gleam|p1a: DELI
|-supereffective|p1a: DELI
|-damage|p1a: DELI|0 fnt
|faint|p1a: DELI
|-end|p1a: DELI|Protosynthesis|[silent]
|
|-weather|SunnyDay|[upkeep]
|upkeep
|
|t:|1779950193
|switch|p1a: TREE?|Gholdengo|100/100
|-item|p1a: TREE?|Air Balloon
|turn|15
|
|t:|1779950196
|move|p1a: TREE?|Psyshock|p2a: MOTH
|-supereffective|p2a: MOTH
|-damage|p2a: MOTH|0 fnt
|faint|p2a: MOTH
|-end|p2a: MOTH|Quark Drive|[silent]
|
|-weather|SunnyDay|[upkeep]
|upkeep
|
|t:|1779950199
|switch|p2a: Beru|Slither Wing, shiny|100/100
|-activate|p2a: Beru|move: Sticky Web
|-unboost|p2a: Beru|spe|1
|-activate|p2a: Beru|ability: Protosynthesis
|-start|p2a: Beru|protosynthesisatk
|turn|16
|
|t:|1779950214
|move|p1a: TREE?|Psyshock|p2a: Beru
|-supereffective|p2a: Beru
|-damage|p2a: Beru|31/100
|move|p2a: Beru|U-turn|p1a: TREE?
|-resisted|p1a: TREE?
|-damage|p1a: TREE?|77/100
|-enditem|p1a: TREE?|Air Balloon
|
|-weather|none
|-end|p2a: Beru|Protosynthesis
|upkeep
|turn|17
|
|t:|1779950218
|move|p1a: TREE?|Psyshock|p2a: Beru
|-supereffective|p2a: Beru
|-damage|p2a: Beru|0 fnt
|faint|p2a: Beru
|-end|p2a: Beru|Protosynthesis|[silent]
|
|win|liptight
|raw|liptight's rating: 1544 &rarr; <strong>1567</strong><br />(+23 for winning)
|raw|dfih's rating: 1604 &rarr; <strong>1581</strong><br />(-23 for losing)
|c|☆liptight|GG
|l|☆dfih
|player|p2|
|c|☆liptight|say it back
|l|☆liptight
|player|p1|
