|j|☆Its shrooin time
|j|☆yuhhhhuhhhh
|t:|1779961583
|gametype|singles
|player|p1|Its shrooin time|1|1068
|player|p2|yuhhhhuhhhh|102|1000
|gen|9
|tier|[Gen 9] OU
|rated|
|rule|HP Percentage Mod: HP is shown in percentages
|rule|Endless Battle Clause: Forcing endless battles is banned
|rule|Species Clause: Limit one of each Pokémon
|rule|OHKO Clause: OHKO moves are banned
|rule|Evasion Items Clause: Evasion items are banned
|rule|Evasion Moves Clause: Evasion moves are banned
|rule|Evasion Abilities Clause: Evasion abilities are banned
|rule|Sleep Moves Clause: Sleep-inducing moves are banned
|clearpoke
|poke|p1|Brute Bonnet|
|poke|p1|Amoonguss, M|
|poke|p1|Breloom, F|
|poke|p1|Goodra, M|
|poke|p1|Orthworm, M|
|poke|p1|Brambleghast, M|
|poke|p2|Ceruledge, M|
|poke|p2|Blaziken, M|
|poke|p2|Corviknight, F|
|poke|p2|Alomomola, M|
|poke|p2|Landorus-Therian, M|
|poke|p2|Dondozo, M|
|teampreview
|
|t:|1779961597
|teamsize|p1|6
|teamsize|p2|6
|start
|switch|p1a: Also not a shroom|Orthworm, M|100/100
|switch|p2a: Blaziken|Blaziken, M|100/100
|-item|p2a: Blaziken|Air Balloon
|turn|1
|
|t:|1779961607
|-terastallize|p1a: Also not a shroom|Electric
|move|p2a: Blaziken|Close Combat|p1a: Also not a shroom
|-damage|p1a: Also not a shroom|60/100
|-unboost|p2a: Blaziken|def|1
|-unboost|p2a: Blaziken|spd|1
|move|p1a: Also not a shroom|Iron Defense|p1a: Also not a shroom
|-boost|p1a: Also not a shroom|def|2
|
|-heal|p1a: Also not a shroom|66/100|[from] item: Leftovers
|upkeep
|turn|2
|
|t:|1779961625
|-terastallize|p2a: Blaziken|Fire
|move|p2a: Blaziken|Blaze Kick|p1a: Also not a shroom
|-damage|p1a: Also not a shroom|48/100
|move|p1a: Also not a shroom|Body Press|p2a: Blaziken
|-damage|p2a: Blaziken|5/100
|-enditem|p2a: Blaziken|Air Balloon
|
|-heal|p1a: Also not a shroom|54/100|[from] item: Leftovers
|upkeep
|turn|3
|
|t:|1779961638
|switch|p2a: Landorus|Landorus-Therian, M|100/100
|-ability|p2a: Landorus|Intimidate|boost
|-unboost|p1a: Also not a shroom|atk|1
|-item|p2a: Landorus|Air Balloon
|move|p1a: Also not a shroom|Heavy Slam|p2a: Landorus
|-damage|p2a: Landorus|77/100
|-enditem|p2a: Landorus|Air Balloon
|
|-heal|p1a: Also not a shroom|60/100|[from] item: Leftovers
|upkeep
|turn|4
|
|t:|1779961651
|move|p2a: Landorus|Bulldoze|p1a: Also not a shroom
|-heal|p1a: Also not a shroom|85/100|[from] ability: Earth Eater|[of] p2a: Landorus
|move|p1a: Also not a shroom|Iron Defense|p1a: Also not a shroom
|-boost|p1a: Also not a shroom|def|2
|
|-heal|p1a: Also not a shroom|91/100|[from] item: Leftovers
|upkeep
|turn|5
|
|t:|1779961659
|move|p2a: Landorus|Bulldoze|p1a: Also not a shroom
|-heal|p1a: Also not a shroom|100/100|[from] ability: Earth Eater|[of] p2a: Landorus
|move|p1a: Also not a shroom|Iron Defense|p1a: Also not a shroom
|-boost|p1a: Also not a shroom|def|2
|
|upkeep
|turn|6
|
|t:|1779961668
|move|p2a: Landorus|Fly||[still]
|-prepare|p2a: Landorus|Fly
|move|p1a: Also not a shroom|Body Press|p2a: Landorus|[miss]
|-miss|p1a: Also not a shroom|p2a: Landorus
|
|upkeep
|turn|7
|
|t:|1779961676
|move|p2a: Landorus|Fly|p1a: Also not a shroom|[from] lockedmove
|-resisted|p1a: Also not a shroom
|-damage|p1a: Also not a shroom|96/100
|move|p1a: Also not a shroom|Body Press|p2a: Landorus
|-resisted|p2a: Landorus
|-damage|p2a: Landorus|26/100
|
|-heal|p1a: Also not a shroom|100/100|[from] item: Leftovers
|upkeep
|turn|8
|
|t:|1779961688
|switch|p2a: Alomomola|Alomomola, M|100/100
|-item|p2a: Alomomola|Air Balloon
|move|p1a: Also not a shroom|Stealth Rock|p2a: Alomomola
|-sidestart|p2: yuhhhhuhhhh|move: Stealth Rock
|
|upkeep
|turn|9
|
|t:|1779961697
|move|p2a: Alomomola|Alluring Voice|p1a: Also not a shroom
|-damage|p1a: Also not a shroom|89/100
|move|p1a: Also not a shroom|Body Press|p2a: Alomomola
|-damage|p2a: Alomomola|28/100
|-enditem|p2a: Alomomola|Air Balloon
|
|-heal|p1a: Also not a shroom|96/100|[from] item: Leftovers
|upkeep
|turn|10
|
|t:|1779961707
|switch|p2a: Corviknight|Corviknight, F|100/100
|-damage|p2a: Corviknight|88/100|[from] Stealth Rock
|-ability|p2a: Corviknight|Pressure
|-item|p2a: Corviknight|Air Balloon
|move|p1a: Also not a shroom|Body Press|p2a: Corviknight
|-damage|p2a: Corviknight|8/100
|-enditem|p2a: Corviknight|Air Balloon
|
|-heal|p1a: Also not a shroom|100/100|[from] item: Leftovers
|upkeep
|turn|11
|
|t:|1779961720
|move|p2a: Corviknight|Brave Bird|p1a: Also not a shroom
|-resisted|p1a: Also not a shroom
|-damage|p1a: Also not a shroom|97/100
|-damage|p2a: Corviknight|7/100|[from] Recoil
|move|p1a: Also not a shroom|Body Press|p2a: Corviknight
|-damage|p2a: Corviknight|0 fnt
|faint|p2a: Corviknight
|
|-heal|p1a: Also not a shroom|100/100|[from] item: Leftovers
|upkeep
|
|t:|1779961732
|switch|p2a: Ceruledge|Ceruledge, M|100/100
|-damage|p2a: Ceruledge|76/100|[from] Stealth Rock
|-item|p2a: Ceruledge|Air Balloon
|turn|12
|
|t:|1779961738
|move|p2a: Ceruledge|Bitter Blade|p1a: Also not a shroom
|-damage|p1a: Also not a shroom|94/100
|-heal|p2a: Ceruledge|80/100|[from] drain|[of] p1a: Also not a shroom
|move|p1a: Also not a shroom|Heavy Slam|p2a: Ceruledge
|-resisted|p2a: Ceruledge
|-damage|p2a: Ceruledge|66/100
|-enditem|p2a: Ceruledge|Air Balloon
|
|-heal|p1a: Also not a shroom|99/100|[from] item: Leftovers
|upkeep
|turn|13
|
|t:|1779961750
|move|p2a: Ceruledge|Close Combat|p1a: Also not a shroom
|-damage|p1a: Also not a shroom|93/100
|-unboost|p2a: Ceruledge|def|1
|-unboost|p2a: Ceruledge|spd|1
|move|p1a: Also not a shroom|Heavy Slam|p2a: Ceruledge
|-resisted|p2a: Ceruledge
|-damage|p2a: Ceruledge|43/100
|
|-heal|p1a: Also not a shroom|99/100|[from] item: Leftovers
|upkeep
|turn|14
|
|t:|1779961763
|switch|p2a: Dondozo|Dondozo, M|100/100
|-damage|p2a: Dondozo|88/100|[from] Stealth Rock
|-item|p2a: Dondozo|Air Balloon
|move|p1a: Also not a shroom|Heavy Slam|p2a: Dondozo
|-resisted|p2a: Dondozo
|-damage|p2a: Dondozo|84/100
|-enditem|p2a: Dondozo|Air Balloon
|
|-heal|p1a: Also not a shroom|100/100|[from] item: Leftovers
|upkeep
|turn|15
|
|t:|1779961778
|move|p1a: Also not a shroom|Body Press|p2a: Dondozo
|-crit|p2a: Dondozo
|-damage|p2a: Dondozo|60/100
|move|p2a: Dondozo|Chilling Water|p1a: Also not a shroom
|-damage|p1a: Also not a shroom|86/100
|-unboost|p1a: Also not a shroom|atk|1
|
|-heal|p1a: Also not a shroom|92/100|[from] item: Leftovers
|upkeep
|turn|16
|
|t:|1779961789
|move|p1a: Also not a shroom|Body Press|p2a: Dondozo
|-damage|p2a: Dondozo|45/100
|move|p2a: Dondozo|Body Press|p1a: Also not a shroom
|-damage|p1a: Also not a shroom|75/100
|
|-heal|p1a: Also not a shroom|81/100|[from] item: Leftovers
|upkeep
|turn|17
|
|t:|1779961803
|switch|p2a: Blaziken|Blaziken, M, tera:Fire|5/100
|-damage|p2a: Blaziken|0 fnt|[from] Stealth Rock
|faint|p2a: Blaziken
|move|p1a: Also not a shroom|Body Press|p2: Blaziken|[notarget]
|-fail|p1a: Also not a shroom
|
|-heal|p1a: Also not a shroom|87/100|[from] item: Leftovers
|upkeep
|
|t:|1779961814
|switch|p2a: Dondozo|Dondozo, M|45/100
|-damage|p2a: Dondozo|33/100|[from] Stealth Rock
|turn|18
|
|t:|1779961821
|switch|p2a: Ceruledge|Ceruledge, M|43/100
|-damage|p2a: Ceruledge|18/100|[from] Stealth Rock
|move|p1a: Also not a shroom|Body Press|p2a: Ceruledge
|-immune|p2a: Ceruledge
|
|-heal|p1a: Also not a shroom|94/100|[from] item: Leftovers
|upkeep
|turn|19
|
|t:|1779961836
|move|p2a: Ceruledge|Bitter Blade|p1a: Also not a shroom
|-damage|p1a: Also not a shroom|87/100
|-heal|p2a: Ceruledge|22/100|[from] drain|[of] p1a: Also not a shroom
|move|p1a: Also not a shroom|Heavy Slam|p2a: Ceruledge
|-resisted|p2a: Ceruledge
|-damage|p2a: Ceruledge|12/100
|
|-heal|p1a: Also not a shroom|93/100|[from] item: Leftovers
|upkeep
|turn|20
|
|t:|1779961847
|move|p2a: Ceruledge|Close Combat|p1a: Also not a shroom
|-damage|p1a: Also not a shroom|85/100
|-unboost|p2a: Ceruledge|def|1
|-unboost|p2a: Ceruledge|spd|1
|move|p1a: Also not a shroom|Heavy Slam|p2a: Ceruledge
|-resisted|p2a: Ceruledge
|-damage|p2a: Ceruledge|0 fnt
|faint|p2a: Ceruledge
|
|-heal|p1a: Also not a shroom|91/100|[from] item: Leftovers
|upkeep
|
|t:|1779961863
|switch|p2a: Dondozo|Dondozo, M|33/100
|-damage|p2a: Dondozo|20/100|[from] Stealth Rock
|turn|21
|
|t:|1779961868
|move|p1a: Also not a shroom|Heavy Slam|p2a: Dondozo
|-resisted|p2a: Dondozo
|-damage|p2a: Dondozo|17/100
|move|p2a: Dondozo|Chilling Water|p1a: Also not a shroom
|-damage|p1a: Also not a shroom|78/100
|-unboost|p1a: Also not a shroom|atk|1
|
|-heal|p1a: Also not a shroom|84/100|[from] item: Leftovers
|upkeep
|turn|22
|
|t:|1779961879
|move|p1a: Also not a shroom|Body Press|p2a: Dondozo
|-damage|p2a: Dondozo|1/100
|move|p2a: Dondozo|Chilling Water|p1a: Also not a shroom
|-damage|p1a: Also not a shroom|71/100
|-unboost|p1a: Also not a shroom|atk|1
|
|-heal|p1a: Also not a shroom|77/100|[from] item: Leftovers
|upkeep
|turn|23
|
|t:|1779961896
|move|p1a: Also not a shroom|Heavy Slam|p2a: Dondozo
|-resisted|p2a: Dondozo
|-damage|p2a: Dondozo|0 fnt
|faint|p2a: Dondozo
|
|-heal|p1a: Also not a shroom|83/100|[from] item: Leftovers
|upkeep
|
|t:|1779961909
|switch|p2a: Landorus|Landorus-Therian, M|26/100
|-damage|p2a: Landorus|13/100|[from] Stealth Rock
|-ability|p2a: Landorus|Intimidate|boost
|-unboost|p1a: Also not a shroom|atk|1
|turn|24
|
|t:|1779961920
|move|p2a: Landorus|Fly||[still]
|-prepare|p2a: Landorus|Fly
|move|p1a: Also not a shroom|Body Press|p2a: Landorus|[miss]
|-miss|p1a: Also not a shroom|p2a: Landorus
|
|-heal|p1a: Also not a shroom|89/100|[from] item: Leftovers
|upkeep
|turn|25
|
|t:|1779961929
|move|p2a: Landorus|Fly|p1a: Also not a shroom|[from] lockedmove
|-resisted|p1a: Also not a shroom
|-damage|p1a: Also not a shroom|85/100
|move|p1a: Also not a shroom|Body Press|p2a: Landorus
|-resisted|p2a: Landorus
|-damage|p2a: Landorus|0 fnt
|faint|p2a: Landorus
|
|-heal|p1a: Also not a shroom|91/100|[from] item: Leftovers
|upkeep
|
|t:|1779961941
|switch|p2a: Alomomola|Alomomola, M|28/100
|-damage|p2a: Alomomola|15/100|[from] Stealth Rock
|turn|26
|
|t:|1779961947
|move|p2a: Alomomola|Blizzard|p1a: Also not a shroom
|-damage|p1a: Also not a shroom|75/100
|move|p1a: Also not a shroom|Body Press|p2a: Alomomola
|-damage|p2a: Alomomola|0 fnt
|faint|p2a: Alomomola
|
|win|Its shrooin time
|raw|Its shrooin time's rating: 1068 &rarr; <strong>1092</strong><br />(+24 for winning)
|raw|yuhhhhuhhhh's rating: 1000 &rarr; <strong>1000</strong><br />(+0 for losing)
