|j|☆claudechamp
|j|☆inoutofink
|t:|1779877097
|gametype|singles
|player|p1|claudechamp|169|1248
|player|p2|inoutofink|hoopster|1286
|gen|9
|tier|[Gen 9] OU
|rated|
|rule|HP Percentage Mod: HP is shown in percentages
|rule|Endless Battle Clause: Forcing endless battles is banned
|rule|Species Clause: Limit one of each Pokémon
|rule|OHKO Clause: OHKO moves are banned
|rule|Evasion Items Clause: Evasion items are banned
|rule|Evasion Moves Clause: Evasion moves are banned
|rule|Evasion Abilities Clause: Evasion abilities are banned
|rule|Sleep Moves Clause: Sleep-inducing moves are banned
|clearpoke
|poke|p1|Corviknight, F|
|poke|p1|Ting-Lu|
|poke|p1|Kyurem|
|poke|p1|Dondozo, F|
|poke|p1|Slowking-Galar, M|
|poke|p1|Cinderace, F|
|poke|p2|Tyranitar, F|
|poke|p2|Heatran, M|
|poke|p2|Keldeo-Resolute|
|poke|p2|Excadrill, F|
|poke|p2|Hydrapple, M|
|poke|p2|Ogerpon, F|
|teampreview
|c|☆claudechamp|hf
|inactive|Battle timer is ON: inactive players will automatically lose when time's up. (requested by inoutofink)
|inactive|claudechamp also wants the timer to be on.
|
|t:|1779877119
|teamsize|p1|6
|teamsize|p2|6
|start
|switch|p1a: Cinderace|Cinderace, F|100/100
|switch|p2a: Keldeo|Keldeo-Resolute|100/100
|turn|1
|
|t:|1779877133
|move|p1a: Cinderace|U-turn|p2a: Keldeo
|-resisted|p2a: Keldeo
|-damage|p2a: Keldeo|89/100
|
|t:|1779877137
|switch|p1a: Slowking|Slowking-Galar, M|100/100|[from] U-turn
|move|p2a: Keldeo|Flip Turn|p1a: Slowking
|-damage|p1a: Slowking|91/100
|
|t:|1779877143
|switch|p2a: Tyranitar|Tyranitar, F|100/100|[from] Flip Turn
|-weather|Sandstorm|[from] ability: Sand Stream|[of] p2a: Tyranitar
|
|-weather|Sandstorm|[upkeep]
|-damage|p1a: Slowking|85/100|[from] Sandstorm
|upkeep
|turn|2
|
|t:|1779877152
|switch|p1a: Ting-Lu|Ting-Lu|100/100
|-ability|p1a: Ting-Lu|Vessel of Ruin
|move|p2a: Tyranitar|Knock Off|p1a: Ting-Lu
|-resisted|p1a: Ting-Lu
|-damage|p1a: Ting-Lu|78/100
|-enditem|p1a: Ting-Lu|Leftovers|[from] move: Knock Off|[of] p2a: Tyranitar
|
|-weather|Sandstorm|[upkeep]
|upkeep
|turn|3
|
|t:|1779877165
|switch|p2a: Hydrapple|Hydrapple, M|100/100
|move|p1a: Ting-Lu|Earthquake|p2a: Hydrapple
|-resisted|p2a: Hydrapple
|-damage|p2a: Hydrapple|90/100
|
|-weather|Sandstorm|[upkeep]
|-damage|p2a: Hydrapple|83/100|[from] Sandstorm
|upkeep
|turn|4
|
|t:|1779877176
|move|p1a: Ting-Lu|Earthquake|p2a: Hydrapple
|-resisted|p2a: Hydrapple
|-damage|p2a: Hydrapple|72/100
|move|p2a: Hydrapple|Nasty Plot|p2a: Hydrapple
|-boost|p2a: Hydrapple|spa|2
|
|-weather|Sandstorm|[upkeep]
|-damage|p2a: Hydrapple|66/100|[from] Sandstorm
|upkeep
|turn|5
|
|t:|1779877185
|move|p1a: Ting-Lu|Earthquake|p2a: Hydrapple
|-resisted|p2a: Hydrapple
|-damage|p2a: Hydrapple|56/100
|move|p2a: Hydrapple|Giga Drain|p1a: Ting-Lu
|-supereffective|p1a: Ting-Lu
|-damage|p1a: Ting-Lu|31/100
|-heal|p2a: Hydrapple|85/100|[from] drain|[of] p1a: Ting-Lu
|
|-weather|none
|upkeep
|turn|6
|
|t:|1779877193
|switch|p1a: Kyurem|Kyurem|100/100
|-ability|p1a: Kyurem|Pressure
|move|p2a: Hydrapple|Giga Drain|p1a: Kyurem
|-resisted|p1a: Kyurem
|-damage|p1a: Kyurem|74/100
|-heal|p2a: Hydrapple|98/100|[from] drain|[of] p1a: Kyurem
|
|-heal|p1a: Kyurem|80/100|[from] item: Leftovers
|upkeep
|turn|7
|
|t:|1779877206
|switch|p2a: Heatran|Heatran, M|100/100
|move|p1a: Kyurem|Freeze-Dry|p2a: Heatran
|-resisted|p2a: Heatran
|-damage|p2a: Heatran|95/100
|
|-heal|p1a: Kyurem|86/100|[from] item: Leftovers
|-heal|p2a: Heatran|100/100|[from] item: Leftovers
|upkeep
|turn|8
|
|t:|1779877219
|switch|p2a: Hydrapple|Hydrapple, M|100/100
|move|p1a: Kyurem|Earth Power|p2a: Hydrapple
|-resisted|p2a: Hydrapple
|-damage|p2a: Hydrapple|87/100
|
|-heal|p1a: Kyurem|92/100|[from] item: Leftovers
|upkeep
|turn|9
|
|t:|1779877229
|switch|p2a: Tyranitar|Tyranitar, F|100/100
|-weather|Sandstorm|[from] ability: Sand Stream|[of] p2a: Tyranitar
|move|p1a: Kyurem|Freeze-Dry|p2a: Tyranitar
|-damage|p2a: Tyranitar|78/100
|
|-weather|Sandstorm|[upkeep]
|-damage|p1a: Kyurem|86/100|[from] Sandstorm
|-heal|p1a: Kyurem|92/100|[from] item: Leftovers
|upkeep
|turn|10
|
|t:|1779877236
|-terastallize|p1a: Kyurem|Ground
|move|p1a: Kyurem|Earth Power|p2a: Tyranitar
|-supereffective|p2a: Tyranitar
|-damage|p2a: Tyranitar|15/100
|move|p2a: Tyranitar|Knock Off|p1a: Kyurem
|-damage|p1a: Kyurem|26/100
|-enditem|p1a: Kyurem|Leftovers|[from] move: Knock Off|[of] p2a: Tyranitar
|
|-weather|Sandstorm|[upkeep]
|upkeep
|turn|11
|
|t:|1779877247
|move|p1a: Kyurem|Freeze-Dry|p2a: Tyranitar
|-damage|p2a: Tyranitar|0 fnt
|faint|p2a: Tyranitar
|
|-weather|Sandstorm|[upkeep]
|upkeep
|
|t:|1779877251
|switch|p2a: Excadrill|Excadrill, F|100/100
|-item|p2a: Excadrill|Air Balloon
|turn|12
|
|t:|1779877260
|switch|p1a: Corviknight|Corviknight, F|100/100
|-ability|p1a: Corviknight|Pressure
|move|p2a: Excadrill|Iron Head|p1a: Corviknight
|-resisted|p1a: Corviknight
|-damage|p1a: Corviknight|86/100
|-damage|p2a: Excadrill|84/100|[from] item: Rocky Helmet|[of] p1a: Corviknight
|
|-weather|Sandstorm|[upkeep]
|upkeep
|turn|13
|
|t:|1779877267
|switch|p2a: Heatran|Heatran, M|100/100
|move|p1a: Corviknight|Brave Bird|p2a: Heatran
|-resisted|p2a: Heatran
|-damage|p2a: Heatran|84/100
|-damage|p1a: Corviknight|81/100|[from] Recoil
|
|-weather|none
|-heal|p2a: Heatran|90/100|[from] item: Leftovers
|upkeep
|turn|14
|
|t:|1779877274
|switch|p1a: Kyurem|Kyurem, tera:Ground|26/100
|-ability|p1a: Kyurem|Pressure
|move|p2a: Heatran|Stealth Rock|p1a: Kyurem
|-sidestart|p1: claudechamp|move: Stealth Rock
|
|-heal|p2a: Heatran|96/100|[from] item: Leftovers
|upkeep
|turn|15
|
|t:|1779877287
|switch|p2a: Hydrapple|Hydrapple, M|100/100
|move|p1a: Kyurem|Earth Power|p2a: Hydrapple
|-resisted|p2a: Hydrapple
|-damage|p2a: Hydrapple|78/100
|
|upkeep
|turn|16
|
|t:|1779877299
|-terastallize|p2a: Hydrapple|Fire
|move|p1a: Kyurem|Freeze-Dry|p2a: Hydrapple
|-resisted|p2a: Hydrapple
|-damage|p2a: Hydrapple|62/100
|move|p2a: Hydrapple|Giga Drain|p1a: Kyurem
|-supereffective|p1a: Kyurem
|-damage|p1a: Kyurem|0 fnt
|-heal|p2a: Hydrapple|74/100|[from] drain|[of] p1a: Kyurem
|faint|p1a: Kyurem
|
|upkeep
|
|t:|1779877302
|switch|p1a: Corviknight|Corviknight, F|81/100
|-damage|p1a: Corviknight|69/100|[from] Stealth Rock
|-ability|p1a: Corviknight|Pressure
|turn|17
|
|t:|1779877318
|move|p1a: Corviknight|Brave Bird|p2a: Hydrapple
|-damage|p2a: Hydrapple|52/100
|-damage|p1a: Corviknight|52/100|[from] item: Rocky Helmet|[of] p2a: Hydrapple
|-damage|p1a: Corviknight|45/100|[from] Recoil
|move|p2a: Hydrapple|Nasty Plot|p2a: Hydrapple
|-boost|p2a: Hydrapple|spa|2
|
|upkeep
|turn|18
|
|t:|1779877331
|move|p1a: Corviknight|Brave Bird|p2a: Hydrapple
|-damage|p2a: Hydrapple|32/100
|-damage|p1a: Corviknight|28/100|[from] item: Rocky Helmet|[of] p2a: Hydrapple
|-damage|p1a: Corviknight|21/100|[from] Recoil
|move|p2a: Hydrapple|Giga Drain|p1a: Corviknight
|-resisted|p1a: Corviknight
|-damage|p1a: Corviknight|6/100
|-heal|p2a: Hydrapple|39/100|[from] drain|[of] p1a: Corviknight
|
|upkeep
|turn|19
|
|t:|1779877344
|move|p1a: Corviknight|Defog|p2a: Hydrapple
|-unboost|p2a: Hydrapple|evasion|1
|-sideend|p1: claudechamp|Stealth Rock|[from] move: Defog|[of] p1a: Corviknight
|move|p2a: Hydrapple|Nasty Plot|p2a: Hydrapple
|-boost|p2a: Hydrapple|spa|2
|
|upkeep
|turn|20
|
|t:|1779877353
|switch|p1a: Slowking|Slowking-Galar, M|100/100
|move|p2a: Hydrapple|Giga Drain|p1a: Slowking
|-resisted|p1a: Slowking
|-damage|p1a: Slowking|63/100
|-heal|p2a: Hydrapple|57/100|[from] drain|[of] p1a: Slowking
|
|upkeep
|turn|21
|
|t:|1779877361
|move|p2a: Hydrapple|Earth Power|p1a: Slowking
|-supereffective|p1a: Slowking
|-enditem|p1a: Slowking|Shuca Berry|[eat]
|-enditem|p1a: Slowking|Shuca Berry|[weaken]
|-damage|p1a: Slowking|6/100
|move|p1a: Slowking|Future Sight|p2a: Hydrapple
|-start|p1a: Slowking|move: Future Sight
|
|upkeep
|turn|22
|
|t:|1779877380
|move|p2a: Hydrapple|Giga Drain|p1a: Slowking
|-resisted|p1a: Slowking
|-crit|p1a: Slowking
|-damage|p1a: Slowking|0 fnt
|-heal|p2a: Hydrapple|59/100|[from] drain|[of] p1a: Slowking
|faint|p1a: Slowking
|
|upkeep
|
|t:|1779877391
|switch|p1a: Corviknight|Corviknight, F|6/100
|-ability|p1a: Corviknight|Pressure
|turn|23
|
|t:|1779877409
|move|p1a: Corviknight|Brave Bird|p2a: Hydrapple
|-damage|p2a: Hydrapple|38/100
|-damage|p1a: Corviknight|0 fnt|[from] item: Rocky Helmet|[of] p2a: Hydrapple
|faint|p1a: Corviknight
|move|p2a: Hydrapple|Giga Drain|p1: Corviknight|[notarget]
|-fail|p2a: Hydrapple
|
|-end|p2a: Hydrapple|move: Future Sight
|-damage|p2a: Hydrapple|0 fnt
|faint|p2a: Hydrapple
|upkeep
|inactive|claudechamp has 120 seconds left.
|
|t:|1779877424
|switch|p1a: Cinderace|Cinderace, F|100/100
|switch|p2a: Keldeo|Keldeo-Resolute|89/100
|turn|24
|inactive|claudechamp has 120 seconds left.
|
|t:|1779877436
|move|p1a: Cinderace|U-turn|p2a: Keldeo
|-resisted|p2a: Keldeo
|-damage|p2a: Keldeo|78/100
|inactive|claudechamp has 120 seconds left.
|
|t:|1779877445
|switch|p1a: Ting-Lu|Ting-Lu|31/100|[from] U-turn
|-ability|p1a: Ting-Lu|Vessel of Ruin
|move|p2a: Keldeo|Secret Sword|p1a: Ting-Lu
|-supereffective|p1a: Ting-Lu
|-damage|p1a: Ting-Lu|0 fnt
|faint|p1a: Ting-Lu
|
|upkeep
|inactive|claudechamp has 120 seconds left.
|
|t:|1779877453
|switch|p1a: Dondozo|Dondozo, F|100/100
|turn|25
|inactive|claudechamp has 120 seconds left.
|
|t:|1779877467
|move|p2a: Keldeo|Secret Sword|p1a: Dondozo
|-damage|p1a: Dondozo|59/100
|move|p1a: Dondozo|Curse|p1a: Dondozo
|-unboost|p1a: Dondozo|spe|1
|-boost|p1a: Dondozo|atk|1
|-boost|p1a: Dondozo|def|1
|
|-heal|p1a: Dondozo|66/100|[from] item: Leftovers
|upkeep
|turn|26
|inactive|claudechamp has 120 seconds left.
|
|t:|1779877486
|move|p2a: Keldeo|Secret Sword|p1a: Dondozo
|-damage|p1a: Dondozo|37/100
|move|p1a: Dondozo|Curse|p1a: Dondozo
|-unboost|p1a: Dondozo|spe|1
|-boost|p1a: Dondozo|atk|1
|-boost|p1a: Dondozo|def|1
|
|-heal|p1a: Dondozo|44/100|[from] item: Leftovers
|upkeep
|turn|27
|inactive|claudechamp has 120 seconds left.
|
|t:|1779877495
|move|p2a: Keldeo|Secret Sword|p1a: Dondozo
|-damage|p1a: Dondozo|23/100
|move|p1a: Dondozo|Curse|p1a: Dondozo
|-unboost|p1a: Dondozo|spe|1
|-boost|p1a: Dondozo|atk|1
|-boost|p1a: Dondozo|def|1
|
|-heal|p1a: Dondozo|29/100|[from] item: Leftovers
|upkeep
|turn|28
|inactive|claudechamp has 120 seconds left.
|
|t:|1779877509
|move|p2a: Keldeo|Secret Sword|p1a: Dondozo
|-damage|p1a: Dondozo|12/100
|move|p1a: Dondozo|Rest|p1a: Dondozo
|-status|p1a: Dondozo|slp|[from] move: Rest
|-heal|p1a: Dondozo|100/100 slp|[silent]
|
|upkeep
|turn|29
|inactive|claudechamp has 120 seconds left.
|
|t:|1779877521
|switch|p2a: Heatran|Heatran, M|96/100
|cant|p1a: Dondozo|slp
|
|-heal|p2a: Heatran|100/100|[from] item: Leftovers
|upkeep
|turn|30
|
|t:|1779877530
|move|p2a: Heatran|Magma Storm|p1a: Dondozo|[miss]
|-miss|p2a: Heatran|p1a: Dondozo
|cant|p1a: Dondozo|slp
|
|upkeep
|turn|31
|
|t:|1779877539
|move|p2a: Heatran|Magma Storm|p1a: Dondozo
|-resisted|p1a: Dondozo
|-damage|p1a: Dondozo|86/100 slp
|-activate|p1a: Dondozo|move: Magma Storm|[of] p2a: Heatran
|-curestatus|p1a: Dondozo|slp|[msg]
|move|p1a: Dondozo|Waterfall|p2a: Heatran
|-supereffective|p2a: Heatran
|-damage|p2a: Heatran|0 fnt
|faint|p2a: Heatran
|
|-heal|p1a: Dondozo|92/100|[from] item: Leftovers
|-end|p1a: Dondozo|Magma Storm|[partiallytrapped]|[silent]
|upkeep
|
|t:|1779877557
|switch|p2a: Ogerpon|Ogerpon, F|100/100
|turn|32
|
|t:|1779877562
|move|p2a: Ogerpon|Ivy Cudgel|p1a: Dondozo
|-supereffective|p1a: Dondozo
|-crit|p1a: Dondozo
|-damage|p1a: Dondozo|9/100
|move|p1a: Dondozo|Body Press|p2a: Ogerpon
|-damage|p2a: Ogerpon|38/100
|
|-heal|p1a: Dondozo|15/100|[from] item: Leftovers
|upkeep
|turn|33
|
|t:|1779877574
|move|p2a: Ogerpon|Ivy Cudgel|p1a: Dondozo
|-supereffective|p1a: Dondozo
|-damage|p1a: Dondozo|0 fnt
|faint|p1a: Dondozo
|
|upkeep
|
|t:|1779877593
|switch|p1a: Cinderace|Cinderace, F|100/100
|turn|34
|
|t:|1779877608
|move|p1a: Cinderace|Will-O-Wisp|p2a: Ogerpon|[miss]
|-miss|p1a: Cinderace|p2a: Ogerpon
|move|p2a: Ogerpon|U-turn|p1a: Cinderace
|-resisted|p1a: Cinderace
|-damage|p1a: Cinderace|87/100
|
|t:|1779877614
|switch|p2a: Keldeo|Keldeo-Resolute|78/100|[from] U-turn
|
|upkeep
|turn|35
|
|t:|1779877619
|move|p1a: Cinderace|Pyro Ball|p2a: Keldeo
|-resisted|p2a: Keldeo
|-damage|p2a: Keldeo|50/100
|move|p2a: Keldeo|Surf|p1a: Cinderace
|-supereffective|p1a: Cinderace
|-damage|p1a: Cinderace|0 fnt
|faint|p1a: Cinderace
|
|win|inoutofink
|raw|claudechamp's rating: 1269 &rarr; <strong>1245</strong><br />(-24 for losing)
|raw|inoutofink's rating: 1286 &rarr; <strong>1310</strong><br />(+24 for winning)
|c|☆claudechamp|gg
|c|☆inoutofink|gg
|l|☆inoutofink
|player|p2|
