|j|☆LaportaPotty
|j|☆hashga123
|t:|1779860083
|gametype|singles
|player|p1|LaportaPotty|1|1392
|player|p2|hashga123|101|1441
|gen|9
|tier|[Gen 9] OU
|rated|
|rule|HP Percentage Mod: HP is shown in percentages
|rule|Endless Battle Clause: Forcing endless battles is banned
|rule|Species Clause: Limit one of each Pokémon
|rule|OHKO Clause: OHKO moves are banned
|rule|Evasion Items Clause: Evasion items are banned
|rule|Evasion Moves Clause: Evasion moves are banned
|rule|Evasion Abilities Clause: Evasion abilities are banned
|rule|Sleep Moves Clause: Sleep-inducing moves are banned
|clearpoke
|poke|p1|Clefable, M|
|poke|p1|Glimmora, F|
|poke|p1|Kyurem|
|poke|p1|Wo-Chien|
|poke|p1|Gholdengo|
|poke|p1|Iron Treads|
|poke|p2|Blaziken, M|
|poke|p2|Garchomp, F|
|poke|p2|Tinkaton, F|
|poke|p2|Moltres-Galar|
|poke|p2|Ogerpon-Cornerstone, F|
|poke|p2|Manaphy|
|teampreview
|
|t:|1779860094
|teamsize|p1|6
|teamsize|p2|6
|start
|switch|p1a: Glimmora|Glimmora, F|100/100
|switch|p2a: Tinkaton|Tinkaton, F|100/100
|-item|p2a: Tinkaton|Air Balloon
|turn|1
|
|t:|1779860102
|move|p2a: Tinkaton|Stealth Rock|p1a: Glimmora
|-sidestart|p1: LaportaPotty|move: Stealth Rock
|move|p1a: Glimmora|Power Gem|p2a: Tinkaton
|-resisted|p2a: Tinkaton
|-damage|p2a: Tinkaton|82/100
|-enditem|p2a: Tinkaton|Air Balloon
|
|upkeep
|turn|2
|
|t:|1779860113
|move|p2a: Tinkaton|Encore|p1a: Glimmora
|-start|p1a: Glimmora|Encore
|move|p1a: Glimmora|Power Gem|p2a: Tinkaton
|-resisted|p2a: Tinkaton
|-damage|p2a: Tinkaton|63/100
|
|upkeep
|turn|3
|
|t:|1779860120
|move|p2a: Tinkaton|Gigaton Hammer|p1a: Glimmora
|-supereffective|p1a: Glimmora
|-damage|p1a: Glimmora|14/100
|-activate|p1a: Glimmora|ability: Toxic Debris
|-sidestart|p2: hashga123|move: Toxic Spikes
|move|p1a: Glimmora|Power Gem|p2a: Tinkaton
|-resisted|p2a: Tinkaton
|-damage|p2a: Tinkaton|43/100
|
|-heal|p1a: Glimmora|20/100|[from] item: Leftovers
|upkeep
|turn|4
|
|t:|1779860132
|move|p2a: Tinkaton|Ice Hammer|p1a: Glimmora
|-damage|p1a: Glimmora|2/100
|-unboost|p2a: Tinkaton|spe|1
|-activate|p1a: Glimmora|ability: Toxic Debris
|-sidestart|p2: hashga123|move: Toxic Spikes
|move|p1a: Glimmora|Power Gem|p2a: Tinkaton
|-resisted|p2a: Tinkaton
|-damage|p2a: Tinkaton|25/100
|
|-heal|p1a: Glimmora|8/100|[from] item: Leftovers
|-end|p1a: Glimmora|Encore
|upkeep
|turn|5
|
|t:|1779860160
|switch|p2a: Ogerpon|Ogerpon-Cornerstone, F|100/100
|-status|p2a: Ogerpon|tox
|move|p1a: Glimmora|Mortal Spin|p2a: Ogerpon
|-damage|p2a: Ogerpon|91/100 tox
|-sideend|p1: LaportaPotty|Stealth Rock|[from] move: Mortal Spin|[of] p1a: Glimmora
|
|-heal|p1a: Glimmora|15/100|[from] item: Leftovers
|-damage|p2a: Ogerpon|85/100 tox|[from] psn
|upkeep
|turn|6
|
|t:|1779860185
|move|p2a: Ogerpon|Trailblaze|p1a: Glimmora
|-damage|p1a: Glimmora|0 fnt
|-boost|p2a: Ogerpon|spe|1
|faint|p1a: Glimmora
|
|-damage|p2a: Ogerpon|73/100 tox|[from] psn
|upkeep
|
|t:|1779860190
|switch|p1a: Gholdengo|Gholdengo|100/100
|-item|p1a: Gholdengo|Air Balloon
|turn|7
|
|t:|1779860201
|move|p2a: Ogerpon|Ivy Cudgel|p1a: Gholdengo|[anim] Ivy Cudgel Rock
|-resisted|p1a: Gholdengo
|-damage|p1a: Gholdengo|79/100
|-enditem|p1a: Gholdengo|Air Balloon
|move|p1a: Gholdengo|Thunder Wave||[still]
|-fail|p1a: Gholdengo
|
|-damage|p2a: Ogerpon|55/100 tox|[from] psn
|upkeep
|turn|8
|
|t:|1779860211
|move|p2a: Ogerpon|Encore|p1a: Gholdengo
|-immune|p1a: Gholdengo|[from] ability: Good as Gold
|move|p1a: Gholdengo|Recover|p1a: Gholdengo
|-heal|p1a: Gholdengo|100/100
|
|-damage|p2a: Ogerpon|31/100 tox|[from] psn
|upkeep
|turn|9
|
|t:|1779860218
|move|p2a: Ogerpon|Ivy Cudgel|p1a: Gholdengo|[anim] Ivy Cudgel Rock
|-resisted|p1a: Gholdengo
|-damage|p1a: Gholdengo|81/100
|move|p1a: Gholdengo|Nasty Plot|p1a: Gholdengo
|-boost|p1a: Gholdengo|spa|2
|
|-damage|p2a: Ogerpon|1/100 tox|[from] psn
|upkeep
|turn|10
|
|t:|1779860225
|move|p2a: Ogerpon|Ivy Cudgel|p1a: Gholdengo|[anim] Ivy Cudgel Rock
|-resisted|p1a: Gholdengo
|-damage|p1a: Gholdengo|62/100
|move|p1a: Gholdengo|Recover|p1a: Gholdengo
|-heal|p1a: Gholdengo|100/100
|
|-damage|p2a: Ogerpon|0 fnt|[from] psn
|faint|p2a: Ogerpon
|upkeep
|
|t:|1779860253
|switch|p2a: Moltres|Moltres-Galar|100/100
|turn|11
|
|t:|1779860258
|-terastallize|p1a: Gholdengo|Steel
|move|p2a: Moltres|Fiery Wrath|p1a: Gholdengo
|-damage|p1a: Gholdengo|65/100
|move|p1a: Gholdengo|Make It Rain|p2a: Moltres
|-damage|p2a: Moltres|0 fnt
|-unboost|p1a: Gholdengo|spa|1
|faint|p2a: Moltres
|
|upkeep
|
|t:|1779860278
|switch|p2a: Blaziken|Blaziken, M|100/100
|-status|p2a: Blaziken|tox
|turn|12
|
|t:|1779860292
|move|p2a: Blaziken|Focus Energy|p2a: Blaziken
|-start|p2a: Blaziken|move: Focus Energy
|move|p1a: Gholdengo|Recover|p1a: Gholdengo
|-heal|p1a: Gholdengo|100/100
|
|-damage|p2a: Blaziken|95/100 tox|[from] psn
|-ability|p2a: Blaziken|Speed Boost|boost
|-boost|p2a: Blaziken|spe|1
|upkeep
|turn|13
|
|t:|1779860301
|switch|p1a: Clefable|Clefable, M|100/100
|move|p2a: Blaziken|Overheat|p1a: Clefable|[miss]
|-miss|p2a: Blaziken|p1a: Clefable
|
|-damage|p2a: Blaziken|83/100 tox|[from] psn
|-ability|p2a: Blaziken|Speed Boost|boost
|-boost|p2a: Blaziken|spe|1
|upkeep
|turn|14
|
|t:|1779860314
|move|p2a: Blaziken|Overheat|p1a: Clefable|[miss]
|-miss|p2a: Blaziken|p1a: Clefable
|move|p1a: Clefable|Knock Off|p2a: Blaziken
|-resisted|p2a: Blaziken
|-damage|p2a: Blaziken|69/100 tox
|-enditem|p2a: Blaziken|Scope Lens|[from] move: Knock Off|[of] p1a: Clefable
|
|-damage|p2a: Blaziken|51/100 tox|[from] psn
|-ability|p2a: Blaziken|Speed Boost|boost
|-boost|p2a: Blaziken|spe|1
|upkeep
|turn|15
|
|t:|1779860323
|move|p2a: Blaziken|Overheat|p1a: Clefable
|-damage|p1a: Clefable|48/100
|-unboost|p2a: Blaziken|spa|2
|move|p1a: Clefable|Moonlight|p1a: Clefable
|-heal|p1a: Clefable|98/100
|
|-heal|p1a: Clefable|100/100|[from] item: Leftovers
|-damage|p2a: Blaziken|27/100 tox|[from] psn
|-ability|p2a: Blaziken|Speed Boost|boost
|-boost|p2a: Blaziken|spe|1
|upkeep
|turn|16
|
|t:|1779860333
|move|p2a: Blaziken|Overheat|p1a: Clefable
|-crit|p1a: Clefable
|-damage|p1a: Clefable|9/100
|-unboost|p2a: Blaziken|spa|2
|move|p1a: Clefable|Calm Mind|p1a: Clefable
|-boost|p1a: Clefable|spa|1
|-boost|p1a: Clefable|spd|1
|
|-heal|p1a: Clefable|15/100|[from] item: Leftovers
|-damage|p2a: Blaziken|0 fnt|[from] psn
|faint|p2a: Blaziken
|upkeep
|
|t:|1779860346
|switch|p2a: Tinkaton|Tinkaton, F|25/100
|turn|17
|
|t:|1779860357
|switch|p1a: Wo-Chien|Wo-Chien|100/100
|-ability|p1a: Wo-Chien|Tablets of Ruin
|move|p2a: Tinkaton|Gigaton Hammer|p1a: Wo-Chien
|-damage|p1a: Wo-Chien|59/100
|
|-heal|p1a: Wo-Chien|65/100|[from] item: Leftovers
|upkeep
|turn|18
|
|t:|1779860369
|move|p2a: Tinkaton|Ice Hammer|p1a: Wo-Chien|[miss]
|-miss|p2a: Tinkaton|p1a: Wo-Chien
|move|p1a: Wo-Chien|Leech Seed|p2a: Tinkaton
|-start|p2a: Tinkaton|move: Leech Seed
|
|-heal|p1a: Wo-Chien|71/100|[from] item: Leftovers
|-damage|p2a: Tinkaton|13/100|[from] Leech Seed|[of] p1a: Wo-Chien
|-heal|p1a: Wo-Chien|81/100|[silent]
|upkeep
|turn|19
|
|t:|1779860378
|switch|p1a: Iron Treads|Iron Treads|100/100
|-enditem|p1a: Iron Treads|Booster Energy
|-activate|p1a: Iron Treads|ability: Quark Drive|[fromitem]
|-start|p1a: Iron Treads|quarkdrivespe
|move|p2a: Tinkaton|Ice Hammer|p1a: Iron Treads
|-crit|p1a: Iron Treads
|-damage|p1a: Iron Treads|74/100
|-unboost|p2a: Tinkaton|spe|1
|
|-damage|p2a: Tinkaton|0 fnt|[from] Leech Seed|[of] p1a: Iron Treads
|-heal|p1a: Iron Treads|85/100|[silent]
|faint|p2a: Tinkaton
|upkeep
|
|t:|1779860391
|switch|p2a: Garchomp|Garchomp, F|100/100
|-status|p2a: Garchomp|tox
|turn|20
|
|t:|1779860405
|move|p1a: Iron Treads|Iron Defense|p1a: Iron Treads
|-boost|p1a: Iron Treads|def|2
|move|p2a: Garchomp|Earthquake|p1a: Iron Treads
|-supereffective|p1a: Iron Treads
|-damage|p1a: Iron Treads|46/100
|
|-damage|p2a: Garchomp|94/100 tox|[from] psn
|upkeep
|turn|21
|
|t:|1779860412
|move|p1a: Iron Treads|Iron Defense|p1a: Iron Treads
|-boost|p1a: Iron Treads|def|2
|move|p2a: Garchomp|Earthquake|p1a: Iron Treads
|-supereffective|p1a: Iron Treads
|-damage|p1a: Iron Treads|18/100
|
|-damage|p2a: Garchomp|82/100 tox|[from] psn
|upkeep
|turn|22
|
|t:|1779860421
|move|p1a: Iron Treads|Body Press|p2a: Garchomp
|-damage|p2a: Garchomp|18/100 tox
|-damage|p1a: Iron Treads|6/100|[from] ability: Rough Skin|[of] p2a: Garchomp
|move|p2a: Garchomp|Earthquake|p1a: Iron Treads
|-supereffective|p1a: Iron Treads
|-damage|p1a: Iron Treads|0 fnt
|faint|p1a: Iron Treads
|-end|p1a: Iron Treads|Quark Drive|[silent]
|
|-damage|p2a: Garchomp|0 fnt|[from] psn
|faint|p2a: Garchomp
|upkeep
|
|t:|1779860430
|switch|p1a: Wo-Chien|Wo-Chien|81/100
|switch|p2a: Manaphy|Manaphy|100/100
|-status|p2a: Manaphy|tox
|-ability|p1a: Wo-Chien|Tablets of Ruin
|turn|23
|
|t:|1779860447
|-terastallize|p2a: Manaphy|Psychic
|move|p2a: Manaphy|Tail Glow|p2a: Manaphy
|-boost|p2a: Manaphy|spa|3
|move|p1a: Wo-Chien|Substitute|p1a: Wo-Chien
|-start|p1a: Wo-Chien|Substitute
|-damage|p1a: Wo-Chien|57/100
|
|-heal|p1a: Wo-Chien|63/100|[from] item: Leftovers
|-damage|p2a: Manaphy|94/100 tox|[from] psn
|upkeep
|turn|24
|
|t:|1779860457
|move|p2a: Manaphy|Ice Beam|p1a: Wo-Chien
|-supereffective|p1a: Wo-Chien
|-end|p1a: Wo-Chien|Substitute
|move|p1a: Wo-Chien|Leech Seed|p2a: Manaphy
|-start|p2a: Manaphy|move: Leech Seed
|
|-heal|p1a: Wo-Chien|69/100|[from] item: Leftovers
|-damage|p2a: Manaphy|82/100 tox|[from] Leech Seed|[of] p1a: Wo-Chien
|-heal|p1a: Wo-Chien|80/100|[silent]
|-damage|p2a: Manaphy|70/100 tox|[from] psn
|upkeep
|turn|25
|
|t:|1779860466
|move|p1a: Wo-Chien|Protect|p1a: Wo-Chien
|-singleturn|p1a: Wo-Chien|Protect
|move|p2a: Manaphy|Ice Beam|p1a: Wo-Chien
|-activate|p1a: Wo-Chien|move: Protect
|
|-heal|p1a: Wo-Chien|86/100|[from] item: Leftovers
|-damage|p2a: Manaphy|58/100 tox|[from] Leech Seed|[of] p1a: Wo-Chien
|-heal|p1a: Wo-Chien|98/100|[silent]
|-damage|p2a: Manaphy|39/100 tox|[from] psn
|upkeep
|turn|26
|
|t:|1779860474
|switch|p1a: Clefable|Clefable, M|15/100
|move|p2a: Manaphy|Ice Beam|p1a: Clefable
|-damage|p1a: Clefable|0 fnt
|faint|p1a: Clefable
|
|-damage|p2a: Manaphy|15/100 tox|[from] psn
|upkeep
|
|t:|1779860480
|switch|p1a: Kyurem|Kyurem|100/100
|-ability|p1a: Kyurem|Pressure
|turn|27
|
|t:|1779860487
|move|p1a: Kyurem|Protect|p1a: Kyurem
|-singleturn|p1a: Kyurem|Protect
|move|p2a: Manaphy|Stored Power|p1a: Kyurem
|-activate|p1a: Kyurem|move: Protect
|
|-damage|p2a: Manaphy|2/100 tox|[from] Leech Seed|[of] p1a: Kyurem
|-damage|p2a: Manaphy|0 fnt|[from] psn
|faint|p2a: Manaphy
|
|win|LaportaPotty
|raw|LaportaPotty's rating: 1392 &rarr; <strong>1415</strong><br />(+23 for winning)
|raw|hashga123's rating: 1441 &rarr; <strong>1418</strong><br />(-23 for losing)
|l|☆hashga123
|player|p2|
|l|☆LaportaPotty
|player|p1|
