|j|☆BloodyBill
|j|☆Slippy2004
|t:|1779869410
|gametype|singles
|player|p1|BloodyBill|ltsurge|1063
|player|p2|Slippy2004|sage|1117
|gen|9
|tier|[Gen 9] OU
|rated|
|rule|HP Percentage Mod: HP is shown in percentages
|rule|Endless Battle Clause: Forcing endless battles is banned
|rule|Species Clause: Limit one of each Pokémon
|rule|OHKO Clause: OHKO moves are banned
|rule|Evasion Items Clause: Evasion items are banned
|rule|Evasion Moves Clause: Evasion moves are banned
|rule|Evasion Abilities Clause: Evasion abilities are banned
|rule|Sleep Moves Clause: Sleep-inducing moves are banned
|clearpoke
|poke|p1|Excadrill, M|
|poke|p1|Golem, M|
|poke|p1|Sandslash, M|
|poke|p1|Tyranitar, M|
|poke|p1|Landorus-Therian, M|
|poke|p1|Hippowdon, M|
|poke|p2|Hawlucha, F|
|poke|p2|Samurott-Hisui, F|
|poke|p2|Rillaboom, F|
|poke|p2|Gholdengo|
|poke|p2|Kyurem|
|poke|p2|Landorus-Therian, M|
|teampreview
|inactive|Battle timer is ON: inactive players will automatically lose when time's up. (requested by Slippy2004)
|
|t:|1779869413
|teamsize|p1|6
|teamsize|p2|6
|start
|switch|p1a: Gritty|Hippowdon, M|100/100
|switch|p2a: Landorus|Landorus-Therian, M|100/100
|-ability|p2a: Landorus|Intimidate|boost
|-unboost|p1a: Gritty|atk|1
|-weather|Sandstorm|[from] ability: Sand Stream|[of] p1a: Gritty
|turn|1
|
|t:|1779869417
|move|p2a: Landorus|Taunt|p1a: Gritty
|-start|p1a: Gritty|move: Taunt
|cant|p1a: Gritty|move: Taunt|Stealth Rock
|
|-weather|Sandstorm|[upkeep]
|upkeep
|turn|2
|
|t:|1779869425
|switch|p1a: Norris|Landorus-Therian, M|100/100
|-ability|p1a: Norris|Intimidate|boost
|-unboost|p2a: Landorus|atk|1
|move|p2a: Landorus|Stealth Rock|p1a: Norris
|-sidestart|p1: BloodyBill|move: Stealth Rock
|
|-weather|Sandstorm|[upkeep]
|upkeep
|turn|3
|
|t:|1779869431
|move|p1a: Norris|Stone Edge|p2a: Landorus
|-damage|p2a: Landorus|45/100
|move|p2a: Landorus|U-turn|p1a: Norris
|-resisted|p1a: Norris
|-damage|p1a: Norris|92/100
|
|t:|1779869435
|switch|p2a: Kyurem|Kyurem|100/100|[from] U-turn
|-ability|p2a: Kyurem|Pressure
|
|-weather|Sandstorm|[upkeep]
|-damage|p2a: Kyurem|94/100|[from] Sandstorm
|upkeep
|turn|4
|
|t:|1779869444
|move|p2a: Kyurem|Ice Beam|p1a: Norris
|-supereffective|p1a: Norris
|-damage|p1a: Norris|0 fnt
|faint|p1a: Norris
|
|-weather|Sandstorm|[upkeep]
|-damage|p2a: Kyurem|88/100|[from] Sandstorm
|upkeep
|
|t:|1779869447
|switch|p1a: Ouch!|Excadrill, M|100/100
|-damage|p1a: Ouch!|97/100|[from] Stealth Rock
|turn|5
|
|t:|1779869465
|switch|p2a: Samurott|Samurott-Hisui, F|100/100
|move|p1a: Ouch!|Iron Head|p2a: Samurott
|-resisted|p2a: Samurott
|-damage|p2a: Samurott|73/100
|
|-weather|Sandstorm|[upkeep]
|-damage|p2a: Samurott|67/100|[from] Sandstorm
|upkeep
|turn|6
|
|t:|1779869476
|move|p1a: Ouch!|Earthquake|p2a: Samurott
|-damage|p2a: Samurott|4/100
|move|p2a: Samurott|Knock Off|p1a: Ouch!
|-damage|p1a: Ouch!|36/100
|-enditem|p1a: Ouch!|Focus Sash|[from] move: Knock Off|[of] p2a: Samurott
|
|-weather|Sandstorm|[upkeep]
|-damage|p2a: Samurott|0 fnt|[from] Sandstorm
|faint|p2a: Samurott
|upkeep
|
|t:|1779869482
|switch|p2a: Landorus|Landorus-Therian, M|45/100
|-ability|p2a: Landorus|Intimidate|boost
|-unboost|p1a: Ouch!|atk|1
|turn|7
|
|t:|1779869495
|move|p1a: Ouch!|Iron Head|p2a: Landorus
|-damage|p2a: Landorus|17/100
|-damage|p1a: Ouch!|19/100|[from] item: Rocky Helmet|[of] p2a: Landorus
|cant|p2a: Landorus|flinch
|
|-weather|Sandstorm|[upkeep]
|upkeep
|turn|8
|
|t:|1779869517
|switch|p2a: Rillaboom|Rillaboom, F|100/100
|-fieldstart|move: Grassy Terrain|[from] ability: Grassy Surge|[of] p2a: Rillaboom
|move|p1a: Ouch!|Rapid Spin|p2a: Rillaboom
|-damage|p2a: Rillaboom|87/100
|-boost|p1a: Ouch!|spe|1
|-sideend|p1: BloodyBill|Stealth Rock|[from] move: Rapid Spin|[of] p1a: Ouch!
|
|-weather|none
|-heal|p1a: Ouch!|25/100|[from] Grassy Terrain
|-heal|p2a: Rillaboom|93/100|[from] Grassy Terrain
|upkeep
|turn|9
|
|t:|1779869526
|switch|p1a: Gritty|Hippowdon, M|100/100
|-weather|Sandstorm|[from] ability: Sand Stream|[of] p1a: Gritty
|move|p2a: Rillaboom|Grassy Glide|p1a: Gritty
|-supereffective|p1a: Gritty
|-crit|p1a: Gritty
|-damage|p1a: Gritty|40/100
|
|-weather|Sandstorm|[upkeep]
|-damage|p2a: Rillaboom|87/100|[from] Sandstorm
|-heal|p2a: Rillaboom|93/100|[from] Grassy Terrain
|-heal|p1a: Gritty|46/100|[from] Grassy Terrain
|upkeep
|turn|10
|
|t:|1779869534
|-terastallize|p1a: Gritty|Grass
|move|p2a: Rillaboom|Grassy Glide|p1a: Gritty
|-resisted|p1a: Gritty
|-crit|p1a: Gritty
|-damage|p1a: Gritty|31/100
|move|p1a: Gritty|Slack Off|p1a: Gritty
|-heal|p1a: Gritty|81/100
|
|-weather|Sandstorm|[upkeep]
|-damage|p2a: Rillaboom|87/100|[from] Sandstorm
|-damage|p1a: Gritty|75/100|[from] Sandstorm
|-heal|p2a: Rillaboom|93/100|[from] Grassy Terrain
|-heal|p1a: Gritty|81/100|[from] Grassy Terrain
|upkeep
|turn|11
|
|t:|1779869540
|move|p2a: Rillaboom|Knock Off|p1a: Gritty
|-damage|p1a: Gritty|61/100
|-enditem|p1a: Gritty|Smooth Rock|[from] move: Knock Off|[of] p2a: Rillaboom
|move|p1a: Gritty|Stealth Rock|p2a: Rillaboom
|-sidestart|p2: Slippy2004|move: Stealth Rock
|
|-weather|Sandstorm|[upkeep]
|-damage|p2a: Rillaboom|87/100|[from] Sandstorm
|-damage|p1a: Gritty|55/100|[from] Sandstorm
|-heal|p2a: Rillaboom|93/100|[from] Grassy Terrain
|-heal|p1a: Gritty|61/100|[from] Grassy Terrain
|upkeep
|turn|12
|
|t:|1779869553
|switch|p2a: Hawlucha|Hawlucha, F|100/100
|-damage|p2a: Hawlucha|88/100|[from] Stealth Rock
|-enditem|p2a: Hawlucha|Grassy Seed
|-boost|p2a: Hawlucha|def|1|[from] item: Grassy Seed
|move|p1a: Gritty|Whirlwind|p2a: Hawlucha
|drag|p2a: Rillaboom|Rillaboom, F|93/100
|-damage|p2a: Rillaboom|80/100|[from] Stealth Rock
|
|-weather|Sandstorm|[upkeep]
|-damage|p2a: Rillaboom|74/100|[from] Sandstorm
|-damage|p1a: Gritty|55/100|[from] Sandstorm
|-heal|p2a: Rillaboom|80/100|[from] Grassy Terrain
|-heal|p1a: Gritty|61/100|[from] Grassy Terrain
|-fieldend|move: Grassy Terrain
|upkeep
|turn|13
|
|t:|1779869564
|move|p2a: Rillaboom|Swords Dance|p2a: Rillaboom
|-boost|p2a: Rillaboom|atk|2
|move|p1a: Gritty|Slack Off|p1a: Gritty
|-heal|p1a: Gritty|100/100
|
|-weather|Sandstorm|[upkeep]
|-damage|p2a: Rillaboom|74/100|[from] Sandstorm
|-damage|p1a: Gritty|94/100|[from] Sandstorm
|upkeep
|turn|14
|
|t:|1779869571
|move|p2a: Rillaboom|Knock Off|p1a: Gritty
|-damage|p1a: Gritty|68/100
|move|p1a: Gritty|Whirlwind|p2a: Rillaboom
|drag|p2a: Hawlucha|Hawlucha, F|88/100
|-damage|p2a: Hawlucha|76/100|[from] Stealth Rock
|
|-weather|Sandstorm|[upkeep]
|-damage|p2a: Hawlucha|69/100|[from] Sandstorm
|-damage|p1a: Gritty|61/100|[from] Sandstorm
|upkeep
|turn|15
|
|t:|1779869583
|move|p2a: Hawlucha|Low Kick|p1a: Gritty
|-damage|p1a: Gritty|31/100
|move|p1a: Gritty|Whirlwind|p2a: Hawlucha
|drag|p2a: Landorus|Landorus-Therian, M|17/100
|-damage|p2a: Landorus|4/100|[from] Stealth Rock
|-ability|p2a: Landorus|Intimidate|boost
|-unboost|p1a: Gritty|atk|1
|
|-weather|Sandstorm|[upkeep]
|-damage|p1a: Gritty|25/100|[from] Sandstorm
|upkeep
|turn|16
|
|t:|1779869595
|move|p2a: Landorus|U-turn|p1a: Gritty
|-supereffective|p1a: Gritty
|-damage|p1a: Gritty|5/100
|
|t:|1779869602
|switch|p2a: Rillaboom|Rillaboom, F|74/100|[from] U-turn
|-damage|p2a: Rillaboom|62/100|[from] Stealth Rock
|-fieldstart|move: Grassy Terrain|[from] ability: Grassy Surge|[of] p2a: Rillaboom
|move|p1a: Gritty|Slack Off|p1a: Gritty
|-heal|p1a: Gritty|55/100
|
|-weather|none
|-heal|p2a: Rillaboom|68/100|[from] Grassy Terrain
|-heal|p1a: Gritty|61/100|[from] Grassy Terrain
|upkeep
|turn|17
|
|t:|1779869611
|move|p2a: Rillaboom|Knock Off|p1a: Gritty
|-damage|p1a: Gritty|49/100
|move|p1a: Gritty|Whirlwind|p2a: Rillaboom
|drag|p2a: Kyurem|Kyurem|88/100
|-damage|p2a: Kyurem|63/100|[from] Stealth Rock
|-ability|p2a: Kyurem|Pressure
|
|-heal|p2a: Kyurem|70/100|[from] Grassy Terrain
|-heal|p1a: Gritty|55/100|[from] Grassy Terrain
|upkeep
|turn|18
|
|t:|1779869617
|switch|p1a: Reptar|Tyranitar, M|100/100
|-weather|Sandstorm|[from] ability: Sand Stream|[of] p1a: Reptar
|move|p2a: Kyurem|Ice Beam|p1a: Reptar
|-damage|p1a: Reptar|71/100
|
|-weather|Sandstorm|[upkeep]
|-damage|p2a: Kyurem|63/100|[from] Sandstorm
|-heal|p2a: Kyurem|70/100|[from] Grassy Terrain
|-heal|p1a: Reptar|77/100|[from] Grassy Terrain
|upkeep
|turn|19
|
|t:|1779869626
|-terastallize|p2a: Kyurem|Poison
|move|p2a: Kyurem|Focus Blast|p1a: Reptar
|-supereffective|p1a: Reptar
|-damage|p1a: Reptar|0 fnt
|faint|p1a: Reptar
|
|-weather|Sandstorm|[upkeep]
|-damage|p2a: Kyurem|63/100|[from] Sandstorm
|-heal|p2a: Kyurem|70/100|[from] Grassy Terrain
|upkeep
|
|t:|1779869643
|switch|p1a: Ouch!|Excadrill, M|25/100
|turn|20
|
|t:|1779869654
|switch|p2a: Landorus|Landorus-Therian, M|4/100
|-damage|p2a: Landorus|0 fnt|[from] Stealth Rock
|faint|p2a: Landorus
|move|p1a: Ouch!|Iron Head|p2: Landorus|[notarget]
|-fail|p1a: Ouch!
|
|-weather|Sandstorm|[upkeep]
|-heal|p1a: Ouch!|31/100|[from] Grassy Terrain
|-fieldend|move: Grassy Terrain
|upkeep
|
|t:|1779869664
|switch|p2a: Rillaboom|Rillaboom, F|68/100
|-damage|p2a: Rillaboom|56/100|[from] Stealth Rock
|-fieldstart|move: Grassy Terrain|[from] ability: Grassy Surge|[of] p2a: Rillaboom
|turn|21
|
|t:|1779869671
|move|p1a: Ouch!|Iron Head|p2a: Rillaboom
|-damage|p2a: Rillaboom|8/100
|cant|p2a: Rillaboom|flinch
|
|-weather|Sandstorm|[upkeep]
|-damage|p2a: Rillaboom|2/100|[from] Sandstorm
|-heal|p1a: Ouch!|37/100|[from] Grassy Terrain
|-heal|p2a: Rillaboom|8/100|[from] Grassy Terrain
|upkeep
|turn|22
|
|t:|1779869677
|move|p2a: Rillaboom|Grassy Glide|p1a: Ouch!
|-damage|p1a: Ouch!|0 fnt
|faint|p1a: Ouch!
|
|-weather|none
|-heal|p2a: Rillaboom|14/100|[from] Grassy Terrain
|upkeep
|
|t:|1779869681
|switch|p1a: Gritty|Hippowdon, M, tera:Grass|55/100
|-weather|Sandstorm|[from] ability: Sand Stream|[of] p1a: Gritty
|turn|23
|
|t:|1779869685
|move|p2a: Rillaboom|Knock Off|p1a: Gritty
|-damage|p1a: Gritty|42/100
|move|p1a: Gritty|Whirlwind|p2a: Rillaboom
|drag|p2a: Gholdengo|Gholdengo|100/100
|-damage|p2a: Gholdengo|94/100|[from] Stealth Rock
|
|-weather|Sandstorm|[upkeep]
|-damage|p1a: Gritty|35/100|[from] Sandstorm
|-heal|p2a: Gholdengo|100/100|[from] Grassy Terrain
|-heal|p1a: Gritty|42/100|[from] Grassy Terrain
|upkeep
|turn|24
|
|t:|1779869692
|move|p2a: Gholdengo|Make It Rain|p1a: Gritty
|-damage|p1a: Gritty|0 fnt
|-unboost|p2a: Gholdengo|spa|1
|faint|p1a: Gritty
|
|-weather|Sandstorm|[upkeep]
|upkeep
|
|t:|1779869698
|switch|p1a: Sonic|Sandslash, M|100/100
|turn|25
|
|t:|1779869717
|move|p1a: Sonic|Knock Off|p2a: Gholdengo
|-supereffective|p2a: Gholdengo
|-damage|p2a: Gholdengo|34/100
|-enditem|p2a: Gholdengo|Choice Scarf|[from] move: Knock Off|[of] p1a: Sonic
|move|p2a: Gholdengo|Make It Rain|p1a: Sonic
|-damage|p1a: Sonic|18/100
|-unboost|p2a: Gholdengo|spa|1
|
|-weather|Sandstorm|[upkeep]
|-heal|p1a: Sonic|24/100|[from] Grassy Terrain
|-heal|p2a: Gholdengo|40/100|[from] Grassy Terrain
|-fieldend|move: Grassy Terrain
|upkeep
|turn|26
|
|t:|1779869727
|move|p1a: Sonic|Earthquake|p2a: Gholdengo
|-supereffective|p2a: Gholdengo
|-damage|p2a: Gholdengo|0 fnt
|faint|p2a: Gholdengo
|
|-weather|Sandstorm|[upkeep]
|upkeep
|
|t:|1779869730
|switch|p2a: Rillaboom|Rillaboom, F|14/100
|-damage|p2a: Rillaboom|2/100|[from] Stealth Rock
|-fieldstart|move: Grassy Terrain|[from] ability: Grassy Surge|[of] p2a: Rillaboom
|turn|27
|
|t:|1779869735
|switch|p1a: MVP|Golem, M|100/100
|move|p2a: Rillaboom|Grassy Glide|p1a: MVP
|-supereffective|p1a: MVP
|-ability|p1a: MVP|Sturdy
|-damage|p1a: MVP|1/100
|
|-weather|none
|-heal|p2a: Rillaboom|8/100|[from] Grassy Terrain
|-heal|p1a: MVP|7/100|[from] Grassy Terrain
|upkeep
|turn|28
|c|☆Slippy2004|ggs
|-enditem|p1a: MVP|Custap Berry|[eat]
|-activate|p1a: MVP|item: Custap Berry|[consumed]
|
|t:|1779869743
|move|p2a: Rillaboom|Grassy Glide|p1a: MVP
|-supereffective|p1a: MVP
|-damage|p1a: MVP|0 fnt
|faint|p1a: MVP
|
|-heal|p2a: Rillaboom|14/100|[from] Grassy Terrain
|upkeep
|-message|BloodyBill forfeited.
|
|win|Slippy2004
|raw|BloodyBill's rating: 1063 &rarr; <strong>1047</strong><br />(-16 for losing)
|raw|Slippy2004's rating: 1117 &rarr; <strong>1138</strong><br />(+21 for winning)
|l|☆BloodyBill
|player|p1|
