|j|☆subtect kyurem
|j|☆Oooppplllop
|t:|1779971479
|gametype|singles
|player|p1|subtect kyurem|cheren-masters|1462
|player|p2|Oooppplllop|misty|1531
|gen|9
|tier|[Gen 9] OU
|rated|
|rule|HP Percentage Mod: HP is shown in percentages
|rule|Endless Battle Clause: Forcing endless battles is banned
|rule|Species Clause: Limit one of each Pokémon
|rule|OHKO Clause: OHKO moves are banned
|rule|Evasion Items Clause: Evasion items are banned
|rule|Evasion Moves Clause: Evasion moves are banned
|rule|Evasion Abilities Clause: Evasion abilities are banned
|rule|Sleep Moves Clause: Sleep-inducing moves are banned
|clearpoke
|poke|p1|Iron Hands|
|poke|p1|Dragonite, F|
|poke|p1|Samurott-Hisui, F|
|poke|p1|Pecharunt|
|poke|p1|Iron Treads|
|poke|p1|Enamorus, F|
|poke|p2|Regieleki|
|poke|p2|Kyurem|
|poke|p2|Kingambit, F|
|poke|p2|Iron Valiant|
|poke|p2|Moltres-Galar|
|poke|p2|Slowking-Galar, F|
|teampreview
|inactive|Battle timer is ON: inactive players will automatically lose when time's up. (requested by Oooppplllop)
|
|t:|1779971493
|teamsize|p1|6
|teamsize|p2|6
|start
|switch|p1a: Handsy Flick|Iron Hands|100/100
|switch|p2a: Regieleki|Regieleki|100/100
|turn|1
|
|t:|1779971497
|move|p2a: Regieleki|Reflect|p2a: Regieleki
|-sidestart|p2: Oooppplllop|Reflect
|move|p1a: Handsy Flick|Swords Dance|p1a: Handsy Flick
|-boost|p1a: Handsy Flick|atk|2
|
|upkeep
|turn|2
|
|t:|1779971502
|move|p2a: Regieleki|Light Screen|p2a: Regieleki
|-sidestart|p2: Oooppplllop|move: Light Screen
|move|p1a: Handsy Flick|Drain Punch|p2a: Regieleki
|-crit|p2a: Regieleki
|-damage|p2a: Regieleki|0 fnt
|faint|p2a: Regieleki
|
|upkeep
|
|t:|1779971509
|switch|p2a: Iron Valiant|Iron Valiant|100/100
|-enditem|p2a: Iron Valiant|Booster Energy
|-activate|p2a: Iron Valiant|ability: Quark Drive|[fromitem]
|-start|p2a: Iron Valiant|quarkdrivespe
|turn|3
|
|t:|1779971518
|-terastallize|p1a: Handsy Flick|Fire
|move|p2a: Iron Valiant|Calm Mind|p2a: Iron Valiant
|-boost|p2a: Iron Valiant|spa|1
|-boost|p2a: Iron Valiant|spd|1
|move|p1a: Handsy Flick|Thunder Punch|p2a: Iron Valiant
|-damage|p2a: Iron Valiant|41/100
|
|upkeep
|turn|4
|
|t:|1779971524
|move|p2a: Iron Valiant|Psyshock|p1a: Handsy Flick
|-damage|p1a: Handsy Flick|72/100
|move|p1a: Handsy Flick|Thunder Punch|p2a: Iron Valiant
|-damage|p2a: Iron Valiant|0 fnt
|faint|p2a: Iron Valiant
|-end|p2a: Iron Valiant|Quark Drive|[silent]
|
|upkeep
|
|t:|1779971528
|switch|p2a: Slowking|Slowking-Galar, F|100/100
|turn|5
|
|t:|1779971546
|move|p1a: Handsy Flick|Thunder Punch|p2a: Slowking
|-damage|p2a: Slowking|64/100
|move|p2a: Slowking|Sludge Bomb|p1a: Handsy Flick
|-damage|p1a: Handsy Flick|43/100
|
|upkeep
|turn|6
|
|t:|1779971553
|move|p1a: Handsy Flick|Thunder Punch|p2a: Slowking
|-damage|p2a: Slowking|28/100
|move|p2a: Slowking|Sludge Bomb|p1a: Handsy Flick
|-damage|p1a: Handsy Flick|13/100
|
|upkeep
|turn|7
|
|t:|1779971558
|move|p1a: Handsy Flick|Thunder Punch|p2a: Slowking
|-damage|p2a: Slowking|0 fnt
|faint|p2a: Slowking
|
|upkeep
|
|t:|1779971560
|switch|p2a: Moltres|Moltres-Galar|100/100
|turn|8
|
|t:|1779971563
|move|p2a: Moltres|Fiery Wrath|p1a: Handsy Flick
|-damage|p1a: Handsy Flick|0 fnt
|faint|p1a: Handsy Flick
|-end|p1a: Handsy Flick|Quark Drive|[silent]
|
|-sideend|p2: Oooppplllop|Reflect
|upkeep
|
|t:|1779971576
|switch|p1a: Cactus Jack|Samurott-Hisui, F|100/100
|turn|9
|
|t:|1779971579
|move|p2a: Moltres|Agility|p2a: Moltres
|-boost|p2a: Moltres|spe|2
|move|p1a: Cactus Jack|Razor Shell|p2a: Moltres
|-damage|p2a: Moltres|48/100
|-unboost|p2a: Moltres|def|1
|-ability|p2a: Moltres|Berserk|boost
|-boost|p2a: Moltres|spa|1
|-enditem|p2a: Moltres|Sitrus Berry|[eat]
|-heal|p2a: Moltres|73/100|[from] item: Sitrus Berry
|
|-sideend|p2: Oooppplllop|move: Light Screen
|upkeep
|turn|10
|
|t:|1779971583
|move|p2a: Moltres|Air Slash|p1a: Cactus Jack
|-damage|p1a: Cactus Jack|62/100
|move|p1a: Cactus Jack|Razor Shell|p2a: Moltres
|-damage|p2a: Moltres|0 fnt
|faint|p2a: Moltres
|
|upkeep
|
|t:|1779971588
|switch|p2a: Kyurem|Kyurem|100/100
|-ability|p2a: Kyurem|Pressure
|turn|11
|
|t:|1779971591
|move|p2a: Kyurem|Substitute|p2a: Kyurem
|-start|p2a: Kyurem|Substitute
|-damage|p2a: Kyurem|76/100
|move|p1a: Cactus Jack|Ceaseless Edge|p2a: Kyurem
|-end|p2a: Kyurem|Substitute
|-sidestart|p2: Oooppplllop|Spikes
|
|upkeep
|turn|12
|
|t:|1779971595
|move|p2a: Kyurem|Dragon Dance|p2a: Kyurem
|-boost|p2a: Kyurem|atk|1
|-boost|p2a: Kyurem|spe|1
|move|p1a: Cactus Jack|Knock Off|p2a: Kyurem
|-damage|p2a: Kyurem|36/100
|-enditem|p2a: Kyurem|Loaded Dice|[from] move: Knock Off|[of] p1a: Cactus Jack
|
|upkeep
|turn|13
|
|t:|1779971597
|move|p2a: Kyurem|Scale Shot|p1a: Cactus Jack
|-damage|p1a: Cactus Jack|38/100
|-damage|p1a: Cactus Jack|16/100
|-damage|p1a: Cactus Jack|0 fnt
|faint|p1a: Cactus Jack
|-hitcount|p1: Cactus Jack|3
|-unboost|p2a: Kyurem|def|1
|-boost|p2a: Kyurem|spe|1
|
|upkeep
|
|t:|1779971600
|switch|p1a: Peach|Pecharunt|100/100
|turn|14
|
|t:|1779971603
|move|p2a: Kyurem|Substitute|p2a: Kyurem
|-start|p2a: Kyurem|Substitute
|-damage|p2a: Kyurem|11/100
|move|p1a: Peach|Malignant Chain|p2a: Kyurem
|-end|p2a: Kyurem|Substitute
|
|upkeep
|turn|15
|
|t:|1779971608
|move|p2a: Kyurem|Icicle Spear|p1a: Peach
|-damage|p1a: Peach|90/100
|-damage|p1a: Peach|80/100
|-damage|p1a: Peach|69/100
|-hitcount|p1a: Peach|3
|move|p1a: Peach|Parting Shot|p2a: Kyurem
|-unboost|p2a: Kyurem|atk|1
|-unboost|p2a: Kyurem|spa|1
|
|t:|1779971619
|switch|p1a: Elon Tusk|Iron Treads|100/100|[from] Parting Shot
|-enditem|p1a: Elon Tusk|Booster Energy
|-activate|p1a: Elon Tusk|ability: Quark Drive|[fromitem]
|-start|p1a: Elon Tusk|quarkdrivespe
|
|upkeep
|turn|16
|
|t:|1779971621
|move|p2a: Kyurem|Icicle Spear|p1a: Elon Tusk
|-damage|p1a: Elon Tusk|88/100
|-damage|p1a: Elon Tusk|76/100
|-damage|p1a: Elon Tusk|62/100
|-damage|p1a: Elon Tusk|50/100
|-hitcount|p1a: Elon Tusk|4
|move|p1a: Elon Tusk|Earthquake|p2a: Kyurem
|-damage|p2a: Kyurem|0 fnt
|faint|p2a: Kyurem
|
|upkeep
|
|t:|1779971628
|switch|p2a: Kingambit|Kingambit, F|100/100
|-activate|p2a: Kingambit|ability: Supreme Overlord
|-start|p2a: Kingambit|fallen5|[silent]
|-item|p2a: Kingambit|Air Balloon
|turn|17
|
|t:|1779971633
|-end|p1a: Elon Tusk|Quark Drive|[silent]
|switch|p1a: Ol' reliable|Dragonite, F|100/100
|move|p2a: Kingambit|Low Kick|p1a: Ol' reliable
|-resisted|p1a: Ol' reliable
|-damage|p1a: Ol' reliable|81/100
|
|upkeep
|turn|18
|
|t:|1779971637
|-terastallize|p2a: Kingambit|Ghost
|move|p1a: Ol' reliable|Encore|p2a: Kingambit
|-start|p2a: Kingambit|Encore
|move|p2a: Kingambit|Low Kick|p1a: Ol' reliable
|-resisted|p1a: Ol' reliable
|-damage|p1a: Ol' reliable|40/100
|
|upkeep
|turn|19
|
|t:|1779971643
|move|p1a: Ol' reliable|Ice Spinner|p2a: Kingambit
|-damage|p2a: Kingambit|75/100
|-enditem|p2a: Kingambit|Air Balloon
|move|p2a: Kingambit|Low Kick|p1a: Ol' reliable
|-resisted|p1a: Ol' reliable
|-damage|p1a: Ol' reliable|3/100
|
|upkeep
|turn|20
|
|t:|1779971646
|move|p1a: Ol' reliable|Earthquake|p2a: Kingambit
|-damage|p2a: Kingambit|46/100
|move|p2a: Kingambit|Low Kick|p1a: Ol' reliable
|-resisted|p1a: Ol' reliable
|-damage|p1a: Ol' reliable|0 fnt
|faint|p1a: Ol' reliable
|
|-end|p2a: Kingambit|Encore
|upkeep
|
|t:|1779971660
|switch|p1a: PinkPantheress|Enamorus, F|100/100
|turn|21
|
|t:|1779971662
|move|p1a: PinkPantheress|Moonblast|p2a: Kingambit
|-damage|p2a: Kingambit|0 fnt
|faint|p2a: Kingambit
|-end|p2a: Kingambit|fallen5|[silent]
|
|win|subtect kyurem
|raw|subtect kyurem's rating: 1462 &rarr; <strong>1486</strong><br />(+24 for winning)
|raw|Oooppplllop's rating: 1531 &rarr; <strong>1507</strong><br />(-24 for losing)
|l|☆Oooppplllop
|player|p2|
|l|☆subtect kyurem
|player|p1|
