|j|☆Cakdink
|j|☆jack567890
|t:|1779848190
|gametype|singles
|player|p1|Cakdink|acetrainer-gen4|1292
|player|p2|jack567890|boarder|1321
|gen|9
|tier|[Gen 9] OU
|rated|
|rule|HP Percentage Mod: HP is shown in percentages
|rule|Endless Battle Clause: Forcing endless battles is banned
|rule|Species Clause: Limit one of each Pokémon
|rule|OHKO Clause: OHKO moves are banned
|rule|Evasion Items Clause: Evasion items are banned
|rule|Evasion Moves Clause: Evasion moves are banned
|rule|Evasion Abilities Clause: Evasion abilities are banned
|rule|Sleep Moves Clause: Sleep-inducing moves are banned
|clearpoke
|poke|p1|Orthworm, F|
|poke|p1|Gastrodon-East, M|
|poke|p1|Goodra, F|
|poke|p1|Arcanine, F|
|poke|p1|Thundurus-Therian, M|
|poke|p1|Brambleghast, M|
|poke|p2|Dragapult, F|
|poke|p2|Kingambit, F|
|poke|p2|Moltres|
|poke|p2|Dondozo, M|
|poke|p2|Sandy Shocks|
|poke|p2|Weezing-Galar, F|
|teampreview
|inactive|Battle timer is ON: inactive players will automatically lose when time's up. (requested by Cakdink)
|
|t:|1779848208
|teamsize|p1|6
|teamsize|p2|6
|start
|switch|p1a: Thundurus|Thundurus-Therian, M|100/100
|switch|p2a: Sandy Shocks|Sandy Shocks|100/100
|turn|1
|
|t:|1779848220
|move|p2a: Sandy Shocks|Stealth Rock|p1a: Thundurus
|-sidestart|p1: Cakdink|move: Stealth Rock
|move|p1a: Thundurus|Grass Knot|p2a: Sandy Shocks
|-supereffective|p2a: Sandy Shocks
|-damage|p2a: Sandy Shocks|21/100
|
|upkeep
|turn|2
|
|t:|1779848230
|-end|p2a: Sandy Shocks|Protosynthesis|[silent]
|switch|p2a: Weezing|Weezing-Galar, F|100/100
|-ability|p2a: Weezing|Neutralizing Gas
|move|p1a: Thundurus|Grass Knot|p2a: Weezing
|-resisted|p2a: Weezing
|-damage|p2a: Weezing|91/100
|
|-heal|p2a: Weezing|97/100|[from] item: Leftovers
|upkeep
|turn|3
|
|t:|1779848240
|move|p1a: Thundurus|Volt Switch|p2a: Weezing
|-damage|p2a: Weezing|45/100
|
|t:|1779848245
|switch|p1a: Orthworm|Orthworm, F|100/100|[from] Volt Switch
|-damage|p1a: Orthworm|94/100|[from] Stealth Rock
|move|p2a: Weezing|Will-O-Wisp|p1a: Orthworm
|-status|p1a: Orthworm|brn
|
|-heal|p1a: Orthworm|100/100 brn|[from] item: Leftovers
|-heal|p2a: Weezing|50/100|[from] item: Leftovers
|-damage|p1a: Orthworm|94/100 brn|[from] brn
|upkeep
|turn|4
|
|t:|1779848256
|-end|p2a: Weezing|ability: Neutralizing Gas
|switch|p2a: Sandy Shocks|Sandy Shocks|21/100
|move|p1a: Orthworm|Stealth Rock|p2a: Sandy Shocks
|-sidestart|p2: jack567890|move: Stealth Rock
|
|-heal|p1a: Orthworm|100/100 brn|[from] item: Leftovers
|-damage|p1a: Orthworm|94/100 brn|[from] brn
|upkeep
|turn|5
|
|t:|1779848273
|move|p2a: Sandy Shocks|Volt Switch|p1a: Orthworm
|-damage|p1a: Orthworm|57/100 brn
|
|t:|1779848277
|-end|p2a: Sandy Shocks|Protosynthesis|[silent]
|switch|p2a: Dondozo|Dondozo, M|100/100|[from] Volt Switch
|-damage|p2a: Dondozo|88/100|[from] Stealth Rock
|move|p1a: Orthworm|Body Press|p2a: Dondozo
|-damage|p2a: Dondozo|83/100
|
|-heal|p1a: Orthworm|63/100 brn|[from] item: Leftovers
|-heal|p2a: Dondozo|89/100|[from] item: Leftovers
|-damage|p1a: Orthworm|57/100 brn|[from] brn
|upkeep
|turn|6
|
|t:|1779848289
|switch|p1a: Gastrodon|Gastrodon-East, M|100/100
|-damage|p1a: Gastrodon|94/100|[from] Stealth Rock
|switch|p2a: Moltres|Moltres|100/100
|
|upkeep
|turn|7
|
|t:|1779848298
|move|p2a: Moltres|U-turn|p1a: Gastrodon
|-damage|p1a: Gastrodon|84/100
|-damage|p2a: Moltres|84/100|[from] item: Rocky Helmet|[of] p1a: Gastrodon
|
|t:|1779848309
|switch|p2a: Dragapult|Dragapult, F|100/100|[from] U-turn
|-damage|p2a: Dragapult|88/100|[from] Stealth Rock
|move|p1a: Gastrodon|Sludge Bomb|p2a: Dragapult
|-resisted|p2a: Dragapult
|-damage|p2a: Dragapult|75/100
|-status|p2a: Dragapult|psn
|
|-damage|p2a: Dragapult|63/100 psn|[from] psn
|upkeep
|turn|8
|
|t:|1779848319
|move|p2a: Dragapult|Draco Meteor|p1a: Gastrodon
|-damage|p1a: Gastrodon|0 fnt
|-unboost|p2a: Dragapult|spa|2
|faint|p1a: Gastrodon
|
|-damage|p2a: Dragapult|50/100 psn|[from] psn
|upkeep
|
|t:|1779848339
|switch|p1a: Thundurus|Thundurus-Therian, M|100/100
|turn|9
|
|t:|1779848346
|move|p2a: Dragapult|Draco Meteor|p1a: Thundurus
|-damage|p1a: Thundurus|32/100
|-unboost|p2a: Dragapult|spa|2
|move|p1a: Thundurus|Grass Knot|p2a: Dragapult
|-resisted|p2a: Dragapult
|-damage|p2a: Dragapult|29/100 psn
|
|-damage|p2a: Dragapult|16/100 psn|[from] psn
|upkeep
|turn|10
|
|t:|1779848355
|move|p2a: Dragapult|Draco Meteor|p1a: Thundurus
|-damage|p1a: Thundurus|0 fnt
|-unboost|p2a: Dragapult|spa|2
|faint|p1a: Thundurus
|
|-damage|p2a: Dragapult|4/100 psn|[from] psn
|upkeep
|
|t:|1779848365
|switch|p1a: Arcanine|Arcanine, F|100/100
|-damage|p1a: Arcanine|76/100|[from] Stealth Rock
|turn|11
|
|t:|1779848373
|move|p2a: Dragapult|Draco Meteor|p1a: Arcanine
|-damage|p1a: Arcanine|45/100
|move|p1a: Arcanine|Flare Blitz|p2a: Dragapult
|-resisted|p2a: Dragapult
|-damage|p2a: Dragapult|0 fnt
|faint|p2a: Dragapult
|-damage|p1a: Arcanine|43/100|[from] Recoil
|
|upkeep
|
|t:|1779848381
|switch|p2a: Dondozo|Dondozo, M|89/100
|-damage|p2a: Dondozo|76/100|[from] Stealth Rock
|turn|12
|
|t:|1779848389
|switch|p1a: Brambleghast|Brambleghast, M|100/100
|move|p2a: Dondozo|Waterfall|p1a: Brambleghast
|-resisted|p1a: Brambleghast
|-damage|p1a: Brambleghast|73/100
|
|-heal|p2a: Dondozo|83/100|[from] item: Leftovers
|upkeep
|turn|13
|
|t:|1779848398
|switch|p2a: Moltres|Moltres|84/100
|move|p1a: Brambleghast|Rapid Spin|p2a: Moltres
|-damage|p2a: Moltres|69/100
|-boost|p1a: Brambleghast|spe|1
|-sideend|p1: Cakdink|Stealth Rock|[from] move: Rapid Spin|[of] p1a: Brambleghast
|
|upkeep
|turn|14
|
|t:|1779848409
|switch|p1a: Arcanine|Arcanine, F|43/100
|move|p2a: Moltres|Hurricane|p1a: Arcanine|[miss]
|-miss|p2a: Moltres|p1a: Arcanine
|
|upkeep
|turn|15
|
|t:|1779848421
|move|p1a: Arcanine|Wild Charge|p2a: Moltres
|-supereffective|p2a: Moltres
|-damage|p2a: Moltres|0 fnt
|faint|p2a: Moltres
|-damage|p1a: Arcanine|23/100|[from] Recoil
|
|upkeep
|
|t:|1779848427
|switch|p2a: Sandy Shocks|Sandy Shocks|21/100
|turn|16
|
|t:|1779848439
|switch|p1a: Goodra|Goodra, F|100/100
|move|p2a: Sandy Shocks|Volt Switch|p1a: Goodra
|-resisted|p1a: Goodra
|-damage|p1a: Goodra|88/100
|
|t:|1779848446
|-end|p2a: Sandy Shocks|Protosynthesis|[silent]
|switch|p2a: Dondozo|Dondozo, M|83/100|[from] Volt Switch
|-damage|p2a: Dondozo|70/100|[from] Stealth Rock
|
|-heal|p2a: Dondozo|76/100|[from] item: Leftovers
|upkeep
|turn|17
|
|t:|1779848452
|move|p1a: Goodra|Toxic|p2a: Dondozo
|-status|p2a: Dondozo|tox
|move|p2a: Dondozo|Avalanche|p1a: Goodra
|-supereffective|p1a: Goodra
|-crit|p1a: Goodra
|-damage|p1a: Goodra|29/100
|
|-heal|p2a: Dondozo|82/100 tox|[from] item: Leftovers
|-damage|p2a: Dondozo|76/100 tox|[from] psn
|upkeep
|turn|18
|
|t:|1779848461
|switch|p1a: Brambleghast|Brambleghast, M|73/100
|move|p2a: Dondozo|Sleep Talk||[still]
|-fail|p2a: Dondozo
|
|-heal|p2a: Dondozo|82/100 tox|[from] item: Leftovers
|-damage|p2a: Dondozo|70/100 tox|[from] psn
|upkeep
|turn|19
|
|t:|1779848474
|-terastallize|p2a: Dondozo|Dragon
|move|p1a: Brambleghast|Power Whip|p2a: Dondozo
|-resisted|p2a: Dondozo
|-damage|p2a: Dondozo|56/100 tox
|move|p2a: Dondozo|Avalanche|p1a: Brambleghast
|-supereffective|p1a: Brambleghast
|-damage|p1a: Brambleghast|0 fnt
|faint|p1a: Brambleghast
|
|-heal|p2a: Dondozo|63/100 tox|[from] item: Leftovers
|-damage|p2a: Dondozo|44/100 tox|[from] psn
|upkeep
|
|t:|1779848485
|switch|p1a: Orthworm|Orthworm, F|57/100 brn
|turn|20
|
|t:|1779848490
|move|p1a: Orthworm|Iron Defense|p1a: Orthworm
|-boost|p1a: Orthworm|def|2
|move|p2a: Dondozo|Rest|p2a: Dondozo
|-status|p2a: Dondozo|slp|[from] move: Rest
|-heal|p2a: Dondozo|100/100 slp|[silent]
|
|-heal|p1a: Orthworm|63/100 brn|[from] item: Leftovers
|-damage|p1a: Orthworm|57/100 brn|[from] brn
|upkeep
|turn|21
|
|t:|1779848499
|switch|p1a: Goodra|Goodra, F|29/100
|cant|p2a: Dondozo|slp
|move|p2a: Dondozo|Sleep Talk|p2a: Dondozo
|move|p2a: Dondozo|Waterfall|p1a: Goodra|[from] move: Sleep Talk
|-resisted|p1a: Goodra
|-damage|p1a: Goodra|9/100
|
|upkeep
|turn|22
|
|t:|1779848507
|switch|p2a: Weezing|Weezing-Galar, F|50/100
|-ability|p2a: Weezing|Neutralizing Gas
|-damage|p2a: Weezing|38/100|[from] Stealth Rock
|move|p1a: Goodra|Draco Meteor|p2a: Weezing
|-immune|p2a: Weezing
|
|-heal|p2a: Weezing|44/100|[from] item: Leftovers
|upkeep
|turn|23
|
|t:|1779848516
|move|p1a: Goodra|Blizzard|p2a: Weezing
|-damage|p2a: Weezing|0 fnt
|faint|p2a: Weezing
|-end|p2a: Weezing|ability: Neutralizing Gas
|
|upkeep
|
|t:|1779848521
|switch|p2a: Sandy Shocks|Sandy Shocks|21/100
|turn|24
|
|t:|1779848529
|switch|p1a: Orthworm|Orthworm, F|57/100 brn
|move|p2a: Sandy Shocks|Volt Switch|p1a: Orthworm
|-damage|p1a: Orthworm|21/100 brn
|
|t:|1779848534
|-end|p2a: Sandy Shocks|Protosynthesis|[silent]
|switch|p2a: Dondozo|Dondozo, M, tera:Dragon|100/100 slp|[from] Volt Switch
|-damage|p2a: Dondozo|88/100 slp|[from] Stealth Rock
|
|-heal|p1a: Orthworm|27/100 brn|[from] item: Leftovers
|-heal|p2a: Dondozo|94/100 slp|[from] item: Leftovers
|-damage|p1a: Orthworm|21/100 brn|[from] brn
|upkeep
|turn|25
|
|t:|1779848543
|switch|p1a: Goodra|Goodra, F|9/100
|cant|p2a: Dondozo|slp
|move|p2a: Dondozo|Sleep Talk|p2a: Dondozo
|move|p2a: Dondozo|Avalanche|p1a: Goodra|[from] move: Sleep Talk
|-supereffective|p1a: Goodra
|-damage|p1a: Goodra|0 fnt
|faint|p1a: Goodra
|
|-heal|p2a: Dondozo|99/100 slp|[from] item: Leftovers
|upkeep
|
|t:|1779848554
|switch|p1a: Orthworm|Orthworm, F|21/100 brn
|turn|26
|
|t:|1779848558
|move|p1a: Orthworm|Iron Defense|p1a: Orthworm
|-boost|p1a: Orthworm|def|2
|-curestatus|p2a: Dondozo|slp|[msg]
|move|p2a: Dondozo|Waterfall|p1a: Orthworm
|-damage|p1a: Orthworm|0 fnt
|faint|p1a: Orthworm
|
|-heal|p2a: Dondozo|100/100|[from] item: Leftovers
|upkeep
|
|t:|1779848561
|switch|p1a: Arcanine|Arcanine, F|23/100
|turn|27
|
|t:|1779848567
|move|p1a: Arcanine|Flare Blitz|p2a: Dondozo
|-resisted|p2a: Dondozo
|-damage|p2a: Dondozo|83/100
|-damage|p1a: Arcanine|14/100|[from] Recoil
|move|p2a: Dondozo|Waterfall|p1a: Arcanine
|-supereffective|p1a: Arcanine
|-damage|p1a: Arcanine|0 fnt
|faint|p1a: Arcanine
|
|win|jack567890
|raw|Cakdink's rating: 1292 &rarr; <strong>1269</strong><br />(-23 for losing)
|raw|jack567890's rating: 1321 &rarr; <strong>1339</strong><br />(+18 for winning)
|l|☆Cakdink
|player|p1|
|l|☆jack567890
|player|p2|
