|j|☆Exceperojo
|j|☆firered27
|t:|1779800597
|gametype|singles
|player|p1|Exceperojo|lillie-masters|1359
|player|p2|firered27|170|1325
|gen|9
|tier|[Gen 9] OU
|rated|
|rule|HP Percentage Mod: HP is shown in percentages
|rule|Endless Battle Clause: Forcing endless battles is banned
|rule|Species Clause: Limit one of each Pokémon
|rule|OHKO Clause: OHKO moves are banned
|rule|Evasion Items Clause: Evasion items are banned
|rule|Evasion Moves Clause: Evasion moves are banned
|rule|Evasion Abilities Clause: Evasion abilities are banned
|rule|Sleep Moves Clause: Sleep-inducing moves are banned
|clearpoke
|poke|p1|Gholdengo|
|poke|p1|Clodsire, M|
|poke|p1|Dondozo, M|
|poke|p1|Cinderace, F|
|poke|p1|Meowscarada, F|
|poke|p1|Corviknight, F|
|poke|p2|Vivillon-Pokeball, M|
|poke|p2|Ogerpon-Wellspring, F|
|poke|p2|Ninetales-Alola, F|
|poke|p2|Dragonite, M|
|poke|p2|Great Tusk|
|poke|p2|Hatterene, F|
|teampreview
|inactive|Battle timer is ON: inactive players will automatically lose when time's up. (requested by Exceperojo)
|
|t:|1779800610
|teamsize|p1|6
|teamsize|p2|6
|start
|switch|p1a: Clodsire|Clodsire, M|100/100
|switch|p2a: Hatterene|Hatterene, F|100/100
|turn|1
|
|t:|1779800619
|switch|p2a: Great Tusk|Great Tusk|100/100
|-enditem|p2a: Great Tusk|Booster Energy
|-activate|p2a: Great Tusk|ability: Protosynthesis|[fromitem]
|-start|p2a: Great Tusk|protosynthesisspe
|switch|p1a: Corviknight|Corviknight, F|100/100
|-ability|p1a: Corviknight|Unnerve
|
|upkeep
|turn|2
|
|t:|1779800626
|move|p2a: Great Tusk|Stealth Rock|p1a: Corviknight
|-sidestart|p1: Exceperojo|move: Stealth Rock
|move|p1a: Corviknight|Brave Bird|p2a: Great Tusk
|-supereffective|p2a: Great Tusk
|-damage|p2a: Great Tusk|49/100
|-damage|p1a: Corviknight|79/100|[from] Recoil
|
|-heal|p1a: Corviknight|85/100|[from] item: Leftovers
|upkeep
|turn|3
|
|t:|1779800639
|-end|p2a: Great Tusk|Protosynthesis|[silent]
|switch|p2a: Hatterene|Hatterene, F|100/100
|move|p1a: Corviknight|Brave Bird|p2a: Hatterene
|-damage|p2a: Hatterene|62/100
|-damage|p1a: Corviknight|73/100|[from] Recoil
|-enditem|p2a: Hatterene|Eject Button
|
|t:|1779800648
|switch|p2a: Ninetales|Ninetales-Alola, F|100/100
|-weather|Snowscape|[from] ability: Snow Warning|[of] p2a: Ninetales
|
|-weather|Snowscape|[upkeep]
|-heal|p1a: Corviknight|79/100|[from] item: Leftovers
|upkeep
|turn|4
|
|t:|1779800656
|move|p2a: Ninetales|Aurora Veil|p2a: Ninetales
|-sidestart|p2: firered27|move: Aurora Veil
|move|p1a: Corviknight|Defog|p2a: Ninetales
|-unboost|p2a: Ninetales|evasion|1
|-sideend|p2: firered27|move: Aurora Veil
|-sideend|p1: Exceperojo|Stealth Rock|[from] move: Defog|[of] p1a: Corviknight
|
|-weather|Snowscape|[upkeep]
|-heal|p1a: Corviknight|85/100|[from] item: Leftovers
|upkeep
|turn|5
|
|t:|1779800666
|move|p2a: Ninetales|Encore|p1a: Corviknight
|-start|p1a: Corviknight|Encore
|move|p1a: Corviknight|Defog|p2a: Ninetales
|-unboost|p2a: Ninetales|evasion|1
|
|-weather|Snowscape|[upkeep]
|-heal|p1a: Corviknight|92/100|[from] item: Leftovers
|upkeep
|turn|6
|
|t:|1779800673
|switch|p2a: Ogerpon|Ogerpon-Wellspring, F|100/100
|switch|p1a: Gholdengo|Gholdengo|100/100
|-item|p1a: Gholdengo|Air Balloon
|
|-weather|Snowscape|[upkeep]
|upkeep
|turn|7
|
|t:|1779800692
|switch|p1a: Clodsire|Clodsire, M|100/100
|move|p2a: Ogerpon|Substitute|p2a: Ogerpon
|-start|p2a: Ogerpon|Substitute
|-damage|p2a: Ogerpon|76/100
|
|-weather|none
|upkeep
|turn|8
|
|t:|1779800699
|move|p2a: Ogerpon|Swords Dance|p2a: Ogerpon
|-boost|p2a: Ogerpon|atk|2
|move|p1a: Clodsire|Earthquake|p2a: Ogerpon
|-resisted|p2a: Ogerpon
|-activate|p2a: Ogerpon|move: Substitute|[damage]
|
|upkeep
|turn|9
|
|t:|1779800710
|move|p2a: Ogerpon|Horn Leech|p1a: Clodsire
|-damage|p1a: Clodsire|14/100
|-heal|p2a: Ogerpon|100/100|[from] drain|[of] p1a: Clodsire
|move|p1a: Clodsire|Stealth Rock|p2a: Ogerpon
|-sidestart|p2: firered27|move: Stealth Rock
|
|upkeep
|turn|10
|
|t:|1779800717
|move|p2a: Ogerpon|Horn Leech|p1a: Clodsire
|-damage|p1a: Clodsire|0 fnt
|faint|p1a: Clodsire
|
|upkeep
|
|t:|1779800722
|switch|p1a: Meowscarada|Meowscarada, F, shiny|100/100
|turn|11
|
|t:|1779800734
|move|p2a: Ogerpon|Substitute|p2a: Ogerpon
|-fail|p2a: Ogerpon|move: Substitute
|move|p1a: Meowscarada|Triple Axel|p2a: Ogerpon
|-start|p1a: Meowscarada|typechange|Ice|[from] ability: Protean
|-end|p2a: Ogerpon|Substitute
|-damage|p2a: Ogerpon|68/100
|-damage|p2a: Ogerpon|20/100
|-hitcount|p2a: Ogerpon|3
|-damage|p1a: Meowscarada|91/100|[from] item: Life Orb
|
|upkeep
|turn|12
|
|t:|1779800746
|move|p2a: Ogerpon|Horn Leech|p1a: Meowscarada
|-damage|p1a: Meowscarada|0 fnt
|-heal|p2a: Ogerpon|65/100|[from] drain|[of] p1a: Meowscarada
|faint|p1a: Meowscarada
|
|upkeep
|
|t:|1779800751
|switch|p1a: Cinderace|Cinderace, F|100/100
|turn|13
|
|t:|1779800764
|-terastallize|p2a: Ogerpon|Water
|detailschange|p2a: Ogerpon|Ogerpon-Wellspring-Tera, F, tera:Water
|-ability|p2a: Ogerpon|Embody Aspect (Wellspring)|boost
|-boost|p2a: Ogerpon|spd|1
|move|p2a: Ogerpon|Ivy Cudgel|p1a: Cinderace|[anim] Ivy Cudgel Water
|-supereffective|p1a: Cinderace
|-damage|p1a: Cinderace|0 fnt
|faint|p1a: Cinderace
|
|upkeep
|
|t:|1779800774
|switch|p1a: Dondozo|Dondozo, M|100/100
|turn|14
|
|t:|1779800778
|move|p2a: Ogerpon|Swords Dance|p2a: Ogerpon
|-boost|p2a: Ogerpon|atk|2
|move|p1a: Dondozo|Outrage|p2a: Ogerpon
|-damage|p2a: Ogerpon|0 fnt
|faint|p2a: Ogerpon
|detailschange|p2: Ogerpon|Ogerpon-Wellspring, F|[silent]
|
|upkeep
|
|t:|1779800782
|switch|p2a: Hatterene|Hatterene, F|62/100
|-damage|p2a: Hatterene|50/100|[from] Stealth Rock
|turn|15
|
|t:|1779800788
|move|p2a: Hatterene|Draining Kiss|p1a: Dondozo
|-damage|p1a: Dondozo|79/100
|-heal|p2a: Hatterene|75/100|[from] drain|[of] p1a: Dondozo
|move|p1a: Dondozo|Outrage|p2a: Hatterene|[from] lockedmove
|-immune|p2a: Hatterene
|
|upkeep
|turn|16
|
|t:|1779800797
|switch|p1a: Corviknight|Corviknight, F|92/100
|-ability|p1a: Corviknight|Unnerve
|move|p2a: Hatterene|Nuzzle|p1a: Corviknight
|-supereffective|p1a: Corviknight
|-damage|p1a: Corviknight|84/100
|-status|p1a: Corviknight|par
|
|-heal|p1a: Corviknight|90/100 par|[from] item: Leftovers
|upkeep
|turn|17
|
|t:|1779800807
|switch|p2a: Great Tusk|Great Tusk|49/100
|-damage|p2a: Great Tusk|46/100|[from] Stealth Rock
|cant|p1a: Corviknight|par
|
|-heal|p1a: Corviknight|96/100 par|[from] item: Leftovers
|upkeep
|turn|18
|
|t:|1779800814
|move|p2a: Great Tusk|Rapid Spin|p1a: Corviknight
|-resisted|p1a: Corviknight
|-damage|p1a: Corviknight|89/100 par
|-boost|p2a: Great Tusk|spe|1
|-sideend|p2: firered27|Stealth Rock|[from] move: Rapid Spin|[of] p2a: Great Tusk
|move|p1a: Corviknight|Brave Bird|p2a: Great Tusk
|-supereffective|p2a: Great Tusk
|-damage|p2a: Great Tusk|0 fnt
|faint|p2a: Great Tusk
|-end|p2a: Great Tusk|Protosynthesis|[silent]
|-damage|p1a: Corviknight|70/100 par|[from] Recoil
|
|-heal|p1a: Corviknight|76/100 par|[from] item: Leftovers
|upkeep
|
|t:|1779800827
|switch|p2a: Ninetales|Ninetales-Alola, F|100/100
|-weather|Snowscape|[from] ability: Snow Warning|[of] p2a: Ninetales
|turn|19
|
|t:|1779800830
|move|p2a: Ninetales|Encore|p1a: Corviknight
|-start|p1a: Corviknight|Encore
|move|p1a: Corviknight|Brave Bird|p2a: Ninetales
|-damage|p2a: Ninetales|67/100
|-damage|p1a: Corviknight|64/100 par|[from] Recoil
|
|-weather|Snowscape|[upkeep]
|-heal|p1a: Corviknight|71/100 par|[from] item: Leftovers
|upkeep
|turn|20
|
|t:|1779800840
|move|p2a: Ninetales|Aurora Veil|p2a: Ninetales
|-sidestart|p2: firered27|move: Aurora Veil
|move|p1a: Corviknight|Brave Bird|p2a: Ninetales
|-damage|p2a: Ninetales|48/100
|-damage|p1a: Corviknight|64/100 par|[from] Recoil
|
|-weather|Snowscape|[upkeep]
|-heal|p1a: Corviknight|70/100 par|[from] item: Leftovers
|upkeep
|turn|21
|
|t:|1779800844
|move|p2a: Ninetales|Freeze-Dry|p1a: Corviknight
|-damage|p1a: Corviknight|53/100 par
|cant|p1a: Corviknight|par
|
|-weather|Snowscape|[upkeep]
|-heal|p1a: Corviknight|59/100 par|[from] item: Leftovers
|-end|p1a: Corviknight|Encore
|upkeep
|turn|22
|
|t:|1779800851
|move|p2a: Ninetales|Freeze-Dry|p1a: Corviknight
|-damage|p1a: Corviknight|41/100 par
|move|p1a: Corviknight|Iron Head|p2a: Ninetales
|-supereffective|p2a: Ninetales
|-damage|p2a: Ninetales|2/100
|
|-weather|Snowscape|[upkeep]
|-heal|p1a: Corviknight|47/100 par|[from] item: Leftovers
|upkeep
|turn|23
|
|t:|1779800861
|move|p2a: Ninetales|Encore|p1a: Corviknight
|-start|p1a: Corviknight|Encore
|move|p1a: Corviknight|Iron Head|p2a: Ninetales
|-supereffective|p2a: Ninetales
|-damage|p2a: Ninetales|0 fnt
|faint|p2a: Ninetales
|
|-weather|none
|-heal|p1a: Corviknight|54/100 par|[from] item: Leftovers
|upkeep
|
|t:|1779800868
|switch|p2a: Vivillon|Vivillon-Pokeball, M|100/100
|turn|24
|
|t:|1779800873
|switch|p1a: Dondozo|Dondozo, M|79/100
|move|p2a: Vivillon|Quiver Dance|p2a: Vivillon
|-boost|p2a: Vivillon|spa|1
|-boost|p2a: Vivillon|spd|1
|-boost|p2a: Vivillon|spe|1
|
|upkeep
|turn|25
|
|t:|1779800883
|-terastallize|p1a: Dondozo|Water
|move|p2a: Vivillon|Iron Defense|p2a: Vivillon
|-boost|p2a: Vivillon|def|2
|move|p1a: Dondozo|Wave Crash|p2a: Vivillon
|-damage|p2a: Vivillon|6/100
|-damage|p1a: Dondozo|61/100|[from] Recoil
|
|upkeep
|turn|26
|
|t:|1779800893
|move|p2a: Vivillon|Hurricane|p1a: Dondozo|[miss]
|-miss|p2a: Vivillon|p1a: Dondozo
|move|p1a: Dondozo|Wave Crash|p2a: Vivillon
|-damage|p2a: Vivillon|0 fnt
|faint|p2a: Vivillon
|-damage|p1a: Dondozo|60/100|[from] Recoil
|
|upkeep
|
|t:|1779800910
|switch|p2a: Dragonite|Dragonite, M|100/100
|turn|27
|
|t:|1779800913
|switch|p1a: Corviknight|Corviknight, F|54/100 par
|-ability|p1a: Corviknight|Unnerve
|move|p2a: Dragonite|Dragon Dance|p2a: Dragonite
|-boost|p2a: Dragonite|atk|1
|-boost|p2a: Dragonite|spe|1
|
|-heal|p1a: Corviknight|60/100 par|[from] item: Leftovers
|-sideend|p2: firered27|move: Aurora Veil
|upkeep
|turn|28
|
|t:|1779800920
|move|p2a: Dragonite|Dragon Dance|p2a: Dragonite
|-boost|p2a: Dragonite|atk|1
|-boost|p2a: Dragonite|spe|1
|move|p1a: Corviknight|U-turn|p2a: Dragonite
|-resisted|p2a: Dragonite
|-damage|p2a: Dragonite|96/100
|
|t:|1779800922
|switch|p1a: Dondozo|Dondozo, M, tera:Water|60/100|[from] U-turn
|
|upkeep
|turn|29
|
|t:|1779800929
|move|p2a: Dragonite|Earthquake|p1a: Dondozo
|-damage|p1a: Dondozo|38/100
|move|p1a: Dondozo|Outrage|p2a: Dragonite
|-supereffective|p2a: Dragonite
|-damage|p2a: Dragonite|0 fnt
|faint|p2a: Dragonite
|
|upkeep
|
|t:|1779800936
|switch|p2a: Hatterene|Hatterene, F|75/100
|turn|30
|
|t:|1779800945
|move|p2a: Hatterene|Draining Kiss|p1a: Dondozo
|-damage|p1a: Dondozo|18/100
|-heal|p2a: Hatterene|99/100|[from] drain|[of] p1a: Dondozo
|move|p1a: Dondozo|Outrage|p2a: Hatterene|[from] lockedmove
|-immune|p2a: Hatterene
|-start|p1a: Dondozo|confusion|[fatigue]
|
|upkeep
|turn|31
|
|t:|1779800951
|switch|p1a: Corviknight|Corviknight, F|60/100 par
|-ability|p1a: Corviknight|Unnerve
|move|p2a: Hatterene|Draining Kiss|p1a: Corviknight
|-resisted|p1a: Corviknight
|-damage|p1a: Corviknight|50/100 par
|-heal|p2a: Hatterene|100/100|[from] drain|[of] p1a: Corviknight
|
|-heal|p1a: Corviknight|56/100 par|[from] item: Leftovers
|upkeep
|turn|32
|
|t:|1779800957
|move|p2a: Hatterene|Psychic Noise|p1a: Corviknight
|-resisted|p1a: Corviknight
|-damage|p1a: Corviknight|40/100 par
|-start|p1a: Corviknight|move: Heal Block
|cant|p1a: Corviknight|par
|
|upkeep
|turn|33
|
|t:|1779800966
|move|p2a: Hatterene|Nuzzle|p1a: Corviknight
|-supereffective|p1a: Corviknight
|-damage|p1a: Corviknight|32/100 par
|move|p1a: Corviknight|Iron Head|p2a: Hatterene
|-supereffective|p2a: Hatterene
|-damage|p2a: Hatterene|51/100
|
|-end|p1a: Corviknight|move: Heal Block
|upkeep
|turn|34
|
|t:|1779800972
|move|p2a: Hatterene|Nuzzle|p1a: Corviknight
|-supereffective|p1a: Corviknight
|-damage|p1a: Corviknight|25/100 par
|move|p1a: Corviknight|Iron Head|p2a: Hatterene
|-supereffective|p2a: Hatterene
|-crit|p2a: Hatterene
|-damage|p2a: Hatterene|0 fnt
|faint|p2a: Hatterene
|
|win|Exceperojo
|raw|Exceperojo's rating: 1359 &rarr; <strong>1377</strong><br />(+18 for winning)
|raw|firered27's rating: 1325 &rarr; <strong>1307</strong><br />(-18 for losing)
|l|☆Exceperojo
|player|p1|
|l|☆firered27
|player|p2|
