|j|☆NewGenLaw
|j|‽PokemonGuy94
|t:|1779852485
|gametype|singles
|player|p1|NewGenLaw|blue|1452
|player|p2|PokemonGuy94|leon|1466
|gen|9
|tier|[Gen 9] OU
|rated|
|rule|HP Percentage Mod: HP is shown in percentages
|rule|Endless Battle Clause: Forcing endless battles is banned
|rule|Species Clause: Limit one of each Pokémon
|rule|OHKO Clause: OHKO moves are banned
|rule|Evasion Items Clause: Evasion items are banned
|rule|Evasion Moves Clause: Evasion moves are banned
|rule|Evasion Abilities Clause: Evasion abilities are banned
|rule|Sleep Moves Clause: Sleep-inducing moves are banned
|clearpoke
|poke|p1|Cinderace, F|
|poke|p1|Iron Treads|
|poke|p1|Kyurem|
|poke|p1|Zapdos|
|poke|p1|Ogerpon-Wellspring, F|
|poke|p1|Lucario, M|
|poke|p2|Grimmsnarl, M|
|poke|p2|Great Tusk|
|poke|p2|Latias, F|
|poke|p2|Hatterene, F|
|poke|p2|Kingambit, F|
|poke|p2|Pecharunt|
|teampreview
|inactive|Battle timer is ON: inactive players will automatically lose when time's up. (requested by PokemonGuy94)
|
|t:|1779852508
|teamsize|p1|6
|teamsize|p2|6
|start
|switch|p1a: Ogerpon|Ogerpon-Wellspring, F|100/100
|switch|p2a: Grimmsnarl|Grimmsnarl, M|100/100
|turn|1
|
|t:|1779852515
|move|p2a: Grimmsnarl|Taunt|p1a: Ogerpon
|-start|p1a: Ogerpon|move: Taunt
|cant|p1a: Ogerpon|move: Taunt|Spikes
|
|upkeep
|turn|2
|
|t:|1779852519
|move|p2a: Grimmsnarl|Reflect|p2a: Grimmsnarl
|-sidestart|p2: PokemonGuy94|Reflect
|move|p1a: Ogerpon|Ivy Cudgel|p2a: Grimmsnarl|[anim] Ivy Cudgel Water
|-damage|p2a: Grimmsnarl|65/100
|
|upkeep
|turn|3
|
|t:|1779852527
|move|p2a: Grimmsnarl|Parting Shot|p1a: Ogerpon
|-unboost|p1a: Ogerpon|atk|1
|-unboost|p1a: Ogerpon|spa|1
|
|t:|1779852532
|switch|p2a: Latias|Latias, F|100/100|[from] Parting Shot
|move|p1a: Ogerpon|Ivy Cudgel|p2a: Latias|[anim] Ivy Cudgel Water
|-resisted|p2a: Latias
|-damage|p2a: Latias|93/100
|
|-end|p1a: Ogerpon|move: Taunt
|upkeep
|turn|4
|
|t:|1779852539
|switch|p1a: Zapdos|Zapdos|100/100
|-ability|p1a: Zapdos|Pressure
|move|p2a: Latias|Agility|p2a: Latias
|-boost|p2a: Latias|spe|2
|
|upkeep
|turn|5
|
|t:|1779852546
|move|p2a: Latias|Calm Mind|p2a: Latias
|-boost|p2a: Latias|spa|1
|-boost|p2a: Latias|spd|1
|move|p1a: Zapdos|Thunder Wave|p2a: Latias
|-status|p2a: Latias|par
|
|upkeep
|turn|6
|
|t:|1779852552
|move|p2a: Latias|Agility|p2a: Latias
|-boost|p2a: Latias|spe|2
|move|p1a: Zapdos|Volt Switch|p2a: Latias
|-resisted|p2a: Latias
|-damage|p2a: Latias|85/100 par
|
|t:|1779852554
|switch|p1a: Iron Treads|Iron Treads|100/100|[from] Volt Switch
|
|upkeep
|turn|7
|
|t:|1779852564
|move|p2a: Latias|Calm Mind|p2a: Latias
|-boost|p2a: Latias|spa|1
|-boost|p2a: Latias|spd|1
|move|p1a: Iron Treads|Knock Off|p2a: Latias
|-supereffective|p2a: Latias
|-damage|p2a: Latias|64/100 par
|-enditem|p2a: Latias|Weakness Policy
|-boost|p2a: Latias|atk|2|[from] item: Weakness Policy
|-boost|p2a: Latias|spa|2|[from] item: Weakness Policy
|
|upkeep
|turn|8
|
|t:|1779852571
|move|p2a: Latias|Stored Power|p1a: Iron Treads
|-resisted|p1a: Iron Treads
|-crit|p1a: Iron Treads
|-damage|p1a: Iron Treads|0 fnt
|faint|p1a: Iron Treads
|-end|p1a: Iron Treads|Quark Drive|[silent]
|
|upkeep
|
|t:|1779852582
|switch|p1a: Kyurem|Kyurem|100/100
|-ability|p1a: Kyurem|Pressure
|turn|9
|
|t:|1779852588
|-terastallize|p2a: Latias|Steel
|move|p1a: Kyurem|Ice Beam|p2a: Latias
|-resisted|p2a: Latias
|-damage|p2a: Latias|53/100 par
|move|p2a: Latias|Draining Kiss|p1a: Kyurem
|-supereffective|p1a: Kyurem
|-damage|p1a: Kyurem|23/100
|-heal|p2a: Latias|100/100 par|[from] drain|[of] p1a: Kyurem
|
|-sideend|p2: PokemonGuy94|Reflect
|upkeep
|turn|10
|
|t:|1779852606
|move|p1a: Kyurem|Ice Beam|p2a: Latias
|-resisted|p2a: Latias
|-damage|p2a: Latias|91/100 par
|cant|p2a: Latias|par
|
|upkeep
|turn|11
|
|t:|1779852615
|move|p1a: Kyurem|Ice Beam|p2a: Latias
|-resisted|p2a: Latias
|-damage|p2a: Latias|80/100 par
|move|p2a: Latias|Stored Power|p1a: Kyurem
|-damage|p1a: Kyurem|0 fnt
|faint|p1a: Kyurem
|
|upkeep
|
|t:|1779852624
|switch|p1a: Cinderace|Cinderace, F|100/100
|turn|12
|
|t:|1779852627
|move|p2a: Latias|Stored Power|p1a: Cinderace
|-damage|p1a: Cinderace|0 fnt
|faint|p1a: Cinderace
|
|upkeep
|
|t:|1779852636
|switch|p1a: Lucario|Lucario, M|100/100
|turn|13
|
|t:|1779852640
|move|p2a: Latias|Stored Power|p1a: Lucario
|-damage|p1a: Lucario|0 fnt
|faint|p1a: Lucario
|
|upkeep
|
|t:|1779852644
|switch|p1a: Zapdos|Zapdos|100/100
|-ability|p1a: Zapdos|Pressure
|turn|14
|
|t:|1779852647
|move|p2a: Latias|Stored Power|p1a: Zapdos
|-damage|p1a: Zapdos|0 fnt
|faint|p1a: Zapdos
|
|upkeep
|-message|NewGenLaw forfeited.
|
|win|PokemonGuy94
|raw|NewGenLaw's rating: 1452 &rarr; <strong>1433</strong><br />(-19 for losing)
|raw|PokemonGuy94's rating: 1466 &rarr; <strong>1485</strong><br />(+19 for winning)
|l|☆NewGenLaw
|player|p1|
