|j|☆aanszo
|j|☆Buttologist
|t:|1779945931
|gametype|singles
|player|p1|aanszo|102|1104
|player|p2|Buttologist|oichi-conquest|1173
|gen|9
|tier|[Gen 9] OU
|rated|
|rule|HP Percentage Mod: HP is shown in percentages
|rule|Endless Battle Clause: Forcing endless battles is banned
|rule|Species Clause: Limit one of each Pokémon
|rule|OHKO Clause: OHKO moves are banned
|rule|Evasion Items Clause: Evasion items are banned
|rule|Evasion Moves Clause: Evasion moves are banned
|rule|Evasion Abilities Clause: Evasion abilities are banned
|rule|Sleep Moves Clause: Sleep-inducing moves are banned
|clearpoke
|poke|p1|Ceruledge, M|
|poke|p1|Ting-Lu|
|poke|p1|Deoxys-Speed|
|poke|p1|Tyranitar, M|
|poke|p1|Suicune|
|poke|p1|Kingambit, F|
|poke|p2|Pelipper, L99, M|
|poke|p2|Barraskewda, F|
|poke|p2|Raging Bolt|
|poke|p2|Golduck, F|
|poke|p2|Pawmot, M|
|poke|p2|Tentacruel, M|
|teampreview
|inactive|Battle timer is ON: inactive players will automatically lose when time's up. (requested by Buttologist)
|
|t:|1779945942
|teamsize|p1|6
|teamsize|p2|6
|start
|switch|p1a: Deoxys|Deoxys-Speed|100/100
|switch|p2a: Pelipper|Pelipper, L99, M|100/100
|-ability|p1a: Deoxys|Pressure
|-weather|RainDance|[from] ability: Drizzle|[of] p2a: Pelipper
|turn|1
|
|t:|1779945947
|move|p1a: Deoxys|Light Screen|p1a: Deoxys
|-sidestart|p1: aanszo|move: Light Screen
|move|p2a: Pelipper|U-turn|p1a: Deoxys
|-supereffective|p1a: Deoxys
|-damage|p1a: Deoxys|79/100
|
|t:|1779945953
|switch|p2a: Raging Bolt|Raging Bolt|100/100|[from] U-turn
|
|-weather|RainDance|[upkeep]
|upkeep
|turn|2
|
|t:|1779945957
|move|p1a: Deoxys|Taunt|p2a: Raging Bolt
|-start|p2a: Raging Bolt|move: Taunt
|move|p2a: Raging Bolt|Thunder|p1a: Deoxys
|-damage|p1a: Deoxys|39/100
|
|-weather|RainDance|[upkeep]
|upkeep
|turn|3
|
|t:|1779945966
|move|p1a: Deoxys|Reflect|p1a: Deoxys
|-sidestart|p1: aanszo|Reflect
|move|p2a: Raging Bolt|Weather Ball|p1a: Deoxys
|-damage|p1a: Deoxys|3/100
|
|-weather|RainDance|[upkeep]
|upkeep
|turn|4
|
|t:|1779945971
|move|p2a: Raging Bolt|Thunderclap|p1a: Deoxys
|-damage|p1a: Deoxys|0 fnt
|faint|p1a: Deoxys
|
|-weather|RainDance|[upkeep]
|-end|p2a: Raging Bolt|move: Taunt
|upkeep
|
|t:|1779945979
|switch|p1a: Tyranitar|Tyranitar, M|100/100
|-weather|Sandstorm|[from] ability: Sand Stream|[of] p1a: Tyranitar
|turn|5
|
|t:|1779945987
|-end|p2a: Raging Bolt|Protosynthesis|[silent]
|switch|p2a: Pelipper|Pelipper, L99, M|100/100
|-weather|RainDance|[from] ability: Drizzle|[of] p2a: Pelipper
|move|p1a: Tyranitar|Knock Off|p2a: Pelipper
|-damage|p2a: Pelipper|55/100
|-enditem|p2a: Pelipper|Damp Rock|[from] move: Knock Off|[of] p1a: Tyranitar
|
|-weather|RainDance|[upkeep]
|upkeep
|turn|6
|
|t:|1779946000
|switch|p1a: Ceruledge|Ceruledge, M|100/100
|switch|p2a: Pawmot|Pawmot, M|100/100
|
|-weather|RainDance|[upkeep]
|upkeep
|turn|7
|
|t:|1779946007
|move|p2a: Pawmot|Nuzzle|p1a: Ceruledge
|-damage|p1a: Ceruledge|95/100
|-status|p1a: Ceruledge|par
|-ability|p1a: Ceruledge|Weak Armor|boost
|-unboost|p1a: Ceruledge|def|1
|-boost|p1a: Ceruledge|spe|2
|cant|p1a: Ceruledge|par
|
|-weather|RainDance|[upkeep]
|-heal|p1a: Ceruledge|100/100 par|[from] item: Leftovers
|upkeep
|turn|8
|
|t:|1779946028
|switch|p2a: Tentacruel|Tentacruel, M|100/100
|move|p1a: Ceruledge|Swords Dance|p1a: Ceruledge
|-boost|p1a: Ceruledge|atk|2
|
|-weather|RainDance|[upkeep]
|-sideend|p1: aanszo|move: Light Screen
|upkeep
|turn|9
|
|t:|1779946039
|switch|p2a: Golduck|Golduck, F|100/100
|move|p1a: Ceruledge|Poltergeist|p2a: Golduck
|-activate|p2a: Golduck|move: Poltergeist|Life Orb
|-damage|p2a: Golduck|0 fnt
|faint|p2a: Golduck
|
|-weather|RainDance|[upkeep]
|upkeep
|
|t:|1779946044
|switch|p2a: Pawmot|Pawmot, M|100/100
|turn|10
|
|t:|1779946050
|move|p2a: Pawmot|Encore|p1a: Ceruledge
|-start|p1a: Ceruledge|Encore
|move|p1a: Ceruledge|Poltergeist|p2a: Pawmot
|-activate|p2a: Pawmot|move: Poltergeist|Leppa Berry
|-damage|p2a: Pawmot|0 fnt
|faint|p2a: Pawmot
|
|-weather|RainDance|[upkeep]
|-sideend|p1: aanszo|Reflect
|upkeep
|
|t:|1779946054
|switch|p2a: Pelipper|Pelipper, L99, M|55/100
|turn|11
|
|t:|1779946058
|-terastallize|p2a: Pelipper|Normal
|move|p1a: Ceruledge|Poltergeist||[still]
|-fail|p1a: Ceruledge
|move|p2a: Pelipper|Surf|p1a: Ceruledge
|-supereffective|p1a: Ceruledge
|-damage|p1a: Ceruledge|5/100 par
|
|-weather|RainDance|[upkeep]
|-heal|p1a: Ceruledge|11/100 par|[from] item: Leftovers
|upkeep
|turn|12
|
|t:|1779946067
|switch|p1a: Tyranitar|Tyranitar, M|100/100
|-weather|Sandstorm|[from] ability: Sand Stream|[of] p1a: Tyranitar
|move|p2a: Pelipper|Hurricane|p1a: Tyranitar|[miss]
|-miss|p2a: Pelipper|p1a: Tyranitar
|
|-weather|Sandstorm|[upkeep]
|-damage|p2a: Pelipper|49/100|[from] Sandstorm
|upkeep
|turn|13
|
|t:|1779946074
|switch|p2a: Raging Bolt|Raging Bolt|100/100
|move|p1a: Tyranitar|Thunder Wave|p2a: Raging Bolt
|-immune|p2a: Raging Bolt
|
|-weather|Sandstorm|[upkeep]
|-damage|p2a: Raging Bolt|94/100|[from] Sandstorm
|-heal|p2a: Raging Bolt|100/100|[from] item: Leftovers
|upkeep
|turn|14
|
|t:|1779946084
|switch|p1a: Ting-Lu|Ting-Lu|100/100
|-ability|p1a: Ting-Lu|Vessel of Ruin
|move|p2a: Raging Bolt|Thunder|p1a: Ting-Lu
|-immune|p1a: Ting-Lu
|
|-weather|Sandstorm|[upkeep]
|-damage|p2a: Raging Bolt|94/100|[from] Sandstorm
|-heal|p2a: Raging Bolt|100/100|[from] item: Leftovers
|upkeep
|turn|15
|
|t:|1779946089
|-end|p2a: Raging Bolt|Protosynthesis|[silent]
|switch|p2a: Pelipper|Pelipper, L99, M, tera:Normal|49/100
|-weather|RainDance|[from] ability: Drizzle|[of] p2a: Pelipper
|move|p1a: Ting-Lu|Stealth Rock|p2a: Pelipper
|-sidestart|p2: Buttologist|move: Stealth Rock
|
|-weather|RainDance|[upkeep]
|upkeep
|turn|16
|
|t:|1779946096
|move|p2a: Pelipper|Roost|p2a: Pelipper
|-heal|p2a: Pelipper|99/100
|move|p1a: Ting-Lu|Whirlwind|p2a: Pelipper
|drag|p2a: Raging Bolt|Raging Bolt|100/100
|-damage|p2a: Raging Bolt|88/100|[from] Stealth Rock
|
|-weather|RainDance|[upkeep]
|-heal|p2a: Raging Bolt|94/100|[from] item: Leftovers
|upkeep
|turn|17
|
|t:|1779946100
|move|p2a: Raging Bolt|Weather Ball|p1a: Ting-Lu
|-supereffective|p1a: Ting-Lu
|-damage|p1a: Ting-Lu|32/100
|move|p1a: Ting-Lu|Spikes|p2a: Raging Bolt
|-sidestart|p2: Buttologist|Spikes
|
|-weather|RainDance|[upkeep]
|-heal|p2a: Raging Bolt|100/100|[from] item: Leftovers
|upkeep
|turn|18
|
|t:|1779946108
|switch|p1a: Tyranitar|Tyranitar, M|100/100
|-weather|Sandstorm|[from] ability: Sand Stream|[of] p1a: Tyranitar
|move|p2a: Raging Bolt|Draco Meteor|p1a: Tyranitar
|-damage|p1a: Tyranitar|54/100
|-unboost|p2a: Raging Bolt|spa|2
|
|-weather|Sandstorm|[upkeep]
|-damage|p2a: Raging Bolt|94/100|[from] Sandstorm
|-heal|p2a: Raging Bolt|100/100|[from] item: Leftovers
|upkeep
|turn|19
|
|t:|1779946116
|-end|p2a: Raging Bolt|Protosynthesis|[silent]
|switch|p2a: Pelipper|Pelipper, L99, M, tera:Normal|99/100
|-damage|p2a: Pelipper|87/100|[from] Stealth Rock
|-damage|p2a: Pelipper|75/100|[from] Spikes
|-weather|RainDance|[from] ability: Drizzle|[of] p2a: Pelipper
|move|p1a: Tyranitar|Knock Off|p2a: Pelipper
|-damage|p2a: Pelipper|47/100
|
|-weather|RainDance|[upkeep]
|upkeep
|turn|20
|
|t:|1779946131
|switch|p1a: Ting-Lu|Ting-Lu|32/100
|-ability|p1a: Ting-Lu|Vessel of Ruin
|switch|p2a: Tentacruel|Tentacruel, M|100/100
|-damage|p2a: Tentacruel|88/100|[from] Stealth Rock
|-damage|p2a: Tentacruel|76/100|[from] Spikes
|
|-weather|RainDance|[upkeep]
|-heal|p2a: Tentacruel|82/100|[from] ability: Rain Dish
|upkeep
|turn|21
|
|t:|1779946139
|move|p2a: Tentacruel|Rapid Spin|p1a: Ting-Lu
|-damage|p1a: Ting-Lu|28/100
|-boost|p2a: Tentacruel|spe|1
|-damage|p2a: Tentacruel|65/100|[from] item: Rocky Helmet|[of] p1a: Ting-Lu
|-sideend|p2: Buttologist|Spikes|[from] move: Rapid Spin|[of] p2a: Tentacruel
|-sideend|p2: Buttologist|Stealth Rock|[from] move: Rapid Spin|[of] p2a: Tentacruel
|move|p1a: Ting-Lu|Spikes|p2a: Tentacruel
|-sidestart|p2: Buttologist|Spikes
|
|-weather|RainDance|[upkeep]
|-heal|p2a: Tentacruel|71/100|[from] ability: Rain Dish
|upkeep
|turn|22
|
|t:|1779946143
|move|p2a: Tentacruel|Flip Turn|p1a: Ting-Lu
|-supereffective|p1a: Ting-Lu
|-damage|p1a: Ting-Lu|8/100
|-damage|p2a: Tentacruel|55/100|[from] item: Rocky Helmet|[of] p1a: Ting-Lu
|
|t:|1779946147
|switch|p2a: Barraskewda|Barraskewda, F|100/100|[from] Flip Turn
|-damage|p2a: Barraskewda|88/100|[from] Spikes
|move|p1a: Ting-Lu|Earthquake|p2a: Barraskewda
|-damage|p2a: Barraskewda|13/100
|
|-weather|RainDance|[upkeep]
|upkeep
|turn|23
|
|t:|1779946154
|move|p2a: Barraskewda|Flip Turn|p1a: Ting-Lu
|-supereffective|p1a: Ting-Lu
|-damage|p1a: Ting-Lu|0 fnt
|-damage|p2a: Barraskewda|0 fnt|[from] item: Rocky Helmet|[of] p1a: Ting-Lu
|faint|p1a: Ting-Lu
|faint|p2a: Barraskewda
|
|-weather|none
|upkeep
|
|t:|1779946163
|switch|p2a: Tentacruel|Tentacruel, M|55/100
|switch|p1a: Suicune|Suicune|100/100
|-damage|p2a: Tentacruel|43/100|[from] Spikes
|-ability|p1a: Suicune|Pressure
|turn|24
|
|t:|1779946168
|switch|p1a: Tyranitar|Tyranitar, M|54/100
|-weather|Sandstorm|[from] ability: Sand Stream|[of] p1a: Tyranitar
|move|p2a: Tentacruel|Flip Turn|p1a: Tyranitar
|-supereffective|p1a: Tyranitar
|-crit|p1a: Tyranitar
|-damage|p1a: Tyranitar|18/100
|
|t:|1779946172
|switch|p2a: Pelipper|Pelipper, L99, M, tera:Normal|47/100|[from] Flip Turn
|-damage|p2a: Pelipper|35/100|[from] Spikes
|-weather|RainDance|[from] ability: Drizzle|[of] p2a: Pelipper
|
|-weather|RainDance|[upkeep]
|upkeep
|turn|25
|
|t:|1779946179
|move|p1a: Tyranitar|Thunder Wave|p2a: Pelipper
|-status|p2a: Pelipper|par
|cant|p2a: Pelipper|par
|
|-weather|RainDance|[upkeep]
|upkeep
|turn|26
|
|t:|1779946191
|switch|p1a: Kingambit|Kingambit, F|100/100
|cant|p2a: Pelipper|par
|
|-weather|RainDance|[upkeep]
|upkeep
|turn|27
|-message|Buttologist forfeited.
|
|win|aanszo
|raw|aanszo's rating: 1104 &rarr; <strong>1134</strong><br />(+30 for winning)
|raw|Buttologist's rating: 1173 &rarr; <strong>1143</strong><br />(-30 for losing)
|l|☆Buttologist
|player|p2|
|l|☆aanszo
|player|p1|
