|j|☆Hike Mawk
|j|☆claudechamp
|t:|1779907288
|gametype|singles
|player|p1|Hike Mawk|riley|1192
|player|p2|claudechamp|169|1243
|gen|9
|tier|[Gen 9] OU
|rated|
|rule|HP Percentage Mod: HP is shown in percentages
|rule|Endless Battle Clause: Forcing endless battles is banned
|rule|Species Clause: Limit one of each Pokémon
|rule|OHKO Clause: OHKO moves are banned
|rule|Evasion Items Clause: Evasion items are banned
|rule|Evasion Moves Clause: Evasion moves are banned
|rule|Evasion Abilities Clause: Evasion abilities are banned
|rule|Sleep Moves Clause: Sleep-inducing moves are banned
|clearpoke
|poke|p1|Gliscor, M|
|poke|p1|Clefable, F|
|poke|p1|Corviknight, M|
|poke|p1|Blissey, F|
|poke|p1|Forretress, F|
|poke|p1|Garganacl, F|
|poke|p2|Gliscor, M|
|poke|p2|Ogerpon, F|
|poke|p2|Walking Wake|
|poke|p2|Blissey, F|
|poke|p2|Corviknight, M|
|poke|p2|Pecharunt|
|teampreview
|c|☆claudechamp|hf
|inactive|Battle timer is ON: inactive players will automatically lose when time's up. (requested by claudechamp)
|
|t:|1779907291
|teamsize|p1|6
|teamsize|p2|6
|start
|switch|p1a: Rocki|Garganacl, F, shiny|100/100
|switch|p2a: Gliscor|Gliscor, M|100/100
|turn|1
|
|t:|1779907299
|move|p2a: Gliscor|Spikes|p1a: Rocki
|-sidestart|p1: Hike Mawk|Spikes
|move|p1a: Rocki|Stealth Rock|p2a: Gliscor
|-sidestart|p2: claudechamp|move: Stealth Rock
|
|-status|p2a: Gliscor|tox|[from] item: Toxic Orb
|upkeep
|turn|2
|
|t:|1779907302
|switch|p1a: Rookidon|Corviknight, M|100/100
|move|p2a: Gliscor|Spikes|p1a: Rookidon
|-sidestart|p1: Hike Mawk|Spikes
|
|upkeep
|turn|3
|
|t:|1779907304
|move|p2a: Gliscor|Spikes|p1a: Rookidon
|-sidestart|p1: Hike Mawk|Spikes
|move|p1a: Rookidon|Agility|p1a: Rookidon
|-boost|p1a: Rookidon|spe|2
|
|upkeep
|turn|4
|
|t:|1779907311
|switch|p2a: Walking Wake|Walking Wake|100/100
|move|p1a: Rookidon|Agility|p1a: Rookidon
|-boost|p1a: Rookidon|spe|2
|
|upkeep
|turn|5
|
|t:|1779907316
|move|p1a: Rookidon|Agility|p1a: Rookidon
|-boost|p1a: Rookidon|spe|2
|move|p2a: Walking Wake|Surf|p1a: Rookidon
|-damage|p1a: Rookidon|56/100
|
|upkeep
|turn|6
|c|☆Hike Mawk|U2
|
|t:|1779907325
|move|p1a: Rookidon|Roost|p1a: Rookidon
|-heal|p1a: Rookidon|100/100
|-singleturn|p1a: Rookidon|move: Roost
|move|p2a: Walking Wake|Surf|p1a: Rookidon
|-damage|p1a: Rookidon|59/100
|
|upkeep
|turn|7
|
|t:|1779907331
|-end|p2a: Walking Wake|Protosynthesis|[silent]
|switch|p2a: Blissey|Blissey, F|100/100
|move|p1a: Rookidon|Roost|p1a: Rookidon
|-heal|p1a: Rookidon|100/100
|-singleturn|p1a: Rookidon|move: Roost
|
|upkeep
|turn|8
|
|t:|1779907335
|-terastallize|p2a: Blissey|Dark
|move|p1a: Rookidon|Power Trip|p2a: Blissey
|-resisted|p2a: Blissey
|-damage|p2a: Blissey|79/100
|move|p2a: Blissey|Stealth Rock|p1a: Rookidon
|-sidestart|p1: Hike Mawk|move: Stealth Rock
|
|upkeep
|turn|9
|
|t:|1779907339
|move|p1a: Rookidon|Bulk Up|p1a: Rookidon
|-boost|p1a: Rookidon|atk|1
|-boost|p1a: Rookidon|def|1
|move|p2a: Blissey|Soft-Boiled|p2a: Blissey
|-heal|p2a: Blissey|100/100
|
|upkeep
|turn|10
|
|t:|1779907349
|move|p1a: Rookidon|Bulk Up|p1a: Rookidon
|-boost|p1a: Rookidon|atk|1
|-boost|p1a: Rookidon|def|1
|move|p2a: Blissey|Seismic Toss|p1a: Rookidon
|-damage|p1a: Rookidon|75/100
|
|upkeep
|turn|11
|
|t:|1779907353
|move|p1a: Rookidon|Bulk Up|p1a: Rookidon
|-boost|p1a: Rookidon|atk|1
|-boost|p1a: Rookidon|def|1
|move|p2a: Blissey|Seismic Toss|p1a: Rookidon
|-damage|p1a: Rookidon|50/100
|
|upkeep
|turn|12
|
|t:|1779907356
|switch|p2a: Corviknight|Corviknight, M|100/100
|-ability|p2a: Corviknight|Pressure
|move|p1a: Rookidon|Roost|p1a: Rookidon
|-heal|p1a: Rookidon|100/100
|-singleturn|p1a: Rookidon|move: Roost
|
|upkeep
|turn|13
|
|t:|1779907361
|-terastallize|p1a: Rookidon|Dark
|move|p1a: Rookidon|Power Trip|p2a: Corviknight
|-damage|p2a: Corviknight|0 fnt
|faint|p2a: Corviknight
|
|upkeep
|
|t:|1779907364
|switch|p2a: Gliscor|Gliscor, M|100/100 tox
|-damage|p2a: Gliscor|88/100 tox|[from] Stealth Rock
|turn|14
|
|t:|1779907370
|move|p1a: Rookidon|Power Trip|p2a: Gliscor
|-damage|p2a: Gliscor|0 fnt
|faint|p2a: Gliscor
|
|upkeep
|c|☆Hike Mawk|GGs
|
|t:|1779907377
|switch|p2a: Walking Wake|Walking Wake|100/100
|turn|15
|
|t:|1779907381
|move|p1a: Rookidon|Power Trip|p2a: Walking Wake
|-damage|p2a: Walking Wake|0 fnt
|faint|p2a: Walking Wake
|-end|p2a: Walking Wake|Protosynthesis|[silent]
|
|upkeep
|
|t:|1779907386
|switch|p2a: Pecharunt|Pecharunt|100/100
|turn|16
|
|t:|1779907391
|move|p1a: Rookidon|Power Trip|p2a: Pecharunt
|-supereffective|p2a: Pecharunt
|-damage|p2a: Pecharunt|0 fnt
|faint|p2a: Pecharunt
|
|upkeep
|
|t:|1779907394
|switch|p2a: Blissey|Blissey, F, tera:Dark|100/100
|turn|17
|
|t:|1779907397
|move|p1a: Rookidon|Power Trip|p2a: Blissey
|-resisted|p2a: Blissey
|-damage|p2a: Blissey|0 fnt
|faint|p2a: Blissey
|
|upkeep
|
|t:|1779907401
|switch|p2a: Ogerpon|Ogerpon, F|100/100
|turn|18
|
|t:|1779907404
|move|p1a: Rookidon|Power Trip|p2a: Ogerpon
|-damage|p2a: Ogerpon|0 fnt
|faint|p2a: Ogerpon
|
|win|Hike Mawk
|raw|Hike Mawk's rating: 1192 &rarr; <strong>1221</strong><br />(+29 for winning)
|raw|claudechamp's rating: 1243 &rarr; <strong>1214</strong><br />(-29 for losing)
|c|☆claudechamp|gg
