|j|☆flapjacque
|j|☆monkeyhighbooster
|t:|1779811782
|gametype|singles
|player|p1|flapjacque|wallace|1371
|player|p2|monkeyhighbooster|cynthia|1366
|gen|9
|tier|[Gen 9] OU
|rated|
|rule|HP Percentage Mod: HP is shown in percentages
|rule|Endless Battle Clause: Forcing endless battles is banned
|rule|Species Clause: Limit one of each Pokémon
|rule|OHKO Clause: OHKO moves are banned
|rule|Evasion Items Clause: Evasion items are banned
|rule|Evasion Moves Clause: Evasion moves are banned
|rule|Evasion Abilities Clause: Evasion abilities are banned
|rule|Sleep Moves Clause: Sleep-inducing moves are banned
|clearpoke
|poke|p1|Milotic, F|
|poke|p1|Skarmory, F|
|poke|p1|Quagsire, F|
|poke|p1|Latias, F|
|poke|p1|Enamorus, F|
|poke|p1|Grafaiai, F|
|poke|p2|Swampert, F|
|poke|p2|Arboliva, F|
|poke|p2|Heatran, F|
|poke|p2|Great Tusk|
|poke|p2|Raging Bolt|
|poke|p2|Decidueye, M|
|teampreview
|
|t:|1779811788
|teamsize|p1|6
|teamsize|p2|6
|start
|switch|p1a: Milotic|Milotic, F|100/100
|switch|p2a: Swampert|Swampert, F, shiny|100/100
|turn|1
|
|t:|1779811797
|move|p2a: Swampert|Flip Turn|p1a: Milotic
|-resisted|p1a: Milotic
|-damage|p1a: Milotic|85/100
|inactive|Battle timer is ON: inactive players will automatically lose when time's up. (requested by monkeyhighbooster)
|
|t:|1779811801
|switch|p2a: Arboliva|Arboliva, F|100/100|[from] Flip Turn
|move|p1a: Milotic|Flip Turn|p2a: Arboliva
|-resisted|p2a: Arboliva
|-damage|p2a: Arboliva|94/100
|-fieldstart|move: Grassy Terrain|[from] ability: Seed Sower|[of] p2a: Arboliva
|-enditem|p2a: Arboliva|Eject Button
|
|t:|1779811828
|switch|p2a: Decidueye|Decidueye, M, shiny|100/100
|
|-heal|p1a: Milotic|91/100|[from] Grassy Terrain
|-heal|p1a: Milotic|97/100|[from] item: Leftovers
|upkeep
|turn|2
|
|t:|1779811842
|switch|p1a: Skarmory|Skarmory, F|100/100
|move|p2a: Decidueye|Spirit Shackle|p1a: Skarmory
|-damage|p1a: Skarmory|84/100
|-activate|p1a: Skarmory|trapped
|
|upkeep
|turn|3
|
|t:|1779811850
|move|p1a: Skarmory|Brave Bird|p2a: Decidueye
|-supereffective|p2a: Decidueye
|-damage|p2a: Decidueye|8/100
|-damage|p1a: Skarmory|57/100|[from] Recoil
|move|p2a: Decidueye|Nasty Plot|p2a: Decidueye
|-boost|p2a: Decidueye|spa|2
|
|-heal|p2a: Decidueye|14/100|[from] Grassy Terrain
|-heal|p2a: Decidueye|20/100|[from] item: Leftovers
|upkeep
|turn|4
|
|t:|1779811862
|switch|p2a: Raging Bolt|Raging Bolt|100/100
|-enditem|p2a: Raging Bolt|Booster Energy
|-activate|p2a: Raging Bolt|ability: Protosynthesis|[fromitem]
|-start|p2a: Raging Bolt|protosynthesisspa
|move|p1a: Skarmory|Brave Bird|p2a: Raging Bolt
|-resisted|p2a: Raging Bolt
|-damage|p2a: Raging Bolt|87/100
|-damage|p1a: Skarmory|50/100|[from] Recoil
|
|-heal|p2a: Raging Bolt|93/100|[from] Grassy Terrain
|upkeep
|turn|5
|
|t:|1779811872
|switch|p1a: Latias|Latias, F|100/100
|move|p2a: Raging Bolt|Dragon Pulse|p1a: Latias
|-supereffective|p1a: Latias
|-damage|p1a: Latias|0 fnt
|faint|p1a: Latias
|
|-heal|p2a: Raging Bolt|99/100|[from] Grassy Terrain
|-fieldend|move: Grassy Terrain
|upkeep
|
|t:|1779811882
|switch|p1a: Enamorus|Enamorus, F|100/100
|turn|6
|
|t:|1779811899
|-end|p2a: Raging Bolt|Protosynthesis|[silent]
|switch|p2a: Decidueye|Decidueye, M, shiny|20/100
|move|p1a: Enamorus|Substitute|p1a: Enamorus
|-start|p1a: Enamorus|Substitute
|-damage|p1a: Enamorus|76/100
|
|-heal|p1a: Enamorus|82/100|[from] item: Leftovers
|-heal|p2a: Decidueye|26/100|[from] item: Leftovers
|upkeep
|turn|7
|
|t:|1779811906
|move|p1a: Enamorus|Play Rough|p2a: Decidueye
|-damage|p2a: Decidueye|0 fnt
|faint|p2a: Decidueye
|
|-heal|p1a: Enamorus|88/100|[from] item: Leftovers
|upkeep
|
|t:|1779811914
|switch|p2a: Swampert|Swampert, F, shiny|100/100
|turn|8
|
|t:|1779811918
|move|p2a: Swampert|Flip Turn|p1a: Enamorus
|-end|p1a: Enamorus|Substitute
|
|t:|1779811921
|switch|p2a: Arboliva|Arboliva, F|94/100|[from] Flip Turn
|move|p1a: Enamorus|Superpower|p2a: Arboliva
|-supereffective|p2a: Arboliva
|-damage|p2a: Arboliva|19/100
|-boost|p1a: Enamorus|atk|1
|-boost|p1a: Enamorus|def|1
|-fieldstart|move: Grassy Terrain|[from] ability: Seed Sower|[of] p2a: Arboliva
|
|-heal|p1a: Enamorus|94/100|[from] item: Leftovers
|-heal|p2a: Arboliva|25/100|[from] Grassy Terrain
|upkeep
|turn|9
|
|t:|1779811950
|move|p1a: Enamorus|Superpower|p2a: Arboliva
|-supereffective|p2a: Arboliva
|-damage|p2a: Arboliva|0 fnt
|-boost|p1a: Enamorus|atk|1
|-boost|p1a: Enamorus|def|1
|faint|p2a: Arboliva
|
|-heal|p1a: Enamorus|100/100|[from] item: Leftovers
|upkeep
|
|t:|1779811951
|switch|p2a: Swampert|Swampert, F, shiny|100/100
|turn|10
|
|t:|1779811959
|-terastallize|p2a: Swampert|Poison
|move|p2a: Swampert|Poison Jab|p1a: Enamorus
|-supereffective|p1a: Enamorus
|-damage|p1a: Enamorus|40/100
|move|p1a: Enamorus|Play Rough|p2a: Swampert
|-resisted|p2a: Swampert
|-damage|p2a: Swampert|55/100
|
|-heal|p2a: Swampert|61/100|[from] Grassy Terrain
|-heal|p1a: Enamorus|47/100|[from] item: Leftovers
|upkeep
|turn|11
|
|t:|1779811974
|switch|p1a: Skarmory|Skarmory, F|50/100
|move|p2a: Swampert|Poison Jab|p1a: Skarmory
|-immune|p1a: Skarmory
|
|-heal|p2a: Swampert|67/100|[from] Grassy Terrain
|upkeep
|turn|12
|
|t:|1779811981
|switch|p2a: Heatran|Heatran, F|100/100
|move|p1a: Skarmory|Roost|p1a: Skarmory
|-heal|p1a: Skarmory|100/100
|-singleturn|p1a: Skarmory|move: Roost
|
|-fieldend|move: Grassy Terrain
|upkeep
|turn|13
|
|t:|1779811988
|switch|p1a: Milotic|Milotic, F|97/100
|move|p2a: Heatran|Stealth Rock|p1a: Milotic
|-sidestart|p1: flapjacque|move: Stealth Rock
|
|-heal|p1a: Milotic|100/100|[from] item: Leftovers
|upkeep
|turn|14
|
|t:|1779811997
|move|p1a: Milotic|Ice Beam|p2a: Heatran
|-resisted|p2a: Heatran
|-damage|p2a: Heatran|96/100
|move|p2a: Heatran|Magma Storm|p1a: Milotic
|-resisted|p1a: Milotic
|-damage|p1a: Milotic|87/100
|-activate|p1a: Milotic|move: Magma Storm|[of] p2a: Heatran
|
|-heal|p1a: Milotic|93/100|[from] item: Leftovers
|-heal|p2a: Heatran|100/100|[from] item: Leftovers
|-damage|p1a: Milotic|80/100|[from] move: Magma Storm|[partiallytrapped]
|upkeep
|turn|15
|
|t:|1779812006
|move|p2a: Heatran|Protect|p2a: Heatran
|-singleturn|p2a: Heatran|Protect
|move|p1a: Milotic|Hydro Pump|p2a: Heatran
|-activate|p2a: Heatran|move: Protect
|
|-heal|p1a: Milotic|86/100|[from] item: Leftovers
|-damage|p1a: Milotic|74/100|[from] move: Magma Storm|[partiallytrapped]
|upkeep
|turn|16
|
|t:|1779812016
|move|p1a: Milotic|Flip Turn|p2a: Heatran
|-supereffective|p2a: Heatran
|-damage|p2a: Heatran|80/100
|
|t:|1779812019
|switch|p1a: Quagsire|Quagsire, F, shiny|100/100|[from] Flip Turn
|-damage|p1a: Quagsire|94/100|[from] Stealth Rock
|move|p2a: Heatran|Earth Power|p1a: Quagsire
|-damage|p1a: Quagsire|60/100
|
|-heal|p2a: Heatran|86/100|[from] item: Leftovers
|-heal|p1a: Quagsire|66/100|[from] item: Leftovers
|upkeep
|turn|17
|
|t:|1779812034
|move|p2a: Heatran|Magma Storm|p1a: Quagsire
|-resisted|p1a: Quagsire
|-damage|p1a: Quagsire|38/100
|-activate|p1a: Quagsire|move: Magma Storm|[of] p2a: Heatran
|move|p1a: Quagsire|Earthquake|p2a: Heatran
|-supereffective|p2a: Heatran
|-damage|p2a: Heatran|0 fnt
|faint|p2a: Heatran
|
|-heal|p1a: Quagsire|44/100|[from] item: Leftovers
|-end|p1a: Quagsire|Magma Storm|[partiallytrapped]|[silent]
|upkeep
|
|t:|1779812053
|switch|p2a: Raging Bolt|Raging Bolt|99/100
|turn|18
|
|t:|1779812060
|switch|p1a: Enamorus|Enamorus, F|47/100
|-damage|p1a: Enamorus|22/100|[from] Stealth Rock
|move|p2a: Raging Bolt|Thunderbolt|p1a: Enamorus
|-supereffective|p1a: Enamorus
|-damage|p1a: Enamorus|0 fnt
|faint|p1a: Enamorus
|
|upkeep
|
|t:|1779812070
|switch|p1a: Quagsire|Quagsire, F, shiny|44/100
|-damage|p1a: Quagsire|38/100|[from] Stealth Rock
|turn|19
|
|t:|1779812096
|move|p2a: Raging Bolt|Dragon Pulse|p1a: Quagsire
|-damage|p1a: Quagsire|0 fnt
|faint|p1a: Quagsire
|
|upkeep
|
|t:|1779812109
|switch|p1a: Grafaiai|Grafaiai, F|100/100
|-damage|p1a: Grafaiai|88/100|[from] Stealth Rock
|turn|20
|
|t:|1779812121
|move|p1a: Grafaiai|Parting Shot|p2a: Raging Bolt
|-unboost|p2a: Raging Bolt|atk|1
|-unboost|p2a: Raging Bolt|spa|1
|
|t:|1779812125
|switch|p1a: Milotic|Milotic, F|74/100|[from] Parting Shot
|-damage|p1a: Milotic|61/100|[from] Stealth Rock
|move|p2a: Raging Bolt|Thunderbolt|p1a: Milotic
|-supereffective|p1a: Milotic
|-damage|p1a: Milotic|8/100
|
|-heal|p1a: Milotic|14/100|[from] item: Leftovers
|upkeep
|turn|21
|
|t:|1779812134
|move|p1a: Milotic|Recover|p1a: Milotic
|-heal|p1a: Milotic|64/100
|move|p2a: Raging Bolt|Thunderbolt|p1a: Milotic
|-supereffective|p1a: Milotic
|-damage|p1a: Milotic|16/100
|
|-heal|p1a: Milotic|22/100|[from] item: Leftovers
|upkeep
|turn|22
|
|t:|1779812141
|move|p1a: Milotic|Ice Beam|p2a: Raging Bolt
|-supereffective|p2a: Raging Bolt
|-damage|p2a: Raging Bolt|54/100
|-status|p2a: Raging Bolt|frz
|cant|p2a: Raging Bolt|frz
|
|-heal|p1a: Milotic|28/100|[from] item: Leftovers
|upkeep
|turn|23
|
|t:|1779812149
|move|p1a: Milotic|Recover|p1a: Milotic
|-heal|p1a: Milotic|78/100
|-curestatus|p2a: Raging Bolt|frz|[msg]
|move|p2a: Raging Bolt|Calm Mind|p2a: Raging Bolt
|-boost|p2a: Raging Bolt|spa|1
|-boost|p2a: Raging Bolt|spd|1
|
|-heal|p1a: Milotic|84/100|[from] item: Leftovers
|upkeep
|turn|24
|
|t:|1779812156
|move|p1a: Milotic|Ice Beam|p2a: Raging Bolt
|-supereffective|p2a: Raging Bolt
|-damage|p2a: Raging Bolt|25/100
|move|p2a: Raging Bolt|Thunderbolt|p1a: Milotic
|-supereffective|p1a: Milotic
|-damage|p1a: Milotic|14/100
|
|-heal|p1a: Milotic|20/100|[from] item: Leftovers
|upkeep
|turn|25
|
|t:|1779812166
|move|p2a: Raging Bolt|Thunderclap|p1a: Milotic
|-supereffective|p1a: Milotic
|-damage|p1a: Milotic|0 fnt
|faint|p1a: Milotic
|
|upkeep
|
|t:|1779812177
|switch|p1a: Grafaiai|Grafaiai, F|88/100
|-damage|p1a: Grafaiai|76/100|[from] Stealth Rock
|turn|26
|
|t:|1779812184
|-end|p2a: Raging Bolt|Protosynthesis|[silent]
|switch|p2a: Swampert|Swampert, F, shiny, tera:Poison|67/100
|move|p1a: Grafaiai|Encore||[still]
|-fail|p1a: Grafaiai
|
|-heal|p1a: Grafaiai|82/100|[from] item: Leftovers
|upkeep
|turn|27
|
|t:|1779812194
|move|p1a: Grafaiai|Parting Shot|p2a: Swampert
|-unboost|p2a: Swampert|atk|1
|-unboost|p2a: Swampert|spa|1
|
|t:|1779812197
|switch|p1a: Skarmory|Skarmory, F|100/100|[from] Parting Shot
|-damage|p1a: Skarmory|88/100|[from] Stealth Rock
|move|p2a: Swampert|Knock Off|p1a: Skarmory
|-damage|p1a: Skarmory|77/100
|-damage|p2a: Swampert|50/100|[from] item: Rocky Helmet|[of] p1a: Skarmory
|-enditem|p1a: Skarmory|Rocky Helmet|[from] move: Knock Off|[of] p2a: Swampert
|
|upkeep
|turn|28
|
|t:|1779812208
|move|p2a: Swampert|Knock Off|p1a: Skarmory
|-damage|p1a: Skarmory|69/100
|move|p1a: Skarmory|Whirlwind|p2a: Swampert
|drag|p2a: Raging Bolt|Raging Bolt|25/100
|
|upkeep
|turn|29
|
|t:|1779812216
|move|p2a: Raging Bolt|Thunderclap|p1a: Skarmory
|-supereffective|p1a: Skarmory
|-damage|p1a: Skarmory|0 fnt
|faint|p1a: Skarmory
|
|upkeep
|
|t:|1779812220
|switch|p1a: Grafaiai|Grafaiai, F|82/100
|-damage|p1a: Grafaiai|70/100|[from] Stealth Rock
|turn|30
|
|t:|1779812224
|move|p1a: Grafaiai|Encore|p2a: Raging Bolt
|-start|p2a: Raging Bolt|Encore
|move|p2a: Raging Bolt|Thunderclap||[still]
|-fail|p2a: Raging Bolt
|
|-heal|p1a: Grafaiai|76/100|[from] item: Leftovers
|upkeep
|turn|31
|
|t:|1779812231
|-end|p2a: Raging Bolt|Protosynthesis|[silent]
|switch|p2a: Great Tusk|Great Tusk|100/100
|move|p1a: Grafaiai|Parting Shot|p2a: Great Tusk
|-unboost|p2a: Great Tusk|atk|1
|-unboost|p2a: Great Tusk|spa|1
|
|-heal|p1a: Grafaiai|82/100|[from] item: Leftovers
|upkeep
|turn|32
|
|t:|1779812238
|move|p1a: Grafaiai|Knock Off|p2a: Great Tusk
|-resisted|p2a: Great Tusk
|-damage|p2a: Great Tusk|93/100
|-enditem|p2a: Great Tusk|Heavy-Duty Boots|[from] move: Knock Off|[of] p1a: Grafaiai
|move|p2a: Great Tusk|Headlong Rush|p1a: Grafaiai
|-supereffective|p1a: Grafaiai
|-damage|p1a: Grafaiai|0 fnt
|-unboost|p2a: Great Tusk|def|1
|-unboost|p2a: Great Tusk|spd|1
|faint|p1a: Grafaiai
|
|win|monkeyhighbooster
|raw|flapjacque's rating: 1371 &rarr; <strong>1351</strong><br />(-20 for losing)
|raw|monkeyhighbooster's rating: 1366 &rarr; <strong>1386</strong><br />(+20 for winning)
|l|☆monkeyhighbooster
|player|p2|
|l|☆flapjacque
|player|p1|
