|j|☆difspa
|j|☆zg4h11
|t:|1779800842
|gametype|singles
|player|p1|difspa|102|1720
|player|p2|zg4h11|101|1693
|gen|9
|tier|[Gen 9] OU
|rated|
|rule|HP Percentage Mod: HP is shown in percentages
|rule|Endless Battle Clause: Forcing endless battles is banned
|rule|Species Clause: Limit one of each Pokémon
|rule|OHKO Clause: OHKO moves are banned
|rule|Evasion Items Clause: Evasion items are banned
|rule|Evasion Moves Clause: Evasion moves are banned
|rule|Evasion Abilities Clause: Evasion abilities are banned
|rule|Sleep Moves Clause: Sleep-inducing moves are banned
|clearpoke
|poke|p1|Tyranitar, M|
|poke|p1|Excadrill, M|
|poke|p1|Slowking-Galar, F|
|poke|p1|Dragapult, F|
|poke|p1|Skarmory, M|
|poke|p1|Ogerpon-Wellspring, F|
|poke|p2|Tyranitar, M|
|poke|p2|Excadrill, M|
|poke|p2|Iron Valiant|
|poke|p2|Dragapult, F|
|poke|p2|Zapdos|
|poke|p2|Hatterene, F|
|teampreview
|
|t:|1779800872
|teamsize|p1|6
|teamsize|p2|6
|start
|switch|p1a: Dragapult|Dragapult, F|100/100
|switch|p2a: Tyranitar|Tyranitar, M, shiny|100/100
|-weather|Sandstorm|[from] ability: Sand Stream|[of] p2a: Tyranitar
|turn|1
|inactive|Battle timer is ON: inactive players will automatically lose when time's up. (requested by zg4h11)
|
|t:|1779800882
|move|p1a: Dragapult|Will-O-Wisp|p2a: Tyranitar
|-status|p2a: Tyranitar|brn
|move|p2a: Tyranitar|Stealth Rock|p1a: Dragapult
|-sidestart|p1: difspa|move: Stealth Rock
|
|-weather|Sandstorm|[upkeep]
|-damage|p1a: Dragapult|95/100|[from] Sandstorm
|-damage|p2a: Tyranitar|94/100 brn|[from] brn
|upkeep
|turn|2
|
|t:|1779800890
|move|p1a: Dragapult|U-turn|p2a: Tyranitar
|-supereffective|p2a: Tyranitar
|-damage|p2a: Tyranitar|62/100 brn
|
|t:|1779800894
|switch|p1a: Skarmory|Skarmory, M|100/100|[from] U-turn
|-damage|p1a: Skarmory|88/100|[from] Stealth Rock
|move|p2a: Tyranitar|Knock Off|p1a: Skarmory
|-damage|p1a: Skarmory|71/100
|-damage|p2a: Tyranitar|46/100 brn|[from] item: Rocky Helmet|[of] p1a: Skarmory
|-enditem|p1a: Skarmory|Rocky Helmet|[from] move: Knock Off|[of] p2a: Tyranitar
|
|-weather|Sandstorm|[upkeep]
|-damage|p2a: Tyranitar|40/100 brn|[from] brn
|upkeep
|turn|3
|
|t:|1779800904
|switch|p2a: Zapdos|Zapdos|100/100
|move|p1a: Skarmory|Roost|p1a: Skarmory
|-heal|p1a: Skarmory|100/100
|-singleturn|p1a: Skarmory|move: Roost
|
|-weather|Sandstorm|[upkeep]
|-damage|p2a: Zapdos|94/100|[from] Sandstorm
|upkeep
|turn|4
|
|t:|1779800920
|switch|p1a: Excadrill|Excadrill, M|100/100
|-damage|p1a: Excadrill|97/100|[from] Stealth Rock
|-item|p1a: Excadrill|Air Balloon
|move|p2a: Zapdos|Volt Switch|p1a: Excadrill
|-immune|p1a: Excadrill
|
|-weather|Sandstorm|[upkeep]
|-damage|p2a: Zapdos|88/100|[from] Sandstorm
|upkeep
|turn|5
|j| MiniLarry
|
|t:|1779800930
|move|p1a: Excadrill|Rapid Spin|p2a: Zapdos
|-crit|p2a: Zapdos
|-damage|p2a: Zapdos|62/100
|-boost|p1a: Excadrill|spe|1
|-sideend|p1: difspa|Stealth Rock|[from] move: Rapid Spin|[of] p1a: Excadrill
|move|p2a: Zapdos|Heat Wave|p1a: Excadrill
|-supereffective|p1a: Excadrill
|-crit|p1a: Excadrill
|-damage|p1a: Excadrill|0 fnt
|-enditem|p1a: Excadrill|Air Balloon
|faint|p1a: Excadrill
|
|-weather|Sandstorm|[upkeep]
|-damage|p2a: Zapdos|56/100|[from] Sandstorm
|upkeep
|
|t:|1779800939
|switch|p1a: Dragapult|Dragapult, F|95/100
|turn|6
|
|t:|1779800946
|move|p1a: Dragapult|Draco Meteor|p2a: Zapdos|[miss]
|-miss|p1a: Dragapult|p2a: Zapdos
|move|p2a: Zapdos|Hurricane|p1a: Dragapult|[miss]
|-miss|p2a: Zapdos|p1a: Dragapult
|
|-weather|Sandstorm|[upkeep]
|-damage|p1a: Dragapult|89/100|[from] Sandstorm
|-damage|p2a: Zapdos|50/100|[from] Sandstorm
|upkeep
|turn|7
|
|t:|1779800957
|switch|p2a: Hatterene|Hatterene, F|100/100
|move|p1a: Dragapult|Draco Meteor|p2a: Hatterene
|-immune|p2a: Hatterene
|
|-weather|Sandstorm|[upkeep]
|-damage|p1a: Dragapult|83/100|[from] Sandstorm
|-damage|p2a: Hatterene|95/100|[from] Sandstorm
|upkeep
|turn|8
|c|☆difspa|i'm really unfort
|
|t:|1779800975
|switch|p2a: Zapdos|Zapdos|50/100
|move|p1a: Dragapult|U-turn|p2a: Zapdos
|-resisted|p2a: Zapdos
|-damage|p2a: Zapdos|41/100
|-status|p1a: Dragapult|par|[from] ability: Static|[of] p2a: Zapdos
|
|t:|1779800979
|switch|p1a: Ogerpon|Ogerpon-Wellspring, F|100/100|[from] U-turn
|
|-weather|none
|upkeep
|turn|9
|j| thepoowizard_md
|
|t:|1779800992
|move|p1a: Ogerpon|Ivy Cudgel|p2a: Zapdos|[anim] Ivy Cudgel Water
|-damage|p2a: Zapdos|0 fnt
|faint|p2a: Zapdos
|
|upkeep
|
|t:|1779800997
|switch|p2a: Dragapult|Dragapult, F|100/100
|turn|10
|
|t:|1779801001
|switch|p1a: Tyranitar|Tyranitar, M|100/100
|-weather|Sandstorm|[from] ability: Sand Stream|[of] p1a: Tyranitar
|move|p2a: Dragapult|U-turn|p1a: Tyranitar
|-supereffective|p1a: Tyranitar
|-damage|p1a: Tyranitar|69/100
|
|t:|1779801010
|switch|p2a: Iron Valiant|Iron Valiant, shiny|100/100|[from] U-turn
|
|-weather|Sandstorm|[upkeep]
|-damage|p2a: Iron Valiant|94/100|[from] Sandstorm
|upkeep
|turn|11
|
|t:|1779801025
|switch|p1a: Slowking|Slowking-Galar, F|100/100
|move|p2a: Iron Valiant|Shadow Ball|p1a: Slowking
|-supereffective|p1a: Slowking
|-damage|p1a: Slowking|62/100
|
|-weather|Sandstorm|[upkeep]
|-damage|p2a: Iron Valiant|88/100|[from] Sandstorm
|-damage|p1a: Slowking|56/100|[from] Sandstorm
|upkeep
|turn|12
|j| testingrainteam1
|
|t:|1779801034
|-end|p2a: Iron Valiant|Quark Drive|[silent]
|switch|p2a: Tyranitar|Tyranitar, M, shiny|40/100 brn
|move|p1a: Slowking|Future Sight|p2a: Tyranitar
|-start|p1a: Slowking|move: Future Sight
|
|-weather|Sandstorm|[upkeep]
|-damage|p1a: Slowking|50/100|[from] Sandstorm
|-damage|p2a: Tyranitar|33/100 brn|[from] brn
|upkeep
|turn|13
|
|t:|1779801051
|switch|p1a: Skarmory|Skarmory, M|100/100
|move|p2a: Tyranitar|Stealth Rock|p1a: Skarmory
|-sidestart|p1: difspa|move: Stealth Rock
|
|-weather|Sandstorm|[upkeep]
|-damage|p2a: Tyranitar|27/100 brn|[from] brn
|upkeep
|turn|14
|
|t:|1779801058
|switch|p2a: Dragapult|Dragapult, F|100/100
|move|p1a: Skarmory|Whirlwind|p2a: Dragapult
|drag|p2a: Excadrill|Excadrill, M, shiny|100/100
|
|-weather|none
|-end|p2a: Excadrill|move: Future Sight
|-resisted|p2a: Excadrill
|-damage|p2a: Excadrill|61/100
|-heal|p2a: Excadrill|67/100|[from] item: Leftovers
|upkeep
|turn|15
|
|t:|1779801070
|switch|p2a: Dragapult|Dragapult, F|100/100
|move|p1a: Skarmory|Body Press|p2a: Dragapult
|-immune|p2a: Dragapult
|
|upkeep
|turn|16
|j| invmenot
|
|t:|1779801079
|move|p2a: Dragapult|Will-O-Wisp|p1a: Skarmory
|-status|p1a: Skarmory|brn
|move|p1a: Skarmory|Whirlwind|p2a: Dragapult
|drag|p2a: Iron Valiant|Iron Valiant, shiny|88/100
|
|-damage|p1a: Skarmory|95/100 brn|[from] brn
|upkeep
|turn|17
|
|t:|1779801100
|-end|p2a: Iron Valiant|Quark Drive|[silent]
|switch|p2a: Dragapult|Dragapult, F|100/100
|switch|p1a: Slowking|Slowking-Galar, F|83/100
|-damage|p1a: Slowking|71/100|[from] Stealth Rock
|
|upkeep
|turn|18
|l| thepoowizard_md
|
|t:|1779801123
|switch|p1a: Tyranitar|Tyranitar, M|69/100
|-weather|Sandstorm|[from] ability: Sand Stream|[of] p1a: Tyranitar
|move|p2a: Dragapult|Dragon Darts|p1a: Tyranitar
|-damage|p1a: Tyranitar|53/100
|-anim|p2a: Dragapult|Dragon Darts|p1a: Tyranitar
|-damage|p1a: Tyranitar|37/100
|
|-weather|Sandstorm|[upkeep]
|-damage|p2a: Dragapult|95/100|[from] Sandstorm
|upkeep
|turn|19
|j| TestAccountNo.123
|
|t:|1779801133
|move|p2a: Dragapult|U-turn|p1a: Tyranitar
|-supereffective|p1a: Tyranitar
|-damage|p1a: Tyranitar|4/100
|
|t:|1779801137
|switch|p2a: Hatterene|Hatterene, F|95/100|[from] U-turn
|move|p1a: Tyranitar|Stealth Rock|p2a: Hatterene
|move|p2a: Hatterene|Stealth Rock||[from] ability: Magic Bounce|[still]
|-fail|p2a: Hatterene
|
|-weather|Sandstorm|[upkeep]
|-damage|p2a: Hatterene|89/100|[from] Sandstorm
|upkeep
|turn|20
|
|t:|1779801146
|move|p1a: Tyranitar|Stealth Rock|p2a: Hatterene
|move|p2a: Hatterene|Stealth Rock||[from] ability: Magic Bounce|[still]
|-fail|p2a: Hatterene
|move|p2a: Hatterene|Draining Kiss|p1a: Tyranitar
|-supereffective|p1a: Tyranitar
|-damage|p1a: Tyranitar|0 fnt
|-heal|p2a: Hatterene|92/100|[from] drain|[of] p1a: Tyranitar
|faint|p1a: Tyranitar
|
|-weather|Sandstorm|[upkeep]
|-damage|p2a: Hatterene|86/100|[from] Sandstorm
|upkeep
|-message|difspa forfeited.
|
|win|zg4h11
|raw|difspa's rating: 1720 &rarr; <strong>1698</strong><br />(-22 for losing)
|raw|zg4h11's rating: 1693 &rarr; <strong>1715</strong><br />(+22 for winning)
|l|☆difspa
|player|p1|
|l| MiniLarry
|l| testingrainteam1
|l|☆zg4h11
|player|p2|
|l| invmenot
