|j|☆Nuii09
|j|☆p$ychopath
|t:|1779825229
|gametype|singles
|player|p1|Nuii09|baker|1648
|player|p2|p$ychopath|psychic-lgpe|1640
|gen|9
|tier|[Gen 9] OU
|rated|
|rule|HP Percentage Mod: HP is shown in percentages
|rule|Endless Battle Clause: Forcing endless battles is banned
|rule|Species Clause: Limit one of each Pokémon
|rule|OHKO Clause: OHKO moves are banned
|rule|Evasion Items Clause: Evasion items are banned
|rule|Evasion Moves Clause: Evasion moves are banned
|rule|Evasion Abilities Clause: Evasion abilities are banned
|rule|Sleep Moves Clause: Sleep-inducing moves are banned
|clearpoke
|poke|p1|Rillaboom, M|
|poke|p1|Hoopa-Unbound|
|poke|p1|Raging Bolt|
|poke|p1|Hatterene, F|
|poke|p1|Corviknight, F|
|poke|p1|Toxapex, M|
|poke|p2|Iron Jugulis|
|poke|p2|Iron Valiant|
|poke|p2|Iron Moth|
|poke|p2|Great Tusk|
|poke|p2|Samurott-Hisui, M|
|poke|p2|Zamazenta-*|
|teampreview
|inactive|Battle timer is ON: inactive players will automatically lose when time's up. (requested by p$ychopath)
|j| hattybatty304
|inactive|p$ychopath has 120 seconds left.
|
|t:|1779825265
|teamsize|p1|6
|teamsize|p2|6
|start
|switch|p1a: Rillaboom|Rillaboom, M|100/100
|switch|p2a: Zamazenta|Zamazenta|100/100
|-ability|p2a: Zamazenta|Dauntless Shield|boost
|-boost|p2a: Zamazenta|def|1
|-fieldstart|move: Grassy Terrain|[from] ability: Grassy Surge|[of] p1a: Rillaboom
|turn|1
|
|t:|1779825270
|switch|p1a: Hatterene|Hatterene, F|100/100
|move|p2a: Zamazenta|Howl|p2a: Zamazenta
|-boost|p2a: Zamazenta|atk|1
|
|upkeep
|turn|2
|
|t:|1779825287
|switch|p1a: Toxapex|Toxapex, M|100/100
|-terastallize|p2a: Zamazenta|Steel
|move|p2a: Zamazenta|Heavy Slam|p1a: Toxapex
|-resisted|p1a: Toxapex
|-damage|p1a: Toxapex|66/100
|-enditem|p1a: Toxapex|Eject Button
|
|t:|1779825298
|switch|p1a: Raging Bolt|Raging Bolt|100/100
|
|upkeep
|turn|3
|inactive|Nuii09 has 120 seconds left.
|
|t:|1779825321
|-terastallize|p1a: Raging Bolt|Bug
|move|p2a: Zamazenta|Howl|p2a: Zamazenta
|-boost|p2a: Zamazenta|atk|1
|move|p1a: Raging Bolt|Calm Mind|p1a: Raging Bolt
|-boost|p1a: Raging Bolt|spa|1
|-boost|p1a: Raging Bolt|spd|1
|
|upkeep
|turn|4
|j| gumball froth show
|l| gumball froth show
|
|t:|1779825330
|move|p2a: Zamazenta|Crunch|p1a: Raging Bolt
|-damage|p1a: Raging Bolt|60/100
|move|p1a: Raging Bolt|Calm Mind|p1a: Raging Bolt
|-boost|p1a: Raging Bolt|spa|1
|-boost|p1a: Raging Bolt|spd|1
|
|-heal|p1a: Raging Bolt|66/100|[from] Grassy Terrain
|-heal|p1a: Raging Bolt|72/100|[from] item: Leftovers
|upkeep
|turn|5
|
|t:|1779825335
|move|p1a: Raging Bolt|Protect|p1a: Raging Bolt
|-singleturn|p1a: Raging Bolt|Protect
|move|p2a: Zamazenta|Crunch|p1a: Raging Bolt
|-activate|p1a: Raging Bolt|move: Protect
|
|-heal|p1a: Raging Bolt|78/100|[from] Grassy Terrain
|-heal|p1a: Raging Bolt|84/100|[from] item: Leftovers
|upkeep
|turn|6
|
|t:|1779825340
|switch|p2a: Iron Valiant|Iron Valiant|100/100
|-enditem|p2a: Iron Valiant|Booster Energy
|-activate|p2a: Iron Valiant|ability: Quark Drive|[fromitem]
|-start|p2a: Iron Valiant|quarkdrivespe
|move|p1a: Raging Bolt|Calm Mind|p1a: Raging Bolt
|-boost|p1a: Raging Bolt|spa|1
|-boost|p1a: Raging Bolt|spd|1
|
|-heal|p1a: Raging Bolt|90/100|[from] Grassy Terrain
|-heal|p1a: Raging Bolt|97/100|[from] item: Leftovers
|upkeep
|turn|7
|
|t:|1779825346
|move|p1a: Raging Bolt|Protect|p1a: Raging Bolt
|-singleturn|p1a: Raging Bolt|Protect
|move|p2a: Iron Valiant|Encore|p1a: Raging Bolt
|-activate|p1a: Raging Bolt|move: Protect
|
|-heal|p1a: Raging Bolt|100/100|[from] Grassy Terrain
|upkeep
|turn|8
|
|t:|1779825355
|-end|p1a: Raging Bolt|Protosynthesis|[silent]
|switch|p1a: Corviknight|Corviknight, F|100/100
|-ability|p1a: Corviknight|Pressure
|move|p2a: Iron Valiant|Encore||[still]
|-fail|p2a: Iron Valiant
|
|-fieldend|move: Grassy Terrain
|upkeep
|turn|9
|
|t:|1779825360
|move|p2a: Iron Valiant|Knock Off|p1a: Corviknight
|-damage|p1a: Corviknight|81/100
|-damage|p2a: Iron Valiant|84/100|[from] item: Rocky Helmet|[of] p1a: Corviknight
|-enditem|p1a: Corviknight|Rocky Helmet|[from] move: Knock Off|[of] p2a: Iron Valiant
|move|p1a: Corviknight|Brave Bird|p2a: Iron Valiant
|-supereffective|p2a: Iron Valiant
|-damage|p2a: Iron Valiant|0 fnt
|faint|p2a: Iron Valiant
|-end|p2a: Iron Valiant|Quark Drive|[silent]
|-damage|p1a: Corviknight|61/100|[from] Recoil
|
|upkeep
|
|t:|1779825363
|switch|p2a: Zamazenta|Zamazenta, tera:Steel|100/100
|turn|10
|
|t:|1779825378
|move|p2a: Zamazenta|Howl|p2a: Zamazenta
|-boost|p2a: Zamazenta|atk|1
|move|p1a: Corviknight|U-turn|p2a: Zamazenta
|-resisted|p2a: Zamazenta
|-damage|p2a: Zamazenta|94/100
|
|t:|1779825393
|switch|p1a: Toxapex|Toxapex, M|99/100|[from] U-turn
|
|upkeep
|turn|11
|
|t:|1779825413
|move|p2a: Zamazenta|Crunch|p1a: Toxapex
|-damage|p1a: Toxapex|69/100
|move|p1a: Toxapex|Haze|p1a: Toxapex
|-clearallboost
|
|upkeep
|turn|12
|
|t:|1779825418
|move|p2a: Zamazenta|Howl|p2a: Zamazenta
|-boost|p2a: Zamazenta|atk|1
|move|p1a: Toxapex|Toxic Spikes|p2a: Zamazenta
|-sidestart|p2: p$ychopath|move: Toxic Spikes
|
|upkeep
|turn|13
|l| hattybatty304
|
|t:|1779825423
|move|p2a: Zamazenta|Crunch|p1a: Toxapex
|-damage|p1a: Toxapex|37/100
|move|p1a: Toxapex|Haze|p1a: Toxapex
|-clearallboost
|
|upkeep
|turn|14
|j| hattybatty304
|l| hattybatty304
|
|t:|1779825433
|switch|p2a: Iron Moth|Iron Moth|100/100
|-sideend|p2: p$ychopath|move: Toxic Spikes|[of] p2a: Iron Moth
|-enditem|p2a: Iron Moth|Booster Energy
|-activate|p2a: Iron Moth|ability: Quark Drive|[fromitem]
|-start|p2a: Iron Moth|quarkdrivespe
|move|p1a: Toxapex|Recover|p1a: Toxapex
|-heal|p1a: Toxapex|87/100
|
|upkeep
|turn|15
|
|t:|1779825446
|move|p2a: Iron Moth|Substitute|p2a: Iron Moth
|-start|p2a: Iron Moth|Substitute
|-damage|p2a: Iron Moth|76/100
|move|p1a: Toxapex|Toxic Spikes|p2a: Iron Moth
|-sidestart|p2: p$ychopath|move: Toxic Spikes
|
|upkeep
|turn|16
|
|t:|1779825455
|move|p2a: Iron Moth|Fiery Dance|p1a: Toxapex
|-resisted|p1a: Toxapex
|-damage|p1a: Toxapex|74/100
|move|p1a: Toxapex|Toxic Spikes|p2a: Iron Moth
|-sidestart|p2: p$ychopath|move: Toxic Spikes
|
|upkeep
|turn|17
|
|t:|1779825462
|move|p2a: Iron Moth|Fiery Dance|p1a: Toxapex
|-resisted|p1a: Toxapex
|-damage|p1a: Toxapex|61/100
|move|p1a: Toxapex|Toxic Spikes||[still]
|-fail|p1a: Toxapex
|
|upkeep
|turn|18
|
|t:|1779825473
|move|p2a: Iron Moth|Fiery Dance|p1a: Toxapex
|-resisted|p1a: Toxapex
|-damage|p1a: Toxapex|49/100
|-boost|p2a: Iron Moth|spa|1
|move|p1a: Toxapex|Recover|p1a: Toxapex
|-heal|p1a: Toxapex|99/100
|
|upkeep
|turn|19
|
|t:|1779825476
|move|p2a: Iron Moth|Fiery Dance|p1a: Toxapex
|-resisted|p1a: Toxapex
|-damage|p1a: Toxapex|78/100
|move|p1a: Toxapex|Haze|p1a: Toxapex
|-clearallboost
|
|upkeep
|turn|20
|
|t:|1779825497
|move|p2a: Iron Moth|Fiery Dance|p1a: Toxapex
|-resisted|p1a: Toxapex
|-damage|p1a: Toxapex|66/100
|-boost|p2a: Iron Moth|spa|1
|move|p1a: Toxapex|Toxic Spikes||[still]
|-fail|p1a: Toxapex
|
|upkeep
|turn|21
|
|t:|1779825501
|move|p2a: Iron Moth|Sludge Wave|p1a: Toxapex
|-resisted|p1a: Toxapex
|-damage|p1a: Toxapex|41/100
|move|p1a: Toxapex|Haze|p1a: Toxapex
|-clearallboost
|
|upkeep
|turn|22
|
|t:|1779825514
|move|p2a: Iron Moth|Fiery Dance|p1a: Toxapex
|-resisted|p1a: Toxapex
|-damage|p1a: Toxapex|29/100
|move|p1a: Toxapex|Recover|p1a: Toxapex
|-heal|p1a: Toxapex|79/100
|
|upkeep
|turn|23
|
|t:|1779825525
|move|p2a: Iron Moth|Fiery Dance|p1a: Toxapex
|-resisted|p1a: Toxapex
|-damage|p1a: Toxapex|67/100
|move|p1a: Toxapex|Toxic Spikes||[still]
|-fail|p1a: Toxapex
|
|upkeep
|turn|24
|j| z the trick roomba
|
|t:|1779825545
|-end|p2a: Iron Moth|Quark Drive|[silent]
|switch|p2a: Iron Mugulis|Iron Jugulis|100/100
|-enditem|p2a: Iron Mugulis|Booster Energy
|-activate|p2a: Iron Mugulis|ability: Quark Drive|[fromitem]
|-start|p2a: Iron Mugulis|quarkdrivespe
|move|p1a: Toxapex|Haze|p1a: Toxapex
|-clearallboost
|
|upkeep
|turn|25
|l| z the trick roomba
|
|t:|1779825552
|move|p2a: Iron Mugulis|Taunt|p1a: Toxapex
|-start|p1a: Toxapex|move: Taunt
|cant|p1a: Toxapex|move: Taunt|Toxic
|
|upkeep
|turn|26
|
|t:|1779825563
|switch|p1a: Hatterene|Hatterene, F|100/100
|move|p2a: Iron Mugulis|Dark Pulse|p1a: Hatterene
|-damage|p1a: Hatterene|60/100
|
|-heal|p1a: Hatterene|66/100|[from] item: Leftovers
|upkeep
|turn|27
|
|t:|1779825570
|move|p2a: Iron Mugulis|Hurricane|p1a: Hatterene|[miss]
|-miss|p2a: Iron Mugulis|p1a: Hatterene
|move|p1a: Hatterene|Draining Kiss|p2a: Iron Mugulis
|-supereffective|p2a: Iron Mugulis
|-damage|p2a: Iron Mugulis|40/100
|-heal|p1a: Hatterene|100/100|[from] drain|[of] p2a: Iron Mugulis
|
|upkeep
|turn|28
|j| Wildkoter
|
|t:|1779825582
|move|p2a: Iron Mugulis|Hurricane|p1a: Hatterene
|-damage|p1a: Hatterene|42/100
|move|p1a: Hatterene|Draining Kiss|p2a: Iron Mugulis
|-supereffective|p2a: Iron Mugulis
|-damage|p2a: Iron Mugulis|0 fnt
|-heal|p1a: Hatterene|73/100|[from] drain|[of] p2a: Iron Mugulis
|faint|p2a: Iron Mugulis
|-end|p2a: Iron Mugulis|Quark Drive|[silent]
|
|-heal|p1a: Hatterene|79/100|[from] item: Leftovers
|upkeep
|
|t:|1779825586
|switch|p2a: Iron Moth|Iron Moth|76/100
|-sideend|p2: p$ychopath|move: Toxic Spikes|[of] p2a: Iron Moth
|turn|29
|l| Wildkoter
|j| darkrat18
|
|t:|1779825598
|-end|p2a: Iron Moth|Quark Drive|[silent]
|switch|p2a: Samurott|Samurott-Hisui, M, shiny|100/100
|switch|p1a: Toxapex|Toxapex, M|99/100
|
|upkeep
|turn|30
|
|t:|1779825603
|switch|p2a: Zamazenta|Zamazenta, tera:Steel|94/100
|move|p1a: Toxapex|Toxic|p2a: Zamazenta
|-immune|p2a: Zamazenta
|
|upkeep
|turn|31
|
|t:|1779825612
|switch|p1a: Raging Bolt|Raging Bolt, tera:Bug|100/100
|move|p2a: Zamazenta|Howl|p2a: Zamazenta
|-boost|p2a: Zamazenta|atk|1
|
|upkeep
|turn|32
|
|t:|1779825626
|move|p1a: Raging Bolt|Thunderclap|p2a: Zamazenta
|-damage|p2a: Zamazenta|54/100
|move|p2a: Zamazenta|Crunch|p1a: Raging Bolt
|-damage|p1a: Raging Bolt|66/100
|
|-heal|p1a: Raging Bolt|72/100|[from] item: Leftovers
|upkeep
|turn|33
|
|t:|1779825637
|move|p2a: Zamazenta|Crunch|p1a: Raging Bolt
|-damage|p1a: Raging Bolt|38/100
|-unboost|p1a: Raging Bolt|def|1
|move|p1a: Raging Bolt|Dragon Pulse|p2a: Zamazenta
|-resisted|p2a: Zamazenta
|-damage|p2a: Zamazenta|29/100
|
|-heal|p1a: Raging Bolt|44/100|[from] item: Leftovers
|upkeep
|turn|34
|
|t:|1779825645
|switch|p2a: Great Tusk|Great Tusk|100/100
|-enditem|p2a: Great Tusk|Booster Energy
|-activate|p2a: Great Tusk|ability: Protosynthesis|[fromitem]
|-start|p2a: Great Tusk|protosynthesisspe
|move|p1a: Raging Bolt|Protect||[still]
|-fail|p1a: Raging Bolt
|
|-heal|p1a: Raging Bolt|50/100|[from] item: Leftovers
|upkeep
|turn|35
|
|t:|1779825653
|-end|p1a: Raging Bolt|Protosynthesis|[silent]
|switch|p1a: Hatterene|Hatterene, F|79/100
|move|p2a: Great Tusk|Bulk Up|p2a: Great Tusk
|-boost|p2a: Great Tusk|atk|1
|-boost|p2a: Great Tusk|def|1
|
|-heal|p1a: Hatterene|85/100|[from] item: Leftovers
|upkeep
|turn|36
|
|t:|1779825657
|move|p2a: Great Tusk|Bulk Up|p2a: Great Tusk
|-boost|p2a: Great Tusk|atk|1
|-boost|p2a: Great Tusk|def|1
|move|p1a: Hatterene|Draining Kiss|p2a: Great Tusk
|-supereffective|p2a: Great Tusk
|-damage|p2a: Great Tusk|42/100
|-heal|p1a: Hatterene|100/100|[from] drain|[of] p2a: Great Tusk
|
|upkeep
|turn|37
|
|t:|1779825661
|move|p2a: Great Tusk|Headlong Rush|p1a: Hatterene
|-crit|p1a: Hatterene
|-damage|p1a: Hatterene|0 fnt
|-unboost|p2a: Great Tusk|def|1
|-unboost|p2a: Great Tusk|spd|1
|faint|p1a: Hatterene
|
|upkeep
|
|t:|1779825680
|switch|p1a: Raging Bolt|Raging Bolt, tera:Bug|50/100
|turn|38
|
|t:|1779825696
|move|p2a: Great Tusk|Ice Spinner|p1a: Raging Bolt
|-damage|p1a: Raging Bolt|12/100
|move|p1a: Raging Bolt|Dragon Pulse|p2a: Great Tusk
|-damage|p2a: Great Tusk|0 fnt
|faint|p2a: Great Tusk
|-end|p2a: Great Tusk|Protosynthesis|[silent]
|
|-heal|p1a: Raging Bolt|18/100|[from] item: Leftovers
|upkeep
|
|t:|1779825700
|switch|p2a: Iron Moth|Iron Moth|76/100
|turn|39
|
|t:|1779825704
|-end|p2a: Iron Moth|Quark Drive|[silent]
|switch|p2a: Zamazenta|Zamazenta, tera:Steel|29/100
|move|p1a: Raging Bolt|Protect||[still]
|-fail|p1a: Raging Bolt
|
|-heal|p1a: Raging Bolt|24/100|[from] item: Leftovers
|upkeep
|turn|40
|
|t:|1779825707
|switch|p2a: Iron Moth|Iron Moth|76/100
|move|p1a: Raging Bolt|Protect||[still]
|-fail|p1a: Raging Bolt
|
|-heal|p1a: Raging Bolt|30/100|[from] item: Leftovers
|upkeep
|turn|41
|
|t:|1779825710
|move|p1a: Raging Bolt|Protect|p1a: Raging Bolt
|-singleturn|p1a: Raging Bolt|Protect
|move|p2a: Iron Moth|Substitute|p2a: Iron Moth
|-start|p2a: Iron Moth|Substitute
|-damage|p2a: Iron Moth|51/100
|
|-heal|p1a: Raging Bolt|37/100|[from] item: Leftovers
|upkeep
|turn|42
|
|t:|1779825714
|-end|p2a: Iron Moth|Quark Drive|[silent]
|switch|p2a: Zamazenta|Zamazenta, tera:Steel|29/100
|-end|p1a: Raging Bolt|Protosynthesis|[silent]
|switch|p1a: Toxapex|Toxapex, M|100/100
|
|upkeep
|turn|43
|
|t:|1779825727
|switch|p1a: Corviknight|Corviknight, F|61/100
|-ability|p1a: Corviknight|Pressure
|move|p2a: Zamazenta|Crunch|p1a: Corviknight
|-damage|p1a: Corviknight|45/100
|
|upkeep
|turn|44
|
|t:|1779825732
|move|p2a: Zamazenta|Howl|p2a: Zamazenta
|-boost|p2a: Zamazenta|atk|1
|move|p1a: Corviknight|U-turn|p2a: Zamazenta
|-resisted|p2a: Zamazenta
|-damage|p2a: Zamazenta|23/100
|
|t:|1779825735
|switch|p1a: Raging Bolt|Raging Bolt, tera:Bug|37/100|[from] U-turn
|
|-heal|p1a: Raging Bolt|43/100|[from] item: Leftovers
|upkeep
|turn|45
|
|t:|1779825738
|move|p1a: Raging Bolt|Thunderclap|p2a: Zamazenta
|-damage|p2a: Zamazenta|0 fnt
|faint|p2a: Zamazenta
|
|-heal|p1a: Raging Bolt|49/100|[from] item: Leftovers
|upkeep
|
|t:|1779825742
|switch|p2a: Samurott|Samurott-Hisui, M, shiny|100/100
|turn|46
|
|t:|1779825744
|move|p1a: Raging Bolt|Protect|p1a: Raging Bolt
|-singleturn|p1a: Raging Bolt|Protect
|move|p2a: Samurott|Swords Dance|p2a: Samurott
|-boost|p2a: Samurott|atk|2
|
|-heal|p1a: Raging Bolt|55/100|[from] item: Leftovers
|upkeep
|turn|47
|
|t:|1779825748
|-end|p1a: Raging Bolt|Protosynthesis|[silent]
|switch|p1a: Corviknight|Corviknight, F|45/100
|-ability|p1a: Corviknight|Pressure
|move|p2a: Samurott|Sucker Punch||[still]
|-fail|p2a: Samurott
|
|upkeep
|turn|48
|
|t:|1779825752
|move|p2a: Samurott|Ceaseless Edge|p1a: Corviknight
|-damage|p1a: Corviknight|0 fnt
|-sidestart|p1: Nuii09|Spikes
|faint|p1a: Corviknight
|
|upkeep
|
|t:|1779825755
|switch|p1a: Rillaboom|Rillaboom, M|100/100
|-damage|p1a: Rillaboom|88/100|[from] Spikes
|-fieldstart|move: Grassy Terrain|[from] ability: Grassy Surge|[of] p1a: Rillaboom
|turn|49
|
|t:|1779825758
|move|p1a: Rillaboom|Grassy Glide|p2a: Samurott
|-supereffective|p2a: Samurott
|-damage|p2a: Samurott|1/100
|move|p2a: Samurott|Sucker Punch||[still]
|-fail|p2a: Samurott
|
|-heal|p1a: Rillaboom|94/100|[from] Grassy Terrain
|-heal|p2a: Samurott|8/100|[from] Grassy Terrain
|upkeep
|turn|50
|
|t:|1779825763
|switch|p2a: Iron Moth|Iron Moth|51/100
|move|p1a: Rillaboom|Grassy Glide|p2a: Iron Moth
|-resisted|p2a: Iron Moth
|-damage|p2a: Iron Moth|37/100
|
|-heal|p2a: Iron Moth|43/100|[from] Grassy Terrain
|-heal|p1a: Rillaboom|100/100|[from] Grassy Terrain
|upkeep
|turn|51
|
|t:|1779825766
|-end|p2a: Iron Moth|Quark Drive|[silent]
|switch|p2a: Samurott|Samurott-Hisui, M, shiny|8/100
|switch|p1a: Toxapex|Toxapex, M|100/100
|-damage|p1a: Toxapex|88/100|[from] Spikes
|
|-heal|p2a: Samurott|14/100|[from] Grassy Terrain
|-heal|p1a: Toxapex|94/100|[from] Grassy Terrain
|upkeep
|turn|52
|
|t:|1779825770
|move|p2a: Samurott|Swords Dance|p2a: Samurott
|-boost|p2a: Samurott|atk|2
|move|p1a: Toxapex|Toxic|p2a: Samurott
|-status|p2a: Samurott|tox
|
|-heal|p2a: Samurott|20/100 tox|[from] Grassy Terrain
|-heal|p1a: Toxapex|99/100|[from] Grassy Terrain
|-damage|p2a: Samurott|14/100 tox|[from] psn
|upkeep
|turn|53
|
|t:|1779825774
|move|p2a: Samurott|Ceaseless Edge|p1a: Toxapex
|-damage|p1a: Toxapex|4/100
|-sidestart|p1: Nuii09|Spikes
|move|p1a: Toxapex|Recover|p1a: Toxapex
|-heal|p1a: Toxapex|54/100
|
|-heal|p2a: Samurott|20/100 tox|[from] Grassy Terrain
|-heal|p1a: Toxapex|60/100|[from] Grassy Terrain
|-damage|p2a: Samurott|8/100 tox|[from] psn
|upkeep
|turn|54
|
|t:|1779825781
|switch|p1a: Hoopa|Hoopa-Unbound|100/100
|-damage|p1a: Hoopa|84/100|[from] Spikes
|move|p2a: Samurott|Ceaseless Edge|p1a: Hoopa
|-damage|p1a: Hoopa|0 fnt
|-sidestart|p1: Nuii09|Spikes
|faint|p1a: Hoopa
|
|-heal|p2a: Samurott|14/100 tox|[from] Grassy Terrain
|-damage|p2a: Samurott|0 fnt|[from] psn
|faint|p2a: Samurott
|upkeep
|
|t:|1779825796
|switch|p2a: Iron Moth|Iron Moth|43/100
|switch|p1a: Toxapex|Toxapex, M|94/100
|-damage|p1a: Toxapex|69/100|[from] Spikes
|turn|55
|
|t:|1779825808
|move|p2a: Iron Moth|Fiery Dance|p1a: Toxapex
|-resisted|p1a: Toxapex
|-damage|p1a: Toxapex|56/100
|-boost|p2a: Iron Moth|spa|1
|move|p1a: Toxapex|Toxic|p2a: Iron Moth
|-immune|p2a: Iron Moth
|
|-heal|p2a: Iron Moth|49/100|[from] Grassy Terrain
|-heal|p1a: Toxapex|62/100|[from] Grassy Terrain
|upkeep
|turn|56
|
|t:|1779825813
|move|p2a: Iron Moth|Substitute|p2a: Iron Moth
|-start|p2a: Iron Moth|Substitute
|-damage|p2a: Iron Moth|24/100
|move|p1a: Toxapex|Haze|p1a: Toxapex
|-clearallboost
|
|-heal|p2a: Iron Moth|30/100|[from] Grassy Terrain
|-heal|p1a: Toxapex|68/100|[from] Grassy Terrain
|-fieldend|move: Grassy Terrain
|upkeep
|turn|57
|
|t:|1779825818
|move|p2a: Iron Moth|Fiery Dance|p1a: Toxapex
|-resisted|p1a: Toxapex
|-damage|p1a: Toxapex|55/100
|-boost|p2a: Iron Moth|spa|1
|move|p1a: Toxapex|Recover|p1a: Toxapex
|-heal|p1a: Toxapex|100/100
|
|upkeep
|turn|58
|
|t:|1779825825
|move|p2a: Iron Moth|Dazzling Gleam|p1a: Toxapex
|-resisted|p1a: Toxapex
|-damage|p1a: Toxapex|87/100
|move|p1a: Toxapex|Haze|p1a: Toxapex
|-clearallboost
|
|upkeep
|turn|59
|
|t:|1779825829
|move|p2a: Iron Moth|Fiery Dance|p1a: Toxapex
|-resisted|p1a: Toxapex
|-damage|p1a: Toxapex|73/100
|move|p1a: Toxapex|Haze|p1a: Toxapex
|-clearallboost
|
|upkeep
|turn|60
|
|t:|1779825843
|move|p2a: Iron Moth|Fiery Dance|p1a: Toxapex
|-resisted|p1a: Toxapex
|-damage|p1a: Toxapex|60/100
|move|p1a: Toxapex|Toxic Spikes|p2a: Iron Moth
|-sidestart|p2: p$ychopath|move: Toxic Spikes
|
|upkeep
|turn|61
|l| darkrat18
|
|t:|1779825851
|move|p2a: Iron Moth|Fiery Dance|p1a: Toxapex
|-resisted|p1a: Toxapex
|-damage|p1a: Toxapex|47/100
|-boost|p2a: Iron Moth|spa|1
|move|p1a: Toxapex|Toxic Spikes|p2a: Iron Moth
|-sidestart|p2: p$ychopath|move: Toxic Spikes
|
|upkeep
|turn|62
|
|t:|1779825860
|move|p2a: Iron Moth|Sludge Wave|p1a: Toxapex
|-resisted|p1a: Toxapex
|-damage|p1a: Toxapex|24/100
|move|p1a: Toxapex|Haze|p1a: Toxapex
|-clearallboost
|
|upkeep
|turn|63
|
|t:|1779825869
|move|p2a: Iron Moth|Fiery Dance|p1a: Toxapex
|-resisted|p1a: Toxapex
|-damage|p1a: Toxapex|11/100
|-boost|p2a: Iron Moth|spa|1
|move|p1a: Toxapex|Recover|p1a: Toxapex
|-heal|p1a: Toxapex|62/100
|
|upkeep
|turn|64
|
|t:|1779825874
|switch|p1a: Raging Bolt|Raging Bolt, tera:Bug|55/100
|-damage|p1a: Raging Bolt|30/100|[from] Spikes
|move|p2a: Iron Moth|Sludge Wave|p1a: Raging Bolt
|-damage|p1a: Raging Bolt|0 fnt
|faint|p1a: Raging Bolt
|-end|p1a: Raging Bolt|Protosynthesis|[silent]
|
|upkeep
|
|t:|1779825876
|switch|p1a: Toxapex|Toxapex, M|95/100
|-damage|p1a: Toxapex|70/100|[from] Spikes
|turn|65
|
|t:|1779825879
|move|p2a: Iron Moth|Sludge Wave|p1a: Toxapex
|-resisted|p1a: Toxapex
|-damage|p1a: Toxapex|46/100
|move|p1a: Toxapex|Haze|p1a: Toxapex
|-clearallboost
|
|upkeep
|turn|66
|
|t:|1779825886
|move|p2a: Iron Moth|Fiery Dance|p1a: Toxapex
|-resisted|p1a: Toxapex
|-damage|p1a: Toxapex|33/100
|move|p1a: Toxapex|Haze|p1a: Toxapex
|-clearallboost
|
|upkeep
|turn|67
|
|t:|1779825895
|move|p2a: Iron Moth|Fiery Dance|p1a: Toxapex
|-resisted|p1a: Toxapex
|-damage|p1a: Toxapex|21/100
|-boost|p2a: Iron Moth|spa|1
|move|p1a: Toxapex|Recover|p1a: Toxapex
|-heal|p1a: Toxapex|71/100
|
|upkeep
|turn|68
|j| darkrat18
|
|t:|1779825900
|move|p2a: Iron Moth|Sludge Wave|p1a: Toxapex
|-resisted|p1a: Toxapex
|-crit|p1a: Toxapex
|-damage|p1a: Toxapex|35/100
|move|p1a: Toxapex|Haze|p1a: Toxapex
|-clearallboost
|
|upkeep
|turn|69
|
|t:|1779825910
|move|p2a: Iron Moth|Fiery Dance|p1a: Toxapex
|-resisted|p1a: Toxapex
|-damage|p1a: Toxapex|23/100
|-boost|p2a: Iron Moth|spa|1
|move|p1a: Toxapex|Recover|p1a: Toxapex
|-heal|p1a: Toxapex|73/100
|
|upkeep
|turn|70
|
|t:|1779825914
|move|p2a: Iron Moth|Sludge Wave|p1a: Toxapex
|-resisted|p1a: Toxapex
|-damage|p1a: Toxapex|51/100
|move|p1a: Toxapex|Haze|p1a: Toxapex
|-clearallboost
|
|upkeep
|turn|71
|
|t:|1779825922
|move|p2a: Iron Moth|Sludge Wave|p1a: Toxapex
|-resisted|p1a: Toxapex
|-damage|p1a: Toxapex|35/100
|move|p1a: Toxapex|Toxic Spikes||[still]
|-fail|p1a: Toxapex
|
|upkeep
|turn|72
|
|t:|1779825925
|move|p2a: Iron Moth|Sludge Wave|p1a: Toxapex
|-resisted|p1a: Toxapex
|-damage|p1a: Toxapex|20/100
|move|p1a: Toxapex|Toxic Spikes||[still]
|-fail|p1a: Toxapex
|
|upkeep
|turn|73
|
|t:|1779825930
|switch|p1a: Rillaboom|Rillaboom, M|100/100
|-damage|p1a: Rillaboom|76/100|[from] Spikes
|-fieldstart|move: Grassy Terrain|[from] ability: Grassy Surge|[of] p1a: Rillaboom
|move|p2a: Iron Moth|Sludge Wave|p1a: Rillaboom
|-supereffective|p1a: Rillaboom
|-damage|p1a: Rillaboom|0 fnt
|faint|p1a: Rillaboom
|
|-heal|p2a: Iron Moth|36/100|[from] Grassy Terrain
|upkeep
|
|t:|1779825931
|switch|p1a: Toxapex|Toxapex, M|53/100
|-damage|p1a: Toxapex|29/100|[from] Spikes
|turn|74
|
|t:|1779825934
|move|p2a: Iron Moth|Sludge Wave|p1a: Toxapex
|-resisted|p1a: Toxapex
|-damage|p1a: Toxapex|13/100
|move|p1a: Toxapex|Haze|p1a: Toxapex
|-clearallboost
|
|-heal|p2a: Iron Moth|42/100|[from] Grassy Terrain
|-heal|p1a: Toxapex|19/100|[from] Grassy Terrain
|upkeep
|turn|75
|
|t:|1779825937
|move|p2a: Iron Moth|Sludge Wave|p1a: Toxapex
|-resisted|p1a: Toxapex
|-damage|p1a: Toxapex|2/100
|move|p1a: Toxapex|Haze|p1a: Toxapex
|-clearallboost
|
|-heal|p2a: Iron Moth|48/100|[from] Grassy Terrain
|-heal|p1a: Toxapex|8/100|[from] Grassy Terrain
|upkeep
|turn|76
|
|t:|1779825939
|move|p2a: Iron Moth|Sludge Wave|p1a: Toxapex
|-resisted|p1a: Toxapex
|-damage|p1a: Toxapex|0 fnt
|faint|p1a: Toxapex
|
|win|p$ychopath
|raw|Nuii09's rating: 1648 &rarr; <strong>1628</strong><br />(-20 for losing)
|raw|p$ychopath's rating: 1640 &rarr; <strong>1660</strong><br />(+20 for winning)
|l|☆Nuii09
|player|p1|
|l|☆p$ychopath
|player|p2|
|l| darkrat18
