|j|☆RainDevourer1
|j|☆Hambone2051
|t:|1779879682
|gametype|singles
|player|p1|RainDevourer1|rocketgrunt|
|player|p2|Hambone2051|giovanni|
|gen|9
|tier|[Gen 9] OU
|rule|HP Percentage Mod: HP is shown in percentages
|rule|Endless Battle Clause: Forcing endless battles is banned
|rule|Species Clause: Limit one of each Pokémon
|rule|OHKO Clause: OHKO moves are banned
|rule|Evasion Items Clause: Evasion items are banned
|rule|Evasion Moves Clause: Evasion moves are banned
|rule|Evasion Abilities Clause: Evasion abilities are banned
|rule|Sleep Moves Clause: Sleep-inducing moves are banned
|clearpoke
|poke|p1|Indeedee, M|
|poke|p1|Ambipom, F|
|poke|p1|Maushold-Four|
|poke|p1|Regigigas|
|poke|p1|Zoroark-Hisui, M|
|poke|p1|Meloetta|
|poke|p2|Meowscarada, F|
|poke|p2|Spiritomb, F|
|poke|p2|Darkrai|
|poke|p2|Lokix, F|
|poke|p2|Malamar, M|
|poke|p2|Moltres-Galar|
|teampreview
|
|t:|1779879693
|teamsize|p1|6
|teamsize|p2|6
|start
|switch|p1a: Maushold|Maushold-Four|100/100
|switch|p2a: Lokix|Lokix, F|100/100
|turn|1
|
|t:|1779879701
|-terastallize|p1a: Maushold|Normal
|-terastallize|p2a: Lokix|Bug
|move|p2a: Lokix|First Impression|p1a: Maushold
|-enditem|p1a: Maushold|Focus Sash
|-damage|p1a: Maushold|1/100
|-damage|p2a: Lokix|91/100|[from] item: Life Orb
|move|p1a: Maushold|Population Bomb|p2a: Lokix
|-damage|p2a: Lokix|75/100
|-damage|p2a: Lokix|57/100
|-damage|p2a: Lokix|42/100
|-damage|p2a: Lokix|27/100
|-damage|p2a: Lokix|10/100
|-damage|p2a: Lokix|0 fnt
|faint|p2a: Lokix
|-hitcount|p2: Lokix|6
|
|upkeep
|
|t:|1779879722
|switch|p2a: Malamar|Malamar, M|100/100
|turn|2
|
|t:|1779879733
|move|p1a: Maushold|Population Bomb|p2a: Malamar
|-damage|p2a: Malamar|90/100
|-damage|p2a: Malamar|79/100
|-damage|p2a: Malamar|68/100
|-damage|p2a: Malamar|57/100
|-damage|p2a: Malamar|46/100
|-damage|p2a: Malamar|34/100
|-damage|p2a: Malamar|24/100
|-damage|p2a: Malamar|13/100
|-hitcount|p2a: Malamar|8
|move|p2a: Malamar|Knock Off|p1a: Maushold
|-damage|p1a: Maushold|0 fnt
|faint|p1a: Maushold
|
|-heal|p2a: Malamar|19/100|[from] item: Leftovers
|upkeep
|
|t:|1779879751
|switch|p1a: Indeedee|Indeedee, M|100/100
|-fieldstart|move: Psychic Terrain|[from] ability: Psychic Surge|[of] p1a: Indeedee
|turn|3
|
|t:|1779879761
|move|p1a: Indeedee|Draining Kiss|p2a: Malamar
|-supereffective|p2a: Malamar
|-damage|p2a: Malamar|0 fnt
|faint|p2a: Malamar
|
|upkeep
|
|t:|1779879766
|switch|p2a: Meowscarada|Meowscarada, F|100/100
|turn|4
|
|t:|1779879778
|move|p2a: Meowscarada|Flower Trick|p1a: Indeedee
|-crit|p1a: Indeedee
|-enditem|p1a: Indeedee|Focus Sash
|-damage|p1a: Indeedee|1/100
|move|p1a: Indeedee|Draining Kiss|p2a: Meowscarada
|-supereffective|p2a: Meowscarada
|-damage|p2a: Meowscarada|53/100
|-heal|p1a: Indeedee|41/100|[from] drain|[of] p2a: Meowscarada
|
|-heal|p2a: Meowscarada|60/100|[from] item: Leftovers
|upkeep
|turn|5
|
|t:|1779879795
|switch|p1a: Regigigas|Regigigas|100/100
|-start|p1a: Regigigas|ability: Slow Start
|move|p2a: Meowscarada|Flower Trick|p1a: Regigigas
|-crit|p1a: Regigigas
|-damage|p1a: Regigigas|64/100
|
|-heal|p2a: Meowscarada|66/100|[from] item: Leftovers
|upkeep
|turn|6
|
|t:|1779879809
|move|p2a: Meowscarada|Flower Trick|p1a: Regigigas
|-crit|p1a: Regigigas
|-damage|p1a: Regigigas|26/100
|move|p1a: Regigigas|Heat Crash|p2a: Meowscarada
|-supereffective|p2a: Meowscarada
|-damage|p2a: Meowscarada|0 fnt
|faint|p2a: Meowscarada
|
|upkeep
|
|t:|1779879819
|switch|p2a: Spiritomb|Spiritomb, F|100/100
|-ability|p2a: Spiritomb|Pressure
|turn|7
|
|t:|1779879831
|switch|p1a: Ambipom|Ambipom, F|100/100
|move|p2a: Spiritomb|Facade|p1a: Ambipom
|-damage|p1a: Ambipom|53/100
|-damage|p2a: Spiritomb|91/100|[from] item: Life Orb
|
|-fieldend|move: Psychic Terrain
|upkeep
|turn|8
|
|t:|1779879845
|move|p1a: Ambipom|Shadow Ball|p2a: Spiritomb
|-damage|p2a: Spiritomb|78/100
|move|p2a: Spiritomb|Body Slam|p1a: Ambipom
|-damage|p1a: Ambipom|2/100
|-status|p1a: Ambipom|par
|-damage|p2a: Spiritomb|68/100|[from] item: Life Orb
|
|upkeep
|turn|9
|
|t:|1779879874
|switch|p1a: Meloetta|Meloetta|100/100
|move|p2a: Spiritomb|Facade|p1a: Meloetta
|-damage|p1a: Meloetta|65/100
|-damage|p2a: Spiritomb|59/100|[from] item: Life Orb
|
|upkeep
|turn|10
|
|t:|1779879886
|move|p1a: Meloetta|Alluring Voice|p2a: Spiritomb
|-supereffective|p2a: Spiritomb
|-damage|p2a: Spiritomb|0 fnt
|faint|p2a: Spiritomb
|
|upkeep
|
|t:|1779879891
|switch|p2a: Darkrai|Darkrai|100/100
|turn|11
|
|t:|1779879898
|move|p2a: Darkrai|Foul Play|p1a: Meloetta
|-supereffective|p1a: Meloetta
|-damage|p1a: Meloetta|0 fnt
|faint|p1a: Meloetta
|-damage|p2a: Darkrai|91/100|[from] item: Life Orb
|
|upkeep
|
|t:|1779879911
|switch|p1a: Ambipom|Ambipom, F|2/100 par
|turn|12
|
|t:|1779879921
|move|p2a: Darkrai|Drain Punch|p1a: Ambipom
|-supereffective|p1a: Ambipom
|-damage|p1a: Ambipom|0 fnt
|-heal|p2a: Darkrai|91/100|[from] drain|[of] p1a: Ambipom
|faint|p1a: Ambipom
|-damage|p2a: Darkrai|81/100|[from] item: Life Orb
|
|upkeep
|
|t:|1779879929
|switch|p1a: Indeedee|Indeedee, M|100/100
|turn|13
|
|t:|1779879936
|move|p2a: Darkrai|Foul Play|p1a: Indeedee
|-supereffective|p1a: Indeedee
|-enditem|p1a: Indeedee|Focus Sash
|-damage|p1a: Indeedee|1/100
|replace|p1a: Zoroark|Zoroark-Hisui, M, shiny
|-end|p1a: Zoroark|Illusion
|-damage|p2a: Darkrai|71/100|[from] item: Life Orb
|move|p1a: Zoroark|Focus Blast|p2a: Darkrai
|-supereffective|p2a: Darkrai
|-damage|p2a: Darkrai|0 fnt
|faint|p2a: Darkrai
|
|upkeep
|
|t:|1779879948
|switch|p2a: Moltres|Moltres-Galar|100/100
|turn|14
|
|t:|1779879957
|move|p1a: Zoroark|Focus Blast|p2a: Moltres
|-damage|p2a: Moltres|66/100
|move|p2a: Moltres|Fiery Wrath|p1a: Zoroark
|-supereffective|p1a: Zoroark
|-damage|p1a: Zoroark|0 fnt
|faint|p1a: Zoroark
|
|upkeep
|
|t:|1779879966
|switch|p1a: Regigigas|Regigigas|26/100
|-start|p1a: Regigigas|ability: Slow Start
|turn|15
|
|t:|1779879991
|move|p2a: Moltres|Dual Wingbeat|p1a: Regigigas
|-damage|p1a: Regigigas|14/100
|-damage|p1a: Regigigas|2/100
|-hitcount|p1a: Regigigas|2
|move|p1a: Regigigas|Iron Head|p2a: Moltres
|-damage|p2a: Moltres|47/100
|-ability|p2a: Moltres|Berserk|boost
|-boost|p2a: Moltres|spa|1
|
|upkeep
|turn|16
|
|t:|1779880003
|move|p2a: Moltres|Dual Wingbeat|p1a: Regigigas
|-damage|p1a: Regigigas|0 fnt
|faint|p1a: Regigigas
|-end|p1a: Regigigas|Slow Start|[silent]
|-hitcount|p1: Regigigas|1
|
|upkeep
|
|t:|1779880007
|switch|p1a: Indeedee|Indeedee, M|41/100
|-fieldstart|move: Psychic Terrain|[from] ability: Psychic Surge|[of] p1a: Indeedee
|turn|17
|
|t:|1779880017
|move|p1a: Indeedee|Draining Kiss|p2a: Moltres
|-supereffective|p2a: Moltres
|-damage|p2a: Moltres|18/100
|-heal|p1a: Indeedee|67/100|[from] drain|[of] p2a: Moltres
|move|p2a: Moltres|Fiery Wrath|p1a: Indeedee
|-supereffective|p1a: Indeedee
|-damage|p1a: Indeedee|0 fnt
|faint|p1a: Indeedee
|
|win|Hambone2051
|l|☆RainDevourer1
|player|p1|
