|j|☆karmasiren
|j|☆PepeNike
|t:|1779862939
|gametype|singles
|player|p1|karmasiren|skyla|1473
|player|p2|PepeNike|266|1499
|gen|9
|tier|[Gen 9] OU
|rated|
|rule|HP Percentage Mod: HP is shown in percentages
|rule|Endless Battle Clause: Forcing endless battles is banned
|rule|Species Clause: Limit one of each Pokémon
|rule|OHKO Clause: OHKO moves are banned
|rule|Evasion Items Clause: Evasion items are banned
|rule|Evasion Moves Clause: Evasion moves are banned
|rule|Evasion Abilities Clause: Evasion abilities are banned
|rule|Sleep Moves Clause: Sleep-inducing moves are banned
|clearpoke
|poke|p1|Volcanion|
|poke|p1|Corviknight, F|
|poke|p1|Sandy Shocks|
|poke|p1|Serperior, F|
|poke|p1|Deoxys-Speed|
|poke|p1|Kingambit, F|
|poke|p2|Darkrai|
|poke|p2|Hawlucha, M|
|poke|p2|Alomomola, F|
|poke|p2|Ting-Lu|
|poke|p2|Zamazenta-*|
|poke|p2|Iron Valiant|
|teampreview
|inactive|Battle timer is ON: inactive players will automatically lose when time's up. (requested by PepeNike)
|
|t:|1779862963
|teamsize|p1|6
|teamsize|p2|6
|start
|switch|p1a: Steam McQueen|Volcanion|100/100
|switch|p2a: Darkrai|Darkrai|100/100
|turn|1
|
|t:|1779862967
|move|p2a: Darkrai|Dark Pulse|p1a: Steam McQueen
|-damage|p1a: Steam McQueen|27/100
|move|p1a: Steam McQueen|Steam Eruption|p2a: Darkrai
|-damage|p2a: Darkrai|0 fnt
|faint|p2a: Darkrai
|
|upkeep
|
|t:|1779862972
|switch|p2a: Iron Valiant|Iron Valiant|100/100
|turn|2
|
|t:|1779862978
|switch|p1a: Edgar|Corviknight, F, shiny|100/100
|-ability|p1a: Edgar|Pressure
|move|p2a: Iron Valiant|Shadow Ball|p1a: Edgar
|-damage|p1a: Edgar|60/100
|
|upkeep
|turn|3
|
|t:|1779862986
|-end|p2a: Iron Valiant|Quark Drive|[silent]
|switch|p2a: Hawlucha|Hawlucha, M|100/100
|-ability|p2a: Hawlucha|Mold Breaker
|move|p1a: Edgar|Roost|p1a: Edgar
|-heal|p1a: Edgar|100/100
|-singleturn|p1a: Edgar|move: Roost
|
|upkeep
|turn|4
|
|t:|1779862990
|switch|p1a: Calypso|Deoxys-Speed|100/100
|-ability|p1a: Calypso|Pressure
|move|p2a: Hawlucha|Encore||[still]
|-fail|p2a: Hawlucha
|
|upkeep
|turn|5
|
|t:|1779862992
|switch|p2a: Alomomola|Alomomola, F|100/100
|move|p1a: Calypso|Psycho Boost|p2a: Alomomola
|-damage|p2a: Alomomola|60/100
|-unboost|p1a: Calypso|spa|2
|-damage|p1a: Calypso|91/100|[from] item: Life Orb
|
|upkeep
|turn|6
|
|t:|1779863001
|move|p1a: Calypso|Superpower|p2a: Alomomola
|-damage|p2a: Alomomola|32/100
|-unboost|p1a: Calypso|atk|1
|-unboost|p1a: Calypso|def|1
|-damage|p1a: Calypso|81/100|[from] item: Life Orb
|move|p2a: Alomomola|Icy Wind|p1a: Calypso
|-damage|p1a: Calypso|70/100
|-unboost|p1a: Calypso|spe|1
|
|upkeep
|turn|7
|
|t:|1779863007
|move|p1a: Calypso|Stealth Rock|p2a: Alomomola
|-sidestart|p2: PepeNike|move: Stealth Rock
|move|p2a: Alomomola|Flip Turn|p1a: Calypso
|-damage|p1a: Calypso|30/100
|
|t:|1779863013
|switch|p2a: Hawlucha|Hawlucha, M|100/100|[from] Flip Turn
|-damage|p2a: Hawlucha|88/100|[from] Stealth Rock
|-ability|p2a: Hawlucha|Mold Breaker
|
|-heal|p2a: Hawlucha|94/100|[from] item: Leftovers
|upkeep
|turn|8
|
|t:|1779863016
|move|p2a: Hawlucha|Defog|p1a: Calypso
|-unboost|p1a: Calypso|evasion|1
|-sideend|p2: PepeNike|Stealth Rock|[from] move: Defog|[of] p2a: Hawlucha
|move|p1a: Calypso|Psycho Boost|p2a: Hawlucha
|-supereffective|p2a: Hawlucha
|-damage|p2a: Hawlucha|0 fnt
|-unboost|p1a: Calypso|spa|2
|faint|p2a: Hawlucha
|-damage|p1a: Calypso|20/100|[from] item: Life Orb
|
|upkeep
|
|t:|1779863020
|switch|p2a: Iron Valiant|Iron Valiant|100/100
|turn|9
|
|t:|1779863025
|switch|p1a: Mega Magneton|Sandy Shocks, shiny|100/100
|move|p2a: Iron Valiant|Thunderbolt|p1a: Mega Magneton
|-immune|p1a: Mega Magneton
|
|upkeep
|turn|10
|
|t:|1779863032
|-end|p2a: Iron Valiant|Quark Drive|[silent]
|switch|p2a: Alomomola|Alomomola, F|65/100
|-end|p1a: Mega Magneton|Protosynthesis|[silent]
|switch|p1a: Steam McQueen|Volcanion|27/100
|
|upkeep
|turn|11
|
|t:|1779863036
|move|p1a: Steam McQueen|Steam Eruption|p2a: Alomomola
|-resisted|p2a: Alomomola
|-damage|p2a: Alomomola|42/100
|move|p2a: Alomomola|Mirror Coat|p1a: Steam McQueen
|-damage|p1a: Steam McQueen|0 fnt
|faint|p1a: Steam McQueen
|
|upkeep
|
|t:|1779863040
|switch|p1a: Lucifer|Serperior, F, shiny|100/100
|turn|12
|
|t:|1779863048
|move|p1a: Lucifer|Leaf Storm|p2a: Alomomola
|-supereffective|p2a: Alomomola
|-damage|p2a: Alomomola|0 fnt
|-boost|p1a: Lucifer|spa|2
|faint|p2a: Alomomola
|
|upkeep
|
|t:|1779863051
|switch|p2a: Zamazenta|Zamazenta|100/100
|-ability|p2a: Zamazenta|Dauntless Shield|boost
|-boost|p2a: Zamazenta|def|1
|turn|13
|
|t:|1779863059
|move|p2a: Zamazenta|Close Combat|p1a: Lucifer
|-damage|p1a: Lucifer|0 fnt
|-unboost|p2a: Zamazenta|def|1
|-unboost|p2a: Zamazenta|spd|1
|faint|p1a: Lucifer
|
|upkeep
|
|t:|1779863062
|switch|p1a: Calypso|Deoxys-Speed|20/100
|-ability|p1a: Calypso|Pressure
|turn|14
|j| navigatorxdd
|
|t:|1779863091
|switch|p2a: Ting-Lu|Ting-Lu|100/100
|-ability|p2a: Ting-Lu|Vessel of Ruin
|move|p1a: Calypso|Psycho Boost|p2a: Ting-Lu
|-immune|p2a: Ting-Lu
|
|upkeep
|turn|15
|
|t:|1779863100
|move|p1a: Calypso|Superpower|p2a: Ting-Lu
|-supereffective|p2a: Ting-Lu
|-damage|p2a: Ting-Lu|62/100
|-unboost|p1a: Calypso|atk|1
|-unboost|p1a: Calypso|def|1
|-damage|p1a: Calypso|10/100|[from] item: Life Orb
|move|p2a: Ting-Lu|Throat Chop|p1a: Calypso
|-supereffective|p1a: Calypso
|-damage|p1a: Calypso|0 fnt
|faint|p1a: Calypso
|
|upkeep
|
|t:|1779863106
|switch|p1a: King of OU|Kingambit, F|100/100
|-activate|p1a: King of OU|ability: Supreme Overlord
|-start|p1a: King of OU|fallen3|[silent]
|turn|16
|
|t:|1779863108
|switch|p2a: Zamazenta|Zamazenta|100/100
|-terastallize|p1a: King of OU|Flying
|move|p1a: King of OU|Swords Dance|p1a: King of OU
|-boost|p1a: King of OU|atk|2
|
|upkeep
|turn|17
|
|t:|1779863112
|move|p2a: Zamazenta|Stone Edge|p1a: King of OU
|-supereffective|p1a: King of OU
|-damage|p1a: King of OU|29/100
|move|p1a: King of OU|Iron Head|p2a: Zamazenta
|-damage|p2a: Zamazenta|0 fnt
|faint|p2a: Zamazenta
|
|upkeep
|
|t:|1779863118
|switch|p2a: Iron Valiant|Iron Valiant|100/100
|turn|18
|
|t:|1779863122
|move|p2a: Iron Valiant|Moonblast|p1a: King of OU
|-damage|p1a: King of OU|0 fnt
|faint|p1a: King of OU
|-end|p1a: King of OU|fallen3|[silent]
|
|upkeep
|
|t:|1779863125
|switch|p1a: Mega Magneton|Sandy Shocks, shiny|100/100
|turn|19
|
|t:|1779863127
|-end|p2a: Iron Valiant|Quark Drive|[silent]
|switch|p2a: Ting-Lu|Ting-Lu|62/100
|-ability|p2a: Ting-Lu|Vessel of Ruin
|move|p1a: Mega Magneton|Earth Power|p2a: Ting-Lu
|-damage|p2a: Ting-Lu|35/100
|
|upkeep
|turn|20
|
|t:|1779863140
|-end|p1a: Mega Magneton|Protosynthesis|[silent]
|switch|p1a: Edgar|Corviknight, F, shiny|100/100
|-ability|p1a: Edgar|Pressure
|move|p2a: Ting-Lu|Earthquake|p1a: Edgar
|-immune|p1a: Edgar
|
|upkeep
|turn|21
|
|t:|1779863143
|move|p1a: Edgar|Iron Defense|p1a: Edgar
|-boost|p1a: Edgar|def|2
|move|p2a: Ting-Lu|Earthquake|p1a: Edgar
|-immune|p1a: Edgar
|
|upkeep
|turn|22
|
|t:|1779863146
|switch|p2a: Iron Valiant|Iron Valiant|100/100
|move|p1a: Edgar|Body Press|p2a: Iron Valiant
|-resisted|p2a: Iron Valiant
|-damage|p2a: Iron Valiant|66/100
|
|upkeep
|turn|23
|
|t:|1779863155
|move|p2a: Iron Valiant|Thunderbolt|p1a: Edgar
|-supereffective|p1a: Edgar
|-crit|p1a: Edgar
|-damage|p1a: Edgar|0 fnt
|faint|p1a: Edgar
|
|upkeep
|
|t:|1779863158
|switch|p1a: Mega Magneton|Sandy Shocks, shiny|100/100
|turn|24
|
|t:|1779863163
|move|p2a: Iron Valiant|Thunderbolt|p1a: Mega Magneton
|-immune|p1a: Mega Magneton
|move|p1a: Mega Magneton|Earth Power|p2a: Iron Valiant
|-damage|p2a: Iron Valiant|0 fnt
|faint|p2a: Iron Valiant
|-end|p2a: Iron Valiant|Quark Drive|[silent]
|
|upkeep
|
|t:|1779863166
|switch|p2a: Ting-Lu|Ting-Lu|35/100
|-ability|p2a: Ting-Lu|Vessel of Ruin
|turn|25
|
|t:|1779863168
|move|p1a: Mega Magneton|Earth Power|p2a: Ting-Lu
|-damage|p2a: Ting-Lu|6/100
|move|p2a: Ting-Lu|Earthquake|p1a: Mega Magneton
|-supereffective|p1a: Mega Magneton
|-damage|p1a: Mega Magneton|0 fnt
|faint|p1a: Mega Magneton
|-end|p1a: Mega Magneton|Protosynthesis|[silent]
|
|win|PepeNike
|raw|karmasiren's rating: 1473 &rarr; <strong>1454</strong><br />(-19 for losing)
|raw|PepeNike's rating: 1499 &rarr; <strong>1518</strong><br />(+19 for winning)
|l|☆karmasiren
|player|p1|
|l|☆PepeNike
|player|p2|
|l| navigatorxdd
