|j|☆okavi
|j|☆SrBruno119
|t:|1779835554
|gametype|singles
|player|p1|okavi|doubleteam|1040
|player|p2|SrBruno119|102|1015
|gen|9
|tier|[Gen 9] OU
|rated|
|rule|HP Percentage Mod: HP is shown in percentages
|rule|Endless Battle Clause: Forcing endless battles is banned
|rule|Species Clause: Limit one of each Pokémon
|rule|OHKO Clause: OHKO moves are banned
|rule|Evasion Items Clause: Evasion items are banned
|rule|Evasion Moves Clause: Evasion moves are banned
|rule|Evasion Abilities Clause: Evasion abilities are banned
|rule|Sleep Moves Clause: Sleep-inducing moves are banned
|clearpoke
|poke|p1|Mandibuzz, F|
|poke|p1|Goodra-Hisui, M|
|poke|p1|Registeel|
|poke|p1|Jumpluff, M|
|poke|p1|Vaporeon, F|
|poke|p1|Mudsdale, M|
|poke|p2|Great Tusk|
|poke|p2|Kingambit, F|
|poke|p2|Ogerpon-Wellspring, F|
|poke|p2|Dragapult, M|
|poke|p2|Slowking-Galar, M|
|poke|p2|Corviknight, M|
|teampreview
|
|t:|1779835571
|teamsize|p1|6
|teamsize|p2|6
|start
|switch|p1a: Goodra|Goodra-Hisui, M|100/100
|switch|p2a: Great Tusk|Great Tusk|100/100
|turn|1
|inactive|Battle timer is ON: inactive players will automatically lose when time's up. (requested by okavi)
|
|t:|1779835586
|switch|p1a: Mandibuzz|Mandibuzz, F|100/100
|move|p2a: Great Tusk|Stealth Rock|p1a: Mandibuzz
|-sidestart|p1: okavi|move: Stealth Rock
|
|upkeep
|turn|2
|
|t:|1779835605
|-end|p2a: Great Tusk|Protosynthesis|[silent]
|switch|p2a: Corviknight|Corviknight, M|100/100
|-ability|p2a: Corviknight|Pressure
|move|p1a: Mandibuzz|Toxic|p2a: Corviknight
|-immune|p2a: Corviknight
|
|upkeep
|turn|3
|
|t:|1779835617
|move|p1a: Mandibuzz|Defog|p2a: Corviknight
|-unboost|p2a: Corviknight|evasion|1
|-sideend|p1: okavi|Stealth Rock|[from] move: Defog|[of] p1a: Mandibuzz
|move|p2a: Corviknight|Body Press|p1a: Mandibuzz
|-damage|p1a: Mandibuzz|87/100
|
|upkeep
|turn|4
|
|t:|1779835625
|move|p1a: Mandibuzz|Foul Play|p2a: Corviknight
|-damage|p2a: Corviknight|83/100
|-damage|p1a: Mandibuzz|70/100|[from] item: Rocky Helmet|[of] p2a: Corviknight
|move|p2a: Corviknight|U-turn|p1a: Mandibuzz
|-damage|p1a: Mandibuzz|62/100
|
|t:|1779835647
|switch|p2a: Kingambit|Kingambit, F|100/100|[from] U-turn
|
|upkeep
|turn|5
|
|t:|1779835654
|switch|p1a: Mudsdale|Mudsdale, M|100/100
|move|p2a: Kingambit|Swords Dance|p2a: Kingambit
|-boost|p2a: Kingambit|atk|2
|
|upkeep
|turn|6
|inactive|SrBruno119 has 120 seconds left.
|
|t:|1779835682
|-end|p2a: Kingambit|fallenundefined|[silent]
|switch|p2a: Corviknight|Corviknight, M|83/100
|-ability|p2a: Corviknight|Pressure
|move|p1a: Mudsdale|Body Press|p2a: Corviknight
|-damage|p2a: Corviknight|66/100
|-damage|p1a: Mudsdale|84/100|[from] item: Rocky Helmet|[of] p2a: Corviknight
|
|upkeep
|turn|7
|inactive|SrBruno119 has 120 seconds left.
|
|t:|1779835689
|switch|p1a: Mandibuzz|Mandibuzz, F|62/100
|move|p2a: Corviknight|Roost|p2a: Corviknight
|-heal|p2a: Corviknight|100/100
|-singleturn|p2a: Corviknight|move: Roost
|
|upkeep
|turn|8
|
|t:|1779835693
|move|p1a: Mandibuzz|Roost|p1a: Mandibuzz
|-heal|p1a: Mandibuzz|100/100
|-singleturn|p1a: Mandibuzz|move: Roost
|move|p2a: Corviknight|U-turn|p1a: Mandibuzz
|-supereffective|p1a: Mandibuzz
|-damage|p1a: Mandibuzz|83/100
|
|t:|1779835702
|switch|p2a: Great Tusk|Great Tusk|100/100|[from] U-turn
|
|upkeep
|turn|9
|
|t:|1779835718
|-end|p2a: Great Tusk|Protosynthesis|[silent]
|switch|p2a: Kingambit|Kingambit, F|100/100
|move|p1a: Mandibuzz|Toxic|p2a: Kingambit
|-immune|p2a: Kingambit
|
|upkeep
|turn|10
|
|t:|1779835725
|switch|p1a: Mudsdale|Mudsdale, M|84/100
|move|p2a: Kingambit|Kowtow Cleave|p1a: Mudsdale
|-damage|p1a: Mudsdale|45/100
|-damage|p2a: Kingambit|84/100|[from] item: Rocky Helmet|[of] p1a: Mudsdale
|-ability|p1a: Mudsdale|Stamina|boost
|-boost|p1a: Mudsdale|def|1
|
|upkeep
|turn|11
|inactive|SrBruno119 has 120 seconds left.
|
|t:|1779835746
|-end|p2a: Kingambit|fallenundefined|[silent]
|switch|p2a: Great Tusk|Great Tusk|100/100
|move|p1a: Mudsdale|Stealth Rock|p2a: Great Tusk
|-sidestart|p2: SrBruno119|move: Stealth Rock
|
|upkeep
|turn|12
|
|t:|1779835755
|switch|p1a: Vaporeon|Vaporeon, F|100/100
|move|p2a: Great Tusk|Earthquake|p1a: Vaporeon
|-damage|p1a: Vaporeon|54/100
|
|-heal|p1a: Vaporeon|60/100|[from] item: Leftovers
|upkeep
|turn|13
|
|t:|1779835765
|-end|p2a: Great Tusk|Protosynthesis|[silent]
|switch|p2a: Ogerpon|Ogerpon-Wellspring, F|100/100
|-damage|p2a: Ogerpon|88/100|[from] Stealth Rock
|move|p1a: Vaporeon|Wish|p1a: Vaporeon
|
|-heal|p1a: Vaporeon|66/100|[from] item: Leftovers
|upkeep
|turn|14
|
|t:|1779835783
|switch|p1a: Mandibuzz|Mandibuzz, F|83/100
|move|p2a: Ogerpon|Power Whip|p1a: Mandibuzz
|-resisted|p1a: Mandibuzz
|-damage|p1a: Mandibuzz|63/100
|
|-heal|p1a: Mandibuzz|100/100|[from] move: Wish|[wisher] Vaporeon
|upkeep
|turn|15
|
|t:|1779835795
|switch|p1a: Goodra|Goodra-Hisui, M|100/100
|move|p2a: Ogerpon|U-turn|p1a: Goodra
|-resisted|p1a: Goodra
|-damage|p1a: Goodra|88/100
|
|t:|1779835801
|switch|p2a: Great Tusk|Great Tusk|100/100|[from] U-turn
|-damage|p2a: Great Tusk|98/100|[from] Stealth Rock
|
|-heal|p2a: Great Tusk|100/100|[from] item: Leftovers
|upkeep
|turn|16
|
|t:|1779835805
|switch|p1a: Mandibuzz|Mandibuzz, F|100/100
|move|p2a: Great Tusk|Rapid Spin|p1a: Mandibuzz
|-damage|p1a: Mandibuzz|92/100
|-boost|p2a: Great Tusk|spe|1
|-sideend|p2: SrBruno119|Stealth Rock|[from] move: Rapid Spin|[of] p2a: Great Tusk
|
|upkeep
|turn|17
|
|t:|1779835830
|-end|p2a: Great Tusk|Protosynthesis|[silent]
|switch|p2a: Kingambit|Kingambit, F|84/100
|move|p1a: Mandibuzz|Toxic|p2a: Kingambit
|-immune|p2a: Kingambit
|
|upkeep
|turn|18
|
|t:|1779835835
|switch|p1a: Registeel|Registeel, shiny|100/100
|move|p2a: Kingambit|Swords Dance|p2a: Kingambit
|-boost|p2a: Kingambit|atk|2
|
|upkeep
|turn|19
|
|t:|1779835843
|move|p2a: Kingambit|Kowtow Cleave|p1a: Registeel
|-damage|p1a: Registeel|27/100
|move|p1a: Registeel|Body Press|p2a: Kingambit
|-supereffective|p2a: Kingambit
|-damage|p2a: Kingambit|0 fnt
|faint|p2a: Kingambit
|-end|p2a: Kingambit|fallenundefined|[silent]
|
|-heal|p1a: Registeel|33/100|[from] item: Leftovers
|upkeep
|
|t:|1779835852
|switch|p2a: Dragapult|Dragapult, M|100/100
|turn|20
|
|t:|1779835855
|move|p2a: Dragapult|Flamethrower|p1a: Registeel
|-supereffective|p1a: Registeel
|-damage|p1a: Registeel|0 fnt
|faint|p1a: Registeel
|
|upkeep
|
|t:|1779835858
|switch|p1a: Vaporeon|Vaporeon, F|66/100
|turn|21
|
|t:|1779835867
|switch|p2a: Ogerpon|Ogerpon-Wellspring, F|88/100
|move|p1a: Vaporeon|Wish|p1a: Vaporeon
|
|-heal|p1a: Vaporeon|72/100|[from] item: Leftovers
|upkeep
|turn|22
|
|t:|1779835879
|switch|p1a: Goodra|Goodra-Hisui, M|88/100
|move|p2a: Ogerpon|Encore||[still]
|-fail|p2a: Ogerpon
|
|-heal|p1a: Goodra|100/100|[from] move: Wish|[wisher] Vaporeon
|upkeep
|turn|23
|
|t:|1779835886
|move|p2a: Ogerpon|Ivy Cudgel|p1a: Goodra|[anim] Ivy Cudgel Water
|-resisted|p1a: Goodra
|-damage|p1a: Goodra|71/100
|move|p1a: Goodra|Draco Meteor|p2a: Ogerpon
|-damage|p2a: Ogerpon|15/100
|-unboost|p1a: Goodra|spa|2
|
|upkeep
|turn|24
|
|t:|1779835908
|move|p2a: Ogerpon|U-turn|p1a: Goodra
|-resisted|p1a: Goodra
|-damage|p1a: Goodra|57/100
|
|t:|1779835918
|switch|p2a: Slowking|Slowking-Galar, M|100/100|[from] U-turn
|move|p1a: Goodra|Draco Meteor|p2a: Slowking
|-damage|p2a: Slowking|88/100
|-unboost|p1a: Goodra|spa|2
|
|upkeep
|turn|25
|
|t:|1779835932
|switch|p1a: Vaporeon|Vaporeon, F|72/100
|move|p2a: Slowking|Future Sight|p1a: Vaporeon
|-start|p2a: Slowking|move: Future Sight
|
|-heal|p1a: Vaporeon|78/100|[from] item: Leftovers
|upkeep
|turn|26
|
|t:|1779835937
|move|p1a: Vaporeon|Wish|p1a: Vaporeon
|move|p2a: Slowking|Sludge Bomb|p1a: Vaporeon
|-damage|p1a: Vaporeon|56/100
|-status|p1a: Vaporeon|psn
|
|-heal|p1a: Vaporeon|62/100 psn|[from] item: Leftovers
|-damage|p1a: Vaporeon|50/100 psn|[from] psn
|upkeep
|turn|27
|
|t:|1779835943
|switch|p2a: Ogerpon|Ogerpon-Wellspring, F|15/100
|move|p1a: Vaporeon|Flip Turn|p2a: Ogerpon
|-heal|p2a: Ogerpon|40/100|[from] ability: Water Absorb|[of] p1a: Vaporeon
|
|-end|p1a: Vaporeon|move: Future Sight
|-damage|p1a: Vaporeon|23/100 psn
|-heal|p1a: Vaporeon|73/100 psn|[from] move: Wish|[wisher] Vaporeon
|-heal|p1a: Vaporeon|79/100 psn|[from] item: Leftovers
|-damage|p1a: Vaporeon|67/100 psn|[from] psn
|upkeep
|turn|28
|
|t:|1779835954
|switch|p1a: Goodra|Goodra-Hisui, M|57/100
|move|p2a: Ogerpon|Encore||[still]
|-fail|p2a: Ogerpon
|
|upkeep
|turn|29
|
|t:|1779835973
|move|p2a: Ogerpon|U-turn|p1a: Goodra
|-resisted|p1a: Goodra
|-damage|p1a: Goodra|44/100
|
|t:|1779835977
|switch|p2a: Slowking|Slowking-Galar, M|100/100|[from] U-turn
|move|p1a: Goodra|Flash Cannon|p2a: Slowking
|-damage|p2a: Slowking|85/100
|
|upkeep
|turn|30
|
|t:|1779835996
|move|p1a: Goodra|Draco Meteor|p2a: Slowking
|-damage|p2a: Slowking|57/100
|-unboost|p1a: Goodra|spa|2
|move|p2a: Slowking|Sludge Bomb|p1a: Goodra
|-immune|p1a: Goodra
|
|upkeep
|turn|31
|
|t:|1779836002
|switch|p1a: Vaporeon|Vaporeon, F|67/100 psn
|switch|p2a: Great Tusk|Great Tusk|100/100
|
|-heal|p1a: Vaporeon|73/100 psn|[from] item: Leftovers
|-damage|p1a: Vaporeon|61/100 psn|[from] psn
|upkeep
|turn|32
|
|t:|1779836008
|-end|p2a: Great Tusk|Protosynthesis|[silent]
|switch|p2a: Dragapult|Dragapult, M|100/100
|switch|p1a: Mandibuzz|Mandibuzz, F|92/100
|
|upkeep
|turn|33
|
|t:|1779836013
|move|p2a: Dragapult|Draco Meteor|p1a: Mandibuzz
|-damage|p1a: Mandibuzz|17/100
|-unboost|p2a: Dragapult|spa|2
|move|p1a: Mandibuzz|Toxic|p2a: Dragapult|[miss]
|-miss|p1a: Mandibuzz|p2a: Dragapult
|
|upkeep
|turn|34
|
|t:|1779836022
|switch|p1a: Vaporeon|Vaporeon, F|61/100 psn
|move|p2a: Dragapult|Draco Meteor|p1a: Vaporeon
|-damage|p1a: Vaporeon|35/100 psn
|-unboost|p2a: Dragapult|spa|2
|
|-heal|p1a: Vaporeon|41/100 psn|[from] item: Leftovers
|-damage|p1a: Vaporeon|29/100 psn|[from] psn
|upkeep
|turn|35
|
|t:|1779836029
|switch|p2a: Ogerpon|Ogerpon-Wellspring, F|40/100
|move|p1a: Vaporeon|Wish|p1a: Vaporeon
|
|-heal|p1a: Vaporeon|35/100 psn|[from] item: Leftovers
|-damage|p1a: Vaporeon|23/100 psn|[from] psn
|upkeep
|turn|36
|
|t:|1779836033
|move|p1a: Vaporeon|Protect|p1a: Vaporeon
|-singleturn|p1a: Vaporeon|Protect
|move|p2a: Ogerpon|Power Whip|p1a: Vaporeon
|-activate|p1a: Vaporeon|move: Protect
|
|-heal|p1a: Vaporeon|73/100 psn|[from] move: Wish|[wisher] Vaporeon
|-heal|p1a: Vaporeon|79/100 psn|[from] item: Leftovers
|-damage|p1a: Vaporeon|66/100 psn|[from] psn
|upkeep
|turn|37
|
|t:|1779836041
|switch|p1a: Goodra|Goodra-Hisui, M|44/100
|move|p2a: Ogerpon|Encore||[still]
|-fail|p2a: Ogerpon
|
|upkeep
|turn|38
|
|t:|1779836047
|switch|p2a: Great Tusk|Great Tusk|100/100
|move|p1a: Goodra|Draco Meteor|p2a: Great Tusk|[miss]
|-miss|p1a: Goodra|p2a: Great Tusk
|
|upkeep
|turn|39
|
|t:|1779836053
|switch|p1a: Jumpluff|Jumpluff, M, shiny|100/100
|move|p2a: Great Tusk|Knock Off|p1a: Jumpluff
|-damage|p1a: Jumpluff|59/100
|-enditem|p1a: Jumpluff|Toxic Orb|[from] move: Knock Off|[of] p2a: Great Tusk
|
|upkeep
|turn|40
|
|t:|1779836065
|-end|p2a: Great Tusk|Protosynthesis|[silent]
|switch|p2a: Corviknight|Corviknight, M|100/100
|-ability|p2a: Corviknight|Pressure
|move|p1a: Jumpluff|Leech Seed|p2a: Corviknight
|-start|p2a: Corviknight|move: Leech Seed
|
|-damage|p2a: Corviknight|88/100|[from] Leech Seed|[of] p1a: Jumpluff
|-heal|p1a: Jumpluff|74/100|[silent]
|upkeep
|turn|41
|
|t:|1779836075
|switch|p1a: Vaporeon|Vaporeon, F|66/100 psn
|move|p2a: Corviknight|Brave Bird|p1a: Vaporeon
|-damage|p1a: Vaporeon|30/100 psn
|-damage|p2a: Corviknight|74/100|[from] Recoil
|
|-heal|p1a: Vaporeon|36/100 psn|[from] item: Leftovers
|-damage|p2a: Corviknight|62/100|[from] Leech Seed|[of] p1a: Vaporeon
|-heal|p1a: Vaporeon|47/100 psn|[silent]
|-damage|p1a: Vaporeon|35/100 psn|[from] psn
|upkeep
|turn|42
|
|t:|1779836093
|move|p2a: Corviknight|Roost|p2a: Corviknight
|-heal|p2a: Corviknight|100/100
|-singleturn|p2a: Corviknight|move: Roost
|move|p1a: Vaporeon|Wish|p1a: Vaporeon
|
|-heal|p1a: Vaporeon|41/100 psn|[from] item: Leftovers
|-damage|p2a: Corviknight|88/100|[from] Leech Seed|[of] p1a: Vaporeon
|-heal|p1a: Vaporeon|51/100 psn|[silent]
|-damage|p1a: Vaporeon|39/100 psn|[from] psn
|upkeep
|turn|43
|
|t:|1779836099
|move|p1a: Vaporeon|Protect|p1a: Vaporeon
|-singleturn|p1a: Vaporeon|Protect
|move|p2a: Corviknight|U-turn|p1a: Vaporeon
|-activate|p1a: Vaporeon|move: Protect
|
|-heal|p1a: Vaporeon|89/100 psn|[from] move: Wish|[wisher] Vaporeon
|-heal|p1a: Vaporeon|95/100 psn|[from] item: Leftovers
|-damage|p2a: Corviknight|75/100|[from] Leech Seed|[of] p1a: Vaporeon
|-heal|p1a: Vaporeon|100/100 psn|[silent]
|-damage|p1a: Vaporeon|88/100 psn|[from] psn
|upkeep
|turn|44
|
|t:|1779836104
|move|p2a: Corviknight|U-turn|p1a: Vaporeon
|-damage|p1a: Vaporeon|73/100 psn
|
|t:|1779836110
|switch|p2a: Ogerpon|Ogerpon-Wellspring, F|40/100|[from] U-turn
|move|p1a: Vaporeon|Wish|p1a: Vaporeon
|
|-heal|p1a: Vaporeon|79/100 psn|[from] item: Leftovers
|-damage|p1a: Vaporeon|67/100 psn|[from] psn
|upkeep
|turn|45
|
|t:|1779836117
|switch|p1a: Goodra|Goodra-Hisui, M|44/100
|move|p2a: Ogerpon|Encore||[still]
|-fail|p2a: Ogerpon
|
|-heal|p1a: Goodra|100/100|[from] move: Wish|[wisher] Vaporeon
|upkeep
|turn|46
|
|t:|1779836127
|move|p2a: Ogerpon|U-turn|p1a: Goodra
|-resisted|p1a: Goodra
|-damage|p1a: Goodra|87/100
|
|t:|1779836131
|switch|p2a: Slowking|Slowking-Galar, M|90/100|[from] U-turn
|move|p1a: Goodra|Draco Meteor|p2a: Slowking
|-damage|p2a: Slowking|66/100
|-unboost|p1a: Goodra|spa|2
|
|upkeep
|turn|47
|
|t:|1779836154
|switch|p1a: Vaporeon|Vaporeon, F|67/100 psn
|move|p2a: Slowking|Future Sight|p1a: Vaporeon
|-start|p2a: Slowking|move: Future Sight
|
|-heal|p1a: Vaporeon|73/100 psn|[from] item: Leftovers
|-damage|p1a: Vaporeon|60/100 psn|[from] psn
|upkeep
|turn|48
|
|t:|1779836160
|move|p1a: Vaporeon|Wish|p1a: Vaporeon
|move|p2a: Slowking|Sludge Bomb|p1a: Vaporeon
|-damage|p1a: Vaporeon|39/100 psn
|
|-heal|p1a: Vaporeon|45/100 psn|[from] item: Leftovers
|-damage|p1a: Vaporeon|33/100 psn|[from] psn
|upkeep
|turn|49
|
|t:|1779836173
|switch|p1a: Mandibuzz|Mandibuzz, F|17/100
|switch|p2a: Dragapult|Dragapult, M|100/100
|
|-end|p1a: Mandibuzz|move: Future Sight
|-immune|p1a: Mandibuzz
|-heal|p1a: Mandibuzz|71/100|[from] move: Wish|[wisher] Vaporeon
|upkeep
|turn|50
|
|t:|1779836198
|move|p2a: Dragapult|Flamethrower|p1a: Mandibuzz
|-damage|p1a: Mandibuzz|41/100
|move|p1a: Mandibuzz|Foul Play|p2a: Dragapult
|-supereffective|p2a: Dragapult
|-crit|p2a: Dragapult
|-damage|p2a: Dragapult|0 fnt
|faint|p2a: Dragapult
|
|upkeep
|
|t:|1779836204
|switch|p2a: Great Tusk|Great Tusk|100/100
|turn|51
|
|t:|1779836212
|move|p2a: Great Tusk|Knock Off|p1a: Mandibuzz
|-resisted|p1a: Mandibuzz
|-damage|p1a: Mandibuzz|33/100
|-enditem|p1a: Mandibuzz|Heavy-Duty Boots|[from] move: Knock Off|[of] p2a: Great Tusk
|move|p1a: Mandibuzz|Roost|p1a: Mandibuzz
|-heal|p1a: Mandibuzz|83/100
|-singleturn|p1a: Mandibuzz|move: Roost
|
|upkeep
|turn|52
|
|t:|1779836216
|move|p2a: Great Tusk|Stealth Rock|p1a: Mandibuzz
|-sidestart|p1: okavi|move: Stealth Rock
|move|p1a: Mandibuzz|Toxic|p2a: Great Tusk
|-status|p2a: Great Tusk|tox
|
|-damage|p2a: Great Tusk|94/100 tox|[from] psn
|upkeep
|turn|53
|
|t:|1779836221
|move|p2a: Great Tusk|Rapid Spin|p1a: Mandibuzz
|-damage|p1a: Mandibuzz|75/100
|-boost|p2a: Great Tusk|spe|1
|move|p1a: Mandibuzz|Defog|p2a: Great Tusk
|-unboost|p2a: Great Tusk|evasion|1
|-sideend|p1: okavi|Stealth Rock|[from] move: Defog|[of] p1a: Mandibuzz
|
|-heal|p2a: Great Tusk|100/100 tox|[from] item: Leftovers
|-damage|p2a: Great Tusk|88/100 tox|[from] psn
|upkeep
|turn|54
|
|t:|1779836229
|-end|p2a: Great Tusk|Protosynthesis|[silent]
|switch|p2a: Ogerpon|Ogerpon-Wellspring, F|40/100
|move|p1a: Mandibuzz|Foul Play|p2a: Ogerpon
|-damage|p2a: Ogerpon|0 fnt
|faint|p2a: Ogerpon
|
|upkeep
|
|t:|1779836231
|switch|p2a: Corviknight|Corviknight, M|75/100
|-ability|p2a: Corviknight|Pressure
|turn|55
|
|t:|1779836239
|switch|p1a: Jumpluff|Jumpluff, M, shiny|74/100
|-terastallize|p2a: Corviknight|Dragon
|move|p2a: Corviknight|Body Press|p1a: Jumpluff
|-resisted|p1a: Jumpluff
|-damage|p1a: Jumpluff|55/100
|
|upkeep
|turn|56
|
|t:|1779836248
|-terastallize|p1a: Jumpluff|Fairy
|move|p1a: Jumpluff|Leech Seed|p2a: Corviknight
|-start|p2a: Corviknight|move: Leech Seed
|move|p2a: Corviknight|Brave Bird|p1a: Jumpluff
|-damage|p1a: Jumpluff|1/100
|-damage|p2a: Corviknight|61/100|[from] Recoil
|
|-damage|p2a: Corviknight|48/100|[from] Leech Seed|[of] p1a: Jumpluff
|-heal|p1a: Jumpluff|16/100|[silent]
|upkeep
|turn|57
|
|t:|1779836260
|switch|p1a: Goodra|Goodra-Hisui, M|87/100
|move|p2a: Corviknight|Brave Bird|p1a: Goodra
|-resisted|p1a: Goodra
|-damage|p1a: Goodra|71/100
|-damage|p2a: Corviknight|43/100|[from] Recoil
|
|-damage|p2a: Corviknight|31/100|[from] Leech Seed|[of] p1a: Goodra
|-heal|p1a: Goodra|85/100|[silent]
|upkeep
|turn|58
|
|t:|1779836273
|move|p2a: Corviknight|Roost|p2a: Corviknight
|-heal|p2a: Corviknight|81/100
|move|p1a: Goodra|Surf|p2a: Corviknight
|-resisted|p2a: Corviknight
|-damage|p2a: Corviknight|68/100
|
|-damage|p2a: Corviknight|56/100|[from] Leech Seed|[of] p1a: Goodra
|-heal|p1a: Goodra|99/100|[silent]
|upkeep
|turn|59
|
|t:|1779836278
|move|p2a: Corviknight|Roost|p2a: Corviknight
|-heal|p2a: Corviknight|100/100
|move|p1a: Goodra|Draco Meteor|p2a: Corviknight
|-supereffective|p2a: Corviknight
|-damage|p2a: Corviknight|0 fnt
|-unboost|p1a: Goodra|spa|2
|faint|p2a: Corviknight
|
|upkeep
|
|t:|1779836282
|switch|p2a: Slowking|Slowking-Galar, M|99/100
|turn|60
|
|t:|1779836286
|switch|p1a: Mandibuzz|Mandibuzz, F|75/100
|move|p2a: Slowking|Surf|p1a: Mandibuzz
|-damage|p1a: Mandibuzz|57/100
|
|upkeep
|turn|61
|-message|SrBruno119 forfeited.
|
|win|okavi
|raw|okavi's rating: 1040 &rarr; <strong>1072</strong><br />(+32 for winning)
|raw|SrBruno119's rating: 1015 &rarr; <strong>1004</strong><br />(-11 for losing)
|l|☆SrBruno119
|player|p2|
