|badge|p2|bronze|gen9ubers|100-9
|uhtml|medal-msg|<div class="broadcast-blue">Curious what those medals under the avatar are? PS now has Ladder Seasons! For more information, check out the <a href="https://www.smogon.com/forums/threads/3740067/">thread on Smogon.</a></div>
|j|☆nnnn5555
|j|☆alexander90281
|t:|1779893243
|gametype|singles
|player|p1|nnnn5555|101|1695
|player|p2|alexander90281|tateandliza-gen3|1666
|gen|9
|tier|[Gen 9] OU
|rated|
|rule|HP Percentage Mod: HP is shown in percentages
|rule|Endless Battle Clause: Forcing endless battles is banned
|rule|Species Clause: Limit one of each Pokémon
|rule|OHKO Clause: OHKO moves are banned
|rule|Evasion Items Clause: Evasion items are banned
|rule|Evasion Moves Clause: Evasion moves are banned
|rule|Evasion Abilities Clause: Evasion abilities are banned
|rule|Sleep Moves Clause: Sleep-inducing moves are banned
|clearpoke
|poke|p1|Scizor, M|
|poke|p1|Dragapult, M|
|poke|p1|Rotom-Wash|
|poke|p1|Slowking-Galar, M|
|poke|p1|Kingambit, M|
|poke|p1|Great Tusk|
|poke|p2|Mimikyu, M|
|poke|p2|Hatterene, F|
|poke|p2|Ursaluna, F|
|poke|p2|Kyurem|
|poke|p2|Kingambit, M|
|poke|p2|Raging Bolt|
|teampreview
|
|t:|1779893279
|teamsize|p1|6
|teamsize|p2|6
|start
|switch|p1a: The Brain|Slowking-Galar, M, shiny|100/100
|switch|p2a: Hatterene|Hatterene, F|100/100
|turn|1
|j| dante1310
|
|t:|1779893330
|switch|p2a: Ursaluna|Ursaluna, F|100/100
|move|p1a: The Brain|Sludge Bomb|p2a: Ursaluna
|-resisted|p2a: Ursaluna
|-damage|p2a: Ursaluna|86/100
|
|-status|p2a: Ursaluna|brn|[from] item: Flame Orb
|upkeep
|turn|2
|
|t:|1779893341
|switch|p1a: The Clean Up|Rotom-Wash|100/100
|move|p2a: Ursaluna|Facade|p1a: The Clean Up
|-damage|p1a: The Clean Up|0 fnt
|faint|p1a: The Clean Up
|
|-damage|p2a: Ursaluna|80/100 brn|[from] brn
|upkeep
|
|t:|1779893349
|switch|p1a: The Muscle|Great Tusk|100/100
|turn|3
|
|t:|1779893371
|move|p1a: The Muscle|Headlong Rush|p2a: Ursaluna
|-damage|p2a: Ursaluna|36/100 brn
|-unboost|p1a: The Muscle|def|1
|-unboost|p1a: The Muscle|spd|1
|move|p2a: Ursaluna|Facade|p1a: The Muscle
|-damage|p1a: The Muscle|0 fnt
|faint|p1a: The Muscle
|-end|p1a: The Muscle|Protosynthesis|[silent]
|
|-damage|p2a: Ursaluna|30/100 brn|[from] brn
|upkeep
|
|t:|1779893385
|switch|p1a: The Hitman|Scizor, M|100/100
|turn|4
|
|t:|1779893397
|switch|p2a: Kyurem|Kyurem|100/100
|-ability|p2a: Kyurem|Pressure
|move|p1a: The Hitman|U-turn|p2a: Kyurem
|-damage|p2a: Kyurem|44/100
|
|t:|1779893414
|switch|p1a: The Brain|Slowking-Galar, M, shiny|100/100|[from] U-turn
|
|upkeep
|turn|5
|
|t:|1779893418
|move|p2a: Kyurem|Icicle Spear|p1a: The Brain
|-damage|p1a: The Brain|87/100
|-damage|p1a: The Brain|73/100
|-damage|p1a: The Brain|60/100
|-damage|p1a: The Brain|48/100
|-damage|p1a: The Brain|34/100
|-hitcount|p1a: The Brain|5
|-prepare|p1a: The Brain|Chilly Reception|[premajor]
|move|p1a: The Brain|Chilly Reception|p1a: The Brain
|-weather|Snowscape
|
|t:|1779893428
|switch|p1a: The Hitman|Scizor, M|100/100|[from] Chilly Reception
|
|-weather|Snowscape|[upkeep]
|upkeep
|turn|6
|
|t:|1779893442
|move|p2a: Kyurem|Freeze-Dry|p1a: The Hitman
|-resisted|p1a: The Hitman
|-damage|p1a: The Hitman|79/100
|move|p1a: The Hitman|U-turn|p2a: Kyurem
|-damage|p2a: Kyurem|3/100
|
|t:|1779893451
|switch|p1a: The Fixer|Dragapult, M, shiny|100/100|[from] U-turn
|
|-weather|Snowscape|[upkeep]
|upkeep
|turn|7
|
|t:|1779893457
|move|p1a: The Fixer|Hex|p2a: Kyurem
|-damage|p2a: Kyurem|0 fnt
|faint|p2a: Kyurem
|
|-weather|Snowscape|[upkeep]
|upkeep
|
|t:|1779893460
|switch|p2a: Hatterene|Hatterene, F|100/100
|turn|8
|
|t:|1779893468
|switch|p1a: The Brain|Slowking-Galar, M, shiny|67/100
|move|p2a: Hatterene|Trick Room|p2a: Hatterene
|-fieldstart|move: Trick Room|[of] p2a: Hatterene
|
|-weather|Snowscape|[upkeep]
|upkeep
|turn|9
|
|t:|1779893473
|move|p2a: Hatterene|Healing Wish|p2a: Hatterene
|faint|p2a: Hatterene
|move|p1a: The Brain|Future Sight|p2: Hatterene
|-start|p1a: The Brain|move: Future Sight
|
|-weather|none
|upkeep
|
|t:|1779893477
|switch|p2a: Kingambit|Kingambit, M|100/100
|-activate|p2a: Kingambit|ability: Supreme Overlord
|-start|p2a: Kingambit|fallen2|[silent]
|turn|10
|
|t:|1779893490
|-prepare|p1a: The Brain|Chilly Reception|[premajor]
|move|p1a: The Brain|Chilly Reception|p1a: The Brain
|-weather|Snowscape
|
|t:|1779893511
|switch|p1a: The Fixer|Dragapult, M, shiny|100/100|[from] Chilly Reception
|move|p2a: Kingambit|Kowtow Cleave|p1a: The Fixer
|-supereffective|p1a: The Fixer
|-damage|p1a: The Fixer|0 fnt
|faint|p1a: The Fixer
|
|-weather|Snowscape|[upkeep]
|upkeep
|
|t:|1779893524
|switch|p1a: The Hitman|Scizor, M|79/100
|turn|11
|
|t:|1779893532
|move|p2a: Kingambit|Kowtow Cleave|p1a: The Hitman
|-damage|p1a: The Hitman|4/100
|move|p1a: The Hitman|U-turn|p2a: Kingambit
|-damage|p2a: Kingambit|58/100
|
|t:|1779893537
|switch|p1a: The Boss|Kingambit, M|100/100|[from] U-turn
|-activate|p1a: The Boss|ability: Supreme Overlord
|-start|p1a: The Boss|fallen3|[silent]
|
|-weather|Snowscape|[upkeep]
|-end|p2a: Kingambit|move: Future Sight
|-immune|p2a: Kingambit
|upkeep
|turn|12
|
|t:|1779893544
|move|p2a: Kingambit|Kowtow Cleave|p1a: The Boss
|-resisted|p1a: The Boss
|-damage|p1a: The Boss|72/100
|move|p1a: The Boss|Swords Dance|p1a: The Boss
|-boost|p1a: The Boss|atk|2
|
|-weather|Snowscape|[upkeep]
|-heal|p1a: The Boss|78/100|[from] item: Leftovers
|-fieldend|move: Trick Room
|upkeep
|turn|13
|
|t:|1779893557
|move|p1a: The Boss|Kowtow Cleave|p2a: Kingambit
|-resisted|p2a: Kingambit
|-damage|p2a: Kingambit|12/100
|move|p2a: Kingambit|Kowtow Cleave|p1a: The Boss
|-resisted|p1a: The Boss
|-damage|p1a: The Boss|49/100
|
|-weather|Snowscape|[upkeep]
|-heal|p1a: The Boss|56/100|[from] item: Leftovers
|upkeep
|turn|14
|
|t:|1779893578
|move|p1a: The Boss|Kowtow Cleave|p2a: Kingambit
|-resisted|p2a: Kingambit
|-damage|p2a: Kingambit|0 fnt
|faint|p2a: Kingambit
|-end|p2a: Kingambit|fallen2|[silent]
|
|-weather|none
|-heal|p1a: The Boss|62/100|[from] item: Leftovers
|upkeep
|
|t:|1779893582
|switch|p2a: Mimikyu|Mimikyu, M|100/100
|turn|15
|
|t:|1779893594
|move|p2a: Mimikyu|Curse|p1a: The Boss
|-start|p1a: The Boss|Curse|[of] p2a: Mimikyu
|-damage|p2a: Mimikyu|50/100
|move|p1a: The Boss|Kowtow Cleave|p2a: Mimikyu
|-activate|p2a: Mimikyu|ability: Disguise
|-damage|p2a: Mimikyu|50/100
|detailschange|p2a: Mimikyu|Mimikyu-Busted, M
|-damage|p2a: Mimikyu|38/100|[from] pokemon: Mimikyu-Busted
|
|-heal|p1a: The Boss|68/100|[from] item: Leftovers
|-damage|p1a: The Boss|43/100|[from] Curse
|upkeep
|turn|16
|
|t:|1779893644
|move|p2a: Mimikyu|Protect|p2a: Mimikyu
|-singleturn|p2a: Mimikyu|Protect
|move|p1a: The Boss|Kowtow Cleave|p2a: Mimikyu
|-activate|p2a: Mimikyu|move: Protect
|
|-heal|p1a: The Boss|49/100|[from] item: Leftovers
|-damage|p1a: The Boss|24/100|[from] Curse
|upkeep
|turn|17
|
|t:|1779893656
|move|p1a: The Boss|Kowtow Cleave|p2a: Mimikyu
|-damage|p2a: Mimikyu|0 fnt
|faint|p2a: Mimikyu
|
|-heal|p1a: The Boss|30/100|[from] item: Leftovers
|-damage|p1a: The Boss|5/100|[from] Curse
|upkeep
|
|t:|1779893662
|switch|p2a: Raging Bolt|Raging Bolt|100/100
|-enditem|p2a: Raging Bolt|Booster Energy
|-activate|p2a: Raging Bolt|ability: Protosynthesis|[fromitem]
|-start|p2a: Raging Bolt|protosynthesisspa
|turn|18
|
|t:|1779893667
|move|p2a: Raging Bolt|Thunderclap|p1a: The Boss
|-damage|p1a: The Boss|0 fnt
|faint|p1a: The Boss
|-end|p1a: The Boss|fallen3|[silent]
|
|upkeep
|
|t:|1779893670
|switch|p1a: The Brain|Slowking-Galar, M, shiny|99/100
|turn|19
|
|t:|1779893675
|move|p2a: Raging Bolt|Calm Mind|p2a: Raging Bolt
|-boost|p2a: Raging Bolt|spa|1
|-boost|p2a: Raging Bolt|spd|1
|move|p1a: The Brain|Psyshock|p2a: Raging Bolt
|-damage|p2a: Raging Bolt|75/100
|
|upkeep
|turn|20
|
|t:|1779893681
|move|p2a: Raging Bolt|Thunderbolt|p1a: The Brain
|-damage|p1a: The Brain|38/100
|move|p1a: The Brain|Psyshock|p2a: Raging Bolt
|-damage|p2a: Raging Bolt|50/100
|
|upkeep
|turn|21
|-message|nnnn5555 forfeited.
|
|win|alexander90281
|raw|nnnn5555's rating: 1695 &rarr; <strong>1673</strong><br />(-22 for losing)
|raw|alexander90281's rating: 1666 &rarr; <strong>1688</strong><br />(+22 for winning)
|l|☆nnnn5555
|player|p1|
|l|☆alexander90281
|player|p2|
