|j|☆Kazuelasnt
|j|☆surprised head
|t:|1779805429
|gametype|singles
|player|p1|Kazuelasnt|cress|1479
|player|p2|surprised head|101|1581
|gen|9
|tier|[Gen 9] OU
|rated|
|rule|HP Percentage Mod: HP is shown in percentages
|rule|Endless Battle Clause: Forcing endless battles is banned
|rule|Species Clause: Limit one of each Pokémon
|rule|OHKO Clause: OHKO moves are banned
|rule|Evasion Items Clause: Evasion items are banned
|rule|Evasion Moves Clause: Evasion moves are banned
|rule|Evasion Abilities Clause: Evasion abilities are banned
|rule|Sleep Moves Clause: Sleep-inducing moves are banned
|clearpoke
|poke|p1|Great Tusk|
|poke|p1|Braviary-Hisui, M|
|poke|p1|Darkrai|
|poke|p1|Dragapult, M|
|poke|p1|Kingambit, M|
|poke|p1|Dragonite, M|
|poke|p2|Ting-Lu|
|poke|p2|Deoxys-Speed|
|poke|p2|Pecharunt|
|poke|p2|Gholdengo|
|poke|p2|Slither Wing|
|poke|p2|Samurott-Hisui, M|
|teampreview
|l|☆Kazuelasnt
|player|p1|
|inactive|Battle timer is ON: inactive players will automatically lose when time's up. (requested by surprised head)
|
|t:|1779805455
|teamsize|p1|6
|teamsize|p2|6
|start
|switch|p1a: Jackson|Dragapult, M, shiny|100/100
|switch|p2a: Deoxys|Deoxys-Speed|100/100
|-ability|p2a: Deoxys|Pressure
|turn|1
|j|☆Kazuelasnt
|inactive|Kazuelasnt reconnected and has 150 seconds left.
|player|p1|Kazuelasnt|cress|
|
|t:|1779805458
|move|p2a: Deoxys|Knock Off|p1a: Jackson
|-supereffective|p1a: Jackson
|-damage|p1a: Jackson|34/100
|-enditem|p1a: Jackson|Choice Band|[from] move: Knock Off|[of] p2a: Deoxys
|move|p1a: Jackson|U-turn|p2a: Deoxys
|-supereffective|p2a: Deoxys
|-damage|p2a: Deoxys|32/100
|
|t:|1779805475
|switch|p1a: Prismo|Braviary-Hisui, M, shiny|100/100|[from] U-turn
|
|upkeep
|turn|2
|
|t:|1779805481
|switch|p2a: Ting-Lu|Ting-Lu|100/100
|-ability|p2a: Ting-Lu|Vessel of Ruin
|move|p1a: Prismo|Vacuum Wave|p2a: Ting-Lu
|-supereffective|p2a: Ting-Lu
|-damage|p2a: Ting-Lu|76/100
|-enditem|p2a: Ting-Lu|Weakness Policy
|-boost|p2a: Ting-Lu|atk|2|[from] item: Weakness Policy
|-boost|p2a: Ting-Lu|spa|2|[from] item: Weakness Policy
|
|upkeep
|turn|3
|l|☆Kazuelasnt
|inactive|Kazuelasnt disconnected and has a minute to reconnect!
|player|p1|
|inactive|Kazuelasnt has 30 seconds to reconnect!
|inactive|Kazuelasnt has 20 seconds to reconnect!
|inactive|Kazuelasnt has 15 seconds to reconnect!
|j|☆Kazuelasnt
|inactive|Kazuelasnt reconnected and has 105 seconds left.
|player|p1|Kazuelasnt|cress|
|l|☆Kazuelasnt
|inactive|Kazuelasnt disconnected and has a minute to reconnect!
|player|p1|
|j|☆Kazuelasnt
|inactive|Kazuelasnt reconnected and has 90 seconds left.
|player|p1|Kazuelasnt|cress|
|
|t:|1779805547
|switch|p1a: DA T U S K|Great Tusk, shiny|100/100
|move|p2a: Ting-Lu|Earthquake|p1a: DA T U S K
|-damage|p1a: DA T U S K|32/100
|
|upkeep
|turn|4
|inactive|Kazuelasnt has 90 seconds left.
|
|t:|1779805565
|move|p1a: DA T U S K|Ice Spinner|p2a: Ting-Lu
|-supereffective|p2a: Ting-Lu
|-damage|p2a: Ting-Lu|44/100
|move|p2a: Ting-Lu|Earthquake|p1a: DA T U S K
|-damage|p1a: DA T U S K|0 fnt
|faint|p1a: DA T U S K
|-end|p1a: DA T U S K|Protosynthesis|[silent]
|
|upkeep
|inactive|Kazuelasnt has 90 seconds left.
|
|t:|1779805579
|switch|p1a: Jackson|Dragapult, M, shiny|34/100
|turn|5
|inactive|Kazuelasnt has 90 seconds left.
|
|t:|1779805586
|move|p1a: Jackson|U-turn|p2a: Ting-Lu
|-supereffective|p2a: Ting-Lu
|-damage|p2a: Ting-Lu|20/100
|inactive|Kazuelasnt has 90 seconds left.
|
|t:|1779805596
|switch|p1a: Overgod|Kingambit, M, shiny|100/100|[from] U-turn
|-activate|p1a: Overgod|ability: Supreme Overlord
|-start|p1a: Overgod|fallen1|[silent]
|-item|p1a: Overgod|Air Balloon
|move|p2a: Ting-Lu|Earthquake|p1a: Overgod
|-immune|p1a: Overgod
|
|upkeep
|turn|6
|
|t:|1779805601
|move|p1a: Overgod|Low Kick|p2a: Ting-Lu
|-supereffective|p2a: Ting-Lu
|-damage|p2a: Ting-Lu|0 fnt
|faint|p2a: Ting-Lu
|
|upkeep
|
|t:|1779805605
|switch|p2a: Slither Wing|Slither Wing|100/100
|turn|7
|
|t:|1779805626
|-end|p1a: Overgod|fallen1|[silent]
|switch|p1a: Prismo|Braviary-Hisui, M, shiny|100/100
|move|p2a: Slither Wing|U-turn|p1a: Prismo
|-damage|p1a: Prismo|49/100
|
|t:|1779805633
|-end|p2a: Slither Wing|Protosynthesis|[silent]
|switch|p2a: Gholdengo|Gholdengo|100/100|[from] U-turn
|
|upkeep
|turn|8
|
|t:|1779805637
|move|p2a: Gholdengo|Make It Rain|p1a: Prismo
|-damage|p1a: Prismo|0 fnt
|-unboost|p2a: Gholdengo|spa|1
|faint|p1a: Prismo
|
|upkeep
|
|t:|1779805642
|switch|p1a: Duke|Darkrai, shiny|100/100
|turn|9
|
|t:|1779805646
|switch|p2a: Deoxys|Deoxys-Speed|32/100
|-ability|p2a: Deoxys|Pressure
|move|p1a: Duke|Knock Off|p2a: Deoxys
|-supereffective|p2a: Deoxys
|-damage|p2a: Deoxys|0 fnt
|-enditem|p2a: Deoxys|Eject Pack|[from] move: Knock Off|[of] p1a: Duke
|faint|p2a: Deoxys
|
|upkeep
|
|t:|1779805648
|switch|p2a: Slither Wing|Slither Wing|100/100
|turn|10
|
|t:|1779805657
|move|p2a: Slither Wing|First Impression|p1a: Duke
|-supereffective|p1a: Duke
|-damage|p1a: Duke|0 fnt
|faint|p1a: Duke
|
|upkeep
|
|t:|1779805660
|switch|p1a: Tyrant|Dragonite, M, shiny|100/100
|turn|11
|
|t:|1779805663
|move|p1a: Tyrant|Dragon Dance|p1a: Tyrant
|-boost|p1a: Tyrant|atk|1
|-boost|p1a: Tyrant|spe|1
|move|p2a: Slither Wing|U-turn|p1a: Tyrant
|-resisted|p1a: Tyrant
|-damage|p1a: Tyrant|89/100
|
|t:|1779805673
|-end|p2a: Slither Wing|Protosynthesis|[silent]
|switch|p2a: Gholdengo|Gholdengo|100/100|[from] U-turn
|
|upkeep
|turn|12
|
|t:|1779805679
|move|p2a: Gholdengo|Trick|p1a: Tyrant
|-activate|p2a: Gholdengo|move: Trick|[of] p1a: Tyrant
|-item|p1a: Tyrant|Choice Scarf|[from] move: Trick
|-item|p2a: Gholdengo|Loaded Dice|[from] move: Trick
|move|p1a: Tyrant|Fire Punch|p2a: Gholdengo
|-supereffective|p2a: Gholdengo
|-damage|p2a: Gholdengo|7/100
|
|upkeep
|turn|13
|
|t:|1779805685
|switch|p2a: Samurott|Samurott-Hisui, M|100/100
|move|p1a: Tyrant|Fire Punch|p2a: Samurott
|-resisted|p2a: Samurott
|-damage|p2a: Samurott|74/100
|
|upkeep
|turn|14
|
|t:|1779805694
|move|p1a: Tyrant|Fire Punch|p2a: Samurott
|-resisted|p2a: Samurott
|-damage|p2a: Samurott|49/100
|move|p2a: Samurott|Ceaseless Edge|p1a: Tyrant|[miss]
|-miss|p2a: Samurott|p1a: Tyrant
|
|upkeep
|turn|15
|
|t:|1779805698
|move|p1a: Tyrant|Fire Punch|p2a: Samurott
|-resisted|p2a: Samurott
|-damage|p2a: Samurott|23/100
|-status|p2a: Samurott|brn
|move|p2a: Samurott|Ceaseless Edge|p1a: Tyrant|[miss]
|-miss|p2a: Samurott|p1a: Tyrant
|
|-damage|p2a: Samurott|17/100 brn|[from] brn
|upkeep
|turn|16
|
|t:|1779805702
|move|p1a: Tyrant|Fire Punch|p2a: Samurott
|-resisted|p2a: Samurott
|-damage|p2a: Samurott|0 fnt
|faint|p2a: Samurott
|
|upkeep
|
|t:|1779805708
|switch|p2a: Pecharunt|Pecharunt|100/100
|-item|p2a: Pecharunt|Air Balloon
|turn|17
|
|t:|1779805711
|move|p1a: Tyrant|Fire Punch|p2a: Pecharunt
|-damage|p2a: Pecharunt|72/100
|-status|p2a: Pecharunt|brn
|-enditem|p2a: Pecharunt|Air Balloon
|move|p2a: Pecharunt|Shadow Ball|p1a: Tyrant
|-damage|p1a: Tyrant|53/100
|
|-damage|p2a: Pecharunt|66/100 brn|[from] brn
|upkeep
|turn|18
|
|t:|1779805715
|move|p1a: Tyrant|Fire Punch|p2a: Pecharunt
|-damage|p2a: Pecharunt|39/100 brn
|move|p2a: Pecharunt|Recover|p2a: Pecharunt
|-heal|p2a: Pecharunt|89/100 brn
|
|-damage|p2a: Pecharunt|83/100 brn|[from] brn
|upkeep
|turn|19
|
|t:|1779805720
|move|p1a: Tyrant|Fire Punch|p2a: Pecharunt
|-damage|p2a: Pecharunt|53/100 brn
|move|p2a: Pecharunt|Malignant Chain|p1a: Tyrant
|-damage|p1a: Tyrant|9/100
|-status|p1a: Tyrant|tox
|-start|p1a: Tyrant|confusion|[from] ability: Poison Puppeteer|[of] p2a: Pecharunt
|
|-damage|p1a: Tyrant|3/100 tox|[from] psn
|-damage|p2a: Pecharunt|47/100 brn|[from] brn
|upkeep
|turn|20
|
|t:|1779805740
|switch|p2a: Gholdengo|Gholdengo|7/100
|-activate|p1a: Tyrant|confusion
|-damage|p1a: Tyrant|0 fnt|[from] confusion
|faint|p1a: Tyrant
|
|upkeep
|
|t:|1779805744
|switch|p1a: Jackson|Dragapult, M, shiny|34/100
|turn|21
|
|t:|1779805746
|move|p1a: Jackson|Dragon Darts|p2a: Gholdengo
|-resisted|p2a: Gholdengo
|-damage|p2a: Gholdengo|0 fnt
|faint|p2a: Gholdengo
|
|upkeep
|
|t:|1779805759
|switch|p2a: Slither Wing|Slither Wing|100/100
|turn|22
|
|t:|1779805764
|move|p1a: Jackson|Will-O-Wisp|p2a: Slither Wing
|-status|p2a: Slither Wing|brn
|move|p2a: Slither Wing|Earthquake|p1a: Jackson
|-damage|p1a: Jackson|5/100
|
|-damage|p2a: Slither Wing|94/100 brn|[from] brn
|upkeep
|turn|23
|
|t:|1779805771
|move|p1a: Jackson|Phantom Force||[still]
|-prepare|p1a: Jackson|Phantom Force
|move|p2a: Slither Wing|Earthquake|p1a: Jackson|[miss]
|-miss|p2a: Slither Wing|p1a: Jackson
|
|-damage|p2a: Slither Wing|88/100 brn|[from] brn
|upkeep
|turn|24
|
|t:|1779805774
|move|p1a: Jackson|Phantom Force|p2a: Slither Wing|[from] lockedmove
|-damage|p2a: Slither Wing|28/100 brn
|move|p2a: Slither Wing|Earthquake|p1a: Jackson
|-damage|p1a: Jackson|0 fnt
|faint|p1a: Jackson
|
|-damage|p2a: Slither Wing|22/100 brn|[from] brn
|upkeep
|
|t:|1779805776
|switch|p1a: Overgod|Kingambit, M, shiny|100/100
|-activate|p1a: Overgod|ability: Supreme Overlord
|-start|p1a: Overgod|fallen5|[silent]
|-item|p1a: Overgod|Air Balloon
|turn|25
|
|t:|1779805782
|move|p1a: Overgod|Sucker Punch|p2a: Slither Wing
|-resisted|p2a: Slither Wing
|-damage|p2a: Slither Wing|0 fnt
|faint|p2a: Slither Wing
|-end|p2a: Slither Wing|Protosynthesis|[silent]
|
|upkeep
|
|t:|1779805784
|switch|p2a: Pecharunt|Pecharunt|47/100 brn
|turn|26
|
|t:|1779805787
|-terastallize|p2a: Pecharunt|Fairy
|move|p2a: Pecharunt|Shadow Ball|p1a: Overgod
|-resisted|p1a: Overgod
|-damage|p1a: Overgod|83/100
|-enditem|p1a: Overgod|Air Balloon
|move|p1a: Overgod|Iron Head|p2a: Pecharunt
|-supereffective|p2a: Pecharunt
|-damage|p2a: Pecharunt|0 fnt
|faint|p2a: Pecharunt
|
|win|Kazuelasnt
|raw|Kazuelasnt's rating: 1479 &rarr; <strong>1505</strong><br />(+26 for winning)
|raw|surprised head's rating: 1581 &rarr; <strong>1555</strong><br />(-26 for losing)
|l|☆surprised head
|player|p2|
|l|☆Kazuelasnt
|player|p1|
