|j|☆JaanSeGuzarteHai
|j|☆alnaki
|t:|1779958767
|gametype|singles
|player|p1|JaanSeGuzarteHai|clair|1040
|player|p2|alnaki|266|1085
|gen|9
|tier|[Gen 9] OU
|rated|
|rule|HP Percentage Mod: HP is shown in percentages
|rule|Endless Battle Clause: Forcing endless battles is banned
|rule|Species Clause: Limit one of each Pokémon
|rule|OHKO Clause: OHKO moves are banned
|rule|Evasion Items Clause: Evasion items are banned
|rule|Evasion Moves Clause: Evasion moves are banned
|rule|Evasion Abilities Clause: Evasion abilities are banned
|rule|Sleep Moves Clause: Sleep-inducing moves are banned
|clearpoke
|poke|p1|Cresselia, F|
|poke|p1|Ninetales, F|
|poke|p1|Walking Wake|
|poke|p1|Great Tusk|
|poke|p1|Scizor, F|
|poke|p1|Iron Moth|
|poke|p2|Dragapult, F|
|poke|p2|Garganacl, F|
|poke|p2|Iron Crown|
|poke|p2|Kingambit, F|
|poke|p2|Ogerpon-Wellspring, F|
|poke|p2|Ting-Lu|
|teampreview
|inactive|Battle timer is ON: inactive players will automatically lose when time's up. (requested by alnaki)
|
|t:|1779958789
|teamsize|p1|6
|teamsize|p2|6
|start
|switch|p1a: Ninetales|Ninetales, F, shiny|100/100
|switch|p2a: Dragapult|Dragapult, F|100/100
|-weather|SunnyDay|[from] ability: Drought|[of] p1a: Ninetales
|turn|1
|
|t:|1779958801
|switch|p1a: Scizor|Scizor, F, shiny|100/100
|move|p2a: Dragapult|Draco Meteor|p1a: Scizor
|-resisted|p1a: Scizor
|-damage|p1a: Scizor|47/100
|-unboost|p2a: Dragapult|spa|2
|
|-weather|SunnyDay|[upkeep]
|upkeep
|turn|2
|
|t:|1779958828
|switch|p2a: Ting-Lu|Ting-Lu|100/100
|-ability|p2a: Ting-Lu|Vessel of Ruin
|move|p1a: Scizor|U-turn|p2a: Ting-Lu
|-supereffective|p2a: Ting-Lu
|-damage|p2a: Ting-Lu|41/100
|-damage|p1a: Scizor|31/100|[from] item: Rocky Helmet|[of] p2a: Ting-Lu
|
|t:|1779958836
|switch|p1a: Walking Wake|Walking Wake|100/100|[from] U-turn
|-activate|p1a: Walking Wake|ability: Protosynthesis
|-start|p1a: Walking Wake|protosynthesisspe
|
|-weather|SunnyDay|[upkeep]
|upkeep
|turn|3
|
|t:|1779958848
|-terastallize|p2a: Ting-Lu|Water
|move|p1a: Walking Wake|Hydro Steam|p2a: Ting-Lu
|-resisted|p2a: Ting-Lu
|-damage|p2a: Ting-Lu|27/100
|move|p2a: Ting-Lu|Stealth Rock|p1a: Walking Wake
|-sidestart|p1: JaanSeGuzarteHai|move: Stealth Rock
|
|-weather|SunnyDay|[upkeep]
|upkeep
|turn|4
|
|t:|1779958865
|switch|p2a: Ogerpon|Ogerpon-Wellspring, F|100/100
|move|p1a: Walking Wake|Flip Turn|p2a: Ogerpon
|-immune|p2a: Ogerpon|[from] ability: Water Absorb
|
|-weather|SunnyDay|[upkeep]
|upkeep
|turn|5
|
|t:|1779958873
|move|p1a: Walking Wake|Flamethrower|p2a: Ogerpon
|-damage|p2a: Ogerpon|42/100
|-status|p2a: Ogerpon|brn
|move|p2a: Ogerpon|Horn Leech|p1a: Walking Wake
|-damage|p1a: Walking Wake|76/100
|-heal|p2a: Ogerpon|56/100 brn|[from] drain|[of] p1a: Walking Wake
|
|-weather|SunnyDay|[upkeep]
|-damage|p2a: Ogerpon|50/100 brn|[from] brn
|upkeep
|turn|6
|-message|alnaki forfeited.
|
|win|JaanSeGuzarteHai
|raw|JaanSeGuzarteHai's rating: 1040 &rarr; <strong>1078</strong><br />(+38 for winning)
|raw|alnaki's rating: 1085 &rarr; <strong>1059</strong><br />(-26 for losing)
|l|☆alnaki
|player|p2|
