|j|☆blah0blah1blah2
|j|☆teapause
|t:|1779888687
|gametype|singles
|player|p1|blah0blah1blah2|266|1439
|player|p2|teapause|waiter|1446
|gen|9
|tier|[Gen 9] OU
|rated|
|rule|HP Percentage Mod: HP is shown in percentages
|rule|Endless Battle Clause: Forcing endless battles is banned
|rule|Species Clause: Limit one of each Pokémon
|rule|OHKO Clause: OHKO moves are banned
|rule|Evasion Items Clause: Evasion items are banned
|rule|Evasion Moves Clause: Evasion moves are banned
|rule|Evasion Abilities Clause: Evasion abilities are banned
|rule|Sleep Moves Clause: Sleep-inducing moves are banned
|clearpoke
|poke|p1|Regidrago|
|poke|p1|Regieleki|
|poke|p1|Iron Treads|
|poke|p1|Primarina, M|
|poke|p1|Azelf|
|poke|p1|Skarmory, M|
|poke|p2|Tropius, F|
|poke|p2|Torkoal, F|
|poke|p2|Heatran, F|
|poke|p2|Clefable, M|
|poke|p2|Glimmora, F|
|poke|p2|Walking Wake|
|teampreview
|inactive|Battle timer is ON: inactive players will automatically lose when time's up. (requested by teapause)
|
|t:|1779888699
|teamsize|p1|6
|teamsize|p2|6
|start
|switch|p1a: Azelf|Azelf|100/100
|switch|p2a: Torkoal|Torkoal, F|100/100
|-weather|SunnyDay|[from] ability: Drought|[of] p2a: Torkoal
|turn|1
|
|t:|1779888708
|switch|p2a: Heatran|Heatran, F|100/100
|move|p1a: Azelf|Mystical Power|p2a: Heatran
|-resisted|p2a: Heatran
|-damage|p2a: Heatran|90/100
|-boost|p1a: Azelf|spa|1
|
|-weather|SunnyDay|[upkeep]
|upkeep
|turn|2
|
|t:|1779888720
|switch|p1a: Primarina|Primarina, M|100/100
|move|p2a: Heatran|Protect||[still]
|-fail|p2a: Heatran
|
|-weather|SunnyDay|[upkeep]
|upkeep
|turn|3
|
|t:|1779888731
|switch|p2a: Tropius|Tropius, F|100/100
|move|p1a: Primarina|Flip Turn|p2a: Tropius
|-resisted|p2a: Tropius
|-damage|p2a: Tropius|98/100
|
|t:|1779888752
|switch|p1a: Azelf|Azelf|100/100|[from] Flip Turn
|
|-weather|SunnyDay|[upkeep]
|upkeep
|turn|4
|
|t:|1779888760
|move|p1a: Azelf|Flamethrower|p2a: Tropius
|-supereffective|p2a: Tropius
|-damage|p2a: Tropius|5/100
|-enditem|p2a: Tropius|Starf Berry|[eat]
|-boost|p2a: Tropius|def|2|[from] item: Starf Berry
|move|p2a: Tropius|Substitute|p2a: Tropius
|-fail|p2a: Tropius|move: Substitute|[weak]
|
|-weather|SunnyDay|[upkeep]
|-item|p2a: Tropius|Starf Berry|[from] ability: Harvest
|upkeep
|-enditem|p2a: Tropius|Starf Berry|[eat]
|-boost|p2a: Tropius|spa|2|[from] item: Starf Berry
|turn|5
|inactive|blah0blah1blah2 has 120 seconds left.
|inactive|blah0blah1blah2 has 90 seconds left.
|
|t:|1779888818
|move|p2a: Tropius|Protect|p2a: Tropius
|-singleturn|p2a: Tropius|Protect
|move|p1a: Azelf|U-turn|p2a: Tropius
|-activate|p2a: Tropius|move: Protect
|
|-weather|none
|upkeep
|turn|6
|
|t:|1779888828
|switch|p2a: Torkoal|Torkoal, F|100/100
|-weather|SunnyDay|[from] ability: Drought|[of] p2a: Torkoal
|move|p1a: Azelf|Mystical Power|p2a: Torkoal
|-damage|p2a: Torkoal|70/100
|-boost|p1a: Azelf|spa|1
|
|-weather|SunnyDay|[upkeep]
|upkeep
|turn|7
|
|t:|1779888839
|move|p1a: Azelf|Mystical Power|p2a: Torkoal|[miss]
|-miss|p1a: Azelf|p2a: Torkoal
|move|p2a: Torkoal|Fire Blast|p1a: Azelf
|-damage|p1a: Azelf|25/100
|
|-weather|SunnyDay|[upkeep]
|upkeep
|turn|8
|
|t:|1779888849
|move|p1a: Azelf|Trick|p2a: Torkoal
|-activate|p1a: Azelf|move: Trick|[of] p2a: Torkoal
|-item|p2a: Torkoal|Ring Target|[from] move: Trick
|-item|p1a: Azelf|Rocky Helmet|[from] move: Trick
|move|p2a: Torkoal|Fire Blast|p1a: Azelf
|-damage|p1a: Azelf|0 fnt
|faint|p1a: Azelf
|
|-weather|SunnyDay|[upkeep]
|upkeep
|
|t:|1779888868
|switch|p1a: Iron Treads|Iron Treads|100/100
|turn|9
|
|t:|1779888872
|move|p1a: Iron Treads|Earthquake|p2a: Torkoal
|-supereffective|p2a: Torkoal
|-damage|p2a: Torkoal|8/100
|move|p2a: Torkoal|Fire Blast|p1a: Iron Treads
|-supereffective|p1a: Iron Treads
|-damage|p1a: Iron Treads|0 fnt
|faint|p1a: Iron Treads
|-end|p1a: Iron Treads|Quark Drive|[silent]
|
|-weather|SunnyDay|[upkeep]
|upkeep
|
|t:|1779888877
|switch|p1a: Regieleki|Regieleki|100/100
|turn|10
|
|t:|1779888890
|switch|p2a: Tropius|Tropius, F|5/100
|move|p1a: Regieleki|Volt Switch|p2a: Tropius
|-damage|p2a: Tropius|0 fnt
|faint|p2a: Tropius
|-damage|p1a: Regieleki|91/100|[from] item: Life Orb
|
|t:|1779888900
|switch|p1a: Primarina|Primarina, M|100/100|[from] Volt Switch
|
|-weather|none
|upkeep
|
|t:|1779888910
|switch|p2a: Heatran|Heatran, F|90/100
|turn|11
|
|t:|1779888920
|-terastallize|p2a: Heatran|Grass
|move|p2a: Heatran|Stealth Rock|p1a: Primarina
|-sidestart|p1: blah0blah1blah2|move: Stealth Rock
|move|p1a: Primarina|Surf|p2a: Heatran
|-resisted|p2a: Heatran
|-damage|p2a: Heatran|75/100
|
|upkeep
|turn|12
|
|t:|1779888929
|move|p2a: Heatran|Magma Storm|p1a: Primarina
|-resisted|p1a: Primarina
|-damage|p1a: Primarina|88/100
|-activate|p1a: Primarina|move: Magma Storm|[of] p2a: Heatran
|move|p1a: Primarina|Moonblast|p2a: Heatran
|-damage|p2a: Heatran|40/100
|
|-damage|p1a: Primarina|72/100|[from] move: Magma Storm|[partiallytrapped]
|upkeep
|turn|13
|
|t:|1779888941
|move|p2a: Heatran|Solar Beam||[still]
|-prepare|p2a: Heatran|Solar Beam
|move|p1a: Primarina|Moonblast|p2a: Heatran
|-damage|p2a: Heatran|9/100
|-unboost|p2a: Heatran|spa|1
|
|-damage|p1a: Primarina|55/100|[from] move: Magma Storm|[partiallytrapped]
|upkeep
|turn|14
|
|t:|1779888952
|-terastallize|p1a: Primarina|Grass
|move|p2a: Heatran|Solar Beam|p1a: Primarina|[from] lockedmove
|-resisted|p1a: Primarina
|-damage|p1a: Primarina|46/100
|move|p1a: Primarina|Moonblast|p2a: Heatran
|-damage|p2a: Heatran|0 fnt
|faint|p2a: Heatran
|
|-end|p1a: Primarina|Magma Storm|[partiallytrapped]|[silent]
|upkeep
|
|t:|1779888967
|switch|p2a: Torkoal|Torkoal, F|8/100
|-weather|SunnyDay|[from] ability: Drought|[of] p2a: Torkoal
|turn|15
|
|t:|1779888972
|move|p1a: Primarina|Surf|p2a: Torkoal
|-supereffective|p2a: Torkoal
|-damage|p2a: Torkoal|0 fnt
|faint|p2a: Torkoal
|
|-weather|SunnyDay|[upkeep]
|upkeep
|
|t:|1779888979
|switch|p2a: Walking Wake|Walking Wake|100/100
|-activate|p2a: Walking Wake|ability: Protosynthesis
|-start|p2a: Walking Wake|protosynthesisspa
|turn|16
|
|t:|1779888986
|move|p2a: Walking Wake|Flamethrower|p1a: Primarina
|-supereffective|p1a: Primarina
|-damage|p1a: Primarina|0 fnt
|faint|p1a: Primarina
|
|-weather|SunnyDay|[upkeep]
|upkeep
|
|t:|1779889007
|switch|p1a: Regieleki|Regieleki|91/100
|-damage|p1a: Regieleki|78/100|[from] Stealth Rock
|turn|17
|
|t:|1779889014
|move|p1a: Regieleki|Thunderbolt|p2a: Walking Wake
|-crit|p2a: Walking Wake
|-damage|p2a: Walking Wake|0 fnt
|faint|p2a: Walking Wake
|-end|p2a: Walking Wake|Protosynthesis|[silent]
|-damage|p1a: Regieleki|68/100|[from] item: Life Orb
|
|-weather|SunnyDay|[upkeep]
|upkeep
|
|t:|1779889024
|switch|p2a: Clefable|Clefable, M|100/100
|turn|18
|
|t:|1779889036
|move|p1a: Regieleki|Thunderbolt|p2a: Clefable
|-damage|p2a: Clefable|36/100
|-damage|p1a: Regieleki|58/100|[from] item: Life Orb
|move|p2a: Clefable|Moonblast|p1a: Regieleki
|-damage|p1a: Regieleki|0 fnt
|faint|p1a: Regieleki
|
|-weather|SunnyDay|[upkeep]
|upkeep
|
|t:|1779889042
|switch|p1a: Skarmory|Skarmory, M|100/100
|-damage|p1a: Skarmory|88/100|[from] Stealth Rock
|turn|19
|
|t:|1779889050
|switch|p2a: Glimmora|Glimmora, F|100/100
|move|p1a: Skarmory|Spikes|p2a: Glimmora
|-sidestart|p2: teapause|Spikes
|
|-weather|none
|upkeep
|turn|20
|
|t:|1779889060
|move|p2a: Glimmora|Meteor Beam||[still]
|-prepare|p2a: Glimmora|Meteor Beam
|-boost|p2a: Glimmora|spa|1
|-enditem|p2a: Glimmora|Power Herb
|-anim|p2a: Glimmora|Meteor Beam|p1a: Skarmory
|-damage|p1a: Skarmory|0 fnt
|faint|p1a: Skarmory
|
|upkeep
|-message|blah0blah1blah2 forfeited.
|
|win|teapause
|raw|blah0blah1blah2's rating: 1439 &rarr; <strong>1419</strong><br />(-20 for losing)
|raw|teapause's rating: 1446 &rarr; <strong>1466</strong><br />(+20 for winning)
|l|☆blah0blah1blah2
|player|p1|
|l|☆teapause
|player|p2|
