|j|☆Ti Hee
|j|☆EdenVice
|t:|1779831856
|gametype|singles
|player|p1|Ti Hee|101|1020
|player|p2|EdenVice|101|1000
|gen|9
|tier|[Gen 9] OU
|rated|
|rule|HP Percentage Mod: HP is shown in percentages
|rule|Endless Battle Clause: Forcing endless battles is banned
|rule|Species Clause: Limit one of each Pokémon
|rule|OHKO Clause: OHKO moves are banned
|rule|Evasion Items Clause: Evasion items are banned
|rule|Evasion Moves Clause: Evasion moves are banned
|rule|Evasion Abilities Clause: Evasion abilities are banned
|rule|Sleep Moves Clause: Sleep-inducing moves are banned
|clearpoke
|poke|p1|Indeedee-F, F|
|poke|p1|Diancie|
|poke|p1|Maushold-Four|
|poke|p1|Alcremie-Caramel-Swirl, F|
|poke|p1|Whimsicott, F|
|poke|p1|Salazzle, F|
|poke|p2|Kingambit, M|
|poke|p2|Garganacl, M|
|poke|p2|Glimmora, M|
|poke|p2|Gholdengo|
|poke|p2|Landorus-Therian, M|
|poke|p2|Gliscor, M|
|teampreview
|
|t:|1779831861
|teamsize|p1|6
|teamsize|p2|6
|start
|switch|p1a: Salazzle|Salazzle, F|100/100
|switch|p2a: Glimmora|Glimmora, M|100/100
|-item|p2a: Glimmora|Air Balloon
|turn|1
|-activate|p1a: Salazzle|item: Quick Claw
|
|t:|1779831870
|move|p1a: Salazzle|Will-O-Wisp|p2a: Glimmora
|-status|p2a: Glimmora|brn
|move|p2a: Glimmora|Toxic|p1a: Salazzle
|-immune|p1a: Salazzle
|
|-damage|p2a: Glimmora|94/100 brn|[from] brn
|upkeep
|turn|2
|
|t:|1779831882
|move|p2a: Glimmora|Stealth Rock|p1a: Salazzle
|-sidestart|p1: Ti Hee|move: Stealth Rock
|move|p1a: Salazzle|Toxic Spikes|p2a: Glimmora
|-sidestart|p2: EdenVice|move: Toxic Spikes
|
|-damage|p2a: Glimmora|88/100 brn|[from] brn
|upkeep
|turn|3
|-activate|p1a: Salazzle|item: Quick Claw
|
|t:|1779831893
|move|p1a: Salazzle|Gunk Shot|p2a: Glimmora
|-resisted|p2a: Glimmora
|-damage|p2a: Glimmora|81/100 brn
|-activate|p2a: Glimmora|ability: Toxic Debris
|-sidestart|p1: Ti Hee|move: Toxic Spikes
|-enditem|p2a: Glimmora|Air Balloon
|move|p2a: Glimmora|Spikes|p1a: Salazzle
|-sidestart|p1: Ti Hee|Spikes
|
|-damage|p2a: Glimmora|75/100 brn|[from] brn
|upkeep
|turn|4
|
|t:|1779831907
|move|p2a: Glimmora|Spikes|p1a: Salazzle
|-sidestart|p1: Ti Hee|Spikes
|move|p1a: Salazzle|Flamethrower|p2a: Glimmora
|-resisted|p2a: Glimmora
|-damage|p2a: Glimmora|56/100 brn
|
|-damage|p2a: Glimmora|50/100 brn|[from] brn
|upkeep
|turn|5
|
|t:|1779831916
|move|p2a: Glimmora|Spikes|p1a: Salazzle
|-sidestart|p1: Ti Hee|Spikes
|move|p1a: Salazzle|Toxic Spikes|p2a: Glimmora
|-sidestart|p2: EdenVice|move: Toxic Spikes
|
|-damage|p2a: Glimmora|44/100 brn|[from] brn
|upkeep
|turn|6
|
|t:|1779831924
|move|p2a: Glimmora|Mortal Spin|p1a: Salazzle
|-resisted|p1a: Salazzle
|-damage|p1a: Salazzle|99/100
|-sideend|p2: EdenVice|Toxic Spikes|[from] move: Mortal Spin|[of] p2a: Glimmora
|move|p1a: Salazzle|Toxic Spikes|p2a: Glimmora
|-sidestart|p2: EdenVice|move: Toxic Spikes
|
|-damage|p2a: Glimmora|38/100 brn|[from] brn
|upkeep
|turn|7
|
|t:|1779831934
|switch|p2a: Landorus|Landorus-Therian, M|100/100
|-ability|p2a: Landorus|Intimidate|boost
|-unboost|p1a: Salazzle|atk|1
|move|p1a: Salazzle|Toxic Spikes|p2a: Landorus
|-sidestart|p2: EdenVice|move: Toxic Spikes
|
|upkeep
|turn|8
|
|t:|1779831943
|move|p2a: Landorus|Rock Slide|p1a: Salazzle
|-supereffective|p1a: Salazzle
|-damage|p1a: Salazzle|27/100
|cant|p1a: Salazzle|flinch
|
|upkeep
|turn|9
|
|t:|1779831950
|move|p2a: Landorus|Rock Slide|p1a: Salazzle|[miss]
|-miss|p2a: Landorus|p1a: Salazzle
|move|p1a: Salazzle|Will-O-Wisp|p2a: Landorus|[miss]
|-miss|p1a: Salazzle|p2a: Landorus
|
|upkeep
|turn|10
|
|t:|1779831959
|switch|p1a: Diancie|Diancie|100/100
|-damage|p1a: Diancie|88/100|[from] Stealth Rock
|-status|p1a: Diancie|psn
|-damage|p1a: Diancie|63/100 psn|[from] Spikes
|move|p2a: Landorus|Rock Slide|p1a: Diancie
|-damage|p1a: Diancie|42/100 psn
|
|-damage|p1a: Diancie|29/100 psn|[from] psn
|upkeep
|turn|11
|-activate|p1a: Diancie|item: Quick Claw
|
|t:|1779831972
|move|p1a: Diancie|Draining Kiss|p2a: Landorus
|-damage|p2a: Landorus|72/100
|-heal|p1a: Diancie|51/100 psn|[from] drain|[of] p2a: Landorus
|move|p2a: Landorus|Rock Slide|p1a: Diancie
|-damage|p1a: Diancie|29/100 psn
|
|-damage|p1a: Diancie|16/100 psn|[from] psn
|upkeep
|turn|12
|
|t:|1779831985
|move|p2a: Landorus|Rock Slide|p1a: Diancie
|-damage|p1a: Diancie|0 fnt
|faint|p1a: Diancie
|
|upkeep
|
|t:|1779831991
|switch|p1a: Maushold|Maushold-Four, shiny|100/100
|turn|13
|c|☆EdenVice|do all pokemon you have use quick claw
|
|t:|1779832003
|switch|p2a: Garganacl|Garganacl, M|100/100
|move|p1a: Maushold|Population Bomb|p2a: Garganacl
|-resisted|p2a: Garganacl
|-damage|p2a: Garganacl|99/100
|-resisted|p2a: Garganacl
|-damage|p2a: Garganacl|97/100
|-resisted|p2a: Garganacl
|-damage|p2a: Garganacl|95/100
|-hitcount|p2a: Garganacl|3
|
|-heal|p2a: Garganacl|100/100|[from] item: Leftovers
|upkeep
|turn|14
|
|t:|1779832018
|move|p1a: Maushold|Play Rough|p2a: Garganacl|[miss]
|-miss|p1a: Maushold|p2a: Garganacl
|move|p2a: Garganacl|Salt Cure|p1a: Maushold
|-damage|p1a: Maushold|85/100
|-start|p1a: Maushold|Salt Cure
|
|-damage|p1a: Maushold|73/100|[from] Salt Cure
|upkeep
|turn|15
|
|t:|1779832029
|move|p1a: Maushold|Encore|p2a: Garganacl
|-start|p2a: Garganacl|Encore
|move|p2a: Garganacl|Salt Cure|p1a: Maushold
|-damage|p1a: Maushold|58/100
|
|-damage|p1a: Maushold|45/100|[from] Salt Cure
|upkeep
|turn|16
|
|t:|1779832039
|switch|p2a: Gliscor|Gliscor, M|100/100
|move|p1a: Maushold|Shadow Claw|p2a: Gliscor
|-damage|p2a: Gliscor|85/100
|
|-damage|p1a: Maushold|33/100|[from] Salt Cure
|-status|p2a: Gliscor|tox|[from] item: Toxic Orb
|upkeep
|turn|17
|
|t:|1779832054
|move|p1a: Maushold|Play Rough|p2a: Gliscor
|-damage|p2a: Gliscor|68/100 tox
|move|p2a: Gliscor|Knock Off|p1a: Maushold
|-damage|p1a: Maushold|0 fnt
|-enditem|p1a: Maushold|Heavy-Duty Boots|[from] move: Knock Off|[of] p2a: Gliscor
|faint|p1a: Maushold
|
|-heal|p2a: Gliscor|81/100 tox|[from] ability: Poison Heal
|upkeep
|
|t:|1779832069
|switch|p1a: Willow|Whimsicott, F|100/100
|-damage|p1a: Willow|88/100|[from] Stealth Rock
|-status|p1a: Willow|psn
|-damage|p1a: Willow|63/100 psn|[from] Spikes
|turn|18
|
|t:|1779832084
|move|p2a: Gliscor|Fling|p1a: Willow
|-resisted|p1a: Willow
|-damage|p1a: Willow|58/100 psn
|-enditem|p2a: Gliscor|Toxic Orb|[from] move: Fling
|move|p1a: Willow|Giga Drain|p2a: Gliscor
|-damage|p2a: Gliscor|48/100 tox
|-heal|p1a: Willow|74/100 psn|[from] drain|[of] p2a: Gliscor
|
|-heal|p1a: Willow|80/100 psn|[from] item: Leftovers
|-heal|p2a: Gliscor|60/100 tox|[from] ability: Poison Heal
|-damage|p1a: Willow|68/100 psn|[from] psn
|upkeep
|turn|19
|
|t:|1779832098
|move|p2a: Gliscor|Acrobatics|p1a: Willow
|-supereffective|p1a: Willow
|-damage|p1a: Willow|0 fnt
|faint|p1a: Willow
|
|-heal|p2a: Gliscor|72/100 tox|[from] ability: Poison Heal
|upkeep
|
|t:|1779832107
|switch|p1a: Indeedee|Indeedee-F, F|100/100
|-damage|p1a: Indeedee|88/100|[from] Stealth Rock
|-status|p1a: Indeedee|psn
|-damage|p1a: Indeedee|63/100 psn|[from] Spikes
|turn|20
|
|t:|1779832116
|move|p2a: Gliscor|Acrobatics|p1a: Indeedee
|-damage|p1a: Indeedee|0 fnt
|faint|p1a: Indeedee
|
|-heal|p2a: Gliscor|85/100 tox|[from] ability: Poison Heal
|upkeep
|
|t:|1779832123
|switch|p1a: Clarabelle|Alcremie-Caramel-Swirl, F|100/100
|-damage|p1a: Clarabelle|88/100|[from] Stealth Rock
|-status|p1a: Clarabelle|psn
|-damage|p1a: Clarabelle|63/100 psn|[from] Spikes
|turn|21
|-activate|p1a: Clarabelle|item: Quick Claw
|
|t:|1779832130
|move|p1a: Clarabelle|Sweet Kiss|p2a: Gliscor
|-start|p2a: Gliscor|confusion
|-activate|p2a: Gliscor|confusion
|move|p2a: Gliscor|Acrobatics|p1a: Clarabelle
|-damage|p1a: Clarabelle|13/100 psn
|
|-heal|p2a: Gliscor|97/100 tox|[from] ability: Poison Heal
|-damage|p1a: Clarabelle|1/100 psn|[from] psn
|upkeep
|turn|22
|-activate|p1a: Clarabelle|item: Quick Claw
|
|t:|1779832143
|switch|p2a: Kingambit|Kingambit, M|100/100
|move|p1a: Clarabelle|Draining Kiss|p2a: Kingambit
|-damage|p2a: Kingambit|80/100
|-heal|p1a: Clarabelle|21/100 psn|[from] drain|[of] p2a: Kingambit
|
|-damage|p1a: Clarabelle|9/100 psn|[from] psn
|upkeep
|turn|23
|
|t:|1779832154
|move|p2a: Kingambit|Sucker Punch||[still]
|-fail|p2a: Kingambit
|move|p1a: Clarabelle|Sweet Kiss|p2a: Kingambit|[miss]
|-miss|p1a: Clarabelle|p2a: Kingambit
|
|-damage|p1a: Clarabelle|0 fnt|[from] psn
|faint|p1a: Clarabelle
|upkeep
|
|t:|1779832163
|switch|p1a: Salazzle|Salazzle, F|27/100
|-damage|p1a: Salazzle|2/100|[from] Stealth Rock
|-sideend|p1: Ti Hee|move: Toxic Spikes|[of] p1a: Salazzle
|-damage|p1a: Salazzle|0 fnt|[from] Spikes
|faint|p1a: Salazzle
|
|win|EdenVice
|raw|Ti Hee's rating: 1020 &rarr; <strong>1006</strong><br />(-14 for losing)
|raw|EdenVice's rating: 1000 &rarr; <strong>1042</strong><br />(+42 for winning)
|l|☆Ti Hee
|player|p1|
|n|☆EdenVice|edenvice
