|j|☆siakam
|j|☆amiruae
|t:|1779816484
|gametype|singles
|player|p1|siakam|acetrainerf-gen4|1489
|player|p2|amiruae|acetrainercouple|1484
|gen|9
|tier|[Gen 9] OU
|rated|
|rule|HP Percentage Mod: HP is shown in percentages
|rule|Endless Battle Clause: Forcing endless battles is banned
|rule|Species Clause: Limit one of each Pokémon
|rule|OHKO Clause: OHKO moves are banned
|rule|Evasion Items Clause: Evasion items are banned
|rule|Evasion Moves Clause: Evasion moves are banned
|rule|Evasion Abilities Clause: Evasion abilities are banned
|rule|Sleep Moves Clause: Sleep-inducing moves are banned
|clearpoke
|poke|p1|Raging Bolt|
|poke|p1|Ribombee, F|
|poke|p1|Gholdengo|
|poke|p1|Great Tusk|
|poke|p1|Ogerpon-Cornerstone, F|
|poke|p1|Ceruledge, M|
|poke|p2|Moltres-Galar|
|poke|p2|Arcanine-Hisui, M|
|poke|p2|Volcanion|
|poke|p2|Latias, F|
|poke|p2|Scizor, M|
|poke|p2|Krookodile, M|
|teampreview
|inactive|Battle timer is ON: inactive players will automatically lose when time's up. (requested by amiruae)
|c|☆siakam|did u do the red theme on purpose
|c|☆siakam|u def did dont lie to me
|
|t:|1779816516
|teamsize|p1|6
|teamsize|p2|6
|start
|switch|p1a: Ribombee|Ribombee, F|100/100
|switch|p2a: Scizor|Scizor, M|100/100
|turn|1
|
|t:|1779816524
|move|p1a: Ribombee|Sticky Web|p2a: Scizor
|-sidestart|p2: amiruae|move: Sticky Web
|move|p2a: Scizor|Dual Wingbeat|p1a: Ribombee
|-supereffective|p1a: Ribombee
|-damage|p1a: Ribombee|15/100
|-supereffective|p1a: Ribombee
|-damage|p1a: Ribombee|0 fnt
|faint|p1a: Ribombee
|-hitcount|p1: Ribombee|2
|
|upkeep
|
|t:|1779816532
|switch|p1a: Ceruledge|Ceruledge, M, shiny|100/100
|turn|2
|
|t:|1779816547
|switch|p2a: Volcanion|Volcanion|100/100
|-activate|p2a: Volcanion|move: Sticky Web
|-unboost|p2a: Volcanion|spe|1
|move|p1a: Ceruledge|Swords Dance|p1a: Ceruledge
|-boost|p1a: Ceruledge|atk|2
|
|upkeep
|turn|3
|
|t:|1779816556
|move|p1a: Ceruledge|Poltergeist|p2a: Volcanion
|-activate|p2a: Volcanion|move: Poltergeist|Assault Vest
|-damage|p2a: Volcanion|0 fnt
|faint|p2a: Volcanion
|
|upkeep
|
|t:|1779816566
|switch|p2a: Krookodile|Krookodile, M|100/100
|-activate|p2a: Krookodile|move: Sticky Web
|-unboost|p2a: Krookodile|spe|1
|-ability|p2a: Krookodile|Intimidate|boost
|-unboost|p1a: Ceruledge|atk|1
|turn|4
|
|t:|1779816584
|move|p1a: Ceruledge|Close Combat|p2a: Krookodile
|-supereffective|p2a: Krookodile
|-damage|p2a: Krookodile|0 fnt
|-unboost|p1a: Ceruledge|def|1
|-unboost|p1a: Ceruledge|spd|1
|faint|p2a: Krookodile
|
|upkeep
|
|t:|1779816599
|switch|p2a: Scizor|Scizor, M|100/100
|-activate|p2a: Scizor|move: Sticky Web
|-unboost|p2a: Scizor|spe|1
|turn|5
|c|☆siakam|u cooked
|
|t:|1779816610
|-terastallize|p2a: Scizor|Flying
|move|p1a: Ceruledge|Poltergeist|p2a: Scizor
|-activate|p2a: Scizor|move: Poltergeist|Sitrus Berry
|-damage|p2a: Scizor|10/100
|-enditem|p2a: Scizor|Sitrus Berry|[eat]
|-heal|p2a: Scizor|35/100|[from] item: Sitrus Berry
|move|p2a: Scizor|Dual Wingbeat|p1a: Ceruledge
|-damage|p1a: Ceruledge|24/100
|-ability|p1a: Ceruledge|Weak Armor|boost
|-unboost|p1a: Ceruledge|def|1
|-boost|p1a: Ceruledge|spe|2
|-damage|p1a: Ceruledge|0 fnt
|faint|p1a: Ceruledge
|-hitcount|p1: Ceruledge|2
|
|upkeep
|
|t:|1779816629
|switch|p1a: Raging Bolt|Raging Bolt|100/100
|-enditem|p1a: Raging Bolt|Booster Energy
|-activate|p1a: Raging Bolt|ability: Protosynthesis|[fromitem]
|-start|p1a: Raging Bolt|protosynthesisspa
|turn|6
|
|t:|1779816636
|move|p2a: Scizor|Bullet Punch|p1a: Raging Bolt
|-resisted|p1a: Raging Bolt
|-damage|p1a: Raging Bolt|85/100
|move|p1a: Raging Bolt|Calm Mind|p1a: Raging Bolt
|-boost|p1a: Raging Bolt|spa|1
|-boost|p1a: Raging Bolt|spd|1
|
|upkeep
|turn|7
|
|t:|1779816647
|move|p1a: Raging Bolt|Thunderbolt|p2a: Scizor
|-supereffective|p2a: Scizor
|-damage|p2a: Scizor|0 fnt
|faint|p2a: Scizor
|
|upkeep
|inactive|amiruae has 120 seconds left.
|c|☆siakam|gave u some new red for ur effort
|
|t:|1779816682
|switch|p2a: Arcanine|Arcanine-Hisui, M|100/100
|-activate|p2a: Arcanine|move: Sticky Web
|-unboost|p2a: Arcanine|spe|1
|turn|8
|
|t:|1779816689
|-terastallize|p1a: Raging Bolt|Ghost
|move|p1a: Raging Bolt|Thunderbolt|p2a: Arcanine
|-damage|p2a: Arcanine|0 fnt
|faint|p2a: Arcanine
|
|upkeep
|inactive|amiruae has 120 seconds left.
|
|t:|1779816718
|switch|p2a: Moltres|Moltres-Galar|100/100
|turn|9
|
|t:|1779816724
|move|p1a: Raging Bolt|Thunderclap|p2a: Moltres
|-supereffective|p2a: Moltres
|-damage|p2a: Moltres|0 fnt
|faint|p2a: Moltres
|
|upkeep
|
|t:|1779816727
|switch|p2a: Latias|Latias, F|100/100
|turn|10
|
|t:|1779816730
|move|p2a: Latias|Calm Mind|p2a: Latias
|-boost|p2a: Latias|spa|1
|-boost|p2a: Latias|spd|1
|move|p1a: Raging Bolt|Dragon Pulse|p2a: Latias
|-supereffective|p2a: Latias
|-damage|p2a: Latias|4/100
|-enditem|p2a: Latias|Weakness Policy
|-boost|p2a: Latias|atk|2|[from] item: Weakness Policy
|-boost|p2a: Latias|spa|2|[from] item: Weakness Policy
|
|upkeep
|turn|11
|
|t:|1779816738
|move|p1a: Raging Bolt|Thunderclap|p2a: Latias
|-resisted|p2a: Latias
|-damage|p2a: Latias|0 fnt
|faint|p2a: Latias
|
|win|siakam
|raw|siakam's rating: 1489 &rarr; <strong>1509</strong><br />(+20 for winning)
|raw|amiruae's rating: 1484 &rarr; <strong>1464</strong><br />(-20 for losing)
|l|☆amiruae
|player|p2|
