|j|☆Fowa2003
|j|☆ItsChew.
|t:|1779807554
|gametype|singles
|player|p1|Fowa2003|giovanni|1332
|player|p2|ItsChew.|265|1292
|gen|9
|tier|[Gen 9] OU
|rated|
|rule|HP Percentage Mod: HP is shown in percentages
|rule|Endless Battle Clause: Forcing endless battles is banned
|rule|Species Clause: Limit one of each Pokémon
|rule|OHKO Clause: OHKO moves are banned
|rule|Evasion Items Clause: Evasion items are banned
|rule|Evasion Moves Clause: Evasion moves are banned
|rule|Evasion Abilities Clause: Evasion abilities are banned
|rule|Sleep Moves Clause: Sleep-inducing moves are banned
|clearpoke
|poke|p1|Suicune|
|poke|p1|Entei|
|poke|p1|Raikou|
|poke|p1|Fezandipiti, M|
|poke|p1|Okidogi, M|
|poke|p1|Munkidori, M|
|poke|p2|Darkrai|
|poke|p2|Garchomp, M|
|poke|p2|Alomomola, M|
|poke|p2|Corviknight, F|
|poke|p2|Weezing-Galar, M|
|poke|p2|Ogerpon, F|
|teampreview
|
|t:|1779807564
|teamsize|p1|6
|teamsize|p2|6
|start
|switch|p1a: Raikou|Raikou, shiny|100/100
|switch|p2a: Alomomola|Alomomola, M|100/100
|-ability|p1a: Raikou|Pressure
|turn|1
|
|t:|1779807568
|move|p1a: Raikou|Volt Switch|p2a: Alomomola
|-supereffective|p2a: Alomomola
|-damage|p2a: Alomomola|69/100
|
|t:|1779807571
|switch|p1a: Munkidori|Munkidori, M|100/100|[from] Volt Switch
|move|p2a: Alomomola|Flip Turn|p1a: Munkidori
|-damage|p1a: Munkidori|74/100
|
|t:|1779807579
|switch|p2a: Darkrai|Darkrai|100/100|[from] Flip Turn
|
|upkeep
|turn|2
|
|t:|1779807591
|switch|p1a: Fezandipiti|Fezandipiti, M|100/100
|move|p2a: Darkrai|Dark Pulse|p1a: Fezandipiti
|-resisted|p1a: Fezandipiti
|-damage|p1a: Fezandipiti|78/100
|
|upkeep
|turn|3
|inactive|Battle timer is ON: inactive players will automatically lose when time's up. (requested by ItsChew.)
|
|t:|1779807598
|switch|p2a: Corviknight|Corviknight, F|100/100
|-ability|p2a: Corviknight|Pressure
|move|p1a: Fezandipiti|Calm Mind|p1a: Fezandipiti
|-boost|p1a: Fezandipiti|spa|1
|-boost|p1a: Fezandipiti|spd|1
|
|upkeep
|turn|4
|
|t:|1779807604
|move|p1a: Fezandipiti|Moonblast|p2a: Corviknight
|-resisted|p2a: Corviknight
|-damage|p2a: Corviknight|87/100
|-unboost|p2a: Corviknight|spa|1
|move|p2a: Corviknight|U-turn|p1a: Fezandipiti
|-resisted|p1a: Fezandipiti
|-damage|p1a: Fezandipiti|75/100
|
|t:|1779807617
|switch|p2a: Alomomola|Alomomola, M|100/100|[from] U-turn
|
|upkeep
|turn|5
|
|t:|1779807624
|move|p1a: Fezandipiti|Moonblast|p2a: Alomomola
|-damage|p2a: Alomomola|82/100
|-unboost|p2a: Alomomola|spa|1
|move|p2a: Alomomola|Body Slam|p1a: Fezandipiti
|-damage|p1a: Fezandipiti|59/100
|
|upkeep
|turn|6
|
|t:|1779807633
|move|p1a: Fezandipiti|Moonblast|p2a: Alomomola
|-damage|p2a: Alomomola|63/100
|move|p2a: Alomomola|Body Slam|p1a: Fezandipiti
|-damage|p1a: Fezandipiti|43/100
|-status|p1a: Fezandipiti|par
|
|upkeep
|turn|7
|
|t:|1779807641
|move|p1a: Fezandipiti|Roost|p1a: Fezandipiti
|-heal|p1a: Fezandipiti|93/100 par
|-singleturn|p1a: Fezandipiti|move: Roost
|move|p2a: Alomomola|Flip Turn|p1a: Fezandipiti
|-damage|p1a: Fezandipiti|76/100 par
|
|t:|1779807646
|switch|p2a: Ogerpon|Ogerpon, F|100/100|[from] Flip Turn
|
|upkeep
|turn|8
|
|t:|1779807650
|move|p2a: Ogerpon|Encore|p1a: Fezandipiti
|-start|p1a: Fezandipiti|Encore
|cant|p1a: Fezandipiti|par
|
|upkeep
|turn|9
|
|t:|1779807654
|switch|p1a: Entei|Entei, shiny|100/100
|move|p2a: Ogerpon|Swords Dance|p2a: Ogerpon
|-boost|p2a: Ogerpon|atk|2
|
|upkeep
|turn|10
|
|t:|1779807664
|switch|p2a: Garchomp|Garchomp, M|100/100
|move|p1a: Entei|Sacred Fire|p2a: Garchomp
|-resisted|p2a: Garchomp
|-damage|p2a: Garchomp|76/100
|
|upkeep
|turn|11
|
|t:|1779807673
|switch|p1a: Fezandipiti|Fezandipiti, M|76/100 par
|move|p2a: Garchomp|Stealth Rock|p1a: Fezandipiti
|-sidestart|p1: Fowa2003|move: Stealth Rock
|
|upkeep
|turn|12
|
|t:|1779807680
|switch|p2a: Alomomola|Alomomola, M|97/100
|move|p1a: Fezandipiti|Moonblast|p2a: Alomomola
|-damage|p2a: Alomomola|85/100
|
|upkeep
|turn|13
|
|t:|1779807687
|cant|p1a: Fezandipiti|par
|move|p2a: Alomomola|Flip Turn|p1a: Fezandipiti
|-damage|p1a: Fezandipiti|58/100 par
|
|t:|1779807696
|switch|p2a: Garchomp|Garchomp, M|76/100|[from] Flip Turn
|
|upkeep
|turn|14
|
|t:|1779807699
|move|p2a: Garchomp|Earthquake|p1a: Fezandipiti
|-supereffective|p1a: Fezandipiti
|-damage|p1a: Fezandipiti|0 fnt
|faint|p1a: Fezandipiti
|
|upkeep
|
|t:|1779807709
|switch|p1a: Raikou|Raikou, shiny|100/100
|-ability|p1a: Raikou|Pressure
|turn|15
|
|t:|1779807715
|move|p1a: Raikou|Scald|p2a: Garchomp
|-damage|p2a: Garchomp|51/100
|move|p2a: Garchomp|Earthquake|p1a: Raikou
|-supereffective|p1a: Raikou
|-damage|p1a: Raikou|0 fnt
|faint|p1a: Raikou
|
|upkeep
|inactive|Fowa2003 has 120 seconds left.
|
|t:|1779807753
|switch|p1a: Entei|Entei, shiny|100/100
|-damage|p1a: Entei|76/100|[from] Stealth Rock
|turn|16
|
|t:|1779807760
|move|p1a: Entei|Sacred Fire|p2a: Garchomp
|-resisted|p2a: Garchomp
|-damage|p2a: Garchomp|26/100
|move|p2a: Garchomp|Earthquake|p1a: Entei
|-supereffective|p1a: Entei
|-damage|p1a: Entei|0 fnt
|faint|p1a: Entei
|
|upkeep
|
|t:|1779807771
|switch|p1a: Munkidori|Munkidori, M|74/100
|-damage|p1a: Munkidori|61/100|[from] Stealth Rock
|turn|17
|
|t:|1779807778
|switch|p2a: Corviknight|Corviknight, F|87/100
|-ability|p2a: Corviknight|Pressure
|move|p1a: Munkidori|Focus Blast|p2a: Corviknight
|-damage|p2a: Corviknight|58/100
|
|-heal|p2a: Corviknight|64/100|[from] item: Leftovers
|upkeep
|turn|18
|
|t:|1779807793
|move|p1a: Munkidori|Focus Blast|p2a: Corviknight|[miss]
|-miss|p1a: Munkidori|p2a: Corviknight
|move|p2a: Corviknight|U-turn|p1a: Munkidori
|-damage|p1a: Munkidori|38/100
|
|t:|1779807797
|switch|p2a: Ogerpon|Ogerpon, F|100/100|[from] U-turn
|
|upkeep
|turn|19
|
|t:|1779807803
|move|p1a: Munkidori|Focus Blast|p2a: Ogerpon
|-damage|p2a: Ogerpon|47/100
|move|p2a: Ogerpon|Knock Off|p1a: Munkidori
|-supereffective|p1a: Munkidori
|-damage|p1a: Munkidori|0 fnt
|-enditem|p1a: Munkidori|Choice Scarf|[from] move: Knock Off|[of] p2a: Ogerpon
|faint|p1a: Munkidori
|
|upkeep
|inactive|Fowa2003 has 120 seconds left.
|
|t:|1779807833
|switch|p1a: Okidogi|Okidogi, M|100/100
|-damage|p1a: Okidogi|94/100|[from] Stealth Rock
|turn|20
|
|t:|1779807838
|switch|p2a: Garchomp|Garchomp, M|26/100
|move|p1a: Okidogi|Knock Off|p2a: Garchomp
|-damage|p2a: Garchomp|5/100
|-damage|p1a: Okidogi|82/100|[from] ability: Rough Skin|[of] p2a: Garchomp
|-damage|p1a: Okidogi|65/100|[from] item: Rocky Helmet|[of] p2a: Garchomp
|-enditem|p2a: Garchomp|Rocky Helmet|[from] move: Knock Off|[of] p1a: Okidogi
|
|-heal|p1a: Okidogi|72/100|[from] item: Leftovers
|upkeep
|turn|21
|
|t:|1779807850
|switch|p1a: Suicune|Suicune, shiny|100/100
|-damage|p1a: Suicune|88/100|[from] Stealth Rock
|-ability|p1a: Suicune|Pressure
|move|p2a: Garchomp|Earthquake|p1a: Suicune
|-damage|p1a: Suicune|66/100
|
|-heal|p1a: Suicune|72/100|[from] item: Leftovers
|upkeep
|turn|22
|
|t:|1779807865
|switch|p2a: Alomomola|Alomomola, M|100/100
|move|p1a: Suicune|Scald|p2a: Alomomola
|-resisted|p2a: Alomomola
|-damage|p2a: Alomomola|94/100
|-status|p2a: Alomomola|brn
|
|-heal|p1a: Suicune|78/100|[from] item: Leftovers
|-damage|p2a: Alomomola|88/100 brn|[from] brn
|upkeep
|turn|23
|
|t:|1779807872
|move|p1a: Suicune|Scald|p2a: Alomomola
|-resisted|p2a: Alomomola
|-damage|p2a: Alomomola|81/100 brn
|move|p2a: Alomomola|Body Slam|p1a: Suicune
|-damage|p1a: Suicune|74/100
|
|-heal|p1a: Suicune|80/100|[from] item: Leftovers
|-damage|p2a: Alomomola|75/100 brn|[from] brn
|upkeep
|turn|24
|
|t:|1779807875
|move|p1a: Suicune|Substitute|p1a: Suicune
|-start|p1a: Suicune|Substitute
|-damage|p1a: Suicune|55/100
|move|p2a: Alomomola|Body Slam|p1a: Suicune
|-activate|p1a: Suicune|move: Substitute|[damage]
|
|-heal|p1a: Suicune|62/100|[from] item: Leftovers
|-damage|p2a: Alomomola|69/100 brn|[from] brn
|upkeep
|turn|25
|
|t:|1779807880
|move|p1a: Suicune|Scald|p2a: Alomomola
|-resisted|p2a: Alomomola
|-damage|p2a: Alomomola|63/100 brn
|move|p2a: Alomomola|Flip Turn|p1a: Suicune
|-resisted|p1a: Suicune
|-activate|p1a: Suicune|move: Substitute|[damage]
|
|t:|1779807886
|switch|p2a: Corviknight|Corviknight, F|64/100|[from] Flip Turn
|-ability|p2a: Corviknight|Pressure
|
|-heal|p1a: Suicune|68/100|[from] item: Leftovers
|-heal|p2a: Corviknight|70/100|[from] item: Leftovers
|upkeep
|turn|26
|
|t:|1779807890
|move|p1a: Suicune|Scald|p2a: Corviknight
|-damage|p2a: Corviknight|51/100
|move|p2a: Corviknight|U-turn|p1a: Suicune
|-activate|p1a: Suicune|move: Substitute|[damage]
|
|t:|1779807894
|switch|p2a: Alomomola|Alomomola, M|96/100 brn|[from] U-turn
|
|-heal|p1a: Suicune|74/100|[from] item: Leftovers
|-damage|p2a: Alomomola|90/100 brn|[from] brn
|upkeep
|turn|27
|
|t:|1779807898
|move|p1a: Suicune|Calm Mind|p1a: Suicune
|-boost|p1a: Suicune|spa|1
|-boost|p1a: Suicune|spd|1
|move|p2a: Alomomola|Flip Turn|p1a: Suicune
|-resisted|p1a: Suicune
|-activate|p1a: Suicune|move: Substitute|[damage]
|
|t:|1779807901
|switch|p2a: Corviknight|Corviknight, F|51/100|[from] Flip Turn
|-ability|p2a: Corviknight|Pressure
|
|-heal|p1a: Suicune|80/100|[from] item: Leftovers
|-heal|p2a: Corviknight|58/100|[from] item: Leftovers
|upkeep
|turn|28
|
|t:|1779807903
|move|p1a: Suicune|Scald|p2a: Corviknight
|-damage|p2a: Corviknight|31/100
|-status|p2a: Corviknight|brn
|move|p2a: Corviknight|U-turn|p1a: Suicune
|-activate|p1a: Suicune|move: Substitute|[damage]
|
|t:|1779807906
|switch|p2a: Alomomola|Alomomola, M|100/100 brn|[from] U-turn
|
|-heal|p1a: Suicune|86/100|[from] item: Leftovers
|-damage|p2a: Alomomola|94/100 brn|[from] brn
|upkeep
|turn|29
|
|t:|1779807917
|move|p1a: Suicune|Calm Mind|p1a: Suicune
|-boost|p1a: Suicune|spa|1
|-boost|p1a: Suicune|spd|1
|move|p2a: Alomomola|Flip Turn|p1a: Suicune
|-resisted|p1a: Suicune
|-activate|p1a: Suicune|move: Substitute|[damage]
|
|t:|1779807924
|switch|p2a: Darkrai|Darkrai|100/100|[from] Flip Turn
|
|-heal|p1a: Suicune|93/100|[from] item: Leftovers
|upkeep
|turn|30
|
|t:|1779807929
|move|p2a: Darkrai|Dark Pulse|p1a: Suicune
|-end|p1a: Suicune|Substitute
|move|p1a: Suicune|Scald|p2a: Darkrai
|-damage|p2a: Darkrai|35/100
|
|-heal|p1a: Suicune|99/100|[from] item: Leftovers
|upkeep
|turn|31
|
|t:|1779807932
|move|p2a: Darkrai|Dark Pulse|p1a: Suicune
|-damage|p1a: Suicune|73/100
|move|p1a: Suicune|Scald|p2a: Darkrai
|-damage|p2a: Darkrai|0 fnt
|faint|p2a: Darkrai
|
|-heal|p1a: Suicune|79/100|[from] item: Leftovers
|upkeep
|
|t:|1779807937
|switch|p2a: Ogerpon|Ogerpon, F|47/100
|turn|32
|
|t:|1779807950
|-terastallize|p2a: Ogerpon|Grass
|detailschange|p2a: Ogerpon|Ogerpon-Teal-Tera, F, tera:Grass
|-ability|p2a: Ogerpon|Embody Aspect (Teal)|boost
|-boost|p2a: Ogerpon|spe|1
|move|p2a: Ogerpon|Ivy Cudgel|p1a: Suicune
|-supereffective|p1a: Suicune
|-damage|p1a: Suicune|8/100
|move|p1a: Suicune|Scald|p2a: Ogerpon
|-resisted|p2a: Ogerpon
|-damage|p2a: Ogerpon|20/100
|
|-heal|p1a: Suicune|14/100|[from] item: Leftovers
|upkeep
|turn|33
|
|t:|1779807960
|move|p2a: Ogerpon|Ivy Cudgel|p1a: Suicune
|-supereffective|p1a: Suicune
|-damage|p1a: Suicune|0 fnt
|faint|p1a: Suicune
|
|upkeep
|
|t:|1779807962
|switch|p1a: Okidogi|Okidogi, M|72/100
|-damage|p1a: Okidogi|65/100|[from] Stealth Rock
|turn|34
|
|t:|1779807965
|move|p2a: Ogerpon|Ivy Cudgel|p1a: Okidogi
|-resisted|p1a: Okidogi
|-damage|p1a: Okidogi|38/100
|move|p1a: Okidogi|Drain Punch|p2a: Ogerpon
|-damage|p2a: Ogerpon|0 fnt
|-heal|p1a: Okidogi|46/100|[from] drain|[of] p2a: Ogerpon
|faint|p2a: Ogerpon
|detailschange|p2: Ogerpon|Ogerpon, F|[silent]
|
|-heal|p1a: Okidogi|52/100|[from] item: Leftovers
|upkeep
|
|t:|1779807988
|switch|p2a: Garchomp|Garchomp, M|5/100
|turn|35
|
|t:|1779808016
|-terastallize|p1a: Okidogi|Dark
|move|p2a: Garchomp|Earthquake|p1a: Okidogi
|-damage|p1a: Okidogi|15/100
|move|p1a: Okidogi|Knock Off|p2a: Garchomp
|-damage|p2a: Garchomp|0 fnt
|-damage|p1a: Okidogi|3/100|[from] ability: Rough Skin|[of] p2a: Garchomp
|faint|p2a: Garchomp
|
|-heal|p1a: Okidogi|9/100|[from] item: Leftovers
|upkeep
|
|t:|1779808022
|switch|p2a: Alomomola|Alomomola, M|100/100 brn
|turn|36
|
|t:|1779808026
|move|p1a: Okidogi|Bulk Up|p1a: Okidogi
|-boost|p1a: Okidogi|atk|1
|-boost|p1a: Okidogi|def|1
|move|p2a: Alomomola|Flip Turn|p1a: Okidogi
|-damage|p1a: Okidogi|4/100
|
|t:|1779808029
|switch|p2a: Weezing|Weezing-Galar, M|100/100|[from] Flip Turn
|-ability|p2a: Weezing|Neutralizing Gas
|
|-heal|p1a: Okidogi|10/100|[from] item: Leftovers
|upkeep
|turn|37
|
|t:|1779808030
|move|p1a: Okidogi|Drain Punch|p2a: Weezing
|-resisted|p2a: Weezing
|-damage|p2a: Weezing|91/100
|-heal|p1a: Okidogi|14/100|[from] drain|[of] p2a: Weezing
|move|p2a: Weezing|Sludge Bomb|p1a: Okidogi
|-damage|p1a: Okidogi|0 fnt
|faint|p1a: Okidogi
|
|win|ItsChew.
|raw|Fowa2003's rating: 1332 &rarr; <strong>1310</strong><br />(-22 for losing)
|raw|ItsChew.'s rating: 1292 &rarr; <strong>1320</strong><br />(+28 for winning)
|c|☆Fowa2003|Lolz
|c|☆ItsChew.|Gg
|c|☆Fowa2003|Ye
|l|☆ItsChew.
|player|p2|
|l|☆Fowa2003
|player|p1|
