|j|☆uigkh
|j|☆s3basmas1s
|t:|1779819412
|gametype|singles
|player|p1|uigkh|flint|1109
|player|p2|s3basmas1s|alder|1130
|gen|9
|tier|[Gen 9] OU
|rated|
|rule|HP Percentage Mod: HP is shown in percentages
|rule|Endless Battle Clause: Forcing endless battles is banned
|rule|Species Clause: Limit one of each Pokémon
|rule|OHKO Clause: OHKO moves are banned
|rule|Evasion Items Clause: Evasion items are banned
|rule|Evasion Moves Clause: Evasion moves are banned
|rule|Evasion Abilities Clause: Evasion abilities are banned
|rule|Sleep Moves Clause: Sleep-inducing moves are banned
|clearpoke
|poke|p1|Oinkologne, M|
|poke|p1|Gliscor, F|
|poke|p1|Iron Valiant|
|poke|p1|Ogerpon-Wellspring, F|
|poke|p1|Raging Bolt|
|poke|p1|Heatran, M|
|poke|p2|Lokix, M|
|poke|p2|Iron Crown|
|poke|p2|Gliscor, F|
|poke|p2|Garganacl, M|
|poke|p2|Pecharunt|
|poke|p2|Cinderace, F|
|teampreview
|inactive|Battle timer is ON: inactive players will automatically lose when time's up. (requested by s3basmas1s)
|
|t:|1779819423
|teamsize|p1|6
|teamsize|p2|6
|start
|switch|p1a: Gliscor|Gliscor, F|100/100
|switch|p2a: Iron Crown|Iron Crown|100/100
|turn|1
|
|t:|1779819429
|move|p2a: Iron Crown|Psychic Noise|p1a: Gliscor
|-damage|p1a: Gliscor|52/100
|-start|p1a: Gliscor|move: Heal Block
|move|p1a: Gliscor|Knock Off|p2a: Iron Crown
|-supereffective|p2a: Iron Crown
|-damage|p2a: Iron Crown|53/100
|-enditem|p2a: Iron Crown|Choice Specs|[from] move: Knock Off|[of] p1a: Gliscor
|
|-status|p1a: Gliscor|tox|[from] item: Toxic Orb
|upkeep
|turn|2
|
|t:|1779819448
|switch|p1a: Heatran|Heatran, M|100/100
|-item|p1a: Heatran|Air Balloon
|move|p2a: Iron Crown|Tachyon Cutter|p1a: Heatran
|-resisted|p1a: Heatran
|-damage|p1a: Heatran|97/100
|-enditem|p1a: Heatran|Air Balloon
|-resisted|p1a: Heatran
|-damage|p1a: Heatran|93/100
|-hitcount|p1a: Heatran|2
|
|upkeep
|turn|3
|
|t:|1779819458
|move|p2a: Iron Crown|Focus Blast|p1a: Heatran
|-supereffective|p1a: Heatran
|-damage|p1a: Heatran|39/100
|move|p1a: Heatran|Stealth Rock|p2a: Iron Crown
|-sidestart|p2: s3basmas1s|move: Stealth Rock
|
|upkeep
|turn|4
|
|t:|1779819466
|switch|p1a: Gliscor|Gliscor, F|52/100 tox
|move|p2a: Iron Crown|Focus Blast|p1a: Gliscor
|-resisted|p1a: Gliscor
|-damage|p1a: Gliscor|37/100 tox
|
|-heal|p1a: Gliscor|49/100 tox|[from] ability: Poison Heal
|upkeep
|turn|5
|
|t:|1779819474
|move|p1a: Gliscor|Protect|p1a: Gliscor
|-singleturn|p1a: Gliscor|Protect
|move|p2a: Iron Crown|Psychic Noise|p1a: Gliscor
|-activate|p1a: Gliscor|move: Protect
|
|-heal|p1a: Gliscor|62/100 tox|[from] ability: Poison Heal
|upkeep
|turn|6
|
|t:|1779819481
|move|p2a: Iron Crown|Psychic Noise|p1a: Gliscor
|-damage|p1a: Gliscor|32/100 tox
|-start|p1a: Gliscor|move: Heal Block
|move|p1a: Gliscor|Earthquake|p2a: Iron Crown
|-supereffective|p2a: Iron Crown
|-damage|p2a: Iron Crown|0 fnt
|faint|p2a: Iron Crown
|-end|p2a: Iron Crown|Quark Drive|[silent]
|
|upkeep
|
|t:|1779819488
|switch|p2a: Cinderace|Cinderace, F, shiny|100/100
|turn|7
|
|t:|1779819493
|switch|p1a: Heatran|Heatran, M|39/100
|move|p2a: Cinderace|Court Change|p2a: Cinderace
|-start|p2a: Cinderace|typechange|Normal|[from] ability: Libero
|-swapsideconditions
|-activate|p2a: Cinderace|move: Court Change
|
|upkeep
|turn|8
|
|t:|1779819499
|move|p2a: Cinderace|U-turn|p1a: Heatran
|-resisted|p1a: Heatran
|-damage|p1a: Heatran|35/100
|
|t:|1779819503
|switch|p2a: Gliscor|Gliscor, F, shiny|100/100|[from] U-turn
|move|p1a: Heatran|Stealth Rock|p2a: Gliscor
|-sidestart|p2: s3basmas1s|move: Stealth Rock
|
|-status|p2a: Gliscor|tox|[from] item: Toxic Orb
|upkeep
|turn|9
|
|t:|1779819530
|move|p2a: Gliscor|Swords Dance|p2a: Gliscor
|-boost|p2a: Gliscor|atk|2
|move|p1a: Heatran|Taunt|p2a: Gliscor
|-start|p2a: Gliscor|move: Taunt
|
|upkeep
|turn|10
|
|t:|1779819544
|move|p2a: Gliscor|Earthquake|p1a: Heatran
|-supereffective|p1a: Heatran
|-damage|p1a: Heatran|0 fnt
|faint|p1a: Heatran
|
|upkeep
|
|t:|1779819553
|switch|p1a: Ogerpon|Ogerpon-Wellspring, F|100/100
|-damage|p1a: Ogerpon|88/100|[from] Stealth Rock
|turn|11
|
|t:|1779819557
|-terastallize|p1a: Ogerpon|Water
|detailschange|p1a: Ogerpon|Ogerpon-Wellspring-Tera, F, tera:Water
|-ability|p1a: Ogerpon|Embody Aspect (Wellspring)|boost
|-boost|p1a: Ogerpon|spd|1
|-terastallize|p2a: Gliscor|Normal
|move|p1a: Ogerpon|Horn Leech|p2a: Gliscor
|-damage|p2a: Gliscor|64/100 tox
|-heal|p1a: Ogerpon|100/100|[from] drain|[of] p2a: Gliscor
|move|p2a: Gliscor|Facade|p1a: Ogerpon
|-crit|p1a: Ogerpon
|-damage|p1a: Ogerpon|0 fnt
|faint|p1a: Ogerpon
|detailschange|p1: Ogerpon|Ogerpon-Wellspring, F|[silent]
|
|-heal|p2a: Gliscor|76/100 tox|[from] ability: Poison Heal
|upkeep
|
|t:|1779819577
|switch|p1a: Raging Bolt|Raging Bolt|100/100
|-damage|p1a: Raging Bolt|88/100|[from] Stealth Rock
|-enditem|p1a: Raging Bolt|Booster Energy
|-activate|p1a: Raging Bolt|ability: Protosynthesis|[fromitem]
|-start|p1a: Raging Bolt|protosynthesisspa
|turn|12
|
|t:|1779819584
|move|p1a: Raging Bolt|Thunderclap|p2a: Gliscor
|-damage|p2a: Gliscor|2/100 tox
|move|p2a: Gliscor|Earthquake|p1a: Raging Bolt
|-supereffective|p1a: Raging Bolt
|-damage|p1a: Raging Bolt|0 fnt
|faint|p1a: Raging Bolt
|-end|p1a: Raging Bolt|Protosynthesis|[silent]
|
|-heal|p2a: Gliscor|15/100 tox|[from] ability: Poison Heal
|-end|p2a: Gliscor|move: Taunt
|upkeep
|
|t:|1779819594
|switch|p1a: Iron Valiant|Iron Valiant|100/100
|-damage|p1a: Iron Valiant|94/100|[from] Stealth Rock
|-enditem|p1a: Iron Valiant|Booster Energy
|-activate|p1a: Iron Valiant|ability: Quark Drive|[fromitem]
|-start|p1a: Iron Valiant|quarkdrivespe
|turn|13
|
|t:|1779819600
|move|p2a: Gliscor|Protect|p2a: Gliscor
|-singleturn|p2a: Gliscor|Protect
|move|p1a: Iron Valiant|Vacuum Wave|p2a: Gliscor
|-activate|p2a: Gliscor|move: Protect
|
|-heal|p2a: Gliscor|27/100 tox|[from] ability: Poison Heal
|upkeep
|turn|14
|
|t:|1779819606
|move|p1a: Iron Valiant|Vacuum Wave|p2a: Gliscor
|-supereffective|p2a: Gliscor
|-damage|p2a: Gliscor|0 fnt
|faint|p2a: Gliscor
|
|upkeep
|
|t:|1779819609
|switch|p2a: Pecharunt|Pecharunt|100/100
|-damage|p2a: Pecharunt|88/100|[from] Stealth Rock
|turn|15
|
|t:|1779819614
|move|p1a: Iron Valiant|Shadow Ball|p2a: Pecharunt
|-supereffective|p2a: Pecharunt
|-damage|p2a: Pecharunt|33/100
|-unboost|p2a: Pecharunt|spd|1
|move|p2a: Pecharunt|Parting Shot|p1a: Iron Valiant
|-unboost|p1a: Iron Valiant|atk|1
|-unboost|p1a: Iron Valiant|spa|1
|
|t:|1779819620
|switch|p2a: Cinderace|Cinderace, F, shiny|100/100|[from] Parting Shot
|
|upkeep
|turn|16
|
|t:|1779819631
|move|p1a: Iron Valiant|Moonblast|p2a: Cinderace
|-resisted|p2a: Cinderace
|-damage|p2a: Cinderace|77/100
|-unboost|p2a: Cinderace|spa|1
|move|p2a: Cinderace|Pyro Ball|p1a: Iron Valiant
|-damage|p1a: Iron Valiant|22/100
|-status|p1a: Iron Valiant|brn
|
|-damage|p1a: Iron Valiant|15/100 brn|[from] brn
|upkeep
|turn|17
|
|t:|1779819643
|move|p1a: Iron Valiant|Shadow Ball|p2a: Cinderace
|-damage|p2a: Cinderace|53/100
|move|p2a: Cinderace|Pyro Ball|p1a: Iron Valiant|[miss]
|-miss|p2a: Cinderace|p1a: Iron Valiant
|
|-damage|p1a: Iron Valiant|9/100 brn|[from] brn
|upkeep
|turn|18
|
|t:|1779819651
|move|p1a: Iron Valiant|Moonblast|p2a: Cinderace
|-resisted|p2a: Cinderace
|-damage|p2a: Cinderace|29/100
|move|p2a: Cinderace|Pyro Ball|p1a: Iron Valiant
|-damage|p1a: Iron Valiant|0 fnt
|faint|p1a: Iron Valiant
|-end|p1a: Iron Valiant|Quark Drive|[silent]
|
|upkeep
|
|t:|1779819658
|switch|p1a: Gliscor|Gliscor, F|32/100 tox
|-damage|p1a: Gliscor|19/100 tox|[from] Stealth Rock
|turn|19
|
|t:|1779819668
|move|p1a: Gliscor|Protect|p1a: Gliscor
|-singleturn|p1a: Gliscor|Protect
|move|p2a: Cinderace|Pyro Ball|p1a: Gliscor
|-activate|p1a: Gliscor|move: Protect
|
|-heal|p1a: Gliscor|32/100 tox|[from] ability: Poison Heal
|upkeep
|turn|20
|
|t:|1779819674
|move|p2a: Cinderace|Pyro Ball|p1a: Gliscor
|-damage|p1a: Gliscor|0 fnt
|faint|p1a: Gliscor
|
|upkeep
|
|t:|1779819678
|switch|p1a: Wilbur|Oinkologne, M|100/100
|-damage|p1a: Wilbur|88/100|[from] Stealth Rock
|turn|21
|
|t:|1779819682
|move|p2a: Cinderace|Will-O-Wisp|p1a: Wilbur|[miss]
|-miss|p2a: Cinderace|p1a: Wilbur
|move|p1a: Wilbur|Curse|p1a: Wilbur
|-unboost|p1a: Wilbur|spe|1
|-boost|p1a: Wilbur|atk|1
|-boost|p1a: Wilbur|def|1
|
|-heal|p1a: Wilbur|94/100|[from] item: Leftovers
|upkeep
|turn|22
|
|t:|1779819691
|move|p2a: Cinderace|Will-O-Wisp|p1a: Wilbur
|-status|p1a: Wilbur|brn
|move|p1a: Wilbur|Body Slam|p2a: Cinderace
|-damage|p2a: Cinderace|0 fnt
|faint|p2a: Cinderace
|
|-heal|p1a: Wilbur|99/100 brn|[from] item: Leftovers
|-damage|p1a: Wilbur|94/100 brn|[from] brn
|upkeep
|
|t:|1779819695
|switch|p2a: Pecharunt|Pecharunt|33/100
|-damage|p2a: Pecharunt|21/100|[from] Stealth Rock
|turn|23
|
|t:|1779819705
|move|p2a: Pecharunt|Recover|p2a: Pecharunt
|-heal|p2a: Pecharunt|71/100
|move|p1a: Wilbur|High Horsepower|p2a: Pecharunt
|-supereffective|p2a: Pecharunt
|-crit|p2a: Pecharunt
|-damage|p2a: Pecharunt|39/100
|
|-heal|p2a: Pecharunt|45/100|[from] item: Leftovers
|-heal|p1a: Wilbur|99/100 brn|[from] item: Leftovers
|-damage|p1a: Wilbur|94/100 brn|[from] brn
|upkeep
|turn|24
|
|t:|1779819714
|move|p2a: Pecharunt|Parting Shot|p1a: Wilbur
|-unboost|p1a: Wilbur|atk|1
|-unboost|p1a: Wilbur|spa|1
|
|t:|1779819716
|switch|p2a: Garganacl|Garganacl, M, shiny|100/100|[from] Parting Shot
|-damage|p2a: Garganacl|88/100|[from] Stealth Rock
|move|p1a: Wilbur|Curse|p1a: Wilbur
|-unboost|p1a: Wilbur|spe|1
|-boost|p1a: Wilbur|atk|1
|-boost|p1a: Wilbur|def|1
|
|-heal|p2a: Garganacl|94/100|[from] item: Leftovers
|-heal|p1a: Wilbur|99/100 brn|[from] item: Leftovers
|-damage|p1a: Wilbur|94/100 brn|[from] brn
|upkeep
|turn|25
|
|t:|1779819727
|move|p2a: Garganacl|Salt Cure|p1a: Wilbur
|-damage|p1a: Wilbur|86/100 brn
|-start|p1a: Wilbur|Salt Cure
|move|p1a: Wilbur|High Horsepower|p2a: Garganacl
|-supereffective|p2a: Garganacl
|-damage|p2a: Garganacl|63/100
|
|-heal|p2a: Garganacl|69/100|[from] item: Leftovers
|-heal|p1a: Wilbur|92/100 brn|[from] item: Leftovers
|-damage|p1a: Wilbur|86/100 brn|[from] brn
|-damage|p1a: Wilbur|74/100 brn|[from] Salt Cure
|upkeep
|turn|26
|
|t:|1779819738
|switch|p2a: Pecharunt|Pecharunt|45/100
|-damage|p2a: Pecharunt|33/100|[from] Stealth Rock
|move|p1a: Wilbur|Body Slam|p2a: Pecharunt
|-immune|p2a: Pecharunt
|
|-heal|p2a: Pecharunt|39/100|[from] item: Leftovers
|-heal|p1a: Wilbur|80/100 brn|[from] item: Leftovers
|-damage|p1a: Wilbur|74/100 brn|[from] brn
|-damage|p1a: Wilbur|61/100 brn|[from] Salt Cure
|upkeep
|turn|27
|
|t:|1779819748
|move|p2a: Pecharunt|Recover|p2a: Pecharunt
|-heal|p2a: Pecharunt|89/100
|move|p1a: Wilbur|High Horsepower|p2a: Pecharunt
|-supereffective|p2a: Pecharunt
|-damage|p2a: Pecharunt|67/100
|
|-heal|p2a: Pecharunt|73/100|[from] item: Leftovers
|-heal|p1a: Wilbur|67/100 brn|[from] item: Leftovers
|-damage|p1a: Wilbur|61/100 brn|[from] brn
|-damage|p1a: Wilbur|49/100 brn|[from] Salt Cure
|upkeep
|turn|28
|
|t:|1779819757
|move|p2a: Pecharunt|Parting Shot|p1a: Wilbur
|-unboost|p1a: Wilbur|atk|1
|-unboost|p1a: Wilbur|spa|1
|
|t:|1779819759
|switch|p2a: Garganacl|Garganacl, M, shiny|69/100|[from] Parting Shot
|-damage|p2a: Garganacl|57/100|[from] Stealth Rock
|move|p1a: Wilbur|Curse|p1a: Wilbur
|-unboost|p1a: Wilbur|spe|1
|-boost|p1a: Wilbur|atk|1
|-boost|p1a: Wilbur|def|1
|
|-heal|p2a: Garganacl|63/100|[from] item: Leftovers
|-heal|p1a: Wilbur|55/100 brn|[from] item: Leftovers
|-damage|p1a: Wilbur|49/100 brn|[from] brn
|-damage|p1a: Wilbur|36/100 brn|[from] Salt Cure
|upkeep
|turn|29
|
|t:|1779819771
|move|p2a: Garganacl|Recover|p2a: Garganacl
|-heal|p2a: Garganacl|100/100
|move|p1a: Wilbur|Curse|p1a: Wilbur
|-unboost|p1a: Wilbur|spe|1
|-boost|p1a: Wilbur|atk|1
|-boost|p1a: Wilbur|def|1
|
|-heal|p1a: Wilbur|42/100 brn|[from] item: Leftovers
|-damage|p1a: Wilbur|36/100 brn|[from] brn
|-damage|p1a: Wilbur|24/100 brn|[from] Salt Cure
|upkeep
|turn|30
|
|t:|1779819780
|switch|p2a: Pecharunt|Pecharunt|73/100
|-damage|p2a: Pecharunt|60/100|[from] Stealth Rock
|move|p1a: Wilbur|Body Slam|p2a: Pecharunt
|-immune|p2a: Pecharunt
|
|-heal|p2a: Pecharunt|67/100|[from] item: Leftovers
|-heal|p1a: Wilbur|30/100 brn|[from] item: Leftovers
|-damage|p1a: Wilbur|24/100 brn|[from] brn
|-damage|p1a: Wilbur|11/100 brn|[from] Salt Cure
|upkeep
|turn|31
|
|t:|1779819791
|move|p2a: Pecharunt|Foul Play|p1a: Wilbur
|-damage|p1a: Wilbur|0 fnt
|faint|p1a: Wilbur
|
|win|s3basmas1s
|raw|uigkh's rating: 1109 &rarr; <strong>1086</strong><br />(-23 for losing)
|raw|s3basmas1s's rating: 1130 &rarr; <strong>1153</strong><br />(+23 for winning)
|l|☆s3basmas1s
|player|p2|
|l|☆uigkh
|player|p1|
