|j|☆Notverymoisttbh
|j|☆npctypebeat
|t:|1779939813
|gametype|singles
|player|p1|Notverymoisttbh|youngster-gen4dp|1103
|player|p2|npctypebeat|102|1164
|gen|9
|tier|[Gen 9] OU
|rated|
|rule|HP Percentage Mod: HP is shown in percentages
|rule|Endless Battle Clause: Forcing endless battles is banned
|rule|Species Clause: Limit one of each Pokémon
|rule|OHKO Clause: OHKO moves are banned
|rule|Evasion Items Clause: Evasion items are banned
|rule|Evasion Moves Clause: Evasion moves are banned
|rule|Evasion Abilities Clause: Evasion abilities are banned
|rule|Sleep Moves Clause: Sleep-inducing moves are banned
|clearpoke
|poke|p1|Ceruledge, F|
|poke|p1|Cloyster, F|
|poke|p1|Polteageist|
|poke|p1|Drednaw, F|
|poke|p1|Maushold|
|poke|p1|Bruxish, M|
|poke|p2|Gliscor, F|
|poke|p2|Gholdengo|
|poke|p2|Zamazenta-*|
|poke|p2|Blissey, F|
|poke|p2|Skarmory, F|
|poke|p2|Pecharunt|
|teampreview
|c|☆npctypebeat|hf
|inactive|Battle timer is ON: inactive players will automatically lose when time's up. (requested by npctypebeat)
|
|t:|1779939820
|teamsize|p1|6
|teamsize|p2|6
|start
|switch|p1a: Drednaw|Drednaw, F|100/100
|switch|p2a: Skarmory|Skarmory, F|100/100
|turn|1
|
|t:|1779939826
|move|p1a: Drednaw|Shell Smash|p1a: Drednaw
|-unboost|p1a: Drednaw|def|1
|-unboost|p1a: Drednaw|spd|1
|-boost|p1a: Drednaw|atk|2
|-boost|p1a: Drednaw|spa|2
|-boost|p1a: Drednaw|spe|2
|move|p2a: Skarmory|Spikes|p1a: Drednaw
|-sidestart|p1: Notverymoisttbh|Spikes
|
|upkeep
|turn|2
|
|t:|1779939829
|move|p1a: Drednaw|Liquidation|p2a: Skarmory
|-damage|p2a: Skarmory|48/100
|move|p2a: Skarmory|Whirlwind|p1a: Drednaw
|drag|p1a: Bruxish|Bruxish, M|100/100
|-damage|p1a: Bruxish|88/100|[from] Spikes
|
|upkeep
|turn|3
|
|t:|1779939841
|move|p1a: Bruxish|Swords Dance|p1a: Bruxish
|-boost|p1a: Bruxish|atk|2
|move|p2a: Skarmory|Roost|p2a: Skarmory
|-heal|p2a: Skarmory|98/100
|-singleturn|p2a: Skarmory|move: Roost
|
|upkeep
|turn|4
|
|t:|1779939846
|move|p1a: Bruxish|Waterfall|p2a: Skarmory
|-damage|p2a: Skarmory|53/100
|move|p2a: Skarmory|Whirlwind|p1a: Bruxish
|drag|p1a: Maushold|Maushold|100/100
|-damage|p1a: Maushold|88/100|[from] Spikes
|
|upkeep
|turn|5
|
|t:|1779939852
|move|p1a: Maushold|Tidy Up|p1a: Maushold
|-sideend|p1: Notverymoisttbh|Spikes
|-activate|p1a: Maushold|move: Tidy Up
|-boost|p1a: Maushold|atk|1
|-boost|p1a: Maushold|spe|1
|move|p2a: Skarmory|Roost|p2a: Skarmory
|-heal|p2a: Skarmory|100/100
|-singleturn|p2a: Skarmory|move: Roost
|
|upkeep
|turn|6
|
|t:|1779939861
|move|p1a: Maushold|Tidy Up|p1a: Maushold
|-boost|p1a: Maushold|atk|1
|-boost|p1a: Maushold|spe|1
|move|p2a: Skarmory|Whirlwind|p1a: Maushold
|drag|p1a: Ceruledge|Ceruledge, F|100/100
|
|upkeep
|turn|7
|
|t:|1779939865
|move|p1a: Ceruledge|Swords Dance|p1a: Ceruledge
|-boost|p1a: Ceruledge|atk|2
|move|p2a: Skarmory|Spikes|p1a: Ceruledge
|-sidestart|p1: Notverymoisttbh|Spikes
|
|upkeep
|turn|8
|
|t:|1779939868
|move|p1a: Ceruledge|Bitter Blade|p2a: Skarmory
|-supereffective|p2a: Skarmory
|-ability|p2a: Skarmory|Sturdy
|-damage|p2a: Skarmory|1/100
|move|p2a: Skarmory|Whirlwind|p1a: Ceruledge
|drag|p1a: Drednaw|Drednaw, F|100/100
|-damage|p1a: Drednaw|88/100|[from] Spikes
|
|upkeep
|turn|9
|
|t:|1779939876
|switch|p2a: Zamazenta|Zamazenta|100/100
|-ability|p2a: Zamazenta|Dauntless Shield|boost
|-boost|p2a: Zamazenta|def|1
|move|p1a: Drednaw|Shell Smash|p1a: Drednaw
|-unboost|p1a: Drednaw|def|1
|-unboost|p1a: Drednaw|spd|1
|-boost|p1a: Drednaw|atk|2
|-boost|p1a: Drednaw|spa|2
|-boost|p1a: Drednaw|spe|2
|
|upkeep
|turn|10
|
|t:|1779939885
|move|p1a: Drednaw|Liquidation|p2a: Zamazenta
|-damage|p2a: Zamazenta|48/100
|move|p2a: Zamazenta|Close Combat|p1a: Drednaw
|-supereffective|p1a: Drednaw
|-damage|p1a: Drednaw|0 fnt
|-unboost|p2a: Zamazenta|def|1
|-unboost|p2a: Zamazenta|spd|1
|faint|p1a: Drednaw
|
|upkeep
|
|t:|1779939915
|switch|p1a: Polteageist|Polteageist|100/100
|-damage|p1a: Polteageist|88/100|[from] Spikes
|turn|11
|
|t:|1779939922
|move|p2a: Zamazenta|Crunch|p1a: Polteageist
|-supereffective|p1a: Polteageist
|-crit|p1a: Polteageist
|-damage|p1a: Polteageist|0 fnt
|faint|p1a: Polteageist
|
|upkeep
|
|t:|1779939926
|switch|p1a: Cloyster|Cloyster, F|100/100
|-damage|p1a: Cloyster|88/100|[from] Spikes
|turn|12
|
|t:|1779939928
|move|p2a: Zamazenta|Close Combat|p1a: Cloyster
|-supereffective|p1a: Cloyster
|-damage|p1a: Cloyster|0 fnt
|-unboost|p2a: Zamazenta|def|1
|-unboost|p2a: Zamazenta|spd|1
|faint|p1a: Cloyster
|
|upkeep
|
|t:|1779939932
|switch|p1a: Ceruledge|Ceruledge, F|100/100
|-damage|p1a: Ceruledge|88/100|[from] Spikes
|turn|13
|
|t:|1779939939
|move|p2a: Zamazenta|Crunch|p1a: Ceruledge
|-supereffective|p1a: Ceruledge
|-damage|p1a: Ceruledge|13/100
|-ability|p1a: Ceruledge|Weak Armor|boost
|-unboost|p1a: Ceruledge|def|1
|-boost|p1a: Ceruledge|spe|2
|move|p1a: Ceruledge|Swords Dance|p1a: Ceruledge
|-boost|p1a: Ceruledge|atk|2
|
|upkeep
|turn|14
|
|t:|1779939944
|move|p1a: Ceruledge|Bitter Blade|p2a: Zamazenta
|-damage|p2a: Zamazenta|0 fnt
|-heal|p1a: Ceruledge|40/100|[from] drain|[of] p2a: Zamazenta
|faint|p2a: Zamazenta
|
|upkeep
|
|t:|1779939951
|switch|p2a: Gliscor|Gliscor, F|100/100
|turn|15
|
|t:|1779939957
|move|p1a: Ceruledge|Bitter Blade|p2a: Gliscor
|-damage|p2a: Gliscor|27/100
|-heal|p1a: Ceruledge|84/100|[from] drain|[of] p2a: Gliscor
|move|p2a: Gliscor|Earthquake|p1a: Ceruledge
|-supereffective|p1a: Ceruledge
|-damage|p1a: Ceruledge|0 fnt
|faint|p1a: Ceruledge
|
|-status|p2a: Gliscor|tox|[from] item: Toxic Orb
|upkeep
|
|t:|1779939971
|switch|p1a: Bruxish|Bruxish, M|88/100
|-damage|p1a: Bruxish|76/100|[from] Spikes
|turn|16
|
|t:|1779939978
|move|p1a: Bruxish|Swords Dance|p1a: Bruxish
|-boost|p1a: Bruxish|atk|2
|move|p2a: Gliscor|Earthquake|p1a: Bruxish
|-damage|p1a: Bruxish|17/100
|
|-heal|p2a: Gliscor|39/100 tox|[from] ability: Poison Heal
|upkeep
|turn|17
|
|t:|1779939983
|switch|p2a: Pecharunt|Pecharunt|100/100
|move|p1a: Bruxish|Waterfall|p2a: Pecharunt
|-damage|p2a: Pecharunt|68/100
|
|upkeep
|turn|18
|
|t:|1779939992
|move|p1a: Bruxish|Waterfall|p2a: Pecharunt
|-damage|p2a: Pecharunt|37/100
|cant|p2a: Pecharunt|flinch
|
|upkeep
|turn|19
|
|t:|1779940003
|-terastallize|p1a: Bruxish|Water
|move|p1a: Bruxish|Waterfall|p2a: Pecharunt
|-damage|p2a: Pecharunt|0 fnt
|faint|p2a: Pecharunt
|
|upkeep
|
|t:|1779940008
|switch|p2a: Gholdengo|Gholdengo|100/100
|turn|20
|
|t:|1779940018
|move|p1a: Bruxish|Waterfall|p2a: Gholdengo
|-damage|p2a: Gholdengo|29/100
|move|p2a: Gholdengo|Hex|p1a: Bruxish
|-damage|p1a: Bruxish|0 fnt
|faint|p1a: Bruxish
|
|upkeep
|
|t:|1779940023
|switch|p1a: Maushold|Maushold|88/100
|-damage|p1a: Maushold|76/100|[from] Spikes
|turn|21
|
|t:|1779940031
|switch|p2a: Skarmory|Skarmory, F|1/100
|move|p1a: Maushold|Tidy Up|p1a: Maushold
|-sideend|p1: Notverymoisttbh|Spikes
|-activate|p1a: Maushold|move: Tidy Up
|-boost|p1a: Maushold|atk|1
|-boost|p1a: Maushold|spe|1
|
|upkeep
|turn|22
|
|t:|1779940039
|move|p1a: Maushold|Bite|p2a: Skarmory
|-damage|p2a: Skarmory|0 fnt
|faint|p2a: Skarmory
|
|upkeep
|
|t:|1779940049
|switch|p2a: Gliscor|Gliscor, F|39/100 tox
|turn|23
|
|t:|1779940057
|move|p1a: Maushold|Population Bomb|p2a: Gliscor
|-damage|p2a: Gliscor|25/100 tox
|-damage|p2a: Gliscor|8/100 tox
|-damage|p2a: Gliscor|0 fnt
|faint|p2a: Gliscor
|-hitcount|p2: Gliscor|3
|
|upkeep
|
|t:|1779940065
|switch|p2a: Gholdengo|Gholdengo|29/100
|turn|24
|
|t:|1779940074
|move|p1a: Maushold|Bite|p2a: Gholdengo
|-supereffective|p2a: Gholdengo
|-damage|p2a: Gholdengo|0 fnt
|faint|p2a: Gholdengo
|
|upkeep
|
|t:|1779940082
|switch|p2a: Blissey|Blissey, F|100/100
|turn|25
|
|t:|1779940086
|move|p1a: Maushold|Population Bomb|p2a: Blissey
|-damage|p2a: Blissey|81/100
|-damage|p2a: Blissey|63/100
|-damage|p2a: Blissey|45/100
|-damage|p2a: Blissey|25/100
|-damage|p2a: Blissey|7/100
|-damage|p2a: Blissey|0 fnt
|faint|p2a: Blissey
|-hitcount|p2: Blissey|6
|
|win|Notverymoisttbh
|raw|Notverymoisttbh's rating: 1133 &rarr; <strong>1156</strong><br />(+23 for winning)
|raw|npctypebeat's rating: 1110 &rarr; <strong>1087</strong><br />(-23 for losing)
|c|☆npctypebeat|gg
