|j|☆tejadpx
|j|☆natty dice
|t:|1779856530
|gametype|singles
|player|p1|tejadpx|youngcouple|1297
|player|p2|natty dice|bugcatcher-gen4dp|1342
|gen|9
|tier|[Gen 9] OU
|rated|
|rule|HP Percentage Mod: HP is shown in percentages
|rule|Endless Battle Clause: Forcing endless battles is banned
|rule|Species Clause: Limit one of each Pokémon
|rule|OHKO Clause: OHKO moves are banned
|rule|Evasion Items Clause: Evasion items are banned
|rule|Evasion Moves Clause: Evasion moves are banned
|rule|Evasion Abilities Clause: Evasion abilities are banned
|rule|Sleep Moves Clause: Sleep-inducing moves are banned
|clearpoke
|poke|p1|Ninetales, F|
|poke|p1|Walking Wake|
|poke|p1|Great Tusk|
|poke|p1|Raging Bolt|
|poke|p1|Cresselia, F|
|poke|p1|Iron Moth|
|poke|p2|Arcanine-Hisui, M|
|poke|p2|Quaquaval, M|
|poke|p2|Gholdengo|
|poke|p2|Iron Moth|
|poke|p2|Ting-Lu|
|poke|p2|Hydrapple, M|
|teampreview
|inactive|Battle timer is ON: inactive players will automatically lose when time's up. (requested by natty dice)
|
|t:|1779856542
|teamsize|p1|6
|teamsize|p2|6
|start
|switch|p1a: Cresselia|Cresselia, F|100/100
|switch|p2a: Arcanine|Arcanine-Hisui, M, shiny|100/100
|turn|1
|
|t:|1779856546
|move|p2a: Arcanine|Head Smash|p1a: Cresselia
|-damage|p1a: Cresselia|46/100
|-enditem|p1a: Cresselia|Eject Button
|-damage|p2a: Arcanine|91/100|[from] item: Life Orb
|
|t:|1779856553
|switch|p1a: Great Tusk|Great Tusk|100/100
|
|upkeep
|turn|2
|
|t:|1779856558
|move|p2a: Arcanine|Protect|p2a: Arcanine
|-singleturn|p2a: Arcanine|Protect
|move|p1a: Great Tusk|Headlong Rush|p2a: Arcanine
|-activate|p2a: Arcanine|move: Protect
|
|upkeep
|turn|3
|
|t:|1779856562
|switch|p2a: Hydrapple|Hydrapple, M|100/100
|move|p1a: Great Tusk|Stealth Rock|p2a: Hydrapple
|-sidestart|p2: natty dice|move: Stealth Rock
|
|upkeep
|turn|4
|
|t:|1779856566
|-end|p1a: Great Tusk|Protosynthesis|[silent]
|switch|p1a: Ninetales|Ninetales, F|100/100
|-weather|SunnyDay|[from] ability: Drought|[of] p1a: Ninetales
|move|p2a: Hydrapple|Giga Drain|p1a: Ninetales
|-resisted|p1a: Ninetales
|-damage|p1a: Ninetales|84/100
|
|-weather|SunnyDay|[upkeep]
|upkeep
|turn|5
|
|t:|1779856572
|switch|p2a: Quaquaval|Quaquaval, M|100/100
|-damage|p2a: Quaquaval|94/100|[from] Stealth Rock
|move|p1a: Ninetales|Overheat|p2a: Quaquaval
|-resisted|p2a: Quaquaval
|-damage|p2a: Quaquaval|58/100
|-unboost|p1a: Ninetales|spa|2
|
|-weather|SunnyDay|[upkeep]
|-heal|p2a: Quaquaval|64/100|[from] item: Leftovers
|upkeep
|turn|6
|
|t:|1779856580
|switch|p1a: Cresselia|Cresselia, F|46/100
|move|p2a: Quaquaval|Rapid Spin|p1a: Cresselia
|-damage|p1a: Cresselia|37/100
|-boost|p2a: Quaquaval|spe|1
|-sideend|p2: natty dice|Stealth Rock|[from] move: Rapid Spin|[of] p2a: Quaquaval
|
|-weather|SunnyDay|[upkeep]
|-heal|p2a: Quaquaval|70/100|[from] item: Leftovers
|upkeep
|turn|7
|
|t:|1779856606
|move|p2a: Quaquaval|Aqua Step|p1a: Cresselia
|-damage|p1a: Cresselia|27/100
|-boost|p2a: Quaquaval|spe|1
|move|p1a: Cresselia|Thunder Wave|p2a: Quaquaval
|-status|p2a: Quaquaval|par
|
|-weather|SunnyDay|[upkeep]
|-heal|p2a: Quaquaval|76/100 par|[from] item: Leftovers
|upkeep
|turn|8
|
|t:|1779856611
|switch|p2a: Arcanine|Arcanine-Hisui, M, shiny|91/100
|move|p1a: Cresselia|Moonlight|p1a: Cresselia
|-heal|p1a: Cresselia|94/100
|
|-weather|SunnyDay|[upkeep]
|upkeep
|turn|9
|
|t:|1779856621
|move|p2a: Arcanine|Head Smash|p1a: Cresselia|[miss]
|-miss|p2a: Arcanine|p1a: Cresselia
|move|p1a: Cresselia|Thunder Wave|p2a: Arcanine
|-status|p2a: Arcanine|par
|
|-weather|SunnyDay|[upkeep]
|upkeep
|turn|10
|
|t:|1779856625
|move|p1a: Cresselia|Ice Beam|p2a: Arcanine
|-resisted|p2a: Arcanine
|-damage|p2a: Arcanine|81/100 par
|cant|p2a: Arcanine|par
|
|-weather|SunnyDay|[upkeep]
|upkeep
|turn|11
|
|t:|1779856630
|move|p1a: Cresselia|Ice Beam|p2a: Arcanine
|-resisted|p2a: Arcanine
|-damage|p2a: Arcanine|71/100 par
|move|p2a: Arcanine|Head Smash|p1a: Cresselia
|-damage|p1a: Cresselia|39/100
|-damage|p2a: Arcanine|61/100 par|[from] item: Life Orb
|
|-weather|none
|upkeep
|turn|12
|
|t:|1779856642
|switch|p2a: Ting-Lu|Ting-Lu|100/100
|-ability|p2a: Ting-Lu|Vessel of Ruin
|move|p1a: Cresselia|Moonlight|p1a: Cresselia
|-heal|p1a: Cresselia|89/100
|
|upkeep
|turn|13
|
|t:|1779856645
|switch|p1a: Ninetales|Ninetales, F|84/100
|-weather|SunnyDay|[from] ability: Drought|[of] p1a: Ninetales
|move|p2a: Ting-Lu|Throat Chop|p1a: Ninetales
|-damage|p1a: Ninetales|36/100
|-start|p1a: Ninetales|Throat Chop|[silent]
|
|-weather|SunnyDay|[upkeep]
|upkeep
|turn|14
|
|t:|1779856652
|switch|p1a: Walking Wake|Walking Wake|100/100
|-activate|p1a: Walking Wake|ability: Protosynthesis
|-start|p1a: Walking Wake|protosynthesisspa
|move|p2a: Ting-Lu|Stealth Rock|p1a: Walking Wake
|-sidestart|p1: tejadpx|move: Stealth Rock
|
|-weather|SunnyDay|[upkeep]
|upkeep
|turn|15
|
|t:|1779856666
|switch|p2a: Quaquaval|Quaquaval, M|76/100 par
|move|p1a: Walking Wake|Draco Meteor|p2a: Quaquaval
|-damage|p2a: Quaquaval|0 fnt
|-unboost|p1a: Walking Wake|spa|2
|faint|p2a: Quaquaval
|
|-weather|SunnyDay|[upkeep]
|upkeep
|
|t:|1779856671
|switch|p2a: Hydrapple|Hydrapple, M|100/100
|turn|16
|
|t:|1779856674
|move|p1a: Walking Wake|Draco Meteor|p2a: Hydrapple
|-supereffective|p2a: Hydrapple
|-damage|p2a: Hydrapple|0 fnt
|-unboost|p1a: Walking Wake|spa|2
|faint|p2a: Hydrapple
|
|-weather|SunnyDay|[upkeep]
|upkeep
|
|t:|1779856684
|switch|p2a: Gholdengo|Gholdengo|100/100
|turn|17
|
|t:|1779856694
|-end|p1a: Walking Wake|Protosynthesis|[silent]
|switch|p1a: Great Tusk|Great Tusk|100/100
|-damage|p1a: Great Tusk|97/100|[from] Stealth Rock
|-activate|p1a: Great Tusk|ability: Protosynthesis
|-start|p1a: Great Tusk|protosynthesisspe
|move|p2a: Gholdengo|Shadow Ball|p1a: Great Tusk
|-damage|p1a: Great Tusk|47/100
|
|-weather|SunnyDay|[upkeep]
|upkeep
|turn|18
|
|t:|1779856702
|move|p1a: Great Tusk|Headlong Rush|p2a: Gholdengo
|-supereffective|p2a: Gholdengo
|-damage|p2a: Gholdengo|0 fnt
|-unboost|p1a: Great Tusk|def|1
|-unboost|p1a: Great Tusk|spd|1
|faint|p2a: Gholdengo
|
|-weather|SunnyDay|[upkeep]
|upkeep
|
|t:|1779856708
|switch|p2a: Iron Moth|Iron Moth|100/100
|turn|19
|
|t:|1779856713
|move|p2a: Iron Moth|Fiery Dance|p1a: Great Tusk
|-damage|p1a: Great Tusk|0 fnt
|faint|p1a: Great Tusk
|-end|p1a: Great Tusk|Protosynthesis|[silent]
|
|-weather|SunnyDay|[upkeep]
|upkeep
|c|☆tejadpx|how are you faster than me ;-;
|inactive|tejadpx has 120 seconds left.
|
|t:|1779856748
|switch|p1a: Cresselia|Cresselia, F|89/100
|-damage|p1a: Cresselia|76/100|[from] Stealth Rock
|turn|20
|
|t:|1779856752
|-end|p2a: Iron Moth|Quark Drive|[silent]
|switch|p2a: Ting-Lu|Ting-Lu|100/100
|-ability|p2a: Ting-Lu|Vessel of Ruin
|move|p1a: Cresselia|Thunder Wave|p2a: Ting-Lu
|-immune|p2a: Ting-Lu
|
|-weather|none
|upkeep
|turn|21
|
|t:|1779856755
|move|p1a: Cresselia|Ice Beam|p2a: Ting-Lu
|-supereffective|p2a: Ting-Lu
|-damage|p2a: Ting-Lu|80/100
|move|p2a: Ting-Lu|Throat Chop|p1a: Cresselia
|-supereffective|p1a: Cresselia
|-damage|p1a: Cresselia|34/100
|-start|p1a: Cresselia|Throat Chop|[silent]
|
|-heal|p2a: Ting-Lu|86/100|[from] item: Leftovers
|upkeep
|turn|22
|
|t:|1779856761
|switch|p1a: Ninetales|Ninetales, F|36/100
|-damage|p1a: Ninetales|11/100|[from] Stealth Rock
|-weather|SunnyDay|[from] ability: Drought|[of] p1a: Ninetales
|move|p2a: Ting-Lu|Throat Chop|p1a: Ninetales
|-damage|p1a: Ninetales|0 fnt
|faint|p1a: Ninetales
|
|-weather|SunnyDay|[upkeep]
|-heal|p2a: Ting-Lu|92/100|[from] item: Leftovers
|upkeep
|
|t:|1779856769
|switch|p1a: Walking Wake|Walking Wake|100/100
|-damage|p1a: Walking Wake|88/100|[from] Stealth Rock
|-activate|p1a: Walking Wake|ability: Protosynthesis
|-start|p1a: Walking Wake|protosynthesisspa
|turn|23
|
|t:|1779856785
|-terastallize|p2a: Ting-Lu|Dark
|move|p1a: Walking Wake|Hydro Steam|p2a: Ting-Lu
|-damage|p2a: Ting-Lu|12/100
|move|p2a: Ting-Lu|Throat Chop|p1a: Walking Wake
|-damage|p1a: Walking Wake|29/100
|-start|p1a: Walking Wake|Throat Chop|[silent]
|
|-weather|SunnyDay|[upkeep]
|-heal|p2a: Ting-Lu|18/100|[from] item: Leftovers
|upkeep
|turn|24
|
|t:|1779856794
|switch|p2a: Arcanine|Arcanine-Hisui, M, shiny|61/100 par
|move|p1a: Walking Wake|Hydro Steam|p2a: Arcanine
|-supereffective|p2a: Arcanine
|-damage|p2a: Arcanine|0 fnt
|faint|p2a: Arcanine
|
|-weather|SunnyDay|[upkeep]
|-end|p1a: Walking Wake|Throat Chop|[silent]
|upkeep
|
|t:|1779856796
|switch|p2a: Iron Moth|Iron Moth|100/100
|turn|25
|
|t:|1779856814
|move|p2a: Iron Moth|Sludge Wave|p1a: Walking Wake
|-damage|p1a: Walking Wake|0 fnt
|faint|p1a: Walking Wake
|-end|p1a: Walking Wake|Protosynthesis|[silent]
|
|-weather|SunnyDay|[upkeep]
|upkeep
|
|t:|1779856824
|switch|p1a: Cresselia|Cresselia, F|34/100
|-damage|p1a: Cresselia|22/100|[from] Stealth Rock
|turn|26
|
|t:|1779856826
|move|p2a: Iron Moth|Sludge Wave|p1a: Cresselia
|-damage|p1a: Cresselia|0 fnt
|faint|p1a: Cresselia
|
|-weather|SunnyDay|[upkeep]
|upkeep
|
|t:|1779856848
|switch|p1a: Raging Bolt|Raging Bolt|100/100
|-damage|p1a: Raging Bolt|88/100|[from] Stealth Rock
|-activate|p1a: Raging Bolt|ability: Protosynthesis
|-start|p1a: Raging Bolt|protosynthesisspa
|turn|27
|
|t:|1779856855
|move|p1a: Raging Bolt|Thunderclap|p2a: Iron Moth
|-damage|p2a: Iron Moth|30/100
|-damage|p1a: Raging Bolt|78/100|[from] item: Life Orb
|move|p2a: Iron Moth|Sludge Wave|p1a: Raging Bolt
|-damage|p1a: Raging Bolt|27/100
|
|-weather|SunnyDay|[upkeep]
|upkeep
|turn|28
|
|t:|1779856873
|-end|p2a: Iron Moth|Quark Drive|[silent]
|switch|p2a: Ting-Lu|Ting-Lu, tera:Dark|18/100
|-ability|p2a: Ting-Lu|Vessel of Ruin
|move|p1a: Raging Bolt|Thunderclap||[still]
|-fail|p1a: Raging Bolt
|
|-weather|SunnyDay|[upkeep]
|-heal|p2a: Ting-Lu|24/100|[from] item: Leftovers
|upkeep
|turn|29
|
|t:|1779856880
|move|p1a: Raging Bolt|Thunderbolt|p2a: Ting-Lu
|-damage|p2a: Ting-Lu|0 fnt
|faint|p2a: Ting-Lu
|-damage|p1a: Raging Bolt|17/100|[from] item: Life Orb
|
|-weather|none
|-end|p1a: Raging Bolt|Protosynthesis
|upkeep
|
|t:|1779856882
|switch|p2a: Iron Moth|Iron Moth|30/100
|turn|30
|
|t:|1779856886
|move|p1a: Raging Bolt|Thunderclap|p2a: Iron Moth
|-damage|p2a: Iron Moth|0 fnt
|faint|p2a: Iron Moth
|-end|p2a: Iron Moth|Quark Drive|[silent]
|-damage|p1a: Raging Bolt|7/100|[from] item: Life Orb
|
|win|tejadpx
|raw|tejadpx's rating: 1297 &rarr; <strong>1325</strong><br />(+28 for winning)
|raw|natty dice's rating: 1342 &rarr; <strong>1319</strong><br />(-23 for losing)
|l|☆natty dice
|player|p2|
|l|☆tejadpx
|player|p1|
