|j|☆spreadcrosser
|j|☆ahmijahh
|t:|1779905843
|gametype|singles
|player|p1|spreadcrosser|170|1387
|player|p2|ahmijahh|1|1411
|gen|9
|tier|[Gen 9] OU
|rated|
|rule|HP Percentage Mod: HP is shown in percentages
|rule|Endless Battle Clause: Forcing endless battles is banned
|rule|Species Clause: Limit one of each Pokémon
|rule|OHKO Clause: OHKO moves are banned
|rule|Evasion Items Clause: Evasion items are banned
|rule|Evasion Moves Clause: Evasion moves are banned
|rule|Evasion Abilities Clause: Evasion abilities are banned
|rule|Sleep Moves Clause: Sleep-inducing moves are banned
|clearpoke
|poke|p1|Iron Hands|
|poke|p1|Greninja-*, M|
|poke|p1|Cinderace, M|
|poke|p1|Zapdos|
|poke|p1|Iron Moth|
|poke|p1|Excadrill, M|
|poke|p2|Ogerpon, F|
|poke|p2|Deoxys-Speed|
|poke|p2|Samurott-Hisui, M|
|poke|p2|Moltres|
|poke|p2|Gholdengo|
|poke|p2|Garchomp, M|
|teampreview
|inactive|Battle timer is ON: inactive players will automatically lose when time's up. (requested by spreadcrosser)
|inactive|ahmijahh has 120 seconds left.
|
|t:|1779905888
|teamsize|p1|6
|teamsize|p2|6
|start
|switch|p1a: Cinderace|Cinderace, M|100/100
|switch|p2a: Deoxys|Deoxys-Speed|100/100
|-ability|p2a: Deoxys|Pressure
|turn|1
|inactive|spreadcrosser has 120 seconds left.
|c|☆ahmijahh|cmon
|
|t:|1779905919
|switch|p2a: Garchomp|Garchomp, M|100/100
|-terastallize|p1a: Cinderace|Dark
|move|p1a: Cinderace|U-turn|p2a: Garchomp
|-damage|p2a: Garchomp|80/100
|-damage|p1a: Cinderace|88/100|[from] ability: Rough Skin|[of] p2a: Garchomp
|-damage|p1a: Cinderace|72/100|[from] item: Rocky Helmet|[of] p2a: Garchomp
|inactive|spreadcrosser has 120 seconds left.
|
|t:|1779905939
|switch|p1a: Greninja|Greninja, M|100/100|[from] U-turn
|
|upkeep
|turn|2
|
|t:|1779905948
|switch|p2a: Samurott|Samurott-Hisui, M|100/100
|move|p1a: Greninja|Hydro Pump|p2a: Samurott
|-resisted|p2a: Samurott
|-damage|p2a: Samurott|78/100
|-damage|p1a: Greninja|91/100|[from] item: Life Orb
|
|upkeep
|turn|3
|
|t:|1779905954
|move|p1a: Greninja|Grass Knot|p2a: Samurott
|-supereffective|p2a: Samurott
|-damage|p2a: Samurott|30/100
|-damage|p1a: Greninja|81/100|[from] item: Life Orb
|move|p2a: Samurott|Ceaseless Edge|p1a: Greninja|[miss]
|-miss|p2a: Samurott|p1a: Greninja
|
|upkeep
|turn|4
|inactive|spreadcrosser has 120 seconds left.
|
|t:|1779905981
|move|p2a: Samurott|Sucker Punch|p1a: Greninja
|-resisted|p1a: Greninja
|-damage|p1a: Greninja|55/100
|move|p1a: Greninja|Grass Knot|p2a: Samurott
|-supereffective|p2a: Samurott
|-damage|p2a: Samurott|0 fnt
|faint|p2a: Samurott
|-ability|p1a: Greninja|Battle Bond|boost
|-boost|p1a: Greninja|atk|1
|-boost|p1a: Greninja|spa|1
|-boost|p1a: Greninja|spe|1
|-activate|p1a: Greninja|ability: Battle Bond
|-damage|p1a: Greninja|45/100|[from] item: Life Orb
|
|upkeep
|inactive|ahmijahh has 120 seconds left.
|
|t:|1779905996
|switch|p2a: Gholdengo|Gholdengo|100/100
|-item|p2a: Gholdengo|Air Balloon
|turn|5
|inactive|ahmijahh has 120 seconds left.
|
|t:|1779906006
|-terastallize|p2a: Gholdengo|Fairy
|move|p1a: Greninja|Dark Pulse|p2a: Gholdengo
|-resisted|p2a: Gholdengo
|-damage|p2a: Gholdengo|68/100
|-enditem|p2a: Gholdengo|Air Balloon
|-damage|p1a: Greninja|35/100|[from] item: Life Orb
|move|p2a: Gholdengo|Make It Rain|p1a: Greninja
|-resisted|p1a: Greninja
|-damage|p1a: Greninja|0 fnt
|-unboost|p2a: Gholdengo|spa|1
|faint|p1a: Greninja
|
|upkeep
|
|t:|1779906017
|switch|p1a: Cinderace|Cinderace, M, tera:Dark|72/100
|turn|6
|
|t:|1779906022
|move|p1a: Cinderace|Pyro Ball|p2a: Gholdengo
|-damage|p2a: Gholdengo|10/100
|move|p2a: Gholdengo|Recover|p2a: Gholdengo
|-heal|p2a: Gholdengo|60/100
|
|upkeep
|turn|7
|
|t:|1779906030
|switch|p2a: Moltres|Moltres|100/100
|move|p1a: Cinderace|Pyro Ball|p2a: Moltres|[miss]
|-miss|p1a: Cinderace|p2a: Moltres
|
|upkeep
|turn|8
|
|t:|1779906042
|switch|p1a: Iron Moth|Iron Moth|100/100
|-enditem|p1a: Iron Moth|Booster Energy
|-activate|p1a: Iron Moth|ability: Quark Drive|[fromitem]
|-start|p1a: Iron Moth|quarkdrivespe
|move|p2a: Moltres|U-turn|p1a: Iron Moth
|-resisted|p1a: Iron Moth
|-damage|p1a: Iron Moth|96/100
|
|t:|1779906052
|switch|p2a: Deoxys|Deoxys-Speed|100/100|[from] U-turn
|-ability|p2a: Deoxys|Pressure
|
|upkeep
|turn|9
|
|t:|1779906056
|-end|p1a: Iron Moth|Quark Drive|[silent]
|switch|p1a: Excadrill|Excadrill, M|100/100
|-ability|p1a: Excadrill|Mold Breaker
|move|p2a: Deoxys|Psycho Boost|p1a: Excadrill
|-resisted|p1a: Excadrill
|-damage|p1a: Excadrill|81/100
|-unboost|p2a: Deoxys|spa|2
|
|upkeep
|turn|10
|
|t:|1779906061
|move|p2a: Deoxys|Stealth Rock|p1a: Excadrill
|-sidestart|p1: spreadcrosser|move: Stealth Rock
|move|p1a: Excadrill|Rock Tomb|p2a: Deoxys
|-damage|p2a: Deoxys|72/100
|-unboost|p2a: Deoxys|spe|1
|
|upkeep
|turn|11
|
|t:|1779906072
|switch|p2a: Moltres|Moltres|100/100
|move|p1a: Excadrill|Rapid Spin|p2a: Moltres
|-damage|p2a: Moltres|89/100
|-boost|p1a: Excadrill|spe|1
|-sideend|p1: spreadcrosser|Stealth Rock|[from] move: Rapid Spin|[of] p1a: Excadrill
|
|upkeep
|turn|12
|
|t:|1779906077
|move|p1a: Excadrill|Rock Tomb|p2a: Moltres
|-supereffective|p2a: Moltres
|-crit|p2a: Moltres
|-damage|p2a: Moltres|15/100
|-unboost|p2a: Moltres|spe|1
|move|p2a: Moltres|Flamethrower|p1a: Excadrill
|-supereffective|p1a: Excadrill
|-damage|p1a: Excadrill|28/100
|
|upkeep
|turn|13
|
|t:|1779906089
|move|p1a: Excadrill|Rock Tomb|p2a: Moltres
|-supereffective|p2a: Moltres
|-damage|p2a: Moltres|0 fnt
|faint|p2a: Moltres
|
|upkeep
|
|t:|1779906096
|switch|p2a: Garchomp|Garchomp, M|80/100
|turn|14
|
|t:|1779906099
|move|p1a: Excadrill|Iron Head|p2a: Garchomp
|-damage|p2a: Garchomp|57/100
|-damage|p1a: Excadrill|16/100|[from] ability: Rough Skin|[of] p2a: Garchomp
|-damage|p1a: Excadrill|0 fnt|[from] item: Rocky Helmet|[of] p2a: Garchomp
|faint|p1a: Excadrill
|cant|p2a: Garchomp|flinch
|
|upkeep
|
|t:|1779906111
|switch|p1a: Zapdos|Zapdos|100/100
|turn|15
|
|t:|1779906115
|move|p1a: Zapdos|Hurricane|p2a: Garchomp|[miss]
|-miss|p1a: Zapdos|p2a: Garchomp
|move|p2a: Garchomp|Stealth Rock|p1a: Zapdos
|-sidestart|p1: spreadcrosser|move: Stealth Rock
|
|upkeep
|turn|16
|
|t:|1779906119
|move|p1a: Zapdos|Hurricane|p2a: Garchomp
|-damage|p2a: Garchomp|1/100
|move|p2a: Garchomp|Spikes|p1a: Zapdos
|-sidestart|p1: spreadcrosser|Spikes
|
|upkeep
|turn|17
|
|t:|1779906124
|move|p1a: Zapdos|Hurricane|p2a: Garchomp
|-damage|p2a: Garchomp|0 fnt
|faint|p2a: Garchomp
|
|upkeep
|
|t:|1779906129
|switch|p2a: Deoxys|Deoxys-Speed|72/100
|-ability|p2a: Deoxys|Pressure
|turn|18
|
|t:|1779906132
|move|p2a: Deoxys|Ice Beam|p1a: Zapdos
|-supereffective|p1a: Zapdos
|-damage|p1a: Zapdos|46/100
|move|p1a: Zapdos|Hurricane|p2a: Deoxys
|-damage|p2a: Deoxys|0 fnt
|faint|p2a: Deoxys
|
|upkeep
|
|t:|1779906143
|switch|p2a: Gholdengo|Gholdengo, tera:Fairy|60/100
|turn|19
|
|t:|1779906149
|move|p1a: Zapdos|Hurricane|p2a: Gholdengo
|-damage|p2a: Gholdengo|7/100
|-start|p2a: Gholdengo|confusion
|-activate|p2a: Gholdengo|confusion
|-damage|p2a: Gholdengo|2/100|[from] confusion
|
|upkeep
|turn|20
|
|t:|1779906156
|move|p1a: Zapdos|Hurricane|p2a: Gholdengo
|-damage|p2a: Gholdengo|0 fnt
|faint|p2a: Gholdengo
|
|upkeep
|
|t:|1779906159
|switch|p2a: Ogerpon|Ogerpon, F|100/100
|turn|21
|
|t:|1779906162
|move|p1a: Zapdos|Hurricane|p2a: Ogerpon
|-supereffective|p2a: Ogerpon
|-damage|p2a: Ogerpon|0 fnt
|faint|p2a: Ogerpon
|
|win|spreadcrosser
|raw|spreadcrosser's rating: 1387 &rarr; <strong>1408</strong><br />(+21 for winning)
|raw|ahmijahh's rating: 1411 &rarr; <strong>1390</strong><br />(-21 for losing)
|l|☆ahmijahh
|player|p2|
