|j|☆pro12121261
|j|☆wiccan666
|t:|1779813412
|gametype|singles
|player|p1|pro12121261|ethan|1076
|player|p2|wiccan666|red|1072
|gen|9
|tier|[Gen 9] OU
|rated|
|rule|HP Percentage Mod: HP is shown in percentages
|rule|Endless Battle Clause: Forcing endless battles is banned
|rule|Species Clause: Limit one of each Pokémon
|rule|OHKO Clause: OHKO moves are banned
|rule|Evasion Items Clause: Evasion items are banned
|rule|Evasion Moves Clause: Evasion moves are banned
|rule|Evasion Abilities Clause: Evasion abilities are banned
|rule|Sleep Moves Clause: Sleep-inducing moves are banned
|clearpoke
|poke|p1|Shelgon, F|
|poke|p1|Dondozo, F|
|poke|p1|Iron Boulder|
|poke|p1|Iron Leaves|
|poke|p1|Serperior, F|
|poke|p1|Tyranitar, F|
|poke|p2|Toxapex, M|
|poke|p2|Gliscor, F|
|poke|p2|Kyurem|
|poke|p2|Alomomola, M|
|poke|p2|Thundurus-Therian, M|
|poke|p2|Dragonite, M|
|teampreview
|
|t:|1779813416
|teamsize|p1|6
|teamsize|p2|6
|start
|switch|p1a: Shelgon|Shelgon, F|100/100
|switch|p2a: Gliscor|Gliscor, F|100/100
|turn|1
|
|t:|1779813423
|move|p2a: Gliscor|Toxic|p1a: Shelgon
|-status|p1a: Shelgon|tox
|move|p1a: Shelgon|Dragon Dance|p1a: Shelgon
|-boost|p1a: Shelgon|atk|1
|-boost|p1a: Shelgon|spe|1
|
|-damage|p1a: Shelgon|94/100 tox|[from] psn
|-status|p2a: Gliscor|tox|[from] item: Toxic Orb
|upkeep
|turn|2
|inactive|Battle timer is ON: inactive players will automatically lose when time's up. (requested by wiccan666)
|
|t:|1779813436
|move|p1a: Shelgon|Double-Edge|p2a: Gliscor
|-damage|p2a: Gliscor|63/100 tox
|move|p2a: Gliscor|Facade|p1a: Shelgon
|-damage|p1a: Shelgon|71/100 tox
|
|-damage|p1a: Shelgon|59/100 tox|[from] psn
|-heal|p2a: Gliscor|75/100 tox|[from] ability: Poison Heal
|upkeep
|turn|3
|
|t:|1779813446
|move|p1a: Shelgon|Double-Edge|p2a: Gliscor
|-damage|p2a: Gliscor|43/100 tox
|move|p2a: Gliscor|Spikes|p1a: Shelgon
|-sidestart|p1: pro12121261|Spikes
|
|-damage|p1a: Shelgon|40/100 tox|[from] psn
|-heal|p2a: Gliscor|55/100 tox|[from] ability: Poison Heal
|upkeep
|turn|4
|
|t:|1779813456
|move|p2a: Gliscor|Protect|p2a: Gliscor
|-singleturn|p2a: Gliscor|Protect
|move|p1a: Shelgon|Double-Edge|p2a: Gliscor
|-activate|p2a: Gliscor|move: Protect
|
|-damage|p1a: Shelgon|15/100 tox|[from] psn
|-heal|p2a: Gliscor|67/100 tox|[from] ability: Poison Heal
|upkeep
|turn|5
|
|t:|1779813467
|move|p1a: Shelgon|Fire Fang|p2a: Gliscor
|-crit|p2a: Gliscor
|-damage|p2a: Gliscor|37/100 tox
|move|p2a: Gliscor|Spikes|p1a: Shelgon
|-sidestart|p1: pro12121261|Spikes
|
|-damage|p1a: Shelgon|0 fnt|[from] psn
|faint|p1a: Shelgon
|-heal|p2a: Gliscor|49/100 tox|[from] ability: Poison Heal
|upkeep
|
|t:|1779813487
|switch|p1a: Serperior|Serperior, F|100/100
|-damage|p1a: Serperior|84/100|[from] Spikes
|turn|6
|
|t:|1779813497
|move|p1a: Serperior|Leaf Storm|p2a: Gliscor
|-damage|p2a: Gliscor|10/100 tox
|-boost|p1a: Serperior|spa|2
|move|p2a: Gliscor|Toxic|p1a: Serperior
|-status|p1a: Serperior|tox
|
|-heal|p1a: Serperior|90/100 tox|[from] item: Leftovers
|-damage|p1a: Serperior|84/100 tox|[from] psn
|-heal|p2a: Gliscor|23/100 tox|[from] ability: Poison Heal
|upkeep
|turn|7
|
|t:|1779813517
|move|p2a: Gliscor|Protect|p2a: Gliscor
|-singleturn|p2a: Gliscor|Protect
|move|p1a: Serperior|Leaf Storm|p2a: Gliscor
|-activate|p2a: Gliscor|move: Protect
|
|-heal|p1a: Serperior|90/100 tox|[from] item: Leftovers
|-damage|p1a: Serperior|78/100 tox|[from] psn
|-heal|p2a: Gliscor|35/100 tox|[from] ability: Poison Heal
|upkeep
|turn|8
|
|t:|1779813536
|switch|p2a: Kyurem|Kyurem|100/100
|-ability|p2a: Kyurem|Pressure
|move|p1a: Serperior|Leaf Storm|p2a: Kyurem
|-resisted|p2a: Kyurem
|-damage|p2a: Kyurem|58/100
|-boost|p1a: Serperior|spa|2
|
|-heal|p1a: Serperior|84/100 tox|[from] item: Leftovers
|-damage|p1a: Serperior|66/100 tox|[from] psn
|upkeep
|turn|9
|
|t:|1779813547
|move|p2a: Kyurem|Freeze-Dry|p1a: Serperior
|-supereffective|p1a: Serperior
|-damage|p1a: Serperior|0 fnt
|faint|p1a: Serperior
|
|upkeep
|
|t:|1779813554
|switch|p1a: Tyranitar|Tyranitar, F|100/100
|-damage|p1a: Tyranitar|84/100|[from] Spikes
|-weather|Sandstorm|[from] ability: Sand Stream|[of] p1a: Tyranitar
|turn|10
|
|t:|1779813578
|switch|p2a: Alomomola|Alomomola, M|100/100
|move|p1a: Tyranitar|Dragon Dance|p1a: Tyranitar
|-boost|p1a: Tyranitar|atk|1
|-boost|p1a: Tyranitar|spe|1
|
|-weather|Sandstorm|[upkeep]
|-damage|p2a: Alomomola|94/100|[from] Sandstorm
|-heal|p1a: Tyranitar|90/100|[from] item: Leftovers
|-heal|p2a: Alomomola|100/100|[from] item: Leftovers
|upkeep
|turn|11
|
|t:|1779813591
|move|p1a: Tyranitar|Earthquake|p2a: Alomomola
|-damage|p2a: Alomomola|68/100
|move|p2a: Alomomola|Wish|p2a: Alomomola
|
|-weather|Sandstorm|[upkeep]
|-damage|p2a: Alomomola|62/100|[from] Sandstorm
|-heal|p1a: Tyranitar|96/100|[from] item: Leftovers
|-heal|p2a: Alomomola|68/100|[from] item: Leftovers
|upkeep
|turn|12
|
|t:|1779813598
|move|p1a: Tyranitar|Crunch|p2a: Alomomola
|-damage|p2a: Alomomola|33/100
|move|p2a: Alomomola|Flip Turn|p1a: Tyranitar
|-supereffective|p1a: Tyranitar
|-damage|p1a: Tyranitar|63/100
|
|t:|1779813605
|switch|p2a: Gliscor|Gliscor, F|35/100 tox|[from] Flip Turn
|
|-weather|Sandstorm|[upkeep]
|-heal|p2a: Gliscor|100/100 tox|[from] move: Wish|[wisher] Alomomola
|-heal|p1a: Tyranitar|69/100|[from] item: Leftovers
|upkeep
|turn|13
|
|t:|1779813614
|move|p1a: Tyranitar|Crunch|p2a: Gliscor
|-damage|p2a: Gliscor|54/100 tox
|move|p2a: Gliscor|Toxic|p1a: Tyranitar
|-status|p1a: Tyranitar|tox
|
|-weather|Sandstorm|[upkeep]
|-heal|p1a: Tyranitar|75/100 tox|[from] item: Leftovers
|-damage|p1a: Tyranitar|69/100 tox|[from] psn
|-heal|p2a: Gliscor|66/100 tox|[from] ability: Poison Heal
|upkeep
|turn|14
|
|t:|1779813623
|move|p2a: Gliscor|Protect|p2a: Gliscor
|-singleturn|p2a: Gliscor|Protect
|move|p1a: Tyranitar|Dragon Dance|p1a: Tyranitar
|-boost|p1a: Tyranitar|atk|1
|-boost|p1a: Tyranitar|spe|1
|
|-weather|none
|-heal|p1a: Tyranitar|75/100 tox|[from] item: Leftovers
|-damage|p1a: Tyranitar|63/100 tox|[from] psn
|-heal|p2a: Gliscor|79/100 tox|[from] ability: Poison Heal
|upkeep
|turn|15
|
|t:|1779813651
|move|p1a: Tyranitar|Crunch|p2a: Gliscor
|-damage|p2a: Gliscor|8/100 tox
|move|p2a: Gliscor|Spikes|p1a: Tyranitar
|-sidestart|p1: pro12121261|Spikes
|
|-heal|p1a: Tyranitar|69/100 tox|[from] item: Leftovers
|-damage|p1a: Tyranitar|50/100 tox|[from] psn
|-heal|p2a: Gliscor|21/100 tox|[from] ability: Poison Heal
|upkeep
|turn|16
|
|t:|1779813666
|move|p2a: Gliscor|Protect|p2a: Gliscor
|-singleturn|p2a: Gliscor|Protect
|move|p1a: Tyranitar|Dragon Dance|p1a: Tyranitar
|-boost|p1a: Tyranitar|atk|1
|-boost|p1a: Tyranitar|spe|1
|
|-heal|p1a: Tyranitar|57/100 tox|[from] item: Leftovers
|-damage|p1a: Tyranitar|32/100 tox|[from] psn
|-heal|p2a: Gliscor|33/100 tox|[from] ability: Poison Heal
|upkeep
|turn|17
|inactive|wiccan666 has 120 seconds left.
|
|t:|1779813681
|switch|p2a: Toxapex|Toxapex, M|100/100
|move|p1a: Tyranitar|Crunch|p2a: Toxapex
|-damage|p2a: Toxapex|11/100
|
|-heal|p1a: Tyranitar|38/100 tox|[from] item: Leftovers
|-heal|p2a: Toxapex|17/100|[from] item: Leftovers
|-damage|p1a: Tyranitar|8/100 tox|[from] psn
|upkeep
|turn|18
|
|t:|1779813704
|switch|p2a: Alomomola|Alomomola, M|66/100
|move|p1a: Tyranitar|Earthquake|p2a: Alomomola
|-damage|p2a: Alomomola|16/100
|
|-heal|p1a: Tyranitar|14/100 tox|[from] item: Leftovers
|-heal|p2a: Alomomola|23/100|[from] item: Leftovers
|-damage|p1a: Tyranitar|0 fnt|[from] psn
|faint|p1a: Tyranitar
|upkeep
|
|t:|1779813718
|switch|p1a: Iron Leaves|Iron Leaves|100/100
|-damage|p1a: Iron Leaves|76/100|[from] Spikes
|-enditem|p1a: Iron Leaves|Booster Energy
|-activate|p1a: Iron Leaves|ability: Quark Drive|[fromitem]
|-start|p1a: Iron Leaves|quarkdrivespe
|turn|19
|
|t:|1779813732
|move|p2a: Alomomola|Protect|p2a: Alomomola
|-singleturn|p2a: Alomomola|Protect
|move|p1a: Iron Leaves|Leaf Blade|p2a: Alomomola
|-activate|p2a: Alomomola|move: Protect
|
|-heal|p2a: Alomomola|29/100|[from] item: Leftovers
|upkeep
|turn|20
|
|t:|1779813745
|switch|p2a: Dragonite|Dragonite, M|100/100
|move|p1a: Iron Leaves|Leaf Blade|p2a: Dragonite
|-resisted|p2a: Dragonite
|-damage|p2a: Dragonite|95/100
|
|upkeep
|turn|21
|
|t:|1779813754
|move|p1a: Iron Leaves|Throat Chop|p2a: Dragonite
|-crit|p2a: Dragonite
|-damage|p2a: Dragonite|56/100
|-start|p2a: Dragonite|Throat Chop|[silent]
|move|p2a: Dragonite|Dragon Dance|p2a: Dragonite
|-boost|p2a: Dragonite|atk|1
|-boost|p2a: Dragonite|spe|1
|
|upkeep
|turn|22
|-message|pro12121261 forfeited.
|
|win|wiccan666
|raw|pro12121261's rating: 1076 &rarr; <strong>1054</strong><br />(-22 for losing)
|raw|wiccan666's rating: 1072 &rarr; <strong>1102</strong><br />(+30 for winning)
|l|☆pro12121261
|player|p1|
|l|☆wiccan666
|player|p2|
