|j|☆a19a19
|j|☆estopa lol
|t:|1779895226
|gametype|singles
|player|p1|a19a19|red|1397
|player|p2|estopa lol|265|1402
|gen|9
|tier|[Gen 9] OU
|rated|
|rule|HP Percentage Mod: HP is shown in percentages
|rule|Endless Battle Clause: Forcing endless battles is banned
|rule|Species Clause: Limit one of each Pokémon
|rule|OHKO Clause: OHKO moves are banned
|rule|Evasion Items Clause: Evasion items are banned
|rule|Evasion Moves Clause: Evasion moves are banned
|rule|Evasion Abilities Clause: Evasion abilities are banned
|rule|Sleep Moves Clause: Sleep-inducing moves are banned
|clearpoke
|poke|p1|Kyurem|
|poke|p1|Great Tusk|
|poke|p1|Entei|
|poke|p1|Ting-Lu|
|poke|p1|Tornadus-Therian, M|
|poke|p1|Dragapult, M|
|poke|p2|Cinderace, M|
|poke|p2|Dragapult, F|
|poke|p2|Great Tusk|
|poke|p2|Walking Wake|
|poke|p2|Hatterene, F|
|poke|p2|Gliscor, M|
|teampreview
|
|t:|1779895246
|teamsize|p1|6
|teamsize|p2|6
|start
|switch|p1a: Tornadus|Tornadus-Therian, M|100/100
|switch|p2a: Cinderace|Cinderace, M|100/100
|turn|1
|
|t:|1779895262
|move|p2a: Cinderace|U-turn|p1a: Tornadus
|-start|p2a: Cinderace|typechange|Bug|[from] ability: Libero
|-resisted|p1a: Tornadus
|-damage|p1a: Tornadus|83/100
|
|t:|1779895266
|switch|p2a: Dragapult|Dragapult, F|100/100|[from] U-turn
|move|p1a: Tornadus|Knock Off|p2a: Dragapult
|-supereffective|p2a: Dragapult
|-damage|p2a: Dragapult|44/100
|-enditem|p2a: Dragapult|Choice Specs|[from] move: Knock Off|[of] p1a: Tornadus
|
|upkeep
|turn|2
|
|t:|1779895279
|move|p2a: Dragapult|Draco Meteor|p1a: Tornadus
|-damage|p1a: Tornadus|36/100
|-unboost|p2a: Dragapult|spa|2
|move|p1a: Tornadus|U-turn|p2a: Dragapult
|-resisted|p2a: Dragapult
|-damage|p2a: Dragapult|34/100
|
|t:|1779895288
|switch|p1a: Up Bowl On Em|Ting-Lu|100/100|[from] U-turn
|-ability|p1a: Up Bowl On Em|Vessel of Ruin
|
|upkeep
|turn|3
|
|t:|1779895298
|switch|p2a: Hatterene|Hatterene, F|100/100
|switch|p1a: Tornadus|Tornadus-Therian, M|69/100
|
|upkeep
|turn|4
|
|t:|1779895308
|move|p1a: Tornadus|Knock Off|p2a: Hatterene
|-damage|p2a: Hatterene|80/100
|-enditem|p2a: Hatterene|Assault Vest|[from] move: Knock Off|[of] p1a: Tornadus
|move|p2a: Hatterene|Nuzzle|p1a: Tornadus
|-supereffective|p1a: Tornadus
|-damage|p1a: Tornadus|60/100
|-status|p1a: Tornadus|par
|
|upkeep
|turn|5
|
|t:|1779895319
|move|p1a: Tornadus|U-turn|p2a: Hatterene
|-damage|p2a: Hatterene|63/100
|
|t:|1779895323
|switch|p1a: Entei|Entei|100/100|[from] U-turn
|move|p2a: Hatterene|Draining Kiss|p1a: Entei
|-resisted|p1a: Entei
|-damage|p1a: Entei|84/100
|-heal|p2a: Hatterene|78/100|[from] drain|[of] p1a: Entei
|
|upkeep
|turn|6
|
|t:|1779895339
|switch|p2a: Walking Wake|Walking Wake|100/100
|-enditem|p2a: Walking Wake|Booster Energy
|-activate|p2a: Walking Wake|ability: Protosynthesis|[fromitem]
|-start|p2a: Walking Wake|protosynthesisspe
|move|p1a: Entei|Sacred Fire|p2a: Walking Wake
|-resisted|p2a: Walking Wake
|-damage|p2a: Walking Wake|85/100
|-status|p2a: Walking Wake|brn
|
|-damage|p2a: Walking Wake|79/100 brn|[from] brn
|upkeep
|turn|7
|
|t:|1779895354
|switch|p1a: Tornadus|Tornadus-Therian, M|94/100 par
|move|p2a: Walking Wake|Hydro Steam|p1a: Tornadus
|-damage|p1a: Tornadus|63/100 par
|
|-damage|p2a: Walking Wake|73/100 brn|[from] brn
|upkeep
|turn|8
|
|t:|1779895363
|move|p2a: Walking Wake|Dragon Pulse|p1a: Tornadus
|-damage|p1a: Tornadus|28/100 par
|move|p1a: Tornadus|U-turn|p2a: Walking Wake
|-damage|p2a: Walking Wake|56/100 brn
|
|t:|1779895372
|switch|p1a: Up Bowl On Em|Ting-Lu|100/100|[from] U-turn
|-ability|p1a: Up Bowl On Em|Vessel of Ruin
|
|-damage|p2a: Walking Wake|50/100 brn|[from] brn
|upkeep
|turn|9
|
|t:|1779895390
|move|p2a: Walking Wake|Hydro Steam|p1a: Up Bowl On Em
|-supereffective|p1a: Up Bowl On Em
|-damage|p1a: Up Bowl On Em|68/100
|move|p1a: Up Bowl On Em|Whirlwind|p2a: Walking Wake
|-end|p2a: Walking Wake|Protosynthesis|[silent]
|drag|p2a: Gliscor|Gliscor, M|100/100
|
|-heal|p1a: Up Bowl On Em|74/100|[from] item: Leftovers
|-status|p2a: Gliscor|tox|[from] item: Toxic Orb
|upkeep
|turn|10
|
|t:|1779895402
|move|p2a: Gliscor|Toxic|p1a: Up Bowl On Em
|-status|p1a: Up Bowl On Em|tox
|move|p1a: Up Bowl On Em|Ruination|p2a: Gliscor|[miss]
|-miss|p1a: Up Bowl On Em|p2a: Gliscor
|
|-heal|p1a: Up Bowl On Em|80/100 tox|[from] item: Leftovers
|-damage|p1a: Up Bowl On Em|74/100 tox|[from] psn
|upkeep
|turn|11
|
|t:|1779895413
|switch|p1a: Tornadus|Tornadus-Therian, M|61/100 par
|move|p2a: Gliscor|Substitute|p2a: Gliscor
|-start|p2a: Gliscor|Substitute
|-damage|p2a: Gliscor|76/100 tox
|
|-heal|p2a: Gliscor|88/100 tox|[from] ability: Poison Heal
|upkeep
|turn|12
|
|t:|1779895422
|switch|p1a: Up Bowl On Em|Ting-Lu|74/100 tox
|-ability|p1a: Up Bowl On Em|Vessel of Ruin
|move|p2a: Gliscor|Protect||[still]
|-fail|p2a: Gliscor
|
|-heal|p1a: Up Bowl On Em|80/100 tox|[from] item: Leftovers
|-heal|p2a: Gliscor|99/100 tox|[from] ability: Poison Heal
|-damage|p1a: Up Bowl On Em|74/100 tox|[from] psn
|upkeep
|turn|13
|
|t:|1779895435
|move|p2a: Gliscor|Earthquake|p1a: Up Bowl On Em
|-damage|p1a: Up Bowl On Em|54/100 tox
|move|p1a: Up Bowl On Em|Whirlwind|p2a: Gliscor
|drag|p2a: Hatterene|Hatterene, F|78/100
|
|-heal|p1a: Up Bowl On Em|60/100 tox|[from] item: Leftovers
|-damage|p1a: Up Bowl On Em|48/100 tox|[from] psn
|upkeep
|turn|14
|
|t:|1779895449
|switch|p1a: Tornadus|Tornadus-Therian, M|94/100 par
|move|p2a: Hatterene|Draining Kiss|p1a: Tornadus
|-damage|p1a: Tornadus|70/100 par
|-heal|p2a: Hatterene|99/100|[from] drain|[of] p1a: Tornadus
|
|upkeep
|turn|15
|
|t:|1779895459
|move|p1a: Tornadus|U-turn|p2a: Hatterene
|-damage|p2a: Hatterene|81/100
|
|t:|1779895462
|switch|p1a: Entei|Entei|84/100|[from] U-turn
|move|p2a: Hatterene|Psychic Noise|p1a: Entei
|-damage|p1a: Entei|29/100
|-start|p1a: Entei|move: Heal Block
|
|upkeep
|turn|16
|
|t:|1779895476
|switch|p2a: Walking Wake|Walking Wake|50/100 brn
|move|p1a: Entei|Sacred Fire|p2a: Walking Wake
|-resisted|p2a: Walking Wake
|-damage|p2a: Walking Wake|36/100 brn
|
|-damage|p2a: Walking Wake|29/100 brn|[from] brn
|-end|p1a: Entei|move: Heal Block
|upkeep
|turn|17
|
|t:|1779895489
|move|p2a: Walking Wake|Flip Turn|p1a: Entei
|-supereffective|p1a: Entei
|-damage|p1a: Entei|12/100
|
|t:|1779895496
|-end|p2a: Walking Wake|Protosynthesis|[silent]
|switch|p2a: Gliscor|Gliscor, M|99/100 tox|[from] Flip Turn
|move|p1a: Entei|Trailblaze|p2a: Gliscor
|-damage|p2a: Gliscor|89/100 tox
|-boost|p1a: Entei|spe|1
|
|-heal|p2a: Gliscor|100/100 tox|[from] ability: Poison Heal
|upkeep
|turn|18
|
|t:|1779895508
|move|p1a: Entei|Sacred Fire|p2a: Gliscor
|-damage|p2a: Gliscor|66/100 tox
|move|p2a: Gliscor|Earthquake|p1a: Entei
|-supereffective|p1a: Entei
|-damage|p1a: Entei|0 fnt
|faint|p1a: Entei
|
|-heal|p2a: Gliscor|78/100 tox|[from] ability: Poison Heal
|upkeep
|
|t:|1779895530
|switch|p1a: Kyurem|Kyurem|100/100
|-ability|p1a: Kyurem|Pressure
|turn|19
|
|t:|1779895539
|move|p2a: Gliscor|Protect|p2a: Gliscor
|-singleturn|p2a: Gliscor|Protect
|move|p1a: Kyurem|Freeze-Dry|p2a: Gliscor
|-activate|p2a: Gliscor|move: Protect
|
|-heal|p2a: Gliscor|91/100 tox|[from] ability: Poison Heal
|upkeep
|turn|20
|
|t:|1779895550
|switch|p2a: Walking Wake|Walking Wake|29/100 brn
|move|p1a: Kyurem|Earth Power|p2a: Walking Wake
|-damage|p2a: Walking Wake|0 fnt
|faint|p2a: Walking Wake
|-end|p2a: Walking Wake|Protosynthesis|[silent]
|
|upkeep
|
|t:|1779895562
|switch|p2a: Cinderace|Cinderace, M|100/100
|turn|21
|
|t:|1779895567
|move|p2a: Cinderace|Pyro Ball|p1a: Kyurem
|-damage|p1a: Kyurem|43/100
|move|p1a: Kyurem|Earth Power|p2a: Cinderace
|-supereffective|p2a: Cinderace
|-damage|p2a: Cinderace|19/100
|
|upkeep
|turn|22
|
|t:|1779895578
|switch|p1a: Dragapult|Dragapult, M|100/100
|move|p2a: Cinderace|Pyro Ball|p1a: Dragapult
|-resisted|p1a: Dragapult
|-damage|p1a: Dragapult|55/100
|
|upkeep
|turn|23
|
|t:|1779895584
|switch|p2a: Hatterene|Hatterene, F|81/100
|move|p1a: Dragapult|Shadow Ball|p2a: Hatterene
|-supereffective|p2a: Hatterene
|-damage|p2a: Hatterene|0 fnt
|faint|p2a: Hatterene
|
|upkeep
|
|t:|1779895591
|switch|p2a: Cinderace|Cinderace, M|19/100
|turn|24
|
|t:|1779895596
|switch|p1a: Tornadus|Tornadus-Therian, M|100/100 par
|move|p2a: Cinderace|U-turn|p1a: Tornadus
|-start|p2a: Cinderace|typechange|Bug|[from] ability: Libero
|-resisted|p1a: Tornadus
|-damage|p1a: Tornadus|82/100 par
|
|t:|1779895600
|switch|p2a: Dragapult|Dragapult, F|34/100|[from] U-turn
|
|upkeep
|turn|25
|
|t:|1779895607
|move|p2a: Dragapult|Hex|p1a: Tornadus
|-damage|p1a: Tornadus|39/100 par
|cant|p1a: Tornadus|par
|
|upkeep
|turn|26
|
|t:|1779895616
|switch|p1a: Up Bowl On Em|Ting-Lu|48/100 tox
|-ability|p1a: Up Bowl On Em|Vessel of Ruin
|move|p2a: Dragapult|Hex|p1a: Up Bowl On Em
|-resisted|p1a: Up Bowl On Em
|-damage|p1a: Up Bowl On Em|36/100 tox
|
|-heal|p1a: Up Bowl On Em|43/100 tox|[from] item: Leftovers
|-damage|p1a: Up Bowl On Em|36/100 tox|[from] psn
|upkeep
|turn|27
|
|t:|1779895645
|switch|p1a: Tornadus|Tornadus-Therian, M|72/100 par
|move|p2a: Dragapult|U-turn|p1a: Tornadus
|-resisted|p1a: Tornadus
|-damage|p1a: Tornadus|63/100 par
|
|t:|1779895653
|switch|p2a: Great Tusk|Great Tusk|100/100|[from] U-turn
|
|upkeep
|turn|28
|inactive|Battle timer is ON: inactive players will automatically lose when time's up. (requested by a19a19)
|
|t:|1779895696
|move|p2a: Great Tusk|Ice Spinner|p1a: Tornadus
|-supereffective|p1a: Tornadus
|-damage|p1a: Tornadus|5/100 par
|move|p1a: Tornadus|Bleakwind Storm|p2a: Great Tusk|[miss]
|-miss|p1a: Tornadus|p2a: Great Tusk
|
|upkeep
|turn|29
|
|t:|1779895704
|move|p2a: Great Tusk|Rapid Spin|p1a: Tornadus
|-damage|p1a: Tornadus|0 fnt
|-boost|p2a: Great Tusk|spe|1
|faint|p1a: Tornadus
|
|upkeep
|
|t:|1779895716
|switch|p1a: Up Bowl On Em|Ting-Lu|36/100 tox
|-ability|p1a: Up Bowl On Em|Vessel of Ruin
|turn|30
|
|t:|1779895725
|move|p2a: Great Tusk|Ice Spinner|p1a: Up Bowl On Em
|-supereffective|p1a: Up Bowl On Em
|-damage|p1a: Up Bowl On Em|6/100 tox
|move|p1a: Up Bowl On Em|Whirlwind|p2a: Great Tusk
|-end|p2a: Great Tusk|Protosynthesis|[silent]
|drag|p2a: Cinderace|Cinderace, M|19/100
|
|-heal|p1a: Up Bowl On Em|12/100 tox|[from] item: Leftovers
|-damage|p1a: Up Bowl On Em|6/100 tox|[from] psn
|upkeep
|turn|31
|
|t:|1779895737
|move|p2a: Cinderace|U-turn|p1a: Up Bowl On Em
|-start|p2a: Cinderace|typechange|Bug|[from] ability: Libero
|-supereffective|p1a: Up Bowl On Em
|-damage|p1a: Up Bowl On Em|0 fnt
|faint|p1a: Up Bowl On Em
|
|t:|1779895744
|switch|p2a: Dragapult|Dragapult, F|34/100|[from] U-turn
|
|upkeep
|
|t:|1779895753
|switch|p1a: Dragapult|Dragapult, M|55/100
|turn|32
|
|t:|1779895760
|move|p2a: Dragapult|Hex|p1a: Dragapult
|-supereffective|p1a: Dragapult
|-damage|p1a: Dragapult|0 fnt
|faint|p1a: Dragapult
|
|upkeep
|
|t:|1779895777
|switch|p1a: Great Tusk|Great Tusk|100/100
|-enditem|p1a: Great Tusk|Booster Energy
|-activate|p1a: Great Tusk|ability: Protosynthesis|[fromitem]
|-start|p1a: Great Tusk|protosynthesisatk
|turn|33
|
|t:|1779895790
|-end|p1a: Great Tusk|Protosynthesis|[silent]
|switch|p1a: Kyurem|Kyurem|43/100
|-ability|p1a: Kyurem|Pressure
|move|p2a: Dragapult|Draco Meteor|p1a: Kyurem
|-supereffective|p1a: Kyurem
|-damage|p1a: Kyurem|0 fnt
|-unboost|p2a: Dragapult|spa|2
|faint|p1a: Kyurem
|
|upkeep
|
|t:|1779895800
|switch|p1a: Great Tusk|Great Tusk|100/100
|turn|34
|
|t:|1779895807
|move|p2a: Dragapult|Draco Meteor|p1a: Great Tusk
|-damage|p1a: Great Tusk|56/100
|-unboost|p2a: Dragapult|spa|2
|move|p1a: Great Tusk|Knock Off|p2a: Dragapult
|-supereffective|p2a: Dragapult
|-crit|p2a: Dragapult
|-damage|p2a: Dragapult|0 fnt
|faint|p2a: Dragapult
|
|upkeep
|
|t:|1779895818
|switch|p2a: Cinderace|Cinderace, M|19/100
|turn|35
|
|t:|1779895824
|move|p2a: Cinderace|High Jump Kick|p1a: Great Tusk|[miss]
|-start|p2a: Cinderace|typechange|Fighting|[from] ability: Libero
|-miss|p2a: Cinderace|p1a: Great Tusk
|-damage|p2a: Cinderace|0 fnt|[from] highjumpkick
|faint|p2a: Cinderace
|move|p1a: Great Tusk|Rapid Spin|p2: Cinderace|[notarget]
|-fail|p1a: Great Tusk
|
|upkeep
|l|☆estopa lol
|inactive|estopa lol disconnected and has a minute to reconnect!
|player|p2|
|j|☆estopa lol
|inactive|estopa lol reconnected and has 115 seconds left.
|player|p2|estopa lol|265|
|
|t:|1779895874
|switch|p2a: Gliscor|Gliscor, M|91/100 tox
|turn|36
|
|t:|1779895881
|-terastallize|p2a: Gliscor|Water
|move|p1a: Great Tusk|Rapid Spin|p2a: Gliscor
|-damage|p2a: Gliscor|77/100 tox
|-boost|p1a: Great Tusk|spe|1
|move|p2a: Gliscor|Earthquake|p1a: Great Tusk
|-damage|p1a: Great Tusk|32/100
|
|-heal|p2a: Gliscor|89/100 tox|[from] ability: Poison Heal
|upkeep
|turn|37
|inactive|estopa lol has 120 seconds left.
|
|t:|1779895894
|-terastallize|p1a: Great Tusk|Dark
|move|p1a: Great Tusk|Knock Off|p2a: Gliscor
|-damage|p2a: Gliscor|50/100 tox
|-enditem|p2a: Gliscor|Toxic Orb|[from] move: Knock Off|[of] p1a: Great Tusk
|move|p2a: Gliscor|Earthquake|p1a: Great Tusk
|-damage|p1a: Great Tusk|9/100
|
|-heal|p2a: Gliscor|62/100 tox|[from] ability: Poison Heal
|upkeep
|turn|38
|-message|a19a19 forfeited.
|
|win|estopa lol
|raw|a19a19's rating: 1397 &rarr; <strong>1377</strong><br />(-20 for losing)
|raw|estopa lol's rating: 1402 &rarr; <strong>1422</strong><br />(+20 for winning)
|l|☆a19a19
|player|p1|
|l|☆estopa lol
|player|p2|
