|j|☆Mkap
|j|☆Kaiko72
|t:|1779900988
|gametype|singles
|player|p1|Mkap|102|1428
|player|p2|Kaiko72|pokekid|1412
|gen|9
|tier|[Gen 9] OU
|rated|
|rule|HP Percentage Mod: HP is shown in percentages
|rule|Endless Battle Clause: Forcing endless battles is banned
|rule|Species Clause: Limit one of each Pokémon
|rule|OHKO Clause: OHKO moves are banned
|rule|Evasion Items Clause: Evasion items are banned
|rule|Evasion Moves Clause: Evasion moves are banned
|rule|Evasion Abilities Clause: Evasion abilities are banned
|rule|Sleep Moves Clause: Sleep-inducing moves are banned
|clearpoke
|poke|p1|Hoopa|
|poke|p1|Cinderace, F|
|poke|p1|Mandibuzz, F|
|poke|p1|Kyurem|
|poke|p1|Ting-Lu|
|poke|p1|Manaphy|
|poke|p2|Hawlucha, F|
|poke|p2|Ambipom, F|
|poke|p2|Skeledirge, F|
|poke|p2|Gliscor, F|
|poke|p2|Gengar, M|
|poke|p2|Tentacruel, M|
|teampreview
|inactive|Battle timer is ON: inactive players will automatically lose when time's up. (requested by Kaiko72)
|
|t:|1779901010
|teamsize|p1|6
|teamsize|p2|6
|start
|switch|p1a: Kyurem|Kyurem|100/100
|switch|p2a: Gengar|Gengar, M|100/100
|-ability|p1a: Kyurem|Pressure
|turn|1
|
|t:|1779901018
|move|p1a: Kyurem|Earth Power|p2a: Gengar
|-supereffective|p2a: Gengar
|-damage|p2a: Gengar|4/100
|-unboost|p2a: Gengar|spd|1
|move|p2a: Gengar|Sludge Wave|p1a: Kyurem
|-damage|p1a: Kyurem|54/100
|
|upkeep
|turn|2
|
|t:|1779901026
|switch|p2a: Gliscor|Gliscor, F|100/100
|move|p1a: Kyurem|Earth Power|p2a: Gliscor
|-immune|p2a: Gliscor
|
|-status|p2a: Gliscor|tox|[from] item: Toxic Orb
|upkeep
|turn|3
|
|t:|1779901037
|switch|p1a: Manaphy|Manaphy|100/100
|move|p2a: Gliscor|Earthquake|p1a: Manaphy
|-damage|p1a: Manaphy|62/100
|
|-heal|p1a: Manaphy|68/100|[from] item: Leftovers
|upkeep
|turn|4
|
|t:|1779901044
|switch|p2a: Gengar|Gengar, M|4/100
|move|p1a: Manaphy|Tail Glow|p1a: Manaphy
|-boost|p1a: Manaphy|spa|3
|
|-heal|p1a: Manaphy|74/100|[from] item: Leftovers
|upkeep
|turn|5
|
|t:|1779901050
|switch|p1a: Ting-Lucifer|Ting-Lu|100/100
|-ability|p1a: Ting-Lucifer|Vessel of Ruin
|move|p2a: Gengar|Destiny Bond|p2a: Gengar
|-singlemove|p2a: Gengar|Destiny Bond
|
|upkeep
|turn|6
|
|t:|1779901054
|move|p2a: Gengar|Shadow Ball|p1a: Ting-Lucifer
|-resisted|p1a: Ting-Lucifer
|-crit|p1a: Ting-Lucifer
|-damage|p1a: Ting-Lucifer|83/100
|move|p1a: Ting-Lucifer|Stealth Rock|p2a: Gengar
|-sidestart|p2: Kaiko72|move: Stealth Rock
|
|upkeep
|turn|7
|
|t:|1779901061
|switch|p1a: Cinderace|Cinderace, F|100/100
|move|p2a: Gengar|Destiny Bond|p2a: Gengar
|-singlemove|p2a: Gengar|Destiny Bond
|
|upkeep
|turn|8
|
|t:|1779901066
|switch|p1a: Kyurem|Kyurem|54/100
|-ability|p1a: Kyurem|Pressure
|move|p2a: Gengar|Sludge Wave|p1a: Kyurem
|-damage|p1a: Kyurem|4/100
|
|upkeep
|turn|9
|
|t:|1779901069
|move|p1a: Kyurem|Ice Beam|p2a: Gengar
|-damage|p2a: Gengar|0 fnt
|faint|p2a: Gengar
|
|upkeep
|
|t:|1779901072
|switch|p2a: Ambipom|Ambipom, F|100/100
|-damage|p2a: Ambipom|88/100|[from] Stealth Rock
|turn|10
|
|t:|1779901076
|switch|p1a: Mandibuzz|Mandibuzz, F, shiny|100/100
|move|p2a: Ambipom|Fake Out|p1a: Mandibuzz
|-damage|p1a: Mandibuzz|81/100
|-damage|p2a: Ambipom|72/100|[from] item: Rocky Helmet|[of] p1a: Mandibuzz
|-damage|p2a: Ambipom|62/100|[from] item: Life Orb
|
|upkeep
|turn|11
|
|t:|1779901081
|move|p2a: Ambipom|Triple Axel|p1a: Mandibuzz
|-supereffective|p1a: Mandibuzz
|-damage|p1a: Mandibuzz|69/100
|-damage|p2a: Ambipom|45/100|[from] item: Rocky Helmet|[of] p1a: Mandibuzz
|-supereffective|p1a: Mandibuzz
|-damage|p1a: Mandibuzz|41/100
|-damage|p2a: Ambipom|29/100|[from] item: Rocky Helmet|[of] p1a: Mandibuzz
|-supereffective|p1a: Mandibuzz
|-damage|p1a: Mandibuzz|0 fnt
|-damage|p2a: Ambipom|12/100|[from] item: Rocky Helmet|[of] p1a: Mandibuzz
|faint|p1a: Mandibuzz
|-hitcount|p1: Mandibuzz|3
|-damage|p2a: Ambipom|3/100|[from] item: Life Orb
|
|upkeep
|
|t:|1779901086
|switch|p1a: Kyurem|Kyurem|4/100
|-ability|p1a: Kyurem|Pressure
|turn|12
|
|t:|1779901092
|move|p1a: Kyurem|Freeze-Dry|p2a: Ambipom
|-damage|p2a: Ambipom|0 fnt
|faint|p2a: Ambipom
|
|upkeep
|
|t:|1779901095
|switch|p2a: Skeledirge|Skeledirge, F, shiny|100/100
|-damage|p2a: Skeledirge|75/100|[from] Stealth Rock
|turn|13
|
|t:|1779901122
|switch|p1a: Hoopa|Hoopa|100/100
|move|p2a: Skeledirge|Slack Off|p2a: Skeledirge
|-heal|p2a: Skeledirge|100/100
|
|upkeep
|turn|14
|
|t:|1779901132
|move|p1a: Hoopa|Shadow Ball|p2a: Skeledirge
|-supereffective|p2a: Skeledirge
|-damage|p2a: Skeledirge|19/100
|-unboost|p2a: Skeledirge|spd|1
|move|p2a: Skeledirge|Shadow Ball|p1a: Hoopa
|-supereffective|p1a: Hoopa
|-damage|p1a: Hoopa|0 fnt
|faint|p1a: Hoopa
|
|-heal|p2a: Skeledirge|25/100|[from] item: Leftovers
|upkeep
|inactive|Mkap has 120 seconds left.
|
|t:|1779901158
|switch|p1a: Manaphy|Manaphy|74/100
|turn|15
|
|t:|1779901165
|move|p1a: Manaphy|Scald|p2a: Skeledirge
|-supereffective|p2a: Skeledirge
|-damage|p2a: Skeledirge|0 fnt
|faint|p2a: Skeledirge
|
|-heal|p1a: Manaphy|80/100|[from] item: Leftovers
|upkeep
|
|t:|1779901167
|switch|p2a: Tentacruel|Tentacruel, M|100/100
|-damage|p2a: Tentacruel|88/100|[from] Stealth Rock
|turn|16
|
|t:|1779901179
|switch|p1a: Kyurem|Kyurem|4/100
|-ability|p1a: Kyurem|Pressure
|move|p2a: Tentacruel|Rapid Spin|p1a: Kyurem
|-damage|p1a: Kyurem|0 fnt
|-boost|p2a: Tentacruel|spe|1
|-sideend|p2: Kaiko72|Stealth Rock|[from] move: Rapid Spin|[of] p2a: Tentacruel
|faint|p1a: Kyurem
|
|-heal|p2a: Tentacruel|94/100|[from] item: Leftovers
|upkeep
|
|t:|1779901181
|switch|p1a: Ting-Lucifer|Ting-Lu|83/100
|-ability|p1a: Ting-Lucifer|Vessel of Ruin
|turn|17
|
|t:|1779901188
|move|p2a: Tentacruel|Toxic Spikes|p1a: Ting-Lucifer
|-sidestart|p1: Mkap|move: Toxic Spikes
|move|p1a: Ting-Lucifer|Earthquake|p2a: Tentacruel
|-supereffective|p2a: Tentacruel
|-damage|p2a: Tentacruel|0 fnt
|faint|p2a: Tentacruel
|
|upkeep
|
|t:|1779901193
|switch|p2a: Gliscor|Gliscor, F|100/100 tox
|turn|18
|
|t:|1779901198
|-terastallize|p1a: Ting-Lucifer|Steel
|move|p2a: Gliscor|Earthquake|p1a: Ting-Lucifer
|-supereffective|p1a: Ting-Lucifer
|-damage|p1a: Ting-Lucifer|24/100
|-enditem|p1a: Ting-Lucifer|Weakness Policy
|-boost|p1a: Ting-Lucifer|atk|2|[from] item: Weakness Policy
|-boost|p1a: Ting-Lucifer|spa|2|[from] item: Weakness Policy
|move|p1a: Ting-Lucifer|Heavy Slam|p2a: Gliscor
|-damage|p2a: Gliscor|0 fnt
|faint|p2a: Gliscor
|
|upkeep
|inactive|Kaiko72 has 120 seconds left.
|
|t:|1779901233
|switch|p2a: Hawlucha|Hawlucha, F, shiny|100/100
|turn|19
|
|t:|1779901240
|-terastallize|p2a: Hawlucha|Fire
|move|p2a: Hawlucha|Swords Dance|p2a: Hawlucha
|-boost|p2a: Hawlucha|atk|2
|move|p1a: Ting-Lucifer|Heavy Slam|p2a: Hawlucha
|-resisted|p2a: Hawlucha
|-damage|p2a: Hawlucha|19/100
|-enditem|p2a: Hawlucha|Red Card|[of] p1a: Ting-Lucifer
|drag|p1a: Cinderace|Cinderace, F|100/100
|-status|p1a: Cinderace|psn
|
|-damage|p1a: Cinderace|88/100 psn|[from] psn
|upkeep
|turn|20
|
|t:|1779901250
|move|p2a: Hawlucha|Acrobatics|p1a: Cinderace
|-damage|p1a: Cinderace|0 fnt
|faint|p1a: Cinderace
|
|upkeep
|
|t:|1779901253
|switch|p1a: Ting-Lucifer|Ting-Lu, tera:Steel|24/100
|-ability|p1a: Ting-Lucifer|Vessel of Ruin
|turn|21
|
|t:|1779901255
|move|p2a: Hawlucha|Fire Punch|p1a: Ting-Lucifer
|-supereffective|p1a: Ting-Lucifer
|-damage|p1a: Ting-Lucifer|0 fnt
|faint|p1a: Ting-Lucifer
|
|upkeep
|
|t:|1779901257
|switch|p1a: Manaphy|Manaphy|80/100
|-status|p1a: Manaphy|psn
|turn|22
|
|t:|1779901259
|move|p2a: Hawlucha|Acrobatics|p1a: Manaphy
|-damage|p1a: Manaphy|0 fnt
|faint|p1a: Manaphy
|
|win|Kaiko72
|raw|Mkap's rating: 1453 &rarr; <strong>1431</strong><br />(-22 for losing)
|raw|Kaiko72's rating: 1412 &rarr; <strong>1434</strong><br />(+22 for winning)
|l|☆Mkap
|player|p1|
|l|☆Kaiko72
|player|p2|
