|j|☆claudechamp
|j|☆Soyyo1223
|t:|1779840893
|gametype|singles
|player|p1|claudechamp|265|1170
|player|p2|Soyyo1223|palmer|1283
|gen|9
|tier|[Gen 9] OU
|rated|
|rule|HP Percentage Mod: HP is shown in percentages
|rule|Endless Battle Clause: Forcing endless battles is banned
|rule|Species Clause: Limit one of each Pokémon
|rule|OHKO Clause: OHKO moves are banned
|rule|Evasion Items Clause: Evasion items are banned
|rule|Evasion Moves Clause: Evasion moves are banned
|rule|Evasion Abilities Clause: Evasion abilities are banned
|rule|Sleep Moves Clause: Sleep-inducing moves are banned
|clearpoke
|poke|p1|Gliscor, F|
|poke|p1|Gholdengo|
|poke|p1|Zamazenta-*|
|poke|p1|Blissey, F|
|poke|p1|Skarmory, F|
|poke|p1|Pecharunt|
|poke|p2|Garganacl, F|
|poke|p2|Grimmsnarl, M|
|poke|p2|Gyarados, F|
|poke|p2|Iron Moth|
|poke|p2|Jirachi|
|poke|p2|Serperior, M|
|teampreview
|c|☆claudechamp|hf
|inactive|Battle timer is ON: inactive players will automatically lose when time's up. (requested by claudechamp)
|
|t:|1779840907
|teamsize|p1|6
|teamsize|p2|6
|start
|switch|p1a: Skarmory|Skarmory, F|100/100
|switch|p2a: Grimmsnarl|Grimmsnarl, M|100/100
|turn|1
|
|t:|1779840911
|move|p2a: Grimmsnarl|Reflect|p2a: Grimmsnarl
|-sidestart|p2: Soyyo1223|Reflect
|move|p1a: Skarmory|Spikes|p2a: Grimmsnarl
|-sidestart|p2: Soyyo1223|Spikes
|
|upkeep
|turn|2
|
|t:|1779840914
|move|p2a: Grimmsnarl|Light Screen|p2a: Grimmsnarl
|-sidestart|p2: Soyyo1223|move: Light Screen
|move|p1a: Skarmory|Spikes|p2a: Grimmsnarl
|-sidestart|p2: Soyyo1223|Spikes
|
|upkeep
|turn|3
|
|t:|1779840919
|move|p2a: Grimmsnarl|Parting Shot|p1a: Skarmory
|-unboost|p1a: Skarmory|atk|1
|-unboost|p1a: Skarmory|spa|1
|
|t:|1779840923
|switch|p2a: Gyarados|Gyarados, F|100/100|[from] Parting Shot
|-ability|p2a: Gyarados|Intimidate|boost
|-unboost|p1a: Skarmory|atk|1
|move|p1a: Skarmory|Spikes|p2a: Gyarados
|-sidestart|p2: Soyyo1223|Spikes
|
|upkeep
|turn|4
|
|t:|1779840928
|move|p2a: Gyarados|Dragon Dance|p2a: Gyarados
|-boost|p2a: Gyarados|atk|1
|-boost|p2a: Gyarados|spe|1
|move|p1a: Skarmory|Whirlwind|p2a: Gyarados
|drag|p2a: Serperior|Serperior, M|100/100
|-damage|p2a: Serperior|76/100|[from] Spikes
|
|-heal|p2a: Serperior|82/100|[from] item: Leftovers
|upkeep
|turn|5
|
|t:|1779840932
|move|p2a: Serperior|Glare|p1a: Skarmory
|-status|p1a: Skarmory|par
|move|p1a: Skarmory|Whirlwind|p2a: Serperior
|drag|p2a: Gyarados|Gyarados, F|100/100
|-ability|p2a: Gyarados|Intimidate|boost
|-unboost|p1a: Skarmory|atk|1
|
|upkeep
|turn|6
|
|t:|1779840939
|move|p2a: Gyarados|Dragon Dance|p2a: Gyarados
|-boost|p2a: Gyarados|atk|1
|-boost|p2a: Gyarados|spe|1
|cant|p1a: Skarmory|par
|
|upkeep
|turn|7
|
|t:|1779840950
|move|p2a: Gyarados|Waterfall|p1a: Skarmory
|-damage|p1a: Skarmory|56/100 par
|move|p1a: Skarmory|Whirlwind|p2a: Gyarados
|drag|p2a: Grimmsnarl|Grimmsnarl, M|100/100
|-damage|p2a: Grimmsnarl|76/100|[from] Spikes
|
|upkeep
|turn|8
|
|t:|1779840959
|switch|p1a: Gliscor|Gliscor, F|100/100
|move|p2a: Grimmsnarl|Parting Shot|p1a: Gliscor
|-unboost|p1a: Gliscor|atk|1
|-unboost|p1a: Gliscor|spa|1
|
|t:|1779840964
|switch|p2a: Serperior|Serperior, M|82/100|[from] Parting Shot
|-damage|p2a: Serperior|57/100|[from] Spikes
|
|-heal|p2a: Serperior|63/100|[from] item: Leftovers
|-sideend|p2: Soyyo1223|Reflect
|-status|p1a: Gliscor|tox|[from] item: Toxic Orb
|upkeep
|turn|9
|
|t:|1779840978
|switch|p1a: Skarmory|Skarmory, F|56/100 par
|move|p2a: Serperior|Leaf Storm|p1a: Skarmory
|-resisted|p1a: Skarmory
|-damage|p1a: Skarmory|40/100 par
|-boost|p2a: Serperior|spa|2
|
|-heal|p2a: Serperior|70/100|[from] item: Leftovers
|-sideend|p2: Soyyo1223|move: Light Screen
|upkeep
|turn|10
|
|t:|1779840986
|move|p2a: Serperior|Substitute|p2a: Serperior
|-start|p2a: Serperior|Substitute
|-damage|p2a: Serperior|45/100
|move|p1a: Skarmory|Whirlwind|p2a: Serperior
|drag|p2a: Garganacl|Garganacl, F|100/100
|-damage|p2a: Garganacl|75/100|[from] Spikes
|
|-heal|p2a: Garganacl|82/100|[from] item: Leftovers
|upkeep
|turn|11
|
|t:|1779840993
|move|p2a: Garganacl|Salt Cure|p1a: Skarmory
|-damage|p1a: Skarmory|31/100 par
|-start|p1a: Skarmory|Salt Cure
|move|p1a: Skarmory|Roost|p1a: Skarmory
|-heal|p1a: Skarmory|81/100 par
|-singleturn|p1a: Skarmory|move: Roost
|
|-heal|p2a: Garganacl|88/100|[from] item: Leftovers
|-damage|p1a: Skarmory|56/100 par|[from] Salt Cure
|upkeep
|turn|12
|
|t:|1779840998
|switch|p1a: Gliscor|Gliscor, F|100/100 tox
|move|p2a: Garganacl|Body Press|p1a: Gliscor
|-resisted|p1a: Gliscor
|-damage|p1a: Gliscor|89/100 tox
|
|-heal|p2a: Garganacl|94/100|[from] item: Leftovers
|-heal|p1a: Gliscor|100/100 tox|[from] ability: Poison Heal
|upkeep
|turn|13
|
|t:|1779841003
|move|p1a: Gliscor|Swords Dance|p1a: Gliscor
|-boost|p1a: Gliscor|atk|2
|move|p2a: Garganacl|Salt Cure|p1a: Gliscor
|-damage|p1a: Gliscor|89/100 tox
|-start|p1a: Gliscor|Salt Cure
|
|-heal|p2a: Garganacl|99/100|[from] item: Leftovers
|-heal|p1a: Gliscor|100/100 tox|[from] ability: Poison Heal
|-damage|p1a: Gliscor|88/100 tox|[from] Salt Cure
|upkeep
|turn|14
|
|t:|1779841009
|switch|p2a: Gyarados|Gyarados, F|100/100
|-ability|p2a: Gyarados|Intimidate|boost
|-unboost|p1a: Gliscor|atk|1
|move|p1a: Gliscor|Swords Dance|p1a: Gliscor
|-boost|p1a: Gliscor|atk|2
|
|-heal|p1a: Gliscor|100/100 tox|[from] ability: Poison Heal
|-damage|p1a: Gliscor|88/100 tox|[from] Salt Cure
|upkeep
|turn|15
|
|t:|1779841015
|-terastallize|p1a: Gliscor|Dark
|move|p1a: Gliscor|Knock Off|p2a: Gyarados
|-damage|p2a: Gyarados|14/100
|-enditem|p2a: Gyarados|Sitrus Berry|[from] move: Knock Off|[of] p1a: Gliscor
|move|p2a: Gyarados|Dragon Dance|p2a: Gyarados
|-boost|p2a: Gyarados|atk|1
|-boost|p2a: Gyarados|spe|1
|
|-heal|p1a: Gliscor|100/100 tox|[from] ability: Poison Heal
|-damage|p1a: Gliscor|88/100 tox|[from] Salt Cure
|upkeep
|turn|16
|
|t:|1779841023
|move|p2a: Gyarados|Waterfall|p1a: Gliscor
|-damage|p1a: Gliscor|31/100 tox
|move|p1a: Gliscor|Knock Off|p2a: Gyarados
|-damage|p2a: Gyarados|0 fnt
|faint|p2a: Gyarados
|
|-heal|p1a: Gliscor|44/100 tox|[from] ability: Poison Heal
|-damage|p1a: Gliscor|31/100 tox|[from] Salt Cure
|upkeep
|
|t:|1779841033
|switch|p2a: Iron Moth|Iron Moth|100/100
|-damage|p2a: Iron Moth|76/100|[from] Spikes
|turn|17
|
|t:|1779841040
|move|p2a: Iron Moth|Fiery Dance|p1a: Gliscor
|-damage|p1a: Gliscor|0 fnt
|faint|p1a: Gliscor
|
|upkeep
|
|t:|1779841043
|switch|p1a: Blissey|Blissey, F|100/100
|turn|18
|
|t:|1779841048
|-end|p2a: Iron Moth|Quark Drive|[silent]
|switch|p2a: Garganacl|Garganacl, F|99/100
|-damage|p2a: Garganacl|75/100|[from] Spikes
|move|p1a: Blissey|Stealth Rock|p2a: Garganacl
|-sidestart|p2: Soyyo1223|move: Stealth Rock
|
|-heal|p2a: Garganacl|81/100|[from] item: Leftovers
|upkeep
|turn|19
|
|t:|1779841051
|switch|p1a: Pecharunt|Pecharunt|100/100
|move|p2a: Garganacl|Body Press|p1a: Pecharunt
|-immune|p1a: Pecharunt
|
|-heal|p2a: Garganacl|88/100|[from] item: Leftovers
|upkeep
|turn|20
|
|t:|1779841055
|move|p1a: Pecharunt|Parting Shot|p2a: Garganacl
|-unboost|p2a: Garganacl|atk|1
|-unboost|p2a: Garganacl|spa|1
|
|t:|1779841058
|switch|p1a: Zamazenta|Zamazenta|100/100|[from] Parting Shot
|-ability|p1a: Zamazenta|Dauntless Shield|boost
|-boost|p1a: Zamazenta|def|1
|move|p2a: Garganacl|Salt Cure|p1a: Zamazenta
|-resisted|p1a: Zamazenta
|-damage|p1a: Zamazenta|98/100
|-start|p1a: Zamazenta|Salt Cure
|
|-heal|p2a: Garganacl|94/100|[from] item: Leftovers
|-damage|p1a: Zamazenta|85/100|[from] Salt Cure
|upkeep
|turn|21
|
|t:|1779841065
|move|p2a: Garganacl|Protect|p2a: Garganacl
|-singleturn|p2a: Garganacl|Protect
|move|p1a: Zamazenta|Close Combat|p2a: Garganacl
|-activate|p2a: Garganacl|move: Protect
|
|-heal|p2a: Garganacl|99/100|[from] item: Leftovers
|-damage|p1a: Zamazenta|73/100|[from] Salt Cure
|upkeep
|turn|22
|
|t:|1779841072
|switch|p2a: Grimmsnarl|Grimmsnarl, M|76/100
|-damage|p2a: Grimmsnarl|51/100|[from] Spikes
|-damage|p2a: Grimmsnarl|38/100|[from] Stealth Rock
|move|p1a: Zamazenta|Close Combat|p2a: Grimmsnarl
|-damage|p2a: Grimmsnarl|0 fnt
|-unboost|p1a: Zamazenta|def|1
|-unboost|p1a: Zamazenta|spd|1
|faint|p2a: Grimmsnarl
|
|-damage|p1a: Zamazenta|61/100|[from] Salt Cure
|upkeep
|
|t:|1779841084
|switch|p2a: Jirachi|Jirachi|100/100
|-damage|p2a: Jirachi|75/100|[from] Spikes
|-damage|p2a: Jirachi|69/100|[from] Stealth Rock
|turn|23
|
|t:|1779841099
|move|p1a: Zamazenta|Close Combat|p2a: Jirachi
|-damage|p2a: Jirachi|17/100
|-unboost|p1a: Zamazenta|def|1
|-unboost|p1a: Zamazenta|spd|1
|move|p2a: Jirachi|Thunder Wave|p1a: Zamazenta
|-status|p1a: Zamazenta|par
|
|-heal|p2a: Jirachi|23/100|[from] item: Leftovers
|-damage|p1a: Zamazenta|48/100 par|[from] Salt Cure
|upkeep
|turn|24
|
|t:|1779841106
|switch|p1a: Gholdengo|Gholdengo|100/100
|move|p2a: Jirachi|Iron Head|p1a: Gholdengo
|-resisted|p1a: Gholdengo
|-crit|p1a: Gholdengo
|-damage|p1a: Gholdengo|84/100
|
|-heal|p2a: Jirachi|29/100|[from] item: Leftovers
|upkeep
|turn|25
|
|t:|1779841115
|move|p2a: Jirachi|Iron Head|p1a: Gholdengo
|-resisted|p1a: Gholdengo
|-damage|p1a: Gholdengo|74/100
|move|p1a: Gholdengo|Hex|p2a: Jirachi
|-supereffective|p2a: Jirachi
|-damage|p2a: Jirachi|0 fnt
|faint|p2a: Jirachi
|
|upkeep
|
|t:|1779841122
|switch|p2a: Iron Moth|Iron Moth|76/100
|-damage|p2a: Iron Moth|51/100|[from] Spikes
|-damage|p2a: Iron Moth|26/100|[from] Stealth Rock
|turn|26
|
|t:|1779841129
|switch|p1a: Blissey|Blissey, F|100/100
|move|p2a: Iron Moth|Fiery Dance|p1a: Blissey
|-damage|p1a: Blissey|81/100
|-boost|p2a: Iron Moth|spa|1
|
|upkeep
|turn|27
|
|t:|1779841137
|move|p2a: Iron Moth|Fiery Dance|p1a: Blissey
|-damage|p1a: Blissey|49/100
|-boost|p2a: Iron Moth|spa|1
|move|p1a: Blissey|Shadow Ball|p2a: Iron Moth
|-damage|p2a: Iron Moth|11/100
|
|upkeep
|turn|28
|
|t:|1779841144
|move|p2a: Iron Moth|Fiery Dance|p1a: Blissey
|-damage|p1a: Blissey|9/100
|move|p1a: Blissey|Shadow Ball|p2a: Iron Moth
|-damage|p2a: Iron Moth|0 fnt
|faint|p2a: Iron Moth
|-end|p2a: Iron Moth|Quark Drive|[silent]
|
|upkeep
|
|t:|1779841148
|switch|p2a: Serperior|Serperior, M|45/100
|-damage|p2a: Serperior|20/100|[from] Spikes
|-damage|p2a: Serperior|8/100|[from] Stealth Rock
|turn|29
|-message|Soyyo1223 forfeited.
|
|win|claudechamp
|raw|claudechamp's rating: 1170 &rarr; <strong>1203</strong><br />(+33 for winning)
|raw|Soyyo1223's rating: 1283 &rarr; <strong>1250</strong><br />(-33 for losing)
|l|☆Soyyo1223
|player|p2|
|c|☆claudechamp|gg
