|j|☆MewEnRage
|j|☆bvcnmkor85471
|t:|1779883887
|gametype|singles
|player|p1|MewEnRage|falkner|1225
|player|p2|bvcnmkor85471|policeman-gen4|1213
|gen|9
|tier|[Gen 9] OU
|rated|
|rule|HP Percentage Mod: HP is shown in percentages
|rule|Endless Battle Clause: Forcing endless battles is banned
|rule|Species Clause: Limit one of each Pokémon
|rule|OHKO Clause: OHKO moves are banned
|rule|Evasion Items Clause: Evasion items are banned
|rule|Evasion Moves Clause: Evasion moves are banned
|rule|Evasion Abilities Clause: Evasion abilities are banned
|rule|Sleep Moves Clause: Sleep-inducing moves are banned
|clearpoke
|poke|p1|Inteleon, M|
|poke|p1|Gholdengo|
|poke|p1|Zamazenta-*|
|poke|p1|Goodra, F|
|poke|p1|Landorus-Therian, M|
|poke|p1|Forretress, M|
|poke|p2|Tyranitar, F|
|poke|p2|Houndstone, M|
|poke|p2|Tsareena, F|
|poke|p2|Great Tusk|
|poke|p2|Tornadus-Therian, M|
|poke|p2|Rotom-Wash|
|teampreview
|
|t:|1779883910
|teamsize|p1|6
|teamsize|p2|6
|start
|switch|p1a: Forretress|Forretress, M|100/100
|switch|p2a: Rotom|Rotom-Wash|100/100
|turn|1
|
|t:|1779883918
|move|p2a: Rotom|Will-O-Wisp|p1a: Forretress
|-status|p1a: Forretress|brn
|move|p1a: Forretress|Spikes|p2a: Rotom
|-sidestart|p2: bvcnmkor85471|Spikes
|
|-damage|p1a: Forretress|94/100 brn|[from] brn
|upkeep
|turn|2
|
|t:|1779883921
|move|p2a: Rotom|Volt Switch|p1a: Forretress
|-damage|p1a: Forretress|44/100 brn
|
|t:|1779883923
|switch|p2a: Tsareena|Tsareena, F|100/100|[from] Volt Switch
|-damage|p2a: Tsareena|88/100|[from] Spikes
|move|p1a: Forretress|Toxic Spikes|p2a: Tsareena
|-sidestart|p2: bvcnmkor85471|move: Toxic Spikes
|
|-heal|p2a: Tsareena|94/100|[from] item: Leftovers
|-damage|p1a: Forretress|38/100 brn|[from] brn
|upkeep
|turn|3
|
|t:|1779883926
|switch|p1a: Gholdengo|Gholdengo|100/100
|-item|p1a: Gholdengo|Air Balloon
|move|p2a: Tsareena|Rapid Spin|p1a: Gholdengo
|-immune|p1a: Gholdengo
|
|-heal|p2a: Tsareena|99/100|[from] item: Leftovers
|upkeep
|turn|4
|
|t:|1779883932
|move|p1a: Gholdengo|Thunder Wave|p2a: Tsareena
|-status|p2a: Tsareena|par
|move|p2a: Tsareena|U-turn|p1a: Gholdengo
|-resisted|p1a: Gholdengo
|-damage|p1a: Gholdengo|96/100
|-enditem|p1a: Gholdengo|Air Balloon
|
|t:|1779883958
|switch|p2a: Great Tusk|Great Tusk|100/100|[from] U-turn
|-damage|p2a: Great Tusk|88/100|[from] Spikes
|-status|p2a: Great Tusk|psn
|-enditem|p2a: Great Tusk|Booster Energy
|-activate|p2a: Great Tusk|ability: Protosynthesis|[fromitem]
|-start|p2a: Great Tusk|protosynthesisatk
|
|-damage|p2a: Great Tusk|76/100 psn|[from] psn
|upkeep
|turn|5
|
|t:|1779883963
|move|p1a: Gholdengo|Hex|p2a: Great Tusk
|-damage|p2a: Great Tusk|0 fnt
|faint|p2a: Great Tusk
|-end|p2a: Great Tusk|Protosynthesis|[silent]
|
|upkeep
|
|t:|1779883969
|switch|p2a: Tornadus|Tornadus-Therian, M, shiny|100/100
|turn|6
|
|t:|1779883976
|move|p2a: Tornadus|U-turn|p1a: Gholdengo
|-resisted|p1a: Gholdengo
|-damage|p1a: Gholdengo|94/100
|
|t:|1779883978
|switch|p2a: Rotom|Rotom-Wash|100/100|[from] U-turn
|move|p1a: Gholdengo|Thunder Wave|p2a: Rotom
|-immune|p2a: Rotom
|
|upkeep
|turn|7
|
|t:|1779883985
|move|p1a: Gholdengo|Hex|p2a: Rotom
|-damage|p2a: Rotom|72/100
|move|p2a: Rotom|Hydro Pump|p1a: Gholdengo
|-damage|p1a: Gholdengo|40/100
|
|-heal|p2a: Rotom|78/100|[from] item: Leftovers
|upkeep
|turn|8
|
|t:|1779883989
|switch|p1a: Goodra|Goodra, F|100/100
|move|p2a: Rotom|Hydro Pump|p1a: Goodra
|-resisted|p1a: Goodra
|-damage|p1a: Goodra|82/100
|
|-heal|p2a: Rotom|84/100|[from] item: Leftovers
|-heal|p1a: Goodra|88/100|[from] item: Leftovers
|upkeep
|turn|9
|
|t:|1779883996
|move|p2a: Rotom|Volt Switch|p1a: Goodra
|-resisted|p1a: Goodra
|-damage|p1a: Goodra|78/100
|
|t:|1779883998
|switch|p2a: Tornadus|Tornadus-Therian, M, shiny|100/100|[from] Volt Switch
|move|p1a: Goodra|Knock Off|p2a: Tornadus
|-damage|p2a: Tornadus|67/100
|-enditem|p2a: Tornadus|Assault Vest|[from] move: Knock Off|[of] p1a: Goodra
|
|-heal|p1a: Goodra|84/100|[from] item: Leftovers
|upkeep
|turn|10
|
|t:|1779884003
|move|p2a: Tornadus|U-turn|p1a: Goodra
|-damage|p1a: Goodra|71/100
|-ability|p1a: Goodra|Gooey
|-unboost|p2a: Tornadus|spe|1
|
|t:|1779884013
|switch|p2a: Houndstone|Houndstone, M, shiny|100/100|[from] U-turn
|-damage|p2a: Houndstone|88/100|[from] Spikes
|-status|p2a: Houndstone|psn
|move|p1a: Goodra|Toxic||[still]
|-fail|p1a: Goodra
|
|-heal|p1a: Goodra|77/100|[from] item: Leftovers
|-damage|p2a: Houndstone|76/100 psn|[from] psn
|upkeep
|turn|11
|
|t:|1779884030
|move|p2a: Houndstone|Play Rough|p1a: Goodra|[miss]
|-miss|p2a: Houndstone|p1a: Goodra
|move|p1a: Goodra|Dragon Tail|p2a: Houndstone
|-damage|p2a: Houndstone|53/100 psn
|drag|p2a: Tornadus|Tornadus-Therian, M, shiny|100/100
|
|-heal|p1a: Goodra|83/100|[from] item: Leftovers
|upkeep
|turn|12
|
|t:|1779884037
|move|p2a: Tornadus|Bleakwind Storm|p1a: Goodra
|-damage|p1a: Goodra|55/100
|move|p1a: Goodra|Dragon Tail|p2a: Tornadus
|-damage|p2a: Tornadus|74/100
|drag|p2a: Rotom|Rotom-Wash|84/100
|
|-heal|p2a: Rotom|90/100|[from] item: Leftovers
|-heal|p1a: Goodra|61/100|[from] item: Leftovers
|upkeep
|turn|13
|
|t:|1779884047
|move|p2a: Rotom|Hydro Pump|p1a: Goodra
|-resisted|p1a: Goodra
|-damage|p1a: Goodra|44/100
|move|p1a: Goodra|Knock Off|p2a: Rotom
|-damage|p2a: Rotom|67/100
|-enditem|p2a: Rotom|Leftovers|[from] move: Knock Off|[of] p1a: Goodra
|
|-heal|p1a: Goodra|50/100|[from] item: Leftovers
|upkeep
|turn|14
|
|t:|1779884050
|move|p2a: Rotom|Volt Switch|p1a: Goodra
|-resisted|p1a: Goodra
|-damage|p1a: Goodra|40/100
|
|t:|1779884062
|switch|p2a: Tsareena|Tsareena, F|99/100 par|[from] Volt Switch
|-damage|p2a: Tsareena|88/100 par|[from] Spikes
|move|p1a: Goodra|Toxic||[still]
|-fail|p1a: Goodra
|
|-heal|p1a: Goodra|46/100|[from] item: Leftovers
|-heal|p2a: Tsareena|94/100 par|[from] item: Leftovers
|upkeep
|turn|15
|
|t:|1779884067
|switch|p1a: Forretress|Forretress, M|38/100 brn
|move|p2a: Tsareena|Rapid Spin|p1a: Forretress
|-resisted|p1a: Forretress
|-damage|p1a: Forretress|31/100 brn
|-boost|p2a: Tsareena|spe|1
|-damage|p2a: Tsareena|77/100 par|[from] item: Rocky Helmet|[of] p1a: Forretress
|-sideend|p2: bvcnmkor85471|Spikes|[from] move: Rapid Spin|[of] p2a: Tsareena
|-sideend|p2: bvcnmkor85471|Toxic Spikes|[from] move: Rapid Spin|[of] p2a: Tsareena
|
|-heal|p2a: Tsareena|83/100 par|[from] item: Leftovers
|-damage|p1a: Forretress|25/100 brn|[from] brn
|upkeep
|turn|16
|
|t:|1779884072
|move|p2a: Tsareena|Low Kick|p1a: Forretress
|-damage|p1a: Forretress|0 fnt
|-damage|p2a: Tsareena|67/100 par|[from] item: Rocky Helmet|[of] p1a: Forretress
|faint|p1a: Forretress
|
|-heal|p2a: Tsareena|73/100 par|[from] item: Leftovers
|upkeep
|
|t:|1779884077
|switch|p1a: Zamazenta|Zamazenta|100/100
|-ability|p1a: Zamazenta|Dauntless Shield|boost
|-boost|p1a: Zamazenta|def|1
|turn|17
|
|t:|1779884096
|move|p1a: Zamazenta|Close Combat|p2a: Tsareena
|-damage|p2a: Tsareena|0 fnt
|-unboost|p1a: Zamazenta|def|1
|-unboost|p1a: Zamazenta|spd|1
|faint|p2a: Tsareena
|
|upkeep
|
|t:|1779884102
|switch|p2a: Rotom|Rotom-Wash|67/100
|turn|18
|
|t:|1779884112
|switch|p1a: Goodra|Goodra, F|46/100
|move|p2a: Rotom|Hydro Pump|p1a: Goodra
|-resisted|p1a: Goodra
|-damage|p1a: Goodra|27/100
|
|-heal|p1a: Goodra|33/100|[from] item: Leftovers
|upkeep
|turn|19
|
|t:|1779884133
|move|p2a: Rotom|Volt Switch|p1a: Goodra
|-resisted|p1a: Goodra
|-damage|p1a: Goodra|22/100
|
|t:|1779884134
|switch|p2a: Houndstone|Houndstone, M, shiny|53/100 psn|[from] Volt Switch
|move|p1a: Goodra|Dragon Tail|p2a: Houndstone
|-damage|p2a: Houndstone|30/100 psn
|drag|p2a: Tornadus|Tornadus-Therian, M, shiny|100/100
|
|-heal|p1a: Goodra|28/100|[from] item: Leftovers
|upkeep
|turn|20
|
|t:|1779884142
|move|p2a: Tornadus|Bleakwind Storm|p1a: Goodra
|-damage|p1a: Goodra|0 fnt
|faint|p1a: Goodra
|
|upkeep
|
|t:|1779884146
|switch|p1a: Inteleon|Inteleon, M|100/100
|turn|21
|
|t:|1779884153
|move|p2a: Tornadus|Bleakwind Storm|p1a: Inteleon
|-damage|p1a: Inteleon|16/100
|move|p1a: Inteleon|Ice Beam|p2a: Tornadus
|-supereffective|p2a: Tornadus
|-damage|p2a: Tornadus|0 fnt
|faint|p2a: Tornadus
|-damage|p1a: Inteleon|6/100|[from] item: Life Orb
|
|upkeep
|
|t:|1779884164
|switch|p2a: Houndstone|Houndstone, M, shiny|30/100 psn
|turn|22
|
|t:|1779884168
|switch|p1a: Landorus|Landorus-Therian, M|100/100
|-ability|p1a: Landorus|Intimidate|boost
|-unboost|p2a: Houndstone|atk|1
|move|p2a: Houndstone|Shadow Sneak|p1a: Landorus
|-damage|p1a: Landorus|77/100
|
|-heal|p1a: Landorus|83/100|[from] item: Leftovers
|-damage|p2a: Houndstone|17/100 psn|[from] psn
|upkeep
|turn|23
|
|t:|1779884174
|switch|p2a: Rotom|Rotom-Wash|67/100
|move|p1a: Landorus|Swords Dance|p1a: Landorus
|-boost|p1a: Landorus|atk|2
|
|-heal|p1a: Landorus|89/100|[from] item: Leftovers
|upkeep
|turn|24
|
|t:|1779884181
|move|p1a: Landorus|Fly||[still]
|-prepare|p1a: Landorus|Fly
|move|p2a: Rotom|Hydro Pump|p1a: Landorus|[miss]
|-miss|p2a: Rotom|p1a: Landorus
|
|-heal|p1a: Landorus|95/100|[from] item: Leftovers
|upkeep
|turn|25
|
|t:|1779884201
|move|p1a: Landorus|Fly|p2a: Rotom|[from] lockedmove
|-resisted|p2a: Rotom
|-damage|p2a: Rotom|9/100
|move|p2a: Rotom|Hydro Pump|p1a: Landorus
|-supereffective|p1a: Landorus
|-damage|p1a: Landorus|0 fnt
|faint|p1a: Landorus
|
|upkeep
|
|t:|1779884217
|switch|p1a: Zamazenta|Zamazenta|100/100
|turn|26
|
|t:|1779884221
|move|p1a: Zamazenta|Crunch|p2a: Rotom
|-damage|p2a: Rotom|0 fnt
|faint|p2a: Rotom
|
|upkeep
|-message|bvcnmkor85471 forfeited.
|
|win|MewEnRage
|raw|MewEnRage's rating: 1225 &rarr; <strong>1249</strong><br />(+24 for winning)
|raw|bvcnmkor85471's rating: 1213 &rarr; <strong>1189</strong><br />(-24 for losing)
|l|☆bvcnmkor85471
|player|p2|
|l|☆MewEnRage
|player|p1|
