|j|☆i love z-a
|j|☆claudechamp
|t:|1779910244
|gametype|singles
|player|p1|i love z-a|n|1124
|player|p2|claudechamp|169|1099
|gen|9
|tier|[Gen 9] OU
|rated|
|rule|HP Percentage Mod: HP is shown in percentages
|rule|Endless Battle Clause: Forcing endless battles is banned
|rule|Species Clause: Limit one of each Pokémon
|rule|OHKO Clause: OHKO moves are banned
|rule|Evasion Items Clause: Evasion items are banned
|rule|Evasion Moves Clause: Evasion moves are banned
|rule|Evasion Abilities Clause: Evasion abilities are banned
|rule|Sleep Moves Clause: Sleep-inducing moves are banned
|clearpoke
|poke|p1|Blissey, F|
|poke|p1|Toxapex, M|
|poke|p1|Deoxys-Defense|
|poke|p1|Dondozo, M|
|poke|p1|Goodra-Hisui, F|
|poke|p1|Garganacl, F|
|poke|p2|Corviknight, F|
|poke|p2|Ting-Lu|
|poke|p2|Kyurem|
|poke|p2|Dondozo, F|
|poke|p2|Slowking-Galar, M|
|poke|p2|Cinderace, M|
|teampreview
|c|☆claudechamp|hf
|inactive|Battle timer is ON: inactive players will automatically lose when time's up. (requested by i love z-a)
|inactive|claudechamp also wants the timer to be on.
|
|t:|1779910257
|teamsize|p1|6
|teamsize|p2|6
|start
|switch|p1a: Blissey|Blissey, F|100/100
|switch|p2a: Corviknight|Corviknight, F|100/100
|-ability|p2a: Corviknight|Pressure
|turn|1
|
|t:|1779910267
|switch|p2a: Kyurem|Kyurem|100/100
|-ability|p2a: Kyurem|Pressure
|switch|p1a: Dondozo|Dondozo, M|100/100
|
|upkeep
|turn|2
|
|t:|1779910278
|switch|p1a: Deoxys|Deoxys-Defense|100/100
|-ability|p1a: Deoxys|Pressure
|move|p2a: Kyurem|Freeze-Dry|p1a: Deoxys
|-damage|p1a: Deoxys|75/100
|
|upkeep
|turn|3
|
|t:|1779910287
|move|p2a: Kyurem|Substitute|p2a: Kyurem
|-start|p2a: Kyurem|Substitute
|-damage|p2a: Kyurem|75/100
|move|p1a: Deoxys|Thunder Wave||[still]
|-fail|p1a: Deoxys
|
|-heal|p2a: Kyurem|82/100|[from] item: Leftovers
|upkeep
|turn|4
|
|t:|1779910297
|move|p2a: Kyurem|Freeze-Dry|p1a: Deoxys
|-damage|p1a: Deoxys|50/100
|move|p1a: Deoxys|Cosmic Power|p1a: Deoxys
|-boost|p1a: Deoxys|def|1
|-boost|p1a: Deoxys|spd|1
|
|-heal|p2a: Kyurem|88/100|[from] item: Leftovers
|upkeep
|turn|5
|l|☆i love z-a
|inactive|i love z-a disconnected and has a minute to reconnect!
|player|p1|
|j|☆i love z-a
|inactive|i love z-a reconnected and has 135 seconds left.
|player|p1|i love z-a|n|
|
|t:|1779910316
|move|p1a: Deoxys|Extreme Speed|p2a: Kyurem
|-activate|p2a: Kyurem|move: Substitute|[damage]
|move|p2a: Kyurem|Freeze-Dry|p1a: Deoxys
|-damage|p1a: Deoxys|33/100
|
|-heal|p2a: Kyurem|94/100|[from] item: Leftovers
|upkeep
|turn|6
|
|t:|1779910334
|move|p2a: Kyurem|Freeze-Dry|p1a: Deoxys
|-damage|p1a: Deoxys|15/100
|move|p1a: Deoxys|Teleport|p1a: Deoxys
|
|t:|1779910340
|switch|p1a: Blissey|Blissey, F|100/100|[from] Teleport
|
|-heal|p2a: Kyurem|99/100|[from] item: Leftovers
|upkeep
|turn|7
|
|t:|1779910350
|move|p2a: Kyurem|Earth Power|p1a: Blissey
|-damage|p1a: Blissey|93/100
|move|p1a: Blissey|Seismic Toss|p2a: Kyurem
|-end|p2a: Kyurem|Substitute
|
|-heal|p2a: Kyurem|100/100|[from] item: Leftovers
|-heal|p1a: Blissey|99/100|[from] item: Leftovers
|upkeep
|turn|8
|
|t:|1779910362
|switch|p2a: Ting-Lu|Ting-Lu|100/100
|-ability|p2a: Ting-Lu|Vessel of Ruin
|move|p1a: Blissey|Seismic Toss|p2a: Ting-Lu
|-damage|p2a: Ting-Lu|81/100
|
|-heal|p1a: Blissey|100/100|[from] item: Leftovers
|-heal|p2a: Ting-Lu|87/100|[from] item: Leftovers
|upkeep
|turn|9
|
|t:|1779910377
|switch|p1a: Dondozo|Dondozo, M|100/100
|move|p2a: Ting-Lu|Earthquake|p1a: Dondozo
|-damage|p1a: Dondozo|79/100
|
|-heal|p2a: Ting-Lu|93/100|[from] item: Leftovers
|-heal|p1a: Dondozo|85/100|[from] item: Leftovers
|upkeep
|turn|10
|
|t:|1779910389
|move|p2a: Ting-Lu|Earthquake|p1a: Dondozo
|-damage|p1a: Dondozo|64/100
|move|p1a: Dondozo|Curse|p1a: Dondozo
|-unboost|p1a: Dondozo|spe|1
|-boost|p1a: Dondozo|atk|1
|-boost|p1a: Dondozo|def|1
|
|-heal|p2a: Ting-Lu|99/100|[from] item: Leftovers
|-heal|p1a: Dondozo|70/100|[from] item: Leftovers
|upkeep
|turn|11
|
|t:|1779910403
|switch|p2a: Kyurem|Kyurem|100/100
|-ability|p2a: Kyurem|Pressure
|move|p1a: Dondozo|Curse|p1a: Dondozo
|-unboost|p1a: Dondozo|spe|1
|-boost|p1a: Dondozo|atk|1
|-boost|p1a: Dondozo|def|1
|
|-heal|p1a: Dondozo|76/100|[from] item: Leftovers
|upkeep
|turn|12
|
|t:|1779910410
|move|p2a: Kyurem|Freeze-Dry|p1a: Dondozo
|-supereffective|p1a: Dondozo
|-damage|p1a: Dondozo|31/100
|move|p1a: Dondozo|Body Press|p2a: Kyurem
|-supereffective|p2a: Kyurem
|-damage|p2a: Kyurem|24/100
|
|-heal|p2a: Kyurem|30/100|[from] item: Leftovers
|-heal|p1a: Dondozo|37/100|[from] item: Leftovers
|upkeep
|turn|13
|
|t:|1779910421
|move|p2a: Kyurem|Freeze-Dry|p1a: Dondozo
|-supereffective|p1a: Dondozo
|-damage|p1a: Dondozo|0 fnt
|faint|p1a: Dondozo
|
|-heal|p2a: Kyurem|37/100|[from] item: Leftovers
|upkeep
|
|t:|1779910429
|switch|p1a: Blissey|Blissey, F|100/100
|turn|14
|l|☆i love z-a
|inactive|i love z-a disconnected and has a minute to reconnect!
|player|p1|
|j|☆i love z-a
|inactive|i love z-a reconnected and has 145 seconds left.
|player|p1|i love z-a|n|
|
|t:|1779910446
|switch|p2a: Ting-Lu|Ting-Lu|99/100
|-ability|p2a: Ting-Lu|Vessel of Ruin
|switch|p1a: Garganacl|Garganacl, F|100/100
|
|-heal|p2a: Ting-Lu|100/100|[from] item: Leftovers
|upkeep
|turn|15
|
|t:|1779910464
|move|p2a: Ting-Lu|Earthquake|p1a: Garganacl
|-supereffective|p1a: Garganacl
|-damage|p1a: Garganacl|52/100
|move|p1a: Garganacl|Salt Cure|p2a: Ting-Lu
|-resisted|p2a: Ting-Lu
|-damage|p2a: Ting-Lu|97/100
|-start|p2a: Ting-Lu|Salt Cure
|
|-heal|p2a: Ting-Lu|100/100|[from] item: Leftovers
|-heal|p1a: Garganacl|59/100|[from] item: Leftovers
|-damage|p2a: Ting-Lu|88/100|[from] Salt Cure
|upkeep
|turn|16
|
|t:|1779910474
|move|p2a: Ting-Lu|Earthquake|p1a: Garganacl
|-supereffective|p1a: Garganacl
|-damage|p1a: Garganacl|8/100
|move|p1a: Garganacl|Recover|p1a: Garganacl
|-heal|p1a: Garganacl|58/100
|
|-heal|p2a: Ting-Lu|94/100|[from] item: Leftovers
|-heal|p1a: Garganacl|64/100|[from] item: Leftovers
|-damage|p2a: Ting-Lu|82/100|[from] Salt Cure
|upkeep
|turn|17
|
|t:|1779910480
|move|p2a: Ting-Lu|Earthquake|p1a: Garganacl
|-supereffective|p1a: Garganacl
|-damage|p1a: Garganacl|10/100
|move|p1a: Garganacl|Recover|p1a: Garganacl
|-heal|p1a: Garganacl|60/100
|
|-heal|p2a: Ting-Lu|88/100|[from] item: Leftovers
|-heal|p1a: Garganacl|67/100|[from] item: Leftovers
|-damage|p2a: Ting-Lu|76/100|[from] Salt Cure
|upkeep
|turn|18
|
|t:|1779910486
|switch|p2a: Kyurem|Kyurem|37/100
|-ability|p2a: Kyurem|Pressure
|move|p1a: Garganacl|Iron Defense|p1a: Garganacl
|-boost|p1a: Garganacl|def|2
|
|-heal|p2a: Kyurem|43/100|[from] item: Leftovers
|-heal|p1a: Garganacl|73/100|[from] item: Leftovers
|upkeep
|turn|19
|
|t:|1779910496
|-terastallize|p2a: Kyurem|Ground
|move|p2a: Kyurem|Earth Power|p1a: Garganacl
|-supereffective|p1a: Garganacl
|-damage|p1a: Garganacl|9/100
|move|p1a: Garganacl|Salt Cure|p2a: Kyurem
|-resisted|p2a: Kyurem
|-damage|p2a: Kyurem|36/100
|-start|p2a: Kyurem|Salt Cure
|
|-heal|p2a: Kyurem|42/100|[from] item: Leftovers
|-heal|p1a: Garganacl|15/100|[from] item: Leftovers
|-damage|p2a: Kyurem|30/100|[from] Salt Cure
|upkeep
|turn|20
|
|t:|1779910505
|switch|p1a: Blissey|Blissey, F|100/100
|move|p2a: Kyurem|Earth Power|p1a: Blissey
|-damage|p1a: Blissey|87/100
|
|-heal|p2a: Kyurem|36/100|[from] item: Leftovers
|-heal|p1a: Blissey|93/100|[from] item: Leftovers
|-damage|p2a: Kyurem|24/100|[from] Salt Cure
|upkeep
|turn|21
|
|t:|1779910511
|switch|p2a: Ting-Lu|Ting-Lu|76/100
|-ability|p2a: Ting-Lu|Vessel of Ruin
|move|p1a: Blissey|Heal Bell||[still]
|-activate|p1a: Blissey|move: Heal Bell
|-fail|p1a: Blissey
|
|-heal|p1a: Blissey|99/100|[from] item: Leftovers
|-heal|p2a: Ting-Lu|82/100|[from] item: Leftovers
|upkeep
|turn|22
|
|t:|1779910520
|switch|p1a: Goodra|Goodra-Hisui, F|100/100
|move|p2a: Ting-Lu|Earthquake|p1a: Goodra
|-supereffective|p1a: Goodra
|-damage|p1a: Goodra|46/100
|
|-heal|p1a: Goodra|52/100|[from] item: Leftovers
|-heal|p2a: Ting-Lu|88/100|[from] item: Leftovers
|upkeep
|turn|23
|
|t:|1779910532
|move|p1a: Goodra|Acid Armor|p1a: Goodra
|-boost|p1a: Goodra|def|2
|move|p2a: Ting-Lu|Earthquake|p1a: Goodra
|-supereffective|p1a: Goodra
|-damage|p1a: Goodra|25/100
|
|-heal|p1a: Goodra|31/100|[from] item: Leftovers
|-heal|p2a: Ting-Lu|94/100|[from] item: Leftovers
|upkeep
|turn|24
|
|t:|1779910537
|move|p1a: Goodra|Acid Armor|p1a: Goodra
|-boost|p1a: Goodra|def|2
|move|p2a: Ting-Lu|Earthquake|p1a: Goodra
|-supereffective|p1a: Goodra
|-damage|p1a: Goodra|13/100
|
|-heal|p1a: Goodra|19/100|[from] item: Leftovers
|-heal|p2a: Ting-Lu|100/100|[from] item: Leftovers
|upkeep
|turn|25
|
|t:|1779910544
|switch|p2a: Dondozo|Dondozo, F|100/100
|move|p1a: Goodra|Rest|p1a: Goodra
|-status|p1a: Goodra|slp|[from] move: Rest
|-heal|p1a: Goodra|100/100 slp|[silent]
|
|upkeep
|turn|26
|
|t:|1779910551
|cant|p1a: Goodra|slp
|move|p1a: Goodra|Sleep Talk|p1a: Goodra
|move|p1a: Goodra|Body Press|p2a: Dondozo|[from] move: Sleep Talk
|-damage|p2a: Dondozo|86/100
|move|p2a: Dondozo|Curse|p2a: Dondozo
|-unboost|p2a: Dondozo|spe|1
|-boost|p2a: Dondozo|atk|1
|-boost|p2a: Dondozo|def|1
|
|-heal|p2a: Dondozo|93/100|[from] item: Leftovers
|upkeep
|turn|27
|
|t:|1779910563
|switch|p1a: Toxapex|Toxapex, M|100/100
|move|p2a: Dondozo|Body Press|p1a: Toxapex
|-resisted|p1a: Toxapex
|-damage|p1a: Toxapex|90/100
|
|-heal|p1a: Toxapex|97/100|[from] item: Leftovers
|-heal|p2a: Dondozo|99/100|[from] item: Leftovers
|upkeep
|turn|28
|
|t:|1779910569
|switch|p2a: Slowking|Slowking-Galar, M|100/100
|move|p1a: Toxapex|Baneful Bunker||[still]
|-fail|p1a: Toxapex
|
|-heal|p1a: Toxapex|100/100|[from] item: Leftovers
|upkeep
|turn|29
|
|t:|1779910577
|-terastallize|p1a: Toxapex|Poison
|move|p1a: Toxapex|Haze|p1a: Toxapex
|-clearallboost
|-prepare|p2a: Slowking|Chilly Reception|[premajor]
|move|p2a: Slowking|Chilly Reception|p2a: Slowking
|-weather|Snowscape
|
|t:|1779910583
|switch|p2a: Cinderace|Cinderace, M|100/100|[from] Chilly Reception
|
|-weather|Snowscape|[upkeep]
|upkeep
|turn|30
|
|t:|1779910598
|move|p1a: Toxapex|Baneful Bunker|p1a: Toxapex
|-singleturn|p1a: Toxapex|move: Protect
|move|p2a: Cinderace|Pyro Ball|p1a: Toxapex
|-activate|p1a: Toxapex|move: Protect
|
|-weather|Snowscape|[upkeep]
|upkeep
|turn|31
|
|t:|1779910611
|move|p2a: Cinderace|Pyro Ball|p1a: Toxapex
|-damage|p1a: Toxapex|69/100
|move|p1a: Toxapex|Gunk Shot|p2a: Cinderace
|-damage|p2a: Cinderace|60/100
|
|-weather|Snowscape|[upkeep]
|-heal|p1a: Toxapex|75/100|[from] item: Leftovers
|upkeep
|turn|32
|
|t:|1779910618
|move|p1a: Toxapex|Baneful Bunker|p1a: Toxapex
|-singleturn|p1a: Toxapex|move: Protect
|move|p2a: Cinderace|Pyro Ball|p1a: Toxapex
|-activate|p1a: Toxapex|move: Protect
|
|-weather|Snowscape|[upkeep]
|-heal|p1a: Toxapex|81/100|[from] item: Leftovers
|upkeep
|turn|33
|
|t:|1779910627
|move|p2a: Cinderace|U-turn|p1a: Toxapex
|-resisted|p1a: Toxapex
|-damage|p1a: Toxapex|75/100
|
|t:|1779910632
|switch|p2a: Slowking|Slowking-Galar, M|100/100|[from] U-turn
|move|p1a: Toxapex|Gunk Shot|p2a: Slowking|[miss]
|-miss|p1a: Toxapex|p2a: Slowking
|
|-weather|none
|-heal|p1a: Toxapex|81/100|[from] item: Leftovers
|upkeep
|turn|34
|
|t:|1779910645
|move|p1a: Toxapex|Toxic Spikes|p2a: Slowking
|-sidestart|p2: claudechamp|move: Toxic Spikes
|-prepare|p2a: Slowking|Chilly Reception|[premajor]
|move|p2a: Slowking|Chilly Reception|p2a: Slowking
|-weather|Snowscape
|
|t:|1779910650
|switch|p2a: Cinderace|Cinderace, M|60/100|[from] Chilly Reception
|
|-weather|Snowscape|[upkeep]
|-heal|p1a: Toxapex|88/100|[from] item: Leftovers
|upkeep
|turn|35
|
|t:|1779910657
|move|p2a: Cinderace|Pyro Ball|p1a: Toxapex
|-crit|p1a: Toxapex
|-damage|p1a: Toxapex|34/100
|move|p1a: Toxapex|Toxic Spikes|p2a: Cinderace
|-sidestart|p2: claudechamp|move: Toxic Spikes
|
|-weather|Snowscape|[upkeep]
|-heal|p1a: Toxapex|40/100|[from] item: Leftovers
|upkeep
|turn|36
|
|t:|1779910663
|move|p1a: Toxapex|Baneful Bunker|p1a: Toxapex
|-singleturn|p1a: Toxapex|move: Protect
|move|p2a: Cinderace|Pyro Ball|p1a: Toxapex
|-activate|p1a: Toxapex|move: Protect
|
|-weather|Snowscape|[upkeep]
|-heal|p1a: Toxapex|47/100|[from] item: Leftovers
|upkeep
|turn|37
|
|t:|1779910669
|move|p2a: Cinderace|Pyro Ball|p1a: Toxapex
|-damage|p1a: Toxapex|14/100
|-status|p1a: Toxapex|brn
|move|p1a: Toxapex|Gunk Shot|p2a: Cinderace
|-crit|p2a: Cinderace
|-damage|p2a: Cinderace|30/100
|
|-weather|Snowscape|[upkeep]
|-heal|p1a: Toxapex|20/100 brn|[from] item: Leftovers
|-damage|p1a: Toxapex|14/100 brn|[from] brn
|upkeep
|turn|38
|
|t:|1779910679
|switch|p1a: Blissey|Blissey, F|99/100
|move|p2a: Cinderace|Pyro Ball|p1a: Blissey
|-damage|p1a: Blissey|0 fnt
|faint|p1a: Blissey
|
|-weather|none
|upkeep
|
|t:|1779910685
|switch|p1a: Goodra|Goodra-Hisui, F|100/100 slp
|turn|39
|
|t:|1779910693
|move|p2a: Cinderace|Pyro Ball|p1a: Goodra|[miss]
|-miss|p2a: Cinderace|p1a: Goodra
|cant|p1a: Goodra|slp
|move|p1a: Goodra|Sleep Talk|p1a: Goodra
|move|p1a: Goodra|Body Press|p2a: Cinderace|[from] move: Sleep Talk
|-damage|p2a: Cinderace|0 fnt
|faint|p2a: Cinderace
|
|upkeep
|
|t:|1779910705
|switch|p2a: Slowking|Slowking-Galar, M|100/100
|-sideend|p2: claudechamp|move: Toxic Spikes|[of] p2a: Slowking
|turn|40
|
|t:|1779910715
|switch|p2a: Kyurem|Kyurem, tera:Ground|24/100
|-ability|p2a: Kyurem|Pressure
|-curestatus|p1a: Goodra|slp|[msg]
|move|p1a: Goodra|Acid Armor|p1a: Goodra
|-boost|p1a: Goodra|def|2
|
|-heal|p2a: Kyurem|30/100|[from] item: Leftovers
|upkeep
|turn|41
|
|t:|1779910739
|move|p2a: Kyurem|Earth Power|p1a: Goodra
|-supereffective|p1a: Goodra
|-damage|p1a: Goodra|47/100
|move|p1a: Goodra|Body Press|p2a: Kyurem
|-damage|p2a: Kyurem|0 fnt
|faint|p2a: Kyurem
|
|-heal|p1a: Goodra|53/100|[from] item: Leftovers
|upkeep
|
|t:|1779910747
|switch|p2a: Dondozo|Dondozo, F|99/100
|turn|42
|
|t:|1779910756
|move|p1a: Goodra|Body Press|p2a: Dondozo
|-damage|p2a: Dondozo|85/100
|move|p2a: Dondozo|Curse|p2a: Dondozo
|-unboost|p2a: Dondozo|spe|1
|-boost|p2a: Dondozo|atk|1
|-boost|p2a: Dondozo|def|1
|
|-heal|p1a: Goodra|59/100|[from] item: Leftovers
|-heal|p2a: Dondozo|91/100|[from] item: Leftovers
|upkeep
|turn|43
|
|t:|1779910763
|switch|p1a: Toxapex|Toxapex, M, tera:Poison|47/100 brn
|move|p2a: Dondozo|Waterfall|p1a: Toxapex
|-damage|p1a: Toxapex|19/100 brn
|
|-heal|p1a: Toxapex|25/100 brn|[from] item: Leftovers
|-heal|p2a: Dondozo|98/100|[from] item: Leftovers
|-damage|p1a: Toxapex|19/100 brn|[from] brn
|upkeep
|turn|44
|
|t:|1779910770
|move|p1a: Toxapex|Baneful Bunker|p1a: Toxapex
|-singleturn|p1a: Toxapex|move: Protect
|move|p2a: Dondozo|Curse|p2a: Dondozo
|-unboost|p2a: Dondozo|spe|1
|-boost|p2a: Dondozo|atk|1
|-boost|p2a: Dondozo|def|1
|
|-heal|p1a: Toxapex|25/100 brn|[from] item: Leftovers
|-heal|p2a: Dondozo|100/100|[from] item: Leftovers
|-damage|p1a: Toxapex|19/100 brn|[from] brn
|upkeep
|turn|45
|
|t:|1779910780
|move|p1a: Toxapex|Baneful Bunker||[still]
|-fail|p1a: Toxapex
|move|p2a: Dondozo|Waterfall|p1a: Toxapex
|-damage|p1a: Toxapex|0 fnt
|faint|p1a: Toxapex
|
|upkeep
|
|t:|1779910784
|switch|p1a: Deoxys|Deoxys-Defense|15/100
|-ability|p1a: Deoxys|Pressure
|turn|46
|
|t:|1779910795
|move|p1a: Deoxys|Thunder Wave|p2a: Dondozo
|-status|p2a: Dondozo|par
|move|p2a: Dondozo|Waterfall|p1a: Deoxys
|-damage|p1a: Deoxys|0 fnt
|faint|p1a: Deoxys
|
|upkeep
|
|t:|1779910798
|switch|p1a: Goodra|Goodra-Hisui, F|59/100
|turn|47
|
|t:|1779910809
|move|p1a: Goodra|Rest|p1a: Goodra
|-status|p1a: Goodra|slp|[from] move: Rest
|-heal|p1a: Goodra|100/100 slp|[silent]
|move|p2a: Dondozo|Body Press|p1a: Goodra
|-supereffective|p1a: Goodra
|-damage|p1a: Goodra|46/100 slp
|
|-heal|p1a: Goodra|52/100 slp|[from] item: Leftovers
|upkeep
|turn|48
|
|t:|1779910814
|cant|p1a: Goodra|slp
|move|p2a: Dondozo|Body Press|p1a: Goodra
|-supereffective|p1a: Goodra
|-damage|p1a: Goodra|0 fnt
|faint|p1a: Goodra
|
|upkeep
|
|t:|1779910817
|switch|p1a: Garganacl|Garganacl, F|15/100
|turn|49
|-message|i love z-a forfeited.
|
|win|claudechamp
|raw|i love z-a's rating: 1124 &rarr; <strong>1100</strong><br />(-24 for losing)
|raw|claudechamp's rating: 1143 &rarr; <strong>1167</strong><br />(+24 for winning)
|l|☆i love z-a
|player|p1|
|c|☆claudechamp|gg
