|j|☆ayayaphone2
|j|☆whisperingcloth
|t:|1779862402
|gametype|singles
|player|p1|ayayaphone2|169|1457
|player|p2|whisperingcloth|170|1448
|gen|9
|tier|[Gen 9] OU
|rated|
|rule|HP Percentage Mod: HP is shown in percentages
|rule|Endless Battle Clause: Forcing endless battles is banned
|rule|Species Clause: Limit one of each Pokémon
|rule|OHKO Clause: OHKO moves are banned
|rule|Evasion Items Clause: Evasion items are banned
|rule|Evasion Moves Clause: Evasion moves are banned
|rule|Evasion Abilities Clause: Evasion abilities are banned
|rule|Sleep Moves Clause: Sleep-inducing moves are banned
|clearpoke
|poke|p1|Breloom, M|
|poke|p1|Heatran, F|
|poke|p1|Articuno|
|poke|p1|Clodsire, M|
|poke|p1|Comfey, F|
|poke|p1|Lokix, F|
|poke|p2|Scizor, F|
|poke|p2|Deoxys-Speed|
|poke|p2|Garganacl, M|
|poke|p2|Volcanion|
|poke|p2|Great Tusk|
|poke|p2|Zapdos|
|teampreview
|inactive|Battle timer is ON: inactive players will automatically lose when time's up. (requested by whisperingcloth)
|inactive|ayayaphone2 also wants the timer to be on.
|
|t:|1779862419
|teamsize|p1|6
|teamsize|p2|6
|start
|switch|p1a: Lokix|Lokix, F|100/100
|switch|p2a: Zapdos|Zapdos|100/100
|turn|1
|
|t:|1779862423
|switch|p1a: Clodsire|Clodsire, M|100/100
|move|p2a: Zapdos|Volt Switch|p1a: Clodsire
|-immune|p1a: Clodsire
|
|upkeep
|turn|2
|
|t:|1779862431
|switch|p2a: Deoxys|Deoxys-Speed|100/100
|-ability|p2a: Deoxys|Pressure
|move|p1a: Clodsire|Spikes|p2a: Deoxys
|-sidestart|p2: whisperingcloth|Spikes
|
|upkeep
|turn|3
|
|t:|1779862441
|switch|p1a: Heatran|Heatran, F|100/100
|move|p2a: Deoxys|Knock Off|p1a: Heatran
|-damage|p1a: Heatran|84/100
|-enditem|p1a: Heatran|Leftovers|[from] move: Knock Off|[of] p2a: Deoxys
|
|upkeep
|turn|4
|
|t:|1779862445
|move|p2a: Deoxys|Superpower|p1a: Heatran
|-supereffective|p1a: Heatran
|-damage|p1a: Heatran|42/100
|-unboost|p2a: Deoxys|atk|1
|-unboost|p2a: Deoxys|def|1
|-enditem|p2a: Deoxys|Eject Pack
|
|t:|1779862446
|switch|p2a: Zapdos|Zapdos|100/100
|move|p1a: Heatran|Lava Plume|p2a: Zapdos
|-crit|p2a: Zapdos
|-damage|p2a: Zapdos|46/100
|-status|p2a: Zapdos|brn
|
|-damage|p2a: Zapdos|40/100 brn|[from] brn
|upkeep
|turn|5
|
|t:|1779862456
|switch|p1a: Clodsire|Clodsire, M|100/100
|move|p2a: Zapdos|Roost|p2a: Zapdos
|-heal|p2a: Zapdos|90/100 brn
|-singleturn|p2a: Zapdos|move: Roost
|
|-damage|p2a: Zapdos|84/100 brn|[from] brn
|upkeep
|turn|6
|
|t:|1779862466
|switch|p2a: Great Tusk|Great Tusk|100/100
|move|p1a: Clodsire|Poison Jab|p2a: Great Tusk
|-resisted|p2a: Great Tusk
|-damage|p2a: Great Tusk|92/100
|
|upkeep
|turn|7
|
|t:|1779862473
|switch|p1a: Articuno|Articuno|100/100
|-ability|p1a: Articuno|Pressure
|move|p2a: Great Tusk|Rapid Spin|p1a: Articuno
|-damage|p1a: Articuno|83/100
|-boost|p2a: Great Tusk|spe|1
|-sideend|p2: whisperingcloth|Spikes|[from] move: Rapid Spin|[of] p2a: Great Tusk
|
|upkeep
|turn|8
|
|t:|1779862478
|-end|p2a: Great Tusk|Protosynthesis|[silent]
|switch|p2a: Zapdos|Zapdos|84/100 brn
|move|p1a: Articuno|Triple Axel|p2a: Zapdos
|-supereffective|p2a: Zapdos
|-damage|p2a: Zapdos|73/100 brn
|-status|p1a: Articuno|par|[from] ability: Static|[of] p2a: Zapdos
|-supereffective|p2a: Zapdos
|-damage|p2a: Zapdos|47/100 brn
|-supereffective|p2a: Zapdos
|-damage|p2a: Zapdos|8/100 brn
|-hitcount|p2a: Zapdos|3
|
|-damage|p2a: Zapdos|2/100 brn|[from] brn
|upkeep
|turn|9
|
|t:|1779862482
|move|p2a: Zapdos|Volt Switch|p1a: Articuno
|-supereffective|p1a: Articuno
|-damage|p1a: Articuno|32/100 par
|
|t:|1779862485
|switch|p2a: Garganacl|Garganacl, M|100/100|[from] Volt Switch
|move|p1a: Articuno|U-turn|p2a: Garganacl
|-damage|p2a: Garganacl|88/100
|
|t:|1779862491
|switch|p1a: Breloom|Breloom, M|100/100|[from] U-turn
|
|-heal|p2a: Garganacl|94/100|[from] item: Leftovers
|-status|p1a: Breloom|tox|[from] item: Toxic Orb
|upkeep
|turn|10
|
|t:|1779862495
|move|p1a: Breloom|Substitute|p1a: Breloom
|-start|p1a: Breloom|Substitute
|-damage|p1a: Breloom|76/100 tox
|move|p2a: Garganacl|Salt Cure|p1a: Breloom
|-resisted|p1a: Breloom
|-activate|p1a: Breloom|move: Substitute|[damage]
|
|-heal|p2a: Garganacl|99/100|[from] item: Leftovers
|-heal|p1a: Breloom|88/100 tox|[from] ability: Poison Heal
|upkeep
|turn|11
|
|t:|1779862503
|switch|p2a: Scizor|Scizor, F|100/100
|-singleturn|p1a: Breloom|move: Focus Punch
|move|p1a: Breloom|Focus Punch|p2a: Scizor
|-damage|p2a: Scizor|25/100
|
|-heal|p1a: Breloom|100/100 tox|[from] ability: Poison Heal
|upkeep
|turn|12
|
|t:|1779862513
|move|p1a: Breloom|Protect|p1a: Breloom
|-singleturn|p1a: Breloom|Protect
|move|p2a: Scizor|Bullet Punch|p1a: Breloom
|-activate|p1a: Breloom|move: Protect
|
|upkeep
|turn|13
|
|t:|1779862519
|move|p2a: Scizor|Bullet Punch|p1a: Breloom
|-end|p1a: Breloom|Substitute
|move|p1a: Breloom|Leech Seed|p2a: Scizor
|-start|p2a: Scizor|move: Leech Seed
|
|-damage|p2a: Scizor|13/100|[from] Leech Seed|[of] p1a: Breloom
|upkeep
|turn|14
|
|t:|1779862523
|move|p2a: Scizor|Bullet Punch|p1a: Breloom
|-damage|p1a: Breloom|57/100 tox
|move|p1a: Breloom|Substitute|p1a: Breloom
|-start|p1a: Breloom|Substitute
|-damage|p1a: Breloom|32/100 tox
|
|-damage|p2a: Scizor|1/100|[from] Leech Seed|[of] p1a: Breloom
|-heal|p1a: Breloom|44/100 tox|[silent]
|-heal|p1a: Breloom|56/100 tox|[from] ability: Poison Heal
|upkeep
|turn|15
|
|t:|1779862533
|switch|p2a: Great Tusk|Great Tusk|92/100
|move|p1a: Breloom|Protect||[still]
|-fail|p1a: Breloom
|
|-heal|p1a: Breloom|69/100 tox|[from] ability: Poison Heal
|upkeep
|turn|16
|
|t:|1779862536
|-singleturn|p1a: Breloom|move: Focus Punch
|move|p2a: Great Tusk|Ice Spinner|p1a: Breloom
|-supereffective|p1a: Breloom
|-end|p1a: Breloom|Substitute
|move|p1a: Breloom|Focus Punch|p2a: Great Tusk
|-damage|p2a: Great Tusk|42/100
|
|-heal|p1a: Breloom|81/100 tox|[from] ability: Poison Heal
|upkeep
|turn|17
|
|t:|1779862548
|switch|p1a: Articuno|Articuno|32/100 par
|-ability|p1a: Articuno|Pressure
|move|p2a: Great Tusk|Ice Spinner|p1a: Articuno
|-damage|p1a: Articuno|3/100 par
|
|upkeep
|turn|18
|
|t:|1779862553
|move|p2a: Great Tusk|Rapid Spin|p1a: Articuno
|-damage|p1a: Articuno|0 fnt
|-boost|p2a: Great Tusk|spe|1
|faint|p1a: Articuno
|
|upkeep
|
|t:|1779862556
|switch|p1a: Comfey|Comfey, F|100/100
|turn|19
|
|t:|1779862564
|move|p1a: Comfey|Draining Kiss|p2a: Great Tusk
|-supereffective|p2a: Great Tusk
|-damage|p2a: Great Tusk|0 fnt
|faint|p2a: Great Tusk
|-end|p2a: Great Tusk|Protosynthesis|[silent]
|
|upkeep
|
|t:|1779862567
|switch|p2a: Volcanion|Volcanion|100/100
|turn|20
|
|t:|1779862572
|switch|p1a: Clodsire|Clodsire, M|100/100
|move|p2a: Volcanion|Sludge Bomb|p1a: Clodsire
|-resisted|p1a: Clodsire
|-damage|p1a: Clodsire|96/100
|
|-heal|p1a: Clodsire|100/100|[from] item: Black Sludge
|upkeep
|turn|21
|
|t:|1779862577
|move|p2a: Volcanion|Steam Eruption|p1a: Clodsire
|-immune|p1a: Clodsire|[from] ability: Water Absorb
|move|p1a: Clodsire|Spikes|p2a: Volcanion
|-sidestart|p2: whisperingcloth|Spikes
|
|upkeep
|turn|22
|
|t:|1779862582
|move|p2a: Volcanion|Taunt|p1a: Clodsire
|-start|p1a: Clodsire|move: Taunt
|cant|p1a: Clodsire|move: Taunt|Spikes
|
|upkeep
|turn|23
|
|t:|1779862591
|switch|p2a: Garganacl|Garganacl, M|99/100
|-damage|p2a: Garganacl|88/100|[from] Spikes
|move|p1a: Clodsire|Earthquake|p2a: Garganacl
|-supereffective|p2a: Garganacl
|-damage|p2a: Garganacl|53/100
|
|-heal|p2a: Garganacl|59/100|[from] item: Leftovers
|upkeep
|turn|24
|
|t:|1779862597
|switch|p1a: Breloom|Breloom, M|81/100 tox
|-terastallize|p2a: Garganacl|Water
|move|p2a: Garganacl|Salt Cure|p1a: Breloom
|-resisted|p1a: Breloom
|-damage|p1a: Breloom|75/100 tox
|-start|p1a: Breloom|Salt Cure
|
|-heal|p2a: Garganacl|65/100|[from] item: Leftovers
|-heal|p1a: Breloom|87/100 tox|[from] ability: Poison Heal
|-damage|p1a: Breloom|75/100 tox|[from] Salt Cure
|upkeep
|turn|25
|
|t:|1779862605
|move|p1a: Breloom|Leech Seed|p2a: Garganacl
|-start|p2a: Garganacl|move: Leech Seed
|move|p2a: Garganacl|Recover|p2a: Garganacl
|-heal|p2a: Garganacl|100/100
|
|-damage|p2a: Garganacl|88/100|[from] Leech Seed|[of] p1a: Breloom
|-heal|p1a: Breloom|91/100 tox|[silent]
|-heal|p1a: Breloom|100/100 tox|[from] ability: Poison Heal
|-damage|p1a: Breloom|88/100 tox|[from] Salt Cure
|upkeep
|turn|26
|
|t:|1779862617
|switch|p2a: Scizor|Scizor, F|1/100
|-damage|p2a: Scizor|0 fnt|[from] Spikes
|faint|p2a: Scizor
|move|p1a: Breloom|Substitute|p1a: Breloom
|-start|p1a: Breloom|Substitute
|-damage|p1a: Breloom|63/100 tox
|
|-heal|p1a: Breloom|76/100 tox|[from] ability: Poison Heal
|-damage|p1a: Breloom|63/100 tox|[from] Salt Cure
|upkeep
|
|t:|1779862628
|switch|p2a: Deoxys|Deoxys-Speed|100/100
|-damage|p2a: Deoxys|88/100|[from] Spikes
|-ability|p2a: Deoxys|Pressure
|turn|27
|
|t:|1779862632
|move|p2a: Deoxys|Ice Beam|p1a: Breloom
|-supereffective|p1a: Breloom
|-end|p1a: Breloom|Substitute
|move|p1a: Breloom|Leech Seed|p2a: Deoxys
|-start|p2a: Deoxys|move: Leech Seed
|
|-damage|p2a: Deoxys|76/100|[from] Leech Seed|[of] p1a: Breloom
|-heal|p1a: Breloom|73/100 tox|[silent]
|-heal|p1a: Breloom|85/100 tox|[from] ability: Poison Heal
|-damage|p1a: Breloom|73/100 tox|[from] Salt Cure
|upkeep
|turn|28
|
|t:|1779862645
|switch|p2a: Zapdos|Zapdos|2/100 brn
|move|p1a: Breloom|Protect||[still]
|-fail|p1a: Breloom
|
|-heal|p1a: Breloom|85/100 tox|[from] ability: Poison Heal
|-damage|p2a: Zapdos|0 fnt|[from] brn
|faint|p2a: Zapdos
|-damage|p1a: Breloom|73/100 tox|[from] Salt Cure
|upkeep
|
|t:|1779862647
|switch|p2a: Deoxys|Deoxys-Speed|76/100
|-damage|p2a: Deoxys|63/100|[from] Spikes
|-ability|p2a: Deoxys|Pressure
|turn|29
|
|t:|1779862655
|switch|p1a: Clodsire|Clodsire, M|100/100
|move|p2a: Deoxys|Ice Beam|p1a: Clodsire
|-supereffective|p1a: Clodsire
|-damage|p1a: Clodsire|72/100
|
|-heal|p1a: Clodsire|78/100|[from] item: Black Sludge
|upkeep
|turn|30
|
|t:|1779862659
|move|p2a: Deoxys|Psycho Boost|p1a: Clodsire
|-supereffective|p1a: Clodsire
|-damage|p1a: Clodsire|19/100
|-unboost|p2a: Deoxys|spa|2
|move|p1a: Clodsire|Spikes|p2a: Deoxys
|-sidestart|p2: whisperingcloth|Spikes
|
|-heal|p1a: Clodsire|25/100|[from] item: Black Sludge
|upkeep
|turn|31
|
|t:|1779862667
|switch|p1a: Comfey|Comfey, F|100/100
|move|p2a: Deoxys|Psycho Boost|p1a: Comfey
|-damage|p1a: Comfey|66/100
|-unboost|p2a: Deoxys|spa|2
|
|-heal|p1a: Comfey|72/100|[from] item: Leftovers
|upkeep
|turn|32
|
|t:|1779862671
|switch|p2a: Volcanion|Volcanion|100/100
|-damage|p2a: Volcanion|84/100|[from] Spikes
|move|p1a: Comfey|Calm Mind|p1a: Comfey
|-boost|p1a: Comfey|spa|1
|-boost|p1a: Comfey|spd|1
|
|-heal|p1a: Comfey|77/100|[from] item: Leftovers
|upkeep
|turn|33
|
|t:|1779862683
|move|p1a: Comfey|Calm Mind|p1a: Comfey
|-boost|p1a: Comfey|spa|1
|-boost|p1a: Comfey|spd|1
|move|p2a: Volcanion|Flamethrower|p1a: Comfey
|-damage|p1a: Comfey|47/100
|
|-heal|p1a: Comfey|52/100|[from] item: Leftovers
|upkeep
|turn|34
|
|t:|1779862695
|move|p1a: Comfey|Calm Mind|p1a: Comfey
|-boost|p1a: Comfey|spa|1
|-boost|p1a: Comfey|spd|1
|move|p2a: Volcanion|Sludge Bomb|p1a: Comfey
|-supereffective|p1a: Comfey
|-damage|p1a: Comfey|21/100
|
|-heal|p1a: Comfey|27/100|[from] item: Leftovers
|upkeep
|turn|35
|
|t:|1779862699
|move|p1a: Comfey|Calm Mind|p1a: Comfey
|-boost|p1a: Comfey|spa|1
|-boost|p1a: Comfey|spd|1
|move|p2a: Volcanion|Sludge Bomb|p1a: Comfey
|-supereffective|p1a: Comfey
|-damage|p1a: Comfey|0 fnt
|faint|p1a: Comfey
|
|upkeep
|
|t:|1779862712
|switch|p1a: Clodsire|Clodsire, M|25/100
|turn|36
|
|t:|1779862721
|move|p2a: Volcanion|Flamethrower|p1a: Clodsire
|-damage|p1a: Clodsire|0 fnt
|faint|p1a: Clodsire
|
|upkeep
|
|t:|1779862729
|switch|p1a: Lokix|Lokix, F|100/100
|turn|37
|
|t:|1779862737
|-terastallize|p1a: Lokix|Bug
|move|p1a: Lokix|U-turn|p2a: Volcanion
|-resisted|p2a: Volcanion
|-damage|p2a: Volcanion|34/100
|-damage|p1a: Lokix|91/100|[from] item: Life Orb
|
|t:|1779862741
|switch|p1a: Heatran|Heatran, F|42/100|[from] U-turn
|move|p2a: Volcanion|Flamethrower|p1a: Heatran
|-damage|p1a: Heatran|0 fnt
|faint|p1a: Heatran
|
|upkeep
|
|t:|1779862743
|switch|p1a: Lokix|Lokix, F, tera:Bug|91/100
|turn|38
|
|t:|1779862754
|switch|p2a: Garganacl|Garganacl, M, tera:Water|88/100
|-damage|p2a: Garganacl|72/100|[from] Spikes
|move|p1a: Lokix|Leech Life|p2a: Garganacl
|-damage|p2a: Garganacl|28/100
|-heal|p1a: Lokix|100/100|[from] drain|[of] p2a: Garganacl
|-damage|p1a: Lokix|91/100|[from] item: Life Orb
|
|-heal|p2a: Garganacl|35/100|[from] item: Leftovers
|upkeep
|turn|39
|
|t:|1779862757
|move|p1a: Lokix|Leech Life|p2a: Garganacl
|-damage|p2a: Garganacl|0 fnt
|-heal|p1a: Lokix|100/100|[from] drain|[of] p2a: Garganacl
|faint|p2a: Garganacl
|-damage|p1a: Lokix|91/100|[from] item: Life Orb
|
|upkeep
|
|t:|1779862760
|switch|p2a: Deoxys|Deoxys-Speed|63/100
|-damage|p2a: Deoxys|47/100|[from] Spikes
|-ability|p2a: Deoxys|Pressure
|turn|40
|
|t:|1779862762
|move|p1a: Lokix|Sucker Punch|p2a: Deoxys
|-supereffective|p2a: Deoxys
|-damage|p2a: Deoxys|0 fnt
|faint|p2a: Deoxys
|-damage|p1a: Lokix|81/100|[from] item: Life Orb
|
|upkeep
|-message|whisperingcloth forfeited.
|
|win|ayayaphone2
|raw|ayayaphone2's rating: 1457 &rarr; <strong>1476</strong><br />(+19 for winning)
|raw|whisperingcloth's rating: 1448 &rarr; <strong>1429</strong><br />(-19 for losing)
|l|☆whisperingcloth
|player|p2|
|l|☆ayayaphone2
|player|p1|
