|j|☆kooopooolooo
|j|☆Exiowf
|t:|1779819217
|gametype|singles
|player|p1|kooopooolooo|2|1530
|player|p2|Exiowf|2|1531
|gen|9
|tier|[Gen 9] OU
|rated|
|rule|HP Percentage Mod: HP is shown in percentages
|rule|Endless Battle Clause: Forcing endless battles is banned
|rule|Species Clause: Limit one of each Pokémon
|rule|OHKO Clause: OHKO moves are banned
|rule|Evasion Items Clause: Evasion items are banned
|rule|Evasion Moves Clause: Evasion moves are banned
|rule|Evasion Abilities Clause: Evasion abilities are banned
|rule|Sleep Moves Clause: Sleep-inducing moves are banned
|clearpoke
|poke|p1|Tyranitar, M|
|poke|p1|Alomomola, M|
|poke|p1|Pecharunt|
|poke|p1|Tornadus-Therian, M|
|poke|p1|Rillaboom, M|
|poke|p1|Iron Treads|
|poke|p2|Slowking-Galar, F|
|poke|p2|Great Tusk|
|poke|p2|Corviknight, F|
|poke|p2|Dragapult, M|
|poke|p2|Kingambit, F|
|poke|p2|Iron Boulder|
|teampreview
|
|t:|1779819245
|teamsize|p1|6
|teamsize|p2|6
|start
|switch|p1a: OU Forever|Tyranitar, M|100/100
|switch|p2a: Iron Boulder|Iron Boulder|100/100
|-weather|Sandstorm|[from] ability: Sand Stream|[of] p1a: OU Forever
|turn|1
|
|t:|1779819252
|switch|p1a: Hank|Alomomola, M|100/100
|move|p2a: Iron Boulder|Close Combat|p1a: Hank
|-crit|p1a: Hank
|-damage|p1a: Hank|51/100
|-unboost|p2a: Iron Boulder|def|1
|-unboost|p2a: Iron Boulder|spd|1
|-damage|p2a: Iron Boulder|84/100|[from] item: Rocky Helmet|[of] p1a: Hank
|
|-weather|Sandstorm|[upkeep]
|-damage|p1a: Hank|45/100|[from] Sandstorm
|upkeep
|turn|2
|
|t:|1779819258
|-end|p2a: Iron Boulder|Quark Drive|[silent]
|switch|p2a: Corviknight|Corviknight, F|100/100
|-ability|p2a: Corviknight|Pressure
|move|p1a: Hank|Flip Turn|p2a: Corviknight
|-damage|p2a: Corviknight|91/100
|-damage|p1a: Hank|29/100|[from] item: Rocky Helmet|[of] p2a: Corviknight
|
|t:|1779819262
|switch|p1a: Tornadus|Tornadus-Therian, M|100/100|[from] Flip Turn
|
|-weather|Sandstorm|[upkeep]
|-damage|p1a: Tornadus|94/100|[from] Sandstorm
|upkeep
|turn|3
|
|t:|1779819267
|move|p1a: Tornadus|Heat Wave|p2a: Corviknight
|-supereffective|p2a: Corviknight
|-damage|p2a: Corviknight|44/100
|-status|p2a: Corviknight|brn
|move|p2a: Corviknight|U-turn|p1a: Tornadus
|-resisted|p1a: Tornadus
|-damage|p1a: Tornadus|90/100
|
|t:|1779819272
|switch|p2a: Iron Boulder|Iron Boulder|84/100|[from] U-turn
|
|-weather|Sandstorm|[upkeep]
|-damage|p1a: Tornadus|84/100|[from] Sandstorm
|upkeep
|turn|4
|
|t:|1779819334
|move|p2a: Iron Boulder|Mighty Cleave|p1a: Tornadus
|-supereffective|p1a: Tornadus
|-damage|p1a: Tornadus|0 fnt
|faint|p1a: Tornadus
|
|-weather|Sandstorm|[upkeep]
|upkeep
|
|t:|1779819337
|switch|p1a: Iron Treads|Iron Treads|100/100
|turn|5
|
|t:|1779819341
|-end|p2a: Iron Boulder|Quark Drive|[silent]
|switch|p2a: Corviknight|Corviknight, F|44/100 brn
|-ability|p2a: Corviknight|Pressure
|move|p1a: Iron Treads|Stealth Rock|p2a: Corviknight
|-sidestart|p2: Exiowf|move: Stealth Rock
|
|-weather|none
|-damage|p2a: Corviknight|38/100 brn|[from] brn
|upkeep
|turn|6
|
|t:|1779819345
|move|p1a: Iron Treads|Volt Switch|p2a: Corviknight
|-supereffective|p2a: Corviknight
|-damage|p2a: Corviknight|11/100 brn
|
|t:|1779819350
|-end|p1a: Iron Treads|Quark Drive|[silent]
|switch|p1a: Hank|Alomomola, M|62/100|[from] Volt Switch
|move|p2a: Corviknight|Roost|p2a: Corviknight
|-heal|p2a: Corviknight|61/100 brn
|-singleturn|p2a: Corviknight|move: Roost
|
|-damage|p2a: Corviknight|55/100 brn|[from] brn
|upkeep
|turn|7
|
|t:|1779819353
|move|p2a: Corviknight|U-turn|p1a: Hank
|-damage|p1a: Hank|58/100
|-damage|p2a: Corviknight|39/100 brn|[from] item: Rocky Helmet|[of] p1a: Hank
|
|t:|1779819356
|switch|p2a: Slowking|Slowking-Galar, F|100/100|[from] U-turn
|move|p1a: Hank|Flip Turn|p2a: Slowking
|-damage|p2a: Slowking|84/100
|
|t:|1779819375
|switch|p1a: OU Forever|Tyranitar, M|100/100|[from] Flip Turn
|-weather|Sandstorm|[from] ability: Sand Stream|[of] p1a: OU Forever
|
|-weather|Sandstorm|[upkeep]
|-damage|p2a: Slowking|78/100|[from] Sandstorm
|upkeep
|turn|8
|
|t:|1779819378
|switch|p2a: Corviknight|Corviknight, F|39/100 brn
|-damage|p2a: Corviknight|26/100 brn|[from] Stealth Rock
|-ability|p2a: Corviknight|Pressure
|move|p1a: OU Forever|Ice Beam|p2a: Corviknight
|-damage|p2a: Corviknight|5/100 brn
|
|-weather|Sandstorm|[upkeep]
|-damage|p2a: Corviknight|0 fnt|[from] brn
|faint|p2a: Corviknight
|upkeep
|
|t:|1779819404
|switch|p2a: Great Tusk|Great Tusk|100/100
|turn|9
|
|t:|1779819410
|switch|p1a: Hank|Alomomola, M|92/100
|move|p2a: Great Tusk|Stealth Rock|p1a: Hank
|-sidestart|p1: kooopooolooo|move: Stealth Rock
|
|-weather|Sandstorm|[upkeep]
|-damage|p1a: Hank|85/100|[from] Sandstorm
|upkeep
|turn|10
|
|t:|1779819413
|move|p2a: Great Tusk|Rapid Spin|p1a: Hank
|-damage|p1a: Hank|75/100
|-boost|p2a: Great Tusk|spe|1
|-damage|p2a: Great Tusk|84/100|[from] item: Rocky Helmet|[of] p1a: Hank
|-sideend|p2: Exiowf|Stealth Rock|[from] move: Rapid Spin|[of] p2a: Great Tusk
|move|p1a: Hank|Scald|p2a: Great Tusk
|-supereffective|p2a: Great Tusk
|-damage|p2a: Great Tusk|41/100
|
|-weather|Sandstorm|[upkeep]
|-damage|p1a: Hank|69/100|[from] Sandstorm
|upkeep
|turn|11
|
|t:|1779819436
|-end|p2a: Great Tusk|Protosynthesis|[silent]
|switch|p2a: Slowking|Slowking-Galar, F|100/100
|move|p1a: Hank|Flip Turn|p2a: Slowking
|-damage|p2a: Slowking|84/100
|
|t:|1779819438
|switch|p1a: OU Forever|Tyranitar, M|100/100|[from] Flip Turn
|-damage|p1a: OU Forever|88/100|[from] Stealth Rock
|
|-weather|none
|upkeep
|turn|12
|
|t:|1779819444
|switch|p2a: Great Tusk|Great Tusk|41/100
|move|p1a: OU Forever|Knock Off|p2a: Great Tusk
|-resisted|p2a: Great Tusk
|-damage|p2a: Great Tusk|25/100
|-enditem|p2a: Great Tusk|Heavy-Duty Boots|[from] move: Knock Off|[of] p1a: OU Forever
|
|upkeep
|turn|13
|
|t:|1779819451
|switch|p1a: Hank|Alomomola, M|100/100
|-damage|p1a: Hank|88/100|[from] Stealth Rock
|move|p2a: Great Tusk|Headlong Rush|p1a: Hank
|-damage|p1a: Hank|56/100
|-unboost|p2a: Great Tusk|def|1
|-unboost|p2a: Great Tusk|spd|1
|-damage|p2a: Great Tusk|9/100|[from] item: Rocky Helmet|[of] p1a: Hank
|
|upkeep
|turn|14
|
|t:|1779819454
|-end|p2a: Great Tusk|Protosynthesis|[silent]
|switch|p2a: Dragapult|Dragapult, M|100/100
|move|p1a: Hank|Flip Turn|p2a: Dragapult
|-resisted|p2a: Dragapult
|-damage|p2a: Dragapult|89/100
|
|t:|1779819461
|switch|p1a: OU Forever|Tyranitar, M|88/100|[from] Flip Turn
|-damage|p1a: OU Forever|76/100|[from] Stealth Rock
|-weather|Sandstorm|[from] ability: Sand Stream|[of] p1a: OU Forever
|
|-weather|Sandstorm|[upkeep]
|-damage|p2a: Dragapult|83/100|[from] Sandstorm
|upkeep
|turn|15
|
|t:|1779819472
|move|p2a: Dragapult|Will-O-Wisp|p1a: OU Forever
|-status|p1a: OU Forever|brn
|move|p1a: OU Forever|Ice Beam|p2a: Dragapult
|-supereffective|p2a: Dragapult
|-damage|p2a: Dragapult|23/100
|
|-weather|Sandstorm|[upkeep]
|-damage|p2a: Dragapult|17/100|[from] Sandstorm
|-damage|p1a: OU Forever|70/100 brn|[from] brn
|upkeep
|turn|16
|
|t:|1779819478
|switch|p2a: Slowking|Slowking-Galar, F|100/100
|move|p1a: OU Forever|Fire Blast|p2a: Slowking
|-damage|p2a: Slowking|87/100
|
|-weather|Sandstorm|[upkeep]
|-damage|p2a: Slowking|80/100|[from] Sandstorm
|-damage|p1a: OU Forever|63/100 brn|[from] brn
|upkeep
|turn|17
|
|t:|1779819480
|move|p1a: OU Forever|Knock Off|p2a: Slowking
|-supereffective|p2a: Slowking
|-damage|p2a: Slowking|27/100
|-enditem|p2a: Slowking|Heavy-Duty Boots|[from] move: Knock Off|[of] p1a: OU Forever
|-prepare|p2a: Slowking|Chilly Reception|[premajor]
|move|p2a: Slowking|Chilly Reception|p2a: Slowking
|-weather|Snowscape
|
|t:|1779819491
|switch|p2a: Kingambit|Kingambit, F|100/100|[from] Chilly Reception
|-activate|p2a: Kingambit|ability: Supreme Overlord
|-start|p2a: Kingambit|fallen1|[silent]
|
|-weather|Snowscape|[upkeep]
|-damage|p1a: OU Forever|57/100 brn|[from] brn
|upkeep
|turn|18
|
|t:|1779819520
|switch|p1a: Hank|Alomomola, M|89/100
|-damage|p1a: Hank|77/100|[from] Stealth Rock
|move|p2a: Kingambit|Iron Head|p1a: Hank
|-resisted|p1a: Hank
|-damage|p1a: Hank|62/100
|-damage|p2a: Kingambit|84/100|[from] item: Rocky Helmet|[of] p1a: Hank
|
|-weather|Snowscape|[upkeep]
|-heal|p2a: Kingambit|90/100|[from] item: Leftovers
|upkeep
|turn|19
|
|t:|1779819535
|-end|p2a: Kingambit|fallen1|[silent]
|switch|p2a: Slowking|Slowking-Galar, F|60/100
|move|p1a: Hank|Scald|p2a: Slowking
|-damage|p2a: Slowking|52/100
|
|-weather|Snowscape|[upkeep]
|upkeep
|turn|20
|
|t:|1779819557
|move|p1a: Hank|Flip Turn|p2a: Slowking
|-damage|p2a: Slowking|35/100
|
|t:|1779819561
|switch|p1a: Iron Treads|Iron Treads|100/100|[from] Flip Turn
|move|p2a: Slowking|Future Sight|p1a: Iron Treads
|-start|p2a: Slowking|move: Future Sight
|
|-weather|Snowscape|[upkeep]
|upkeep
|turn|21
|
|t:|1779819566
|switch|p2a: Great Tusk|Great Tusk|9/100
|move|p1a: Iron Treads|Stealth Rock|p2a: Great Tusk
|-sidestart|p2: Exiowf|move: Stealth Rock
|
|-weather|none
|upkeep
|turn|22
|
|t:|1779819569
|move|p1a: Iron Treads|Earth Power|p2a: Great Tusk
|-damage|p2a: Great Tusk|0 fnt
|faint|p2a: Great Tusk
|-end|p2a: Great Tusk|Protosynthesis|[silent]
|
|-end|p1a: Iron Treads|move: Future Sight
|-resisted|p1a: Iron Treads
|-damage|p1a: Iron Treads|79/100
|upkeep
|
|t:|1779819582
|switch|p2a: Dragapult|Dragapult, M|17/100
|-damage|p2a: Dragapult|5/100|[from] Stealth Rock
|turn|23
|
|t:|1779819599
|move|p2a: Dragapult|Shadow Ball|p1a: Iron Treads
|-damage|p1a: Iron Treads|27/100
|move|p1a: Iron Treads|Earth Power|p2a: Dragapult
|-damage|p2a: Dragapult|0 fnt
|faint|p2a: Dragapult
|
|upkeep
|
|t:|1779819629
|switch|p2a: Kingambit|Kingambit, F|90/100
|-damage|p2a: Kingambit|84/100|[from] Stealth Rock
|-activate|p2a: Kingambit|ability: Supreme Overlord
|-start|p2a: Kingambit|fallen3|[silent]
|turn|24
|
|t:|1779819667
|move|p2a: Kingambit|Sucker Punch|p1a: Iron Treads
|-damage|p1a: Iron Treads|0 fnt
|faint|p1a: Iron Treads
|-end|p1a: Iron Treads|Quark Drive|[silent]
|
|-heal|p2a: Kingambit|90/100|[from] item: Leftovers
|upkeep
|
|t:|1779819672
|switch|p1a: Hank|Alomomola, M|96/100
|-damage|p1a: Hank|83/100|[from] Stealth Rock
|turn|25
|
|t:|1779819677
|-end|p2a: Kingambit|fallen3|[silent]
|switch|p2a: Slowking|Slowking-Galar, F|68/100
|-damage|p2a: Slowking|56/100|[from] Stealth Rock
|move|p1a: Hank|Scald|p2a: Slowking
|-crit|p2a: Slowking
|-damage|p2a: Slowking|44/100
|
|upkeep
|turn|26
|
|t:|1779819686
|move|p1a: Hank|Scald|p2a: Slowking
|-damage|p2a: Slowking|35/100
|-prepare|p2a: Slowking|Chilly Reception|[premajor]
|move|p2a: Slowking|Chilly Reception|p2a: Slowking
|-weather|Snowscape
|
|t:|1779819697
|switch|p2a: Kingambit|Kingambit, F|90/100|[from] Chilly Reception
|-damage|p2a: Kingambit|84/100|[from] Stealth Rock
|-activate|p2a: Kingambit|ability: Supreme Overlord
|-start|p2a: Kingambit|fallen3|[silent]
|
|-weather|Snowscape|[upkeep]
|-heal|p2a: Kingambit|90/100|[from] item: Leftovers
|upkeep
|turn|27
|
|t:|1779819739
|-end|p2a: Kingambit|fallen3|[silent]
|switch|p2a: Slowking|Slowking-Galar, F|68/100
|-damage|p2a: Slowking|56/100|[from] Stealth Rock
|move|p1a: Hank|Scald|p2a: Slowking
|-damage|p2a: Slowking|47/100
|
|-weather|Snowscape|[upkeep]
|upkeep
|turn|28
|
|t:|1779819742
|move|p1a: Hank|Scald|p2a: Slowking
|-damage|p2a: Slowking|39/100
|move|p2a: Slowking|Sludge Bomb|p1a: Hank
|-damage|p1a: Hank|45/100
|-status|p1a: Hank|psn
|
|-weather|Snowscape|[upkeep]
|-damage|p1a: Hank|33/100 psn|[from] psn
|upkeep
|turn|29
|
|t:|1779819746
|move|p1a: Hank|Flip Turn|p2a: Slowking
|-damage|p2a: Slowking|23/100
|
|t:|1779819748
|switch|p1a: OU Forever|Tyranitar, M|57/100 brn|[from] Flip Turn
|-damage|p1a: OU Forever|45/100 brn|[from] Stealth Rock
|-weather|Sandstorm|[from] ability: Sand Stream|[of] p1a: OU Forever
|move|p2a: Slowking|Future Sight|p1a: OU Forever
|-start|p2a: Slowking|move: Future Sight
|
|-weather|Sandstorm|[upkeep]
|-damage|p2a: Slowking|17/100|[from] Sandstorm
|-damage|p1a: OU Forever|39/100 brn|[from] brn
|upkeep
|turn|30
|
|t:|1779819754
|switch|p2a: Kingambit|Kingambit, F|90/100
|-damage|p2a: Kingambit|84/100|[from] Stealth Rock
|-activate|p2a: Kingambit|ability: Supreme Overlord
|-start|p2a: Kingambit|fallen3|[silent]
|move|p1a: OU Forever|Fire Blast|p2a: Kingambit
|-supereffective|p2a: Kingambit
|-damage|p2a: Kingambit|38/100
|-status|p2a: Kingambit|brn
|
|-weather|Sandstorm|[upkeep]
|-heal|p2a: Kingambit|44/100 brn|[from] item: Leftovers
|-damage|p1a: OU Forever|32/100 brn|[from] brn
|-damage|p2a: Kingambit|38/100 brn|[from] brn
|upkeep
|turn|31
|
|t:|1779819762
|move|p2a: Kingambit|Sucker Punch|p1a: OU Forever
|-resisted|p1a: OU Forever
|-crit|p1a: OU Forever
|-damage|p1a: OU Forever|18/100 brn
|move|p1a: OU Forever|Fire Blast|p2a: Kingambit
|-supereffective|p2a: Kingambit
|-damage|p2a: Kingambit|0 fnt
|faint|p2a: Kingambit
|-end|p2a: Kingambit|fallen3|[silent]
|
|-weather|Sandstorm|[upkeep]
|-end|p1a: OU Forever|move: Future Sight
|-immune|p1a: OU Forever
|-damage|p1a: OU Forever|11/100 brn|[from] brn
|upkeep
|
|t:|1779819766
|switch|p2a: Iron Boulder|Iron Boulder|84/100
|-damage|p2a: Iron Boulder|72/100|[from] Stealth Rock
|turn|32
|
|t:|1779819769
|move|p2a: Iron Boulder|Mighty Cleave|p1a: OU Forever
|-damage|p1a: OU Forever|0 fnt
|faint|p1a: OU Forever
|
|-weather|Sandstorm|[upkeep]
|upkeep
|
|t:|1779819771
|switch|p1a: Pecharunt|Pecharunt|100/100
|turn|33
|
|t:|1779819773
|-end|p2a: Iron Boulder|Quark Drive|[silent]
|switch|p2a: Slowking|Slowking-Galar, F|50/100
|-damage|p2a: Slowking|37/100|[from] Stealth Rock
|move|p1a: Pecharunt|Shadow Ball|p2a: Slowking
|-supereffective|p2a: Slowking
|-damage|p2a: Slowking|8/100
|-unboost|p2a: Slowking|spd|1
|
|-weather|none
|upkeep
|turn|34
|
|t:|1779819815
|move|p1a: Pecharunt|Shadow Ball|p2a: Slowking
|-supereffective|p2a: Slowking
|-damage|p2a: Slowking|0 fnt
|faint|p2a: Slowking
|
|upkeep
|
|t:|1779819821
|switch|p2a: Iron Boulder|Iron Boulder|72/100
|-damage|p2a: Iron Boulder|59/100|[from] Stealth Rock
|turn|35
|
|t:|1779819831
|move|p2a: Iron Boulder|Psycho Cut|p1a: Pecharunt
|-supereffective|p1a: Pecharunt
|-crit|p1a: Pecharunt
|-damage|p1a: Pecharunt|23/100
|move|p1a: Pecharunt|Toxic|p2a: Iron Boulder
|-status|p2a: Iron Boulder|tox
|-start|p2a: Iron Boulder|confusion|[from] ability: Poison Puppeteer|[of] p1a: Pecharunt
|
|-damage|p2a: Iron Boulder|53/100 tox|[from] psn
|upkeep
|turn|36
|
|t:|1779819835
|-terastallize|p1a: Pecharunt|Dark
|-activate|p2a: Iron Boulder|confusion
|-damage|p2a: Iron Boulder|35/100 tox|[from] confusion
|move|p1a: Pecharunt|Shadow Ball|p2a: Iron Boulder
|-supereffective|p2a: Iron Boulder
|-damage|p2a: Iron Boulder|0 fnt
|faint|p2a: Iron Boulder
|-end|p2a: Iron Boulder|Quark Drive|[silent]
|
|win|kooopooolooo
|raw|kooopooolooo's rating: 1530 &rarr; <strong>1550</strong><br />(+20 for winning)
|raw|Exiowf's rating: 1531 &rarr; <strong>1511</strong><br />(-20 for losing)
|c|☆Exiowf|gg
|l|☆Exiowf
|player|p2|
