|j|☆308lobo
|j|☆bonycrow
|t:|1779914688
|gametype|singles
|player|p1|308lobo|blackbelt-gen2|1149
|player|p2|bonycrow|169|1200
|gen|9
|tier|[Gen 9] OU
|rated|
|rule|HP Percentage Mod: HP is shown in percentages
|rule|Endless Battle Clause: Forcing endless battles is banned
|rule|Species Clause: Limit one of each Pokémon
|rule|OHKO Clause: OHKO moves are banned
|rule|Evasion Items Clause: Evasion items are banned
|rule|Evasion Moves Clause: Evasion moves are banned
|rule|Evasion Abilities Clause: Evasion abilities are banned
|rule|Sleep Moves Clause: Sleep-inducing moves are banned
|clearpoke
|poke|p1|Dragonite, F|
|poke|p1|Araquanid, M|
|poke|p1|Zapdos|
|poke|p1|Grimmsnarl, M|
|poke|p1|Tentacruel, M|
|poke|p1|Gliscor, M|
|poke|p2|Arcanine-Hisui, M|
|poke|p2|Corviknight, M|
|poke|p2|Grimmsnarl, M|
|poke|p2|Rotom-Wash|
|poke|p2|Meowscarada, M|
|poke|p2|Ditto|
|teampreview
|inactive|Battle timer is ON: inactive players will automatically lose when time's up. (requested by 308lobo)
|
|t:|1779914709
|teamsize|p1|6
|teamsize|p2|6
|start
|switch|p1a: Grimmsnarl|Grimmsnarl, M, shiny|100/100
|switch|p2a: Goblin|Grimmsnarl, M|100/100
|turn|1
|
|t:|1779914717
|move|p1a: Grimmsnarl|Reflect|p1a: Grimmsnarl
|-sidestart|p1: 308lobo|Reflect
|move|p2a: Goblin|Play Rough|p1a: Grimmsnarl
|-supereffective|p1a: Grimmsnarl
|-damage|p1a: Grimmsnarl|51/100
|
|upkeep
|turn|2
|
|t:|1779914736
|switch|p1a: Tentacruel|Tentacruel, M, shiny|100/100
|move|p2a: Goblin|Play Rough|p1a: Tentacruel
|-resisted|p1a: Tentacruel
|-damage|p1a: Tentacruel|81/100
|
|upkeep
|turn|3
|
|t:|1779914747
|move|p2a: Goblin|Thunder Wave|p1a: Tentacruel|[miss]
|-miss|p2a: Goblin|p1a: Tentacruel
|move|p1a: Tentacruel|Toxic Spikes|p2a: Goblin
|-sidestart|p2: bonycrow|move: Toxic Spikes
|
|upkeep
|turn|4
|
|t:|1779914757
|switch|p1a: Zapdos|Zapdos, shiny|100/100
|move|p2a: Goblin|Thunder Wave|p1a: Zapdos
|-immune|p1a: Zapdos
|
|upkeep
|turn|5
|
|t:|1779914763
|move|p2a: Goblin|Parting Shot|p1a: Zapdos
|-unboost|p1a: Zapdos|atk|1
|-unboost|p1a: Zapdos|spa|1
|
|t:|1779914766
|switch|p2a: Wishi|Rotom-Wash|100/100|[from] Parting Shot
|move|p1a: Zapdos|Thunder Wave|p2a: Wishi
|-immune|p2a: Wishi
|
|upkeep
|turn|6
|
|t:|1779914776
|switch|p1a: Wonder of U|Araquanid, M, shiny|100/100
|move|p2a: Wishi|Volt Switch|p1a: Wonder of U
|-supereffective|p1a: Wonder of U
|-damage|p1a: Wonder of U|62/100
|
|t:|1779914783
|switch|p2a: Omen|Corviknight, M, shiny|100/100|[from] Volt Switch
|
|-heal|p1a: Wonder of U|68/100|[from] item: Leftovers
|upkeep
|turn|7
|
|t:|1779914791
|move|p2a: Omen|Defog|p1a: Wonder of U
|-unboost|p1a: Wonder of U|evasion|1
|-sideend|p1: 308lobo|Reflect
|-sideend|p2: bonycrow|Toxic Spikes|[from] move: Defog|[of] p2a: Omen
|move|p1a: Wonder of U|Sticky Web|p2a: Omen
|-sidestart|p2: bonycrow|move: Sticky Web
|
|-heal|p1a: Wonder of U|74/100|[from] item: Leftovers
|upkeep
|turn|8
|
|t:|1779914798
|move|p2a: Omen|Defog|p1a: Wonder of U
|-unboost|p1a: Wonder of U|evasion|1
|-sideend|p2: bonycrow|Sticky Web|[from] move: Defog|[of] p2a: Omen
|move|p1a: Wonder of U|Liquidation|p2a: Omen
|-damage|p2a: Omen|64/100
|-ability|p2a: Omen|Mirror Armor
|-unboost|p1a: Wonder of U|def|1
|-damage|p1a: Wonder of U|57/100|[from] item: Rocky Helmet|[of] p2a: Omen
|
|-heal|p1a: Wonder of U|63/100|[from] item: Leftovers
|upkeep
|turn|9
|
|t:|1779914809
|switch|p1a: Zapdos|Zapdos, shiny|100/100
|move|p2a: Omen|Brave Bird|p1a: Zapdos
|-resisted|p1a: Zapdos
|-damage|p1a: Zapdos|80/100
|-status|p2a: Omen|par|[from] ability: Static|[of] p1a: Zapdos
|-damage|p2a: Omen|58/100 par|[from] Recoil
|
|upkeep
|turn|10
|
|t:|1779914818
|switch|p2a: Wishi|Rotom-Wash|100/100
|move|p1a: Zapdos|Thunderbolt|p2a: Wishi
|-damage|p2a: Wishi|66/100
|
|-heal|p2a: Wishi|72/100|[from] item: Leftovers
|upkeep
|turn|11
|
|t:|1779914829
|move|p1a: Zapdos|Thunderbolt|p2a: Wishi
|-damage|p2a: Wishi|39/100
|move|p2a: Wishi|Hydro Pump|p1a: Zapdos
|-damage|p1a: Zapdos|36/100
|
|-heal|p2a: Wishi|46/100|[from] item: Leftovers
|upkeep
|turn|12
|
|t:|1779914837
|move|p1a: Zapdos|Roost|p1a: Zapdos
|-heal|p1a: Zapdos|86/100
|-singleturn|p1a: Zapdos|move: Roost
|move|p2a: Wishi|Hydro Pump|p1a: Zapdos
|-damage|p1a: Zapdos|47/100
|
|-heal|p2a: Wishi|52/100|[from] item: Leftovers
|upkeep
|turn|13
|
|t:|1779914847
|move|p1a: Zapdos|Thunderbolt|p2a: Wishi
|-damage|p2a: Wishi|15/100
|move|p2a: Wishi|Pain Split|p1a: Zapdos
|-sethp|p1a: Zapdos|30/100|[from] move: Pain Split|[silent]
|-sethp|p2a: Wishi|35/100|[from] move: Pain Split
|
|-heal|p2a: Wishi|41/100|[from] item: Leftovers
|upkeep
|turn|14
|
|t:|1779914859
|move|p1a: Zapdos|Roost|p1a: Zapdos
|-heal|p1a: Zapdos|80/100
|-singleturn|p1a: Zapdos|move: Roost
|move|p2a: Wishi|Pain Split|p1a: Zapdos
|-sethp|p1a: Zapdos|58/100|[from] move: Pain Split|[silent]
|-sethp|p2a: Wishi|67/100|[from] move: Pain Split
|
|-heal|p2a: Wishi|74/100|[from] item: Leftovers
|upkeep
|turn|15
|
|t:|1779914869
|move|p1a: Zapdos|Thunderbolt|p2a: Wishi
|-damage|p2a: Wishi|39/100
|move|p2a: Wishi|Volt Switch|p1a: Zapdos
|-damage|p1a: Zapdos|29/100
|
|t:|1779914880
|switch|p2a: Mimic|Ditto|100/100|[from] Volt Switch
|-transform|p2a: Mimic|p1a: Zapdos|[from] ability: Imposter
|
|upkeep
|turn|16
|
|t:|1779914896
|switch|p1a: Gliscor|Gliscor, M, shiny|100/100
|move|p2a: Mimic|Thunderbolt|p1a: Gliscor
|-immune|p1a: Gliscor
|
|-status|p1a: Gliscor|tox|[from] item: Toxic Orb
|upkeep
|turn|17
|
|t:|1779914907
|switch|p2a: Cicero|Meowscarada, M|100/100
|move|p1a: Gliscor|Stealth Rock|p2a: Cicero
|-sidestart|p2: bonycrow|move: Stealth Rock
|
|upkeep
|turn|18
|
|t:|1779914929
|switch|p1a: Zapdos|Zapdos, shiny|29/100
|move|p2a: Cicero|Triple Axel|p1a: Zapdos
|-start|p2a: Cicero|typechange|Ice|[from] ability: Protean
|-supereffective|p1a: Zapdos
|-damage|p1a: Zapdos|9/100
|-supereffective|p1a: Zapdos
|-damage|p1a: Zapdos|0 fnt
|-status|p2a: Cicero|par|[from] ability: Static|[of] p1a: Zapdos
|faint|p1a: Zapdos
|-hitcount|p1: Zapdos|2
|
|upkeep
|inactive|308lobo has 120 seconds left.
|
|t:|1779914947
|switch|p1a: Wonder of U|Araquanid, M, shiny|63/100
|turn|19
|
|t:|1779914953
|move|p2a: Cicero|U-turn|p1a: Wonder of U
|-damage|p1a: Wonder of U|39/100
|
|t:|1779914959
|switch|p2a: Wishi|Rotom-Wash|39/100|[from] U-turn
|-damage|p2a: Wishi|26/100|[from] Stealth Rock
|move|p1a: Wonder of U|Liquidation|p2a: Wishi
|-resisted|p2a: Wishi
|-damage|p2a: Wishi|0 fnt
|faint|p2a: Wishi
|
|-heal|p1a: Wonder of U|45/100|[from] item: Leftovers
|upkeep
|
|t:|1779914968
|switch|p2a: Omen|Corviknight, M, shiny|58/100 par
|-damage|p2a: Omen|45/100 par|[from] Stealth Rock
|turn|20
|
|t:|1779914973
|move|p1a: Wonder of U|Liquidation|p2a: Omen
|-damage|p2a: Omen|11/100 par
|-ability|p2a: Omen|Mirror Armor
|-unboost|p1a: Wonder of U|def|1
|-damage|p1a: Wonder of U|28/100|[from] item: Rocky Helmet|[of] p2a: Omen
|move|p2a: Omen|Brave Bird|p1a: Wonder of U
|-supereffective|p1a: Wonder of U
|-damage|p1a: Wonder of U|0 fnt
|faint|p1a: Wonder of U
|-damage|p2a: Omen|5/100 par|[from] Recoil
|
|upkeep
|
|t:|1779914986
|switch|p1a: Tentacruel|Tentacruel, M, shiny|81/100
|turn|21
|
|t:|1779914991
|move|p1a: Tentacruel|Surf|p2a: Omen
|-damage|p2a: Omen|0 fnt
|faint|p2a: Omen
|
|upkeep
|
|t:|1779914998
|switch|p2a: Kano|Arcanine-Hisui, M|100/100
|-damage|p2a: Kano|76/100|[from] Stealth Rock
|turn|22
|
|t:|1779915013
|switch|p1a: Gliscor|Gliscor, M, shiny|100/100 tox
|-terastallize|p2a: Kano|Rock
|move|p2a: Kano|Head Smash|p1a: Gliscor
|-damage|p1a: Gliscor|0 fnt
|faint|p1a: Gliscor
|
|upkeep
|
|t:|1779915023
|switch|p1a: Tentacruel|Tentacruel, M, shiny|81/100
|turn|23
|
|t:|1779915027
|move|p1a: Tentacruel|Surf|p2a: Kano
|-supereffective|p2a: Kano
|-damage|p2a: Kano|0 fnt
|faint|p2a: Kano
|
|upkeep
|
|t:|1779915032
|switch|p2a: Goblin|Grimmsnarl, M|100/100
|-damage|p2a: Goblin|88/100|[from] Stealth Rock
|turn|24
|
|t:|1779915038
|move|p2a: Goblin|Taunt|p1a: Tentacruel
|-start|p1a: Tentacruel|move: Taunt
|move|p1a: Tentacruel|Sludge Wave|p2a: Goblin
|-supereffective|p2a: Goblin
|-damage|p2a: Goblin|2/100
|
|upkeep
|turn|25
|
|t:|1779915046
|move|p2a: Goblin|Thunder Wave|p1a: Tentacruel
|-status|p1a: Tentacruel|par
|cant|p1a: Tentacruel|par
|
|upkeep
|turn|26
|
|t:|1779915056
|move|p2a: Goblin|Play Rough|p1a: Tentacruel
|-resisted|p1a: Tentacruel
|-damage|p1a: Tentacruel|43/100 par
|cant|p1a: Tentacruel|par
|
|-end|p1a: Tentacruel|move: Taunt
|upkeep
|turn|27
|
|t:|1779915063
|move|p2a: Goblin|Play Rough|p1a: Tentacruel
|-resisted|p1a: Tentacruel
|-damage|p1a: Tentacruel|7/100 par
|move|p1a: Tentacruel|Rapid Spin|p2a: Goblin
|-damage|p2a: Goblin|0 fnt
|-boost|p1a: Tentacruel|spe|1
|faint|p2a: Goblin
|
|upkeep
|
|t:|1779915074
|switch|p2a: Mimic|Ditto|100/100
|-damage|p2a: Mimic|88/100|[from] Stealth Rock
|-transform|p2a: Mimic|p1a: Tentacruel|[from] ability: Imposter
|turn|28
|
|t:|1779915083
|move|p2a: Mimic|Sludge Wave|p1a: Tentacruel
|-resisted|p1a: Tentacruel
|-damage|p1a: Tentacruel|0 fnt
|faint|p1a: Tentacruel
|
|upkeep
|
|t:|1779915092
|switch|p1a: Grimmsnarl|Grimmsnarl, M, shiny|51/100
|turn|29
|
|t:|1779915106
|-terastallize|p1a: Grimmsnarl|Steel
|move|p1a: Grimmsnarl|Thunder Wave|p2a: Mimic
|-status|p2a: Mimic|par
|move|p2a: Mimic|Sludge Wave|p1a: Grimmsnarl
|-immune|p1a: Grimmsnarl
|
|upkeep
|turn|30
|-message|bonycrow forfeited.
|
|win|308lobo
|raw|308lobo's rating: 1149 &rarr; <strong>1178</strong><br />(+29 for winning)
|raw|bonycrow's rating: 1200 &rarr; <strong>1171</strong><br />(-29 for losing)
|l|☆bonycrow
|player|p2|
