|j|☆I_am_a_Gen_Sixer$
|j|☆oMudkipp
|t:|1779944495
|gametype|singles
|player|p1|I_am_a_Gen_Sixer$|steven|1185
|player|p2|oMudkipp|swimmerf|1131
|gen|9
|tier|[Gen 9] OU
|rated|
|rule|HP Percentage Mod: HP is shown in percentages
|rule|Endless Battle Clause: Forcing endless battles is banned
|rule|Species Clause: Limit one of each Pokémon
|rule|OHKO Clause: OHKO moves are banned
|rule|Evasion Items Clause: Evasion items are banned
|rule|Evasion Moves Clause: Evasion moves are banned
|rule|Evasion Abilities Clause: Evasion abilities are banned
|rule|Sleep Moves Clause: Sleep-inducing moves are banned
|clearpoke
|poke|p1|Haxorus, M|
|poke|p1|Blaziken, F|
|poke|p1|Porygon-Z|
|poke|p1|Dragonite, M|
|poke|p1|Azumarill, F|
|poke|p1|Excadrill, M|
|poke|p2|Kingambit, F|
|poke|p2|Milotic, F|
|poke|p2|Gengar, F|
|poke|p2|Weavile, F|
|poke|p2|Scizor, F|
|poke|p2|Krookodile, F|
|teampreview
|
|t:|1779944516
|teamsize|p1|6
|teamsize|p2|6
|start
|switch|p1a: Excadrill|Excadrill, M, shiny|100/100
|switch|p2a: Genk|Gengar, F, shiny|100/100
|-ability|p1a: Excadrill|Mold Breaker
|-item|p1a: Excadrill|Air Balloon
|turn|1
|c|☆oMudkipp|no timers and don't leave mid match, already had that happen 3 times now
|
|t:|1779944533
|move|p2a: Genk|Focus Blast|p1a: Excadrill
|-supereffective|p1a: Excadrill
|-damage|p1a: Excadrill|0 fnt
|-enditem|p1a: Excadrill|Air Balloon
|faint|p1a: Excadrill
|
|upkeep
|
|t:|1779944548
|switch|p1a: Blaziken|Blaziken, F, shiny|100/100
|turn|2
|
|t:|1779944570
|switch|p2a: Clampers|Scizor, F, shiny|100/100
|move|p1a: Blaziken|Swords Dance|p1a: Blaziken
|-boost|p1a: Blaziken|atk|2
|
|-ability|p1a: Blaziken|Speed Boost|boost
|-boost|p1a: Blaziken|spe|1
|upkeep
|turn|3
|c|☆I_am_a_Gen_Sixer$|wait so you want timer?
|c|☆oMudkipp|no i said no timers
|c|☆I_am_a_Gen_Sixer$|oh ok ok
|
|t:|1779944601
|switch|p2a: Duck & Weave|Weavile, F|100/100
|-ability|p2a: Duck & Weave|Pressure
|move|p1a: Blaziken|Flare Blitz|p2a: Duck & Weave
|-supereffective|p2a: Duck & Weave
|-crit|p2a: Duck & Weave
|-damage|p2a: Duck & Weave|0 fnt
|faint|p2a: Duck & Weave
|-damage|p1a: Blaziken|75/100|[from] Recoil
|
|-heal|p1a: Blaziken|81/100|[from] item: Leftovers
|-ability|p1a: Blaziken|Speed Boost|boost
|-boost|p1a: Blaziken|spe|1
|upkeep
|c|☆oMudkipp|ok that was dumb
|c|☆oMudkipp|of me
|
|t:|1779944622
|switch|p2a: Genk|Gengar, F, shiny|100/100
|turn|4
|
|t:|1779944635
|move|p1a: Blaziken|Brave Bird|p2a: Genk
|-enditem|p2a: Genk|Focus Sash
|-damage|p2a: Genk|1/100
|-damage|p1a: Blaziken|57/100|[from] Recoil
|move|p2a: Genk|Shadow Ball|p1a: Blaziken
|-damage|p1a: Blaziken|3/100
|
|-heal|p1a: Blaziken|9/100|[from] item: Leftovers
|-ability|p1a: Blaziken|Speed Boost|boost
|-boost|p1a: Blaziken|spe|1
|upkeep
|turn|5
|
|t:|1779944646
|move|p1a: Blaziken|Protect|p1a: Blaziken
|-singleturn|p1a: Blaziken|Protect
|move|p2a: Genk|Destiny Bond|p2a: Genk
|-singlemove|p2a: Genk|Destiny Bond
|
|-heal|p1a: Blaziken|15/100|[from] item: Leftovers
|-ability|p1a: Blaziken|Speed Boost|boost
|-boost|p1a: Blaziken|spe|1
|upkeep
|turn|6
|
|t:|1779944662
|move|p1a: Blaziken|Protect||[still]
|-fail|p1a: Blaziken
|move|p2a: Genk|Shadow Ball|p1a: Blaziken
|-damage|p1a: Blaziken|0 fnt
|faint|p1a: Blaziken
|
|upkeep
|
|t:|1779944670
|switch|p1a: Azumarill|Azumarill, F, shiny|100/100
|turn|7
|
|t:|1779944683
|switch|p2a: Crocs|Krookodile, F, shiny|100/100
|-ability|p2a: Crocs|Intimidate|boost
|-unboost|p1a: Azumarill|atk|1
|move|p1a: Azumarill|Aqua Jet|p2a: Crocs
|-supereffective|p2a: Crocs
|-damage|p2a: Crocs|41/100
|
|upkeep
|turn|8
|
|t:|1779944695
|switch|p2a: Clampers|Scizor, F, shiny|100/100
|move|p1a: Azumarill|Aqua Jet|p2a: Clampers
|-damage|p2a: Clampers|77/100
|
|-heal|p2a: Clampers|83/100|[from] item: Leftovers
|upkeep
|turn|9
|
|t:|1779944709
|switch|p1a: Dragonite|Dragonite, M, shiny|100/100
|move|p2a: Clampers|U-turn|p1a: Dragonite
|-resisted|p1a: Dragonite
|-damage|p1a: Dragonite|92/100
|
|t:|1779944715
|switch|p2a: Milo|Milotic, F, shiny|100/100|[from] U-turn
|
|-status|p2a: Milo|brn|[from] item: Flame Orb
|upkeep
|turn|10
|
|t:|1779944729
|-terastallize|p1a: Dragonite|Steel
|move|p2a: Milo|Ice Beam|p1a: Dragonite
|-resisted|p1a: Dragonite
|-damage|p1a: Dragonite|82/100
|move|p1a: Dragonite|Earthquake|p2a: Milo
|-damage|p2a: Milo|82/100 brn
|
|-damage|p2a: Milo|76/100 brn|[from] brn
|upkeep
|turn|11
|
|t:|1779944741
|switch|p2a: Crocs|Krookodile, F, shiny|41/100
|-ability|p2a: Crocs|Intimidate|boost
|-unboost|p1a: Dragonite|atk|1
|move|p1a: Dragonite|Earthquake|p2a: Crocs
|-damage|p2a: Crocs|6/100
|
|upkeep
|turn|12
|
|t:|1779944749
|move|p1a: Dragonite|Extreme Speed|p2a: Crocs
|-damage|p2a: Crocs|0 fnt
|faint|p2a: Crocs
|
|upkeep
|
|t:|1779944755
|switch|p2a: Katana Bug|Kingambit, F, shiny|100/100
|-activate|p2a: Katana Bug|ability: Supreme Overlord
|-start|p2a: Katana Bug|fallen2|[silent]
|turn|13
|
|t:|1779944764
|move|p2a: Katana Bug|Sucker Punch|p1a: Dragonite
|-damage|p1a: Dragonite|24/100
|move|p1a: Dragonite|Earthquake|p2a: Katana Bug
|-supereffective|p2a: Katana Bug
|-damage|p2a: Katana Bug|54/100
|
|upkeep
|turn|14
|
|t:|1779944771
|move|p1a: Dragonite|Extreme Speed|p2a: Katana Bug
|-resisted|p2a: Katana Bug
|-damage|p2a: Katana Bug|45/100
|move|p2a: Katana Bug|Sucker Punch||[still]
|-fail|p2a: Katana Bug
|
|upkeep
|turn|15
|
|t:|1779944782
|-end|p2a: Katana Bug|fallen2|[silent]
|switch|p2a: Milo|Milotic, F, shiny|76/100 brn
|move|p1a: Dragonite|Earthquake|p2a: Milo
|-damage|p2a: Milo|63/100 brn
|
|-damage|p2a: Milo|57/100 brn|[from] brn
|upkeep
|turn|16
|
|t:|1779944791
|move|p2a: Milo|Scald|p1a: Dragonite
|-damage|p1a: Dragonite|0 fnt
|faint|p1a: Dragonite
|
|-damage|p2a: Milo|51/100 brn|[from] brn
|upkeep
|
|t:|1779944814
|switch|p1a: Porygon-Z|Porygon-Z, shiny|100/100
|turn|17
|
|t:|1779944819
|move|p1a: Porygon-Z|Dark Pulse|p2a: Milo
|-damage|p2a: Milo|30/100 brn
|move|p2a: Milo|Recover|p2a: Milo
|-heal|p2a: Milo|80/100 brn
|
|-damage|p2a: Milo|74/100 brn|[from] brn
|upkeep
|turn|18
|
|t:|1779944829
|switch|p2a: Genk|Gengar, F, shiny|1/100
|move|p1a: Porygon-Z|Dark Pulse|p2a: Genk
|-supereffective|p2a: Genk
|-damage|p2a: Genk|0 fnt
|faint|p2a: Genk
|
|upkeep
|
|t:|1779944837
|switch|p2a: Katana Bug|Kingambit, F, shiny|45/100
|-activate|p2a: Katana Bug|ability: Supreme Overlord
|-start|p2a: Katana Bug|fallen3|[silent]
|turn|19
|
|t:|1779944846
|move|p2a: Katana Bug|Sucker Punch|p1a: Porygon-Z
|-damage|p1a: Porygon-Z|9/100
|move|p1a: Porygon-Z|Dark Pulse|p2a: Katana Bug
|-resisted|p2a: Katana Bug
|-damage|p2a: Katana Bug|28/100
|
|upkeep
|turn|20
|
|t:|1779944852
|move|p2a: Katana Bug|Sucker Punch|p1a: Porygon-Z
|-damage|p1a: Porygon-Z|0 fnt
|faint|p1a: Porygon-Z
|
|upkeep
|
|t:|1779944857
|switch|p1a: Azumarill|Azumarill, F, shiny|100/100
|turn|21
|
|t:|1779944862
|-end|p2a: Katana Bug|fallen3|[silent]
|switch|p2a: Milo|Milotic, F, shiny|74/100 brn
|move|p1a: Azumarill|Aqua Jet|p2a: Milo
|-resisted|p2a: Milo
|-damage|p2a: Milo|65/100 brn
|
|-damage|p2a: Milo|59/100 brn|[from] brn
|upkeep
|turn|22
|
|t:|1779944878
|move|p1a: Azumarill|Aqua Jet|p2a: Milo
|-resisted|p2a: Milo
|-damage|p2a: Milo|48/100 brn
|move|p2a: Milo|Scald|p1a: Azumarill
|-resisted|p1a: Azumarill
|-damage|p1a: Azumarill|87/100
|-status|p1a: Azumarill|brn
|
|-damage|p2a: Milo|42/100 brn|[from] brn
|-damage|p1a: Azumarill|81/100 brn|[from] brn
|upkeep
|turn|23
|
|t:|1779944888
|switch|p1a: Haxorus|Haxorus, M, shiny|100/100
|-ability|p1a: Haxorus|Mold Breaker
|move|p2a: Milo|Recover|p2a: Milo
|-heal|p2a: Milo|92/100 brn
|
|-damage|p2a: Milo|86/100 brn|[from] brn
|upkeep
|turn|24
|
|t:|1779944898
|move|p1a: Haxorus|Dragon Dance|p1a: Haxorus
|-boost|p1a: Haxorus|atk|1
|-boost|p1a: Haxorus|spe|1
|move|p2a: Milo|Ice Beam|p1a: Haxorus
|-supereffective|p1a: Haxorus
|-damage|p1a: Haxorus|36/100
|
|-damage|p2a: Milo|80/100 brn|[from] brn
|upkeep
|turn|25
|
|t:|1779944908
|move|p1a: Haxorus|Dragon Claw|p2a: Milo
|-damage|p2a: Milo|26/100 brn
|move|p2a: Milo|Ice Beam|p1a: Haxorus
|-supereffective|p1a: Haxorus
|-damage|p1a: Haxorus|0 fnt
|faint|p1a: Haxorus
|
|-damage|p2a: Milo|20/100 brn|[from] brn
|upkeep
|-message|I_am_a_Gen_Sixer$ forfeited.
|
|win|oMudkipp
|raw|I_am_a_Gen_Sixer$'s rating: 1185 &rarr; <strong>1156</strong><br />(-29 for losing)
|raw|oMudkipp's rating: 1131 &rarr; <strong>1160</strong><br />(+29 for winning)
|l|☆I_am_a_Gen_Sixer$
|player|p1|
