|j|☆Psyduck is stupid
|j|☆roneave
|t:|1779958835
|gametype|singles
|player|p1|Psyduck is stupid|2|1316
|player|p2|roneave|red|1274
|gen|9
|tier|[Gen 9] OU
|rated|
|rule|HP Percentage Mod: HP is shown in percentages
|rule|Endless Battle Clause: Forcing endless battles is banned
|rule|Species Clause: Limit one of each Pokémon
|rule|OHKO Clause: OHKO moves are banned
|rule|Evasion Items Clause: Evasion items are banned
|rule|Evasion Moves Clause: Evasion moves are banned
|rule|Evasion Abilities Clause: Evasion abilities are banned
|rule|Sleep Moves Clause: Sleep-inducing moves are banned
|clearpoke
|poke|p1|Deoxys-Defense|
|poke|p1|Trevenant, F|
|poke|p1|Forretress, M|
|poke|p1|Porygon2|
|poke|p1|Torkoal, M|
|poke|p1|Clefable, F|
|poke|p2|Tyranitar, F|
|poke|p2|Zapdos|
|poke|p2|Slowking-Galar, M|
|poke|p2|Heatran, F|
|poke|p2|Great Tusk|
|poke|p2|Kyurem|
|teampreview
|
|t:|1779958840
|teamsize|p1|6
|teamsize|p2|6
|start
|switch|p1a: Ball with crab|Forretress, M|100/100
|switch|p2a: Tyranitar|Tyranitar, F|100/100
|-weather|Sandstorm|[from] ability: Sand Stream|[of] p2a: Tyranitar
|turn|1
|
|t:|1779958848
|move|p2a: Tyranitar|Thunder Wave|p1a: Ball with crab|[miss]
|-miss|p2a: Tyranitar|p1a: Ball with crab
|move|p1a: Ball with crab|Reflect|p1a: Ball with crab
|-sidestart|p1: Psyduck is stupid|Reflect
|
|-weather|Sandstorm|[upkeep]
|upkeep
|turn|2
|
|t:|1779958857
|move|p2a: Tyranitar|Stealth Rock|p1a: Ball with crab
|-sidestart|p1: Psyduck is stupid|move: Stealth Rock
|move|p1a: Ball with crab|Stealth Rock|p2a: Tyranitar
|-sidestart|p2: roneave|move: Stealth Rock
|
|-weather|Sandstorm|[upkeep]
|upkeep
|turn|3
|
|t:|1779958864
|move|p2a: Tyranitar|Thunder Wave|p1a: Ball with crab
|-status|p1a: Ball with crab|par
|move|p1a: Ball with crab|Toxic Spikes|p2a: Tyranitar
|-sidestart|p2: roneave|move: Toxic Spikes
|
|-weather|Sandstorm|[upkeep]
|upkeep
|turn|4
|
|t:|1779958872
|switch|p2a: Heatran|Heatran, F|100/100
|-damage|p2a: Heatran|88/100|[from] Stealth Rock
|cant|p1a: Ball with crab|par
|
|-weather|Sandstorm|[upkeep]
|-heal|p2a: Heatran|94/100|[from] item: Leftovers
|upkeep
|turn|5
|
|t:|1779958882
|move|p2a: Heatran|Magma Storm|p1a: Ball with crab
|-supereffective|p1a: Ball with crab
|-ability|p1a: Ball with crab|Sturdy
|-damage|p1a: Ball with crab|1/100 par
|-activate|p1a: Ball with crab|move: Magma Storm|[of] p2a: Heatran
|move|p1a: Ball with crab|Toxic Spikes|p2a: Heatran
|-sidestart|p2: roneave|move: Toxic Spikes
|
|-weather|none
|-heal|p2a: Heatran|100/100|[from] item: Leftovers
|-damage|p1a: Ball with crab|0 fnt|[from] move: Magma Storm|[partiallytrapped]
|faint|p1a: Ball with crab
|-sideend|p1: Psyduck is stupid|Reflect
|upkeep
|
|t:|1779958885
|switch|p1a: Fat pink Pikachu|Clefable, F|100/100
|-damage|p1a: Fat pink Pikachu|88/100|[from] Stealth Rock
|turn|6
|
|t:|1779958909
|switch|p2a: Slowking|Slowking-Galar, M|100/100
|-damage|p2a: Slowking|88/100|[from] Stealth Rock
|-sideend|p2: roneave|move: Toxic Spikes|[of] p2a: Slowking
|move|p1a: Fat pink Pikachu|Moonblast|p2a: Slowking
|-resisted|p2a: Slowking
|-damage|p2a: Slowking|61/100
|
|upkeep
|turn|7
|
|t:|1779958919
|switch|p1a: Orange guy|Deoxys-Defense|100/100
|-damage|p1a: Orange guy|88/100|[from] Stealth Rock
|-ability|p1a: Orange guy|Pressure
|move|p2a: Slowking|Toxic|p1a: Orange guy
|-status|p1a: Orange guy|tox
|
|-damage|p1a: Orange guy|82/100 tox|[from] psn
|upkeep
|turn|8
|
|t:|1779958931
|move|p1a: Orange guy|Nasty Plot|p1a: Orange guy
|-boost|p1a: Orange guy|spa|2
|move|p2a: Slowking|Slack Off|p2a: Slowking
|-heal|p2a: Slowking|100/100
|
|-damage|p1a: Orange guy|69/100 tox|[from] psn
|upkeep
|turn|9
|
|t:|1779958942
|-prepare|p2a: Slowking|Chilly Reception|[premajor]
|move|p2a: Slowking|Chilly Reception|p2a: Slowking
|-weather|Snowscape
|
|t:|1779958958
|switch|p2a: Tyranitar|Tyranitar, F|100/100|[from] Chilly Reception
|-damage|p2a: Tyranitar|88/100|[from] Stealth Rock
|-weather|Sandstorm|[from] ability: Sand Stream|[of] p2a: Tyranitar
|move|p1a: Orange guy|Trick Room|p1a: Orange guy
|-fieldstart|move: Trick Room|[of] p1a: Orange guy
|
|-weather|Sandstorm|[upkeep]
|-damage|p1a: Orange guy|63/100 tox|[from] Sandstorm
|-heal|p2a: Tyranitar|94/100|[from] item: Leftovers
|-damage|p1a: Orange guy|44/100 tox|[from] psn
|upkeep
|turn|10
|
|t:|1779958973
|move|p2a: Tyranitar|Earth Power|p1a: Orange guy
|-damage|p1a: Orange guy|28/100 tox
|-unboost|p1a: Orange guy|spd|1
|move|p1a: Orange guy|Focus Blast|p2a: Tyranitar
|-supereffective|p2a: Tyranitar
|-damage|p2a: Tyranitar|0 fnt
|faint|p2a: Tyranitar
|-damage|p1a: Orange guy|19/100 tox|[from] item: Life Orb
|
|-weather|Sandstorm|[upkeep]
|-damage|p1a: Orange guy|12/100 tox|[from] Sandstorm
|-damage|p1a: Orange guy|0 fnt|[from] psn
|faint|p1a: Orange guy
|upkeep
|
|t:|1779959002
|switch|p2a: Zapdos|Zapdos|100/100
|switch|p1a: Psyduck Gigamax|Porygon2|100/100
|-damage|p1a: Psyduck Gigamax|88/100|[from] Stealth Rock
|-ability|p1a: Psyduck Gigamax|Download|boost
|-boost|p1a: Psyduck Gigamax|spa|1
|turn|11
|
|t:|1779959026
|move|p1a: Psyduck Gigamax|Ice Beam|p2a: Zapdos
|-supereffective|p2a: Zapdos
|-damage|p2a: Zapdos|20/100
|move|p2a: Zapdos|Hurricane|p1a: Psyduck Gigamax
|-damage|p1a: Psyduck Gigamax|48/100
|
|-weather|Sandstorm|[upkeep]
|-damage|p1a: Psyduck Gigamax|42/100|[from] Sandstorm
|-damage|p2a: Zapdos|14/100|[from] Sandstorm
|upkeep
|turn|12
|
|t:|1779959041
|switch|p2a: Heatran|Heatran, F|100/100
|-damage|p2a: Heatran|88/100|[from] Stealth Rock
|move|p1a: Psyduck Gigamax|Ice Beam|p2a: Heatran
|-resisted|p2a: Heatran
|-damage|p2a: Heatran|78/100
|
|-weather|Sandstorm|[upkeep]
|-damage|p1a: Psyduck Gigamax|36/100|[from] Sandstorm
|-heal|p2a: Heatran|85/100|[from] item: Leftovers
|upkeep
|turn|13
|
|t:|1779959056
|-terastallize|p1a: Psyduck Gigamax|Ghost
|move|p1a: Psyduck Gigamax|Shadow Ball|p2a: Heatran
|-damage|p2a: Heatran|34/100
|move|p2a: Heatran|Magma Storm|p1a: Psyduck Gigamax|[miss]
|-miss|p2a: Heatran|p1a: Psyduck Gigamax
|
|-weather|none
|-heal|p2a: Heatran|40/100|[from] item: Leftovers
|-fieldend|move: Trick Room
|upkeep
|turn|14
|
|t:|1779959074
|move|p2a: Heatran|Magma Storm|p1a: Psyduck Gigamax
|-damage|p1a: Psyduck Gigamax|0 fnt
|faint|p1a: Psyduck Gigamax
|
|-heal|p2a: Heatran|47/100|[from] item: Leftovers
|upkeep
|
|t:|1779959083
|switch|p1a: Useless slowTurtle|Torkoal, M|100/100
|-damage|p1a: Useless slowTurtle|75/100|[from] Stealth Rock
|-weather|SunnyDay|[from] ability: Drought|[of] p1a: Useless slowTurtle
|turn|15
|
|t:|1779959092
|-terastallize|p2a: Heatran|Flying
|move|p2a: Heatran|Earth Power|p1a: Useless slowTurtle
|-supereffective|p1a: Useless slowTurtle
|-damage|p1a: Useless slowTurtle|0 fnt
|faint|p1a: Useless slowTurtle
|
|-weather|SunnyDay|[upkeep]
|-heal|p2a: Heatran|53/100|[from] item: Leftovers
|upkeep
|
|t:|1779959104
|switch|p1a: Fat pink Pikachu|Clefable, F|88/100
|-damage|p1a: Fat pink Pikachu|76/100|[from] Stealth Rock
|turn|16
|
|t:|1779959110
|move|p2a: Heatran|Taunt|p1a: Fat pink Pikachu
|-start|p1a: Fat pink Pikachu|move: Taunt
|move|p1a: Fat pink Pikachu|Moonblast|p2a: Heatran
|-damage|p2a: Heatran|0 fnt
|faint|p2a: Heatran
|
|-weather|SunnyDay|[upkeep]
|upkeep
|
|t:|1779959121
|switch|p2a: Slowking|Slowking-Galar, M|100/100
|-damage|p2a: Slowking|88/100|[from] Stealth Rock
|turn|17
|
|t:|1779959126
|switch|p1a: Tree with feet|Trevenant, F|100/100
|-damage|p1a: Tree with feet|88/100|[from] Stealth Rock
|move|p2a: Slowking|Toxic|p1a: Tree with feet
|-status|p1a: Tree with feet|tox
|
|-weather|SunnyDay|[upkeep]
|-damage|p1a: Tree with feet|82/100 tox|[from] psn
|upkeep
|turn|18
|
|t:|1779959136
|-prepare|p2a: Slowking|Chilly Reception|[premajor]
|move|p2a: Slowking|Chilly Reception|p2a: Slowking
|-weather|Snowscape
|
|t:|1779959141
|switch|p2a: Zapdos|Zapdos|14/100|[from] Chilly Reception
|move|p1a: Tree with feet|Trick Room|p1a: Tree with feet
|-fieldstart|move: Trick Room|[of] p1a: Tree with feet
|
|-weather|Snowscape|[upkeep]
|-damage|p1a: Tree with feet|70/100 tox|[from] psn
|upkeep
|turn|19
|
|t:|1779959150
|move|p1a: Tree with feet|Wood Hammer|p2a: Zapdos
|-resisted|p2a: Zapdos
|-crit|p2a: Zapdos
|-damage|p2a: Zapdos|0 fnt
|faint|p2a: Zapdos
|-damage|p1a: Tree with feet|65/100 tox|[from] Recoil
|-damage|p1a: Tree with feet|55/100 tox|[from] item: Life Orb
|
|-weather|Snowscape|[upkeep]
|-damage|p1a: Tree with feet|37/100 tox|[from] psn
|upkeep
|
|t:|1779959162
|switch|p2a: Great Tusk|Great Tusk|100/100
|-damage|p2a: Great Tusk|98/100|[from] Stealth Rock
|-enditem|p2a: Great Tusk|Booster Energy
|-activate|p2a: Great Tusk|ability: Protosynthesis|[fromitem]
|-start|p2a: Great Tusk|protosynthesisatk
|turn|20
|
|t:|1779959170
|move|p1a: Tree with feet|Wood Hammer|p2a: Great Tusk
|-supereffective|p2a: Great Tusk
|-damage|p2a: Great Tusk|0 fnt
|faint|p2a: Great Tusk
|-end|p2a: Great Tusk|Protosynthesis|[silent]
|-damage|p1a: Tree with feet|5/100 tox|[from] Recoil
|-damage|p1a: Tree with feet|0 fnt|[from] item: Life Orb
|faint|p1a: Tree with feet
|
|-weather|Snowscape|[upkeep]
|upkeep
|
|t:|1779959181
|switch|p1a: Fat pink Pikachu|Clefable, F|76/100
|switch|p2a: Slowking|Slowking-Galar, M|100/100
|-damage|p2a: Slowking|88/100|[from] Stealth Rock
|-damage|p1a: Fat pink Pikachu|63/100|[from] Stealth Rock
|turn|21
|
|t:|1779959189
|move|p2a: Slowking|Toxic|p1a: Fat pink Pikachu
|-status|p1a: Fat pink Pikachu|tox
|move|p1a: Fat pink Pikachu|Trick|p2a: Slowking
|-activate|p1a: Fat pink Pikachu|move: Trick|[of] p2a: Slowking
|-item|p2a: Slowking|Choice Specs|[from] move: Trick
|-item|p1a: Fat pink Pikachu|Rocky Helmet|[from] move: Trick
|
|-weather|Snowscape|[upkeep]
|-damage|p1a: Fat pink Pikachu|57/100 tox|[from] psn
|upkeep
|turn|22
|-message|Psyduck is stupid forfeited.
|
|win|roneave
|raw|Psyduck is stupid's rating: 1316 &rarr; <strong>1294</strong><br />(-22 for losing)
|raw|roneave's rating: 1274 &rarr; <strong>1302</strong><br />(+28 for winning)
|l|☆Psyduck is stupid
|player|p1|
|l|☆roneave
|player|p2|
