|j|☆ako_2846
|j|☆Beast6767
|t:|1779888185
|gametype|singles
|player|p1|ako_2846|fisherman-gen4|1070
|player|p2|Beast6767|169|1070
|gen|9
|tier|[Gen 9] OU
|rated|
|rule|HP Percentage Mod: HP is shown in percentages
|rule|Endless Battle Clause: Forcing endless battles is banned
|rule|Species Clause: Limit one of each Pokémon
|rule|OHKO Clause: OHKO moves are banned
|rule|Evasion Items Clause: Evasion items are banned
|rule|Evasion Moves Clause: Evasion moves are banned
|rule|Evasion Abilities Clause: Evasion abilities are banned
|rule|Sleep Moves Clause: Sleep-inducing moves are banned
|clearpoke
|poke|p1|Bisharp, M|
|poke|p1|Corviknight, M|
|poke|p1|Feraligatr, F|
|poke|p1|Typhlosion, F|
|poke|p1|Jumpluff, M|
|poke|p1|Meganium, M|
|poke|p2|Ceruledge, M|
|poke|p2|Glimmora, M|
|poke|p2|Ting-Lu|
|poke|p2|Great Tusk|
|poke|p2|Corviknight, M|
|poke|p2|Zapdos|
|teampreview
|
|t:|1779888192
|teamsize|p1|6
|teamsize|p2|6
|start
|switch|p1a: Jumpluff|Jumpluff, M|100/100
|switch|p2a: Glimmora|Glimmora, M, shiny|100/100
|turn|1
|
|t:|1779888197
|move|p1a: Jumpluff|Tailwind|p1a: Jumpluff
|-sidestart|p1: ako_2846|move: Tailwind
|move|p2a: Glimmora|Stealth Rock|p1a: Jumpluff
|-sidestart|p1: ako_2846|move: Stealth Rock
|
|upkeep
|turn|2
|
|t:|1779888204
|switch|p1a: Corviknight|Corviknight, M|100/100
|-damage|p1a: Corviknight|88/100|[from] Stealth Rock
|move|p2a: Glimmora|Toxic Spikes|p1a: Corviknight
|-sidestart|p1: ako_2846|move: Toxic Spikes
|
|upkeep
|turn|3
|
|t:|1779888218
|move|p1a: Corviknight|Body Press|p2a: Glimmora
|-damage|p2a: Glimmora|67/100
|-damage|p1a: Corviknight|72/100|[from] item: Rocky Helmet|[of] p2a: Glimmora
|-activate|p2a: Glimmora|ability: Toxic Debris
|-sidestart|p1: ako_2846|move: Toxic Spikes
|move|p2a: Glimmora|Stealth Rock||[still]
|-fail|p2a: Glimmora
|
|upkeep
|turn|4
|
|t:|1779888226
|move|p1a: Corviknight|Defog|p2a: Glimmora
|-unboost|p2a: Glimmora|evasion|1
|-sideend|p1: ako_2846|Toxic Spikes|[from] move: Defog|[of] p1a: Corviknight
|-sideend|p1: ako_2846|Stealth Rock|[from] move: Defog|[of] p1a: Corviknight
|move|p2a: Glimmora|Toxic Spikes|p1a: Corviknight
|-sidestart|p1: ako_2846|move: Toxic Spikes
|
|-sideend|p1: ako_2846|move: Tailwind
|upkeep
|turn|5
|
|t:|1779888234
|move|p2a: Glimmora|Stealth Rock|p1a: Corviknight
|-sidestart|p1: ako_2846|move: Stealth Rock
|move|p1a: Corviknight|Body Press|p2a: Glimmora
|-damage|p2a: Glimmora|37/100
|-damage|p1a: Corviknight|55/100|[from] item: Rocky Helmet|[of] p2a: Glimmora
|-activate|p2a: Glimmora|ability: Toxic Debris
|-sidestart|p1: ako_2846|move: Toxic Spikes
|
|upkeep
|turn|6
|
|t:|1779888243
|move|p2a: Glimmora|Toxic Spikes||[still]
|-fail|p2a: Glimmora
|move|p1a: Corviknight|Body Press|p2a: Glimmora
|-damage|p2a: Glimmora|6/100
|-damage|p1a: Corviknight|39/100|[from] item: Rocky Helmet|[of] p2a: Glimmora
|
|upkeep
|turn|7
|
|t:|1779888251
|move|p2a: Glimmora|Energy Ball|p1a: Corviknight
|-resisted|p1a: Corviknight
|-damage|p1a: Corviknight|31/100
|move|p1a: Corviknight|Roost|p1a: Corviknight
|-heal|p1a: Corviknight|81/100
|-singleturn|p1a: Corviknight|move: Roost
|
|upkeep
|turn|8
|
|t:|1779888260
|move|p2a: Glimmora|Energy Ball|p1a: Corviknight
|-resisted|p1a: Corviknight
|-damage|p1a: Corviknight|73/100
|move|p1a: Corviknight|Defog|p2a: Glimmora
|-unboost|p2a: Glimmora|evasion|1
|-sideend|p1: ako_2846|Toxic Spikes|[from] move: Defog|[of] p1a: Corviknight
|-sideend|p1: ako_2846|Stealth Rock|[from] move: Defog|[of] p1a: Corviknight
|
|upkeep
|turn|9
|
|t:|1779888268
|move|p2a: Glimmora|Toxic Spikes|p1a: Corviknight
|-sidestart|p1: ako_2846|move: Toxic Spikes
|move|p1a: Corviknight|Body Press|p2a: Glimmora
|-damage|p2a: Glimmora|0 fnt
|-damage|p1a: Corviknight|56/100|[from] item: Rocky Helmet|[of] p2a: Glimmora
|-activate|p2a: Glimmora|ability: Toxic Debris
|-sidestart|p1: ako_2846|move: Toxic Spikes
|faint|p2a: Glimmora
|
|upkeep
|
|t:|1779888277
|switch|p2a: Ceruledge|Ceruledge, M, shiny|100/100
|turn|10
|
|t:|1779888287
|switch|p1a: Typhlosion|Typhlosion, F|100/100
|move|p2a: Ceruledge|Bitter Blade|p1a: Typhlosion
|-start|p1a: Typhlosion|ability: Flash Fire
|
|upkeep
|turn|11
|
|t:|1779888298
|move|p1a: Typhlosion|Heat Wave|p2a: Ceruledge
|-start|p2a: Ceruledge|ability: Flash Fire
|move|p2a: Ceruledge|Swords Dance|p2a: Ceruledge
|-boost|p2a: Ceruledge|atk|2
|
|upkeep
|turn|12
|
|t:|1779888305
|move|p1a: Typhlosion|Shadow Ball|p2a: Ceruledge
|-supereffective|p2a: Ceruledge
|-damage|p2a: Ceruledge|42/100
|-unboost|p2a: Ceruledge|spd|1
|move|p2a: Ceruledge|Swords Dance|p2a: Ceruledge
|-boost|p2a: Ceruledge|atk|2
|
|-heal|p2a: Ceruledge|48/100|[from] item: Leftovers
|upkeep
|turn|13
|
|t:|1779888322
|move|p1a: Typhlosion|Thunder Punch|p2a: Ceruledge
|-damage|p2a: Ceruledge|26/100
|move|p2a: Ceruledge|Close Combat|p1a: Typhlosion
|-damage|p1a: Typhlosion|0 fnt
|-unboost|p2a: Ceruledge|def|1
|-unboost|p2a: Ceruledge|spd|1
|faint|p1a: Typhlosion
|
|-heal|p2a: Ceruledge|32/100|[from] item: Leftovers
|upkeep
|
|t:|1779888330
|switch|p1a: Jumpluff|Jumpluff, M|100/100
|turn|14
|
|t:|1779888336
|move|p1a: Jumpluff|Tailwind|p1a: Jumpluff
|-sidestart|p1: ako_2846|move: Tailwind
|move|p2a: Ceruledge|Bitter Blade|p1a: Jumpluff
|-supereffective|p1a: Jumpluff
|-damage|p1a: Jumpluff|0 fnt
|-heal|p2a: Ceruledge|82/100|[from] drain|[of] p1a: Jumpluff
|faint|p1a: Jumpluff
|
|-heal|p2a: Ceruledge|88/100|[from] item: Leftovers
|upkeep
|
|t:|1779888346
|switch|p1a: Bisharp|Bisharp, M|100/100
|turn|15
|
|t:|1779888353
|move|p1a: Bisharp|Sucker Punch|p2a: Ceruledge
|-supereffective|p2a: Ceruledge
|-damage|p2a: Ceruledge|0 fnt
|faint|p2a: Ceruledge
|
|upkeep
|
|t:|1779888364
|switch|p2a: Great Tusk|Great Tusk|100/100
|-enditem|p2a: Great Tusk|Booster Energy
|-activate|p2a: Great Tusk|ability: Protosynthesis|[fromitem]
|-start|p2a: Great Tusk|protosynthesisatk
|turn|16
|
|t:|1779888371
|switch|p1a: Corviknight|Corviknight, M|56/100
|move|p2a: Great Tusk|Headlong Rush|p1a: Corviknight
|-immune|p1a: Corviknight
|
|upkeep
|turn|17
|
|t:|1779888380
|move|p1a: Corviknight|Defog|p2a: Great Tusk
|-unboost|p2a: Great Tusk|evasion|1
|-sideend|p1: ako_2846|Toxic Spikes|[from] move: Defog|[of] p1a: Corviknight
|move|p2a: Great Tusk|Close Combat|p1a: Corviknight
|-damage|p1a: Corviknight|10/100
|-unboost|p2a: Great Tusk|def|1
|-unboost|p2a: Great Tusk|spd|1
|-damage|p2a: Great Tusk|84/100|[from] item: Rocky Helmet|[of] p1a: Corviknight
|
|-sideend|p1: ako_2846|move: Tailwind
|upkeep
|turn|18
|
|t:|1779888395
|switch|p1a: Feraligatr|Feraligatr, F|100/100
|move|p2a: Great Tusk|Ice Spinner|p1a: Feraligatr
|-resisted|p1a: Feraligatr
|-damage|p1a: Feraligatr|79/100
|
|upkeep
|turn|19
|
|t:|1779888406
|-terastallize|p2a: Great Tusk|Fighting
|move|p2a: Great Tusk|Close Combat|p1a: Feraligatr
|-damage|p1a: Feraligatr|0 fnt
|-unboost|p2a: Great Tusk|def|1
|-unboost|p2a: Great Tusk|spd|1
|faint|p1a: Feraligatr
|
|upkeep
|
|t:|1779888413
|switch|p1a: Meganium|Meganium, M|100/100
|turn|20
|
|t:|1779888424
|move|p2a: Great Tusk|Ice Spinner|p1a: Meganium
|-supereffective|p1a: Meganium
|-damage|p1a: Meganium|37/100
|-enditem|p1a: Meganium|Sitrus Berry|[eat]
|-heal|p1a: Meganium|62/100|[from] item: Sitrus Berry
|move|p1a: Meganium|Leech Seed|p2a: Great Tusk
|-start|p2a: Great Tusk|move: Leech Seed
|
|-damage|p2a: Great Tusk|72/100|[from] Leech Seed|[of] p1a: Meganium
|-heal|p1a: Meganium|74/100|[silent]
|upkeep
|turn|21
|
|t:|1779888434
|move|p2a: Great Tusk|Ice Spinner|p1a: Meganium
|-supereffective|p1a: Meganium
|-damage|p1a: Meganium|12/100
|move|p1a: Meganium|Substitute|p1a: Meganium
|-fail|p1a: Meganium|move: Substitute|[weak]
|
|-damage|p2a: Great Tusk|59/100|[from] Leech Seed|[of] p1a: Meganium
|-heal|p1a: Meganium|24/100|[silent]
|upkeep
|turn|22
|
|t:|1779888445
|-terastallize|p1a: Meganium|Fairy
|move|p1a: Meganium|Protect|p1a: Meganium
|-singleturn|p1a: Meganium|Protect
|move|p2a: Great Tusk|Ice Spinner|p1a: Meganium
|-activate|p1a: Meganium|move: Protect
|
|-damage|p2a: Great Tusk|47/100|[from] Leech Seed|[of] p1a: Meganium
|-heal|p1a: Meganium|37/100|[silent]
|upkeep
|turn|23
|
|t:|1779888457
|move|p2a: Great Tusk|Headlong Rush|p1a: Meganium
|-damage|p1a: Meganium|0 fnt
|-unboost|p2a: Great Tusk|def|1
|-unboost|p2a: Great Tusk|spd|1
|faint|p1a: Meganium
|
|upkeep
|
|t:|1779888464
|switch|p1a: Corviknight|Corviknight, M|10/100
|turn|24
|
|t:|1779888470
|move|p2a: Great Tusk|Knock Off|p1a: Corviknight
|-damage|p1a: Corviknight|0 fnt
|-damage|p2a: Great Tusk|30/100|[from] item: Rocky Helmet|[of] p1a: Corviknight
|-enditem|p1a: Corviknight|Rocky Helmet|[from] move: Knock Off|[of] p2a: Great Tusk
|faint|p1a: Corviknight
|
|upkeep
|
|t:|1779888473
|switch|p1a: Bisharp|Bisharp, M|100/100
|turn|25
|
|t:|1779888479
|move|p1a: Bisharp|Sucker Punch|p2a: Great Tusk
|-resisted|p2a: Great Tusk
|-damage|p2a: Great Tusk|0 fnt
|faint|p2a: Great Tusk
|-end|p2a: Great Tusk|Protosynthesis|[silent]
|
|upkeep
|
|t:|1779888487
|switch|p2a: Ting-Lu|Ting-Lu, shiny|100/100
|-ability|p2a: Ting-Lu|Vessel of Ruin
|turn|26
|
|t:|1779888494
|move|p1a: Bisharp|Iron Head|p2a: Ting-Lu
|-damage|p2a: Ting-Lu|76/100
|move|p2a: Ting-Lu|Earthquake|p1a: Bisharp
|-supereffective|p1a: Bisharp
|-damage|p1a: Bisharp|53/100
|
|-heal|p2a: Ting-Lu|83/100|[from] item: Leftovers
|upkeep
|turn|27
|
|t:|1779888504
|move|p1a: Bisharp|Sucker Punch|p2a: Ting-Lu
|-resisted|p2a: Ting-Lu
|-damage|p2a: Ting-Lu|72/100
|move|p2a: Ting-Lu|Earthquake|p1a: Bisharp
|-supereffective|p1a: Bisharp
|-damage|p1a: Bisharp|2/100
|
|-heal|p2a: Ting-Lu|78/100|[from] item: Leftovers
|upkeep
|turn|28
|
|t:|1779888511
|move|p1a: Bisharp|Iron Head|p2a: Ting-Lu
|-damage|p2a: Ting-Lu|55/100
|cant|p2a: Ting-Lu|flinch
|
|-heal|p2a: Ting-Lu|61/100|[from] item: Leftovers
|upkeep
|turn|29
|
|t:|1779888522
|move|p1a: Bisharp|Iron Head|p2a: Ting-Lu
|-damage|p2a: Ting-Lu|36/100
|cant|p2a: Ting-Lu|flinch
|
|-heal|p2a: Ting-Lu|43/100|[from] item: Leftovers
|upkeep
|turn|30
|
|t:|1779888528
|move|p1a: Bisharp|Iron Head|p2a: Ting-Lu
|-damage|p2a: Ting-Lu|17/100
|move|p2a: Ting-Lu|Earthquake|p1a: Bisharp
|-supereffective|p1a: Bisharp
|-damage|p1a: Bisharp|0 fnt
|faint|p1a: Bisharp
|
|win|Beast6767
|raw|ako_2846's rating: 1070 &rarr; <strong>1050</strong><br />(-20 for losing)
|raw|Beast6767's rating: 1070 &rarr; <strong>1100</strong><br />(+30 for winning)
|l|☆ako_2846
|player|p1|
