|j|☆ascbo
|j|☆waha8
|t:|1779869933
|gametype|singles
|player|p1|ascbo|youngster-gen8|1394
|player|p2|waha8|169|1434
|gen|9
|tier|[Gen 9] OU
|rated|
|rule|HP Percentage Mod: HP is shown in percentages
|rule|Endless Battle Clause: Forcing endless battles is banned
|rule|Species Clause: Limit one of each Pokémon
|rule|OHKO Clause: OHKO moves are banned
|rule|Evasion Items Clause: Evasion items are banned
|rule|Evasion Moves Clause: Evasion moves are banned
|rule|Evasion Abilities Clause: Evasion abilities are banned
|rule|Sleep Moves Clause: Sleep-inducing moves are banned
|clearpoke
|poke|p1|Regidrago|
|poke|p1|Garchomp, M|
|poke|p1|Dragonite, F|
|poke|p1|Grimmsnarl, M|
|poke|p1|Pecharunt|
|poke|p1|Great Tusk|
|poke|p2|Slowking-Galar, M|
|poke|p2|Indeedee, M|
|poke|p2|Blaziken, F|
|poke|p2|Hoopa-Unbound|
|poke|p2|Dragapult, F|
|poke|p2|Torkoal, F|
|teampreview
|
|t:|1779869938
|teamsize|p1|6
|teamsize|p2|6
|start
|switch|p1a: Oh Qué Será?|Regidrago|100/100
|switch|p2a: Sage|Torkoal, F|100/100
|-weather|SunnyDay|[from] ability: Drought|[of] p2a: Sage
|turn|1
|inactive|Battle timer is ON: inactive players will automatically lose when time's up. (requested by ascbo)
|
|t:|1779869947
|switch|p1a: Deseándote|Pecharunt|100/100
|move|p2a: Sage|Earth Power|p1a: Deseándote
|-supereffective|p1a: Deseándote
|-damage|p1a: Deseándote|46/100
|
|-weather|SunnyDay|[upkeep]
|-heal|p1a: Deseándote|52/100|[from] item: Leftovers
|upkeep
|turn|2
|
|t:|1779869957
|move|p1a: Deseándote|Malignant Chain|p2a: Sage
|-damage|p2a: Sage|57/100
|-status|p2a: Sage|tox
|-start|p2a: Sage|confusion|[from] ability: Poison Puppeteer|[of] p1a: Deseándote
|-activate|p2a: Sage|confusion
|move|p2a: Sage|Lava Plume|p1a: Deseándote
|-damage|p1a: Deseándote|0 fnt
|faint|p1a: Deseándote
|
|-weather|SunnyDay|[upkeep]
|-damage|p2a: Sage|51/100 tox|[from] psn
|upkeep
|
|t:|1779869966
|switch|p1a: Me Tengo Que Ir|Grimmsnarl, M|100/100
|turn|3
|
|t:|1779869972
|switch|p2a: DeeDee|Indeedee, M|100/100
|-fieldstart|move: Psychic Terrain|[from] ability: Psychic Surge|[of] p2a: DeeDee
|move|p1a: Me Tengo Que Ir|Light Screen|p1a: Me Tengo Que Ir
|-sidestart|p1: ascbo|move: Light Screen
|
|-weather|SunnyDay|[upkeep]
|upkeep
|turn|4
|
|t:|1779869978
|switch|p2a: Ken|Blaziken, F|100/100
|move|p1a: Me Tengo Que Ir|Spirit Break|p2a: Ken
|-damage|p2a: Ken|54/100
|-unboost|p2a: Ken|spa|1
|
|-weather|SunnyDay|[upkeep]
|upkeep
|turn|5
|
|t:|1779869986
|switch|p1a: Rey Sin Reina|Great Tusk|100/100
|-activate|p1a: Rey Sin Reina|ability: Protosynthesis
|-start|p1a: Rey Sin Reina|protosynthesisspe
|move|p2a: Ken|Focus Energy|p2a: Ken
|-start|p2a: Ken|move: Focus Energy
|
|-weather|SunnyDay|[upkeep]
|-ability|p2a: Ken|Speed Boost|boost
|-boost|p2a: Ken|spe|1
|upkeep
|turn|6
|
|t:|1779869994
|switch|p2a: Sage|Torkoal, F|51/100 tox
|move|p1a: Rey Sin Reina|Headlong Rush|p2a: Sage
|-supereffective|p2a: Sage
|-damage|p2a: Sage|0 fnt
|-unboost|p1a: Rey Sin Reina|def|1
|-unboost|p1a: Rey Sin Reina|spd|1
|faint|p2a: Sage
|
|-weather|SunnyDay|[upkeep]
|upkeep
|
|t:|1779870003
|switch|p2a: SageOfSixPaths|Slowking-Galar, M|100/100
|turn|7
|
|t:|1779870007
|-terastallize|p2a: SageOfSixPaths|Psychic
|move|p1a: Rey Sin Reina|Headlong Rush|p2a: SageOfSixPaths
|-damage|p2a: SageOfSixPaths|45/100
|-unboost|p1a: Rey Sin Reina|def|1
|-unboost|p1a: Rey Sin Reina|spd|1
|move|p2a: SageOfSixPaths|Trick Room|p2a: SageOfSixPaths
|-fieldstart|move: Trick Room|[of] p2a: SageOfSixPaths
|
|-weather|SunnyDay|[upkeep]
|upkeep
|turn|8
|
|t:|1779870017
|-end|p1a: Rey Sin Reina|Protosynthesis|[silent]
|switch|p1a: Me Tengo Que Ir|Grimmsnarl, M|100/100
|move|p2a: SageOfSixPaths|Expanding Force|p1a: Me Tengo Que Ir
|-immune|p1a: Me Tengo Que Ir
|
|-weather|none
|upkeep
|turn|9
|
|t:|1779870024
|move|p2a: SageOfSixPaths|Sludge Wave|p1a: Me Tengo Que Ir
|-supereffective|p1a: Me Tengo Que Ir
|-damage|p1a: Me Tengo Que Ir|50/100
|-damage|p2a: SageOfSixPaths|35/100|[from] item: Life Orb
|move|p1a: Me Tengo Que Ir|Spirit Break|p2a: SageOfSixPaths
|-damage|p2a: SageOfSixPaths|0 fnt
|faint|p2a: SageOfSixPaths
|
|upkeep
|
|t:|1779870033
|switch|p2a: Jotaro|Hoopa-Unbound|100/100
|turn|10
|
|t:|1779870040
|switch|p1a: Tú Con Él|Garchomp, M|100/100
|move|p2a: Jotaro|Brick Break|p1a: Tú Con Él
|-sideend|p1: ascbo|move: Light Screen
|-damage|p1a: Tú Con Él|56/100
|-damage|p2a: Jotaro|88/100|[from] ability: Rough Skin|[of] p1a: Tú Con Él
|-damage|p2a: Jotaro|78/100|[from] item: Life Orb
|
|-fieldend|move: Psychic Terrain
|upkeep
|turn|11
|
|t:|1779870049
|move|p2a: Jotaro|Expanding Force|p1a: Tú Con Él
|-damage|p1a: Tú Con Él|0 fnt
|faint|p1a: Tú Con Él
|-damage|p2a: Jotaro|68/100|[from] item: Life Orb
|
|-fieldend|move: Trick Room
|upkeep
|
|t:|1779870059
|switch|p1a: Oh Qué Será?|Regidrago|100/100
|turn|12
|
|t:|1779870070
|move|p1a: Oh Qué Será?|Outrage|p2a: Jotaro
|-damage|p2a: Jotaro|0 fnt
|faint|p2a: Jotaro
|-damage|p1a: Oh Qué Será?|91/100|[from] item: Life Orb
|
|upkeep
|
|t:|1779870076
|switch|p2a: Tailwhip|Dragapult, F|100/100
|turn|13
|
|t:|1779870079
|move|p2a: Tailwhip|Dragon Darts|p1a: Oh Qué Será?
|-supereffective|p1a: Oh Qué Será?
|-damage|p1a: Oh Qué Será?|15/100
|-anim|p2a: Tailwhip|Dragon Darts|p1a: Oh Qué Será?
|-supereffective|p1a: Oh Qué Será?
|-damage|p1a: Oh Qué Será?|0 fnt
|faint|p1a: Oh Qué Será?
|
|upkeep
|
|t:|1779870083
|switch|p1a: Me Tengo Que Ir|Grimmsnarl, M|50/100
|turn|14
|
|t:|1779870087
|switch|p2a: DeeDee|Indeedee, M|100/100
|-fieldstart|move: Psychic Terrain|[from] ability: Psychic Surge|[of] p2a: DeeDee
|move|p1a: Me Tengo Que Ir|Spirit Break|p2a: DeeDee
|-crit|p2a: DeeDee
|-damage|p2a: DeeDee|0 fnt
|faint|p2a: DeeDee
|
|upkeep
|
|t:|1779870095
|switch|p2a: Ken|Blaziken, F|54/100
|turn|15
|
|t:|1779870107
|switch|p1a: Rey Sin Reina|Great Tusk|100/100
|-enditem|p1a: Rey Sin Reina|Booster Energy
|-activate|p1a: Rey Sin Reina|ability: Protosynthesis|[fromitem]
|-start|p1a: Rey Sin Reina|protosynthesisspe
|move|p2a: Ken|Focus Energy|p2a: Ken
|-start|p2a: Ken|move: Focus Energy
|
|-ability|p2a: Ken|Speed Boost|boost
|-boost|p2a: Ken|spe|1
|upkeep
|turn|16
|
|t:|1779870117
|move|p1a: Rey Sin Reina|Headlong Rush|p2a: Ken
|-supereffective|p2a: Ken
|-damage|p2a: Ken|0 fnt
|-unboost|p1a: Rey Sin Reina|def|1
|-unboost|p1a: Rey Sin Reina|spd|1
|faint|p2a: Ken
|
|upkeep
|c|☆waha8|gg
|-message|waha8 forfeited.
|
|win|ascbo
|raw|ascbo's rating: 1394 &rarr; <strong>1416</strong><br />(+22 for winning)
|raw|waha8's rating: 1434 &rarr; <strong>1412</strong><br />(-22 for losing)
|l|☆waha8
|player|p2|
|l|☆ascbo
|player|p1|
