|j|☆y0ka_s
|j|☆8t7865867t6y
|t:|1779872452
|gametype|singles
|player|p1|y0ka_s|101|1133
|player|p2|8t7865867t6y|101|1065
|gen|9
|tier|[Gen 9] OU
|rated|
|rule|HP Percentage Mod: HP is shown in percentages
|rule|Endless Battle Clause: Forcing endless battles is banned
|rule|Species Clause: Limit one of each Pokémon
|rule|OHKO Clause: OHKO moves are banned
|rule|Evasion Items Clause: Evasion items are banned
|rule|Evasion Moves Clause: Evasion moves are banned
|rule|Evasion Abilities Clause: Evasion abilities are banned
|rule|Sleep Moves Clause: Sleep-inducing moves are banned
|clearpoke
|poke|p1|Great Tusk|
|poke|p1|Slowking-Galar, M|
|poke|p1|Alomomola, M|
|poke|p1|Kingambit, M|
|poke|p1|Dragapult, F|
|poke|p1|Toucannon, F|
|poke|p2|Dondozo, M|
|poke|p2|Blissey, F|
|poke|p2|Gliscor, F|
|poke|p2|Toxapex, F|
|poke|p2|Mandibuzz, F|
|poke|p2|Talonflame, M|
|teampreview
|
|t:|1779872457
|teamsize|p1|6
|teamsize|p2|6
|start
|switch|p1a: Great Tusk|Great Tusk, shiny|100/100
|switch|p2a: Gliscor|Gliscor, F|100/100
|turn|1
|
|t:|1779872484
|move|p2a: Gliscor|Protect|p2a: Gliscor
|-singleturn|p2a: Gliscor|Protect
|move|p1a: Great Tusk|Ice Spinner|p2a: Gliscor
|-activate|p2a: Gliscor|move: Protect
|
|-status|p2a: Gliscor|tox|[from] item: Toxic Orb
|upkeep
|turn|2
|
|t:|1779872493
|switch|p2a: Talonflame|Talonflame, M|100/100
|move|p1a: Great Tusk|Ice Spinner|p2a: Talonflame
|-damage|p2a: Talonflame|79/100
|
|upkeep
|turn|3
|inactive|Battle timer is ON: inactive players will automatically lose when time's up. (requested by y0ka_s)
|inactive|8t7865867t6y has 120 seconds left.
|
|t:|1779872562
|move|p1a: Great Tusk|Stealth Rock|p2a: Talonflame
|-sidestart|p2: 8t7865867t6y|move: Stealth Rock
|move|p2a: Talonflame|Will-O-Wisp|p1a: Great Tusk
|-status|p1a: Great Tusk|brn
|
|-damage|p1a: Great Tusk|94/100 brn|[from] brn
|upkeep
|turn|4
|
|t:|1779872579
|-end|p1a: Great Tusk|Protosynthesis|[silent]
|switch|p1a: Slowking|Slowking-Galar, M, shiny|100/100
|move|p2a: Talonflame|Defog|p1a: Slowking
|-unboost|p1a: Slowking|evasion|1
|-sideend|p2: 8t7865867t6y|Stealth Rock|[from] move: Defog|[of] p2a: Talonflame
|
|upkeep
|turn|5
|inactive|8t7865867t6y has 120 seconds left.
|
|t:|1779872618
|switch|p2a: Blissey|Blissey, F|100/100
|move|p1a: Slowking|Thunder Wave|p2a: Blissey
|-status|p2a: Blissey|par
|
|upkeep
|turn|6
|
|t:|1779872636
|move|p2a: Blissey|Stealth Rock|p1a: Slowking
|-sidestart|p1: y0ka_s|move: Stealth Rock
|-prepare|p1a: Slowking|Chilly Reception|[premajor]
|move|p1a: Slowking|Chilly Reception|p1a: Slowking
|-weather|Snowscape
|inactive|y0ka_s has 120 seconds left.
|
|t:|1779872658
|switch|p1a: Great Tusk|Great Tusk, shiny|94/100 brn|[from] Chilly Reception
|-damage|p1a: Great Tusk|91/100 brn|[from] Stealth Rock
|
|-weather|Snowscape|[upkeep]
|-damage|p1a: Great Tusk|85/100 brn|[from] brn
|upkeep
|turn|7
|
|t:|1779872677
|-curestatus|p2a: Blissey|par|[from] ability: Natural Cure|[silent]
|switch|p2a: Talonflame|Talonflame, M|79/100
|move|p1a: Great Tusk|Headlong Rush|p2a: Talonflame
|-immune|p2a: Talonflame
|
|-weather|Snowscape|[upkeep]
|-damage|p1a: Great Tusk|79/100 brn|[from] brn
|upkeep
|turn|8
|
|t:|1779872686
|-end|p1a: Great Tusk|Protosynthesis|[silent]
|switch|p1a: Slowking|Slowking-Galar, M, shiny|100/100
|move|p2a: Talonflame|Overheat|p1a: Slowking
|-damage|p1a: Slowking|81/100
|-unboost|p2a: Talonflame|spa|2
|
|-weather|Snowscape|[upkeep]
|upkeep
|turn|9
|
|t:|1779872697
|switch|p2a: Blissey|Blissey, F|100/100
|move|p1a: Slowking|Thunder Wave|p2a: Blissey
|-status|p2a: Blissey|par
|
|-weather|Snowscape|[upkeep]
|upkeep
|turn|10
|
|t:|1779872707
|move|p2a: Blissey|Seismic Toss|p1a: Slowking
|-damage|p1a: Slowking|56/100
|move|p1a: Slowking|Sludge Bomb|p2a: Blissey
|-damage|p2a: Blissey|91/100 par
|
|-weather|none
|-heal|p2a: Blissey|97/100 par|[from] item: Leftovers
|upkeep
|turn|11
|
|t:|1779872719
|-curestatus|p2a: Blissey|par|[from] ability: Natural Cure|[silent]
|switch|p2a: Gliscor|Gliscor, F|100/100 tox
|move|p1a: Slowking|Flamethrower|p2a: Gliscor
|-damage|p2a: Gliscor|82/100 tox
|
|-heal|p2a: Gliscor|94/100 tox|[from] ability: Poison Heal
|upkeep
|turn|12
|
|t:|1779872735
|switch|p1a: Great Tusk|Great Tusk, shiny|79/100 brn
|-damage|p1a: Great Tusk|76/100 brn|[from] Stealth Rock
|move|p2a: Gliscor|Knock Off|p1a: Great Tusk
|-resisted|p1a: Great Tusk
|-damage|p1a: Great Tusk|69/100 brn
|-damage|p2a: Gliscor|78/100 tox|[from] item: Rocky Helmet|[of] p1a: Great Tusk
|-enditem|p1a: Great Tusk|Rocky Helmet|[from] move: Knock Off|[of] p2a: Gliscor
|
|-heal|p2a: Gliscor|90/100 tox|[from] ability: Poison Heal
|-damage|p1a: Great Tusk|63/100 brn|[from] brn
|upkeep
|turn|13
|
|t:|1779872749
|move|p2a: Gliscor|Protect|p2a: Gliscor
|-singleturn|p2a: Gliscor|Protect
|move|p1a: Great Tusk|Stealth Rock|p2a: Gliscor
|-sidestart|p2: 8t7865867t6y|move: Stealth Rock
|
|-heal|p2a: Gliscor|100/100 tox|[from] ability: Poison Heal
|-damage|p1a: Great Tusk|57/100 brn|[from] brn
|upkeep
|turn|14
|
|t:|1779872757
|switch|p2a: Talonflame|Talonflame, M|79/100
|move|p1a: Great Tusk|Ice Spinner|p2a: Talonflame
|-crit|p2a: Talonflame
|-damage|p2a: Talonflame|65/100
|
|-damage|p1a: Great Tusk|50/100 brn|[from] brn
|upkeep
|turn|15
|
|t:|1779872776
|-end|p1a: Great Tusk|Protosynthesis|[silent]
|switch|p1a: Alomomola|Alomomola, M, shiny|100/100
|move|p2a: Talonflame|Defog|p1a: Alomomola
|-unboost|p1a: Alomomola|evasion|1
|-sideend|p1: y0ka_s|Stealth Rock|[from] move: Defog|[of] p2a: Talonflame
|-sideend|p2: 8t7865867t6y|Stealth Rock|[from] move: Defog|[of] p2a: Talonflame
|
|upkeep
|turn|16
|
|t:|1779872803
|switch|p2a: Gliscor|Gliscor, F|100/100 tox
|move|p1a: Alomomola|Scald|p2a: Gliscor
|-supereffective|p2a: Gliscor
|-damage|p2a: Gliscor|78/100 tox
|
|-heal|p2a: Gliscor|90/100 tox|[from] ability: Poison Heal
|upkeep
|turn|17
|
|t:|1779872822
|switch|p1a: Great Tusk|Great Tusk, shiny|50/100 brn
|move|p2a: Gliscor|Spikes|p1a: Great Tusk
|-sidestart|p1: y0ka_s|Spikes
|
|-heal|p2a: Gliscor|100/100 tox|[from] ability: Poison Heal
|-damage|p1a: Great Tusk|44/100 brn|[from] brn
|upkeep
|turn|18
|inactive|8t7865867t6y has 120 seconds left.
|
|t:|1779872871
|switch|p2a: Talonflame|Talonflame, M|65/100
|move|p1a: Great Tusk|Stealth Rock|p2a: Talonflame
|-sidestart|p2: 8t7865867t6y|move: Stealth Rock
|
|-damage|p1a: Great Tusk|38/100 brn|[from] brn
|upkeep
|turn|19
|inactive|y0ka_s has 90 seconds left.
|
|t:|1779872893
|-end|p1a: Great Tusk|Protosynthesis|[silent]
|switch|p1a: Alomomola|Alomomola, M, shiny|100/100
|move|p2a: Talonflame|Defog|p1a: Alomomola
|-unboost|p1a: Alomomola|evasion|1
|-sideend|p1: y0ka_s|Spikes|[from] move: Defog|[of] p2a: Talonflame
|-sideend|p2: 8t7865867t6y|Stealth Rock|[from] move: Defog|[of] p2a: Talonflame
|
|upkeep
|turn|20
|inactive|8t7865867t6y has 90 seconds left.
|inactive|8t7865867t6y has 60 seconds left.
|inactive|8t7865867t6y has 30 seconds left.
|
|t:|1779872988
|switch|p2a: Blissey|Blissey, F|97/100
|move|p1a: Alomomola|Flip Turn|p2a: Blissey
|-damage|p2a: Blissey|79/100
|
|t:|1779872997
|switch|p1a: Dragapult|Dragapult, F, shiny|100/100|[from] Flip Turn
|
|-heal|p2a: Blissey|86/100|[from] item: Leftovers
|upkeep
|turn|21
|inactive|y0ka_s has 90 seconds left.
|
|t:|1779873014
|switch|p2a: Mandibuzz|Mandibuzz, F|100/100
|move|p1a: Dragapult|Will-O-Wisp|p2a: Mandibuzz
|-status|p2a: Mandibuzz|brn
|
|-damage|p2a: Mandibuzz|94/100 brn|[from] brn
|upkeep
|turn|22
|inactive|8t7865867t6y has 30 seconds left.
|inactive|8t7865867t6y has 20 seconds left.
|inactive|8t7865867t6y has 15 seconds left.
|inactive|8t7865867t6y has 10 seconds left.
|inactive|8t7865867t6y has 5 seconds left.
|
|t:|1779873056
|move|p1a: Dragapult|U-turn|p2a: Mandibuzz
|-damage|p2a: Mandibuzz|81/100 brn
|
|t:|1779873059
|switch|p1a: Toucannon|Toucannon, F, shiny|100/100|[from] U-turn
|move|p2a: Mandibuzz|Toxic|p1a: Toucannon
|-status|p1a: Toucannon|tox
|
|-damage|p1a: Toucannon|95/100 tox|[from] psn
|-damage|p2a: Mandibuzz|75/100 brn|[from] brn
|upkeep
|turn|23
|inactive|8t7865867t6y has 20 seconds left this turn.
|
|t:|1779873072
|switch|p2a: Toxapex|Toxapex, F|100/100
|move|p1a: Toucannon|Rock Blast|p2a: Toxapex
|-damage|p2a: Toxapex|91/100
|-damage|p2a: Toxapex|81/100
|-damage|p2a: Toxapex|71/100
|-damage|p2a: Toxapex|61/100
|-damage|p2a: Toxapex|51/100
|-hitcount|p2a: Toxapex|5
|
|-heal|p2a: Toxapex|58/100|[from] item: Black Sludge
|-damage|p1a: Toucannon|83/100 tox|[from] psn
|upkeep
|turn|24
|inactive|8t7865867t6y has 30 seconds left this turn.
|inactive|y0ka_s has 90 seconds left.
|
|t:|1779873112
|switch|p1a: Dragapult|Dragapult, F, shiny|100/100
|switch|p2a: Gliscor|Gliscor, F|100/100 tox
|
|upkeep
|turn|25
|inactive|8t7865867t6y has 30 seconds left.
|
|t:|1779873133
|move|p1a: Dragapult|Hex|p2a: Gliscor
|-damage|p2a: Gliscor|55/100 tox
|move|p2a: Gliscor|Knock Off|p1a: Dragapult
|-supereffective|p1a: Dragapult
|-damage|p1a: Dragapult|43/100
|-enditem|p1a: Dragapult|Heavy-Duty Boots|[from] move: Knock Off|[of] p2a: Gliscor
|
|-heal|p2a: Gliscor|68/100 tox|[from] ability: Poison Heal
|upkeep
|turn|26
|inactive|8t7865867t6y has 30 seconds left.
|
|t:|1779873145
|move|p2a: Gliscor|Protect|p2a: Gliscor
|-singleturn|p2a: Gliscor|Protect
|move|p1a: Dragapult|U-turn|p2a: Gliscor
|-activate|p2a: Gliscor|move: Protect
|
|-heal|p2a: Gliscor|80/100 tox|[from] ability: Poison Heal
|upkeep
|turn|27
|
|t:|1779873153
|move|p1a: Dragapult|U-turn|p2a: Gliscor
|-resisted|p2a: Gliscor
|-damage|p2a: Gliscor|73/100 tox
|
|t:|1779873156
|switch|p1a: Great Tusk|Great Tusk, shiny|38/100 brn|[from] U-turn
|move|p2a: Gliscor|Knock Off|p1a: Great Tusk
|-resisted|p1a: Great Tusk
|-damage|p1a: Great Tusk|34/100 brn
|
|-heal|p2a: Gliscor|85/100 tox|[from] ability: Poison Heal
|-damage|p1a: Great Tusk|28/100 brn|[from] brn
|upkeep
|turn|28
|
|t:|1779873165
|switch|p2a: Talonflame|Talonflame, M|65/100
|move|p1a: Great Tusk|Stealth Rock|p2a: Talonflame
|-sidestart|p2: 8t7865867t6y|move: Stealth Rock
|
|-damage|p1a: Great Tusk|21/100 brn|[from] brn
|upkeep
|turn|29
|
|t:|1779873174
|-end|p1a: Great Tusk|Protosynthesis|[silent]
|switch|p1a: Alomomola|Alomomola, M, shiny|100/100
|move|p2a: Talonflame|Defog|p1a: Alomomola
|-unboost|p1a: Alomomola|evasion|1
|-sideend|p2: 8t7865867t6y|Stealth Rock|[from] move: Defog|[of] p2a: Talonflame
|
|upkeep
|turn|30
|inactive|y0ka_s has 90 seconds left.
|
|t:|1779873181
|move|p2a: Talonflame|Will-O-Wisp|p1a: Alomomola
|-status|p1a: Alomomola|brn
|move|p1a: Alomomola|Flip Turn|p2a: Talonflame
|-supereffective|p2a: Talonflame
|-damage|p2a: Talonflame|51/100
|inactive|y0ka_s has 90 seconds left.
|
|t:|1779873189
|switch|p1a: Toucannon|Toucannon, F, shiny|83/100 tox|[from] Flip Turn
|
|-damage|p1a: Toucannon|77/100 tox|[from] psn
|upkeep
|turn|31
|inactive|y0ka_s has 90 seconds left.
|
|t:|1779873201
|switch|p2a: Toxapex|Toxapex, F|91/100
|-terastallize|p1a: Toucannon|Fire
|move|p1a: Toucannon|Rock Blast|p2a: Toxapex
|-damage|p2a: Toxapex|81/100
|-damage|p2a: Toxapex|71/100
|-damage|p2a: Toxapex|61/100
|-damage|p2a: Toxapex|50/100
|-damage|p2a: Toxapex|41/100
|-hitcount|p2a: Toxapex|5
|
|-heal|p2a: Toxapex|48/100|[from] item: Black Sludge
|-damage|p1a: Toucannon|65/100 tox|[from] psn
|upkeep
|turn|32
|inactive|y0ka_s has 90 seconds left.
|
|t:|1779873225
|switch|p1a: Dragapult|Dragapult, F, shiny|43/100
|switch|p2a: Dondozo|Dondozo, M|100/100
|
|upkeep
|turn|33
|inactive|8t7865867t6y has 90 seconds left.
|inactive|8t7865867t6y has 60 seconds left.
|
|t:|1779873269
|switch|p2a: Blissey|Blissey, F|86/100
|move|p1a: Dragapult|Dragon Darts|p2a: Blissey
|-damage|p2a: Blissey|65/100
|-anim|p1a: Dragapult|Dragon Darts|p2a: Blissey
|-damage|p2a: Blissey|43/100
|
|-heal|p2a: Blissey|49/100|[from] item: Leftovers
|upkeep
|turn|34
|inactive|8t7865867t6y has 60 seconds left.
|
|t:|1779873281
|switch|p2a: Gliscor|Gliscor, F|85/100 tox
|move|p1a: Dragapult|Will-O-Wisp|p2a: Gliscor|[miss]
|-miss|p1a: Dragapult|p2a: Gliscor
|
|-heal|p2a: Gliscor|98/100 tox|[from] ability: Poison Heal
|upkeep
|turn|35
|
|t:|1779873288
|move|p1a: Dragapult|U-turn|p2a: Gliscor
|-resisted|p2a: Gliscor
|-damage|p2a: Gliscor|90/100 tox
|
|t:|1779873298
|switch|p1a: Alomomola|Alomomola, M, shiny|100/100 brn|[from] U-turn
|move|p2a: Gliscor|Knock Off|p1a: Alomomola
|-damage|p1a: Alomomola|90/100 brn
|-enditem|p1a: Alomomola|Heavy-Duty Boots|[from] move: Knock Off|[of] p2a: Gliscor
|
|-heal|p2a: Gliscor|100/100 tox|[from] ability: Poison Heal
|-damage|p1a: Alomomola|83/100 brn|[from] brn
|upkeep
|turn|36
|
|t:|1779873310
|move|p2a: Gliscor|Spikes|p1a: Alomomola
|-sidestart|p1: y0ka_s|Spikes
|move|p1a: Alomomola|Scald|p2a: Gliscor
|-supereffective|p2a: Gliscor
|-damage|p2a: Gliscor|78/100 tox
|
|-heal|p2a: Gliscor|90/100 tox|[from] ability: Poison Heal
|-damage|p1a: Alomomola|77/100 brn|[from] brn
|upkeep
|turn|37
|
|t:|1779873318
|move|p2a: Gliscor|Spikes|p1a: Alomomola
|-sidestart|p1: y0ka_s|Spikes
|move|p1a: Alomomola|Flip Turn|p2a: Gliscor
|-supereffective|p2a: Gliscor
|-damage|p2a: Gliscor|77/100 tox
|
|t:|1779873327
|switch|p1a: Toucannon|Toucannon, F, shiny, tera:Fire|65/100 tox|[from] Flip Turn
|-damage|p1a: Toucannon|48/100 tox|[from] Spikes
|
|-damage|p1a: Toucannon|42/100 tox|[from] psn
|-heal|p2a: Gliscor|89/100 tox|[from] ability: Poison Heal
|upkeep
|turn|38
|inactive|y0ka_s has 90 seconds left.
|
|t:|1779873338
|move|p2a: Gliscor|Protect|p2a: Gliscor
|-singleturn|p2a: Gliscor|Protect
|move|p1a: Toucannon|Rock Blast|p2a: Gliscor
|-activate|p2a: Gliscor|move: Protect
|
|-heal|p2a: Gliscor|100/100 tox|[from] ability: Poison Heal
|-damage|p1a: Toucannon|30/100 tox|[from] psn
|upkeep
|turn|39
|inactive|y0ka_s has 90 seconds left.
|
|t:|1779873347
|move|p1a: Toucannon|Rock Blast|p2a: Gliscor
|-damage|p2a: Gliscor|90/100 tox
|-damage|p2a: Gliscor|78/100 tox
|-damage|p2a: Gliscor|67/100 tox
|-damage|p2a: Gliscor|56/100 tox
|-damage|p2a: Gliscor|45/100 tox
|-hitcount|p2a: Gliscor|5
|move|p2a: Gliscor|Spikes|p1a: Toucannon
|-sidestart|p1: y0ka_s|Spikes
|
|-heal|p2a: Gliscor|58/100 tox|[from] ability: Poison Heal
|-damage|p1a: Toucannon|12/100 tox|[from] psn
|upkeep
|turn|40
|inactive|8t7865867t6y has 120 seconds left.
|inactive|y0ka_s has 90 seconds left.
|
|t:|1779873359
|move|p2a: Gliscor|Protect|p2a: Gliscor
|-singleturn|p2a: Gliscor|Protect
|move|p1a: Toucannon|Rock Blast|p2a: Gliscor
|-activate|p2a: Gliscor|move: Protect
|
|-heal|p2a: Gliscor|70/100 tox|[from] ability: Poison Heal
|-damage|p1a: Toucannon|0 fnt|[from] psn
|faint|p1a: Toucannon
|upkeep
|inactive|y0ka_s has 90 seconds left.
|-message|y0ka_s forfeited.
|
|win|8t7865867t6y
|raw|y0ka_s's rating: 1133 &rarr; <strong>1103</strong><br />(-30 for losing)
|raw|8t7865867t6y's rating: 1065 &rarr; <strong>1101</strong><br />(+36 for winning)
|l|☆y0ka_s
|player|p1|
|l|☆8t7865867t6y
|player|p2|
