|j|☆oreki350
|j|☆dilly34251
|t:|1779902794
|gametype|singles
|player|p1|oreki350|1|1149
|player|p2|dilly34251|workerice|1165
|gen|9
|tier|[Gen 9] OU
|rated|
|rule|HP Percentage Mod: HP is shown in percentages
|rule|Endless Battle Clause: Forcing endless battles is banned
|rule|Species Clause: Limit one of each Pokémon
|rule|OHKO Clause: OHKO moves are banned
|rule|Evasion Items Clause: Evasion items are banned
|rule|Evasion Moves Clause: Evasion moves are banned
|rule|Evasion Abilities Clause: Evasion abilities are banned
|rule|Sleep Moves Clause: Sleep-inducing moves are banned
|clearpoke
|poke|p1|Arcanine-Hisui, F|
|poke|p1|Basculin-White-Striped, M|
|poke|p1|Minior|
|poke|p1|Bellibolt, F|
|poke|p1|Scyther, M|
|poke|p1|Cinccino, M|
|poke|p2|Hydreigon, F|
|poke|p2|Kyurem|
|poke|p2|Scizor, M|
|poke|p2|Zapdos|
|poke|p2|Pelipper, F|
|poke|p2|Poliwrath, F|
|teampreview
|inactive|Battle timer is ON: inactive players will automatically lose when time's up. (requested by oreki350)
|
|t:|1779902803
|teamsize|p1|6
|teamsize|p2|6
|start
|switch|p1a: Bellibolt|Bellibolt, F|100/100
|switch|p2a: Pelipper|Pelipper, F, shiny|100/100
|-weather|RainDance|[from] ability: Drizzle|[of] p2a: Pelipper
|turn|1
|
|t:|1779902811
|switch|p2a: Kyurem|Kyurem, shiny|100/100
|-ability|p2a: Kyurem|Pressure
|move|p1a: Bellibolt|Charge Beam|p2a: Kyurem
|-resisted|p2a: Kyurem
|-damage|p2a: Kyurem|90/100
|-boost|p1a: Bellibolt|spa|1
|
|-weather|RainDance|[upkeep]
|upkeep
|turn|2
|
|t:|1779902818
|move|p2a: Kyurem|Dragon Dance|p2a: Kyurem
|-boost|p2a: Kyurem|atk|1
|-boost|p2a: Kyurem|spe|1
|move|p1a: Bellibolt|Charge Beam|p2a: Kyurem
|-resisted|p2a: Kyurem
|-damage|p2a: Kyurem|74/100
|-boost|p1a: Bellibolt|spa|1
|
|-weather|RainDance|[upkeep]
|upkeep
|turn|3
|
|t:|1779902823
|move|p2a: Kyurem|Dragon Dance|p2a: Kyurem
|-boost|p2a: Kyurem|atk|1
|-boost|p2a: Kyurem|spe|1
|move|p1a: Bellibolt|Chilling Water|p2a: Kyurem
|-resisted|p2a: Kyurem
|-damage|p2a: Kyurem|52/100
|-unboost|p2a: Kyurem|atk|1
|
|-weather|RainDance|[upkeep]
|upkeep
|turn|4
|
|t:|1779902831
|move|p2a: Kyurem|Icicle Spear|p1a: Bellibolt
|-damage|p1a: Bellibolt|81/100
|-start|p1a: Bellibolt|Charge|Icicle Spear|[from] ability: Electromorphosis
|-crit|p1a: Bellibolt
|-damage|p1a: Bellibolt|50/100
|-start|p1a: Bellibolt|Charge|Icicle Spear|[from] ability: Electromorphosis
|-damage|p1a: Bellibolt|31/100
|-start|p1a: Bellibolt|Charge|Icicle Spear|[from] ability: Electromorphosis
|-damage|p1a: Bellibolt|12/100
|-start|p1a: Bellibolt|Charge|Icicle Spear|[from] ability: Electromorphosis
|-damage|p1a: Bellibolt|0 fnt
|faint|p1a: Bellibolt
|-hitcount|p1: Bellibolt|5
|
|-weather|RainDance|[upkeep]
|upkeep
|
|t:|1779902855
|switch|p1a: Basculin|Basculin-White-Striped, M|100/100
|turn|5
|
|t:|1779902867
|move|p2a: Kyurem|Scale Shot|p1a: Basculin
|-damage|p1a: Basculin|77/100
|-damage|p1a: Basculin|52/100
|-damage|p1a: Basculin|26/100
|-damage|p1a: Basculin|2/100
|-hitcount|p1a: Basculin|4
|-unboost|p2a: Kyurem|def|1
|-boost|p2a: Kyurem|spe|1
|move|p1a: Basculin|Liquidation|p2a: Kyurem
|-resisted|p2a: Kyurem
|-damage|p2a: Kyurem|2/100
|
|-weather|RainDance|[upkeep]
|upkeep
|turn|6
|
|t:|1779902880
|move|p1a: Basculin|Aqua Jet|p2a: Kyurem
|-resisted|p2a: Kyurem
|-damage|p2a: Kyurem|0 fnt
|faint|p2a: Kyurem
|
|-weather|RainDance|[upkeep]
|upkeep
|
|t:|1779902890
|switch|p2a: Poliwrath|Poliwrath, F|100/100
|turn|7
|
|t:|1779902895
|move|p2a: Poliwrath|Bulk Up|p2a: Poliwrath
|-boost|p2a: Poliwrath|atk|1
|-boost|p2a: Poliwrath|def|1
|move|p1a: Basculin|Liquidation|p2a: Poliwrath
|-resisted|p2a: Poliwrath
|-damage|p2a: Poliwrath|76/100
|
|-weather|RainDance|[upkeep]
|upkeep
|turn|8
|
|t:|1779902906
|move|p2a: Poliwrath|Bulk Up|p2a: Poliwrath
|-boost|p2a: Poliwrath|atk|1
|-boost|p2a: Poliwrath|def|1
|move|p1a: Basculin|Flip Turn|p2a: Poliwrath
|-resisted|p2a: Poliwrath
|-damage|p2a: Poliwrath|62/100
|
|t:|1779902920
|switch|p1a: Minior|Minior, shiny|100/100|[from] Flip Turn
|-formechange|p1a: Minior|Minior-Meteor||[from] ability: Shields Down
|
|-weather|none
|upkeep
|turn|9
|
|t:|1779902924
|-terastallize|p1a: Minior|Water
|move|p2a: Poliwrath|Liquidation|p1a: Minior
|-resisted|p1a: Minior
|-crit|p1a: Minior
|-damage|p1a: Minior|0 fnt
|faint|p1a: Minior
|-damage|p2a: Poliwrath|53/100|[from] item: Life Orb
|
|upkeep
|
|t:|1779902936
|switch|p1a: Cinccino|Cinccino, M|100/100
|turn|10
|
|t:|1779902939
|move|p1a: Cinccino|Bullet Seed|p2a: Poliwrath
|-supereffective|p2a: Poliwrath
|-damage|p2a: Poliwrath|41/100
|-supereffective|p2a: Poliwrath
|-damage|p2a: Poliwrath|30/100
|-supereffective|p2a: Poliwrath
|-damage|p2a: Poliwrath|18/100
|-supereffective|p2a: Poliwrath
|-damage|p2a: Poliwrath|5/100
|-hitcount|p2a: Poliwrath|4
|move|p2a: Poliwrath|Close Combat|p1a: Cinccino
|-supereffective|p1a: Cinccino
|-damage|p1a: Cinccino|0 fnt
|-unboost|p2a: Poliwrath|def|1
|-unboost|p2a: Poliwrath|spd|1
|faint|p1a: Cinccino
|-damage|p2a: Poliwrath|0 fnt|[from] item: Life Orb
|faint|p2a: Poliwrath
|
|upkeep
|
|t:|1779902947
|switch|p1a: Basculin|Basculin-White-Striped, M|2/100
|switch|p2a: Pelipper|Pelipper, F, shiny|100/100
|-weather|RainDance|[from] ability: Drizzle|[of] p2a: Pelipper
|turn|11
|
|t:|1779902950
|move|p1a: Basculin|Liquidation|p2a: Pelipper
|-resisted|p2a: Pelipper
|-damage|p2a: Pelipper|66/100
|move|p2a: Pelipper|Hurricane|p1a: Basculin
|-damage|p1a: Basculin|0 fnt
|faint|p1a: Basculin
|
|-weather|RainDance|[upkeep]
|upkeep
|
|t:|1779902961
|switch|p1a: Arcanine|Arcanine-Hisui, F|100/100
|turn|12
|
|t:|1779902964
|move|p1a: Arcanine|Flame Charge|p2a: Pelipper
|-resisted|p2a: Pelipper
|-damage|p2a: Pelipper|59/100
|-boost|p1a: Arcanine|spe|1
|move|p2a: Pelipper|Weather Ball|p1a: Arcanine
|-supereffective|p1a: Arcanine
|-enditem|p1a: Arcanine|Focus Sash
|-damage|p1a: Arcanine|1/100
|
|-weather|RainDance|[upkeep]
|upkeep
|turn|13
|
|t:|1779902975
|move|p1a: Arcanine|Head Smash|p2a: Pelipper
|-supereffective|p2a: Pelipper
|-damage|p2a: Pelipper|0 fnt
|faint|p2a: Pelipper
|
|-weather|RainDance|[upkeep]
|upkeep
|
|t:|1779902978
|switch|p2a: Scizor|Scizor, M|100/100
|turn|14
|
|t:|1779902982
|move|p2a: Scizor|Bullet Punch|p1a: Arcanine
|-damage|p1a: Arcanine|0 fnt
|faint|p1a: Arcanine
|
|-weather|RainDance|[upkeep]
|upkeep
|
|t:|1779902984
|switch|p1a: Scyther|Scyther, M|100/100
|turn|15
|
|t:|1779902986
|move|p2a: Scizor|Bullet Punch|p1a: Scyther
|-damage|p1a: Scyther|48/100
|move|p1a: Scyther|Swords Dance|p1a: Scyther
|-boost|p1a: Scyther|atk|2
|
|-weather|RainDance|[upkeep]
|upkeep
|turn|16
|
|t:|1779902991
|move|p2a: Scizor|Bullet Punch|p1a: Scyther
|-damage|p1a: Scyther|0 fnt
|faint|p1a: Scyther
|
|win|dilly34251
|raw|oreki350's rating: 1149 &rarr; <strong>1125</strong><br />(-24 for losing)
|raw|dilly34251's rating: 1165 &rarr; <strong>1189</strong><br />(+24 for winning)
|l|☆oreki350
|player|p1|
|l|☆dilly34251
|player|p2|
