|j|☆andre880
|j|☆critical_32
|t:|1779881149
|gametype|singles
|player|p1|andre880|2|1341
|player|p2|critical_32|170|1324
|gen|9
|tier|[Gen 9] OU
|rated|
|rule|HP Percentage Mod: HP is shown in percentages
|rule|Endless Battle Clause: Forcing endless battles is banned
|rule|Species Clause: Limit one of each Pokémon
|rule|OHKO Clause: OHKO moves are banned
|rule|Evasion Items Clause: Evasion items are banned
|rule|Evasion Moves Clause: Evasion moves are banned
|rule|Evasion Abilities Clause: Evasion abilities are banned
|rule|Sleep Moves Clause: Sleep-inducing moves are banned
|clearpoke
|poke|p1|Gholdengo|
|poke|p1|Samurott-Hisui, M|
|poke|p1|Dragonite, M|
|poke|p1|Great Tusk|
|poke|p1|Hatterene, F|
|poke|p1|Moltres|
|poke|p2|Barraskewda, F|
|poke|p2|Basculegion, M|
|poke|p2|Goodra-Hisui, F|
|poke|p2|Kingdra, F|
|poke|p2|Conkeldurr, M|
|poke|p2|Pelipper, F|
|teampreview
|inactive|Battle timer is ON: inactive players will automatically lose when time's up. (requested by critical_32)
|
|t:|1779881166
|teamsize|p1|6
|teamsize|p2|6
|start
|switch|p1a: Gholdengo|Gholdengo|100/100
|switch|p2a: Pelipper|Pelipper, F|100/100
|-item|p1a: Gholdengo|Air Balloon
|-weather|RainDance|[from] ability: Drizzle|[of] p2a: Pelipper
|turn|1
|
|t:|1779881171
|switch|p2a: Goodra|Goodra-Hisui, F|100/100
|move|p1a: Gholdengo|Nasty Plot|p1a: Gholdengo
|-boost|p1a: Gholdengo|spa|2
|
|-weather|RainDance|[upkeep]
|upkeep
|turn|2
|
|t:|1779881180
|move|p1a: Gholdengo|Focus Blast|p2a: Goodra
|-supereffective|p2a: Goodra
|-damage|p2a: Goodra|0 fnt
|faint|p2a: Goodra
|
|-weather|RainDance|[upkeep]
|upkeep
|
|t:|1779881184
|switch|p2a: Barraskewda|Barraskewda, F|100/100
|turn|3
|
|t:|1779881188
|move|p2a: Barraskewda|Liquidation|p1a: Gholdengo
|-damage|p1a: Gholdengo|0 fnt
|-enditem|p1a: Gholdengo|Air Balloon
|faint|p1a: Gholdengo
|
|-weather|RainDance|[upkeep]
|upkeep
|
|t:|1779881196
|switch|p1a: Dragonite|Dragonite, M|100/100
|turn|4
|
|t:|1779881199
|move|p2a: Barraskewda|Liquidation|p1a: Dragonite
|-resisted|p1a: Dragonite
|-damage|p1a: Dragonite|71/100
|move|p1a: Dragonite|Scale Shot|p2a: Barraskewda|[miss]
|-miss|p1a: Dragonite|p2a: Barraskewda
|
|-weather|RainDance|[upkeep]
|upkeep
|turn|5
|
|t:|1779881208
|move|p2a: Barraskewda|Liquidation|p1a: Dragonite
|-resisted|p1a: Dragonite
|-damage|p1a: Dragonite|9/100
|-unboost|p1a: Dragonite|def|1
|move|p1a: Dragonite|Scale Shot|p2a: Barraskewda|[miss]
|-miss|p1a: Dragonite|p2a: Barraskewda
|
|-weather|RainDance|[upkeep]
|upkeep
|turn|6
|
|t:|1779881226
|move|p2a: Barraskewda|Liquidation|p1a: Dragonite
|-resisted|p1a: Dragonite
|-damage|p1a: Dragonite|0 fnt
|faint|p1a: Dragonite
|
|-weather|RainDance|[upkeep]
|upkeep
|
|t:|1779881231
|switch|p1a: Samurott|Samurott-Hisui, M|100/100
|turn|7
|
|t:|1779881235
|move|p2a: Barraskewda|Liquidation|p1a: Samurott
|-resisted|p1a: Samurott
|-damage|p1a: Samurott|47/100
|move|p1a: Samurott|Knock Off|p2a: Barraskewda
|-damage|p2a: Barraskewda|12/100
|-enditem|p2a: Barraskewda|Choice Band|[from] move: Knock Off|[of] p1a: Samurott
|
|-weather|RainDance|[upkeep]
|upkeep
|turn|8
|
|t:|1779881256
|move|p1a: Samurott|Sucker Punch|p2a: Barraskewda
|-damage|p2a: Barraskewda|0 fnt
|faint|p2a: Barraskewda
|
|-weather|none
|upkeep
|
|t:|1779881262
|switch|p2a: Conkeldurr|Conkeldurr, M|100/100
|turn|9
|
|t:|1779881266
|switch|p1a: Moltres|Moltres|100/100
|move|p2a: Conkeldurr|Knock Off|p1a: Moltres
|-crit|p1a: Moltres
|-damage|p1a: Moltres|62/100
|-enditem|p1a: Moltres|Heavy-Duty Boots|[from] move: Knock Off|[of] p2a: Conkeldurr
|
|-status|p2a: Conkeldurr|brn|[from] item: Flame Orb
|upkeep
|turn|10
|
|t:|1779881276
|switch|p2a: Pelipper|Pelipper, F|100/100
|-weather|RainDance|[from] ability: Drizzle|[of] p2a: Pelipper
|move|p1a: Moltres|Roost|p1a: Moltres
|-heal|p1a: Moltres|100/100
|-singleturn|p1a: Moltres|move: Roost
|
|-weather|RainDance|[upkeep]
|upkeep
|turn|11
|
|t:|1779881280
|move|p2a: Pelipper|U-turn|p1a: Moltres
|-resisted|p1a: Moltres
|-damage|p1a: Moltres|99/100
|-status|p2a: Pelipper|brn|[from] ability: Flame Body|[of] p1a: Moltres
|
|t:|1779881284
|switch|p2a: Basculegion|Basculegion, M|100/100|[from] U-turn
|move|p1a: Moltres|U-turn|p2a: Basculegion
|-resisted|p2a: Basculegion
|-damage|p2a: Basculegion|91/100
|
|t:|1779881291
|switch|p1a: Great Tusk|Great Tusk|100/100|[from] U-turn
|
|-weather|RainDance|[upkeep]
|upkeep
|turn|12
|
|t:|1779881297
|-terastallize|p2a: Basculegion|Water
|-terastallize|p1a: Great Tusk|Water
|move|p2a: Basculegion|Wave Crash|p1a: Great Tusk
|-resisted|p1a: Great Tusk
|-damage|p1a: Great Tusk|46/100
|-damage|p2a: Basculegion|75/100|[from] item: Rocky Helmet|[of] p1a: Great Tusk
|-damage|p2a: Basculegion|54/100|[from] Recoil
|move|p1a: Great Tusk|Stealth Rock|p2a: Basculegion
|-sidestart|p2: critical_32|move: Stealth Rock
|
|-weather|RainDance|[upkeep]
|upkeep
|turn|13
|
|t:|1779881303
|move|p2a: Basculegion|Wave Crash|p1a: Great Tusk
|-resisted|p1a: Great Tusk
|-damage|p1a: Great Tusk|0 fnt
|-damage|p2a: Basculegion|38/100|[from] item: Rocky Helmet|[of] p1a: Great Tusk
|faint|p1a: Great Tusk
|-end|p1a: Great Tusk|Protosynthesis|[silent]
|-damage|p2a: Basculegion|20/100|[from] Recoil
|
|-weather|RainDance|[upkeep]
|upkeep
|
|t:|1779881309
|switch|p1a: Samurott|Samurott-Hisui, M|47/100
|turn|14
|
|t:|1779881311
|move|p2a: Basculegion|Wave Crash|p1a: Samurott
|-resisted|p1a: Samurott
|-damage|p1a: Samurott|0 fnt
|faint|p1a: Samurott
|-damage|p2a: Basculegion|5/100|[from] Recoil
|
|-weather|RainDance|[upkeep]
|upkeep
|
|t:|1779881313
|switch|p1a: Moltres|Moltres|99/100
|turn|15
|
|t:|1779881318
|move|p2a: Basculegion|Wave Crash|p1a: Moltres
|-supereffective|p1a: Moltres
|-damage|p1a: Moltres|0 fnt
|-status|p2a: Basculegion|brn|[from] ability: Flame Body|[of] p1a: Moltres
|faint|p1a: Moltres
|-damage|p2a: Basculegion|0 fnt|[from] Recoil
|faint|p2a: Basculegion
|
|-weather|RainDance|[upkeep]
|upkeep
|
|t:|1779881323
|switch|p2a: Kingdra|Kingdra, F|100/100
|switch|p1a: Hatterene|Hatterene, F|100/100
|-damage|p2a: Kingdra|88/100|[from] Stealth Rock
|turn|16
|
|t:|1779881330
|move|p2a: Kingdra|Surf|p1a: Hatterene
|-damage|p1a: Hatterene|24/100
|move|p1a: Hatterene|Nuzzle|p2a: Kingdra
|-damage|p2a: Kingdra|83/100
|-status|p2a: Kingdra|par
|
|-weather|RainDance|[upkeep]
|-heal|p1a: Hatterene|30/100|[from] item: Leftovers
|upkeep
|turn|17
|
|t:|1779881334
|move|p2a: Kingdra|Surf|p1a: Hatterene
|-damage|p1a: Hatterene|0 fnt
|faint|p1a: Hatterene
|
|win|critical_32
|raw|andre880's rating: 1341 &rarr; <strong>1320</strong><br />(-21 for losing)
|raw|critical_32's rating: 1324 &rarr; <strong>1345</strong><br />(+21 for winning)
|l|☆andre880
|player|p1|
