|j|☆RandoNminous
|j|☆famillyfriendly
|t:|1779916856
|gametype|singles
|player|p1|RandoNminous|waiter|1125
|player|p2|famillyfriendly|giovanni|1184
|gen|9
|tier|[Gen 9] OU
|rated|
|rule|HP Percentage Mod: HP is shown in percentages
|rule|Endless Battle Clause: Forcing endless battles is banned
|rule|Species Clause: Limit one of each Pokémon
|rule|OHKO Clause: OHKO moves are banned
|rule|Evasion Items Clause: Evasion items are banned
|rule|Evasion Moves Clause: Evasion moves are banned
|rule|Evasion Abilities Clause: Evasion abilities are banned
|rule|Sleep Moves Clause: Sleep-inducing moves are banned
|clearpoke
|poke|p1|Poliwrath, M|
|poke|p1|Emboar, M|
|poke|p1|Iron Hands|
|poke|p1|Ursaluna, M|
|poke|p1|Okidogi, M|
|poke|p1|Trevenant, M|
|poke|p2|Dragapult, F|
|poke|p2|Gliscor, M|
|poke|p2|Ogerpon-Wellspring, F|
|poke|p2|Iron Crown|
|poke|p2|Ting-Lu|
|poke|p2|Kingambit, F|
|teampreview
|inactive|Battle timer is ON: inactive players will automatically lose when time's up. (requested by RandoNminous)
|
|t:|1779916876
|teamsize|p1|6
|teamsize|p2|6
|start
|switch|p1a: Iron Hands|Iron Hands|100/100
|switch|p2a: Kingambit|Kingambit, F|100/100
|-item|p2a: Kingambit|Air Balloon
|turn|1
|
|t:|1779916883
|-end|p2a: Kingambit|fallenundefined|[silent]
|switch|p2a: Gliscor|Gliscor, M|100/100
|move|p1a: Iron Hands|Belly Drum|p1a: Iron Hands
|-damage|p1a: Iron Hands|50/100
|-setboost|p1a: Iron Hands|atk|6|[from] move: Belly Drum
|
|-heal|p1a: Iron Hands|57/100|[from] item: Leftovers
|-status|p2a: Gliscor|tox|[from] item: Toxic Orb
|upkeep
|turn|2
|
|t:|1779916888
|move|p2a: Gliscor|Protect|p2a: Gliscor
|-singleturn|p2a: Gliscor|Protect
|move|p1a: Iron Hands|Drain Punch|p2a: Gliscor
|-activate|p2a: Gliscor|move: Protect
|
|-heal|p1a: Iron Hands|63/100|[from] item: Leftovers
|upkeep
|turn|3
|
|t:|1779916894
|move|p2a: Gliscor|Toxic|p1a: Iron Hands
|-status|p1a: Iron Hands|tox
|move|p1a: Iron Hands|Drain Punch|p2a: Gliscor
|-resisted|p2a: Gliscor
|-damage|p2a: Gliscor|36/100 tox
|-heal|p1a: Iron Hands|88/100 tox|[from] drain|[of] p2a: Gliscor
|
|-heal|p1a: Iron Hands|94/100 tox|[from] item: Leftovers
|-heal|p2a: Gliscor|48/100 tox|[from] ability: Poison Heal
|-damage|p1a: Iron Hands|88/100 tox|[from] psn
|upkeep
|turn|4
|
|t:|1779916902
|move|p2a: Gliscor|Protect|p2a: Gliscor
|-singleturn|p2a: Gliscor|Protect
|move|p1a: Iron Hands|Belly Drum||[still]
|-fail|p1a: Iron Hands
|
|-heal|p1a: Iron Hands|94/100 tox|[from] item: Leftovers
|-heal|p2a: Gliscor|61/100 tox|[from] ability: Poison Heal
|-damage|p1a: Iron Hands|81/100 tox|[from] psn
|upkeep
|turn|5
|
|t:|1779916910
|switch|p2a: Dragapult|Dragapult, F|100/100
|move|p1a: Iron Hands|Drain Punch|p2a: Dragapult
|-immune|p2a: Dragapult
|
|-heal|p1a: Iron Hands|88/100 tox|[from] item: Leftovers
|-damage|p1a: Iron Hands|69/100 tox|[from] psn
|upkeep
|turn|6
|
|t:|1779916918
|move|p2a: Dragapult|Hex|p1a: Iron Hands
|-damage|p1a: Iron Hands|29/100 tox
|move|p1a: Iron Hands|Supercell Slam|p2a: Dragapult
|-resisted|p2a: Dragapult
|-damage|p2a: Dragapult|0 fnt
|faint|p2a: Dragapult
|
|-heal|p1a: Iron Hands|35/100 tox|[from] item: Leftovers
|-damage|p1a: Iron Hands|10/100 tox|[from] psn
|upkeep
|
|t:|1779916922
|switch|p2a: Gliscor|Gliscor, M|61/100 tox
|turn|7
|
|t:|1779916934
|move|p2a: Gliscor|Protect|p2a: Gliscor
|-singleturn|p2a: Gliscor|Protect
|move|p1a: Iron Hands|Drain Punch|p2a: Gliscor
|-activate|p2a: Gliscor|move: Protect
|
|-heal|p1a: Iron Hands|17/100 tox|[from] item: Leftovers
|-heal|p2a: Gliscor|73/100 tox|[from] ability: Poison Heal
|-damage|p1a: Iron Hands|0 fnt|[from] psn
|faint|p1a: Iron Hands
|-end|p1a: Iron Hands|Quark Drive|[silent]
|upkeep
|
|t:|1779916940
|switch|p1a: Trevenant|Trevenant, M|100/100
|turn|8
|
|t:|1779916946
|move|p2a: Gliscor|Toxic|p1a: Trevenant|[miss]
|-miss|p2a: Gliscor|p1a: Trevenant
|move|p1a: Trevenant|Leech Seed|p2a: Gliscor
|-start|p2a: Gliscor|move: Leech Seed
|
|-damage|p2a: Gliscor|61/100 tox|[from] Leech Seed|[of] p1a: Trevenant
|-heal|p2a: Gliscor|73/100 tox|[from] ability: Poison Heal
|upkeep
|turn|9
|
|t:|1779916950
|move|p2a: Gliscor|Toxic|p1a: Trevenant
|-status|p1a: Trevenant|tox
|move|p1a: Trevenant|Horn Leech|p2a: Gliscor
|-damage|p2a: Gliscor|43/100 tox
|
|-damage|p2a: Gliscor|31/100 tox|[from] Leech Seed|[of] p1a: Trevenant
|-heal|p2a: Gliscor|43/100 tox|[from] ability: Poison Heal
|-damage|p1a: Trevenant|94/100 tox|[from] psn
|upkeep
|turn|10
|
|t:|1779916965
|switch|p2a: Iron Crown|Iron Crown|100/100
|-enditem|p2a: Iron Crown|Booster Energy
|-activate|p2a: Iron Crown|ability: Quark Drive|[fromitem]
|-start|p2a: Iron Crown|quarkdrivespe
|move|p1a: Trevenant|Will-O-Wisp|p2a: Iron Crown
|-status|p2a: Iron Crown|brn
|
|-heal|p1a: Trevenant|100/100 tox|[from] item: Leftovers
|-damage|p1a: Trevenant|88/100 tox|[from] psn
|-damage|p2a: Iron Crown|94/100 brn|[from] brn
|upkeep
|turn|11
|
|t:|1779916977
|move|p2a: Iron Crown|Calm Mind|p2a: Iron Crown
|-boost|p2a: Iron Crown|spa|1
|-boost|p2a: Iron Crown|spd|1
|move|p1a: Trevenant|Leech Seed|p2a: Iron Crown
|-start|p2a: Iron Crown|move: Leech Seed
|
|-heal|p1a: Trevenant|94/100 tox|[from] item: Leftovers
|-damage|p2a: Iron Crown|82/100 brn|[from] Leech Seed|[of] p1a: Trevenant
|-heal|p1a: Trevenant|100/100 tox|[silent]
|-damage|p1a: Trevenant|82/100 tox|[from] psn
|-damage|p2a: Iron Crown|76/100 brn|[from] brn
|upkeep
|turn|12
|
|t:|1779916983
|-curestatus|p1a: Trevenant|tox|[from] ability: Natural Cure|[silent]
|switch|p1a: Emboar|Emboar, M|100/100
|move|p2a: Iron Crown|Calm Mind|p2a: Iron Crown
|-boost|p2a: Iron Crown|spa|1
|-boost|p2a: Iron Crown|spd|1
|
|-damage|p2a: Iron Crown|64/100 brn|[from] Leech Seed|[of] p1a: Emboar
|-damage|p2a: Iron Crown|57/100 brn|[from] brn
|upkeep
|turn|13
|
|t:|1779916991
|move|p2a: Iron Crown|Psychic|p1a: Emboar
|-supereffective|p1a: Emboar
|-damage|p1a: Emboar|0 fnt
|faint|p1a: Emboar
|
|-damage|p2a: Iron Crown|51/100 brn|[from] brn
|upkeep
|
|t:|1779916997
|switch|p1a: Poliwrath|Poliwrath, M|100/100
|turn|14
|
|t:|1779917000
|move|p2a: Iron Crown|Psychic|p1a: Poliwrath
|-supereffective|p1a: Poliwrath
|-damage|p1a: Poliwrath|0 fnt
|faint|p1a: Poliwrath
|
|-damage|p2a: Iron Crown|45/100 brn|[from] brn
|upkeep
|
|t:|1779917001
|switch|p1a: Trevenant|Trevenant, M|82/100
|turn|15
|
|t:|1779917005
|move|p2a: Iron Crown|Calm Mind|p2a: Iron Crown
|-boost|p2a: Iron Crown|spa|1
|-boost|p2a: Iron Crown|spd|1
|move|p1a: Trevenant|Drain Punch|p2a: Iron Crown
|-damage|p2a: Iron Crown|17/100 brn
|-heal|p1a: Trevenant|97/100|[from] drain|[of] p2a: Iron Crown
|
|-heal|p1a: Trevenant|100/100|[from] item: Leftovers
|-damage|p2a: Iron Crown|5/100 brn|[from] Leech Seed|[of] p1a: Trevenant
|-damage|p2a: Iron Crown|0 fnt|[from] brn
|faint|p2a: Iron Crown
|-end|p2a: Iron Crown|Quark Drive|[silent]
|upkeep
|
|t:|1779917017
|switch|p2a: Ogerpon|Ogerpon-Wellspring, F|100/100
|turn|16
|
|t:|1779917020
|move|p2a: Ogerpon|Taunt|p1a: Trevenant
|-start|p1a: Trevenant|move: Taunt
|cant|p1a: Trevenant|move: Taunt|Will-O-Wisp
|
|upkeep
|turn|17
|
|t:|1779917023
|move|p2a: Ogerpon|Knock Off|p1a: Trevenant
|-supereffective|p1a: Trevenant
|-damage|p1a: Trevenant|8/100
|-enditem|p1a: Trevenant|Leftovers|[from] move: Knock Off|[of] p2a: Ogerpon
|move|p1a: Trevenant|Horn Leech|p2a: Ogerpon
|-damage|p2a: Ogerpon|51/100
|-heal|p1a: Trevenant|31/100|[from] drain|[of] p2a: Ogerpon
|
|upkeep
|turn|18
|
|t:|1779917031
|move|p2a: Ogerpon|Knock Off|p1a: Trevenant
|-supereffective|p1a: Trevenant
|-damage|p1a: Trevenant|0 fnt
|faint|p1a: Trevenant
|
|upkeep
|
|t:|1779917033
|switch|p1a: Okidogi|Okidogi, M|100/100
|turn|19
|
|t:|1779917040
|move|p2a: Ogerpon|U-turn|p1a: Okidogi
|-resisted|p1a: Okidogi
|-damage|p1a: Okidogi|95/100
|
|t:|1779917055
|switch|p2a: Ting-Lu|Ting-Lu|100/100|[from] U-turn
|-ability|p2a: Ting-Lu|Vessel of Ruin
|move|p1a: Okidogi|Knock Off|p2a: Ting-Lu
|-resisted|p2a: Ting-Lu
|-damage|p2a: Ting-Lu|90/100
|-damage|p1a: Okidogi|78/100|[from] item: Rocky Helmet|[of] p2a: Ting-Lu
|-enditem|p2a: Ting-Lu|Rocky Helmet|[from] move: Knock Off|[of] p1a: Okidogi
|
|-heal|p1a: Okidogi|84/100|[from] item: Black Sludge
|upkeep
|turn|20
|
|t:|1779917064
|move|p2a: Ting-Lu|Ruination|p1a: Okidogi
|-damage|p1a: Okidogi|42/100
|move|p1a: Okidogi|Bulk Up|p1a: Okidogi
|-boost|p1a: Okidogi|atk|1
|-boost|p1a: Okidogi|def|1
|
|-heal|p1a: Okidogi|49/100|[from] item: Black Sludge
|upkeep
|turn|21
|
|t:|1779917070
|move|p2a: Ting-Lu|Ruination|p1a: Okidogi|[miss]
|-miss|p2a: Ting-Lu|p1a: Okidogi
|move|p1a: Okidogi|Drain Punch|p2a: Ting-Lu
|-supereffective|p2a: Ting-Lu
|-damage|p2a: Ting-Lu|18/100
|-heal|p1a: Okidogi|99/100|[from] drain|[of] p2a: Ting-Lu
|-status|p2a: Ting-Lu|tox|[from] ability: Toxic Chain|[of] p1a: Okidogi
|
|-heal|p1a: Okidogi|100/100|[from] item: Black Sludge
|-damage|p2a: Ting-Lu|12/100 tox|[from] psn
|upkeep
|turn|22
|
|t:|1779917077
|move|p2a: Ting-Lu|Ruination|p1a: Okidogi
|-damage|p1a: Okidogi|50/100
|move|p1a: Okidogi|Bulk Up|p1a: Okidogi
|-boost|p1a: Okidogi|atk|1
|-boost|p1a: Okidogi|def|1
|
|-heal|p1a: Okidogi|57/100|[from] item: Black Sludge
|-damage|p2a: Ting-Lu|0 fnt|[from] psn
|faint|p2a: Ting-Lu
|upkeep
|
|t:|1779917080
|switch|p2a: Gliscor|Gliscor, M|43/100 tox
|turn|23
|
|t:|1779917092
|move|p2a: Gliscor|Protect|p2a: Gliscor
|-singleturn|p2a: Gliscor|Protect
|move|p1a: Okidogi|Bulk Up|p1a: Okidogi
|-boost|p1a: Okidogi|atk|1
|-boost|p1a: Okidogi|def|1
|
|-heal|p1a: Okidogi|63/100|[from] item: Black Sludge
|-heal|p2a: Gliscor|56/100 tox|[from] ability: Poison Heal
|upkeep
|turn|24
|inactive|famillyfriendly has 120 seconds left.
|
|t:|1779917125
|move|p2a: Gliscor|Toxic|p1a: Okidogi
|-immune|p1a: Okidogi
|move|p1a: Okidogi|Knock Off|p2a: Gliscor
|-damage|p2a: Gliscor|0 fnt
|-enditem|p2a: Gliscor|Toxic Orb|[from] move: Knock Off|[of] p1a: Okidogi
|faint|p2a: Gliscor
|
|-heal|p1a: Okidogi|69/100|[from] item: Black Sludge
|upkeep
|inactive|famillyfriendly has 120 seconds left.
|-message|famillyfriendly forfeited.
|
|win|RandoNminous
|raw|RandoNminous's rating: 1125 &rarr; <strong>1154</strong><br />(+29 for winning)
|raw|famillyfriendly's rating: 1184 &rarr; <strong>1155</strong><br />(-29 for losing)
|l|☆famillyfriendly
|player|p2|
