|j|☆fivetomatoes
|j|☆75 raw men
|t:|1779808454
|gametype|singles
|player|p1|fivetomatoes|1|1765
|player|p2|75 raw men|102|1700
|gen|9
|tier|[Gen 9] OU
|rated|
|rule|HP Percentage Mod: HP is shown in percentages
|rule|Endless Battle Clause: Forcing endless battles is banned
|rule|Species Clause: Limit one of each Pokémon
|rule|OHKO Clause: OHKO moves are banned
|rule|Evasion Items Clause: Evasion items are banned
|rule|Evasion Moves Clause: Evasion moves are banned
|rule|Evasion Abilities Clause: Evasion abilities are banned
|rule|Sleep Moves Clause: Sleep-inducing moves are banned
|clearpoke
|poke|p1|Rotom-Wash|
|poke|p1|Rillaboom, M|
|poke|p1|Glimmora, M|
|poke|p1|Garganacl, F|
|poke|p1|Dragapult, M|
|poke|p1|Gholdengo|
|poke|p2|Ogerpon, F|
|poke|p2|Samurott-Hisui, F|
|poke|p2|Blissey, F|
|poke|p2|Gliscor, F|
|poke|p2|Skarmory, F|
|poke|p2|Pecharunt|
|teampreview
|inactive|Battle timer is ON: inactive players will automatically lose when time's up. (requested by 75 raw men)
|inactive|fivetomatoes also wants the timer to be on.
|
|t:|1779808461
|teamsize|p1|6
|teamsize|p2|6
|start
|switch|p1a: Rillaboom|Rillaboom, M|100/100
|switch|p2a: Gliscor|Gliscor, F|100/100
|-fieldstart|move: Grassy Terrain|[from] ability: Grassy Surge|[of] p1a: Rillaboom
|turn|1
|inactive|fivetomatoes has 120 seconds left.
|
|t:|1779808513
|move|p2a: Gliscor|Protect|p2a: Gliscor
|-singleturn|p2a: Gliscor|Protect
|move|p1a: Rillaboom|U-turn|p2a: Gliscor
|-activate|p2a: Gliscor|move: Protect
|
|-status|p2a: Gliscor|tox|[from] item: Toxic Orb
|upkeep
|turn|2
|
|t:|1779808516
|move|p2a: Gliscor|Facade|p1a: Rillaboom
|-damage|p1a: Rillaboom|73/100
|move|p1a: Rillaboom|Knock Off|p2a: Gliscor
|-damage|p2a: Gliscor|66/100 tox
|-enditem|p2a: Gliscor|Toxic Orb|[from] move: Knock Off|[of] p1a: Rillaboom
|-damage|p1a: Rillaboom|63/100|[from] item: Life Orb
|
|-heal|p1a: Rillaboom|69/100|[from] Grassy Terrain
|-heal|p2a: Gliscor|78/100 tox|[from] ability: Poison Heal
|upkeep
|turn|3
|
|t:|1779808522
|move|p2a: Gliscor|Protect|p2a: Gliscor
|-singleturn|p2a: Gliscor|Protect
|move|p1a: Rillaboom|Knock Off|p2a: Gliscor
|-activate|p2a: Gliscor|move: Protect
|
|-heal|p1a: Rillaboom|75/100|[from] Grassy Terrain
|-heal|p2a: Gliscor|91/100 tox|[from] ability: Poison Heal
|upkeep
|turn|4
|
|t:|1779808524
|move|p2a: Gliscor|Facade|p1a: Rillaboom
|-crit|p1a: Rillaboom
|-damage|p1a: Rillaboom|30/100
|move|p1a: Rillaboom|Wood Hammer|p2a: Gliscor
|-damage|p2a: Gliscor|6/100 tox
|-damage|p1a: Rillaboom|1/100|[from] Recoil
|-damage|p1a: Rillaboom|0 fnt|[from] item: Life Orb
|faint|p1a: Rillaboom
|
|-heal|p2a: Gliscor|19/100 tox|[from] ability: Poison Heal
|upkeep
|
|t:|1779808528
|switch|p1a: Dragapult|Dragapult, M|100/100
|turn|5
|
|t:|1779808531
|move|p2a: Gliscor|Protect|p2a: Gliscor
|-singleturn|p2a: Gliscor|Protect
|move|p1a: Dragapult|Substitute|p1a: Dragapult
|-start|p1a: Dragapult|Substitute
|-damage|p1a: Dragapult|76/100
|
|-heal|p1a: Dragapult|82/100|[from] Grassy Terrain
|-heal|p1a: Dragapult|88/100|[from] item: Leftovers
|-heal|p2a: Gliscor|31/100 tox|[from] ability: Poison Heal
|-fieldend|move: Grassy Terrain
|upkeep
|turn|6
|inactive|fivetomatoes has 120 seconds left.
|
|t:|1779808572
|switch|p2a: Skarmory|Skarmory, F|100/100
|move|p1a: Dragapult|Hex|p2a: Skarmory
|-damage|p2a: Skarmory|70/100
|
|-heal|p1a: Dragapult|94/100|[from] item: Leftovers
|upkeep
|turn|7
|
|t:|1779808580
|switch|p2a: Blissey|Blissey, F|100/100
|move|p1a: Dragapult|Thunder Wave|p2a: Blissey
|-status|p2a: Blissey|par
|
|-heal|p1a: Dragapult|99/100|[from] item: Leftovers
|upkeep
|turn|8
|
|t:|1779808585
|move|p1a: Dragapult|Thunder Wave|p2a: Blissey
|-fail|p2a: Blissey|par
|move|p2a: Blissey|Calm Mind|p2a: Blissey
|-boost|p2a: Blissey|spa|1
|-boost|p2a: Blissey|spd|1
|
|-heal|p1a: Dragapult|100/100|[from] item: Leftovers
|upkeep
|turn|9
|
|t:|1779808587
|move|p1a: Dragapult|Dragon Darts|p2a: Blissey
|-damage|p2a: Blissey|81/100 par
|-anim|p1a: Dragapult|Dragon Darts|p2a: Blissey
|-damage|p2a: Blissey|61/100 par
|move|p2a: Blissey|Shadow Ball|p1a: Dragapult
|-supereffective|p1a: Dragapult
|-end|p1a: Dragapult|Substitute
|
|upkeep
|turn|10
|
|t:|1779808593
|move|p1a: Dragapult|Substitute|p1a: Dragapult
|-start|p1a: Dragapult|Substitute
|-damage|p1a: Dragapult|76/100
|cant|p2a: Blissey|par
|
|-heal|p1a: Dragapult|82/100|[from] item: Leftovers
|upkeep
|turn|11
|
|t:|1779808596
|move|p1a: Dragapult|Dragon Darts|p2a: Blissey
|-damage|p2a: Blissey|40/100 par
|-anim|p1a: Dragapult|Dragon Darts|p2a: Blissey
|-damage|p2a: Blissey|17/100 par
|move|p2a: Blissey|Soft-Boiled|p2a: Blissey
|-heal|p2a: Blissey|67/100 par
|
|-heal|p1a: Dragapult|88/100|[from] item: Leftovers
|upkeep
|turn|12
|
|t:|1779808601
|-curestatus|p2a: Blissey|par|[from] ability: Natural Cure|[silent]
|switch|p2a: Skarmory|Skarmory, F|70/100
|move|p1a: Dragapult|Dragon Darts|p2a: Skarmory
|-resisted|p2a: Skarmory
|-damage|p2a: Skarmory|64/100
|-anim|p1a: Dragapult|Dragon Darts|p2a: Skarmory
|-resisted|p2a: Skarmory
|-damage|p2a: Skarmory|58/100
|
|-heal|p1a: Dragapult|94/100|[from] item: Leftovers
|upkeep
|turn|13
|
|t:|1779808604
|move|p1a: Dragapult|Thunder Wave|p2a: Skarmory
|-status|p2a: Skarmory|par
|move|p2a: Skarmory|Whirlwind|p1a: Dragapult
|drag|p1a: Gholdengo|Gholdengo|100/100
|
|upkeep
|turn|14
|
|t:|1779808614
|switch|p2a: Samurott|Samurott-Hisui, F|100/100
|move|p1a: Gholdengo|Trick|p2a: Samurott
|-activate|p1a: Gholdengo|move: Trick|[of] p2a: Samurott
|-item|p2a: Samurott|Choice Scarf|[from] move: Trick
|-item|p1a: Gholdengo|Heavy-Duty Boots|[from] move: Trick
|
|upkeep
|turn|15
|
|t:|1779808627
|switch|p1a: Garganacl|Garganacl, F|100/100
|move|p2a: Samurott|Ceaseless Edge|p1a: Garganacl
|-damage|p1a: Garganacl|77/100
|-sidestart|p1: fivetomatoes|Spikes
|
|-heal|p1a: Garganacl|83/100|[from] item: Leftovers
|upkeep
|turn|16
|
|t:|1779808629
|move|p2a: Samurott|Ceaseless Edge|p1a: Garganacl
|-damage|p1a: Garganacl|57/100
|-sidestart|p1: fivetomatoes|Spikes
|move|p1a: Garganacl|Salt Cure|p2a: Samurott
|-crit|p2a: Samurott
|-damage|p2a: Samurott|71/100
|-start|p2a: Samurott|Salt Cure
|
|-heal|p1a: Garganacl|63/100|[from] item: Leftovers
|-damage|p2a: Samurott|46/100|[from] Salt Cure
|upkeep
|turn|17
|
|t:|1779808632
|switch|p2a: Gliscor|Gliscor, F|31/100 tox
|move|p1a: Garganacl|Protect||[still]
|-fail|p1a: Garganacl
|
|-heal|p1a: Garganacl|69/100|[from] item: Leftovers
|-heal|p2a: Gliscor|44/100 tox|[from] ability: Poison Heal
|upkeep
|turn|18
|
|t:|1779808635
|move|p2a: Gliscor|Earthquake|p1a: Garganacl
|-supereffective|p1a: Garganacl
|-damage|p1a: Garganacl|33/100
|move|p1a: Garganacl|Curse|p1a: Garganacl
|-unboost|p1a: Garganacl|spe|1
|-boost|p1a: Garganacl|atk|1
|-boost|p1a: Garganacl|def|1
|
|-heal|p1a: Garganacl|39/100|[from] item: Leftovers
|-heal|p2a: Gliscor|56/100 tox|[from] ability: Poison Heal
|upkeep
|turn|19
|
|t:|1779808638
|move|p2a: Gliscor|Swords Dance|p2a: Gliscor
|-boost|p2a: Gliscor|atk|2
|move|p1a: Garganacl|Salt Cure|p2a: Gliscor
|-damage|p2a: Gliscor|40/100 tox
|-start|p2a: Gliscor|Salt Cure
|
|-heal|p1a: Garganacl|45/100|[from] item: Leftovers
|-heal|p2a: Gliscor|52/100 tox|[from] ability: Poison Heal
|-damage|p2a: Gliscor|40/100 tox|[from] Salt Cure
|upkeep
|turn|20
|
|t:|1779808640
|move|p1a: Garganacl|Protect|p1a: Garganacl
|-singleturn|p1a: Garganacl|Protect
|move|p2a: Gliscor|Earthquake|p1a: Garganacl
|-activate|p1a: Garganacl|move: Protect
|
|-heal|p1a: Garganacl|51/100|[from] item: Leftovers
|-heal|p2a: Gliscor|52/100 tox|[from] ability: Poison Heal
|-damage|p2a: Gliscor|40/100 tox|[from] Salt Cure
|upkeep
|turn|21
|
|t:|1779808646
|-terastallize|p1a: Garganacl|Dark
|move|p2a: Gliscor|Earthquake|p1a: Garganacl
|-damage|p1a: Garganacl|27/100
|move|p1a: Garganacl|Salt Cure|p2a: Gliscor
|-damage|p2a: Gliscor|22/100 tox
|
|-heal|p1a: Garganacl|33/100|[from] item: Leftovers
|-heal|p2a: Gliscor|35/100 tox|[from] ability: Poison Heal
|-damage|p2a: Gliscor|22/100 tox|[from] Salt Cure
|upkeep
|turn|22
|
|t:|1779808652
|switch|p2a: Ogerpon|Ogerpon, F|100/100
|move|p1a: Garganacl|Recover|p1a: Garganacl
|-heal|p1a: Garganacl|83/100
|
|-heal|p1a: Garganacl|89/100|[from] item: Leftovers
|upkeep
|turn|23
|
|t:|1779808654
|move|p1a: Garganacl|Protect|p1a: Garganacl
|-singleturn|p1a: Garganacl|Protect
|move|p2a: Ogerpon|Encore|p1a: Garganacl
|-activate|p1a: Garganacl|move: Protect
|
|-heal|p1a: Garganacl|96/100|[from] item: Leftovers
|upkeep
|turn|24
|
|t:|1779808665
|move|p2a: Ogerpon|Knock Off|p1a: Garganacl
|-resisted|p1a: Garganacl
|-damage|p1a: Garganacl|91/100
|-enditem|p1a: Garganacl|Leftovers|[from] move: Knock Off|[of] p2a: Ogerpon
|move|p1a: Garganacl|Salt Cure|p2a: Ogerpon
|-damage|p2a: Ogerpon|73/100
|-start|p2a: Ogerpon|Salt Cure
|
|-damage|p2a: Ogerpon|60/100|[from] Salt Cure
|upkeep
|turn|25
|
|t:|1779808669
|move|p2a: Ogerpon|U-turn|p1a: Garganacl
|-supereffective|p1a: Garganacl
|-damage|p1a: Garganacl|75/100
|
|t:|1779808676
|switch|p2a: Blissey|Blissey, F|67/100|[from] U-turn
|move|p1a: Garganacl|Salt Cure|p2a: Blissey
|-damage|p2a: Blissey|46/100
|-start|p2a: Blissey|Salt Cure
|
|-damage|p2a: Blissey|33/100|[from] Salt Cure
|upkeep
|turn|26
|
|t:|1779808679
|move|p2a: Blissey|Soft-Boiled|p2a: Blissey
|-heal|p2a: Blissey|83/100
|move|p1a: Garganacl|Curse|p1a: Garganacl
|-unboost|p1a: Garganacl|spe|1
|-boost|p1a: Garganacl|atk|1
|-boost|p1a: Garganacl|def|1
|
|-damage|p2a: Blissey|71/100|[from] Salt Cure
|upkeep
|turn|27
|
|t:|1779808686
|switch|p2a: Samurott|Samurott-Hisui, F|46/100
|move|p1a: Garganacl|Salt Cure|p2a: Samurott
|-damage|p2a: Samurott|10/100
|-start|p2a: Samurott|Salt Cure
|
|-damage|p2a: Samurott|0 fnt|[from] Salt Cure
|faint|p2a: Samurott
|upkeep
|
|t:|1779808692
|switch|p2a: Gliscor|Gliscor, F|22/100 tox
|turn|28
|
|t:|1779808695
|switch|p2a: Ogerpon|Ogerpon, F|60/100
|move|p1a: Garganacl|Salt Cure|p2a: Ogerpon
|-damage|p2a: Ogerpon|25/100
|-start|p2a: Ogerpon|Salt Cure
|
|-damage|p2a: Ogerpon|12/100|[from] Salt Cure
|upkeep
|turn|29
|
|t:|1779808701
|switch|p2a: Gliscor|Gliscor, F|22/100 tox
|move|p1a: Garganacl|Protect||[still]
|-fail|p1a: Garganacl
|
|-heal|p2a: Gliscor|35/100 tox|[from] ability: Poison Heal
|upkeep
|turn|30
|
|t:|1779808703
|move|p2a: Gliscor|Protect|p2a: Gliscor
|-singleturn|p2a: Gliscor|Protect
|move|p1a: Garganacl|Salt Cure|p2a: Gliscor
|-activate|p2a: Gliscor|move: Protect
|
|-heal|p2a: Gliscor|47/100 tox|[from] ability: Poison Heal
|upkeep
|turn|31
|
|t:|1779808707
|move|p2a: Gliscor|Swords Dance|p2a: Gliscor
|-boost|p2a: Gliscor|atk|2
|move|p1a: Garganacl|Salt Cure|p2a: Gliscor
|-damage|p2a: Gliscor|24/100 tox
|-start|p2a: Gliscor|Salt Cure
|
|-heal|p2a: Gliscor|36/100 tox|[from] ability: Poison Heal
|-damage|p2a: Gliscor|24/100 tox|[from] Salt Cure
|upkeep
|turn|32
|
|t:|1779808711
|move|p2a: Gliscor|Earthquake|p1a: Garganacl
|-damage|p1a: Garganacl|57/100
|move|p1a: Garganacl|Salt Cure|p2a: Gliscor
|-damage|p2a: Gliscor|1/100 tox
|
|-heal|p2a: Gliscor|13/100 tox|[from] ability: Poison Heal
|-damage|p2a: Gliscor|1/100 tox|[from] Salt Cure
|upkeep
|turn|33
|
|t:|1779808715
|move|p2a: Gliscor|Earthquake|p1a: Garganacl
|-damage|p1a: Garganacl|40/100
|move|p1a: Garganacl|Recover|p1a: Garganacl
|-heal|p1a: Garganacl|90/100
|
|-heal|p2a: Gliscor|13/100 tox|[from] ability: Poison Heal
|-damage|p2a: Gliscor|1/100 tox|[from] Salt Cure
|upkeep
|turn|34
|
|t:|1779808717
|move|p2a: Gliscor|Earthquake|p1a: Garganacl
|-damage|p1a: Garganacl|73/100
|move|p1a: Garganacl|Salt Cure|p2a: Gliscor
|-crit|p2a: Gliscor
|-damage|p2a: Gliscor|0 fnt
|faint|p2a: Gliscor
|
|upkeep
|
|t:|1779808725
|switch|p2a: Skarmory|Skarmory, F|58/100 par
|turn|35
|
|t:|1779808728
|move|p1a: Garganacl|Salt Cure|p2a: Skarmory
|-damage|p2a: Skarmory|40/100 par
|-start|p2a: Skarmory|Salt Cure
|move|p2a: Skarmory|Whirlwind|p1a: Garganacl
|drag|p1a: Rotom|Rotom-Wash|100/100
|
|-damage|p2a: Skarmory|15/100 par|[from] Salt Cure
|upkeep
|turn|36
|
|t:|1779808734
|switch|p2a: Blissey|Blissey, F|71/100
|move|p1a: Rotom|Volt Switch|p2a: Blissey
|-damage|p2a: Blissey|61/100
|
|t:|1779808737
|switch|p1a: Glimmora|Glimmora, M|100/100|[from] Volt Switch
|
|upkeep
|turn|37
|
|t:|1779808746
|switch|p2a: Skarmory|Skarmory, F|15/100 par
|move|p1a: Glimmora|Stealth Rock|p2a: Skarmory
|-sidestart|p2: 75 raw men|move: Stealth Rock
|
|upkeep
|turn|38
|j| ueyr76
|
|t:|1779808752
|switch|p1a: Rotom|Rotom-Wash|100/100
|move|p2a: Skarmory|Roost|p2a: Skarmory
|-heal|p2a: Skarmory|65/100 par
|-singleturn|p2a: Skarmory|move: Roost
|
|upkeep
|turn|39
|
|t:|1779808755
|switch|p2a: Blissey|Blissey, F|61/100
|move|p1a: Rotom|Volt Switch|p2a: Blissey
|-damage|p2a: Blissey|51/100
|
|t:|1779808768
|switch|p1a: Glimmora|Glimmora, M|100/100|[from] Volt Switch
|
|upkeep
|turn|40
|
|t:|1779808775
|switch|p1a: Dragapult|Dragapult, M|94/100
|-damage|p1a: Dragapult|77/100|[from] Spikes
|switch|p2a: Skarmory|Skarmory, F|65/100 par
|
|-heal|p1a: Dragapult|83/100|[from] item: Leftovers
|upkeep
|turn|41
|j| GhastlyPixie
|
|t:|1779808781
|switch|p2a: Blissey|Blissey, F|51/100
|move|p1a: Dragapult|Substitute|p1a: Dragapult
|-start|p1a: Dragapult|Substitute
|-damage|p1a: Dragapult|59/100
|
|-heal|p1a: Dragapult|65/100|[from] item: Leftovers
|upkeep
|turn|42
|
|t:|1779808785
|move|p1a: Dragapult|Dragon Darts|p2a: Blissey
|-damage|p2a: Blissey|31/100
|-anim|p1a: Dragapult|Dragon Darts|p2a: Blissey
|-damage|p2a: Blissey|8/100
|move|p2a: Blissey|Shadow Ball|p1a: Dragapult
|-supereffective|p1a: Dragapult
|-end|p1a: Dragapult|Substitute
|
|-heal|p1a: Dragapult|71/100|[from] item: Leftovers
|upkeep
|turn|43
|
|t:|1779808791
|move|p1a: Dragapult|Dragon Darts|p2a: Blissey
|-damage|p2a: Blissey|0 fnt
|faint|p2a: Blissey
|
|-heal|p1a: Dragapult|77/100|[from] item: Leftovers
|upkeep
|
|t:|1779808793
|switch|p2a: Ogerpon|Ogerpon, F|12/100
|turn|44
|l| ueyr76
|
|t:|1779808822
|switch|p1a: Gholdengo|Gholdengo|100/100
|-terastallize|p2a: Ogerpon|Grass
|detailschange|p2a: Ogerpon|Ogerpon-Teal-Tera, F, tera:Grass
|-ability|p2a: Ogerpon|Embody Aspect (Teal)|boost
|-boost|p2a: Ogerpon|spe|1
|move|p2a: Ogerpon|Knock Off|p1a: Gholdengo
|-supereffective|p1a: Gholdengo
|-damage|p1a: Gholdengo|27/100
|-enditem|p1a: Gholdengo|Heavy-Duty Boots|[from] move: Knock Off|[of] p2a: Ogerpon
|
|upkeep
|turn|45
|
|t:|1779808830
|move|p2a: Ogerpon|Knock Off|p1a: Gholdengo
|-supereffective|p1a: Gholdengo
|-damage|p1a: Gholdengo|0 fnt
|faint|p1a: Gholdengo
|
|upkeep
|
|t:|1779808832
|switch|p1a: Glimmora|Glimmora, M|100/100
|turn|46
|
|t:|1779808837
|move|p1a: Glimmora|Spiky Shield|p1a: Glimmora
|-singleturn|p1a: Glimmora|move: Protect
|move|p2a: Ogerpon|U-turn|p1a: Glimmora
|-activate|p1a: Glimmora|move: Protect
|-damage|p2a: Ogerpon|0 fnt|[from] Spiky Shield|[of] p1a: Glimmora
|faint|p2a: Ogerpon
|detailschange|p2: Ogerpon|Ogerpon, F|[silent]
|
|upkeep
|-message|75 raw men forfeited.
|
|win|fivetomatoes
|raw|fivetomatoes's rating: 1765 &rarr; <strong>1781</strong><br />(+16 for winning)
|raw|75 raw men's rating: 1700 &rarr; <strong>1684</strong><br />(-16 for losing)
|l|☆75 raw men
|player|p2|
|l|☆fivetomatoes
|player|p1|
|l| GhastlyPixie
