|j|☆pennlaineenjoyer
|j|☆siberianbrid
|t:|1779944091
|gametype|singles
|player|p1|pennlaineenjoyer|265|1139
|player|p2|siberianbrid|n|1124
|gen|9
|tier|[Gen 9] OU
|rated|
|rule|HP Percentage Mod: HP is shown in percentages
|rule|Endless Battle Clause: Forcing endless battles is banned
|rule|Species Clause: Limit one of each Pokémon
|rule|OHKO Clause: OHKO moves are banned
|rule|Evasion Items Clause: Evasion items are banned
|rule|Evasion Moves Clause: Evasion moves are banned
|rule|Evasion Abilities Clause: Evasion abilities are banned
|rule|Sleep Moves Clause: Sleep-inducing moves are banned
|clearpoke
|poke|p1|Glimmora, M|
|poke|p1|Hatterene, F|
|poke|p1|Garganacl, M|
|poke|p1|Gholdengo|
|poke|p1|Bronzong|
|poke|p1|Skeledirge, F|
|poke|p2|Walking Wake|
|poke|p2|Great Tusk|
|poke|p2|Ceruledge, F|
|poke|p2|Torkoal, M|
|poke|p2|Hatterene, F|
|poke|p2|Corviknight, M|
|teampreview
|
|t:|1779944103
|teamsize|p1|6
|teamsize|p2|6
|start
|switch|p1a: unc|Glimmora, M, shiny|100/100
|switch|p2a: Hatterene|Hatterene, F, shiny|100/100
|turn|1
|
|t:|1779944125
|switch|p1a: im slow|Gholdengo|100/100
|move|p2a: Hatterene|Psychic|p1a: im slow
|-resisted|p1a: im slow
|-damage|p1a: im slow|77/100
|
|upkeep
|turn|2
|
|t:|1779944134
|move|p1a: im slow|Nasty Plot|p1a: im slow
|-boost|p1a: im slow|spa|2
|move|p2a: Hatterene|Nuzzle|p1a: im slow
|-damage|p1a: im slow|72/100
|-status|p1a: im slow|par
|
|upkeep
|turn|3
|
|t:|1779944149
|switch|p2a: Torkoal|Torkoal, M|100/100
|-weather|SunnyDay|[from] ability: Drought|[of] p2a: Torkoal
|cant|p1a: im slow|par
|
|-weather|SunnyDay|[upkeep]
|upkeep
|turn|4
|
|t:|1779944173
|switch|p1a: fat man|Garganacl, M, shiny|100/100
|move|p2a: Torkoal|Lava Plume|p1a: fat man
|-resisted|p1a: fat man
|-damage|p1a: fat man|84/100
|
|-weather|SunnyDay|[upkeep]
|-heal|p1a: fat man|90/100|[from] item: Leftovers
|upkeep
|turn|5
|
|t:|1779944191
|move|p1a: fat man|Iron Defense|p1a: fat man
|-boost|p1a: fat man|def|2
|move|p2a: Torkoal|Earthquake|p1a: fat man
|-supereffective|p1a: fat man
|-damage|p1a: fat man|79/100
|
|-weather|SunnyDay|[upkeep]
|-heal|p1a: fat man|85/100|[from] item: Leftovers
|upkeep
|turn|6
|
|t:|1779944201
|switch|p2a: Walking Wake|Walking Wake|100/100
|-activate|p2a: Walking Wake|ability: Protosynthesis
|-start|p2a: Walking Wake|protosynthesisspe
|move|p1a: fat man|Salt Cure|p2a: Walking Wake
|-damage|p2a: Walking Wake|86/100
|-start|p2a: Walking Wake|Salt Cure
|
|-weather|SunnyDay|[upkeep]
|-heal|p1a: fat man|92/100|[from] item: Leftovers
|-damage|p2a: Walking Wake|61/100|[from] Salt Cure
|upkeep
|turn|7
|
|t:|1779944218
|switch|p1a: unc|Glimmora, M, shiny|100/100
|-terastallize|p2a: Walking Wake|Water
|move|p2a: Walking Wake|Hydro Steam|p1a: unc
|-supereffective|p1a: unc
|-enditem|p1a: unc|Focus Sash
|-damage|p1a: unc|1/100
|
|-weather|SunnyDay|[upkeep]
|-damage|p2a: Walking Wake|36/100|[from] Salt Cure
|upkeep
|turn|8
|
|t:|1779944245
|-end|p2a: Walking Wake|Protosynthesis|[silent]
|switch|p2a: Torkoal|Torkoal, M|100/100
|switch|p1a: im slow|Gholdengo|72/100 par
|
|-weather|SunnyDay|[upkeep]
|upkeep
|turn|9
|
|t:|1779944258
|move|p1a: im slow|Nasty Plot|p1a: im slow
|-boost|p1a: im slow|spa|2
|move|p2a: Torkoal|Stealth Rock|p1a: im slow
|-sidestart|p1: pennlaineenjoyer|move: Stealth Rock
|
|-weather|SunnyDay|[upkeep]
|upkeep
|turn|10
|
|t:|1779944268
|move|p1a: im slow|Shadow Ball|p2a: Torkoal
|-damage|p2a: Torkoal|0 fnt
|faint|p2a: Torkoal
|-damage|p1a: im slow|62/100 par|[from] item: Life Orb
|
|-weather|none
|upkeep
|
|t:|1779944282
|switch|p2a: Walking Wake|Walking Wake, tera:Water|36/100
|turn|11
|
|t:|1779944289
|move|p2a: Walking Wake|Flamethrower|p1a: im slow
|-supereffective|p1a: im slow
|-damage|p1a: im slow|0 fnt
|faint|p1a: im slow
|
|upkeep
|
|t:|1779944299
|switch|p1a: wife|Hatterene, F, shiny|100/100
|-damage|p1a: wife|88/100|[from] Stealth Rock
|turn|12
|
|t:|1779944310
|-end|p2a: Walking Wake|Protosynthesis|[silent]
|switch|p2a: Ceruledge|Ceruledge, F, shiny|100/100
|move|p1a: wife|Trick Room|p1a: wife
|-fieldstart|move: Trick Room|[of] p1a: wife
|
|-heal|p1a: wife|94/100|[from] item: Leftovers
|upkeep
|turn|13
|
|t:|1779944332
|switch|p1a: skibidi|Skeledirge, F, shiny|100/100
|-damage|p1a: skibidi|75/100|[from] Stealth Rock
|move|p2a: Ceruledge|Swords Dance|p2a: Ceruledge
|-boost|p2a: Ceruledge|atk|2
|
|-heal|p1a: skibidi|82/100|[from] item: Leftovers
|upkeep
|turn|14
|
|t:|1779944343
|move|p2a: Ceruledge|Shadow Sneak|p1a: skibidi
|-supereffective|p1a: skibidi
|-damage|p1a: skibidi|38/100
|-damage|p2a: Ceruledge|91/100|[from] item: Life Orb
|move|p1a: skibidi|Earthquake|p2a: Ceruledge
|-supereffective|p2a: Ceruledge
|-damage|p2a: Ceruledge|43/100
|-ability|p2a: Ceruledge|Weak Armor|boost
|-unboost|p2a: Ceruledge|def|1
|-boost|p2a: Ceruledge|spe|2
|
|-heal|p1a: skibidi|44/100|[from] item: Leftovers
|upkeep
|turn|15
|
|t:|1779944361
|move|p2a: Ceruledge|Shadow Sneak|p1a: skibidi
|-supereffective|p1a: skibidi
|-damage|p1a: skibidi|0 fnt
|faint|p1a: skibidi
|-damage|p2a: Ceruledge|33/100|[from] item: Life Orb
|
|upkeep
|inactive|Battle timer is ON: inactive players will automatically lose when time's up. (requested by siberianbrid)
|
|t:|1779944390
|switch|p1a: fat man|Garganacl, M, shiny|92/100
|-damage|p1a: fat man|79/100|[from] Stealth Rock
|turn|16
|
|t:|1779944405
|move|p2a: Ceruledge|Shadow Sneak|p1a: fat man
|-damage|p1a: fat man|67/100
|-damage|p2a: Ceruledge|23/100|[from] item: Life Orb
|move|p1a: fat man|Salt Cure|p2a: Ceruledge
|-supereffective|p2a: Ceruledge
|-damage|p2a: Ceruledge|0 fnt
|faint|p2a: Ceruledge
|
|-heal|p1a: fat man|73/100|[from] item: Leftovers
|-fieldend|move: Trick Room
|upkeep
|
|t:|1779944417
|switch|p2a: Great Tusk|Great Tusk|100/100
|turn|17
|
|t:|1779944425
|switch|p1a: peepeeman|Bronzong|100/100
|-damage|p1a: peepeeman|94/100|[from] Stealth Rock
|move|p2a: Great Tusk|Bulk Up|p2a: Great Tusk
|-boost|p2a: Great Tusk|atk|1
|-boost|p2a: Great Tusk|def|1
|
|-heal|p1a: peepeeman|100/100|[from] item: Leftovers
|upkeep
|turn|18
|
|t:|1779944445
|move|p2a: Great Tusk|Close Combat|p1a: peepeeman
|-damage|p1a: peepeeman|5/100
|-unboost|p2a: Great Tusk|def|1
|-unboost|p2a: Great Tusk|spd|1
|move|p1a: peepeeman|Iron Defense|p1a: peepeeman
|-boost|p1a: peepeeman|def|2
|
|-heal|p1a: peepeeman|11/100|[from] item: Leftovers
|upkeep
|turn|19
|
|t:|1779944463
|switch|p1a: wife|Hatterene, F, shiny|94/100
|-damage|p1a: wife|82/100|[from] Stealth Rock
|move|p2a: Great Tusk|Close Combat|p1a: wife
|-resisted|p1a: wife
|-damage|p1a: wife|54/100
|-unboost|p2a: Great Tusk|def|1
|-unboost|p2a: Great Tusk|spd|1
|
|-heal|p1a: wife|60/100|[from] item: Leftovers
|upkeep
|turn|20
|inactive|siberianbrid has 120 seconds left.
|
|t:|1779944485
|-end|p2a: Great Tusk|Protosynthesis|[silent]
|switch|p2a: Hatterene|Hatterene, F, shiny|100/100
|move|p1a: wife|Psyshock|p2a: Hatterene
|-resisted|p2a: Hatterene
|-damage|p2a: Hatterene|81/100
|-enditem|p2a: Hatterene|Eject Button
|inactive|siberianbrid has 120 seconds left.
|
|t:|1779944495
|switch|p2a: Corviknight|Corviknight, M|100/100
|
|-heal|p1a: wife|66/100|[from] item: Leftovers
|upkeep
|turn|21
|inactive|siberianbrid has 120 seconds left.
|
|t:|1779944505
|move|p2a: Corviknight|Iron Defense|p2a: Corviknight
|-boost|p2a: Corviknight|def|2
|move|p1a: wife|Trick Room|p1a: wife
|-fieldstart|move: Trick Room|[of] p1a: wife
|
|-heal|p1a: wife|72/100|[from] item: Leftovers
|upkeep
|turn|22
|inactive|siberianbrid has 120 seconds left.
|
|t:|1779944521
|switch|p1a: fat man|Garganacl, M, shiny|73/100
|-damage|p1a: fat man|60/100|[from] Stealth Rock
|move|p2a: Corviknight|Iron Defense|p2a: Corviknight
|-boost|p2a: Corviknight|def|2
|
|-heal|p1a: fat man|67/100|[from] item: Leftovers
|upkeep
|turn|23
|inactive|siberianbrid has 120 seconds left.
|
|t:|1779944532
|move|p1a: fat man|Salt Cure|p2a: Corviknight
|-damage|p2a: Corviknight|97/100
|move|p2a: Corviknight|Iron Defense|p2a: Corviknight
|-boost|p2a: Corviknight|def|2
|
|-heal|p1a: fat man|73/100|[from] item: Leftovers
|upkeep
|turn|24
|inactive|siberianbrid has 120 seconds left.
|
|t:|1779944545
|move|p1a: fat man|Iron Defense|p1a: fat man
|-boost|p1a: fat man|def|2
|move|p2a: Corviknight|Body Press|p1a: fat man
|-supereffective|p1a: fat man
|-damage|p1a: fat man|19/100
|
|-heal|p1a: fat man|25/100|[from] item: Leftovers
|upkeep
|turn|25
|
|t:|1779944554
|move|p1a: fat man|Recover|p1a: fat man
|-heal|p1a: fat man|75/100
|move|p2a: Corviknight|Body Press|p1a: fat man
|-supereffective|p1a: fat man
|-damage|p1a: fat man|20/100
|
|-heal|p1a: fat man|26/100|[from] item: Leftovers
|-fieldend|move: Trick Room
|upkeep
|turn|26
|inactive|pennlaineenjoyer has 120 seconds left.
|
|t:|1779944585
|switch|p1a: wife|Hatterene, F, shiny|72/100
|-damage|p1a: wife|59/100|[from] Stealth Rock
|move|p2a: Corviknight|Body Press|p1a: wife
|-resisted|p1a: wife
|-damage|p1a: wife|31/100
|
|-heal|p1a: wife|37/100|[from] item: Leftovers
|upkeep
|turn|27
|inactive|pennlaineenjoyer has 120 seconds left.
|
|t:|1779944601
|move|p2a: Corviknight|Body Press|p1a: wife
|-resisted|p1a: wife
|-damage|p1a: wife|10/100
|move|p1a: wife|Psyshock|p2a: Corviknight
|-resisted|p2a: Corviknight
|-damage|p2a: Corviknight|94/100
|
|-heal|p1a: wife|16/100|[from] item: Leftovers
|upkeep
|turn|28
|inactive|pennlaineenjoyer has 120 seconds left.
|
|t:|1779944611
|move|p2a: Corviknight|Body Press|p1a: wife
|-resisted|p1a: wife
|-damage|p1a: wife|0 fnt
|faint|p1a: wife
|
|upkeep
|inactive|pennlaineenjoyer has 120 seconds left.
|
|t:|1779944617
|switch|p1a: peepeeman|Bronzong|11/100
|-damage|p1a: peepeeman|5/100|[from] Stealth Rock
|turn|29
|-message|pennlaineenjoyer forfeited.
|
|win|siberianbrid
|raw|pennlaineenjoyer's rating: 1139 &rarr; <strong>1113</strong><br />(-26 for losing)
|raw|siberianbrid's rating: 1124 &rarr; <strong>1150</strong><br />(+26 for winning)
|l|☆pennlaineenjoyer
|player|p1|
|l|☆siberianbrid
|player|p2|
