|j|☆Autistickid64
|j|☆kooopooolooo
|t:|1779822053
|gametype|singles
|player|p1|Autistickid64|ethan-masters|1519
|player|p2|kooopooolooo|2|1545
|gen|9
|tier|[Gen 9] OU
|rated|
|rule|HP Percentage Mod: HP is shown in percentages
|rule|Endless Battle Clause: Forcing endless battles is banned
|rule|Species Clause: Limit one of each Pokémon
|rule|OHKO Clause: OHKO moves are banned
|rule|Evasion Items Clause: Evasion items are banned
|rule|Evasion Moves Clause: Evasion moves are banned
|rule|Evasion Abilities Clause: Evasion abilities are banned
|rule|Sleep Moves Clause: Sleep-inducing moves are banned
|clearpoke
|poke|p1|Cloyster, F|
|poke|p1|Iron Valiant|
|poke|p1|Avalugg-Hisui, F|
|poke|p1|Iron Moth|
|poke|p1|Weezing-Galar, F|
|poke|p1|Tsareena, F|
|poke|p2|Raging Bolt|
|poke|p2|Samurott-Hisui, F|
|poke|p2|Rillaboom, M|
|poke|p2|Kingambit, M|
|poke|p2|Dragonite, F|
|poke|p2|Ceruledge, F|
|teampreview
|
|t:|1779822059
|teamsize|p1|6
|teamsize|p2|6
|start
|switch|p1a: Avalugg|Avalugg-Hisui, F|100/100
|switch|p2a: Samurott|Samurott-Hisui, F|100/100
|turn|1
|
|t:|1779822067
|move|p2a: Samurott|Aqua Cutter|p1a: Avalugg
|-supereffective|p1a: Avalugg
|-damage|p1a: Avalugg|44/100
|move|p1a: Avalugg|Rapid Spin|p2a: Samurott
|-damage|p2a: Samurott|78/100
|-boost|p1a: Avalugg|spe|1
|
|upkeep
|turn|2
|
|t:|1779822076
|move|p2a: Samurott|Ceaseless Edge|p1a: Avalugg
|-crit|p1a: Avalugg
|-damage|p1a: Avalugg|0 fnt
|-sidestart|p1: Autistickid64|Spikes
|faint|p1a: Avalugg
|
|upkeep
|
|t:|1779822080
|switch|p1a: Tsareena|Tsareena, F|100/100
|-damage|p1a: Tsareena|88/100|[from] Spikes
|turn|3
|
|t:|1779822083
|move|p2a: Samurott|Ceaseless Edge|p1a: Tsareena
|-damage|p1a: Tsareena|42/100
|-sidestart|p1: Autistickid64|Spikes
|move|p1a: Tsareena|Rapid Spin|p2a: Samurott
|-damage|p2a: Samurott|54/100
|-boost|p1a: Tsareena|spe|1
|-sideend|p1: Autistickid64|Spikes|[from] move: Rapid Spin|[of] p1a: Tsareena
|
|upkeep
|turn|4
|
|t:|1779822093
|move|p2a: Samurott|Ceaseless Edge|p1a: Tsareena
|-damage|p1a: Tsareena|0 fnt
|-sidestart|p1: Autistickid64|Spikes
|faint|p1a: Tsareena
|
|upkeep
|
|t:|1779822099
|switch|p1a: Iron Valiant|Iron Valiant|100/100
|-damage|p1a: Iron Valiant|88/100|[from] Spikes
|-enditem|p1a: Iron Valiant|Booster Energy
|-activate|p1a: Iron Valiant|ability: Quark Drive|[fromitem]
|-start|p1a: Iron Valiant|quarkdrivespe
|turn|5
|
|t:|1779822103
|move|p2a: Samurott|Aqua Jet|p1a: Iron Valiant
|-damage|p1a: Iron Valiant|64/100
|move|p1a: Iron Valiant|Moonblast|p2a: Samurott
|-supereffective|p2a: Samurott
|-damage|p2a: Samurott|0 fnt
|faint|p2a: Samurott
|
|upkeep
|
|t:|1779822111
|switch|p2a: Ceruledge|Ceruledge, F|100/100
|turn|6
|
|t:|1779822115
|move|p1a: Iron Valiant|Thunderbolt|p2a: Ceruledge
|-damage|p2a: Ceruledge|63/100
|move|p2a: Ceruledge|Bitter Blade|p1a: Iron Valiant
|-damage|p1a: Iron Valiant|9/100
|-heal|p2a: Ceruledge|91/100|[from] drain|[of] p1a: Iron Valiant
|
|upkeep
|turn|7
|
|t:|1779822124
|move|p2a: Ceruledge|Shadow Sneak|p1a: Iron Valiant
|-damage|p1a: Iron Valiant|0 fnt
|faint|p1a: Iron Valiant
|-end|p1a: Iron Valiant|Quark Drive|[silent]
|
|upkeep
|
|t:|1779822136
|switch|p1a: Cloyster|Cloyster, F, shiny|100/100
|-damage|p1a: Cloyster|88/100|[from] Spikes
|turn|8
|
|t:|1779822140
|move|p2a: Ceruledge|Poltergeist|p1a: Cloyster
|-activate|p1a: Cloyster|move: Poltergeist|Focus Sash
|-damage|p1a: Cloyster|41/100
|move|p1a: Cloyster|Rock Blast|p2a: Ceruledge
|-supereffective|p2a: Ceruledge
|-damage|p2a: Ceruledge|67/100
|-ability|p2a: Ceruledge|Weak Armor|boost
|-unboost|p2a: Ceruledge|def|1
|-boost|p2a: Ceruledge|spe|2
|-supereffective|p2a: Ceruledge
|-damage|p2a: Ceruledge|32/100
|-ability|p2a: Ceruledge|Weak Armor|boost
|-unboost|p2a: Ceruledge|def|1
|-boost|p2a: Ceruledge|spe|2
|-supereffective|p2a: Ceruledge
|-damage|p2a: Ceruledge|0 fnt
|faint|p2a: Ceruledge
|-hitcount|p2: Ceruledge|3
|
|upkeep
|
|t:|1779822156
|switch|p2a: Rillaboom|Rillaboom, M|100/100
|-fieldstart|move: Grassy Terrain|[from] ability: Grassy Surge|[of] p2a: Rillaboom
|turn|9
|
|t:|1779822166
|-terastallize|p1a: Cloyster|Ghost
|move|p2a: Rillaboom|Grassy Glide|p1a: Cloyster
|-damage|p1a: Cloyster|0 fnt
|faint|p1a: Cloyster
|-damage|p2a: Rillaboom|91/100|[from] item: Life Orb
|
|-heal|p2a: Rillaboom|97/100|[from] Grassy Terrain
|upkeep
|l|☆kooopooolooo
|player|p2|
|
|t:|1779822171
|switch|p1a: Weezing|Weezing-Galar, F|100/100
|turn|10
|inactive|Battle timer is ON: inactive players will automatically lose when time's up. (requested by Autistickid64)
|inactive|kooopooolooo has 30 seconds to reconnect!
|j|☆kooopooolooo
|inactive|kooopooolooo reconnected and has 115 seconds left.
|player|p2|kooopooolooo|2|
|
|t:|1779822218
|move|p2a: Rillaboom|High Horsepower|p1a: Weezing
|-immune|p1a: Weezing|[from] ability: Levitate
|move|p1a: Weezing|Sludge Wave|p2a: Rillaboom
|-supereffective|p2a: Rillaboom
|-damage|p2a: Rillaboom|22/100
|
|-heal|p2a: Rillaboom|28/100|[from] Grassy Terrain
|upkeep
|turn|11
|
|t:|1779822227
|move|p2a: Rillaboom|Knock Off|p1a: Weezing
|-resisted|p1a: Weezing
|-damage|p1a: Weezing|85/100
|-damage|p2a: Rillaboom|12/100|[from] item: Rocky Helmet|[of] p1a: Weezing
|-enditem|p1a: Weezing|Rocky Helmet|[from] move: Knock Off|[of] p2a: Rillaboom
|-damage|p2a: Rillaboom|2/100|[from] item: Life Orb
|move|p1a: Weezing|Flamethrower|p2a: Rillaboom
|-supereffective|p2a: Rillaboom
|-damage|p2a: Rillaboom|0 fnt
|faint|p2a: Rillaboom
|
|upkeep
|inactive|kooopooolooo has 120 seconds left.
|
|t:|1779822268
|switch|p2a: Raging Bolt|Raging Bolt|100/100
|-enditem|p2a: Raging Bolt|Booster Energy
|-activate|p2a: Raging Bolt|ability: Protosynthesis|[fromitem]
|-start|p2a: Raging Bolt|protosynthesisspa
|turn|12
|
|t:|1779822276
|move|p2a: Raging Bolt|Calm Mind|p2a: Raging Bolt
|-boost|p2a: Raging Bolt|spa|1
|-boost|p2a: Raging Bolt|spd|1
|move|p1a: Weezing|Strange Steam|p2a: Raging Bolt
|-supereffective|p2a: Raging Bolt
|-damage|p2a: Raging Bolt|64/100
|-start|p2a: Raging Bolt|confusion
|
|-heal|p2a: Raging Bolt|70/100|[from] Grassy Terrain
|upkeep
|turn|13
|
|t:|1779822282
|-activate|p2a: Raging Bolt|confusion
|move|p2a: Raging Bolt|Thunderbolt|p1a: Weezing
|-damage|p1a: Weezing|0 fnt
|faint|p1a: Weezing
|
|-heal|p2a: Raging Bolt|76/100|[from] Grassy Terrain
|-fieldend|move: Grassy Terrain
|upkeep
|
|t:|1779822285
|switch|p1a: Iron Moth|Iron Moth|100/100
|-damage|p1a: Iron Moth|88/100|[from] Spikes
|-enditem|p1a: Iron Moth|Booster Energy
|-activate|p1a: Iron Moth|ability: Quark Drive|[fromitem]
|-start|p1a: Iron Moth|quarkdrivespe
|turn|14
|
|t:|1779822288
|move|p1a: Iron Moth|Sludge Wave|p2a: Raging Bolt
|-damage|p2a: Raging Bolt|48/100
|-activate|p2a: Raging Bolt|confusion
|-damage|p2a: Raging Bolt|42/100|[from] confusion
|
|upkeep
|turn|15
|
|t:|1779822292
|move|p1a: Iron Moth|Sludge Wave|p2a: Raging Bolt
|-damage|p2a: Raging Bolt|9/100
|-activate|p2a: Raging Bolt|confusion
|move|p2a: Raging Bolt|Thunderbolt|p1a: Iron Moth
|-damage|p1a: Iron Moth|0 fnt
|faint|p1a: Iron Moth
|-end|p1a: Iron Moth|Quark Drive|[silent]
|
|win|kooopooolooo
|raw|Autistickid64's rating: 1519 &rarr; <strong>1500</strong><br />(-19 for losing)
|raw|kooopooolooo's rating: 1545 &rarr; <strong>1564</strong><br />(+19 for winning)
|l|☆Autistickid64
|player|p1|
|l|☆kooopooolooo
|player|p2|
