|j|‽15534683670q
|j|☆elementalbalance
|t:|1779883968
|gametype|singles
|player|p1|15534683670q|red|1122
|player|p2|elementalbalance|ghetsis|1083
|gen|9
|tier|[Gen 9] OU
|rated|
|rule|HP Percentage Mod: HP is shown in percentages
|rule|Endless Battle Clause: Forcing endless battles is banned
|rule|Species Clause: Limit one of each Pokémon
|rule|OHKO Clause: OHKO moves are banned
|rule|Evasion Items Clause: Evasion items are banned
|rule|Evasion Moves Clause: Evasion moves are banned
|rule|Evasion Abilities Clause: Evasion abilities are banned
|rule|Sleep Moves Clause: Sleep-inducing moves are banned
|clearpoke
|poke|p1|Kingambit, M|
|poke|p1|Dragonite, F|
|poke|p1|Rillaboom, F|
|poke|p1|Incineroar, F|
|poke|p1|Greninja-*, M|
|poke|p1|Hatterene, F|
|poke|p2|Scrafty, M|
|poke|p2|Slowbro-Galar, M|
|poke|p2|Maushold-Four|
|poke|p2|Gliscor, M|
|poke|p2|Comfey, M|
|poke|p2|Clodsire, F|
|teampreview
|
|t:|1779883985
|teamsize|p1|6
|teamsize|p2|6
|start
|switch|p1a: Greninja|Greninja, M, shiny|100/100
|switch|p2a: Scrafty|Scrafty, M|100/100
|turn|1
|
|t:|1779883996
|switch|p1a: Hatterene|Hatterene, F|100/100
|move|p2a: Scrafty|High Jump Kick|p1a: Hatterene
|-resisted|p1a: Hatterene
|-damage|p1a: Hatterene|84/100
|
|upkeep
|turn|2
|
|t:|1779884003
|move|p2a: Scrafty|Crunch|p1a: Hatterene
|-damage|p1a: Hatterene|42/100
|move|p1a: Hatterene|Trick|p2a: Scrafty
|-activate|p1a: Hatterene|move: Trick|[of] p2a: Scrafty
|-item|p2a: Scrafty|Choice Scarf|[from] move: Trick
|-item|p1a: Hatterene|Focus Sash|[from] move: Trick
|
|upkeep
|turn|3
|
|t:|1779884023
|move|p2a: Scrafty|Crunch|p1a: Hatterene
|-damage|p1a: Hatterene|2/100
|move|p1a: Hatterene|Dazzling Gleam|p2a: Scrafty
|-supereffective|p2a: Scrafty
|-damage|p2a: Scrafty|0 fnt
|faint|p2a: Scrafty
|
|upkeep
|
|t:|1779884038
|switch|p2a: Gliscor|Gliscor, M|100/100
|turn|4
|
|t:|1779884043
|switch|p1a: Greninja|Greninja, M, shiny|100/100
|move|p2a: Gliscor|Knock Off|p1a: Greninja
|-resisted|p1a: Greninja
|-damage|p1a: Greninja|82/100
|-enditem|p1a: Greninja|Choice Specs|[from] move: Knock Off|[of] p2a: Gliscor
|
|-status|p2a: Gliscor|tox|[from] item: Toxic Orb
|upkeep
|turn|5
|
|t:|1779884053
|-terastallize|p2a: Gliscor|Normal
|move|p1a: Greninja|Ice Beam|p2a: Gliscor
|-start|p1a: Greninja|typechange|Ice|[from] ability: Protean
|-damage|p2a: Gliscor|61/100 tox
|move|p2a: Gliscor|Facade|p1a: Greninja
|-damage|p1a: Greninja|4/100
|
|-heal|p2a: Gliscor|74/100 tox|[from] ability: Poison Heal
|upkeep
|turn|6
|
|t:|1779884066
|switch|p1a: Hatterene|Hatterene, F|2/100
|move|p2a: Gliscor|Protect||[still]
|-fail|p2a: Gliscor
|
|-heal|p2a: Gliscor|86/100 tox|[from] ability: Poison Heal
|upkeep
|turn|7
|
|t:|1779884084
|move|p2a: Gliscor|Knock Off|p1a: Hatterene
|-damage|p1a: Hatterene|0 fnt
|-enditem|p1a: Hatterene|Focus Sash|[from] move: Knock Off|[of] p2a: Gliscor
|faint|p1a: Hatterene
|
|-heal|p2a: Gliscor|99/100 tox|[from] ability: Poison Heal
|upkeep
|inactive|Battle timer is ON: inactive players will automatically lose when time's up. (requested by elementalbalance)
|inactive|15534683670q has 120 seconds left.
|inactive|15534683670q has 90 seconds left.
|inactive|15534683670q has 60 seconds left.
|inactive|15534683670q has 30 seconds left.
|inactive|15534683670q has 20 seconds left.
|inactive|15534683670q has 15 seconds left.
|inactive|15534683670q has 10 seconds left.
|inactive|15534683670q has 5 seconds left.
|-message|15534683670q lost due to inactivity.
|
|win|elementalbalance
|raw|15534683670q's rating: 1122 &rarr; <strong>1096</strong><br />(-26 for losing)
|raw|elementalbalance's rating: 1109 &rarr; <strong>1135</strong><br />(+26 for winning)
|l|☆elementalbalance
|player|p2|
