|j|☆Volga123
|j|☆hattybatty304
|t:|1779806726
|gametype|singles
|player|p1|Volga123|cynthia|1406
|player|p2|hattybatty304|swimmerf|1368
|gen|9
|tier|[Gen 9] OU
|rated|
|rule|HP Percentage Mod: HP is shown in percentages
|rule|Endless Battle Clause: Forcing endless battles is banned
|rule|Species Clause: Limit one of each Pokémon
|rule|OHKO Clause: OHKO moves are banned
|rule|Evasion Items Clause: Evasion items are banned
|rule|Evasion Moves Clause: Evasion moves are banned
|rule|Evasion Abilities Clause: Evasion abilities are banned
|rule|Sleep Moves Clause: Sleep-inducing moves are banned
|clearpoke
|poke|p1|Clodsire, F|
|poke|p1|Cinccino, F|
|poke|p1|Milotic, M|
|poke|p1|Arcanine-Hisui, F|
|poke|p1|Houndstone, M|
|poke|p1|Lurantis, M|
|poke|p2|Hatterene, F|
|poke|p2|Meowscarada, F|
|poke|p2|Primarina, F|
|poke|p2|Cinderace, F|
|poke|p2|Pecharunt|
|poke|p2|Krookodile, F|
|teampreview
|inactive|Battle timer is ON: inactive players will automatically lose when time's up. (requested by hattybatty304)
|l|☆hattybatty304
|inactive|hattybatty304 disconnected and has a minute to reconnect!
|player|p2|
|inactive|Volga123 has 120 seconds left.
|inactive|hattybatty304 has 30 seconds to reconnect!
|j|☆hattybatty304
|inactive|hattybatty304 reconnected and has 115 seconds left.
|player|p2|hattybatty304|swimmerf|
|
|t:|1779806774
|teamsize|p1|6
|teamsize|p2|6
|start
|switch|p1a: Houndstone|Houndstone, M|100/100
|switch|p2a: doechii|Krookodile, F|100/100
|turn|1
|
|t:|1779806787
|move|p2a: doechii|Scale Shot|p1a: Houndstone
|-damage|p1a: Houndstone|95/100
|-damage|p1a: Houndstone|88/100
|-damage|p1a: Houndstone|83/100
|-damage|p1a: Houndstone|77/100
|-hitcount|p1a: Houndstone|4
|-unboost|p2a: doechii|def|1
|-boost|p2a: doechii|spe|1
|move|p1a: Houndstone|Will-O-Wisp|p2a: doechii
|-status|p2a: doechii|brn
|
|-damage|p2a: doechii|94/100 brn|[from] brn
|upkeep
|turn|2
|
|t:|1779806792
|move|p2a: doechii|Knock Off|p1a: Houndstone
|-supereffective|p1a: Houndstone
|-damage|p1a: Houndstone|59/100
|-damage|p2a: doechii|78/100 brn|[from] item: Rocky Helmet|[of] p1a: Houndstone
|-enditem|p1a: Houndstone|Rocky Helmet|[from] move: Knock Off|[of] p2a: doechii
|move|p1a: Houndstone|Body Press|p2a: doechii
|-supereffective|p2a: doechii
|-damage|p2a: doechii|0 fnt
|faint|p2a: doechii
|
|upkeep
|
|t:|1779806803
|switch|p2a: TakeYoMan|Meowscarada, F|100/100
|turn|3
|
|t:|1779806807
|move|p2a: TakeYoMan|U-turn|p1a: Houndstone
|-start|p2a: TakeYoMan|typechange|Bug|[from] ability: Protean
|-resisted|p1a: Houndstone
|-damage|p1a: Houndstone|50/100
|
|t:|1779806815
|switch|p2a: fatty|Hatterene, F|100/100|[from] U-turn
|move|p1a: Houndstone|Will-O-Wisp|p2a: fatty
|move|p2a: fatty|Will-O-Wisp|p1a: Houndstone|[from] ability: Magic Bounce
|-status|p1a: Houndstone|brn
|
|-damage|p1a: Houndstone|44/100 brn|[from] brn
|upkeep
|turn|4
|
|t:|1779806832
|switch|p1a: Clodsire|Clodsire, F|100/100
|move|p2a: fatty|Mystical Fire|p1a: Clodsire
|-damage|p1a: Clodsire|85/100
|-unboost|p1a: Clodsire|spa|1
|
|-heal|p1a: Clodsire|91/100|[from] item: Black Sludge
|upkeep
|turn|5
|
|t:|1779806837
|move|p2a: fatty|Psychic Noise|p1a: Clodsire
|-supereffective|p1a: Clodsire
|-damage|p1a: Clodsire|40/100
|-start|p1a: Clodsire|move: Heal Block
|move|p1a: Clodsire|Gunk Shot|p2a: fatty
|-supereffective|p2a: fatty
|-damage|p2a: fatty|0 fnt
|faint|p2a: fatty
|
|upkeep
|
|t:|1779806847
|switch|p2a: Rapunzil|Primarina, F, shiny|100/100
|turn|6
|
|t:|1779806852
|move|p2a: Rapunzil|Psychic|p1a: Clodsire
|-supereffective|p1a: Clodsire
|-crit|p1a: Clodsire
|-damage|p1a: Clodsire|0 fnt
|faint|p1a: Clodsire
|
|upkeep
|
|t:|1779806861
|switch|p1a: Lurantis|Lurantis, M, shiny|100/100
|turn|7
|
|t:|1779806866
|switch|p2a: mosquito|Pecharunt|100/100
|move|p1a: Lurantis|Leaf Storm|p2a: mosquito
|-resisted|p2a: mosquito
|-damage|p2a: mosquito|82/100
|-boost|p1a: Lurantis|spa|2
|
|upkeep
|turn|8
|
|t:|1779806872
|-terastallize|p1a: Lurantis|Steel
|move|p2a: mosquito|Malignant Chain|p1a: Lurantis
|-immune|p1a: Lurantis
|move|p1a: Lurantis|Leaf Storm|p2a: mosquito
|-resisted|p2a: mosquito
|-damage|p2a: mosquito|43/100
|-boost|p1a: Lurantis|spa|2
|
|upkeep
|turn|9
|
|t:|1779806876
|move|p2a: mosquito|Recover|p2a: mosquito
|-heal|p2a: mosquito|93/100
|move|p1a: Lurantis|Leaf Storm|p2a: mosquito
|-resisted|p2a: mosquito
|-damage|p2a: mosquito|37/100
|-boost|p1a: Lurantis|spa|2
|
|upkeep
|turn|10
|
|t:|1779806882
|move|p2a: mosquito|Shadow Ball|p1a: Lurantis
|-damage|p1a: Lurantis|73/100
|move|p1a: Lurantis|Leaf Storm|p2a: mosquito
|-resisted|p2a: mosquito
|-damage|p2a: mosquito|0 fnt
|faint|p2a: mosquito
|
|-heal|p1a: Lurantis|80/100|[from] item: Leftovers
|upkeep
|
|t:|1779806887
|switch|p2a: TakeYoMan|Meowscarada, F|100/100
|turn|11
|
|t:|1779806893
|move|p2a: TakeYoMan|Low Kick|p1a: Lurantis
|-start|p2a: TakeYoMan|typechange|Fighting|[from] ability: Protean
|-supereffective|p1a: Lurantis
|-damage|p1a: Lurantis|41/100
|move|p1a: Lurantis|Superpower|p2a: TakeYoMan
|-damage|p2a: TakeYoMan|58/100
|-boost|p1a: Lurantis|atk|1
|-boost|p1a: Lurantis|def|1
|
|-heal|p1a: Lurantis|47/100|[from] item: Leftovers
|upkeep
|turn|12
|
|t:|1779806900
|move|p2a: TakeYoMan|Low Kick|p1a: Lurantis
|-supereffective|p1a: Lurantis
|-damage|p1a: Lurantis|17/100
|move|p1a: Lurantis|Synthesis|p1a: Lurantis
|-heal|p1a: Lurantis|67/100
|
|-heal|p1a: Lurantis|73/100|[from] item: Leftovers
|upkeep
|turn|13
|
|t:|1779806904
|move|p2a: TakeYoMan|Low Kick|p1a: Lurantis
|-supereffective|p1a: Lurantis
|-damage|p1a: Lurantis|45/100
|move|p1a: Lurantis|Superpower|p2a: TakeYoMan
|-damage|p2a: TakeYoMan|0 fnt
|-boost|p1a: Lurantis|atk|1
|-boost|p1a: Lurantis|def|1
|faint|p2a: TakeYoMan
|
|-heal|p1a: Lurantis|51/100|[from] item: Leftovers
|upkeep
|
|t:|1779806909
|switch|p2a: Rapunzil|Primarina, F, shiny|100/100
|turn|14
|
|t:|1779806912
|move|p2a: Rapunzil|Psychic Noise|p1a: Lurantis
|-damage|p1a: Lurantis|6/100
|-start|p1a: Lurantis|move: Heal Block
|move|p1a: Lurantis|Leaf Storm|p2a: Rapunzil
|-supereffective|p2a: Rapunzil
|-damage|p2a: Rapunzil|0 fnt
|faint|p2a: Rapunzil
|
|upkeep
|
|t:|1779806917
|switch|p2a: Lm10|Cinderace, F|100/100
|turn|15
|
|t:|1779806918
|move|p2a: Lm10|Sucker Punch|p1a: Lurantis
|-start|p2a: Lm10|typechange|Dark|[from] ability: Libero
|-damage|p1a: Lurantis|0 fnt
|faint|p1a: Lurantis
|
|upkeep
|
|t:|1779806922
|switch|p1a: Houndstone|Houndstone, M|44/100 brn
|turn|16
|
|t:|1779806927
|move|p2a: Lm10|Pyro Ball|p1a: Houndstone
|-damage|p1a: Houndstone|0 fnt
|faint|p1a: Houndstone
|
|upkeep
|
|t:|1779806931
|switch|p1a: Milotic|Milotic, M|100/100
|turn|17
|
|t:|1779806938
|-terastallize|p2a: Lm10|Fire
|move|p2a: Lm10|Pyro Ball|p1a: Milotic
|-resisted|p1a: Milotic
|-damage|p1a: Milotic|55/100
|-status|p1a: Milotic|brn
|move|p1a: Milotic|Alluring Voice|p2a: Lm10
|-resisted|p2a: Lm10
|-damage|p2a: Lm10|81/100
|
|-damage|p1a: Milotic|49/100 brn|[from] brn
|upkeep
|turn|18
|
|t:|1779806943
|move|p2a: Lm10|Pyro Ball|p1a: Milotic
|-resisted|p1a: Milotic
|-damage|p1a: Milotic|8/100 brn
|move|p1a: Milotic|Scald|p2a: Lm10
|-supereffective|p2a: Lm10
|-damage|p2a: Lm10|0 fnt
|faint|p2a: Lm10
|
|win|Volga123
|raw|Volga123's rating: 1406 &rarr; <strong>1424</strong><br />(+18 for winning)
|raw|hattybatty304's rating: 1368 &rarr; <strong>1350</strong><br />(-18 for losing)
|l|☆Volga123
|player|p1|
|l|☆hattybatty304
|player|p2|
