|j|☆OUZQ Crocodile
|j|☆EliteFourAnt
|t:|1779965692
|gametype|singles
|player|p1|OUZQ Crocodile|169|1534
|player|p2|EliteFourAnt|crasherwake|1475
|gen|9
|tier|[Gen 9] OU
|rated|
|rule|HP Percentage Mod: HP is shown in percentages
|rule|Endless Battle Clause: Forcing endless battles is banned
|rule|Species Clause: Limit one of each Pokémon
|rule|OHKO Clause: OHKO moves are banned
|rule|Evasion Items Clause: Evasion items are banned
|rule|Evasion Moves Clause: Evasion moves are banned
|rule|Evasion Abilities Clause: Evasion abilities are banned
|rule|Sleep Moves Clause: Sleep-inducing moves are banned
|clearpoke
|poke|p1|Maushold|
|poke|p1|Meowscarada, F|
|poke|p1|Garganacl, F|
|poke|p1|Gliscor, M|
|poke|p1|Great Tusk|
|poke|p1|Pecharunt|
|poke|p2|Tyranitar, M|
|poke|p2|Gholdengo|
|poke|p2|Excadrill, M|
|poke|p2|Tornadus-Therian, M|
|poke|p2|Iron Valiant|
|poke|p2|Chesnaught, M|
|teampreview
|inactive|Battle timer is ON: inactive players will automatically lose when time's up. (requested by OUZQ Crocodile)
|
|t:|1779965711
|teamsize|p1|6
|teamsize|p2|6
|start
|switch|p1a: Meowscarada|Meowscarada, F|100/100
|switch|p2a: Don Cheezie|Chesnaught, M|100/100
|turn|1
|
|t:|1779965719
|switch|p1a: Pecharunt|Pecharunt|100/100
|move|p2a: Don Cheezie|Knock Off|p1a: Pecharunt
|-supereffective|p1a: Pecharunt
|-damage|p1a: Pecharunt|79/100
|-enditem|p1a: Pecharunt|Heavy-Duty Boots|[from] move: Knock Off|[of] p2a: Don Cheezie
|
|upkeep
|turn|2
|
|t:|1779965733
|switch|p2a: Freakbol|Tyranitar, M|100/100
|-weather|Sandstorm|[from] ability: Sand Stream|[of] p2a: Freakbol
|move|p1a: Pecharunt|Parting Shot|p2a: Freakbol
|-unboost|p2a: Freakbol|atk|1
|-unboost|p2a: Freakbol|spa|1
|
|t:|1779965736
|switch|p1a: Meowscarada|Meowscarada, F|100/100|[from] Parting Shot
|
|-weather|Sandstorm|[upkeep]
|-damage|p1a: Meowscarada|94/100|[from] Sandstorm
|upkeep
|turn|3
|
|t:|1779965761
|switch|p2a: Don Cheezie|Chesnaught, M|100/100
|move|p1a: Meowscarada|Low Kick|p2a: Don Cheezie
|-start|p1a: Meowscarada|typechange|Fighting|[from] ability: Protean
|-damage|p2a: Don Cheezie|78/100
|-damage|p1a: Meowscarada|78/100|[from] item: Rocky Helmet|[of] p2a: Don Cheezie
|
|-weather|Sandstorm|[upkeep]
|-damage|p1a: Meowscarada|72/100|[from] Sandstorm
|-damage|p2a: Don Cheezie|72/100|[from] Sandstorm
|upkeep
|turn|4
|
|t:|1779965768
|move|p1a: Meowscarada|Knock Off|p2a: Don Cheezie
|-resisted|p2a: Don Cheezie
|-damage|p2a: Don Cheezie|64/100
|-damage|p1a: Meowscarada|55/100|[from] item: Rocky Helmet|[of] p2a: Don Cheezie
|-enditem|p2a: Don Cheezie|Rocky Helmet|[from] move: Knock Off|[of] p1a: Meowscarada
|move|p2a: Don Cheezie|Spikes|p1a: Meowscarada
|-sidestart|p1: OUZQ Crocodile|Spikes
|
|-weather|Sandstorm|[upkeep]
|-damage|p1a: Meowscarada|49/100|[from] Sandstorm
|-damage|p2a: Don Cheezie|58/100|[from] Sandstorm
|upkeep
|turn|5
|
|t:|1779965780
|switch|p1a: Pecharunt|Pecharunt|79/100
|-damage|p1a: Pecharunt|67/100|[from] Spikes
|move|p2a: Don Cheezie|Knock Off|p1a: Pecharunt
|-supereffective|p1a: Pecharunt
|-damage|p1a: Pecharunt|52/100
|
|-weather|Sandstorm|[upkeep]
|-damage|p1a: Pecharunt|46/100|[from] Sandstorm
|-damage|p2a: Don Cheezie|52/100|[from] Sandstorm
|upkeep
|turn|6
|j| GengarAdept
|
|t:|1779965785
|switch|p2a: Freakbol|Tyranitar, M|100/100
|move|p1a: Pecharunt|Recover|p1a: Pecharunt
|-heal|p1a: Pecharunt|96/100
|
|-weather|none
|upkeep
|turn|7
|
|t:|1779965797
|switch|p1a: Great Tusk|Great Tusk|100/100
|-damage|p1a: Great Tusk|88/100|[from] Spikes
|move|p2a: Freakbol|Stealth Rock|p1a: Great Tusk
|-sidestart|p1: OUZQ Crocodile|move: Stealth Rock
|
|upkeep
|turn|8
|
|t:|1779965805
|switch|p2a: Birb|Tornadus-Therian, M|100/100
|move|p1a: Great Tusk|Headlong Rush|p2a: Birb
|-immune|p2a: Birb
|
|upkeep
|turn|9
|
|t:|1779965811
|-end|p1a: Great Tusk|Protosynthesis|[silent]
|switch|p1a: Garganacl|Garganacl, F|100/100
|-damage|p1a: Garganacl|88/100|[from] Spikes
|-damage|p1a: Garganacl|76/100|[from] Stealth Rock
|move|p2a: Birb|Knock Off|p1a: Garganacl
|-damage|p1a: Garganacl|63/100
|-enditem|p1a: Garganacl|Leftovers|[from] move: Knock Off|[of] p2a: Birb
|
|upkeep
|turn|10
|inactive|OUZQ Crocodile has 120 seconds left.
|
|t:|1779965849
|move|p2a: Birb|Taunt|p1a: Garganacl
|-start|p1a: Garganacl|move: Taunt
|move|p1a: Garganacl|Salt Cure|p2a: Birb
|-supereffective|p2a: Birb
|-damage|p2a: Birb|70/100
|-start|p2a: Birb|Salt Cure
|
|-damage|p2a: Birb|58/100|[from] Salt Cure
|upkeep
|turn|11
|
|t:|1779965853
|switch|p2a: Don Cheezie|Chesnaught, M|52/100
|move|p1a: Garganacl|Salt Cure|p2a: Don Cheezie
|-resisted|p2a: Don Cheezie
|-damage|p2a: Don Cheezie|48/100
|-start|p2a: Don Cheezie|Salt Cure
|
|-damage|p2a: Don Cheezie|36/100|[from] Salt Cure
|upkeep
|turn|12
|
|t:|1779965861
|switch|p1a: i lost to this???|Maushold|100/100
|-damage|p1a: i lost to this???|88/100|[from] Spikes
|-damage|p1a: i lost to this???|76/100|[from] Stealth Rock
|move|p2a: Don Cheezie|Synthesis|p2a: Don Cheezie
|-heal|p2a: Don Cheezie|86/100
|
|-damage|p2a: Don Cheezie|74/100|[from] Salt Cure
|upkeep
|turn|13
|
|t:|1779965866
|move|p1a: i lost to this???|Encore|p2a: Don Cheezie
|-start|p2a: Don Cheezie|Encore
|move|p2a: Don Cheezie|Synthesis|p2a: Don Cheezie
|-heal|p2a: Don Cheezie|100/100
|
|-damage|p2a: Don Cheezie|88/100|[from] Salt Cure
|upkeep
|turn|14
|
|t:|1779965870
|switch|p2a: Boldenjoe|Gholdengo|100/100
|move|p1a: i lost to this???|Tidy Up|p1a: i lost to this???
|-sideend|p1: OUZQ Crocodile|Spikes
|-sideend|p1: OUZQ Crocodile|Stealth Rock
|-activate|p1a: i lost to this???|move: Tidy Up
|-boost|p1a: i lost to this???|atk|1
|-boost|p1a: i lost to this???|spe|1
|
|upkeep
|turn|15
|inactive|OUZQ Crocodile has 120 seconds left.
|
|t:|1779965903
|switch|p1a: Gliscor|Gliscor, M|100/100
|move|p2a: Boldenjoe|Make It Rain|p1a: Gliscor
|-damage|p1a: Gliscor|24/100
|-unboost|p2a: Boldenjoe|spa|1
|
|-status|p1a: Gliscor|tox|[from] item: Toxic Orb
|upkeep
|turn|16
|
|t:|1779965909
|move|p1a: Gliscor|Protect|p1a: Gliscor
|-singleturn|p1a: Gliscor|Protect
|move|p2a: Boldenjoe|Nasty Plot|p2a: Boldenjoe
|-boost|p2a: Boldenjoe|spa|2
|
|-heal|p1a: Gliscor|37/100 tox|[from] ability: Poison Heal
|upkeep
|turn|17
|
|t:|1779965917
|move|p2a: Boldenjoe|Make It Rain|p1a: Gliscor
|-damage|p1a: Gliscor|0 fnt
|-unboost|p2a: Boldenjoe|spa|1
|faint|p1a: Gliscor
|
|upkeep
|
|t:|1779965919
|switch|p1a: Meowscarada|Meowscarada, F|49/100
|turn|18
|
|t:|1779965924
|move|p1a: Meowscarada|Knock Off|p2a: Boldenjoe
|-start|p1a: Meowscarada|typechange|Dark|[from] ability: Protean
|-supereffective|p2a: Boldenjoe
|-damage|p2a: Boldenjoe|0 fnt
|-enditem|p2a: Boldenjoe|Metal Coat|[from] move: Knock Off|[of] p1a: Meowscarada
|faint|p2a: Boldenjoe
|
|upkeep
|
|t:|1779965928
|switch|p2a: Don Cheezie|Chesnaught, M|88/100
|turn|19
|
|t:|1779965953
|switch|p1a: Pecharunt|Pecharunt|96/100
|move|p2a: Don Cheezie|Spikes|p1a: Pecharunt
|-sidestart|p1: OUZQ Crocodile|Spikes
|
|upkeep
|turn|20
|
|t:|1779965968
|switch|p2a: Freakbol|Tyranitar, M|100/100
|-weather|Sandstorm|[from] ability: Sand Stream|[of] p2a: Freakbol
|move|p1a: Pecharunt|Parting Shot|p2a: Freakbol
|-unboost|p2a: Freakbol|atk|1
|-unboost|p2a: Freakbol|spa|1
|l| GengarAdept
|
|t:|1779965981
|switch|p1a: Great Tusk|Great Tusk|88/100|[from] Parting Shot
|-damage|p1a: Great Tusk|76/100|[from] Spikes
|
|-weather|Sandstorm|[upkeep]
|upkeep
|turn|21
|
|t:|1779965991
|switch|p2a: Birb|Tornadus-Therian, M|91/100
|move|p1a: Great Tusk|Rapid Spin|p2a: Birb
|-damage|p2a: Birb|70/100
|-boost|p1a: Great Tusk|spe|1
|-sideend|p1: OUZQ Crocodile|Spikes|[from] move: Rapid Spin|[of] p1a: Great Tusk
|
|-weather|Sandstorm|[upkeep]
|-damage|p2a: Birb|64/100|[from] Sandstorm
|upkeep
|turn|22
|
|t:|1779965995
|move|p1a: Great Tusk|Ice Spinner|p2a: Birb
|-supereffective|p2a: Birb
|-damage|p2a: Birb|0 fnt
|faint|p2a: Birb
|
|-weather|Sandstorm|[upkeep]
|upkeep
|
|t:|1779965998
|switch|p2a: Don Cheezie|Chesnaught, M|88/100
|turn|23
|
|t:|1779966002
|-end|p1a: Great Tusk|Protosynthesis|[silent]
|switch|p1a: i lost to this???|Maushold|76/100
|move|p2a: Don Cheezie|Spikes|p1a: i lost to this???
|-sidestart|p1: OUZQ Crocodile|Spikes
|
|-weather|Sandstorm|[upkeep]
|-damage|p1a: i lost to this???|69/100|[from] Sandstorm
|-damage|p2a: Don Cheezie|82/100|[from] Sandstorm
|upkeep
|turn|24
|
|t:|1779966009
|-terastallize|p1a: i lost to this???|Ghost
|move|p1a: i lost to this???|Tidy Up|p1a: i lost to this???
|-sideend|p1: OUZQ Crocodile|Spikes
|-activate|p1a: i lost to this???|move: Tidy Up
|-boost|p1a: i lost to this???|atk|1
|-boost|p1a: i lost to this???|spe|1
|move|p2a: Don Cheezie|Body Press|p1a: i lost to this???
|-immune|p1a: i lost to this???
|
|-weather|none
|upkeep
|turn|25
|
|t:|1779966016
|move|p1a: i lost to this???|Encore|p2a: Don Cheezie
|-start|p2a: Don Cheezie|Encore
|move|p2a: Don Cheezie|Body Press|p1a: i lost to this???
|-immune|p1a: i lost to this???
|
|upkeep
|turn|26
|
|t:|1779966019
|switch|p2a: Freakbol|Tyranitar, M|100/100
|-weather|Sandstorm|[from] ability: Sand Stream|[of] p2a: Freakbol
|move|p1a: i lost to this???|Tidy Up|p1a: i lost to this???
|-boost|p1a: i lost to this???|atk|1
|-boost|p1a: i lost to this???|spe|1
|
|-weather|Sandstorm|[upkeep]
|-damage|p1a: i lost to this???|63/100|[from] Sandstorm
|upkeep
|turn|27
|
|t:|1779966022
|move|p1a: i lost to this???|Population Bomb|p2a: Freakbol
|-resisted|p2a: Freakbol
|-damage|p2a: Freakbol|92/100
|-resisted|p2a: Freakbol
|-damage|p2a: Freakbol|83/100
|-resisted|p2a: Freakbol
|-damage|p2a: Freakbol|75/100
|-resisted|p2a: Freakbol
|-damage|p2a: Freakbol|66/100
|-resisted|p2a: Freakbol
|-damage|p2a: Freakbol|57/100
|-resisted|p2a: Freakbol
|-damage|p2a: Freakbol|49/100
|-resisted|p2a: Freakbol
|-damage|p2a: Freakbol|40/100
|-resisted|p2a: Freakbol
|-damage|p2a: Freakbol|32/100
|-resisted|p2a: Freakbol
|-damage|p2a: Freakbol|23/100
|-resisted|p2a: Freakbol
|-damage|p2a: Freakbol|14/100
|-hitcount|p2a: Freakbol|10
|move|p2a: Freakbol|Knock Off|p1a: i lost to this???
|-supereffective|p1a: i lost to this???
|-damage|p1a: i lost to this???|0 fnt
|-enditem|p1a: i lost to this???|Wide Lens|[from] move: Knock Off|[of] p2a: Freakbol
|faint|p1a: i lost to this???
|
|-weather|Sandstorm|[upkeep]
|-heal|p2a: Freakbol|20/100|[from] item: Leftovers
|upkeep
|
|t:|1779966047
|switch|p1a: Meowscarada|Meowscarada, F|49/100
|turn|28
|
|t:|1779966049
|switch|p2a: Don Cheezie|Chesnaught, M|82/100
|move|p1a: Meowscarada|Low Kick|p2a: Don Cheezie
|-start|p1a: Meowscarada|typechange|Fighting|[from] ability: Protean
|-damage|p2a: Don Cheezie|60/100
|
|-weather|Sandstorm|[upkeep]
|-damage|p1a: Meowscarada|43/100|[from] Sandstorm
|-damage|p2a: Don Cheezie|54/100|[from] Sandstorm
|upkeep
|turn|29
|
|t:|1779966054
|move|p1a: Meowscarada|Triple Axel|p2a: Don Cheezie|[miss]
|-miss|p1a: Meowscarada|p2a: Don Cheezie
|move|p2a: Don Cheezie|Spikes|p1a: Meowscarada
|-sidestart|p1: OUZQ Crocodile|Spikes
|
|-weather|Sandstorm|[upkeep]
|-damage|p1a: Meowscarada|37/100|[from] Sandstorm
|-damage|p2a: Don Cheezie|48/100|[from] Sandstorm
|upkeep
|turn|30
|
|t:|1779966057
|move|p1a: Meowscarada|Triple Axel|p2a: Don Cheezie|[miss]
|-miss|p1a: Meowscarada|p2a: Don Cheezie
|move|p2a: Don Cheezie|Spikes|p1a: Meowscarada
|-sidestart|p1: OUZQ Crocodile|Spikes
|
|-weather|none
|upkeep
|turn|31
|
|t:|1779966063
|switch|p2a: Freakbol|Tyranitar, M|20/100
|-weather|Sandstorm|[from] ability: Sand Stream|[of] p2a: Freakbol
|move|p1a: Meowscarada|Triple Axel|p2a: Freakbol
|-damage|p2a: Freakbol|15/100
|-damage|p2a: Freakbol|6/100
|-damage|p2a: Freakbol|0 fnt
|faint|p2a: Freakbol
|-hitcount|p2: Freakbol|3
|
|-weather|Sandstorm|[upkeep]
|-damage|p1a: Meowscarada|31/100|[from] Sandstorm
|upkeep
|
|t:|1779966066
|switch|p2a: Lemmewatch|Excadrill, M|100/100
|-item|p2a: Lemmewatch|Air Balloon
|turn|32
|
|t:|1779966070
|move|p2a: Lemmewatch|Earthquake|p1a: Meowscarada
|-damage|p1a: Meowscarada|0 fnt
|faint|p1a: Meowscarada
|
|-weather|Sandstorm|[upkeep]
|upkeep
|
|t:|1779966075
|switch|p1a: Great Tusk|Great Tusk|76/100
|-damage|p1a: Great Tusk|59/100|[from] Spikes
|turn|33
|
|t:|1779966082
|-terastallize|p2a: Lemmewatch|Ground
|move|p2a: Lemmewatch|Earthquake|p1a: Great Tusk
|-damage|p1a: Great Tusk|1/100
|move|p1a: Great Tusk|Close Combat|p2a: Lemmewatch
|-damage|p2a: Lemmewatch|10/100
|-unboost|p1a: Great Tusk|def|1
|-unboost|p1a: Great Tusk|spd|1
|-enditem|p2a: Lemmewatch|Air Balloon
|
|-weather|Sandstorm|[upkeep]
|upkeep
|turn|34
|-message|OUZQ Crocodile forfeited.
|
|win|EliteFourAnt
|raw|OUZQ Crocodile's rating: 1534 &rarr; <strong>1511</strong><br />(-23 for losing)
|raw|EliteFourAnt's rating: 1475 &rarr; <strong>1498</strong><br />(+23 for winning)
|l|☆OUZQ Crocodile
|player|p1|
|c|☆EliteFourAnt|gg
|l|☆EliteFourAnt
|player|p2|
