|j|☆calvas
|j|☆Goolagola
|t:|1779875887
|gametype|singles
|player|p1|calvas|gentleman-gen4dp|1307
|player|p2|Goolagola|colress|1336
|gen|9
|tier|[Gen 9] OU
|rated|
|rule|HP Percentage Mod: HP is shown in percentages
|rule|Endless Battle Clause: Forcing endless battles is banned
|rule|Species Clause: Limit one of each Pokémon
|rule|OHKO Clause: OHKO moves are banned
|rule|Evasion Items Clause: Evasion items are banned
|rule|Evasion Moves Clause: Evasion moves are banned
|rule|Evasion Abilities Clause: Evasion abilities are banned
|rule|Sleep Moves Clause: Sleep-inducing moves are banned
|clearpoke
|poke|p1|Dragapult, F|
|poke|p1|Great Tusk|
|poke|p1|Landorus-Therian, M|
|poke|p1|Enamorus, F|
|poke|p1|Ogerpon-Wellspring, F|
|poke|p1|Zamazenta-*|
|poke|p2|Delphox, F|
|poke|p2|Indeedee, M|
|poke|p2|Araquanid, F|
|poke|p2|Torkoal, F|
|poke|p2|Lilligant-Hisui, F|
|poke|p2|Rotom-Wash|
|teampreview
|inactive|Battle timer is ON: inactive players will automatically lose when time's up. (requested by Goolagola)
|inactive|calvas also wants the timer to be on.
|
|t:|1779875902
|teamsize|p1|6
|teamsize|p2|6
|start
|switch|p1a: Landorus|Landorus-Therian, M|100/100
|switch|p2a: Rotom|Rotom-Wash|100/100
|-ability|p1a: Landorus|Intimidate|boost
|-unboost|p2a: Rotom|atk|1
|turn|1
|
|t:|1779875909
|move|p1a: Landorus|Stealth Rock|p2a: Rotom
|-sidestart|p2: Goolagola|move: Stealth Rock
|move|p2a: Rotom|Volt Switch|p1a: Landorus
|-immune|p1a: Landorus
|
|upkeep
|turn|2
|c|☆calvas|?????
|
|t:|1779875926
|switch|p1a: Ogerpon|Ogerpon-Wellspring, F|100/100
|move|p2a: Rotom|Thunder Wave|p1a: Ogerpon
|-status|p1a: Ogerpon|par
|
|upkeep
|turn|3
|
|t:|1779875932
|move|p2a: Rotom|Volt Switch|p1a: Ogerpon
|-damage|p1a: Ogerpon|69/100 par
|
|t:|1779875947
|switch|p2a: Torkoal|Torkoal, F|100/100|[from] Volt Switch
|-damage|p2a: Torkoal|76/100|[from] Stealth Rock
|-weather|SunnyDay|[from] ability: Drought|[of] p2a: Torkoal
|move|p1a: Ogerpon|Knock Off|p2a: Torkoal
|-damage|p2a: Torkoal|49/100
|-enditem|p2a: Torkoal|Assault Vest|[from] move: Knock Off|[of] p1a: Ogerpon
|
|-weather|SunnyDay|[upkeep]
|upkeep
|turn|4
|
|t:|1779875955
|cant|p1a: Ogerpon|par
|move|p2a: Torkoal|Rapid Spin|p1a: Ogerpon
|-damage|p1a: Ogerpon|57/100 par
|-boost|p2a: Torkoal|spe|1
|-sideend|p2: Goolagola|Stealth Rock|[from] move: Rapid Spin|[of] p2a: Torkoal
|
|-weather|SunnyDay|[upkeep]
|upkeep
|turn|5
|
|t:|1779875958
|cant|p1a: Ogerpon|par
|move|p2a: Torkoal|Lava Plume|p1a: Ogerpon
|-damage|p1a: Ogerpon|17/100 par
|
|-weather|SunnyDay|[upkeep]
|upkeep
|turn|6
|
|t:|1779875965
|switch|p2a: Lilligant|Lilligant-Hisui, F|100/100
|move|p1a: Ogerpon|Knock Off|p2a: Lilligant
|-resisted|p2a: Lilligant
|-damage|p2a: Lilligant|70/100
|-enditem|p2a: Lilligant|Lum Berry|[from] move: Knock Off|[of] p1a: Ogerpon
|
|-weather|SunnyDay|[upkeep]
|upkeep
|turn|7
|
|t:|1779875974
|move|p2a: Lilligant|Swords Dance|p2a: Lilligant
|-boost|p2a: Lilligant|atk|2
|move|p1a: Ogerpon|Play Rough|p2a: Lilligant
|-supereffective|p2a: Lilligant
|-damage|p2a: Lilligant|0 fnt
|faint|p2a: Lilligant
|
|-weather|none
|upkeep
|
|t:|1779875981
|switch|p2a: Araquanid|Araquanid, F|100/100
|turn|8
|
|t:|1779875982
|move|p1a: Ogerpon|Knock Off|p2a: Araquanid
|-damage|p2a: Araquanid|58/100
|-enditem|p2a: Araquanid|Mystic Water|[from] move: Knock Off|[of] p1a: Ogerpon
|move|p2a: Araquanid|Sticky Web|p1a: Ogerpon
|-sidestart|p1: calvas|move: Sticky Web
|
|upkeep
|turn|9
|
|t:|1779876007
|move|p1a: Ogerpon|Wood Hammer|p2a: Araquanid
|-damage|p2a: Araquanid|0 fnt
|faint|p2a: Araquanid
|-damage|p1a: Ogerpon|0 fnt|[from] Recoil
|faint|p1a: Ogerpon
|
|upkeep
|
|t:|1779876010
|switch|p1a: Les Chicots|Great Tusk|100/100
|switch|p2a: Indeedee|Indeedee, M|100/100
|-activate|p1a: Les Chicots|move: Sticky Web
|-unboost|p1a: Les Chicots|spe|1
|-fieldstart|move: Psychic Terrain|[from] ability: Psychic Surge|[of] p2a: Indeedee
|-enditem|p1a: Les Chicots|Booster Energy
|-activate|p1a: Les Chicots|ability: Protosynthesis|[fromitem]
|-start|p1a: Les Chicots|protosynthesisatk
|turn|10
|
|t:|1779876017
|-terastallize|p1a: Les Chicots|Steel
|move|p2a: Indeedee|Expanding Force|p1a: Les Chicots
|-resisted|p1a: Les Chicots
|-damage|p1a: Les Chicots|56/100
|move|p1a: Les Chicots|Rapid Spin|p2a: Indeedee
|-damage|p2a: Indeedee|76/100
|-boost|p1a: Les Chicots|spe|1
|-sideend|p1: calvas|Sticky Web|[from] move: Rapid Spin|[of] p1a: Les Chicots
|
|upkeep
|turn|11
|
|t:|1779876028
|move|p1a: Les Chicots|Close Combat|p2a: Indeedee
|-damage|p2a: Indeedee|0 fnt
|-unboost|p1a: Les Chicots|def|1
|-unboost|p1a: Les Chicots|spd|1
|faint|p2a: Indeedee
|
|upkeep
|
|t:|1779876032
|switch|p2a: Delphox|Delphox, F, shiny|100/100
|turn|12
|
|t:|1779876037
|move|p2a: Delphox|Nasty Plot|p2a: Delphox
|-boost|p2a: Delphox|spa|2
|move|p1a: Les Chicots|Close Combat|p2a: Delphox
|-resisted|p2a: Delphox
|-damage|p2a: Delphox|41/100
|-unboost|p1a: Les Chicots|def|1
|-unboost|p1a: Les Chicots|spd|1
|
|upkeep
|turn|13
|
|t:|1779876047
|move|p2a: Delphox|Flamethrower|p1a: Les Chicots
|-supereffective|p1a: Les Chicots
|-damage|p1a: Les Chicots|0 fnt
|faint|p1a: Les Chicots
|-end|p1a: Les Chicots|Protosynthesis|[silent]
|-damage|p2a: Delphox|31/100|[from] item: Life Orb
|
|upkeep
|
|t:|1779876050
|switch|p1a: Enamorus|Enamorus, F|100/100
|turn|14
|
|t:|1779876065
|move|p1a: Enamorus|Earth Power|p2a: Delphox
|-supereffective|p2a: Delphox
|-damage|p2a: Delphox|0 fnt
|faint|p2a: Delphox
|
|upkeep
|-message|Goolagola forfeited.
|
|win|calvas
|raw|calvas's rating: 1307 &rarr; <strong>1329</strong><br />(+22 for winning)
|raw|Goolagola's rating: 1336 &rarr; <strong>1314</strong><br />(-22 for losing)
|l|☆Goolagola
|player|p2|
|l|☆calvas
|player|p1|
