|j|☆Gimmicksquad
|j|☆amiruae
|t:|1779816748
|gametype|singles
|player|p1|Gimmicksquad|2|1414
|player|p2|amiruae|acetrainercouple|1464
|gen|9
|tier|[Gen 9] OU
|rated|
|rule|HP Percentage Mod: HP is shown in percentages
|rule|Endless Battle Clause: Forcing endless battles is banned
|rule|Species Clause: Limit one of each Pokémon
|rule|OHKO Clause: OHKO moves are banned
|rule|Evasion Items Clause: Evasion items are banned
|rule|Evasion Moves Clause: Evasion moves are banned
|rule|Evasion Abilities Clause: Evasion abilities are banned
|rule|Sleep Moves Clause: Sleep-inducing moves are banned
|clearpoke
|poke|p1|Donphan, L6, M|
|poke|p1|Lapras, F|
|poke|p1|Ditto|
|poke|p1|Cloyster, F|
|poke|p1|Zamazenta-*|
|poke|p1|Smeargle, F|
|poke|p2|Moltres-Galar|
|poke|p2|Arcanine-Hisui, M|
|poke|p2|Volcanion|
|poke|p2|Latias, F|
|poke|p2|Scizor, M|
|poke|p2|Krookodile, M|
|teampreview
|inactive|Battle timer is ON: inactive players will automatically lose when time's up. (requested by amiruae)
|
|t:|1779816773
|teamsize|p1|6
|teamsize|p2|6
|start
|switch|p1a: Donphan|Donphan, L6, M|100/100
|switch|p2a: Scizor|Scizor, M|100/100
|turn|1
|
|t:|1779816783
|move|p2a: Scizor|Swords Dance|p2a: Scizor
|-boost|p2a: Scizor|atk|2
|move|p1a: Donphan|Endeavor|p2a: Scizor
|-damage|p2a: Scizor|9/100
|-enditem|p2a: Scizor|Sitrus Berry|[eat]
|-heal|p2a: Scizor|34/100|[from] item: Sitrus Berry
|
|upkeep
|turn|2
|
|t:|1779816792
|switch|p1a: Lapras|Lapras, F|100/100
|move|p2a: Scizor|Dual Wingbeat|p1a: Lapras
|-damage|p1a: Lapras|67/100
|-damage|p1a: Lapras|34/100
|-hitcount|p1a: Lapras|2
|
|upkeep
|turn|3
|
|t:|1779816800
|move|p2a: Scizor|Bullet Punch|p1a: Lapras
|-damage|p1a: Lapras|0 fnt
|faint|p1a: Lapras
|
|upkeep
|
|t:|1779816802
|switch|p1a: Ditto|Ditto|100/100
|-transform|p1a: Ditto|p2a: Scizor|[from] ability: Imposter
|turn|4
|
|t:|1779816819
|move|p1a: Ditto|Bullet Punch|p2a: Scizor
|-resisted|p2a: Scizor
|-damage|p2a: Scizor|0 fnt
|faint|p2a: Scizor
|
|upkeep
|
|t:|1779816825
|switch|p2a: Volcanion|Volcanion|100/100
|turn|5
|inactive|Gimmicksquad has 120 seconds left.
|
|t:|1779816865
|move|p2a: Volcanion|Flamethrower|p1a: Ditto
|-supereffective|p1a: Ditto
|-enditem|p1a: Ditto|Focus Sash
|-damage|p1a: Ditto|1/100
|move|p1a: Ditto|Dual Wingbeat|p2a: Volcanion
|-damage|p2a: Volcanion|61/100
|-damage|p2a: Volcanion|25/100
|-hitcount|p2a: Volcanion|2
|
|upkeep
|turn|6
|inactive|Gimmicksquad has 120 seconds left.
|
|t:|1779816878
|move|p1a: Ditto|Bullet Punch|p2a: Volcanion
|-resisted|p2a: Volcanion
|-damage|p2a: Volcanion|11/100
|move|p2a: Volcanion|Flamethrower|p1a: Ditto
|-supereffective|p1a: Ditto
|-damage|p1a: Ditto|0 fnt
|faint|p1a: Ditto
|
|upkeep
|
|t:|1779816897
|switch|p1a: Zamazenta|Zamazenta, shiny|100/100
|-ability|p1a: Zamazenta|Dauntless Shield|boost
|-boost|p1a: Zamazenta|def|1
|turn|7
|
|t:|1779816900
|move|p1a: Zamazenta|Body Press|p2a: Volcanion
|-damage|p2a: Volcanion|0 fnt
|faint|p2a: Volcanion
|
|upkeep
|
|t:|1779816905
|switch|p2a: Latias|Latias, F|100/100
|turn|8
|
|t:|1779816915
|move|p1a: Zamazenta|Crunch|p2a: Latias
|-supereffective|p2a: Latias
|-damage|p2a: Latias|60/100
|-enditem|p2a: Latias|Weakness Policy
|-boost|p2a: Latias|atk|2|[from] item: Weakness Policy
|-boost|p2a: Latias|spa|2|[from] item: Weakness Policy
|move|p2a: Latias|Agility|p2a: Latias
|-boost|p2a: Latias|spe|2
|
|upkeep
|turn|9
|
|t:|1779816926
|switch|p1a: Smeargle|Smeargle, F|100/100
|move|p2a: Latias|Stored Power|p1a: Smeargle
|-damage|p1a: Smeargle|0 fnt
|faint|p1a: Smeargle
|
|upkeep
|
|t:|1779816928
|switch|p1a: Donphan|Donphan, L6, M|100/100
|turn|10
|
|t:|1779816935
|move|p2a: Latias|Stored Power|p1a: Donphan
|-ability|p1a: Donphan|Sturdy
|-damage|p1a: Donphan|4/100
|move|p1a: Donphan|Endeavor|p2a: Latias
|-damage|p2a: Latias|1/100
|-heal|p1a: Donphan|100/100|[from] item: Shell Bell|[of] p2a: Latias
|
|upkeep
|turn|11
|
|t:|1779816953
|move|p1a: Donphan|Ice Shard|p2a: Latias
|-supereffective|p2a: Latias
|-crit|p2a: Latias
|-damage|p2a: Latias|0 fnt
|faint|p2a: Latias
|
|upkeep
|
|t:|1779816957
|switch|p2a: Arcanine|Arcanine-Hisui, M|100/100
|turn|12
|
|t:|1779816971
|move|p2a: Arcanine|Flare Blitz|p1a: Donphan
|-ability|p1a: Donphan|Sturdy
|-damage|p1a: Donphan|4/100
|-damage|p2a: Arcanine|91/100|[from] item: Life Orb
|move|p1a: Donphan|Endeavor|p2a: Arcanine
|-damage|p2a: Arcanine|1/100
|-heal|p1a: Donphan|100/100|[from] item: Shell Bell|[of] p2a: Arcanine
|
|upkeep
|turn|13
|
|t:|1779816992
|switch|p2a: Krookodile|Krookodile, M|100/100
|-ability|p2a: Krookodile|Intimidate|boost
|-unboost|p1a: Donphan|atk|1
|switch|p1a: Zamazenta|Zamazenta, shiny|100/100
|
|upkeep
|turn|14
|
|t:|1779817007
|move|p1a: Zamazenta|Iron Defense|p1a: Zamazenta
|-boost|p1a: Zamazenta|def|2
|move|p2a: Krookodile|Dragon Tail|p1a: Zamazenta
|-damage|p1a: Zamazenta|91/100
|drag|p1a: Cloyster|Cloyster, F|100/100
|
|upkeep
|turn|15
|
|t:|1779817016
|move|p1a: Cloyster|Icicle Spear|p2a: Krookodile
|-supereffective|p2a: Krookodile
|-damage|p2a: Krookodile|79/100
|-supereffective|p2a: Krookodile
|-damage|p2a: Krookodile|54/100
|-supereffective|p2a: Krookodile
|-damage|p2a: Krookodile|30/100
|-supereffective|p2a: Krookodile
|-damage|p2a: Krookodile|7/100
|-supereffective|p2a: Krookodile
|-damage|p2a: Krookodile|0 fnt
|faint|p2a: Krookodile
|-hitcount|p2: Krookodile|5
|
|upkeep
|
|t:|1779817027
|switch|p2a: Arcanine|Arcanine-Hisui, M|1/100
|turn|16
|
|t:|1779817030
|switch|p1a: Zamazenta|Zamazenta, shiny|91/100
|move|p2a: Arcanine|Head Smash|p1a: Zamazenta
|-resisted|p1a: Zamazenta
|-damage|p1a: Zamazenta|49/100
|-damage|p2a: Arcanine|0 fnt|[from] item: Life Orb
|faint|p2a: Arcanine
|
|upkeep
|
|t:|1779817033
|switch|p2a: Moltres|Moltres-Galar|100/100
|turn|17
|
|t:|1779817049
|move|p1a: Zamazenta|Iron Defense|p1a: Zamazenta
|-boost|p1a: Zamazenta|def|2
|move|p2a: Moltres|Agility|p2a: Moltres
|-boost|p2a: Moltres|spe|2
|
|upkeep
|turn|18
|
|t:|1779817052
|move|p2a: Moltres|Hurricane|p1a: Zamazenta|[miss]
|-miss|p2a: Moltres|p1a: Zamazenta
|move|p1a: Zamazenta|Iron Defense|p1a: Zamazenta
|-boost|p1a: Zamazenta|def|2
|
|upkeep
|turn|19
|
|t:|1779817057
|-terastallize|p1a: Zamazenta|Fire
|move|p2a: Moltres|Hurricane|p1a: Zamazenta
|-damage|p1a: Zamazenta|0 fnt
|faint|p1a: Zamazenta
|
|upkeep
|
|t:|1779817064
|switch|p1a: Donphan|Donphan, L6, M|100/100
|turn|20
|
|t:|1779817066
|move|p2a: Moltres|Fiery Wrath|p1a: Donphan
|-ability|p1a: Donphan|Sturdy
|-damage|p1a: Donphan|4/100
|move|p1a: Donphan|Endeavor|p2a: Moltres
|-damage|p2a: Moltres|1/100
|-ability|p2a: Moltres|Berserk|boost
|-boost|p2a: Moltres|spa|1
|-heal|p1a: Donphan|100/100|[from] item: Shell Bell|[of] p2a: Moltres
|-enditem|p2a: Moltres|Sitrus Berry|[eat]
|-heal|p2a: Moltres|26/100|[from] item: Sitrus Berry
|
|upkeep
|turn|21
|
|t:|1779817073
|move|p2a: Moltres|Fiery Wrath|p1a: Donphan
|-ability|p1a: Donphan|Sturdy
|-damage|p1a: Donphan|4/100
|move|p1a: Donphan|Endeavor|p2a: Moltres
|-damage|p2a: Moltres|1/100
|-heal|p1a: Donphan|47/100|[from] item: Shell Bell|[of] p2a: Moltres
|
|upkeep
|turn|22
|
|t:|1779817077
|move|p1a: Donphan|Ice Shard|p2a: Moltres
|-supereffective|p2a: Moltres
|-damage|p2a: Moltres|0 fnt
|faint|p2a: Moltres
|-heal|p1a: Donphan|50/100|[from] item: Shell Bell|[of] p2: Moltres
|
|win|Gimmicksquad
|raw|Gimmicksquad's rating: 1414 &rarr; <strong>1437</strong><br />(+23 for winning)
|raw|amiruae's rating: 1464 &rarr; <strong>1441</strong><br />(-23 for losing)
|l|☆amiruae
|player|p2|
|l|☆Gimmicksquad
|player|p1|
