|j|☆some lime pls
|j|☆superchompman
|t:|1779833617
|gametype|singles
|player|p1|some lime pls|cogita|1400
|player|p2|superchompman|102|1327
|gen|9
|tier|[Gen 9] OU
|rated|
|rule|HP Percentage Mod: HP is shown in percentages
|rule|Endless Battle Clause: Forcing endless battles is banned
|rule|Species Clause: Limit one of each Pokémon
|rule|OHKO Clause: OHKO moves are banned
|rule|Evasion Items Clause: Evasion items are banned
|rule|Evasion Moves Clause: Evasion moves are banned
|rule|Evasion Abilities Clause: Evasion abilities are banned
|rule|Sleep Moves Clause: Sleep-inducing moves are banned
|clearpoke
|poke|p1|Slowking-Galar, F|
|poke|p1|Samurott-Hisui, M|
|poke|p1|Corviknight, M|
|poke|p1|Raging Bolt|
|poke|p1|Iron Valiant|
|poke|p1|Alomomola, F|
|poke|p2|Garchomp, F|
|poke|p2|Umbreon, F|
|poke|p2|Iron Treads|
|poke|p2|Keldeo|
|poke|p2|Ogerpon, F|
|poke|p2|Slowking-Galar, M|
|teampreview
|inactive|Battle timer is ON: inactive players will automatically lose when time's up. (requested by some lime pls)
|
|t:|1779833631
|teamsize|p1|6
|teamsize|p2|6
|start
|switch|p1a: tink TWICE|Corviknight, M, shiny|100/100
|switch|p2a: Ogerpon|Ogerpon, F|100/100
|turn|1
|
|t:|1779833638
|switch|p2a: Garchomp|Garchomp, F|100/100
|move|p1a: tink TWICE|U-turn|p2a: Garchomp
|-damage|p2a: Garchomp|90/100
|-damage|p1a: tink TWICE|88/100|[from] ability: Rough Skin|[of] p2a: Garchomp
|-damage|p1a: tink TWICE|72/100|[from] item: Rocky Helmet|[of] p2a: Garchomp
|
|t:|1779833645
|switch|p1a: They/Them|Iron Valiant, shiny|100/100|[from] U-turn
|-enditem|p1a: They/Them|Booster Energy
|-activate|p1a: They/Them|ability: Quark Drive|[fromitem]
|-start|p1a: They/Them|quarkdrivespe
|
|upkeep
|turn|2
|
|t:|1779833652
|-end|p1a: They/Them|Quark Drive|[silent]
|switch|p1a: Ceaselessly Edging|Samurott-Hisui, M, shiny|100/100
|switch|p2a: Slowking|Slowking-Galar, M|100/100
|
|upkeep
|turn|3
|
|t:|1779833659
|move|p1a: Ceaselessly Edging|Sacred Sword|p2a: Slowking
|-resisted|p2a: Slowking
|-damage|p2a: Slowking|88/100
|-prepare|p2a: Slowking|Chilly Reception|[premajor]
|move|p2a: Slowking|Chilly Reception|p2a: Slowking
|-weather|Snowscape
|
|t:|1779833671
|switch|p2a: Keldeo|Keldeo|100/100|[from] Chilly Reception
|
|-weather|Snowscape|[upkeep]
|upkeep
|turn|4
|
|t:|1779833681
|switch|p1a: Margot Robbie|Alomomola, F|100/100
|move|p2a: Keldeo|Aura Sphere|p1a: Margot Robbie
|-damage|p1a: Margot Robbie|20/100
|
|-weather|Snowscape|[upkeep]
|upkeep
|turn|5
|
|t:|1779833689
|switch|p1a: head game 100|Slowking-Galar, F|100/100
|move|p2a: Keldeo|Aura Sphere|p1a: head game 100
|-resisted|p1a: head game 100
|-damage|p1a: head game 100|89/100
|
|-weather|Snowscape|[upkeep]
|upkeep
|turn|6
|
|t:|1779833701
|switch|p2a: Garchomp|Garchomp, F|90/100
|move|p1a: head game 100|Thunder Wave|p2a: Garchomp
|-immune|p2a: Garchomp
|
|-weather|Snowscape|[upkeep]
|upkeep
|turn|7
|
|t:|1779833709
|switch|p1a: tink TWICE|Corviknight, M, shiny|72/100
|move|p2a: Garchomp|Stealth Rock|p1a: tink TWICE
|-sidestart|p1: some lime pls|move: Stealth Rock
|
|-weather|none
|upkeep
|turn|8
|
|t:|1779833717
|switch|p2a: Keldeo|Keldeo|100/100
|move|p1a: tink TWICE|Defog|p2a: Keldeo
|-unboost|p2a: Keldeo|evasion|1
|-sideend|p1: some lime pls|Stealth Rock|[from] move: Defog|[of] p1a: tink TWICE
|
|upkeep
|turn|9
|
|t:|1779833727
|switch|p1a: head game 100|Slowking-Galar, F|100/100
|-terastallize|p2a: Keldeo|Water
|move|p2a: Keldeo|Surf|p1a: head game 100
|-damage|p1a: head game 100|23/100
|
|upkeep
|turn|10
|
|t:|1779833735
|move|p2a: Keldeo|Surf|p1a: head game 100
|-damage|p1a: head game 100|0 fnt
|faint|p1a: head game 100
|
|upkeep
|
|t:|1779833737
|switch|p1a: Raging Neck|Raging Bolt|100/100
|-enditem|p1a: Raging Neck|Booster Energy
|-activate|p1a: Raging Neck|ability: Protosynthesis|[fromitem]
|-start|p1a: Raging Neck|protosynthesisspa
|turn|11
|
|t:|1779833746
|switch|p2a: Iron Treads|Iron Treads|100/100
|-item|p2a: Iron Treads|Air Balloon
|-end|p1a: Raging Neck|Protosynthesis|[silent]
|switch|p1a: Margot Robbie|Alomomola, F|53/100
|
|upkeep
|turn|12
|
|t:|1779833759
|move|p2a: Iron Treads|Knock Off|p1a: Margot Robbie
|-damage|p1a: Margot Robbie|38/100
|-damage|p2a: Iron Treads|84/100|[from] item: Rocky Helmet|[of] p1a: Margot Robbie
|-enditem|p1a: Margot Robbie|Rocky Helmet|[from] move: Knock Off|[of] p2a: Iron Treads
|move|p1a: Margot Robbie|Flip Turn|p2a: Iron Treads
|-supereffective|p2a: Iron Treads
|-damage|p2a: Iron Treads|52/100
|-enditem|p2a: Iron Treads|Air Balloon
|
|t:|1779833764
|switch|p1a: Ceaselessly Edging|Samurott-Hisui, M, shiny|100/100|[from] Flip Turn
|
|upkeep
|turn|13
|
|t:|1779833775
|-end|p2a: Iron Treads|Quark Drive|[silent]
|switch|p2a: Umbreon|Umbreon, F|100/100
|move|p1a: Ceaselessly Edging|Aqua Cutter|p2a: Umbreon
|-crit|p2a: Umbreon
|-damage|p2a: Umbreon|35/100
|
|-heal|p2a: Umbreon|41/100|[from] item: Leftovers
|upkeep
|turn|14
|
|t:|1779833785
|move|p1a: Ceaselessly Edging|Aqua Cutter|p2a: Umbreon
|-damage|p2a: Umbreon|1/100
|move|p2a: Umbreon|Wish|p2a: Umbreon
|
|-heal|p2a: Umbreon|7/100|[from] item: Leftovers
|upkeep
|turn|15
|
|t:|1779833798
|switch|p2a: Garchomp|Garchomp, F|90/100
|move|p1a: Ceaselessly Edging|Aqua Cutter|p2a: Garchomp
|-damage|p2a: Garchomp|43/100
|
|-heal|p2a: Garchomp|91/100|[from] move: Wish|[wisher] Umbreon
|upkeep
|turn|16
|
|t:|1779833810
|move|p1a: Ceaselessly Edging|Aqua Cutter|p2a: Garchomp
|-damage|p2a: Garchomp|42/100
|move|p2a: Garchomp|Stealth Rock|p1a: Ceaselessly Edging
|-sidestart|p1: some lime pls|move: Stealth Rock
|
|upkeep
|turn|17
|
|t:|1779833819
|move|p1a: Ceaselessly Edging|Aqua Cutter|p2a: Garchomp
|-damage|p2a: Garchomp|0 fnt
|faint|p2a: Garchomp
|
|upkeep
|
|t:|1779833824
|switch|p2a: Keldeo|Keldeo, tera:Water|100/100
|turn|18
|
|t:|1779833829
|-terastallize|p1a: Ceaselessly Edging|Ghost
|move|p2a: Keldeo|Aura Sphere|p1a: Ceaselessly Edging
|-immune|p1a: Ceaselessly Edging
|move|p1a: Ceaselessly Edging|Aqua Cutter|p2a: Keldeo
|-resisted|p2a: Keldeo
|-damage|p2a: Keldeo|58/100
|
|upkeep
|turn|19
|
|t:|1779833840
|switch|p2a: Slowking|Slowking-Galar, M|100/100
|move|p1a: Ceaselessly Edging|Aqua Cutter|p2a: Slowking
|-crit|p2a: Slowking
|-damage|p2a: Slowking|12/100
|
|upkeep
|turn|20
|
|t:|1779833864
|switch|p1a: tink TWICE|Corviknight, M, shiny|72/100
|switch|p2a: Umbreon|Umbreon, F|7/100
|
|-heal|p2a: Umbreon|13/100|[from] item: Leftovers
|upkeep
|turn|21
|
|t:|1779833874
|move|p1a: tink TWICE|Defog|p2a: Umbreon
|-unboost|p2a: Umbreon|evasion|1
|-sideend|p1: some lime pls|Stealth Rock|[from] move: Defog|[of] p1a: tink TWICE
|move|p2a: Umbreon|Wish|p2a: Umbreon
|
|-heal|p2a: Umbreon|19/100|[from] item: Leftovers
|upkeep
|turn|22
|
|t:|1779833882
|move|p2a: Umbreon|Protect|p2a: Umbreon
|-singleturn|p2a: Umbreon|Protect
|move|p1a: tink TWICE|Brave Bird|p2a: Umbreon
|-activate|p2a: Umbreon|move: Protect
|
|-heal|p2a: Umbreon|69/100|[from] move: Wish|[wisher] Umbreon
|-heal|p2a: Umbreon|75/100|[from] item: Leftovers
|upkeep
|turn|23
|
|t:|1779833893
|switch|p1a: Margot Robbie|Alomomola, F|71/100
|move|p2a: Umbreon|Wish|p2a: Umbreon
|
|-heal|p2a: Umbreon|81/100|[from] item: Leftovers
|upkeep
|turn|24
|
|t:|1779833901
|move|p1a: Margot Robbie|Wish|p1a: Margot Robbie
|move|p2a: Umbreon|Toxic|p1a: Margot Robbie
|-status|p1a: Margot Robbie|tox
|
|-heal|p2a: Umbreon|100/100|[from] move: Wish|[wisher] Umbreon
|-damage|p1a: Margot Robbie|65/100 tox|[from] psn
|upkeep
|turn|25
|
|t:|1779833910
|switch|p1a: tink TWICE|Corviknight, M, shiny|72/100
|move|p2a: Umbreon|Foul Play|p1a: tink TWICE
|-damage|p1a: tink TWICE|49/100
|
|-heal|p1a: tink TWICE|100/100|[from] move: Wish|[wisher] Margot Robbie
|upkeep
|turn|26
|
|t:|1779833927
|move|p1a: tink TWICE|U-turn|p2a: Umbreon
|-supereffective|p2a: Umbreon
|-damage|p2a: Umbreon|81/100
|
|t:|1779833929
|switch|p1a: Ceaselessly Edging|Samurott-Hisui, M, shiny, tera:Ghost|100/100|[from] U-turn
|move|p2a: Umbreon|Wish|p2a: Umbreon
|
|-heal|p2a: Umbreon|87/100|[from] item: Leftovers
|upkeep
|turn|27
|
|t:|1779833939
|move|p1a: Ceaselessly Edging|Sacred Sword|p2a: Umbreon
|-supereffective|p2a: Umbreon
|-damage|p2a: Umbreon|17/100
|move|p2a: Umbreon|Foul Play|p1a: Ceaselessly Edging
|-supereffective|p1a: Ceaselessly Edging
|-damage|p1a: Ceaselessly Edging|0 fnt
|faint|p1a: Ceaselessly Edging
|
|-heal|p2a: Umbreon|67/100|[from] move: Wish|[wisher] Umbreon
|-heal|p2a: Umbreon|73/100|[from] item: Leftovers
|upkeep
|
|t:|1779833943
|switch|p1a: Raging Neck|Raging Bolt|100/100
|turn|28
|-message|some lime pls forfeited.
|
|win|superchompman
|raw|some lime pls's rating: 1400 &rarr; <strong>1376</strong><br />(-24 for losing)
|raw|superchompman's rating: 1327 &rarr; <strong>1351</strong><br />(+24 for winning)
|l|☆some lime pls
|player|p1|
