|j|☆Fyyah
|j|☆unimii
|t:|1779908759
|gametype|singles
|player|p1|Fyyah|2|1159
|player|p2|unimii|roxie|1100
|gen|9
|tier|[Gen 9] OU
|rated|
|rule|HP Percentage Mod: HP is shown in percentages
|rule|Endless Battle Clause: Forcing endless battles is banned
|rule|Species Clause: Limit one of each Pokémon
|rule|OHKO Clause: OHKO moves are banned
|rule|Evasion Items Clause: Evasion items are banned
|rule|Evasion Moves Clause: Evasion moves are banned
|rule|Evasion Abilities Clause: Evasion abilities are banned
|rule|Sleep Moves Clause: Sleep-inducing moves are banned
|clearpoke
|poke|p1|Iron Moth|
|poke|p1|Gliscor, F|
|poke|p1|Hatterene, F|
|poke|p1|Ogerpon-Wellspring, F|
|poke|p1|Raging Bolt|
|poke|p1|Zamazenta-*|
|poke|p2|Gholdengo|
|poke|p2|Garganacl, F|
|poke|p2|Polteageist|
|poke|p2|Maushold-Four|
|poke|p2|Ogerpon-Wellspring, F|
|poke|p2|Sylveon, M|
|teampreview
|inactive|Battle timer is ON: inactive players will automatically lose when time's up. (requested by Fyyah)
|
|t:|1779908786
|teamsize|p1|6
|teamsize|p2|6
|start
|switch|p1a: Hatterene|Hatterene, F|100/100
|switch|p2a: Sazon|Garganacl, F|100/100
|turn|1
|
|t:|1779908801
|switch|p1a: Ogerpon|Ogerpon-Wellspring, F|100/100
|move|p2a: Sazon|Iron Defense|p2a: Sazon
|-boost|p2a: Sazon|def|2
|
|upkeep
|turn|2
|
|t:|1779908818
|-terastallize|p2a: Sazon|Water
|move|p1a: Ogerpon|Encore|p2a: Sazon
|-start|p2a: Sazon|Encore
|move|p2a: Sazon|Iron Defense|p2a: Sazon
|-boost|p2a: Sazon|def|2
|
|upkeep
|turn|3
|
|t:|1779908824
|switch|p1a: Raging Bolt|Raging Bolt|100/100
|-enditem|p1a: Raging Bolt|Booster Energy
|-activate|p1a: Raging Bolt|ability: Protosynthesis|[fromitem]
|-start|p1a: Raging Bolt|protosynthesisspa
|move|p2a: Sazon|Iron Defense|p2a: Sazon
|-boost|p2a: Sazon|def|2
|
|upkeep
|turn|4
|
|t:|1779908843
|move|p1a: Raging Bolt|Thunderbolt|p2a: Sazon
|-supereffective|p2a: Sazon
|-damage|p2a: Sazon|5/100
|move|p2a: Sazon|Iron Defense|p2a: Sazon
|-boost|p2a: Sazon|def|0
|
|-heal|p2a: Sazon|11/100|[from] item: Leftovers
|-end|p2a: Sazon|Encore
|upkeep
|turn|5
|
|t:|1779908850
|move|p1a: Raging Bolt|Calm Mind|p1a: Raging Bolt
|-boost|p1a: Raging Bolt|spa|1
|-boost|p1a: Raging Bolt|spd|1
|move|p2a: Sazon|Body Press|p1a: Raging Bolt
|-damage|p1a: Raging Bolt|12/100
|
|-heal|p2a: Sazon|17/100|[from] item: Leftovers
|upkeep
|turn|6
|
|t:|1779908859
|move|p1a: Raging Bolt|Thunderbolt|p2a: Sazon
|-supereffective|p2a: Sazon
|-damage|p2a: Sazon|0 fnt
|faint|p2a: Sazon
|
|upkeep
|
|t:|1779908864
|switch|p2a: Biribinha|Polteageist, shiny|100/100
|turn|7
|
|t:|1779908869
|move|p1a: Raging Bolt|Thunderclap||[still]
|-fail|p1a: Raging Bolt
|move|p2a: Biribinha|Shell Smash|p2a: Biribinha
|-unboost|p2a: Biribinha|def|1
|-unboost|p2a: Biribinha|spd|1
|-boost|p2a: Biribinha|atk|2
|-boost|p2a: Biribinha|spa|2
|-boost|p2a: Biribinha|spe|2
|
|upkeep
|turn|8
|
|t:|1779908879
|move|p2a: Biribinha|Sucker Punch|p1a: Raging Bolt
|-damage|p1a: Raging Bolt|0 fnt
|faint|p1a: Raging Bolt
|-end|p1a: Raging Bolt|Protosynthesis|[silent]
|
|upkeep
|
|t:|1779908894
|switch|p1a: Hatterene|Hatterene, F|100/100
|turn|9
|
|t:|1779908902
|-terastallize|p1a: Hatterene|Water
|move|p2a: Biribinha|Shell Smash|p2a: Biribinha
|-unboost|p2a: Biribinha|def|1
|-unboost|p2a: Biribinha|spd|1
|-boost|p2a: Biribinha|atk|2
|-boost|p2a: Biribinha|spa|2
|-boost|p2a: Biribinha|spe|2
|move|p1a: Hatterene|Calm Mind|p1a: Hatterene
|-boost|p1a: Hatterene|spa|1
|-boost|p1a: Hatterene|spd|1
|
|upkeep
|turn|10
|
|t:|1779908910
|move|p2a: Biribinha|Shell Smash|p2a: Biribinha
|-unboost|p2a: Biribinha|def|1
|-unboost|p2a: Biribinha|spd|1
|-boost|p2a: Biribinha|atk|2
|-boost|p2a: Biribinha|spa|2
|-boost|p2a: Biribinha|spe|2
|move|p1a: Hatterene|Calm Mind|p1a: Hatterene
|-boost|p1a: Hatterene|spa|1
|-boost|p1a: Hatterene|spd|1
|
|upkeep
|turn|11
|
|t:|1779908926
|move|p2a: Biribinha|Shadow Ball|p1a: Hatterene
|-damage|p1a: Hatterene|4/100
|move|p1a: Hatterene|Stored Power|p2a: Biribinha
|-enditem|p2a: Biribinha|Focus Sash
|-damage|p2a: Biribinha|1/100
|
|-heal|p1a: Hatterene|10/100|[from] item: Leftovers
|upkeep
|turn|12
|
|t:|1779908934
|move|p2a: Biribinha|Sucker Punch|p1a: Hatterene
|-damage|p1a: Hatterene|0 fnt
|faint|p1a: Hatterene
|
|upkeep
|
|t:|1779908950
|switch|p1a: Zamazenta|Zamazenta|100/100
|-ability|p1a: Zamazenta|Dauntless Shield|boost
|-boost|p1a: Zamazenta|def|1
|turn|13
|
|t:|1779908955
|move|p2a: Biribinha|Shadow Ball|p1a: Zamazenta
|-damage|p1a: Zamazenta|0 fnt
|faint|p1a: Zamazenta
|
|upkeep
|-message|Fyyah forfeited.
|
|win|unimii
|raw|Fyyah's rating: 1159 &rarr; <strong>1130</strong><br />(-29 for losing)
|raw|unimii's rating: 1100 &rarr; <strong>1129</strong><br />(+29 for winning)
|l|☆Fyyah
|player|p1|
