|j|☆Lambaba
|j|‽711851l
|t:|1779864701
|gametype|singles
|player|p1|Lambaba|hilbert-wonderlauncher|1411
|player|p2|711851l|102|1354
|gen|9
|tier|[Gen 9] OU
|rated|
|rule|HP Percentage Mod: HP is shown in percentages
|rule|Endless Battle Clause: Forcing endless battles is banned
|rule|Species Clause: Limit one of each Pokémon
|rule|OHKO Clause: OHKO moves are banned
|rule|Evasion Items Clause: Evasion items are banned
|rule|Evasion Moves Clause: Evasion moves are banned
|rule|Evasion Abilities Clause: Evasion abilities are banned
|rule|Sleep Moves Clause: Sleep-inducing moves are banned
|clearpoke
|poke|p1|Florges, F|
|poke|p1|Sinistcha-Masterpiece|
|poke|p1|Alomomola, M|
|poke|p1|Great Tusk|
|poke|p1|Heatran, F|
|poke|p1|Mandibuzz, F|
|poke|p2|Meloetta|
|poke|p2|Darkrai|
|poke|p2|Keldeo-Resolute|
|poke|p2|Volcanion|
|poke|p2|Jirachi|
|poke|p2|Manaphy|
|teampreview
|inactive|Battle timer is ON: inactive players will automatically lose when time's up. (requested by 711851l)
|
|t:|1779864723
|teamsize|p1|6
|teamsize|p2|6
|start
|switch|p1a: Florges|Florges, F|100/100
|switch|p2a: Meloetta|Meloetta|100/100
|turn|1
|
|t:|1779864728
|switch|p1a: Alomomola|Alomomola, M|100/100
|move|p2a: Meloetta|Relic Song|p1a: Alomomola
|-damage|p1a: Alomomola|69/100
|-formechange|p2a: Meloetta|Meloetta-Pirouette|[msg]
|-damage|p2a: Meloetta|91/100|[from] item: Life Orb
|
|upkeep
|turn|2
|
|t:|1779864737
|move|p2a: Meloetta|Close Combat|p1a: Alomomola
|-damage|p1a: Alomomola|13/100
|-unboost|p2a: Meloetta|def|1
|-unboost|p2a: Meloetta|spd|1
|-damage|p2a: Meloetta|74/100|[from] item: Rocky Helmet|[of] p1a: Alomomola
|-damage|p2a: Meloetta|64/100|[from] item: Life Orb
|move|p1a: Alomomola|Scald|p2a: Meloetta
|-damage|p2a: Meloetta|42/100
|
|upkeep
|turn|3
|
|t:|1779864748
|switch|p1a: Sinistcha|Sinistcha-Masterpiece|100/100
|move|p2a: Meloetta|Knock Off|p1a: Sinistcha
|-supereffective|p1a: Sinistcha
|-enditem|p1a: Sinistcha|Colbur Berry|[eat]
|-enditem|p1a: Sinistcha|Colbur Berry|[weaken]
|-damage|p1a: Sinistcha|69/100
|-damage|p2a: Meloetta|32/100|[from] item: Life Orb
|
|upkeep
|turn|4
|
|t:|1779864755
|move|p2a: Meloetta|Triple Axel|p1a: Sinistcha
|-supereffective|p1a: Sinistcha
|-damage|p1a: Sinistcha|56/100
|-hitcount|p1a: Sinistcha|1
|-damage|p2a: Meloetta|22/100|[from] item: Life Orb
|move|p1a: Sinistcha|Matcha Gotcha|p2a: Meloetta
|-damage|p2a: Meloetta|0 fnt
|-heal|p1a: Sinistcha|67/100|[from] drain|[of] p2a: Meloetta
|faint|p2a: Meloetta
|
|upkeep
|
|t:|1779864773
|switch|p2a: Volcanion|Volcanion|100/100
|turn|5
|
|t:|1779864777
|move|p2a: Volcanion|Flame Charge|p1a: Sinistcha
|-supereffective|p1a: Sinistcha
|-damage|p1a: Sinistcha|55/100
|-boost|p2a: Volcanion|spe|1
|move|p1a: Sinistcha|Matcha Gotcha|p2a: Volcanion
|-damage|p2a: Volcanion|59/100
|-heal|p1a: Sinistcha|73/100|[from] drain|[of] p2a: Volcanion
|
|-heal|p2a: Volcanion|65/100|[from] item: Leftovers
|upkeep
|turn|6
|
|t:|1779864796
|-terastallize|p2a: Volcanion|Fire
|move|p2a: Volcanion|Flamethrower|p1a: Sinistcha
|-supereffective|p1a: Sinistcha
|-damage|p1a: Sinistcha|0 fnt
|faint|p1a: Sinistcha
|
|-heal|p2a: Volcanion|71/100|[from] item: Leftovers
|upkeep
|
|t:|1779864801
|switch|p1a: Florges|Florges, F|100/100
|turn|7
|
|t:|1779864808
|move|p2a: Volcanion|Steam Eruption|p1a: Florges
|-damage|p1a: Florges|66/100
|-status|p1a: Florges|brn
|move|p1a: Florges|Calm Mind|p1a: Florges
|-boost|p1a: Florges|spa|1
|-boost|p1a: Florges|spd|1
|
|-heal|p2a: Volcanion|77/100|[from] item: Leftovers
|-heal|p1a: Florges|72/100 brn|[from] item: Leftovers
|-damage|p1a: Florges|66/100 brn|[from] brn
|upkeep
|turn|8
|
|t:|1779864814
|move|p2a: Volcanion|Flame Charge|p1a: Florges
|-damage|p1a: Florges|31/100 brn
|-boost|p2a: Volcanion|spe|1
|move|p1a: Florges|Calm Mind|p1a: Florges
|-boost|p1a: Florges|spa|1
|-boost|p1a: Florges|spd|1
|
|-heal|p2a: Volcanion|83/100|[from] item: Leftovers
|-heal|p1a: Florges|37/100 brn|[from] item: Leftovers
|-damage|p1a: Florges|31/100 brn|[from] brn
|upkeep
|turn|9
|-message|Lambaba forfeited.
|
|win|711851l
|raw|Lambaba's rating: 1411 &rarr; <strong>1388</strong><br />(-23 for losing)
|raw|711851l's rating: 1354 &rarr; <strong>1377</strong><br />(+23 for winning)
|l|☆Lambaba
|player|p1|
|l|‽711851l
|player|p2|
