|j|☆idealist
|j|☆rockeater9000
|t:|1779923766
|gametype|singles
|player|p1|idealist|266|1606
|player|p2|rockeater9000|102|1576
|gen|9
|tier|[Gen 9] OU
|rated|
|rule|HP Percentage Mod: HP is shown in percentages
|rule|Endless Battle Clause: Forcing endless battles is banned
|rule|Species Clause: Limit one of each Pokémon
|rule|OHKO Clause: OHKO moves are banned
|rule|Evasion Items Clause: Evasion items are banned
|rule|Evasion Moves Clause: Evasion moves are banned
|rule|Evasion Abilities Clause: Evasion abilities are banned
|rule|Sleep Moves Clause: Sleep-inducing moves are banned
|clearpoke
|poke|p1|Garganacl, M|
|poke|p1|Darkrai|
|poke|p1|Great Tusk|
|poke|p1|Hatterene, F|
|poke|p1|Tornadus-Therian, M|
|poke|p1|Dragonite, M|
|poke|p2|Hydrapple, M|
|poke|p2|Clodsire, F|
|poke|p2|Bronzong|
|poke|p2|Regieleki|
|poke|p2|Pecharunt|
|poke|p2|Walking Wake|
|teampreview
|inactive|Battle timer is ON: inactive players will automatically lose when time's up. (requested by rockeater9000)
|j| Pirro9
|
|t:|1779923782
|teamsize|p1|6
|teamsize|p2|6
|start
|switch|p1a: Tornadus|Tornadus-Therian, M, shiny|100/100
|switch|p2a: Bronzong|Bronzong|100/100
|turn|1
|
|t:|1779923787
|switch|p2a: Clodsire|Clodsire, F|100/100
|move|p1a: Tornadus|Knock Off|p2a: Clodsire
|-damage|p2a: Clodsire|78/100
|-enditem|p2a: Clodsire|Leftovers|[from] move: Knock Off|[of] p1a: Tornadus
|
|upkeep
|turn|2
|
|t:|1779923793
|move|p1a: Tornadus|U-turn|p2a: Clodsire
|-resisted|p2a: Clodsire
|-damage|p2a: Clodsire|70/100
|
|t:|1779923796
|switch|p1a: Hatterene|Hatterene, F|100/100|[from] U-turn
|move|p2a: Clodsire|Earthquake|p1a: Hatterene
|-damage|p1a: Hatterene|78/100
|
|upkeep
|turn|3
|
|t:|1779923802
|switch|p2a: Bronzong|Bronzong|100/100
|move|p1a: Hatterene|Future Sight|p2a: Bronzong
|-start|p1a: Hatterene|move: Future Sight
|
|upkeep
|turn|4
|
|t:|1779923808
|switch|p1a: Tornadus|Tornadus-Therian, M, shiny|100/100
|move|p2a: Bronzong|Night Shade|p1a: Tornadus
|-damage|p1a: Tornadus|72/100
|
|upkeep
|turn|5
|
|t:|1779923818
|switch|p2a: Hydrapple|Hydrapple, M|100/100
|move|p1a: Tornadus|Knock Off|p2a: Hydrapple
|-damage|p2a: Hydrapple|89/100
|-damage|p1a: Tornadus|55/100|[from] item: Rocky Helmet|[of] p2a: Hydrapple
|-enditem|p2a: Hydrapple|Rocky Helmet|[from] move: Knock Off|[of] p1a: Tornadus
|
|-end|p2a: Hydrapple|move: Future Sight
|-damage|p2a: Hydrapple|37/100
|upkeep
|turn|6
|
|t:|1779923831
|switch|p2a: Clodsire|Clodsire, F|70/100
|move|p1a: Tornadus|U-turn|p2a: Clodsire
|-resisted|p2a: Clodsire
|-damage|p2a: Clodsire|62/100
|
|t:|1779923843
|switch|p1a: Hatterene|Hatterene, F|78/100|[from] U-turn
|
|upkeep
|turn|7
|
|t:|1779923851
|switch|p2a: Regieleki|Regieleki|100/100
|move|p1a: Hatterene|Future Sight|p2a: Regieleki
|-start|p1a: Hatterene|move: Future Sight
|
|upkeep
|turn|8
|
|t:|1779923858
|switch|p2a: Walking Wake|Walking Wake|100/100
|move|p1a: Hatterene|Pain Split|p2a: Walking Wake
|-sethp|p2a: Walking Wake|87/100|[from] move: Pain Split|[silent]
|-sethp|p1a: Hatterene|93/100|[from] move: Pain Split
|
|upkeep
|turn|9
|
|t:|1779923865
|move|p2a: Walking Wake|Flip Turn|p1a: Hatterene
|-damage|p1a: Hatterene|80/100
|-damage|p2a: Walking Wake|70/100|[from] item: Rocky Helmet|[of] p1a: Hatterene
|
|t:|1779923867
|-end|p2a: Walking Wake|Protosynthesis|[silent]
|switch|p2a: Bronzong|Bronzong|100/100|[from] Flip Turn
|move|p1a: Hatterene|Nuzzle|p2a: Bronzong
|-damage|p2a: Bronzong|97/100
|-status|p2a: Bronzong|par
|
|-end|p2a: Bronzong|move: Future Sight
|-resisted|p2a: Bronzong
|-damage|p2a: Bronzong|88/100 par
|-heal|p2a: Bronzong|95/100 par|[from] item: Leftovers
|upkeep
|turn|10
|
|t:|1779923878
|switch|p1a: Tornadus|Tornadus-Therian, M, shiny|88/100
|switch|p2a: Regieleki|Regieleki|100/100
|
|upkeep
|turn|11
|
|t:|1779923884
|switch|p1a: Great Tusk|Great Tusk|100/100
|-enditem|p1a: Great Tusk|Booster Energy
|-activate|p1a: Great Tusk|ability: Protosynthesis|[fromitem]
|-start|p1a: Great Tusk|protosynthesisatk
|move|p2a: Regieleki|Volt Switch|p1a: Great Tusk
|-immune|p1a: Great Tusk
|
|upkeep
|turn|12
|
|t:|1779923893
|switch|p2a: Pecharunt|Pecharunt|100/100
|move|p1a: Great Tusk|Close Combat|p2a: Pecharunt
|-immune|p2a: Pecharunt
|
|upkeep
|turn|13
|
|t:|1779923900
|move|p2a: Pecharunt|Parting Shot|p1a: Great Tusk
|-unboost|p1a: Great Tusk|atk|1
|-unboost|p1a: Great Tusk|spa|1
|
|t:|1779923901
|switch|p2a: Bronzong|Bronzong|95/100 par|[from] Parting Shot
|move|p1a: Great Tusk|Headlong Rush|p2a: Bronzong
|-immune|p2a: Bronzong|[from] ability: Levitate
|
|-heal|p2a: Bronzong|100/100 par|[from] item: Leftovers
|upkeep
|turn|14
|
|t:|1779923912
|-end|p1a: Great Tusk|Protosynthesis|[silent]
|switch|p1a: Tornadus|Tornadus-Therian, M, shiny|100/100
|move|p2a: Bronzong|Stealth Rock|p1a: Tornadus
|-sidestart|p1: idealist|move: Stealth Rock
|
|upkeep
|turn|15
|
|t:|1779923918
|switch|p2a: Clodsire|Clodsire, F|62/100
|move|p1a: Tornadus|Knock Off|p2a: Clodsire
|-damage|p2a: Clodsire|46/100
|
|upkeep
|turn|16
|l| Pirro9
|
|t:|1779923923
|move|p1a: Tornadus|U-turn|p2a: Clodsire
|-resisted|p2a: Clodsire
|-damage|p2a: Clodsire|38/100
|
|t:|1779923929
|switch|p1a: Garganacl|Garganacl, M|100/100|[from] U-turn
|-damage|p1a: Garganacl|88/100|[from] Stealth Rock
|move|p2a: Clodsire|Recover|p2a: Clodsire
|-heal|p2a: Clodsire|88/100
|
|-heal|p1a: Garganacl|94/100|[from] item: Leftovers
|upkeep
|turn|17
|
|t:|1779923938
|switch|p2a: Hydrapple|Hydrapple, M|70/100
|move|p1a: Garganacl|Stealth Rock|p2a: Hydrapple
|-sidestart|p2: rockeater9000|move: Stealth Rock
|
|-heal|p1a: Garganacl|100/100|[from] item: Leftovers
|upkeep
|turn|18
|
|t:|1779923947
|move|p2a: Hydrapple|Nasty Plot|p2a: Hydrapple
|-boost|p2a: Hydrapple|spa|2
|move|p1a: Garganacl|Salt Cure|p2a: Hydrapple
|-damage|p2a: Hydrapple|63/100
|-start|p2a: Hydrapple|Salt Cure
|
|-damage|p2a: Hydrapple|51/100|[from] Salt Cure
|upkeep
|turn|19
|
|t:|1779923966
|switch|p1a: Tornadus|Tornadus-Therian, M, shiny|100/100
|-damage|p1a: Tornadus|76/100|[from] Stealth Rock
|move|p2a: Hydrapple|Giga Drain|p1a: Tornadus
|-resisted|p1a: Tornadus
|-damage|p1a: Tornadus|54/100
|-heal|p2a: Hydrapple|60/100|[from] drain|[of] p1a: Tornadus
|
|-damage|p2a: Hydrapple|47/100|[from] Salt Cure
|upkeep
|turn|20
|
|t:|1779923979
|switch|p2a: Clodsire|Clodsire, F|88/100
|-damage|p2a: Clodsire|82/100|[from] Stealth Rock
|move|p1a: Tornadus|U-turn|p2a: Clodsire
|-resisted|p2a: Clodsire
|-damage|p2a: Clodsire|75/100
|
|t:|1779923986
|switch|p1a: Hatterene|Hatterene, F|80/100|[from] U-turn
|-damage|p1a: Hatterene|67/100|[from] Stealth Rock
|
|upkeep
|turn|21
|
|t:|1779923991
|switch|p2a: Bronzong|Bronzong|100/100 par
|-damage|p2a: Bronzong|94/100 par|[from] Stealth Rock
|move|p1a: Hatterene|Future Sight|p2a: Bronzong
|-start|p1a: Hatterene|move: Future Sight
|
|-heal|p2a: Bronzong|100/100 par|[from] item: Leftovers
|upkeep
|turn|22
|
|t:|1779923998
|move|p1a: Hatterene|Dazzling Gleam|p2a: Bronzong
|-resisted|p2a: Bronzong
|-damage|p2a: Bronzong|89/100 par
|move|p2a: Bronzong|Night Shade|p1a: Hatterene
|-damage|p1a: Hatterene|36/100
|
|-heal|p2a: Bronzong|95/100 par|[from] item: Leftovers
|upkeep
|turn|23
|
|t:|1779924005
|move|p1a: Hatterene|Pain Split|p2a: Bronzong
|-sethp|p2a: Bronzong|64/100 par|[from] move: Pain Split|[silent]
|-sethp|p1a: Hatterene|69/100|[from] move: Pain Split
|move|p2a: Bronzong|Night Shade|p1a: Hatterene
|-damage|p1a: Hatterene|37/100
|
|-end|p2a: Bronzong|move: Future Sight
|-resisted|p2a: Bronzong
|-damage|p2a: Bronzong|56/100 par
|-heal|p2a: Bronzong|62/100 par|[from] item: Leftovers
|upkeep
|turn|24
|
|t:|1779924017
|switch|p1a: Tornadus|Tornadus-Therian, M, shiny|87/100
|-damage|p1a: Tornadus|63/100|[from] Stealth Rock
|switch|p2a: Regieleki|Regieleki|100/100
|
|upkeep
|turn|25
|
|t:|1779924023
|switch|p1a: Great Tusk|Great Tusk|100/100
|-damage|p1a: Great Tusk|98/100|[from] Stealth Rock
|move|p2a: Regieleki|Rapid Spin|p1a: Great Tusk
|-damage|p1a: Great Tusk|90/100
|-boost|p2a: Regieleki|spe|1
|-sideend|p2: rockeater9000|Stealth Rock|[from] move: Rapid Spin|[of] p2a: Regieleki
|
|upkeep
|turn|26
|
|t:|1779924031
|switch|p2a: Hydrapple|Hydrapple, M|80/100
|move|p1a: Great Tusk|Headlong Rush|p2a: Hydrapple
|-resisted|p2a: Hydrapple
|-damage|p2a: Hydrapple|62/100
|-unboost|p1a: Great Tusk|def|1
|-unboost|p1a: Great Tusk|spd|1
|
|upkeep
|turn|27
|
|t:|1779924039
|switch|p2a: Pecharunt|Pecharunt|100/100
|move|p1a: Great Tusk|Headlong Rush|p2a: Pecharunt
|-supereffective|p2a: Pecharunt
|-damage|p2a: Pecharunt|30/100
|-unboost|p1a: Great Tusk|def|1
|-unboost|p1a: Great Tusk|spd|1
|
|upkeep
|turn|28
|
|t:|1779924051
|-end|p1a: Great Tusk|Protosynthesis|[silent]
|switch|p1a: Garganacl|Garganacl, M|100/100
|-damage|p1a: Garganacl|88/100|[from] Stealth Rock
|move|p2a: Pecharunt|Parting Shot|p1a: Garganacl
|-unboost|p1a: Garganacl|atk|1
|-unboost|p1a: Garganacl|spa|1
|
|t:|1779924059
|switch|p2a: Hydrapple|Hydrapple, M|95/100|[from] Parting Shot
|
|-heal|p1a: Garganacl|94/100|[from] item: Leftovers
|upkeep
|turn|29
|
|t:|1779924065
|move|p2a: Hydrapple|Nasty Plot|p2a: Hydrapple
|-boost|p2a: Hydrapple|spa|2
|move|p1a: Garganacl|Stealth Rock|p2a: Hydrapple
|-sidestart|p2: rockeater9000|move: Stealth Rock
|
|-heal|p1a: Garganacl|100/100|[from] item: Leftovers
|upkeep
|turn|30
|
|t:|1779924072
|switch|p1a: Tornadus|Tornadus-Therian, M, shiny|96/100
|-damage|p1a: Tornadus|71/100|[from] Stealth Rock
|move|p2a: Hydrapple|Nasty Plot|p2a: Hydrapple
|-boost|p2a: Hydrapple|spa|2
|
|upkeep
|turn|31
|
|t:|1779924079
|-terastallize|p2a: Hydrapple|Steel
|move|p1a: Tornadus|Bleakwind Storm|p2a: Hydrapple
|-resisted|p2a: Hydrapple
|-damage|p2a: Hydrapple|77/100
|move|p2a: Hydrapple|Fickle Beam|p1a: Tornadus
|-damage|p1a: Tornadus|7/100
|
|upkeep
|turn|32
|
|t:|1779924088
|move|p1a: Tornadus|Heat Wave|p2a: Hydrapple
|-supereffective|p2a: Hydrapple
|-damage|p2a: Hydrapple|33/100
|-status|p2a: Hydrapple|brn
|move|p2a: Hydrapple|Giga Drain|p1a: Tornadus
|-resisted|p1a: Tornadus
|-damage|p1a: Tornadus|0 fnt
|-heal|p2a: Hydrapple|36/100 brn|[from] drain|[of] p1a: Tornadus
|faint|p1a: Tornadus
|
|-damage|p2a: Hydrapple|30/100 brn|[from] brn
|upkeep
|
|t:|1779924113
|switch|p1a: Darkrai|Darkrai|100/100
|-damage|p1a: Darkrai|88/100|[from] Stealth Rock
|turn|33
|
|t:|1779924120
|move|p1a: Darkrai|Dark Pulse|p2a: Hydrapple
|-damage|p2a: Hydrapple|0 fnt
|faint|p2a: Hydrapple
|
|upkeep
|
|t:|1779924121
|switch|p2a: Clodsire|Clodsire, F|75/100
|-damage|p2a: Clodsire|69/100|[from] Stealth Rock
|turn|34
|
|t:|1779924128
|switch|p1a: Hatterene|Hatterene, F|37/100
|-damage|p1a: Hatterene|25/100|[from] Stealth Rock
|move|p2a: Clodsire|Earthquake|p1a: Hatterene
|-damage|p1a: Hatterene|4/100
|
|upkeep
|turn|35
|
|t:|1779924134
|switch|p2a: Pecharunt|Pecharunt|30/100
|move|p1a: Hatterene|Pain Split|p2a: Pecharunt
|-sethp|p2a: Pecharunt|17/100|[from] move: Pain Split|[silent]
|-sethp|p1a: Hatterene|20/100|[from] move: Pain Split
|
|upkeep
|turn|36
|
|t:|1779924140
|move|p2a: Pecharunt|Recover|p2a: Pecharunt
|-heal|p2a: Pecharunt|67/100
|move|p1a: Hatterene|Nuzzle|p2a: Pecharunt
|-damage|p2a: Pecharunt|64/100
|-status|p2a: Pecharunt|par
|
|upkeep
|turn|37
|
|t:|1779924147
|cant|p2a: Pecharunt|par
|move|p1a: Hatterene|Future Sight|p2a: Pecharunt
|-start|p1a: Hatterene|move: Future Sight
|
|upkeep
|turn|38
|
|t:|1779924150
|move|p2a: Pecharunt|Malignant Chain|p1a: Hatterene
|-supereffective|p1a: Hatterene
|-damage|p1a: Hatterene|0 fnt
|faint|p1a: Hatterene
|
|upkeep
|
|t:|1779924156
|switch|p1a: Darkrai|Darkrai|88/100
|-damage|p1a: Darkrai|76/100|[from] Stealth Rock
|turn|39
|
|t:|1779924167
|move|p1a: Darkrai|Dark Pulse|p2a: Pecharunt
|-supereffective|p2a: Pecharunt
|-damage|p2a: Pecharunt|0 fnt
|faint|p2a: Pecharunt
|
|-hint|Future Sight did not hit because the target is fainted.
|upkeep
|
|t:|1779924172
|switch|p2a: Clodsire|Clodsire, F|69/100
|-damage|p2a: Clodsire|62/100|[from] Stealth Rock
|turn|40
|
|t:|1779924183
|switch|p2a: Walking Wake|Walking Wake|70/100
|move|p1a: Darkrai|Dark Pulse|p2a: Walking Wake
|-damage|p2a: Walking Wake|0 fnt
|faint|p2a: Walking Wake
|-end|p2a: Walking Wake|Protosynthesis|[silent]
|
|upkeep
|-message|rockeater9000 forfeited.
|
|win|idealist
|raw|idealist's rating: 1606 &rarr; <strong>1624</strong><br />(+18 for winning)
|raw|rockeater9000's rating: 1576 &rarr; <strong>1558</strong><br />(-18 for losing)
|l|☆rockeater9000
|player|p2|
|l|☆idealist
|player|p1|
