|j|☆claudechamp
|j|☆gotok
|t:|1779871655
|gametype|singles
|player|p1|claudechamp|169|1290
|player|p2|gotok|skierf|1238
|gen|9
|tier|[Gen 9] OU
|rated|
|rule|HP Percentage Mod: HP is shown in percentages
|rule|Endless Battle Clause: Forcing endless battles is banned
|rule|Species Clause: Limit one of each Pokémon
|rule|OHKO Clause: OHKO moves are banned
|rule|Evasion Items Clause: Evasion items are banned
|rule|Evasion Moves Clause: Evasion moves are banned
|rule|Evasion Abilities Clause: Evasion abilities are banned
|rule|Sleep Moves Clause: Sleep-inducing moves are banned
|clearpoke
|poke|p1|Gliscor, F|
|poke|p1|Gholdengo|
|poke|p1|Zamazenta-*|
|poke|p1|Blissey, F|
|poke|p1|Skarmory, F|
|poke|p1|Pecharunt|
|poke|p2|Slowking-Galar, F|
|poke|p2|Corviknight, M|
|poke|p2|Great Tusk|
|poke|p2|Dragapult, F|
|poke|p2|Ogerpon-Wellspring, F|
|poke|p2|Lokix, F|
|teampreview
|c|☆claudechamp|hf
|inactive|Battle timer is ON: inactive players will automatically lose when time's up. (requested by claudechamp)
|
|t:|1779871671
|teamsize|p1|6
|teamsize|p2|6
|start
|switch|p1a: Skarmory|Skarmory, F|100/100
|switch|p2a: Ogerpon|Ogerpon-Wellspring, F|100/100
|turn|1
|
|t:|1779871681
|move|p2a: Ogerpon|Knock Off|p1a: Skarmory
|-damage|p1a: Skarmory|78/100
|-enditem|p1a: Skarmory|Heavy-Duty Boots|[from] move: Knock Off|[of] p2a: Ogerpon
|move|p1a: Skarmory|Spikes|p2a: Ogerpon
|-sidestart|p2: gotok|Spikes
|
|upkeep
|turn|2
|
|t:|1779871683
|switch|p2a: Dragapult|Dragapult, F|100/100
|-damage|p2a: Dragapult|88/100|[from] Spikes
|move|p1a: Skarmory|Spikes|p2a: Dragapult
|-sidestart|p2: gotok|Spikes
|
|upkeep
|turn|3
|
|t:|1779871687
|switch|p1a: Blissey|Blissey, F|100/100
|move|p2a: Dragapult|Flamethrower|p1a: Blissey
|-damage|p1a: Blissey|88/100
|
|upkeep
|turn|4
|
|t:|1779871697
|switch|p2a: Great Tusk|Great Tusk|100/100
|move|p1a: Blissey|Stealth Rock|p2a: Great Tusk
|-sidestart|p2: gotok|move: Stealth Rock
|
|upkeep
|turn|5
|
|t:|1779871704
|switch|p1a: Gliscor|Gliscor, F|100/100
|move|p2a: Great Tusk|Headlong Rush|p1a: Gliscor
|-immune|p1a: Gliscor
|
|-status|p1a: Gliscor|tox|[from] item: Toxic Orb
|upkeep
|turn|6
|
|t:|1779871707
|move|p2a: Great Tusk|Ice Spinner|p1a: Gliscor
|-supereffective|p1a: Gliscor
|-damage|p1a: Gliscor|6/100 tox
|move|p1a: Gliscor|Knock Off|p2a: Great Tusk
|-resisted|p2a: Great Tusk
|-damage|p2a: Great Tusk|93/100
|-enditem|p2a: Great Tusk|Heavy-Duty Boots|[from] move: Knock Off|[of] p1a: Gliscor
|
|-heal|p1a: Gliscor|19/100 tox|[from] ability: Poison Heal
|upkeep
|turn|7
|
|t:|1779871712
|move|p1a: Gliscor|Protect|p1a: Gliscor
|-singleturn|p1a: Gliscor|Protect
|move|p2a: Great Tusk|Rapid Spin|p1a: Gliscor
|-activate|p1a: Gliscor|move: Protect
|
|-heal|p1a: Gliscor|31/100 tox|[from] ability: Poison Heal
|upkeep
|turn|8
|
|t:|1779871720
|switch|p1a: Pecharunt|Pecharunt|100/100
|move|p2a: Great Tusk|Headlong Rush|p1a: Pecharunt
|-supereffective|p1a: Pecharunt
|-damage|p1a: Pecharunt|37/100
|-unboost|p2a: Great Tusk|def|1
|-unboost|p2a: Great Tusk|spd|1
|
|upkeep
|turn|9
|
|t:|1779871731
|-terastallize|p1a: Pecharunt|Fairy
|move|p2a: Great Tusk|Headlong Rush|p1a: Pecharunt
|-damage|p1a: Pecharunt|9/100
|-unboost|p2a: Great Tusk|def|1
|-unboost|p2a: Great Tusk|spd|1
|move|p1a: Pecharunt|Parting Shot|p2a: Great Tusk
|-unboost|p2a: Great Tusk|atk|1
|-unboost|p2a: Great Tusk|spa|1
|
|t:|1779871737
|switch|p1a: Gholdengo|Gholdengo|100/100|[from] Parting Shot
|
|upkeep
|turn|10
|
|t:|1779871750
|-end|p2a: Great Tusk|Protosynthesis|[silent]
|switch|p2a: Corviknight|Corviknight, M|100/100
|-damage|p2a: Corviknight|88/100|[from] Stealth Rock
|-ability|p2a: Corviknight|Pressure
|move|p1a: Gholdengo|Hex|p2a: Corviknight
|-damage|p2a: Corviknight|58/100
|
|upkeep
|turn|11
|
|t:|1779871755
|move|p1a: Gholdengo|Hex|p2a: Corviknight
|-damage|p2a: Corviknight|29/100
|move|p2a: Corviknight|Defog|p1a: Gholdengo
|-immune|p1a: Gholdengo|[from] ability: Good as Gold
|
|upkeep
|turn|12
|
|t:|1779871767
|move|p1a: Gholdengo|Hex|p2a: Corviknight
|-damage|p2a: Corviknight|0 fnt
|faint|p2a: Corviknight
|
|upkeep
|
|t:|1779871772
|switch|p2a: Lokix|Lokix, F|100/100
|-damage|p2a: Lokix|84/100|[from] Spikes
|-damage|p2a: Lokix|59/100|[from] Stealth Rock
|turn|13
|
|t:|1779871777
|move|p2a: Lokix|Knock Off|p1a: Gholdengo
|-supereffective|p1a: Gholdengo
|-damage|p1a: Gholdengo|0 fnt
|-enditem|p1a: Gholdengo|Ability Shield|[from] move: Knock Off|[of] p2a: Lokix
|faint|p1a: Gholdengo
|
|upkeep
|
|t:|1779871785
|switch|p1a: Zamazenta|Zamazenta|100/100
|-ability|p1a: Zamazenta|Dauntless Shield|boost
|-boost|p1a: Zamazenta|def|1
|turn|14
|
|t:|1779871795
|switch|p2a: Great Tusk|Great Tusk|93/100
|-damage|p2a: Great Tusk|77/100|[from] Spikes
|-damage|p2a: Great Tusk|74/100|[from] Stealth Rock
|move|p1a: Zamazenta|Close Combat|p2a: Great Tusk
|-damage|p2a: Great Tusk|30/100
|-unboost|p1a: Zamazenta|def|1
|-unboost|p1a: Zamazenta|spd|1
|
|upkeep
|turn|15
|
|t:|1779871799
|move|p1a: Zamazenta|Close Combat|p2a: Great Tusk
|-damage|p2a: Great Tusk|0 fnt
|-unboost|p1a: Zamazenta|def|1
|-unboost|p1a: Zamazenta|spd|1
|faint|p2a: Great Tusk
|-end|p2a: Great Tusk|Protosynthesis|[silent]
|
|upkeep
|
|t:|1779871802
|switch|p2a: Slowking|Slowking-Galar, F|100/100
|turn|16
|
|t:|1779871810
|move|p1a: Zamazenta|Crunch|p2a: Slowking
|-supereffective|p2a: Slowking
|-damage|p2a: Slowking|43/100
|-unboost|p2a: Slowking|def|1
|move|p2a: Slowking|Thunder Wave|p1a: Zamazenta
|-status|p1a: Zamazenta|par
|
|upkeep
|turn|17
|
|t:|1779871820
|switch|p2a: Lokix|Lokix, F|59/100
|-damage|p2a: Lokix|43/100|[from] Spikes
|-damage|p2a: Lokix|18/100|[from] Stealth Rock
|cant|p1a: Zamazenta|par
|
|upkeep
|turn|18
|
|t:|1779871825
|switch|p1a: Skarmory|Skarmory, F|78/100
|move|p2a: Lokix|First Impression|p1a: Skarmory
|-resisted|p1a: Skarmory
|-damage|p1a: Skarmory|57/100
|
|upkeep
|turn|19
|
|t:|1779871834
|switch|p2a: Dragapult|Dragapult, F|88/100
|-damage|p2a: Dragapult|72/100|[from] Spikes
|-damage|p2a: Dragapult|59/100|[from] Stealth Rock
|switch|p1a: Gliscor|Gliscor, F|31/100 tox
|
|-heal|p1a: Gliscor|44/100 tox|[from] ability: Poison Heal
|upkeep
|turn|20
|
|t:|1779871842
|move|p1a: Gliscor|Protect|p1a: Gliscor
|-singleturn|p1a: Gliscor|Protect
|move|p2a: Dragapult|Draco Meteor|p1a: Gliscor
|-activate|p1a: Gliscor|move: Protect
|
|-heal|p1a: Gliscor|56/100 tox|[from] ability: Poison Heal
|upkeep
|turn|21
|
|t:|1779871853
|switch|p1a: Pecharunt|Pecharunt, tera:Fairy|9/100
|move|p2a: Dragapult|Draco Meteor|p1a: Pecharunt
|-immune|p1a: Pecharunt
|
|upkeep
|turn|22
|
|t:|1779871864
|switch|p2a: Slowking|Slowking-Galar, F|76/100
|move|p1a: Pecharunt|Recover|p1a: Pecharunt
|-heal|p1a: Pecharunt|59/100
|
|upkeep
|turn|23
|
|t:|1779871869
|switch|p1a: Gliscor|Gliscor, F|56/100 tox
|-prepare|p2a: Slowking|Chilly Reception|[premajor]
|move|p2a: Slowking|Chilly Reception|p2a: Slowking
|-weather|Snowscape
|
|t:|1779871872
|switch|p2a: Ogerpon|Ogerpon-Wellspring, F|100/100|[from] Chilly Reception
|-damage|p2a: Ogerpon|84/100|[from] Spikes
|-damage|p2a: Ogerpon|72/100|[from] Stealth Rock
|
|-weather|Snowscape|[upkeep]
|-heal|p1a: Gliscor|69/100 tox|[from] ability: Poison Heal
|upkeep
|turn|24
|
|t:|1779871880
|move|p2a: Ogerpon|Ivy Cudgel|p1a: Gliscor|[anim] Ivy Cudgel Water
|-supereffective|p1a: Gliscor
|-crit|p1a: Gliscor
|-damage|p1a: Gliscor|0 fnt
|faint|p1a: Gliscor
|
|-weather|Snowscape|[upkeep]
|upkeep
|
|t:|1779871886
|switch|p1a: Pecharunt|Pecharunt, tera:Fairy|59/100
|turn|25
|
|t:|1779871898
|-terastallize|p2a: Ogerpon|Water
|detailschange|p2a: Ogerpon|Ogerpon-Wellspring-Tera, F, tera:Water
|-ability|p2a: Ogerpon|Embody Aspect (Wellspring)|boost
|-boost|p2a: Ogerpon|spd|1
|move|p2a: Ogerpon|Ivy Cudgel|p1a: Pecharunt|[anim] Ivy Cudgel Water
|-damage|p1a: Pecharunt|22/100
|move|p1a: Pecharunt|Recover|p1a: Pecharunt
|-heal|p1a: Pecharunt|72/100
|
|-weather|Snowscape|[upkeep]
|upkeep
|turn|26
|
|t:|1779871909
|move|p2a: Ogerpon|Knock Off|p1a: Pecharunt
|-resisted|p1a: Pecharunt
|-damage|p1a: Pecharunt|63/100
|-enditem|p1a: Pecharunt|Heavy-Duty Boots|[from] move: Knock Off|[of] p2a: Ogerpon
|move|p1a: Pecharunt|Parting Shot|p2a: Ogerpon
|-unboost|p2a: Ogerpon|atk|1
|-unboost|p2a: Ogerpon|spa|1
|
|t:|1779871917
|switch|p1a: Skarmory|Skarmory, F|57/100|[from] Parting Shot
|
|-weather|Snowscape|[upkeep]
|upkeep
|turn|27
|
|t:|1779871926
|move|p2a: Ogerpon|Knock Off|p1a: Skarmory
|-damage|p1a: Skarmory|45/100
|move|p1a: Skarmory|Roost|p1a: Skarmory
|-heal|p1a: Skarmory|95/100
|-singleturn|p1a: Skarmory|move: Roost
|
|-weather|none
|upkeep
|turn|28
|
|t:|1779871933
|switch|p2a: Dragapult|Dragapult, F|59/100
|-damage|p2a: Dragapult|43/100|[from] Spikes
|-damage|p2a: Dragapult|31/100|[from] Stealth Rock
|move|p1a: Skarmory|Body Press|p2a: Dragapult
|-immune|p2a: Dragapult
|
|upkeep
|turn|29
|-message|gotok forfeited.
|
|win|claudechamp
|raw|claudechamp's rating: 1247 &rarr; <strong>1271</strong><br />(+24 for winning)
|raw|gotok's rating: 1238 &rarr; <strong>1214</strong><br />(-24 for losing)
|l|☆gotok
|player|p2|
|c|☆claudechamp|gg
