|j|☆SweetCandies
|j|☆supmydudetest1
|t:|1779814168
|gametype|singles
|player|p1|SweetCandies|1|1555
|player|p2|supmydudetest1|169|1552
|gen|9
|tier|[Gen 9] OU
|rated|
|rule|HP Percentage Mod: HP is shown in percentages
|rule|Endless Battle Clause: Forcing endless battles is banned
|rule|Species Clause: Limit one of each Pokémon
|rule|OHKO Clause: OHKO moves are banned
|rule|Evasion Items Clause: Evasion items are banned
|rule|Evasion Moves Clause: Evasion moves are banned
|rule|Evasion Abilities Clause: Evasion abilities are banned
|rule|Sleep Moves Clause: Sleep-inducing moves are banned
|clearpoke
|poke|p1|Kingambit, F|
|poke|p1|Cinderace, F|
|poke|p1|Landorus-Therian, M|
|poke|p1|Iron Valiant|
|poke|p1|Kyurem|
|poke|p1|Slowking-Galar, M|
|poke|p2|Ogerpon-Wellspring, F|
|poke|p2|Raging Bolt|
|poke|p2|Cinderace, F|
|poke|p2|Corviknight, M|
|poke|p2|Ting-Lu|
|poke|p2|Gengar, F|
|teampreview
|inactive|Battle timer is ON: inactive players will automatically lose when time's up. (requested by supmydudetest1)
|
|t:|1779814184
|teamsize|p1|6
|teamsize|p2|6
|start
|switch|p1a: Cinderace|Cinderace, F, shiny|100/100
|switch|p2a: Corviknight|Corviknight, M|100/100
|turn|1
|
|t:|1779814196
|switch|p2a: Ting-Lu|Ting-Lu|100/100
|-ability|p2a: Ting-Lu|Vessel of Ruin
|move|p1a: Cinderace|Pyro Ball|p2a: Ting-Lu
|-damage|p2a: Ting-Lu|76/100
|
|-heal|p2a: Ting-Lu|83/100|[from] item: Leftovers
|upkeep
|turn|2
|
|t:|1779814207
|move|p1a: Cinderace|U-turn|p2a: Ting-Lu
|-supereffective|p2a: Ting-Lu
|-damage|p2a: Ting-Lu|63/100
|
|t:|1779814216
|switch|p1a: Landorus|Landorus-Therian, M, shiny|100/100|[from] U-turn
|-ability|p1a: Landorus|Intimidate|boost
|-unboost|p2a: Ting-Lu|atk|1
|move|p2a: Ting-Lu|Stealth Rock|p1a: Landorus
|-sidestart|p1: SweetCandies|move: Stealth Rock
|
|-heal|p2a: Ting-Lu|69/100|[from] item: Leftovers
|upkeep
|turn|3
|
|t:|1779814226
|switch|p2a: Ogerpon|Ogerpon-Wellspring, F|100/100
|move|p1a: Landorus|U-turn|p2a: Ogerpon
|-supereffective|p2a: Ogerpon
|-damage|p2a: Ogerpon|41/100
|
|t:|1779814233
|switch|p1a: Cinderace|Cinderace, F, shiny|100/100|[from] U-turn
|
|upkeep
|turn|4
|
|t:|1779814242
|switch|p2a: Corviknight|Corviknight, M|100/100
|move|p1a: Cinderace|U-turn|p2a: Corviknight
|-resisted|p2a: Corviknight
|-damage|p2a: Corviknight|98/100
|
|t:|1779814252
|switch|p1a: Slowking|Slowking-Galar, M, shiny|100/100|[from] U-turn
|
|-heal|p2a: Corviknight|100/100|[from] item: Leftovers
|upkeep
|turn|5
|
|t:|1779814260
|move|p2a: Corviknight|Brave Bird|p1a: Slowking
|-damage|p1a: Slowking|59/100
|-damage|p2a: Corviknight|87/100|[from] Recoil
|-prepare|p1a: Slowking|Chilly Reception|[premajor]
|move|p1a: Slowking|Chilly Reception|p1a: Slowking
|-weather|Snowscape
|
|t:|1779814288
|switch|p1a: Cinderace|Cinderace, F, shiny|100/100|[from] Chilly Reception
|
|-weather|Snowscape|[upkeep]
|-heal|p2a: Corviknight|93/100|[from] item: Leftovers
|upkeep
|turn|6
|
|t:|1779814296
|switch|p2a: Ting-Lu|Ting-Lu|69/100
|-ability|p2a: Ting-Lu|Vessel of Ruin
|move|p1a: Cinderace|Will-O-Wisp|p2a: Ting-Lu
|-status|p2a: Ting-Lu|brn
|
|-weather|Snowscape|[upkeep]
|-heal|p2a: Ting-Lu|76/100 brn|[from] item: Leftovers
|-damage|p2a: Ting-Lu|69/100 brn|[from] brn
|upkeep
|turn|7
|
|t:|1779814309
|switch|p2a: Cinderace|Cinderace, F|100/100
|move|p1a: Cinderace|Pyro Ball|p2a: Cinderace
|-resisted|p2a: Cinderace
|-damage|p2a: Cinderace|66/100
|
|-weather|Snowscape|[upkeep]
|upkeep
|turn|8
|
|t:|1779814321
|move|p2a: Cinderace|Pyro Ball|p1a: Cinderace
|-resisted|p1a: Cinderace
|-damage|p1a: Cinderace|51/100
|move|p1a: Cinderace|U-turn|p2a: Cinderace
|-resisted|p2a: Cinderace
|-damage|p2a: Cinderace|52/100
|
|t:|1779814324
|switch|p1a: Landorus|Landorus-Therian, M, shiny|100/100|[from] U-turn
|-damage|p1a: Landorus|88/100|[from] Stealth Rock
|-ability|p1a: Landorus|Intimidate|boost
|-unboost|p2a: Cinderace|atk|1
|
|-weather|Snowscape|[upkeep]
|upkeep
|turn|9
|
|t:|1779814334
|switch|p2a: Corviknight|Corviknight, M|93/100
|move|p1a: Landorus|U-turn|p2a: Corviknight
|-resisted|p2a: Corviknight
|-damage|p2a: Corviknight|90/100
|
|t:|1779814338
|switch|p1a: Kingambit|Kingambit, F|100/100|[from] U-turn
|-damage|p1a: Kingambit|94/100|[from] Stealth Rock
|
|-weather|none
|-heal|p1a: Kingambit|100/100|[from] item: Leftovers
|-heal|p2a: Corviknight|96/100|[from] item: Leftovers
|upkeep
|turn|10
|
|t:|1779814347
|-end|p1a: Kingambit|fallenundefined|[silent]
|switch|p1a: Slowking|Slowking-Galar, M, shiny|93/100
|move|p2a: Corviknight|U-turn|p1a: Slowking
|-damage|p1a: Slowking|78/100
|
|t:|1779814352
|switch|p2a: Cinderace|Cinderace, F|52/100|[from] U-turn
|
|upkeep
|turn|11
|
|t:|1779814360
|switch|p1a: Landorus|Landorus-Therian, M, shiny|88/100
|-damage|p1a: Landorus|76/100|[from] Stealth Rock
|-ability|p1a: Landorus|Intimidate|boost
|-unboost|p2a: Cinderace|atk|1
|move|p2a: Cinderace|Pyro Ball|p1a: Landorus
|-damage|p1a: Landorus|24/100
|
|upkeep
|turn|12
|
|t:|1779814368
|switch|p2a: Corviknight|Corviknight, M|96/100
|move|p1a: Landorus|Earthquake|p2a: Corviknight
|-immune|p2a: Corviknight
|
|-heal|p2a: Corviknight|100/100|[from] item: Leftovers
|upkeep
|turn|13
|
|t:|1779814386
|move|p1a: Landorus|U-turn|p2a: Corviknight
|-resisted|p2a: Corviknight
|-damage|p2a: Corviknight|97/100
|
|t:|1779814387
|switch|p1a: Slowking|Slowking-Galar, M, shiny|100/100|[from] U-turn
|move|p2a: Corviknight|U-turn|p1a: Slowking
|-damage|p1a: Slowking|85/100
|
|t:|1779814393
|switch|p2a: Cinderace|Cinderace, F|52/100|[from] U-turn
|
|upkeep
|turn|14
|
|t:|1779814399
|move|p2a: Cinderace|Pyro Ball|p1a: Slowking
|-damage|p1a: Slowking|0 fnt
|faint|p1a: Slowking
|
|upkeep
|
|t:|1779814409
|switch|p1a: Kyurem|Kyurem, shiny|100/100
|-damage|p1a: Kyurem|76/100|[from] Stealth Rock
|-ability|p1a: Kyurem|Pressure
|turn|15
|
|t:|1779814415
|switch|p2a: Corviknight|Corviknight, M|97/100
|move|p1a: Kyurem|Protect||[still]
|-fail|p1a: Kyurem
|
|-heal|p1a: Kyurem|82/100|[from] item: Leftovers
|-heal|p2a: Corviknight|100/100|[from] item: Leftovers
|upkeep
|turn|16
|
|t:|1779814424
|move|p1a: Kyurem|Protect|p1a: Kyurem
|-singleturn|p1a: Kyurem|Protect
|move|p2a: Corviknight|U-turn|p1a: Kyurem
|-activate|p1a: Kyurem|move: Protect
|
|-heal|p1a: Kyurem|88/100|[from] item: Leftovers
|upkeep
|turn|17
|
|t:|1779814432
|move|p1a: Kyurem|Substitute|p1a: Kyurem
|-start|p1a: Kyurem|Substitute
|-damage|p1a: Kyurem|63/100
|move|p2a: Corviknight|U-turn|p1a: Kyurem
|-activate|p1a: Kyurem|move: Substitute|[damage]
|
|t:|1779814438
|switch|p2a: Ting-Lu|Ting-Lu|69/100 brn|[from] U-turn
|-ability|p2a: Ting-Lu|Vessel of Ruin
|
|-heal|p1a: Kyurem|69/100|[from] item: Leftovers
|-heal|p2a: Ting-Lu|76/100 brn|[from] item: Leftovers
|-damage|p2a: Ting-Lu|69/100 brn|[from] brn
|upkeep
|turn|18
|
|t:|1779814447
|move|p1a: Kyurem|Freeze-Dry|p2a: Ting-Lu
|-supereffective|p2a: Ting-Lu
|-damage|p2a: Ting-Lu|42/100 brn
|move|p2a: Ting-Lu|Whirlwind|p1a: Kyurem
|drag|p1a: Cinderace|Cinderace, F, shiny|51/100
|
|-heal|p2a: Ting-Lu|48/100 brn|[from] item: Leftovers
|-damage|p2a: Ting-Lu|42/100 brn|[from] brn
|upkeep
|turn|19
|
|t:|1779814459
|move|p1a: Cinderace|Pyro Ball|p2a: Ting-Lu
|-damage|p2a: Ting-Lu|18/100 brn
|move|p2a: Ting-Lu|Earthquake|p1a: Cinderace
|-supereffective|p1a: Cinderace
|-damage|p1a: Cinderace|8/100
|
|-heal|p2a: Ting-Lu|24/100 brn|[from] item: Leftovers
|-damage|p2a: Ting-Lu|18/100 brn|[from] brn
|upkeep
|turn|20
|
|t:|1779814472
|move|p1a: Cinderace|Court Change|p1a: Cinderace
|-swapsideconditions
|-activate|p1a: Cinderace|move: Court Change
|move|p2a: Ting-Lu|Earthquake|p1a: Cinderace
|-supereffective|p1a: Cinderace
|-damage|p1a: Cinderace|0 fnt
|faint|p1a: Cinderace
|
|-heal|p2a: Ting-Lu|24/100 brn|[from] item: Leftovers
|-damage|p2a: Ting-Lu|18/100 brn|[from] brn
|upkeep
|
|t:|1779814475
|switch|p1a: Kyurem|Kyurem, shiny|69/100
|-ability|p1a: Kyurem|Pressure
|turn|21
|
|t:|1779814487
|move|p1a: Kyurem|Freeze-Dry|p2a: Ting-Lu
|-supereffective|p2a: Ting-Lu
|-damage|p2a: Ting-Lu|0 fnt
|faint|p2a: Ting-Lu
|
|-heal|p1a: Kyurem|75/100|[from] item: Leftovers
|upkeep
|
|t:|1779814496
|switch|p2a: Corviknight|Corviknight, M|100/100
|-damage|p2a: Corviknight|88/100|[from] Stealth Rock
|turn|22
|inactive|SweetCandies has 120 seconds left.
|
|t:|1779814547
|move|p1a: Kyurem|Protect|p1a: Kyurem
|-singleturn|p1a: Kyurem|Protect
|move|p2a: Corviknight|Defog|p1a: Kyurem
|-activate|p1a: Kyurem|move: Protect
|
|-heal|p1a: Kyurem|81/100|[from] item: Leftovers
|-heal|p2a: Corviknight|94/100|[from] item: Leftovers
|upkeep
|turn|23
|
|t:|1779814556
|move|p1a: Kyurem|Substitute|p1a: Kyurem
|-start|p1a: Kyurem|Substitute
|-damage|p1a: Kyurem|57/100
|move|p2a: Corviknight|Defog|p1a: Kyurem
|-sideend|p2: supmydudetest1|Stealth Rock|[from] move: Defog|[of] p2a: Corviknight
|
|-heal|p1a: Kyurem|63/100|[from] item: Leftovers
|-heal|p2a: Corviknight|100/100|[from] item: Leftovers
|upkeep
|turn|24
|
|t:|1779814564
|move|p1a: Kyurem|Protect|p1a: Kyurem
|-singleturn|p1a: Kyurem|Protect
|move|p2a: Corviknight|U-turn|p1a: Kyurem
|-activate|p1a: Kyurem|move: Protect
|
|-heal|p1a: Kyurem|69/100|[from] item: Leftovers
|upkeep
|turn|25
|
|t:|1779814582
|move|p1a: Kyurem|Freeze-Dry|p2a: Corviknight
|-damage|p2a: Corviknight|64/100
|-status|p2a: Corviknight|frz
|cant|p2a: Corviknight|frz
|
|-heal|p1a: Kyurem|75/100|[from] item: Leftovers
|-heal|p2a: Corviknight|71/100 frz|[from] item: Leftovers
|upkeep
|turn|26
|inactive|SweetCandies has 90 seconds left.
|
|t:|1779814615
|switch|p2a: Cinderace|Cinderace, F|52/100
|move|p1a: Kyurem|Freeze-Dry|p2a: Cinderace
|-resisted|p2a: Cinderace
|-damage|p2a: Cinderace|26/100
|
|-heal|p1a: Kyurem|81/100|[from] item: Leftovers
|upkeep
|turn|27
|
|t:|1779814637
|move|p1a: Kyurem|Protect|p1a: Kyurem
|-singleturn|p1a: Kyurem|Protect
|move|p2a: Cinderace|U-turn|p1a: Kyurem
|-start|p2a: Cinderace|typechange|Bug|[from] ability: Libero
|-activate|p1a: Kyurem|move: Protect
|
|-heal|p1a: Kyurem|87/100|[from] item: Leftovers
|upkeep
|turn|28
|
|t:|1779814649
|move|p2a: Cinderace|U-turn|p1a: Kyurem
|-end|p1a: Kyurem|Substitute
|
|t:|1779814651
|switch|p2a: Gengar|Gengar, F|100/100|[from] U-turn
|move|p1a: Kyurem|Freeze-Dry|p2a: Gengar
|-damage|p2a: Gengar|47/100
|
|-heal|p1a: Kyurem|94/100|[from] item: Leftovers
|upkeep
|turn|29
|
|t:|1779814661
|move|p1a: Kyurem|Protect|p1a: Kyurem
|-singleturn|p1a: Kyurem|Protect
|move|p2a: Gengar|Trick|p1a: Kyurem
|-activate|p1a: Kyurem|move: Protect
|
|-heal|p1a: Kyurem|99/100|[from] item: Leftovers
|upkeep
|turn|30
|
|t:|1779814670
|switch|p2a: Ogerpon|Ogerpon-Wellspring, F|41/100
|switch|p1a: Landorus|Landorus-Therian, M, shiny|24/100
|-ability|p1a: Landorus|Intimidate|boost
|-unboost|p2a: Ogerpon|atk|1
|
|upkeep
|turn|31
|
|t:|1779814678
|move|p2a: Ogerpon|Ivy Cudgel|p1a: Landorus|[anim] Ivy Cudgel Water
|-supereffective|p1a: Landorus
|-damage|p1a: Landorus|0 fnt
|faint|p1a: Landorus
|
|upkeep
|inactive|SweetCandies has 120 seconds left.
|inactive|SweetCandies has 90 seconds left.
|
|t:|1779814722
|switch|p1a: Kyurem|Kyurem, shiny|99/100
|-ability|p1a: Kyurem|Pressure
|turn|32
|
|t:|1779814731
|move|p2a: Ogerpon|Play Rough|p1a: Kyurem
|-supereffective|p1a: Kyurem
|-damage|p1a: Kyurem|56/100
|move|p1a: Kyurem|Substitute|p1a: Kyurem
|-start|p1a: Kyurem|Substitute
|-damage|p1a: Kyurem|31/100
|
|-heal|p1a: Kyurem|37/100|[from] item: Leftovers
|upkeep
|turn|33
|
|t:|1779814740
|move|p1a: Kyurem|Protect|p1a: Kyurem
|-singleturn|p1a: Kyurem|Protect
|move|p2a: Ogerpon|Play Rough|p1a: Kyurem
|-activate|p1a: Kyurem|move: Protect
|
|-heal|p1a: Kyurem|43/100|[from] item: Leftovers
|upkeep
|turn|34
|
|t:|1779814761
|move|p2a: Ogerpon|Play Rough|p1a: Kyurem
|-supereffective|p1a: Kyurem
|-end|p1a: Kyurem|Substitute
|move|p1a: Kyurem|Freeze-Dry|p2a: Ogerpon
|-supereffective|p2a: Ogerpon
|-crit|p2a: Ogerpon
|-damage|p2a: Ogerpon|0 fnt
|faint|p2a: Ogerpon
|
|-heal|p1a: Kyurem|49/100|[from] item: Leftovers
|upkeep
|
|t:|1779814772
|switch|p2a: Raging Bolt|Raging Bolt|100/100
|-enditem|p2a: Raging Bolt|Booster Energy
|-activate|p2a: Raging Bolt|ability: Protosynthesis|[fromitem]
|-start|p2a: Raging Bolt|protosynthesisspa
|turn|35
|
|t:|1779814778
|-terastallize|p2a: Raging Bolt|Fairy
|move|p1a: Kyurem|Protect|p1a: Kyurem
|-singleturn|p1a: Kyurem|Protect
|move|p2a: Raging Bolt|Calm Mind|p2a: Raging Bolt
|-boost|p2a: Raging Bolt|spa|1
|-boost|p2a: Raging Bolt|spd|1
|
|-heal|p1a: Kyurem|56/100|[from] item: Leftovers
|upkeep
|turn|36
|
|t:|1779814790
|switch|p1a: Iron Valiant|Iron Valiant|100/100
|-enditem|p1a: Iron Valiant|Booster Energy
|-activate|p1a: Iron Valiant|ability: Quark Drive|[fromitem]
|-start|p1a: Iron Valiant|quarkdrivespe
|move|p2a: Raging Bolt|Thunderbolt|p1a: Iron Valiant
|-damage|p1a: Iron Valiant|0 fnt
|faint|p1a: Iron Valiant
|-end|p1a: Iron Valiant|Quark Drive|[silent]
|
|upkeep
|
|t:|1779814796
|switch|p1a: Kingambit|Kingambit, F|100/100
|-activate|p1a: Kingambit|ability: Supreme Overlord
|-start|p1a: Kingambit|fallen4|[silent]
|turn|37
|
|t:|1779814803
|move|p2a: Raging Bolt|Thunderbolt|p1a: Kingambit
|-damage|p1a: Kingambit|0 fnt
|faint|p1a: Kingambit
|-end|p1a: Kingambit|fallen4|[silent]
|
|upkeep
|
|t:|1779814807
|switch|p1a: Kyurem|Kyurem, shiny|56/100
|-ability|p1a: Kyurem|Pressure
|turn|38
|
|t:|1779814812
|move|p1a: Kyurem|Freeze-Dry|p2a: Raging Bolt
|-damage|p2a: Raging Bolt|78/100
|move|p2a: Raging Bolt|Dragon Pulse|p1a: Kyurem
|-supereffective|p1a: Kyurem
|-crit|p1a: Kyurem
|-damage|p1a: Kyurem|0 fnt
|faint|p1a: Kyurem
|
|win|supmydudetest1
|raw|SweetCandies's rating: 1555 &rarr; <strong>1535</strong><br />(-20 for losing)
|raw|supmydudetest1's rating: 1552 &rarr; <strong>1572</strong><br />(+20 for winning)
|l|☆SweetCandies
|player|p1|
