|j|☆cudaiscool
|j|☆bigant40007
|t:|1779971930
|gametype|singles
|player|p1|cudaiscool|170|1272
|player|p2|bigant40007|265|1336
|gen|9
|tier|[Gen 9] OU
|rated|
|rule|HP Percentage Mod: HP is shown in percentages
|rule|Endless Battle Clause: Forcing endless battles is banned
|rule|Species Clause: Limit one of each Pokémon
|rule|OHKO Clause: OHKO moves are banned
|rule|Evasion Items Clause: Evasion items are banned
|rule|Evasion Moves Clause: Evasion moves are banned
|rule|Evasion Abilities Clause: Evasion abilities are banned
|rule|Sleep Moves Clause: Sleep-inducing moves are banned
|clearpoke
|poke|p1|Kingambit, F|
|poke|p1|Cinderace, F|
|poke|p1|Landorus-Therian, M|
|poke|p1|Iron Valiant|
|poke|p1|Kyurem|
|poke|p1|Slowking-Galar, M|
|poke|p2|Gengar, M|
|poke|p2|Conkeldurr, F|
|poke|p2|Scream Tail|
|poke|p2|Mandibuzz, F|
|poke|p2|Volcanion|
|poke|p2|Dragonite, F|
|teampreview
|inactive|Battle timer is ON: inactive players will automatically lose when time's up. (requested by bigant40007)
|
|t:|1779971947
|teamsize|p1|6
|teamsize|p2|6
|start
|switch|p1a: Kyurem|Kyurem, shiny|100/100
|switch|p2a: Conkeldurr|Conkeldurr, F|100/100
|-ability|p1a: Kyurem|Pressure
|turn|1
|
|t:|1779971955
|move|p1a: Kyurem|Draco Meteor|p2a: Conkeldurr|[miss]
|-miss|p1a: Kyurem|p2a: Conkeldurr
|move|p2a: Conkeldurr|Knock Off|p1a: Kyurem
|-damage|p1a: Kyurem|66/100
|-enditem|p1a: Kyurem|Choice Specs|[from] move: Knock Off|[of] p2a: Conkeldurr
|
|upkeep
|turn|2
|
|t:|1779971963
|move|p2a: Conkeldurr|Mach Punch|p1a: Kyurem
|-supereffective|p1a: Kyurem
|-damage|p1a: Kyurem|7/100
|move|p1a: Kyurem|Ice Beam|p2a: Conkeldurr
|-damage|p2a: Conkeldurr|50/100
|
|upkeep
|turn|3
|
|t:|1779971969
|switch|p1a: Landorus|Landorus-Therian, M, shiny|100/100
|-ability|p1a: Landorus|Intimidate|boost
|-unboost|p2a: Conkeldurr|atk|1
|move|p2a: Conkeldurr|Mach Punch|p1a: Landorus
|-resisted|p1a: Landorus
|-damage|p1a: Landorus|93/100
|
|upkeep
|turn|4
|
|t:|1779971979
|move|p1a: Landorus|Stealth Rock|p2a: Conkeldurr
|-sidestart|p2: bigant40007|move: Stealth Rock
|move|p2a: Conkeldurr|Ice Punch|p1a: Landorus
|-supereffective|p1a: Landorus
|-damage|p1a: Landorus|20/100
|-status|p1a: Landorus|frz
|
|upkeep
|turn|5
|
|t:|1779971986
|cant|p1a: Landorus|frz
|move|p2a: Conkeldurr|Knock Off|p1a: Landorus
|-crit|p1a: Landorus
|-damage|p1a: Landorus|0 fnt
|-damage|p2a: Conkeldurr|34/100|[from] item: Rocky Helmet|[of] p1a: Landorus
|-enditem|p1a: Landorus|Rocky Helmet|[from] move: Knock Off|[of] p2a: Conkeldurr
|faint|p1a: Landorus
|
|upkeep
|
|t:|1779972001
|switch|p1a: Cinderace|Cinderace, F, shiny|100/100
|turn|6
|
|t:|1779972011
|switch|p2a: Scream Tail|Scream Tail|100/100
|-damage|p2a: Scream Tail|88/100|[from] Stealth Rock
|move|p1a: Cinderace|High Jump Kick|p2a: Scream Tail
|-resisted|p2a: Scream Tail
|-damage|p2a: Scream Tail|80/100
|
|upkeep
|turn|7
|
|t:|1779972020
|move|p1a: Cinderace|U-turn|p2a: Scream Tail
|-damage|p2a: Scream Tail|62/100
|
|t:|1779972023
|switch|p1a: Slowking|Slowking-Galar, M, shiny|100/100|[from] U-turn
|move|p2a: Scream Tail|Reflect|p2a: Scream Tail
|-sidestart|p2: bigant40007|Reflect
|
|upkeep
|turn|8
|
|t:|1779972032
|move|p2a: Scream Tail|Wish|p2a: Scream Tail
|move|p1a: Slowking|Sludge Bomb|p2a: Scream Tail
|-supereffective|p2a: Scream Tail
|-crit|p2a: Scream Tail
|-damage|p2a: Scream Tail|0 fnt
|faint|p2a: Scream Tail
|-end|p2a: Scream Tail|Protosynthesis|[silent]
|
|upkeep
|
|t:|1779972039
|switch|p2a: Conkeldurr|Conkeldurr, F|34/100
|-damage|p2a: Conkeldurr|28/100|[from] Stealth Rock
|turn|9
|
|t:|1779972047
|switch|p1a: Kyurem|Kyurem, shiny|7/100
|-ability|p1a: Kyurem|Pressure
|move|p2a: Conkeldurr|Knock Off|p1a: Kyurem
|-damage|p1a: Kyurem|0 fnt
|faint|p1a: Kyurem
|
|-heal|p2a: Conkeldurr|80/100|[from] move: Wish|[wisher] Scream Tail
|upkeep
|
|t:|1779972052
|switch|p1a: Iron Valiant|Iron Valiant|100/100
|-enditem|p1a: Iron Valiant|Booster Energy
|-activate|p1a: Iron Valiant|ability: Quark Drive|[fromitem]
|-start|p1a: Iron Valiant|quarkdrivespe
|turn|10
|
|t:|1779972062
|switch|p2a: Mandibuzz|Mandibuzz, F|100/100
|-damage|p2a: Mandibuzz|76/100|[from] Stealth Rock
|move|p1a: Iron Valiant|Moonblast|p2a: Mandibuzz
|-supereffective|p2a: Mandibuzz
|-damage|p2a: Mandibuzz|0 fnt
|faint|p2a: Mandibuzz
|
|upkeep
|
|t:|1779972071
|switch|p2a: Gengar|Gengar, M, shiny|100/100
|-damage|p2a: Gengar|88/100|[from] Stealth Rock
|turn|11
|inactive|cudaiscool has 120 seconds left.
|
|t:|1779972114
|-end|p1a: Iron Valiant|Quark Drive|[silent]
|switch|p1a: Kingambit|Kingambit, F|100/100
|-activate|p1a: Kingambit|ability: Supreme Overlord
|-start|p1a: Kingambit|fallen2|[silent]
|move|p2a: Gengar|Sludge Bomb|p1a: Kingambit
|-immune|p1a: Kingambit
|
|upkeep
|turn|12
|
|t:|1779972126
|switch|p2a: Volcanion|Volcanion|100/100
|-damage|p2a: Volcanion|76/100|[from] Stealth Rock
|-end|p1a: Kingambit|fallen2|[silent]
|switch|p1a: Slowking|Slowking-Galar, M, shiny|100/100
|
|upkeep
|turn|13
|
|t:|1779972135
|move|p2a: Volcanion|Earth Power|p1a: Slowking
|-supereffective|p1a: Slowking
|-damage|p1a: Slowking|40/100
|move|p1a: Slowking|Sludge Bomb|p2a: Volcanion
|-damage|p2a: Volcanion|40/100
|
|upkeep
|turn|14
|inactive|cudaiscool has 120 seconds left.
|
|t:|1779972153
|-terastallize|p1a: Slowking|Water
|move|p2a: Volcanion|Earth Power|p1a: Slowking
|-damage|p1a: Slowking|12/100
|-prepare|p1a: Slowking|Chilly Reception|[premajor]
|move|p1a: Slowking|Chilly Reception|p1a: Slowking
|-weather|Snowscape
|
|t:|1779972158
|switch|p1a: Cinderace|Cinderace, F, shiny|100/100|[from] Chilly Reception
|
|-weather|Snowscape|[upkeep]
|-sideend|p2: bigant40007|Reflect
|upkeep
|turn|15
|
|t:|1779972166
|move|p1a: Cinderace|U-turn|p2a: Volcanion
|-resisted|p2a: Volcanion
|-damage|p2a: Volcanion|32/100
|
|t:|1779972171
|switch|p1a: Slowking|Slowking-Galar, M, shiny, tera:Water|46/100|[from] U-turn
|move|p2a: Volcanion|Earth Power|p1a: Slowking
|-damage|p1a: Slowking|18/100
|
|-weather|Snowscape|[upkeep]
|upkeep
|turn|16
|inactive|cudaiscool has 120 seconds left.
|inactive|cudaiscool has 90 seconds left.
|
|t:|1779972208
|switch|p1a: Cinderace|Cinderace, F, shiny|100/100
|move|p2a: Volcanion|Earth Power|p1a: Cinderace
|-supereffective|p1a: Cinderace
|-damage|p1a: Cinderace|0 fnt
|faint|p1a: Cinderace
|
|-weather|Snowscape|[upkeep]
|upkeep
|inactive|cudaiscool has 90 seconds left.
|
|t:|1779972214
|switch|p1a: Iron Valiant|Iron Valiant|100/100
|turn|17
|
|t:|1779972219
|move|p1a: Iron Valiant|Shadow Ball|p2a: Volcanion
|-damage|p2a: Volcanion|5/100
|-unboost|p2a: Volcanion|spd|1
|move|p2a: Volcanion|Earth Power|p1a: Iron Valiant
|-damage|p1a: Iron Valiant|9/100
|
|-weather|Snowscape|[upkeep]
|upkeep
|turn|18
|-message|cudaiscool forfeited.
|
|win|bigant40007
|raw|cudaiscool's rating: 1272 &rarr; <strong>1252</strong><br />(-20 for losing)
|raw|bigant40007's rating: 1336 &rarr; <strong>1352</strong><br />(+16 for winning)
|l|☆cudaiscool
|player|p1|
|l|☆bigant40007
|player|p2|
