|j|☆TheGamingPolitoed
|j|☆kunkwat
|t:|1779970451
|gametype|singles
|player|p1|TheGamingPolitoed|cress|1327
|player|p2|kunkwat|blackbelt-gen4dp|1298
|gen|9
|tier|[Gen 9] OU
|rated|
|rule|HP Percentage Mod: HP is shown in percentages
|rule|Endless Battle Clause: Forcing endless battles is banned
|rule|Species Clause: Limit one of each Pokémon
|rule|OHKO Clause: OHKO moves are banned
|rule|Evasion Items Clause: Evasion items are banned
|rule|Evasion Moves Clause: Evasion moves are banned
|rule|Evasion Abilities Clause: Evasion abilities are banned
|rule|Sleep Moves Clause: Sleep-inducing moves are banned
|clearpoke
|poke|p1|Primarina, F|
|poke|p1|Ludicolo, M|
|poke|p1|Samurott-Hisui, M|
|poke|p1|Toxapex, F|
|poke|p1|Politoed, M|
|poke|p1|Walking Wake|
|poke|p2|Mabosstiff, F|
|poke|p2|Glimmora, F|
|poke|p2|Dragapult, M|
|poke|p2|Corviknight, M|
|poke|p2|Ting-Lu|
|poke|p2|Iron Valiant|
|teampreview
|
|t:|1779970477
|teamsize|p1|6
|teamsize|p2|6
|start
|switch|p1a: Donny Ronny|Samurott-Hisui, M|100/100
|switch|p2a: Glimmora|Glimmora, F|100/100
|turn|1
|
|t:|1779970489
|move|p2a: Glimmora|Stealth Rock|p1a: Donny Ronny
|-sidestart|p1: TheGamingPolitoed|move: Stealth Rock
|move|p1a: Donny Ronny|Razor Shell|p2a: Glimmora|[miss]
|-miss|p1a: Donny Ronny|p2a: Glimmora
|
|upkeep
|turn|2
|
|t:|1779970516
|move|p2a: Glimmora|Power Gem|p1a: Donny Ronny
|-damage|p1a: Donny Ronny|63/100
|move|p1a: Donny Ronny|Razor Shell|p2a: Glimmora
|-supereffective|p2a: Glimmora
|-enditem|p2a: Glimmora|Focus Sash
|-damage|p2a: Glimmora|1/100
|-activate|p2a: Glimmora|ability: Toxic Debris
|-sidestart|p1: TheGamingPolitoed|move: Toxic Spikes
|
|upkeep
|turn|3
|
|t:|1779970555
|move|p1a: Donny Ronny|Aqua Jet|p2a: Glimmora
|-supereffective|p2a: Glimmora
|-damage|p2a: Glimmora|0 fnt
|-activate|p2a: Glimmora|ability: Toxic Debris
|-sidestart|p1: TheGamingPolitoed|move: Toxic Spikes
|faint|p2a: Glimmora
|
|upkeep
|inactive|Battle timer is ON: inactive players will automatically lose when time's up. (requested by TheGamingPolitoed)
|
|t:|1779970565
|switch|p2a: Mabosstiff|Mabosstiff, F|100/100
|turn|4
|
|t:|1779970571
|move|p2a: Mabosstiff|Play Rough|p1a: Donny Ronny
|-supereffective|p1a: Donny Ronny
|-damage|p1a: Donny Ronny|0 fnt
|faint|p1a: Donny Ronny
|
|upkeep
|
|t:|1779970576
|switch|p1a: Toxatax|Toxapex, F|100/100
|-damage|p1a: Toxatax|88/100|[from] Stealth Rock
|-sideend|p1: TheGamingPolitoed|move: Toxic Spikes|[of] p1a: Toxatax
|turn|5
|
|t:|1779970584
|switch|p2a: Corviknight|Corviknight, M|100/100
|-ability|p2a: Corviknight|Pressure
|move|p1a: Toxatax|Toxic Spikes|p2a: Corviknight
|-sidestart|p2: kunkwat|move: Toxic Spikes
|
|upkeep
|turn|6
|
|t:|1779970597
|switch|p1a: Ecomare|Primarina, F|100/100
|-damage|p1a: Ecomare|88/100|[from] Stealth Rock
|move|p2a: Corviknight|Defog|p1a: Ecomare
|-unboost|p1a: Ecomare|evasion|1
|-sideend|p1: TheGamingPolitoed|Stealth Rock|[from] move: Defog|[of] p2a: Corviknight
|-sideend|p2: kunkwat|Toxic Spikes|[from] move: Defog|[of] p2a: Corviknight
|
|-heal|p1a: Ecomare|94/100|[from] item: Leftovers
|upkeep
|turn|7
|
|t:|1779970606
|move|p1a: Ecomare|Substitute|p1a: Ecomare
|-start|p1a: Ecomare|Substitute
|-damage|p1a: Ecomare|69/100
|move|p2a: Corviknight|U-turn|p1a: Ecomare
|-resisted|p1a: Ecomare
|-activate|p1a: Ecomare|move: Substitute|[damage]
|
|t:|1779970627
|switch|p2a: Ting-Lu|Ting-Lu|100/100|[from] U-turn
|-ability|p2a: Ting-Lu|Vessel of Ruin
|
|-heal|p1a: Ecomare|76/100|[from] item: Leftovers
|upkeep
|turn|8
|
|t:|1779970634
|-terastallize|p2a: Ting-Lu|Poison
|move|p1a: Ecomare|Moonblast|p2a: Ting-Lu
|-resisted|p2a: Ting-Lu
|-damage|p2a: Ting-Lu|90/100
|move|p2a: Ting-Lu|Whirlwind|p1a: Ecomare
|drag|p1a: Juan|Ludicolo, M|100/100
|
|-heal|p2a: Ting-Lu|96/100|[from] item: Leftovers
|upkeep
|turn|9
|
|t:|1779970643
|switch|p1a: The King|Politoed, M|100/100
|-weather|RainDance|[from] ability: Drizzle|[of] p1a: The King
|move|p2a: Ting-Lu|Ruination|p1a: The King
|-damage|p1a: The King|51/100
|
|-weather|RainDance|[upkeep]
|-heal|p2a: Ting-Lu|100/100|[from] item: Leftovers
|upkeep
|turn|10
|
|t:|1779970658
|move|p1a: The King|Surf|p2a: Ting-Lu
|-damage|p2a: Ting-Lu|82/100
|move|p2a: Ting-Lu|Ruination|p1a: The King
|-damage|p1a: The King|26/100
|
|-weather|RainDance|[upkeep]
|-heal|p2a: Ting-Lu|89/100|[from] item: Leftovers
|upkeep
|turn|11
|
|t:|1779970668
|switch|p1a: Walk the Dinosaur|Walking Wake|100/100
|move|p2a: Ting-Lu|Earthquake|p1a: Walk the Dinosaur
|-damage|p1a: Walk the Dinosaur|62/100
|
|-weather|RainDance|[upkeep]
|-heal|p2a: Ting-Lu|95/100|[from] item: Leftovers
|upkeep
|turn|12
|
|t:|1779970675
|move|p1a: Walk the Dinosaur|Hydro Steam|p2a: Ting-Lu
|-damage|p2a: Ting-Lu|59/100
|move|p2a: Ting-Lu|Ruination|p1a: Walk the Dinosaur
|-damage|p1a: Walk the Dinosaur|31/100
|
|-weather|RainDance|[upkeep]
|-heal|p2a: Ting-Lu|65/100|[from] item: Leftovers
|upkeep
|turn|13
|
|t:|1779970684
|move|p1a: Walk the Dinosaur|Hydro Steam|p2a: Ting-Lu
|-damage|p2a: Ting-Lu|28/100
|move|p2a: Ting-Lu|Spikes|p1a: Walk the Dinosaur
|-sidestart|p1: TheGamingPolitoed|Spikes
|
|-weather|RainDance|[upkeep]
|-heal|p2a: Ting-Lu|34/100|[from] item: Leftovers
|upkeep
|turn|14
|
|t:|1779970691
|move|p1a: Walk the Dinosaur|Hydro Steam|p2a: Ting-Lu
|-damage|p2a: Ting-Lu|0 fnt
|faint|p2a: Ting-Lu
|
|-weather|RainDance|[upkeep]
|upkeep
|
|t:|1779970698
|switch|p2a: Dragapult|Dragapult, M|100/100
|turn|15
|
|t:|1779970701
|move|p2a: Dragapult|Shadow Ball|p1a: Walk the Dinosaur
|-damage|p1a: Walk the Dinosaur|0 fnt
|faint|p1a: Walk the Dinosaur
|-end|p1a: Walk the Dinosaur|Protosynthesis|[silent]
|
|-weather|RainDance|[upkeep]
|upkeep
|
|t:|1779970706
|switch|p1a: Toxatax|Toxapex, F|100/100
|-damage|p1a: Toxatax|88/100|[from] Spikes
|turn|16
|
|t:|1779970715
|move|p2a: Dragapult|Shadow Ball|p1a: Toxatax
|-damage|p1a: Toxatax|48/100
|-unboost|p1a: Toxatax|spd|1
|move|p1a: Toxatax|Toxic Spikes|p2a: Dragapult
|-sidestart|p2: kunkwat|move: Toxic Spikes
|
|-weather|none
|upkeep
|turn|17
|
|t:|1779970729
|switch|p1a: The King|Politoed, M|26/100
|-damage|p1a: The King|13/100|[from] Spikes
|-weather|RainDance|[from] ability: Drizzle|[of] p1a: The King
|move|p2a: Dragapult|Shadow Ball|p1a: The King
|-damage|p1a: The King|0 fnt
|faint|p1a: The King
|
|-weather|RainDance|[upkeep]
|upkeep
|
|t:|1779970738
|switch|p1a: Ecomare|Primarina, F|76/100
|-damage|p1a: Ecomare|63/100|[from] Spikes
|turn|18
|
|t:|1779970746
|move|p2a: Dragapult|Shadow Ball|p1a: Ecomare
|-damage|p1a: Ecomare|16/100
|move|p1a: Ecomare|Moonblast|p2a: Dragapult
|-supereffective|p2a: Dragapult
|-damage|p2a: Dragapult|0 fnt
|faint|p2a: Dragapult
|
|-weather|RainDance|[upkeep]
|-heal|p1a: Ecomare|23/100|[from] item: Leftovers
|upkeep
|
|t:|1779970774
|switch|p2a: Corviknight|Corviknight, M|100/100
|-ability|p2a: Corviknight|Pressure
|turn|19
|
|t:|1779970779
|move|p1a: Ecomare|Hydro Pump|p2a: Corviknight
|-crit|p2a: Corviknight
|-damage|p2a: Corviknight|0 fnt
|faint|p2a: Corviknight
|
|-weather|RainDance|[upkeep]
|-heal|p1a: Ecomare|29/100|[from] item: Leftovers
|upkeep
|
|t:|1779970783
|switch|p2a: Iron Valiant|Iron Valiant|100/100
|-status|p2a: Iron Valiant|psn
|-enditem|p2a: Iron Valiant|Booster Energy
|-activate|p2a: Iron Valiant|ability: Quark Drive|[fromitem]
|-start|p2a: Iron Valiant|quarkdrivespe
|turn|20
|
|t:|1779970790
|move|p2a: Iron Valiant|Thunderbolt|p1a: Ecomare
|-supereffective|p1a: Ecomare
|-damage|p1a: Ecomare|0 fnt
|faint|p1a: Ecomare
|
|-weather|RainDance|[upkeep]
|-damage|p2a: Iron Valiant|88/100 psn|[from] psn
|upkeep
|
|t:|1779970796
|switch|p1a: Juan|Ludicolo, M|100/100
|-damage|p1a: Juan|88/100|[from] Spikes
|turn|21
|
|t:|1779970810
|move|p2a: Iron Valiant|Close Combat|p1a: Juan
|-crit|p1a: Juan
|-damage|p1a: Juan|0 fnt
|-unboost|p2a: Iron Valiant|def|1
|-unboost|p2a: Iron Valiant|spd|1
|faint|p1a: Juan
|
|-weather|RainDance|[upkeep]
|-damage|p2a: Iron Valiant|76/100 psn|[from] psn
|upkeep
|
|t:|1779970817
|switch|p1a: Toxatax|Toxapex, F|81/100
|-damage|p1a: Toxatax|68/100|[from] Spikes
|turn|22
|
|t:|1779970821
|move|p2a: Iron Valiant|Thunderbolt|p1a: Toxatax
|-supereffective|p1a: Toxatax
|-damage|p1a: Toxatax|21/100
|move|p1a: Toxatax|Recover|p1a: Toxatax
|-heal|p1a: Toxatax|71/100
|
|-weather|RainDance|[upkeep]
|-damage|p2a: Iron Valiant|63/100 psn|[from] psn
|upkeep
|turn|23
|
|t:|1779970829
|move|p2a: Iron Valiant|Calm Mind|p2a: Iron Valiant
|-boost|p2a: Iron Valiant|spa|1
|-boost|p2a: Iron Valiant|spd|1
|move|p1a: Toxatax|Recover|p1a: Toxatax
|-heal|p1a: Toxatax|100/100
|
|-weather|RainDance|[upkeep]
|-damage|p2a: Iron Valiant|51/100 psn|[from] psn
|upkeep
|turn|24
|
|t:|1779970836
|move|p2a: Iron Valiant|Thunderbolt|p1a: Toxatax
|-supereffective|p1a: Toxatax
|-crit|p1a: Toxatax
|-damage|p1a: Toxatax|0 fnt
|faint|p1a: Toxatax
|
|win|kunkwat
|raw|TheGamingPolitoed's rating: 1327 &rarr; <strong>1307</strong><br />(-20 for losing)
|raw|kunkwat's rating: 1328 &rarr; <strong>1348</strong><br />(+20 for winning)
|l|☆kunkwat
|player|p2|
|l|☆TheGamingPolitoed
|player|p1|
