|j|☆tauros3
|j|☆Trail one
|t:|1779829440
|gametype|singles
|player|p1|tauros3|swimmer-gen4dp|1693
|player|p2|Trail one|101|1654
|gen|9
|tier|[Gen 9] OU
|rated|
|rule|HP Percentage Mod: HP is shown in percentages
|rule|Endless Battle Clause: Forcing endless battles is banned
|rule|Species Clause: Limit one of each Pokémon
|rule|OHKO Clause: OHKO moves are banned
|rule|Evasion Items Clause: Evasion items are banned
|rule|Evasion Moves Clause: Evasion moves are banned
|rule|Evasion Abilities Clause: Evasion abilities are banned
|rule|Sleep Moves Clause: Sleep-inducing moves are banned
|clearpoke
|poke|p1|Hatterene, F|
|poke|p1|Cresselia, F|
|poke|p1|Diancie|
|poke|p1|Ursaluna, F|
|poke|p1|Crawdaunt, M|
|poke|p1|Pelipper, F|
|poke|p2|Cinderace, M|
|poke|p2|Raging Bolt|
|poke|p2|Scizor, M|
|poke|p2|Clefable, M|
|poke|p2|Great Tusk|
|poke|p2|Latios, M|
|teampreview
|inactive|Battle timer is ON: inactive players will automatically lose when time's up. (requested by tauros3)
|
|t:|1779829462
|teamsize|p1|6
|teamsize|p2|6
|start
|switch|p1a: Across The Sea|Pelipper, F|100/100
|switch|p2a: Great Tusk|Great Tusk|100/100
|-weather|RainDance|[from] ability: Drizzle|[of] p1a: Across The Sea
|turn|1
|
|t:|1779829469
|move|p2a: Great Tusk|Head Smash|p1a: Across The Sea
|-supereffective|p1a: Across The Sea
|-damage|p1a: Across The Sea|0 fnt
|faint|p1a: Across The Sea
|-damage|p2a: Great Tusk|57/100|[from] Recoil
|
|-weather|RainDance|[upkeep]
|upkeep
|
|t:|1779829475
|switch|p1a: Getchoo|Crawdaunt, M|100/100
|turn|2
|
|t:|1779829483
|move|p2a: Great Tusk|Headlong Rush|p1a: Getchoo
|-damage|p1a: Getchoo|29/100
|-unboost|p2a: Great Tusk|def|1
|-unboost|p2a: Great Tusk|spd|1
|move|p1a: Getchoo|Knock Off|p2a: Great Tusk
|-resisted|p2a: Great Tusk
|-damage|p2a: Great Tusk|8/100
|-enditem|p2a: Great Tusk|Heavy-Duty Boots|[from] move: Knock Off|[of] p1a: Getchoo
|-damage|p1a: Getchoo|19/100|[from] item: Life Orb
|
|-weather|RainDance|[upkeep]
|upkeep
|turn|3
|
|t:|1779829496
|-end|p2a: Great Tusk|Protosynthesis|[silent]
|switch|p2a: Raging Bolt|Raging Bolt|100/100
|move|p1a: Getchoo|Aqua Jet|p2a: Raging Bolt
|-resisted|p2a: Raging Bolt
|-damage|p2a: Raging Bolt|78/100
|-damage|p1a: Getchoo|9/100|[from] item: Life Orb
|
|-weather|RainDance|[upkeep]
|-heal|p2a: Raging Bolt|84/100|[from] item: Leftovers
|upkeep
|turn|4
|
|t:|1779829509
|switch|p1a: El Scorcho|Ursaluna, F|100/100
|move|p2a: Raging Bolt|Thunderclap||[still]
|-fail|p2a: Raging Bolt
|
|-weather|RainDance|[upkeep]
|-heal|p2a: Raging Bolt|90/100|[from] item: Leftovers
|-status|p1a: El Scorcho|brn|[from] item: Flame Orb
|upkeep
|turn|5
|
|t:|1779829515
|-end|p2a: Raging Bolt|Protosynthesis|[silent]
|switch|p2a: Great Tusk|Great Tusk|8/100
|move|p1a: El Scorcho|Facade|p2a: Great Tusk
|-damage|p2a: Great Tusk|0 fnt
|faint|p2a: Great Tusk
|-end|p2a: Great Tusk|Protosynthesis|[silent]
|
|-weather|none
|-damage|p1a: El Scorcho|94/100 brn|[from] brn
|upkeep
|
|t:|1779829522
|switch|p2a: Scizor|Scizor, M|100/100
|turn|6
|
|t:|1779829528
|move|p2a: Scizor|Swords Dance|p2a: Scizor
|-boost|p2a: Scizor|atk|2
|move|p1a: El Scorcho|Fire Punch|p2a: Scizor
|-supereffective|p2a: Scizor
|-damage|p2a: Scizor|0 fnt
|faint|p2a: Scizor
|
|-damage|p1a: El Scorcho|88/100 brn|[from] brn
|upkeep
|
|t:|1779829539
|switch|p2a: Cinderace|Cinderace, M|100/100
|turn|7
|
|t:|1779829542
|move|p2a: Cinderace|High Jump Kick|p1a: El Scorcho
|-start|p2a: Cinderace|typechange|Fighting|[from] ability: Libero
|-supereffective|p1a: El Scorcho
|-damage|p1a: El Scorcho|0 fnt
|faint|p1a: El Scorcho
|
|upkeep
|
|t:|1779829548
|switch|p1a: Pink Triangle|Hatterene, F|100/100
|turn|8
|
|t:|1779829557
|switch|p2a: Latios|Latios, M|100/100
|move|p1a: Pink Triangle|Dazzling Gleam|p2a: Latios
|-supereffective|p2a: Latios
|-damage|p2a: Latios|8/100
|
|upkeep
|turn|9
|
|t:|1779829560
|move|p2a: Latios|Trick|p1a: Pink Triangle
|-activate|p2a: Latios|move: Trick|[of] p1a: Pink Triangle
|-item|p1a: Pink Triangle|Choice Scarf|[from] move: Trick
|-item|p2a: Latios|Focus Sash|[from] move: Trick
|move|p1a: Pink Triangle|Trick Room|p1a: Pink Triangle
|-fieldstart|move: Trick Room|[of] p1a: Pink Triangle
|
|upkeep
|turn|10
|
|t:|1779829571
|switch|p1a: No Other One|Diancie|100/100
|move|p2a: Latios|Flip Turn|p1a: No Other One
|-supereffective|p1a: No Other One
|-damage|p1a: No Other One|81/100
|
|t:|1779829580
|switch|p2a: Raging Bolt|Raging Bolt|90/100|[from] Flip Turn
|
|-heal|p2a: Raging Bolt|96/100|[from] item: Leftovers
|upkeep
|turn|11
|
|t:|1779829590
|move|p1a: No Other One|Meteor Beam||[still]
|-prepare|p1a: No Other One|Meteor Beam
|-boost|p1a: No Other One|spa|1
|-enditem|p1a: No Other One|Power Herb
|-anim|p1a: No Other One|Meteor Beam|p2a: Raging Bolt
|-damage|p2a: Raging Bolt|25/100
|move|p2a: Raging Bolt|Calm Mind|p2a: Raging Bolt
|-boost|p2a: Raging Bolt|spa|1
|-boost|p2a: Raging Bolt|spd|1
|
|-heal|p2a: Raging Bolt|31/100|[from] item: Leftovers
|upkeep
|turn|12
|
|t:|1779829600
|move|p2a: Raging Bolt|Thunderclap|p1a: No Other One
|-damage|p1a: No Other One|34/100
|move|p1a: No Other One|Moonblast|p2a: Raging Bolt
|-supereffective|p2a: Raging Bolt
|-damage|p2a: Raging Bolt|0 fnt
|faint|p2a: Raging Bolt
|-end|p2a: Raging Bolt|Protosynthesis|[silent]
|
|upkeep
|
|t:|1779829612
|switch|p2a: Clefable|Clefable, M|100/100
|turn|13
|j| nesnot
|
|t:|1779829619
|move|p1a: No Other One|Moonblast|p2a: Clefable
|-damage|p2a: Clefable|52/100
|move|p2a: Clefable|Stealth Rock|p1a: No Other One
|-sidestart|p1: tauros3|move: Stealth Rock
|
|-heal|p2a: Clefable|58/100|[from] item: Leftovers
|-fieldend|move: Trick Room
|upkeep
|turn|14
|
|t:|1779829630
|move|p2a: Clefable|Moonblast|p1a: No Other One
|-damage|p1a: No Other One|11/100
|move|p1a: No Other One|Trick Room|p1a: No Other One
|-fieldstart|move: Trick Room|[of] p1a: No Other One
|
|-heal|p2a: Clefable|64/100|[from] item: Leftovers
|upkeep
|turn|15
|
|t:|1779829645
|move|p1a: No Other One|Moonblast|p2a: Clefable
|-damage|p2a: Clefable|16/100
|move|p2a: Clefable|Moonlight|p2a: Clefable
|-heal|p2a: Clefable|66/100
|
|-heal|p2a: Clefable|72/100|[from] item: Leftovers
|upkeep
|turn|16
|
|t:|1779829652
|move|p1a: No Other One|Moonblast|p2a: Clefable
|-damage|p2a: Clefable|21/100
|-unboost|p2a: Clefable|spa|1
|move|p2a: Clefable|Moonlight|p2a: Clefable
|-heal|p2a: Clefable|71/100
|
|-heal|p2a: Clefable|77/100|[from] item: Leftovers
|upkeep
|turn|17
|
|t:|1779829655
|move|p1a: No Other One|Moonblast|p2a: Clefable
|-damage|p2a: Clefable|25/100
|-unboost|p2a: Clefable|spa|1
|move|p2a: Clefable|Moonlight|p2a: Clefable
|-heal|p2a: Clefable|75/100
|
|-heal|p2a: Clefable|81/100|[from] item: Leftovers
|upkeep
|turn|18
|j| flying snacker
|
|t:|1779829659
|move|p1a: No Other One|Moonblast|p2a: Clefable
|-damage|p2a: Clefable|33/100
|-unboost|p2a: Clefable|spa|1
|move|p2a: Clefable|Moonblast|p1a: No Other One
|-damage|p1a: No Other One|1/100
|
|-heal|p2a: Clefable|40/100|[from] item: Leftovers
|-fieldend|move: Trick Room
|upkeep
|turn|19
|
|t:|1779829662
|move|p2a: Clefable|Moonblast|p1a: No Other One
|-damage|p1a: No Other One|0 fnt
|faint|p1a: No Other One
|
|-heal|p2a: Clefable|46/100|[from] item: Leftovers
|upkeep
|
|t:|1779829665
|switch|p1a: Pink Triangle|Hatterene, F|100/100
|-damage|p1a: Pink Triangle|88/100|[from] Stealth Rock
|turn|20
|l| flying snacker
|
|t:|1779829675
|move|p2a: Clefable|Moonlight|p2a: Clefable
|-heal|p2a: Clefable|96/100
|move|p1a: Pink Triangle|Dazzling Gleam|p2a: Clefable
|-damage|p2a: Clefable|58/100
|
|-heal|p2a: Clefable|64/100|[from] item: Leftovers
|upkeep
|turn|21
|j| ArtistsRendition
|
|t:|1779829693
|switch|p2a: Cinderace|Cinderace, M|100/100
|move|p1a: Pink Triangle|Dazzling Gleam|p2a: Cinderace
|-resisted|p2a: Cinderace
|-damage|p2a: Cinderace|64/100
|
|upkeep
|turn|22
|
|t:|1779829698
|move|p2a: Cinderace|Pyro Ball|p1a: Pink Triangle
|-damage|p1a: Pink Triangle|0 fnt
|faint|p1a: Pink Triangle
|
|upkeep
|
|t:|1779829702
|switch|p1a: Butterfly|Cresselia, F|100/100
|-damage|p1a: Butterfly|88/100|[from] Stealth Rock
|turn|23
|
|t:|1779829705
|-terastallize|p2a: Cinderace|Fire
|move|p2a: Cinderace|Pyro Ball|p1a: Butterfly
|-damage|p1a: Butterfly|23/100
|move|p1a: Butterfly|Trick Room|p1a: Butterfly
|-fieldstart|move: Trick Room|[of] p1a: Butterfly
|
|upkeep
|turn|24
|
|t:|1779829712
|switch|p2a: Clefable|Clefable, M|64/100
|move|p1a: Butterfly|Lunar Dance|p1a: Butterfly
|faint|p1a: Butterfly
|
|-heal|p2a: Clefable|70/100|[from] item: Leftovers
|upkeep
|
|t:|1779829714
|switch|p1a: Getchoo|Crawdaunt, M|9/100
|-heal|p1a: Getchoo|100/100|[from] move: Lunar Dance
|-damage|p1a: Getchoo|88/100|[from] Stealth Rock
|turn|25
|
|t:|1779829721
|switch|p2a: Latios|Latios, M|8/100
|-terastallize|p1a: Getchoo|Water
|move|p1a: Getchoo|Crabhammer|p2a: Latios
|-resisted|p2a: Latios
|-damage|p2a: Latios|0 fnt
|faint|p2a: Latios
|-damage|p1a: Getchoo|78/100|[from] item: Life Orb
|
|upkeep
|l| ArtistsRendition
|
|t:|1779829736
|switch|p2a: Clefable|Clefable, M|70/100
|turn|26
|
|t:|1779829739
|move|p1a: Getchoo|Crabhammer|p2a: Clefable|[miss]
|-miss|p1a: Getchoo|p2a: Clefable
|move|p2a: Clefable|Moonblast|p1a: Getchoo
|-damage|p1a: Getchoo|33/100
|-unboost|p1a: Getchoo|spa|1
|
|-heal|p2a: Clefable|76/100|[from] item: Leftovers
|upkeep
|turn|27
|
|t:|1779829750
|switch|p2a: Cinderace|Cinderace, M, tera:Fire|64/100
|move|p1a: Getchoo|Crabhammer|p2a: Cinderace
|-supereffective|p2a: Cinderace
|-damage|p2a: Cinderace|0 fnt
|faint|p2a: Cinderace
|-damage|p1a: Getchoo|23/100|[from] item: Life Orb
|
|-fieldend|move: Trick Room
|upkeep
|
|t:|1779829752
|switch|p2a: Clefable|Clefable, M|76/100
|turn|28
|
|t:|1779829755
|move|p2a: Clefable|Moonblast|p1a: Getchoo
|-damage|p1a: Getchoo|0 fnt
|faint|p1a: Getchoo
|
|win|Trail one
|raw|tauros3's rating: 1693 &rarr; <strong>1671</strong><br />(-22 for losing)
|raw|Trail one's rating: 1654 &rarr; <strong>1676</strong><br />(+22 for winning)
|c|☆Trail one|ezx
|l|☆tauros3
|player|p1|
