|j|☆kuromi_fofucha78
|j|☆vucxh
|t:|1779928662
|gametype|singles
|player|p1|kuromi_fofucha78|candice|1103
|player|p2|vucxh|volkner|1168
|gen|9
|tier|[Gen 9] OU
|rated|
|rule|HP Percentage Mod: HP is shown in percentages
|rule|Endless Battle Clause: Forcing endless battles is banned
|rule|Species Clause: Limit one of each Pokémon
|rule|OHKO Clause: OHKO moves are banned
|rule|Evasion Items Clause: Evasion items are banned
|rule|Evasion Moves Clause: Evasion moves are banned
|rule|Evasion Abilities Clause: Evasion abilities are banned
|rule|Sleep Moves Clause: Sleep-inducing moves are banned
|clearpoke
|poke|p1|Gliscor, M|
|poke|p1|Blissey, F|
|poke|p1|Gholdengo|
|poke|p1|Hatterene, F|
|poke|p1|Great Tusk|
|poke|p1|Alomomola, M|
|poke|p2|Dugtrio, F|
|poke|p2|Gengar, M|
|poke|p2|Snorlax, F|
|poke|p2|Dragonite, M|
|poke|p2|Gyarados, M|
|poke|p2|Moltres|
|teampreview
|
|t:|1779928671
|teamsize|p1|6
|teamsize|p2|6
|start
|switch|p1a: 🦃🦃🦃|Gliscor, M, shiny|100/100
|switch|p2a: Gengar|Gengar, M|100/100
|turn|1
|
|t:|1779928684
|switch|p2a: Dugtrio|Dugtrio, F|100/100
|move|p1a: 🦃🦃🦃|Protect||[still]
|-fail|p1a: 🦃🦃🦃
|
|-status|p1a: 🦃🦃🦃|tox|[from] item: Toxic Orb
|upkeep
|turn|2
|
|t:|1779928702
|move|p2a: Dugtrio|Swords Dance|p2a: Dugtrio
|-boost|p2a: Dugtrio|atk|2
|move|p1a: 🦃🦃🦃|Facade|p2a: Dugtrio
|-damage|p2a: Dugtrio|0 fnt
|faint|p2a: Dugtrio
|
|upkeep
|
|t:|1779928709
|switch|p2a: Dragonite|Dragonite, M|100/100
|turn|3
|
|t:|1779928712
|move|p1a: 🦃🦃🦃|Facade|p2a: Dragonite
|-damage|p2a: Dragonite|79/100
|move|p2a: Dragonite|Dragon Dance|p2a: Dragonite
|-boost|p2a: Dragonite|atk|1
|-boost|p2a: Dragonite|spe|1
|
|upkeep
|turn|4
|
|t:|1779928718
|move|p2a: Dragonite|Ice Spinner|p1a: 🦃🦃🦃
|-supereffective|p1a: 🦃🦃🦃
|-damage|p1a: 🦃🦃🦃|0 fnt
|faint|p1a: 🦃🦃🦃
|
|upkeep
|
|t:|1779928729
|switch|p1a: Biruliru|Hatterene, F, shiny|100/100
|turn|5
|
|t:|1779928734
|-terastallize|p2a: Dragonite|Normal
|move|p2a: Dragonite|Extreme Speed|p1a: Biruliru
|-damage|p1a: Biruliru|22/100
|move|p1a: Biruliru|Draining Kiss|p2a: Dragonite
|-crit|p2a: Dragonite
|-damage|p2a: Dragonite|23/100
|-heal|p1a: Biruliru|65/100|[from] drain|[of] p2a: Dragonite
|-damage|p1a: Biruliru|56/100|[from] item: Life Orb
|
|upkeep
|turn|6
|
|t:|1779928746
|switch|p1a: Alomomola|Alomomola, M|100/100
|move|p2a: Dragonite|Extreme Speed|p1a: Alomomola
|-damage|p1a: Alomomola|49/100
|
|-heal|p1a: Alomomola|55/100|[from] item: Leftovers
|upkeep
|turn|7
|
|t:|1779928754
|move|p2a: Dragonite|Extreme Speed|p1a: Alomomola
|-damage|p1a: Alomomola|6/100
|move|p1a: Alomomola|Ice Beam|p2a: Dragonite
|-damage|p2a: Dragonite|4/100
|
|-heal|p1a: Alomomola|12/100|[from] item: Leftovers
|upkeep
|turn|8
|
|t:|1779928763
|move|p2a: Dragonite|Earthquake|p1a: Alomomola
|-damage|p1a: Alomomola|0 fnt
|faint|p1a: Alomomola
|
|upkeep
|
|t:|1779928768
|switch|p1a: Biruliru|Hatterene, F, shiny|56/100
|turn|9
|
|t:|1779928775
|move|p2a: Dragonite|Extreme Speed|p1a: Biruliru
|-damage|p1a: Biruliru|0 fnt
|faint|p1a: Biruliru
|
|upkeep
|
|t:|1779928778
|switch|p1a: Rodolfo|Great Tusk|100/100
|turn|10
|
|t:|1779928785
|move|p2a: Dragonite|Ice Spinner|p1a: Rodolfo
|-supereffective|p1a: Rodolfo
|-damage|p1a: Rodolfo|33/100
|move|p1a: Rodolfo|Ice Spinner|p2a: Dragonite
|-damage|p2a: Dragonite|0 fnt
|faint|p2a: Dragonite
|
|upkeep
|
|t:|1779928792
|switch|p2a: Gyarados|Gyarados, M|100/100
|turn|11
|
|t:|1779928799
|-end|p1a: Rodolfo|Protosynthesis|[silent]
|switch|p1a: Reo|Gholdengo, shiny|100/100
|move|p2a: Gyarados|Dragon Dance|p2a: Gyarados
|-boost|p2a: Gyarados|atk|1
|-boost|p2a: Gyarados|spe|1
|
|upkeep
|turn|12
|
|t:|1779928811
|move|p2a: Gyarados|Waterfall|p1a: Reo
|-damage|p1a: Reo|25/100
|cant|p1a: Reo|flinch
|
|upkeep
|turn|13
|
|t:|1779928816
|move|p2a: Gyarados|Waterfall|p1a: Reo
|-damage|p1a: Reo|0 fnt
|faint|p1a: Reo
|-ability|p2a: Gyarados|Moxie|boost
|-boost|p2a: Gyarados|atk|1
|
|upkeep
|
|t:|1779928819
|switch|p1a: Fofucha|Blissey, F, shiny|100/100
|turn|14
|
|t:|1779928824
|move|p2a: Gyarados|Waterfall|p1a: Fofucha
|-damage|p1a: Fofucha|24/100
|-damage|p2a: Gyarados|84/100|[from] item: Rocky Helmet|[of] p1a: Fofucha
|move|p1a: Fofucha|Seismic Toss|p2a: Gyarados
|-damage|p2a: Gyarados|54/100
|
|-heal|p2a: Gyarados|60/100|[from] item: Leftovers
|upkeep
|turn|15
|
|t:|1779928832
|move|p2a: Gyarados|Waterfall|p1a: Fofucha
|-damage|p1a: Fofucha|0 fnt
|-damage|p2a: Gyarados|43/100|[from] item: Rocky Helmet|[of] p1a: Fofucha
|faint|p1a: Fofucha
|-ability|p2a: Gyarados|Moxie|boost
|-boost|p2a: Gyarados|atk|1
|
|-heal|p2a: Gyarados|49/100|[from] item: Leftovers
|upkeep
|-message|kuromi_fofucha78 forfeited.
|
|win|vucxh
|raw|kuromi_fofucha78's rating: 1103 &rarr; <strong>1083</strong><br />(-20 for losing)
|raw|vucxh's rating: 1168 &rarr; <strong>1188</strong><br />(+20 for winning)
|l|☆kuromi_fofucha78
|player|p1|
|l|☆vucxh
|player|p2|
