|j|☆baansodboi
|j|☆DarrenBuffet
|t:|1779883849
|gametype|singles
|player|p1|baansodboi|265|1291
|player|p2|DarrenBuffet|hilda|1254
|gen|9
|tier|[Gen 9] OU
|rated|
|rule|HP Percentage Mod: HP is shown in percentages
|rule|Endless Battle Clause: Forcing endless battles is banned
|rule|Species Clause: Limit one of each Pokémon
|rule|OHKO Clause: OHKO moves are banned
|rule|Evasion Items Clause: Evasion items are banned
|rule|Evasion Moves Clause: Evasion moves are banned
|rule|Evasion Abilities Clause: Evasion abilities are banned
|rule|Sleep Moves Clause: Sleep-inducing moves are banned
|clearpoke
|poke|p1|Drifblim, M|
|poke|p1|Pincurchin, M|
|poke|p1|Grimmsnarl, M|
|poke|p1|Raichu-Alola, M|
|poke|p1|Haxorus, M|
|poke|p1|Corviknight, M|
|poke|p2|Ceruledge, M|
|poke|p2|Primarina, F|
|poke|p2|Kingambit, M|
|poke|p2|Garchomp, M|
|poke|p2|Corviknight, M|
|poke|p2|Ursaluna, M|
|teampreview
|l|☆baansodboi
|player|p1|
|inactive|Battle timer is ON: inactive players will automatically lose when time's up. (requested by DarrenBuffet)
|inactive|baansodboi has 30 seconds to reconnect!
|inactive|baansodboi has 20 seconds to reconnect!
|inactive|baansodboi has 15 seconds to reconnect!
|inactive|baansodboi has 10 seconds to reconnect!
|j|☆baansodboi
|inactive|baansodboi reconnected and has 100 seconds left.
|player|p1|baansodboi|265|
|
|t:|1779883930
|teamsize|p1|6
|teamsize|p2|6
|start
|switch|p1a: Grimmsnarl|Grimmsnarl, M, shiny|100/100
|switch|p2a: Ursaluna|Ursaluna, M|100/100
|turn|1
|
|t:|1779883954
|move|p1a: Grimmsnarl|Bulk Up|p1a: Grimmsnarl
|-boost|p1a: Grimmsnarl|atk|1
|-boost|p1a: Grimmsnarl|def|1
|move|p2a: Ursaluna|Play Rough|p1a: Grimmsnarl
|-supereffective|p1a: Grimmsnarl
|-damage|p1a: Grimmsnarl|28/100
|
|-status|p2a: Ursaluna|brn|[from] item: Flame Orb
|upkeep
|turn|2
|
|t:|1779883973
|-terastallize|p1a: Grimmsnarl|Steel
|move|p1a: Grimmsnarl|Spirit Break|p2a: Ursaluna
|-crit|p2a: Ursaluna
|-damage|p2a: Ursaluna|33/100 brn
|-unboost|p2a: Ursaluna|spa|1
|move|p2a: Ursaluna|Facade|p1a: Grimmsnarl
|-resisted|p1a: Grimmsnarl
|-damage|p1a: Grimmsnarl|0 fnt
|faint|p1a: Grimmsnarl
|
|-damage|p2a: Ursaluna|27/100 brn|[from] brn
|upkeep
|inactive|baansodboi has 120 seconds left.
|
|t:|1779884004
|switch|p1a: Raichu|Raichu-Alola, M, shiny|100/100
|turn|3
|
|t:|1779884010
|move|p1a: Raichu|Surf|p2a: Ursaluna
|-supereffective|p2a: Ursaluna
|-damage|p2a: Ursaluna|0 fnt
|faint|p2a: Ursaluna
|
|upkeep
|
|t:|1779884018
|switch|p2a: Garchomp|Garchomp, M|100/100
|turn|4
|
|t:|1779884025
|switch|p1a: Corviknight|Corviknight, M, shiny|100/100
|move|p2a: Garchomp|Dragon Claw|p1a: Corviknight
|-resisted|p1a: Corviknight
|-damage|p1a: Corviknight|84/100
|-damage|p2a: Garchomp|84/100|[from] item: Rocky Helmet|[of] p1a: Corviknight
|
|upkeep
|turn|5
|inactive|baansodboi has 120 seconds left.
|
|t:|1779884040
|move|p2a: Garchomp|Swords Dance|p2a: Garchomp
|-boost|p2a: Garchomp|atk|2
|move|p1a: Corviknight|Body Press|p2a: Garchomp
|-damage|p2a: Garchomp|59/100
|-damage|p1a: Corviknight|71/100|[from] ability: Rough Skin|[of] p2a: Garchomp
|-damage|p1a: Corviknight|55/100|[from] item: Rocky Helmet|[of] p2a: Garchomp
|
|upkeep
|turn|6
|
|t:|1779884050
|move|p2a: Garchomp|Dragon Claw|p1a: Corviknight
|-resisted|p1a: Corviknight
|-damage|p1a: Corviknight|22/100
|-damage|p2a: Garchomp|43/100|[from] item: Rocky Helmet|[of] p1a: Corviknight
|move|p1a: Corviknight|Iron Defense|p1a: Corviknight
|-boost|p1a: Corviknight|def|2
|
|upkeep
|turn|7
|
|t:|1779884058
|move|p2a: Garchomp|Dragon Claw|p1a: Corviknight
|-resisted|p1a: Corviknight
|-damage|p1a: Corviknight|6/100
|-damage|p2a: Garchomp|26/100|[from] item: Rocky Helmet|[of] p1a: Corviknight
|move|p1a: Corviknight|Roost|p1a: Corviknight
|-heal|p1a: Corviknight|56/100
|-singleturn|p1a: Corviknight|move: Roost
|
|upkeep
|turn|8
|
|t:|1779884067
|switch|p2a: Ceruledge|Ceruledge, M|100/100
|move|p1a: Corviknight|Roost|p1a: Corviknight
|-heal|p1a: Corviknight|100/100
|-singleturn|p1a: Corviknight|move: Roost
|
|upkeep
|turn|9
|
|t:|1779884076
|switch|p1a: Pincurchin|Pincurchin, M, shiny|100/100
|-fieldstart|move: Electric Terrain|[from] ability: Electric Surge|[of] p1a: Pincurchin
|move|p2a: Ceruledge|Bulk Up|p2a: Ceruledge
|-boost|p2a: Ceruledge|atk|1
|-boost|p2a: Ceruledge|def|1
|
|upkeep
|turn|10
|
|t:|1779884087
|move|p2a: Ceruledge|Bitter Blade|p1a: Pincurchin
|-damage|p1a: Pincurchin|0 fnt
|faint|p1a: Pincurchin
|-damage|p2a: Ceruledge|91/100|[from] item: Life Orb
|
|upkeep
|
|t:|1779884095
|switch|p1a: Raichu|Raichu-Alola, M, shiny|100/100
|turn|11
|
|t:|1779884100
|move|p1a: Raichu|Surf|p2a: Ceruledge
|-supereffective|p2a: Ceruledge
|-damage|p2a: Ceruledge|21/100
|move|p2a: Ceruledge|Bitter Blade|p1a: Raichu
|-enditem|p1a: Raichu|Focus Sash
|-damage|p1a: Raichu|1/100
|-heal|p2a: Ceruledge|66/100|[from] drain|[of] p1a: Raichu
|-damage|p2a: Ceruledge|56/100|[from] item: Life Orb
|
|upkeep
|turn|12
|
|t:|1779884114
|switch|p2a: Corviknight|Corviknight, M|100/100
|move|p1a: Raichu|Surf|p2a: Corviknight
|-damage|p2a: Corviknight|74/100
|
|-heal|p2a: Corviknight|81/100|[from] item: Leftovers
|upkeep
|turn|13
|
|t:|1779884122
|move|p1a: Raichu|Nasty Plot|p1a: Raichu
|-boost|p1a: Raichu|spa|2
|move|p2a: Corviknight|Brave Bird|p1a: Raichu
|-resisted|p1a: Raichu
|-damage|p1a: Raichu|0 fnt
|faint|p1a: Raichu
|-damage|p2a: Corviknight|80/100|[from] Recoil
|
|-heal|p2a: Corviknight|87/100|[from] item: Leftovers
|upkeep
|
|t:|1779884134
|switch|p1a: Drifblim|Drifblim, M, shiny|100/100
|-enditem|p1a: Drifblim|Electric Seed
|-boost|p1a: Drifblim|def|1|[from] item: Electric Seed
|turn|14
|
|t:|1779884139
|move|p1a: Drifblim|Calm Mind|p1a: Drifblim
|-boost|p1a: Drifblim|spa|1
|-boost|p1a: Drifblim|spd|1
|move|p2a: Corviknight|Brave Bird|p1a: Drifblim
|-damage|p1a: Drifblim|57/100
|-damage|p2a: Corviknight|69/100|[from] Recoil
|
|-heal|p2a: Corviknight|76/100|[from] item: Leftovers
|upkeep
|turn|15
|
|t:|1779884149
|move|p1a: Drifblim|Calm Mind|p1a: Drifblim
|-boost|p1a: Drifblim|spa|1
|-boost|p1a: Drifblim|spd|1
|move|p2a: Corviknight|Brave Bird|p1a: Drifblim
|-damage|p1a: Drifblim|18/100
|-damage|p2a: Corviknight|60/100|[from] Recoil
|
|-heal|p2a: Corviknight|66/100|[from] item: Leftovers
|upkeep
|turn|16
|
|t:|1779884158
|move|p1a: Drifblim|Strength Sap|p2a: Corviknight
|-ability|p2a: Corviknight|Mirror Armor
|-unboost|p1a: Drifblim|atk|1
|-heal|p1a: Drifblim|74/100
|move|p2a: Corviknight|Brave Bird|p1a: Drifblim
|-damage|p1a: Drifblim|31/100
|-damage|p2a: Corviknight|49/100|[from] Recoil
|
|-heal|p2a: Corviknight|55/100|[from] item: Leftovers
|-fieldend|move: Electric Terrain
|upkeep
|turn|17
|
|t:|1779884171
|switch|p2a: Primarina|Primarina, F|100/100
|move|p1a: Drifblim|Thunderbolt|p2a: Primarina
|-supereffective|p2a: Primarina
|-damage|p2a: Primarina|16/100
|
|-heal|p2a: Primarina|22/100|[from] item: Leftovers
|upkeep
|turn|18
|
|t:|1779884181
|move|p1a: Drifblim|Air Slash|p2a: Primarina|[miss]
|-miss|p1a: Drifblim|p2a: Primarina
|move|p2a: Primarina|Ice Beam|p1a: Drifblim
|-supereffective|p1a: Drifblim
|-damage|p1a: Drifblim|0 fnt
|faint|p1a: Drifblim
|
|-heal|p2a: Primarina|29/100|[from] item: Leftovers
|upkeep
|
|t:|1779884191
|switch|p1a: Haxorus|Haxorus, M, shiny|100/100
|-ability|p1a: Haxorus|Mold Breaker
|turn|19
|
|t:|1779884195
|move|p1a: Haxorus|Iron Head|p2a: Primarina
|-damage|p2a: Primarina|0 fnt
|faint|p2a: Primarina
|
|upkeep
|
|t:|1779884202
|switch|p2a: Garchomp|Garchomp, M|26/100
|turn|20
|
|t:|1779884206
|switch|p1a: Corviknight|Corviknight, M, shiny|100/100
|move|p2a: Garchomp|Dragon Claw|p1a: Corviknight
|-resisted|p1a: Corviknight
|-damage|p1a: Corviknight|85/100
|-damage|p2a: Garchomp|10/100|[from] item: Rocky Helmet|[of] p1a: Corviknight
|
|upkeep
|turn|21
|
|t:|1779884217
|move|p2a: Garchomp|Dragon Claw|p1a: Corviknight
|-resisted|p1a: Corviknight
|-damage|p1a: Corviknight|68/100
|-damage|p2a: Garchomp|0 fnt|[from] item: Rocky Helmet|[of] p1a: Corviknight
|faint|p2a: Garchomp
|move|p1a: Corviknight|Body Press|p2: Garchomp|[notarget]
|-fail|p1a: Corviknight
|
|upkeep
|
|t:|1779884220
|switch|p2a: Ceruledge|Ceruledge, M|56/100
|turn|22
|
|t:|1779884227
|switch|p1a: Haxorus|Haxorus, M, shiny|100/100
|-ability|p1a: Haxorus|Mold Breaker
|move|p2a: Ceruledge|Bulk Up|p2a: Ceruledge
|-boost|p2a: Ceruledge|atk|1
|-boost|p2a: Ceruledge|def|1
|
|upkeep
|turn|23
|
|t:|1779884239
|move|p2a: Ceruledge|Bulk Up|p2a: Ceruledge
|-boost|p2a: Ceruledge|atk|1
|-boost|p2a: Ceruledge|def|1
|move|p1a: Haxorus|Dragon Dance|p1a: Haxorus
|-boost|p1a: Haxorus|atk|1
|-boost|p1a: Haxorus|spe|1
|
|upkeep
|turn|24
|
|t:|1779884247
|move|p1a: Haxorus|Iron Head|p2a: Ceruledge
|-resisted|p2a: Ceruledge
|-damage|p2a: Ceruledge|39/100
|-ability|p2a: Ceruledge|Weak Armor|boost
|-unboost|p2a: Ceruledge|def|1
|-boost|p2a: Ceruledge|spe|2
|move|p2a: Ceruledge|Bitter Blade|p1a: Haxorus
|-resisted|p1a: Haxorus
|-damage|p1a: Haxorus|24/100
|-heal|p2a: Ceruledge|77/100|[from] drain|[of] p1a: Haxorus
|-damage|p2a: Ceruledge|68/100|[from] item: Life Orb
|
|upkeep
|turn|25
|-message|baansodboi forfeited.
|
|win|DarrenBuffet
|raw|baansodboi's rating: 1291 &rarr; <strong>1263</strong><br />(-28 for losing)
|raw|DarrenBuffet's rating: 1254 &rarr; <strong>1282</strong><br />(+28 for winning)
|l|☆baansodboi
|player|p1|
|l|☆DarrenBuffet
|player|p2|
