|j|☆QwerDfis
|j|☆pnb246
|t:|1779965663
|gametype|singles
|player|p1|QwerDfis|pokemonranger-gen4|1168
|player|p2|pnb246|iris-gen5bw2|1126
|gen|9
|tier|[Gen 9] OU
|rated|
|rule|HP Percentage Mod: HP is shown in percentages
|rule|Endless Battle Clause: Forcing endless battles is banned
|rule|Species Clause: Limit one of each Pokémon
|rule|OHKO Clause: OHKO moves are banned
|rule|Evasion Items Clause: Evasion items are banned
|rule|Evasion Moves Clause: Evasion moves are banned
|rule|Evasion Abilities Clause: Evasion abilities are banned
|rule|Sleep Moves Clause: Sleep-inducing moves are banned
|clearpoke
|poke|p1|Charjabug, M|
|poke|p1|Minior-Violet|
|poke|p1|Magneton|
|poke|p1|Forretress, M|
|poke|p1|Appletun, M|
|poke|p1|Wugtrio, M|
|poke|p2|Ting-Lu|
|poke|p2|Gholdengo|
|poke|p2|Alomomola, F|
|poke|p2|Rillaboom, F|
|poke|p2|Great Tusk|
|poke|p2|Ogerpon-Wellspring, F|
|teampreview
|inactive|Battle timer is ON: inactive players will automatically lose when time's up. (requested by pnb246)
|
|t:|1779965671
|teamsize|p1|6
|teamsize|p2|6
|start
|switch|p1a: Forretress|Forretress, M|100/100
|switch|p2a: Rillaboom|Rillaboom, F|100/100
|-fieldstart|move: Grassy Terrain|[from] ability: Grassy Surge|[of] p2a: Rillaboom
|turn|1
|
|t:|1779965684
|move|p2a: Rillaboom|U-turn|p1a: Forretress
|-resisted|p1a: Forretress
|-damage|p1a: Forretress|90/100
|
|t:|1779965689
|switch|p2a: Ogerpon|Ogerpon-Wellspring, F|100/100|[from] U-turn
|move|p1a: Forretress|Spikes|p2a: Ogerpon
|-sidestart|p2: pnb246|Spikes
|
|-heal|p1a: Forretress|97/100|[from] Grassy Terrain
|-heal|p1a: Forretress|100/100|[from] item: Leftovers
|upkeep
|turn|2
|
|t:|1779965693
|move|p2a: Ogerpon|Swords Dance|p2a: Ogerpon
|-boost|p2a: Ogerpon|atk|2
|move|p1a: Forretress|Thunder Wave|p2a: Ogerpon
|-status|p2a: Ogerpon|par
|
|upkeep
|turn|3
|inactive|pnb246 has 120 seconds left.
|
|t:|1779965732
|move|p2a: Ogerpon|Ivy Cudgel|p1a: Forretress|[anim] Ivy Cudgel Water
|-damage|p1a: Forretress|32/100
|move|p1a: Forretress|Spikes|p2a: Ogerpon
|-sidestart|p2: pnb246|Spikes
|
|-heal|p1a: Forretress|39/100|[from] Grassy Terrain
|-heal|p1a: Forretress|45/100|[from] item: Leftovers
|upkeep
|turn|4
|
|t:|1779965738
|move|p2a: Ogerpon|Ivy Cudgel|p1a: Forretress|[anim] Ivy Cudgel Water
|-damage|p1a: Forretress|0 fnt
|faint|p1a: Forretress
|
|upkeep
|
|t:|1779965758
|switch|p1a: Charjabug|Charjabug, M|100/100
|turn|5
|
|t:|1779965776
|move|p2a: Ogerpon|Horn Leech|p1a: Charjabug
|-resisted|p1a: Charjabug
|-damage|p1a: Charjabug|50/100
|move|p1a: Charjabug|Sticky Web|p2a: Ogerpon
|-sidestart|p2: pnb246|move: Sticky Web
|
|-heal|p1a: Charjabug|56/100|[from] Grassy Terrain
|-heal|p1a: Charjabug|62/100|[from] item: Leftovers
|-fieldend|move: Grassy Terrain
|upkeep
|turn|6
|
|t:|1779965780
|move|p2a: Ogerpon|Ivy Cudgel|p1a: Charjabug|[anim] Ivy Cudgel Water
|-damage|p1a: Charjabug|0 fnt
|faint|p1a: Charjabug
|
|upkeep
|
|t:|1779965789
|switch|p1a: Magneton|Magneton, shiny|100/100
|turn|7
|
|t:|1779965809
|move|p1a: Magneton|Lock-On|p2a: Ogerpon
|-activate|p1a: Magneton|move: Lock-On|[of] p2a: Ogerpon
|move|p2a: Ogerpon|Ivy Cudgel|p1a: Magneton|[anim] Ivy Cudgel Water
|-damage|p1a: Magneton|15/100
|
|upkeep
|turn|8
|
|t:|1779965814
|move|p1a: Magneton|Zap Cannon|p2a: Ogerpon
|-crit|p2a: Ogerpon
|-damage|p2a: Ogerpon|0 fnt
|faint|p2a: Ogerpon
|
|upkeep
|
|t:|1779965824
|switch|p2a: Great Tusk|Great Tusk|100/100
|turn|9
|
|t:|1779965832
|move|p2a: Great Tusk|Rapid Spin|p1a: Magneton
|-resisted|p1a: Magneton
|-damage|p1a: Magneton|9/100
|-boost|p2a: Great Tusk|spe|1
|-sideend|p2: pnb246|Spikes|[from] move: Rapid Spin|[of] p2a: Great Tusk
|-sideend|p2: pnb246|Sticky Web|[from] move: Rapid Spin|[of] p2a: Great Tusk
|move|p1a: Magneton|Flash Cannon|p2a: Great Tusk
|-damage|p2a: Great Tusk|14/100
|
|upkeep
|turn|10
|
|t:|1779965842
|move|p2a: Great Tusk|Rapid Spin|p1a: Magneton
|-resisted|p1a: Magneton
|-damage|p1a: Magneton|2/100
|-boost|p2a: Great Tusk|spe|1
|move|p1a: Magneton|Flash Cannon|p2a: Great Tusk
|-damage|p2a: Great Tusk|0 fnt
|faint|p2a: Great Tusk
|-end|p2a: Great Tusk|Protosynthesis|[silent]
|
|upkeep
|
|t:|1779965846
|switch|p2a: Ting-Lu|Ting-Lu|100/100
|-ability|p2a: Ting-Lu|Vessel of Ruin
|turn|11
|
|t:|1779965857
|move|p1a: Magneton|Flash Cannon|p2a: Ting-Lu
|-damage|p2a: Ting-Lu|76/100
|-unboost|p2a: Ting-Lu|spd|1
|move|p2a: Ting-Lu|Earthquake|p1a: Magneton
|-supereffective|p1a: Magneton
|-damage|p1a: Magneton|0 fnt
|faint|p1a: Magneton
|
|-heal|p2a: Ting-Lu|82/100|[from] item: Leftovers
|upkeep
|
|t:|1779965861
|switch|p1a: Wugtrio|Wugtrio, M|100/100
|turn|12
|
|t:|1779965869
|switch|p2a: Alomomola|Alomomola, F|100/100
|-terastallize|p1a: Wugtrio|Water
|move|p1a: Wugtrio|Liquidation|p2a: Alomomola
|-resisted|p2a: Alomomola
|-damage|p2a: Alomomola|80/100
|-damage|p1a: Wugtrio|84/100|[from] item: Rocky Helmet|[of] p2a: Alomomola
|
|upkeep
|turn|13
|
|t:|1779965880
|switch|p1a: Appletun|Appletun, M|100/100
|move|p2a: Alomomola|Body Slam|p1a: Appletun
|-damage|p1a: Appletun|88/100
|
|upkeep
|turn|14
|
|t:|1779965894
|move|p2a: Alomomola|Flip Turn|p1a: Appletun
|-resisted|p1a: Appletun
|-damage|p1a: Appletun|85/100
|
|t:|1779965898
|switch|p2a: Rillaboom|Rillaboom, F|100/100|[from] Flip Turn
|-fieldstart|move: Grassy Terrain|[from] ability: Grassy Surge|[of] p2a: Rillaboom
|move|p1a: Appletun|Leech Seed|p2a: Rillaboom
|-immune|p2a: Rillaboom
|
|-heal|p1a: Appletun|91/100|[from] Grassy Terrain
|upkeep
|turn|15
|
|t:|1779965908
|move|p2a: Rillaboom|U-turn|p1a: Appletun
|-supereffective|p1a: Appletun
|-damage|p1a: Appletun|22/100
|-activate|p1a: Appletun|ability: Ripen
|-enditem|p1a: Appletun|Sitrus Berry|[eat]
|-heal|p1a: Appletun|71/100|[from] item: Sitrus Berry
|
|t:|1779965912
|switch|p2a: Gholdengo|Gholdengo|100/100|[from] U-turn
|-item|p2a: Gholdengo|Air Balloon
|move|p1a: Appletun|Draco Meteor|p2a: Gholdengo
|-resisted|p2a: Gholdengo
|-damage|p2a: Gholdengo|75/100
|-unboost|p1a: Appletun|spa|2
|-enditem|p2a: Gholdengo|Air Balloon
|
|-heal|p2a: Gholdengo|81/100|[from] Grassy Terrain
|-heal|p1a: Appletun|78/100|[from] Grassy Terrain
|upkeep
|turn|16
|
|t:|1779965915
|move|p2a: Gholdengo|Nasty Plot|p2a: Gholdengo
|-boost|p2a: Gholdengo|spa|2
|move|p1a: Appletun|Leech Seed|p2a: Gholdengo
|-immune|p2a: Gholdengo|[from] ability: Good as Gold
|
|-heal|p2a: Gholdengo|87/100|[from] Grassy Terrain
|-heal|p1a: Appletun|84/100|[from] Grassy Terrain
|upkeep
|turn|17
|inactive|pnb246 has 120 seconds left.
|
|t:|1779965947
|move|p2a: Gholdengo|Nasty Plot|p2a: Gholdengo
|-boost|p2a: Gholdengo|spa|2
|move|p1a: Appletun|Giga Drain|p2a: Gholdengo
|-resisted|p2a: Gholdengo
|-damage|p2a: Gholdengo|78/100
|-heal|p1a: Appletun|88/100|[from] drain|[of] p2a: Gholdengo
|
|-heal|p2a: Gholdengo|84/100|[from] Grassy Terrain
|-heal|p1a: Appletun|94/100|[from] Grassy Terrain
|upkeep
|turn|18
|
|t:|1779965951
|move|p2a: Gholdengo|Make It Rain|p1a: Appletun
|-damage|p1a: Appletun|0 fnt
|-unboost|p2a: Gholdengo|spa|1
|faint|p1a: Appletun
|
|-heal|p2a: Gholdengo|90/100|[from] Grassy Terrain
|-fieldend|move: Grassy Terrain
|upkeep
|
|t:|1779965953
|switch|p1a: Wugtrio|Wugtrio, M, tera:Water|84/100
|turn|19
|
|t:|1779965962
|move|p1a: Wugtrio|Throat Chop|p2a: Gholdengo
|-supereffective|p2a: Gholdengo
|-damage|p2a: Gholdengo|26/100
|-start|p2a: Gholdengo|Throat Chop|[silent]
|move|p2a: Gholdengo|Shadow Ball|p1a: Wugtrio
|-damage|p1a: Wugtrio|0 fnt
|faint|p1a: Wugtrio
|
|upkeep
|
|t:|1779965965
|switch|p1a: Minior|Minior-Violet, shiny|100/100
|-formechange|p1a: Minior|Minior-Meteor||[from] ability: Shields Down
|turn|20
|
|t:|1779965976
|move|p1a: Minior|Earth Power|p2a: Gholdengo
|-supereffective|p2a: Gholdengo
|-damage|p2a: Gholdengo|0 fnt
|faint|p2a: Gholdengo
|
|upkeep
|
|t:|1779965980
|switch|p2a: Rillaboom|Rillaboom, F|100/100
|-fieldstart|move: Grassy Terrain|[from] ability: Grassy Surge|[of] p2a: Rillaboom
|turn|21
|
|t:|1779965985
|move|p2a: Rillaboom|Grassy Glide|p1a: Minior
|-damage|p1a: Minior|20/100
|move|p1a: Minior|Calm Mind|p1a: Minior
|-boost|p1a: Minior|spa|1
|-boost|p1a: Minior|spd|1
|
|-heal|p1a: Minior|26/100|[from] item: Leftovers
|-formechange|p1a: Minior|Minior-Violet||[from] ability: Shields Down
|upkeep
|turn|22
|
|t:|1779965991
|move|p1a: Minior|Protect|p1a: Minior
|-singleturn|p1a: Minior|Protect
|move|p2a: Rillaboom|Grassy Glide|p1a: Minior
|-activate|p1a: Minior|move: Protect
|
|-heal|p1a: Minior|32/100|[from] item: Leftovers
|upkeep
|turn|23
|
|t:|1779965997
|move|p2a: Rillaboom|Grassy Glide|p1a: Minior
|-damage|p1a: Minior|0 fnt
|faint|p1a: Minior
|
|win|pnb246
|raw|QwerDfis's rating: 1168 &rarr; <strong>1142</strong><br />(-26 for losing)
|raw|pnb246's rating: 1153 &rarr; <strong>1179</strong><br />(+26 for winning)
|l|☆pnb246
|player|p2|
|l|☆QwerDfis
|player|p1|
