|j|☆Litterpaws
|j|☆elsacakk
|t:|1779927621
|gametype|singles
|player|p1|Litterpaws|cynthia|1071
|player|p2|elsacakk|chuck|1130
|gen|9
|tier|[Gen 9] OU
|rated|
|rule|HP Percentage Mod: HP is shown in percentages
|rule|Endless Battle Clause: Forcing endless battles is banned
|rule|Species Clause: Limit one of each Pokémon
|rule|OHKO Clause: OHKO moves are banned
|rule|Evasion Items Clause: Evasion items are banned
|rule|Evasion Moves Clause: Evasion moves are banned
|rule|Evasion Abilities Clause: Evasion abilities are banned
|rule|Sleep Moves Clause: Sleep-inducing moves are banned
|clearpoke
|poke|p1|Dusclops, F|
|poke|p1|Dipplin, F|
|poke|p1|Sliggoo-Hisui, M|
|poke|p1|Toxapex, M|
|poke|p1|Clefable, F|
|poke|p1|Diancie|
|poke|p2|Torkoal, F|
|poke|p2|Clodsire, M|
|poke|p2|Ogerpon-Cornerstone, F|
|poke|p2|Great Tusk|
|poke|p2|Blissey, F|
|poke|p2|Lilligant, F|
|teampreview
|inactive|Battle timer is ON: inactive players will automatically lose when time's up. (requested by Litterpaws)
|
|t:|1779927631
|teamsize|p1|6
|teamsize|p2|6
|start
|switch|p1a: Diancie|Diancie|100/100
|switch|p2a: Torkoal|Torkoal, F|100/100
|-weather|SunnyDay|[from] ability: Drought|[of] p2a: Torkoal
|turn|1
|
|t:|1779927641
|move|p1a: Diancie|Diamond Storm|p2a: Torkoal
|-supereffective|p2a: Torkoal
|-damage|p2a: Torkoal|24/100
|-boost|p1a: Diancie|def|2
|move|p2a: Torkoal|Will-O-Wisp|p1a: Diancie
|-status|p1a: Diancie|brn
|
|-weather|SunnyDay|[upkeep]
|-damage|p1a: Diancie|94/100 brn|[from] brn
|upkeep
|turn|2
|
|t:|1779927659
|switch|p2a: Lilligant|Lilligant, F|100/100
|move|p1a: Diancie|Amnesia|p1a: Diancie
|-boost|p1a: Diancie|spd|2
|
|-weather|SunnyDay|[upkeep]
|-heal|p1a: Diancie|100/100 brn|[from] item: Leftovers
|-damage|p1a: Diancie|94/100 brn|[from] brn
|upkeep
|turn|3
|
|t:|1779927672
|-terastallize|p2a: Lilligant|Grass
|move|p2a: Lilligant|Quiver Dance|p2a: Lilligant
|-boost|p2a: Lilligant|spa|1
|-boost|p2a: Lilligant|spd|1
|-boost|p2a: Lilligant|spe|1
|move|p1a: Diancie|Amnesia|p1a: Diancie
|-boost|p1a: Diancie|spd|2
|
|-weather|SunnyDay|[upkeep]
|-heal|p1a: Diancie|100/100 brn|[from] item: Leftovers
|-damage|p1a: Diancie|94/100 brn|[from] brn
|upkeep
|turn|4
|
|t:|1779927683
|move|p2a: Lilligant|Quiver Dance|p2a: Lilligant
|-boost|p2a: Lilligant|spa|1
|-boost|p2a: Lilligant|spd|1
|-boost|p2a: Lilligant|spe|1
|move|p1a: Diancie|Amnesia|p1a: Diancie
|-boost|p1a: Diancie|spd|2
|
|-weather|SunnyDay|[upkeep]
|-heal|p1a: Diancie|100/100 brn|[from] item: Leftovers
|-damage|p1a: Diancie|94/100 brn|[from] brn
|upkeep
|turn|5
|
|t:|1779927695
|move|p2a: Lilligant|Quiver Dance|p2a: Lilligant
|-boost|p2a: Lilligant|spa|1
|-boost|p2a: Lilligant|spd|1
|-boost|p2a: Lilligant|spe|1
|move|p1a: Diancie|Body Slam|p2a: Lilligant
|-damage|p2a: Lilligant|84/100
|
|-weather|SunnyDay|[upkeep]
|-heal|p1a: Diancie|100/100 brn|[from] item: Leftovers
|-damage|p1a: Diancie|94/100 brn|[from] brn
|upkeep
|turn|6
|
|t:|1779927704
|move|p2a: Lilligant|Giga Drain|p1a: Diancie
|-supereffective|p1a: Diancie
|-damage|p1a: Diancie|43/100 brn
|-heal|p2a: Lilligant|100/100|[from] drain|[of] p1a: Diancie
|move|p1a: Diancie|Diamond Storm|p2a: Lilligant
|-crit|p2a: Lilligant
|-damage|p2a: Lilligant|54/100
|-boost|p1a: Diancie|def|2
|
|-weather|SunnyDay|[upkeep]
|-heal|p1a: Diancie|49/100 brn|[from] item: Leftovers
|-damage|p1a: Diancie|43/100 brn|[from] brn
|upkeep
|turn|7
|
|t:|1779927717
|move|p2a: Lilligant|Giga Drain|p1a: Diancie
|-supereffective|p1a: Diancie
|-damage|p1a: Diancie|0 fnt
|-heal|p2a: Lilligant|73/100|[from] drain|[of] p1a: Diancie
|faint|p1a: Diancie
|
|-weather|SunnyDay|[upkeep]
|upkeep
|
|t:|1779927734
|switch|p1a: Dipplin|Dipplin, F|100/100
|turn|8
|
|t:|1779927742
|move|p2a: Lilligant|Alluring Voice|p1a: Dipplin
|-supereffective|p1a: Dipplin
|-damage|p1a: Dipplin|22/100
|move|p1a: Dipplin|Gyro Ball|p2a: Lilligant
|-damage|p2a: Lilligant|40/100
|
|-weather|none
|upkeep
|turn|9
|
|t:|1779927753
|move|p2a: Lilligant|Alluring Voice|p1a: Dipplin
|-supereffective|p1a: Dipplin
|-damage|p1a: Dipplin|0 fnt
|faint|p1a: Dipplin
|
|upkeep
|
|t:|1779927757
|switch|p1a: Clefable|Clefable, F|100/100
|turn|10
|
|t:|1779927767
|move|p2a: Lilligant|Giga Drain|p1a: Clefable
|-damage|p1a: Clefable|0 fnt
|-heal|p2a: Lilligant|98/100|[from] drain|[of] p1a: Clefable
|faint|p1a: Clefable
|
|upkeep
|
|t:|1779927772
|switch|p1a: Toxapex|Toxapex, M|100/100
|turn|11
|
|t:|1779927780
|-terastallize|p1a: Toxapex|Stellar
|move|p2a: Lilligant|Giga Drain|p1a: Toxapex
|-damage|p1a: Toxapex|0 fnt
|-heal|p2a: Lilligant|100/100|[from] drain|[of] p1a: Toxapex
|faint|p1a: Toxapex
|
|upkeep
|
|t:|1779927785
|switch|p1a: Dusclops|Dusclops, F|100/100
|-ability|p1a: Dusclops|Pressure
|turn|12
|
|t:|1779927795
|move|p2a: Lilligant|Giga Drain|p1a: Dusclops
|-damage|p1a: Dusclops|36/100
|move|p1a: Dusclops|Leech Life|p2a: Lilligant
|-supereffective|p2a: Lilligant
|-damage|p2a: Lilligant|66/100
|-heal|p1a: Dusclops|57/100|[from] drain|[of] p2a: Lilligant
|
|upkeep
|turn|13
|
|t:|1779927818
|move|p2a: Lilligant|Giga Drain|p1a: Dusclops
|-damage|p1a: Dusclops|0 fnt
|-heal|p2a: Lilligant|90/100|[from] drain|[of] p1a: Dusclops
|faint|p1a: Dusclops
|
|upkeep
|
|t:|1779927820
|switch|p1a: Sliggoo|Sliggoo-Hisui, M|100/100
|turn|14
|
|t:|1779927827
|move|p2a: Lilligant|Alluring Voice|p1a: Sliggoo
|-damage|p1a: Sliggoo|55/100
|move|p1a: Sliggoo|Acid Armor|p1a: Sliggoo
|-boost|p1a: Sliggoo|def|2
|
|upkeep
|turn|15
|
|t:|1779927835
|move|p2a: Lilligant|Alluring Voice|p1a: Sliggoo
|-damage|p1a: Sliggoo|13/100
|move|p1a: Sliggoo|Ice Beam|p2a: Lilligant
|-supereffective|p2a: Lilligant
|-damage|p2a: Lilligant|62/100
|
|upkeep
|turn|16
|c|☆Litterpaws|Gg
|
|t:|1779927842
|move|p2a: Lilligant|Alluring Voice|p1a: Sliggoo
|-damage|p1a: Sliggoo|0 fnt
|faint|p1a: Sliggoo
|
|win|elsacakk
|raw|Litterpaws's rating: 1071 &rarr; <strong>1054</strong><br />(-17 for losing)
|raw|elsacakk's rating: 1130 &rarr; <strong>1151</strong><br />(+21 for winning)
|c|☆elsacakk|gg
|l|☆Litterpaws
|player|p1|
|l|☆elsacakk
|player|p2|
