|j|☆dfih
|j|☆its tetover
|t:|1779945052
|gametype|singles
|player|p1|dfih|cynthia-masters4|1580
|player|p2|its tetover|gardenia|1556
|gen|9
|tier|[Gen 9] OU
|rated|
|rule|HP Percentage Mod: HP is shown in percentages
|rule|Endless Battle Clause: Forcing endless battles is banned
|rule|Species Clause: Limit one of each Pokémon
|rule|OHKO Clause: OHKO moves are banned
|rule|Evasion Items Clause: Evasion items are banned
|rule|Evasion Moves Clause: Evasion moves are banned
|rule|Evasion Abilities Clause: Evasion abilities are banned
|rule|Sleep Moves Clause: Sleep-inducing moves are banned
|clearpoke
|poke|p1|Araquanid, F|
|poke|p1|Gholdengo|
|poke|p1|Kingambit, F|
|poke|p1|Raging Bolt|
|poke|p1|Enamorus, F|
|poke|p1|Iron Moth|
|poke|p2|Ribombee, F|
|poke|p2|Brambleghast, F|
|poke|p2|Pawmot, M|
|poke|p2|Kyurem|
|poke|p2|Ursaluna, M|
|poke|p2|Tornadus, M|
|teampreview
|inactive|Battle timer is ON: inactive players will automatically lose when time's up. (requested by dfih)
|
|t:|1779945098
|teamsize|p1|6
|teamsize|p2|6
|start
|switch|p1a: Raging Bolt|Raging Bolt|100/100
|switch|p2a: Tornadus|Tornadus, M|100/100
|-enditem|p1a: Raging Bolt|Booster Energy
|-activate|p1a: Raging Bolt|ability: Protosynthesis|[fromitem]
|-start|p1a: Raging Bolt|protosynthesisspa
|turn|1
|
|t:|1779945105
|move|p2a: Tornadus|Tailwind|p2a: Tornadus
|-sidestart|p2: its tetover|move: Tailwind
|move|p1a: Raging Bolt|Dragon Pulse|p2a: Tornadus
|-damage|p2a: Tornadus|33/100
|-enditem|p2a: Tornadus|Eject Button
|
|t:|1779945108
|switch|p2a: Ursaluna|Ursaluna, M|100/100
|
|-status|p2a: Ursaluna|brn|[from] item: Flame Orb
|upkeep
|turn|2
|
|t:|1779945120
|-terastallize|p1a: Raging Bolt|Ghost
|move|p2a: Ursaluna|Swords Dance|p2a: Ursaluna
|-boost|p2a: Ursaluna|atk|2
|move|p1a: Raging Bolt|Dragon Pulse|p2a: Ursaluna
|-damage|p2a: Ursaluna|41/100 brn
|
|-damage|p2a: Ursaluna|35/100 brn|[from] brn
|upkeep
|turn|3
|
|t:|1779945148
|move|p2a: Ursaluna|Fire Punch|p1a: Raging Bolt
|-damage|p1a: Raging Bolt|19/100
|move|p1a: Raging Bolt|Dragon Pulse|p2a: Ursaluna
|-damage|p2a: Ursaluna|0 fnt
|faint|p2a: Ursaluna
|
|upkeep
|
|t:|1779945158
|switch|p2a: Kyurem|Kyurem|100/100
|-ability|p2a: Kyurem|Pressure
|turn|4
|l|☆dfih
|inactive|dfih disconnected and has a minute to reconnect!
|player|p1|
|j|☆dfih
|inactive|dfih reconnected and has 120 seconds left.
|player|p1|dfih|cynthia-masters4|
|c|☆dfih|I forgot tailwind was up lol
|
|t:|1779945206
|-end|p1a: Raging Bolt|Protosynthesis|[silent]
|switch|p1a: Araquanid|Araquanid, F|100/100
|move|p2a: Kyurem|Freeze-Dry|p1a: Araquanid
|-supereffective|p1a: Araquanid
|-damage|p1a: Araquanid|38/100
|
|-sideend|p2: its tetover|move: Tailwind
|upkeep
|turn|5
|inactive|dfih has 90 seconds left.
|
|t:|1779945249
|move|p1a: Araquanid|Endure|p1a: Araquanid
|-singleturn|p1a: Araquanid|move: Endure
|move|p2a: Kyurem|Freeze-Dry|p1a: Araquanid
|-supereffective|p1a: Araquanid
|-activate|p1a: Araquanid|move: Endure
|-damage|p1a: Araquanid|1/100
|-status|p1a: Araquanid|frz
|
|upkeep
|turn|6
|inactive|its tetover has 120 seconds left.
|-enditem|p1a: Araquanid|Custap Berry|[eat]
|-activate|p1a: Araquanid|item: Custap Berry|[consumed]
|
|t:|1779945278
|-curestatus|p1a: Araquanid|frz|[msg]
|move|p1a: Araquanid|Sticky Web|p2a: Kyurem
|-sidestart|p2: its tetover|move: Sticky Web
|move|p2a: Kyurem|Freeze-Dry|p1a: Araquanid
|-supereffective|p1a: Araquanid
|-damage|p1a: Araquanid|0 fnt
|faint|p1a: Araquanid
|
|upkeep
|
|t:|1779945285
|switch|p1a: Kingambit|Kingambit, F|100/100
|-activate|p1a: Kingambit|ability: Supreme Overlord
|-start|p1a: Kingambit|fallen1|[silent]
|turn|7
|
|t:|1779945290
|switch|p2a: Pawmot|Pawmot, M|100/100
|-activate|p2a: Pawmot|move: Sticky Web
|-unboost|p2a: Pawmot|spe|1
|move|p1a: Kingambit|Iron Head|p2a: Pawmot
|-resisted|p2a: Pawmot
|-damage|p2a: Pawmot|59/100
|
|upkeep
|turn|8
|
|t:|1779945297
|move|p2a: Pawmot|Double Shock|p1a: Kingambit
|-damage|p1a: Kingambit|33/100
|-start|p2a: Pawmot|typechange|???/Fighting|[from] move: Double Shock
|-damage|p2a: Pawmot|50/100|[from] item: Life Orb
|move|p1a: Kingambit|Swords Dance|p1a: Kingambit
|-boost|p1a: Kingambit|atk|2
|
|upkeep
|turn|9
|
|t:|1779945302
|move|p2a: Pawmot|Mach Punch|p1a: Kingambit
|-supereffective|p1a: Kingambit
|-damage|p1a: Kingambit|0 fnt
|faint|p1a: Kingambit
|-end|p1a: Kingambit|fallen1|[silent]
|-damage|p2a: Pawmot|40/100|[from] item: Life Orb
|
|upkeep
|
|t:|1779945313
|switch|p1a: Enamorus|Enamorus, F|100/100
|turn|10
|
|t:|1779945327
|move|p1a: Enamorus|Moonblast|p2a: Pawmot
|-supereffective|p2a: Pawmot
|-damage|p2a: Pawmot|0 fnt
|faint|p2a: Pawmot
|
|upkeep
|
|t:|1779945329
|switch|p2a: Ribombee|Ribombee, F|100/100
|-activate|p2a: Ribombee|move: Sticky Web
|-unboost|p2a: Ribombee|spe|1
|turn|11
|
|t:|1779945337
|switch|p1a: Gholdengo|Gholdengo|100/100
|-item|p1a: Gholdengo|Air Balloon
|move|p2a: Ribombee|Tailwind|p2a: Ribombee
|-sidestart|p2: its tetover|move: Tailwind
|
|upkeep
|turn|12
|
|t:|1779945348
|move|p2a: Ribombee|Sticky Web|p1a: Gholdengo
|-sidestart|p1: dfih|move: Sticky Web
|move|p1a: Gholdengo|Nasty Plot|p1a: Gholdengo
|-boost|p1a: Gholdengo|spa|2
|
|upkeep
|turn|13
|
|t:|1779945371
|switch|p2a: Kyurem|Kyurem|100/100
|-activate|p2a: Kyurem|move: Sticky Web
|-unboost|p2a: Kyurem|spe|1
|-ability|p2a: Kyurem|Pressure
|move|p1a: Gholdengo|Shadow Ball|p2a: Kyurem
|-damage|p2a: Kyurem|49/100
|
|upkeep
|turn|14
|
|t:|1779945381
|move|p2a: Kyurem|Ice Beam|p1a: Gholdengo
|-resisted|p1a: Gholdengo
|-damage|p1a: Gholdengo|69/100
|-enditem|p1a: Gholdengo|Air Balloon
|move|p1a: Gholdengo|Shadow Ball|p2a: Kyurem
|-damage|p2a: Kyurem|3/100
|
|-sideend|p2: its tetover|move: Tailwind
|upkeep
|turn|15
|
|t:|1779945393
|move|p1a: Gholdengo|Shadow Ball|p2a: Kyurem
|-damage|p2a: Kyurem|0 fnt
|faint|p2a: Kyurem
|
|upkeep
|inactive|its tetover has 120 seconds left.
|inactive|its tetover has 90 seconds left.
|
|t:|1779945450
|switch|p2a: Ribombee|Ribombee, F|100/100
|-activate|p2a: Ribombee|move: Sticky Web
|-unboost|p2a: Ribombee|spe|1
|turn|16
|
|t:|1779945463
|move|p1a: Gholdengo|Shadow Ball|p2a: Ribombee
|-enditem|p2a: Ribombee|Focus Sash
|-damage|p2a: Ribombee|1/100
|move|p2a: Ribombee|Tailwind|p2a: Ribombee
|-sidestart|p2: its tetover|move: Tailwind
|
|upkeep
|turn|17
|inactive|its tetover has 90 seconds left.
|j| sustachi
|
|t:|1779945482
|move|p2a: Ribombee|Moonblast|p1a: Gholdengo
|-resisted|p1a: Gholdengo
|-damage|p1a: Gholdengo|52/100
|-unboost|p1a: Gholdengo|spa|1
|move|p1a: Gholdengo|Shadow Ball|p2a: Ribombee
|-crit|p2a: Ribombee
|-damage|p2a: Ribombee|0 fnt
|faint|p2a: Ribombee
|
|upkeep
|
|t:|1779945485
|switch|p2a: Tornadus|Tornadus, M|33/100
|turn|18
|
|t:|1779945491
|switch|p1a: Iron Moth|Iron Moth|100/100
|-activate|p1a: Iron Moth|move: Sticky Web
|-unboost|p1a: Iron Moth|spe|1
|-enditem|p1a: Iron Moth|Booster Energy
|-activate|p1a: Iron Moth|ability: Quark Drive|[fromitem]
|-start|p1a: Iron Moth|quarkdrivespa
|move|p2a: Tornadus|Heat Wave|p1a: Iron Moth
|-resisted|p1a: Iron Moth
|-damage|p1a: Iron Moth|87/100
|
|upkeep
|turn|19
|
|t:|1779945505
|move|p2a: Tornadus|Taunt|p1a: Iron Moth
|-start|p1a: Iron Moth|move: Taunt
|move|p1a: Iron Moth|Fiery Dance|p2a: Tornadus
|-damage|p2a: Tornadus|0 fnt
|faint|p2a: Tornadus
|
|-sideend|p2: its tetover|move: Tailwind
|upkeep
|
|t:|1779945507
|switch|p2a: Brambleghast|Brambleghast, F|100/100
|-activate|p2a: Brambleghast|move: Sticky Web
|-unboost|p2a: Brambleghast|spe|1
|turn|20
|
|t:|1779945515
|-terastallize|p2a: Brambleghast|Normal
|move|p1a: Iron Moth|Fiery Dance|p2a: Brambleghast
|-damage|p2a: Brambleghast|1/100
|-boost|p1a: Iron Moth|spa|1
|move|p2a: Brambleghast|Rapid Spin|p1a: Iron Moth
|-damage|p1a: Iron Moth|25/100
|-boost|p2a: Brambleghast|spe|1
|-sideend|p2: its tetover|Sticky Web|[from] move: Rapid Spin|[of] p2a: Brambleghast
|-damage|p2a: Brambleghast|0 fnt|[from] item: Life Orb
|faint|p2a: Brambleghast
|
|win|dfih
|raw|dfih's rating: 1580 &rarr; <strong>1599</strong><br />(+19 for winning)
|raw|its tetover's rating: 1556 &rarr; <strong>1537</strong><br />(-19 for losing)
|c|☆dfih|gg
|c|☆its tetover|gg
|l|☆its tetover
|player|p2|
|l|☆dfih
|player|p1|
