|j|☆Davy12345
|j|☆poppydiaper
|t:|1779948445
|gametype|singles
|player|p1|Davy12345|drayden|1519
|player|p2|poppydiaper|pokemonbreeder-gen4|1473
|gen|9
|tier|[Gen 9] OU
|rated|
|rule|HP Percentage Mod: HP is shown in percentages
|rule|Endless Battle Clause: Forcing endless battles is banned
|rule|Species Clause: Limit one of each Pokémon
|rule|OHKO Clause: OHKO moves are banned
|rule|Evasion Items Clause: Evasion items are banned
|rule|Evasion Moves Clause: Evasion moves are banned
|rule|Evasion Abilities Clause: Evasion abilities are banned
|rule|Sleep Moves Clause: Sleep-inducing moves are banned
|clearpoke
|poke|p1|Sandy Shocks|
|poke|p1|Ogerpon, F|
|poke|p1|Latios, M|
|poke|p1|Scizor, M|
|poke|p1|Manaphy|
|poke|p1|Iron Jugulis|
|poke|p2|Ogerpon, F|
|poke|p2|Zamazenta-*|
|poke|p2|Deoxys-Speed|
|poke|p2|Great Tusk|
|poke|p2|Samurott-Hisui, F|
|poke|p2|Iron Valiant|
|teampreview
|inactive|Battle timer is ON: inactive players will automatically lose when time's up. (requested by Davy12345)
|
|t:|1779948461
|teamsize|p1|6
|teamsize|p2|6
|start
|switch|p1a: Sandy Shocks|Sandy Shocks|100/100
|switch|p2a: Zamazenta|Zamazenta|100/100
|-ability|p2a: Zamazenta|Dauntless Shield|boost
|-boost|p2a: Zamazenta|def|1
|-enditem|p1a: Sandy Shocks|Booster Energy
|-activate|p1a: Sandy Shocks|ability: Protosynthesis|[fromitem]
|-start|p1a: Sandy Shocks|protosynthesisspe
|turn|1
|
|t:|1779948472
|move|p1a: Sandy Shocks|Earth Power|p2a: Zamazenta
|-damage|p2a: Zamazenta|60/100
|move|p2a: Zamazenta|Close Combat|p1a: Sandy Shocks
|-damage|p1a: Sandy Shocks|40/100
|-unboost|p2a: Zamazenta|def|1
|-unboost|p2a: Zamazenta|spd|1
|
|upkeep
|turn|2
|
|t:|1779948484
|switch|p2a: Samurott|Samurott-Hisui, F|100/100
|move|p1a: Sandy Shocks|Stealth Rock|p2a: Samurott
|-sidestart|p2: poppydiaper|move: Stealth Rock
|
|upkeep
|turn|3
|
|t:|1779948489
|move|p1a: Sandy Shocks|Discharge|p2a: Samurott
|-supereffective|p2a: Samurott
|-damage|p2a: Samurott|0 fnt
|faint|p2a: Samurott
|
|upkeep
|
|t:|1779948498
|switch|p2a: Great Tusk|Great Tusk|100/100
|turn|4
|
|t:|1779948506
|-terastallize|p1a: Sandy Shocks|Ghost
|move|p1a: Sandy Shocks|Earth Power|p2a: Great Tusk
|-damage|p2a: Great Tusk|34/100
|move|p2a: Great Tusk|Rapid Spin|p1a: Sandy Shocks
|-immune|p1a: Sandy Shocks
|
|upkeep
|turn|5
|
|t:|1779948514
|-end|p2a: Great Tusk|Protosynthesis|[silent]
|switch|p2a: Ogerpon|Ogerpon, F|100/100
|-damage|p2a: Ogerpon|88/100|[from] Stealth Rock
|move|p1a: Sandy Shocks|Earth Power|p2a: Ogerpon
|-resisted|p2a: Ogerpon
|-damage|p2a: Ogerpon|63/100
|
|upkeep
|turn|6
|
|t:|1779948526
|-terastallize|p2a: Ogerpon|Grass
|detailschange|p2a: Ogerpon|Ogerpon-Teal-Tera, F, tera:Grass
|-ability|p2a: Ogerpon|Embody Aspect (Teal)|boost
|-boost|p2a: Ogerpon|spe|1
|move|p2a: Ogerpon|Knock Off|p1a: Sandy Shocks
|-supereffective|p1a: Sandy Shocks
|-damage|p1a: Sandy Shocks|0 fnt
|faint|p1a: Sandy Shocks
|-end|p1a: Sandy Shocks|Protosynthesis|[silent]
|
|upkeep
|
|t:|1779948534
|switch|p1a: Ogerpon|Ogerpon, F|100/100
|turn|7
|
|t:|1779948546
|move|p2a: Ogerpon|Knock Off|p1a: Ogerpon
|-damage|p1a: Ogerpon|38/100
|-enditem|p1a: Ogerpon|Mirror Herb|[from] move: Knock Off|[of] p2a: Ogerpon
|move|p1a: Ogerpon|Rock Tomb|p2a: Ogerpon
|-damage|p2a: Ogerpon|37/100
|-unboost|p2a: Ogerpon|spe|1
|
|upkeep
|turn|8
|
|t:|1779948554
|move|p2a: Ogerpon|Knock Off|p1a: Ogerpon
|-damage|p1a: Ogerpon|0 fnt
|faint|p1a: Ogerpon
|
|upkeep
|
|t:|1779948562
|switch|p1a: Iron Jugulis|Iron Jugulis|100/100
|-enditem|p1a: Iron Jugulis|Booster Energy
|-activate|p1a: Iron Jugulis|ability: Quark Drive|[fromitem]
|-start|p1a: Iron Jugulis|quarkdrivespe
|turn|9
|
|t:|1779948573
|switch|p2a: Great Tusk|Great Tusk|34/100
|move|p1a: Iron Jugulis|Dark Pulse|p2a: Great Tusk
|-resisted|p2a: Great Tusk
|-damage|p2a: Great Tusk|5/100
|
|upkeep
|turn|10
|
|t:|1779948581
|-end|p2a: Great Tusk|Protosynthesis|[silent]
|switch|p2a: Iron Valiant|Iron Valiant|100/100
|-damage|p2a: Iron Valiant|94/100|[from] Stealth Rock
|-enditem|p2a: Iron Valiant|Booster Energy
|-activate|p2a: Iron Valiant|ability: Quark Drive|[fromitem]
|-start|p2a: Iron Valiant|quarkdrivespe
|move|p1a: Iron Jugulis|Dark Pulse|p2a: Iron Valiant
|-resisted|p2a: Iron Valiant
|-damage|p2a: Iron Valiant|76/100
|
|upkeep
|turn|11
|
|t:|1779948596
|move|p2a: Iron Valiant|Close Combat|p1a: Iron Jugulis
|-damage|p1a: Iron Jugulis|42/100
|-unboost|p2a: Iron Valiant|def|1
|-unboost|p2a: Iron Valiant|spd|1
|move|p1a: Iron Jugulis|Hurricane|p2a: Iron Valiant
|-supereffective|p2a: Iron Valiant
|-damage|p2a: Iron Valiant|0 fnt
|faint|p2a: Iron Valiant
|-end|p2a: Iron Valiant|Quark Drive|[silent]
|
|upkeep
|
|t:|1779948605
|switch|p2a: Ogerpon|Ogerpon-Teal-Tera, F, tera:Grass|37/100
|-damage|p2a: Ogerpon|24/100|[from] Stealth Rock
|-ability|p2a: Ogerpon|Embody Aspect (Teal)|boost
|-boost|p2a: Ogerpon|spe|1
|turn|12
|
|t:|1779948611
|move|p2a: Ogerpon|Ivy Cudgel|p1a: Iron Jugulis
|-resisted|p1a: Iron Jugulis
|-damage|p1a: Iron Jugulis|0 fnt
|faint|p1a: Iron Jugulis
|-end|p1a: Iron Jugulis|Quark Drive|[silent]
|
|upkeep
|
|t:|1779948616
|switch|p1a: Latios|Latios, M|100/100
|turn|13
|
|t:|1779948623
|move|p2a: Ogerpon|Ivy Cudgel|p1a: Latios
|-resisted|p1a: Latios
|-damage|p1a: Latios|50/100
|move|p1a: Latios|Agility|p1a: Latios
|-boost|p1a: Latios|spe|2
|
|upkeep
|turn|14
|
|t:|1779948632
|move|p1a: Latios|Stored Power|p2a: Ogerpon
|-damage|p2a: Ogerpon|0 fnt
|faint|p2a: Ogerpon
|detailschange|p2: Ogerpon|Ogerpon, F|[silent]
|
|upkeep
|
|t:|1779948635
|switch|p2a: Deoxys|Deoxys-Speed|100/100
|-damage|p2a: Deoxys|88/100|[from] Stealth Rock
|-ability|p2a: Deoxys|Pressure
|turn|15
|
|t:|1779948640
|switch|p2a: Great Tusk|Great Tusk|5/100
|move|p1a: Latios|Stored Power|p2a: Great Tusk
|-supereffective|p2a: Great Tusk
|-damage|p2a: Great Tusk|0 fnt
|faint|p2a: Great Tusk
|-end|p2a: Great Tusk|Protosynthesis|[silent]
|
|upkeep
|
|t:|1779948646
|switch|p2a: Deoxys|Deoxys-Speed|88/100
|-damage|p2a: Deoxys|76/100|[from] Stealth Rock
|-ability|p2a: Deoxys|Pressure
|turn|16
|
|t:|1779948663
|move|p1a: Latios|Stored Power|p2a: Deoxys
|-resisted|p2a: Deoxys
|-damage|p2a: Deoxys|50/100
|move|p2a: Deoxys|Knock Off|p1a: Latios
|-supereffective|p1a: Latios
|-damage|p1a: Latios|0 fnt
|-enditem|p1a: Latios|Weakness Policy|[from] move: Knock Off|[of] p2a: Deoxys
|faint|p1a: Latios
|
|upkeep
|
|t:|1779948665
|switch|p1a: Scizor|Scizor, M|100/100
|turn|17
|
|t:|1779948675
|move|p1a: Scizor|Bullet Punch|p2a: Deoxys
|-damage|p2a: Deoxys|0 fnt
|faint|p2a: Deoxys
|
|upkeep
|
|t:|1779948677
|switch|p2a: Zamazenta|Zamazenta|60/100
|turn|18
|
|t:|1779948683
|move|p2a: Zamazenta|Close Combat|p1a: Scizor
|-damage|p1a: Scizor|43/100
|-unboost|p2a: Zamazenta|def|1
|-unboost|p2a: Zamazenta|spd|1
|-enditem|p1a: Scizor|Sitrus Berry|[eat]
|-heal|p1a: Scizor|68/100|[from] item: Sitrus Berry
|move|p1a: Scizor|Swords Dance|p1a: Scizor
|-boost|p1a: Scizor|atk|2
|
|upkeep
|turn|19
|
|t:|1779948689
|move|p1a: Scizor|Bullet Punch|p2a: Zamazenta
|-damage|p2a: Zamazenta|0 fnt
|faint|p2a: Zamazenta
|
|win|Davy12345
|raw|Davy12345's rating: 1519 &rarr; <strong>1536</strong><br />(+17 for winning)
|raw|poppydiaper's rating: 1473 &rarr; <strong>1456</strong><br />(-17 for losing)
|l|☆poppydiaper
|player|p2|
|l|☆Davy12345
|player|p1|
