|j|☆encore21768768
|j|☆Abyssal Bot
|t:|1779806561
|gametype|singles
|player|p1|encore21768768|266|
|player|p2|Abyssal Bot|supernerd|
|teamsize|p1|6
|teamsize|p2|6
|gen|9
|tier|[Gen 9] OU
|rule|Species Clause: Limit one of each Pokémon
|rule|OHKO Clause: OHKO moves are banned
|rule|Evasion Items Clause: Evasion items are banned
|rule|Evasion Moves Clause: Evasion moves are banned
|rule|Endless Battle Clause: Forcing endless battles is banned
|rule|HP Percentage Mod: HP is shown in percentages
|rule|Sleep Moves Clause: Sleep-inducing moves are banned
|clearpoke
|poke|p1|Metagross|
|poke|p1|Corviknight, F|
|poke|p1|Landorus-Therian, M|
|poke|p1|Decidueye, M|
|poke|p1|Grafaiai, F|
|poke|p1|Ninetales-Alola, F|
|poke|p2|Ribombee, M|
|poke|p2|Glimmora, M|
|poke|p2|Manaphy|
|poke|p2|Zamazenta-*|
|poke|p2|Gholdengo|
|poke|p2|Roaring Moon|
|teampreview
|c|☆Abyssal Bot|Good Luck and Have Fun my Friend!
|inactive|Battle timer is ON: inactive players will automatically lose when time's up. (requested by Abyssal Bot)
|j|*Turbo Bottttt
|
|t:|1779806565
|start
|switch|p1a: mama III|Ninetales-Alola, F|100/100
|switch|p2a: Zamazenta|Zamazenta|100/100
|-ability|p2a: Zamazenta|Dauntless Shield|boost
|-boost|p2a: Zamazenta|def|1
|-weather|Snow|[from] ability: Snow Warning|[of] p1a: mama III
|turn|1
|
|t:|1779806568
|switch|p1a: special guest|Corviknight, F|100/100
|-ability|p1a: special guest|Pressure
|move|p2a: Zamazenta|Iron Head|p1a: special guest
|-resisted|p1a: special guest
|-damage|p1a: special guest|92/100
|
|-weather|Snow|[upkeep]
|upkeep
|turn|2
|
|t:|1779806576
|switch|p2a: Gholdengo|Gholdengo|100/100
|-item|p2a: Gholdengo|Air Balloon
|switch|p1a: books|Decidueye, M|100/100
|
|-weather|Snow|[upkeep]
|upkeep
|turn|3
|
|t:|1779806578
|move|p2a: Gholdengo|Thunder Wave|p1a: books
|-status|p1a: books|par
|cant|p1a: books|par
|
|-weather|Snow|[upkeep]
|upkeep
|turn|4
|
|t:|1779806580
|move|p2a: Gholdengo|Hex|p1a: books
|-supereffective|p1a: books
|-damage|p1a: books|13/100 par
|cant|p1a: books|par
|
|-weather|Snow|[upkeep]
|upkeep
|turn|5
|
|t:|1779806584
|move|p2a: Gholdengo|Make It Rain|p1a: books
|-damage|p1a: books|0 par
|-unboost|p2a: Gholdengo|spa|1
|faint|p1a: books
|
|-weather|none
|upkeep
|
|t:|1779806587
|switch|p1a: visit|Landorus-Therian, M|100/100
|-ability|p1a: visit|Intimidate|boost
|-unboost|p2a: Gholdengo|atk|1
|turn|6
|
|t:|1779806590
|move|p1a: visit|Swords Dance|p1a: visit
|-boost|p1a: visit|atk|2
|move|p2a: Gholdengo|Make It Rain|p1a: visit
|-damage|p1a: visit|57/100
|-unboost|p2a: Gholdengo|spa|1
|
|upkeep
|turn|7
|
|t:|1779806593
|move|p1a: visit|Gravity|p1a: visit
|-fieldstart|move: Gravity
|move|p2a: Gholdengo|Make It Rain|p1a: visit
|-damage|p1a: visit|26/100
|-unboost|p2a: Gholdengo|spa|1
|
|upkeep
|turn|8
|
|t:|1779806595
|move|p1a: visit|Earthquake|p2a: Gholdengo
|-supereffective|p2a: Gholdengo
|-damage|p2a: Gholdengo|0
|-enditem|p2a: Gholdengo|Air Balloon
|faint|p2a: Gholdengo
|
|upkeep
|
|t:|1779806595
|switch|p2a: Manaphy|Manaphy|100/100
|turn|9
|
|t:|1779806598
|move|p1a: visit|Earthquake|p2a: Manaphy
|-damage|p2a: Manaphy|9/100
|move|p2a: Manaphy|Surf|p1a: visit
|-supereffective|p1a: visit
|-crit|p1a: visit
|-damage|p1a: visit|0
|faint|p1a: visit
|
|-heal|p2a: Manaphy|15/100|[from] item: Leftovers
|upkeep
|c|☆Abyssal Bot|YASS!
|
|t:|1779806604
|switch|p1a: mama III|Ninetales-Alola, F|100/100
|-weather|Snow|[from] ability: Snow Warning|[of] p1a: mama III
|turn|10
|
|t:|1779806605
|move|p1a: mama III|Aurora Veil|p1a: mama III
|-sidestart|p1: encore21768768|move: Aurora Veil
|move|p2a: Manaphy|Surf|p1a: mama III
|-damage|p1a: mama III|78/100
|
|-weather|Snow|[upkeep]
|-heal|p2a: Manaphy|22/100|[from] item: Leftovers
|upkeep
|turn|11
|
|t:|1779806606
|move|p1a: mama III|Moonblast|p2a: Manaphy
|-damage|p2a: Manaphy|0
|faint|p2a: Manaphy
|
|-weather|Snow|[upkeep]
|-fieldend|move: Gravity
|upkeep
|
|t:|1779806606
|switch|p2a: Glimmora|Glimmora, M|100/100
|turn|12
|
|t:|1779806612
|switch|p1a: jungle|Grafaiai, F|100/100
|move|p2a: Glimmora|Meteor Beam||[still]
|-prepare|p2a: Glimmora|Meteor Beam
|-boost|p2a: Glimmora|spa|1
|-enditem|p2a: Glimmora|Power Herb
|-anim|p2a: Glimmora|Meteor Beam|p1a: jungle
|-damage|p1a: jungle|20/100
|
|-weather|Snow|[upkeep]
|upkeep
|turn|13
|
|t:|1779806622
|move|p1a: jungle|Low Kick|p2a: Glimmora
|-damage|p2a: Glimmora|74/100
|-activate|p2a: Glimmora|ability: Toxic Debris
|-sidestart|p1: encore21768768|move: Toxic Spikes
|-damage|p1a: jungle|10/100|[from] item: Life Orb
|move|p2a: Glimmora|Dazzling Gleam|p1a: jungle
|-resisted|p1a: jungle
|-damage|p1a: jungle|0
|faint|p1a: jungle
|
|-weather|Snow|[upkeep]
|upkeep
|
|t:|1779806636
|switch|p1a: hank|Metagross|100/100
|turn|14
|
|t:|1779806640
|move|p2a: Glimmora|Earth Power|p1a: hank
|-supereffective|p1a: hank
|-damage|p1a: hank|46/100
|move|p1a: hank|Psychic|p2a: Glimmora
|-supereffective|p2a: Glimmora
|-damage|p2a: Glimmora|0
|faint|p2a: Glimmora
|
|-weather|none
|upkeep
|
|t:|1779806640
|switch|p2a: Roaring Moon|Roaring Moon|100/100
|-enditem|p2a: Roaring Moon|Booster Energy
|-activate|p2a: Roaring Moon|ability: Protosynthesis|[fromitem]
|-start|p2a: Roaring Moon|protosynthesisatk
|turn|15
|
|t:|1779806643
|switch|p1a: special guest|Corviknight, F|92/100
|-ability|p1a: special guest|Pressure
|move|p2a: Roaring Moon|Knock Off|p1a: special guest
|-damage|p1a: special guest|64/100
|-enditem|p1a: special guest|Heavy-Duty Boots|[from] move: Knock Off|[of] p2a: Roaring Moon
|
|upkeep
|turn|16
|
|t:|1779806645
|move|p2a: Roaring Moon|Dragon Dance|p2a: Roaring Moon
|-boost|p2a: Roaring Moon|atk|1
|-boost|p2a: Roaring Moon|spe|1
|move|p1a: special guest|Iron Defense|p1a: special guest
|-boost|p1a: special guest|def|2
|
|upkeep
|turn|17
|
|t:|1779806649
|move|p2a: Roaring Moon|Knock Off|p1a: special guest
|-damage|p1a: special guest|48/100
|move|p1a: special guest|Iron Defense|p1a: special guest
|-boost|p1a: special guest|def|2
|
|-sideend|p1: encore21768768|move: Aurora Veil
|upkeep
|turn|18
|
|t:|1779806650
|move|p2a: Roaring Moon|Knock Off|p1a: special guest
|-damage|p1a: special guest|29/100
|move|p1a: special guest|Roost|p1a: special guest
|-heal|p1a: special guest|79/100
|-singleturn|p1a: special guest|move: Roost
|
|upkeep
|turn|19
|
|t:|1779806652
|move|p2a: Roaring Moon|Dragon Dance|p2a: Roaring Moon
|-boost|p2a: Roaring Moon|atk|1
|-boost|p2a: Roaring Moon|spe|1
|move|p1a: special guest|Body Press|p2a: Roaring Moon
|-supereffective|p2a: Roaring Moon
|-damage|p2a: Roaring Moon|0
|faint|p2a: Roaring Moon
|-end|p2a: Roaring Moon|Protosynthesis|[silent]
|
|upkeep
|
|t:|1779806652
|switch|p2a: Zamazenta|Zamazenta|100/100
|turn|20
|
|t:|1779806654
|move|p2a: Zamazenta|Stone Edge|p1a: special guest
|-damage|p1a: special guest|71/100
|move|p1a: special guest|Body Press|p2a: Zamazenta
|-damage|p2a: Zamazenta|51/100
|
|upkeep
|turn|21
|
|t:|1779806657
|move|p2a: Zamazenta|Stone Edge|p1a: special guest
|-damage|p1a: special guest|64/100
|move|p1a: special guest|Body Press|p2a: Zamazenta
|-damage|p2a: Zamazenta|0
|faint|p2a: Zamazenta
|
|upkeep
|
|t:|1779806657
|switch|p2a: Ribombee|Ribombee, M|100/100
|turn|22
|
|t:|1779806659
|move|p2a: Ribombee|Stun Spore|p1a: special guest
|-status|p1a: special guest|par
|cant|p1a: special guest|par
|
|upkeep
|turn|23
|
|t:|1779806662
|move|p2a: Ribombee|Sticky Web|p1a: special guest
|-sidestart|p1: encore21768768|move: Sticky Web
|move|p1a: special guest|Body Press|p2a: Ribombee
|-resisted|p2a: Ribombee
|-damage|p2a: Ribombee|73/100
|
|upkeep
|turn|24
|
|t:|1779806667
|move|p2a: Ribombee|Moonblast|p1a: special guest
|-resisted|p1a: special guest
|-crit|p1a: special guest
|-damage|p1a: special guest|41/100 par
|move|p1a: special guest|Body Press|p2a: Ribombee
|-resisted|p2a: Ribombee
|-damage|p2a: Ribombee|45/100
|
|upkeep
|turn|25
|c|☆Abyssal Bot|I had warned you about hax!! HAHAHA
|
|t:|1779806669
|move|p2a: Ribombee|Moonblast|p1a: special guest
|-resisted|p1a: special guest
|-damage|p1a: special guest|24/100 par
|-unboost|p1a: special guest|spa|1
|move|p1a: special guest|Body Press|p2a: Ribombee
|-resisted|p2a: Ribombee
|-damage|p2a: Ribombee|16/100
|
|upkeep
|turn|26
|
|t:|1779806671
|move|p2a: Ribombee|Moonblast|p1a: special guest
|-resisted|p1a: special guest
|-damage|p1a: special guest|8/100 par
|cant|p1a: special guest|par
|
|upkeep
|turn|27
|
|t:|1779806673
|move|p2a: Ribombee|Moonblast|p1a: special guest
|-resisted|p1a: special guest
|-damage|p1a: special guest|0 par
|faint|p1a: special guest
|
|upkeep
|
|t:|1779806675
|switch|p1a: hank|Metagross|46/100
|-activate|p1a: hank|move: Sticky Web
|-fail|p1a: hank|unboost|[from] ability: Clear Body|[of] p1a: hank
|turn|28
|
|t:|1779806676
|move|p2a: Ribombee|Stun Spore|p1a: hank
|-status|p1a: hank|par
|move|p1a: hank|Psychic|p2a: Ribombee
|-damage|p2a: Ribombee|0
|faint|p2a: Ribombee
|
|win|encore21768768
|c|☆Abyssal Bot|This loss doesn't matter, because I'm just a bot.
|l|☆Abyssal Bot
|player|p2|
|l|*Turbo Bottttt
