|j|☆kefflonie
|j|☆censoredorb
|t:|1779970758
|gametype|singles
|player|p1|kefflonie|policeman|1089
|player|p2|censoredorb|102|1096
|gen|9
|tier|[Gen 9] OU
|rated|
|rule|HP Percentage Mod: HP is shown in percentages
|rule|Endless Battle Clause: Forcing endless battles is banned
|rule|Species Clause: Limit one of each Pokémon
|rule|OHKO Clause: OHKO moves are banned
|rule|Evasion Items Clause: Evasion items are banned
|rule|Evasion Moves Clause: Evasion moves are banned
|rule|Evasion Abilities Clause: Evasion abilities are banned
|rule|Sleep Moves Clause: Sleep-inducing moves are banned
|clearpoke
|poke|p1|Toucannon, M|
|poke|p1|Gliscor, M|
|poke|p1|Yanmega, F|
|poke|p1|Dewgong, M|
|poke|p1|Cloyster, M|
|poke|p1|Cryogonal|
|poke|p2|Honchkrow, F|
|poke|p2|Zoroark, M|
|poke|p2|Zamazenta-*|
|poke|p2|Kingambit, M|
|poke|p2|Darkrai|
|poke|p2|Tyranitar, F|
|teampreview
|
|t:|1779970771
|teamsize|p1|6
|teamsize|p2|6
|start
|switch|p1a: Toucannon|Toucannon, M|100/100
|switch|p2a: Zamazenta|Zamazenta|100/100
|turn|1
|
|t:|1779970784
|-singleturn|p1a: Toucannon|move: Beak Blast
|move|p2a: Zamazenta|Sludge Bomb|p1a: Toucannon
|-crit|p1a: Toucannon
|-damage|p1a: Toucannon|40/100
|-status|p1a: Toucannon|psn
|move|p1a: Toucannon|Beak Blast|p2a: Zamazenta
|-enditem|p2a: Zamazenta|Focus Sash
|-damage|p2a: Zamazenta|1/100
|replace|p2a: Zoroark|Zoroark, M
|-end|p2a: Zoroark|Illusion
|-damage|p1a: Toucannon|30/100 psn|[from] item: Life Orb
|
|-damage|p1a: Toucannon|18/100 psn|[from] psn
|upkeep
|turn|2
|
|t:|1779970800
|move|p2a: Zoroark|Extrasensory|p1a: Toucannon
|-damage|p1a: Toucannon|0 fnt
|faint|p1a: Toucannon
|
|upkeep
|
|t:|1779970806
|switch|p1a: Dewgong|Dewgong, M|100/100
|turn|3
|
|t:|1779970816
|move|p1a: Dewgong|Fake Out|p2a: Zoroark
|-damage|p2a: Zoroark|0 fnt
|faint|p2a: Zoroark
|
|upkeep
|
|t:|1779970836
|switch|p2a: Zamazenta|Zamazenta|100/100
|-ability|p2a: Zamazenta|Dauntless Shield|boost
|-boost|p2a: Zamazenta|def|1
|turn|4
|
|t:|1779970843
|move|p2a: Zamazenta|Iron Defense|p2a: Zamazenta
|-boost|p2a: Zamazenta|def|2
|move|p1a: Dewgong|Perish Song|p1a: Dewgong
|-start|p1a: Dewgong|perish3|[silent]
|-start|p2a: Zamazenta|perish3|[silent]
|-fieldactivate|move: Perish Song
|
|-start|p2a: Zamazenta|perish3
|-start|p1a: Dewgong|perish3
|upkeep
|turn|5
|
|t:|1779970856
|move|p2a: Zamazenta|Body Press|p1a: Dewgong
|-supereffective|p1a: Dewgong
|-damage|p1a: Dewgong|0 fnt
|-damage|p2a: Zamazenta|84/100|[from] item: Rocky Helmet|[of] p1a: Dewgong
|faint|p1a: Dewgong
|
|-start|p2a: Zamazenta|perish2
|upkeep
|
|t:|1779970865
|switch|p1a: Yanmega|Yanmega, F|100/100
|turn|6
|
|t:|1779970873
|move|p1a: Yanmega|Detect|p1a: Yanmega
|-singleturn|p1a: Yanmega|Protect
|move|p2a: Zamazenta|Stone Edge|p1a: Yanmega
|-activate|p1a: Yanmega|move: Protect
|
|-start|p2a: Zamazenta|perish1
|-ability|p1a: Yanmega|Speed Boost|boost
|-boost|p1a: Yanmega|spe|1
|upkeep
|turn|7
|
|t:|1779970885
|switch|p2a: Tyranitar|Tyranitar, F|100/100
|-weather|Sandstorm|[from] ability: Sand Stream|[of] p2a: Tyranitar
|move|p1a: Yanmega|Bug Buzz|p2a: Tyranitar
|-supereffective|p2a: Tyranitar
|-damage|p2a: Tyranitar|64/100
|-enditem|p1a: Yanmega|Throat Spray
|-boost|p1a: Yanmega|spa|1|[from] item: Throat Spray
|
|-weather|Sandstorm|[upkeep]
|-damage|p1a: Yanmega|94/100|[from] Sandstorm
|-ability|p1a: Yanmega|Speed Boost|boost
|-boost|p1a: Yanmega|spe|1
|upkeep
|turn|8
|
|t:|1779970902
|-terastallize|p1a: Yanmega|Bug
|-terastallize|p2a: Tyranitar|Rock
|move|p1a: Yanmega|Bug Buzz|p2a: Tyranitar
|-damage|p2a: Tyranitar|29/100
|move|p2a: Tyranitar|Fire Punch|p1a: Yanmega
|-supereffective|p1a: Yanmega
|-damage|p1a: Yanmega|23/100
|
|-weather|Sandstorm|[upkeep]
|-damage|p1a: Yanmega|17/100|[from] Sandstorm
|-ability|p1a: Yanmega|Speed Boost|boost
|-boost|p1a: Yanmega|spe|1
|upkeep
|turn|9
|
|t:|1779970917
|move|p1a: Yanmega|Giga Drain|p2a: Tyranitar
|-supereffective|p2a: Tyranitar
|-damage|p2a: Tyranitar|0 fnt
|-heal|p1a: Yanmega|35/100|[from] drain|[of] p2a: Tyranitar
|faint|p2a: Tyranitar
|
|-weather|Sandstorm|[upkeep]
|-damage|p1a: Yanmega|29/100|[from] Sandstorm
|-ability|p1a: Yanmega|Speed Boost|boost
|-boost|p1a: Yanmega|spe|1
|upkeep
|
|t:|1779970930
|switch|p2a: Kingambit|Kingambit, M|100/100
|-activate|p2a: Kingambit|ability: Supreme Overlord
|-start|p2a: Kingambit|fallen2|[silent]
|turn|10
|
|t:|1779970939
|move|p1a: Yanmega|Bug Buzz|p2a: Kingambit
|-damage|p2a: Kingambit|1/100
|move|p2a: Kingambit|Iron Head|p1a: Yanmega
|-damage|p1a: Yanmega|0 fnt
|faint|p1a: Yanmega
|
|-weather|Sandstorm|[upkeep]
|upkeep
|
|t:|1779970950
|switch|p1a: Gliscor|Gliscor, M|100/100
|turn|11
|
|t:|1779970956
|move|p1a: Gliscor|Swords Dance|p1a: Gliscor
|-boost|p1a: Gliscor|atk|2
|move|p2a: Kingambit|Iron Head|p1a: Gliscor
|-damage|p1a: Gliscor|44/100
|
|-weather|none
|-status|p1a: Gliscor|tox|[from] item: Toxic Orb
|upkeep
|turn|12
|
|t:|1779970965
|move|p1a: Gliscor|Earthquake|p2a: Kingambit
|-supereffective|p2a: Kingambit
|-damage|p2a: Kingambit|0 fnt
|faint|p2a: Kingambit
|-end|p2a: Kingambit|fallen2|[silent]
|
|-heal|p1a: Gliscor|57/100 tox|[from] ability: Poison Heal
|upkeep
|
|t:|1779970972
|switch|p2a: Honchkrow|Honchkrow, F|100/100
|turn|13
|
|t:|1779970985
|move|p1a: Gliscor|Swords Dance|p1a: Gliscor
|-boost|p1a: Gliscor|atk|2
|move|p2a: Honchkrow|Haze|p2a: Honchkrow
|-clearallboost
|
|-heal|p1a: Gliscor|69/100 tox|[from] ability: Poison Heal
|upkeep
|turn|14
|
|t:|1779971001
|switch|p1a: Cryogonal|Cryogonal|100/100
|move|p2a: Honchkrow|Brave Bird|p1a: Cryogonal
|-damage|p1a: Cryogonal|0 fnt
|faint|p1a: Cryogonal
|-ability|p2a: Honchkrow|Moxie|boost
|-boost|p2a: Honchkrow|atk|1
|-damage|p2a: Honchkrow|76/100|[from] Recoil
|
|-heal|p2a: Honchkrow|82/100|[from] item: Leftovers
|upkeep
|
|t:|1779971012
|switch|p1a: Cloyster|Cloyster, M|100/100
|turn|15
|
|t:|1779971019
|move|p2a: Honchkrow|Sucker Punch||[still]
|-fail|p2a: Honchkrow
|move|p1a: Cloyster|Shell Smash|p1a: Cloyster
|-unboost|p1a: Cloyster|def|1
|-unboost|p1a: Cloyster|spd|1
|-boost|p1a: Cloyster|atk|2
|-boost|p1a: Cloyster|spa|2
|-boost|p1a: Cloyster|spe|2
|-enditem|p1a: Cloyster|White Herb
|-clearnegativeboost|p1a: Cloyster|[silent]
|
|-heal|p2a: Honchkrow|88/100|[from] item: Leftovers
|upkeep
|turn|16
|
|t:|1779971031
|move|p1a: Cloyster|Icicle Spear|p2a: Honchkrow
|-supereffective|p2a: Honchkrow
|-damage|p2a: Honchkrow|24/100
|-supereffective|p2a: Honchkrow
|-damage|p2a: Honchkrow|0 fnt
|faint|p2a: Honchkrow
|-hitcount|p2: Honchkrow|2
|
|upkeep
|
|t:|1779971046
|switch|p2a: Zamazenta|Zamazenta|84/100
|turn|17
|
|t:|1779971053
|move|p1a: Cloyster|Icicle Spear|p2a: Zamazenta
|-damage|p2a: Zamazenta|66/100
|-damage|p2a: Zamazenta|47/100
|-crit|p2a: Zamazenta
|-damage|p2a: Zamazenta|19/100
|-crit|p2a: Zamazenta
|-damage|p2a: Zamazenta|0 fnt
|faint|p2a: Zamazenta
|-hitcount|p2: Zamazenta|4
|
|upkeep
|
|t:|1779971061
|switch|p2a: Darkrai|Darkrai|100/100
|turn|18
|
|t:|1779971071
|move|p1a: Cloyster|Icicle Spear|p2a: Darkrai
|-damage|p2a: Darkrai|72/100
|-damage|p2a: Darkrai|40/100
|-damage|p2a: Darkrai|9/100
|-damage|p2a: Darkrai|0 fnt
|faint|p2a: Darkrai
|-hitcount|p2: Darkrai|4
|
|win|kefflonie
|raw|kefflonie's rating: 1089 &rarr; <strong>1116</strong><br />(+27 for winning)
|raw|censoredorb's rating: 1096 &rarr; <strong>1071</strong><br />(-25 for losing)
|l|☆censoredorb
|player|p2|
|l|☆kefflonie
|player|p1|
