|j|☆mastersannin
|j|☆ty-tyui↻
|t:|1779799885
|gametype|singles
|player|p1|mastersannin|101|1509
|player|p2|ty-tyui↻|ogreclan|1597
|gen|9
|tier|[Gen 9] OU
|rated|
|rule|HP Percentage Mod: HP is shown in percentages
|rule|Endless Battle Clause: Forcing endless battles is banned
|rule|Species Clause: Limit one of each Pokémon
|rule|OHKO Clause: OHKO moves are banned
|rule|Evasion Items Clause: Evasion items are banned
|rule|Evasion Moves Clause: Evasion moves are banned
|rule|Evasion Abilities Clause: Evasion abilities are banned
|rule|Sleep Moves Clause: Sleep-inducing moves are banned
|clearpoke
|poke|p1|Samurott-Hisui, F|
|poke|p1|Zapdos|
|poke|p1|Iron Treads|
|poke|p1|Ceruledge, M|
|poke|p1|Gholdengo|
|poke|p1|Kingambit, M|
|poke|p2|Cramorant, M|
|poke|p2|Pelipper, F|
|poke|p2|Dragonite, M|
|poke|p2|Floatzel, F|
|poke|p2|Ogerpon-Wellspring, F|
|poke|p2|Iron Treads|
|teampreview
|inactive|Battle timer is ON: inactive players will automatically lose when time's up. (requested by mastersannin)
|
|t:|1779799897
|teamsize|p1|6
|teamsize|p2|6
|start
|switch|p1a: Samurott|Samurott-Hisui, F|100/100
|switch|p2a: Iron Treads|Iron Treads|100/100
|turn|1
|
|t:|1779799908
|move|p2a: Iron Treads|Earthquake|p1a: Samurott
|-damage|p1a: Samurott|61/100
|move|p1a: Samurott|Razor Shell|p2a: Iron Treads
|-supereffective|p2a: Iron Treads
|-damage|p2a: Iron Treads|30/100
|
|-heal|p2a: Iron Treads|36/100|[from] item: Leftovers
|upkeep
|turn|2
|
|t:|1779799920
|move|p2a: Iron Treads|Stealth Rock|p1a: Samurott
|-sidestart|p1: mastersannin|move: Stealth Rock
|move|p1a: Samurott|Ceaseless Edge|p2a: Iron Treads
|-damage|p2a: Iron Treads|6/100
|-sidestart|p2: ty-tyui↻|Spikes
|
|-heal|p2a: Iron Treads|12/100|[from] item: Leftovers
|upkeep
|turn|3
|
|t:|1779799927
|-end|p2a: Iron Treads|Quark Drive|[silent]
|switch|p2a: Ogerpon|Ogerpon-Wellspring, F|100/100
|-damage|p2a: Ogerpon|88/100|[from] Spikes
|move|p1a: Samurott|Sucker Punch||[still]
|-fail|p1a: Samurott
|
|upkeep
|turn|4
|
|t:|1779799934
|-terastallize|p1a: Samurott|Poison
|move|p2a: Ogerpon|Horn Leech|p1a: Samurott
|-resisted|p1a: Samurott
|-damage|p1a: Samurott|37/100
|-heal|p2a: Ogerpon|100/100|[from] drain|[of] p1a: Samurott
|move|p1a: Samurott|Ceaseless Edge|p2a: Ogerpon
|-damage|p2a: Ogerpon|47/100
|-sidestart|p2: ty-tyui↻|Spikes
|
|upkeep
|turn|5
|
|t:|1779799943
|move|p1a: Samurott|Sucker Punch|p2a: Ogerpon
|-damage|p2a: Ogerpon|3/100
|move|p2a: Ogerpon|Ivy Cudgel|p1a: Samurott|[anim] Ivy Cudgel Water
|-damage|p1a: Samurott|0 fnt
|faint|p1a: Samurott
|
|upkeep
|
|t:|1779799948
|switch|p1a: Ceruledge|Ceruledge, M|100/100
|turn|6
|
|t:|1779799961
|move|p1a: Ceruledge|Shadow Sneak|p2a: Ogerpon
|-damage|p2a: Ogerpon|0 fnt
|faint|p2a: Ogerpon
|
|upkeep
|
|t:|1779799964
|switch|p2a: Pelipper|Pelipper, F|100/100
|-weather|RainDance|[from] ability: Drizzle|[of] p2a: Pelipper
|turn|7
|
|t:|1779799982
|move|p1a: Ceruledge|Poltergeist|p2a: Pelipper
|-activate|p2a: Pelipper|move: Poltergeist|Damp Rock
|-damage|p2a: Pelipper|55/100
|move|p2a: Pelipper|U-turn|p1a: Ceruledge
|-resisted|p1a: Ceruledge
|-damage|p1a: Ceruledge|98/100
|-ability|p1a: Ceruledge|Weak Armor|boost
|-unboost|p1a: Ceruledge|def|1
|-boost|p1a: Ceruledge|spe|2
|
|t:|1779799988
|switch|p2a: Floatzel|Floatzel, F|100/100|[from] U-turn
|-damage|p2a: Floatzel|84/100|[from] Spikes
|
|-weather|RainDance|[upkeep]
|upkeep
|turn|8
|
|t:|1779799995
|move|p1a: Ceruledge|Shadow Sneak|p2a: Floatzel
|-damage|p2a: Floatzel|44/100
|move|p2a: Floatzel|Wave Crash|p1a: Ceruledge
|-supereffective|p1a: Ceruledge
|-damage|p1a: Ceruledge|0 fnt
|faint|p1a: Ceruledge
|-damage|p2a: Floatzel|11/100|[from] Recoil
|
|-weather|RainDance|[upkeep]
|upkeep
|
|t:|1779800004
|switch|p1a: Kingambit|Kingambit, M|100/100
|-damage|p1a: Kingambit|94/100|[from] Stealth Rock
|-activate|p1a: Kingambit|ability: Supreme Overlord
|-start|p1a: Kingambit|fallen2|[silent]
|turn|9
|
|t:|1779800008
|move|p1a: Kingambit|Sucker Punch|p2a: Floatzel
|-damage|p2a: Floatzel|0 fnt
|faint|p2a: Floatzel
|
|-weather|RainDance|[upkeep]
|-heal|p1a: Kingambit|100/100|[from] item: Leftovers
|upkeep
|j| MiniLarry
|
|t:|1779800011
|switch|p2a: Cramorant|Cramorant, M|100/100
|turn|10
|l| MiniLarry
|
|t:|1779800015
|-end|p1a: Kingambit|fallen2|[silent]
|switch|p1a: Zapdos|Zapdos|100/100
|move|p2a: Cramorant|Surf|p1a: Zapdos
|-formechange|p2a: Cramorant|Cramorant-Gulping|
|-damage|p1a: Zapdos|14/100
|
|-weather|RainDance|[upkeep]
|upkeep
|turn|11
|
|t:|1779800018
|move|p1a: Zapdos|Volt Switch|p2a: Cramorant
|-supereffective|p2a: Cramorant
|-damage|p2a: Cramorant|0 fnt
|-damage|p1a: Zapdos|0 fnt|[from] ability: Gulp Missile|[of] p2a: Cramorant
|-formechange|p2a: Cramorant|Cramorant|
|faint|p2a: Cramorant
|faint|p1a: Zapdos
|
|-weather|RainDance|[upkeep]
|upkeep
|
|t:|1779800028
|switch|p1a: Gholdengo|Gholdengo|100/100
|switch|p2a: Dragonite|Dragonite, M|100/100
|-damage|p1a: Gholdengo|94/100|[from] Stealth Rock
|-item|p1a: Gholdengo|Air Balloon
|turn|12
|
|t:|1779800032
|move|p2a: Dragonite|Thunder|p1a: Gholdengo
|-damage|p1a: Gholdengo|63/100
|-enditem|p1a: Gholdengo|Air Balloon
|move|p1a: Gholdengo|Thunder Wave|p2a: Dragonite
|-status|p2a: Dragonite|par
|
|-weather|RainDance|[upkeep]
|upkeep
|turn|13
|
|t:|1779800040
|move|p1a: Gholdengo|Hex|p2a: Dragonite
|-damage|p2a: Dragonite|69/100 par
|cant|p2a: Dragonite|par
|
|-weather|RainDance|[upkeep]
|upkeep
|turn|14
|-message|ty-tyui↻ forfeited.
|
|win|mastersannin
|raw|mastersannin's rating: 1509 &rarr; <strong>1534</strong><br />(+25 for winning)
|raw|ty-tyui↻'s rating: 1597 &rarr; <strong>1572</strong><br />(-25 for losing)
|l|☆ty-tyui↻
|player|p2|
|l|☆mastersannin
|player|p1|
