|j|☆stevstacks
|j|☆PiggLad
|t:|1779916998
|gametype|singles
|player|p1|stevstacks|1|1696
|player|p2|PiggLad|grimsley-gen7|1681
|gen|9
|tier|[Gen 9] OU
|rated|
|rule|HP Percentage Mod: HP is shown in percentages
|rule|Endless Battle Clause: Forcing endless battles is banned
|rule|Species Clause: Limit one of each Pokémon
|rule|OHKO Clause: OHKO moves are banned
|rule|Evasion Items Clause: Evasion items are banned
|rule|Evasion Moves Clause: Evasion moves are banned
|rule|Evasion Abilities Clause: Evasion abilities are banned
|rule|Sleep Moves Clause: Sleep-inducing moves are banned
|clearpoke
|poke|p1|Torkoal, M|
|poke|p1|Corviknight, F|
|poke|p1|Walking Wake|
|poke|p1|Dragonite, M|
|poke|p1|Great Tusk|
|poke|p1|Zamazenta-*|
|poke|p2|Tyranitar, M|
|poke|p2|Hydrapple, M|
|poke|p2|Enamorus, F|
|poke|p2|Garganacl, F|
|poke|p2|Excadrill, M|
|poke|p2|Alomomola, F|
|teampreview
|
|t:|1779917012
|teamsize|p1|6
|teamsize|p2|6
|start
|switch|p1a: Great Tusk|Great Tusk, shiny|100/100
|switch|p2a: Let The Goons Out|Hydrapple, M, shiny|100/100
|turn|1
|
|t:|1779917015
|move|p1a: Great Tusk|Ice Spinner|p2a: Let The Goons Out
|-supereffective|p2a: Let The Goons Out
|-damage|p2a: Let The Goons Out|15/100
|-damage|p1a: Great Tusk|84/100|[from] item: Rocky Helmet|[of] p2a: Let The Goons Out
|-damage|p1a: Great Tusk|74/100|[from] item: Life Orb
|move|p2a: Let The Goons Out|Giga Drain|p1a: Great Tusk
|-supereffective|p1a: Great Tusk
|-damage|p1a: Great Tusk|0 fnt
|-heal|p2a: Let The Goons Out|48/100|[from] drain|[of] p1a: Great Tusk
|faint|p1a: Great Tusk
|-end|p1a: Great Tusk|Protosynthesis|[silent]
|
|upkeep
|
|t:|1779917022
|switch|p1a: Corviknight|Corviknight, F, shiny|100/100
|-ability|p1a: Corviknight|Pressure
|turn|2
|
|t:|1779917030
|switch|p2a: Jevils To This|Garganacl, F, shiny|100/100
|move|p1a: Corviknight|U-turn|p2a: Jevils To This
|-crit|p2a: Jevils To This
|-damage|p2a: Jevils To This|86/100
|
|t:|1779917035
|switch|p1a: Zamazenta|Zamazenta, shiny|100/100|[from] U-turn
|-ability|p1a: Zamazenta|Dauntless Shield|boost
|-boost|p1a: Zamazenta|def|1
|
|-heal|p2a: Jevils To This|93/100|[from] item: Leftovers
|upkeep
|turn|3
|
|t:|1779917044
|-terastallize|p2a: Jevils To This|Fairy
|move|p1a: Zamazenta|Substitute|p1a: Zamazenta
|-start|p1a: Zamazenta|Substitute
|-damage|p1a: Zamazenta|75/100
|move|p2a: Jevils To This|Salt Cure|p1a: Zamazenta
|-resisted|p1a: Zamazenta
|-activate|p1a: Zamazenta|move: Substitute|[damage]
|
|-heal|p1a: Zamazenta|82/100|[from] item: Leftovers
|-heal|p2a: Jevils To This|99/100|[from] item: Leftovers
|upkeep
|turn|4
|
|t:|1779917058
|switch|p2a: Let The Goons Out|Hydrapple, M, shiny|81/100
|move|p1a: Zamazenta|Iron Defense|p1a: Zamazenta
|-boost|p1a: Zamazenta|def|2
|
|-heal|p1a: Zamazenta|88/100|[from] item: Leftovers
|upkeep
|turn|5
|j| rizz of reko
|
|t:|1779917066
|move|p1a: Zamazenta|Iron Defense|p1a: Zamazenta
|-boost|p1a: Zamazenta|def|2
|move|p2a: Let The Goons Out|Giga Drain|p1a: Zamazenta
|-end|p1a: Zamazenta|Substitute
|-heal|p2a: Let The Goons Out|92/100|[from] drain|[of] p1a: Zamazenta
|
|-heal|p1a: Zamazenta|94/100|[from] item: Leftovers
|upkeep
|turn|6
|
|t:|1779917071
|move|p1a: Zamazenta|Body Press|p2a: Let The Goons Out
|-damage|p2a: Let The Goons Out|31/100
|-damage|p1a: Zamazenta|78/100|[from] item: Rocky Helmet|[of] p2a: Let The Goons Out
|move|p2a: Let The Goons Out|Fickle Beam|p1a: Zamazenta
|-damage|p1a: Zamazenta|51/100
|
|-heal|p1a: Zamazenta|57/100|[from] item: Leftovers
|upkeep
|turn|7
|
|t:|1779917078
|move|p1a: Zamazenta|Body Press|p2a: Let The Goons Out
|-damage|p2a: Let The Goons Out|0 fnt
|-damage|p1a: Zamazenta|41/100|[from] item: Rocky Helmet|[of] p2a: Let The Goons Out
|faint|p2a: Let The Goons Out
|
|-heal|p1a: Zamazenta|47/100|[from] item: Leftovers
|upkeep
|
|t:|1779917084
|switch|p2a: Larpin Diddy Foid|Enamorus, F|100/100
|turn|8
|
|t:|1779917097
|-terastallize|p1a: Zamazenta|Fire
|move|p2a: Larpin Diddy Foid|Moonblast|p1a: Zamazenta
|-resisted|p1a: Zamazenta
|-damage|p1a: Zamazenta|26/100
|move|p1a: Zamazenta|Substitute|p1a: Zamazenta
|-start|p1a: Zamazenta|Substitute
|-damage|p1a: Zamazenta|1/100
|
|-heal|p1a: Zamazenta|7/100|[from] item: Leftovers
|upkeep
|turn|9
|
|t:|1779917104
|move|p2a: Larpin Diddy Foid|Moonblast|p1a: Zamazenta
|-resisted|p1a: Zamazenta
|-activate|p1a: Zamazenta|move: Substitute|[damage]
|move|p1a: Zamazenta|Body Press|p2a: Larpin Diddy Foid
|-resisted|p2a: Larpin Diddy Foid
|-damage|p2a: Larpin Diddy Foid|58/100
|
|-heal|p1a: Zamazenta|13/100|[from] item: Leftovers
|upkeep
|turn|10
|
|t:|1779917111
|move|p2a: Larpin Diddy Foid|Moonblast|p1a: Zamazenta
|-resisted|p1a: Zamazenta
|-end|p1a: Zamazenta|Substitute
|move|p1a: Zamazenta|Body Press|p2a: Larpin Diddy Foid
|-resisted|p2a: Larpin Diddy Foid
|-damage|p2a: Larpin Diddy Foid|7/100
|
|-heal|p1a: Zamazenta|19/100|[from] item: Leftovers
|upkeep
|turn|11
|
|t:|1779917116
|switch|p1a: Corviknight|Corviknight, F, shiny|100/100
|-ability|p1a: Corviknight|Pressure
|move|p2a: Larpin Diddy Foid|Moonblast|p1a: Corviknight
|-resisted|p1a: Corviknight
|-damage|p1a: Corviknight|80/100
|
|-heal|p1a: Corviknight|86/100|[from] item: Leftovers
|upkeep
|turn|12
|
|t:|1779917121
|switch|p2a: Jevils To This|Garganacl, F, shiny, tera:Fairy|99/100
|move|p1a: Corviknight|U-turn|p2a: Jevils To This
|-resisted|p2a: Jevils To This
|-damage|p2a: Jevils To This|94/100
|
|t:|1779917125
|switch|p1a: Zamazenta|Zamazenta, shiny, tera:Fire|19/100|[from] U-turn
|
|-heal|p1a: Zamazenta|25/100|[from] item: Leftovers
|-heal|p2a: Jevils To This|100/100|[from] item: Leftovers
|upkeep
|turn|13
|
|t:|1779917129
|switch|p1a: Torkoal|Torkoal, M, shiny|100/100
|-weather|SunnyDay|[from] ability: Drought|[of] p1a: Torkoal
|move|p2a: Jevils To This|Salt Cure|p1a: Torkoal
|-supereffective|p1a: Torkoal
|-damage|p1a: Torkoal|81/100
|-start|p1a: Torkoal|Salt Cure
|
|-weather|SunnyDay|[upkeep]
|-damage|p1a: Torkoal|68/100|[from] Salt Cure
|upkeep
|turn|14
|
|t:|1779917132
|move|p2a: Jevils To This|Stealth Rock|p1a: Torkoal
|-sidestart|p1: stevstacks|move: Stealth Rock
|move|p1a: Torkoal|Stealth Rock|p2a: Jevils To This
|-sidestart|p2: PiggLad|move: Stealth Rock
|
|-weather|SunnyDay|[upkeep]
|-damage|p1a: Torkoal|56/100|[from] Salt Cure
|upkeep
|turn|15
|
|t:|1779917135
|move|p2a: Jevils To This|Protect|p2a: Jevils To This
|-singleturn|p2a: Jevils To This|Protect
|move|p1a: Torkoal|Rapid Spin|p2a: Jevils To This
|-activate|p2a: Jevils To This|move: Protect
|
|-weather|SunnyDay|[upkeep]
|-damage|p1a: Torkoal|44/100|[from] Salt Cure
|upkeep
|turn|16
|
|t:|1779917140
|switch|p1a: Walking Wake|Walking Wake|100/100
|-damage|p1a: Walking Wake|88/100|[from] Stealth Rock
|-activate|p1a: Walking Wake|ability: Protosynthesis
|-start|p1a: Walking Wake|protosynthesisspe
|move|p2a: Jevils To This|Salt Cure|p1a: Walking Wake
|-damage|p1a: Walking Wake|74/100
|-start|p1a: Walking Wake|Salt Cure
|
|-weather|SunnyDay|[upkeep]
|-damage|p1a: Walking Wake|49/100|[from] Salt Cure
|upkeep
|turn|17
|
|t:|1779917142
|move|p2a: Jevils To This|Protect|p2a: Jevils To This
|-singleturn|p2a: Jevils To This|Protect
|move|p1a: Walking Wake|Hydro Steam|p2a: Jevils To This
|-activate|p2a: Jevils To This|move: Protect
|
|-weather|SunnyDay|[upkeep]
|-damage|p1a: Walking Wake|24/100|[from] Salt Cure
|upkeep
|turn|18
|
|t:|1779917145
|move|p1a: Walking Wake|Hydro Steam|p2a: Jevils To This
|-damage|p2a: Jevils To This|48/100
|move|p2a: Jevils To This|Recover|p2a: Jevils To This
|-heal|p2a: Jevils To This|99/100
|
|-weather|SunnyDay|[upkeep]
|-heal|p2a: Jevils To This|100/100|[from] item: Leftovers
|-damage|p1a: Walking Wake|0 fnt|[from] Salt Cure
|faint|p1a: Walking Wake
|-end|p1a: Walking Wake|Protosynthesis|[silent]
|upkeep
|
|t:|1779917149
|switch|p1a: Corviknight|Corviknight, F, shiny|86/100
|-damage|p1a: Corviknight|74/100|[from] Stealth Rock
|-ability|p1a: Corviknight|Pressure
|turn|19
|
|t:|1779917152
|move|p1a: Corviknight|Defog|p2a: Jevils To This
|-unboost|p2a: Jevils To This|evasion|1
|-sideend|p2: PiggLad|Stealth Rock|[from] move: Defog|[of] p1a: Corviknight
|-sideend|p1: stevstacks|Stealth Rock|[from] move: Defog|[of] p1a: Corviknight
|move|p2a: Jevils To This|Salt Cure|p1a: Corviknight
|-damage|p1a: Corviknight|62/100
|-start|p1a: Corviknight|Salt Cure
|
|-weather|SunnyDay|[upkeep]
|-heal|p1a: Corviknight|69/100|[from] item: Leftovers
|-damage|p1a: Corviknight|44/100|[from] Salt Cure
|upkeep
|turn|20
|
|t:|1779917155
|move|p1a: Corviknight|Roost|p1a: Corviknight
|-heal|p1a: Corviknight|94/100
|-singleturn|p1a: Corviknight|move: Roost
|move|p2a: Jevils To This|Salt Cure|p1a: Corviknight
|-resisted|p1a: Corviknight
|-damage|p1a: Corviknight|88/100
|
|-weather|none
|-heal|p1a: Corviknight|94/100|[from] item: Leftovers
|-damage|p1a: Corviknight|69/100|[from] Salt Cure
|upkeep
|turn|21
|
|t:|1779917157
|switch|p1a: Zamazenta|Zamazenta, shiny, tera:Fire|25/100
|move|p2a: Jevils To This|Stealth Rock|p1a: Zamazenta
|-sidestart|p1: stevstacks|move: Stealth Rock
|
|-heal|p1a: Zamazenta|32/100|[from] item: Leftovers
|upkeep
|turn|22
|
|t:|1779917162
|switch|p1a: Corviknight|Corviknight, F, shiny|69/100
|-damage|p1a: Corviknight|56/100|[from] Stealth Rock
|-ability|p1a: Corviknight|Pressure
|move|p2a: Jevils To This|Salt Cure|p1a: Corviknight
|-damage|p1a: Corviknight|45/100
|-start|p1a: Corviknight|Salt Cure
|
|-heal|p1a: Corviknight|51/100|[from] item: Leftovers
|-damage|p1a: Corviknight|26/100|[from] Salt Cure
|upkeep
|turn|23
|
|t:|1779917165
|switch|p2a: WhoBEdginTheyStone|Tyranitar, M|100/100
|-weather|Sandstorm|[from] ability: Sand Stream|[of] p2a: WhoBEdginTheyStone
|move|p1a: Corviknight|Roost|p1a: Corviknight
|-heal|p1a: Corviknight|76/100
|-singleturn|p1a: Corviknight|move: Roost
|
|-weather|Sandstorm|[upkeep]
|-heal|p1a: Corviknight|83/100|[from] item: Leftovers
|-damage|p1a: Corviknight|58/100|[from] Salt Cure
|upkeep
|turn|24
|
|t:|1779917169
|move|p2a: WhoBEdginTheyStone|Knock Off|p1a: Corviknight
|-damage|p1a: Corviknight|0 fnt
|-enditem|p1a: Corviknight|Leftovers|[from] move: Knock Off|[of] p2a: WhoBEdginTheyStone
|faint|p1a: Corviknight
|
|-weather|Sandstorm|[upkeep]
|upkeep
|
|t:|1779917172
|switch|p1a: Dragonite|Dragonite, M, shiny|100/100
|-damage|p1a: Dragonite|76/100|[from] Stealth Rock
|turn|25
|
|t:|1779917175
|move|p2a: WhoBEdginTheyStone|Knock Off|p1a: Dragonite
|-damage|p1a: Dragonite|16/100
|-enditem|p1a: Dragonite|Leftovers|[from] move: Knock Off|[of] p2a: WhoBEdginTheyStone
|move|p1a: Dragonite|Dragon Dance|p1a: Dragonite
|-boost|p1a: Dragonite|atk|1
|-boost|p1a: Dragonite|spe|1
|
|-weather|Sandstorm|[upkeep]
|-damage|p1a: Dragonite|10/100|[from] Sandstorm
|upkeep
|turn|26
|
|t:|1779917181
|move|p1a: Dragonite|Roost|p1a: Dragonite
|-heal|p1a: Dragonite|60/100
|-singleturn|p1a: Dragonite|move: Roost
|move|p2a: WhoBEdginTheyStone|Knock Off|p1a: Dragonite
|-damage|p1a: Dragonite|14/100
|
|-weather|Sandstorm|[upkeep]
|-damage|p1a: Dragonite|8/100|[from] Sandstorm
|upkeep
|turn|27
|
|t:|1779917183
|move|p1a: Dragonite|Roost|p1a: Dragonite
|-heal|p1a: Dragonite|58/100
|-singleturn|p1a: Dragonite|move: Roost
|move|p2a: WhoBEdginTheyStone|Knock Off|p1a: Dragonite
|-damage|p1a: Dragonite|12/100
|
|-weather|none
|upkeep
|turn|28
|
|t:|1779917188
|switch|p2a: Jevils To This|Garganacl, F, shiny, tera:Fairy|100/100
|move|p1a: Dragonite|Roost|p1a: Dragonite
|-heal|p1a: Dragonite|62/100
|-singleturn|p1a: Dragonite|move: Roost
|
|upkeep
|turn|29
|
|t:|1779917191
|move|p1a: Dragonite|Roost|p1a: Dragonite
|-heal|p1a: Dragonite|100/100
|-singleturn|p1a: Dragonite|move: Roost
|move|p2a: Jevils To This|Salt Cure|p1a: Dragonite
|-damage|p1a: Dragonite|96/100
|-start|p1a: Dragonite|Salt Cure
|
|-damage|p1a: Dragonite|83/100|[from] Salt Cure
|upkeep
|turn|30
|
|t:|1779917193
|move|p1a: Dragonite|Dragon Dance|p1a: Dragonite
|-boost|p1a: Dragonite|atk|1
|-boost|p1a: Dragonite|spe|1
|move|p2a: Jevils To This|Salt Cure|p1a: Dragonite
|-supereffective|p1a: Dragonite
|-damage|p1a: Dragonite|62/100
|
|-damage|p1a: Dragonite|50/100|[from] Salt Cure
|upkeep
|turn|31
|
|t:|1779917197
|switch|p2a: WhoBEdginTheyStone|Tyranitar, M|100/100
|-weather|Sandstorm|[from] ability: Sand Stream|[of] p2a: WhoBEdginTheyStone
|move|p1a: Dragonite|Roost|p1a: Dragonite
|-heal|p1a: Dragonite|99/100
|-singleturn|p1a: Dragonite|move: Roost
|
|-weather|Sandstorm|[upkeep]
|-damage|p1a: Dragonite|94/100|[from] Sandstorm
|-damage|p1a: Dragonite|81/100|[from] Salt Cure
|upkeep
|turn|32
|
|t:|1779917200
|move|p1a: Dragonite|Earthquake|p2a: WhoBEdginTheyStone
|-supereffective|p2a: WhoBEdginTheyStone
|-damage|p2a: WhoBEdginTheyStone|0 fnt
|faint|p2a: WhoBEdginTheyStone
|
|-weather|Sandstorm|[upkeep]
|-damage|p1a: Dragonite|75/100|[from] Sandstorm
|-damage|p1a: Dragonite|63/100|[from] Salt Cure
|upkeep
|
|t:|1779917203
|switch|p2a: ExGon'SpinIntoYa|Excadrill, M|100/100
|turn|33
|
|t:|1779917205
|move|p2a: ExGon'SpinIntoYa|Rock Slide|p1a: Dragonite
|-supereffective|p1a: Dragonite
|-damage|p1a: Dragonite|25/100
|move|p1a: Dragonite|Earthquake|p2a: ExGon'SpinIntoYa
|-supereffective|p2a: ExGon'SpinIntoYa
|-damage|p2a: ExGon'SpinIntoYa|0 fnt
|faint|p2a: ExGon'SpinIntoYa
|
|-weather|Sandstorm|[upkeep]
|-damage|p1a: Dragonite|19/100|[from] Sandstorm
|-damage|p1a: Dragonite|6/100|[from] Salt Cure
|upkeep
|
|t:|1779917212
|switch|p2a: Jevils To This|Garganacl, F, shiny, tera:Fairy|100/100
|turn|34
|
|t:|1779917218
|move|p1a: Dragonite|Roost|p1a: Dragonite
|-heal|p1a: Dragonite|56/100
|-singleturn|p1a: Dragonite|move: Roost
|move|p2a: Jevils To This|Salt Cure|p1a: Dragonite
|-damage|p1a: Dragonite|46/100
|
|-weather|Sandstorm|[upkeep]
|-damage|p1a: Dragonite|40/100|[from] Sandstorm
|-damage|p2a: Jevils To This|94/100|[from] Sandstorm
|-heal|p2a: Jevils To This|100/100|[from] item: Leftovers
|-damage|p1a: Dragonite|27/100|[from] Salt Cure
|upkeep
|turn|35
|
|t:|1779917221
|move|p1a: Dragonite|Roost|p1a: Dragonite
|-heal|p1a: Dragonite|77/100
|-singleturn|p1a: Dragonite|move: Roost
|move|p2a: Jevils To This|Salt Cure|p1a: Dragonite
|-damage|p1a: Dragonite|67/100
|
|-weather|none
|-damage|p1a: Dragonite|55/100|[from] Salt Cure
|upkeep
|turn|36
|
|t:|1779917226
|move|p1a: Dragonite|Roost|p1a: Dragonite
|-heal|p1a: Dragonite|100/100
|-singleturn|p1a: Dragonite|move: Roost
|move|p2a: Jevils To This|Salt Cure|p1a: Dragonite
|-damage|p1a: Dragonite|95/100
|
|-damage|p1a: Dragonite|83/100|[from] Salt Cure
|upkeep
|turn|37
|
|t:|1779917232
|move|p1a: Dragonite|Earthquake|p2a: Jevils To This
|-damage|p2a: Jevils To This|58/100
|move|p2a: Jevils To This|Recover|p2a: Jevils To This
|-heal|p2a: Jevils To This|100/100
|
|-damage|p1a: Dragonite|70/100|[from] Salt Cure
|upkeep
|turn|38
|
|t:|1779917234
|move|p1a: Dragonite|Dragon Dance|p1a: Dragonite
|-boost|p1a: Dragonite|atk|1
|-boost|p1a: Dragonite|spe|1
|move|p2a: Jevils To This|Salt Cure|p1a: Dragonite
|-supereffective|p1a: Dragonite
|-damage|p1a: Dragonite|50/100
|
|-damage|p1a: Dragonite|38/100|[from] Salt Cure
|upkeep
|turn|39
|
|t:|1779917236
|move|p2a: Jevils To This|Protect|p2a: Jevils To This
|-singleturn|p2a: Jevils To This|Protect
|move|p1a: Dragonite|Earthquake|p2a: Jevils To This
|-activate|p2a: Jevils To This|move: Protect
|
|-damage|p1a: Dragonite|25/100|[from] Salt Cure
|upkeep
|turn|40
|
|t:|1779917238
|move|p1a: Dragonite|Earthquake|p2a: Jevils To This
|-damage|p2a: Jevils To This|50/100
|move|p2a: Jevils To This|Recover|p2a: Jevils To This
|-heal|p2a: Jevils To This|99/100
|
|-heal|p2a: Jevils To This|100/100|[from] item: Leftovers
|-damage|p1a: Dragonite|13/100|[from] Salt Cure
|upkeep
|turn|41
|
|t:|1779917242
|move|p1a: Dragonite|Earthquake|p2a: Jevils To This
|-damage|p2a: Jevils To This|42/100
|move|p2a: Jevils To This|Recover|p2a: Jevils To This
|-heal|p2a: Jevils To This|92/100
|
|-heal|p2a: Jevils To This|98/100|[from] item: Leftovers
|-damage|p1a: Dragonite|0 fnt|[from] Salt Cure
|faint|p1a: Dragonite
|upkeep
|l|☆stevstacks
|player|p1|
|inactive|Battle timer is ON: inactive players will automatically lose when time's up. (requested by PiggLad)
|l| rizz of reko
|inactive|stevstacks has 30 seconds to reconnect!
|inactive|stevstacks has 20 seconds to reconnect!
|inactive|stevstacks has 15 seconds to reconnect!
|inactive|stevstacks has 10 seconds to reconnect!
|inactive|stevstacks has 5 seconds to reconnect!
|-message|stevstacks lost due to inactivity.
|
|win|PiggLad
|raw|stevstacks's rating: 1696 &rarr; <strong>1675</strong><br />(-21 for losing)
|raw|PiggLad's rating: 1681 &rarr; <strong>1702</strong><br />(+21 for winning)
|l|☆PiggLad
|player|p2|
