|j|☆goodnightnite
|j|☆CloudyEJ
|inactive|Battle timer is ON: inactive players will automatically lose when time's up.
|t:|1779888547
|gametype|singles
|player|p1|goodnightnite|miku-water|
|player|p2|CloudyEJ|#wcop2026uswest2|
|gen|9
|tier|[Gen 9] OU
|rated|Tournament battle
|rule|HP Percentage Mod: HP is shown in percentages
|rule|Endless Battle Clause: Forcing endless battles is banned
|rule|Species Clause: Limit one of each Pokémon
|rule|OHKO Clause: OHKO moves are banned
|rule|Evasion Items Clause: Evasion items are banned
|rule|Evasion Moves Clause: Evasion moves are banned
|rule|Evasion Abilities Clause: Evasion abilities are banned
|rule|Sleep Moves Clause: Sleep-inducing moves are banned
|clearpoke
|poke|p1|Primarina, M|
|poke|p1|Zamazenta-*|
|poke|p1|Gholdengo|
|poke|p1|Rillaboom, M|
|poke|p1|Glimmora, M|
|poke|p1|Hydreigon, M|
|poke|p2|Blissey, F|
|poke|p2|Ursaluna, F|
|poke|p2|Toxapex, F|
|poke|p2|Gliscor, M|
|poke|p2|Dondozo, F|
|poke|p2|Corviknight, M|
|teampreview
|inactive|goodnightnite also wants the timer to be on.
|j| hulsker
|j| AbrarS
|inactive|goodnightnite has 120 seconds left.
|
|t:|1779888578
|teamsize|p1|6
|teamsize|p2|6
|start
|switch|p1a: Kong|Rillaboom, M, shiny|100/100
|switch|p2a: Blissey|Blissey, F|100/100
|-fieldstart|move: Grassy Terrain|[from] ability: Grassy Surge|[of] p1a: Kong
|turn|1
|j| OUZQ Crocodile
|j| heatraniac
|
|t:|1779888596
|switch|p2a: Corviknight|Corviknight, M|100/100
|-ability|p2a: Corviknight|Pressure
|move|p1a: Kong|Swords Dance|p1a: Kong
|-boost|p1a: Kong|atk|2
|
|upkeep
|turn|2
|l| OUZQ Crocodile
|
|t:|1779888600
|move|p1a: Kong|Swords Dance|p1a: Kong
|-boost|p1a: Kong|atk|2
|move|p2a: Corviknight|Brave Bird|p1a: Kong
|-supereffective|p1a: Kong
|-damage|p1a: Kong|19/100
|-damage|p2a: Corviknight|77/100|[from] Recoil
|
|-heal|p1a: Kong|25/100|[from] Grassy Terrain
|upkeep
|turn|3
|
|t:|1779888608
|move|p1a: Kong|Knock Off|p2a: Corviknight
|-damage|p2a: Corviknight|0 fnt
|-damage|p1a: Kong|9/100|[from] item: Rocky Helmet|[of] p2a: Corviknight
|-enditem|p2a: Corviknight|Rocky Helmet|[from] move: Knock Off|[of] p1a: Kong
|faint|p2a: Corviknight
|-damage|p1a: Kong|0 fnt|[from] item: Life Orb
|faint|p1a: Kong
|
|upkeep
|c| AbrarS|Big
|c|☆goodnightnite|barely
|inactive|goodnightnite has 120 seconds left.
|c|☆goodnightnite|could have gotten another ko
|
|t:|1779888644
|switch|p1a: Hybrid|Hydreigon, M, shiny|100/100
|switch|p2a: Gliscor|Gliscor, M|100/100
|turn|4
|
|t:|1779888650
|switch|p1a: Spirit Rush|Gholdengo, shiny|100/100
|-enditem|p1a: Spirit Rush|Grassy Seed
|-boost|p1a: Spirit Rush|def|1|[from] item: Grassy Seed
|move|p2a: Gliscor|Protect||[still]
|-fail|p2a: Gliscor
|
|-status|p2a: Gliscor|tox|[from] item: Toxic Orb
|upkeep
|turn|5
|
|t:|1779888660
|move|p2a: Gliscor|Swords Dance|p2a: Gliscor
|-boost|p2a: Gliscor|atk|2
|move|p1a: Spirit Rush|Nasty Plot|p1a: Spirit Rush
|-boost|p1a: Spirit Rush|spa|2
|
|-fieldend|move: Grassy Terrain
|upkeep
|turn|6
|
|t:|1779888666
|-terastallize|p2a: Gliscor|Dark
|move|p2a: Gliscor|Earthquake|p1a: Spirit Rush
|-supereffective|p1a: Spirit Rush
|-damage|p1a: Spirit Rush|20/100
|move|p1a: Spirit Rush|Make It Rain|p2a: Gliscor
|-damage|p2a: Gliscor|0 fnt
|-unboost|p1a: Spirit Rush|spa|1
|faint|p2a: Gliscor
|
|upkeep
|
|t:|1779888671
|switch|p2a: Ursaluna|Ursaluna, F|100/100
|turn|7
|j|+nastynastygirl7
|
|t:|1779888680
|move|p1a: Spirit Rush|Make It Rain|p2a: Ursaluna
|-damage|p2a: Ursaluna|42/100
|-unboost|p1a: Spirit Rush|spa|1
|move|p2a: Ursaluna|Earthquake|p1a: Spirit Rush
|-supereffective|p1a: Spirit Rush
|-damage|p1a: Spirit Rush|0 fnt
|faint|p1a: Spirit Rush
|
|-heal|p2a: Ursaluna|48/100|[from] item: Leftovers
|upkeep
|
|t:|1779888689
|switch|p1a: Hybrid|Hydreigon, M, shiny|100/100
|turn|8
|
|t:|1779888692
|move|p1a: Hybrid|Draco Meteor|p2a: Ursaluna
|-damage|p2a: Ursaluna|0 fnt
|-unboost|p1a: Hybrid|spa|2
|faint|p2a: Ursaluna
|
|upkeep
|
|t:|1779888695
|switch|p2a: Blissey|Blissey, F|100/100
|turn|9
|
|t:|1779888699
|switch|p1a: Bullet|Glimmora, M, shiny|100/100
|move|p2a: Blissey|Stealth Rock|p1a: Bullet
|-sidestart|p1: goodnightnite|move: Stealth Rock
|
|upkeep
|turn|10
|
|t:|1779888705
|move|p1a: Bullet|Mortal Spin|p2a: Blissey
|-damage|p2a: Blissey|95/100
|-status|p2a: Blissey|psn
|-sideend|p1: goodnightnite|Stealth Rock|[from] move: Mortal Spin|[of] p1a: Bullet
|move|p2a: Blissey|Shadow Ball|p1a: Bullet
|-damage|p1a: Bullet|85/100
|-enditem|p1a: Bullet|Red Card|[of] p2a: Blissey
|-curestatus|p2a: Blissey|psn|[from] ability: Natural Cure|[silent]
|drag|p2a: Dondozo|Dondozo, F|100/100
|
|upkeep
|turn|11
|
|t:|1779888709
|move|p1a: Bullet|Mortal Spin|p2a: Dondozo
|-damage|p2a: Dondozo|98/100
|-status|p2a: Dondozo|psn
|move|p2a: Dondozo|Body Press|p1a: Bullet
|-damage|p1a: Bullet|65/100
|-activate|p1a: Bullet|ability: Toxic Debris
|-sidestart|p2: CloudyEJ|move: Toxic Spikes
|
|-damage|p2a: Dondozo|85/100 psn|[from] psn
|upkeep
|turn|12
|
|t:|1779888715
|switch|p2a: Toxapex|Toxapex, F|100/100
|-sideend|p2: CloudyEJ|move: Toxic Spikes|[of] p2a: Toxapex
|move|p1a: Bullet|Spikes|p2a: Toxapex
|-sidestart|p2: CloudyEJ|Spikes
|
|upkeep
|turn|13
|
|t:|1779888721
|move|p1a: Bullet|Spikes|p2a: Toxapex
|-sidestart|p2: CloudyEJ|Spikes
|move|p2a: Toxapex|Toxic Spikes|p1a: Bullet
|-sidestart|p1: goodnightnite|move: Toxic Spikes
|
|upkeep
|turn|14
|
|t:|1779888727
|switch|p2a: Dondozo|Dondozo, F|85/100 psn
|move|p1a: Bullet|Earth Power|p2a: Dondozo
|-damage|p2a: Dondozo|61/100 psn
|
|-damage|p2a: Dondozo|49/100 psn|[from] psn
|upkeep
|turn|15
|
|t:|1779888734
|move|p1a: Bullet|Mortal Spin|p2a: Dondozo
|-damage|p2a: Dondozo|46/100 psn
|-sideend|p1: goodnightnite|Toxic Spikes|[from] move: Mortal Spin|[of] p1a: Bullet
|move|p2a: Dondozo|Rest|p2a: Dondozo
|-status|p2a: Dondozo|slp|[from] move: Rest
|-heal|p2a: Dondozo|100/100 slp|[silent]
|
|upkeep
|turn|16
|
|t:|1779888743
|move|p1a: Bullet|Stealth Rock|p2a: Dondozo
|-sidestart|p2: CloudyEJ|move: Stealth Rock
|cant|p2a: Dondozo|slp
|move|p2a: Dondozo|Sleep Talk|p2a: Dondozo
|move|p2a: Dondozo|Rest||[from] move: Sleep Talk|[still]
|-fail|p2a: Dondozo
|
|upkeep
|turn|17
|
|t:|1779888746
|switch|p1a: Celestine|Primarina, M, shiny|100/100
|cant|p2a: Dondozo|slp
|move|p2a: Dondozo|Sleep Talk|p2a: Dondozo
|move|p2a: Dondozo|Avalanche|p1a: Celestine|[from] move: Sleep Talk
|-resisted|p1a: Celestine
|-damage|p1a: Celestine|92/100
|
|upkeep
|turn|18
|
|t:|1779888750
|switch|p2a: Toxapex|Toxapex, F|100/100
|move|p1a: Celestine|Whirlpool|p2a: Toxapex|[miss]
|-miss|p1a: Celestine|p2a: Toxapex
|
|upkeep
|turn|19
|
|t:|1779888755
|move|p1a: Celestine|Flip Turn|p2a: Toxapex
|-resisted|p2a: Toxapex
|-damage|p2a: Toxapex|96/100
|
|t:|1779888757
|switch|p1a: Hybrid|Hydreigon, M, shiny|100/100|[from] Flip Turn
|move|p2a: Toxapex|Toxic|p1a: Hybrid
|-status|p1a: Hybrid|tox
|
|-damage|p1a: Hybrid|94/100 tox|[from] psn
|upkeep
|turn|20
|
|t:|1779888761
|move|p1a: Hybrid|Earth Power|p2a: Toxapex
|-supereffective|p2a: Toxapex
|-damage|p2a: Toxapex|24/100
|move|p2a: Toxapex|Recover|p2a: Toxapex
|-heal|p2a: Toxapex|74/100
|
|-damage|p1a: Hybrid|82/100 tox|[from] psn
|upkeep
|turn|21
|
|t:|1779888765
|switch|p1a: Celestine|Primarina, M, shiny|92/100
|switch|p2a: Blissey|Blissey, F|95/100
|
|upkeep
|turn|22
|
|t:|1779888768
|switch|p2a: Toxapex|Toxapex, F|100/100
|move|p1a: Celestine|Whirlpool|p2a: Toxapex|[miss]
|-miss|p1a: Celestine|p2a: Toxapex
|
|upkeep
|turn|23
|
|t:|1779888771
|switch|p1a: Bullet|Glimmora, M, shiny|65/100
|move|p2a: Toxapex|Toxic|p1a: Bullet
|-immune|p1a: Bullet
|
|upkeep
|turn|24
|j| TheReal_Rea42069
|
|t:|1779888774
|switch|p2a: Dondozo|Dondozo, F|100/100 slp
|move|p1a: Bullet|Earth Power|p2a: Dondozo
|-damage|p2a: Dondozo|75/100 slp
|
|upkeep
|turn|25
|
|t:|1779888776
|switch|p1a: Celestine|Primarina, M, shiny|92/100
|-curestatus|p2a: Dondozo|slp|[msg]
|move|p2a: Dondozo|Body Press|p1a: Celestine
|-resisted|p1a: Celestine
|-damage|p1a: Celestine|76/100
|
|upkeep
|turn|26
|
|t:|1779888780
|switch|p2a: Toxapex|Toxapex, F|100/100
|move|p1a: Celestine|Flip Turn|p2a: Toxapex
|-resisted|p2a: Toxapex
|-damage|p2a: Toxapex|96/100
|
|t:|1779888782
|switch|p1a: Trojan|Zamazenta, shiny|100/100|[from] Flip Turn
|-ability|p1a: Trojan|Dauntless Shield|boost
|-boost|p1a: Trojan|def|1
|
|upkeep
|turn|27
|
|t:|1779888796
|move|p1a: Trojan|Substitute|p1a: Trojan
|-start|p1a: Trojan|Substitute
|-damage|p1a: Trojan|76/100
|move|p2a: Toxapex|Toxic||[still]
|-fail|p2a: Toxapex
|
|-heal|p1a: Trojan|82/100|[from] item: Leftovers
|upkeep
|turn|28
|
|t:|1779888799
|switch|p2a: Dondozo|Dondozo, F|75/100
|move|p1a: Trojan|Iron Defense|p1a: Trojan
|-boost|p1a: Trojan|def|2
|
|-heal|p1a: Trojan|88/100|[from] item: Leftovers
|upkeep
|turn|29
|
|t:|1779888802
|move|p1a: Trojan|Body Press|p2a: Dondozo
|-damage|p2a: Dondozo|62/100
|move|p2a: Dondozo|Body Press|p1a: Trojan
|-activate|p1a: Trojan|move: Substitute|[damage]
|
|-heal|p1a: Trojan|94/100|[from] item: Leftovers
|upkeep
|turn|30
|
|t:|1779888806
|move|p1a: Trojan|Body Press|p2a: Dondozo
|-damage|p2a: Dondozo|48/100
|move|p2a: Dondozo|Avalanche|p1a: Trojan
|-end|p1a: Trojan|Substitute
|
|-heal|p1a: Trojan|100/100|[from] item: Leftovers
|upkeep
|turn|31
|
|t:|1779888812
|move|p1a: Trojan|Iron Defense|p1a: Trojan
|-boost|p1a: Trojan|def|2
|move|p2a: Dondozo|Rest|p2a: Dondozo
|-status|p2a: Dondozo|slp|[from] move: Rest
|-heal|p2a: Dondozo|100/100 slp|[silent]
|
|upkeep
|turn|32
|
|t:|1779888814
|move|p1a: Trojan|Iron Defense|p1a: Trojan
|-boost|p1a: Trojan|def|1
|cant|p2a: Dondozo|slp
|move|p2a: Dondozo|Sleep Talk|p2a: Dondozo
|move|p2a: Dondozo|Avalanche|p1a: Trojan|[from] move: Sleep Talk
|-damage|p1a: Trojan|90/100
|
|-heal|p1a: Trojan|97/100|[from] item: Leftovers
|upkeep
|turn|33
|
|t:|1779888816
|move|p1a: Trojan|Crunch|p2a: Dondozo
|-damage|p2a: Dondozo|91/100 slp
|-unboost|p2a: Dondozo|def|1
|cant|p2a: Dondozo|slp
|move|p2a: Dondozo|Sleep Talk|p2a: Dondozo
|move|p2a: Dondozo|Avalanche|p1a: Trojan|[from] move: Sleep Talk
|-damage|p1a: Trojan|75/100
|
|-heal|p1a: Trojan|81/100|[from] item: Leftovers
|upkeep
|turn|34
|
|t:|1779888820
|move|p1a: Trojan|Body Press|p2a: Dondozo
|-damage|p2a: Dondozo|70/100 slp
|-curestatus|p2a: Dondozo|slp|[msg]
|move|p2a: Dondozo|Body Press|p1a: Trojan
|-crit|p1a: Trojan
|-damage|p1a: Trojan|50/100
|
|-heal|p1a: Trojan|56/100|[from] item: Leftovers
|upkeep
|turn|35
|c| AbrarS|Big
|
|t:|1779888827
|move|p1a: Trojan|Crunch|p2a: Dondozo
|-damage|p2a: Dondozo|56/100
|move|p2a: Dondozo|Body Press|p1a: Trojan
|-damage|p1a: Trojan|42/100
|
|-heal|p1a: Trojan|49/100|[from] item: Leftovers
|upkeep
|turn|36
|
|t:|1779888832
|move|p1a: Trojan|Body Press|p2a: Dondozo
|-damage|p2a: Dondozo|36/100
|move|p2a: Dondozo|Rest|p2a: Dondozo
|-status|p2a: Dondozo|slp|[from] move: Rest
|-heal|p2a: Dondozo|100/100 slp|[silent]
|
|-heal|p1a: Trojan|55/100|[from] item: Leftovers
|upkeep
|turn|37
|
|t:|1779888838
|move|p1a: Trojan|Crunch|p2a: Dondozo
|-damage|p2a: Dondozo|87/100 slp
|cant|p2a: Dondozo|slp
|move|p2a: Dondozo|Sleep Talk|p2a: Dondozo
|move|p2a: Dondozo|Body Press|p1a: Trojan|[from] move: Sleep Talk
|-crit|p1a: Trojan
|-damage|p1a: Trojan|19/100
|
|-heal|p1a: Trojan|26/100|[from] item: Leftovers
|upkeep
|turn|38
|
|t:|1779888844
|move|p1a: Trojan|Body Press|p2a: Dondozo
|-damage|p2a: Dondozo|66/100 slp
|cant|p2a: Dondozo|slp
|move|p2a: Dondozo|Sleep Talk|p2a: Dondozo
|move|p2a: Dondozo|Body Press|p1a: Trojan|[from] move: Sleep Talk
|-damage|p1a: Trojan|11/100
|
|-heal|p1a: Trojan|18/100|[from] item: Leftovers
|upkeep
|turn|39
|
|t:|1779888854
|switch|p1a: Celestine|Primarina, M, shiny|76/100
|-curestatus|p2a: Dondozo|slp|[msg]
|move|p2a: Dondozo|Body Press|p1a: Celestine
|-resisted|p1a: Celestine
|-damage|p1a: Celestine|64/100
|
|upkeep
|turn|40
|
|t:|1779888858
|switch|p2a: Toxapex|Toxapex, F|100/100
|move|p1a: Celestine|Whirlpool|p2a: Toxapex
|-resisted|p2a: Toxapex
|-damage|p2a: Toxapex|93/100
|-activate|p2a: Toxapex|move: Whirlpool|[of] p1a: Celestine
|
|-damage|p2a: Toxapex|80/100|[from] move: Whirlpool|[partiallytrapped]
|upkeep
|turn|41
|
|t:|1779888863
|move|p1a: Celestine|Moonblast|p2a: Toxapex
|-resisted|p2a: Toxapex
|-damage|p2a: Toxapex|58/100
|move|p2a: Toxapex|Toxic|p1a: Celestine
|-status|p1a: Celestine|tox
|
|-damage|p1a: Celestine|58/100 tox|[from] psn
|-damage|p2a: Toxapex|46/100|[from] move: Whirlpool|[partiallytrapped]
|upkeep
|turn|42
|
|t:|1779888866
|move|p1a: Celestine|Psychic Noise|p2a: Toxapex
|-resisted|p2a: Toxapex
|-damage|p2a: Toxapex|28/100
|-start|p2a: Toxapex|move: Heal Block
|cant|p2a: Toxapex|move: Heal Block|Recover
|
|-damage|p1a: Celestine|46/100 tox|[from] psn
|-damage|p2a: Toxapex|15/100|[from] move: Whirlpool|[partiallytrapped]
|upkeep
|turn|43
|
|t:|1779888875
|move|p1a: Celestine|Moonblast|p2a: Toxapex
|-resisted|p2a: Toxapex
|-damage|p2a: Toxapex|0 fnt
|faint|p2a: Toxapex
|
|-damage|p1a: Celestine|28/100 tox|[from] psn
|upkeep
|
|t:|1779888877
|switch|p2a: Blissey|Blissey, F|95/100
|turn|44
|j|#Setsu
|
|t:|1779888884
|switch|p1a: Bullet|Glimmora, M, shiny|65/100
|move|p2a: Blissey|Stealth Rock|p1a: Bullet
|-sidestart|p1: goodnightnite|move: Stealth Rock
|
|upkeep
|turn|45
|j| fpreg fantasies
|
|t:|1779888888
|move|p1a: Bullet|Mortal Spin|p2a: Blissey
|-damage|p2a: Blissey|89/100
|-status|p2a: Blissey|psn
|-sideend|p1: goodnightnite|Stealth Rock|[from] move: Mortal Spin|[of] p1a: Bullet
|move|p2a: Blissey|Calm Mind|p2a: Blissey
|-boost|p2a: Blissey|spa|1
|-boost|p2a: Blissey|spd|1
|
|-damage|p2a: Blissey|77/100 psn|[from] psn
|upkeep
|turn|46
|l| hulsker
|
|t:|1779888892
|move|p1a: Bullet|Earth Power|p2a: Blissey
|-damage|p2a: Blissey|72/100 psn
|move|p2a: Blissey|Shadow Ball|p1a: Bullet
|-damage|p1a: Bullet|44/100
|-unboost|p1a: Bullet|spd|1
|
|-damage|p2a: Blissey|59/100 psn|[from] psn
|upkeep
|turn|47
|j| ANGEL ENGINE
|
|t:|1779888899
|switch|p1a: Trojan|Zamazenta, shiny|18/100
|move|p2a: Blissey|Soft-Boiled|p2a: Blissey
|-heal|p2a: Blissey|100/100 psn
|
|-heal|p1a: Trojan|24/100|[from] item: Leftovers
|-damage|p2a: Blissey|88/100 psn|[from] psn
|upkeep
|turn|48
|
|t:|1779888911
|-curestatus|p2a: Blissey|psn|[from] ability: Natural Cure|[silent]
|switch|p2a: Dondozo|Dondozo, F|66/100
|move|p1a: Trojan|Body Press|p2a: Dondozo
|-damage|p2a: Dondozo|52/100
|
|-heal|p1a: Trojan|30/100|[from] item: Leftovers
|upkeep
|turn|49
|
|t:|1779888919
|switch|p1a: Bullet|Glimmora, M, shiny|44/100
|move|p2a: Dondozo|Body Press|p1a: Bullet
|-damage|p1a: Bullet|23/100
|-activate|p1a: Bullet|ability: Toxic Debris
|-sidestart|p2: CloudyEJ|move: Toxic Spikes
|
|upkeep
|turn|50
|
|t:|1779888924
|move|p1a: Bullet|Earth Power|p2a: Dondozo
|-damage|p2a: Dondozo|28/100
|move|p2a: Dondozo|Rest|p2a: Dondozo
|-status|p2a: Dondozo|slp|[from] move: Rest
|-heal|p2a: Dondozo|100/100 slp|[silent]
|
|upkeep
|turn|51
|
|t:|1779888928
|switch|p2a: Blissey|Blissey, F|88/100
|move|p1a: Bullet|Earth Power|p2a: Blissey
|-damage|p2a: Blissey|81/100
|
|upkeep
|turn|52
|
|t:|1779888932
|switch|p1a: Trojan|Zamazenta, shiny|30/100
|move|p2a: Blissey|Shadow Ball|p1a: Trojan
|-damage|p1a: Trojan|20/100
|
|-heal|p1a: Trojan|26/100|[from] item: Leftovers
|upkeep
|turn|53
|
|t:|1779888944
|switch|p2a: Dondozo|Dondozo, F|100/100 slp
|move|p1a: Trojan|Body Press|p2a: Dondozo
|-damage|p2a: Dondozo|87/100 slp
|
|-heal|p1a: Trojan|32/100|[from] item: Leftovers
|upkeep
|turn|54
|
|t:|1779888948
|switch|p1a: Bullet|Glimmora, M, shiny|23/100
|cant|p2a: Dondozo|slp
|move|p2a: Dondozo|Sleep Talk|p2a: Dondozo
|move|p2a: Dondozo|Body Press|p1a: Bullet|[from] move: Sleep Talk
|-damage|p1a: Bullet|4/100
|-activate|p1a: Bullet|ability: Toxic Debris
|-sidestart|p2: CloudyEJ|move: Toxic Spikes
|
|upkeep
|turn|55
|
|t:|1779888953
|switch|p2a: Blissey|Blissey, F|81/100
|move|p1a: Bullet|Earth Power|p2a: Blissey
|-damage|p2a: Blissey|72/100
|
|upkeep
|turn|56
|
|t:|1779888956
|move|p1a: Bullet|Earth Power|p2a: Blissey
|-damage|p2a: Blissey|64/100
|move|p2a: Blissey|Soft-Boiled|p2a: Blissey
|-heal|p2a: Blissey|100/100
|
|upkeep
|turn|57
|
|t:|1779888960
|switch|p1a: Trojan|Zamazenta, shiny|32/100
|move|p2a: Blissey|Shadow Ball|p1a: Trojan
|-damage|p1a: Trojan|23/100
|
|-heal|p1a: Trojan|29/100|[from] item: Leftovers
|upkeep
|turn|58
|j| surprised head
|
|t:|1779888964
|switch|p1a: Hybrid|Hydreigon, M, shiny|82/100 tox
|switch|p2a: Dondozo|Dondozo, F|87/100 slp
|
|-damage|p1a: Hybrid|76/100 tox|[from] psn
|upkeep
|turn|59
|
|t:|1779888969
|switch|p2a: Blissey|Blissey, F|100/100
|move|p1a: Hybrid|Draco Meteor|p2a: Blissey
|-damage|p2a: Blissey|72/100
|-unboost|p1a: Hybrid|spa|2
|
|-damage|p1a: Hybrid|64/100 tox|[from] psn
|upkeep
|turn|60
|j| RedemptiveSketch
|
|t:|1779888973
|switch|p1a: Celestine|Primarina, M, shiny|28/100 tox
|move|p2a: Blissey|Stealth Rock|p1a: Celestine
|-sidestart|p1: goodnightnite|move: Stealth Rock
|
|-damage|p1a: Celestine|22/100 tox|[from] psn
|upkeep
|turn|61
|
|t:|1779888979
|move|p1a: Celestine|Whirlpool|p2a: Blissey
|-crit|p2a: Blissey
|-damage|p2a: Blissey|63/100
|-activate|p2a: Blissey|move: Whirlpool|[of] p1a: Celestine
|move|p2a: Blissey|Shadow Ball|p1a: Celestine
|-damage|p1a: Celestine|15/100 tox
|
|-damage|p1a: Celestine|2/100 tox|[from] psn
|-damage|p2a: Blissey|51/100|[from] move: Whirlpool|[partiallytrapped]
|upkeep
|turn|62
|
|t:|1779888983
|move|p1a: Celestine|Psychic Noise|p2a: Blissey
|-damage|p2a: Blissey|37/100
|-start|p2a: Blissey|move: Heal Block
|cant|p2a: Blissey|move: Heal Block|Soft-Boiled
|
|-damage|p1a: Celestine|0 fnt|[from] psn
|faint|p1a: Celestine
|-end|p2a: Blissey|Whirlpool|[partiallytrapped]|[silent]
|upkeep
|
|t:|1779888989
|switch|p1a: Hybrid|Hydreigon, M, shiny|64/100 tox
|-damage|p1a: Hybrid|51/100 tox|[from] Stealth Rock
|turn|63
|
|t:|1779888996
|move|p1a: Hybrid|Dark Pulse|p2a: Blissey
|-damage|p2a: Blissey|18/100
|move|p2a: Blissey|Calm Mind|p2a: Blissey
|-boost|p2a: Blissey|spa|1
|-boost|p2a: Blissey|spd|1
|
|-damage|p1a: Hybrid|45/100 tox|[from] psn
|-end|p2a: Blissey|move: Heal Block
|upkeep
|turn|64
|c| surprised head|clean line
|
|t:|1779889016
|switch|p1a: Trojan|Zamazenta, shiny|29/100
|-damage|p1a: Trojan|23/100|[from] Stealth Rock
|move|p2a: Blissey|Soft-Boiled|p2a: Blissey
|-heal|p2a: Blissey|68/100
|
|-heal|p1a: Trojan|29/100|[from] item: Leftovers
|upkeep
|turn|65
|
|t:|1779889020
|switch|p2a: Dondozo|Dondozo, F|87/100 slp
|move|p1a: Trojan|Body Press|p2a: Dondozo
|-damage|p2a: Dondozo|72/100 slp
|
|-heal|p1a: Trojan|35/100|[from] item: Leftovers
|upkeep
|turn|66
|
|t:|1779889025
|switch|p1a: Bullet|Glimmora, M, shiny|4/100
|-damage|p1a: Bullet|0 fnt|[from] Stealth Rock
|faint|p1a: Bullet
|cant|p2a: Dondozo|slp
|move|p2a: Dondozo|Sleep Talk|p2a: Dondozo
|move|p2a: Dondozo|Rest||[from] move: Sleep Talk|[still]
|-fail|p2a: Dondozo
|
|upkeep
|
|t:|1779889028
|switch|p1a: Hybrid|Hydreigon, M, shiny|45/100 tox
|-damage|p1a: Hybrid|33/100 tox|[from] Stealth Rock
|turn|67
|
|t:|1779889033
|switch|p2a: Blissey|Blissey, F|68/100
|move|p1a: Hybrid|Draco Meteor|p2a: Blissey
|-damage|p2a: Blissey|38/100
|-unboost|p1a: Hybrid|spa|2
|
|-damage|p1a: Hybrid|27/100 tox|[from] psn
|upkeep
|turn|68
|l| TheReal_Rea42069
|
|t:|1779889044
|move|p1a: Hybrid|Draco Meteor|p2a: Blissey
|-damage|p2a: Blissey|23/100
|-unboost|p1a: Hybrid|spa|2
|move|p2a: Blissey|Soft-Boiled|p2a: Blissey
|-heal|p2a: Blissey|73/100
|
|-damage|p1a: Hybrid|14/100 tox|[from] psn
|upkeep
|turn|69
|l| RedemptiveSketch
|c| surprised head|draco turn 64 not a win?
|c|☆goodnightnite|specs
|c| surprised head|oooh
|
|t:|1779889069
|switch|p1a: Trojan|Zamazenta, shiny|35/100
|-damage|p1a: Trojan|29/100|[from] Stealth Rock
|move|p2a: Blissey|Soft-Boiled|p2a: Blissey
|-heal|p2a: Blissey|100/100
|
|-heal|p1a: Trojan|35/100|[from] item: Leftovers
|upkeep
|turn|70
|
|t:|1779889076
|switch|p2a: Dondozo|Dondozo, F|72/100 slp
|move|p1a: Trojan|Body Press|p2a: Dondozo
|-damage|p2a: Dondozo|59/100 slp
|
|-heal|p1a: Trojan|41/100|[from] item: Leftovers
|upkeep
|turn|71
|
|t:|1779889082
|move|p1a: Trojan|Crunch|p2a: Dondozo
|-damage|p2a: Dondozo|50/100 slp
|-curestatus|p2a: Dondozo|slp|[msg]
|move|p2a: Dondozo|Body Press|p1a: Trojan
|-damage|p1a: Trojan|18/100
|
|-heal|p1a: Trojan|24/100|[from] item: Leftovers
|upkeep
|turn|72
|
|t:|1779889087
|move|p1a: Trojan|Body Press|p2a: Dondozo
|-damage|p2a: Dondozo|36/100
|move|p2a: Dondozo|Body Press|p1a: Trojan
|-damage|p1a: Trojan|3/100
|
|-heal|p1a: Trojan|9/100|[from] item: Leftovers
|upkeep
|turn|73
|
|t:|1779889092
|move|p1a: Trojan|Body Press|p2a: Dondozo
|-damage|p2a: Dondozo|23/100
|move|p2a: Dondozo|Body Press|p1a: Trojan
|-damage|p1a: Trojan|0 fnt
|faint|p1a: Trojan
|
|upkeep
|
|t:|1779889096
|switch|p1a: Hybrid|Hydreigon, M, shiny|14/100 tox
|-damage|p1a: Hybrid|2/100 tox|[from] Stealth Rock
|turn|74
|
|t:|1779889099
|move|p1a: Hybrid|Draco Meteor|p2a: Dondozo
|-damage|p2a: Dondozo|0 fnt
|-unboost|p1a: Hybrid|spa|2
|faint|p2a: Dondozo
|
|-damage|p1a: Hybrid|0 fnt|[from] psn
|faint|p1a: Hybrid
|
|win|CloudyEJ
|n|☆goodnightnite|goodnightnite
|n|☆CloudyEJ|cloudyej
|n| AbrarS|abrars
|n| heatraniac|heatraniac
|n| nastynastygirl7|nastynastygirl7
|n|~Setsu|setsu
|n| fpreg fantasies|fpregfantasies
|n| ANGEL ENGINE|angelengine
|n| surprised head|surprisedhead
|l|☆CloudyEJ
|player|p2|
|l| surprised head
|l|☆goodnightnite
|player|p1|
|l| ANGEL ENGINE
|l| AbrarS
|l| nastynastygirl7
|l|~Setsu
