|j|☆claudechamp
|j|☆ibibi57
|t:|1779889002
|gametype|singles
|player|p1|claudechamp|169|1232
|player|p2|ibibi57|jupiter|1268
|gen|9
|tier|[Gen 9] OU
|rated|
|rule|HP Percentage Mod: HP is shown in percentages
|rule|Endless Battle Clause: Forcing endless battles is banned
|rule|Species Clause: Limit one of each Pokémon
|rule|OHKO Clause: OHKO moves are banned
|rule|Evasion Items Clause: Evasion items are banned
|rule|Evasion Moves Clause: Evasion moves are banned
|rule|Evasion Abilities Clause: Evasion abilities are banned
|rule|Sleep Moves Clause: Sleep-inducing moves are banned
|clearpoke
|poke|p1|Gliscor, F|
|poke|p1|Gholdengo|
|poke|p1|Zamazenta-*|
|poke|p1|Blissey, F|
|poke|p1|Skarmory, F|
|poke|p1|Pecharunt|
|poke|p2|Glimmora, M|
|poke|p2|Clefable, M|
|poke|p2|Scizor, M|
|poke|p2|Dragapult, F|
|poke|p2|Alomomola, F|
|poke|p2|Heatran, M|
|teampreview
|c|☆claudechamp|hf
|inactive|Battle timer is ON: inactive players will automatically lose when time's up. (requested by claudechamp)
|
|t:|1779889026
|teamsize|p1|6
|teamsize|p2|6
|start
|switch|p1a: Skarmory|Skarmory, F|100/100
|switch|p2a: Scizor|Scizor, M|100/100
|turn|1
|
|t:|1779889037
|move|p2a: Scizor|Knock Off|p1a: Skarmory
|-damage|p1a: Skarmory|64/100
|-enditem|p1a: Skarmory|Heavy-Duty Boots|[from] move: Knock Off|[of] p2a: Scizor
|move|p1a: Skarmory|Spikes|p2a: Scizor
|-sidestart|p2: ibibi57|Spikes
|
|upkeep
|turn|2
|
|t:|1779889043
|switch|p2a: Glimmora|Glimmora, M|100/100
|-damage|p2a: Glimmora|88/100|[from] Spikes
|move|p1a: Skarmory|Spikes|p2a: Glimmora
|-sidestart|p2: ibibi57|Spikes
|
|upkeep
|turn|3
|
|t:|1779889055
|move|p2a: Glimmora|Toxic|p1a: Skarmory
|-status|p1a: Skarmory|tox
|move|p1a: Skarmory|Spikes|p2a: Glimmora
|-sidestart|p2: ibibi57|Spikes
|
|-damage|p1a: Skarmory|58/100 tox|[from] psn
|upkeep
|turn|4
|
|t:|1779889067
|switch|p2a: Dragapult|Dragapult, F|100/100
|-damage|p2a: Dragapult|76/100|[from] Spikes
|switch|p1a: Gliscor|Gliscor, F|100/100
|
|-heal|p2a: Dragapult|82/100|[from] item: Leftovers
|-status|p1a: Gliscor|tox|[from] item: Toxic Orb
|upkeep
|turn|5
|
|t:|1779889078
|-terastallize|p2a: Dragapult|Ghost
|move|p2a: Dragapult|Hex|p1a: Gliscor
|-damage|p1a: Gliscor|25/100 tox
|move|p1a: Gliscor|Knock Off|p2a: Dragapult
|-supereffective|p2a: Dragapult
|-damage|p2a: Dragapult|24/100
|-enditem|p2a: Dragapult|Leftovers|[from] move: Knock Off|[of] p1a: Gliscor
|
|-heal|p1a: Gliscor|38/100 tox|[from] ability: Poison Heal
|upkeep
|turn|6
|
|t:|1779889091
|-terastallize|p1a: Gliscor|Dark
|move|p1a: Gliscor|Protect|p1a: Gliscor
|-singleturn|p1a: Gliscor|Protect
|move|p2a: Dragapult|Hex|p1a: Gliscor
|-activate|p1a: Gliscor|move: Protect
|
|-heal|p1a: Gliscor|50/100 tox|[from] ability: Poison Heal
|upkeep
|turn|7
|
|t:|1779889097
|move|p2a: Dragapult|Dragon Darts|p1a: Gliscor
|-damage|p1a: Gliscor|37/100 tox
|-anim|p2a: Dragapult|Dragon Darts|p1a: Gliscor
|-damage|p1a: Gliscor|23/100 tox
|move|p1a: Gliscor|Knock Off|p2a: Dragapult
|-supereffective|p2a: Dragapult
|-damage|p2a: Dragapult|0 fnt
|faint|p2a: Dragapult
|
|-heal|p1a: Gliscor|35/100 tox|[from] ability: Poison Heal
|upkeep
|
|t:|1779889102
|switch|p2a: Scizor|Scizor, M|100/100
|-damage|p2a: Scizor|76/100|[from] Spikes
|turn|8
|
|t:|1779889112
|move|p1a: Gliscor|Knock Off|p2a: Scizor
|-damage|p2a: Scizor|36/100
|-enditem|p2a: Scizor|Choice Band|[from] move: Knock Off|[of] p1a: Gliscor
|move|p2a: Scizor|U-turn|p1a: Gliscor
|-supereffective|p1a: Gliscor
|-damage|p1a: Gliscor|0 fnt
|faint|p1a: Gliscor
|
|t:|1779889121
|switch|p2a: Clefable|Clefable, M|100/100|[from] U-turn
|
|upkeep
|
|t:|1779889123
|switch|p1a: Blissey|Blissey, F|100/100
|turn|9
|
|t:|1779889149
|switch|p2a: Alomomola|Alomomola, F|100/100
|-damage|p2a: Alomomola|76/100|[from] Spikes
|move|p1a: Blissey|Stealth Rock|p2a: Alomomola
|-sidestart|p2: ibibi57|move: Stealth Rock
|
|upkeep
|turn|10
|
|t:|1779889158
|switch|p1a: Zamazenta|Zamazenta|100/100
|-ability|p1a: Zamazenta|Dauntless Shield|boost
|-boost|p1a: Zamazenta|def|1
|move|p2a: Alomomola|Wish|p2a: Alomomola
|
|upkeep
|turn|11
|
|t:|1779889168
|switch|p1a: Gholdengo|Gholdengo|100/100
|move|p2a: Alomomola|Scald|p1a: Gholdengo
|-damage|p1a: Gholdengo|87/100
|
|-heal|p2a: Alomomola|100/100|[from] move: Wish|[wisher] Alomomola
|upkeep
|turn|12
|
|t:|1779889180
|move|p1a: Gholdengo|Nasty Plot|p1a: Gholdengo
|-boost|p1a: Gholdengo|spa|2
|move|p2a: Alomomola|Wish|p2a: Alomomola
|
|upkeep
|turn|13
|
|t:|1779889190
|switch|p2a: Heatran|Heatran, M|100/100
|-damage|p2a: Heatran|76/100|[from] Spikes
|-damage|p2a: Heatran|63/100|[from] Stealth Rock
|move|p1a: Gholdengo|Thunder Wave|p2a: Heatran
|-status|p2a: Heatran|par
|
|-heal|p2a: Heatran|100/100 par|[from] move: Wish|[wisher] Alomomola
|upkeep
|turn|14
|
|t:|1779889200
|move|p1a: Gholdengo|Hex|p2a: Heatran
|-damage|p2a: Heatran|37/100 par
|move|p2a: Heatran|Magma Storm|p1a: Gholdengo
|-supereffective|p1a: Gholdengo
|-damage|p1a: Gholdengo|3/100
|-activate|p1a: Gholdengo|move: Magma Storm|[of] p2a: Heatran
|
|-heal|p2a: Heatran|43/100 par|[from] item: Leftovers
|-damage|p1a: Gholdengo|0 fnt|[from] move: Magma Storm|[partiallytrapped]
|faint|p1a: Gholdengo
|upkeep
|
|t:|1779889209
|switch|p1a: Zamazenta|Zamazenta|100/100
|turn|15
|
|t:|1779889217
|move|p1a: Zamazenta|Close Combat|p2a: Heatran
|-supereffective|p2a: Heatran
|-damage|p2a: Heatran|0 fnt
|-unboost|p1a: Zamazenta|def|1
|-unboost|p1a: Zamazenta|spd|1
|faint|p2a: Heatran
|
|upkeep
|
|t:|1779889222
|switch|p2a: Alomomola|Alomomola, F|100/100
|-damage|p2a: Alomomola|76/100|[from] Spikes
|-damage|p2a: Alomomola|63/100|[from] Stealth Rock
|turn|16
|
|t:|1779889227
|move|p1a: Zamazenta|Close Combat|p2a: Alomomola
|-damage|p2a: Alomomola|33/100
|-unboost|p1a: Zamazenta|def|1
|-unboost|p1a: Zamazenta|spd|1
|-damage|p1a: Zamazenta|84/100|[from] item: Rocky Helmet|[of] p2a: Alomomola
|move|p2a: Alomomola|Wish|p2a: Alomomola
|
|upkeep
|turn|17
|inactive|ibibi57 has 120 seconds left.
|
|t:|1779889257
|move|p1a: Zamazenta|Close Combat|p2a: Alomomola
|-damage|p2a: Alomomola|0 fnt
|-unboost|p1a: Zamazenta|def|1
|-unboost|p1a: Zamazenta|spd|1
|-damage|p1a: Zamazenta|67/100|[from] item: Rocky Helmet|[of] p2a: Alomomola
|faint|p2a: Alomomola
|
|upkeep
|inactive|ibibi57 has 120 seconds left.
|
|t:|1779889271
|switch|p2a: Glimmora|Glimmora, M|88/100
|-damage|p2a: Glimmora|63/100|[from] Spikes
|-damage|p2a: Glimmora|51/100|[from] Stealth Rock
|turn|18
|
|t:|1779889280
|move|p2a: Glimmora|Mortal Spin|p1a: Zamazenta
|-damage|p1a: Zamazenta|53/100
|-status|p1a: Zamazenta|psn
|-sideend|p2: ibibi57|Spikes|[from] move: Mortal Spin|[of] p2a: Glimmora
|-sideend|p2: ibibi57|Stealth Rock|[from] move: Mortal Spin|[of] p2a: Glimmora
|move|p1a: Zamazenta|Heavy Slam|p2a: Glimmora
|-supereffective|p2a: Glimmora
|-damage|p2a: Glimmora|0 fnt
|faint|p2a: Glimmora
|
|-damage|p1a: Zamazenta|41/100 psn|[from] psn
|upkeep
|inactive|ibibi57 has 120 seconds left.
|
|t:|1779889293
|switch|p2a: Clefable|Clefable, M|100/100
|turn|19
|
|t:|1779889299
|move|p1a: Zamazenta|Close Combat|p2a: Clefable
|-resisted|p2a: Clefable
|-damage|p2a: Clefable|68/100
|-unboost|p1a: Zamazenta|def|1
|-unboost|p1a: Zamazenta|spd|1
|move|p2a: Clefable|Moonblast|p1a: Zamazenta
|-supereffective|p1a: Zamazenta
|-damage|p1a: Zamazenta|0 fnt
|faint|p1a: Zamazenta
|
|-heal|p2a: Clefable|74/100|[from] item: Leftovers
|upkeep
|
|t:|1779889312
|switch|p1a: Blissey|Blissey, F|100/100
|turn|20
|
|t:|1779889323
|switch|p2a: Scizor|Scizor, M|36/100
|move|p1a: Blissey|Calm Mind|p1a: Blissey
|-boost|p1a: Blissey|spa|1
|-boost|p1a: Blissey|spd|1
|
|upkeep
|turn|21
|
|t:|1779889331
|move|p2a: Scizor|Close Combat|p1a: Blissey
|-supereffective|p1a: Blissey
|-damage|p1a: Blissey|0 fnt
|-unboost|p2a: Scizor|def|1
|-unboost|p2a: Scizor|spd|1
|faint|p1a: Blissey
|
|upkeep
|
|t:|1779889340
|switch|p1a: Pecharunt|Pecharunt|100/100
|turn|22
|
|t:|1779889346
|move|p2a: Scizor|Knock Off|p1a: Pecharunt
|-supereffective|p1a: Pecharunt
|-damage|p1a: Pecharunt|66/100
|-enditem|p1a: Pecharunt|Heavy-Duty Boots|[from] move: Knock Off|[of] p2a: Scizor
|move|p1a: Pecharunt|Parting Shot|p2a: Scizor
|-unboost|p2a: Scizor|atk|1
|-unboost|p2a: Scizor|spa|1
|
|t:|1779889350
|switch|p1a: Skarmory|Skarmory, F|58/100 tox|[from] Parting Shot
|
|-damage|p1a: Skarmory|52/100 tox|[from] psn
|upkeep
|turn|23
|
|t:|1779889362
|move|p2a: Scizor|U-turn|p1a: Skarmory
|-resisted|p1a: Skarmory
|-damage|p1a: Skarmory|48/100 tox
|
|t:|1779889364
|switch|p2a: Clefable|Clefable, M|74/100|[from] U-turn
|move|p1a: Skarmory|Roost|p1a: Skarmory
|-heal|p1a: Skarmory|98/100 tox
|-singleturn|p1a: Skarmory|move: Roost
|
|-heal|p2a: Clefable|80/100|[from] item: Leftovers
|-damage|p1a: Skarmory|86/100 tox|[from] psn
|upkeep
|turn|24
|
|t:|1779889368
|switch|p1a: Pecharunt|Pecharunt|66/100
|move|p2a: Clefable|Flamethrower|p1a: Pecharunt
|-damage|p1a: Pecharunt|47/100
|
|-heal|p2a: Clefable|87/100|[from] item: Leftovers
|upkeep
|turn|25
|
|t:|1779889386
|switch|p2a: Scizor|Scizor, M|36/100
|move|p1a: Pecharunt|Recover|p1a: Pecharunt
|-heal|p1a: Pecharunt|97/100
|
|upkeep
|turn|26
|
|t:|1779889396
|move|p2a: Scizor|Knock Off|p1a: Pecharunt
|-supereffective|p1a: Pecharunt
|-damage|p1a: Pecharunt|72/100
|move|p1a: Pecharunt|Parting Shot|p2a: Scizor
|-unboost|p2a: Scizor|atk|1
|-unboost|p2a: Scizor|spa|1
|
|t:|1779889401
|switch|p1a: Skarmory|Skarmory, F|86/100 tox|[from] Parting Shot
|
|-damage|p1a: Skarmory|80/100 tox|[from] psn
|upkeep
|turn|27
|
|t:|1779889406
|move|p2a: Scizor|U-turn|p1a: Skarmory
|-resisted|p1a: Skarmory
|-damage|p1a: Skarmory|76/100 tox
|
|t:|1779889408
|switch|p2a: Clefable|Clefable, M|87/100|[from] U-turn
|move|p1a: Skarmory|Spikes|p2a: Clefable
|-sidestart|p2: ibibi57|Spikes
|
|-heal|p2a: Clefable|93/100|[from] item: Leftovers
|-damage|p1a: Skarmory|64/100 tox|[from] psn
|upkeep
|turn|28
|
|t:|1779889413
|move|p2a: Clefable|Calm Mind|p2a: Clefable
|-boost|p2a: Clefable|spa|1
|-boost|p2a: Clefable|spd|1
|move|p1a: Skarmory|Whirlwind|p2a: Clefable
|drag|p2a: Scizor|Scizor, M|36/100
|-damage|p2a: Scizor|24/100|[from] Spikes
|
|-damage|p1a: Skarmory|46/100 tox|[from] psn
|upkeep
|turn|29
|
|t:|1779889421
|move|p2a: Scizor|Close Combat|p1a: Skarmory
|-damage|p1a: Skarmory|18/100 tox
|-unboost|p2a: Scizor|def|1
|-unboost|p2a: Scizor|spd|1
|move|p1a: Skarmory|Roost|p1a: Skarmory
|-heal|p1a: Skarmory|68/100 tox
|-singleturn|p1a: Skarmory|move: Roost
|
|-damage|p1a: Skarmory|44/100 tox|[from] psn
|upkeep
|turn|30
|
|t:|1779889432
|move|p2a: Scizor|Knock Off|p1a: Skarmory
|-crit|p1a: Skarmory
|-damage|p1a: Skarmory|22/100 tox
|move|p1a: Skarmory|Whirlwind|p2a: Scizor
|drag|p2a: Clefable|Clefable, M|93/100
|
|-heal|p2a: Clefable|99/100|[from] item: Leftovers
|-damage|p1a: Skarmory|0 fnt|[from] psn
|faint|p1a: Skarmory
|upkeep
|
|t:|1779889438
|switch|p1a: Pecharunt|Pecharunt|72/100
|turn|31
|
|t:|1779889447
|move|p1a: Pecharunt|Parting Shot|p2a: Clefable
|-unboost|p2a: Clefable|atk|1
|-unboost|p2a: Clefable|spa|1
|move|p2a: Clefable|Moonlight|p2a: Clefable
|-heal|p2a: Clefable|100/100
|
|upkeep
|turn|32
|
|t:|1779889454
|move|p1a: Pecharunt|Recover|p1a: Pecharunt
|-heal|p1a: Pecharunt|100/100
|move|p2a: Clefable|Calm Mind|p2a: Clefable
|-boost|p2a: Clefable|spa|1
|-boost|p2a: Clefable|spd|1
|
|upkeep
|turn|33
|
|t:|1779889462
|move|p1a: Pecharunt|Parting Shot|p2a: Clefable
|-unboost|p2a: Clefable|atk|1
|-unboost|p2a: Clefable|spa|1
|move|p2a: Clefable|Calm Mind|p2a: Clefable
|-boost|p2a: Clefable|spa|1
|-boost|p2a: Clefable|spd|1
|
|upkeep
|turn|34
|
|t:|1779889470
|move|p1a: Pecharunt|Shadow Ball|p2a: Clefable
|-damage|p2a: Clefable|91/100
|move|p2a: Clefable|Calm Mind|p2a: Clefable
|-boost|p2a: Clefable|spa|1
|-boost|p2a: Clefable|spd|1
|
|-heal|p2a: Clefable|97/100|[from] item: Leftovers
|upkeep
|turn|35
|
|t:|1779889477
|move|p1a: Pecharunt|Shadow Ball|p2a: Clefable
|-damage|p2a: Clefable|91/100
|move|p2a: Clefable|Calm Mind|p2a: Clefable
|-boost|p2a: Clefable|spa|1
|-boost|p2a: Clefable|spd|1
|
|-heal|p2a: Clefable|97/100|[from] item: Leftovers
|upkeep
|turn|36
|
|t:|1779889499
|move|p1a: Pecharunt|Parting Shot|p2a: Clefable
|-unboost|p2a: Clefable|atk|1
|-unboost|p2a: Clefable|spa|1
|move|p2a: Clefable|Calm Mind|p2a: Clefable
|-boost|p2a: Clefable|spa|1
|-boost|p2a: Clefable|spd|1
|
|-heal|p2a: Clefable|100/100|[from] item: Leftovers
|upkeep
|turn|37
|
|t:|1779889506
|move|p1a: Pecharunt|Shadow Ball|p2a: Clefable
|-damage|p2a: Clefable|95/100
|move|p2a: Clefable|Calm Mind|p2a: Clefable
|-boost|p2a: Clefable|spa|1
|-boost|p2a: Clefable|spd|1
|
|-heal|p2a: Clefable|100/100|[from] item: Leftovers
|upkeep
|turn|38
|
|t:|1779889514
|move|p1a: Pecharunt|Parting Shot|p2a: Clefable
|-unboost|p2a: Clefable|atk|1
|-unboost|p2a: Clefable|spa|1
|move|p2a: Clefable|Flamethrower|p1a: Pecharunt
|-crit|p1a: Pecharunt
|-damage|p1a: Pecharunt|40/100
|
|upkeep
|turn|39
|
|t:|1779889527
|move|p1a: Pecharunt|Shadow Ball|p2a: Clefable
|-damage|p2a: Clefable|96/100
|move|p2a: Clefable|Flamethrower|p1a: Pecharunt
|-damage|p1a: Pecharunt|0 fnt
|faint|p1a: Pecharunt
|
|win|ibibi57
|raw|claudechamp's rating: 1209 &rarr; <strong>1188</strong><br />(-21 for losing)
|raw|ibibi57's rating: 1268 &rarr; <strong>1289</strong><br />(+21 for winning)
|c|☆claudechamp|gg
|l|☆ibibi57
|player|p2|
