|j|☆Frozmo
|j|☆claudechamp
|t:|1779893383
|gametype|singles
|player|p1|Frozmo|dawn|1242
|player|p2|claudechamp|169|1281
|gen|9
|tier|[Gen 9] OU
|rated|
|rule|HP Percentage Mod: HP is shown in percentages
|rule|Endless Battle Clause: Forcing endless battles is banned
|rule|Species Clause: Limit one of each Pokémon
|rule|OHKO Clause: OHKO moves are banned
|rule|Evasion Items Clause: Evasion items are banned
|rule|Evasion Moves Clause: Evasion moves are banned
|rule|Evasion Abilities Clause: Evasion abilities are banned
|rule|Sleep Moves Clause: Sleep-inducing moves are banned
|clearpoke
|poke|p1|Cloyster, F|
|poke|p1|Ninetales-Alola, M|
|poke|p1|Polteageist|
|poke|p1|Ogerpon-Wellspring, F|
|poke|p1|Iron Treads|
|poke|p1|Dragonite, F|
|poke|p2|Gliscor, F|
|poke|p2|Ogerpon, F|
|poke|p2|Walking Wake|
|poke|p2|Blissey, F|
|poke|p2|Corviknight, M|
|poke|p2|Pecharunt|
|teampreview
|inactive|Battle timer is ON: inactive players will automatically lose when time's up. (requested by Frozmo)
|c|☆claudechamp|hf
|
|t:|1779893387
|teamsize|p1|6
|teamsize|p2|6
|start
|switch|p1a: Ninetales|Ninetales-Alola, M|100/100
|switch|p2a: Gliscor|Gliscor, F|100/100
|-weather|Snowscape|[from] ability: Snow Warning|[of] p1a: Ninetales
|turn|1
|inactive|claudechamp also wants the timer to be on.
|
|t:|1779893390
|move|p1a: Ninetales|Aurora Veil|p1a: Ninetales
|-sidestart|p1: Frozmo|move: Aurora Veil
|move|p2a: Gliscor|Spikes|p1a: Ninetales
|-sidestart|p1: Frozmo|Spikes
|
|-weather|Snowscape|[upkeep]
|-status|p2a: Gliscor|tox|[from] item: Toxic Orb
|upkeep
|turn|2
|
|t:|1779893394
|move|p1a: Ninetales|Freeze-Dry|p2a: Gliscor
|-supereffective|p2a: Gliscor
|-damage|p2a: Gliscor|12/100 tox
|move|p2a: Gliscor|Toxic|p1a: Ninetales|[miss]
|-miss|p2a: Gliscor|p1a: Ninetales
|
|-weather|Snowscape|[upkeep]
|-heal|p2a: Gliscor|25/100 tox|[from] ability: Poison Heal
|upkeep
|turn|3
|
|t:|1779893404
|switch|p2a: Pecharunt|Pecharunt|100/100
|move|p1a: Ninetales|Freeze-Dry|p2a: Pecharunt
|-damage|p2a: Pecharunt|71/100
|
|-weather|Snowscape|[upkeep]
|upkeep
|turn|4
|
|t:|1779893411
|switch|p1a: Iron Treads|Iron Treads|100/100
|-damage|p1a: Iron Treads|88/100|[from] Spikes
|-enditem|p1a: Iron Treads|Booster Energy
|-activate|p1a: Iron Treads|ability: Quark Drive|[fromitem]
|-start|p1a: Iron Treads|quarkdrivespe
|move|p2a: Pecharunt|Malignant Chain|p1a: Iron Treads
|-immune|p1a: Iron Treads
|
|-weather|Snowscape|[upkeep]
|upkeep
|turn|5
|
|t:|1779893419
|move|p1a: Iron Treads|Earth Power|p2a: Pecharunt
|-supereffective|p2a: Pecharunt
|-crit|p2a: Pecharunt
|-damage|p2a: Pecharunt|0 fnt
|faint|p2a: Pecharunt
|
|-weather|none
|upkeep
|
|t:|1779893423
|switch|p2a: Blissey|Blissey, F|100/100
|turn|6
|
|t:|1779893430
|move|p1a: Iron Treads|Earth Power|p2a: Blissey
|-damage|p2a: Blissey|90/100
|move|p2a: Blissey|Seismic Toss|p1a: Iron Treads
|-damage|p1a: Iron Treads|57/100
|
|upkeep
|turn|7
|-message|Frozmo forfeited.
|
|win|claudechamp
|raw|Frozmo's rating: 1242 &rarr; <strong>1220</strong><br />(-22 for losing)
|raw|claudechamp's rating: 1281 &rarr; <strong>1303</strong><br />(+22 for winning)
|l|☆Frozmo
|player|p1|
|c|☆claudechamp|gg
