|j|☆Atusuki
|j|☆ju2508
|t:|1779870994
|gametype|singles
|player|p1|Atusuki|gambler|1168
|player|p2|ju2508|266|1192
|gen|9
|tier|[Gen 9] OU
|rated|
|rule|HP Percentage Mod: HP is shown in percentages
|rule|Endless Battle Clause: Forcing endless battles is banned
|rule|Species Clause: Limit one of each Pokémon
|rule|OHKO Clause: OHKO moves are banned
|rule|Evasion Items Clause: Evasion items are banned
|rule|Evasion Moves Clause: Evasion moves are banned
|rule|Evasion Abilities Clause: Evasion abilities are banned
|rule|Sleep Moves Clause: Sleep-inducing moves are banned
|clearpoke
|poke|p1|Blaziken, M|
|poke|p1|Ninetales, M|
|poke|p1|Venusaur, F|
|poke|p1|Hatterene, F|
|poke|p1|Great Tusk|
|poke|p1|Walking Wake|
|poke|p2|Alomomola, F|
|poke|p2|Jolteon, F|
|poke|p2|Cinccino, M|
|poke|p2|Yanmega, F|
|poke|p2|Florges, F|
|poke|p2|Coalossal, F|
|teampreview
|inactive|Battle timer is ON: inactive players will automatically lose when time's up. (requested by ju2508)
|
|t:|1779871016
|teamsize|p1|6
|teamsize|p2|6
|start
|switch|p1a: Hatterene|Hatterene, F|100/100
|switch|p2a: Cinccino|Cinccino, M|100/100
|turn|1
|
|t:|1779871024
|switch|p2a: Jolteon|Jolteon, F|100/100
|move|p1a: Hatterene|Nuzzle|p2a: Jolteon
|-immune|p2a: Jolteon|[from] ability: Volt Absorb
|
|upkeep
|turn|2
|
|t:|1779871031
|move|p2a: Jolteon|Shadow Ball|p1a: Hatterene
|-supereffective|p1a: Hatterene
|-damage|p1a: Hatterene|24/100
|-unboost|p1a: Hatterene|spd|1
|-enditem|p1a: Hatterene|Eject Button
|
|t:|1779871035
|switch|p1a: Ninetales|Ninetales, M|100/100
|-weather|SunnyDay|[from] ability: Drought|[of] p1a: Ninetales
|
|-weather|SunnyDay|[upkeep]
|upkeep
|turn|3
|
|t:|1779871042
|switch|p2a: Coalossal|Coalossal, F|100/100
|switch|p1a: Venusaur|Venusaur, F|100/100
|
|-weather|SunnyDay|[upkeep]
|upkeep
|turn|4
|
|t:|1779871051
|move|p1a: Venusaur|Growth|p1a: Venusaur
|-boost|p1a: Venusaur|atk|2
|-boost|p1a: Venusaur|spa|2
|move|p2a: Coalossal|Flamethrower|p1a: Venusaur
|-supereffective|p1a: Venusaur
|-damage|p1a: Venusaur|10/100
|
|-weather|SunnyDay|[upkeep]
|upkeep
|turn|5
|
|t:|1779871063
|move|p1a: Venusaur|Giga Drain|p2a: Coalossal
|-damage|p2a: Coalossal|51/100
|-heal|p1a: Venusaur|45/100|[from] drain|[of] p2a: Coalossal
|-damage|p1a: Venusaur|35/100|[from] item: Life Orb
|move|p2a: Coalossal|Flamethrower|p1a: Venusaur
|-supereffective|p1a: Venusaur
|-damage|p1a: Venusaur|0 fnt
|faint|p1a: Venusaur
|
|-weather|SunnyDay|[upkeep]
|-heal|p2a: Coalossal|58/100|[from] item: Leftovers
|upkeep
|
|t:|1779871070
|switch|p1a: Blaziken|Blaziken, M|100/100
|turn|6
|
|t:|1779871081
|move|p1a: Blaziken|Focus Energy|p1a: Blaziken
|-start|p1a: Blaziken|move: Focus Energy
|move|p2a: Coalossal|Flamethrower|p1a: Blaziken
|-resisted|p1a: Blaziken
|-damage|p1a: Blaziken|73/100
|
|-weather|SunnyDay|[upkeep]
|-heal|p2a: Coalossal|64/100|[from] item: Leftovers
|-ability|p1a: Blaziken|Speed Boost|boost
|-boost|p1a: Blaziken|spe|1
|upkeep
|turn|7
|
|t:|1779871091
|move|p1a: Blaziken|Close Combat|p2a: Coalossal
|-supereffective|p2a: Coalossal
|-crit|p2a: Coalossal
|-damage|p2a: Coalossal|0 fnt
|-unboost|p1a: Blaziken|def|1
|-unboost|p1a: Blaziken|spd|1
|faint|p2a: Coalossal
|
|-weather|SunnyDay|[upkeep]
|-ability|p1a: Blaziken|Speed Boost|boost
|-boost|p1a: Blaziken|spe|1
|upkeep
|
|t:|1779871103
|switch|p2a: Alomomola|Alomomola, F|100/100
|turn|8
|
|t:|1779871111
|-terastallize|p1a: Blaziken|Fire
|move|p2a: Alomomola|Protect|p2a: Alomomola
|-singleturn|p2a: Alomomola|Protect
|move|p1a: Blaziken|Overheat|p2a: Alomomola
|-activate|p2a: Alomomola|move: Protect
|
|-weather|SunnyDay|[upkeep]
|-ability|p1a: Blaziken|Speed Boost|boost
|-boost|p1a: Blaziken|spe|1
|upkeep
|turn|9
|
|t:|1779871122
|switch|p2a: Florges|Florges, F|100/100
|move|p1a: Blaziken|Overheat|p2a: Florges|[miss]
|-miss|p1a: Blaziken|p2a: Florges
|
|-weather|none
|-ability|p1a: Blaziken|Speed Boost|boost
|-boost|p1a: Blaziken|spe|1
|upkeep
|turn|10
|
|t:|1779871131
|move|p1a: Blaziken|Overheat|p2a: Florges
|-crit|p2a: Florges
|-damage|p2a: Florges|52/100
|-unboost|p1a: Blaziken|spa|2
|move|p2a: Florges|Psychic|p1a: Blaziken
|-damage|p1a: Blaziken|17/100
|
|-ability|p1a: Blaziken|Speed Boost|boost
|-boost|p1a: Blaziken|spe|1
|upkeep
|turn|11
|
|t:|1779871143
|switch|p2a: Alomomola|Alomomola, F|100/100
|move|p1a: Blaziken|Close Combat|p2a: Alomomola
|-crit|p2a: Alomomola
|-damage|p2a: Alomomola|64/100
|-unboost|p1a: Blaziken|def|1
|-unboost|p1a: Blaziken|spd|1
|
|-heal|p2a: Alomomola|71/100|[from] item: Leftovers
|-ability|p1a: Blaziken|Speed Boost|boost
|-boost|p1a: Blaziken|spe|1
|upkeep
|turn|12
|
|t:|1779871154
|switch|p1a: Ninetales|Ninetales, M|100/100
|-weather|SunnyDay|[from] ability: Drought|[of] p1a: Ninetales
|move|p2a: Alomomola|Wish|p2a: Alomomola
|
|-weather|SunnyDay|[upkeep]
|-heal|p2a: Alomomola|77/100|[from] item: Leftovers
|upkeep
|turn|13
|
|t:|1779871163
|switch|p2a: Florges|Florges, F|52/100
|move|p1a: Ninetales|Encore||[still]
|-fail|p1a: Ninetales
|
|-weather|SunnyDay|[upkeep]
|-heal|p2a: Florges|100/100|[from] move: Wish|[wisher] Alomomola
|upkeep
|turn|14
|
|t:|1779871174
|switch|p1a: Great Tusk|Great Tusk|100/100
|-activate|p1a: Great Tusk|ability: Protosynthesis
|-start|p1a: Great Tusk|protosynthesisatk
|move|p2a: Florges|Moonblast|p1a: Great Tusk
|-supereffective|p1a: Great Tusk
|-damage|p1a: Great Tusk|0 fnt
|faint|p1a: Great Tusk
|-end|p1a: Great Tusk|Protosynthesis|[silent]
|
|-weather|SunnyDay|[upkeep]
|upkeep
|
|t:|1779871178
|switch|p1a: Hatterene|Hatterene, F|24/100
|turn|15
|
|t:|1779871186
|move|p2a: Florges|Moonblast|p1a: Hatterene
|-damage|p1a: Hatterene|0 fnt
|faint|p1a: Hatterene
|
|-weather|SunnyDay|[upkeep]
|upkeep
|-message|Atusuki forfeited.
|
|win|ju2508
|raw|Atusuki's rating: 1168 &rarr; <strong>1146</strong><br />(-22 for losing)
|raw|ju2508's rating: 1208 &rarr; <strong>1230</strong><br />(+22 for winning)
|l|☆Atusuki
|player|p1|
|l|☆ju2508
|player|p2|
