|j|☆wxdwxdwxd
|j|☆ty-tyui↻
|t:|1779800064
|gametype|singles
|player|p1|wxdwxdwxd|102|1517
|player|p2|ty-tyui↻|ogreclan|1572
|gen|9
|tier|[Gen 9] OU
|rated|
|rule|HP Percentage Mod: HP is shown in percentages
|rule|Endless Battle Clause: Forcing endless battles is banned
|rule|Species Clause: Limit one of each Pokémon
|rule|OHKO Clause: OHKO moves are banned
|rule|Evasion Items Clause: Evasion items are banned
|rule|Evasion Moves Clause: Evasion moves are banned
|rule|Evasion Abilities Clause: Evasion abilities are banned
|rule|Sleep Moves Clause: Sleep-inducing moves are banned
|clearpoke
|poke|p1|Dragonite, F|
|poke|p1|Ogerpon-Cornerstone, F|
|poke|p1|Hatterene, F|
|poke|p1|Iron Treads|
|poke|p1|Kingambit, M|
|poke|p1|Zapdos|
|poke|p2|Cramorant, M|
|poke|p2|Pelipper, F|
|poke|p2|Dragonite, F|
|poke|p2|Floatzel, M|
|poke|p2|Ogerpon-Wellspring, F|
|poke|p2|Iron Treads|
|teampreview
|inactive|Battle timer is ON: inactive players will automatically lose when time's up. (requested by wxdwxdwxd)
|
|t:|1779800092
|teamsize|p1|6
|teamsize|p2|6
|start
|switch|p1a: Zapdos|Zapdos|100/100
|switch|p2a: Ogerpon|Ogerpon-Wellspring, F|100/100
|turn|1
|
|t:|1779800100
|switch|p2a: Iron Treads|Iron Treads|100/100
|move|p1a: Zapdos|Hurricane|p2a: Iron Treads
|-resisted|p2a: Iron Treads
|-damage|p2a: Iron Treads|73/100
|
|-heal|p2a: Iron Treads|80/100|[from] item: Leftovers
|upkeep
|turn|2
|
|t:|1779800110
|switch|p1a: Hatterene|Hatterene, F|100/100
|move|p2a: Iron Treads|Stealth Rock|p1a: Hatterene
|move|p1a: Hatterene|Stealth Rock|p2a: Iron Treads|[from] ability: Magic Bounce
|-sidestart|p2: ty-tyui↻|move: Stealth Rock
|
|-heal|p2a: Iron Treads|86/100|[from] item: Leftovers
|upkeep
|turn|3
|
|t:|1779800120
|move|p2a: Iron Treads|Rapid Spin|p1a: Hatterene
|-damage|p1a: Hatterene|91/100
|-boost|p2a: Iron Treads|spe|1
|-damage|p2a: Iron Treads|69/100|[from] item: Rocky Helmet|[of] p1a: Hatterene
|-sideend|p2: ty-tyui↻|Stealth Rock|[from] move: Rapid Spin|[of] p2a: Iron Treads
|move|p1a: Hatterene|Psychic Noise|p2a: Iron Treads
|-resisted|p2a: Iron Treads
|-damage|p2a: Iron Treads|50/100
|-start|p2a: Iron Treads|move: Heal Block
|
|upkeep
|turn|4
|
|t:|1779800131
|-end|p2a: Iron Treads|Quark Drive|[silent]
|switch|p2a: Pelipper|Pelipper, F|100/100
|-weather|RainDance|[from] ability: Drizzle|[of] p2a: Pelipper
|move|p1a: Hatterene|Psychic Noise|p2a: Pelipper
|-damage|p2a: Pelipper|50/100
|-start|p2a: Pelipper|move: Heal Block
|
|-weather|RainDance|[upkeep]
|upkeep
|turn|5
|
|t:|1779800142
|switch|p2a: Cramorant|Cramorant, M|100/100
|switch|p1a: Zapdos|Zapdos|100/100
|
|-weather|RainDance|[upkeep]
|upkeep
|turn|6
|
|t:|1779800151
|switch|p2a: Iron Treads|Iron Treads|50/100
|move|p1a: Zapdos|Volt Switch|p2a: Iron Treads
|-immune|p2a: Iron Treads
|
|-weather|RainDance|[upkeep]
|-heal|p2a: Iron Treads|57/100|[from] item: Leftovers
|upkeep
|turn|7
|
|t:|1779800155
|switch|p1a: Hatterene|Hatterene, F|91/100
|move|p2a: Iron Treads|Knock Off|p1a: Hatterene
|-damage|p1a: Hatterene|70/100
|-damage|p2a: Iron Treads|40/100|[from] item: Rocky Helmet|[of] p1a: Hatterene
|-enditem|p1a: Hatterene|Rocky Helmet|[from] move: Knock Off|[of] p2a: Iron Treads
|
|-weather|RainDance|[upkeep]
|-heal|p2a: Iron Treads|46/100|[from] item: Leftovers
|upkeep
|turn|8
|
|t:|1779800164
|move|p2a: Iron Treads|Earthquake|p1a: Hatterene
|-damage|p1a: Hatterene|39/100
|move|p1a: Hatterene|Pain Split|p2a: Iron Treads
|-sethp|p2a: Iron Treads|39/100|[from] move: Pain Split|[silent]
|-sethp|p1a: Hatterene|47/100|[from] move: Pain Split
|
|-weather|RainDance|[upkeep]
|-heal|p2a: Iron Treads|46/100|[from] item: Leftovers
|upkeep
|turn|9
|
|t:|1779800173
|switch|p1a: Iron Treads|Iron Treads|100/100
|-item|p1a: Iron Treads|Air Balloon
|move|p2a: Iron Treads|Earthquake|p1a: Iron Treads
|-immune|p1a: Iron Treads
|
|-weather|RainDance|[upkeep]
|-heal|p2a: Iron Treads|52/100|[from] item: Leftovers
|upkeep
|turn|10
|
|t:|1779800185
|-end|p2a: Iron Treads|Quark Drive|[silent]
|switch|p2a: Ogerpon|Ogerpon-Wellspring, F|100/100
|move|p1a: Iron Treads|Earthquake|p2a: Ogerpon
|-resisted|p2a: Ogerpon
|-damage|p2a: Ogerpon|69/100
|
|-weather|RainDance|[upkeep]
|upkeep
|turn|11
|
|t:|1779800190
|-end|p1a: Iron Treads|Quark Drive|[silent]
|switch|p1a: Hatterene|Hatterene, F|47/100
|move|p2a: Ogerpon|Ivy Cudgel|p1a: Hatterene|[anim] Ivy Cudgel Water
|-damage|p1a: Hatterene|0 fnt
|faint|p1a: Hatterene
|
|-weather|none
|upkeep
|
|t:|1779800193
|switch|p1a: Zapdos|Zapdos|100/100
|turn|12
|
|t:|1779800198
|switch|p2a: Iron Treads|Iron Treads|52/100
|move|p1a: Zapdos|Hurricane|p2a: Iron Treads
|-resisted|p2a: Iron Treads
|-damage|p2a: Iron Treads|21/100
|
|-heal|p2a: Iron Treads|28/100|[from] item: Leftovers
|upkeep
|turn|13
|
|t:|1779800207
|move|p1a: Zapdos|Hurricane|p2a: Iron Treads
|-resisted|p2a: Iron Treads
|-damage|p2a: Iron Treads|0 fnt
|faint|p2a: Iron Treads
|-end|p2a: Iron Treads|Quark Drive|[silent]
|
|upkeep
|
|t:|1779800224
|switch|p2a: Pelipper|Pelipper, F|50/100
|-weather|RainDance|[from] ability: Drizzle|[of] p2a: Pelipper
|turn|14
|
|t:|1779800243
|switch|p2a: Ogerpon|Ogerpon-Wellspring, F|69/100
|move|p1a: Zapdos|Hurricane|p2a: Ogerpon
|-supereffective|p2a: Ogerpon
|-damage|p2a: Ogerpon|0 fnt
|faint|p2a: Ogerpon
|
|-weather|RainDance|[upkeep]
|upkeep
|
|t:|1779800247
|switch|p2a: Floatzel|Floatzel, M|100/100
|turn|15
|
|t:|1779800254
|move|p2a: Floatzel|Wave Crash|p1a: Zapdos
|-damage|p1a: Zapdos|0 fnt
|-status|p2a: Floatzel|par|[from] ability: Static|[of] p1a: Zapdos
|faint|p1a: Zapdos
|-damage|p2a: Floatzel|69/100 par|[from] Recoil
|
|-weather|RainDance|[upkeep]
|upkeep
|
|t:|1779800263
|switch|p1a: Ogerpon|Ogerpon-Cornerstone, F|100/100
|turn|16
|
|t:|1779800272
|move|p1a: Ogerpon|Power Whip|p2a: Floatzel
|-supereffective|p2a: Floatzel
|-damage|p2a: Floatzel|0 fnt
|faint|p2a: Floatzel
|
|-weather|RainDance|[upkeep]
|upkeep
|
|t:|1779800287
|switch|p2a: Cramorant|Cramorant, M|100/100
|turn|17
|
|t:|1779800291
|-terastallize|p1a: Ogerpon|Rock
|detailschange|p1a: Ogerpon|Ogerpon-Cornerstone-Tera, F, tera:Rock
|-ability|p1a: Ogerpon|Embody Aspect (Cornerstone)|boost
|-boost|p1a: Ogerpon|def|1
|-terastallize|p2a: Cramorant|Ground
|move|p1a: Ogerpon|Ivy Cudgel|p2a: Cramorant|[anim] Ivy Cudgel Rock
|-resisted|p2a: Cramorant
|-damage|p2a: Cramorant|28/100
|move|p2a: Cramorant|Surf|p1a: Ogerpon
|-formechange|p2a: Cramorant|Cramorant-Gorging|
|-supereffective|p1a: Ogerpon
|-damage|p1a: Ogerpon|0 fnt
|faint|p1a: Ogerpon
|detailschange|p1: Ogerpon|Ogerpon-Cornerstone, F|[silent]
|
|-weather|RainDance|[upkeep]
|upkeep
|
|t:|1779800308
|switch|p1a: Dragonite|Dragonite, F|100/100
|turn|18
|
|t:|1779800311
|move|p1a: Dragonite|Dragon Dance|p1a: Dragonite
|-boost|p1a: Dragonite|atk|1
|-boost|p1a: Dragonite|spe|1
|move|p2a: Cramorant|Surf|p1a: Dragonite
|-resisted|p1a: Dragonite
|-damage|p1a: Dragonite|76/100
|
|-weather|RainDance|[upkeep]
|-heal|p1a: Dragonite|82/100|[from] item: Leftovers
|upkeep
|turn|19
|
|t:|1779800314
|move|p1a: Dragonite|Earthquake|p2a: Cramorant
|-damage|p2a: Cramorant|0 fnt
|-damage|p1a: Dragonite|57/100|[from] ability: Gulp Missile|[of] p2a: Cramorant
|-status|p1a: Dragonite|par
|-formechange|p2a: Cramorant|Cramorant|
|faint|p2a: Cramorant
|
|-weather|RainDance|[upkeep]
|-heal|p1a: Dragonite|63/100 par|[from] item: Leftovers
|upkeep
|
|t:|1779800318
|switch|p2a: Dragonite|Dragonite, F|100/100
|turn|20
|
|t:|1779800323
|move|p1a: Dragonite|Extreme Speed|p2a: Dragonite
|-damage|p2a: Dragonite|78/100
|move|p2a: Dragonite|Thunder|p1a: Dragonite
|-damage|p1a: Dragonite|29/100 par
|
|-weather|RainDance|[upkeep]
|-heal|p1a: Dragonite|35/100 par|[from] item: Leftovers
|upkeep
|turn|21
|
|t:|1779800330
|cant|p1a: Dragonite|par
|move|p2a: Dragonite|Roost|p2a: Dragonite
|-heal|p2a: Dragonite|100/100
|-singleturn|p2a: Dragonite|move: Roost
|
|-weather|none
|-heal|p1a: Dragonite|42/100 par|[from] item: Leftovers
|upkeep
|turn|22
|
|t:|1779800338
|switch|p2a: Pelipper|Pelipper, F|50/100
|-weather|RainDance|[from] ability: Drizzle|[of] p2a: Pelipper
|move|p1a: Dragonite|Extreme Speed|p2a: Pelipper
|-damage|p2a: Pelipper|18/100
|
|-weather|RainDance|[upkeep]
|-heal|p1a: Dragonite|48/100 par|[from] item: Leftovers
|upkeep
|turn|23
|
|t:|1779800343
|move|p1a: Dragonite|Extreme Speed|p2a: Pelipper
|-damage|p2a: Pelipper|0 fnt
|faint|p2a: Pelipper
|
|-weather|RainDance|[upkeep]
|-heal|p1a: Dragonite|54/100 par|[from] item: Leftovers
|upkeep
|
|t:|1779800345
|switch|p2a: Dragonite|Dragonite, F|100/100
|turn|24
|
|t:|1779800348
|move|p1a: Dragonite|Extreme Speed|p2a: Dragonite
|-damage|p2a: Dragonite|77/100
|move|p2a: Dragonite|Hurricane|p1a: Dragonite
|-damage|p1a: Dragonite|2/100 par
|-start|p1a: Dragonite|confusion
|
|-weather|RainDance|[upkeep]
|-heal|p1a: Dragonite|8/100 par|[from] item: Leftovers
|upkeep
|turn|25
|
|t:|1779800358
|move|p2a: Dragonite|Roost|p2a: Dragonite
|-heal|p2a: Dragonite|100/100
|-singleturn|p2a: Dragonite|move: Roost
|-activate|p1a: Dragonite|confusion
|cant|p1a: Dragonite|par
|
|-weather|RainDance|[upkeep]
|-heal|p1a: Dragonite|14/100 par|[from] item: Leftovers
|upkeep
|turn|26
|
|t:|1779800364
|-end|p1a: Dragonite|confusion
|cant|p1a: Dragonite|par
|move|p2a: Dragonite|Hurricane|p1a: Dragonite
|-damage|p1a: Dragonite|0 fnt
|faint|p1a: Dragonite
|
|-weather|RainDance|[upkeep]
|upkeep
|
|t:|1779800369
|switch|p1a: Iron Treads|Iron Treads|100/100
|-item|p1a: Iron Treads|Air Balloon
|turn|27
|
|t:|1779800373
|move|p1a: Iron Treads|Knock Off|p2a: Dragonite
|-damage|p2a: Dragonite|84/100
|-enditem|p2a: Dragonite|Heavy-Duty Boots|[from] move: Knock Off|[of] p1a: Iron Treads
|move|p2a: Dragonite|Hurricane|p1a: Iron Treads
|-resisted|p1a: Iron Treads
|-damage|p1a: Iron Treads|63/100
|-start|p1a: Iron Treads|confusion
|-enditem|p1a: Iron Treads|Air Balloon
|
|-weather|RainDance|[upkeep]
|upkeep
|turn|28
|
|t:|1779800383
|-end|p1a: Iron Treads|Quark Drive|[silent]
|switch|p1a: Kingambit|Kingambit, M|100/100
|-activate|p1a: Kingambit|ability: Supreme Overlord
|-start|p1a: Kingambit|fallen4|[silent]
|move|p2a: Dragonite|Hurricane|p1a: Kingambit
|-resisted|p1a: Kingambit
|-damage|p1a: Kingambit|70/100
|
|-weather|RainDance|[upkeep]
|-heal|p1a: Kingambit|76/100|[from] item: Leftovers
|upkeep
|turn|29
|
|t:|1779800388
|move|p2a: Dragonite|Thunder|p1a: Kingambit
|-damage|p1a: Kingambit|33/100
|move|p1a: Kingambit|Swords Dance|p1a: Kingambit
|-boost|p1a: Kingambit|atk|2
|
|-weather|none
|-heal|p1a: Kingambit|39/100|[from] item: Leftovers
|upkeep
|turn|30
|
|t:|1779800395
|move|p2a: Dragonite|Thunder|p1a: Kingambit
|-damage|p1a: Kingambit|2/100
|move|p1a: Kingambit|Iron Head|p2a: Dragonite
|-damage|p2a: Dragonite|0 fnt
|faint|p2a: Dragonite
|
|win|wxdwxdwxd
|raw|wxdwxdwxd's rating: 1517 &rarr; <strong>1540</strong><br />(+23 for winning)
|raw|ty-tyui↻'s rating: 1572 &rarr; <strong>1549</strong><br />(-23 for losing)
|l|☆wxdwxdwxd
|player|p1|
