|j|☆Lilfarmer
|j|☆isabelldra
|t:|1779877999
|gametype|singles
|player|p1|Lilfarmer|170|1073
|player|p2|isabelldra|gardenia|1095
|gen|9
|tier|[Gen 9] OU
|rated|
|rule|HP Percentage Mod: HP is shown in percentages
|rule|Endless Battle Clause: Forcing endless battles is banned
|rule|Species Clause: Limit one of each Pokémon
|rule|OHKO Clause: OHKO moves are banned
|rule|Evasion Items Clause: Evasion items are banned
|rule|Evasion Moves Clause: Evasion moves are banned
|rule|Evasion Abilities Clause: Evasion abilities are banned
|rule|Sleep Moves Clause: Sleep-inducing moves are banned
|clearpoke
|poke|p1|Umbreon, M|
|poke|p1|Regieleki|
|poke|p1|Vileplume, F|
|poke|p1|Ceruledge, F|
|poke|p1|Manaphy|
|poke|p1|Tinkaton, F|
|poke|p2|Smeargle, F|
|poke|p2|Great Tusk|
|poke|p2|Raging Bolt|
|poke|p2|Gholdengo|
|poke|p2|Kingambit, F|
|poke|p2|Cottonee, L1, F|
|teampreview
|inactive|Battle timer is ON: inactive players will automatically lose when time's up. (requested by Lilfarmer)
|
|t:|1779878015
|teamsize|p1|6
|teamsize|p2|6
|start
|switch|p1a: Vileplume|Vileplume, F|100/100
|switch|p2a: Great Tusk|Great Tusk|100/100
|-enditem|p2a: Great Tusk|Booster Energy
|-activate|p2a: Great Tusk|ability: Protosynthesis|[fromitem]
|-start|p2a: Great Tusk|protosynthesisatk
|turn|1
|
|t:|1779878025
|move|p2a: Great Tusk|Rapid Spin|p1a: Vileplume
|-damage|p1a: Vileplume|77/100
|-boost|p2a: Great Tusk|spe|1
|move|p1a: Vileplume|Strength Sap|p2a: Great Tusk
|-unboost|p2a: Great Tusk|atk|1
|-heal|p1a: Vileplume|100/100
|
|upkeep
|turn|2
|
|t:|1779878035
|move|p2a: Great Tusk|Stealth Rock|p1a: Vileplume
|-sidestart|p1: Lilfarmer|move: Stealth Rock
|move|p1a: Vileplume|Toxic|p2a: Great Tusk
|-status|p2a: Great Tusk|tox
|
|-damage|p2a: Great Tusk|94/100 tox|[from] psn
|upkeep
|turn|3
|
|t:|1779878050
|move|p2a: Great Tusk|Headlong Rush|p1a: Vileplume
|-damage|p1a: Vileplume|49/100
|-unboost|p2a: Great Tusk|def|1
|-unboost|p2a: Great Tusk|spd|1
|move|p1a: Vileplume|Leech Seed|p2a: Great Tusk
|-start|p2a: Great Tusk|move: Leech Seed
|
|-heal|p1a: Vileplume|55/100|[from] item: Leftovers
|-damage|p2a: Great Tusk|82/100 tox|[from] Leech Seed|[of] p1a: Vileplume
|-heal|p1a: Vileplume|71/100|[silent]
|-damage|p2a: Great Tusk|70/100 tox|[from] psn
|upkeep
|turn|4
|
|t:|1779878061
|-end|p2a: Great Tusk|Protosynthesis|[silent]
|switch|p2a: Cottonee|Cottonee, L1, F|100/100
|move|p1a: Vileplume|Giga Drain|p2a: Cottonee
|-resisted|p2a: Cottonee
|-enditem|p2a: Cottonee|Focus Sash
|-damage|p2a: Cottonee|9/100
|-heal|p1a: Vileplume|73/100|[from] drain|[of] p2a: Cottonee
|
|-heal|p1a: Vileplume|79/100|[from] item: Leftovers
|upkeep
|turn|5
|
|t:|1779878078
|move|p1a: Vileplume|Giga Drain|p2a: Cottonee
|-resisted|p2a: Cottonee
|-damage|p2a: Cottonee|0 fnt
|-heal|p1a: Vileplume|80/100|[from] drain|[of] p2a: Cottonee
|faint|p2a: Cottonee
|
|-heal|p1a: Vileplume|86/100|[from] item: Leftovers
|upkeep
|-message|isabelldra forfeited.
|
|win|Lilfarmer
|raw|Lilfarmer's rating: 1073 &rarr; <strong>1104</strong><br />(+31 for winning)
|raw|isabelldra's rating: 1095 &rarr; <strong>1069</strong><br />(-26 for losing)
|l|☆isabelldra
|player|p2|
|l|☆Lilfarmer
|player|p1|
