|j|☆dogdayzzz
|j|☆shellymon1c
|t:|1779800052
|gametype|singles
|player|p1|dogdayzzz|nancy|1279
|player|p2|shellymon1c|sonia|1357
|gen|9
|tier|[Gen 9] OU
|rated|
|rule|HP Percentage Mod: HP is shown in percentages
|rule|Endless Battle Clause: Forcing endless battles is banned
|rule|Species Clause: Limit one of each Pokémon
|rule|OHKO Clause: OHKO moves are banned
|rule|Evasion Items Clause: Evasion items are banned
|rule|Evasion Moves Clause: Evasion moves are banned
|rule|Evasion Abilities Clause: Evasion abilities are banned
|rule|Sleep Moves Clause: Sleep-inducing moves are banned
|clearpoke
|poke|p1|Iron Valiant|
|poke|p1|Darkrai|
|poke|p1|Kingambit, M|
|poke|p1|Cloyster, F|
|poke|p1|Ceruledge, F|
|poke|p1|Corviknight, M|
|poke|p2|Glimmora, M|
|poke|p2|Gholdengo|
|poke|p2|Blissey, F|
|poke|p2|Slither Wing|
|poke|p2|Darkrai|
|poke|p2|Exeggutor, F|
|teampreview
|inactive|Battle timer is ON: inactive players will automatically lose when time's up. (requested by dogdayzzz)
|c|☆dogdayzzz|glhf
|c|☆shellymon1c|glhf
|inactive|shellymon1c has 120 seconds left.
|
|t:|1779800086
|teamsize|p1|6
|teamsize|p2|6
|start
|switch|p1a: the goat|Cloyster, F|100/100
|switch|p2a: HE STANDS|Slither Wing|100/100
|turn|1
|
|t:|1779800098
|-terastallize|p1a: the goat|Ghost
|move|p1a: the goat|Shell Smash|p1a: the goat
|-unboost|p1a: the goat|def|1
|-unboost|p1a: the goat|spd|1
|-boost|p1a: the goat|atk|2
|-boost|p1a: the goat|spa|2
|-boost|p1a: the goat|spe|2
|-enditem|p1a: the goat|White Herb
|-clearnegativeboost|p1a: the goat|[silent]
|move|p2a: HE STANDS|Will-O-Wisp|p1a: the goat
|-status|p1a: the goat|brn
|
|-damage|p1a: the goat|94/100 brn|[from] brn
|upkeep
|turn|2
|
|t:|1779800105
|move|p1a: the goat|Rock Blast|p2a: HE STANDS
|-damage|p2a: HE STANDS|94/100
|-damage|p2a: HE STANDS|89/100
|-damage|p2a: HE STANDS|83/100
|-crit|p2a: HE STANDS
|-damage|p2a: HE STANDS|74/100
|-damage|p2a: HE STANDS|68/100
|-hitcount|p2a: HE STANDS|5
|move|p2a: HE STANDS|U-turn|p1a: the goat
|-resisted|p1a: the goat
|-damage|p1a: the goat|81/100 brn
|
|t:|1779800118
|-end|p2a: HE STANDS|Protosynthesis|[silent]
|switch|p2a: Gwen is Immune|Gholdengo|100/100|[from] U-turn
|
|-damage|p1a: the goat|75/100 brn|[from] brn
|upkeep
|turn|3
|
|t:|1779800125
|move|p1a: the goat|Hydro Pump|p2a: Gwen is Immune
|-damage|p2a: Gwen is Immune|40/100
|move|p2a: Gwen is Immune|Thunder Wave||[still]
|-fail|p2a: Gwen is Immune
|
|-damage|p1a: the goat|69/100 brn|[from] brn
|upkeep
|turn|4
|
|t:|1779800131
|switch|p2a: Blue Screen Bliss|Blissey, F|100/100
|move|p1a: the goat|Hydro Pump|p2a: Blue Screen Bliss
|-damage|p2a: Blue Screen Bliss|76/100
|
|-damage|p1a: the goat|63/100 brn|[from] brn
|upkeep
|turn|5
|
|t:|1779800141
|move|p1a: the goat|Icicle Spear|p2a: Blue Screen Bliss
|-damage|p2a: Blue Screen Bliss|64/100
|-damage|p2a: Blue Screen Bliss|52/100
|-damage|p2a: Blue Screen Bliss|40/100
|-damage|p2a: Blue Screen Bliss|29/100
|-damage|p2a: Blue Screen Bliss|18/100
|-hitcount|p2a: Blue Screen Bliss|5
|move|p2a: Blue Screen Bliss|Trick|p1a: the goat
|-activate|p2a: Blue Screen Bliss|move: Trick|[of] p1a: the goat
|-item|p1a: the goat|Choice Scarf|[from] move: Trick
|-enditem|p2a: Blue Screen Bliss|Choice Scarf|[silent]|[from] move: Trick
|
|-damage|p1a: the goat|57/100 brn|[from] brn
|upkeep
|turn|6
|
|t:|1779800155
|switch|p2a: Gwen is Immune|Gholdengo|40/100
|move|p1a: the goat|Hydro Pump|p2a: Gwen is Immune
|-damage|p2a: Gwen is Immune|0 fnt
|faint|p2a: Gwen is Immune
|
|-damage|p1a: the goat|50/100 brn|[from] brn
|upkeep
|
|t:|1779800161
|switch|p2a: -40 Speed Who?|Darkrai|100/100
|turn|7
|
|t:|1779800174
|switch|p2a: Big 'Xegg|Exeggutor, F|100/100
|move|p1a: the goat|Hydro Pump|p2a: Big 'Xegg
|-resisted|p2a: Big 'Xegg
|-damage|p2a: Big 'Xegg|67/100
|
|-damage|p1a: the goat|44/100 brn|[from] brn
|upkeep
|turn|8
|
|t:|1779800182
|move|p1a: the goat|Hydro Pump|p2a: Big 'Xegg|[miss]
|-miss|p1a: the goat|p2a: Big 'Xegg
|move|p2a: Big 'Xegg|Substitute|p2a: Big 'Xegg
|-start|p2a: Big 'Xegg|Substitute
|-damage|p2a: Big 'Xegg|42/100
|
|-damage|p1a: the goat|38/100 brn|[from] brn
|upkeep
|turn|9
|
|t:|1779800186
|move|p1a: the goat|Hydro Pump|p2a: Big 'Xegg
|-resisted|p2a: Big 'Xegg
|-end|p2a: Big 'Xegg|Substitute
|move|p2a: Big 'Xegg|Synthesis|p2a: Big 'Xegg
|-heal|p2a: Big 'Xegg|92/100
|
|-damage|p1a: the goat|32/100 brn|[from] brn
|upkeep
|turn|10
|
|t:|1779800191
|move|p1a: the goat|Hydro Pump|p2a: Big 'Xegg|[miss]
|-miss|p1a: the goat|p2a: Big 'Xegg
|move|p2a: Big 'Xegg|Substitute|p2a: Big 'Xegg
|-start|p2a: Big 'Xegg|Substitute
|-damage|p2a: Big 'Xegg|67/100
|
|-damage|p1a: the goat|25/100 brn|[from] brn
|upkeep
|turn|11
|
|t:|1779800195
|move|p1a: the goat|Hydro Pump|p2a: Big 'Xegg|[miss]
|-miss|p1a: the goat|p2a: Big 'Xegg
|move|p2a: Big 'Xegg|Substitute|p2a: Big 'Xegg
|-fail|p2a: Big 'Xegg|move: Substitute
|
|-damage|p1a: the goat|19/100 brn|[from] brn
|upkeep
|turn|12
|
|t:|1779800198
|-activate|p1a: the goat|move: Struggle
|move|p1a: the goat|Struggle|p2a: Big 'Xegg
|-activate|p2a: Big 'Xegg|move: Substitute|[damage]
|-damage|p1a: the goat|0 fnt|[from] recoil
|faint|p1a: the goat
|move|p2a: Big 'Xegg|Synthesis|p2a: Big 'Xegg
|-heal|p2a: Big 'Xegg|100/100
|
|upkeep
|
|t:|1779800207
|switch|p1a: Sir Galahad|Ceruledge, F|100/100
|turn|13
|
|t:|1779800214
|switch|p2a: -40 Speed Who?|Darkrai|100/100
|move|p1a: Sir Galahad|Bitter Blade|p2a: -40 Speed Who?
|-damage|p2a: -40 Speed Who?|37/100
|
|upkeep
|turn|14
|
|t:|1779800224
|move|p2a: -40 Speed Who?|Dark Pulse|p1a: Sir Galahad
|-supereffective|p1a: Sir Galahad
|-damage|p1a: Sir Galahad|4/100
|move|p1a: Sir Galahad|Bitter Blade|p2a: -40 Speed Who?
|-damage|p2a: -40 Speed Who?|0 fnt
|-heal|p1a: Sir Galahad|21/100|[from] drain|[of] p2a: -40 Speed Who?
|faint|p2a: -40 Speed Who?
|
|upkeep
|
|t:|1779800232
|switch|p2a: HE STANDS|Slither Wing|68/100
|turn|15
|
|t:|1779800236
|move|p2a: HE STANDS|First Impression|p1a: Sir Galahad
|-resisted|p1a: Sir Galahad
|-damage|p1a: Sir Galahad|8/100
|-ability|p1a: Sir Galahad|Weak Armor|boost
|-unboost|p1a: Sir Galahad|def|1
|-boost|p1a: Sir Galahad|spe|2
|move|p1a: Sir Galahad|Bitter Blade|p2a: HE STANDS
|-supereffective|p2a: HE STANDS
|-damage|p2a: HE STANDS|0 fnt
|-heal|p1a: Sir Galahad|51/100|[from] drain|[of] p2a: HE STANDS
|faint|p2a: HE STANDS
|-end|p2a: HE STANDS|Protosynthesis|[silent]
|
|upkeep
|-message|shellymon1c forfeited.
|
|win|dogdayzzz
|raw|dogdayzzz's rating: 1279 &rarr; <strong>1310</strong><br />(+31 for winning)
|raw|shellymon1c's rating: 1357 &rarr; <strong>1333</strong><br />(-24 for losing)
|l|☆shellymon1c
|player|p2|
|l|☆dogdayzzz
|player|p1|
