|j|☆serpico XD
|j|☆Womanofthepeople
|t:|1779964256
|gametype|singles
|player|p1|serpico XD|blue|1501
|player|p2|Womanofthepeople|beauty-gen4dp|1518
|gen|9
|tier|[Gen 9] OU
|rated|
|rule|HP Percentage Mod: HP is shown in percentages
|rule|Endless Battle Clause: Forcing endless battles is banned
|rule|Species Clause: Limit one of each Pokémon
|rule|OHKO Clause: OHKO moves are banned
|rule|Evasion Items Clause: Evasion items are banned
|rule|Evasion Moves Clause: Evasion moves are banned
|rule|Evasion Abilities Clause: Evasion abilities are banned
|rule|Sleep Moves Clause: Sleep-inducing moves are banned
|clearpoke
|poke|p1|Moltres|
|poke|p1|Darkrai|
|poke|p1|Iron Treads|
|poke|p1|Slowking-Galar, F|
|poke|p1|Zamazenta-*|
|poke|p1|Kingambit, M|
|poke|p2|Okidogi, M|
|poke|p2|Iron Crown|
|poke|p2|Kingambit, F|
|poke|p2|Samurott-Hisui, F|
|poke|p2|Great Tusk|
|poke|p2|Alomomola, F|
|teampreview
|inactive|Battle timer is ON: inactive players will automatically lose when time's up. (requested by serpico XD)
|c|☆serpico XD|glhf
|c|☆Womanofthepeople|u2
|
|t:|1779964269
|teamsize|p1|6
|teamsize|p2|6
|start
|switch|p1a: Darkrai|Darkrai|100/100
|switch|p2a: Samurott|Samurott-Hisui, F|100/100
|turn|1
|
|t:|1779964279
|move|p1a: Darkrai|Focus Blast|p2a: Samurott
|-supereffective|p2a: Samurott
|-damage|p2a: Samurott|43/100
|-unboost|p2a: Samurott|spd|1
|move|p2a: Samurott|Ceaseless Edge|p1a: Darkrai
|-resisted|p1a: Darkrai
|-damage|p1a: Darkrai|71/100
|-sidestart|p1: serpico XD|Spikes
|
|upkeep
|turn|2
|
|t:|1779964289
|switch|p2a: Okidogi|Okidogi, M|100/100
|move|p1a: Darkrai|Focus Blast|p2a: Okidogi|[miss]
|-miss|p1a: Darkrai|p2a: Okidogi
|
|upkeep
|turn|3
|
|t:|1779964295
|switch|p1a: Moltres|Moltres|100/100
|move|p2a: Okidogi|Knock Off|p1a: Moltres
|-damage|p1a: Moltres|73/100
|-enditem|p1a: Moltres|Heavy-Duty Boots|[from] move: Knock Off|[of] p2a: Okidogi
|
|upkeep
|turn|4
|
|t:|1779964306
|switch|p2a: Alomomola|Alomomola, F|100/100
|move|p1a: Moltres|U-turn|p2a: Alomomola
|-damage|p2a: Alomomola|92/100
|
|t:|1779964312
|switch|p1a: Slowking|Slowking-Galar, F, shiny|100/100|[from] U-turn
|-damage|p1a: Slowking|88/100|[from] Spikes
|
|upkeep
|turn|5
|
|t:|1779964321
|move|p2a: Alomomola|Flip Turn|p1a: Slowking
|-damage|p1a: Slowking|73/100
|
|t:|1779964325
|switch|p2a: Samurott|Samurott-Hisui, F|43/100|[from] Flip Turn
|move|p1a: Slowking|Future Sight|p2a: Samurott
|-start|p1a: Slowking|move: Future Sight
|
|upkeep
|turn|6
|
|t:|1779964333
|switch|p1a: Darkrai|Darkrai|71/100
|-damage|p1a: Darkrai|58/100|[from] Spikes
|move|p2a: Samurott|Ceaseless Edge|p1a: Darkrai|[miss]
|-miss|p2a: Samurott|p1a: Darkrai
|
|upkeep
|turn|7
|
|t:|1779964343
|switch|p2a: Okidogi|Okidogi, M|100/100
|move|p1a: Darkrai|Focus Blast|p2a: Okidogi|[miss]
|-miss|p1a: Darkrai|p2a: Okidogi
|
|-end|p2a: Okidogi|move: Future Sight
|-supereffective|p2a: Okidogi
|-damage|p2a: Okidogi|0 fnt
|faint|p2a: Okidogi
|upkeep
|
|t:|1779964350
|switch|p2a: Great Tusk|Great Tusk|100/100
|turn|8
|
|t:|1779964353
|move|p1a: Darkrai|Ice Beam|p2a: Great Tusk
|-supereffective|p2a: Great Tusk
|-damage|p2a: Great Tusk|16/100
|-status|p2a: Great Tusk|frz
|cant|p2a: Great Tusk|frz
|
|upkeep
|turn|9
|
|t:|1779964359
|move|p1a: Darkrai|Dark Pulse|p2a: Great Tusk
|-resisted|p2a: Great Tusk
|-damage|p2a: Great Tusk|0 fnt
|faint|p2a: Great Tusk
|-end|p2a: Great Tusk|Protosynthesis|[silent]
|
|upkeep
|
|t:|1779964367
|switch|p2a: Alomomola|Alomomola, F|100/100
|turn|10
|
|t:|1779964371
|move|p1a: Darkrai|Dark Pulse|p2a: Alomomola
|-damage|p2a: Alomomola|46/100
|cant|p2a: Alomomola|flinch
|
|upkeep
|turn|11
|-message|Womanofthepeople forfeited.
|
|win|serpico XD
|raw|serpico XD's rating: 1501 &rarr; <strong>1522</strong><br />(+21 for winning)
|raw|Womanofthepeople's rating: 1518 &rarr; <strong>1497</strong><br />(-21 for losing)
|l|☆Womanofthepeople
|player|p2|
|l|☆serpico XD
|player|p1|
