|j|☆jemaisjepa
|j|☆magikarp soup
|t:|1779804053
|gametype|singles
|player|p1|jemaisjepa|marlon|1678
|player|p2|magikarp soup|medium|1651
|gen|9
|tier|[Gen 9] OU
|rated|
|rule|HP Percentage Mod: HP is shown in percentages
|rule|Endless Battle Clause: Forcing endless battles is banned
|rule|Species Clause: Limit one of each Pokémon
|rule|OHKO Clause: OHKO moves are banned
|rule|Evasion Items Clause: Evasion items are banned
|rule|Evasion Moves Clause: Evasion moves are banned
|rule|Evasion Abilities Clause: Evasion abilities are banned
|rule|Sleep Moves Clause: Sleep-inducing moves are banned
|clearpoke
|poke|p1|Ogerpon-Wellspring, F|
|poke|p1|Samurott-Hisui, M|
|poke|p1|Zamazenta-*|
|poke|p1|Zoroark-Hisui, F|
|poke|p1|Glimmora, M|
|poke|p1|Great Tusk|
|poke|p2|Cramorant, M|
|poke|p2|Ceruledge, M|
|poke|p2|Kyurem|
|poke|p2|Moltres-Galar|
|poke|p2|Kingambit, F|
|poke|p2|Okidogi, M|
|teampreview
|inactive|Battle timer is ON: inactive players will automatically lose when time's up. (requested by jemaisjepa)
|
|t:|1779804072
|teamsize|p1|6
|teamsize|p2|6
|start
|switch|p1a: Samurott|Samurott-Hisui, M, shiny|100/100
|switch|p2a: Cramorant|Cramorant, M|100/100
|turn|1
|
|t:|1779804075
|move|p1a: Samurott|Ceaseless Edge|p2a: Cramorant
|-damage|p2a: Cramorant|20/100
|-sidestart|p2: magikarp soup|Spikes
|move|p2a: Cramorant|Surf|p1a: Samurott
|-formechange|p2a: Cramorant|Cramorant-Gorging|
|-resisted|p1a: Samurott
|-damage|p1a: Samurott|76/100
|
|upkeep
|turn|2
|j| Disscratch
|
|t:|1779804081
|move|p1a: Samurott|Ceaseless Edge|p2a: Cramorant
|-damage|p2a: Cramorant|0 fnt
|-damage|p1a: Samurott|51/100|[from] ability: Gulp Missile|[of] p2a: Cramorant
|-status|p1a: Samurott|par
|-formechange|p2a: Cramorant|Cramorant|
|-sidestart|p2: magikarp soup|Spikes
|faint|p2a: Cramorant
|
|upkeep
|
|t:|1779804096
|switch|p2a: Okidogi|Okidogi, M|100/100
|-damage|p2a: Okidogi|84/100|[from] Spikes
|turn|3
|l| Disscratch
|
|t:|1779804111
|switch|p1a: Zamazenta|Zamazenta, shiny|100/100
|-ability|p1a: Zamazenta|Dauntless Shield|boost
|-boost|p1a: Zamazenta|def|1
|move|p2a: Okidogi|Bulk Up|p2a: Okidogi
|-boost|p2a: Okidogi|atk|1
|-boost|p2a: Okidogi|def|1
|
|-heal|p2a: Okidogi|90/100|[from] item: Leftovers
|upkeep
|turn|4
|j| Disscratch
|
|t:|1779804119
|move|p2a: Okidogi|Bulk Up|p2a: Okidogi
|-boost|p2a: Okidogi|atk|1
|-boost|p2a: Okidogi|def|1
|move|p1a: Zamazenta|Roar|p2a: Okidogi
|-activate|p2a: Okidogi|ability: Guard Dog
|
|-heal|p2a: Okidogi|96/100|[from] item: Leftovers
|upkeep
|turn|5
|c|☆jemaisjepa|i forgor
|c|☆magikarp soup|happens to the best of us
|
|t:|1779804139
|move|p1a: Zamazenta|Iron Defense|p1a: Zamazenta
|-boost|p1a: Zamazenta|def|2
|move|p2a: Okidogi|Bulk Up|p2a: Okidogi
|-boost|p2a: Okidogi|atk|1
|-boost|p2a: Okidogi|def|1
|
|-heal|p2a: Okidogi|100/100|[from] item: Leftovers
|upkeep
|turn|6
|
|t:|1779804147
|move|p1a: Zamazenta|Iron Defense|p1a: Zamazenta
|-boost|p1a: Zamazenta|def|2
|move|p2a: Okidogi|Bulk Up|p2a: Okidogi
|-boost|p2a: Okidogi|atk|1
|-boost|p2a: Okidogi|def|1
|
|upkeep
|turn|7
|
|t:|1779804152
|move|p1a: Zamazenta|Iron Defense|p1a: Zamazenta
|-boost|p1a: Zamazenta|def|1
|move|p2a: Okidogi|Bulk Up|p2a: Okidogi
|-boost|p2a: Okidogi|atk|1
|-boost|p2a: Okidogi|def|1
|
|upkeep
|turn|8
|
|t:|1779804156
|move|p1a: Zamazenta|Body Press|p2a: Okidogi
|-resisted|p2a: Okidogi
|-damage|p2a: Okidogi|82/100
|move|p2a: Okidogi|Bulk Up|p2a: Okidogi
|-boost|p2a: Okidogi|atk|1
|-boost|p2a: Okidogi|def|1
|
|-heal|p2a: Okidogi|88/100|[from] item: Leftovers
|upkeep
|turn|9
|
|t:|1779804160
|move|p1a: Zamazenta|Body Press|p2a: Okidogi
|-resisted|p2a: Okidogi
|-damage|p2a: Okidogi|74/100
|move|p2a: Okidogi|Drain Punch|p1a: Zamazenta
|-damage|p1a: Zamazenta|68/100
|-heal|p2a: Okidogi|88/100|[from] drain|[of] p1a: Zamazenta
|
|-heal|p1a: Zamazenta|74/100|[from] item: Leftovers
|-heal|p2a: Okidogi|94/100|[from] item: Leftovers
|upkeep
|turn|10
|
|t:|1779804174
|switch|p1a: Great Tusk|Great Tusk|100/100
|move|p2a: Okidogi|Knock Off|p1a: Great Tusk
|-supereffective|p1a: Great Tusk
|-damage|p1a: Great Tusk|0 fnt
|replace|p1a: Zoroark|Zoroark-Hisui, F
|-end|p1a: Zoroark|Illusion
|-enditem|p1a: Zoroark|Choice Band|[from] move: Knock Off|[of] p2a: Okidogi
|faint|p1a: Zoroark
|
|-heal|p2a: Okidogi|99/100|[from] item: Leftovers
|upkeep
|
|t:|1779804178
|switch|p1a: Glimmora|Glimmora, M|100/100
|turn|11
|
|t:|1779804183
|move|p1a: Glimmora|Meteor Beam||[still]
|-prepare|p1a: Glimmora|Meteor Beam
|-boost|p1a: Glimmora|spa|1
|-enditem|p1a: Glimmora|Power Herb
|-anim|p1a: Glimmora|Meteor Beam|p2a: Okidogi
|-resisted|p2a: Okidogi
|-damage|p2a: Okidogi|43/100
|move|p2a: Okidogi|Drain Punch|p1a: Glimmora
|-damage|p1a: Glimmora|0 fnt
|-heal|p2a: Okidogi|84/100|[from] drain|[of] p1a: Glimmora
|-activate|p1a: Glimmora|ability: Toxic Debris
|-sidestart|p2: magikarp soup|move: Toxic Spikes
|faint|p1a: Glimmora
|
|-heal|p2a: Okidogi|90/100|[from] item: Leftovers
|upkeep
|-message|jemaisjepa forfeited.
|
|win|magikarp soup
|raw|jemaisjepa's rating: 1678 &rarr; <strong>1656</strong><br />(-22 for losing)
|raw|magikarp soup's rating: 1651 &rarr; <strong>1673</strong><br />(+22 for winning)
|l|☆jemaisjepa
|player|p1|
|l| Disscratch
|l|☆magikarp soup
|player|p2|
