|j|☆lockheed shartin
|j|☆fistmybump
|t:|1779937858
|gametype|singles
|player|p1|lockheed shartin|preschooler|1596
|player|p2|fistmybump|dawn-gen4pt|1557
|gen|9
|tier|[Gen 9] OU
|rated|
|rule|HP Percentage Mod: HP is shown in percentages
|rule|Endless Battle Clause: Forcing endless battles is banned
|rule|Species Clause: Limit one of each Pokémon
|rule|OHKO Clause: OHKO moves are banned
|rule|Evasion Items Clause: Evasion items are banned
|rule|Evasion Moves Clause: Evasion moves are banned
|rule|Evasion Abilities Clause: Evasion abilities are banned
|rule|Sleep Moves Clause: Sleep-inducing moves are banned
|clearpoke
|poke|p1|Zamazenta-*|
|poke|p1|Dragonite, M|
|poke|p1|Iron Treads|
|poke|p1|Samurott-Hisui, M|
|poke|p1|Pecharunt|
|poke|p1|Rillaboom, M|
|poke|p2|Lokix, M|
|poke|p2|Iron Crown|
|poke|p2|Great Tusk|
|poke|p2|Enamorus, F|
|poke|p2|Ogerpon-Wellspring, F|
|poke|p2|Alomomola, M|
|teampreview
|inactive|Battle timer is ON: inactive players will automatically lose when time's up. (requested by lockheed shartin)
|inactive|fistmybump also wants the timer to be on.
|j| deno_nemesis
|
|t:|1779937880
|teamsize|p1|6
|teamsize|p2|6
|start
|switch|p1a: Pfizer Inc|Pecharunt|100/100
|switch|p2a: Dylan|Iron Crown|100/100
|turn|1
|
|t:|1779937893
|switch|p1a: C.T.E.Spins|Iron Treads|100/100
|move|p2a: Dylan|Volt Switch|p1a: C.T.E.Spins
|-immune|p1a: C.T.E.Spins
|
|upkeep
|turn|2
|
|t:|1779937900
|-end|p2a: Dylan|Quark Drive|[silent]
|switch|p2a: Joegerpon|Ogerpon-Wellspring, F|100/100
|move|p1a: C.T.E.Spins|Knock Off|p2a: Joegerpon
|-damage|p2a: Joegerpon|80/100
|
|upkeep
|turn|3
|
|t:|1779937906
|-end|p1a: C.T.E.Spins|Quark Drive|[silent]
|switch|p1a: SleeplessNites|Dragonite, M|100/100
|move|p2a: Joegerpon|Ivy Cudgel|p1a: SleeplessNites|[anim] Ivy Cudgel Water
|-resisted|p1a: SleeplessNites
|-damage|p1a: SleeplessNites|87/100
|
|upkeep
|turn|4
|
|t:|1779937913
|move|p2a: Joegerpon|Substitute|p2a: Joegerpon
|-start|p2a: Joegerpon|Substitute
|-damage|p2a: Joegerpon|55/100
|move|p1a: SleeplessNites|Dragon Tail|p2a: Joegerpon
|-end|p2a: Joegerpon|Substitute
|
|upkeep
|turn|5
|
|t:|1779937930
|switch|p2a: Gin|Enamorus, F|100/100
|switch|p1a: LiquidSwords|Samurott-Hisui, M|100/100
|
|upkeep
|turn|6
|
|t:|1779937937
|switch|p1a: C.T.E.Spins|Iron Treads|100/100
|move|p2a: Gin|Moonblast|p1a: C.T.E.Spins
|-resisted|p1a: C.T.E.Spins
|-damage|p1a: C.T.E.Spins|76/100
|-unboost|p1a: C.T.E.Spins|spa|1
|
|-heal|p1a: C.T.E.Spins|83/100|[from] item: Leftovers
|upkeep
|turn|7
|
|t:|1779937944
|switch|p2a: Joegerpon|Ogerpon-Wellspring, F|55/100
|move|p1a: C.T.E.Spins|Stealth Rock|p2a: Joegerpon
|-sidestart|p2: fistmybump|move: Stealth Rock
|
|-heal|p1a: C.T.E.Spins|89/100|[from] item: Leftovers
|upkeep
|turn|8
|
|t:|1779937951
|-end|p1a: C.T.E.Spins|Quark Drive|[silent]
|switch|p1a: SleeplessNites|Dragonite, M|87/100
|move|p2a: Joegerpon|Ivy Cudgel|p1a: SleeplessNites|[anim] Ivy Cudgel Water
|-resisted|p1a: SleeplessNites
|-damage|p1a: SleeplessNites|59/100
|
|upkeep
|turn|9
|
|t:|1779937956
|move|p2a: Joegerpon|Ivy Cudgel|p1a: SleeplessNites|[anim] Ivy Cudgel Water
|-resisted|p1a: SleeplessNites
|-damage|p1a: SleeplessNites|32/100
|move|p1a: SleeplessNites|Roost|p1a: SleeplessNites
|-heal|p1a: SleeplessNites|82/100
|-singleturn|p1a: SleeplessNites|move: Roost
|
|upkeep
|turn|10
|
|t:|1779937963
|move|p2a: Joegerpon|Encore|p1a: SleeplessNites
|-start|p1a: SleeplessNites|Encore
|move|p1a: SleeplessNites|Roost|p1a: SleeplessNites
|-heal|p1a: SleeplessNites|100/100
|-singleturn|p1a: SleeplessNites|move: Roost
|
|upkeep
|turn|11
|
|t:|1779937966
|switch|p1a: Pfizer Inc|Pecharunt|100/100
|move|p2a: Joegerpon|Substitute|p2a: Joegerpon
|-start|p2a: Joegerpon|Substitute
|-damage|p2a: Joegerpon|30/100
|
|upkeep
|turn|12
|
|t:|1779937969
|move|p2a: Joegerpon|Ivy Cudgel|p1a: Pfizer Inc|[anim] Ivy Cudgel Water
|-damage|p1a: Pfizer Inc|70/100
|move|p1a: Pfizer Inc|Malignant Chain|p2a: Joegerpon
|-supereffective|p2a: Joegerpon
|-end|p2a: Joegerpon|Substitute
|
|upkeep
|turn|13
|
|t:|1779937976
|switch|p2a: Dylan|Iron Crown|100/100
|-damage|p2a: Dylan|94/100|[from] Stealth Rock
|move|p1a: Pfizer Inc|Shadow Ball|p2a: Dylan
|-supereffective|p2a: Dylan
|-damage|p2a: Dylan|43/100
|
|upkeep
|turn|14
|
|t:|1779937988
|move|p2a: Dylan|Tachyon Cutter|p1a: Pfizer Inc
|-damage|p1a: Pfizer Inc|32/100
|-damage|p1a: Pfizer Inc|0 fnt
|faint|p1a: Pfizer Inc
|-hitcount|p1: Pfizer Inc|2
|
|upkeep
|
|t:|1779937992
|switch|p1a: LiquidSwords|Samurott-Hisui, M|100/100
|turn|15
|
|t:|1779937996
|-end|p2a: Dylan|Quark Drive|[silent]
|switch|p2a: Behemoth|Great Tusk|100/100
|-damage|p2a: Behemoth|98/100|[from] Stealth Rock
|move|p1a: LiquidSwords|Ceaseless Edge|p2a: Behemoth
|-resisted|p2a: Behemoth
|-damage|p2a: Behemoth|82/100
|-damage|p1a: LiquidSwords|84/100|[from] item: Rocky Helmet|[of] p2a: Behemoth
|-sidestart|p2: fistmybump|Spikes
|
|upkeep
|turn|16
|
|t:|1779938006
|-terastallize|p1a: LiquidSwords|Ghost
|move|p2a: Behemoth|Rapid Spin|p1a: LiquidSwords
|-immune|p1a: LiquidSwords
|move|p1a: LiquidSwords|Razor Shell|p2a: Behemoth
|-supereffective|p2a: Behemoth
|-damage|p2a: Behemoth|13/100
|-unboost|p2a: Behemoth|def|1
|-damage|p1a: LiquidSwords|68/100|[from] item: Rocky Helmet|[of] p2a: Behemoth
|
|upkeep
|turn|17
|
|t:|1779938015
|move|p2a: Behemoth|Stealth Rock|p1a: LiquidSwords
|-sidestart|p1: lockheed shartin|move: Stealth Rock
|move|p1a: LiquidSwords|Ceaseless Edge|p2a: Behemoth
|-resisted|p2a: Behemoth
|-damage|p2a: Behemoth|0 fnt
|-damage|p1a: LiquidSwords|51/100|[from] item: Rocky Helmet|[of] p2a: Behemoth
|-sidestart|p2: fistmybump|Spikes
|faint|p2a: Behemoth
|-end|p2a: Behemoth|Protosynthesis|[silent]
|
|upkeep
|
|t:|1779938041
|switch|p2a: Edgar|Lokix, M|100/100
|-damage|p2a: Edgar|76/100|[from] Stealth Rock
|-damage|p2a: Edgar|59/100|[from] Spikes
|turn|18
|
|t:|1779938061
|switch|p1a: Mr. TalkAboutIt|Zamazenta, shiny|100/100
|-damage|p1a: Mr. TalkAboutIt|94/100|[from] Stealth Rock
|-ability|p1a: Mr. TalkAboutIt|Dauntless Shield|boost
|-boost|p1a: Mr. TalkAboutIt|def|1
|move|p2a: Edgar|First Impression|p1a: Mr. TalkAboutIt
|-resisted|p1a: Mr. TalkAboutIt
|-damage|p1a: Mr. TalkAboutIt|51/100
|
|upkeep
|turn|19
|
|t:|1779938066
|switch|p2a: Gin|Enamorus, F|100/100
|-damage|p2a: Gin|76/100|[from] Stealth Rock
|move|p1a: Mr. TalkAboutIt|Roar|p2a: Gin
|-enditem|p1a: Mr. TalkAboutIt|Throat Spray
|-boost|p1a: Mr. TalkAboutIt|spa|1|[from] item: Throat Spray
|drag|p2a: Edgar|Lokix, M|59/100
|-damage|p2a: Edgar|34/100|[from] Stealth Rock
|-damage|p2a: Edgar|18/100|[from] Spikes
|
|upkeep
|turn|20
|
|t:|1779938077
|move|p1a: Mr. TalkAboutIt|Flash Cannon|p2a: Edgar
|-damage|p2a: Edgar|0 fnt
|faint|p2a: Edgar
|
|upkeep
|
|t:|1779938088
|switch|p2a: Gin|Enamorus, F|76/100
|-damage|p2a: Gin|51/100|[from] Stealth Rock
|turn|21
|
|t:|1779938097
|switch|p1a: C.T.E.Spins|Iron Treads|89/100
|-damage|p1a: C.T.E.Spins|86/100|[from] Stealth Rock
|move|p2a: Gin|Moonblast|p1a: C.T.E.Spins
|-resisted|p1a: C.T.E.Spins
|-damage|p1a: C.T.E.Spins|62/100
|
|-heal|p1a: C.T.E.Spins|69/100|[from] item: Leftovers
|upkeep
|turn|22
|
|t:|1779938101
|switch|p2a: Pisces|Alomomola, M|100/100
|-damage|p2a: Pisces|88/100|[from] Stealth Rock
|-damage|p2a: Pisces|72/100|[from] Spikes
|move|p1a: C.T.E.Spins|Rapid Spin|p2a: Pisces
|-damage|p2a: Pisces|63/100
|-boost|p1a: C.T.E.Spins|spe|1
|-sideend|p1: lockheed shartin|Stealth Rock|[from] move: Rapid Spin|[of] p1a: C.T.E.Spins
|
|-heal|p1a: C.T.E.Spins|75/100|[from] item: Leftovers
|upkeep
|turn|23
|
|t:|1779938109
|move|p1a: C.T.E.Spins|Knock Off|p2a: Pisces
|-damage|p2a: Pisces|47/100
|-enditem|p2a: Pisces|Assault Vest|[from] move: Knock Off|[of] p1a: C.T.E.Spins
|move|p2a: Pisces|Flip Turn|p1a: C.T.E.Spins
|-supereffective|p1a: C.T.E.Spins
|-damage|p1a: C.T.E.Spins|50/100
|
|t:|1779938112
|switch|p2a: Gin|Enamorus, F|51/100|[from] Flip Turn
|-damage|p2a: Gin|26/100|[from] Stealth Rock
|
|-heal|p1a: C.T.E.Spins|56/100|[from] item: Leftovers
|upkeep
|turn|24
|
|t:|1779938119
|move|p2a: Gin|Earth Power|p1a: C.T.E.Spins
|-supereffective|p1a: C.T.E.Spins
|-damage|p1a: C.T.E.Spins|0 fnt
|faint|p1a: C.T.E.Spins
|-end|p1a: C.T.E.Spins|Quark Drive|[silent]
|
|upkeep
|
|t:|1779938121
|switch|p1a: SleeplessNites|Dragonite, M|100/100
|turn|25
|
|t:|1779938125
|switch|p2a: Pisces|Alomomola, M|81/100
|-damage|p2a: Pisces|68/100|[from] Stealth Rock
|-damage|p2a: Pisces|52/100|[from] Spikes
|move|p1a: SleeplessNites|Dragon Tail|p2a: Pisces
|-damage|p2a: Pisces|30/100
|drag|p2a: Gin|Enamorus, F|26/100
|-damage|p2a: Gin|1/100|[from] Stealth Rock
|
|upkeep
|turn|26
|
|t:|1779938135
|move|p1a: SleeplessNites|Extreme Speed|p2a: Gin
|-damage|p2a: Gin|0 fnt
|faint|p2a: Gin
|
|upkeep
|-message|fistmybump forfeited.
|
|win|lockheed shartin
|raw|lockheed shartin's rating: 1596 &rarr; <strong>1614</strong><br />(+18 for winning)
|raw|fistmybump's rating: 1557 &rarr; <strong>1539</strong><br />(-18 for losing)
|l|☆fistmybump
|player|p2|
