|j|☆onsomeyn
|j|☆MVA Central
|t:|1779840174
|gametype|singles
|player|p1|onsomeyn|170|1426
|player|p2|MVA Central|riley|1432
|gen|9
|tier|[Gen 9] OU
|rated|
|rule|HP Percentage Mod: HP is shown in percentages
|rule|Endless Battle Clause: Forcing endless battles is banned
|rule|Species Clause: Limit one of each Pokémon
|rule|OHKO Clause: OHKO moves are banned
|rule|Evasion Items Clause: Evasion items are banned
|rule|Evasion Moves Clause: Evasion moves are banned
|rule|Evasion Abilities Clause: Evasion abilities are banned
|rule|Sleep Moves Clause: Sleep-inducing moves are banned
|clearpoke
|poke|p1|Regieleki|
|poke|p1|Ting-Lu|
|poke|p1|Kyurem|
|poke|p1|Kingambit, F|
|poke|p1|Garganacl, F|
|poke|p1|Moltres|
|poke|p2|Ninetales-Alola, F|
|poke|p2|Mew|
|poke|p2|Moltres|
|poke|p2|Polteageist|
|poke|p2|Haxorus, M|
|poke|p2|Iron Valiant|
|teampreview
|inactive|Battle timer is ON: inactive players will automatically lose when time's up. (requested by MVA Central)
|
|t:|1779840201
|teamsize|p1|6
|teamsize|p2|6
|start
|switch|p1a: Ting-Lu|Ting-Lu|100/100
|switch|p2a: Ninetales|Ninetales-Alola, F|100/100
|-weather|Snowscape|[from] ability: Snow Warning|[of] p2a: Ninetales
|-ability|p1a: Ting-Lu|Vessel of Ruin
|turn|1
|
|t:|1779840216
|move|p2a: Ninetales|Aurora Veil|p2a: Ninetales
|-sidestart|p2: MVA Central|move: Aurora Veil
|move|p1a: Ting-Lu|Stealth Rock|p2a: Ninetales
|-sidestart|p2: MVA Central|move: Stealth Rock
|
|-weather|Snowscape|[upkeep]
|upkeep
|turn|2
|
|t:|1779840219
|switch|p1a: Garganacl|Garganacl, F|100/100
|move|p2a: Ninetales|Encore||[still]
|-fail|p2a: Ninetales
|
|-weather|Snowscape|[upkeep]
|upkeep
|turn|3
|
|t:|1779840241
|switch|p2a: Polteageist|Polteageist|100/100
|-damage|p2a: Polteageist|88/100|[from] Stealth Rock
|move|p1a: Garganacl|Salt Cure|p2a: Polteageist
|-damage|p2a: Polteageist|76/100
|-start|p2a: Polteageist|Salt Cure
|-ability|p2a: Polteageist|Weak Armor|boost
|-unboost|p2a: Polteageist|def|1
|-boost|p2a: Polteageist|spe|2
|-enditem|p2a: Polteageist|White Herb
|-clearnegativeboost|p2a: Polteageist|[silent]
|
|-weather|Snowscape|[upkeep]
|-damage|p2a: Polteageist|64/100|[from] Salt Cure
|upkeep
|turn|4
|
|t:|1779840254
|switch|p1a: Kingambit|Kingambit, F|100/100
|move|p2a: Polteageist|Shell Smash|p2a: Polteageist
|-unboost|p2a: Polteageist|def|1
|-unboost|p2a: Polteageist|spd|1
|-boost|p2a: Polteageist|atk|2
|-boost|p2a: Polteageist|spa|2
|-boost|p2a: Polteageist|spe|2
|
|-weather|Snowscape|[upkeep]
|-damage|p2a: Polteageist|52/100|[from] Salt Cure
|upkeep
|turn|5
|
|t:|1779840278
|move|p2a: Polteageist|Shadow Ball|p1a: Kingambit
|-resisted|p1a: Kingambit
|-damage|p1a: Kingambit|54/100
|move|p1a: Kingambit|Iron Head|p2a: Polteageist
|-damage|p2a: Polteageist|0 fnt
|faint|p2a: Polteageist
|
|-weather|none
|upkeep
|
|t:|1779840280
|switch|p2a: Iron Valiant|Iron Valiant|100/100
|-damage|p2a: Iron Valiant|94/100|[from] Stealth Rock
|-enditem|p2a: Iron Valiant|Booster Energy
|-activate|p2a: Iron Valiant|ability: Quark Drive|[fromitem]
|-start|p2a: Iron Valiant|quarkdrivespe
|turn|6
|
|t:|1779840292
|move|p2a: Iron Valiant|Swords Dance|p2a: Iron Valiant
|-boost|p2a: Iron Valiant|atk|2
|move|p1a: Kingambit|Iron Head|p2a: Iron Valiant
|-supereffective|p2a: Iron Valiant
|-damage|p2a: Iron Valiant|35/100
|
|upkeep
|turn|7
|
|t:|1779840298
|-end|p1a: Kingambit|fallenundefined|[silent]
|switch|p1a: Moltres|Moltres|100/100
|move|p2a: Iron Valiant|Close Combat|p1a: Moltres
|-resisted|p1a: Moltres
|-damage|p1a: Moltres|58/100
|-unboost|p2a: Iron Valiant|def|1
|-unboost|p2a: Iron Valiant|spd|1
|
|upkeep
|turn|8
|
|t:|1779840304
|-terastallize|p2a: Iron Valiant|Dark
|move|p2a: Iron Valiant|Knock Off|p1a: Moltres
|-damage|p1a: Moltres|0 fnt
|-enditem|p1a: Moltres|Heavy-Duty Boots|[from] move: Knock Off|[of] p2a: Iron Valiant
|faint|p1a: Moltres
|
|-sideend|p2: MVA Central|move: Aurora Veil
|upkeep
|
|t:|1779840306
|switch|p1a: Regieleki|Regieleki|100/100
|turn|9
|
|t:|1779840311
|move|p1a: Regieleki|Thunderbolt|p2a: Iron Valiant
|-damage|p2a: Iron Valiant|0 fnt
|faint|p2a: Iron Valiant
|-end|p2a: Iron Valiant|Quark Drive|[silent]
|
|upkeep
|
|t:|1779840314
|switch|p2a: Haxorus|Haxorus, M, shiny|100/100
|-damage|p2a: Haxorus|88/100|[from] Stealth Rock
|-ability|p2a: Haxorus|Mold Breaker
|turn|10
|
|t:|1779840321
|move|p1a: Regieleki|Volt Switch|p2a: Haxorus
|-resisted|p2a: Haxorus
|-damage|p2a: Haxorus|64/100
|
|t:|1779840324
|switch|p1a: Garganacl|Garganacl, F|100/100|[from] Volt Switch
|move|p2a: Haxorus|Scale Shot|p1a: Garganacl
|-damage|p1a: Garganacl|92/100
|-damage|p1a: Garganacl|84/100
|-damage|p1a: Garganacl|76/100
|-damage|p1a: Garganacl|68/100
|-hitcount|p1a: Garganacl|4
|-unboost|p2a: Haxorus|def|1
|-boost|p2a: Haxorus|spe|1
|
|upkeep
|turn|11
|
|t:|1779840331
|-terastallize|p1a: Garganacl|Fairy
|move|p2a: Haxorus|Earthquake|p1a: Garganacl
|-damage|p1a: Garganacl|46/100
|move|p1a: Garganacl|Salt Cure|p2a: Haxorus
|-damage|p2a: Haxorus|36/100
|-start|p2a: Haxorus|Salt Cure
|
|-damage|p2a: Haxorus|23/100|[from] Salt Cure
|upkeep
|turn|12
|
|t:|1779840336
|move|p2a: Haxorus|Poison Jab|p1a: Garganacl
|-supereffective|p1a: Garganacl
|-damage|p1a: Garganacl|14/100
|move|p1a: Garganacl|Recover|p1a: Garganacl
|-heal|p1a: Garganacl|64/100
|
|-damage|p2a: Haxorus|11/100|[from] Salt Cure
|upkeep
|turn|13
|
|t:|1779840341
|move|p2a: Haxorus|Poison Jab|p1a: Garganacl
|-supereffective|p1a: Garganacl
|-damage|p1a: Garganacl|33/100
|move|p1a: Garganacl|Recover|p1a: Garganacl
|-heal|p1a: Garganacl|83/100
|
|-damage|p2a: Haxorus|0 fnt|[from] Salt Cure
|faint|p2a: Haxorus
|upkeep
|
|t:|1779840346
|switch|p2a: Ninetales|Ninetales-Alola, F|100/100
|-damage|p2a: Ninetales|76/100|[from] Stealth Rock
|-weather|Snowscape|[from] ability: Snow Warning|[of] p2a: Ninetales
|turn|14
|
|t:|1779840352
|switch|p1a: Ting-Lu|Ting-Lu|100/100
|-ability|p1a: Ting-Lu|Vessel of Ruin
|move|p2a: Ninetales|Aurora Veil|p2a: Ninetales
|-sidestart|p2: MVA Central|move: Aurora Veil
|
|-weather|Snowscape|[upkeep]
|upkeep
|turn|15
|
|t:|1779840356
|move|p2a: Ninetales|Moonblast|p1a: Ting-Lu
|-supereffective|p1a: Ting-Lu
|-damage|p1a: Ting-Lu|64/100
|-unboost|p1a: Ting-Lu|spa|1
|-enditem|p1a: Ting-Lu|Weakness Policy
|-boost|p1a: Ting-Lu|atk|2|[from] item: Weakness Policy
|-boost|p1a: Ting-Lu|spa|2|[from] item: Weakness Policy
|move|p1a: Ting-Lu|Spikes|p2a: Ninetales
|-sidestart|p2: MVA Central|Spikes
|
|-weather|Snowscape|[upkeep]
|upkeep
|turn|16
|
|t:|1779840364
|move|p2a: Ninetales|Encore|p1a: Ting-Lu
|-start|p1a: Ting-Lu|Encore
|move|p1a: Ting-Lu|Spikes|p2a: Ninetales
|-sidestart|p2: MVA Central|Spikes
|
|-weather|Snowscape|[upkeep]
|upkeep
|turn|17
|
|t:|1779840371
|switch|p1a: Garganacl|Garganacl, F, tera:Fairy|83/100
|move|p2a: Ninetales|Moonblast|p1a: Garganacl
|-damage|p1a: Garganacl|60/100
|
|-weather|Snowscape|[upkeep]
|upkeep
|turn|18
|
|t:|1779840381
|move|p2a: Ninetales|Moonblast|p1a: Garganacl
|-damage|p1a: Garganacl|39/100
|move|p1a: Garganacl|Recover|p1a: Garganacl
|-heal|p1a: Garganacl|89/100
|
|-weather|none
|upkeep
|turn|19
|
|t:|1779840386
|move|p2a: Ninetales|Encore|p1a: Garganacl
|-start|p1a: Garganacl|Encore
|move|p1a: Garganacl|Recover|p1a: Garganacl
|-heal|p1a: Garganacl|100/100
|
|upkeep
|turn|20
|
|t:|1779840389
|switch|p1a: Regieleki|Regieleki|100/100
|move|p2a: Ninetales|Moonblast|p1a: Regieleki
|-damage|p1a: Regieleki|38/100
|
|upkeep
|turn|21
|
|t:|1779840399
|move|p1a: Regieleki|Volt Switch|p2a: Ninetales
|-damage|p2a: Ninetales|56/100
|
|t:|1779840401
|switch|p1a: Kingambit|Kingambit, F|54/100|[from] Volt Switch
|-activate|p1a: Kingambit|ability: Supreme Overlord
|-start|p1a: Kingambit|fallen1|[silent]
|move|p2a: Ninetales|Moonblast|p1a: Kingambit
|-damage|p1a: Kingambit|27/100
|
|-sideend|p2: MVA Central|move: Aurora Veil
|upkeep
|turn|22
|
|t:|1779840409
|move|p1a: Kingambit|Sucker Punch|p2a: Ninetales
|-resisted|p2a: Ninetales
|-damage|p2a: Ninetales|28/100
|move|p2a: Ninetales|Moonblast|p1a: Kingambit
|-damage|p1a: Kingambit|0 fnt
|faint|p1a: Kingambit
|-end|p1a: Kingambit|fallen1|[silent]
|
|upkeep
|
|t:|1779840412
|switch|p1a: Regieleki|Regieleki|38/100
|turn|23
|
|t:|1779840417
|move|p1a: Regieleki|Thunderbolt|p2a: Ninetales
|-damage|p2a: Ninetales|0 fnt
|faint|p2a: Ninetales
|
|upkeep
|
|t:|1779840425
|switch|p2a: Mew|Mew|100/100
|-damage|p2a: Mew|88/100|[from] Stealth Rock
|-damage|p2a: Mew|72/100|[from] Spikes
|turn|24
|
|t:|1779840441
|move|p1a: Regieleki|Thunderbolt|p2a: Mew
|-damage|p2a: Mew|16/100
|-enditem|p2a: Mew|Salac Berry|[eat]
|-boost|p2a: Mew|spe|1|[from] item: Salac Berry
|move|p2a: Mew|Psychic Fangs|p1a: Regieleki
|-damage|p1a: Regieleki|0 fnt
|faint|p1a: Regieleki
|
|upkeep
|
|t:|1779840448
|switch|p1a: Ting-Lu|Ting-Lu|64/100
|-ability|p1a: Ting-Lu|Vessel of Ruin
|turn|25
|
|t:|1779840452
|move|p2a: Mew|Close Combat|p1a: Ting-Lu
|-supereffective|p1a: Ting-Lu
|-damage|p1a: Ting-Lu|30/100
|-unboost|p2a: Mew|def|1
|-unboost|p2a: Mew|spd|1
|move|p1a: Ting-Lu|Payback|p2a: Mew
|-supereffective|p2a: Mew
|-damage|p2a: Mew|0 fnt
|faint|p2a: Mew
|
|upkeep
|
|t:|1779840455
|switch|p2a: Moltres|Moltres|100/100
|turn|26
|
|t:|1779840462
|move|p2a: Moltres|Flamethrower|p1a: Ting-Lu
|-damage|p1a: Ting-Lu|7/100
|move|p1a: Ting-Lu|Payback|p2a: Moltres
|-damage|p2a: Moltres|69/100
|-status|p1a: Ting-Lu|brn|[from] ability: Flame Body|[of] p2a: Moltres
|
|-damage|p1a: Ting-Lu|0 fnt|[from] brn
|faint|p1a: Ting-Lu
|upkeep
|
|t:|1779840465
|switch|p1a: Garganacl|Garganacl, F, tera:Fairy|100/100
|turn|27
|
|t:|1779840468
|move|p2a: Moltres|Flamethrower|p1a: Garganacl
|-damage|p1a: Garganacl|71/100
|move|p1a: Garganacl|Salt Cure|p2a: Moltres
|-supereffective|p2a: Moltres
|-damage|p2a: Moltres|31/100
|-start|p2a: Moltres|Salt Cure
|
|-damage|p2a: Moltres|18/100|[from] Salt Cure
|upkeep
|turn|28
|
|t:|1779840477
|switch|p1a: Kyurem|Kyurem|100/100
|-ability|p1a: Kyurem|Pressure
|move|p2a: Moltres|Flamethrower|p1a: Kyurem
|-damage|p1a: Kyurem|66/100
|-status|p1a: Kyurem|brn
|
|-damage|p1a: Kyurem|60/100 brn|[from] brn
|-damage|p2a: Moltres|6/100|[from] Salt Cure
|upkeep
|turn|29
|
|t:|1779840481
|move|p1a: Kyurem|Ice Beam|p2a: Moltres
|-damage|p2a: Moltres|0 fnt
|faint|p2a: Moltres
|
|win|onsomeyn
|raw|onsomeyn's rating: 1426 &rarr; <strong>1446</strong><br />(+20 for winning)
|raw|MVA Central's rating: 1432 &rarr; <strong>1412</strong><br />(-20 for losing)
|l|☆MVA Central
|player|p2|
|l|☆onsomeyn
|player|p1|
