|j|☆Thatwiz
|j|☆Penguinxdd
|t:|1779941372
|gametype|singles
|player|p1|Thatwiz|brawly|1307
|player|p2|Penguinxdd|veteran|1334
|gen|9
|tier|[Gen 9] OU
|rated|
|rule|HP Percentage Mod: HP is shown in percentages
|rule|Endless Battle Clause: Forcing endless battles is banned
|rule|Species Clause: Limit one of each Pokémon
|rule|OHKO Clause: OHKO moves are banned
|rule|Evasion Items Clause: Evasion items are banned
|rule|Evasion Moves Clause: Evasion moves are banned
|rule|Evasion Abilities Clause: Evasion abilities are banned
|rule|Sleep Moves Clause: Sleep-inducing moves are banned
|clearpoke
|poke|p1|Tyranitar, F|
|poke|p1|Excadrill, M|
|poke|p1|Samurott-Hisui, F|
|poke|p1|Rotom-Wash|
|poke|p1|Gliscor, M|
|poke|p1|Goodra-Hisui, M|
|poke|p2|Hatterene, F|
|poke|p2|Iron Treads|
|poke|p2|Volcanion|
|poke|p2|Gholdengo|
|poke|p2|Darkrai|
|poke|p2|Garchomp, F|
|teampreview
|inactive|Battle timer is ON: inactive players will automatically lose when time's up. (requested by Penguinxdd)
|
|t:|1779941393
|teamsize|p1|6
|teamsize|p2|6
|start
|switch|p1a: Gliscor|Gliscor, M|100/100
|switch|p2a: Darkrai|Darkrai|100/100
|turn|1
|
|t:|1779941402
|switch|p2a: Magic Bounson|Hatterene, F|100/100
|move|p1a: Gliscor|Protect||[still]
|-fail|p1a: Gliscor
|
|-status|p1a: Gliscor|tox|[from] item: Toxic Orb
|upkeep
|turn|2
|
|t:|1779941418
|move|p1a: Gliscor|Earthquake|p2a: Magic Bounson
|-damage|p2a: Magic Bounson|71/100
|move|p2a: Magic Bounson|Draining Kiss|p1a: Gliscor
|-damage|p1a: Gliscor|80/100 tox
|-heal|p2a: Magic Bounson|89/100|[from] drain|[of] p1a: Gliscor
|
|-heal|p1a: Gliscor|92/100 tox|[from] ability: Poison Heal
|upkeep
|turn|3
|
|t:|1779941421
|move|p1a: Gliscor|Earthquake|p2a: Magic Bounson
|-damage|p2a: Magic Bounson|61/100
|move|p2a: Magic Bounson|Psychic Noise|p1a: Gliscor
|-damage|p1a: Gliscor|63/100 tox
|-start|p1a: Gliscor|move: Heal Block
|
|upkeep
|turn|4
|
|t:|1779941434
|move|p1a: Gliscor|Protect|p1a: Gliscor
|-singleturn|p1a: Gliscor|Protect
|move|p2a: Magic Bounson|Draining Kiss|p1a: Gliscor
|-activate|p1a: Gliscor|move: Protect
|
|-end|p1a: Gliscor|move: Heal Block
|upkeep
|turn|5
|
|t:|1779941442
|switch|p1a: Excadrill|Excadrill, M|100/100
|switch|p2a: Iron Treads|Iron Treads|100/100
|-item|p2a: Iron Treads|Air Balloon
|
|upkeep
|turn|6
|
|t:|1779941459
|switch|p1a: Gliscor|Gliscor, M|63/100 tox
|move|p2a: Iron Treads|Earthquake|p1a: Gliscor
|-immune|p1a: Gliscor
|
|-heal|p1a: Gliscor|76/100 tox|[from] ability: Poison Heal
|upkeep
|turn|7
|
|t:|1779941465
|move|p1a: Gliscor|Protect|p1a: Gliscor
|-singleturn|p1a: Gliscor|Protect
|move|p2a: Iron Treads|Stealth Rock|p1a: Gliscor
|-sidestart|p1: Thatwiz|move: Stealth Rock
|
|-heal|p1a: Gliscor|88/100 tox|[from] ability: Poison Heal
|upkeep
|turn|8
|
|t:|1779941467
|-end|p2a: Iron Treads|Quark Drive|[silent]
|switch|p2a: Magic Bounson|Hatterene, F|61/100
|move|p1a: Gliscor|Stealth Rock|p2a: Magic Bounson
|move|p2a: Magic Bounson|Stealth Rock||[from] ability: Magic Bounce|[still]
|-fail|p2a: Magic Bounson
|
|-heal|p1a: Gliscor|100/100 tox|[from] ability: Poison Heal
|upkeep
|turn|9
|
|t:|1779941472
|move|p1a: Gliscor|Earthquake|p2a: Magic Bounson
|-damage|p2a: Magic Bounson|35/100
|move|p2a: Magic Bounson|Pain Split|p1a: Gliscor
|-sethp|p1a: Gliscor|66/100 tox|[from] move: Pain Split|[silent]
|-sethp|p2a: Magic Bounson|73/100|[from] move: Pain Split
|
|-heal|p1a: Gliscor|78/100 tox|[from] ability: Poison Heal
|upkeep
|turn|10
|
|t:|1779941476
|move|p1a: Gliscor|Protect|p1a: Gliscor
|-singleturn|p1a: Gliscor|Protect
|move|p2a: Magic Bounson|Psychic Noise|p1a: Gliscor
|-activate|p1a: Gliscor|move: Protect
|
|-heal|p1a: Gliscor|91/100 tox|[from] ability: Poison Heal
|upkeep
|turn|11
|
|t:|1779941480
|switch|p1a: Excadrill|Excadrill, M|100/100
|move|p2a: Magic Bounson|Psychic Noise|p1a: Excadrill
|-resisted|p1a: Excadrill
|-damage|p1a: Excadrill|77/100
|-start|p1a: Excadrill|move: Heal Block
|
|upkeep
|turn|12
|
|t:|1779941483
|switch|p2a: Lebron Rains|Gholdengo|100/100
|move|p1a: Excadrill|Rapid Spin|p2a: Lebron Rains
|-immune|p2a: Lebron Rains
|
|-end|p1a: Excadrill|move: Heal Block
|upkeep
|turn|13
|
|t:|1779941513
|move|p2a: Lebron Rains|Focus Blast|p1a: Excadrill
|-supereffective|p1a: Excadrill
|-damage|p1a: Excadrill|0 fnt
|faint|p1a: Excadrill
|
|upkeep
|
|t:|1779941528
|switch|p1a: Goodra|Goodra-Hisui, M|100/100
|-damage|p1a: Goodra|94/100|[from] Stealth Rock
|turn|14
|
|t:|1779941533
|-terastallize|p2a: Lebron Rains|Fighting
|move|p2a: Lebron Rains|Focus Blast|p1a: Goodra
|-supereffective|p1a: Goodra
|-damage|p1a: Goodra|36/100
|move|p1a: Goodra|Fire Blast|p2a: Lebron Rains
|-damage|p2a: Lebron Rains|53/100
|
|upkeep
|turn|15
|
|t:|1779941541
|switch|p2a: Volcanion|Volcanion|100/100
|switch|p1a: Rotom|Rotom-Wash|100/100
|-damage|p1a: Rotom|88/100|[from] Stealth Rock
|
|-heal|p1a: Rotom|94/100|[from] item: Leftovers
|upkeep
|turn|16
|
|t:|1779941548
|move|p2a: Volcanion|Sludge Bomb|p1a: Rotom
|-damage|p1a: Rotom|43/100
|move|p1a: Rotom|Volt Switch|p2a: Volcanion
|-supereffective|p2a: Volcanion
|-damage|p2a: Volcanion|40/100
|
|t:|1779941552
|switch|p1a: Tyranitar|Tyranitar, F|100/100|[from] Volt Switch
|-damage|p1a: Tyranitar|88/100|[from] Stealth Rock
|-weather|Sandstorm|[from] ability: Sand Stream|[of] p1a: Tyranitar
|
|-weather|Sandstorm|[upkeep]
|-damage|p2a: Volcanion|34/100|[from] Sandstorm
|upkeep
|turn|17
|
|t:|1779941574
|switch|p2a: Garchomp|Garchomp, F|100/100
|move|p1a: Tyranitar|Knock Off|p2a: Garchomp
|-damage|p2a: Garchomp|16/100
|-damage|p1a: Tyranitar|75/100|[from] ability: Rough Skin|[of] p2a: Garchomp
|-enditem|p2a: Garchomp|Loaded Dice|[from] move: Knock Off|[of] p1a: Tyranitar
|
|-weather|Sandstorm|[upkeep]
|upkeep
|turn|18
|inactive|Thatwiz has 120 seconds left.
|inactive|Thatwiz has 90 seconds left.
|
|t:|1779941630
|switch|p1a: Gliscor|Gliscor, M|91/100 tox
|-damage|p1a: Gliscor|78/100 tox|[from] Stealth Rock
|move|p2a: Garchomp|Earthquake|p1a: Gliscor
|-immune|p1a: Gliscor
|
|-weather|Sandstorm|[upkeep]
|-heal|p1a: Gliscor|91/100 tox|[from] ability: Poison Heal
|upkeep
|turn|19
|
|t:|1779941634
|switch|p2a: Magic Bounson|Hatterene, F|73/100
|move|p1a: Gliscor|Earthquake|p2a: Magic Bounson
|-damage|p2a: Magic Bounson|45/100
|
|-weather|Sandstorm|[upkeep]
|-damage|p2a: Magic Bounson|39/100|[from] Sandstorm
|-heal|p1a: Gliscor|100/100 tox|[from] ability: Poison Heal
|upkeep
|turn|20
|inactive|Thatwiz has 90 seconds left.
|
|t:|1779941674
|switch|p1a: Goodra|Goodra-Hisui, M|36/100
|-damage|p1a: Goodra|30/100|[from] Stealth Rock
|move|p2a: Magic Bounson|Pain Split|p1a: Goodra
|-sethp|p1a: Goodra|32/100|[from] move: Pain Split|[silent]
|-sethp|p2a: Magic Bounson|37/100|[from] move: Pain Split
|
|-weather|none
|upkeep
|turn|21
|
|t:|1779941683
|switch|p2a: Darkrai|Darkrai|100/100
|move|p1a: Goodra|Flash Cannon|p2a: Darkrai
|-damage|p2a: Darkrai|49/100
|
|upkeep
|turn|22
|
|t:|1779941695
|move|p2a: Darkrai|Dark Pulse|p1a: Goodra
|-damage|p1a: Goodra|13/100
|cant|p1a: Goodra|flinch
|
|upkeep
|turn|23
|
|t:|1779941705
|-terastallize|p1a: Goodra|Fairy
|move|p2a: Darkrai|Dark Pulse|p1a: Goodra
|-resisted|p1a: Goodra
|-damage|p1a: Goodra|4/100
|move|p1a: Goodra|Flash Cannon|p2a: Darkrai
|-damage|p2a: Darkrai|0 fnt
|faint|p2a: Darkrai
|
|upkeep
|
|t:|1779941715
|switch|p2a: Iron Treads|Iron Treads|100/100
|-item|p2a: Iron Treads|Air Balloon
|turn|24
|inactive|Thatwiz has 90 seconds left.
|
|t:|1779941748
|switch|p1a: Gliscor|Gliscor, M|100/100 tox
|-damage|p1a: Gliscor|88/100 tox|[from] Stealth Rock
|move|p2a: Iron Treads|Rapid Spin|p1a: Gliscor
|-damage|p1a: Gliscor|77/100 tox
|-boost|p2a: Iron Treads|spe|1
|
|-heal|p1a: Gliscor|89/100 tox|[from] ability: Poison Heal
|upkeep
|turn|25
|
|t:|1779941757
|move|p2a: Iron Treads|Ice Spinner|p1a: Gliscor
|-supereffective|p1a: Gliscor
|-damage|p1a: Gliscor|13/100 tox
|move|p1a: Gliscor|Earthquake|p2a: Iron Treads
|-immune|p2a: Iron Treads
|
|-heal|p1a: Gliscor|25/100 tox|[from] ability: Poison Heal
|upkeep
|turn|26
|
|t:|1779941766
|switch|p1a: Goodra|Goodra-Hisui, M, tera:Fairy|4/100
|-damage|p1a: Goodra|0 fnt|[from] Stealth Rock
|faint|p1a: Goodra
|move|p2a: Iron Treads|Rapid Spin|p1: Goodra|[notarget]
|-fail|p2a: Iron Treads
|
|upkeep
|
|t:|1779941774
|switch|p1a: Samurott|Samurott-Hisui, F|100/100
|-damage|p1a: Samurott|88/100|[from] Stealth Rock
|turn|27
|
|t:|1779941782
|move|p2a: Iron Treads|Earthquake|p1a: Samurott
|-damage|p1a: Samurott|28/100
|move|p1a: Samurott|Ceaseless Edge|p2a: Iron Treads
|-damage|p2a: Iron Treads|61/100
|-enditem|p2a: Iron Treads|Air Balloon
|-sidestart|p2: Penguinxdd|Spikes
|
|upkeep
|turn|28
|
|t:|1779941789
|move|p2a: Iron Treads|Rapid Spin|p1a: Samurott
|-damage|p1a: Samurott|8/100
|-boost|p2a: Iron Treads|spe|1
|-sideend|p2: Penguinxdd|Spikes|[from] move: Rapid Spin|[of] p2a: Iron Treads
|move|p1a: Samurott|Ceaseless Edge|p2a: Iron Treads
|-damage|p2a: Iron Treads|17/100
|-sidestart|p2: Penguinxdd|Spikes
|
|upkeep
|turn|29
|
|t:|1779941794
|-end|p2a: Iron Treads|Quark Drive|[silent]
|switch|p2a: Magic Bounson|Hatterene, F|37/100
|-damage|p2a: Magic Bounson|24/100|[from] Spikes
|move|p1a: Samurott|Ceaseless Edge|p2a: Magic Bounson
|-damage|p2a: Magic Bounson|0 fnt
|-damage|p1a: Samurott|0 fnt|[from] item: Rocky Helmet|[of] p2a: Magic Bounson
|faint|p2a: Magic Bounson
|faint|p1a: Samurott
|
|upkeep
|inactive|Thatwiz has 90 seconds left.
|
|t:|1779941815
|switch|p1a: Gliscor|Gliscor, M|25/100 tox
|switch|p2a: Volcanion|Volcanion|34/100
|-damage|p2a: Volcanion|22/100|[from] Spikes
|-damage|p1a: Gliscor|13/100 tox|[from] Stealth Rock
|turn|30
|inactive|Thatwiz has 90 seconds left.
|
|t:|1779941843
|move|p1a: Gliscor|Protect|p1a: Gliscor
|-singleturn|p1a: Gliscor|Protect
|move|p2a: Volcanion|Steam Eruption|p1a: Gliscor
|-activate|p1a: Gliscor|move: Protect
|
|-heal|p1a: Gliscor|25/100 tox|[from] ability: Poison Heal
|upkeep
|turn|31
|
|t:|1779941852
|move|p2a: Volcanion|Steam Eruption|p1a: Gliscor
|-supereffective|p1a: Gliscor
|-damage|p1a: Gliscor|0 fnt
|faint|p1a: Gliscor
|
|upkeep
|-message|Thatwiz forfeited.
|
|win|Penguinxdd
|raw|Thatwiz's rating: 1307 &rarr; <strong>1289</strong><br />(-18 for losing)
|raw|Penguinxdd's rating: 1334 &rarr; <strong>1352</strong><br />(+18 for winning)
|l|☆Thatwiz
|player|p1|
|l|☆Penguinxdd
|player|p2|
