|j|☆smokesniper3
|j|☆Oweiner95
|t:|1779827019
|gametype|singles
|player|p1|smokesniper3|veteran|1678
|player|p2|Oweiner95|flannery|1683
|gen|9
|tier|[Gen 9] OU
|rated|
|rule|HP Percentage Mod: HP is shown in percentages
|rule|Endless Battle Clause: Forcing endless battles is banned
|rule|Species Clause: Limit one of each Pokémon
|rule|OHKO Clause: OHKO moves are banned
|rule|Evasion Items Clause: Evasion items are banned
|rule|Evasion Moves Clause: Evasion moves are banned
|rule|Evasion Abilities Clause: Evasion abilities are banned
|rule|Sleep Moves Clause: Sleep-inducing moves are banned
|clearpoke
|poke|p1|Indeedee, M|
|poke|p1|Gardevoir, M|
|poke|p1|Iron Crown|
|poke|p1|Hatterene, F|
|poke|p1|Hoopa-Unbound|
|poke|p1|Hawlucha, M|
|poke|p2|Slowking-Galar, F|
|poke|p2|Great Tusk|
|poke|p2|Kyurem|
|poke|p2|Kingambit, M|
|poke|p2|Cinderace, F|
|poke|p2|Zapdos|
|teampreview
|inactive|Battle timer is ON: inactive players will automatically lose when time's up. (requested by Oweiner95)
|
|t:|1779827036
|teamsize|p1|6
|teamsize|p2|6
|start
|switch|p1a: Indeedee|Indeedee, M|100/100
|switch|p2a: Slowking|Slowking-Galar, F|100/100
|-fieldstart|move: Psychic Terrain|[from] ability: Psychic Surge|[of] p1a: Indeedee
|turn|1
|
|t:|1779827046
|switch|p1a: Hoopa|Hoopa-Unbound|100/100
|-enditem|p1a: Hoopa|Psychic Seed
|-boost|p1a: Hoopa|spd|1|[from] item: Psychic Seed
|move|p2a: Slowking|Future Sight|p1a: Hoopa
|-start|p2a: Slowking|move: Future Sight
|
|upkeep
|turn|2
|
|t:|1779827052
|move|p2a: Slowking|Thunder Wave|p1a: Hoopa
|-status|p1a: Hoopa|par
|move|p1a: Hoopa|Trick Room|p1a: Hoopa
|-fieldstart|move: Trick Room|[of] p1a: Hoopa
|
|upkeep
|turn|3
|
|t:|1779827059
|-prepare|p2a: Slowking|Chilly Reception|[premajor]
|move|p2a: Slowking|Chilly Reception|p2a: Slowking
|-weather|Snowscape
|inactive|Oweiner95 has 120 seconds left.
|
|t:|1779827089
|switch|p2a: Great Tusk|Great Tusk|100/100|[from] Chilly Reception
|move|p1a: Hoopa|Hyperspace Fury|p2a: Great Tusk
|-resisted|p2a: Great Tusk
|-damage|p2a: Great Tusk|83/100
|-unboost|p1a: Hoopa|def|1
|-item|p1a: Hoopa|Leftovers|[from] ability: Magician|[of] p2a: Great Tusk
|
|-weather|Snowscape|[upkeep]
|-end|p1a: Hoopa|move: Future Sight
|-immune|p1a: Hoopa
|upkeep
|turn|4
|
|t:|1779827098
|move|p1a: Hoopa|Expanding Force|p2a: Great Tusk
|-supereffective|p2a: Great Tusk
|-damage|p2a: Great Tusk|0 fnt
|faint|p2a: Great Tusk
|-end|p2a: Great Tusk|Protosynthesis|[silent]
|
|-weather|Snowscape|[upkeep]
|upkeep
|
|t:|1779827107
|switch|p2a: Kingambit|Kingambit, M|100/100
|-activate|p2a: Kingambit|ability: Supreme Overlord
|-start|p2a: Kingambit|fallen1|[silent]
|turn|5
|
|t:|1779827112
|move|p2a: Kingambit|Sucker Punch|p1a: Hoopa
|-activate|p1a: Hoopa|move: Psychic Terrain
|move|p1a: Hoopa|Drain Punch|p2a: Kingambit
|-supereffective|p2a: Kingambit
|-damage|p2a: Kingambit|20/100
|
|-weather|Snowscape|[upkeep]
|-heal|p2a: Kingambit|26/100|[from] item: Leftovers
|upkeep
|turn|6
|c|☆Oweiner95|arent I good at the game
|
|t:|1779827127
|-end|p2a: Kingambit|fallen1|[silent]
|switch|p2a: Zapdos|Zapdos|100/100
|move|p1a: Hoopa|Drain Punch|p2a: Zapdos
|-resisted|p2a: Zapdos
|-damage|p2a: Zapdos|90/100
|
|-weather|Snowscape|[upkeep]
|-fieldend|move: Trick Room
|upkeep
|turn|7
|
|t:|1779827131
|move|p2a: Zapdos|Volt Switch|p1a: Hoopa
|-damage|p1a: Hoopa|84/100 par
|
|t:|1779827135
|switch|p2a: Kingambit|Kingambit, M|26/100|[from] Volt Switch
|-activate|p2a: Kingambit|ability: Supreme Overlord
|-start|p2a: Kingambit|fallen1|[silent]
|move|p1a: Hoopa|Trick Room|p1a: Hoopa
|-fieldstart|move: Trick Room|[of] p1a: Hoopa
|
|-weather|none
|-heal|p1a: Hoopa|90/100 par|[from] item: Leftovers
|-heal|p2a: Kingambit|32/100|[from] item: Leftovers
|upkeep
|turn|8
|
|t:|1779827142
|move|p1a: Hoopa|Drain Punch|p2a: Kingambit
|-supereffective|p2a: Kingambit
|-damage|p2a: Kingambit|0 fnt
|-heal|p1a: Hoopa|100/100 par|[from] drain|[of] p2a: Kingambit
|faint|p2a: Kingambit
|-end|p2a: Kingambit|fallen1|[silent]
|
|-fieldend|move: Psychic Terrain
|upkeep
|
|t:|1779827162
|switch|p2a: Zapdos|Zapdos|90/100
|turn|9
|
|t:|1779827165
|move|p1a: Hoopa|Expanding Force|p2a: Zapdos
|-damage|p2a: Zapdos|44/100
|move|p2a: Zapdos|Roost|p2a: Zapdos
|-heal|p2a: Zapdos|94/100
|-singleturn|p2a: Zapdos|move: Roost
|
|upkeep
|turn|10
|
|t:|1779827170
|switch|p1a: Indeedee|Indeedee, M|100/100
|-fieldstart|move: Psychic Terrain|[from] ability: Psychic Surge|[of] p1a: Indeedee
|move|p2a: Zapdos|Roost|p2a: Zapdos
|-heal|p2a: Zapdos|100/100
|-singleturn|p2a: Zapdos|move: Roost
|
|upkeep
|turn|11
|
|t:|1779827177
|move|p2a: Zapdos|Hurricane|p1a: Indeedee
|-damage|p1a: Indeedee|35/100
|-start|p1a: Indeedee|confusion
|-activate|p1a: Indeedee|confusion
|move|p1a: Indeedee|Expanding Force|p2a: Zapdos
|-damage|p2a: Zapdos|35/100
|
|-fieldend|move: Trick Room
|upkeep
|turn|12
|
|t:|1779827191
|switch|p1a: Iron Crown|Iron Crown|100/100
|-enditem|p1a: Iron Crown|Booster Energy
|-activate|p1a: Iron Crown|ability: Quark Drive|[fromitem]
|-start|p1a: Iron Crown|quarkdrivespe
|switch|p2a: Slowking|Slowking-Galar, F|100/100
|
|upkeep
|turn|13
|
|t:|1779827200
|move|p1a: Iron Crown|Calm Mind|p1a: Iron Crown
|-boost|p1a: Iron Crown|spa|1
|-boost|p1a: Iron Crown|spd|1
|move|p2a: Slowking|Thunder Wave|p1a: Iron Crown
|-status|p1a: Iron Crown|par
|
|upkeep
|turn|14
|
|t:|1779827208
|move|p1a: Iron Crown|Expanding Force|p2a: Slowking
|-damage|p2a: Slowking|27/100
|-prepare|p2a: Slowking|Chilly Reception|[premajor]
|move|p2a: Slowking|Chilly Reception|p2a: Slowking
|-weather|Snowscape
|
|t:|1779827210
|switch|p2a: Cinderace|Cinderace, F|100/100|[from] Chilly Reception
|
|-weather|Snowscape|[upkeep]
|upkeep
|turn|15
|
|t:|1779827218
|move|p2a: Cinderace|Pyro Ball|p1a: Iron Crown
|-supereffective|p1a: Iron Crown
|-damage|p1a: Iron Crown|6/100 par
|move|p1a: Iron Crown|Expanding Force|p2a: Cinderace
|-damage|p2a: Cinderace|0 fnt
|faint|p2a: Cinderace
|
|-weather|Snowscape|[upkeep]
|upkeep
|
|t:|1779827224
|switch|p2a: Kyurem|Kyurem|100/100
|-ability|p2a: Kyurem|Pressure
|turn|16
|
|t:|1779827228
|move|p2a: Kyurem|Ice Beam|p1a: Iron Crown
|-resisted|p1a: Iron Crown
|-damage|p1a: Iron Crown|0 fnt
|faint|p1a: Iron Crown
|-end|p1a: Iron Crown|Quark Drive|[silent]
|
|-weather|Snowscape|[upkeep]
|upkeep
|
|t:|1779827252
|switch|p1a: Gardevoir|Gardevoir, M|100/100
|-ability|p1a: Gardevoir|Pressure|Trace|[from] ability: Trace|[of] p2a: Kyurem
|-ability|p1a: Gardevoir|Pressure
|turn|17
|
|t:|1779827257
|move|p2a: Kyurem|Ice Beam|p1a: Gardevoir
|-damage|p1a: Gardevoir|28/100
|move|p1a: Gardevoir|Expanding Force|p2a: Kyurem
|-damage|p2a: Kyurem|28/100
|
|-weather|Snowscape|[upkeep]
|-fieldend|move: Psychic Terrain
|upkeep
|turn|18
|
|t:|1779827262
|move|p1a: Gardevoir|Endure|p1a: Gardevoir
|-singleturn|p1a: Gardevoir|move: Endure
|move|p2a: Kyurem|Ice Beam|p1a: Gardevoir
|-activate|p1a: Gardevoir|move: Endure
|-damage|p1a: Gardevoir|1/100
|-enditem|p1a: Gardevoir|Salac Berry|[eat]
|-boost|p1a: Gardevoir|spe|1|[from] item: Salac Berry
|
|-weather|none
|upkeep
|turn|19
|
|t:|1779827282
|move|p1a: Gardevoir|Expanding Force|p2a: Kyurem
|-damage|p2a: Kyurem|0 fnt
|faint|p2a: Kyurem
|
|upkeep
|
|t:|1779827284
|switch|p2a: Slowking|Slowking-Galar, F|61/100
|turn|20
|
|t:|1779827291
|switch|p1a: Indeedee|Indeedee, M|35/100
|-fieldstart|move: Psychic Terrain|[from] ability: Psychic Surge|[of] p1a: Indeedee
|move|p2a: Slowking|Sludge Bomb|p1a: Indeedee
|-damage|p1a: Indeedee|0 fnt
|faint|p1a: Indeedee
|
|upkeep
|
|t:|1779827301
|switch|p1a: Hoopa|Hoopa-Unbound|100/100 par
|turn|21
|
|t:|1779827308
|move|p1a: Hoopa|Expanding Force|p2a: Slowking
|-damage|p2a: Slowking|6/100
|move|p2a: Slowking|Sludge Bomb|p1a: Hoopa
|-damage|p1a: Hoopa|76/100 par
|
|-heal|p1a: Hoopa|82/100 par|[from] item: Leftovers
|upkeep
|turn|22
|
|t:|1779827313
|move|p1a: Hoopa|Expanding Force|p2a: Slowking
|-crit|p2a: Slowking
|-damage|p2a: Slowking|0 fnt
|faint|p2a: Slowking
|
|-heal|p1a: Hoopa|88/100 par|[from] item: Leftovers
|upkeep
|
|t:|1779827314
|switch|p2a: Zapdos|Zapdos|35/100
|turn|23
|
|t:|1779827324
|move|p2a: Zapdos|Roost|p2a: Zapdos
|-heal|p2a: Zapdos|86/100
|-singleturn|p2a: Zapdos|move: Roost
|move|p1a: Hoopa|Expanding Force|p2a: Zapdos
|-damage|p2a: Zapdos|0 fnt
|faint|p2a: Zapdos
|
|win|smokesniper3
|raw|smokesniper3's rating: 1678 &rarr; <strong>1698</strong><br />(+20 for winning)
|raw|Oweiner95's rating: 1683 &rarr; <strong>1663</strong><br />(-20 for losing)
|c|☆smokesniper3|gg
