|j|☆jtrainer22
|j|☆claudechamp
|t:|1779868255
|gametype|singles
|player|p1|jtrainer22|marshal|1170
|player|p2|claudechamp|169|1186
|gen|9
|tier|[Gen 9] OU
|rated|
|rule|HP Percentage Mod: HP is shown in percentages
|rule|Endless Battle Clause: Forcing endless battles is banned
|rule|Species Clause: Limit one of each Pokémon
|rule|OHKO Clause: OHKO moves are banned
|rule|Evasion Items Clause: Evasion items are banned
|rule|Evasion Moves Clause: Evasion moves are banned
|rule|Evasion Abilities Clause: Evasion abilities are banned
|rule|Sleep Moves Clause: Sleep-inducing moves are banned
|clearpoke
|poke|p1|Ogerpon-Cornerstone, F|
|poke|p1|Hatterene, F|
|poke|p1|Pecharunt|
|poke|p1|Landorus-Therian, M|
|poke|p1|Kingambit, F|
|poke|p1|Latios, M|
|poke|p2|Gliscor, M|
|poke|p2|Gholdengo|
|poke|p2|Zamazenta-*|
|poke|p2|Blissey, F|
|poke|p2|Skarmory, F|
|poke|p2|Pecharunt|
|teampreview
|c|☆claudechamp|hf
|c|☆jtrainer22|glhf
|inactive|Battle timer is ON: inactive players will automatically lose when time's up. (requested by claudechamp)
|inactive|jtrainer22 also wants the timer to be on.
|
|t:|1779868273
|teamsize|p1|6
|teamsize|p2|6
|start
|switch|p1a: Ogerpon|Ogerpon-Cornerstone, F|100/100
|switch|p2a: Skarmory|Skarmory, F|100/100
|turn|1
|
|t:|1779868290
|switch|p1a: Hatterene|Hatterene, F|100/100
|move|p2a: Skarmory|Spikes|p1a: Hatterene
|move|p1a: Hatterene|Spikes|p2a: Skarmory|[from] ability: Magic Bounce
|-sidestart|p2: claudechamp|Spikes
|
|upkeep
|turn|2
|
|t:|1779868303
|move|p2a: Skarmory|Body Press|p1a: Hatterene
|-resisted|p1a: Hatterene
|-damage|p1a: Hatterene|92/100
|move|p1a: Hatterene|Mystical Fire|p2a: Skarmory
|-supereffective|p2a: Skarmory
|-damage|p2a: Skarmory|30/100
|-unboost|p2a: Skarmory|spa|1
|
|upkeep
|turn|3
|
|t:|1779868312
|switch|p2a: Gliscor|Gliscor, M|100/100
|move|p1a: Hatterene|Mystical Fire|p2a: Gliscor
|-damage|p2a: Gliscor|75/100
|-unboost|p2a: Gliscor|spa|1
|
|-status|p2a: Gliscor|tox|[from] item: Toxic Orb
|upkeep
|turn|4
|
|t:|1779868320
|move|p2a: Gliscor|Swords Dance|p2a: Gliscor
|-boost|p2a: Gliscor|atk|2
|move|p1a: Hatterene|Psychic Noise|p2a: Gliscor
|-damage|p2a: Gliscor|40/100 tox
|-start|p2a: Gliscor|move: Heal Block
|
|upkeep
|turn|5
|
|t:|1779868326
|switch|p1a: Landorus|Landorus-Therian, M|100/100
|-ability|p1a: Landorus|Intimidate|boost
|-unboost|p2a: Gliscor|atk|1
|move|p2a: Gliscor|Knock Off|p1a: Landorus
|-damage|p1a: Landorus|72/100
|-damage|p2a: Gliscor|24/100 tox|[from] item: Rocky Helmet|[of] p1a: Landorus
|-enditem|p1a: Landorus|Rocky Helmet|[from] move: Knock Off|[of] p2a: Gliscor
|
|-end|p2a: Gliscor|move: Heal Block
|upkeep
|turn|6
|
|t:|1779868335
|move|p1a: Landorus|Taunt|p2a: Gliscor
|-start|p2a: Gliscor|move: Taunt
|cant|p2a: Gliscor|move: Taunt|Swords Dance
|
|-heal|p2a: Gliscor|36/100 tox|[from] ability: Poison Heal
|upkeep
|turn|7
|
|t:|1779868344
|move|p1a: Landorus|Stealth Rock|p2a: Gliscor
|-sidestart|p2: claudechamp|move: Stealth Rock
|move|p2a: Gliscor|Knock Off|p1a: Landorus
|-damage|p1a: Landorus|55/100
|
|-heal|p2a: Gliscor|49/100 tox|[from] ability: Poison Heal
|upkeep
|turn|8
|
|t:|1779868358
|move|p1a: Landorus|U-turn|p2a: Gliscor
|-resisted|p2a: Gliscor
|-damage|p2a: Gliscor|39/100 tox
|
|t:|1779868363
|switch|p1a: Hatterene|Hatterene, F|92/100|[from] U-turn
|move|p2a: Gliscor|Knock Off|p1a: Hatterene
|-damage|p1a: Hatterene|55/100
|-enditem|p1a: Hatterene|Assault Vest|[from] move: Knock Off|[of] p2a: Gliscor
|
|-heal|p2a: Gliscor|52/100 tox|[from] ability: Poison Heal
|-end|p2a: Gliscor|move: Taunt
|upkeep
|turn|9
|
|t:|1779868365
|move|p2a: Gliscor|Earthquake|p1a: Hatterene
|-damage|p1a: Hatterene|1/100
|move|p1a: Hatterene|Psychic Noise|p2a: Gliscor
|-damage|p2a: Gliscor|14/100 tox
|-start|p2a: Gliscor|move: Heal Block
|
|upkeep
|turn|10
|
|t:|1779868372
|move|p2a: Gliscor|Earthquake|p1a: Hatterene
|-damage|p1a: Hatterene|0 fnt
|faint|p1a: Hatterene
|
|-end|p2a: Gliscor|move: Heal Block
|upkeep
|
|t:|1779868375
|switch|p1a: Ogerpon|Ogerpon-Cornerstone, F|100/100
|turn|11
|
|t:|1779868380
|switch|p2a: Zamazenta|Zamazenta|100/100
|-ability|p2a: Zamazenta|Dauntless Shield|boost
|-boost|p2a: Zamazenta|def|1
|move|p1a: Ogerpon|Ivy Cudgel|p2a: Zamazenta|[anim] Ivy Cudgel Rock
|-resisted|p2a: Zamazenta
|-damage|p2a: Zamazenta|82/100
|
|upkeep
|turn|12
|
|t:|1779868395
|switch|p1a: Landorus|Landorus-Therian, M|55/100
|-ability|p1a: Landorus|Intimidate|boost
|-unboost|p2a: Zamazenta|atk|1
|move|p2a: Zamazenta|Ice Fang|p1a: Landorus
|-supereffective|p1a: Landorus
|-damage|p1a: Landorus|4/100
|
|upkeep
|turn|13
|
|t:|1779868406
|switch|p1a: Pecharunt|Pecharunt|100/100
|move|p2a: Zamazenta|Close Combat|p1a: Pecharunt
|-immune|p1a: Pecharunt
|
|upkeep
|turn|14
|
|t:|1779868410
|move|p2a: Zamazenta|Ice Fang|p1a: Pecharunt
|-damage|p1a: Pecharunt|93/100
|move|p1a: Pecharunt|Parting Shot|p2a: Zamazenta
|-unboost|p2a: Zamazenta|atk|1
|-unboost|p2a: Zamazenta|spa|1
|
|t:|1779868413
|switch|p1a: Landorus|Landorus-Therian, M|4/100|[from] Parting Shot
|-ability|p1a: Landorus|Intimidate|boost
|-unboost|p2a: Zamazenta|atk|1
|
|upkeep
|turn|15
|
|t:|1779868418
|switch|p1a: Pecharunt|Pecharunt|93/100
|move|p2a: Zamazenta|Close Combat|p1a: Pecharunt
|-immune|p1a: Pecharunt
|
|upkeep
|turn|16
|
|t:|1779868421
|switch|p2a: Blissey|Blissey, F|100/100
|move|p1a: Pecharunt|Malignant Chain|p2a: Blissey
|-damage|p2a: Blissey|90/100
|-status|p2a: Blissey|tox
|-start|p2a: Blissey|confusion|[from] ability: Poison Puppeteer|[of] p1a: Pecharunt
|
|-damage|p2a: Blissey|84/100 tox|[from] psn
|upkeep
|turn|17
|
|t:|1779868431
|switch|p1a: Kingambit|Kingambit, F|100/100
|-activate|p1a: Kingambit|ability: Supreme Overlord
|-start|p1a: Kingambit|fallen1|[silent]
|-activate|p2a: Blissey|confusion
|-damage|p2a: Blissey|83/100 tox|[from] confusion
|
|-damage|p2a: Blissey|71/100 tox|[from] psn
|upkeep
|turn|18
|
|t:|1779868434
|-curestatus|p2a: Blissey|tox|[from] ability: Natural Cure|[silent]
|switch|p2a: Gholdengo|Gholdengo|100/100
|-damage|p2a: Gholdengo|88/100|[from] Spikes
|-damage|p2a: Gholdengo|82/100|[from] Stealth Rock
|move|p1a: Kingambit|Swords Dance|p1a: Kingambit
|-boost|p1a: Kingambit|atk|2
|
|upkeep
|turn|19
|
|t:|1779868442
|move|p2a: Gholdengo|Hex|p1a: Kingambit
|-resisted|p1a: Kingambit
|-damage|p1a: Kingambit|85/100
|move|p1a: Kingambit|Kowtow Cleave|p2a: Gholdengo
|-supereffective|p2a: Gholdengo
|-crit|p2a: Gholdengo
|-damage|p2a: Gholdengo|0 fnt
|faint|p2a: Gholdengo
|
|-heal|p1a: Kingambit|91/100|[from] item: Leftovers
|upkeep
|
|t:|1779868448
|switch|p2a: Zamazenta|Zamazenta|82/100
|turn|20
|
|t:|1779868462
|-terastallize|p1a: Kingambit|Ghost
|move|p2a: Zamazenta|Close Combat|p1a: Kingambit
|-immune|p1a: Kingambit
|move|p1a: Kingambit|Low Kick|p2a: Zamazenta
|-damage|p2a: Zamazenta|0 fnt
|faint|p2a: Zamazenta
|
|-heal|p1a: Kingambit|97/100|[from] item: Leftovers
|upkeep
|
|t:|1779868472
|switch|p2a: Pecharunt|Pecharunt|100/100
|turn|21
|
|t:|1779868479
|-terastallize|p2a: Pecharunt|Fairy
|move|p2a: Pecharunt|Shadow Ball|p1a: Kingambit
|-supereffective|p1a: Kingambit
|-damage|p1a: Kingambit|41/100
|move|p1a: Kingambit|Kowtow Cleave|p2a: Pecharunt
|-resisted|p2a: Pecharunt
|-damage|p2a: Pecharunt|74/100
|
|-heal|p1a: Kingambit|47/100|[from] item: Leftovers
|upkeep
|turn|22
|
|t:|1779868485
|-end|p1a: Kingambit|fallen1|[silent]
|switch|p1a: Landorus|Landorus-Therian, M|4/100
|-ability|p1a: Landorus|Intimidate|boost
|-unboost|p2a: Pecharunt|atk|1
|move|p2a: Pecharunt|Shadow Ball|p1a: Landorus
|-damage|p1a: Landorus|0 fnt
|faint|p1a: Landorus
|
|upkeep
|
|t:|1779868492
|switch|p1a: Latios|Latios, M|100/100
|turn|23
|
|t:|1779868498
|move|p1a: Latios|Luster Purge|p2a: Pecharunt
|-damage|p2a: Pecharunt|23/100
|move|p2a: Pecharunt|Shadow Ball|p1a: Latios
|-supereffective|p1a: Latios
|-damage|p1a: Latios|48/100
|
|upkeep
|turn|24
|
|t:|1779868502
|switch|p2a: Blissey|Blissey, F|71/100
|move|p1a: Latios|Luster Purge|p2a: Blissey
|-damage|p2a: Blissey|56/100
|-unboost|p2a: Blissey|spd|1
|
|upkeep
|turn|25
|
|t:|1779868511
|switch|p1a: Pecharunt|Pecharunt|93/100
|move|p2a: Blissey|Soft-Boiled|p2a: Blissey
|-heal|p2a: Blissey|100/100
|
|upkeep
|turn|26
|
|t:|1779868520
|switch|p1a: Ogerpon|Ogerpon-Cornerstone, F|100/100
|move|p2a: Blissey|Stealth Rock|p1a: Ogerpon
|-sidestart|p1: jtrainer22|move: Stealth Rock
|
|upkeep
|turn|27
|
|t:|1779868531
|switch|p2a: Skarmory|Skarmory, F|30/100
|move|p1a: Ogerpon|Knock Off|p2a: Skarmory
|-damage|p2a: Skarmory|7/100
|-enditem|p2a: Skarmory|Heavy-Duty Boots|[from] move: Knock Off|[of] p1a: Ogerpon
|
|upkeep
|turn|28
|
|t:|1779868540
|move|p1a: Ogerpon|Knock Off|p2a: Skarmory
|-damage|p2a: Skarmory|0 fnt
|faint|p2a: Skarmory
|
|upkeep
|
|t:|1779868549
|switch|p2a: Blissey|Blissey, F|100/100
|turn|29
|
|t:|1779868556
|move|p1a: Ogerpon|Knock Off|p2a: Blissey
|-crit|p2a: Blissey
|-damage|p2a: Blissey|36/100
|-enditem|p2a: Blissey|Heavy-Duty Boots|[from] move: Knock Off|[of] p1a: Ogerpon
|move|p2a: Blissey|Shadow Ball|p1a: Ogerpon
|-damage|p1a: Ogerpon|82/100
|-unboost|p1a: Ogerpon|spd|1
|
|upkeep
|turn|30
|
|t:|1779868563
|move|p1a: Ogerpon|Ivy Cudgel|p2a: Blissey|[anim] Ivy Cudgel Rock
|-damage|p2a: Blissey|0 fnt
|faint|p2a: Blissey
|
|upkeep
|
|t:|1779868571
|switch|p2a: Pecharunt|Pecharunt, tera:Fairy|23/100
|turn|31
|
|t:|1779868578
|move|p1a: Ogerpon|Ivy Cudgel|p2a: Pecharunt|[anim] Ivy Cudgel Rock
|-damage|p2a: Pecharunt|0 fnt
|faint|p2a: Pecharunt
|
|upkeep
|
|t:|1779868586
|switch|p2a: Gliscor|Gliscor, M|14/100 tox
|-damage|p2a: Gliscor|2/100 tox|[from] Stealth Rock
|turn|32
|
|t:|1779868591
|move|p2a: Gliscor|Protect|p2a: Gliscor
|-singleturn|p2a: Gliscor|Protect
|move|p1a: Ogerpon|Ivy Cudgel|p2a: Gliscor|[anim] Ivy Cudgel Rock
|-activate|p2a: Gliscor|move: Protect
|
|-heal|p2a: Gliscor|14/100 tox|[from] ability: Poison Heal
|upkeep
|turn|33
|
|t:|1779868598
|move|p1a: Ogerpon|Ivy Cudgel|p2a: Gliscor|[anim] Ivy Cudgel Rock
|-damage|p2a: Gliscor|0 fnt
|faint|p2a: Gliscor
|
|win|jtrainer22
|raw|jtrainer22's rating: 1170 &rarr; <strong>1196</strong><br />(+26 for winning)
|raw|claudechamp's rating: 1188 &rarr; <strong>1162</strong><br />(-26 for losing)
|c|☆claudechamp|gg
|c|☆jtrainer22|gg
|l|☆jtrainer22
|player|p1|
