|j|☆Harshweather
|j|☆jsf130808
|t:|1779877685
|gametype|singles
|player|p1|Harshweather|102|1171
|player|p2|jsf130808|dahlia|1140
|gen|9
|tier|[Gen 9] OU
|rated|
|rule|HP Percentage Mod: HP is shown in percentages
|rule|Endless Battle Clause: Forcing endless battles is banned
|rule|Species Clause: Limit one of each Pokémon
|rule|OHKO Clause: OHKO moves are banned
|rule|Evasion Items Clause: Evasion items are banned
|rule|Evasion Moves Clause: Evasion moves are banned
|rule|Evasion Abilities Clause: Evasion abilities are banned
|rule|Sleep Moves Clause: Sleep-inducing moves are banned
|clearpoke
|poke|p1|Zangoose, M|
|poke|p1|Iron Moth|
|poke|p1|Grimmsnarl, M|
|poke|p1|Dragapult, M|
|poke|p1|Vikavolt, F|
|poke|p1|Salamence, F|
|poke|p2|Gholdengo|
|poke|p2|Vivillon-Monsoon, F|
|poke|p2|Hawlucha, M|
|poke|p2|Jirachi|
|poke|p2|Mienshao, F|
|poke|p2|Hatterene, F|
|teampreview
|inactive|Battle timer is ON: inactive players will automatically lose when time's up. (requested by Harshweather)
|
|t:|1779877704
|teamsize|p1|6
|teamsize|p2|6
|start
|switch|p1a: Victim 2|Vikavolt, F|100/100
|switch|p2a: Hatterene|Hatterene, F|100/100
|turn|1
|
|t:|1779877730
|move|p1a: Victim 2|Volt Switch|p2a: Hatterene
|-damage|p2a: Hatterene|54/100
|
|t:|1779877735
|switch|p1a: Grimmsnarl|Grimmsnarl, M|100/100|[from] Volt Switch
|move|p2a: Hatterene|Psychic Noise|p1a: Grimmsnarl
|-immune|p1a: Grimmsnarl
|
|-heal|p2a: Hatterene|60/100|[from] item: Leftovers
|upkeep
|turn|2
|
|t:|1779877749
|move|p1a: Grimmsnarl|Light Screen|p1a: Grimmsnarl
|-sidestart|p1: Harshweather|move: Light Screen
|move|p2a: Hatterene|Nuzzle|p1a: Grimmsnarl
|-damage|p1a: Grimmsnarl|97/100
|-status|p1a: Grimmsnarl|par
|
|-heal|p2a: Hatterene|66/100|[from] item: Leftovers
|upkeep
|turn|3
|
|t:|1779877756
|move|p1a: Grimmsnarl|Reflect|p1a: Grimmsnarl
|-sidestart|p1: Harshweather|Reflect
|move|p2a: Hatterene|Draining Kiss|p1a: Grimmsnarl
|-supereffective|p1a: Grimmsnarl
|-damage|p1a: Grimmsnarl|67/100 par
|-heal|p2a: Hatterene|94/100|[from] drain|[of] p1a: Grimmsnarl
|
|-heal|p2a: Hatterene|99/100|[from] item: Leftovers
|upkeep
|turn|4
|
|t:|1779877763
|move|p1a: Grimmsnarl|Parting Shot|p2a: Hatterene
|move|p2a: Hatterene|Parting Shot|p1a: Grimmsnarl|[from] ability: Magic Bounce
|-unboost|p1a: Grimmsnarl|atk|1
|-unboost|p1a: Grimmsnarl|spa|1
|
|t:|1779877779
|switch|p2a: Jirachi|Jirachi, shiny|100/100|[from] Parting Shot
|
|upkeep
|turn|5
|
|t:|1779877797
|-terastallize|p2a: Jirachi|Fighting
|move|p1a: Grimmsnarl|Parting Shot|p2a: Jirachi
|-unboost|p2a: Jirachi|atk|1
|-unboost|p2a: Jirachi|spa|1
|
|t:|1779877804
|switch|p1a: Victim 2|Vikavolt, F|100/100|[from] Parting Shot
|move|p2a: Jirachi|Aura Sphere|p1a: Victim 2
|-resisted|p1a: Victim 2
|-damage|p1a: Victim 2|92/100
|
|upkeep
|turn|6
|
|t:|1779877813
|move|p2a: Jirachi|Calm Mind|p2a: Jirachi
|-boost|p2a: Jirachi|spa|1
|-boost|p2a: Jirachi|spd|1
|move|p1a: Victim 2|Sticky Web|p2a: Jirachi
|-sidestart|p2: jsf130808|move: Sticky Web
|
|upkeep
|turn|7
|
|t:|1779877820
|switch|p1a: Grimmsnarl|Grimmsnarl, M|67/100 par
|move|p2a: Jirachi|Psychic Noise|p1a: Grimmsnarl
|-immune|p1a: Grimmsnarl
|
|upkeep
|turn|8
|
|t:|1779877829
|move|p1a: Grimmsnarl|Taunt|p2a: Jirachi
|-start|p2a: Jirachi|move: Taunt
|move|p2a: Jirachi|Aura Sphere|p1a: Grimmsnarl
|-damage|p1a: Grimmsnarl|47/100 par
|
|upkeep
|turn|9
|
|t:|1779877836
|cant|p1a: Grimmsnarl|par
|move|p2a: Jirachi|Aura Sphere|p1a: Grimmsnarl
|-damage|p1a: Grimmsnarl|28/100 par
|
|-sideend|p1: Harshweather|move: Light Screen
|upkeep
|turn|10
|
|t:|1779877842
|move|p1a: Grimmsnarl|Parting Shot|p2a: Jirachi
|-unboost|p2a: Jirachi|atk|1
|-unboost|p2a: Jirachi|spa|1
|
|t:|1779877852
|switch|p1a: Victim 2|Vikavolt, F|92/100|[from] Parting Shot
|move|p2a: Jirachi|Aura Sphere|p1a: Victim 2
|-resisted|p1a: Victim 2
|-damage|p1a: Victim 2|74/100
|
|-end|p2a: Jirachi|move: Taunt
|-sideend|p1: Harshweather|Reflect
|upkeep
|turn|11
|
|t:|1779877862
|move|p2a: Jirachi|Calm Mind|p2a: Jirachi
|-boost|p2a: Jirachi|spa|1
|-boost|p2a: Jirachi|spd|1
|move|p1a: Victim 2|Thunder Wave|p2a: Jirachi
|-status|p2a: Jirachi|par
|
|upkeep
|turn|12
|
|t:|1779877868
|move|p1a: Victim 2|Volt Switch|p2a: Jirachi
|-damage|p2a: Jirachi|83/100 par
|
|t:|1779877873
|switch|p1a: Dragapult|Dragapult, M|100/100|[from] Volt Switch
|move|p2a: Jirachi|Psychic Noise|p1a: Dragapult
|-damage|p1a: Dragapult|46/100
|-start|p1a: Dragapult|move: Heal Block
|
|-heal|p2a: Jirachi|89/100 par|[from] item: Leftovers
|upkeep
|turn|13
|
|t:|1779877883
|move|p1a: Dragapult|Hex|p2a: Jirachi
|-damage|p2a: Jirachi|65/100 par
|move|p2a: Jirachi|Psychic Noise|p1a: Dragapult
|-damage|p1a: Dragapult|0 fnt
|faint|p1a: Dragapult
|
|-heal|p2a: Jirachi|71/100 par|[from] item: Leftovers
|upkeep
|
|t:|1779877893
|switch|p1a: molester|Zangoose, M|100/100
|turn|14
|
|t:|1779877898
|move|p1a: molester|Swords Dance|p1a: molester
|-boost|p1a: molester|atk|2
|move|p2a: Jirachi|Aura Sphere|p1a: molester
|-supereffective|p1a: molester
|-damage|p1a: molester|0 fnt
|faint|p1a: molester
|
|-heal|p2a: Jirachi|77/100 par|[from] item: Leftovers
|upkeep
|
|t:|1779877905
|switch|p1a: Salamence|Salamence, F|100/100
|turn|15
|
|t:|1779877921
|switch|p2a: Hatterene|Hatterene, F|99/100
|-activate|p2a: Hatterene|move: Sticky Web
|-unboost|p2a: Hatterene|spe|1
|move|p1a: Salamence|Dragon Dance|p1a: Salamence
|-boost|p1a: Salamence|atk|1
|-boost|p1a: Salamence|spe|1
|
|-heal|p2a: Hatterene|100/100|[from] item: Leftovers
|upkeep
|turn|16
|
|t:|1779877936
|-terastallize|p1a: Salamence|Steel
|move|p1a: Salamence|Earthquake|p2a: Hatterene
|-crit|p2a: Hatterene
|-damage|p2a: Hatterene|6/100
|move|p2a: Hatterene|Nuzzle|p1a: Salamence
|-damage|p1a: Salamence|95/100
|-status|p1a: Salamence|par
|
|-heal|p2a: Hatterene|12/100|[from] item: Leftovers
|upkeep
|turn|17
|
|t:|1779877949
|move|p1a: Salamence|Earthquake|p2a: Hatterene
|-damage|p2a: Hatterene|0 fnt
|faint|p2a: Hatterene
|-ability|p1a: Salamence|Moxie|boost
|-boost|p1a: Salamence|atk|1
|
|upkeep
|inactive|jsf130808 has 120 seconds left.
|
|t:|1779877969
|switch|p2a: Jirachi|Jirachi, shiny, tera:Fighting|77/100 par
|-activate|p2a: Jirachi|move: Sticky Web
|-unboost|p2a: Jirachi|spe|1
|turn|18
|inactive|jsf130808 has 120 seconds left.
|
|t:|1779877976
|cant|p1a: Salamence|par
|move|p2a: Jirachi|Aura Sphere|p1a: Salamence
|-supereffective|p1a: Salamence
|-damage|p1a: Salamence|5/100 par
|
|-heal|p2a: Jirachi|83/100 par|[from] item: Leftovers
|upkeep
|turn|19
|
|t:|1779877983
|move|p1a: Salamence|Fly||[still]
|-prepare|p1a: Salamence|Fly
|move|p2a: Jirachi|Aura Sphere|p1a: Salamence|[miss]
|-miss|p2a: Jirachi|p1a: Salamence
|
|-heal|p2a: Jirachi|89/100 par|[from] item: Leftovers
|upkeep
|turn|20
|
|t:|1779878012
|move|p1a: Salamence|Fly|p2a: Jirachi|[from] lockedmove
|-supereffective|p2a: Jirachi
|-damage|p2a: Jirachi|0 fnt
|faint|p2a: Jirachi
|-ability|p1a: Salamence|Moxie|boost
|-boost|p1a: Salamence|atk|1
|
|upkeep
|
|t:|1779878024
|switch|p2a: Hawlucha|Hawlucha, M|100/100
|turn|21
|
|t:|1779878030
|move|p2a: Hawlucha|Close Combat|p1a: Salamence
|-supereffective|p1a: Salamence
|-damage|p1a: Salamence|0 fnt
|-unboost|p2a: Hawlucha|def|1
|-unboost|p2a: Hawlucha|spd|1
|faint|p1a: Salamence
|
|upkeep
|
|t:|1779878042
|switch|p1a: Grimmsnarl|Grimmsnarl, M|28/100 par
|turn|22
|
|t:|1779878061
|switch|p2a: Gholdengo|Gholdengo|100/100
|cant|p1a: Grimmsnarl|par
|
|upkeep
|turn|23
|
|t:|1779878077
|cant|p1a: Grimmsnarl|par
|move|p2a: Gholdengo|Nasty Plot|p2a: Gholdengo
|-boost|p2a: Gholdengo|spa|2
|
|upkeep
|turn|24
|
|t:|1779878084
|move|p1a: Grimmsnarl|Parting Shot|p2a: Gholdengo
|-immune|p2a: Gholdengo|[from] ability: Good as Gold
|move|p2a: Gholdengo|Make It Rain|p1a: Grimmsnarl
|-supereffective|p1a: Grimmsnarl
|-damage|p1a: Grimmsnarl|0 fnt
|-unboost|p2a: Gholdengo|spa|1
|faint|p1a: Grimmsnarl
|
|upkeep
|
|t:|1779878090
|switch|p1a: Victim 2|Vikavolt, F|74/100
|turn|25
|
|t:|1779878102
|move|p2a: Gholdengo|Shadow Ball|p1a: Victim 2
|-damage|p1a: Victim 2|0 fnt
|faint|p1a: Victim 2
|
|upkeep
|
|t:|1779878105
|switch|p1a: 2nd molester|Iron Moth|100/100
|-enditem|p1a: 2nd molester|Booster Energy
|-activate|p1a: 2nd molester|ability: Quark Drive|[fromitem]
|-start|p1a: 2nd molester|quarkdrivespa
|turn|26
|
|t:|1779878129
|switch|p2a: Hawlucha|Hawlucha, M|100/100
|move|p1a: 2nd molester|Fiery Dance|p2a: Hawlucha
|-damage|p2a: Hawlucha|15/100
|
|upkeep
|turn|27
|
|t:|1779878147
|move|p1a: 2nd molester|Dazzling Gleam|p2a: Hawlucha
|-supereffective|p2a: Hawlucha
|-damage|p2a: Hawlucha|0 fnt
|faint|p2a: Hawlucha
|
|upkeep
|
|t:|1779878154
|switch|p2a: Mienshao|Mienshao, F, shiny|100/100
|-activate|p2a: Mienshao|move: Sticky Web
|-unboost|p2a: Mienshao|spe|1
|turn|28
|
|t:|1779878166
|move|p1a: 2nd molester|Dazzling Gleam|p2a: Mienshao
|-supereffective|p2a: Mienshao
|-damage|p2a: Mienshao|0 fnt
|faint|p2a: Mienshao
|
|upkeep
|
|t:|1779878171
|switch|p2a: Gholdengo|Gholdengo|100/100
|turn|29
|
|t:|1779878180
|move|p1a: 2nd molester|Fiery Dance|p2a: Gholdengo
|-supereffective|p2a: Gholdengo
|-damage|p2a: Gholdengo|0 fnt
|faint|p2a: Gholdengo
|
|upkeep
|
|t:|1779878185
|switch|p2a: Vivillon|Vivillon-Monsoon, F|100/100
|turn|30
|
|t:|1779878197
|move|p1a: 2nd molester|Fiery Dance|p2a: Vivillon
|-supereffective|p2a: Vivillon
|-enditem|p2a: Vivillon|Focus Sash
|-damage|p2a: Vivillon|1/100
|-boost|p1a: 2nd molester|spa|1
|move|p2a: Vivillon|Stun Spore|p1a: 2nd molester
|-status|p1a: 2nd molester|par
|
|upkeep
|turn|31
|
|t:|1779878206
|move|p2a: Vivillon|Hurricane|p1a: 2nd molester
|-damage|p1a: 2nd molester|51/100 par
|move|p1a: 2nd molester|Fiery Dance|p2a: Vivillon
|-supereffective|p2a: Vivillon
|-damage|p2a: Vivillon|0 fnt
|-boost|p1a: 2nd molester|spa|1
|faint|p2a: Vivillon
|
|win|Harshweather
|raw|Harshweather's rating: 1171 &rarr; <strong>1194</strong><br />(+23 for winning)
|raw|jsf130808's rating: 1140 &rarr; <strong>1117</strong><br />(-23 for losing)
|c|☆jsf130808|gg
|c|☆Harshweather|nooob
|c|☆Harshweather|ezzz
|c|☆Harshweather|ggs
|l|☆Harshweather
|player|p1|
|l|☆jsf130808
|player|p2|
