|j|☆woopre
|j|☆usedcardownloader
|t:|1779804791
|gametype|singles
|player|p1|woopre|#solomodspliii|1430
|player|p2|usedcardownloader|169|1422
|gen|9
|tier|[Gen 9] OU
|rated|
|rule|HP Percentage Mod: HP is shown in percentages
|rule|Endless Battle Clause: Forcing endless battles is banned
|rule|Species Clause: Limit one of each Pokémon
|rule|OHKO Clause: OHKO moves are banned
|rule|Evasion Items Clause: Evasion items are banned
|rule|Evasion Moves Clause: Evasion moves are banned
|rule|Evasion Abilities Clause: Evasion abilities are banned
|rule|Sleep Moves Clause: Sleep-inducing moves are banned
|clearpoke
|poke|p1|Weezing-Galar, M|
|poke|p1|Ogerpon, F|
|poke|p1|Skarmory, M|
|poke|p1|Alomomola, M|
|poke|p1|Clodsire, M|
|poke|p1|Hydreigon, M|
|poke|p2|Alomomola, F|
|poke|p2|Regidrago|
|poke|p2|Iron Valiant|
|poke|p2|Great Tusk|
|poke|p2|Corviknight, F|
|poke|p2|Scizor, M|
|teampreview
|inactive|Battle timer is ON: inactive players will automatically lose when time's up. (requested by woopre)
|
|t:|1779804806
|teamsize|p1|6
|teamsize|p2|6
|start
|switch|p1a: Alomomola|Alomomola, M, shiny|100/100
|switch|p2a: Great Tusk|Great Tusk|100/100
|turn|1
|
|t:|1779804812
|move|p2a: Great Tusk|Stealth Rock|p1a: Alomomola
|-sidestart|p1: woopre|move: Stealth Rock
|move|p1a: Alomomola|Flip Turn|p2a: Great Tusk
|-supereffective|p2a: Great Tusk
|-damage|p2a: Great Tusk|79/100
|
|t:|1779804822
|switch|p1a: Ogerpon|Ogerpon, F|100/100|[from] Flip Turn
|-damage|p1a: Ogerpon|88/100|[from] Stealth Rock
|
|upkeep
|turn|2
|
|t:|1779804829
|-end|p2a: Great Tusk|Protosynthesis|[silent]
|switch|p2a: Corviknight|Corviknight, F|100/100
|-ability|p2a: Corviknight|Pressure
|move|p1a: Ogerpon|Knock Off|p2a: Corviknight
|-damage|p2a: Corviknight|67/100
|-damage|p1a: Ogerpon|72/100|[from] item: Rocky Helmet|[of] p2a: Corviknight
|-enditem|p2a: Corviknight|Rocky Helmet|[from] move: Knock Off|[of] p1a: Ogerpon
|
|upkeep
|turn|3
|
|t:|1779804837
|switch|p1a: Weezing|Weezing-Galar, M, shiny|100/100
|-ability|p1a: Weezing|Neutralizing Gas
|move|p2a: Corviknight|U-turn|p1a: Weezing
|-resisted|p1a: Weezing
|-damage|p1a: Weezing|98/100
|
|t:|1779804855
|switch|p2a: Great Tusk|Great Tusk|79/100|[from] U-turn
|
|upkeep
|turn|4
|inactive|woopre has 120 seconds left.
|inactive|woopre has 90 seconds left.
|
|t:|1779804927
|-end|p1a: Weezing|ability: Neutralizing Gas
|switch|p1a: Skarmory|Skarmory, M, shiny|100/100
|-damage|p1a: Skarmory|88/100|[from] Stealth Rock
|move|p2a: Great Tusk|Headlong Rush|p1a: Skarmory
|-immune|p1a: Skarmory
|
|upkeep
|turn|5
|
|t:|1779804938
|-end|p2a: Great Tusk|Protosynthesis|[silent]
|switch|p2a: Alomomola|Alomomola, F|100/100
|move|p1a: Skarmory|Spikes|p2a: Alomomola
|-sidestart|p2: usedcardownloader|Spikes
|
|upkeep
|turn|6
|
|t:|1779804942
|move|p1a: Skarmory|Spikes|p2a: Alomomola
|-sidestart|p2: usedcardownloader|Spikes
|move|p2a: Alomomola|Tickle|p1a: Skarmory
|-unboost|p1a: Skarmory|atk|1
|-unboost|p1a: Skarmory|def|1
|
|upkeep
|turn|7
|
|t:|1779804948
|move|p1a: Skarmory|Spikes|p2a: Alomomola
|-sidestart|p2: usedcardownloader|Spikes
|move|p2a: Alomomola|Flip Turn|p1a: Skarmory
|-damage|p1a: Skarmory|71/100
|-damage|p2a: Alomomola|84/100|[from] item: Rocky Helmet|[of] p1a: Skarmory
|
|t:|1779804957
|switch|p2a: Corviknight|Corviknight, F|67/100|[from] Flip Turn
|-ability|p2a: Corviknight|Pressure
|
|upkeep
|turn|8
|
|t:|1779804964
|move|p1a: Skarmory|Taunt|p2a: Corviknight
|-start|p2a: Corviknight|move: Taunt
|cant|p2a: Corviknight|move: Taunt|Defog
|
|upkeep
|turn|9
|
|t:|1779804968
|move|p1a: Skarmory|Roost|p1a: Skarmory
|-heal|p1a: Skarmory|100/100
|-singleturn|p1a: Skarmory|move: Roost
|move|p2a: Corviknight|U-turn|p1a: Skarmory
|-resisted|p1a: Skarmory
|-damage|p1a: Skarmory|94/100
|-damage|p2a: Corviknight|50/100|[from] item: Rocky Helmet|[of] p1a: Skarmory
|
|t:|1779804990
|switch|p2a: Iron Valiant|Iron Valiant|100/100|[from] U-turn
|-damage|p2a: Iron Valiant|76/100|[from] Spikes
|-enditem|p2a: Iron Valiant|Booster Energy
|-activate|p2a: Iron Valiant|ability: Quark Drive|[fromitem]
|-start|p2a: Iron Valiant|quarkdrivespe
|
|upkeep
|turn|10
|inactive|woopre has 120 seconds left.
|
|t:|1779805007
|switch|p1a: Alomomola|Alomomola, M, shiny|100/100
|-damage|p1a: Alomomola|88/100|[from] Stealth Rock
|move|p2a: Iron Valiant|Close Combat|p1a: Alomomola
|-crit|p1a: Alomomola
|-damage|p1a: Alomomola|25/100
|-unboost|p2a: Iron Valiant|def|1
|-unboost|p2a: Iron Valiant|spd|1
|
|upkeep
|turn|11
|
|t:|1779805016
|switch|p1a: Weezing|Weezing-Galar, M, shiny|98/100
|-ability|p1a: Weezing|Neutralizing Gas
|move|p2a: Iron Valiant|Moonblast|p1a: Weezing
|-resisted|p1a: Weezing
|-damage|p1a: Weezing|68/100
|
|upkeep
|turn|12
|
|t:|1779805029
|-end|p2a: Iron Valiant|Quark Drive|[silent]
|switch|p2a: Great Tusk|Great Tusk|79/100
|-end|p1a: Weezing|ability: Neutralizing Gas
|switch|p1a: Hydreigon|Hydreigon, M, shiny|100/100
|-damage|p1a: Hydreigon|88/100|[from] Stealth Rock
|
|upkeep
|turn|13
|
|t:|1779805038
|-end|p2a: Great Tusk|Protosynthesis|[silent]
|switch|p2a: Iron Valiant|Iron Valiant|76/100
|-damage|p2a: Iron Valiant|51/100|[from] Spikes
|move|p1a: Hydreigon|Draco Meteor|p2a: Iron Valiant
|-immune|p2a: Iron Valiant
|
|upkeep
|turn|14
|
|t:|1779805043
|switch|p1a: Weezing|Weezing-Galar, M, shiny|68/100
|-ability|p1a: Weezing|Neutralizing Gas
|move|p2a: Iron Valiant|Moonblast|p1a: Weezing
|-resisted|p1a: Weezing
|-damage|p1a: Weezing|37/100
|-unboost|p1a: Weezing|spa|1
|
|upkeep
|turn|15
|
|t:|1779805049
|-terastallize|p2a: Iron Valiant|Ghost
|move|p2a: Iron Valiant|Shadow Ball|p1a: Weezing
|-damage|p1a: Weezing|0 fnt
|faint|p1a: Weezing
|-end|p1a: Weezing|ability: Neutralizing Gas
|
|upkeep
|
|t:|1779805069
|switch|p1a: Clodsire|Clodsire, M, shiny|100/100
|-damage|p1a: Clodsire|94/100|[from] Stealth Rock
|turn|16
|
|t:|1779805081
|-end|p2a: Iron Valiant|Quark Drive|[silent]
|switch|p2a: Corviknight|Corviknight, F|50/100
|-ability|p2a: Corviknight|Pressure
|switch|p1a: Skarmory|Skarmory, M, shiny|94/100
|-damage|p1a: Skarmory|82/100|[from] Stealth Rock
|
|upkeep
|turn|17
|
|t:|1779805102
|switch|p2a: Great Tusk|Great Tusk|79/100
|move|p1a: Skarmory|Taunt|p2a: Great Tusk
|-start|p2a: Great Tusk|move: Taunt
|
|upkeep
|turn|18
|
|t:|1779805111
|move|p2a: Great Tusk|Rapid Spin|p1a: Skarmory
|-resisted|p1a: Skarmory
|-damage|p1a: Skarmory|78/100
|-boost|p2a: Great Tusk|spe|1
|-damage|p2a: Great Tusk|63/100|[from] item: Rocky Helmet|[of] p1a: Skarmory
|-sideend|p2: usedcardownloader|Spikes|[from] move: Rapid Spin|[of] p2a: Great Tusk
|move|p1a: Skarmory|Body Press|p2a: Great Tusk
|-damage|p2a: Great Tusk|42/100
|
|upkeep
|turn|19
|
|t:|1779805125
|-end|p2a: Great Tusk|Protosynthesis|[silent]
|switch|p2a: Scizor|Scizor, M|100/100
|switch|p1a: Alomomola|Alomomola, M, shiny|58/100
|-damage|p1a: Alomomola|45/100|[from] Stealth Rock
|
|upkeep
|turn|20
|
|t:|1779805133
|move|p2a: Scizor|U-turn|p1a: Alomomola
|-damage|p1a: Alomomola|0 fnt
|faint|p1a: Alomomola
|
|t:|1779805138
|switch|p2a: Corviknight|Corviknight, F|50/100|[from] U-turn
|-ability|p2a: Corviknight|Pressure
|
|upkeep
|
|t:|1779805144
|switch|p1a: Hydreigon|Hydreigon, M, shiny|88/100
|-damage|p1a: Hydreigon|76/100|[from] Stealth Rock
|turn|21
|
|t:|1779805149
|move|p1a: Hydreigon|Dark Pulse|p2a: Corviknight
|-damage|p2a: Corviknight|0 fnt
|faint|p2a: Corviknight
|
|upkeep
|
|t:|1779805161
|switch|p2a: Regidrago|Regidrago|100/100
|turn|22
|
|t:|1779805169
|-terastallize|p1a: Hydreigon|Steel
|move|p2a: Regidrago|Dragon Energy|p1a: Hydreigon
|-resisted|p1a: Hydreigon
|-damage|p1a: Hydreigon|18/100
|move|p1a: Hydreigon|Dark Pulse|p2a: Regidrago
|-damage|p2a: Regidrago|34/100
|
|upkeep
|turn|23
|
|t:|1779805178
|switch|p1a: Clodsire|Clodsire, M, shiny|94/100
|-damage|p1a: Clodsire|88/100|[from] Stealth Rock
|move|p2a: Regidrago|Dragon Energy|p1a: Clodsire
|-damage|p1a: Clodsire|72/100
|
|upkeep
|turn|24
|
|t:|1779805187
|switch|p2a: Alomomola|Alomomola, F|100/100
|move|p1a: Clodsire|Stealth Rock|p2a: Alomomola
|-sidestart|p2: usedcardownloader|move: Stealth Rock
|
|upkeep
|turn|25
|
|t:|1779805192
|move|p2a: Alomomola|Wish|p2a: Alomomola
|move|p1a: Clodsire|Recover|p1a: Clodsire
|-heal|p1a: Clodsire|100/100
|
|upkeep
|turn|26
|
|t:|1779805198
|switch|p2a: Regidrago|Regidrago|34/100
|-damage|p2a: Regidrago|22/100|[from] Stealth Rock
|move|p1a: Clodsire|Toxic|p2a: Regidrago
|-status|p2a: Regidrago|tox
|
|-heal|p2a: Regidrago|65/100 tox|[from] move: Wish|[wisher] Alomomola
|-damage|p2a: Regidrago|59/100 tox|[from] psn
|upkeep
|turn|27
|
|t:|1779805204
|move|p2a: Regidrago|Earth Power|p1a: Clodsire
|-supereffective|p1a: Clodsire
|-damage|p1a: Clodsire|75/100
|move|p1a: Clodsire|Toxic|p2a: Regidrago
|-fail|p2a: Regidrago|tox
|
|-damage|p2a: Regidrago|47/100 tox|[from] psn
|upkeep
|turn|28
|
|t:|1779805209
|switch|p2a: Great Tusk|Great Tusk|42/100
|move|p1a: Clodsire|Toxic|p2a: Great Tusk
|-status|p2a: Great Tusk|tox
|
|-damage|p2a: Great Tusk|35/100 tox|[from] psn
|upkeep
|turn|29
|
|t:|1779805214
|switch|p1a: Skarmory|Skarmory, M, shiny|78/100
|-damage|p1a: Skarmory|65/100|[from] Stealth Rock
|move|p2a: Great Tusk|Headlong Rush|p1a: Skarmory
|-immune|p1a: Skarmory
|
|-damage|p2a: Great Tusk|23/100 tox|[from] psn
|upkeep
|turn|30
|
|t:|1779805227
|move|p2a: Great Tusk|Rapid Spin|p1a: Skarmory
|-resisted|p1a: Skarmory
|-damage|p1a: Skarmory|61/100
|-boost|p2a: Great Tusk|spe|1
|-damage|p2a: Great Tusk|6/100 tox|[from] item: Rocky Helmet|[of] p1a: Skarmory
|-sideend|p2: usedcardownloader|Stealth Rock|[from] move: Rapid Spin|[of] p2a: Great Tusk
|move|p1a: Skarmory|Roost|p1a: Skarmory
|-heal|p1a: Skarmory|100/100
|-singleturn|p1a: Skarmory|move: Roost
|
|-damage|p2a: Great Tusk|0 fnt|[from] psn
|faint|p2a: Great Tusk
|-end|p2a: Great Tusk|Protosynthesis|[silent]
|upkeep
|
|t:|1779805241
|switch|p2a: Iron Valiant|Iron Valiant, tera:Ghost|51/100
|turn|31
|
|t:|1779805247
|switch|p1a: Hydreigon|Hydreigon, M, shiny, tera:Steel|18/100
|-damage|p1a: Hydreigon|12/100|[from] Stealth Rock
|move|p2a: Iron Valiant|Shadow Ball|p1a: Hydreigon
|-damage|p1a: Hydreigon|0 fnt
|faint|p1a: Hydreigon
|
|upkeep
|
|t:|1779805250
|switch|p1a: Clodsire|Clodsire, M, shiny|75/100
|-damage|p1a: Clodsire|69/100|[from] Stealth Rock
|turn|32
|
|t:|1779805256
|-end|p2a: Iron Valiant|Quark Drive|[silent]
|switch|p2a: Scizor|Scizor, M|100/100
|move|p1a: Clodsire|Earthquake|p2a: Scizor
|-damage|p2a: Scizor|72/100
|
|upkeep
|turn|33
|
|t:|1779805262
|move|p2a: Scizor|Knock Off|p1a: Clodsire
|-damage|p1a: Clodsire|3/100
|-enditem|p1a: Clodsire|Covert Cloak|[from] move: Knock Off|[of] p2a: Scizor
|move|p1a: Clodsire|Recover|p1a: Clodsire
|-heal|p1a: Clodsire|53/100
|
|upkeep
|turn|34
|
|t:|1779805271
|switch|p2a: Alomomola|Alomomola, F|100/100
|move|p1a: Clodsire|Recover|p1a: Clodsire
|-heal|p1a: Clodsire|100/100
|
|upkeep
|turn|35
|
|t:|1779805274
|move|p2a: Alomomola|Tickle|p1a: Clodsire
|-unboost|p1a: Clodsire|atk|1
|-unboost|p1a: Clodsire|def|1
|move|p1a: Clodsire|Stealth Rock|p2a: Alomomola
|-sidestart|p2: usedcardownloader|move: Stealth Rock
|
|upkeep
|turn|36
|
|t:|1779805278
|move|p2a: Alomomola|Wish|p2a: Alomomola
|move|p1a: Clodsire|Toxic|p2a: Alomomola
|-status|p2a: Alomomola|tox
|
|-damage|p2a: Alomomola|94/100 tox|[from] psn
|upkeep
|turn|37
|
|t:|1779805285
|switch|p2a: Scizor|Scizor, M|72/100
|-damage|p2a: Scizor|60/100|[from] Stealth Rock
|switch|p1a: Skarmory|Skarmory, M, shiny|100/100
|-damage|p1a: Skarmory|88/100|[from] Stealth Rock
|
|-heal|p2a: Scizor|100/100|[from] move: Wish|[wisher] Alomomola
|upkeep
|turn|38
|
|t:|1779805291
|move|p1a: Skarmory|Spikes|p2a: Scizor
|-sidestart|p2: usedcardownloader|Spikes
|move|p2a: Scizor|Close Combat|p1a: Skarmory
|-damage|p1a: Skarmory|46/100
|-unboost|p2a: Scizor|def|1
|-unboost|p2a: Scizor|spd|1
|-damage|p2a: Scizor|84/100|[from] item: Rocky Helmet|[of] p1a: Skarmory
|
|upkeep
|turn|39
|
|t:|1779805304
|move|p1a: Skarmory|Spikes|p2a: Scizor
|-sidestart|p2: usedcardownloader|Spikes
|move|p2a: Scizor|Close Combat|p1a: Skarmory
|-damage|p1a: Skarmory|0 fnt
|-unboost|p2a: Scizor|def|1
|-unboost|p2a: Scizor|spd|1
|-damage|p2a: Scizor|68/100|[from] item: Rocky Helmet|[of] p1a: Skarmory
|faint|p1a: Skarmory
|
|upkeep
|
|t:|1779805310
|switch|p1a: Ogerpon|Ogerpon, F|72/100
|-damage|p1a: Ogerpon|59/100|[from] Stealth Rock
|turn|40
|
|t:|1779805317
|switch|p2a: Regidrago|Regidrago|47/100 tox
|-damage|p2a: Regidrago|35/100 tox|[from] Stealth Rock
|-damage|p2a: Regidrago|18/100 tox|[from] Spikes
|move|p1a: Ogerpon|Knock Off|p2a: Regidrago
|-damage|p2a: Regidrago|0 fnt
|-enditem|p2a: Regidrago|Choice Scarf|[from] move: Knock Off|[of] p1a: Ogerpon
|faint|p2a: Regidrago
|
|upkeep
|
|t:|1779805323
|switch|p2a: Scizor|Scizor, M|68/100
|-damage|p2a: Scizor|55/100|[from] Stealth Rock
|-damage|p2a: Scizor|39/100|[from] Spikes
|turn|41
|
|t:|1779805335
|move|p2a: Scizor|Bullet Punch|p1a: Ogerpon
|-damage|p1a: Ogerpon|0 fnt
|faint|p1a: Ogerpon
|
|upkeep
|
|t:|1779805337
|switch|p1a: Clodsire|Clodsire, M, shiny|100/100
|-damage|p1a: Clodsire|94/100|[from] Stealth Rock
|turn|42
|
|t:|1779805341
|move|p2a: Scizor|Bullet Punch|p1a: Clodsire
|-damage|p1a: Clodsire|33/100
|move|p1a: Clodsire|Earthquake|p2a: Scizor
|-damage|p2a: Scizor|10/100
|
|upkeep
|turn|43
|-message|woopre forfeited.
|
|win|usedcardownloader
|raw|woopre's rating: 1430 &rarr; <strong>1410</strong><br />(-20 for losing)
|raw|usedcardownloader's rating: 1422 &rarr; <strong>1442</strong><br />(+20 for winning)
|l|☆woopre
|player|p1|
|l|☆usedcardownloader
|player|p2|
