|j|☆Harshkoshy
|j|☆Aukijunichi
|t:|1779807120
|gametype|singles
|player|p1|Harshkoshy|266|1194
|player|p2|Aukijunichi|169|1234
|gen|9
|tier|[Gen 9] OU
|rated|
|rule|HP Percentage Mod: HP is shown in percentages
|rule|Endless Battle Clause: Forcing endless battles is banned
|rule|Species Clause: Limit one of each Pokémon
|rule|OHKO Clause: OHKO moves are banned
|rule|Evasion Items Clause: Evasion items are banned
|rule|Evasion Moves Clause: Evasion moves are banned
|rule|Evasion Abilities Clause: Evasion abilities are banned
|rule|Sleep Moves Clause: Sleep-inducing moves are banned
|clearpoke
|poke|p1|Greninja-*, M|
|poke|p1|Garganacl, F|
|poke|p1|Raging Bolt|
|poke|p1|Tyranitar, M|
|poke|p1|Toxapex, F|
|poke|p1|Hawlucha, F|
|poke|p2|Tyranitar, F|
|poke|p2|Great Tusk|
|poke|p2|Gholdengo|
|poke|p2|Deoxys-Speed|
|poke|p2|Hydrapple, M|
|poke|p2|Clefable, M|
|teampreview
|
|t:|1779807133
|teamsize|p1|6
|teamsize|p2|6
|start
|switch|p1a: Raging Bolt|Raging Bolt|100/100
|switch|p2a: Deoxys|Deoxys-Speed|100/100
|-ability|p2a: Deoxys|Pressure
|turn|1
|
|t:|1779807139
|move|p2a: Deoxys|Knock Off|p1a: Raging Bolt
|-damage|p1a: Raging Bolt|82/100
|-enditem|p1a: Raging Bolt|Magnet|[from] move: Knock Off|[of] p2a: Deoxys
|move|p1a: Raging Bolt|Calm Mind|p1a: Raging Bolt
|-boost|p1a: Raging Bolt|spa|1
|-boost|p1a: Raging Bolt|spd|1
|
|upkeep
|turn|2
|
|t:|1779807152
|switch|p2a: Tyranitar|Tyranitar, F|100/100
|-weather|Sandstorm|[from] ability: Sand Stream|[of] p2a: Tyranitar
|move|p1a: Raging Bolt|Dragon Pulse|p2a: Tyranitar
|-damage|p2a: Tyranitar|74/100
|
|-weather|Sandstorm|[upkeep]
|-damage|p1a: Raging Bolt|76/100|[from] Sandstorm
|upkeep
|turn|3
|
|t:|1779807162
|move|p1a: Raging Bolt|Thunderbolt|p2a: Tyranitar
|-damage|p2a: Tyranitar|42/100
|move|p2a: Tyranitar|Earthquake|p1a: Raging Bolt
|-supereffective|p1a: Raging Bolt
|-damage|p1a: Raging Bolt|14/100
|
|-weather|Sandstorm|[upkeep]
|-damage|p1a: Raging Bolt|8/100|[from] Sandstorm
|upkeep
|turn|4
|inactive|Battle timer is ON: inactive players will automatically lose when time's up. (requested by Harshkoshy)
|
|t:|1779807187
|move|p1a: Raging Bolt|Thunderbolt|p2a: Tyranitar
|-crit|p2a: Tyranitar
|-damage|p2a: Tyranitar|0 fnt
|faint|p2a: Tyranitar
|
|-weather|Sandstorm|[upkeep]
|-damage|p1a: Raging Bolt|2/100|[from] Sandstorm
|upkeep
|
|t:|1779807200
|switch|p2a: Clefable|Clefable, M|100/100
|turn|5
|
|t:|1779807205
|move|p1a: Raging Bolt|Thunderclap||[still]
|-fail|p1a: Raging Bolt
|move|p2a: Clefable|Wish|p2a: Clefable
|
|-weather|Sandstorm|[upkeep]
|-damage|p1a: Raging Bolt|0 fnt|[from] Sandstorm
|faint|p1a: Raging Bolt
|-end|p1a: Raging Bolt|Protosynthesis|[silent]
|upkeep
|
|t:|1779807217
|switch|p1a: Greninja|Greninja, M|100/100
|turn|6
|
|t:|1779807228
|move|p1a: Greninja|Swords Dance|p1a: Greninja
|-boost|p1a: Greninja|atk|2
|move|p2a: Clefable|Moonblast|p1a: Greninja
|-supereffective|p1a: Greninja
|-damage|p1a: Greninja|0 fnt
|faint|p1a: Greninja
|
|-weather|none
|upkeep
|
|t:|1779807240
|switch|p1a: Hawlucha|Hawlucha, F|100/100
|turn|7
|
|t:|1779807257
|-terastallize|p1a: Hawlucha|Rock
|move|p1a: Hawlucha|Swords Dance|p1a: Hawlucha
|-boost|p1a: Hawlucha|atk|2
|move|p2a: Clefable|Thunder Wave|p1a: Hawlucha
|-status|p1a: Hawlucha|par
|
|upkeep
|turn|8
|
|t:|1779807272
|move|p1a: Hawlucha|Close Combat|p2a: Clefable
|-resisted|p2a: Clefable
|-damage|p2a: Clefable|43/100
|-unboost|p1a: Hawlucha|def|1
|-unboost|p1a: Hawlucha|spd|1
|-damage|p1a: Hawlucha|84/100 par|[from] item: Rocky Helmet|[of] p2a: Clefable
|-enditem|p1a: Hawlucha|White Herb
|-clearnegativeboost|p1a: Hawlucha|[silent]
|move|p2a: Clefable|Wish|p2a: Clefable
|
|upkeep
|turn|9
|
|t:|1779807283
|move|p1a: Hawlucha|Acrobatics|p2a: Clefable
|-damage|p2a: Clefable|0 fnt
|-damage|p1a: Hawlucha|68/100 par|[from] item: Rocky Helmet|[of] p2a: Clefable
|faint|p2a: Clefable
|
|upkeep
|
|t:|1779807290
|switch|p2a: Deoxys|Deoxys-Speed|100/100
|-ability|p2a: Deoxys|Pressure
|turn|10
|
|t:|1779807295
|move|p2a: Deoxys|Focus Blast|p1a: Hawlucha
|-supereffective|p1a: Hawlucha
|-damage|p1a: Hawlucha|0 fnt
|faint|p1a: Hawlucha
|
|upkeep
|
|t:|1779807299
|switch|p1a: Toxapex|Toxapex, F|100/100
|turn|11
|
|t:|1779807303
|move|p2a: Deoxys|Psycho Boost|p1a: Toxapex
|-supereffective|p1a: Toxapex
|-damage|p1a: Toxapex|7/100
|-unboost|p2a: Deoxys|spa|2
|move|p1a: Toxapex|Stockpile|p1a: Toxapex
|-start|p1a: Toxapex|stockpile1
|-boost|p1a: Toxapex|def|1
|-boost|p1a: Toxapex|spd|1
|
|-heal|p1a: Toxapex|13/100|[from] item: Black Sludge
|upkeep
|turn|12
|l|☆Harshkoshy
|inactive|Harshkoshy disconnected and has a minute to reconnect!
|player|p1|
|
|t:|1779807314
|move|p2a: Deoxys|Knock Off|p1a: Toxapex
|-damage|p1a: Toxapex|2/100
|-enditem|p1a: Toxapex|Black Sludge|[from] move: Knock Off|[of] p2a: Deoxys
|move|p1a: Toxapex|Recover|p1a: Toxapex
|-heal|p1a: Toxapex|52/100
|
|upkeep
|turn|13
|inactive|Harshkoshy has 30 seconds to reconnect!
|inactive|Harshkoshy has 20 seconds to reconnect!
|inactive|Harshkoshy has 15 seconds to reconnect!
|inactive|Harshkoshy has 10 seconds to reconnect!
|inactive|Harshkoshy has 5 seconds to reconnect!
|-message|Harshkoshy lost due to inactivity.
|
|win|Aukijunichi
|raw|Harshkoshy's rating: 1194 &rarr; <strong>1172</strong><br />(-22 for losing)
|raw|Aukijunichi's rating: 1234 &rarr; <strong>1256</strong><br />(+22 for winning)
