|j|☆Pelogrulla72
|j|☆LuckGalicia
|t:|1779898381
|gametype|singles
|player|p1|Pelogrulla72|erika|1160
|player|p2|LuckGalicia|170|1144
|gen|9
|tier|[Gen 9] OU
|rated|
|rule|HP Percentage Mod: HP is shown in percentages
|rule|Endless Battle Clause: Forcing endless battles is banned
|rule|Species Clause: Limit one of each Pokémon
|rule|OHKO Clause: OHKO moves are banned
|rule|Evasion Items Clause: Evasion items are banned
|rule|Evasion Moves Clause: Evasion moves are banned
|rule|Evasion Abilities Clause: Evasion abilities are banned
|rule|Sleep Moves Clause: Sleep-inducing moves are banned
|clearpoke
|poke|p1|Ursaluna, F|
|poke|p1|Ambipom, M|
|poke|p1|Arbok, M|
|poke|p1|Lokix, F|
|poke|p1|Polteageist-Antique|
|poke|p1|Cinderace, M|
|poke|p2|Alomomola, F|
|poke|p2|Heracross, M|
|poke|p2|Magmar, M|
|poke|p2|Tentacruel, M|
|poke|p2|Gengar, M|
|poke|p2|Rabsca, M|
|teampreview
|inactive|Battle timer is ON: inactive players will automatically lose when time's up. (requested by Pelogrulla72)
|
|t:|1779898399
|teamsize|p1|6
|teamsize|p2|6
|start
|switch|p1a: Ursaking|Ursaluna, F, shiny|100/100
|switch|p2a: Alolamola|Alomomola, F|100/100
|turn|1
|
|t:|1779898408
|move|p2a: Alolamola|Flip Turn|p1a: Ursaking
|-supereffective|p1a: Ursaking
|-damage|p1a: Ursaking|79/100
|
|t:|1779898412
|switch|p2a: Loki|Gengar, M, shiny|100/100|[from] Flip Turn
|move|p1a: Ursaking|Trailblaze|p2a: Loki
|-resisted|p2a: Loki
|-damage|p2a: Loki|81/100
|-boost|p1a: Ursaking|spe|1
|
|-status|p1a: Ursaking|brn|[from] item: Flame Orb
|upkeep
|turn|2
|
|t:|1779898418
|move|p2a: Loki|Trick|p1a: Ursaking
|-activate|p2a: Loki|move: Trick|[of] p1a: Ursaking
|-item|p1a: Ursaking|Choice Specs|[from] move: Trick
|-item|p2a: Loki|Flame Orb|[from] move: Trick
|move|p1a: Ursaking|High Horsepower|p2a: Loki
|-supereffective|p2a: Loki
|-damage|p2a: Loki|0 fnt
|-start|p1a: Ursaking|Disable|High Horsepower|[from] ability: Cursed Body|[of] p2a: Loki
|faint|p2a: Loki
|
|-damage|p1a: Ursaking|73/100 brn|[from] brn
|upkeep
|
|t:|1779898428
|switch|p2a: Heracless|Heracross, M|100/100
|turn|3
|
|t:|1779898436
|switch|p1a: Lil Netanyahu|Polteageist-Antique|100/100
|move|p2a: Heracless|Lunge|p1a: Lil Netanyahu
|-resisted|p1a: Lil Netanyahu
|-damage|p1a: Lil Netanyahu|60/100
|-unboost|p1a: Lil Netanyahu|atk|1
|-ability|p1a: Lil Netanyahu|Weak Armor|boost
|-unboost|p1a: Lil Netanyahu|def|1
|-boost|p1a: Lil Netanyahu|spe|2
|
|upkeep
|turn|4
|
|t:|1779898449
|switch|p2a: Mr. Fueguito|Magmar, M|100/100
|move|p1a: Lil Netanyahu|Stored Power|p2a: Mr. Fueguito
|-damage|p2a: Mr. Fueguito|85/100
|
|upkeep
|turn|5
|
|t:|1779898455
|move|p1a: Lil Netanyahu|Shell Smash|p1a: Lil Netanyahu
|-unboost|p1a: Lil Netanyahu|def|1
|-unboost|p1a: Lil Netanyahu|spd|1
|-boost|p1a: Lil Netanyahu|atk|2
|-boost|p1a: Lil Netanyahu|spa|2
|-boost|p1a: Lil Netanyahu|spe|2
|move|p2a: Mr. Fueguito|Flamethrower|p1a: Lil Netanyahu
|-damage|p1a: Lil Netanyahu|5/100
|
|upkeep
|turn|6
|
|t:|1779898465
|move|p1a: Lil Netanyahu|Stored Power|p2a: Mr. Fueguito
|-damage|p2a: Mr. Fueguito|15/100
|move|p2a: Mr. Fueguito|Flamethrower|p1a: Lil Netanyahu
|-damage|p1a: Lil Netanyahu|0 fnt
|faint|p1a: Lil Netanyahu
|
|upkeep
|
|t:|1779898475
|switch|p1a: Mr blue sky|Ambipom, M|100/100
|turn|7
|
|t:|1779898488
|switch|p2a: Alolamola|Alomomola, F|100/100
|move|p1a: Mr blue sky|Fake Out|p2a: Alolamola
|-damage|p2a: Alolamola|86/100
|-damage|p1a: Mr blue sky|84/100|[from] item: Rocky Helmet|[of] p2a: Alolamola
|
|upkeep
|turn|8
|
|t:|1779898493
|switch|p1a: Teto pear 31|Arbok, M, shiny|100/100
|-ability|p1a: Teto pear 31|Intimidate|boost
|-unboost|p2a: Alolamola|atk|1
|move|p2a: Alolamola|Wish|p2a: Alolamola
|
|upkeep
|turn|9
|
|t:|1779898499
|move|p1a: Teto pear 31|Coil|p1a: Teto pear 31
|-boost|p1a: Teto pear 31|atk|1
|-boost|p1a: Teto pear 31|def|1
|-boost|p1a: Teto pear 31|accuracy|1
|move|p2a: Alolamola|Flip Turn|p1a: Teto pear 31
|-damage|p1a: Teto pear 31|90/100
|
|t:|1779898501
|switch|p2a: Mr. Fueguito|Magmar, M|15/100|[from] Flip Turn
|
|-heal|p2a: Mr. Fueguito|100/100|[from] move: Wish|[wisher] Alolamola
|-heal|p1a: Teto pear 31|96/100|[from] item: Leftovers
|upkeep
|turn|10
|
|t:|1779898505
|move|p2a: Mr. Fueguito|Clear Smog|p1a: Teto pear 31
|-resisted|p1a: Teto pear 31
|-damage|p1a: Teto pear 31|89/100
|-clearboost|p1a: Teto pear 31
|move|p1a: Teto pear 31|Coil|p1a: Teto pear 31
|-boost|p1a: Teto pear 31|atk|1
|-boost|p1a: Teto pear 31|def|1
|-boost|p1a: Teto pear 31|accuracy|1
|
|-heal|p1a: Teto pear 31|95/100|[from] item: Leftovers
|upkeep
|turn|11
|
|t:|1779898510
|move|p2a: Mr. Fueguito|Will-O-Wisp|p1a: Teto pear 31
|-status|p1a: Teto pear 31|brn
|move|p1a: Teto pear 31|Earthquake|p2a: Mr. Fueguito
|-supereffective|p2a: Mr. Fueguito
|-damage|p2a: Mr. Fueguito|57/100
|
|-heal|p1a: Teto pear 31|100/100 brn|[from] item: Leftovers
|-damage|p1a: Teto pear 31|94/100 brn|[from] brn
|upkeep
|turn|12
|
|t:|1779898516
|switch|p2a: Ra (polloman)|Rabsca, M, shiny|100/100
|move|p1a: Teto pear 31|Earthquake|p2a: Ra (polloman)
|-resisted|p2a: Ra (polloman)
|-damage|p2a: Ra (polloman)|90/100
|
|-heal|p1a: Teto pear 31|100/100 brn|[from] item: Leftovers
|-heal|p2a: Ra (polloman)|96/100|[from] item: Leftovers
|-damage|p1a: Teto pear 31|94/100 brn|[from] brn
|upkeep
|turn|13
|
|t:|1779898525
|move|p1a: Teto pear 31|Coil|p1a: Teto pear 31
|-boost|p1a: Teto pear 31|atk|1
|-boost|p1a: Teto pear 31|def|1
|-boost|p1a: Teto pear 31|accuracy|1
|move|p2a: Ra (polloman)|Psyshock|p1a: Teto pear 31
|-supereffective|p1a: Teto pear 31
|-damage|p1a: Teto pear 31|52/100 brn
|
|-heal|p1a: Teto pear 31|58/100 brn|[from] item: Leftovers
|-heal|p2a: Ra (polloman)|100/100|[from] item: Leftovers
|-damage|p1a: Teto pear 31|52/100 brn|[from] brn
|upkeep
|turn|14
|
|t:|1779898530
|move|p1a: Teto pear 31|Sucker Punch|p2a: Ra (polloman)
|-supereffective|p2a: Ra (polloman)
|-damage|p2a: Ra (polloman)|62/100
|move|p2a: Ra (polloman)|Psyshock|p1a: Teto pear 31
|-supereffective|p1a: Teto pear 31
|-damage|p1a: Teto pear 31|9/100 brn
|
|-heal|p1a: Teto pear 31|15/100 brn|[from] item: Leftovers
|-heal|p2a: Ra (polloman)|68/100|[from] item: Leftovers
|-damage|p1a: Teto pear 31|9/100 brn|[from] brn
|upkeep
|turn|15
|
|t:|1779898534
|move|p1a: Teto pear 31|Sucker Punch||[still]
|-fail|p1a: Teto pear 31
|move|p2a: Ra (polloman)|Recover|p2a: Ra (polloman)
|-heal|p2a: Ra (polloman)|100/100
|
|-heal|p1a: Teto pear 31|15/100 brn|[from] item: Leftovers
|-damage|p1a: Teto pear 31|9/100 brn|[from] brn
|upkeep
|turn|16
|
|t:|1779898541
|switch|p2a: Heracless|Heracross, M|100/100
|move|p1a: Teto pear 31|Sucker Punch||[still]
|-fail|p1a: Teto pear 31
|
|-heal|p1a: Teto pear 31|15/100 brn|[from] item: Leftovers
|-damage|p1a: Teto pear 31|9/100 brn|[from] brn
|upkeep
|turn|17
|
|t:|1779898546
|move|p2a: Heracless|Lunge|p1a: Teto pear 31
|-resisted|p1a: Teto pear 31
|-damage|p1a: Teto pear 31|0 fnt
|faint|p1a: Teto pear 31
|-ability|p2a: Heracless|Moxie|boost
|-boost|p2a: Heracless|atk|1
|
|upkeep
|
|t:|1779898553
|switch|p1a: Ursaking|Ursaluna, F, shiny|73/100 brn
|turn|18
|
|t:|1779898562
|switch|p2a: Alolamola|Alomomola, F|100/100
|move|p1a: Ursaking|Facade|p2a: Alolamola
|-damage|p2a: Alolamola|27/100
|-damage|p1a: Ursaking|57/100 brn|[from] item: Rocky Helmet|[of] p2a: Alolamola
|
|-damage|p1a: Ursaking|51/100 brn|[from] brn
|upkeep
|turn|19
|
|t:|1779898569
|move|p2a: Alolamola|Protect|p2a: Alolamola
|-singleturn|p2a: Alolamola|Protect
|move|p1a: Ursaking|Facade|p2a: Alolamola
|-activate|p2a: Alolamola|move: Protect
|
|-damage|p1a: Ursaking|45/100 brn|[from] brn
|upkeep
|turn|20
|
|t:|1779898584
|switch|p2a: Japanese|Tentacruel, M|100/100
|move|p1a: Ursaking|Facade|p2a: Japanese
|-damage|p2a: Japanese|0 fnt
|faint|p2a: Japanese
|
|-damage|p1a: Ursaking|39/100 brn|[from] brn
|upkeep
|
|t:|1779898587
|switch|p2a: Heracless|Heracross, M|100/100
|turn|21
|
|t:|1779898591
|-terastallize|p2a: Heracless|Fighting
|move|p2a: Heracless|Close Combat|p1a: Ursaking
|-supereffective|p1a: Ursaking
|-damage|p1a: Ursaking|0 fnt
|-unboost|p2a: Heracless|def|1
|-unboost|p2a: Heracless|spd|1
|faint|p1a: Ursaking
|-ability|p2a: Heracless|Moxie|boost
|-boost|p2a: Heracless|atk|1
|
|upkeep
|
|t:|1779898599
|switch|p1a: A fking n word|Lokix, F|100/100
|turn|22
|
|t:|1779898610
|switch|p2a: Mr. Fueguito|Magmar, M|57/100
|move|p1a: A fking n word|First Impression|p2a: Mr. Fueguito
|-resisted|p2a: Mr. Fueguito
|-damage|p2a: Mr. Fueguito|8/100
|-damage|p1a: A fking n word|91/100|[from] item: Life Orb
|
|upkeep
|turn|23
|
|t:|1779898619
|move|p1a: A fking n word|Lash Out|p2a: Mr. Fueguito
|-damage|p2a: Mr. Fueguito|0 fnt
|faint|p2a: Mr. Fueguito
|-damage|p1a: A fking n word|81/100|[from] item: Life Orb
|
|upkeep
|
|t:|1779898625
|switch|p2a: Heracless|Heracross, M, tera:Fighting|100/100
|turn|24
|
|t:|1779898629
|switch|p1a: Pau Palacín|Cinderace, M, shiny|100/100
|move|p2a: Heracless|Close Combat|p1a: Pau Palacín
|-damage|p1a: Pau Palacín|0 fnt
|-unboost|p2a: Heracless|def|1
|-unboost|p2a: Heracless|spd|1
|faint|p1a: Pau Palacín
|-ability|p2a: Heracless|Moxie|boost
|-boost|p2a: Heracless|atk|1
|
|upkeep
|
|t:|1779898649
|switch|p1a: A fking n word|Lokix, F|81/100
|turn|25
|
|t:|1779898657
|switch|p2a: Ra (polloman)|Rabsca, M, shiny|100/100
|move|p1a: A fking n word|First Impression|p2a: Ra (polloman)
|-supereffective|p2a: Ra (polloman)
|-damage|p2a: Ra (polloman)|0 fnt
|faint|p2a: Ra (polloman)
|-damage|p1a: A fking n word|71/100|[from] item: Life Orb
|
|upkeep
|
|t:|1779898662
|switch|p2a: Heracless|Heracross, M, tera:Fighting|100/100
|turn|26
|
|t:|1779898667
|move|p2a: Heracless|Close Combat|p1a: A fking n word
|-damage|p1a: A fking n word|0 fnt
|-unboost|p2a: Heracless|def|1
|-unboost|p2a: Heracless|spd|1
|faint|p1a: A fking n word
|-ability|p2a: Heracless|Moxie|boost
|-boost|p2a: Heracless|atk|1
|
|upkeep
|
|t:|1779898669
|switch|p1a: Mr blue sky|Ambipom, M|84/100
|turn|27
|
|t:|1779898672
|switch|p2a: Alolamola|Alomomola, F|61/100
|-terastallize|p1a: Mr blue sky|Normal
|move|p1a: Mr blue sky|Fake Out|p2a: Alolamola
|-damage|p2a: Alolamola|42/100
|-damage|p1a: Mr blue sky|68/100|[from] item: Rocky Helmet|[of] p2a: Alolamola
|
|upkeep
|turn|28
|
|t:|1779898678
|move|p1a: Mr blue sky|Double-Edge|p2a: Alolamola
|-damage|p2a: Alolamola|2/100
|-damage|p1a: Mr blue sky|51/100|[from] item: Rocky Helmet|[of] p2a: Alolamola
|-damage|p1a: Mr blue sky|27/100|[from] Recoil
|move|p2a: Alolamola|Flip Turn|p1a: Mr blue sky
|-damage|p1a: Mr blue sky|0 fnt
|faint|p1a: Mr blue sky
|
|win|LuckGalicia
|raw|Pelogrulla72's rating: 1160 &rarr; <strong>1134</strong><br />(-26 for losing)
|raw|LuckGalicia's rating: 1144 &rarr; <strong>1170</strong><br />(+26 for winning)
|l|☆Pelogrulla72
|player|p1|
|l|☆LuckGalicia
|player|p2|
