|j|☆crust king kahn
|j|☆zabbaman
|t:|1779952190
|gametype|singles
|player|p1|crust king kahn|1|1407
|player|p2|zabbaman|1|1435
|gen|9
|tier|[Gen 9] OU
|rated|
|rule|HP Percentage Mod: HP is shown in percentages
|rule|Endless Battle Clause: Forcing endless battles is banned
|rule|Species Clause: Limit one of each Pokémon
|rule|OHKO Clause: OHKO moves are banned
|rule|Evasion Items Clause: Evasion items are banned
|rule|Evasion Moves Clause: Evasion moves are banned
|rule|Evasion Abilities Clause: Evasion abilities are banned
|rule|Sleep Moves Clause: Sleep-inducing moves are banned
|clearpoke
|poke|p1|Alomomola, M|
|poke|p1|Kingambit, M|
|poke|p1|Great Tusk|
|poke|p1|Dragapult, F|
|poke|p1|Pawmot, M|
|poke|p1|Cinderace, F|
|poke|p2|Regice|
|poke|p2|Ninetales-Alola, F|
|poke|p2|Dragonite, F|
|poke|p2|Tyranitar, F|
|poke|p2|Thundurus-Therian, M|
|poke|p2|Cinderace, F|
|teampreview
|inactive|Battle timer is ON: inactive players will automatically lose when time's up. (requested by zabbaman)
|
|t:|1779952204
|teamsize|p1|6
|teamsize|p2|6
|start
|switch|p1a: Cinderace|Cinderace, F|100/100
|switch|p2a: Ninetales|Ninetales-Alola, F|100/100
|-weather|Snowscape|[from] ability: Snow Warning|[of] p2a: Ninetales
|turn|1
|
|t:|1779952214
|move|p1a: Cinderace|Pyro Ball|p2a: Ninetales
|-supereffective|p2a: Ninetales
|-crit|p2a: Ninetales
|-damage|p2a: Ninetales|0 fnt
|faint|p2a: Ninetales
|
|-weather|Snowscape|[upkeep]
|upkeep
|
|t:|1779952218
|switch|p2a: Tyranitar|Tyranitar, F|100/100
|-ability|p2a: Tyranitar|Unnerve
|turn|2
|
|t:|1779952225
|switch|p1a: Great Tusk|Great Tusk|100/100
|move|p2a: Tyranitar|Dragon Dance|p2a: Tyranitar
|-boost|p2a: Tyranitar|atk|1
|-boost|p2a: Tyranitar|spe|1
|
|-weather|Snowscape|[upkeep]
|upkeep
|turn|3
|
|t:|1779952233
|-terastallize|p2a: Tyranitar|Fighting
|move|p2a: Tyranitar|Dragon Dance|p2a: Tyranitar
|-boost|p2a: Tyranitar|atk|1
|-boost|p2a: Tyranitar|spe|1
|move|p1a: Great Tusk|Stealth Rock|p2a: Tyranitar
|-sidestart|p2: zabbaman|move: Stealth Rock
|
|-weather|Snowscape|[upkeep]
|upkeep
|turn|4
|
|t:|1779952240
|move|p2a: Tyranitar|Low Kick|p1a: Great Tusk
|-damage|p1a: Great Tusk|44/100
|-damage|p2a: Tyranitar|84/100|[from] item: Rocky Helmet|[of] p1a: Great Tusk
|move|p1a: Great Tusk|Body Press|p2a: Tyranitar
|-damage|p2a: Tyranitar|40/100
|
|-weather|Snowscape|[upkeep]
|upkeep
|turn|5
|
|t:|1779952247
|move|p2a: Tyranitar|Low Kick|p1a: Great Tusk
|-damage|p1a: Great Tusk|0 fnt
|-damage|p2a: Tyranitar|23/100|[from] item: Rocky Helmet|[of] p1a: Great Tusk
|faint|p1a: Great Tusk
|-end|p1a: Great Tusk|Protosynthesis|[silent]
|
|-weather|Snowscape|[upkeep]
|upkeep
|
|t:|1779952264
|switch|p1a: Cinderace|Cinderace, F|100/100
|turn|6
|
|t:|1779952269
|move|p1a: Cinderace|Sucker Punch|p2a: Tyranitar
|-start|p1a: Cinderace|typechange|Dark|[from] ability: Libero
|-resisted|p2a: Tyranitar
|-damage|p2a: Tyranitar|0 fnt
|faint|p2a: Tyranitar
|
|-weather|Snowscape|[upkeep]
|upkeep
|
|t:|1779952280
|switch|p2a: Cinderace|Cinderace, F|100/100
|turn|7
|
|t:|1779952285
|switch|p1a: Alomomola|Alomomola, M|100/100
|move|p2a: Cinderace|Court Change|p2a: Cinderace
|-swapsideconditions
|-activate|p2a: Cinderace|move: Court Change
|
|-weather|Snowscape|[upkeep]
|upkeep
|turn|8
|
|t:|1779952289
|move|p2a: Cinderace|Will-O-Wisp|p1a: Alomomola|[miss]
|-miss|p2a: Cinderace|p1a: Alomomola
|move|p1a: Alomomola|Flip Turn|p2a: Cinderace
|-supereffective|p2a: Cinderace
|-damage|p2a: Cinderace|56/100
|
|t:|1779952292
|switch|p1a: Pawmot|Pawmot, M|100/100|[from] Flip Turn
|-damage|p1a: Pawmot|94/100|[from] Stealth Rock
|
|-weather|none
|upkeep
|turn|9
|
|t:|1779952296
|move|p1a: Pawmot|Revival Blessing|p1a: Pawmot
|-enditem|p1a: Pawmot|Leppa Berry|[eat]
|-activate|p1a: Pawmot|item: Leppa Berry|Revival Blessing|[consumed]
|
|t:|1779952298
|-heal|p1: Great Tusk|50/100|[from] move: Revival Blessing
|move|p2a: Cinderace|Pyro Ball|p1a: Pawmot
|-crit|p1a: Pawmot
|-damage|p1a: Pawmot|0 fnt
|faint|p1a: Pawmot
|
|upkeep
|
|t:|1779952301
|switch|p1a: Great Tusk|Great Tusk|50/100
|-damage|p1a: Great Tusk|48/100|[from] Stealth Rock
|turn|10
|
|t:|1779952311
|move|p2a: Cinderace|Will-O-Wisp|p1a: Great Tusk
|-status|p1a: Great Tusk|brn
|move|p1a: Great Tusk|Rapid Spin|p2a: Cinderace
|-damage|p2a: Cinderace|46/100
|-boost|p1a: Great Tusk|spe|1
|-sideend|p1: crust king kahn|Stealth Rock|[from] move: Rapid Spin|[of] p1a: Great Tusk
|
|-damage|p1a: Great Tusk|41/100 brn|[from] brn
|upkeep
|turn|11
|
|t:|1779952315
|move|p2a: Cinderace|Pyro Ball|p1a: Great Tusk
|-damage|p1a: Great Tusk|12/100 brn
|move|p1a: Great Tusk|Body Press|p2a: Cinderace
|-crit|p2a: Cinderace
|-damage|p2a: Cinderace|0 fnt
|faint|p2a: Cinderace
|
|-damage|p1a: Great Tusk|6/100 brn|[from] brn
|upkeep
|
|t:|1779952323
|switch|p2a: Thundurus|Thundurus-Therian, M|100/100
|turn|12
|
|t:|1779952326
|move|p1a: Great Tusk|Stealth Rock|p2a: Thundurus
|-sidestart|p2: zabbaman|move: Stealth Rock
|move|p2a: Thundurus|Weather Ball|p1a: Great Tusk
|-damage|p1a: Great Tusk|0 fnt
|faint|p1a: Great Tusk
|-end|p1a: Great Tusk|Protosynthesis|[silent]
|
|upkeep
|
|t:|1779952334
|switch|p1a: Cinderace|Cinderace, F|100/100
|turn|13
|
|t:|1779952337
|move|p1a: Cinderace|Pyro Ball|p2a: Thundurus
|-damage|p2a: Thundurus|0 fnt
|faint|p2a: Thundurus
|
|upkeep
|
|t:|1779952341
|switch|p2a: Dragonite|Dragonite, F, shiny|100/100
|-damage|p2a: Dragonite|75/100|[from] Stealth Rock
|turn|14
|
|t:|1779952344
|move|p1a: Cinderace|Pyro Ball|p2a: Dragonite
|-resisted|p2a: Dragonite
|-crit|p2a: Dragonite
|-damage|p2a: Dragonite|8/100
|-status|p2a: Dragonite|brn
|move|p2a: Dragonite|Outrage|p1a: Cinderace
|-damage|p1a: Cinderace|52/100
|
|-damage|p2a: Dragonite|2/100 brn|[from] brn
|upkeep
|turn|15
|-message|zabbaman forfeited.
|
|win|crust king kahn
|raw|crust king kahn's rating: 1407 &rarr; <strong>1429</strong><br />(+22 for winning)
|raw|zabbaman's rating: 1435 &rarr; <strong>1413</strong><br />(-22 for losing)
|l|☆zabbaman
|player|p2|
|l|☆crust king kahn
|player|p1|
