|j|☆TheGuyThatsThere
|j|☆moo236
|t:|1779942861
|gametype|singles
|player|p1|TheGuyThatsThere|supernerd|1351
|player|p2|moo236|lyra|1394
|gen|9
|tier|[Gen 9] OU
|rated|
|rule|HP Percentage Mod: HP is shown in percentages
|rule|Endless Battle Clause: Forcing endless battles is banned
|rule|Species Clause: Limit one of each Pokémon
|rule|OHKO Clause: OHKO moves are banned
|rule|Evasion Items Clause: Evasion items are banned
|rule|Evasion Moves Clause: Evasion moves are banned
|rule|Evasion Abilities Clause: Evasion abilities are banned
|rule|Sleep Moves Clause: Sleep-inducing moves are banned
|clearpoke
|poke|p1|Enamorus, F|
|poke|p1|Great Tusk|
|poke|p1|Iron Crown|
|poke|p1|Lokix, M|
|poke|p1|Alomomola, M|
|poke|p1|Pecharunt|
|poke|p2|Dragonite, M|
|poke|p2|Great Tusk|
|poke|p2|Deoxys-Speed|
|poke|p2|Gholdengo|
|poke|p2|Zamazenta-*|
|poke|p2|Iron Valiant|
|teampreview
|
|t:|1779942876
|teamsize|p1|6
|teamsize|p2|6
|start
|switch|p1a: Lokix|Lokix, M|100/100
|switch|p2a: Deoxys|Deoxys-Speed|100/100
|-ability|p2a: Deoxys|Pressure
|turn|1
|inactive|Battle timer is ON: inactive players will automatically lose when time's up. (requested by TheGuyThatsThere)
|
|t:|1779942884
|move|p1a: Lokix|First Impression|p2a: Deoxys
|-supereffective|p2a: Deoxys
|-enditem|p2a: Deoxys|Focus Sash
|-damage|p2a: Deoxys|1/100
|move|p2a: Deoxys|Stealth Rock|p1a: Lokix
|-sidestart|p1: TheGuyThatsThere|move: Stealth Rock
|
|upkeep
|turn|2
|
|t:|1779942890
|move|p2a: Deoxys|Spikes|p1a: Lokix
|-sidestart|p1: TheGuyThatsThere|Spikes
|move|p1a: Lokix|U-turn|p2a: Deoxys
|-supereffective|p2a: Deoxys
|-damage|p2a: Deoxys|0 fnt
|faint|p2a: Deoxys
|
|t:|1779942899
|switch|p1a: Great Tusk|Great Tusk|100/100|[from] U-turn
|-damage|p1a: Great Tusk|98/100|[from] Stealth Rock
|-damage|p1a: Great Tusk|85/100|[from] Spikes
|
|upkeep
|
|t:|1779942906
|switch|p2a: Iron Valiant|Iron Valiant|100/100
|-enditem|p2a: Iron Valiant|Booster Energy
|-activate|p2a: Iron Valiant|ability: Quark Drive|[fromitem]
|-start|p2a: Iron Valiant|quarkdrivespe
|turn|3
|
|t:|1779942924
|-terastallize|p1a: Great Tusk|Fire
|move|p2a: Iron Valiant|Moonblast|p1a: Great Tusk
|-resisted|p1a: Great Tusk
|-damage|p1a: Great Tusk|49/100
|-unboost|p1a: Great Tusk|spa|1
|move|p1a: Great Tusk|Rapid Spin|p2a: Iron Valiant
|-damage|p2a: Iron Valiant|78/100
|-boost|p1a: Great Tusk|spe|1
|-sideend|p1: TheGuyThatsThere|Spikes|[from] move: Rapid Spin|[of] p1a: Great Tusk
|-sideend|p1: TheGuyThatsThere|Stealth Rock|[from] move: Rapid Spin|[of] p1a: Great Tusk
|
|upkeep
|turn|4
|
|t:|1779942941
|-end|p1a: Great Tusk|Protosynthesis|[silent]
|switch|p1a: Alomomola|Alomomola, M|100/100
|move|p2a: Iron Valiant|Moonblast|p1a: Alomomola
|-damage|p1a: Alomomola|75/100
|
|upkeep
|turn|5
|
|t:|1779942947
|move|p2a: Iron Valiant|Knock Off|p1a: Alomomola
|-damage|p1a: Alomomola|57/100
|-enditem|p1a: Alomomola|Assault Vest|[from] move: Knock Off|[of] p2a: Iron Valiant
|move|p1a: Alomomola|Scald|p2a: Iron Valiant
|-damage|p2a: Iron Valiant|50/100
|
|upkeep
|turn|6
|
|t:|1779942954
|move|p2a: Iron Valiant|Moonblast|p1a: Alomomola
|-damage|p1a: Alomomola|18/100
|move|p1a: Alomomola|Flip Turn|p2a: Iron Valiant
|-damage|p2a: Iron Valiant|26/100
|
|t:|1779942959
|switch|p1a: Lokix|Lokix, M|100/100|[from] Flip Turn
|
|upkeep
|turn|7
|
|t:|1779942965
|move|p1a: Lokix|First Impression|p2a: Iron Valiant
|-resisted|p2a: Iron Valiant
|-damage|p2a: Iron Valiant|0 fnt
|faint|p2a: Iron Valiant
|-end|p2a: Iron Valiant|Quark Drive|[silent]
|
|upkeep
|
|t:|1779942970
|switch|p2a: Great Tusk|Great Tusk|100/100
|-enditem|p2a: Great Tusk|Booster Energy
|-activate|p2a: Great Tusk|ability: Protosynthesis|[fromitem]
|-start|p2a: Great Tusk|protosynthesisspe
|turn|8
|
|t:|1779942985
|switch|p1a: Enamorus|Enamorus, F|100/100
|move|p2a: Great Tusk|Bulk Up|p2a: Great Tusk
|-boost|p2a: Great Tusk|atk|1
|-boost|p2a: Great Tusk|def|1
|
|upkeep
|turn|9
|
|t:|1779942992
|-terastallize|p2a: Great Tusk|Ghost
|move|p1a: Enamorus|Moonblast|p2a: Great Tusk
|-damage|p2a: Great Tusk|39/100
|move|p2a: Great Tusk|Ice Spinner|p1a: Enamorus
|-supereffective|p1a: Enamorus
|-damage|p1a: Enamorus|0 fnt
|faint|p1a: Enamorus
|
|upkeep
|
|t:|1779942998
|switch|p1a: Lokix|Lokix, M|100/100
|turn|10
|
|t:|1779943001
|move|p1a: Lokix|First Impression|p2a: Great Tusk
|-resisted|p2a: Great Tusk
|-damage|p2a: Great Tusk|16/100
|move|p2a: Great Tusk|Ice Spinner|p1a: Lokix
|-damage|p1a: Lokix|53/100
|
|upkeep
|turn|11
|
|t:|1779943007
|move|p1a: Lokix|Sucker Punch|p2a: Great Tusk
|-supereffective|p2a: Great Tusk
|-damage|p2a: Great Tusk|0 fnt
|faint|p2a: Great Tusk
|-end|p2a: Great Tusk|Protosynthesis|[silent]
|
|upkeep
|
|t:|1779943012
|switch|p2a: Dragonite|Dragonite, M|100/100
|turn|12
|
|t:|1779943015
|move|p1a: Lokix|U-turn|p2a: Dragonite
|-resisted|p2a: Dragonite
|-damage|p2a: Dragonite|78/100
|
|t:|1779943024
|switch|p1a: Pecharunt|Pecharunt|100/100|[from] U-turn
|-item|p1a: Pecharunt|Air Balloon
|move|p2a: Dragonite|Dragon Dance|p2a: Dragonite
|-boost|p2a: Dragonite|atk|1
|-boost|p2a: Dragonite|spe|1
|
|upkeep
|turn|13
|
|t:|1779943034
|switch|p2a: Gholdengo|Gholdengo|100/100
|move|p1a: Pecharunt|Malignant Chain|p2a: Gholdengo
|-immune|p2a: Gholdengo
|
|upkeep
|turn|14
|
|t:|1779943043
|switch|p1a: Alomomola|Alomomola, M|51/100
|move|p2a: Gholdengo|Shadow Ball|p1a: Alomomola
|-damage|p1a: Alomomola|16/100
|
|upkeep
|turn|15
|
|t:|1779943050
|move|p2a: Gholdengo|Shadow Ball|p1a: Alomomola
|-damage|p1a: Alomomola|0 fnt
|faint|p1a: Alomomola
|
|upkeep
|
|t:|1779943056
|switch|p1a: Great Tusk|Great Tusk, tera:Fire|49/100
|turn|16
|
|t:|1779943068
|switch|p2a: Zamazenta|Zamazenta|100/100
|-ability|p2a: Zamazenta|Dauntless Shield|boost
|-boost|p2a: Zamazenta|def|1
|move|p1a: Great Tusk|Headlong Rush|p2a: Zamazenta
|-damage|p2a: Zamazenta|61/100
|-unboost|p1a: Great Tusk|def|1
|-unboost|p1a: Great Tusk|spd|1
|
|upkeep
|turn|17
|
|t:|1779943095
|-end|p1a: Great Tusk|Protosynthesis|[silent]
|switch|p1a: Pecharunt|Pecharunt|100/100
|-item|p1a: Pecharunt|Air Balloon
|move|p2a: Zamazenta|Close Combat|p1a: Pecharunt
|-immune|p1a: Pecharunt
|
|upkeep
|turn|18
|
|t:|1779943104
|switch|p2a: Gholdengo|Gholdengo|100/100
|move|p1a: Pecharunt|Hex|p2a: Gholdengo
|-supereffective|p2a: Gholdengo
|-damage|p2a: Gholdengo|59/100
|
|upkeep
|turn|19
|
|t:|1779943119
|switch|p1a: Lokix|Lokix, M|53/100
|move|p2a: Gholdengo|Shadow Ball|p1a: Lokix
|-resisted|p1a: Lokix
|-damage|p1a: Lokix|12/100
|
|upkeep
|turn|20
|
|t:|1779943134
|move|p1a: Lokix|Sucker Punch||[still]
|-fail|p1a: Lokix
|move|p2a: Gholdengo|Recover|p2a: Gholdengo
|-heal|p2a: Gholdengo|100/100
|
|upkeep
|turn|21
|
|t:|1779943141
|move|p1a: Lokix|Knock Off|p2a: Gholdengo
|-supereffective|p2a: Gholdengo
|-crit|p2a: Gholdengo
|-damage|p2a: Gholdengo|0 fnt
|-enditem|p2a: Gholdengo|Custap Berry|[from] move: Knock Off|[of] p1a: Lokix
|faint|p2a: Gholdengo
|
|upkeep
|
|t:|1779943146
|switch|p2a: Zamazenta|Zamazenta|61/100
|turn|22
|
|t:|1779943157
|switch|p1a: Pecharunt|Pecharunt|100/100
|-item|p1a: Pecharunt|Air Balloon
|move|p2a: Zamazenta|Crunch|p1a: Pecharunt
|-supereffective|p1a: Pecharunt
|-damage|p1a: Pecharunt|65/100
|-enditem|p1a: Pecharunt|Air Balloon
|-damage|p2a: Zamazenta|51/100|[from] item: Life Orb
|
|upkeep
|turn|23
|
|t:|1779943179
|move|p2a: Zamazenta|Crunch|p1a: Pecharunt
|-supereffective|p1a: Pecharunt
|-damage|p1a: Pecharunt|30/100
|-damage|p2a: Zamazenta|41/100|[from] item: Life Orb
|move|p1a: Pecharunt|Malignant Chain|p2a: Zamazenta
|-damage|p2a: Zamazenta|11/100
|
|upkeep
|turn|24
|
|t:|1779943188
|move|p2a: Zamazenta|Crunch|p1a: Pecharunt
|-supereffective|p1a: Pecharunt
|-damage|p1a: Pecharunt|0 fnt
|faint|p1a: Pecharunt
|-damage|p2a: Zamazenta|1/100|[from] item: Life Orb
|
|upkeep
|
|t:|1779943191
|switch|p1a: Lokix|Lokix, M|12/100
|turn|25
|
|t:|1779943195
|move|p1a: Lokix|First Impression|p2a: Zamazenta
|-resisted|p2a: Zamazenta
|-damage|p2a: Zamazenta|0 fnt
|faint|p2a: Zamazenta
|
|upkeep
|
|t:|1779943201
|switch|p2a: Dragonite|Dragonite, M|78/100
|turn|26
|
|t:|1779943205
|move|p1a: Lokix|U-turn|p2a: Dragonite
|-resisted|p2a: Dragonite
|-damage|p2a: Dragonite|30/100
|
|t:|1779943207
|switch|p1a: Iron Crown|Iron Crown|100/100|[from] U-turn
|move|p2a: Dragonite|Dragon Dance|p2a: Dragonite
|-boost|p2a: Dragonite|atk|1
|-boost|p2a: Dragonite|spe|1
|
|upkeep
|turn|27
|
|t:|1779943214
|move|p2a: Dragonite|Fire Punch|p1a: Iron Crown
|-supereffective|p1a: Iron Crown
|-damage|p1a: Iron Crown|0 fnt
|faint|p1a: Iron Crown
|-end|p1a: Iron Crown|Quark Drive|[silent]
|-damage|p2a: Dragonite|20/100|[from] item: Life Orb
|
|upkeep
|
|t:|1779943217
|switch|p1a: Lokix|Lokix, M|12/100
|turn|28
|
|t:|1779943221
|move|p2a: Dragonite|Extreme Speed|p1a: Lokix
|-damage|p1a: Lokix|0 fnt
|faint|p1a: Lokix
|-damage|p2a: Dragonite|10/100|[from] item: Life Orb
|
|upkeep
|
|t:|1779943225
|switch|p1a: Great Tusk|Great Tusk, tera:Fire|49/100
|turn|29
|
|t:|1779943228
|move|p2a: Dragonite|Outrage|p1a: Great Tusk
|-damage|p1a: Great Tusk|0 fnt
|-damage|p2a: Dragonite|0 fnt|[from] item: Rocky Helmet|[of] p1a: Great Tusk
|faint|p1a: Great Tusk
|-end|p1a: Great Tusk|Protosynthesis|[silent]
|faint|p2a: Dragonite
|
|win|moo236
|raw|TheGuyThatsThere's rating: 1351 &rarr; <strong>1333</strong><br />(-18 for losing)
|raw|moo236's rating: 1394 &rarr; <strong>1412</strong><br />(+18 for winning)
|c|☆TheGuyThatsThere|gg
|c|☆moo236|gg
|l|☆moo236
|player|p2|
|l|☆TheGuyThatsThere
|player|p1|
