|j|‽BaxleyTheBomb
|j|☆Becham141
|t:|1779805845
|gametype|singles
|player|p1|BaxleyTheBomb|janitor|1201
|player|p2|Becham141|101|1182
|gen|9
|tier|[Gen 9] OU
|rated|
|rule|HP Percentage Mod: HP is shown in percentages
|rule|Endless Battle Clause: Forcing endless battles is banned
|rule|Species Clause: Limit one of each Pokémon
|rule|OHKO Clause: OHKO moves are banned
|rule|Evasion Items Clause: Evasion items are banned
|rule|Evasion Moves Clause: Evasion moves are banned
|rule|Evasion Abilities Clause: Evasion abilities are banned
|rule|Sleep Moves Clause: Sleep-inducing moves are banned
|clearpoke
|poke|p1|Milotic, F|
|poke|p1|Sceptile, M|
|poke|p1|Dusclops, M|
|poke|p1|Seviper, M|
|poke|p1|Deoxys-Speed|
|poke|p1|Salamence, F|
|poke|p2|Clefable, F|
|poke|p2|Gholdengo|
|poke|p2|Smeargle, M|
|poke|p2|Dragonite, M|
|poke|p2|Cinderace, F|
|poke|p2|Samurott-Hisui, F|
|teampreview
|
|t:|1779805851
|teamsize|p1|6
|teamsize|p2|6
|start
|switch|p1a: Sceptile|Sceptile, M|100/100
|switch|p2a: Smeargle|Smeargle, M, shiny|100/100
|turn|1
|
|t:|1779805858
|move|p2a: Smeargle|Nuzzle|p1a: Sceptile
|-resisted|p1a: Sceptile
|-damage|p1a: Sceptile|99/100
|-status|p1a: Sceptile|par
|move|p1a: Sceptile|Roar|p2a: Smeargle
|-enditem|p1a: Sceptile|Throat Spray
|-boost|p1a: Sceptile|spa|1|[from] item: Throat Spray
|drag|p2a: Cinderace|Cinderace, F|100/100
|
|upkeep
|turn|2
|
|t:|1779805870
|-terastallize|p1a: Sceptile|Dragon
|move|p2a: Cinderace|U-turn|p1a: Sceptile
|-start|p2a: Cinderace|typechange|Bug|[from] ability: Libero
|-damage|p1a: Sceptile|15/100 par
|
|t:|1779805875
|switch|p2a: Samurott|Samurott-Hisui, F|100/100|[from] U-turn
|move|p1a: Sceptile|Dragon Pulse|p2a: Samurott
|-damage|p2a: Samurott|10/100
|
|upkeep
|turn|3
|
|t:|1779805883
|move|p1a: Sceptile|Giga Drain|p2a: Samurott
|-supereffective|p2a: Samurott
|-damage|p2a: Samurott|0 fnt
|-heal|p1a: Sceptile|21/100 par|[from] drain|[of] p2a: Samurott
|faint|p2a: Samurott
|
|upkeep
|
|t:|1779805894
|switch|p2a: Smeargle|Smeargle, M, shiny|100/100
|turn|4
|
|t:|1779805901
|move|p1a: Sceptile|Dragon Pulse|p2a: Smeargle
|-enditem|p2a: Smeargle|Focus Sash
|-damage|p2a: Smeargle|1/100
|move|p2a: Smeargle|Stealth Rock|p1a: Sceptile
|-sidestart|p1: BaxleyTheBomb|move: Stealth Rock
|
|upkeep
|turn|5
|
|t:|1779805909
|cant|p1a: Sceptile|par
|move|p2a: Smeargle|Sticky Web|p1a: Sceptile
|-sidestart|p1: BaxleyTheBomb|move: Sticky Web
|
|upkeep
|turn|6
|
|t:|1779805914
|move|p1a: Sceptile|Giga Drain|p2a: Smeargle
|-damage|p2a: Smeargle|0 fnt
|-heal|p1a: Sceptile|21/100 par|[from] drain|[of] p2a: Smeargle
|faint|p2a: Smeargle
|
|upkeep
|
|t:|1779805919
|switch|p2a: Cinderace|Cinderace, F|100/100
|turn|7
|
|t:|1779805923
|move|p2a: Cinderace|U-turn|p1a: Sceptile
|-start|p2a: Cinderace|typechange|Bug|[from] ability: Libero
|-damage|p1a: Sceptile|0 fnt
|faint|p1a: Sceptile
|
|t:|1779805928
|switch|p2a: Dragonite|Dragonite, M|100/100|[from] U-turn
|
|upkeep
|
|t:|1779805934
|switch|p1a: Milotic|Milotic, F|100/100
|-damage|p1a: Milotic|88/100|[from] Stealth Rock
|-activate|p1a: Milotic|move: Sticky Web
|-unboost|p1a: Milotic|spe|1
|-ability|p1a: Milotic|Competitive|boost
|-boost|p1a: Milotic|spa|2
|turn|8
|
|t:|1779805941
|switch|p2a: Cinderace|Cinderace, F|100/100
|move|p1a: Milotic|Ice Beam|p2a: Cinderace
|-resisted|p2a: Cinderace
|-damage|p2a: Cinderace|69/100
|
|-heal|p1a: Milotic|94/100|[from] item: Leftovers
|upkeep
|turn|9
|
|t:|1779805950
|move|p2a: Cinderace|Trailblaze|p1a: Milotic
|-start|p2a: Cinderace|typechange|Grass|[from] ability: Libero
|-supereffective|p1a: Milotic
|-damage|p1a: Milotic|40/100
|-boost|p2a: Cinderace|spe|1
|move|p1a: Milotic|Scald|p2a: Cinderace
|-resisted|p2a: Cinderace
|-damage|p2a: Cinderace|30/100
|
|-heal|p1a: Milotic|46/100|[from] item: Leftovers
|upkeep
|turn|10
|
|t:|1779805968
|switch|p1a: Seviper|Seviper, M|100/100
|-damage|p1a: Seviper|88/100|[from] Stealth Rock
|-activate|p1a: Seviper|move: Sticky Web
|-unboost|p1a: Seviper|spe|1
|move|p2a: Cinderace|Trailblaze|p1a: Seviper
|-resisted|p1a: Seviper
|-damage|p1a: Seviper|62/100
|-boost|p2a: Cinderace|spe|1
|
|upkeep
|turn|11
|
|t:|1779805982
|switch|p2a: Dragonite|Dragonite, M|100/100
|move|p1a: Seviper|Trailblaze|p2a: Dragonite
|-resisted|p2a: Dragonite
|-damage|p2a: Dragonite|98/100
|-boost|p1a: Seviper|spe|1
|
|upkeep
|turn|12
|
|t:|1779806052
|move|p2a: Dragonite|Dragon Dance|p2a: Dragonite
|-boost|p2a: Dragonite|atk|1
|-boost|p2a: Dragonite|spe|1
|move|p1a: Seviper|Ice Fang|p2a: Dragonite
|-supereffective|p2a: Dragonite
|-damage|p2a: Dragonite|4/100
|
|upkeep
|turn|13
|
|t:|1779806061
|move|p2a: Dragonite|Earthquake|p1a: Seviper
|-supereffective|p1a: Seviper
|-damage|p1a: Seviper|0 fnt
|faint|p1a: Seviper
|
|upkeep
|
|t:|1779806069
|switch|p1a: Dusclops|Dusclops, M|100/100
|-damage|p1a: Dusclops|88/100|[from] Stealth Rock
|-activate|p1a: Dusclops|move: Sticky Web
|-unboost|p1a: Dusclops|spe|1
|-ability|p1a: Dusclops|Pressure
|turn|14
|
|t:|1779806076
|move|p2a: Dragonite|Dragon Claw|p1a: Dusclops
|-damage|p1a: Dusclops|46/100
|move|p1a: Dusclops|Night Shade|p2a: Dragonite
|-damage|p2a: Dragonite|0 fnt
|faint|p2a: Dragonite
|
|upkeep
|
|t:|1779806084
|switch|p2a: Gholdengo|Gholdengo|100/100
|-item|p2a: Gholdengo|Air Balloon
|turn|15
|
|t:|1779806089
|move|p1a: Dusclops|Protect|p1a: Dusclops
|-singleturn|p1a: Dusclops|Protect
|move|p2a: Gholdengo|Nasty Plot|p2a: Gholdengo
|-boost|p2a: Gholdengo|spa|2
|
|upkeep
|turn|16
|
|t:|1779806099
|move|p2a: Gholdengo|Shadow Ball|p1a: Dusclops
|-supereffective|p1a: Dusclops
|-damage|p1a: Dusclops|0 fnt
|faint|p1a: Dusclops
|
|upkeep
|
|t:|1779806105
|switch|p1a: Deoxys|Deoxys-Speed|100/100
|-damage|p1a: Deoxys|88/100|[from] Stealth Rock
|-activate|p1a: Deoxys|move: Sticky Web
|-unboost|p1a: Deoxys|spe|1
|-ability|p1a: Deoxys|Pressure
|turn|17
|
|t:|1779806114
|-terastallize|p2a: Gholdengo|Fairy
|move|p1a: Deoxys|Knock Off|p2a: Gholdengo
|-resisted|p2a: Gholdengo
|-damage|p2a: Gholdengo|78/100
|-enditem|p2a: Gholdengo|Air Balloon
|move|p2a: Gholdengo|Shadow Ball|p1a: Deoxys
|-supereffective|p1a: Deoxys
|-damage|p1a: Deoxys|0 fnt
|faint|p1a: Deoxys
|
|upkeep
|
|t:|1779806126
|switch|p1a: Salamence|Salamence, F|100/100
|-damage|p1a: Salamence|76/100|[from] Stealth Rock
|turn|18
|
|t:|1779806137
|move|p1a: Salamence|Earthquake|p2a: Gholdengo
|-damage|p2a: Gholdengo|32/100
|move|p2a: Gholdengo|Dazzling Gleam|p1a: Salamence
|-supereffective|p1a: Salamence
|-damage|p1a: Salamence|0 fnt
|faint|p1a: Salamence
|
|upkeep
|-message|BaxleyTheBomb forfeited.
|
|win|Becham141
|raw|BaxleyTheBomb's rating: 1201 &rarr; <strong>1175</strong><br />(-26 for losing)
|raw|Becham141's rating: 1182 &rarr; <strong>1208</strong><br />(+26 for winning)
|l|‽BaxleyTheBomb
|player|p1|
