|j|☆excafrost
|j|☆pin$121
|t:|1779811271
|gametype|singles
|player|p1|excafrost|gambler|1267
|player|p2|pin$121|artist-gen4|1226
|gen|9
|tier|[Gen 9] OU
|rated|
|rule|HP Percentage Mod: HP is shown in percentages
|rule|Endless Battle Clause: Forcing endless battles is banned
|rule|Species Clause: Limit one of each Pokémon
|rule|OHKO Clause: OHKO moves are banned
|rule|Evasion Items Clause: Evasion items are banned
|rule|Evasion Moves Clause: Evasion moves are banned
|rule|Evasion Abilities Clause: Evasion abilities are banned
|rule|Sleep Moves Clause: Sleep-inducing moves are banned
|clearpoke
|poke|p1|Quaquaval, F|
|poke|p1|Rillaboom, F|
|poke|p1|Hawlucha, M|
|poke|p1|Iron Treads|
|poke|p1|Dragapult, M|
|poke|p1|Raging Bolt|
|poke|p2|Swalot, M|
|poke|p2|Tornadus-Therian, M|
|poke|p2|Gholdengo|
|poke|p2|Rillaboom, M|
|poke|p2|Rotom-Wash|
|poke|p2|Great Tusk|
|teampreview
|
|t:|1779811287
|teamsize|p1|6
|teamsize|p2|6
|start
|switch|p1a: Dragapult|Dragapult, M, shiny|100/100
|switch|p2a: Great Tusk|Great Tusk|100/100
|turn|1
|
|t:|1779811304
|-end|p2a: Great Tusk|Protosynthesis|[silent]
|switch|p2a: Rotom|Rotom-Wash|100/100
|move|p1a: Dragapult|Will-O-Wisp|p2a: Rotom|[miss]
|-miss|p1a: Dragapult|p2a: Rotom
|
|upkeep
|turn|2
|inactive|Battle timer is ON: inactive players will automatically lose when time's up. (requested by excafrost)
|
|t:|1779811318
|switch|p1a: Rillaboom|Rillaboom, F|100/100
|-fieldstart|move: Grassy Terrain|[from] ability: Grassy Surge|[of] p1a: Rillaboom
|move|p2a: Rotom|Will-O-Wisp|p1a: Rillaboom
|-status|p1a: Rillaboom|brn
|
|-damage|p1a: Rillaboom|94/100 brn|[from] brn
|upkeep
|turn|3
|
|t:|1779811331
|switch|p2a: Tornadus|Tornadus-Therian, M|100/100
|move|p1a: Rillaboom|U-turn|p2a: Tornadus
|-resisted|p2a: Tornadus
|-damage|p2a: Tornadus|86/100
|
|t:|1779811336
|switch|p1a: Hawlucha|Hawlucha, M|100/100|[from] U-turn
|-enditem|p1a: Hawlucha|Grassy Seed
|-boost|p1a: Hawlucha|def|1|[from] item: Grassy Seed
|
|upkeep
|turn|4
|
|t:|1779811347
|move|p1a: Hawlucha|Swords Dance|p1a: Hawlucha
|-boost|p1a: Hawlucha|atk|2
|move|p2a: Tornadus|Nasty Plot|p2a: Tornadus
|-boost|p2a: Tornadus|spa|2
|
|upkeep
|turn|5
|
|t:|1779811353
|move|p1a: Hawlucha|Acrobatics|p2a: Tornadus
|-damage|p2a: Tornadus|0 fnt
|faint|p2a: Tornadus
|
|upkeep
|
|t:|1779811364
|switch|p2a: Gholdengo|Gholdengo|100/100
|turn|6
|
|t:|1779811372
|move|p1a: Hawlucha|Acrobatics|p2a: Gholdengo
|-resisted|p2a: Gholdengo
|-damage|p2a: Gholdengo|41/100
|move|p2a: Gholdengo|Make It Rain|p1a: Hawlucha
|-damage|p1a: Hawlucha|8/100
|-unboost|p2a: Gholdengo|spa|1
|
|-heal|p2a: Gholdengo|47/100|[from] Grassy Terrain
|-fieldend|move: Grassy Terrain
|upkeep
|turn|7
|
|t:|1779811393
|move|p1a: Hawlucha|Acrobatics|p2a: Gholdengo
|-resisted|p2a: Gholdengo
|-damage|p2a: Gholdengo|0 fnt
|faint|p2a: Gholdengo
|
|upkeep
|
|t:|1779811398
|switch|p2a: Rillaboom|Rillaboom, M|100/100
|-fieldstart|move: Grassy Terrain|[from] ability: Grassy Surge|[of] p2a: Rillaboom
|turn|8
|
|t:|1779811411
|move|p2a: Rillaboom|Grassy Glide|p1a: Hawlucha
|-resisted|p1a: Hawlucha
|-damage|p1a: Hawlucha|0 fnt
|faint|p1a: Hawlucha
|
|upkeep
|
|t:|1779811415
|switch|p1a: Dragapult|Dragapult, M, shiny|100/100
|turn|9
|
|t:|1779811419
|switch|p2a: GOOP-O|Swalot, M, shiny|100/100
|move|p1a: Dragapult|Will-O-Wisp|p2a: GOOP-O|[miss]
|-miss|p1a: Dragapult|p2a: GOOP-O
|
|upkeep
|turn|10
|
|t:|1779811429
|-terastallize|p2a: GOOP-O|Dark
|move|p1a: Dragapult|Will-O-Wisp|p2a: GOOP-O
|-status|p2a: GOOP-O|brn
|move|p2a: GOOP-O|Stuff Cheeks|p2a: GOOP-O
|-boost|p2a: GOOP-O|def|2
|-enditem|p2a: GOOP-O|Starf Berry|[eat]
|-boost|p2a: GOOP-O|spa|2|[from] item: Starf Berry
|
|-damage|p2a: GOOP-O|94/100 brn|[from] brn
|upkeep
|turn|11
|
|t:|1779811445
|switch|p1a: Rillaboom|Rillaboom, F|94/100 brn
|move|p2a: GOOP-O|Belch|p1a: Rillaboom
|-supereffective|p1a: Rillaboom
|-crit|p1a: Rillaboom
|-damage|p1a: Rillaboom|0 fnt
|faint|p1a: Rillaboom
|
|-heal|p2a: GOOP-O|100/100 brn|[from] Grassy Terrain
|-damage|p2a: GOOP-O|94/100 brn|[from] brn
|upkeep
|
|t:|1779811450
|switch|p1a: Quaquaval|Quaquaval, F, shiny|100/100
|turn|12
|
|t:|1779811457
|move|p1a: Quaquaval|Close Combat|p2a: GOOP-O
|-supereffective|p2a: GOOP-O
|-damage|p2a: GOOP-O|49/100 brn
|-unboost|p1a: Quaquaval|def|1
|-unboost|p1a: Quaquaval|spd|1
|move|p2a: GOOP-O|Body Press|p1a: Quaquaval
|-damage|p1a: Quaquaval|61/100
|
|-heal|p1a: Quaquaval|68/100|[from] Grassy Terrain
|-heal|p2a: GOOP-O|55/100 brn|[from] Grassy Terrain
|-damage|p2a: GOOP-O|49/100 brn|[from] brn
|-fieldend|move: Grassy Terrain
|upkeep
|turn|13
|
|t:|1779811475
|switch|p1a: Iron Treads|Iron Treads|100/100
|-enditem|p1a: Iron Treads|Booster Energy
|-activate|p1a: Iron Treads|ability: Quark Drive|[fromitem]
|-start|p1a: Iron Treads|quarkdrivespe
|move|p2a: GOOP-O|Belch|p1a: Iron Treads
|-immune|p1a: Iron Treads
|
|-damage|p2a: GOOP-O|43/100 brn|[from] brn
|upkeep
|turn|14
|
|t:|1779811481
|move|p1a: Iron Treads|Stealth Rock|p2a: GOOP-O
|-sidestart|p2: pin$121|move: Stealth Rock
|move|p2a: GOOP-O|Body Press|p1a: Iron Treads
|-supereffective|p1a: Iron Treads
|-damage|p1a: Iron Treads|60/100
|
|-damage|p2a: GOOP-O|37/100 brn|[from] brn
|upkeep
|turn|15
|
|t:|1779811488
|move|p1a: Iron Treads|Earth Power|p2a: GOOP-O
|-damage|p2a: GOOP-O|8/100 brn
|move|p2a: GOOP-O|Body Press|p1a: Iron Treads
|-supereffective|p1a: Iron Treads
|-damage|p1a: Iron Treads|20/100
|
|-damage|p2a: GOOP-O|1/100 brn|[from] brn
|upkeep
|turn|16
|
|t:|1779811496
|move|p1a: Iron Treads|Earth Power|p2a: GOOP-O
|-damage|p2a: GOOP-O|0 fnt
|faint|p2a: GOOP-O
|
|upkeep
|
|t:|1779811500
|switch|p2a: Rillaboom|Rillaboom, M|100/100
|-damage|p2a: Rillaboom|88/100|[from] Stealth Rock
|-fieldstart|move: Grassy Terrain|[from] ability: Grassy Surge|[of] p2a: Rillaboom
|turn|17
|
|t:|1779811506
|move|p2a: Rillaboom|Grassy Glide|p1a: Iron Treads
|-damage|p1a: Iron Treads|0 fnt
|faint|p1a: Iron Treads
|-end|p1a: Iron Treads|Quark Drive|[silent]
|
|-heal|p2a: Rillaboom|94/100|[from] Grassy Terrain
|upkeep
|
|t:|1779811512
|switch|p1a: Raging Bolt|Raging Bolt|100/100
|-enditem|p1a: Raging Bolt|Booster Energy
|-activate|p1a: Raging Bolt|ability: Protosynthesis|[fromitem]
|-start|p1a: Raging Bolt|protosynthesisspa
|turn|18
|
|t:|1779811522
|switch|p2a: Rotom|Rotom-Wash|100/100
|-damage|p2a: Rotom|88/100|[from] Stealth Rock
|move|p1a: Raging Bolt|Calm Mind|p1a: Raging Bolt
|-boost|p1a: Raging Bolt|spa|1
|-boost|p1a: Raging Bolt|spd|1
|
|-heal|p2a: Rotom|94/100|[from] item: Leftovers
|upkeep
|turn|19
|
|t:|1779811530
|move|p1a: Raging Bolt|Thunderbolt|p2a: Rotom
|-damage|p2a: Rotom|0 fnt
|faint|p2a: Rotom
|
|upkeep
|
|t:|1779811534
|switch|p2a: Great Tusk|Great Tusk|100/100
|turn|20
|
|t:|1779811538
|-terastallize|p1a: Raging Bolt|Fairy
|move|p2a: Great Tusk|Headlong Rush|p1a: Raging Bolt
|-damage|p1a: Raging Bolt|38/100
|-unboost|p2a: Great Tusk|def|1
|-unboost|p2a: Great Tusk|spd|1
|move|p1a: Raging Bolt|Draco Meteor|p2a: Great Tusk
|-damage|p2a: Great Tusk|0 fnt
|-unboost|p1a: Raging Bolt|spa|2
|faint|p2a: Great Tusk
|-end|p2a: Great Tusk|Protosynthesis|[silent]
|
|-heal|p1a: Raging Bolt|44/100|[from] Grassy Terrain
|upkeep
|-message|pin$121 forfeited.
|
|win|excafrost
|raw|excafrost's rating: 1267 &rarr; <strong>1289</strong><br />(+22 for winning)
|raw|pin$121's rating: 1226 &rarr; <strong>1204</strong><br />(-22 for losing)
|l|☆pin$121
|player|p2|
|l|☆excafrost
|player|p1|
