|j|☆mjdj
|j|☆Lixxxxx
|t:|1779804713
|gametype|singles
|player|p1|mjdj|heroine2-conquest|1229
|player|p2|Lixxxxx|parasollady-gen4|1259
|gen|9
|tier|[Gen 9] OU
|rated|
|rule|HP Percentage Mod: HP is shown in percentages
|rule|Endless Battle Clause: Forcing endless battles is banned
|rule|Species Clause: Limit one of each Pokémon
|rule|OHKO Clause: OHKO moves are banned
|rule|Evasion Items Clause: Evasion items are banned
|rule|Evasion Moves Clause: Evasion moves are banned
|rule|Evasion Abilities Clause: Evasion abilities are banned
|rule|Sleep Moves Clause: Sleep-inducing moves are banned
|clearpoke
|poke|p1|Umbreon, M|
|poke|p1|Vaporeon, F|
|poke|p1|Jolteon, M|
|poke|p1|Sylveon, F|
|poke|p1|Espeon, F|
|poke|p1|Leafeon, F|
|poke|p2|Gholdengo|
|poke|p2|Dragapult, M|
|poke|p2|Ceruledge, F|
|poke|p2|Skeledirge, M|
|poke|p2|Sinistcha|
|poke|p2|Mimikyu, F|
|teampreview
|inactive|Battle timer is ON: inactive players will automatically lose when time's up. (requested by Lixxxxx)
|inactive|mjdj has 120 seconds left.
|inactive|mjdj has 90 seconds left.
|
|t:|1779804788
|teamsize|p1|6
|teamsize|p2|6
|start
|switch|p1a: Umbreon|Umbreon, M|100/100
|switch|p2a: Dragapult|Dragapult, M|100/100
|turn|1
|
|t:|1779804805
|move|p2a: Dragapult|Draco Meteor|p1a: Umbreon
|-damage|p1a: Umbreon|53/100
|-unboost|p2a: Dragapult|spa|2
|move|p1a: Umbreon|Foul Play|p2a: Dragapult
|-supereffective|p2a: Dragapult
|-damage|p2a: Dragapult|17/100
|
|-heal|p1a: Umbreon|59/100|[from] item: Leftovers
|upkeep
|turn|2
|
|t:|1779804818
|move|p2a: Dragapult|Draco Meteor|p1a: Umbreon
|-damage|p1a: Umbreon|37/100
|-unboost|p2a: Dragapult|spa|2
|move|p1a: Umbreon|Foul Play|p2a: Dragapult
|-supereffective|p2a: Dragapult
|-damage|p2a: Dragapult|0 fnt
|faint|p2a: Dragapult
|
|-heal|p1a: Umbreon|43/100|[from] item: Leftovers
|upkeep
|
|t:|1779804833
|switch|p2a: Gholdengo|Gholdengo|100/100
|-item|p2a: Gholdengo|Air Balloon
|turn|3
|
|t:|1779804841
|switch|p1a: Jolteon|Jolteon, M|100/100
|move|p2a: Gholdengo|Nasty Plot|p2a: Gholdengo
|-boost|p2a: Gholdengo|spa|2
|
|upkeep
|turn|4
|
|t:|1779804851
|move|p1a: Jolteon|Shadow Ball|p2a: Gholdengo
|-supereffective|p2a: Gholdengo
|-crit|p2a: Gholdengo
|-damage|p2a: Gholdengo|0 fnt
|-enditem|p2a: Gholdengo|Air Balloon
|faint|p2a: Gholdengo
|
|upkeep
|
|t:|1779804859
|switch|p2a: Mimikyu|Mimikyu, F|100/100
|turn|5
|
|t:|1779804863
|move|p1a: Jolteon|Shadow Ball|p2a: Mimikyu
|-activate|p2a: Mimikyu|ability: Disguise
|-damage|p2a: Mimikyu|100/100
|-unboost|p2a: Mimikyu|spd|1
|detailschange|p2a: Mimikyu|Mimikyu-Busted, F
|-damage|p2a: Mimikyu|88/100|[from] pokemon: Mimikyu-Busted
|move|p2a: Mimikyu|Swords Dance|p2a: Mimikyu
|-boost|p2a: Mimikyu|atk|2
|
|upkeep
|turn|6
|
|t:|1779804876
|move|p2a: Mimikyu|Shadow Sneak|p1a: Jolteon
|-damage|p1a: Jolteon|26/100
|move|p1a: Jolteon|Shadow Ball|p2a: Mimikyu
|-supereffective|p2a: Mimikyu
|-damage|p2a: Mimikyu|0 fnt
|faint|p2a: Mimikyu
|
|upkeep
|
|t:|1779804884
|switch|p2a: Ceruledge|Ceruledge, F|100/100
|turn|7
|
|t:|1779804890
|move|p1a: Jolteon|Shadow Ball|p2a: Ceruledge
|-supereffective|p2a: Ceruledge
|-damage|p2a: Ceruledge|10/100
|-unboost|p2a: Ceruledge|spd|1
|move|p2a: Ceruledge|Swords Dance|p2a: Ceruledge
|-boost|p2a: Ceruledge|atk|2
|
|upkeep
|turn|8
|
|t:|1779804899
|move|p2a: Ceruledge|Shadow Sneak|p1a: Jolteon
|-damage|p1a: Jolteon|0 fnt
|faint|p1a: Jolteon
|
|upkeep
|
|t:|1779804912
|switch|p1a: Leafeon|Leafeon, F|100/100
|turn|9
|
|t:|1779804916
|move|p1a: Leafeon|Knock Off|p2a: Ceruledge
|-supereffective|p2a: Ceruledge
|-damage|p2a: Ceruledge|0 fnt
|-enditem|p2a: Ceruledge|Focus Sash|[from] move: Knock Off|[of] p1a: Leafeon
|faint|p2a: Ceruledge
|
|upkeep
|
|t:|1779804924
|switch|p2a: Skeledirge|Skeledirge, M|100/100
|turn|10
|
|t:|1779804928
|switch|p1a: Vaporeon|Vaporeon, F|100/100
|move|p2a: Skeledirge|Torch Song|p1a: Vaporeon
|-resisted|p1a: Vaporeon
|-damage|p1a: Vaporeon|89/100
|-boost|p2a: Skeledirge|spa|1
|
|upkeep
|turn|11
|
|t:|1779804940
|-terastallize|p2a: Skeledirge|Fairy
|move|p2a: Skeledirge|Will-O-Wisp|p1a: Vaporeon
|-status|p1a: Vaporeon|brn
|move|p1a: Vaporeon|Scald|p2a: Skeledirge
|-damage|p2a: Skeledirge|67/100
|-status|p2a: Skeledirge|brn
|
|-damage|p2a: Skeledirge|61/100 brn|[from] brn
|-damage|p1a: Vaporeon|83/100 brn|[from] brn
|upkeep
|turn|12
|
|t:|1779804952
|move|p2a: Skeledirge|Hex|p1a: Vaporeon
|-damage|p1a: Vaporeon|26/100 brn
|move|p1a: Vaporeon|Wish|p1a: Vaporeon
|
|-damage|p2a: Skeledirge|55/100 brn|[from] brn
|-damage|p1a: Vaporeon|20/100 brn|[from] brn
|upkeep
|turn|13
|
|t:|1779804960
|move|p1a: Vaporeon|Protect|p1a: Vaporeon
|-singleturn|p1a: Vaporeon|Protect
|move|p2a: Skeledirge|Slack Off|p2a: Skeledirge
|-heal|p2a: Skeledirge|100/100 brn
|
|-heal|p1a: Vaporeon|70/100 brn|[from] move: Wish|[wisher] Vaporeon
|-damage|p2a: Skeledirge|94/100 brn|[from] brn
|-damage|p1a: Vaporeon|64/100 brn|[from] brn
|upkeep
|turn|14
|inactive|mjdj has 120 seconds left.
|
|t:|1779804993
|switch|p1a: Sylveon|Sylveon, F|100/100
|move|p2a: Skeledirge|Torch Song|p1a: Sylveon
|-damage|p1a: Sylveon|70/100
|-boost|p2a: Skeledirge|spa|1
|
|-heal|p1a: Sylveon|76/100|[from] item: Leftovers
|-damage|p2a: Skeledirge|88/100 brn|[from] brn
|upkeep
|turn|15
|
|t:|1779805004
|move|p2a: Skeledirge|Will-O-Wisp|p1a: Sylveon|[miss]
|-miss|p2a: Skeledirge|p1a: Sylveon
|move|p1a: Sylveon|Calm Mind|p1a: Sylveon
|-boost|p1a: Sylveon|spa|1
|-boost|p1a: Sylveon|spd|1
|
|-heal|p1a: Sylveon|82/100|[from] item: Leftovers
|-damage|p2a: Skeledirge|82/100 brn|[from] brn
|upkeep
|turn|16
|
|t:|1779805015
|-terastallize|p1a: Sylveon|Fire
|move|p2a: Skeledirge|Will-O-Wisp|p1a: Sylveon
|-immune|p1a: Sylveon
|move|p1a: Sylveon|Calm Mind|p1a: Sylveon
|-boost|p1a: Sylveon|spa|1
|-boost|p1a: Sylveon|spd|1
|
|-heal|p1a: Sylveon|88/100|[from] item: Leftovers
|-damage|p2a: Skeledirge|76/100 brn|[from] brn
|upkeep
|turn|17
|
|t:|1779805027
|move|p2a: Skeledirge|Hex|p1a: Sylveon
|-damage|p1a: Sylveon|54/100
|move|p1a: Sylveon|Draining Kiss|p2a: Skeledirge
|-damage|p2a: Skeledirge|51/100 brn
|-heal|p1a: Sylveon|73/100|[from] drain|[of] p2a: Skeledirge
|
|-heal|p1a: Sylveon|79/100|[from] item: Leftovers
|-damage|p2a: Skeledirge|45/100 brn|[from] brn
|upkeep
|turn|18
|
|t:|1779805037
|move|p2a: Skeledirge|Hex|p1a: Sylveon
|-damage|p1a: Sylveon|43/100
|move|p1a: Sylveon|Calm Mind|p1a: Sylveon
|-boost|p1a: Sylveon|spa|1
|-boost|p1a: Sylveon|spd|1
|
|-heal|p1a: Sylveon|49/100|[from] item: Leftovers
|-damage|p2a: Skeledirge|39/100 brn|[from] brn
|upkeep
|turn|19
|
|t:|1779805047
|move|p1a: Sylveon|Protect|p1a: Sylveon
|-singleturn|p1a: Sylveon|Protect
|move|p2a: Skeledirge|Slack Off|p2a: Skeledirge
|-heal|p2a: Skeledirge|89/100 brn
|
|-heal|p1a: Sylveon|56/100|[from] item: Leftovers
|-damage|p2a: Skeledirge|83/100 brn|[from] brn
|upkeep
|turn|20
|
|t:|1779805056
|move|p2a: Skeledirge|Hex|p1a: Sylveon
|-damage|p1a: Sylveon|20/100
|move|p1a: Sylveon|Calm Mind|p1a: Sylveon
|-boost|p1a: Sylveon|spa|1
|-boost|p1a: Sylveon|spd|1
|
|-heal|p1a: Sylveon|26/100|[from] item: Leftovers
|-damage|p2a: Skeledirge|77/100 brn|[from] brn
|upkeep
|turn|21
|
|t:|1779805065
|move|p1a: Sylveon|Protect|p1a: Sylveon
|-singleturn|p1a: Sylveon|Protect
|move|p2a: Skeledirge|Hex|p1a: Sylveon
|-activate|p1a: Sylveon|move: Protect
|
|-heal|p1a: Sylveon|32/100|[from] item: Leftovers
|-damage|p2a: Skeledirge|71/100 brn|[from] brn
|upkeep
|turn|22
|inactive|mjdj has 120 seconds left.
|
|t:|1779805106
|move|p2a: Skeledirge|Hex|p1a: Sylveon
|-damage|p1a: Sylveon|0 fnt
|faint|p1a: Sylveon
|
|-damage|p2a: Skeledirge|65/100 brn|[from] brn
|upkeep
|
|t:|1779805112
|switch|p1a: Espeon|Espeon, F|100/100
|turn|23
|
|t:|1779805116
|move|p1a: Espeon|Light Screen|p1a: Espeon
|-sidestart|p1: mjdj|move: Light Screen
|move|p2a: Skeledirge|Will-O-Wisp|p1a: Espeon
|move|p1a: Espeon|Will-O-Wisp|p2a: Skeledirge|[from] ability: Magic Bounce
|-fail|p2a: Skeledirge|brn
|
|-damage|p2a: Skeledirge|59/100 brn|[from] brn
|upkeep
|turn|24
|
|t:|1779805126
|move|p1a: Espeon|Psychic|p2a: Skeledirge
|-damage|p2a: Skeledirge|16/100 brn
|move|p2a: Skeledirge|Slack Off|p2a: Skeledirge
|-heal|p2a: Skeledirge|66/100 brn
|
|-damage|p2a: Skeledirge|60/100 brn|[from] brn
|upkeep
|turn|25
|
|t:|1779805134
|move|p1a: Espeon|Psychic|p2a: Skeledirge
|-damage|p2a: Skeledirge|17/100 brn
|move|p2a: Skeledirge|Slack Off|p2a: Skeledirge
|-heal|p2a: Skeledirge|67/100 brn
|
|-damage|p2a: Skeledirge|61/100 brn|[from] brn
|upkeep
|turn|26
|
|t:|1779805143
|move|p1a: Espeon|Psychic|p2a: Skeledirge
|-damage|p2a: Skeledirge|20/100 brn
|move|p2a: Skeledirge|Hex|p1a: Espeon
|-supereffective|p1a: Espeon
|-damage|p1a: Espeon|48/100
|
|-damage|p2a: Skeledirge|14/100 brn|[from] brn
|upkeep
|turn|27
|
|t:|1779805152
|move|p1a: Espeon|Psychic|p2a: Skeledirge
|-damage|p2a: Skeledirge|0 fnt
|faint|p2a: Skeledirge
|
|upkeep
|
|t:|1779805157
|switch|p2a: Sinistcha|Sinistcha|100/100
|turn|28
|
|t:|1779805160
|switch|p1a: Umbreon|Umbreon, M|43/100
|move|p2a: Sinistcha|Calm Mind|p2a: Sinistcha
|-boost|p2a: Sinistcha|spa|1
|-boost|p2a: Sinistcha|spd|1
|
|-heal|p1a: Umbreon|49/100|[from] item: Leftovers
|upkeep
|turn|29
|
|t:|1779805171
|move|p2a: Sinistcha|Matcha Gotcha|p1a: Umbreon
|-damage|p1a: Umbreon|35/100
|-status|p1a: Umbreon|brn
|-activate|p1a: Umbreon|ability: Synchronize
|-status|p2a: Sinistcha|brn
|move|p1a: Umbreon|Toxic||[still]
|-fail|p1a: Umbreon
|
|-heal|p1a: Umbreon|41/100 brn|[from] item: Leftovers
|-damage|p2a: Sinistcha|94/100 brn|[from] brn
|-damage|p1a: Umbreon|35/100 brn|[from] brn
|upkeep
|turn|30
|
|t:|1779805186
|move|p2a: Sinistcha|Calm Mind|p2a: Sinistcha
|-boost|p2a: Sinistcha|spa|1
|-boost|p2a: Sinistcha|spd|1
|move|p1a: Umbreon|Foul Play|p2a: Sinistcha
|-supereffective|p2a: Sinistcha
|-damage|p2a: Sinistcha|79/100 brn
|
|-heal|p2a: Sinistcha|85/100 brn|[from] item: Leftovers
|-heal|p1a: Umbreon|41/100 brn|[from] item: Leftovers
|-damage|p2a: Sinistcha|79/100 brn|[from] brn
|-damage|p1a: Umbreon|35/100 brn|[from] brn
|-sideend|p1: mjdj|move: Light Screen
|upkeep
|turn|31
|
|t:|1779805200
|move|p2a: Sinistcha|Matcha Gotcha|p1a: Umbreon|[miss]
|-miss|p2a: Sinistcha|p1a: Umbreon
|move|p1a: Umbreon|Wish|p1a: Umbreon
|
|-heal|p2a: Sinistcha|85/100 brn|[from] item: Leftovers
|-heal|p1a: Umbreon|41/100 brn|[from] item: Leftovers
|-damage|p2a: Sinistcha|79/100 brn|[from] brn
|-damage|p1a: Umbreon|35/100 brn|[from] brn
|upkeep
|turn|32
|
|t:|1779805215
|switch|p1a: Espeon|Espeon, F|48/100
|move|p2a: Sinistcha|Calm Mind|p2a: Sinistcha
|-boost|p2a: Sinistcha|spa|1
|-boost|p2a: Sinistcha|spd|1
|
|-heal|p1a: Espeon|100/100|[from] move: Wish|[wisher] Umbreon
|-heal|p2a: Sinistcha|85/100 brn|[from] item: Leftovers
|-damage|p2a: Sinistcha|79/100 brn|[from] brn
|upkeep
|turn|33
|
|t:|1779805226
|move|p1a: Espeon|Light Screen|p1a: Espeon
|-sidestart|p1: mjdj|move: Light Screen
|move|p2a: Sinistcha|Shadow Ball|p1a: Espeon
|-supereffective|p1a: Espeon
|-damage|p1a: Espeon|21/100
|-unboost|p1a: Espeon|spd|1
|
|-heal|p2a: Sinistcha|85/100 brn|[from] item: Leftovers
|-damage|p2a: Sinistcha|79/100 brn|[from] brn
|upkeep
|turn|34
|
|t:|1779805243
|switch|p1a: Leafeon|Leafeon, F|100/100
|move|p2a: Sinistcha|Shadow Ball|p1a: Leafeon
|-damage|p1a: Leafeon|25/100
|
|-heal|p1a: Leafeon|31/100|[from] item: Leftovers
|-heal|p2a: Sinistcha|85/100 brn|[from] item: Leftovers
|-damage|p2a: Sinistcha|79/100 brn|[from] brn
|upkeep
|turn|35
|
|t:|1779805253
|move|p1a: Leafeon|Knock Off|p2a: Sinistcha
|-supereffective|p2a: Sinistcha
|-crit|p2a: Sinistcha
|-damage|p2a: Sinistcha|0 fnt
|-enditem|p2a: Sinistcha|Leftovers|[from] move: Knock Off|[of] p1a: Leafeon
|faint|p2a: Sinistcha
|
|win|mjdj
|raw|mjdj's rating: 1229 &rarr; <strong>1256</strong><br />(+27 for winning)
|raw|Lixxxxx's rating: 1259 &rarr; <strong>1232</strong><br />(-27 for losing)
|c|☆mjdj|gg
|l|☆Lixxxxx
|player|p2|
