|badge|p1|bronze|gen9ubers|100-9
|uhtml|medal-msg|<div class="broadcast-blue">Curious what those medals under the avatar are? PS now has Ladder Seasons! For more information, check out the <a href="https://www.smogon.com/forums/threads/3740067/">thread on Smogon.</a></div>
|j|☆itztrip
|j|☆Aguila74
|t:|1779905849
|gametype|singles
|player|p1|itztrip|proton|1551
|player|p2|Aguila74|ethan|1705
|gen|9
|tier|[Gen 9] OU
|rated|
|rule|HP Percentage Mod: HP is shown in percentages
|rule|Endless Battle Clause: Forcing endless battles is banned
|rule|Species Clause: Limit one of each Pokémon
|rule|OHKO Clause: OHKO moves are banned
|rule|Evasion Items Clause: Evasion items are banned
|rule|Evasion Moves Clause: Evasion moves are banned
|rule|Evasion Abilities Clause: Evasion abilities are banned
|rule|Sleep Moves Clause: Sleep-inducing moves are banned
|clearpoke
|poke|p1|Dragonite, F|
|poke|p1|Great Tusk|
|poke|p1|Deoxys-Speed|
|poke|p1|Gholdengo|
|poke|p1|Zamazenta-*|
|poke|p1|Iron Valiant|
|poke|p2|Dragapult, M|
|poke|p2|Iron Moth|
|poke|p2|Meowscarada, F|
|poke|p2|Iron Treads|
|poke|p2|Primarina, F|
|poke|p2|Conkeldurr, F|
|teampreview
|inactive|Battle timer is ON: inactive players will automatically lose when time's up. (requested by itztrip)
|
|t:|1779905860
|teamsize|p1|6
|teamsize|p2|6
|start
|switch|p1a: Deoxys|Deoxys-Speed|100/100
|switch|p2a: Iron Treads|Iron Treads|100/100
|-ability|p1a: Deoxys|Pressure
|turn|1
|
|t:|1779905871
|-terastallize|p1a: Deoxys|Ghost
|move|p1a: Deoxys|Spikes|p2a: Iron Treads
|-sidestart|p2: Aguila74|Spikes
|move|p2a: Iron Treads|Rapid Spin|p1a: Deoxys
|-immune|p1a: Deoxys
|
|upkeep
|turn|2
|
|t:|1779905876
|move|p1a: Deoxys|Stealth Rock|p2a: Iron Treads
|-sidestart|p2: Aguila74|move: Stealth Rock
|move|p2a: Iron Treads|Earthquake|p1a: Deoxys
|-damage|p1a: Deoxys|47/100
|
|upkeep
|turn|3
|
|t:|1779905886
|move|p1a: Deoxys|Taunt|p2a: Iron Treads
|-start|p2a: Iron Treads|move: Taunt
|cant|p2a: Iron Treads|move: Taunt|Stealth Rock
|
|upkeep
|turn|4
|
|t:|1779905889
|move|p1a: Deoxys|Spikes|p2a: Iron Treads
|-sidestart|p2: Aguila74|Spikes
|move|p2a: Iron Treads|Iron Head|p1a: Deoxys
|-damage|p1a: Deoxys|0 fnt
|faint|p1a: Deoxys
|
|upkeep
|
|t:|1779905893
|switch|p1a: Zamazenta|Zamazenta|100/100
|-ability|p1a: Zamazenta|Dauntless Shield|boost
|-boost|p1a: Zamazenta|def|1
|turn|5
|
|t:|1779905896
|switch|p1a: Gholdengo|Gholdengo|100/100
|-terastallize|p2a: Iron Treads|Ground
|move|p2a: Iron Treads|Rapid Spin|p1a: Gholdengo
|-immune|p1a: Gholdengo
|
|-end|p2a: Iron Treads|move: Taunt
|upkeep
|turn|6
|
|t:|1779905899
|move|p2a: Iron Treads|Earthquake|p1a: Gholdengo
|-supereffective|p1a: Gholdengo
|-damage|p1a: Gholdengo|0 fnt
|faint|p1a: Gholdengo
|
|upkeep
|
|t:|1779905905
|switch|p1a: Zamazenta|Zamazenta|100/100
|turn|7
|
|t:|1779905907
|move|p1a: Zamazenta|Ice Fang|p2a: Iron Treads
|-supereffective|p2a: Iron Treads
|-damage|p2a: Iron Treads|43/100
|-damage|p1a: Zamazenta|91/100|[from] item: Life Orb
|move|p2a: Iron Treads|Rapid Spin|p1a: Zamazenta
|-damage|p1a: Zamazenta|75/100
|-boost|p2a: Iron Treads|spe|1
|-sideend|p2: Aguila74|Spikes|[from] move: Rapid Spin|[of] p2a: Iron Treads
|-sideend|p2: Aguila74|Stealth Rock|[from] move: Rapid Spin|[of] p2a: Iron Treads
|
|-heal|p2a: Iron Treads|49/100|[from] item: Leftovers
|upkeep
|turn|8
|
|t:|1779905917
|-end|p2a: Iron Treads|Quark Drive|[silent]
|switch|p2a: Primarina|Primarina, F|100/100
|move|p1a: Zamazenta|Ice Fang|p2a: Primarina
|-resisted|p2a: Primarina
|-damage|p2a: Primarina|88/100
|-status|p2a: Primarina|frz
|-damage|p1a: Zamazenta|65/100|[from] item: Life Orb
|
|-heal|p2a: Primarina|94/100 frz|[from] item: Leftovers
|upkeep
|turn|9
|
|t:|1779905921
|move|p1a: Zamazenta|Close Combat|p2a: Primarina
|-resisted|p2a: Primarina
|-damage|p2a: Primarina|62/100 frz
|-unboost|p1a: Zamazenta|def|1
|-unboost|p1a: Zamazenta|spd|1
|-damage|p1a: Zamazenta|55/100|[from] item: Life Orb
|cant|p2a: Primarina|frz
|
|-heal|p2a: Primarina|68/100 frz|[from] item: Leftovers
|upkeep
|turn|10
|
|t:|1779905924
|move|p1a: Zamazenta|Close Combat|p2a: Primarina
|-resisted|p2a: Primarina
|-damage|p2a: Primarina|32/100 frz
|-unboost|p1a: Zamazenta|def|1
|-unboost|p1a: Zamazenta|spd|1
|-damage|p1a: Zamazenta|45/100|[from] item: Life Orb
|cant|p2a: Primarina|frz
|
|-heal|p2a: Primarina|38/100 frz|[from] item: Leftovers
|upkeep
|turn|11
|
|t:|1779905926
|move|p1a: Zamazenta|Close Combat|p2a: Primarina
|-resisted|p2a: Primarina
|-damage|p2a: Primarina|1/100 frz
|-unboost|p1a: Zamazenta|def|1
|-unboost|p1a: Zamazenta|spd|1
|-damage|p1a: Zamazenta|35/100|[from] item: Life Orb
|cant|p2a: Primarina|frz
|
|-heal|p2a: Primarina|7/100 frz|[from] item: Leftovers
|upkeep
|turn|12
|
|t:|1779905927
|move|p1a: Zamazenta|Crunch|p2a: Primarina
|-resisted|p2a: Primarina
|-damage|p2a: Primarina|0 fnt
|faint|p2a: Primarina
|-damage|p1a: Zamazenta|25/100|[from] item: Life Orb
|
|upkeep
|
|t:|1779905930
|switch|p2a: Dragapult|Dragapult, M|100/100
|turn|13
|
|t:|1779905933
|move|p2a: Dragapult|Dragon Dance|p2a: Dragapult
|-boost|p2a: Dragapult|atk|1
|-boost|p2a: Dragapult|spe|1
|move|p1a: Zamazenta|Crunch|p2a: Dragapult
|-supereffective|p2a: Dragapult
|-crit|p2a: Dragapult
|-damage|p2a: Dragapult|0 fnt
|faint|p2a: Dragapult
|-damage|p1a: Zamazenta|16/100|[from] item: Life Orb
|
|upkeep
|
|t:|1779905938
|switch|p2a: Conkeldurr|Conkeldurr, F|100/100
|turn|14
|
|t:|1779905941
|move|p2a: Conkeldurr|Mach Punch|p1a: Zamazenta
|-damage|p1a: Zamazenta|0 fnt
|faint|p1a: Zamazenta
|
|upkeep
|
|t:|1779905943
|switch|p1a: Iron Valiant|Iron Valiant|100/100
|-enditem|p1a: Iron Valiant|Booster Energy
|-activate|p1a: Iron Valiant|ability: Quark Drive|[fromitem]
|-start|p1a: Iron Valiant|quarkdrivespe
|turn|15
|
|t:|1779905945
|switch|p2a: Iron Moth|Iron Moth|100/100
|-enditem|p2a: Iron Moth|Booster Energy
|-activate|p2a: Iron Moth|ability: Quark Drive|[fromitem]
|-start|p2a: Iron Moth|quarkdrivespe
|move|p1a: Iron Valiant|Moonblast|p2a: Iron Moth
|-resisted|p2a: Iron Moth
|-damage|p2a: Iron Moth|89/100
|
|upkeep
|turn|16
|
|t:|1779905946
|move|p1a: Iron Valiant|Destiny Bond|p1a: Iron Valiant
|-singlemove|p1a: Iron Valiant|Destiny Bond
|move|p2a: Iron Moth|Sludge Wave|p1a: Iron Valiant
|-supereffective|p1a: Iron Valiant
|-damage|p1a: Iron Valiant|0 fnt
|faint|p1a: Iron Valiant
|-activate|p1a: Iron Valiant|move: Destiny Bond
|-end|p1a: Iron Valiant|Quark Drive|[silent]
|faint|p2a: Iron Moth
|-end|p2a: Iron Moth|Quark Drive|[silent]
|
|upkeep
|
|t:|1779905952
|switch|p1a: Dragonite|Dragonite, F|100/100
|switch|p2a: Meowscarada|Meowscarada, F|100/100
|turn|17
|
|t:|1779905954
|move|p1a: Dragonite|Extreme Speed|p2a: Meowscarada
|-damage|p2a: Meowscarada|40/100
|-damage|p1a: Dragonite|91/100|[from] item: Life Orb
|move|p2a: Meowscarada|Triple Axel|p1a: Dragonite
|-start|p2a: Meowscarada|typechange|Ice|[from] ability: Protean
|-supereffective|p1a: Dragonite
|-damage|p1a: Dragonite|37/100
|-hitcount|p1a: Dragonite|1
|-damage|p2a: Meowscarada|30/100|[from] item: Life Orb
|
|upkeep
|turn|18
|
|t:|1779905958
|move|p1a: Dragonite|Extreme Speed|p2a: Meowscarada
|-damage|p2a: Meowscarada|0 fnt
|faint|p2a: Meowscarada
|-damage|p1a: Dragonite|27/100|[from] item: Life Orb
|
|upkeep
|
|t:|1779905960
|switch|p2a: Iron Treads|Iron Treads, tera:Ground|49/100
|turn|19
|
|t:|1779905963
|move|p1a: Dragonite|Extreme Speed|p2a: Iron Treads
|-damage|p2a: Iron Treads|9/100
|-damage|p1a: Dragonite|18/100|[from] item: Life Orb
|move|p2a: Iron Treads|Iron Head|p1a: Dragonite
|-damage|p1a: Dragonite|0 fnt
|faint|p1a: Dragonite
|
|-heal|p2a: Iron Treads|15/100|[from] item: Leftovers
|upkeep
|
|t:|1779905964
|switch|p1a: Great Tusk|Great Tusk|100/100
|-enditem|p1a: Great Tusk|Booster Energy
|-activate|p1a: Great Tusk|ability: Protosynthesis|[fromitem]
|-start|p1a: Great Tusk|protosynthesisspe
|turn|20
|
|t:|1779905967
|move|p1a: Great Tusk|Bulk Up|p1a: Great Tusk
|-boost|p1a: Great Tusk|atk|1
|-boost|p1a: Great Tusk|def|1
|move|p2a: Iron Treads|Earthquake|p1a: Great Tusk
|-damage|p1a: Great Tusk|73/100
|
|-heal|p2a: Iron Treads|21/100|[from] item: Leftovers
|upkeep
|turn|21
|
|t:|1779905969
|move|p1a: Great Tusk|Bulk Up|p1a: Great Tusk
|-boost|p1a: Great Tusk|atk|1
|-boost|p1a: Great Tusk|def|1
|move|p2a: Iron Treads|Earthquake|p1a: Great Tusk
|-damage|p1a: Great Tusk|52/100
|
|-heal|p2a: Iron Treads|28/100|[from] item: Leftovers
|upkeep
|turn|22
|
|t:|1779905970
|move|p1a: Great Tusk|Bulk Up|p1a: Great Tusk
|-boost|p1a: Great Tusk|atk|1
|-boost|p1a: Great Tusk|def|1
|move|p2a: Iron Treads|Earthquake|p1a: Great Tusk
|-damage|p1a: Great Tusk|34/100
|
|-heal|p2a: Iron Treads|34/100|[from] item: Leftovers
|upkeep
|turn|23
|
|t:|1779905972
|move|p1a: Great Tusk|Ice Spinner|p2a: Iron Treads
|-supereffective|p2a: Iron Treads
|-damage|p2a: Iron Treads|0 fnt
|faint|p2a: Iron Treads
|-end|p2a: Iron Treads|Quark Drive|[silent]
|
|upkeep
|
|t:|1779905973
|switch|p2a: Conkeldurr|Conkeldurr, F|100/100
|turn|24
|
|t:|1779905976
|move|p1a: Great Tusk|Headlong Rush|p2a: Conkeldurr
|-damage|p2a: Conkeldurr|0 fnt
|-unboost|p1a: Great Tusk|def|1
|-unboost|p1a: Great Tusk|spd|1
|faint|p2a: Conkeldurr
|
|win|itztrip
|raw|itztrip's rating: 1551 &rarr; <strong>1579</strong><br />(+28 for winning)
|raw|Aguila74's rating: 1705 &rarr; <strong>1677</strong><br />(-28 for losing)
|l|☆Aguila74
|player|p2|
|l|☆itztrip
|player|p1|
