|j|☆Josh2a
|j|☆AzuPasMarill
|t:|1779901593
|gametype|singles
|player|p1|Josh2a|hilbert|1162
|player|p2|AzuPasMarill|skyla|1143
|gen|9
|tier|[Gen 9] OU
|rated|
|rule|HP Percentage Mod: HP is shown in percentages
|rule|Endless Battle Clause: Forcing endless battles is banned
|rule|Species Clause: Limit one of each Pokémon
|rule|OHKO Clause: OHKO moves are banned
|rule|Evasion Items Clause: Evasion items are banned
|rule|Evasion Moves Clause: Evasion moves are banned
|rule|Evasion Abilities Clause: Evasion abilities are banned
|rule|Sleep Moves Clause: Sleep-inducing moves are banned
|clearpoke
|poke|p1|Iron Moth|
|poke|p1|Gliscor, F|
|poke|p1|Hatterene, F|
|poke|p1|Ogerpon-Wellspring, F|
|poke|p1|Raging Bolt|
|poke|p1|Zamazenta-*|
|poke|p2|Azumarill, M|
|poke|p2|Kingambit, F|
|poke|p2|Great Tusk|
|poke|p2|Alomomola, M|
|poke|p2|Regieleki|
|poke|p2|Gliscor, F|
|teampreview
|inactive|Battle timer is ON: inactive players will automatically lose when time's up. (requested by Josh2a)
|
|t:|1779901611
|teamsize|p1|6
|teamsize|p2|6
|start
|switch|p1a: Zamazenta|Zamazenta|100/100
|switch|p2a: Snip-Snip|Gliscor, F|100/100
|-ability|p1a: Zamazenta|Dauntless Shield|boost
|-boost|p1a: Zamazenta|def|1
|turn|1
|
|t:|1779901625
|move|p1a: Zamazenta|Reflect|p1a: Zamazenta
|-sidestart|p1: Josh2a|Reflect
|move|p2a: Snip-Snip|Toxic|p1a: Zamazenta
|-status|p1a: Zamazenta|tox
|
|-damage|p1a: Zamazenta|94/100 tox|[from] psn
|-status|p2a: Snip-Snip|tox|[from] item: Toxic Orb
|upkeep
|turn|2
|
|t:|1779901642
|move|p1a: Zamazenta|Ice Fang|p2a: Snip-Snip
|-supereffective|p2a: Snip-Snip
|-damage|p2a: Snip-Snip|56/100 tox
|move|p2a: Snip-Snip|Substitute|p2a: Snip-Snip
|-start|p2a: Snip-Snip|Substitute
|-damage|p2a: Snip-Snip|32/100 tox
|
|-damage|p1a: Zamazenta|82/100 tox|[from] psn
|-heal|p2a: Snip-Snip|44/100 tox|[from] ability: Poison Heal
|upkeep
|turn|3
|
|t:|1779901653
|switch|p1a: Iron Moth|Iron Moth|100/100
|-enditem|p1a: Iron Moth|Booster Energy
|-activate|p1a: Iron Moth|ability: Quark Drive|[fromitem]
|-start|p1a: Iron Moth|quarkdrivespe
|move|p2a: Snip-Snip|Protect||[still]
|-fail|p2a: Snip-Snip
|
|-heal|p2a: Snip-Snip|56/100 tox|[from] ability: Poison Heal
|upkeep
|turn|4
|
|t:|1779901669
|move|p2a: Snip-Snip|Earthquake|p1a: Iron Moth
|-supereffective|p1a: Iron Moth
|-damage|p1a: Iron Moth|3/100
|move|p1a: Iron Moth|Whirlwind|p2a: Snip-Snip
|drag|p2a: Ribery|Great Tusk, shiny|100/100
|
|upkeep
|turn|5
|
|t:|1779901685
|move|p1a: Iron Moth|Fiery Dance|p2a: Ribery
|-damage|p2a: Ribery|37/100
|-boost|p1a: Iron Moth|spa|1
|move|p2a: Ribery|Headlong Rush|p1a: Iron Moth
|-supereffective|p1a: Iron Moth
|-damage|p1a: Iron Moth|0 fnt
|-unboost|p2a: Ribery|def|1
|-unboost|p2a: Ribery|spd|1
|faint|p1a: Iron Moth
|-end|p1a: Iron Moth|Quark Drive|[silent]
|
|upkeep
|
|t:|1779901699
|switch|p1a: Ogerpon|Ogerpon-Wellspring, F|100/100
|turn|6
|
|t:|1779901713
|-end|p2a: Ribery|Protosynthesis|[silent]
|switch|p2a: Zap|Regieleki|100/100
|move|p1a: Ogerpon|Ivy Cudgel|p2a: Zap|[anim] Ivy Cudgel Water
|-damage|p2a: Zap|0 fnt
|faint|p2a: Zap
|
|upkeep
|
|t:|1779901726
|switch|p2a: Snip-Snip|Gliscor, F|56/100 tox
|turn|7
|
|t:|1779901739
|move|p2a: Snip-Snip|Protect|p2a: Snip-Snip
|-singleturn|p2a: Snip-Snip|Protect
|move|p1a: Ogerpon|Ivy Cudgel|p2a: Snip-Snip|[anim] Ivy Cudgel Water
|-activate|p2a: Snip-Snip|move: Protect
|
|-heal|p2a: Snip-Snip|69/100 tox|[from] ability: Poison Heal
|upkeep
|turn|8
|
|t:|1779901750
|move|p1a: Ogerpon|Encore|p2a: Snip-Snip
|-start|p2a: Snip-Snip|Encore
|move|p2a: Snip-Snip|Protect||[still]
|-fail|p2a: Snip-Snip
|
|-heal|p2a: Snip-Snip|81/100 tox|[from] ability: Poison Heal
|-sideend|p1: Josh2a|Reflect
|upkeep
|turn|9
|
|t:|1779901761
|switch|p2a: Chips|Alomomola, M|100/100
|move|p1a: Ogerpon|Swords Dance|p1a: Ogerpon
|-boost|p1a: Ogerpon|atk|2
|
|upkeep
|turn|10
|inactive|AzuPasMarill has 120 seconds left.
|
|t:|1779901785
|move|p1a: Ogerpon|Trailblaze|p2a: Chips
|-supereffective|p2a: Chips
|-damage|p2a: Chips|27/100
|-boost|p1a: Ogerpon|spe|1
|move|p2a: Chips|Wish|p2a: Chips
|
|upkeep
|turn|11
|inactive|AzuPasMarill has 120 seconds left.
|
|t:|1779901809
|move|p2a: Chips|Protect|p2a: Chips
|-singleturn|p2a: Chips|Protect
|move|p1a: Ogerpon|Swords Dance|p1a: Ogerpon
|-boost|p1a: Ogerpon|atk|2
|
|-heal|p2a: Chips|77/100|[from] move: Wish|[wisher] Chips
|upkeep
|turn|12
|
|t:|1779901829
|switch|p2a: Lord Zuko|Kingambit, F|100/100
|-activate|p2a: Lord Zuko|ability: Supreme Overlord
|-start|p2a: Lord Zuko|fallen1|[silent]
|move|p1a: Ogerpon|Trailblaze|p2a: Lord Zuko
|-resisted|p2a: Lord Zuko
|-damage|p2a: Lord Zuko|63/100
|-boost|p1a: Ogerpon|spe|1
|
|-heal|p2a: Lord Zuko|69/100|[from] item: Leftovers
|upkeep
|turn|13
|
|t:|1779901845
|-terastallize|p1a: Ogerpon|Water
|detailschange|p1a: Ogerpon|Ogerpon-Wellspring-Tera, F, tera:Water
|-ability|p1a: Ogerpon|Embody Aspect (Wellspring)|boost
|-boost|p1a: Ogerpon|spd|1
|move|p1a: Ogerpon|Ivy Cudgel|p2a: Lord Zuko|[anim] Ivy Cudgel Water
|-damage|p2a: Lord Zuko|0 fnt
|faint|p2a: Lord Zuko
|-end|p2a: Lord Zuko|fallen1|[silent]
|
|upkeep
|inactive|AzuPasMarill has 90 seconds left.
|
|t:|1779901861
|switch|p2a: Snip-Snip|Gliscor, F|81/100 tox
|turn|14
|
|t:|1779901865
|move|p1a: Ogerpon|Ivy Cudgel|p2a: Snip-Snip|[anim] Ivy Cudgel Water
|-supereffective|p2a: Snip-Snip
|-damage|p2a: Snip-Snip|0 fnt
|faint|p2a: Snip-Snip
|
|upkeep
|-message|AzuPasMarill forfeited.
|
|win|Josh2a
|raw|Josh2a's rating: 1162 &rarr; <strong>1186</strong><br />(+24 for winning)
|raw|AzuPasMarill's rating: 1143 &rarr; <strong>1119</strong><br />(-24 for losing)
|l|☆AzuPasMarill
|player|p2|
