|j|☆idonteatpets
|j|☆fghjk99
|t:|1779799634
|gametype|singles
|player|p1|idonteatpets|101|1377
|player|p2|fghjk99|gambler|1430
|gen|9
|tier|[Gen 9] OU
|rated|
|rule|HP Percentage Mod: HP is shown in percentages
|rule|Endless Battle Clause: Forcing endless battles is banned
|rule|Species Clause: Limit one of each Pokémon
|rule|OHKO Clause: OHKO moves are banned
|rule|Evasion Items Clause: Evasion items are banned
|rule|Evasion Moves Clause: Evasion moves are banned
|rule|Evasion Abilities Clause: Evasion abilities are banned
|rule|Sleep Moves Clause: Sleep-inducing moves are banned
|clearpoke
|poke|p1|Glimmora, F|
|poke|p1|Darkrai|
|poke|p1|Dragonite, M|
|poke|p1|Great Tusk|
|poke|p1|Gholdengo|
|poke|p1|Kingambit, M|
|poke|p2|Sandy Shocks|
|poke|p2|Hydrapple, F|
|poke|p2|Kingambit, M|
|poke|p2|Weavile, F|
|poke|p2|Corviknight, M|
|poke|p2|Heatran, F|
|teampreview
|inactive|Battle timer is ON: inactive players will automatically lose when time's up. (requested by fghjk99)
|
|t:|1779799648
|teamsize|p1|6
|teamsize|p2|6
|start
|switch|p1a: Darkrai|Darkrai|100/100
|switch|p2a: San D Shock|Sandy Shocks, shiny|100/100
|turn|1
|
|t:|1779799656
|-end|p2a: San D Shock|Protosynthesis|[silent]
|switch|p2a: Heatran|Heatran, F|100/100
|move|p1a: Darkrai|Ice Beam|p2a: Heatran
|-resisted|p2a: Heatran
|-crit|p2a: Heatran
|-damage|p2a: Heatran|83/100
|-damage|p1a: Darkrai|91/100|[from] item: Life Orb
|
|upkeep
|turn|2
|
|t:|1779799668
|switch|p2a: Corviknight|Corviknight, M|100/100
|-ability|p2a: Corviknight|Pressure
|move|p1a: Darkrai|Dark Pulse|p2a: Corviknight
|-damage|p2a: Corviknight|43/100
|-damage|p1a: Darkrai|81/100|[from] item: Life Orb
|
|upkeep
|turn|3
|
|t:|1779799686
|switch|p2a: Weavile|Weavile, F|100/100
|-ability|p2a: Weavile|Pressure
|move|p1a: Darkrai|Dark Pulse|p2a: Weavile
|-resisted|p2a: Weavile
|-damage|p2a: Weavile|65/100
|-damage|p1a: Darkrai|71/100|[from] item: Life Orb
|
|upkeep
|turn|4
|inactive|fghjk99 has 120 seconds left.
|
|t:|1779799714
|switch|p1a: Glimmora|Glimmora, F|100/100
|move|p2a: Weavile|Triple Axel|p1a: Glimmora
|-damage|p1a: Glimmora|81/100
|-activate|p1a: Glimmora|ability: Toxic Debris
|-sidestart|p2: fghjk99|move: Toxic Spikes
|-damage|p1a: Glimmora|43/100
|-activate|p1a: Glimmora|ability: Toxic Debris
|-sidestart|p2: fghjk99|move: Toxic Spikes
|-damage|p1a: Glimmora|0 fnt
|faint|p1a: Glimmora
|-hitcount|p1: Glimmora|3
|
|upkeep
|
|t:|1779799732
|switch|p1a: Kingambit|Kingambit, M|100/100
|-activate|p1a: Kingambit|ability: Supreme Overlord
|-start|p1a: Kingambit|fallen1|[silent]
|turn|5
|
|t:|1779799737
|switch|p2a: Corviknight|Corviknight, M|43/100
|-ability|p2a: Corviknight|Pressure
|move|p1a: Kingambit|Iron Head|p2a: Corviknight
|-resisted|p2a: Corviknight
|-damage|p2a: Corviknight|28/100
|-damage|p1a: Kingambit|84/100|[from] item: Rocky Helmet|[of] p2a: Corviknight
|
|upkeep
|turn|6
|
|t:|1779799747
|-end|p1a: Kingambit|fallen1|[silent]
|switch|p1a: Gholdengo|Gholdengo|100/100
|-item|p1a: Gholdengo|Air Balloon
|move|p2a: Corviknight|Roost|p2a: Corviknight
|-heal|p2a: Corviknight|78/100
|-singleturn|p2a: Corviknight|move: Roost
|
|upkeep
|turn|7
|
|t:|1779799755
|move|p1a: Gholdengo|Shadow Ball|p2a: Corviknight
|-damage|p2a: Corviknight|34/100
|move|p2a: Corviknight|U-turn|p1a: Gholdengo
|-resisted|p1a: Gholdengo
|-damage|p1a: Gholdengo|98/100
|-enditem|p1a: Gholdengo|Air Balloon
|
|t:|1779799759
|switch|p2a: Heatran|Heatran, F|83/100|[from] U-turn
|
|upkeep
|turn|8
|
|t:|1779799766
|switch|p1a: Great Tusk|Great Tusk|100/100
|move|p2a: Heatran|Magma Storm|p1a: Great Tusk
|-damage|p1a: Great Tusk|32/100
|-activate|p1a: Great Tusk|move: Magma Storm|[of] p2a: Heatran
|
|-damage|p1a: Great Tusk|19/100|[from] move: Magma Storm|[partiallytrapped]
|upkeep
|turn|9
|
|t:|1779799775
|switch|p2a: Corviknight|Corviknight, M|34/100
|-ability|p2a: Corviknight|Pressure
|move|p1a: Great Tusk|Knock Off|p2a: Corviknight
|-damage|p2a: Corviknight|16/100
|-damage|p1a: Great Tusk|3/100|[from] item: Rocky Helmet|[of] p2a: Corviknight
|-enditem|p2a: Corviknight|Rocky Helmet|[from] move: Knock Off|[of] p1a: Great Tusk
|
|-end|p1a: Great Tusk|Magma Storm|[partiallytrapped]|[silent]
|upkeep
|turn|10
|
|t:|1779799805
|move|p1a: Great Tusk|Ice Fang|p2a: Corviknight
|-damage|p2a: Corviknight|5/100
|move|p2a: Corviknight|Roost|p2a: Corviknight
|-heal|p2a: Corviknight|55/100
|-singleturn|p2a: Corviknight|move: Roost
|
|upkeep
|turn|11
|
|t:|1779799812
|-end|p1a: Great Tusk|Protosynthesis|[silent]
|switch|p1a: Gholdengo|Gholdengo|98/100
|move|p2a: Corviknight|Roost|p2a: Corviknight
|-heal|p2a: Corviknight|100/100
|-singleturn|p2a: Corviknight|move: Roost
|
|upkeep
|turn|12
|
|t:|1779799820
|move|p1a: Gholdengo|Thunder Wave|p2a: Corviknight
|-status|p2a: Corviknight|par
|cant|p2a: Corviknight|par
|
|upkeep
|turn|13
|
|t:|1779799830
|move|p1a: Gholdengo|Shadow Ball|p2a: Corviknight
|-damage|p2a: Corviknight|55/100 par
|move|p2a: Corviknight|U-turn|p1a: Gholdengo
|-resisted|p1a: Gholdengo
|-damage|p1a: Gholdengo|94/100
|
|t:|1779799844
|switch|p2a: Heatran|Heatran, F|83/100|[from] U-turn
|
|upkeep
|turn|14
|
|t:|1779799851
|switch|p1a: Great Tusk|Great Tusk|3/100
|move|p2a: Heatran|Lava Plume|p1a: Great Tusk
|-damage|p1a: Great Tusk|0 fnt
|faint|p1a: Great Tusk
|-end|p1a: Great Tusk|Protosynthesis|[silent]
|
|upkeep
|
|t:|1779799868
|switch|p1a: Dragonite|Dragonite, M|100/100
|turn|15
|
|t:|1779799877
|switch|p2a: Corviknight|Corviknight, M|55/100 par
|-ability|p2a: Corviknight|Pressure
|move|p1a: Dragonite|Dragon Dance|p1a: Dragonite
|-boost|p1a: Dragonite|atk|1
|-boost|p1a: Dragonite|spe|1
|
|upkeep
|turn|16
|
|t:|1779799893
|switch|p1a: Gholdengo|Gholdengo|94/100
|move|p2a: Corviknight|Defog|p1a: Gholdengo
|-immune|p1a: Gholdengo|[from] ability: Good as Gold
|
|upkeep
|turn|17
|
|t:|1779799904
|switch|p2a: San D Shock|Sandy Shocks, shiny|100/100
|-status|p2a: San D Shock|tox
|move|p1a: Gholdengo|Shadow Ball|p2a: San D Shock
|-damage|p2a: San D Shock|41/100 tox
|
|-damage|p2a: San D Shock|35/100 tox|[from] psn
|upkeep
|turn|18
|
|t:|1779799929
|move|p2a: San D Shock|Volt Switch|p1a: Gholdengo
|-damage|p1a: Gholdengo|39/100
|
|t:|1779799932
|-end|p2a: San D Shock|Protosynthesis|[silent]
|switch|p2a: Eats|Hydrapple, F, shiny|100/100|[from] Volt Switch
|-status|p2a: Eats|tox
|move|p1a: Gholdengo|Shadow Ball|p2a: Eats
|-crit|p2a: Eats
|-damage|p2a: Eats|56/100 tox
|
|-damage|p2a: Eats|50/100 tox|[from] psn
|upkeep
|turn|19
|
|t:|1779799956
|move|p1a: Gholdengo|Make It Rain|p2a: Eats
|-damage|p2a: Eats|7/100 tox
|-unboost|p1a: Gholdengo|spa|1
|move|p2a: Eats|Earth Power|p1a: Gholdengo
|-supereffective|p1a: Gholdengo
|-crit|p1a: Gholdengo
|-damage|p1a: Gholdengo|0 fnt
|faint|p1a: Gholdengo
|
|-damage|p2a: Eats|0 fnt|[from] psn
|faint|p2a: Eats
|upkeep
|
|t:|1779799965
|switch|p1a: Darkrai|Darkrai|71/100
|switch|p2a: Corviknight|Corviknight, M|55/100 par
|-ability|p2a: Corviknight|Pressure
|turn|20
|
|t:|1779799973
|move|p1a: Darkrai|Dark Pulse|p2a: Corviknight
|-damage|p2a: Corviknight|3/100 par
|-damage|p1a: Darkrai|61/100|[from] item: Life Orb
|move|p2a: Corviknight|Defog|p1a: Darkrai
|-unboost|p1a: Darkrai|evasion|1
|-sideend|p2: fghjk99|Toxic Spikes|[from] move: Defog|[of] p2a: Corviknight
|
|upkeep
|turn|21
|
|t:|1779799983
|switch|p2a: San D Shock|Sandy Shocks, shiny|35/100 tox
|move|p1a: Darkrai|Nasty Plot|p1a: Darkrai
|-boost|p1a: Darkrai|spa|2
|
|-damage|p2a: San D Shock|28/100 tox|[from] psn
|upkeep
|turn|22
|
|t:|1779799994
|move|p1a: Darkrai|Dark Pulse|p2a: San D Shock
|-damage|p2a: San D Shock|0 fnt
|faint|p2a: San D Shock
|-end|p2a: San D Shock|Protosynthesis|[silent]
|-damage|p1a: Darkrai|51/100|[from] item: Life Orb
|
|upkeep
|
|t:|1779799998
|switch|p2a: Heatran|Heatran, F|83/100
|turn|23
|
|t:|1779800005
|move|p2a: Heatran|Lava Plume|p1a: Darkrai
|-damage|p1a: Darkrai|0 fnt
|faint|p1a: Darkrai
|
|upkeep
|
|t:|1779800010
|switch|p1a: Dragonite|Dragonite, M|100/100
|turn|24
|
|t:|1779800015
|move|p2a: Heatran|Lava Plume|p1a: Dragonite
|-resisted|p1a: Dragonite
|-damage|p1a: Dragonite|89/100
|move|p1a: Dragonite|Dragon Dance|p1a: Dragonite
|-boost|p1a: Dragonite|atk|1
|-boost|p1a: Dragonite|spe|1
|
|upkeep
|turn|25
|
|t:|1779800035
|-terastallize|p2a: Heatran|Fairy
|move|p2a: Heatran|Lava Plume|p1a: Dragonite
|-resisted|p1a: Dragonite
|-damage|p1a: Dragonite|68/100
|move|p1a: Dragonite|Dragon Dance|p1a: Dragonite
|-boost|p1a: Dragonite|atk|1
|-boost|p1a: Dragonite|spe|1
|
|upkeep
|turn|26
|
|t:|1779800040
|move|p1a: Dragonite|Roost|p1a: Dragonite
|-heal|p1a: Dragonite|100/100
|-singleturn|p1a: Dragonite|move: Roost
|move|p2a: Heatran|Lava Plume|p1a: Dragonite
|-resisted|p1a: Dragonite
|-damage|p1a: Dragonite|89/100
|
|upkeep
|turn|27
|
|t:|1779800045
|move|p1a: Dragonite|Dragon Dance|p1a: Dragonite
|-boost|p1a: Dragonite|atk|1
|-boost|p1a: Dragonite|spe|1
|move|p2a: Heatran|Lava Plume|p1a: Dragonite
|-resisted|p1a: Dragonite
|-damage|p1a: Dragonite|67/100
|
|upkeep
|turn|28
|
|t:|1779800047
|move|p1a: Dragonite|Dragon Dance|p1a: Dragonite
|-boost|p1a: Dragonite|atk|1
|-boost|p1a: Dragonite|spe|1
|move|p2a: Heatran|Lava Plume|p1a: Dragonite
|-resisted|p1a: Dragonite
|-damage|p1a: Dragonite|46/100
|
|upkeep
|turn|29
|
|t:|1779800050
|move|p1a: Dragonite|Roost|p1a: Dragonite
|-heal|p1a: Dragonite|96/100
|-singleturn|p1a: Dragonite|move: Roost
|move|p2a: Heatran|Lava Plume|p1a: Dragonite
|-resisted|p1a: Dragonite
|-damage|p1a: Dragonite|75/100
|
|upkeep
|turn|30
|
|t:|1779800064
|move|p1a: Dragonite|Earthquake|p2a: Heatran
|-damage|p2a: Heatran|0 fnt
|faint|p2a: Heatran
|
|upkeep
|
|t:|1779800068
|switch|p2a: Kingambit|Kingambit, M, shiny|100/100
|-activate|p2a: Kingambit|ability: Supreme Overlord
|-start|p2a: Kingambit|fallen3|[silent]
|turn|31
|
|t:|1779800072
|-end|p2a: Kingambit|fallen3|[silent]
|switch|p2a: Corviknight|Corviknight, M|3/100 par
|-ability|p2a: Corviknight|Pressure
|move|p1a: Dragonite|Roost|p1a: Dragonite
|-heal|p1a: Dragonite|100/100
|-singleturn|p1a: Dragonite|move: Roost
|
|upkeep
|turn|32
|
|t:|1779800076
|move|p1a: Dragonite|Extreme Speed|p2a: Corviknight
|-resisted|p2a: Corviknight
|-damage|p2a: Corviknight|0 fnt
|faint|p2a: Corviknight
|
|upkeep
|
|t:|1779800081
|switch|p2a: Weavile|Weavile, F|65/100
|-ability|p2a: Weavile|Pressure
|turn|33
|
|t:|1779800086
|move|p1a: Dragonite|Extreme Speed|p2a: Weavile
|-damage|p2a: Weavile|0 fnt
|faint|p2a: Weavile
|
|upkeep
|
|t:|1779800088
|switch|p2a: Kingambit|Kingambit, M, shiny|100/100
|-activate|p2a: Kingambit|ability: Supreme Overlord
|-start|p2a: Kingambit|fallen5|[silent]
|turn|34
|
|t:|1779800094
|move|p1a: Dragonite|Earthquake|p2a: Kingambit
|-supereffective|p2a: Kingambit
|-damage|p2a: Kingambit|0 fnt
|faint|p2a: Kingambit
|-end|p2a: Kingambit|fallen5|[silent]
|
|win|idonteatpets
|raw|idonteatpets's rating: 1377 &rarr; <strong>1400</strong><br />(+23 for winning)
|raw|fghjk99's rating: 1430 &rarr; <strong>1407</strong><br />(-23 for losing)
|c|☆idonteatpets|gg
|l|☆fghjk99
|player|p2|
