|j|☆klopkik
|j|☆Bigger Yeagle
|t:|1779903689
|gametype|singles
|player|p1|klopkik|101|1557
|player|p2|Bigger Yeagle|1|1496
|gen|9
|tier|[Gen 9] OU
|rated|
|rule|HP Percentage Mod: HP is shown in percentages
|rule|Endless Battle Clause: Forcing endless battles is banned
|rule|Species Clause: Limit one of each Pokémon
|rule|OHKO Clause: OHKO moves are banned
|rule|Evasion Items Clause: Evasion items are banned
|rule|Evasion Moves Clause: Evasion moves are banned
|rule|Evasion Abilities Clause: Evasion abilities are banned
|rule|Sleep Moves Clause: Sleep-inducing moves are banned
|clearpoke
|poke|p1|Ursaluna, M|
|poke|p1|Corviknight, F|
|poke|p1|Toxapex, F|
|poke|p1|Heatran, M|
|poke|p1|Hydreigon, M|
|poke|p1|Hatterene, F|
|poke|p2|Regieleki|
|poke|p2|Raging Bolt|
|poke|p2|Hatterene, F|
|poke|p2|Ogerpon-Wellspring, F|
|poke|p2|Iron Crown|
|poke|p2|Ting-Lu|
|teampreview
|
|t:|1779903707
|teamsize|p1|6
|teamsize|p2|6
|start
|switch|p1a: Corviknight|Corviknight, F|100/100
|switch|p2a: Ogerpon|Ogerpon-Wellspring, F|100/100
|-ability|p1a: Corviknight|Pressure
|turn|1
|inactive|Battle timer is ON: inactive players will automatically lose when time's up. (requested by klopkik)
|
|t:|1779903727
|switch|p2a: Iron Crown|Iron Crown|100/100
|move|p1a: Corviknight|U-turn|p2a: Iron Crown
|-damage|p2a: Iron Crown|84/100
|
|t:|1779903751
|switch|p1a: Hydreigon|Hydreigon, M|100/100|[from] U-turn
|
|upkeep
|turn|2
|
|t:|1779903767
|switch|p1a: Hatterene|Hatterene, F|100/100
|-end|p2a: Iron Crown|Quark Drive|[silent]
|switch|p2a: Ting-Lu|Ting-Lu|100/100
|-ability|p2a: Ting-Lu|Vessel of Ruin
|
|upkeep
|turn|3
|
|t:|1779903777
|move|p2a: Ting-Lu|Ruination|p1a: Hatterene
|-damage|p1a: Hatterene|50/100
|move|p1a: Hatterene|Calm Mind|p1a: Hatterene
|-boost|p1a: Hatterene|spa|1
|-boost|p1a: Hatterene|spd|1
|
|-heal|p1a: Hatterene|56/100|[from] item: Leftovers
|upkeep
|turn|4
|
|t:|1779903785
|switch|p2a: Iron Crown|Iron Crown|84/100
|move|p1a: Hatterene|Pain Split|p2a: Iron Crown
|-sethp|p2a: Iron Crown|70/100|[from] move: Pain Split|[silent]
|-sethp|p1a: Hatterene|71/100|[from] move: Pain Split
|
|-heal|p1a: Hatterene|77/100|[from] item: Leftovers
|upkeep
|turn|5
|
|t:|1779903795
|switch|p1a: Toxapex|Toxapex, F|100/100
|move|p2a: Iron Crown|Tachyon Cutter|p1a: Toxapex
|-resisted|p1a: Toxapex
|-damage|p1a: Toxapex|93/100
|-resisted|p1a: Toxapex
|-damage|p1a: Toxapex|85/100
|-hitcount|p1a: Toxapex|2
|-enditem|p1a: Toxapex|Eject Button
|inactive|klopkik has 120 seconds left.
|
|t:|1779903846
|switch|p1a: Ursaluna|Ursaluna, M|100/100
|
|-status|p1a: Ursaluna|brn|[from] item: Flame Orb
|upkeep
|turn|6
|
|t:|1779903858
|-end|p2a: Iron Crown|Quark Drive|[silent]
|switch|p2a: Ting-Lu|Ting-Lu|100/100
|-ability|p2a: Ting-Lu|Vessel of Ruin
|move|p1a: Ursaluna|Headlong Rush|p2a: Ting-Lu
|-damage|p2a: Ting-Lu|52/100
|-unboost|p1a: Ursaluna|def|1
|-unboost|p1a: Ursaluna|spd|1
|
|-heal|p2a: Ting-Lu|58/100|[from] item: Leftovers
|-damage|p1a: Ursaluna|94/100 brn|[from] brn
|upkeep
|turn|7
|
|t:|1779903872
|switch|p1a: Hatterene|Hatterene, F|77/100
|move|p2a: Ting-Lu|Earthquake|p1a: Hatterene
|-damage|p1a: Hatterene|46/100
|
|-heal|p2a: Ting-Lu|65/100|[from] item: Leftovers
|-heal|p1a: Hatterene|52/100|[from] item: Leftovers
|upkeep
|turn|8
|
|t:|1779903886
|switch|p2a: Iron Crown|Iron Crown|70/100
|move|p1a: Hatterene|Pain Split|p2a: Iron Crown
|-sethp|p2a: Iron Crown|61/100|[from] move: Pain Split|[silent]
|-sethp|p1a: Hatterene|61/100|[from] move: Pain Split
|
|-heal|p1a: Hatterene|67/100|[from] item: Leftovers
|upkeep
|turn|9
|inactive|klopkik has 90 seconds left.
|
|t:|1779903902
|switch|p1a: Heatran|Heatran, M|100/100
|-item|p1a: Heatran|Air Balloon
|move|p2a: Iron Crown|Volt Switch|p1a: Heatran
|-damage|p1a: Heatran|85/100
|-enditem|p1a: Heatran|Air Balloon
|
|t:|1779903906
|-end|p2a: Iron Crown|Quark Drive|[silent]
|switch|p2a: Ogerpon|Ogerpon-Wellspring, F|100/100|[from] Volt Switch
|
|upkeep
|turn|10
|
|t:|1779903913
|switch|p1a: Corviknight|Corviknight, F|100/100
|-ability|p1a: Corviknight|Pressure
|move|p2a: Ogerpon|U-turn|p1a: Corviknight
|-resisted|p1a: Corviknight
|-damage|p1a: Corviknight|96/100
|-damage|p2a: Ogerpon|84/100|[from] item: Rocky Helmet|[of] p1a: Corviknight
|
|t:|1779903921
|switch|p2a: Raging Bolt|Raging Bolt|100/100|[from] U-turn
|
|upkeep
|turn|11
|
|t:|1779903945
|switch|p1a: Heatran|Heatran, M|85/100
|move|p2a: Raging Bolt|Volt Switch|p1a: Heatran
|-damage|p1a: Heatran|48/100
|
|t:|1779903952
|-end|p2a: Raging Bolt|Protosynthesis|[silent]
|switch|p2a: Ogerpon|Ogerpon-Wellspring, F|84/100|[from] Volt Switch
|
|upkeep
|turn|12
|
|t:|1779903960
|switch|p1a: Corviknight|Corviknight, F|96/100
|-ability|p1a: Corviknight|Pressure
|move|p2a: Ogerpon|U-turn|p1a: Corviknight
|-resisted|p1a: Corviknight
|-crit|p1a: Corviknight
|-damage|p1a: Corviknight|90/100
|-damage|p2a: Ogerpon|67/100|[from] item: Rocky Helmet|[of] p1a: Corviknight
|
|t:|1779903966
|switch|p2a: Raging Bolt|Raging Bolt|100/100|[from] U-turn
|
|upkeep
|turn|13
|
|t:|1779903972
|move|p2a: Raging Bolt|Draco Meteor|p1a: Corviknight
|-resisted|p1a: Corviknight
|-damage|p1a: Corviknight|36/100
|-unboost|p2a: Raging Bolt|spa|2
|move|p1a: Corviknight|Roost|p1a: Corviknight
|-heal|p1a: Corviknight|86/100
|-singleturn|p1a: Corviknight|move: Roost
|
|upkeep
|turn|14
|
|t:|1779903976
|-end|p2a: Raging Bolt|Protosynthesis|[silent]
|switch|p2a: Iron Crown|Iron Crown|61/100
|move|p1a: Corviknight|U-turn|p2a: Iron Crown
|-damage|p2a: Iron Crown|44/100
|inactive|klopkik has 120 seconds left.
|
|t:|1779903988
|switch|p1a: Ursaluna|Ursaluna, M|94/100 brn|[from] U-turn
|
|-damage|p1a: Ursaluna|88/100 brn|[from] brn
|upkeep
|turn|15
|
|t:|1779903994
|-end|p2a: Iron Crown|Quark Drive|[silent]
|switch|p2a: Hatterene|Hatterene, F|100/100
|move|p1a: Ursaluna|Facade|p2a: Hatterene
|-damage|p2a: Hatterene|0 fnt
|-damage|p1a: Ursaluna|71/100 brn|[from] item: Rocky Helmet|[of] p2a: Hatterene
|faint|p2a: Hatterene
|
|-damage|p1a: Ursaluna|65/100 brn|[from] brn
|upkeep
|
|t:|1779904000
|switch|p2a: Ogerpon|Ogerpon-Wellspring, F|67/100
|turn|16
|
|t:|1779904005
|switch|p1a: Corviknight|Corviknight, F|86/100
|-ability|p1a: Corviknight|Pressure
|move|p2a: Ogerpon|Ivy Cudgel|p1a: Corviknight|[anim] Ivy Cudgel Water
|-damage|p1a: Corviknight|53/100
|
|upkeep
|turn|17
|
|t:|1779904014
|switch|p2a: Iron Crown|Iron Crown|44/100
|move|p1a: Corviknight|Roost|p1a: Corviknight
|-heal|p1a: Corviknight|100/100
|-singleturn|p1a: Corviknight|move: Roost
|
|upkeep
|turn|18
|
|t:|1779904022
|move|p2a: Iron Crown|Volt Switch|p1a: Corviknight
|-supereffective|p1a: Corviknight
|-damage|p1a: Corviknight|54/100
|
|t:|1779904027
|-end|p2a: Iron Crown|Quark Drive|[silent]
|switch|p2a: Raging Bolt|Raging Bolt|100/100|[from] Volt Switch
|move|p1a: Corviknight|Roost|p1a: Corviknight
|-heal|p1a: Corviknight|100/100
|-singleturn|p1a: Corviknight|move: Roost
|
|upkeep
|turn|19
|
|t:|1779904049
|-end|p2a: Raging Bolt|Protosynthesis|[silent]
|switch|p2a: Ogerpon|Ogerpon-Wellspring, F|67/100
|switch|p1a: Heatran|Heatran, M|48/100
|
|upkeep
|turn|20
|
|t:|1779904057
|switch|p1a: Corviknight|Corviknight, F|100/100
|-ability|p1a: Corviknight|Pressure
|move|p2a: Ogerpon|Ivy Cudgel|p1a: Corviknight|[anim] Ivy Cudgel Water
|-damage|p1a: Corviknight|65/100
|
|upkeep
|turn|21
|
|t:|1779904069
|switch|p2a: Iron Crown|Iron Crown|44/100
|move|p1a: Corviknight|U-turn|p2a: Iron Crown
|-damage|p2a: Iron Crown|29/100
|
|t:|1779904091
|switch|p1a: Hydreigon|Hydreigon, M|100/100|[from] U-turn
|
|upkeep
|turn|22
|
|t:|1779904099
|-end|p2a: Iron Crown|Quark Drive|[silent]
|switch|p2a: Ting-Lu|Ting-Lu|65/100
|-ability|p2a: Ting-Lu|Vessel of Ruin
|move|p1a: Hydreigon|Draco Meteor|p2a: Ting-Lu
|-damage|p2a: Ting-Lu|0 fnt
|-unboost|p1a: Hydreigon|spa|2
|faint|p2a: Ting-Lu
|
|upkeep
|
|t:|1779904108
|switch|p2a: Ogerpon|Ogerpon-Wellspring, F|67/100
|turn|23
|
|t:|1779904119
|switch|p1a: Heatran|Heatran, M|48/100
|move|p2a: Ogerpon|Ivy Cudgel|p1a: Heatran|[anim] Ivy Cudgel Water
|-supereffective|p1a: Heatran
|-damage|p1a: Heatran|0 fnt
|faint|p1a: Heatran
|
|upkeep
|
|t:|1779904128
|switch|p1a: Corviknight|Corviknight, F|65/100
|-ability|p1a: Corviknight|Pressure
|turn|24
|
|t:|1779904136
|move|p2a: Ogerpon|Ivy Cudgel|p1a: Corviknight|[anim] Ivy Cudgel Water
|-damage|p1a: Corviknight|31/100
|move|p1a: Corviknight|U-turn|p2a: Ogerpon
|-supereffective|p2a: Ogerpon
|-damage|p2a: Ogerpon|30/100
|
|t:|1779904146
|switch|p1a: Toxapex|Toxapex, F|100/100|[from] U-turn
|
|upkeep
|turn|25
|
|t:|1779904151
|switch|p2a: Iron Crown|Iron Crown|29/100
|move|p1a: Toxapex|Toxic Spikes|p2a: Iron Crown
|-sidestart|p2: Bigger Yeagle|move: Toxic Spikes
|
|upkeep
|turn|26
|
|t:|1779904160
|move|p2a: Iron Crown|Psychic Noise|p1a: Toxapex
|-supereffective|p1a: Toxapex
|-damage|p1a: Toxapex|56/100
|-start|p1a: Toxapex|move: Heal Block
|cant|p1a: Toxapex|move: Heal Block|Recover
|
|upkeep
|turn|27
|
|t:|1779904168
|switch|p1a: Hydreigon|Hydreigon, M|100/100
|move|p2a: Iron Crown|Psychic Noise|p1a: Hydreigon
|-immune|p1a: Hydreigon
|
|upkeep
|turn|28
|
|t:|1779904175
|move|p2a: Iron Crown|Focus Blast|p1a: Hydreigon|[miss]
|-miss|p2a: Iron Crown|p1a: Hydreigon
|move|p1a: Hydreigon|Dark Pulse|p2a: Iron Crown
|-supereffective|p2a: Iron Crown
|-damage|p2a: Iron Crown|0 fnt
|faint|p2a: Iron Crown
|-end|p2a: Iron Crown|Quark Drive|[silent]
|
|upkeep
|
|t:|1779904179
|switch|p2a: Ogerpon|Ogerpon-Wellspring, F|30/100
|-status|p2a: Ogerpon|psn
|turn|29
|
|t:|1779904189
|switch|p1a: Toxapex|Toxapex, F|90/100
|move|p2a: Ogerpon|Ivy Cudgel|p1a: Toxapex|[anim] Ivy Cudgel Water
|-resisted|p1a: Toxapex
|-damage|p1a: Toxapex|68/100
|
|-damage|p2a: Ogerpon|18/100 psn|[from] psn
|upkeep
|turn|30
|
|t:|1779904195
|switch|p2a: Raging Bolt|Raging Bolt|100/100
|-status|p2a: Raging Bolt|psn
|move|p1a: Toxapex|Recover|p1a: Toxapex
|-heal|p1a: Toxapex|100/100
|
|-damage|p2a: Raging Bolt|88/100 psn|[from] psn
|upkeep
|turn|31
|
|t:|1779904204
|-terastallize|p1a: Toxapex|Fairy
|move|p2a: Raging Bolt|Volt Switch|p1a: Toxapex
|-crit|p1a: Toxapex
|-damage|p1a: Toxapex|37/100
|
|t:|1779904209
|-end|p2a: Raging Bolt|Protosynthesis|[silent]
|switch|p2a: Ogerpon|Ogerpon-Wellspring, F|18/100 psn|[from] Volt Switch
|move|p1a: Toxapex|Recover|p1a: Toxapex
|-heal|p1a: Toxapex|87/100
|
|-damage|p2a: Ogerpon|5/100 psn|[from] psn
|upkeep
|turn|32
|
|t:|1779904215
|switch|p1a: Corviknight|Corviknight, F|31/100
|-ability|p1a: Corviknight|Pressure
|move|p2a: Ogerpon|Ivy Cudgel|p1a: Corviknight|[anim] Ivy Cudgel Water
|-crit|p1a: Corviknight
|-damage|p1a: Corviknight|0 fnt
|faint|p1a: Corviknight
|
|-damage|p2a: Ogerpon|0 fnt|[from] psn
|faint|p2a: Ogerpon
|upkeep
|
|t:|1779904227
|switch|p2a: Raging Bolt|Raging Bolt|88/100 psn
|switch|p1a: Toxapex|Toxapex, F, tera:Fairy|100/100
|turn|33
|
|t:|1779904231
|move|p2a: Raging Bolt|Draco Meteor|p1a: Toxapex
|-immune|p1a: Toxapex
|move|p1a: Toxapex|Recover||[still]
|-fail|p1a: Toxapex|heal
|
|-damage|p2a: Raging Bolt|76/100 psn|[from] psn
|upkeep
|turn|34
|
|t:|1779904236
|-end|p2a: Raging Bolt|Protosynthesis|[silent]
|switch|p2a: Regieleki|Regieleki|100/100
|-status|p2a: Regieleki|psn
|move|p1a: Toxapex|Toxic|p2a: Regieleki|[miss]
|-miss|p1a: Toxapex|p2a: Regieleki
|
|-damage|p2a: Regieleki|88/100 psn|[from] psn
|upkeep
|turn|35
|
|t:|1779904243
|switch|p2a: Raging Bolt|Raging Bolt|76/100 psn
|switch|p1a: Ursaluna|Ursaluna, M|65/100 brn
|
|-damage|p2a: Raging Bolt|63/100 psn|[from] psn
|-damage|p1a: Ursaluna|59/100 brn|[from] brn
|upkeep
|turn|36
|
|t:|1779904248
|switch|p1a: Toxapex|Toxapex, F, tera:Fairy|100/100
|move|p2a: Raging Bolt|Volt Switch|p1a: Toxapex
|-damage|p1a: Toxapex|59/100
|
|t:|1779904250
|-end|p2a: Raging Bolt|Protosynthesis|[silent]
|switch|p2a: Regieleki|Regieleki|88/100 psn|[from] Volt Switch
|
|-damage|p2a: Regieleki|76/100 psn|[from] psn
|upkeep
|turn|37
|
|t:|1779904257
|switch|p1a: Ursaluna|Ursaluna, M|59/100 brn
|move|p2a: Regieleki|Volt Switch|p1a: Ursaluna
|-immune|p1a: Ursaluna
|
|-damage|p2a: Regieleki|64/100 psn|[from] psn
|-damage|p1a: Ursaluna|53/100 brn|[from] brn
|upkeep
|turn|38
|-message|Bigger Yeagle forfeited.
|
|win|klopkik
|raw|klopkik's rating: 1557 &rarr; <strong>1574</strong><br />(+17 for winning)
|raw|Bigger Yeagle's rating: 1496 &rarr; <strong>1479</strong><br />(-17 for losing)
|l|☆Bigger Yeagle
|player|p2|
|l|☆klopkik
|player|p1|
