|j|☆blabab
|j|☆tb poke
|t:|1779883598
|gametype|singles
|player|p1|blabab|miku-ground|1528
|player|p2|tb poke|101|1557
|gen|9
|tier|[Gen 9] OU
|rated|
|rule|HP Percentage Mod: HP is shown in percentages
|rule|Endless Battle Clause: Forcing endless battles is banned
|rule|Species Clause: Limit one of each Pokémon
|rule|OHKO Clause: OHKO moves are banned
|rule|Evasion Items Clause: Evasion items are banned
|rule|Evasion Moves Clause: Evasion moves are banned
|rule|Evasion Abilities Clause: Evasion abilities are banned
|rule|Sleep Moves Clause: Sleep-inducing moves are banned
|clearpoke
|poke|p1|Kingambit, M|
|poke|p1|Primarina, F|
|poke|p1|Araquanid, F|
|poke|p1|Blaziken, M|
|poke|p1|Thundurus-Therian, M|
|poke|p1|Iron Thorns|
|poke|p2|Dragonite, F|
|poke|p2|Hatterene, F|
|poke|p2|Samurott-Hisui, F|
|poke|p2|Great Tusk|
|poke|p2|Gholdengo|
|poke|p2|Iron Moth|
|teampreview
|inactive|Battle timer is ON: inactive players will automatically lose when time's up. (requested by blabab)
|
|t:|1779883608
|teamsize|p1|6
|teamsize|p2|6
|start
|switch|p1a: Blaziken|Blaziken, M|100/100
|switch|p2a: Hatterene|Hatterene, F|100/100
|turn|1
|
|t:|1779883612
|move|p1a: Blaziken|Flare Blitz|p2a: Hatterene
|-damage|p2a: Hatterene|31/100
|-damage|p1a: Blaziken|76/100|[from] Recoil
|move|p2a: Hatterene|Calm Mind|p2a: Hatterene
|-boost|p2a: Hatterene|spa|1
|-boost|p2a: Hatterene|spd|1
|
|-heal|p2a: Hatterene|37/100|[from] item: Leftovers
|-ability|p1a: Blaziken|Speed Boost|boost
|-boost|p1a: Blaziken|spe|1
|upkeep
|turn|2
|inactive|tb poke has 120 seconds left.
|
|t:|1779883646
|-terastallize|p2a: Hatterene|Water
|move|p1a: Blaziken|Flare Blitz|p2a: Hatterene
|-resisted|p2a: Hatterene
|-damage|p2a: Hatterene|0 fnt
|faint|p2a: Hatterene
|-damage|p1a: Blaziken|63/100|[from] Recoil
|
|-ability|p1a: Blaziken|Speed Boost|boost
|-boost|p1a: Blaziken|spe|1
|upkeep
|inactive|tb poke has 120 seconds left.
|
|t:|1779883653
|switch|p2a: Great Tusk|Great Tusk|100/100
|turn|3
|
|t:|1779883659
|move|p1a: Blaziken|Flare Blitz|p2a: Great Tusk
|-damage|p2a: Great Tusk|46/100
|-damage|p1a: Blaziken|47/100|[from] item: Rocky Helmet|[of] p2a: Great Tusk
|-damage|p1a: Blaziken|21/100|[from] Recoil
|move|p2a: Great Tusk|Stealth Rock|p1a: Blaziken
|-sidestart|p1: blabab|move: Stealth Rock
|
|-ability|p1a: Blaziken|Speed Boost|boost
|-boost|p1a: Blaziken|spe|1
|upkeep
|turn|4
|
|t:|1779883668
|move|p1a: Blaziken|Flare Blitz|p2a: Great Tusk
|-damage|p2a: Great Tusk|0 fnt
|-damage|p1a: Blaziken|4/100|[from] item: Rocky Helmet|[of] p2a: Great Tusk
|faint|p2a: Great Tusk
|-end|p2a: Great Tusk|Protosynthesis|[silent]
|-damage|p1a: Blaziken|0 fnt|[from] Recoil
|faint|p1a: Blaziken
|
|upkeep
|
|t:|1779883677
|switch|p2a: Dragonite|Dragonite, F|100/100
|switch|p1a: Araquanid|Araquanid, F|100/100
|-damage|p1a: Araquanid|76/100|[from] Stealth Rock
|turn|5
|
|t:|1779883680
|move|p2a: Dragonite|Dragon Dance|p2a: Dragonite
|-boost|p2a: Dragonite|atk|1
|-boost|p2a: Dragonite|spe|1
|move|p1a: Araquanid|Pounce|p2a: Dragonite
|-resisted|p2a: Dragonite
|-damage|p2a: Dragonite|97/100
|-unboost|p2a: Dragonite|spe|1
|
|upkeep
|turn|6
|l|☆blabab
|inactive|blabab disconnected and has a minute to reconnect!
|player|p1|
|j|☆blabab
|inactive|blabab reconnected and has 140 seconds left.
|player|p1|blabab|miku-ground|
|
|t:|1779883692
|move|p2a: Dragonite|Dragon Dance|p2a: Dragonite
|-boost|p2a: Dragonite|atk|1
|-boost|p2a: Dragonite|spe|1
|move|p1a: Araquanid|Pounce|p2a: Dragonite
|-resisted|p2a: Dragonite
|-damage|p2a: Dragonite|89/100
|-unboost|p2a: Dragonite|spe|1
|
|upkeep
|turn|7
|
|t:|1779883697
|move|p2a: Dragonite|Dragon Dance|p2a: Dragonite
|-boost|p2a: Dragonite|atk|1
|-boost|p2a: Dragonite|spe|1
|move|p1a: Araquanid|Pounce|p2a: Dragonite
|-resisted|p2a: Dragonite
|-damage|p2a: Dragonite|83/100
|-unboost|p2a: Dragonite|spe|1
|
|upkeep
|turn|8
|
|t:|1779883700
|move|p2a: Dragonite|Scale Shot|p1a: Araquanid|[miss]
|-miss|p2a: Dragonite|p1a: Araquanid
|move|p1a: Araquanid|Pounce|p2a: Dragonite
|-resisted|p2a: Dragonite
|-damage|p2a: Dragonite|75/100
|-unboost|p2a: Dragonite|spe|1
|
|upkeep
|turn|9
|
|t:|1779883705
|switch|p1a: Primarina|Primarina, F|100/100
|-damage|p1a: Primarina|88/100|[from] Stealth Rock
|move|p2a: Dragonite|Scale Shot|p1a: Primarina
|-immune|p1a: Primarina
|
|upkeep
|turn|10
|
|t:|1779883710
|switch|p2a: Gholdengo|Gholdengo|100/100
|move|p1a: Primarina|Moonblast|p2a: Gholdengo
|-resisted|p2a: Gholdengo
|-damage|p2a: Gholdengo|56/100
|
|upkeep
|turn|11
|
|t:|1779883720
|switch|p1a: Araquanid|Araquanid, F|76/100
|-damage|p1a: Araquanid|51/100|[from] Stealth Rock
|move|p2a: Gholdengo|Trick|p1a: Araquanid
|-activate|p2a: Gholdengo|move: Trick|[of] p1a: Araquanid
|-item|p1a: Araquanid|Choice Scarf|[from] move: Trick
|-item|p2a: Gholdengo|Custap Berry|[from] move: Trick
|
|upkeep
|turn|12
|
|t:|1779883729
|switch|p2a: Iron Moth|Iron Moth|100/100
|-enditem|p2a: Iron Moth|Booster Energy
|-activate|p2a: Iron Moth|ability: Quark Drive|[fromitem]
|-start|p2a: Iron Moth|quarkdrivespe
|move|p1a: Araquanid|Surf|p2a: Iron Moth
|-supereffective|p2a: Iron Moth
|-damage|p2a: Iron Moth|0 fnt
|faint|p2a: Iron Moth
|-end|p2a: Iron Moth|Quark Drive|[silent]
|
|upkeep
|
|t:|1779883732
|switch|p2a: Samurott|Samurott-Hisui, F|100/100
|turn|13
|
|t:|1779883735
|move|p2a: Samurott|Ceaseless Edge|p1a: Araquanid
|-damage|p1a: Araquanid|6/100
|-sidestart|p1: blabab|Spikes
|move|p1a: Araquanid|Surf|p2a: Samurott
|-resisted|p2a: Samurott
|-damage|p2a: Samurott|82/100
|
|upkeep
|turn|14
|
|t:|1779883740
|move|p2a: Samurott|Ceaseless Edge|p1a: Araquanid
|-damage|p1a: Araquanid|0 fnt
|-sidestart|p1: blabab|Spikes
|faint|p1a: Araquanid
|
|upkeep
|
|t:|1779883744
|switch|p1a: Thundurus|Thundurus-Therian, M|100/100
|turn|15
|
|t:|1779883748
|switch|p2a: Gholdengo|Gholdengo|56/100
|move|p1a: Thundurus|Thunderbolt|p2a: Gholdengo
|-damage|p2a: Gholdengo|0 fnt
|faint|p2a: Gholdengo
|
|upkeep
|
|t:|1779883749
|switch|p2a: Dragonite|Dragonite, F|75/100
|turn|16
|
|t:|1779883754
|move|p1a: Thundurus|Thunderbolt|p2a: Dragonite
|-damage|p2a: Dragonite|15/100
|move|p2a: Dragonite|Dragon Dance|p2a: Dragonite
|-boost|p2a: Dragonite|atk|1
|-boost|p2a: Dragonite|spe|1
|
|upkeep
|turn|17
|
|t:|1779883762
|move|p2a: Dragonite|Scale Shot|p1a: Thundurus
|-damage|p1a: Thundurus|64/100
|-damage|p1a: Thundurus|31/100
|-damage|p1a: Thundurus|0 fnt
|faint|p1a: Thundurus
|-hitcount|p1: Thundurus|3
|-unboost|p2a: Dragonite|def|1
|-boost|p2a: Dragonite|spe|1
|
|upkeep
|
|t:|1779883764
|switch|p1a: Kingambit|Kingambit, M|100/100
|-damage|p1a: Kingambit|94/100|[from] Stealth Rock
|-damage|p1a: Kingambit|78/100|[from] Spikes
|-activate|p1a: Kingambit|ability: Supreme Overlord
|-start|p1a: Kingambit|fallen3|[silent]
|turn|18
|
|t:|1779883767
|move|p2a: Dragonite|Dragon Dance|p2a: Dragonite
|-boost|p2a: Dragonite|atk|1
|-boost|p2a: Dragonite|spe|1
|move|p1a: Kingambit|Kowtow Cleave|p2a: Dragonite
|-damage|p2a: Dragonite|0 fnt
|faint|p2a: Dragonite
|
|-heal|p1a: Kingambit|84/100|[from] item: Leftovers
|upkeep
|
|t:|1779883769
|switch|p2a: Samurott|Samurott-Hisui, F|82/100
|turn|19
|
|t:|1779883773
|move|p2a: Samurott|Razor Shell|p1a: Kingambit
|-damage|p1a: Kingambit|45/100
|move|p1a: Kingambit|Low Kick|p2a: Samurott
|-supereffective|p2a: Samurott
|-damage|p2a: Samurott|4/100
|
|-heal|p1a: Kingambit|51/100|[from] item: Leftovers
|upkeep
|turn|20
|
|t:|1779883776
|move|p1a: Kingambit|Sucker Punch|p2a: Samurott
|-resisted|p2a: Samurott
|-damage|p2a: Samurott|0 fnt
|faint|p2a: Samurott
|
|win|blabab
|raw|blabab's rating: 1528 &rarr; <strong>1550</strong><br />(+22 for winning)
|raw|tb poke's rating: 1557 &rarr; <strong>1535</strong><br />(-22 for losing)
|l|☆blabab
|player|p1|
|l|☆tb poke
|player|p2|
