|j|☆Prtbl_Trash
|j|☆NoseHairs420
|t:|1779937533
|gametype|singles
|player|p1|Prtbl_Trash|ortega|1336
|player|p2|NoseHairs420|drayden|1311
|gen|9
|tier|[Gen 9] OU
|rated|
|rule|HP Percentage Mod: HP is shown in percentages
|rule|Endless Battle Clause: Forcing endless battles is banned
|rule|Species Clause: Limit one of each Pokémon
|rule|OHKO Clause: OHKO moves are banned
|rule|Evasion Items Clause: Evasion items are banned
|rule|Evasion Moves Clause: Evasion moves are banned
|rule|Evasion Abilities Clause: Evasion abilities are banned
|rule|Sleep Moves Clause: Sleep-inducing moves are banned
|clearpoke
|poke|p1|Articuno|
|poke|p1|Great Tusk|
|poke|p1|Samurott-Hisui, F|
|poke|p1|Gholdengo|
|poke|p1|Raging Bolt|
|poke|p1|Dachsbun, F|
|poke|p2|Glimmora, F|
|poke|p2|Zamazenta-*|
|poke|p2|Alomomola, M|
|poke|p2|Dragonite, F|
|poke|p2|Gholdengo|
|poke|p2|Ting-Lu|
|teampreview
|inactive|Battle timer is ON: inactive players will automatically lose when time's up. (requested by NoseHairs420)
|
|t:|1779937541
|teamsize|p1|6
|teamsize|p2|6
|start
|switch|p1a: Samurott|Samurott-Hisui, F|100/100
|switch|p2a: Glimmora|Glimmora, F|100/100
|turn|1
|
|t:|1779937551
|move|p2a: Glimmora|Stealth Rock|p1a: Samurott
|-sidestart|p1: Prtbl_Trash|move: Stealth Rock
|move|p1a: Samurott|Razor Shell|p2a: Glimmora
|-supereffective|p2a: Glimmora
|-damage|p2a: Glimmora|0 fnt
|-activate|p2a: Glimmora|ability: Toxic Debris
|-sidestart|p1: Prtbl_Trash|move: Toxic Spikes
|faint|p2a: Glimmora
|
|upkeep
|
|t:|1779937578
|switch|p2a: Zamazenta|Zamazenta|100/100
|-ability|p2a: Zamazenta|Dauntless Shield|boost
|-boost|p2a: Zamazenta|def|1
|turn|2
|
|t:|1779937582
|switch|p1a: Gholdengo|Gholdengo|100/100
|-damage|p1a: Gholdengo|94/100|[from] Stealth Rock
|move|p2a: Zamazenta|Body Press|p1a: Gholdengo
|-immune|p1a: Gholdengo
|
|upkeep
|turn|3
|
|t:|1779937590
|move|p1a: Gholdengo|Trick|p2a: Zamazenta
|-activate|p1a: Gholdengo|move: Trick|[of] p2a: Zamazenta
|-item|p2a: Zamazenta|Choice Scarf|[from] move: Trick
|-item|p1a: Gholdengo|Leftovers|[from] move: Trick
|move|p2a: Zamazenta|Crunch|p1a: Gholdengo
|-supereffective|p1a: Gholdengo
|-damage|p1a: Gholdengo|43/100
|-unboost|p1a: Gholdengo|def|1
|
|-heal|p1a: Gholdengo|49/100|[from] item: Leftovers
|upkeep
|turn|4
|
|t:|1779937596
|switch|p1a: Great Tusk|Great Tusk|100/100
|move|p2a: Zamazenta|Crunch|p1a: Great Tusk
|-resisted|p1a: Great Tusk
|-damage|p1a: Great Tusk|92/100
|
|upkeep
|turn|5
|
|t:|1779937602
|switch|p2a: Alomomola|Alomomola, M|100/100
|move|p1a: Great Tusk|Ice Spinner|p2a: Alomomola
|-resisted|p2a: Alomomola
|-damage|p2a: Alomomola|89/100
|
|upkeep
|turn|6
|
|t:|1779937607
|move|p1a: Great Tusk|Rapid Spin|p2a: Alomomola
|-damage|p2a: Alomomola|76/100
|-boost|p1a: Great Tusk|spe|1
|-sideend|p1: Prtbl_Trash|Toxic Spikes|[from] move: Rapid Spin|[of] p1a: Great Tusk
|-sideend|p1: Prtbl_Trash|Stealth Rock|[from] move: Rapid Spin|[of] p1a: Great Tusk
|move|p2a: Alomomola|Flip Turn|p1a: Great Tusk
|-supereffective|p1a: Great Tusk
|-damage|p1a: Great Tusk|67/100
|
|t:|1779937623
|switch|p2a: Zamazenta|Zamazenta|100/100|[from] Flip Turn
|
|upkeep
|turn|7
|
|t:|1779937627
|move|p2a: Zamazenta|Body Press|p1a: Great Tusk
|-damage|p1a: Great Tusk|40/100
|move|p1a: Great Tusk|Stealth Rock|p2a: Zamazenta
|-sidestart|p2: NoseHairs420|move: Stealth Rock
|
|upkeep
|turn|8
|
|t:|1779937632
|-end|p1a: Great Tusk|Protosynthesis|[silent]
|switch|p1a: Gholdengo|Gholdengo|49/100
|move|p2a: Zamazenta|Body Press|p1a: Gholdengo
|-immune|p1a: Gholdengo
|
|-heal|p1a: Gholdengo|55/100|[from] item: Leftovers
|upkeep
|turn|9
|
|t:|1779937641
|switch|p2a: Alomomola|Alomomola, M|100/100
|move|p1a: Gholdengo|Focus Blast|p2a: Alomomola
|-damage|p2a: Alomomola|69/100
|
|-heal|p1a: Gholdengo|61/100|[from] item: Leftovers
|upkeep
|turn|10
|
|t:|1779937650
|switch|p1a: Samurott|Samurott-Hisui, F|100/100
|move|p2a: Alomomola|Mirror Coat||[still]
|-fail|p2a: Alomomola
|
|upkeep
|turn|11
|
|t:|1779937658
|move|p1a: Samurott|Ceaseless Edge|p2a: Alomomola
|-damage|p2a: Alomomola|37/100
|-sidestart|p2: NoseHairs420|Spikes
|move|p2a: Alomomola|Flip Turn|p1a: Samurott
|-resisted|p1a: Samurott
|-damage|p1a: Samurott|93/100
|
|t:|1779937665
|switch|p2a: Dragonite|Dragonite, F|100/100|[from] Flip Turn
|
|upkeep
|turn|12
|
|t:|1779937668
|move|p2a: Dragonite|Dragon Dance|p2a: Dragonite
|-boost|p2a: Dragonite|atk|1
|-boost|p2a: Dragonite|spe|1
|move|p1a: Samurott|Knock Off|p2a: Dragonite
|-damage|p2a: Dragonite|77/100
|-enditem|p2a: Dragonite|Heavy-Duty Boots|[from] move: Knock Off|[of] p1a: Samurott
|
|upkeep
|turn|13
|
|t:|1779937673
|switch|p1a: Great Tusk|Great Tusk|40/100
|-terastallize|p2a: Dragonite|Normal
|move|p2a: Dragonite|Extreme Speed|p1a: Great Tusk
|-damage|p1a: Great Tusk|0 fnt
|faint|p1a: Great Tusk
|-end|p1a: Great Tusk|Protosynthesis|[silent]
|
|upkeep
|
|t:|1779937680
|switch|p1a: Dachsbun|Dachsbun, F|100/100
|turn|14
|
|t:|1779937683
|move|p2a: Dragonite|Extreme Speed|p1a: Dachsbun
|-damage|p1a: Dachsbun|58/100
|move|p1a: Dachsbun|Roar|p2a: Dragonite
|drag|p2a: Alomomola|Alomomola, M|70/100
|
|-heal|p1a: Dachsbun|64/100|[from] item: Leftovers
|upkeep
|turn|15
|
|t:|1779937693
|move|p1a: Dachsbun|Wish|p1a: Dachsbun
|move|p2a: Alomomola|Wish|p2a: Alomomola
|
|-heal|p1a: Dachsbun|70/100|[from] item: Leftovers
|upkeep
|turn|16
|
|t:|1779937697
|switch|p1a: Gholdengo|Gholdengo|61/100
|move|p2a: Alomomola|Flip Turn|p1a: Gholdengo
|-damage|p1a: Gholdengo|41/100
|
|t:|1779937704
|switch|p2a: Ting-Lu|Ting-Lu|100/100|[from] Flip Turn
|-damage|p2a: Ting-Lu|94/100|[from] Stealth Rock
|-damage|p2a: Ting-Lu|82/100|[from] Spikes
|-ability|p2a: Ting-Lu|Vessel of Ruin
|
|-heal|p1a: Gholdengo|91/100|[from] move: Wish|[wisher] Dachsbun
|-heal|p2a: Ting-Lu|100/100|[from] move: Wish|[wisher] Alomomola
|-heal|p1a: Gholdengo|97/100|[from] item: Leftovers
|upkeep
|turn|17
|
|t:|1779937715
|switch|p1a: Articuno|Articuno|100/100
|-ability|p1a: Articuno|Pressure
|move|p2a: Ting-Lu|Spikes|p1a: Articuno
|-sidestart|p1: Prtbl_Trash|Spikes
|
|upkeep
|turn|18
|
|t:|1779937722
|move|p1a: Articuno|Freeze-Dry|p2a: Ting-Lu
|-supereffective|p2a: Ting-Lu
|-damage|p2a: Ting-Lu|64/100
|-status|p2a: Ting-Lu|frz
|cant|p2a: Ting-Lu|frz
|
|upkeep
|turn|19
|
|t:|1779937733
|move|p1a: Articuno|Freeze-Dry|p2a: Ting-Lu
|-supereffective|p2a: Ting-Lu
|-damage|p2a: Ting-Lu|29/100 frz
|cant|p2a: Ting-Lu|frz
|
|upkeep
|turn|20
|
|t:|1779937738
|move|p1a: Articuno|Freeze-Dry|p2a: Ting-Lu
|-supereffective|p2a: Ting-Lu
|-damage|p2a: Ting-Lu|0 fnt
|faint|p2a: Ting-Lu
|
|upkeep
|
|t:|1779937740
|switch|p2a: Gholdengo|Gholdengo|100/100
|-damage|p2a: Gholdengo|94/100|[from] Stealth Rock
|-damage|p2a: Gholdengo|82/100|[from] Spikes
|turn|21
|
|t:|1779937748
|switch|p1a: Samurott|Samurott-Hisui, F|93/100
|-damage|p1a: Samurott|80/100|[from] Spikes
|move|p2a: Gholdengo|Make It Rain|p1a: Samurott
|-resisted|p1a: Samurott
|-damage|p1a: Samurott|59/100
|-unboost|p2a: Gholdengo|spa|1
|
|upkeep
|turn|22
|
|t:|1779937757
|switch|p2a: Zamazenta|Zamazenta|100/100
|-damage|p2a: Zamazenta|94/100|[from] Stealth Rock
|-damage|p2a: Zamazenta|82/100|[from] Spikes
|move|p1a: Samurott|Knock Off|p2a: Zamazenta
|-resisted|p2a: Zamazenta
|-damage|p2a: Zamazenta|64/100
|-enditem|p2a: Zamazenta|Choice Scarf|[from] move: Knock Off|[of] p1a: Samurott
|
|upkeep
|turn|23
|
|t:|1779937765
|switch|p1a: Dachsbun|Dachsbun, F|70/100
|-damage|p1a: Dachsbun|58/100|[from] Spikes
|move|p2a: Zamazenta|Crunch|p1a: Dachsbun
|-resisted|p1a: Dachsbun
|-damage|p1a: Dachsbun|49/100
|-unboost|p1a: Dachsbun|def|1
|
|-heal|p1a: Dachsbun|55/100|[from] item: Leftovers
|upkeep
|turn|24
|
|t:|1779937771
|move|p2a: Zamazenta|Ice Fang|p1a: Dachsbun
|-damage|p1a: Dachsbun|35/100
|move|p1a: Dachsbun|Wish|p1a: Dachsbun
|
|-heal|p1a: Dachsbun|41/100|[from] item: Leftovers
|upkeep
|turn|25
|
|t:|1779937779
|move|p2a: Zamazenta|Ice Fang|p1a: Dachsbun
|-damage|p1a: Dachsbun|22/100
|-status|p1a: Dachsbun|frz
|cant|p1a: Dachsbun|frz
|
|-heal|p1a: Dachsbun|72/100 frz|[from] move: Wish|[wisher] Dachsbun
|-heal|p1a: Dachsbun|78/100 frz|[from] item: Leftovers
|upkeep
|turn|26
|
|t:|1779937785
|move|p2a: Zamazenta|Iron Defense|p2a: Zamazenta
|-boost|p2a: Zamazenta|def|2
|cant|p1a: Dachsbun|frz
|
|-heal|p1a: Dachsbun|84/100 frz|[from] item: Leftovers
|upkeep
|turn|27
|
|t:|1779937788
|move|p2a: Zamazenta|Ice Fang|p1a: Dachsbun
|-damage|p1a: Dachsbun|64/100 frz
|-curestatus|p1a: Dachsbun|frz|[msg]
|cant|p1a: Dachsbun|flinch
|
|-heal|p1a: Dachsbun|70/100|[from] item: Leftovers
|upkeep
|turn|28
|
|t:|1779937796
|move|p2a: Zamazenta|Ice Fang|p1a: Dachsbun
|-damage|p1a: Dachsbun|48/100
|move|p1a: Dachsbun|Roar|p2a: Zamazenta
|drag|p2a: Dragonite|Dragonite, F, tera:Normal|77/100
|-damage|p2a: Dragonite|65/100|[from] Stealth Rock
|-damage|p2a: Dragonite|53/100|[from] Spikes
|
|-heal|p1a: Dachsbun|54/100|[from] item: Leftovers
|upkeep
|turn|29
|
|t:|1779937819
|move|p2a: Dragonite|Earthquake|p1a: Dachsbun
|-damage|p1a: Dachsbun|14/100
|move|p1a: Dachsbun|Body Press|p2a: Dragonite
|-supereffective|p2a: Dragonite
|-damage|p2a: Dragonite|10/100
|
|-heal|p1a: Dachsbun|20/100|[from] item: Leftovers
|upkeep
|turn|30
|-message|NoseHairs420 forfeited.
|
|win|Prtbl_Trash
|raw|Prtbl_Trash's rating: 1336 &rarr; <strong>1355</strong><br />(+19 for winning)
|raw|NoseHairs420's rating: 1311 &rarr; <strong>1292</strong><br />(-19 for losing)
|l|☆NoseHairs420
|player|p2|
|l|☆Prtbl_Trash
|player|p1|
