|j|☆zoax
|j|☆flapjacque
|t:|1779873713
|gametype|singles
|player|p1|zoax|red|1319
|player|p2|flapjacque|wallace|1350
|gen|9
|tier|[Gen 9] OU
|rated|
|rule|HP Percentage Mod: HP is shown in percentages
|rule|Endless Battle Clause: Forcing endless battles is banned
|rule|Species Clause: Limit one of each Pokémon
|rule|OHKO Clause: OHKO moves are banned
|rule|Evasion Items Clause: Evasion items are banned
|rule|Evasion Moves Clause: Evasion moves are banned
|rule|Evasion Abilities Clause: Evasion abilities are banned
|rule|Sleep Moves Clause: Sleep-inducing moves are banned
|clearpoke
|poke|p1|Ditto|
|poke|p1|Glimmora, M|
|poke|p1|Zamazenta-*|
|poke|p1|Gholdengo|
|poke|p1|Iron Valiant|
|poke|p1|Dragonite, F|
|poke|p2|Milotic, F|
|poke|p2|Skarmory, F|
|poke|p2|Quagsire, F|
|poke|p2|Latias, F|
|poke|p2|Enamorus, F|
|poke|p2|Grafaiai, F|
|teampreview
|inactive|Battle timer is ON: inactive players will automatically lose when time's up. (requested by flapjacque)
|
|t:|1779873742
|teamsize|p1|6
|teamsize|p2|6
|start
|switch|p1a: Glimmora|Glimmora, M|100/100
|switch|p2a: Milotic|Milotic, F|100/100
|-item|p1a: Glimmora|Air Balloon
|turn|1
|
|t:|1779873747
|move|p1a: Glimmora|Mortal Spin|p2a: Milotic
|-damage|p2a: Milotic|93/100
|-status|p2a: Milotic|psn
|move|p2a: Milotic|Hydro Pump|p1a: Glimmora
|-supereffective|p1a: Glimmora
|-damage|p1a: Glimmora|0 fnt
|-enditem|p1a: Glimmora|Air Balloon
|faint|p1a: Glimmora
|
|-heal|p2a: Milotic|99/100 psn|[from] item: Leftovers
|-damage|p2a: Milotic|86/100 psn|[from] psn
|upkeep
|
|t:|1779873763
|switch|p1a: Gholdengo|Gholdengo|100/100
|-item|p1a: Gholdengo|Air Balloon
|turn|2
|
|t:|1779873767
|move|p1a: Gholdengo|Nasty Plot|p1a: Gholdengo
|-boost|p1a: Gholdengo|spa|2
|move|p2a: Milotic|Hydro Pump|p1a: Gholdengo
|-damage|p1a: Gholdengo|51/100
|-enditem|p1a: Gholdengo|Air Balloon
|
|-heal|p2a: Milotic|92/100 psn|[from] item: Leftovers
|-damage|p2a: Milotic|80/100 psn|[from] psn
|upkeep
|turn|3
|
|t:|1779873777
|move|p1a: Gholdengo|Thunder|p2a: Milotic|[miss]
|-miss|p1a: Gholdengo|p2a: Milotic
|move|p2a: Milotic|Flip Turn|p1a: Gholdengo
|-damage|p1a: Gholdengo|39/100
|
|t:|1779873785
|switch|p2a: Grafaiai|Grafaiai, F|100/100|[from] Flip Turn
|
|upkeep
|turn|4
|
|t:|1779873790
|move|p2a: Grafaiai|Knock Off|p1a: Gholdengo
|-supereffective|p1a: Gholdengo
|-damage|p1a: Gholdengo|9/100
|move|p1a: Gholdengo|Make It Rain|p2a: Grafaiai
|-damage|p2a: Grafaiai|0 fnt
|-unboost|p1a: Gholdengo|spa|1
|faint|p2a: Grafaiai
|
|upkeep
|inactive|flapjacque has 120 seconds left.
|
|t:|1779873824
|switch|p2a: Enamorus|Enamorus, F|100/100
|turn|5
|
|t:|1779873829
|switch|p1a: Ditto|Ditto|100/100
|-transform|p1a: Ditto|p2a: Enamorus|[from] ability: Imposter
|move|p2a: Enamorus|Play Rough|p1a: Ditto
|-damage|p1a: Ditto|31/100
|
|upkeep
|turn|6
|
|t:|1779873840
|move|p1a: Ditto|Play Rough|p2a: Enamorus
|-damage|p2a: Enamorus|30/100
|move|p2a: Enamorus|Play Rough|p1a: Ditto|[miss]
|-miss|p2a: Enamorus|p1a: Ditto
|
|-heal|p2a: Enamorus|36/100|[from] item: Leftovers
|upkeep
|turn|7
|
|t:|1779873848
|switch|p2a: Skarmory|Skarmory, F|100/100
|move|p1a: Ditto|Play Rough|p2a: Skarmory
|-resisted|p2a: Skarmory
|-crit|p2a: Skarmory
|-damage|p2a: Skarmory|82/100
|-damage|p1a: Ditto|15/100|[from] item: Rocky Helmet|[of] p2a: Skarmory
|
|upkeep
|turn|8
|
|t:|1779873864
|switch|p1a: Iron Valiant|Iron Valiant|100/100
|-enditem|p1a: Iron Valiant|Booster Energy
|-activate|p1a: Iron Valiant|ability: Quark Drive|[fromitem]
|-start|p1a: Iron Valiant|quarkdrivespe
|move|p2a: Skarmory|Spikes|p1a: Iron Valiant
|-sidestart|p1: zoax|Spikes
|
|upkeep
|turn|9
|
|t:|1779873871
|move|p1a: Iron Valiant|Knock Off|p2a: Skarmory
|-damage|p2a: Skarmory|66/100
|-damage|p1a: Iron Valiant|84/100|[from] item: Rocky Helmet|[of] p2a: Skarmory
|-enditem|p2a: Skarmory|Rocky Helmet|[from] move: Knock Off|[of] p1a: Iron Valiant
|move|p2a: Skarmory|Brave Bird|p1a: Iron Valiant
|-supereffective|p1a: Iron Valiant
|-damage|p1a: Iron Valiant|0 fnt
|faint|p1a: Iron Valiant
|-end|p1a: Iron Valiant|Quark Drive|[silent]
|-damage|p2a: Skarmory|42/100|[from] Recoil
|
|upkeep
|
|t:|1779873881
|switch|p1a: Gholdengo|Gholdengo|9/100
|-damage|p1a: Gholdengo|0 fnt|[from] Spikes
|faint|p1a: Gholdengo
|
|t:|1779873888
|switch|p1a: Zamazenta|Zamazenta|100/100
|-damage|p1a: Zamazenta|88/100|[from] Spikes
|-ability|p1a: Zamazenta|Dauntless Shield|boost
|-boost|p1a: Zamazenta|def|1
|turn|10
|
|t:|1779873894
|move|p1a: Zamazenta|Close Combat|p2a: Skarmory
|-damage|p2a: Skarmory|9/100
|-unboost|p1a: Zamazenta|def|1
|-unboost|p1a: Zamazenta|spd|1
|move|p2a: Skarmory|Roost|p2a: Skarmory
|-heal|p2a: Skarmory|59/100
|-singleturn|p2a: Skarmory|move: Roost
|
|upkeep
|turn|11
|-message|zoax forfeited.
|
|win|flapjacque
|raw|zoax's rating: 1319 &rarr; <strong>1301</strong><br />(-18 for losing)
|raw|flapjacque's rating: 1350 &rarr; <strong>1368</strong><br />(+18 for winning)
|l|☆zoax
|player|p1|
|l|☆flapjacque
|player|p2|
