|j|☆yuridinamitecr
|j|☆claudechamp
|t:|1779881404
|gametype|singles
|player|p1|yuridinamitecr|lucas-gen4pt|1240
|player|p2|claudechamp|169|1312
|gen|9
|tier|[Gen 9] OU
|rated|
|rule|HP Percentage Mod: HP is shown in percentages
|rule|Endless Battle Clause: Forcing endless battles is banned
|rule|Species Clause: Limit one of each Pokémon
|rule|OHKO Clause: OHKO moves are banned
|rule|Evasion Items Clause: Evasion items are banned
|rule|Evasion Moves Clause: Evasion moves are banned
|rule|Evasion Abilities Clause: Evasion abilities are banned
|rule|Sleep Moves Clause: Sleep-inducing moves are banned
|clearpoke
|poke|p1|Toxapex, M|
|poke|p1|Rillaboom, F|
|poke|p1|Dragapult, F|
|poke|p1|Gliscor, M|
|poke|p1|Clefable, M|
|poke|p1|Zamazenta-*|
|poke|p2|Gliscor, F|
|poke|p2|Gholdengo|
|poke|p2|Zamazenta-*|
|poke|p2|Blissey, F|
|poke|p2|Skarmory, F|
|poke|p2|Pecharunt|
|teampreview
|c|☆claudechamp|hf
|inactive|Battle timer is ON: inactive players will automatically lose when time's up. (requested by claudechamp)
|
|t:|1779881421
|teamsize|p1|6
|teamsize|p2|6
|start
|switch|p1a: Rillaboom|Rillaboom, F|100/100
|switch|p2a: Skarmory|Skarmory, F|100/100
|-fieldstart|move: Grassy Terrain|[from] ability: Grassy Surge|[of] p1a: Rillaboom
|turn|1
|
|t:|1779881446
|move|p1a: Rillaboom|Knock Off|p2a: Skarmory
|-damage|p2a: Skarmory|71/100
|-enditem|p2a: Skarmory|Heavy-Duty Boots|[from] move: Knock Off|[of] p1a: Rillaboom
|move|p2a: Skarmory|Spikes|p1a: Rillaboom
|-sidestart|p1: yuridinamitecr|Spikes
|
|upkeep
|turn|2
|
|t:|1779881454
|switch|p1a: Dragapult|Dragapult, F|100/100
|-damage|p1a: Dragapult|88/100|[from] Spikes
|move|p2a: Skarmory|Spikes|p1a: Dragapult
|-sidestart|p1: yuridinamitecr|Spikes
|
|-heal|p1a: Dragapult|94/100|[from] Grassy Terrain
|upkeep
|turn|3
|
|t:|1779881461
|move|p1a: Dragapult|U-turn|p2a: Skarmory
|-resisted|p2a: Skarmory
|-damage|p2a: Skarmory|68/100
|
|t:|1779881466
|switch|p1a: Clefable|Clefable, M|100/100|[from] U-turn
|move|p2a: Skarmory|Spikes|p1a: Clefable
|-sidestart|p1: yuridinamitecr|Spikes
|
|upkeep
|turn|4
|
|t:|1779881469
|move|p2a: Skarmory|Roost|p2a: Skarmory
|-heal|p2a: Skarmory|100/100
|-singleturn|p2a: Skarmory|move: Roost
|move|p1a: Clefable|Flamethrower|p2a: Skarmory
|-supereffective|p2a: Skarmory
|-damage|p2a: Skarmory|26/100
|
|-heal|p2a: Skarmory|32/100|[from] Grassy Terrain
|upkeep
|turn|5
|
|t:|1779881478
|switch|p2a: Gliscor|Gliscor, F|100/100
|switch|p1a: Zamazenta|Zamazenta|100/100
|-ability|p1a: Zamazenta|Dauntless Shield|boost
|-boost|p1a: Zamazenta|def|1
|
|-fieldend|move: Grassy Terrain
|-status|p2a: Gliscor|tox|[from] item: Toxic Orb
|upkeep
|turn|6
|
|t:|1779881484
|move|p1a: Zamazenta|Ice Fang|p2a: Gliscor
|-supereffective|p2a: Gliscor
|-damage|p2a: Gliscor|27/100 tox
|move|p2a: Gliscor|Knock Off|p1a: Zamazenta
|-resisted|p1a: Zamazenta
|-damage|p1a: Zamazenta|93/100
|-enditem|p1a: Zamazenta|Heavy-Duty Boots|[from] move: Knock Off|[of] p2a: Gliscor
|
|-heal|p2a: Gliscor|39/100 tox|[from] ability: Poison Heal
|upkeep
|turn|7
|
|t:|1779881501
|switch|p2a: Pecharunt|Pecharunt|100/100
|move|p1a: Zamazenta|Crunch|p2a: Pecharunt
|-supereffective|p2a: Pecharunt
|-damage|p2a: Pecharunt|73/100
|
|upkeep
|turn|8
|
|t:|1779881511
|switch|p1a: Dragapult|Dragapult, F|94/100
|-damage|p1a: Dragapult|69/100|[from] Spikes
|move|p2a: Pecharunt|Recover|p2a: Pecharunt
|-heal|p2a: Pecharunt|100/100
|
|upkeep
|turn|9
|
|t:|1779881515
|switch|p2a: Blissey|Blissey, F|100/100
|move|p1a: Dragapult|Draco Meteor|p2a: Blissey
|-damage|p2a: Blissey|73/100
|-unboost|p1a: Dragapult|spa|2
|
|upkeep
|turn|10
|
|t:|1779881523
|switch|p1a: Gliscor|Gliscor, M|100/100
|move|p2a: Blissey|Stealth Rock|p1a: Gliscor
|-sidestart|p1: yuridinamitecr|move: Stealth Rock
|
|-status|p1a: Gliscor|tox|[from] item: Toxic Orb
|upkeep
|turn|11
|
|t:|1779881526
|switch|p2a: Gliscor|Gliscor, F|39/100 tox
|move|p1a: Gliscor|Swords Dance|p1a: Gliscor
|-boost|p1a: Gliscor|atk|2
|
|-heal|p2a: Gliscor|52/100 tox|[from] ability: Poison Heal
|upkeep
|turn|12
|
|t:|1779881529
|switch|p2a: Zamazenta|Zamazenta|100/100
|-ability|p2a: Zamazenta|Dauntless Shield|boost
|-boost|p2a: Zamazenta|def|1
|move|p1a: Gliscor|Knock Off|p2a: Zamazenta
|-resisted|p2a: Zamazenta
|-crit|p2a: Zamazenta
|-damage|p2a: Zamazenta|71/100
|-enditem|p2a: Zamazenta|Heavy-Duty Boots|[from] move: Knock Off|[of] p1a: Gliscor
|
|upkeep
|turn|13
|
|t:|1779881537
|move|p2a: Zamazenta|Ice Fang|p1a: Gliscor
|-supereffective|p1a: Gliscor
|-damage|p1a: Gliscor|46/100 tox
|move|p1a: Gliscor|Earthquake|p2a: Zamazenta
|-damage|p2a: Zamazenta|32/100
|
|-heal|p1a: Gliscor|59/100 tox|[from] ability: Poison Heal
|upkeep
|turn|14
|
|t:|1779881546
|-terastallize|p2a: Zamazenta|Ice
|move|p2a: Zamazenta|Ice Fang|p1a: Gliscor
|-supereffective|p1a: Gliscor
|-damage|p1a: Gliscor|0 fnt
|faint|p1a: Gliscor
|
|upkeep
|
|t:|1779881550
|switch|p1a: Zamazenta|Zamazenta|93/100
|-damage|p1a: Zamazenta|68/100|[from] Spikes
|-damage|p1a: Zamazenta|62/100|[from] Stealth Rock
|turn|15
|
|t:|1779881555
|switch|p1a: Dragapult|Dragapult, F|69/100
|-damage|p1a: Dragapult|44/100|[from] Spikes
|-damage|p1a: Dragapult|32/100|[from] Stealth Rock
|move|p2a: Zamazenta|Close Combat|p1a: Dragapult
|-immune|p1a: Dragapult
|
|upkeep
|turn|16
|
|t:|1779881562
|switch|p2a: Blissey|Blissey, F|73/100
|move|p1a: Dragapult|U-turn|p2a: Blissey
|-damage|p2a: Blissey|55/100
|
|t:|1779881575
|switch|p1a: Rillaboom|Rillaboom, F|100/100|[from] U-turn
|-damage|p1a: Rillaboom|76/100|[from] Spikes
|-damage|p1a: Rillaboom|63/100|[from] Stealth Rock
|-fieldstart|move: Grassy Terrain|[from] ability: Grassy Surge|[of] p1a: Rillaboom
|
|-heal|p1a: Rillaboom|69/100|[from] Grassy Terrain
|-heal|p2a: Blissey|61/100|[from] Grassy Terrain
|upkeep
|turn|17
|
|t:|1779881578
|switch|p2a: Zamazenta|Zamazenta, tera:Ice|32/100
|move|p1a: Rillaboom|Wood Hammer|p2a: Zamazenta
|-damage|p2a: Zamazenta|0 fnt
|faint|p2a: Zamazenta
|-damage|p1a: Rillaboom|59/100|[from] Recoil
|
|-heal|p1a: Rillaboom|66/100|[from] Grassy Terrain
|upkeep
|
|t:|1779881581
|switch|p2a: Skarmory|Skarmory, F|32/100
|turn|18
|
|t:|1779881585
|move|p1a: Rillaboom|Wood Hammer|p2a: Skarmory
|-resisted|p2a: Skarmory
|-damage|p2a: Skarmory|14/100
|-damage|p1a: Rillaboom|60/100|[from] Recoil
|move|p2a: Skarmory|Roost|p2a: Skarmory
|-heal|p2a: Skarmory|64/100
|-singleturn|p2a: Skarmory|move: Roost
|
|-heal|p1a: Rillaboom|66/100|[from] Grassy Terrain
|-heal|p2a: Skarmory|70/100|[from] Grassy Terrain
|upkeep
|turn|19
|-message|yuridinamitecr forfeited.
|
|win|claudechamp
|raw|yuridinamitecr's rating: 1240 &rarr; <strong>1220</strong><br />(-20 for losing)
|raw|claudechamp's rating: 1312 &rarr; <strong>1328</strong><br />(+16 for winning)
|c|☆claudechamp|gg
|l|☆yuridinamitecr
|player|p1|
