|j|☆fly casanova
|j|☆Sun Addict
|t:|1779846229
|gametype|singles
|player|p1|fly casanova|gamer-gen3|1521
|player|p2|Sun Addict|102|1717
|gen|9
|tier|[Gen 9] OU
|rated|
|rule|HP Percentage Mod: HP is shown in percentages
|rule|Endless Battle Clause: Forcing endless battles is banned
|rule|Species Clause: Limit one of each Pokémon
|rule|OHKO Clause: OHKO moves are banned
|rule|Evasion Items Clause: Evasion items are banned
|rule|Evasion Moves Clause: Evasion moves are banned
|rule|Evasion Abilities Clause: Evasion abilities are banned
|rule|Sleep Moves Clause: Sleep-inducing moves are banned
|clearpoke
|poke|p1|Iron Valiant|
|poke|p1|Electrode-Hisui|
|poke|p1|Iron Hands|
|poke|p1|Dragonite, M|
|poke|p1|Hatterene, F|
|poke|p1|Iron Treads|
|poke|p2|Torkoal, M|
|poke|p2|Leafeon, M|
|poke|p2|Great Tusk|
|poke|p2|Raging Bolt|
|poke|p2|Walking Wake|
|poke|p2|Charizard, M|
|teampreview
|
|t:|1779846253
|teamsize|p1|6
|teamsize|p2|6
|start
|switch|p1a: Iron Treads|Iron Treads|100/100
|switch|p2a: Torkoal|Torkoal, M|100/100
|-weather|SunnyDay|[from] ability: Drought|[of] p2a: Torkoal
|turn|1
|
|t:|1779846263
|switch|p2a: Charizard|Charizard, M|100/100
|move|p1a: Iron Treads|Earthquake|p2a: Charizard
|-immune|p2a: Charizard
|
|-weather|SunnyDay|[upkeep]
|-damage|p2a: Charizard|88/100|[from] ability: Solar Power|[of] p2a: Charizard
|upkeep
|turn|2
|
|t:|1779846270
|move|p2a: Charizard|Weather Ball|p1a: Iron Treads
|-supereffective|p1a: Iron Treads
|-damage|p1a: Iron Treads|0 fnt
|faint|p1a: Iron Treads
|-end|p1a: Iron Treads|Quark Drive|[silent]
|
|-weather|SunnyDay|[upkeep]
|-damage|p2a: Charizard|76/100|[from] ability: Solar Power|[of] p2a: Charizard
|upkeep
|
|t:|1779846282
|switch|p1a: Electrode|Electrode-Hisui, shiny|100/100
|turn|3
|
|t:|1779846295
|switch|p2a: Raging Bolt|Raging Bolt|100/100
|-activate|p2a: Raging Bolt|ability: Protosynthesis
|-start|p2a: Raging Bolt|protosynthesisspa
|move|p1a: Electrode|Volt Switch|p2a: Raging Bolt
|-resisted|p2a: Raging Bolt
|-damage|p2a: Raging Bolt|98/100
|
|t:|1779846301
|switch|p1a: Iron Hands|Iron Hands|100/100|[from] Volt Switch
|-enditem|p1a: Iron Hands|Booster Energy
|-activate|p1a: Iron Hands|ability: Quark Drive|[fromitem]
|-start|p1a: Iron Hands|quarkdriveatk
|
|-weather|SunnyDay|[upkeep]
|upkeep
|turn|4
|
|t:|1779846306
|-end|p2a: Raging Bolt|Protosynthesis|[silent]
|switch|p2a: Great Tusk|Great Tusk|100/100
|-activate|p2a: Great Tusk|ability: Protosynthesis
|-start|p2a: Great Tusk|protosynthesisspe
|move|p1a: Iron Hands|Ice Punch|p2a: Great Tusk
|-supereffective|p2a: Great Tusk
|-damage|p2a: Great Tusk|54/100
|-enditem|p2a: Great Tusk|Eject Button
|
|t:|1779846313
|-end|p2a: Great Tusk|Protosynthesis|[silent]
|switch|p2a: Charizard|Charizard, M|76/100
|
|-weather|SunnyDay|[upkeep]
|-damage|p2a: Charizard|63/100|[from] ability: Solar Power|[of] p2a: Charizard
|upkeep
|turn|5
|
|t:|1779846321
|move|p2a: Charizard|Weather Ball|p1a: Iron Hands
|-damage|p1a: Iron Hands|0 fnt
|faint|p1a: Iron Hands
|-end|p1a: Iron Hands|Quark Drive|[silent]
|
|-weather|SunnyDay|[upkeep]
|-damage|p2a: Charizard|51/100|[from] ability: Solar Power|[of] p2a: Charizard
|upkeep
|
|t:|1779846359
|switch|p1a: Dragonite|Dragonite, M|100/100
|turn|6
|
|t:|1779846364
|move|p2a: Charizard|Weather Ball|p1a: Dragonite
|-resisted|p1a: Dragonite
|-damage|p1a: Dragonite|57/100
|move|p1a: Dragonite|Dragon Dance|p1a: Dragonite
|-boost|p1a: Dragonite|atk|1
|-boost|p1a: Dragonite|spe|1
|
|-weather|SunnyDay|[upkeep]
|-damage|p2a: Charizard|38/100|[from] ability: Solar Power|[of] p2a: Charizard
|upkeep
|turn|7
|
|t:|1779846372
|move|p1a: Dragonite|Scale Shot|p2a: Charizard
|-damage|p2a: Charizard|7/100
|-damage|p2a: Charizard|0 fnt
|faint|p2a: Charizard
|-hitcount|p2: Charizard|2
|-unboost|p1a: Dragonite|def|1
|-boost|p1a: Dragonite|spe|1
|
|-weather|SunnyDay|[upkeep]
|upkeep
|
|t:|1779846384
|switch|p2a: Great Tusk|Great Tusk|54/100
|-activate|p2a: Great Tusk|ability: Protosynthesis
|-start|p2a: Great Tusk|protosynthesisspe
|turn|8
|
|t:|1779846390
|move|p1a: Dragonite|Scale Shot|p2a: Great Tusk
|-damage|p2a: Great Tusk|40/100
|-damage|p2a: Great Tusk|26/100
|-damage|p2a: Great Tusk|12/100
|-damage|p2a: Great Tusk|0 fnt
|faint|p2a: Great Tusk
|-end|p2a: Great Tusk|Protosynthesis|[silent]
|-hitcount|p2: Great Tusk|4
|-unboost|p1a: Dragonite|def|1
|-boost|p1a: Dragonite|spe|1
|
|-weather|none
|upkeep
|
|t:|1779846395
|switch|p2a: Torkoal|Torkoal, M|100/100
|-weather|SunnyDay|[from] ability: Drought|[of] p2a: Torkoal
|turn|9
|
|t:|1779846406
|move|p1a: Dragonite|Earthquake|p2a: Torkoal
|-supereffective|p2a: Torkoal
|-damage|p2a: Torkoal|24/100
|move|p2a: Torkoal|Lava Plume|p1a: Dragonite
|-resisted|p1a: Dragonite
|-damage|p1a: Dragonite|37/100
|
|-weather|SunnyDay|[upkeep]
|upkeep
|turn|10
|
|t:|1779846416
|move|p1a: Dragonite|Extreme Speed|p2a: Torkoal
|-damage|p2a: Torkoal|0 fnt
|faint|p2a: Torkoal
|
|-weather|SunnyDay|[upkeep]
|upkeep
|
|t:|1779846419
|switch|p2a: Raging Bolt|Raging Bolt|98/100
|-activate|p2a: Raging Bolt|ability: Protosynthesis
|-start|p2a: Raging Bolt|protosynthesisspa
|turn|11
|inactive|Battle timer is ON: inactive players will automatically lose when time's up. (requested by Sun Addict)
|inactive|fly casanova has 120 seconds left.
|
|t:|1779846482
|-terastallize|p1a: Dragonite|Normal
|-terastallize|p2a: Raging Bolt|Ghost
|move|p1a: Dragonite|Extreme Speed|p2a: Raging Bolt
|-immune|p2a: Raging Bolt
|move|p2a: Raging Bolt|Dragon Pulse|p1a: Dragonite
|-damage|p1a: Dragonite|0 fnt
|faint|p1a: Dragonite
|
|-weather|SunnyDay|[upkeep]
|upkeep
|
|t:|1779846490
|switch|p1a: Iron Valiant|Iron Valiant, shiny|100/100
|turn|12
|j| mrblue69
|
|t:|1779846506
|move|p1a: Iron Valiant|Moonblast|p2a: Raging Bolt
|-damage|p2a: Raging Bolt|72/100
|-unboost|p2a: Raging Bolt|spa|1
|-damage|p1a: Iron Valiant|91/100|[from] item: Life Orb
|move|p2a: Raging Bolt|Weather Ball|p1a: Iron Valiant
|-damage|p1a: Iron Valiant|12/100
|
|-weather|SunnyDay|[upkeep]
|upkeep
|turn|13
|
|t:|1779846512
|-end|p1a: Iron Valiant|Quark Drive|[silent]
|switch|p1a: Hatterene|Hatterene, F|100/100
|move|p2a: Raging Bolt|Thunderclap||[still]
|-fail|p2a: Raging Bolt
|
|-weather|SunnyDay|[upkeep]
|upkeep
|turn|14
|
|t:|1779846515
|move|p2a: Raging Bolt|Volt Switch|p1a: Hatterene
|-damage|p1a: Hatterene|64/100
|-enditem|p1a: Hatterene|Eject Button
|
|t:|1779846522
|switch|p1a: Electrode|Electrode-Hisui, shiny|100/100
|
|-weather|SunnyDay|[upkeep]
|upkeep
|turn|15
|
|t:|1779846533
|move|p1a: Electrode|Chloroblast|p2a: Raging Bolt
|-damage|p2a: Raging Bolt|44/100
|-damage|p1a: Electrode|50/100|[from] Recoil
|move|p2a: Raging Bolt|Weather Ball|p1a: Electrode
|-supereffective|p1a: Electrode
|-damage|p1a: Electrode|0 fnt
|faint|p1a: Electrode
|
|-weather|SunnyDay|[upkeep]
|upkeep
|-message|fly casanova forfeited.
|
|win|Sun Addict
|raw|fly casanova's rating: 1521 &rarr; <strong>1511</strong><br />(-10 for losing)
|raw|Sun Addict's rating: 1717 &rarr; <strong>1727</strong><br />(+10 for winning)
|l|☆fly casanova
|player|p1|
