|j|☆amiruae
|j|☆thegreatestnone
|t:|1779813129
|gametype|singles
|player|p1|amiruae|psychic-gen4|1450
|player|p2|thegreatestnone|266|1537
|gen|9
|tier|[Gen 9] OU
|rated|
|rule|HP Percentage Mod: HP is shown in percentages
|rule|Endless Battle Clause: Forcing endless battles is banned
|rule|Species Clause: Limit one of each Pokémon
|rule|OHKO Clause: OHKO moves are banned
|rule|Evasion Items Clause: Evasion items are banned
|rule|Evasion Moves Clause: Evasion moves are banned
|rule|Evasion Abilities Clause: Evasion abilities are banned
|rule|Sleep Moves Clause: Sleep-inducing moves are banned
|clearpoke
|poke|p1|Moltres-Galar|
|poke|p1|Arcanine-Hisui, M|
|poke|p1|Volcanion|
|poke|p1|Latias, F|
|poke|p1|Scizor, M|
|poke|p1|Krookodile, M|
|poke|p2|Rillaboom, M|
|poke|p2|Ting-Lu|
|poke|p2|Skeledirge, M|
|poke|p2|Greninja-*, M|
|poke|p2|Weezing-Galar, M|
|poke|p2|Slowking, F|
|teampreview
|inactive|Battle timer is ON: inactive players will automatically lose when time's up. (requested by amiruae)
|c|☆thegreatestnone|ur team is all red
|
|t:|1779813170
|teamsize|p1|6
|teamsize|p2|6
|start
|switch|p1a: Scizor|Scizor, M|100/100
|switch|p2a: Greninja|Greninja, M|100/100
|turn|1
|
|t:|1779813193
|move|p2a: Greninja|U-turn|p1a: Scizor
|-start|p2a: Greninja|typechange|Bug|[from] ability: Protean
|-resisted|p1a: Scizor
|-damage|p1a: Scizor|90/100
|
|t:|1779813199
|switch|p2a: Weezing|Weezing-Galar, M|100/100|[from] U-turn
|move|p1a: Scizor|Swords Dance|p1a: Scizor
|-boost|p1a: Scizor|atk|2
|
|upkeep
|turn|2
|
|t:|1779813207
|switch|p2a: Skeledirge|Skeledirge, M|100/100
|move|p1a: Scizor|Bullet Punch|p2a: Skeledirge
|-resisted|p2a: Skeledirge
|-damage|p2a: Skeledirge|90/100
|
|upkeep
|turn|3
|inactive|thegreatestnone has 120 seconds left.
|
|t:|1779813252
|switch|p2a: Greninja|Greninja, M|100/100
|switch|p1a: Volcanion|Volcanion|100/100
|
|upkeep
|turn|4
|
|t:|1779813266
|move|p2a: Greninja|U-turn|p1a: Volcanion
|-start|p2a: Greninja|typechange|Bug|[from] ability: Protean
|-resisted|p1a: Volcanion
|-damage|p1a: Volcanion|92/100
|inactive|thegreatestnone has 120 seconds left.
|
|t:|1779813274
|switch|p2a: Slowking|Slowking, F|100/100|[from] U-turn
|move|p1a: Volcanion|Sludge Bomb|p2a: Slowking
|-damage|p2a: Slowking|82/100
|
|upkeep
|turn|5
|
|t:|1779813287
|switch|p1a: Krookodile|Krookodile, M|100/100
|-ability|p1a: Krookodile|Intimidate|boost
|-unboost|p2a: Slowking|atk|1
|-prepare|p2a: Slowking|Chilly Reception|[premajor]
|move|p2a: Slowking|Chilly Reception|p2a: Slowking
|-weather|Snowscape
|
|t:|1779813296
|switch|p2a: Greninja|Greninja, M|100/100|[from] Chilly Reception
|
|-weather|Snowscape|[upkeep]
|upkeep
|turn|6
|
|t:|1779813306
|switch|p1a: Volcanion|Volcanion|92/100
|move|p2a: Greninja|Ice Beam|p1a: Volcanion
|-start|p2a: Greninja|typechange|Ice|[from] ability: Protean
|-resisted|p1a: Volcanion
|-damage|p1a: Volcanion|83/100
|
|-weather|Snowscape|[upkeep]
|upkeep
|turn|7
|
|t:|1779813320
|switch|p2a: Slowking|Slowking, F|100/100
|move|p1a: Volcanion|Sludge Bomb|p2a: Slowking
|-damage|p2a: Slowking|81/100
|
|-weather|Snowscape|[upkeep]
|upkeep
|turn|8
|
|t:|1779813332
|move|p1a: Volcanion|Sludge Bomb|p2a: Slowking
|-damage|p2a: Slowking|60/100
|-prepare|p2a: Slowking|Chilly Reception|[premajor]
|move|p2a: Slowking|Chilly Reception|p2a: Slowking
|
|t:|1779813340
|switch|p2a: Greninja|Greninja, M|100/100|[from] Chilly Reception
|
|-weather|Snowscape|[upkeep]
|upkeep
|turn|9
|
|t:|1779813349
|move|p2a: Greninja|U-turn|p1a: Volcanion
|-start|p2a: Greninja|typechange|Bug|[from] ability: Protean
|-resisted|p1a: Volcanion
|-damage|p1a: Volcanion|75/100
|
|t:|1779813353
|switch|p2a: Slowking|Slowking, F|94/100|[from] U-turn
|move|p1a: Volcanion|Steam Eruption|p2a: Slowking
|-resisted|p2a: Slowking
|-damage|p2a: Slowking|76/100
|
|-weather|none
|upkeep
|turn|10
|
|t:|1779813357
|move|p1a: Volcanion|Sludge Bomb|p2a: Slowking
|-crit|p2a: Slowking
|-damage|p2a: Slowking|45/100
|-prepare|p2a: Slowking|Chilly Reception|[premajor]
|move|p2a: Slowking|Chilly Reception|p2a: Slowking
|-weather|Snowscape
|
|t:|1779813361
|switch|p2a: Greninja|Greninja, M|100/100|[from] Chilly Reception
|
|-weather|Snowscape|[upkeep]
|upkeep
|turn|11
|
|t:|1779813368
|move|p2a: Greninja|U-turn|p1a: Volcanion
|-start|p2a: Greninja|typechange|Bug|[from] ability: Protean
|-resisted|p1a: Volcanion
|-damage|p1a: Volcanion|66/100
|
|t:|1779813374
|switch|p2a: Slowking|Slowking, F|78/100|[from] U-turn
|move|p1a: Volcanion|Steam Eruption|p2a: Slowking
|-resisted|p2a: Slowking
|-damage|p2a: Slowking|60/100
|-status|p2a: Slowking|brn
|
|-weather|Snowscape|[upkeep]
|-damage|p2a: Slowking|54/100 brn|[from] brn
|upkeep
|turn|12
|
|t:|1779813382
|move|p1a: Volcanion|Sludge Bomb|p2a: Slowking
|-damage|p2a: Slowking|32/100 brn
|move|p2a: Slowking|Slack Off|p2a: Slowking
|-heal|p2a: Slowking|82/100 brn
|
|-weather|Snowscape|[upkeep]
|-damage|p2a: Slowking|76/100 brn|[from] brn
|upkeep
|turn|13
|
|t:|1779813388
|move|p1a: Volcanion|Sludge Bomb|p2a: Slowking
|-damage|p2a: Slowking|56/100 brn
|move|p2a: Slowking|Slack Off|p2a: Slowking
|-heal|p2a: Slowking|100/100 brn
|
|-weather|Snowscape|[upkeep]
|-damage|p2a: Slowking|94/100 brn|[from] brn
|upkeep
|turn|14
|inactive|thegreatestnone has 120 seconds left.
|
|t:|1779813421
|switch|p1a: Moltres|Moltres-Galar|100/100
|-prepare|p2a: Slowking|Chilly Reception|[premajor]
|move|p2a: Slowking|Chilly Reception|p2a: Slowking
|inactive|thegreatestnone has 120 seconds left.
|
|t:|1779813428
|switch|p2a: Greninja|Greninja, M|100/100|[from] Chilly Reception
|
|-weather|none
|upkeep
|turn|15
|inactive|thegreatestnone has 120 seconds left.
|
|t:|1779813456
|move|p2a: Greninja|Ice Beam|p1a: Moltres
|-start|p2a: Greninja|typechange|Ice|[from] ability: Protean
|-supereffective|p1a: Moltres
|-damage|p1a: Moltres|20/100
|-ability|p1a: Moltres|Berserk|boost
|-boost|p1a: Moltres|spa|1
|-enditem|p1a: Moltres|Sitrus Berry|[eat]
|-heal|p1a: Moltres|45/100|[from] item: Sitrus Berry
|move|p1a: Moltres|Hurricane|p2a: Greninja|[miss]
|-miss|p1a: Moltres|p2a: Greninja
|
|upkeep
|turn|16
|
|t:|1779813469
|move|p2a: Greninja|Ice Beam|p1a: Moltres
|-supereffective|p1a: Moltres
|-damage|p1a: Moltres|0 fnt
|faint|p1a: Moltres
|
|upkeep
|
|t:|1779813482
|switch|p1a: Arcanine|Arcanine-Hisui, M|100/100
|turn|17
|
|t:|1779813498
|switch|p2a: Ting-Lu|Ting-Lu|100/100
|-ability|p2a: Ting-Lu|Vessel of Ruin
|move|p1a: Arcanine|Flare Blitz|p2a: Ting-Lu
|-damage|p2a: Ting-Lu|58/100
|-damage|p1a: Arcanine|91/100|[from] item: Life Orb
|
|-heal|p2a: Ting-Lu|64/100|[from] item: Leftovers
|upkeep
|turn|18
|
|t:|1779813508
|move|p1a: Arcanine|Flare Blitz|p2a: Ting-Lu
|-damage|p2a: Ting-Lu|22/100
|-damage|p1a: Arcanine|81/100|[from] item: Life Orb
|move|p2a: Ting-Lu|Earthquake|p1a: Arcanine
|-supereffective|p1a: Arcanine
|-damage|p1a: Arcanine|0 fnt
|faint|p1a: Arcanine
|
|-heal|p2a: Ting-Lu|28/100|[from] item: Leftovers
|upkeep
|
|t:|1779813525
|switch|p1a: Volcanion|Volcanion|66/100
|turn|19
|
|t:|1779813530
|switch|p2a: Slowking|Slowking, F|100/100 brn
|move|p1a: Volcanion|Steam Eruption|p2a: Slowking
|-resisted|p2a: Slowking
|-damage|p2a: Slowking|83/100 brn
|
|-damage|p2a: Slowking|77/100 brn|[from] brn
|upkeep
|turn|20
|
|t:|1779813532
|move|p1a: Volcanion|Sludge Bomb|p2a: Slowking
|-damage|p2a: Slowking|57/100 brn
|-prepare|p2a: Slowking|Chilly Reception|[premajor]
|move|p2a: Slowking|Chilly Reception|p2a: Slowking
|-weather|Snowscape
|
|t:|1779813535
|switch|p2a: Greninja|Greninja, M|100/100|[from] Chilly Reception
|
|-weather|Snowscape|[upkeep]
|upkeep
|turn|21
|
|t:|1779813542
|move|p2a: Greninja|U-turn|p1a: Volcanion
|-start|p2a: Greninja|typechange|Bug|[from] ability: Protean
|-resisted|p1a: Volcanion
|-damage|p1a: Volcanion|57/100
|
|t:|1779813563
|switch|p2a: Slowking|Slowking, F|90/100 brn|[from] U-turn
|move|p1a: Volcanion|Earth Power|p2a: Slowking
|-damage|p2a: Slowking|70/100 brn
|
|-weather|Snowscape|[upkeep]
|-damage|p2a: Slowking|64/100 brn|[from] brn
|upkeep
|turn|22
|j| hgghgbc
|l| hgghgbc
|
|t:|1779813575
|move|p1a: Volcanion|Earth Power|p2a: Slowking
|-damage|p2a: Slowking|42/100 brn
|-prepare|p2a: Slowking|Chilly Reception|[premajor]
|move|p2a: Slowking|Chilly Reception|p2a: Slowking
|
|t:|1779813579
|switch|p2a: Greninja|Greninja, M|100/100|[from] Chilly Reception
|
|-weather|Snowscape|[upkeep]
|upkeep
|turn|23
|
|t:|1779813584
|move|p2a: Greninja|Dark Pulse|p1a: Volcanion
|-start|p2a: Greninja|typechange|Dark|[from] ability: Protean
|-damage|p1a: Volcanion|22/100
|cant|p1a: Volcanion|flinch
|
|-weather|Snowscape|[upkeep]
|upkeep
|turn|24
|
|t:|1779813592
|move|p2a: Greninja|Dark Pulse|p1a: Volcanion
|-damage|p1a: Volcanion|0 fnt
|faint|p1a: Volcanion
|
|-weather|none
|upkeep
|
|t:|1779813605
|switch|p1a: Latias|Latias, F|100/100
|turn|25
|
|t:|1779813613
|switch|p2a: Rillaboom|Rillaboom, M|100/100
|-fieldstart|move: Grassy Terrain|[from] ability: Grassy Surge|[of] p2a: Rillaboom
|move|p1a: Latias|Agility|p1a: Latias
|-boost|p1a: Latias|spe|2
|
|upkeep
|turn|26
|
|t:|1779813620
|move|p1a: Latias|Calm Mind|p1a: Latias
|-boost|p1a: Latias|spa|1
|-boost|p1a: Latias|spd|1
|move|p2a: Rillaboom|Knock Off|p1a: Latias
|-supereffective|p1a: Latias
|-damage|p1a: Latias|25/100
|-enditem|p1a: Latias|Weakness Policy
|-boost|p1a: Latias|atk|2|[from] item: Weakness Policy
|-boost|p1a: Latias|spa|2|[from] item: Weakness Policy
|
|upkeep
|turn|27
|
|t:|1779813633
|switch|p2a: Ting-Lu|Ting-Lu|28/100
|-ability|p2a: Ting-Lu|Vessel of Ruin
|move|p1a: Latias|Stored Power|p2a: Ting-Lu
|-immune|p2a: Ting-Lu
|
|-heal|p2a: Ting-Lu|34/100|[from] Grassy Terrain
|-heal|p2a: Ting-Lu|40/100|[from] item: Leftovers
|upkeep
|turn|28
|
|t:|1779813638
|-terastallize|p1a: Latias|Fighting
|move|p1a: Latias|Aura Sphere|p2a: Ting-Lu
|-supereffective|p2a: Ting-Lu
|-damage|p2a: Ting-Lu|0 fnt
|faint|p2a: Ting-Lu
|
|upkeep
|
|t:|1779813643
|switch|p2a: Rillaboom|Rillaboom, M|100/100
|turn|29
|
|t:|1779813647
|move|p2a: Rillaboom|Grassy Glide|p1a: Latias
|-damage|p1a: Latias|0 fnt
|faint|p1a: Latias
|
|-fieldend|move: Grassy Terrain
|upkeep
|
|t:|1779813651
|switch|p1a: Krookodile|Krookodile, M|100/100
|-ability|p1a: Krookodile|Intimidate|boost
|-unboost|p2a: Rillaboom|atk|1
|turn|30
|
|t:|1779813655
|switch|p2a: Weezing|Weezing-Galar, M|100/100
|move|p1a: Krookodile|Gunk Shot|p2a: Weezing
|-damage|p2a: Weezing|70/100
|
|-heal|p2a: Weezing|76/100|[from] item: Leftovers
|upkeep
|turn|31
|
|t:|1779813671
|move|p1a: Krookodile|Gunk Shot|p2a: Weezing|[miss]
|-miss|p1a: Krookodile|p2a: Weezing
|move|p2a: Weezing|Will-O-Wisp|p1a: Krookodile
|-status|p1a: Krookodile|brn
|
|-heal|p2a: Weezing|82/100|[from] item: Leftovers
|-damage|p1a: Krookodile|94/100 brn|[from] brn
|upkeep
|turn|32
|
|t:|1779813692
|move|p1a: Krookodile|Gunk Shot|p2a: Weezing
|-damage|p2a: Weezing|68/100
|move|p2a: Weezing|Sludge Bomb|p1a: Krookodile
|-resisted|p1a: Krookodile
|-damage|p1a: Krookodile|83/100 brn
|
|-heal|p2a: Weezing|74/100|[from] item: Leftovers
|-damage|p1a: Krookodile|77/100 brn|[from] brn
|upkeep
|turn|33
|
|t:|1779813703
|move|p1a: Krookodile|Knock Off|p2a: Weezing
|-resisted|p2a: Weezing
|-damage|p2a: Weezing|65/100
|-enditem|p2a: Weezing|Leftovers|[from] move: Knock Off|[of] p1a: Krookodile
|move|p2a: Weezing|Sludge Bomb|p1a: Krookodile
|-resisted|p1a: Krookodile
|-damage|p1a: Krookodile|64/100 brn
|
|-damage|p1a: Krookodile|58/100 brn|[from] brn
|upkeep
|turn|34
|j| hgghgbc
|
|t:|1779813710
|move|p1a: Krookodile|Gunk Shot|p2a: Weezing
|-crit|p2a: Weezing
|-damage|p2a: Weezing|43/100
|move|p2a: Weezing|Sludge Bomb|p1a: Krookodile
|-resisted|p1a: Krookodile
|-damage|p1a: Krookodile|46/100 brn
|
|-damage|p1a: Krookodile|40/100 brn|[from] brn
|upkeep
|turn|35
|
|t:|1779813716
|move|p1a: Krookodile|Gunk Shot|p2a: Weezing
|-damage|p2a: Weezing|27/100
|move|p2a: Weezing|Pain Split|p1a: Krookodile
|-sethp|p1a: Krookodile|32/100 brn|[from] move: Pain Split|[silent]
|-sethp|p2a: Weezing|37/100|[from] move: Pain Split
|
|-damage|p1a: Krookodile|26/100 brn|[from] brn
|upkeep
|turn|36
|
|t:|1779813721
|move|p1a: Krookodile|Gunk Shot|p2a: Weezing|[miss]
|-miss|p1a: Krookodile|p2a: Weezing
|move|p2a: Weezing|Sludge Bomb|p1a: Krookodile
|-resisted|p1a: Krookodile
|-crit|p1a: Krookodile
|-damage|p1a: Krookodile|9/100 brn
|
|-damage|p1a: Krookodile|3/100 brn|[from] brn
|upkeep
|turn|37
|
|t:|1779813724
|move|p1a: Krookodile|Gunk Shot|p2a: Weezing
|-damage|p2a: Weezing|24/100
|move|p2a: Weezing|Sludge Bomb|p1a: Krookodile
|-resisted|p1a: Krookodile
|-damage|p1a: Krookodile|0 fnt
|faint|p1a: Krookodile
|
|upkeep
|
|t:|1779813729
|switch|p1a: Scizor|Scizor, M|90/100
|turn|38
|
|t:|1779813738
|move|p1a: Scizor|Dual Wingbeat|p2a: Weezing
|-damage|p2a: Weezing|9/100
|-damage|p2a: Weezing|0 fnt
|faint|p2a: Weezing
|-hitcount|p2: Weezing|2
|
|upkeep
|
|t:|1779813761
|switch|p2a: Skeledirge|Skeledirge, M|90/100
|turn|39
|
|t:|1779813769
|move|p2a: Skeledirge|Will-O-Wisp|p1a: Scizor
|-status|p1a: Scizor|brn
|move|p1a: Scizor|Knock Off|p2a: Skeledirge
|-supereffective|p2a: Skeledirge
|-damage|p2a: Skeledirge|69/100
|-enditem|p2a: Skeledirge|Heavy-Duty Boots|[from] move: Knock Off|[of] p1a: Scizor
|
|-damage|p1a: Scizor|84/100 brn|[from] brn
|upkeep
|turn|40
|
|t:|1779813772
|move|p2a: Skeledirge|Torch Song|p1a: Scizor
|-supereffective|p1a: Scizor
|-damage|p1a: Scizor|0 fnt
|-boost|p2a: Skeledirge|spa|1
|faint|p1a: Scizor
|
|win|thegreatestnone
|raw|amiruae's rating: 1450 &rarr; <strong>1435</strong><br />(-15 for losing)
|raw|thegreatestnone's rating: 1537 &rarr; <strong>1552</strong><br />(+15 for winning)
|l|☆thegreatestnone
|player|p2|
|l|☆amiruae
|player|p1|
|l| hgghgbc
