|j|☆funnygames(1997)
|j|‽ClRCUS MAXIMUS
|t:|1779854906
|gametype|singles
|player|p1|funnygames(1997)|102|1665
|player|p2|ClRCUS MAXIMUS|rood|1714
|gen|9
|tier|[Gen 9] OU
|rated|
|rule|HP Percentage Mod: HP is shown in percentages
|rule|Endless Battle Clause: Forcing endless battles is banned
|rule|Species Clause: Limit one of each Pokémon
|rule|OHKO Clause: OHKO moves are banned
|rule|Evasion Items Clause: Evasion items are banned
|rule|Evasion Moves Clause: Evasion moves are banned
|rule|Evasion Abilities Clause: Evasion abilities are banned
|rule|Sleep Moves Clause: Sleep-inducing moves are banned
|clearpoke
|poke|p1|Ting-Lu|
|poke|p1|Hatterene, F|
|poke|p1|Great Tusk|
|poke|p1|Ceruledge, M|
|poke|p1|Dragonite, M|
|poke|p1|Kyurem|
|poke|p2|Enamorus, F|
|poke|p2|Darkrai|
|poke|p2|Gholdengo|
|poke|p2|Ogerpon-Wellspring, F|
|poke|p2|Great Tusk|
|poke|p2|Araquanid, F|
|teampreview
|inactive|Battle timer is ON: inactive players will automatically lose when time's up. (requested by ClRCUS MAXIMUS)
|
|t:|1779854938
|teamsize|p1|6
|teamsize|p2|6
|start
|switch|p1a: Kyurem|Kyurem|100/100
|switch|p2a: Enamorus|Enamorus, F|100/100
|-ability|p1a: Kyurem|Pressure
|turn|1
|
|t:|1779854946
|switch|p1a: Hatterene|Hatterene, F|100/100
|switch|p2a: Darkrai|Darkrai, shiny|100/100
|
|upkeep
|turn|2
|
|t:|1779854951
|move|p2a: Darkrai|Dark Pulse|p1a: Hatterene
|-damage|p1a: Hatterene|67/100
|move|p1a: Hatterene|Draining Kiss|p2a: Darkrai
|-supereffective|p2a: Darkrai
|-damage|p2a: Darkrai|27/100
|-heal|p1a: Hatterene|100/100|[from] drain|[of] p2a: Darkrai
|
|upkeep
|turn|3
|
|t:|1779854957
|move|p2a: Darkrai|Knock Off|p1a: Hatterene
|-damage|p1a: Hatterene|70/100
|-enditem|p1a: Hatterene|Assault Vest|[from] move: Knock Off|[of] p2a: Darkrai
|move|p1a: Hatterene|Nuzzle|p2a: Darkrai
|-damage|p2a: Darkrai|22/100
|-status|p2a: Darkrai|par
|
|upkeep
|turn|4
|
|t:|1779854964
|move|p2a: Darkrai|Dark Pulse|p1a: Hatterene
|-damage|p1a: Hatterene|19/100
|move|p1a: Hatterene|Draining Kiss|p2a: Darkrai
|-supereffective|p2a: Darkrai
|-damage|p2a: Darkrai|0 fnt
|-heal|p1a: Hatterene|33/100|[from] drain|[of] p2a: Darkrai
|faint|p2a: Darkrai
|
|upkeep
|
|t:|1779854972
|switch|p2a: Ogerpon|Ogerpon-Wellspring, F|100/100
|turn|5
|inactive|funnygames(1997) has 120 seconds left.
|inactive|funnygames(1997) has 90 seconds left.
|
|t:|1779855049
|move|p2a: Ogerpon|Ivy Cudgel|p1a: Hatterene|[anim] Ivy Cudgel Water
|-damage|p1a: Hatterene|0 fnt
|faint|p1a: Hatterene
|
|upkeep
|
|t:|1779855052
|switch|p1a: Kyurem|Kyurem|100/100
|-ability|p1a: Kyurem|Pressure
|turn|6
|
|t:|1779855058
|move|p2a: Ogerpon|Play Rough|p1a: Kyurem
|-supereffective|p1a: Kyurem
|-damage|p1a: Kyurem|33/100
|move|p1a: Kyurem|Freeze-Dry|p2a: Ogerpon
|-supereffective|p2a: Ogerpon
|-damage|p2a: Ogerpon|0 fnt
|faint|p2a: Ogerpon
|
|upkeep
|
|t:|1779855085
|switch|p2a: Araquanid|Araquanid, F, shiny|100/100
|turn|7
|
|t:|1779855098
|move|p1a: Kyurem|Freeze-Dry|p2a: Araquanid
|-supereffective|p2a: Araquanid
|-damage|p2a: Araquanid|15/100
|-enditem|p2a: Araquanid|Red Card|[of] p1a: Kyurem
|drag|p1a: Great Tusk|Great Tusk|100/100
|move|p2a: Araquanid|Mirror Coat|p1a: Great Tusk
|-damage|p1a: Great Tusk|0 fnt
|faint|p1a: Great Tusk
|-end|p1a: Great Tusk|Protosynthesis|[silent]
|
|upkeep
|
|t:|1779855108
|switch|p1a: Kyurem|Kyurem|33/100
|-ability|p1a: Kyurem|Pressure
|turn|8
|c|☆funnygames(1997)|uhhh
|
|t:|1779855121
|move|p1a: Kyurem|Freeze-Dry|p2a: Araquanid
|-supereffective|p2a: Araquanid
|-damage|p2a: Araquanid|0 fnt
|faint|p2a: Araquanid
|
|upkeep
|c|☆funnygames(1997)|crazy bug
|c|☆funnygames(1997)|no?
|
|t:|1779855125
|switch|p2a: Gholdengo|Gholdengo, shiny|100/100
|-item|p2a: Gholdengo|Air Balloon
|turn|9
|c|☆funnygames(1997)|Am i losing my mind?
|c|☆funnygames(1997)|Yes I am nvm
|inactive|funnygames(1997) has 90 seconds left.
|
|t:|1779855156
|switch|p1a: Ceruledge|Ceruledge, M|100/100
|move|p2a: Gholdengo|Nasty Plot|p2a: Gholdengo
|-boost|p2a: Gholdengo|spa|2
|
|upkeep
|turn|10
|
|t:|1779855171
|switch|p2a: Great Tusk|Great Tusk, shiny|100/100
|-enditem|p2a: Great Tusk|Booster Energy
|-activate|p2a: Great Tusk|ability: Protosynthesis|[fromitem]
|-start|p2a: Great Tusk|protosynthesisatk
|move|p1a: Ceruledge|Bitter Blade|p2a: Great Tusk
|-damage|p2a: Great Tusk|67/100
|
|upkeep
|turn|11
|
|t:|1779855189
|move|p2a: Great Tusk|Ice Spinner|p1a: Ceruledge
|-resisted|p1a: Ceruledge
|-damage|p1a: Ceruledge|73/100
|-ability|p1a: Ceruledge|Weak Armor|boost
|-unboost|p1a: Ceruledge|def|1
|-boost|p1a: Ceruledge|spe|2
|move|p1a: Ceruledge|Swords Dance|p1a: Ceruledge
|-boost|p1a: Ceruledge|atk|2
|
|upkeep
|turn|12
|
|t:|1779855192
|move|p1a: Ceruledge|Bitter Blade|p2a: Great Tusk
|-damage|p2a: Great Tusk|0 fnt
|-heal|p1a: Ceruledge|100/100|[from] drain|[of] p2a: Great Tusk
|faint|p2a: Great Tusk
|-end|p2a: Great Tusk|Protosynthesis|[silent]
|
|upkeep
|-message|ClRCUS MAXIMUS forfeited.
|
|win|funnygames(1997)
|raw|funnygames(1997)'s rating: 1665 &rarr; <strong>1688</strong><br />(+23 for winning)
|raw|ClRCUS MAXIMUS's rating: 1714 &rarr; <strong>1691</strong><br />(-23 for losing)
|l|‽ClRCUS MAXIMUS
|player|p2|
|l|☆funnygames(1997)
|player|p1|
