|j|☆nastykarma
|j|☆KING丶3266926956今余
|t:|1779952894
|gametype|singles
|player|p1|nastykarma|1|1307
|player|p2|KING丶3266926956今余|dawn|1308
|gen|9
|tier|[Gen 9] OU
|rated|
|rule|HP Percentage Mod: HP is shown in percentages
|rule|Endless Battle Clause: Forcing endless battles is banned
|rule|Species Clause: Limit one of each Pokémon
|rule|OHKO Clause: OHKO moves are banned
|rule|Evasion Items Clause: Evasion items are banned
|rule|Evasion Moves Clause: Evasion moves are banned
|rule|Evasion Abilities Clause: Evasion abilities are banned
|rule|Sleep Moves Clause: Sleep-inducing moves are banned
|clearpoke
|poke|p1|Deoxys-Speed|
|poke|p1|Ceruledge, M|
|poke|p1|Dragonite, F|
|poke|p1|Iron Crown|
|poke|p1|Darkrai|
|poke|p1|Great Tusk|
|poke|p2|Luxray, F|
|poke|p2|Noctowl, F|
|poke|p2|Alomomola, M|
|poke|p2|Meowstic, M|
|poke|p2|Incineroar, F|
|poke|p2|Meowscarada, M|
|teampreview
|inactive|Battle timer is ON: inactive players will automatically lose when time's up. (requested by KING丶3266926956今余)
|
|t:|1779952908
|teamsize|p1|6
|teamsize|p2|6
|start
|switch|p1a: Deoxys|Deoxys-Speed|100/100
|switch|p2a: Incineroar|Incineroar, F|100/100
|-ability|p1a: Deoxys|Pressure
|-ability|p2a: Incineroar|Intimidate|boost
|-unboost|p1a: Deoxys|atk|1
|turn|1
|
|t:|1779952912
|move|p1a: Deoxys|Reflect|p1a: Deoxys
|-sidestart|p1: nastykarma|Reflect
|move|p2a: Incineroar|Knock Off|p1a: Deoxys
|-supereffective|p1a: Deoxys
|-damage|p1a: Deoxys|53/100
|-enditem|p1a: Deoxys|Light Clay|[from] move: Knock Off|[of] p2a: Incineroar
|
|upkeep
|turn|2
|
|t:|1779952915
|move|p1a: Deoxys|Light Screen|p1a: Deoxys
|-sidestart|p1: nastykarma|move: Light Screen
|move|p2a: Incineroar|Will-O-Wisp|p1a: Deoxys
|-status|p1a: Deoxys|brn
|
|-damage|p1a: Deoxys|47/100 brn|[from] brn
|upkeep
|turn|3
|
|t:|1779952918
|move|p2a: Incineroar|Parting Shot|p1a: Deoxys
|-unboost|p1a: Deoxys|atk|1
|-unboost|p1a: Deoxys|spa|1
|
|t:|1779952930
|switch|p2a: Alomomola|Alomomola, M|100/100|[from] Parting Shot
|move|p1a: Deoxys|Teleport|p1a: Deoxys
|c|☆nastykarma|!dt rivalry
|c|☆nastykarma|/raw <ul class="utilichart"><li class="result"><span class="col namecol"><a href="https://dex.pokemonshowdown.com/abilities/rivalry">Rivalry</a></span> <span class="col abilitydesccol">This Pokemon's attacks do 1.25x on same gender targets; 0.75x on opposite gender.</span> </li><li style="clear:both"></li></ul>
|c|☆nastykarma|/raw <font size="1"><font color="#686868">Gen:</font> 4</font>

|
|t:|1779952949
|switch|p1a: Darkrai|Darkrai|100/100|[from] Teleport
|
|upkeep
|turn|4
|
|t:|1779952953
|move|p1a: Darkrai|Nasty Plot|p1a: Darkrai
|-boost|p1a: Darkrai|spa|2
|move|p2a: Alomomola|Flip Turn|p1a: Darkrai
|-damage|p1a: Darkrai|89/100
|
|t:|1779952964
|switch|p2a: Incineroar|Incineroar, F|100/100|[from] Flip Turn
|-ability|p2a: Incineroar|Intimidate|boost
|-unboost|p1a: Darkrai|atk|1
|
|upkeep
|turn|5
|
|t:|1779952968
|move|p1a: Darkrai|Sludge Bomb|p2a: Incineroar
|-damage|p2a: Incineroar|36/100
|move|p2a: Incineroar|Parting Shot|p1a: Darkrai
|-unboost|p1a: Darkrai|atk|1
|-unboost|p1a: Darkrai|spa|1
|
|t:|1779952983
|switch|p2a: Alomomola|Alomomola, M|100/100|[from] Parting Shot
|
|upkeep
|turn|6
|
|t:|1779952989
|move|p1a: Darkrai|Nasty Plot|p1a: Darkrai
|-boost|p1a: Darkrai|spa|2
|move|p2a: Alomomola|Flip Turn|p1a: Darkrai
|-damage|p1a: Darkrai|78/100
|
|t:|1779953003
|switch|p2a: Meowstic|Meowstic, M|100/100|[from] Flip Turn
|
|-sideend|p1: nastykarma|move: Light Screen
|upkeep
|turn|7
|
|t:|1779953007
|move|p2a: Meowstic|Light Screen|p2a: Meowstic
|-sidestart|p2: KING丶3266926956今余|move: Light Screen
|move|p1a: Darkrai|Dark Pulse|p2a: Meowstic
|-supereffective|p2a: Meowstic
|-damage|p2a: Meowstic|0 fnt
|faint|p2a: Meowstic
|
|upkeep
|
|t:|1779953014
|switch|p2a: Noctowl|Noctowl, F|100/100
|turn|8
|
|t:|1779953016
|move|p1a: Darkrai|Ice Beam|p2a: Noctowl
|-supereffective|p2a: Noctowl
|-damage|p2a: Noctowl|16/100
|move|p2a: Noctowl|Tailwind|p2a: Noctowl
|-sidestart|p2: KING丶3266926956今余|move: Tailwind
|
|-sideend|p1: nastykarma|Reflect
|upkeep
|turn|9
|
|t:|1779953028
|move|p2a: Noctowl|Hyper Voice|p1a: Darkrai
|-damage|p1a: Darkrai|25/100
|move|p1a: Darkrai|Nasty Plot|p1a: Darkrai
|-boost|p1a: Darkrai|spa|2
|
|upkeep
|turn|10
|
|t:|1779953033
|move|p2a: Noctowl|Hyper Voice|p1a: Darkrai
|-damage|p1a: Darkrai|0 fnt
|faint|p1a: Darkrai
|
|upkeep
|
|t:|1779953036
|switch|p1a: Deoxys|Deoxys-Speed|47/100 brn
|-ability|p1a: Deoxys|Pressure
|turn|11
|
|t:|1779953041
|move|p1a: Deoxys|Light Screen|p1a: Deoxys
|-sidestart|p1: nastykarma|move: Light Screen
|move|p2a: Noctowl|Hyper Voice|p1a: Deoxys
|-damage|p1a: Deoxys|22/100 brn
|
|-damage|p1a: Deoxys|16/100 brn|[from] brn
|-sideend|p2: KING丶3266926956今余|move: Light Screen
|-sideend|p2: KING丶3266926956今余|move: Tailwind
|upkeep
|turn|12
|
|t:|1779953048
|move|p1a: Deoxys|Reflect|p1a: Deoxys
|-sidestart|p1: nastykarma|Reflect
|move|p2a: Noctowl|Defog|p1a: Deoxys
|-unboost|p1a: Deoxys|evasion|1
|-sideend|p1: nastykarma|Reflect
|-sideend|p1: nastykarma|move: Light Screen
|
|-damage|p1a: Deoxys|10/100 brn|[from] brn
|upkeep
|turn|13
|
|t:|1779953053
|switch|p2a: Alomomola|Alomomola, M|100/100
|move|p1a: Deoxys|Taunt|p2a: Alomomola
|-start|p2a: Alomomola|move: Taunt
|
|-damage|p1a: Deoxys|3/100 brn|[from] brn
|upkeep
|turn|14
|
|t:|1779953063
|move|p1a: Deoxys|Reflect|p1a: Deoxys
|-sidestart|p1: nastykarma|Reflect
|move|p2a: Alomomola|Flip Turn|p1a: Deoxys
|-damage|p1a: Deoxys|0 fnt
|faint|p1a: Deoxys
|
|t:|1779953070
|switch|p2a: Meowscarada|Meowscarada, M|100/100|[from] Flip Turn
|
|upkeep
|
|t:|1779953076
|switch|p1a: Dragonite|Dragonite, F|100/100
|turn|15
|
|t:|1779953080
|move|p2a: Meowscarada|Triple Axel|p1a: Dragonite
|-start|p2a: Meowscarada|typechange|Ice|[from] ability: Protean
|-supereffective|p1a: Dragonite
|-damage|p1a: Dragonite|84/100
|-supereffective|p1a: Dragonite
|-damage|p1a: Dragonite|21/100
|-supereffective|p1a: Dragonite
|-damage|p1a: Dragonite|0 fnt
|faint|p1a: Dragonite
|-hitcount|p1: Dragonite|3
|
|upkeep
|
|t:|1779953091
|switch|p1a: Ceruledge|Ceruledge, M|100/100
|turn|16
|
|t:|1779953096
|switch|p2a: Alomomola|Alomomola, M|100/100
|move|p1a: Ceruledge|Swords Dance|p1a: Ceruledge
|-boost|p1a: Ceruledge|atk|2
|
|upkeep
|turn|17
|
|t:|1779953116
|switch|p2a: Incineroar|Incineroar, F|36/100
|-ability|p2a: Incineroar|Intimidate|boost
|-unboost|p1a: Ceruledge|atk|1
|move|p1a: Ceruledge|Swords Dance|p1a: Ceruledge
|-boost|p1a: Ceruledge|atk|2
|
|upkeep
|turn|18
|
|t:|1779953131
|move|p1a: Ceruledge|Bitter Blade|p2a: Incineroar
|-resisted|p2a: Incineroar
|-damage|p2a: Incineroar|0 fnt
|faint|p2a: Incineroar
|
|-sideend|p1: nastykarma|Reflect
|upkeep
|
|t:|1779953135
|switch|p2a: Alomomola|Alomomola, M|100/100
|turn|19
|
|t:|1779953138
|move|p1a: Ceruledge|Poltergeist|p2a: Alomomola
|-activate|p2a: Alomomola|move: Poltergeist|Lagging Tail
|-damage|p2a: Alomomola|0 fnt
|faint|p2a: Alomomola
|
|upkeep
|
|t:|1779953145
|switch|p2a: Luxray|Luxray, F|100/100
|turn|20
|
|t:|1779953148
|move|p1a: Ceruledge|Bitter Blade|p2a: Luxray
|-damage|p2a: Luxray|0 fnt
|faint|p2a: Luxray
|
|upkeep
|
|t:|1779953151
|switch|p2a: Meowscarada|Meowscarada, M|100/100
|turn|21
|
|t:|1779953155
|-terastallize|p1a: Ceruledge|Grass
|move|p2a: Meowscarada|Triple Axel|p1a: Ceruledge
|-start|p2a: Meowscarada|typechange|Ice|[from] ability: Protean
|-supereffective|p1a: Ceruledge
|-damage|p1a: Ceruledge|63/100
|-ability|p1a: Ceruledge|Weak Armor|boost
|-unboost|p1a: Ceruledge|def|1
|-boost|p1a: Ceruledge|spe|2
|-supereffective|p1a: Ceruledge
|-damage|p1a: Ceruledge|0 fnt
|faint|p1a: Ceruledge
|-hitcount|p1: Ceruledge|2
|
|upkeep
|
|t:|1779953168
|switch|p1a: Great Tusk|Great Tusk|100/100
|turn|22
|
|t:|1779953172
|move|p2a: Meowscarada|Triple Axel|p1a: Great Tusk
|-supereffective|p1a: Great Tusk
|-damage|p1a: Great Tusk|81/100
|-hitcount|p1a: Great Tusk|1
|move|p1a: Great Tusk|Rapid Spin|p2a: Meowscarada
|-damage|p2a: Meowscarada|75/100
|-boost|p1a: Great Tusk|spe|1
|
|upkeep
|turn|23
|
|t:|1779953180
|-terastallize|p2a: Meowscarada|Poison
|move|p1a: Great Tusk|Close Combat|p2a: Meowscarada
|-resisted|p2a: Meowscarada
|-damage|p2a: Meowscarada|25/100
|-unboost|p1a: Great Tusk|def|1
|-unboost|p1a: Great Tusk|spd|1
|move|p2a: Meowscarada|Triple Axel|p1a: Great Tusk
|-supereffective|p1a: Great Tusk
|-damage|p1a: Great Tusk|49/100
|-supereffective|p1a: Great Tusk
|-damage|p1a: Great Tusk|0 fnt
|faint|p1a: Great Tusk
|-end|p1a: Great Tusk|Protosynthesis|[silent]
|-hitcount|p1: Great Tusk|2
|
|upkeep
|
|t:|1779953185
|switch|p1a: Iron Crown|Iron Crown|100/100
|-enditem|p1a: Iron Crown|Booster Energy
|-activate|p1a: Iron Crown|ability: Quark Drive|[fromitem]
|-start|p1a: Iron Crown|quarkdrivespe
|turn|24
|
|t:|1779953192
|switch|p2a: Noctowl|Noctowl, F|16/100
|move|p1a: Iron Crown|Psyshock|p2a: Noctowl
|-damage|p2a: Noctowl|0 fnt
|faint|p2a: Noctowl
|
|upkeep
|
|t:|1779953197
|switch|p2a: Meowscarada|Meowscarada, M, tera:Poison|25/100
|turn|25
|
|t:|1779953201
|move|p2a: Meowscarada|Sucker Punch|p1a: Iron Crown
|-supereffective|p1a: Iron Crown
|-damage|p1a: Iron Crown|9/100
|move|p1a: Iron Crown|Psyshock|p2a: Meowscarada
|-supereffective|p2a: Meowscarada
|-damage|p2a: Meowscarada|0 fnt
|faint|p2a: Meowscarada
|
|win|nastykarma
|raw|nastykarma's rating: 1307 &rarr; <strong>1327</strong><br />(+20 for winning)
|raw|KING丶3266926956今余's rating: 1308 &rarr; <strong>1288</strong><br />(-20 for losing)
|l|☆nastykarma
|player|p1|
|l|☆KING丶3266926956今余
|player|p2|
