|j|☆yamper supremacy
|j|☆glimpseman
|t:|1779941365
|gametype|singles
|player|p1|yamper supremacy|rood|1521
|player|p2|glimpseman|#wcor2025canada|1601
|gen|9
|tier|[Gen 9] OU
|rated|
|rule|HP Percentage Mod: HP is shown in percentages
|rule|Endless Battle Clause: Forcing endless battles is banned
|rule|Species Clause: Limit one of each Pokémon
|rule|OHKO Clause: OHKO moves are banned
|rule|Evasion Items Clause: Evasion items are banned
|rule|Evasion Moves Clause: Evasion moves are banned
|rule|Evasion Abilities Clause: Evasion abilities are banned
|rule|Sleep Moves Clause: Sleep-inducing moves are banned
|clearpoke
|poke|p1|Conkeldurr, F|
|poke|p1|Cinderace, F|
|poke|p1|Slowking-Galar, M|
|poke|p1|Corviknight, F|
|poke|p1|Raging Bolt|
|poke|p1|Greninja-*, M|
|poke|p2|Toxtricity, M|
|poke|p2|Gholdengo|
|poke|p2|Ting-Lu|
|poke|p2|Glimmora, F|
|poke|p2|Iron Valiant|
|poke|p2|Rillaboom, M|
|teampreview
|inactive|Battle timer is ON: inactive players will automatically lose when time's up. (requested by glimpseman)
|inactive|yamper supremacy also wants the timer to be on.
|inactive|glimpseman has 120 seconds left.
|
|t:|1779941397
|teamsize|p1|6
|teamsize|p2|6
|start
|switch|p1a: Greninja|Greninja, M|100/100
|switch|p2a: Rillaboom|Rillaboom, M|100/100
|-fieldstart|move: Grassy Terrain|[from] ability: Grassy Surge|[of] p2a: Rillaboom
|turn|1
|
|t:|1779941404
|switch|p1a: Corviknight|Corviknight, F|100/100
|-ability|p1a: Corviknight|Pressure
|move|p2a: Rillaboom|Knock Off|p1a: Corviknight
|-damage|p1a: Corviknight|80/100
|-damage|p2a: Rillaboom|84/100|[from] item: Rocky Helmet|[of] p1a: Corviknight
|-enditem|p1a: Corviknight|Rocky Helmet|[from] move: Knock Off|[of] p2a: Rillaboom
|
|-heal|p2a: Rillaboom|90/100|[from] Grassy Terrain
|upkeep
|turn|2
|
|t:|1779941409
|switch|p2a: Gholdengo|Gholdengo|100/100
|move|p1a: Corviknight|U-turn|p2a: Gholdengo
|-resisted|p2a: Gholdengo
|-damage|p2a: Gholdengo|97/100
|
|t:|1779941418
|switch|p1a: Conkeldurr|Conkeldurr, F|100/100|[from] U-turn
|
|-heal|p2a: Gholdengo|100/100|[from] Grassy Terrain
|-status|p1a: Conkeldurr|brn|[from] item: Flame Orb
|upkeep
|turn|3
|
|t:|1779941428
|switch|p2a: Glimmora|Glimmora, F|100/100
|move|p1a: Conkeldurr|Knock Off|p2a: Glimmora
|-damage|p2a: Glimmora|57/100
|-activate|p2a: Glimmora|ability: Toxic Debris
|-sidestart|p1: yamper supremacy|move: Toxic Spikes
|-enditem|p2a: Glimmora|Heavy-Duty Boots|[from] move: Knock Off|[of] p1a: Conkeldurr
|
|-heal|p2a: Glimmora|63/100|[from] Grassy Terrain
|-damage|p1a: Conkeldurr|94/100 brn|[from] brn
|upkeep
|turn|4
|
|t:|1779941438
|switch|p1a: Slowking|Slowking-Galar, M|100/100
|-sideend|p1: yamper supremacy|move: Toxic Spikes|[of] p1a: Slowking
|move|p2a: Glimmora|Stealth Rock|p1a: Slowking
|-sidestart|p1: yamper supremacy|move: Stealth Rock
|
|-heal|p2a: Glimmora|69/100|[from] Grassy Terrain
|upkeep
|turn|5
|
|t:|1779941442
|move|p2a: Glimmora|Earth Power|p1a: Slowking
|-supereffective|p1a: Slowking
|-damage|p1a: Slowking|77/100
|move|p1a: Slowking|Future Sight|p2a: Glimmora
|-start|p1a: Slowking|move: Future Sight
|
|-heal|p2a: Glimmora|75/100|[from] Grassy Terrain
|-heal|p1a: Slowking|83/100|[from] Grassy Terrain
|-fieldend|move: Grassy Terrain
|upkeep
|turn|6
|
|t:|1779941454
|switch|p2a: Gholdengo|Gholdengo|100/100
|move|p1a: Slowking|Psyshock|p2a: Gholdengo
|-resisted|p2a: Gholdengo
|-damage|p2a: Gholdengo|85/100
|
|upkeep
|turn|7
|
|t:|1779941460
|move|p2a: Gholdengo|Thunder Wave|p1a: Slowking
|-status|p1a: Slowking|par
|move|p1a: Slowking|Flamethrower|p2a: Gholdengo
|-supereffective|p2a: Gholdengo
|-damage|p2a: Gholdengo|18/100
|-status|p2a: Gholdengo|brn
|
|-end|p2a: Gholdengo|move: Future Sight
|-resisted|p2a: Gholdengo
|-damage|p2a: Gholdengo|0 fnt
|faint|p2a: Gholdengo
|upkeep
|
|t:|1779941467
|switch|p2a: Ting-Lu|Ting-Lu|100/100
|-ability|p2a: Ting-Lu|Vessel of Ruin
|turn|8
|inactive|yamper supremacy has 120 seconds left.
|
|t:|1779941499
|switch|p1a: Corviknight|Corviknight, F|80/100
|-damage|p1a: Corviknight|68/100|[from] Stealth Rock
|-ability|p1a: Corviknight|Pressure
|move|p2a: Ting-Lu|Ruination|p1a: Corviknight
|-damage|p1a: Corviknight|34/100
|
|upkeep
|turn|9
|
|t:|1779941504
|move|p1a: Corviknight|U-turn|p2a: Ting-Lu
|-supereffective|p2a: Ting-Lu
|-damage|p2a: Ting-Lu|85/100
|
|t:|1779941508
|switch|p1a: Cinderace|Cinderace, F|100/100|[from] U-turn
|move|p2a: Ting-Lu|Ruination|p1a: Cinderace
|-damage|p1a: Cinderace|51/100
|
|-heal|p2a: Ting-Lu|91/100|[from] item: Leftovers
|upkeep
|turn|10
|
|t:|1779941514
|switch|p2a: Glimmora|Glimmora, F|75/100
|move|p1a: Cinderace|Will-O-Wisp|p2a: Glimmora
|-status|p2a: Glimmora|brn
|
|-damage|p2a: Glimmora|69/100 brn|[from] brn
|upkeep
|turn|11
|
|t:|1779941532
|switch|p1a: Slowking|Slowking-Galar, M|100/100 par
|-damage|p1a: Slowking|88/100 par|[from] Stealth Rock
|move|p2a: Glimmora|Power Gem|p1a: Slowking
|-damage|p1a: Slowking|70/100 par
|
|-damage|p2a: Glimmora|63/100 brn|[from] brn
|upkeep
|turn|12
|
|t:|1779941534
|move|p2a: Glimmora|Earth Power|p1a: Slowking
|-supereffective|p1a: Slowking
|-damage|p1a: Slowking|42/100 par
|move|p1a: Slowking|Future Sight|p2a: Glimmora
|-start|p1a: Slowking|move: Future Sight
|
|-damage|p2a: Glimmora|57/100 brn|[from] brn
|upkeep
|turn|13
|
|t:|1779941541
|switch|p2a: Ting-Lu|Ting-Lu|91/100
|-ability|p2a: Ting-Lu|Vessel of Ruin
|move|p1a: Slowking|Psyshock|p2a: Ting-Lu
|-immune|p2a: Ting-Lu
|
|-heal|p2a: Ting-Lu|97/100|[from] item: Leftovers
|upkeep
|turn|14
|
|t:|1779941547
|switch|p1a: Conkeldurr|Conkeldurr, F|94/100 brn
|-damage|p1a: Conkeldurr|88/100 brn|[from] Stealth Rock
|move|p2a: Ting-Lu|Ruination|p1a: Conkeldurr
|-damage|p1a: Conkeldurr|44/100 brn
|
|-end|p2a: Ting-Lu|move: Future Sight
|-immune|p2a: Ting-Lu
|-heal|p2a: Ting-Lu|100/100|[from] item: Leftovers
|-damage|p1a: Conkeldurr|38/100 brn|[from] brn
|upkeep
|turn|15
|
|t:|1779941552
|move|p1a: Conkeldurr|Drain Punch|p2a: Ting-Lu
|-supereffective|p2a: Ting-Lu
|-damage|p2a: Ting-Lu|21/100
|-heal|p1a: Conkeldurr|88/100 brn|[from] drain|[of] p2a: Ting-Lu
|move|p2a: Ting-Lu|Stomping Tantrum|p1a: Conkeldurr
|-damage|p1a: Conkeldurr|52/100 brn
|
|-heal|p2a: Ting-Lu|27/100|[from] item: Leftovers
|-damage|p1a: Conkeldurr|46/100 brn|[from] brn
|upkeep
|turn|16
|
|t:|1779941559
|move|p1a: Conkeldurr|Drain Punch|p2a: Ting-Lu
|-supereffective|p2a: Ting-Lu
|-damage|p2a: Ting-Lu|0 fnt
|-heal|p1a: Conkeldurr|63/100 brn|[from] drain|[of] p2a: Ting-Lu
|faint|p2a: Ting-Lu
|
|-damage|p1a: Conkeldurr|57/100 brn|[from] brn
|upkeep
|
|t:|1779941566
|switch|p2a: Iron Valiant|Iron Valiant|100/100
|-enditem|p2a: Iron Valiant|Booster Energy
|-activate|p2a: Iron Valiant|ability: Quark Drive|[fromitem]
|-start|p2a: Iron Valiant|quarkdrivespe
|turn|17
|
|t:|1779941572
|switch|p1a: Corviknight|Corviknight, F|34/100
|-damage|p1a: Corviknight|22/100|[from] Stealth Rock
|-ability|p1a: Corviknight|Pressure
|move|p2a: Iron Valiant|Swords Dance|p2a: Iron Valiant
|-boost|p2a: Iron Valiant|atk|2
|
|upkeep
|turn|18
|
|t:|1779941577
|move|p2a: Iron Valiant|Knock Off|p1a: Corviknight
|-damage|p1a: Corviknight|0 fnt
|faint|p1a: Corviknight
|
|upkeep
|
|t:|1779941588
|switch|p1a: Raging Bolt|Raging Bolt|100/100
|-damage|p1a: Raging Bolt|88/100|[from] Stealth Rock
|-enditem|p1a: Raging Bolt|Booster Energy
|-activate|p1a: Raging Bolt|ability: Protosynthesis|[fromitem]
|-start|p1a: Raging Bolt|protosynthesisspa
|turn|19
|
|t:|1779941598
|-terastallize|p2a: Iron Valiant|Ground
|move|p1a: Raging Bolt|Thunderclap|p2a: Iron Valiant
|-immune|p2a: Iron Valiant
|move|p2a: Iron Valiant|Close Combat|p1a: Raging Bolt
|-damage|p1a: Raging Bolt|0 fnt
|-unboost|p2a: Iron Valiant|def|1
|-unboost|p2a: Iron Valiant|spd|1
|faint|p1a: Raging Bolt
|-end|p1a: Raging Bolt|Protosynthesis|[silent]
|
|upkeep
|
|t:|1779941603
|switch|p1a: Greninja|Greninja, M|100/100
|-damage|p1a: Greninja|88/100|[from] Stealth Rock
|turn|20
|
|t:|1779941605
|-terastallize|p1a: Greninja|Water
|move|p1a: Greninja|Water Shuriken|p2a: Iron Valiant
|-supereffective|p2a: Iron Valiant
|-damage|p2a: Iron Valiant|39/100
|-supereffective|p2a: Iron Valiant
|-damage|p2a: Iron Valiant|0 fnt
|faint|p2a: Iron Valiant
|-end|p2a: Iron Valiant|Quark Drive|[silent]
|-ability|p1a: Greninja|Battle Bond|boost
|-boost|p1a: Greninja|atk|1
|-boost|p1a: Greninja|spa|1
|-boost|p1a: Greninja|spe|1
|-activate|p1a: Greninja|ability: Battle Bond
|-hitcount|p2: Iron Valiant|2
|-damage|p1a: Greninja|78/100|[from] item: Life Orb
|
|upkeep
|
|t:|1779941610
|switch|p2a: Rillaboom|Rillaboom, M|90/100
|-fieldstart|move: Grassy Terrain|[from] ability: Grassy Surge|[of] p2a: Rillaboom
|turn|21
|
|t:|1779941613
|switch|p1a: Slowking|Slowking-Galar, M|76/100 par
|-damage|p1a: Slowking|63/100 par|[from] Stealth Rock
|move|p2a: Rillaboom|U-turn|p1a: Slowking
|-damage|p1a: Slowking|37/100 par
|
|t:|1779941616
|switch|p2a: Toxtricity|Toxtricity, M, shiny|100/100|[from] U-turn
|
|-heal|p1a: Slowking|43/100 par|[from] Grassy Terrain
|upkeep
|turn|22
|
|t:|1779941622
|move|p2a: Toxtricity|Hex|p1a: Slowking
|-supereffective|p1a: Slowking
|-damage|p1a: Slowking|0 fnt
|faint|p1a: Slowking
|
|upkeep
|
|t:|1779941627
|switch|p1a: Cinderace|Cinderace, F|51/100
|turn|23
|
|t:|1779941633
|switch|p2a: Glimmora|Glimmora, F|57/100 brn
|move|p1a: Cinderace|Pyro Ball|p2a: Glimmora|[miss]
|-miss|p1a: Cinderace|p2a: Glimmora
|
|-heal|p1a: Cinderace|57/100|[from] Grassy Terrain
|-heal|p2a: Glimmora|63/100 brn|[from] Grassy Terrain
|-damage|p2a: Glimmora|57/100 brn|[from] brn
|upkeep
|turn|24
|
|t:|1779941638
|move|p1a: Cinderace|Pyro Ball|p2a: Glimmora
|-resisted|p2a: Glimmora
|-damage|p2a: Glimmora|41/100 brn
|-activate|p2a: Glimmora|ability: Toxic Debris
|-sidestart|p1: yamper supremacy|move: Toxic Spikes
|move|p2a: Glimmora|Mortal Spin|p1a: Cinderace
|-damage|p1a: Cinderace|53/100
|-status|p1a: Cinderace|psn
|
|-heal|p1a: Cinderace|60/100 psn|[from] Grassy Terrain
|-heal|p2a: Glimmora|47/100 brn|[from] Grassy Terrain
|-damage|p1a: Cinderace|47/100 psn|[from] psn
|-damage|p2a: Glimmora|41/100 brn|[from] brn
|upkeep
|turn|25
|
|t:|1779941641
|move|p1a: Cinderace|Court Change|p1a: Cinderace
|-start|p1a: Cinderace|typechange|Normal|[from] ability: Libero
|-swapsideconditions
|-activate|p1a: Cinderace|move: Court Change
|move|p2a: Glimmora|Power Gem|p1a: Cinderace
|-damage|p1a: Cinderace|8/100 psn
|
|-heal|p1a: Cinderace|15/100 psn|[from] Grassy Terrain
|-heal|p2a: Glimmora|47/100 brn|[from] Grassy Terrain
|-damage|p1a: Cinderace|2/100 psn|[from] psn
|-damage|p2a: Glimmora|41/100 brn|[from] brn
|-fieldend|move: Grassy Terrain
|upkeep
|turn|26
|
|t:|1779941651
|switch|p1a: Conkeldurr|Conkeldurr, F|57/100 brn
|move|p2a: Glimmora|Mortal Spin|p1a: Conkeldurr
|-damage|p1a: Conkeldurr|54/100 brn
|-sideend|p2: glimpseman|Toxic Spikes|[from] move: Mortal Spin|[of] p2a: Glimmora
|-sideend|p2: glimpseman|Stealth Rock|[from] move: Mortal Spin|[of] p2a: Glimmora
|
|-damage|p2a: Glimmora|35/100 brn|[from] brn
|-damage|p1a: Conkeldurr|48/100 brn|[from] brn
|upkeep
|turn|27
|
|t:|1779941654
|move|p2a: Glimmora|Earth Power|p1a: Conkeldurr
|-damage|p1a: Conkeldurr|16/100 brn
|move|p1a: Conkeldurr|Drain Punch|p2a: Glimmora
|-damage|p2a: Glimmora|0 fnt
|-heal|p1a: Conkeldurr|31/100 brn|[from] drain|[of] p2a: Glimmora
|-activate|p2a: Glimmora|ability: Toxic Debris
|-sidestart|p1: yamper supremacy|move: Toxic Spikes
|faint|p2a: Glimmora
|
|-damage|p1a: Conkeldurr|25/100 brn|[from] brn
|upkeep
|
|t:|1779941661
|switch|p2a: Rillaboom|Rillaboom, M|90/100
|-fieldstart|move: Grassy Terrain|[from] ability: Grassy Surge|[of] p2a: Rillaboom
|turn|28
|
|t:|1779941670
|move|p2a: Rillaboom|Grassy Glide|p1a: Conkeldurr
|-damage|p1a: Conkeldurr|0 fnt
|faint|p1a: Conkeldurr
|
|-heal|p2a: Rillaboom|96/100|[from] Grassy Terrain
|upkeep
|
|t:|1779941673
|switch|p1a: Cinderace|Cinderace, F|2/100 psn
|turn|29
|
|t:|1779941676
|move|p2a: Rillaboom|Grassy Glide|p1a: Cinderace
|-resisted|p1a: Cinderace
|-damage|p1a: Cinderace|0 fnt
|faint|p1a: Cinderace
|
|-heal|p2a: Rillaboom|100/100|[from] Grassy Terrain
|upkeep
|-message|yamper supremacy forfeited.
|
|win|glimpseman
|raw|yamper supremacy's rating: 1521 &rarr; <strong>1506</strong><br />(-15 for losing)
|raw|glimpseman's rating: 1601 &rarr; <strong>1616</strong><br />(+15 for winning)
|l|☆yamper supremacy
|player|p1|
|l|☆glimpseman
|player|p2|
