|j|☆minhoto
|j|☆diffusedturtle
|t:|1779960730
|gametype|singles
|player|p1|minhoto|266|1482
|player|p2|diffusedturtle|musician|1513
|gen|9
|tier|[Gen 9] OU
|rated|
|rule|HP Percentage Mod: HP is shown in percentages
|rule|Endless Battle Clause: Forcing endless battles is banned
|rule|Species Clause: Limit one of each Pokémon
|rule|OHKO Clause: OHKO moves are banned
|rule|Evasion Items Clause: Evasion items are banned
|rule|Evasion Moves Clause: Evasion moves are banned
|rule|Evasion Abilities Clause: Evasion abilities are banned
|rule|Sleep Moves Clause: Sleep-inducing moves are banned
|clearpoke
|poke|p1|Blissey, F|
|poke|p1|Corviknight, F|
|poke|p1|Cinderace, M|
|poke|p1|Dondozo, M|
|poke|p1|Slowking-Galar, F|
|poke|p1|Toxapex, M|
|poke|p2|Floatzel, F|
|poke|p2|Pelipper, M|
|poke|p2|Kleavor, F|
|poke|p2|Raging Bolt|
|poke|p2|Iron Treads|
|poke|p2|Iron Valiant|
|teampreview
|inactive|Battle timer is ON: inactive players will automatically lose when time's up. (requested by diffusedturtle)
|inactive|minhoto also wants the timer to be on.
|inactive|diffusedturtle has 120 seconds left.
|inactive|diffusedturtle has 90 seconds left.
|
|t:|1779960798
|teamsize|p1|6
|teamsize|p2|6
|start
|switch|p1a: Slowking|Slowking-Galar, F|100/100
|switch|p2a: raging goob|Raging Bolt|100/100
|turn|1
|
|t:|1779960804
|-end|p2a: raging goob|Protosynthesis|[silent]
|switch|p2a: ROADROLLA|Iron Treads|100/100
|move|p1a: Slowking|Trick|p2a: ROADROLLA
|-activate|p1a: Slowking|move: Trick|[of] p2a: ROADROLLA
|-item|p2a: ROADROLLA|Black Sludge|[from] move: Trick
|-item|p1a: Slowking|Heavy-Duty Boots|[from] move: Trick
|
|-damage|p2a: ROADROLLA|88/100|[from] item: Black Sludge
|upkeep
|turn|2
|
|t:|1779960806
|switch|p1a: Corviknight|Corviknight, F|100/100
|-ability|p1a: Corviknight|Pressure
|move|p2a: ROADROLLA|Knock Off|p1a: Corviknight
|-damage|p1a: Corviknight|78/100
|-damage|p2a: ROADROLLA|72/100|[from] item: Rocky Helmet|[of] p1a: Corviknight
|-enditem|p1a: Corviknight|Rocky Helmet|[from] move: Knock Off|[of] p2a: ROADROLLA
|
|-damage|p2a: ROADROLLA|59/100|[from] item: Black Sludge
|upkeep
|turn|3
|
|t:|1779960810
|move|p2a: ROADROLLA|Volt Switch|p1a: Corviknight
|-supereffective|p1a: Corviknight
|-damage|p1a: Corviknight|62/100
|
|t:|1779960815
|-end|p2a: ROADROLLA|Quark Drive|[silent]
|switch|p2a: peeko|Pelipper, M|100/100|[from] Volt Switch
|-weather|RainDance|[from] ability: Drizzle|[of] p2a: peeko
|move|p1a: Corviknight|Defog|p2a: peeko
|-unboost|p2a: peeko|evasion|1
|
|-weather|RainDance|[upkeep]
|upkeep
|turn|4
|
|t:|1779960821
|switch|p1a: Slowking|Slowking-Galar, F|100/100
|move|p2a: peeko|U-turn|p1a: Slowking
|-damage|p1a: Slowking|93/100
|
|t:|1779960826
|switch|p2a: BREAK YO WALLS|Floatzel, F|100/100|[from] U-turn
|
|-weather|RainDance|[upkeep]
|upkeep
|turn|5
|
|t:|1779960830
|switch|p1a: Toxapex|Toxapex, M|100/100
|move|p2a: BREAK YO WALLS|Flip Turn|p1a: Toxapex
|-resisted|p1a: Toxapex
|-damage|p1a: Toxapex|80/100
|-damage|p2a: BREAK YO WALLS|84/100|[from] item: Rocky Helmet|[of] p1a: Toxapex
|
|t:|1779960833
|switch|p2a: raging goob|Raging Bolt|100/100|[from] Flip Turn
|
|-weather|RainDance|[upkeep]
|upkeep
|turn|6
|
|t:|1779960849
|-end|p2a: raging goob|Protosynthesis|[silent]
|switch|p2a: Kleavor|Kleavor, F|100/100
|switch|p1a: Blissey|Blissey, F|100/100
|
|-weather|RainDance|[upkeep]
|upkeep
|turn|7
|
|t:|1779960853
|switch|p1a: Dondozo|Dondozo, M|100/100
|move|p2a: Kleavor|Stone Axe|p1a: Dondozo
|-damage|p1a: Dondozo|74/100
|-sidestart|p1: minhoto|move: Stealth Rock
|
|-weather|none
|-heal|p1a: Dondozo|80/100|[from] item: Leftovers
|upkeep
|turn|8
|
|t:|1779960858
|switch|p2a: raging goob|Raging Bolt|100/100
|switch|p1a: Corviknight|Corviknight, F|62/100
|-damage|p1a: Corviknight|49/100|[from] Stealth Rock
|-ability|p1a: Corviknight|Pressure
|
|upkeep
|turn|9
|
|t:|1779960862
|switch|p1a: Slowking|Slowking-Galar, F|100/100
|move|p2a: raging goob|Thunderbolt|p1a: Slowking
|-damage|p1a: Slowking|68/100
|
|upkeep
|turn|10
|
|t:|1779960874
|-end|p2a: raging goob|Protosynthesis|[silent]
|switch|p2a: ROADROLLA|Iron Treads|59/100
|-terastallize|p1a: Slowking|Ground
|move|p1a: Slowking|Toxic|p2a: ROADROLLA
|-immune|p2a: ROADROLLA
|
|-damage|p2a: ROADROLLA|47/100|[from] item: Black Sludge
|upkeep
|turn|11
|
|t:|1779960876
|move|p2a: ROADROLLA|Knock Off|p1a: Slowking
|-damage|p1a: Slowking|40/100
|-enditem|p1a: Slowking|Heavy-Duty Boots|[from] move: Knock Off|[of] p2a: ROADROLLA
|-prepare|p1a: Slowking|Chilly Reception|[premajor]
|move|p1a: Slowking|Chilly Reception|p1a: Slowking
|-weather|Snowscape
|
|t:|1779960879
|switch|p1a: Corviknight|Corviknight, F|49/100|[from] Chilly Reception
|-damage|p1a: Corviknight|37/100|[from] Stealth Rock
|-ability|p1a: Corviknight|Pressure
|
|-weather|Snowscape|[upkeep]
|-damage|p2a: ROADROLLA|34/100|[from] item: Black Sludge
|upkeep
|turn|12
|
|t:|1779960883
|move|p2a: ROADROLLA|Volt Switch|p1a: Corviknight
|-supereffective|p1a: Corviknight
|-damage|p1a: Corviknight|20/100
|
|t:|1779960888
|-end|p2a: ROADROLLA|Quark Drive|[silent]
|switch|p2a: raging goob|Raging Bolt|100/100|[from] Volt Switch
|move|p1a: Corviknight|Roost|p1a: Corviknight
|-heal|p1a: Corviknight|70/100
|-singleturn|p1a: Corviknight|move: Roost
|
|-weather|Snowscape|[upkeep]
|upkeep
|turn|13
|
|t:|1779960891
|switch|p1a: Blissey|Blissey, F|100/100
|-damage|p1a: Blissey|88/100|[from] Stealth Rock
|move|p2a: raging goob|Weather Ball|p1a: Blissey
|-damage|p1a: Blissey|77/100
|
|-weather|Snowscape|[upkeep]
|upkeep
|turn|14
|
|t:|1779960897
|-end|p2a: raging goob|Protosynthesis|[silent]
|switch|p2a: Kleavor|Kleavor, F|100/100
|move|p1a: Blissey|Trick|p2a: Kleavor
|-activate|p1a: Blissey|move: Trick|[of] p2a: Kleavor
|-item|p2a: Kleavor|Choice Specs|[from] move: Trick
|-item|p1a: Blissey|Choice Scarf|[from] move: Trick
|
|-weather|Snowscape|[upkeep]
|upkeep
|turn|15
|
|t:|1779960905
|switch|p1a: Toxapex|Toxapex, M|100/100
|-damage|p1a: Toxapex|88/100|[from] Stealth Rock
|move|p2a: Kleavor|U-turn|p1a: Toxapex
|-resisted|p1a: Toxapex
|-damage|p1a: Toxapex|77/100
|-damage|p2a: Kleavor|84/100|[from] item: Rocky Helmet|[of] p1a: Toxapex
|
|t:|1779960916
|switch|p2a: iron goobiant|Iron Valiant|100/100|[from] U-turn
|-enditem|p2a: iron goobiant|Booster Energy
|-activate|p2a: iron goobiant|ability: Quark Drive|[fromitem]
|-start|p2a: iron goobiant|quarkdrivespe
|
|-weather|none
|upkeep
|turn|16
|
|t:|1779960919
|move|p2a: iron goobiant|Knock Off|p1a: Toxapex
|-damage|p1a: Toxapex|55/100
|-damage|p2a: iron goobiant|84/100|[from] item: Rocky Helmet|[of] p1a: Toxapex
|-enditem|p1a: Toxapex|Rocky Helmet|[from] move: Knock Off|[of] p2a: iron goobiant
|move|p1a: Toxapex|Toxic|p2a: iron goobiant
|-status|p2a: iron goobiant|tox
|
|-damage|p2a: iron goobiant|78/100 tox|[from] psn
|upkeep
|turn|17
|
|t:|1779960923
|move|p2a: iron goobiant|Encore|p1a: Toxapex
|-start|p1a: Toxapex|Encore
|move|p1a: Toxapex|Toxic|p2a: iron goobiant
|-fail|p2a: iron goobiant|tox
|
|-damage|p2a: iron goobiant|65/100 tox|[from] psn
|upkeep
|turn|18
|
|t:|1779960927
|-end|p2a: iron goobiant|Quark Drive|[silent]
|switch|p2a: ROADROLLA|Iron Treads|34/100
|move|p1a: Toxapex|Toxic|p2a: ROADROLLA
|-immune|p2a: ROADROLLA
|
|-damage|p2a: ROADROLLA|22/100|[from] item: Black Sludge
|upkeep
|turn|19
|
|t:|1779960935
|move|p2a: ROADROLLA|Volt Switch|p1a: Toxapex
|-supereffective|p1a: Toxapex
|-damage|p1a: Toxapex|37/100
|
|t:|1779960938
|-end|p2a: ROADROLLA|Quark Drive|[silent]
|switch|p2a: iron goobiant|Iron Valiant|65/100 tox|[from] Volt Switch
|move|p1a: Toxapex|Toxic|p2a: iron goobiant
|-fail|p2a: iron goobiant|tox
|
|-damage|p2a: iron goobiant|59/100 tox|[from] psn
|-end|p1a: Toxapex|Encore
|upkeep
|turn|20
|
|t:|1779960953
|move|p2a: iron goobiant|Close Combat|p1a: Toxapex
|-resisted|p1a: Toxapex
|-damage|p1a: Toxapex|20/100
|-unboost|p2a: iron goobiant|def|1
|-unboost|p2a: iron goobiant|spd|1
|move|p1a: Toxapex|Recover|p1a: Toxapex
|-heal|p1a: Toxapex|70/100
|
|-damage|p2a: iron goobiant|47/100 tox|[from] psn
|upkeep
|turn|21
|
|t:|1779960957
|-end|p2a: iron goobiant|Quark Drive|[silent]
|switch|p2a: raging goob|Raging Bolt|100/100
|move|p1a: Toxapex|Recover|p1a: Toxapex
|-heal|p1a: Toxapex|100/100
|
|upkeep
|turn|22
|
|t:|1779960959
|switch|p1a: Blissey|Blissey, F|77/100
|-damage|p1a: Blissey|64/100|[from] Stealth Rock
|move|p2a: raging goob|Thunderbolt|p1a: Blissey
|-damage|p1a: Blissey|49/100
|-status|p1a: Blissey|par
|
|upkeep
|turn|23
|
|t:|1779960966
|-end|p2a: raging goob|Protosynthesis|[silent]
|switch|p2a: peeko|Pelipper, M|100/100
|-weather|RainDance|[from] ability: Drizzle|[of] p2a: peeko
|-curestatus|p1a: Blissey|par|[from] ability: Natural Cure|[silent]
|switch|p1a: Slowking|Slowking-Galar, F, tera:Ground|73/100
|-damage|p1a: Slowking|67/100|[from] Stealth Rock
|
|-weather|RainDance|[upkeep]
|upkeep
|turn|24
|
|t:|1779960971
|switch|p1a: Corviknight|Corviknight, F|70/100
|-damage|p1a: Corviknight|58/100|[from] Stealth Rock
|-ability|p1a: Corviknight|Pressure
|move|p2a: peeko|Weather Ball|p1a: Corviknight
|-damage|p1a: Corviknight|22/100
|
|-weather|RainDance|[upkeep]
|upkeep
|turn|25
|
|t:|1779960975
|move|p2a: peeko|Weather Ball|p1a: Corviknight
|-damage|p1a: Corviknight|0 fnt
|faint|p1a: Corviknight
|
|-weather|RainDance|[upkeep]
|upkeep
|
|t:|1779960978
|switch|p1a: Cinderace|Cinderace, M|100/100
|turn|26
|
|t:|1779960982
|move|p1a: Cinderace|Court Change|p1a: Cinderace
|-start|p1a: Cinderace|typechange|Normal|[from] ability: Libero
|-swapsideconditions
|-activate|p1a: Cinderace|move: Court Change
|move|p2a: peeko|Weather Ball|p1a: Cinderace
|-damage|p1a: Cinderace|23/100
|
|-weather|RainDance|[upkeep]
|upkeep
|turn|27
|
|t:|1779960994
|move|p1a: Cinderace|U-turn|p2a: peeko
|-resisted|p2a: peeko
|-damage|p2a: peeko|92/100
|
|t:|1779960997
|switch|p1a: Toxapex|Toxapex, M|100/100|[from] U-turn
|move|p2a: peeko|Hurricane|p1a: Toxapex
|-damage|p1a: Toxapex|72/100
|
|-weather|none
|upkeep
|turn|28
|
|t:|1779961003
|move|p2a: peeko|U-turn|p1a: Toxapex
|-resisted|p1a: Toxapex
|-damage|p1a: Toxapex|69/100
|
|t:|1779961007
|switch|p2a: raging goob|Raging Bolt|100/100|[from] U-turn
|-damage|p2a: raging goob|88/100|[from] Stealth Rock
|move|p1a: Toxapex|Liquidation|p2a: raging goob
|-resisted|p2a: raging goob
|-damage|p2a: raging goob|81/100
|
|upkeep
|turn|29
|
|t:|1779961025
|switch|p1a: Slowking|Slowking-Galar, F, tera:Ground|100/100
|move|p2a: raging goob|Thunderbolt|p1a: Slowking
|-immune|p1a: Slowking
|
|upkeep
|turn|30
|
|t:|1779961031
|-end|p2a: raging goob|Protosynthesis|[silent]
|switch|p2a: peeko|Pelipper, M|92/100
|-weather|RainDance|[from] ability: Drizzle|[of] p2a: peeko
|-prepare|p1a: Slowking|Chilly Reception|[premajor]
|move|p1a: Slowking|Chilly Reception|p1a: Slowking
|-weather|Snowscape
|
|t:|1779961035
|switch|p1a: Cinderace|Cinderace, M|23/100|[from] Chilly Reception
|
|-weather|Snowscape|[upkeep]
|upkeep
|turn|31
|
|t:|1779961041
|move|p1a: Cinderace|U-turn|p2a: peeko
|-start|p1a: Cinderace|typechange|Bug|[from] ability: Libero
|-resisted|p2a: peeko
|-damage|p2a: peeko|80/100
|
|t:|1779961043
|switch|p1a: Blissey|Blissey, F|49/100|[from] U-turn
|move|p2a: peeko|U-turn|p1a: Blissey
|-damage|p1a: Blissey|32/100
|
|t:|1779961046
|switch|p2a: ROADROLLA|Iron Treads|22/100|[from] U-turn
|-damage|p2a: ROADROLLA|19/100|[from] Stealth Rock
|
|-weather|Snowscape|[upkeep]
|-damage|p2a: ROADROLLA|6/100|[from] item: Black Sludge
|upkeep
|turn|32
|
|t:|1779961055
|switch|p1a: Toxapex|Toxapex, M|100/100
|move|p2a: ROADROLLA|Rapid Spin|p1a: Toxapex
|-damage|p1a: Toxapex|90/100
|-boost|p2a: ROADROLLA|spe|1
|-sideend|p2: diffusedturtle|Stealth Rock|[from] move: Rapid Spin|[of] p2a: ROADROLLA
|
|-weather|Snowscape|[upkeep]
|-damage|p2a: ROADROLLA|0 fnt|[from] item: Black Sludge
|faint|p2a: ROADROLLA
|-end|p2a: ROADROLLA|Quark Drive|[silent]
|upkeep
|
|t:|1779961062
|switch|p2a: raging goob|Raging Bolt|81/100
|turn|33
|
|t:|1779961072
|-end|p2a: raging goob|Protosynthesis|[silent]
|switch|p2a: iron goobiant|Iron Valiant|47/100 tox
|move|p1a: Toxapex|Toxic|p2a: iron goobiant
|-fail|p2a: iron goobiant|tox
|
|-weather|Snowscape|[upkeep]
|-damage|p2a: iron goobiant|40/100 tox|[from] psn
|upkeep
|turn|34
|
|t:|1779961076
|switch|p1a: Slowking|Slowking-Galar, F, tera:Ground|100/100
|move|p2a: iron goobiant|Encore||[still]
|-fail|p2a: iron goobiant
|
|-weather|none
|-damage|p2a: iron goobiant|28/100 tox|[from] psn
|upkeep
|turn|35
|
|t:|1779961083
|move|p2a: iron goobiant|Close Combat|p1a: Slowking
|-damage|p1a: Slowking|52/100
|-unboost|p2a: iron goobiant|def|1
|-unboost|p2a: iron goobiant|spd|1
|move|p1a: Slowking|Future Sight|p2a: iron goobiant
|-start|p1a: Slowking|move: Future Sight
|
|-damage|p2a: iron goobiant|9/100 tox|[from] psn
|upkeep
|turn|36
|
|t:|1779961087
|-end|p2a: iron goobiant|Quark Drive|[silent]
|switch|p2a: peeko|Pelipper, M|80/100
|-weather|RainDance|[from] ability: Drizzle|[of] p2a: peeko
|-prepare|p1a: Slowking|Chilly Reception|[premajor]
|move|p1a: Slowking|Chilly Reception|p1a: Slowking
|-weather|Snowscape
|
|t:|1779961090
|switch|p1a: Blissey|Blissey, F|32/100|[from] Chilly Reception
|
|-weather|Snowscape|[upkeep]
|upkeep
|turn|37
|
|t:|1779961094
|move|p1a: Blissey|Soft-Boiled|p1a: Blissey
|-heal|p1a: Blissey|82/100
|move|p2a: peeko|U-turn|p1a: Blissey
|-damage|p1a: Blissey|64/100
|
|t:|1779961096
|switch|p2a: Kleavor|Kleavor, F|84/100|[from] U-turn
|
|-weather|Snowscape|[upkeep]
|-end|p2a: Kleavor|move: Future Sight
|-damage|p2a: Kleavor|7/100
|upkeep
|turn|38
|
|t:|1779961103
|switch|p1a: Cinderace|Cinderace, M|23/100
|move|p2a: Kleavor|U-turn|p1a: Cinderace
|-resisted|p1a: Cinderace
|-damage|p1a: Cinderace|0 fnt
|faint|p1a: Cinderace
|
|t:|1779961106
|switch|p2a: peeko|Pelipper, M|80/100|[from] U-turn
|-weather|RainDance|[from] ability: Drizzle|[of] p2a: peeko
|
|-weather|RainDance|[upkeep]
|upkeep
|
|t:|1779961109
|switch|p1a: Blissey|Blissey, F|64/100
|turn|39
|
|t:|1779961111
|move|p1a: Blissey|Stealth Rock|p2a: peeko
|-sidestart|p2: diffusedturtle|move: Stealth Rock
|move|p2a: peeko|Hurricane|p1a: Blissey
|-damage|p1a: Blissey|52/100
|
|-weather|RainDance|[upkeep]
|upkeep
|turn|40
|
|t:|1779961115
|switch|p1a: Toxapex|Toxapex, M|100/100
|move|p2a: peeko|U-turn|p1a: Toxapex
|-resisted|p1a: Toxapex
|-crit|p1a: Toxapex
|-damage|p1a: Toxapex|96/100
|
|t:|1779961120
|switch|p2a: raging goob|Raging Bolt|81/100|[from] U-turn
|-damage|p2a: raging goob|69/100|[from] Stealth Rock
|
|-weather|RainDance|[upkeep]
|upkeep
|turn|41
|
|t:|1779961125
|switch|p1a: Blissey|Blissey, F|52/100
|move|p2a: raging goob|Thunderbolt|p1a: Blissey
|-damage|p1a: Blissey|36/100
|
|-weather|RainDance|[upkeep]
|upkeep
|turn|42
|
|t:|1779961133
|move|p1a: Blissey|Soft-Boiled|p1a: Blissey
|-heal|p1a: Blissey|86/100
|move|p2a: raging goob|Weather Ball|p1a: Blissey
|-damage|p1a: Blissey|70/100
|
|-weather|none
|upkeep
|turn|43
|-message|diffusedturtle forfeited.
|
|win|minhoto
|raw|minhoto's rating: 1482 &rarr; <strong>1504</strong><br />(+22 for winning)
|raw|diffusedturtle's rating: 1513 &rarr; <strong>1491</strong><br />(-22 for losing)
|l|☆diffusedturtle
|player|p2|
|l|☆minhoto
|player|p1|
