|j|☆BIGBODY55
|j|‽PokemonGuy94
|t:|1779928850
|gametype|singles
|player|p1|BIGBODY55|bea|1405
|player|p2|PokemonGuy94|leon|1446
|gen|9
|tier|[Gen 9] OU
|rated|
|rule|HP Percentage Mod: HP is shown in percentages
|rule|Endless Battle Clause: Forcing endless battles is banned
|rule|Species Clause: Limit one of each Pokémon
|rule|OHKO Clause: OHKO moves are banned
|rule|Evasion Items Clause: Evasion items are banned
|rule|Evasion Moves Clause: Evasion moves are banned
|rule|Evasion Abilities Clause: Evasion abilities are banned
|rule|Sleep Moves Clause: Sleep-inducing moves are banned
|clearpoke
|poke|p1|Samurott-Hisui, M|
|poke|p1|Alomomola, M|
|poke|p1|Pelipper, M|
|poke|p1|Talonflame, F|
|poke|p1|Ting-Lu|
|poke|p1|Cinderace, M|
|poke|p2|Grimmsnarl, M|
|poke|p2|Great Tusk|
|poke|p2|Latias, F|
|poke|p2|Ceruledge, M|
|poke|p2|Zamazenta-*|
|poke|p2|Pecharunt|
|teampreview
|inactive|Battle timer is ON: inactive players will automatically lose when time's up. (requested by PokemonGuy94)
|
|t:|1779928867
|teamsize|p1|6
|teamsize|p2|6
|start
|switch|p1a: Pelipper|Pelipper, M, shiny|100/100
|switch|p2a: Pecharunt|Pecharunt|100/100
|-weather|RainDance|[from] ability: Drizzle|[of] p1a: Pelipper
|turn|1
|
|t:|1779928875
|move|p1a: Pelipper|Weather Ball|p2a: Pecharunt
|-damage|p2a: Pecharunt|43/100
|move|p2a: Pecharunt|Nasty Plot|p2a: Pecharunt
|-boost|p2a: Pecharunt|spa|2
|
|-weather|RainDance|[upkeep]
|upkeep
|turn|2
|
|t:|1779928882
|move|p1a: Pelipper|Weather Ball|p2a: Pecharunt
|-damage|p2a: Pecharunt|0 fnt
|faint|p2a: Pecharunt
|
|-weather|RainDance|[upkeep]
|upkeep
|
|t:|1779928888
|switch|p2a: Grimmsnarl|Grimmsnarl, M|100/100
|turn|3
|
|t:|1779928892
|move|p2a: Grimmsnarl|Light Screen|p2a: Grimmsnarl
|-sidestart|p2: PokemonGuy94|move: Light Screen
|move|p1a: Pelipper|Weather Ball|p2a: Grimmsnarl
|-damage|p2a: Grimmsnarl|76/100
|
|-weather|RainDance|[upkeep]
|upkeep
|turn|4
|
|t:|1779928897
|move|p2a: Grimmsnarl|Parting Shot|p1a: Pelipper
|-unboost|p1a: Pelipper|atk|1
|-unboost|p1a: Pelipper|spa|1
|
|t:|1779928901
|switch|p2a: Latias|Latias, F|100/100|[from] Parting Shot
|move|p1a: Pelipper|Weather Ball|p2a: Latias
|-resisted|p2a: Latias
|-damage|p2a: Latias|92/100
|
|-weather|RainDance|[upkeep]
|upkeep
|turn|5
|
|t:|1779928909
|switch|p1a: Alomomola|Alomomola, M, shiny|100/100
|move|p2a: Latias|Calm Mind|p2a: Latias
|-boost|p2a: Latias|spa|1
|-boost|p2a: Latias|spd|1
|
|-weather|RainDance|[upkeep]
|upkeep
|turn|6
|
|t:|1779928915
|-terastallize|p1a: Alomomola|Fairy
|move|p2a: Latias|Agility|p2a: Latias
|-boost|p2a: Latias|spe|2
|move|p1a: Alomomola|Play Rough|p2a: Latias
|-supereffective|p2a: Latias
|-damage|p2a: Latias|0 fnt
|faint|p2a: Latias
|
|-weather|RainDance|[upkeep]
|upkeep
|
|t:|1779928928
|switch|p2a: Ceruledge|Ceruledge, M|100/100
|turn|7
|
|t:|1779928932
|switch|p1a: Ting-Lu|Ting-Lu, shiny|100/100
|-ability|p1a: Ting-Lu|Vessel of Ruin
|move|p2a: Ceruledge|Swords Dance|p2a: Ceruledge
|-boost|p2a: Ceruledge|atk|2
|
|-weather|RainDance|[upkeep]
|upkeep
|turn|8
|
|t:|1779928939
|move|p2a: Ceruledge|Bitter Blade|p1a: Ting-Lu
|-damage|p1a: Ting-Lu|74/100
|move|p1a: Ting-Lu|Earthquake|p2a: Ceruledge
|-supereffective|p2a: Ceruledge
|-enditem|p2a: Ceruledge|Focus Sash
|-damage|p2a: Ceruledge|1/100
|-ability|p2a: Ceruledge|Weak Armor|boost
|-unboost|p2a: Ceruledge|def|1
|-boost|p2a: Ceruledge|spe|2
|
|-weather|none
|upkeep
|turn|9
|
|t:|1779928949
|move|p2a: Ceruledge|Bitter Blade|p1a: Ting-Lu
|-damage|p1a: Ting-Lu|22/100
|-heal|p2a: Ceruledge|47/100|[from] drain|[of] p1a: Ting-Lu
|move|p1a: Ting-Lu|Earthquake|p2a: Ceruledge
|-supereffective|p2a: Ceruledge
|-damage|p2a: Ceruledge|0 fnt
|faint|p2a: Ceruledge
|
|upkeep
|
|t:|1779928958
|switch|p2a: Great Tusk|Great Tusk|100/100
|turn|10
|
|t:|1779928967
|switch|p1a: Pelipper|Pelipper, M, shiny|100/100
|-weather|RainDance|[from] ability: Drizzle|[of] p1a: Pelipper
|move|p2a: Great Tusk|Rapid Spin|p1a: Pelipper
|-damage|p1a: Pelipper|79/100
|-boost|p2a: Great Tusk|spe|1
|
|-weather|RainDance|[upkeep]
|-sideend|p2: PokemonGuy94|move: Light Screen
|upkeep
|turn|11
|inactive|PokemonGuy94 has 120 seconds left.
|
|t:|1779929006
|move|p2a: Great Tusk|Ice Spinner|p1a: Pelipper
|-crit|p1a: Pelipper
|-damage|p1a: Pelipper|24/100
|move|p1a: Pelipper|Weather Ball|p2a: Great Tusk
|-supereffective|p2a: Great Tusk
|-damage|p2a: Great Tusk|0 fnt
|faint|p2a: Great Tusk
|-end|p2a: Great Tusk|Protosynthesis|[silent]
|
|-weather|RainDance|[upkeep]
|upkeep
|
|t:|1779929014
|switch|p2a: Grimmsnarl|Grimmsnarl, M|76/100
|turn|12
|
|t:|1779929025
|move|p2a: Grimmsnarl|Light Screen|p2a: Grimmsnarl
|-sidestart|p2: PokemonGuy94|move: Light Screen
|move|p1a: Pelipper|Roost|p1a: Pelipper
|-heal|p1a: Pelipper|74/100
|-singleturn|p1a: Pelipper|move: Roost
|
|-weather|RainDance|[upkeep]
|upkeep
|turn|13
|
|t:|1779929035
|move|p2a: Grimmsnarl|Parting Shot|p1a: Pelipper
|-unboost|p1a: Pelipper|atk|1
|-unboost|p1a: Pelipper|spa|1
|
|t:|1779929038
|switch|p2a: Zamazenta|Zamazenta|100/100|[from] Parting Shot
|-ability|p2a: Zamazenta|Dauntless Shield|boost
|-boost|p2a: Zamazenta|def|1
|move|p1a: Pelipper|Hurricane|p2a: Zamazenta
|-supereffective|p2a: Zamazenta
|-damage|p2a: Zamazenta|77/100
|
|-weather|RainDance|[upkeep]
|-heal|p2a: Zamazenta|83/100|[from] item: Leftovers
|upkeep
|turn|14
|
|t:|1779929047
|move|p2a: Zamazenta|Iron Defense|p2a: Zamazenta
|-boost|p2a: Zamazenta|def|2
|move|p1a: Pelipper|Hurricane|p2a: Zamazenta
|-supereffective|p2a: Zamazenta
|-damage|p2a: Zamazenta|58/100
|
|-weather|RainDance|[upkeep]
|-heal|p2a: Zamazenta|64/100|[from] item: Leftovers
|upkeep
|turn|15
|
|t:|1779929057
|move|p2a: Zamazenta|Body Press|p1a: Pelipper
|-resisted|p1a: Pelipper
|-damage|p1a: Pelipper|18/100
|move|p1a: Pelipper|Hurricane|p2a: Zamazenta
|-supereffective|p2a: Zamazenta
|-damage|p2a: Zamazenta|43/100
|
|-weather|RainDance|[upkeep]
|-heal|p2a: Zamazenta|49/100|[from] item: Leftovers
|upkeep
|turn|16
|
|t:|1779929065
|move|p2a: Zamazenta|Body Press|p1a: Pelipper
|-resisted|p1a: Pelipper
|-damage|p1a: Pelipper|0 fnt
|faint|p1a: Pelipper
|
|-weather|RainDance|[upkeep]
|-heal|p2a: Zamazenta|55/100|[from] item: Leftovers
|upkeep
|
|t:|1779929076
|switch|p1a: Talonflame|Talonflame, F, shiny|100/100
|turn|17
|
|t:|1779929083
|move|p1a: Talonflame|Hurricane|p2a: Zamazenta
|-supereffective|p2a: Zamazenta
|-damage|p2a: Zamazenta|4/100
|-start|p2a: Zamazenta|confusion
|-activate|p2a: Zamazenta|confusion
|move|p2a: Zamazenta|Body Press|p1a: Talonflame
|-resisted|p1a: Talonflame
|-damage|p1a: Talonflame|42/100
|
|-weather|none
|-heal|p2a: Zamazenta|10/100|[from] item: Leftovers
|upkeep
|turn|18
|l|☆BIGBODY55
|inactive|BIGBODY55 disconnected and has a minute to reconnect!
|player|p1|
|j|☆BIGBODY55
|inactive|BIGBODY55 reconnected and has 150 seconds left.
|player|p1|BIGBODY55|bea|
|-message|PokemonGuy94 forfeited.
|
|win|BIGBODY55
|raw|BIGBODY55's rating: 1405 &rarr; <strong>1427</strong><br />(+22 for winning)
|raw|PokemonGuy94's rating: 1446 &rarr; <strong>1424</strong><br />(-22 for losing)
|c|☆BIGBODY55|Ggs
