|j|‽vanllesco
|j|☆Corphish#1Fan
|t:|1779813559
|gametype|singles
|player|p1|vanllesco|hilbert|1172
|player|p2|Corphish#1Fan|cynthia-gen4|1206
|gen|9
|tier|[Gen 9] OU
|rated|
|rule|HP Percentage Mod: HP is shown in percentages
|rule|Endless Battle Clause: Forcing endless battles is banned
|rule|Species Clause: Limit one of each Pokémon
|rule|OHKO Clause: OHKO moves are banned
|rule|Evasion Items Clause: Evasion items are banned
|rule|Evasion Moves Clause: Evasion moves are banned
|rule|Evasion Abilities Clause: Evasion abilities are banned
|rule|Sleep Moves Clause: Sleep-inducing moves are banned
|clearpoke
|poke|p1|Samurott-Hisui, M|
|poke|p1|Corviknight, M|
|poke|p1|Hatterene, F|
|poke|p1|Umbreon, F|
|poke|p1|Toxtricity-Low-Key, M|
|poke|p1|Garchomp, M|
|poke|p2|Pelipper, F|
|poke|p2|Basculegion-F, F|
|poke|p2|Raging Bolt|
|poke|p2|Corphish, F|
|poke|p2|Iron Treads|
|poke|p2|Tatsugiri, M|
|teampreview
|l|‽vanllesco
|player|p1|
|j|‽vanllesco
|player|p1|vanllesco|hilbert|
|n|‽vanllesco|vanllesco
|n|‽vanllesco|vanllesco
|n|‽vanllesco|vanllesco
|
|t:|1779813634
|teamsize|p1|6
|teamsize|p2|6
|start
|switch|p1a: Samurott|Samurott-Hisui, M|100/100
|switch|p2a: Pelipper|Pelipper, F|100/100
|-weather|RainDance|[from] ability: Drizzle|[of] p2a: Pelipper
|turn|1
|
|t:|1779813641
|move|p1a: Samurott|Ceaseless Edge|p2a: Pelipper
|-damage|p2a: Pelipper|65/100
|-sidestart|p2: Corphish#1Fan|Spikes
|move|p2a: Pelipper|U-turn|p1a: Samurott
|-supereffective|p1a: Samurott
|-damage|p1a: Samurott|79/100
|
|t:|1779813648
|switch|p2a: Tatsugiri|Tatsugiri, M|100/100|[from] U-turn
|-damage|p2a: Tatsugiri|88/100|[from] Spikes
|
|-weather|RainDance|[upkeep]
|-heal|p1a: Samurott|85/100|[from] item: Leftovers
|upkeep
|turn|2
|
|t:|1779813657
|switch|p1a: Hatterene|Hatterene, F|100/100
|move|p2a: Tatsugiri|Draco Meteor|p1a: Hatterene
|-immune|p1a: Hatterene
|
|-weather|RainDance|[upkeep]
|upkeep
|turn|3
|
|t:|1779813662
|switch|p2a: Iron Treads|Iron Treads|100/100
|-damage|p2a: Iron Treads|88/100|[from] Spikes
|-enditem|p2a: Iron Treads|Booster Energy
|-activate|p2a: Iron Treads|ability: Quark Drive|[fromitem]
|-start|p2a: Iron Treads|quarkdrivespe
|move|p1a: Hatterene|Draining Kiss|p2a: Iron Treads
|-resisted|p2a: Iron Treads
|-damage|p2a: Iron Treads|71/100
|
|-weather|RainDance|[upkeep]
|upkeep
|turn|4
|
|t:|1779813671
|switch|p1a: Corviknight|Corviknight, M|100/100
|move|p2a: Iron Treads|Rapid Spin|p1a: Corviknight
|-resisted|p1a: Corviknight
|-damage|p1a: Corviknight|95/100
|-boost|p2a: Iron Treads|spe|1
|-damage|p2a: Iron Treads|55/100|[from] item: Rocky Helmet|[of] p1a: Corviknight
|-sideend|p2: Corphish#1Fan|Spikes|[from] move: Rapid Spin|[of] p2a: Iron Treads
|
|-weather|RainDance|[upkeep]
|upkeep
|turn|5
|
|t:|1779813677
|move|p2a: Iron Treads|Stealth Rock|p1a: Corviknight
|-sidestart|p1: vanllesco|move: Stealth Rock
|move|p1a: Corviknight|U-turn|p2a: Iron Treads
|-resisted|p2a: Iron Treads
|-damage|p2a: Iron Treads|48/100
|
|t:|1779813684
|switch|p1a: Garchomp|Garchomp, M|100/100|[from] U-turn
|-damage|p1a: Garchomp|94/100|[from] Stealth Rock
|
|-weather|RainDance|[upkeep]
|upkeep
|turn|6
|inactive|Battle timer is ON: inactive players will automatically lose when time's up. (requested by vanllesco)
|
|t:|1779813691
|-end|p2a: Iron Treads|Quark Drive|[silent]
|switch|p2a: Tatsugiri|Tatsugiri, M|88/100
|switch|p1a: Corviknight|Corviknight, M|95/100
|-damage|p1a: Corviknight|83/100|[from] Stealth Rock
|
|-weather|RainDance|[upkeep]
|upkeep
|turn|7
|
|t:|1779813696
|move|p2a: Tatsugiri|Hydro Pump|p1a: Corviknight
|-damage|p1a: Corviknight|8/100
|move|p1a: Corviknight|Defog|p2a: Tatsugiri
|-unboost|p2a: Tatsugiri|evasion|1
|-sideend|p1: vanllesco|Stealth Rock|[from] move: Defog|[of] p1a: Corviknight
|
|-weather|RainDance|[upkeep]
|upkeep
|turn|8
|
|t:|1779813705
|move|p2a: Tatsugiri|Hydro Pump|p1a: Corviknight
|-damage|p1a: Corviknight|0 fnt
|faint|p1a: Corviknight
|
|-weather|none
|upkeep
|
|t:|1779813713
|switch|p1a: Toxtricity|Toxtricity-Low-Key, M|100/100
|turn|9
|
|t:|1779813718
|switch|p2a: Iron Treads|Iron Treads|48/100
|move|p1a: Toxtricity|Boomburst|p2a: Iron Treads
|-resisted|p2a: Iron Treads
|-damage|p2a: Iron Treads|2/100
|
|upkeep
|turn|10
|
|t:|1779813723
|switch|p1a: Samurott|Samurott-Hisui, M|85/100
|move|p2a: Iron Treads|Earthquake|p1a: Samurott
|-damage|p1a: Samurott|23/100
|
|-heal|p1a: Samurott|29/100|[from] item: Leftovers
|upkeep
|turn|11
|
|t:|1779813731
|move|p1a: Samurott|Sucker Punch|p2a: Iron Treads
|-damage|p2a: Iron Treads|0 fnt
|faint|p2a: Iron Treads
|-end|p2a: Iron Treads|Quark Drive|[silent]
|
|-heal|p1a: Samurott|35/100|[from] item: Leftovers
|upkeep
|
|t:|1779813737
|switch|p2a: Tatsugiri|Tatsugiri, M|88/100
|turn|12
|inactive|vanllesco has 120 seconds left.
|
|t:|1779813793
|switch|p1a: Hatterene|Hatterene, F|100/100
|move|p2a: Tatsugiri|Draco Meteor|p1a: Hatterene
|-immune|p1a: Hatterene
|
|upkeep
|turn|13
|
|t:|1779813799
|switch|p2a: Pelipper|Pelipper, F|65/100
|-weather|RainDance|[from] ability: Drizzle|[of] p2a: Pelipper
|move|p1a: Hatterene|Draining Kiss|p2a: Pelipper
|-damage|p2a: Pelipper|31/100
|
|-weather|RainDance|[upkeep]
|upkeep
|turn|14
|
|t:|1779813809
|switch|p2a: Basculegion|Basculegion-F, F|100/100
|move|p1a: Hatterene|Calm Mind|p1a: Hatterene
|-boost|p1a: Hatterene|spa|1
|-boost|p1a: Hatterene|spd|1
|
|-weather|RainDance|[upkeep]
|upkeep
|turn|15
|
|t:|1779813814
|-terastallize|p1a: Hatterene|Water
|move|p2a: Basculegion|Shadow Ball|p1a: Hatterene
|-damage|p1a: Hatterene|67/100
|move|p1a: Hatterene|Giga Drain|p2a: Basculegion
|-supereffective|p2a: Basculegion
|-damage|p2a: Basculegion|25/100
|-heal|p1a: Hatterene|100/100|[from] drain|[of] p2a: Basculegion
|
|-weather|RainDance|[upkeep]
|upkeep
|turn|16
|
|t:|1779813821
|move|p2a: Basculegion|Shadow Ball|p1a: Hatterene
|-damage|p1a: Hatterene|63/100
|move|p1a: Hatterene|Giga Drain|p2a: Basculegion
|-supereffective|p2a: Basculegion
|-damage|p2a: Basculegion|0 fnt
|-heal|p1a: Hatterene|78/100|[from] drain|[of] p2a: Basculegion
|faint|p2a: Basculegion
|
|-weather|RainDance|[upkeep]
|upkeep
|
|t:|1779813824
|switch|p2a: Raging Bolt|Raging Bolt|100/100
|-enditem|p2a: Raging Bolt|Booster Energy
|-activate|p2a: Raging Bolt|ability: Protosynthesis|[fromitem]
|-start|p2a: Raging Bolt|protosynthesisspa
|turn|17
|
|t:|1779813828
|move|p2a: Raging Bolt|Thunder|p1a: Hatterene
|-supereffective|p1a: Hatterene
|-damage|p1a: Hatterene|0 fnt
|faint|p1a: Hatterene
|
|-weather|RainDance|[upkeep]
|upkeep
|
|t:|1779813831
|switch|p1a: Garchomp|Garchomp, M|94/100
|turn|18
|
|t:|1779813838
|-terastallize|p2a: Raging Bolt|Fairy
|move|p1a: Garchomp|Earthquake|p2a: Raging Bolt
|-damage|p2a: Raging Bolt|52/100
|move|p2a: Raging Bolt|Dragon Pulse|p1a: Garchomp
|-supereffective|p1a: Garchomp
|-damage|p1a: Garchomp|0 fnt
|faint|p1a: Garchomp
|
|-weather|RainDance|[upkeep]
|upkeep
|
|t:|1779813841
|switch|p1a: Toxtricity|Toxtricity-Low-Key, M|100/100
|turn|19
|
|t:|1779813862
|move|p2a: Raging Bolt|Thunderclap|p1a: Toxtricity
|-resisted|p1a: Toxtricity
|-damage|p1a: Toxtricity|61/100
|move|p1a: Toxtricity|Sludge Wave|p2a: Raging Bolt
|-supereffective|p2a: Raging Bolt
|-damage|p2a: Raging Bolt|0 fnt
|faint|p2a: Raging Bolt
|-end|p2a: Raging Bolt|Protosynthesis|[silent]
|
|-weather|RainDance|[upkeep]
|upkeep
|
|t:|1779813869
|switch|p2a: Corphish|Corphish, F|100/100
|turn|20
|
|t:|1779813874
|move|p2a: Corphish|Aqua Jet|p1a: Toxtricity
|-damage|p1a: Toxtricity|0 fnt
|faint|p1a: Toxtricity
|
|-weather|none
|upkeep
|
|t:|1779813883
|switch|p1a: Samurott|Samurott-Hisui, M|35/100
|turn|21
|
|t:|1779813890
|switch|p2a: Pelipper|Pelipper, F|31/100
|-weather|RainDance|[from] ability: Drizzle|[of] p2a: Pelipper
|move|p1a: Samurott|Sacred Sword|p2a: Pelipper
|-resisted|p2a: Pelipper
|-damage|p2a: Pelipper|15/100
|
|-weather|RainDance|[upkeep]
|-heal|p1a: Samurott|42/100|[from] item: Leftovers
|upkeep
|turn|22
|
|t:|1779813896
|move|p1a: Samurott|Ceaseless Edge|p2a: Pelipper
|-damage|p2a: Pelipper|0 fnt
|-sidestart|p2: Corphish#1Fan|Spikes
|faint|p2a: Pelipper
|
|-weather|RainDance|[upkeep]
|-heal|p1a: Samurott|48/100|[from] item: Leftovers
|upkeep
|
|t:|1779813899
|switch|p2a: Tatsugiri|Tatsugiri, M|88/100
|-damage|p2a: Tatsugiri|76/100|[from] Spikes
|turn|23
|
|t:|1779813911
|move|p2a: Tatsugiri|Draco Meteor|p1a: Samurott|[miss]
|-miss|p2a: Tatsugiri|p1a: Samurott
|move|p1a: Samurott|Ceaseless Edge|p2a: Tatsugiri
|-damage|p2a: Tatsugiri|0 fnt
|-sidestart|p2: Corphish#1Fan|Spikes
|faint|p2a: Tatsugiri
|
|-weather|RainDance|[upkeep]
|-heal|p1a: Samurott|54/100|[from] item: Leftovers
|upkeep
|
|t:|1779813914
|switch|p2a: Corphish|Corphish, F|100/100
|-damage|p2a: Corphish|84/100|[from] Spikes
|turn|24
|
|t:|1779813922
|move|p1a: Samurott|Sacred Sword|p2a: Corphish
|-damage|p2a: Corphish|0 fnt
|faint|p2a: Corphish
|
|win|vanllesco
|raw|vanllesco's rating: 1172 &rarr; <strong>1199</strong><br />(+27 for winning)
|raw|Corphish#1Fan's rating: 1206 &rarr; <strong>1179</strong><br />(-27 for losing)
|l|☆Corphish#1Fan
|player|p2|
|l|‽vanllesco
|player|p1|
|j|‽vanllesco
|player|p1|vanllesco|hilbert|
|n|‽vanllesco|vanllesco
|n|‽vanllesco|vanllesco
|n|‽vanllesco|vanllesco
|n|‽vanllesco|vanllesco
|l|‽vanllesco
|player|p1|
|j|‽vanllesco
|player|p1|vanllesco|hilbert|
|n|‽vanllesco|vanllesco
|n|‽vanllesco|vanllesco
|n|‽vanllesco|vanllesco
|n|‽vanllesco|vanllesco
|n|‽vanllesco|vanllesco
|l|‽vanllesco
|player|p1|
|j|‽vanllesco
|player|p1|vanllesco|hilbert|
|n|‽vanllesco|vanllesco
|n|‽vanllesco|vanllesco
|n|‽vanllesco|vanllesco
|n|‽vanllesco|vanllesco
|n|‽vanllesco|vanllesco
|n|‽vanllesco|vanllesco
