|j|‽sawquarete
|j|☆kampasaurus
|t:|1779857757
|gametype|singles
|player|p1|sawquarete|li|1386
|player|p2|kampasaurus|170|1406
|gen|9
|tier|[Gen 9] OU
|rated|
|rule|HP Percentage Mod: HP is shown in percentages
|rule|Endless Battle Clause: Forcing endless battles is banned
|rule|Species Clause: Limit one of each Pokémon
|rule|OHKO Clause: OHKO moves are banned
|rule|Evasion Items Clause: Evasion items are banned
|rule|Evasion Moves Clause: Evasion moves are banned
|rule|Evasion Abilities Clause: Evasion abilities are banned
|rule|Sleep Moves Clause: Sleep-inducing moves are banned
|clearpoke
|poke|p1|Gholdengo|
|poke|p1|Kingambit, F|
|poke|p1|Hatterene, F|
|poke|p1|Gliscor, M|
|poke|p1|Pecharunt|
|poke|p1|Garganacl, F|
|poke|p2|Alomomola, F|
|poke|p2|Goodra-Hisui, F|
|poke|p2|Cinderace, M|
|poke|p2|Slowking-Galar, M|
|poke|p2|Great Tusk|
|poke|p2|Clefable, F|
|teampreview
|
|t:|1779857771
|teamsize|p1|6
|teamsize|p2|6
|start
|switch|p1a: Gliscor|Gliscor, M|100/100
|switch|p2a: Cinderace|Cinderace, M|100/100
|turn|1
|inactive|Battle timer is ON: inactive players will automatically lose when time's up. (requested by sawquarete)
|
|t:|1779857818
|switch|p2a: Slowking|Slowking-Galar, M|100/100
|move|p1a: Gliscor|Protect||[still]
|-fail|p1a: Gliscor
|
|-status|p1a: Gliscor|tox|[from] item: Toxic Orb
|upkeep
|turn|2
|
|t:|1779857824
|move|p1a: Gliscor|Knock Off|p2a: Slowking
|-supereffective|p2a: Slowking
|-damage|p2a: Slowking|58/100
|-enditem|p2a: Slowking|Heavy-Duty Boots|[from] move: Knock Off|[of] p1a: Gliscor
|move|p2a: Slowking|Future Sight|p1a: Gliscor
|-start|p2a: Slowking|move: Future Sight
|
|upkeep
|turn|3
|
|t:|1779857837
|switch|p2a: Alomomola|Alomomola, F|100/100
|move|p1a: Gliscor|Spikes|p2a: Alomomola
|-sidestart|p2: kampasaurus|Spikes
|
|upkeep
|turn|4
|
|t:|1779857842
|move|p1a: Gliscor|Knock Off|p2a: Alomomola
|-damage|p2a: Alomomola|89/100
|-enditem|p2a: Alomomola|Heavy-Duty Boots|[from] move: Knock Off|[of] p1a: Gliscor
|move|p2a: Alomomola|Flip Turn|p1a: Gliscor
|-supereffective|p1a: Gliscor
|-damage|p1a: Gliscor|75/100 tox
|
|t:|1779857850
|switch|p2a: Cinderace|Cinderace, M|100/100|[from] Flip Turn
|
|-end|p1a: Gliscor|move: Future Sight
|-damage|p1a: Gliscor|38/100 tox
|-heal|p1a: Gliscor|51/100 tox|[from] ability: Poison Heal
|upkeep
|turn|5
|
|t:|1779857859
|move|p1a: Gliscor|Protect|p1a: Gliscor
|-singleturn|p1a: Gliscor|Protect
|move|p2a: Cinderace|U-turn|p1a: Gliscor
|-start|p2a: Cinderace|typechange|Bug|[from] ability: Libero
|-activate|p1a: Gliscor|move: Protect
|
|-heal|p1a: Gliscor|63/100 tox|[from] ability: Poison Heal
|upkeep
|turn|6
|
|t:|1779857866
|switch|p2a: Alomomola|Alomomola, F|100/100
|-damage|p2a: Alomomola|88/100|[from] Spikes
|move|p1a: Gliscor|Spikes|p2a: Alomomola
|-sidestart|p2: kampasaurus|Spikes
|
|-heal|p1a: Gliscor|76/100 tox|[from] ability: Poison Heal
|upkeep
|turn|7
|
|t:|1779857875
|move|p1a: Gliscor|Spikes|p2a: Alomomola
|-sidestart|p2: kampasaurus|Spikes
|move|p2a: Alomomola|Flip Turn|p1a: Gliscor
|-supereffective|p1a: Gliscor
|-damage|p1a: Gliscor|51/100 tox
|
|t:|1779857879
|switch|p2a: Cinderace|Cinderace, M|100/100|[from] Flip Turn
|
|-heal|p1a: Gliscor|64/100 tox|[from] ability: Poison Heal
|upkeep
|turn|8
|
|t:|1779857883
|move|p1a: Gliscor|Protect|p1a: Gliscor
|-singleturn|p1a: Gliscor|Protect
|move|p2a: Cinderace|Court Change|p2a: Cinderace
|-start|p2a: Cinderace|typechange|Normal|[from] ability: Libero
|-swapsideconditions
|-activate|p2a: Cinderace|move: Court Change
|
|-heal|p1a: Gliscor|76/100 tox|[from] ability: Poison Heal
|upkeep
|turn|9
|
|t:|1779857908
|switch|p2a: Great Tusk|Great Tusk|100/100
|-enditem|p2a: Great Tusk|Booster Energy
|-activate|p2a: Great Tusk|ability: Protosynthesis|[fromitem]
|-start|p2a: Great Tusk|protosynthesisspe
|move|p1a: Gliscor|Spikes|p2a: Great Tusk
|-sidestart|p2: kampasaurus|Spikes
|
|-heal|p1a: Gliscor|89/100 tox|[from] ability: Poison Heal
|upkeep
|turn|10
|
|t:|1779857922
|move|p1a: Gliscor|Protect|p1a: Gliscor
|-singleturn|p1a: Gliscor|Protect
|move|p2a: Great Tusk|Bulk Up|p2a: Great Tusk
|-boost|p2a: Great Tusk|atk|1
|-boost|p2a: Great Tusk|def|1
|
|-heal|p1a: Gliscor|100/100 tox|[from] ability: Poison Heal
|upkeep
|turn|11
|
|t:|1779857927
|-terastallize|p1a: Gliscor|Water
|move|p2a: Great Tusk|Ice Spinner|p1a: Gliscor
|-resisted|p1a: Gliscor
|-damage|p1a: Gliscor|87/100 tox
|move|p1a: Gliscor|Toxic|p2a: Great Tusk|[miss]
|-miss|p1a: Gliscor|p2a: Great Tusk
|
|-heal|p1a: Gliscor|99/100 tox|[from] ability: Poison Heal
|upkeep
|turn|12
|
|t:|1779857951
|-end|p2a: Great Tusk|Protosynthesis|[silent]
|switch|p2a: Slowking|Slowking-Galar, M|91/100
|-damage|p2a: Slowking|79/100|[from] Spikes
|move|p1a: Gliscor|Toxic|p2a: Slowking
|-immune|p2a: Slowking
|
|-heal|p1a: Gliscor|100/100 tox|[from] ability: Poison Heal
|upkeep
|turn|13
|
|t:|1779857954
|move|p1a: Gliscor|Spikes|p2a: Slowking
|-sidestart|p2: kampasaurus|Spikes
|-prepare|p2a: Slowking|Chilly Reception|[premajor]
|move|p2a: Slowking|Chilly Reception|p2a: Slowking
|-weather|Snowscape
|
|t:|1779857959
|switch|p2a: Clefable|Clefable, F|100/100|[from] Chilly Reception
|
|-weather|Snowscape|[upkeep]
|upkeep
|turn|14
|
|t:|1779857964
|-terastallize|p2a: Clefable|Poison
|move|p1a: Gliscor|Knock Off|p2a: Clefable
|-damage|p2a: Clefable|83/100
|-enditem|p2a: Clefable|Heavy-Duty Boots|[from] move: Knock Off|[of] p1a: Gliscor
|move|p2a: Clefable|Calm Mind|p2a: Clefable
|-boost|p2a: Clefable|spa|1
|-boost|p2a: Clefable|spd|1
|
|-weather|Snowscape|[upkeep]
|upkeep
|turn|15
|
|t:|1779857975
|switch|p1a: Garganacl|Garganacl, F|100/100
|-damage|p1a: Garganacl|75/100|[from] Spikes
|move|p2a: Clefable|Calm Mind|p2a: Clefable
|-boost|p2a: Clefable|spa|1
|-boost|p2a: Clefable|spd|1
|
|-weather|Snowscape|[upkeep]
|-heal|p1a: Garganacl|82/100|[from] item: Leftovers
|upkeep
|turn|16
|
|t:|1779857984
|move|p2a: Clefable|Calm Mind|p2a: Clefable
|-boost|p2a: Clefable|spa|1
|-boost|p2a: Clefable|spd|1
|move|p1a: Garganacl|Salt Cure|p2a: Clefable
|-damage|p2a: Clefable|72/100
|-start|p2a: Clefable|Salt Cure
|
|-weather|Snowscape|[upkeep]
|-heal|p1a: Garganacl|88/100|[from] item: Leftovers
|-damage|p2a: Clefable|60/100|[from] Salt Cure
|upkeep
|turn|17
|
|t:|1779857991
|move|p2a: Clefable|Calm Mind|p2a: Clefable
|-boost|p2a: Clefable|spa|1
|-boost|p2a: Clefable|spd|1
|move|p1a: Garganacl|Recover|p1a: Garganacl
|-heal|p1a: Garganacl|100/100
|
|-weather|none
|-damage|p2a: Clefable|47/100|[from] Salt Cure
|upkeep
|turn|18
|
|t:|1779857996
|move|p2a: Clefable|Moonlight|p2a: Clefable
|-heal|p2a: Clefable|97/100
|move|p1a: Garganacl|Stealth Rock|p2a: Clefable
|-sidestart|p2: kampasaurus|move: Stealth Rock
|
|-damage|p2a: Clefable|85/100|[from] Salt Cure
|upkeep
|turn|19
|
|t:|1779858015
|switch|p1a: Hatterene|Hatterene, F|100/100
|-damage|p1a: Hatterene|76/100|[from] Spikes
|move|p2a: Clefable|Stored Power|p1a: Hatterene
|-resisted|p1a: Hatterene
|-damage|p1a: Hatterene|37/100
|
|-damage|p2a: Clefable|72/100|[from] Salt Cure
|upkeep
|turn|20
|
|t:|1779858025
|move|p2a: Clefable|Moonblast|p1a: Hatterene
|-damage|p1a: Hatterene|0 fnt
|faint|p1a: Hatterene
|
|-damage|p2a: Clefable|60/100|[from] Salt Cure
|upkeep
|
|t:|1779858029
|switch|p1a: Gholdengo|Gholdengo|100/100
|-item|p1a: Gholdengo|Air Balloon
|turn|21
|
|t:|1779858037
|move|p1a: Gholdengo|Nasty Plot|p1a: Gholdengo
|-boost|p1a: Gholdengo|spa|2
|move|p2a: Clefable|Moonlight|p2a: Clefable
|-heal|p2a: Clefable|100/100
|
|-damage|p2a: Clefable|88/100|[from] Salt Cure
|upkeep
|turn|22
|
|t:|1779858042
|move|p1a: Gholdengo|Shadow Ball|p2a: Clefable
|-damage|p2a: Clefable|74/100
|move|p2a: Clefable|Calm Mind|p2a: Clefable
|-boost|p2a: Clefable|spa|1
|-boost|p2a: Clefable|spd|1
|
|-damage|p2a: Clefable|62/100|[from] Salt Cure
|upkeep
|turn|23
|
|t:|1779858049
|move|p1a: Gholdengo|Shadow Ball|p2a: Clefable
|-damage|p2a: Clefable|49/100
|move|p2a: Clefable|Moonlight|p2a: Clefable
|-heal|p2a: Clefable|99/100
|
|-damage|p2a: Clefable|87/100|[from] Salt Cure
|upkeep
|turn|24
|
|t:|1779858056
|move|p1a: Gholdengo|Shadow Ball|p2a: Clefable
|-damage|p2a: Clefable|76/100
|move|p2a: Clefable|Stored Power|p1a: Gholdengo
|-resisted|p1a: Gholdengo
|-damage|p1a: Gholdengo|0 fnt
|-enditem|p1a: Gholdengo|Air Balloon
|faint|p1a: Gholdengo
|
|-damage|p2a: Clefable|63/100|[from] Salt Cure
|upkeep
|
|t:|1779858062
|switch|p1a: Kingambit|Kingambit, F|100/100
|-damage|p1a: Kingambit|76/100|[from] Spikes
|-activate|p1a: Kingambit|ability: Supreme Overlord
|-start|p1a: Kingambit|fallen2|[silent]
|turn|25
|l|‽sawquarete
|inactive|sawquarete disconnected and has a minute to reconnect!
|player|p1|
|j|‽sawquarete
|inactive|sawquarete reconnected and has 135 seconds left.
|player|p1|sawquarete|li|
|n|‽sawquarete|sawquarete
|n|‽sawquarete|sawquarete
|n|‽sawquarete|sawquarete
|n|‽sawquarete|sawquarete
|n|‽sawquarete|sawquarete
|n|‽sawquarete|sawquarete
|n|‽sawquarete|sawquarete
|n|‽sawquarete|sawquarete
|n|‽sawquarete|sawquarete
|n|‽sawquarete|sawquarete
|n|‽sawquarete|sawquarete
|n|‽sawquarete|sawquarete
|n|‽sawquarete|sawquarete
|n|‽sawquarete|sawquarete
|
|t:|1779858083
|move|p1a: Kingambit|Iron Head|p2a: Clefable
|-damage|p2a: Clefable|21/100
|cant|p2a: Clefable|flinch
|
|-damage|p2a: Clefable|9/100|[from] Salt Cure
|upkeep
|turn|26
|
|t:|1779858098
|switch|p2a: Great Tusk|Great Tusk|100/100
|-damage|p2a: Great Tusk|84/100|[from] Spikes
|-damage|p2a: Great Tusk|81/100|[from] Stealth Rock
|move|p1a: Kingambit|Iron Head|p2a: Great Tusk
|-crit|p2a: Great Tusk
|-damage|p2a: Great Tusk|27/100
|
|upkeep
|turn|27
|
|t:|1779858115
|-end|p1a: Kingambit|fallen2|[silent]
|switch|p1a: Pecharunt|Pecharunt|100/100
|move|p2a: Great Tusk|Body Press|p1a: Pecharunt
|-immune|p1a: Pecharunt
|
|upkeep
|turn|28
|
|t:|1779858130
|-end|p2a: Great Tusk|Protosynthesis|[silent]
|switch|p2a: Goodra|Goodra-Hisui, F|100/100
|-damage|p2a: Goodra|84/100|[from] Spikes
|-damage|p2a: Goodra|78/100|[from] Stealth Rock
|move|p1a: Pecharunt|Toxic|p2a: Goodra
|-immune|p2a: Goodra
|
|upkeep
|turn|29
|
|t:|1779858143
|move|p1a: Pecharunt|Parting Shot|p2a: Goodra
|-unboost|p2a: Goodra|atk|1
|-unboost|p2a: Goodra|spa|1
|
|t:|1779858147
|switch|p1a: Gliscor|Gliscor, M, tera:Water|100/100 tox|[from] Parting Shot
|-damage|p1a: Gliscor|75/100 tox|[from] Spikes
|move|p2a: Goodra|Draco Meteor|p1a: Gliscor
|-damage|p1a: Gliscor|38/100 tox
|-unboost|p2a: Goodra|spa|2
|
|-heal|p1a: Gliscor|50/100 tox|[from] ability: Poison Heal
|upkeep
|turn|30
|
|t:|1779858166
|switch|p2a: Alomomola|Alomomola, F|100/100
|-damage|p2a: Alomomola|84/100|[from] Spikes
|-damage|p2a: Alomomola|71/100|[from] Stealth Rock
|move|p1a: Gliscor|Knock Off|p2a: Alomomola
|-damage|p2a: Alomomola|64/100
|
|-heal|p1a: Gliscor|63/100 tox|[from] ability: Poison Heal
|upkeep
|turn|31
|
|t:|1779858181
|move|p1a: Gliscor|Spikes|p2a: Alomomola
|-sidestart|p2: kampasaurus|Spikes
|move|p2a: Alomomola|Wish|p2a: Alomomola
|
|-heal|p1a: Gliscor|75/100 tox|[from] ability: Poison Heal
|upkeep
|turn|32
|
|t:|1779858189
|switch|p1a: Pecharunt|Pecharunt|100/100
|move|p2a: Alomomola|Flip Turn|p1a: Pecharunt
|-damage|p1a: Pecharunt|93/100
|
|t:|1779858196
|switch|p2a: Clefable|Clefable, F, tera:Poison|9/100|[from] Flip Turn
|-damage|p2a: Clefable|0 fnt|[from] Spikes
|faint|p2a: Clefable
|
|upkeep
|
|t:|1779858215
|switch|p2a: Cinderace|Cinderace, M|100/100
|turn|33
|
|t:|1779858219
|move|p2a: Cinderace|Court Change|p2a: Cinderace
|-start|p2a: Cinderace|typechange|Normal|[from] ability: Libero
|-swapsideconditions
|-activate|p2a: Cinderace|move: Court Change
|move|p1a: Pecharunt|Toxic|p2a: Cinderace
|-status|p2a: Cinderace|tox
|-start|p2a: Cinderace|confusion|[from] ability: Poison Puppeteer|[of] p1a: Pecharunt
|
|-damage|p2a: Cinderace|95/100 tox|[from] psn
|upkeep
|turn|34
|
|t:|1779858229
|switch|p2a: Slowking|Slowking-Galar, M|100/100
|-damage|p2a: Slowking|76/100|[from] Spikes
|move|p1a: Pecharunt|Foul Play|p2a: Slowking
|-supereffective|p2a: Slowking
|-damage|p2a: Slowking|41/100
|
|upkeep
|turn|35
|
|t:|1779858242
|move|p1a: Pecharunt|Foul Play|p2a: Slowking
|-supereffective|p2a: Slowking
|-damage|p2a: Slowking|10/100
|move|p2a: Slowking|Future Sight|p1a: Pecharunt
|-start|p2a: Slowking|move: Future Sight
|
|upkeep
|turn|36
|l|‽sawquarete
|inactive|sawquarete disconnected and has a minute to reconnect!
|player|p1|
|inactive|sawquarete has 30 seconds to reconnect!
|j|‽sawquarete
|inactive|sawquarete reconnected and has 100 seconds left.
|player|p1|sawquarete|li|
|n|‽sawquarete|sawquarete
|n|‽sawquarete|sawquarete
|n|‽sawquarete|sawquarete
|n|‽sawquarete|sawquarete
|n|‽sawquarete|sawquarete
|n|‽sawquarete|sawquarete
|n|‽sawquarete|sawquarete
|n|‽sawquarete|sawquarete
|n|‽sawquarete|sawquarete
|n|‽sawquarete|sawquarete
|n|‽sawquarete|sawquarete
|n|‽sawquarete|sawquarete
|n|‽sawquarete|sawquarete
|n|‽sawquarete|sawquarete
|n|‽sawquarete|sawquarete
|
|t:|1779858296
|switch|p2a: Alomomola|Alomomola, F|97/100
|-damage|p2a: Alomomola|72/100|[from] Spikes
|move|p1a: Pecharunt|Foul Play|p2a: Alomomola
|-damage|p2a: Alomomola|63/100
|
|upkeep
|turn|37
|inactive|kampasaurus has 120 seconds left.
|
|t:|1779858332
|switch|p1a: Kingambit|Kingambit, F|76/100
|-damage|p1a: Kingambit|51/100|[from] Spikes
|-damage|p1a: Kingambit|44/100|[from] Stealth Rock
|-activate|p1a: Kingambit|ability: Supreme Overlord
|-start|p1a: Kingambit|fallen2|[silent]
|move|p2a: Alomomola|Wish|p2a: Alomomola
|
|-end|p1a: Kingambit|move: Future Sight
|-immune|p1a: Kingambit
|upkeep
|turn|38
|inactive|kampasaurus has 120 seconds left.
|
|t:|1779858351
|move|p1a: Kingambit|Swords Dance|p1a: Kingambit
|-boost|p1a: Kingambit|atk|2
|move|p2a: Alomomola|Flip Turn|p1a: Kingambit
|-damage|p1a: Kingambit|31/100
|
|t:|1779858356
|switch|p2a: Great Tusk|Great Tusk|27/100|[from] Flip Turn
|-damage|p2a: Great Tusk|2/100|[from] Spikes
|
|-heal|p2a: Great Tusk|63/100|[from] move: Wish|[wisher] Alomomola
|upkeep
|turn|39
|
|t:|1779858377
|move|p1a: Kingambit|Sucker Punch||[still]
|-fail|p1a: Kingambit
|move|p2a: Great Tusk|Bulk Up|p2a: Great Tusk
|-boost|p2a: Great Tusk|atk|1
|-boost|p2a: Great Tusk|def|1
|
|upkeep
|turn|40
|inactive|sawquarete has 120 seconds left.
|
|t:|1779858383
|move|p2a: Great Tusk|Earthquake|p1a: Kingambit
|-supereffective|p1a: Kingambit
|-damage|p1a: Kingambit|0 fnt
|faint|p1a: Kingambit
|-end|p1a: Kingambit|fallen2|[silent]
|
|upkeep
|
|t:|1779858385
|switch|p1a: Pecharunt|Pecharunt|93/100
|turn|41
|
|t:|1779858394
|move|p2a: Great Tusk|Earthquake|p1a: Pecharunt
|-supereffective|p1a: Pecharunt
|-damage|p1a: Pecharunt|32/100
|move|p1a: Pecharunt|Toxic|p2a: Great Tusk
|-status|p2a: Great Tusk|tox
|-start|p2a: Great Tusk|confusion|[from] ability: Poison Puppeteer|[of] p1a: Pecharunt
|
|-damage|p2a: Great Tusk|57/100 tox|[from] psn
|upkeep
|turn|42
|inactive|kampasaurus has 120 seconds left.
|inactive|kampasaurus has 90 seconds left.
|
|t:|1779858432
|-activate|p2a: Great Tusk|confusion
|move|p2a: Great Tusk|Earthquake|p1a: Pecharunt
|-supereffective|p1a: Pecharunt
|-damage|p1a: Pecharunt|0 fnt
|faint|p1a: Pecharunt
|
|-damage|p2a: Great Tusk|45/100 tox|[from] psn
|upkeep
|
|t:|1779858444
|switch|p1a: Gliscor|Gliscor, M, tera:Water|75/100 tox
|-damage|p1a: Gliscor|50/100 tox|[from] Spikes
|-damage|p1a: Gliscor|38/100 tox|[from] Stealth Rock
|turn|43
|
|t:|1779858456
|move|p1a: Gliscor|Protect|p1a: Gliscor
|-singleturn|p1a: Gliscor|Protect
|-activate|p2a: Great Tusk|confusion
|move|p2a: Great Tusk|Earthquake|p1a: Gliscor
|-activate|p1a: Gliscor|move: Protect
|
|-damage|p2a: Great Tusk|26/100 tox|[from] psn
|-heal|p1a: Gliscor|50/100 tox|[from] ability: Poison Heal
|upkeep
|turn|44
|
|t:|1779858462
|move|p1a: Gliscor|Protect||[still]
|-fail|p1a: Gliscor
|-activate|p2a: Great Tusk|confusion
|-damage|p2a: Great Tusk|18/100 tox|[from] confusion
|
|-damage|p2a: Great Tusk|0 fnt|[from] psn
|faint|p2a: Great Tusk
|-end|p2a: Great Tusk|Protosynthesis|[silent]
|-heal|p1a: Gliscor|63/100 tox|[from] ability: Poison Heal
|upkeep
|inactive|kampasaurus has 90 seconds left.
|
|t:|1779858503
|switch|p2a: Alomomola|Alomomola, F|97/100
|-damage|p2a: Alomomola|72/100|[from] Spikes
|turn|45
|
|t:|1779858508
|switch|p2a: Slowking|Slowking-Galar, M|43/100
|-damage|p2a: Slowking|18/100|[from] Spikes
|move|p1a: Gliscor|Toxic|p2a: Slowking
|-immune|p2a: Slowking
|
|-heal|p1a: Gliscor|75/100 tox|[from] ability: Poison Heal
|upkeep
|turn|46
|
|t:|1779858514
|switch|p2a: Alomomola|Alomomola, F|100/100
|-damage|p2a: Alomomola|76/100|[from] Spikes
|move|p1a: Gliscor|Knock Off|p2a: Alomomola
|-damage|p2a: Alomomola|68/100
|
|-heal|p1a: Gliscor|88/100 tox|[from] ability: Poison Heal
|upkeep
|turn|47
|
|t:|1779858524
|move|p2a: Alomomola|Protect|p2a: Alomomola
|-singleturn|p2a: Alomomola|Protect
|move|p1a: Gliscor|Knock Off|p2a: Alomomola
|-activate|p2a: Alomomola|move: Protect
|
|-heal|p1a: Gliscor|99/100 tox|[from] ability: Poison Heal
|upkeep
|turn|48
|inactive|kampasaurus has 90 seconds left.
|
|t:|1779858540
|move|p1a: Gliscor|Knock Off|p2a: Alomomola
|-damage|p2a: Alomomola|61/100
|move|p2a: Alomomola|Wish|p2a: Alomomola
|
|-heal|p1a: Gliscor|100/100 tox|[from] ability: Poison Heal
|upkeep
|turn|49
|
|t:|1779858564
|switch|p2a: Goodra|Goodra-Hisui, F|78/100
|-damage|p2a: Goodra|53/100|[from] Spikes
|move|p1a: Gliscor|Toxic|p2a: Goodra
|-immune|p2a: Goodra
|
|-heal|p2a: Goodra|100/100|[from] move: Wish|[wisher] Alomomola
|upkeep
|turn|50
|
|t:|1779858582
|switch|p2a: Alomomola|Alomomola, F|94/100
|-damage|p2a: Alomomola|69/100|[from] Spikes
|move|p1a: Gliscor|Knock Off|p2a: Alomomola
|-damage|p2a: Alomomola|62/100
|
|upkeep
|turn|51
|
|t:|1779858588
|move|p2a: Alomomola|Protect|p2a: Alomomola
|-singleturn|p2a: Alomomola|Protect
|move|p1a: Gliscor|Toxic|p2a: Alomomola
|-activate|p2a: Alomomola|move: Protect
|
|upkeep
|turn|52
|
|t:|1779858606
|move|p1a: Gliscor|Toxic|p2a: Alomomola
|-status|p2a: Alomomola|tox
|move|p2a: Alomomola|Wish|p2a: Alomomola
|
|-damage|p2a: Alomomola|56/100 tox|[from] psn
|upkeep
|turn|53
|
|t:|1779858617
|switch|p1a: Garganacl|Garganacl, F|100/100
|-damage|p1a: Garganacl|75/100|[from] Spikes
|-damage|p1a: Garganacl|63/100|[from] Stealth Rock
|move|p2a: Alomomola|Flip Turn|p1a: Garganacl
|-supereffective|p1a: Garganacl
|-damage|p1a: Garganacl|39/100
|inactive|kampasaurus has 60 seconds left.
|
|t:|1779858647
|switch|p2a: Goodra|Goodra-Hisui, F|100/100|[from] Flip Turn
|-damage|p2a: Goodra|76/100|[from] Spikes
|
|-heal|p2a: Goodra|100/100|[from] move: Wish|[wisher] Alomomola
|-heal|p1a: Garganacl|46/100|[from] item: Leftovers
|upkeep
|turn|54
|
|t:|1779858654
|move|p1a: Garganacl|Protect|p1a: Garganacl
|-singleturn|p1a: Garganacl|Protect
|move|p2a: Goodra|Draco Meteor|p1a: Garganacl
|-activate|p1a: Garganacl|move: Protect
|
|-heal|p1a: Garganacl|52/100|[from] item: Leftovers
|upkeep
|turn|55
|
|t:|1779858658
|move|p2a: Goodra|Flash Cannon|p1a: Garganacl
|-supereffective|p1a: Garganacl
|-damage|p1a: Garganacl|0 fnt
|faint|p1a: Garganacl
|
|upkeep
|
|t:|1779858660
|switch|p1a: Gliscor|Gliscor, M, tera:Water|100/100 tox
|-damage|p1a: Gliscor|75/100 tox|[from] Spikes
|-damage|p1a: Gliscor|63/100 tox|[from] Stealth Rock
|turn|56
|-message|sawquarete forfeited.
|
|win|kampasaurus
|raw|sawquarete's rating: 1386 &rarr; <strong>1368</strong><br />(-18 for losing)
|raw|kampasaurus's rating: 1425 &rarr; <strong>1443</strong><br />(+18 for winning)
|l|☆kampasaurus
|player|p2|
|l|‽sawquarete
|player|p1|
