|j|☆Shivendra200927
|j|☆Caps15
|t:|1779821427
|gametype|singles
|player|p1|Shivendra200927|steven|1084
|player|p2|Caps15|brycenman|1115
|gen|9
|tier|[Gen 9] OU
|rated|
|rule|HP Percentage Mod: HP is shown in percentages
|rule|Endless Battle Clause: Forcing endless battles is banned
|rule|Species Clause: Limit one of each Pokémon
|rule|OHKO Clause: OHKO moves are banned
|rule|Evasion Items Clause: Evasion items are banned
|rule|Evasion Moves Clause: Evasion moves are banned
|rule|Evasion Abilities Clause: Evasion abilities are banned
|rule|Sleep Moves Clause: Sleep-inducing moves are banned
|clearpoke
|poke|p1|Suicune|
|poke|p1|Registeel|
|poke|p1|Hattrem, F|
|poke|p1|Scorbunny, M|
|poke|p1|Cutiefly, M|
|poke|p1|Snorunt, M|
|poke|p2|Kingambit, F|
|poke|p2|Dragonite, F|
|poke|p2|Ceruledge, M|
|poke|p2|Deoxys-Speed|
|poke|p2|Grimmsnarl, M|
|poke|p2|Polteageist|
|teampreview
|inactive|Battle timer is ON: inactive players will automatically lose when time's up. (requested by Caps15)
|
|t:|1779821434
|teamsize|p1|6
|teamsize|p2|6
|start
|switch|p1a: Cutiefly|Cutiefly, M|100/100
|switch|p2a: Dobby|Grimmsnarl, M|100/100
|turn|1
|
|t:|1779821455
|move|p2a: Dobby|Light Screen|p2a: Dobby
|-sidestart|p2: Caps15|move: Light Screen
|move|p1a: Cutiefly|Sticky Web|p2a: Dobby
|-sidestart|p2: Caps15|move: Sticky Web
|
|upkeep
|turn|2
|inactive|Shivendra200927 has 120 seconds left.
|inactive|Shivendra200927 has 90 seconds left.
|
|t:|1779821525
|move|p2a: Dobby|Parting Shot|p1a: Cutiefly
|-unboost|p1a: Cutiefly|atk|1
|-unboost|p1a: Cutiefly|spa|1
|
|t:|1779821532
|switch|p2a: Fruit Ninja|Ceruledge, M|100/100|[from] Parting Shot
|-activate|p2a: Fruit Ninja|move: Sticky Web
|-unboost|p2a: Fruit Ninja|spe|1
|move|p1a: Cutiefly|Stun Spore|p2a: Fruit Ninja
|-status|p2a: Fruit Ninja|par
|
|upkeep
|turn|3
|inactive|Shivendra200927 has 90 seconds left.
|
|t:|1779821548
|switch|p1a: Scorbunny|Scorbunny, M|100/100
|move|p2a: Fruit Ninja|Swords Dance|p2a: Fruit Ninja
|-boost|p2a: Fruit Ninja|atk|2
|
|upkeep
|turn|4
|inactive|Shivendra200927 has 90 seconds left.
|
|t:|1779821554
|move|p1a: Scorbunny|Sucker Punch||[still]
|-fail|p1a: Scorbunny
|move|p2a: Fruit Ninja|Swords Dance|p2a: Fruit Ninja
|-boost|p2a: Fruit Ninja|atk|2
|
|upkeep
|turn|5
|inactive|Shivendra200927 has 90 seconds left.
|
|t:|1779821564
|move|p1a: Scorbunny|Sucker Punch||[still]
|-fail|p1a: Scorbunny
|move|p2a: Fruit Ninja|Swords Dance|p2a: Fruit Ninja
|-boost|p2a: Fruit Ninja|atk|2
|
|upkeep
|turn|6
|
|t:|1779821573
|move|p1a: Scorbunny|Sucker Punch|p2a: Fruit Ninja
|-start|p1a: Scorbunny|typechange|Dark|[from] ability: Libero
|-supereffective|p2a: Fruit Ninja
|-crit|p2a: Fruit Ninja
|-damage|p2a: Fruit Ninja|6/100 par
|-ability|p2a: Fruit Ninja|Weak Armor|boost
|-unboost|p2a: Fruit Ninja|def|1
|-boost|p2a: Fruit Ninja|spe|2
|-enditem|p2a: Fruit Ninja|Weakness Policy
|-boost|p2a: Fruit Ninja|atk|0
|-boost|p2a: Fruit Ninja|spa|2|[from] item: Weakness Policy
|move|p2a: Fruit Ninja|Poltergeist|p1a: Scorbunny
|-activate|p1a: Scorbunny|move: Poltergeist|Focus Sash
|-resisted|p1a: Scorbunny
|-enditem|p1a: Scorbunny|Focus Sash
|-damage|p1a: Scorbunny|1/100
|
|upkeep
|turn|7
|
|t:|1779821591
|move|p1a: Scorbunny|Sucker Punch||[still]
|-fail|p1a: Scorbunny
|move|p2a: Fruit Ninja|Swords Dance|p2a: Fruit Ninja
|-boost|p2a: Fruit Ninja|atk|0
|
|upkeep
|turn|8
|
|t:|1779821596
|move|p1a: Scorbunny|Sucker Punch||[still]
|-fail|p1a: Scorbunny
|move|p2a: Fruit Ninja|Swords Dance|p2a: Fruit Ninja
|-boost|p2a: Fruit Ninja|atk|0
|
|-sideend|p2: Caps15|move: Light Screen
|upkeep
|turn|9
|
|t:|1779821600
|move|p1a: Scorbunny|Gunk Shot|p2a: Fruit Ninja
|-resisted|p2a: Fruit Ninja
|-damage|p2a: Fruit Ninja|0 fnt
|faint|p2a: Fruit Ninja
|
|upkeep
|
|t:|1779821606
|switch|p2a: Dobby|Grimmsnarl, M|100/100
|-activate|p2a: Dobby|move: Sticky Web
|-unboost|p2a: Dobby|spe|1
|turn|10
|
|t:|1779821610
|move|p2a: Dobby|Light Screen|p2a: Dobby
|-sidestart|p2: Caps15|move: Light Screen
|move|p1a: Scorbunny|Gunk Shot|p2a: Dobby|[miss]
|-miss|p1a: Scorbunny|p2a: Dobby
|
|upkeep
|turn|11
|
|t:|1779821616
|move|p2a: Dobby|Reflect|p2a: Dobby
|-sidestart|p2: Caps15|Reflect
|move|p1a: Scorbunny|Gunk Shot|p2a: Dobby
|-supereffective|p2a: Dobby
|-damage|p2a: Dobby|71/100
|-status|p2a: Dobby|psn
|
|-damage|p2a: Dobby|58/100 psn|[from] psn
|upkeep
|turn|12
|
|t:|1779821638
|move|p2a: Dobby|Parting Shot|p1a: Scorbunny
|-hint|Since gen 7, Dark is immune to Prankster moves.
|-immune|p1a: Scorbunny
|move|p1a: Scorbunny|Gunk Shot|p2a: Dobby
|-supereffective|p2a: Dobby
|-damage|p2a: Dobby|30/100 psn
|
|-damage|p2a: Dobby|18/100 psn|[from] psn
|upkeep
|turn|13
|
|t:|1779821647
|move|p1a: Scorbunny|Sucker Punch||[still]
|-fail|p1a: Scorbunny
|move|p2a: Dobby|Thunder Wave|p1a: Scorbunny
|-hint|Since gen 7, Dark is immune to Prankster moves.
|-immune|p1a: Scorbunny
|
|-damage|p2a: Dobby|5/100 psn|[from] psn
|upkeep
|turn|14
|
|t:|1779821655
|move|p1a: Scorbunny|Sucker Punch||[still]
|-fail|p1a: Scorbunny
|move|p2a: Dobby|Thunder Wave|p1a: Scorbunny
|-hint|Since gen 7, Dark is immune to Prankster moves.
|-immune|p1a: Scorbunny
|
|-damage|p2a: Dobby|0 fnt|[from] psn
|faint|p2a: Dobby
|upkeep
|
|t:|1779821657
|switch|p2a: Chip Potts|Polteageist|100/100
|-activate|p2a: Chip Potts|move: Sticky Web
|-unboost|p2a: Chip Potts|spe|1
|-enditem|p2a: Chip Potts|White Herb
|-clearnegativeboost|p2a: Chip Potts|[silent]
|turn|15
|
|t:|1779821664
|switch|p1a: Registeel|Registeel|100/100
|move|p2a: Chip Potts|Substitute|p2a: Chip Potts
|-start|p2a: Chip Potts|Substitute
|-damage|p2a: Chip Potts|75/100
|
|upkeep
|turn|16
|
|t:|1779821668
|move|p2a: Chip Potts|Shell Smash|p2a: Chip Potts
|-unboost|p2a: Chip Potts|def|1
|-unboost|p2a: Chip Potts|spd|1
|-boost|p2a: Chip Potts|atk|2
|-boost|p2a: Chip Potts|spa|2
|-boost|p2a: Chip Potts|spe|2
|move|p1a: Registeel|Iron Head|p2a: Chip Potts
|-end|p2a: Chip Potts|Substitute
|
|upkeep
|turn|17
|
|t:|1779821676
|move|p2a: Chip Potts|Substitute|p2a: Chip Potts
|-start|p2a: Chip Potts|Substitute
|-damage|p2a: Chip Potts|50/100
|move|p1a: Registeel|Thunder Wave||[still]
|-fail|p1a: Registeel
|
|-sideend|p2: Caps15|move: Light Screen
|upkeep
|turn|18
|
|t:|1779821681
|move|p2a: Chip Potts|Shell Smash|p2a: Chip Potts
|-unboost|p2a: Chip Potts|def|1
|-unboost|p2a: Chip Potts|spd|1
|-boost|p2a: Chip Potts|atk|2
|-boost|p2a: Chip Potts|spa|2
|-boost|p2a: Chip Potts|spe|2
|move|p1a: Registeel|Iron Head|p2a: Chip Potts
|-end|p2a: Chip Potts|Substitute
|
|-sideend|p2: Caps15|Reflect
|upkeep
|turn|19
|
|t:|1779821689
|move|p2a: Chip Potts|Shadow Ball|p1a: Registeel
|-damage|p1a: Registeel|12/100
|-enditem|p1a: Registeel|Sitrus Berry|[eat]
|-heal|p1a: Registeel|37/100|[from] item: Sitrus Berry
|move|p1a: Registeel|Iron Head|p2a: Chip Potts
|-damage|p2a: Chip Potts|0 fnt
|faint|p2a: Chip Potts
|
|upkeep
|
|t:|1779821694
|switch|p2a: Autobahn|Deoxys-Speed|100/100
|-activate|p2a: Autobahn|move: Sticky Web
|-unboost|p2a: Autobahn|spe|1
|-ability|p2a: Autobahn|Pressure
|turn|20
|
|t:|1779821698
|move|p2a: Autobahn|Reflect|p2a: Autobahn
|-sidestart|p2: Caps15|Reflect
|move|p1a: Registeel|Explosion|p2a: Autobahn
|-damage|p2a: Autobahn|61/100
|faint|p1a: Registeel
|
|upkeep
|
|t:|1779821714
|switch|p1a: Hattrem|Hattrem, F|100/100
|turn|21
|
|t:|1779821718
|move|p2a: Autobahn|Light Screen|p2a: Autobahn
|-sidestart|p2: Caps15|move: Light Screen
|move|p1a: Hattrem|Dark Pulse|p2a: Autobahn
|-supereffective|p2a: Autobahn
|-damage|p2a: Autobahn|20/100
|
|upkeep
|turn|22
|
|t:|1779821725
|move|p2a: Autobahn|Spikes|p1a: Hattrem
|move|p1a: Hattrem|Spikes|p2a: Autobahn|[from] ability: Magic Bounce
|-sidestart|p2: Caps15|Spikes
|move|p1a: Hattrem|Dark Pulse|p2a: Autobahn
|-supereffective|p2a: Autobahn
|-damage|p2a: Autobahn|0 fnt
|faint|p2a: Autobahn
|
|upkeep
|
|t:|1779821727
|switch|p2a: FortniteBattlePass|Dragonite, F|100/100
|turn|23
|
|t:|1779821731
|switch|p1a: Scorbunny|Scorbunny, M|1/100
|move|p2a: FortniteBattlePass|Dragon Dance|p2a: FortniteBattlePass
|-boost|p2a: FortniteBattlePass|atk|1
|-boost|p2a: FortniteBattlePass|spe|1
|
|upkeep
|turn|24
|
|t:|1779821737
|move|p2a: FortniteBattlePass|Dragon Dance|p2a: FortniteBattlePass
|-boost|p2a: FortniteBattlePass|atk|1
|-boost|p2a: FortniteBattlePass|spe|1
|move|p1a: Scorbunny|Counter||[still]
|-fail|p1a: Scorbunny
|
|upkeep
|turn|25
|
|t:|1779821743
|move|p2a: FortniteBattlePass|Dragon Dance|p2a: FortniteBattlePass
|-boost|p2a: FortniteBattlePass|atk|1
|-boost|p2a: FortniteBattlePass|spe|1
|move|p1a: Scorbunny|Counter||[still]
|-fail|p1a: Scorbunny
|
|upkeep
|turn|26
|
|t:|1779821754
|switch|p1a: Cutiefly|Cutiefly, M|100/100
|move|p2a: FortniteBattlePass|Extreme Speed|p1a: Cutiefly
|-enditem|p1a: Cutiefly|Focus Sash
|-damage|p1a: Cutiefly|1/100
|
|upkeep
|turn|27
|
|t:|1779821760
|move|p2a: FortniteBattlePass|Extreme Speed|p1a: Cutiefly
|-damage|p1a: Cutiefly|0 fnt
|faint|p1a: Cutiefly
|
|-sideend|p2: Caps15|Reflect
|upkeep
|
|t:|1779821766
|switch|p1a: Snorunt|Snorunt, M|100/100
|turn|28
|
|t:|1779821769
|-terastallize|p2a: FortniteBattlePass|Normal
|move|p2a: FortniteBattlePass|Extreme Speed|p1a: Snorunt
|-damage|p1a: Snorunt|0 fnt
|faint|p1a: Snorunt
|
|-sideend|p2: Caps15|move: Light Screen
|upkeep
|
|t:|1779821774
|switch|p1a: Suicune|Suicune|100/100
|-ability|p1a: Suicune|Pressure
|turn|29
|
|t:|1779821779
|-terastallize|p1a: Suicune|Water
|move|p2a: FortniteBattlePass|Extreme Speed|p1a: Suicune
|-damage|p1a: Suicune|29/100
|move|p1a: Suicune|Scald|p2a: FortniteBattlePass
|-damage|p2a: FortniteBattlePass|82/100
|
|-heal|p1a: Suicune|35/100|[from] item: Leftovers
|upkeep
|turn|30
|
|t:|1779821788
|move|p2a: FortniteBattlePass|Extreme Speed|p1a: Suicune
|-damage|p1a: Suicune|0 fnt
|faint|p1a: Suicune
|
|upkeep
|
|t:|1779821790
|switch|p1a: Hattrem|Hattrem, F|100/100
|turn|31
|
|t:|1779821797
|move|p2a: FortniteBattlePass|Extreme Speed|p1a: Hattrem
|-damage|p1a: Hattrem|0 fnt
|faint|p1a: Hattrem
|
|upkeep
|
|t:|1779821801
|switch|p1a: Scorbunny|Scorbunny, M|1/100
|turn|32
|
|t:|1779821804
|move|p1a: Scorbunny|Sucker Punch||[still]
|-fail|p1a: Scorbunny
|move|p2a: FortniteBattlePass|Dragon Dance|p2a: FortniteBattlePass
|-boost|p2a: FortniteBattlePass|atk|1
|-boost|p2a: FortniteBattlePass|spe|1
|
|upkeep
|turn|33
|c|☆Caps15|Gg
|inactive|Shivendra200927 has 120 seconds left.
|inactive|Shivendra200927 has 90 seconds left.
|
|t:|1779821873
|move|p2a: FortniteBattlePass|Earthquake|p1a: Scorbunny
|-supereffective|p1a: Scorbunny
|-damage|p1a: Scorbunny|0 fnt
|faint|p1a: Scorbunny
|
|win|Caps15
|raw|Shivendra200927's rating: 1111 &rarr; <strong>1086</strong><br />(-25 for losing)
|raw|Caps15's rating: 1115 &rarr; <strong>1140</strong><br />(+25 for winning)
|l|☆Caps15
|player|p2|
|l|☆Shivendra200927
|player|p1|
