|j|☆rawwwwwwrr
|j|☆scrninjakai_sagnik
|t:|1779858696
|gametype|singles
|player|p1|rawwwwwwrr|101|1058
|player|p2|scrninjakai_sagnik|buck|1108
|gen|9
|tier|[Gen 9] OU
|rated|
|rule|HP Percentage Mod: HP is shown in percentages
|rule|Endless Battle Clause: Forcing endless battles is banned
|rule|Species Clause: Limit one of each Pokémon
|rule|OHKO Clause: OHKO moves are banned
|rule|Evasion Items Clause: Evasion items are banned
|rule|Evasion Moves Clause: Evasion moves are banned
|rule|Evasion Abilities Clause: Evasion abilities are banned
|rule|Sleep Moves Clause: Sleep-inducing moves are banned
|clearpoke
|poke|p1|Corviknight, M|
|poke|p1|Scrafty, F|
|poke|p1|Swampert, F|
|poke|p1|Gliscor, F|
|poke|p1|Hatterene, F|
|poke|p1|Maushold-Four|
|poke|p2|Walking Wake|
|poke|p2|Torkoal, F|
|poke|p2|Great Tusk|
|poke|p2|Raging Bolt|
|poke|p2|Ceruledge, M|
|poke|p2|Weavile, F|
|teampreview
|inactive|Battle timer is ON: inactive players will automatically lose when time's up. (requested by scrninjakai_sagnik)
|
|t:|1779858714
|teamsize|p1|6
|teamsize|p2|6
|start
|switch|p1a: Maushold|Maushold-Four|100/100
|switch|p2a: Weavile|Weavile, F|100/100
|turn|1
|
|t:|1779858724
|switch|p2a: Ceruledge|Ceruledge, M|100/100
|move|p1a: Maushold|Population Bomb|p2a: Ceruledge
|-immune|p2a: Ceruledge
|
|upkeep
|turn|2
|
|t:|1779858737
|move|p1a: Maushold|U-turn|p2a: Ceruledge
|-resisted|p2a: Ceruledge
|-damage|p2a: Ceruledge|95/100
|-ability|p2a: Ceruledge|Weak Armor|boost
|-unboost|p2a: Ceruledge|def|1
|-boost|p2a: Ceruledge|spe|2
|
|t:|1779858743
|switch|p1a: Scrafty|Scrafty, F|100/100|[from] U-turn
|move|p2a: Ceruledge|Swords Dance|p2a: Ceruledge
|-boost|p2a: Ceruledge|atk|2
|
|upkeep
|turn|3
|
|t:|1779858752
|move|p2a: Ceruledge|Bitter Blade|p1a: Scrafty
|-damage|p1a: Scrafty|0 fnt
|-heal|p2a: Ceruledge|100/100|[from] drain|[of] p1a: Scrafty
|faint|p1a: Scrafty
|
|upkeep
|
|t:|1779858759
|switch|p1a: Swampert|Swampert, F|100/100
|turn|4
|
|t:|1779858765
|move|p2a: Ceruledge|Poltergeist||[still]
|-fail|p2a: Ceruledge
|move|p1a: Swampert|Earthquake|p2a: Ceruledge
|-supereffective|p2a: Ceruledge
|-enditem|p2a: Ceruledge|Focus Sash
|-damage|p2a: Ceruledge|1/100
|-ability|p2a: Ceruledge|Weak Armor|boost
|-unboost|p2a: Ceruledge|def|1
|-boost|p2a: Ceruledge|spe|2
|
|upkeep
|turn|5
|inactive|scrninjakai_sagnik has 120 seconds left.
|
|t:|1779858797
|switch|p2a: Walking Wake|Walking Wake|100/100
|move|p1a: Swampert|Surf|p2a: Walking Wake
|-resisted|p2a: Walking Wake
|-damage|p2a: Walking Wake|90/100
|
|upkeep
|turn|6
|
|t:|1779858809
|move|p2a: Walking Wake|Dragon Pulse|p1a: Swampert
|-damage|p1a: Swampert|31/100
|move|p1a: Swampert|Stealth Rock|p2a: Walking Wake
|-sidestart|p2: scrninjakai_sagnik|move: Stealth Rock
|
|upkeep
|turn|7
|
|t:|1779858819
|switch|p1a: Corviknight|Corviknight, M|100/100
|-ability|p1a: Corviknight|Pressure
|move|p2a: Walking Wake|Dragon Pulse|p1a: Corviknight
|-resisted|p1a: Corviknight
|-damage|p1a: Corviknight|68/100
|
|upkeep
|turn|8
|
|t:|1779858832
|-end|p2a: Walking Wake|Protosynthesis|[silent]
|switch|p2a: Great Tusk|Great Tusk|100/100
|move|p1a: Corviknight|Iron Head|p2a: Great Tusk
|-damage|p2a: Great Tusk|80/100
|
|upkeep
|turn|9
|inactive|scrninjakai_sagnik has 120 seconds left.
|inactive|scrninjakai_sagnik has 90 seconds left.
|-message|rawwwwwwrr forfeited.
|
|win|scrninjakai_sagnik
|raw|rawwwwwwrr's rating: 1058 &rarr; <strong>1042</strong><br />(-16 for losing)
|raw|scrninjakai_sagnik's rating: 1108 &rarr; <strong>1129</strong><br />(+21 for winning)
|l|☆rawwwwwwrr
|player|p1|
|l|☆scrninjakai_sagnik
|player|p2|
