|j|☆flyingnematode
|j|☆HighMatter
|t:|1779886877
|gametype|singles
|player|p1|flyingnematode|2|1409
|player|p2|HighMatter|266|1361
|gen|9
|tier|[Gen 9] OU
|rated|
|rule|HP Percentage Mod: HP is shown in percentages
|rule|Endless Battle Clause: Forcing endless battles is banned
|rule|Species Clause: Limit one of each Pokémon
|rule|OHKO Clause: OHKO moves are banned
|rule|Evasion Items Clause: Evasion items are banned
|rule|Evasion Moves Clause: Evasion moves are banned
|rule|Evasion Abilities Clause: Evasion abilities are banned
|rule|Sleep Moves Clause: Sleep-inducing moves are banned
|clearpoke
|poke|p1|Slowking-Galar, M|
|poke|p1|Kyurem|
|poke|p1|Serperior, M|
|poke|p1|Alomomola, M|
|poke|p1|Garganacl, M|
|poke|p1|Lokix, M|
|poke|p2|Rotom-Mow|
|poke|p2|Kyurem|
|poke|p2|Corviknight, M|
|poke|p2|Toxapex, F|
|poke|p2|Ting-Lu|
|poke|p2|Arcanine-Hisui, M|
|teampreview
|
|t:|1779886890
|teamsize|p1|6
|teamsize|p2|6
|start
|switch|p1a: Alomomola|Alomomola, M|100/100
|switch|p2a: Arcanine|Arcanine-Hisui, M|100/100
|turn|1
|
|t:|1779886899
|switch|p2a: Toxapex|Toxapex, F|100/100
|move|p1a: Alomomola|Scald|p2a: Toxapex
|-resisted|p2a: Toxapex
|-damage|p2a: Toxapex|95/100
|-status|p2a: Toxapex|brn
|
|-damage|p2a: Toxapex|89/100 brn|[from] brn
|upkeep
|turn|2
|
|t:|1779886909
|switch|p2a: Ting-Lu|Ting-Lu|100/100
|-ability|p2a: Ting-Lu|Vessel of Ruin
|move|p1a: Alomomola|Flip Turn|p2a: Ting-Lu
|-supereffective|p2a: Ting-Lu
|-damage|p2a: Ting-Lu|83/100
|
|t:|1779886916
|switch|p1a: Serperior|Serperior, M|100/100|[from] Flip Turn
|
|-heal|p2a: Ting-Lu|89/100|[from] item: Leftovers
|upkeep
|turn|3
|
|t:|1779886923
|switch|p2a: Corviknight|Corviknight, M|100/100
|-ability|p2a: Corviknight|Pressure
|move|p1a: Serperior|Leaf Storm|p2a: Corviknight
|-resisted|p2a: Corviknight
|-damage|p2a: Corviknight|87/100
|-boost|p1a: Serperior|spa|2
|-damage|p1a: Serperior|91/100|[from] item: Life Orb
|
|upkeep
|turn|4
|
|t:|1779886933
|move|p1a: Serperior|Glare|p2a: Corviknight
|-status|p2a: Corviknight|par
|move|p2a: Corviknight|U-turn|p1a: Serperior
|-supereffective|p1a: Serperior
|-damage|p1a: Serperior|53/100
|
|t:|1779886939
|switch|p2a: Kyurem|Kyurem|100/100|[from] U-turn
|-ability|p2a: Kyurem|Pressure
|
|upkeep
|turn|5
|
|t:|1779886946
|switch|p1a: Slowking|Slowking-Galar, M|100/100
|move|p2a: Kyurem|Freeze-Dry|p1a: Slowking
|-damage|p1a: Slowking|79/100
|
|upkeep
|turn|6
|
|t:|1779886954
|switch|p2a: Ting-Lu|Ting-Lu|89/100
|-ability|p2a: Ting-Lu|Vessel of Ruin
|-prepare|p1a: Slowking|Chilly Reception|[premajor]
|move|p1a: Slowking|Chilly Reception|p1a: Slowking
|-weather|Snowscape
|
|t:|1779886961
|switch|p1a: Kyurem|Kyurem|100/100|[from] Chilly Reception
|-ability|p1a: Kyurem|Pressure
|
|-weather|Snowscape|[upkeep]
|-heal|p2a: Ting-Lu|95/100|[from] item: Leftovers
|upkeep
|turn|7
|
|t:|1779886971
|switch|p2a: Arcanine|Arcanine-Hisui, M|100/100
|move|p1a: Kyurem|Blizzard|p2a: Arcanine
|-resisted|p2a: Arcanine
|-damage|p2a: Arcanine|61/100
|
|-weather|Snowscape|[upkeep]
|upkeep
|turn|8
|
|t:|1779886979
|switch|p1a: Alomomola|Alomomola, M|100/100
|move|p2a: Arcanine|Head Smash|p1a: Alomomola
|-damage|p1a: Alomomola|40/100
|-damage|p2a: Arcanine|45/100|[from] item: Rocky Helmet|[of] p1a: Alomomola
|
|-weather|Snowscape|[upkeep]
|upkeep
|turn|9
|
|t:|1779886988
|move|p2a: Arcanine|Head Smash|p1a: Alomomola
|-damage|p1a: Alomomola|0 fnt
|-damage|p2a: Arcanine|28/100|[from] item: Rocky Helmet|[of] p1a: Alomomola
|faint|p1a: Alomomola
|
|-weather|Snowscape|[upkeep]
|upkeep
|
|t:|1779887000
|switch|p1a: Kyurem|Kyurem|100/100
|-ability|p1a: Kyurem|Pressure
|turn|10
|
|t:|1779887006
|switch|p2a: Toxapex|Toxapex, F|100/100 brn
|move|p1a: Kyurem|Freeze-Dry|p2a: Toxapex
|-supereffective|p2a: Toxapex
|-damage|p2a: Toxapex|35/100 brn
|
|-weather|Snowscape|[upkeep]
|-damage|p2a: Toxapex|29/100 brn|[from] brn
|upkeep
|turn|11
|
|t:|1779887018
|switch|p2a: Corviknight|Corviknight, M|87/100 par
|-ability|p2a: Corviknight|Pressure
|move|p1a: Kyurem|Freeze-Dry|p2a: Corviknight
|-damage|p2a: Corviknight|49/100 par
|
|-weather|Snowscape|[upkeep]
|upkeep
|turn|12
|
|t:|1779887028
|move|p1a: Kyurem|Freeze-Dry|p2a: Corviknight
|-crit|p2a: Corviknight
|-damage|p2a: Corviknight|0 fnt
|faint|p2a: Corviknight
|
|-weather|Snowscape|[upkeep]
|upkeep
|
|t:|1779887033
|switch|p2a: Kyurem|Kyurem|100/100
|-ability|p2a: Kyurem|Pressure
|turn|13
|
|t:|1779887039
|switch|p2a: Arcanine|Arcanine-Hisui, M|28/100
|switch|p1a: Slowking|Slowking-Galar, M|100/100
|
|-weather|none
|upkeep
|turn|14
|
|t:|1779887046
|move|p2a: Arcanine|Head Smash|p1a: Slowking|[miss]
|-miss|p2a: Arcanine|p1a: Slowking
|-prepare|p1a: Slowking|Chilly Reception|[premajor]
|move|p1a: Slowking|Chilly Reception|p1a: Slowking
|-weather|Snowscape
|
|t:|1779887052
|switch|p1a: Kyurem|Kyurem|100/100|[from] Chilly Reception
|-ability|p1a: Kyurem|Pressure
|
|-weather|Snowscape|[upkeep]
|upkeep
|turn|15
|
|t:|1779887064
|switch|p2a: Rotom|Rotom-Mow|100/100
|move|p1a: Kyurem|Blizzard|p2a: Rotom
|-supereffective|p2a: Rotom
|-damage|p2a: Rotom|0 fnt
|faint|p2a: Rotom
|
|-weather|Snowscape|[upkeep]
|upkeep
|
|t:|1779887066
|switch|p2a: Kyurem|Kyurem|100/100
|-ability|p2a: Kyurem|Pressure
|turn|16
|
|t:|1779887080
|switch|p1a: Slowking|Slowking-Galar, M|100/100
|move|p2a: Kyurem|Draco Meteor|p1a: Slowking
|-damage|p1a: Slowking|59/100
|-unboost|p2a: Kyurem|spa|2
|
|-weather|Snowscape|[upkeep]
|upkeep
|turn|17
|
|t:|1779887091
|move|p2a: Kyurem|Draco Meteor|p1a: Slowking|[miss]
|-miss|p2a: Kyurem|p1a: Slowking
|move|p1a: Slowking|Toxic|p2a: Kyurem
|-status|p2a: Kyurem|tox
|
|-weather|Snowscape|[upkeep]
|-damage|p2a: Kyurem|94/100 tox|[from] psn
|upkeep
|turn|18
|
|t:|1779887100
|switch|p2a: Ting-Lu|Ting-Lu|95/100
|-ability|p2a: Ting-Lu|Vessel of Ruin
|move|p1a: Slowking|Future Sight|p2a: Ting-Lu
|-start|p1a: Slowking|move: Future Sight
|
|-weather|Snowscape|[upkeep]
|-heal|p2a: Ting-Lu|100/100|[from] item: Leftovers
|upkeep
|turn|19
|
|t:|1779887109
|move|p2a: Ting-Lu|Earthquake|p1a: Slowking
|-supereffective|p1a: Slowking
|-damage|p1a: Slowking|0 fnt
|faint|p1a: Slowking
|
|-weather|Snowscape|[upkeep]
|upkeep
|
|t:|1779887116
|switch|p1a: Lokix|Lokix, M|100/100
|turn|20
|
|t:|1779887120
|switch|p2a: Toxapex|Toxapex, F|63/100 brn
|move|p1a: Lokix|First Impression|p2a: Toxapex
|-resisted|p2a: Toxapex
|-damage|p2a: Toxapex|27/100 brn
|-damage|p1a: Lokix|84/100|[from] item: Rocky Helmet|[of] p2a: Toxapex
|-damage|p1a: Lokix|74/100|[from] item: Life Orb
|
|-weather|Snowscape|[upkeep]
|-end|p2a: Toxapex|move: Future Sight
|-supereffective|p2a: Toxapex
|-damage|p2a: Toxapex|0 fnt
|faint|p2a: Toxapex
|upkeep
|
|t:|1779887133
|switch|p2a: Arcanine|Arcanine-Hisui, M|28/100
|turn|21
|
|t:|1779887138
|-terastallize|p2a: Arcanine|Normal
|move|p2a: Arcanine|Extreme Speed|p1a: Lokix
|-damage|p1a: Lokix|7/100
|move|p1a: Lokix|Sucker Punch||[still]
|-fail|p1a: Lokix
|
|-weather|none
|upkeep
|turn|22
|
|t:|1779887148
|switch|p2a: Ting-Lu|Ting-Lu|100/100
|-ability|p2a: Ting-Lu|Vessel of Ruin
|move|p1a: Lokix|Knock Off|p2a: Ting-Lu
|-resisted|p2a: Ting-Lu
|-damage|p2a: Ting-Lu|70/100
|-enditem|p2a: Ting-Lu|Leftovers|[from] move: Knock Off|[of] p1a: Lokix
|-damage|p1a: Lokix|0 fnt|[from] item: Life Orb
|faint|p1a: Lokix
|
|upkeep
|
|t:|1779887160
|switch|p1a: Serperior|Serperior, M|53/100
|turn|23
|
|t:|1779887163
|move|p1a: Serperior|Dragon Pulse|p2a: Ting-Lu
|-damage|p2a: Ting-Lu|59/100
|-damage|p1a: Serperior|43/100|[from] item: Life Orb
|move|p2a: Ting-Lu|Whirlwind|p1a: Serperior
|drag|p1a: Garganacl|Garganacl, M|100/100
|
|upkeep
|turn|24
|
|t:|1779887172
|move|p2a: Ting-Lu|Earthquake|p1a: Garganacl
|-supereffective|p1a: Garganacl
|-damage|p1a: Garganacl|51/100
|move|p1a: Garganacl|Salt Cure|p2a: Ting-Lu
|-resisted|p2a: Ting-Lu
|-damage|p2a: Ting-Lu|56/100
|-start|p2a: Ting-Lu|Salt Cure
|
|-heal|p1a: Garganacl|57/100|[from] item: Leftovers
|-damage|p2a: Ting-Lu|43/100|[from] Salt Cure
|upkeep
|turn|25
|
|t:|1779887184
|switch|p2a: Arcanine|Arcanine-Hisui, M, tera:Normal|28/100
|move|p1a: Garganacl|Recover|p1a: Garganacl
|-heal|p1a: Garganacl|100/100
|
|upkeep
|turn|26
|
|t:|1779887192
|-terastallize|p1a: Garganacl|Ghost
|move|p2a: Arcanine|Head Smash|p1a: Garganacl
|-damage|p1a: Garganacl|27/100
|move|p1a: Garganacl|Iron Defense|p1a: Garganacl
|-boost|p1a: Garganacl|def|2
|
|-heal|p1a: Garganacl|33/100|[from] item: Leftovers
|upkeep
|turn|27
|
|t:|1779887202
|move|p2a: Arcanine|Head Smash|p1a: Garganacl|[miss]
|-miss|p2a: Arcanine|p1a: Garganacl
|move|p1a: Garganacl|Recover|p1a: Garganacl
|-heal|p1a: Garganacl|83/100
|
|-heal|p1a: Garganacl|89/100|[from] item: Leftovers
|upkeep
|turn|28
|
|t:|1779887210
|switch|p2a: Ting-Lu|Ting-Lu|43/100
|-ability|p2a: Ting-Lu|Vessel of Ruin
|move|p1a: Garganacl|Iron Defense|p1a: Garganacl
|-boost|p1a: Garganacl|def|2
|
|-heal|p1a: Garganacl|96/100|[from] item: Leftovers
|upkeep
|turn|29
|
|t:|1779887220
|move|p1a: Garganacl|Body Press|p2a: Ting-Lu
|-supereffective|p2a: Ting-Lu
|-damage|p2a: Ting-Lu|0 fnt
|faint|p2a: Ting-Lu
|
|-heal|p1a: Garganacl|100/100|[from] item: Leftovers
|upkeep
|-message|HighMatter forfeited.
|
|win|flyingnematode
|raw|flyingnematode's rating: 1409 &rarr; <strong>1426</strong><br />(+17 for winning)
|raw|HighMatter's rating: 1361 &rarr; <strong>1344</strong><br />(-17 for losing)
|l|☆HighMatter
|player|p2|
|l|☆flyingnematode
|player|p1|
