|j|☆Citium
|j|‽gliderman8
|t:|1779903770
|gametype|singles
|player|p1|Citium|gentleman|1278
|player|p2|gliderman8|rocketgrunt|1322
|gen|9
|tier|[Gen 9] OU
|rated|
|rule|HP Percentage Mod: HP is shown in percentages
|rule|Endless Battle Clause: Forcing endless battles is banned
|rule|Species Clause: Limit one of each Pokémon
|rule|OHKO Clause: OHKO moves are banned
|rule|Evasion Items Clause: Evasion items are banned
|rule|Evasion Moves Clause: Evasion moves are banned
|rule|Evasion Abilities Clause: Evasion abilities are banned
|rule|Sleep Moves Clause: Sleep-inducing moves are banned
|clearpoke
|poke|p1|Ting-Lu|
|poke|p1|Gholdengo|
|poke|p1|Darkrai|
|poke|p1|Pecharunt|
|poke|p1|Dragonite, M|
|poke|p1|Zamazenta-*|
|poke|p2|Breloom, F|
|poke|p2|Rotom-Wash|
|poke|p2|Alomomola, F|
|poke|p2|Slowking-Galar, F|
|poke|p2|Blissey, F|
|poke|p2|Great Tusk|
|teampreview
|inactive|Battle timer is ON: inactive players will automatically lose when time's up. (requested by Citium)
|
|t:|1779903785
|teamsize|p1|6
|teamsize|p2|6
|start
|switch|p1a: Gholdengo|Gholdengo|100/100
|switch|p2a: Great Tusk|Great Tusk|100/100
|turn|1
|inactive|Citium has 120 seconds left.
|
|t:|1779903837
|-terastallize|p1a: Gholdengo|Steel
|move|p2a: Great Tusk|Headlong Rush|p1a: Gholdengo
|-supereffective|p1a: Gholdengo
|-damage|p1a: Gholdengo|0 fnt
|-unboost|p2a: Great Tusk|def|1
|-unboost|p2a: Great Tusk|spd|1
|faint|p1a: Gholdengo
|
|upkeep
|
|t:|1779903850
|switch|p1a: Darkrai|Darkrai|100/100
|turn|2
|
|t:|1779903861
|-end|p2a: Great Tusk|Protosynthesis|[silent]
|switch|p2a: Blissey|Blissey, F|100/100
|move|p1a: Darkrai|Ice Beam|p2a: Blissey
|-damage|p2a: Blissey|89/100
|
|upkeep
|turn|3
|
|t:|1779903871
|move|p1a: Darkrai|Knock Off|p2a: Blissey
|-damage|p2a: Blissey|61/100
|-enditem|p2a: Blissey|Heavy-Duty Boots|[from] move: Knock Off|[of] p1a: Darkrai
|move|p2a: Blissey|Seismic Toss|p1a: Darkrai
|-damage|p1a: Darkrai|65/100
|
|upkeep
|turn|4
|
|t:|1779903881
|switch|p1a: Ting-Lu|Ting-Lu|100/100
|-ability|p1a: Ting-Lu|Vessel of Ruin
|move|p2a: Blissey|Seismic Toss|p1a: Ting-Lu
|-damage|p1a: Ting-Lu|81/100
|
|-heal|p1a: Ting-Lu|87/100|[from] item: Leftovers
|upkeep
|turn|5
|
|t:|1779903890
|move|p2a: Blissey|Soft-Boiled|p2a: Blissey
|-heal|p2a: Blissey|100/100
|move|p1a: Ting-Lu|Stealth Rock|p2a: Blissey
|-sidestart|p2: gliderman8|move: Stealth Rock
|
|-heal|p1a: Ting-Lu|93/100|[from] item: Leftovers
|upkeep
|turn|6
|
|t:|1779903903
|switch|p2a: Great Tusk|Great Tusk|100/100
|-damage|p2a: Great Tusk|98/100|[from] Stealth Rock
|move|p1a: Ting-Lu|Spikes|p2a: Great Tusk
|-sidestart|p2: gliderman8|Spikes
|
|-heal|p2a: Great Tusk|100/100|[from] item: Leftovers
|-heal|p1a: Ting-Lu|99/100|[from] item: Leftovers
|upkeep
|turn|7
|inactive|Citium has 120 seconds left.
|
|t:|1779903915
|switch|p1a: Pecharunt|Pecharunt|100/100
|move|p2a: Great Tusk|Rapid Spin|p1a: Pecharunt
|-immune|p1a: Pecharunt
|
|upkeep
|turn|8
|inactive|Citium has 120 seconds left.
|inactive|Citium has 90 seconds left.
|inactive|Citium has 60 seconds left.
|
|t:|1779903981
|-terastallize|p2a: Great Tusk|Ground
|move|p2a: Great Tusk|Headlong Rush|p1a: Pecharunt
|-supereffective|p1a: Pecharunt
|-damage|p1a: Pecharunt|27/100
|-unboost|p2a: Great Tusk|def|1
|-unboost|p2a: Great Tusk|spd|1
|move|p1a: Pecharunt|Parting Shot|p2a: Great Tusk
|-unboost|p2a: Great Tusk|atk|1
|-unboost|p2a: Great Tusk|spa|1
|inactive|Citium has 60 seconds left.
|inactive|Citium has 30 seconds left.
|
|t:|1779904021
|switch|p1a: Darkrai|Darkrai|65/100|[from] Parting Shot
|
|upkeep
|turn|9
|inactive|Citium has 30 seconds left.
|
|t:|1779904028
|-end|p2a: Great Tusk|Protosynthesis|[silent]
|switch|p2a: Blissey|Blissey, F|100/100
|-damage|p2a: Blissey|88/100|[from] Stealth Rock
|-damage|p2a: Blissey|76/100|[from] Spikes
|move|p1a: Darkrai|Ice Beam|p2a: Blissey
|-damage|p2a: Blissey|64/100
|
|upkeep
|turn|10
|inactive|Citium has 30 seconds left.
|
|t:|1779904039
|switch|p1a: Zamazenta|Zamazenta|100/100
|-ability|p1a: Zamazenta|Dauntless Shield|boost
|-boost|p1a: Zamazenta|def|1
|move|p2a: Blissey|Soft-Boiled|p2a: Blissey
|-heal|p2a: Blissey|100/100
|
|upkeep
|turn|11
|
|t:|1779904047
|switch|p2a: Slowking|Slowking-Galar, F|100/100
|move|p1a: Zamazenta|Iron Defense|p1a: Zamazenta
|-boost|p1a: Zamazenta|def|2
|
|upkeep
|turn|12
|
|t:|1779904056
|move|p1a: Zamazenta|Crunch|p2a: Slowking
|-supereffective|p2a: Slowking
|-damage|p2a: Slowking|64/100
|move|p2a: Slowking|Future Sight|p1a: Zamazenta
|-start|p2a: Slowking|move: Future Sight
|
|upkeep
|turn|13
|
|t:|1779904063
|move|p1a: Zamazenta|Crunch|p2a: Slowking
|-supereffective|p2a: Slowking
|-damage|p2a: Slowking|24/100
|move|p2a: Slowking|Sludge Bomb|p1a: Zamazenta
|-damage|p1a: Zamazenta|73/100
|
|-heal|p1a: Zamazenta|79/100|[from] item: Leftovers
|upkeep
|turn|14
|
|t:|1779904077
|switch|p1a: Ting-Lu|Ting-Lu|99/100
|-ability|p1a: Ting-Lu|Vessel of Ruin
|switch|p2a: Rotom|Rotom-Wash|100/100
|-damage|p2a: Rotom|88/100|[from] Stealth Rock
|
|-end|p1a: Ting-Lu|move: Future Sight
|-immune|p1a: Ting-Lu
|-heal|p2a: Rotom|94/100|[from] item: Leftovers
|-heal|p1a: Ting-Lu|100/100|[from] item: Leftovers
|upkeep
|turn|15
|inactive|Citium has 30 seconds left.
|
|t:|1779904102
|switch|p2a: Great Tusk|Great Tusk, tera:Ground|100/100
|-damage|p2a: Great Tusk|94/100|[from] Stealth Rock
|-damage|p2a: Great Tusk|82/100|[from] Spikes
|switch|p1a: Pecharunt|Pecharunt|27/100
|
|-heal|p2a: Great Tusk|88/100|[from] item: Leftovers
|upkeep
|turn|16
|inactive|Citium has 30 seconds left.
|
|t:|1779904122
|move|p2a: Great Tusk|Ice Spinner|p1a: Pecharunt
|-damage|p1a: Pecharunt|14/100
|move|p1a: Pecharunt|Recover|p1a: Pecharunt
|-heal|p1a: Pecharunt|64/100
|
|-heal|p2a: Great Tusk|94/100|[from] item: Leftovers
|upkeep
|turn|17
|inactive|Citium has 30 seconds left.
|inactive|Citium has 20 seconds left.
|inactive|Citium has 15 seconds left.
|
|t:|1779904143
|switch|p1a: Zamazenta|Zamazenta|79/100
|move|p2a: Great Tusk|Headlong Rush|p1a: Zamazenta
|-damage|p1a: Zamazenta|17/100
|-unboost|p2a: Great Tusk|def|1
|-unboost|p2a: Great Tusk|spd|1
|
|-heal|p1a: Zamazenta|23/100|[from] item: Leftovers
|-heal|p2a: Great Tusk|100/100|[from] item: Leftovers
|upkeep
|turn|18
|inactive|Citium has 25 seconds left this turn.
|inactive|Citium has 20 seconds left.
|inactive|Citium has 15 seconds left.
|
|t:|1779904154
|-end|p2a: Great Tusk|Protosynthesis|[silent]
|switch|p2a: Slowking|Slowking-Galar, F|58/100
|move|p1a: Zamazenta|Body Press|p2a: Slowking
|-resisted|p2a: Slowking
|-damage|p2a: Slowking|48/100
|
|-heal|p1a: Zamazenta|29/100|[from] item: Leftovers
|upkeep
|turn|19
|inactive|Citium has 25 seconds left this turn.
|inactive|Citium has 20 seconds left.
|
|t:|1779904163
|move|p1a: Zamazenta|Crunch|p2a: Slowking
|-supereffective|p2a: Slowking
|-damage|p2a: Slowking|11/100
|move|p2a: Slowking|Sludge Bomb|p1a: Zamazenta
|-damage|p1a: Zamazenta|1/100
|
|-heal|p1a: Zamazenta|7/100|[from] item: Leftovers
|upkeep
|turn|20
|inactive|Citium has 30 seconds left this turn.
|
|t:|1779904175
|switch|p2a: Alomomola|Alomomola, F|100/100
|-damage|p2a: Alomomola|88/100|[from] Stealth Rock
|-damage|p2a: Alomomola|76/100|[from] Spikes
|move|p1a: Zamazenta|Crunch|p2a: Alomomola
|-crit|p2a: Alomomola
|-damage|p2a: Alomomola|59/100
|-damage|p1a: Zamazenta|0 fnt|[from] item: Rocky Helmet|[of] p2a: Alomomola
|faint|p1a: Zamazenta
|
|upkeep
|inactive|Citium has 30 seconds left this turn.
|inactive|Citium has 20 seconds left.
|inactive|Citium has 15 seconds left.
|
|t:|1779904194
|switch|p1a: Dragonite|Dragonite, M|100/100
|turn|21
|inactive|Citium has 25 seconds left this turn.
|
|t:|1779904200
|move|p1a: Dragonite|Dragon Dance|p1a: Dragonite
|-boost|p1a: Dragonite|atk|1
|-boost|p1a: Dragonite|spe|1
|move|p2a: Alomomola|Flip Turn|p1a: Dragonite
|-resisted|p1a: Dragonite
|-damage|p1a: Dragonite|96/100
|
|t:|1779904206
|switch|p2a: Rotom|Rotom-Wash|94/100|[from] Flip Turn
|-damage|p2a: Rotom|82/100|[from] Stealth Rock
|
|-heal|p2a: Rotom|88/100|[from] item: Leftovers
|upkeep
|turn|22
|
|t:|1779904214
|move|p1a: Dragonite|Extreme Speed|p2a: Rotom
|-damage|p2a: Rotom|41/100
|move|p2a: Rotom|Will-O-Wisp|p1a: Dragonite
|-status|p1a: Dragonite|brn
|
|-heal|p2a: Rotom|47/100|[from] item: Leftovers
|-damage|p1a: Dragonite|90/100 brn|[from] brn
|upkeep
|turn|23
|
|t:|1779904225
|move|p1a: Dragonite|Dragon Dance|p1a: Dragonite
|-boost|p1a: Dragonite|atk|1
|-boost|p1a: Dragonite|spe|1
|move|p2a: Rotom|Pain Split|p1a: Dragonite
|-sethp|p1a: Dragonite|67/100 brn|[from] move: Pain Split|[silent]
|-sethp|p2a: Rotom|72/100|[from] move: Pain Split
|
|-heal|p2a: Rotom|78/100|[from] item: Leftovers
|-damage|p1a: Dragonite|61/100 brn|[from] brn
|upkeep
|turn|24
|
|t:|1779904234
|move|p1a: Dragonite|Roost|p1a: Dragonite
|-heal|p1a: Dragonite|100/100 brn
|-singleturn|p1a: Dragonite|move: Roost
|move|p2a: Rotom|Volt Switch|p1a: Dragonite
|-resisted|p1a: Dragonite
|-damage|p1a: Dragonite|92/100 brn
|
|t:|1779904241
|switch|p2a: Great Tusk|Great Tusk, tera:Ground|100/100|[from] Volt Switch
|-damage|p2a: Great Tusk|94/100|[from] Stealth Rock
|-damage|p2a: Great Tusk|82/100|[from] Spikes
|
|-heal|p2a: Great Tusk|88/100|[from] item: Leftovers
|-damage|p1a: Dragonite|85/100 brn|[from] brn
|upkeep
|turn|25
|
|t:|1779904255
|move|p1a: Dragonite|Dragon Dance|p1a: Dragonite
|-boost|p1a: Dragonite|atk|1
|-boost|p1a: Dragonite|spe|1
|move|p2a: Great Tusk|Ice Spinner|p1a: Dragonite
|-supereffective|p1a: Dragonite
|-damage|p1a: Dragonite|0 fnt
|faint|p1a: Dragonite
|
|-heal|p2a: Great Tusk|94/100|[from] item: Leftovers
|upkeep
|
|t:|1779904263
|switch|p1a: Ting-Lu|Ting-Lu|100/100
|-ability|p1a: Ting-Lu|Vessel of Ruin
|turn|26
|-message|Citium forfeited.
|
|win|gliderman8
|raw|Citium's rating: 1278 &rarr; <strong>1256</strong><br />(-22 for losing)
|raw|gliderman8's rating: 1322 &rarr; <strong>1339</strong><br />(+17 for winning)
|l|☆Citium
|player|p1|
