|j|☆CKCompany
|j|☆llachiee
|t:|1779916522
|gametype|singles
|player|p1|CKCompany|101|1592
|player|p2|llachiee|101|1632
|gen|9
|tier|[Gen 9] OU
|rated|
|rule|HP Percentage Mod: HP is shown in percentages
|rule|Endless Battle Clause: Forcing endless battles is banned
|rule|Species Clause: Limit one of each Pokémon
|rule|OHKO Clause: OHKO moves are banned
|rule|Evasion Items Clause: Evasion items are banned
|rule|Evasion Moves Clause: Evasion moves are banned
|rule|Evasion Abilities Clause: Evasion abilities are banned
|rule|Sleep Moves Clause: Sleep-inducing moves are banned
|clearpoke
|poke|p1|Tyranitar, F|
|poke|p1|Clefable, F|
|poke|p1|Alomomola, F|
|poke|p1|Scizor, M|
|poke|p1|Tornadus-Therian, M|
|poke|p1|Zamazenta-*|
|poke|p2|Gliscor, F|
|poke|p2|Blissey, F|
|poke|p2|Clefable, F|
|poke|p2|Toxapex, F|
|poke|p2|Dondozo, F|
|poke|p2|Corviknight, F|
|teampreview
|inactive|Battle timer is ON: inactive players will automatically lose when time's up. (requested by llachiee)
|
|t:|1779916541
|teamsize|p1|6
|teamsize|p2|6
|start
|switch|p1a: Clefable|Clefable, F|100/100
|switch|p2a: Adder|Gliscor, F|100/100
|turn|1
|
|t:|1779916546
|move|p2a: Adder|Protect|p2a: Adder
|-singleturn|p2a: Adder|Protect
|move|p1a: Clefable|Calm Mind|p1a: Clefable
|-boost|p1a: Clefable|spa|1
|-boost|p1a: Clefable|spd|1
|
|-status|p2a: Adder|tox|[from] item: Toxic Orb
|upkeep
|turn|2
|
|t:|1779916552
|switch|p2a: Lash|Toxapex, F, shiny|100/100
|move|p1a: Clefable|Calm Mind|p1a: Clefable
|-boost|p1a: Clefable|spa|1
|-boost|p1a: Clefable|spd|1
|
|upkeep
|turn|3
|
|t:|1779916555
|move|p1a: Clefable|Moonblast|p2a: Lash
|-resisted|p2a: Lash
|-damage|p2a: Lash|79/100
|-unboost|p2a: Lash|spa|1
|move|p2a: Lash|Haze|p2a: Lash
|-clearallboost
|
|upkeep
|turn|4
|
|t:|1779916563
|switch|p2a: Adder|Gliscor, F|100/100 tox
|move|p1a: Clefable|Calm Mind|p1a: Clefable
|-boost|p1a: Clefable|spa|1
|-boost|p1a: Clefable|spd|1
|
|upkeep
|turn|5
|
|t:|1779916568
|switch|p2a: Lash|Toxapex, F, shiny|100/100
|move|p1a: Clefable|Moonblast|p2a: Lash
|-resisted|p2a: Lash
|-damage|p2a: Lash|85/100
|-unboost|p2a: Lash|spa|1
|
|upkeep
|turn|6
|
|t:|1779916573
|switch|p1a: Tyranitar|Tyranitar, F|100/100
|-weather|Sandstorm|[from] ability: Sand Stream|[of] p1a: Tyranitar
|move|p2a: Lash|Haze|p2a: Lash
|-clearallboost
|
|-weather|Sandstorm|[upkeep]
|-damage|p2a: Lash|79/100|[from] Sandstorm
|upkeep
|turn|7
|j| roarcat
|
|t:|1779916578
|move|p1a: Tyranitar|Knock Off|p2a: Lash
|-damage|p2a: Lash|43/100
|-enditem|p2a: Lash|Heavy-Duty Boots|[from] move: Knock Off|[of] p1a: Tyranitar
|move|p2a: Lash|Toxic|p1a: Tyranitar
|-status|p1a: Tyranitar|tox
|
|-weather|Sandstorm|[upkeep]
|-damage|p2a: Lash|37/100|[from] Sandstorm
|-damage|p1a: Tyranitar|94/100 tox|[from] psn
|upkeep
|turn|8
|
|t:|1779916584
|switch|p2a: Nell|Clefable, F|100/100
|move|p1a: Tyranitar|Stealth Rock|p2a: Nell
|-sidestart|p2: llachiee|move: Stealth Rock
|
|-weather|Sandstorm|[upkeep]
|-damage|p1a: Tyranitar|82/100 tox|[from] psn
|upkeep
|turn|9
|
|t:|1779916589
|move|p2a: Nell|Stealth Rock|p1a: Tyranitar
|-sidestart|p1: CKCompany|move: Stealth Rock
|move|p1a: Tyranitar|Knock Off|p2a: Nell
|-resisted|p2a: Nell
|-damage|p2a: Nell|84/100
|-enditem|p2a: Nell|Sticky Barb|[from] move: Knock Off|[of] p1a: Tyranitar
|
|-weather|Sandstorm|[upkeep]
|-damage|p1a: Tyranitar|63/100 tox|[from] psn
|upkeep
|turn|10
|j| yuureisuisei
|
|t:|1779916608
|switch|p1a: Alomomola|Alomomola, F, shiny|100/100
|-damage|p1a: Alomomola|88/100|[from] Stealth Rock
|move|p2a: Nell|Trick|p1a: Alomomola
|-activate|p2a: Nell|move: Trick|[of] p1a: Alomomola
|-enditem|p1a: Alomomola|Rocky Helmet|[silent]|[from] move: Trick
|-item|p2a: Nell|Rocky Helmet|[from] move: Trick
|
|-weather|none
|upkeep
|turn|11
|
|t:|1779916619
|move|p2a: Nell|Moonblast|p1a: Alomomola
|-damage|p1a: Alomomola|52/100
|move|p1a: Alomomola|Wish|p1a: Alomomola
|
|upkeep
|turn|12
|
|t:|1779916627
|switch|p2a: Adder|Gliscor, F|100/100 tox
|-damage|p2a: Adder|88/100 tox|[from] Stealth Rock
|move|p1a: Alomomola|Protect||[still]
|-fail|p1a: Alomomola
|
|-heal|p1a: Alomomola|100/100|[from] move: Wish|[wisher] Alomomola
|-heal|p2a: Adder|100/100 tox|[from] ability: Poison Heal
|upkeep
|turn|13
|
|t:|1779916633
|switch|p1a: Clefable|Clefable, F|100/100
|move|p2a: Adder|Spikes|p1a: Clefable
|-sidestart|p1: CKCompany|Spikes
|
|upkeep
|turn|14
|l| yuureisuisei
|
|t:|1779916645
|switch|p2a: Lash|Toxapex, F, shiny|70/100
|-damage|p2a: Lash|58/100|[from] Stealth Rock
|switch|p1a: Tornadus|Tornadus-Therian, M|100/100
|
|upkeep
|turn|15
|
|t:|1779916651
|move|p1a: Tornadus|Bleakwind Storm|p2a: Lash
|-damage|p2a: Lash|27/100
|-unboost|p2a: Lash|spe|1
|move|p2a: Lash|Toxic|p1a: Tornadus
|-status|p1a: Tornadus|tox
|
|-damage|p1a: Tornadus|94/100 tox|[from] psn
|upkeep
|turn|16
|
|t:|1779916657
|switch|p2a: Sturm|Corviknight, F, shiny|100/100
|-damage|p2a: Sturm|88/100|[from] Stealth Rock
|-ability|p2a: Sturm|Pressure
|move|p1a: Tornadus|Nasty Plot|p1a: Tornadus
|-boost|p1a: Tornadus|spa|2
|
|-heal|p2a: Sturm|94/100|[from] item: Leftovers
|-damage|p1a: Tornadus|82/100 tox|[from] psn
|upkeep
|turn|17
|
|t:|1779916665
|move|p2a: Sturm|Protect|p2a: Sturm
|-singleturn|p2a: Sturm|Protect
|move|p1a: Tornadus|Bleakwind Storm|p2a: Sturm
|-activate|p2a: Sturm|move: Protect
|
|-heal|p2a: Sturm|99/100|[from] item: Leftovers
|-damage|p1a: Tornadus|64/100 tox|[from] psn
|upkeep
|turn|18
|
|t:|1779916670
|move|p1a: Tornadus|Heat Wave|p2a: Sturm
|-supereffective|p2a: Sturm
|-damage|p2a: Sturm|8/100
|move|p2a: Sturm|Roost|p2a: Sturm
|-heal|p2a: Sturm|58/100
|-singleturn|p2a: Sturm|move: Roost
|
|-heal|p2a: Sturm|64/100|[from] item: Leftovers
|-damage|p1a: Tornadus|40/100 tox|[from] psn
|upkeep
|turn|19
|
|t:|1779916681
|switch|p1a: Alomomola|Alomomola, F, shiny|100/100
|-damage|p1a: Alomomola|88/100|[from] Stealth Rock
|-damage|p1a: Alomomola|76/100|[from] Spikes
|move|p2a: Sturm|Protect||[still]
|-fail|p2a: Sturm
|
|-heal|p2a: Sturm|70/100|[from] item: Leftovers
|upkeep
|turn|20
|
|t:|1779916686
|move|p2a: Sturm|Substitute|p2a: Sturm
|-start|p2a: Sturm|Substitute
|-damage|p2a: Sturm|45/100
|move|p1a: Alomomola|Wish|p1a: Alomomola
|
|-heal|p2a: Sturm|51/100|[from] item: Leftovers
|upkeep
|turn|21
|
|t:|1779916689
|move|p2a: Sturm|Spite|p1a: Alomomola
|-activate|p1a: Alomomola|move: Spite|Wish|4
|move|p1a: Alomomola|Flip Turn|p2a: Sturm
|-activate|p2a: Sturm|move: Substitute|[damage]
|
|t:|1779916698
|switch|p1a: Tyranitar|Tyranitar, F|63/100 tox|[from] Flip Turn
|-weather|Sandstorm|[from] ability: Sand Stream|[of] p1a: Tyranitar
|
|-weather|Sandstorm|[upkeep]
|-heal|p1a: Tyranitar|100/100 tox|[from] move: Wish|[wisher] Alomomola
|-heal|p2a: Sturm|57/100|[from] item: Leftovers
|-damage|p1a: Tyranitar|94/100 tox|[from] psn
|upkeep
|turn|22
|
|t:|1779916708
|move|p2a: Sturm|Roost|p2a: Sturm
|-heal|p2a: Sturm|100/100
|-singleturn|p2a: Sturm|move: Roost
|move|p1a: Tyranitar|Roar|p2a: Sturm
|drag|p2a: Jugger|Dondozo, F, shiny|100/100
|
|-weather|Sandstorm|[upkeep]
|-damage|p2a: Jugger|94/100|[from] Sandstorm
|-damage|p1a: Tyranitar|82/100 tox|[from] psn
|upkeep
|turn|23
|
|t:|1779916715
|switch|p2a: Lash|Toxapex, F, shiny|61/100
|-damage|p2a: Lash|48/100|[from] Stealth Rock
|move|p1a: Tyranitar|Knock Off|p2a: Lash
|-damage|p2a: Lash|26/100
|
|-weather|Sandstorm|[upkeep]
|-damage|p2a: Lash|20/100|[from] Sandstorm
|-damage|p1a: Tyranitar|63/100 tox|[from] psn
|upkeep
|turn|24
|
|t:|1779916723
|switch|p2a: Adder|Gliscor, F|100/100 tox
|-damage|p2a: Adder|88/100 tox|[from] Stealth Rock
|move|p1a: Tyranitar|Knock Off|p2a: Adder
|-damage|p2a: Adder|63/100 tox
|-enditem|p2a: Adder|Toxic Orb|[from] move: Knock Off|[of] p1a: Tyranitar
|
|-weather|Sandstorm|[upkeep]
|-heal|p2a: Adder|76/100 tox|[from] ability: Poison Heal
|-damage|p1a: Tyranitar|39/100 tox|[from] psn
|upkeep
|turn|25
|
|t:|1779916727
|switch|p1a: Alomomola|Alomomola, F, shiny|100/100
|-damage|p1a: Alomomola|88/100|[from] Stealth Rock
|-damage|p1a: Alomomola|76/100|[from] Spikes
|move|p2a: Adder|Spikes|p1a: Alomomola
|-sidestart|p1: CKCompany|Spikes
|
|-weather|none
|-heal|p2a: Adder|88/100 tox|[from] ability: Poison Heal
|upkeep
|turn|26
|
|t:|1779916734
|move|p2a: Adder|Toxic|p1a: Alomomola|[miss]
|-miss|p2a: Adder|p1a: Alomomola
|move|p1a: Alomomola|Wish|p1a: Alomomola
|
|-heal|p2a: Adder|100/100 tox|[from] ability: Poison Heal
|upkeep
|turn|27
|
|t:|1779916739
|move|p2a: Adder|Spikes|p1a: Alomomola
|-sidestart|p1: CKCompany|Spikes
|move|p1a: Alomomola|Flip Turn|p2a: Adder
|-supereffective|p2a: Adder
|-damage|p2a: Adder|78/100 tox
|
|t:|1779916741
|switch|p1a: Tyranitar|Tyranitar, F|39/100 tox|[from] Flip Turn
|-weather|Sandstorm|[from] ability: Sand Stream|[of] p1a: Tyranitar
|
|-weather|Sandstorm|[upkeep]
|-heal|p1a: Tyranitar|100/100 tox|[from] move: Wish|[wisher] Alomomola
|-heal|p2a: Adder|91/100 tox|[from] ability: Poison Heal
|-damage|p1a: Tyranitar|94/100 tox|[from] psn
|upkeep
|turn|28
|
|t:|1779916750
|move|p2a: Adder|Protect|p2a: Adder
|-singleturn|p2a: Adder|Protect
|move|p1a: Tyranitar|Ice Beam|p2a: Adder
|-activate|p2a: Adder|move: Protect
|
|-weather|Sandstorm|[upkeep]
|-heal|p2a: Adder|100/100 tox|[from] ability: Poison Heal
|-damage|p1a: Tyranitar|82/100 tox|[from] psn
|upkeep
|turn|29
|c|☆llachiee|knew it
|
|t:|1779916767
|-terastallize|p2a: Adder|Ghost
|move|p2a: Adder|Knock Off|p1a: Tyranitar
|-resisted|p1a: Tyranitar
|-damage|p1a: Tyranitar|73/100 tox
|-enditem|p1a: Tyranitar|Heavy-Duty Boots|[from] move: Knock Off|[of] p2a: Adder
|move|p1a: Tyranitar|Knock Off|p2a: Adder
|-supereffective|p2a: Adder
|-damage|p2a: Adder|68/100 tox
|
|-weather|Sandstorm|[upkeep]
|-damage|p2a: Adder|62/100 tox|[from] Sandstorm
|-heal|p2a: Adder|74/100 tox|[from] ability: Poison Heal
|-damage|p1a: Tyranitar|54/100 tox|[from] psn
|upkeep
|turn|30
|
|t:|1779916784
|switch|p1a: Clefable|Clefable, F|100/100
|move|p2a: Adder|Protect||[still]
|-fail|p2a: Adder
|
|-weather|Sandstorm|[upkeep]
|-damage|p2a: Adder|68/100 tox|[from] Sandstorm
|-heal|p2a: Adder|81/100 tox|[from] ability: Poison Heal
|upkeep
|turn|31
|
|t:|1779916792
|switch|p2a: Lash|Toxapex, F, shiny|53/100
|-damage|p2a: Lash|41/100|[from] Stealth Rock
|switch|p1a: Tornadus|Tornadus-Therian, M|73/100 tox
|
|-weather|none
|-damage|p1a: Tornadus|67/100 tox|[from] psn
|upkeep
|turn|32
|
|t:|1779916800
|switch|p2a: Flesh Tutu|Blissey, F|100/100
|move|p1a: Tornadus|Bleakwind Storm|p2a: Flesh Tutu|[miss]
|-miss|p1a: Tornadus|p2a: Flesh Tutu
|
|-damage|p1a: Tornadus|55/100 tox|[from] psn
|upkeep
|turn|33
|
|t:|1779916812
|switch|p1a: Clefable|Clefable, F|100/100
|move|p2a: Flesh Tutu|Seismic Toss|p1a: Clefable
|-damage|p1a: Clefable|75/100
|
|-heal|p1a: Clefable|81/100|[from] item: Leftovers
|upkeep
|turn|34
|
|t:|1779916827
|switch|p2a: Lash|Toxapex, F, shiny|74/100
|-damage|p2a: Lash|62/100|[from] Stealth Rock
|move|p1a: Clefable|Calm Mind|p1a: Clefable
|-boost|p1a: Clefable|spa|1
|-boost|p1a: Clefable|spd|1
|
|-heal|p1a: Clefable|87/100|[from] item: Leftovers
|upkeep
|turn|35
|
|t:|1779916833
|move|p1a: Clefable|Moonblast|p2a: Lash
|-resisted|p2a: Lash
|-damage|p2a: Lash|48/100
|move|p2a: Lash|Haze|p2a: Lash
|-clearallboost
|
|-heal|p1a: Clefable|93/100|[from] item: Leftovers
|upkeep
|turn|36
|
|t:|1779916843
|move|p1a: Clefable|Calm Mind|p1a: Clefable
|-boost|p1a: Clefable|spa|1
|-boost|p1a: Clefable|spd|1
|move|p2a: Lash|Recover|p2a: Lash
|-heal|p2a: Lash|98/100
|
|-heal|p1a: Clefable|99/100|[from] item: Leftovers
|upkeep
|turn|37
|
|t:|1779916850
|move|p1a: Clefable|Flamethrower|p2a: Lash
|-resisted|p2a: Lash
|-damage|p2a: Lash|89/100
|move|p2a: Lash|Haze|p2a: Lash
|-clearallboost
|
|-heal|p1a: Clefable|100/100|[from] item: Leftovers
|upkeep
|turn|38
|
|t:|1779916863
|switch|p1a: Tornadus|Tornadus-Therian, M|88/100 tox
|move|p2a: Lash|Infestation|p1a: Tornadus
|-resisted|p1a: Tornadus
|-damage|p1a: Tornadus|87/100 tox
|-activate|p1a: Tornadus|move: Infestation|[of] p2a: Lash
|
|-damage|p1a: Tornadus|81/100 tox|[from] psn
|-damage|p1a: Tornadus|68/100 tox|[from] move: Infestation|[partiallytrapped]
|upkeep
|turn|39
|
|t:|1779916870
|move|p1a: Tornadus|Nasty Plot|p1a: Tornadus
|-boost|p1a: Tornadus|spa|2
|move|p2a: Lash|Infestation|p1a: Tornadus
|-resisted|p1a: Tornadus
|-damage|p1a: Tornadus|67/100 tox
|
|-damage|p1a: Tornadus|55/100 tox|[from] psn
|-damage|p1a: Tornadus|42/100 tox|[from] move: Infestation|[partiallytrapped]
|upkeep
|turn|40
|
|t:|1779916876
|switch|p2a: Flesh Tutu|Blissey, F|100/100
|move|p1a: Tornadus|Bleakwind Storm|p2a: Flesh Tutu
|-damage|p2a: Flesh Tutu|72/100
|
|-damage|p1a: Tornadus|24/100 tox|[from] psn
|-end|p1a: Tornadus|Infestation|[partiallytrapped]|[silent]
|upkeep
|turn|41
|
|t:|1779916881
|switch|p1a: Clefable|Clefable, F|100/100
|move|p2a: Flesh Tutu|Soft-Boiled|p2a: Flesh Tutu
|-heal|p2a: Flesh Tutu|100/100
|
|upkeep
|turn|42
|
|t:|1779916887
|switch|p1a: Tornadus|Tornadus-Therian, M|57/100 tox
|switch|p2a: Lash|Toxapex, F, shiny|100/100
|-damage|p2a: Lash|88/100|[from] Stealth Rock
|
|-damage|p1a: Tornadus|51/100 tox|[from] psn
|upkeep
|turn|43
|
|t:|1779916899
|switch|p1a: Clefable|Clefable, F|100/100
|move|p2a: Lash|Infestation|p1a: Clefable
|-resisted|p1a: Clefable
|-damage|p1a: Clefable|99/100
|-activate|p1a: Clefable|move: Infestation|[of] p2a: Lash
|
|-heal|p1a: Clefable|100/100|[from] item: Leftovers
|upkeep
|turn|44
|
|t:|1779916906
|move|p1a: Clefable|Calm Mind|p1a: Clefable
|-boost|p1a: Clefable|spa|1
|-boost|p1a: Clefable|spd|1
|move|p2a: Lash|Toxic|p1a: Clefable
|-status|p1a: Clefable|tox
|
|upkeep
|turn|45
|
|t:|1779916911
|move|p1a: Clefable|Flamethrower|p2a: Lash
|-resisted|p2a: Lash
|-damage|p2a: Lash|79/100
|move|p2a: Lash|Haze|p2a: Lash
|-clearallboost
|
|upkeep
|turn|46
|
|t:|1779916917
|switch|p2a: Flesh Tutu|Blissey, F|100/100
|move|p1a: Clefable|Calm Mind|p1a: Clefable
|-boost|p1a: Clefable|spa|1
|-boost|p1a: Clefable|spd|1
|
|-end|p1a: Clefable|Infestation|[partiallytrapped]|[silent]
|upkeep
|turn|47
|
|t:|1779916923
|switch|p2a: Lash|Toxapex, F, shiny|100/100
|-damage|p2a: Lash|88/100|[from] Stealth Rock
|move|p1a: Clefable|Calm Mind|p1a: Clefable
|-boost|p1a: Clefable|spa|1
|-boost|p1a: Clefable|spd|1
|
|upkeep
|turn|48
|
|t:|1779916928
|move|p1a: Clefable|Moonblast|p2a: Lash
|-resisted|p2a: Lash
|-damage|p2a: Lash|68/100
|-unboost|p2a: Lash|spa|1
|move|p2a: Lash|Haze|p2a: Lash
|-clearallboost
|
|upkeep
|turn|49
|
|t:|1779916935
|switch|p2a: Sturm|Corviknight, F, shiny|100/100
|-damage|p2a: Sturm|88/100|[from] Stealth Rock
|-ability|p2a: Sturm|Pressure
|move|p1a: Clefable|Flamethrower|p2a: Sturm
|-supereffective|p2a: Sturm
|-damage|p2a: Sturm|55/100
|
|-heal|p2a: Sturm|61/100|[from] item: Leftovers
|upkeep
|turn|50
|
|t:|1779916944
|switch|p1a: Tornadus|Tornadus-Therian, M|84/100 tox
|move|p2a: Sturm|Spite||[still]
|-fail|p2a: Sturm
|
|-heal|p2a: Sturm|67/100|[from] item: Leftovers
|-damage|p1a: Tornadus|78/100 tox|[from] psn
|upkeep
|turn|51
|
|t:|1779916959
|switch|p1a: Scizor|Scizor, M, shiny|100/100
|-damage|p1a: Scizor|88/100|[from] Stealth Rock
|-damage|p1a: Scizor|64/100|[from] Spikes
|move|p2a: Sturm|Roost|p2a: Sturm
|-heal|p2a: Sturm|100/100
|-singleturn|p2a: Sturm|move: Roost
|
|upkeep
|turn|52
|
|t:|1779916966
|switch|p2a: Lash|Toxapex, F, shiny|100/100
|-damage|p2a: Lash|88/100|[from] Stealth Rock
|move|p1a: Scizor|Knock Off|p2a: Lash
|-damage|p2a: Lash|58/100
|
|upkeep
|turn|53
|
|t:|1779916974
|switch|p1a: Clefable|Clefable, F|100/100 tox
|move|p2a: Lash|Infestation|p1a: Clefable
|-resisted|p1a: Clefable
|-crit|p1a: Clefable
|-damage|p1a: Clefable|98/100 tox
|-activate|p1a: Clefable|move: Infestation|[of] p2a: Lash
|
|-heal|p1a: Clefable|100/100 tox|[from] item: Leftovers
|upkeep
|turn|54
|
|t:|1779916983
|switch|p2a: Flesh Tutu|Blissey, F|100/100
|move|p1a: Clefable|Calm Mind|p1a: Clefable
|-boost|p1a: Clefable|spa|1
|-boost|p1a: Clefable|spd|1
|
|-end|p1a: Clefable|Infestation|[partiallytrapped]|[silent]
|upkeep
|turn|55
|
|t:|1779916989
|move|p1a: Clefable|Flamethrower|p2a: Flesh Tutu
|-damage|p2a: Flesh Tutu|92/100
|move|p2a: Flesh Tutu|Seismic Toss|p1a: Clefable
|-damage|p1a: Clefable|75/100 tox
|
|-heal|p1a: Clefable|81/100 tox|[from] item: Leftovers
|upkeep
|turn|56
|
|t:|1779917006
|move|p1a: Clefable|Moonblast|p2a: Flesh Tutu
|-damage|p2a: Flesh Tutu|79/100
|move|p2a: Flesh Tutu|Seismic Toss|p1a: Clefable
|-damage|p1a: Clefable|56/100 tox
|
|-heal|p1a: Clefable|62/100 tox|[from] item: Leftovers
|upkeep
|turn|57
|
|t:|1779917011
|move|p1a: Clefable|Calm Mind|p1a: Clefable
|-boost|p1a: Clefable|spa|1
|-boost|p1a: Clefable|spd|1
|move|p2a: Flesh Tutu|Seismic Toss|p1a: Clefable
|-damage|p1a: Clefable|37/100 tox
|
|-heal|p1a: Clefable|43/100 tox|[from] item: Leftovers
|upkeep
|turn|58
|
|t:|1779917017
|switch|p2a: Lash|Toxapex, F, shiny|91/100
|-damage|p2a: Lash|79/100|[from] Stealth Rock
|move|p1a: Clefable|Moonlight|p1a: Clefable
|-heal|p1a: Clefable|93/100 tox
|
|-heal|p1a: Clefable|99/100 tox|[from] item: Leftovers
|upkeep
|turn|59
|
|t:|1779917021
|move|p1a: Clefable|Moonblast|p2a: Lash
|-resisted|p2a: Lash
|-damage|p2a: Lash|61/100
|-unboost|p2a: Lash|spa|1
|move|p2a: Lash|Haze|p2a: Lash
|-clearallboost
|
|-heal|p1a: Clefable|100/100 tox|[from] item: Leftovers
|upkeep
|turn|60
|
|t:|1779917040
|switch|p1a: Alomomola|Alomomola, F, shiny|100/100
|-damage|p1a: Alomomola|88/100|[from] Stealth Rock
|-damage|p1a: Alomomola|63/100|[from] Spikes
|switch|p2a: Flesh Tutu|Blissey, F|79/100
|
|upkeep
|turn|61
|
|t:|1779917047
|move|p1a: Alomomola|Wish|p1a: Alomomola
|move|p2a: Flesh Tutu|Seismic Toss|p1a: Alomomola
|-damage|p1a: Alomomola|45/100
|
|upkeep
|turn|62
|
|t:|1779917052
|move|p1a: Alomomola|Flip Turn|p2a: Flesh Tutu
|-damage|p2a: Flesh Tutu|61/100
|
|t:|1779917055
|switch|p1a: Tyranitar|Tyranitar, F|54/100 tox|[from] Flip Turn
|-damage|p1a: Tyranitar|42/100 tox|[from] Stealth Rock
|-damage|p1a: Tyranitar|17/100 tox|[from] Spikes
|-weather|Sandstorm|[from] ability: Sand Stream|[of] p1a: Tyranitar
|move|p2a: Flesh Tutu|Seismic Toss|p1a: Tyranitar
|-damage|p1a: Tyranitar|0 fnt
|faint|p1a: Tyranitar
|
|-weather|Sandstorm|[upkeep]
|-damage|p2a: Flesh Tutu|55/100|[from] Sandstorm
|upkeep
|
|t:|1779917063
|switch|p1a: Zamazenta|Zamazenta|100/100
|-ability|p1a: Zamazenta|Dauntless Shield|boost
|-boost|p1a: Zamazenta|def|1
|turn|63
|
|t:|1779917072
|switch|p2a: Lash|Toxapex, F, shiny|95/100
|-damage|p2a: Lash|82/100|[from] Stealth Rock
|move|p1a: Zamazenta|Stone Edge|p2a: Lash
|-damage|p2a: Lash|58/100
|
|-weather|Sandstorm|[upkeep]
|-damage|p1a: Zamazenta|94/100|[from] Sandstorm
|-damage|p2a: Lash|52/100|[from] Sandstorm
|upkeep
|turn|64
|
|t:|1779917079
|switch|p1a: Clefable|Clefable, F|100/100 tox
|move|p2a: Lash|Recover|p2a: Lash
|-heal|p2a: Lash|100/100
|
|-weather|Sandstorm|[upkeep]
|-damage|p2a: Lash|95/100|[from] Sandstorm
|upkeep
|turn|65
|
|t:|1779917096
|switch|p1a: Tornadus|Tornadus-Therian, M|100/100 tox
|switch|p2a: Flesh Tutu|Blissey, F|55/100
|
|-weather|Sandstorm|[upkeep]
|-damage|p1a: Tornadus|94/100 tox|[from] Sandstorm
|-damage|p2a: Flesh Tutu|48/100|[from] Sandstorm
|-damage|p1a: Tornadus|88/100 tox|[from] psn
|upkeep
|turn|66
|
|t:|1779917102
|move|p1a: Tornadus|Nasty Plot|p1a: Tornadus
|-boost|p1a: Tornadus|spa|2
|move|p2a: Flesh Tutu|Soft-Boiled|p2a: Flesh Tutu
|-heal|p2a: Flesh Tutu|99/100
|
|-weather|none
|-damage|p1a: Tornadus|76/100 tox|[from] psn
|upkeep
|turn|67
|
|t:|1779917107
|move|p1a: Tornadus|Bleakwind Storm|p2a: Flesh Tutu|[miss]
|-miss|p1a: Tornadus|p2a: Flesh Tutu
|move|p2a: Flesh Tutu|Calm Mind|p2a: Flesh Tutu
|-boost|p2a: Flesh Tutu|spa|1
|-boost|p2a: Flesh Tutu|spd|1
|
|-damage|p1a: Tornadus|58/100 tox|[from] psn
|upkeep
|turn|68
|
|t:|1779917112
|switch|p1a: Zamazenta|Zamazenta|94/100
|move|p2a: Flesh Tutu|Seismic Toss|p1a: Zamazenta
|-damage|p1a: Zamazenta|64/100
|
|upkeep
|turn|69
|c|☆llachiee|you lose
|c|☆llachiee|forfeit
|
|t:|1779917121
|switch|p2a: Lash|Toxapex, F, shiny|100/100
|-damage|p2a: Lash|88/100|[from] Stealth Rock
|move|p1a: Zamazenta|Crunch|p2a: Lash
|-damage|p2a: Lash|67/100
|
|upkeep
|turn|70
|
|t:|1779917128
|switch|p1a: Clefable|Clefable, F|100/100 tox
|move|p2a: Lash|Toxic|p1a: Clefable
|-fail|p1a: Clefable|tox
|
|upkeep
|turn|71
|
|t:|1779917139
|switch|p2a: Adder|Gliscor, F, tera:Ghost|81/100 tox
|-damage|p2a: Adder|68/100 tox|[from] Stealth Rock
|move|p1a: Clefable|Calm Mind|p1a: Clefable
|-boost|p1a: Clefable|spa|1
|-boost|p1a: Clefable|spd|1
|
|-heal|p2a: Adder|81/100 tox|[from] ability: Poison Heal
|upkeep
|turn|72
|
|t:|1779917147
|move|p2a: Adder|Knock Off|p1a: Clefable
|-resisted|p1a: Clefable
|-crit|p1a: Clefable
|-damage|p1a: Clefable|88/100 tox
|-enditem|p1a: Clefable|Leftovers|[from] move: Knock Off|[of] p2a: Adder
|move|p1a: Clefable|Calm Mind|p1a: Clefable
|-boost|p1a: Clefable|spa|1
|-boost|p1a: Clefable|spd|1
|
|-heal|p2a: Adder|93/100 tox|[from] ability: Poison Heal
|upkeep
|turn|73
|
|t:|1779917151
|switch|p2a: Lash|Toxapex, F, shiny|99/100
|-damage|p2a: Lash|88/100|[from] Stealth Rock
|move|p1a: Clefable|Moonblast|p2a: Lash
|-resisted|p2a: Lash
|-damage|p2a: Lash|67/100
|
|upkeep
|turn|74
|
|t:|1779917155
|move|p1a: Clefable|Moonblast|p2a: Lash
|-resisted|p2a: Lash
|-damage|p2a: Lash|48/100
|-unboost|p2a: Lash|spa|1
|move|p2a: Lash|Haze|p2a: Lash
|-clearallboost
|
|upkeep
|turn|75
|
|t:|1779917163
|switch|p1a: Tornadus|Tornadus-Therian, M|91/100 tox
|switch|p2a: Flesh Tutu|Blissey, F|99/100
|
|-damage|p1a: Tornadus|85/100 tox|[from] psn
|upkeep
|turn|76
|
|t:|1779917174
|switch|p1a: Clefable|Clefable, F|88/100 tox
|move|p2a: Flesh Tutu|Seismic Toss|p1a: Clefable
|-damage|p1a: Clefable|63/100 tox
|
|upkeep
|turn|77
|
|t:|1779917185
|switch|p1a: Tornadus|Tornadus-Therian, M|100/100 tox
|move|p2a: Flesh Tutu|Seismic Toss|p1a: Tornadus
|-damage|p1a: Tornadus|67/100 tox
|
|-damage|p1a: Tornadus|61/100 tox|[from] psn
|upkeep
|turn|78
|
|t:|1779917199
|switch|p1a: Alomomola|Alomomola, F, shiny|78/100
|-damage|p1a: Alomomola|65/100|[from] Stealth Rock
|-damage|p1a: Alomomola|41/100|[from] Spikes
|move|p2a: Flesh Tutu|Calm Mind|p2a: Flesh Tutu
|-boost|p2a: Flesh Tutu|spa|1
|-boost|p2a: Flesh Tutu|spd|1
|
|upkeep
|turn|79
|
|t:|1779917206
|move|p1a: Alomomola|Wish|p1a: Alomomola
|move|p2a: Flesh Tutu|Shadow Ball|p1a: Alomomola
|-damage|p1a: Alomomola|14/100
|-unboost|p1a: Alomomola|spd|1
|
|upkeep
|turn|80
|
|t:|1779917213
|move|p1a: Alomomola|Protect|p1a: Alomomola
|-singleturn|p1a: Alomomola|Protect
|move|p2a: Flesh Tutu|Seismic Toss|p1a: Alomomola
|-activate|p1a: Alomomola|move: Protect
|
|-heal|p1a: Alomomola|64/100|[from] move: Wish|[wisher] Alomomola
|upkeep
|turn|81
|l| roarcat
|
|t:|1779917224
|move|p1a: Alomomola|Flip Turn|p2a: Flesh Tutu
|-damage|p2a: Flesh Tutu|81/100
|inactive|CKCompany has 120 seconds left.
|inactive|CKCompany has 90 seconds left.
|inactive|CKCompany has 60 seconds left.
|
|t:|1779917314
|switch|p1a: Zamazenta|Zamazenta|64/100|[from] Flip Turn
|move|p2a: Flesh Tutu|Shadow Ball|p1a: Zamazenta
|-damage|p1a: Zamazenta|43/100
|
|upkeep
|turn|82
|
|t:|1779917336
|switch|p2a: Lash|Toxapex, F, shiny|81/100
|-damage|p2a: Lash|69/100|[from] Stealth Rock
|move|p1a: Zamazenta|Close Combat|p2a: Lash
|-resisted|p2a: Lash
|-damage|p2a: Lash|46/100
|-unboost|p1a: Zamazenta|def|1
|-unboost|p1a: Zamazenta|spd|1
|
|upkeep
|turn|83
|
|t:|1779917347
|switch|p1a: Alomomola|Alomomola, F, shiny|98/100
|-damage|p1a: Alomomola|85/100|[from] Stealth Rock
|-damage|p1a: Alomomola|60/100|[from] Spikes
|move|p2a: Lash|Recover|p2a: Lash
|-heal|p2a: Lash|96/100
|
|upkeep
|turn|84
|inactive|CKCompany has 60 seconds left.
|
|t:|1779917384
|move|p1a: Alomomola|Wish|p1a: Alomomola
|move|p2a: Lash|Toxic|p1a: Alomomola
|-status|p1a: Alomomola|tox
|
|-damage|p1a: Alomomola|54/100 tox|[from] psn
|upkeep
|turn|85
|inactive|llachiee has 120 seconds left.
|inactive|CKCompany has 60 seconds left.
|inactive|llachiee has 90 seconds left.
|
|t:|1779917445
|move|p1a: Alomomola|Flip Turn|p2a: Lash
|-resisted|p2a: Lash
|-damage|p2a: Lash|89/100
|inactive|CKCompany has 60 seconds left.
|
|t:|1779917460
|switch|p1a: Clefable|Clefable, F|63/100 tox|[from] Flip Turn
|move|p2a: Lash|Infestation|p1a: Clefable
|-resisted|p1a: Clefable
|-damage|p1a: Clefable|62/100 tox
|-activate|p1a: Clefable|move: Infestation|[of] p2a: Lash
|
|-heal|p1a: Clefable|100/100 tox|[from] move: Wish|[wisher] Alomomola
|upkeep
|turn|86
|inactive|CKCompany has 60 seconds left.
|
|t:|1779917478
|switch|p2a: Flesh Tutu|Blissey, F|81/100
|move|p1a: Clefable|Calm Mind|p1a: Clefable
|-boost|p1a: Clefable|spa|1
|-boost|p1a: Clefable|spd|1
|
|-end|p1a: Clefable|Infestation|[partiallytrapped]|[silent]
|upkeep
|turn|87
|inactive|CKCompany has 60 seconds left.
|
|t:|1779917492
|switch|p1a: Alomomola|Alomomola, F, shiny|87/100 tox
|-damage|p1a: Alomomola|75/100 tox|[from] Stealth Rock
|-damage|p1a: Alomomola|50/100 tox|[from] Spikes
|move|p2a: Flesh Tutu|Calm Mind|p2a: Flesh Tutu
|-boost|p2a: Flesh Tutu|spa|1
|-boost|p2a: Flesh Tutu|spd|1
|
|-damage|p1a: Alomomola|44/100 tox|[from] psn
|upkeep
|turn|88
|inactive|CKCompany has 60 seconds left.
|inactive|llachiee has 90 seconds left.
|
|t:|1779917523
|move|p1a: Alomomola|Wish|p1a: Alomomola
|move|p2a: Flesh Tutu|Shadow Ball|p1a: Alomomola
|-damage|p1a: Alomomola|19/100 tox
|-unboost|p1a: Alomomola|spd|1
|
|-damage|p1a: Alomomola|7/100 tox|[from] psn
|upkeep
|turn|89
|inactive|CKCompany has 60 seconds left.
|
|t:|1779917536
|switch|p1a: Zamazenta|Zamazenta|43/100
|move|p2a: Flesh Tutu|Seismic Toss|p1a: Zamazenta
|-damage|p1a: Zamazenta|12/100
|
|-heal|p1a: Zamazenta|95/100|[from] move: Wish|[wisher] Alomomola
|upkeep
|turn|90
|
|t:|1779917545
|switch|p2a: Adder|Gliscor, F, tera:Ghost|93/100 tox
|-damage|p2a: Adder|81/100 tox|[from] Stealth Rock
|move|p1a: Zamazenta|Stone Edge|p2a: Adder
|-damage|p2a: Adder|62/100 tox
|
|-heal|p2a: Adder|75/100 tox|[from] ability: Poison Heal
|upkeep
|turn|91
|
|t:|1779917555
|-terastallize|p1a: Zamazenta|Dark
|move|p1a: Zamazenta|Crunch|p2a: Adder
|-supereffective|p2a: Adder
|-damage|p2a: Adder|30/100 tox
|-unboost|p2a: Adder|def|1
|move|p2a: Adder|Knock Off|p1a: Zamazenta
|-resisted|p1a: Zamazenta
|-damage|p1a: Zamazenta|85/100
|-enditem|p1a: Zamazenta|Heavy-Duty Boots|[from] move: Knock Off|[of] p2a: Adder
|
|-heal|p2a: Adder|43/100 tox|[from] ability: Poison Heal
|upkeep
|turn|92
|inactive|llachiee has 90 seconds left.
|
|t:|1779917566
|move|p2a: Adder|Protect|p2a: Adder
|-singleturn|p2a: Adder|Protect
|move|p1a: Zamazenta|Crunch|p2a: Adder
|-activate|p2a: Adder|move: Protect
|
|-heal|p2a: Adder|55/100 tox|[from] ability: Poison Heal
|upkeep
|turn|93
|inactive|llachiee has 90 seconds left.
|
|t:|1779917574
|switch|p2a: Lash|Toxapex, F, shiny|100/100
|-damage|p2a: Lash|88/100|[from] Stealth Rock
|move|p1a: Zamazenta|Crunch|p2a: Lash
|-damage|p2a: Lash|57/100
|
|upkeep
|turn|94
|
|t:|1779917581
|switch|p1a: Clefable|Clefable, F|100/100 tox
|move|p2a: Lash|Toxic|p1a: Clefable
|-fail|p1a: Clefable|tox
|
|upkeep
|turn|95
|
|t:|1779917589
|switch|p2a: Flesh Tutu|Blissey, F|81/100
|move|p1a: Clefable|Calm Mind|p1a: Clefable
|-boost|p1a: Clefable|spa|1
|-boost|p1a: Clefable|spd|1
|
|upkeep
|turn|96
|c|☆llachiee|you lose
|
|t:|1779917602
|switch|p1a: Zamazenta|Zamazenta, tera:Dark|85/100
|-damage|p1a: Zamazenta|73/100|[from] Stealth Rock
|-damage|p1a: Zamazenta|48/100|[from] Spikes
|move|p2a: Flesh Tutu|Seismic Toss|p1a: Zamazenta
|-damage|p1a: Zamazenta|17/100
|
|upkeep
|turn|97
|inactive|llachiee has 120 seconds left.
|inactive|CKCompany has 60 seconds left.
|inactive|CKCompany has 30 seconds left.
|
|t:|1779917663
|switch|p2a: Jugger|Dondozo, F, shiny|94/100
|move|p1a: Zamazenta|Crunch|p2a: Jugger
|-damage|p2a: Jugger|78/100
|
|upkeep
|turn|98
|
|t:|1779917672
|move|p1a: Zamazenta|Close Combat|p2a: Jugger
|-damage|p2a: Jugger|52/100
|-unboost|p1a: Zamazenta|def|1
|-unboost|p1a: Zamazenta|spd|1
|move|p2a: Jugger|Body Press|p1a: Zamazenta
|-supereffective|p1a: Zamazenta
|-damage|p1a: Zamazenta|0 fnt
|faint|p1a: Zamazenta
|
|upkeep
|inactive|CKCompany has 30 seconds left.
|
|t:|1779917683
|switch|p1a: Tornadus|Tornadus-Therian, M|94/100 tox
|turn|99
|inactive|CKCompany has 30 seconds left.
|j| SpartysBro
|inactive|CKCompany has 20 seconds left.
|
|t:|1779917704
|switch|p2a: Lash|Toxapex, F, shiny|91/100
|-damage|p2a: Lash|78/100|[from] Stealth Rock
|move|p1a: Tornadus|Nasty Plot|p1a: Tornadus
|-boost|p1a: Tornadus|spa|2
|
|-damage|p1a: Tornadus|88/100 tox|[from] psn
|upkeep
|turn|100
|inactive|CKCompany has 30 seconds left this turn.
|c|☆llachiee|im not sure
|inactive|CKCompany has 20 seconds left.
|c|☆llachiee|how u think ur winning thi
|
|t:|1779917718
|switch|p2a: Sturm|Corviknight, F, shiny|100/100
|-damage|p2a: Sturm|88/100|[from] Stealth Rock
|-ability|p2a: Sturm|Pressure
|move|p1a: Tornadus|Nasty Plot|p1a: Tornadus
|-boost|p1a: Tornadus|spa|2
|
|-heal|p2a: Sturm|94/100|[from] item: Leftovers
|-damage|p1a: Tornadus|76/100 tox|[from] psn
|upkeep
|turn|101
|inactive|CKCompany has 25 seconds left this turn.
|inactive|CKCompany has 20 seconds left.
|
|t:|1779917724
|move|p2a: Sturm|Protect|p2a: Sturm
|-singleturn|p2a: Sturm|Protect
|move|p1a: Tornadus|Heat Wave|p2a: Sturm
|-activate|p2a: Sturm|move: Protect
|
|-heal|p2a: Sturm|99/100|[from] item: Leftovers
|-damage|p1a: Tornadus|58/100 tox|[from] psn
|upkeep
|turn|102
|inactive|CKCompany has 25 seconds left this turn.
|
|t:|1779917730
|switch|p2a: Flesh Tutu|Blissey, F|81/100
|move|p1a: Tornadus|Bleakwind Storm|p2a: Flesh Tutu
|-damage|p2a: Flesh Tutu|42/100
|
|-damage|p1a: Tornadus|34/100 tox|[from] psn
|upkeep
|turn|103
|inactive|CKCompany has 30 seconds left this turn.
|inactive|CKCompany has 20 seconds left.
|l| SpartysBro
|inactive|CKCompany has 15 seconds left.
|
|t:|1779917746
|switch|p2a: Nell|Clefable, F|84/100
|move|p1a: Tornadus|Bleakwind Storm|p2a: Nell
|-damage|p2a: Nell|0 fnt
|faint|p2a: Nell
|
|-damage|p1a: Tornadus|4/100 tox|[from] psn
|upkeep
|
|t:|1779917758
|switch|p2a: Sturm|Corviknight, F, shiny|99/100
|-damage|p2a: Sturm|88/100|[from] Stealth Rock
|-ability|p2a: Sturm|Pressure
|turn|104
|inactive|CKCompany has 25 seconds left this turn.
|inactive|CKCompany has 20 seconds left.
|
|t:|1779917764
|switch|p1a: Clefable|Clefable, F|100/100 tox
|move|p2a: Sturm|Protect||[still]
|-fail|p2a: Sturm
|
|-heal|p2a: Sturm|94/100|[from] item: Leftovers
|upkeep
|turn|105
|inactive|CKCompany has 25 seconds left this turn.
|inactive|CKCompany has 20 seconds left.
|inactive|CKCompany has 15 seconds left.
|
|t:|1779917776
|switch|p2a: Flesh Tutu|Blissey, F|42/100
|move|p1a: Clefable|Calm Mind|p1a: Clefable
|-boost|p1a: Clefable|spa|1
|-boost|p1a: Clefable|spd|1
|
|upkeep
|turn|106
|inactive|CKCompany has 20 seconds left this turn.
|inactive|CKCompany has 15 seconds left.
|
|t:|1779917786
|switch|p1a: Scizor|Scizor, M, shiny|64/100
|-damage|p1a: Scizor|51/100|[from] Stealth Rock
|-damage|p1a: Scizor|27/100|[from] Spikes
|move|p2a: Flesh Tutu|Soft-Boiled|p2a: Flesh Tutu
|-heal|p2a: Flesh Tutu|92/100
|
|upkeep
|turn|107
|inactive|CKCompany has 20 seconds left this turn.
|inactive|CKCompany has 15 seconds left.
|inactive|CKCompany has 10 seconds left.
|
|t:|1779917800
|switch|p2a: Lash|Toxapex, F, shiny|100/100
|-damage|p2a: Lash|88/100|[from] Stealth Rock
|move|p1a: Scizor|Close Combat|p2a: Lash
|-resisted|p2a: Lash
|-damage|p2a: Lash|62/100
|-unboost|p1a: Scizor|def|1
|-unboost|p1a: Scizor|spd|1
|
|upkeep
|turn|108
|inactive|CKCompany has 15 seconds left this turn.
|
|t:|1779917804
|move|p1a: Scizor|Close Combat|p2a: Lash
|-resisted|p2a: Lash
|-damage|p2a: Lash|37/100
|-unboost|p1a: Scizor|def|1
|-unboost|p1a: Scizor|spd|1
|move|p2a: Lash|Infestation|p1a: Scizor
|-resisted|p1a: Scizor
|-damage|p1a: Scizor|23/100
|-activate|p1a: Scizor|move: Infestation|[of] p2a: Lash
|
|-damage|p1a: Scizor|11/100|[from] move: Infestation|[partiallytrapped]
|upkeep
|turn|109
|inactive|CKCompany has 20 seconds left this turn.
|inactive|CKCompany has 15 seconds left.
|
|t:|1779917815
|move|p1a: Scizor|Close Combat|p2a: Lash
|-resisted|p2a: Lash
|-damage|p2a: Lash|8/100
|-unboost|p1a: Scizor|def|1
|-unboost|p1a: Scizor|spd|1
|move|p2a: Lash|Recover|p2a: Lash
|-heal|p2a: Lash|59/100
|
|-damage|p1a: Scizor|0 fnt|[from] move: Infestation|[partiallytrapped]
|faint|p1a: Scizor
|upkeep
|inactive|CKCompany has 20 seconds left this turn.
|inactive|CKCompany has 15 seconds left.
|
|t:|1779917822
|switch|p1a: Clefable|Clefable, F|100/100 tox
|turn|110
|inactive|CKCompany has 20 seconds left this turn.
|
|t:|1779917826
|switch|p2a: Flesh Tutu|Blissey, F|92/100
|move|p1a: Clefable|Calm Mind|p1a: Clefable
|-boost|p1a: Clefable|spa|1
|-boost|p1a: Clefable|spd|1
|
|upkeep
|turn|111
|inactive|CKCompany has 25 seconds left this turn.
|inactive|CKCompany has 20 seconds left.
|
|t:|1779917834
|move|p1a: Clefable|Calm Mind|p1a: Clefable
|-boost|p1a: Clefable|spa|1
|-boost|p1a: Clefable|spd|1
|move|p2a: Flesh Tutu|Calm Mind|p2a: Flesh Tutu
|-boost|p2a: Flesh Tutu|spa|1
|-boost|p2a: Flesh Tutu|spd|1
|
|upkeep
|turn|112
|inactive|CKCompany has 25 seconds left this turn.
|inactive|CKCompany has 20 seconds left.
|
|t:|1779917841
|move|p1a: Clefable|Calm Mind|p1a: Clefable
|-boost|p1a: Clefable|spa|1
|-boost|p1a: Clefable|spd|1
|move|p2a: Flesh Tutu|Calm Mind|p2a: Flesh Tutu
|-boost|p2a: Flesh Tutu|spa|1
|-boost|p2a: Flesh Tutu|spd|1
|
|upkeep
|turn|113
|inactive|CKCompany has 25 seconds left this turn.
|
|t:|1779917844
|move|p1a: Clefable|Calm Mind|p1a: Clefable
|-boost|p1a: Clefable|spa|1
|-boost|p1a: Clefable|spd|1
|move|p2a: Flesh Tutu|Shadow Ball|p1a: Clefable
|-damage|p1a: Clefable|91/100 tox
|
|upkeep
|turn|114
|inactive|CKCompany has 30 seconds left this turn.
|
|t:|1779917847
|move|p1a: Clefable|Calm Mind|p1a: Clefable
|-boost|p1a: Clefable|spa|1
|-boost|p1a: Clefable|spd|1
|move|p2a: Flesh Tutu|Calm Mind|p2a: Flesh Tutu
|-boost|p2a: Flesh Tutu|spa|1
|-boost|p2a: Flesh Tutu|spd|1
|
|upkeep
|turn|115
|
|t:|1779917849
|move|p1a: Clefable|Calm Mind|p1a: Clefable
|-boost|p1a: Clefable|spa|1
|-boost|p1a: Clefable|spd|1
|move|p2a: Flesh Tutu|Calm Mind|p2a: Flesh Tutu
|-boost|p2a: Flesh Tutu|spa|1
|-boost|p2a: Flesh Tutu|spd|1
|
|upkeep
|turn|116
|
|t:|1779917852
|move|p1a: Clefable|Moonblast|p2a: Flesh Tutu
|-damage|p2a: Flesh Tutu|81/100
|-unboost|p2a: Flesh Tutu|spa|1
|move|p2a: Flesh Tutu|Calm Mind|p2a: Flesh Tutu
|-boost|p2a: Flesh Tutu|spa|1
|-boost|p2a: Flesh Tutu|spd|1
|
|upkeep
|turn|117
|
|t:|1779917856
|move|p1a: Clefable|Moonblast|p2a: Flesh Tutu
|-damage|p2a: Flesh Tutu|69/100
|-unboost|p2a: Flesh Tutu|spa|1
|move|p2a: Flesh Tutu|Calm Mind|p2a: Flesh Tutu
|-boost|p2a: Flesh Tutu|spa|1
|-boost|p2a: Flesh Tutu|spd|1
|
|upkeep
|turn|118
|
|t:|1779917860
|move|p1a: Clefable|Moonblast|p2a: Flesh Tutu
|-damage|p2a: Flesh Tutu|59/100
|-unboost|p2a: Flesh Tutu|spa|1
|move|p2a: Flesh Tutu|Seismic Toss|p1a: Clefable
|-damage|p1a: Clefable|66/100 tox
|
|upkeep
|turn|119
|
|t:|1779917863
|move|p1a: Clefable|Moonblast|p2a: Flesh Tutu
|-damage|p2a: Flesh Tutu|49/100
|-unboost|p2a: Flesh Tutu|spa|1
|move|p2a: Flesh Tutu|Soft-Boiled|p2a: Flesh Tutu
|-heal|p2a: Flesh Tutu|99/100
|
|upkeep
|turn|120
|
|t:|1779917892
|move|p1a: Clefable|Moonblast|p2a: Flesh Tutu
|-damage|p2a: Flesh Tutu|89/100
|move|p2a: Flesh Tutu|Seismic Toss|p1a: Clefable
|-damage|p1a: Clefable|40/100 tox
|
|upkeep
|turn|121
|
|t:|1779917897
|move|p1a: Clefable|Moonlight|p1a: Clefable
|-heal|p1a: Clefable|90/100 tox
|move|p2a: Flesh Tutu|Seismic Toss|p1a: Clefable
|-damage|p1a: Clefable|65/100 tox
|
|upkeep
|turn|122
|
|t:|1779917903
|move|p1a: Clefable|Moonblast|p2a: Flesh Tutu
|-damage|p2a: Flesh Tutu|79/100
|move|p2a: Flesh Tutu|Seismic Toss|p1a: Clefable
|-damage|p1a: Clefable|40/100 tox
|
|upkeep
|turn|123
|
|t:|1779917909
|move|p1a: Clefable|Moonlight|p1a: Clefable
|-heal|p1a: Clefable|90/100 tox
|move|p2a: Flesh Tutu|Seismic Toss|p1a: Clefable
|-damage|p1a: Clefable|64/100 tox
|
|upkeep
|turn|124
|
|t:|1779917912
|move|p1a: Clefable|Moonblast|p2a: Flesh Tutu
|-damage|p2a: Flesh Tutu|70/100
|move|p2a: Flesh Tutu|Seismic Toss|p1a: Clefable
|-damage|p1a: Clefable|39/100 tox
|
|upkeep
|turn|125
|
|t:|1779917916
|move|p1a: Clefable|Moonlight|p1a: Clefable
|-heal|p1a: Clefable|89/100 tox
|move|p2a: Flesh Tutu|Seismic Toss|p1a: Clefable
|-damage|p1a: Clefable|63/100 tox
|
|upkeep
|turn|126
|
|t:|1779917920
|move|p1a: Clefable|Flamethrower|p2a: Flesh Tutu
|-damage|p2a: Flesh Tutu|64/100
|move|p2a: Flesh Tutu|Seismic Toss|p1a: Clefable
|-damage|p1a: Clefable|38/100 tox
|
|upkeep
|turn|127
|
|t:|1779917925
|move|p1a: Clefable|Moonlight|p1a: Clefable
|-heal|p1a: Clefable|88/100 tox
|move|p2a: Flesh Tutu|Seismic Toss|p1a: Clefable
|-damage|p1a: Clefable|63/100 tox
|
|upkeep
|turn|128
|
|t:|1779917928
|move|p1a: Clefable|Moonblast|p2a: Flesh Tutu
|-damage|p2a: Flesh Tutu|56/100
|move|p2a: Flesh Tutu|Seismic Toss|p1a: Clefable
|-damage|p1a: Clefable|37/100 tox
|
|upkeep
|turn|129
|
|t:|1779917933
|move|p1a: Clefable|Moonlight|p1a: Clefable
|-heal|p1a: Clefable|87/100 tox
|move|p2a: Flesh Tutu|Soft-Boiled|p2a: Flesh Tutu
|-heal|p2a: Flesh Tutu|100/100
|
|upkeep
|turn|130
|
|t:|1779917940
|move|p1a: Clefable|Moonblast|p2a: Flesh Tutu
|-damage|p2a: Flesh Tutu|91/100
|move|p2a: Flesh Tutu|Seismic Toss|p1a: Clefable
|-damage|p1a: Clefable|62/100 tox
|
|upkeep
|turn|131
|inactive|CKCompany has 60 seconds left.
|c|☆llachiee|zzzzz
|inactive|CKCompany has 30 seconds left.
|
|t:|1779917986
|move|p1a: Clefable|Moonblast|p2a: Flesh Tutu
|-damage|p2a: Flesh Tutu|82/100
|move|p2a: Flesh Tutu|Seismic Toss|p1a: Clefable
|-damage|p1a: Clefable|37/100 tox
|
|upkeep
|turn|132
|inactive|CKCompany has 30 seconds left.
|
|t:|1779917991
|move|p1a: Clefable|Moonlight|p1a: Clefable
|-heal|p1a: Clefable|87/100 tox
|move|p2a: Flesh Tutu|Seismic Toss|p1a: Clefable
|-damage|p1a: Clefable|61/100 tox
|
|upkeep
|turn|133
|inactive|CKCompany has 30 seconds left.
|
|t:|1779917998
|move|p1a: Clefable|Moonblast|p2a: Flesh Tutu
|-damage|p2a: Flesh Tutu|72/100
|move|p2a: Flesh Tutu|Seismic Toss|p1a: Clefable
|-damage|p1a: Clefable|36/100 tox
|
|upkeep
|turn|134
|
|t:|1779918003
|move|p1a: Clefable|Moonlight|p1a: Clefable
|-heal|p1a: Clefable|86/100 tox
|move|p2a: Flesh Tutu|Seismic Toss|p1a: Clefable
|-damage|p1a: Clefable|60/100 tox
|
|upkeep
|turn|135
|
|t:|1779918008
|move|p1a: Clefable|Moonblast|p2a: Flesh Tutu
|-damage|p2a: Flesh Tutu|61/100
|-unboost|p2a: Flesh Tutu|spa|1
|move|p2a: Flesh Tutu|Soft-Boiled|p2a: Flesh Tutu
|-heal|p2a: Flesh Tutu|100/100
|
|upkeep
|turn|136
|
|t:|1779918013
|move|p1a: Clefable|Moonblast|p2a: Flesh Tutu
|-damage|p2a: Flesh Tutu|92/100
|-unboost|p2a: Flesh Tutu|spa|1
|move|p2a: Flesh Tutu|Seismic Toss|p1a: Clefable
|-damage|p1a: Clefable|35/100 tox
|
|upkeep
|turn|137
|
|t:|1779918019
|move|p1a: Clefable|Moonblast|p2a: Flesh Tutu
|-damage|p2a: Flesh Tutu|82/100
|move|p2a: Flesh Tutu|Seismic Toss|p1a: Clefable
|-damage|p1a: Clefable|10/100 tox
|
|upkeep
|turn|138
|c|☆llachiee|?
|inactive|CKCompany has 30 seconds left.
|inactive|CKCompany has 20 seconds left.
|inactive|CKCompany has 15 seconds left.
|
|t:|1779918056
|move|p1a: Clefable|Moonblast|p2a: Flesh Tutu
|-damage|p2a: Flesh Tutu|71/100
|-unboost|p2a: Flesh Tutu|spa|1
|move|p2a: Flesh Tutu|Seismic Toss|p1a: Clefable
|-damage|p1a: Clefable|0 fnt
|faint|p1a: Clefable
|
|upkeep
|inactive|CKCompany has 20 seconds left this turn.
|inactive|CKCompany has 15 seconds left.
|
|t:|1779918063
|switch|p1a: Alomomola|Alomomola, F, shiny|40/100 tox
|-damage|p1a: Alomomola|28/100 tox|[from] Stealth Rock
|-damage|p1a: Alomomola|3/100 tox|[from] Spikes
|turn|139
|inactive|CKCompany has 20 seconds left this turn.
|inactive|CKCompany has 15 seconds left.
|c|☆llachiee|zzz
|
|t:|1779918070
|move|p1a: Alomomola|Wish|p1a: Alomomola
|move|p2a: Flesh Tutu|Seismic Toss|p1a: Alomomola
|-damage|p1a: Alomomola|0 fnt
|faint|p1a: Alomomola
|
|upkeep
|inactive|CKCompany has 20 seconds left this turn.
|inactive|CKCompany has 15 seconds left.
|c|☆llachiee|zzz
|
|t:|1779918076
|switch|p1a: Tornadus|Tornadus-Therian, M|37/100 tox
|turn|140
|inactive|CKCompany has 20 seconds left this turn.
|inactive|CKCompany has 15 seconds left.
|inactive|CKCompany has 10 seconds left.
|c|☆llachiee|ez
|c|☆llachiee|ez
|inactive|CKCompany has 5 seconds left.
|c|☆llachiee|ez
|
|t:|1779918094
|move|p1a: Tornadus|Nasty Plot|p1a: Tornadus
|-boost|p1a: Tornadus|spa|2
|move|p2a: Flesh Tutu|Seismic Toss|p1a: Tornadus
|-damage|p1a: Tornadus|4/100 tox
|
|-heal|p1a: Tornadus|93/100 tox|[from] move: Wish|[wisher] Alomomola
|-damage|p1a: Tornadus|87/100 tox|[from] psn
|upkeep
|turn|141
|inactive|CKCompany has 10 seconds left this turn.
|inactive|CKCompany has 5 seconds left.
|
|t:|1779918102
|move|p1a: Tornadus|Bleakwind Storm|p2a: Flesh Tutu
|-damage|p2a: Flesh Tutu|64/100
|-unboost|p2a: Flesh Tutu|spe|1
|move|p2a: Flesh Tutu|Shadow Ball|p1a: Tornadus
|-damage|p1a: Tornadus|74/100 tox
|
|-damage|p1a: Tornadus|62/100 tox|[from] psn
|upkeep
|turn|142
|inactive|CKCompany has 10 seconds left this turn.
|inactive|CKCompany has 5 seconds left.
|
|t:|1779918110
|move|p1a: Tornadus|Bleakwind Storm|p2a: Flesh Tutu
|-damage|p2a: Flesh Tutu|58/100
|move|p2a: Flesh Tutu|Shadow Ball|p1a: Tornadus
|-damage|p1a: Tornadus|51/100 tox
|
|-damage|p1a: Tornadus|33/100 tox|[from] psn
|upkeep
|turn|143
|inactive|CKCompany has 10 seconds left this turn.
|inactive|CKCompany has 5 seconds left.
|
|t:|1779918117
|move|p1a: Tornadus|Bleakwind Storm|p2a: Flesh Tutu
|-damage|p2a: Flesh Tutu|51/100
|move|p2a: Flesh Tutu|Shadow Ball|p1a: Tornadus
|-damage|p1a: Tornadus|20/100 tox
|
|-damage|p1a: Tornadus|0 fnt|[from] psn
|faint|p1a: Tornadus
|
|win|llachiee
|raw|CKCompany's rating: 1592 &rarr; <strong>1575</strong><br />(-17 for losing)
|raw|llachiee's rating: 1651 &rarr; <strong>1668</strong><br />(+17 for winning)
|c|☆llachiee|ez
