|j|‽DevotedToaster
|j|☆paralekz
|t:|1779948158
|gametype|singles
|player|p1|DevotedToaster|170|1333
|player|p2|paralekz|skyla|1404
|gen|9
|tier|[Gen 9] OU
|rated|
|rule|HP Percentage Mod: HP is shown in percentages
|rule|Endless Battle Clause: Forcing endless battles is banned
|rule|Species Clause: Limit one of each Pokémon
|rule|OHKO Clause: OHKO moves are banned
|rule|Evasion Items Clause: Evasion items are banned
|rule|Evasion Moves Clause: Evasion moves are banned
|rule|Evasion Abilities Clause: Evasion abilities are banned
|rule|Sleep Moves Clause: Sleep-inducing moves are banned
|clearpoke
|poke|p1|Glimmora, F|
|poke|p1|Tyranitar, F|
|poke|p1|Conkeldurr, M|
|poke|p1|Sudowoodo, L1, M|
|poke|p1|Ceruledge, F|
|poke|p1|Hippowdon, M|
|poke|p2|Grimmsnarl, M|
|poke|p2|Zamazenta-*|
|poke|p2|Iron Crown|
|poke|p2|Raging Bolt|
|poke|p2|Ogerpon-Wellspring, F|
|poke|p2|Glimmora, M|
|teampreview
|inactive|Battle timer is ON: inactive players will automatically lose when time's up. (requested by paralekz)
|
|t:|1779948167
|teamsize|p1|6
|teamsize|p2|6
|start
|switch|p1a: Sudowoodo|Sudowoodo, L1, M|100/100
|switch|p2a: Glimmora|Glimmora, M|100/100
|turn|1
|
|t:|1779948183
|move|p2a: Glimmora|Earth Power|p1a: Sudowoodo
|-supereffective|p1a: Sudowoodo
|-crit|p1a: Sudowoodo
|-ability|p1a: Sudowoodo|Sturdy
|-damage|p1a: Sudowoodo|9/100
|move|p1a: Sudowoodo|Endeavor|p2a: Glimmora
|-damage|p2a: Glimmora|1/100
|-activate|p2a: Glimmora|ability: Toxic Debris
|-sidestart|p1: DevotedToaster|move: Toxic Spikes
|-enditem|p2a: Glimmora|Red Card|[of] p1a: Sudowoodo
|drag|p1a: Glimmora|Glimmora, F|100/100
|-sideend|p1: DevotedToaster|move: Toxic Spikes|[of] p1a: Glimmora
|
|upkeep
|turn|2
|
|t:|1779948200
|-terastallize|p2a: Glimmora|Ghost
|move|p1a: Glimmora|Mortal Spin|p2a: Glimmora
|-resisted|p2a: Glimmora
|-damage|p2a: Glimmora|0 fnt
|-activate|p2a: Glimmora|ability: Toxic Debris
|-sidestart|p1: DevotedToaster|move: Toxic Spikes
|-sideend|p1: DevotedToaster|Toxic Spikes|[from] move: Mortal Spin|[of] p1a: Glimmora
|faint|p2a: Glimmora
|
|upkeep
|
|t:|1779948212
|switch|p2a: Grimmsnarl|Grimmsnarl, M|100/100
|turn|3
|
|t:|1779948218
|move|p2a: Grimmsnarl|Taunt|p1a: Glimmora
|-start|p1a: Glimmora|move: Taunt
|cant|p1a: Glimmora|move: Taunt|Spikes
|
|upkeep
|turn|4
|
|t:|1779948225
|switch|p1a: Sudowoodo|Sudowoodo, L1, M|9/100
|move|p2a: Grimmsnarl|Reflect|p2a: Grimmsnarl
|-sidestart|p2: paralekz|Reflect
|
|upkeep
|turn|5
|
|t:|1779948235
|move|p2a: Grimmsnarl|Taunt|p1a: Sudowoodo
|-start|p1a: Sudowoodo|move: Taunt
|move|p1a: Sudowoodo|Endeavor|p2a: Grimmsnarl
|-damage|p2a: Grimmsnarl|1/100
|-heal|p1a: Sudowoodo|100/100|[from] item: Shell Bell|[of] p2a: Grimmsnarl
|
|upkeep
|turn|6
|
|t:|1779948249
|switch|p1a: Hippowdon|Hippowdon, M|100/100
|-weather|Sandstorm|[from] ability: Sand Stream|[of] p1a: Hippowdon
|move|p2a: Grimmsnarl|Parting Shot|p1a: Hippowdon
|-unboost|p1a: Hippowdon|atk|1
|-unboost|p1a: Hippowdon|spa|1
|
|t:|1779948254
|switch|p2a: Ogerpon|Ogerpon-Wellspring, F|100/100|[from] Parting Shot
|
|-weather|Sandstorm|[upkeep]
|-damage|p2a: Ogerpon|95/100|[from] Sandstorm
|upkeep
|turn|7
|
|t:|1779948262
|move|p2a: Ogerpon|Swords Dance|p2a: Ogerpon
|-boost|p2a: Ogerpon|atk|2
|move|p1a: Hippowdon|Whirlwind|p2a: Ogerpon
|drag|p2a: Grimmsnarl|Grimmsnarl, M|1/100
|
|-weather|Sandstorm|[upkeep]
|-damage|p2a: Grimmsnarl|0 fnt|[from] Sandstorm
|faint|p2a: Grimmsnarl
|upkeep
|
|t:|1779948273
|switch|p2a: Ogerpon|Ogerpon-Wellspring, F|95/100
|turn|8
|
|t:|1779948282
|move|p2a: Ogerpon|Power Whip|p1a: Hippowdon
|-supereffective|p1a: Hippowdon
|-damage|p1a: Hippowdon|20/100
|move|p1a: Hippowdon|Stealth Rock|p2a: Ogerpon
|-sidestart|p2: paralekz|move: Stealth Rock
|
|-weather|Sandstorm|[upkeep]
|-damage|p2a: Ogerpon|89/100|[from] Sandstorm
|-heal|p1a: Hippowdon|27/100|[from] item: Leftovers
|upkeep
|turn|9
|
|t:|1779948297
|switch|p1a: Glimmora|Glimmora, F|100/100
|move|p2a: Ogerpon|Trailblaze|p1a: Glimmora
|-damage|p1a: Glimmora|70/100
|-boost|p2a: Ogerpon|spe|1
|-activate|p1a: Glimmora|ability: Toxic Debris
|-sidestart|p2: paralekz|move: Toxic Spikes
|
|-weather|Sandstorm|[upkeep]
|-damage|p2a: Ogerpon|83/100|[from] Sandstorm
|upkeep
|turn|10
|
|t:|1779948309
|move|p2a: Ogerpon|Swords Dance|p2a: Ogerpon
|-boost|p2a: Ogerpon|atk|2
|move|p1a: Glimmora|Mortal Spin|p2a: Ogerpon
|-supereffective|p2a: Ogerpon
|-damage|p2a: Ogerpon|73/100
|-status|p2a: Ogerpon|psn
|
|-weather|none
|-damage|p2a: Ogerpon|61/100 psn|[from] psn
|upkeep
|turn|11
|
|t:|1779948318
|move|p2a: Ogerpon|Ivy Cudgel|p1a: Glimmora|[anim] Ivy Cudgel Water
|-supereffective|p1a: Glimmora
|-damage|p1a: Glimmora|0 fnt
|-activate|p1a: Glimmora|ability: Toxic Debris
|-sidestart|p2: paralekz|move: Toxic Spikes
|faint|p1a: Glimmora
|
|-damage|p2a: Ogerpon|49/100 psn|[from] psn
|-sideend|p2: paralekz|Reflect
|upkeep
|
|t:|1779948321
|switch|p1a: Sudowoodo|Sudowoodo, L1, M|100/100
|turn|12
|
|t:|1779948349
|switch|p2a: Raging Bolt|Raging Bolt|100/100
|-damage|p2a: Raging Bolt|88/100|[from] Stealth Rock
|-status|p2a: Raging Bolt|tox
|-enditem|p2a: Raging Bolt|Booster Energy
|-activate|p2a: Raging Bolt|ability: Protosynthesis|[fromitem]
|-start|p2a: Raging Bolt|protosynthesisspa
|move|p1a: Sudowoodo|Endeavor|p2a: Raging Bolt
|-damage|p2a: Raging Bolt|3/100 tox
|
|-damage|p2a: Raging Bolt|0 fnt|[from] psn
|faint|p2a: Raging Bolt
|-end|p2a: Raging Bolt|Protosynthesis|[silent]
|upkeep
|inactive|paralekz has 120 seconds left.
|
|t:|1779948364
|switch|p2a: Iron Crown|Iron Crown|100/100
|-damage|p2a: Iron Crown|94/100|[from] Stealth Rock
|-enditem|p2a: Iron Crown|Booster Energy
|-activate|p2a: Iron Crown|ability: Quark Drive|[fromitem]
|-start|p2a: Iron Crown|quarkdrivespe
|turn|13
|inactive|paralekz has 120 seconds left.
|
|t:|1779948380
|move|p1a: Sudowoodo|Protect|p1a: Sudowoodo
|-singleturn|p1a: Sudowoodo|Protect
|move|p2a: Iron Crown|Focus Blast|p1a: Sudowoodo
|-activate|p1a: Sudowoodo|move: Protect
|
|upkeep
|turn|14
|inactive|paralekz has 120 seconds left.
|
|t:|1779948391
|move|p2a: Iron Crown|Focus Blast|p1a: Sudowoodo
|-supereffective|p1a: Sudowoodo
|-ability|p1a: Sudowoodo|Sturdy
|-damage|p1a: Sudowoodo|9/100
|move|p1a: Sudowoodo|Endeavor|p2a: Iron Crown
|-damage|p2a: Iron Crown|1/100
|-heal|p1a: Sudowoodo|100/100|[from] item: Shell Bell|[of] p2a: Iron Crown
|
|upkeep
|turn|15
|inactive|paralekz has 120 seconds left.
|-message|paralekz forfeited.
|
|win|DevotedToaster
|raw|DevotedToaster's rating: 1333 &rarr; <strong>1357</strong><br />(+24 for winning)
|raw|paralekz's rating: 1404 &rarr; <strong>1380</strong><br />(-24 for losing)
|l|‽DevotedToaster
|player|p1|
