|j|☆xu5000
|j|☆Kaiko72
|t:|1779900231
|gametype|singles
|player|p1|xu5000|170|1498
|player|p2|Kaiko72|pokekid|1385
|gen|9
|tier|[Gen 9] OU
|rated|
|rule|HP Percentage Mod: HP is shown in percentages
|rule|Endless Battle Clause: Forcing endless battles is banned
|rule|Species Clause: Limit one of each Pokémon
|rule|OHKO Clause: OHKO moves are banned
|rule|Evasion Items Clause: Evasion items are banned
|rule|Evasion Moves Clause: Evasion moves are banned
|rule|Evasion Abilities Clause: Evasion abilities are banned
|rule|Sleep Moves Clause: Sleep-inducing moves are banned
|clearpoke
|poke|p1|Weezing-Galar, M|
|poke|p1|Alomomola, M|
|poke|p1|Iron Treads|
|poke|p1|Tornadus-Therian, M|
|poke|p1|Zamazenta-*|
|poke|p1|Lokix, F|
|poke|p2|Hawlucha, F|
|poke|p2|Ambipom, F|
|poke|p2|Skeledirge, F|
|poke|p2|Gliscor, F|
|poke|p2|Gengar, F|
|poke|p2|Tentacruel, M|
|teampreview
|
|t:|1779900249
|teamsize|p1|6
|teamsize|p2|6
|start
|switch|p1a: Alomomola|Alomomola, M|100/100
|switch|p2a: Ambipom|Ambipom, F|100/100
|turn|1
|
|t:|1779900253
|move|p2a: Ambipom|Fake Out|p1a: Alomomola
|-damage|p1a: Alomomola|79/100
|-damage|p2a: Ambipom|84/100|[from] item: Rocky Helmet|[of] p1a: Alomomola
|-damage|p2a: Ambipom|74/100|[from] item: Life Orb
|cant|p1a: Alomomola|flinch
|
|upkeep
|turn|2
|inactive|Battle timer is ON: inactive players will automatically lose when time's up. (requested by xu5000)
|
|t:|1779900259
|move|p1a: Alomomola|Protect|p1a: Alomomola
|-singleturn|p1a: Alomomola|Protect
|move|p2a: Ambipom|Knock Off|p1a: Alomomola
|-activate|p1a: Alomomola|move: Protect
|
|upkeep
|turn|3
|
|t:|1779900265
|move|p2a: Ambipom|U-turn|p1a: Alomomola
|-damage|p1a: Alomomola|63/100
|-damage|p2a: Ambipom|58/100|[from] item: Rocky Helmet|[of] p1a: Alomomola
|-damage|p2a: Ambipom|48/100|[from] item: Life Orb
|
|t:|1779900267
|switch|p2a: Tentacruel|Tentacruel, M|100/100|[from] U-turn
|move|p1a: Alomomola|Flip Turn|p2a: Tentacruel
|-resisted|p2a: Tentacruel
|-damage|p2a: Tentacruel|87/100
|
|t:|1779900274
|switch|p1a: Iron Treads|Iron Treads|100/100|[from] Flip Turn
|
|-heal|p2a: Tentacruel|93/100|[from] item: Leftovers
|upkeep
|turn|4
|
|t:|1779900279
|move|p1a: Iron Treads|Earthquake|p2a: Tentacruel
|-supereffective|p2a: Tentacruel
|-damage|p2a: Tentacruel|0 fnt
|faint|p2a: Tentacruel
|
|upkeep
|
|t:|1779900283
|switch|p2a: Gliscor|Gliscor, F|100/100
|turn|5
|
|t:|1779900286
|move|p1a: Iron Treads|Stealth Rock|p2a: Gliscor
|-sidestart|p2: Kaiko72|move: Stealth Rock
|move|p2a: Gliscor|Earthquake|p1a: Iron Treads
|-supereffective|p1a: Iron Treads
|-damage|p1a: Iron Treads|23/100
|
|-heal|p1a: Iron Treads|29/100|[from] item: Leftovers
|-status|p2a: Gliscor|tox|[from] item: Toxic Orb
|upkeep
|turn|6
|
|t:|1779900292
|-end|p1a: Iron Treads|Quark Drive|[silent]
|switch|p1a: Alomomola|Alomomola, M|96/100
|move|p2a: Gliscor|Earthquake|p1a: Alomomola
|-damage|p1a: Alomomola|70/100
|
|upkeep
|turn|7
|
|t:|1779900320
|move|p2a: Gliscor|Earthquake|p1a: Alomomola
|-damage|p1a: Alomomola|42/100
|move|p1a: Alomomola|Flip Turn|p2a: Gliscor
|-supereffective|p2a: Gliscor
|-damage|p2a: Gliscor|69/100 tox
|
|t:|1779900322
|switch|p1a: Iron Treads|Iron Treads|29/100|[from] Flip Turn
|
|-heal|p1a: Iron Treads|35/100|[from] item: Leftovers
|-heal|p2a: Gliscor|82/100 tox|[from] ability: Poison Heal
|upkeep
|turn|8
|
|t:|1779900326
|move|p1a: Iron Treads|Ice Spinner|p2a: Gliscor
|-supereffective|p2a: Gliscor
|-damage|p2a: Gliscor|5/100 tox
|move|p2a: Gliscor|Earthquake|p1a: Iron Treads
|-supereffective|p1a: Iron Treads
|-damage|p1a: Iron Treads|0 fnt
|faint|p1a: Iron Treads
|-end|p1a: Iron Treads|Quark Drive|[silent]
|
|-heal|p2a: Gliscor|17/100 tox|[from] ability: Poison Heal
|upkeep
|
|t:|1779900338
|switch|p1a: Lokix|Lokix, F|100/100
|turn|9
|
|t:|1779900340
|move|p2a: Gliscor|Protect|p2a: Gliscor
|-singleturn|p2a: Gliscor|Protect
|move|p1a: Lokix|U-turn|p2a: Gliscor
|-activate|p2a: Gliscor|move: Protect
|
|-heal|p2a: Gliscor|29/100 tox|[from] ability: Poison Heal
|upkeep
|turn|10
|
|t:|1779900347
|move|p1a: Lokix|U-turn|p2a: Gliscor
|-resisted|p2a: Gliscor
|-damage|p2a: Gliscor|0 fnt
|faint|p2a: Gliscor
|
|t:|1779900358
|switch|p1a: Tornadus|Tornadus-Therian, M|100/100|[from] U-turn
|
|upkeep
|
|t:|1779900363
|switch|p2a: Ambipom|Ambipom, F|48/100
|-damage|p2a: Ambipom|35/100|[from] Stealth Rock
|turn|11
|
|t:|1779900367
|switch|p1a: Alomomola|Alomomola, M|75/100
|move|p2a: Ambipom|Fake Out|p1a: Alomomola
|-damage|p1a: Alomomola|53/100
|-damage|p2a: Ambipom|19/100|[from] item: Rocky Helmet|[of] p1a: Alomomola
|-damage|p2a: Ambipom|9/100|[from] item: Life Orb
|
|upkeep
|turn|12
|
|t:|1779900373
|switch|p1a: Lokix|Lokix, F|100/100
|move|p2a: Ambipom|Knock Off|p1a: Lokix
|-resisted|p1a: Lokix
|-damage|p1a: Lokix|73/100
|-enditem|p1a: Lokix|Choice Band|[from] move: Knock Off|[of] p2a: Ambipom
|-damage|p2a: Ambipom|0 fnt|[from] item: Life Orb
|faint|p2a: Ambipom
|
|upkeep
|
|t:|1779900391
|switch|p2a: Gengar|Gengar, F|100/100
|-damage|p2a: Gengar|88/100|[from] Stealth Rock
|turn|13
|
|t:|1779900397
|switch|p1a: Tornadus|Tornadus-Therian, M|100/100
|move|p2a: Gengar|Destiny Bond|p2a: Gengar
|-singlemove|p2a: Gengar|Destiny Bond
|
|upkeep
|turn|14
|
|t:|1779900415
|switch|p1a: Alomomola|Alomomola, M|87/100
|move|p2a: Gengar|Sludge Wave|p1a: Alomomola
|-damage|p1a: Alomomola|38/100
|
|upkeep
|turn|15
|
|t:|1779900421
|switch|p1a: Tornadus|Tornadus-Therian, M|100/100
|move|p2a: Gengar|Sludge Wave|p1a: Tornadus
|-damage|p1a: Tornadus|69/100
|
|upkeep
|turn|16
|
|t:|1779900425
|move|p1a: Tornadus|Knock Off|p2a: Gengar
|-supereffective|p2a: Gengar
|-damage|p2a: Gengar|12/100
|-enditem|p2a: Gengar|Focus Sash|[from] move: Knock Off|[of] p1a: Tornadus
|move|p2a: Gengar|Destiny Bond|p2a: Gengar
|-singlemove|p2a: Gengar|Destiny Bond
|
|upkeep
|turn|17
|
|t:|1779900433
|switch|p1a: Weezing|Weezing-Galar, M|100/100
|-ability|p1a: Weezing|Neutralizing Gas
|move|p2a: Gengar|Sludge Wave|p1a: Weezing
|-damage|p1a: Weezing|28/100
|
|-heal|p1a: Weezing|34/100|[from] item: Leftovers
|upkeep
|turn|18
|
|t:|1779900440
|-end|p1a: Weezing|ability: Neutralizing Gas
|switch|p1a: Tornadus|Tornadus-Therian, M|100/100
|move|p2a: Gengar|Sludge Wave|p1a: Tornadus
|-damage|p1a: Tornadus|65/100
|
|upkeep
|turn|19
|
|t:|1779900446
|move|p1a: Tornadus|Knock Off|p2a: Gengar
|-supereffective|p2a: Gengar
|-damage|p2a: Gengar|0 fnt
|faint|p2a: Gengar
|
|upkeep
|
|t:|1779900461
|switch|p2a: Hawlucha|Hawlucha, F, shiny|100/100
|-damage|p2a: Hawlucha|88/100|[from] Stealth Rock
|turn|20
|
|t:|1779900465
|-terastallize|p2a: Hawlucha|Fire
|move|p1a: Tornadus|Bleakwind Storm|p2a: Hawlucha
|-damage|p2a: Hawlucha|35/100
|-unboost|p2a: Hawlucha|spe|1
|-enditem|p2a: Hawlucha|Red Card|[of] p1a: Tornadus
|drag|p1a: Alomomola|Alomomola, M|72/100
|move|p2a: Hawlucha|Swords Dance|p2a: Hawlucha
|-boost|p2a: Hawlucha|atk|2
|
|upkeep
|turn|21
|
|t:|1779900478
|move|p1a: Alomomola|Protect|p1a: Alomomola
|-singleturn|p1a: Alomomola|Protect
|move|p2a: Hawlucha|Acrobatics|p1a: Alomomola
|-activate|p1a: Alomomola|move: Protect
|
|upkeep
|turn|22
|
|t:|1779900481
|move|p2a: Hawlucha|Acrobatics|p1a: Alomomola
|-damage|p1a: Alomomola|15/100
|-damage|p2a: Hawlucha|19/100|[from] item: Rocky Helmet|[of] p1a: Alomomola
|move|p1a: Alomomola|Flip Turn|p2a: Hawlucha
|-supereffective|p2a: Hawlucha
|-damage|p2a: Hawlucha|0 fnt
|faint|p2a: Hawlucha
|
|t:|1779900486
|switch|p1a: Lokix|Lokix, F|73/100|[from] Flip Turn
|
|upkeep
|
|t:|1779900490
|switch|p2a: Skeledirge|Skeledirge, F, shiny|100/100
|-damage|p2a: Skeledirge|75/100|[from] Stealth Rock
|turn|23
|
|t:|1779900492
|move|p1a: Lokix|Knock Off|p2a: Skeledirge
|-supereffective|p2a: Skeledirge
|-crit|p2a: Skeledirge
|-damage|p2a: Skeledirge|0 fnt
|-enditem|p2a: Skeledirge|Leftovers|[from] move: Knock Off|[of] p1a: Lokix
|faint|p2a: Skeledirge
|
|win|xu5000
|raw|xu5000's rating: 1498 &rarr; <strong>1512</strong><br />(+14 for winning)
|raw|Kaiko72's rating: 1385 &rarr; <strong>1371</strong><br />(-14 for losing)
|l|☆Kaiko72
|player|p2|
