|j|☆GabrielaVitoria016
|j|☆why so obsessed
|t:|1779828182
|gametype|singles
|player|p1|GabrielaVitoria016|1|1301
|player|p2|why so obsessed|cynthia-gen4|1342
|gen|9
|tier|[Gen 9] OU
|rated|
|rule|HP Percentage Mod: HP is shown in percentages
|rule|Endless Battle Clause: Forcing endless battles is banned
|rule|Species Clause: Limit one of each Pokémon
|rule|OHKO Clause: OHKO moves are banned
|rule|Evasion Items Clause: Evasion items are banned
|rule|Evasion Moves Clause: Evasion moves are banned
|rule|Evasion Abilities Clause: Evasion abilities are banned
|rule|Sleep Moves Clause: Sleep-inducing moves are banned
|clearpoke
|poke|p1|Galvantula, M|
|poke|p1|Kingambit, M|
|poke|p1|Landorus-Therian, M|
|poke|p1|Hatterene, F|
|poke|p1|Iron Valiant|
|poke|p1|Toxtricity, M|
|poke|p2|Ogerpon-Wellspring, F|
|poke|p2|Kyurem|
|poke|p2|Zapdos|
|poke|p2|Great Tusk|
|poke|p2|Kingambit, F|
|poke|p2|Slowking-Galar, M|
|teampreview
|
|t:|1779828200
|teamsize|p1|6
|teamsize|p2|6
|start
|switch|p1a: Galvantula|Galvantula, M|100/100
|switch|p2a: Great Tusk|Great Tusk|100/100
|turn|1
|inactive|Battle timer is ON: inactive players will automatically lose when time's up. (requested by GabrielaVitoria016)
|
|t:|1779828209
|switch|p1a: Yesterday|Landorus-Therian, M|100/100
|-ability|p1a: Yesterday|Intimidate|boost
|-unboost|p2a: Great Tusk|atk|1
|move|p2a: Great Tusk|Rapid Spin|p1a: Yesterday
|-damage|p1a: Yesterday|87/100
|-boost|p2a: Great Tusk|spe|1
|
|-heal|p1a: Yesterday|93/100|[from] item: Leftovers
|upkeep
|turn|2
|
|t:|1779828220
|move|p2a: Great Tusk|Stealth Rock|p1a: Yesterday
|-sidestart|p1: GabrielaVitoria016|move: Stealth Rock
|move|p1a: Yesterday|Stealth Rock|p2a: Great Tusk
|-sidestart|p2: why so obsessed|move: Stealth Rock
|
|-heal|p1a: Yesterday|99/100|[from] item: Leftovers
|upkeep
|turn|3
|
|t:|1779828227
|move|p2a: Great Tusk|Rapid Spin|p1a: Yesterday
|-damage|p1a: Yesterday|86/100
|-boost|p2a: Great Tusk|spe|1
|-sideend|p2: why so obsessed|Stealth Rock|[from] move: Rapid Spin|[of] p2a: Great Tusk
|move|p1a: Yesterday|U-turn|p2a: Great Tusk
|-resisted|p2a: Great Tusk
|-damage|p2a: Great Tusk|91/100
|
|t:|1779828232
|switch|p1a: Palmada|Hatterene, F|100/100|[from] U-turn
|-damage|p1a: Palmada|88/100|[from] Stealth Rock
|
|-heal|p1a: Palmada|94/100|[from] item: Leftovers
|upkeep
|turn|4
|
|t:|1779828245
|-end|p2a: Great Tusk|Protosynthesis|[silent]
|switch|p2a: Kingambit|Kingambit, F|100/100
|move|p1a: Palmada|Psyshock|p2a: Kingambit
|-immune|p2a: Kingambit
|
|-heal|p1a: Palmada|99/100|[from] item: Leftovers
|upkeep
|turn|5
|
|t:|1779828252
|move|p2a: Kingambit|Kowtow Cleave|p1a: Palmada
|-damage|p1a: Palmada|45/100
|move|p1a: Palmada|Nuzzle|p2a: Kingambit
|-damage|p2a: Kingambit|97/100
|-status|p2a: Kingambit|par
|
|-heal|p1a: Palmada|50/100|[from] item: Leftovers
|-heal|p2a: Kingambit|100/100 par|[from] item: Leftovers
|upkeep
|turn|6
|
|t:|1779828262
|switch|p1a: Galvantula|Galvantula, M|100/100
|-damage|p1a: Galvantula|76/100|[from] Stealth Rock
|move|p2a: Kingambit|Kowtow Cleave|p1a: Galvantula
|-damage|p1a: Galvantula|0 fnt
|faint|p1a: Galvantula
|
|upkeep
|
|t:|1779828270
|switch|p1a: Chack Chack|Kingambit, M, shiny|100/100
|-activate|p1a: Chack Chack|ability: Supreme Overlord
|-start|p1a: Chack Chack|fallen1|[silent]
|turn|7
|
|t:|1779828275
|-terastallize|p2a: Kingambit|Fairy
|move|p1a: Chack Chack|Low Kick|p2a: Kingambit
|-resisted|p2a: Kingambit
|-damage|p2a: Kingambit|86/100 par
|move|p2a: Kingambit|Low Kick|p1a: Chack Chack
|-supereffective|p1a: Chack Chack
|-damage|p1a: Chack Chack|0 fnt
|faint|p1a: Chack Chack
|-end|p1a: Chack Chack|fallen1|[silent]
|
|-heal|p2a: Kingambit|92/100 par|[from] item: Leftovers
|upkeep
|
|t:|1779828279
|switch|p1a: Bebê Chorão|Toxtricity, M, shiny|100/100
|-damage|p1a: Bebê Chorão|88/100|[from] Stealth Rock
|turn|8
|
|t:|1779828290
|-end|p2a: Kingambit|fallenundefined|[silent]
|switch|p2a: Slowking|Slowking-Galar, M|100/100
|move|p1a: Bebê Chorão|Shift Gear|p1a: Bebê Chorão
|-boost|p1a: Bebê Chorão|spe|2
|-boost|p1a: Bebê Chorão|atk|1
|
|upkeep
|turn|9
|
|t:|1779828300
|-terastallize|p1a: Bebê Chorão|Normal
|move|p1a: Bebê Chorão|Shift Gear|p1a: Bebê Chorão
|-boost|p1a: Bebê Chorão|spe|2
|-boost|p1a: Bebê Chorão|atk|1
|move|p2a: Slowking|Psyshock|p1a: Bebê Chorão
|-damage|p1a: Bebê Chorão|52/100
|
|upkeep
|turn|10
|
|t:|1779828304
|move|p1a: Bebê Chorão|Boomburst|p2a: Slowking
|-damage|p2a: Slowking|40/100
|-enditem|p1a: Bebê Chorão|Throat Spray
|-boost|p1a: Bebê Chorão|spa|1|[from] item: Throat Spray
|move|p2a: Slowking|Sludge Bomb|p1a: Bebê Chorão
|-damage|p1a: Bebê Chorão|5/100
|
|upkeep
|turn|11
|
|t:|1779828315
|move|p1a: Bebê Chorão|Boomburst|p2a: Slowking
|-damage|p2a: Slowking|0 fnt
|faint|p2a: Slowking
|
|upkeep
|
|t:|1779828322
|switch|p2a: Kingambit|Kingambit, F, tera:Fairy|92/100 par
|-activate|p2a: Kingambit|ability: Supreme Overlord
|-start|p2a: Kingambit|fallen1|[silent]
|turn|12
|
|t:|1779828325
|move|p1a: Bebê Chorão|Shift Gear|p1a: Bebê Chorão
|-boost|p1a: Bebê Chorão|spe|2
|-boost|p1a: Bebê Chorão|atk|1
|cant|p2a: Kingambit|par
|
|-heal|p2a: Kingambit|98/100 par|[from] item: Leftovers
|upkeep
|turn|13
|
|t:|1779828330
|move|p1a: Bebê Chorão|Poison Jab|p2a: Kingambit
|-supereffective|p2a: Kingambit
|-damage|p2a: Kingambit|5/100 par
|move|p2a: Kingambit|Kowtow Cleave|p1a: Bebê Chorão
|-crit|p1a: Bebê Chorão
|-damage|p1a: Bebê Chorão|0 fnt
|faint|p1a: Bebê Chorão
|
|-heal|p2a: Kingambit|11/100 par|[from] item: Leftovers
|upkeep
|
|t:|1779828337
|switch|p1a: Zoro|Iron Valiant|100/100
|-damage|p1a: Zoro|94/100|[from] Stealth Rock
|turn|14
|
|t:|1779828342
|move|p1a: Zoro|Moonblast|p2a: Kingambit
|-damage|p2a: Kingambit|0 fnt
|faint|p2a: Kingambit
|-end|p2a: Kingambit|fallen1|[silent]
|-damage|p1a: Zoro|85/100|[from] item: Life Orb
|
|upkeep
|
|t:|1779828347
|switch|p2a: Ogerpon|Ogerpon-Wellspring, F|100/100
|turn|15
|
|t:|1779828352
|move|p1a: Zoro|Moonblast|p2a: Ogerpon
|-damage|p2a: Ogerpon|23/100
|-damage|p1a: Zoro|75/100|[from] item: Life Orb
|move|p2a: Ogerpon|Play Rough|p1a: Zoro
|-supereffective|p1a: Zoro
|-damage|p1a: Zoro|0 fnt
|faint|p1a: Zoro
|-end|p1a: Zoro|Quark Drive|[silent]
|
|upkeep
|
|t:|1779828359
|switch|p1a: Yesterday|Landorus-Therian, M|86/100
|-damage|p1a: Yesterday|74/100|[from] Stealth Rock
|-ability|p1a: Yesterday|Intimidate|boost
|-unboost|p2a: Ogerpon|atk|1
|turn|16
|
|t:|1779828363
|move|p2a: Ogerpon|Ivy Cudgel|p1a: Yesterday|[anim] Ivy Cudgel Water
|-supereffective|p1a: Yesterday
|-damage|p1a: Yesterday|0 fnt
|faint|p1a: Yesterday
|
|upkeep
|-message|GabrielaVitoria016 forfeited.
|
|win|why so obsessed
|raw|GabrielaVitoria016's rating: 1301 &rarr; <strong>1283</strong><br />(-18 for losing)
|raw|why so obsessed's rating: 1342 &rarr; <strong>1360</strong><br />(+18 for winning)
|l|☆GabrielaVitoria016
|player|p1|
