|j|☆FunnyBurritoMan
|j|☆Vestio_1
|t:|1779856765
|gametype|singles
|player|p1|FunnyBurritoMan|brock|1110
|player|p2|Vestio_1|1|1161
|gen|9
|tier|[Gen 9] OU
|rated|
|rule|HP Percentage Mod: HP is shown in percentages
|rule|Endless Battle Clause: Forcing endless battles is banned
|rule|Species Clause: Limit one of each Pokémon
|rule|OHKO Clause: OHKO moves are banned
|rule|Evasion Items Clause: Evasion items are banned
|rule|Evasion Moves Clause: Evasion moves are banned
|rule|Evasion Abilities Clause: Evasion abilities are banned
|rule|Sleep Moves Clause: Sleep-inducing moves are banned
|clearpoke
|poke|p1|Ursaring, M|
|poke|p1|Zapdos|
|poke|p1|Samurott-Hisui, F|
|poke|p1|Scream Tail|
|poke|p1|Cloyster, M|
|poke|p1|Great Tusk|
|poke|p2|Gholdengo|
|poke|p2|Ting-Lu|
|poke|p2|Dragapult, F|
|poke|p2|Kingambit, F|
|poke|p2|Gliscor, M|
|poke|p2|Zamazenta-*|
|teampreview
|
|t:|1779856787
|teamsize|p1|6
|teamsize|p2|6
|start
|switch|p1a: Great Tusk|Great Tusk|100/100
|switch|p2a: Ting-Lu|Ting-Lu|100/100
|-ability|p2a: Ting-Lu|Vessel of Ruin
|turn|1
|
|t:|1779856795
|move|p1a: Great Tusk|Rapid Spin|p2a: Ting-Lu
|-damage|p2a: Ting-Lu|93/100
|-boost|p1a: Great Tusk|spe|1
|move|p2a: Ting-Lu|Body Press|p1a: Great Tusk
|-damage|p1a: Great Tusk|77/100
|
|-heal|p2a: Ting-Lu|99/100|[from] item: Leftovers
|upkeep
|turn|2
|
|t:|1779856823
|move|p1a: Great Tusk|Close Combat|p2a: Ting-Lu
|-supereffective|p2a: Ting-Lu
|-damage|p2a: Ting-Lu|52/100
|-unboost|p1a: Great Tusk|def|1
|-unboost|p1a: Great Tusk|spd|1
|move|p2a: Ting-Lu|Whirlwind|p1a: Great Tusk
|-end|p1a: Great Tusk|Protosynthesis|[silent]
|drag|p1a: Samurott|Samurott-Hisui, F|100/100
|
|-heal|p2a: Ting-Lu|58/100|[from] item: Leftovers
|upkeep
|turn|3
|
|t:|1779856839
|move|p1a: Samurott|Aqua Cutter|p2a: Ting-Lu
|-supereffective|p2a: Ting-Lu
|-damage|p2a: Ting-Lu|21/100
|move|p2a: Ting-Lu|Body Press|p1a: Samurott
|-supereffective|p1a: Samurott
|-damage|p1a: Samurott|37/100
|
|-heal|p2a: Ting-Lu|28/100|[from] item: Leftovers
|upkeep
|turn|4
|
|t:|1779856847
|move|p1a: Samurott|Aqua Cutter|p2a: Ting-Lu
|-supereffective|p2a: Ting-Lu
|-damage|p2a: Ting-Lu|0 fnt
|faint|p2a: Ting-Lu
|
|upkeep
|
|t:|1779856852
|switch|p2a: Zamazenta|Zamazenta|100/100
|-ability|p2a: Zamazenta|Dauntless Shield|boost
|-boost|p2a: Zamazenta|def|1
|turn|5
|
|t:|1779856862
|switch|p1a: Scream Tail|Scream Tail|100/100
|move|p2a: Zamazenta|Iron Defense|p2a: Zamazenta
|-boost|p2a: Zamazenta|def|2
|
|upkeep
|turn|6
|
|t:|1779856867
|move|p1a: Scream Tail|Encore|p2a: Zamazenta
|-start|p2a: Zamazenta|Encore
|move|p2a: Zamazenta|Iron Defense|p2a: Zamazenta
|-boost|p2a: Zamazenta|def|2
|
|upkeep
|turn|7
|
|t:|1779856875
|move|p1a: Scream Tail|Dazzling Gleam|p2a: Zamazenta
|-supereffective|p2a: Zamazenta
|-damage|p2a: Zamazenta|76/100
|move|p2a: Zamazenta|Iron Defense|p2a: Zamazenta
|-boost|p2a: Zamazenta|def|1
|
|-heal|p2a: Zamazenta|82/100|[from] item: Leftovers
|upkeep
|turn|8
|
|t:|1779856882
|move|p1a: Scream Tail|Reflect|p1a: Scream Tail
|-sidestart|p1: FunnyBurritoMan|Reflect
|move|p2a: Zamazenta|Iron Defense|p2a: Zamazenta
|-boost|p2a: Zamazenta|def|0
|
|-heal|p2a: Zamazenta|88/100|[from] item: Leftovers
|-end|p2a: Zamazenta|Encore
|upkeep
|turn|9
|
|t:|1779856889
|move|p1a: Scream Tail|Encore|p2a: Zamazenta
|-start|p2a: Zamazenta|Encore
|move|p2a: Zamazenta|Iron Defense|p2a: Zamazenta
|-boost|p2a: Zamazenta|def|0
|
|-heal|p2a: Zamazenta|94/100|[from] item: Leftovers
|upkeep
|turn|10
|
|t:|1779856906
|move|p1a: Scream Tail|Dazzling Gleam|p2a: Zamazenta
|-supereffective|p2a: Zamazenta
|-crit|p2a: Zamazenta
|-damage|p2a: Zamazenta|60/100
|move|p2a: Zamazenta|Iron Defense|p2a: Zamazenta
|-boost|p2a: Zamazenta|def|0
|
|-heal|p2a: Zamazenta|66/100|[from] item: Leftovers
|upkeep
|turn|11
|
|t:|1779856913
|move|p1a: Scream Tail|Dazzling Gleam|p2a: Zamazenta
|-supereffective|p2a: Zamazenta
|-damage|p2a: Zamazenta|41/100
|move|p2a: Zamazenta|Iron Defense|p2a: Zamazenta
|-boost|p2a: Zamazenta|def|0
|
|-heal|p2a: Zamazenta|47/100|[from] item: Leftovers
|-end|p2a: Zamazenta|Encore
|upkeep
|turn|12
|
|t:|1779856924
|switch|p2a: Dragapult|Dragapult, F, shiny|100/100
|move|p1a: Scream Tail|Encore||[still]
|-fail|p1a: Scream Tail
|
|upkeep
|turn|13
|
|t:|1779856929
|move|p2a: Dragapult|Shadow Ball|p1a: Scream Tail
|-supereffective|p1a: Scream Tail
|-damage|p1a: Scream Tail|21/100
|move|p1a: Scream Tail|Light Screen|p1a: Scream Tail
|-sidestart|p1: FunnyBurritoMan|move: Light Screen
|
|upkeep
|turn|14
|
|t:|1779856933
|move|p2a: Dragapult|Shadow Ball|p1a: Scream Tail
|-supereffective|p1a: Scream Tail
|-damage|p1a: Scream Tail|0 fnt
|faint|p1a: Scream Tail
|-end|p1a: Scream Tail|Protosynthesis|[silent]
|
|upkeep
|
|t:|1779856936
|switch|p1a: Cloyster|Cloyster, M|100/100
|turn|15
|
|t:|1779856938
|move|p2a: Dragapult|Shadow Ball|p1a: Cloyster
|-damage|p1a: Cloyster|0 fnt
|faint|p1a: Cloyster
|
|-sideend|p1: FunnyBurritoMan|Reflect
|upkeep
|
|t:|1779856947
|switch|p1a: Ursaring|Ursaring, M|100/100
|turn|16
|
|t:|1779856951
|switch|p2a: Zamazenta|Zamazenta|47/100
|move|p1a: Ursaring|Earthquake|p2a: Zamazenta
|-damage|p2a: Zamazenta|19/100
|
|-heal|p2a: Zamazenta|25/100|[from] item: Leftovers
|upkeep
|turn|17
|
|t:|1779856957
|switch|p1a: Zapdos|Zapdos|100/100
|move|p2a: Zamazenta|Body Press|p1a: Zapdos
|-resisted|p1a: Zapdos
|-damage|p1a: Zapdos|86/100
|
|-heal|p2a: Zamazenta|32/100|[from] item: Leftovers
|upkeep
|turn|18
|
|t:|1779856963
|move|p2a: Zamazenta|Crunch|p1a: Zapdos
|-damage|p1a: Zapdos|65/100
|-status|p2a: Zamazenta|par|[from] ability: Static|[of] p1a: Zapdos
|move|p1a: Zapdos|Thunderbolt|p2a: Zamazenta
|-damage|p2a: Zamazenta|2/100 par
|
|-heal|p2a: Zamazenta|8/100 par|[from] item: Leftovers
|upkeep
|turn|19
|
|t:|1779856972
|move|p1a: Zapdos|U-turn|p2a: Zamazenta
|-resisted|p2a: Zamazenta
|-damage|p2a: Zamazenta|3/100 par
|
|t:|1779856980
|switch|p1a: Samurott|Samurott-Hisui, F|37/100|[from] U-turn
|move|p2a: Zamazenta|Crunch|p1a: Samurott
|-resisted|p1a: Samurott
|-damage|p1a: Samurott|27/100
|
|-heal|p2a: Zamazenta|10/100 par|[from] item: Leftovers
|upkeep
|turn|20
|
|t:|1779856987
|move|p1a: Samurott|Ceaseless Edge|p2a: Zamazenta
|-resisted|p2a: Zamazenta
|-damage|p2a: Zamazenta|0 fnt
|-sidestart|p2: Vestio_1|Spikes
|faint|p2a: Zamazenta
|
|-sideend|p1: FunnyBurritoMan|move: Light Screen
|upkeep
|
|t:|1779856993
|switch|p2a: Gholdengo|Gholdengo, shiny|100/100
|-damage|p2a: Gholdengo|88/100|[from] Spikes
|turn|21
|
|t:|1779857005
|switch|p1a: Zapdos|Zapdos|65/100
|-terastallize|p2a: Gholdengo|Fighting
|move|p2a: Gholdengo|Nasty Plot|p2a: Gholdengo
|-boost|p2a: Gholdengo|spa|2
|
|upkeep
|turn|22
|
|t:|1779857014
|move|p2a: Gholdengo|Shadow Ball|p1a: Zapdos
|-damage|p1a: Zapdos|0 fnt
|faint|p1a: Zapdos
|
|upkeep
|
|t:|1779857022
|switch|p1a: Great Tusk|Great Tusk|77/100
|turn|23
|
|t:|1779857025
|move|p1a: Great Tusk|Close Combat|p2a: Gholdengo
|-damage|p2a: Gholdengo|14/100
|-unboost|p1a: Great Tusk|def|1
|-unboost|p1a: Great Tusk|spd|1
|move|p2a: Gholdengo|Shadow Ball|p1a: Great Tusk
|-damage|p1a: Great Tusk|0 fnt
|faint|p1a: Great Tusk
|-end|p1a: Great Tusk|Protosynthesis|[silent]
|
|upkeep
|
|t:|1779857029
|switch|p1a: Samurott|Samurott-Hisui, F|27/100
|turn|24
|
|t:|1779857033
|move|p1a: Samurott|Aqua Jet|p2a: Gholdengo
|-damage|p2a: Gholdengo|0 fnt
|faint|p2a: Gholdengo
|
|upkeep
|
|t:|1779857038
|switch|p2a: Dragapult|Dragapult, F, shiny|100/100
|-damage|p2a: Dragapult|88/100|[from] Spikes
|turn|25
|
|t:|1779857046
|move|p2a: Dragapult|U-turn|p1a: Samurott
|-supereffective|p1a: Samurott
|-damage|p1a: Samurott|0 fnt
|faint|p1a: Samurott
|
|t:|1779857050
|switch|p2a: Gliscor|Gliscor, M, shiny|100/100|[from] U-turn
|
|-status|p2a: Gliscor|tox|[from] item: Toxic Orb
|upkeep
|
|t:|1779857053
|switch|p1a: Ursaring|Ursaring, M|100/100
|turn|26
|
|t:|1779857056
|move|p2a: Gliscor|Earthquake|p1a: Ursaring
|-damage|p1a: Ursaring|77/100
|move|p1a: Ursaring|Body Slam|p2a: Gliscor
|-damage|p2a: Gliscor|68/100 tox
|
|-heal|p2a: Gliscor|80/100 tox|[from] ability: Poison Heal
|upkeep
|turn|27
|
|t:|1779857064
|move|p2a: Gliscor|Earthquake|p1a: Ursaring
|-damage|p1a: Ursaring|54/100
|move|p1a: Ursaring|Body Slam|p2a: Gliscor
|-damage|p2a: Gliscor|50/100 tox
|
|-heal|p2a: Gliscor|62/100 tox|[from] ability: Poison Heal
|upkeep
|turn|28
|
|t:|1779857071
|-terastallize|p1a: Ursaring|Normal
|move|p2a: Gliscor|Earthquake|p1a: Ursaring
|-damage|p1a: Ursaring|29/100
|move|p1a: Ursaring|Body Slam|p2a: Gliscor
|-damage|p2a: Gliscor|19/100 tox
|
|-heal|p2a: Gliscor|31/100 tox|[from] ability: Poison Heal
|upkeep
|turn|29
|
|t:|1779857079
|move|p2a: Gliscor|Protect|p2a: Gliscor
|-singleturn|p2a: Gliscor|Protect
|move|p1a: Ursaring|Rest|p1a: Ursaring
|-status|p1a: Ursaring|slp|[from] move: Rest
|-heal|p1a: Ursaring|100/100 slp|[silent]
|
|-heal|p2a: Gliscor|44/100 tox|[from] ability: Poison Heal
|upkeep
|turn|30
|
|t:|1779857087
|move|p2a: Gliscor|Substitute|p2a: Gliscor
|-start|p2a: Gliscor|Substitute
|-damage|p2a: Gliscor|19/100 tox
|cant|p1a: Ursaring|slp
|move|p1a: Ursaring|Sleep Talk|p1a: Ursaring
|move|p1a: Ursaring|Body Slam|p2a: Gliscor|[from] move: Sleep Talk
|-end|p2a: Gliscor|Substitute
|
|-heal|p2a: Gliscor|31/100 tox|[from] ability: Poison Heal
|upkeep
|turn|31
|
|t:|1779857096
|move|p2a: Gliscor|Protect|p2a: Gliscor
|-singleturn|p2a: Gliscor|Protect
|cant|p1a: Ursaring|slp
|move|p1a: Ursaring|Sleep Talk|p1a: Ursaring
|move|p1a: Ursaring|Rest||[from] move: Sleep Talk|[still]
|-fail|p1a: Ursaring
|
|-heal|p2a: Gliscor|44/100 tox|[from] ability: Poison Heal
|upkeep
|turn|32
|
|t:|1779857106
|move|p2a: Gliscor|Toxic||[still]
|-fail|p2a: Gliscor
|-curestatus|p1a: Ursaring|slp|[msg]
|move|p1a: Ursaring|Body Slam|p2a: Gliscor
|-damage|p2a: Gliscor|3/100 tox
|
|-heal|p2a: Gliscor|16/100 tox|[from] ability: Poison Heal
|upkeep
|turn|33
|
|t:|1779857114
|move|p2a: Gliscor|Toxic|p1a: Ursaring
|-status|p1a: Ursaring|tox
|move|p1a: Ursaring|Body Slam|p2a: Gliscor
|-damage|p2a: Gliscor|0 fnt
|faint|p2a: Gliscor
|
|-damage|p1a: Ursaring|94/100 tox|[from] psn
|upkeep
|
|t:|1779857122
|switch|p2a: Dragapult|Dragapult, F, shiny|88/100
|-damage|p2a: Dragapult|76/100|[from] Spikes
|turn|34
|
|t:|1779857127
|move|p2a: Dragapult|Draco Meteor|p1a: Ursaring
|-damage|p1a: Ursaring|33/100 tox
|-unboost|p2a: Dragapult|spa|2
|move|p1a: Ursaring|Earthquake|p2a: Dragapult
|-damage|p2a: Dragapult|0 fnt
|faint|p2a: Dragapult
|
|-damage|p1a: Ursaring|21/100 tox|[from] psn
|upkeep
|
|t:|1779857135
|switch|p2a: Kingambit|Kingambit, F, shiny|100/100
|-damage|p2a: Kingambit|88/100|[from] Spikes
|-activate|p2a: Kingambit|ability: Supreme Overlord
|-start|p2a: Kingambit|fallen5|[silent]
|turn|35
|
|t:|1779857141
|move|p1a: Ursaring|Rest|p1a: Ursaring
|-status|p1a: Ursaring|slp|[from] move: Rest
|-heal|p1a: Ursaring|100/100 slp|[silent]
|move|p2a: Kingambit|Kowtow Cleave|p1a: Ursaring
|-damage|p1a: Ursaring|29/100 slp
|
|upkeep
|turn|36
|
|t:|1779857147
|cant|p1a: Ursaring|slp
|move|p1a: Ursaring|Sleep Talk|p1a: Ursaring
|move|p1a: Ursaring|Body Slam|p2a: Kingambit|[from] move: Sleep Talk
|-resisted|p2a: Kingambit
|-damage|p2a: Kingambit|51/100
|-status|p2a: Kingambit|par
|move|p2a: Kingambit|Kowtow Cleave|p1a: Ursaring
|-damage|p1a: Ursaring|0 fnt
|faint|p1a: Ursaring
|
|win|Vestio_1
|raw|FunnyBurritoMan's rating: 1110 &rarr; <strong>1089</strong><br />(-21 for losing)
|raw|Vestio_1's rating: 1161 &rarr; <strong>1182</strong><br />(+21 for winning)
|l|☆Vestio_1
|player|p2|
|l|☆FunnyBurritoMan
|player|p1|
