|j|☆AmygdalanResponse
|j|☆Soyyo1223
|t:|1779837445
|gametype|singles
|player|p1|AmygdalanResponse|marshal|1364
|player|p2|Soyyo1223|palmer|1292
|gen|9
|tier|[Gen 9] OU
|rated|
|rule|HP Percentage Mod: HP is shown in percentages
|rule|Endless Battle Clause: Forcing endless battles is banned
|rule|Species Clause: Limit one of each Pokémon
|rule|OHKO Clause: OHKO moves are banned
|rule|Evasion Items Clause: Evasion items are banned
|rule|Evasion Moves Clause: Evasion moves are banned
|rule|Evasion Abilities Clause: Evasion abilities are banned
|rule|Sleep Moves Clause: Sleep-inducing moves are banned
|clearpoke
|poke|p1|Ribombee, M|
|poke|p1|Manaphy|
|poke|p1|Ceruledge, M|
|poke|p1|Great Tusk|
|poke|p1|Ogerpon-Cornerstone, F|
|poke|p1|Enamorus, F|
|poke|p2|Garganacl, F|
|poke|p2|Grimmsnarl, M|
|poke|p2|Gyarados, F|
|poke|p2|Ceruledge, F|
|poke|p2|Jirachi|
|poke|p2|Serperior, F|
|teampreview
|
|t:|1779837472
|teamsize|p1|6
|teamsize|p2|6
|start
|switch|p1a: Ribombee|Ribombee, M|100/100
|switch|p2a: Grimmsnarl|Grimmsnarl, M|100/100
|turn|1
|
|t:|1779837487
|move|p2a: Grimmsnarl|Light Screen|p2a: Grimmsnarl
|-sidestart|p2: Soyyo1223|move: Light Screen
|move|p1a: Ribombee|Skill Swap|p2a: Grimmsnarl
|-activate|p1a: Ribombee|Skill Swap|Prankster|Shield Dust|[of] p2a: Grimmsnarl
|
|upkeep
|turn|2
|
|t:|1779837496
|move|p1a: Ribombee|Moonblast|p2a: Grimmsnarl
|-supereffective|p2a: Grimmsnarl
|-damage|p2a: Grimmsnarl|71/100
|move|p2a: Grimmsnarl|Reflect|p2a: Grimmsnarl
|-sidestart|p2: Soyyo1223|Reflect
|
|upkeep
|turn|3
|
|t:|1779837499
|move|p1a: Ribombee|Sticky Web|p2a: Grimmsnarl
|-sidestart|p2: Soyyo1223|move: Sticky Web
|move|p2a: Grimmsnarl|Parting Shot|p1a: Ribombee
|-unboost|p1a: Ribombee|atk|1
|-unboost|p1a: Ribombee|spa|1
|
|t:|1779837502
|switch|p2a: Gyarados|Gyarados, F|100/100|[from] Parting Shot
|-ability|p2a: Gyarados|Intimidate|boost
|-unboost|p1a: Ribombee|atk|1
|
|upkeep
|turn|4
|
|t:|1779837506
|move|p1a: Ribombee|Stun Spore|p2a: Gyarados|[miss]
|-miss|p1a: Ribombee|p2a: Gyarados
|move|p2a: Gyarados|Dragon Dance|p2a: Gyarados
|-boost|p2a: Gyarados|atk|1
|-boost|p2a: Gyarados|spe|1
|
|upkeep
|turn|5
|
|t:|1779837508
|move|p1a: Ribombee|Stun Spore|p2a: Gyarados
|-status|p2a: Gyarados|par
|move|p2a: Gyarados|Waterfall|p1a: Ribombee
|-enditem|p1a: Ribombee|Focus Sash
|-damage|p1a: Ribombee|1/100
|
|upkeep
|turn|6
|-message|Soyyo1223 forfeited.
|
|win|AmygdalanResponse
|raw|AmygdalanResponse's rating: 1364 &rarr; <strong>1380</strong><br />(+16 for winning)
|raw|Soyyo1223's rating: 1292 &rarr; <strong>1272</strong><br />(-20 for losing)
|l|☆Soyyo1223
|player|p2|
