|j|☆Leeckt
|j|☆farserafin
|t:|1779961873
|gametype|singles
|player|p1|Leeckt|clerk|1221
|player|p2|farserafin|n|1213
|gen|9
|tier|[Gen 9] OU
|rated|
|rule|HP Percentage Mod: HP is shown in percentages
|rule|Endless Battle Clause: Forcing endless battles is banned
|rule|Species Clause: Limit one of each Pokémon
|rule|OHKO Clause: OHKO moves are banned
|rule|Evasion Items Clause: Evasion items are banned
|rule|Evasion Moves Clause: Evasion moves are banned
|rule|Evasion Abilities Clause: Evasion abilities are banned
|rule|Sleep Moves Clause: Sleep-inducing moves are banned
|clearpoke
|poke|p1|Conkeldurr, M|
|poke|p1|Lokix, M|
|poke|p1|Greninja-*, M|
|poke|p1|Ceruledge, M|
|poke|p1|Weezing-Galar, F|
|poke|p1|Slowking-Galar, M|
|poke|p2|Gholdengo|
|poke|p2|Swampert, M|
|poke|p2|Kleavor, F|
|poke|p2|Weavile, F|
|poke|p2|Zarude|
|poke|p2|Blastoise, F|
|teampreview
|inactive|Battle timer is ON: inactive players will automatically lose when time's up. (requested by farserafin)
|
|t:|1779961882
|teamsize|p1|6
|teamsize|p2|6
|start
|switch|p1a: Slowking|Slowking-Galar, M, shiny|100/100
|switch|p2a: rocky troll|Kleavor, F|100/100
|turn|1
|
|t:|1779961891
|move|p2a: rocky troll|Stone Axe|p1a: Slowking
|-damage|p1a: Slowking|8/100
|-sidestart|p1: Leeckt|move: Stealth Rock
|move|p1a: Slowking|Ice Beam|p2a: rocky troll
|-damage|p2a: rocky troll|62/100
|
|upkeep
|turn|2
|
|t:|1779961904
|switch|p1a: Weezing|Weezing-Galar, F|100/100
|-ability|p1a: Weezing|Neutralizing Gas
|-damage|p1a: Weezing|88/100|[from] Stealth Rock
|move|p2a: rocky troll|Stone Axe|p1a: Weezing|[miss]
|-miss|p2a: rocky troll|p1a: Weezing
|
|-heal|p1a: Weezing|94/100|[from] item: Black Sludge
|upkeep
|turn|3
|
|t:|1779961915
|switch|p2a: Gold troll|Gholdengo|100/100
|move|p1a: Weezing|Will-O-Wisp|p2a: Gold troll
|-status|p2a: Gold troll|brn
|
|-heal|p1a: Weezing|99/100|[from] item: Black Sludge
|-damage|p2a: Gold troll|95/100 brn|[from] brn
|upkeep
|turn|4
|
|t:|1779961927
|-end|p1a: Weezing|ability: Neutralizing Gas
|switch|p1a: Conkeldurr|Conkeldurr, M|100/100
|-damage|p1a: Conkeldurr|94/100|[from] Stealth Rock
|move|p2a: Gold troll|Make It Rain|p1a: Conkeldurr
|-damage|p1a: Conkeldurr|40/100
|-unboost|p2a: Gold troll|spa|1
|
|-heal|p1a: Conkeldurr|47/100|[from] item: Leftovers
|-damage|p2a: Gold troll|89/100 brn|[from] brn
|upkeep
|turn|5
|
|t:|1779961942
|switch|p2a: rocky troll|Kleavor, F|62/100
|move|p1a: Conkeldurr|Knock Off|p2a: rocky troll
|-damage|p2a: rocky troll|28/100
|-enditem|p2a: rocky troll|Choice Band|[from] move: Knock Off|[of] p1a: Conkeldurr
|
|-heal|p1a: Conkeldurr|53/100|[from] item: Leftovers
|upkeep
|turn|6
|
|t:|1779961959
|move|p1a: Conkeldurr|Mach Punch|p2a: rocky troll
|-damage|p2a: rocky troll|5/100
|move|p2a: rocky troll|U-turn|p1a: Conkeldurr
|-resisted|p1a: Conkeldurr
|-damage|p1a: Conkeldurr|36/100
|
|t:|1779961967
|switch|p2a: Gold troll|Gholdengo|89/100 brn|[from] U-turn
|
|-heal|p1a: Conkeldurr|42/100|[from] item: Leftovers
|-damage|p2a: Gold troll|83/100 brn|[from] brn
|upkeep
|turn|7
|inactive|Leeckt has 120 seconds left.
|
|t:|1779962021
|move|p2a: Gold troll|Make It Rain|p1a: Conkeldurr
|-damage|p1a: Conkeldurr|0 fnt
|-unboost|p2a: Gold troll|spa|1
|faint|p1a: Conkeldurr
|
|-damage|p2a: Gold troll|77/100 brn|[from] brn
|upkeep
|
|t:|1779962035
|switch|p1a: Greninja|Greninja, M|100/100
|-damage|p1a: Greninja|88/100|[from] Stealth Rock
|turn|8
|
|t:|1779962039
|switch|p2a: forest troll|Zarude|100/100
|move|p1a: Greninja|Dark Pulse|p2a: forest troll
|-resisted|p2a: forest troll
|-damage|p2a: forest troll|86/100
|-damage|p1a: Greninja|78/100|[from] item: Life Orb
|
|upkeep
|turn|9
|
|t:|1779962050
|switch|p1a: Weezing|Weezing-Galar, F|99/100
|-ability|p1a: Weezing|Neutralizing Gas
|-damage|p1a: Weezing|88/100|[from] Stealth Rock
|move|p2a: forest troll|Knock Off|p1a: Weezing
|-resisted|p1a: Weezing
|-damage|p1a: Weezing|71/100
|-enditem|p1a: Weezing|Black Sludge|[from] move: Knock Off|[of] p2a: forest troll
|
|upkeep
|turn|10
|
|t:|1779962056
|switch|p2a: Gold troll|Gholdengo|77/100 brn
|move|p1a: Weezing|Will-O-Wisp|p2a: Gold troll
|-fail|p2a: Gold troll|brn
|
|-damage|p2a: Gold troll|71/100 brn|[from] brn
|upkeep
|turn|11
|inactive|Leeckt has 120 seconds left.
|
|t:|1779962073
|move|p2a: Gold troll|Make It Rain|p1a: Weezing
|-supereffective|p1a: Weezing
|-damage|p1a: Weezing|0 fnt
|-unboost|p2a: Gold troll|spa|1
|faint|p1a: Weezing
|-end|p1a: Weezing|ability: Neutralizing Gas
|
|-damage|p2a: Gold troll|65/100 brn|[from] brn
|upkeep
|
|t:|1779962079
|switch|p1a: Lokix|Lokix, M|100/100
|turn|12
|
|t:|1779962086
|switch|p2a: rocky troll|Kleavor, F|5/100
|move|p1a: Lokix|Knock Off|p2a: rocky troll
|-damage|p2a: rocky troll|0 fnt
|faint|p2a: rocky troll
|
|upkeep
|
|t:|1779962091
|switch|p2a: ice troll|Weavile, F|100/100
|-ability|p2a: ice troll|Pressure
|turn|13
|inactive|Leeckt has 120 seconds left.
|
|t:|1779962104
|move|p2a: ice troll|Knock Off|p1a: Lokix
|-resisted|p1a: Lokix
|-damage|p1a: Lokix|52/100
|-enditem|p1a: Lokix|Heavy-Duty Boots|[from] move: Knock Off|[of] p2a: ice troll
|-damage|p2a: ice troll|91/100|[from] item: Life Orb
|move|p1a: Lokix|U-turn|p2a: ice troll
|-supereffective|p2a: ice troll
|-damage|p2a: ice troll|0 fnt
|faint|p2a: ice troll
|inactive|Leeckt has 120 seconds left.
|
|t:|1779962117
|switch|p1a: Greninja|Greninja, M|78/100|[from] U-turn
|-damage|p1a: Greninja|66/100|[from] Stealth Rock
|
|upkeep
|
|t:|1779962122
|switch|p2a: forest troll|Zarude|86/100
|turn|14
|inactive|Leeckt has 120 seconds left.
|
|t:|1779962138
|switch|p1a: Slowking|Slowking-Galar, M, shiny|41/100
|-damage|p1a: Slowking|28/100|[from] Stealth Rock
|move|p2a: forest troll|Power Whip|p1a: Slowking
|-resisted|p1a: Slowking
|-damage|p1a: Slowking|0 fnt
|faint|p1a: Slowking
|
|upkeep
|
|t:|1779962141
|switch|p1a: Lokix|Lokix, M|52/100
|-damage|p1a: Lokix|27/100|[from] Stealth Rock
|turn|15
|
|t:|1779962149
|switch|p2a: Gold troll|Gholdengo|65/100 brn
|move|p1a: Lokix|First Impression|p2a: Gold troll
|-resisted|p2a: Gold troll
|-damage|p2a: Gold troll|41/100 brn
|
|-damage|p2a: Gold troll|35/100 brn|[from] brn
|upkeep
|turn|16
|
|t:|1779962163
|switch|p1a: Ceruledge|Ceruledge, M|100/100
|-damage|p1a: Ceruledge|76/100|[from] Stealth Rock
|move|p2a: Gold troll|Make It Rain|p1a: Ceruledge
|-resisted|p1a: Ceruledge
|-damage|p1a: Ceruledge|39/100
|-unboost|p2a: Gold troll|spa|1
|
|-damage|p2a: Gold troll|29/100 brn|[from] brn
|upkeep
|turn|17
|
|t:|1779962169
|move|p1a: Ceruledge|Bitter Blade|p2a: Gold troll
|-supereffective|p2a: Gold troll
|-damage|p2a: Gold troll|0 fnt
|-heal|p1a: Ceruledge|56/100|[from] drain|[of] p2a: Gold troll
|faint|p2a: Gold troll
|
|upkeep
|
|t:|1779962174
|switch|p2a: Blastoise|Blastoise, F|100/100
|turn|18
|
|t:|1779962182
|move|p1a: Ceruledge|Poltergeist|p2a: Blastoise
|-activate|p2a: Blastoise|move: Poltergeist|Heavy-Duty Boots
|-damage|p2a: Blastoise|50/100
|move|p2a: Blastoise|Water Spout|p1a: Ceruledge
|-supereffective|p1a: Ceruledge
|-damage|p1a: Ceruledge|0 fnt
|faint|p1a: Ceruledge
|
|upkeep
|
|t:|1779962193
|switch|p1a: Greninja|Greninja, M|66/100
|-damage|p1a: Greninja|54/100|[from] Stealth Rock
|turn|19
|
|t:|1779962208
|move|p1a: Greninja|Grass Knot|p2a: Blastoise
|-supereffective|p2a: Blastoise
|-damage|p2a: Blastoise|0 fnt
|faint|p2a: Blastoise
|-ability|p1a: Greninja|Battle Bond|boost
|-boost|p1a: Greninja|atk|1
|-boost|p1a: Greninja|spa|1
|-boost|p1a: Greninja|spe|1
|-activate|p1a: Greninja|ability: Battle Bond
|-damage|p1a: Greninja|44/100|[from] item: Life Orb
|
|upkeep
|
|t:|1779962210
|switch|p2a: forest troll|Zarude|86/100
|turn|20
|
|t:|1779962225
|-terastallize|p1a: Greninja|Water
|move|p1a: Greninja|Surf|p2a: forest troll
|-resisted|p2a: forest troll
|-damage|p2a: forest troll|59/100
|-damage|p1a: Greninja|34/100|[from] item: Life Orb
|move|p2a: forest troll|Close Combat|p1a: Greninja
|-damage|p1a: Greninja|0 fnt
|-unboost|p2a: forest troll|def|1
|-unboost|p2a: forest troll|spd|1
|faint|p1a: Greninja
|
|upkeep
|
|t:|1779962234
|switch|p1a: Lokix|Lokix, M|27/100
|-damage|p1a: Lokix|2/100|[from] Stealth Rock
|turn|21
|
|t:|1779962237
|move|p1a: Lokix|First Impression|p2a: forest troll
|-supereffective|p2a: forest troll
|-damage|p2a: forest troll|0 fnt
|faint|p2a: forest troll
|
|upkeep
|
|t:|1779962240
|switch|p2a: river troll|Swampert, M|100/100
|turn|22
|
|t:|1779962253
|move|p1a: Lokix|Knock Off|p2a: river troll
|-damage|p2a: river troll|58/100
|-enditem|p2a: river troll|Choice Band|[from] move: Knock Off|[of] p1a: Lokix
|move|p2a: river troll|Knock Off|p1a: Lokix
|-resisted|p1a: Lokix
|-damage|p1a: Lokix|0 fnt
|faint|p1a: Lokix
|
|win|farserafin
|raw|Leeckt's rating: 1221 &rarr; <strong>1195</strong><br />(-26 for losing)
|raw|farserafin's rating: 1213 &rarr; <strong>1239</strong><br />(+26 for winning)
|l|☆farserafin
|player|p2|
|l|☆Leeckt
|player|p1|
