|j|☆OreoTomato
|j|☆waha8
|t:|1779872661
|gametype|singles
|player|p1|OreoTomato|266|1338
|player|p2|waha8|169|1386
|gen|9
|tier|[Gen 9] OU
|rated|
|rule|HP Percentage Mod: HP is shown in percentages
|rule|Endless Battle Clause: Forcing endless battles is banned
|rule|Species Clause: Limit one of each Pokémon
|rule|OHKO Clause: OHKO moves are banned
|rule|Evasion Items Clause: Evasion items are banned
|rule|Evasion Moves Clause: Evasion moves are banned
|rule|Evasion Abilities Clause: Evasion abilities are banned
|rule|Sleep Moves Clause: Sleep-inducing moves are banned
|clearpoke
|poke|p1|Gliscor, F|
|poke|p1|Excadrill, M|
|poke|p1|Ogerpon-Wellspring, F|
|poke|p1|Tyranitar, F|
|poke|p1|Scizor, M|
|poke|p1|Rotom-Wash|
|poke|p2|Tsareena, F|
|poke|p2|Vikavolt, F|
|poke|p2|Ribombee, M|
|poke|p2|Dragonite, M|
|poke|p2|Hoopa-Unbound|
|poke|p2|Indeedee, M|
|teampreview
|inactive|Battle timer is ON: inactive players will automatically lose when time's up. (requested by OreoTomato)
|
|t:|1779872687
|teamsize|p1|6
|teamsize|p2|6
|start
|switch|p1a: Gliscor|Gliscor, F|100/100
|switch|p2a: DeeDee|Indeedee, M|100/100
|-fieldstart|move: Psychic Terrain|[from] ability: Psychic Surge|[of] p2a: DeeDee
|turn|1
|
|t:|1779872697
|switch|p2a: Mavis|Ribombee, M|100/100
|switch|p1a: Tyranitar|Tyranitar, F|100/100
|-weather|Sandstorm|[from] ability: Sand Stream|[of] p1a: Tyranitar
|
|-weather|Sandstorm|[upkeep]
|-damage|p2a: Mavis|94/100|[from] Sandstorm
|upkeep
|turn|2
|
|t:|1779872713
|switch|p1a: Ogerpon|Ogerpon-Wellspring, F|100/100
|move|p2a: Mavis|Trick||[still]
|-fail|p2a: Mavis
|
|-weather|Sandstorm|[upkeep]
|-damage|p2a: Mavis|88/100|[from] Sandstorm
|-damage|p1a: Ogerpon|95/100|[from] Sandstorm
|upkeep
|turn|3
|inactive|OreoTomato has 120 seconds left.
|
|t:|1779872755
|switch|p2a: DKnight|Dragonite, M|100/100
|move|p1a: Ogerpon|Ivy Cudgel|p2a: DKnight|[anim] Ivy Cudgel Water
|-resisted|p2a: DKnight
|-damage|p2a: DKnight|87/100
|
|-weather|Sandstorm|[upkeep]
|-damage|p1a: Ogerpon|89/100|[from] Sandstorm
|-damage|p2a: DKnight|81/100|[from] Sandstorm
|upkeep
|turn|4
|
|t:|1779872768
|move|p1a: Ogerpon|Knock Off|p2a: DKnight
|-damage|p2a: DKnight|45/100
|-enditem|p2a: DKnight|Heavy-Duty Boots|[from] move: Knock Off|[of] p1a: Ogerpon
|move|p2a: DKnight|Ice Spinner|p1a: Ogerpon
|-damage|p1a: Ogerpon|50/100
|-fieldend|move: Psychic Terrain
|
|-weather|Sandstorm|[upkeep]
|-damage|p1a: Ogerpon|44/100|[from] Sandstorm
|-damage|p2a: DKnight|39/100|[from] Sandstorm
|upkeep
|turn|5
|
|t:|1779872776
|switch|p1a: Rotom|Rotom-Wash|100/100
|move|p2a: DKnight|Dragon Dance|p2a: DKnight
|-boost|p2a: DKnight|atk|1
|-boost|p2a: DKnight|spe|1
|
|-weather|none
|upkeep
|turn|6
|
|t:|1779872783
|move|p2a: DKnight|Extreme Speed|p1a: Rotom
|-damage|p1a: Rotom|50/100
|move|p1a: Rotom|Will-O-Wisp|p2a: DKnight
|-status|p2a: DKnight|brn
|
|-heal|p1a: Rotom|56/100|[from] item: Leftovers
|-damage|p2a: DKnight|33/100 brn|[from] brn
|upkeep
|turn|7
|inactive|OreoTomato has 120 seconds left.
|
|t:|1779872794
|switch|p1a: Gliscor|Gliscor, F|100/100
|move|p2a: DKnight|Dragon Dance|p2a: DKnight
|-boost|p2a: DKnight|atk|1
|-boost|p2a: DKnight|spe|1
|
|-damage|p2a: DKnight|27/100 brn|[from] brn
|-status|p1a: Gliscor|tox|[from] item: Toxic Orb
|upkeep
|turn|8
|inactive|OreoTomato has 120 seconds left.
|
|t:|1779872809
|move|p1a: Gliscor|Protect|p1a: Gliscor
|-singleturn|p1a: Gliscor|Protect
|move|p2a: DKnight|Ice Spinner|p1a: Gliscor
|-activate|p1a: Gliscor|move: Protect
|
|-damage|p2a: DKnight|20/100 brn|[from] brn
|upkeep
|turn|9
|inactive|OreoTomato has 120 seconds left.
|
|t:|1779872839
|switch|p1a: Rotom|Rotom-Wash|56/100
|move|p2a: DKnight|Ice Spinner|p1a: Rotom
|-resisted|p1a: Rotom
|-damage|p1a: Rotom|39/100
|
|-heal|p1a: Rotom|45/100|[from] item: Leftovers
|-damage|p2a: DKnight|14/100 brn|[from] brn
|upkeep
|turn|10
|
|t:|1779872849
|move|p2a: DKnight|Extreme Speed|p1a: Rotom
|-damage|p1a: Rotom|12/100
|move|p1a: Rotom|Volt Switch|p2a: DKnight
|-damage|p2a: DKnight|0 fnt
|faint|p2a: DKnight
|
|t:|1779872856
|switch|p1a: Tyranitar|Tyranitar, F|100/100|[from] Volt Switch
|-weather|Sandstorm|[from] ability: Sand Stream|[of] p1a: Tyranitar
|
|-weather|Sandstorm|[upkeep]
|upkeep
|
|t:|1779872861
|switch|p2a: MotherTeresa|Tsareena, F|100/100
|turn|11
|
|t:|1779872876
|switch|p1a: Gliscor|Gliscor, F|100/100 tox
|move|p2a: MotherTeresa|High Jump Kick|p1a: Gliscor
|-resisted|p1a: Gliscor
|-damage|p1a: Gliscor|88/100 tox
|
|-weather|Sandstorm|[upkeep]
|-damage|p2a: MotherTeresa|95/100|[from] Sandstorm
|-heal|p1a: Gliscor|99/100 tox|[from] ability: Poison Heal
|upkeep
|turn|12
|
|t:|1779872884
|move|p2a: MotherTeresa|Triple Axel|p1a: Gliscor
|-supereffective|p1a: Gliscor
|-damage|p1a: Gliscor|82/100 tox
|-supereffective|p1a: Gliscor
|-damage|p1a: Gliscor|45/100 tox
|-supereffective|p1a: Gliscor
|-damage|p1a: Gliscor|0 fnt
|faint|p1a: Gliscor
|-hitcount|p1: Gliscor|3
|
|-weather|Sandstorm|[upkeep]
|-damage|p2a: MotherTeresa|89/100|[from] Sandstorm
|upkeep
|
|t:|1779872909
|switch|p1a: Ogerpon|Ogerpon-Wellspring, F|44/100
|turn|13
|
|t:|1779872919
|move|p1a: Ogerpon|Knock Off|p2a: MotherTeresa
|-crit|p2a: MotherTeresa
|-damage|p2a: MotherTeresa|15/100
|-enditem|p2a: MotherTeresa|Heavy-Duty Boots|[from] move: Knock Off|[of] p1a: Ogerpon
|move|p2a: MotherTeresa|Rapid Spin|p1a: Ogerpon
|-damage|p1a: Ogerpon|18/100
|-boost|p2a: MotherTeresa|spe|1
|
|-weather|Sandstorm|[upkeep]
|-damage|p2a: MotherTeresa|9/100|[from] Sandstorm
|-damage|p1a: Ogerpon|12/100|[from] Sandstorm
|upkeep
|turn|14
|
|t:|1779872929
|move|p2a: MotherTeresa|Rapid Spin|p1a: Ogerpon
|-damage|p1a: Ogerpon|0 fnt
|-boost|p2a: MotherTeresa|spe|1
|faint|p1a: Ogerpon
|
|-weather|none
|upkeep
|
|t:|1779872937
|switch|p1a: Excadrill|Excadrill, M|100/100
|turn|15
|
|t:|1779872942
|-terastallize|p1a: Excadrill|Flying
|move|p2a: MotherTeresa|Triple Axel|p1a: Excadrill
|-supereffective|p1a: Excadrill
|-damage|p1a: Excadrill|80/100
|-supereffective|p1a: Excadrill
|-damage|p1a: Excadrill|36/100
|-supereffective|p1a: Excadrill
|-damage|p1a: Excadrill|0 fnt
|faint|p1a: Excadrill
|-hitcount|p1: Excadrill|3
|
|upkeep
|
|t:|1779872949
|switch|p1a: Tyranitar|Tyranitar, F|100/100
|-weather|Sandstorm|[from] ability: Sand Stream|[of] p1a: Tyranitar
|turn|16
|
|t:|1779872955
|move|p2a: MotherTeresa|High Jump Kick|p1a: Tyranitar
|-supereffective|p1a: Tyranitar
|-damage|p1a: Tyranitar|0 fnt
|faint|p1a: Tyranitar
|
|-weather|Sandstorm|[upkeep]
|-damage|p2a: MotherTeresa|3/100|[from] Sandstorm
|upkeep
|
|t:|1779872959
|switch|p1a: Rotom|Rotom-Wash|12/100
|turn|17
|
|t:|1779872966
|move|p2a: MotherTeresa|Knock Off|p1a: Rotom
|-damage|p1a: Rotom|0 fnt
|-enditem|p1a: Rotom|Leftovers|[from] move: Knock Off|[of] p2a: MotherTeresa
|faint|p1a: Rotom
|
|-weather|Sandstorm|[upkeep]
|-damage|p2a: MotherTeresa|0 fnt|[from] Sandstorm
|faint|p2a: MotherTeresa
|upkeep
|
|t:|1779872973
|switch|p2a: DeeDee|Indeedee, M|100/100
|switch|p1a: Scizor|Scizor, M|100/100
|-fieldstart|move: Psychic Terrain|[from] ability: Psychic Surge|[of] p2a: DeeDee
|turn|18
|
|t:|1779872979
|move|p2a: DeeDee|Expanding Force|p1a: Scizor
|-resisted|p1a: Scizor
|-damage|p1a: Scizor|57/100
|move|p1a: Scizor|Lunge|p2a: DeeDee
|-supereffective|p2a: DeeDee
|-damage|p2a: DeeDee|0 fnt
|faint|p2a: DeeDee
|
|-weather|Sandstorm|[upkeep]
|-heal|p1a: Scizor|63/100|[from] item: Leftovers
|upkeep
|
|t:|1779872990
|switch|p2a: Akon|Hoopa-Unbound|100/100
|turn|19
|
|t:|1779872994
|move|p2a: Akon|Knock Off|p1a: Scizor
|-damage|p1a: Scizor|0 fnt
|-enditem|p1a: Scizor|Leftovers|[from] move: Knock Off|[of] p2a: Akon
|faint|p1a: Scizor
|-damage|p2a: Akon|91/100|[from] item: Life Orb
|
|win|waha8
|raw|OreoTomato's rating: 1338 &rarr; <strong>1321</strong><br />(-17 for losing)
|raw|waha8's rating: 1386 &rarr; <strong>1403</strong><br />(+17 for winning)
|l|☆OreoTomato
|player|p1|
|l|☆waha8
|player|p2|
