|j|☆mmking8
|j|☆Pedro Kally
|t:|1779862080
|gametype|singles
|player|p1|mmking8|steven|1074
|player|p2|Pedro Kally|101|1076
|gen|9
|tier|[Gen 9] OU
|rated|
|rule|HP Percentage Mod: HP is shown in percentages
|rule|Endless Battle Clause: Forcing endless battles is banned
|rule|Species Clause: Limit one of each Pokémon
|rule|OHKO Clause: OHKO moves are banned
|rule|Evasion Items Clause: Evasion items are banned
|rule|Evasion Moves Clause: Evasion moves are banned
|rule|Evasion Abilities Clause: Evasion abilities are banned
|rule|Sleep Moves Clause: Sleep-inducing moves are banned
|clearpoke
|poke|p1|Charizard, M|
|poke|p1|Mimikyu, M|
|poke|p1|Torterra, F|
|poke|p1|Luxray, M|
|poke|p1|Toxtricity, M|
|poke|p1|Malamar, F|
|poke|p2|Cinderace, F|
|poke|p2|Iron Boulder|
|poke|p2|Regieleki|
|poke|p2|Dragonite, M|
|poke|p2|Ogerpon-Cornerstone, F|
|poke|p2|Excadrill, M|
|teampreview
|inactive|Battle timer is ON: inactive players will automatically lose when time's up. (requested by mmking8)
|
|t:|1779862096
|teamsize|p1|6
|teamsize|p2|6
|start
|switch|p1a: Charizard|Charizard, M|100/100
|switch|p2a: Cinderace|Cinderace, F|100/100
|turn|1
|
|t:|1779862113
|move|p2a: Cinderace|U-turn|p1a: Charizard
|-start|p2a: Cinderace|typechange|Bug|[from] ability: Libero
|-resisted|p1a: Charizard
|-damage|p1a: Charizard|90/100
|
|t:|1779862121
|switch|p2a: Dragonite|Dragonite, M, shiny|100/100|[from] U-turn
|move|p1a: Charizard|Earthquake|p2a: Dragonite
|-immune|p2a: Dragonite
|
|-heal|p1a: Charizard|96/100|[from] item: Leftovers
|upkeep
|turn|2
|
|t:|1779862134
|move|p1a: Charizard|Hurricane|p2a: Dragonite
|-damage|p2a: Dragonite|75/100
|move|p2a: Dragonite|Ice Spinner|p1a: Charizard
|-damage|p1a: Charizard|60/100
|
|-heal|p1a: Charizard|66/100|[from] item: Leftovers
|upkeep
|turn|3
|
|t:|1779862143
|move|p1a: Charizard|Hurricane|p2a: Dragonite
|-damage|p2a: Dragonite|50/100
|-start|p2a: Dragonite|confusion
|-activate|p2a: Dragonite|confusion
|move|p2a: Dragonite|Ice Spinner|p1a: Charizard
|-damage|p1a: Charizard|29/100
|
|-heal|p1a: Charizard|35/100|[from] item: Leftovers
|upkeep
|turn|4
|
|t:|1779862156
|move|p1a: Charizard|Hurricane|p2a: Dragonite
|-damage|p2a: Dragonite|23/100
|-end|p2a: Dragonite|confusion
|move|p2a: Dragonite|Ice Spinner|p1a: Charizard
|-damage|p1a: Charizard|0 fnt
|faint|p1a: Charizard
|
|upkeep
|
|t:|1779862179
|switch|p1a: Luxray|Luxray, M|100/100
|turn|5
|
|t:|1779862193
|move|p2a: Dragonite|Earthquake|p1a: Luxray
|-supereffective|p1a: Luxray
|-damage|p1a: Luxray|18/100
|move|p1a: Luxray|Supercell Slam|p2a: Dragonite
|-damage|p2a: Dragonite|0 fnt
|faint|p2a: Dragonite
|
|upkeep
|
|t:|1779862206
|switch|p2a: Cinderace|Cinderace, F|100/100
|turn|6
|
|t:|1779862218
|move|p2a: Cinderace|U-turn|p1a: Luxray
|-start|p2a: Cinderace|typechange|Bug|[from] ability: Libero
|-damage|p1a: Luxray|0 fnt
|faint|p1a: Luxray
|
|t:|1779862226
|switch|p2a: Ogerpon|Ogerpon-Cornerstone, F|100/100|[from] U-turn
|
|upkeep
|
|t:|1779862240
|switch|p1a: Torterra|Torterra, F|100/100
|turn|7
|
|t:|1779862249
|move|p2a: Ogerpon|Spiky Shield|p2a: Ogerpon
|-singleturn|p2a: Ogerpon|move: Protect
|move|p1a: Torterra|Shell Smash|p1a: Torterra
|-unboost|p1a: Torterra|def|1
|-unboost|p1a: Torterra|spd|1
|-boost|p1a: Torterra|atk|2
|-boost|p1a: Torterra|spa|2
|-boost|p1a: Torterra|spe|2
|
|upkeep
|turn|8
|
|t:|1779862260
|move|p2a: Ogerpon|Ivy Cudgel|p1a: Torterra|[anim] Ivy Cudgel Rock
|-resisted|p1a: Torterra
|-damage|p1a: Torterra|64/100
|move|p1a: Torterra|Headlong Rush|p2a: Ogerpon
|-ability|p2a: Ogerpon|Sturdy
|-damage|p2a: Ogerpon|1/100
|-unboost|p1a: Torterra|def|1
|-unboost|p1a: Torterra|spd|1
|
|upkeep
|turn|9
|
|t:|1779862271
|move|p2a: Ogerpon|Ivy Cudgel|p1a: Torterra|[anim] Ivy Cudgel Rock
|-resisted|p1a: Torterra
|-damage|p1a: Torterra|10/100
|move|p1a: Torterra|Headlong Rush|p2a: Ogerpon
|-damage|p2a: Ogerpon|0 fnt
|-unboost|p1a: Torterra|def|1
|-unboost|p1a: Torterra|spd|1
|faint|p2a: Ogerpon
|
|upkeep
|
|t:|1779862281
|switch|p2a: Regieleki|Regieleki, shiny|100/100
|turn|10
|
|t:|1779862292
|move|p2a: Regieleki|Extreme Speed|p1a: Torterra
|-damage|p1a: Torterra|0 fnt
|faint|p1a: Torterra
|
|upkeep
|
|t:|1779862310
|switch|p1a: Malamar|Malamar, F|100/100
|turn|11
|
|t:|1779862321
|move|p2a: Regieleki|Thunder Wave|p1a: Malamar
|-status|p1a: Malamar|par
|move|p1a: Malamar|Superpower|p2a: Regieleki
|-damage|p2a: Regieleki|46/100
|-boost|p1a: Malamar|atk|1
|-boost|p1a: Malamar|def|1
|-enditem|p2a: Regieleki|Sitrus Berry|[eat]
|-heal|p2a: Regieleki|70/100|[from] item: Sitrus Berry
|
|upkeep
|turn|12
|
|t:|1779862337
|move|p2a: Regieleki|Thunderbolt|p1a: Malamar
|-damage|p1a: Malamar|37/100 par
|move|p1a: Malamar|Superpower|p2a: Regieleki
|-damage|p2a: Regieleki|0 fnt
|-boost|p1a: Malamar|atk|1
|-boost|p1a: Malamar|def|1
|faint|p2a: Regieleki
|
|upkeep
|
|t:|1779862347
|switch|p2a: Iron Boulder|Iron Boulder|100/100
|-enditem|p2a: Iron Boulder|Booster Energy
|-activate|p2a: Iron Boulder|ability: Quark Drive|[fromitem]
|-start|p2a: Iron Boulder|quarkdrivespe
|turn|13
|
|t:|1779862366
|move|p2a: Iron Boulder|Close Combat|p1a: Malamar
|-damage|p1a: Malamar|19/100 par
|-unboost|p2a: Iron Boulder|def|1
|-unboost|p2a: Iron Boulder|spd|1
|cant|p1a: Malamar|par
|
|upkeep
|turn|14
|
|t:|1779862380
|move|p2a: Iron Boulder|Mighty Cleave|p1a: Malamar
|-damage|p1a: Malamar|0 fnt
|faint|p1a: Malamar
|
|upkeep
|
|t:|1779862386
|switch|p1a: Phantom|Mimikyu, M, shiny|100/100
|turn|15
|
|t:|1779862393
|-end|p2a: Iron Boulder|Quark Drive|[silent]
|switch|p2a: Excadrill|Excadrill, M|100/100
|-ability|p2a: Excadrill|Mold Breaker
|move|p1a: Phantom|Swords Dance|p1a: Phantom
|-boost|p1a: Phantom|atk|2
|
|upkeep
|turn|16
|
|t:|1779862406
|move|p2a: Excadrill|Iron Head|p1a: Phantom
|-supereffective|p1a: Phantom
|-damage|p1a: Phantom|0 fnt
|-damage|p2a: Excadrill|84/100|[from] item: Rocky Helmet|[of] p1a: Phantom
|faint|p1a: Phantom
|
|upkeep
|
|t:|1779862413
|switch|p1a: Toxtricity|Toxtricity, M|100/100
|turn|17
|
|t:|1779862423
|move|p2a: Excadrill|Earthquake|p1a: Toxtricity
|-supereffective|p1a: Toxtricity
|-damage|p1a: Toxtricity|0 fnt
|faint|p1a: Toxtricity
|
|win|Pedro Kally
|raw|mmking8's rating: 1074 &rarr; <strong>1053</strong><br />(-21 for losing)
|raw|Pedro Kally's rating: 1076 &rarr; <strong>1104</strong><br />(+28 for winning)
|l|☆Pedro Kally
|player|p2|
|l|☆mmking8
|player|p1|
