|j|☆Capidaxter
|j|☆kooopooolooo
|t:|1779886082
|gametype|singles
|player|p1|Capidaxter|schoolkid|1600
|player|p2|kooopooolooo|169|1602
|gen|9
|tier|[Gen 9] OU
|rated|
|rule|HP Percentage Mod: HP is shown in percentages
|rule|Endless Battle Clause: Forcing endless battles is banned
|rule|Species Clause: Limit one of each Pokémon
|rule|OHKO Clause: OHKO moves are banned
|rule|Evasion Items Clause: Evasion items are banned
|rule|Evasion Moves Clause: Evasion moves are banned
|rule|Evasion Abilities Clause: Evasion abilities are banned
|rule|Sleep Moves Clause: Sleep-inducing moves are banned
|clearpoke
|poke|p1|Ting-Lu|
|poke|p1|Glimmora, M|
|poke|p1|Gholdengo|
|poke|p1|Iron Valiant|
|poke|p1|Ogerpon-Wellspring, F|
|poke|p1|Dragonite, F|
|poke|p2|Tyranitar, M|
|poke|p2|Alomomola, F|
|poke|p2|Pecharunt|
|poke|p2|Tornadus-Therian, M|
|poke|p2|Rillaboom, F|
|poke|p2|Iron Treads|
|teampreview
|inactive|Battle timer is ON: inactive players will automatically lose when time's up. (requested by Capidaxter)
|inactive|Capidaxter has 120 seconds left.
|inactive|kooopooolooo has 120 seconds left.
|inactive|kooopooolooo has 90 seconds left.
|
|t:|1779886167
|teamsize|p1|6
|teamsize|p2|6
|start
|switch|p1a: Ting-Lu|Ting-Lu|100/100
|switch|p2a: Iron Treads|Iron Treads|100/100
|-ability|p1a: Ting-Lu|Vessel of Ruin
|turn|1
|
|t:|1779886192
|move|p2a: Iron Treads|Stealth Rock|p1a: Ting-Lu
|-sidestart|p1: Capidaxter|move: Stealth Rock
|move|p1a: Ting-Lu|Ruination|p2a: Iron Treads
|-damage|p2a: Iron Treads|51/100
|
|upkeep
|turn|2
|
|t:|1779886200
|-end|p2a: Iron Treads|Quark Drive|[silent]
|switch|p2a: Rillaboom|Rillaboom, F|100/100
|-fieldstart|move: Grassy Terrain|[from] ability: Grassy Surge|[of] p2a: Rillaboom
|move|p1a: Ting-Lu|Earthquake|p2a: Rillaboom
|-resisted|p2a: Rillaboom
|-damage|p2a: Rillaboom|91/100
|
|-heal|p2a: Rillaboom|97/100|[from] Grassy Terrain
|upkeep
|turn|3
|
|t:|1779886213
|move|p2a: Rillaboom|Knock Off|p1a: Ting-Lu
|-resisted|p1a: Ting-Lu
|-damage|p1a: Ting-Lu|89/100
|-enditem|p1a: Ting-Lu|Custap Berry|[from] move: Knock Off|[of] p2a: Rillaboom
|move|p1a: Ting-Lu|Ruination|p2a: Rillaboom
|-damage|p2a: Rillaboom|49/100
|
|-heal|p2a: Rillaboom|55/100|[from] Grassy Terrain
|-heal|p1a: Ting-Lu|96/100|[from] Grassy Terrain
|upkeep
|turn|4
|
|t:|1779886222
|switch|p2a: Pecharunt|Pecharunt|100/100
|move|p1a: Ting-Lu|Spikes|p2a: Pecharunt
|-sidestart|p2: kooopooolooo|Spikes
|
|-heal|p1a: Ting-Lu|100/100|[from] Grassy Terrain
|upkeep
|turn|5
|inactive|Capidaxter has 120 seconds left.
|
|t:|1779886270
|move|p2a: Pecharunt|Toxic|p1a: Ting-Lu
|-status|p1a: Ting-Lu|tox
|-start|p1a: Ting-Lu|confusion|[from] ability: Poison Puppeteer|[of] p2a: Pecharunt
|-activate|p1a: Ting-Lu|confusion
|move|p1a: Ting-Lu|Ruination|p2a: Pecharunt
|-damage|p2a: Pecharunt|50/100
|
|-heal|p2a: Pecharunt|57/100|[from] Grassy Terrain
|-damage|p1a: Ting-Lu|94/100 tox|[from] psn
|upkeep
|turn|6
|
|t:|1779886280
|switch|p1a: Glimmora|Glimmora, M|100/100
|-damage|p1a: Glimmora|88/100|[from] Stealth Rock
|move|p2a: Pecharunt|Parting Shot|p1a: Glimmora
|-unboost|p1a: Glimmora|atk|1
|-unboost|p1a: Glimmora|spa|1
|
|t:|1779886283
|switch|p2a: Iron Treads|Iron Treads|51/100|[from] Parting Shot
|
|-heal|p2a: Iron Treads|57/100|[from] Grassy Terrain
|-heal|p1a: Glimmora|94/100|[from] Grassy Terrain
|-fieldend|move: Grassy Terrain
|upkeep
|turn|7
|
|t:|1779886288
|switch|p1a: Gholdengo|Gholdengo|100/100
|-damage|p1a: Gholdengo|94/100|[from] Stealth Rock
|-item|p1a: Gholdengo|Air Balloon
|move|p2a: Iron Treads|Earth Power|p1a: Gholdengo
|-immune|p1a: Gholdengo
|
|upkeep
|turn|8
|inactive|Capidaxter has 120 seconds left.
|
|t:|1779886307
|move|p2a: Iron Treads|Volt Switch|p1a: Gholdengo
|-damage|p1a: Gholdengo|80/100
|-enditem|p1a: Gholdengo|Air Balloon
|
|t:|1779886315
|-end|p2a: Iron Treads|Quark Drive|[silent]
|switch|p2a: Tornadus|Tornadus-Therian, M|100/100|[from] Volt Switch
|move|p1a: Gholdengo|Shadow Ball|p2a: Tornadus
|-damage|p2a: Tornadus|70/100
|-unboost|p2a: Tornadus|spd|1
|
|upkeep
|turn|9
|inactive|Capidaxter has 120 seconds left.
|
|t:|1779886326
|switch|p1a: Glimmora|Glimmora, M|94/100
|-damage|p1a: Glimmora|82/100|[from] Stealth Rock
|move|p2a: Tornadus|Heat Wave|p1a: Glimmora
|-resisted|p1a: Glimmora
|-damage|p1a: Glimmora|69/100
|-enditem|p1a: Glimmora|Red Card|[of] p2a: Tornadus
|drag|p2a: Iron Treads|Iron Treads|57/100
|
|upkeep
|turn|10
|
|t:|1779886335
|switch|p1a: Ogerpon|Ogerpon-Wellspring, F|100/100
|-damage|p1a: Ogerpon|88/100|[from] Stealth Rock
|move|p2a: Iron Treads|Earth Power|p1a: Ogerpon
|-resisted|p1a: Ogerpon
|-damage|p1a: Ogerpon|72/100
|
|upkeep
|turn|11
|
|t:|1779886345
|-end|p2a: Iron Treads|Quark Drive|[silent]
|switch|p2a: Pecharunt|Pecharunt|57/100
|move|p1a: Ogerpon|U-turn|p2a: Pecharunt
|-resisted|p2a: Pecharunt
|-damage|p2a: Pecharunt|54/100
|
|t:|1779886352
|switch|p1a: Glimmora|Glimmora, M|69/100|[from] U-turn
|-damage|p1a: Glimmora|56/100|[from] Stealth Rock
|
|upkeep
|turn|12
|
|t:|1779886357
|switch|p2a: Tornadus|Tornadus-Therian, M|100/100
|move|p1a: Glimmora|Stealth Rock|p2a: Tornadus
|-sidestart|p2: kooopooolooo|move: Stealth Rock
|
|upkeep
|turn|13
|
|t:|1779886365
|move|p2a: Tornadus|Focus Blast|p1a: Glimmora
|-damage|p1a: Glimmora|25/100
|move|p1a: Glimmora|Earth Power|p2a: Tornadus
|-immune|p2a: Tornadus
|
|upkeep
|turn|14
|
|t:|1779886372
|move|p2a: Tornadus|U-turn|p1a: Glimmora
|-resisted|p1a: Glimmora
|-damage|p1a: Glimmora|20/100
|-activate|p1a: Glimmora|ability: Toxic Debris
|-sidestart|p2: kooopooolooo|move: Toxic Spikes
|
|t:|1779886374
|switch|p2a: Iron Treads|Iron Treads|57/100|[from] U-turn
|move|p1a: Glimmora|Power Gem|p2a: Iron Treads
|-resisted|p2a: Iron Treads
|-crit|p2a: Iron Treads
|-damage|p2a: Iron Treads|43/100
|
|upkeep
|turn|15
|
|t:|1779886384
|switch|p1a: Gholdengo|Gholdengo|80/100
|-damage|p1a: Gholdengo|74/100|[from] Stealth Rock
|move|p2a: Iron Treads|Earth Power|p1a: Gholdengo
|-supereffective|p1a: Gholdengo
|-damage|p1a: Gholdengo|18/100
|
|upkeep
|turn|16
|
|t:|1779886392
|move|p2a: Iron Treads|Earth Power|p1a: Gholdengo
|-supereffective|p1a: Gholdengo
|-damage|p1a: Gholdengo|0 fnt
|faint|p1a: Gholdengo
|
|upkeep
|
|t:|1779886395
|switch|p1a: Ogerpon|Ogerpon-Wellspring, F|72/100
|-damage|p1a: Ogerpon|60/100|[from] Stealth Rock
|turn|17
|
|t:|1779886406
|-end|p2a: Iron Treads|Quark Drive|[silent]
|switch|p2a: Pecharunt|Pecharunt|54/100
|-sideend|p2: kooopooolooo|move: Toxic Spikes|[of] p2a: Pecharunt
|move|p1a: Ogerpon|Ivy Cudgel|p2a: Pecharunt|[anim] Ivy Cudgel Water
|-damage|p2a: Pecharunt|28/100
|
|upkeep
|turn|18
|
|t:|1779886414
|move|p1a: Ogerpon|Knock Off|p2a: Pecharunt
|-supereffective|p2a: Pecharunt
|-damage|p2a: Pecharunt|0 fnt
|-enditem|p2a: Pecharunt|Heavy-Duty Boots|[from] move: Knock Off|[of] p1a: Ogerpon
|faint|p2a: Pecharunt
|
|upkeep
|
|t:|1779886417
|switch|p2a: Tornadus|Tornadus-Therian, M|100/100
|-damage|p2a: Tornadus|76/100|[from] Stealth Rock
|turn|19
|
|t:|1779886421
|switch|p1a: Glimmora|Glimmora, M|20/100
|-damage|p1a: Glimmora|7/100|[from] Stealth Rock
|move|p2a: Tornadus|U-turn|p1a: Glimmora
|-resisted|p1a: Glimmora
|-damage|p1a: Glimmora|2/100
|-activate|p1a: Glimmora|ability: Toxic Debris
|-sidestart|p2: kooopooolooo|move: Toxic Spikes
|
|t:|1779886423
|switch|p2a: Iron Treads|Iron Treads|43/100|[from] U-turn
|
|upkeep
|turn|20
|
|t:|1779886441
|move|p2a: Iron Treads|Earth Power|p1a: Glimmora
|-supereffective|p1a: Glimmora
|-damage|p1a: Glimmora|0 fnt
|faint|p1a: Glimmora
|
|upkeep
|
|t:|1779886446
|switch|p1a: Ogerpon|Ogerpon-Wellspring, F|60/100
|-damage|p1a: Ogerpon|48/100|[from] Stealth Rock
|turn|21
|
|t:|1779886457
|-end|p2a: Iron Treads|Quark Drive|[silent]
|switch|p2a: OU Forever|Tyranitar, M|100/100
|-damage|p2a: OU Forever|88/100|[from] Spikes
|-damage|p2a: OU Forever|76/100|[from] Stealth Rock
|-status|p2a: OU Forever|psn
|-weather|Sandstorm|[from] ability: Sand Stream|[of] p2a: OU Forever
|move|p1a: Ogerpon|Ivy Cudgel|p2a: OU Forever|[anim] Ivy Cudgel Water
|-supereffective|p2a: OU Forever
|-damage|p2a: OU Forever|0 fnt
|faint|p2a: OU Forever
|
|-weather|Sandstorm|[upkeep]
|-damage|p1a: Ogerpon|42/100|[from] Sandstorm
|upkeep
|
|t:|1779886467
|switch|p2a: Tornadus|Tornadus-Therian, M|100/100
|-damage|p2a: Tornadus|76/100|[from] Stealth Rock
|turn|22
|
|t:|1779886469
|switch|p1a: Ting-Lu|Ting-Lu|94/100 tox
|-damage|p1a: Ting-Lu|88/100 tox|[from] Stealth Rock
|-ability|p1a: Ting-Lu|Vessel of Ruin
|move|p2a: Tornadus|U-turn|p1a: Ting-Lu
|-supereffective|p1a: Ting-Lu
|-damage|p1a: Ting-Lu|75/100 tox
|
|t:|1779886473
|switch|p2a: Iron Treads|Iron Treads|43/100|[from] U-turn
|
|-weather|Sandstorm|[upkeep]
|-damage|p1a: Ting-Lu|69/100 tox|[from] psn
|upkeep
|turn|23
|
|t:|1779886477
|move|p2a: Iron Treads|Rapid Spin|p1a: Ting-Lu
|-damage|p1a: Ting-Lu|64/100 tox
|-boost|p2a: Iron Treads|spe|1
|-sideend|p2: kooopooolooo|Spikes|[from] move: Rapid Spin|[of] p2a: Iron Treads
|-sideend|p2: kooopooolooo|Toxic Spikes|[from] move: Rapid Spin|[of] p2a: Iron Treads
|-sideend|p2: kooopooolooo|Stealth Rock|[from] move: Rapid Spin|[of] p2a: Iron Treads
|move|p1a: Ting-Lu|Earthquake|p2a: Iron Treads
|-supereffective|p2a: Iron Treads
|-crit|p2a: Iron Treads
|-damage|p2a: Iron Treads|0 fnt
|faint|p2a: Iron Treads
|-end|p2a: Iron Treads|Quark Drive|[silent]
|
|-weather|Sandstorm|[upkeep]
|-damage|p1a: Ting-Lu|51/100 tox|[from] psn
|upkeep
|
|t:|1779886483
|switch|p2a: Rillaboom|Rillaboom, F|55/100
|-fieldstart|move: Grassy Terrain|[from] ability: Grassy Surge|[of] p2a: Rillaboom
|turn|24
|
|t:|1779886485
|move|p2a: Rillaboom|Grassy Glide|p1a: Ting-Lu
|-supereffective|p1a: Ting-Lu
|-damage|p1a: Ting-Lu|0 fnt
|faint|p1a: Ting-Lu
|
|-weather|Sandstorm|[upkeep]
|-damage|p2a: Rillaboom|49/100|[from] Sandstorm
|-heal|p2a: Rillaboom|55/100|[from] Grassy Terrain
|upkeep
|
|t:|1779886488
|switch|p1a: Dragonite|Dragonite, F|100/100
|turn|25
|
|t:|1779886492
|switch|p2a: Hank|Alomomola, F|100/100
|move|p1a: Dragonite|Dragon Dance|p1a: Dragonite
|-boost|p1a: Dragonite|atk|1
|-boost|p1a: Dragonite|spe|1
|
|-weather|none
|upkeep
|turn|26
|
|t:|1779886517
|-terastallize|p1a: Dragonite|Fire
|move|p1a: Dragonite|Dragon Dance|p1a: Dragonite
|-boost|p1a: Dragonite|atk|1
|-boost|p1a: Dragonite|spe|1
|move|p2a: Hank|Scald|p1a: Dragonite
|-supereffective|p1a: Dragonite
|-damage|p1a: Dragonite|87/100
|
|-heal|p1a: Dragonite|93/100|[from] Grassy Terrain
|upkeep
|turn|27
|
|t:|1779886531
|move|p1a: Dragonite|Dragon Claw|p2a: Hank
|-damage|p2a: Hank|53/100
|-damage|p1a: Dragonite|77/100|[from] item: Rocky Helmet|[of] p2a: Hank
|move|p2a: Hank|Flip Turn|p1a: Dragonite
|-supereffective|p1a: Dragonite
|-damage|p1a: Dragonite|42/100
|
|t:|1779886539
|switch|p2a: Tornadus|Tornadus-Therian, M|100/100|[from] Flip Turn
|
|-heal|p1a: Dragonite|48/100|[from] Grassy Terrain
|upkeep
|turn|28
|
|t:|1779886562
|switch|p2a: Hank|Alomomola, F|87/100
|move|p1a: Dragonite|Dragon Claw|p2a: Hank
|-damage|p2a: Hank|34/100
|-damage|p1a: Dragonite|31/100|[from] item: Rocky Helmet|[of] p2a: Hank
|
|-heal|p1a: Dragonite|38/100|[from] Grassy Terrain
|-heal|p2a: Hank|41/100|[from] Grassy Terrain
|-fieldend|move: Grassy Terrain
|upkeep
|turn|29
|
|t:|1779886572
|move|p1a: Dragonite|Dragon Claw|p2a: Hank
|-damage|p2a: Hank|0 fnt
|-damage|p1a: Dragonite|21/100|[from] item: Rocky Helmet|[of] p2a: Hank
|faint|p2a: Hank
|
|upkeep
|
|t:|1779886575
|switch|p2a: Tornadus|Tornadus-Therian, M|100/100
|turn|30
|
|t:|1779886577
|-terastallize|p2a: Tornadus|Fairy
|move|p1a: Dragonite|Dragon Claw|p2a: Tornadus
|-immune|p2a: Tornadus
|move|p2a: Tornadus|Bleakwind Storm|p1a: Dragonite
|-damage|p1a: Dragonite|0 fnt
|faint|p1a: Dragonite
|
|upkeep
|
|t:|1779886584
|switch|p1a: Iron Valiant|Iron Valiant|100/100
|-damage|p1a: Iron Valiant|94/100|[from] Stealth Rock
|-enditem|p1a: Iron Valiant|Booster Energy
|-activate|p1a: Iron Valiant|ability: Quark Drive|[fromitem]
|-start|p1a: Iron Valiant|quarkdrivespe
|turn|31
|
|t:|1779886589
|move|p1a: Iron Valiant|Knock Off|p2a: Tornadus
|-resisted|p2a: Tornadus
|-damage|p2a: Tornadus|85/100
|-enditem|p2a: Tornadus|Assault Vest|[from] move: Knock Off|[of] p1a: Iron Valiant
|move|p2a: Tornadus|Bleakwind Storm|p1a: Iron Valiant
|-supereffective|p1a: Iron Valiant
|-damage|p1a: Iron Valiant|0 fnt
|faint|p1a: Iron Valiant
|-end|p1a: Iron Valiant|Quark Drive|[silent]
|
|upkeep
|-message|Capidaxter forfeited.
|
|win|kooopooolooo
|raw|Capidaxter's rating: 1600 &rarr; <strong>1580</strong><br />(-20 for losing)
|raw|kooopooolooo's rating: 1602 &rarr; <strong>1622</strong><br />(+20 for winning)
|l|☆Capidaxter
|player|p1|
|l|☆kooopooolooo
|player|p2|
