|j|☆Frozmo
|j|☆piplupipo
|t:|1779887865
|gametype|singles
|player|p1|Frozmo|dawn|1263
|player|p2|piplupipo|psychicf-gen4|1217
|gen|9
|tier|[Gen 9] OU
|rated|
|rule|HP Percentage Mod: HP is shown in percentages
|rule|Endless Battle Clause: Forcing endless battles is banned
|rule|Species Clause: Limit one of each Pokémon
|rule|OHKO Clause: OHKO moves are banned
|rule|Evasion Items Clause: Evasion items are banned
|rule|Evasion Moves Clause: Evasion moves are banned
|rule|Evasion Abilities Clause: Evasion abilities are banned
|rule|Sleep Moves Clause: Sleep-inducing moves are banned
|clearpoke
|poke|p1|Cloyster, M|
|poke|p1|Ninetales-Alola, M|
|poke|p1|Polteageist|
|poke|p1|Ogerpon-Wellspring, F|
|poke|p1|Iron Treads|
|poke|p1|Dragonite, M|
|poke|p2|Glimmora, M|
|poke|p2|Hitmonlee, M|
|poke|p2|Eiscue, F|
|poke|p2|Polteageist|
|poke|p2|Klawf, M|
|poke|p2|Veluza, M|
|teampreview
|inactive|Battle timer is ON: inactive players will automatically lose when time's up. (requested by Frozmo)
|
|t:|1779887877
|teamsize|p1|6
|teamsize|p2|6
|start
|switch|p1a: Ninetales|Ninetales-Alola, M|100/100
|switch|p2a: Glimmora|Glimmora, M|100/100
|-weather|Snowscape|[from] ability: Snow Warning|[of] p1a: Ninetales
|turn|1
|
|t:|1779887881
|move|p1a: Ninetales|Aurora Veil|p1a: Ninetales
|-sidestart|p1: Frozmo|move: Aurora Veil
|move|p2a: Glimmora|Stealth Rock|p1a: Ninetales
|-sidestart|p1: Frozmo|move: Stealth Rock
|
|-weather|Snowscape|[upkeep]
|upkeep
|turn|2
|
|t:|1779887887
|switch|p1a: Iron Treads|Iron Treads|100/100
|-damage|p1a: Iron Treads|97/100|[from] Stealth Rock
|-enditem|p1a: Iron Treads|Booster Energy
|-activate|p1a: Iron Treads|ability: Quark Drive|[fromitem]
|-start|p1a: Iron Treads|quarkdrivespe
|move|p2a: Glimmora|Toxic Spikes|p1a: Iron Treads
|-sidestart|p1: Frozmo|move: Toxic Spikes
|
|-weather|Snowscape|[upkeep]
|upkeep
|turn|3
|
|t:|1779887895
|switch|p2a: Polteageist|Polteageist|100/100
|move|p1a: Iron Treads|Earth Power|p2a: Polteageist
|-damage|p2a: Polteageist|60/100
|
|-weather|Snowscape|[upkeep]
|upkeep
|turn|4
|
|t:|1779887912
|move|p1a: Iron Treads|Stealth Rock|p2a: Polteageist
|-sidestart|p2: piplupipo|move: Stealth Rock
|move|p2a: Polteageist|Shell Smash|p2a: Polteageist
|-unboost|p2a: Polteageist|def|1
|-unboost|p2a: Polteageist|spd|1
|-boost|p2a: Polteageist|atk|2
|-boost|p2a: Polteageist|spa|2
|-boost|p2a: Polteageist|spe|2
|
|-weather|Snowscape|[upkeep]
|upkeep
|turn|5
|
|t:|1779887926
|move|p1a: Iron Treads|Steel Beam|p2a: Polteageist
|-damage|p2a: Polteageist|0 fnt
|-damage|p1a: Iron Treads|47/100|[from] steelbeam
|faint|p2a: Polteageist
|
|-weather|none
|upkeep
|
|t:|1779887943
|switch|p2a: Eiscue|Eiscue, F|100/100
|-damage|p2a: Eiscue|75/100|[from] Stealth Rock
|turn|6
|
|t:|1779887949
|-terastallize|p2a: Eiscue|Ghost
|move|p1a: Iron Treads|Rapid Spin|p2a: Eiscue
|-immune|p2a: Eiscue
|move|p2a: Eiscue|Belly Drum|p2a: Eiscue
|-damage|p2a: Eiscue|25/100
|-setboost|p2a: Eiscue|atk|6|[from] move: Belly Drum
|-enditem|p2a: Eiscue|Salac Berry|[eat]
|-boost|p2a: Eiscue|spe|1|[from] item: Salac Berry
|
|upkeep
|turn|7
|
|t:|1779887956
|move|p1a: Iron Treads|Steel Beam|p2a: Eiscue
|-damage|p2a: Eiscue|0 fnt
|-damage|p1a: Iron Treads|0 fnt|[from] steelbeam
|faint|p1a: Iron Treads
|-end|p1a: Iron Treads|Quark Drive|[silent]
|faint|p2a: Eiscue
|
|upkeep
|
|t:|1779887964
|switch|p1a: Ninetales|Ninetales-Alola, M|100/100
|switch|p2a: Glimmora|Glimmora, M|100/100
|-damage|p1a: Ninetales|76/100|[from] Stealth Rock
|-status|p1a: Ninetales|psn
|-weather|Snowscape|[from] ability: Snow Warning|[of] p1a: Ninetales
|-damage|p2a: Glimmora|88/100|[from] Stealth Rock
|turn|8
|
|t:|1779887969
|move|p1a: Ninetales|Freeze-Dry|p2a: Glimmora
|-damage|p2a: Glimmora|49/100
|move|p2a: Glimmora|Mortal Spin|p1a: Ninetales
|-supereffective|p1a: Ninetales
|-damage|p1a: Ninetales|69/100 psn
|-sideend|p2: piplupipo|Stealth Rock|[from] move: Mortal Spin|[of] p2a: Glimmora
|
|-weather|Snowscape|[upkeep]
|-damage|p1a: Ninetales|57/100 psn|[from] psn
|-sideend|p1: Frozmo|move: Aurora Veil
|upkeep
|turn|9
|
|t:|1779887973
|move|p1a: Ninetales|Aurora Veil|p1a: Ninetales
|-sidestart|p1: Frozmo|move: Aurora Veil
|move|p2a: Glimmora|Power Gem|p1a: Ninetales
|-supereffective|p1a: Ninetales
|-damage|p1a: Ninetales|5/100 psn
|
|-weather|Snowscape|[upkeep]
|-damage|p1a: Ninetales|0 fnt|[from] psn
|faint|p1a: Ninetales
|upkeep
|
|t:|1779887987
|switch|p1a: Polteageist|Polteageist|100/100
|-damage|p1a: Polteageist|88/100|[from] Stealth Rock
|-status|p1a: Polteageist|psn
|turn|10
|
|t:|1779887997
|switch|p2a: Hitmonlee|Hitmonlee, M|100/100
|move|p1a: Polteageist|Shell Smash|p1a: Polteageist
|-unboost|p1a: Polteageist|def|1
|-unboost|p1a: Polteageist|spd|1
|-boost|p1a: Polteageist|atk|2
|-boost|p1a: Polteageist|spa|2
|-boost|p1a: Polteageist|spe|2
|-enditem|p1a: Polteageist|White Herb
|-clearnegativeboost|p1a: Polteageist|[silent]
|
|-weather|Snowscape|[upkeep]
|-damage|p1a: Polteageist|76/100 psn|[from] psn
|upkeep
|turn|11
|inactive|piplupipo has 120 seconds left.
|inactive|piplupipo has 90 seconds left.
|
|t:|1779888058
|move|p2a: Hitmonlee|Endure|p2a: Hitmonlee
|-singleturn|p2a: Hitmonlee|move: Endure
|move|p1a: Polteageist|Strength Sap|p2a: Hitmonlee
|-unboost|p2a: Hitmonlee|atk|1
|-heal|p1a: Polteageist|100/100 psn
|
|-weather|Snowscape|[upkeep]
|-damage|p1a: Polteageist|88/100 psn|[from] psn
|upkeep
|turn|12
|
|t:|1779888067
|move|p2a: Hitmonlee|Endure||[still]
|-fail|p2a: Hitmonlee
|move|p1a: Polteageist|Shadow Ball|p2a: Hitmonlee
|-damage|p2a: Hitmonlee|5/100
|-enditem|p2a: Hitmonlee|Liechi Berry|[eat]
|-boost|p2a: Hitmonlee|atk|1|[from] item: Liechi Berry
|
|-weather|none
|-damage|p1a: Polteageist|76/100 psn|[from] psn
|upkeep
|turn|13
|
|t:|1779888075
|move|p2a: Hitmonlee|Stone Edge|p1a: Polteageist
|-damage|p1a: Polteageist|55/100 psn
|move|p1a: Polteageist|Shell Smash|p1a: Polteageist
|-unboost|p1a: Polteageist|def|1
|-unboost|p1a: Polteageist|spd|1
|-boost|p1a: Polteageist|atk|2
|-boost|p1a: Polteageist|spa|2
|-boost|p1a: Polteageist|spe|2
|
|-damage|p1a: Polteageist|43/100 psn|[from] psn
|upkeep
|turn|14
|l|☆piplupipo
|inactive|piplupipo disconnected and has a minute to reconnect!
|player|p2|
|inactive|piplupipo has 30 seconds to reconnect!
|inactive|piplupipo has 20 seconds to reconnect!
|inactive|piplupipo has 15 seconds to reconnect!
|inactive|piplupipo has 10 seconds to reconnect!
|inactive|piplupipo has 5 seconds to reconnect!
|-message|piplupipo lost due to inactivity.
|
|win|Frozmo
|raw|Frozmo's rating: 1263 &rarr; <strong>1285</strong><br />(+22 for winning)
|raw|piplupipo's rating: 1217 &rarr; <strong>1195</strong><br />(-22 for losing)
|l|☆Frozmo
|player|p1|
