|j|☆eurjf9
|j|☆Pelogrulla72
|t:|1779801908
|gametype|singles
|player|p1|eurjf9|102|1125
|player|p2|Pelogrulla72|erika|1136
|gen|9
|tier|[Gen 9] OU
|rated|
|rule|HP Percentage Mod: HP is shown in percentages
|rule|Endless Battle Clause: Forcing endless battles is banned
|rule|Species Clause: Limit one of each Pokémon
|rule|OHKO Clause: OHKO moves are banned
|rule|Evasion Items Clause: Evasion items are banned
|rule|Evasion Moves Clause: Evasion moves are banned
|rule|Evasion Abilities Clause: Evasion abilities are banned
|rule|Sleep Moves Clause: Sleep-inducing moves are banned
|clearpoke
|poke|p1|Jolteon, M|
|poke|p1|Slowking-Galar, M|
|poke|p1|Great Tusk|
|poke|p1|Moltres|
|poke|p1|Kingambit, M|
|poke|p1|Hydrapple, M|
|poke|p2|Ursaluna, F|
|poke|p2|Ambipom, M|
|poke|p2|Arbok, M|
|poke|p2|Lokix, F|
|poke|p2|Polteageist-Antique|
|poke|p2|Cinderace, M|
|teampreview
|
|t:|1779801915
|teamsize|p1|6
|teamsize|p2|6
|start
|switch|p1a: Moltres|Moltres|100/100
|switch|p2a: Lil Netanyahu|Polteageist-Antique|100/100
|turn|1
|inactive|Battle timer is ON: inactive players will automatically lose when time's up. (requested by Pelogrulla72)
|
|t:|1779801930
|move|p2a: Lil Netanyahu|Shell Smash|p2a: Lil Netanyahu
|-unboost|p2a: Lil Netanyahu|def|1
|-unboost|p2a: Lil Netanyahu|spd|1
|-boost|p2a: Lil Netanyahu|atk|2
|-boost|p2a: Lil Netanyahu|spa|2
|-boost|p2a: Lil Netanyahu|spe|2
|move|p1a: Moltres|Will-O-Wisp|p2a: Lil Netanyahu
|-status|p2a: Lil Netanyahu|brn
|
|-damage|p2a: Lil Netanyahu|94/100 brn|[from] brn
|upkeep
|turn|2
|
|t:|1779801941
|move|p2a: Lil Netanyahu|Stored Power|p1a: Moltres
|-damage|p1a: Moltres|6/100
|move|p1a: Moltres|Flamethrower|p2a: Lil Netanyahu
|-damage|p2a: Lil Netanyahu|31/100 brn
|
|-damage|p2a: Lil Netanyahu|25/100 brn|[from] brn
|upkeep
|turn|3
|
|t:|1779801950
|move|p2a: Lil Netanyahu|Shadow Ball|p1a: Moltres
|-damage|p1a: Moltres|0 fnt
|faint|p1a: Moltres
|
|-damage|p2a: Lil Netanyahu|19/100 brn|[from] brn
|upkeep
|
|t:|1779801957
|switch|p1a: Slowking|Slowking-Galar, M|100/100
|turn|4
|
|t:|1779801966
|move|p2a: Lil Netanyahu|Shadow Ball|p1a: Slowking
|-supereffective|p1a: Slowking
|-damage|p1a: Slowking|22/100
|move|p1a: Slowking|Psyshock|p2a: Lil Netanyahu
|-damage|p2a: Lil Netanyahu|0 fnt
|faint|p2a: Lil Netanyahu
|
|upkeep
|
|t:|1779801981
|switch|p2a: Mr blue sky|Ambipom, M|100/100
|turn|5
|
|t:|1779801989
|switch|p1a: Hydrapple|Hydrapple, M|100/100
|move|p2a: Mr blue sky|Fake Out|p1a: Hydrapple
|-damage|p1a: Hydrapple|86/100
|
|upkeep
|turn|6
|
|t:|1779802001
|move|p2a: Mr blue sky|Triple Axel|p1a: Hydrapple
|-supereffective|p1a: Hydrapple
|-damage|p1a: Hydrapple|69/100
|-supereffective|p1a: Hydrapple
|-damage|p1a: Hydrapple|36/100
|-supereffective|p1a: Hydrapple
|-damage|p1a: Hydrapple|0 fnt
|faint|p1a: Hydrapple
|-hitcount|p1: Hydrapple|3
|
|upkeep
|
|t:|1779802009
|switch|p1a: Kingambit|Kingambit, M|100/100
|-activate|p1a: Kingambit|ability: Supreme Overlord
|-start|p1a: Kingambit|fallen2|[silent]
|turn|7
|
|t:|1779802012
|-terastallize|p1a: Kingambit|Ghost
|move|p2a: Mr blue sky|Low Kick|p1a: Kingambit
|-immune|p1a: Kingambit
|move|p1a: Kingambit|Swords Dance|p1a: Kingambit
|-boost|p1a: Kingambit|atk|2
|
|upkeep
|turn|8
|
|t:|1779802022
|switch|p2a: A fking n word|Lokix, F|100/100
|move|p1a: Kingambit|Kowtow Cleave|p2a: A fking n word
|-resisted|p2a: A fking n word
|-damage|p2a: A fking n word|27/100
|
|upkeep
|turn|9
|
|t:|1779802035
|-terastallize|p2a: A fking n word|Bug
|move|p2a: A fking n word|First Impression|p1a: Kingambit
|-resisted|p1a: Kingambit
|-damage|p1a: Kingambit|44/100
|-damage|p2a: A fking n word|18/100|[from] item: Life Orb
|move|p1a: Kingambit|Sucker Punch||[still]
|-fail|p1a: Kingambit
|
|-heal|p1a: Kingambit|50/100|[from] item: Leftovers
|upkeep
|turn|10
|
|t:|1779802045
|switch|p2a: Pau Palacín|Cinderace, M, shiny|100/100
|move|p1a: Kingambit|Sucker Punch||[still]
|-fail|p1a: Kingambit
|
|-heal|p1a: Kingambit|57/100|[from] item: Leftovers
|upkeep
|turn|11
|
|t:|1779802051
|move|p2a: Pau Palacín|Sucker Punch|p1a: Kingambit
|-start|p2a: Pau Palacín|typechange|Dark|[from] ability: Libero
|-supereffective|p1a: Kingambit
|-damage|p1a: Kingambit|5/100
|move|p1a: Kingambit|Sucker Punch||[still]
|-fail|p1a: Kingambit
|
|-heal|p1a: Kingambit|12/100|[from] item: Leftovers
|upkeep
|turn|12
|
|t:|1779802058
|move|p2a: Pau Palacín|Sucker Punch||[still]
|-fail|p2a: Pau Palacín
|move|p1a: Kingambit|Swords Dance|p1a: Kingambit
|-boost|p1a: Kingambit|atk|2
|
|-heal|p1a: Kingambit|18/100|[from] item: Leftovers
|upkeep
|turn|13
|
|t:|1779802062
|move|p2a: Pau Palacín|Sucker Punch|p1a: Kingambit
|-supereffective|p1a: Kingambit
|-damage|p1a: Kingambit|0 fnt
|faint|p1a: Kingambit
|-end|p1a: Kingambit|fallen2|[silent]
|
|upkeep
|
|t:|1779802066
|switch|p1a: Jolteon|Jolteon, M|100/100
|turn|14
|
|t:|1779802073
|switch|p2a: Ursaking|Ursaluna, F, shiny|100/100
|move|p1a: Jolteon|Calm Mind|p1a: Jolteon
|-boost|p1a: Jolteon|spa|1
|-boost|p1a: Jolteon|spd|1
|
|-status|p2a: Ursaking|brn|[from] item: Flame Orb
|upkeep
|turn|15
|
|t:|1779802080
|move|p1a: Jolteon|Alluring Voice|p2a: Ursaking
|-damage|p2a: Ursaking|72/100 brn
|move|p2a: Ursaking|High Horsepower|p1a: Jolteon
|-supereffective|p1a: Jolteon
|-damage|p1a: Jolteon|0 fnt
|faint|p1a: Jolteon
|
|-damage|p2a: Ursaking|66/100 brn|[from] brn
|upkeep
|l|☆eurjf9
|inactive|eurjf9 disconnected and has a minute to reconnect!
|player|p1|
|inactive|eurjf9 has 30 seconds to reconnect!
|inactive|eurjf9 has 20 seconds to reconnect!
|inactive|eurjf9 has 15 seconds to reconnect!
|inactive|eurjf9 has 10 seconds to reconnect!
|inactive|eurjf9 has 5 seconds to reconnect!
|-message|eurjf9 lost due to inactivity.
|
|win|Pelogrulla72
|raw|eurjf9's rating: 1125 &rarr; <strong>1101</strong><br />(-24 for losing)
|raw|Pelogrulla72's rating: 1136 &rarr; <strong>1160</strong><br />(+24 for winning)
|l|☆Pelogrulla72
|player|p2|
