|j|☆2dixjohnson
|j|☆dickman49
|t:|1779841978
|gametype|singles
|player|p1|2dixjohnson|bertha|1344
|player|p2|dickman49|ghetsis-gen5bw|1346
|gen|9
|tier|[Gen 9] OU
|rated|
|rule|HP Percentage Mod: HP is shown in percentages
|rule|Endless Battle Clause: Forcing endless battles is banned
|rule|Species Clause: Limit one of each Pokémon
|rule|OHKO Clause: OHKO moves are banned
|rule|Evasion Items Clause: Evasion items are banned
|rule|Evasion Moves Clause: Evasion moves are banned
|rule|Evasion Abilities Clause: Evasion abilities are banned
|rule|Sleep Moves Clause: Sleep-inducing moves are banned
|clearpoke
|poke|p1|Zapdos|
|poke|p1|Iron Treads|
|poke|p1|Samurott-Hisui, M|
|poke|p1|Ceruledge, M|
|poke|p1|Gholdengo|
|poke|p1|Kingambit, M|
|poke|p2|Great Tusk|
|poke|p2|Tyranitar, M|
|poke|p2|Iron Thorns|
|poke|p2|Gliscor, F|
|poke|p2|Dragapult, M|
|poke|p2|Jirachi|
|teampreview
|inactive|Battle timer is ON: inactive players will automatically lose when time's up. (requested by dickman49)
|inactive|2dixjohnson also wants the timer to be on.
|
|t:|1779841986
|teamsize|p1|6
|teamsize|p2|6
|start
|switch|p1a: Samurott|Samurott-Hisui, M|100/100
|switch|p2a: Gliscor|Gliscor, F|100/100
|turn|1
|
|t:|1779841988
|move|p2a: Gliscor|Protect|p2a: Gliscor
|-singleturn|p2a: Gliscor|Protect
|move|p1a: Samurott|Razor Shell|p2a: Gliscor
|-activate|p2a: Gliscor|move: Protect
|
|-status|p2a: Gliscor|tox|[from] item: Toxic Orb
|upkeep
|turn|2
|
|t:|1779841998
|move|p2a: Gliscor|U-turn|p1a: Samurott
|-supereffective|p1a: Samurott
|-damage|p1a: Samurott|67/100
|
|t:|1779842003
|switch|p2a: Jirachi|Jirachi|100/100|[from] U-turn
|move|p1a: Samurott|Ceaseless Edge|p2a: Jirachi
|-supereffective|p2a: Jirachi
|-damage|p2a: Jirachi|30/100
|-sidestart|p2: dickman49|Spikes
|
|-heal|p2a: Jirachi|36/100|[from] item: Leftovers
|upkeep
|turn|3
|
|t:|1779842007
|move|p2a: Jirachi|U-turn|p1a: Samurott
|-supereffective|p1a: Samurott
|-damage|p1a: Samurott|31/100
|
|t:|1779842012
|switch|p2a: Great Tusk|Great Tusk|100/100|[from] U-turn
|move|p1a: Samurott|Ceaseless Edge|p2a: Great Tusk
|-resisted|p2a: Great Tusk
|-damage|p2a: Great Tusk|87/100
|-sidestart|p2: dickman49|Spikes
|
|upkeep
|turn|4
|
|t:|1779842019
|switch|p1a: Gholdengo|Gholdengo|100/100
|-item|p1a: Gholdengo|Air Balloon
|move|p2a: Great Tusk|Bulk Up|p2a: Great Tusk
|-boost|p2a: Great Tusk|atk|1
|-boost|p2a: Great Tusk|def|1
|
|upkeep
|turn|5
|
|t:|1779842030
|move|p2a: Great Tusk|Ice Spinner|p1a: Gholdengo
|-resisted|p1a: Gholdengo
|-damage|p1a: Gholdengo|88/100
|-enditem|p1a: Gholdengo|Air Balloon
|move|p1a: Gholdengo|Hex|p2a: Great Tusk
|-damage|p2a: Great Tusk|52/100
|
|upkeep
|turn|6
|
|t:|1779842037
|switch|p1a: Zapdos|Zapdos|100/100
|move|p2a: Great Tusk|Rapid Spin|p1a: Zapdos
|-damage|p1a: Zapdos|84/100
|-boost|p2a: Great Tusk|spe|1
|-status|p2a: Great Tusk|par|[from] ability: Static|[of] p1a: Zapdos
|-sideend|p2: dickman49|Spikes|[from] move: Rapid Spin|[of] p2a: Great Tusk
|
|upkeep
|turn|7
|
|t:|1779842042
|-end|p2a: Great Tusk|Protosynthesis|[silent]
|switch|p2a: Gliscor|Gliscor, F|100/100 tox
|move|p1a: Zapdos|Hurricane|p2a: Gliscor
|-damage|p2a: Gliscor|46/100 tox
|
|-heal|p2a: Gliscor|58/100 tox|[from] ability: Poison Heal
|upkeep
|turn|8
|
|t:|1779842048
|move|p1a: Zapdos|Hurricane|p2a: Gliscor
|-damage|p2a: Gliscor|2/100 tox
|-start|p2a: Gliscor|confusion
|-activate|p2a: Gliscor|confusion
|move|p2a: Gliscor|Knock Off|p1a: Zapdos
|-damage|p1a: Zapdos|69/100
|-enditem|p1a: Zapdos|Heavy-Duty Boots|[from] move: Knock Off|[of] p2a: Gliscor
|
|-heal|p2a: Gliscor|15/100 tox|[from] ability: Poison Heal
|upkeep
|turn|9
|
|t:|1779842054
|switch|p2a: Big Man|Tyranitar, M|100/100
|-weather|Sandstorm|[from] ability: Sand Stream|[of] p2a: Big Man
|move|p1a: Zapdos|Hurricane|p2a: Big Man|[miss]
|-miss|p1a: Zapdos|p2a: Big Man
|
|-weather|Sandstorm|[upkeep]
|-damage|p1a: Zapdos|63/100|[from] Sandstorm
|upkeep
|turn|10
|
|t:|1779842058
|move|p1a: Zapdos|Thunder Wave|p2a: Big Man|[miss]
|-miss|p1a: Zapdos|p2a: Big Man
|move|p2a: Big Man|Stealth Rock|p1a: Zapdos
|-sidestart|p1: 2dixjohnson|move: Stealth Rock
|
|-weather|Sandstorm|[upkeep]
|-damage|p1a: Zapdos|57/100|[from] Sandstorm
|upkeep
|turn|11
|
|t:|1779842068
|move|p1a: Zapdos|Volt Switch|p2a: Big Man
|-damage|p2a: Big Man|88/100
|
|t:|1779842071
|switch|p1a: Samurott|Samurott-Hisui, M|31/100|[from] Volt Switch
|-damage|p1a: Samurott|18/100|[from] Stealth Rock
|move|p2a: Big Man|Ice Beam|p1a: Samurott
|-resisted|p1a: Samurott
|-damage|p1a: Samurott|11/100
|
|-weather|Sandstorm|[upkeep]
|-damage|p1a: Samurott|5/100|[from] Sandstorm
|upkeep
|turn|12
|
|t:|1779842079
|switch|p2a: Jirachi|Jirachi|36/100
|move|p1a: Samurott|Razor Shell|p2a: Jirachi|[miss]
|-miss|p1a: Samurott|p2a: Jirachi
|
|-weather|Sandstorm|[upkeep]
|-damage|p1a: Samurott|0 fnt|[from] Sandstorm
|faint|p1a: Samurott
|-heal|p2a: Jirachi|43/100|[from] item: Leftovers
|upkeep
|
|t:|1779842090
|switch|p1a: Ceruledge|Ceruledge, M|100/100
|turn|13
|
|t:|1779842098
|move|p2a: Jirachi|Thunder Wave|p1a: Ceruledge
|-status|p1a: Ceruledge|par
|move|p1a: Ceruledge|Swords Dance|p1a: Ceruledge
|-boost|p1a: Ceruledge|atk|2
|
|-weather|Sandstorm|[upkeep]
|-damage|p1a: Ceruledge|94/100 par|[from] Sandstorm
|-heal|p2a: Jirachi|49/100|[from] item: Leftovers
|upkeep
|turn|14
|
|t:|1779842105
|switch|p2a: Great Tusk|Great Tusk|52/100 par
|move|p1a: Ceruledge|Shadow Sneak|p2a: Great Tusk
|-damage|p2a: Great Tusk|23/100 par
|
|-weather|Sandstorm|[upkeep]
|-damage|p1a: Ceruledge|88/100 par|[from] Sandstorm
|upkeep
|turn|15
|
|t:|1779842109
|move|p1a: Ceruledge|Shadow Sneak|p2a: Great Tusk
|-damage|p2a: Great Tusk|0 fnt
|faint|p2a: Great Tusk
|-end|p2a: Great Tusk|Protosynthesis|[silent]
|
|-weather|Sandstorm|[upkeep]
|-damage|p1a: Ceruledge|82/100 par|[from] Sandstorm
|upkeep
|
|t:|1779842116
|switch|p2a: We pulten on it|Dragapult, M|100/100
|turn|16
|
|t:|1779842121
|-terastallize|p1a: Ceruledge|Fairy
|move|p2a: We pulten on it|Hex|p1a: Ceruledge
|-damage|p1a: Ceruledge|29/100 par
|cant|p1a: Ceruledge|par
|
|-weather|none
|upkeep
|turn|17
|
|t:|1779842126
|switch|p2a: Big Man|Tyranitar, M|88/100
|-weather|Sandstorm|[from] ability: Sand Stream|[of] p2a: Big Man
|move|p1a: Ceruledge|Shadow Sneak|p2a: Big Man
|-resisted|p2a: Big Man
|-damage|p2a: Big Man|70/100
|
|-weather|Sandstorm|[upkeep]
|-damage|p1a: Ceruledge|23/100 par|[from] Sandstorm
|upkeep
|turn|18
|
|t:|1779842135
|switch|p1a: Zapdos|Zapdos|57/100
|-damage|p1a: Zapdos|33/100|[from] Stealth Rock
|move|p2a: Big Man|Knock Off|p1a: Zapdos
|-damage|p1a: Zapdos|14/100
|
|-weather|Sandstorm|[upkeep]
|-damage|p1a: Zapdos|8/100|[from] Sandstorm
|upkeep
|turn|19
|
|t:|1779842150
|move|p1a: Zapdos|Roost|p1a: Zapdos
|-heal|p1a: Zapdos|58/100
|-singleturn|p1a: Zapdos|move: Roost
|move|p2a: Big Man|Ice Beam|p1a: Zapdos
|-damage|p1a: Zapdos|37/100
|
|-weather|Sandstorm|[upkeep]
|-damage|p1a: Zapdos|31/100|[from] Sandstorm
|upkeep
|turn|20
|
|t:|1779842156
|move|p1a: Zapdos|Thunder Wave|p2a: Big Man
|-status|p2a: Big Man|par
|move|p2a: Big Man|Roar|p1a: Zapdos
|drag|p1a: Kingambit|Kingambit, M|100/100
|-damage|p1a: Kingambit|94/100|[from] Stealth Rock
|-activate|p1a: Kingambit|ability: Supreme Overlord
|-start|p1a: Kingambit|fallen1|[silent]
|
|-weather|Sandstorm|[upkeep]
|-heal|p1a: Kingambit|100/100|[from] item: Leftovers
|upkeep
|turn|21
|
|t:|1779842162
|switch|p2a: Gliscor|Gliscor, F|15/100 tox
|move|p1a: Kingambit|Low Kick|p2a: Gliscor
|-resisted|p2a: Gliscor
|-damage|p2a: Gliscor|8/100 tox
|
|-weather|Sandstorm|[upkeep]
|-heal|p2a: Gliscor|21/100 tox|[from] ability: Poison Heal
|upkeep
|turn|22
|
|t:|1779842169
|move|p2a: Gliscor|Earthquake|p1a: Kingambit
|-supereffective|p1a: Kingambit
|-damage|p1a: Kingambit|47/100
|move|p1a: Kingambit|Swords Dance|p1a: Kingambit
|-boost|p1a: Kingambit|atk|2
|
|-weather|Sandstorm|[upkeep]
|-heal|p1a: Kingambit|53/100|[from] item: Leftovers
|-heal|p2a: Gliscor|33/100 tox|[from] ability: Poison Heal
|upkeep
|turn|23
|
|t:|1779842173
|move|p2a: Gliscor|Protect|p2a: Gliscor
|-singleturn|p2a: Gliscor|Protect
|move|p1a: Kingambit|Iron Head|p2a: Gliscor
|-activate|p2a: Gliscor|move: Protect
|
|-weather|Sandstorm|[upkeep]
|-heal|p1a: Kingambit|59/100|[from] item: Leftovers
|-heal|p2a: Gliscor|46/100 tox|[from] ability: Poison Heal
|upkeep
|turn|24
|
|t:|1779842177
|move|p1a: Kingambit|Sucker Punch|p2a: Gliscor
|-damage|p2a: Gliscor|0 fnt
|faint|p2a: Gliscor
|
|-weather|none
|-heal|p1a: Kingambit|66/100|[from] item: Leftovers
|upkeep
|
|t:|1779842186
|switch|p2a: Jirachi|Jirachi|49/100
|turn|25
|
|t:|1779842188
|move|p1a: Kingambit|Sucker Punch||[still]
|-fail|p1a: Kingambit
|move|p2a: Jirachi|Thunder Wave|p1a: Kingambit
|-status|p1a: Kingambit|par
|
|-heal|p2a: Jirachi|55/100|[from] item: Leftovers
|-heal|p1a: Kingambit|72/100 par|[from] item: Leftovers
|upkeep
|turn|26
|
|t:|1779842194
|move|p1a: Kingambit|Sucker Punch|p2a: Jirachi
|-supereffective|p2a: Jirachi
|-damage|p2a: Jirachi|0 fnt
|faint|p2a: Jirachi
|
|-heal|p1a: Kingambit|78/100 par|[from] item: Leftovers
|upkeep
|
|t:|1779842198
|switch|p2a: Big Man|Tyranitar, M|70/100 par
|-weather|Sandstorm|[from] ability: Sand Stream|[of] p2a: Big Man
|turn|27
|
|t:|1779842204
|-end|p1a: Kingambit|fallen1|[silent]
|switch|p1a: Zapdos|Zapdos|31/100
|-damage|p1a: Zapdos|7/100|[from] Stealth Rock
|move|p2a: Big Man|Knock Off|p1a: Zapdos
|-damage|p1a: Zapdos|0 fnt
|faint|p1a: Zapdos
|
|-weather|Sandstorm|[upkeep]
|upkeep
|
|t:|1779842212
|switch|p1a: Iron Treads|Iron Treads|100/100
|-damage|p1a: Iron Treads|97/100|[from] Stealth Rock
|turn|28
|
|t:|1779842215
|switch|p2a: We pulten on it|Dragapult, M|100/100
|move|p1a: Iron Treads|Earthquake|p2a: We pulten on it
|-damage|p2a: We pulten on it|41/100
|
|-weather|Sandstorm|[upkeep]
|-damage|p2a: We pulten on it|35/100|[from] Sandstorm
|-heal|p1a: Iron Treads|100/100|[from] item: Leftovers
|upkeep
|turn|29
|
|t:|1779842218
|move|p2a: We pulten on it|Will-O-Wisp|p1a: Iron Treads
|-status|p1a: Iron Treads|brn
|move|p1a: Iron Treads|Knock Off|p2a: We pulten on it
|-supereffective|p2a: We pulten on it
|-damage|p2a: We pulten on it|0 fnt
|-enditem|p2a: We pulten on it|Heavy-Duty Boots|[from] move: Knock Off|[of] p1a: Iron Treads
|faint|p2a: We pulten on it
|
|-weather|Sandstorm|[upkeep]
|-damage|p1a: Iron Treads|94/100 brn|[from] brn
|upkeep
|
|t:|1779842226
|switch|p2a: Iron Thorns|Iron Thorns|100/100
|-enditem|p2a: Iron Thorns|Booster Energy
|-activate|p2a: Iron Thorns|ability: Quark Drive|[fromitem]
|-start|p2a: Iron Thorns|quarkdriveatk
|turn|30
|
|t:|1779842230
|-terastallize|p2a: Iron Thorns|Water
|move|p1a: Iron Treads|Earthquake|p2a: Iron Thorns
|-damage|p2a: Iron Thorns|81/100
|move|p2a: Iron Thorns|Dragon Dance|p2a: Iron Thorns
|-boost|p2a: Iron Thorns|atk|1
|-boost|p2a: Iron Thorns|spe|1
|
|-weather|Sandstorm|[upkeep]
|-damage|p2a: Iron Thorns|75/100|[from] Sandstorm
|-heal|p1a: Iron Treads|100/100 brn|[from] item: Leftovers
|-damage|p1a: Iron Treads|94/100 brn|[from] brn
|upkeep
|turn|31
|
|t:|1779842240
|move|p2a: Iron Thorns|Earthquake|p1a: Iron Treads
|-supereffective|p1a: Iron Treads
|-damage|p1a: Iron Treads|0 fnt
|faint|p1a: Iron Treads
|-end|p1a: Iron Treads|Quark Drive|[silent]
|
|-weather|Sandstorm|[upkeep]
|-damage|p2a: Iron Thorns|69/100|[from] Sandstorm
|upkeep
|
|t:|1779842250
|switch|p1a: Kingambit|Kingambit, M|78/100 par
|-damage|p1a: Kingambit|72/100 par|[from] Stealth Rock
|-activate|p1a: Kingambit|ability: Supreme Overlord
|-start|p1a: Kingambit|fallen3|[silent]
|turn|32
|
|t:|1779842253
|move|p2a: Iron Thorns|Low Kick|p1a: Kingambit
|-supereffective|p1a: Kingambit
|-damage|p1a: Kingambit|0 fnt
|faint|p1a: Kingambit
|-end|p1a: Kingambit|fallen3|[silent]
|
|-weather|Sandstorm|[upkeep]
|-damage|p2a: Iron Thorns|63/100|[from] Sandstorm
|upkeep
|
|t:|1779842255
|switch|p1a: Gholdengo|Gholdengo|88/100
|-damage|p1a: Gholdengo|81/100|[from] Stealth Rock
|turn|33
|
|t:|1779842259
|move|p2a: Iron Thorns|Earthquake|p1a: Gholdengo
|-supereffective|p1a: Gholdengo
|-damage|p1a: Gholdengo|0 fnt
|faint|p1a: Gholdengo
|
|-weather|Sandstorm|[upkeep]
|-damage|p2a: Iron Thorns|57/100|[from] Sandstorm
|upkeep
|
|t:|1779842261
|switch|p1a: Ceruledge|Ceruledge, M, tera:Fairy|23/100 par
|turn|34
|
|t:|1779842263
|move|p1a: Ceruledge|Shadow Sneak|p2a: Iron Thorns
|-damage|p2a: Iron Thorns|39/100
|move|p2a: Iron Thorns|Earthquake|p1a: Ceruledge
|-damage|p1a: Ceruledge|0 fnt
|faint|p1a: Ceruledge
|
|win|dickman49
|raw|2dixjohnson's rating: 1344 &rarr; <strong>1324</strong><br />(-20 for losing)
|raw|dickman49's rating: 1346 &rarr; <strong>1366</strong><br />(+20 for winning)
|l|☆2dixjohnson
|player|p1|
|l|☆dickman49
|player|p2|
