|j|☆npctypebeat
|j|☆izayatijifan403
|t:|1779933531
|gametype|singles
|player|p1|npctypebeat|102|1078
|player|p2|izayatijifan403|elesa|1045
|gen|9
|tier|[Gen 9] OU
|rated|
|rule|HP Percentage Mod: HP is shown in percentages
|rule|Endless Battle Clause: Forcing endless battles is banned
|rule|Species Clause: Limit one of each Pokémon
|rule|OHKO Clause: OHKO moves are banned
|rule|Evasion Items Clause: Evasion items are banned
|rule|Evasion Moves Clause: Evasion moves are banned
|rule|Evasion Abilities Clause: Evasion abilities are banned
|rule|Sleep Moves Clause: Sleep-inducing moves are banned
|clearpoke
|poke|p1|Gliscor, F|
|poke|p1|Ogerpon, F|
|poke|p1|Walking Wake|
|poke|p1|Blissey, F|
|poke|p1|Corviknight, M|
|poke|p1|Pecharunt|
|poke|p2|Regice|
|poke|p2|Alomomola, F|
|poke|p2|Ogerpon-Wellspring, F|
|poke|p2|Gholdengo|
|poke|p2|Great Tusk|
|poke|p2|Ceruledge, F|
|teampreview
|c|☆npctypebeat|hf
|inactive|Battle timer is ON: inactive players will automatically lose when time's up. (requested by izayatijifan403)
|
|t:|1779933547
|teamsize|p1|6
|teamsize|p2|6
|start
|switch|p1a: Gliscor|Gliscor, F|100/100
|switch|p2a: Ogerpon|Ogerpon-Wellspring, F|100/100
|turn|1
|inactive|npctypebeat also wants the timer to be on.
|
|t:|1779933556
|switch|p1a: Ogerpon|Ogerpon, F|100/100
|move|p2a: Ogerpon|Swords Dance|p2a: Ogerpon
|-boost|p2a: Ogerpon|atk|2
|
|upkeep
|turn|2
|
|t:|1779933570
|switch|p2a: Ceruledge|Ceruledge, F|100/100
|move|p1a: Ogerpon|Ivy Cudgel|p2a: Ceruledge
|-resisted|p2a: Ceruledge
|-crit|p2a: Ceruledge
|-damage|p2a: Ceruledge|46/100
|-ability|p2a: Ceruledge|Weak Armor|boost
|-unboost|p2a: Ceruledge|def|1
|-boost|p2a: Ceruledge|spe|2
|
|upkeep
|turn|3
|
|t:|1779933580
|move|p2a: Ceruledge|Bitter Blade|p1a: Ogerpon
|-supereffective|p1a: Ogerpon
|-damage|p1a: Ogerpon|0 fnt
|-heal|p2a: Ceruledge|98/100|[from] drain|[of] p1a: Ogerpon
|faint|p1a: Ogerpon
|-damage|p2a: Ceruledge|88/100|[from] item: Life Orb
|
|upkeep
|
|t:|1779933584
|switch|p1a: Pecharunt|Pecharunt|100/100
|turn|4
|inactive|izayatijifan403 has 120 seconds left.
|
|t:|1779933617
|switch|p2a: Regice|Regice|100/100
|move|p1a: Pecharunt|Foul Play|p2a: Regice
|-damage|p2a: Regice|90/100
|
|upkeep
|turn|5
|inactive|izayatijifan403 has 120 seconds left.
|
|t:|1779933628
|move|p1a: Pecharunt|Malignant Chain|p2a: Regice
|-damage|p2a: Regice|82/100
|move|p2a: Regice|Blizzard|p1a: Pecharunt
|-damage|p1a: Pecharunt|64/100
|
|upkeep
|turn|6
|
|t:|1779933637
|switch|p2a: Gholdengo|Gholdengo|100/100
|move|p1a: Pecharunt|Malignant Chain|p2a: Gholdengo
|-immune|p2a: Gholdengo
|
|upkeep
|turn|7
|
|t:|1779933648
|switch|p1a: Gliscor|Gliscor, F|100/100
|move|p2a: Gholdengo|Make It Rain|p1a: Gliscor
|-damage|p1a: Gliscor|41/100
|-unboost|p2a: Gholdengo|spa|1
|
|-status|p1a: Gliscor|tox|[from] item: Toxic Orb
|upkeep
|turn|8
|
|t:|1779933659
|switch|p2a: Ogerpon|Ogerpon-Wellspring, F|100/100
|move|p1a: Gliscor|Earthquake|p2a: Ogerpon
|-resisted|p2a: Ogerpon
|-damage|p2a: Ogerpon|80/100
|
|-heal|p1a: Gliscor|54/100 tox|[from] ability: Poison Heal
|upkeep
|turn|9
|
|t:|1779933669
|move|p2a: Ogerpon|Swords Dance|p2a: Ogerpon
|-boost|p2a: Ogerpon|atk|2
|move|p1a: Gliscor|Earthquake|p2a: Ogerpon
|-resisted|p2a: Ogerpon
|-damage|p2a: Ogerpon|58/100
|
|-heal|p1a: Gliscor|66/100 tox|[from] ability: Poison Heal
|upkeep
|turn|10
|
|t:|1779933674
|move|p2a: Ogerpon|Ivy Cudgel|p1a: Gliscor|[anim] Ivy Cudgel Water
|-supereffective|p1a: Gliscor
|-damage|p1a: Gliscor|0 fnt
|faint|p1a: Gliscor
|
|upkeep
|
|t:|1779933682
|switch|p1a: Walking Wake|Walking Wake|100/100
|turn|11
|
|t:|1779933688
|move|p2a: Ogerpon|Play Rough|p1a: Walking Wake
|-supereffective|p1a: Walking Wake
|-damage|p1a: Walking Wake|0 fnt
|faint|p1a: Walking Wake
|-end|p1a: Walking Wake|Protosynthesis|[silent]
|
|upkeep
|
|t:|1779933692
|switch|p1a: Pecharunt|Pecharunt|64/100
|turn|12
|
|t:|1779933700
|switch|p2a: Gholdengo|Gholdengo|100/100
|move|p1a: Pecharunt|Malignant Chain|p2a: Gholdengo
|-immune|p2a: Gholdengo
|
|upkeep
|turn|13
|
|t:|1779933712
|switch|p1a: Blissey|Blissey, F|100/100
|move|p2a: Gholdengo|Shadow Ball|p1a: Blissey
|-immune|p1a: Blissey
|
|upkeep
|turn|14
|
|t:|1779933716
|switch|p2a: Regice|Regice|82/100
|move|p1a: Blissey|Stealth Rock|p2a: Regice
|-sidestart|p2: izayatijifan403|move: Stealth Rock
|
|upkeep
|turn|15
|
|t:|1779933731
|move|p1a: Blissey|Seismic Toss|p2a: Regice
|-damage|p2a: Regice|54/100
|move|p2a: Regice|Ice Spinner|p1a: Blissey
|-damage|p1a: Blissey|86/100
|
|upkeep
|turn|16
|
|t:|1779933746
|switch|p2a: Great Tusk|Great Tusk|100/100
|-damage|p2a: Great Tusk|98/100|[from] Stealth Rock
|move|p1a: Blissey|Seismic Toss|p2a: Great Tusk
|-damage|p2a: Great Tusk|74/100
|-damage|p1a: Blissey|70/100|[from] item: Rocky Helmet|[of] p2a: Great Tusk
|
|upkeep
|turn|17
|
|t:|1779933754
|move|p2a: Great Tusk|Rapid Spin|p1a: Blissey
|-damage|p1a: Blissey|55/100
|-boost|p2a: Great Tusk|spe|1
|-sideend|p2: izayatijifan403|Stealth Rock|[from] move: Rapid Spin|[of] p2a: Great Tusk
|move|p1a: Blissey|Soft-Boiled|p1a: Blissey
|-heal|p1a: Blissey|100/100
|
|upkeep
|turn|18
|
|t:|1779933771
|move|p2a: Great Tusk|Rapid Spin|p1a: Blissey
|-damage|p1a: Blissey|85/100
|-boost|p2a: Great Tusk|spe|1
|move|p1a: Blissey|Seismic Toss|p2a: Great Tusk
|-damage|p2a: Great Tusk|51/100
|-damage|p1a: Blissey|68/100|[from] item: Rocky Helmet|[of] p2a: Great Tusk
|
|upkeep
|turn|19
|
|t:|1779933786
|move|p2a: Great Tusk|Headlong Rush|p1a: Blissey
|-damage|p1a: Blissey|14/100
|-unboost|p2a: Great Tusk|def|1
|-unboost|p2a: Great Tusk|spd|1
|move|p1a: Blissey|Soft-Boiled|p1a: Blissey
|-heal|p1a: Blissey|64/100
|
|upkeep
|turn|20
|
|t:|1779933807
|switch|p1a: Corviknight|Corviknight, M|100/100
|-ability|p1a: Corviknight|Pressure
|move|p2a: Great Tusk|Headlong Rush|p1a: Corviknight
|-immune|p1a: Corviknight
|
|upkeep
|turn|21
|
|t:|1779933819
|-end|p2a: Great Tusk|Protosynthesis|[silent]
|switch|p2a: Alomomola|Alomomola, F|100/100
|move|p1a: Corviknight|Body Press|p2a: Alomomola
|-damage|p2a: Alomomola|88/100
|
|upkeep
|turn|22
|
|t:|1779933825
|move|p1a: Corviknight|U-turn|p2a: Alomomola
|-damage|p2a: Alomomola|80/100
|
|t:|1779933837
|switch|p1a: Pecharunt|Pecharunt|64/100|[from] U-turn
|move|p2a: Alomomola|Scald|p1a: Pecharunt
|-damage|p1a: Pecharunt|51/100
|
|upkeep
|turn|23
|
|t:|1779933851
|move|p1a: Pecharunt|Recover|p1a: Pecharunt
|-heal|p1a: Pecharunt|100/100
|move|p2a: Alomomola|Wish|p2a: Alomomola
|
|upkeep
|turn|24
|
|t:|1779933859
|move|p1a: Pecharunt|Malignant Chain|p2a: Alomomola
|-damage|p2a: Alomomola|42/100
|-status|p2a: Alomomola|tox
|-start|p2a: Alomomola|confusion|[from] ability: Poison Puppeteer|[of] p1a: Pecharunt
|-activate|p2a: Alomomola|confusion
|move|p2a: Alomomola|Flip Turn|p1a: Pecharunt
|-damage|p1a: Pecharunt|93/100
|
|t:|1779933869
|switch|p2a: Ceruledge|Ceruledge, F|88/100|[from] Flip Turn
|
|-heal|p2a: Ceruledge|100/100|[from] move: Wish|[wisher] Alomomola
|upkeep
|turn|25
|
|t:|1779933885
|move|p2a: Ceruledge|Poltergeist|p1a: Pecharunt
|-activate|p1a: Pecharunt|move: Poltergeist|Heavy-Duty Boots
|-supereffective|p1a: Pecharunt
|-damage|p1a: Pecharunt|26/100
|-damage|p2a: Ceruledge|91/100|[from] item: Life Orb
|move|p1a: Pecharunt|Foul Play|p2a: Ceruledge
|-supereffective|p2a: Ceruledge
|-damage|p2a: Ceruledge|0 fnt
|faint|p2a: Ceruledge
|
|upkeep
|
|t:|1779933905
|switch|p2a: Regice|Regice|54/100
|turn|26
|
|t:|1779933915
|move|p1a: Pecharunt|Recover|p1a: Pecharunt
|-heal|p1a: Pecharunt|76/100
|move|p2a: Regice|Blizzard|p1a: Pecharunt|[miss]
|-miss|p2a: Regice|p1a: Pecharunt
|
|upkeep
|turn|27
|
|t:|1779933926
|move|p1a: Pecharunt|Malignant Chain|p2a: Regice
|-damage|p2a: Regice|46/100
|move|p2a: Regice|Blizzard|p1a: Pecharunt|[miss]
|-miss|p2a: Regice|p1a: Pecharunt
|
|upkeep
|turn|28
|
|t:|1779933937
|switch|p2a: Gholdengo|Gholdengo|100/100
|move|p1a: Pecharunt|Malignant Chain|p2a: Gholdengo
|-immune|p2a: Gholdengo
|
|upkeep
|turn|29
|
|t:|1779933953
|switch|p1a: Blissey|Blissey, F|64/100
|move|p2a: Gholdengo|Focus Blast|p1a: Blissey
|-supereffective|p1a: Blissey
|-damage|p1a: Blissey|39/100
|
|upkeep
|turn|30
|
|t:|1779933981
|move|p2a: Gholdengo|Focus Blast|p1a: Blissey
|-supereffective|p1a: Blissey
|-damage|p1a: Blissey|14/100
|move|p1a: Blissey|Soft-Boiled|p1a: Blissey
|-heal|p1a: Blissey|64/100
|
|upkeep
|turn|31
|inactive|izayatijifan403 has 120 seconds left.
|inactive|npctypebeat has 120 seconds left.
|
|t:|1779934004
|switch|p2a: Ogerpon|Ogerpon-Wellspring, F|58/100
|move|p1a: Blissey|Stealth Rock|p2a: Ogerpon
|-sidestart|p2: izayatijifan403|move: Stealth Rock
|
|upkeep
|turn|32
|inactive|npctypebeat has 120 seconds left.
|
|t:|1779934021
|move|p2a: Ogerpon|Ivy Cudgel|p1a: Blissey|[anim] Ivy Cudgel Water
|-damage|p1a: Blissey|2/100
|move|p1a: Blissey|Seismic Toss|p2a: Ogerpon
|-damage|p2a: Ogerpon|25/100
|
|upkeep
|turn|33
|inactive|npctypebeat has 120 seconds left.
|
|t:|1779934030
|switch|p1a: Pecharunt|Pecharunt|76/100
|move|p2a: Ogerpon|Ivy Cudgel|p1a: Pecharunt|[anim] Ivy Cudgel Water
|-damage|p1a: Pecharunt|45/100
|
|upkeep
|turn|34
|inactive|npctypebeat has 120 seconds left.
|
|t:|1779934044
|switch|p2a: Gholdengo|Gholdengo|100/100
|-damage|p2a: Gholdengo|94/100|[from] Stealth Rock
|move|p1a: Pecharunt|Recover|p1a: Pecharunt
|-heal|p1a: Pecharunt|95/100
|
|upkeep
|turn|35
|
|t:|1779934055
|switch|p1a: Corviknight|Corviknight, M|100/100
|-ability|p1a: Corviknight|Pressure
|move|p2a: Gholdengo|Make It Rain|p1a: Corviknight
|-resisted|p1a: Corviknight
|-damage|p1a: Corviknight|67/100
|-unboost|p2a: Gholdengo|spa|1
|
|upkeep
|turn|36
|
|t:|1779934064
|switch|p2a: Regice|Regice|46/100
|-damage|p2a: Regice|21/100|[from] Stealth Rock
|move|p1a: Corviknight|U-turn|p2a: Regice
|-damage|p2a: Regice|8/100
|
|t:|1779934077
|switch|p1a: Blissey|Blissey, F|2/100|[from] U-turn
|
|upkeep
|turn|37
|
|t:|1779934091
|move|p1a: Blissey|Soft-Boiled|p1a: Blissey
|-heal|p1a: Blissey|52/100
|move|p2a: Regice|Ice Spinner|p1a: Blissey
|-damage|p1a: Blissey|38/100
|
|upkeep
|turn|38
|
|t:|1779934110
|switch|p2a: Alomomola|Alomomola, F|75/100 tox
|move|p1a: Blissey|Soft-Boiled|p1a: Blissey
|-heal|p1a: Blissey|88/100
|
|-damage|p2a: Alomomola|69/100 tox|[from] psn
|upkeep
|turn|39
|inactive|npctypebeat has 120 seconds left.
|
|t:|1779934126
|move|p1a: Blissey|Seismic Toss|p2a: Alomomola
|-damage|p2a: Alomomola|50/100 tox
|move|p2a: Alomomola|Wish|p2a: Alomomola
|
|-damage|p2a: Alomomola|38/100 tox|[from] psn
|upkeep
|turn|40
|inactive|npctypebeat has 120 seconds left.
|
|t:|1779934145
|move|p1a: Blissey|Seismic Toss|p2a: Alomomola
|-damage|p2a: Alomomola|19/100 tox
|move|p2a: Alomomola|Flip Turn|p1a: Blissey
|-damage|p1a: Blissey|69/100
|
|t:|1779934152
|switch|p2a: Ogerpon|Ogerpon-Wellspring, F|25/100|[from] Flip Turn
|-damage|p2a: Ogerpon|12/100|[from] Stealth Rock
|
|-heal|p2a: Ogerpon|100/100|[from] move: Wish|[wisher] Alomomola
|upkeep
|turn|41
|inactive|npctypebeat has 120 seconds left.
|
|t:|1779934171
|move|p2a: Ogerpon|Swords Dance|p2a: Ogerpon
|-boost|p2a: Ogerpon|atk|2
|move|p1a: Blissey|Seismic Toss|p2a: Ogerpon
|-damage|p2a: Ogerpon|67/100
|
|upkeep
|turn|42
|inactive|npctypebeat has 120 seconds left.
|
|t:|1779934198
|switch|p1a: Corviknight|Corviknight, M|67/100
|-ability|p1a: Corviknight|Pressure
|move|p2a: Ogerpon|Swords Dance|p2a: Ogerpon
|-boost|p2a: Ogerpon|atk|2
|
|upkeep
|turn|43
|inactive|npctypebeat has 90 seconds left.
|
|t:|1779934225
|-terastallize|p2a: Ogerpon|Water
|detailschange|p2a: Ogerpon|Ogerpon-Wellspring-Tera, F, tera:Water
|-ability|p2a: Ogerpon|Embody Aspect (Wellspring)|boost
|-boost|p2a: Ogerpon|spd|1
|move|p2a: Ogerpon|Ivy Cudgel|p1a: Corviknight|[anim] Ivy Cudgel Water
|-damage|p1a: Corviknight|0 fnt
|faint|p1a: Corviknight
|
|upkeep
|
|t:|1779934249
|switch|p1a: Pecharunt|Pecharunt|95/100
|turn|44
|
|t:|1779934269
|move|p2a: Ogerpon|Ivy Cudgel|p1a: Pecharunt|[anim] Ivy Cudgel Water
|-damage|p1a: Pecharunt|0 fnt
|faint|p1a: Pecharunt
|
|upkeep
|inactive|npctypebeat has 60 seconds left.
|
|t:|1779934284
|switch|p1a: Blissey|Blissey, F|69/100
|turn|45
|inactive|npctypebeat has 60 seconds left.
|
|t:|1779934295
|move|p2a: Ogerpon|Ivy Cudgel|p1a: Blissey|[anim] Ivy Cudgel Water
|-damage|p1a: Blissey|0 fnt
|faint|p1a: Blissey
|
|win|izayatijifan403
|raw|npctypebeat's rating: 1151 &rarr; <strong>1119</strong><br />(-32 for losing)
|raw|izayatijifan403's rating: 1045 &rarr; <strong>1088</strong><br />(+43 for winning)
|c|☆npctypebeat|gg
