|j|☆CherryzardX
|j|☆love4tauros
|t:|1779805970
|gametype|singles
|player|p1|CherryzardX|1|1264
|player|p2|love4tauros|169|1311
|gen|9
|tier|[Gen 9] OU
|rated|
|rule|HP Percentage Mod: HP is shown in percentages
|rule|Endless Battle Clause: Forcing endless battles is banned
|rule|Species Clause: Limit one of each Pokémon
|rule|OHKO Clause: OHKO moves are banned
|rule|Evasion Items Clause: Evasion items are banned
|rule|Evasion Moves Clause: Evasion moves are banned
|rule|Evasion Abilities Clause: Evasion abilities are banned
|rule|Sleep Moves Clause: Sleep-inducing moves are banned
|clearpoke
|poke|p1|Kyurem|
|poke|p1|Samurott-Hisui, M|
|poke|p1|Corviknight, F|
|poke|p1|Hatterene, F|
|poke|p1|Garganacl, M|
|poke|p1|Rotom-Heat|
|poke|p2|Ting-Lu|
|poke|p2|Slowking-Galar, M|
|poke|p2|Heatran, M|
|poke|p2|Primarina, M|
|poke|p2|Sinistcha|
|poke|p2|Maushold|
|teampreview
|inactive|Battle timer is ON: inactive players will automatically lose when time's up. (requested by love4tauros)
|
|t:|1779805981
|teamsize|p1|6
|teamsize|p2|6
|start
|switch|p1a: Samurott|Samurott-Hisui, M|100/100
|switch|p2a: Maushold|Maushold|100/100
|turn|1
|
|t:|1779805987
|move|p2a: Maushold|Population Bomb|p1a: Samurott
|-damage|p1a: Samurott|89/100
|-damage|p1a: Samurott|77/100
|-damage|p1a: Samurott|66/100
|-damage|p1a: Samurott|55/100
|-damage|p1a: Samurott|42/100
|-damage|p1a: Samurott|30/100
|-damage|p1a: Samurott|18/100
|-damage|p1a: Samurott|6/100
|-damage|p1a: Samurott|0 fnt
|faint|p1a: Samurott
|-hitcount|p1: Samurott|9
|
|upkeep
|
|t:|1779805998
|switch|p1a: Corviknight|Corviknight, F|100/100
|-ability|p1a: Corviknight|Pressure
|turn|2
|
|t:|1779806013
|switch|p2a: Slowking|Slowking-Galar, M|100/100
|move|p1a: Corviknight|U-turn|p2a: Slowking
|-damage|p2a: Slowking|86/100
|
|t:|1779806021
|switch|p1a: Kyurem|Kyurem|100/100|[from] U-turn
|-ability|p1a: Kyurem|Pressure
|
|upkeep
|turn|3
|
|t:|1779806024
|move|p1a: Kyurem|Substitute|p1a: Kyurem
|-start|p1a: Kyurem|Substitute
|-damage|p1a: Kyurem|75/100
|move|p2a: Slowking|Thunder Wave||[still]
|-fail|p2a: Slowking
|
|-heal|p1a: Kyurem|82/100|[from] item: Leftovers
|upkeep
|turn|4
|
|t:|1779806028
|move|p1a: Kyurem|Earth Power|p2a: Slowking
|-supereffective|p2a: Slowking
|-damage|p2a: Slowking|34/100
|move|p2a: Slowking|Future Sight|p1a: Kyurem
|-start|p2a: Slowking|move: Future Sight
|
|-heal|p1a: Kyurem|88/100|[from] item: Leftovers
|upkeep
|turn|5
|
|t:|1779806037
|switch|p2a: Heatran|Heatran, M|100/100
|-item|p2a: Heatran|Air Balloon
|move|p1a: Kyurem|Earth Power|p2a: Heatran
|-immune|p2a: Heatran
|
|-heal|p1a: Kyurem|94/100|[from] item: Leftovers
|upkeep
|turn|6
|
|t:|1779806044
|move|p1a: Kyurem|Freeze-Dry|p2a: Heatran
|-resisted|p2a: Heatran
|-damage|p2a: Heatran|93/100
|-enditem|p2a: Heatran|Air Balloon
|move|p2a: Heatran|Lava Plume|p1a: Kyurem
|-end|p1a: Kyurem|Substitute
|
|-end|p1a: Kyurem|move: Future Sight
|-damage|p1a: Kyurem|35/100
|-heal|p1a: Kyurem|42/100|[from] item: Leftovers
|upkeep
|turn|7
|
|t:|1779806052
|-terastallize|p2a: Heatran|Grass
|move|p1a: Kyurem|Substitute|p1a: Kyurem
|-start|p1a: Kyurem|Substitute
|-damage|p1a: Kyurem|17/100
|move|p2a: Heatran|Lava Plume|p1a: Kyurem
|-end|p1a: Kyurem|Substitute
|
|-heal|p1a: Kyurem|23/100|[from] item: Leftovers
|upkeep
|turn|8
|
|t:|1779806060
|switch|p1a: Garganacl|Garganacl, M|100/100
|move|p2a: Heatran|Lava Plume|p1a: Garganacl
|-resisted|p1a: Garganacl
|-damage|p1a: Garganacl|81/100
|
|upkeep
|turn|9
|
|t:|1779806065
|move|p2a: Heatran|Stealth Rock|p1a: Garganacl
|-sidestart|p1: CherryzardX|move: Stealth Rock
|move|p1a: Garganacl|Salt Cure|p2a: Heatran
|-crit|p2a: Heatran
|-damage|p2a: Heatran|73/100
|-start|p2a: Heatran|Salt Cure
|
|-damage|p2a: Heatran|61/100|[from] Salt Cure
|upkeep
|turn|10
|
|t:|1779806071
|switch|p2a: Ting-Lu|Ting-Lu|100/100
|-ability|p2a: Ting-Lu|Vessel of Ruin
|move|p1a: Garganacl|Stealth Rock|p2a: Ting-Lu
|-sidestart|p2: love4tauros|move: Stealth Rock
|
|upkeep
|turn|11
|
|t:|1779806076
|move|p1a: Garganacl|Salt Cure|p2a: Ting-Lu
|-resisted|p2a: Ting-Lu
|-damage|p2a: Ting-Lu|97/100
|-start|p2a: Ting-Lu|Salt Cure
|move|p2a: Ting-Lu|Whirlwind|p1a: Garganacl
|drag|p1a: Rotom|Rotom-Heat|100/100
|
|-heal|p2a: Ting-Lu|100/100|[from] item: Leftovers
|-damage|p2a: Ting-Lu|88/100|[from] Salt Cure
|upkeep
|turn|12
|
|t:|1779806086
|switch|p2a: Heatran|Heatran, M, tera:Grass|61/100
|-damage|p2a: Heatran|48/100|[from] Stealth Rock
|move|p1a: Rotom|Will-O-Wisp|p2a: Heatran
|-start|p2a: Heatran|ability: Flash Fire
|
|upkeep
|turn|13
|
|t:|1779806090
|move|p1a: Rotom|Volt Switch|p2a: Heatran
|-resisted|p2a: Heatran
|-damage|p2a: Heatran|38/100
|
|t:|1779806093
|switch|p1a: Corviknight|Corviknight, F|100/100|[from] Volt Switch
|-damage|p1a: Corviknight|88/100|[from] Stealth Rock
|-ability|p1a: Corviknight|Pressure
|move|p2a: Heatran|Lava Plume|p1a: Corviknight
|-supereffective|p1a: Corviknight
|-damage|p1a: Corviknight|0 fnt
|faint|p1a: Corviknight
|
|upkeep
|
|t:|1779806100
|switch|p1a: Garganacl|Garganacl, M|81/100
|turn|14
|
|t:|1779806103
|move|p2a: Heatran|Earth Power|p1a: Garganacl
|-supereffective|p1a: Garganacl
|-damage|p1a: Garganacl|19/100
|-unboost|p1a: Garganacl|spd|1
|move|p1a: Garganacl|Salt Cure|p2a: Heatran
|-damage|p2a: Heatran|26/100
|-start|p2a: Heatran|Salt Cure
|
|-damage|p2a: Heatran|13/100|[from] Salt Cure
|upkeep
|turn|15
|
|t:|1779806106
|move|p2a: Heatran|Earth Power|p1a: Garganacl
|-supereffective|p1a: Garganacl
|-crit|p1a: Garganacl
|-damage|p1a: Garganacl|0 fnt
|faint|p1a: Garganacl
|
|-damage|p2a: Heatran|1/100|[from] Salt Cure
|upkeep
|
|t:|1779806109
|switch|p1a: Rotom|Rotom-Heat|100/100
|turn|16
|
|t:|1779806116
|move|p1a: Rotom|Volt Switch|p2a: Heatran
|-resisted|p2a: Heatran
|-damage|p2a: Heatran|0 fnt
|faint|p2a: Heatran
|-message|CherryzardX forfeited.
|
|win|love4tauros
|raw|CherryzardX's rating: 1264 &rarr; <strong>1242</strong><br />(-22 for losing)
|raw|love4tauros's rating: 1311 &rarr; <strong>1328</strong><br />(+17 for winning)
|l|☆CherryzardX
|player|p1|
|l|☆love4tauros
|player|p2|
