|j|‽vanllesco
|j|☆Noah_bry
|t:|1779804713
|gametype|singles
|player|p1|vanllesco|hilbert|1127
|player|p2|Noah_bry|1|1112
|gen|9
|tier|[Gen 9] OU
|rated|
|rule|HP Percentage Mod: HP is shown in percentages
|rule|Endless Battle Clause: Forcing endless battles is banned
|rule|Species Clause: Limit one of each Pokémon
|rule|OHKO Clause: OHKO moves are banned
|rule|Evasion Items Clause: Evasion items are banned
|rule|Evasion Moves Clause: Evasion moves are banned
|rule|Evasion Abilities Clause: Evasion abilities are banned
|rule|Sleep Moves Clause: Sleep-inducing moves are banned
|clearpoke
|poke|p1|Samurott-Hisui, M|
|poke|p1|Corviknight, M|
|poke|p1|Hatterene, F|
|poke|p1|Umbreon, F|
|poke|p1|Toxtricity-Low-Key, M|
|poke|p1|Garchomp, M|
|poke|p2|Garchomp, M|
|poke|p2|Gholdengo|
|poke|p2|Great Tusk|
|poke|p2|Rotom-Wash|
|poke|p2|Iron Valiant|
|poke|p2|Kingambit, F|
|teampreview
|
|t:|1779804728
|teamsize|p1|6
|teamsize|p2|6
|start
|switch|p1a: Garchomp|Garchomp, M|100/100
|switch|p2a: Great Tusk|Great Tusk|100/100
|turn|1
|inactive|Battle timer is ON: inactive players will automatically lose when time's up. (requested by vanllesco)
|
|t:|1779804742
|switch|p1a: Corviknight|Corviknight, M|100/100
|move|p2a: Great Tusk|Stealth Rock|p1a: Corviknight
|-sidestart|p1: vanllesco|move: Stealth Rock
|
|upkeep
|turn|2
|
|t:|1779804753
|move|p2a: Great Tusk|Knock Off|p1a: Corviknight
|-damage|p1a: Corviknight|83/100
|-damage|p2a: Great Tusk|84/100|[from] item: Rocky Helmet|[of] p1a: Corviknight
|-enditem|p1a: Corviknight|Rocky Helmet|[from] move: Knock Off|[of] p2a: Great Tusk
|move|p1a: Corviknight|U-turn|p2a: Great Tusk
|-resisted|p2a: Great Tusk
|-damage|p2a: Great Tusk|80/100
|
|t:|1779804757
|switch|p1a: Toxtricity|Toxtricity-Low-Key, M|100/100|[from] U-turn
|-damage|p1a: Toxtricity|88/100|[from] Stealth Rock
|
|-heal|p2a: Great Tusk|87/100|[from] item: Leftovers
|upkeep
|turn|3
|
|t:|1779804769
|move|p1a: Toxtricity|Psychic Noise|p2a: Great Tusk
|-supereffective|p2a: Great Tusk
|-damage|p2a: Great Tusk|0 fnt
|faint|p2a: Great Tusk
|-end|p2a: Great Tusk|Protosynthesis|[silent]
|
|upkeep
|
|t:|1779804779
|switch|p2a: Garchomp|Garchomp, M|100/100
|turn|4
|
|t:|1779804788
|switch|p1a: Corviknight|Corviknight, M|83/100
|-damage|p1a: Corviknight|70/100|[from] Stealth Rock
|move|p2a: Garchomp|Earthquake|p1a: Corviknight
|-immune|p1a: Corviknight
|
|upkeep
|turn|5
|
|t:|1779804796
|move|p2a: Garchomp|Swords Dance|p2a: Garchomp
|-boost|p2a: Garchomp|atk|2
|move|p1a: Corviknight|Defog|p2a: Garchomp
|-unboost|p2a: Garchomp|evasion|1
|-sideend|p1: vanllesco|Stealth Rock|[from] move: Defog|[of] p1a: Corviknight
|
|upkeep
|turn|6
|
|t:|1779804805
|move|p2a: Garchomp|Swords Dance|p2a: Garchomp
|-boost|p2a: Garchomp|atk|2
|move|p1a: Corviknight|U-turn|p2a: Garchomp
|-damage|p2a: Garchomp|87/100
|-damage|p1a: Corviknight|58/100|[from] ability: Rough Skin|[of] p2a: Garchomp
|
|t:|1779804808
|switch|p1a: Umbreon|Umbreon, F, shiny|100/100|[from] U-turn
|
|upkeep
|turn|7
|
|t:|1779804819
|move|p2a: Garchomp|Scale Shot|p1a: Umbreon
|-damage|p1a: Umbreon|75/100
|-damage|p1a: Umbreon|48/100
|-crit|p1a: Umbreon
|-damage|p1a: Umbreon|8/100
|-damage|p1a: Umbreon|0 fnt
|faint|p1a: Umbreon
|-hitcount|p1: Umbreon|4
|-unboost|p2a: Garchomp|def|1
|-boost|p2a: Garchomp|spe|1
|
|upkeep
|
|t:|1779804828
|switch|p1a: Garchomp|Garchomp, M|100/100
|turn|8
|
|t:|1779804834
|-terastallize|p1a: Garchomp|Steel
|move|p2a: Garchomp|Scale Shot|p1a: Garchomp|[miss]
|-miss|p2a: Garchomp|p1a: Garchomp
|move|p1a: Garchomp|Scale Shot|p2a: Garchomp
|-supereffective|p2a: Garchomp
|-damage|p2a: Garchomp|48/100
|-supereffective|p2a: Garchomp
|-damage|p2a: Garchomp|12/100
|-supereffective|p2a: Garchomp
|-damage|p2a: Garchomp|0 fnt
|faint|p2a: Garchomp
|-hitcount|p2: Garchomp|3
|-unboost|p1a: Garchomp|def|1
|-boost|p1a: Garchomp|spe|1
|
|upkeep
|
|t:|1779804850
|switch|p2a: Iron Valiant|Iron Valiant|100/100
|-enditem|p2a: Iron Valiant|Booster Energy
|-activate|p2a: Iron Valiant|ability: Quark Drive|[fromitem]
|-start|p2a: Iron Valiant|quarkdrivespe
|turn|9
|
|t:|1779804860
|switch|p1a: Corviknight|Corviknight, M|58/100
|move|p2a: Iron Valiant|Close Combat|p1a: Corviknight
|-damage|p1a: Corviknight|24/100
|-unboost|p2a: Iron Valiant|def|1
|-unboost|p2a: Iron Valiant|spd|1
|
|upkeep
|turn|10
|
|t:|1779804877
|move|p2a: Iron Valiant|Thunderbolt|p1a: Corviknight
|-supereffective|p1a: Corviknight
|-damage|p1a: Corviknight|0 fnt
|faint|p1a: Corviknight
|
|upkeep
|
|t:|1779804884
|switch|p1a: Hatterene|Hatterene, F|100/100
|turn|11
|
|t:|1779804897
|move|p2a: Iron Valiant|Encore|p1a: Hatterene
|move|p1a: Hatterene|Encore||[from] ability: Magic Bounce|[still]
|-fail|p1a: Hatterene
|move|p1a: Hatterene|Draining Kiss|p2a: Iron Valiant
|-supereffective|p2a: Iron Valiant
|-crit|p2a: Iron Valiant
|-damage|p2a: Iron Valiant|0 fnt
|faint|p2a: Iron Valiant
|-end|p2a: Iron Valiant|Quark Drive|[silent]
|
|upkeep
|
|t:|1779804906
|switch|p2a: Kingambit|Kingambit, F|100/100
|-activate|p2a: Kingambit|ability: Supreme Overlord
|-start|p2a: Kingambit|fallen3|[silent]
|turn|12
|
|t:|1779804916
|switch|p1a: Samurott|Samurott-Hisui, M|100/100
|move|p2a: Kingambit|Iron Head|p1a: Samurott
|-resisted|p1a: Samurott
|-damage|p1a: Samurott|60/100
|
|-heal|p1a: Samurott|67/100|[from] item: Leftovers
|upkeep
|turn|13
|
|t:|1779804936
|-end|p2a: Kingambit|fallen3|[silent]
|switch|p2a: Rotom|Rotom-Wash|100/100
|move|p1a: Samurott|Sacred Sword|p2a: Rotom
|-damage|p2a: Rotom|70/100
|
|-heal|p1a: Samurott|73/100|[from] item: Leftovers
|-heal|p2a: Rotom|76/100|[from] item: Leftovers
|upkeep
|turn|14
|
|t:|1779804949
|switch|p1a: Hatterene|Hatterene, F|100/100
|move|p2a: Rotom|Will-O-Wisp|p1a: Hatterene
|move|p1a: Hatterene|Will-O-Wisp|p2a: Rotom|[from] ability: Magic Bounce|[miss]
|-miss|p1a: Hatterene|p2a: Rotom
|
|-heal|p2a: Rotom|82/100|[from] item: Leftovers
|upkeep
|turn|15
|
|t:|1779804964
|move|p2a: Rotom|Hydro Pump|p1a: Hatterene
|-damage|p1a: Hatterene|63/100
|move|p1a: Hatterene|Mystical Fire|p2a: Rotom
|-resisted|p2a: Rotom
|-crit|p2a: Rotom
|-damage|p2a: Rotom|65/100
|-unboost|p2a: Rotom|spa|1
|
|-heal|p2a: Rotom|71/100|[from] item: Leftovers
|upkeep
|turn|16
|
|t:|1779804976
|move|p2a: Rotom|Hydro Pump|p1a: Hatterene
|-damage|p1a: Hatterene|38/100
|move|p1a: Hatterene|Giga Drain|p2a: Rotom
|-supereffective|p2a: Rotom
|-damage|p2a: Rotom|23/100
|-heal|p1a: Hatterene|61/100|[from] drain|[of] p2a: Rotom
|
|-heal|p2a: Rotom|29/100|[from] item: Leftovers
|upkeep
|turn|17
|
|t:|1779804987
|move|p2a: Rotom|Volt Switch|p1a: Hatterene
|-damage|p1a: Hatterene|45/100
|
|t:|1779804990
|switch|p2a: Gholdengo|Gholdengo|100/100|[from] Volt Switch
|-item|p2a: Gholdengo|Air Balloon
|move|p1a: Hatterene|Mystical Fire|p2a: Gholdengo
|-supereffective|p2a: Gholdengo
|-damage|p2a: Gholdengo|45/100
|-unboost|p2a: Gholdengo|spa|1
|-enditem|p2a: Gholdengo|Air Balloon
|
|upkeep
|turn|18
|
|t:|1779805005
|switch|p1a: Garchomp|Garchomp, M, tera:Steel|100/100
|move|p2a: Gholdengo|Make It Rain|p1a: Garchomp
|-resisted|p1a: Garchomp
|-damage|p1a: Garchomp|77/100
|-unboost|p2a: Gholdengo|spa|1
|
|upkeep
|turn|19
|
|t:|1779805017
|move|p1a: Garchomp|Earthquake|p2a: Gholdengo
|-supereffective|p2a: Gholdengo
|-damage|p2a: Gholdengo|0 fnt
|faint|p2a: Gholdengo
|
|upkeep
|
|t:|1779805023
|switch|p2a: Kingambit|Kingambit, F|100/100
|-activate|p2a: Kingambit|ability: Supreme Overlord
|-start|p2a: Kingambit|fallen4|[silent]
|turn|20
|
|t:|1779805030
|move|p2a: Kingambit|Sucker Punch|p1a: Garchomp
|-damage|p1a: Garchomp|8/100
|-damage|p2a: Kingambit|88/100|[from] ability: Rough Skin|[of] p1a: Garchomp
|move|p1a: Garchomp|Earthquake|p2a: Kingambit
|-supereffective|p2a: Kingambit
|-damage|p2a: Kingambit|2/100
|
|upkeep
|turn|21
|
|t:|1779805038
|move|p2a: Kingambit|Sucker Punch||[still]
|-fail|p2a: Kingambit
|move|p1a: Garchomp|Swords Dance|p1a: Garchomp
|-boost|p1a: Garchomp|atk|2
|
|upkeep
|turn|22
|
|t:|1779805047
|move|p2a: Kingambit|Sucker Punch|p1a: Garchomp
|-crit|p1a: Garchomp
|-damage|p1a: Garchomp|0 fnt
|-damage|p2a: Kingambit|0 fnt|[from] ability: Rough Skin|[of] p1a: Garchomp
|faint|p1a: Garchomp
|faint|p2a: Kingambit
|-end|p2a: Kingambit|fallen4|[silent]
|
|upkeep
|
|t:|1779805054
|switch|p1a: Toxtricity|Toxtricity-Low-Key, M|88/100
|switch|p2a: Rotom|Rotom-Wash|29/100
|turn|23
|
|t:|1779805061
|move|p1a: Toxtricity|Overdrive|p2a: Rotom
|-crit|p2a: Rotom
|-damage|p2a: Rotom|0 fnt
|faint|p2a: Rotom
|
|win|vanllesco
|raw|vanllesco's rating: 1127 &rarr; <strong>1151</strong><br />(+24 for winning)
|raw|Noah_bry's rating: 1112 &rarr; <strong>1088</strong><br />(-24 for losing)
|l|‽vanllesco
|player|p1|
|l|☆Noah_bry
|player|p2|
