|j|☆pegandotopglobal
|j|☆claudechamp
|t:|1779810379
|gametype|singles
|player|p1|pegandotopglobal|cilan|1300
|player|p2|claudechamp|265|1261
|gen|9
|tier|[Gen 9] OU
|rated|
|rule|HP Percentage Mod: HP is shown in percentages
|rule|Endless Battle Clause: Forcing endless battles is banned
|rule|Species Clause: Limit one of each Pokémon
|rule|OHKO Clause: OHKO moves are banned
|rule|Evasion Items Clause: Evasion items are banned
|rule|Evasion Moves Clause: Evasion moves are banned
|rule|Evasion Abilities Clause: Evasion abilities are banned
|rule|Sleep Moves Clause: Sleep-inducing moves are banned
|clearpoke
|poke|p1|Dragonite, F|
|poke|p1|Ting-Lu|
|poke|p1|Clefable, F|
|poke|p1|Pecharunt|
|poke|p1|Heatran, F|
|poke|p1|Zamazenta-*|
|poke|p2|Gliscor, F|
|poke|p2|Ogerpon, F|
|poke|p2|Walking Wake|
|poke|p2|Blissey, F|
|poke|p2|Corviknight, M|
|poke|p2|Pecharunt|
|teampreview
|c|☆claudechamp|hf
|inactive|Battle timer is ON: inactive players will automatically lose when time's up. (requested by pegandotopglobal)
|inactive|claudechamp also wants the timer to be on.
|
|t:|1779810400
|teamsize|p1|6
|teamsize|p2|6
|start
|switch|p1a: Heatran|Heatran, F|100/100
|switch|p2a: Gliscor|Gliscor, F|100/100
|turn|1
|
|t:|1779810414
|move|p2a: Gliscor|Spikes|p1a: Heatran
|-sidestart|p1: pegandotopglobal|Spikes
|move|p1a: Heatran|Will-O-Wisp|p2a: Gliscor|[miss]
|-miss|p1a: Heatran|p2a: Gliscor
|
|-status|p2a: Gliscor|tox|[from] item: Toxic Orb
|upkeep
|turn|2
|c|☆pegandotopglobal|hf
|c|☆pegandotopglobal|Hf
|inactive|pegandotopglobal has 120 seconds left.
|
|t:|1779810445
|move|p2a: Gliscor|Spikes|p1a: Heatran
|-sidestart|p1: pegandotopglobal|Spikes
|move|p1a: Heatran|Will-O-Wisp||[still]
|-fail|p1a: Heatran
|
|upkeep
|turn|3
|
|t:|1779810456
|move|p2a: Gliscor|Spikes|p1a: Heatran
|-sidestart|p1: pegandotopglobal|Spikes
|move|p1a: Heatran|Magma Storm|p2a: Gliscor|[miss]
|-miss|p1a: Heatran|p2a: Gliscor
|
|upkeep
|turn|4
|
|t:|1779810460
|switch|p2a: Blissey|Blissey, F|100/100
|move|p1a: Heatran|Magma Storm|p2a: Blissey|[miss]
|-miss|p1a: Heatran|p2a: Blissey
|
|upkeep
|turn|5
|
|t:|1779810463
|move|p1a: Heatran|Magma Storm|p2a: Blissey|[miss]
|-miss|p1a: Heatran|p2a: Blissey
|move|p2a: Blissey|Stealth Rock|p1a: Heatran
|-sidestart|p1: pegandotopglobal|move: Stealth Rock
|
|upkeep
|turn|6
|
|t:|1779810466
|switch|p2a: Walking Wake|Walking Wake|100/100
|move|p1a: Heatran|Magma Storm|p2a: Walking Wake
|-resisted|p2a: Walking Wake
|-damage|p2a: Walking Wake|89/100
|-activate|p2a: Walking Wake|move: Magma Storm|[of] p1a: Heatran
|
|-damage|p2a: Walking Wake|76/100|[from] move: Magma Storm|[partiallytrapped]
|upkeep
|turn|7
|
|t:|1779810471
|-terastallize|p1a: Heatran|Normal
|move|p2a: Walking Wake|Surf|p1a: Heatran
|-damage|p1a: Heatran|72/100
|move|p1a: Heatran|Will-O-Wisp|p2a: Walking Wake
|-status|p2a: Walking Wake|brn
|
|-heal|p1a: Heatran|78/100|[from] item: Leftovers
|-damage|p2a: Walking Wake|70/100 brn|[from] brn
|-damage|p2a: Walking Wake|58/100 brn|[from] move: Magma Storm|[partiallytrapped]
|upkeep
|turn|8
|
|t:|1779810481
|move|p2a: Walking Wake|Surf|p1a: Heatran
|-damage|p1a: Heatran|47/100
|move|p1a: Heatran|Stealth Rock|p2a: Walking Wake
|-sidestart|p2: claudechamp|move: Stealth Rock
|
|-heal|p1a: Heatran|53/100|[from] item: Leftovers
|-damage|p2a: Walking Wake|52/100 brn|[from] brn
|-damage|p2a: Walking Wake|39/100 brn|[from] move: Magma Storm|[partiallytrapped]
|upkeep
|turn|9
|
|t:|1779810494
|move|p2a: Walking Wake|Draco Meteor|p1a: Heatran
|-damage|p1a: Heatran|13/100
|-unboost|p2a: Walking Wake|spa|2
|move|p1a: Heatran|Earth Power|p2a: Walking Wake
|-damage|p2a: Walking Wake|6/100 brn
|
|-heal|p1a: Heatran|19/100|[from] item: Leftovers
|-damage|p2a: Walking Wake|0 fnt|[from] brn
|faint|p2a: Walking Wake
|-end|p2a: Walking Wake|Protosynthesis|[silent]
|upkeep
|
|t:|1779810496
|switch|p2a: Gliscor|Gliscor, F|100/100 tox
|-damage|p2a: Gliscor|88/100 tox|[from] Stealth Rock
|turn|10
|
|t:|1779810506
|move|p2a: Gliscor|Earthquake|p1a: Heatran
|-damage|p1a: Heatran|0 fnt
|faint|p1a: Heatran
|
|-heal|p2a: Gliscor|100/100 tox|[from] ability: Poison Heal
|upkeep
|
|t:|1779810522
|switch|p1a: Dragonite|Dragonite, F|100/100
|turn|11
|
|t:|1779810526
|move|p2a: Gliscor|Toxic|p1a: Dragonite
|-status|p1a: Dragonite|tox
|move|p1a: Dragonite|Dragon Tail|p2a: Gliscor
|-damage|p2a: Gliscor|73/100 tox
|drag|p2a: Ogerpon|Ogerpon, F|100/100
|
|-damage|p1a: Dragonite|94/100 tox|[from] psn
|upkeep
|turn|12
|
|t:|1779810530
|move|p2a: Ogerpon|Knock Off|p1a: Dragonite
|-damage|p1a: Dragonite|66/100 tox
|-enditem|p1a: Dragonite|Heavy-Duty Boots|[from] move: Knock Off|[of] p2a: Ogerpon
|move|p1a: Dragonite|Dragon Tail|p2a: Ogerpon
|-damage|p2a: Ogerpon|53/100
|drag|p2a: Blissey|Blissey, F|100/100
|
|-damage|p1a: Dragonite|53/100 tox|[from] psn
|upkeep
|turn|13
|
|t:|1779810535
|switch|p2a: Pecharunt|Pecharunt|100/100
|move|p1a: Dragonite|Dragon Tail|p2a: Pecharunt
|-damage|p2a: Pecharunt|84/100
|drag|p2a: Corviknight|Corviknight, M|100/100
|-ability|p2a: Corviknight|Pressure
|
|-damage|p1a: Dragonite|34/100 tox|[from] psn
|upkeep
|turn|14
|
|t:|1779810545
|switch|p2a: Pecharunt|Pecharunt|84/100
|move|p1a: Dragonite|Dragon Tail|p2a: Pecharunt
|-damage|p2a: Pecharunt|66/100
|drag|p2a: Gliscor|Gliscor, F|73/100 tox
|-damage|p2a: Gliscor|60/100 tox|[from] Stealth Rock
|
|-heal|p2a: Gliscor|73/100 tox|[from] ability: Poison Heal
|-damage|p1a: Dragonite|10/100 tox|[from] psn
|upkeep
|turn|15
|
|t:|1779810554
|switch|p2a: Pecharunt|Pecharunt|66/100
|move|p1a: Dragonite|Extreme Speed|p2a: Pecharunt
|-immune|p2a: Pecharunt
|
|-damage|p1a: Dragonite|0 fnt|[from] psn
|faint|p1a: Dragonite
|upkeep
|
|t:|1779810564
|switch|p1a: Ting-Lu|Ting-Lu|100/100
|-damage|p1a: Ting-Lu|76/100|[from] Spikes
|-damage|p1a: Ting-Lu|69/100|[from] Stealth Rock
|-ability|p1a: Ting-Lu|Vessel of Ruin
|turn|16
|
|t:|1779810572
|move|p2a: Pecharunt|Malignant Chain|p1a: Ting-Lu
|-resisted|p1a: Ting-Lu
|-damage|p1a: Ting-Lu|63/100
|move|p1a: Ting-Lu|Spikes|p2a: Pecharunt
|-sidestart|p2: claudechamp|Spikes
|
|-heal|p1a: Ting-Lu|69/100|[from] item: Leftovers
|upkeep
|turn|17
|
|t:|1779810577
|move|p2a: Pecharunt|Parting Shot|p1a: Ting-Lu
|-unboost|p1a: Ting-Lu|atk|1
|-unboost|p1a: Ting-Lu|spa|1
|
|t:|1779810585
|switch|p2a: Ogerpon|Ogerpon, F|53/100|[from] Parting Shot
|move|p1a: Ting-Lu|Spikes|p2a: Ogerpon
|-sidestart|p2: claudechamp|Spikes
|
|-heal|p1a: Ting-Lu|75/100|[from] item: Leftovers
|upkeep
|turn|18
|
|t:|1779810594
|move|p2a: Ogerpon|Ivy Cudgel|p1a: Ting-Lu
|-supereffective|p1a: Ting-Lu
|-damage|p1a: Ting-Lu|23/100
|move|p1a: Ting-Lu|Whirlwind|p2a: Ogerpon
|drag|p2a: Corviknight|Corviknight, M|100/100
|-ability|p2a: Corviknight|Pressure
|
|-heal|p1a: Ting-Lu|29/100|[from] item: Leftovers
|upkeep
|turn|19
|
|t:|1779810604
|move|p2a: Corviknight|Body Press|p1a: Ting-Lu
|-supereffective|p1a: Ting-Lu
|-damage|p1a: Ting-Lu|1/100
|move|p1a: Ting-Lu|Spikes|p2a: Corviknight
|-sidestart|p2: claudechamp|Spikes
|
|-heal|p1a: Ting-Lu|7/100|[from] item: Leftovers
|upkeep
|turn|20
|
|t:|1779810612
|move|p2a: Corviknight|Body Press|p1a: Ting-Lu
|-supereffective|p1a: Ting-Lu
|-damage|p1a: Ting-Lu|0 fnt
|faint|p1a: Ting-Lu
|
|upkeep
|
|t:|1779810621
|switch|p1a: Clefable|Clefable, F|100/100
|turn|21
|
|t:|1779810631
|switch|p2a: Pecharunt|Pecharunt|66/100
|move|p1a: Clefable|Knock Off|p2a: Pecharunt
|-supereffective|p2a: Pecharunt
|-damage|p2a: Pecharunt|53/100
|-enditem|p2a: Pecharunt|Heavy-Duty Boots|[from] move: Knock Off|[of] p1a: Clefable
|
|upkeep
|turn|22
|
|t:|1779810640
|move|p2a: Pecharunt|Malignant Chain|p1a: Clefable
|-supereffective|p1a: Clefable
|-damage|p1a: Clefable|43/100
|-status|p1a: Clefable|tox
|-start|p1a: Clefable|confusion|[from] ability: Poison Puppeteer|[of] p2a: Pecharunt
|-activate|p1a: Clefable|confusion
|-damage|p1a: Clefable|38/100 tox|[from] confusion
|
|-heal|p1a: Clefable|44/100 tox|[from] item: Leftovers
|upkeep
|turn|23
|
|t:|1779810647
|move|p2a: Pecharunt|Malignant Chain|p1a: Clefable
|-supereffective|p1a: Clefable
|-damage|p1a: Clefable|0 fnt
|faint|p1a: Clefable
|
|upkeep
|
|t:|1779810652
|switch|p1a: Zamazenta|Zamazenta|100/100
|-ability|p1a: Zamazenta|Dauntless Shield|boost
|-boost|p1a: Zamazenta|def|1
|turn|24
|
|t:|1779810656
|move|p1a: Zamazenta|Crunch|p2a: Pecharunt
|-supereffective|p2a: Pecharunt
|-damage|p2a: Pecharunt|26/100
|move|p2a: Pecharunt|Recover|p2a: Pecharunt
|-heal|p2a: Pecharunt|76/100
|
|upkeep
|turn|25
|
|t:|1779810661
|-terastallize|p2a: Pecharunt|Dark
|move|p2a: Pecharunt|Malignant Chain|p1a: Zamazenta
|-damage|p1a: Zamazenta|72/100
|-status|p1a: Zamazenta|tox
|-start|p1a: Zamazenta|confusion|[from] ability: Poison Puppeteer|[of] p2a: Pecharunt
|-activate|p1a: Zamazenta|confusion
|-damage|p1a: Zamazenta|63/100 tox|[from] confusion
|
|-damage|p1a: Zamazenta|56/100 tox|[from] psn
|upkeep
|turn|26
|
|t:|1779810668
|move|p2a: Pecharunt|Foul Play|p1a: Zamazenta
|-resisted|p1a: Zamazenta
|-damage|p1a: Zamazenta|43/100 tox
|-activate|p1a: Zamazenta|confusion
|move|p1a: Zamazenta|Roar|p2a: Pecharunt
|drag|p2a: Blissey|Blissey, F|100/100
|
|-damage|p1a: Zamazenta|30/100 tox|[from] psn
|upkeep
|turn|27
|
|t:|1779810673
|-end|p1a: Zamazenta|confusion
|move|p1a: Zamazenta|Close Combat|p2a: Blissey
|-supereffective|p2a: Blissey
|-damage|p2a: Blissey|0 fnt
|-unboost|p1a: Zamazenta|def|1
|-unboost|p1a: Zamazenta|spd|1
|faint|p2a: Blissey
|
|-damage|p1a: Zamazenta|12/100 tox|[from] psn
|upkeep
|
|t:|1779810678
|switch|p2a: Gliscor|Gliscor, F|73/100 tox
|-damage|p2a: Gliscor|60/100 tox|[from] Stealth Rock
|turn|28
|
|t:|1779810690
|move|p1a: Zamazenta|Ice Fang|p2a: Gliscor
|-supereffective|p2a: Gliscor
|-damage|p2a: Gliscor|0 fnt
|faint|p2a: Gliscor
|
|-damage|p1a: Zamazenta|0 fnt|[from] psn
|faint|p1a: Zamazenta
|upkeep
|
|t:|1779810696
|switch|p1a: Pecharunt|Pecharunt|100/100
|switch|p2a: Pecharunt|Pecharunt, tera:Dark|76/100
|-damage|p2a: Pecharunt|64/100|[from] Stealth Rock
|-damage|p2a: Pecharunt|39/100|[from] Spikes
|turn|29
|
|t:|1779810705
|move|p1a: Pecharunt|Toxic|p2a: Pecharunt
|-status|p2a: Pecharunt|tox
|-start|p2a: Pecharunt|confusion|[from] ability: Poison Puppeteer|[of] p1a: Pecharunt
|-activate|p2a: Pecharunt|confusion
|-damage|p2a: Pecharunt|35/100 tox|[from] confusion
|
|-damage|p2a: Pecharunt|29/100 tox|[from] psn
|upkeep
|turn|30
|
|t:|1779810715
|move|p1a: Pecharunt|Parting Shot|p2a: Pecharunt
|-unboost|p2a: Pecharunt|atk|1
|-unboost|p2a: Pecharunt|spa|1
|-end|p2a: Pecharunt|confusion
|move|p2a: Pecharunt|Foul Play|p1a: Pecharunt
|-supereffective|p1a: Pecharunt
|-damage|p1a: Pecharunt|79/100
|
|-damage|p2a: Pecharunt|17/100 tox|[from] psn
|upkeep
|turn|31
|
|t:|1779810723
|move|p1a: Pecharunt|Recover|p1a: Pecharunt
|-heal|p1a: Pecharunt|100/100
|move|p2a: Pecharunt|Foul Play|p1a: Pecharunt
|-supereffective|p1a: Pecharunt
|-damage|p1a: Pecharunt|78/100
|
|-damage|p2a: Pecharunt|0 fnt|[from] psn
|faint|p2a: Pecharunt
|upkeep
|
|t:|1779810732
|switch|p2a: Ogerpon|Ogerpon, F|53/100
|turn|32
|
|t:|1779810737
|move|p2a: Ogerpon|Knock Off|p1a: Pecharunt
|-supereffective|p1a: Pecharunt
|-damage|p1a: Pecharunt|47/100
|-enditem|p1a: Pecharunt|Heavy-Duty Boots|[from] move: Knock Off|[of] p2a: Ogerpon
|move|p1a: Pecharunt|Toxic|p2a: Ogerpon
|-status|p2a: Ogerpon|tox
|-start|p2a: Ogerpon|confusion|[from] ability: Poison Puppeteer|[of] p1a: Pecharunt
|
|-damage|p2a: Ogerpon|47/100 tox|[from] psn
|upkeep
|turn|33
|
|t:|1779810744
|switch|p2a: Corviknight|Corviknight, M|100/100
|-ability|p2a: Corviknight|Pressure
|move|p1a: Pecharunt|Recover|p1a: Pecharunt
|-heal|p1a: Pecharunt|97/100
|
|upkeep
|turn|34
|
|t:|1779810751
|move|p1a: Pecharunt|Shadow Ball|p2a: Corviknight
|-damage|p2a: Corviknight|73/100
|move|p2a: Corviknight|Thief|p1a: Pecharunt
|-supereffective|p1a: Pecharunt
|-crit|p1a: Pecharunt
|-damage|p1a: Pecharunt|80/100
|
|upkeep
|turn|35
|
|t:|1779810760
|move|p1a: Pecharunt|Shadow Ball|p2a: Corviknight
|-damage|p2a: Corviknight|45/100
|move|p2a: Corviknight|Roost|p2a: Corviknight
|-heal|p2a: Corviknight|95/100
|-singleturn|p2a: Corviknight|move: Roost
|
|upkeep
|turn|36
|
|t:|1779810766
|move|p1a: Pecharunt|Shadow Ball|p2a: Corviknight
|-damage|p2a: Corviknight|67/100
|move|p2a: Corviknight|Thief|p1a: Pecharunt
|-supereffective|p1a: Pecharunt
|-damage|p1a: Pecharunt|68/100
|
|upkeep
|turn|37
|
|t:|1779810778
|move|p1a: Pecharunt|Shadow Ball|p2a: Corviknight
|-damage|p2a: Corviknight|40/100
|move|p2a: Corviknight|Roost|p2a: Corviknight
|-heal|p2a: Corviknight|90/100
|-singleturn|p2a: Corviknight|move: Roost
|
|upkeep
|turn|38
|
|t:|1779810788
|move|p1a: Pecharunt|Parting Shot|p2a: Corviknight
|-unboost|p2a: Corviknight|atk|1
|-unboost|p2a: Corviknight|spa|1
|move|p2a: Corviknight|Thief|p1a: Pecharunt
|-supereffective|p1a: Pecharunt
|-damage|p1a: Pecharunt|60/100
|
|upkeep
|turn|39
|
|t:|1779810795
|move|p1a: Pecharunt|Shadow Ball|p2a: Corviknight
|-damage|p2a: Corviknight|61/100
|move|p2a: Corviknight|U-turn|p1a: Pecharunt
|-resisted|p1a: Pecharunt
|-crit|p1a: Pecharunt
|-damage|p1a: Pecharunt|57/100
|
|t:|1779810802
|switch|p2a: Ogerpon|Ogerpon, F|47/100 tox|[from] U-turn
|
|-damage|p2a: Ogerpon|41/100 tox|[from] psn
|upkeep
|turn|40
|
|t:|1779810812
|move|p2a: Ogerpon|U-turn|p1a: Pecharunt
|-resisted|p1a: Pecharunt
|-damage|p1a: Pecharunt|55/100
|
|t:|1779810821
|switch|p2a: Corviknight|Corviknight, M|61/100|[from] U-turn
|-ability|p2a: Corviknight|Pressure
|move|p1a: Pecharunt|Recover|p1a: Pecharunt
|-heal|p1a: Pecharunt|100/100
|
|upkeep
|turn|41
|
|t:|1779810831
|move|p1a: Pecharunt|Shadow Ball|p2a: Corviknight
|-damage|p2a: Corviknight|35/100
|move|p2a: Corviknight|Roost|p2a: Corviknight
|-heal|p2a: Corviknight|85/100
|-singleturn|p2a: Corviknight|move: Roost
|
|upkeep
|turn|42
|
|t:|1779810841
|move|p1a: Pecharunt|Parting Shot|p2a: Corviknight
|-unboost|p2a: Corviknight|atk|1
|-unboost|p2a: Corviknight|spa|1
|move|p2a: Corviknight|Thief|p1a: Pecharunt
|-supereffective|p1a: Pecharunt
|-damage|p1a: Pecharunt|92/100
|
|upkeep
|turn|43
|
|t:|1779810848
|move|p1a: Pecharunt|Shadow Ball|p2a: Corviknight
|-damage|p2a: Corviknight|58/100
|move|p2a: Corviknight|Roost|p2a: Corviknight
|-heal|p2a: Corviknight|100/100
|-singleturn|p2a: Corviknight|move: Roost
|
|upkeep
|turn|44
|
|t:|1779810854
|move|p1a: Pecharunt|Parting Shot|p2a: Corviknight
|-unboost|p2a: Corviknight|atk|1
|-unboost|p2a: Corviknight|spa|1
|move|p2a: Corviknight|Thief|p1a: Pecharunt
|-supereffective|p1a: Pecharunt
|-damage|p1a: Pecharunt|86/100
|
|upkeep
|turn|45
|
|t:|1779810860
|move|p1a: Pecharunt|Shadow Ball|p2a: Corviknight
|-damage|p2a: Corviknight|74/100
|move|p2a: Corviknight|U-turn|p1a: Pecharunt
|-resisted|p1a: Pecharunt
|-damage|p1a: Pecharunt|85/100
|
|t:|1779810872
|switch|p2a: Ogerpon|Ogerpon, F|41/100 tox|[from] U-turn
|
|-damage|p2a: Ogerpon|35/100 tox|[from] psn
|upkeep
|turn|46
|
|t:|1779810880
|move|p2a: Ogerpon|U-turn|p1a: Pecharunt
|-resisted|p1a: Pecharunt
|-damage|p1a: Pecharunt|82/100
|
|t:|1779810887
|switch|p2a: Corviknight|Corviknight, M|74/100|[from] U-turn
|-ability|p2a: Corviknight|Pressure
|move|p1a: Pecharunt|Shadow Ball|p2a: Corviknight
|-damage|p2a: Corviknight|47/100
|
|upkeep
|turn|47
|
|t:|1779810896
|move|p1a: Pecharunt|Parting Shot|p2a: Corviknight
|-unboost|p2a: Corviknight|atk|1
|-unboost|p2a: Corviknight|spa|1
|move|p2a: Corviknight|Roost|p2a: Corviknight
|-heal|p2a: Corviknight|97/100
|-singleturn|p2a: Corviknight|move: Roost
|
|upkeep
|turn|48
|
|t:|1779810904
|move|p1a: Pecharunt|Toxic|p2a: Corviknight
|-immune|p2a: Corviknight
|move|p2a: Corviknight|U-turn|p1a: Pecharunt
|-resisted|p1a: Pecharunt
|-damage|p1a: Pecharunt|81/100
|
|t:|1779810911
|switch|p2a: Ogerpon|Ogerpon, F|35/100 tox|[from] U-turn
|
|-damage|p2a: Ogerpon|29/100 tox|[from] psn
|upkeep
|turn|49
|
|t:|1779810919
|move|p2a: Ogerpon|U-turn|p1a: Pecharunt
|-resisted|p1a: Pecharunt
|-damage|p1a: Pecharunt|79/100
|
|t:|1779810928
|switch|p2a: Corviknight|Corviknight, M|97/100|[from] U-turn
|-ability|p2a: Corviknight|Pressure
|move|p1a: Pecharunt|Parting Shot|p2a: Corviknight
|-unboost|p2a: Corviknight|atk|1
|-unboost|p2a: Corviknight|spa|1
|
|upkeep
|turn|50
|
|t:|1779810946
|move|p1a: Pecharunt|Shadow Ball|p2a: Corviknight
|-damage|p2a: Corviknight|68/100
|move|p2a: Corviknight|U-turn|p1a: Pecharunt
|-resisted|p1a: Pecharunt
|-damage|p1a: Pecharunt|78/100
|
|t:|1779810953
|switch|p2a: Ogerpon|Ogerpon, F|29/100 tox|[from] U-turn
|
|-damage|p2a: Ogerpon|23/100 tox|[from] psn
|upkeep
|turn|51
|
|t:|1779810969
|move|p2a: Ogerpon|U-turn|p1a: Pecharunt
|-resisted|p1a: Pecharunt
|-damage|p1a: Pecharunt|75/100
|
|t:|1779810980
|switch|p2a: Corviknight|Corviknight, M|68/100|[from] U-turn
|-ability|p2a: Corviknight|Pressure
|move|p1a: Pecharunt|Recover|p1a: Pecharunt
|-heal|p1a: Pecharunt|100/100
|
|upkeep
|turn|52
|
|t:|1779810986
|move|p1a: Pecharunt|Parting Shot|p2a: Corviknight
|-unboost|p2a: Corviknight|atk|1
|-unboost|p2a: Corviknight|spa|1
|move|p2a: Corviknight|Roost|p2a: Corviknight
|-heal|p2a: Corviknight|100/100
|-singleturn|p2a: Corviknight|move: Roost
|
|upkeep
|turn|53
|
|t:|1779810995
|move|p1a: Pecharunt|Toxic|p2a: Corviknight
|-immune|p2a: Corviknight
|move|p2a: Corviknight|Thief|p1a: Pecharunt
|-supereffective|p1a: Pecharunt
|-damage|p1a: Pecharunt|93/100
|
|upkeep
|turn|54
|
|t:|1779811008
|move|p1a: Pecharunt|Parting Shot|p2a: Corviknight
|-unboost|p2a: Corviknight|atk|1
|-unboost|p2a: Corviknight|spa|1
|move|p2a: Corviknight|Thief|p1a: Pecharunt
|-supereffective|p1a: Pecharunt
|-damage|p1a: Pecharunt|86/100
|
|upkeep
|turn|55
|
|t:|1779811018
|move|p1a: Pecharunt|Toxic|p2a: Corviknight
|-immune|p2a: Corviknight
|move|p2a: Corviknight|U-turn|p1a: Pecharunt
|-resisted|p1a: Pecharunt
|-damage|p1a: Pecharunt|85/100
|
|t:|1779811023
|switch|p2a: Ogerpon|Ogerpon, F|23/100 tox|[from] U-turn
|
|-damage|p2a: Ogerpon|17/100 tox|[from] psn
|upkeep
|turn|56
|
|t:|1779811029
|move|p2a: Ogerpon|U-turn|p1a: Pecharunt
|-resisted|p1a: Pecharunt
|-damage|p1a: Pecharunt|83/100
|
|t:|1779811034
|switch|p2a: Corviknight|Corviknight, M|100/100|[from] U-turn
|-ability|p2a: Corviknight|Pressure
|move|p1a: Pecharunt|Toxic|p2a: Corviknight
|-immune|p2a: Corviknight
|
|upkeep
|turn|57
|
|t:|1779811039
|move|p1a: Pecharunt|Shadow Ball|p2a: Corviknight
|-damage|p2a: Corviknight|72/100
|move|p2a: Corviknight|Thief|p1a: Pecharunt
|-supereffective|p1a: Pecharunt
|-damage|p1a: Pecharunt|70/100
|
|upkeep
|turn|58
|
|t:|1779811046
|move|p1a: Pecharunt|Parting Shot|p2a: Corviknight
|-unboost|p2a: Corviknight|atk|1
|-unboost|p2a: Corviknight|spa|1
|move|p2a: Corviknight|Roost|p2a: Corviknight
|-heal|p2a: Corviknight|100/100
|-singleturn|p2a: Corviknight|move: Roost
|
|upkeep
|turn|59
|
|t:|1779811056
|move|p1a: Pecharunt|Toxic|p2a: Corviknight
|-immune|p2a: Corviknight
|move|p2a: Corviknight|U-turn|p1a: Pecharunt
|-resisted|p1a: Pecharunt
|-damage|p1a: Pecharunt|69/100
|
|t:|1779811062
|switch|p2a: Ogerpon|Ogerpon, F|17/100 tox|[from] U-turn
|
|-damage|p2a: Ogerpon|11/100 tox|[from] psn
|upkeep
|turn|60
|
|t:|1779811069
|move|p2a: Ogerpon|U-turn|p1a: Pecharunt
|-resisted|p1a: Pecharunt
|-damage|p1a: Pecharunt|67/100
|
|t:|1779811075
|switch|p2a: Corviknight|Corviknight, M|100/100|[from] U-turn
|-ability|p2a: Corviknight|Pressure
|move|p1a: Pecharunt|Recover|p1a: Pecharunt
|-heal|p1a: Pecharunt|100/100
|
|upkeep
|turn|61
|
|t:|1779811086
|move|p1a: Pecharunt|Parting Shot|p2a: Corviknight
|-unboost|p2a: Corviknight|atk|1
|-unboost|p2a: Corviknight|spa|1
|move|p2a: Corviknight|Thief|p1a: Pecharunt
|-supereffective|p1a: Pecharunt
|-damage|p1a: Pecharunt|93/100
|
|upkeep
|turn|62
|
|t:|1779811096
|move|p1a: Pecharunt|Parting Shot|p2a: Corviknight
|-unboost|p2a: Corviknight|atk|1
|-unboost|p2a: Corviknight|spa|1
|move|p2a: Corviknight|Thief|p1a: Pecharunt
|-supereffective|p1a: Pecharunt
|-damage|p1a: Pecharunt|87/100
|
|upkeep
|turn|63
|
|t:|1779811103
|move|p1a: Pecharunt|Toxic|p2a: Corviknight
|-immune|p2a: Corviknight
|move|p2a: Corviknight|Thief|p1a: Pecharunt
|-supereffective|p1a: Pecharunt
|-damage|p1a: Pecharunt|81/100
|
|upkeep
|turn|64
|
|t:|1779811117
|move|p1a: Pecharunt|Shadow Ball|p2a: Corviknight
|-damage|p2a: Corviknight|75/100
|move|p2a: Corviknight|Thief|p1a: Pecharunt
|-supereffective|p1a: Pecharunt
|-damage|p1a: Pecharunt|75/100
|
|upkeep
|turn|65
|
|t:|1779811124
|switch|p2a: Ogerpon|Ogerpon, F|11/100 tox
|move|p1a: Pecharunt|Toxic|p2a: Ogerpon
|-fail|p2a: Ogerpon|tox
|
|-damage|p2a: Ogerpon|5/100 tox|[from] psn
|upkeep
|turn|66
|
|t:|1779811128
|move|p2a: Ogerpon|Encore|p1a: Pecharunt
|-start|p1a: Pecharunt|Encore
|move|p1a: Pecharunt|Toxic|p2a: Ogerpon
|-fail|p2a: Ogerpon|tox
|
|-damage|p2a: Ogerpon|0 fnt|[from] psn
|faint|p2a: Ogerpon
|-end|p1a: Pecharunt|Encore
|upkeep
|
|t:|1779811138
|switch|p2a: Corviknight|Corviknight, M|75/100
|-ability|p2a: Corviknight|Pressure
|turn|67
|
|t:|1779811148
|move|p1a: Pecharunt|Parting Shot|p2a: Corviknight
|-unboost|p2a: Corviknight|atk|1
|-unboost|p2a: Corviknight|spa|1
|move|p2a: Corviknight|Thief|p1a: Pecharunt
|-supereffective|p1a: Pecharunt
|-damage|p1a: Pecharunt|66/100
|
|upkeep
|turn|68
|
|t:|1779811155
|move|p1a: Pecharunt|Parting Shot|p2a: Corviknight
|-unboost|p2a: Corviknight|atk|1
|-unboost|p2a: Corviknight|spa|1
|move|p2a: Corviknight|Thief|p1a: Pecharunt
|-supereffective|p1a: Pecharunt
|-damage|p1a: Pecharunt|60/100
|
|upkeep
|turn|69
|
|t:|1779811162
|move|p1a: Pecharunt|Parting Shot|p2a: Corviknight
|-unboost|p2a: Corviknight|atk|1
|-unboost|p2a: Corviknight|spa|1
|move|p2a: Corviknight|Thief|p1a: Pecharunt
|-supereffective|p1a: Pecharunt
|-damage|p1a: Pecharunt|55/100
|
|upkeep
|turn|70
|
|t:|1779811169
|move|p1a: Pecharunt|Parting Shot|p2a: Corviknight
|-unboost|p2a: Corviknight|atk|1
|-unboost|p2a: Corviknight|spa|1
|move|p2a: Corviknight|Roost|p2a: Corviknight
|-heal|p2a: Corviknight|100/100
|-singleturn|p2a: Corviknight|move: Roost
|
|upkeep
|turn|71
|
|t:|1779811176
|move|p1a: Pecharunt|Parting Shot|p2a: Corviknight
|-unboost|p2a: Corviknight|atk|1
|-unboost|p2a: Corviknight|spa|1
|move|p2a: Corviknight|Thief|p1a: Pecharunt
|-supereffective|p1a: Pecharunt
|-damage|p1a: Pecharunt|52/100
|
|upkeep
|turn|72
|
|t:|1779811186
|move|p1a: Pecharunt|Parting Shot|p2a: Corviknight
|-unboost|p2a: Corviknight|atk|1
|-unboost|p2a: Corviknight|spa|1
|move|p2a: Corviknight|Thief|p1a: Pecharunt
|-supereffective|p1a: Pecharunt
|-damage|p1a: Pecharunt|48/100
|
|upkeep
|turn|73
|
|t:|1779811194
|move|p1a: Pecharunt|Recover|p1a: Pecharunt
|-heal|p1a: Pecharunt|98/100
|move|p2a: Corviknight|Thief|p1a: Pecharunt
|-supereffective|p1a: Pecharunt
|-damage|p1a: Pecharunt|95/100
|
|upkeep
|turn|74
|
|t:|1779811203
|move|p1a: Pecharunt|Recover|p1a: Pecharunt
|-heal|p1a: Pecharunt|100/100
|move|p2a: Corviknight|Thief|p1a: Pecharunt
|-supereffective|p1a: Pecharunt
|-damage|p1a: Pecharunt|98/100
|
|upkeep
|turn|75
|
|t:|1779811211
|move|p1a: Pecharunt|Recover|p1a: Pecharunt
|-heal|p1a: Pecharunt|100/100
|move|p2a: Corviknight|Thief|p1a: Pecharunt
|-supereffective|p1a: Pecharunt
|-damage|p1a: Pecharunt|97/100
|
|upkeep
|turn|76
|
|t:|1779811218
|-activate|p1a: Pecharunt|move: Struggle
|move|p1a: Pecharunt|Struggle|p2a: Corviknight
|-damage|p2a: Corviknight|96/100
|-damage|p1a: Pecharunt|72/100|[from] recoil
|move|p2a: Corviknight|Thief|p1a: Pecharunt
|-supereffective|p1a: Pecharunt
|-damage|p1a: Pecharunt|69/100
|
|upkeep
|turn|77
|c|☆pegandotopglobal|Gg bro
|c|☆pegandotopglobal|your team is stall pure
|-message|pegandotopglobal forfeited.
|
|win|claudechamp
|raw|pegandotopglobal's rating: 1300 &rarr; <strong>1271</strong><br />(-29 for losing)
|raw|claudechamp's rating: 1251 &rarr; <strong>1280</strong><br />(+29 for winning)
|c|☆claudechamp|gg
|l|☆pegandotopglobal
|player|p1|
