|j|☆chrisfeb1992
|j|☆akelimaru
|t:|1779810327
|gametype|singles
|player|p1|chrisfeb1992|102|1303
|player|p2|akelimaru|elesa|1286
|gen|9
|tier|[Gen 9] OU
|rated|
|rule|HP Percentage Mod: HP is shown in percentages
|rule|Endless Battle Clause: Forcing endless battles is banned
|rule|Species Clause: Limit one of each Pokémon
|rule|OHKO Clause: OHKO moves are banned
|rule|Evasion Items Clause: Evasion items are banned
|rule|Evasion Moves Clause: Evasion moves are banned
|rule|Evasion Abilities Clause: Evasion abilities are banned
|rule|Sleep Moves Clause: Sleep-inducing moves are banned
|clearpoke
|poke|p1|Ceruledge, M|
|poke|p1|Ribombee, F|
|poke|p1|Ursaluna, M|
|poke|p1|Darkrai|
|poke|p1|Iron Treads|
|poke|p1|Regieleki|
|poke|p2|Meowscarada, F|
|poke|p2|Pecharunt|
|poke|p2|Enamorus, F|
|poke|p2|Iron Treads|
|poke|p2|Skarmory, F|
|poke|p2|Slowking, M|
|teampreview
|
|t:|1779810333
|teamsize|p1|6
|teamsize|p2|6
|start
|switch|p1a: Ribombee|Ribombee, F|100/100
|switch|p2a: Skarmory|Skarmory, F|100/100
|turn|1
|
|t:|1779810346
|move|p1a: Ribombee|Sticky Web|p2a: Skarmory
|-sidestart|p2: akelimaru|move: Sticky Web
|move|p2a: Skarmory|Spikes|p1a: Ribombee
|-sidestart|p1: chrisfeb1992|Spikes
|
|upkeep
|turn|2
|
|t:|1779810354
|move|p1a: Ribombee|Moonblast|p2a: Skarmory
|-resisted|p2a: Skarmory
|-damage|p2a: Skarmory|71/100
|move|p2a: Skarmory|Spikes|p1a: Ribombee
|-sidestart|p1: chrisfeb1992|Spikes
|
|upkeep
|turn|3
|
|t:|1779810361
|switch|p2a: Iron Treads|Iron Treads|100/100
|-activate|p2a: Iron Treads|move: Sticky Web
|-unboost|p2a: Iron Treads|spe|1
|move|p1a: Ribombee|Quiver Dance|p1a: Ribombee
|-boost|p1a: Ribombee|spa|1
|-boost|p1a: Ribombee|spd|1
|-boost|p1a: Ribombee|spe|1
|
|upkeep
|turn|4
|
|t:|1779810369
|move|p1a: Ribombee|U-turn|p2a: Iron Treads
|-resisted|p2a: Iron Treads
|-damage|p2a: Iron Treads|95/100
|
|t:|1779810372
|switch|p1a: Ceruledge|Ceruledge, M|100/100|[from] U-turn
|-damage|p1a: Ceruledge|84/100|[from] Spikes
|move|p2a: Iron Treads|Rapid Spin|p1a: Ceruledge
|-immune|p1a: Ceruledge
|
|-heal|p2a: Iron Treads|100/100|[from] item: Leftovers
|upkeep
|turn|5
|
|t:|1779810383
|-terastallize|p2a: Iron Treads|Ground
|move|p1a: Ceruledge|Bitter Blade|p2a: Iron Treads
|-damage|p2a: Iron Treads|63/100
|-heal|p1a: Ceruledge|100/100|[from] drain|[of] p2a: Iron Treads
|move|p2a: Iron Treads|Earthquake|p1a: Ceruledge
|-supereffective|p1a: Ceruledge
|-enditem|p1a: Ceruledge|Focus Sash
|-damage|p1a: Ceruledge|1/100
|-ability|p1a: Ceruledge|Weak Armor|boost
|-unboost|p1a: Ceruledge|def|1
|-boost|p1a: Ceruledge|spe|2
|
|-heal|p2a: Iron Treads|69/100|[from] item: Leftovers
|upkeep
|turn|6
|
|t:|1779810401
|-terastallize|p1a: Ceruledge|Ghost
|move|p1a: Ceruledge|Poltergeist|p2a: Iron Treads
|-activate|p2a: Iron Treads|move: Poltergeist|Leftovers
|-damage|p2a: Iron Treads|10/100
|move|p2a: Iron Treads|Earthquake|p1a: Ceruledge
|-damage|p1a: Ceruledge|0 fnt
|faint|p1a: Ceruledge
|
|-heal|p2a: Iron Treads|16/100|[from] item: Leftovers
|upkeep
|
|t:|1779810414
|switch|p1a: Ribombee|Ribombee, F|100/100
|-damage|p1a: Ribombee|84/100|[from] Spikes
|turn|7
|
|t:|1779810429
|-end|p2a: Iron Treads|Quark Drive|[silent]
|switch|p2a: Slowking|Slowking, M|100/100
|-activate|p2a: Slowking|move: Sticky Web
|-unboost|p2a: Slowking|spe|1
|move|p1a: Ribombee|Moonblast|p2a: Slowking
|-damage|p2a: Slowking|80/100
|
|upkeep
|turn|8
|
|t:|1779810437
|move|p1a: Ribombee|U-turn|p2a: Slowking
|-supereffective|p2a: Slowking
|-damage|p2a: Slowking|54/100
|
|t:|1779810440
|switch|p1a: Ursaluna|Ursaluna, M|100/100|[from] U-turn
|-damage|p1a: Ursaluna|84/100|[from] Spikes
|move|p2a: Slowking|Fire Blast|p1a: Ursaluna
|-damage|p1a: Ursaluna|61/100
|
|-status|p1a: Ursaluna|brn|[from] item: Flame Orb
|upkeep
|turn|9
|
|t:|1779810457
|switch|p2a: Skarmory|Skarmory, F|71/100
|move|p1a: Ursaluna|Facade|p2a: Skarmory
|-resisted|p2a: Skarmory
|-damage|p2a: Skarmory|42/100
|
|-damage|p1a: Ursaluna|55/100 brn|[from] brn
|upkeep
|turn|10
|
|t:|1779810466
|move|p1a: Ursaluna|Swords Dance|p1a: Ursaluna
|-boost|p1a: Ursaluna|atk|2
|move|p2a: Skarmory|Body Press|p1a: Ursaluna
|-supereffective|p1a: Ursaluna
|-damage|p1a: Ursaluna|8/100 brn
|
|-damage|p1a: Ursaluna|2/100 brn|[from] brn
|upkeep
|turn|11
|
|t:|1779810476
|move|p1a: Ursaluna|Facade|p2a: Skarmory
|-resisted|p2a: Skarmory
|-damage|p2a: Skarmory|0 fnt
|faint|p2a: Skarmory
|
|-damage|p1a: Ursaluna|0 fnt|[from] brn
|faint|p1a: Ursaluna
|upkeep
|
|t:|1779810495
|switch|p1a: Ribombee|Ribombee, F|84/100
|switch|p2a: Meowscarada|Meowscarada, F|100/100
|-damage|p1a: Ribombee|68/100|[from] Spikes
|-activate|p2a: Meowscarada|move: Sticky Web
|-unboost|p2a: Meowscarada|spe|1
|turn|12
|
|t:|1779810511
|move|p1a: Ribombee|Moonblast|p2a: Meowscarada
|-supereffective|p2a: Meowscarada
|-damage|p2a: Meowscarada|0 fnt
|faint|p2a: Meowscarada
|
|upkeep
|
|t:|1779810520
|switch|p2a: Pecharunt|Pecharunt|100/100
|-activate|p2a: Pecharunt|move: Sticky Web
|-unboost|p2a: Pecharunt|spe|1
|turn|13
|
|t:|1779810527
|move|p1a: Ribombee|U-turn|p2a: Pecharunt
|-resisted|p2a: Pecharunt
|-damage|p2a: Pecharunt|99/100
|-damage|p1a: Ribombee|51/100|[from] item: Rocky Helmet|[of] p2a: Pecharunt
|
|t:|1779810533
|switch|p1a: Iron Treads|Iron Treads|100/100|[from] U-turn
|-damage|p1a: Iron Treads|84/100|[from] Spikes
|-enditem|p1a: Iron Treads|Booster Energy
|-activate|p1a: Iron Treads|ability: Quark Drive|[fromitem]
|-start|p1a: Iron Treads|quarkdrivespe
|move|p2a: Pecharunt|Malignant Chain|p1a: Iron Treads
|-immune|p1a: Iron Treads
|
|upkeep
|turn|14
|
|t:|1779810547
|move|p1a: Iron Treads|Stealth Rock|p2a: Pecharunt
|-sidestart|p2: akelimaru|move: Stealth Rock
|move|p2a: Pecharunt|Parting Shot|p1a: Iron Treads
|-unboost|p1a: Iron Treads|atk|1
|-unboost|p1a: Iron Treads|spa|1
|
|t:|1779810557
|switch|p2a: Enamorus|Enamorus, F|100/100|[from] Parting Shot
|-damage|p2a: Enamorus|76/100|[from] Stealth Rock
|
|upkeep
|turn|15
|
|t:|1779810566
|move|p1a: Iron Treads|Volt Switch|p2a: Enamorus
|-supereffective|p2a: Enamorus
|-damage|p2a: Enamorus|53/100
|
|t:|1779810572
|-end|p1a: Iron Treads|Quark Drive|[silent]
|switch|p1a: Ribombee|Ribombee, F|51/100|[from] Volt Switch
|-damage|p1a: Ribombee|35/100|[from] Spikes
|move|p2a: Enamorus|Earth Power|p1a: Ribombee
|-resisted|p1a: Ribombee
|-damage|p1a: Ribombee|6/100
|
|upkeep
|turn|16
|
|t:|1779810583
|move|p2a: Enamorus|Earth Power|p1a: Ribombee
|-resisted|p1a: Ribombee
|-damage|p1a: Ribombee|0 fnt
|faint|p1a: Ribombee
|
|upkeep
|
|t:|1779810589
|switch|p1a: Darkrai|Darkrai|100/100
|-damage|p1a: Darkrai|84/100|[from] Spikes
|turn|17
|
|t:|1779810594
|move|p1a: Darkrai|Dark Pulse|p2a: Enamorus
|-resisted|p2a: Enamorus
|-damage|p2a: Enamorus|24/100
|move|p2a: Enamorus|Earth Power|p1a: Darkrai
|-damage|p1a: Darkrai|41/100
|
|upkeep
|turn|18
|
|t:|1779810614
|move|p1a: Darkrai|Dark Pulse|p2a: Enamorus
|-resisted|p2a: Enamorus
|-damage|p2a: Enamorus|0 fnt
|faint|p2a: Enamorus
|
|upkeep
|
|t:|1779810627
|switch|p2a: Pecharunt|Pecharunt|99/100
|-activate|p2a: Pecharunt|move: Sticky Web
|-unboost|p2a: Pecharunt|spe|1
|-damage|p2a: Pecharunt|87/100|[from] Stealth Rock
|turn|19
|
|t:|1779810636
|move|p1a: Darkrai|Dark Pulse|p2a: Pecharunt
|-supereffective|p2a: Pecharunt
|-damage|p2a: Pecharunt|0 fnt
|faint|p2a: Pecharunt
|
|upkeep
|
|t:|1779810641
|switch|p2a: Iron Treads|Iron Treads, tera:Ground|16/100
|-activate|p2a: Iron Treads|move: Sticky Web
|-unboost|p2a: Iron Treads|spe|1
|-damage|p2a: Iron Treads|10/100|[from] Stealth Rock
|turn|20
|
|t:|1779810650
|move|p1a: Darkrai|Dark Pulse|p2a: Iron Treads
|-damage|p2a: Iron Treads|0 fnt
|faint|p2a: Iron Treads
|-end|p2a: Iron Treads|Quark Drive|[silent]
|
|upkeep
|
|t:|1779810656
|switch|p2a: Slowking|Slowking, M|87/100
|-activate|p2a: Slowking|move: Sticky Web
|-unboost|p2a: Slowking|spe|1
|-damage|p2a: Slowking|75/100|[from] Stealth Rock
|turn|21
|
|t:|1779810662
|move|p1a: Darkrai|Dark Pulse|p2a: Slowking
|-supereffective|p2a: Slowking
|-crit|p2a: Slowking
|-damage|p2a: Slowking|17/100
|cant|p2a: Slowking|flinch
|
|upkeep
|turn|22
|-message|akelimaru forfeited.
|
|win|chrisfeb1992
|raw|chrisfeb1992's rating: 1303 &rarr; <strong>1322</strong><br />(+19 for winning)
|raw|akelimaru's rating: 1286 &rarr; <strong>1262</strong><br />(-24 for losing)
|l|☆akelimaru
|player|p2|
