|j|☆NuttinOnU
|j|☆AdaptiveGoose
|t:|1779809317
|gametype|singles
|player|p1|NuttinOnU|n|1448
|player|p2|AdaptiveGoose|roxie|1464
|gen|9
|tier|[Gen 9] OU
|rated|
|rule|HP Percentage Mod: HP is shown in percentages
|rule|Endless Battle Clause: Forcing endless battles is banned
|rule|Species Clause: Limit one of each Pokémon
|rule|OHKO Clause: OHKO moves are banned
|rule|Evasion Items Clause: Evasion items are banned
|rule|Evasion Moves Clause: Evasion moves are banned
|rule|Evasion Abilities Clause: Evasion abilities are banned
|rule|Sleep Moves Clause: Sleep-inducing moves are banned
|clearpoke
|poke|p1|Raging Bolt|
|poke|p1|Iron Moth|
|poke|p1|Primarina, F|
|poke|p1|Zoroark-Hisui, M|
|poke|p1|Serperior, F|
|poke|p1|Great Tusk|
|poke|p2|Hydrapple, M|
|poke|p2|Moltres-Galar|
|poke|p2|Muk-Alola, M|
|poke|p2|Hawlucha, F|
|poke|p2|Excadrill, M|
|poke|p2|Heatran, F|
|teampreview
|j| jackattack75
|
|t:|1779809333
|teamsize|p1|6
|teamsize|p2|6
|start
|switch|p1a: Rhino Pill|Great Tusk|100/100
|switch|p2a: Muk|Muk-Alola, M, shiny|100/100
|turn|1
|
|t:|1779809348
|switch|p2a: Hawlucha|Hawlucha, F|100/100
|-ability|p2a: Hawlucha|Mold Breaker
|move|p1a: Rhino Pill|Flamethrower|p2a: Hawlucha
|-damage|p2a: Hawlucha|27/100
|-status|p2a: Hawlucha|brn
|
|-damage|p2a: Hawlucha|21/100 brn|[from] brn
|upkeep
|turn|2
|
|t:|1779809364
|switch|p1a: Primarina|Primarina, F, shiny|100/100
|move|p2a: Hawlucha|Dual Wingbeat|p1a: Primarina
|-damage|p1a: Primarina|88/100
|-damage|p1a: Primarina|76/100
|-hitcount|p1a: Primarina|2
|
|-damage|p2a: Hawlucha|15/100 brn|[from] brn
|upkeep
|turn|3
|
|t:|1779809373
|switch|p2a: Muk|Muk-Alola, M, shiny|100/100
|move|p1a: Primarina|Sparkling Aria|p2a: Muk
|-crit|p2a: Muk
|-damage|p2a: Muk|42/100
|
|upkeep
|turn|4
|
|t:|1779809377
|move|p1a: Primarina|Sparkling Aria|p2a: Muk
|-damage|p2a: Muk|3/100
|move|p2a: Muk|Poison Jab|p1a: Primarina
|-supereffective|p1a: Primarina
|-damage|p1a: Primarina|0 fnt
|faint|p1a: Primarina
|
|upkeep
|
|t:|1779809383
|switch|p1a: Rhino Pill|Great Tusk|100/100
|turn|5
|
|t:|1779809388
|move|p2a: Muk|Shadow Sneak|p1a: Rhino Pill
|-immune|p1a: Rhino Pill
|move|p1a: Rhino Pill|Flamethrower|p2a: Muk
|-damage|p2a: Muk|0 fnt
|faint|p2a: Muk
|
|upkeep
|
|t:|1779809412
|switch|p2a: Excadrill|Excadrill, M|100/100
|-ability|p2a: Excadrill|Mold Breaker
|-item|p2a: Excadrill|Air Balloon
|turn|6
|
|t:|1779809417
|switch|p2a: Heatran|Heatran, F, shiny|100/100
|move|p1a: Rhino Pill|Flamethrower|p2a: Heatran
|-start|p2a: Heatran|ability: Flash Fire
|
|upkeep
|turn|7
|
|t:|1779809423
|switch|p1a: Rhino Pill|Great Tusk|100/100
|move|p2a: Heatran|Stealth Rock|p1a: Rhino Pill
|-sidestart|p1: NuttinOnU|move: Stealth Rock
|
|upkeep
|turn|8
|
|t:|1779809436
|-end|p2a: Heatran|ability: Flash Fire|[silent]
|switch|p2a: Hawlucha|Hawlucha, F|15/100 brn
|-ability|p2a: Hawlucha|Mold Breaker
|move|p1a: Rhino Pill|Rapid Spin|p2a: Hawlucha
|-damage|p2a: Hawlucha|0 fnt
|-boost|p1a: Rhino Pill|spe|1
|-sideend|p1: NuttinOnU|Stealth Rock|[from] move: Rapid Spin|[of] p1a: Rhino Pill
|faint|p2a: Hawlucha
|
|upkeep
|
|t:|1779809442
|switch|p2a: Moltres|Moltres-Galar, shiny|100/100
|turn|9
|
|t:|1779809451
|-terastallize|p1a: Rhino Pill|Dragon
|move|p1a: Rhino Pill|Ice Spinner|p2a: Moltres
|-supereffective|p2a: Moltres
|-damage|p2a: Moltres|49/100
|-ability|p2a: Moltres|Berserk|boost
|-boost|p2a: Moltres|spa|1
|move|p2a: Moltres|Agility|p2a: Moltres
|-boost|p2a: Moltres|spe|2
|
|upkeep
|turn|10
|
|t:|1779809458
|move|p2a: Moltres|Hurricane|p1a: Rhino Pill
|-damage|p1a: Rhino Pill|0 fnt
|faint|p1a: Rhino Pill
|-end|p1a: Rhino Pill|Protosynthesis|[silent]
|
|upkeep
|
|t:|1779809462
|switch|p1a: Raging Bolt|Raging Bolt|100/100
|-enditem|p1a: Raging Bolt|Booster Energy
|-activate|p1a: Raging Bolt|ability: Protosynthesis|[fromitem]
|-start|p1a: Raging Bolt|protosynthesisspa
|turn|11
|
|t:|1779809475
|switch|p2a: Excadrill|Excadrill, M|100/100
|-ability|p2a: Excadrill|Mold Breaker
|-item|p2a: Excadrill|Air Balloon
|move|p1a: Raging Bolt|Draco Meteor|p2a: Excadrill
|-resisted|p2a: Excadrill
|-damage|p2a: Excadrill|38/100
|-unboost|p1a: Raging Bolt|spa|2
|-enditem|p2a: Excadrill|Air Balloon
|
|upkeep
|turn|12
|
|t:|1779809480
|-end|p1a: Raging Bolt|Protosynthesis|[silent]
|switch|p1a: Serperior|Serperior, F, shiny|100/100
|move|p2a: Excadrill|Earthquake|p1a: Serperior
|-resisted|p1a: Serperior
|-damage|p1a: Serperior|68/100
|
|upkeep
|turn|13
|
|t:|1779809488
|switch|p2a: Hydrapple|Hydrapple, M|100/100
|move|p1a: Serperior|Glare|p2a: Hydrapple
|-status|p2a: Hydrapple|par
|
|upkeep
|turn|14
|
|t:|1779809492
|move|p1a: Serperior|Dragon Pulse|p2a: Hydrapple
|-supereffective|p2a: Hydrapple
|-damage|p2a: Hydrapple|73/100 par
|move|p2a: Hydrapple|Fickle Beam|p1a: Serperior
|-damage|p1a: Serperior|13/100
|
|upkeep
|turn|15
|
|t:|1779809501
|move|p1a: Serperior|Dragon Pulse|p2a: Hydrapple
|-supereffective|p2a: Hydrapple
|-damage|p2a: Hydrapple|45/100 par
|move|p2a: Hydrapple|Fickle Beam|p1a: Serperior
|-damage|p1a: Serperior|0 fnt
|faint|p1a: Serperior
|
|upkeep
|
|t:|1779809504
|switch|p1a: Iron Moth|Iron Moth|100/100
|-enditem|p1a: Iron Moth|Booster Energy
|-activate|p1a: Iron Moth|ability: Quark Drive|[fromitem]
|-start|p1a: Iron Moth|quarkdrivespa
|turn|16
|
|t:|1779809525
|switch|p2a: Moltres|Moltres-Galar, shiny|49/100
|move|p1a: Iron Moth|Fiery Dance|p2a: Moltres
|-damage|p2a: Moltres|0 fnt
|-boost|p1a: Iron Moth|spa|1
|faint|p2a: Moltres
|
|upkeep
|
|t:|1779809529
|switch|p2a: Heatran|Heatran, F, shiny|100/100
|turn|17
|
|t:|1779809543
|switch|p2a: Hydrapple|Hydrapple, M|78/100 par
|move|p1a: Iron Moth|Energy Ball|p2a: Hydrapple
|-resisted|p2a: Hydrapple
|-damage|p2a: Hydrapple|68/100 par
|
|upkeep
|turn|18
|
|t:|1779809550
|-terastallize|p2a: Hydrapple|Water
|move|p1a: Iron Moth|Energy Ball|p2a: Hydrapple
|-supereffective|p2a: Hydrapple
|-damage|p2a: Hydrapple|0 fnt
|faint|p2a: Hydrapple
|
|upkeep
|c|☆AdaptiveGoose|: (
|
|t:|1779809568
|switch|p2a: Heatran|Heatran, F, shiny|100/100
|turn|19
|
|t:|1779809572
|move|p1a: Iron Moth|Energy Ball|p2a: Heatran
|-resisted|p2a: Heatran
|-damage|p2a: Heatran|91/100
|move|p2a: Heatran|Magma Storm|p1a: Iron Moth|[miss]
|-miss|p2a: Heatran|p1a: Iron Moth
|
|-heal|p2a: Heatran|97/100|[from] item: Leftovers
|upkeep
|turn|20
|
|t:|1779809578
|move|p1a: Iron Moth|Energy Ball|p2a: Heatran
|-resisted|p2a: Heatran
|-damage|p2a: Heatran|87/100
|move|p2a: Heatran|Magma Storm|p1a: Iron Moth
|-resisted|p1a: Iron Moth
|-damage|p1a: Iron Moth|79/100
|-activate|p1a: Iron Moth|move: Magma Storm|[of] p2a: Heatran
|
|-heal|p2a: Heatran|94/100|[from] item: Leftovers
|-damage|p1a: Iron Moth|66/100|[from] move: Magma Storm|[partiallytrapped]
|upkeep
|turn|21
|
|t:|1779809588
|move|p1a: Iron Moth|Energy Ball|p2a: Heatran
|-resisted|p2a: Heatran
|-damage|p2a: Heatran|83/100
|move|p2a: Heatran|Stealth Rock|p1a: Iron Moth
|-sidestart|p1: NuttinOnU|move: Stealth Rock
|
|-heal|p2a: Heatran|90/100|[from] item: Leftovers
|-damage|p1a: Iron Moth|54/100|[from] move: Magma Storm|[partiallytrapped]
|upkeep
|turn|22
|
|t:|1779809597
|move|p1a: Iron Moth|Energy Ball|p2a: Heatran
|-resisted|p2a: Heatran
|-damage|p2a: Heatran|79/100
|move|p2a: Heatran|Flash Cannon|p1a: Iron Moth
|-resisted|p1a: Iron Moth
|-damage|p1a: Iron Moth|37/100
|
|-heal|p2a: Heatran|85/100|[from] item: Leftovers
|-damage|p1a: Iron Moth|25/100|[from] move: Magma Storm|[partiallytrapped]
|upkeep
|turn|23
|
|t:|1779809607
|move|p1a: Iron Moth|Energy Ball|p2a: Heatran
|-resisted|p2a: Heatran
|-damage|p2a: Heatran|76/100
|move|p2a: Heatran|Flash Cannon|p1a: Iron Moth
|-resisted|p1a: Iron Moth
|-damage|p1a: Iron Moth|5/100
|
|-heal|p2a: Heatran|82/100|[from] item: Leftovers
|-damage|p1a: Iron Moth|0 fnt|[from] move: Magma Storm|[partiallytrapped]
|faint|p1a: Iron Moth
|-end|p1a: Iron Moth|Quark Drive|[silent]
|upkeep
|
|t:|1779809617
|switch|p1a: Raging Bolt|Raging Bolt|100/100
|-damage|p1a: Raging Bolt|88/100|[from] Stealth Rock
|turn|24
|
|t:|1779809625
|switch|p2a: Excadrill|Excadrill, M|38/100
|-ability|p2a: Excadrill|Mold Breaker
|move|p1a: Raging Bolt|Calm Mind|p1a: Raging Bolt
|-boost|p1a: Raging Bolt|spa|1
|-boost|p1a: Raging Bolt|spd|1
|
|upkeep
|turn|25
|
|t:|1779809633
|move|p2a: Excadrill|Earthquake|p1a: Raging Bolt
|-supereffective|p1a: Raging Bolt
|-damage|p1a: Raging Bolt|5/100
|move|p1a: Raging Bolt|Draco Meteor|p2a: Excadrill
|-resisted|p2a: Excadrill
|-damage|p2a: Excadrill|0 fnt
|-unboost|p1a: Raging Bolt|spa|2
|faint|p2a: Excadrill
|
|upkeep
|
|t:|1779809638
|switch|p2a: Heatran|Heatran, F, shiny|82/100
|turn|26
|
|t:|1779809641
|move|p1a: Raging Bolt|Thunderclap|p2a: Heatran
|-damage|p2a: Heatran|66/100
|move|p2a: Heatran|Flash Cannon|p1a: Raging Bolt
|-resisted|p1a: Raging Bolt
|-damage|p1a: Raging Bolt|0 fnt
|faint|p1a: Raging Bolt
|-end|p1a: Raging Bolt|Protosynthesis|[silent]
|
|-heal|p2a: Heatran|73/100|[from] item: Leftovers
|upkeep
|
|t:|1779809644
|switch|p1a: Zoroark|Zoroark-Hisui, M, shiny|100/100
|-damage|p1a: Zoroark|88/100|[from] Stealth Rock
|turn|27
|
|t:|1779809656
|move|p1a: Zoroark|Bitter Malice|p2a: Heatran
|-damage|p2a: Heatran|35/100
|-unboost|p2a: Heatran|atk|1
|move|p2a: Heatran|Magma Storm|p1a: Zoroark
|-damage|p1a: Zoroark|5/100
|-activate|p1a: Zoroark|move: Magma Storm|[of] p2a: Heatran
|
|-heal|p2a: Heatran|41/100|[from] item: Leftovers
|-damage|p1a: Zoroark|0 fnt|[from] move: Magma Storm|[partiallytrapped]
|faint|p1a: Zoroark
|
|win|AdaptiveGoose
|raw|NuttinOnU's rating: 1448 &rarr; <strong>1429</strong><br />(-19 for losing)
|raw|AdaptiveGoose's rating: 1464 &rarr; <strong>1483</strong><br />(+19 for winning)
|c|☆AdaptiveGoose|gg
|c|☆NuttinOnU|gg
|l|☆NuttinOnU
|player|p1|
|l| jackattack75
|l|☆AdaptiveGoose
|player|p2|
