|j|☆MousesYeah
|j|☆hieunvt91233
|t:|1779885008
|gametype|singles
|player|p1|MousesYeah|lass-gen4dp|1081
|player|p2|hieunvt91233|169|1077
|gen|9
|tier|[Gen 9] OU
|rated|
|rule|HP Percentage Mod: HP is shown in percentages
|rule|Endless Battle Clause: Forcing endless battles is banned
|rule|Species Clause: Limit one of each Pokémon
|rule|OHKO Clause: OHKO moves are banned
|rule|Evasion Items Clause: Evasion items are banned
|rule|Evasion Moves Clause: Evasion moves are banned
|rule|Evasion Abilities Clause: Evasion abilities are banned
|rule|Sleep Moves Clause: Sleep-inducing moves are banned
|clearpoke
|poke|p1|Landorus-Therian, M|
|poke|p1|Skeledirge, F|
|poke|p1|Zarude-Dada|
|poke|p1|Slowking-Galar, M|
|poke|p1|Blaziken, M|
|poke|p1|Thundurus-Therian, M|
|poke|p2|Scizor, M|
|poke|p2|Meowscarada, F|
|poke|p2|Ambipom, F|
|poke|p2|Heatran, F|
|poke|p2|Alomomola, M|
|poke|p2|Pecharunt|
|teampreview
|
|t:|1779885016
|teamsize|p1|6
|teamsize|p2|6
|start
|switch|p1a: Landorus|Landorus-Therian, M|100/100
|switch|p2a: Ambipom|Ambipom, F|100/100
|-ability|p1a: Landorus|Intimidate|boost
|-unboost|p2a: Ambipom|atk|1
|turn|1
|
|t:|1779885023
|move|p1a: Landorus|Protect|p1a: Landorus
|-singleturn|p1a: Landorus|Protect
|move|p2a: Ambipom|Fake Out|p1a: Landorus
|-activate|p1a: Landorus|move: Protect
|
|upkeep
|turn|2
|
|t:|1779885033
|switch|p2a: Alomomola|Alomomola, M|100/100
|switch|p1a: Blaziken|Blaziken, M|100/100
|
|upkeep
|turn|3
|
|t:|1779885044
|switch|p1a: Zarude|Zarude-Dada|100/100
|move|p2a: Alomomola|Wish|p2a: Alomomola
|
|upkeep
|turn|4
|
|t:|1779885051
|switch|p2a: Scizor|Scizor, M|100/100
|move|p1a: Zarude|Bulk Up|p1a: Zarude
|-boost|p1a: Zarude|atk|1
|-boost|p1a: Zarude|def|1
|
|upkeep
|turn|5
|
|t:|1779885063
|move|p1a: Zarude|Bulk Up|p1a: Zarude
|-boost|p1a: Zarude|atk|1
|-boost|p1a: Zarude|def|1
|move|p2a: Scizor|U-turn|p1a: Zarude
|-supereffective|p1a: Zarude
|-damage|p1a: Zarude|0 fnt
|faint|p1a: Zarude
|
|t:|1779885070
|switch|p2a: Ambipom|Ambipom, F|100/100|[from] U-turn
|
|upkeep
|
|t:|1779885079
|switch|p1a: Landorus|Landorus-Therian, M|100/100
|-ability|p1a: Landorus|Intimidate|boost
|-unboost|p2a: Ambipom|atk|1
|turn|6
|
|t:|1779885087
|switch|p2a: Alomomola|Alomomola, M|100/100
|move|p1a: Landorus|Protect||[still]
|-fail|p1a: Landorus
|
|upkeep
|turn|7
|
|t:|1779885093
|move|p1a: Landorus|Stealth Rock|p2a: Alomomola
|-sidestart|p2: hieunvt91233|move: Stealth Rock
|move|p2a: Alomomola|Wish|p2a: Alomomola
|
|upkeep
|turn|8
|
|t:|1779885106
|switch|p1a: Skeledirge|Skeledirge, F|100/100
|move|p2a: Alomomola|Flip Turn|p1a: Skeledirge
|-supereffective|p1a: Skeledirge
|-damage|p1a: Skeledirge|73/100
|
|t:|1779885120
|switch|p2a: Pecharunt|Pecharunt|100/100|[from] Flip Turn
|-damage|p2a: Pecharunt|88/100|[from] Stealth Rock
|
|-heal|p2a: Pecharunt|100/100|[from] move: Wish|[wisher] Alomomola
|upkeep
|turn|9
|
|t:|1779885132
|move|p2a: Pecharunt|Toxic|p1a: Skeledirge
|-status|p1a: Skeledirge|tox
|-start|p1a: Skeledirge|confusion|[from] ability: Poison Puppeteer|[of] p2a: Pecharunt
|-activate|p1a: Skeledirge|confusion
|-damage|p1a: Skeledirge|68/100 tox|[from] confusion
|
|-damage|p1a: Skeledirge|62/100 tox|[from] psn
|upkeep
|turn|10
|
|t:|1779885141
|move|p2a: Pecharunt|Substitute|p2a: Pecharunt
|-start|p2a: Pecharunt|Substitute
|-damage|p2a: Pecharunt|75/100
|-activate|p1a: Skeledirge|confusion
|-damage|p1a: Skeledirge|57/100 tox|[from] confusion
|
|-heal|p2a: Pecharunt|82/100|[from] item: Leftovers
|-damage|p1a: Skeledirge|45/100 tox|[from] psn
|upkeep
|turn|11
|
|t:|1779885151
|switch|p1a: Landorus|Landorus-Therian, M|100/100
|-ability|p1a: Landorus|Intimidate|boost
|-immune|p2a: Pecharunt
|move|p2a: Pecharunt|Protect||[still]
|-fail|p2a: Pecharunt
|
|-heal|p2a: Pecharunt|88/100|[from] item: Leftovers
|upkeep
|turn|12
|
|t:|1779885162
|move|p1a: Landorus|Earthquake|p2a: Pecharunt
|-supereffective|p2a: Pecharunt
|-end|p2a: Pecharunt|Substitute
|move|p2a: Pecharunt|Toxic|p1a: Landorus
|-status|p1a: Landorus|tox
|-start|p1a: Landorus|confusion|[from] ability: Poison Puppeteer|[of] p2a: Pecharunt
|
|-heal|p2a: Pecharunt|94/100|[from] item: Leftovers
|-damage|p1a: Landorus|95/100 tox|[from] psn
|upkeep
|turn|13
|
|t:|1779885177
|switch|p1a: Thundurus|Thundurus-Therian, M|100/100
|move|p2a: Pecharunt|Protect||[still]
|-fail|p2a: Pecharunt
|
|-heal|p2a: Pecharunt|99/100|[from] item: Leftovers
|upkeep
|turn|14
|
|t:|1779885186
|move|p1a: Thundurus|Psychic|p2a: Pecharunt
|-supereffective|p2a: Pecharunt
|-damage|p2a: Pecharunt|35/100
|move|p2a: Pecharunt|Toxic|p1a: Thundurus
|-status|p1a: Thundurus|tox
|-start|p1a: Thundurus|confusion|[from] ability: Poison Puppeteer|[of] p2a: Pecharunt
|
|-heal|p2a: Pecharunt|41/100|[from] item: Leftovers
|-damage|p1a: Thundurus|94/100 tox|[from] psn
|upkeep
|turn|15
|
|t:|1779885203
|move|p2a: Pecharunt|Protect|p2a: Pecharunt
|-singleturn|p2a: Pecharunt|Protect
|-activate|p1a: Thundurus|confusion
|-damage|p1a: Thundurus|83/100 tox|[from] confusion
|
|-heal|p2a: Pecharunt|47/100|[from] item: Leftovers
|-damage|p1a: Thundurus|71/100 tox|[from] psn
|upkeep
|turn|16
|
|t:|1779885212
|switch|p2a: Alomomola|Alomomola, M|100/100
|-damage|p2a: Alomomola|88/100|[from] Stealth Rock
|-activate|p1a: Thundurus|confusion
|move|p1a: Thundurus|Psychic|p2a: Alomomola
|-damage|p2a: Alomomola|59/100
|
|-damage|p1a: Thundurus|53/100 tox|[from] psn
|upkeep
|turn|17
|
|t:|1779885221
|-terastallize|p2a: Alomomola|Ground
|-end|p1a: Thundurus|confusion
|move|p1a: Thundurus|Thunderbolt|p2a: Alomomola
|-immune|p2a: Alomomola
|move|p2a: Alomomola|Wish|p2a: Alomomola
|
|-damage|p1a: Thundurus|29/100 tox|[from] psn
|upkeep
|turn|18
|
|t:|1779885233
|switch|p1a: Slowking|Slowking-Galar, M|100/100
|move|p2a: Alomomola|Mirror Coat||[still]
|-fail|p2a: Alomomola
|
|-heal|p2a: Alomomola|100/100|[from] move: Wish|[wisher] Alomomola
|upkeep
|turn|19
|
|t:|1779885243
|move|p2a: Alomomola|Wish|p2a: Alomomola
|move|p1a: Slowking|Psyshock|p2a: Alomomola
|-damage|p2a: Alomomola|76/100
|
|upkeep
|turn|20
|
|t:|1779885249
|move|p1a: Slowking|Toxic|p2a: Alomomola
|-status|p2a: Alomomola|tox
|move|p2a: Alomomola|Mirror Coat||[still]
|-fail|p2a: Alomomola
|
|-heal|p2a: Alomomola|100/100 tox|[from] move: Wish|[wisher] Alomomola
|-damage|p2a: Alomomola|94/100 tox|[from] psn
|upkeep
|turn|21
|
|t:|1779885259
|move|p1a: Slowking|Protect|p1a: Slowking
|-singleturn|p1a: Slowking|Protect
|move|p2a: Alomomola|Wish|p2a: Alomomola
|
|-damage|p2a: Alomomola|82/100 tox|[from] psn
|upkeep
|turn|22
|
|t:|1779885266
|move|p2a: Alomomola|Flip Turn|p1a: Slowking
|-damage|p1a: Slowking|83/100
|
|t:|1779885269
|switch|p2a: Meowscarada|Meowscarada, F|100/100|[from] Flip Turn
|-damage|p2a: Meowscarada|88/100|[from] Stealth Rock
|move|p1a: Slowking|Psyshock|p2a: Meowscarada
|-immune|p2a: Meowscarada
|
|-heal|p2a: Meowscarada|100/100|[from] move: Wish|[wisher] Alomomola
|-heal|p1a: Slowking|90/100|[from] item: Leftovers
|upkeep
|turn|23
|
|t:|1779885283
|switch|p1a: Blaziken|Blaziken, M|100/100
|move|p2a: Meowscarada|Knock Off|p1a: Blaziken
|-start|p2a: Meowscarada|typechange|Dark|[from] ability: Protean
|-resisted|p1a: Blaziken
|-damage|p1a: Blaziken|54/100
|-enditem|p1a: Blaziken|Heavy-Duty Boots|[from] move: Knock Off|[of] p2a: Meowscarada
|-damage|p2a: Meowscarada|91/100|[from] item: Life Orb
|
|upkeep
|turn|24
|
|t:|1779885294
|move|p1a: Blaziken|Protect|p1a: Blaziken
|-singleturn|p1a: Blaziken|Protect
|move|p2a: Meowscarada|Flower Trick|p1a: Blaziken
|-activate|p1a: Blaziken|move: Protect
|
|-ability|p1a: Blaziken|Speed Boost|boost
|-boost|p1a: Blaziken|spe|1
|upkeep
|turn|25
|
|t:|1779885304
|switch|p2a: Alomomola|Alomomola, M, tera:Ground|100/100 tox
|-damage|p2a: Alomomola|94/100 tox|[from] Stealth Rock
|move|p1a: Blaziken|Close Combat|p2a: Alomomola
|-damage|p2a: Alomomola|44/100 tox
|-unboost|p1a: Blaziken|def|1
|-unboost|p1a: Blaziken|spd|1
|-enditem|p2a: Alomomola|Sitrus Berry|[eat]
|-heal|p2a: Alomomola|69/100 tox|[from] item: Sitrus Berry
|
|-damage|p2a: Alomomola|62/100 tox|[from] psn
|-ability|p1a: Blaziken|Speed Boost|boost
|-boost|p1a: Blaziken|spe|1
|upkeep
|turn|26
|
|t:|1779885321
|move|p1a: Blaziken|Swords Dance|p1a: Blaziken
|-boost|p1a: Blaziken|atk|2
|move|p2a: Alomomola|Wish|p2a: Alomomola
|
|-damage|p2a: Alomomola|50/100 tox|[from] psn
|-ability|p1a: Blaziken|Speed Boost|boost
|-boost|p1a: Blaziken|spe|1
|upkeep
|turn|27
|
|t:|1779885331
|-terastallize|p1a: Blaziken|Fighting
|move|p1a: Blaziken|Close Combat|p2a: Alomomola
|-damage|p2a: Alomomola|0 fnt
|-unboost|p1a: Blaziken|def|1
|-unboost|p1a: Blaziken|spd|1
|faint|p2a: Alomomola
|
|-ability|p1a: Blaziken|Speed Boost|boost
|-boost|p1a: Blaziken|spe|1
|upkeep
|
|t:|1779885337
|switch|p2a: Scizor|Scizor, M|100/100
|-damage|p2a: Scizor|88/100|[from] Stealth Rock
|turn|28
|
|t:|1779885346
|move|p1a: Blaziken|Protect|p1a: Blaziken
|-singleturn|p1a: Blaziken|Protect
|move|p2a: Scizor|Bullet Punch|p1a: Blaziken
|-activate|p1a: Blaziken|move: Protect
|
|-ability|p1a: Blaziken|Speed Boost|boost
|-boost|p1a: Blaziken|spe|1
|upkeep
|turn|29
|
|t:|1779885354
|move|p2a: Scizor|Bullet Punch|p1a: Blaziken
|-damage|p1a: Blaziken|0 fnt
|faint|p1a: Blaziken
|
|upkeep
|
|t:|1779885363
|switch|p1a: Landorus|Landorus-Therian, M|95/100 tox
|-ability|p1a: Landorus|Intimidate|boost
|-unboost|p2a: Scizor|atk|1
|turn|30
|
|t:|1779885370
|switch|p2a: Pecharunt|Pecharunt|47/100
|-damage|p2a: Pecharunt|35/100|[from] Stealth Rock
|move|p1a: Landorus|Earthquake|p2a: Pecharunt
|-supereffective|p2a: Pecharunt
|-damage|p2a: Pecharunt|0 fnt
|faint|p2a: Pecharunt
|
|-damage|p1a: Landorus|89/100 tox|[from] psn
|upkeep
|
|t:|1779885376
|switch|p2a: Ambipom|Ambipom, F|100/100
|-damage|p2a: Ambipom|88/100|[from] Stealth Rock
|turn|31
|
|t:|1779885385
|move|p1a: Landorus|Protect|p1a: Landorus
|-singleturn|p1a: Landorus|Protect
|move|p2a: Ambipom|Fake Out|p1a: Landorus
|-activate|p1a: Landorus|move: Protect
|
|-damage|p1a: Landorus|77/100 tox|[from] psn
|upkeep
|turn|32
|
|t:|1779885394
|switch|p1a: Skeledirge|Skeledirge, F|45/100 tox
|move|p2a: Ambipom|Triple Axel|p1a: Skeledirge|[miss]
|-miss|p2a: Ambipom|p1a: Skeledirge
|
|-damage|p1a: Skeledirge|39/100 tox|[from] psn
|upkeep
|turn|33
|
|t:|1779885403
|move|p2a: Ambipom|Knock Off|p1a: Skeledirge
|-supereffective|p1a: Skeledirge
|-damage|p1a: Skeledirge|0 fnt
|-enditem|p1a: Skeledirge|Heavy-Duty Boots|[from] move: Knock Off|[of] p2a: Ambipom
|faint|p1a: Skeledirge
|
|upkeep
|
|t:|1779885411
|switch|p1a: Slowking|Slowking-Galar, M|100/100
|turn|34
|
|t:|1779885417
|move|p2a: Ambipom|Knock Off|p1a: Slowking
|-supereffective|p1a: Slowking
|-damage|p1a: Slowking|33/100
|-enditem|p1a: Slowking|Leftovers|[from] move: Knock Off|[of] p2a: Ambipom
|move|p1a: Slowking|Psyshock|p2a: Ambipom
|-damage|p2a: Ambipom|43/100
|
|upkeep
|turn|35
|
|t:|1779885426
|move|p2a: Ambipom|Knock Off|p1a: Slowking
|-supereffective|p1a: Slowking
|-damage|p1a: Slowking|0 fnt
|faint|p1a: Slowking
|
|upkeep
|
|t:|1779885432
|switch|p1a: Thundurus|Thundurus-Therian, M|29/100 tox
|turn|36
|
|t:|1779885442
|switch|p2a: Meowscarada|Meowscarada, F|91/100
|-damage|p2a: Meowscarada|78/100|[from] Stealth Rock
|move|p1a: Thundurus|Thunderbolt|p2a: Meowscarada
|-resisted|p2a: Meowscarada
|-damage|p2a: Meowscarada|33/100
|
|-damage|p1a: Thundurus|23/100 tox|[from] psn
|upkeep
|turn|37
|
|t:|1779885452
|move|p2a: Meowscarada|Knock Off|p1a: Thundurus
|-start|p2a: Meowscarada|typechange|Dark|[from] ability: Protean
|-damage|p1a: Thundurus|0 fnt
|-enditem|p1a: Thundurus|Heavy-Duty Boots|[from] move: Knock Off|[of] p2a: Meowscarada
|faint|p1a: Thundurus
|-damage|p2a: Meowscarada|23/100|[from] item: Life Orb
|
|upkeep
|
|t:|1779885461
|switch|p1a: Landorus|Landorus-Therian, M|77/100 tox
|-ability|p1a: Landorus|Intimidate|boost
|-unboost|p2a: Meowscarada|atk|1
|turn|38
|
|t:|1779885479
|move|p2a: Meowscarada|Flower Trick|p1a: Landorus
|-crit|p1a: Landorus
|-damage|p1a: Landorus|18/100 tox
|-damage|p2a: Meowscarada|13/100|[from] item: Life Orb
|move|p1a: Landorus|Earthquake|p2a: Meowscarada
|-damage|p2a: Meowscarada|0 fnt
|faint|p2a: Meowscarada
|
|-damage|p1a: Landorus|12/100 tox|[from] psn
|upkeep
|
|t:|1779885486
|switch|p2a: Scizor|Scizor, M|88/100
|-damage|p2a: Scizor|75/100|[from] Stealth Rock
|turn|39
|
|t:|1779885494
|move|p2a: Scizor|Bullet Punch|p1a: Landorus
|-damage|p1a: Landorus|0 fnt
|-damage|p2a: Scizor|59/100|[from] item: Rocky Helmet|[of] p1a: Landorus
|faint|p1a: Landorus
|
|win|hieunvt91233
|raw|MousesYeah's rating: 1081 &rarr; <strong>1059</strong><br />(-22 for losing)
|raw|hieunvt91233's rating: 1077 &rarr; <strong>1106</strong><br />(+29 for winning)
|l|☆MousesYeah
|player|p1|
|l|☆hieunvt91233
|player|p2|
