|j|☆jogonzal101
|j|☆StormIsNotOmega
|t:|1779852116
|gametype|singles
|player|p1|jogonzal101|hilbert|1381
|player|p2|StormIsNotOmega|psychic-gen4|1464
|gen|9
|tier|[Gen 9] OU
|rated|
|rule|HP Percentage Mod: HP is shown in percentages
|rule|Endless Battle Clause: Forcing endless battles is banned
|rule|Species Clause: Limit one of each Pokémon
|rule|OHKO Clause: OHKO moves are banned
|rule|Evasion Items Clause: Evasion items are banned
|rule|Evasion Moves Clause: Evasion moves are banned
|rule|Evasion Abilities Clause: Evasion abilities are banned
|rule|Sleep Moves Clause: Sleep-inducing moves are banned
|clearpoke
|poke|p1|Umbreon, F|
|poke|p1|Gholdengo|
|poke|p1|Rillaboom, F|
|poke|p1|Great Tusk|
|poke|p1|Zapdos|
|poke|p1|Glimmora, M|
|poke|p2|Moltres|
|poke|p2|Clodsire, F|
|poke|p2|Gliscor, F|
|poke|p2|Chansey, F|
|poke|p2|Dondozo, F|
|poke|p2|Weezing-Galar, F|
|teampreview
|
|t:|1779852135
|teamsize|p1|6
|teamsize|p2|6
|start
|switch|p1a: Gholdencif|Gholdengo|100/100
|switch|p2a: Gliscor|Gliscor, F|100/100
|turn|1
|inactive|Battle timer is ON: inactive players will automatically lose when time's up. (requested by StormIsNotOmega)
|
|t:|1779852139
|move|p2a: Gliscor|Protect|p2a: Gliscor
|-singleturn|p2a: Gliscor|Protect
|move|p1a: Gholdencif|Trick|p2a: Gliscor
|-activate|p2a: Gliscor|move: Protect
|
|-status|p2a: Gliscor|tox|[from] item: Toxic Orb
|upkeep
|turn|2
|
|t:|1779852150
|switch|p1a: Rillacif|Rillaboom, F|100/100
|-fieldstart|move: Grassy Terrain|[from] ability: Grassy Surge|[of] p1a: Rillacif
|switch|p2a: Clodsire|Clodsire, F|100/100
|
|upkeep
|turn|3
|
|t:|1779852157
|switch|p2a: Moltres|Moltres|100/100
|move|p1a: Rillacif|U-turn|p2a: Moltres
|-resisted|p2a: Moltres
|-damage|p2a: Moltres|94/100
|
|t:|1779852165
|switch|p1a: Cifora|Glimmora, M|100/100|[from] U-turn
|
|upkeep
|turn|4
|
|t:|1779852169
|move|p1a: Cifora|Stealth Rock|p2a: Moltres
|-sidestart|p2: StormIsNotOmega|move: Stealth Rock
|move|p2a: Moltres|Scorching Sands|p1a: Cifora
|-supereffective|p1a: Cifora
|-damage|p1a: Cifora|6/100
|-status|p1a: Cifora|brn
|
|-heal|p1a: Cifora|12/100 brn|[from] Grassy Terrain
|-damage|p1a: Cifora|6/100 brn|[from] brn
|upkeep
|turn|5
|
|t:|1779852181
|switch|p2a: Clodsire|Clodsire, F|100/100
|move|p1a: Cifora|Spikes|p2a: Clodsire
|-sidestart|p2: StormIsNotOmega|Spikes
|
|-heal|p1a: Cifora|12/100 brn|[from] Grassy Terrain
|-damage|p1a: Cifora|6/100 brn|[from] brn
|upkeep
|turn|6
|
|t:|1779852190
|move|p1a: Cifora|Spikes|p2a: Clodsire
|-sidestart|p2: StormIsNotOmega|Spikes
|move|p2a: Clodsire|Earthquake|p1a: Cifora
|-supereffective|p1a: Cifora
|-damage|p1a: Cifora|0 fnt
|-activate|p1a: Cifora|ability: Toxic Debris
|-sidestart|p2: StormIsNotOmega|move: Toxic Spikes
|faint|p1a: Cifora
|
|-fieldend|move: Grassy Terrain
|upkeep
|
|t:|1779852200
|switch|p1a: Rillacif|Rillaboom, F|100/100
|-fieldstart|move: Grassy Terrain|[from] ability: Grassy Surge|[of] p1a: Rillacif
|turn|7
|
|t:|1779852205
|switch|p2a: Moltres|Moltres|94/100
|move|p1a: Rillacif|Knock Off|p2a: Moltres
|-damage|p2a: Moltres|57/100
|-enditem|p2a: Moltres|Heavy-Duty Boots|[from] move: Knock Off|[of] p1a: Rillacif
|
|upkeep
|turn|8
|
|t:|1779852211
|switch|p1a: Zapcif|Zapdos|100/100
|move|p2a: Moltres|Roost|p2a: Moltres
|-heal|p2a: Moltres|100/100
|-singleturn|p2a: Moltres|move: Roost
|
|upkeep
|turn|9
|
|t:|1779852218
|switch|p1a: Rillacif|Rillaboom, F|100/100
|switch|p2a: Clodsire|Clodsire, F|100/100
|-sideend|p2: StormIsNotOmega|move: Toxic Spikes|[of] p2a: Clodsire
|
|upkeep
|turn|10
|
|t:|1779852225
|switch|p2a: Weezing|Weezing-Galar, F|100/100
|-ability|p2a: Weezing|Neutralizing Gas
|move|p1a: Rillacif|Wood Hammer|p2a: Weezing
|-resisted|p2a: Weezing
|-damage|p2a: Weezing|59/100
|-damage|p1a: Rillacif|89/100|[from] Recoil
|
|-heal|p1a: Rillacif|95/100|[from] Grassy Terrain
|-heal|p2a: Weezing|65/100|[from] Grassy Terrain
|upkeep
|turn|11
|
|t:|1779852235
|switch|p1a: Gholdencif|Gholdengo|100/100
|move|p2a: Weezing|Defog|p1a: Gholdencif
|-unboost|p1a: Gholdencif|evasion|1
|-sideend|p2: StormIsNotOmega|Spikes|[from] move: Defog|[of] p2a: Weezing
|-sideend|p2: StormIsNotOmega|Stealth Rock|[from] move: Defog|[of] p2a: Weezing
|-fieldend|move: Grassy Terrain
|
|upkeep
|turn|12
|
|t:|1779852242
|-end|p2a: Weezing|ability: Neutralizing Gas
|switch|p2a: Clodsire|Clodsire, F|100/100
|move|p1a: Gholdencif|Trick|p2a: Clodsire
|-activate|p1a: Gholdencif|move: Trick|[of] p2a: Clodsire
|-item|p2a: Clodsire|Choice Scarf|[from] move: Trick
|-item|p1a: Gholdencif|Heavy-Duty Boots|[from] move: Trick
|
|upkeep
|turn|13
|
|t:|1779852252
|switch|p1a: Zapcif|Zapdos|100/100
|switch|p2a: Gliscor|Gliscor, F|100/100 tox
|
|upkeep
|turn|14
|
|t:|1779852273
|move|p1a: Zapcif|Hurricane|p2a: Gliscor
|-damage|p2a: Gliscor|61/100 tox
|-start|p2a: Gliscor|confusion
|-activate|p2a: Gliscor|confusion
|move|p2a: Gliscor|Swords Dance|p2a: Gliscor
|-boost|p2a: Gliscor|atk|2
|
|-heal|p2a: Gliscor|74/100 tox|[from] ability: Poison Heal
|upkeep
|turn|15
|
|t:|1779852283
|-terastallize|p2a: Gliscor|Normal
|move|p1a: Zapcif|Hurricane|p2a: Gliscor
|-crit|p2a: Gliscor
|-damage|p2a: Gliscor|15/100 tox
|-activate|p2a: Gliscor|confusion
|move|p2a: Gliscor|Facade|p1a: Zapcif
|-damage|p1a: Zapcif|29/100
|
|-heal|p2a: Gliscor|27/100 tox|[from] ability: Poison Heal
|upkeep
|turn|16
|
|t:|1779852293
|switch|p2a: Chansey|Chansey, F|100/100
|move|p1a: Zapcif|Roost|p1a: Zapcif
|-heal|p1a: Zapcif|79/100
|-singleturn|p1a: Zapcif|move: Roost
|
|upkeep
|turn|17
|
|t:|1779852301
|switch|p2a: Clodsire|Clodsire, F|100/100
|move|p1a: Zapcif|Volt Switch|p2a: Clodsire
|-immune|p2a: Clodsire
|
|upkeep
|turn|18
|
|t:|1779852328
|switch|p1a: Gholdencif|Gholdengo|100/100
|switch|p2a: Gliscor|Gliscor, F, tera:Normal|27/100 tox
|
|-heal|p2a: Gliscor|40/100 tox|[from] ability: Poison Heal
|upkeep
|turn|19
|
|t:|1779852334
|move|p2a: Gliscor|Protect|p2a: Gliscor
|-singleturn|p2a: Gliscor|Protect
|move|p1a: Gholdencif|Make It Rain|p2a: Gliscor
|-activate|p2a: Gliscor|move: Protect
|
|-heal|p2a: Gliscor|52/100 tox|[from] ability: Poison Heal
|upkeep
|turn|20
|
|t:|1779852342
|switch|p2a: Chansey|Chansey, F|100/100
|move|p1a: Gholdencif|Make It Rain|p2a: Chansey
|-damage|p2a: Chansey|86/100
|-unboost|p1a: Gholdencif|spa|1
|
|upkeep
|turn|21
|
|t:|1779852350
|switch|p2a: Gliscor|Gliscor, F, tera:Normal|52/100 tox
|move|p1a: Gholdencif|Trick|p2a: Gliscor
|-activate|p1a: Gholdencif|move: Trick|[of] p2a: Gliscor
|-item|p2a: Gliscor|Heavy-Duty Boots|[from] move: Trick
|-item|p1a: Gholdencif|Toxic Orb|[from] move: Trick
|
|-heal|p2a: Gliscor|65/100 tox|[from] ability: Poison Heal
|upkeep
|turn|22
|
|t:|1779852362
|switch|p1a: Zapcif|Zapdos|79/100
|move|p2a: Gliscor|Knock Off|p1a: Zapcif
|-damage|p1a: Zapcif|62/100
|-enditem|p1a: Zapcif|Heavy-Duty Boots|[from] move: Knock Off|[of] p2a: Gliscor
|
|-heal|p2a: Gliscor|77/100 tox|[from] ability: Poison Heal
|upkeep
|turn|23
|
|t:|1779852369
|move|p1a: Zapcif|Roost|p1a: Zapcif
|-heal|p1a: Zapcif|100/100
|-singleturn|p1a: Zapcif|move: Roost
|move|p2a: Gliscor|Swords Dance|p2a: Gliscor
|-boost|p2a: Gliscor|atk|2
|
|-heal|p2a: Gliscor|90/100 tox|[from] ability: Poison Heal
|upkeep
|turn|24
|
|t:|1779852377
|move|p2a: Gliscor|Protect|p2a: Gliscor
|-singleturn|p2a: Gliscor|Protect
|move|p1a: Zapcif|Volt Switch|p2a: Gliscor
|-activate|p2a: Gliscor|move: Protect
|
|-heal|p2a: Gliscor|100/100 tox|[from] ability: Poison Heal
|upkeep
|turn|25
|
|t:|1779852385
|move|p1a: Zapcif|Volt Switch|p2a: Gliscor
|-damage|p2a: Gliscor|77/100 tox
|
|t:|1779852394
|switch|p1a: Great Cif|Great Tusk|100/100|[from] Volt Switch
|move|p2a: Gliscor|Facade|p1a: Great Cif
|-damage|p1a: Great Cif|34/100
|
|-heal|p2a: Gliscor|90/100 tox|[from] ability: Poison Heal
|upkeep
|turn|26
|
|t:|1779852401
|-terastallize|p1a: Great Cif|Steel
|move|p2a: Gliscor|Protect|p2a: Gliscor
|-singleturn|p2a: Gliscor|Protect
|move|p1a: Great Cif|Close Combat|p2a: Gliscor
|-activate|p2a: Gliscor|move: Protect
|
|-heal|p2a: Gliscor|100/100 tox|[from] ability: Poison Heal
|upkeep
|turn|27
|
|t:|1779852410
|-end|p1a: Great Cif|Protosynthesis|[silent]
|switch|p1a: Jaymey|Umbreon, F, shiny|100/100
|move|p2a: Gliscor|Knock Off|p1a: Jaymey
|-resisted|p1a: Jaymey
|-damage|p1a: Jaymey|85/100
|-enditem|p1a: Jaymey|Heavy-Duty Boots|[from] move: Knock Off|[of] p2a: Gliscor
|
|upkeep
|turn|28
|
|t:|1779852416
|move|p2a: Gliscor|Facade|p1a: Jaymey
|-damage|p1a: Jaymey|25/100
|move|p1a: Jaymey|Foul Play|p2a: Gliscor
|-damage|p2a: Gliscor|54/100 tox
|
|-heal|p2a: Gliscor|66/100 tox|[from] ability: Poison Heal
|upkeep
|turn|29
|
|t:|1779852426
|move|p1a: Jaymey|Protect|p1a: Jaymey
|-singleturn|p1a: Jaymey|Protect
|move|p2a: Gliscor|Facade|p1a: Jaymey
|-activate|p1a: Jaymey|move: Protect
|
|-heal|p2a: Gliscor|79/100 tox|[from] ability: Poison Heal
|upkeep
|turn|30
|
|t:|1779852433
|switch|p1a: Gholdencif|Gholdengo|100/100
|move|p2a: Gliscor|Facade|p1a: Gholdencif
|-immune|p1a: Gholdencif
|
|-heal|p2a: Gliscor|91/100 tox|[from] ability: Poison Heal
|upkeep
|turn|31
|
|t:|1779852451
|move|p1a: Gholdencif|Make It Rain|p2a: Gliscor
|-damage|p2a: Gliscor|41/100 tox
|-unboost|p1a: Gholdencif|spa|1
|move|p2a: Gliscor|Knock Off|p1a: Gholdencif
|-supereffective|p1a: Gholdencif
|-damage|p1a: Gholdencif|9/100
|-enditem|p1a: Gholdencif|Toxic Orb|[from] move: Knock Off|[of] p2a: Gliscor
|
|-heal|p2a: Gliscor|53/100 tox|[from] ability: Poison Heal
|upkeep
|turn|32
|
|t:|1779852465
|move|p1a: Gholdencif|Make It Rain|p2a: Gliscor
|-damage|p2a: Gliscor|14/100 tox
|-unboost|p1a: Gholdencif|spa|1
|move|p2a: Gliscor|Knock Off|p1a: Gholdencif
|-supereffective|p1a: Gholdencif
|-damage|p1a: Gholdencif|0 fnt
|faint|p1a: Gholdencif
|
|-heal|p2a: Gliscor|27/100 tox|[from] ability: Poison Heal
|upkeep
|
|t:|1779852467
|switch|p1a: Rillacif|Rillaboom, F|95/100
|-fieldstart|move: Grassy Terrain|[from] ability: Grassy Surge|[of] p1a: Rillacif
|turn|33
|
|t:|1779852477
|switch|p1a: Zapcif|Zapdos|100/100
|move|p2a: Gliscor|Protect||[still]
|-fail|p2a: Gliscor
|
|-heal|p2a: Gliscor|33/100 tox|[from] Grassy Terrain
|-heal|p2a: Gliscor|45/100 tox|[from] ability: Poison Heal
|upkeep
|turn|34
|
|t:|1779852485
|move|p2a: Gliscor|Protect|p2a: Gliscor
|-singleturn|p2a: Gliscor|Protect
|move|p1a: Zapcif|Hurricane|p2a: Gliscor
|-activate|p2a: Gliscor|move: Protect
|
|-heal|p2a: Gliscor|52/100 tox|[from] Grassy Terrain
|-heal|p2a: Gliscor|64/100 tox|[from] ability: Poison Heal
|upkeep
|turn|35
|
|t:|1779852493
|move|p1a: Zapcif|Volt Switch|p2a: Gliscor
|-damage|p2a: Gliscor|39/100 tox
|
|t:|1779852499
|switch|p1a: Jaymey|Umbreon, F, shiny|25/100|[from] Volt Switch
|move|p2a: Gliscor|Facade|p1a: Jaymey
|-damage|p1a: Jaymey|0 fnt
|faint|p1a: Jaymey
|
|-heal|p2a: Gliscor|46/100 tox|[from] Grassy Terrain
|-heal|p2a: Gliscor|58/100 tox|[from] ability: Poison Heal
|upkeep
|
|t:|1779852502
|switch|p1a: Rillacif|Rillaboom, F|95/100
|turn|36
|
|t:|1779852510
|move|p2a: Gliscor|Protect|p2a: Gliscor
|-singleturn|p2a: Gliscor|Protect
|move|p1a: Rillacif|Grassy Glide|p2a: Gliscor
|-activate|p2a: Gliscor|move: Protect
|
|-heal|p2a: Gliscor|64/100 tox|[from] Grassy Terrain
|-heal|p1a: Rillacif|100/100|[from] Grassy Terrain
|-heal|p2a: Gliscor|77/100 tox|[from] ability: Poison Heal
|upkeep
|turn|37
|
|t:|1779852519
|switch|p2a: Moltres|Moltres|100/100
|switch|p1a: Zapcif|Zapdos|100/100
|
|-fieldend|move: Grassy Terrain
|upkeep
|turn|38
|
|t:|1779852525
|switch|p2a: Clodsire|Clodsire, F|100/100
|move|p1a: Zapcif|Volt Switch|p2a: Clodsire
|-immune|p2a: Clodsire
|
|upkeep
|turn|39
|
|t:|1779852534
|move|p1a: Zapcif|Volt Switch|p2a: Clodsire
|-immune|p2a: Clodsire
|move|p2a: Clodsire|Stealth Rock|p1a: Zapcif
|-sidestart|p1: jogonzal101|move: Stealth Rock
|
|upkeep
|turn|40
|
|t:|1779852542
|switch|p2a: Gliscor|Gliscor, F, tera:Normal|77/100 tox
|move|p1a: Zapcif|Volt Switch|p2a: Gliscor
|-damage|p2a: Gliscor|54/100 tox
|
|t:|1779852545
|switch|p1a: Great Cif|Great Tusk, tera:Steel|34/100|[from] Volt Switch
|
|-heal|p2a: Gliscor|66/100 tox|[from] ability: Poison Heal
|upkeep
|turn|41
|
|t:|1779852551
|move|p2a: Gliscor|Protect|p2a: Gliscor
|-singleturn|p2a: Gliscor|Protect
|move|p1a: Great Cif|Close Combat|p2a: Gliscor
|-activate|p2a: Gliscor|move: Protect
|
|-heal|p2a: Gliscor|79/100 tox|[from] ability: Poison Heal
|upkeep
|turn|42
|
|t:|1779852561
|move|p1a: Great Cif|Close Combat|p2a: Gliscor
|-supereffective|p2a: Gliscor
|-damage|p2a: Gliscor|0 fnt
|-unboost|p1a: Great Cif|def|1
|-unboost|p1a: Great Cif|spd|1
|faint|p2a: Gliscor
|
|upkeep
|
|t:|1779852570
|switch|p2a: Moltres|Moltres|100/100
|turn|43
|
|t:|1779852574
|-end|p1a: Great Cif|Protosynthesis|[silent]
|switch|p1a: Zapcif|Zapdos|100/100
|-damage|p1a: Zapcif|76/100|[from] Stealth Rock
|move|p2a: Moltres|Flamethrower|p1a: Zapcif
|-damage|p1a: Zapcif|44/100
|
|upkeep
|turn|44
|
|t:|1779852584
|move|p1a: Zapcif|Thunder Wave|p2a: Moltres
|-status|p2a: Moltres|par
|move|p2a: Moltres|Scorching Sands|p1a: Zapcif
|-immune|p1a: Zapcif
|
|upkeep
|turn|45
|
|t:|1779852590
|switch|p2a: Clodsire|Clodsire, F|100/100
|move|p1a: Zapcif|Roost|p1a: Zapcif
|-heal|p1a: Zapcif|94/100
|-singleturn|p1a: Zapcif|move: Roost
|
|upkeep
|turn|46
|
|t:|1779852597
|move|p1a: Zapcif|Volt Switch|p2a: Clodsire
|-immune|p2a: Clodsire
|move|p2a: Clodsire|Earthquake|p1a: Zapcif
|-immune|p1a: Zapcif
|
|upkeep
|turn|47
|
|t:|1779852604
|switch|p2a: Chansey|Chansey, F|86/100
|move|p1a: Zapcif|Thunder Wave|p2a: Chansey
|-status|p2a: Chansey|par
|
|upkeep
|turn|48
|
|t:|1779852610
|switch|p2a: Clodsire|Clodsire, F|100/100
|move|p1a: Zapcif|Volt Switch|p2a: Clodsire
|-immune|p2a: Clodsire
|
|upkeep
|turn|49
|
|t:|1779852616
|move|p1a: Zapcif|Thunder Wave|p2a: Clodsire
|-immune|p2a: Clodsire
|move|p2a: Clodsire|Toxic|p1a: Zapcif
|-status|p1a: Zapcif|tox
|
|-damage|p1a: Zapcif|88/100 tox|[from] psn
|upkeep
|turn|50
|
|t:|1779852623
|move|p1a: Zapcif|Volt Switch|p2a: Clodsire
|-immune|p2a: Clodsire
|move|p2a: Clodsire|Toxic|p1a: Zapcif
|-fail|p1a: Zapcif|tox
|
|-damage|p1a: Zapcif|76/100 tox|[from] psn
|upkeep
|turn|51
|
|t:|1779852630
|switch|p1a: Great Cif|Great Tusk, tera:Steel|34/100
|move|p2a: Clodsire|Toxic|p1a: Great Cif
|-immune|p1a: Great Cif
|
|upkeep
|turn|52
|
|t:|1779852637
|switch|p2a: Moltres|Moltres|100/100 par
|move|p1a: Great Cif|Headlong Rush|p2a: Moltres
|-immune|p2a: Moltres
|
|upkeep
|turn|53
|
|t:|1779852646
|-end|p1a: Great Cif|Protosynthesis|[silent]
|switch|p1a: Zapcif|Zapdos|76/100 tox
|-damage|p1a: Zapcif|52/100 tox|[from] Stealth Rock
|move|p2a: Moltres|Flamethrower|p1a: Zapcif
|-damage|p1a: Zapcif|20/100 tox
|
|-damage|p1a: Zapcif|14/100 tox|[from] psn
|upkeep
|turn|54
|
|t:|1779852654
|move|p1a: Zapcif|Roost|p1a: Zapcif
|-heal|p1a: Zapcif|64/100 tox
|-singleturn|p1a: Zapcif|move: Roost
|move|p2a: Moltres|Flamethrower|p1a: Zapcif
|-damage|p1a: Zapcif|28/100 tox
|
|-damage|p1a: Zapcif|16/100 tox|[from] psn
|upkeep
|turn|55
|
|t:|1779852662
|switch|p2a: Clodsire|Clodsire, F|100/100
|move|p1a: Zapcif|Volt Switch|p2a: Clodsire
|-immune|p2a: Clodsire
|
|-damage|p1a: Zapcif|0 fnt|[from] psn
|faint|p1a: Zapcif
|upkeep
|
|t:|1779852669
|switch|p1a: Great Cif|Great Tusk, tera:Steel|34/100
|turn|56
|
|t:|1779852675
|switch|p2a: Moltres|Moltres|100/100 par
|move|p1a: Great Cif|Ice Spinner|p2a: Moltres
|-damage|p2a: Moltres|80/100 par
|
|upkeep
|turn|57
|
|t:|1779852680
|move|p1a: Great Cif|Ice Spinner|p2a: Moltres
|-damage|p2a: Moltres|62/100 par
|cant|p2a: Moltres|par
|
|upkeep
|turn|58
|
|t:|1779852685
|move|p1a: Great Cif|Ice Spinner|p2a: Moltres
|-damage|p2a: Moltres|42/100 par
|move|p2a: Moltres|Roost|p2a: Moltres
|-heal|p2a: Moltres|92/100 par
|-singleturn|p2a: Moltres|move: Roost
|
|upkeep
|turn|59
|-message|jogonzal101 forfeited.
|
|win|StormIsNotOmega
|raw|jogonzal101's rating: 1381 &rarr; <strong>1366</strong><br />(-15 for losing)
|raw|StormIsNotOmega's rating: 1464 &rarr; <strong>1479</strong><br />(+15 for winning)
|l|☆jogonzal101
|player|p1|
|l|☆StormIsNotOmega
|player|p2|
