|j|☆Jirachi in Jordans
|j|☆uchiha jesus
|t:|1779919630
|gametype|singles
|player|p1|Jirachi in Jordans|unknown|1376
|player|p2|uchiha jesus|170|1344
|gen|9
|tier|[Gen 9] OU
|rated|
|rule|HP Percentage Mod: HP is shown in percentages
|rule|Endless Battle Clause: Forcing endless battles is banned
|rule|Species Clause: Limit one of each Pokémon
|rule|OHKO Clause: OHKO moves are banned
|rule|Evasion Items Clause: Evasion items are banned
|rule|Evasion Moves Clause: Evasion moves are banned
|rule|Evasion Abilities Clause: Evasion abilities are banned
|rule|Sleep Moves Clause: Sleep-inducing moves are banned
|clearpoke
|poke|p1|Crawdaunt, M|
|poke|p1|Alomomola, M|
|poke|p1|Zapdos|
|poke|p1|Great Tusk|
|poke|p1|Iron Valiant|
|poke|p1|Dragapult, M|
|poke|p2|Darkrai|
|poke|p2|Dusclops, F|
|poke|p2|Ogerpon-Wellspring, F|
|poke|p2|Garchomp, M|
|poke|p2|Skeledirge, F|
|poke|p2|Tyranitar, F|
|teampreview
|inactive|Battle timer is ON: inactive players will automatically lose when time's up. (requested by Jirachi in Jordans)
|
|t:|1779919647
|teamsize|p1|6
|teamsize|p2|6
|start
|switch|p1a: Crawdaunt|Crawdaunt, M|100/100
|switch|p2a: Tyranitar|Tyranitar, F|100/100
|-weather|Sandstorm|[from] ability: Sand Stream|[of] p2a: Tyranitar
|turn|1
|
|t:|1779919668
|move|p2a: Tyranitar|Crunch|p1a: Crawdaunt
|-resisted|p1a: Crawdaunt
|-damage|p1a: Crawdaunt|72/100
|move|p1a: Crawdaunt|Knock Off|p2a: Tyranitar
|-resisted|p2a: Tyranitar
|-damage|p2a: Tyranitar|52/100
|-enditem|p2a: Tyranitar|Weakness Policy|[from] move: Knock Off|[of] p1a: Crawdaunt
|
|-weather|Sandstorm|[upkeep]
|-damage|p1a: Crawdaunt|66/100|[from] Sandstorm
|upkeep
|turn|2
|
|t:|1779919680
|switch|p1a: Great Tusk|Great Tusk|100/100
|move|p2a: Tyranitar|Rock Tomb|p1a: Great Tusk
|-resisted|p1a: Great Tusk
|-damage|p1a: Great Tusk|97/100
|-unboost|p1a: Great Tusk|spe|1
|
|-weather|Sandstorm|[upkeep]
|upkeep
|turn|3
|
|t:|1779919690
|switch|p2a: Dusclops|Dusclops, F|100/100
|-ability|p2a: Dusclops|Pressure
|move|p1a: Great Tusk|Stealth Rock|p2a: Dusclops
|-sidestart|p2: uchiha jesus|move: Stealth Rock
|
|-weather|Sandstorm|[upkeep]
|-damage|p2a: Dusclops|95/100|[from] Sandstorm
|upkeep
|turn|4
|
|t:|1779919704
|-end|p1a: Great Tusk|Protosynthesis|[silent]
|switch|p1a: Alomomola|Alomomola, M|100/100
|move|p2a: Dusclops|Will-O-Wisp|p1a: Alomomola
|-status|p1a: Alomomola|brn
|
|-weather|Sandstorm|[upkeep]
|-damage|p1a: Alomomola|94/100 brn|[from] Sandstorm
|-damage|p2a: Dusclops|89/100|[from] Sandstorm
|-damage|p1a: Alomomola|88/100 brn|[from] brn
|upkeep
|turn|5
|
|t:|1779919715
|switch|p2a: Ogerpon|Ogerpon-Wellspring, F|100/100
|-damage|p2a: Ogerpon|88/100|[from] Stealth Rock
|move|p1a: Alomomola|Flip Turn|p2a: Ogerpon
|-heal|p2a: Ogerpon|100/100|[from] ability: Water Absorb|[of] p1a: Alomomola
|
|-weather|none
|-damage|p1a: Alomomola|82/100 brn|[from] brn
|upkeep
|turn|6
|
|t:|1779919724
|switch|p1a: Dragapult|Dragapult, M|100/100
|move|p2a: Ogerpon|Swords Dance|p2a: Ogerpon
|-boost|p2a: Ogerpon|atk|2
|
|upkeep
|turn|7
|
|t:|1779919734
|move|p1a: Dragapult|Thunder Wave|p2a: Ogerpon
|-status|p2a: Ogerpon|par
|move|p2a: Ogerpon|Ivy Cudgel|p1a: Dragapult|[anim] Ivy Cudgel Water
|-resisted|p1a: Dragapult
|-damage|p1a: Dragapult|15/100
|
|upkeep
|turn|8
|
|t:|1779919742
|move|p1a: Dragapult|Hex|p2a: Ogerpon
|-damage|p2a: Ogerpon|33/100 par
|cant|p2a: Ogerpon|par
|
|upkeep
|turn|9
|
|t:|1779919748
|move|p1a: Dragapult|Hex|p2a: Ogerpon
|-damage|p2a: Ogerpon|0 fnt
|faint|p2a: Ogerpon
|
|upkeep
|
|t:|1779919753
|switch|p2a: Tyranitar|Tyranitar, F|52/100
|-damage|p2a: Tyranitar|40/100|[from] Stealth Rock
|-weather|Sandstorm|[from] ability: Sand Stream|[of] p2a: Tyranitar
|turn|10
|
|t:|1779919759
|switch|p1a: Great Tusk|Great Tusk|97/100
|switch|p2a: Garchomp|Garchomp, M|100/100
|-damage|p2a: Garchomp|94/100|[from] Stealth Rock
|
|-weather|Sandstorm|[upkeep]
|upkeep
|turn|11
|
|t:|1779919773
|move|p2a: Garchomp|Liquidation|p1a: Great Tusk
|-supereffective|p1a: Great Tusk
|-damage|p1a: Great Tusk|68/100
|-damage|p2a: Garchomp|78/100|[from] item: Rocky Helmet|[of] p1a: Great Tusk
|move|p1a: Great Tusk|Body Press|p2a: Garchomp
|-damage|p2a: Garchomp|33/100
|-damage|p1a: Great Tusk|56/100|[from] ability: Rough Skin|[of] p2a: Garchomp
|
|-weather|Sandstorm|[upkeep]
|upkeep
|turn|12
|
|t:|1779919789
|move|p2a: Garchomp|Liquidation|p1a: Great Tusk
|-supereffective|p1a: Great Tusk
|-damage|p1a: Great Tusk|29/100
|-unboost|p1a: Great Tusk|def|1
|-damage|p2a: Garchomp|17/100|[from] item: Rocky Helmet|[of] p1a: Great Tusk
|move|p1a: Great Tusk|Body Press|p2a: Garchomp
|-damage|p2a: Garchomp|0 fnt
|-damage|p1a: Great Tusk|16/100|[from] ability: Rough Skin|[of] p2a: Garchomp
|faint|p2a: Garchomp
|
|-weather|Sandstorm|[upkeep]
|upkeep
|
|t:|1779919812
|switch|p2a: Darkrai|Darkrai|100/100
|turn|13
|
|t:|1779919821
|-end|p1a: Great Tusk|Protosynthesis|[silent]
|switch|p1a: Alomomola|Alomomola, M|100/100 brn
|move|p2a: Darkrai|Ice Beam|p1a: Alomomola
|-resisted|p1a: Alomomola
|-damage|p1a: Alomomola|92/100 brn
|
|-weather|Sandstorm|[upkeep]
|-damage|p2a: Darkrai|94/100|[from] Sandstorm
|-damage|p1a: Alomomola|86/100 brn|[from] Sandstorm
|-damage|p1a: Alomomola|80/100 brn|[from] brn
|upkeep
|turn|14
|inactive|uchiha jesus has 120 seconds left.
|
|t:|1779919845
|move|p2a: Darkrai|Nasty Plot|p2a: Darkrai
|-boost|p2a: Darkrai|spa|2
|move|p1a: Alomomola|Flip Turn|p2a: Darkrai
|-damage|p2a: Darkrai|83/100
|
|t:|1779919850
|switch|p1a: Iron Valiant|Iron Valiant|100/100|[from] Flip Turn
|-enditem|p1a: Iron Valiant|Booster Energy
|-activate|p1a: Iron Valiant|ability: Quark Drive|[fromitem]
|-start|p1a: Iron Valiant|quarkdrivespe
|
|-weather|none
|upkeep
|turn|15
|
|t:|1779919858
|-terastallize|p2a: Darkrai|Poison
|move|p1a: Iron Valiant|Encore|p2a: Darkrai
|-start|p2a: Darkrai|Encore
|move|p2a: Darkrai|Nasty Plot|p2a: Darkrai
|-boost|p2a: Darkrai|spa|2
|
|upkeep
|turn|16
|
|t:|1779919867
|switch|p2a: Tyranitar|Tyranitar, F|40/100
|-damage|p2a: Tyranitar|27/100|[from] Stealth Rock
|-weather|Sandstorm|[from] ability: Sand Stream|[of] p2a: Tyranitar
|move|p1a: Iron Valiant|Knock Off|p2a: Tyranitar
|-resisted|p2a: Tyranitar
|-damage|p2a: Tyranitar|18/100
|
|-weather|Sandstorm|[upkeep]
|-damage|p1a: Iron Valiant|94/100|[from] Sandstorm
|upkeep
|turn|17
|inactive|uchiha jesus has 120 seconds left.
|
|t:|1779919914
|move|p1a: Iron Valiant|Moonblast|p2a: Tyranitar
|-supereffective|p2a: Tyranitar
|-damage|p2a: Tyranitar|0 fnt
|faint|p2a: Tyranitar
|
|-weather|Sandstorm|[upkeep]
|-damage|p1a: Iron Valiant|88/100|[from] Sandstorm
|upkeep
|inactive|uchiha jesus has 90 seconds left.
|inactive|uchiha jesus has 60 seconds left.
|inactive|uchiha jesus has 30 seconds left.
|inactive|uchiha jesus has 20 seconds left.
|inactive|uchiha jesus has 15 seconds left.
|inactive|uchiha jesus has 10 seconds left.
|inactive|uchiha jesus has 5 seconds left.
|-message|uchiha jesus lost due to inactivity.
|
|win|Jirachi in Jordans
|raw|Jirachi in Jordans's rating: 1376 &rarr; <strong>1394</strong><br />(+18 for winning)
|raw|uchiha jesus's rating: 1344 &rarr; <strong>1326</strong><br />(-18 for losing)
|l|☆Jirachi in Jordans
|player|p1|
|l|☆uchiha jesus
|player|p2|
