|j|☆ihymyly
|j|☆cachowcapow
|t:|1779859069
|gametype|singles
|player|p1|ihymyly|101|1483
|player|p2|cachowcapow|101|1514
|gen|9
|tier|[Gen 9] OU
|rated|
|rule|HP Percentage Mod: HP is shown in percentages
|rule|Endless Battle Clause: Forcing endless battles is banned
|rule|Species Clause: Limit one of each Pokémon
|rule|OHKO Clause: OHKO moves are banned
|rule|Evasion Items Clause: Evasion items are banned
|rule|Evasion Moves Clause: Evasion moves are banned
|rule|Evasion Abilities Clause: Evasion abilities are banned
|rule|Sleep Moves Clause: Sleep-inducing moves are banned
|clearpoke
|poke|p1|Darkrai|
|poke|p1|Great Tusk|
|poke|p1|Dragapult, F|
|poke|p1|Slowking-Galar, M|
|poke|p1|Skarmory, M|
|poke|p1|Ogerpon-Wellspring, F|
|poke|p2|Lokix, M|
|poke|p2|Alomomola, F|
|poke|p2|Slowking-Galar, F|
|poke|p2|Corviknight, F|
|poke|p2|Kyurem|
|poke|p2|Gardevoir, M|
|teampreview
|
|t:|1779859082
|teamsize|p1|6
|teamsize|p2|6
|start
|switch|p1a: Dragapult|Dragapult, F|100/100
|switch|p2a: Slowking|Slowking-Galar, F|100/100
|turn|1
|
|t:|1779859088
|move|p1a: Dragapult|U-turn|p2a: Slowking
|-damage|p2a: Slowking|82/100
|
|t:|1779859098
|switch|p1a: Skarmory|Skarmory, M|100/100|[from] U-turn
|move|p2a: Slowking|Thunder Wave|p1a: Skarmory
|-status|p1a: Skarmory|par
|
|upkeep
|turn|2
|
|t:|1779859108
|cant|p1a: Skarmory|par
|move|p2a: Slowking|Future Sight|p1a: Skarmory
|-start|p2a: Slowking|move: Future Sight
|
|upkeep
|turn|3
|
|t:|1779859112
|move|p1a: Skarmory|Spikes|p2a: Slowking
|-sidestart|p2: cachowcapow|Spikes
|-prepare|p2a: Slowking|Chilly Reception|[premajor]
|move|p2a: Slowking|Chilly Reception|p2a: Slowking
|-weather|Snowscape
|
|t:|1779859127
|switch|p2a: Kyurem|Kyurem|100/100|[from] Chilly Reception
|-damage|p2a: Kyurem|88/100|[from] Spikes
|-ability|p2a: Kyurem|Pressure
|
|-weather|Snowscape|[upkeep]
|-heal|p2a: Kyurem|94/100|[from] item: Leftovers
|upkeep
|turn|4
|
|t:|1779859135
|switch|p1a: Slowking|Slowking-Galar, M|100/100
|move|p2a: Kyurem|Protect||[still]
|-fail|p2a: Kyurem
|
|-weather|Snowscape|[upkeep]
|-end|p1a: Slowking|move: Future Sight
|-damage|p1a: Slowking|75/100
|-heal|p2a: Kyurem|100/100|[from] item: Leftovers
|upkeep
|turn|5
|
|t:|1779859145
|move|p2a: Kyurem|Substitute|p2a: Kyurem
|-start|p2a: Kyurem|Substitute
|-damage|p2a: Kyurem|76/100
|move|p1a: Slowking|Psychic Noise|p2a: Kyurem
|-damage|p2a: Kyurem|52/100
|-start|p2a: Kyurem|move: Heal Block
|
|-weather|Snowscape|[upkeep]
|upkeep
|turn|6
|
|t:|1779859157
|move|p2a: Kyurem|Dragon Dance|p2a: Kyurem
|-boost|p2a: Kyurem|atk|1
|-boost|p2a: Kyurem|spe|1
|-prepare|p1a: Slowking|Chilly Reception|[premajor]
|move|p1a: Slowking|Chilly Reception|p1a: Slowking
|
|t:|1779859161
|switch|p1a: Skarmory|Skarmory, M|100/100 par|[from] Chilly Reception
|
|-weather|Snowscape|[upkeep]
|-end|p2a: Kyurem|move: Heal Block
|upkeep
|turn|7
|
|t:|1779859168
|move|p2a: Kyurem|Icicle Spear|p1a: Skarmory
|-damage|p1a: Skarmory|89/100 par
|-crit|p1a: Skarmory
|-damage|p1a: Skarmory|71/100 par
|-hitcount|p1a: Skarmory|2
|move|p1a: Skarmory|Whirlwind|p2a: Kyurem
|drag|p2a: Lokix|Lokix, M|100/100
|-damage|p2a: Lokix|88/100|[from] Spikes
|
|-weather|none
|upkeep
|turn|8
|
|t:|1779859180
|move|p2a: Lokix|U-turn|p1a: Skarmory
|-resisted|p1a: Skarmory
|-damage|p1a: Skarmory|56/100 par
|-damage|p2a: Lokix|72/100|[from] item: Rocky Helmet|[of] p1a: Skarmory
|
|t:|1779859182
|switch|p2a: Corviknight|Corviknight, F|100/100|[from] U-turn
|-ability|p2a: Corviknight|Pressure
|cant|p1a: Skarmory|par
|
|upkeep
|turn|9
|
|t:|1779859187
|move|p2a: Corviknight|Defog|p1a: Skarmory
|-unboost|p1a: Skarmory|evasion|1
|-sideend|p2: cachowcapow|Spikes|[from] move: Defog|[of] p2a: Corviknight
|move|p1a: Skarmory|Roost|p1a: Skarmory
|-heal|p1a: Skarmory|100/100 par
|-singleturn|p1a: Skarmory|move: Roost
|
|upkeep
|turn|10
|
|t:|1779859195
|move|p2a: Corviknight|Iron Defense|p2a: Corviknight
|-boost|p2a: Corviknight|def|2
|move|p1a: Skarmory|Spikes|p2a: Corviknight
|-sidestart|p2: cachowcapow|Spikes
|
|upkeep
|turn|11
|
|t:|1779859201
|move|p2a: Corviknight|Defog|p1a: Skarmory
|-unboost|p1a: Skarmory|evasion|1
|-sideend|p2: cachowcapow|Spikes|[from] move: Defog|[of] p2a: Corviknight
|cant|p1a: Skarmory|par
|
|upkeep
|turn|12
|
|t:|1779859204
|move|p2a: Corviknight|Body Press|p1a: Skarmory
|-damage|p1a: Skarmory|68/100 par
|-damage|p2a: Corviknight|84/100|[from] item: Rocky Helmet|[of] p1a: Skarmory
|cant|p1a: Skarmory|par
|
|upkeep
|turn|13
|
|t:|1779859213
|switch|p2a: Alomomola|Alomomola, F|100/100
|move|p1a: Skarmory|Roost|p1a: Skarmory
|-heal|p1a: Skarmory|100/100 par
|-singleturn|p1a: Skarmory|move: Roost
|
|upkeep
|turn|14
|
|t:|1779859220
|move|p2a: Alomomola|Wish|p2a: Alomomola
|cant|p1a: Skarmory|par
|
|upkeep
|turn|15
|
|t:|1779859225
|move|p2a: Alomomola|Flip Turn|p1a: Skarmory
|-damage|p1a: Skarmory|90/100 par
|-damage|p2a: Alomomola|84/100|[from] item: Rocky Helmet|[of] p1a: Skarmory
|
|t:|1779859227
|switch|p2a: Kyurem|Kyurem|52/100|[from] Flip Turn
|-ability|p2a: Kyurem|Pressure
|move|p1a: Skarmory|Spikes|p2a: Kyurem
|-sidestart|p2: cachowcapow|Spikes
|
|-heal|p2a: Kyurem|100/100|[from] move: Wish|[wisher] Alomomola
|upkeep
|turn|16
|
|t:|1779859233
|move|p2a: Kyurem|Protect|p2a: Kyurem
|-singleturn|p2a: Kyurem|Protect
|move|p1a: Skarmory|Whirlwind|p2a: Kyurem
|drag|p2a: Gardevoir|Gardevoir, M|100/100
|-damage|p2a: Gardevoir|88/100|[from] Spikes
|-ability|p2a: Gardevoir|Sturdy|Trace|[from] ability: Trace|[of] p1a: Skarmory
|
|upkeep
|turn|17
|
|t:|1779859241
|switch|p1a: Slowking|Slowking-Galar, M|100/100
|move|p2a: Gardevoir|Shadow Ball|p1a: Slowking
|-supereffective|p1a: Slowking
|-damage|p1a: Slowking|50/100
|
|upkeep
|turn|18
|
|t:|1779859249
|switch|p1a: Skarmory|Skarmory, M|90/100 par
|move|p2a: Gardevoir|Shadow Ball|p1a: Skarmory
|-damage|p1a: Skarmory|25/100 par
|
|upkeep
|turn|19
|
|t:|1779859256
|switch|p1a: Darkrai|Darkrai, shiny|100/100
|move|p2a: Gardevoir|Shadow Ball|p1a: Darkrai
|-resisted|p1a: Darkrai
|-damage|p1a: Darkrai|75/100
|-unboost|p1a: Darkrai|spd|1
|
|-heal|p1a: Darkrai|81/100|[from] item: Leftovers
|upkeep
|turn|20
|
|t:|1779859265
|switch|p2a: Alomomola|Alomomola, F|100/100
|move|p1a: Darkrai|Nasty Plot|p1a: Darkrai
|-boost|p1a: Darkrai|spa|2
|
|-heal|p1a: Darkrai|87/100|[from] item: Leftovers
|upkeep
|turn|21
|
|t:|1779859269
|move|p1a: Darkrai|Dark Pulse|p2a: Alomomola
|-damage|p2a: Alomomola|40/100
|move|p2a: Alomomola|Flip Turn|p1a: Darkrai
|-damage|p1a: Darkrai|68/100
|
|t:|1779859273
|switch|p2a: Lokix|Lokix, M|72/100|[from] Flip Turn
|-damage|p2a: Lokix|59/100|[from] Spikes
|
|-heal|p1a: Darkrai|75/100|[from] item: Leftovers
|upkeep
|turn|22
|
|t:|1779859277
|switch|p1a: Skarmory|Skarmory, M|25/100 par
|move|p2a: Lokix|U-turn|p1a: Skarmory
|-resisted|p1a: Skarmory
|-damage|p1a: Skarmory|10/100 par
|-damage|p2a: Lokix|43/100|[from] item: Rocky Helmet|[of] p1a: Skarmory
|
|t:|1779859294
|switch|p2a: Kyurem|Kyurem|100/100|[from] U-turn
|-damage|p2a: Kyurem|88/100|[from] Spikes
|-ability|p2a: Kyurem|Pressure
|
|-heal|p2a: Kyurem|94/100|[from] item: Leftovers
|upkeep
|turn|23
|
|t:|1779859300
|move|p2a: Kyurem|Icicle Spear|p1a: Skarmory
|-damage|p1a: Skarmory|2/100 par
|-damage|p1a: Skarmory|0 fnt
|faint|p1a: Skarmory
|-hitcount|p1: Skarmory|2
|
|-heal|p2a: Kyurem|100/100|[from] item: Leftovers
|upkeep
|
|t:|1779859312
|switch|p1a: Dragapult|Dragapult, F|100/100
|turn|24
|
|t:|1779859316
|move|p2a: Kyurem|Protect|p2a: Kyurem
|-singleturn|p2a: Kyurem|Protect
|move|p1a: Dragapult|Will-O-Wisp|p2a: Kyurem
|-activate|p2a: Kyurem|move: Protect
|
|upkeep
|turn|25
|
|t:|1779859324
|switch|p2a: Slowking|Slowking-Galar, F|100/100
|move|p1a: Dragapult|Will-O-Wisp|p2a: Slowking
|-status|p2a: Slowking|brn
|
|-damage|p2a: Slowking|94/100 brn|[from] brn
|upkeep
|turn|26
|
|t:|1779859330
|move|p1a: Dragapult|U-turn|p2a: Slowking
|-damage|p2a: Slowking|73/100 brn
|
|t:|1779859334
|switch|p1a: Goy Destroy|Great Tusk|100/100|[from] U-turn
|move|p2a: Slowking|Thunder Wave|p1a: Goy Destroy
|-immune|p1a: Goy Destroy
|
|-damage|p2a: Slowking|67/100 brn|[from] brn
|upkeep
|turn|27
|
|t:|1779859341
|-terastallize|p2a: Slowking|Grass
|move|p1a: Goy Destroy|Stealth Rock|p2a: Slowking
|-sidestart|p2: cachowcapow|move: Stealth Rock
|move|p2a: Slowking|Future Sight|p1a: Goy Destroy
|-start|p2a: Slowking|move: Future Sight
|
|-damage|p2a: Slowking|61/100 brn|[from] brn
|upkeep
|turn|28
|
|t:|1779859346
|switch|p2a: Corviknight|Corviknight, F|84/100
|-damage|p2a: Corviknight|72/100|[from] Stealth Rock
|-ability|p2a: Corviknight|Pressure
|move|p1a: Goy Destroy|Ice Spinner|p2a: Corviknight
|-damage|p2a: Corviknight|55/100
|-damage|p1a: Goy Destroy|84/100|[from] item: Rocky Helmet|[of] p2a: Corviknight
|
|upkeep
|turn|29
|
|t:|1779859352
|-end|p1a: Goy Destroy|Protosynthesis|[silent]
|switch|p1a: Darkrai|Darkrai, shiny|75/100
|move|p2a: Corviknight|Defog|p1a: Darkrai
|-unboost|p1a: Darkrai|evasion|1
|-sideend|p2: cachowcapow|Spikes|[from] move: Defog|[of] p2a: Corviknight
|-sideend|p2: cachowcapow|Stealth Rock|[from] move: Defog|[of] p2a: Corviknight
|
|-end|p1a: Darkrai|move: Future Sight
|-immune|p1a: Darkrai
|-heal|p1a: Darkrai|81/100|[from] item: Leftovers
|upkeep
|turn|30
|
|t:|1779859363
|move|p1a: Darkrai|Nasty Plot|p1a: Darkrai
|-boost|p1a: Darkrai|spa|2
|move|p2a: Corviknight|Body Press|p1a: Darkrai
|-supereffective|p1a: Darkrai
|-damage|p1a: Darkrai|16/100
|
|-heal|p1a: Darkrai|23/100|[from] item: Leftovers
|upkeep
|turn|31
|
|t:|1779859374
|move|p1a: Darkrai|Dark Pulse|p2a: Corviknight
|-damage|p2a: Corviknight|0 fnt
|faint|p2a: Corviknight
|
|-heal|p1a: Darkrai|29/100|[from] item: Leftovers
|upkeep
|
|t:|1779859376
|switch|p2a: Lokix|Lokix, M|43/100
|turn|32
|
|t:|1779859380
|switch|p1a: Goy Destroy|Great Tusk|84/100
|move|p2a: Lokix|First Impression|p1a: Goy Destroy
|-resisted|p1a: Goy Destroy
|-damage|p1a: Goy Destroy|42/100
|
|upkeep
|turn|33
|
|t:|1779859386
|switch|p2a: Alomomola|Alomomola, F|74/100
|move|p1a: Goy Destroy|Stealth Rock|p2a: Alomomola
|-sidestart|p2: cachowcapow|move: Stealth Rock
|
|upkeep
|turn|34
|
|t:|1779859393
|-end|p1a: Goy Destroy|Protosynthesis|[silent]
|switch|p1a: Ogerpon|Ogerpon-Wellspring, F|100/100
|switch|p2a: Lokix|Lokix, M|43/100
|-damage|p2a: Lokix|18/100|[from] Stealth Rock
|
|upkeep
|turn|35
|
|t:|1779859403
|switch|p1a: Goy Destroy|Great Tusk|42/100
|move|p2a: Lokix|Leech Life|p1a: Goy Destroy
|-resisted|p1a: Goy Destroy
|-damage|p1a: Goy Destroy|3/100
|-heal|p2a: Lokix|43/100|[from] drain|[of] p1a: Goy Destroy
|
|upkeep
|turn|36
|
|t:|1779859412
|move|p2a: Lokix|Leech Life|p1a: Goy Destroy
|-resisted|p1a: Goy Destroy
|-damage|p1a: Goy Destroy|0 fnt
|-heal|p2a: Lokix|45/100|[from] drain|[of] p1a: Goy Destroy
|faint|p1a: Goy Destroy
|-end|p1a: Goy Destroy|Protosynthesis|[silent]
|
|upkeep
|
|t:|1779859418
|switch|p1a: Dragapult|Dragapult, F|100/100
|turn|37
|
|t:|1779859423
|switch|p2a: Alomomola|Alomomola, F|100/100
|move|p1a: Dragapult|U-turn|p2a: Alomomola
|-damage|p2a: Alomomola|88/100
|
|t:|1779859437
|switch|p1a: Ogerpon|Ogerpon-Wellspring, F|100/100|[from] U-turn
|
|upkeep
|turn|38
|
|t:|1779859458
|switch|p2a: Slowking|Slowking-Galar, F, tera:Grass|94/100 brn
|move|p1a: Ogerpon|Horn Leech|p2a: Slowking
|-resisted|p2a: Slowking
|-damage|p2a: Slowking|71/100 brn
|
|-damage|p2a: Slowking|65/100 brn|[from] brn
|upkeep
|turn|39
|
|t:|1779859465
|switch|p1a: Slowking|Slowking-Galar, M|83/100
|move|p2a: Slowking|Future Sight|p1a: Slowking
|-start|p2a: Slowking|move: Future Sight
|
|-damage|p2a: Slowking|59/100 brn|[from] brn
|upkeep
|turn|40
|
|t:|1779859471
|-prepare|p2a: Slowking|Chilly Reception|[premajor]
|move|p2a: Slowking|Chilly Reception|p2a: Slowking
|-weather|Snowscape
|
|t:|1779859475
|switch|p2a: Kyurem|Kyurem|100/100|[from] Chilly Reception
|-damage|p2a: Kyurem|76/100|[from] Stealth Rock
|-ability|p2a: Kyurem|Pressure
|-prepare|p1a: Slowking|Chilly Reception|[premajor]
|move|p1a: Slowking|Chilly Reception|p1a: Slowking
|
|t:|1779859486
|switch|p1a: Dragapult|Dragapult, F|100/100|[from] Chilly Reception
|
|-weather|Snowscape|[upkeep]
|-heal|p2a: Kyurem|82/100|[from] item: Leftovers
|upkeep
|turn|41
|
|t:|1779859491
|move|p1a: Dragapult|Will-O-Wisp|p2a: Kyurem
|-status|p2a: Kyurem|brn
|move|p2a: Kyurem|Icicle Spear|p1a: Dragapult
|-supereffective|p1a: Dragapult
|-damage|p1a: Dragapult|82/100
|-supereffective|p1a: Dragapult
|-damage|p1a: Dragapult|63/100
|-supereffective|p1a: Dragapult
|-damage|p1a: Dragapult|47/100
|-hitcount|p1a: Dragapult|3
|
|-weather|Snowscape|[upkeep]
|-end|p1a: Dragapult|move: Future Sight
|-damage|p1a: Dragapult|0 fnt
|faint|p1a: Dragapult
|-heal|p2a: Kyurem|88/100 brn|[from] item: Leftovers
|-damage|p2a: Kyurem|82/100 brn|[from] brn
|upkeep
|
|t:|1779859505
|switch|p1a: Ogerpon|Ogerpon-Wellspring, F|100/100
|turn|42
|
|t:|1779859517
|move|p1a: Ogerpon|Swords Dance|p1a: Ogerpon
|-boost|p1a: Ogerpon|atk|2
|move|p2a: Kyurem|Substitute|p2a: Kyurem
|-start|p2a: Kyurem|Substitute
|-damage|p2a: Kyurem|57/100 brn
|
|-weather|Snowscape|[upkeep]
|-heal|p2a: Kyurem|63/100 brn|[from] item: Leftovers
|-damage|p2a: Kyurem|57/100 brn|[from] brn
|upkeep
|turn|43
|j| maximilk
|
|t:|1779859523
|move|p1a: Ogerpon|Knock Off|p2a: Kyurem
|-end|p2a: Kyurem|Substitute
|move|p2a: Kyurem|Icicle Spear|p1a: Ogerpon
|-damage|p1a: Ogerpon|92/100
|-damage|p1a: Ogerpon|84/100
|-damage|p1a: Ogerpon|76/100
|-hitcount|p1a: Ogerpon|3
|
|-weather|Snowscape|[upkeep]
|-heal|p2a: Kyurem|63/100 brn|[from] item: Leftovers
|-damage|p2a: Kyurem|57/100 brn|[from] brn
|upkeep
|turn|44
|
|t:|1779859534
|move|p2a: Kyurem|Protect|p2a: Kyurem
|-singleturn|p2a: Kyurem|Protect
|move|p1a: Ogerpon|Horn Leech|p2a: Kyurem
|-activate|p2a: Kyurem|move: Protect
|
|-weather|none
|-heal|p2a: Kyurem|63/100 brn|[from] item: Leftovers
|-damage|p2a: Kyurem|57/100 brn|[from] brn
|upkeep
|turn|45
|
|t:|1779859540
|move|p1a: Ogerpon|Knock Off|p2a: Kyurem
|-damage|p2a: Kyurem|3/100 brn
|-enditem|p2a: Kyurem|Leftovers|[from] move: Knock Off|[of] p1a: Ogerpon
|move|p2a: Kyurem|Substitute|p2a: Kyurem
|-fail|p2a: Kyurem|move: Substitute|[weak]
|
|-damage|p2a: Kyurem|0 fnt|[from] brn
|faint|p2a: Kyurem
|upkeep
|
|t:|1779859559
|switch|p2a: Lokix|Lokix, M|45/100
|-damage|p2a: Lokix|20/100|[from] Stealth Rock
|turn|46
|
|t:|1779859565
|move|p1a: Ogerpon|Ivy Cudgel|p2a: Lokix|[anim] Ivy Cudgel Water
|-damage|p2a: Lokix|0 fnt
|faint|p2a: Lokix
|
|upkeep
|-message|cachowcapow forfeited.
|
|win|ihymyly
|raw|ihymyly's rating: 1483 &rarr; <strong>1505</strong><br />(+22 for winning)
|raw|cachowcapow's rating: 1514 &rarr; <strong>1492</strong><br />(-22 for losing)
|l|☆cachowcapow
|player|p2|
|l|☆ihymyly
|player|p1|
