|j|☆usedcardownloader
|j|☆claudechamp
|t:|1779893118
|gametype|singles
|player|p1|usedcardownloader|2|1290
|player|p2|claudechamp|169|1283
|gen|9
|tier|[Gen 9] OU
|rated|
|rule|HP Percentage Mod: HP is shown in percentages
|rule|Endless Battle Clause: Forcing endless battles is banned
|rule|Species Clause: Limit one of each Pokémon
|rule|OHKO Clause: OHKO moves are banned
|rule|Evasion Items Clause: Evasion items are banned
|rule|Evasion Moves Clause: Evasion moves are banned
|rule|Evasion Abilities Clause: Evasion abilities are banned
|rule|Sleep Moves Clause: Sleep-inducing moves are banned
|clearpoke
|poke|p1|Regidrago|
|poke|p1|Kingambit, M|
|poke|p1|Great Tusk|
|poke|p1|Hatterene, F|
|poke|p1|Alomomola, M|
|poke|p1|Gliscor, F|
|poke|p2|Gliscor, F|
|poke|p2|Ogerpon, F|
|poke|p2|Walking Wake|
|poke|p2|Blissey, F|
|poke|p2|Corviknight, F|
|poke|p2|Pecharunt|
|teampreview
|c|☆claudechamp|hf
|
|t:|1779893123
|teamsize|p1|6
|teamsize|p2|6
|start
|switch|p1a: Great Tusk|Great Tusk|100/100
|switch|p2a: Gliscor|Gliscor, F|100/100
|turn|1
|inactive|Battle timer is ON: inactive players will automatically lose when time's up. (requested by claudechamp)
|c|☆usedcardownloader|u2
|
|t:|1779893130
|move|p1a: Great Tusk|Stealth Rock|p2a: Gliscor
|-sidestart|p2: claudechamp|move: Stealth Rock
|move|p2a: Gliscor|Spikes|p1a: Great Tusk
|-sidestart|p1: usedcardownloader|Spikes
|
|-status|p2a: Gliscor|tox|[from] item: Toxic Orb
|upkeep
|turn|2
|
|t:|1779893135
|-end|p1a: Great Tusk|Protosynthesis|[silent]
|switch|p1a: Hatterene|Hatterene, F|100/100
|-damage|p1a: Hatterene|88/100|[from] Spikes
|move|p2a: Gliscor|Spikes|p1a: Hatterene
|move|p1a: Hatterene|Spikes|p2a: Gliscor|[from] ability: Magic Bounce
|-sidestart|p2: claudechamp|Spikes
|
|upkeep
|turn|3
|
|t:|1779893142
|switch|p2a: Walking Wake|Walking Wake|100/100
|move|p1a: Hatterene|Future Sight|p2a: Walking Wake
|-start|p1a: Hatterene|move: Future Sight
|
|upkeep
|turn|4
|
|t:|1779893146
|move|p2a: Walking Wake|Surf|p1a: Hatterene
|-damage|p1a: Hatterene|55/100
|move|p1a: Hatterene|Nuzzle|p2a: Walking Wake
|-damage|p2a: Walking Wake|96/100
|-status|p2a: Walking Wake|par
|
|upkeep
|turn|5
|
|t:|1779893152
|-end|p2a: Walking Wake|Protosynthesis|[silent]
|switch|p2a: Blissey|Blissey, F|100/100
|move|p1a: Hatterene|Draining Kiss|p2a: Blissey
|-damage|p2a: Blissey|93/100
|-heal|p1a: Hatterene|66/100|[from] drain|[of] p2a: Blissey
|
|-end|p2a: Blissey|move: Future Sight
|-damage|p2a: Blissey|78/100
|upkeep
|turn|6
|
|t:|1779893162
|switch|p1a: Great Tusk|Great Tusk|100/100
|move|p2a: Blissey|Seismic Toss|p1a: Great Tusk
|-damage|p1a: Great Tusk|74/100
|
|upkeep
|turn|7
|
|t:|1779893165
|move|p1a: Great Tusk|Rapid Spin|p2a: Blissey
|-damage|p2a: Blissey|61/100
|-boost|p1a: Great Tusk|spe|1
|-sideend|p1: usedcardownloader|Spikes|[from] move: Rapid Spin|[of] p1a: Great Tusk
|move|p2a: Blissey|Stealth Rock|p1a: Great Tusk
|-sidestart|p1: usedcardownloader|move: Stealth Rock
|
|upkeep
|turn|8
|
|t:|1779893171
|move|p1a: Great Tusk|Headlong Rush|p2a: Blissey
|-damage|p2a: Blissey|0 fnt
|-unboost|p1a: Great Tusk|def|1
|-unboost|p1a: Great Tusk|spd|1
|faint|p2a: Blissey
|
|upkeep
|
|t:|1779893174
|switch|p2a: Walking Wake|Walking Wake|96/100 par
|turn|9
|
|t:|1779893183
|-end|p1a: Great Tusk|Protosynthesis|[silent]
|switch|p1a: Hatterene|Hatterene, F|66/100
|-damage|p1a: Hatterene|54/100|[from] Stealth Rock
|move|p2a: Walking Wake|Surf|p1a: Hatterene
|-damage|p1a: Hatterene|23/100
|
|upkeep
|turn|10
|
|t:|1779893190
|move|p2a: Walking Wake|Surf|p1a: Hatterene
|-crit|p1a: Hatterene
|-damage|p1a: Hatterene|0 fnt
|faint|p1a: Hatterene
|
|upkeep
|
|t:|1779893195
|switch|p1a: redirago|Regidrago|100/100
|-damage|p1a: redirago|88/100|[from] Stealth Rock
|turn|11
|
|t:|1779893198
|move|p1a: redirago|Dragon Energy|p2a: Walking Wake
|-supereffective|p2a: Walking Wake
|-damage|p2a: Walking Wake|0 fnt
|faint|p2a: Walking Wake
|-end|p2a: Walking Wake|Protosynthesis|[silent]
|
|upkeep
|
|t:|1779893201
|switch|p2a: Ogerpon|Ogerpon, F|100/100
|turn|12
|
|t:|1779893207
|move|p1a: redirago|Dragon Energy|p2a: Ogerpon
|-damage|p2a: Ogerpon|2/100
|move|p2a: Ogerpon|Knock Off|p1a: redirago
|-damage|p1a: redirago|52/100
|-enditem|p1a: redirago|Choice Scarf|[from] move: Knock Off|[of] p2a: Ogerpon
|
|upkeep
|turn|13
|
|t:|1779893213
|move|p2a: Ogerpon|U-turn|p1a: redirago
|-damage|p1a: redirago|27/100
|
|t:|1779893219
|switch|p2a: Gliscor|Gliscor, F|100/100 tox|[from] U-turn
|-damage|p2a: Gliscor|88/100 tox|[from] Stealth Rock
|move|p1a: redirago|Dragon Energy|p2a: Gliscor
|-crit|p2a: Gliscor
|-damage|p2a: Gliscor|53/100 tox
|
|-heal|p2a: Gliscor|66/100 tox|[from] ability: Poison Heal
|upkeep
|turn|14
|
|t:|1779893225
|move|p1a: redirago|Draco Meteor|p2a: Gliscor
|-damage|p2a: Gliscor|0 fnt
|-unboost|p1a: redirago|spa|2
|faint|p2a: Gliscor
|
|upkeep
|
|t:|1779893236
|switch|p2a: Ogerpon|Ogerpon, F|2/100
|turn|15
|
|t:|1779893243
|-terastallize|p2a: Ogerpon|Grass
|detailschange|p2a: Ogerpon|Ogerpon-Teal-Tera, F, tera:Grass
|-ability|p2a: Ogerpon|Embody Aspect (Teal)|boost
|-boost|p2a: Ogerpon|spe|1
|move|p2a: Ogerpon|Ivy Cudgel|p1a: redirago
|-resisted|p1a: redirago
|-crit|p1a: redirago
|-damage|p1a: redirago|0 fnt
|faint|p1a: redirago
|
|upkeep
|
|t:|1779893248
|switch|p1a: Kingambit|Kingambit, M|100/100
|-damage|p1a: Kingambit|94/100|[from] Stealth Rock
|-activate|p1a: Kingambit|ability: Supreme Overlord
|-start|p1a: Kingambit|fallen2|[silent]
|turn|16
|
|t:|1779893257
|move|p1a: Kingambit|Sucker Punch|p2a: Ogerpon
|-damage|p2a: Ogerpon|0 fnt
|faint|p2a: Ogerpon
|detailschange|p2: Ogerpon|Ogerpon, F|[silent]
|
|upkeep
|
|t:|1779893262
|switch|p2a: Corviknight|Corviknight, F|100/100
|-ability|p2a: Corviknight|Pressure
|turn|17
|
|t:|1779893269
|move|p2a: Corviknight|Body Press|p1a: Kingambit
|-supereffective|p1a: Kingambit
|-damage|p1a: Kingambit|0 fnt
|faint|p1a: Kingambit
|-end|p1a: Kingambit|fallen2|[silent]
|
|upkeep
|
|t:|1779893276
|switch|p1a: Alomomola|Alomomola, M|100/100
|turn|18
|
|t:|1779893286
|move|p2a: Corviknight|U-turn|p1a: Alomomola
|-damage|p1a: Alomomola|90/100
|
|t:|1779893298
|switch|p2a: Pecharunt|Pecharunt|100/100|[from] U-turn
|move|p1a: Alomomola|Tickle|p2a: Pecharunt
|-unboost|p2a: Pecharunt|atk|1
|-unboost|p2a: Pecharunt|def|1
|
|upkeep
|turn|19
|
|t:|1779893306
|move|p2a: Pecharunt|Malignant Chain|p1a: Alomomola
|-damage|p1a: Alomomola|63/100
|-status|p1a: Alomomola|tox
|-start|p1a: Alomomola|confusion|[from] ability: Poison Puppeteer|[of] p2a: Pecharunt
|-activate|p1a: Alomomola|confusion
|-damage|p1a: Alomomola|58/100 tox|[from] confusion
|
|-damage|p1a: Alomomola|52/100 tox|[from] psn
|upkeep
|turn|20
|
|t:|1779893317
|move|p2a: Pecharunt|Malignant Chain|p1a: Alomomola
|-damage|p1a: Alomomola|26/100 tox
|-activate|p1a: Alomomola|confusion
|move|p1a: Alomomola|Flip Turn|p2a: Pecharunt
|-damage|p2a: Pecharunt|88/100
|
|t:|1779893323
|switch|p1a: Great Tusk|Great Tusk|74/100|[from] Flip Turn
|
|upkeep
|turn|21
|
|t:|1779893330
|switch|p2a: Corviknight|Corviknight, F|100/100
|-ability|p2a: Corviknight|Pressure
|move|p1a: Great Tusk|Headlong Rush|p2a: Corviknight
|-immune|p2a: Corviknight
|
|upkeep
|turn|22
|
|t:|1779893338
|move|p1a: Great Tusk|Ice Spinner|p2a: Corviknight
|-damage|p2a: Corviknight|82/100
|move|p2a: Corviknight|U-turn|p1a: Great Tusk
|-resisted|p1a: Great Tusk
|-damage|p1a: Great Tusk|68/100
|
|t:|1779893347
|switch|p2a: Pecharunt|Pecharunt|88/100|[from] U-turn
|
|upkeep
|turn|23
|-message|usedcardownloader forfeited.
|
|win|claudechamp
|raw|usedcardownloader's rating: 1290 &rarr; <strong>1262</strong><br />(-28 for losing)
|raw|claudechamp's rating: 1253 &rarr; <strong>1281</strong><br />(+28 for winning)
|c|☆claudechamp|gg
