|j|☆carciox
|j|☆NeoNaruto
|t:|1779811309
|gametype|singles
|player|p1|carciox|170|1496
|player|p2|NeoNaruto|1|1529
|gen|9
|tier|[Gen 9] OU
|rated|
|rule|HP Percentage Mod: HP is shown in percentages
|rule|Endless Battle Clause: Forcing endless battles is banned
|rule|Species Clause: Limit one of each Pokémon
|rule|OHKO Clause: OHKO moves are banned
|rule|Evasion Items Clause: Evasion items are banned
|rule|Evasion Moves Clause: Evasion moves are banned
|rule|Evasion Abilities Clause: Evasion abilities are banned
|rule|Sleep Moves Clause: Sleep-inducing moves are banned
|clearpoke
|poke|p1|Kingambit, F|
|poke|p1|Cinderace, F|
|poke|p1|Landorus-Therian, M|
|poke|p1|Iron Valiant|
|poke|p1|Kyurem|
|poke|p1|Slowking-Galar, M|
|poke|p2|Tyranitar, F|
|poke|p2|Kyurem|
|poke|p2|Staraptor, F|
|poke|p2|Garchomp, M|
|poke|p2|Torkoal, M|
|poke|p2|Dragonite, M|
|teampreview
|inactive|Battle timer is ON: inactive players will automatically lose when time's up. (requested by NeoNaruto)
|inactive|carciox also wants the timer to be on.
|
|t:|1779811320
|teamsize|p1|6
|teamsize|p2|6
|start
|switch|p1a: Cinderace|Cinderace, F, shiny|100/100
|switch|p2a: I HAVE NO ENEMIES|Garchomp, M|100/100
|turn|1
|j| Ting-Lu1234
|
|t:|1779811335
|move|p1a: Cinderace|Will-O-Wisp|p2a: I HAVE NO ENEMIES
|-status|p2a: I HAVE NO ENEMIES|brn
|move|p2a: I HAVE NO ENEMIES|Breaking Swipe|p1a: Cinderace
|-damage|p1a: Cinderace|86/100
|-unboost|p1a: Cinderace|atk|1
|
|-damage|p2a: I HAVE NO ENEMIES|94/100 brn|[from] brn
|upkeep
|turn|2
|inactive|carciox has 120 seconds left.
|
|t:|1779811377
|move|p1a: Cinderace|U-turn|p2a: I HAVE NO ENEMIES
|-damage|p2a: I HAVE NO ENEMIES|87/100 brn
|-damage|p1a: Cinderace|74/100|[from] ability: Rough Skin|[of] p2a: I HAVE NO ENEMIES
|-damage|p1a: Cinderace|57/100|[from] item: Rocky Helmet|[of] p2a: I HAVE NO ENEMIES
|
|t:|1779811384
|switch|p1a: Landorus|Landorus-Therian, M, shiny|100/100|[from] U-turn
|-ability|p1a: Landorus|Intimidate|boost
|-unboost|p2a: I HAVE NO ENEMIES|atk|1
|move|p2a: I HAVE NO ENEMIES|Stealth Rock|p1a: Landorus
|-sidestart|p1: carciox|move: Stealth Rock
|
|-damage|p2a: I HAVE NO ENEMIES|81/100 brn|[from] brn
|upkeep
|turn|3
|
|t:|1779811394
|switch|p2a: BIRD JESUS|Staraptor, F|100/100
|move|p1a: Landorus|Earthquake|p2a: BIRD JESUS
|-immune|p2a: BIRD JESUS
|
|upkeep
|turn|4
|
|t:|1779811401
|move|p1a: Landorus|U-turn|p2a: BIRD JESUS
|-resisted|p2a: BIRD JESUS
|-damage|p2a: BIRD JESUS|83/100
|
|t:|1779811413
|switch|p1a: Kingambit|Kingambit, F|100/100|[from] U-turn
|-damage|p1a: Kingambit|94/100|[from] Stealth Rock
|move|p2a: BIRD JESUS|Brave Bird|p1a: Kingambit
|-resisted|p1a: Kingambit
|-crit|p1a: Kingambit
|-damage|p1a: Kingambit|22/100
|-damage|p2a: BIRD JESUS|55/100|[from] Recoil
|
|-heal|p1a: Kingambit|28/100|[from] item: Leftovers
|upkeep
|turn|5
|
|t:|1779811427
|switch|p2a: I HAVE NO ENEMIES|Garchomp, M|81/100 brn
|move|p1a: Kingambit|Sucker Punch||[still]
|-fail|p1a: Kingambit
|
|-heal|p1a: Kingambit|34/100|[from] item: Leftovers
|-damage|p2a: I HAVE NO ENEMIES|74/100 brn|[from] brn
|upkeep
|turn|6
|
|t:|1779811440
|-end|p1a: Kingambit|fallenundefined|[silent]
|switch|p1a: Landorus|Landorus-Therian, M, shiny|100/100
|-damage|p1a: Landorus|88/100|[from] Stealth Rock
|-ability|p1a: Landorus|Intimidate|boost
|-unboost|p2a: I HAVE NO ENEMIES|atk|1
|move|p2a: I HAVE NO ENEMIES|Breaking Swipe|p1a: Landorus
|-damage|p1a: Landorus|80/100
|-unboost|p1a: Landorus|atk|1
|-damage|p2a: I HAVE NO ENEMIES|58/100 brn|[from] item: Rocky Helmet|[of] p1a: Landorus
|
|-damage|p2a: I HAVE NO ENEMIES|52/100 brn|[from] brn
|upkeep
|turn|7
|
|t:|1779811463
|switch|p2a: BIRD JESUS|Staraptor, F|55/100
|move|p1a: Landorus|U-turn|p2a: BIRD JESUS
|-resisted|p2a: BIRD JESUS
|-damage|p2a: BIRD JESUS|45/100
|
|t:|1779811469
|switch|p1a: Kyurem|Kyurem, shiny|100/100|[from] U-turn
|-damage|p1a: Kyurem|76/100|[from] Stealth Rock
|-ability|p1a: Kyurem|Pressure
|
|-heal|p1a: Kyurem|82/100|[from] item: Leftovers
|upkeep
|turn|8
|
|t:|1779811486
|switch|p2a: DA LAST REX(3005)|Tyranitar, F, shiny|100/100
|-weather|Sandstorm|[from] ability: Sand Stream|[of] p2a: DA LAST REX(3005)
|move|p1a: Kyurem|Substitute|p1a: Kyurem
|-start|p1a: Kyurem|Substitute
|-damage|p1a: Kyurem|57/100
|
|-weather|Sandstorm|[upkeep]
|-damage|p1a: Kyurem|51/100|[from] Sandstorm
|-heal|p1a: Kyurem|57/100|[from] item: Leftovers
|upkeep
|turn|9
|
|t:|1779811497
|move|p1a: Kyurem|Earth Power|p2a: DA LAST REX(3005)
|-supereffective|p2a: DA LAST REX(3005)
|-damage|p2a: DA LAST REX(3005)|82/100
|move|p2a: DA LAST REX(3005)|Knock Off|p1a: Kyurem
|-end|p1a: Kyurem|Substitute
|
|-weather|Sandstorm|[upkeep]
|-damage|p1a: Kyurem|51/100|[from] Sandstorm
|-heal|p1a: Kyurem|57/100|[from] item: Leftovers
|upkeep
|turn|10
|
|t:|1779811509
|switch|p1a: Landorus|Landorus-Therian, M, shiny|80/100
|-damage|p1a: Landorus|68/100|[from] Stealth Rock
|-ability|p1a: Landorus|Intimidate|boost
|-unboost|p2a: DA LAST REX(3005)|atk|1
|move|p2a: DA LAST REX(3005)|Knock Off|p1a: Landorus
|-damage|p1a: Landorus|43/100
|-damage|p2a: DA LAST REX(3005)|66/100|[from] item: Rocky Helmet|[of] p1a: Landorus
|-enditem|p1a: Landorus|Rocky Helmet|[from] move: Knock Off|[of] p2a: DA LAST REX(3005)
|
|-weather|Sandstorm|[upkeep]
|upkeep
|turn|11
|
|t:|1779811521
|switch|p2a: I HAVE NO ENEMIES|Garchomp, M|52/100 brn
|move|p1a: Landorus|U-turn|p2a: I HAVE NO ENEMIES
|-damage|p2a: I HAVE NO ENEMIES|37/100 brn
|-damage|p1a: Landorus|31/100|[from] ability: Rough Skin|[of] p2a: I HAVE NO ENEMIES
|-damage|p1a: Landorus|14/100|[from] item: Rocky Helmet|[of] p2a: I HAVE NO ENEMIES
|
|t:|1779811530
|switch|p1a: Cinderace|Cinderace, F, shiny|57/100|[from] U-turn
|
|-weather|Sandstorm|[upkeep]
|-damage|p1a: Cinderace|51/100|[from] Sandstorm
|-damage|p2a: I HAVE NO ENEMIES|31/100 brn|[from] brn
|upkeep
|turn|12
|
|t:|1779811538
|move|p1a: Cinderace|Court Change|p1a: Cinderace
|-swapsideconditions
|-activate|p1a: Cinderace|move: Court Change
|move|p2a: I HAVE NO ENEMIES|Stealth Rock|p1a: Cinderace
|-sidestart|p1: carciox|move: Stealth Rock
|
|-weather|none
|-damage|p2a: I HAVE NO ENEMIES|25/100 brn|[from] brn
|upkeep
|turn|13
|
|t:|1779811547
|move|p1a: Cinderace|Pyro Ball|p2a: I HAVE NO ENEMIES
|-resisted|p2a: I HAVE NO ENEMIES
|-damage|p2a: I HAVE NO ENEMIES|11/100 brn
|move|p2a: I HAVE NO ENEMIES|Rest|p2a: I HAVE NO ENEMIES
|-status|p2a: I HAVE NO ENEMIES|slp|[from] move: Rest
|-heal|p2a: I HAVE NO ENEMIES|100/100 slp|[silent]
|
|upkeep
|turn|14
|
|t:|1779811559
|switch|p1a: Kyurem|Kyurem, shiny|57/100
|-damage|p1a: Kyurem|32/100|[from] Stealth Rock
|-ability|p1a: Kyurem|Pressure
|cant|p2a: I HAVE NO ENEMIES|slp
|
|-heal|p1a: Kyurem|38/100|[from] item: Leftovers
|upkeep
|turn|15
|
|t:|1779811569
|switch|p2a: DA LAST REX(3005)|Tyranitar, F, shiny|66/100
|-damage|p2a: DA LAST REX(3005)|53/100|[from] Stealth Rock
|-weather|Sandstorm|[from] ability: Sand Stream|[of] p2a: DA LAST REX(3005)
|move|p1a: Kyurem|Earth Power|p2a: DA LAST REX(3005)
|-supereffective|p2a: DA LAST REX(3005)
|-damage|p2a: DA LAST REX(3005)|35/100
|
|-weather|Sandstorm|[upkeep]
|-damage|p1a: Kyurem|32/100|[from] Sandstorm
|-heal|p1a: Kyurem|38/100|[from] item: Leftovers
|upkeep
|turn|16
|
|t:|1779811587
|move|p1a: Kyurem|Earth Power|p2a: DA LAST REX(3005)
|-supereffective|p2a: DA LAST REX(3005)
|-damage|p2a: DA LAST REX(3005)|20/100
|move|p2a: DA LAST REX(3005)|Knock Off|p1a: Kyurem
|-damage|p1a: Kyurem|1/100
|-enditem|p1a: Kyurem|Leftovers|[from] move: Knock Off|[of] p2a: DA LAST REX(3005)
|
|-weather|Sandstorm|[upkeep]
|-damage|p1a: Kyurem|0 fnt|[from] Sandstorm
|faint|p1a: Kyurem
|upkeep
|
|t:|1779811600
|switch|p1a: Cinderace|Cinderace, F, shiny|51/100
|turn|17
|
|t:|1779811604
|switch|p2a: I HAVE NO ENEMIES|Garchomp, M|100/100 slp
|-damage|p2a: I HAVE NO ENEMIES|94/100 slp|[from] Stealth Rock
|move|p1a: Cinderace|U-turn|p2a: I HAVE NO ENEMIES
|-damage|p2a: I HAVE NO ENEMIES|83/100 slp
|-damage|p1a: Cinderace|39/100|[from] ability: Rough Skin|[of] p2a: I HAVE NO ENEMIES
|-damage|p1a: Cinderace|22/100|[from] item: Rocky Helmet|[of] p2a: I HAVE NO ENEMIES
|
|t:|1779811613
|switch|p1a: Iron Valiant|Iron Valiant|100/100|[from] U-turn
|-damage|p1a: Iron Valiant|94/100|[from] Stealth Rock
|-enditem|p1a: Iron Valiant|Booster Energy
|-activate|p1a: Iron Valiant|ability: Quark Drive|[fromitem]
|-start|p1a: Iron Valiant|quarkdrivespe
|
|-weather|Sandstorm|[upkeep]
|-damage|p1a: Iron Valiant|88/100|[from] Sandstorm
|upkeep
|turn|18
|
|t:|1779811623
|switch|p2a: DA LAST REX(3005)|Tyranitar, F, shiny|20/100
|-damage|p2a: DA LAST REX(3005)|8/100|[from] Stealth Rock
|move|p1a: Iron Valiant|Calm Mind|p1a: Iron Valiant
|-boost|p1a: Iron Valiant|spa|1
|-boost|p1a: Iron Valiant|spd|1
|
|-weather|Sandstorm|[upkeep]
|-damage|p1a: Iron Valiant|82/100|[from] Sandstorm
|upkeep
|turn|19
|inactive|carciox has 120 seconds left.
|
|t:|1779811633
|move|p1a: Iron Valiant|Moonblast|p2a: DA LAST REX(3005)
|-supereffective|p2a: DA LAST REX(3005)
|-damage|p2a: DA LAST REX(3005)|0 fnt
|faint|p2a: DA LAST REX(3005)
|
|-weather|none
|upkeep
|
|t:|1779811641
|switch|p2a: OVO CHUBBS|Torkoal, M, shiny|100/100
|-weather|SunnyDay|[from] ability: Drought|[of] p2a: OVO CHUBBS
|turn|20
|inactive|carciox has 120 seconds left.
|
|t:|1779811655
|-terastallize|p1a: Iron Valiant|Ghost
|move|p1a: Iron Valiant|Shadow Ball|p2a: OVO CHUBBS
|-damage|p2a: OVO CHUBBS|19/100
|move|p2a: OVO CHUBBS|Clear Smog|p1a: Iron Valiant
|-resisted|p1a: Iron Valiant
|-damage|p1a: Iron Valiant|76/100
|-clearboost|p1a: Iron Valiant
|
|-weather|SunnyDay|[upkeep]
|upkeep
|turn|21
|inactive|carciox has 120 seconds left.
|
|t:|1779811670
|move|p1a: Iron Valiant|Shadow Ball|p2a: OVO CHUBBS
|-damage|p2a: OVO CHUBBS|0 fnt
|faint|p2a: OVO CHUBBS
|
|-weather|SunnyDay|[upkeep]
|upkeep
|
|t:|1779811676
|switch|p2a: VODECi III|Kyurem, shiny|100/100
|-damage|p2a: VODECi III|76/100|[from] Stealth Rock
|-ability|p2a: VODECi III|Pressure
|turn|22
|
|t:|1779811682
|-terastallize|p2a: VODECi III|Ghost
|move|p1a: Iron Valiant|Moonblast|p2a: VODECi III
|-damage|p2a: VODECi III|35/100
|move|p2a: VODECi III|Ice Beam|p1a: Iron Valiant
|-damage|p1a: Iron Valiant|0 fnt
|faint|p1a: Iron Valiant
|-end|p1a: Iron Valiant|Quark Drive|[silent]
|
|-weather|SunnyDay|[upkeep]
|upkeep
|
|t:|1779811695
|switch|p1a: Cinderace|Cinderace, F, shiny|22/100
|turn|23
|
|t:|1779811700
|switch|p2a: I HAVE NO ENEMIES|Garchomp, M|83/100 slp
|-damage|p2a: I HAVE NO ENEMIES|77/100 slp|[from] Stealth Rock
|move|p1a: Cinderace|Pyro Ball|p2a: I HAVE NO ENEMIES
|-resisted|p2a: I HAVE NO ENEMIES
|-damage|p2a: I HAVE NO ENEMIES|46/100 slp
|
|-weather|SunnyDay|[upkeep]
|upkeep
|turn|24
|
|t:|1779811708
|move|p1a: Cinderace|Pyro Ball|p2a: I HAVE NO ENEMIES
|-resisted|p2a: I HAVE NO ENEMIES
|-damage|p2a: I HAVE NO ENEMIES|11/100 slp
|cant|p2a: I HAVE NO ENEMIES|slp
|
|-weather|none
|upkeep
|turn|25
|
|t:|1779811716
|switch|p2a: VODECi III|Kyurem, shiny, tera:Ghost|35/100
|-damage|p2a: VODECi III|23/100|[from] Stealth Rock
|-ability|p2a: VODECi III|Pressure
|move|p1a: Cinderace|Pyro Ball|p2a: VODECi III|[miss]
|-miss|p1a: Cinderace|p2a: VODECi III
|
|upkeep
|turn|26
|
|t:|1779811724
|move|p1a: Cinderace|Pyro Ball|p2a: VODECi III
|-damage|p2a: VODECi III|0 fnt
|faint|p2a: VODECi III
|
|upkeep
|
|t:|1779811726
|switch|p2a: FAT CHARIZARD|Dragonite, M, shiny|100/100
|turn|27
|l| Ting-Lu1234
|
|t:|1779811733
|move|p2a: FAT CHARIZARD|Extreme Speed|p1a: Cinderace
|-damage|p1a: Cinderace|0 fnt
|faint|p1a: Cinderace
|
|upkeep
|
|t:|1779811743
|switch|p1a: Landorus|Landorus-Therian, M, shiny|14/100
|-damage|p1a: Landorus|2/100|[from] Stealth Rock
|-ability|p1a: Landorus|Intimidate|boost
|-unboost|p2a: FAT CHARIZARD|atk|1
|turn|28
|
|t:|1779811751
|move|p2a: FAT CHARIZARD|Extreme Speed|p1a: Landorus
|-crit|p1a: Landorus
|-damage|p1a: Landorus|0 fnt
|faint|p1a: Landorus
|
|upkeep
|
|t:|1779811758
|switch|p1a: Slowking|Slowking-Galar, M, shiny|100/100
|turn|29
|
|t:|1779811762
|switch|p2a: I HAVE NO ENEMIES|Garchomp, M|11/100 slp
|-damage|p2a: I HAVE NO ENEMIES|5/100 slp|[from] Stealth Rock
|move|p1a: Slowking|Thunder Wave|p2a: I HAVE NO ENEMIES
|-immune|p2a: I HAVE NO ENEMIES
|
|upkeep
|turn|30
|
|t:|1779811778
|-curestatus|p2a: I HAVE NO ENEMIES|slp|[msg]
|move|p2a: I HAVE NO ENEMIES|Spikes|p1a: Slowking
|-sidestart|p1: carciox|Spikes
|move|p1a: Slowking|Psychic Noise|p2a: I HAVE NO ENEMIES
|-damage|p2a: I HAVE NO ENEMIES|0 fnt
|faint|p2a: I HAVE NO ENEMIES
|
|upkeep
|
|t:|1779811782
|switch|p2a: BIRD JESUS|Staraptor, F|45/100
|-damage|p2a: BIRD JESUS|20/100|[from] Stealth Rock
|turn|31
|
|t:|1779811795
|move|p2a: BIRD JESUS|Brave Bird|p1a: Slowking
|-damage|p1a: Slowking|0 fnt
|faint|p1a: Slowking
|-damage|p2a: BIRD JESUS|0 fnt|[from] Recoil
|faint|p2a: BIRD JESUS
|
|upkeep
|
|t:|1779811803
|switch|p2a: FAT CHARIZARD|Dragonite, M, shiny|100/100
|switch|p1a: Kingambit|Kingambit, F|34/100
|-damage|p1a: Kingambit|28/100|[from] Stealth Rock
|-damage|p1a: Kingambit|16/100|[from] Spikes
|-activate|p1a: Kingambit|ability: Supreme Overlord
|-start|p1a: Kingambit|fallen5|[silent]
|turn|32
|
|t:|1779811813
|move|p2a: FAT CHARIZARD|Extreme Speed|p1a: Kingambit
|-resisted|p1a: Kingambit
|-damage|p1a: Kingambit|4/100
|move|p1a: Kingambit|Iron Head|p2a: FAT CHARIZARD
|-damage|p2a: FAT CHARIZARD|63/100
|
|-heal|p1a: Kingambit|10/100|[from] item: Leftovers
|upkeep
|turn|33
|
|t:|1779811828
|move|p2a: FAT CHARIZARD|Extreme Speed|p1a: Kingambit
|-resisted|p1a: Kingambit
|-damage|p1a: Kingambit|0 fnt
|faint|p1a: Kingambit
|-end|p1a: Kingambit|fallen5|[silent]
|
|win|NeoNaruto
|raw|carciox's rating: 1496 &rarr; <strong>1478</strong><br />(-18 for losing)
|raw|NeoNaruto's rating: 1529 &rarr; <strong>1547</strong><br />(+18 for winning)
|l|☆carciox
|player|p1|
|l|☆NeoNaruto
|player|p2|
