|j|☆okavi
|j|☆Neckar40
|t:|1779848630
|gametype|singles
|player|p1|okavi|doubleteam|1159
|player|p2|Neckar40|170|1172
|gen|9
|tier|[Gen 9] OU
|rated|
|rule|HP Percentage Mod: HP is shown in percentages
|rule|Endless Battle Clause: Forcing endless battles is banned
|rule|Species Clause: Limit one of each Pokémon
|rule|OHKO Clause: OHKO moves are banned
|rule|Evasion Items Clause: Evasion items are banned
|rule|Evasion Moves Clause: Evasion moves are banned
|rule|Evasion Abilities Clause: Evasion abilities are banned
|rule|Sleep Moves Clause: Sleep-inducing moves are banned
|clearpoke
|poke|p1|Mandibuzz, F|
|poke|p1|Goodra-Hisui, F|
|poke|p1|Registeel|
|poke|p1|Jumpluff, M|
|poke|p1|Vaporeon, M|
|poke|p1|Mudsdale, M|
|poke|p2|Tinkaton, F|
|poke|p2|Darkrai|
|poke|p2|Glimmora, M|
|poke|p2|Cinderace, M|
|poke|p2|Primarina, M|
|poke|p2|Thundurus, M|
|teampreview
|inactive|Battle timer is ON: inactive players will automatically lose when time's up. (requested by Neckar40)
|
|t:|1779848640
|teamsize|p1|6
|teamsize|p2|6
|start
|switch|p1a: Registeel|Registeel, shiny|100/100
|switch|p2a: Cinderace|Cinderace, M|100/100
|turn|1
|
|t:|1779848649
|switch|p1a: Mudsdale|Mudsdale, M|100/100
|-terastallize|p2a: Cinderace|Fire
|move|p2a: Cinderace|Pyro Ball|p1a: Mudsdale
|-damage|p1a: Mudsdale|54/100
|-ability|p1a: Mudsdale|Stamina|boost
|-boost|p1a: Mudsdale|def|1
|
|upkeep
|turn|2
|
|t:|1779848666
|switch|p2a: Glimmora|Glimmora, M|100/100
|move|p1a: Mudsdale|Earthquake|p2a: Glimmora
|-supereffective|p2a: Glimmora
|-enditem|p2a: Glimmora|Focus Sash
|-damage|p2a: Glimmora|1/100
|-activate|p2a: Glimmora|ability: Toxic Debris
|-sidestart|p1: okavi|move: Toxic Spikes
|
|upkeep
|turn|3
|
|t:|1779848675
|move|p2a: Glimmora|Toxic Spikes|p1a: Mudsdale
|-sidestart|p1: okavi|move: Toxic Spikes
|move|p1a: Mudsdale|Body Press|p2a: Glimmora
|-damage|p2a: Glimmora|0 fnt
|faint|p2a: Glimmora
|
|upkeep
|
|t:|1779848694
|switch|p2a: Darkrai|Darkrai|100/100
|turn|4
|
|t:|1779848707
|switch|p1a: Mandibuzz|Mandibuzz, F|100/100
|move|p2a: Darkrai|Ice Beam|p1a: Mandibuzz
|-supereffective|p1a: Mandibuzz
|-damage|p1a: Mandibuzz|24/100
|-damage|p2a: Darkrai|91/100|[from] item: Life Orb
|
|upkeep
|turn|5
|
|t:|1779848715
|switch|p1a: Registeel|Registeel, shiny|100/100
|move|p2a: Darkrai|Ice Beam|p1a: Registeel
|-resisted|p1a: Registeel
|-damage|p1a: Registeel|90/100
|-damage|p2a: Darkrai|81/100|[from] item: Life Orb
|
|-heal|p1a: Registeel|96/100|[from] item: Leftovers
|upkeep
|turn|6
|
|t:|1779848723
|move|p2a: Darkrai|Focus Blast|p1a: Registeel
|-supereffective|p1a: Registeel
|-damage|p1a: Registeel|35/100
|-damage|p2a: Darkrai|71/100|[from] item: Life Orb
|move|p1a: Registeel|Iron Defense|p1a: Registeel
|-boost|p1a: Registeel|def|2
|
|-heal|p1a: Registeel|41/100|[from] item: Leftovers
|upkeep
|turn|7
|
|t:|1779848730
|move|p2a: Darkrai|Focus Blast|p1a: Registeel|[miss]
|-miss|p2a: Darkrai|p1a: Registeel
|move|p1a: Registeel|Body Press|p2a: Darkrai
|-supereffective|p2a: Darkrai
|-damage|p2a: Darkrai|0 fnt
|faint|p2a: Darkrai
|
|-heal|p1a: Registeel|47/100|[from] item: Leftovers
|upkeep
|
|t:|1779848742
|switch|p2a: Thundurus|Thundurus, M|100/100
|turn|8
|
|t:|1779848755
|move|p2a: Thundurus|Focus Blast|p1a: Registeel
|-supereffective|p1a: Registeel
|-damage|p1a: Registeel|0 fnt
|faint|p1a: Registeel
|-damage|p2a: Thundurus|91/100|[from] item: Life Orb
|
|upkeep
|
|t:|1779848764
|switch|p1a: Goodra|Goodra-Hisui, F|100/100
|turn|9
|
|t:|1779848771
|move|p2a: Thundurus|Nasty Plot|p2a: Thundurus
|-boost|p2a: Thundurus|spa|2
|move|p1a: Goodra|Fire Blast|p2a: Thundurus
|-damage|p2a: Thundurus|42/100
|
|upkeep
|turn|10
|
|t:|1779848779
|move|p2a: Thundurus|Focus Blast|p1a: Goodra
|-supereffective|p1a: Goodra
|-damage|p1a: Goodra|3/100
|-damage|p2a: Thundurus|32/100|[from] item: Life Orb
|move|p1a: Goodra|Draco Meteor|p2a: Thundurus
|-damage|p2a: Thundurus|0 fnt
|-unboost|p1a: Goodra|spa|2
|faint|p2a: Thundurus
|
|upkeep
|
|t:|1779848804
|switch|p2a: Cinderace|Cinderace, M, tera:Fire|100/100
|turn|11
|
|t:|1779848812
|switch|p1a: Vaporeon|Vaporeon, M|100/100
|-status|p1a: Vaporeon|tox
|move|p2a: Cinderace|Pyro Ball|p1a: Vaporeon
|-resisted|p1a: Vaporeon
|-damage|p1a: Vaporeon|64/100 tox
|
|-heal|p1a: Vaporeon|70/100 tox|[from] item: Leftovers
|-damage|p1a: Vaporeon|64/100 tox|[from] psn
|upkeep
|turn|12
|
|t:|1779848823
|move|p2a: Cinderace|High Jump Kick|p1a: Vaporeon
|-damage|p1a: Vaporeon|22/100 tox
|move|p1a: Vaporeon|Wish|p1a: Vaporeon
|
|-heal|p1a: Vaporeon|28/100 tox|[from] item: Leftovers
|-damage|p1a: Vaporeon|16/100 tox|[from] psn
|upkeep
|turn|13
|
|t:|1779848838
|move|p2a: Cinderace|High Jump Kick|p1a: Vaporeon
|-damage|p1a: Vaporeon|0 fnt
|faint|p1a: Vaporeon
|
|upkeep
|
|t:|1779848841
|switch|p1a: Mandibuzz|Mandibuzz, F|24/100
|turn|14
|
|t:|1779848855
|move|p2a: Cinderace|Pyro Ball|p1a: Mandibuzz
|-damage|p1a: Mandibuzz|0 fnt
|faint|p1a: Mandibuzz
|
|upkeep
|
|t:|1779848858
|switch|p1a: Mudsdale|Mudsdale, M|54/100
|-status|p1a: Mudsdale|tox
|turn|15
|
|t:|1779848868
|move|p2a: Cinderace|Pyro Ball|p1a: Mudsdale
|-damage|p1a: Mudsdale|8/100 tox
|-ability|p1a: Mudsdale|Stamina|boost
|-boost|p1a: Mudsdale|def|1
|move|p1a: Mudsdale|Earthquake|p2a: Cinderace
|-supereffective|p2a: Cinderace
|-damage|p2a: Cinderace|0 fnt
|faint|p2a: Cinderace
|
|-damage|p1a: Mudsdale|2/100 tox|[from] psn
|upkeep
|
|t:|1779848878
|switch|p2a: Tinkaton|Tinkaton, F|100/100
|-ability|p2a: Tinkaton|Mold Breaker
|turn|16
|
|t:|1779848890
|move|p2a: Tinkaton|Knock Off|p1a: Mudsdale
|-damage|p1a: Mudsdale|0 fnt
|-damage|p2a: Tinkaton|84/100|[from] item: Rocky Helmet|[of] p1a: Mudsdale
|-enditem|p1a: Mudsdale|Rocky Helmet|[from] move: Knock Off|[of] p2a: Tinkaton
|faint|p1a: Mudsdale
|
|upkeep
|inactive|okavi has 120 seconds left.
|
|t:|1779848915
|switch|p1a: Goodra|Goodra-Hisui, F|3/100
|turn|17
|
|t:|1779848920
|move|p2a: Tinkaton|Knock Off|p1a: Goodra
|-damage|p1a: Goodra|0 fnt
|-enditem|p1a: Goodra|Assault Vest|[from] move: Knock Off|[of] p2a: Tinkaton
|faint|p1a: Goodra
|
|upkeep
|
|t:|1779848924
|switch|p1a: Jumpluff|Jumpluff, M, shiny|100/100
|turn|18
|
|t:|1779848928
|move|p2a: Tinkaton|Gigaton Hammer|p1a: Jumpluff
|-damage|p1a: Jumpluff|19/100
|move|p1a: Jumpluff|Switcheroo|p2a: Tinkaton
|-activate|p1a: Jumpluff|move: Trick|[of] p2a: Tinkaton
|-item|p2a: Tinkaton|Toxic Orb|[from] move: Switcheroo
|-item|p1a: Jumpluff|Wide Lens|[from] move: Switcheroo
|
|upkeep
|turn|19
|-message|okavi forfeited.
|
|win|Neckar40
|raw|okavi's rating: 1159 &rarr; <strong>1135</strong><br />(-24 for losing)
|raw|Neckar40's rating: 1172 &rarr; <strong>1196</strong><br />(+24 for winning)
|l|☆okavi
|player|p1|
|l|☆Neckar40
|player|p2|
|j|☆Neckar40
|player|p2|Neckar40|170|
