|j|☆deezss
|j|☆jsk69
|t:|1779958835
|gametype|singles
|player|p1|deezss|rosa|1202
|player|p2|jsk69|101|1160
|gen|9
|tier|[Gen 9] OU
|rated|
|rule|HP Percentage Mod: HP is shown in percentages
|rule|Endless Battle Clause: Forcing endless battles is banned
|rule|Species Clause: Limit one of each Pokémon
|rule|OHKO Clause: OHKO moves are banned
|rule|Evasion Items Clause: Evasion items are banned
|rule|Evasion Moves Clause: Evasion moves are banned
|rule|Evasion Abilities Clause: Evasion abilities are banned
|rule|Sleep Moves Clause: Sleep-inducing moves are banned
|clearpoke
|poke|p1|Scrafty, F|
|poke|p1|Slowking-Galar, F|
|poke|p1|Heatran, F|
|poke|p1|Gholdengo|
|poke|p1|Iron Valiant|
|poke|p1|Weezing-Galar, M|
|poke|p2|Scizor, M|
|poke|p2|Jirachi|
|poke|p2|Gliscor, F|
|poke|p2|Porygon-Z|
|poke|p2|Heatran, M|
|poke|p2|Zoroark-Hisui, F|
|teampreview
|inactive|Battle timer is ON: inactive players will automatically lose when time's up. (requested by deezss)
|
|t:|1779958842
|teamsize|p1|6
|teamsize|p2|6
|start
|switch|p1a: Heatran|Heatran, F|100/100
|switch|p2a: it bugs me idk|Jirachi|100/100
|-item|p1a: Heatran|Air Balloon
|turn|1
|
|t:|1779958852
|move|p2a: it bugs me idk|Iron Head|p1a: Heatran
|-resisted|p1a: Heatran
|-damage|p1a: Heatran|94/100
|-enditem|p1a: Heatran|Air Balloon
|cant|p1a: Heatran|flinch
|
|upkeep
|turn|2
|
|t:|1779958867
|switch|p2a: frog eat bug|Heatran, M|100/100
|-item|p2a: frog eat bug|Air Balloon
|move|p1a: Heatran|Stealth Rock|p2a: frog eat bug
|-sidestart|p2: jsk69|move: Stealth Rock
|
|upkeep
|turn|3
|
|t:|1779958878
|switch|p1a: Gholdengo|Gholdengo|100/100
|-item|p1a: Gholdengo|Air Balloon
|move|p2a: frog eat bug|Scorching Sands|p1a: Gholdengo
|-immune|p1a: Gholdengo
|
|upkeep
|turn|4
|inactive|deezss has 120 seconds left.
|
|t:|1779958912
|switch|p2a: frog eat bug|Heatran, M|100/100
|-damage|p2a: frog eat bug|88/100|[from] Stealth Rock
|move|p1a: Gholdengo|Shadow Ball|p2a: frog eat bug
|-immune|p2a: frog eat bug
|
|upkeep
|turn|5
|
|t:|1779958924
|-terastallize|p1a: Gholdengo|Steel
|move|p2a: frog eat bug|Bitter Malice|p1a: Gholdengo
|-damage|p1a: Gholdengo|49/100
|-unboost|p1a: Gholdengo|atk|1
|-enditem|p1a: Gholdengo|Air Balloon
|-damage|p2a: frog eat bug|78/100|[from] item: Life Orb
|move|p1a: Gholdengo|Make It Rain|p2a: frog eat bug
|-damage|p2a: frog eat bug|0 fnt
|-unboost|p1a: Gholdengo|spa|1
|replace|p2a: bug larp|Zoroark-Hisui, F
|-end|p2a: bug larp|Illusion
|faint|p2a: bug larp
|
|upkeep
|
|t:|1779958939
|switch|p2a: goated bug|Scizor, M|100/100
|-damage|p2a: goated bug|88/100|[from] Stealth Rock
|turn|6
|
|t:|1779958946
|switch|p1a: Heatran|Heatran, F|94/100
|move|p2a: goated bug|Swords Dance|p2a: goated bug
|-boost|p2a: goated bug|atk|2
|
|upkeep
|turn|7
|
|t:|1779958952
|move|p1a: Heatran|Will-O-Wisp|p2a: goated bug
|-status|p2a: goated bug|brn
|move|p2a: goated bug|Close Combat|p1a: Heatran
|-supereffective|p1a: Heatran
|-damage|p1a: Heatran|20/100
|-unboost|p2a: goated bug|def|1
|-unboost|p2a: goated bug|spd|1
|
|-damage|p2a: goated bug|82/100 brn|[from] brn
|upkeep
|turn|8
|
|t:|1779958965
|switch|p1a: Weezing|Weezing-Galar, M|100/100
|-ability|p1a: Weezing|Neutralizing Gas
|move|p2a: goated bug|Swords Dance|p2a: goated bug
|-boost|p2a: goated bug|atk|2
|
|-damage|p2a: goated bug|76/100 brn|[from] brn
|upkeep
|turn|9
|
|t:|1779958982
|-end|p1a: Weezing|ability: Neutralizing Gas
|switch|p1a: Scrafty|Scrafty, F|100/100
|-ability|p1a: Scrafty|Intimidate|boost
|-unboost|p2a: goated bug|atk|1
|move|p2a: goated bug|Defog|p1a: Scrafty
|-unboost|p1a: Scrafty|evasion|1
|-sideend|p2: jsk69|Stealth Rock|[from] move: Defog|[of] p2a: goated bug
|
|-damage|p2a: goated bug|70/100 brn|[from] brn
|upkeep
|turn|10
|
|t:|1779958991
|move|p2a: goated bug|Close Combat|p1a: Scrafty
|-supereffective|p1a: Scrafty
|-crit|p1a: Scrafty
|-damage|p1a: Scrafty|0 fnt
|-unboost|p2a: goated bug|def|1
|-unboost|p2a: goated bug|spd|1
|faint|p1a: Scrafty
|
|-damage|p2a: goated bug|64/100 brn|[from] brn
|upkeep
|
|t:|1779958994
|switch|p1a: Heatran|Heatran, F|20/100
|turn|11
|
|t:|1779959004
|move|p2a: goated bug|Bullet Punch|p1a: Heatran
|-resisted|p1a: Heatran
|-damage|p1a: Heatran|11/100
|move|p1a: Heatran|Magma Storm|p2a: goated bug
|-supereffective|p2a: goated bug
|-damage|p2a: goated bug|0 fnt
|faint|p2a: goated bug
|
|upkeep
|
|t:|1779959012
|switch|p2a: it bugs me idk|Jirachi|100/100
|turn|12
|
|t:|1779959016
|move|p2a: it bugs me idk|U-turn|p1a: Heatran
|-resisted|p1a: Heatran
|-damage|p1a: Heatran|7/100
|
|t:|1779959024
|switch|p2a: frog eat bug|Heatran, M|100/100|[from] U-turn
|-item|p2a: frog eat bug|Air Balloon
|move|p1a: Heatran|Magma Storm|p2a: frog eat bug
|-start|p2a: frog eat bug|ability: Flash Fire
|
|upkeep
|turn|13
|
|t:|1779959031
|move|p1a: Heatran|Stealth Rock|p2a: frog eat bug
|-sidestart|p2: jsk69|move: Stealth Rock
|move|p2a: frog eat bug|Scorching Sands|p1a: Heatran
|-supereffective|p1a: Heatran
|-damage|p1a: Heatran|0 fnt
|faint|p1a: Heatran
|
|upkeep
|
|t:|1779959033
|switch|p1a: Iron Valiant|Iron Valiant|100/100
|turn|14
|
|t:|1779959044
|-terastallize|p2a: frog eat bug|Grass
|move|p1a: Iron Valiant|Aura Sphere|p2a: frog eat bug
|-damage|p2a: frog eat bug|62/100
|-enditem|p2a: frog eat bug|Air Balloon
|move|p2a: frog eat bug|Magma Storm|p1a: Iron Valiant|[miss]
|-miss|p2a: frog eat bug|p1a: Iron Valiant
|
|upkeep
|turn|15
|
|t:|1779959054
|-end|p1a: Iron Valiant|Quark Drive|[silent]
|switch|p1a: Slowking|Slowking-Galar, F|100/100
|move|p2a: frog eat bug|Magma Storm|p1a: Slowking
|-damage|p1a: Slowking|63/100
|-activate|p1a: Slowking|move: Magma Storm|[of] p2a: frog eat bug
|
|-damage|p1a: Slowking|50/100|[from] move: Magma Storm|[partiallytrapped]
|upkeep
|turn|16
|
|t:|1779959062
|move|p2a: frog eat bug|Taunt|p1a: Slowking
|-start|p1a: Slowking|move: Taunt
|-prepare|p1a: Slowking|Chilly Reception|[premajor]
|cant|p1a: Slowking|move: Taunt|Chilly Reception
|
|-damage|p1a: Slowking|38/100|[from] move: Magma Storm|[partiallytrapped]
|upkeep
|turn|17
|c|☆deezss|mb gang
|
|t:|1779959071
|move|p2a: frog eat bug|Scorching Sands|p1a: Slowking
|-supereffective|p1a: Slowking
|-damage|p1a: Slowking|16/100
|-status|p1a: Slowking|brn
|move|p1a: Slowking|Sludge Wave|p2a: frog eat bug
|-supereffective|p2a: frog eat bug
|-damage|p2a: frog eat bug|19/100
|-status|p2a: frog eat bug|psn
|
|-damage|p2a: frog eat bug|6/100 psn|[from] psn
|-damage|p1a: Slowking|10/100 brn|[from] brn
|-damage|p1a: Slowking|0 fnt|[from] move: Magma Storm|[partiallytrapped]
|faint|p1a: Slowking
|upkeep
|
|t:|1779959076
|switch|p1a: Iron Valiant|Iron Valiant|100/100
|turn|18
|c|☆jsk69|lol
|
|t:|1779959089
|move|p1a: Iron Valiant|Moonblast|p2a: frog eat bug
|-damage|p2a: frog eat bug|0 fnt
|faint|p2a: frog eat bug
|
|upkeep
|
|t:|1779959096
|switch|p2a: it bugs me idk|Jirachi|100/100
|-damage|p2a: it bugs me idk|94/100|[from] Stealth Rock
|turn|19
|
|t:|1779959100
|-end|p1a: Iron Valiant|Quark Drive|[silent]
|switch|p1a: Weezing|Weezing-Galar, M|100/100
|-ability|p1a: Weezing|Neutralizing Gas
|move|p2a: it bugs me idk|Iron Head|p1a: Weezing
|-supereffective|p1a: Weezing
|-damage|p1a: Weezing|52/100
|
|upkeep
|turn|20
|
|t:|1779959108
|move|p2a: it bugs me idk|Iron Head|p1a: Weezing
|-supereffective|p1a: Weezing
|-damage|p1a: Weezing|10/100
|cant|p1a: Weezing|flinch
|
|upkeep
|turn|21
|
|t:|1779959113
|move|p2a: it bugs me idk|Iron Head|p1a: Weezing
|-supereffective|p1a: Weezing
|-damage|p1a: Weezing|0 fnt
|faint|p1a: Weezing
|-end|p1a: Weezing|ability: Neutralizing Gas
|
|upkeep
|
|t:|1779959115
|switch|p1a: Gholdengo|Gholdengo, tera:Steel|49/100
|turn|22
|
|t:|1779959122
|move|p2a: it bugs me idk|Iron Head|p1a: Gholdengo
|-resisted|p1a: Gholdengo
|-damage|p1a: Gholdengo|32/100
|cant|p1a: Gholdengo|flinch
|
|upkeep
|turn|23
|
|t:|1779959127
|move|p2a: it bugs me idk|Iron Head|p1a: Gholdengo
|-resisted|p1a: Gholdengo
|-damage|p1a: Gholdengo|17/100
|cant|p1a: Gholdengo|flinch
|
|upkeep
|turn|24
|
|t:|1779959133
|move|p2a: it bugs me idk|Iron Head|p1a: Gholdengo
|-resisted|p1a: Gholdengo
|-damage|p1a: Gholdengo|0 fnt
|faint|p1a: Gholdengo
|
|upkeep
|
|t:|1779959139
|switch|p1a: Iron Valiant|Iron Valiant|100/100
|turn|25
|
|t:|1779959142
|move|p2a: it bugs me idk|Iron Head|p1a: Iron Valiant
|-supereffective|p1a: Iron Valiant
|-damage|p1a: Iron Valiant|2/100
|cant|p1a: Iron Valiant|flinch
|
|upkeep
|turn|26
|c|☆jsk69|sorry
|
|t:|1779959165
|move|p2a: it bugs me idk|Iron Head|p1a: Iron Valiant
|-supereffective|p1a: Iron Valiant
|-damage|p1a: Iron Valiant|0 fnt
|faint|p1a: Iron Valiant
|-end|p1a: Iron Valiant|Quark Drive|[silent]
|
|win|jsk69
|raw|deezss's rating: 1202 &rarr; <strong>1174</strong><br />(-28 for losing)
|raw|jsk69's rating: 1160 &rarr; <strong>1188</strong><br />(+28 for winning)
|l|☆deezss
|player|p1|
|c|☆jsk69|this is rhe only way to make my bug themed team work
|l|☆jsk69
|player|p2|
