|j|☆KevinSPG5
|j|☆Tiago_SM
|t:|1779900852
|gametype|singles
|player|p1|KevinSPG5|gambler|1164
|player|p2|Tiago_SM|266|1182
|gen|9
|tier|[Gen 9] OU
|rated|
|rule|HP Percentage Mod: HP is shown in percentages
|rule|Endless Battle Clause: Forcing endless battles is banned
|rule|Species Clause: Limit one of each Pokémon
|rule|OHKO Clause: OHKO moves are banned
|rule|Evasion Items Clause: Evasion items are banned
|rule|Evasion Moves Clause: Evasion moves are banned
|rule|Evasion Abilities Clause: Evasion abilities are banned
|rule|Sleep Moves Clause: Sleep-inducing moves are banned
|clearpoke
|poke|p1|Kricketune, M|
|poke|p1|Polteageist|
|poke|p1|Gholdengo|
|poke|p1|Kingambit, M|
|poke|p1|Great Tusk|
|poke|p1|Iron Valiant|
|poke|p2|Great Tusk|
|poke|p2|Kingambit, F|
|poke|p2|Dragapult, F|
|poke|p2|Gholdengo|
|poke|p2|Raging Bolt|
|poke|p2|Ogerpon-Wellspring, F|
|teampreview
|inactive|Battle timer is ON: inactive players will automatically lose when time's up. (requested by KevinSPG5)
|
|t:|1779900864
|teamsize|p1|6
|teamsize|p2|6
|start
|switch|p1a: Kricketune|Kricketune, M|100/100
|switch|p2a: Great Tusk|Great Tusk|100/100
|turn|1
|
|t:|1779900871
|move|p1a: Kricketune|Sticky Web|p2a: Great Tusk
|-sidestart|p2: Tiago_SM|move: Sticky Web
|move|p2a: Great Tusk|Stealth Rock|p1a: Kricketune
|-sidestart|p1: KevinSPG5|move: Stealth Rock
|
|upkeep
|turn|2
|
|t:|1779900883
|move|p1a: Kricketune|Perish Song|p1a: Kricketune
|-start|p1a: Kricketune|perish3|[silent]
|-start|p2a: Great Tusk|perish3|[silent]
|-fieldactivate|move: Perish Song
|move|p2a: Great Tusk|Rapid Spin|p1a: Kricketune
|-damage|p1a: Kricketune|75/100
|-boost|p2a: Great Tusk|spe|1
|-sideend|p2: Tiago_SM|Sticky Web|[from] move: Rapid Spin|[of] p2a: Great Tusk
|
|-start|p2a: Great Tusk|perish3
|-start|p1a: Kricketune|perish3
|upkeep
|turn|3
|
|t:|1779900903
|move|p2a: Great Tusk|Knock Off|p1a: Kricketune
|-damage|p1a: Kricketune|28/100
|-enditem|p1a: Kricketune|Focus Sash|[from] move: Knock Off|[of] p2a: Great Tusk
|move|p1a: Kricketune|Taunt|p2a: Great Tusk
|-start|p2a: Great Tusk|move: Taunt
|
|-start|p2a: Great Tusk|perish2
|-start|p1a: Kricketune|perish2
|upkeep
|turn|4
|
|t:|1779900913
|move|p2a: Great Tusk|Knock Off|p1a: Kricketune
|-damage|p1a: Kricketune|0 fnt
|faint|p1a: Kricketune
|
|-start|p2a: Great Tusk|perish1
|upkeep
|
|t:|1779900916
|switch|p1a: Great Tusk|Great Tusk|100/100
|turn|5
|
|t:|1779900921
|-end|p2a: Great Tusk|Protosynthesis|[silent]
|switch|p2a: Ogerpon|Ogerpon-Wellspring, F|100/100
|move|p1a: Great Tusk|Rapid Spin|p2a: Ogerpon
|-damage|p2a: Ogerpon|82/100
|-boost|p1a: Great Tusk|spe|1
|-sideend|p1: KevinSPG5|Stealth Rock|[from] move: Rapid Spin|[of] p1a: Great Tusk
|
|upkeep
|turn|6
|
|t:|1779900932
|move|p1a: Great Tusk|Knock Off|p2a: Ogerpon
|-damage|p2a: Ogerpon|58/100
|move|p2a: Ogerpon|Horn Leech|p1a: Great Tusk
|-supereffective|p1a: Great Tusk
|-damage|p1a: Great Tusk|45/100
|-heal|p2a: Ogerpon|98/100|[from] drain|[of] p1a: Great Tusk
|
|upkeep
|turn|7
|
|t:|1779900942
|move|p1a: Great Tusk|Ice Spinner|p2a: Ogerpon
|-damage|p2a: Ogerpon|66/100
|move|p2a: Ogerpon|Ivy Cudgel|p1a: Great Tusk|[anim] Ivy Cudgel Water
|-supereffective|p1a: Great Tusk
|-damage|p1a: Great Tusk|0 fnt
|faint|p1a: Great Tusk
|-end|p1a: Great Tusk|Protosynthesis|[silent]
|
|upkeep
|
|t:|1779900945
|switch|p1a: Polteageist|Polteageist|100/100
|turn|8
|
|t:|1779900954
|move|p2a: Ogerpon|Ivy Cudgel|p1a: Polteageist|[anim] Ivy Cudgel Water
|-enditem|p1a: Polteageist|Focus Sash
|-damage|p1a: Polteageist|1/100
|-ability|p1a: Polteageist|Weak Armor|boost
|-unboost|p1a: Polteageist|def|1
|-boost|p1a: Polteageist|spe|2
|move|p1a: Polteageist|Shell Smash|p1a: Polteageist
|-unboost|p1a: Polteageist|def|1
|-unboost|p1a: Polteageist|spd|1
|-boost|p1a: Polteageist|atk|2
|-boost|p1a: Polteageist|spa|2
|-boost|p1a: Polteageist|spe|2
|
|upkeep
|turn|9
|
|t:|1779900966
|move|p1a: Polteageist|Stored Power|p2a: Ogerpon
|-damage|p2a: Ogerpon|0 fnt
|faint|p2a: Ogerpon
|
|upkeep
|
|t:|1779900976
|switch|p2a: Raging Bolt|Raging Bolt|100/100
|turn|10
|
|t:|1779900981
|move|p2a: Raging Bolt|Thunderclap|p1a: Polteageist
|-damage|p1a: Polteageist|0 fnt
|faint|p1a: Polteageist
|
|upkeep
|
|t:|1779900991
|switch|p1a: Iron Valiant|Iron Valiant|100/100
|-enditem|p1a: Iron Valiant|Booster Energy
|-activate|p1a: Iron Valiant|ability: Quark Drive|[fromitem]
|-start|p1a: Iron Valiant|quarkdrivespe
|turn|11
|
|t:|1779901001
|move|p1a: Iron Valiant|Calm Mind|p1a: Iron Valiant
|-boost|p1a: Iron Valiant|spa|1
|-boost|p1a: Iron Valiant|spd|1
|move|p2a: Raging Bolt|Thunderbolt|p1a: Iron Valiant
|-damage|p1a: Iron Valiant|36/100
|-status|p1a: Iron Valiant|par
|
|upkeep
|turn|12
|
|t:|1779901008
|cant|p1a: Iron Valiant|par
|move|p2a: Raging Bolt|Thunderbolt|p1a: Iron Valiant
|-damage|p1a: Iron Valiant|0 fnt
|faint|p1a: Iron Valiant
|-end|p1a: Iron Valiant|Quark Drive|[silent]
|
|upkeep
|
|t:|1779901014
|switch|p1a: Gholdengo|Gholdengo|100/100
|-item|p1a: Gholdengo|Air Balloon
|turn|13
|
|t:|1779901018
|-terastallize|p1a: Gholdengo|Fighting
|move|p1a: Gholdengo|Nasty Plot|p1a: Gholdengo
|-boost|p1a: Gholdengo|spa|2
|move|p2a: Raging Bolt|Thunderbolt|p1a: Gholdengo
|-damage|p1a: Gholdengo|32/100
|-enditem|p1a: Gholdengo|Air Balloon
|
|upkeep
|turn|14
|
|t:|1779901026
|move|p2a: Raging Bolt|Thunderclap|p1a: Gholdengo
|-damage|p1a: Gholdengo|0 fnt
|faint|p1a: Gholdengo
|
|upkeep
|
|t:|1779901028
|switch|p1a: Kingambit|Kingambit, M|100/100
|-activate|p1a: Kingambit|ability: Supreme Overlord
|-start|p1a: Kingambit|fallen5|[silent]
|turn|15
|
|t:|1779901032
|move|p1a: Kingambit|Swords Dance|p1a: Kingambit
|-boost|p1a: Kingambit|atk|2
|move|p2a: Raging Bolt|Thunderbolt|p1a: Kingambit
|-damage|p1a: Kingambit|34/100
|
|upkeep
|turn|16
|
|t:|1779901038
|move|p2a: Raging Bolt|Thunderclap|p1a: Kingambit
|-damage|p1a: Kingambit|0 fnt
|faint|p1a: Kingambit
|-end|p1a: Kingambit|fallen5|[silent]
|
|win|Tiago_SM
|raw|KevinSPG5's rating: 1164 &rarr; <strong>1140</strong><br />(-24 for losing)
|raw|Tiago_SM's rating: 1182 &rarr; <strong>1206</strong><br />(+24 for winning)
|l|☆KevinSPG5
|player|p1|
