|j|☆sickofme
|j|☆ghostoftheranch
|t:|1779898690
|gametype|singles
|player|p1|sickofme|miku-water|1516
|player|p2|ghostoftheranch|medium|1572
|gen|9
|tier|[Gen 9] OU
|rated|
|rule|HP Percentage Mod: HP is shown in percentages
|rule|Endless Battle Clause: Forcing endless battles is banned
|rule|Species Clause: Limit one of each Pokémon
|rule|OHKO Clause: OHKO moves are banned
|rule|Evasion Items Clause: Evasion items are banned
|rule|Evasion Moves Clause: Evasion moves are banned
|rule|Evasion Abilities Clause: Evasion abilities are banned
|rule|Sleep Moves Clause: Sleep-inducing moves are banned
|clearpoke
|poke|p1|Ogerpon-Wellspring, F|
|poke|p1|Zamazenta-*|
|poke|p1|Iron Treads|
|poke|p1|Gliscor, F|
|poke|p1|Moltres|
|poke|p1|Lokix, M|
|poke|p2|Torkoal, M|
|poke|p2|Fezandipiti, M|
|poke|p2|Great Tusk|
|poke|p2|Cinderace, F|
|poke|p2|Mandibuzz, F|
|poke|p2|Volcanion|
|teampreview
|inactive|Battle timer is ON: inactive players will automatically lose when time's up. (requested by sickofme)
|
|t:|1779898706
|teamsize|p1|6
|teamsize|p2|6
|start
|switch|p1a: Iron Treads|Iron Treads|100/100
|switch|p2a: Torkoal|Torkoal, M|100/100
|-weather|SunnyDay|[from] ability: Drought|[of] p2a: Torkoal
|turn|1
|inactive|sickofme has 120 seconds left.
|
|t:|1779898755
|move|p1a: Iron Treads|Earthquake|p2a: Torkoal
|-supereffective|p2a: Torkoal
|-damage|p2a: Torkoal|46/100
|move|p2a: Torkoal|Fire Blast|p1a: Iron Treads
|-supereffective|p1a: Iron Treads
|-crit|p1a: Iron Treads
|-damage|p1a: Iron Treads|0 fnt
|faint|p1a: Iron Treads
|-end|p1a: Iron Treads|Quark Drive|[silent]
|
|-weather|SunnyDay|[upkeep]
|upkeep
|
|t:|1779898759
|switch|p1a: Gliscor|Gliscor, F|100/100
|turn|2
|
|t:|1779898777
|move|p1a: Gliscor|Earthquake|p2a: Torkoal
|-supereffective|p2a: Torkoal
|-damage|p2a: Torkoal|0 fnt
|faint|p2a: Torkoal
|
|-weather|SunnyDay|[upkeep]
|-status|p1a: Gliscor|tox|[from] item: Toxic Orb
|upkeep
|
|t:|1779898781
|switch|p2a: Volcanion|Volcanion|100/100
|turn|3
|
|t:|1779898790
|switch|p1a: Moltres|Moltres|100/100
|move|p2a: Volcanion|Fire Blast|p1a: Moltres
|-resisted|p1a: Moltres
|-damage|p1a: Moltres|32/100
|
|-weather|SunnyDay|[upkeep]
|upkeep
|turn|4
|
|t:|1779898800
|move|p1a: Moltres|Roost|p1a: Moltres
|-heal|p1a: Moltres|82/100
|-singleturn|p1a: Moltres|move: Roost
|move|p2a: Volcanion|Fire Blast|p1a: Moltres
|-resisted|p1a: Moltres
|-damage|p1a: Moltres|8/100
|
|-weather|SunnyDay|[upkeep]
|upkeep
|turn|5
|
|t:|1779898810
|move|p1a: Moltres|Roost|p1a: Moltres
|-heal|p1a: Moltres|58/100
|-singleturn|p1a: Moltres|move: Roost
|move|p2a: Volcanion|Fire Blast|p1a: Moltres
|-resisted|p1a: Moltres
|-damage|p1a: Moltres|0 fnt
|faint|p1a: Moltres
|
|-weather|SunnyDay|[upkeep]
|upkeep
|
|t:|1779898822
|switch|p1a: Lokix|Lokix, M|100/100
|turn|6
|
|t:|1779898826
|move|p1a: Lokix|Knock Off|p2a: Volcanion
|-damage|p2a: Volcanion|37/100
|-enditem|p2a: Volcanion|Choice Specs|[from] move: Knock Off|[of] p1a: Lokix
|move|p2a: Volcanion|Fire Blast|p1a: Lokix
|-supereffective|p1a: Lokix
|-damage|p1a: Lokix|0 fnt
|faint|p1a: Lokix
|
|-weather|SunnyDay|[upkeep]
|upkeep
|
|t:|1779898829
|switch|p1a: Gliscor|Gliscor, F|100/100 tox
|turn|7
|
|t:|1779898846
|-terastallize|p2a: Volcanion|Ground
|move|p1a: Gliscor|Earthquake|p2a: Volcanion
|-damage|p2a: Volcanion|0 fnt
|faint|p2a: Volcanion
|
|-weather|SunnyDay|[upkeep]
|upkeep
|
|t:|1779898863
|switch|p2a: Great Tusk|Great Tusk|100/100
|-activate|p2a: Great Tusk|ability: Protosynthesis
|-start|p2a: Great Tusk|protosynthesisatk
|turn|8
|
|t:|1779898868
|switch|p1a: Zamazenta|Zamazenta|100/100
|-ability|p1a: Zamazenta|Dauntless Shield|boost
|-boost|p1a: Zamazenta|def|1
|move|p2a: Great Tusk|Ice Spinner|p1a: Zamazenta
|-damage|p1a: Zamazenta|78/100
|
|-weather|none
|-end|p2a: Great Tusk|Protosynthesis
|upkeep
|turn|9
|
|t:|1779898874
|-end|p2a: Great Tusk|Protosynthesis|[silent]
|switch|p2a: Mandibuzz|Mandibuzz, F|100/100
|move|p1a: Zamazenta|Body Press|p2a: Mandibuzz
|-damage|p2a: Mandibuzz|73/100
|-damage|p1a: Zamazenta|61/100|[from] item: Rocky Helmet|[of] p2a: Mandibuzz
|
|upkeep
|turn|10
|
|t:|1779898881
|move|p1a: Zamazenta|Iron Defense|p1a: Zamazenta
|-boost|p1a: Zamazenta|def|2
|move|p2a: Mandibuzz|Foul Play|p1a: Zamazenta
|-resisted|p1a: Zamazenta
|-damage|p1a: Zamazenta|55/100
|
|upkeep
|turn|11
|
|t:|1779898885
|move|p1a: Zamazenta|Iron Defense|p1a: Zamazenta
|-boost|p1a: Zamazenta|def|2
|move|p2a: Mandibuzz|Toxic|p1a: Zamazenta
|-status|p1a: Zamazenta|tox
|
|-damage|p1a: Zamazenta|49/100 tox|[from] psn
|upkeep
|turn|12
|
|t:|1779898891
|switch|p2a: Fezandipiti|Fezandipiti, M|100/100
|move|p1a: Zamazenta|Body Press|p2a: Fezandipiti
|-resisted|p2a: Fezandipiti
|-damage|p2a: Fezandipiti|72/100
|
|-heal|p2a: Fezandipiti|78/100|[from] item: Leftovers
|-damage|p1a: Zamazenta|37/100 tox|[from] psn
|upkeep
|turn|13
|
|t:|1779898905
|move|p1a: Zamazenta|Rest|p1a: Zamazenta
|-status|p1a: Zamazenta|slp|[from] move: Rest
|-heal|p1a: Zamazenta|100/100 slp|[silent]
|-enditem|p1a: Zamazenta|Chesto Berry|[eat]
|-curestatus|p1a: Zamazenta|slp|[msg]
|move|p2a: Fezandipiti|Moonblast|p1a: Zamazenta
|-supereffective|p1a: Zamazenta
|-damage|p1a: Zamazenta|42/100
|
|-heal|p2a: Fezandipiti|84/100|[from] item: Leftovers
|upkeep
|turn|14
|
|t:|1779898910
|-terastallize|p1a: Zamazenta|Steel
|move|p1a: Zamazenta|Heavy Slam|p2a: Fezandipiti
|-supereffective|p2a: Fezandipiti
|-damage|p2a: Fezandipiti|0 fnt
|faint|p2a: Fezandipiti
|
|upkeep
|
|t:|1779898920
|switch|p2a: Great Tusk|Great Tusk|100/100
|turn|15
|
|t:|1779898927
|move|p1a: Zamazenta|Body Press|p2a: Great Tusk
|-damage|p2a: Great Tusk|27/100
|move|p2a: Great Tusk|Close Combat|p1a: Zamazenta
|-supereffective|p1a: Zamazenta
|-damage|p1a: Zamazenta|12/100
|-unboost|p2a: Great Tusk|def|1
|-unboost|p2a: Great Tusk|spd|1
|
|upkeep
|turn|16
|
|t:|1779898936
|move|p1a: Zamazenta|Rest|p1a: Zamazenta
|-status|p1a: Zamazenta|slp|[from] move: Rest
|-heal|p1a: Zamazenta|100/100 slp|[silent]
|move|p2a: Great Tusk|Close Combat|p1a: Zamazenta
|-supereffective|p1a: Zamazenta
|-damage|p1a: Zamazenta|68/100 slp
|-unboost|p2a: Great Tusk|def|1
|-unboost|p2a: Great Tusk|spd|1
|
|upkeep
|turn|17
|
|t:|1779898948
|cant|p1a: Zamazenta|slp
|move|p2a: Great Tusk|Close Combat|p1a: Zamazenta
|-supereffective|p1a: Zamazenta
|-damage|p1a: Zamazenta|35/100 slp
|-unboost|p2a: Great Tusk|def|1
|-unboost|p2a: Great Tusk|spd|1
|
|upkeep
|turn|18
|
|t:|1779898953
|cant|p1a: Zamazenta|slp
|move|p2a: Great Tusk|Close Combat|p1a: Zamazenta
|-supereffective|p1a: Zamazenta
|-damage|p1a: Zamazenta|5/100 slp
|-unboost|p2a: Great Tusk|def|1
|-unboost|p2a: Great Tusk|spd|1
|
|upkeep
|turn|19
|
|t:|1779898965
|-curestatus|p1a: Zamazenta|slp|[msg]
|move|p1a: Zamazenta|Rest|p1a: Zamazenta
|-status|p1a: Zamazenta|slp|[from] move: Rest
|-heal|p1a: Zamazenta|100/100 slp|[silent]
|move|p2a: Great Tusk|Close Combat|p1a: Zamazenta
|-supereffective|p1a: Zamazenta
|-damage|p1a: Zamazenta|68/100 slp
|-unboost|p2a: Great Tusk|def|1
|-unboost|p2a: Great Tusk|spd|1
|
|upkeep
|turn|20
|
|t:|1779898969
|cant|p1a: Zamazenta|slp
|move|p2a: Great Tusk|Close Combat|p1a: Zamazenta
|-supereffective|p1a: Zamazenta
|-damage|p1a: Zamazenta|38/100 slp
|-unboost|p2a: Great Tusk|def|1
|-unboost|p2a: Great Tusk|spd|1
|
|upkeep
|turn|21
|
|t:|1779898973
|cant|p1a: Zamazenta|slp
|move|p2a: Great Tusk|Close Combat|p1a: Zamazenta
|-supereffective|p1a: Zamazenta
|-damage|p1a: Zamazenta|6/100 slp
|
|upkeep
|turn|22
|
|t:|1779898975
|-curestatus|p1a: Zamazenta|slp|[msg]
|move|p1a: Zamazenta|Rest|p1a: Zamazenta
|-status|p1a: Zamazenta|slp|[from] move: Rest
|-heal|p1a: Zamazenta|100/100 slp|[silent]
|move|p2a: Great Tusk|Close Combat|p1a: Zamazenta
|-supereffective|p1a: Zamazenta
|-damage|p1a: Zamazenta|69/100 slp
|
|upkeep
|turn|23
|
|t:|1779898982
|-end|p2a: Great Tusk|Protosynthesis|[silent]
|switch|p2a: Mandibuzz|Mandibuzz, F|73/100
|cant|p1a: Zamazenta|slp
|
|upkeep
|turn|24
|
|t:|1779898993
|switch|p2a: Great Tusk|Great Tusk|27/100
|cant|p1a: Zamazenta|slp
|
|upkeep
|turn|25
|
|t:|1779898996
|-curestatus|p1a: Zamazenta|slp|[msg]
|move|p1a: Zamazenta|Body Press|p2a: Great Tusk
|-damage|p2a: Great Tusk|0 fnt
|faint|p2a: Great Tusk
|-end|p2a: Great Tusk|Protosynthesis|[silent]
|
|upkeep
|
|t:|1779898999
|switch|p2a: Cinderace|Cinderace, F|100/100
|turn|26
|
|t:|1779899004
|move|p1a: Zamazenta|Body Press|p2a: Cinderace
|-damage|p2a: Cinderace|0 fnt
|faint|p2a: Cinderace
|
|upkeep
|-message|ghostoftheranch forfeited.
|
|win|sickofme
|raw|sickofme's rating: 1516 &rarr; <strong>1539</strong><br />(+23 for winning)
|raw|ghostoftheranch's rating: 1572 &rarr; <strong>1549</strong><br />(-23 for losing)
|l|☆ghostoftheranch
|player|p2|
|l|☆sickofme
|player|p1|
