|j|☆TheRussianKid101
|j|☆TvRemoteControl27
|t:|1779971468
|gametype|singles
|player|p1|TheRussianKid101|hiker-gen4|1081
|player|p2|TvRemoteControl27|2|1108
|gen|9
|tier|[Gen 9] OU
|rated|
|rule|HP Percentage Mod: HP is shown in percentages
|rule|Endless Battle Clause: Forcing endless battles is banned
|rule|Species Clause: Limit one of each Pokémon
|rule|OHKO Clause: OHKO moves are banned
|rule|Evasion Items Clause: Evasion items are banned
|rule|Evasion Moves Clause: Evasion moves are banned
|rule|Evasion Abilities Clause: Evasion abilities are banned
|rule|Sleep Moves Clause: Sleep-inducing moves are banned
|clearpoke
|poke|p1|Blaziken, M|
|poke|p1|Ninetales, F|
|poke|p1|Venusaur, F|
|poke|p1|Hatterene, F|
|poke|p1|Great Tusk|
|poke|p1|Walking Wake|
|poke|p2|Gliscor, M|
|poke|p2|Clefable, F|
|poke|p2|Slowking-Galar, F|
|poke|p2|Enamorus, F|
|poke|p2|Great Tusk|
|poke|p2|Pyroar, F|
|teampreview
|
|t:|1779971481
|teamsize|p1|6
|teamsize|p2|6
|start
|switch|p1a: Ninetales|Ninetales, F|100/100
|switch|p2a: Great Tusk|Great Tusk|100/100
|-weather|SunnyDay|[from] ability: Drought|[of] p1a: Ninetales
|-activate|p2a: Great Tusk|ability: Protosynthesis
|-start|p2a: Great Tusk|protosynthesisspe
|turn|1
|
|t:|1779971502
|move|p2a: Great Tusk|Headlong Rush|p1a: Ninetales
|-supereffective|p1a: Ninetales
|-damage|p1a: Ninetales|0 fnt
|-unboost|p2a: Great Tusk|def|1
|-unboost|p2a: Great Tusk|spd|1
|faint|p1a: Ninetales
|
|-weather|SunnyDay|[upkeep]
|upkeep
|
|t:|1779971515
|switch|p1a: Walking Wake|Walking Wake|100/100
|-activate|p1a: Walking Wake|ability: Protosynthesis
|-start|p1a: Walking Wake|protosynthesisspe
|turn|2
|
|t:|1779971541
|-end|p2a: Great Tusk|Protosynthesis|[silent]
|switch|p2a: Slowking|Slowking-Galar, F|100/100
|move|p1a: Walking Wake|Hydro Steam|p2a: Slowking
|-damage|p2a: Slowking|45/100
|
|-weather|SunnyDay|[upkeep]
|upkeep
|turn|3
|
|t:|1779971555
|move|p1a: Walking Wake|Hydro Steam|p2a: Slowking
|-damage|p2a: Slowking|0 fnt
|faint|p2a: Slowking
|
|-weather|SunnyDay|[upkeep]
|upkeep
|inactive|Battle timer is ON: inactive players will automatically lose when time's up. (requested by TheRussianKid101)
|
|t:|1779971591
|switch|p2a: Great Tusk|Great Tusk|100/100
|-activate|p2a: Great Tusk|ability: Protosynthesis
|-start|p2a: Great Tusk|protosynthesisspe
|turn|4
|
|t:|1779971597
|move|p1a: Walking Wake|Hydro Steam|p2a: Great Tusk
|-supereffective|p2a: Great Tusk
|-damage|p2a: Great Tusk|0 fnt
|faint|p2a: Great Tusk
|-end|p2a: Great Tusk|Protosynthesis|[silent]
|
|-weather|SunnyDay|[upkeep]
|upkeep
|
|t:|1779971615
|switch|p2a: Clefable|Clefable, F|100/100
|turn|5
|
|t:|1779971621
|-terastallize|p1a: Walking Wake|Water
|move|p1a: Walking Wake|Hydro Steam|p2a: Clefable
|-damage|p2a: Clefable|0 fnt
|faint|p2a: Clefable
|
|-weather|SunnyDay|[upkeep]
|upkeep
|
|t:|1779971636
|switch|p2a: Enamorus|Enamorus, F|100/100
|turn|6
|
|t:|1779971639
|move|p1a: Walking Wake|Hydro Steam|p2a: Enamorus
|-damage|p2a: Enamorus|0 fnt
|faint|p2a: Enamorus
|
|-weather|SunnyDay|[upkeep]
|upkeep
|
|t:|1779971644
|switch|p2a: Gliscor|Gliscor, M|100/100
|turn|7
|
|t:|1779971648
|-terastallize|p2a: Gliscor|Normal
|move|p1a: Walking Wake|Hydro Steam|p2a: Gliscor
|-damage|p2a: Gliscor|0 fnt
|faint|p2a: Gliscor
|
|-weather|SunnyDay|[upkeep]
|upkeep
|
|t:|1779971654
|switch|p2a: Pyroar|Pyroar, F|100/100
|turn|8
|
|t:|1779971660
|move|p1a: Walking Wake|Hydro Steam|p2a: Pyroar
|-supereffective|p2a: Pyroar
|-damage|p2a: Pyroar|0 fnt
|faint|p2a: Pyroar
|
|win|TheRussianKid101
|raw|TheRussianKid101's rating: 1081 &rarr; <strong>1111</strong><br />(+30 for winning)
|raw|TvRemoteControl27's rating: 1108 &rarr; <strong>1081</strong><br />(-27 for losing)
|l|☆TvRemoteControl27
|player|p2|
|l|☆TheRussianKid101
|player|p1|
