|j|☆claudechamp
|j|☆kvgreat1234567
|t:|1779831840
|gametype|singles
|player|p1|claudechamp|265|1148
|player|p2|kvgreat1234567|266|1194
|gen|9
|tier|[Gen 9] OU
|rated|
|rule|HP Percentage Mod: HP is shown in percentages
|rule|Endless Battle Clause: Forcing endless battles is banned
|rule|Species Clause: Limit one of each Pokémon
|rule|OHKO Clause: OHKO moves are banned
|rule|Evasion Items Clause: Evasion items are banned
|rule|Evasion Moves Clause: Evasion moves are banned
|rule|Evasion Abilities Clause: Evasion abilities are banned
|rule|Sleep Moves Clause: Sleep-inducing moves are banned
|clearpoke
|poke|p1|Gliscor, M|
|poke|p1|Gholdengo|
|poke|p1|Zamazenta-*|
|poke|p1|Blissey, F|
|poke|p1|Skarmory, M|
|poke|p1|Pecharunt|
|poke|p2|Blaziken, F|
|poke|p2|Heatran, M|
|poke|p2|Zamazenta-*|
|poke|p2|Ogerpon-Wellspring, F|
|poke|p2|Iron Moth|
|poke|p2|Darkrai|
|teampreview
|c|☆claudechamp|hf
|inactive|Battle timer is ON: inactive players will automatically lose when time's up. (requested by claudechamp)
|
|t:|1779831846
|teamsize|p1|6
|teamsize|p2|6
|start
|switch|p1a: Skarmory|Skarmory, M|100/100
|switch|p2a: Darkrai|Darkrai|100/100
|turn|1
|
|t:|1779831852
|move|p2a: Darkrai|Nasty Plot|p2a: Darkrai
|-boost|p2a: Darkrai|spa|2
|move|p1a: Skarmory|Spikes|p2a: Darkrai
|-sidestart|p2: kvgreat1234567|Spikes
|
|upkeep
|turn|2
|
|t:|1779831857
|move|p2a: Darkrai|Dark Pulse|p1a: Skarmory
|-ability|p1a: Skarmory|Sturdy
|-damage|p1a: Skarmory|1/100
|move|p1a: Skarmory|Whirlwind|p2a: Darkrai
|drag|p2a: Heatran|Heatran, M|100/100
|-damage|p2a: Heatran|88/100|[from] Spikes
|
|upkeep
|turn|3
|
|t:|1779831867
|move|p1a: Skarmory|Body Press|p2a: Heatran
|-supereffective|p2a: Heatran
|-damage|p2a: Heatran|41/100
|move|p2a: Heatran|Flash Cannon|p1a: Skarmory
|-resisted|p1a: Skarmory
|-crit|p1a: Skarmory
|-damage|p1a: Skarmory|0 fnt
|faint|p1a: Skarmory
|
|upkeep
|
|t:|1779831873
|switch|p1a: Gliscor|Gliscor, M|100/100
|turn|4
|
|t:|1779831878
|move|p1a: Gliscor|Swords Dance|p1a: Gliscor
|-boost|p1a: Gliscor|atk|2
|move|p2a: Heatran|Fire Blast|p1a: Gliscor
|-damage|p1a: Gliscor|43/100
|
|-status|p1a: Gliscor|tox|[from] item: Toxic Orb
|upkeep
|turn|5
|
|t:|1779831882
|move|p1a: Gliscor|Earthquake|p2a: Heatran
|-supereffective|p2a: Heatran
|-damage|p2a: Heatran|0 fnt
|faint|p2a: Heatran
|
|-heal|p1a: Gliscor|55/100 tox|[from] ability: Poison Heal
|upkeep
|
|t:|1779831885
|switch|p2a: Darkrai|Darkrai|100/100
|-damage|p2a: Darkrai|88/100|[from] Spikes
|turn|6
|
|t:|1779831887
|-terastallize|p1a: Gliscor|Dark
|move|p2a: Darkrai|Ice Beam|p1a: Gliscor
|-damage|p1a: Gliscor|27/100 tox
|move|p1a: Gliscor|Earthquake|p2a: Darkrai
|-damage|p2a: Darkrai|2/100
|
|-heal|p1a: Gliscor|39/100 tox|[from] ability: Poison Heal
|upkeep
|turn|7
|
|t:|1779831897
|-terastallize|p2a: Darkrai|Poison
|move|p2a: Darkrai|Sludge Bomb|p1a: Gliscor
|-damage|p1a: Gliscor|0 fnt
|faint|p1a: Gliscor
|
|upkeep
|
|t:|1779831900
|switch|p1a: Zamazenta|Zamazenta|100/100
|-ability|p1a: Zamazenta|Dauntless Shield|boost
|-boost|p1a: Zamazenta|def|1
|turn|8
|
|t:|1779831906
|move|p1a: Zamazenta|Close Combat|p2a: Darkrai
|-resisted|p2a: Darkrai
|-damage|p2a: Darkrai|0 fnt
|-unboost|p1a: Zamazenta|def|1
|-unboost|p1a: Zamazenta|spd|1
|faint|p2a: Darkrai
|
|upkeep
|
|t:|1779831917
|switch|p2a: Blaziken|Blaziken, F|100/100
|-damage|p2a: Blaziken|88/100|[from] Spikes
|turn|9
|
|t:|1779831920
|move|p2a: Blaziken|Endure|p2a: Blaziken
|-singleturn|p2a: Blaziken|move: Endure
|move|p1a: Zamazenta|Close Combat|p2a: Blaziken
|-activate|p2a: Blaziken|move: Endure
|-damage|p2a: Blaziken|1/100
|-unboost|p1a: Zamazenta|def|1
|-unboost|p1a: Zamazenta|spd|1
|
|-ability|p2a: Blaziken|Speed Boost|boost
|-boost|p2a: Blaziken|spe|1
|upkeep
|turn|10
|
|t:|1779831929
|move|p2a: Blaziken|Endure||[still]
|-fail|p2a: Blaziken
|move|p1a: Zamazenta|Close Combat|p2a: Blaziken
|-damage|p2a: Blaziken|0 fnt
|-unboost|p1a: Zamazenta|def|1
|-unboost|p1a: Zamazenta|spd|1
|faint|p2a: Blaziken
|
|upkeep
|
|t:|1779831936
|switch|p2a: Zamazenta|Zamazenta|100/100
|-damage|p2a: Zamazenta|88/100|[from] Spikes
|-ability|p2a: Zamazenta|Dauntless Shield|boost
|-boost|p2a: Zamazenta|def|1
|turn|11
|
|t:|1779831940
|move|p1a: Zamazenta|Close Combat|p2a: Zamazenta
|-damage|p2a: Zamazenta|48/100
|-unboost|p1a: Zamazenta|def|1
|-unboost|p1a: Zamazenta|spd|1
|move|p2a: Zamazenta|Close Combat|p1a: Zamazenta
|-damage|p1a: Zamazenta|0 fnt
|-unboost|p2a: Zamazenta|def|1
|-unboost|p2a: Zamazenta|spd|1
|faint|p1a: Zamazenta
|-damage|p2a: Zamazenta|38/100|[from] item: Life Orb
|
|upkeep
|
|t:|1779831946
|switch|p1a: Gholdengo|Gholdengo|100/100
|turn|12
|
|t:|1779831953
|move|p2a: Zamazenta|Crunch|p1a: Gholdengo
|-supereffective|p1a: Gholdengo
|-damage|p1a: Gholdengo|41/100
|-unboost|p1a: Gholdengo|def|1
|-damage|p2a: Zamazenta|28/100|[from] item: Life Orb
|move|p1a: Gholdengo|Nasty Plot|p1a: Gholdengo
|-boost|p1a: Gholdengo|spa|2
|
|upkeep
|turn|13
|
|t:|1779831960
|switch|p1a: Pecharunt|Pecharunt|100/100
|move|p2a: Zamazenta|Crunch|p1a: Pecharunt
|-supereffective|p1a: Pecharunt
|-damage|p1a: Pecharunt|68/100
|-damage|p2a: Zamazenta|19/100|[from] item: Life Orb
|
|upkeep
|turn|14
|
|t:|1779831965
|move|p2a: Zamazenta|Crunch|p1a: Pecharunt
|-supereffective|p1a: Pecharunt
|-damage|p1a: Pecharunt|34/100
|-damage|p2a: Zamazenta|9/100|[from] item: Life Orb
|move|p1a: Pecharunt|Recover|p1a: Pecharunt
|-heal|p1a: Pecharunt|84/100
|
|upkeep
|turn|15
|
|t:|1779831970
|move|p2a: Zamazenta|Crunch|p1a: Pecharunt
|-supereffective|p1a: Pecharunt
|-crit|p1a: Pecharunt
|-damage|p1a: Pecharunt|27/100
|-damage|p2a: Zamazenta|0 fnt|[from] item: Life Orb
|faint|p2a: Zamazenta
|move|p1a: Pecharunt|Shadow Ball|p2: Zamazenta|[notarget]
|-fail|p1a: Pecharunt
|
|upkeep
|
|t:|1779831979
|switch|p2a: Ogerpon|Ogerpon-Wellspring, F|100/100
|-damage|p2a: Ogerpon|88/100|[from] Spikes
|turn|16
|
|t:|1779831986
|move|p2a: Ogerpon|Ivy Cudgel|p1a: Pecharunt|[anim] Ivy Cudgel Water
|-damage|p1a: Pecharunt|0 fnt
|faint|p1a: Pecharunt
|
|upkeep
|
|t:|1779831993
|switch|p1a: Gholdengo|Gholdengo|41/100
|turn|17
|
|t:|1779832001
|move|p2a: Ogerpon|Ivy Cudgel|p1a: Gholdengo|[anim] Ivy Cudgel Water
|-damage|p1a: Gholdengo|0 fnt
|faint|p1a: Gholdengo
|
|upkeep
|
|t:|1779832004
|switch|p1a: Blissey|Blissey, F|100/100
|turn|18
|
|t:|1779832008
|move|p2a: Ogerpon|Ivy Cudgel|p1a: Blissey|[anim] Ivy Cudgel Water
|-crit|p1a: Blissey
|-damage|p1a: Blissey|13/100
|move|p1a: Blissey|Stealth Rock|p2a: Ogerpon
|-sidestart|p2: kvgreat1234567|move: Stealth Rock
|
|upkeep
|turn|19
|
|t:|1779832012
|move|p2a: Ogerpon|Ivy Cudgel|p1a: Blissey|[anim] Ivy Cudgel Water
|-damage|p1a: Blissey|0 fnt
|faint|p1a: Blissey
|
|win|kvgreat1234567
|raw|claudechamp's rating: 1198 &rarr; <strong>1173</strong><br />(-25 for losing)
|raw|kvgreat1234567's rating: 1194 &rarr; <strong>1219</strong><br />(+25 for winning)
|c|☆claudechamp|gg
|l|☆kvgreat1234567
|player|p2|
