|j|☆baakrisht
|j|☆Celebrast
|t:|1779879226
|gametype|singles
|player|p1|baakrisht|102|1288
|player|p2|Celebrast|gambler|1285
|gen|9
|tier|[Gen 9] OU
|rated|
|rule|HP Percentage Mod: HP is shown in percentages
|rule|Endless Battle Clause: Forcing endless battles is banned
|rule|Species Clause: Limit one of each Pokémon
|rule|OHKO Clause: OHKO moves are banned
|rule|Evasion Items Clause: Evasion items are banned
|rule|Evasion Moves Clause: Evasion moves are banned
|rule|Evasion Abilities Clause: Evasion abilities are banned
|rule|Sleep Moves Clause: Sleep-inducing moves are banned
|clearpoke
|poke|p1|Espeon, F|
|poke|p1|Goodra, F|
|poke|p1|Weezing-Galar, M|
|poke|p1|Orthworm, F|
|poke|p1|Suicune|
|poke|p1|Muk-Alola, M|
|poke|p2|Zamazenta-*|
|poke|p2|Gholdengo|
|poke|p2|Regice|
|poke|p2|Great Tusk|
|poke|p2|Darkrai|
|poke|p2|Hatterene, F|
|teampreview
|inactive|Battle timer is ON: inactive players will automatically lose when time's up. (requested by Celebrast)
|
|t:|1779879242
|teamsize|p1|6
|teamsize|p2|6
|start
|switch|p1a: बिलाई मौसी|Espeon, F|100/100
|switch|p2a: Gholdengo|Gholdengo|100/100
|turn|1
|
|t:|1779879247
|move|p2a: Gholdengo|Shadow Ball|p1a: बिलाई मौसी
|-supereffective|p1a: बिलाई मौसी
|-damage|p1a: बिलाई मौसी|32/100
|move|p1a: बिलाई मौसी|Shadow Ball|p2a: Gholdengo
|-supereffective|p2a: Gholdengo
|-damage|p2a: Gholdengo|48/100
|
|upkeep
|turn|2
|
|t:|1779879251
|-terastallize|p1a: बिलाई मौसी|Normal
|move|p2a: Gholdengo|Shadow Ball|p1a: बिलाई मौसी
|-immune|p1a: बिलाई मौसी
|move|p1a: बिलाई मौसी|Shadow Ball|p2a: Gholdengo
|-supereffective|p2a: Gholdengo
|-damage|p2a: Gholdengo|0 fnt
|faint|p2a: Gholdengo
|
|upkeep
|
|t:|1779879254
|switch|p2a: Zamazenta|Zamazenta|100/100
|-ability|p2a: Zamazenta|Dauntless Shield|boost
|-boost|p2a: Zamazenta|def|1
|turn|3
|
|t:|1779879257
|switch|p1a: लाठ साहब|Weezing-Galar, M, shiny|100/100
|move|p2a: Zamazenta|Body Press|p1a: लाठ साहब
|-resisted|p1a: लाठ साहब
|-damage|p1a: लाठ साहब|92/100
|-damage|p2a: Zamazenta|84/100|[from] item: Rocky Helmet|[of] p1a: लाठ साहब
|
|-heal|p2a: Zamazenta|90/100|[from] item: Leftovers
|upkeep
|turn|4
|
|t:|1779879263
|switch|p2a: Zamazentas wingman|Regice|100/100
|move|p1a: लाठ साहब|Clear Smog|p2a: Zamazentas wingman
|-damage|p2a: Zamazentas wingman|93/100
|-clearboost|p2a: Zamazentas wingman
|
|upkeep
|turn|5
|inactive|baakrisht has 120 seconds left.
|
|t:|1779879295
|switch|p1a: बिलाई मौसी|Espeon, F, tera:Normal|32/100
|move|p2a: Zamazentas wingman|Thunder Wave|p1a: बिलाई मौसी
|move|p1a: बिलाई मौसी|Thunder Wave|p2a: Zamazentas wingman|[from] ability: Magic Bounce
|-status|p2a: Zamazentas wingman|par
|
|upkeep
|turn|6
|inactive|baakrisht has 120 seconds left.
|
|t:|1779879305
|move|p1a: बिलाई मौसी|Trick|p2a: Zamazentas wingman
|-activate|p1a: बिलाई मौसी|move: Trick|[of] p2a: Zamazentas wingman
|-item|p2a: Zamazentas wingman|Choice Scarf|[from] move: Trick
|-item|p1a: बिलाई मौसी|Heavy-Duty Boots|[from] move: Trick
|move|p2a: Zamazentas wingman|Ice Beam|p1a: बिलाई मौसी
|-damage|p1a: बिलाई मौसी|7/100
|
|upkeep
|turn|7
|inactive|baakrisht has 120 seconds left.
|
|t:|1779879318
|switch|p1a: Suicune|Suicune|100/100
|-ability|p1a: Suicune|Pressure
|move|p2a: Zamazentas wingman|Ice Beam|p1a: Suicune
|-resisted|p1a: Suicune
|-damage|p1a: Suicune|89/100
|
|-heal|p1a: Suicune|95/100|[from] item: Leftovers
|upkeep
|turn|8
|
|t:|1779879324
|switch|p2a: Hatterene|Hatterene, F|100/100
|move|p1a: Suicune|Substitute|p1a: Suicune
|-start|p1a: Suicune|Substitute
|-damage|p1a: Suicune|70/100
|
|-heal|p1a: Suicune|76/100|[from] item: Leftovers
|upkeep
|turn|9
|
|t:|1779879327
|move|p1a: Suicune|Scald|p2a: Hatterene
|-damage|p2a: Hatterene|74/100
|-status|p2a: Hatterene|brn
|move|p2a: Hatterene|Calm Mind|p2a: Hatterene
|-boost|p2a: Hatterene|spa|1
|-boost|p2a: Hatterene|spd|1
|
|-heal|p1a: Suicune|82/100|[from] item: Leftovers
|-heal|p2a: Hatterene|80/100 brn|[from] item: Leftovers
|-damage|p2a: Hatterene|74/100 brn|[from] brn
|upkeep
|turn|10
|
|t:|1779879333
|move|p2a: Hatterene|Draining Kiss|p1a: Suicune
|-end|p1a: Suicune|Substitute
|-heal|p2a: Hatterene|98/100 brn|[from] drain|[of] p1a: Suicune
|move|p1a: Suicune|Roar|p2a: Hatterene
|move|p2a: Hatterene|Roar|p1a: Suicune|[from] ability: Magic Bounce
|drag|p1a: लाठ साहब|Weezing-Galar, M, shiny|92/100
|
|-heal|p2a: Hatterene|100/100 brn|[from] item: Leftovers
|-damage|p2a: Hatterene|95/100 brn|[from] brn
|upkeep
|turn|11
|
|t:|1779879339
|move|p1a: लाठ साहब|Clear Smog|p2a: Hatterene
|-supereffective|p2a: Hatterene
|-damage|p2a: Hatterene|75/100 brn
|-clearboost|p2a: Hatterene
|move|p2a: Hatterene|Expanding Force|p1a: लाठ साहब
|-supereffective|p1a: लाठ साहब
|-damage|p1a: लाठ साहब|0 fnt
|faint|p1a: लाठ साहब
|
|-heal|p2a: Hatterene|81/100 brn|[from] item: Leftovers
|-damage|p2a: Hatterene|75/100 brn|[from] brn
|upkeep
|
|t:|1779879349
|switch|p1a: कादो राज|Muk-Alola, M|100/100
|turn|12
|
|t:|1779879356
|switch|p2a: Zamazentas wingman|Regice|93/100 par
|move|p1a: कादो राज|Knock Off|p2a: Zamazentas wingman
|-damage|p2a: Zamazentas wingman|72/100 par
|-enditem|p2a: Zamazentas wingman|Choice Scarf|[from] move: Knock Off|[of] p1a: कादो राज
|
|upkeep
|turn|13
|
|t:|1779879364
|move|p1a: कादो राज|Substitute|p1a: कादो राज
|-start|p1a: कादो राज|Substitute
|-damage|p1a: कादो राज|76/100
|cant|p2a: Zamazentas wingman|par
|
|-heal|p1a: कादो राज|82/100|[from] item: Black Sludge
|upkeep
|turn|14
|
|t:|1779879371
|move|p1a: कादो राज|Knock Off|p2a: Zamazentas wingman
|-damage|p2a: Zamazentas wingman|59/100 par
|move|p2a: Zamazentas wingman|Thunderbolt|p1a: कादो राज
|-crit|p1a: कादो राज
|-activate|p1a: कादो राज|move: Substitute|[damage]
|
|-heal|p1a: कादो राज|88/100|[from] item: Black Sludge
|upkeep
|turn|15
|
|t:|1779879378
|move|p1a: कादो राज|Disable|p2a: Zamazentas wingman
|-start|p2a: Zamazentas wingman|Disable|Thunderbolt
|cant|p2a: Zamazentas wingman|par
|
|-heal|p1a: कादो राज|94/100|[from] item: Black Sludge
|upkeep
|turn|16
|
|t:|1779879388
|move|p1a: कादो राज|Knock Off|p2a: Zamazentas wingman
|-damage|p2a: Zamazentas wingman|43/100 par
|cant|p2a: Zamazentas wingman|par
|
|-heal|p1a: कादो राज|99/100|[from] item: Black Sludge
|upkeep
|turn|17
|
|t:|1779879393
|move|p1a: कादो राज|Knock Off|p2a: Zamazentas wingman
|-damage|p2a: Zamazentas wingman|28/100 par
|cant|p2a: Zamazentas wingman|par
|
|-heal|p1a: कादो राज|100/100|[from] item: Black Sludge
|upkeep
|turn|18
|
|t:|1779879398
|move|p1a: कादो राज|Knock Off|p2a: Zamazentas wingman
|-damage|p2a: Zamazentas wingman|15/100 par
|move|p2a: Zamazentas wingman|Ice Beam|p1a: कादो राज
|-end|p1a: कादो राज|Substitute
|
|-end|p2a: Zamazentas wingman|Disable
|upkeep
|turn|19
|
|t:|1779879401
|move|p1a: कादो राज|Substitute|p1a: कादो राज
|-start|p1a: कादो राज|Substitute
|-damage|p1a: कादो राज|76/100
|move|p2a: Zamazentas wingman|Ice Beam|p1a: कादो राज
|-activate|p1a: कादो राज|move: Substitute|[damage]
|
|-heal|p1a: कादो राज|82/100|[from] item: Black Sludge
|upkeep
|turn|20
|
|t:|1779879407
|move|p1a: कादो राज|Disable|p2a: Zamazentas wingman
|-start|p2a: Zamazentas wingman|Disable|Ice Beam
|cant|p2a: Zamazentas wingman|Disable|Ice Beam
|
|-heal|p1a: कादो राज|88/100|[from] item: Black Sludge
|upkeep
|turn|21
|
|t:|1779879413
|move|p1a: कादो राज|Knock Off|p2a: Zamazentas wingman
|-damage|p2a: Zamazentas wingman|0 fnt
|faint|p2a: Zamazentas wingman
|
|-heal|p1a: कादो राज|94/100|[from] item: Black Sludge
|upkeep
|
|t:|1779879419
|switch|p2a: Great Tusk|Great Tusk|100/100
|-enditem|p2a: Great Tusk|Booster Energy
|-activate|p2a: Great Tusk|ability: Protosynthesis|[fromitem]
|-start|p2a: Great Tusk|protosynthesisatk
|turn|22
|
|t:|1779879422
|move|p2a: Great Tusk|Rapid Spin|p1a: कादो राज
|-end|p1a: कादो राज|Substitute
|-boost|p2a: Great Tusk|spe|1
|move|p1a: कादो राज|Knock Off|p2a: Great Tusk
|-resisted|p2a: Great Tusk
|-crit|p2a: Great Tusk
|-damage|p2a: Great Tusk|89/100
|-status|p2a: Great Tusk|psn|[from] ability: Poison Touch|[of] p1a: कादो राज
|
|-heal|p1a: कादो राज|99/100|[from] item: Black Sludge
|-damage|p2a: Great Tusk|77/100 psn|[from] psn
|upkeep
|turn|23
|
|t:|1779879429
|switch|p1a: दील दो 💖|Orthworm, F|100/100
|move|p2a: Great Tusk|Headlong Rush|p1a: दील दो 💖
|-immune|p1a: दील दो 💖|[from] ability: Earth Eater
|
|-damage|p2a: Great Tusk|64/100 psn|[from] psn
|upkeep
|turn|24
|
|t:|1779879434
|switch|p1a: Suicune|Suicune|82/100
|-ability|p1a: Suicune|Pressure
|move|p2a: Great Tusk|Close Combat|p1a: Suicune
|-damage|p1a: Suicune|28/100
|-unboost|p2a: Great Tusk|def|1
|-unboost|p2a: Great Tusk|spd|1
|
|-heal|p1a: Suicune|34/100|[from] item: Leftovers
|-damage|p2a: Great Tusk|52/100 psn|[from] psn
|upkeep
|turn|25
|
|t:|1779879440
|move|p2a: Great Tusk|Close Combat|p1a: Suicune
|-damage|p1a: Suicune|0 fnt
|-unboost|p2a: Great Tusk|def|1
|-unboost|p2a: Great Tusk|spd|1
|faint|p1a: Suicune
|
|-damage|p2a: Great Tusk|39/100 psn|[from] psn
|upkeep
|
|t:|1779879449
|switch|p1a: दील दो 💖|Orthworm, F|100/100
|turn|26
|
|t:|1779879456
|move|p2a: Great Tusk|Close Combat|p1a: दील दो 💖
|-supereffective|p1a: दील दो 💖
|-damage|p1a: दील दो 💖|0 fnt
|-unboost|p2a: Great Tusk|def|1
|-unboost|p2a: Great Tusk|spd|1
|faint|p1a: दील दो 💖
|
|-damage|p2a: Great Tusk|27/100 psn|[from] psn
|upkeep
|-message|baakrisht forfeited.
|
|win|Celebrast
|raw|baakrisht's rating: 1288 &rarr; <strong>1263</strong><br />(-25 for losing)
|raw|Celebrast's rating: 1285 &rarr; <strong>1310</strong><br />(+25 for winning)
|l|☆baakrisht
|player|p1|
|l|☆Celebrast
|player|p2|
