|j|☆zoro.d.wolf
|j|☆claudechamp
|t:|1779856915
|gametype|singles
|player|p1|zoro.d.wolf|1|1254
|player|p2|claudechamp|169|1304
|gen|9
|tier|[Gen 9] OU
|rated|
|rule|HP Percentage Mod: HP is shown in percentages
|rule|Endless Battle Clause: Forcing endless battles is banned
|rule|Species Clause: Limit one of each Pokémon
|rule|OHKO Clause: OHKO moves are banned
|rule|Evasion Items Clause: Evasion items are banned
|rule|Evasion Moves Clause: Evasion moves are banned
|rule|Evasion Abilities Clause: Evasion abilities are banned
|rule|Sleep Moves Clause: Sleep-inducing moves are banned
|clearpoke
|poke|p1|Porygon2|
|poke|p1|Garganacl, M|
|poke|p1|Cinderace, F|
|poke|p1|Dragapult, M|
|poke|p1|Meowscarada, F|
|poke|p1|Gholdengo|
|poke|p2|Gliscor, F|
|poke|p2|Gholdengo|
|poke|p2|Zamazenta-*|
|poke|p2|Blissey, F|
|poke|p2|Skarmory, F|
|poke|p2|Pecharunt|
|teampreview
|c|☆claudechamp|hf
|
|t:|1779856918
|teamsize|p1|6
|teamsize|p2|6
|start
|switch|p1a: Garganacl|Garganacl, M|100/100
|switch|p2a: Skarmory|Skarmory, F|100/100
|turn|1
|inactive|Battle timer is ON: inactive players will automatically lose when time's up. (requested by claudechamp)
|
|t:|1779856936
|move|p2a: Skarmory|Spikes|p1a: Garganacl
|-sidestart|p1: zoro.d.wolf|Spikes
|move|p1a: Garganacl|Salt Cure|p2a: Skarmory
|-damage|p2a: Skarmory|92/100
|-start|p2a: Skarmory|Salt Cure
|
|-damage|p2a: Skarmory|67/100|[from] Salt Cure
|upkeep
|turn|2
|c|☆zoro.d.wolf|Hola buenas
|
|t:|1779856950
|switch|p2a: Gliscor|Gliscor, F|100/100
|move|p1a: Garganacl|Iron Defense|p1a: Garganacl
|-boost|p1a: Garganacl|def|2
|
|-status|p2a: Gliscor|tox|[from] item: Toxic Orb
|upkeep
|turn|3
|
|t:|1779856960
|move|p2a: Gliscor|Earthquake|p1a: Garganacl
|-supereffective|p1a: Garganacl
|-damage|p1a: Garganacl|82/100
|move|p1a: Garganacl|Salt Cure|p2a: Gliscor
|-damage|p2a: Gliscor|89/100 tox
|-start|p2a: Gliscor|Salt Cure
|
|-heal|p1a: Garganacl|88/100|[from] item: Leftovers
|-heal|p2a: Gliscor|100/100 tox|[from] ability: Poison Heal
|-damage|p2a: Gliscor|88/100 tox|[from] Salt Cure
|upkeep
|turn|4
|
|t:|1779856972
|move|p2a: Gliscor|Knock Off|p1a: Garganacl
|-damage|p1a: Garganacl|83/100
|-enditem|p1a: Garganacl|Leftovers|[from] move: Knock Off|[of] p2a: Gliscor
|move|p1a: Garganacl|Body Press|p2a: Gliscor
|-resisted|p2a: Gliscor
|-damage|p2a: Gliscor|63/100 tox
|
|-heal|p2a: Gliscor|75/100 tox|[from] ability: Poison Heal
|-damage|p2a: Gliscor|63/100 tox|[from] Salt Cure
|upkeep
|turn|5
|
|t:|1779856978
|move|p2a: Gliscor|Earthquake|p1a: Garganacl
|-supereffective|p1a: Garganacl
|-damage|p1a: Garganacl|65/100
|move|p1a: Garganacl|Salt Cure|p2a: Gliscor
|-damage|p2a: Gliscor|53/100 tox
|
|-heal|p2a: Gliscor|65/100 tox|[from] ability: Poison Heal
|-damage|p2a: Gliscor|53/100 tox|[from] Salt Cure
|upkeep
|turn|6
|
|t:|1779856993
|switch|p2a: Pecharunt|Pecharunt|100/100
|move|p1a: Garganacl|Salt Cure|p2a: Pecharunt
|-damage|p2a: Pecharunt|93/100
|-start|p2a: Pecharunt|Salt Cure
|
|-damage|p2a: Pecharunt|81/100|[from] Salt Cure
|upkeep
|turn|7
|
|t:|1779856999
|move|p2a: Pecharunt|Parting Shot|p1a: Garganacl
|-unboost|p1a: Garganacl|atk|1
|-unboost|p1a: Garganacl|spa|1
|
|t:|1779857005
|switch|p2a: Gliscor|Gliscor, F|53/100 tox|[from] Parting Shot
|move|p1a: Garganacl|Salt Cure|p2a: Gliscor
|-damage|p2a: Gliscor|45/100 tox
|-start|p2a: Gliscor|Salt Cure
|
|-heal|p2a: Gliscor|57/100 tox|[from] ability: Poison Heal
|-damage|p2a: Gliscor|45/100 tox|[from] Salt Cure
|upkeep
|turn|8
|
|t:|1779857014
|move|p2a: Gliscor|Earthquake|p1a: Garganacl
|-supereffective|p1a: Garganacl
|-damage|p1a: Garganacl|47/100
|move|p1a: Garganacl|Iron Defense|p1a: Garganacl
|-boost|p1a: Garganacl|def|2
|
|-heal|p2a: Gliscor|57/100 tox|[from] ability: Poison Heal
|-damage|p2a: Gliscor|45/100 tox|[from] Salt Cure
|upkeep
|turn|9
|
|t:|1779857026
|switch|p2a: Pecharunt|Pecharunt|81/100
|move|p1a: Garganacl|Salt Cure|p2a: Pecharunt
|-damage|p2a: Pecharunt|77/100
|-start|p2a: Pecharunt|Salt Cure
|
|-damage|p2a: Pecharunt|64/100|[from] Salt Cure
|upkeep
|turn|10
|
|t:|1779857033
|move|p2a: Pecharunt|Recover|p2a: Pecharunt
|-heal|p2a: Pecharunt|100/100
|move|p1a: Garganacl|Recover|p1a: Garganacl
|-heal|p1a: Garganacl|97/100
|
|-damage|p2a: Pecharunt|88/100|[from] Salt Cure
|upkeep
|turn|11
|
|t:|1779857042
|move|p2a: Pecharunt|Parting Shot|p1a: Garganacl
|-unboost|p1a: Garganacl|atk|1
|-unboost|p1a: Garganacl|spa|1
|
|t:|1779857048
|switch|p2a: Gliscor|Gliscor, F|45/100 tox|[from] Parting Shot
|move|p1a: Garganacl|Salt Cure|p2a: Gliscor
|-damage|p2a: Gliscor|39/100 tox
|-start|p2a: Gliscor|Salt Cure
|
|-heal|p2a: Gliscor|52/100 tox|[from] ability: Poison Heal
|-damage|p2a: Gliscor|39/100 tox|[from] Salt Cure
|upkeep
|turn|12
|
|t:|1779857058
|move|p2a: Gliscor|Earthquake|p1a: Garganacl
|-supereffective|p1a: Garganacl
|-damage|p1a: Garganacl|86/100
|move|p1a: Garganacl|Body Press|p2a: Gliscor
|-resisted|p2a: Gliscor
|-damage|p2a: Gliscor|5/100 tox
|
|-heal|p2a: Gliscor|18/100 tox|[from] ability: Poison Heal
|-damage|p2a: Gliscor|5/100 tox|[from] Salt Cure
|upkeep
|turn|13
|
|t:|1779857066
|switch|p2a: Pecharunt|Pecharunt|88/100
|move|p1a: Garganacl|Salt Cure|p2a: Pecharunt
|-damage|p2a: Pecharunt|85/100
|-start|p2a: Pecharunt|Salt Cure
|
|-damage|p2a: Pecharunt|73/100|[from] Salt Cure
|upkeep
|turn|14
|
|t:|1779857077
|move|p2a: Pecharunt|Recover|p2a: Pecharunt
|-heal|p2a: Pecharunt|100/100
|move|p1a: Garganacl|Salt Cure|p2a: Pecharunt
|-damage|p2a: Pecharunt|97/100
|
|-damage|p2a: Pecharunt|85/100|[from] Salt Cure
|upkeep
|turn|15
|c|☆zoro.d.wolf|Aprende a perder con tu padre
|
|t:|1779857090
|move|p2a: Pecharunt|Shadow Ball|p1a: Garganacl
|-damage|p1a: Garganacl|73/100
|move|p1a: Garganacl|Salt Cure|p2a: Pecharunt
|-damage|p2a: Pecharunt|81/100
|
|-damage|p2a: Pecharunt|69/100|[from] Salt Cure
|upkeep
|turn|16
|
|t:|1779857096
|move|p2a: Pecharunt|Recover|p2a: Pecharunt
|-heal|p2a: Pecharunt|100/100
|move|p1a: Garganacl|Salt Cure|p2a: Pecharunt
|-damage|p2a: Pecharunt|97/100
|
|-damage|p2a: Pecharunt|85/100|[from] Salt Cure
|upkeep
|turn|17
|
|t:|1779857107
|move|p2a: Pecharunt|Parting Shot|p1a: Garganacl
|-unboost|p1a: Garganacl|atk|1
|-unboost|p1a: Garganacl|spa|1
|
|t:|1779857120
|switch|p2a: Zamazenta|Zamazenta|100/100|[from] Parting Shot
|-ability|p2a: Zamazenta|Dauntless Shield|boost
|-boost|p2a: Zamazenta|def|1
|move|p1a: Garganacl|Salt Cure|p2a: Zamazenta
|-resisted|p2a: Zamazenta
|-damage|p2a: Zamazenta|99/100
|-start|p2a: Zamazenta|Salt Cure
|
|-damage|p2a: Zamazenta|86/100|[from] Salt Cure
|upkeep
|turn|18
|
|t:|1779857130
|move|p2a: Zamazenta|Close Combat|p1a: Garganacl
|-supereffective|p1a: Garganacl
|-damage|p1a: Garganacl|51/100
|-unboost|p2a: Zamazenta|def|1
|-unboost|p2a: Zamazenta|spd|1
|move|p1a: Garganacl|Iron Defense|p1a: Garganacl
|-boost|p1a: Garganacl|def|2
|
|-damage|p2a: Zamazenta|74/100|[from] Salt Cure
|upkeep
|turn|19
|
|t:|1779857143
|move|p2a: Zamazenta|Close Combat|p1a: Garganacl
|-supereffective|p1a: Garganacl
|-damage|p1a: Garganacl|36/100
|-unboost|p2a: Zamazenta|def|1
|-unboost|p2a: Zamazenta|spd|1
|move|p1a: Garganacl|Salt Cure|p2a: Zamazenta
|-resisted|p2a: Zamazenta
|-damage|p2a: Zamazenta|70/100
|
|-damage|p2a: Zamazenta|58/100|[from] Salt Cure
|upkeep
|turn|20
|
|t:|1779857156
|move|p2a: Zamazenta|Crunch|p1a: Garganacl
|-damage|p1a: Garganacl|32/100
|move|p1a: Garganacl|Recover|p1a: Garganacl
|-heal|p1a: Garganacl|82/100
|
|-damage|p2a: Zamazenta|46/100|[from] Salt Cure
|upkeep
|turn|21
|
|t:|1779857165
|switch|p2a: Pecharunt|Pecharunt|85/100
|move|p1a: Garganacl|Salt Cure|p2a: Pecharunt
|-damage|p2a: Pecharunt|82/100
|-start|p2a: Pecharunt|Salt Cure
|
|-damage|p2a: Pecharunt|70/100|[from] Salt Cure
|upkeep
|turn|22
|
|t:|1779857177
|move|p2a: Pecharunt|Recover|p2a: Pecharunt
|-heal|p2a: Pecharunt|100/100
|move|p1a: Garganacl|Salt Cure|p2a: Pecharunt
|-damage|p2a: Pecharunt|98/100
|
|-damage|p2a: Pecharunt|86/100|[from] Salt Cure
|upkeep
|turn|23
|
|t:|1779857192
|switch|p1a: Gholdengo|Gholdengo|100/100
|-damage|p1a: Gholdengo|88/100|[from] Spikes
|move|p2a: Pecharunt|Parting Shot|p1a: Gholdengo
|-immune|p1a: Gholdengo|[from] ability: Good as Gold
|
|-damage|p2a: Pecharunt|73/100|[from] Salt Cure
|upkeep
|turn|24
|
|t:|1779857207
|switch|p2a: Zamazenta|Zamazenta|46/100
|move|p1a: Gholdengo|Shadow Ball|p2a: Zamazenta
|-damage|p2a: Zamazenta|7/100
|
|upkeep
|turn|25
|
|t:|1779857225
|move|p1a: Gholdengo|Shadow Ball|p2a: Zamazenta
|-damage|p2a: Zamazenta|0 fnt
|faint|p2a: Zamazenta
|
|upkeep
|
|t:|1779857236
|switch|p2a: Blissey|Blissey, F|100/100
|turn|26
|c|☆zoro.d.wolf|Hola
|
|t:|1779857248
|switch|p1a: Porygon2|Porygon2|100/100
|-damage|p1a: Porygon2|88/100|[from] Spikes
|-ability|p1a: Porygon2|Natural Cure|Trace|[from] ability: Trace|[of] p2a: Blissey
|move|p2a: Blissey|Stealth Rock|p1a: Porygon2
|-sidestart|p1: zoro.d.wolf|move: Stealth Rock
|
|upkeep
|turn|27
|
|t:|1779857265
|switch|p2a: Gliscor|Gliscor, F|5/100 tox
|move|p1a: Porygon2|Icy Wind|p2a: Gliscor
|-supereffective|p2a: Gliscor
|-damage|p2a: Gliscor|0 fnt
|faint|p2a: Gliscor
|
|upkeep
|inactive|claudechamp has 120 seconds left.
|
|t:|1779857277
|switch|p2a: Skarmory|Skarmory, F|67/100
|turn|28
|inactive|claudechamp has 120 seconds left.
|
|t:|1779857291
|move|p2a: Skarmory|Spikes|p1a: Porygon2
|-sidestart|p1: zoro.d.wolf|Spikes
|move|p1a: Porygon2|Thunderbolt|p2a: Skarmory
|-supereffective|p2a: Skarmory
|-damage|p2a: Skarmory|11/100
|-status|p2a: Skarmory|par
|
|upkeep
|turn|29
|inactive|claudechamp has 120 seconds left.
|
|t:|1779857305
|switch|p1a: Cinderace|Cinderace, F|100/100
|switch|p2a: Pecharunt|Pecharunt|73/100
|
|upkeep
|turn|30
|inactive|claudechamp has 120 seconds left.
|
|t:|1779857318
|move|p1a: Cinderace|Court Change|p1a: Cinderace
|-start|p1a: Cinderace|typechange|Normal|[from] ability: Libero
|-swapsideconditions
|-activate|p1a: Cinderace|move: Court Change
|move|p2a: Pecharunt|Toxic|p1a: Cinderace
|-status|p1a: Cinderace|tox
|-start|p1a: Cinderace|confusion|[from] ability: Poison Puppeteer|[of] p2a: Pecharunt
|
|-damage|p1a: Cinderace|95/100 tox|[from] psn
|upkeep
|turn|31
|
|t:|1779857330
|-activate|p1a: Cinderace|confusion
|move|p1a: Cinderace|U-turn|p2a: Pecharunt
|-resisted|p2a: Pecharunt
|-damage|p2a: Pecharunt|71/100
|
|t:|1779857341
|switch|p1a: Gholdengo|Gholdengo|88/100|[from] U-turn
|move|p2a: Pecharunt|Recover|p2a: Pecharunt
|-heal|p2a: Pecharunt|100/100
|
|upkeep
|turn|32
|
|t:|1779857357
|switch|p2a: Blissey|Blissey, F|100/100
|move|p1a: Gholdengo|Make It Rain|p2a: Blissey
|-damage|p2a: Blissey|81/100
|-unboost|p1a: Gholdengo|spa|1
|
|upkeep
|turn|33
|
|t:|1779857372
|switch|p1a: Cinderace|Cinderace, F|95/100 tox
|move|p2a: Blissey|Stealth Rock|p1a: Cinderace
|-sidestart|p1: zoro.d.wolf|move: Stealth Rock
|
|-damage|p1a: Cinderace|89/100 tox|[from] psn
|upkeep
|turn|34
|
|t:|1779857400
|move|p1a: Cinderace|Court Change|p1a: Cinderace
|-start|p1a: Cinderace|typechange|Normal|[from] ability: Libero
|-swapsideconditions
|-activate|p1a: Cinderace|move: Court Change
|move|p2a: Blissey|Shadow Ball|p1a: Cinderace
|-immune|p1a: Cinderace
|
|-damage|p1a: Cinderace|77/100 tox|[from] psn
|upkeep
|turn|35
|inactive|claudechamp has 120 seconds left.
|
|t:|1779857416
|move|p1a: Cinderace|Court Change|p1a: Cinderace
|-swapsideconditions
|-activate|p1a: Cinderace|move: Court Change
|move|p2a: Blissey|Soft-Boiled|p2a: Blissey
|-heal|p2a: Blissey|100/100
|
|-damage|p1a: Cinderace|59/100 tox|[from] psn
|upkeep
|turn|36
|inactive|claudechamp has 120 seconds left.
|
|t:|1779857431
|switch|p2a: Pecharunt|Pecharunt|100/100
|move|p1a: Cinderace|Pyro Ball|p2a: Pecharunt
|-damage|p2a: Pecharunt|83/100
|
|-damage|p1a: Cinderace|35/100 tox|[from] psn
|upkeep
|turn|37
|inactive|claudechamp has 120 seconds left.
|
|t:|1779857444
|move|p1a: Cinderace|U-turn|p2a: Pecharunt
|-resisted|p2a: Pecharunt
|-damage|p2a: Pecharunt|80/100
|
|t:|1779857448
|switch|p1a: Garganacl|Garganacl, M|82/100|[from] U-turn
|-damage|p1a: Garganacl|69/100|[from] Stealth Rock
|move|p2a: Pecharunt|Recover|p2a: Pecharunt
|-heal|p2a: Pecharunt|100/100
|
|upkeep
|turn|38
|
|t:|1779857457
|move|p2a: Pecharunt|Parting Shot|p1a: Garganacl
|-unboost|p1a: Garganacl|atk|1
|-unboost|p1a: Garganacl|spa|1
|
|t:|1779857471
|switch|p2a: Blissey|Blissey, F|100/100|[from] Parting Shot
|move|p1a: Garganacl|Salt Cure|p2a: Blissey
|-crit|p2a: Blissey
|-damage|p2a: Blissey|78/100
|-start|p2a: Blissey|Salt Cure
|
|-damage|p2a: Blissey|65/100|[from] Salt Cure
|upkeep
|turn|39
|c|☆zoro.d.wolf|Hijo mío
|inactive|claudechamp has 120 seconds left.
|
|t:|1779857492
|move|p2a: Blissey|Shadow Ball|p1a: Garganacl
|-damage|p1a: Garganacl|62/100
|-unboost|p1a: Garganacl|spd|1
|move|p1a: Garganacl|Salt Cure|p2a: Blissey
|-damage|p2a: Blissey|56/100
|
|-damage|p2a: Blissey|44/100|[from] Salt Cure
|upkeep
|turn|40
|inactive|claudechamp has 120 seconds left.
|
|t:|1779857501
|switch|p2a: Pecharunt|Pecharunt|100/100
|move|p1a: Garganacl|Salt Cure|p2a: Pecharunt
|-damage|p2a: Pecharunt|96/100
|-start|p2a: Pecharunt|Salt Cure
|
|-damage|p2a: Pecharunt|84/100|[from] Salt Cure
|upkeep
|turn|41
|inactive|claudechamp has 120 seconds left.
|
|t:|1779857523
|move|p2a: Pecharunt|Parting Shot|p1a: Garganacl
|-unboost|p1a: Garganacl|atk|1
|-unboost|p1a: Garganacl|spa|1
|
|t:|1779857539
|switch|p2a: Blissey|Blissey, F|44/100|[from] Parting Shot
|move|p1a: Garganacl|Salt Cure|p2a: Blissey
|-damage|p2a: Blissey|36/100
|-start|p2a: Blissey|Salt Cure
|
|-damage|p2a: Blissey|24/100|[from] Salt Cure
|upkeep
|turn|42
|
|t:|1779857558
|move|p2a: Blissey|Soft-Boiled|p2a: Blissey
|-heal|p2a: Blissey|74/100
|move|p1a: Garganacl|Body Press|p2a: Blissey
|-supereffective|p2a: Blissey
|-crit|p2a: Blissey
|-damage|p2a: Blissey|0 fnt
|faint|p2a: Blissey
|
|upkeep
|inactive|claudechamp has 90 seconds left.
|
|t:|1779857571
|switch|p2a: Pecharunt|Pecharunt|84/100
|turn|43
|inactive|claudechamp has 90 seconds left.
|l|☆zoro.d.wolf
|inactive|zoro.d.wolf disconnected and has a minute to reconnect!
|player|p1|
|j|☆zoro.d.wolf
|inactive|zoro.d.wolf reconnected and has 135 seconds left.
|player|p1|zoro.d.wolf|1|
|
|t:|1779857599
|move|p2a: Pecharunt|Recover|p2a: Pecharunt
|-heal|p2a: Pecharunt|100/100
|move|p1a: Garganacl|Salt Cure|p2a: Pecharunt
|-damage|p2a: Pecharunt|97/100
|-start|p2a: Pecharunt|Salt Cure
|
|-damage|p2a: Pecharunt|85/100|[from] Salt Cure
|upkeep
|turn|44
|
|t:|1779857612
|move|p2a: Pecharunt|Shadow Ball|p1a: Garganacl
|-crit|p1a: Garganacl
|-damage|p1a: Garganacl|36/100
|-unboost|p1a: Garganacl|spd|1
|move|p1a: Garganacl|Salt Cure|p2a: Pecharunt
|-damage|p2a: Pecharunt|81/100
|
|-damage|p2a: Pecharunt|69/100|[from] Salt Cure
|upkeep
|turn|45
|
|t:|1779857618
|switch|p1a: Gholdengo|Gholdengo|88/100
|-damage|p1a: Gholdengo|82/100|[from] Stealth Rock
|move|p2a: Pecharunt|Shadow Ball|p1a: Gholdengo
|-supereffective|p1a: Gholdengo
|-damage|p1a: Gholdengo|23/100
|
|-damage|p2a: Pecharunt|57/100|[from] Salt Cure
|upkeep
|turn|46
|
|t:|1779857633
|-terastallize|p2a: Pecharunt|Fairy
|move|p1a: Gholdengo|Trick|p2a: Pecharunt
|-activate|p1a: Gholdengo|move: Trick|[of] p2a: Pecharunt
|-item|p2a: Pecharunt|Choice Scarf|[from] move: Trick
|-item|p1a: Gholdengo|Heavy-Duty Boots|[from] move: Trick
|move|p2a: Pecharunt|Shadow Ball|p1a: Gholdengo
|-supereffective|p1a: Gholdengo
|-damage|p1a: Gholdengo|0 fnt
|faint|p1a: Gholdengo
|
|-damage|p2a: Pecharunt|44/100|[from] Salt Cure
|upkeep
|
|t:|1779857640
|switch|p1a: Dragapult|Dragapult, M|100/100
|-damage|p1a: Dragapult|88/100|[from] Stealth Rock
|turn|47
|inactive|claudechamp has 90 seconds left.
|l|☆zoro.d.wolf
|inactive|zoro.d.wolf disconnected and has a minute to reconnect!
|player|p1|
|j|☆zoro.d.wolf
|inactive|zoro.d.wolf reconnected and has 135 seconds left.
|player|p1|zoro.d.wolf|1|
|
|t:|1779857663
|switch|p2a: Gholdengo|Gholdengo|100/100
|-damage|p2a: Gholdengo|84/100|[from] Spikes
|-damage|p2a: Gholdengo|78/100|[from] Stealth Rock
|move|p1a: Dragapult|Shadow Ball|p2a: Gholdengo
|-supereffective|p2a: Gholdengo
|-damage|p2a: Gholdengo|0 fnt
|faint|p2a: Gholdengo
|
|upkeep
|
|t:|1779857669
|switch|p2a: Pecharunt|Pecharunt, tera:Fairy|44/100
|-damage|p2a: Pecharunt|28/100|[from] Spikes
|-damage|p2a: Pecharunt|15/100|[from] Stealth Rock
|turn|48
|
|t:|1779857688
|move|p1a: Dragapult|Shadow Ball|p2a: Pecharunt
|-damage|p2a: Pecharunt|0 fnt
|faint|p2a: Pecharunt
|
|upkeep
|
|t:|1779857699
|switch|p2a: Skarmory|Skarmory, F|11/100 par
|turn|49
|l|☆zoro.d.wolf
|inactive|zoro.d.wolf disconnected and has a minute to reconnect!
|player|p1|
|j|☆zoro.d.wolf
|inactive|zoro.d.wolf reconnected and has 125 seconds left.
|player|p1|zoro.d.wolf|1|
|inactive|zoro.d.wolf has 120 seconds left.
|
|t:|1779857731
|move|p1a: Dragapult|Shadow Ball|p2a: Skarmory
|-damage|p2a: Skarmory|0 fnt
|faint|p2a: Skarmory
|
|win|zoro.d.wolf
|raw|zoro.d.wolf's rating: 1254 &rarr; <strong>1284</strong><br />(+30 for winning)
|raw|claudechamp's rating: 1321 &rarr; <strong>1297</strong><br />(-24 for losing)
|c|☆claudechamp|gg
|l|☆zoro.d.wolf
|player|p1|
|l|☆claudechamp
|player|p2|
