|j|☆Nonchalant_Chef
|j|☆broshy
|t:|1779884782
|gametype|singles
|player|p1|Nonchalant_Chef|waiter-gen4dp|1073
|player|p2|broshy|170|1062
|gen|9
|tier|[Gen 9] OU
|rated|
|rule|HP Percentage Mod: HP is shown in percentages
|rule|Endless Battle Clause: Forcing endless battles is banned
|rule|Species Clause: Limit one of each Pokémon
|rule|OHKO Clause: OHKO moves are banned
|rule|Evasion Items Clause: Evasion items are banned
|rule|Evasion Moves Clause: Evasion moves are banned
|rule|Evasion Abilities Clause: Evasion abilities are banned
|rule|Sleep Moves Clause: Sleep-inducing moves are banned
|clearpoke
|poke|p1|Ogerpon, F|
|poke|p1|Pyroar, M|
|poke|p1|Qwilfish, F|
|poke|p1|Mudsdale, F|
|poke|p1|Misdreavus, F|
|poke|p1|Klefki, M|
|poke|p2|Slowbro, M|
|poke|p2|Overqwil, F|
|poke|p2|Dragonite, F|
|poke|p2|Gastrodon, F|
|poke|p2|Porygon2|
|poke|p2|Scizor, F|
|teampreview
|inactive|Battle timer is ON: inactive players will automatically lose when time's up. (requested by Nonchalant_Chef)
|
|t:|1779884797
|teamsize|p1|6
|teamsize|p2|6
|start
|switch|p1a: Klefki|Klefki, M|100/100
|switch|p2a: Overqwil|Overqwil, F|100/100
|-ability|p2a: Overqwil|Intimidate|boost
|-unboost|p1a: Klefki|atk|1
|turn|1
|
|t:|1779884807
|move|p1a: Klefki|Torment|p2a: Overqwil
|-hint|Since gen 7, Dark is immune to Prankster moves.
|-immune|p2a: Overqwil
|move|p2a: Overqwil|Toxic Spikes|p1a: Klefki
|-sidestart|p1: Nonchalant_Chef|move: Toxic Spikes
|
|upkeep
|turn|2
|
|t:|1779884813
|move|p1a: Klefki|Reflect|p1a: Klefki
|-sidestart|p1: Nonchalant_Chef|Reflect
|move|p2a: Overqwil|Toxic Spikes|p1a: Klefki
|-sidestart|p1: Nonchalant_Chef|move: Toxic Spikes
|
|upkeep
|turn|3
|
|t:|1779884818
|switch|p2a: Gastrodon|Gastrodon, F|100/100
|move|p1a: Klefki|Light Screen|p1a: Klefki
|-sidestart|p1: Nonchalant_Chef|move: Light Screen
|
|upkeep
|turn|4
|
|t:|1779884823
|move|p1a: Klefki|Torment|p2a: Gastrodon
|-start|p2a: Gastrodon|Torment
|move|p2a: Gastrodon|Earth Power|p1a: Klefki
|-supereffective|p1a: Klefki
|-damage|p1a: Klefki|67/100
|
|upkeep
|turn|5
|
|t:|1779884837
|switch|p1a: Qwilfish|Qwilfish, F|100/100
|-sideend|p1: Nonchalant_Chef|move: Toxic Spikes|[of] p1a: Qwilfish
|-ability|p1a: Qwilfish|Intimidate|boost
|-unboost|p2a: Gastrodon|atk|1
|move|p2a: Gastrodon|Blizzard|p1a: Qwilfish
|-resisted|p1a: Qwilfish
|-crit|p1a: Qwilfish
|-damage|p1a: Qwilfish|67/100
|-status|p1a: Qwilfish|frz
|-enditem|p1a: Qwilfish|Red Card|[of] p2a: Gastrodon
|drag|p2a: Scizor|Scizor, F|100/100
|
|upkeep
|turn|6
|
|t:|1779884850
|cant|p1a: Qwilfish|frz
|move|p2a: Scizor|Acrobatics|p1a: Qwilfish
|-damage|p1a: Qwilfish|35/100 frz
|-damage|p2a: Scizor|91/100|[from] item: Life Orb
|
|upkeep
|turn|7
|
|t:|1779884856
|-curestatus|p1a: Qwilfish|frz|[msg]
|move|p1a: Qwilfish|Liquidation|p2a: Scizor
|-crit|p2a: Scizor
|-damage|p2a: Scizor|21/100
|-unboost|p2a: Scizor|def|1
|move|p2a: Scizor|Acrobatics|p1a: Qwilfish
|-damage|p1a: Qwilfish|4/100
|-damage|p2a: Scizor|11/100|[from] item: Life Orb
|
|upkeep
|turn|8
|
|t:|1779884866
|move|p2a: Scizor|Bullet Punch|p1a: Qwilfish
|-resisted|p1a: Qwilfish
|-damage|p1a: Qwilfish|0 fnt
|faint|p1a: Qwilfish
|-damage|p2a: Scizor|2/100|[from] item: Life Orb
|
|upkeep
|
|t:|1779884873
|switch|p1a: Mudsdale|Mudsdale, F|100/100
|turn|9
|
|t:|1779884877
|switch|p2a: Slowbro|Slowbro, M|100/100
|move|p1a: Mudsdale|Stealth Rock|p2a: Slowbro
|-sidestart|p2: broshy|move: Stealth Rock
|
|-sideend|p1: Nonchalant_Chef|Reflect
|upkeep
|turn|10
|
|t:|1779884883
|move|p1a: Mudsdale|Earthquake|p2a: Slowbro
|-damage|p2a: Slowbro|64/100
|move|p2a: Slowbro|Scald|p1a: Mudsdale
|-supereffective|p1a: Mudsdale
|-damage|p1a: Mudsdale|75/100
|-ability|p1a: Mudsdale|Stamina|boost
|-boost|p1a: Mudsdale|def|1
|
|-heal|p2a: Slowbro|70/100|[from] item: Leftovers
|-sideend|p1: Nonchalant_Chef|move: Light Screen
|upkeep
|turn|11
|
|t:|1779884892
|move|p1a: Mudsdale|Earthquake|p2a: Slowbro
|-damage|p2a: Slowbro|31/100
|move|p2a: Slowbro|Scald|p1a: Mudsdale
|-supereffective|p1a: Mudsdale
|-damage|p1a: Mudsdale|17/100
|-ability|p1a: Mudsdale|Stamina|boost
|-boost|p1a: Mudsdale|def|1
|-enditem|p1a: Mudsdale|Sitrus Berry|[eat]
|-heal|p1a: Mudsdale|42/100|[from] item: Sitrus Berry
|
|-heal|p2a: Slowbro|37/100|[from] item: Leftovers
|upkeep
|turn|12
|
|t:|1779884907
|move|p1a: Mudsdale|Earthquake|p2a: Slowbro
|-damage|p2a: Slowbro|0 fnt
|faint|p2a: Slowbro
|
|upkeep
|
|t:|1779884911
|switch|p2a: Dragonite|Dragonite, F|100/100
|turn|13
|
|t:|1779884916
|move|p2a: Dragonite|Tailwind|p2a: Dragonite
|-sidestart|p2: broshy|move: Tailwind
|move|p1a: Mudsdale|Body Press|p2a: Dragonite
|-resisted|p2a: Dragonite
|-damage|p2a: Dragonite|91/100
|
|upkeep
|turn|14
|
|t:|1779884922
|move|p2a: Dragonite|Dragon Pulse|p1a: Mudsdale
|-damage|p1a: Mudsdale|1/100
|-ability|p1a: Mudsdale|Stamina|boost
|-boost|p1a: Mudsdale|def|1
|move|p1a: Mudsdale|Stone Edge|p2a: Dragonite
|-supereffective|p2a: Dragonite
|-damage|p2a: Dragonite|13/100
|
|upkeep
|turn|15
|
|t:|1779884930
|move|p2a: Dragonite|Dragon Pulse|p1a: Mudsdale
|-damage|p1a: Mudsdale|0 fnt
|faint|p1a: Mudsdale
|
|upkeep
|
|t:|1779884933
|switch|p1a: Klefki|Klefki, M|67/100
|turn|16
|
|t:|1779884939
|move|p1a: Klefki|Light Screen|p1a: Klefki
|-sidestart|p1: Nonchalant_Chef|move: Light Screen
|move|p2a: Dragonite|Heat Wave|p1a: Klefki
|-supereffective|p1a: Klefki
|-damage|p1a: Klefki|32/100
|
|-sideend|p2: broshy|move: Tailwind
|upkeep
|turn|17
|
|t:|1779884945
|move|p2a: Dragonite|Heat Wave|p1a: Klefki
|-supereffective|p1a: Klefki
|-damage|p1a: Klefki|0 fnt
|faint|p1a: Klefki
|
|upkeep
|
|t:|1779884954
|switch|p1a: Pyroar|Pyroar, M|100/100
|-ability|p1a: Pyroar|Unnerve
|turn|18
|
|t:|1779884960
|move|p2a: Dragonite|Tailwind|p2a: Dragonite
|-sidestart|p2: broshy|move: Tailwind
|move|p1a: Pyroar|Roar|p2a: Dragonite
|-enditem|p1a: Pyroar|Throat Spray
|-boost|p1a: Pyroar|spa|1|[from] item: Throat Spray
|drag|p2a: Gastrodon|Gastrodon, F|100/100
|-damage|p2a: Gastrodon|94/100|[from] Stealth Rock
|
|-heal|p2a: Gastrodon|100/100|[from] item: Leftovers
|upkeep
|turn|19
|
|t:|1779884969
|-terastallize|p1a: Pyroar|Ghost
|move|p1a: Pyroar|Hyper Voice|p2a: Gastrodon
|-damage|p2a: Gastrodon|52/100
|move|p2a: Gastrodon|Earth Power|p1a: Pyroar
|-damage|p1a: Pyroar|77/100
|
|-heal|p2a: Gastrodon|58/100|[from] item: Leftovers
|upkeep
|turn|20
|
|t:|1779884977
|move|p1a: Pyroar|Hyper Voice|p2a: Gastrodon
|-damage|p2a: Gastrodon|11/100
|move|p2a: Gastrodon|Recover|p2a: Gastrodon
|-heal|p2a: Gastrodon|61/100
|
|-heal|p2a: Gastrodon|68/100|[from] item: Leftovers
|upkeep
|turn|21
|
|t:|1779884984
|move|p2a: Gastrodon|Earth Power|p1a: Pyroar
|-damage|p1a: Pyroar|57/100
|move|p1a: Pyroar|Roar|p2a: Gastrodon
|drag|p2a: Overqwil|Overqwil, F|100/100
|-damage|p2a: Overqwil|88/100|[from] Stealth Rock
|-ability|p2a: Overqwil|Intimidate|boost
|-unboost|p1a: Pyroar|atk|1
|
|-sideend|p2: broshy|move: Tailwind
|upkeep
|turn|22
|
|t:|1779884993
|move|p1a: Pyroar|Hyper Voice|p2a: Overqwil
|-damage|p2a: Overqwil|0 fnt
|faint|p2a: Overqwil
|
|upkeep
|
|t:|1779884998
|switch|p2a: Porygon2|Porygon2|100/100
|-damage|p2a: Porygon2|88/100|[from] Stealth Rock
|turn|23
|
|t:|1779885008
|move|p2a: Porygon2|Shadow Ball|p1a: Pyroar
|-supereffective|p1a: Pyroar
|-damage|p1a: Pyroar|26/100
|move|p1a: Pyroar|Roar|p2a: Porygon2
|drag|p2a: Dragonite|Dragonite, F|13/100
|
|-sideend|p1: Nonchalant_Chef|move: Light Screen
|upkeep
|turn|24
|
|t:|1779885018
|move|p1a: Pyroar|Hyper Voice|p2a: Dragonite
|-damage|p2a: Dragonite|0 fnt
|faint|p2a: Dragonite
|
|upkeep
|
|t:|1779885023
|switch|p2a: Scizor|Scizor, F|2/100
|-damage|p2a: Scizor|0 fnt|[from] Stealth Rock
|faint|p2a: Scizor
|
|t:|1779885027
|switch|p2a: Porygon2|Porygon2|88/100
|-damage|p2a: Porygon2|75/100|[from] Stealth Rock
|turn|25
|
|t:|1779885051
|move|p1a: Pyroar|Hyper Voice|p2a: Porygon2
|-damage|p2a: Porygon2|43/100
|move|p2a: Porygon2|Shadow Ball|p1a: Pyroar
|-supereffective|p1a: Pyroar
|-damage|p1a: Pyroar|0 fnt
|faint|p1a: Pyroar
|
|upkeep
|
|t:|1779885056
|switch|p1a: Ogerpon|Ogerpon, F|100/100
|turn|26
|
|t:|1779885060
|move|p1a: Ogerpon|Ivy Cudgel|p2a: Porygon2
|-damage|p2a: Porygon2|0 fnt
|faint|p2a: Porygon2
|
|upkeep
|
|t:|1779885064
|switch|p2a: Gastrodon|Gastrodon, F|68/100
|-damage|p2a: Gastrodon|61/100|[from] Stealth Rock
|turn|27
|
|t:|1779885068
|-terastallize|p2a: Gastrodon|Water
|move|p1a: Ogerpon|Ivy Cudgel|p2a: Gastrodon
|-supereffective|p2a: Gastrodon
|-damage|p2a: Gastrodon|0 fnt
|faint|p2a: Gastrodon
|
|win|Nonchalant_Chef
|raw|Nonchalant_Chef's rating: 1073 &rarr; <strong>1101</strong><br />(+28 for winning)
|raw|broshy's rating: 1062 &rarr; <strong>1043</strong><br />(-19 for losing)
|l|☆broshy
|player|p2|
|l|☆Nonchalant_Chef
|player|p1|
