|j|☆gyhe
|j|☆lockheed shartin
|t:|1779924412
|gametype|singles
|player|p1|gyhe|265|1542
|player|p2|lockheed shartin|preschooler|1573
|gen|9
|tier|[Gen 9] OU
|rated|
|rule|HP Percentage Mod: HP is shown in percentages
|rule|Endless Battle Clause: Forcing endless battles is banned
|rule|Species Clause: Limit one of each Pokémon
|rule|OHKO Clause: OHKO moves are banned
|rule|Evasion Items Clause: Evasion items are banned
|rule|Evasion Moves Clause: Evasion moves are banned
|rule|Evasion Abilities Clause: Evasion abilities are banned
|rule|Sleep Moves Clause: Sleep-inducing moves are banned
|clearpoke
|poke|p1|Lokix, F|
|poke|p1|Pecharunt|
|poke|p1|Zamazenta-*|
|poke|p1|Ting-Lu|
|poke|p1|Latios, M|
|poke|p1|Gliscor, M|
|poke|p2|Zamazenta-*|
|poke|p2|Dragonite, F|
|poke|p2|Iron Treads|
|poke|p2|Samurott-Hisui, M|
|poke|p2|Pecharunt|
|poke|p2|Rillaboom, M|
|teampreview
|inactive|Battle timer is ON: inactive players will automatically lose when time's up. (requested by lockheed shartin)
|
|t:|1779924429
|teamsize|p1|6
|teamsize|p2|6
|start
|switch|p1a: Gliscor|Gliscor, M|100/100
|switch|p2a: LiquidSwords|Samurott-Hisui, M|100/100
|turn|1
|
|t:|1779924435
|move|p1a: Gliscor|Protect|p1a: Gliscor
|-singleturn|p1a: Gliscor|Protect
|move|p2a: LiquidSwords|Razor Shell|p1a: Gliscor
|-activate|p1a: Gliscor|move: Protect
|
|-status|p1a: Gliscor|tox|[from] item: Toxic Orb
|upkeep
|turn|2
|
|t:|1779924448
|move|p1a: Gliscor|U-turn|p2a: LiquidSwords
|-supereffective|p2a: LiquidSwords
|-damage|p2a: LiquidSwords|70/100
|
|t:|1779924455
|switch|p1a: Zamazenta|Zamazenta|100/100|[from] U-turn
|-ability|p1a: Zamazenta|Dauntless Shield|boost
|-boost|p1a: Zamazenta|def|1
|move|p2a: LiquidSwords|Ceaseless Edge|p1a: Zamazenta
|-resisted|p1a: Zamazenta
|-damage|p1a: Zamazenta|87/100
|-sidestart|p1: gyhe|Spikes
|
|upkeep
|turn|3
|
|t:|1779924461
|switch|p1a: Latios|Latios, M|100/100
|switch|p2a: Pfizer Inc|Pecharunt|100/100
|
|upkeep
|turn|4
|j| FaronAan
|
|t:|1779924469
|switch|p2a: C.T.E.Spins|Iron Treads|100/100
|move|p1a: Latios|Draco Meteor|p2a: C.T.E.Spins
|-resisted|p2a: C.T.E.Spins
|-damage|p2a: C.T.E.Spins|64/100
|-unboost|p1a: Latios|spa|2
|
|-heal|p2a: C.T.E.Spins|70/100|[from] item: Leftovers
|upkeep
|turn|5
|
|t:|1779924478
|move|p1a: Latios|Flip Turn|p2a: C.T.E.Spins
|-supereffective|p2a: C.T.E.Spins
|-damage|p2a: C.T.E.Spins|52/100
|
|t:|1779924489
|switch|p1a: Ting-Lu|Ting-Lu|100/100|[from] Flip Turn
|-damage|p1a: Ting-Lu|88/100|[from] Spikes
|-ability|p1a: Ting-Lu|Vessel of Ruin
|move|p2a: C.T.E.Spins|Stealth Rock|p1a: Ting-Lu
|-sidestart|p1: gyhe|move: Stealth Rock
|
|-heal|p2a: C.T.E.Spins|58/100|[from] item: Leftovers
|-heal|p1a: Ting-Lu|94/100|[from] item: Leftovers
|upkeep
|turn|6
|
|t:|1779924495
|move|p2a: C.T.E.Spins|Knock Off|p1a: Ting-Lu
|-resisted|p1a: Ting-Lu
|-damage|p1a: Ting-Lu|88/100
|-enditem|p1a: Ting-Lu|Leftovers|[from] move: Knock Off|[of] p2a: C.T.E.Spins
|move|p1a: Ting-Lu|Ruination|p2a: C.T.E.Spins|[miss]
|-miss|p1a: Ting-Lu|p2a: C.T.E.Spins
|
|-heal|p2a: C.T.E.Spins|64/100|[from] item: Leftovers
|upkeep
|turn|7
|
|t:|1779924507
|-end|p2a: C.T.E.Spins|Quark Drive|[silent]
|switch|p2a: LiquidSwords|Samurott-Hisui, M|70/100
|move|p1a: Ting-Lu|Earthquake|p2a: LiquidSwords
|-damage|p2a: LiquidSwords|33/100
|
|upkeep
|turn|8
|
|t:|1779924513
|move|p2a: LiquidSwords|Ceaseless Edge|p1a: Ting-Lu
|-resisted|p1a: Ting-Lu
|-damage|p1a: Ting-Lu|75/100
|-sidestart|p1: gyhe|Spikes
|move|p1a: Ting-Lu|Earthquake|p2a: LiquidSwords
|-damage|p2a: LiquidSwords|0 fnt
|faint|p2a: LiquidSwords
|
|upkeep
|
|t:|1779924517
|switch|p2a: John Boomham|Rillaboom, M|100/100
|-fieldstart|move: Grassy Terrain|[from] ability: Grassy Surge|[of] p2a: John Boomham
|turn|9
|
|t:|1779924520
|switch|p1a: Pecharunt|Pecharunt|100/100
|move|p2a: John Boomham|Swords Dance|p2a: John Boomham
|-boost|p2a: John Boomham|atk|2
|
|upkeep
|turn|10
|
|t:|1779924527
|move|p2a: John Boomham|Knock Off|p1a: Pecharunt
|-supereffective|p1a: Pecharunt
|-damage|p1a: Pecharunt|15/100
|-enditem|p1a: Pecharunt|Heavy-Duty Boots|[from] move: Knock Off|[of] p2a: John Boomham
|-damage|p2a: John Boomham|91/100|[from] item: Life Orb
|move|p1a: Pecharunt|Foul Play|p2a: John Boomham
|-damage|p2a: John Boomham|18/100
|
|-heal|p2a: John Boomham|25/100|[from] Grassy Terrain
|-heal|p1a: Pecharunt|21/100|[from] Grassy Terrain
|upkeep
|turn|11
|
|t:|1779924551
|move|p2a: John Boomham|Knock Off|p1a: Pecharunt
|-supereffective|p1a: Pecharunt
|-damage|p1a: Pecharunt|0 fnt
|faint|p1a: Pecharunt
|-damage|p2a: John Boomham|15/100|[from] item: Life Orb
|
|-heal|p2a: John Boomham|21/100|[from] Grassy Terrain
|upkeep
|
|t:|1779924554
|switch|p1a: Lokix|Lokix, F|100/100
|turn|12
|
|t:|1779924560
|switch|p2a: Pfizer Inc|Pecharunt|100/100
|move|p1a: Lokix|Knock Off|p2a: Pfizer Inc
|-supereffective|p2a: Pfizer Inc
|-damage|p2a: Pfizer Inc|56/100
|-enditem|p2a: Pfizer Inc|Heavy-Duty Boots|[from] move: Knock Off|[of] p1a: Lokix
|
|-heal|p2a: Pfizer Inc|62/100|[from] Grassy Terrain
|upkeep
|turn|13
|
|t:|1779924567
|move|p1a: Lokix|U-turn|p2a: Pfizer Inc
|-resisted|p2a: Pfizer Inc
|-damage|p2a: Pfizer Inc|54/100
|
|t:|1779924570
|switch|p1a: Gliscor|Gliscor, M|100/100 tox|[from] U-turn
|-damage|p1a: Gliscor|88/100 tox|[from] Stealth Rock
|move|p2a: Pfizer Inc|Recover|p2a: Pfizer Inc
|-heal|p2a: Pfizer Inc|100/100
|
|-heal|p1a: Gliscor|100/100 tox|[from] ability: Poison Heal
|-fieldend|move: Grassy Terrain
|upkeep
|turn|14
|
|t:|1779924576
|move|p1a: Gliscor|Spikes|p2a: Pfizer Inc
|-sidestart|p2: lockheed shartin|Spikes
|move|p2a: Pfizer Inc|Parting Shot|p1a: Gliscor
|-unboost|p1a: Gliscor|atk|1
|-unboost|p1a: Gliscor|spa|1
|
|t:|1779924599
|switch|p2a: SleeplessNites|Dragonite, F|100/100|[from] Parting Shot
|
|upkeep
|turn|15
|
|t:|1779924603
|move|p1a: Gliscor|U-turn|p2a: SleeplessNites
|-resisted|p2a: SleeplessNites
|-damage|p2a: SleeplessNites|98/100
|
|t:|1779924612
|switch|p1a: Latios|Latios, M|100/100|[from] U-turn
|-damage|p1a: Latios|88/100|[from] Stealth Rock
|move|p2a: SleeplessNites|Dragon Tail|p1a: Latios
|-supereffective|p1a: Latios
|-damage|p1a: Latios|0 fnt
|faint|p1a: Latios
|
|upkeep
|-message|gyhe forfeited.
|
|win|lockheed shartin
|raw|gyhe's rating: 1542 &rarr; <strong>1524</strong><br />(-18 for losing)
|raw|lockheed shartin's rating: 1573 &rarr; <strong>1591</strong><br />(+18 for winning)
