|j|☆barbordor
|j|☆uncle brown
|t:|1779860914
|gametype|singles
|player|p1|barbordor|169|1551
|player|p2|uncle brown|266|1486
|gen|9
|tier|[Gen 9] OU
|rated|
|rule|HP Percentage Mod: HP is shown in percentages
|rule|Endless Battle Clause: Forcing endless battles is banned
|rule|Species Clause: Limit one of each Pokémon
|rule|OHKO Clause: OHKO moves are banned
|rule|Evasion Items Clause: Evasion items are banned
|rule|Evasion Moves Clause: Evasion moves are banned
|rule|Evasion Abilities Clause: Evasion abilities are banned
|rule|Sleep Moves Clause: Sleep-inducing moves are banned
|clearpoke
|poke|p1|Great Tusk|
|poke|p1|Pecharunt|
|poke|p1|Cinderace, F|
|poke|p1|Alomomola, F|
|poke|p1|Meowscarada, F|
|poke|p1|Sylveon, M|
|poke|p2|Hydreigon, M|
|poke|p2|Zamazenta-*|
|poke|p2|Rillaboom, F|
|poke|p2|Primarina, F|
|poke|p2|Gholdengo|
|poke|p2|Glimmora, F|
|teampreview
|inactive|Battle timer is ON: inactive players will automatically lose when time's up. (requested by barbordor)
|
|t:|1779860938
|teamsize|p1|6
|teamsize|p2|6
|start
|switch|p1a: Meowscarada|Meowscarada, F|100/100
|switch|p2a: Highdrygone|Hydreigon, M|100/100
|turn|1
|
|t:|1779860948
|switch|p2a: Glimaura|Glimmora, F|100/100
|move|p1a: Meowscarada|U-turn|p2a: Glimaura
|-start|p1a: Meowscarada|typechange|Bug|[from] ability: Protean
|-resisted|p2a: Glimaura
|-damage|p2a: Glimaura|70/100
|-activate|p2a: Glimaura|ability: Toxic Debris
|-sidestart|p1: barbordor|move: Toxic Spikes
|
|t:|1779860950
|switch|p1a: Pecharunt|Pecharunt|100/100|[from] U-turn
|-sideend|p1: barbordor|move: Toxic Spikes|[of] p1a: Pecharunt
|
|upkeep
|turn|2
|
|t:|1779860953
|move|p2a: Glimaura|Meteor Beam||[still]
|-prepare|p2a: Glimaura|Meteor Beam
|-boost|p2a: Glimaura|spa|1
|-enditem|p2a: Glimaura|Power Herb
|-anim|p2a: Glimaura|Meteor Beam|p1a: Pecharunt
|-crit|p1a: Pecharunt
|-damage|p1a: Pecharunt|0 fnt
|faint|p1a: Pecharunt
|
|upkeep
|
|t:|1779860960
|switch|p1a: Great Tusk|Great Tusk|100/100
|turn|3
|
|t:|1779860964
|switch|p2a: Highdrygone|Hydreigon, M|100/100
|move|p1a: Great Tusk|Stealth Rock|p2a: Highdrygone
|-sidestart|p2: uncle brown|move: Stealth Rock
|
|upkeep
|turn|4
|
|t:|1779860968
|-end|p1a: Great Tusk|Protosynthesis|[silent]
|switch|p1a: Alomomola|Alomomola, F, shiny|100/100
|move|p2a: Highdrygone|Flash Cannon|p1a: Alomomola
|-resisted|p1a: Alomomola
|-damage|p1a: Alomomola|89/100
|-unboost|p1a: Alomomola|spd|1
|
|upkeep
|turn|5
|
|t:|1779860973
|switch|p2a: Glimaura|Glimmora, F|70/100
|-damage|p2a: Glimaura|58/100|[from] Stealth Rock
|move|p1a: Alomomola|Flip Turn|p2a: Glimaura
|-supereffective|p2a: Glimaura
|-damage|p2a: Glimaura|21/100
|-activate|p2a: Glimaura|ability: Toxic Debris
|-sidestart|p1: barbordor|move: Toxic Spikes
|
|t:|1779860979
|switch|p1a: Cinderace|Cinderace, F|100/100|[from] Flip Turn
|
|upkeep
|turn|6
|
|t:|1779860984
|move|p1a: Cinderace|Pyro Ball|p2a: Glimaura
|-resisted|p2a: Glimaura
|-damage|p2a: Glimaura|0 fnt
|-activate|p2a: Glimaura|ability: Toxic Debris
|-sidestart|p1: barbordor|move: Toxic Spikes
|faint|p2a: Glimaura
|
|upkeep
|
|t:|1779860989
|switch|p2a: Samazenta|Zamazenta|100/100
|-damage|p2a: Samazenta|94/100|[from] Stealth Rock
|-ability|p2a: Samazenta|Dauntless Shield|boost
|-boost|p2a: Samazenta|def|1
|turn|7
|
|t:|1779860992
|move|p2a: Samazenta|Close Combat|p1a: Cinderace
|-damage|p1a: Cinderace|0 fnt
|-unboost|p2a: Samazenta|def|1
|-unboost|p2a: Samazenta|spd|1
|faint|p1a: Cinderace
|
|upkeep
|
|t:|1779860999
|switch|p1a: Great Tusk|Great Tusk|100/100
|-status|p1a: Great Tusk|tox
|turn|8
|
|t:|1779861008
|switch|p2a: Mirjengo|Gholdengo, shiny|100/100
|-damage|p2a: Mirjengo|94/100|[from] Stealth Rock
|move|p1a: Great Tusk|Rapid Spin|p2a: Mirjengo
|-immune|p2a: Mirjengo
|
|-damage|p1a: Great Tusk|94/100 tox|[from] psn
|upkeep
|turn|9
|
|t:|1779861013
|switch|p2a: Highdrygone|Hydreigon, M|100/100
|-damage|p2a: Highdrygone|88/100|[from] Stealth Rock
|move|p1a: Great Tusk|Knock Off|p2a: Highdrygone
|-resisted|p2a: Highdrygone
|-damage|p2a: Highdrygone|67/100
|-enditem|p2a: Highdrygone|Choice Specs|[from] move: Knock Off|[of] p1a: Great Tusk
|
|-heal|p1a: Great Tusk|100/100 tox|[from] item: Leftovers
|-damage|p1a: Great Tusk|88/100 tox|[from] psn
|upkeep
|turn|10
|
|t:|1779861019
|-terastallize|p1a: Great Tusk|Steel
|move|p2a: Highdrygone|Draco Meteor|p1a: Great Tusk
|-resisted|p1a: Great Tusk
|-damage|p1a: Great Tusk|40/100 tox
|-unboost|p2a: Highdrygone|spa|2
|move|p1a: Great Tusk|Rapid Spin|p2a: Highdrygone
|-damage|p2a: Highdrygone|45/100
|-boost|p1a: Great Tusk|spe|1
|-sideend|p1: barbordor|Toxic Spikes|[from] move: Rapid Spin|[of] p1a: Great Tusk
|
|-heal|p1a: Great Tusk|46/100 tox|[from] item: Leftovers
|-damage|p1a: Great Tusk|27/100 tox|[from] psn
|upkeep
|turn|11
|
|t:|1779861024
|move|p1a: Great Tusk|Knock Off|p2a: Highdrygone
|-resisted|p2a: Highdrygone
|-damage|p2a: Highdrygone|32/100
|move|p2a: Highdrygone|Dark Pulse|p1a: Great Tusk
|-damage|p1a: Great Tusk|0 fnt
|faint|p1a: Great Tusk
|-end|p1a: Great Tusk|Protosynthesis|[silent]
|
|upkeep
|
|t:|1779861030
|switch|p1a: Meowscarada|Meowscarada, F|100/100
|turn|12
|
|t:|1779861033
|move|p1a: Meowscarada|U-turn|p2a: Highdrygone
|-start|p1a: Meowscarada|typechange|Bug|[from] ability: Protean
|-supereffective|p2a: Highdrygone
|-damage|p2a: Highdrygone|0 fnt
|faint|p2a: Highdrygone
|
|t:|1779861035
|switch|p1a: Alomomola|Alomomola, F, shiny|100/100|[from] U-turn
|
|upkeep
|
|t:|1779861061
|switch|p2a: King Kong|Rillaboom, F|100/100
|-damage|p2a: King Kong|88/100|[from] Stealth Rock
|-fieldstart|move: Grassy Terrain|[from] ability: Grassy Surge|[of] p2a: King Kong
|turn|13
|
|t:|1779861087
|move|p2a: King Kong|Swords Dance|p2a: King Kong
|-boost|p2a: King Kong|atk|2
|move|p1a: Alomomola|Ice Beam|p2a: King Kong
|-supereffective|p2a: King Kong
|-damage|p2a: King Kong|63/100
|
|-heal|p2a: King Kong|69/100|[from] Grassy Terrain
|upkeep
|turn|14
|
|t:|1779861111
|move|p2a: King Kong|Grassy Glide|p1a: Alomomola
|-supereffective|p1a: Alomomola
|-damage|p1a: Alomomola|0 fnt
|faint|p1a: Alomomola
|-damage|p2a: King Kong|59/100|[from] item: Life Orb
|
|-heal|p2a: King Kong|65/100|[from] Grassy Terrain
|upkeep
|
|t:|1779861122
|switch|p1a: Meowscarada|Meowscarada, F|100/100
|turn|15
|
|t:|1779861125
|switch|p2a: Mirjengo|Gholdengo, shiny|94/100
|-damage|p2a: Mirjengo|88/100|[from] Stealth Rock
|-enditem|p2a: Mirjengo|Grassy Seed
|-boost|p2a: Mirjengo|def|1|[from] item: Grassy Seed
|move|p1a: Meowscarada|U-turn|p2a: Mirjengo
|-start|p1a: Meowscarada|typechange|Bug|[from] ability: Protean
|-resisted|p2a: Mirjengo
|-damage|p2a: Mirjengo|82/100
|
|t:|1779861130
|switch|p1a: Sylveon|Sylveon, M|100/100|[from] U-turn
|
|-heal|p2a: Mirjengo|88/100|[from] Grassy Terrain
|upkeep
|turn|16
|
|t:|1779861135
|move|p2a: Mirjengo|Nasty Plot|p2a: Mirjengo
|-boost|p2a: Mirjengo|spa|2
|move|p1a: Sylveon|Shadow Ball|p2a: Mirjengo
|-supereffective|p2a: Mirjengo
|-damage|p2a: Mirjengo|5/100
|
|-heal|p2a: Mirjengo|11/100|[from] Grassy Terrain
|upkeep
|turn|17
|
|t:|1779861154
|move|p2a: Mirjengo|Shadow Ball|p1a: Sylveon
|-damage|p1a: Sylveon|36/100
|move|p1a: Sylveon|Shadow Ball|p2a: Mirjengo
|-supereffective|p2a: Mirjengo
|-damage|p2a: Mirjengo|0 fnt
|faint|p2a: Mirjengo
|
|-heal|p1a: Sylveon|42/100|[from] Grassy Terrain
|-fieldend|move: Grassy Terrain
|upkeep
|
|t:|1779861162
|switch|p2a: Samazenta|Zamazenta|94/100
|-damage|p2a: Samazenta|88/100|[from] Stealth Rock
|turn|18
|
|t:|1779861179
|move|p2a: Samazenta|Close Combat|p1a: Sylveon
|-resisted|p1a: Sylveon
|-damage|p1a: Sylveon|0 fnt
|-unboost|p2a: Samazenta|def|1
|-unboost|p2a: Samazenta|spd|1
|faint|p1a: Sylveon
|
|upkeep
|
|t:|1779861181
|switch|p1a: Meowscarada|Meowscarada, F|100/100
|turn|19
|
|t:|1779861186
|-terastallize|p2a: Samazenta|Steel
|move|p2a: Samazenta|Close Combat|p1a: Meowscarada
|-supereffective|p1a: Meowscarada
|-damage|p1a: Meowscarada|0 fnt
|-unboost|p2a: Samazenta|def|1
|-unboost|p2a: Samazenta|spd|1
|faint|p1a: Meowscarada
|
|win|uncle brown
|raw|barbordor's rating: 1551 &rarr; <strong>1527</strong><br />(-24 for losing)
|raw|uncle brown's rating: 1486 &rarr; <strong>1510</strong><br />(+24 for winning)
|l|☆uncle brown
|player|p2|
|l|☆barbordor
|player|p1|
