|j|☆qiojio
|j|☆CN_fogpts
|t:|1779858270
|gametype|singles
|player|p1|qiojio|hilbert|1127
|player|p2|CN_fogpts|266|1089
|gen|9
|tier|[Gen 9] OU
|rated|
|rule|HP Percentage Mod: HP is shown in percentages
|rule|Endless Battle Clause: Forcing endless battles is banned
|rule|Species Clause: Limit one of each Pokémon
|rule|OHKO Clause: OHKO moves are banned
|rule|Evasion Items Clause: Evasion items are banned
|rule|Evasion Moves Clause: Evasion moves are banned
|rule|Evasion Abilities Clause: Evasion abilities are banned
|rule|Sleep Moves Clause: Sleep-inducing moves are banned
|clearpoke
|poke|p1|Meowscarada, F|
|poke|p1|Skarmory, M|
|poke|p1|Gardevoir, F|
|poke|p1|Altaria, M|
|poke|p1|Sableye, F|
|poke|p1|Snorlax, M|
|poke|p2|Alomomola, F|
|poke|p2|Landorus-Therian, M|
|poke|p2|Garganacl, F|
|poke|p2|Garchomp, M|
|poke|p2|Meowscarada, F|
|poke|p2|Gholdengo|
|teampreview
|inactive|Battle timer is ON: inactive players will automatically lose when time's up. (requested by qiojio)
|
|t:|1779858275
|teamsize|p1|6
|teamsize|p2|6
|start
|switch|p1a: Meowscarada|Meowscarada, F|100/100
|switch|p2a: Garchomp|Garchomp, M|100/100
|turn|1
|
|t:|1779858282
|move|p1a: Meowscarada|U-turn|p2a: Garchomp
|-start|p1a: Meowscarada|typechange|Bug|[from] ability: Protean
|-damage|p2a: Garchomp|74/100
|-damage|p1a: Meowscarada|88/100|[from] ability: Rough Skin|[of] p2a: Garchomp
|-damage|p1a: Meowscarada|72/100|[from] item: Rocky Helmet|[of] p2a: Garchomp
|
|t:|1779858291
|switch|p1a: Sableye|Sableye, F|100/100|[from] U-turn
|move|p2a: Garchomp|Stealth Rock|p1a: Sableye
|-sidestart|p1: qiojio|move: Stealth Rock
|
|upkeep
|turn|2
|
|t:|1779858302
|move|p1a: Sableye|Encore|p2a: Garchomp
|-start|p2a: Garchomp|Encore
|move|p2a: Garchomp|Stealth Rock||[still]
|-fail|p2a: Garchomp
|
|upkeep
|turn|3
|
|t:|1779858314
|move|p1a: Sableye|Light Screen|p1a: Sableye
|-sidestart|p1: qiojio|move: Light Screen
|move|p2a: Garchomp|Stealth Rock||[still]
|-fail|p2a: Garchomp
|
|upkeep
|turn|4
|
|t:|1779858317
|move|p1a: Sableye|Reflect|p1a: Sableye
|-sidestart|p1: qiojio|Reflect
|move|p2a: Garchomp|Stealth Rock||[still]
|-fail|p2a: Garchomp
|
|-end|p2a: Garchomp|Encore
|upkeep
|turn|5
|
|t:|1779858327
|move|p1a: Sableye|Encore|p2a: Garchomp
|-start|p2a: Garchomp|Encore
|move|p2a: Garchomp|Stealth Rock||[still]
|-fail|p2a: Garchomp
|
|upkeep
|turn|6
|
|t:|1779858331
|switch|p1a: Altaria|Altaria, M, shiny|100/100
|move|p2a: Garchomp|Stealth Rock||[still]
|-fail|p2a: Garchomp
|
|upkeep
|turn|7
|
|t:|1779858339
|-terastallize|p2a: Garchomp|Fire
|move|p2a: Garchomp|Stealth Rock||[still]
|-fail|p2a: Garchomp
|move|p1a: Altaria|Dragon Dance|p1a: Altaria
|-boost|p1a: Altaria|atk|1
|-boost|p1a: Altaria|spe|1
|
|-end|p2a: Garchomp|Encore
|upkeep
|turn|8
|
|t:|1779858352
|move|p1a: Altaria|Dragon Claw|p2a: Garchomp
|-damage|p2a: Garchomp|48/100
|-damage|p1a: Altaria|88/100|[from] ability: Rough Skin|[of] p2a: Garchomp
|-damage|p1a: Altaria|71/100|[from] item: Rocky Helmet|[of] p2a: Garchomp
|move|p2a: Garchomp|Dragon Tail|p1a: Altaria
|-supereffective|p1a: Altaria
|-damage|p1a: Altaria|49/100
|drag|p1a: Sableye|Sableye, F|100/100
|-damage|p1a: Sableye|88/100|[from] Stealth Rock
|
|upkeep
|turn|9
|
|t:|1779858363
|move|p1a: Sableye|Encore|p2a: Garchomp
|-start|p2a: Garchomp|Encore
|move|p2a: Garchomp|Dragon Tail|p1a: Sableye
|-damage|p1a: Sableye|74/100
|drag|p1a: Altaria|Altaria, M, shiny|49/100
|
|upkeep
|turn|10
|
|t:|1779858368
|move|p1a: Altaria|Dragon Claw|p2a: Garchomp
|-damage|p2a: Garchomp|33/100
|-damage|p1a: Altaria|37/100|[from] ability: Rough Skin|[of] p2a: Garchomp
|-damage|p1a: Altaria|20/100|[from] item: Rocky Helmet|[of] p2a: Garchomp
|move|p2a: Garchomp|Dragon Tail|p1a: Altaria
|-supereffective|p1a: Altaria
|-damage|p1a: Altaria|0 fnt
|faint|p1a: Altaria
|
|-sideend|p1: qiojio|move: Light Screen
|upkeep
|
|t:|1779858383
|switch|p1a: Meowscarada|Meowscarada, F|72/100
|-damage|p1a: Meowscarada|59/100|[from] Stealth Rock
|turn|11
|
|t:|1779858391
|move|p1a: Meowscarada|Knock Off|p2a: Garchomp
|-start|p1a: Meowscarada|typechange|Dark|[from] ability: Protean
|-damage|p2a: Garchomp|0 fnt
|-damage|p1a: Meowscarada|47/100|[from] ability: Rough Skin|[of] p2a: Garchomp
|-damage|p1a: Meowscarada|30/100|[from] item: Rocky Helmet|[of] p2a: Garchomp
|-enditem|p2a: Garchomp|Rocky Helmet|[from] move: Knock Off|[of] p1a: Meowscarada
|faint|p2a: Garchomp
|
|-sideend|p1: qiojio|Reflect
|upkeep
|
|t:|1779858412
|switch|p2a: Meowscarada|Meowscarada, F|100/100
|turn|12
|
|t:|1779858418
|switch|p1a: Skarmory|Skarmory, M|100/100
|-damage|p1a: Skarmory|88/100|[from] Stealth Rock
|move|p2a: Meowscarada|Flower Trick|p1a: Skarmory
|-resisted|p1a: Skarmory
|-crit|p1a: Skarmory
|-damage|p1a: Skarmory|80/100
|
|upkeep
|turn|13
|
|t:|1779858425
|move|p2a: Meowscarada|Knock Off|p1a: Skarmory
|-damage|p1a: Skarmory|50/100
|-damage|p2a: Meowscarada|84/100|[from] item: Rocky Helmet|[of] p1a: Skarmory
|-enditem|p1a: Skarmory|Rocky Helmet|[from] move: Knock Off|[of] p2a: Meowscarada
|move|p1a: Skarmory|Stealth Rock|p2a: Meowscarada
|-sidestart|p2: CN_fogpts|move: Stealth Rock
|
|upkeep
|turn|14
|
|t:|1779858437
|move|p2a: Meowscarada|U-turn|p1a: Skarmory
|-resisted|p1a: Skarmory
|-damage|p1a: Skarmory|46/100
|
|t:|1779858441
|switch|p2a: Landorus|Landorus-Therian, M|100/100|[from] U-turn
|-damage|p2a: Landorus|88/100|[from] Stealth Rock
|-ability|p2a: Landorus|Intimidate|boost
|-unboost|p1a: Skarmory|atk|1
|move|p1a: Skarmory|Roost|p1a: Skarmory
|-heal|p1a: Skarmory|96/100
|-singleturn|p1a: Skarmory|move: Roost
|
|upkeep
|turn|15
|
|t:|1779858452
|move|p2a: Landorus|Rock Slide|p1a: Skarmory
|-damage|p1a: Skarmory|79/100
|cant|p1a: Skarmory|flinch
|
|upkeep
|turn|16
|
|t:|1779858462
|switch|p2a: Gholdengo|Gholdengo|100/100
|-damage|p2a: Gholdengo|94/100|[from] Stealth Rock
|move|p1a: Skarmory|Tailwind|p1a: Skarmory
|-sidestart|p1: qiojio|move: Tailwind
|
|upkeep
|turn|17
|
|t:|1779858475
|switch|p1a: Gardevoir|Gardevoir, F|100/100
|-damage|p1a: Gardevoir|88/100|[from] Stealth Rock
|-ability|p1a: Gardevoir|Good as Gold|Trace|[from] ability: Trace|[of] p2a: Gholdengo
|move|p2a: Gholdengo|Nasty Plot|p2a: Gholdengo
|-boost|p2a: Gholdengo|spa|2
|
|upkeep
|turn|18
|
|t:|1779858484
|move|p1a: Gardevoir|Shadow Ball|p2a: Gholdengo
|-supereffective|p2a: Gholdengo
|-damage|p2a: Gholdengo|0 fnt
|faint|p2a: Gholdengo
|
|upkeep
|
|t:|1779858489
|switch|p2a: Meowscarada|Meowscarada, F|84/100
|-damage|p2a: Meowscarada|72/100|[from] Stealth Rock
|turn|19
|
|t:|1779858497
|switch|p1a: Skarmory|Skarmory, M|79/100
|-damage|p1a: Skarmory|67/100|[from] Stealth Rock
|move|p2a: Meowscarada|Flower Trick|p1a: Skarmory
|-resisted|p1a: Skarmory
|-crit|p1a: Skarmory
|-damage|p1a: Skarmory|59/100
|
|-sideend|p1: qiojio|move: Tailwind
|upkeep
|turn|20
|
|t:|1779858500
|move|p2a: Meowscarada|Triple Axel|p1a: Skarmory|[miss]
|-miss|p2a: Meowscarada|p1a: Skarmory
|move|p1a: Skarmory|Roost|p1a: Skarmory
|-heal|p1a: Skarmory|100/100
|-singleturn|p1a: Skarmory|move: Roost
|
|upkeep
|turn|21
|
|t:|1779858509
|move|p2a: Meowscarada|Triple Axel|p1a: Skarmory
|-damage|p1a: Skarmory|96/100
|-hitcount|p1a: Skarmory|1
|move|p1a: Skarmory|Tailwind|p1a: Skarmory
|-sidestart|p1: qiojio|move: Tailwind
|
|upkeep
|turn|22
|-message|CN_fogpts forfeited.
|
|win|qiojio
|raw|qiojio's rating: 1127 &rarr; <strong>1149</strong><br />(+22 for winning)
|raw|CN_fogpts's rating: 1089 &rarr; <strong>1068</strong><br />(-21 for losing)
|l|☆CN_fogpts
|player|p2|
|l|☆qiojio
|player|p1|
