|j|☆Bipface
|j|☆zazalet
|t:|1779826009
|gametype|singles
|player|p1|Bipface|marshal|1342
|player|p2|zazalet|blue|1314
|gen|9
|tier|[Gen 9] OU
|rated|
|rule|HP Percentage Mod: HP is shown in percentages
|rule|Endless Battle Clause: Forcing endless battles is banned
|rule|Species Clause: Limit one of each Pokémon
|rule|OHKO Clause: OHKO moves are banned
|rule|Evasion Items Clause: Evasion items are banned
|rule|Evasion Moves Clause: Evasion moves are banned
|rule|Evasion Abilities Clause: Evasion abilities are banned
|rule|Sleep Moves Clause: Sleep-inducing moves are banned
|clearpoke
|poke|p1|Dragonite, M|
|poke|p1|Darkrai|
|poke|p1|Corviknight, F|
|poke|p1|Cinderace, F|
|poke|p1|Iron Valiant|
|poke|p1|Gliscor, M|
|poke|p2|Raikou|
|poke|p2|Ogerpon-Wellspring, F|
|poke|p2|Great Tusk|
|poke|p2|Hatterene, F|
|poke|p2|Moltres|
|poke|p2|Kingambit, F|
|teampreview
|inactive|Battle timer is ON: inactive players will automatically lose when time's up. (requested by Bipface)
|
|t:|1779826036
|teamsize|p1|6
|teamsize|p2|6
|start
|switch|p1a: Darkrai|Darkrai|100/100
|switch|p2a: Ogerpon|Ogerpon-Wellspring, F|100/100
|turn|1
|
|t:|1779826044
|switch|p2a: Kingambit|Kingambit, F|100/100
|move|p1a: Darkrai|Will-O-Wisp|p2a: Kingambit
|-status|p2a: Kingambit|brn
|-enditem|p2a: Kingambit|Lum Berry|[eat]
|-curestatus|p2a: Kingambit|brn|[msg]
|
|upkeep
|turn|2
|
|t:|1779826047
|-end|p2a: Kingambit|fallenundefined|[silent]
|switch|p2a: Moltres|Moltres|100/100
|move|p1a: Darkrai|Will-O-Wisp|p2a: Moltres
|-immune|p2a: Moltres
|
|upkeep
|turn|3
|
|t:|1779826054
|move|p1a: Darkrai|Dark Pulse|p2a: Moltres
|-damage|p2a: Moltres|45/100
|-damage|p1a: Darkrai|91/100|[from] item: Life Orb
|cant|p2a: Moltres|flinch
|
|upkeep
|turn|4
|
|t:|1779826068
|switch|p2a: Hatterene|Hatterene, F|100/100
|move|p1a: Darkrai|Dark Pulse|p2a: Hatterene
|-damage|p2a: Hatterene|66/100
|-damage|p1a: Darkrai|81/100|[from] item: Life Orb
|
|upkeep
|turn|5
|
|t:|1779826074
|move|p1a: Darkrai|Shadow Ball|p2a: Hatterene
|-supereffective|p2a: Hatterene
|-damage|p2a: Hatterene|22/100
|-damage|p1a: Darkrai|71/100|[from] item: Life Orb
|move|p2a: Hatterene|Draining Kiss|p1a: Darkrai
|-supereffective|p1a: Darkrai
|-damage|p1a: Darkrai|0 fnt
|-heal|p2a: Hatterene|69/100|[from] drain|[of] p1a: Darkrai
|faint|p1a: Darkrai
|
|upkeep
|
|t:|1779826080
|switch|p1a: Gliscor|Gliscor, M, shiny|100/100
|turn|6
|
|t:|1779826086
|switch|p2a: Ogerpon|Ogerpon-Wellspring, F|100/100
|move|p1a: Gliscor|Knock Off|p2a: Ogerpon
|-damage|p2a: Ogerpon|81/100
|
|-status|p1a: Gliscor|tox|[from] item: Toxic Orb
|upkeep
|turn|7
|
|t:|1779826096
|switch|p1a: Corviknight|Corviknight, F|100/100
|-ability|p1a: Corviknight|Pressure
|move|p2a: Ogerpon|Ivy Cudgel|p1a: Corviknight|[anim] Ivy Cudgel Water
|-damage|p1a: Corviknight|60/100
|
|upkeep
|turn|8
|
|t:|1779826111
|-terastallize|p2a: Ogerpon|Water
|detailschange|p2a: Ogerpon|Ogerpon-Wellspring-Tera, F, tera:Water
|-ability|p2a: Ogerpon|Embody Aspect (Wellspring)|boost
|-boost|p2a: Ogerpon|spd|1
|move|p2a: Ogerpon|Ivy Cudgel|p1a: Corviknight|[anim] Ivy Cudgel Water
|-damage|p1a: Corviknight|6/100
|move|p1a: Corviknight|U-turn|p2a: Ogerpon
|-damage|p2a: Ogerpon|62/100
|
|t:|1779826128
|switch|p1a: Lil Reggie|Dragonite, M|100/100|[from] U-turn
|
|upkeep
|turn|9
|
|t:|1779826131
|move|p2a: Ogerpon|U-turn|p1a: Lil Reggie
|-resisted|p1a: Lil Reggie
|-damage|p1a: Lil Reggie|92/100
|
|t:|1779826132
|switch|p2a: Moltres|Moltres|45/100|[from] U-turn
|move|p1a: Lil Reggie|Dragon Dance|p1a: Lil Reggie
|-boost|p1a: Lil Reggie|atk|1
|-boost|p1a: Lil Reggie|spe|1
|
|upkeep
|turn|10
|
|t:|1779826140
|-terastallize|p1a: Lil Reggie|Normal
|move|p1a: Lil Reggie|Extreme Speed|p2a: Moltres
|-damage|p2a: Moltres|3/100
|move|p2a: Moltres|Roost|p2a: Moltres
|-heal|p2a: Moltres|53/100
|-singleturn|p2a: Moltres|move: Roost
|
|upkeep
|turn|11
|
|t:|1779826150
|switch|p1a: Cinderace|Cinderace, F|100/100
|move|p2a: Moltres|Roar|p1a: Cinderace
|drag|p1a: Lil Reggie|Dragonite, M, tera:Normal|92/100
|
|upkeep
|turn|12
|
|t:|1779826158
|switch|p1a: Gliscor|Gliscor, M, shiny|100/100 tox
|move|p2a: Moltres|Roost|p2a: Moltres
|-heal|p2a: Moltres|100/100
|-singleturn|p2a: Moltres|move: Roost
|
|upkeep
|turn|13
|
|t:|1779826164
|switch|p2a: Hatterene|Hatterene, F|69/100
|move|p1a: Gliscor|Toxic|p2a: Hatterene
|move|p2a: Hatterene|Toxic|p1a: Gliscor|[from] ability: Magic Bounce|[miss]
|-miss|p2a: Hatterene|p1a: Gliscor
|
|upkeep
|turn|14
|
|t:|1779826168
|move|p1a: Gliscor|Earthquake|p2a: Hatterene
|-damage|p2a: Hatterene|34/100
|move|p2a: Hatterene|Draining Kiss|p1a: Gliscor
|-damage|p1a: Gliscor|67/100 tox
|-heal|p2a: Hatterene|63/100|[from] drain|[of] p1a: Gliscor
|
|-heal|p1a: Gliscor|79/100 tox|[from] ability: Poison Heal
|upkeep
|turn|15
|
|t:|1779826171
|move|p1a: Gliscor|Earthquake|p2a: Hatterene
|-damage|p2a: Hatterene|28/100
|move|p2a: Hatterene|Draining Kiss|p1a: Gliscor
|-damage|p1a: Gliscor|47/100 tox
|-heal|p2a: Hatterene|55/100|[from] drain|[of] p1a: Gliscor
|
|-heal|p1a: Gliscor|59/100 tox|[from] ability: Poison Heal
|upkeep
|turn|16
|
|t:|1779826177
|move|p1a: Gliscor|Knock Off|p2a: Hatterene
|-damage|p2a: Hatterene|31/100
|-enditem|p2a: Hatterene|Assault Vest|[from] move: Knock Off|[of] p1a: Gliscor
|move|p2a: Hatterene|Draining Kiss|p1a: Gliscor
|-damage|p1a: Gliscor|26/100 tox
|-heal|p2a: Hatterene|58/100|[from] drain|[of] p1a: Gliscor
|
|-heal|p1a: Gliscor|39/100 tox|[from] ability: Poison Heal
|upkeep
|turn|17
|
|t:|1779826190
|move|p1a: Gliscor|Earthquake|p2a: Hatterene
|-damage|p2a: Hatterene|24/100
|move|p2a: Hatterene|Nuzzle|p1a: Gliscor
|-immune|p1a: Gliscor
|
|-heal|p1a: Gliscor|51/100 tox|[from] ability: Poison Heal
|upkeep
|turn|18
|
|t:|1779826198
|move|p1a: Gliscor|Earthquake|p2a: Hatterene
|-damage|p2a: Hatterene|0 fnt
|faint|p2a: Hatterene
|
|-heal|p1a: Gliscor|63/100 tox|[from] ability: Poison Heal
|upkeep
|
|t:|1779826201
|switch|p2a: Raikou|Raikou|100/100
|-ability|p2a: Raikou|Pressure
|turn|19
|
|t:|1779826205
|move|p2a: Raikou|Scald|p1a: Gliscor
|-supereffective|p1a: Gliscor
|-damage|p1a: Gliscor|0 fnt
|faint|p1a: Gliscor
|
|upkeep
|
|t:|1779826211
|switch|p1a: Cinderace|Cinderace, F|100/100
|turn|20
|
|t:|1779826215
|move|p2a: Raikou|Scald|p1a: Cinderace
|-supereffective|p1a: Cinderace
|-damage|p1a: Cinderace|6/100
|move|p1a: Cinderace|Counter||[still]
|-fail|p1a: Cinderace
|
|upkeep
|turn|21
|
|t:|1779826227
|move|p1a: Cinderace|High Jump Kick|p2a: Raikou
|-start|p1a: Cinderace|typechange|Fighting|[from] ability: Libero
|-damage|p2a: Raikou|9/100
|move|p2a: Raikou|Scald|p1a: Cinderace
|-damage|p1a: Cinderace|0 fnt
|faint|p1a: Cinderace
|
|upkeep
|
|t:|1779826232
|switch|p1a: Corviknight|Corviknight, F|6/100
|-ability|p1a: Corviknight|Pressure
|turn|22
|
|t:|1779826239
|move|p2a: Raikou|Scald|p1a: Corviknight
|-damage|p1a: Corviknight|0 fnt
|faint|p1a: Corviknight
|
|upkeep
|
|t:|1779826241
|switch|p1a: Iron Valiant|Iron Valiant|100/100
|-enditem|p1a: Iron Valiant|Booster Energy
|-activate|p1a: Iron Valiant|ability: Quark Drive|[fromitem]
|-start|p1a: Iron Valiant|quarkdrivespe
|turn|23
|
|t:|1779826249
|move|p1a: Iron Valiant|Moonblast|p2a: Raikou
|-crit|p2a: Raikou
|-damage|p2a: Raikou|0 fnt
|faint|p2a: Raikou
|
|upkeep
|
|t:|1779826257
|switch|p2a: Moltres|Moltres|100/100
|turn|24
|
|t:|1779826265
|move|p1a: Iron Valiant|Destiny Bond|p1a: Iron Valiant
|-singlemove|p1a: Iron Valiant|Destiny Bond
|move|p2a: Moltres|Flamethrower|p1a: Iron Valiant
|-crit|p1a: Iron Valiant
|-damage|p1a: Iron Valiant|0 fnt
|faint|p1a: Iron Valiant
|-activate|p1a: Iron Valiant|move: Destiny Bond
|-end|p1a: Iron Valiant|Quark Drive|[silent]
|faint|p2a: Moltres
|
|upkeep
|
|t:|1779826275
|switch|p1a: Lil Reggie|Dragonite, M, tera:Normal|92/100
|switch|p2a: Ogerpon|Ogerpon-Wellspring-Tera, F, tera:Water|62/100
|-ability|p2a: Ogerpon|Embody Aspect (Wellspring)|boost
|-boost|p2a: Ogerpon|spd|1
|turn|25
|
|t:|1779826279
|move|p2a: Ogerpon|Ivy Cudgel|p1a: Lil Reggie|[anim] Ivy Cudgel Water
|-damage|p1a: Lil Reggie|0 fnt
|faint|p1a: Lil Reggie
|
|win|zazalet
|raw|Bipface's rating: 1342 &rarr; <strong>1320</strong><br />(-22 for losing)
|raw|zazalet's rating: 1314 &rarr; <strong>1336</strong><br />(+22 for winning)
|l|☆Bipface
|player|p1|
