|badge|p2|bronze|gen9ubers|100-9
|uhtml|medal-msg|<div class="broadcast-blue">Curious what those medals under the avatar are? PS now has Ladder Seasons! For more information, check out the <a href="https://www.smogon.com/forums/threads/3740067/">thread on Smogon.</a></div>
|j|☆chrisnwobu
|j|☆itztrip
|t:|1779890403
|gametype|singles
|player|p1|chrisnwobu|169|1570
|player|p2|itztrip|proton|1616
|gen|9
|tier|[Gen 9] OU
|rated|
|rule|HP Percentage Mod: HP is shown in percentages
|rule|Endless Battle Clause: Forcing endless battles is banned
|rule|Species Clause: Limit one of each Pokémon
|rule|OHKO Clause: OHKO moves are banned
|rule|Evasion Items Clause: Evasion items are banned
|rule|Evasion Moves Clause: Evasion moves are banned
|rule|Evasion Abilities Clause: Evasion abilities are banned
|rule|Sleep Moves Clause: Sleep-inducing moves are banned
|clearpoke
|poke|p1|Hippowdon, F|
|poke|p1|Mandibuzz, F|
|poke|p1|Alomomola, M|
|poke|p1|Excadrill, M|
|poke|p1|Jirachi|
|poke|p1|Iron Valiant|
|poke|p2|Darkrai|
|poke|p2|Garchomp, F|
|poke|p2|Alomomola, M|
|poke|p2|Corviknight, M|
|poke|p2|Weezing-Galar, M|
|poke|p2|Ogerpon, F|
|teampreview
|inactive|Battle timer is ON: inactive players will automatically lose when time's up. (requested by itztrip)
|
|t:|1779890426
|teamsize|p1|6
|teamsize|p2|6
|start
|switch|p1a: Mandibuzz|Mandibuzz, F|100/100
|switch|p2a: Darkrai|Darkrai|100/100
|turn|1
|
|t:|1779890432
|move|p2a: Darkrai|Ice Beam|p1a: Mandibuzz
|-supereffective|p1a: Mandibuzz
|-damage|p1a: Mandibuzz|39/100
|move|p1a: Mandibuzz|U-turn|p2a: Darkrai
|-supereffective|p2a: Darkrai
|-damage|p2a: Darkrai|72/100
|
|t:|1779890447
|switch|p1a: Excadrill|Excadrill, M|100/100|[from] U-turn
|
|upkeep
|turn|2
|
|t:|1779890460
|switch|p2a: Garchomp|Garchomp, F|100/100
|move|p1a: Excadrill|Rapid Spin|p2a: Garchomp
|-damage|p2a: Garchomp|90/100
|-boost|p1a: Excadrill|spe|1
|-damage|p1a: Excadrill|88/100|[from] ability: Rough Skin|[of] p2a: Garchomp
|-damage|p1a: Excadrill|71/100|[from] item: Rocky Helmet|[of] p2a: Garchomp
|
|upkeep
|turn|3
|
|t:|1779890466
|switch|p2a: Darkrai|Darkrai|72/100
|move|p1a: Excadrill|Swords Dance|p1a: Excadrill
|-boost|p1a: Excadrill|atk|2
|
|upkeep
|turn|4
|
|t:|1779890478
|switch|p2a: Corviknight|Corviknight, M|100/100
|-ability|p2a: Corviknight|Pressure
|move|p1a: Excadrill|Rock Blast|p2a: Corviknight
|-damage|p2a: Corviknight|87/100
|-damage|p2a: Corviknight|72/100
|-damage|p2a: Corviknight|59/100
|-damage|p2a: Corviknight|45/100
|-damage|p2a: Corviknight|30/100
|-hitcount|p2a: Corviknight|5
|
|upkeep
|turn|5
|
|t:|1779890482
|move|p1a: Excadrill|Rock Blast|p2a: Corviknight
|-damage|p2a: Corviknight|14/100
|-damage|p2a: Corviknight|0 fnt
|faint|p2a: Corviknight
|-hitcount|p2: Corviknight|2
|
|upkeep
|
|t:|1779890483
|switch|p2a: Garchomp|Garchomp, F|90/100
|turn|6
|
|t:|1779890488
|move|p1a: Excadrill|Earthquake|p2a: Garchomp
|-damage|p2a: Garchomp|26/100
|move|p2a: Garchomp|Earthquake|p1a: Excadrill
|-supereffective|p1a: Excadrill
|-damage|p1a: Excadrill|0 fnt
|faint|p1a: Excadrill
|
|upkeep
|
|t:|1779890504
|switch|p1a: Iron Valiant|Iron Valiant|100/100
|-enditem|p1a: Iron Valiant|Booster Energy
|-activate|p1a: Iron Valiant|ability: Quark Drive|[fromitem]
|-start|p1a: Iron Valiant|quarkdrivespe
|turn|7
|
|t:|1779890509
|switch|p2a: Alomomola|Alomomola, M|100/100
|move|p1a: Iron Valiant|Calm Mind|p1a: Iron Valiant
|-boost|p1a: Iron Valiant|spa|1
|-boost|p1a: Iron Valiant|spd|1
|
|upkeep
|turn|8
|
|t:|1779890512
|move|p1a: Iron Valiant|Calm Mind|p1a: Iron Valiant
|-boost|p1a: Iron Valiant|spa|1
|-boost|p1a: Iron Valiant|spd|1
|move|p2a: Alomomola|Body Slam|p1a: Iron Valiant
|-damage|p1a: Iron Valiant|81/100
|
|upkeep
|turn|9
|
|t:|1779890528
|move|p1a: Iron Valiant|Moonblast|p2a: Alomomola
|-damage|p2a: Alomomola|53/100
|move|p2a: Alomomola|Mirror Coat|p1a: Iron Valiant
|-damage|p1a: Iron Valiant|0 fnt
|faint|p1a: Iron Valiant
|-end|p1a: Iron Valiant|Quark Drive|[silent]
|
|upkeep
|c|☆chrisnwobu|shoulda seen that coming lmaoo
|
|t:|1779890548
|switch|p1a: Jirachi|Jirachi|100/100
|turn|10
|
|t:|1779890560
|move|p1a: Jirachi|Doom Desire|p2a: Alomomola
|-start|p1a: Jirachi|Doom Desire
|move|p2a: Alomomola|Flip Turn|p1a: Jirachi
|-damage|p1a: Jirachi|87/100
|
|t:|1779890562
|switch|p2a: Darkrai|Darkrai|72/100|[from] Flip Turn
|
|upkeep
|turn|11
|
|t:|1779890572
|switch|p1a: Mandibuzz|Mandibuzz, F|39/100
|move|p2a: Darkrai|Dark Pulse|p1a: Mandibuzz
|-resisted|p1a: Mandibuzz
|-damage|p1a: Mandibuzz|19/100
|
|upkeep
|turn|12
|
|t:|1779890586
|switch|p2a: Alomomola|Alomomola, M|86/100
|move|p1a: Mandibuzz|Roost|p1a: Mandibuzz
|-heal|p1a: Mandibuzz|69/100
|-singleturn|p1a: Mandibuzz|move: Roost
|
|-end|p2a: Alomomola|move: Doom Desire
|-resisted|p2a: Alomomola
|-damage|p2a: Alomomola|70/100
|upkeep
|turn|13
|
|t:|1779890597
|move|p1a: Mandibuzz|U-turn|p2a: Alomomola
|-damage|p2a: Alomomola|62/100
|
|t:|1779890599
|switch|p1a: Hippowdon|Hippowdon, F|100/100|[from] U-turn
|-weather|Sandstorm|[from] ability: Sand Stream|[of] p1a: Hippowdon
|move|p2a: Alomomola|Flip Turn|p1a: Hippowdon
|-supereffective|p1a: Hippowdon
|-damage|p1a: Hippowdon|82/100
|
|t:|1779890602
|switch|p2a: Darkrai|Darkrai|72/100|[from] Flip Turn
|
|-weather|Sandstorm|[upkeep]
|-damage|p2a: Darkrai|66/100|[from] Sandstorm
|upkeep
|turn|14
|
|t:|1779890610
|-terastallize|p2a: Darkrai|Dark
|-terastallize|p1a: Hippowdon|Steel
|move|p2a: Darkrai|Dark Pulse|p1a: Hippowdon
|-damage|p1a: Hippowdon|0 fnt
|faint|p1a: Hippowdon
|
|-weather|Sandstorm|[upkeep]
|-damage|p2a: Darkrai|60/100|[from] Sandstorm
|upkeep
|
|t:|1779890621
|switch|p1a: Mandibuzz|Mandibuzz, F|69/100
|turn|15
|
|t:|1779890633
|switch|p2a: Garchomp|Garchomp, F|26/100
|move|p1a: Mandibuzz|U-turn|p2a: Garchomp
|-damage|p2a: Garchomp|19/100
|-damage|p1a: Mandibuzz|57/100|[from] ability: Rough Skin|[of] p2a: Garchomp
|-damage|p1a: Mandibuzz|40/100|[from] item: Rocky Helmet|[of] p2a: Garchomp
|
|t:|1779890641
|switch|p1a: Alomomola|Alomomola, M|100/100|[from] U-turn
|
|-weather|Sandstorm|[upkeep]
|-damage|p1a: Alomomola|94/100|[from] Sandstorm
|upkeep
|turn|16
|
|t:|1779890650
|move|p2a: Garchomp|Spikes|p1a: Alomomola
|-sidestart|p1: chrisnwobu|Spikes
|move|p1a: Alomomola|Wish|p1a: Alomomola
|
|-weather|Sandstorm|[upkeep]
|-damage|p1a: Alomomola|88/100|[from] Sandstorm
|upkeep
|turn|17
|
|t:|1779890654
|move|p2a: Garchomp|Stealth Rock|p1a: Alomomola
|-sidestart|p1: chrisnwobu|move: Stealth Rock
|move|p1a: Alomomola|Flip Turn|p2a: Garchomp
|-damage|p2a: Garchomp|10/100
|-damage|p1a: Alomomola|76/100|[from] ability: Rough Skin|[of] p2a: Garchomp
|-damage|p1a: Alomomola|59/100|[from] item: Rocky Helmet|[of] p2a: Garchomp
|
|t:|1779890657
|switch|p1a: Mandibuzz|Mandibuzz, F|40/100|[from] Flip Turn
|
|-weather|Sandstorm|[upkeep]
|-heal|p1a: Mandibuzz|100/100|[from] move: Wish|[wisher] Alomomola
|upkeep
|turn|18
|
|t:|1779890659
|move|p1a: Mandibuzz|Foul Play|p2a: Garchomp
|-damage|p2a: Garchomp|0 fnt
|-damage|p1a: Mandibuzz|88/100|[from] ability: Rough Skin|[of] p2a: Garchomp
|-damage|p1a: Mandibuzz|72/100|[from] item: Rocky Helmet|[of] p2a: Garchomp
|faint|p2a: Garchomp
|
|-weather|Sandstorm|[upkeep]
|upkeep
|
|t:|1779890665
|switch|p2a: Darkrai|Darkrai, tera:Dark|60/100
|turn|19
|
|t:|1779890671
|switch|p1a: Jirachi|Jirachi|87/100
|-damage|p1a: Jirachi|75/100|[from] Spikes
|-damage|p1a: Jirachi|68/100|[from] Stealth Rock
|move|p2a: Darkrai|Dark Pulse|p1a: Jirachi
|-supereffective|p1a: Jirachi
|-damage|p1a: Jirachi|0 fnt
|faint|p1a: Jirachi
|
|-weather|Sandstorm|[upkeep]
|-damage|p2a: Darkrai|54/100|[from] Sandstorm
|upkeep
|
|t:|1779890674
|switch|p1a: Mandibuzz|Mandibuzz, F|72/100
|turn|20
|
|t:|1779890677
|switch|p2a: Alomomola|Alomomola, M|95/100
|move|p1a: Mandibuzz|U-turn|p2a: Alomomola
|-damage|p2a: Alomomola|86/100
|
|t:|1779890679
|switch|p1a: Alomomola|Alomomola, M|92/100|[from] U-turn
|-damage|p1a: Alomomola|80/100|[from] Spikes
|-damage|p1a: Alomomola|68/100|[from] Stealth Rock
|
|-weather|none
|upkeep
|turn|21
|
|t:|1779890681
|move|p2a: Alomomola|Flip Turn|p1a: Alomomola
|-resisted|p1a: Alomomola
|-damage|p1a: Alomomola|63/100
|-damage|p2a: Alomomola|69/100|[from] item: Rocky Helmet|[of] p1a: Alomomola
|
|t:|1779890684
|switch|p2a: Weezing|Weezing-Galar, M|100/100|[from] Flip Turn
|-ability|p2a: Weezing|Neutralizing Gas
|move|p1a: Alomomola|Wish|p1a: Alomomola
|
|upkeep
|turn|22
|
|t:|1779890689
|move|p2a: Weezing|Sludge Bomb|p1a: Alomomola
|-damage|p1a: Alomomola|31/100
|-status|p1a: Alomomola|psn
|move|p1a: Alomomola|Flip Turn|p2a: Weezing
|-damage|p2a: Weezing|89/100
|
|t:|1779890693
|switch|p1a: Mandibuzz|Mandibuzz, F|72/100|[from] Flip Turn
|
|-heal|p1a: Mandibuzz|100/100|[from] move: Wish|[wisher] Alomomola
|upkeep
|turn|23
|
|t:|1779890697
|move|p1a: Mandibuzz|Defog|p2a: Weezing
|-unboost|p2a: Weezing|evasion|1
|-sideend|p1: chrisnwobu|Spikes|[from] move: Defog|[of] p1a: Mandibuzz
|-sideend|p1: chrisnwobu|Stealth Rock|[from] move: Defog|[of] p1a: Mandibuzz
|move|p2a: Weezing|Sludge Bomb|p1a: Mandibuzz
|-damage|p1a: Mandibuzz|85/100
|
|upkeep
|turn|24
|
|t:|1779890699
|move|p1a: Mandibuzz|U-turn|p2a: Weezing
|-resisted|p2a: Weezing
|-damage|p2a: Weezing|87/100
|
|t:|1779890700
|switch|p1a: Alomomola|Alomomola, M|31/100 psn|[from] U-turn
|move|p2a: Weezing|Sludge Bomb|p1a: Alomomola
|-damage|p1a: Alomomola|2/100 psn
|
|-damage|p1a: Alomomola|0 fnt|[from] psn
|faint|p1a: Alomomola
|upkeep
|
|t:|1779890702
|switch|p1a: Mandibuzz|Mandibuzz, F|85/100
|turn|25
|
|t:|1779890705
|move|p1a: Mandibuzz|Foul Play|p2a: Weezing
|-resisted|p2a: Weezing
|-damage|p2a: Weezing|80/100
|move|p2a: Weezing|Will-O-Wisp|p1a: Mandibuzz
|-status|p1a: Mandibuzz|brn
|
|-damage|p1a: Mandibuzz|79/100 brn|[from] brn
|upkeep
|turn|26
|
|t:|1779890708
|-end|p2a: Weezing|ability: Neutralizing Gas
|switch|p2a: Darkrai|Darkrai, tera:Dark|54/100
|move|p1a: Mandibuzz|U-turn|p2a: Darkrai
|-supereffective|p2a: Darkrai
|-damage|p2a: Darkrai|40/100
|
|-damage|p1a: Mandibuzz|73/100 brn|[from] brn
|upkeep
|turn|27
|
|t:|1779890710
|move|p2a: Darkrai|Ice Beam|p1a: Mandibuzz
|-supereffective|p1a: Mandibuzz
|-damage|p1a: Mandibuzz|17/100 brn
|move|p1a: Mandibuzz|U-turn|p2a: Darkrai
|-supereffective|p2a: Darkrai
|-damage|p2a: Darkrai|24/100
|
|-damage|p1a: Mandibuzz|11/100 brn|[from] brn
|upkeep
|turn|28
|
|t:|1779890713
|move|p2a: Darkrai|Ice Beam|p1a: Mandibuzz
|-supereffective|p1a: Mandibuzz
|-damage|p1a: Mandibuzz|0 fnt
|faint|p1a: Mandibuzz
|
|win|itztrip
|raw|chrisnwobu's rating: 1570 &rarr; <strong>1553</strong><br />(-17 for losing)
|raw|itztrip's rating: 1616 &rarr; <strong>1633</strong><br />(+17 for winning)
|l|☆itztrip
|player|p2|
|c|☆chrisnwobu|specs?
|l|☆chrisnwobu
|player|p1|
