|j|☆Alfblu3
|j|☆wallahi brobini
|t:|1779971737
|gametype|singles
|player|p1|Alfblu3|fisherman-gen4|1482
|player|p2|wallahi brobini|266|1452
|gen|9
|tier|[Gen 9] OU
|rated|
|rule|HP Percentage Mod: HP is shown in percentages
|rule|Endless Battle Clause: Forcing endless battles is banned
|rule|Species Clause: Limit one of each Pokémon
|rule|OHKO Clause: OHKO moves are banned
|rule|Evasion Items Clause: Evasion items are banned
|rule|Evasion Moves Clause: Evasion moves are banned
|rule|Evasion Abilities Clause: Evasion abilities are banned
|rule|Sleep Moves Clause: Sleep-inducing moves are banned
|clearpoke
|poke|p1|Great Tusk|
|poke|p1|Braviary-Hisui, M|
|poke|p1|Darkrai|
|poke|p1|Dragapult, M|
|poke|p1|Kingambit, M|
|poke|p1|Dragonite, M|
|poke|p2|Tyranitar, M|
|poke|p2|Zapdos-Galar|
|poke|p2|Ogerpon-Wellspring, F|
|poke|p2|Dragapult, F|
|poke|p2|Forretress, F|
|poke|p2|Gholdengo|
|teampreview
|inactive|Battle timer is ON: inactive players will automatically lose when time's up. (requested by Alfblu3)
|
|t:|1779971745
|teamsize|p1|6
|teamsize|p2|6
|start
|switch|p1a: Braviary|Braviary-Hisui, M|100/100
|switch|p2a: Dragapult|Dragapult, F|100/100
|turn|1
|
|t:|1779971752
|switch|p1a: Darkrai|Darkrai, shiny|100/100
|move|p2a: Dragapult|Shadow Ball|p1a: Darkrai
|-resisted|p1a: Darkrai
|-damage|p1a: Darkrai|62/100
|
|upkeep
|turn|2
|
|t:|1779971759
|switch|p2a: Tyranitar|Tyranitar, M|100/100
|-weather|Sandstorm|[from] ability: Sand Stream|[of] p2a: Tyranitar
|move|p1a: Darkrai|Knock Off|p2a: Tyranitar
|-resisted|p2a: Tyranitar
|-damage|p2a: Tyranitar|89/100
|-enditem|p2a: Tyranitar|Assault Vest|[from] move: Knock Off|[of] p1a: Darkrai
|
|-weather|Sandstorm|[upkeep]
|-damage|p1a: Darkrai|56/100|[from] Sandstorm
|upkeep
|turn|3
|j| whatevadontcare
|
|t:|1779971767
|switch|p1a: Great Tusk|Great Tusk, shiny|100/100
|move|p2a: Tyranitar|Knock Off|p1a: Great Tusk
|-resisted|p1a: Great Tusk
|-damage|p1a: Great Tusk|84/100
|-enditem|p1a: Great Tusk|Heavy-Duty Boots|[from] move: Knock Off|[of] p2a: Tyranitar
|
|-weather|Sandstorm|[upkeep]
|upkeep
|turn|4
|
|t:|1779971776
|switch|p2a: Gholdengo|Gholdengo|100/100
|-item|p2a: Gholdengo|Air Balloon
|move|p1a: Great Tusk|Stealth Rock|p2a: Gholdengo
|-sidestart|p2: wallahi brobini|move: Stealth Rock
|
|-weather|Sandstorm|[upkeep]
|upkeep
|turn|5
|
|t:|1779971785
|-end|p1a: Great Tusk|Protosynthesis|[silent]
|switch|p1a: Kingambit|Kingambit, M, shiny|100/100
|-item|p1a: Kingambit|Air Balloon
|move|p2a: Gholdengo|Focus Blast|p1a: Kingambit
|-supereffective|p1a: Kingambit
|-damage|p1a: Kingambit|0 fnt
|-enditem|p1a: Kingambit|Air Balloon
|faint|p1a: Kingambit
|-end|p1a: Kingambit|fallenundefined|[silent]
|
|-weather|Sandstorm|[upkeep]
|upkeep
|
|t:|1779971795
|switch|p1a: Dragonite|Dragonite, M, shiny|100/100
|turn|6
|
|t:|1779971798
|move|p1a: Dragonite|Dragon Dance|p1a: Dragonite
|-boost|p1a: Dragonite|atk|1
|-boost|p1a: Dragonite|spe|1
|move|p2a: Gholdengo|Thunder Wave|p1a: Dragonite
|-status|p1a: Dragonite|par
|
|-weather|none
|upkeep
|turn|7
|
|t:|1779971805
|move|p2a: Gholdengo|Hex|p1a: Dragonite
|-damage|p1a: Dragonite|72/100 par
|move|p1a: Dragonite|Dragon Dance|p1a: Dragonite
|-boost|p1a: Dragonite|atk|1
|-boost|p1a: Dragonite|spe|1
|
|upkeep
|turn|8
|
|t:|1779971814
|move|p1a: Dragonite|Dragon Dance|p1a: Dragonite
|-boost|p1a: Dragonite|atk|1
|-boost|p1a: Dragonite|spe|1
|move|p2a: Gholdengo|Hex|p1a: Dragonite
|-damage|p1a: Dragonite|17/100 par
|
|upkeep
|turn|9
|
|t:|1779971817
|move|p1a: Dragonite|Fire Punch|p2a: Gholdengo
|-supereffective|p2a: Gholdengo
|-damage|p2a: Gholdengo|0 fnt
|-enditem|p2a: Gholdengo|Air Balloon
|faint|p2a: Gholdengo
|
|upkeep
|
|t:|1779971827
|switch|p2a: Forretress|Forretress, F|100/100
|-damage|p2a: Forretress|88/100|[from] Stealth Rock
|turn|10
|
|t:|1779971833
|-terastallize|p2a: Forretress|Ghost
|move|p1a: Dragonite|Fire Punch|p2a: Forretress
|-crit|p2a: Forretress
|-damage|p2a: Forretress|31/100
|move|p2a: Forretress|Body Press|p1a: Dragonite
|-resisted|p1a: Dragonite
|-crit|p1a: Dragonite
|-damage|p1a: Dragonite|0 fnt
|faint|p1a: Dragonite
|
|-heal|p2a: Forretress|37/100|[from] item: Leftovers
|upkeep
|
|t:|1779971842
|switch|p1a: Dragapult|Dragapult, M, shiny|100/100
|turn|11
|
|t:|1779971865
|switch|p2a: Tyranitar|Tyranitar, M|89/100
|-damage|p2a: Tyranitar|77/100|[from] Stealth Rock
|-weather|Sandstorm|[from] ability: Sand Stream|[of] p2a: Tyranitar
|move|p1a: Dragapult|Dragon Darts|p2a: Tyranitar
|-damage|p2a: Tyranitar|54/100
|-anim|p1a: Dragapult|Dragon Darts|p2a: Tyranitar
|-damage|p2a: Tyranitar|34/100
|
|-weather|Sandstorm|[upkeep]
|-damage|p1a: Dragapult|95/100|[from] Sandstorm
|upkeep
|turn|12
|
|t:|1779971874
|move|p1a: Dragapult|Dragon Darts|p2a: Tyranitar
|-damage|p2a: Tyranitar|12/100
|-anim|p1a: Dragapult|Dragon Darts|p2a: Tyranitar
|-damage|p2a: Tyranitar|0 fnt
|faint|p2a: Tyranitar
|
|-weather|Sandstorm|[upkeep]
|-damage|p1a: Dragapult|89/100|[from] Sandstorm
|upkeep
|
|t:|1779971877
|switch|p2a: Dragapult|Dragapult, F|100/100
|-damage|p2a: Dragapult|88/100|[from] Stealth Rock
|turn|13
|
|t:|1779971882
|switch|p1a: Great Tusk|Great Tusk, shiny|84/100
|move|p2a: Dragapult|Draco Meteor|p1a: Great Tusk
|-damage|p1a: Great Tusk|0 fnt
|-unboost|p2a: Dragapult|spa|2
|faint|p1a: Great Tusk
|-end|p1a: Great Tusk|Protosynthesis|[silent]
|
|-weather|Sandstorm|[upkeep]
|-damage|p2a: Dragapult|82/100|[from] Sandstorm
|upkeep
|
|t:|1779971887
|switch|p1a: Braviary|Braviary-Hisui, M|100/100
|turn|14
|
|t:|1779971900
|switch|p2a: Ogerpon|Ogerpon-Wellspring, F|100/100
|-damage|p2a: Ogerpon|88/100|[from] Stealth Rock
|move|p1a: Braviary|Esper Wing|p2a: Ogerpon
|-damage|p2a: Ogerpon|16/100
|-boost|p1a: Braviary|spe|1
|
|-weather|Sandstorm|[upkeep]
|-damage|p2a: Ogerpon|10/100|[from] Sandstorm
|-damage|p1a: Braviary|94/100|[from] Sandstorm
|upkeep
|turn|15
|
|t:|1779971908
|move|p2a: Ogerpon|Horn Leech|p1a: Braviary
|-resisted|p1a: Braviary
|-damage|p1a: Braviary|64/100
|-heal|p2a: Ogerpon|28/100|[from] drain|[of] p1a: Braviary
|move|p1a: Braviary|Esper Wing|p2a: Ogerpon
|-damage|p2a: Ogerpon|0 fnt
|-boost|p1a: Braviary|spe|1
|faint|p2a: Ogerpon
|
|-weather|none
|upkeep
|-message|wallahi brobini forfeited.
|
|win|Alfblu3
|raw|Alfblu3's rating: 1482 &rarr; <strong>1500</strong><br />(+18 for winning)
|raw|wallahi brobini's rating: 1452 &rarr; <strong>1434</strong><br />(-18 for losing)
|l|☆wallahi brobini
|player|p2|
|l|☆Alfblu3
|player|p1|
|l| whatevadontcare
