|j|☆Voltaris33
|j|☆MKUtopias
|t:|1779950835
|gametype|singles
|player|p1|Voltaris33|unknownf|1409
|player|p2|MKUtopias|clair-gen2|1398
|gen|9
|tier|[Gen 9] OU
|rated|
|rule|HP Percentage Mod: HP is shown in percentages
|rule|Endless Battle Clause: Forcing endless battles is banned
|rule|Species Clause: Limit one of each Pokémon
|rule|OHKO Clause: OHKO moves are banned
|rule|Evasion Items Clause: Evasion items are banned
|rule|Evasion Moves Clause: Evasion moves are banned
|rule|Evasion Abilities Clause: Evasion abilities are banned
|rule|Sleep Moves Clause: Sleep-inducing moves are banned
|clearpoke
|poke|p1|Heatran, F|
|poke|p1|Tyranitar, M|
|poke|p1|Skarmory, M|
|poke|p1|Moltres|
|poke|p1|Weezing-Galar, F|
|poke|p1|Deoxys-Speed|
|poke|p2|Ceruledge, M|
|poke|p2|Zamazenta-*|
|poke|p2|Kyurem|
|poke|p2|Iron Treads|
|poke|p2|Hatterene, F|
|poke|p2|Dragonite, M|
|teampreview
|inactive|Battle timer is ON: inactive players will automatically lose when time's up. (requested by Voltaris33)
|
|t:|1779950838
|teamsize|p1|6
|teamsize|p2|6
|start
|switch|p1a: Moltres|Moltres|100/100
|switch|p2a: Ceruledge|Ceruledge, M|100/100
|turn|1
|
|t:|1779950850
|move|p1a: Moltres|U-turn|p2a: Ceruledge
|-resisted|p2a: Ceruledge
|-damage|p2a: Ceruledge|97/100
|
|t:|1779950855
|switch|p1a: Heatran|Heatran, F, shiny|100/100|[from] U-turn
|move|p2a: Ceruledge|Bulk Up|p2a: Ceruledge
|-boost|p2a: Ceruledge|atk|1
|-boost|p2a: Ceruledge|def|1
|
|upkeep
|turn|2
|
|t:|1779950878
|move|p1a: Heatran|Earth Power|p2a: Ceruledge
|-supereffective|p2a: Ceruledge
|-damage|p2a: Ceruledge|45/100
|move|p2a: Ceruledge|Close Combat|p1a: Heatran
|-supereffective|p1a: Heatran
|-damage|p1a: Heatran|0 fnt
|-unboost|p2a: Ceruledge|def|1
|-unboost|p2a: Ceruledge|spd|1
|faint|p1a: Heatran
|-damage|p2a: Ceruledge|35/100|[from] item: Life Orb
|
|upkeep
|
|t:|1779950883
|switch|p1a: Deoxys|Deoxys-Speed, shiny|100/100
|-ability|p1a: Deoxys|Pressure
|turn|3
|inactive|MKUtopias has 120 seconds left.
|
|t:|1779950923
|move|p2a: Ceruledge|Shadow Sneak|p1a: Deoxys
|-supereffective|p1a: Deoxys
|-damage|p1a: Deoxys|0 fnt
|faint|p1a: Deoxys
|-damage|p2a: Ceruledge|25/100|[from] item: Life Orb
|
|upkeep
|
|t:|1779950929
|switch|p1a: Moltres|Moltres|100/100
|turn|4
|inactive|MKUtopias has 120 seconds left.
|
|t:|1779950957
|move|p1a: Moltres|U-turn|p2a: Ceruledge
|-resisted|p2a: Ceruledge
|-damage|p2a: Ceruledge|21/100
|
|t:|1779950964
|switch|p1a: Tyranitar|Tyranitar, M|100/100|[from] U-turn
|-weather|Sandstorm|[from] ability: Sand Stream|[of] p1a: Tyranitar
|move|p2a: Ceruledge|Bitter Blade|p1a: Tyranitar
|-resisted|p1a: Tyranitar
|-damage|p1a: Tyranitar|70/100
|-heal|p2a: Ceruledge|36/100|[from] drain|[of] p1a: Tyranitar
|-damage|p2a: Ceruledge|26/100|[from] item: Life Orb
|
|-weather|Sandstorm|[upkeep]
|-damage|p2a: Ceruledge|20/100|[from] Sandstorm
|upkeep
|turn|5
|
|t:|1779950985
|switch|p1a: Moltres|Moltres|100/100
|move|p2a: Ceruledge|Close Combat|p1a: Moltres
|-resisted|p1a: Moltres
|-damage|p1a: Moltres|60/100
|-unboost|p2a: Ceruledge|def|1
|-unboost|p2a: Ceruledge|spd|1
|-damage|p2a: Ceruledge|10/100|[from] item: Life Orb
|
|-weather|Sandstorm|[upkeep]
|-damage|p1a: Moltres|54/100|[from] Sandstorm
|-damage|p2a: Ceruledge|4/100|[from] Sandstorm
|upkeep
|turn|6
|
|t:|1779951001
|move|p1a: Moltres|U-turn|p2a: Ceruledge
|-resisted|p2a: Ceruledge
|-damage|p2a: Ceruledge|0 fnt
|faint|p2a: Ceruledge
|
|t:|1779951003
|switch|p1a: Weezing|Weezing-Galar, F|100/100|[from] U-turn
|-ability|p1a: Weezing|Neutralizing Gas
|
|-weather|Sandstorm|[upkeep]
|-damage|p1a: Weezing|95/100|[from] Sandstorm
|-heal|p1a: Weezing|100/100|[from] item: Leftovers
|upkeep
|
|t:|1779951013
|switch|p2a: Iron Treads|Iron Treads|100/100
|turn|7
|
|t:|1779951022
|-end|p1a: Weezing|ability: Neutralizing Gas
|switch|p1a: Moltres|Moltres|54/100
|move|p2a: Iron Treads|Stealth Rock|p1a: Moltres
|-sidestart|p1: Voltaris33|move: Stealth Rock
|
|-weather|Sandstorm|[upkeep]
|-damage|p1a: Moltres|48/100|[from] Sandstorm
|upkeep
|turn|8
|
|t:|1779951025
|move|p2a: Iron Treads|Knock Off|p1a: Moltres
|-damage|p1a: Moltres|11/100
|-status|p2a: Iron Treads|brn|[from] ability: Flame Body|[of] p1a: Moltres
|-enditem|p1a: Moltres|Heavy-Duty Boots|[from] move: Knock Off|[of] p2a: Iron Treads
|move|p1a: Moltres|Roost|p1a: Moltres
|-heal|p1a: Moltres|61/100
|-singleturn|p1a: Moltres|move: Roost
|
|-weather|none
|-damage|p2a: Iron Treads|94/100 brn|[from] brn
|upkeep
|turn|9
|
|t:|1779951029
|move|p2a: Iron Treads|Knock Off|p1a: Moltres
|-damage|p1a: Moltres|49/100
|move|p1a: Moltres|Roost|p1a: Moltres
|-heal|p1a: Moltres|99/100
|-singleturn|p1a: Moltres|move: Roost
|
|-heal|p2a: Iron Treads|100/100 brn|[from] item: Leftovers
|-damage|p2a: Iron Treads|94/100 brn|[from] brn
|upkeep
|turn|10
|
|t:|1779951048
|move|p2a: Iron Treads|Knock Off|p1a: Moltres
|-damage|p1a: Moltres|87/100
|move|p1a: Moltres|Overheat|p2a: Iron Treads
|-supereffective|p2a: Iron Treads
|-damage|p2a: Iron Treads|0 fnt
|-unboost|p1a: Moltres|spa|2
|faint|p2a: Iron Treads
|-end|p2a: Iron Treads|Quark Drive|[silent]
|
|upkeep
|
|t:|1779951057
|switch|p2a: Dragonite|Dragonite, M|100/100
|turn|11
|
|t:|1779951059
|-terastallize|p2a: Dragonite|Fire
|move|p1a: Moltres|Will-O-Wisp|p2a: Dragonite
|-immune|p2a: Dragonite
|move|p2a: Dragonite|Dragon Dance|p2a: Dragonite
|-boost|p2a: Dragonite|atk|1
|-boost|p2a: Dragonite|spe|1
|
|upkeep
|turn|12
|
|t:|1779951077
|move|p2a: Dragonite|Dragon Dance|p2a: Dragonite
|-boost|p2a: Dragonite|atk|1
|-boost|p2a: Dragonite|spe|1
|move|p1a: Moltres|U-turn|p2a: Dragonite
|-resisted|p2a: Dragonite
|-damage|p2a: Dragonite|97/100
|
|t:|1779951092
|switch|p1a: Skarmory|Skarmory, M, shiny|100/100|[from] U-turn
|-damage|p1a: Skarmory|88/100|[from] Stealth Rock
|
|-heal|p1a: Skarmory|94/100|[from] item: Leftovers
|upkeep
|turn|13
|
|t:|1779951101
|move|p2a: Dragonite|Fire Punch|p1a: Skarmory
|-supereffective|p1a: Skarmory
|-damage|p1a: Skarmory|8/100
|move|p1a: Skarmory|Iron Defense|p1a: Skarmory
|-boost|p1a: Skarmory|def|2
|
|-heal|p1a: Skarmory|14/100|[from] item: Leftovers
|upkeep
|turn|14
|
|t:|1779951104
|move|p2a: Dragonite|Fire Punch|p1a: Skarmory
|-supereffective|p1a: Skarmory
|-damage|p1a: Skarmory|0 fnt
|faint|p1a: Skarmory
|
|upkeep
|
|t:|1779951106
|switch|p1a: Weezing|Weezing-Galar, F|100/100
|-ability|p1a: Weezing|Neutralizing Gas
|-damage|p1a: Weezing|88/100|[from] Stealth Rock
|turn|15
|
|t:|1779951108
|move|p2a: Dragonite|Earthquake|p1a: Weezing
|-supereffective|p1a: Weezing
|-damage|p1a: Weezing|0 fnt
|faint|p1a: Weezing
|-end|p1a: Weezing|ability: Neutralizing Gas
|
|upkeep
|
|t:|1779951110
|switch|p1a: Tyranitar|Tyranitar, M|70/100
|-damage|p1a: Tyranitar|57/100|[from] Stealth Rock
|-weather|Sandstorm|[from] ability: Sand Stream|[of] p1a: Tyranitar
|turn|16
|
|t:|1779951112
|-terastallize|p1a: Tyranitar|Ground
|move|p2a: Dragonite|Earthquake|p1a: Tyranitar
|-damage|p1a: Tyranitar|0 fnt
|faint|p1a: Tyranitar
|
|-weather|Sandstorm|[upkeep]
|-damage|p2a: Dragonite|91/100|[from] Sandstorm
|upkeep
|
|t:|1779951115
|switch|p1a: Moltres|Moltres|87/100
|-damage|p1a: Moltres|37/100|[from] Stealth Rock
|turn|17
|
|t:|1779951120
|move|p2a: Dragonite|Extreme Speed|p1a: Moltres
|-damage|p1a: Moltres|0 fnt
|faint|p1a: Moltres
|
|win|MKUtopias
|raw|Voltaris33's rating: 1428 &rarr; <strong>1405</strong><br />(-23 for losing)
|raw|MKUtopias's rating: 1381 &rarr; <strong>1404</strong><br />(+23 for winning)
|l|☆Voltaris33
|player|p1|
