|j|☆JJGZ
|j|☆marszczyfred
|t:|1779823505
|gametype|singles
|player|p1|JJGZ|wattson|1108
|player|p2|marszczyfred|red|1092
|gen|9
|tier|[Gen 9] OU
|rated|
|rule|HP Percentage Mod: HP is shown in percentages
|rule|Endless Battle Clause: Forcing endless battles is banned
|rule|Species Clause: Limit one of each Pokémon
|rule|OHKO Clause: OHKO moves are banned
|rule|Evasion Items Clause: Evasion items are banned
|rule|Evasion Moves Clause: Evasion moves are banned
|rule|Evasion Abilities Clause: Evasion abilities are banned
|rule|Sleep Moves Clause: Sleep-inducing moves are banned
|clearpoke
|poke|p1|Gliscor, F|
|poke|p1|Gholdengo|
|poke|p1|Dondozo, F|
|poke|p1|Garchomp, F|
|poke|p1|Blissey, F|
|poke|p1|Kingambit, M|
|poke|p2|Clefable, F|
|poke|p2|Emboar, M|
|poke|p2|Haxorus, M|
|poke|p2|Oricorio-Pom-Pom, F|
|poke|p2|Magnezone|
|poke|p2|Deoxys-Speed|
|teampreview
|
|t:|1779823514
|teamsize|p1|6
|teamsize|p2|6
|start
|switch|p1a: Vanitas|Gliscor, F, shiny|100/100
|switch|p2a: Haxorus|Haxorus, M, shiny|100/100
|-ability|p2a: Haxorus|Mold Breaker
|turn|1
|
|t:|1779823523
|move|p2a: Haxorus|Dragon Dance|p2a: Haxorus
|-boost|p2a: Haxorus|atk|1
|-boost|p2a: Haxorus|spe|1
|move|p1a: Vanitas|Stealth Rock|p2a: Haxorus
|-sidestart|p2: marszczyfred|move: Stealth Rock
|
|-status|p1a: Vanitas|tox|[from] item: Toxic Orb
|upkeep
|turn|2
|
|t:|1779823533
|move|p2a: Haxorus|Dragon Dance|p2a: Haxorus
|-boost|p2a: Haxorus|atk|1
|-boost|p2a: Haxorus|spe|1
|move|p1a: Vanitas|Toxic|p2a: Haxorus
|-status|p2a: Haxorus|tox
|
|-damage|p2a: Haxorus|94/100 tox|[from] psn
|upkeep
|turn|3
|
|t:|1779823542
|switch|p2a: Oricorio|Oricorio-Pom-Pom, F|100/100
|-damage|p2a: Oricorio|76/100|[from] Stealth Rock
|move|p1a: Vanitas|Spikes|p2a: Oricorio
|-sidestart|p2: marszczyfred|Spikes
|
|upkeep
|turn|4
|
|t:|1779823550
|move|p2a: Oricorio|Icy Wind|p1a: Vanitas
|-supereffective|p1a: Vanitas
|-damage|p1a: Vanitas|28/100 tox
|-unboost|p1a: Vanitas|spe|1
|move|p1a: Vanitas|Spikes|p2a: Oricorio
|-sidestart|p2: marszczyfred|Spikes
|
|-heal|p1a: Vanitas|40/100 tox|[from] ability: Poison Heal
|upkeep
|turn|5
|
|t:|1779823559
|move|p1a: Vanitas|Protect|p1a: Vanitas
|-singleturn|p1a: Vanitas|Protect
|move|p2a: Oricorio|Icy Wind|p1a: Vanitas
|-activate|p1a: Vanitas|move: Protect
|
|-heal|p1a: Vanitas|53/100 tox|[from] ability: Poison Heal
|upkeep
|turn|6
|
|t:|1779823568
|-terastallize|p1a: Vanitas|Water
|move|p2a: Oricorio|Icy Wind|p1a: Vanitas
|-resisted|p1a: Vanitas
|-damage|p1a: Vanitas|43/100 tox
|-unboost|p1a: Vanitas|spe|1
|move|p1a: Vanitas|Spikes|p2a: Oricorio
|-sidestart|p2: marszczyfred|Spikes
|
|-heal|p1a: Vanitas|55/100 tox|[from] ability: Poison Heal
|upkeep
|turn|7
|
|t:|1779823580
|move|p1a: Vanitas|Protect|p1a: Vanitas
|-singleturn|p1a: Vanitas|Protect
|move|p2a: Oricorio|Revelation Dance|p1a: Vanitas
|-activate|p1a: Vanitas|move: Protect
|
|-heal|p1a: Vanitas|68/100 tox|[from] ability: Poison Heal
|upkeep
|turn|8
|
|t:|1779823590
|move|p2a: Oricorio|Quiver Dance|p2a: Oricorio
|-boost|p2a: Oricorio|spa|1
|-boost|p2a: Oricorio|spd|1
|-boost|p2a: Oricorio|spe|1
|move|p1a: Vanitas|Spikes||[still]
|-fail|p1a: Vanitas
|
|-heal|p1a: Vanitas|80/100 tox|[from] ability: Poison Heal
|upkeep
|turn|9
|
|t:|1779823599
|move|p1a: Vanitas|Protect|p1a: Vanitas
|-singleturn|p1a: Vanitas|Protect
|move|p2a: Oricorio|Revelation Dance|p1a: Vanitas
|-activate|p1a: Vanitas|move: Protect
|
|-heal|p1a: Vanitas|93/100 tox|[from] ability: Poison Heal
|upkeep
|turn|10
|
|t:|1779823608
|move|p2a: Oricorio|Quiver Dance|p2a: Oricorio
|-boost|p2a: Oricorio|spa|1
|-boost|p2a: Oricorio|spd|1
|-boost|p2a: Oricorio|spe|1
|move|p1a: Vanitas|Toxic|p2a: Oricorio
|-status|p2a: Oricorio|tox
|
|-damage|p2a: Oricorio|70/100 tox|[from] psn
|-heal|p1a: Vanitas|100/100 tox|[from] ability: Poison Heal
|upkeep
|turn|11
|
|t:|1779823619
|move|p1a: Vanitas|Protect|p1a: Vanitas
|-singleturn|p1a: Vanitas|Protect
|move|p2a: Oricorio|Revelation Dance|p1a: Vanitas
|-activate|p1a: Vanitas|move: Protect
|
|-damage|p2a: Oricorio|57/100 tox|[from] psn
|upkeep
|turn|12
|
|t:|1779823630
|switch|p1a: Pibble|Garchomp, F, shiny|100/100
|move|p2a: Oricorio|Revelation Dance|p1a: Pibble
|-immune|p1a: Pibble
|
|-damage|p2a: Oricorio|39/100 tox|[from] psn
|upkeep
|turn|13
|
|t:|1779823645
|switch|p1a: Cobra|Dondozo, F, shiny|100/100
|move|p2a: Oricorio|Icy Wind|p1a: Cobra
|-resisted|p1a: Cobra
|-damage|p1a: Cobra|93/100
|-unboost|p1a: Cobra|spe|1
|
|-heal|p1a: Cobra|99/100|[from] item: Leftovers
|-damage|p2a: Oricorio|14/100 tox|[from] psn
|upkeep
|turn|14
|
|t:|1779823657
|move|p1a: Cobra|Protect|p1a: Cobra
|-singleturn|p1a: Cobra|Protect
|move|p2a: Oricorio|Revelation Dance|p1a: Cobra
|-activate|p1a: Cobra|move: Protect
|
|-heal|p1a: Cobra|100/100|[from] item: Leftovers
|-damage|p2a: Oricorio|0 fnt|[from] psn
|faint|p2a: Oricorio
|upkeep
|
|t:|1779823667
|switch|p2a: Magnezone|Magnezone, shiny|100/100
|-damage|p2a: Magnezone|94/100|[from] Stealth Rock
|-damage|p2a: Magnezone|70/100|[from] Spikes
|turn|15
|
|t:|1779823689
|switch|p1a: Pibble|Garchomp, F, shiny|100/100
|move|p2a: Magnezone|Thunderbolt|p1a: Pibble
|-immune|p1a: Pibble
|
|upkeep
|turn|16
|
|t:|1779823706
|switch|p2a: Clefable|Clefable, F|100/100
|move|p1a: Pibble|Swords Dance|p1a: Pibble
|-boost|p1a: Pibble|atk|2
|
|upkeep
|turn|17
|
|t:|1779823715
|move|p1a: Pibble|Earthquake|p2a: Clefable
|-damage|p2a: Clefable|0 fnt
|faint|p2a: Clefable
|
|upkeep
|
|t:|1779823719
|switch|p2a: Deoxys|Deoxys-Speed|100/100
|-damage|p2a: Deoxys|88/100|[from] Stealth Rock
|-damage|p2a: Deoxys|63/100|[from] Spikes
|-ability|p2a: Deoxys|Pressure
|turn|18
|
|t:|1779823727
|move|p2a: Deoxys|Psychic|p1a: Pibble
|-damage|p1a: Pibble|68/100
|move|p1a: Pibble|Dragon Claw|p2a: Deoxys
|-damage|p2a: Deoxys|0 fnt
|faint|p2a: Deoxys
|
|upkeep
|-message|marszczyfred forfeited.
|
|win|JJGZ
|raw|JJGZ's rating: 1108 &rarr; <strong>1132</strong><br />(+24 for winning)
|raw|marszczyfred's rating: 1092 &rarr; <strong>1069</strong><br />(-23 for losing)
|l|☆marszczyfred
|player|p2|
|l|☆JJGZ
|player|p1|
