|j|☆Fibsos66
|j|☆TrueSco
|t:|1779926287
|gametype|singles
|player|p1|Fibsos66|cheren|1036
|player|p2|TrueSco|169|1040
|gen|9
|tier|[Gen 9] OU
|rated|
|rule|HP Percentage Mod: HP is shown in percentages
|rule|Endless Battle Clause: Forcing endless battles is banned
|rule|Species Clause: Limit one of each Pokémon
|rule|OHKO Clause: OHKO moves are banned
|rule|Evasion Items Clause: Evasion items are banned
|rule|Evasion Moves Clause: Evasion moves are banned
|rule|Evasion Abilities Clause: Evasion abilities are banned
|rule|Sleep Moves Clause: Sleep-inducing moves are banned
|clearpoke
|poke|p1|Charizard, F|
|poke|p1|Rillaboom, F|
|poke|p1|Meowscarada, M|
|poke|p1|Gholdengo|
|poke|p1|Corviknight, F|
|poke|p1|Weavile, F|
|poke|p2|Zapdos|
|poke|p2|Great Tusk|
|poke|p2|Dragapult, F|
|poke|p2|Slowking-Galar, F|
|poke|p2|Cinderace, F|
|poke|p2|Iron Valiant|
|teampreview
|inactive|Battle timer is ON: inactive players will automatically lose when time's up. (requested by TrueSco)
|
|t:|1779926305
|teamsize|p1|6
|teamsize|p2|6
|start
|switch|p1a: Corviknight|Corviknight, F|100/100
|switch|p2a: Cinderace|Cinderace, F|100/100
|-ability|p1a: Corviknight|Pressure
|turn|1
|
|t:|1779926318
|-terastallize|p1a: Corviknight|Water
|move|p2a: Cinderace|Pyro Ball|p1a: Corviknight
|-resisted|p1a: Corviknight
|-damage|p1a: Corviknight|80/100
|move|p1a: Corviknight|Body Press|p2a: Cinderace
|-damage|p2a: Cinderace|68/100
|
|upkeep
|turn|2
|
|t:|1779926345
|move|p2a: Cinderace|High Jump Kick|p1a: Corviknight|[miss]
|-miss|p2a: Cinderace|p1a: Corviknight
|-damage|p2a: Cinderace|18/100|[from] highjumpkick
|move|p1a: Corviknight|Body Press|p2a: Cinderace
|-damage|p2a: Cinderace|0 fnt
|faint|p2a: Cinderace
|
|upkeep
|
|t:|1779926348
|switch|p2a: Zapdos|Zapdos|100/100
|turn|3
|
|t:|1779926363
|switch|p1a: Weavile|Weavile, F|100/100
|-ability|p1a: Weavile|Pressure
|move|p2a: Zapdos|Thunderbolt|p1a: Weavile
|-damage|p1a: Weavile|35/100
|
|upkeep
|turn|4
|
|t:|1779926372
|switch|p2a: Iron Valiant|Iron Valiant|100/100
|-enditem|p2a: Iron Valiant|Booster Energy
|-activate|p2a: Iron Valiant|ability: Quark Drive|[fromitem]
|-start|p2a: Iron Valiant|quarkdrivespe
|move|p1a: Weavile|Icicle Crash|p2a: Iron Valiant
|-damage|p2a: Iron Valiant|23/100
|
|upkeep
|turn|5
|
|t:|1779926382
|switch|p1a: Rillaboom|Rillaboom, F|100/100
|-fieldstart|move: Grassy Terrain|[from] ability: Grassy Surge|[of] p1a: Rillaboom
|move|p2a: Iron Valiant|Moonblast|p1a: Rillaboom
|-damage|p1a: Rillaboom|52/100
|
|-heal|p2a: Iron Valiant|29/100|[from] Grassy Terrain
|-heal|p1a: Rillaboom|58/100|[from] Grassy Terrain
|upkeep
|turn|6
|
|t:|1779926397
|move|p1a: Rillaboom|Grassy Glide|p2a: Iron Valiant
|-damage|p2a: Iron Valiant|0 fnt
|faint|p2a: Iron Valiant
|-end|p2a: Iron Valiant|Quark Drive|[silent]
|
|-heal|p1a: Rillaboom|64/100|[from] Grassy Terrain
|upkeep
|
|t:|1779926400
|switch|p2a: Zapdos|Zapdos|100/100
|turn|7
|
|t:|1779926414
|switch|p1a: Weavile|Weavile, F|35/100
|-ability|p1a: Weavile|Pressure
|move|p2a: Zapdos|Hurricane|p1a: Weavile
|-damage|p1a: Weavile|0 fnt
|faint|p1a: Weavile
|
|upkeep
|
|t:|1779926426
|switch|p1a: Charizard|Charizard, F|100/100
|turn|8
|
|t:|1779926434
|move|p1a: Charizard|Flamethrower|p2a: Zapdos
|-damage|p2a: Zapdos|54/100
|move|p2a: Zapdos|Thunderbolt|p1a: Charizard
|-supereffective|p1a: Charizard
|-damage|p1a: Charizard|0 fnt
|faint|p1a: Charizard
|
|upkeep
|
|t:|1779926444
|switch|p1a: Gholdengo|Gholdengo|100/100
|turn|9
|
|t:|1779926450
|move|p2a: Zapdos|Thunderbolt|p1a: Gholdengo
|-damage|p1a: Gholdengo|51/100
|move|p1a: Gholdengo|Shadow Ball|p2a: Zapdos
|-damage|p2a: Zapdos|3/100
|
|-heal|p1a: Gholdengo|57/100|[from] Grassy Terrain
|-heal|p1a: Gholdengo|63/100|[from] item: Leftovers
|-fieldend|move: Grassy Terrain
|upkeep
|turn|10
|
|t:|1779926465
|move|p2a: Zapdos|Thunderbolt|p1a: Gholdengo
|-damage|p1a: Gholdengo|9/100
|-status|p1a: Gholdengo|par
|cant|p1a: Gholdengo|par
|
|-heal|p1a: Gholdengo|15/100 par|[from] item: Leftovers
|upkeep
|turn|11
|
|t:|1779926477
|move|p2a: Zapdos|Thunderbolt|p1a: Gholdengo
|-damage|p1a: Gholdengo|0 fnt
|faint|p1a: Gholdengo
|
|upkeep
|
|t:|1779926483
|switch|p1a: Rillaboom|Rillaboom, F|64/100
|-fieldstart|move: Grassy Terrain|[from] ability: Grassy Surge|[of] p1a: Rillaboom
|turn|12
|
|t:|1779926488
|switch|p2a: Slowking|Slowking-Galar, F|100/100
|move|p1a: Rillaboom|Grassy Glide|p2a: Slowking
|-resisted|p2a: Slowking
|-damage|p2a: Slowking|78/100
|
|-heal|p1a: Rillaboom|71/100|[from] Grassy Terrain
|-heal|p2a: Slowking|84/100|[from] Grassy Terrain
|upkeep
|turn|13
|
|t:|1779926505
|switch|p1a: Corviknight|Corviknight, F, tera:Water|80/100
|-ability|p1a: Corviknight|Pressure
|-prepare|p2a: Slowking|Chilly Reception|[premajor]
|move|p2a: Slowking|Chilly Reception|p2a: Slowking
|-weather|Snowscape
|
|t:|1779926508
|switch|p2a: Zapdos|Zapdos|3/100|[from] Chilly Reception
|
|-weather|Snowscape|[upkeep]
|-heal|p1a: Corviknight|87/100|[from] Grassy Terrain
|upkeep
|turn|14
|
|t:|1779926520
|move|p2a: Zapdos|Thunderbolt|p1a: Corviknight
|-supereffective|p1a: Corviknight
|-damage|p1a: Corviknight|0 fnt
|faint|p1a: Corviknight
|
|-weather|Snowscape|[upkeep]
|upkeep
|
|t:|1779926527
|switch|p1a: Meowscarada|Meowscarada, M|100/100
|turn|15
|
|t:|1779926536
|move|p1a: Meowscarada|Knock Off|p2a: Zapdos
|-start|p1a: Meowscarada|typechange|Dark|[from] ability: Protean
|-damage|p2a: Zapdos|0 fnt
|-enditem|p2a: Zapdos|Throat Spray|[from] move: Knock Off|[of] p1a: Meowscarada
|faint|p2a: Zapdos
|
|-weather|Snowscape|[upkeep]
|upkeep
|
|t:|1779926544
|switch|p2a: Great Tusk|Great Tusk|100/100
|turn|16
|
|t:|1779926555
|-end|p2a: Great Tusk|Protosynthesis|[silent]
|switch|p2a: Dragapult|Dragapult, F|100/100
|move|p1a: Meowscarada|Substitute|p1a: Meowscarada
|-start|p1a: Meowscarada|Substitute
|-damage|p1a: Meowscarada|76/100
|
|-weather|Snowscape|[upkeep]
|-heal|p1a: Meowscarada|82/100|[from] Grassy Terrain
|-fieldend|move: Grassy Terrain
|upkeep
|turn|17
|
|t:|1779926568
|move|p2a: Dragapult|Draco Meteor|p1a: Meowscarada
|-damage|p1a: Meowscarada|0 fnt
|-unboost|p2a: Dragapult|spa|2
|faint|p1a: Meowscarada
|
|-weather|none
|upkeep
|
|t:|1779926575
|switch|p1a: Rillaboom|Rillaboom, F|71/100
|-fieldstart|move: Grassy Terrain|[from] ability: Grassy Surge|[of] p1a: Rillaboom
|turn|18
|
|t:|1779926582
|move|p2a: Dragapult|Draco Meteor|p1a: Rillaboom
|-damage|p1a: Rillaboom|10/100
|-unboost|p2a: Dragapult|spa|2
|move|p1a: Rillaboom|Knock Off|p2a: Dragapult
|-supereffective|p2a: Dragapult
|-damage|p2a: Dragapult|0 fnt
|-enditem|p2a: Dragapult|Choice Specs|[from] move: Knock Off|[of] p1a: Rillaboom
|faint|p2a: Dragapult
|
|-heal|p1a: Rillaboom|16/100|[from] Grassy Terrain
|upkeep
|
|t:|1779926588
|switch|p2a: Slowking|Slowking-Galar, F|100/100
|turn|19
|
|t:|1779926598
|move|p1a: Rillaboom|Knock Off|p2a: Slowking
|-supereffective|p2a: Slowking
|-damage|p2a: Slowking|19/100
|-enditem|p2a: Slowking|Heavy-Duty Boots|[from] move: Knock Off|[of] p1a: Rillaboom
|move|p2a: Slowking|Psyshock|p1a: Rillaboom
|-damage|p1a: Rillaboom|0 fnt
|faint|p1a: Rillaboom
|
|win|TrueSco
|raw|Fibsos66's rating: 1036 &rarr; <strong>1021</strong><br />(-15 for losing)
|raw|TrueSco's rating: 1040 &rarr; <strong>1074</strong><br />(+34 for winning)
