|j|☆Celebrast
|j|☆Chinatownz
|t:|1779874929
|gametype|singles
|player|p1|Celebrast|gambler|1295
|player|p2|Chinatownz|fisherman-gen4|1299
|gen|9
|tier|[Gen 9] OU
|rated|
|rule|HP Percentage Mod: HP is shown in percentages
|rule|Endless Battle Clause: Forcing endless battles is banned
|rule|Species Clause: Limit one of each Pokémon
|rule|OHKO Clause: OHKO moves are banned
|rule|Evasion Items Clause: Evasion items are banned
|rule|Evasion Moves Clause: Evasion moves are banned
|rule|Evasion Abilities Clause: Evasion abilities are banned
|rule|Sleep Moves Clause: Sleep-inducing moves are banned
|clearpoke
|poke|p1|Garchomp, F|
|poke|p1|Gholdengo|
|poke|p1|Zamazenta-*|
|poke|p1|Deoxys-Speed|
|poke|p1|Great Tusk|
|poke|p1|Dragapult, F|
|poke|p2|Carbink|
|poke|p2|Pelipper, M|
|poke|p2|Talonflame, F|
|poke|p2|Barraskewda, F|
|poke|p2|Iron Treads|
|poke|p2|Regieleki|
|teampreview
|inactive|Battle timer is ON: inactive players will automatically lose when time's up. (requested by Celebrast)
|
|t:|1779874952
|teamsize|p1|6
|teamsize|p2|6
|start
|switch|p1a: Deoxys|Deoxys-Speed|100/100
|switch|p2a: Pelipper|Pelipper, M|100/100
|-ability|p1a: Deoxys|Pressure
|-weather|RainDance|[from] ability: Drizzle|[of] p2a: Pelipper
|turn|1
|
|t:|1779874960
|move|p1a: Deoxys|Light Screen|p1a: Deoxys
|-sidestart|p1: Celebrast|move: Light Screen
|move|p2a: Pelipper|U-turn|p1a: Deoxys
|-supereffective|p1a: Deoxys
|-damage|p1a: Deoxys|80/100
|-damage|p2a: Pelipper|84/100|[from] item: Rocky Helmet|[of] p1a: Deoxys
|
|t:|1779874962
|switch|p2a: Barraskewda|Barraskewda, F|100/100|[from] U-turn
|
|-weather|RainDance|[upkeep]
|upkeep
|turn|2
|
|t:|1779874968
|move|p2a: Barraskewda|Liquidation|p1a: Deoxys
|-damage|p1a: Deoxys|0 fnt
|-damage|p2a: Barraskewda|84/100|[from] item: Rocky Helmet|[of] p1a: Deoxys
|faint|p1a: Deoxys
|
|-weather|RainDance|[upkeep]
|upkeep
|
|t:|1779874972
|switch|p1a: Zamazenta|Zamazenta|100/100
|-ability|p1a: Zamazenta|Dauntless Shield|boost
|-boost|p1a: Zamazenta|def|1
|turn|3
|
|t:|1779874983
|switch|p2a: Talonflame|Talonflame, F|100/100
|move|p1a: Zamazenta|Body Press|p2a: Talonflame
|-resisted|p2a: Talonflame
|-damage|p2a: Talonflame|52/100
|
|-weather|RainDance|[upkeep]
|upkeep
|turn|4
|
|t:|1779874993
|switch|p1a: Garchomp|Garchomp, F|100/100
|move|p2a: Talonflame|Hurricane|p1a: Garchomp
|-damage|p1a: Garchomp|69/100
|
|-weather|RainDance|[upkeep]
|upkeep
|turn|5
|
|t:|1779875000
|move|p2a: Talonflame|Hurricane|p1a: Garchomp
|-damage|p1a: Garchomp|37/100
|move|p1a: Garchomp|Poison Jab|p2a: Talonflame
|-damage|p2a: Talonflame|0 fnt
|faint|p2a: Talonflame
|-damage|p1a: Garchomp|28/100|[from] item: Life Orb
|
|-weather|RainDance|[upkeep]
|-sideend|p1: Celebrast|move: Light Screen
|upkeep
|
|t:|1779875005
|switch|p2a: Barraskewda|Barraskewda, F|84/100
|turn|6
|
|t:|1779875009
|move|p2a: Barraskewda|Flip Turn|p1a: Garchomp
|-damage|p1a: Garchomp|0 fnt
|-damage|p2a: Barraskewda|72/100|[from] ability: Rough Skin|[of] p1a: Garchomp
|faint|p1a: Garchomp
|
|t:|1779875013
|switch|p2a: Regieleki|Regieleki, shiny|100/100|[from] Flip Turn
|
|-weather|RainDance|[upkeep]
|upkeep
|
|t:|1779875016
|switch|p1a: Great Tusk|Great Tusk|100/100
|-enditem|p1a: Great Tusk|Booster Energy
|-activate|p1a: Great Tusk|ability: Protosynthesis|[fromitem]
|-start|p1a: Great Tusk|protosynthesisatk
|turn|7
|
|t:|1779875021
|move|p2a: Regieleki|Explosion|p1a: Great Tusk
|-damage|p1a: Great Tusk|59/100
|faint|p2a: Regieleki
|move|p1a: Great Tusk|Rapid Spin|p2: Regieleki|[notarget]
|-fail|p1a: Great Tusk
|
|-weather|RainDance|[upkeep]
|upkeep
|
|t:|1779875024
|switch|p2a: Barraskewda|Barraskewda, F|72/100
|turn|8
|
|t:|1779875033
|-terastallize|p2a: Barraskewda|Water
|move|p2a: Barraskewda|Liquidation|p1a: Great Tusk
|-supereffective|p1a: Great Tusk
|-damage|p1a: Great Tusk|0 fnt
|faint|p1a: Great Tusk
|-end|p1a: Great Tusk|Protosynthesis|[silent]
|
|-weather|none
|upkeep
|
|t:|1779875036
|switch|p1a: Zamazenta|Zamazenta|100/100
|turn|9
|
|t:|1779875040
|switch|p2a: Carbink|Carbink|100/100
|move|p1a: Zamazenta|Iron Defense|p1a: Zamazenta
|-boost|p1a: Zamazenta|def|2
|
|upkeep
|turn|10
|
|t:|1779875043
|move|p1a: Zamazenta|Body Press|p2a: Carbink
|-damage|p2a: Carbink|21/100
|move|p2a: Carbink|Rock Polish|p2a: Carbink
|-boost|p2a: Carbink|spe|2
|
|upkeep
|turn|11
|
|t:|1779875047
|move|p2a: Carbink|Moonblast|p1a: Zamazenta
|-supereffective|p1a: Zamazenta
|-damage|p1a: Zamazenta|49/100
|-unboost|p1a: Zamazenta|spa|1
|move|p1a: Zamazenta|Body Press|p2a: Carbink
|-crit|p2a: Carbink
|-damage|p2a: Carbink|0 fnt
|faint|p2a: Carbink
|
|-heal|p1a: Zamazenta|55/100|[from] item: Leftovers
|upkeep
|
|t:|1779875051
|switch|p2a: Pelipper|Pelipper, M|84/100
|-weather|RainDance|[from] ability: Drizzle|[of] p2a: Pelipper
|turn|12
|
|t:|1779875054
|move|p1a: Zamazenta|Iron Defense|p1a: Zamazenta
|-boost|p1a: Zamazenta|def|2
|move|p2a: Pelipper|Hurricane|p1a: Zamazenta
|-supereffective|p1a: Zamazenta
|-damage|p1a: Zamazenta|0 fnt
|faint|p1a: Zamazenta
|
|-weather|RainDance|[upkeep]
|upkeep
|
|t:|1779875059
|switch|p1a: Dragapult|Dragapult, F|100/100
|turn|13
|
|t:|1779875062
|move|p1a: Dragapult|Dragon Dance|p1a: Dragapult
|-boost|p1a: Dragapult|atk|1
|-boost|p1a: Dragapult|spe|1
|move|p2a: Pelipper|U-turn|p1a: Dragapult
|-resisted|p1a: Dragapult
|-damage|p1a: Dragapult|94/100
|
|t:|1779875064
|switch|p2a: Barraskewda|Barraskewda, F, tera:Water|72/100|[from] U-turn
|
|-weather|RainDance|[upkeep]
|upkeep
|turn|14
|
|t:|1779875077
|-terastallize|p1a: Dragapult|Dragon
|move|p2a: Barraskewda|Liquidation|p1a: Dragapult
|-resisted|p1a: Dragapult
|-damage|p1a: Dragapult|0 fnt
|faint|p1a: Dragapult
|
|-weather|RainDance|[upkeep]
|upkeep
|
|t:|1779875082
|switch|p1a: Gholdengo|Gholdengo|100/100
|-item|p1a: Gholdengo|Air Balloon
|turn|15
|
|t:|1779875084
|move|p2a: Barraskewda|Liquidation|p1a: Gholdengo
|-damage|p1a: Gholdengo|0 fnt
|-enditem|p1a: Gholdengo|Air Balloon
|faint|p1a: Gholdengo
|
|win|Chinatownz
|raw|Celebrast's rating: 1295 &rarr; <strong>1270</strong><br />(-25 for losing)
|raw|Chinatownz's rating: 1299 &rarr; <strong>1324</strong><br />(+25 for winning)
|l|☆Celebrast
|player|p1|
|l|☆Chinatownz
|player|p2|
