|inactive|Battle timer is ON: inactive players will automatically lose when time's up.
|t:|1779805376
|gametype|singles
|player|p1|Mimikyu Stardust|iono|
|player|p2|L0u Dort|169|
|gen|9
|tier|[Gen 9] OU
|rule|HP Percentage Mod: HP is shown in percentages
|rule|Endless Battle Clause: Forcing endless battles is banned
|rule|Species Clause: Limit one of each Pokémon
|rule|OHKO Clause: OHKO moves are banned
|rule|Evasion Items Clause: Evasion items are banned
|rule|Evasion Moves Clause: Evasion moves are banned
|rule|Evasion Abilities Clause: Evasion abilities are banned
|rule|Sleep Moves Clause: Sleep-inducing moves are banned
|clearpoke
|poke|p1|Dragapult, M|
|poke|p1|Primarina, M|
|poke|p1|Iron Crown|
|poke|p1|Samurott-Hisui, M|
|poke|p1|Kingambit, M|
|poke|p1|Landorus-Therian, M|
|poke|p2|Weezing-Galar, M|
|poke|p2|Iron Treads|
|poke|p2|Tornadus-Therian, M|
|poke|p2|Zamazenta-*|
|poke|p2|Lokix, F|
|poke|p2|Garganacl, M|
|teampreview
|c|☆L0u Dort|hf
|inactive|L0u Dort disconnected and has 300 seconds to reconnect!
|player|p2|
|c|☆Mimikyu Stardust|hf
|inactive|L0u Dort reconnected and has 285 seconds left.
|player|p2|L0u Dort|169|
|inactive|L0u Dort has 270 seconds left.
|inactive|L0u Dort has 240 seconds left.
|inactive|L0u Dort has 210 seconds left.
|c|+1LDK|wellcome back, 2024 smogon
|inactive|L0u Dort has 180 seconds left.
|
|t:|1779805514
|teamsize|p1|6
|teamsize|p2|6
|start
|switch|p1a: Dragapult|Dragapult, M, shiny|100/100
|switch|p2a: Iron Treads|Iron Treads|100/100
|turn|1
|
|t:|1779805521
|move|p1a: Dragapult|U-turn|p2a: Iron Treads
|-resisted|p2a: Iron Treads
|-damage|p2a: Iron Treads|87/100
|
|t:|1779805524
|switch|p1a: Landorus|Landorus-Therian, M|100/100|[from] U-turn
|-ability|p1a: Landorus|Intimidate|boost
|-unboost|p2a: Iron Treads|atk|1
|move|p2a: Iron Treads|Knock Off|p1a: Landorus
|-damage|p1a: Landorus|88/100
|-damage|p2a: Iron Treads|70/100|[from] item: Rocky Helmet|[of] p1a: Landorus
|-enditem|p1a: Landorus|Rocky Helmet|[from] move: Knock Off|[of] p2a: Iron Treads
|
|upkeep
|turn|2
|
|t:|1779805530
|-end|p2a: Iron Treads|Quark Drive|[silent]
|switch|p2a: Lokix|Lokix, F|100/100
|move|p1a: Landorus|Stealth Rock|p2a: Lokix
|-sidestart|p2: L0u Dort|move: Stealth Rock
|
|upkeep
|turn|3
|
|t:|1779805536
|move|p2a: Lokix|U-turn|p1a: Landorus
|-resisted|p1a: Landorus
|-damage|p1a: Landorus|51/100
|
|t:|1779805538
|switch|p2a: Iron Treads|Iron Treads|70/100|[from] U-turn
|-damage|p2a: Iron Treads|67/100|[from] Stealth Rock
|move|p1a: Landorus|U-turn|p2a: Iron Treads
|-resisted|p2a: Iron Treads
|-damage|p2a: Iron Treads|59/100
|
|t:|1779805543
|switch|p1a: Samurott|Samurott-Hisui, M|100/100|[from] U-turn
|
|upkeep
|turn|4
|
|t:|1779805552
|-end|p2a: Iron Treads|Quark Drive|[silent]
|switch|p2a: Weezing|Weezing-Galar, M|100/100
|-ability|p2a: Weezing|Neutralizing Gas
|-damage|p2a: Weezing|88/100|[from] Stealth Rock
|move|p1a: Samurott|Knock Off|p2a: Weezing
|-resisted|p2a: Weezing
|-damage|p2a: Weezing|73/100
|-enditem|p2a: Weezing|Leftovers|[from] move: Knock Off|[of] p1a: Samurott
|
|upkeep
|turn|5
|
|t:|1779805558
|switch|p1a: Iron Crown|Iron Crown|100/100
|-end|p2a: Weezing|ability: Neutralizing Gas
|switch|p2a: Garganacl|Garganacl, M|100/100
|-damage|p2a: Garganacl|88/100|[from] Stealth Rock
|
|-heal|p2a: Garganacl|94/100|[from] item: Leftovers
|upkeep
|turn|6
|
|t:|1779805561
|-terastallize|p2a: Garganacl|Water
|move|p1a: Iron Crown|Tachyon Cutter|p2a: Garganacl
|-resisted|p2a: Garganacl
|-damage|p2a: Garganacl|85/100
|-resisted|p2a: Garganacl
|-damage|p2a: Garganacl|76/100
|-hitcount|p2a: Garganacl|2
|move|p2a: Garganacl|Stealth Rock|p1a: Iron Crown
|-sidestart|p1: Mimikyu Stardust|move: Stealth Rock
|
|-heal|p2a: Garganacl|82/100|[from] item: Leftovers
|upkeep
|turn|7
|
|t:|1779805573
|move|p1a: Iron Crown|Volt Switch|p2a: Garganacl
|-supereffective|p2a: Garganacl
|-damage|p2a: Garganacl|50/100
|
|t:|1779805575
|-end|p1a: Iron Crown|Quark Drive|[silent]
|switch|p1a: Dragapult|Dragapult, M, shiny|100/100|[from] Volt Switch
|-damage|p1a: Dragapult|88/100|[from] Stealth Rock
|move|p2a: Garganacl|Recover|p2a: Garganacl
|-heal|p2a: Garganacl|99/100
|
|-heal|p2a: Garganacl|100/100|[from] item: Leftovers
|upkeep
|turn|8
|
|t:|1779805578
|move|p2a: Garganacl|Protect|p2a: Garganacl
|-singleturn|p2a: Garganacl|Protect
|move|p1a: Dragapult|Dragon Darts|p2a: Garganacl
|-activate|p2a: Garganacl|move: Protect
|
|upkeep
|turn|9
|
|t:|1779805581
|move|p1a: Dragapult|Dragon Darts|p2a: Garganacl
|-damage|p2a: Garganacl|78/100
|-anim|p1a: Dragapult|Dragon Darts|p2a: Garganacl
|-damage|p2a: Garganacl|57/100
|move|p2a: Garganacl|Salt Cure|p1a: Dragapult
|-damage|p1a: Dragapult|68/100
|-start|p1a: Dragapult|Salt Cure
|
|-heal|p2a: Garganacl|64/100|[from] item: Leftovers
|-damage|p1a: Dragapult|56/100|[from] Salt Cure
|upkeep
|turn|10
|
|t:|1779805584
|switch|p1a: Samurott|Samurott-Hisui, M|100/100
|move|p2a: Garganacl|Salt Cure|p1a: Samurott
|-damage|p1a: Samurott|82/100
|-start|p1a: Samurott|Salt Cure
|
|-heal|p2a: Garganacl|70/100|[from] item: Leftovers
|-damage|p1a: Samurott|57/100|[from] Salt Cure
|upkeep
|turn|11
|
|t:|1779805588
|move|p2a: Garganacl|Protect|p2a: Garganacl
|-singleturn|p2a: Garganacl|Protect
|move|p1a: Samurott|Knock Off|p2a: Garganacl
|-activate|p2a: Garganacl|move: Protect
|
|-heal|p2a: Garganacl|76/100|[from] item: Leftovers
|-damage|p1a: Samurott|32/100|[from] Salt Cure
|upkeep
|turn|12
|
|t:|1779805593
|switch|p2a: Zamazenta|Zamazenta|100/100
|-ability|p2a: Zamazenta|Dauntless Shield|boost
|-boost|p2a: Zamazenta|def|1
|move|p1a: Samurott|Knock Off|p2a: Zamazenta
|-resisted|p2a: Zamazenta
|-damage|p2a: Zamazenta|88/100
|-enditem|p2a: Zamazenta|Heavy-Duty Boots|[from] move: Knock Off|[of] p1a: Samurott
|
|-damage|p1a: Samurott|7/100|[from] Salt Cure
|upkeep
|turn|13
|
|t:|1779805597
|switch|p1a: Landorus|Landorus-Therian, M|51/100
|-damage|p1a: Landorus|39/100|[from] Stealth Rock
|-ability|p1a: Landorus|Intimidate|boost
|-unboost|p2a: Zamazenta|atk|1
|move|p2a: Zamazenta|Crunch|p1a: Landorus
|-damage|p1a: Landorus|25/100
|
|upkeep
|turn|14
|
|t:|1779805612
|move|p2a: Zamazenta|Crunch|p1a: Landorus
|-damage|p1a: Landorus|10/100
|move|p1a: Landorus|U-turn|p2a: Zamazenta
|-resisted|p2a: Zamazenta
|-damage|p2a: Zamazenta|81/100
|
|t:|1779805615
|switch|p1a: Primarina|Primarina, M|100/100|[from] U-turn
|
|upkeep
|turn|15
|
|t:|1779805620
|switch|p2a: Garganacl|Garganacl, M, tera:Water|76/100
|-damage|p2a: Garganacl|64/100|[from] Stealth Rock
|move|p1a: Primarina|Moonblast|p2a: Garganacl
|-damage|p2a: Garganacl|29/100
|
|-heal|p2a: Garganacl|35/100|[from] item: Leftovers
|upkeep
|turn|16
|
|t:|1779805626
|switch|p2a: Iron Treads|Iron Treads|59/100
|-damage|p2a: Iron Treads|56/100|[from] Stealth Rock
|move|p1a: Primarina|Psychic Noise|p2a: Iron Treads
|-resisted|p2a: Iron Treads
|-damage|p2a: Iron Treads|47/100
|-start|p2a: Iron Treads|move: Heal Block
|
|upkeep
|turn|17
|
|t:|1779805631
|move|p2a: Iron Treads|Rapid Spin|p1a: Primarina
|-damage|p1a: Primarina|85/100
|-boost|p2a: Iron Treads|spe|1
|-sideend|p2: L0u Dort|Stealth Rock|[from] move: Rapid Spin|[of] p2a: Iron Treads
|move|p1a: Primarina|Sparkling Aria|p2a: Iron Treads
|-supereffective|p2a: Iron Treads
|-damage|p2a: Iron Treads|0 fnt
|faint|p2a: Iron Treads
|-end|p2a: Iron Treads|Quark Drive|[silent]
|
|upkeep
|
|t:|1779805635
|switch|p2a: Tornadus|Tornadus-Therian, M|100/100
|turn|18
|
|t:|1779805637
|move|p2a: Tornadus|Bleakwind Storm|p1a: Primarina
|-damage|p1a: Primarina|53/100
|move|p1a: Primarina|Moonblast|p2a: Tornadus
|-damage|p2a: Tornadus|70/100
|
|upkeep
|turn|19
|
|t:|1779805644
|switch|p1a: Landorus|Landorus-Therian, M|10/100
|-damage|p1a: Landorus|0 fnt|[from] Stealth Rock
|faint|p1a: Landorus
|move|p2a: Tornadus|Bleakwind Storm|p1: Landorus|[notarget]
|-fail|p2a: Tornadus
|
|upkeep
|
|t:|1779805646
|switch|p1a: Dragapult|Dragapult, M, shiny|56/100
|-damage|p1a: Dragapult|44/100|[from] Stealth Rock
|turn|20
|
|t:|1779805652
|switch|p2a: Weezing|Weezing-Galar, M|73/100
|-ability|p2a: Weezing|Neutralizing Gas
|move|p1a: Dragapult|U-turn|p2a: Weezing
|-resisted|p2a: Weezing
|-damage|p2a: Weezing|67/100
|
|t:|1779805657
|switch|p1a: Iron Crown|Iron Crown|100/100|[from] U-turn
|-damage|p1a: Iron Crown|94/100|[from] Stealth Rock
|
|upkeep
|turn|21
|
|t:|1779805660
|-end|p2a: Weezing|ability: Neutralizing Gas
|switch|p2a: Tornadus|Tornadus-Therian, M|100/100
|move|p1a: Iron Crown|Volt Switch|p2a: Tornadus
|-supereffective|p2a: Tornadus
|-damage|p2a: Tornadus|70/100
|
|t:|1779805667
|-end|p1a: Iron Crown|Quark Drive|[silent]
|switch|p1a: Dragapult|Dragapult, M, shiny|44/100|[from] Volt Switch
|-damage|p1a: Dragapult|31/100|[from] Stealth Rock
|
|upkeep
|turn|22
|
|t:|1779805671
|switch|p2a: Weezing|Weezing-Galar, M|67/100
|-ability|p2a: Weezing|Neutralizing Gas
|move|p1a: Dragapult|U-turn|p2a: Weezing
|-resisted|p2a: Weezing
|-damage|p2a: Weezing|62/100
|
|t:|1779805674
|switch|p1a: Samurott|Samurott-Hisui, M|7/100|[from] U-turn
|
|upkeep
|turn|23
|
|t:|1779805680
|move|p1a: Samurott|Ceaseless Edge|p2a: Weezing|[miss]
|-miss|p1a: Samurott|p2a: Weezing
|move|p2a: Weezing|Sludge Bomb|p1a: Samurott
|-damage|p1a: Samurott|0 fnt
|faint|p1a: Samurott
|
|upkeep
|
|t:|1779805690
|switch|p1a: Iron Crown|Iron Crown|94/100
|-damage|p1a: Iron Crown|88/100|[from] Stealth Rock
|turn|24
|
|t:|1779805695
|-end|p2a: Weezing|ability: Neutralizing Gas
|switch|p2a: Tornadus|Tornadus-Therian, M|100/100
|move|p1a: Iron Crown|Tachyon Cutter|p2a: Tornadus
|-damage|p2a: Tornadus|84/100
|-damage|p2a: Tornadus|65/100
|-hitcount|p2a: Tornadus|2
|
|upkeep
|turn|25
|
|t:|1779805699
|move|p2a: Tornadus|Knock Off|p1a: Iron Crown
|-supereffective|p1a: Iron Crown
|-crit|p1a: Iron Crown
|-damage|p1a: Iron Crown|20/100
|-enditem|p1a: Iron Crown|Assault Vest|[from] move: Knock Off|[of] p2a: Tornadus
|move|p1a: Iron Crown|Future Sight|p2a: Tornadus
|-start|p1a: Iron Crown|move: Future Sight
|
|upkeep
|turn|26
|
|t:|1779805702
|move|p2a: Tornadus|Heat Wave|p1a: Iron Crown
|-supereffective|p1a: Iron Crown
|-damage|p1a: Iron Crown|0 fnt
|faint|p1a: Iron Crown
|-end|p1a: Iron Crown|Quark Drive|[silent]
|
|upkeep
|
|t:|1779805706
|switch|p1a: Dragapult|Dragapult, M, shiny|31/100
|-damage|p1a: Dragapult|19/100|[from] Stealth Rock
|turn|27
|
|t:|1779805714
|switch|p2a: Garganacl|Garganacl, M, tera:Water|35/100
|move|p1a: Dragapult|Dragon Darts|p2a: Garganacl
|-damage|p2a: Garganacl|11/100
|-anim|p1a: Dragapult|Dragon Darts|p2a: Garganacl
|-damage|p2a: Garganacl|0 fnt
|faint|p2a: Garganacl
|
|-hint|Future Sight did not hit because the target is fainted.
|upkeep
|
|t:|1779805717
|switch|p2a: Weezing|Weezing-Galar, M|62/100
|-ability|p2a: Weezing|Neutralizing Gas
|turn|28
|
|t:|1779805720
|switch|p1a: Primarina|Primarina, M|53/100
|move|p2a: Weezing|Will-O-Wisp|p1a: Primarina
|-status|p1a: Primarina|brn
|
|-damage|p1a: Primarina|47/100 brn|[from] brn
|upkeep
|turn|29
|
|t:|1779805727
|-end|p2a: Weezing|ability: Neutralizing Gas
|switch|p2a: Tornadus|Tornadus-Therian, M|99/100
|move|p1a: Primarina|Moonblast|p2a: Tornadus
|-crit|p2a: Tornadus
|-damage|p2a: Tornadus|53/100
|-unboost|p2a: Tornadus|spa|1
|
|-damage|p1a: Primarina|41/100 brn|[from] brn
|upkeep
|turn|30
|
|t:|1779805731
|move|p2a: Tornadus|Knock Off|p1a: Primarina
|-resisted|p1a: Primarina
|-damage|p1a: Primarina|30/100 brn
|-enditem|p1a: Primarina|Heavy-Duty Boots|[from] move: Knock Off|[of] p2a: Tornadus
|move|p1a: Primarina|Moonblast|p2a: Tornadus
|-damage|p2a: Tornadus|21/100
|
|-damage|p1a: Primarina|24/100 brn|[from] brn
|upkeep
|turn|31
|
|t:|1779805735
|move|p2a: Tornadus|U-turn|p1a: Primarina
|-resisted|p1a: Primarina
|-damage|p1a: Primarina|15/100 brn
|
|t:|1779805741
|switch|p2a: Weezing|Weezing-Galar, M|62/100|[from] U-turn
|-ability|p2a: Weezing|Neutralizing Gas
|move|p1a: Primarina|Sparkling Aria|p2a: Weezing
|-damage|p2a: Weezing|0 fnt
|faint|p2a: Weezing
|-end|p2a: Weezing|ability: Neutralizing Gas
|
|-damage|p1a: Primarina|9/100 brn|[from] brn
|upkeep
|
|t:|1779805748
|switch|p2a: Zamazenta|Zamazenta|81/100
|turn|32
|
|t:|1779805752
|move|p2a: Zamazenta|Crunch|p1a: Primarina
|-resisted|p1a: Primarina
|-damage|p1a: Primarina|0 fnt
|faint|p1a: Primarina
|
|upkeep
|
|t:|1779805758
|switch|p1a: Dragapult|Dragapult, M, shiny|19/100
|-damage|p1a: Dragapult|7/100|[from] Stealth Rock
|turn|33
|
|t:|1779805769
|switch|p2a: Tornadus|Tornadus-Therian, M|54/100
|move|p1a: Dragapult|Dragon Darts|p2a: Tornadus
|-damage|p2a: Tornadus|16/100
|-anim|p1a: Dragapult|Dragon Darts|p2a: Tornadus
|-damage|p2a: Tornadus|0 fnt
|faint|p2a: Tornadus
|
|upkeep
|
|t:|1779805786
|switch|p2a: Zamazenta|Zamazenta|81/100
|turn|34
|
|t:|1779805791
|move|p1a: Dragapult|Dragon Darts|p2a: Zamazenta
|-damage|p2a: Zamazenta|48/100
|-anim|p1a: Dragapult|Dragon Darts|p2a: Zamazenta
|-damage|p2a: Zamazenta|11/100
|move|p2a: Zamazenta|Crunch|p1a: Dragapult
|-supereffective|p1a: Dragapult
|-damage|p1a: Dragapult|0 fnt
|faint|p1a: Dragapult
|
|upkeep
|
|t:|1779805796
|switch|p1a: Kingambit|Kingambit, M|100/100
|-damage|p1a: Kingambit|94/100|[from] Stealth Rock
|-activate|p1a: Kingambit|ability: Supreme Overlord
|-start|p1a: Kingambit|fallen5|[silent]
|turn|35
|
|t:|1779805800
|switch|p2a: Lokix|Lokix, F|100/100
|move|p1a: Kingambit|Sucker Punch||[still]
|-fail|p1a: Kingambit
|
|-heal|p1a: Kingambit|100/100|[from] item: Leftovers
|upkeep
|turn|36
|
|t:|1779805804
|move|p2a: Lokix|U-turn|p1a: Kingambit
|-damage|p1a: Kingambit|61/100
|
|t:|1779805806
|switch|p2a: Zamazenta|Zamazenta|11/100|[from] U-turn
|move|p1a: Kingambit|Iron Head|p2a: Zamazenta
|-damage|p2a: Zamazenta|0 fnt
|faint|p2a: Zamazenta
|
|-heal|p1a: Kingambit|67/100|[from] item: Leftovers
|upkeep
|
|t:|1779805807
|switch|p2a: Lokix|Lokix, F|100/100
|turn|37
|
|t:|1779805812
|move|p2a: Lokix|Knock Off|p1a: Kingambit
|-resisted|p1a: Kingambit
|-damage|p1a: Kingambit|16/100
|-enditem|p1a: Kingambit|Leftovers|[from] move: Knock Off|[of] p2a: Lokix
|move|p1a: Kingambit|Iron Head|p2a: Lokix
|-damage|p2a: Lokix|0 fnt
|faint|p2a: Lokix
|
|win|Mimikyu Stardust
|c|☆L0u Dort|gg
|c|☆Mimikyu Stardust|gg
