|j|☆deezss
|j|☆RealProblemSleuth
|t:|1779959759
|gametype|singles
|player|p1|deezss|rosa|1173
|player|p2|RealProblemSleuth|boarder|1240
|gen|9
|tier|[Gen 9] OU
|rated|
|rule|HP Percentage Mod: HP is shown in percentages
|rule|Endless Battle Clause: Forcing endless battles is banned
|rule|Species Clause: Limit one of each Pokémon
|rule|OHKO Clause: OHKO moves are banned
|rule|Evasion Items Clause: Evasion items are banned
|rule|Evasion Moves Clause: Evasion moves are banned
|rule|Evasion Abilities Clause: Evasion abilities are banned
|rule|Sleep Moves Clause: Sleep-inducing moves are banned
|clearpoke
|poke|p1|Scrafty, M|
|poke|p1|Slowking-Galar, M|
|poke|p1|Heatran, M|
|poke|p1|Gholdengo|
|poke|p1|Iron Valiant|
|poke|p1|Weezing-Galar, F|
|poke|p2|Darkrai|
|poke|p2|Heatran, M|
|poke|p2|Clefable, M|
|poke|p2|Samurott-Hisui, M|
|poke|p2|Rillaboom, F|
|poke|p2|Weezing-Galar, M|
|teampreview
|inactive|Battle timer is ON: inactive players will automatically lose when time's up. (requested by deezss)
|l|☆RealProblemSleuth
|inactive|RealProblemSleuth disconnected and has a minute to reconnect!
|player|p2|
|
|t:|1779959786
|teamsize|p1|6
|teamsize|p2|6
|start
|switch|p1a: Heatran|Heatran, M|100/100
|switch|p2a: John Support|Clefable, M, shiny|100/100
|-item|p1a: Heatran|Air Balloon
|turn|1
|j|☆RealProblemSleuth
|inactive|RealProblemSleuth reconnected and has 145 seconds left.
|player|p2|RealProblemSleuth|boarder|
|
|t:|1779959803
|move|p1a: Heatran|Stealth Rock|p2a: John Support
|-sidestart|p2: RealProblemSleuth|move: Stealth Rock
|move|p2a: John Support|Stealth Rock|p1a: Heatran
|-sidestart|p1: deezss|move: Stealth Rock
|
|upkeep
|turn|2
|
|t:|1779959830
|switch|p1a: Gholdengo|Gholdengo|100/100
|-damage|p1a: Gholdengo|94/100|[from] Stealth Rock
|-item|p1a: Gholdengo|Air Balloon
|move|p2a: John Support|Knock Off|p1a: Gholdengo
|-supereffective|p1a: Gholdengo
|-damage|p1a: Gholdengo|64/100
|-enditem|p1a: Gholdengo|Air Balloon
|
|upkeep
|turn|3
|c|☆RealProblemSleuth|i keep forgetting that heatran is simultaneously a good lead and a good wallbreaker
|
|t:|1779959844
|switch|p2a: John Wallbreaker|Heatran, M|100/100
|-damage|p2a: John Wallbreaker|88/100|[from] Stealth Rock
|move|p1a: Gholdengo|Recover|p1a: Gholdengo
|-heal|p1a: Gholdengo|100/100
|
|upkeep
|turn|4
|
|t:|1779959851
|switch|p1a: Heatran|Heatran, M|100/100
|-damage|p1a: Heatran|88/100|[from] Stealth Rock
|-item|p1a: Heatran|Air Balloon
|move|p2a: John Wallbreaker|Earth Power|p1a: Heatran
|-immune|p1a: Heatran
|
|upkeep
|turn|5
|
|t:|1779959873
|-terastallize|p2a: John Wallbreaker|Bug
|move|p1a: Heatran|Earth Power|p2a: John Wallbreaker
|-resisted|p2a: John Wallbreaker
|-damage|p2a: John Wallbreaker|81/100
|move|p2a: John Wallbreaker|Dragon Pulse|p1a: Heatran
|-resisted|p1a: Heatran
|-damage|p1a: Heatran|79/100
|-enditem|p1a: Heatran|Air Balloon
|
|upkeep
|turn|6
|
|t:|1779959887
|switch|p1a: Gholdengo|Gholdengo|100/100
|-damage|p1a: Gholdengo|94/100|[from] Stealth Rock
|move|p2a: John Wallbreaker|Earth Power|p1a: Gholdengo
|-supereffective|p1a: Gholdengo
|-damage|p1a: Gholdengo|32/100
|-unboost|p1a: Gholdengo|spd|1
|
|upkeep
|turn|7
|
|t:|1779959896
|move|p1a: Gholdengo|Make It Rain|p2a: John Wallbreaker
|-damage|p2a: John Wallbreaker|39/100
|-unboost|p1a: Gholdengo|spa|1
|move|p2a: John Wallbreaker|Earth Power|p1a: Gholdengo
|-supereffective|p1a: Gholdengo
|-damage|p1a: Gholdengo|0 fnt
|faint|p1a: Gholdengo
|
|upkeep
|
|t:|1779959903
|switch|p1a: Iron Valiant|Iron Valiant|100/100
|-damage|p1a: Iron Valiant|94/100|[from] Stealth Rock
|turn|8
|
|t:|1779959906
|move|p1a: Iron Valiant|Moonblast|p2a: John Wallbreaker
|-damage|p2a: John Wallbreaker|0 fnt
|faint|p2a: John Wallbreaker
|
|upkeep
|
|t:|1779959919
|switch|p2a: John Coverage|Darkrai|100/100
|-damage|p2a: John Coverage|88/100|[from] Stealth Rock
|turn|9
|
|t:|1779959924
|-end|p1a: Iron Valiant|Quark Drive|[silent]
|switch|p1a: Scrafty|Scrafty, M|100/100
|-damage|p1a: Scrafty|95/100|[from] Stealth Rock
|-ability|p1a: Scrafty|Intimidate|boost
|-unboost|p2a: John Coverage|atk|1
|move|p2a: John Coverage|Sludge Bomb|p1a: Scrafty
|-damage|p1a: Scrafty|81/100
|
|upkeep
|turn|10
|
|t:|1779959938
|switch|p2a: John Removal|Weezing-Galar, M|100/100
|-ability|p2a: John Removal|Neutralizing Gas
|-damage|p2a: John Removal|88/100|[from] Stealth Rock
|-item|p2a: John Removal|Air Balloon
|move|p1a: Scrafty|Knock Off|p2a: John Removal
|-resisted|p2a: John Removal
|-damage|p2a: John Removal|78/100
|-enditem|p2a: John Removal|Air Balloon
|
|upkeep
|turn|11
|
|t:|1779959953
|switch|p1a: Heatran|Heatran, M|79/100
|-damage|p1a: Heatran|66/100|[from] Stealth Rock
|move|p2a: John Removal|Defog|p1a: Heatran
|-unboost|p1a: Heatran|evasion|1
|-sideend|p1: deezss|Stealth Rock|[from] move: Defog|[of] p2a: John Removal
|-sideend|p2: RealProblemSleuth|Stealth Rock|[from] move: Defog|[of] p2a: John Removal
|
|upkeep
|turn|12
|
|t:|1779959964
|move|p1a: Heatran|Stealth Rock|p2a: John Removal
|-sidestart|p2: RealProblemSleuth|move: Stealth Rock
|move|p2a: John Removal|Destiny Bond|p2a: John Removal
|-singlemove|p2a: John Removal|Destiny Bond
|
|upkeep
|turn|13
|
|t:|1779959972
|move|p1a: Heatran|Stealth Rock||[still]
|-fail|p1a: Heatran
|move|p2a: John Removal|Defog|p1a: Heatran
|-unboost|p1a: Heatran|evasion|1
|-sideend|p2: RealProblemSleuth|Stealth Rock|[from] move: Defog|[of] p2a: John Removal
|
|upkeep
|turn|14
|
|t:|1779959978
|-end|p2a: John Removal|ability: Neutralizing Gas
|switch|p2a: John Spikes|Samurott-Hisui, M, shiny|100/100
|move|p1a: Heatran|Earth Power|p2a: John Spikes
|-damage|p2a: John Spikes|58/100
|
|upkeep
|turn|15
|
|t:|1779959989
|switch|p1a: Scrafty|Scrafty, M|81/100
|-ability|p1a: Scrafty|Intimidate|boost
|-unboost|p2a: John Spikes|atk|1
|move|p2a: John Spikes|Swords Dance|p2a: John Spikes
|-boost|p2a: John Spikes|atk|2
|
|upkeep
|turn|16
|
|t:|1779960005
|switch|p2a: John Removal|Weezing-Galar, M|78/100
|-ability|p2a: John Removal|Neutralizing Gas
|move|p1a: Scrafty|Drain Punch|p2a: John Removal
|-resisted|p2a: John Removal
|-damage|p2a: John Removal|75/100
|-heal|p1a: Scrafty|83/100|[from] drain|[of] p2a: John Removal
|
|upkeep
|turn|17
|
|t:|1779960017
|switch|p1a: Weezing|Weezing-Galar, F|100/100
|-ability|p1a: Weezing|Neutralizing Gas
|move|p2a: John Removal|Taunt|p1a: Weezing
|-start|p1a: Weezing|move: Taunt
|
|upkeep
|turn|18
|
|t:|1779960028
|switch|p2a: John Manslaughter|Rillaboom, F, shiny|100/100
|-end|p1a: Weezing|ability: Neutralizing Gas
|-fieldstart|move: Grassy Terrain|[from] ability: Grassy Surge|[of] p2a: John Manslaughter
|switch|p1a: Slowking|Slowking-Galar, M|100/100
|
|upkeep
|turn|19
|
|t:|1779960033
|move|p2a: John Manslaughter|U-turn|p1a: Slowking
|-damage|p1a: Slowking|73/100
|
|t:|1779960035
|switch|p2a: John Coverage|Darkrai|88/100|[from] U-turn
|-prepare|p1a: Slowking|Chilly Reception|[premajor]
|move|p1a: Slowking|Chilly Reception|p1a: Slowking
|-weather|Snowscape
|
|t:|1779960039
|switch|p1a: Scrafty|Scrafty, M|83/100|[from] Chilly Reception
|-ability|p1a: Scrafty|Intimidate|boost
|-unboost|p2a: John Coverage|atk|1
|
|-weather|Snowscape|[upkeep]
|-heal|p2a: John Coverage|94/100|[from] Grassy Terrain
|-heal|p1a: Scrafty|89/100|[from] Grassy Terrain
|upkeep
|turn|20
|
|t:|1779960047
|switch|p2a: John Manslaughter|Rillaboom, F, shiny|100/100
|move|p1a: Scrafty|Knock Off|p2a: John Manslaughter
|-damage|p2a: John Manslaughter|64/100
|-enditem|p2a: John Manslaughter|Meadow Plate|[from] move: Knock Off|[of] p1a: Scrafty
|
|-weather|Snowscape|[upkeep]
|-heal|p2a: John Manslaughter|71/100|[from] Grassy Terrain
|-heal|p1a: Scrafty|95/100|[from] Grassy Terrain
|upkeep
|turn|21
|
|t:|1779960054
|switch|p1a: Slowking|Slowking-Galar, M|100/100
|move|p2a: John Manslaughter|Swords Dance|p2a: John Manslaughter
|-boost|p2a: John Manslaughter|atk|2
|
|-weather|Snowscape|[upkeep]
|-heal|p2a: John Manslaughter|77/100|[from] Grassy Terrain
|upkeep
|turn|22
|
|t:|1779960060
|move|p2a: John Manslaughter|U-turn|p1a: Slowking
|-damage|p1a: Slowking|51/100
|
|t:|1779960065
|switch|p2a: John Support|Clefable, M, shiny|100/100|[from] U-turn
|-prepare|p1a: Slowking|Chilly Reception|[premajor]
|move|p1a: Slowking|Chilly Reception|p1a: Slowking
|
|t:|1779960071
|switch|p1a: Heatran|Heatran, M|66/100|[from] Chilly Reception
|
|-weather|Snowscape|[upkeep]
|-heal|p1a: Heatran|73/100|[from] Grassy Terrain
|-fieldend|move: Grassy Terrain
|upkeep
|turn|23
|
|t:|1779960074
|move|p1a: Heatran|Magma Storm|p2a: John Support|[miss]
|-miss|p1a: Heatran|p2a: John Support
|move|p2a: John Support|Encore|p1a: Heatran
|-start|p1a: Heatran|Encore
|
|-weather|none
|upkeep
|turn|24
|
|t:|1779960083
|move|p1a: Heatran|Magma Storm|p2a: John Support|[miss]
|-miss|p1a: Heatran|p2a: John Support
|move|p2a: John Support|Stealth Rock|p1a: Heatran
|-sidestart|p1: deezss|move: Stealth Rock
|
|upkeep
|turn|25
|c|☆deezss|typical
|
|t:|1779960090
|switch|p2a: John Spikes|Samurott-Hisui, M, shiny|58/100
|move|p1a: Heatran|Magma Storm|p2a: John Spikes
|-resisted|p2a: John Spikes
|-damage|p2a: John Spikes|26/100
|-activate|p2a: John Spikes|move: Magma Storm|[of] p1a: Heatran
|
|-damage|p2a: John Spikes|14/100|[from] move: Magma Storm|[partiallytrapped]
|upkeep
|turn|26
|
|t:|1779960097
|switch|p1a: Scrafty|Scrafty, M|95/100
|-damage|p1a: Scrafty|89/100|[from] Stealth Rock
|-ability|p1a: Scrafty|Intimidate|boost
|-unboost|p2a: John Spikes|atk|1
|move|p2a: John Spikes|Ceaseless Edge|p1a: Scrafty
|-resisted|p1a: Scrafty
|-damage|p1a: Scrafty|79/100
|-sidestart|p1: deezss|Spikes
|-damage|p2a: John Spikes|4/100|[from] item: Life Orb
|
|-end|p2a: John Spikes|Magma Storm|[partiallytrapped]|[silent]
|upkeep
|turn|27
|
|t:|1779960112
|switch|p2a: John Removal|Weezing-Galar, M|75/100
|-ability|p2a: John Removal|Neutralizing Gas
|move|p1a: Scrafty|Drain Punch|p2a: John Removal
|-resisted|p2a: John Removal
|-damage|p2a: John Removal|71/100
|-heal|p1a: Scrafty|81/100|[from] drain|[of] p2a: John Removal
|
|upkeep
|turn|28
|
|t:|1779960115
|switch|p1a: Weezing|Weezing-Galar, F|100/100
|-ability|p1a: Weezing|Neutralizing Gas
|move|p2a: John Removal|Strange Steam|p1a: Weezing
|-resisted|p1a: Weezing
|-damage|p1a: Weezing|83/100
|
|upkeep
|turn|29
|
|t:|1779960120
|move|p2a: John Removal|Taunt|p1a: Weezing
|-start|p1a: Weezing|move: Taunt
|cant|p1a: Weezing|move: Taunt|Defog
|
|upkeep
|turn|30
|
|t:|1779960144
|switch|p1a: Heatran|Heatran, M|73/100
|-damage|p1a: Heatran|60/100|[from] Stealth Rock
|-damage|p1a: Heatran|48/100|[from] Spikes
|-end|p2a: John Removal|ability: Neutralizing Gas
|switch|p2a: John Support|Clefable, M, shiny|100/100
|
|upkeep
|turn|31
|
|t:|1779960151
|move|p1a: Heatran|Magma Storm|p2a: John Support
|-damage|p2a: John Support|74/100
|-activate|p2a: John Support|move: Magma Storm|[of] p1a: Heatran
|move|p2a: John Support|Encore|p1a: Heatran
|-start|p1a: Heatran|Encore
|
|-heal|p2a: John Support|80/100|[from] item: Leftovers
|upkeep
|turn|32
|
|t:|1779960157
|move|p1a: Heatran|Magma Storm|p2a: John Support|[miss]
|-miss|p1a: Heatran|p2a: John Support
|move|p2a: John Support|Knock Off|p1a: Heatran
|-damage|p1a: Heatran|39/100
|
|-heal|p2a: John Support|86/100|[from] item: Leftovers
|upkeep
|turn|33
|
|t:|1779960171
|move|p1a: Heatran|Magma Storm|p2a: John Support
|-damage|p2a: John Support|58/100
|move|p2a: John Support|Knock Off|p1a: Heatran
|-damage|p1a: Heatran|29/100
|
|-heal|p2a: John Support|64/100|[from] item: Leftovers
|upkeep
|turn|34
|
|t:|1779960176
|move|p1a: Heatran|Magma Storm|p2a: John Support
|-damage|p2a: John Support|34/100
|move|p2a: John Support|Moonlight|p2a: John Support
|-heal|p2a: John Support|84/100
|
|-heal|p2a: John Support|90/100|[from] item: Leftovers
|-end|p1a: Heatran|Encore
|upkeep
|turn|35
|
|t:|1779960180
|move|p1a: Heatran|Magma Storm|p2a: John Support
|-damage|p2a: John Support|60/100
|move|p2a: John Support|Knock Off|p1a: Heatran
|-damage|p1a: Heatran|20/100
|
|-heal|p2a: John Support|66/100|[from] item: Leftovers
|-end|p2a: John Support|Magma Storm|[partiallytrapped]
|upkeep
|turn|36
|
|t:|1779960184
|move|p1a: Heatran|Earth Power|p2a: John Support
|-damage|p2a: John Support|49/100
|move|p2a: John Support|Knock Off|p1a: Heatran
|-damage|p1a: Heatran|10/100
|
|-heal|p2a: John Support|55/100|[from] item: Leftovers
|upkeep
|turn|37
|
|t:|1779960187
|move|p1a: Heatran|Earth Power|p2a: John Support
|-crit|p2a: John Support
|-damage|p2a: John Support|28/100
|move|p2a: John Support|Knock Off|p1a: Heatran
|-damage|p1a: Heatran|0 fnt
|faint|p1a: Heatran
|
|-heal|p2a: John Support|35/100|[from] item: Leftovers
|upkeep
|
|t:|1779960193
|switch|p1a: Slowking|Slowking-Galar, M|84/100
|turn|38
|
|t:|1779960197
|move|p2a: John Support|Moonlight|p2a: John Support
|-heal|p2a: John Support|85/100
|move|p1a: Slowking|Sludge Wave|p2a: John Support
|-supereffective|p2a: John Support
|-damage|p2a: John Support|40/100
|
|-heal|p2a: John Support|46/100|[from] item: Leftovers
|upkeep
|turn|39
|
|t:|1779960206
|move|p2a: John Support|Knock Off|p1a: Slowking
|-supereffective|p1a: Slowking
|-damage|p1a: Slowking|48/100
|-enditem|p1a: Slowking|Heavy-Duty Boots|[from] move: Knock Off|[of] p2a: John Support
|move|p1a: Slowking|Sludge Wave|p2a: John Support
|-supereffective|p2a: John Support
|-damage|p2a: John Support|0 fnt
|faint|p2a: John Support
|
|upkeep
|
|t:|1779960223
|switch|p2a: John Removal|Weezing-Galar, M|71/100
|-ability|p2a: John Removal|Neutralizing Gas
|turn|40
|
|t:|1779960229
|move|p2a: John Removal|Taunt|p1a: Slowking
|-start|p1a: Slowking|move: Taunt
|move|p1a: Slowking|Future Sight|p2a: John Removal
|-start|p1a: Slowking|move: Future Sight
|
|upkeep
|turn|41
|
|t:|1779960237
|switch|p1a: Weezing|Weezing-Galar, F|83/100
|-ability|p1a: Weezing|Neutralizing Gas
|move|p2a: John Removal|Strange Steam|p1a: Weezing
|-resisted|p1a: Weezing
|-damage|p1a: Weezing|65/100
|
|upkeep
|turn|42
|
|t:|1779960244
|move|p1a: Weezing|Defog|p2a: John Removal
|-unboost|p2a: John Removal|evasion|1
|-sideend|p1: deezss|Spikes|[from] move: Defog|[of] p1a: Weezing
|-sideend|p1: deezss|Stealth Rock|[from] move: Defog|[of] p1a: Weezing
|move|p2a: John Removal|Destiny Bond|p2a: John Removal
|-singlemove|p2a: John Removal|Destiny Bond
|
|-end|p2a: John Removal|move: Future Sight
|-supereffective|p2a: John Removal
|-damage|p2a: John Removal|0 fnt
|faint|p2a: John Removal
|upkeep
|c|☆RealProblemSleuth|wait that doesn’t work
|c|☆RealProblemSleuth|nooooooo
|c|☆deezss|no
|c|☆deezss|it has to be direct attack
|
|t:|1779960270
|switch|p2a: John Manslaughter|Rillaboom, F, shiny|77/100
|turn|43
|
|t:|1779960275
|move|p2a: John Manslaughter|Swords Dance|p2a: John Manslaughter
|-boost|p2a: John Manslaughter|atk|2
|move|p1a: Weezing|Will-O-Wisp|p2a: John Manslaughter
|-status|p2a: John Manslaughter|brn
|
|-damage|p2a: John Manslaughter|71/100 brn|[from] brn
|upkeep
|turn|44
|
|t:|1779960280
|move|p2a: John Manslaughter|Swords Dance|p2a: John Manslaughter
|-boost|p2a: John Manslaughter|atk|2
|move|p1a: Weezing|Strange Steam|p2a: John Manslaughter
|-damage|p2a: John Manslaughter|32/100 brn
|
|-damage|p2a: John Manslaughter|25/100 brn|[from] brn
|upkeep
|turn|45
|
|t:|1779960287
|move|p2a: John Manslaughter|U-turn|p1a: Weezing
|-resisted|p1a: Weezing
|-damage|p1a: Weezing|59/100
|
|t:|1779960289
|switch|p2a: John Spikes|Samurott-Hisui, M, shiny|4/100|[from] U-turn
|move|p1a: Weezing|Strange Steam|p2a: John Spikes
|-supereffective|p2a: John Spikes
|-damage|p2a: John Spikes|0 fnt
|faint|p2a: John Spikes
|
|upkeep
|
|t:|1779960291
|switch|p2a: John Coverage|Darkrai|94/100
|turn|46
|
|t:|1779960296
|move|p2a: John Coverage|Ice Beam|p1a: Weezing
|-damage|p1a: Weezing|15/100
|move|p1a: Weezing|Strange Steam|p2a: John Coverage
|-supereffective|p2a: John Coverage
|-damage|p2a: John Coverage|25/100
|
|upkeep
|turn|47
|
|t:|1779960301
|-end|p1a: Weezing|ability: Neutralizing Gas
|switch|p1a: Slowking|Slowking-Galar, M|48/100
|move|p2a: John Coverage|Ice Beam|p1a: Slowking
|-damage|p1a: Slowking|30/100
|
|upkeep
|turn|48
|
|t:|1779960308
|switch|p1a: Scrafty|Scrafty, M|81/100
|-ability|p1a: Scrafty|Intimidate|boost
|-unboost|p2a: John Coverage|atk|1
|move|p2a: John Coverage|Dark Pulse|p1a: Scrafty
|-resisted|p1a: Scrafty
|-damage|p1a: Scrafty|76/100
|
|upkeep
|turn|49
|
|t:|1779960314
|move|p2a: John Coverage|Focus Blast|p1a: Scrafty|[miss]
|-miss|p2a: John Coverage|p1a: Scrafty
|move|p1a: Scrafty|Drain Punch|p2a: John Coverage
|-supereffective|p2a: John Coverage
|-damage|p2a: John Coverage|0 fnt
|-heal|p1a: Scrafty|87/100|[from] drain|[of] p2a: John Coverage
|faint|p2a: John Coverage
|
|upkeep
|c|☆RealProblemSleuth|gg
|c|☆deezss|idt that killed
|c|☆deezss|im max spdef av
|c|☆RealProblemSleuth|yeah scrafty
|c|☆RealProblemSleuth|is reallt bulky
|inactive|RealProblemSleuth has 120 seconds left.
|c|☆RealProblemSleuth|im lowk desensitised to missing focus blast atp
|-message|RealProblemSleuth forfeited.
|
|win|deezss
|raw|deezss's rating: 1173 &rarr; <strong>1203</strong><br />(+30 for winning)
|raw|RealProblemSleuth's rating: 1240 &rarr; <strong>1210</strong><br />(-30 for losing)
|l|☆RealProblemSleuth
|player|p2|
