|j|☆BBCM1ke
|j|☆Rotsen1
|t:|1779912999
|gametype|singles
|player|p1|BBCM1ke|nate|1117
|player|p2|Rotsen1|169|1176
|gen|9
|tier|[Gen 9] OU
|rated|
|rule|HP Percentage Mod: HP is shown in percentages
|rule|Endless Battle Clause: Forcing endless battles is banned
|rule|Species Clause: Limit one of each Pokémon
|rule|OHKO Clause: OHKO moves are banned
|rule|Evasion Items Clause: Evasion items are banned
|rule|Evasion Moves Clause: Evasion moves are banned
|rule|Evasion Abilities Clause: Evasion abilities are banned
|rule|Sleep Moves Clause: Sleep-inducing moves are banned
|clearpoke
|poke|p1|Dondozo, F|
|poke|p1|Clodsire, F|
|poke|p1|Corviknight, M|
|poke|p1|Dragonite, F|
|poke|p1|Garganacl, M|
|poke|p1|Slowking-Galar, F|
|poke|p2|Galvantula, M|
|poke|p2|Pawmot, M|
|poke|p2|Ampharos, M|
|poke|p2|Raging Bolt|
|poke|p2|Magnezone|
|poke|p2|Luxray, M|
|teampreview
|
|t:|1779913008
|teamsize|p1|6
|teamsize|p2|6
|start
|switch|p1a: Clodsire|Clodsire, F|100/100
|switch|p2a: Galvantula|Galvantula, M|100/100
|turn|1
|
|t:|1779913020
|move|p2a: Galvantula|Sticky Web|p1a: Clodsire
|-sidestart|p1: BBCM1ke|move: Sticky Web
|move|p1a: Clodsire|Stealth Rock|p2a: Galvantula
|-sidestart|p2: Rotsen1|move: Stealth Rock
|
|upkeep
|turn|2
|
|t:|1779913040
|switch|p2a: Luxray|Luxray, M|100/100
|-damage|p2a: Luxray|88/100|[from] Stealth Rock
|-ability|p2a: Luxray|Intimidate|boost
|-unboost|p1a: Clodsire|atk|1
|move|p1a: Clodsire|Toxic|p2a: Luxray
|-status|p2a: Luxray|tox
|
|-damage|p2a: Luxray|82/100 tox|[from] psn
|upkeep
|turn|3
|
|t:|1779913052
|move|p2a: Luxray|Ice Fang|p1a: Clodsire
|-supereffective|p1a: Clodsire
|-damage|p1a: Clodsire|30/100
|-damage|p2a: Luxray|72/100 tox|[from] item: Life Orb
|move|p1a: Clodsire|Earthquake|p2a: Luxray
|-supereffective|p2a: Luxray
|-damage|p2a: Luxray|30/100 tox
|
|-heal|p1a: Clodsire|37/100|[from] item: Leftovers
|-damage|p2a: Luxray|18/100 tox|[from] psn
|upkeep
|turn|4
|
|t:|1779913069
|move|p2a: Luxray|Ice Fang|p1a: Clodsire
|-supereffective|p1a: Clodsire
|-damage|p1a: Clodsire|0 fnt
|faint|p1a: Clodsire
|-damage|p2a: Luxray|8/100 tox|[from] item: Life Orb
|
|-damage|p2a: Luxray|0 fnt|[from] psn
|faint|p2a: Luxray
|upkeep
|
|t:|1779913085
|switch|p2a: Raging Bolt|Raging Bolt|100/100
|switch|p1a: Garganacl|Garganacl, M|100/100
|-damage|p2a: Raging Bolt|88/100|[from] Stealth Rock
|-activate|p1a: Garganacl|move: Sticky Web
|-unboost|p1a: Garganacl|spe|1
|-enditem|p2a: Raging Bolt|Booster Energy
|-activate|p2a: Raging Bolt|ability: Protosynthesis|[fromitem]
|-start|p2a: Raging Bolt|protosynthesisspa
|turn|5
|
|t:|1779913096
|move|p2a: Raging Bolt|Thunderclap|p1a: Garganacl
|-damage|p1a: Garganacl|65/100
|move|p1a: Garganacl|Salt Cure|p2a: Raging Bolt
|-damage|p2a: Raging Bolt|76/100
|-start|p2a: Raging Bolt|Salt Cure
|
|-heal|p1a: Garganacl|71/100|[from] item: Leftovers
|-damage|p2a: Raging Bolt|64/100|[from] Salt Cure
|upkeep
|turn|6
|
|t:|1779913109
|move|p2a: Raging Bolt|Volt Switch|p1a: Garganacl
|-damage|p1a: Garganacl|34/100
|
|t:|1779913113
|-end|p2a: Raging Bolt|Protosynthesis|[silent]
|switch|p2a: Magnezone|Magnezone|100/100|[from] Volt Switch
|-damage|p2a: Magnezone|94/100|[from] Stealth Rock
|move|p1a: Garganacl|Earthquake|p2a: Magnezone
|-supereffective|p2a: Magnezone
|-damage|p2a: Magnezone|26/100
|
|-heal|p2a: Magnezone|32/100|[from] item: Leftovers
|-heal|p1a: Garganacl|40/100|[from] item: Leftovers
|upkeep
|turn|7
|
|t:|1779913127
|move|p1a: Garganacl|Recover|p1a: Garganacl
|-heal|p1a: Garganacl|90/100
|move|p2a: Magnezone|Mirror Coat||[still]
|-fail|p2a: Magnezone
|
|-heal|p2a: Magnezone|38/100|[from] item: Leftovers
|-heal|p1a: Garganacl|96/100|[from] item: Leftovers
|upkeep
|turn|8
|
|t:|1779913136
|move|p2a: Magnezone|Flash Cannon|p1a: Garganacl
|-supereffective|p1a: Garganacl
|-damage|p1a: Garganacl|45/100
|move|p1a: Garganacl|Earthquake|p2a: Magnezone
|-supereffective|p2a: Magnezone
|-damage|p2a: Magnezone|0 fnt
|faint|p2a: Magnezone
|
|-heal|p1a: Garganacl|51/100|[from] item: Leftovers
|upkeep
|
|t:|1779913146
|switch|p2a: Pawmot|Pawmot, M|100/100
|-damage|p2a: Pawmot|94/100|[from] Stealth Rock
|turn|9
|
|t:|1779913154
|move|p2a: Pawmot|Ice Punch|p1a: Garganacl
|-damage|p1a: Garganacl|27/100
|move|p1a: Garganacl|Salt Cure|p2a: Pawmot
|-resisted|p2a: Pawmot
|-crit|p2a: Pawmot
|-damage|p2a: Pawmot|77/100
|-start|p2a: Pawmot|Salt Cure
|
|-heal|p1a: Garganacl|33/100|[from] item: Leftovers
|-damage|p2a: Pawmot|65/100|[from] Salt Cure
|upkeep
|turn|10
|
|t:|1779913165
|move|p2a: Pawmot|Mach Punch|p1a: Garganacl
|-supereffective|p1a: Garganacl
|-crit|p1a: Garganacl
|-damage|p1a: Garganacl|0 fnt
|faint|p1a: Garganacl
|
|-damage|p2a: Pawmot|52/100|[from] Salt Cure
|upkeep
|
|t:|1779913174
|switch|p1a: Slowking|Slowking-Galar, F|100/100
|turn|11
|
|t:|1779913179
|move|p2a: Pawmot|Thunder Punch|p1a: Slowking
|-damage|p1a: Slowking|51/100
|move|p1a: Slowking|Future Sight|p2a: Pawmot
|-start|p1a: Slowking|move: Future Sight
|
|-damage|p2a: Pawmot|40/100|[from] Salt Cure
|upkeep
|turn|12
|inactive|Battle timer is ON: inactive players will automatically lose when time's up. (requested by Rotsen1)
|
|t:|1779913195
|move|p2a: Pawmot|Thunder Punch|p1a: Slowking
|-damage|p1a: Slowking|1/100
|move|p1a: Slowking|Sludge Bomb|p2a: Pawmot
|-damage|p2a: Pawmot|0 fnt
|faint|p2a: Pawmot
|
|upkeep
|
|t:|1779913204
|switch|p2a: Raging Bolt|Raging Bolt|64/100
|-damage|p2a: Raging Bolt|51/100|[from] Stealth Rock
|turn|13
|
|t:|1779913209
|move|p2a: Raging Bolt|Volt Switch|p1a: Slowking
|-crit|p1a: Slowking
|-damage|p1a: Slowking|0 fnt
|faint|p1a: Slowking
|
|t:|1779913214
|-end|p2a: Raging Bolt|Protosynthesis|[silent]
|switch|p2a: Galvantula|Galvantula, M|100/100|[from] Volt Switch
|-damage|p2a: Galvantula|76/100|[from] Stealth Rock
|
|-end|p2a: Galvantula|move: Future Sight
|-damage|p2a: Galvantula|0 fnt
|faint|p2a: Galvantula
|upkeep
|inactive|BBCM1ke has 120 seconds left.
|
|t:|1779913245
|switch|p2a: Raging Bolt|Raging Bolt|51/100
|switch|p1a: Dondozo|Dondozo, F|100/100
|-damage|p2a: Raging Bolt|39/100|[from] Stealth Rock
|-activate|p1a: Dondozo|move: Sticky Web
|-unboost|p1a: Dondozo|spe|1
|turn|14
|
|t:|1779913256
|move|p2a: Raging Bolt|Thunderclap||[still]
|-fail|p2a: Raging Bolt
|move|p1a: Dondozo|Rest|p1a: Dondozo
|-fail|p1a: Dondozo|heal
|
|upkeep
|turn|15
|
|t:|1779913265
|move|p2a: Raging Bolt|Thunderclap|p1a: Dondozo
|-supereffective|p1a: Dondozo
|-damage|p1a: Dondozo|15/100
|move|p1a: Dondozo|Body Press|p2a: Raging Bolt
|-damage|p2a: Raging Bolt|17/100
|
|-heal|p1a: Dondozo|21/100|[from] item: Leftovers
|upkeep
|turn|16
|
|t:|1779913274
|move|p2a: Raging Bolt|Volt Switch|p1a: Dondozo
|-supereffective|p1a: Dondozo
|-damage|p1a: Dondozo|0 fnt
|faint|p1a: Dondozo
|
|t:|1779913279
|-end|p2a: Raging Bolt|Protosynthesis|[silent]
|switch|p2a: Ampharos|Ampharos, M|100/100|[from] Volt Switch
|-damage|p2a: Ampharos|88/100|[from] Stealth Rock
|
|upkeep
|
|t:|1779913284
|switch|p1a: Corviknight|Corviknight, M|100/100
|-ability|p1a: Corviknight|Pressure
|turn|17
|
|t:|1779913293
|move|p1a: Corviknight|U-turn|p2a: Ampharos
|-damage|p2a: Ampharos|69/100
|
|t:|1779913295
|switch|p1a: Dragonite|Dragonite, F|100/100|[from] U-turn
|move|p2a: Ampharos|Thunderbolt|p1a: Dragonite
|-damage|p1a: Dragonite|82/100
|
|upkeep
|turn|18
|
|t:|1779913304
|move|p1a: Dragonite|Earthquake|p2a: Ampharos
|-supereffective|p2a: Ampharos
|-damage|p2a: Ampharos|0 fnt
|faint|p2a: Ampharos
|
|upkeep
|
|t:|1779913310
|switch|p2a: Raging Bolt|Raging Bolt|17/100
|-damage|p2a: Raging Bolt|5/100|[from] Stealth Rock
|turn|19
|
|t:|1779913314
|move|p1a: Dragonite|Extreme Speed|p2a: Raging Bolt
|-damage|p2a: Raging Bolt|0 fnt
|faint|p2a: Raging Bolt
|-end|p2a: Raging Bolt|Protosynthesis|[silent]
|
|win|BBCM1ke
|raw|BBCM1ke's rating: 1117 &rarr; <strong>1146</strong><br />(+29 for winning)
|raw|Rotsen1's rating: 1176 &rarr; <strong>1147</strong><br />(-29 for losing)
|l|☆BBCM1ke
|player|p1|
|l|☆Rotsen1
|player|p2|
