|j|☆fenixkarde
|j|☆npctypebeat
|t:|1779932073
|gametype|singles
|player|p1|fenixkarde|101|1108
|player|p2|npctypebeat|102|1134
|gen|9
|tier|[Gen 9] OU
|rated|
|rule|HP Percentage Mod: HP is shown in percentages
|rule|Endless Battle Clause: Forcing endless battles is banned
|rule|Species Clause: Limit one of each Pokémon
|rule|OHKO Clause: OHKO moves are banned
|rule|Evasion Items Clause: Evasion items are banned
|rule|Evasion Moves Clause: Evasion moves are banned
|rule|Evasion Abilities Clause: Evasion abilities are banned
|rule|Sleep Moves Clause: Sleep-inducing moves are banned
|clearpoke
|poke|p1|Pikachu-Sinnoh, M|
|poke|p1|Charizard, M|
|poke|p1|Sceptile, F|
|poke|p1|Infernape, M|
|poke|p1|Krookodile, M|
|poke|p1|Greninja-*, M|
|poke|p2|Corviknight, M|
|poke|p2|Ting-Lu|
|poke|p2|Kyurem|
|poke|p2|Dondozo, F|
|poke|p2|Slowking-Galar, F|
|poke|p2|Cinderace, F|
|teampreview
|c|☆npctypebeat|hf
|inactive|Battle timer is ON: inactive players will automatically lose when time's up. (requested by npctypebeat)
|
|t:|1779932082
|teamsize|p1|6
|teamsize|p2|6
|start
|switch|p1a: Pikachu|Pikachu-Sinnoh, M|100/100
|switch|p2a: Cinderace|Cinderace, F|100/100
|turn|1
|
|t:|1779932094
|switch|p1a: Charizard|Charizard, M, shiny|100/100
|move|p2a: Cinderace|Pyro Ball|p1a: Charizard
|-resisted|p1a: Charizard
|-damage|p1a: Charizard|72/100
|
|upkeep
|turn|2
|
|t:|1779932100
|move|p2a: Cinderace|Pyro Ball|p1a: Charizard
|-resisted|p1a: Charizard
|-crit|p1a: Charizard
|-damage|p1a: Charizard|27/100
|move|p1a: Charizard|Scorching Sands|p2a: Cinderace
|-supereffective|p2a: Cinderace
|-damage|p2a: Cinderace|38/100
|-damage|p1a: Charizard|17/100|[from] item: Life Orb
|
|upkeep
|turn|3
|inactive|fenixkarde has 120 seconds left.
|
|t:|1779932131
|move|p2a: Cinderace|Pyro Ball|p1a: Charizard
|-resisted|p1a: Charizard
|-crit|p1a: Charizard
|-damage|p1a: Charizard|0 fnt
|faint|p1a: Charizard
|
|upkeep
|inactive|fenixkarde has 120 seconds left.
|
|t:|1779932137
|switch|p1a: Infernape|Infernape, M, shiny|100/100
|-item|p1a: Infernape|Air Balloon
|turn|4
|
|t:|1779932145
|move|p1a: Infernape|Fake Out|p2a: Cinderace
|-damage|p2a: Cinderace|23/100
|cant|p2a: Cinderace|flinch
|
|upkeep
|turn|5
|
|t:|1779932153
|move|p2a: Cinderace|Pyro Ball|p1a: Infernape
|-resisted|p1a: Infernape
|-damage|p1a: Infernape|54/100
|-enditem|p1a: Infernape|Air Balloon
|move|p1a: Infernape|Stone Edge|p2a: Cinderace
|-supereffective|p2a: Cinderace
|-damage|p2a: Cinderace|0 fnt
|faint|p2a: Cinderace
|
|upkeep
|
|t:|1779932157
|switch|p2a: Kyurem|Kyurem|100/100
|-ability|p2a: Kyurem|Pressure
|turn|6
|
|t:|1779932177
|move|p2a: Kyurem|Earth Power|p1a: Infernape
|-supereffective|p1a: Infernape
|-damage|p1a: Infernape|0 fnt
|faint|p1a: Infernape
|
|upkeep
|
|t:|1779932188
|switch|p1a: Pikachu|Pikachu-Sinnoh, M|100/100
|turn|7
|
|t:|1779932190
|move|p2a: Kyurem|Freeze-Dry|p1a: Pikachu
|-damage|p1a: Pikachu|3/100
|move|p1a: Pikachu|Iron Tail|p2a: Kyurem
|-supereffective|p2a: Kyurem
|-damage|p2a: Kyurem|32/100
|
|-heal|p2a: Kyurem|38/100|[from] item: Leftovers
|upkeep
|turn|8
|
|t:|1779932206
|move|p2a: Kyurem|Freeze-Dry|p1a: Pikachu
|-damage|p1a: Pikachu|0 fnt
|faint|p1a: Pikachu
|
|-heal|p2a: Kyurem|44/100|[from] item: Leftovers
|upkeep
|
|t:|1779932225
|switch|p1a: Greninja|Greninja, M|100/100
|turn|9
|
|t:|1779932233
|-terastallize|p1a: Greninja|Ice
|move|p2a: Kyurem|Freeze-Dry|p1a: Greninja
|-resisted|p1a: Greninja
|-damage|p1a: Greninja|78/100
|move|p1a: Greninja|Ice Beam|p2a: Kyurem
|-damage|p2a: Kyurem|0 fnt
|faint|p2a: Kyurem
|-ability|p1a: Greninja|Battle Bond|boost
|-boost|p1a: Greninja|atk|1
|-boost|p1a: Greninja|spa|1
|-boost|p1a: Greninja|spe|1
|-activate|p1a: Greninja|ability: Battle Bond
|-damage|p1a: Greninja|68/100|[from] item: Life Orb
|
|upkeep
|
|t:|1779932252
|switch|p2a: Dondozo|Dondozo, F|100/100
|turn|10
|
|t:|1779932260
|move|p1a: Greninja|Grass Knot|p2a: Dondozo
|-supereffective|p2a: Dondozo
|-damage|p2a: Dondozo|42/100
|-damage|p1a: Greninja|58/100|[from] item: Life Orb
|move|p2a: Dondozo|Body Press|p1a: Greninja
|-supereffective|p1a: Greninja
|-damage|p1a: Greninja|0 fnt
|faint|p1a: Greninja
|
|-heal|p2a: Dondozo|48/100|[from] item: Leftovers
|upkeep
|
|t:|1779932268
|switch|p1a: Sceptile|Sceptile, F, shiny|100/100
|turn|11
|
|t:|1779932282
|switch|p2a: Corviknight|Corviknight, M|100/100
|-ability|p2a: Corviknight|Pressure
|move|p1a: Sceptile|Leaf Storm|p2a: Corviknight
|-resisted|p2a: Corviknight
|-damage|p2a: Corviknight|85/100
|-unboost|p1a: Sceptile|spa|2
|-enditem|p1a: Sceptile|White Herb
|-clearnegativeboost|p1a: Sceptile|[silent]
|
|upkeep
|turn|12
|
|t:|1779932292
|move|p1a: Sceptile|Leech Seed|p2a: Corviknight
|-start|p2a: Corviknight|move: Leech Seed
|move|p2a: Corviknight|Brave Bird|p1a: Sceptile
|-supereffective|p1a: Sceptile
|-damage|p1a: Sceptile|0 fnt
|faint|p1a: Sceptile
|-damage|p2a: Corviknight|60/100|[from] Recoil
|
|upkeep
|
|t:|1779932296
|switch|p1a: Krookodile|Krookodile, M, shiny|100/100
|-ability|p1a: Krookodile|Intimidate|boost
|-unboost|p2a: Corviknight|atk|1
|turn|13
|
|t:|1779932305
|move|p1a: Krookodile|Crunch|p2a: Corviknight
|-damage|p2a: Corviknight|33/100
|-damage|p1a: Krookodile|84/100|[from] item: Rocky Helmet|[of] p2a: Corviknight
|move|p2a: Corviknight|U-turn|p1a: Krookodile
|-supereffective|p1a: Krookodile
|-damage|p1a: Krookodile|64/100
|
|t:|1779932325
|switch|p2a: Dondozo|Dondozo, F|48/100|[from] U-turn
|
|-heal|p2a: Dondozo|54/100|[from] item: Leftovers
|upkeep
|turn|14
|
|t:|1779932338
|move|p1a: Krookodile|Earthquake|p2a: Dondozo
|-damage|p2a: Dondozo|25/100
|move|p2a: Dondozo|Waterfall|p1a: Krookodile
|-supereffective|p1a: Krookodile
|-damage|p1a: Krookodile|0 fnt
|faint|p1a: Krookodile
|
|win|npctypebeat
|raw|fenixkarde's rating: 1108 &rarr; <strong>1083</strong><br />(-25 for losing)
|raw|npctypebeat's rating: 1107 &rarr; <strong>1132</strong><br />(+25 for winning)
|c|☆npctypebeat|gg
|l|☆fenixkarde
|player|p1|
|l|☆npctypebeat
|player|p2|
