|j|☆kvgreat1234567
|j|☆claudechamp
|t:|1779903734
|gametype|singles
|player|p1|kvgreat1234567|169|1334
|player|p2|claudechamp|169|1345
|gen|9
|tier|[Gen 9] OU
|rated|
|rule|HP Percentage Mod: HP is shown in percentages
|rule|Endless Battle Clause: Forcing endless battles is banned
|rule|Species Clause: Limit one of each Pokémon
|rule|OHKO Clause: OHKO moves are banned
|rule|Evasion Items Clause: Evasion items are banned
|rule|Evasion Moves Clause: Evasion moves are banned
|rule|Evasion Abilities Clause: Evasion abilities are banned
|rule|Sleep Moves Clause: Sleep-inducing moves are banned
|clearpoke
|poke|p1|Blaziken, F|
|poke|p1|Hoopa-Unbound|
|poke|p1|Zamazenta-*|
|poke|p1|Ogerpon-Wellspring, F|
|poke|p1|Iron Moth|
|poke|p1|Darkrai|
|poke|p2|Gliscor, M|
|poke|p2|Ogerpon, F|
|poke|p2|Walking Wake|
|poke|p2|Blissey, F|
|poke|p2|Corviknight, F|
|poke|p2|Pecharunt|
|teampreview
|c|☆claudechamp|hf
|inactive|Battle timer is ON: inactive players will automatically lose when time's up. (requested by claudechamp)
|
|t:|1779903746
|teamsize|p1|6
|teamsize|p2|6
|start
|switch|p1a: Darkrai|Darkrai|100/100
|switch|p2a: Gliscor|Gliscor, M|100/100
|turn|1
|
|t:|1779903750
|move|p1a: Darkrai|Nasty Plot|p1a: Darkrai
|-boost|p1a: Darkrai|spa|2
|move|p2a: Gliscor|Spikes|p1a: Darkrai
|-sidestart|p1: kvgreat1234567|Spikes
|
|-status|p2a: Gliscor|tox|[from] item: Toxic Orb
|upkeep
|turn|2
|
|t:|1779903757
|move|p1a: Darkrai|Ice Beam|p2a: Gliscor
|-supereffective|p2a: Gliscor
|-damage|p2a: Gliscor|0 fnt
|faint|p2a: Gliscor
|
|upkeep
|
|t:|1779903766
|switch|p2a: Blissey|Blissey, F|100/100
|turn|3
|
|t:|1779903771
|move|p1a: Darkrai|Dark Pulse|p2a: Blissey
|-damage|p2a: Blissey|73/100
|move|p2a: Blissey|Seismic Toss|p1a: Darkrai
|-damage|p1a: Darkrai|65/100
|
|upkeep
|turn|4
|
|t:|1779903780
|switch|p1a: Ogerpon|Ogerpon-Wellspring, F|100/100
|-damage|p1a: Ogerpon|88/100|[from] Spikes
|move|p2a: Blissey|Seismic Toss|p1a: Ogerpon
|-damage|p1a: Ogerpon|55/100
|
|upkeep
|turn|5
|
|t:|1779903790
|switch|p2a: Ogerpon|Ogerpon, F|100/100
|move|p1a: Ogerpon|Play Rough|p2a: Ogerpon
|-damage|p2a: Ogerpon|52/100
|
|upkeep
|turn|6
|
|t:|1779903797
|move|p1a: Ogerpon|Play Rough|p2a: Ogerpon
|-damage|p2a: Ogerpon|1/100
|move|p2a: Ogerpon|Ivy Cudgel|p1a: Ogerpon
|-damage|p1a: Ogerpon|0 fnt
|faint|p1a: Ogerpon
|
|upkeep
|
|t:|1779903804
|switch|p1a: Darkrai|Darkrai|65/100
|-damage|p1a: Darkrai|52/100|[from] Spikes
|turn|7
|
|t:|1779903811
|switch|p1a: Zamazenta|Zamazenta|100/100
|-damage|p1a: Zamazenta|88/100|[from] Spikes
|-ability|p1a: Zamazenta|Dauntless Shield|boost
|-boost|p1a: Zamazenta|def|1
|move|p2a: Ogerpon|Ivy Cudgel|p1a: Zamazenta
|-crit|p1a: Zamazenta
|-damage|p1a: Zamazenta|14/100
|
|upkeep
|turn|8
|
|t:|1779903822
|switch|p2a: Pecharunt|Pecharunt|100/100
|move|p1a: Zamazenta|Iron Head|p2a: Pecharunt
|-damage|p2a: Pecharunt|83/100
|-damage|p1a: Zamazenta|4/100|[from] item: Life Orb
|
|upkeep
|turn|9
|
|t:|1779903827
|move|p1a: Zamazenta|Crunch|p2a: Pecharunt
|-supereffective|p2a: Pecharunt
|-damage|p2a: Pecharunt|51/100
|-damage|p1a: Zamazenta|0 fnt|[from] item: Life Orb
|faint|p1a: Zamazenta
|move|p2a: Pecharunt|Recover|p2a: Pecharunt
|-heal|p2a: Pecharunt|100/100
|
|upkeep
|
|t:|1779903832
|switch|p1a: Hoopa|Hoopa-Unbound|100/100
|-damage|p1a: Hoopa|88/100|[from] Spikes
|turn|10
|
|t:|1779903836
|move|p2a: Pecharunt|Malignant Chain|p1a: Hoopa
|-damage|p1a: Hoopa|66/100
|move|p1a: Hoopa|Dark Pulse|p2a: Pecharunt
|-supereffective|p2a: Pecharunt
|-damage|p2a: Pecharunt|0 fnt
|faint|p2a: Pecharunt
|-damage|p1a: Hoopa|56/100|[from] item: Life Orb
|
|upkeep
|
|t:|1779903840
|switch|p2a: Ogerpon|Ogerpon, F|1/100
|turn|11
|
|t:|1779903844
|move|p2a: Ogerpon|Ivy Cudgel|p1a: Hoopa
|-damage|p1a: Hoopa|0 fnt
|faint|p1a: Hoopa
|
|upkeep
|
|t:|1779903848
|switch|p1a: Darkrai|Darkrai|52/100
|-damage|p1a: Darkrai|40/100|[from] Spikes
|turn|12
|
|t:|1779903856
|move|p1a: Darkrai|Dark Pulse|p2a: Ogerpon
|-damage|p2a: Ogerpon|0 fnt
|faint|p2a: Ogerpon
|
|upkeep
|
|t:|1779903863
|switch|p2a: Walking Wake|Walking Wake|100/100
|turn|13
|
|t:|1779903872
|move|p1a: Darkrai|Dark Pulse|p2a: Walking Wake
|-crit|p2a: Walking Wake
|-damage|p2a: Walking Wake|26/100
|move|p2a: Walking Wake|Surf|p1a: Darkrai
|-damage|p1a: Darkrai|0 fnt
|faint|p1a: Darkrai
|
|upkeep
|
|t:|1779903879
|switch|p1a: Iron Moth|Iron Moth|100/100
|-damage|p1a: Iron Moth|88/100|[from] Spikes
|-enditem|p1a: Iron Moth|Booster Energy
|-activate|p1a: Iron Moth|ability: Quark Drive|[fromitem]
|-start|p1a: Iron Moth|quarkdrivespa
|turn|14
|
|t:|1779903884
|-end|p2a: Walking Wake|Protosynthesis|[silent]
|switch|p2a: Blissey|Blissey, F|73/100
|move|p1a: Iron Moth|Dazzling Gleam|p2a: Blissey
|-crit|p2a: Blissey
|-damage|p2a: Blissey|57/100
|
|upkeep
|turn|15
|
|t:|1779903887
|move|p1a: Iron Moth|Fiery Dance|p2a: Blissey
|-damage|p2a: Blissey|38/100
|-boost|p1a: Iron Moth|spa|1
|move|p2a: Blissey|Soft-Boiled|p2a: Blissey
|-heal|p2a: Blissey|88/100
|
|upkeep
|turn|16
|
|t:|1779903897
|move|p1a: Iron Moth|Fiery Dance|p2a: Blissey
|-damage|p2a: Blissey|60/100
|-boost|p1a: Iron Moth|spa|1
|move|p2a: Blissey|Seismic Toss|p1a: Iron Moth
|-damage|p1a: Iron Moth|55/100
|
|upkeep
|turn|17
|
|t:|1779903903
|move|p1a: Iron Moth|Fiery Dance|p2a: Blissey
|-damage|p2a: Blissey|23/100
|-boost|p1a: Iron Moth|spa|1
|move|p2a: Blissey|Seismic Toss|p1a: Iron Moth
|-damage|p1a: Iron Moth|22/100
|
|upkeep
|turn|18
|
|t:|1779903908
|move|p1a: Iron Moth|Fiery Dance|p2a: Blissey
|-damage|p2a: Blissey|0 fnt
|-boost|p1a: Iron Moth|spa|1
|faint|p2a: Blissey
|
|upkeep
|
|t:|1779903912
|switch|p2a: Corviknight|Corviknight, F|100/100
|-ability|p2a: Corviknight|Pressure
|turn|19
|
|t:|1779903922
|move|p1a: Iron Moth|Fiery Dance|p2a: Corviknight
|-supereffective|p2a: Corviknight
|-damage|p2a: Corviknight|0 fnt
|-boost|p1a: Iron Moth|spa|1
|faint|p2a: Corviknight
|
|upkeep
|
|t:|1779903932
|switch|p2a: Walking Wake|Walking Wake|26/100
|turn|20
|
|t:|1779903936
|move|p1a: Iron Moth|Dazzling Gleam|p2a: Walking Wake
|-supereffective|p2a: Walking Wake
|-damage|p2a: Walking Wake|0 fnt
|faint|p2a: Walking Wake
|-end|p2a: Walking Wake|Protosynthesis|[silent]
|
|win|kvgreat1234567
|raw|kvgreat1234567's rating: 1334 &rarr; <strong>1354</strong><br />(+20 for winning)
|raw|claudechamp's rating: 1326 &rarr; <strong>1306</strong><br />(-20 for losing)
|c|☆claudechamp|gg
|l|☆kvgreat1234567
|player|p1|
