|j|☆duli2010
|j|☆shreves0
|t:|1779884303
|gametype|singles
|player|p1|duli2010|bugcatcher-gen4dp|1387
|player|p2|shreves0|lucas|1430
|gen|9
|tier|[Gen 9] OU
|rated|
|rule|HP Percentage Mod: HP is shown in percentages
|rule|Endless Battle Clause: Forcing endless battles is banned
|rule|Species Clause: Limit one of each Pokémon
|rule|OHKO Clause: OHKO moves are banned
|rule|Evasion Items Clause: Evasion items are banned
|rule|Evasion Moves Clause: Evasion moves are banned
|rule|Evasion Abilities Clause: Evasion abilities are banned
|rule|Sleep Moves Clause: Sleep-inducing moves are banned
|clearpoke
|poke|p1|Muk-Alola, M|
|poke|p1|Goodra, F|
|poke|p1|Hydrapple, M|
|poke|p1|Sylveon, M|
|poke|p1|Weezing-Galar, M|
|poke|p1|Iron Hands|
|poke|p2|Charizard, M|
|poke|p2|Torkoal, F|
|poke|p2|Walking Wake|
|poke|p2|Hatterene, F|
|poke|p2|Great Tusk|
|poke|p2|Slither Wing|
|teampreview
|inactive|Battle timer is ON: inactive players will automatically lose when time's up. (requested by shreves0)
|
|t:|1779884315
|teamsize|p1|6
|teamsize|p2|6
|start
|switch|p1a: Goodra|Goodra, F|100/100
|switch|p2a: Torkoal|Torkoal, F|100/100
|-weather|SunnyDay|[from] ability: Drought|[of] p2a: Torkoal
|turn|1
|
|t:|1779884324
|move|p1a: Goodra|Acid Spray|p2a: Torkoal
|-damage|p2a: Torkoal|89/100
|-unboost|p2a: Torkoal|spd|2
|move|p2a: Torkoal|Stealth Rock|p1a: Goodra
|-sidestart|p1: duli2010|move: Stealth Rock
|
|-weather|SunnyDay|[upkeep]
|upkeep
|turn|2
|
|t:|1779884332
|switch|p2a: Hatterene|Hatterene, F|100/100
|move|p1a: Goodra|Acid Spray|p2a: Hatterene
|-supereffective|p2a: Hatterene
|-damage|p2a: Hatterene|69/100
|-unboost|p2a: Hatterene|spd|2
|-enditem|p2a: Hatterene|Eject Button
|
|t:|1779884338
|switch|p2a: Slither Wing|Slither Wing|100/100
|-activate|p2a: Slither Wing|ability: Protosynthesis
|-start|p2a: Slither Wing|protosynthesisatk
|
|-weather|SunnyDay|[upkeep]
|upkeep
|turn|3
|
|t:|1779884348
|switch|p1a: Weezing|Weezing-Galar, M|100/100
|-damage|p1a: Weezing|88/100|[from] Stealth Rock
|move|p2a: Slither Wing|U-turn|p1a: Weezing
|-resisted|p1a: Weezing
|-damage|p1a: Weezing|79/100
|
|t:|1779884354
|-end|p2a: Slither Wing|Protosynthesis|[silent]
|switch|p2a: Charizard|Charizard, M|100/100|[from] U-turn
|
|-weather|SunnyDay|[upkeep]
|-damage|p2a: Charizard|88/100|[from] ability: Solar Power|[of] p2a: Charizard
|-heal|p1a: Weezing|85/100|[from] item: Black Sludge
|upkeep
|turn|4
|
|t:|1779884364
|switch|p1a: Goodra|Goodra, F|100/100
|-damage|p1a: Goodra|88/100|[from] Stealth Rock
|move|p2a: Charizard|Weather Ball|p1a: Goodra
|-resisted|p1a: Goodra
|-damage|p1a: Goodra|57/100
|
|-weather|SunnyDay|[upkeep]
|-damage|p2a: Charizard|76/100|[from] ability: Solar Power|[of] p2a: Charizard
|upkeep
|turn|5
|
|t:|1779884375
|switch|p2a: Hatterene|Hatterene, F|69/100
|move|p1a: Goodra|Thunderbolt|p2a: Hatterene
|-damage|p2a: Hatterene|36/100
|
|-weather|SunnyDay|[upkeep]
|upkeep
|turn|6
|
|t:|1779884383
|move|p1a: Goodra|Flamethrower|p2a: Hatterene
|-damage|p2a: Hatterene|0 fnt
|faint|p2a: Hatterene
|
|-weather|SunnyDay|[upkeep]
|upkeep
|
|t:|1779884390
|switch|p2a: Slither Wing|Slither Wing|100/100
|-activate|p2a: Slither Wing|ability: Protosynthesis
|-start|p2a: Slither Wing|protosynthesisatk
|turn|7
|
|t:|1779884395
|switch|p1a: Weezing|Weezing-Galar, M|85/100
|-damage|p1a: Weezing|72/100|[from] Stealth Rock
|move|p2a: Slither Wing|Flare Blitz|p1a: Weezing
|-damage|p1a: Weezing|5/100
|-damage|p2a: Slither Wing|80/100|[from] Recoil
|
|-weather|SunnyDay|[upkeep]
|-heal|p1a: Weezing|11/100|[from] item: Black Sludge
|upkeep
|turn|8
|
|t:|1779884406
|move|p2a: Slither Wing|Close Combat|p1a: Weezing
|-resisted|p1a: Weezing
|-damage|p1a: Weezing|0 fnt
|-unboost|p2a: Slither Wing|def|1
|-unboost|p2a: Slither Wing|spd|1
|faint|p1a: Weezing
|
|-weather|none
|-end|p2a: Slither Wing|Protosynthesis
|upkeep
|
|t:|1779884413
|switch|p1a: Iron Hands|Iron Hands|100/100
|-damage|p1a: Iron Hands|94/100|[from] Stealth Rock
|turn|9
|
|t:|1779884418
|-terastallize|p1a: Iron Hands|Ground
|move|p2a: Slither Wing|U-turn|p1a: Iron Hands
|-damage|p1a: Iron Hands|70/100
|
|t:|1779884423
|-end|p2a: Slither Wing|Protosynthesis|[silent]
|switch|p2a: Torkoal|Torkoal, F|89/100|[from] U-turn
|-weather|SunnyDay|[from] ability: Drought|[of] p2a: Torkoal
|move|p1a: Iron Hands|Earthquake|p2a: Torkoal
|-supereffective|p2a: Torkoal
|-damage|p2a: Torkoal|0 fnt
|faint|p2a: Torkoal
|-damage|p1a: Iron Hands|60/100|[from] item: Life Orb
|
|-weather|SunnyDay|[upkeep]
|upkeep
|
|t:|1779884435
|switch|p2a: Charizard|Charizard, M|76/100
|turn|10
|
|t:|1779884445
|-end|p1a: Iron Hands|Quark Drive|[silent]
|switch|p1a: Muk|Muk-Alola, M|100/100
|-damage|p1a: Muk|88/100|[from] Stealth Rock
|move|p2a: Charizard|Weather Ball|p1a: Muk
|-damage|p1a: Muk|2/100
|
|-weather|SunnyDay|[upkeep]
|-damage|p2a: Charizard|63/100|[from] ability: Solar Power|[of] p2a: Charizard
|upkeep
|turn|11
|
|t:|1779884456
|move|p1a: Muk|Shadow Sneak|p2a: Charizard
|-damage|p2a: Charizard|44/100
|move|p2a: Charizard|Weather Ball|p1a: Muk
|-damage|p1a: Muk|0 fnt
|faint|p1a: Muk
|
|-weather|SunnyDay|[upkeep]
|-damage|p2a: Charizard|32/100|[from] ability: Solar Power|[of] p2a: Charizard
|upkeep
|
|t:|1779884468
|switch|p1a: Sylveon|Sylveon, M|100/100
|-damage|p1a: Sylveon|88/100|[from] Stealth Rock
|turn|12
|
|t:|1779884473
|-terastallize|p2a: Charizard|Fire
|move|p2a: Charizard|Weather Ball|p1a: Sylveon
|-damage|p1a: Sylveon|0 fnt
|faint|p1a: Sylveon
|
|-weather|SunnyDay|[upkeep]
|-damage|p2a: Charizard|19/100|[from] ability: Solar Power|[of] p2a: Charizard
|upkeep
|
|t:|1779884481
|switch|p1a: Goodra|Goodra, F|57/100
|-damage|p1a: Goodra|44/100|[from] Stealth Rock
|turn|13
|
|t:|1779884485
|move|p2a: Charizard|Weather Ball|p1a: Goodra
|-resisted|p1a: Goodra
|-damage|p1a: Goodra|4/100
|move|p1a: Goodra|Thunderbolt|p2a: Charizard
|-damage|p2a: Charizard|0 fnt
|faint|p2a: Charizard
|
|-weather|SunnyDay|[upkeep]
|upkeep
|
|t:|1779884496
|switch|p2a: Walking Wake|Walking Wake|100/100
|-activate|p2a: Walking Wake|ability: Protosynthesis
|-start|p2a: Walking Wake|protosynthesisspe
|turn|14
|
|t:|1779884502
|move|p2a: Walking Wake|Weather Ball|p1a: Goodra
|-resisted|p1a: Goodra
|-damage|p1a: Goodra|0 fnt
|faint|p1a: Goodra
|
|-weather|SunnyDay|[upkeep]
|upkeep
|
|t:|1779884508
|switch|p1a: Hydrapple|Hydrapple, M, shiny|100/100
|-damage|p1a: Hydrapple|88/100|[from] Stealth Rock
|turn|15
|
|t:|1779884513
|move|p2a: Walking Wake|Draco Meteor|p1a: Hydrapple
|-supereffective|p1a: Hydrapple
|-damage|p1a: Hydrapple|0 fnt
|-unboost|p2a: Walking Wake|spa|2
|faint|p1a: Hydrapple
|
|-weather|SunnyDay|[upkeep]
|upkeep
|-message|duli2010 forfeited.
|
|win|shreves0
|raw|duli2010's rating: 1387 &rarr; <strong>1369</strong><br />(-18 for losing)
|raw|shreves0's rating: 1430 &rarr; <strong>1448</strong><br />(+18 for winning)
|l|☆duli2010
|player|p1|
|l|☆shreves0
|player|p2|
