|j|☆swooningdekooning
|j|☆DopeyDawg
|t:|1779820971
|gametype|singles
|player|p1|swooningdekooning|unknown|1342
|player|p2|DopeyDawg|102|1318
|gen|9
|tier|[Gen 9] OU
|rated|
|rule|HP Percentage Mod: HP is shown in percentages
|rule|Endless Battle Clause: Forcing endless battles is banned
|rule|Species Clause: Limit one of each Pokémon
|rule|OHKO Clause: OHKO moves are banned
|rule|Evasion Items Clause: Evasion items are banned
|rule|Evasion Moves Clause: Evasion moves are banned
|rule|Evasion Abilities Clause: Evasion abilities are banned
|rule|Sleep Moves Clause: Sleep-inducing moves are banned
|clearpoke
|poke|p1|Iron Valiant|
|poke|p1|Gliscor, F|
|poke|p1|Slowking-Galar, F|
|poke|p1|Great Tusk|
|poke|p1|Dragapult, F|
|poke|p1|Skarmory, F|
|poke|p2|Zoroark, F|
|poke|p2|Ninetales, F|
|poke|p2|Quaquaval, M|
|poke|p2|Venusaur, M|
|poke|p2|Toxapex, F|
|poke|p2|Garchomp, M|
|teampreview
|inactive|Battle timer is ON: inactive players will automatically lose when time's up. (requested by DopeyDawg)
|
|t:|1779820978
|teamsize|p1|6
|teamsize|p2|6
|start
|switch|p1a: Slowking|Slowking-Galar, F|100/100
|switch|p2a: Quaquaval|Quaquaval, M|100/100
|turn|1
|
|t:|1779820986
|move|p2a: Quaquaval|Aqua Step|p1a: Slowking
|-damage|p1a: Slowking|62/100
|-boost|p2a: Quaquaval|spe|1
|move|p1a: Slowking|Toxic|p2a: Quaquaval
|-status|p2a: Quaquaval|tox
|
|-damage|p2a: Quaquaval|94/100 tox|[from] psn
|upkeep
|turn|2
|
|t:|1779820997
|switch|p1a: Skarmory|Skarmory, F|100/100
|move|p2a: Quaquaval|Knock Off|p1a: Skarmory
|-damage|p1a: Skarmory|82/100
|-damage|p2a: Quaquaval|78/100 tox|[from] item: Rocky Helmet|[of] p1a: Skarmory
|-enditem|p1a: Skarmory|Rocky Helmet|[from] move: Knock Off|[of] p2a: Quaquaval
|
|-damage|p2a: Quaquaval|66/100 tox|[from] psn
|upkeep
|turn|3
|
|t:|1779821008
|move|p2a: Quaquaval|Close Combat|p1a: Skarmory
|-crit|p1a: Skarmory
|-damage|p1a: Skarmory|33/100
|-unboost|p2a: Quaquaval|def|1
|-unboost|p2a: Quaquaval|spd|1
|move|p1a: Skarmory|Spikes|p2a: Quaquaval
|-sidestart|p2: DopeyDawg|Spikes
|
|-damage|p2a: Quaquaval|47/100 tox|[from] psn
|upkeep
|turn|4
|
|t:|1779821023
|switch|p2a: Ninetales|Ninetales, F|100/100
|-damage|p2a: Ninetales|88/100|[from] Spikes
|-weather|SunnyDay|[from] ability: Drought|[of] p2a: Ninetales
|switch|p1a: Slowking|Slowking-Galar, F|95/100
|
|-weather|SunnyDay|[upkeep]
|upkeep
|turn|5
|
|t:|1779821034
|move|p2a: Ninetales|Weather Ball|p1a: Slowking
|-damage|p1a: Slowking|68/100
|move|p1a: Slowking|Future Sight|p2a: Ninetales
|-start|p1a: Slowking|move: Future Sight
|
|-weather|SunnyDay|[upkeep]
|upkeep
|turn|6
|
|t:|1779821040
|move|p2a: Ninetales|Weather Ball|p1a: Slowking
|-damage|p1a: Slowking|42/100
|move|p1a: Slowking|Toxic|p2a: Ninetales
|-status|p2a: Ninetales|tox
|
|-weather|SunnyDay|[upkeep]
|-damage|p2a: Ninetales|82/100 tox|[from] psn
|upkeep
|turn|7
|
|t:|1779821050
|move|p2a: Ninetales|Weather Ball|p1a: Slowking
|-damage|p1a: Slowking|15/100
|-prepare|p1a: Slowking|Chilly Reception|[premajor]
|move|p1a: Slowking|Chilly Reception|p1a: Slowking
|-weather|Snowscape
|
|t:|1779821052
|switch|p1a: Gliscor|Gliscor, F|100/100|[from] Chilly Reception
|
|-weather|Snowscape|[upkeep]
|-end|p2a: Ninetales|move: Future Sight
|-damage|p2a: Ninetales|40/100 tox
|-damage|p2a: Ninetales|27/100 tox|[from] psn
|-status|p1a: Gliscor|tox|[from] item: Toxic Orb
|upkeep
|turn|8
|
|t:|1779821063
|move|p2a: Ninetales|Pain Split|p1a: Gliscor
|-sethp|p1a: Gliscor|61/100 tox|[from] move: Pain Split|[silent]
|-sethp|p2a: Ninetales|75/100 tox|[from] move: Pain Split
|move|p1a: Gliscor|Knock Off|p2a: Ninetales
|-damage|p2a: Ninetales|45/100 tox
|-enditem|p2a: Ninetales|Heat Rock|[from] move: Knock Off|[of] p1a: Gliscor
|
|-weather|Snowscape|[upkeep]
|-damage|p2a: Ninetales|26/100 tox|[from] psn
|-heal|p1a: Gliscor|74/100 tox|[from] ability: Poison Heal
|upkeep
|turn|9
|
|t:|1779821082
|switch|p2a: Quaquaval|Quaquaval, M|47/100 tox
|-damage|p2a: Quaquaval|35/100 tox|[from] Spikes
|move|p1a: Gliscor|Protect||[still]
|-fail|p1a: Gliscor
|
|-weather|Snowscape|[upkeep]
|-damage|p2a: Quaquaval|29/100 tox|[from] psn
|-heal|p1a: Gliscor|86/100 tox|[from] ability: Poison Heal
|upkeep
|turn|10
|
|t:|1779821090
|move|p1a: Gliscor|Protect|p1a: Gliscor
|-singleturn|p1a: Gliscor|Protect
|move|p2a: Quaquaval|Aqua Step|p1a: Gliscor
|-activate|p1a: Gliscor|move: Protect
|
|-weather|Snowscape|[upkeep]
|-damage|p2a: Quaquaval|17/100 tox|[from] psn
|-heal|p1a: Gliscor|99/100 tox|[from] ability: Poison Heal
|upkeep
|turn|11
|
|t:|1779821103
|switch|p1a: Skarmory|Skarmory, F|33/100
|move|p2a: Quaquaval|Ice Spinner|p1a: Skarmory
|-damage|p1a: Skarmory|18/100
|
|-weather|none
|-damage|p2a: Quaquaval|0 fnt|[from] psn
|faint|p2a: Quaquaval
|upkeep
|inactive|DopeyDawg has 120 seconds left.
|
|t:|1779821137
|switch|p2a: Ninetales|Ninetales, F|26/100 tox
|-damage|p2a: Ninetales|13/100 tox|[from] Spikes
|-weather|SunnyDay|[from] ability: Drought|[of] p2a: Ninetales
|turn|12
|
|t:|1779821143
|move|p2a: Ninetales|Weather Ball|p1a: Skarmory
|-supereffective|p1a: Skarmory
|-damage|p1a: Skarmory|0 fnt
|faint|p1a: Skarmory
|
|-weather|SunnyDay|[upkeep]
|-damage|p2a: Ninetales|7/100 tox|[from] psn
|upkeep
|
|t:|1779821146
|switch|p1a: Slowking|Slowking-Galar, F|49/100
|turn|13
|
|t:|1779821154
|move|p2a: Ninetales|Pain Split|p1a: Slowking
|-sethp|p1a: Slowking|27/100|[from] move: Pain Split|[silent]
|-sethp|p2a: Ninetales|37/100 tox|[from] move: Pain Split
|-prepare|p1a: Slowking|Chilly Reception|[premajor]
|move|p1a: Slowking|Chilly Reception|p1a: Slowking
|-weather|Snowscape
|
|t:|1779821157
|switch|p1a: Dragapult|Dragapult, F|100/100|[from] Chilly Reception
|
|-weather|Snowscape|[upkeep]
|-damage|p2a: Ninetales|24/100 tox|[from] psn
|upkeep
|turn|14
|
|t:|1779821166
|switch|p2a: Toxapex|Toxapex, F|100/100
|-damage|p2a: Toxapex|88/100|[from] Spikes
|move|p1a: Dragapult|Dragon Darts|p2a: Toxapex
|-damage|p2a: Toxapex|72/100
|-anim|p1a: Dragapult|Dragon Darts|p2a: Toxapex
|-damage|p2a: Toxapex|57/100
|
|-weather|Snowscape|[upkeep]
|-heal|p2a: Toxapex|63/100|[from] item: Black Sludge
|upkeep
|turn|15
|
|t:|1779821175
|move|p2a: Toxapex|Baneful Bunker|p2a: Toxapex
|-singleturn|p2a: Toxapex|move: Protect
|move|p1a: Dragapult|Will-O-Wisp|p2a: Toxapex
|-activate|p2a: Toxapex|move: Protect
|
|-weather|Snowscape|[upkeep]
|-heal|p2a: Toxapex|69/100|[from] item: Black Sludge
|upkeep
|turn|16
|
|t:|1779821183
|move|p1a: Dragapult|Will-O-Wisp|p2a: Toxapex
|-status|p2a: Toxapex|brn
|move|p2a: Toxapex|Toxic|p1a: Dragapult
|-status|p1a: Dragapult|tox
|
|-weather|Snowscape|[upkeep]
|-heal|p2a: Toxapex|75/100 brn|[from] item: Black Sludge
|-damage|p1a: Dragapult|95/100 tox|[from] psn
|-damage|p2a: Toxapex|69/100 brn|[from] brn
|upkeep
|turn|17
|
|t:|1779821194
|move|p2a: Toxapex|Baneful Bunker|p2a: Toxapex
|-singleturn|p2a: Toxapex|move: Protect
|move|p1a: Dragapult|Hex|p2a: Toxapex
|-activate|p2a: Toxapex|move: Protect
|
|-weather|none
|-heal|p2a: Toxapex|75/100 brn|[from] item: Black Sludge
|-damage|p1a: Dragapult|83/100 tox|[from] psn
|-damage|p2a: Toxapex|69/100 brn|[from] brn
|upkeep
|turn|18
|
|t:|1779821204
|move|p1a: Dragapult|Hex|p2a: Toxapex
|-damage|p2a: Toxapex|24/100 brn
|move|p2a: Toxapex|Recover|p2a: Toxapex
|-heal|p2a: Toxapex|74/100 brn
|
|-heal|p2a: Toxapex|80/100 brn|[from] item: Black Sludge
|-damage|p1a: Dragapult|65/100 tox|[from] psn
|-damage|p2a: Toxapex|74/100 brn|[from] brn
|upkeep
|turn|19
|
|t:|1779821213
|move|p2a: Toxapex|Baneful Bunker|p2a: Toxapex
|-singleturn|p2a: Toxapex|move: Protect
|move|p1a: Dragapult|Hex|p2a: Toxapex
|-activate|p2a: Toxapex|move: Protect
|
|-heal|p2a: Toxapex|80/100 brn|[from] item: Black Sludge
|-damage|p1a: Dragapult|41/100 tox|[from] psn
|-damage|p2a: Toxapex|74/100 brn|[from] brn
|upkeep
|turn|20
|
|t:|1779821222
|move|p1a: Dragapult|Hex|p2a: Toxapex
|-damage|p2a: Toxapex|31/100 brn
|move|p2a: Toxapex|Recover|p2a: Toxapex
|-heal|p2a: Toxapex|81/100 brn
|
|-heal|p2a: Toxapex|88/100 brn|[from] item: Black Sludge
|-damage|p1a: Dragapult|11/100 tox|[from] psn
|-damage|p2a: Toxapex|81/100 brn|[from] brn
|upkeep
|turn|21
|
|t:|1779821231
|switch|p1a: Slowking|Slowking-Galar, F|60/100
|move|p2a: Toxapex|Baneful Bunker||[still]
|-fail|p2a: Toxapex
|
|-heal|p2a: Toxapex|88/100 brn|[from] item: Black Sludge
|-damage|p2a: Toxapex|81/100 brn|[from] brn
|upkeep
|turn|22
|
|t:|1779821241
|switch|p2a: Ninetales|Ninetales, F|100/100
|-damage|p2a: Ninetales|88/100|[from] Spikes
|move|p1a: Slowking|Future Sight|p2a: Ninetales
|-start|p1a: Slowking|move: Future Sight
|
|upkeep
|turn|23
|
|t:|1779821247
|move|p2a: Ninetales|Dark Pulse|p1a: Slowking
|-supereffective|p1a: Slowking
|-damage|p1a: Slowking|14/100
|move|p1a: Slowking|Toxic|p2a: Ninetales
|-status|p2a: Ninetales|tox
|
|-damage|p2a: Ninetales|82/100 tox|[from] psn
|upkeep
|turn|24
|
|t:|1779821256
|switch|p1a: Gliscor|Gliscor, F|99/100 tox
|move|p2a: Ninetales|Dark Pulse|p1a: Gliscor
|-damage|p1a: Gliscor|64/100 tox
|
|-end|p2a: Ninetales|move: Future Sight
|-immune|p2a: Ninetales
|-damage|p2a: Ninetales|70/100 tox|[from] psn
|-heal|p1a: Gliscor|77/100 tox|[from] ability: Poison Heal
|upkeep
|turn|25
|c|☆swooningdekooning|xoroark
|
|t:|1779821267
|move|p1a: Gliscor|Protect|p1a: Gliscor
|-singleturn|p1a: Gliscor|Protect
|move|p2a: Ninetales|Dark Pulse|p1a: Gliscor
|-activate|p1a: Gliscor|move: Protect
|
|-damage|p2a: Ninetales|52/100 tox|[from] psn
|-heal|p1a: Gliscor|89/100 tox|[from] ability: Poison Heal
|upkeep
|turn|26
|c|☆swooningdekooning|good try
|c|☆DopeyDawg|Howd u figure that out genius
|c|☆swooningdekooning|lol
|
|t:|1779821291
|move|p2a: Ninetales|Dark Pulse|p1a: Gliscor
|-damage|p1a: Gliscor|55/100 tox
|move|p1a: Gliscor|Earthquake|p2a: Ninetales
|-damage|p2a: Ninetales|0 fnt
|replace|p2a: Zoroark|Zoroark, F
|-end|p2a: Zoroark|Illusion
|faint|p2a: Zoroark
|
|-heal|p1a: Gliscor|68/100 tox|[from] ability: Poison Heal
|upkeep
|
|t:|1779821300
|switch|p2a: Garchomp|Garchomp, M|100/100
|-damage|p2a: Garchomp|88/100|[from] Spikes
|turn|27
|
|t:|1779821305
|move|p2a: Garchomp|Scale Shot|p1a: Gliscor
|-damage|p1a: Gliscor|56/100 tox
|-damage|p1a: Gliscor|45/100 tox
|-damage|p1a: Gliscor|35/100 tox
|-damage|p1a: Gliscor|24/100 tox
|-hitcount|p1a: Gliscor|4
|-unboost|p2a: Garchomp|def|1
|-boost|p2a: Garchomp|spe|1
|move|p1a: Gliscor|Knock Off|p2a: Garchomp
|-damage|p2a: Garchomp|54/100
|-damage|p1a: Gliscor|12/100 tox|[from] ability: Rough Skin|[of] p2a: Garchomp
|-enditem|p2a: Garchomp|Loaded Dice|[from] move: Knock Off|[of] p1a: Gliscor
|
|-heal|p1a: Gliscor|24/100 tox|[from] ability: Poison Heal
|upkeep
|turn|28
|
|t:|1779821323
|move|p1a: Gliscor|Protect|p1a: Gliscor
|-singleturn|p1a: Gliscor|Protect
|move|p2a: Garchomp|Iron Head|p1a: Gliscor
|-activate|p1a: Gliscor|move: Protect
|
|-heal|p1a: Gliscor|37/100 tox|[from] ability: Poison Heal
|upkeep
|turn|29
|
|t:|1779821331
|move|p2a: Garchomp|Iron Head|p1a: Gliscor
|-damage|p1a: Gliscor|14/100 tox
|move|p1a: Gliscor|Earthquake|p2a: Garchomp
|-crit|p2a: Garchomp
|-damage|p2a: Garchomp|0 fnt
|faint|p2a: Garchomp
|
|-heal|p1a: Gliscor|26/100 tox|[from] ability: Poison Heal
|upkeep
|
|t:|1779821343
|switch|p2a: Ninetales|Ninetales, F|24/100 tox
|-damage|p2a: Ninetales|12/100 tox|[from] Spikes
|-weather|SunnyDay|[from] ability: Drought|[of] p2a: Ninetales
|turn|30
|
|t:|1779821354
|move|p2a: Ninetales|Weather Ball|p1a: Gliscor
|-damage|p1a: Gliscor|0 fnt
|faint|p1a: Gliscor
|
|-weather|SunnyDay|[upkeep]
|-damage|p2a: Ninetales|5/100 tox|[from] psn
|upkeep
|
|t:|1779821357
|switch|p1a: Slowking|Slowking-Galar, F|47/100
|turn|31
|
|t:|1779821366
|move|p2a: Ninetales|Pain Split|p1a: Slowking
|-sethp|p1a: Slowking|26/100|[from] move: Pain Split|[silent]
|-sethp|p2a: Ninetales|35/100 tox|[from] move: Pain Split
|-prepare|p1a: Slowking|Chilly Reception|[premajor]
|move|p1a: Slowking|Chilly Reception|p1a: Slowking
|-weather|Snowscape
|
|t:|1779821370
|switch|p1a: Dragapult|Dragapult, F|11/100 tox|[from] Chilly Reception
|
|-weather|Snowscape|[upkeep]
|-damage|p1a: Dragapult|5/100 tox|[from] psn
|-damage|p2a: Ninetales|22/100 tox|[from] psn
|upkeep
|turn|32
|
|t:|1779821378
|switch|p2a: Toxapex|Toxapex, F|100/100 brn
|-damage|p2a: Toxapex|88/100 brn|[from] Spikes
|move|p1a: Dragapult|Hex|p2a: Toxapex
|-damage|p2a: Toxapex|41/100 brn
|
|-weather|Snowscape|[upkeep]
|-heal|p2a: Toxapex|47/100 brn|[from] item: Black Sludge
|-damage|p1a: Dragapult|0 fnt|[from] psn
|faint|p1a: Dragapult
|-damage|p2a: Toxapex|41/100 brn|[from] brn
|upkeep
|inactive|swooningdekooning has 120 seconds left.
|
|t:|1779821411
|switch|p1a: Great Tusk|Great Tusk|100/100
|turn|33
|
|t:|1779821418
|move|p2a: Toxapex|Baneful Bunker|p2a: Toxapex
|-singleturn|p2a: Toxapex|move: Protect
|move|p1a: Great Tusk|Stealth Rock|p2a: Toxapex
|-sidestart|p2: DopeyDawg|move: Stealth Rock
|
|-weather|Snowscape|[upkeep]
|-heal|p2a: Toxapex|47/100 brn|[from] item: Black Sludge
|-damage|p2a: Toxapex|41/100 brn|[from] brn
|upkeep
|turn|34
|
|t:|1779821427
|-end|p1a: Great Tusk|Protosynthesis|[silent]
|switch|p1a: Slowking|Slowking-Galar, F|59/100
|move|p2a: Toxapex|Toxic|p1a: Slowking
|-immune|p1a: Slowking
|
|-weather|Snowscape|[upkeep]
|-heal|p2a: Toxapex|47/100 brn|[from] item: Black Sludge
|-damage|p2a: Toxapex|41/100 brn|[from] brn
|upkeep
|turn|35
|
|t:|1779821440
|move|p2a: Toxapex|Recover|p2a: Toxapex
|-heal|p2a: Toxapex|91/100 brn
|move|p1a: Slowking|Future Sight|p2a: Toxapex
|-start|p1a: Slowking|move: Future Sight
|
|-weather|none
|-heal|p2a: Toxapex|97/100 brn|[from] item: Black Sludge
|-damage|p2a: Toxapex|91/100 brn|[from] brn
|upkeep
|turn|36
|
|t:|1779821448
|move|p2a: Toxapex|Baneful Bunker|p2a: Toxapex
|-singleturn|p2a: Toxapex|move: Protect
|move|p1a: Slowking|Sludge Bomb|p2a: Toxapex
|-activate|p2a: Toxapex|move: Protect
|
|-heal|p2a: Toxapex|97/100 brn|[from] item: Black Sludge
|-damage|p2a: Toxapex|91/100 brn|[from] brn
|upkeep
|turn|37
|
|t:|1779821458
|move|p2a: Toxapex|Baneful Bunker|p2a: Toxapex
|-singleturn|p2a: Toxapex|move: Protect
|-prepare|p1a: Slowking|Chilly Reception|[premajor]
|move|p1a: Slowking|Chilly Reception|p1a: Slowking
|-weather|Snowscape
|
|t:|1779821460
|switch|p1a: Great Tusk|Great Tusk|100/100|[from] Chilly Reception
|
|-weather|Snowscape|[upkeep]
|-end|p2a: Toxapex|move: Future Sight
|-supereffective|p2a: Toxapex
|-damage|p2a: Toxapex|18/100 brn
|-heal|p2a: Toxapex|24/100 brn|[from] item: Black Sludge
|-damage|p2a: Toxapex|18/100 brn|[from] brn
|upkeep
|turn|38
|
|t:|1779821472
|move|p1a: Great Tusk|Headlong Rush|p2a: Toxapex
|-supereffective|p2a: Toxapex
|-damage|p2a: Toxapex|0 fnt
|-unboost|p1a: Great Tusk|def|1
|-unboost|p1a: Great Tusk|spd|1
|faint|p2a: Toxapex
|
|-weather|Snowscape|[upkeep]
|upkeep
|
|t:|1779821483
|switch|p2a: Ninetales|Ninetales, F|22/100 tox
|-damage|p2a: Ninetales|10/100 tox|[from] Spikes
|-damage|p2a: Ninetales|0 fnt|[from] Stealth Rock
|faint|p2a: Ninetales
|
|t:|1779821489
|switch|p2a: Venusaur|Venusaur, M|100/100
|-damage|p2a: Venusaur|88/100|[from] Spikes
|-damage|p2a: Venusaur|76/100|[from] Stealth Rock
|turn|39
|
|t:|1779821497
|move|p1a: Great Tusk|Headlong Rush|p2a: Venusaur
|-damage|p2a: Venusaur|22/100
|-unboost|p1a: Great Tusk|def|1
|-unboost|p1a: Great Tusk|spd|1
|move|p2a: Venusaur|Sunny Day|p2a: Venusaur
|-weather|SunnyDay
|-activate|p1a: Great Tusk|ability: Protosynthesis
|-start|p1a: Great Tusk|protosynthesisatk
|
|-weather|SunnyDay|[upkeep]
|-heal|p2a: Venusaur|28/100|[from] item: Leftovers
|upkeep
|turn|40
|
|t:|1779821508
|move|p2a: Venusaur|Solar Beam||[still]
|-prepare|p2a: Venusaur|Solar Beam
|-anim|p2a: Venusaur|Solar Beam|p1a: Great Tusk
|-supereffective|p1a: Great Tusk
|-damage|p1a: Great Tusk|0 fnt
|faint|p1a: Great Tusk
|-end|p1a: Great Tusk|Protosynthesis|[silent]
|
|-weather|SunnyDay|[upkeep]
|-heal|p2a: Venusaur|34/100|[from] item: Leftovers
|upkeep
|
|t:|1779821514
|switch|p1a: Slowking|Slowking-Galar, F|92/100
|turn|41
|
|t:|1779821527
|move|p2a: Venusaur|Earth Power|p1a: Slowking
|-supereffective|p1a: Slowking
|-damage|p1a: Slowking|68/100
|-unboost|p1a: Slowking|spd|1
|-prepare|p1a: Slowking|Chilly Reception|[premajor]
|move|p1a: Slowking|Chilly Reception|p1a: Slowking
|-weather|Snowscape
|
|t:|1779821530
|switch|p1a: Iron Valiant|Iron Valiant|100/100|[from] Chilly Reception
|
|-weather|Snowscape|[upkeep]
|-heal|p2a: Venusaur|40/100|[from] item: Leftovers
|upkeep
|turn|42
|-message|DopeyDawg forfeited.
|
|win|swooningdekooning
|raw|swooningdekooning's rating: 1342 &rarr; <strong>1361</strong><br />(+19 for winning)
|raw|DopeyDawg's rating: 1318 &rarr; <strong>1299</strong><br />(-19 for losing)
|l|☆DopeyDawg
|player|p2|
|l|☆swooningdekooning
|player|p1|
