|j|☆TheLadyofHongyuan
|j|☆TheRegisAreCool
|t:|1779809197
|gametype|singles
|player|p1|TheLadyofHongyuan|miku-fairy|1317
|player|p2|TheRegisAreCool|fisherman-gen4|1340
|gen|9
|tier|[Gen 9] OU
|rated|
|rule|HP Percentage Mod: HP is shown in percentages
|rule|Endless Battle Clause: Forcing endless battles is banned
|rule|Species Clause: Limit one of each Pokémon
|rule|OHKO Clause: OHKO moves are banned
|rule|Evasion Items Clause: Evasion items are banned
|rule|Evasion Moves Clause: Evasion moves are banned
|rule|Evasion Abilities Clause: Evasion abilities are banned
|rule|Sleep Moves Clause: Sleep-inducing moves are banned
|clearpoke
|poke|p1|Manaphy|
|poke|p1|Ribombee, M|
|poke|p1|Iron Valiant|
|poke|p1|Dragapult, M|
|poke|p1|Great Tusk|
|poke|p1|Gholdengo|
|poke|p2|Garganacl, M|
|poke|p2|Ceruledge, M|
|poke|p2|Sinistcha|
|poke|p2|Ting-Lu|
|poke|p2|Quaquaval, F|
|poke|p2|Clefable, M|
|teampreview
|inactive|Battle timer is ON: inactive players will automatically lose when time's up. (requested by TheLadyofHongyuan)
|
|t:|1779809223
|teamsize|p1|6
|teamsize|p2|6
|start
|switch|p1a: Bee :D|Ribombee, M|100/100
|switch|p2a: Ting-Lu|Ting-Lu|100/100
|-ability|p2a: Ting-Lu|Vessel of Ruin
|turn|1
|
|t:|1779809231
|move|p1a: Bee :D|Sticky Web|p2a: Ting-Lu
|-sidestart|p2: TheRegisAreCool|move: Sticky Web
|move|p2a: Ting-Lu|Stealth Rock|p1a: Bee :D
|-sidestart|p1: TheLadyofHongyuan|move: Stealth Rock
|
|upkeep
|turn|2
|
|t:|1779809235
|move|p1a: Bee :D|Stun Spore|p2a: Ting-Lu
|-status|p2a: Ting-Lu|par
|move|p2a: Ting-Lu|Whirlwind|p1a: Bee :D
|drag|p1a: Draga :D|Dragapult, M|100/100
|
|upkeep
|turn|3
|
|t:|1779809241
|switch|p1a: Bee :D|Ribombee, M|100/100
|-damage|p1a: Bee :D|76/100|[from] Stealth Rock
|move|p2a: Ting-Lu|Whirlwind|p1a: Bee :D
|drag|p1a: Draga :D|Dragapult, M|100/100
|
|upkeep
|turn|4
|
|t:|1779809250
|switch|p1a: Bee :D|Ribombee, M|76/100
|-damage|p1a: Bee :D|51/100|[from] Stealth Rock
|cant|p2a: Ting-Lu|par
|
|upkeep
|turn|5
|
|t:|1779809254
|move|p1a: Bee :D|Moonblast|p2a: Ting-Lu
|-supereffective|p2a: Ting-Lu
|-damage|p2a: Ting-Lu|71/100 par
|-unboost|p2a: Ting-Lu|spa|1
|move|p2a: Ting-Lu|Whirlwind|p1a: Bee :D
|drag|p1a: Mana :D|Manaphy|100/100
|-damage|p1a: Mana :D|88/100|[from] Stealth Rock
|
|-heal|p2a: Ting-Lu|77/100 par|[from] item: Leftovers
|upkeep
|turn|6
|
|t:|1779809259
|move|p1a: Mana :D|Tail Glow|p1a: Mana :D
|-boost|p1a: Mana :D|spa|3
|move|p2a: Ting-Lu|Ruination|p1a: Mana :D
|-damage|p1a: Mana :D|44/100
|
|-heal|p2a: Ting-Lu|83/100 par|[from] item: Leftovers
|upkeep
|turn|7
|
|t:|1779809263
|move|p1a: Mana :D|Surf|p2a: Ting-Lu
|-supereffective|p2a: Ting-Lu
|-damage|p2a: Ting-Lu|0 fnt
|faint|p2a: Ting-Lu
|
|upkeep
|
|t:|1779809269
|switch|p2a: Quaquaval|Quaquaval, F|100/100
|turn|8
|
|t:|1779809271
|move|p1a: Mana :D|Energy Ball|p2a: Quaquaval
|-supereffective|p2a: Quaquaval
|-damage|p2a: Quaquaval|0 fnt
|faint|p2a: Quaquaval
|
|upkeep
|
|t:|1779809274
|switch|p2a: Clefable|Clefable, M|100/100
|-activate|p2a: Clefable|move: Sticky Web
|-unboost|p2a: Clefable|spe|1
|turn|9
|
|t:|1779809277
|move|p1a: Mana :D|Surf|p2a: Clefable
|-damage|p2a: Clefable|66/100
|move|p2a: Clefable|Light Screen|p2a: Clefable
|-sidestart|p2: TheRegisAreCool|move: Light Screen
|
|upkeep
|turn|10
|
|t:|1779809282
|move|p1a: Mana :D|Tail Glow|p1a: Mana :D
|-boost|p1a: Mana :D|spa|3
|move|p2a: Clefable|Moonlight|p2a: Clefable
|-heal|p2a: Clefable|100/100
|
|upkeep
|turn|11
|
|t:|1779809284
|move|p1a: Mana :D|Surf|p2a: Clefable
|-damage|p2a: Clefable|83/100
|move|p2a: Clefable|Moonblast|p1a: Mana :D
|-damage|p1a: Mana :D|4/100
|-unboost|p1a: Mana :D|spa|1
|
|upkeep
|turn|12
|
|t:|1779809286
|move|p1a: Mana :D|Surf|p2a: Clefable
|-damage|p2a: Clefable|63/100
|move|p2a: Clefable|Moonblast|p1a: Mana :D
|-damage|p1a: Mana :D|0 fnt
|faint|p1a: Mana :D
|
|upkeep
|
|t:|1779809289
|switch|p1a: Tusk :D|Great Tusk|100/100
|-damage|p1a: Tusk :D|98/100|[from] Stealth Rock
|-enditem|p1a: Tusk :D|Booster Energy
|-activate|p1a: Tusk :D|ability: Protosynthesis|[fromitem]
|-start|p1a: Tusk :D|protosynthesisatk
|turn|13
|
|t:|1779809291
|move|p1a: Tusk :D|Knock Off|p2a: Clefable
|-resisted|p2a: Clefable
|-damage|p2a: Clefable|37/100
|-enditem|p2a: Clefable|Light Clay|[from] move: Knock Off|[of] p1a: Tusk :D
|move|p2a: Clefable|Reflect|p2a: Clefable
|-sidestart|p2: TheRegisAreCool|Reflect
|
|upkeep
|turn|14
|
|t:|1779809296
|move|p1a: Tusk :D|Rapid Spin|p2a: Clefable
|-damage|p2a: Clefable|24/100
|-boost|p1a: Tusk :D|spe|1
|-sideend|p1: TheLadyofHongyuan|Stealth Rock|[from] move: Rapid Spin|[of] p1a: Tusk :D
|move|p2a: Clefable|Moonlight|p2a: Clefable
|-heal|p2a: Clefable|74/100
|
|upkeep
|turn|15
|
|t:|1779809299
|move|p1a: Tusk :D|Headlong Rush|p2a: Clefable
|-damage|p2a: Clefable|31/100
|-unboost|p1a: Tusk :D|def|1
|-unboost|p1a: Tusk :D|spd|1
|move|p2a: Clefable|Moonblast|p1a: Tusk :D
|-supereffective|p1a: Tusk :D
|-damage|p1a: Tusk :D|0 fnt
|faint|p1a: Tusk :D
|-end|p1a: Tusk :D|Protosynthesis|[silent]
|
|upkeep
|
|t:|1779809302
|switch|p1a: Gold :D|Gholdengo|100/100
|-item|p1a: Gold :D|Air Balloon
|turn|16
|
|t:|1779809309
|switch|p2a: Ceruledge|Ceruledge, M|100/100
|-activate|p2a: Ceruledge|move: Sticky Web
|-unboost|p2a: Ceruledge|spe|1
|move|p1a: Gold :D|Nasty Plot|p1a: Gold :D
|-boost|p1a: Gold :D|spa|2
|
|-sideend|p2: TheRegisAreCool|move: Light Screen
|upkeep
|turn|17
|
|t:|1779809315
|move|p1a: Gold :D|Shadow Ball|p2a: Ceruledge
|-supereffective|p2a: Ceruledge
|-enditem|p2a: Ceruledge|Focus Sash
|-damage|p2a: Ceruledge|1/100
|-unboost|p2a: Ceruledge|spd|1
|move|p2a: Ceruledge|Bitter Blade|p1a: Gold :D
|-supereffective|p1a: Gold :D
|-damage|p1a: Gold :D|0 fnt
|-heal|p2a: Ceruledge|55/100|[from] drain|[of] p1a: Gold :D
|-enditem|p1a: Gold :D|Air Balloon
|faint|p1a: Gold :D
|
|-sideend|p2: TheRegisAreCool|Reflect
|upkeep
|
|t:|1779809320
|switch|p1a: Draga :D|Dragapult, M|100/100
|turn|18
|
|t:|1779809322
|move|p2a: Ceruledge|Shadow Sneak|p1a: Draga :D
|-supereffective|p1a: Draga :D
|-damage|p1a: Draga :D|43/100
|move|p1a: Draga :D|Dragon Darts|p2a: Ceruledge
|-damage|p2a: Ceruledge|15/100
|-ability|p2a: Ceruledge|Weak Armor|boost
|-unboost|p2a: Ceruledge|def|1
|-boost|p2a: Ceruledge|spe|2
|-anim|p1a: Draga :D|Dragon Darts|p2a: Ceruledge
|-damage|p2a: Ceruledge|0 fnt
|faint|p2a: Ceruledge
|
|upkeep
|
|t:|1779809326
|switch|p2a: Garganacl|Garganacl, M|100/100
|-activate|p2a: Garganacl|move: Sticky Web
|-unboost|p2a: Garganacl|spe|1
|turn|19
|
|t:|1779809343
|move|p1a: Draga :D|Dragon Darts|p2a: Garganacl
|-damage|p2a: Garganacl|83/100
|-anim|p1a: Draga :D|Dragon Darts|p2a: Garganacl
|-damage|p2a: Garganacl|65/100
|move|p2a: Garganacl|Salt Cure|p1a: Draga :D
|-damage|p1a: Draga :D|24/100
|-start|p1a: Draga :D|Salt Cure
|
|-heal|p2a: Garganacl|71/100|[from] item: Leftovers
|-damage|p1a: Draga :D|12/100|[from] Salt Cure
|upkeep
|turn|20
|
|t:|1779809369
|move|p2a: Garganacl|Protect|p2a: Garganacl
|-singleturn|p2a: Garganacl|Protect
|move|p1a: Draga :D|Dragon Darts|p2a: Garganacl
|-activate|p2a: Garganacl|move: Protect
|
|-heal|p2a: Garganacl|77/100|[from] item: Leftovers
|-damage|p1a: Draga :D|0 fnt|[from] Salt Cure
|faint|p1a: Draga :D
|upkeep
|
|t:|1779809379
|switch|p1a: Fighter :D|Iron Valiant|100/100
|-enditem|p1a: Fighter :D|Booster Energy
|-activate|p1a: Fighter :D|ability: Quark Drive|[fromitem]
|-start|p1a: Fighter :D|quarkdrivespe
|turn|21
|
|t:|1779809382
|switch|p2a: Sinistcha|Sinistcha|100/100
|-activate|p2a: Sinistcha|move: Sticky Web
|-unboost|p2a: Sinistcha|spe|1
|move|p1a: Fighter :D|Swords Dance|p1a: Fighter :D
|-boost|p1a: Fighter :D|atk|2
|
|upkeep
|turn|22
|
|t:|1779809388
|move|p1a: Fighter :D|Spirit Break|p2a: Sinistcha
|-damage|p2a: Sinistcha|31/100
|-unboost|p2a: Sinistcha|spa|1
|move|p2a: Sinistcha|Stun Spore|p1a: Fighter :D
|-status|p1a: Fighter :D|par
|
|-heal|p2a: Sinistcha|37/100|[from] item: Leftovers
|upkeep
|turn|23
|
|t:|1779809393
|cant|p1a: Fighter :D|par
|move|p2a: Sinistcha|Strength Sap|p1a: Fighter :D
|-unboost|p1a: Fighter :D|atk|1
|-heal|p2a: Sinistcha|100/100
|
|upkeep
|turn|24
|
|t:|1779809396
|move|p1a: Fighter :D|Spirit Break|p2a: Sinistcha
|-damage|p2a: Sinistcha|51/100
|-unboost|p2a: Sinistcha|spa|1
|move|p2a: Sinistcha|Strength Sap|p1a: Fighter :D
|-unboost|p1a: Fighter :D|atk|1
|-heal|p2a: Sinistcha|100/100
|
|upkeep
|turn|25
|
|t:|1779809400
|move|p1a: Fighter :D|Swords Dance|p1a: Fighter :D
|-boost|p1a: Fighter :D|atk|2
|move|p2a: Sinistcha|Strength Sap|p1a: Fighter :D
|-unboost|p1a: Fighter :D|atk|1
|
|upkeep
|turn|26
|
|t:|1779809402
|move|p1a: Fighter :D|Swords Dance|p1a: Fighter :D
|-boost|p1a: Fighter :D|atk|2
|move|p2a: Sinistcha|Strength Sap|p1a: Fighter :D
|-unboost|p1a: Fighter :D|atk|1
|
|upkeep
|turn|27
|
|t:|1779809407
|move|p1a: Fighter :D|Swords Dance|p1a: Fighter :D
|-boost|p1a: Fighter :D|atk|2
|move|p2a: Sinistcha|Hex|p1a: Fighter :D
|-damage|p1a: Fighter :D|39/100 par
|
|upkeep
|turn|28
|
|t:|1779809411
|cant|p1a: Fighter :D|par
|move|p2a: Sinistcha|Hex|p1a: Fighter :D
|-damage|p1a: Fighter :D|0 fnt
|faint|p1a: Fighter :D
|-end|p1a: Fighter :D|Quark Drive|[silent]
|
|upkeep
|
|t:|1779809413
|switch|p1a: Bee :D|Ribombee, M|51/100
|turn|29
|
|t:|1779809418
|move|p1a: Bee :D|Moonblast|p2a: Sinistcha
|-damage|p2a: Sinistcha|66/100
|move|p2a: Sinistcha|Stun Spore|p1a: Bee :D
|-status|p1a: Bee :D|par
|
|-heal|p2a: Sinistcha|72/100|[from] item: Leftovers
|upkeep
|turn|30
|
|t:|1779809432
|-terastallize|p2a: Sinistcha|Poison
|cant|p1a: Bee :D|par
|move|p2a: Sinistcha|Hex|p1a: Bee :D
|-damage|p1a: Bee :D|7/100 par
|
|-heal|p2a: Sinistcha|79/100|[from] item: Leftovers
|upkeep
|turn|31
|-message|TheLadyofHongyuan forfeited.
|
|win|TheRegisAreCool
|raw|TheLadyofHongyuan's rating: 1317 &rarr; <strong>1298</strong><br />(-19 for losing)
|raw|TheRegisAreCool's rating: 1340 &rarr; <strong>1359</strong><br />(+19 for winning)
