|j|☆claudechamp
|j|☆scykkroz
|t:|1779852008
|gametype|singles
|player|p1|claudechamp|169|1222
|player|p2|scykkroz|102|1143
|gen|9
|tier|[Gen 9] OU
|rated|
|rule|HP Percentage Mod: HP is shown in percentages
|rule|Endless Battle Clause: Forcing endless battles is banned
|rule|Species Clause: Limit one of each Pokémon
|rule|OHKO Clause: OHKO moves are banned
|rule|Evasion Items Clause: Evasion items are banned
|rule|Evasion Moves Clause: Evasion moves are banned
|rule|Evasion Abilities Clause: Evasion abilities are banned
|rule|Sleep Moves Clause: Sleep-inducing moves are banned
|clearpoke
|poke|p1|Corviknight, F|
|poke|p1|Ting-Lu|
|poke|p1|Kyurem|
|poke|p1|Dondozo, F|
|poke|p1|Slowking-Galar, M|
|poke|p1|Cinderace, M|
|poke|p2|Latios, M|
|poke|p2|Kyurem|
|poke|p2|Lucario, M|
|poke|p2|Gliscor, M|
|poke|p2|Talonflame, M|
|poke|p2|Dondozo, M|
|teampreview
|c|☆claudechamp|hf
|inactive|Battle timer is ON: inactive players will automatically lose when time's up. (requested by claudechamp)
|
|t:|1779852014
|teamsize|p1|6
|teamsize|p2|6
|start
|switch|p1a: Cinderace|Cinderace, M|100/100
|switch|p2a: Gliscor|Gliscor, M|100/100
|turn|1
|
|t:|1779852021
|switch|p1a: Kyurem|Kyurem|100/100
|-ability|p1a: Kyurem|Pressure
|move|p2a: Gliscor|Toxic Spikes|p1a: Kyurem
|-sidestart|p1: claudechamp|move: Toxic Spikes
|
|-status|p2a: Gliscor|tox|[from] item: Toxic Orb
|upkeep
|turn|2
|
|t:|1779852037
|move|p1a: Kyurem|Freeze-Dry|p2a: Gliscor
|-supereffective|p2a: Gliscor
|-damage|p2a: Gliscor|0 fnt
|faint|p2a: Gliscor
|
|upkeep
|
|t:|1779852044
|switch|p2a: Talonflame|Talonflame, M|100/100
|turn|3
|
|t:|1779852047
|move|p2a: Talonflame|Flare Blitz|p1a: Kyurem
|-damage|p1a: Kyurem|69/100
|-damage|p2a: Talonflame|89/100|[from] Recoil
|move|p1a: Kyurem|Freeze-Dry|p2a: Talonflame
|-damage|p2a: Talonflame|43/100
|
|-heal|p1a: Kyurem|75/100|[from] item: Leftovers
|upkeep
|turn|4
|
|t:|1779852060
|move|p2a: Talonflame|Will-O-Wisp|p1a: Kyurem|[miss]
|-miss|p2a: Talonflame|p1a: Kyurem
|move|p1a: Kyurem|Freeze-Dry|p2a: Talonflame
|-damage|p2a: Talonflame|1/100
|
|-heal|p1a: Kyurem|81/100|[from] item: Leftovers
|upkeep
|turn|5
|
|t:|1779852074
|switch|p1a: Slowking|Slowking-Galar, M|100/100
|-sideend|p1: claudechamp|move: Toxic Spikes|[of] p1a: Slowking
|move|p2a: Talonflame|Roost|p2a: Talonflame
|-heal|p2a: Talonflame|51/100
|-singleturn|p2a: Talonflame|move: Roost
|
|upkeep
|turn|6
|
|t:|1779852083
|move|p2a: Talonflame|Will-O-Wisp|p1a: Slowking
|-status|p1a: Slowking|brn
|move|p1a: Slowking|Sludge Bomb|p2a: Talonflame
|-damage|p2a: Talonflame|6/100
|
|-damage|p1a: Slowking|94/100 brn|[from] brn
|upkeep
|turn|7
|
|t:|1779852091
|move|p2a: Talonflame|Roost|p2a: Talonflame
|-heal|p2a: Talonflame|56/100
|-singleturn|p2a: Talonflame|move: Roost
|move|p1a: Slowking|Sludge Bomb|p2a: Talonflame
|-damage|p2a: Talonflame|11/100
|
|-damage|p1a: Slowking|88/100 brn|[from] brn
|upkeep
|turn|8
|
|t:|1779852100
|move|p2a: Talonflame|Roost|p2a: Talonflame
|-heal|p2a: Talonflame|61/100
|-singleturn|p2a: Talonflame|move: Roost
|move|p1a: Slowking|Sludge Bomb|p2a: Talonflame
|-damage|p2a: Talonflame|20/100
|
|-damage|p1a: Slowking|82/100 brn|[from] brn
|upkeep
|turn|9
|
|t:|1779852108
|switch|p1a: Kyurem|Kyurem|81/100
|-ability|p1a: Kyurem|Pressure
|move|p2a: Talonflame|Roost|p2a: Talonflame
|-heal|p2a: Talonflame|70/100
|-singleturn|p2a: Talonflame|move: Roost
|
|-heal|p1a: Kyurem|87/100|[from] item: Leftovers
|upkeep
|turn|10
|
|t:|1779852117
|move|p2a: Talonflame|Will-O-Wisp|p1a: Kyurem
|-status|p1a: Kyurem|brn
|move|p1a: Kyurem|Freeze-Dry|p2a: Talonflame
|-damage|p2a: Talonflame|27/100
|
|-heal|p1a: Kyurem|93/100 brn|[from] item: Leftovers
|-damage|p1a: Kyurem|87/100 brn|[from] brn
|upkeep
|turn|11
|
|t:|1779852129
|move|p2a: Talonflame|Roost|p2a: Talonflame
|-heal|p2a: Talonflame|77/100
|-singleturn|p2a: Talonflame|move: Roost
|move|p1a: Kyurem|Freeze-Dry|p2a: Talonflame
|-resisted|p2a: Talonflame
|-damage|p2a: Talonflame|53/100
|-status|p2a: Talonflame|frz
|
|-heal|p1a: Kyurem|93/100 brn|[from] item: Leftovers
|-damage|p1a: Kyurem|87/100 brn|[from] brn
|upkeep
|turn|12
|
|t:|1779852144
|-terastallize|p2a: Talonflame|Fire
|-curestatus|p2a: Talonflame|frz|[from] move: Flare Blitz
|move|p2a: Talonflame|Flare Blitz|p1a: Kyurem
|-damage|p1a: Kyurem|40/100 brn
|-damage|p2a: Talonflame|36/100|[from] Recoil
|move|p1a: Kyurem|Freeze-Dry|p2a: Talonflame
|-resisted|p2a: Talonflame
|-damage|p2a: Talonflame|12/100
|
|-heal|p1a: Kyurem|46/100 brn|[from] item: Leftovers
|-damage|p1a: Kyurem|40/100 brn|[from] brn
|upkeep
|turn|13
|
|t:|1779852156
|move|p2a: Talonflame|Roost|p2a: Talonflame
|-heal|p2a: Talonflame|62/100
|move|p1a: Kyurem|Earth Power|p2a: Talonflame
|-supereffective|p2a: Talonflame
|-damage|p2a: Talonflame|0 fnt
|faint|p2a: Talonflame
|
|-heal|p1a: Kyurem|46/100 brn|[from] item: Leftovers
|-damage|p1a: Kyurem|40/100 brn|[from] brn
|upkeep
|
|t:|1779852171
|switch|p2a: Lucario|Lucario, M|100/100
|-item|p2a: Lucario|Air Balloon
|turn|14
|
|t:|1779852175
|switch|p1a: Dondozo|Dondozo, F|100/100
|move|p2a: Lucario|Drain Punch|p1a: Dondozo
|-damage|p1a: Dondozo|79/100
|
|-heal|p1a: Dondozo|85/100|[from] item: Leftovers
|upkeep
|turn|15
|
|t:|1779852185
|move|p2a: Lucario|Drain Punch|p1a: Dondozo
|-crit|p1a: Dondozo
|-damage|p1a: Dondozo|53/100
|move|p1a: Dondozo|Body Press|p2a: Lucario
|-supereffective|p2a: Lucario
|-crit|p2a: Lucario
|-damage|p2a: Lucario|0 fnt
|-enditem|p2a: Lucario|Air Balloon
|faint|p2a: Lucario
|
|-heal|p1a: Dondozo|60/100|[from] item: Leftovers
|upkeep
|
|t:|1779852210
|switch|p2a: Kyurem|Kyurem|100/100
|-ability|p2a: Kyurem|Pressure
|turn|16
|inactive|scykkroz has 120 seconds left.
|
|t:|1779852230
|move|p2a: Kyurem|Ancient Power|p1a: Dondozo
|-damage|p1a: Dondozo|43/100
|-boost|p2a: Kyurem|atk|1
|-boost|p2a: Kyurem|def|1
|-boost|p2a: Kyurem|spa|1
|-boost|p2a: Kyurem|spd|1
|-boost|p2a: Kyurem|spe|1
|move|p1a: Dondozo|Body Press|p2a: Kyurem
|-supereffective|p2a: Kyurem
|-damage|p2a: Kyurem|66/100
|
|-heal|p1a: Dondozo|50/100|[from] item: Leftovers
|upkeep
|turn|17
|inactive|scykkroz has 120 seconds left.
|
|t:|1779852241
|move|p2a: Kyurem|Earth Power|p1a: Dondozo
|-damage|p1a: Dondozo|26/100
|move|p1a: Dondozo|Body Press|p2a: Kyurem
|-supereffective|p2a: Kyurem
|-damage|p2a: Kyurem|29/100
|
|-heal|p1a: Dondozo|32/100|[from] item: Leftovers
|upkeep
|turn|18
|
|t:|1779852249
|move|p2a: Kyurem|Dragon Pulse|p1a: Dondozo
|-crit|p1a: Dondozo
|-damage|p1a: Dondozo|0 fnt
|faint|p1a: Dondozo
|
|upkeep
|
|t:|1779852252
|switch|p1a: Cinderace|Cinderace, M|100/100
|turn|19
|inactive|scykkroz has 120 seconds left.
|
|t:|1779852273
|switch|p1a: Ting-Lu|Ting-Lu|100/100
|-ability|p1a: Ting-Lu|Vessel of Ruin
|move|p2a: Kyurem|Earth Power|p1a: Ting-Lu
|-damage|p1a: Ting-Lu|80/100
|
|-heal|p1a: Ting-Lu|87/100|[from] item: Leftovers
|upkeep
|turn|20
|
|t:|1779852283
|move|p2a: Kyurem|Ice Beam|p1a: Ting-Lu
|-supereffective|p1a: Ting-Lu
|-damage|p1a: Ting-Lu|24/100
|move|p1a: Ting-Lu|Payback|p2a: Kyurem
|-damage|p2a: Kyurem|10/100
|
|-heal|p1a: Ting-Lu|31/100|[from] item: Leftovers
|upkeep
|turn|21
|
|t:|1779852291
|-terastallize|p1a: Ting-Lu|Water
|move|p2a: Kyurem|Ice Beam|p1a: Ting-Lu
|-resisted|p1a: Ting-Lu
|-damage|p1a: Ting-Lu|13/100
|move|p1a: Ting-Lu|Earthquake|p2a: Kyurem
|-damage|p2a: Kyurem|0 fnt
|faint|p2a: Kyurem
|
|-heal|p1a: Ting-Lu|20/100|[from] item: Leftovers
|upkeep
|
|t:|1779852305
|switch|p2a: Latios|Latios, M|100/100
|turn|22
|
|t:|1779852313
|move|p2a: Latios|Calm Mind|p2a: Latios
|-boost|p2a: Latios|spa|1
|-boost|p2a: Latios|spd|1
|move|p1a: Ting-Lu|Rest|p1a: Ting-Lu
|-status|p1a: Ting-Lu|slp|[from] move: Rest
|-heal|p1a: Ting-Lu|100/100 slp|[silent]
|
|upkeep
|turn|23
|
|t:|1779852320
|move|p2a: Latios|Calm Mind|p2a: Latios
|-boost|p2a: Latios|spa|1
|-boost|p2a: Latios|spd|1
|cant|p1a: Ting-Lu|slp
|
|upkeep
|turn|24
|
|t:|1779852325
|move|p2a: Latios|Calm Mind|p2a: Latios
|-boost|p2a: Latios|spa|1
|-boost|p2a: Latios|spd|1
|cant|p1a: Ting-Lu|slp
|
|upkeep
|turn|25
|
|t:|1779852334
|move|p2a: Latios|Calm Mind|p2a: Latios
|-boost|p2a: Latios|spa|1
|-boost|p2a: Latios|spd|1
|-curestatus|p1a: Ting-Lu|slp|[msg]
|move|p1a: Ting-Lu|Payback|p2a: Latios
|-supereffective|p2a: Latios
|-damage|p2a: Latios|38/100
|
|-heal|p2a: Latios|44/100|[from] item: Leftovers
|upkeep
|turn|26
|
|t:|1779852344
|move|p2a: Latios|Stored Power|p1a: Ting-Lu
|-damage|p1a: Ting-Lu|3/100
|move|p1a: Ting-Lu|Payback|p2a: Latios
|-supereffective|p2a: Latios
|-damage|p2a: Latios|0 fnt
|faint|p2a: Latios
|
|-heal|p1a: Ting-Lu|9/100|[from] item: Leftovers
|upkeep
|
|t:|1779852351
|switch|p2a: Dondozo|Dondozo, M|100/100
|turn|27
|
|t:|1779852362
|switch|p1a: Kyurem|Kyurem|40/100 brn
|-ability|p1a: Kyurem|Pressure
|move|p2a: Dondozo|Aqua Tail|p1a: Kyurem
|-resisted|p1a: Kyurem
|-damage|p1a: Kyurem|26/100 brn
|
|-heal|p1a: Kyurem|33/100 brn|[from] item: Leftovers
|-damage|p1a: Kyurem|26/100 brn|[from] brn
|upkeep
|turn|28
|
|t:|1779852383
|move|p1a: Kyurem|Freeze-Dry|p2a: Dondozo
|-supereffective|p2a: Dondozo
|-damage|p2a: Dondozo|47/100
|move|p2a: Dondozo|Curse|p2a: Dondozo
|-unboost|p2a: Dondozo|spe|1
|-boost|p2a: Dondozo|atk|1
|-boost|p2a: Dondozo|def|1
|
|-heal|p1a: Kyurem|33/100 brn|[from] item: Leftovers
|-damage|p1a: Kyurem|26/100 brn|[from] brn
|upkeep
|turn|29
|
|t:|1779852397
|move|p1a: Kyurem|Freeze-Dry|p2a: Dondozo
|-supereffective|p2a: Dondozo
|-damage|p2a: Dondozo|0 fnt
|faint|p2a: Dondozo
|
|win|claudechamp
|raw|claudechamp's rating: 1218 &rarr; <strong>1238</strong><br />(+20 for winning)
|raw|scykkroz's rating: 1143 &rarr; <strong>1123</strong><br />(-20 for losing)
|c|☆claudechamp|gg
|l|☆scykkroz
|player|p2|
