|badge|p2|silver|gen9ou|30-9
|uhtml|medal-msg|<div class="broadcast-blue">Curious what those medals under the avatar are? PS now has Ladder Seasons! For more information, check out the <a href="https://www.smogon.com/forums/threads/3740067/">thread on Smogon.</a></div>
|j|☆GreninjaMyFav
|j|☆RedemptiveSketch
|t:|1779942675
|gametype|singles
|player|p1|GreninjaMyFav|skyla|1776
|player|p2|RedemptiveSketch|boarder-gen2|1859
|gen|9
|tier|[Gen 9] OU
|rated|
|rule|HP Percentage Mod: HP is shown in percentages
|rule|Endless Battle Clause: Forcing endless battles is banned
|rule|Species Clause: Limit one of each Pokémon
|rule|OHKO Clause: OHKO moves are banned
|rule|Evasion Items Clause: Evasion items are banned
|rule|Evasion Moves Clause: Evasion moves are banned
|rule|Evasion Abilities Clause: Evasion abilities are banned
|rule|Sleep Moves Clause: Sleep-inducing moves are banned
|clearpoke
|poke|p1|Greninja-*, F|
|poke|p1|Raging Bolt|
|poke|p1|Kingambit, F|
|poke|p1|Great Tusk|
|poke|p1|Corviknight, F|
|poke|p1|Slowking-Galar, M|
|poke|p2|Kingambit, M|
|poke|p2|Cinderace, F|
|poke|p2|Corviknight, F|
|poke|p2|Electrode-Hisui|
|poke|p2|Kyurem|
|poke|p2|Darkrai|
|teampreview
|inactive|Battle timer is ON: inactive players will automatically lose when time's up. (requested by RedemptiveSketch)
|j| dlflf
|
|t:|1779942695
|teamsize|p1|6
|teamsize|p2|6
|start
|switch|p1a: Greninja|Greninja, F|100/100
|switch|p2a: Electrode|Electrode-Hisui|100/100
|turn|1
|
|t:|1779942699
|switch|p1a: Slowking|Slowking-Galar, M|100/100
|move|p2a: Electrode|Volt Switch|p1a: Slowking
|-damage|p1a: Slowking|84/100
|
|t:|1779942704
|switch|p2a: Kingambit|Kingambit, M|100/100|[from] Volt Switch
|
|upkeep
|turn|2
|
|t:|1779942708
|-end|p2a: Kingambit|fallenundefined|[silent]
|switch|p2a: Electrode|Electrode-Hisui|100/100
|switch|p1a: Corviknight|Corviknight, F|100/100
|-ability|p1a: Corviknight|Pressure
|
|upkeep
|turn|3
|
|t:|1779942713
|switch|p1a: Slowking|Slowking-Galar, M|100/100
|move|p2a: Electrode|Thunderbolt|p1a: Slowking
|-damage|p1a: Slowking|81/100
|
|upkeep
|turn|4
|j| Ryaanng
|
|t:|1779942721
|move|p2a: Electrode|Foul Play|p1a: Slowking
|-supereffective|p1a: Slowking
|-damage|p1a: Slowking|47/100
|-prepare|p1a: Slowking|Chilly Reception|[premajor]
|move|p1a: Slowking|Chilly Reception|p1a: Slowking
|-weather|Snowscape
|
|t:|1779942725
|switch|p1a: Raging Bolt|Raging Bolt|100/100|[from] Chilly Reception
|
|-weather|Snowscape|[upkeep]
|upkeep
|turn|5
|
|t:|1779942729
|move|p2a: Electrode|Volt Switch|p1a: Raging Bolt
|-resisted|p1a: Raging Bolt
|-damage|p1a: Raging Bolt|94/100
|
|t:|1779942732
|switch|p2a: Kingambit|Kingambit, M|100/100|[from] Volt Switch
|move|p1a: Raging Bolt|Volt Switch|p2a: Kingambit
|-damage|p2a: Kingambit|33/100
|
|t:|1779942735
|-end|p1a: Raging Bolt|Protosynthesis|[silent]
|switch|p1a: Great Tusk|Great Tusk|100/100|[from] Volt Switch
|
|-weather|Snowscape|[upkeep]
|-heal|p2a: Kingambit|39/100|[from] item: Leftovers
|upkeep
|turn|6
|
|t:|1779942738
|-end|p1a: Great Tusk|Protosynthesis|[silent]
|switch|p1a: Raging Bolt|Raging Bolt|94/100
|-end|p2a: Kingambit|fallenundefined|[silent]
|switch|p2a: Corviknight|Corviknight, F|100/100
|-ability|p2a: Corviknight|Pressure
|
|-weather|Snowscape|[upkeep]
|upkeep
|turn|7
|
|t:|1779942742
|switch|p2a: Electrode|Electrode-Hisui|100/100
|move|p1a: Raging Bolt|Volt Switch|p2a: Electrode
|-resisted|p2a: Electrode
|-damage|p2a: Electrode|76/100
|
|t:|1779942745
|-end|p1a: Raging Bolt|Protosynthesis|[silent]
|switch|p1a: Kingambit|Kingambit, F|100/100|[from] Volt Switch
|
|-weather|Snowscape|[upkeep]
|upkeep
|turn|8
|
|t:|1779942756
|move|p2a: Electrode|Volt Switch|p1a: Kingambit
|-damage|p1a: Kingambit|76/100
|
|t:|1779942759
|switch|p2a: Corviknight|Corviknight, F|100/100|[from] Volt Switch
|-ability|p2a: Corviknight|Pressure
|move|p1a: Kingambit|Kowtow Cleave|p2a: Corviknight
|-damage|p2a: Corviknight|64/100
|-damage|p1a: Kingambit|60/100|[from] item: Rocky Helmet|[of] p2a: Corviknight
|
|-weather|none
|upkeep
|turn|9
|
|t:|1779942764
|-end|p1a: Kingambit|fallenundefined|[silent]
|switch|p1a: Corviknight|Corviknight, F|100/100
|-ability|p1a: Corviknight|Pressure
|move|p2a: Corviknight|Body Press|p1a: Corviknight
|-damage|p1a: Corviknight|84/100
|-damage|p2a: Corviknight|48/100|[from] item: Rocky Helmet|[of] p1a: Corviknight
|
|upkeep
|turn|10
|
|t:|1779942766
|move|p2a: Corviknight|Roost|p2a: Corviknight
|-heal|p2a: Corviknight|98/100
|-singleturn|p2a: Corviknight|move: Roost
|move|p1a: Corviknight|U-turn|p2a: Corviknight
|-resisted|p2a: Corviknight
|-damage|p2a: Corviknight|93/100
|-damage|p1a: Corviknight|68/100|[from] item: Rocky Helmet|[of] p2a: Corviknight
|
|t:|1779942769
|switch|p1a: Raging Bolt|Raging Bolt|94/100|[from] U-turn
|
|upkeep
|turn|11
|
|t:|1779942774
|switch|p2a: Electrode|Electrode-Hisui|76/100
|move|p1a: Raging Bolt|Volt Switch|p2a: Electrode
|-resisted|p2a: Electrode
|-damage|p2a: Electrode|52/100
|
|t:|1779942776
|-end|p1a: Raging Bolt|Protosynthesis|[silent]
|switch|p1a: Slowking|Slowking-Galar, M|81/100|[from] Volt Switch
|
|upkeep
|turn|12
|
|t:|1779942781
|move|p2a: Electrode|Foul Play|p1a: Slowking
|-supereffective|p1a: Slowking
|-damage|p1a: Slowking|48/100
|-prepare|p1a: Slowking|Chilly Reception|[premajor]
|move|p1a: Slowking|Chilly Reception|p1a: Slowking
|-weather|Snowscape
|
|t:|1779942783
|switch|p1a: Raging Bolt|Raging Bolt|94/100|[from] Chilly Reception
|
|-weather|Snowscape|[upkeep]
|upkeep
|turn|13
|
|t:|1779942787
|move|p2a: Electrode|Foul Play|p1a: Raging Bolt
|-damage|p1a: Raging Bolt|82/100
|move|p1a: Raging Bolt|Volt Switch|p2a: Electrode
|-resisted|p2a: Electrode
|-damage|p2a: Electrode|26/100
|
|t:|1779942790
|-end|p1a: Raging Bolt|Protosynthesis|[silent]
|switch|p1a: Slowking|Slowking-Galar, M|81/100|[from] Volt Switch
|
|-weather|Snowscape|[upkeep]
|upkeep
|turn|14
|
|t:|1779942793
|move|p2a: Electrode|Volt Switch|p1a: Slowking
|-damage|p1a: Slowking|66/100
|
|t:|1779942797
|switch|p2a: Kingambit|Kingambit, M|39/100|[from] Volt Switch
|-prepare|p1a: Slowking|Chilly Reception|[premajor]
|move|p1a: Slowking|Chilly Reception|p1a: Slowking
|
|t:|1779942799
|switch|p1a: Great Tusk|Great Tusk|100/100|[from] Chilly Reception
|
|-weather|Snowscape|[upkeep]
|-heal|p2a: Kingambit|45/100|[from] item: Leftovers
|upkeep
|turn|15
|
|t:|1779942802
|-end|p2a: Kingambit|fallenundefined|[silent]
|switch|p2a: Corviknight|Corviknight, F|93/100
|-ability|p2a: Corviknight|Pressure
|move|p1a: Great Tusk|Stealth Rock|p2a: Corviknight
|-sidestart|p2: RedemptiveSketch|move: Stealth Rock
|
|-weather|Snowscape|[upkeep]
|upkeep
|turn|16
|
|t:|1779942811
|-end|p1a: Great Tusk|Protosynthesis|[silent]
|switch|p1a: Raging Bolt|Raging Bolt|82/100
|move|p2a: Corviknight|Defog|p1a: Raging Bolt
|-unboost|p1a: Raging Bolt|evasion|1
|-sideend|p2: RedemptiveSketch|Stealth Rock|[from] move: Defog|[of] p2a: Corviknight
|
|-weather|none
|upkeep
|turn|17
|
|t:|1779942822
|switch|p2a: Kingambit|Kingambit, M|45/100
|move|p1a: Raging Bolt|Volt Switch|p2a: Kingambit
|-damage|p2a: Kingambit|0 fnt
|faint|p2a: Kingambit
|-end|p2a: Kingambit|fallenundefined|[silent]
|
|t:|1779942826
|-end|p1a: Raging Bolt|Protosynthesis|[silent]
|switch|p1a: Greninja|Greninja, F|100/100|[from] Volt Switch
|
|upkeep
|
|t:|1779942833
|switch|p2a: Kyurem|Kyurem|100/100
|-ability|p2a: Kyurem|Pressure
|turn|18
|
|t:|1779942837
|move|p1a: Greninja|Ice Beam|p2a: Kyurem
|-start|p1a: Greninja|typechange|Ice|[from] ability: Protean
|-damage|p2a: Kyurem|65/100
|move|p2a: Kyurem|Freeze-Dry|p1a: Greninja
|-resisted|p1a: Greninja
|-damage|p1a: Greninja|73/100
|
|upkeep
|turn|19
|
|t:|1779942849
|switch|p1a: Slowking|Slowking-Galar, M|99/100
|switch|p2a: Cinderace|Cinderace, F|100/100
|
|upkeep
|turn|20
|
|t:|1779942852
|move|p2a: Cinderace|Pyro Ball|p1a: Slowking
|-damage|p1a: Slowking|39/100
|move|p1a: Slowking|Thunder Wave|p2a: Cinderace
|-status|p2a: Cinderace|par
|
|upkeep
|turn|21
|
|t:|1779942859
|switch|p1a: Greninja|Greninja, F|73/100
|cant|p2a: Cinderace|par
|
|upkeep
|turn|22
|
|t:|1779942865
|switch|p2a: Kyurem|Kyurem|65/100
|-ability|p2a: Kyurem|Pressure
|move|p1a: Greninja|Ice Beam|p2a: Kyurem
|-start|p1a: Greninja|typechange|Ice|[from] ability: Protean
|-damage|p2a: Kyurem|27/100
|
|upkeep
|turn|23
|
|t:|1779942870
|switch|p2a: Cinderace|Cinderace, F|100/100 par
|move|p1a: Greninja|Ice Beam|p2a: Cinderace
|-resisted|p2a: Cinderace
|-damage|p2a: Cinderace|59/100 par
|
|upkeep
|turn|24
|
|t:|1779942874
|switch|p1a: Raging Bolt|Raging Bolt|82/100
|move|p2a: Cinderace|Pyro Ball|p1a: Raging Bolt
|-resisted|p1a: Raging Bolt
|-damage|p1a: Raging Bolt|56/100
|
|upkeep
|turn|25
|
|t:|1779942881
|move|p1a: Raging Bolt|Volt Switch|p2a: Cinderace
|-damage|p2a: Cinderace|0 fnt
|faint|p2a: Cinderace
|
|t:|1779942884
|-end|p1a: Raging Bolt|Protosynthesis|[silent]
|switch|p1a: Great Tusk|Great Tusk|100/100|[from] Volt Switch
|
|upkeep
|
|t:|1779942888
|switch|p2a: Kyurem|Kyurem|27/100
|-ability|p2a: Kyurem|Pressure
|turn|26
|
|t:|1779942892
|-end|p1a: Great Tusk|Protosynthesis|[silent]
|switch|p1a: Corviknight|Corviknight, F|68/100
|-ability|p1a: Corviknight|Pressure
|move|p2a: Kyurem|Ice Beam|p1a: Corviknight
|-damage|p1a: Corviknight|21/100
|
|upkeep
|turn|27
|
|t:|1779942896
|move|p2a: Kyurem|Freeze-Dry|p1a: Corviknight
|-damage|p1a: Corviknight|0 fnt
|faint|p1a: Corviknight
|
|upkeep
|
|t:|1779942898
|switch|p1a: Greninja|Greninja, F|73/100
|turn|28
|
|t:|1779942902
|move|p1a: Greninja|Ice Beam|p2a: Kyurem
|-start|p1a: Greninja|typechange|Ice|[from] ability: Protean
|-crit|p2a: Kyurem
|-damage|p2a: Kyurem|0 fnt
|faint|p2a: Kyurem
|
|upkeep
|
|t:|1779942910
|switch|p2a: Electrode|Electrode-Hisui|26/100
|turn|29
|
|t:|1779942914
|switch|p1a: Great Tusk|Great Tusk|100/100
|move|p2a: Electrode|Volt Switch|p1a: Great Tusk
|-immune|p1a: Great Tusk
|
|upkeep
|turn|30
|
|t:|1779942918
|-end|p1a: Great Tusk|Protosynthesis|[silent]
|switch|p1a: Slowking|Slowking-Galar, M|73/100
|move|p2a: Electrode|Volt Switch|p1a: Slowking
|-damage|p1a: Slowking|57/100
|
|t:|1779942921
|switch|p2a: Darkrai|Darkrai, shiny|100/100|[from] Volt Switch
|
|upkeep
|turn|31
|
|t:|1779942925
|-terastallize|p1a: Slowking|Water
|move|p2a: Darkrai|Nasty Plot|p2a: Darkrai
|-boost|p2a: Darkrai|spa|2
|move|p1a: Slowking|Thunder Wave|p2a: Darkrai
|-status|p2a: Darkrai|par
|
|upkeep
|turn|32
|
|t:|1779942930
|cant|p2a: Darkrai|par
|-prepare|p1a: Slowking|Chilly Reception|[premajor]
|move|p1a: Slowking|Chilly Reception|p1a: Slowking
|-weather|Snowscape
|l| dlflf
|
|t:|1779942932
|switch|p1a: Raging Bolt|Raging Bolt|56/100|[from] Chilly Reception
|
|-weather|Snowscape|[upkeep]
|upkeep
|turn|33
|
|t:|1779942936
|move|p1a: Raging Bolt|Volt Switch|p2a: Darkrai
|-damage|p2a: Darkrai|24/100 par
|
|t:|1779942938
|-end|p1a: Raging Bolt|Protosynthesis|[silent]
|switch|p1a: Slowking|Slowking-Galar, M, tera:Water|90/100|[from] Volt Switch
|move|p2a: Darkrai|Dark Pulse|p1a: Slowking
|-damage|p1a: Slowking|43/100
|
|-weather|Snowscape|[upkeep]
|upkeep
|turn|34
|
|t:|1779942941
|move|p2a: Darkrai|Dark Pulse|p1a: Slowking
|-damage|p1a: Slowking|0 fnt
|faint|p1a: Slowking
|
|-weather|Snowscape|[upkeep]
|upkeep
|
|t:|1779942943
|switch|p1a: Greninja|Greninja, F|73/100
|turn|35
|
|t:|1779942946
|move|p1a: Greninja|Ice Beam|p2a: Darkrai
|-start|p1a: Greninja|typechange|Ice|[from] ability: Protean
|-damage|p2a: Darkrai|0 fnt
|faint|p2a: Darkrai
|
|-weather|Snowscape|[upkeep]
|upkeep
|-message|RedemptiveSketch forfeited.
|
|win|GreninjaMyFav
|raw|GreninjaMyFav's rating: 1776 &rarr; <strong>1801</strong><br />(+25 for winning)
|raw|RedemptiveSketch's rating: 1859 &rarr; <strong>1834</strong><br />(-25 for losing)
|l|☆RedemptiveSketch
|player|p2|
|l|☆GreninjaMyFav
|player|p1|
|l| Ryaanng
