|j|☆45eyh3u
|j|☆Snorrrrrlax1
|t:|1779863018
|gametype|singles
|player|p1|45eyh3u|alder|1111
|player|p2|Snorrrrrlax1|maid|1056
|gen|9
|tier|[Gen 9] OU
|rated|
|rule|HP Percentage Mod: HP is shown in percentages
|rule|Endless Battle Clause: Forcing endless battles is banned
|rule|Species Clause: Limit one of each Pokémon
|rule|OHKO Clause: OHKO moves are banned
|rule|Evasion Items Clause: Evasion items are banned
|rule|Evasion Moves Clause: Evasion moves are banned
|rule|Evasion Abilities Clause: Evasion abilities are banned
|rule|Sleep Moves Clause: Sleep-inducing moves are banned
|clearpoke
|poke|p1|Rillaboom, F|
|poke|p1|Primarina, M|
|poke|p1|Zapdos|
|poke|p1|Garchomp, F|
|poke|p1|Gholdengo|
|poke|p1|Tyranitar, M|
|poke|p2|Swampert, F|
|poke|p2|Snorlax, F|
|poke|p2|Meowscarada, M|
|poke|p2|Polteageist|
|poke|p2|Ditto|
|poke|p2|Oricorio-Pom-Pom, F|
|teampreview
|inactive|Battle timer is ON: inactive players will automatically lose when time's up. (requested by 45eyh3u)
|
|t:|1779863038
|teamsize|p1|6
|teamsize|p2|6
|start
|switch|p1a: Rillaboom|Rillaboom, F|100/100
|switch|p2a: Snorlax|Snorlax, F|100/100
|-fieldstart|move: Grassy Terrain|[from] ability: Grassy Surge|[of] p1a: Rillaboom
|turn|1
|
|t:|1779863045
|-terastallize|p2a: Snorlax|Steel
|move|p1a: Rillaboom|Low Kick|p2a: Snorlax
|-supereffective|p2a: Snorlax
|-crit|p2a: Snorlax
|-damage|p2a: Snorlax|0 fnt
|faint|p2a: Snorlax
|
|upkeep
|
|t:|1779863062
|switch|p2a: Oricorio|Oricorio-Pom-Pom, F|100/100
|turn|2
|
|t:|1779863069
|move|p2a: Oricorio|Quiver Dance|p2a: Oricorio
|-boost|p2a: Oricorio|spa|1
|-boost|p2a: Oricorio|spd|1
|-boost|p2a: Oricorio|spe|1
|move|p1a: Rillaboom|Knock Off|p2a: Oricorio
|-damage|p2a: Oricorio|42/100
|-enditem|p2a: Oricorio|Heavy-Duty Boots|[from] move: Knock Off|[of] p1a: Rillaboom
|
|upkeep
|turn|3
|
|t:|1779863077
|move|p2a: Oricorio|U-turn|p1a: Rillaboom
|-supereffective|p1a: Rillaboom
|-damage|p1a: Rillaboom|79/100
|
|t:|1779863084
|switch|p2a: Ditto|Ditto|100/100|[from] U-turn
|-transform|p2a: Ditto|p1a: Rillaboom|[from] ability: Imposter
|move|p1a: Rillaboom|Knock Off|p2a: Ditto
|-damage|p2a: Ditto|52/100
|-enditem|p2a: Ditto|Choice Band|[from] move: Knock Off|[of] p1a: Rillaboom
|
|-heal|p1a: Rillaboom|85/100|[from] Grassy Terrain
|-heal|p2a: Ditto|58/100|[from] Grassy Terrain
|-heal|p1a: Rillaboom|91/100|[from] item: Leftovers
|upkeep
|turn|4
|
|t:|1779863106
|move|p1a: Rillaboom|U-turn|p2a: Ditto
|-supereffective|p2a: Ditto
|-damage|p2a: Ditto|0 fnt
|faint|p2a: Ditto
|
|t:|1779863111
|switch|p1a: Primarina|Primarina, M|100/100|[from] U-turn
|
|upkeep
|
|t:|1779863124
|switch|p2a: Swampert|Swampert, F|100/100
|turn|5
|
|t:|1779863129
|move|p2a: Swampert|Earthquake|p1a: Primarina
|-damage|p1a: Primarina|46/100
|move|p1a: Primarina|Moonblast|p2a: Swampert
|-damage|p2a: Swampert|43/100
|
|-heal|p2a: Swampert|49/100|[from] Grassy Terrain
|-heal|p1a: Primarina|52/100|[from] Grassy Terrain
|-fieldend|move: Grassy Terrain
|upkeep
|turn|6
|
|t:|1779863137
|switch|p1a: Zapdos|Zapdos|100/100
|move|p2a: Swampert|Earthquake|p1a: Zapdos
|-immune|p1a: Zapdos
|
|upkeep
|turn|7
|
|t:|1779863145
|move|p1a: Zapdos|Hurricane|p2a: Swampert
|-damage|p2a: Swampert|0 fnt
|faint|p2a: Swampert
|
|upkeep
|
|t:|1779863150
|switch|p2a: Meowscarada|Meowscarada, M|100/100
|turn|8
|
|t:|1779863159
|move|p2a: Meowscarada|Triple Axel|p1a: Zapdos
|-start|p2a: Meowscarada|typechange|Ice|[from] ability: Protean
|-supereffective|p1a: Zapdos
|-damage|p1a: Zapdos|77/100
|-supereffective|p1a: Zapdos
|-damage|p1a: Zapdos|36/100
|-supereffective|p1a: Zapdos
|-damage|p1a: Zapdos|0 fnt
|faint|p1a: Zapdos
|-hitcount|p1: Zapdos|3
|
|upkeep
|
|t:|1779863166
|switch|p1a: Gholdengo|Gholdengo|100/100
|turn|9
|
|t:|1779863177
|switch|p2a: Oricorio|Oricorio-Pom-Pom, F|42/100
|move|p1a: Gholdengo|Make It Rain|p2a: Oricorio
|-resisted|p2a: Oricorio
|-damage|p2a: Oricorio|0 fnt
|-unboost|p1a: Gholdengo|spa|1
|faint|p2a: Oricorio
|
|upkeep
|
|t:|1779863185
|switch|p2a: Meowscarada|Meowscarada, M|100/100
|turn|10
|
|t:|1779863189
|switch|p1a: Rillaboom|Rillaboom, F|91/100
|-fieldstart|move: Grassy Terrain|[from] ability: Grassy Surge|[of] p1a: Rillaboom
|move|p2a: Meowscarada|Shadow Claw|p1a: Rillaboom
|-start|p2a: Meowscarada|typechange|Ghost|[from] ability: Protean
|-damage|p1a: Rillaboom|40/100
|
|-heal|p1a: Rillaboom|46/100|[from] Grassy Terrain
|-heal|p1a: Rillaboom|53/100|[from] item: Leftovers
|upkeep
|turn|11
|
|t:|1779863200
|move|p1a: Rillaboom|Grassy Glide|p2a: Meowscarada
|-damage|p2a: Meowscarada|37/100
|move|p2a: Meowscarada|Shadow Claw|p1a: Rillaboom
|-damage|p1a: Rillaboom|5/100
|
|-heal|p2a: Meowscarada|43/100|[from] Grassy Terrain
|-heal|p1a: Rillaboom|11/100|[from] Grassy Terrain
|-heal|p1a: Rillaboom|17/100|[from] item: Leftovers
|upkeep
|turn|12
|
|t:|1779863211
|switch|p2a: Polteageist|Polteageist|100/100
|move|p1a: Rillaboom|Grassy Glide|p2a: Polteageist
|-damage|p2a: Polteageist|32/100
|-ability|p2a: Polteageist|Weak Armor|boost
|-unboost|p2a: Polteageist|def|1
|-boost|p2a: Polteageist|spe|2
|
|-heal|p2a: Polteageist|38/100|[from] Grassy Terrain
|-heal|p1a: Rillaboom|23/100|[from] Grassy Terrain
|-heal|p1a: Rillaboom|29/100|[from] item: Leftovers
|upkeep
|turn|13
|
|t:|1779863224
|move|p1a: Rillaboom|Grassy Glide|p2a: Polteageist
|-damage|p2a: Polteageist|0 fnt
|faint|p2a: Polteageist
|
|-heal|p1a: Rillaboom|35/100|[from] Grassy Terrain
|-heal|p1a: Rillaboom|42/100|[from] item: Leftovers
|upkeep
|
|t:|1779863231
|switch|p2a: Meowscarada|Meowscarada, M|43/100
|turn|14
|
|t:|1779863240
|switch|p1a: Gholdengo|Gholdengo|100/100
|move|p2a: Meowscarada|Triple Axel|p1a: Gholdengo|[miss]
|-start|p2a: Meowscarada|typechange|Ice|[from] ability: Protean
|-miss|p2a: Meowscarada|p1a: Gholdengo
|
|-heal|p2a: Meowscarada|49/100|[from] Grassy Terrain
|-fieldend|move: Grassy Terrain
|upkeep
|turn|15
|
|t:|1779863249
|move|p1a: Gholdengo|Make It Rain|p2a: Meowscarada
|-supereffective|p2a: Meowscarada
|-damage|p2a: Meowscarada|0 fnt
|-unboost|p1a: Gholdengo|spa|1
|faint|p2a: Meowscarada
|
|win|45eyh3u
|raw|45eyh3u's rating: 1111 &rarr; <strong>1132</strong><br />(+21 for winning)
|raw|Snorrrrrlax1's rating: 1056 &rarr; <strong>1040</strong><br />(-16 for losing)
|l|☆Snorrrrrlax1
|player|p2|
