|j|☆Titanosaurus
|j|☆thecovenant1
|t:|1779906054
|gametype|singles
|player|p1|Titanosaurus|byron|1401
|player|p2|thecovenant1|101|1304
|gen|9
|tier|[Gen 9] OU
|rated|
|rule|HP Percentage Mod: HP is shown in percentages
|rule|Endless Battle Clause: Forcing endless battles is banned
|rule|Species Clause: Limit one of each Pokémon
|rule|OHKO Clause: OHKO moves are banned
|rule|Evasion Items Clause: Evasion items are banned
|rule|Evasion Moves Clause: Evasion moves are banned
|rule|Evasion Abilities Clause: Evasion abilities are banned
|rule|Sleep Moves Clause: Sleep-inducing moves are banned
|clearpoke
|poke|p1|Dunsparce, M|
|poke|p1|Lokix, M|
|poke|p1|Galvantula, M|
|poke|p1|Hatterene, F|
|poke|p1|Ogerpon-Cornerstone, F|
|poke|p1|Cinderace, M|
|poke|p2|Iron Treads|
|poke|p2|Darkrai|
|poke|p2|Sylveon, F|
|poke|p2|Slowking, M|
|poke|p2|Meowscarada, M|
|poke|p2|Garchomp, M|
|teampreview
|inactive|Battle timer is ON: inactive players will automatically lose when time's up. (requested by Titanosaurus)
|inactive|thecovenant1 has 120 seconds left.
|
|t:|1779906106
|teamsize|p1|6
|teamsize|p2|6
|start
|switch|p1a: Dunsparce|Dunsparce, M|100/100
|switch|p2a: Garchomp|Garchomp, M|100/100
|turn|1
|
|t:|1779906119
|move|p2a: Garchomp|Spikes|p1a: Dunsparce
|-sidestart|p1: Titanosaurus|Spikes
|move|p1a: Dunsparce|Glare|p2a: Garchomp
|-status|p2a: Garchomp|par
|
|upkeep
|turn|2
|
|t:|1779906127
|switch|p1a: Hatterene|Hatterene, F|100/100
|-damage|p1a: Hatterene|88/100|[from] Spikes
|move|p2a: Garchomp|Stealth Rock|p1a: Hatterene
|move|p1a: Hatterene|Stealth Rock|p2a: Garchomp|[from] ability: Magic Bounce
|-sidestart|p2: thecovenant1|move: Stealth Rock
|
|upkeep
|turn|3
|
|t:|1779906140
|switch|p2a: Slowking|Slowking, M|100/100
|move|p1a: Hatterene|Shadow Ball|p2a: Slowking
|-supereffective|p2a: Slowking
|-damage|p2a: Slowking|31/100
|
|upkeep
|turn|4
|
|t:|1779906163
|switch|p2a: Sylveon|Sylveon, F|100/100
|-damage|p2a: Sylveon|88/100|[from] Stealth Rock
|move|p1a: Hatterene|Shadow Ball|p2a: Sylveon
|-damage|p2a: Sylveon|55/100
|
|-heal|p2a: Sylveon|61/100|[from] item: Leftovers
|upkeep
|turn|5
|
|t:|1779906174
|switch|p1a: Dunsparce|Dunsparce, M|100/100
|-damage|p1a: Dunsparce|88/100|[from] Spikes
|move|p2a: Sylveon|Wish|p2a: Sylveon
|
|-heal|p2a: Sylveon|67/100|[from] item: Leftovers
|upkeep
|turn|6
|
|t:|1779906188
|move|p2a: Sylveon|Wish||[still]
|-fail|p2a: Sylveon
|move|p1a: Dunsparce|Shadow Ball|p2a: Sylveon
|-crit|p2a: Sylveon
|-damage|p2a: Sylveon|53/100
|
|-heal|p2a: Sylveon|100/100|[from] move: Wish|[wisher] Sylveon
|upkeep
|turn|7
|
|t:|1779906194
|move|p2a: Sylveon|Wish|p2a: Sylveon
|move|p1a: Dunsparce|Glare|p2a: Sylveon
|-status|p2a: Sylveon|par
|
|upkeep
|turn|8
|
|t:|1779906212
|switch|p2a: Garchomp|Garchomp, M|100/100 par
|-damage|p2a: Garchomp|94/100 par|[from] Stealth Rock
|move|p1a: Dunsparce|Shadow Ball|p2a: Garchomp
|-damage|p2a: Garchomp|83/100 par
|
|-heal|p2a: Garchomp|100/100 par|[from] move: Wish|[wisher] Sylveon
|upkeep
|turn|9
|
|t:|1779906219
|move|p2a: Garchomp|Earthquake|p1a: Dunsparce
|-crit|p1a: Dunsparce
|-damage|p1a: Dunsparce|45/100
|move|p1a: Dunsparce|Shadow Ball|p2a: Garchomp
|-damage|p2a: Garchomp|89/100 par
|-unboost|p2a: Garchomp|spd|1
|
|upkeep
|turn|10
|
|t:|1779906229
|move|p2a: Garchomp|Earthquake|p1a: Dunsparce
|-damage|p1a: Dunsparce|17/100
|move|p1a: Dunsparce|Roost|p1a: Dunsparce
|-heal|p1a: Dunsparce|67/100
|-singleturn|p1a: Dunsparce|move: Roost
|
|upkeep
|turn|11
|
|t:|1779906237
|move|p2a: Garchomp|Earthquake|p1a: Dunsparce
|-crit|p1a: Dunsparce
|-damage|p1a: Dunsparce|25/100
|move|p1a: Dunsparce|Roost|p1a: Dunsparce
|-heal|p1a: Dunsparce|75/100
|-singleturn|p1a: Dunsparce|move: Roost
|
|upkeep
|turn|12
|l|☆thecovenant1
|inactive|thecovenant1 disconnected and has a minute to reconnect!
|player|p2|
|j|☆thecovenant1
|inactive|thecovenant1 reconnected and has 140 seconds left.
|player|p2|thecovenant1|101|
|
|t:|1779906254
|move|p2a: Garchomp|Stealth Rock|p1a: Dunsparce
|-sidestart|p1: Titanosaurus|move: Stealth Rock
|move|p1a: Dunsparce|Shadow Ball|p2a: Garchomp
|-crit|p2a: Garchomp
|-damage|p2a: Garchomp|62/100 par
|-unboost|p2a: Garchomp|spd|1
|
|upkeep
|turn|13
|
|t:|1779906268
|switch|p2a: Sylveon|Sylveon, F|100/100 par
|-damage|p2a: Sylveon|88/100 par|[from] Stealth Rock
|move|p1a: Dunsparce|Roost|p1a: Dunsparce
|-heal|p1a: Dunsparce|100/100
|-singleturn|p1a: Dunsparce|move: Roost
|
|-heal|p2a: Sylveon|94/100 par|[from] item: Leftovers
|upkeep
|turn|14
|
|t:|1779906274
|move|p1a: Dunsparce|Body Slam|p2a: Sylveon
|-damage|p2a: Sylveon|77/100 par
|move|p2a: Sylveon|Wish|p2a: Sylveon
|
|-heal|p2a: Sylveon|83/100 par|[from] item: Leftovers
|upkeep
|turn|15
|
|t:|1779906287
|switch|p2a: Garchomp|Garchomp, M|62/100 par
|-damage|p2a: Garchomp|56/100 par|[from] Stealth Rock
|move|p1a: Dunsparce|Shadow Ball|p2a: Garchomp
|-damage|p2a: Garchomp|43/100 par
|-unboost|p2a: Garchomp|spd|1
|
|-heal|p2a: Garchomp|90/100 par|[from] move: Wish|[wisher] Sylveon
|upkeep
|turn|16
|
|t:|1779906305
|move|p2a: Garchomp|Spikes|p1a: Dunsparce
|-sidestart|p1: Titanosaurus|Spikes
|move|p1a: Dunsparce|Shadow Ball|p2a: Garchomp
|-damage|p2a: Garchomp|73/100 par
|
|upkeep
|turn|17
|
|t:|1779906314
|move|p2a: Garchomp|Spikes|p1a: Dunsparce
|-sidestart|p1: Titanosaurus|Spikes
|move|p1a: Dunsparce|Shadow Ball|p2a: Garchomp
|-damage|p2a: Garchomp|56/100 par
|
|upkeep
|turn|18
|
|t:|1779906324
|switch|p2a: Sylveon|Sylveon, F|83/100 par
|-damage|p2a: Sylveon|71/100 par|[from] Stealth Rock
|move|p1a: Dunsparce|Shadow Ball|p2a: Sylveon
|-damage|p2a: Sylveon|61/100 par
|
|-heal|p2a: Sylveon|68/100 par|[from] item: Leftovers
|upkeep
|turn|19
|
|t:|1779906330
|switch|p1a: Cinderace|Cinderace, M|100/100
|cant|p2a: Sylveon|par
|
|-heal|p2a: Sylveon|74/100 par|[from] item: Leftovers
|upkeep
|turn|20
|
|t:|1779906335
|move|p1a: Cinderace|Court Change|p1a: Cinderace
|-start|p1a: Cinderace|typechange|Normal|[from] ability: Libero
|-swapsideconditions
|-activate|p1a: Cinderace|move: Court Change
|move|p2a: Sylveon|Wish|p2a: Sylveon
|
|-heal|p2a: Sylveon|80/100 par|[from] item: Leftovers
|upkeep
|turn|21
|
|t:|1779906348
|move|p1a: Cinderace|Pyro Ball|p2a: Sylveon
|-damage|p2a: Sylveon|50/100 par
|cant|p2a: Sylveon|par
|
|-heal|p2a: Sylveon|100/100 par|[from] move: Wish|[wisher] Sylveon
|upkeep
|turn|22
|
|t:|1779906355
|move|p1a: Cinderace|Pyro Ball|p2a: Sylveon
|-damage|p2a: Sylveon|68/100 par
|move|p2a: Sylveon|Hyper Voice|p1a: Cinderace
|-damage|p1a: Cinderace|39/100
|
|-heal|p2a: Sylveon|74/100 par|[from] item: Leftovers
|upkeep
|turn|23
|
|t:|1779906369
|move|p1a: Cinderace|Pyro Ball|p2a: Sylveon
|-damage|p2a: Sylveon|46/100 par
|cant|p2a: Sylveon|par
|
|-heal|p2a: Sylveon|52/100 par|[from] item: Leftovers
|upkeep
|turn|24
|
|t:|1779906384
|move|p1a: Cinderace|Pyro Ball|p2a: Sylveon
|-damage|p2a: Sylveon|23/100 par
|move|p2a: Sylveon|Hyper Voice|p1a: Cinderace
|-damage|p1a: Cinderace|0 fnt
|faint|p1a: Cinderace
|
|-heal|p2a: Sylveon|29/100 par|[from] item: Leftovers
|upkeep
|
|t:|1779906391
|switch|p1a: Galvantula|Galvantula, M|100/100
|-damage|p1a: Galvantula|76/100|[from] Stealth Rock
|turn|25
|l|☆thecovenant1
|inactive|thecovenant1 disconnected and has a minute to reconnect!
|player|p2|
|j|☆thecovenant1
|inactive|thecovenant1 reconnected and has 115 seconds left.
|player|p2|thecovenant1|101|
|
|t:|1779906433
|switch|p2a: Iron Treads|Iron Treads|100/100
|-damage|p2a: Iron Treads|97/100|[from] Stealth Rock
|-item|p2a: Iron Treads|Air Balloon
|move|p1a: Galvantula|Sticky Web|p2a: Iron Treads
|-sidestart|p2: thecovenant1|move: Sticky Web
|
|upkeep
|turn|26
|
|t:|1779906439
|-terastallize|p1a: Galvantula|Ghost
|move|p1a: Galvantula|Energy Ball|p2a: Iron Treads
|-damage|p2a: Iron Treads|62/100
|-enditem|p2a: Iron Treads|Air Balloon
|move|p2a: Iron Treads|Rapid Spin|p1a: Galvantula
|-immune|p1a: Galvantula
|
|upkeep
|turn|27
|inactive|thecovenant1 has 120 seconds left.
|
|t:|1779906447
|move|p1a: Galvantula|Energy Ball|p2a: Iron Treads
|-damage|p2a: Iron Treads|24/100
|move|p2a: Iron Treads|Knock Off|p1a: Galvantula
|-supereffective|p1a: Galvantula
|-damage|p1a: Galvantula|0 fnt
|-enditem|p1a: Galvantula|Focus Sash|[from] move: Knock Off|[of] p2a: Iron Treads
|faint|p1a: Galvantula
|
|upkeep
|
|t:|1779906455
|switch|p1a: Lokix|Lokix, M|100/100
|turn|28
|
|t:|1779906469
|move|p1a: Lokix|First Impression|p2a: Iron Treads
|-resisted|p2a: Iron Treads
|-damage|p2a: Iron Treads|0 fnt
|faint|p2a: Iron Treads
|-end|p2a: Iron Treads|Quark Drive|[silent]
|
|upkeep
|inactive|thecovenant1 has 120 seconds left.
|
|t:|1779906487
|switch|p2a: Sylveon|Sylveon, F|29/100 par
|-damage|p2a: Sylveon|4/100 par|[from] Spikes
|-damage|p2a: Sylveon|0 fnt|[from] Stealth Rock
|faint|p2a: Sylveon
|
|t:|1779906505
|switch|p2a: Darkrai|Darkrai|100/100
|-damage|p2a: Darkrai|76/100|[from] Spikes
|-damage|p2a: Darkrai|63/100|[from] Stealth Rock
|-activate|p2a: Darkrai|move: Sticky Web
|-unboost|p2a: Darkrai|spe|1
|turn|29
|
|t:|1779906521
|switch|p1a: Hatterene|Hatterene, F|88/100
|-damage|p1a: Hatterene|76/100|[from] Stealth Rock
|move|p2a: Darkrai|Dark Pulse|p1a: Hatterene
|-damage|p1a: Hatterene|29/100
|
|upkeep
|turn|30
|
|t:|1779906527
|move|p2a: Darkrai|Dark Pulse|p1a: Hatterene
|-damage|p1a: Hatterene|0 fnt
|faint|p1a: Hatterene
|
|upkeep
|
|t:|1779906530
|switch|p1a: Dunsparce|Dunsparce, M|100/100
|-damage|p1a: Dunsparce|88/100|[from] Stealth Rock
|turn|31
|inactive|thecovenant1 has 120 seconds left.
|
|t:|1779906554
|switch|p2a: Slowking|Slowking, M|64/100
|move|p1a: Dunsparce|Glare|p2a: Slowking
|-status|p2a: Slowking|par
|
|upkeep
|turn|32
|
|t:|1779906566
|switch|p1a: Ogerpon|Ogerpon-Cornerstone, F|100/100
|-damage|p1a: Ogerpon|88/100|[from] Stealth Rock
|-prepare|p2a: Slowking|Chilly Reception|[premajor]
|move|p2a: Slowking|Chilly Reception|p2a: Slowking
|-weather|Snowscape
|
|t:|1779906585
|switch|p2a: Meowscarada|Meowscarada, M, shiny|100/100|[from] Chilly Reception
|-damage|p2a: Meowscarada|76/100|[from] Spikes
|-damage|p2a: Meowscarada|63/100|[from] Stealth Rock
|-activate|p2a: Meowscarada|move: Sticky Web
|-unboost|p2a: Meowscarada|spe|1
|
|-weather|Snowscape|[upkeep]
|upkeep
|turn|33
|
|t:|1779906594
|move|p2a: Meowscarada|Sucker Punch|p1a: Ogerpon
|-start|p2a: Meowscarada|typechange|Dark|[from] ability: Protean
|-damage|p1a: Ogerpon|24/100
|move|p1a: Ogerpon|Ivy Cudgel|p2a: Meowscarada|[anim] Ivy Cudgel Rock
|-damage|p2a: Meowscarada|0 fnt
|faint|p2a: Meowscarada
|
|-weather|Snowscape|[upkeep]
|upkeep
|
|t:|1779906605
|switch|p2a: Darkrai|Darkrai|63/100
|-damage|p2a: Darkrai|38/100|[from] Spikes
|-damage|p2a: Darkrai|26/100|[from] Stealth Rock
|-activate|p2a: Darkrai|move: Sticky Web
|-unboost|p2a: Darkrai|spe|1
|turn|34
|
|t:|1779906610
|move|p2a: Darkrai|Dark Pulse|p1a: Ogerpon
|-damage|p1a: Ogerpon|0 fnt
|faint|p1a: Ogerpon
|
|-weather|Snowscape|[upkeep]
|upkeep
|
|t:|1779906614
|switch|p1a: Lokix|Lokix, M|100/100
|turn|35
|inactive|thecovenant1 has 120 seconds left.
|
|t:|1779906634
|move|p1a: Lokix|First Impression|p2a: Darkrai
|-supereffective|p2a: Darkrai
|-damage|p2a: Darkrai|0 fnt
|faint|p2a: Darkrai
|
|-weather|Snowscape|[upkeep]
|upkeep
|
|t:|1779906636
|switch|p2a: Garchomp|Garchomp, M|56/100 par
|-damage|p2a: Garchomp|31/100 par|[from] Spikes
|-damage|p2a: Garchomp|25/100 par|[from] Stealth Rock
|-activate|p2a: Garchomp|move: Sticky Web
|-unboost|p2a: Garchomp|spe|1
|turn|36
|inactive|thecovenant1 has 120 seconds left.
|
|t:|1779906651
|switch|p1a: Dunsparce|Dunsparce, M|88/100
|-damage|p1a: Dunsparce|76/100|[from] Stealth Rock
|move|p2a: Garchomp|Earthquake|p1a: Dunsparce
|-damage|p1a: Dunsparce|48/100
|
|-weather|none
|upkeep
|turn|37
|inactive|thecovenant1 has 120 seconds left.
|
|t:|1779906662
|move|p1a: Dunsparce|Shadow Ball|p2a: Garchomp
|-damage|p2a: Garchomp|12/100 par
|move|p2a: Garchomp|Earthquake|p1a: Dunsparce
|-damage|p1a: Dunsparce|22/100
|
|upkeep
|turn|38
|inactive|thecovenant1 has 120 seconds left.
|
|t:|1779906667
|move|p1a: Dunsparce|Shadow Ball|p2a: Garchomp
|-damage|p2a: Garchomp|0 fnt
|faint|p2a: Garchomp
|
|upkeep
|
|t:|1779906669
|switch|p2a: Slowking|Slowking, M|97/100 par
|turn|39
|
|t:|1779906675
|move|p1a: Dunsparce|Roost|p1a: Dunsparce
|-heal|p1a: Dunsparce|72/100
|-singleturn|p1a: Dunsparce|move: Roost
|move|p2a: Slowking|Future Sight|p1a: Dunsparce
|-start|p2a: Slowking|move: Future Sight
|
|upkeep
|turn|40
|-message|thecovenant1 forfeited.
|
|win|Titanosaurus
|raw|Titanosaurus's rating: 1401 &rarr; <strong>1416</strong><br />(+15 for winning)
|raw|thecovenant1's rating: 1304 &rarr; <strong>1289</strong><br />(-15 for losing)
|l|☆thecovenant1
|player|p2|
|l|☆Titanosaurus
|player|p1|
