|j|☆kabbalistic jew
|j|☆Aukijunichi
|t:|1779865504
|gametype|singles
|player|p1|kabbalistic jew|skierf-gen4dp|1235
|player|p2|Aukijunichi|266|1226
|gen|9
|tier|[Gen 9] OU
|rated|
|rule|HP Percentage Mod: HP is shown in percentages
|rule|Endless Battle Clause: Forcing endless battles is banned
|rule|Species Clause: Limit one of each Pokémon
|rule|OHKO Clause: OHKO moves are banned
|rule|Evasion Items Clause: Evasion items are banned
|rule|Evasion Moves Clause: Evasion moves are banned
|rule|Evasion Abilities Clause: Evasion abilities are banned
|rule|Sleep Moves Clause: Sleep-inducing moves are banned
|clearpoke
|poke|p1|Hatterene, F|
|poke|p1|Great Tusk|
|poke|p1|Tornadus-Therian, M|
|poke|p1|Kyurem|
|poke|p1|Slowking-Galar, M|
|poke|p1|Kingambit, M|
|poke|p2|Porygon2|
|poke|p2|Decidueye-Hisui, M|
|poke|p2|Incineroar, M|
|poke|p2|Goodra-Hisui, F|
|poke|p2|Pelipper, M|
|poke|p2|Great Tusk|
|teampreview
|inactive|Battle timer is ON: inactive players will automatically lose when time's up. (requested by kabbalistic jew)
|
|t:|1779865517
|teamsize|p1|6
|teamsize|p2|6
|start
|switch|p1a: Kyurem|Kyurem|100/100
|switch|p2a: luh peli|Pelipper, M, shiny|100/100
|-ability|p1a: Kyurem|Pressure
|-weather|RainDance|[from] ability: Drizzle|[of] p2a: luh peli
|turn|1
|
|t:|1779865525
|switch|p2a: wolfey's son|Incineroar, M|100/100
|-ability|p2a: wolfey's son|Intimidate|boost
|-unboost|p1a: Kyurem|atk|1
|move|p1a: Kyurem|Freeze-Dry|p2a: wolfey's son
|-resisted|p2a: wolfey's son
|-damage|p2a: wolfey's son|83/100
|
|-weather|RainDance|[upkeep]
|upkeep
|turn|2
|
|t:|1779865540
|switch|p1a: Hatterene|Hatterene, F|100/100
|move|p2a: wolfey's son|Leech Life|p1a: Hatterene
|-damage|p1a: Hatterene|79/100
|-heal|p2a: wolfey's son|92/100|[from] drain|[of] p1a: Hatterene
|-damage|p2a: wolfey's son|75/100|[from] item: Rocky Helmet|[of] p1a: Hatterene
|
|-weather|RainDance|[upkeep]
|upkeep
|turn|3
|
|t:|1779865548
|move|p2a: wolfey's son|Knock Off|p1a: Hatterene
|-damage|p1a: Hatterene|41/100
|-damage|p2a: wolfey's son|59/100|[from] item: Rocky Helmet|[of] p1a: Hatterene
|-enditem|p1a: Hatterene|Rocky Helmet|[from] move: Knock Off|[of] p2a: wolfey's son
|move|p1a: Hatterene|Nuzzle|p2a: wolfey's son
|-damage|p2a: wolfey's son|55/100
|-status|p2a: wolfey's son|par
|
|-weather|RainDance|[upkeep]
|upkeep
|turn|4
|
|t:|1779865563
|move|p1a: Hatterene|Draining Kiss|p2a: wolfey's son
|-damage|p2a: wolfey's son|42/100 par
|-heal|p1a: Hatterene|54/100|[from] drain|[of] p2a: wolfey's son
|move|p2a: wolfey's son|U-turn|p1a: Hatterene
|-damage|p1a: Hatterene|35/100
|
|t:|1779865574
|switch|p2a: PZ3000|Porygon2|100/100|[from] U-turn
|
|-weather|RainDance|[upkeep]
|upkeep
|turn|5
|
|t:|1779865579
|move|p2a: PZ3000|Shadow Ball|p1a: Hatterene
|-supereffective|p1a: Hatterene
|-damage|p1a: Hatterene|0 fnt
|faint|p1a: Hatterene
|
|-weather|RainDance|[upkeep]
|upkeep
|
|t:|1779865588
|switch|p1a: Tornadus|Tornadus-Therian, M|100/100
|turn|6
|
|t:|1779865611
|move|p1a: Tornadus|Knock Off|p2a: PZ3000
|-damage|p2a: PZ3000|88/100
|-enditem|p2a: PZ3000|Eviolite|[from] move: Knock Off|[of] p1a: Tornadus
|move|p2a: PZ3000|Ice Beam|p1a: Tornadus
|-supereffective|p1a: Tornadus
|-damage|p1a: Tornadus|45/100
|
|-weather|RainDance|[upkeep]
|upkeep
|turn|7
|
|t:|1779865619
|move|p1a: Tornadus|U-turn|p2a: PZ3000
|-damage|p2a: PZ3000|73/100
|
|t:|1779865622
|switch|p1a: Slowking|Slowking-Galar, M|100/100|[from] U-turn
|move|p2a: PZ3000|Tri Attack|p1a: Slowking
|-damage|p1a: Slowking|63/100
|
|-weather|RainDance|[upkeep]
|-heal|p1a: Slowking|69/100|[from] item: Black Sludge
|upkeep
|turn|8
|
|t:|1779865629
|move|p2a: PZ3000|Psyshock|p1a: Slowking
|-crit|p1a: Slowking
|-damage|p1a: Slowking|41/100
|-prepare|p1a: Slowking|Chilly Reception|[premajor]
|move|p1a: Slowking|Chilly Reception|p1a: Slowking
|-weather|Snowscape
|
|t:|1779865631
|switch|p1a: Kyurem|Kyurem|100/100|[from] Chilly Reception
|-ability|p1a: Kyurem|Pressure
|
|-weather|Snowscape|[upkeep]
|upkeep
|turn|9
|
|t:|1779865636
|move|p1a: Kyurem|Blizzard|p2a: PZ3000
|-damage|p2a: PZ3000|0 fnt
|faint|p2a: PZ3000
|
|-weather|Snowscape|[upkeep]
|upkeep
|
|t:|1779865651
|switch|p2a: wolfey's son|Incineroar, M|42/100 par
|-ability|p2a: wolfey's son|Intimidate|boost
|-unboost|p1a: Kyurem|atk|1
|turn|10
|
|t:|1779865658
|move|p1a: Kyurem|Blizzard|p2a: wolfey's son
|-resisted|p2a: wolfey's son
|-damage|p2a: wolfey's son|16/100 par
|move|p2a: wolfey's son|Knock Off|p1a: Kyurem
|-damage|p1a: Kyurem|71/100
|-enditem|p1a: Kyurem|Choice Specs|[from] move: Knock Off|[of] p2a: wolfey's son
|
|-weather|Snowscape|[upkeep]
|upkeep
|turn|11
|
|t:|1779865666
|move|p1a: Kyurem|Earth Power|p2a: wolfey's son
|-supereffective|p2a: wolfey's son
|-damage|p2a: wolfey's son|0 fnt
|faint|p2a: wolfey's son
|
|-weather|Snowscape|[upkeep]
|upkeep
|
|t:|1779865674
|switch|p2a: luh peli|Pelipper, M, shiny|100/100
|-weather|RainDance|[from] ability: Drizzle|[of] p2a: luh peli
|turn|12
|
|t:|1779865680
|switch|p2a: dragoooooo|Goodra-Hisui, F|100/100
|move|p1a: Kyurem|Freeze-Dry|p2a: dragoooooo
|-damage|p2a: dragoooooo|79/100
|
|-weather|RainDance|[upkeep]
|upkeep
|turn|13
|
|t:|1779865686
|switch|p1a: Slowking|Slowking-Galar, M|75/100
|move|p2a: dragoooooo|Body Press|p1a: Slowking
|-resisted|p1a: Slowking
|-damage|p1a: Slowking|71/100
|
|-weather|RainDance|[upkeep]
|-heal|p1a: Slowking|77/100|[from] item: Black Sludge
|upkeep
|turn|14
|
|t:|1779865692
|switch|p2a: realeyesrealize|Decidueye-Hisui, M, shiny|100/100
|move|p1a: Slowking|Trick|p2a: realeyesrealize
|-activate|p1a: Slowking|move: Trick|[of] p2a: realeyesrealize
|-item|p2a: realeyesrealize|Black Sludge|[from] move: Trick
|-item|p1a: Slowking|Choice Scarf|[from] move: Trick
|
|-weather|RainDance|[upkeep]
|-damage|p2a: realeyesrealize|88/100|[from] item: Black Sludge
|upkeep
|turn|15
|
|t:|1779865701
|move|p2a: realeyesrealize|U-turn|p1a: Slowking
|-damage|p1a: Slowking|60/100
|
|t:|1779865707
|switch|p2a: dragoooooo|Goodra-Hisui, F|79/100|[from] U-turn
|-prepare|p1a: Slowking|Chilly Reception|[premajor]
|move|p1a: Slowking|Chilly Reception|p1a: Slowking
|-weather|Snowscape
|-message|Aukijunichi forfeited.
|
|win|kabbalistic jew
|raw|kabbalistic jew's rating: 1235 &rarr; <strong>1259</strong><br />(+24 for winning)
|raw|Aukijunichi's rating: 1226 &rarr; <strong>1202</strong><br />(-24 for losing)
|l|☆Aukijunichi
|player|p2|
|l|☆kabbalistic jew
|player|p1|
