|j|☆togekaiser
|j|☆Minnesotaaa
|t:|1779808813
|gametype|singles
|player|p1|togekaiser|wattson|1462
|player|p2|Minnesotaaa|blue|1500
|gen|9
|tier|[Gen 9] OU
|rated|
|rule|HP Percentage Mod: HP is shown in percentages
|rule|Endless Battle Clause: Forcing endless battles is banned
|rule|Species Clause: Limit one of each Pokémon
|rule|OHKO Clause: OHKO moves are banned
|rule|Evasion Items Clause: Evasion items are banned
|rule|Evasion Moves Clause: Evasion moves are banned
|rule|Evasion Abilities Clause: Evasion abilities are banned
|rule|Sleep Moves Clause: Sleep-inducing moves are banned
|clearpoke
|poke|p1|Iron Valiant|
|poke|p1|Gliscor, F|
|poke|p1|Slowking-Galar, F|
|poke|p1|Great Tusk|
|poke|p1|Dragapult, F|
|poke|p1|Skarmory, F|
|poke|p2|Ribombee, M|
|poke|p2|Kingambit, F|
|poke|p2|Empoleon, F|
|poke|p2|Serperior, F|
|poke|p2|Milotic, F|
|poke|p2|Cinderace, F|
|teampreview
|inactive|Battle timer is ON: inactive players will automatically lose when time's up. (requested by togekaiser)
|
|t:|1779808877
|teamsize|p1|6
|teamsize|p2|6
|start
|switch|p1a: Skarmory|Skarmory, F|100/100
|switch|p2a: Ribombee|Ribombee, M|100/100
|turn|1
|
|t:|1779808881
|move|p2a: Ribombee|Sticky Web|p1a: Skarmory
|-sidestart|p1: togekaiser|move: Sticky Web
|move|p1a: Skarmory|Spikes|p2a: Ribombee
|-sidestart|p2: Minnesotaaa|Spikes
|
|upkeep
|turn|2
|
|t:|1779808894
|move|p2a: Ribombee|U-turn|p1a: Skarmory
|-resisted|p1a: Skarmory
|-damage|p1a: Skarmory|99/100
|-damage|p2a: Ribombee|84/100|[from] item: Rocky Helmet|[of] p1a: Skarmory
|
|t:|1779808896
|switch|p2a: Cinderace|Cinderace, F|100/100|[from] U-turn
|move|p1a: Skarmory|Spikes|p2a: Cinderace
|-sidestart|p2: Minnesotaaa|Spikes
|
|upkeep
|turn|3
|
|t:|1779808903
|switch|p1a: Great Tusk|Great Tusk|100/100
|move|p2a: Cinderace|Court Change|p2a: Cinderace
|-start|p2a: Cinderace|typechange|Normal|[from] ability: Libero
|-swapsideconditions
|-activate|p2a: Cinderace|move: Court Change
|
|upkeep
|turn|4
|inactive|Minnesotaaa has 120 seconds left.
|
|t:|1779808943
|move|p2a: Cinderace|U-turn|p1a: Great Tusk
|-resisted|p1a: Great Tusk
|-damage|p1a: Great Tusk|92/100
|
|t:|1779808945
|switch|p2a: Ribombee|Ribombee, M|84/100|[from] U-turn
|-activate|p2a: Ribombee|move: Sticky Web
|-unboost|p2a: Ribombee|spe|1
|move|p1a: Great Tusk|Rapid Spin|p2a: Ribombee
|-damage|p2a: Ribombee|49/100
|-boost|p1a: Great Tusk|spe|1
|-sideend|p1: togekaiser|Spikes|[from] move: Rapid Spin|[of] p1a: Great Tusk
|
|upkeep
|turn|5
|
|t:|1779808955
|move|p1a: Great Tusk|Ice Spinner|p2a: Ribombee
|-damage|p2a: Ribombee|0 fnt
|faint|p2a: Ribombee
|
|upkeep
|inactive|Minnesotaaa has 120 seconds left.
|
|t:|1779808966
|switch|p2a: Milotic|Milotic, F|100/100
|-activate|p2a: Milotic|move: Sticky Web
|-unboost|p2a: Milotic|spe|1
|-ability|p2a: Milotic|Competitive|boost
|-boost|p2a: Milotic|spa|2
|turn|6
|
|t:|1779808975
|-end|p1a: Great Tusk|Protosynthesis|[silent]
|switch|p1a: Slowking|Slowking-Galar, F|100/100
|move|p2a: Milotic|Scald|p1a: Slowking
|-damage|p1a: Slowking|66/100
|
|upkeep
|turn|7
|
|t:|1779808985
|switch|p2a: Empoleon|Empoleon, F|100/100
|-activate|p2a: Empoleon|move: Sticky Web
|-unboost|p2a: Empoleon|spe|1
|-ability|p2a: Empoleon|Competitive|boost
|-boost|p2a: Empoleon|spa|2
|-prepare|p1a: Slowking|Chilly Reception|[premajor]
|move|p1a: Slowking|Chilly Reception|p1a: Slowking
|-weather|Snowscape
|
|t:|1779808996
|switch|p1a: Great Tusk|Great Tusk|92/100|[from] Chilly Reception
|
|-weather|Snowscape|[upkeep]
|upkeep
|turn|8
|
|t:|1779809008
|switch|p2a: Cinderace|Cinderace, F|100/100
|move|p1a: Great Tusk|Headlong Rush|p2a: Cinderace
|-supereffective|p2a: Cinderace
|-damage|p2a: Cinderace|0 fnt
|-unboost|p1a: Great Tusk|def|1
|-unboost|p1a: Great Tusk|spd|1
|faint|p2a: Cinderace
|
|-weather|Snowscape|[upkeep]
|upkeep
|
|t:|1779809014
|switch|p2a: Serperior|Serperior, F|100/100
|-activate|p2a: Serperior|move: Sticky Web
|-boost|p2a: Serperior|spe|1
|turn|9
|
|t:|1779809021
|-end|p1a: Great Tusk|Protosynthesis|[silent]
|switch|p1a: Skarmory|Skarmory, F|99/100
|move|p2a: Serperior|Leech Seed|p1a: Skarmory
|-start|p1a: Skarmory|move: Leech Seed
|
|-weather|Snowscape|[upkeep]
|-damage|p1a: Skarmory|86/100|[from] Leech Seed|[of] p2a: Serperior
|upkeep
|turn|10
|
|t:|1779809041
|switch|p2a: Empoleon|Empoleon, F|100/100
|-activate|p2a: Empoleon|move: Sticky Web
|-unboost|p2a: Empoleon|spe|1
|-ability|p2a: Empoleon|Competitive|boost
|-boost|p2a: Empoleon|spa|2
|move|p1a: Skarmory|Spikes|p2a: Empoleon
|-sidestart|p2: Minnesotaaa|Spikes
|
|-weather|Snowscape|[upkeep]
|-damage|p1a: Skarmory|74/100|[from] Leech Seed|[of] p2a: Empoleon
|upkeep
|turn|11
|
|t:|1779809050
|switch|p1a: Slowking|Slowking-Galar, F|99/100
|move|p2a: Empoleon|Hydro Pump|p1a: Slowking
|-damage|p1a: Slowking|34/100
|
|-weather|none
|upkeep
|turn|12
|
|t:|1779809076
|move|p2a: Empoleon|Flash Cannon|p1a: Slowking
|-damage|p1a: Slowking|0 fnt
|faint|p1a: Slowking
|
|upkeep
|
|t:|1779809081
|switch|p1a: Great Tusk|Great Tusk|92/100
|turn|13
|
|t:|1779809104
|-terastallize|p2a: Empoleon|Ghost
|move|p1a: Great Tusk|Headlong Rush|p2a: Empoleon
|-damage|p2a: Empoleon|41/100
|-unboost|p1a: Great Tusk|def|1
|-unboost|p1a: Great Tusk|spd|1
|move|p2a: Empoleon|Hydro Pump|p1a: Great Tusk
|-supereffective|p1a: Great Tusk
|-crit|p1a: Great Tusk
|-damage|p1a: Great Tusk|0 fnt
|faint|p1a: Great Tusk
|-end|p1a: Great Tusk|Protosynthesis|[silent]
|
|-heal|p2a: Empoleon|47/100|[from] item: Leftovers
|upkeep
|
|t:|1779809111
|switch|p1a: Iron Valiant|Iron Valiant|100/100
|turn|14
|
|t:|1779809118
|move|p1a: Iron Valiant|Moonblast|p2a: Empoleon
|-damage|p2a: Empoleon|0 fnt
|faint|p2a: Empoleon
|
|upkeep
|
|t:|1779809131
|switch|p2a: Serperior|Serperior, F|100/100
|-activate|p2a: Serperior|move: Sticky Web
|-boost|p2a: Serperior|spe|1
|-damage|p2a: Serperior|88/100|[from] Spikes
|turn|15
|
|t:|1779809140
|move|p2a: Serperior|Substitute|p2a: Serperior
|-start|p2a: Serperior|Substitute
|-damage|p2a: Serperior|63/100
|move|p1a: Iron Valiant|Moonblast|p2a: Serperior
|-end|p2a: Serperior|Substitute
|
|-heal|p2a: Serperior|69/100|[from] item: Leftovers
|upkeep
|turn|16
|
|t:|1779809149
|move|p2a: Serperior|Glare|p1a: Iron Valiant
|-status|p1a: Iron Valiant|par
|move|p1a: Iron Valiant|Moonblast|p2a: Serperior
|-damage|p2a: Serperior|0 fnt
|faint|p2a: Serperior
|
|upkeep
|
|t:|1779809154
|switch|p2a: Milotic|Milotic, F|100/100
|-activate|p2a: Milotic|move: Sticky Web
|-unboost|p2a: Milotic|spe|1
|-ability|p2a: Milotic|Competitive|boost
|-boost|p2a: Milotic|spa|2
|-damage|p2a: Milotic|88/100|[from] Spikes
|turn|17
|
|t:|1779809161
|-end|p1a: Iron Valiant|Quark Drive|[silent]
|switch|p1a: Skarmory|Skarmory, F|74/100
|move|p2a: Milotic|Scald|p1a: Skarmory
|-damage|p1a: Skarmory|0 fnt
|faint|p1a: Skarmory
|
|-heal|p2a: Milotic|94/100|[from] item: Leftovers
|upkeep
|
|t:|1779809167
|switch|p1a: Dragapult|Dragapult, F|100/100
|turn|18
|
|t:|1779809173
|move|p1a: Dragapult|Dragon Darts|p2a: Milotic
|-damage|p2a: Milotic|78/100
|-anim|p1a: Dragapult|Dragon Darts|p2a: Milotic
|-damage|p2a: Milotic|59/100
|move|p2a: Milotic|Ice Beam|p1a: Dragapult
|-supereffective|p1a: Dragapult
|-damage|p1a: Dragapult|0 fnt
|faint|p1a: Dragapult
|
|-heal|p2a: Milotic|65/100|[from] item: Leftovers
|upkeep
|
|t:|1779809190
|switch|p1a: Gliscor|Gliscor, F|100/100
|turn|19
|
|t:|1779809216
|-terastallize|p1a: Gliscor|Dragon
|move|p1a: Gliscor|U-turn|p2a: Milotic
|-damage|p2a: Milotic|51/100
|
|t:|1779809221
|switch|p1a: Iron Valiant|Iron Valiant|100/100 par|[from] U-turn
|move|p2a: Milotic|Recover|p2a: Milotic
|-heal|p2a: Milotic|100/100
|
|upkeep
|turn|20
|
|t:|1779809230
|move|p1a: Iron Valiant|Moonblast|p2a: Milotic
|-damage|p2a: Milotic|46/100
|move|p2a: Milotic|Scald|p1a: Iron Valiant
|-damage|p1a: Iron Valiant|0 fnt
|faint|p1a: Iron Valiant
|-end|p1a: Iron Valiant|Quark Drive|[silent]
|
|-heal|p2a: Milotic|52/100|[from] item: Leftovers
|upkeep
|-message|togekaiser forfeited.
|
|win|Minnesotaaa
|raw|togekaiser's rating: 1462 &rarr; <strong>1444</strong><br />(-18 for losing)
|raw|Minnesotaaa's rating: 1500 &rarr; <strong>1518</strong><br />(+18 for winning)
|l|☆togekaiser
|player|p1|
|l|☆Minnesotaaa
|player|p2|
