|j|☆watermelonemoji
|j|☆Autistickid64
|t:|1779821671
|gametype|singles
|player|p1|watermelonemoji|266|1563
|player|p2|Autistickid64|ethan-masters|1520
|gen|9
|tier|[Gen 9] OU
|rated|
|rule|HP Percentage Mod: HP is shown in percentages
|rule|Endless Battle Clause: Forcing endless battles is banned
|rule|Species Clause: Limit one of each Pokémon
|rule|OHKO Clause: OHKO moves are banned
|rule|Evasion Items Clause: Evasion items are banned
|rule|Evasion Moves Clause: Evasion moves are banned
|rule|Evasion Abilities Clause: Evasion abilities are banned
|rule|Sleep Moves Clause: Sleep-inducing moves are banned
|clearpoke
|poke|p1|Keldeo-Resolute|
|poke|p1|Heatran, M|
|poke|p1|Slowking-Galar, F|
|poke|p1|Meowscarada, F|
|poke|p1|Gliscor, M|
|poke|p1|Dragapult, M|
|poke|p2|Cloyster, F|
|poke|p2|Iron Valiant|
|poke|p2|Avalugg-Hisui, M|
|poke|p2|Iron Moth|
|poke|p2|Weezing-Galar, M|
|poke|p2|Tsareena, F|
|teampreview
|
|t:|1779821679
|teamsize|p1|6
|teamsize|p2|6
|start
|switch|p1a: Slowking|Slowking-Galar, F|100/100
|switch|p2a: Avalugg|Avalugg-Hisui, M|100/100
|turn|1
|
|t:|1779821684
|move|p2a: Avalugg|Earthquake|p1a: Slowking
|-supereffective|p1a: Slowking
|-damage|p1a: Slowking|26/100
|move|p1a: Slowking|Sludge Bomb|p2a: Avalugg
|-resisted|p2a: Avalugg
|-damage|p2a: Avalugg|65/100
|
|upkeep
|turn|2
|
|t:|1779821688
|switch|p1a: Keldeo|Keldeo-Resolute|100/100
|move|p2a: Avalugg|Stealth Rock|p1a: Keldeo
|-sidestart|p1: watermelonemoji|move: Stealth Rock
|
|upkeep
|turn|3
|
|t:|1779821693
|move|p1a: Keldeo|Secret Sword|p2a: Avalugg
|-supereffective|p2a: Avalugg
|-damage|p2a: Avalugg|0 fnt
|faint|p2a: Avalugg
|
|upkeep
|
|t:|1779821697
|switch|p2a: Tsareena|Tsareena, F|100/100
|turn|4
|
|t:|1779821703
|switch|p1a: Heatran|Heatran, M|100/100
|-damage|p1a: Heatran|88/100|[from] Stealth Rock
|move|p2a: Tsareena|Power Whip|p1a: Heatran
|-resisted|p1a: Heatran
|-damage|p1a: Heatran|78/100
|
|-heal|p1a: Heatran|84/100|[from] item: Leftovers
|upkeep
|turn|5
|
|t:|1779821710
|move|p1a: Heatran|Stealth Rock|p2a: Tsareena
|-sidestart|p2: Autistickid64|move: Stealth Rock
|move|p2a: Tsareena|Low Kick|p1a: Heatran
|-supereffective|p1a: Heatran
|-damage|p1a: Heatran|31/100
|
|-heal|p1a: Heatran|38/100|[from] item: Leftovers
|upkeep
|turn|6
|
|t:|1779821715
|move|p1a: Heatran|Magma Storm|p2a: Tsareena|[miss]
|-miss|p1a: Heatran|p2a: Tsareena
|move|p2a: Tsareena|Low Kick|p1a: Heatran
|-supereffective|p1a: Heatran
|-damage|p1a: Heatran|0 fnt
|faint|p1a: Heatran
|
|upkeep
|
|t:|1779821719
|switch|p1a: Meowscarada|Meowscarada, F|100/100
|turn|7
|
|t:|1779821722
|move|p1a: Meowscarada|U-turn|p2a: Tsareena
|-start|p1a: Meowscarada|typechange|Bug|[from] ability: Protean
|-supereffective|p2a: Tsareena
|-damage|p2a: Tsareena|31/100
|
|t:|1779821724
|switch|p1a: Dragapult|Dragapult, M|100/100|[from] U-turn
|move|p2a: Tsareena|Triple Axel|p1a: Dragapult
|-supereffective|p1a: Dragapult
|-damage|p1a: Dragapult|77/100
|-supereffective|p1a: Dragapult
|-damage|p1a: Dragapult|29/100
|-supereffective|p1a: Dragapult
|-damage|p1a: Dragapult|0 fnt
|faint|p1a: Dragapult
|-hitcount|p1: Dragapult|3
|
|upkeep
|
|t:|1779821726
|switch|p1a: Meowscarada|Meowscarada, F|100/100
|turn|8
|
|t:|1779821737
|move|p1a: Meowscarada|Knock Off|p2a: Tsareena
|-start|p1a: Meowscarada|typechange|Dark|[from] ability: Protean
|-damage|p2a: Tsareena|0 fnt
|-enditem|p2a: Tsareena|Assault Vest|[from] move: Knock Off|[of] p1a: Meowscarada
|faint|p2a: Tsareena
|
|upkeep
|
|t:|1779821740
|switch|p2a: Weezing|Weezing-Galar, M|100/100
|-damage|p2a: Weezing|88/100|[from] Stealth Rock
|turn|9
|
|t:|1779821777
|switch|p2a: Cloyster|Cloyster, F, shiny|100/100
|-damage|p2a: Cloyster|76/100|[from] Stealth Rock
|move|p1a: Meowscarada|Spikes|p2a: Cloyster
|-sidestart|p2: Autistickid64|Spikes
|
|upkeep
|turn|10
|
|t:|1779821793
|-terastallize|p1a: Meowscarada|Grass
|move|p1a: Meowscarada|Flower Trick|p2a: Cloyster
|-supereffective|p2a: Cloyster
|-crit|p2a: Cloyster
|-damage|p2a: Cloyster|0 fnt
|faint|p2a: Cloyster
|
|upkeep
|
|t:|1779821796
|switch|p2a: Iron Moth|Iron Moth|100/100
|-damage|p2a: Iron Moth|75/100|[from] Stealth Rock
|-damage|p2a: Iron Moth|63/100|[from] Spikes
|-enditem|p2a: Iron Moth|Booster Energy
|-activate|p2a: Iron Moth|ability: Quark Drive|[fromitem]
|-start|p2a: Iron Moth|quarkdrivespe
|turn|11
|
|t:|1779821801
|switch|p1a: Gliscor|Gliscor, M|100/100
|-damage|p1a: Gliscor|88/100|[from] Stealth Rock
|move|p2a: Iron Moth|Fiery Dance|p1a: Gliscor
|-damage|p1a: Gliscor|39/100
|-boost|p2a: Iron Moth|spa|1
|
|-status|p1a: Gliscor|tox|[from] item: Toxic Orb
|upkeep
|turn|12
|
|t:|1779821805
|move|p2a: Iron Moth|Fiery Dance|p1a: Gliscor
|-damage|p1a: Gliscor|0 fnt
|faint|p1a: Gliscor
|
|upkeep
|
|t:|1779821807
|switch|p1a: Keldeo|Keldeo-Resolute|100/100
|-damage|p1a: Keldeo|94/100|[from] Stealth Rock
|turn|13
|
|t:|1779821810
|move|p2a: Iron Moth|Energy Ball|p1a: Keldeo
|-supereffective|p1a: Keldeo
|-damage|p1a: Keldeo|0 fnt
|faint|p1a: Keldeo
|
|upkeep
|
|t:|1779821811
|switch|p1a: Slowking|Slowking-Galar, F|59/100
|turn|14
|
|t:|1779821815
|move|p2a: Iron Moth|Fiery Dance|p1a: Slowking
|-damage|p1a: Slowking|21/100
|move|p1a: Slowking|Future Sight|p2a: Iron Moth
|-start|p1a: Slowking|move: Future Sight
|
|upkeep
|turn|15
|
|t:|1779821820
|switch|p1a: Meowscarada|Meowscarada, F, tera:Grass|100/100
|move|p2a: Iron Moth|Fiery Dance|p1a: Meowscarada
|-supereffective|p1a: Meowscarada
|-damage|p1a: Meowscarada|0 fnt
|faint|p1a: Meowscarada
|
|upkeep
|-message|watermelonemoji forfeited.
|
|win|Autistickid64
|raw|watermelonemoji's rating: 1563 &rarr; <strong>1541</strong><br />(-22 for losing)
|raw|Autistickid64's rating: 1520 &rarr; <strong>1542</strong><br />(+22 for winning)
|l|☆watermelonemoji
|player|p1|
|l|☆Autistickid64
|player|p2|
