|j|☆pooperscooper124
|j|☆npctypebeat
|t:|1779940137
|gametype|singles
|player|p1|pooperscooper124|265|1050
|player|p2|npctypebeat|102|1087
|gen|9
|tier|[Gen 9] OU
|rated|
|rule|HP Percentage Mod: HP is shown in percentages
|rule|Endless Battle Clause: Forcing endless battles is banned
|rule|Species Clause: Limit one of each Pokémon
|rule|OHKO Clause: OHKO moves are banned
|rule|Evasion Items Clause: Evasion items are banned
|rule|Evasion Moves Clause: Evasion moves are banned
|rule|Evasion Abilities Clause: Evasion abilities are banned
|rule|Sleep Moves Clause: Sleep-inducing moves are banned
|clearpoke
|poke|p1|Dragonite, M|
|poke|p1|Garchomp, M|
|poke|p1|Blastoise, M|
|poke|p1|Regieleki|
|poke|p1|Kingambit, M|
|poke|p1|Clefable, F|
|poke|p2|Corviknight, M|
|poke|p2|Ting-Lu|
|poke|p2|Kyurem|
|poke|p2|Dondozo, M|
|poke|p2|Slowking-Galar, F|
|poke|p2|Cinderace, F|
|teampreview
|c|☆npctypebeat|hf
|inactive|Battle timer is ON: inactive players will automatically lose when time's up. (requested by npctypebeat)
|
|t:|1779940147
|teamsize|p1|6
|teamsize|p2|6
|start
|switch|p1a: Regieleki|Regieleki|100/100
|switch|p2a: Cinderace|Cinderace, F|100/100
|turn|1
|
|t:|1779940156
|move|p1a: Regieleki|Light Screen|p1a: Regieleki
|-sidestart|p1: pooperscooper124|move: Light Screen
|move|p2a: Cinderace|Pyro Ball|p1a: Regieleki
|-damage|p1a: Regieleki|45/100
|
|upkeep
|turn|2
|
|t:|1779940161
|move|p1a: Regieleki|Reflect|p1a: Regieleki
|-sidestart|p1: pooperscooper124|Reflect
|move|p2a: Cinderace|Pyro Ball|p1a: Regieleki
|-damage|p1a: Regieleki|19/100
|-status|p1a: Regieleki|brn
|
|-damage|p1a: Regieleki|13/100 brn|[from] brn
|upkeep
|turn|3
|
|t:|1779940167
|move|p1a: Regieleki|Volt Switch|p2a: Cinderace
|-damage|p2a: Cinderace|59/100
|
|t:|1779940174
|switch|p1a: Blastoise|Blastoise, M|100/100|[from] Volt Switch
|move|p2a: Cinderace|Pyro Ball|p1a: Blastoise
|-resisted|p1a: Blastoise
|-damage|p1a: Blastoise|86/100
|
|upkeep
|turn|4
|
|t:|1779940181
|switch|p2a: Kyurem|Kyurem|100/100
|-ability|p2a: Kyurem|Pressure
|move|p1a: Blastoise|Surf|p2a: Kyurem
|-resisted|p2a: Kyurem
|-damage|p2a: Kyurem|84/100
|
|-heal|p2a: Kyurem|90/100|[from] item: Leftovers
|upkeep
|turn|5
|
|t:|1779940193
|switch|p1a: Clefable|Clefable, F|100/100
|move|p2a: Kyurem|Freeze-Dry|p1a: Clefable
|-damage|p1a: Clefable|83/100
|
|-heal|p2a: Kyurem|97/100|[from] item: Leftovers
|-heal|p1a: Clefable|89/100|[from] item: Leftovers
|upkeep
|turn|6
|
|t:|1779940200
|switch|p2a: Cinderace|Cinderace, F|59/100
|move|p1a: Clefable|Calm Mind|p1a: Clefable
|-boost|p1a: Clefable|spa|1
|-boost|p1a: Clefable|spd|1
|
|-heal|p1a: Clefable|95/100|[from] item: Leftovers
|upkeep
|turn|7
|
|t:|1779940208
|move|p2a: Cinderace|Pyro Ball|p1a: Clefable
|-damage|p1a: Clefable|75/100
|move|p1a: Clefable|Knock Off|p2a: Cinderace
|-damage|p2a: Cinderace|41/100
|-enditem|p2a: Cinderace|Heavy-Duty Boots|[from] move: Knock Off|[of] p1a: Clefable
|
|-heal|p1a: Clefable|81/100|[from] item: Leftovers
|upkeep
|turn|8
|
|t:|1779940223
|switch|p1a: Blastoise|Blastoise, M|86/100
|move|p2a: Cinderace|Pyro Ball|p1a: Blastoise|[miss]
|-miss|p2a: Cinderace|p1a: Blastoise
|
|-sideend|p1: pooperscooper124|move: Light Screen
|upkeep
|turn|9
|
|t:|1779940229
|switch|p2a: Slowking|Slowking-Galar, F|100/100
|move|p1a: Blastoise|Surf|p2a: Slowking
|-damage|p2a: Slowking|70/100
|
|-sideend|p1: pooperscooper124|Reflect
|upkeep
|turn|10
|
|t:|1779940236
|move|p1a: Blastoise|Shell Smash|p1a: Blastoise
|-unboost|p1a: Blastoise|def|1
|-unboost|p1a: Blastoise|spd|1
|-boost|p1a: Blastoise|atk|2
|-boost|p1a: Blastoise|spa|2
|-boost|p1a: Blastoise|spe|2
|-enditem|p1a: Blastoise|White Herb
|-clearnegativeboost|p1a: Blastoise|[silent]
|move|p2a: Slowking|Sludge Bomb|p1a: Blastoise
|-damage|p1a: Blastoise|48/100
|
|upkeep
|turn|11
|
|t:|1779940249
|switch|p2a: Kyurem|Kyurem|97/100
|-ability|p2a: Kyurem|Pressure
|move|p1a: Blastoise|Surf|p2a: Kyurem
|-resisted|p2a: Kyurem
|-damage|p2a: Kyurem|63/100
|
|-heal|p2a: Kyurem|69/100|[from] item: Leftovers
|upkeep
|turn|12
|
|t:|1779940261
|move|p1a: Blastoise|Ice Beam|p2a: Kyurem
|-damage|p2a: Kyurem|18/100
|move|p2a: Kyurem|Freeze-Dry|p1a: Blastoise
|-supereffective|p1a: Blastoise
|-damage|p1a: Blastoise|0 fnt
|faint|p1a: Blastoise
|
|-heal|p2a: Kyurem|24/100|[from] item: Leftovers
|upkeep
|
|t:|1779940269
|switch|p1a: Clefable|Clefable, F|81/100
|turn|13
|
|t:|1779940274
|move|p2a: Kyurem|Freeze-Dry|p1a: Clefable
|-damage|p1a: Clefable|47/100
|move|p1a: Clefable|Moonblast|p2a: Kyurem
|-supereffective|p2a: Kyurem
|-damage|p2a: Kyurem|0 fnt
|faint|p2a: Kyurem
|
|-heal|p1a: Clefable|53/100|[from] item: Leftovers
|upkeep
|
|t:|1779940281
|switch|p2a: Slowking|Slowking-Galar, F|100/100
|turn|14
|
|t:|1779940292
|-terastallize|p1a: Clefable|Ghost
|move|p1a: Clefable|Knock Off|p2a: Slowking
|-supereffective|p2a: Slowking
|-damage|p2a: Slowking|77/100
|-enditem|p2a: Slowking|Shuca Berry|[from] move: Knock Off|[of] p1a: Clefable
|move|p2a: Slowking|Sludge Bomb|p1a: Clefable
|-resisted|p1a: Clefable
|-crit|p1a: Clefable
|-damage|p1a: Clefable|29/100
|
|-heal|p1a: Clefable|36/100|[from] item: Leftovers
|upkeep
|turn|15
|
|t:|1779940303
|switch|p2a: Ting-Lu|Ting-Lu|100/100
|-ability|p2a: Ting-Lu|Vessel of Ruin
|move|p1a: Clefable|Knock Off|p2a: Ting-Lu
|-resisted|p2a: Ting-Lu
|-damage|p2a: Ting-Lu|96/100
|-enditem|p2a: Ting-Lu|Leftovers|[from] move: Knock Off|[of] p1a: Clefable
|
|-heal|p1a: Clefable|42/100|[from] item: Leftovers
|upkeep
|turn|16
|
|t:|1779940313
|move|p1a: Clefable|Moonblast|p2a: Ting-Lu
|-supereffective|p2a: Ting-Lu
|-damage|p2a: Ting-Lu|68/100
|-unboost|p2a: Ting-Lu|spa|1
|move|p2a: Ting-Lu|Payback|p1a: Clefable
|-supereffective|p1a: Clefable
|-damage|p1a: Clefable|0 fnt
|faint|p1a: Clefable
|
|upkeep
|
|t:|1779940322
|switch|p1a: Regieleki|Regieleki|13/100 brn
|turn|17
|
|t:|1779940335
|move|p1a: Regieleki|Reflect|p1a: Regieleki
|-sidestart|p1: pooperscooper124|Reflect
|move|p2a: Ting-Lu|Earthquake|p1a: Regieleki
|-supereffective|p1a: Regieleki
|-damage|p1a: Regieleki|0 fnt
|faint|p1a: Regieleki
|
|upkeep
|
|t:|1779940344
|switch|p1a: Dragonite|Dragonite, M, shiny|100/100
|turn|18
|
|t:|1779940352
|switch|p2a: Slowking|Slowking-Galar, F|100/100
|move|p1a: Dragonite|Dragon Dance|p1a: Dragonite
|-boost|p1a: Dragonite|atk|1
|-boost|p1a: Dragonite|spe|1
|
|upkeep
|turn|19
|
|t:|1779940360
|move|p1a: Dragonite|Dragon Dance|p1a: Dragonite
|-boost|p1a: Dragonite|atk|1
|-boost|p1a: Dragonite|spe|1
|move|p2a: Slowking|Ice Beam|p1a: Dragonite
|-supereffective|p1a: Dragonite
|-damage|p1a: Dragonite|52/100
|
|upkeep
|turn|20
|
|t:|1779940367
|move|p1a: Dragonite|Scale Shot|p2a: Slowking
|-damage|p2a: Slowking|80/100
|-damage|p2a: Slowking|62/100
|-damage|p2a: Slowking|41/100
|-damage|p2a: Slowking|21/100
|-damage|p2a: Slowking|2/100
|-hitcount|p2a: Slowking|5
|-unboost|p1a: Dragonite|def|1
|-boost|p1a: Dragonite|spe|1
|move|p2a: Slowking|Future Sight|p1a: Dragonite
|-start|p2a: Slowking|move: Future Sight
|
|upkeep
|turn|21
|
|t:|1779940378
|move|p1a: Dragonite|Extreme Speed|p2a: Slowking
|-damage|p2a: Slowking|0 fnt
|faint|p2a: Slowking
|
|upkeep
|
|t:|1779940387
|switch|p2a: Corviknight|Corviknight, M|100/100
|-ability|p2a: Corviknight|Pressure
|turn|22
|
|t:|1779940394
|move|p1a: Dragonite|Fire Punch|p2a: Corviknight
|-supereffective|p2a: Corviknight
|-damage|p2a: Corviknight|37/100
|-damage|p1a: Dragonite|36/100|[from] item: Rocky Helmet|[of] p2a: Corviknight
|move|p2a: Corviknight|Brave Bird|p1a: Dragonite
|-damage|p1a: Dragonite|5/100
|-damage|p2a: Corviknight|29/100|[from] Recoil
|
|-end|p1a: Dragonite|move: Future Sight
|-damage|p1a: Dragonite|0 fnt
|faint|p1a: Dragonite
|upkeep
|
|t:|1779940408
|switch|p1a: Kingambit|Kingambit, M|100/100
|-activate|p1a: Kingambit|ability: Supreme Overlord
|-start|p1a: Kingambit|fallen4|[silent]
|turn|23
|
|t:|1779940413
|move|p1a: Kingambit|Swords Dance|p1a: Kingambit
|-boost|p1a: Kingambit|atk|2
|move|p2a: Corviknight|Roost|p2a: Corviknight
|-heal|p2a: Corviknight|79/100
|-singleturn|p2a: Corviknight|move: Roost
|
|upkeep
|turn|24
|
|t:|1779940419
|move|p1a: Kingambit|Swords Dance|p1a: Kingambit
|-boost|p1a: Kingambit|atk|2
|move|p2a: Corviknight|Brave Bird|p1a: Kingambit
|-resisted|p1a: Kingambit
|-damage|p1a: Kingambit|93/100
|-damage|p2a: Corviknight|77/100|[from] Recoil
|
|-sideend|p1: pooperscooper124|Reflect
|upkeep
|turn|25
|
|t:|1779940433
|switch|p2a: Dondozo|Dondozo, M|100/100
|move|p1a: Kingambit|Low Kick|p2a: Dondozo
|-damage|p2a: Dondozo|59/100
|
|-heal|p2a: Dondozo|65/100|[from] item: Leftovers
|upkeep
|turn|26
|
|t:|1779940447
|move|p1a: Kingambit|Kowtow Cleave|p2a: Dondozo
|-damage|p2a: Dondozo|13/100
|move|p2a: Dondozo|Body Press|p1a: Kingambit
|-supereffective|p1a: Kingambit
|-damage|p1a: Kingambit|24/100
|
|-heal|p2a: Dondozo|19/100|[from] item: Leftovers
|upkeep
|turn|27
|
|t:|1779940456
|move|p1a: Kingambit|Kowtow Cleave|p2a: Dondozo
|-damage|p2a: Dondozo|0 fnt
|faint|p2a: Dondozo
|
|upkeep
|
|t:|1779940465
|switch|p2a: Cinderace|Cinderace, F|41/100
|turn|28
|
|t:|1779940471
|move|p1a: Kingambit|Sucker Punch|p2a: Cinderace
|-damage|p2a: Cinderace|0 fnt
|faint|p2a: Cinderace
|
|upkeep
|
|t:|1779940474
|switch|p2a: Ting-Lu|Ting-Lu|68/100
|-ability|p2a: Ting-Lu|Vessel of Ruin
|turn|29
|
|t:|1779940484
|move|p1a: Kingambit|Low Kick|p2a: Ting-Lu
|-supereffective|p2a: Ting-Lu
|-damage|p2a: Ting-Lu|0 fnt
|faint|p2a: Ting-Lu
|
|upkeep
|
|t:|1779940498
|switch|p2a: Corviknight|Corviknight, M|77/100
|-ability|p2a: Corviknight|Pressure
|turn|30
|
|t:|1779940518
|move|p1a: Kingambit|Low Kick|p2a: Corviknight
|-damage|p2a: Corviknight|0 fnt
|-damage|p1a: Kingambit|7/100|[from] item: Rocky Helmet|[of] p2a: Corviknight
|faint|p2a: Corviknight
|
|win|pooperscooper124
|raw|pooperscooper124's rating: 1050 &rarr; <strong>1090</strong><br />(+40 for winning)
|raw|npctypebeat's rating: 1134 &rarr; <strong>1103</strong><br />(-31 for losing)
|c|☆npctypebeat|gg
|l|☆pooperscooper124
|player|p1|
