|j|☆BiggieChed66
|j|☆amiruae
|t:|1779914935
|gametype|singles
|player|p1|BiggieChed66|ghetsis-gen5bw|1454
|player|p2|amiruae|acetrainercouple|1463
|gen|9
|tier|[Gen 9] OU
|rated|
|rule|HP Percentage Mod: HP is shown in percentages
|rule|Endless Battle Clause: Forcing endless battles is banned
|rule|Species Clause: Limit one of each Pokémon
|rule|OHKO Clause: OHKO moves are banned
|rule|Evasion Items Clause: Evasion items are banned
|rule|Evasion Moves Clause: Evasion moves are banned
|rule|Evasion Abilities Clause: Evasion abilities are banned
|rule|Sleep Moves Clause: Sleep-inducing moves are banned
|clearpoke
|poke|p1|Gholdengo|
|poke|p1|Iron Treads|
|poke|p1|Moltres|
|poke|p1|Zamazenta-*|
|poke|p1|Samurott-Hisui, M|
|poke|p1|Garganacl, M|
|poke|p2|Samurott-Hisui, M|
|poke|p2|Zamazenta-*|
|poke|p2|Greninja-*, M|
|poke|p2|Salamence, M|
|poke|p2|Porygon-Z|
|poke|p2|Volcanion|
|teampreview
|inactive|Battle timer is ON: inactive players will automatically lose when time's up. (requested by amiruae)
|
|t:|1779914945
|teamsize|p1|6
|teamsize|p2|6
|start
|switch|p1a: Samurott|Samurott-Hisui, M|100/100
|switch|p2a: Samurott|Samurott-Hisui, M|100/100
|turn|1
|
|t:|1779914964
|move|p1a: Samurott|Sacred Sword|p2a: Samurott
|-supereffective|p2a: Samurott
|-damage|p2a: Samurott|11/100
|move|p2a: Samurott|Sacred Sword|p1a: Samurott
|-supereffective|p1a: Samurott
|-damage|p1a: Samurott|0 fnt
|faint|p1a: Samurott
|
|upkeep
|
|t:|1779914984
|switch|p1a: Zamazenta|Zamazenta|100/100
|-ability|p1a: Zamazenta|Dauntless Shield|boost
|-boost|p1a: Zamazenta|def|1
|turn|2
|
|t:|1779914991
|switch|p2a: Salamence|Salamence, M|100/100
|-ability|p2a: Salamence|Intimidate|boost
|-unboost|p1a: Zamazenta|atk|1
|move|p1a: Zamazenta|Crunch|p2a: Salamence
|-damage|p2a: Salamence|75/100
|-damage|p1a: Zamazenta|91/100|[from] item: Life Orb
|
|upkeep
|turn|3
|
|t:|1779914997
|move|p1a: Zamazenta|Ice Fang|p2a: Salamence
|-supereffective|p2a: Salamence
|-damage|p2a: Salamence|0 fnt
|faint|p2a: Salamence
|-damage|p1a: Zamazenta|81/100|[from] item: Life Orb
|
|upkeep
|
|t:|1779915003
|switch|p2a: Zamazenta|Zamazenta|100/100
|-ability|p2a: Zamazenta|Dauntless Shield|boost
|-boost|p2a: Zamazenta|def|1
|turn|4
|
|t:|1779915011
|switch|p1a: Moltres|Moltres|100/100
|move|p2a: Zamazenta|Iron Defense|p2a: Zamazenta
|-boost|p2a: Zamazenta|def|2
|
|upkeep
|turn|5
|
|t:|1779915018
|switch|p2a: Volcanion|Volcanion|100/100
|move|p1a: Moltres|Roar|p2a: Volcanion
|drag|p2a: Zamazenta|Zamazenta|100/100
|
|upkeep
|turn|6
|
|t:|1779915025
|switch|p2a: Volcanion|Volcanion|100/100
|move|p1a: Moltres|Flamethrower|p2a: Volcanion
|-resisted|p2a: Volcanion
|-damage|p2a: Volcanion|94/100
|
|upkeep
|turn|7
|
|t:|1779915032
|move|p2a: Volcanion|Steam Eruption|p1a: Moltres
|-supereffective|p1a: Moltres
|-damage|p1a: Moltres|0 fnt
|faint|p1a: Moltres
|
|upkeep
|
|t:|1779915036
|switch|p1a: Iron Treads|Iron Treads|100/100
|-enditem|p1a: Iron Treads|Booster Energy
|-activate|p1a: Iron Treads|ability: Quark Drive|[fromitem]
|-start|p1a: Iron Treads|quarkdrivespe
|turn|8
|
|t:|1779915042
|move|p1a: Iron Treads|Earthquake|p2a: Volcanion
|-supereffective|p2a: Volcanion
|-damage|p2a: Volcanion|12/100
|move|p2a: Volcanion|Steam Eruption|p1a: Iron Treads
|-supereffective|p1a: Iron Treads
|-damage|p1a: Iron Treads|0 fnt
|faint|p1a: Iron Treads
|-end|p1a: Iron Treads|Quark Drive|[silent]
|
|upkeep
|
|t:|1779915046
|switch|p1a: Gholdengo|Gholdengo|100/100
|turn|9
|
|t:|1779915051
|move|p1a: Gholdengo|Thunderbolt|p2a: Volcanion
|-supereffective|p2a: Volcanion
|-damage|p2a: Volcanion|0 fnt
|faint|p2a: Volcanion
|
|upkeep
|
|t:|1779915056
|switch|p2a: Samurott|Samurott-Hisui, M|11/100
|turn|10
|
|t:|1779915063
|move|p2a: Samurott|Sucker Punch|p1a: Gholdengo
|-supereffective|p1a: Gholdengo
|-damage|p1a: Gholdengo|31/100
|move|p1a: Gholdengo|Thunderbolt|p2a: Samurott
|-supereffective|p2a: Samurott
|-damage|p2a: Samurott|0 fnt
|faint|p2a: Samurott
|
|upkeep
|
|t:|1779915069
|switch|p2a: Greninja|Greninja, M|100/100
|turn|11
|
|t:|1779915072
|move|p1a: Gholdengo|Thunderbolt|p2a: Greninja
|-supereffective|p2a: Greninja
|-damage|p2a: Greninja|0 fnt
|faint|p2a: Greninja
|
|upkeep
|
|t:|1779915081
|switch|p2a: Porygon-Z|Porygon-Z|100/100
|turn|12
|
|t:|1779915086
|move|p2a: Porygon-Z|Thunderbolt|p1a: Gholdengo
|-damage|p1a: Gholdengo|0 fnt
|faint|p1a: Gholdengo
|
|upkeep
|
|t:|1779915088
|switch|p1a: Garganacl|Garganacl, M|100/100
|turn|13
|
|t:|1779915095
|-terastallize|p2a: Porygon-Z|Electric
|move|p2a: Porygon-Z|Thunderbolt|p1a: Garganacl
|-damage|p1a: Garganacl|57/100
|move|p1a: Garganacl|Salt Cure|p2a: Porygon-Z
|-damage|p2a: Porygon-Z|80/100
|-start|p2a: Porygon-Z|Salt Cure
|
|-heal|p1a: Garganacl|64/100|[from] item: Leftovers
|-damage|p2a: Porygon-Z|67/100|[from] Salt Cure
|upkeep
|turn|14
|
|t:|1779915105
|switch|p2a: Zamazenta|Zamazenta|100/100
|move|p1a: Garganacl|Recover|p1a: Garganacl
|-heal|p1a: Garganacl|100/100
|
|upkeep
|turn|15
|
|t:|1779915115
|-terastallize|p1a: Garganacl|Water
|move|p2a: Zamazenta|Iron Defense|p2a: Zamazenta
|-boost|p2a: Zamazenta|def|2
|move|p1a: Garganacl|Salt Cure|p2a: Zamazenta
|-resisted|p2a: Zamazenta
|-damage|p2a: Zamazenta|98/100
|-start|p2a: Zamazenta|Salt Cure
|
|-heal|p2a: Zamazenta|100/100|[from] item: Leftovers
|-damage|p2a: Zamazenta|88/100|[from] Salt Cure
|upkeep
|turn|16
|
|t:|1779915125
|switch|p2a: Porygon-Z|Porygon-Z, tera:Electric|67/100
|move|p1a: Garganacl|Ice Punch|p2a: Porygon-Z
|-damage|p2a: Porygon-Z|42/100
|
|upkeep
|turn|17
|
|t:|1779915131
|move|p2a: Porygon-Z|Thunderbolt|p1a: Garganacl
|-supereffective|p1a: Garganacl
|-damage|p1a: Garganacl|16/100
|move|p1a: Garganacl|Salt Cure|p2a: Porygon-Z
|-damage|p2a: Porygon-Z|21/100
|-start|p2a: Porygon-Z|Salt Cure
|
|-heal|p1a: Garganacl|23/100|[from] item: Leftovers
|-damage|p2a: Porygon-Z|9/100|[from] Salt Cure
|upkeep
|turn|18
|
|t:|1779915140
|move|p1a: Garganacl|Protect|p1a: Garganacl
|-singleturn|p1a: Garganacl|Protect
|move|p2a: Porygon-Z|Thunderbolt|p1a: Garganacl
|-activate|p1a: Garganacl|move: Protect
|
|-heal|p1a: Garganacl|29/100|[from] item: Leftovers
|-damage|p2a: Porygon-Z|0 fnt|[from] Salt Cure
|faint|p2a: Porygon-Z
|upkeep
|
|t:|1779915143
|switch|p2a: Zamazenta|Zamazenta|88/100
|turn|19
|
|t:|1779915147
|move|p2a: Zamazenta|Body Press|p1a: Garganacl
|-damage|p1a: Garganacl|5/100
|move|p1a: Garganacl|Salt Cure|p2a: Zamazenta
|-resisted|p2a: Zamazenta
|-damage|p2a: Zamazenta|83/100
|-start|p2a: Zamazenta|Salt Cure
|
|-heal|p2a: Zamazenta|89/100|[from] item: Leftovers
|-heal|p1a: Garganacl|11/100|[from] item: Leftovers
|-damage|p2a: Zamazenta|77/100|[from] Salt Cure
|upkeep
|turn|20
|
|t:|1779915150
|move|p1a: Garganacl|Protect|p1a: Garganacl
|-singleturn|p1a: Garganacl|Protect
|move|p2a: Zamazenta|Body Press|p1a: Garganacl
|-activate|p1a: Garganacl|move: Protect
|
|-heal|p2a: Zamazenta|83/100|[from] item: Leftovers
|-heal|p1a: Garganacl|17/100|[from] item: Leftovers
|-damage|p2a: Zamazenta|70/100|[from] Salt Cure
|upkeep
|turn|21
|
|t:|1779915156
|move|p2a: Zamazenta|Body Press|p1a: Garganacl
|-damage|p1a: Garganacl|0 fnt
|faint|p1a: Garganacl
|
|-heal|p2a: Zamazenta|77/100|[from] item: Leftovers
|-damage|p2a: Zamazenta|64/100|[from] Salt Cure
|upkeep
|
|t:|1779915158
|switch|p1a: Zamazenta|Zamazenta|81/100
|turn|22
|
|t:|1779915166
|move|p1a: Zamazenta|Ice Fang|p2a: Zamazenta
|-damage|p2a: Zamazenta|43/100
|-damage|p1a: Zamazenta|71/100|[from] item: Life Orb
|move|p2a: Zamazenta|Iron Defense|p2a: Zamazenta
|-boost|p2a: Zamazenta|def|2
|
|-heal|p2a: Zamazenta|49/100|[from] item: Leftovers
|-damage|p2a: Zamazenta|37/100|[from] Salt Cure
|upkeep
|turn|23
|
|t:|1779915172
|move|p2a: Zamazenta|Body Press|p1a: Zamazenta
|-damage|p1a: Zamazenta|4/100
|move|p1a: Zamazenta|Ice Fang|p2a: Zamazenta
|-damage|p2a: Zamazenta|26/100
|-damage|p1a: Zamazenta|0 fnt|[from] item: Life Orb
|faint|p1a: Zamazenta
|
|win|amiruae
|raw|BiggieChed66's rating: 1454 &rarr; <strong>1435</strong><br />(-19 for losing)
|raw|amiruae's rating: 1463 &rarr; <strong>1482</strong><br />(+19 for winning)
|l|☆BiggieChed66
|player|p1|
|l|☆amiruae
|player|p2|
