|j|☆kuraiyagare
|j|☆Harklight
|t:|1779885115
|gametype|singles
|player|p1|kuraiyagare|pokemonranger-gen4|1431
|player|p2|Harklight|zinnia|1391
|gen|9
|tier|[Gen 9] OU
|rated|
|rule|HP Percentage Mod: HP is shown in percentages
|rule|Endless Battle Clause: Forcing endless battles is banned
|rule|Species Clause: Limit one of each Pokémon
|rule|OHKO Clause: OHKO moves are banned
|rule|Evasion Items Clause: Evasion items are banned
|rule|Evasion Moves Clause: Evasion moves are banned
|rule|Evasion Abilities Clause: Evasion abilities are banned
|rule|Sleep Moves Clause: Sleep-inducing moves are banned
|clearpoke
|poke|p1|Breloom, F|
|poke|p1|Gardevoir, F|
|poke|p1|Talonflame, M|
|poke|p1|Magnezone|
|poke|p1|Drifblim, F|
|poke|p1|Zangoose, F|
|poke|p2|Landorus-Therian, M|
|poke|p2|Ceruledge, F|
|poke|p2|Raging Bolt|
|poke|p2|Scizor, F|
|poke|p2|Primarina, M|
|poke|p2|Zamazenta-*|
|teampreview
|
|t:|1779885127
|teamsize|p1|6
|teamsize|p2|6
|start
|switch|p1a: Zangoose|Zangoose, F|100/100
|switch|p2a: Raging Bolt|Raging Bolt|100/100
|turn|1
|
|t:|1779885134
|move|p1a: Zangoose|Knock Off|p2a: Raging Bolt
|-damage|p2a: Raging Bolt|70/100
|-enditem|p2a: Raging Bolt|Choice Specs|[from] move: Knock Off|[of] p1a: Zangoose
|move|p2a: Raging Bolt|Volt Switch|p1a: Zangoose
|-damage|p1a: Zangoose|20/100
|inactive|Battle timer is ON: inactive players will automatically lose when time's up. (requested by kuraiyagare)
|
|t:|1779885143
|-end|p2a: Raging Bolt|Protosynthesis|[silent]
|switch|p2a: Landorus|Landorus-Therian, M|100/100|[from] Volt Switch
|-ability|p2a: Landorus|Intimidate|boost
|-unboost|p1a: Zangoose|atk|1
|
|upkeep
|turn|2
|
|t:|1779885150
|move|p2a: Landorus|Stealth Rock|p1a: Zangoose
|-sidestart|p1: kuraiyagare|move: Stealth Rock
|move|p1a: Zangoose|Endeavor|p2a: Landorus
|-damage|p2a: Landorus|15/100
|-damage|p1a: Zangoose|3/100|[from] item: Rocky Helmet|[of] p2a: Landorus
|
|upkeep
|turn|3
|
|t:|1779885157
|move|p1a: Zangoose|Quick Attack|p2a: Landorus
|-damage|p2a: Landorus|0 fnt
|-damage|p1a: Zangoose|0 fnt|[from] item: Rocky Helmet|[of] p2a: Landorus
|faint|p2a: Landorus
|faint|p1a: Zangoose
|
|upkeep
|
|t:|1779885166
|switch|p2a: Ceruledge|Ceruledge, F|100/100
|switch|p1a: Drastenie|Breloom, F|100/100
|-damage|p1a: Drastenie|94/100|[from] Stealth Rock
|turn|4
|
|t:|1779885174
|move|p2a: Ceruledge|Bitter Blade|p1a: Drastenie
|-supereffective|p1a: Drastenie
|-damage|p1a: Drastenie|0 fnt
|faint|p1a: Drastenie
|-damage|p2a: Ceruledge|91/100|[from] item: Life Orb
|
|upkeep
|
|t:|1779885184
|switch|p1a: Vatra|Talonflame, M|100/100
|turn|5
|
|t:|1779885187
|move|p1a: Vatra|Defog|p2a: Ceruledge
|-unboost|p2a: Ceruledge|evasion|1
|-sideend|p1: kuraiyagare|Stealth Rock|[from] move: Defog|[of] p1a: Vatra
|move|p2a: Ceruledge|Poltergeist|p1a: Vatra
|-activate|p1a: Vatra|move: Poltergeist|Heavy-Duty Boots
|-damage|p1a: Vatra|0 fnt
|faint|p1a: Vatra
|-damage|p2a: Ceruledge|81/100|[from] item: Life Orb
|
|upkeep
|
|t:|1779885204
|switch|p1a: Gardenia|Gardevoir, F|100/100
|-ability|p1a: Gardenia|Weak Armor|Trace|[from] ability: Trace|[of] p2a: Ceruledge
|turn|6
|
|t:|1779885209
|move|p2a: Ceruledge|Poltergeist|p1a: Gardenia
|-activate|p1a: Gardenia|move: Poltergeist|Focus Sash
|-supereffective|p1a: Gardenia
|-enditem|p1a: Gardenia|Focus Sash
|-damage|p1a: Gardenia|1/100
|-ability|p1a: Gardenia|Weak Armor|boost
|-unboost|p1a: Gardenia|def|1
|-boost|p1a: Gardenia|spe|2
|-damage|p2a: Ceruledge|71/100|[from] item: Life Orb
|move|p1a: Gardenia|Psyshock|p2a: Ceruledge
|-damage|p2a: Ceruledge|9/100
|
|upkeep
|turn|7
|
|t:|1779885226
|move|p2a: Ceruledge|Shadow Sneak|p1a: Gardenia
|-supereffective|p1a: Gardenia
|-damage|p1a: Gardenia|0 fnt
|faint|p1a: Gardenia
|-damage|p2a: Ceruledge|0 fnt|[from] item: Life Orb
|faint|p2a: Ceruledge
|
|upkeep
|
|t:|1779885232
|switch|p2a: Raging Bolt|Raging Bolt|70/100
|switch|p1a: hax = skill|Magnezone|100/100
|turn|8
|
|t:|1779885236
|move|p2a: Raging Bolt|Volt Switch|p1a: hax = skill
|-resisted|p1a: hax = skill
|-damage|p1a: hax = skill|79/100
|
|t:|1779885242
|-end|p2a: Raging Bolt|Protosynthesis|[silent]
|switch|p2a: Zamazenta|Zamazenta|100/100|[from] Volt Switch
|-ability|p2a: Zamazenta|Dauntless Shield|boost
|-boost|p2a: Zamazenta|def|1
|move|p1a: hax = skill|Mirror Coat|p2a: Zamazenta
|-damage|p2a: Zamazenta|62/100
|
|-heal|p2a: Zamazenta|68/100|[from] item: Leftovers
|upkeep
|turn|9
|
|t:|1779885247
|move|p2a: Zamazenta|Crunch|p1a: hax = skill
|-damage|p1a: hax = skill|59/100
|move|p1a: hax = skill|Thunderbolt|p2a: Zamazenta
|-damage|p2a: Zamazenta|28/100
|
|-heal|p2a: Zamazenta|34/100|[from] item: Leftovers
|upkeep
|turn|10
|
|t:|1779885258
|move|p2a: Zamazenta|Body Press|p1a: hax = skill
|-supereffective|p1a: hax = skill
|-damage|p1a: hax = skill|0 fnt
|faint|p1a: hax = skill
|
|-heal|p2a: Zamazenta|40/100|[from] item: Leftovers
|upkeep
|
|t:|1779885260
|switch|p1a: drifflim|Drifblim, F|100/100
|turn|11
|
|t:|1779885263
|move|p2a: Zamazenta|Crunch|p1a: drifflim
|-supereffective|p1a: drifflim
|-damage|p1a: drifflim|50/100
|-enditem|p1a: drifflim|Weakness Policy
|-boost|p1a: drifflim|atk|2|[from] item: Weakness Policy
|-boost|p1a: drifflim|spa|2|[from] item: Weakness Policy
|move|p1a: drifflim|Calm Mind|p1a: drifflim
|-boost|p1a: drifflim|spa|1
|-boost|p1a: drifflim|spd|1
|
|-heal|p2a: Zamazenta|46/100|[from] item: Leftovers
|upkeep
|turn|12
|
|t:|1779885274
|move|p1a: drifflim|Strength Sap|p2a: Zamazenta
|-unboost|p2a: Zamazenta|atk|1
|-heal|p1a: drifflim|100/100
|move|p2a: Zamazenta|Crunch|p1a: drifflim
|-supereffective|p1a: drifflim
|-damage|p1a: drifflim|64/100
|
|-heal|p2a: Zamazenta|52/100|[from] item: Leftovers
|upkeep
|turn|13
|
|t:|1779885279
|switch|p2a: Scizor|Scizor, F|100/100
|move|p1a: drifflim|Calm Mind|p1a: drifflim
|-boost|p1a: drifflim|spa|1
|-boost|p1a: drifflim|spd|1
|
|upkeep
|turn|14
|
|t:|1779885284
|-terastallize|p2a: Scizor|Steel
|move|p2a: Scizor|Bullet Punch|p1a: drifflim
|-damage|p1a: drifflim|0 fnt
|faint|p1a: drifflim
|-damage|p2a: Scizor|91/100|[from] item: Life Orb
|
|win|Harklight
|raw|kuraiyagare's rating: 1431 &rarr; <strong>1409</strong><br />(-22 for losing)
|raw|Harklight's rating: 1391 &rarr; <strong>1413</strong><br />(+22 for winning)
|l|☆kuraiyagare
|player|p1|
|l|☆Harklight
|player|p2|
