|j|☆Chechoide
|j|☆NewGenLaw
|t:|1779851077
|gametype|singles
|player|p1|Chechoide|clown|1399
|player|p2|NewGenLaw|blue|1396
|gen|9
|tier|[Gen 9] OU
|rated|
|rule|HP Percentage Mod: HP is shown in percentages
|rule|Endless Battle Clause: Forcing endless battles is banned
|rule|Species Clause: Limit one of each Pokémon
|rule|OHKO Clause: OHKO moves are banned
|rule|Evasion Items Clause: Evasion items are banned
|rule|Evasion Moves Clause: Evasion moves are banned
|rule|Evasion Abilities Clause: Evasion abilities are banned
|rule|Sleep Moves Clause: Sleep-inducing moves are banned
|clearpoke
|poke|p1|Blissey, F|
|poke|p1|Gliscor, M|
|poke|p1|Dondozo, M|
|poke|p1|Slowking-Galar, F|
|poke|p1|Clefable, F|
|poke|p1|Weezing-Galar, M|
|poke|p2|Cinderace, F|
|poke|p2|Iron Treads|
|poke|p2|Kyurem|
|poke|p2|Zapdos|
|poke|p2|Ogerpon-Wellspring, F|
|poke|p2|Lucario, F|
|teampreview
|
|t:|1779851094
|teamsize|p1|6
|teamsize|p2|6
|start
|switch|p1a: Albert Eipstein|Weezing-Galar, M|100/100
|switch|p2a: Iron Treads|Iron Treads|100/100
|-ability|p1a: Albert Eipstein|Neutralizing Gas
|turn|1
|
|t:|1779851103
|move|p2a: Iron Treads|Knock Off|p1a: Albert Eipstein
|-resisted|p1a: Albert Eipstein
|-damage|p1a: Albert Eipstein|91/100
|-enditem|p1a: Albert Eipstein|Heavy-Duty Boots|[from] move: Knock Off|[of] p2a: Iron Treads
|move|p1a: Albert Eipstein|Will-O-Wisp|p2a: Iron Treads
|-status|p2a: Iron Treads|brn
|
|-damage|p2a: Iron Treads|94/100 brn|[from] brn
|upkeep
|turn|2
|
|t:|1779851112
|move|p2a: Iron Treads|Stealth Rock|p1a: Albert Eipstein
|-sidestart|p1: Chechoide|move: Stealth Rock
|move|p1a: Albert Eipstein|Pain Split|p2a: Iron Treads
|-sethp|p2a: Iron Treads|87/100 brn|[from] move: Pain Split|[silent]
|-sethp|p1a: Albert Eipstein|99/100|[from] move: Pain Split
|
|-heal|p2a: Iron Treads|93/100 brn|[from] item: Leftovers
|-damage|p2a: Iron Treads|87/100 brn|[from] brn
|upkeep
|turn|3
|
|t:|1779851138
|-end|p2a: Iron Treads|Quark Drive|[silent]
|switch|p2a: Cinderace|Cinderace, F|100/100
|move|p1a: Albert Eipstein|Defog|p2a: Cinderace
|-unboost|p2a: Cinderace|evasion|1
|-sideend|p1: Chechoide|Stealth Rock|[from] move: Defog|[of] p1a: Albert Eipstein
|
|upkeep
|turn|4
|
|t:|1779851162
|-end|p1a: Albert Eipstein|ability: Neutralizing Gas
|switch|p1a: Ginecólogo Braga|Gliscor, M|100/100
|move|p2a: Cinderace|Pyro Ball|p1a: Ginecólogo Braga
|-damage|p1a: Ginecólogo Braga|58/100
|
|-status|p1a: Ginecólogo Braga|tox|[from] item: Toxic Orb
|upkeep
|turn|5
|
|t:|1779851172
|move|p1a: Ginecólogo Braga|Protect|p1a: Ginecólogo Braga
|-singleturn|p1a: Ginecólogo Braga|Protect
|move|p2a: Cinderace|U-turn|p1a: Ginecólogo Braga
|-activate|p1a: Ginecólogo Braga|move: Protect
|
|-heal|p1a: Ginecólogo Braga|71/100 tox|[from] ability: Poison Heal
|upkeep
|turn|6
|
|t:|1779851184
|move|p2a: Cinderace|U-turn|p1a: Ginecólogo Braga
|-resisted|p1a: Ginecólogo Braga
|-crit|p1a: Ginecólogo Braga
|-damage|p1a: Ginecólogo Braga|62/100 tox
|
|t:|1779851187
|switch|p2a: Ogerpon|Ogerpon-Wellspring, F|100/100|[from] U-turn
|move|p1a: Ginecólogo Braga|Knock Off|p2a: Ogerpon
|-damage|p2a: Ogerpon|82/100
|
|-heal|p1a: Ginecólogo Braga|74/100 tox|[from] ability: Poison Heal
|upkeep
|turn|7
|
|t:|1779851200
|-terastallize|p1a: Ginecólogo Braga|Dragon
|move|p2a: Ogerpon|Spikes|p1a: Ginecólogo Braga
|-sidestart|p1: Chechoide|Spikes
|move|p1a: Ginecólogo Braga|Toxic|p2a: Ogerpon
|-status|p2a: Ogerpon|tox
|
|-damage|p2a: Ogerpon|76/100 tox|[from] psn
|-heal|p1a: Ginecólogo Braga|87/100 tox|[from] ability: Poison Heal
|upkeep
|turn|8
|
|t:|1779851214
|switch|p2a: Lucario|Lucario, F|100/100
|move|p1a: Ginecólogo Braga|Spikes|p2a: Lucario
|-sidestart|p2: NewGenLaw|Spikes
|
|-heal|p1a: Ginecólogo Braga|99/100 tox|[from] ability: Poison Heal
|upkeep
|turn|9
|
|t:|1779851223
|move|p2a: Lucario|Swords Dance|p2a: Lucario
|-boost|p2a: Lucario|atk|2
|move|p1a: Ginecólogo Braga|Knock Off|p2a: Lucario
|-resisted|p2a: Lucario
|-damage|p2a: Lucario|84/100
|-enditem|p2a: Lucario|Life Orb|[from] move: Knock Off|[of] p1a: Ginecólogo Braga
|
|-heal|p1a: Ginecólogo Braga|100/100 tox|[from] ability: Poison Heal
|upkeep
|turn|10
|
|t:|1779851231
|switch|p1a: Luis Vargas|Dondozo, M|100/100
|move|p2a: Lucario|Close Combat|p1a: Luis Vargas
|-damage|p1a: Luis Vargas|73/100
|-unboost|p2a: Lucario|def|1
|-unboost|p2a: Lucario|spd|1
|
|upkeep
|turn|11
|
|t:|1779851237
|switch|p2a: Zapdos|Zapdos|100/100
|-ability|p2a: Zapdos|Pressure
|move|p1a: Luis Vargas|Waterfall|p2a: Zapdos
|-damage|p2a: Zapdos|81/100
|
|upkeep
|turn|12
|inactive|Battle timer is ON: inactive players will automatically lose when time's up. (requested by NewGenLaw)
|
|t:|1779851246
|switch|p1a: Cabryan|Blissey, F|100/100
|move|p2a: Zapdos|Volt Switch|p1a: Cabryan
|-damage|p1a: Cabryan|92/100
|
|t:|1779851253
|switch|p2a: Iron Treads|Iron Treads|87/100 brn|[from] Volt Switch
|-damage|p2a: Iron Treads|74/100 brn|[from] Spikes
|
|-heal|p2a: Iron Treads|80/100 brn|[from] item: Leftovers
|-damage|p2a: Iron Treads|74/100 brn|[from] brn
|upkeep
|turn|13
|
|t:|1779851263
|move|p2a: Iron Treads|Rapid Spin|p1a: Cabryan
|-damage|p1a: Cabryan|85/100
|-boost|p2a: Iron Treads|spe|1
|-sideend|p2: NewGenLaw|Spikes|[from] move: Rapid Spin|[of] p2a: Iron Treads
|move|p1a: Cabryan|Shadow Ball|p2a: Iron Treads
|-damage|p2a: Iron Treads|62/100 brn
|
|-heal|p2a: Iron Treads|68/100 brn|[from] item: Leftovers
|-damage|p2a: Iron Treads|62/100 brn|[from] brn
|upkeep
|turn|14
|
|t:|1779851273
|move|p2a: Iron Treads|Stealth Rock|p1a: Cabryan
|-sidestart|p1: Chechoide|move: Stealth Rock
|move|p1a: Cabryan|Stealth Rock|p2a: Iron Treads
|-sidestart|p2: NewGenLaw|move: Stealth Rock
|
|-heal|p2a: Iron Treads|68/100 brn|[from] item: Leftovers
|-damage|p2a: Iron Treads|62/100 brn|[from] brn
|upkeep
|turn|15
|
|t:|1779851283
|move|p2a: Iron Treads|Rapid Spin|p1a: Cabryan
|-damage|p1a: Cabryan|78/100
|-boost|p2a: Iron Treads|spe|1
|-sideend|p2: NewGenLaw|Stealth Rock|[from] move: Rapid Spin|[of] p2a: Iron Treads
|move|p1a: Cabryan|Shadow Ball|p2a: Iron Treads
|-damage|p2a: Iron Treads|50/100 brn
|
|-heal|p2a: Iron Treads|56/100 brn|[from] item: Leftovers
|-damage|p2a: Iron Treads|50/100 brn|[from] brn
|upkeep
|turn|16
|
|t:|1779851302
|move|p2a: Iron Treads|Knock Off|p1a: Cabryan
|-damage|p1a: Cabryan|66/100
|-enditem|p1a: Cabryan|Heavy-Duty Boots|[from] move: Knock Off|[of] p2a: Iron Treads
|move|p1a: Cabryan|Shadow Ball|p2a: Iron Treads
|-damage|p2a: Iron Treads|39/100 brn
|
|-heal|p2a: Iron Treads|45/100 brn|[from] item: Leftovers
|-damage|p2a: Iron Treads|39/100 brn|[from] brn
|upkeep
|turn|17
|
|t:|1779851310
|-end|p2a: Iron Treads|Quark Drive|[silent]
|switch|p2a: Ogerpon|Ogerpon-Wellspring, F|76/100 tox
|move|p1a: Cabryan|Stealth Rock|p2a: Ogerpon
|-sidestart|p2: NewGenLaw|move: Stealth Rock
|
|-damage|p2a: Ogerpon|70/100 tox|[from] psn
|upkeep
|turn|18
|
|t:|1779851328
|switch|p2a: Zapdos|Zapdos|81/100
|-ability|p2a: Zapdos|Pressure
|switch|p1a: Ginecólogo Braga|Gliscor, M, tera:Dragon|100/100 tox
|-damage|p1a: Ginecólogo Braga|88/100 tox|[from] Spikes
|-damage|p1a: Ginecólogo Braga|75/100 tox|[from] Stealth Rock
|
|-heal|p1a: Ginecólogo Braga|88/100 tox|[from] ability: Poison Heal
|upkeep
|turn|19
|
|t:|1779851335
|move|p2a: Zapdos|Hurricane|p1a: Ginecólogo Braga
|-damage|p1a: Ginecólogo Braga|34/100 tox
|move|p1a: Ginecólogo Braga|Toxic|p2a: Zapdos
|-status|p2a: Zapdos|tox
|
|-damage|p2a: Zapdos|74/100 tox|[from] psn
|-heal|p1a: Ginecólogo Braga|47/100 tox|[from] ability: Poison Heal
|upkeep
|turn|20
|
|t:|1779851341
|switch|p2a: Ogerpon|Ogerpon-Wellspring, F|70/100 tox
|-damage|p2a: Ogerpon|58/100 tox|[from] Stealth Rock
|move|p1a: Ginecólogo Braga|Protect||[still]
|-fail|p1a: Ginecólogo Braga
|
|-damage|p2a: Ogerpon|52/100 tox|[from] psn
|-heal|p1a: Ginecólogo Braga|59/100 tox|[from] ability: Poison Heal
|upkeep
|turn|21
|
|t:|1779851358
|switch|p1a: Gayllermo|Clefable, F|100/100
|move|p2a: Ogerpon|Synthesis|p2a: Ogerpon
|-heal|p2a: Ogerpon|100/100 tox
|
|-damage|p2a: Ogerpon|89/100 tox|[from] psn
|upkeep
|turn|22
|
|t:|1779851369
|move|p2a: Ogerpon|Ivy Cudgel|p1a: Gayllermo|[anim] Ivy Cudgel Water
|-damage|p1a: Gayllermo|52/100
|move|p1a: Gayllermo|Moonblast|p2a: Ogerpon
|-damage|p2a: Ogerpon|55/100 tox
|
|-damage|p2a: Ogerpon|37/100 tox|[from] psn
|upkeep
|turn|23
|
|t:|1779851376
|move|p1a: Gayllermo|Protect|p1a: Gayllermo
|-singleturn|p1a: Gayllermo|Protect
|move|p2a: Ogerpon|Power Whip|p1a: Gayllermo
|-activate|p1a: Gayllermo|move: Protect
|
|-damage|p2a: Ogerpon|13/100 tox|[from] psn
|upkeep
|turn|24
|
|t:|1779851384
|switch|p2a: Cinderace|Cinderace, F|100/100
|-damage|p2a: Cinderace|76/100|[from] Stealth Rock
|move|p1a: Gayllermo|Wish|p1a: Gayllermo
|
|upkeep
|turn|25
|
|t:|1779851391
|move|p1a: Gayllermo|Protect|p1a: Gayllermo
|-singleturn|p1a: Gayllermo|Protect
|move|p2a: Cinderace|Pyro Ball|p1a: Gayllermo
|-activate|p1a: Gayllermo|move: Protect
|
|-heal|p1a: Gayllermo|100/100|[from] move: Wish|[wisher] Gayllermo
|upkeep
|turn|26
|
|t:|1779851406
|switch|p1a: Ginecólogo Braga|Gliscor, M, tera:Dragon|59/100 tox
|-damage|p1a: Ginecólogo Braga|47/100 tox|[from] Spikes
|-damage|p1a: Ginecólogo Braga|34/100 tox|[from] Stealth Rock
|move|p2a: Cinderace|Pyro Ball|p1a: Ginecólogo Braga
|-resisted|p1a: Ginecólogo Braga
|-damage|p1a: Ginecólogo Braga|13/100 tox
|
|-heal|p1a: Ginecólogo Braga|25/100 tox|[from] ability: Poison Heal
|upkeep
|turn|27
|
|t:|1779851416
|move|p1a: Ginecólogo Braga|Protect|p1a: Ginecólogo Braga
|-singleturn|p1a: Ginecólogo Braga|Protect
|move|p2a: Cinderace|High Jump Kick|p1a: Ginecólogo Braga
|-activate|p1a: Ginecólogo Braga|move: Protect
|-damage|p2a: Cinderace|26/100|[from] highjumpkick
|
|-heal|p1a: Ginecólogo Braga|38/100 tox|[from] ability: Poison Heal
|upkeep
|turn|28
|
|t:|1779851427
|move|p2a: Cinderace|Pyro Ball|p1a: Ginecólogo Braga
|-resisted|p1a: Ginecólogo Braga
|-damage|p1a: Ginecólogo Braga|9/100 tox
|move|p1a: Ginecólogo Braga|Knock Off|p2a: Cinderace
|-damage|p2a: Cinderace|0 fnt
|-enditem|p2a: Cinderace|Flame Plate|[from] move: Knock Off|[of] p1a: Ginecólogo Braga
|faint|p2a: Cinderace
|
|-heal|p1a: Ginecólogo Braga|22/100 tox|[from] ability: Poison Heal
|upkeep
|
|t:|1779851456
|switch|p2a: Lucario|Lucario, F|84/100
|-damage|p2a: Lucario|81/100|[from] Stealth Rock
|turn|29
|
|t:|1779851467
|switch|p1a: Luis Vargas|Dondozo, M|73/100
|move|p2a: Lucario|Close Combat|p1a: Luis Vargas
|-damage|p1a: Luis Vargas|47/100
|-unboost|p2a: Lucario|def|1
|-unboost|p2a: Lucario|spd|1
|
|upkeep
|turn|30
|
|t:|1779851475
|switch|p2a: Zapdos|Zapdos|74/100 tox
|-ability|p2a: Zapdos|Pressure
|move|p1a: Luis Vargas|Rest|p1a: Luis Vargas
|-status|p1a: Luis Vargas|slp|[from] move: Rest
|-heal|p1a: Luis Vargas|100/100 slp|[silent]
|
|-damage|p2a: Zapdos|68/100 tox|[from] psn
|upkeep
|turn|31
|
|t:|1779851486
|switch|p1a: Charlie Kirk|Slowking-Galar, F|100/100
|move|p2a: Zapdos|Volt Switch|p1a: Charlie Kirk
|-damage|p1a: Charlie Kirk|82/100
|
|t:|1779851490
|switch|p2a: Iron Treads|Iron Treads|39/100 brn|[from] Volt Switch
|-damage|p2a: Iron Treads|36/100 brn|[from] Stealth Rock
|
|-heal|p2a: Iron Treads|42/100 brn|[from] item: Leftovers
|-damage|p2a: Iron Treads|36/100 brn|[from] brn
|upkeep
|turn|32
|
|t:|1779851498
|move|p2a: Iron Treads|Rapid Spin|p1a: Charlie Kirk
|-damage|p1a: Charlie Kirk|75/100
|-boost|p2a: Iron Treads|spe|1
|-sideend|p2: NewGenLaw|Stealth Rock|[from] move: Rapid Spin|[of] p2a: Iron Treads
|move|p1a: Charlie Kirk|Future Sight|p2a: Iron Treads
|-start|p1a: Charlie Kirk|move: Future Sight
|
|-heal|p2a: Iron Treads|42/100 brn|[from] item: Leftovers
|-damage|p2a: Iron Treads|36/100 brn|[from] brn
|upkeep
|turn|33
|
|t:|1779851505
|move|p2a: Iron Treads|Knock Off|p1a: Charlie Kirk
|-supereffective|p1a: Charlie Kirk
|-damage|p1a: Charlie Kirk|52/100
|-enditem|p1a: Charlie Kirk|Heavy-Duty Boots|[from] move: Knock Off|[of] p2a: Iron Treads
|-prepare|p1a: Charlie Kirk|Chilly Reception|[premajor]
|move|p1a: Charlie Kirk|Chilly Reception|p1a: Charlie Kirk
|-weather|Snowscape
|
|t:|1779851518
|switch|p1a: Albert Eipstein|Weezing-Galar, M|99/100|[from] Chilly Reception
|-ability|p1a: Albert Eipstein|Neutralizing Gas
|-damage|p1a: Albert Eipstein|87/100|[from] Spikes
|-damage|p1a: Albert Eipstein|75/100|[from] Stealth Rock
|
|-weather|Snowscape|[upkeep]
|-heal|p2a: Iron Treads|42/100 brn|[from] item: Leftovers
|-damage|p2a: Iron Treads|36/100 brn|[from] brn
|upkeep
|turn|34
|
|t:|1779851527
|move|p2a: Iron Treads|Earthquake|p1a: Albert Eipstein
|-supereffective|p1a: Albert Eipstein
|-crit|p1a: Albert Eipstein
|-damage|p1a: Albert Eipstein|31/100
|move|p1a: Albert Eipstein|Defog|p2a: Iron Treads
|-unboost|p2a: Iron Treads|evasion|1
|-sideend|p1: Chechoide|Spikes|[from] move: Defog|[of] p1a: Albert Eipstein
|-sideend|p1: Chechoide|Stealth Rock|[from] move: Defog|[of] p1a: Albert Eipstein
|
|-weather|Snowscape|[upkeep]
|-end|p2a: Iron Treads|move: Future Sight
|-resisted|p2a: Iron Treads
|-damage|p2a: Iron Treads|19/100 brn
|-heal|p2a: Iron Treads|25/100 brn|[from] item: Leftovers
|-damage|p2a: Iron Treads|19/100 brn|[from] brn
|upkeep
|turn|35
|
|t:|1779851543
|-end|p1a: Albert Eipstein|ability: Neutralizing Gas
|switch|p1a: Gayllermo|Clefable, F|100/100
|move|p2a: Iron Treads|Stealth Rock|p1a: Gayllermo
|-sidestart|p1: Chechoide|move: Stealth Rock
|
|-weather|Snowscape|[upkeep]
|-heal|p2a: Iron Treads|25/100 brn|[from] item: Leftovers
|-damage|p2a: Iron Treads|19/100 brn|[from] brn
|upkeep
|turn|36
|
|t:|1779851565
|move|p2a: Iron Treads|Knock Off|p1a: Gayllermo
|-resisted|p1a: Gayllermo
|-damage|p1a: Gayllermo|95/100
|-enditem|p1a: Gayllermo|Sticky Barb|[from] move: Knock Off|[of] p2a: Iron Treads
|move|p1a: Gayllermo|Wish|p1a: Gayllermo
|
|-weather|Snowscape|[upkeep]
|-heal|p2a: Iron Treads|25/100 brn|[from] item: Leftovers
|-damage|p2a: Iron Treads|19/100 brn|[from] brn
|upkeep
|turn|37
|
|t:|1779851583
|switch|p1a: Charlie Kirk|Slowking-Galar, F|85/100
|-damage|p1a: Charlie Kirk|73/100|[from] Stealth Rock
|move|p2a: Iron Treads|Earthquake|p1a: Charlie Kirk
|-supereffective|p1a: Charlie Kirk
|-damage|p1a: Charlie Kirk|33/100
|
|-weather|none
|-heal|p1a: Charlie Kirk|83/100|[from] move: Wish|[wisher] Gayllermo
|-heal|p2a: Iron Treads|25/100 brn|[from] item: Leftovers
|-damage|p2a: Iron Treads|19/100 brn|[from] brn
|upkeep
|turn|38
|
|t:|1779851598
|move|p2a: Iron Treads|Earthquake|p1a: Charlie Kirk
|-supereffective|p1a: Charlie Kirk
|-crit|p1a: Charlie Kirk
|-damage|p1a: Charlie Kirk|27/100
|move|p1a: Charlie Kirk|Future Sight|p2a: Iron Treads
|-start|p1a: Charlie Kirk|move: Future Sight
|
|-heal|p2a: Iron Treads|25/100 brn|[from] item: Leftovers
|-damage|p2a: Iron Treads|19/100 brn|[from] brn
|upkeep
|turn|39
|
|t:|1779851614
|switch|p1a: Gayllermo|Clefable, F|95/100
|move|p2a: Iron Treads|Earthquake|p1a: Gayllermo
|-damage|p1a: Gayllermo|81/100
|
|-heal|p2a: Iron Treads|25/100 brn|[from] item: Leftovers
|-damage|p2a: Iron Treads|19/100 brn|[from] brn
|upkeep
|turn|40
|
|t:|1779851621
|move|p2a: Iron Treads|Earthquake|p1a: Gayllermo
|-damage|p1a: Gayllermo|66/100
|move|p1a: Gayllermo|Knock Off|p2a: Iron Treads
|-damage|p2a: Iron Treads|8/100 brn
|-enditem|p2a: Iron Treads|Leftovers|[from] move: Knock Off|[of] p1a: Gayllermo
|
|-end|p2a: Iron Treads|move: Future Sight
|-resisted|p2a: Iron Treads
|-damage|p2a: Iron Treads|0 fnt
|faint|p2a: Iron Treads
|-end|p2a: Iron Treads|Quark Drive|[silent]
|upkeep
|
|t:|1779851627
|switch|p2a: Lucario|Lucario, F|81/100
|turn|41
|
|t:|1779851631
|switch|p2a: Kyurem|Kyurem|100/100
|-ability|p2a: Kyurem|Pressure
|move|p1a: Gayllermo|Protect||[still]
|-fail|p1a: Gayllermo
|
|upkeep
|turn|42
|
|t:|1779851641
|-terastallize|p2a: Kyurem|Ice
|move|p2a: Kyurem|Freeze-Dry|p1a: Gayllermo
|-damage|p1a: Gayllermo|22/100
|move|p1a: Gayllermo|Moonblast|p2a: Kyurem
|-damage|p2a: Kyurem|68/100
|
|upkeep
|turn|43
|
|t:|1779851650
|switch|p1a: Cabryan|Blissey, F|66/100
|-damage|p1a: Cabryan|54/100|[from] Stealth Rock
|move|p2a: Kyurem|Freeze-Dry|p1a: Cabryan
|-damage|p1a: Cabryan|38/100
|
|upkeep
|turn|44
|j| samurajen
|
|t:|1779851656
|switch|p2a: Lucario|Lucario, F|81/100
|move|p1a: Cabryan|Soft-Boiled|p1a: Cabryan
|-heal|p1a: Cabryan|88/100
|
|upkeep
|turn|45
|
|t:|1779851668
|switch|p1a: Luis Vargas|Dondozo, M|100/100 slp
|move|p2a: Lucario|Close Combat|p1a: Luis Vargas
|-damage|p1a: Luis Vargas|73/100 slp
|-unboost|p2a: Lucario|def|1
|-unboost|p2a: Lucario|spd|1
|
|upkeep
|turn|46
|
|t:|1779851673
|move|p2a: Lucario|Close Combat|p1a: Luis Vargas
|-damage|p1a: Luis Vargas|47/100 slp
|-unboost|p2a: Lucario|def|1
|-unboost|p2a: Lucario|spd|1
|cant|p1a: Luis Vargas|slp
|
|upkeep
|turn|47
|
|t:|1779851682
|switch|p2a: Ogerpon|Ogerpon-Wellspring, F|13/100 tox
|cant|p1a: Luis Vargas|slp
|move|p1a: Luis Vargas|Sleep Talk|p1a: Luis Vargas
|move|p1a: Luis Vargas|Waterfall|p2a: Ogerpon|[from] move: Sleep Talk
|-heal|p2a: Ogerpon|38/100 tox|[from] ability: Water Absorb|[of] p1a: Luis Vargas
|
|-damage|p2a: Ogerpon|32/100 tox|[from] psn
|upkeep
|turn|48
|
|t:|1779851696
|move|p2a: Ogerpon|Synthesis|p2a: Ogerpon
|-heal|p2a: Ogerpon|82/100 tox
|-curestatus|p1a: Luis Vargas|slp|[msg]
|move|p1a: Luis Vargas|Rest|p1a: Luis Vargas
|-status|p1a: Luis Vargas|slp|[from] move: Rest
|-heal|p1a: Luis Vargas|100/100 slp|[silent]
|
|-damage|p2a: Ogerpon|70/100 tox|[from] psn
|upkeep
|turn|49
|
|t:|1779851704
|move|p2a: Ogerpon|Spikes|p1a: Luis Vargas
|-sidestart|p1: Chechoide|Spikes
|cant|p1a: Luis Vargas|slp
|
|-damage|p2a: Ogerpon|52/100 tox|[from] psn
|upkeep
|turn|50
|
|t:|1779851711
|switch|p2a: Zapdos|Zapdos|68/100 tox
|-ability|p2a: Zapdos|Pressure
|cant|p1a: Luis Vargas|slp
|
|-damage|p2a: Zapdos|62/100 tox|[from] psn
|upkeep
|turn|51
|
|t:|1779851721
|switch|p1a: Cabryan|Blissey, F|88/100
|-damage|p1a: Cabryan|76/100|[from] Stealth Rock
|-damage|p1a: Cabryan|63/100|[from] Spikes
|move|p2a: Zapdos|Roost|p2a: Zapdos
|-heal|p2a: Zapdos|100/100 tox
|-singleturn|p2a: Zapdos|move: Roost
|
|-damage|p2a: Zapdos|88/100 tox|[from] psn
|upkeep
|turn|52
|
|t:|1779851732
|move|p2a: Zapdos|Volt Switch|p1a: Cabryan
|-damage|p1a: Cabryan|54/100
|
|t:|1779851735
|switch|p2a: Lucario|Lucario, F|81/100|[from] Volt Switch
|move|p1a: Cabryan|Stealth Rock|p2a: Lucario
|-sidestart|p2: NewGenLaw|move: Stealth Rock
|
|upkeep
|turn|53
|
|t:|1779851745
|switch|p1a: Luis Vargas|Dondozo, M|100/100 slp
|move|p2a: Lucario|Close Combat|p1a: Luis Vargas
|-damage|p1a: Luis Vargas|73/100 slp
|-unboost|p2a: Lucario|def|1
|-unboost|p2a: Lucario|spd|1
|
|upkeep
|turn|54
|
|t:|1779851751
|switch|p2a: Kyurem|Kyurem, tera:Ice|68/100
|-damage|p2a: Kyurem|43/100|[from] Stealth Rock
|-ability|p2a: Kyurem|Pressure
|-curestatus|p1a: Luis Vargas|slp|[msg]
|move|p1a: Luis Vargas|Waterfall|p2a: Kyurem
|-damage|p2a: Kyurem|17/100
|
|upkeep
|turn|55
|
|t:|1779851760
|move|p2a: Kyurem|Freeze-Dry|p1a: Luis Vargas
|-supereffective|p1a: Luis Vargas
|-damage|p1a: Luis Vargas|0 fnt
|faint|p1a: Luis Vargas
|
|upkeep
|
|t:|1779851781
|switch|p1a: Gayllermo|Clefable, F|22/100
|turn|56
|
|t:|1779851785
|move|p2a: Kyurem|Freeze-Dry|p1a: Gayllermo
|-damage|p1a: Gayllermo|0 fnt
|faint|p1a: Gayllermo
|
|upkeep
|
|t:|1779851788
|switch|p1a: Charlie Kirk|Slowking-Galar, F|60/100
|-damage|p1a: Charlie Kirk|48/100|[from] Stealth Rock
|-damage|p1a: Charlie Kirk|35/100|[from] Spikes
|turn|57
|
|t:|1779851792
|move|p2a: Kyurem|Freeze-Dry|p1a: Charlie Kirk
|-damage|p1a: Charlie Kirk|5/100
|move|p1a: Charlie Kirk|Future Sight|p2a: Kyurem
|-start|p1a: Charlie Kirk|move: Future Sight
|
|upkeep
|turn|58
|
|t:|1779851801
|switch|p1a: Cabryan|Blissey, F|54/100
|-damage|p1a: Cabryan|41/100|[from] Stealth Rock
|-damage|p1a: Cabryan|29/100|[from] Spikes
|move|p2a: Kyurem|Freeze-Dry|p1a: Cabryan
|-damage|p1a: Cabryan|12/100
|
|upkeep
|turn|59
|
|t:|1779851812
|move|p2a: Kyurem|Freeze-Dry|p1a: Cabryan
|-damage|p1a: Cabryan|0 fnt
|faint|p1a: Cabryan
|
|-end|p2a: Kyurem|move: Future Sight
|-crit|p2a: Kyurem
|-damage|p2a: Kyurem|0 fnt
|faint|p2a: Kyurem
|upkeep
|
|t:|1779851818
|switch|p2a: Lucario|Lucario, F|81/100
|switch|p1a: Ginecólogo Braga|Gliscor, M, tera:Dragon|22/100 tox
|-damage|p2a: Lucario|78/100|[from] Stealth Rock
|-damage|p1a: Ginecólogo Braga|9/100 tox|[from] Stealth Rock
|-damage|p1a: Ginecólogo Braga|0 fnt|[from] Spikes
|faint|p1a: Ginecólogo Braga
|
|t:|1779851825
|switch|p1a: Albert Eipstein|Weezing-Galar, M|31/100
|-ability|p1a: Albert Eipstein|Neutralizing Gas
|-damage|p1a: Albert Eipstein|18/100|[from] Stealth Rock
|-damage|p1a: Albert Eipstein|6/100|[from] Spikes
|turn|60
|
|t:|1779851834
|move|p2a: Lucario|Extreme Speed|p1a: Albert Eipstein
|-damage|p1a: Albert Eipstein|0 fnt
|faint|p1a: Albert Eipstein
|-end|p1a: Albert Eipstein|ability: Neutralizing Gas
|
|upkeep
|
|t:|1779851837
|switch|p1a: Charlie Kirk|Slowking-Galar, F|38/100
|-damage|p1a: Charlie Kirk|26/100|[from] Stealth Rock
|-damage|p1a: Charlie Kirk|13/100|[from] Spikes
|turn|61
|
|t:|1779851839
|move|p2a: Lucario|Extreme Speed|p1a: Charlie Kirk
|-damage|p1a: Charlie Kirk|0 fnt
|faint|p1a: Charlie Kirk
|
|win|NewGenLaw
|raw|Chechoide's rating: 1399 &rarr; <strong>1379</strong><br />(-20 for losing)
|raw|NewGenLaw's rating: 1396 &rarr; <strong>1416</strong><br />(+20 for winning)
|l|☆Chechoide
|player|p1|
|l|☆NewGenLaw
|player|p2|
