|j|☆ca10mdtp
|j|☆Donerio
|t:|1779803525
|gametype|singles
|player|p1|ca10mdtp|n|1244
|player|p2|Donerio|2|1258
|gen|9
|tier|[Gen 9] OU
|rated|
|rule|HP Percentage Mod: HP is shown in percentages
|rule|Endless Battle Clause: Forcing endless battles is banned
|rule|Species Clause: Limit one of each Pokémon
|rule|OHKO Clause: OHKO moves are banned
|rule|Evasion Items Clause: Evasion items are banned
|rule|Evasion Moves Clause: Evasion moves are banned
|rule|Evasion Abilities Clause: Evasion abilities are banned
|rule|Sleep Moves Clause: Sleep-inducing moves are banned
|clearpoke
|poke|p1|Alomomola, M|
|poke|p1|Clefable, M|
|poke|p1|Corviknight, F|
|poke|p1|Slowking-Galar, F|
|poke|p1|Ting-Lu|
|poke|p1|Blissey, F|
|poke|p2|Kingambit, M|
|poke|p2|Gliscor, M|
|poke|p2|Clefable, F|
|poke|p2|Ceruledge, M|
|poke|p2|Walking Wake|
|poke|p2|Serperior, M|
|teampreview
|
|t:|1779803548
|teamsize|p1|6
|teamsize|p2|6
|start
|switch|p1a: Ting-Lu|Ting-Lu|100/100
|switch|p2a: my dih|Serperior, M|100/100
|-ability|p1a: Ting-Lu|Vessel of Ruin
|turn|1
|
|t:|1779803721
|switch|p1a: Slowking|Slowking-Galar, F|100/100
|move|p2a: my dih|Leaf Storm|p1a: Slowking
|-resisted|p1a: Slowking
|-damage|p1a: Slowking|91/100
|-boost|p2a: my dih|spa|2
|
|-heal|p1a: Slowking|97/100|[from] item: Leftovers
|upkeep
|turn|2
|inactive|Battle timer is ON: inactive players will automatically lose when time's up. (requested by Donerio)
|c|☆Donerio|sry for the wait
|c|☆Donerio|I'm in class
|inactive|ca10mdtp has 120 seconds left.
|
|t:|1779803804
|move|p2a: my dih|Glare|p1a: Slowking
|-status|p1a: Slowking|par
|-prepare|p1a: Slowking|Chilly Reception|[premajor]
|cant|p1a: Slowking|par
|
|-heal|p1a: Slowking|100/100 par|[from] item: Leftovers
|upkeep
|turn|3
|
|t:|1779803815
|move|p2a: my dih|Leech Seed|p1a: Slowking
|-start|p1a: Slowking|move: Leech Seed
|-prepare|p1a: Slowking|Chilly Reception|[premajor]
|move|p1a: Slowking|Chilly Reception|p1a: Slowking
|-weather|Snowscape
|
|t:|1779803833
|switch|p1a: Corviknight|Corviknight, F|100/100|[from] Chilly Reception
|-ability|p1a: Corviknight|Pressure
|
|-weather|Snowscape|[upkeep]
|upkeep
|turn|4
|
|t:|1779803841
|move|p2a: my dih|Glare|p1a: Corviknight
|-status|p1a: Corviknight|par
|move|p1a: Corviknight|U-turn|p2a: my dih
|-supereffective|p2a: my dih
|-crit|p2a: my dih
|-damage|p2a: my dih|56/100
|
|t:|1779803847
|switch|p1a: Blissey|Blissey, F|100/100|[from] U-turn
|
|-weather|Snowscape|[upkeep]
|-heal|p2a: my dih|63/100|[from] item: Leftovers
|upkeep
|turn|5
|
|t:|1779803856
|move|p2a: my dih|Glare|p1a: Blissey
|-status|p1a: Blissey|par
|cant|p1a: Blissey|par
|
|-weather|Snowscape|[upkeep]
|-heal|p2a: my dih|69/100|[from] item: Leftovers
|upkeep
|turn|6
|
|t:|1779803863
|move|p2a: my dih|Substitute|p2a: my dih
|-start|p2a: my dih|Substitute
|-damage|p2a: my dih|44/100
|move|p1a: Blissey|Heal Bell|p1a: Blissey
|-activate|p1a: Blissey|move: Heal Bell
|-curestatus|p1a: Blissey|par|[msg]
|-curestatus|p1: Slowking|par|[msg]
|-curestatus|p1: Corviknight|par|[msg]
|
|-weather|Snowscape|[upkeep]
|-heal|p2a: my dih|50/100|[from] item: Leftovers
|upkeep
|turn|7
|
|t:|1779803880
|move|p2a: my dih|Leech Seed|p1a: Blissey
|-start|p1a: Blissey|move: Leech Seed
|move|p1a: Blissey|Seismic Toss|p2a: my dih
|-end|p2a: my dih|Substitute
|
|-weather|none
|-heal|p2a: my dih|56/100|[from] item: Leftovers
|-damage|p1a: Blissey|88/100|[from] Leech Seed|[of] p2a: my dih
|-heal|p2a: my dih|82/100|[silent]
|upkeep
|turn|8
|
|t:|1779803898
|switch|p1a: Slowking|Slowking-Galar, F|100/100
|move|p2a: my dih|Leaf Storm|p1a: Slowking
|-resisted|p1a: Slowking
|-damage|p1a: Slowking|81/100
|-boost|p2a: my dih|spa|2
|
|-heal|p2a: my dih|88/100|[from] item: Leftovers
|-heal|p1a: Slowking|88/100|[from] item: Leftovers
|upkeep
|turn|9
|inactive|Donerio has 120 seconds left.
|inactive|Donerio has 90 seconds left.
|
|t:|1779803959
|move|p2a: my dih|Leech Seed|p1a: Slowking
|-start|p1a: Slowking|move: Leech Seed
|move|p1a: Slowking|Toxic|p2a: my dih
|-status|p2a: my dih|tox
|
|-heal|p2a: my dih|94/100 tox|[from] item: Leftovers
|-heal|p1a: Slowking|94/100|[from] item: Leftovers
|-damage|p1a: Slowking|81/100|[from] Leech Seed|[of] p2a: my dih
|-heal|p2a: my dih|100/100 tox|[silent]
|-damage|p2a: my dih|94/100 tox|[from] psn
|upkeep
|turn|10
|inactive|Donerio has 90 seconds left.
|
|t:|1779803974
|move|p2a: my dih|Glare|p1a: Slowking
|-status|p1a: Slowking|par
|-prepare|p1a: Slowking|Chilly Reception|[premajor]
|move|p1a: Slowking|Chilly Reception|p1a: Slowking
|-weather|Snowscape
|
|t:|1779803982
|switch|p1a: Corviknight|Corviknight, F|100/100|[from] Chilly Reception
|-ability|p1a: Corviknight|Pressure
|
|-weather|Snowscape|[upkeep]
|-heal|p2a: my dih|100/100 tox|[from] item: Leftovers
|-damage|p2a: my dih|88/100 tox|[from] psn
|upkeep
|turn|11
|inactive|Donerio has 90 seconds left.
|
|t:|1779803996
|move|p2a: my dih|Leech Seed|p1a: Corviknight
|-start|p1a: Corviknight|move: Leech Seed
|move|p1a: Corviknight|U-turn|p2a: my dih
|-supereffective|p2a: my dih
|-damage|p2a: my dih|59/100 tox
|
|t:|1779804001
|switch|p1a: Slowking|Slowking-Galar, F|100/100 par|[from] U-turn
|
|-weather|Snowscape|[upkeep]
|-heal|p2a: my dih|65/100 tox|[from] item: Leftovers
|-damage|p2a: my dih|47/100 tox|[from] psn
|upkeep
|turn|12
|
|t:|1779804010
|move|p2a: my dih|Leaf Storm|p1a: Slowking
|-resisted|p1a: Slowking
|-damage|p1a: Slowking|71/100 par
|-boost|p2a: my dih|spa|2
|cant|p1a: Slowking|par
|
|-weather|Snowscape|[upkeep]
|-heal|p2a: my dih|53/100 tox|[from] item: Leftovers
|-heal|p1a: Slowking|78/100 par|[from] item: Leftovers
|-damage|p2a: my dih|28/100 tox|[from] psn
|upkeep
|turn|13
|
|t:|1779804023
|move|p2a: my dih|Leaf Storm|p1a: Slowking
|-resisted|p1a: Slowking
|-damage|p1a: Slowking|39/100 par
|-prepare|p1a: Slowking|Chilly Reception|[premajor]
|cant|p1a: Slowking|par
|
|-weather|Snowscape|[upkeep]
|-heal|p2a: my dih|34/100 tox|[from] item: Leftovers
|-heal|p1a: Slowking|45/100 par|[from] item: Leftovers
|-damage|p2a: my dih|3/100 tox|[from] psn
|upkeep
|turn|14
|
|t:|1779804044
|switch|p1a: Blissey|Blissey, F|88/100
|move|p2a: my dih|Leaf Storm|p1a: Blissey
|-damage|p1a: Blissey|40/100
|
|-weather|none
|-heal|p2a: my dih|10/100 tox|[from] item: Leftovers
|-heal|p1a: Blissey|46/100|[from] item: Leftovers
|-damage|p2a: my dih|0 fnt|[from] psn
|faint|p2a: my dih
|upkeep
|
|t:|1779804057
|switch|p2a: tuff ahh swordman|Ceruledge, M|100/100
|turn|15
|
|t:|1779804071
|switch|p1a: Clefable|Clefable, M|100/100
|move|p2a: tuff ahh swordman|Swords Dance|p2a: tuff ahh swordman
|-boost|p2a: tuff ahh swordman|atk|2
|
|upkeep
|turn|16
|inactive|Donerio has 120 seconds left.
|
|t:|1779804105
|move|p2a: tuff ahh swordman|Swords Dance|p2a: tuff ahh swordman
|-boost|p2a: tuff ahh swordman|atk|2
|move|p1a: Clefable|Knock Off|p2a: tuff ahh swordman
|-supereffective|p2a: tuff ahh swordman
|-damage|p2a: tuff ahh swordman|57/100
|-ability|p2a: tuff ahh swordman|Weak Armor|boost
|-unboost|p2a: tuff ahh swordman|def|1
|-boost|p2a: tuff ahh swordman|spe|2
|-enditem|p2a: tuff ahh swordman|Focus Sash|[from] move: Knock Off|[of] p1a: Clefable
|
|upkeep
|turn|17
|inactive|Donerio has 90 seconds left.
|inactive|Donerio has 60 seconds left.
|
|t:|1779804151
|move|p2a: tuff ahh swordman|Bitter Blade|p1a: Clefable
|-damage|p1a: Clefable|65/100
|-heal|p2a: tuff ahh swordman|82/100|[from] drain|[of] p1a: Clefable
|-enditem|p1a: Clefable|Red Card|[of] p2a: tuff ahh swordman
|drag|p2a: skibidi healer|Clefable, F|100/100
|move|p1a: Clefable|Knock Off|p2a: skibidi healer
|-resisted|p2a: skibidi healer
|-damage|p2a: skibidi healer|95/100
|-enditem|p2a: skibidi healer|Leftovers|[from] move: Knock Off|[of] p1a: Clefable
|
|upkeep
|turn|18
|inactive|Donerio has 60 seconds left.
|
|t:|1779804167
|move|p2a: skibidi healer|Stealth Rock|p1a: Clefable
|-sidestart|p1: ca10mdtp|move: Stealth Rock
|move|p1a: Clefable|Stealth Rock|p2a: skibidi healer
|-sidestart|p2: Donerio|move: Stealth Rock
|
|upkeep
|turn|19
|
|t:|1779804173
|move|p2a: skibidi healer|Moonblast|p1a: Clefable
|-damage|p1a: Clefable|38/100
|move|p1a: Clefable|Moonlight|p1a: Clefable
|-heal|p1a: Clefable|88/100
|
|upkeep
|turn|20
|
|t:|1779804183
|switch|p1a: Blissey|Blissey, F|46/100
|-damage|p1a: Blissey|33/100|[from] Stealth Rock
|move|p2a: skibidi healer|Moonblast|p1a: Blissey
|-damage|p1a: Blissey|21/100
|
|-heal|p1a: Blissey|27/100|[from] item: Leftovers
|upkeep
|turn|21
|
|t:|1779804198
|move|p2a: skibidi healer|Moonblast|p1a: Blissey
|-damage|p1a: Blissey|17/100
|move|p1a: Blissey|Soft-Boiled|p1a: Blissey
|-heal|p1a: Blissey|67/100
|
|-heal|p1a: Blissey|73/100|[from] item: Leftovers
|upkeep
|turn|22
|
|t:|1779804206
|switch|p2a: tuff ahh swordman|Ceruledge, M|82/100
|-damage|p2a: tuff ahh swordman|57/100|[from] Stealth Rock
|move|p1a: Blissey|Seismic Toss|p2a: tuff ahh swordman
|-immune|p2a: tuff ahh swordman
|
|-heal|p1a: Blissey|79/100|[from] item: Leftovers
|upkeep
|turn|23
|
|t:|1779804214
|switch|p1a: Alomomola|Alomomola, M|100/100
|move|p2a: tuff ahh swordman|Swords Dance|p2a: tuff ahh swordman
|-boost|p2a: tuff ahh swordman|atk|2
|
|upkeep
|turn|24
|inactive|Donerio has 90 seconds left.
|
|t:|1779804225
|move|p2a: tuff ahh swordman|Bitter Blade|p1a: Alomomola
|-resisted|p1a: Alomomola
|-damage|p1a: Alomomola|67/100
|-heal|p2a: tuff ahh swordman|88/100|[from] drain|[of] p1a: Alomomola
|move|p1a: Alomomola|Flip Turn|p2a: tuff ahh swordman
|-supereffective|p2a: tuff ahh swordman
|-damage|p2a: tuff ahh swordman|38/100
|-ability|p2a: tuff ahh swordman|Weak Armor|boost
|-unboost|p2a: tuff ahh swordman|def|1
|-boost|p2a: tuff ahh swordman|spe|2
|
|t:|1779804236
|switch|p1a: Clefable|Clefable, M|88/100|[from] Flip Turn
|-damage|p1a: Clefable|75/100|[from] Stealth Rock
|
|upkeep
|turn|25
|
|t:|1779804242
|move|p2a: tuff ahh swordman|Bitter Blade|p1a: Clefable
|-damage|p1a: Clefable|37/100
|-heal|p2a: tuff ahh swordman|64/100|[from] drain|[of] p1a: Clefable
|move|p1a: Clefable|Knock Off|p2a: tuff ahh swordman
|-supereffective|p2a: tuff ahh swordman
|-damage|p2a: tuff ahh swordman|36/100
|-ability|p2a: tuff ahh swordman|Weak Armor|boost
|-unboost|p2a: tuff ahh swordman|def|1
|-boost|p2a: tuff ahh swordman|spe|2
|
|upkeep
|turn|26
|
|t:|1779804261
|switch|p1a: Alomomola|Alomomola, M|99/100
|move|p2a: tuff ahh swordman|Bitter Blade|p1a: Alomomola
|-resisted|p1a: Alomomola
|-damage|p1a: Alomomola|68/100
|-heal|p2a: tuff ahh swordman|66/100|[from] drain|[of] p1a: Alomomola
|
|upkeep
|turn|27
|
|t:|1779804270
|move|p2a: tuff ahh swordman|Bitter Blade|p1a: Alomomola
|-resisted|p1a: Alomomola
|-damage|p1a: Alomomola|35/100
|-heal|p2a: tuff ahh swordman|96/100|[from] drain|[of] p1a: Alomomola
|move|p1a: Alomomola|Flip Turn|p2a: tuff ahh swordman
|-supereffective|p2a: tuff ahh swordman
|-damage|p2a: tuff ahh swordman|2/100
|-ability|p2a: tuff ahh swordman|Weak Armor|boost
|-unboost|p2a: tuff ahh swordman|def|1
|-boost|p2a: tuff ahh swordman|spe|2
|
|t:|1779804287
|switch|p1a: Ting-Lu|Ting-Lu|100/100|[from] Flip Turn
|-damage|p1a: Ting-Lu|94/100|[from] Stealth Rock
|-ability|p1a: Ting-Lu|Vessel of Ruin
|
|-heal|p1a: Ting-Lu|100/100|[from] item: Leftovers
|upkeep
|turn|28
|
|t:|1779804294
|move|p2a: tuff ahh swordman|Close Combat|p1a: Ting-Lu
|-supereffective|p1a: Ting-Lu
|-damage|p1a: Ting-Lu|33/100
|-unboost|p2a: tuff ahh swordman|def|1
|-unboost|p2a: tuff ahh swordman|spd|1
|move|p1a: Ting-Lu|Earthquake|p2a: tuff ahh swordman
|-supereffective|p2a: tuff ahh swordman
|-damage|p2a: tuff ahh swordman|0 fnt
|faint|p2a: tuff ahh swordman
|
|-heal|p1a: Ting-Lu|40/100|[from] item: Leftovers
|upkeep
|
|t:|1779804304
|switch|p2a: weird old Suicune|Walking Wake|100/100
|-damage|p2a: weird old Suicune|88/100|[from] Stealth Rock
|turn|29
|
|t:|1779804318
|switch|p1a: Alomomola|Alomomola, M|68/100
|move|p2a: weird old Suicune|Sunny Day|p2a: weird old Suicune
|-weather|SunnyDay
|-activate|p2a: weird old Suicune|ability: Protosynthesis
|-start|p2a: weird old Suicune|protosynthesisspa
|
|-weather|SunnyDay|[upkeep]
|upkeep
|turn|30
|
|t:|1779804328
|move|p2a: weird old Suicune|Draco Meteor|p1a: Alomomola
|-damage|p1a: Alomomola|8/100
|-unboost|p2a: weird old Suicune|spa|2
|move|p1a: Alomomola|Wish|p1a: Alomomola
|
|-weather|SunnyDay|[upkeep]
|upkeep
|turn|31
|
|t:|1779804336
|move|p1a: Alomomola|Protect|p1a: Alomomola
|-singleturn|p1a: Alomomola|Protect
|move|p2a: weird old Suicune|Hydro Steam|p1a: Alomomola
|-activate|p1a: Alomomola|move: Protect
|
|-weather|SunnyDay|[upkeep]
|-heal|p1a: Alomomola|58/100|[from] move: Wish|[wisher] Alomomola
|upkeep
|turn|32
|
|t:|1779804345
|move|p2a: weird old Suicune|Draco Meteor|p1a: Alomomola
|-damage|p1a: Alomomola|25/100
|-unboost|p2a: weird old Suicune|spa|2
|move|p1a: Alomomola|Wish|p1a: Alomomola
|
|-weather|SunnyDay|[upkeep]
|upkeep
|turn|33
|
|t:|1779804353
|-end|p2a: weird old Suicune|Protosynthesis|[silent]
|switch|p2a: skibidi healer|Clefable, F|95/100
|move|p1a: Alomomola|Protect||[still]
|-fail|p1a: Alomomola
|
|-weather|SunnyDay|[upkeep]
|-heal|p1a: Alomomola|75/100|[from] move: Wish|[wisher] Alomomola
|upkeep
|turn|34
|
|t:|1779804362
|move|p2a: skibidi healer|Moonblast|p1a: Alomomola
|-damage|p1a: Alomomola|52/100
|-unboost|p1a: Alomomola|spa|1
|move|p1a: Alomomola|Flip Turn|p2a: skibidi healer
|-damage|p2a: skibidi healer|89/100
|
|t:|1779804382
|switch|p1a: Blissey|Blissey, F|79/100|[from] Flip Turn
|-damage|p1a: Blissey|66/100|[from] Stealth Rock
|
|-weather|SunnyDay|[upkeep]
|-heal|p1a: Blissey|73/100|[from] item: Leftovers
|upkeep
|turn|35
|
|t:|1779804389
|move|p2a: skibidi healer|Moonlight|p2a: skibidi healer
|-heal|p2a: skibidi healer|100/100
|move|p1a: Blissey|Heal Bell|p1a: Blissey
|-activate|p1a: Blissey|move: Heal Bell
|-curestatus|p1: Slowking|par|[msg]
|
|-weather|SunnyDay|[upkeep]
|-heal|p1a: Blissey|79/100|[from] item: Leftovers
|upkeep
|turn|36
|
|t:|1779804397
|move|p2a: skibidi healer|Moonblast|p1a: Blissey
|-crit|p1a: Blissey
|-damage|p1a: Blissey|61/100
|-unboost|p1a: Blissey|spa|1
|move|p1a: Blissey|Seismic Toss|p2a: skibidi healer
|-damage|p2a: skibidi healer|75/100
|
|-weather|none
|-heal|p1a: Blissey|67/100|[from] item: Leftovers
|upkeep
|turn|37
|
|t:|1779804407
|move|p2a: skibidi healer|Moonblast|p1a: Blissey
|-damage|p1a: Blissey|55/100
|move|p1a: Blissey|Seismic Toss|p2a: skibidi healer
|-damage|p2a: skibidi healer|50/100
|
|-heal|p1a: Blissey|62/100|[from] item: Leftovers
|upkeep
|turn|38
|
|t:|1779804414
|switch|p1a: Alomomola|Alomomola, M|86/100
|move|p2a: skibidi healer|Moonblast|p1a: Alomomola
|-damage|p1a: Alomomola|64/100
|-unboost|p1a: Alomomola|spa|1
|
|upkeep
|turn|39
|
|t:|1779804420
|move|p2a: skibidi healer|Moonlight|p2a: skibidi healer
|-heal|p2a: skibidi healer|99/100
|move|p1a: Alomomola|Wish|p1a: Alomomola
|
|upkeep
|turn|40
|
|t:|1779804437
|switch|p2a: Napoléon|Kingambit, M, shiny|100/100
|-damage|p2a: Napoléon|94/100|[from] Stealth Rock
|-activate|p2a: Napoléon|ability: Supreme Overlord
|-start|p2a: Napoléon|fallen2|[silent]
|move|p1a: Alomomola|Flip Turn|p2a: Napoléon
|-damage|p2a: Napoléon|82/100
|
|t:|1779804446
|switch|p1a: Ting-Lu|Ting-Lu|40/100|[from] Flip Turn
|-damage|p1a: Ting-Lu|33/100|[from] Stealth Rock
|-ability|p1a: Ting-Lu|Vessel of Ruin
|
|-heal|p1a: Ting-Lu|85/100|[from] move: Wish|[wisher] Alomomola
|-heal|p2a: Napoléon|88/100|[from] item: Leftovers
|-heal|p1a: Ting-Lu|92/100|[from] item: Leftovers
|upkeep
|turn|41
|
|t:|1779804459
|-terastallize|p2a: Napoléon|Flying
|move|p2a: Napoléon|Swords Dance|p2a: Napoléon
|-boost|p2a: Napoléon|atk|2
|move|p1a: Ting-Lu|Ruination|p2a: Napoléon
|-damage|p2a: Napoléon|45/100
|
|-heal|p2a: Napoléon|51/100|[from] item: Leftovers
|-heal|p1a: Ting-Lu|98/100|[from] item: Leftovers
|upkeep
|turn|42
|
|t:|1779804473
|move|p2a: Napoléon|Low Kick|p1a: Ting-Lu
|-supereffective|p1a: Ting-Lu
|-damage|p1a: Ting-Lu|0 fnt
|faint|p1a: Ting-Lu
|
|-heal|p2a: Napoléon|57/100|[from] item: Leftovers
|upkeep
|
|t:|1779804479
|switch|p1a: Corviknight|Corviknight, F|100/100
|-damage|p1a: Corviknight|88/100|[from] Stealth Rock
|-ability|p1a: Corviknight|Pressure
|turn|43
|
|t:|1779804486
|move|p2a: Napoléon|Kowtow Cleave|p1a: Corviknight
|-damage|p1a: Corviknight|20/100
|-damage|p2a: Napoléon|40/100|[from] item: Rocky Helmet|[of] p1a: Corviknight
|move|p1a: Corviknight|Brave Bird|p2a: Napoléon
|-damage|p2a: Napoléon|14/100
|-damage|p1a: Corviknight|12/100|[from] Recoil
|
|-heal|p2a: Napoléon|21/100|[from] item: Leftovers
|upkeep
|turn|44
|
|t:|1779804507
|switch|p1a: Clefable|Clefable, M|37/100
|-damage|p1a: Clefable|24/100|[from] Stealth Rock
|move|p2a: Napoléon|Sucker Punch||[still]
|-fail|p2a: Napoléon
|
|-heal|p2a: Napoléon|27/100|[from] item: Leftovers
|upkeep
|turn|45
|
|t:|1779804515
|move|p2a: Napoléon|Sucker Punch||[still]
|-fail|p2a: Napoléon
|move|p1a: Clefable|Moonlight|p1a: Clefable
|-heal|p1a: Clefable|74/100
|
|-heal|p2a: Napoléon|33/100|[from] item: Leftovers
|upkeep
|turn|46
|
|t:|1779804527
|move|p1a: Clefable|Moonblast|p2a: Napoléon
|-damage|p2a: Napoléon|0 fnt
|faint|p2a: Napoléon
|-end|p2a: Napoléon|fallen2|[silent]
|
|upkeep
|
|t:|1779804536
|switch|p2a: drug addict|Gliscor, M|100/100
|-damage|p2a: drug addict|88/100|[from] Stealth Rock
|turn|47
|
|t:|1779804541
|move|p2a: drug addict|Swords Dance|p2a: drug addict
|-boost|p2a: drug addict|atk|2
|move|p1a: Clefable|Knock Off|p2a: drug addict
|-damage|p2a: drug addict|76/100
|-enditem|p2a: drug addict|Toxic Orb|[from] move: Knock Off|[of] p1a: Clefable
|
|upkeep
|turn|48
|
|t:|1779804548
|move|p2a: drug addict|Swords Dance|p2a: drug addict
|-boost|p2a: drug addict|atk|2
|move|p1a: Clefable|Moonblast|p2a: drug addict
|-damage|p2a: drug addict|32/100
|-unboost|p2a: drug addict|spa|1
|
|upkeep
|turn|49
|
|t:|1779804557
|move|p2a: drug addict|Facade|p1a: Clefable
|-damage|p1a: Clefable|61/100
|move|p1a: Clefable|Moonblast|p2a: drug addict
|-damage|p2a: drug addict|0 fnt
|faint|p2a: drug addict
|
|upkeep
|c|☆Donerio|gotta go sry
|n|!Donerio|donerio
|inactive|Donerio has 120 seconds left.
|-message|Donerio forfeited.
|
|win|ca10mdtp
