|j|☆JohnButters
|j|☆visceraljouster
|t:|1779816610
|gametype|singles
|player|p1|JohnButters|102|1074
|player|p2|visceraljouster|drayden|1086
|gen|9
|tier|[Gen 9] OU
|rated|
|rule|HP Percentage Mod: HP is shown in percentages
|rule|Endless Battle Clause: Forcing endless battles is banned
|rule|Species Clause: Limit one of each Pokémon
|rule|OHKO Clause: OHKO moves are banned
|rule|Evasion Items Clause: Evasion items are banned
|rule|Evasion Moves Clause: Evasion moves are banned
|rule|Evasion Abilities Clause: Evasion abilities are banned
|rule|Sleep Moves Clause: Sleep-inducing moves are banned
|clearpoke
|poke|p1|Delphox, M|
|poke|p1|Sableye, F|
|poke|p1|Toxapex, M|
|poke|p1|Dragonite, F|
|poke|p1|Great Tusk|
|poke|p1|Scizor, F|
|poke|p2|Torterra, F|
|poke|p2|Tyranitar, F|
|poke|p2|Lapras, M|
|poke|p2|Salamence, M|
|poke|p2|Electivire, F|
|poke|p2|Scizor, F|
|teampreview
|
|t:|1779816620
|teamsize|p1|6
|teamsize|p2|6
|start
|switch|p1a: Toxapex|Toxapex, M|100/100
|switch|p2a: Tyranitar|Tyranitar, F|100/100
|-weather|Sandstorm|[from] ability: Sand Stream|[of] p2a: Tyranitar
|turn|1
|
|t:|1779816627
|move|p2a: Tyranitar|Earthquake|p1a: Toxapex
|-supereffective|p1a: Toxapex
|-damage|p1a: Toxapex|54/100
|move|p1a: Toxapex|Toxic|p2a: Tyranitar
|-status|p2a: Tyranitar|tox
|
|-weather|Sandstorm|[upkeep]
|-damage|p1a: Toxapex|48/100|[from] Sandstorm
|-heal|p1a: Toxapex|54/100|[from] item: Black Sludge
|-damage|p2a: Tyranitar|94/100 tox|[from] psn
|upkeep
|turn|2
|
|t:|1779816637
|move|p1a: Toxapex|Baneful Bunker|p1a: Toxapex
|-singleturn|p1a: Toxapex|move: Protect
|move|p2a: Tyranitar|Earthquake|p1a: Toxapex
|-activate|p1a: Toxapex|move: Protect
|
|-weather|Sandstorm|[upkeep]
|-damage|p1a: Toxapex|48/100|[from] Sandstorm
|-heal|p1a: Toxapex|54/100|[from] item: Black Sludge
|-damage|p2a: Tyranitar|82/100 tox|[from] psn
|upkeep
|turn|3
|
|t:|1779816654
|switch|p1a: Dragonite|Dragonite, F|100/100
|move|p2a: Tyranitar|Rock Slide|p1a: Dragonite
|-supereffective|p1a: Dragonite
|-damage|p1a: Dragonite|54/100
|
|-weather|Sandstorm|[upkeep]
|-damage|p1a: Dragonite|48/100|[from] Sandstorm
|-damage|p2a: Tyranitar|64/100 tox|[from] psn
|upkeep
|turn|4
|
|t:|1779816679
|switch|p1a: Scizor|Scizor, F, shiny|100/100
|move|p2a: Tyranitar|Dragon Dance|p2a: Tyranitar
|-boost|p2a: Tyranitar|atk|1
|-boost|p2a: Tyranitar|spe|1
|
|-weather|Sandstorm|[upkeep]
|-damage|p2a: Tyranitar|39/100 tox|[from] psn
|upkeep
|turn|5
|
|t:|1779816692
|move|p1a: Scizor|Bullet Punch|p2a: Tyranitar
|-supereffective|p2a: Tyranitar
|-damage|p2a: Tyranitar|0 fnt
|faint|p2a: Tyranitar
|
|-weather|none
|upkeep
|
|t:|1779816698
|switch|p2a: Salamence|Salamence, M|100/100
|-ability|p2a: Salamence|Intimidate|boost
|-unboost|p1a: Scizor|atk|1
|turn|6
|
|t:|1779816713
|switch|p1a: Delphox|Delphox, M|100/100
|move|p2a: Salamence|Flamethrower|p1a: Delphox
|-resisted|p1a: Delphox
|-damage|p1a: Delphox|88/100
|
|upkeep
|turn|7
|
|t:|1779816739
|move|p1a: Delphox|Dazzling Gleam|p2a: Salamence
|-supereffective|p2a: Salamence
|-damage|p2a: Salamence|41/100
|move|p2a: Salamence|Dragon Claw|p1a: Delphox
|-damage|p1a: Delphox|25/100
|
|upkeep
|turn|8
|
|t:|1779816748
|switch|p2a: Scizor|Scizor, F|100/100
|move|p1a: Delphox|Dazzling Gleam|p2a: Scizor
|-resisted|p2a: Scizor
|-damage|p2a: Scizor|86/100
|
|upkeep
|turn|9
|
|t:|1779816767
|switch|p1a: Sableye|Sableye, F|100/100
|switch|p2a: Lapras|Lapras, M|100/100
|
|upkeep
|turn|10
|
|t:|1779816775
|move|p1a: Sableye|Thunder Wave|p2a: Lapras
|-status|p2a: Lapras|par
|move|p2a: Lapras|Surf|p1a: Sableye
|-damage|p1a: Sableye|60/100
|
|upkeep
|turn|11
|
|t:|1779816788
|switch|p1a: Dragonite|Dragonite, F|48/100
|move|p2a: Lapras|Freeze-Dry|p1a: Dragonite
|-supereffective|p1a: Dragonite
|-damage|p1a: Dragonite|0 fnt
|faint|p1a: Dragonite
|
|upkeep
|
|t:|1779816797
|switch|p1a: Scizor|Scizor, F, shiny|100/100
|turn|12
|
|t:|1779816805
|switch|p2a: Electivire|Electivire, F|100/100
|move|p1a: Scizor|Swords Dance|p1a: Scizor
|-boost|p1a: Scizor|atk|2
|
|upkeep
|turn|13
|
|t:|1779816816
|move|p2a: Electivire|Fire Punch|p1a: Scizor
|-supereffective|p1a: Scizor
|-damage|p1a: Scizor|0 fnt
|faint|p1a: Scizor
|
|upkeep
|-message|JohnButters forfeited.
|
|win|visceraljouster
|raw|JohnButters's rating: 1074 &rarr; <strong>1054</strong><br />(-20 for losing)
|raw|visceraljouster's rating: 1086 &rarr; <strong>1112</strong><br />(+26 for winning)
|l|☆JohnButters
|player|p1|
|l|☆visceraljouster
|player|p2|
