|j|☆CrazyPredictions
|j|☆BGUGE
|t:|1779815789
|gametype|singles
|player|p1|CrazyPredictions|266|1326
|player|p2|BGUGE|101|1372
|gen|9
|tier|[Gen 9] OU
|rated|
|rule|HP Percentage Mod: HP is shown in percentages
|rule|Endless Battle Clause: Forcing endless battles is banned
|rule|Species Clause: Limit one of each Pokémon
|rule|OHKO Clause: OHKO moves are banned
|rule|Evasion Items Clause: Evasion items are banned
|rule|Evasion Moves Clause: Evasion moves are banned
|rule|Evasion Abilities Clause: Evasion abilities are banned
|rule|Sleep Moves Clause: Sleep-inducing moves are banned
|clearpoke
|poke|p1|Quaquaval, M|
|poke|p1|Enamorus, F|
|poke|p1|Iron Treads|
|poke|p1|Alomomola, F|
|poke|p1|Dragonite, M|
|poke|p1|Gholdengo|
|poke|p2|Iron Moth|
|poke|p2|Gliscor, F|
|poke|p2|Hatterene, F|
|poke|p2|Ogerpon-Wellspring, F|
|poke|p2|Raging Bolt|
|poke|p2|Zamazenta-*|
|teampreview
|
|t:|1779815806
|teamsize|p1|6
|teamsize|p2|6
|start
|switch|p1a: Enamorus|Enamorus, F|100/100
|switch|p2a: Zamazenta|Zamazenta|100/100
|-ability|p2a: Zamazenta|Dauntless Shield|boost
|-boost|p2a: Zamazenta|def|1
|turn|1
|
|t:|1779815831
|switch|p2a: Hatterene|Hatterene, F|100/100
|move|p1a: Enamorus|Earth Power|p2a: Hatterene
|-damage|p2a: Hatterene|53/100
|
|-heal|p2a: Hatterene|59/100|[from] item: Leftovers
|upkeep
|turn|2
|
|t:|1779815852
|switch|p1a: Gholdengo|Gholdengo|100/100
|-terastallize|p2a: Hatterene|Water
|move|p2a: Hatterene|Calm Mind|p2a: Hatterene
|-boost|p2a: Hatterene|spa|1
|-boost|p2a: Hatterene|spd|1
|
|-heal|p2a: Hatterene|65/100|[from] item: Leftovers
|upkeep
|turn|3
|
|t:|1779815872
|move|p1a: Gholdengo|Trick|p2a: Hatterene
|-activate|p1a: Gholdengo|move: Trick|[of] p2a: Hatterene
|-item|p2a: Hatterene|Choice Scarf|[from] move: Trick
|-item|p1a: Gholdengo|Leftovers|[from] move: Trick
|move|p2a: Hatterene|Mystical Fire|p1a: Gholdengo
|-supereffective|p1a: Gholdengo
|-damage|p1a: Gholdengo|15/100
|-unboost|p1a: Gholdengo|spa|1
|
|-heal|p1a: Gholdengo|21/100|[from] item: Leftovers
|upkeep
|turn|4
|
|t:|1779815881
|move|p1a: Gholdengo|Thunderbolt|p2a: Hatterene
|-supereffective|p2a: Hatterene
|-damage|p2a: Hatterene|36/100
|move|p2a: Hatterene|Mystical Fire|p1a: Gholdengo
|-supereffective|p1a: Gholdengo
|-damage|p1a: Gholdengo|0 fnt
|faint|p1a: Gholdengo
|
|upkeep
|
|t:|1779815899
|switch|p1a: Quaquaval|Quaquaval, M, shiny|100/100
|turn|5
|
|t:|1779815908
|move|p1a: Quaquaval|Swords Dance|p1a: Quaquaval
|-boost|p1a: Quaquaval|atk|2
|move|p2a: Hatterene|Mystical Fire|p1a: Quaquaval
|-resisted|p1a: Quaquaval
|-damage|p1a: Quaquaval|79/100
|-unboost|p1a: Quaquaval|spa|1
|
|upkeep
|turn|6
|
|t:|1779815915
|move|p1a: Quaquaval|Aqua Step|p2a: Hatterene
|-resisted|p2a: Hatterene
|-damage|p2a: Hatterene|5/100
|-boost|p1a: Quaquaval|spe|1
|move|p2a: Hatterene|Mystical Fire|p1a: Quaquaval
|-resisted|p1a: Quaquaval
|-damage|p1a: Quaquaval|55/100
|-unboost|p1a: Quaquaval|spa|1
|
|upkeep
|turn|7
|
|t:|1779815924
|move|p1a: Quaquaval|Aqua Step|p2a: Hatterene
|-resisted|p2a: Hatterene
|-damage|p2a: Hatterene|0 fnt
|-boost|p1a: Quaquaval|spe|1
|faint|p2a: Hatterene
|-ability|p1a: Quaquaval|Moxie|boost
|-boost|p1a: Quaquaval|atk|1
|
|upkeep
|
|t:|1779815931
|switch|p2a: Raging Bolt|Raging Bolt|100/100
|-enditem|p2a: Raging Bolt|Booster Energy
|-activate|p2a: Raging Bolt|ability: Protosynthesis|[fromitem]
|-start|p2a: Raging Bolt|protosynthesisspa
|turn|8
|
|t:|1779815937
|move|p2a: Raging Bolt|Thunderclap||[still]
|-fail|p2a: Raging Bolt
|move|p1a: Quaquaval|Swords Dance|p1a: Quaquaval
|-boost|p1a: Quaquaval|atk|2
|
|upkeep
|turn|9
|
|t:|1779815942
|move|p2a: Raging Bolt|Thunderclap||[still]
|-fail|p2a: Raging Bolt
|move|p1a: Quaquaval|Swords Dance|p1a: Quaquaval
|-boost|p1a: Quaquaval|atk|1
|
|upkeep
|turn|10
|
|t:|1779815947
|move|p2a: Raging Bolt|Thunderclap||[still]
|-fail|p2a: Raging Bolt
|move|p1a: Quaquaval|Swords Dance|p1a: Quaquaval
|-boost|p1a: Quaquaval|atk|0
|
|upkeep
|turn|11
|
|t:|1779815952
|move|p2a: Raging Bolt|Thunderclap||[still]
|-fail|p2a: Raging Bolt
|move|p1a: Quaquaval|Swords Dance|p1a: Quaquaval
|-boost|p1a: Quaquaval|atk|0
|
|upkeep
|turn|12
|
|t:|1779815958
|move|p2a: Raging Bolt|Thunderclap||[still]
|-fail|p2a: Raging Bolt
|move|p1a: Quaquaval|Swords Dance|p1a: Quaquaval
|-boost|p1a: Quaquaval|atk|0
|
|upkeep
|turn|13
|
|t:|1779815964
|move|p1a: Quaquaval|Close Combat|p2a: Raging Bolt
|-damage|p2a: Raging Bolt|0 fnt
|-unboost|p1a: Quaquaval|def|1
|-unboost|p1a: Quaquaval|spd|1
|faint|p2a: Raging Bolt
|-end|p2a: Raging Bolt|Protosynthesis|[silent]
|
|upkeep
|
|t:|1779815975
|switch|p2a: Zamazenta|Zamazenta|100/100
|turn|14
|
|t:|1779815981
|move|p1a: Quaquaval|Close Combat|p2a: Zamazenta
|-damage|p2a: Zamazenta|0 fnt
|-unboost|p1a: Quaquaval|def|1
|-unboost|p1a: Quaquaval|spd|1
|faint|p2a: Zamazenta
|
|upkeep
|
|t:|1779815990
|switch|p2a: Ogerpon|Ogerpon-Wellspring, F|100/100
|turn|15
|
|t:|1779815996
|move|p1a: Quaquaval|Close Combat|p2a: Ogerpon
|-damage|p2a: Ogerpon|0 fnt
|-unboost|p1a: Quaquaval|def|1
|-unboost|p1a: Quaquaval|spd|1
|faint|p2a: Ogerpon
|
|upkeep
|-message|BGUGE forfeited.
|
|win|CrazyPredictions
|raw|CrazyPredictions's rating: 1326 &rarr; <strong>1349</strong><br />(+23 for winning)
|raw|BGUGE's rating: 1372 &rarr; <strong>1349</strong><br />(-23 for losing)
|l|☆BGUGE
|player|p2|
