|j|☆claudechamp
|j|☆The Hamm
|t:|1779849598
|gametype|singles
|player|p1|claudechamp|169|1175
|player|p2|The Hamm|artist-gen4|1144
|gen|9
|tier|[Gen 9] OU
|rated|
|rule|HP Percentage Mod: HP is shown in percentages
|rule|Endless Battle Clause: Forcing endless battles is banned
|rule|Species Clause: Limit one of each Pokémon
|rule|OHKO Clause: OHKO moves are banned
|rule|Evasion Items Clause: Evasion items are banned
|rule|Evasion Moves Clause: Evasion moves are banned
|rule|Evasion Abilities Clause: Evasion abilities are banned
|rule|Sleep Moves Clause: Sleep-inducing moves are banned
|clearpoke
|poke|p1|Corviknight, F|
|poke|p1|Ting-Lu|
|poke|p1|Kyurem|
|poke|p1|Dondozo, F|
|poke|p1|Slowking-Galar, F|
|poke|p1|Cinderace, M|
|poke|p2|Hitmonlee, M|
|poke|p2|Clefable, M|
|poke|p2|Blastoise, M|
|poke|p2|Dragonite, M|
|poke|p2|Weezing, F|
|poke|p2|Snorlax, F|
|teampreview
|c|☆claudechamp|hf
|inactive|Battle timer is ON: inactive players will automatically lose when time's up. (requested by claudechamp)
|
|t:|1779849607
|teamsize|p1|6
|teamsize|p2|6
|start
|switch|p1a: Corviknight|Corviknight, F|100/100
|switch|p2a: Clefable|Clefable, M|100/100
|-ability|p1a: Corviknight|Pressure
|turn|1
|inactive|claudechamp has 120 seconds left.
|
|t:|1779849660
|move|p1a: Corviknight|Brave Bird|p2a: Clefable
|-damage|p2a: Clefable|57/100
|-damage|p1a: Corviknight|86/100|[from] Recoil
|move|p2a: Clefable|Reflect|p2a: Clefable
|-sidestart|p2: The Hamm|Reflect
|
|upkeep
|turn|2
|
|t:|1779849684
|switch|p2a: Weezing|Weezing, F|100/100
|-ability|p2a: Weezing|Neutralizing Gas
|move|p1a: Corviknight|U-turn|p2a: Weezing
|-resisted|p2a: Weezing
|-damage|p2a: Weezing|98/100
|
|t:|1779849695
|switch|p1a: Kyurem|Kyurem|100/100|[from] U-turn
|
|upkeep
|turn|3
|
|t:|1779849718
|-end|p2a: Weezing|ability: Neutralizing Gas
|-ability|p1a: Kyurem|Pressure
|switch|p2a: Snorlax|Snorlax, F|100/100
|move|p1a: Kyurem|Freeze-Dry|p2a: Snorlax
|-damage|p2a: Snorlax|90/100
|
|upkeep
|turn|4
|
|t:|1779849739
|move|p1a: Kyurem|Freeze-Dry|p2a: Snorlax
|-damage|p2a: Snorlax|78/100
|move|p2a: Snorlax|Curse|p2a: Snorlax
|-unboost|p2a: Snorlax|spe|1
|-boost|p2a: Snorlax|atk|1
|-boost|p2a: Snorlax|def|1
|
|upkeep
|turn|5
|
|t:|1779849754
|move|p1a: Kyurem|Freeze-Dry|p2a: Snorlax
|-damage|p2a: Snorlax|67/100
|-status|p2a: Snorlax|frz
|-enditem|p2a: Snorlax|Lum Berry|[eat]
|-curestatus|p2a: Snorlax|frz|[msg]
|move|p2a: Snorlax|Curse|p2a: Snorlax
|-unboost|p2a: Snorlax|spe|1
|-boost|p2a: Snorlax|atk|1
|-boost|p2a: Snorlax|def|1
|
|upkeep
|turn|6
|
|t:|1779849772
|move|p1a: Kyurem|Earth Power|p2a: Snorlax
|-damage|p2a: Snorlax|48/100
|move|p2a: Snorlax|Earthquake|p1a: Kyurem
|-damage|p1a: Kyurem|33/100
|
|-heal|p1a: Kyurem|40/100|[from] item: Leftovers
|upkeep
|turn|7
|
|t:|1779849786
|switch|p1a: Dondozo|Dondozo, F|100/100
|move|p2a: Snorlax|Rest|p2a: Snorlax
|-status|p2a: Snorlax|slp|[from] move: Rest
|-heal|p2a: Snorlax|100/100 slp|[silent]
|
|upkeep
|turn|8
|inactive|The Hamm has 120 seconds left.
|
|t:|1779849808
|move|p1a: Dondozo|Waterfall|p2a: Snorlax
|-damage|p2a: Snorlax|89/100 slp
|cant|p2a: Snorlax|slp
|
|-sideend|p2: The Hamm|Reflect
|upkeep
|turn|9
|
|t:|1779849820
|-terastallize|p2a: Snorlax|Ghost
|move|p1a: Dondozo|Body Press|p2a: Snorlax
|-immune|p2a: Snorlax
|cant|p2a: Snorlax|slp
|
|upkeep
|turn|10
|
|t:|1779849836
|move|p1a: Dondozo|Waterfall|p2a: Snorlax
|-damage|p2a: Snorlax|65/100 slp
|-curestatus|p2a: Snorlax|slp|[msg]
|move|p2a: Snorlax|Curse|p1a: Dondozo
|-start|p1a: Dondozo|Curse|[of] p2a: Snorlax
|-damage|p2a: Snorlax|15/100
|
|-damage|p1a: Dondozo|76/100|[from] Curse
|upkeep
|turn|11
|inactive|claudechamp has 120 seconds left.
|
|t:|1779849854
|move|p1a: Dondozo|Waterfall|p2a: Snorlax
|-damage|p2a: Snorlax|0 fnt
|faint|p2a: Snorlax
|
|-heal|p1a: Dondozo|82/100|[from] item: Leftovers
|-damage|p1a: Dondozo|57/100|[from] Curse
|upkeep
|
|t:|1779849858
|switch|p2a: Hitmonlee|Hitmonlee, M|100/100
|turn|12
|inactive|claudechamp has 120 seconds left.
|
|t:|1779849869
|switch|p1a: Kyurem|Kyurem|40/100
|-ability|p1a: Kyurem|Pressure
|move|p2a: Hitmonlee|Focus Energy|p2a: Hitmonlee
|-start|p2a: Hitmonlee|move: Focus Energy
|
|-heal|p1a: Kyurem|46/100|[from] item: Leftovers
|upkeep
|turn|13
|
|t:|1779849879
|move|p1a: Kyurem|Freeze-Dry|p2a: Hitmonlee
|-damage|p2a: Hitmonlee|54/100
|move|p2a: Hitmonlee|Close Combat|p1a: Kyurem
|-supereffective|p1a: Kyurem
|-damage|p1a: Kyurem|0 fnt
|-unboost|p2a: Hitmonlee|def|1
|-unboost|p2a: Hitmonlee|spd|1
|faint|p1a: Kyurem
|-enditem|p2a: Hitmonlee|White Herb
|-clearnegativeboost|p2a: Hitmonlee|[silent]
|
|upkeep
|inactive|claudechamp has 120 seconds left.
|
|t:|1779849890
|switch|p1a: Slowking|Slowking-Galar, F|100/100
|turn|14
|
|t:|1779849894
|move|p2a: Hitmonlee|Stone Edge|p1a: Slowking
|-crit|p1a: Slowking
|-damage|p1a: Slowking|60/100
|move|p1a: Slowking|Future Sight|p2a: Hitmonlee
|-start|p1a: Slowking|move: Future Sight
|
|upkeep
|turn|15
|
|t:|1779849903
|move|p2a: Hitmonlee|Blaze Kick|p1a: Slowking
|-crit|p1a: Slowking
|-damage|p1a: Slowking|25/100
|move|p1a: Slowking|Sludge Bomb|p2a: Hitmonlee
|-damage|p2a: Hitmonlee|7/100
|
|upkeep
|turn|16
|
|t:|1779849922
|switch|p1a: Dondozo|Dondozo, F|57/100
|move|p2a: Hitmonlee|Blaze Kick|p1a: Dondozo
|-resisted|p1a: Dondozo
|-crit|p1a: Dondozo
|-damage|p1a: Dondozo|42/100
|-status|p1a: Dondozo|brn
|
|-end|p2a: Hitmonlee|move: Future Sight
|-supereffective|p2a: Hitmonlee
|-damage|p2a: Hitmonlee|0 fnt
|faint|p2a: Hitmonlee
|-heal|p1a: Dondozo|48/100 brn|[from] item: Leftovers
|-damage|p1a: Dondozo|42/100 brn|[from] brn
|upkeep
|
|t:|1779849926
|switch|p2a: Dragonite|Dragonite, M|100/100
|turn|17
|
|t:|1779849948
|move|p2a: Dragonite|Thunderbolt|p1a: Dondozo
|-supereffective|p1a: Dondozo
|-damage|p1a: Dondozo|0 fnt
|faint|p1a: Dondozo
|
|upkeep
|
|t:|1779849952
|switch|p1a: Slowking|Slowking-Galar, F|58/100
|turn|18
|
|t:|1779849973
|switch|p2a: Blastoise|Blastoise, M|100/100
|move|p1a: Slowking|Ice Beam|p2a: Blastoise
|-resisted|p2a: Blastoise
|-damage|p2a: Blastoise|89/100
|
|upkeep
|turn|19
|
|t:|1779849985
|move|p2a: Blastoise|Shell Smash|p2a: Blastoise
|-unboost|p2a: Blastoise|def|1
|-unboost|p2a: Blastoise|spd|1
|-boost|p2a: Blastoise|atk|2
|-boost|p2a: Blastoise|spa|2
|-boost|p2a: Blastoise|spe|2
|move|p1a: Slowking|Future Sight|p2a: Blastoise
|-start|p1a: Slowking|move: Future Sight
|
|upkeep
|turn|20
|
|t:|1779850001
|move|p2a: Blastoise|Dark Pulse|p1a: Slowking
|-supereffective|p1a: Slowking
|-damage|p1a: Slowking|0 fnt
|faint|p1a: Slowking
|
|upkeep
|
|t:|1779850012
|switch|p1a: Ting-Lu|Ting-Lu|100/100
|-ability|p1a: Ting-Lu|Vessel of Ruin
|turn|21
|
|t:|1779850032
|switch|p2a: Clefable|Clefable, M|57/100
|move|p1a: Ting-Lu|Earthquake|p2a: Clefable
|-damage|p2a: Clefable|13/100
|
|-end|p2a: Clefable|move: Future Sight
|-damage|p2a: Clefable|0 fnt
|faint|p2a: Clefable
|upkeep
|inactive|The Hamm has 120 seconds left.
|
|t:|1779850042
|switch|p2a: Weezing|Weezing, F|98/100
|-ability|p2a: Weezing|Neutralizing Gas
|turn|22
|
|t:|1779850051
|move|p2a: Weezing|Will-O-Wisp|p1a: Ting-Lu
|-status|p1a: Ting-Lu|brn
|move|p1a: Ting-Lu|Earthquake|p2a: Weezing
|-supereffective|p2a: Weezing
|-damage|p2a: Weezing|74/100
|
|-damage|p1a: Ting-Lu|94/100 brn|[from] brn
|upkeep
|turn|23
|inactive|The Hamm has 120 seconds left.
|
|t:|1779850072
|move|p2a: Weezing|Toxic Spikes|p1a: Ting-Lu
|-sidestart|p1: claudechamp|move: Toxic Spikes
|move|p1a: Ting-Lu|Rest|p1a: Ting-Lu
|-status|p1a: Ting-Lu|slp|[from] move: Rest
|-heal|p1a: Ting-Lu|100/100 slp|[silent]
|
|upkeep
|turn|24
|
|t:|1779850080
|move|p2a: Weezing|Toxic Spikes|p1a: Ting-Lu
|-sidestart|p1: claudechamp|move: Toxic Spikes
|cant|p1a: Ting-Lu|slp
|move|p1a: Ting-Lu|Sleep Talk|p1a: Ting-Lu
|move|p1a: Ting-Lu|Rest||[from] move: Sleep Talk|[still]
|-fail|p1a: Ting-Lu
|
|upkeep
|turn|25
|
|t:|1779850098
|move|p2a: Weezing|Gunk Shot|p1a: Ting-Lu
|-resisted|p1a: Ting-Lu
|-damage|p1a: Ting-Lu|89/100 slp
|cant|p1a: Ting-Lu|slp
|move|p1a: Ting-Lu|Sleep Talk|p1a: Ting-Lu
|move|p1a: Ting-Lu|Payback|p2a: Weezing|[from] move: Sleep Talk
|-damage|p2a: Weezing|48/100
|
|-heal|p1a: Ting-Lu|95/100 slp|[from] item: Leftovers
|upkeep
|turn|26
|
|t:|1779850104
|move|p2a: Weezing|Pain Split|p1a: Ting-Lu
|-sethp|p1a: Ting-Lu|64/100 slp|[from] move: Pain Split|[silent]
|-sethp|p2a: Weezing|98/100|[from] move: Pain Split
|-curestatus|p1a: Ting-Lu|slp|[msg]
|move|p1a: Ting-Lu|Payback|p2a: Weezing
|-crit|p2a: Weezing
|-damage|p2a: Weezing|63/100
|
|-heal|p1a: Ting-Lu|70/100|[from] item: Leftovers
|upkeep
|turn|27
|
|t:|1779850111
|move|p2a: Weezing|Will-O-Wisp|p1a: Ting-Lu
|-status|p1a: Ting-Lu|brn
|move|p1a: Ting-Lu|Earthquake|p2a: Weezing
|-supereffective|p2a: Weezing
|-damage|p2a: Weezing|37/100
|
|-heal|p1a: Ting-Lu|76/100 brn|[from] item: Leftovers
|-damage|p1a: Ting-Lu|70/100 brn|[from] brn
|upkeep
|turn|28
|
|t:|1779850122
|move|p2a: Weezing|Pain Split|p1a: Ting-Lu
|-sethp|p1a: Ting-Lu|47/100 brn|[from] move: Pain Split|[silent]
|-sethp|p2a: Weezing|72/100|[from] move: Pain Split
|move|p1a: Ting-Lu|Rest|p1a: Ting-Lu
|-status|p1a: Ting-Lu|slp|[from] move: Rest
|-heal|p1a: Ting-Lu|100/100 slp|[silent]
|
|upkeep
|turn|29
|
|t:|1779850127
|move|p2a: Weezing|Pain Split|p1a: Ting-Lu
|-sethp|p1a: Ting-Lu|74/100 slp|[from] move: Pain Split|[silent]
|-sethp|p2a: Weezing|100/100|[from] move: Pain Split
|cant|p1a: Ting-Lu|slp
|move|p1a: Ting-Lu|Sleep Talk|p1a: Ting-Lu
|move|p1a: Ting-Lu|Rest||[from] move: Sleep Talk|[still]
|-fail|p1a: Ting-Lu
|
|-heal|p1a: Ting-Lu|80/100 slp|[from] item: Leftovers
|upkeep
|turn|30
|
|t:|1779850141
|-end|p2a: Weezing|ability: Neutralizing Gas
|-ability|p1a: Ting-Lu|Vessel of Ruin
|switch|p2a: Dragonite|Dragonite, M|100/100
|cant|p1a: Ting-Lu|slp
|move|p1a: Ting-Lu|Sleep Talk|p1a: Ting-Lu
|move|p1a: Ting-Lu|Payback|p2a: Dragonite|[from] move: Sleep Talk
|-damage|p2a: Dragonite|89/100
|
|-heal|p1a: Ting-Lu|86/100 slp|[from] item: Leftovers
|upkeep
|turn|31
|
|t:|1779850149
|move|p2a: Dragonite|Air Slash|p1a: Ting-Lu|[miss]
|-miss|p2a: Dragonite|p1a: Ting-Lu
|-curestatus|p1a: Ting-Lu|slp|[msg]
|move|p1a: Ting-Lu|Payback|p2a: Dragonite
|-damage|p2a: Dragonite|42/100
|
|-heal|p1a: Ting-Lu|92/100|[from] item: Leftovers
|upkeep
|turn|32
|
|t:|1779850158
|switch|p2a: Weezing|Weezing, F|100/100
|-ability|p2a: Weezing|Neutralizing Gas
|move|p1a: Ting-Lu|Payback|p2a: Weezing
|-damage|p2a: Weezing|88/100
|
|-heal|p1a: Ting-Lu|99/100|[from] item: Leftovers
|upkeep
|turn|33
|
|t:|1779850163
|switch|p1a: Cinderace|Cinderace, M|100/100
|move|p2a: Weezing|Will-O-Wisp|p1a: Cinderace
|-immune|p1a: Cinderace
|
|upkeep
|turn|34
|
|t:|1779850171
|move|p1a: Cinderace|Will-O-Wisp|p2a: Weezing|[miss]
|-miss|p1a: Cinderace|p2a: Weezing
|move|p2a: Weezing|Gunk Shot|p1a: Cinderace
|-damage|p1a: Cinderace|52/100
|
|upkeep
|turn|35
|
|t:|1779850185
|switch|p1a: Corviknight|Corviknight, F|86/100
|-end|p2a: Weezing|ability: Neutralizing Gas
|-ability|p1a: Corviknight|Pressure
|switch|p2a: Blastoise|Blastoise, M|89/100
|
|upkeep
|turn|36
|
|t:|1779850203
|switch|p2a: Weezing|Weezing, F|88/100
|-ability|p2a: Weezing|Neutralizing Gas
|move|p1a: Corviknight|Brave Bird|p2a: Weezing
|-damage|p2a: Weezing|63/100
|-damage|p1a: Corviknight|79/100|[from] Recoil
|
|upkeep
|turn|37
|
|t:|1779850213
|move|p1a: Corviknight|U-turn|p2a: Weezing
|-resisted|p2a: Weezing
|-damage|p2a: Weezing|59/100
|
|t:|1779850218
|switch|p1a: Ting-Lu|Ting-Lu|99/100|[from] U-turn
|-status|p1a: Ting-Lu|tox
|move|p2a: Weezing|Pain Split|p1a: Ting-Lu
|-sethp|p1a: Ting-Lu|68/100 tox|[from] move: Pain Split|[silent]
|-sethp|p2a: Weezing|100/100|[from] move: Pain Split
|
|-heal|p1a: Ting-Lu|75/100 tox|[from] item: Leftovers
|-damage|p1a: Ting-Lu|68/100 tox|[from] psn
|upkeep
|turn|38
|
|t:|1779850225
|-end|p2a: Weezing|ability: Neutralizing Gas
|-ability|p1a: Ting-Lu|Vessel of Ruin
|switch|p2a: Dragonite|Dragonite, M|42/100
|move|p1a: Ting-Lu|Rest|p1a: Ting-Lu
|-status|p1a: Ting-Lu|slp|[from] move: Rest
|-heal|p1a: Ting-Lu|100/100 slp|[silent]
|
|upkeep
|turn|39
|
|t:|1779850232
|move|p2a: Dragonite|Draco Meteor|p1a: Ting-Lu|[miss]
|-miss|p2a: Dragonite|p1a: Ting-Lu
|cant|p1a: Ting-Lu|slp
|move|p1a: Ting-Lu|Sleep Talk|p1a: Ting-Lu
|move|p1a: Ting-Lu|Earthquake|p2a: Dragonite|[from] move: Sleep Talk
|-immune|p2a: Dragonite
|
|upkeep
|turn|40
|
|t:|1779850237
|move|p2a: Dragonite|Draco Meteor|p1a: Ting-Lu
|-damage|p1a: Ting-Lu|61/100 slp
|-unboost|p2a: Dragonite|spa|2
|cant|p1a: Ting-Lu|slp
|move|p1a: Ting-Lu|Sleep Talk|p1a: Ting-Lu
|move|p1a: Ting-Lu|Rest||[from] move: Sleep Talk|[still]
|-fail|p1a: Ting-Lu
|
|-heal|p1a: Ting-Lu|67/100 slp|[from] item: Leftovers
|upkeep
|turn|41
|
|t:|1779850250
|switch|p2a: Blastoise|Blastoise, M|89/100
|-curestatus|p1a: Ting-Lu|slp|[msg]
|move|p1a: Ting-Lu|Payback|p2a: Blastoise
|-damage|p2a: Blastoise|67/100
|
|-heal|p1a: Ting-Lu|74/100|[from] item: Leftovers
|upkeep
|turn|42
|
|t:|1779850260
|move|p2a: Blastoise|Shell Smash|p2a: Blastoise
|-unboost|p2a: Blastoise|def|1
|-unboost|p2a: Blastoise|spd|1
|-boost|p2a: Blastoise|atk|2
|-boost|p2a: Blastoise|spa|2
|-boost|p2a: Blastoise|spe|2
|move|p1a: Ting-Lu|Earthquake|p2a: Blastoise
|-damage|p2a: Blastoise|0 fnt
|faint|p2a: Blastoise
|
|-heal|p1a: Ting-Lu|80/100|[from] item: Leftovers
|upkeep
|
|t:|1779850266
|switch|p2a: Dragonite|Dragonite, M|42/100
|turn|43
|
|t:|1779850277
|move|p2a: Dragonite|Air Slash|p1a: Ting-Lu
|-damage|p1a: Ting-Lu|59/100
|move|p1a: Ting-Lu|Payback|p2a: Dragonite
|-damage|p2a: Dragonite|0 fnt
|faint|p2a: Dragonite
|
|-heal|p1a: Ting-Lu|65/100|[from] item: Leftovers
|upkeep
|-message|The Hamm forfeited.
|
|win|claudechamp
|raw|claudechamp's rating: 1194 &rarr; <strong>1215</strong><br />(+21 for winning)
|raw|The Hamm's rating: 1144 &rarr; <strong>1123</strong><br />(-21 for losing)
|c|☆claudechamp|gg
|l|☆The Hamm
|player|p2|
