|j|☆chuckthebuck
|j|☆Cdopara
|t:|1779841935
|gametype|singles
|player|p1|chuckthebuck|101|1068
|player|p2|Cdopara|169|1130
|gen|9
|tier|[Gen 9] OU
|rated|
|rule|HP Percentage Mod: HP is shown in percentages
|rule|Endless Battle Clause: Forcing endless battles is banned
|rule|Species Clause: Limit one of each Pokémon
|rule|OHKO Clause: OHKO moves are banned
|rule|Evasion Items Clause: Evasion items are banned
|rule|Evasion Moves Clause: Evasion moves are banned
|rule|Evasion Abilities Clause: Evasion abilities are banned
|rule|Sleep Moves Clause: Sleep-inducing moves are banned
|clearpoke
|poke|p1|Kingambit, M|
|poke|p1|Gholdengo|
|poke|p1|Great Tusk|
|poke|p1|Iron Valiant|
|poke|p1|Ting-Lu|
|poke|p1|Dragapult, M|
|poke|p2|Minior-Indigo|
|poke|p2|Incineroar, M|
|poke|p2|Ninetales-Alola, F|
|poke|p2|Spidops, F|
|poke|p2|Cloyster, M|
|poke|p2|Murkrow, M|
|teampreview
|inactive|Battle timer is ON: inactive players will automatically lose when time's up. (requested by chuckthebuck)
|
|t:|1779841954
|teamsize|p1|6
|teamsize|p2|6
|start
|switch|p1a: Great Tusk|Great Tusk|100/100
|switch|p2a: Spidops|Spidops, F|100/100
|turn|1
|
|t:|1779841971
|move|p1a: Great Tusk|Ice Spinner|p2a: Spidops
|-damage|p2a: Spidops|74/100
|move|p2a: Spidops|U-turn|p1a: Great Tusk
|-resisted|p1a: Great Tusk
|-damage|p1a: Great Tusk|96/100
|
|t:|1779841980
|switch|p2a: Minior|Minior-Indigo|100/100|[from] U-turn
|-formechange|p2a: Minior|Minior-Meteor||[from] ability: Shields Down
|
|-heal|p1a: Great Tusk|100/100|[from] item: Leftovers
|upkeep
|turn|2
|
|t:|1779841990
|move|p2a: Minior|Shell Smash|p2a: Minior
|-unboost|p2a: Minior|def|1
|-unboost|p2a: Minior|spd|1
|-boost|p2a: Minior|atk|2
|-boost|p2a: Minior|spa|2
|-boost|p2a: Minior|spe|2
|-enditem|p2a: Minior|White Herb
|-clearnegativeboost|p2a: Minior|[silent]
|move|p1a: Great Tusk|Ice Spinner|p2a: Minior
|-supereffective|p2a: Minior
|-damage|p2a: Minior|30/100
|
|-formechange|p2a: Minior|Minior-Indigo||[from] ability: Shields Down
|upkeep
|turn|3
|
|t:|1779842004
|move|p2a: Minior|Acrobatics|p1a: Great Tusk
|-supereffective|p1a: Great Tusk
|-damage|p1a: Great Tusk|4/100
|move|p1a: Great Tusk|Ice Spinner|p2a: Minior
|-supereffective|p2a: Minior
|-damage|p2a: Minior|0 fnt
|faint|p2a: Minior
|
|-heal|p1a: Great Tusk|10/100|[from] item: Leftovers
|upkeep
|
|t:|1779842008
|switch|p2a: Incineroar|Incineroar, M|100/100
|-ability|p2a: Incineroar|Intimidate|boost
|-unboost|p1a: Great Tusk|atk|1
|turn|4
|
|t:|1779842027
|-end|p1a: Great Tusk|Protosynthesis|[silent]
|switch|p1a: Ting-Lu|Ting-Lu|100/100
|-ability|p1a: Ting-Lu|Vessel of Ruin
|move|p2a: Incineroar|Fake Out|p1a: Ting-Lu
|-damage|p1a: Ting-Lu|94/100
|
|upkeep
|turn|5
|
|t:|1779842039
|move|p2a: Incineroar|Parting Shot|p1a: Ting-Lu
|-unboost|p1a: Ting-Lu|atk|1
|-unboost|p1a: Ting-Lu|spa|1
|
|t:|1779842043
|switch|p2a: Murkrow|Murkrow, M|100/100|[from] Parting Shot
|move|p1a: Ting-Lu|Spikes|p2a: Murkrow
|-sidestart|p2: Cdopara|Spikes
|
|upkeep
|turn|6
|
|t:|1779842052
|switch|p1a: Gholdengo|Gholdengo|100/100
|move|p2a: Murkrow|Tailwind|p2a: Murkrow
|-sidestart|p2: Cdopara|move: Tailwind
|
|upkeep
|turn|7
|
|t:|1779842064
|move|p1a: Gholdengo|Thunderbolt|p2a: Murkrow
|-supereffective|p2a: Murkrow
|-damage|p2a: Murkrow|14/100
|move|p2a: Murkrow|Whirlwind|p1a: Gholdengo
|-immune|p1a: Gholdengo|[from] ability: Good as Gold
|
|upkeep
|turn|8
|-message|Cdopara forfeited.
|
|win|chuckthebuck
|raw|chuckthebuck's rating: 1068 &rarr; <strong>1103</strong><br />(+35 for winning)
|raw|Cdopara's rating: 1130 &rarr; <strong>1101</strong><br />(-29 for losing)
|l|☆Cdopara
|player|p2|
|l|☆chuckthebuck
|player|p1|
