|j|☆psygoat12
|j|☆zabbaman
|t:|1779950999
|gametype|singles
|player|p1|psygoat12|chuck|1439
|player|p2|zabbaman|1|1366
|gen|9
|tier|[Gen 9] OU
|rated|
|rule|HP Percentage Mod: HP is shown in percentages
|rule|Endless Battle Clause: Forcing endless battles is banned
|rule|Species Clause: Limit one of each Pokémon
|rule|OHKO Clause: OHKO moves are banned
|rule|Evasion Items Clause: Evasion items are banned
|rule|Evasion Moves Clause: Evasion moves are banned
|rule|Evasion Abilities Clause: Evasion abilities are banned
|rule|Sleep Moves Clause: Sleep-inducing moves are banned
|clearpoke
|poke|p1|Pelipper, F|
|poke|p1|Iron Treads|
|poke|p1|Zapdos|
|poke|p1|Kingdra, M|
|poke|p1|Kingambit, M|
|poke|p1|Hariyama, F|
|poke|p2|Regice|
|poke|p2|Ninetales-Alola, F|
|poke|p2|Dragonite, M|
|poke|p2|Tyranitar, M|
|poke|p2|Thundurus-Therian, M|
|poke|p2|Cinderace, M|
|teampreview
|inactive|Battle timer is ON: inactive players will automatically lose when time's up. (requested by zabbaman)
|
|t:|1779951025
|teamsize|p1|6
|teamsize|p2|6
|start
|switch|p1a: Hariyama|Hariyama, F|100/100
|switch|p2a: Regice|Regice, shiny|100/100
|turn|1
|
|t:|1779951037
|switch|p2a: Ninetales|Ninetales-Alola, F|100/100
|-weather|Snowscape|[from] ability: Snow Warning|[of] p2a: Ninetales
|move|p1a: Hariyama|Drain Punch|p2a: Ninetales
|-damage|p2a: Ninetales|75/100
|
|-weather|Snowscape|[upkeep]
|upkeep
|turn|2
|
|t:|1779951043
|move|p2a: Ninetales|Aurora Veil|p2a: Ninetales
|-sidestart|p2: zabbaman|move: Aurora Veil
|move|p1a: Hariyama|Knock Off|p2a: Ninetales
|-resisted|p2a: Ninetales
|-damage|p2a: Ninetales|70/100
|-enditem|p2a: Ninetales|Icy Rock|[from] move: Knock Off|[of] p1a: Hariyama
|
|-weather|Snowscape|[upkeep]
|upkeep
|turn|3
|
|t:|1779951057
|move|p1a: Hariyama|Bullet Punch|p2a: Ninetales
|-supereffective|p2a: Ninetales
|-damage|p2a: Ninetales|51/100
|move|p2a: Ninetales|Moonblast|p1a: Hariyama
|-supereffective|p1a: Hariyama
|-damage|p1a: Hariyama|72/100
|-unboost|p1a: Hariyama|spa|1
|
|-weather|Snowscape|[upkeep]
|upkeep
|turn|4
|
|t:|1779951074
|switch|p2a: Thundurus|Thundurus-Therian, M|100/100
|move|p1a: Hariyama|Knock Off|p2a: Thundurus
|-damage|p2a: Thundurus|80/100
|-enditem|p2a: Thundurus|Heavy-Duty Boots|[from] move: Knock Off|[of] p1a: Hariyama
|
|-weather|Snowscape|[upkeep]
|upkeep
|turn|5
|
|t:|1779951081
|move|p2a: Thundurus|Nasty Plot|p2a: Thundurus
|-boost|p2a: Thundurus|spa|2
|move|p1a: Hariyama|Ice Punch|p2a: Thundurus
|-supereffective|p2a: Thundurus
|-damage|p2a: Thundurus|48/100
|
|-weather|Snowscape|[upkeep]
|upkeep
|turn|6
|
|t:|1779951106
|move|p2a: Thundurus|Weather Ball|p1a: Hariyama
|-damage|p1a: Hariyama|53/100
|move|p1a: Hariyama|Ice Punch|p2a: Thundurus
|-supereffective|p2a: Thundurus
|-damage|p2a: Thundurus|16/100
|
|-weather|Snowscape|[upkeep]
|-sideend|p2: zabbaman|move: Aurora Veil
|upkeep
|turn|7
|
|t:|1779951115
|switch|p2a: Dragonite|Dragonite, M, shiny|100/100
|move|p1a: Hariyama|Knock Off|p2a: Dragonite
|-damage|p2a: Dragonite|86/100
|-enditem|p2a: Dragonite|Loaded Dice|[from] move: Knock Off|[of] p1a: Hariyama
|
|-weather|Snowscape|[upkeep]
|upkeep
|turn|8
|
|t:|1779951120
|move|p2a: Dragonite|Scale Shot|p1a: Hariyama
|-damage|p1a: Hariyama|36/100
|-damage|p1a: Hariyama|20/100
|-damage|p1a: Hariyama|4/100
|-damage|p1a: Hariyama|0 fnt
|faint|p1a: Hariyama
|-hitcount|p1: Hariyama|4
|-unboost|p2a: Dragonite|def|1
|-boost|p2a: Dragonite|spe|1
|
|-weather|none
|upkeep
|
|t:|1779951130
|switch|p1a: Pelipper|Pelipper, F|100/100
|-weather|RainDance|[from] ability: Drizzle|[of] p1a: Pelipper
|turn|9
|
|t:|1779951137
|move|p2a: Dragonite|Scale Shot|p1a: Pelipper|[miss]
|-miss|p2a: Dragonite|p1a: Pelipper
|move|p1a: Pelipper|U-turn|p2a: Dragonite
|-resisted|p2a: Dragonite
|-damage|p2a: Dragonite|80/100
|
|t:|1779951139
|switch|p1a: Kingdra|Kingdra, M|100/100|[from] U-turn
|
|-weather|RainDance|[upkeep]
|upkeep
|turn|10
|
|t:|1779951143
|switch|p2a: Ninetales|Ninetales-Alola, F|51/100
|-weather|Snowscape|[from] ability: Snow Warning|[of] p2a: Ninetales
|move|p1a: Kingdra|Draco Meteor|p2a: Ninetales
|-immune|p2a: Ninetales
|
|-weather|Snowscape|[upkeep]
|upkeep
|turn|11
|
|t:|1779951149
|switch|p1a: Iron Treads|Iron Treads|100/100
|-enditem|p1a: Iron Treads|Booster Energy
|-activate|p1a: Iron Treads|ability: Quark Drive|[fromitem]
|-start|p1a: Iron Treads|quarkdrivespe
|move|p2a: Ninetales|Aurora Veil|p2a: Ninetales
|-sidestart|p2: zabbaman|move: Aurora Veil
|
|-weather|Snowscape|[upkeep]
|upkeep
|turn|12
|
|t:|1779951157
|switch|p2a: Regice|Regice, shiny|100/100
|move|p1a: Iron Treads|Stealth Rock|p2a: Regice
|-sidestart|p2: zabbaman|move: Stealth Rock
|
|-weather|Snowscape|[upkeep]
|upkeep
|turn|13
|
|t:|1779951184
|move|p1a: Iron Treads|Volt Switch|p2a: Regice
|-damage|p2a: Regice|98/100
|inactive|psygoat12 has 120 seconds left.
|
|t:|1779951202
|-end|p1a: Iron Treads|Quark Drive|[silent]
|switch|p1a: Pelipper|Pelipper, F|100/100|[from] Volt Switch
|-weather|RainDance|[from] ability: Drizzle|[of] p1a: Pelipper
|move|p2a: Regice|Blizzard|p1a: Pelipper
|-damage|p1a: Pelipper|4/100
|-damage|p2a: Regice|88/100|[from] item: Life Orb
|
|-weather|RainDance|[upkeep]
|upkeep
|turn|14
|inactive|psygoat12 has 120 seconds left.
|
|t:|1779951219
|switch|p1a: Kingambit|Kingambit, M|100/100
|-activate|p1a: Kingambit|ability: Supreme Overlord
|-start|p1a: Kingambit|fallen1|[silent]
|move|p2a: Regice|Thunderbolt|p1a: Kingambit
|-damage|p1a: Kingambit|64/100
|-damage|p2a: Regice|78/100|[from] item: Life Orb
|
|-weather|RainDance|[upkeep]
|-heal|p1a: Kingambit|70/100|[from] item: Leftovers
|upkeep
|turn|15
|
|t:|1779951224
|move|p1a: Kingambit|Swords Dance|p1a: Kingambit
|-boost|p1a: Kingambit|atk|2
|move|p2a: Regice|Focus Blast|p1a: Kingambit
|-supereffective|p1a: Kingambit
|-damage|p1a: Kingambit|0 fnt
|faint|p1a: Kingambit
|-end|p1a: Kingambit|fallen1|[silent]
|-damage|p2a: Regice|68/100|[from] item: Life Orb
|
|-weather|RainDance|[upkeep]
|-sideend|p2: zabbaman|move: Aurora Veil
|upkeep
|inactive|psygoat12 has 120 seconds left.
|
|t:|1779951243
|switch|p1a: Kingdra|Kingdra, M|100/100
|turn|16
|
|t:|1779951250
|switch|p2a: Ninetales|Ninetales-Alola, F|51/100
|-damage|p2a: Ninetales|26/100|[from] Stealth Rock
|-weather|Snowscape|[from] ability: Snow Warning|[of] p2a: Ninetales
|move|p1a: Kingdra|Flip Turn|p2a: Ninetales
|-damage|p2a: Ninetales|10/100
|
|t:|1779951254
|switch|p1a: Pelipper|Pelipper, F|4/100|[from] Flip Turn
|-weather|RainDance|[from] ability: Drizzle|[of] p1a: Pelipper
|
|-weather|RainDance|[upkeep]
|upkeep
|turn|17
|
|t:|1779951263
|switch|p1a: Iron Treads|Iron Treads|100/100
|move|p2a: Ninetales|Moonblast|p1a: Iron Treads
|-resisted|p1a: Iron Treads
|-damage|p1a: Iron Treads|85/100
|
|-weather|RainDance|[upkeep]
|upkeep
|turn|18
|
|t:|1779951277
|switch|p2a: Thundurus|Thundurus-Therian, M|16/100
|-damage|p2a: Thundurus|0 fnt|[from] Stealth Rock
|faint|p2a: Thundurus
|move|p1a: Iron Treads|Rapid Spin|p2: Thundurus|[notarget]
|-fail|p1a: Iron Treads
|
|-weather|RainDance|[upkeep]
|upkeep
|
|t:|1779951278
|switch|p2a: Cinderace|Cinderace, M|100/100
|turn|19
|
|t:|1779951297
|move|p2a: Cinderace|Will-O-Wisp|p1a: Iron Treads
|-status|p1a: Iron Treads|brn
|move|p1a: Iron Treads|Rapid Spin|p2a: Cinderace
|-damage|p2a: Cinderace|92/100
|-boost|p1a: Iron Treads|spe|1
|
|-weather|RainDance|[upkeep]
|-damage|p1a: Iron Treads|79/100 brn|[from] brn
|upkeep
|turn|20
|
|t:|1779951306
|move|p1a: Iron Treads|Earthquake|p2a: Cinderace
|-supereffective|p2a: Cinderace
|-damage|p2a: Cinderace|34/100
|move|p2a: Cinderace|Court Change|p2a: Cinderace
|-swapsideconditions
|-activate|p2a: Cinderace|move: Court Change
|
|-weather|RainDance|[upkeep]
|-damage|p1a: Iron Treads|73/100 brn|[from] brn
|upkeep
|turn|21
|
|t:|1779951312
|-terastallize|p2a: Cinderace|Ghost
|move|p1a: Iron Treads|Rapid Spin|p2a: Cinderace
|-immune|p2a: Cinderace
|move|p2a: Cinderace|Pyro Ball|p1a: Iron Treads
|-supereffective|p1a: Iron Treads
|-damage|p1a: Iron Treads|7/100 brn
|
|-weather|RainDance|[upkeep]
|-damage|p1a: Iron Treads|1/100 brn|[from] brn
|upkeep
|turn|22
|
|t:|1779951319
|move|p1a: Iron Treads|Stealth Rock|p2a: Cinderace
|-sidestart|p2: zabbaman|move: Stealth Rock
|move|p2a: Cinderace|U-turn|p1a: Iron Treads
|-resisted|p1a: Iron Treads
|-damage|p1a: Iron Treads|0 fnt
|faint|p1a: Iron Treads
|-end|p1a: Iron Treads|Quark Drive|[silent]
|
|t:|1779951330
|switch|p2a: Ninetales|Ninetales-Alola, F|10/100|[from] U-turn
|-damage|p2a: Ninetales|0 fnt|[from] Stealth Rock
|faint|p2a: Ninetales
|
|-weather|RainDance|[upkeep]
|upkeep
|
|t:|1779951348
|switch|p2a: Dragonite|Dragonite, M, shiny|80/100
|switch|p1a: Kingdra|Kingdra, M|100/100
|-damage|p1a: Kingdra|88/100|[from] Stealth Rock
|-damage|p2a: Dragonite|55/100|[from] Stealth Rock
|turn|23
|
|t:|1779951356
|move|p2a: Dragonite|Extreme Speed|p1a: Kingdra
|-damage|p1a: Kingdra|48/100
|move|p1a: Kingdra|Draco Meteor|p2a: Dragonite|[miss]
|-miss|p1a: Kingdra|p2a: Dragonite
|
|-weather|none
|upkeep
|turn|24
|
|t:|1779951366
|-terastallize|p1a: Kingdra|Ghost
|move|p1a: Kingdra|Draco Meteor|p2a: Dragonite
|-supereffective|p2a: Dragonite
|-damage|p2a: Dragonite|0 fnt
|-unboost|p1a: Kingdra|spa|2
|faint|p2a: Dragonite
|
|upkeep
|
|t:|1779951380
|switch|p2a: Regice|Regice, shiny|68/100
|-damage|p2a: Regice|43/100|[from] Stealth Rock
|turn|25
|
|t:|1779951387
|move|p1a: Kingdra|Draco Meteor|p2a: Regice
|-damage|p2a: Regice|21/100
|-unboost|p1a: Kingdra|spa|2
|move|p2a: Regice|Thunderbolt|p1a: Kingdra
|-damage|p1a: Kingdra|0 fnt
|faint|p1a: Kingdra
|-damage|p2a: Regice|11/100|[from] item: Life Orb
|
|upkeep
|
|t:|1779951392
|switch|p1a: Zapdos|Zapdos|100/100
|-damage|p1a: Zapdos|76/100|[from] Stealth Rock
|turn|26
|
|t:|1779951406
|move|p1a: Zapdos|Thunder|p2a: Regice
|-damage|p2a: Regice|0 fnt
|faint|p2a: Regice
|
|upkeep
|
|t:|1779951408
|switch|p2a: Tyranitar|Tyranitar, M|100/100
|-ability|p2a: Tyranitar|Unnerve
|-damage|p2a: Tyranitar|88/100|[from] Stealth Rock
|turn|27
|
|t:|1779951411
|move|p1a: Zapdos|Thunder|p2a: Tyranitar|[miss]
|-miss|p1a: Zapdos|p2a: Tyranitar
|move|p2a: Tyranitar|Stone Edge|p1a: Zapdos
|-supereffective|p1a: Zapdos
|-damage|p1a: Zapdos|0 fnt
|faint|p1a: Zapdos
|
|upkeep
|-message|psygoat12 forfeited.
|
|win|zabbaman
|raw|psygoat12's rating: 1439 &rarr; <strong>1415</strong><br />(-24 for losing)
|raw|zabbaman's rating: 1366 &rarr; <strong>1390</strong><br />(+24 for winning)
|l|☆psygoat12
|player|p1|
|c|☆zabbaman|gg
|l|☆zabbaman
|player|p2|
