|j|☆zamrod0303
|j|☆RainyDream sky
|t:|1779895786
|gametype|singles
|player|p1|zamrod0303|swimmerf|1476
|player|p2|RainyDream sky|dawn|1512
|gen|9
|tier|[Gen 9] OU
|rated|
|rule|HP Percentage Mod: HP is shown in percentages
|rule|Endless Battle Clause: Forcing endless battles is banned
|rule|Species Clause: Limit one of each Pokémon
|rule|OHKO Clause: OHKO moves are banned
|rule|Evasion Items Clause: Evasion items are banned
|rule|Evasion Moves Clause: Evasion moves are banned
|rule|Evasion Abilities Clause: Evasion abilities are banned
|rule|Sleep Moves Clause: Sleep-inducing moves are banned
|clearpoke
|poke|p1|Slowking-Galar, F|
|poke|p1|Rillaboom, F|
|poke|p1|Great Tusk|
|poke|p1|Clefable, M|
|poke|p1|Hydreigon, F|
|poke|p1|Gholdengo|
|poke|p2|Pelipper, F|
|poke|p2|Sandy Shocks|
|poke|p2|Basculegion, M|
|poke|p2|Hatterene, F|
|poke|p2|Ogerpon-Wellspring, F|
|poke|p2|Tornadus-Therian, M|
|teampreview
|inactive|Battle timer is ON: inactive players will automatically lose when time's up. (requested by zamrod0303)
|j| mediomes
|
|t:|1779895794
|teamsize|p1|6
|teamsize|p2|6
|start
|switch|p1a: Rillaboom|Rillaboom, F|100/100
|switch|p2a: Sandy Shocks|Sandy Shocks|100/100
|-fieldstart|move: Grassy Terrain|[from] ability: Grassy Surge|[of] p1a: Rillaboom
|-enditem|p2a: Sandy Shocks|Booster Energy
|-activate|p2a: Sandy Shocks|ability: Protosynthesis|[fromitem]
|-start|p2a: Sandy Shocks|protosynthesisspe
|turn|1
|
|t:|1779895802
|-end|p2a: Sandy Shocks|Protosynthesis|[silent]
|switch|p2a: Tornadus|Tornadus-Therian, M|100/100
|-terastallize|p1a: Rillaboom|Grass
|move|p1a: Rillaboom|Grassy Glide|p2a: Tornadus
|-resisted|p2a: Tornadus
|-damage|p2a: Tornadus|45/100
|
|upkeep
|turn|2
|
|t:|1779895814
|switch|p2a: Pelipper|Pelipper, F|100/100
|-weather|RainDance|[from] ability: Drizzle|[of] p2a: Pelipper
|move|p1a: Rillaboom|Grassy Glide|p2a: Pelipper
|-damage|p2a: Pelipper|16/100
|
|-weather|RainDance|[upkeep]
|upkeep
|turn|3
|c| mediomes|zzzzzuuuup
|
|t:|1779895820
|switch|p2a: Hatterene|Hatterene, F|100/100
|move|p1a: Rillaboom|Grassy Glide|p2a: Hatterene
|-damage|p2a: Hatterene|34/100
|-enditem|p2a: Hatterene|Eject Button
|
|t:|1779895823
|switch|p2a: Tornadus|Tornadus-Therian, M|78/100
|
|-weather|RainDance|[upkeep]
|upkeep
|turn|4
|
|t:|1779895828
|switch|p1a: Slowking|Slowking-Galar, F|100/100
|move|p2a: Tornadus|Nasty Plot|p2a: Tornadus
|-boost|p2a: Tornadus|spa|2
|
|-weather|RainDance|[upkeep]
|upkeep
|turn|5
|
|t:|1779895836
|move|p2a: Tornadus|Hurricane|p1a: Slowking
|-damage|p1a: Slowking|33/100
|-start|p1a: Slowking|confusion
|-damage|p2a: Tornadus|68/100|[from] item: Life Orb
|-activate|p1a: Slowking|confusion
|move|p1a: Slowking|Sludge Bomb|p2a: Tornadus
|-damage|p2a: Tornadus|11/100
|
|-weather|RainDance|[upkeep]
|-heal|p1a: Slowking|39/100|[from] Grassy Terrain
|-fieldend|move: Grassy Terrain
|upkeep
|turn|6
|
|t:|1779895854
|move|p2a: Tornadus|Weather Ball|p1a: Slowking
|-damage|p1a: Slowking|0 fnt
|faint|p1a: Slowking
|-damage|p2a: Tornadus|2/100|[from] item: Life Orb
|
|-weather|RainDance|[upkeep]
|upkeep
|
|t:|1779895860
|switch|p1a: Rillaboom|Rillaboom, F, tera:Grass|100/100
|-fieldstart|move: Grassy Terrain|[from] ability: Grassy Surge|[of] p1a: Rillaboom
|turn|7
|
|t:|1779895868
|switch|p2a: Hatterene|Hatterene, F|34/100
|move|p1a: Rillaboom|Grassy Glide|p2a: Hatterene
|-damage|p2a: Hatterene|0 fnt
|faint|p2a: Hatterene
|
|-weather|RainDance|[upkeep]
|upkeep
|
|t:|1779895872
|switch|p2a: Tornadus|Tornadus-Therian, M|35/100
|turn|8
|
|t:|1779895881
|switch|p2a: Sandy Shocks|Sandy Shocks|100/100
|move|p1a: Rillaboom|Grassy Glide|p2a: Sandy Shocks
|-supereffective|p2a: Sandy Shocks
|-damage|p2a: Sandy Shocks|0 fnt
|faint|p2a: Sandy Shocks
|-end|p2a: Sandy Shocks|Protosynthesis|[silent]
|
|-weather|RainDance|[upkeep]
|upkeep
|c|☆zamrod0303|L team
|
|t:|1779895886
|switch|p2a: Tornadus|Tornadus-Therian, M|68/100
|turn|9
|
|t:|1779895891
|switch|p1a: Gholdengo|Gholdengo|100/100
|move|p2a: Tornadus|Hurricane|p1a: Gholdengo
|-resisted|p1a: Gholdengo
|-damage|p1a: Gholdengo|58/100
|-damage|p2a: Tornadus|58/100|[from] item: Life Orb
|
|-weather|none
|-heal|p1a: Gholdengo|64/100|[from] Grassy Terrain
|upkeep
|turn|10
|
|t:|1779895902
|switch|p2a: Pelipper|Pelipper, F|16/100
|-weather|RainDance|[from] ability: Drizzle|[of] p2a: Pelipper
|move|p1a: Gholdengo|Trick|p2a: Pelipper
|-activate|p1a: Gholdengo|move: Trick|[of] p2a: Pelipper
|-item|p2a: Pelipper|Choice Scarf|[from] move: Trick
|-item|p1a: Gholdengo|Damp Rock|[from] move: Trick
|
|-weather|RainDance|[upkeep]
|-heal|p1a: Gholdengo|70/100|[from] Grassy Terrain
|upkeep
|turn|11
|
|t:|1779895909
|move|p1a: Gholdengo|Trick|p2a: Pelipper
|-activate|p1a: Gholdengo|move: Trick|[of] p2a: Pelipper
|-item|p2a: Pelipper|Damp Rock|[from] move: Trick
|-item|p1a: Gholdengo|Choice Scarf|[from] move: Trick
|move|p2a: Pelipper|Roost|p2a: Pelipper
|-heal|p2a: Pelipper|66/100
|-singleturn|p2a: Pelipper|move: Roost
|
|-weather|RainDance|[upkeep]
|-heal|p1a: Gholdengo|76/100|[from] Grassy Terrain
|-heal|p2a: Pelipper|73/100|[from] Grassy Terrain
|-fieldend|move: Grassy Terrain
|upkeep
|turn|12
|
|t:|1779895918
|move|p1a: Gholdengo|Shadow Ball|p2a: Pelipper
|-damage|p2a: Pelipper|29/100
|move|p2a: Pelipper|U-turn|p1a: Gholdengo
|-resisted|p1a: Gholdengo
|-damage|p1a: Gholdengo|74/100
|
|t:|1779895934
|switch|p2a: Basculegion|Basculegion, M|100/100|[from] U-turn
|
|-weather|RainDance|[upkeep]
|upkeep
|turn|13
|
|t:|1779895938
|switch|p1a: Hydreigon|Hydreigon, F|100/100
|move|p2a: Basculegion|Wave Crash|p1a: Hydreigon
|-resisted|p1a: Hydreigon
|-damage|p1a: Hydreigon|30/100
|-damage|p2a: Basculegion|81/100|[from] Recoil
|
|-weather|RainDance|[upkeep]
|upkeep
|turn|14
|
|t:|1779895946
|move|p2a: Basculegion|Wave Crash|p1a: Hydreigon
|-resisted|p1a: Hydreigon
|-damage|p1a: Hydreigon|0 fnt
|faint|p1a: Hydreigon
|-damage|p2a: Basculegion|72/100|[from] Recoil
|
|-weather|RainDance|[upkeep]
|upkeep
|
|t:|1779895949
|switch|p1a: Rillaboom|Rillaboom, F, tera:Grass|100/100
|-fieldstart|move: Grassy Terrain|[from] ability: Grassy Surge|[of] p1a: Rillaboom
|turn|15
|
|t:|1779895966
|switch|p2a: Ogerpon|Ogerpon-Wellspring, F|100/100
|move|p1a: Rillaboom|Grassy Glide|p2a: Ogerpon
|-damage|p2a: Ogerpon|0 fnt
|faint|p2a: Ogerpon
|
|-weather|RainDance|[upkeep]
|upkeep
|
|t:|1779895973
|switch|p2a: Tornadus|Tornadus-Therian, M|91/100
|turn|16
|
|t:|1779895978
|switch|p2a: Basculegion|Basculegion, M|72/100
|switch|p1a: Gholdengo|Gholdengo|74/100
|
|-weather|RainDance|[upkeep]
|-heal|p2a: Basculegion|78/100|[from] Grassy Terrain
|-heal|p1a: Gholdengo|80/100|[from] Grassy Terrain
|upkeep
|turn|17
|
|t:|1779895983
|switch|p1a: Clefable|Clefable, M|100/100
|move|p2a: Basculegion|Wave Crash|p1a: Clefable
|-damage|p1a: Clefable|0 fnt
|faint|p1a: Clefable
|-damage|p2a: Basculegion|44/100|[from] Recoil
|
|-weather|none
|-heal|p2a: Basculegion|50/100|[from] Grassy Terrain
|upkeep
|
|t:|1779895989
|switch|p1a: Gholdengo|Gholdengo|80/100
|turn|18
|
|t:|1779895993
|switch|p2a: Pelipper|Pelipper, F|29/100
|-weather|RainDance|[from] ability: Drizzle|[of] p2a: Pelipper
|move|p1a: Gholdengo|Shadow Ball|p2a: Pelipper
|-damage|p2a: Pelipper|0 fnt
|faint|p2a: Pelipper
|
|-weather|RainDance|[upkeep]
|-heal|p1a: Gholdengo|86/100|[from] Grassy Terrain
|upkeep
|
|t:|1779895998
|switch|p2a: Basculegion|Basculegion, M|50/100
|turn|19
|
|t:|1779896001
|move|p2a: Basculegion|Wave Crash|p1a: Gholdengo
|-damage|p1a: Gholdengo|0 fnt
|faint|p1a: Gholdengo
|-damage|p2a: Basculegion|27/100|[from] Recoil
|
|-weather|RainDance|[upkeep]
|-heal|p2a: Basculegion|33/100|[from] Grassy Terrain
|-fieldend|move: Grassy Terrain
|upkeep
|
|t:|1779896004
|switch|p1a: Rillaboom|Rillaboom, F, tera:Grass|100/100
|-fieldstart|move: Grassy Terrain|[from] ability: Grassy Surge|[of] p1a: Rillaboom
|turn|20
|
|t:|1779896006
|move|p1a: Rillaboom|Grassy Glide|p2a: Basculegion
|-supereffective|p2a: Basculegion
|-damage|p2a: Basculegion|0 fnt
|faint|p2a: Basculegion
|
|-weather|RainDance|[upkeep]
|upkeep
|
|t:|1779896008
|switch|p2a: Tornadus|Tornadus-Therian, M|100/100
|turn|21
|
|t:|1779896015
|move|p1a: Rillaboom|Grassy Glide|p2a: Tornadus
|-resisted|p2a: Tornadus
|-damage|p2a: Tornadus|41/100
|move|p2a: Tornadus|Hurricane|p1a: Rillaboom
|-supereffective|p1a: Rillaboom
|-damage|p1a: Rillaboom|0 fnt
|faint|p1a: Rillaboom
|-damage|p2a: Tornadus|31/100|[from] item: Life Orb
|
|-weather|RainDance|[upkeep]
|upkeep
|
|t:|1779896021
|switch|p1a: Great Tusk|Great Tusk|100/100
|turn|22
|
|t:|1779896023
|move|p2a: Tornadus|Hurricane|p1a: Great Tusk
|-supereffective|p1a: Great Tusk
|-damage|p1a: Great Tusk|0 fnt
|faint|p1a: Great Tusk
|-end|p1a: Great Tusk|Protosynthesis|[silent]
|-damage|p2a: Tornadus|21/100|[from] item: Life Orb
|
|win|RainyDream sky
|raw|zamrod0303's rating: 1476 &rarr; <strong>1458</strong><br />(-18 for losing)
|raw|RainyDream sky's rating: 1512 &rarr; <strong>1530</strong><br />(+18 for winning)
|l|☆zamrod0303
|player|p1|
|l|☆RainyDream sky
|player|p2|
