|j|☆noobhunterbd
|j|☆Caligoat
|t:|1779900940
|gametype|singles
|player|p1|noobhunterbd|102|1362
|player|p2|Caligoat|skyla|1440
|gen|9
|tier|[Gen 9] OU
|rated|
|rule|HP Percentage Mod: HP is shown in percentages
|rule|Endless Battle Clause: Forcing endless battles is banned
|rule|Species Clause: Limit one of each Pokémon
|rule|OHKO Clause: OHKO moves are banned
|rule|Evasion Items Clause: Evasion items are banned
|rule|Evasion Moves Clause: Evasion moves are banned
|rule|Evasion Abilities Clause: Evasion abilities are banned
|rule|Sleep Moves Clause: Sleep-inducing moves are banned
|clearpoke
|poke|p1|Kingambit, M|
|poke|p1|Iron Valiant|
|poke|p1|Kyurem|
|poke|p1|Iron Treads|
|poke|p1|Iron Crown|
|poke|p1|Maushold-Four|
|poke|p2|Primarina, M|
|poke|p2|Armarouge, M|
|poke|p2|Great Tusk|
|poke|p2|Zapdos-Galar|
|poke|p2|Sandshrew-Alola, F|
|poke|p2|Ogerpon-Wellspring, F|
|teampreview
|inactive|Battle timer is ON: inactive players will automatically lose when time's up. (requested by Caligoat)
|
|t:|1779900948
|teamsize|p1|6
|teamsize|p2|6
|start
|switch|p1a: Maushold|Maushold-Four|100/100
|switch|p2a: I’m just a girl|Primarina, M|100/100
|turn|1
|
|t:|1779900956
|move|p1a: Maushold|Bullet Seed|p2a: I’m just a girl
|-supereffective|p2a: I’m just a girl
|-damage|p2a: I’m just a girl|69/100
|-supereffective|p2a: I’m just a girl
|-damage|p2a: I’m just a girl|39/100
|-supereffective|p2a: I’m just a girl
|-damage|p2a: I’m just a girl|10/100
|-hitcount|p2a: I’m just a girl|3
|-damage|p1a: Maushold|91/100|[from] item: Life Orb
|move|p2a: I’m just a girl|Moonblast|p1a: Maushold
|-damage|p1a: Maushold|9/100
|
|upkeep
|turn|2
|
|t:|1779900969
|move|p1a: Maushold|Population Bomb|p2a: I’m just a girl
|-damage|p2a: I’m just a girl|0 fnt
|faint|p2a: I’m just a girl
|-hitcount|p2: I’m just a girl|1
|-damage|p1a: Maushold|0 fnt|[from] item: Life Orb
|faint|p1a: Maushold
|
|upkeep
|
|t:|1779900979
|switch|p1a: Iron Treads|Iron Treads|100/100
|switch|p2a: Ogergoat|Ogerpon-Wellspring, F|100/100
|-enditem|p1a: Iron Treads|Booster Energy
|-activate|p1a: Iron Treads|ability: Quark Drive|[fromitem]
|-start|p1a: Iron Treads|quarkdrivespe
|turn|3
|
|t:|1779900982
|move|p1a: Iron Treads|Stealth Rock|p2a: Ogergoat
|-sidestart|p2: Caligoat|move: Stealth Rock
|move|p2a: Ogergoat|Ivy Cudgel|p1a: Iron Treads|[anim] Ivy Cudgel Water
|-supereffective|p1a: Iron Treads
|-damage|p1a: Iron Treads|18/100
|
|upkeep
|turn|4
|
|t:|1779900987
|move|p1a: Iron Treads|Endeavor|p2a: Ogergoat
|-damage|p2a: Ogergoat|23/100
|move|p2a: Ogergoat|Ivy Cudgel|p1a: Iron Treads|[anim] Ivy Cudgel Water
|-supereffective|p1a: Iron Treads
|-damage|p1a: Iron Treads|0 fnt
|faint|p1a: Iron Treads
|-end|p1a: Iron Treads|Quark Drive|[silent]
|
|upkeep
|
|t:|1779900993
|switch|p1a: Kyurem|Kyurem|100/100
|-ability|p1a: Kyurem|Pressure
|turn|5
|
|t:|1779900997
|move|p2a: Ogergoat|Low Kick|p1a: Kyurem
|-supereffective|p1a: Kyurem
|-damage|p1a: Kyurem|17/100
|move|p1a: Kyurem|Scale Shot|p2a: Ogergoat
|-damage|p2a: Ogergoat|5/100
|-damage|p2a: Ogergoat|0 fnt
|faint|p2a: Ogergoat
|-hitcount|p2: Ogergoat|2
|-unboost|p1a: Kyurem|def|1
|-boost|p1a: Kyurem|spe|1
|
|upkeep
|
|t:|1779901001
|switch|p2a: Donphan but cooler|Great Tusk|100/100
|-damage|p2a: Donphan but cooler|98/100|[from] Stealth Rock
|-enditem|p2a: Donphan but cooler|Booster Energy
|-activate|p2a: Donphan but cooler|ability: Protosynthesis|[fromitem]
|-start|p2a: Donphan but cooler|protosynthesisatk
|turn|6
|
|t:|1779901004
|-terastallize|p2a: Donphan but cooler|Ice
|move|p1a: Kyurem|Icicle Spear|p2a: Donphan but cooler
|-resisted|p2a: Donphan but cooler
|-damage|p2a: Donphan but cooler|93/100
|-resisted|p2a: Donphan but cooler
|-damage|p2a: Donphan but cooler|89/100
|-resisted|p2a: Donphan but cooler
|-damage|p2a: Donphan but cooler|84/100
|-resisted|p2a: Donphan but cooler
|-damage|p2a: Donphan but cooler|79/100
|-hitcount|p2a: Donphan but cooler|4
|move|p2a: Donphan but cooler|Rapid Spin|p1a: Kyurem
|-damage|p1a: Kyurem|0 fnt
|-boost|p2a: Donphan but cooler|spe|1
|-sideend|p2: Caligoat|Stealth Rock|[from] move: Rapid Spin|[of] p2a: Donphan but cooler
|faint|p1a: Kyurem
|
|upkeep
|
|t:|1779901012
|switch|p1a: Iron Crown|Iron Crown|100/100
|-enditem|p1a: Iron Crown|Booster Energy
|-activate|p1a: Iron Crown|ability: Quark Drive|[fromitem]
|-start|p1a: Iron Crown|quarkdrivespe
|turn|7
|
|t:|1779901015
|-end|p2a: Donphan but cooler|Protosynthesis|[silent]
|switch|p2a: Mr nice guy|Armarouge, M|100/100
|move|p1a: Iron Crown|Tachyon Cutter|p2a: Mr nice guy
|-resisted|p2a: Mr nice guy
|-damage|p2a: Mr nice guy|85/100
|-resisted|p2a: Mr nice guy
|-damage|p2a: Mr nice guy|70/100
|-hitcount|p2a: Mr nice guy|2
|
|upkeep
|turn|8
|
|t:|1779901027
|move|p1a: Iron Crown|Psychic Noise|p2a: Mr nice guy
|-resisted|p2a: Mr nice guy
|-damage|p2a: Mr nice guy|46/100
|-start|p2a: Mr nice guy|move: Heal Block
|move|p2a: Mr nice guy|Armor Cannon|p1a: Iron Crown
|-supereffective|p1a: Iron Crown
|-damage|p1a: Iron Crown|0 fnt
|-unboost|p2a: Mr nice guy|def|1
|-unboost|p2a: Mr nice guy|spd|1
|faint|p1a: Iron Crown
|-end|p1a: Iron Crown|Quark Drive|[silent]
|
|upkeep
|
|t:|1779901036
|switch|p1a: Iron Valiant|Iron Valiant|100/100
|-enditem|p1a: Iron Valiant|Booster Energy
|-activate|p1a: Iron Valiant|ability: Quark Drive|[fromitem]
|-start|p1a: Iron Valiant|quarkdrivespe
|turn|9
|
|t:|1779901041
|move|p2a: Mr nice guy|Endure|p2a: Mr nice guy
|-singleturn|p2a: Mr nice guy|move: Endure
|move|p1a: Iron Valiant|Shadow Ball|p2a: Mr nice guy
|-supereffective|p2a: Mr nice guy
|-activate|p2a: Mr nice guy|move: Endure
|-damage|p2a: Mr nice guy|1/100
|-enditem|p2a: Mr nice guy|Weakness Policy
|-boost|p2a: Mr nice guy|atk|2|[from] item: Weakness Policy
|-boost|p2a: Mr nice guy|spa|2|[from] item: Weakness Policy
|
|-end|p2a: Mr nice guy|move: Heal Block
|upkeep
|turn|10
|
|t:|1779901057
|move|p1a: Iron Valiant|Shadow Ball|p2a: Mr nice guy
|-supereffective|p2a: Mr nice guy
|-damage|p2a: Mr nice guy|0 fnt
|faint|p2a: Mr nice guy
|
|upkeep
|
|t:|1779901060
|switch|p2a: Donphan but cooler|Great Tusk, tera:Ice|79/100
|turn|11
|
|t:|1779901067
|move|p1a: Iron Valiant|Focus Blast|p2a: Donphan but cooler
|-supereffective|p2a: Donphan but cooler
|-damage|p2a: Donphan but cooler|0 fnt
|faint|p2a: Donphan but cooler
|-end|p2a: Donphan but cooler|Protosynthesis|[silent]
|
|upkeep
|
|t:|1779901071
|switch|p2a: Problem solver|Sandshrew-Alola, F|100/100
|turn|12
|
|t:|1779901078
|-terastallize|p1a: Iron Valiant|Ghost
|move|p1a: Iron Valiant|Calm Mind|p1a: Iron Valiant
|-boost|p1a: Iron Valiant|spa|1
|-boost|p1a: Iron Valiant|spd|1
|move|p2a: Problem solver|Mirror Coat||[still]
|-fail|p2a: Problem solver
|
|upkeep
|turn|13
|
|t:|1779901088
|-end|p1a: Iron Valiant|Quark Drive|[silent]
|switch|p1a: Kingambit|Kingambit, M|100/100
|-activate|p1a: Kingambit|ability: Supreme Overlord
|-start|p1a: Kingambit|fallen4|[silent]
|move|p2a: Problem solver|Mirror Coat||[still]
|-fail|p2a: Problem solver
|
|upkeep
|turn|14
|
|t:|1779901096
|switch|p2a: Bonk stick|Zapdos-Galar|100/100
|move|p1a: Kingambit|Iron Head|p2a: Bonk stick
|-damage|p2a: Bonk stick|23/100
|
|upkeep
|turn|15
|
|t:|1779901102
|move|p1a: Kingambit|Sucker Punch|p2a: Bonk stick
|-resisted|p2a: Bonk stick
|-damage|p2a: Bonk stick|0 fnt
|faint|p2a: Bonk stick
|
|upkeep
|
|t:|1779901103
|switch|p2a: Problem solver|Sandshrew-Alola, F|100/100
|turn|16
|
|t:|1779901105
|move|p1a: Kingambit|Iron Head|p2a: Problem solver
|-enditem|p2a: Problem solver|Focus Sash
|-damage|p2a: Problem solver|1/100
|move|p2a: Problem solver|Counter|p1a: Kingambit
|-damage|p1a: Kingambit|0 fnt
|faint|p1a: Kingambit
|-end|p1a: Kingambit|fallen4|[silent]
|
|upkeep
|
|t:|1779901111
|switch|p1a: Iron Valiant|Iron Valiant, tera:Ghost|100/100
|turn|17
|-message|Caligoat forfeited.
|
|win|noobhunterbd
|raw|noobhunterbd's rating: 1362 &rarr; <strong>1386</strong><br />(+24 for winning)
|raw|Caligoat's rating: 1440 &rarr; <strong>1416</strong><br />(-24 for losing)
|l|☆Caligoat
|player|p2|
|l|☆noobhunterbd
|player|p1|
