|j|☆Kristianna
|j|☆64mat
|t:|1779846147
|gametype|singles
|player|p1|Kristianna|266|1148
|player|p2|64mat|2|1162
|gen|9
|tier|[Gen 9] OU
|rated|
|rule|HP Percentage Mod: HP is shown in percentages
|rule|Endless Battle Clause: Forcing endless battles is banned
|rule|Species Clause: Limit one of each Pokémon
|rule|OHKO Clause: OHKO moves are banned
|rule|Evasion Items Clause: Evasion items are banned
|rule|Evasion Moves Clause: Evasion moves are banned
|rule|Evasion Abilities Clause: Evasion abilities are banned
|rule|Sleep Moves Clause: Sleep-inducing moves are banned
|clearpoke
|poke|p1|Hatterene, F|
|poke|p1|Iron Treads|
|poke|p1|Gliscor, F|
|poke|p1|Kyurem|
|poke|p1|Iron Valiant|
|poke|p1|Sinistcha-Masterpiece|
|poke|p2|Tyranitar, F|
|poke|p2|Excadrill, F|
|poke|p2|Regieleki|
|poke|p2|Kyurem|
|poke|p2|Moltres|
|poke|p2|Ogerpon-Wellspring, F|
|teampreview
|inactive|Battle timer is ON: inactive players will automatically lose when time's up. (requested by Kristianna)
|
|t:|1779846177
|teamsize|p1|6
|teamsize|p2|6
|start
|switch|p1a: Kyurem|Kyurem|100/100
|switch|p2a: Tyranitar|Tyranitar, F|100/100
|-ability|p1a: Kyurem|Pressure
|-weather|Sandstorm|[from] ability: Sand Stream|[of] p2a: Tyranitar
|turn|1
|
|t:|1779846193
|switch|p1a: Iron Treads|Iron Treads|100/100
|move|p2a: Tyranitar|Thunder Wave|p1a: Iron Treads
|-immune|p1a: Iron Treads
|
|-weather|Sandstorm|[upkeep]
|upkeep
|turn|2
|
|t:|1779846202
|switch|p2a: Excadrill|Excadrill, F|100/100
|-item|p2a: Excadrill|Air Balloon
|move|p1a: Iron Treads|Knock Off|p2a: Excadrill
|-damage|p2a: Excadrill|55/100
|-enditem|p2a: Excadrill|Air Balloon
|
|-weather|Sandstorm|[upkeep]
|upkeep
|turn|3
|
|t:|1779846208
|move|p2a: Excadrill|Earthquake|p1a: Iron Treads
|-supereffective|p1a: Iron Treads
|-damage|p1a: Iron Treads|0 fnt
|faint|p1a: Iron Treads
|-end|p1a: Iron Treads|Quark Drive|[silent]
|
|-weather|Sandstorm|[upkeep]
|upkeep
|
|t:|1779846211
|switch|p1a: Gliscor|Gliscor, F|100/100
|turn|4
|
|t:|1779846217
|switch|p2a: Tyranitar|Tyranitar, F|100/100
|move|p1a: Gliscor|Earthquake|p2a: Tyranitar
|-supereffective|p2a: Tyranitar
|-damage|p2a: Tyranitar|50/100
|
|-weather|Sandstorm|[upkeep]
|-status|p1a: Gliscor|tox|[from] item: Toxic Orb
|upkeep
|turn|5
|
|t:|1779846221
|move|p1a: Gliscor|Earthquake|p2a: Tyranitar
|-supereffective|p2a: Tyranitar
|-damage|p2a: Tyranitar|0 fnt
|faint|p2a: Tyranitar
|
|-weather|Sandstorm|[upkeep]
|upkeep
|
|t:|1779846226
|switch|p2a: Ogerpon|Ogerpon-Wellspring, F|100/100
|turn|6
|
|t:|1779846236
|switch|p1a: Sinistcha|Sinistcha-Masterpiece|100/100
|move|p2a: Ogerpon|Ivy Cudgel|p1a: Sinistcha|[anim] Ivy Cudgel Water
|-resisted|p1a: Sinistcha
|-damage|p1a: Sinistcha|72/100
|
|-weather|Sandstorm|[upkeep]
|-damage|p2a: Ogerpon|95/100|[from] Sandstorm
|-damage|p1a: Sinistcha|66/100|[from] Sandstorm
|-heal|p1a: Sinistcha|72/100|[from] item: Leftovers
|upkeep
|turn|7
|
|t:|1779846239
|move|p2a: Ogerpon|U-turn|p1a: Sinistcha
|-damage|p1a: Sinistcha|45/100
|
|t:|1779846245
|switch|p2a: Kyurem|Kyurem|100/100|[from] U-turn
|-ability|p2a: Kyurem|Pressure
|move|p1a: Sinistcha|Strength Sap|p2a: Kyurem
|-unboost|p2a: Kyurem|atk|1
|-heal|p1a: Sinistcha|100/100
|
|-weather|Sandstorm|[upkeep]
|-damage|p2a: Kyurem|94/100|[from] Sandstorm
|-damage|p1a: Sinistcha|94/100|[from] Sandstorm
|-heal|p1a: Sinistcha|100/100|[from] item: Leftovers
|upkeep
|turn|8
|
|t:|1779846271
|move|p2a: Kyurem|Ice Beam|p1a: Sinistcha
|-supereffective|p1a: Sinistcha
|-damage|p1a: Sinistcha|0 fnt
|faint|p1a: Sinistcha
|
|-weather|none
|upkeep
|
|t:|1779846274
|switch|p1a: Kyurem|Kyurem|100/100
|-ability|p1a: Kyurem|Pressure
|turn|9
|
|t:|1779846287
|-terastallize|p2a: Kyurem|Ghost
|move|p2a: Kyurem|Ice Beam|p1a: Kyurem
|-damage|p1a: Kyurem|76/100
|move|p1a: Kyurem|Draco Meteor|p2a: Kyurem
|-damage|p2a: Kyurem|25/100
|-unboost|p1a: Kyurem|spa|2
|
|upkeep
|turn|10
|
|t:|1779846303
|switch|p2a: Ogerpon|Ogerpon-Wellspring, F|95/100
|move|p1a: Kyurem|Draco Meteor|p2a: Ogerpon|[miss]
|-miss|p1a: Kyurem|p2a: Ogerpon
|
|upkeep
|turn|11
|
|t:|1779846315
|move|p2a: Ogerpon|Spikes|p1a: Kyurem
|-sidestart|p1: Kristianna|Spikes
|move|p1a: Kyurem|Freeze-Dry|p2a: Ogerpon
|-supereffective|p2a: Ogerpon
|-damage|p2a: Ogerpon|0 fnt
|faint|p2a: Ogerpon
|
|upkeep
|
|t:|1779846321
|switch|p2a: Excadrill|Excadrill, F|55/100
|turn|12
|
|t:|1779846329
|move|p2a: Excadrill|Iron Head|p1a: Kyurem
|-supereffective|p1a: Kyurem
|-damage|p1a: Kyurem|0 fnt
|faint|p1a: Kyurem
|
|upkeep
|
|t:|1779846334
|switch|p1a: Gliscor|Gliscor, F|100/100 tox
|turn|13
|
|t:|1779846342
|switch|p2a: Moltres|Moltres|100/100
|move|p1a: Gliscor|Knock Off|p2a: Moltres
|-damage|p2a: Moltres|87/100
|-enditem|p2a: Moltres|Heavy-Duty Boots|[from] move: Knock Off|[of] p1a: Gliscor
|
|upkeep
|turn|14
|
|t:|1779846354
|move|p1a: Gliscor|Spikes|p2a: Moltres
|-sidestart|p2: 64mat|Spikes
|move|p2a: Moltres|Flamethrower|p1a: Gliscor
|-damage|p1a: Gliscor|72/100 tox
|
|-heal|p1a: Gliscor|84/100 tox|[from] ability: Poison Heal
|upkeep
|turn|15
|
|t:|1779846358
|move|p1a: Gliscor|Spikes|p2a: Moltres
|-sidestart|p2: 64mat|Spikes
|move|p2a: Moltres|U-turn|p1a: Gliscor
|-resisted|p1a: Gliscor
|-damage|p1a: Gliscor|78/100 tox
|
|t:|1779846363
|switch|p2a: Kyurem|Kyurem, tera:Ghost|25/100|[from] U-turn
|-damage|p2a: Kyurem|9/100|[from] Spikes
|-ability|p2a: Kyurem|Pressure
|
|-heal|p1a: Gliscor|91/100 tox|[from] ability: Poison Heal
|upkeep
|turn|16
|
|t:|1779846370
|move|p2a: Kyurem|Ice Beam|p1a: Gliscor
|-supereffective|p1a: Gliscor
|-damage|p1a: Gliscor|0 fnt
|faint|p1a: Gliscor
|
|upkeep
|
|t:|1779846374
|switch|p1a: Iron Valiant|Iron Valiant|100/100
|-damage|p1a: Iron Valiant|88/100|[from] Spikes
|-enditem|p1a: Iron Valiant|Booster Energy
|-activate|p1a: Iron Valiant|ability: Quark Drive|[fromitem]
|-start|p1a: Iron Valiant|quarkdrivespe
|turn|17
|
|t:|1779846380
|move|p1a: Iron Valiant|Moonblast|p2a: Kyurem
|-crit|p2a: Kyurem
|-damage|p2a: Kyurem|0 fnt
|faint|p2a: Kyurem
|
|upkeep
|
|t:|1779846383
|switch|p2a: Regieleki|Regieleki|100/100
|turn|18
|
|t:|1779846390
|move|p1a: Iron Valiant|Moonblast|p2a: Regieleki
|-damage|p2a: Regieleki|13/100
|move|p2a: Regieleki|Thunderbolt|p1a: Iron Valiant
|-crit|p1a: Iron Valiant
|-damage|p1a: Iron Valiant|0 fnt
|faint|p1a: Iron Valiant
|-end|p1a: Iron Valiant|Quark Drive|[silent]
|
|upkeep
|
|t:|1779846393
|switch|p1a: Hatterene|Hatterene, F|100/100
|-damage|p1a: Hatterene|88/100|[from] Spikes
|turn|19
|
|t:|1779846396
|move|p2a: Regieleki|Thunderbolt|p1a: Hatterene
|-damage|p1a: Hatterene|33/100
|move|p1a: Hatterene|Draining Kiss|p2a: Regieleki
|-crit|p2a: Regieleki
|-damage|p2a: Regieleki|0 fnt
|-heal|p1a: Hatterene|42/100|[from] drain|[of] p2a: Regieleki
|faint|p2a: Regieleki
|
|-heal|p1a: Hatterene|48/100|[from] item: Leftovers
|upkeep
|
|t:|1779846400
|switch|p2a: Excadrill|Excadrill, F|55/100
|-damage|p2a: Excadrill|38/100|[from] Spikes
|turn|20
|
|t:|1779846404
|-terastallize|p1a: Hatterene|Fire
|move|p2a: Excadrill|Iron Head|p1a: Hatterene
|-resisted|p1a: Hatterene
|-damage|p1a: Hatterene|28/100
|cant|p1a: Hatterene|flinch
|
|-heal|p1a: Hatterene|34/100|[from] item: Leftovers
|upkeep
|turn|21
|
|t:|1779846408
|move|p2a: Excadrill|Earthquake|p1a: Hatterene
|-supereffective|p1a: Hatterene
|-damage|p1a: Hatterene|0 fnt
|faint|p1a: Hatterene
|
|win|64mat
|raw|Kristianna's rating: 1148 &rarr; <strong>1124</strong><br />(-24 for losing)
|raw|64mat's rating: 1162 &rarr; <strong>1186</strong><br />(+24 for winning)
|l|☆Kristianna
|player|p1|
