|j|☆FritoGringo
|j|☆jelows
|t:|1779901077
|gametype|singles
|player|p1|FritoGringo|veteran|1084
|player|p2|jelows|2|1114
|gen|9
|tier|[Gen 9] OU
|rated|
|rule|HP Percentage Mod: HP is shown in percentages
|rule|Endless Battle Clause: Forcing endless battles is banned
|rule|Species Clause: Limit one of each Pokémon
|rule|OHKO Clause: OHKO moves are banned
|rule|Evasion Items Clause: Evasion items are banned
|rule|Evasion Moves Clause: Evasion moves are banned
|rule|Evasion Abilities Clause: Evasion abilities are banned
|rule|Sleep Moves Clause: Sleep-inducing moves are banned
|clearpoke
|poke|p1|Scizor, F|
|poke|p1|Flamigo, L1, M|
|poke|p1|Tauros-Paldea-Aqua, M|
|poke|p1|Hitmontop, L20, M|
|poke|p1|Iron Valiant|
|poke|p1|Hitmonlee, L20, M|
|poke|p2|Snorlax, F|
|poke|p2|Dondozo, F|
|poke|p2|Zamazenta-*|
|poke|p2|Iron Hands|
|poke|p2|Hatterene, F|
|poke|p2|Corviknight, M|
|teampreview
|inactive|Battle timer is ON: inactive players will automatically lose when time's up. (requested by FritoGringo)
|
|t:|1779901143
|teamsize|p1|6
|teamsize|p2|6
|start
|switch|p1a: Hitmonlee|Hitmonlee, L20, M, shiny|100/100
|switch|p2a: Hatterene|Hatterene, F, shiny|100/100
|turn|1
|
|t:|1779901152
|move|p2a: Hatterene|Draining Kiss|p1a: Hitmonlee
|-supereffective|p1a: Hitmonlee
|-enditem|p1a: Hitmonlee|Focus Sash
|-damage|p1a: Hitmonlee|2/100
|move|p1a: Hitmonlee|Endeavor|p2a: Hatterene
|-damage|p2a: Hatterene|1/100
|
|-heal|p2a: Hatterene|7/100|[from] item: Leftovers
|upkeep
|turn|2
|
|t:|1779901169
|switch|p1a: Scizor|Scizor, F|100/100
|move|p2a: Hatterene|Draining Kiss|p1a: Scizor
|-resisted|p1a: Scizor
|-damage|p1a: Scizor|79/100
|-heal|p2a: Hatterene|21/100|[from] drain|[of] p1a: Scizor
|
|-heal|p2a: Hatterene|27/100|[from] item: Leftovers
|upkeep
|turn|3
|
|t:|1779901178
|move|p1a: Scizor|Bullet Punch|p2a: Hatterene
|-supereffective|p2a: Hatterene
|-damage|p2a: Hatterene|0 fnt
|faint|p2a: Hatterene
|
|upkeep
|inactive|jelows has 120 seconds left.
|
|t:|1779901219
|switch|p2a: Zamazenta|Zamazenta|100/100
|-ability|p2a: Zamazenta|Dauntless Shield|boost
|-boost|p2a: Zamazenta|def|1
|turn|4
|
|t:|1779901228
|move|p2a: Zamazenta|Iron Defense|p2a: Zamazenta
|-boost|p2a: Zamazenta|def|2
|move|p1a: Scizor|U-turn|p2a: Zamazenta
|-resisted|p2a: Zamazenta
|-damage|p2a: Zamazenta|96/100
|
|t:|1779901232
|switch|p1a: Hitmonlee|Hitmonlee, L20, M, shiny|2/100|[from] U-turn
|
|-heal|p2a: Zamazenta|100/100|[from] item: Leftovers
|upkeep
|turn|5
|
|t:|1779901238
|move|p2a: Zamazenta|Body Press|p1a: Hitmonlee
|-damage|p1a: Hitmonlee|0 fnt
|faint|p1a: Hitmonlee
|
|upkeep
|
|t:|1779901242
|switch|p1a: Flamigo|Flamigo, L1, M, shiny|100/100
|turn|6
|
|t:|1779901245
|move|p2a: Zamazenta|Iron Defense|p2a: Zamazenta
|-boost|p2a: Zamazenta|def|2
|move|p1a: Flamigo|Endeavor|p2a: Zamazenta
|-damage|p2a: Zamazenta|4/100
|
|-heal|p2a: Zamazenta|10/100|[from] item: Leftovers
|upkeep
|turn|7
|
|t:|1779901256
|switch|p1a: Tauros|Tauros-Paldea-Aqua, M|100/100
|-ability|p1a: Tauros|Intimidate|boost
|-unboost|p2a: Zamazenta|atk|1
|move|p2a: Zamazenta|Body Press|p1a: Tauros
|-damage|p1a: Tauros|0 fnt
|faint|p1a: Tauros
|
|-heal|p2a: Zamazenta|16/100|[from] item: Leftovers
|upkeep
|
|t:|1779901267
|switch|p1a: Iron Valiant|Iron Valiant|100/100
|-enditem|p1a: Iron Valiant|Booster Energy
|-activate|p1a: Iron Valiant|ability: Quark Drive|[fromitem]
|-start|p1a: Iron Valiant|quarkdriveatk
|turn|8
|
|t:|1779901276
|move|p2a: Zamazenta|Body Press|p1a: Iron Valiant
|-resisted|p1a: Iron Valiant
|-damage|p1a: Iron Valiant|17/100
|move|p1a: Iron Valiant|Trick Room|p1a: Iron Valiant
|-fieldstart|move: Trick Room|[of] p1a: Iron Valiant
|
|-heal|p2a: Zamazenta|22/100|[from] item: Leftovers
|upkeep
|turn|9
|
|t:|1779901283
|move|p1a: Iron Valiant|Spirit Break|p2a: Zamazenta
|-supereffective|p2a: Zamazenta
|-damage|p2a: Zamazenta|5/100
|-unboost|p2a: Zamazenta|spa|1
|move|p2a: Zamazenta|Body Press|p1a: Iron Valiant
|-resisted|p1a: Iron Valiant
|-damage|p1a: Iron Valiant|0 fnt
|faint|p1a: Iron Valiant
|-end|p1a: Iron Valiant|Quark Drive|[silent]
|
|-heal|p2a: Zamazenta|11/100|[from] item: Leftovers
|upkeep
|
|t:|1779901292
|switch|p1a: Scizor|Scizor, F|79/100
|turn|10
|
|t:|1779901295
|move|p1a: Scizor|Bullet Punch|p2a: Zamazenta
|-damage|p2a: Zamazenta|5/100
|move|p2a: Zamazenta|Body Press|p1a: Scizor
|-damage|p1a: Scizor|0 fnt
|faint|p1a: Scizor
|
|-heal|p2a: Zamazenta|11/100|[from] item: Leftovers
|upkeep
|
|t:|1779901303
|switch|p1a: Hitmontop|Hitmontop, L20, M|100/100
|-ability|p1a: Hitmontop|Intimidate|boost
|-unboost|p2a: Zamazenta|atk|1
|turn|11
|
|t:|1779901307
|move|p1a: Hitmontop|Endeavor|p2a: Zamazenta
|-immune|p2a: Zamazenta
|move|p2a: Zamazenta|Body Press|p1a: Hitmontop
|-enditem|p1a: Hitmontop|Focus Sash
|-damage|p1a: Hitmontop|2/100
|
|-heal|p2a: Zamazenta|17/100|[from] item: Leftovers
|upkeep
|turn|12
|
|t:|1779901316
|move|p1a: Hitmontop|Endeavor|p2a: Zamazenta
|-damage|p2a: Zamazenta|1/100
|move|p2a: Zamazenta|Body Press|p1a: Hitmontop
|-damage|p1a: Hitmontop|0 fnt
|faint|p1a: Hitmontop
|
|-heal|p2a: Zamazenta|7/100|[from] item: Leftovers
|-fieldend|move: Trick Room
|upkeep
|-message|FritoGringo forfeited.
|
|win|jelows
|raw|FritoGringo's rating: 1084 &rarr; <strong>1063</strong><br />(-21 for losing)
|raw|jelows's rating: 1114 &rarr; <strong>1137</strong><br />(+23 for winning)
|l|☆FritoGringo
|player|p1|
|l|☆jelows
|player|p2|
