|j|☆Coquito mojito
|j|☆the flavius
|t:|1779841024
|gametype|singles
|player|p1|Coquito mojito|marlon|1298
|player|p2|the flavius|cynthia|1330
|gen|9
|tier|[Gen 9] OU
|rated|
|rule|HP Percentage Mod: HP is shown in percentages
|rule|Endless Battle Clause: Forcing endless battles is banned
|rule|Species Clause: Limit one of each Pokémon
|rule|OHKO Clause: OHKO moves are banned
|rule|Evasion Items Clause: Evasion items are banned
|rule|Evasion Moves Clause: Evasion moves are banned
|rule|Evasion Abilities Clause: Evasion abilities are banned
|rule|Sleep Moves Clause: Sleep-inducing moves are banned
|clearpoke
|poke|p1|Raging Bolt|
|poke|p1|Ogerpon-Wellspring, F|
|poke|p1|Enamorus, F|
|poke|p1|Landorus-Therian, M|
|poke|p1|Corviknight, M|
|poke|p1|Iron Moth|
|poke|p2|Spiritomb, F|
|poke|p2|Araquanid, F|
|poke|p2|Braviary, M|
|poke|p2|Lucario, M|
|poke|p2|Milotic, M|
|poke|p2|Garchomp, F|
|teampreview
|inactive|Battle timer is ON: inactive players will automatically lose when time's up. (requested by the flavius)
|
|t:|1779841041
|teamsize|p1|6
|teamsize|p2|6
|start
|switch|p1a: Enamorus|Enamorus, F|100/100
|switch|p2a: Spiritomb|Spiritomb, F|100/100
|turn|1
|
|t:|1779841053
|switch|p2a: Rain|Milotic, M|100/100
|move|p1a: Enamorus|Moonblast|p2a: Rain
|-damage|p2a: Rain|70/100
|-unboost|p2a: Rain|spa|1
|
|-heal|p2a: Rain|77/100|[from] item: Leftovers
|upkeep
|turn|2
|
|t:|1779841072
|switch|p1a: Ogerpon|Ogerpon-Wellspring, F|100/100
|move|p2a: Rain|Wrap|p1a: Ogerpon
|-damage|p1a: Ogerpon|98/100
|-activate|p1a: Ogerpon|move: Wrap|[of] p2a: Rain
|
|-heal|p2a: Rain|83/100|[from] item: Leftovers
|-damage|p1a: Ogerpon|85/100|[from] move: Wrap|[partiallytrapped]
|upkeep
|turn|3
|
|t:|1779841081
|switch|p2a: Araquanid|Araquanid, F|100/100
|move|p1a: Ogerpon|Power Whip|p2a: Araquanid
|-damage|p2a: Araquanid|6/100
|
|-end|p1a: Ogerpon|Wrap|[partiallytrapped]|[silent]
|upkeep
|turn|4
|-enditem|p2a: Araquanid|Custap Berry|[eat]
|-activate|p2a: Araquanid|item: Custap Berry|[consumed]
|
|t:|1779841094
|move|p2a: Araquanid|Leech Life|p1a: Ogerpon
|-supereffective|p1a: Ogerpon
|-damage|p1a: Ogerpon|3/100
|-heal|p2a: Araquanid|47/100|[from] drain|[of] p1a: Ogerpon
|move|p1a: Ogerpon|Power Whip|p2a: Araquanid|[miss]
|-miss|p1a: Ogerpon|p2a: Araquanid
|
|upkeep
|turn|5
|
|t:|1779841113
|move|p1a: Ogerpon|Power Whip|p2a: Araquanid
|-damage|p2a: Araquanid|0 fnt
|faint|p2a: Araquanid
|
|upkeep
|
|t:|1779841116
|switch|p2a: Spiritomb|Spiritomb, F|100/100
|turn|6
|
|t:|1779841121
|switch|p1a: Corviknight|Corviknight, M|100/100
|-ability|p1a: Corviknight|Pressure
|move|p2a: Spiritomb|Sucker Punch||[still]
|-fail|p2a: Spiritomb
|
|upkeep
|turn|7
|
|t:|1779841128
|switch|p1a: Iron Moth|Iron Moth|100/100
|-enditem|p1a: Iron Moth|Booster Energy
|-activate|p1a: Iron Moth|ability: Quark Drive|[fromitem]
|-start|p1a: Iron Moth|quarkdrivespa
|move|p2a: Spiritomb|Will-O-Wisp|p1a: Iron Moth
|-immune|p1a: Iron Moth
|
|upkeep
|turn|8
|
|t:|1779841138
|switch|p2a: Rain|Milotic, M|83/100
|move|p1a: Iron Moth|Flame Charge|p2a: Rain
|-resisted|p2a: Rain
|-damage|p2a: Rain|76/100
|-boost|p1a: Iron Moth|spe|1
|
|-heal|p2a: Rain|82/100|[from] item: Leftovers
|upkeep
|turn|9
|
|t:|1779841147
|move|p1a: Iron Moth|Sludge Wave|p2a: Rain
|-damage|p2a: Rain|41/100
|move|p2a: Rain|Scald|p1a: Iron Moth
|-supereffective|p1a: Iron Moth
|-damage|p1a: Iron Moth|46/100
|
|-heal|p2a: Rain|47/100|[from] item: Leftovers
|upkeep
|turn|10
|
|t:|1779841165
|move|p1a: Iron Moth|Sludge Wave|p2a: Rain
|-damage|p2a: Rain|8/100
|move|p2a: Rain|Recover|p2a: Rain
|-heal|p2a: Rain|59/100
|
|-heal|p2a: Rain|65/100|[from] item: Leftovers
|upkeep
|turn|11
|
|t:|1779841180
|-terastallize|p2a: Rain|Poison
|move|p1a: Iron Moth|Sludge Wave|p2a: Rain
|-resisted|p2a: Rain
|-damage|p2a: Rain|47/100
|move|p2a: Rain|Wrap|p1a: Iron Moth
|-damage|p1a: Iron Moth|42/100
|-activate|p1a: Iron Moth|move: Wrap|[of] p2a: Rain
|
|-heal|p2a: Rain|53/100|[from] item: Leftovers
|-damage|p1a: Iron Moth|29/100|[from] move: Wrap|[partiallytrapped]
|upkeep
|turn|12
|
|t:|1779841191
|move|p1a: Iron Moth|Fire Blast|p2a: Rain
|-damage|p2a: Rain|3/100
|move|p2a: Rain|Scald|p1a: Iron Moth
|-supereffective|p1a: Iron Moth
|-damage|p1a: Iron Moth|0 fnt
|faint|p1a: Iron Moth
|-end|p1a: Iron Moth|Quark Drive|[silent]
|
|-heal|p2a: Rain|9/100|[from] item: Leftovers
|upkeep
|
|t:|1779841204
|switch|p1a: Ogerpon|Ogerpon-Wellspring, F|3/100
|turn|13
|
|t:|1779841221
|switch|p2a: Braviary|Braviary, M|100/100
|move|p1a: Ogerpon|Ivy Cudgel|p2a: Braviary|[anim] Ivy Cudgel Water
|-damage|p2a: Braviary|38/100
|
|upkeep
|turn|14
|
|t:|1779841230
|switch|p1a: Corviknight|Corviknight, M|100/100
|-ability|p1a: Corviknight|Pressure
|move|p2a: Braviary|U-turn|p1a: Corviknight
|-resisted|p1a: Corviknight
|-damage|p1a: Corviknight|95/100
|-damage|p2a: Braviary|21/100|[from] item: Rocky Helmet|[of] p1a: Corviknight
|
|t:|1779841235
|switch|p2a: Spiritomb|Spiritomb, F|100/100|[from] U-turn
|
|upkeep
|turn|15
|
|t:|1779841243
|switch|p1a: Enamorus|Enamorus, F|100/100
|move|p2a: Spiritomb|Will-O-Wisp|p1a: Enamorus
|-status|p1a: Enamorus|brn
|
|-damage|p1a: Enamorus|94/100 brn|[from] brn
|upkeep
|turn|16
|
|t:|1779841256
|switch|p2a: Braviary|Braviary, M|21/100
|move|p1a: Enamorus|Moonblast|p2a: Braviary
|-damage|p2a: Braviary|0 fnt
|faint|p2a: Braviary
|
|-damage|p1a: Enamorus|88/100 brn|[from] brn
|upkeep
|
|t:|1779841259
|switch|p2a: Lucario|Lucario, M|100/100
|turn|17
|
|t:|1779841264
|switch|p1a: Corviknight|Corviknight, M|95/100
|-ability|p1a: Corviknight|Pressure
|move|p2a: Lucario|Flash Cannon|p1a: Corviknight
|-resisted|p1a: Corviknight
|-damage|p1a: Corviknight|83/100
|
|upkeep
|turn|18
|
|t:|1779841271
|switch|p2a: Spiritomb|Spiritomb, F|100/100
|move|p1a: Corviknight|Body Press|p2a: Spiritomb
|-immune|p2a: Spiritomb
|
|upkeep
|turn|19
|
|t:|1779841277
|switch|p1a: Enamorus|Enamorus, F|88/100 brn
|move|p2a: Spiritomb|Poltergeist|p1a: Enamorus
|-activate|p1a: Enamorus|move: Poltergeist|Choice Scarf
|-damage|p1a: Enamorus|33/100 brn
|
|-damage|p1a: Enamorus|26/100 brn|[from] brn
|upkeep
|turn|20
|
|t:|1779841291
|switch|p2a: Lucario|Lucario, M|100/100
|move|p1a: Enamorus|Moonblast|p2a: Lucario
|-damage|p2a: Lucario|12/100
|
|-damage|p1a: Enamorus|20/100 brn|[from] brn
|upkeep
|turn|21
|inactive|Coquito mojito has 120 seconds left.
|
|t:|1779841332
|switch|p1a: Corviknight|Corviknight, M|83/100
|-ability|p1a: Corviknight|Pressure
|move|p2a: Lucario|Dark Pulse|p1a: Corviknight
|-damage|p1a: Corviknight|66/100
|
|upkeep
|turn|22
|
|t:|1779841360
|switch|p2a: Spiritomb|Spiritomb, F|100/100
|move|p1a: Corviknight|Body Press|p2a: Spiritomb
|-immune|p2a: Spiritomb
|
|upkeep
|turn|23
|
|t:|1779841369
|switch|p1a: Landorus|Landorus-Therian, M|100/100
|-ability|p1a: Landorus|Intimidate|boost
|-unboost|p2a: Spiritomb|atk|1
|move|p2a: Spiritomb|Will-O-Wisp|p1a: Landorus
|-status|p1a: Landorus|brn
|
|-damage|p1a: Landorus|94/100 brn|[from] brn
|upkeep
|turn|24
|
|t:|1779841377
|move|p1a: Landorus|Stealth Rock|p2a: Spiritomb
|-sidestart|p2: the flavius|move: Stealth Rock
|move|p2a: Spiritomb|Poltergeist|p1a: Landorus
|-activate|p1a: Landorus|move: Poltergeist|Leftovers
|-damage|p1a: Landorus|68/100 brn
|
|-heal|p1a: Landorus|74/100 brn|[from] item: Leftovers
|-damage|p1a: Landorus|68/100 brn|[from] brn
|upkeep
|turn|25
|
|t:|1779841387
|move|p1a: Landorus|Earthquake|p2a: Spiritomb
|-damage|p2a: Spiritomb|81/100
|move|p2a: Spiritomb|Will-O-Wisp|p1a: Landorus
|-fail|p1a: Landorus|brn
|
|-heal|p1a: Landorus|74/100 brn|[from] item: Leftovers
|-damage|p1a: Landorus|68/100 brn|[from] brn
|upkeep
|turn|26
|
|t:|1779841391
|switch|p2a: Lucario|Lucario, M|12/100
|-damage|p2a: Lucario|9/100|[from] Stealth Rock
|move|p1a: Landorus|Earthquake|p2a: Lucario
|-supereffective|p2a: Lucario
|-damage|p2a: Lucario|0 fnt
|faint|p2a: Lucario
|
|-heal|p1a: Landorus|74/100 brn|[from] item: Leftovers
|-damage|p1a: Landorus|68/100 brn|[from] brn
|upkeep
|
|t:|1779841396
|switch|p2a: Garchomp|Garchomp, F|100/100
|-damage|p2a: Garchomp|94/100|[from] Stealth Rock
|turn|27
|
|t:|1779841406
|move|p2a: Garchomp|Rock Slide|p1a: Landorus
|-damage|p1a: Landorus|40/100 brn
|cant|p1a: Landorus|flinch
|
|-heal|p1a: Landorus|46/100 brn|[from] item: Leftovers
|-damage|p1a: Landorus|40/100 brn|[from] brn
|upkeep
|turn|28
|
|t:|1779841410
|move|p2a: Garchomp|Rock Slide|p1a: Landorus
|-damage|p1a: Landorus|11/100 brn
|move|p1a: Landorus|U-turn|p2a: Garchomp
|-damage|p2a: Garchomp|82/100
|-damage|p1a: Landorus|0 fnt|[from] ability: Rough Skin|[of] p2a: Garchomp
|faint|p1a: Landorus
|
|upkeep
|
|t:|1779841417
|switch|p1a: Ogerpon|Ogerpon-Wellspring, F|3/100
|turn|29
|
|t:|1779841419
|move|p2a: Garchomp|Rock Slide|p1a: Ogerpon
|-damage|p1a: Ogerpon|0 fnt
|faint|p1a: Ogerpon
|
|upkeep
|
|t:|1779841424
|switch|p1a: Enamorus|Enamorus, F|20/100 brn
|turn|30
|
|t:|1779841428
|switch|p2a: Rain|Milotic, M, tera:Poison|9/100
|-damage|p2a: Rain|0 fnt|[from] Stealth Rock
|faint|p2a: Rain
|move|p1a: Enamorus|Moonblast|p2: Rain|[notarget]
|-fail|p1a: Enamorus
|
|-damage|p1a: Enamorus|14/100 brn|[from] brn
|upkeep
|
|t:|1779841433
|switch|p2a: Spiritomb|Spiritomb, F|81/100
|-damage|p2a: Spiritomb|68/100|[from] Stealth Rock
|turn|31
|
|t:|1779841442
|switch|p1a: Raging Bolt|Raging Bolt|100/100
|-enditem|p1a: Raging Bolt|Booster Energy
|-activate|p1a: Raging Bolt|ability: Protosynthesis|[fromitem]
|-start|p1a: Raging Bolt|protosynthesisspa
|move|p2a: Spiritomb|Sucker Punch||[still]
|-fail|p2a: Spiritomb
|
|upkeep
|turn|32
|inactive|Coquito mojito has 120 seconds left.
|-message|the flavius forfeited.
|
|win|Coquito mojito
|raw|Coquito mojito's rating: 1298 &rarr; <strong>1325</strong><br />(+27 for winning)
|raw|the flavius's rating: 1330 &rarr; <strong>1308</strong><br />(-22 for losing)
|l|☆the flavius
|player|p2|
|l|☆Coquito mojito
|player|p1|
|j|☆Coquito mojito
|player|p1|Coquito mojito|marlon|
