|j|☆bird_198
|j|☆Hrjt
|t:|1779961749
|gametype|singles
|player|p1|bird_198|pokemaniac|1103
|player|p2|Hrjt|volkner|1169
|gen|9
|tier|[Gen 9] OU
|rated|
|rule|HP Percentage Mod: HP is shown in percentages
|rule|Endless Battle Clause: Forcing endless battles is banned
|rule|Species Clause: Limit one of each Pokémon
|rule|OHKO Clause: OHKO moves are banned
|rule|Evasion Items Clause: Evasion items are banned
|rule|Evasion Moves Clause: Evasion moves are banned
|rule|Evasion Abilities Clause: Evasion abilities are banned
|rule|Sleep Moves Clause: Sleep-inducing moves are banned
|clearpoke
|poke|p1|Cramorant, F|
|poke|p1|Shaymin|
|poke|p1|Pawmot, F|
|poke|p1|Flapple, M|
|poke|p1|Kingambit, M|
|poke|p1|Coalossal, F|
|poke|p2|Hatterene, F|
|poke|p2|Great Tusk|
|poke|p2|Tornadus-Therian, M|
|poke|p2|Kyurem|
|poke|p2|Slowking-Galar, F|
|poke|p2|Kingambit, F|
|teampreview
|inactive|Battle timer is ON: inactive players will automatically lose when time's up. (requested by Hrjt)
|
|t:|1779961765
|teamsize|p1|6
|teamsize|p2|6
|start
|switch|p1a: Cramorant|Cramorant, F|100/100
|switch|p2a: Kyurem|Kyurem|100/100
|-ability|p2a: Kyurem|Pressure
|turn|1
|
|t:|1779961777
|move|p2a: Kyurem|Freeze-Dry|p1a: Cramorant
|-supereffective|p1a: Cramorant
|-damage|p1a: Cramorant|0 fnt
|faint|p1a: Cramorant
|
|upkeep
|
|t:|1779961790
|switch|p1a: Coalossal|Coalossal, F|100/100
|turn|2
|
|t:|1779961808
|switch|p2a: Great Tusk|Great Tusk|100/100
|move|p1a: Coalossal|Stealth Rock|p2a: Great Tusk
|-sidestart|p2: Hrjt|move: Stealth Rock
|
|upkeep
|turn|3
|
|t:|1779961822
|switch|p1a: Shaymin|Shaymin|100/100
|move|p2a: Great Tusk|Rapid Spin|p1a: Shaymin
|-damage|p1a: Shaymin|86/100
|-boost|p2a: Great Tusk|spe|1
|-sideend|p2: Hrjt|Stealth Rock|[from] move: Rapid Spin|[of] p2a: Great Tusk
|
|-heal|p1a: Shaymin|92/100|[from] item: Leftovers
|upkeep
|turn|4
|
|t:|1779961834
|-terastallize|p2a: Great Tusk|Steel
|move|p2a: Great Tusk|Ice Spinner|p1a: Shaymin
|-supereffective|p1a: Shaymin
|-damage|p1a: Shaymin|45/100
|move|p1a: Shaymin|Seed Flare|p2a: Great Tusk
|-resisted|p2a: Great Tusk
|-damage|p2a: Great Tusk|57/100
|-unboost|p2a: Great Tusk|spd|2
|
|-heal|p1a: Shaymin|51/100|[from] item: Leftovers
|upkeep
|turn|5
|
|t:|1779961852
|move|p1a: Shaymin|Protect|p1a: Shaymin
|-singleturn|p1a: Shaymin|Protect
|move|p2a: Great Tusk|Ice Spinner|p1a: Shaymin
|-activate|p1a: Shaymin|move: Protect
|
|-heal|p1a: Shaymin|57/100|[from] item: Leftovers
|upkeep
|turn|6
|
|t:|1779961869
|-end|p2a: Great Tusk|Protosynthesis|[silent]
|switch|p2a: Tornadus|Tornadus-Therian, M|100/100
|move|p1a: Shaymin|Seed Flare|p2a: Tornadus
|-resisted|p2a: Tornadus
|-damage|p2a: Tornadus|81/100
|
|-heal|p1a: Shaymin|63/100|[from] item: Leftovers
|upkeep
|turn|7
|
|t:|1779961880
|switch|p1a: Coalossal|Coalossal, F|100/100
|move|p2a: Tornadus|Heat Wave|p1a: Coalossal
|-resisted|p1a: Coalossal
|-damage|p1a: Coalossal|96/100
|
|upkeep
|turn|8
|
|t:|1779961891
|move|p2a: Tornadus|U-turn|p1a: Coalossal
|-resisted|p1a: Coalossal
|-damage|p1a: Coalossal|92/100
|
|t:|1779961895
|switch|p2a: Great Tusk|Great Tusk, tera:Steel|57/100|[from] U-turn
|move|p1a: Coalossal|Will-O-Wisp|p2a: Great Tusk
|-status|p2a: Great Tusk|brn
|
|-damage|p2a: Great Tusk|51/100 brn|[from] brn
|upkeep
|turn|9
|
|t:|1779961905
|move|p2a: Great Tusk|Headlong Rush|p1a: Coalossal
|-supereffective|p1a: Coalossal
|-damage|p1a: Coalossal|31/100
|-unboost|p2a: Great Tusk|def|1
|-unboost|p2a: Great Tusk|spd|1
|move|p1a: Coalossal|Flamethrower|p2a: Great Tusk
|-supereffective|p2a: Great Tusk
|-damage|p2a: Great Tusk|0 fnt
|faint|p2a: Great Tusk
|-end|p2a: Great Tusk|Protosynthesis|[silent]
|
|upkeep
|
|t:|1779961915
|switch|p2a: Kyurem|Kyurem|100/100
|-ability|p2a: Kyurem|Pressure
|turn|10
|
|t:|1779961919
|move|p2a: Kyurem|Earth Power|p1a: Coalossal
|-supereffective|p1a: Coalossal
|-damage|p1a: Coalossal|0 fnt
|faint|p1a: Coalossal
|
|upkeep
|
|t:|1779961924
|switch|p1a: Flapple|Flapple, M, shiny|100/100
|turn|11
|
|t:|1779961944
|switch|p2a: Slowking|Slowking-Galar, F|100/100
|move|p1a: Flapple|Outrage|p2a: Slowking
|-damage|p2a: Slowking|43/100
|
|-heal|p2a: Slowking|49/100|[from] item: Black Sludge
|upkeep
|turn|12
|
|t:|1779961955
|switch|p2a: Hatterene|Hatterene, F|100/100
|move|p1a: Flapple|Outrage|p2a: Hatterene|[from] lockedmove
|-immune|p2a: Hatterene
|
|upkeep
|turn|13
|
|t:|1779961964
|switch|p1a: Kingambit|Kingambit, M|100/100
|move|p2a: Hatterene|Draining Kiss|p1a: Kingambit
|-damage|p1a: Kingambit|80/100
|
|upkeep
|turn|14
|
|t:|1779961979
|switch|p2a: Kyurem|Kyurem|100/100
|-ability|p2a: Kyurem|Pressure
|move|p1a: Kingambit|Kowtow Cleave|p2a: Kyurem
|-damage|p2a: Kyurem|44/100
|
|upkeep
|turn|15
|
|t:|1779961987
|move|p2a: Kyurem|Earth Power|p1a: Kingambit
|-supereffective|p1a: Kingambit
|-damage|p1a: Kingambit|0 fnt
|faint|p1a: Kingambit
|
|upkeep
|
|t:|1779961992
|switch|p1a: Peak-Chu|Pawmot, F|100/100
|turn|16
|
|t:|1779962012
|switch|p2a: Hatterene|Hatterene, F|100/100
|move|p1a: Peak-Chu|Mach Punch|p2a: Hatterene
|-resisted|p2a: Hatterene
|-damage|p2a: Hatterene|96/100
|-damage|p1a: Peak-Chu|84/100|[from] item: Rocky Helmet|[of] p2a: Hatterene
|
|upkeep
|turn|17
|
|t:|1779962019
|move|p1a: Peak-Chu|Revival Blessing|p1a: Peak-Chu
|-enditem|p1a: Peak-Chu|Leppa Berry|[eat]
|-activate|p1a: Peak-Chu|item: Leppa Berry|Revival Blessing|[consumed]
|
|t:|1779962023
|-heal|p1: Kingambit|50/100|[from] move: Revival Blessing
|move|p2a: Hatterene|Psychic Noise|p1a: Peak-Chu
|-supereffective|p1a: Peak-Chu
|-damage|p1a: Peak-Chu|0 fnt
|faint|p1a: Peak-Chu
|
|upkeep
|
|t:|1779962030
|switch|p1a: Shaymin|Shaymin|63/100
|turn|18
|
|t:|1779962052
|move|p1a: Shaymin|Earth Power|p2a: Hatterene
|-damage|p2a: Hatterene|65/100
|move|p2a: Hatterene|Psychic Noise|p1a: Shaymin
|-damage|p1a: Shaymin|34/100
|-start|p1a: Shaymin|move: Heal Block
|
|upkeep
|turn|19
|
|t:|1779962059
|move|p1a: Shaymin|Seed Flare|p2a: Hatterene
|-damage|p2a: Hatterene|6/100
|move|p2a: Hatterene|Psychic Noise|p1a: Shaymin
|-damage|p1a: Shaymin|8/100
|
|-end|p1a: Shaymin|move: Heal Block
|upkeep
|turn|20
|
|t:|1779962070
|move|p1a: Shaymin|Seed Flare|p2a: Hatterene|[miss]
|-miss|p1a: Shaymin|p2a: Hatterene
|move|p2a: Hatterene|Nuzzle|p1a: Shaymin
|-resisted|p1a: Shaymin
|-damage|p1a: Shaymin|7/100
|-status|p1a: Shaymin|par
|
|-heal|p1a: Shaymin|13/100 par|[from] item: Leftovers
|upkeep
|turn|21
|
|t:|1779962085
|move|p1a: Shaymin|Earth Power|p2a: Hatterene
|-damage|p2a: Hatterene|0 fnt
|faint|p2a: Hatterene
|
|-heal|p1a: Shaymin|19/100 par|[from] item: Leftovers
|upkeep
|inactive|Hrjt has 120 seconds left.
|
|t:|1779962106
|switch|p2a: Tornadus|Tornadus-Therian, M|100/100
|turn|22
|
|t:|1779962112
|move|p2a: Tornadus|Knock Off|p1a: Shaymin
|-damage|p1a: Shaymin|1/100 par
|-enditem|p1a: Shaymin|Leftovers|[from] move: Knock Off|[of] p2a: Tornadus
|move|p1a: Shaymin|Leech Seed|p2a: Tornadus
|-start|p2a: Tornadus|move: Leech Seed
|
|-damage|p2a: Tornadus|88/100|[from] Leech Seed|[of] p1a: Shaymin
|-heal|p1a: Shaymin|12/100 par|[silent]
|upkeep
|turn|23
|
|t:|1779962122
|switch|p2a: Kingambit|Kingambit, F|100/100
|-activate|p2a: Kingambit|ability: Supreme Overlord
|-start|p2a: Kingambit|fallen2|[silent]
|move|p1a: Shaymin|Protect||[still]
|-fail|p1a: Shaymin
|
|upkeep
|turn|24
|
|t:|1779962129
|move|p2a: Kingambit|Sucker Punch|p1a: Shaymin
|-damage|p1a: Shaymin|0 fnt
|faint|p1a: Shaymin
|
|upkeep
|
|t:|1779962139
|switch|p1a: Kingambit|Kingambit, M|50/100
|turn|25
|
|t:|1779962146
|move|p2a: Kingambit|Swords Dance|p2a: Kingambit
|-boost|p2a: Kingambit|atk|2
|move|p1a: Kingambit|Swords Dance|p1a: Kingambit
|-boost|p1a: Kingambit|atk|2
|
|upkeep
|turn|26
|
|t:|1779962154
|move|p2a: Kingambit|Sucker Punch|p1a: Kingambit
|-resisted|p1a: Kingambit
|-damage|p1a: Kingambit|13/100
|move|p1a: Kingambit|Kowtow Cleave|p2a: Kingambit
|-resisted|p2a: Kingambit
|-damage|p2a: Kingambit|56/100
|
|-heal|p2a: Kingambit|63/100|[from] item: Leftovers
|upkeep
|turn|27
|
|t:|1779962163
|move|p1a: Kingambit|Sucker Punch|p2a: Kingambit
|-resisted|p2a: Kingambit
|-damage|p2a: Kingambit|28/100
|move|p2a: Kingambit|Kowtow Cleave|p1a: Kingambit
|-resisted|p1a: Kingambit
|-damage|p1a: Kingambit|0 fnt
|faint|p1a: Kingambit
|
|-heal|p2a: Kingambit|34/100|[from] item: Leftovers
|upkeep
|
|t:|1779962172
|switch|p1a: Flapple|Flapple, M, shiny|100/100
|turn|28
|
|t:|1779962183
|-terastallize|p1a: Flapple|Dragon
|move|p2a: Kingambit|Sucker Punch|p1a: Flapple
|-damage|p1a: Flapple|0 fnt
|faint|p1a: Flapple
|
|win|Hrjt
|raw|bird_198's rating: 1103 &rarr; <strong>1083</strong><br />(-20 for losing)
|raw|Hrjt's rating: 1169 &rarr; <strong>1189</strong><br />(+20 for winning)
|l|☆bird_198
|player|p1|
|l|☆Hrjt
|player|p2|
