|j|☆Princessjosie1001!
|j|‽quizzicalculator
|t:|1779909738
|gametype|singles
|player|p1|Princessjosie1001!|nurse|1467
|player|p2|quizzicalculator|170|1460
|gen|9
|tier|[Gen 9] OU
|rated|
|rule|HP Percentage Mod: HP is shown in percentages
|rule|Endless Battle Clause: Forcing endless battles is banned
|rule|Species Clause: Limit one of each Pokémon
|rule|OHKO Clause: OHKO moves are banned
|rule|Evasion Items Clause: Evasion items are banned
|rule|Evasion Moves Clause: Evasion moves are banned
|rule|Evasion Abilities Clause: Evasion abilities are banned
|rule|Sleep Moves Clause: Sleep-inducing moves are banned
|clearpoke
|poke|p1|Polteageist|
|poke|p1|Cloyster, M|
|poke|p1|Salazzle, F|
|poke|p1|Espeon, M|
|poke|p1|Alcremie, F|
|poke|p1|Dragonite, M|
|poke|p2|Pelipper, M|
|poke|p2|Raging Bolt|
|poke|p2|Barraskewda, F|
|poke|p2|Scizor, F|
|poke|p2|Landorus-Therian, M|
|poke|p2|Fezandipiti, M|
|teampreview
|
|t:|1779909755
|teamsize|p1|6
|teamsize|p2|6
|start
|switch|p1a: Dragonite|Dragonite, M|100/100
|switch|p2a: Raging Bolt|Raging Bolt|100/100
|turn|1
|
|t:|1779909763
|move|p1a: Dragonite|Dragon Claw|p2a: Raging Bolt
|-supereffective|p2a: Raging Bolt
|-damage|p2a: Raging Bolt|8/100
|move|p2a: Raging Bolt|Draco Meteor|p1a: Dragonite
|-supereffective|p1a: Dragonite
|-damage|p1a: Dragonite|0 fnt
|-unboost|p2a: Raging Bolt|spa|2
|faint|p1a: Dragonite
|
|upkeep
|
|t:|1779909775
|switch|p1a: Cloyster|Cloyster, M|100/100
|turn|2
|
|t:|1779909780
|-end|p2a: Raging Bolt|Protosynthesis|[silent]
|switch|p2a: Fezandipiti|Fezandipiti, M|100/100
|move|p1a: Cloyster|Ice Shard|p2a: Fezandipiti
|-damage|p2a: Fezandipiti|80/100
|
|upkeep
|turn|3
|
|t:|1779909787
|switch|p1a: Salazzle|Salazzle, F|100/100
|move|p2a: Fezandipiti|Toxic|p1a: Salazzle
|-immune|p1a: Salazzle
|
|upkeep
|turn|4
|
|t:|1779909795
|move|p1a: Salazzle|Toxic|p2a: Fezandipiti
|-status|p2a: Fezandipiti|tox
|move|p2a: Fezandipiti|U-turn|p1a: Salazzle
|-resisted|p1a: Salazzle
|-damage|p1a: Salazzle|91/100
|
|t:|1779909805
|switch|p2a: Barraskewda|Barraskewda, F|100/100|[from] U-turn
|
|upkeep
|turn|5
|
|t:|1779909809
|move|p2a: Barraskewda|Flip Turn|p1a: Salazzle
|-supereffective|p1a: Salazzle
|-damage|p1a: Salazzle|0 fnt
|faint|p1a: Salazzle
|
|t:|1779909811
|switch|p2a: Pelipper|Pelipper, M|100/100|[from] Flip Turn
|-weather|RainDance|[from] ability: Drizzle|[of] p2a: Pelipper
|
|-weather|RainDance|[upkeep]
|upkeep
|
|t:|1779909820
|switch|p1a: Alcremie|Alcremie, F|100/100
|turn|6
|
|t:|1779909825
|move|p1a: Alcremie|Acid Armor|p1a: Alcremie
|-boost|p1a: Alcremie|def|2
|move|p2a: Pelipper|U-turn|p1a: Alcremie
|-resisted|p1a: Alcremie
|-damage|p1a: Alcremie|98/100
|
|t:|1779909830
|switch|p2a: Raging Bolt|Raging Bolt|8/100|[from] U-turn
|
|-weather|RainDance|[upkeep]
|upkeep
|turn|7
|
|t:|1779909835
|move|p2a: Raging Bolt|Volt Switch|p1a: Alcremie
|-damage|p1a: Alcremie|39/100
|
|t:|1779909839
|-end|p2a: Raging Bolt|Protosynthesis|[silent]
|switch|p2a: Fezandipiti|Fezandipiti, M|80/100 tox|[from] Volt Switch
|move|p1a: Alcremie|Calm Mind|p1a: Alcremie
|-boost|p1a: Alcremie|spa|1
|-boost|p1a: Alcremie|spd|1
|
|-weather|RainDance|[upkeep]
|-damage|p2a: Fezandipiti|74/100 tox|[from] psn
|upkeep
|turn|8
|
|t:|1779909859
|-terastallize|p1a: Alcremie|Steel
|move|p2a: Fezandipiti|Toxic|p1a: Alcremie
|-immune|p1a: Alcremie
|move|p1a: Alcremie|Acid Armor|p1a: Alcremie
|-boost|p1a: Alcremie|def|2
|
|-weather|RainDance|[upkeep]
|-damage|p2a: Fezandipiti|61/100 tox|[from] psn
|upkeep
|turn|9
|
|t:|1779909868
|move|p2a: Fezandipiti|U-turn|p1a: Alcremie
|-resisted|p1a: Alcremie
|-damage|p1a: Alcremie|35/100
|
|t:|1779909876
|switch|p2a: Landorus|Landorus-Therian, M|100/100|[from] U-turn
|-ability|p2a: Landorus|Intimidate|boost
|-unboost|p1a: Alcremie|atk|1
|move|p1a: Alcremie|Draining Kiss|p2a: Landorus
|-damage|p2a: Landorus|34/100
|-heal|p1a: Alcremie|93/100|[from] drain|[of] p2a: Landorus
|-damage|p1a: Alcremie|77/100|[from] item: Rocky Helmet|[of] p2a: Landorus
|-damage|p1a: Alcremie|67/100|[from] item: Life Orb
|
|-weather|RainDance|[upkeep]
|upkeep
|turn|10
|
|t:|1779909888
|move|p2a: Landorus|Earthquake|p1a: Alcremie
|-supereffective|p1a: Alcremie
|-damage|p1a: Alcremie|17/100
|move|p1a: Alcremie|Draining Kiss|p2a: Landorus
|-damage|p2a: Landorus|0 fnt
|-heal|p1a: Alcremie|47/100|[from] drain|[of] p2a: Landorus
|-damage|p1a: Alcremie|30/100|[from] item: Rocky Helmet|[of] p2a: Landorus
|faint|p2a: Landorus
|-damage|p1a: Alcremie|20/100|[from] item: Life Orb
|
|-weather|RainDance|[upkeep]
|upkeep
|
|t:|1779909891
|switch|p2a: Raging Bolt|Raging Bolt|8/100
|turn|11
|
|t:|1779909900
|move|p2a: Raging Bolt|Volt Switch|p1a: Alcremie
|-damage|p1a: Alcremie|0 fnt
|faint|p1a: Alcremie
|
|t:|1779909906
|-end|p2a: Raging Bolt|Protosynthesis|[silent]
|switch|p2a: Barraskewda|Barraskewda, F|100/100|[from] Volt Switch
|
|-weather|RainDance|[upkeep]
|upkeep
|
|t:|1779909915
|switch|p1a: No hazard allowed|Espeon, M|100/100
|turn|12
|
|t:|1779909927
|-terastallize|p2a: Barraskewda|Water
|move|p2a: Barraskewda|Flip Turn|p1a: No hazard allowed
|-damage|p1a: No hazard allowed|0 fnt
|faint|p1a: No hazard allowed
|
|t:|1779909931
|switch|p2a: Scizor|Scizor, F|100/100|[from] Flip Turn
|
|-weather|none
|upkeep
|
|t:|1779909936
|switch|p1a: Polteageist|Polteageist|100/100
|turn|13
|
|t:|1779909940
|move|p1a: Polteageist|Shadow Ball|p2a: Scizor
|-damage|p2a: Scizor|48/100
|-enditem|p2a: Scizor|Sitrus Berry|[eat]
|-heal|p2a: Scizor|73/100|[from] item: Sitrus Berry
|move|p2a: Scizor|U-turn|p1a: Polteageist
|-resisted|p1a: Polteageist
|-damage|p1a: Polteageist|61/100
|-ability|p1a: Polteageist|Weak Armor|boost
|-unboost|p1a: Polteageist|def|1
|-boost|p1a: Polteageist|spe|2
|
|t:|1779909943
|switch|p2a: Pelipper|Pelipper, M|100/100|[from] U-turn
|-weather|RainDance|[from] ability: Drizzle|[of] p2a: Pelipper
|
|-weather|RainDance|[upkeep]
|upkeep
|turn|14
|
|t:|1779909955
|move|p1a: Polteageist|Shadow Ball|p2a: Pelipper
|-damage|p2a: Pelipper|33/100
|move|p2a: Pelipper|U-turn|p1a: Polteageist
|-resisted|p1a: Polteageist
|-damage|p1a: Polteageist|50/100
|-ability|p1a: Polteageist|Weak Armor|boost
|-unboost|p1a: Polteageist|def|1
|-boost|p1a: Polteageist|spe|2
|
|t:|1779909961
|switch|p2a: Scizor|Scizor, F|73/100|[from] U-turn
|
|-weather|RainDance|[upkeep]
|upkeep
|turn|15
|
|t:|1779909967
|move|p2a: Scizor|Bullet Punch|p1a: Polteageist
|-damage|p1a: Polteageist|0 fnt
|faint|p1a: Polteageist
|
|-weather|RainDance|[upkeep]
|upkeep
|
|t:|1779909971
|switch|p1a: Cloyster|Cloyster, M|100/100
|turn|16
|
|t:|1779909974
|move|p1a: Cloyster|Shell Smash|p1a: Cloyster
|-unboost|p1a: Cloyster|def|1
|-unboost|p1a: Cloyster|spd|1
|-boost|p1a: Cloyster|atk|2
|-boost|p1a: Cloyster|spa|2
|-boost|p1a: Cloyster|spe|2
|move|p2a: Scizor|Close Combat|p1a: Cloyster
|-supereffective|p1a: Cloyster
|-enditem|p1a: Cloyster|Focus Sash
|-damage|p1a: Cloyster|1/100
|-unboost|p2a: Scizor|def|1
|-unboost|p2a: Scizor|spd|1
|
|-weather|RainDance|[upkeep]
|upkeep
|turn|17
|-message|Princessjosie1001! forfeited.
|
|win|quizzicalculator
|raw|Princessjosie1001!'s rating: 1467 &rarr; <strong>1447</strong><br />(-20 for losing)
|raw|quizzicalculator's rating: 1460 &rarr; <strong>1480</strong><br />(+20 for winning)
|l|☆Princessjosie1001!
|player|p1|
|l|‽quizzicalculator
|player|p2|
