|j|☆cachowcapow
|j|☆SlNGULARlTY
|t:|1779895646
|gametype|singles
|player|p1|cachowcapow|101|1515
|player|p2|SlNGULARlTY|koga|1514
|gen|9
|tier|[Gen 9] OU
|rated|
|rule|HP Percentage Mod: HP is shown in percentages
|rule|Endless Battle Clause: Forcing endless battles is banned
|rule|Species Clause: Limit one of each Pokémon
|rule|OHKO Clause: OHKO moves are banned
|rule|Evasion Items Clause: Evasion items are banned
|rule|Evasion Moves Clause: Evasion moves are banned
|rule|Evasion Abilities Clause: Evasion abilities are banned
|rule|Sleep Moves Clause: Sleep-inducing moves are banned
|clearpoke
|poke|p1|Primarina, M|
|poke|p1|Slither Wing|
|poke|p1|Slowking-Galar, M|
|poke|p1|Great Tusk|
|poke|p1|Meowscarada, M|
|poke|p1|Gardevoir, M|
|poke|p2|Ogerpon-Wellspring, F|
|poke|p2|Moltres|
|poke|p2|Gholdengo|
|poke|p2|Garganacl, F|
|poke|p2|Hatterene, F|
|poke|p2|Heatran, F|
|teampreview
|inactive|Battle timer is ON: inactive players will automatically lose when time's up. (requested by SlNGULARlTY)
|inactive|cachowcapow has 120 seconds left.
|inactive|cachowcapow has 90 seconds left.
|inactive|cachowcapow has 60 seconds left.
|
|t:|1779895742
|teamsize|p1|6
|teamsize|p2|6
|start
|switch|p1a: Slowking|Slowking-Galar, M|100/100
|switch|p2a: Heatran|Heatran, F|100/100
|turn|1
|
|t:|1779895749
|move|p2a: Heatran|Magma Storm|p1a: Slowking
|-damage|p1a: Slowking|58/100
|-activate|p1a: Slowking|move: Magma Storm|[of] p2a: Heatran
|-prepare|p1a: Slowking|Chilly Reception|[premajor]
|move|p1a: Slowking|Chilly Reception|p1a: Slowking
|-weather|Snowscape
|inactive|cachowcapow has 120 seconds left.
|
|t:|1779895775
|switch|p1a: Great Tusk|Great Tusk|100/100|[from] Chilly Reception
|
|-weather|Snowscape|[upkeep]
|upkeep
|turn|2
|
|t:|1779895779
|-end|p1a: Great Tusk|Protosynthesis|[silent]
|switch|p1a: Slowking|Slowking-Galar, M|91/100
|switch|p2a: Hatterene|Hatterene, F|100/100
|
|-weather|Snowscape|[upkeep]
|upkeep
|turn|3
|
|t:|1779895782
|switch|p2a: Heatran|Heatran, F|100/100
|move|p1a: Slowking|Future Sight|p2a: Heatran
|-start|p1a: Slowking|move: Future Sight
|
|-weather|Snowscape|[upkeep]
|upkeep
|turn|4
|
|t:|1779895785
|move|p2a: Heatran|Earth Power|p1a: Slowking
|-supereffective|p1a: Slowking
|-damage|p1a: Slowking|32/100
|-prepare|p1a: Slowking|Chilly Reception|[premajor]
|move|p1a: Slowking|Chilly Reception|p1a: Slowking
|
|t:|1779895793
|switch|p1a: Great Tusk|Great Tusk|100/100|[from] Chilly Reception
|
|-weather|Snowscape|[upkeep]
|upkeep
|turn|5
|
|t:|1779895799
|switch|p2a: Hatterene|Hatterene, F|100/100
|move|p1a: Great Tusk|Knock Off|p2a: Hatterene
|-damage|p2a: Hatterene|71/100
|-damage|p1a: Great Tusk|84/100|[from] item: Rocky Helmet|[of] p2a: Hatterene
|-enditem|p2a: Hatterene|Rocky Helmet|[from] move: Knock Off|[of] p1a: Great Tusk
|
|-weather|none
|-end|p2a: Hatterene|move: Future Sight
|-resisted|p2a: Hatterene
|-damage|p2a: Hatterene|47/100
|upkeep
|turn|6
|
|t:|1779895805
|-end|p1a: Great Tusk|Protosynthesis|[silent]
|switch|p1a: Slowking|Slowking-Galar, M|65/100
|move|p2a: Hatterene|Nuzzle|p1a: Slowking
|-damage|p1a: Slowking|61/100
|-status|p1a: Slowking|par
|
|upkeep
|turn|7
|
|t:|1779895808
|switch|p2a: Heatran|Heatran, F|100/100
|cant|p1a: Slowking|par
|
|upkeep
|turn|8
|
|t:|1779895813
|move|p2a: Heatran|Magma Storm|p1a: Slowking|[miss]
|-miss|p2a: Heatran|p1a: Slowking
|-prepare|p1a: Slowking|Chilly Reception|[premajor]
|move|p1a: Slowking|Chilly Reception|p1a: Slowking
|-weather|Snowscape
|
|t:|1779895818
|switch|p1a: Slither Wing|Slither Wing|100/100|[from] Chilly Reception
|
|-weather|Snowscape|[upkeep]
|upkeep
|turn|9
|
|t:|1779895822
|switch|p2a: Moltres|Moltres|100/100
|-end|p1a: Slither Wing|Protosynthesis|[silent]
|switch|p1a: Slowking|Slowking-Galar, M|94/100 par
|
|-weather|Snowscape|[upkeep]
|upkeep
|turn|10
|
|t:|1779895824
|move|p2a: Moltres|U-turn|p1a: Slowking
|-damage|p1a: Slowking|80/100 par
|
|t:|1779895825
|switch|p2a: Heatran|Heatran, F|100/100|[from] U-turn
|move|p1a: Slowking|Future Sight|p2a: Heatran
|-start|p1a: Slowking|move: Future Sight
|
|-weather|Snowscape|[upkeep]
|upkeep
|turn|11
|
|t:|1779895831
|move|p2a: Heatran|Earth Power|p1a: Slowking
|-supereffective|p1a: Slowking
|-damage|p1a: Slowking|28/100 par
|-unboost|p1a: Slowking|spd|1
|-prepare|p1a: Slowking|Chilly Reception|[premajor]
|move|p1a: Slowking|Chilly Reception|p1a: Slowking
|
|t:|1779895841
|switch|p1a: Primarina|Primarina, M, shiny|100/100|[from] Chilly Reception
|
|-weather|Snowscape|[upkeep]
|upkeep
|turn|12
|
|t:|1779895845
|switch|p2a: Hatterene|Hatterene, F|47/100
|move|p1a: Primarina|Psychic Noise|p2a: Hatterene
|-damage|p2a: Hatterene|15/100
|-start|p2a: Hatterene|move: Heal Block
|
|-weather|none
|-end|p2a: Hatterene|move: Future Sight
|-resisted|p2a: Hatterene
|-damage|p2a: Hatterene|0 fnt
|faint|p2a: Hatterene
|upkeep
|
|t:|1779895847
|switch|p2a: Ogerpon|Ogerpon-Wellspring, F|100/100
|turn|13
|
|t:|1779895858
|switch|p1a: Slither Wing|Slither Wing|100/100
|move|p2a: Ogerpon|Ivy Cudgel|p1a: Slither Wing|[anim] Ivy Cudgel Water
|-damage|p1a: Slither Wing|59/100
|
|upkeep
|turn|14
|
|t:|1779895862
|switch|p2a: Moltres|Moltres|100/100
|move|p1a: Slither Wing|U-turn|p2a: Moltres
|-resisted|p2a: Moltres
|-damage|p2a: Moltres|95/100
|
|t:|1779895870
|-end|p1a: Slither Wing|Protosynthesis|[silent]
|switch|p1a: Slowking|Slowking-Galar, M|62/100 par|[from] U-turn
|
|upkeep
|turn|15
|
|t:|1779895872
|move|p2a: Moltres|U-turn|p1a: Slowking
|-damage|p1a: Slowking|47/100 par
|
|t:|1779895873
|switch|p2a: Garganacl|Garganacl, F|100/100|[from] U-turn
|-prepare|p1a: Slowking|Chilly Reception|[premajor]
|move|p1a: Slowking|Chilly Reception|p1a: Slowking
|-weather|Snowscape
|
|t:|1779895889
|switch|p1a: Primarina|Primarina, M, shiny|100/100|[from] Chilly Reception
|
|-weather|Snowscape|[upkeep]
|upkeep
|turn|16
|
|t:|1779895895
|switch|p1a: Slither Wing|Slither Wing|59/100
|move|p2a: Garganacl|Salt Cure|p1a: Slither Wing
|-damage|p1a: Slither Wing|49/100
|-start|p1a: Slither Wing|Salt Cure
|
|-weather|Snowscape|[upkeep]
|-damage|p1a: Slither Wing|37/100|[from] Salt Cure
|upkeep
|turn|17
|
|t:|1779895899
|-end|p1a: Slither Wing|Protosynthesis|[silent]
|switch|p1a: Primarina|Primarina, M, shiny|100/100
|switch|p2a: Moltres|Moltres|95/100
|
|-weather|Snowscape|[upkeep]
|upkeep
|turn|18
|
|t:|1779895905
|move|p2a: Moltres|Will-O-Wisp|p1a: Primarina
|-status|p1a: Primarina|brn
|move|p1a: Primarina|Calm Mind|p1a: Primarina
|-boost|p1a: Primarina|spa|1
|-boost|p1a: Primarina|spd|1
|
|-weather|Snowscape|[upkeep]
|-damage|p1a: Primarina|94/100 brn|[from] brn
|upkeep
|turn|19
|
|t:|1779895911
|move|p2a: Moltres|U-turn|p1a: Primarina
|-resisted|p1a: Primarina
|-damage|p1a: Primarina|88/100 brn
|
|t:|1779895912
|switch|p2a: Ogerpon|Ogerpon-Wellspring, F|100/100|[from] U-turn
|move|p1a: Primarina|Calm Mind|p1a: Primarina
|-boost|p1a: Primarina|spa|1
|-boost|p1a: Primarina|spd|1
|
|-weather|none
|-heal|p1a: Primarina|94/100 brn|[from] item: Leftovers
|-damage|p1a: Primarina|88/100 brn|[from] brn
|upkeep
|turn|20
|
|t:|1779895934
|-terastallize|p1a: Primarina|Steel
|move|p2a: Ogerpon|Trailblaze|p1a: Primarina
|-resisted|p1a: Primarina
|-damage|p1a: Primarina|73/100 brn
|-boost|p2a: Ogerpon|spe|1
|move|p1a: Primarina|Encore|p2a: Ogerpon
|-start|p2a: Ogerpon|Encore
|
|-heal|p1a: Primarina|79/100 brn|[from] item: Leftovers
|-damage|p1a: Primarina|73/100 brn|[from] brn
|upkeep
|turn|21
|
|t:|1779895941
|switch|p2a: Heatran|Heatran, F|100/100
|move|p1a: Primarina|Draining Kiss|p2a: Heatran
|-resisted|p2a: Heatran
|-damage|p2a: Heatran|91/100
|-heal|p1a: Primarina|79/100 brn|[from] drain|[of] p2a: Heatran
|
|-heal|p1a: Primarina|85/100 brn|[from] item: Leftovers
|-damage|p1a: Primarina|79/100 brn|[from] brn
|upkeep
|turn|22
|
|t:|1779895949
|move|p2a: Heatran|Magma Storm|p1a: Primarina
|-supereffective|p1a: Primarina
|-damage|p1a: Primarina|19/100 brn
|-activate|p1a: Primarina|move: Magma Storm|[of] p2a: Heatran
|move|p1a: Primarina|Psychic Noise|p2a: Heatran
|-supereffective|p2a: Heatran
|-damage|p2a: Heatran|0 fnt
|faint|p2a: Heatran
|
|-heal|p1a: Primarina|25/100 brn|[from] item: Leftovers
|-damage|p1a: Primarina|19/100 brn|[from] brn
|-end|p1a: Primarina|Magma Storm|[partiallytrapped]|[silent]
|upkeep
|
|t:|1779895952
|switch|p2a: Ogerpon|Ogerpon-Wellspring, F|100/100
|turn|23
|
|t:|1779895958
|switch|p1a: Meowscarada|Meowscarada, M|100/100
|move|p2a: Ogerpon|Ivy Cudgel|p1a: Meowscarada|[anim] Ivy Cudgel Water
|-resisted|p1a: Meowscarada
|-damage|p1a: Meowscarada|56/100
|
|upkeep
|turn|24
|
|t:|1779895963
|switch|p1a: Slowking|Slowking-Galar, M|81/100 par
|switch|p2a: Moltres|Moltres|95/100
|
|upkeep
|turn|25
|
|t:|1779895967
|move|p2a: Moltres|U-turn|p1a: Slowking
|-crit|p1a: Slowking
|-damage|p1a: Slowking|59/100 par
|
|t:|1779895968
|switch|p2a: Garganacl|Garganacl, F|100/100|[from] U-turn
|move|p1a: Slowking|Future Sight|p2a: Garganacl
|-start|p1a: Slowking|move: Future Sight
|
|upkeep
|turn|26
|
|t:|1779895972
|move|p2a: Garganacl|Stealth Rock|p1a: Slowking
|-sidestart|p1: cachowcapow|move: Stealth Rock
|-prepare|p1a: Slowking|Chilly Reception|[premajor]
|move|p1a: Slowking|Chilly Reception|p1a: Slowking
|-weather|Snowscape
|
|t:|1779895997
|switch|p1a: Gardevoir|Gardevoir, M, shiny|100/100|[from] Chilly Reception
|-damage|p1a: Gardevoir|88/100|[from] Stealth Rock
|-ability|p1a: Gardevoir|Purifying Salt|Trace|[from] ability: Trace|[of] p2a: Garganacl
|
|-weather|Snowscape|[upkeep]
|upkeep
|turn|27
|
|t:|1779896002
|move|p1a: Gardevoir|Moonblast|p2a: Garganacl
|-crit|p2a: Garganacl
|-damage|p2a: Garganacl|26/100
|move|p2a: Garganacl|Salt Cure|p1a: Gardevoir
|-crit|p1a: Gardevoir
|-damage|p1a: Gardevoir|52/100
|-start|p1a: Gardevoir|Salt Cure
|
|-weather|Snowscape|[upkeep]
|-end|p2a: Garganacl|move: Future Sight
|-damage|p2a: Garganacl|0 fnt
|faint|p2a: Garganacl
|-damage|p1a: Gardevoir|40/100|[from] Salt Cure
|upkeep
|
|t:|1779896005
|switch|p2a: Gholdengo|Gholdengo|100/100
|-item|p2a: Gholdengo|Air Balloon
|turn|28
|
|t:|1779896009
|switch|p1a: Primarina|Primarina, M, shiny, tera:Steel|19/100 brn
|-damage|p1a: Primarina|13/100 brn|[from] Stealth Rock
|move|p2a: Gholdengo|Shadow Ball|p1a: Primarina
|-damage|p1a: Primarina|0 fnt
|faint|p1a: Primarina
|
|-weather|Snowscape|[upkeep]
|upkeep
|
|t:|1779896031
|switch|p1a: Meowscarada|Meowscarada, M|56/100
|-damage|p1a: Meowscarada|44/100|[from] Stealth Rock
|turn|29
|
|t:|1779896036
|-terastallize|p2a: Gholdengo|Fairy
|move|p1a: Meowscarada|U-turn|p2a: Gholdengo
|-start|p1a: Meowscarada|typechange|Bug|[from] ability: Protean
|-resisted|p2a: Gholdengo
|-damage|p2a: Gholdengo|75/100
|-enditem|p2a: Gholdengo|Air Balloon
|
|t:|1779896040
|switch|p1a: Slither Wing|Slither Wing|37/100|[from] U-turn
|-damage|p1a: Slither Wing|24/100|[from] Stealth Rock
|move|p2a: Gholdengo|Make It Rain|p1a: Slither Wing
|-damage|p1a: Slither Wing|0 fnt
|-unboost|p2a: Gholdengo|spa|1
|faint|p1a: Slither Wing
|-end|p1a: Slither Wing|Protosynthesis|[silent]
|
|-weather|Snowscape|[upkeep]
|upkeep
|
|t:|1779896048
|switch|p1a: Slowking|Slowking-Galar, M|92/100 par
|turn|30
|
|t:|1779896052
|move|p2a: Gholdengo|Nasty Plot|p2a: Gholdengo
|-boost|p2a: Gholdengo|spa|2
|move|p1a: Slowking|Sludge Bomb|p2a: Gholdengo
|-supereffective|p2a: Gholdengo
|-damage|p2a: Gholdengo|0 fnt
|faint|p2a: Gholdengo
|
|-weather|none
|upkeep
|
|t:|1779896055
|switch|p2a: Ogerpon|Ogerpon-Wellspring, F|100/100
|turn|31
|
|t:|1779896061
|move|p2a: Ogerpon|Ivy Cudgel|p1a: Slowking|[anim] Ivy Cudgel Water
|-damage|p1a: Slowking|29/100 par
|cant|p1a: Slowking|par
|
|upkeep
|turn|32
|
|t:|1779896073
|move|p2a: Ogerpon|Ivy Cudgel|p1a: Slowking|[anim] Ivy Cudgel Water
|-crit|p1a: Slowking
|-damage|p1a: Slowking|0 fnt
|faint|p1a: Slowking
|
|upkeep
|
|t:|1779896077
|switch|p1a: Meowscarada|Meowscarada, M|44/100
|-damage|p1a: Meowscarada|32/100|[from] Stealth Rock
|turn|33
|
|t:|1779896079
|switch|p2a: Moltres|Moltres|95/100
|move|p1a: Meowscarada|U-turn|p2a: Moltres
|-start|p1a: Meowscarada|typechange|Bug|[from] ability: Protean
|-resisted|p2a: Moltres
|-damage|p2a: Moltres|87/100
|-status|p1a: Meowscarada|brn|[from] ability: Flame Body|[of] p2a: Moltres
|
|t:|1779896089
|switch|p1a: Gardevoir|Gardevoir, M, shiny|40/100|[from] U-turn
|-damage|p1a: Gardevoir|28/100|[from] Stealth Rock
|-ability|p1a: Gardevoir|Flame Body|Trace|[from] ability: Trace|[of] p2a: Moltres
|
|upkeep
|turn|34
|
|t:|1779896091
|move|p1a: Gardevoir|Psyshock|p2a: Moltres
|-damage|p2a: Moltres|44/100
|move|p2a: Moltres|U-turn|p1a: Gardevoir
|-damage|p1a: Gardevoir|1/100
|
|t:|1779896093
|switch|p2a: Ogerpon|Ogerpon-Wellspring, F|100/100|[from] U-turn
|
|upkeep
|turn|35
|
|t:|1779896105
|move|p2a: Ogerpon|Trailblaze|p1a: Gardevoir
|-damage|p1a: Gardevoir|0 fnt
|-boost|p2a: Ogerpon|spe|1
|faint|p1a: Gardevoir
|
|upkeep
|-message|cachowcapow forfeited.
|
|win|SlNGULARlTY
|raw|cachowcapow's rating: 1491 &rarr; <strong>1472</strong><br />(-19 for losing)
|raw|SlNGULARlTY's rating: 1514 &rarr; <strong>1533</strong><br />(+19 for winning)
|l|☆cachowcapow
|player|p1|
|c|☆SlNGULARlTY|Gg ez
