|j|☆prakshep
|j|☆azureflatlands
|t:|1779957264
|gametype|singles
|player|p1|prakshep|nate|1488
|player|p2|azureflatlands|preschoolerf|1440
|gen|9
|tier|[Gen 9] OU
|rated|
|rule|HP Percentage Mod: HP is shown in percentages
|rule|Endless Battle Clause: Forcing endless battles is banned
|rule|Species Clause: Limit one of each Pokémon
|rule|OHKO Clause: OHKO moves are banned
|rule|Evasion Items Clause: Evasion items are banned
|rule|Evasion Moves Clause: Evasion moves are banned
|rule|Evasion Abilities Clause: Evasion abilities are banned
|rule|Sleep Moves Clause: Sleep-inducing moves are banned
|clearpoke
|poke|p1|Cinderace, F|
|poke|p1|Polteageist-Antique|
|poke|p1|Walking Wake|
|poke|p1|Zamazenta-*|
|poke|p1|Maushold-Four|
|poke|p1|Glimmora, F|
|poke|p2|Clodsire, M|
|poke|p2|Pecharunt|
|poke|p2|Talonflame, F|
|poke|p2|Weezing-Galar, F|
|poke|p2|Gliscor, F|
|poke|p2|Blissey, F|
|teampreview
|inactive|Battle timer is ON: inactive players will automatically lose when time's up. (requested by prakshep)
|
|t:|1779957270
|teamsize|p1|6
|teamsize|p2|6
|start
|switch|p1a: Cinderace|Cinderace, F, shiny|100/100
|switch|p2a: Gliscor|Gliscor, F|100/100
|turn|1
|
|t:|1779957274
|move|p2a: Gliscor|Protect|p2a: Gliscor
|-singleturn|p2a: Gliscor|Protect
|move|p1a: Cinderace|Pyro Ball|p2a: Gliscor
|-activate|p2a: Gliscor|move: Protect
|
|-status|p2a: Gliscor|tox|[from] item: Toxic Orb
|upkeep
|turn|2
|
|t:|1779957281
|switch|p1a: Glimmora|Glimmora, F, shiny|100/100
|move|p2a: Gliscor|Knock Off|p1a: Glimmora
|-damage|p1a: Glimmora|73/100
|-activate|p1a: Glimmora|ability: Toxic Debris
|-sidestart|p2: azureflatlands|move: Toxic Spikes
|-enditem|p1a: Glimmora|Power Herb|[from] move: Knock Off|[of] p2a: Gliscor
|
|upkeep
|turn|3
|
|t:|1779957290
|switch|p2a: Clodsire|Clodsire, M|100/100
|-sideend|p2: azureflatlands|move: Toxic Spikes|[of] p2a: Clodsire
|move|p1a: Glimmora|Meteor Beam||[still]
|-prepare|p1a: Glimmora|Meteor Beam
|-boost|p1a: Glimmora|spa|1
|
|upkeep
|turn|4
|
|t:|1779957296
|move|p1a: Glimmora|Meteor Beam|p2a: Clodsire|[from] lockedmove
|-resisted|p2a: Clodsire
|-damage|p2a: Clodsire|80/100
|move|p2a: Clodsire|Bulldoze|p1a: Glimmora
|-supereffective|p1a: Glimmora
|-damage|p1a: Glimmora|0 fnt
|-activate|p1a: Glimmora|ability: Toxic Debris
|-sidestart|p2: azureflatlands|move: Toxic Spikes
|faint|p1a: Glimmora
|
|-heal|p2a: Clodsire|86/100|[from] item: Leftovers
|upkeep
|
|t:|1779957302
|switch|p1a: Walking Wake|Walking Wake|100/100
|-enditem|p1a: Walking Wake|Booster Energy
|-activate|p1a: Walking Wake|ability: Protosynthesis|[fromitem]
|-start|p1a: Walking Wake|protosynthesisspa
|turn|5
|
|t:|1779957314
|switch|p2a: Blissey|Blissey, F|100/100
|-status|p2a: Blissey|psn
|move|p1a: Walking Wake|Hydro Steam|p2a: Blissey
|-damage|p2a: Blissey|84/100 psn
|
|-heal|p2a: Blissey|90/100 psn|[from] item: Leftovers
|-damage|p2a: Blissey|78/100 psn|[from] psn
|upkeep
|turn|6
|
|t:|1779957325
|move|p2a: Blissey|Stealth Rock|p1a: Walking Wake
|-sidestart|p1: prakshep|move: Stealth Rock
|move|p1a: Walking Wake|Roar|p2a: Blissey
|-curestatus|p2a: Blissey|psn|[from] ability: Natural Cure|[silent]
|drag|p2a: Talonflame|Talonflame, F|100/100
|
|upkeep
|turn|7
|
|t:|1779957332
|switch|p2a: Blissey|Blissey, F|78/100
|-status|p2a: Blissey|psn
|move|p1a: Walking Wake|Hydro Steam|p2a: Blissey
|-damage|p2a: Blissey|62/100 psn
|
|-heal|p2a: Blissey|68/100 psn|[from] item: Leftovers
|-damage|p2a: Blissey|55/100 psn|[from] psn
|upkeep
|turn|8
|
|t:|1779957342
|move|p1a: Walking Wake|Hurricane|p2a: Blissey
|-damage|p2a: Blissey|38/100 psn
|move|p2a: Blissey|Soft-Boiled|p2a: Blissey
|-heal|p2a: Blissey|88/100 psn
|
|-heal|p2a: Blissey|95/100 psn|[from] item: Leftovers
|-damage|p2a: Blissey|82/100 psn|[from] psn
|upkeep
|turn|9
|
|t:|1779957348
|-end|p1a: Walking Wake|Protosynthesis|[silent]
|switch|p1a: Cinderace|Cinderace, F, shiny|100/100
|-damage|p1a: Cinderace|76/100|[from] Stealth Rock
|-curestatus|p2a: Blissey|psn|[from] ability: Natural Cure|[silent]
|switch|p2a: Clodsire|Clodsire, M|86/100
|-sideend|p2: azureflatlands|move: Toxic Spikes|[of] p2a: Clodsire
|
|-heal|p2a: Clodsire|92/100|[from] item: Leftovers
|upkeep
|turn|10
|
|t:|1779957358
|switch|p2a: Weezing|Weezing-Galar, F|100/100
|-ability|p2a: Weezing|Neutralizing Gas
|move|p1a: Cinderace|Court Change|p1a: Cinderace
|-swapsideconditions
|-activate|p1a: Cinderace|move: Court Change
|
|upkeep
|turn|11
|
|t:|1779957362
|move|p1a: Cinderace|Pyro Ball|p2a: Weezing
|-damage|p2a: Weezing|61/100
|move|p2a: Weezing|Defog|p1a: Cinderace
|-unboost|p1a: Cinderace|evasion|1
|-sideend|p2: azureflatlands|Stealth Rock|[from] move: Defog|[of] p2a: Weezing
|
|upkeep
|turn|12
|
|t:|1779957366
|-end|p2a: Weezing|ability: Neutralizing Gas
|switch|p2a: Gliscor|Gliscor, F|100/100 tox
|move|p1a: Cinderace|Pyro Ball|p2a: Gliscor
|-damage|p2a: Gliscor|58/100 tox
|
|-heal|p2a: Gliscor|70/100 tox|[from] ability: Poison Heal
|upkeep
|turn|13
|
|t:|1779957374
|move|p1a: Cinderace|Pyro Ball|p2a: Gliscor
|-damage|p2a: Gliscor|31/100 tox
|move|p2a: Gliscor|Knock Off|p1a: Cinderace
|-damage|p1a: Cinderace|45/100
|-enditem|p1a: Cinderace|Wide Lens|[from] move: Knock Off|[of] p2a: Gliscor
|
|-heal|p2a: Gliscor|43/100 tox|[from] ability: Poison Heal
|upkeep
|turn|14
|
|t:|1779957382
|move|p2a: Gliscor|Protect|p2a: Gliscor
|-singleturn|p2a: Gliscor|Protect
|move|p1a: Cinderace|Pyro Ball|p2a: Gliscor
|-activate|p2a: Gliscor|move: Protect
|
|-heal|p2a: Gliscor|56/100 tox|[from] ability: Poison Heal
|upkeep
|turn|15
|
|t:|1779957390
|move|p1a: Cinderace|Pyro Ball|p2a: Gliscor
|-damage|p2a: Gliscor|18/100 tox
|move|p2a: Gliscor|Knock Off|p1a: Cinderace
|-crit|p1a: Cinderace
|-damage|p1a: Cinderace|14/100
|
|-heal|p2a: Gliscor|31/100 tox|[from] ability: Poison Heal
|upkeep
|turn|16
|
|t:|1779957397
|move|p2a: Gliscor|Protect|p2a: Gliscor
|-singleturn|p2a: Gliscor|Protect
|move|p1a: Cinderace|Pyro Ball|p2a: Gliscor
|-activate|p2a: Gliscor|move: Protect
|
|-heal|p2a: Gliscor|43/100 tox|[from] ability: Poison Heal
|upkeep
|turn|17
|
|t:|1779957402
|move|p1a: Cinderace|Pyro Ball|p2a: Gliscor
|-damage|p2a: Gliscor|4/100 tox
|move|p2a: Gliscor|Knock Off|p1a: Cinderace
|-damage|p1a: Cinderace|0 fnt
|faint|p1a: Cinderace
|
|-heal|p2a: Gliscor|16/100 tox|[from] ability: Poison Heal
|upkeep
|
|t:|1779957415
|switch|p1a: Walking Wake|Walking Wake|100/100
|turn|18
|
|t:|1779957420
|move|p2a: Gliscor|Protect|p2a: Gliscor
|-singleturn|p2a: Gliscor|Protect
|move|p1a: Walking Wake|Hydro Steam|p2a: Gliscor
|-activate|p2a: Gliscor|move: Protect
|
|-heal|p2a: Gliscor|29/100 tox|[from] ability: Poison Heal
|upkeep
|turn|19
|
|t:|1779957425
|switch|p2a: Blissey|Blissey, F|82/100
|move|p1a: Walking Wake|Hurricane|p2a: Blissey
|-damage|p2a: Blissey|70/100
|-start|p2a: Blissey|confusion
|
|-heal|p2a: Blissey|76/100|[from] item: Leftovers
|upkeep
|turn|20
|
|t:|1779957436
|move|p1a: Walking Wake|Draco Meteor|p2a: Blissey
|-damage|p2a: Blissey|52/100
|-unboost|p1a: Walking Wake|spa|2
|-activate|p2a: Blissey|confusion
|move|p2a: Blissey|Stealth Rock|p1a: Walking Wake
|-sidestart|p1: prakshep|move: Stealth Rock
|
|-heal|p2a: Blissey|58/100|[from] item: Leftovers
|upkeep
|turn|21
|
|t:|1779957442
|-end|p1a: Walking Wake|Protosynthesis|[silent]
|switch|p1a: Maushold|Maushold-Four, shiny|100/100
|-damage|p1a: Maushold|88/100|[from] Stealth Rock
|-activate|p2a: Blissey|confusion
|-damage|p2a: Blissey|57/100|[from] confusion
|
|-heal|p2a: Blissey|63/100|[from] item: Leftovers
|upkeep
|turn|22
|
|t:|1779957450
|switch|p2a: Pecharunt|Pecharunt|100/100
|move|p1a: Maushold|Tidy Up|p1a: Maushold
|-sideend|p1: prakshep|Stealth Rock
|-activate|p1a: Maushold|move: Tidy Up
|-boost|p1a: Maushold|atk|1
|-boost|p1a: Maushold|spe|1
|
|upkeep
|turn|23
|
|t:|1779957472
|move|p1a: Maushold|Bite|p2a: Pecharunt
|-supereffective|p2a: Pecharunt
|-damage|p2a: Pecharunt|67/100
|-damage|p1a: Maushold|72/100|[from] item: Rocky Helmet|[of] p2a: Pecharunt
|move|p2a: Pecharunt|Malignant Chain|p1a: Maushold
|-damage|p1a: Maushold|23/100
|-status|p1a: Maushold|tox
|-start|p1a: Maushold|confusion|[from] ability: Poison Puppeteer|[of] p2a: Pecharunt
|
|-damage|p1a: Maushold|17/100 tox|[from] psn
|upkeep
|turn|24
|
|t:|1779957483
|-activate|p1a: Maushold|confusion
|move|p1a: Maushold|Bite|p2a: Pecharunt
|-supereffective|p2a: Pecharunt
|-damage|p2a: Pecharunt|34/100
|-damage|p1a: Maushold|0 fnt|[from] item: Rocky Helmet|[of] p2a: Pecharunt
|faint|p1a: Maushold
|move|p2a: Pecharunt|Recover|p2a: Pecharunt
|-heal|p2a: Pecharunt|84/100
|
|upkeep
|inactive|prakshep has 120 seconds left.
|
|t:|1779957516
|switch|p1a: Walking Wake|Walking Wake|100/100
|turn|25
|
|t:|1779957528
|switch|p2a: Blissey|Blissey, F|63/100
|move|p1a: Walking Wake|Draco Meteor|p2a: Blissey
|-damage|p2a: Blissey|39/100
|-unboost|p1a: Walking Wake|spa|2
|
|-heal|p2a: Blissey|45/100|[from] item: Leftovers
|upkeep
|turn|26
|
|t:|1779957535
|-end|p1a: Walking Wake|Protosynthesis|[silent]
|switch|p1a: Zamazenta|Zamazenta, shiny|100/100
|-ability|p1a: Zamazenta|Dauntless Shield|boost
|-boost|p1a: Zamazenta|def|1
|move|p2a: Blissey|Soft-Boiled|p2a: Blissey
|-heal|p2a: Blissey|95/100
|
|-heal|p2a: Blissey|100/100|[from] item: Leftovers
|upkeep
|turn|27
|
|t:|1779957543
|switch|p1a: Polteageist|Polteageist-Antique|100/100
|switch|p2a: Pecharunt|Pecharunt|84/100
|
|upkeep
|turn|28
|
|t:|1779957549
|move|p1a: Polteageist|Shell Smash|p1a: Polteageist
|-unboost|p1a: Polteageist|def|1
|-unboost|p1a: Polteageist|spd|1
|-boost|p1a: Polteageist|atk|2
|-boost|p1a: Polteageist|spa|2
|-boost|p1a: Polteageist|spe|2
|move|p2a: Pecharunt|Foul Play|p1a: Polteageist
|-supereffective|p1a: Polteageist
|-enditem|p1a: Polteageist|Focus Sash
|-damage|p1a: Polteageist|1/100
|-ability|p1a: Polteageist|Weak Armor|boost
|-unboost|p1a: Polteageist|def|1
|-boost|p1a: Polteageist|spe|2
|
|upkeep
|turn|29
|
|t:|1779957559
|move|p1a: Polteageist|Shadow Ball|p2a: Pecharunt
|-supereffective|p2a: Pecharunt
|-damage|p2a: Pecharunt|0 fnt
|faint|p2a: Pecharunt
|
|upkeep
|
|t:|1779957562
|switch|p2a: Clodsire|Clodsire, M|92/100
|turn|30
|
|t:|1779957566
|-terastallize|p2a: Clodsire|Dark
|move|p1a: Polteageist|Stored Power|p2a: Clodsire
|-immune|p2a: Clodsire
|move|p2a: Clodsire|Bulldoze|p1a: Polteageist
|-damage|p1a: Polteageist|0 fnt
|faint|p1a: Polteageist
|
|-heal|p2a: Clodsire|98/100|[from] item: Leftovers
|upkeep
|
|t:|1779957572
|switch|p1a: Zamazenta|Zamazenta, shiny|100/100
|turn|31
|
|t:|1779957578
|-terastallize|p1a: Zamazenta|Steel
|move|p1a: Zamazenta|Iron Defense|p1a: Zamazenta
|-boost|p1a: Zamazenta|def|2
|move|p2a: Clodsire|Counter||[still]
|-fail|p2a: Clodsire
|
|-heal|p2a: Clodsire|100/100|[from] item: Leftovers
|upkeep
|turn|32
|
|t:|1779957584
|move|p1a: Zamazenta|Iron Defense|p1a: Zamazenta
|-boost|p1a: Zamazenta|def|2
|move|p2a: Clodsire|Counter||[still]
|-fail|p2a: Clodsire
|
|upkeep
|turn|33
|
|t:|1779957587
|move|p1a: Zamazenta|Crunch|p2a: Clodsire
|-resisted|p2a: Clodsire
|-damage|p2a: Clodsire|91/100
|-unboost|p2a: Clodsire|def|1
|move|p2a: Clodsire|Counter|p1a: Zamazenta
|-damage|p1a: Zamazenta|76/100
|
|-heal|p1a: Zamazenta|82/100|[from] item: Leftovers
|-heal|p2a: Clodsire|97/100|[from] item: Leftovers
|upkeep
|turn|34
|
|t:|1779957592
|move|p1a: Zamazenta|Crunch|p2a: Clodsire
|-resisted|p2a: Clodsire
|-damage|p2a: Clodsire|82/100
|-unboost|p2a: Clodsire|def|1
|move|p2a: Clodsire|Counter|p1a: Zamazenta
|-damage|p1a: Zamazenta|47/100
|
|-heal|p1a: Zamazenta|53/100|[from] item: Leftovers
|-heal|p2a: Clodsire|89/100|[from] item: Leftovers
|upkeep
|turn|35
|
|t:|1779957596
|move|p1a: Zamazenta|Body Press|p2a: Clodsire
|-supereffective|p2a: Clodsire
|-damage|p2a: Clodsire|0 fnt
|faint|p2a: Clodsire
|
|-heal|p1a: Zamazenta|59/100|[from] item: Leftovers
|upkeep
|
|t:|1779957603
|switch|p2a: Weezing|Weezing-Galar, F|61/100
|-ability|p2a: Weezing|Neutralizing Gas
|turn|36
|
|t:|1779957606
|move|p1a: Zamazenta|Heavy Slam|p2a: Weezing
|-supereffective|p2a: Weezing
|-damage|p2a: Weezing|0 fnt
|faint|p2a: Weezing
|-end|p2a: Weezing|ability: Neutralizing Gas
|
|-heal|p1a: Zamazenta|65/100|[from] item: Leftovers
|upkeep
|
|t:|1779957612
|switch|p2a: Talonflame|Talonflame, F|100/100
|turn|37
|
|t:|1779957616
|switch|p1a: Walking Wake|Walking Wake|100/100
|move|p2a: Talonflame|Will-O-Wisp|p1a: Walking Wake
|-status|p1a: Walking Wake|brn
|
|-damage|p1a: Walking Wake|94/100 brn|[from] brn
|upkeep
|turn|38
|
|t:|1779957621
|switch|p2a: Blissey|Blissey, F|100/100
|move|p1a: Walking Wake|Hydro Steam|p2a: Blissey
|-damage|p2a: Blissey|87/100
|
|-heal|p2a: Blissey|93/100|[from] item: Leftovers
|-damage|p1a: Walking Wake|88/100 brn|[from] brn
|upkeep
|turn|39
|
|t:|1779957628
|-end|p1a: Walking Wake|Protosynthesis|[silent]
|switch|p1a: Zamazenta|Zamazenta, shiny, tera:Steel|65/100
|move|p2a: Blissey|Flamethrower|p1a: Zamazenta
|-supereffective|p1a: Zamazenta
|-damage|p1a: Zamazenta|32/100
|
|-heal|p1a: Zamazenta|39/100|[from] item: Leftovers
|-heal|p2a: Blissey|99/100|[from] item: Leftovers
|upkeep
|turn|40
|
|t:|1779957633
|switch|p1a: Walking Wake|Walking Wake|88/100 brn
|switch|p2a: Talonflame|Talonflame, F|100/100
|
|-damage|p1a: Walking Wake|82/100 brn|[from] brn
|upkeep
|turn|41
|
|t:|1779957636
|switch|p2a: Blissey|Blissey, F|99/100
|move|p1a: Walking Wake|Roar|p2a: Blissey
|drag|p2a: Talonflame|Talonflame, F|100/100
|
|-damage|p1a: Walking Wake|76/100 brn|[from] brn
|upkeep
|turn|42
|
|t:|1779957639
|switch|p2a: Blissey|Blissey, F|99/100
|move|p1a: Walking Wake|Roar|p2a: Blissey
|drag|p2a: Gliscor|Gliscor, F|29/100 tox
|
|-heal|p2a: Gliscor|41/100 tox|[from] ability: Poison Heal
|-damage|p1a: Walking Wake|70/100 brn|[from] brn
|upkeep
|turn|43
|
|t:|1779957653
|switch|p2a: Blissey|Blissey, F|99/100
|move|p1a: Walking Wake|Hurricane|p2a: Blissey|[miss]
|-miss|p1a: Walking Wake|p2a: Blissey
|
|-heal|p2a: Blissey|100/100|[from] item: Leftovers
|-damage|p1a: Walking Wake|63/100 brn|[from] brn
|upkeep
|turn|44
|
|t:|1779957658
|move|p1a: Walking Wake|Hurricane|p2a: Blissey
|-damage|p2a: Blissey|87/100
|-start|p2a: Blissey|confusion
|-activate|p2a: Blissey|confusion
|-damage|p2a: Blissey|87/100|[from] confusion
|
|-heal|p2a: Blissey|93/100|[from] item: Leftovers
|-damage|p1a: Walking Wake|57/100 brn|[from] brn
|upkeep
|turn|45
|
|t:|1779957663
|-end|p1a: Walking Wake|Protosynthesis|[silent]
|switch|p1a: Zamazenta|Zamazenta, shiny, tera:Steel|39/100
|-activate|p2a: Blissey|confusion
|-damage|p2a: Blissey|92/100|[from] confusion
|
|-heal|p1a: Zamazenta|45/100|[from] item: Leftovers
|-heal|p2a: Blissey|98/100|[from] item: Leftovers
|upkeep
|turn|46
|
|t:|1779957667
|switch|p1a: Walking Wake|Walking Wake|57/100 brn
|switch|p2a: Talonflame|Talonflame, F|100/100
|
|-damage|p1a: Walking Wake|51/100 brn|[from] brn
|upkeep
|turn|47
|
|t:|1779957669
|switch|p2a: Blissey|Blissey, F|98/100
|move|p1a: Walking Wake|Hydro Steam|p2a: Blissey
|-crit|p2a: Blissey
|-damage|p2a: Blissey|76/100
|
|-heal|p2a: Blissey|82/100|[from] item: Leftovers
|-damage|p1a: Walking Wake|45/100 brn|[from] brn
|upkeep
|turn|48
|
|t:|1779957674
|move|p1a: Walking Wake|Hurricane|p2a: Blissey
|-damage|p2a: Blissey|69/100
|move|p2a: Blissey|Stealth Rock|p1a: Walking Wake
|-sidestart|p1: prakshep|move: Stealth Rock
|
|-heal|p2a: Blissey|75/100|[from] item: Leftovers
|-damage|p1a: Walking Wake|39/100 brn|[from] brn
|upkeep
|turn|49
|
|t:|1779957679
|move|p2a: Blissey|Flamethrower|p1a: Walking Wake
|-resisted|p1a: Walking Wake
|-damage|p1a: Walking Wake|34/100 brn
|move|p1a: Walking Wake|Roar|p2a: Blissey
|drag|p2a: Gliscor|Gliscor, F|41/100 tox
|
|-heal|p2a: Gliscor|54/100 tox|[from] ability: Poison Heal
|-damage|p1a: Walking Wake|28/100 brn|[from] brn
|upkeep
|turn|50
|
|t:|1779957687
|switch|p2a: Blissey|Blissey, F|75/100
|move|p1a: Walking Wake|Hurricane|p2a: Blissey|[miss]
|-miss|p1a: Walking Wake|p2a: Blissey
|
|-heal|p2a: Blissey|81/100|[from] item: Leftovers
|-damage|p1a: Walking Wake|21/100 brn|[from] brn
|upkeep
|turn|51
|
|t:|1779957689
|move|p1a: Walking Wake|Hurricane|p2a: Blissey
|-damage|p2a: Blissey|69/100
|move|p2a: Blissey|Flamethrower|p1a: Walking Wake
|-resisted|p1a: Walking Wake
|-damage|p1a: Walking Wake|17/100 brn
|
|-heal|p2a: Blissey|75/100|[from] item: Leftovers
|-damage|p1a: Walking Wake|11/100 brn|[from] brn
|upkeep
|turn|52
|
|t:|1779957692
|move|p1a: Walking Wake|Draco Meteor|p2a: Blissey
|-damage|p2a: Blissey|54/100
|-unboost|p1a: Walking Wake|spa|2
|move|p2a: Blissey|Soft-Boiled|p2a: Blissey
|-heal|p2a: Blissey|100/100
|
|-damage|p1a: Walking Wake|5/100 brn|[from] brn
|upkeep
|turn|53
|
|t:|1779957698
|move|p1a: Walking Wake|Draco Meteor|p2a: Blissey|[miss]
|-miss|p1a: Walking Wake|p2a: Blissey
|move|p2a: Blissey|Flamethrower|p1a: Walking Wake
|-resisted|p1a: Walking Wake
|-damage|p1a: Walking Wake|0 fnt
|faint|p1a: Walking Wake
|-end|p1a: Walking Wake|Protosynthesis|[silent]
|
|upkeep
|
|t:|1779957699
|switch|p1a: Zamazenta|Zamazenta, shiny, tera:Steel|45/100
|-damage|p1a: Zamazenta|39/100|[from] Stealth Rock
|turn|54
|
|t:|1779957703
|move|p1a: Zamazenta|Body Press|p2a: Blissey
|-supereffective|p2a: Blissey
|-damage|p2a: Blissey|23/100
|move|p2a: Blissey|Flamethrower|p1a: Zamazenta
|-supereffective|p1a: Zamazenta
|-damage|p1a: Zamazenta|11/100
|
|-heal|p1a: Zamazenta|17/100|[from] item: Leftovers
|-heal|p2a: Blissey|29/100|[from] item: Leftovers
|upkeep
|turn|55
|
|t:|1779957706
|move|p1a: Zamazenta|Iron Defense|p1a: Zamazenta
|-boost|p1a: Zamazenta|def|2
|move|p2a: Blissey|Flamethrower|p1a: Zamazenta
|-supereffective|p1a: Zamazenta
|-damage|p1a: Zamazenta|0 fnt
|faint|p1a: Zamazenta
|
|win|azureflatlands
|raw|prakshep's rating: 1488 &rarr; <strong>1465</strong><br />(-23 for losing)
|raw|azureflatlands's rating: 1440 &rarr; <strong>1463</strong><br />(+23 for winning)
|l|☆prakshep
|player|p1|
|l|☆azureflatlands
|player|p2|
