|j|☆Kirbo_420
|j|☆bulongshaonian
|t:|1779933081
|gametype|singles
|player|p1|Kirbo_420|swimmer-gen4|1000
|player|p2|bulongshaonian|winona|1027
|gen|9
|tier|[Gen 9] OU
|rated|
|rule|HP Percentage Mod: HP is shown in percentages
|rule|Endless Battle Clause: Forcing endless battles is banned
|rule|Species Clause: Limit one of each Pokémon
|rule|OHKO Clause: OHKO moves are banned
|rule|Evasion Items Clause: Evasion items are banned
|rule|Evasion Moves Clause: Evasion moves are banned
|rule|Evasion Abilities Clause: Evasion abilities are banned
|rule|Sleep Moves Clause: Sleep-inducing moves are banned
|clearpoke
|poke|p1|Swanna, M|
|poke|p1|Rotom-Frost|
|poke|p1|Regirock|
|poke|p1|Ludicolo, F|
|poke|p1|Medicham, F|
|poke|p1|Vikavolt, F|
|poke|p2|Tornadus-Therian, M|
|poke|p2|Heatran, F|
|poke|p2|Dragapult, F|
|poke|p2|Blissey, F|
|poke|p2|Gliscor, M|
|poke|p2|Great Tusk|
|teampreview
|
|t:|1779933095
|teamsize|p1|6
|teamsize|p2|6
|start
|switch|p1a: Rotom|Rotom-Frost|100/100
|switch|p2a: Heatran|Heatran, F, shiny|100/100
|-item|p2a: Heatran|Air Balloon
|turn|1
|
|t:|1779933105
|move|p2a: Heatran|Stealth Rock|p1a: Rotom
|-sidestart|p1: Kirbo_420|move: Stealth Rock
|move|p1a: Rotom|Rain Dance|p1a: Rotom
|-weather|RainDance
|
|-weather|RainDance|[upkeep]
|upkeep
|turn|2
|
|t:|1779933122
|switch|p2a: Great Tusk|Great Tusk|100/100
|-enditem|p2a: Great Tusk|Booster Energy
|-activate|p2a: Great Tusk|ability: Protosynthesis|[fromitem]
|-start|p2a: Great Tusk|protosynthesisatk
|move|p1a: Rotom|Thunder|p2a: Great Tusk
|-immune|p2a: Great Tusk
|
|-weather|RainDance|[upkeep]
|upkeep
|turn|3
|
|t:|1779933139
|move|p1a: Rotom|Shadow Ball|p2a: Great Tusk
|-damage|p2a: Great Tusk|68/100
|move|p2a: Great Tusk|Ice Spinner|p1a: Rotom
|-resisted|p1a: Rotom
|-damage|p1a: Rotom|77/100
|-damage|p2a: Great Tusk|51/100|[from] item: Rocky Helmet|[of] p1a: Rotom
|
|-weather|RainDance|[upkeep]
|upkeep
|turn|4
|
|t:|1779933181
|-end|p2a: Great Tusk|Protosynthesis|[silent]
|switch|p2a: Blissey|Blissey, F|100/100
|move|p1a: Rotom|Reflect|p1a: Rotom
|-sidestart|p1: Kirbo_420|Reflect
|
|-weather|RainDance|[upkeep]
|upkeep
|turn|5
|
|t:|1779933190
|move|p1a: Rotom|Thunder|p2a: Blissey
|-damage|p2a: Blissey|86/100
|move|p2a: Blissey|Calm Mind|p2a: Blissey
|-boost|p2a: Blissey|spa|1
|-boost|p2a: Blissey|spd|1
|
|-weather|none
|-heal|p2a: Blissey|93/100|[from] item: Leftovers
|upkeep
|turn|6
|
|t:|1779933219
|move|p1a: Rotom|Rain Dance|p1a: Rotom
|-weather|RainDance
|move|p2a: Blissey|Calm Mind|p2a: Blissey
|-boost|p2a: Blissey|spa|1
|-boost|p2a: Blissey|spd|1
|
|-weather|RainDance|[upkeep]
|-heal|p2a: Blissey|99/100|[from] item: Leftovers
|upkeep
|turn|7
|
|t:|1779933226
|switch|p1a: Vikavolt|Vikavolt, F|100/100
|-damage|p1a: Vikavolt|76/100|[from] Stealth Rock
|move|p2a: Blissey|Calm Mind|p2a: Blissey
|-boost|p2a: Blissey|spa|1
|-boost|p2a: Blissey|spd|1
|
|-weather|RainDance|[upkeep]
|-heal|p2a: Blissey|100/100|[from] item: Leftovers
|upkeep
|turn|8
|
|t:|1779933240
|move|p1a: Vikavolt|Supercell Slam|p2a: Blissey
|-damage|p2a: Blissey|78/100
|move|p2a: Blissey|Dazzling Gleam|p1a: Vikavolt
|-damage|p1a: Vikavolt|21/100
|-enditem|p1a: Vikavolt|Red Card|[of] p2a: Blissey
|drag|p2a: Gliscor|Gliscor, M|100/100
|
|-weather|RainDance|[upkeep]
|-sideend|p1: Kirbo_420|Reflect
|-status|p2a: Gliscor|tox|[from] item: Toxic Orb
|upkeep
|turn|9
|
|t:|1779933253
|switch|p1a: Medicham|Medicham, F|100/100
|-damage|p1a: Medicham|94/100|[from] Stealth Rock
|move|p2a: Gliscor|Acrobatics|p1a: Medicham
|-supereffective|p1a: Medicham
|-damage|p1a: Medicham|29/100
|
|-weather|RainDance|[upkeep]
|upkeep
|turn|10
|
|t:|1779933265
|move|p1a: Medicham|Psycho Cut|p2a: Gliscor
|-damage|p2a: Gliscor|54/100 tox
|-damage|p1a: Medicham|19/100|[from] item: Life Orb
|move|p2a: Gliscor|Acrobatics|p1a: Medicham
|-supereffective|p1a: Medicham
|-damage|p1a: Medicham|0 fnt
|faint|p1a: Medicham
|
|-weather|none
|-heal|p2a: Gliscor|66/100 tox|[from] ability: Poison Heal
|upkeep
|
|t:|1779933276
|switch|p1a: Regirock|Regirock|100/100
|-damage|p1a: Regirock|88/100|[from] Stealth Rock
|turn|11
|
|t:|1779933283
|move|p2a: Gliscor|Earthquake|p1a: Regirock
|-supereffective|p1a: Regirock
|-damage|p1a: Regirock|51/100
|move|p1a: Regirock|Heavy Slam|p2a: Gliscor
|-damage|p2a: Gliscor|44/100 tox
|
|-heal|p2a: Gliscor|56/100 tox|[from] ability: Poison Heal
|upkeep
|turn|12
|
|t:|1779933293
|move|p2a: Gliscor|Toxic|p1a: Regirock
|-status|p1a: Regirock|tox
|move|p1a: Regirock|Explosion|p2a: Gliscor
|-damage|p2a: Gliscor|2/100 tox
|faint|p1a: Regirock
|
|-heal|p2a: Gliscor|14/100 tox|[from] ability: Poison Heal
|upkeep
|
|t:|1779933302
|switch|p1a: Swanna|Swanna, M|100/100
|-damage|p1a: Swanna|76/100|[from] Stealth Rock
|turn|13
|
|t:|1779933314
|move|p1a: Swanna|Double-Edge|p2a: Gliscor
|-damage|p2a: Gliscor|0 fnt
|faint|p2a: Gliscor
|-damage|p1a: Swanna|71/100|[from] Recoil
|
|-heal|p1a: Swanna|77/100|[from] item: Leftovers
|upkeep
|
|t:|1779933334
|switch|p2a: Blissey|Blissey, F|78/100
|turn|14
|
|t:|1779933341
|move|p1a: Swanna|Double-Edge|p2a: Blissey
|-damage|p2a: Blissey|58/100
|-damage|p1a: Swanna|64/100|[from] Recoil
|move|p2a: Blissey|Calm Mind|p2a: Blissey
|-boost|p2a: Blissey|spa|1
|-boost|p2a: Blissey|spd|1
|
|-heal|p1a: Swanna|70/100|[from] item: Leftovers
|-heal|p2a: Blissey|64/100|[from] item: Leftovers
|upkeep
|turn|15
|
|t:|1779933364
|move|p1a: Swanna|Double-Edge|p2a: Blissey
|-damage|p2a: Blissey|42/100
|-damage|p1a: Swanna|55/100|[from] Recoil
|move|p2a: Blissey|Soft-Boiled|p2a: Blissey
|-heal|p2a: Blissey|92/100
|
|-heal|p1a: Swanna|61/100|[from] item: Leftovers
|-heal|p2a: Blissey|98/100|[from] item: Leftovers
|upkeep
|turn|16
|
|t:|1779933377
|move|p1a: Swanna|Chilling Water|p2a: Blissey
|-damage|p2a: Blissey|94/100
|-unboost|p2a: Blissey|atk|1
|move|p2a: Blissey|Calm Mind|p2a: Blissey
|-boost|p2a: Blissey|spa|1
|-boost|p2a: Blissey|spd|1
|
|-heal|p1a: Swanna|67/100|[from] item: Leftovers
|-heal|p2a: Blissey|99/100|[from] item: Leftovers
|upkeep
|turn|17
|
|t:|1779933392
|switch|p1a: Vikavolt|Vikavolt, F|21/100
|-damage|p1a: Vikavolt|0 fnt|[from] Stealth Rock
|faint|p1a: Vikavolt
|move|p2a: Blissey|Calm Mind|p2a: Blissey
|-boost|p2a: Blissey|spa|1
|-boost|p2a: Blissey|spd|1
|
|-heal|p2a: Blissey|100/100|[from] item: Leftovers
|upkeep
|
|t:|1779933402
|switch|p1a: Ludicolo|Ludicolo, F|100/100
|-damage|p1a: Ludicolo|88/100|[from] Stealth Rock
|turn|18
|
|t:|1779933410
|move|p1a: Ludicolo|Weather Ball|p2a: Blissey
|-damage|p2a: Blissey|98/100
|move|p2a: Blissey|Calm Mind|p2a: Blissey
|-boost|p2a: Blissey|spa|1
|-boost|p2a: Blissey|spd|1
|
|-heal|p2a: Blissey|100/100|[from] item: Leftovers
|upkeep
|turn|19
|
|t:|1779933442
|move|p1a: Ludicolo|Leaf Storm|p2a: Blissey
|-damage|p2a: Blissey|91/100
|-unboost|p1a: Ludicolo|spa|2
|move|p2a: Blissey|Calm Mind|p2a: Blissey
|-boost|p2a: Blissey|spa|1
|-boost|p2a: Blissey|spd|1
|
|-heal|p2a: Blissey|97/100|[from] item: Leftovers
|upkeep
|turn|20
|-message|Kirbo_420 forfeited.
|
|win|bulongshaonian
|raw|Kirbo_420's rating: 1000 &rarr; <strong>1000</strong><br />(+0 for losing)
|raw|bulongshaonian's rating: 1027 &rarr; <strong>1060</strong><br />(+33 for winning)
|l|☆Kirbo_420
|player|p1|
|l|☆bulongshaonian
|player|p2|
