|j|☆goober #1048
|j|☆Titanium Tango
|t:|1779841644
|gametype|singles
|player|p1|goober #1048|gambler|1113
|player|p2|Titanium Tango|depotagent|1059
|gen|9
|tier|[Gen 9] OU
|rated|
|rule|HP Percentage Mod: HP is shown in percentages
|rule|Endless Battle Clause: Forcing endless battles is banned
|rule|Species Clause: Limit one of each Pokémon
|rule|OHKO Clause: OHKO moves are banned
|rule|Evasion Items Clause: Evasion items are banned
|rule|Evasion Moves Clause: Evasion moves are banned
|rule|Evasion Abilities Clause: Evasion abilities are banned
|rule|Sleep Moves Clause: Sleep-inducing moves are banned
|clearpoke
|poke|p1|Numel, F|
|poke|p2|Spidops, F|
|poke|p2|Volbeat, M|
|poke|p2|Conkeldurr, M|
|poke|p2|Klawf, M|
|poke|p2|Dugtrio-Alola, F|
|poke|p2|Amoonguss, F|
|teampreview
|c|☆Titanium Tango|gl hf!
|
|t:|1779841649
|teamsize|p1|1
|teamsize|p2|6
|start
|switch|p1a: Numel|Numel, F, shiny|100/100
|switch|p2a: Dugtrio|Dugtrio-Alola, F|100/100
|turn|1
|
|t:|1779841658
|-terastallize|p1a: Numel|Water
|move|p2a: Dugtrio|Earthquake|p1a: Numel
|-damage|p1a: Numel|38/100
|move|p1a: Numel|Stockpile|p1a: Numel
|-start|p1a: Numel|stockpile1
|-boost|p1a: Numel|def|2
|-boost|p1a: Numel|spd|2
|
|upkeep
|turn|2
|inactive|Battle timer is ON: inactive players will automatically lose when time's up. (requested by Titanium Tango)
|
|t:|1779841740
|move|p2a: Dugtrio|Earthquake|p1a: Numel
|-damage|p1a: Numel|9/100
|move|p1a: Numel|Flame Charge|p2a: Dugtrio
|-supereffective|p2a: Dugtrio
|-damage|p2a: Dugtrio|44/100
|-boost|p1a: Numel|spe|2
|-ability|p2a: Dugtrio|Tangling Hair
|-unboost|p1a: Numel|spe|2
|
|upkeep
|turn|3
|
|t:|1779841749
|move|p2a: Dugtrio|Sucker Punch||[still]
|-fail|p2a: Dugtrio
|move|p1a: Numel|Rest|p1a: Numel
|-status|p1a: Numel|slp|[from] move: Rest
|-heal|p1a: Numel|100/100 slp|[silent]
|
|upkeep
|turn|4
|
|t:|1779841759
|switch|p2a: Amoonguss|Amoonguss, F|100/100
|cant|p1a: Numel|slp
|
|upkeep
|turn|5
|
|t:|1779841767
|cant|p1a: Numel|slp
|move|p2a: Amoonguss|Giga Drain|p1a: Numel
|-supereffective|p1a: Numel
|-damage|p1a: Numel|73/100 slp
|
|upkeep
|turn|6
|
|t:|1779841772
|-curestatus|p1a: Numel|slp|[msg]
|move|p1a: Numel|Stockpile|p1a: Numel
|-start|p1a: Numel|stockpile2
|-boost|p1a: Numel|def|2
|-boost|p1a: Numel|spd|2
|move|p2a: Amoonguss|Giga Drain|p1a: Numel
|-supereffective|p1a: Numel
|-damage|p1a: Numel|55/100
|
|upkeep
|turn|7
|
|t:|1779841782
|move|p1a: Numel|Stockpile|p1a: Numel
|-start|p1a: Numel|stockpile3
|-boost|p1a: Numel|def|2
|-boost|p1a: Numel|spd|2
|move|p2a: Amoonguss|Giga Drain|p1a: Numel
|-supereffective|p1a: Numel
|-damage|p1a: Numel|42/100
|
|upkeep
|turn|8
|
|t:|1779841790
|switch|p2a: Dugtrio|Dugtrio-Alola, F|44/100
|move|p1a: Numel|Flame Charge|p2a: Dugtrio
|-supereffective|p2a: Dugtrio
|-damage|p2a: Dugtrio|0 fnt
|-boost|p1a: Numel|spe|2
|-ability|p2a: Dugtrio|Tangling Hair
|-unboost|p1a: Numel|spe|2
|faint|p2a: Dugtrio
|
|upkeep
|
|t:|1779841800
|switch|p2a: Amoonguss|Amoonguss, F|100/100
|turn|9
|
|t:|1779841804
|move|p1a: Numel|Flame Charge|p2a: Amoonguss
|-supereffective|p2a: Amoonguss
|-damage|p2a: Amoonguss|75/100
|-boost|p1a: Numel|spe|2
|move|p2a: Amoonguss|Toxic|p1a: Numel
|-status|p1a: Numel|tox
|
|-heal|p2a: Amoonguss|81/100|[from] item: Black Sludge
|-damage|p1a: Numel|36/100 tox|[from] psn
|upkeep
|turn|10
|
|t:|1779841814
|move|p1a: Numel|Rest|p1a: Numel
|-status|p1a: Numel|slp|[from] move: Rest
|-heal|p1a: Numel|100/100 slp|[silent]
|move|p2a: Amoonguss|Giga Drain|p1a: Numel
|-supereffective|p1a: Numel
|-damage|p1a: Numel|86/100 slp
|-heal|p2a: Amoonguss|87/100|[from] drain|[of] p1a: Numel
|
|-heal|p2a: Amoonguss|93/100|[from] item: Black Sludge
|upkeep
|turn|11
|
|t:|1779841823
|cant|p1a: Numel|slp
|move|p2a: Amoonguss|Giga Drain|p1a: Numel
|-supereffective|p1a: Numel
|-damage|p1a: Numel|72/100 slp
|-heal|p2a: Amoonguss|98/100|[from] drain|[of] p1a: Numel
|
|-heal|p2a: Amoonguss|100/100|[from] item: Black Sludge
|upkeep
|turn|12
|
|t:|1779841830
|cant|p1a: Numel|slp
|move|p2a: Amoonguss|Giga Drain|p1a: Numel
|-supereffective|p1a: Numel
|-damage|p1a: Numel|59/100 slp
|
|upkeep
|turn|13
|
|t:|1779841835
|-curestatus|p1a: Numel|slp|[msg]
|move|p1a: Numel|Flame Charge|p2a: Amoonguss
|-supereffective|p2a: Amoonguss
|-damage|p2a: Amoonguss|78/100
|-boost|p1a: Numel|spe|2
|move|p2a: Amoonguss|Giga Drain|p1a: Numel
|-supereffective|p1a: Numel
|-damage|p1a: Numel|46/100
|-heal|p2a: Amoonguss|83/100|[from] drain|[of] p1a: Numel
|
|-heal|p2a: Amoonguss|89/100|[from] item: Black Sludge
|upkeep
|turn|14
|
|t:|1779841846
|move|p1a: Numel|Flame Charge|p2a: Amoonguss
|-supereffective|p2a: Amoonguss
|-damage|p2a: Amoonguss|63/100
|-boost|p1a: Numel|spe|2
|move|p2a: Amoonguss|Giga Drain|p1a: Numel
|-supereffective|p1a: Numel
|-damage|p1a: Numel|33/100
|-heal|p2a: Amoonguss|68/100|[from] drain|[of] p1a: Numel
|
|-heal|p2a: Amoonguss|74/100|[from] item: Black Sludge
|upkeep
|turn|15
|
|t:|1779841856
|move|p1a: Numel|Earthquake|p2a: Amoonguss
|-damage|p2a: Amoonguss|48/100
|move|p2a: Amoonguss|Giga Drain|p1a: Numel
|-supereffective|p1a: Numel
|-damage|p1a: Numel|19/100
|-heal|p2a: Amoonguss|53/100|[from] drain|[of] p1a: Numel
|
|-heal|p2a: Amoonguss|59/100|[from] item: Black Sludge
|upkeep
|turn|16
|
|t:|1779841864
|move|p1a: Numel|Rest|p1a: Numel
|-status|p1a: Numel|slp|[from] move: Rest
|-heal|p1a: Numel|100/100 slp|[silent]
|move|p2a: Amoonguss|Sludge Bomb|p1a: Numel
|-damage|p1a: Numel|92/100 slp
|
|-heal|p2a: Amoonguss|65/100|[from] item: Black Sludge
|upkeep
|turn|17
|
|t:|1779841874
|switch|p2a: Volbeat|Volbeat, M|100/100
|cant|p1a: Numel|slp
|
|upkeep
|turn|18
|
|t:|1779841878
|cant|p1a: Numel|slp
|move|p2a: Volbeat|Seismic Toss|p1a: Numel
|-damage|p1a: Numel|61/100 slp
|
|upkeep
|turn|19
|
|t:|1779841883
|-curestatus|p1a: Numel|slp|[msg]
|move|p1a: Numel|Flame Charge|p2a: Volbeat
|-supereffective|p2a: Volbeat
|-damage|p2a: Volbeat|73/100
|move|p2a: Volbeat|Seismic Toss|p1a: Numel
|-damage|p1a: Numel|30/100
|
|upkeep
|turn|20
|
|t:|1779841890
|move|p2a: Volbeat|Taunt|p1a: Numel
|-start|p1a: Numel|move: Taunt
|move|p1a: Numel|Flame Charge|p2a: Volbeat
|-supereffective|p2a: Volbeat
|-damage|p2a: Volbeat|42/100
|
|upkeep
|turn|21
|
|t:|1779841896
|move|p1a: Numel|Flame Charge|p2a: Volbeat
|-supereffective|p2a: Volbeat
|-damage|p2a: Volbeat|11/100
|move|p2a: Volbeat|Seismic Toss|p1a: Numel
|-damage|p1a: Numel|0 fnt
|faint|p1a: Numel
|
|win|Titanium Tango
|raw|goober #1048's rating: 1113 &rarr; <strong>1084</strong><br />(-29 for losing)
|raw|Titanium Tango's rating: 1059 &rarr; <strong>1095</strong><br />(+36 for winning)
