|j|☆duli2010
|j|☆Shampoogini
|t:|1779814514
|gametype|singles
|player|p1|duli2010|bugcatcher-gen4dp|1346
|player|p2|Shampoogini|266|1354
|gen|9
|tier|[Gen 9] OU
|rated|
|rule|HP Percentage Mod: HP is shown in percentages
|rule|Endless Battle Clause: Forcing endless battles is banned
|rule|Species Clause: Limit one of each Pokémon
|rule|OHKO Clause: OHKO moves are banned
|rule|Evasion Items Clause: Evasion items are banned
|rule|Evasion Moves Clause: Evasion moves are banned
|rule|Evasion Abilities Clause: Evasion abilities are banned
|rule|Sleep Moves Clause: Sleep-inducing moves are banned
|clearpoke
|poke|p1|Weezing, M|
|poke|p1|Muk-Alola, F|
|poke|p1|Goodra, M|
|poke|p1|Hydrapple, F|
|poke|p1|Sylveon, F|
|poke|p1|Conkeldurr, M|
|poke|p2|Serperior, F|
|poke|p2|Slowking-Galar, F|
|poke|p2|Ceruledge, M|
|poke|p2|Glimmora, F|
|poke|p2|Gliscor, M|
|poke|p2|Zamazenta-*|
|teampreview
|inactive|Battle timer is ON: inactive players will automatically lose when time's up. (requested by Shampoogini)
|
|t:|1779814523
|teamsize|p1|6
|teamsize|p2|6
|start
|switch|p1a: Weezing|Weezing, M|100/100
|switch|p2a: Serperior|Serperior, F|100/100
|turn|1
|
|t:|1779814529
|move|p2a: Serperior|Glare|p1a: Weezing
|-status|p1a: Weezing|par
|move|p1a: Weezing|Sludge Bomb|p2a: Serperior
|-supereffective|p2a: Serperior
|-damage|p2a: Serperior|34/100
|
|-heal|p2a: Serperior|41/100|[from] item: Leftovers
|upkeep
|turn|2
|
|t:|1779814536
|switch|p2a: Glimmora|Glimmora, F|100/100
|move|p1a: Weezing|Sludge Bomb|p2a: Glimmora
|-resisted|p2a: Glimmora
|-damage|p2a: Glimmora|93/100
|
|upkeep
|turn|3
|
|t:|1779814548
|switch|p1a: Goodra|Goodra, M|100/100
|move|p2a: Glimmora|Spikes|p1a: Goodra
|-sidestart|p1: duli2010|Spikes
|
|upkeep
|turn|4
|
|t:|1779814553
|move|p2a: Glimmora|Mortal Spin|p1a: Goodra
|-damage|p1a: Goodra|94/100
|-status|p1a: Goodra|psn
|move|p1a: Goodra|Surf|p2a: Glimmora
|-supereffective|p2a: Glimmora
|-damage|p2a: Glimmora|33/100
|
|-damage|p1a: Goodra|81/100 psn|[from] psn
|upkeep
|turn|5
|
|t:|1779814563
|switch|p2a: Serperior|Serperior, F|41/100
|move|p1a: Goodra|Thunderbolt|p2a: Serperior
|-resisted|p2a: Serperior
|-damage|p2a: Serperior|25/100
|
|-heal|p2a: Serperior|32/100|[from] item: Leftovers
|-damage|p1a: Goodra|69/100 psn|[from] psn
|upkeep
|turn|6
|
|t:|1779814571
|move|p2a: Serperior|Synthesis|p2a: Serperior
|-heal|p2a: Serperior|82/100
|move|p1a: Goodra|Ice Beam|p2a: Serperior
|-supereffective|p2a: Serperior
|-damage|p2a: Serperior|19/100
|
|-heal|p2a: Serperior|25/100|[from] item: Leftovers
|-damage|p1a: Goodra|56/100 psn|[from] psn
|upkeep
|turn|7
|
|t:|1779814580
|move|p2a: Serperior|Synthesis|p2a: Serperior
|-heal|p2a: Serperior|75/100
|move|p1a: Goodra|Ice Beam|p2a: Serperior
|-supereffective|p2a: Serperior
|-damage|p2a: Serperior|8/100
|
|-heal|p2a: Serperior|14/100|[from] item: Leftovers
|-damage|p1a: Goodra|44/100 psn|[from] psn
|upkeep
|turn|8
|
|t:|1779814594
|move|p2a: Serperior|Dragon Pulse|p1a: Goodra
|-supereffective|p1a: Goodra
|-damage|p1a: Goodra|30/100 psn
|move|p1a: Goodra|Ice Beam|p2a: Serperior
|-supereffective|p2a: Serperior
|-damage|p2a: Serperior|0 fnt
|faint|p2a: Serperior
|
|-damage|p1a: Goodra|18/100 psn|[from] psn
|upkeep
|
|t:|1779814598
|switch|p2a: Zamazenta|Zamazenta|100/100
|-ability|p2a: Zamazenta|Dauntless Shield|boost
|-boost|p2a: Zamazenta|def|1
|turn|9
|
|t:|1779814606
|move|p2a: Zamazenta|Light Screen|p2a: Zamazenta
|-sidestart|p2: Shampoogini|move: Light Screen
|move|p1a: Goodra|Acid Spray|p2a: Zamazenta
|-damage|p2a: Zamazenta|96/100
|-unboost|p2a: Zamazenta|spd|2
|
|-damage|p1a: Goodra|5/100 psn|[from] psn
|upkeep
|turn|10
|
|t:|1779814613
|move|p2a: Zamazenta|Reflect|p2a: Zamazenta
|-sidestart|p2: Shampoogini|Reflect
|move|p1a: Goodra|Acid Spray|p2a: Zamazenta
|-damage|p2a: Zamazenta|88/100
|-unboost|p2a: Zamazenta|spd|2
|
|-damage|p1a: Goodra|0 fnt|[from] psn
|faint|p1a: Goodra
|upkeep
|
|t:|1779814621
|switch|p1a: Sylveon|Sylveon, F|100/100
|-damage|p1a: Sylveon|88/100|[from] Spikes
|turn|11
|
|t:|1779814627
|switch|p2a: Slowking|Slowking-Galar, F|100/100
|move|p1a: Sylveon|Hyper Voice|p2a: Slowking
|-resisted|p2a: Slowking
|-damage|p2a: Slowking|91/100
|
|-heal|p2a: Slowking|97/100|[from] item: Leftovers
|upkeep
|turn|12
|
|t:|1779814635
|switch|p1a: Conkeldurr|Conkeldurr, M|100/100
|-damage|p1a: Conkeldurr|88/100|[from] Spikes
|move|p2a: Slowking|Iron Defense|p2a: Slowking
|-boost|p2a: Slowking|def|2
|
|-heal|p2a: Slowking|100/100|[from] item: Leftovers
|-status|p1a: Conkeldurr|brn|[from] item: Flame Orb
|upkeep
|turn|13
|
|t:|1779814645
|move|p1a: Conkeldurr|Knock Off|p2a: Slowking
|-supereffective|p2a: Slowking
|-damage|p2a: Slowking|77/100
|-enditem|p2a: Slowking|Leftovers|[from] move: Knock Off|[of] p1a: Conkeldurr
|move|p2a: Slowking|Iron Defense|p2a: Slowking
|-boost|p2a: Slowking|def|2
|
|-damage|p1a: Conkeldurr|82/100 brn|[from] brn
|upkeep
|turn|14
|
|t:|1779814654
|switch|p1a: Weezing|Weezing, M|100/100 par
|move|p2a: Slowking|Calm Mind|p2a: Slowking
|-boost|p2a: Slowking|spa|1
|-boost|p2a: Slowking|spd|1
|
|upkeep
|turn|15
|
|t:|1779814660
|move|p2a: Slowking|Stored Power|p1a: Weezing
|-supereffective|p1a: Weezing
|-damage|p1a: Weezing|0 fnt
|faint|p1a: Weezing
|
|upkeep
|
|t:|1779814666
|switch|p1a: Muk|Muk-Alola, F|100/100
|-damage|p1a: Muk|88/100|[from] Spikes
|turn|16
|
|t:|1779814670
|move|p1a: Muk|Knock Off|p2a: Slowking
|-supereffective|p2a: Slowking
|-damage|p2a: Slowking|68/100
|move|p2a: Slowking|Calm Mind|p2a: Slowking
|-boost|p2a: Slowking|spa|1
|-boost|p2a: Slowking|spd|1
|
|-sideend|p2: Shampoogini|move: Light Screen
|upkeep
|turn|17
|
|t:|1779814679
|move|p1a: Muk|Shadow Sneak|p2a: Slowking
|-supereffective|p2a: Slowking
|-damage|p2a: Slowking|64/100
|move|p2a: Slowking|Focus Blast|p1a: Muk
|-damage|p1a: Muk|55/100
|
|-sideend|p2: Shampoogini|Reflect
|upkeep
|turn|18
|-message|duli2010 forfeited.
|
|win|Shampoogini
|raw|duli2010's rating: 1346 &rarr; <strong>1326</strong><br />(-20 for losing)
|raw|Shampoogini's rating: 1354 &rarr; <strong>1374</strong><br />(+20 for winning)
|l|☆duli2010
|player|p1|
|l|☆Shampoogini
|player|p2|
