|j|☆PiggLad
|j|☆Rexydoodlesss
|t:|1779915233
|gametype|singles
|player|p1|PiggLad|grimsley-gen7|1794
|player|p2|Rexydoodlesss|adaman|1808
|gen|9
|tier|[Gen 9] OU
|rated|
|rule|HP Percentage Mod: HP is shown in percentages
|rule|Endless Battle Clause: Forcing endless battles is banned
|rule|Species Clause: Limit one of each Pokémon
|rule|OHKO Clause: OHKO moves are banned
|rule|Evasion Items Clause: Evasion items are banned
|rule|Evasion Moves Clause: Evasion moves are banned
|rule|Evasion Abilities Clause: Evasion abilities are banned
|rule|Sleep Moves Clause: Sleep-inducing moves are banned
|clearpoke
|poke|p1|Tyranitar, M|
|poke|p1|Hydrapple, M|
|poke|p1|Enamorus, F|
|poke|p1|Garganacl, F|
|poke|p1|Excadrill, M|
|poke|p1|Alomomola, F|
|poke|p2|Ribombee, F|
|poke|p2|Gholdengo|
|poke|p2|Ogerpon-Cornerstone, F|
|poke|p2|Ceruledge, M|
|poke|p2|Raging Bolt|
|poke|p2|Cinderace, F|
|teampreview
|inactive|Battle timer is ON: inactive players will automatically lose when time's up. (requested by PiggLad)
|
|t:|1779915284
|teamsize|p1|6
|teamsize|p2|6
|start
|switch|p1a: WhoBEdginTheyStone|Tyranitar, M|100/100
|switch|p2a: Ogerpon|Ogerpon-Cornerstone, F|100/100
|-weather|Sandstorm|[from] ability: Sand Stream|[of] p1a: WhoBEdginTheyStone
|turn|1
|
|t:|1779915292
|switch|p1a: Let The Goons Out|Hydrapple, M, shiny|100/100
|-terastallize|p2a: Ogerpon|Rock
|detailschange|p2a: Ogerpon|Ogerpon-Cornerstone-Tera, F, tera:Rock
|-ability|p2a: Ogerpon|Embody Aspect (Cornerstone)|boost
|-boost|p2a: Ogerpon|def|1
|move|p2a: Ogerpon|Ivy Cudgel|p1a: Let The Goons Out|[anim] Ivy Cudgel Rock
|-damage|p1a: Let The Goons Out|53/100
|
|-weather|Sandstorm|[upkeep]
|-damage|p1a: Let The Goons Out|47/100|[from] Sandstorm
|upkeep
|turn|2
|
|t:|1779915300
|move|p2a: Ogerpon|Ivy Cudgel|p1a: Let The Goons Out|[anim] Ivy Cudgel Rock
|-damage|p1a: Let The Goons Out|0 fnt
|faint|p1a: Let The Goons Out
|
|-weather|Sandstorm|[upkeep]
|upkeep
|
|t:|1779915306
|switch|p1a: ExGon'SpinIntoYa|Excadrill, M|100/100
|turn|3
|
|t:|1779915311
|switch|p2a: Gholdengo|Gholdengo, shiny|100/100
|-item|p2a: Gholdengo|Air Balloon
|-terastallize|p1a: ExGon'SpinIntoYa|Ground
|move|p1a: ExGon'SpinIntoYa|Earthquake|p2a: Gholdengo
|-immune|p2a: Gholdengo
|
|-weather|Sandstorm|[upkeep]
|upkeep
|turn|4
|
|t:|1779915314
|move|p1a: ExGon'SpinIntoYa|Rock Slide|p2a: Gholdengo
|-resisted|p2a: Gholdengo
|-damage|p2a: Gholdengo|85/100
|-enditem|p2a: Gholdengo|Air Balloon
|move|p2a: Gholdengo|Shadow Ball|p1a: ExGon'SpinIntoYa
|-damage|p1a: ExGon'SpinIntoYa|34/100
|
|-weather|Sandstorm|[upkeep]
|-heal|p1a: ExGon'SpinIntoYa|40/100|[from] item: Leftovers
|upkeep
|turn|5
|
|t:|1779915316
|move|p1a: ExGon'SpinIntoYa|Earthquake|p2a: Gholdengo
|-supereffective|p2a: Gholdengo
|-damage|p2a: Gholdengo|0 fnt
|faint|p2a: Gholdengo
|
|-weather|none
|-heal|p1a: ExGon'SpinIntoYa|46/100|[from] item: Leftovers
|upkeep
|
|t:|1779915318
|switch|p2a: Ceruledge|Ceruledge, M, shiny|100/100
|turn|6
|
|t:|1779915322
|switch|p1a: WhoBEdginTheyStone|Tyranitar, M|100/100
|-weather|Sandstorm|[from] ability: Sand Stream|[of] p1a: WhoBEdginTheyStone
|move|p2a: Ceruledge|Close Combat|p1a: WhoBEdginTheyStone
|-supereffective|p1a: WhoBEdginTheyStone
|-damage|p1a: WhoBEdginTheyStone|0 fnt
|-unboost|p2a: Ceruledge|def|1
|-unboost|p2a: Ceruledge|spd|1
|faint|p1a: WhoBEdginTheyStone
|
|-weather|Sandstorm|[upkeep]
|-damage|p2a: Ceruledge|94/100|[from] Sandstorm
|upkeep
|
|t:|1779915325
|switch|p1a: ExGon'SpinIntoYa|Excadrill, M, tera:Ground|46/100
|turn|7
|
|t:|1779915329
|move|p2a: Ceruledge|Shadow Sneak|p1a: ExGon'SpinIntoYa
|-damage|p1a: ExGon'SpinIntoYa|16/100
|move|p1a: ExGon'SpinIntoYa|Earthquake|p2a: Ceruledge
|-supereffective|p2a: Ceruledge
|-damage|p2a: Ceruledge|0 fnt
|faint|p2a: Ceruledge
|
|-weather|Sandstorm|[upkeep]
|-heal|p1a: ExGon'SpinIntoYa|22/100|[from] item: Leftovers
|upkeep
|
|t:|1779915338
|switch|p2a: Cinderace|Cinderace, F, shiny|100/100
|turn|8
|
|t:|1779915344
|switch|p1a: Alo Cortisol|Alomomola, F|100/100
|move|p2a: Cinderace|Sucker Punch||[still]
|-fail|p2a: Cinderace
|
|-weather|Sandstorm|[upkeep]
|-damage|p2a: Cinderace|95/100|[from] Sandstorm
|-damage|p1a: Alo Cortisol|94/100|[from] Sandstorm
|upkeep
|turn|9
|
|t:|1779915346
|move|p2a: Cinderace|Swords Dance|p2a: Cinderace
|-boost|p2a: Cinderace|atk|2
|move|p1a: Alo Cortisol|Flip Turn|p2a: Cinderace
|-supereffective|p2a: Cinderace
|-damage|p2a: Cinderace|50/100
|
|t:|1779915350
|switch|p1a: ExGon'SpinIntoYa|Excadrill, M, tera:Ground|22/100|[from] Flip Turn
|
|-weather|Sandstorm|[upkeep]
|-damage|p2a: Cinderace|44/100|[from] Sandstorm
|-heal|p1a: ExGon'SpinIntoYa|28/100|[from] item: Leftovers
|upkeep
|turn|10
|
|t:|1779915352
|move|p2a: Cinderace|Sucker Punch||[still]
|-fail|p2a: Cinderace
|move|p1a: ExGon'SpinIntoYa|Substitute|p1a: ExGon'SpinIntoYa
|-start|p1a: ExGon'SpinIntoYa|Substitute
|-damage|p1a: ExGon'SpinIntoYa|3/100
|
|-weather|none
|-heal|p1a: ExGon'SpinIntoYa|9/100|[from] item: Leftovers
|upkeep
|turn|11
|
|t:|1779915355
|move|p2a: Cinderace|Sucker Punch|p1a: ExGon'SpinIntoYa
|-end|p1a: ExGon'SpinIntoYa|Substitute
|move|p1a: ExGon'SpinIntoYa|Earthquake|p2a: Cinderace
|-supereffective|p2a: Cinderace
|-damage|p2a: Cinderace|0 fnt
|faint|p2a: Cinderace
|
|-heal|p1a: ExGon'SpinIntoYa|15/100|[from] item: Leftovers
|upkeep
|
|t:|1779915357
|switch|p2a: Ogerpon|Ogerpon-Cornerstone-Tera, F, tera:Rock|100/100
|-ability|p2a: Ogerpon|Embody Aspect (Cornerstone)|boost
|-boost|p2a: Ogerpon|def|1
|turn|12
|
|t:|1779915364
|move|p2a: Ogerpon|Ivy Cudgel|p1a: ExGon'SpinIntoYa|[anim] Ivy Cudgel Rock
|-resisted|p1a: ExGon'SpinIntoYa
|-damage|p1a: ExGon'SpinIntoYa|0 fnt
|faint|p1a: ExGon'SpinIntoYa
|
|upkeep
|
|t:|1779915372
|switch|p1a: Alo Cortisol|Alomomola, F|100/100
|turn|13
|
|t:|1779915377
|move|p2a: Ogerpon|Spiky Shield|p2a: Ogerpon
|-singleturn|p2a: Ogerpon|move: Protect
|move|p1a: Alo Cortisol|Flip Turn|p2a: Ogerpon
|-activate|p2a: Ogerpon|move: Protect
|-damage|p1a: Alo Cortisol|88/100|[from] Spiky Shield|[of] p2a: Ogerpon
|
|upkeep
|turn|14
|
|t:|1779915392
|switch|p1a: Larpin Diddy Foid|Enamorus, F|100/100
|move|p2a: Ogerpon|Power Whip|p1a: Larpin Diddy Foid
|-resisted|p1a: Larpin Diddy Foid
|-damage|p1a: Larpin Diddy Foid|40/100
|
|upkeep
|turn|15
|
|t:|1779915398
|move|p1a: Larpin Diddy Foid|Earth Power|p2a: Ogerpon
|-supereffective|p2a: Ogerpon
|-damage|p2a: Ogerpon|15/100
|move|p2a: Ogerpon|Ivy Cudgel|p1a: Larpin Diddy Foid|[anim] Ivy Cudgel Rock
|-supereffective|p1a: Larpin Diddy Foid
|-damage|p1a: Larpin Diddy Foid|0 fnt
|faint|p1a: Larpin Diddy Foid
|
|upkeep
|
|t:|1779915400
|switch|p1a: Alo Cortisol|Alomomola, F|100/100
|turn|16
|
|t:|1779915404
|move|p2a: Ogerpon|Power Whip|p1a: Alo Cortisol|[miss]
|-miss|p2a: Ogerpon|p1a: Alo Cortisol
|move|p1a: Alo Cortisol|Scald|p2a: Ogerpon
|-supereffective|p2a: Ogerpon
|-damage|p2a: Ogerpon|0 fnt
|faint|p2a: Ogerpon
|detailschange|p2: Ogerpon|Ogerpon-Cornerstone, F|[silent]
|
|upkeep
|c|☆Rexydoodlesss|fah
|
|t:|1779915409
|switch|p2a: Raging Bolt|Raging Bolt|100/100
|-enditem|p2a: Raging Bolt|Booster Energy
|-activate|p2a: Raging Bolt|ability: Protosynthesis|[fromitem]
|-start|p2a: Raging Bolt|protosynthesisspa
|turn|17
|
|t:|1779915414
|move|p2a: Raging Bolt|Calm Mind|p2a: Raging Bolt
|-boost|p2a: Raging Bolt|spa|1
|-boost|p2a: Raging Bolt|spd|1
|move|p1a: Alo Cortisol|Flip Turn|p2a: Raging Bolt
|-resisted|p2a: Raging Bolt
|-damage|p2a: Raging Bolt|92/100
|
|t:|1779915417
|switch|p1a: Jevils To This|Garganacl, F, shiny|100/100|[from] Flip Turn
|
|upkeep
|turn|18
|
|t:|1779915418
|move|p2a: Raging Bolt|Thunderbolt|p1a: Jevils To This
|-damage|p1a: Jevils To This|23/100
|move|p1a: Jevils To This|Salt Cure|p2a: Raging Bolt
|-damage|p2a: Raging Bolt|80/100
|-start|p2a: Raging Bolt|Salt Cure
|
|-heal|p1a: Jevils To This|29/100|[from] item: Leftovers
|-damage|p2a: Raging Bolt|67/100|[from] Salt Cure
|upkeep
|turn|19
|
|t:|1779915422
|move|p1a: Jevils To This|Protect|p1a: Jevils To This
|-singleturn|p1a: Jevils To This|Protect
|move|p2a: Raging Bolt|Thunderbolt|p1a: Jevils To This
|-activate|p1a: Jevils To This|move: Protect
|
|-heal|p1a: Jevils To This|35/100|[from] item: Leftovers
|-damage|p2a: Raging Bolt|55/100|[from] Salt Cure
|upkeep
|turn|20
|
|t:|1779915431
|switch|p1a: Alo Cortisol|Alomomola, F|100/100
|move|p2a: Raging Bolt|Thunderbolt|p1a: Alo Cortisol
|-supereffective|p1a: Alo Cortisol
|-damage|p1a: Alo Cortisol|0 fnt
|faint|p1a: Alo Cortisol
|
|-damage|p2a: Raging Bolt|43/100|[from] Salt Cure
|upkeep
|
|t:|1779915432
|switch|p1a: Jevils To This|Garganacl, F, shiny|35/100
|turn|21
|
|t:|1779915434
|move|p1a: Jevils To This|Protect|p1a: Jevils To This
|-singleturn|p1a: Jevils To This|Protect
|move|p2a: Raging Bolt|Thunderbolt|p1a: Jevils To This
|-activate|p1a: Jevils To This|move: Protect
|
|-heal|p1a: Jevils To This|42/100|[from] item: Leftovers
|-damage|p2a: Raging Bolt|30/100|[from] Salt Cure
|upkeep
|turn|22
|
|t:|1779915435
|move|p2a: Raging Bolt|Thunderbolt|p1a: Jevils To This
|-damage|p1a: Jevils To This|0 fnt
|faint|p1a: Jevils To This
|
|win|Rexydoodlesss
|raw|PiggLad's rating: 1794 &rarr; <strong>1775</strong><br />(-19 for losing)
|raw|Rexydoodlesss's rating: 1819 &rarr; <strong>1838</strong><br />(+19 for winning)
|c|☆PiggLad|ggs
|l|☆PiggLad
|player|p1|
|c|☆Rexydoodlesss|gg
|l|☆Rexydoodlesss
|player|p2|
