|j|☆fjdjdudyd
|j|‽Kino100705
|t:|1779866124
|gametype|singles
|player|p1|fjdjdudyd|2|1151
|player|p2|Kino100705|medium|1101
|gen|9
|tier|[Gen 9] OU
|rated|
|rule|HP Percentage Mod: HP is shown in percentages
|rule|Endless Battle Clause: Forcing endless battles is banned
|rule|Species Clause: Limit one of each Pokémon
|rule|OHKO Clause: OHKO moves are banned
|rule|Evasion Items Clause: Evasion items are banned
|rule|Evasion Moves Clause: Evasion moves are banned
|rule|Evasion Abilities Clause: Evasion abilities are banned
|rule|Sleep Moves Clause: Sleep-inducing moves are banned
|clearpoke
|poke|p1|Moltres|
|poke|p1|Blastoise, M|
|poke|p1|Pikachu, F|
|poke|p1|Ogerpon, F|
|poke|p1|Gholdengo|
|poke|p1|Clefable, F|
|poke|p2|Altaria, F|
|poke|p2|Pecharunt|
|poke|p2|Goodra-Hisui, F|
|poke|p2|Glimmora, M|
|poke|p2|Delphox, M|
|poke|p2|Magnezone|
|teampreview
|inactive|Battle timer is ON: inactive players will automatically lose when time's up. (requested by fjdjdudyd)
|
|t:|1779866139
|teamsize|p1|6
|teamsize|p2|6
|start
|switch|p1a: Blastoise|Blastoise, M|100/100
|switch|p2a: Delphox|Delphox, M|100/100
|turn|1
|
|t:|1779866147
|switch|p2a: Goodra|Goodra-Hisui, F|100/100
|move|p1a: Blastoise|Surf|p2a: Goodra
|-resisted|p2a: Goodra
|-crit|p2a: Goodra
|-damage|p2a: Goodra|88/100
|
|upkeep
|turn|2
|
|t:|1779866159
|switch|p1a: Gholdengo|Gholdengo|100/100
|move|p2a: Goodra|Skitter Smack|p1a: Gholdengo
|-resisted|p1a: Gholdengo
|-damage|p1a: Gholdengo|96/100
|-unboost|p1a: Gholdengo|spa|1
|
|upkeep
|turn|3
|
|t:|1779866169
|move|p1a: Gholdengo|Trick|p2a: Goodra
|-activate|p1a: Gholdengo|move: Trick|[of] p2a: Goodra
|-item|p2a: Goodra|Choice Scarf|[from] move: Trick
|-item|p1a: Gholdengo|Aguav Berry|[from] move: Trick
|move|p2a: Goodra|Skitter Smack|p1a: Gholdengo
|-resisted|p1a: Gholdengo
|-damage|p1a: Gholdengo|92/100
|-unboost|p1a: Gholdengo|spa|1
|
|upkeep
|turn|4
|
|t:|1779866176
|move|p1a: Gholdengo|Shadow Ball|p2a: Goodra
|-damage|p2a: Goodra|75/100
|move|p2a: Goodra|Skitter Smack|p1a: Gholdengo
|-resisted|p1a: Gholdengo
|-damage|p1a: Gholdengo|87/100
|-unboost|p1a: Gholdengo|spa|1
|
|upkeep
|turn|5
|inactive|fjdjdudyd has 120 seconds left.
|
|t:|1779866213
|switch|p1a: Moltres|Moltres|100/100
|switch|p2a: Glimmora|Glimmora, M|100/100
|
|upkeep
|turn|6
|
|t:|1779866219
|switch|p1a: Blastoise|Blastoise, M|100/100
|move|p2a: Glimmora|Mortal Spin|p1a: Blastoise
|-damage|p1a: Blastoise|96/100
|-status|p1a: Blastoise|psn
|
|-damage|p1a: Blastoise|83/100 psn|[from] psn
|upkeep
|turn|7
|
|t:|1779866228
|switch|p2a: Goodra|Goodra-Hisui, F|75/100
|move|p1a: Blastoise|Surf|p2a: Goodra
|-resisted|p2a: Goodra
|-damage|p2a: Goodra|68/100
|
|-damage|p1a: Blastoise|71/100 psn|[from] psn
|upkeep
|turn|8
|
|t:|1779866235
|move|p1a: Blastoise|Ice Beam|p2a: Goodra
|-damage|p2a: Goodra|57/100
|move|p2a: Goodra|Dragon Tail|p1a: Blastoise
|-damage|p1a: Blastoise|54/100 psn
|drag|p1a: Ogerpon|Ogerpon, F|100/100
|
|upkeep
|turn|9
|
|t:|1779866242
|move|p1a: Ogerpon|Spikes|p2a: Goodra
|-sidestart|p2: Kino100705|Spikes
|move|p2a: Goodra|Dragon Tail|p1a: Ogerpon
|-damage|p1a: Ogerpon|75/100
|drag|p1a: Pikachu|Pikachu, F|100/100
|
|upkeep
|turn|10
|
|t:|1779866249
|switch|p1a: Clefable|Clefable, F|100/100
|move|p2a: Goodra|Dragon Tail|p1a: Clefable
|-immune|p1a: Clefable
|
|upkeep
|turn|11
|
|t:|1779866259
|switch|p2a: Glimmora|Glimmora, M|100/100
|-damage|p2a: Glimmora|88/100|[from] Spikes
|move|p1a: Clefable|Moonblast|p2a: Glimmora
|-resisted|p2a: Glimmora
|-damage|p2a: Glimmora|71/100
|
|upkeep
|turn|12
|
|t:|1779866267
|switch|p1a: Gholdengo|Gholdengo|87/100
|move|p2a: Glimmora|Mortal Spin|p1a: Gholdengo
|-immune|p1a: Gholdengo
|
|upkeep
|turn|13
|
|t:|1779866275
|switch|p2a: Altaria|Altaria, F|100/100
|-ability|p2a: Altaria|Cloud Nine
|move|p1a: Gholdengo|Shadow Ball|p2a: Altaria
|-damage|p2a: Altaria|71/100
|
|upkeep
|turn|14
|
|t:|1779866285
|move|p1a: Gholdengo|Make It Rain|p2a: Altaria
|-damage|p2a: Altaria|23/100
|-unboost|p1a: Gholdengo|spa|1
|move|p2a: Altaria|Perish Song|p2a: Altaria
|-immune|p1a: Gholdengo|[from] ability: Good as Gold
|-start|p2a: Altaria|perish3|[silent]
|-fieldactivate|move: Perish Song
|
|-start|p2a: Altaria|perish3
|upkeep
|turn|15
|
|t:|1779866302
|switch|p1a: Clefable|Clefable, F|100/100
|move|p2a: Altaria|Roost|p2a: Altaria
|-heal|p2a: Altaria|73/100
|-singleturn|p2a: Altaria|move: Roost
|
|-start|p2a: Altaria|perish2
|upkeep
|turn|16
|
|t:|1779866313
|switch|p2a: Magnezone|Magnezone|100/100
|-damage|p2a: Magnezone|88/100|[from] Spikes
|move|p1a: Clefable|Moonblast|p2a: Magnezone
|-resisted|p2a: Magnezone
|-damage|p2a: Magnezone|66/100
|
|upkeep
|turn|17
|
|t:|1779866322
|switch|p1a: Ogerpon|Ogerpon, F|75/100
|move|p2a: Magnezone|Flash Cannon|p1a: Ogerpon
|-damage|p1a: Ogerpon|19/100
|
|upkeep
|turn|18
|
|t:|1779866328
|move|p1a: Ogerpon|Spikes|p2a: Magnezone
|-sidestart|p2: Kino100705|Spikes
|move|p2a: Magnezone|Tri Attack|p1a: Ogerpon
|-damage|p1a: Ogerpon|0 fnt
|faint|p1a: Ogerpon
|
|upkeep
|
|t:|1779866336
|switch|p1a: Gholdengo|Gholdengo|87/100
|turn|19
|
|t:|1779866341
|move|p1a: Gholdengo|Shadow Ball|p2a: Magnezone
|-damage|p2a: Magnezone|2/100
|-unboost|p2a: Magnezone|spd|1
|-enditem|p2a: Magnezone|Salac Berry|[eat]
|-boost|p2a: Magnezone|spe|1|[from] item: Salac Berry
|move|p2a: Magnezone|Flash Cannon|p1a: Gholdengo
|-resisted|p1a: Gholdengo
|-damage|p1a: Gholdengo|62/100
|-unboost|p1a: Gholdengo|spd|1
|
|upkeep
|turn|20
|
|t:|1779866357
|switch|p1a: Pikachu|Pikachu, F|100/100
|move|p2a: Magnezone|Discharge|p1a: Pikachu
|-ability|p1a: Pikachu|Lightning Rod|boost
|-boost|p1a: Pikachu|spa|1
|
|upkeep
|turn|21
|
|t:|1779866365
|move|p2a: Magnezone|Tri Attack|p1a: Pikachu
|-damage|p1a: Pikachu|21/100
|move|p1a: Pikachu|Surf|p2a: Magnezone
|-damage|p2a: Magnezone|0 fnt
|faint|p2a: Magnezone
|
|upkeep
|
|t:|1779866378
|switch|p2a: Goodra|Goodra-Hisui, F|57/100
|-damage|p2a: Goodra|40/100|[from] Spikes
|turn|22
|
|t:|1779866399
|switch|p1a: Moltres|Moltres|100/100
|move|p2a: Goodra|Dragon Tail|p1a: Moltres
|-damage|p1a: Moltres|86/100
|drag|p1a: Pikachu|Pikachu, F|21/100
|
|upkeep
|turn|23
|
|t:|1779866406
|move|p1a: Pikachu|Fake Out|p2a: Goodra
|-resisted|p2a: Goodra
|-damage|p2a: Goodra|33/100
|cant|p2a: Goodra|flinch
|
|upkeep
|turn|24
|
|t:|1779866410
|switch|p1a: Clefable|Clefable, F|100/100
|move|p2a: Goodra|Dragon Tail|p1a: Clefable
|-immune|p1a: Clefable
|
|upkeep
|turn|25
|
|t:|1779866422
|move|p1a: Clefable|Moonblast|p2a: Goodra
|-damage|p2a: Goodra|15/100
|move|p2a: Goodra|Dragon Tail|p1a: Clefable
|-immune|p1a: Clefable
|
|upkeep
|turn|26
|
|t:|1779866428
|move|p1a: Clefable|Cosmic Power|p1a: Clefable
|-boost|p1a: Clefable|def|1
|-boost|p1a: Clefable|spd|1
|move|p2a: Goodra|Dragon Tail|p1a: Clefable
|-immune|p1a: Clefable
|
|upkeep
|turn|27
|
|t:|1779866436
|switch|p2a: Glimmora|Glimmora, M|71/100
|-damage|p2a: Glimmora|55/100|[from] Spikes
|move|p1a: Clefable|Charge Beam|p2a: Glimmora
|-crit|p2a: Glimmora
|-damage|p2a: Glimmora|35/100
|
|upkeep
|turn|28
|
|t:|1779866448
|-terastallize|p1a: Clefable|Steel
|move|p2a: Glimmora|Mortal Spin|p1a: Clefable
|-immune|p1a: Clefable
|move|p1a: Clefable|Charge Beam|p2a: Glimmora
|-damage|p2a: Glimmora|22/100
|-boost|p1a: Clefable|spa|1
|
|upkeep
|turn|29
|
|t:|1779866461
|switch|p2a: Goodra|Goodra-Hisui, F|15/100
|-damage|p2a: Goodra|0 fnt|[from] Spikes
|faint|p2a: Goodra
|move|p1a: Clefable|Cosmic Power|p1a: Clefable
|-boost|p1a: Clefable|def|1
|-boost|p1a: Clefable|spd|1
|
|upkeep
|
|t:|1779866469
|switch|p2a: Altaria|Altaria, F|73/100
|-ability|p2a: Altaria|Cloud Nine
|turn|30
|
|t:|1779866473
|move|p2a: Altaria|Perish Song|p2a: Altaria
|-start|p1a: Clefable|perish3|[silent]
|-start|p2a: Altaria|perish3|[silent]
|-fieldactivate|move: Perish Song
|move|p1a: Clefable|Moonblast|p2a: Altaria
|-supereffective|p2a: Altaria
|-damage|p2a: Altaria|8/100
|
|-start|p2a: Altaria|perish3
|-start|p1a: Clefable|perish3
|upkeep
|turn|31
|
|t:|1779866482
|move|p2a: Altaria|Roost|p2a: Altaria
|-heal|p2a: Altaria|58/100
|-singleturn|p2a: Altaria|move: Roost
|move|p1a: Clefable|Moonblast|p2a: Altaria
|-supereffective|p2a: Altaria
|-damage|p2a: Altaria|0 fnt
|faint|p2a: Altaria
|
|-start|p1a: Clefable|perish2
|upkeep
|
|t:|1779866494
|switch|p2a: Glimmora|Glimmora, M|22/100
|-damage|p2a: Glimmora|6/100|[from] Spikes
|turn|32
|
|t:|1779866507
|switch|p1a: Moltres|Moltres|86/100
|move|p2a: Glimmora|Spiky Shield||[still]
|-fail|p2a: Glimmora
|
|upkeep
|turn|33
|
|t:|1779866513
|move|p2a: Glimmora|Mortal Spin|p1a: Moltres
|-crit|p1a: Moltres
|-damage|p1a: Moltres|80/100
|-status|p1a: Moltres|psn
|-sideend|p2: Kino100705|Spikes|[from] move: Mortal Spin|[of] p2a: Glimmora
|move|p1a: Moltres|Flamethrower|p2a: Glimmora
|-resisted|p2a: Glimmora
|-damage|p2a: Glimmora|0 fnt
|faint|p2a: Glimmora
|
|-damage|p1a: Moltres|67/100 psn|[from] psn
|upkeep
|
|t:|1779866523
|switch|p2a: Delphox|Delphox, M|100/100
|turn|34
|
|t:|1779866539
|move|p2a: Delphox|Mystical Fire|p1a: Moltres
|-resisted|p1a: Moltres
|-damage|p1a: Moltres|50/100 psn
|-unboost|p1a: Moltres|spa|1
|-item|p2a: Delphox|Heavy-Duty Boots|[from] ability: Magician|[of] p1a: Moltres
|move|p1a: Moltres|Flamethrower|p2a: Delphox
|-resisted|p2a: Delphox
|-damage|p2a: Delphox|85/100
|
|-damage|p1a: Moltres|38/100 psn|[from] psn
|upkeep
|turn|35
|
|t:|1779866550
|move|p2a: Delphox|Psyshock|p1a: Moltres
|-damage|p1a: Moltres|12/100 psn
|move|p1a: Moltres|Flamethrower|p2a: Delphox
|-resisted|p2a: Delphox
|-damage|p2a: Delphox|71/100
|
|-damage|p1a: Moltres|0 fnt|[from] psn
|faint|p1a: Moltres
|upkeep
|
|t:|1779866554
|switch|p1a: Blastoise|Blastoise, M|54/100 psn
|turn|36
|inactive|Kino100705 has 120 seconds left.
|
|t:|1779866586
|move|p2a: Delphox|Psyshock|p1a: Blastoise
|-crit|p1a: Blastoise
|-damage|p1a: Blastoise|11/100 psn
|move|p1a: Blastoise|Surf|p2a: Delphox
|-supereffective|p2a: Delphox
|-damage|p2a: Delphox|0 fnt
|faint|p2a: Delphox
|
|-damage|p1a: Blastoise|0 fnt|[from] psn
|faint|p1a: Blastoise
|upkeep
|inactive|Kino100705 has 120 seconds left.
|
|t:|1779866598
|switch|p2a: Pecharunt|Pecharunt|100/100
|switch|p1a: Pikachu|Pikachu, F|21/100
|turn|37
|
|t:|1779866603
|move|p1a: Pikachu|Volt Tackle|p2a: Pecharunt
|-damage|p2a: Pecharunt|65/100
|-damage|p1a: Pikachu|0 fnt|[from] Recoil
|faint|p1a: Pikachu
|move|p2a: Pecharunt|Shadow Ball|p1: Pikachu|[notarget]
|-fail|p2a: Pecharunt
|
|-heal|p2a: Pecharunt|71/100|[from] item: Black Sludge
|upkeep
|
|t:|1779866607
|switch|p1a: Gholdengo|Gholdengo|62/100
|turn|38
|
|t:|1779866615
|move|p2a: Pecharunt|Protect|p2a: Pecharunt
|-singleturn|p2a: Pecharunt|Protect
|move|p1a: Gholdengo|Shadow Ball|p2a: Pecharunt
|-activate|p2a: Pecharunt|move: Protect
|
|-heal|p2a: Pecharunt|77/100|[from] item: Black Sludge
|upkeep
|turn|39
|
|t:|1779866623
|move|p1a: Gholdengo|Make It Rain|p2a: Pecharunt
|-damage|p2a: Pecharunt|2/100
|-unboost|p1a: Gholdengo|spa|1
|move|p2a: Pecharunt|Shadow Ball|p1a: Gholdengo
|-supereffective|p1a: Gholdengo
|-damage|p1a: Gholdengo|8/100
|-enditem|p1a: Gholdengo|Aguav Berry|[eat]
|-heal|p1a: Gholdengo|42/100|[from] item: Aguav Berry
|
|-heal|p2a: Pecharunt|8/100|[from] item: Black Sludge
|upkeep
|turn|40
|
|t:|1779866634
|move|p1a: Gholdengo|Shadow Ball|p2a: Pecharunt
|-supereffective|p2a: Pecharunt
|-damage|p2a: Pecharunt|0 fnt
|faint|p2a: Pecharunt
|
|win|fjdjdudyd
|raw|fjdjdudyd's rating: 1151 &rarr; <strong>1172</strong><br />(+21 for winning)
|raw|Kino100705's rating: 1101 &rarr; <strong>1080</strong><br />(-21 for losing)
|l|‽Kino100705
|player|p2|
|l|☆fjdjdudyd
|player|p1|
