|j|☆spreadcrosser
|j|☆frin2607
|t:|1779800467
|gametype|singles
|player|p1|spreadcrosser|2|1327
|player|p2|frin2607|101|1291
|gen|9
|tier|[Gen 9] OU
|rated|
|rule|HP Percentage Mod: HP is shown in percentages
|rule|Endless Battle Clause: Forcing endless battles is banned
|rule|Species Clause: Limit one of each Pokémon
|rule|OHKO Clause: OHKO moves are banned
|rule|Evasion Items Clause: Evasion items are banned
|rule|Evasion Moves Clause: Evasion moves are banned
|rule|Evasion Abilities Clause: Evasion abilities are banned
|rule|Sleep Moves Clause: Sleep-inducing moves are banned
|clearpoke
|poke|p1|Iron Hands|
|poke|p1|Greninja-*, M|
|poke|p1|Ceruledge, F|
|poke|p1|Zapdos|
|poke|p1|Slowking-Galar, F|
|poke|p1|Great Tusk|
|poke|p2|Blaziken, F|
|poke|p2|Deoxys-Speed|
|poke|p2|Kingambit, F|
|poke|p2|Gholdengo|
|poke|p2|Glimmora, F|
|poke|p2|Samurott-Hisui, F|
|teampreview
|inactive|Battle timer is ON: inactive players will automatically lose when time's up. (requested by spreadcrosser)
|
|t:|1779800483
|teamsize|p1|6
|teamsize|p2|6
|start
|switch|p1a: Zapdos|Zapdos|100/100
|switch|p2a: Glimmora|Glimmora, F|100/100
|turn|1
|
|t:|1779800489
|move|p1a: Zapdos|Volt Switch|p2a: Glimmora
|-damage|p2a: Glimmora|51/100
|
|t:|1779800491
|switch|p1a: Great Tusk|Great Tusk|100/100|[from] Volt Switch
|move|p2a: Glimmora|Power Gem|p1a: Great Tusk
|-resisted|p1a: Great Tusk
|-damage|p1a: Great Tusk|92/100
|
|upkeep
|turn|2
|
|t:|1779800504
|switch|p2a: Gholdengo|Gholdengo|100/100
|-item|p2a: Gholdengo|Air Balloon
|move|p1a: Great Tusk|Earthquake|p2a: Gholdengo
|-immune|p2a: Gholdengo
|
|upkeep
|turn|3
|
|t:|1779800512
|move|p2a: Gholdengo|Nasty Plot|p2a: Gholdengo
|-boost|p2a: Gholdengo|spa|2
|move|p1a: Great Tusk|Knock Off|p2a: Gholdengo
|-supereffective|p2a: Gholdengo
|-damage|p2a: Gholdengo|37/100
|-enditem|p2a: Gholdengo|Air Balloon
|
|upkeep
|turn|4
|
|t:|1779800519
|move|p2a: Gholdengo|Make It Rain|p1a: Great Tusk
|-damage|p1a: Great Tusk|0 fnt
|-unboost|p2a: Gholdengo|spa|1
|faint|p1a: Great Tusk
|-end|p1a: Great Tusk|Protosynthesis|[silent]
|
|upkeep
|
|t:|1779800531
|switch|p1a: Ceruledge|Ceruledge, F|100/100
|turn|5
|
|t:|1779800534
|switch|p2a: Glimmora|Glimmora, F|51/100
|move|p1a: Ceruledge|Bitter Blade|p2a: Glimmora
|-resisted|p2a: Glimmora
|-damage|p2a: Glimmora|25/100
|-activate|p2a: Glimmora|ability: Toxic Debris
|-sidestart|p1: spreadcrosser|move: Toxic Spikes
|
|upkeep
|turn|6
|
|t:|1779800543
|move|p2a: Glimmora|Stealth Rock|p1a: Ceruledge
|-sidestart|p1: spreadcrosser|move: Stealth Rock
|move|p1a: Ceruledge|Bitter Blade|p2a: Glimmora
|-resisted|p2a: Glimmora
|-damage|p2a: Glimmora|0 fnt
|-activate|p2a: Glimmora|ability: Toxic Debris
|-sidestart|p1: spreadcrosser|move: Toxic Spikes
|faint|p2a: Glimmora
|
|upkeep
|
|t:|1779800551
|switch|p2a: Samurott|Samurott-Hisui, F|100/100
|turn|7
|inactive|spreadcrosser has 120 seconds left.
|
|t:|1779800582
|-terastallize|p1a: Ceruledge|Fairy
|move|p1a: Ceruledge|Swords Dance|p1a: Ceruledge
|-boost|p1a: Ceruledge|atk|2
|move|p2a: Samurott|Ceaseless Edge|p1a: Ceruledge
|-resisted|p1a: Ceruledge
|-damage|p1a: Ceruledge|70/100
|-ability|p1a: Ceruledge|Weak Armor|boost
|-unboost|p1a: Ceruledge|def|1
|-boost|p1a: Ceruledge|spe|2
|-sidestart|p1: spreadcrosser|Spikes
|
|upkeep
|turn|8
|inactive|spreadcrosser has 120 seconds left.
|
|t:|1779800610
|move|p1a: Ceruledge|Close Combat|p2a: Samurott
|-supereffective|p2a: Samurott
|-damage|p2a: Samurott|0 fnt
|-unboost|p1a: Ceruledge|def|1
|-unboost|p1a: Ceruledge|spd|1
|faint|p2a: Samurott
|
|upkeep
|inactive|frin2607 has 120 seconds left.
|
|t:|1779800631
|switch|p2a: Kingambit|Kingambit, F|100/100
|-activate|p2a: Kingambit|ability: Supreme Overlord
|-start|p2a: Kingambit|fallen2|[silent]
|turn|9
|
|t:|1779800641
|-terastallize|p2a: Kingambit|Ghost
|move|p1a: Ceruledge|Bitter Blade|p2a: Kingambit
|-damage|p2a: Kingambit|28/100
|-heal|p1a: Ceruledge|100/100|[from] drain|[of] p2a: Kingambit
|move|p2a: Kingambit|Iron Head|p1a: Ceruledge
|-supereffective|p1a: Ceruledge
|-enditem|p1a: Ceruledge|Focus Sash
|-damage|p1a: Ceruledge|1/100
|-ability|p1a: Ceruledge|Weak Armor|boost
|-unboost|p1a: Ceruledge|def|1
|-boost|p1a: Ceruledge|spe|2
|
|-heal|p2a: Kingambit|34/100|[from] item: Leftovers
|upkeep
|turn|10
|
|t:|1779800653
|move|p1a: Ceruledge|Shadow Sneak|p2a: Kingambit
|-supereffective|p2a: Kingambit
|-damage|p2a: Kingambit|0 fnt
|faint|p2a: Kingambit
|-end|p2a: Kingambit|fallen2|[silent]
|
|upkeep
|
|t:|1779800669
|switch|p2a: Blaziken|Blaziken, F|100/100
|turn|11
|
|t:|1779800677
|move|p1a: Ceruledge|Close Combat|p2a: Blaziken
|-damage|p2a: Blaziken|0 fnt
|-unboost|p1a: Ceruledge|def|1
|-unboost|p1a: Ceruledge|spd|1
|faint|p2a: Blaziken
|
|upkeep
|-message|frin2607 forfeited.
|
|win|spreadcrosser
|raw|spreadcrosser's rating: 1327 &rarr; <strong>1345</strong><br />(+18 for winning)
|raw|frin2607's rating: 1291 &rarr; <strong>1269</strong><br />(-22 for losing)
|l|☆frin2607
|player|p2|
