|j|☆placentastu
|j|☆kaiserkahl
|t:|1779969781
|gametype|singles
|player|p1|placentastu|gentleman-gen4dp|1170
|player|p2|kaiserkahl|102|1124
|gen|9
|tier|[Gen 9] OU
|rated|
|rule|HP Percentage Mod: HP is shown in percentages
|rule|Endless Battle Clause: Forcing endless battles is banned
|rule|Species Clause: Limit one of each Pokémon
|rule|OHKO Clause: OHKO moves are banned
|rule|Evasion Items Clause: Evasion items are banned
|rule|Evasion Moves Clause: Evasion moves are banned
|rule|Evasion Abilities Clause: Evasion abilities are banned
|rule|Sleep Moves Clause: Sleep-inducing moves are banned
|clearpoke
|poke|p1|Ogerpon-Wellspring, F|
|poke|p1|Moltres|
|poke|p1|Primarina, M|
|poke|p1|Galvantula, F|
|poke|p1|Dragonite, M|
|poke|p1|Great Tusk|
|poke|p2|Drednaw, F|
|poke|p2|Pelipper, M|
|poke|p2|Indeedee, M|
|poke|p2|Hatterene, F|
|poke|p2|Barraskewda, M|
|poke|p2|Samurott-Hisui, F|
|teampreview
|
|t:|1779969785
|teamsize|p1|6
|teamsize|p2|6
|start
|switch|p1a: Hypider|Galvantula, F|100/100
|switch|p2a: Samurott|Samurott-Hisui, F|100/100
|turn|1
|
|t:|1779969791
|move|p1a: Hypider|Thunder|p2a: Samurott
|-supereffective|p2a: Samurott
|-enditem|p2a: Samurott|Focus Sash
|-damage|p2a: Samurott|1/100
|move|p2a: Samurott|Ceaseless Edge|p1a: Hypider
|-damage|p1a: Hypider|14/100
|-sidestart|p1: placentastu|Spikes
|
|upkeep
|turn|2
|
|t:|1779969800
|move|p2a: Samurott|Aqua Jet|p1a: Hypider
|-damage|p1a: Hypider|0 fnt
|faint|p1a: Hypider
|
|upkeep
|
|t:|1779969803
|switch|p1a: Fem Shrek|Ogerpon-Wellspring, F|100/100
|-damage|p1a: Fem Shrek|88/100|[from] Spikes
|turn|3
|
|t:|1779969815
|move|p1a: Fem Shrek|Swords Dance|p1a: Fem Shrek
|-boost|p1a: Fem Shrek|atk|2
|move|p2a: Samurott|Knock Off|p1a: Fem Shrek
|-damage|p1a: Fem Shrek|49/100
|
|upkeep
|turn|4
|
|t:|1779969823
|move|p1a: Fem Shrek|Quick Attack|p2a: Samurott
|-damage|p2a: Samurott|0 fnt
|faint|p2a: Samurott
|
|upkeep
|
|t:|1779969830
|switch|p2a: Pelipper|Pelipper, M|100/100
|-weather|RainDance|[from] ability: Drizzle|[of] p2a: Pelipper
|turn|5
|
|t:|1779969835
|move|p1a: Fem Shrek|Horn Leech|p2a: Pelipper
|-damage|p2a: Pelipper|32/100
|-heal|p1a: Fem Shrek|86/100|[from] drain|[of] p2a: Pelipper
|move|p2a: Pelipper|Hurricane|p1a: Fem Shrek
|-supereffective|p1a: Fem Shrek
|-damage|p1a: Fem Shrek|0 fnt
|faint|p1a: Fem Shrek
|
|-weather|RainDance|[upkeep]
|upkeep
|
|t:|1779969843
|switch|p1a: Mega-Flygon|Moltres|100/100
|turn|6
|
|t:|1779969848
|move|p1a: Mega-Flygon|Hurricane|p2a: Pelipper
|-damage|p2a: Pelipper|0 fnt
|faint|p2a: Pelipper
|
|-weather|RainDance|[upkeep]
|upkeep
|
|t:|1779969854
|switch|p2a: Barraskewda|Barraskewda, M|100/100
|turn|7
|
|t:|1779969858
|move|p2a: Barraskewda|Flip Turn|p1a: Mega-Flygon
|-supereffective|p1a: Mega-Flygon
|-damage|p1a: Mega-Flygon|0 fnt
|faint|p1a: Mega-Flygon
|
|t:|1779969862
|switch|p2a: Drednaw|Drednaw, F|100/100|[from] Flip Turn
|
|-weather|RainDance|[upkeep]
|upkeep
|
|t:|1779969867
|switch|p1a: Donphantastic|Great Tusk|100/100
|-damage|p1a: Donphantastic|88/100|[from] Spikes
|turn|8
|
|t:|1779969876
|move|p1a: Donphantastic|Close Combat|p2a: Drednaw
|-supereffective|p2a: Drednaw
|-damage|p2a: Drednaw|0 fnt
|-unboost|p1a: Donphantastic|def|1
|-unboost|p1a: Donphantastic|spd|1
|faint|p2a: Drednaw
|
|-weather|RainDance|[upkeep]
|upkeep
|
|t:|1779969885
|switch|p2a: Indeedee|Indeedee, M|100/100
|-fieldstart|move: Psychic Terrain|[from] ability: Psychic Surge|[of] p2a: Indeedee
|turn|9
|
|t:|1779969890
|-end|p1a: Donphantastic|Protosynthesis|[silent]
|switch|p1a: Little Merman|Primarina, M|100/100
|-damage|p1a: Little Merman|88/100|[from] Spikes
|move|p2a: Indeedee|Dazzling Gleam|p1a: Little Merman
|-damage|p1a: Little Merman|68/100
|
|-weather|RainDance|[upkeep]
|upkeep
|turn|10
|
|t:|1779969899
|move|p2a: Indeedee|Expanding Force|p1a: Little Merman
|-damage|p1a: Little Merman|9/100
|move|p1a: Little Merman|Surf|p2a: Indeedee
|-damage|p2a: Indeedee|0 fnt
|faint|p2a: Indeedee
|
|-weather|RainDance|[upkeep]
|upkeep
|
|t:|1779969908
|switch|p2a: Barraskewda|Barraskewda, M|100/100
|turn|11
|
|t:|1779969931
|move|p2a: Barraskewda|Liquidation|p1a: Little Merman
|-resisted|p1a: Little Merman
|-damage|p1a: Little Merman|0 fnt
|faint|p1a: Little Merman
|
|-weather|RainDance|[upkeep]
|upkeep
|
|t:|1779969939
|switch|p1a: Vamanos|Dragonite, M|100/100
|turn|12
|
|t:|1779969943
|move|p2a: Barraskewda|Liquidation|p1a: Vamanos
|-resisted|p1a: Vamanos
|-damage|p1a: Vamanos|75/100
|move|p1a: Vamanos|Thunder Wave|p2a: Barraskewda
|-status|p2a: Barraskewda|par
|
|-weather|none
|upkeep
|turn|13
|
|t:|1779969957
|move|p1a: Vamanos|Earthquake|p2a: Barraskewda
|-crit|p2a: Barraskewda
|-damage|p2a: Barraskewda|0 fnt
|faint|p2a: Barraskewda
|
|upkeep
|
|t:|1779969962
|switch|p2a: Hatterene|Hatterene, F|100/100
|turn|14
|
|t:|1779969967
|move|p1a: Vamanos|Earthquake|p2a: Hatterene
|-damage|p2a: Hatterene|73/100
|move|p2a: Hatterene|Draining Kiss|p1a: Vamanos
|-supereffective|p1a: Vamanos
|-damage|p1a: Vamanos|30/100
|-heal|p2a: Hatterene|100/100|[from] drain|[of] p1a: Vamanos
|
|upkeep
|turn|15
|
|t:|1779969976
|move|p1a: Vamanos|Earthquake|p2a: Hatterene
|-damage|p2a: Hatterene|69/100
|move|p2a: Hatterene|Calm Mind|p2a: Hatterene
|-boost|p2a: Hatterene|spa|1
|-boost|p2a: Hatterene|spd|1
|
|-heal|p2a: Hatterene|75/100|[from] item: Leftovers
|upkeep
|turn|16
|
|t:|1779969991
|move|p1a: Vamanos|Earthquake|p2a: Hatterene
|-damage|p2a: Hatterene|45/100
|move|p2a: Hatterene|Draining Kiss|p1a: Vamanos
|-supereffective|p1a: Vamanos
|-damage|p1a: Vamanos|0 fnt
|-heal|p2a: Hatterene|68/100|[from] drain|[of] p1a: Vamanos
|faint|p1a: Vamanos
|
|-heal|p2a: Hatterene|74/100|[from] item: Leftovers
|-fieldend|move: Psychic Terrain
|upkeep
|
|t:|1779969995
|switch|p1a: Donphantastic|Great Tusk|88/100
|-damage|p1a: Donphantastic|76/100|[from] Spikes
|turn|17
|
|t:|1779970006
|-terastallize|p1a: Donphantastic|Ground
|-terastallize|p2a: Hatterene|Psychic
|move|p1a: Donphantastic|Headlong Rush|p2a: Hatterene
|-damage|p2a: Hatterene|0 fnt
|-unboost|p1a: Donphantastic|def|1
|-unboost|p1a: Donphantastic|spd|1
|faint|p2a: Hatterene
|
|win|placentastu
|raw|placentastu's rating: 1170 &rarr; <strong>1192</strong><br />(+22 for winning)
|raw|kaiserkahl's rating: 1124 &rarr; <strong>1102</strong><br />(-22 for losing)
|l|☆kaiserkahl
|player|p2|
|l|☆placentastu
|player|p1|
