|j|☆Baconian
|j|☆SimbaQLF
|t:|1779801151
|gametype|singles
|player|p1|Baconian|preschooler|1126
|player|p2|SimbaQLF|bellepa|1108
|gen|9
|tier|[Gen 9] OU
|rated|
|rule|HP Percentage Mod: HP is shown in percentages
|rule|Endless Battle Clause: Forcing endless battles is banned
|rule|Species Clause: Limit one of each Pokémon
|rule|OHKO Clause: OHKO moves are banned
|rule|Evasion Items Clause: Evasion items are banned
|rule|Evasion Moves Clause: Evasion moves are banned
|rule|Evasion Abilities Clause: Evasion abilities are banned
|rule|Sleep Moves Clause: Sleep-inducing moves are banned
|clearpoke
|poke|p1|Samurott-Hisui, F|
|poke|p1|Gholdengo|
|poke|p1|Iron Moth|
|poke|p1|Iron Treads|
|poke|p1|Iron Valiant|
|poke|p1|Zamazenta-*|
|poke|p2|Poliwrath, M|
|poke|p2|Enamorus, F|
|poke|p2|Rillaboom, F|
|poke|p2|Iron Crown|
|poke|p2|Great Tusk|
|poke|p2|Heatran, F|
|teampreview
|inactive|Battle timer is ON: inactive players will automatically lose when time's up. (requested by SimbaQLF)
|inactive|Baconian has 120 seconds left.
|inactive|Baconian has 90 seconds left.
|inactive|Baconian has 60 seconds left.
|inactive|Baconian has 30 seconds left.
|inactive|Baconian has 20 seconds left.
|inactive|Baconian has 15 seconds left.
|inactive|Baconian has 10 seconds left.
|
|t:|1779801348
|teamsize|p1|6
|teamsize|p2|6
|start
|switch|p1a: Samurott|Samurott-Hisui, F|100/100
|switch|p2a: Yukule|Heatran, F|100/100
|turn|1
|
|t:|1779801370
|-terastallize|p2a: Yukule|Grass
|move|p1a: Samurott|Ceaseless Edge|p2a: Yukule
|-damage|p2a: Yukule|57/100
|-sidestart|p2: SimbaQLF|Spikes
|move|p2a: Yukule|Stealth Rock|p1a: Samurott
|-sidestart|p1: Baconian|move: Stealth Rock
|
|-heal|p2a: Yukule|63/100|[from] item: Leftovers
|upkeep
|turn|2
|inactive|SimbaQLF has 120 seconds left.
|
|t:|1779801398
|move|p1a: Samurott|Knock Off|p2a: Yukule
|-crit|p2a: Yukule
|-damage|p2a: Yukule|6/100
|-enditem|p2a: Yukule|Leftovers|[from] move: Knock Off|[of] p1a: Samurott
|move|p2a: Yukule|Taunt|p1a: Samurott
|-start|p1a: Samurott|move: Taunt
|
|upkeep
|turn|3
|inactive|SimbaQLF has 120 seconds left.
|
|t:|1779801416
|move|p1a: Samurott|Ceaseless Edge|p2a: Yukule
|-damage|p2a: Yukule|0 fnt
|-sidestart|p2: SimbaQLF|Spikes
|faint|p2a: Yukule
|
|upkeep
|
|t:|1779801419
|switch|p2a: Chak|Great Tusk|100/100
|-damage|p2a: Chak|84/100|[from] Spikes
|turn|4
|inactive|SimbaQLF has 120 seconds left.
|
|t:|1779801426
|-end|p2a: Chak|Protosynthesis|[silent]
|switch|p2a: Doule|Poliwrath, M, shiny|100/100
|-damage|p2a: Doule|84/100|[from] Spikes
|-terastallize|p1a: Samurott|Ghost
|move|p1a: Samurott|Razor Shell|p2a: Doule
|-heal|p2a: Doule|100/100|[from] ability: Water Absorb|[of] p1a: Samurott
|
|upkeep
|turn|5
|inactive|SimbaQLF has 120 seconds left.
|
|t:|1779801436
|move|p1a: Samurott|Knock Off|p2a: Doule
|-resisted|p2a: Doule
|-damage|p2a: Doule|74/100
|-enditem|p2a: Doule|Leftovers|[from] move: Knock Off|[of] p1a: Samurott
|move|p2a: Doule|Bulk Up|p2a: Doule
|-boost|p2a: Doule|atk|1
|-boost|p2a: Doule|def|1
|
|-end|p1a: Samurott|move: Taunt
|upkeep
|turn|6
|
|t:|1779801443
|move|p1a: Samurott|Ceaseless Edge|p2a: Doule
|-resisted|p2a: Doule
|-damage|p2a: Doule|57/100
|-sidestart|p2: SimbaQLF|Spikes
|move|p2a: Doule|Bulk Up|p2a: Doule
|-boost|p2a: Doule|atk|1
|-boost|p2a: Doule|def|1
|
|upkeep
|turn|7
|
|t:|1779801451
|move|p1a: Samurott|Ceaseless Edge|p2a: Doule
|-resisted|p2a: Doule
|-damage|p2a: Doule|43/100
|move|p2a: Doule|Bulk Up|p2a: Doule
|-boost|p2a: Doule|atk|1
|-boost|p2a: Doule|def|1
|
|upkeep
|turn|8
|
|t:|1779801462
|move|p1a: Samurott|Ceaseless Edge|p2a: Doule
|-resisted|p2a: Doule
|-damage|p2a: Doule|33/100
|move|p2a: Doule|Bulk Up|p2a: Doule
|-boost|p2a: Doule|atk|1
|-boost|p2a: Doule|def|1
|
|upkeep
|turn|9
|
|t:|1779801468
|move|p1a: Samurott|Ceaseless Edge|p2a: Doule
|-resisted|p2a: Doule
|-damage|p2a: Doule|24/100
|move|p2a: Doule|Low Kick|p1a: Samurott
|-immune|p1a: Samurott
|
|upkeep
|turn|10
|
|t:|1779801473
|move|p1a: Samurott|Ceaseless Edge|p2a: Doule
|-resisted|p2a: Doule
|-damage|p2a: Doule|16/100
|move|p2a: Doule|Waterfall|p1a: Samurott
|-enditem|p1a: Samurott|Focus Sash
|-damage|p1a: Samurott|1/100
|
|upkeep
|turn|11
|-message|Baconian forfeited.
|
|win|SimbaQLF
|raw|Baconian's rating: 1126 &rarr; <strong>1100</strong><br />(-26 for losing)
|raw|SimbaQLF's rating: 1108 &rarr; <strong>1134</strong><br />(+26 for winning)
|l|☆Baconian
|player|p1|
|l|☆SimbaQLF
|player|p2|
