|j|☆AceZento
|j|☆CosmicMD
|t:|1779801901
|gametype|singles
|player|p1|AceZento|1|1477
|player|p2|CosmicMD|colress|1450
|gen|9
|tier|[Gen 9] OU
|rated|
|rule|HP Percentage Mod: HP is shown in percentages
|rule|Endless Battle Clause: Forcing endless battles is banned
|rule|Species Clause: Limit one of each Pokémon
|rule|OHKO Clause: OHKO moves are banned
|rule|Evasion Items Clause: Evasion items are banned
|rule|Evasion Moves Clause: Evasion moves are banned
|rule|Evasion Abilities Clause: Evasion abilities are banned
|rule|Sleep Moves Clause: Sleep-inducing moves are banned
|clearpoke
|poke|p1|Salamence, M|
|poke|p1|Kyurem|
|poke|p1|Ceruledge, M|
|poke|p1|Tornadus-Therian, M|
|poke|p1|Cinderace, M|
|poke|p1|Kingambit, M|
|poke|p2|Hydrapple, M|
|poke|p2|Kommo-o, M|
|poke|p2|Heatran, F|
|poke|p2|Iron Crown|
|poke|p2|Scream Tail|
|poke|p2|Iron Treads|
|teampreview
|inactive|Battle timer is ON: inactive players will automatically lose when time's up. (requested by AceZento)
|inactive|CosmicMD also wants the timer to be on.
|
|t:|1779801923
|teamsize|p1|6
|teamsize|p2|6
|start
|switch|p1a: Cinderace|Cinderace, M|100/100
|switch|p2a: Iron Crown|Iron Crown|100/100
|turn|1
|
|t:|1779801940
|-end|p2a: Iron Crown|Quark Drive|[silent]
|switch|p2a: HydrapGOAT|Hydrapple, M|100/100
|move|p1a: Cinderace|Pyro Ball|p2a: HydrapGOAT
|-damage|p2a: HydrapGOAT|71/100
|
|upkeep
|turn|2
|
|t:|1779801953
|move|p1a: Cinderace|U-turn|p2a: HydrapGOAT
|-start|p1a: Cinderace|typechange|Bug|[from] ability: Libero
|-supereffective|p2a: HydrapGOAT
|-damage|p2a: HydrapGOAT|34/100
|
|t:|1779801958
|switch|p1a: Tornadus|Tornadus-Therian, M|100/100|[from] U-turn
|move|p2a: HydrapGOAT|Fickle Beam|p1a: Tornadus
|-damage|p1a: Tornadus|80/100
|
|upkeep
|turn|3
|
|t:|1779801973
|switch|p2a: Heatran|Heatran, F|100/100
|move|p1a: Tornadus|Knock Off|p2a: Heatran
|-damage|p2a: Heatran|83/100
|-enditem|p2a: Heatran|Leftovers|[from] move: Knock Off|[of] p1a: Tornadus
|
|upkeep
|turn|4
|
|t:|1779801987
|move|p1a: Tornadus|U-turn|p2a: Heatran
|-resisted|p2a: Heatran
|-damage|p2a: Heatran|80/100
|
|t:|1779801998
|switch|p1a: Salamence|Salamence, M|100/100|[from] U-turn
|move|p2a: Heatran|Substitute|p2a: Heatran
|-start|p2a: Heatran|Substitute
|-damage|p2a: Heatran|55/100
|
|upkeep
|turn|5
|
|t:|1779802004
|move|p1a: Salamence|Earthquake|p2a: Heatran
|-supereffective|p2a: Heatran
|-end|p2a: Heatran|Substitute
|move|p2a: Heatran|Will-O-Wisp|p1a: Salamence
|-status|p1a: Salamence|brn
|-enditem|p1a: Salamence|Lum Berry|[eat]
|-curestatus|p1a: Salamence|brn|[msg]
|
|upkeep
|turn|6
|
|t:|1779802022
|switch|p2a: Scream Tail|Scream Tail|100/100
|move|p1a: Salamence|Earthquake|p2a: Scream Tail
|-damage|p2a: Scream Tail|68/100
|
|upkeep
|turn|7
|
|t:|1779802031
|switch|p1a: Tornadus|Tornadus-Therian, M|100/100
|move|p2a: Scream Tail|Thunder Wave|p1a: Tornadus
|-status|p1a: Tornadus|par
|
|upkeep
|turn|8
|
|t:|1779802039
|move|p2a: Scream Tail|Wish|p2a: Scream Tail
|move|p1a: Tornadus|U-turn|p2a: Scream Tail
|-damage|p2a: Scream Tail|55/100
|inactive|AceZento has 120 seconds left.
|
|t:|1779802090
|switch|p1a: Kingambit|Kingambit, M|100/100|[from] U-turn
|
|upkeep
|turn|9
|
|t:|1779802095
|-end|p2a: Scream Tail|Protosynthesis|[silent]
|switch|p2a: Kommo-o|Kommo-o, M|100/100
|move|p1a: Kingambit|Kowtow Cleave|p2a: Kommo-o
|-resisted|p2a: Kommo-o
|-damage|p2a: Kommo-o|71/100
|-damage|p1a: Kingambit|91/100|[from] item: Life Orb
|
|-heal|p2a: Kommo-o|100/100|[from] move: Wish|[wisher] Scream Tail
|upkeep
|turn|10
|
|t:|1779802104
|-end|p1a: Kingambit|fallenundefined|[silent]
|switch|p1a: Tornadus|Tornadus-Therian, M|100/100 par
|move|p2a: Kommo-o|Scale Shot|p1a: Tornadus
|-damage|p1a: Tornadus|85/100 par
|-damage|p1a: Tornadus|71/100 par
|-damage|p1a: Tornadus|56/100 par
|-damage|p1a: Tornadus|40/100 par
|-damage|p1a: Tornadus|24/100 par
|-hitcount|p1a: Tornadus|5
|-unboost|p2a: Kommo-o|def|1
|-boost|p2a: Kommo-o|spe|1
|
|upkeep
|turn|11
|
|t:|1779802120
|move|p2a: Kommo-o|Iron Head|p1a: Tornadus
|-damage|p1a: Tornadus|0 fnt
|faint|p1a: Tornadus
|
|upkeep
|inactive|AceZento has 90 seconds left.
|inactive|AceZento has 60 seconds left.
|
|t:|1779802188
|switch|p1a: Salamence|Salamence, M|100/100
|turn|12
|inactive|AceZento has 30 seconds left.
|
|t:|1779802223
|-terastallize|p1a: Salamence|Steel
|move|p2a: Kommo-o|Scale Shot|p1a: Salamence
|-resisted|p1a: Salamence
|-damage|p1a: Salamence|94/100
|-resisted|p1a: Salamence
|-damage|p1a: Salamence|85/100
|-resisted|p1a: Salamence
|-damage|p1a: Salamence|79/100
|-resisted|p1a: Salamence
|-damage|p1a: Salamence|71/100
|-hitcount|p1a: Salamence|4
|-unboost|p2a: Kommo-o|def|1
|-boost|p2a: Kommo-o|spe|1
|move|p1a: Salamence|Dual Wingbeat|p2a: Kommo-o
|-supereffective|p2a: Kommo-o
|-damage|p2a: Kommo-o|3/100
|-supereffective|p2a: Kommo-o
|-crit|p2a: Kommo-o
|-damage|p2a: Kommo-o|0 fnt
|faint|p2a: Kommo-o
|-ability|p1a: Salamence|Moxie|boost
|-boost|p1a: Salamence|atk|1
|-hitcount|p2: Kommo-o|2
|
|upkeep
|
|t:|1779802237
|switch|p2a: Iron Treads|Iron Treads|100/100
|turn|13
|inactive|AceZento has 30 seconds left.
|inactive|AceZento has 20 seconds left.
|
|t:|1779802261
|switch|p1a: Cinderace|Cinderace, M|100/100
|move|p2a: Iron Treads|Earthquake|p1a: Cinderace
|-supereffective|p1a: Cinderace
|-damage|p1a: Cinderace|0 fnt
|faint|p1a: Cinderace
|
|upkeep
|inactive|AceZento has 25 seconds left this turn.
|inactive|AceZento has 20 seconds left.
|inactive|AceZento has 15 seconds left.
|inactive|AceZento has 10 seconds left.
|
|t:|1779802277
|switch|p1a: Ceruledge|Ceruledge, M|100/100
|turn|14
|inactive|AceZento has 20 seconds left this turn.
|
|t:|1779802285
|-end|p2a: Iron Treads|Quark Drive|[silent]
|switch|p2a: Heatran|Heatran, F|55/100
|move|p1a: Ceruledge|Swords Dance|p1a: Ceruledge
|-boost|p1a: Ceruledge|atk|2
|
|upkeep
|turn|15
|inactive|AceZento has 30 seconds left this turn.
|inactive|AceZento has 20 seconds left.
|
|t:|1779802300
|move|p1a: Ceruledge|Close Combat|p2a: Heatran
|-supereffective|p2a: Heatran
|-damage|p2a: Heatran|0 fnt
|-unboost|p1a: Ceruledge|def|1
|-unboost|p1a: Ceruledge|spd|1
|faint|p2a: Heatran
|
|upkeep
|
|t:|1779802310
|switch|p2a: Scream Tail|Scream Tail|55/100
|turn|16
|inactive|AceZento has 30 seconds left.
|
|t:|1779802319
|move|p1a: Ceruledge|Shadow Sneak|p2a: Scream Tail
|-supereffective|p2a: Scream Tail
|-damage|p2a: Scream Tail|0 fnt
|faint|p2a: Scream Tail
|-end|p2a: Scream Tail|Protosynthesis|[silent]
|
|upkeep
|
|t:|1779802322
|switch|p2a: Iron Treads|Iron Treads|100/100
|turn|17
|
|t:|1779802327
|-terastallize|p2a: Iron Treads|Water
|move|p2a: Iron Treads|Earthquake|p1a: Ceruledge
|-supereffective|p1a: Ceruledge
|-enditem|p1a: Ceruledge|Focus Sash
|-damage|p1a: Ceruledge|1/100
|-ability|p1a: Ceruledge|Weak Armor|boost
|-unboost|p1a: Ceruledge|def|1
|-boost|p1a: Ceruledge|spe|2
|move|p1a: Ceruledge|Bitter Blade|p2a: Iron Treads
|-resisted|p2a: Iron Treads
|-damage|p2a: Iron Treads|59/100
|-heal|p1a: Ceruledge|24/100|[from] drain|[of] p2a: Iron Treads
|
|upkeep
|turn|18
|
|t:|1779802341
|move|p1a: Ceruledge|Close Combat|p2a: Iron Treads
|-damage|p2a: Iron Treads|0 fnt
|-unboost|p1a: Ceruledge|def|1
|-unboost|p1a: Ceruledge|spd|1
|faint|p2a: Iron Treads
|-end|p2a: Iron Treads|Quark Drive|[silent]
|
|upkeep
|
|t:|1779802345
|switch|p2a: HydrapGOAT|Hydrapple, M|67/100
|turn|19
|
|t:|1779802354
|move|p1a: Ceruledge|Bitter Blade|p2a: HydrapGOAT
|-damage|p2a: HydrapGOAT|12/100
|-heal|p1a: Ceruledge|64/100|[from] drain|[of] p2a: HydrapGOAT
|move|p2a: HydrapGOAT|Earth Power|p1a: Ceruledge
|-supereffective|p1a: Ceruledge
|-damage|p1a: Ceruledge|0 fnt
|faint|p1a: Ceruledge
|
|upkeep
|inactive|AceZento has 30 seconds left.
|
|t:|1779802386
|switch|p1a: Salamence|Salamence, M, tera:Steel|71/100
|turn|20
|inactive|AceZento has 30 seconds left.
|
|t:|1779802395
|move|p1a: Salamence|Earthquake|p2a: HydrapGOAT
|-resisted|p2a: HydrapGOAT
|-damage|p2a: HydrapGOAT|1/100
|move|p2a: HydrapGOAT|Earth Power|p1a: Salamence
|-supereffective|p1a: Salamence
|-crit|p1a: Salamence
|-damage|p1a: Salamence|0 fnt
|faint|p1a: Salamence
|
|upkeep
|inactive|AceZento has 30 seconds left.
|
|t:|1779802402
|switch|p1a: Kyurem|Kyurem|100/100
|-ability|p1a: Kyurem|Pressure
|turn|21
|
|t:|1779802404
|switch|p2a: Iron Crown|Iron Crown|100/100
|move|p1a: Kyurem|Earth Power|p2a: Iron Crown
|-supereffective|p2a: Iron Crown
|-crit|p2a: Iron Crown
|-damage|p2a: Iron Crown|15/100
|
|upkeep
|turn|22
|
|t:|1779802409
|move|p2a: Iron Crown|Tachyon Cutter|p1a: Kyurem
|-supereffective|p1a: Kyurem
|-damage|p1a: Kyurem|54/100
|-supereffective|p1a: Kyurem
|-damage|p1a: Kyurem|9/100
|-hitcount|p1a: Kyurem|2
|move|p1a: Kyurem|Earth Power|p2a: Iron Crown
|-supereffective|p2a: Iron Crown
|-damage|p2a: Iron Crown|0 fnt
|faint|p2a: Iron Crown
|-end|p2a: Iron Crown|Quark Drive|[silent]
|
|upkeep
|
|t:|1779802413
|switch|p2a: HydrapGOAT|Hydrapple, M|34/100
|turn|23
|
|t:|1779802419
|switch|p1a: Kingambit|Kingambit, M|91/100
|-activate|p1a: Kingambit|ability: Supreme Overlord
|-start|p1a: Kingambit|fallen4|[silent]
|move|p2a: HydrapGOAT|Giga Drain|p1a: Kingambit
|-resisted|p1a: Kingambit
|-damage|p1a: Kingambit|76/100
|-heal|p2a: HydrapGOAT|41/100|[from] drain|[of] p1a: Kingambit
|
|upkeep
|turn|24
|inactive|AceZento has 60 seconds left.
|
|t:|1779802429
|move|p1a: Kingambit|Sucker Punch|p2a: HydrapGOAT
|-damage|p2a: HydrapGOAT|0 fnt
|faint|p2a: HydrapGOAT
|-damage|p1a: Kingambit|66/100|[from] item: Life Orb
|
|win|AceZento
|raw|AceZento's rating: 1477 &rarr; <strong>1495</strong><br />(+18 for winning)
|raw|CosmicMD's rating: 1450 &rarr; <strong>1432</strong><br />(-18 for losing)
|l|☆CosmicMD
|player|p2|
|l|☆AceZento
|player|p1|
