|j|☆There bread
|j|☆claudechamp
|t:|1779804200
|gametype|singles
|player|p1|There bread|brycen|1283
|player|p2|claudechamp|265|1306
|gen|9
|tier|[Gen 9] OU
|rated|
|rule|HP Percentage Mod: HP is shown in percentages
|rule|Endless Battle Clause: Forcing endless battles is banned
|rule|Species Clause: Limit one of each Pokémon
|rule|OHKO Clause: OHKO moves are banned
|rule|Evasion Items Clause: Evasion items are banned
|rule|Evasion Moves Clause: Evasion moves are banned
|rule|Evasion Abilities Clause: Evasion abilities are banned
|rule|Sleep Moves Clause: Sleep-inducing moves are banned
|clearpoke
|poke|p1|Regieleki|
|poke|p1|Deoxys-Speed|
|poke|p1|Yanmega, F|
|poke|p1|Azelf|
|poke|p1|Gliscor, F|
|poke|p1|Slither Wing|
|poke|p2|Gliscor, M|
|poke|p2|Ogerpon, F|
|poke|p2|Walking Wake|
|poke|p2|Blissey, F|
|poke|p2|Corviknight, M|
|poke|p2|Pecharunt|
|teampreview
|inactive|Battle timer is ON: inactive players will automatically lose when time's up. (requested by There bread)
|c|☆claudechamp|hf
|inactive|claudechamp also wants the timer to be on.
|
|t:|1779804209
|teamsize|p1|6
|teamsize|p2|6
|start
|switch|p1a: Slither Wing|Slither Wing, shiny|100/100
|switch|p2a: Gliscor|Gliscor, M|100/100
|-enditem|p1a: Slither Wing|Booster Energy
|-activate|p1a: Slither Wing|ability: Protosynthesis|[fromitem]
|-start|p1a: Slither Wing|protosynthesisatk
|turn|1
|
|t:|1779804221
|-end|p1a: Slither Wing|Protosynthesis|[silent]
|switch|p1a: Deoxys|Deoxys-Speed|100/100
|-ability|p1a: Deoxys|Pressure
|move|p2a: Gliscor|Toxic|p1a: Deoxys
|-status|p1a: Deoxys|tox
|
|-damage|p1a: Deoxys|94/100 tox|[from] psn
|-status|p2a: Gliscor|tox|[from] item: Toxic Orb
|upkeep
|turn|2
|
|t:|1779804228
|move|p1a: Deoxys|Ice Beam|p2a: Gliscor
|-supereffective|p2a: Gliscor
|-damage|p2a: Gliscor|0 fnt
|faint|p2a: Gliscor
|
|-damage|p1a: Deoxys|82/100 tox|[from] psn
|upkeep
|
|t:|1779804233
|switch|p2a: Blissey|Blissey, F|100/100
|turn|3
|
|t:|1779804237
|switch|p1a: Gliscor|Gliscor, F, shiny|100/100
|move|p2a: Blissey|Stealth Rock|p1a: Gliscor
|-sidestart|p1: There bread|move: Stealth Rock
|
|-status|p1a: Gliscor|tox|[from] item: Toxic Orb
|upkeep
|turn|4
|
|t:|1779804248
|move|p1a: Gliscor|Swords Dance|p1a: Gliscor
|-boost|p1a: Gliscor|atk|2
|move|p2a: Blissey|Seismic Toss|p1a: Gliscor
|-damage|p1a: Gliscor|70/100 tox
|
|-heal|p1a: Gliscor|83/100 tox|[from] ability: Poison Heal
|upkeep
|turn|5
|
|t:|1779804253
|switch|p2a: Corviknight|Corviknight, M|100/100
|-ability|p2a: Corviknight|Pressure
|move|p1a: Gliscor|Swords Dance|p1a: Gliscor
|-boost|p1a: Gliscor|atk|2
|
|-heal|p1a: Gliscor|95/100 tox|[from] ability: Poison Heal
|upkeep
|turn|6
|
|t:|1779804256
|move|p1a: Gliscor|Swords Dance|p1a: Gliscor
|-boost|p1a: Gliscor|atk|2
|move|p2a: Corviknight|U-turn|p1a: Gliscor
|-resisted|p1a: Gliscor
|-damage|p1a: Gliscor|88/100 tox
|
|t:|1779804259
|switch|p2a: Ogerpon|Ogerpon, F|100/100|[from] U-turn
|
|-heal|p1a: Gliscor|100/100 tox|[from] ability: Poison Heal
|upkeep
|turn|7
|
|t:|1779804263
|move|p2a: Ogerpon|U-turn|p1a: Gliscor
|-resisted|p1a: Gliscor
|-damage|p1a: Gliscor|91/100 tox
|
|t:|1779804266
|switch|p2a: Walking Wake|Walking Wake|100/100|[from] U-turn
|move|p1a: Gliscor|Ice Fang|p2a: Walking Wake
|-damage|p2a: Walking Wake|11/100
|
|-heal|p1a: Gliscor|100/100 tox|[from] ability: Poison Heal
|upkeep
|turn|8
|
|t:|1779804271
|move|p2a: Walking Wake|Surf|p1a: Gliscor
|-supereffective|p1a: Gliscor
|-damage|p1a: Gliscor|0 fnt
|faint|p1a: Gliscor
|
|upkeep
|
|t:|1779804277
|switch|p1a: Yanmega|Yanmega, F, shiny|100/100
|-damage|p1a: Yanmega|50/100|[from] Stealth Rock
|turn|9
|
|t:|1779804279
|move|p1a: Yanmega|Protect|p1a: Yanmega
|-singleturn|p1a: Yanmega|Protect
|move|p2a: Walking Wake|Surf|p1a: Yanmega
|-activate|p1a: Yanmega|move: Protect
|
|-ability|p1a: Yanmega|Speed Boost|boost
|-boost|p1a: Yanmega|spe|1
|upkeep
|turn|10
|
|t:|1779804285
|move|p1a: Yanmega|Bug Buzz|p2a: Walking Wake
|-crit|p2a: Walking Wake
|-damage|p2a: Walking Wake|0 fnt
|faint|p2a: Walking Wake
|-end|p2a: Walking Wake|Protosynthesis|[silent]
|-enditem|p1a: Yanmega|Throat Spray
|-boost|p1a: Yanmega|spa|1|[from] item: Throat Spray
|
|-ability|p1a: Yanmega|Speed Boost|boost
|-boost|p1a: Yanmega|spe|1
|upkeep
|
|t:|1779804288
|switch|p2a: Pecharunt|Pecharunt|100/100
|turn|11
|
|t:|1779804290
|move|p1a: Yanmega|Air Slash|p2a: Pecharunt
|-damage|p2a: Pecharunt|36/100
|cant|p2a: Pecharunt|flinch
|
|-ability|p1a: Yanmega|Speed Boost|boost
|-boost|p1a: Yanmega|spe|1
|upkeep
|turn|12
|
|t:|1779804296
|switch|p2a: Blissey|Blissey, F|100/100
|move|p1a: Yanmega|Air Slash|p2a: Blissey
|-damage|p2a: Blissey|83/100
|
|-ability|p1a: Yanmega|Speed Boost|boost
|-boost|p1a: Yanmega|spe|1
|upkeep
|turn|13
|
|t:|1779804300
|move|p1a: Yanmega|Ancient Power|p2a: Blissey
|-damage|p2a: Blissey|73/100
|move|p2a: Blissey|Seismic Toss|p1a: Yanmega
|-damage|p1a: Yanmega|19/100
|
|-ability|p1a: Yanmega|Speed Boost|boost
|-boost|p1a: Yanmega|spe|1
|upkeep
|turn|14
|
|t:|1779804305
|move|p1a: Yanmega|Bug Buzz|p2a: Blissey
|-damage|p2a: Blissey|53/100
|move|p2a: Blissey|Seismic Toss|p1a: Yanmega
|-damage|p1a: Yanmega|0 fnt
|faint|p1a: Yanmega
|
|upkeep
|
|t:|1779804309
|switch|p1a: Slither Wing|Slither Wing, shiny|100/100
|-damage|p1a: Slither Wing|88/100|[from] Stealth Rock
|turn|15
|
|t:|1779804312
|switch|p2a: Pecharunt|Pecharunt|36/100
|move|p1a: Slither Wing|Close Combat|p2a: Pecharunt
|-immune|p2a: Pecharunt
|
|upkeep
|turn|16
|
|t:|1779804316
|move|p2a: Pecharunt|Recover|p2a: Pecharunt
|-heal|p2a: Pecharunt|86/100
|move|p1a: Slither Wing|Earthquake|p2a: Pecharunt
|-supereffective|p2a: Pecharunt
|-damage|p2a: Pecharunt|47/100
|
|upkeep
|turn|17
|
|t:|1779804320
|move|p2a: Pecharunt|Recover|p2a: Pecharunt
|-heal|p2a: Pecharunt|97/100
|move|p1a: Slither Wing|Earthquake|p2a: Pecharunt
|-supereffective|p2a: Pecharunt
|-damage|p2a: Pecharunt|57/100
|
|upkeep
|turn|18
|
|t:|1779804327
|-end|p1a: Slither Wing|Protosynthesis|[silent]
|switch|p1a: Deoxys|Deoxys-Speed|82/100 tox
|-damage|p1a: Deoxys|70/100 tox|[from] Stealth Rock
|-ability|p1a: Deoxys|Pressure
|move|p2a: Pecharunt|Malignant Chain|p1a: Deoxys
|-damage|p1a: Deoxys|20/100 tox
|
|-damage|p1a: Deoxys|14/100 tox|[from] psn
|upkeep
|turn|19
|
|t:|1779804334
|-terastallize|p2a: Pecharunt|Dark
|move|p1a: Deoxys|Psycho Boost|p2a: Pecharunt
|-immune|p2a: Pecharunt
|move|p2a: Pecharunt|Recover|p2a: Pecharunt
|-heal|p2a: Pecharunt|100/100
|
|-damage|p1a: Deoxys|1/100 tox|[from] psn
|upkeep
|turn|20
|
|t:|1779804338
|move|p1a: Deoxys|Psycho Boost|p2a: Pecharunt
|-immune|p2a: Pecharunt
|move|p2a: Pecharunt|Malignant Chain|p1a: Deoxys
|-damage|p1a: Deoxys|0 fnt
|faint|p1a: Deoxys
|
|upkeep
|
|t:|1779804341
|switch|p1a: Slither Wing|Slither Wing, shiny|88/100
|-damage|p1a: Slither Wing|76/100|[from] Stealth Rock
|turn|21
|
|t:|1779804348
|move|p1a: Slither Wing|First Impression|p2a: Pecharunt
|-supereffective|p2a: Pecharunt
|-damage|p2a: Pecharunt|46/100
|move|p2a: Pecharunt|Foul Play|p1a: Slither Wing
|-resisted|p1a: Slither Wing
|-damage|p1a: Slither Wing|44/100
|
|upkeep
|turn|22
|
|t:|1779804353
|move|p2a: Pecharunt|Recover|p2a: Pecharunt
|-heal|p2a: Pecharunt|96/100
|move|p1a: Slither Wing|Close Combat|p2a: Pecharunt
|-supereffective|p2a: Pecharunt
|-damage|p2a: Pecharunt|28/100
|-unboost|p1a: Slither Wing|def|1
|-unboost|p1a: Slither Wing|spd|1
|
|upkeep
|turn|23
|
|t:|1779804359
|move|p2a: Pecharunt|Foul Play|p1a: Slither Wing
|-resisted|p1a: Slither Wing
|-damage|p1a: Slither Wing|1/100
|move|p1a: Slither Wing|Close Combat|p2a: Pecharunt
|-supereffective|p2a: Pecharunt
|-damage|p2a: Pecharunt|0 fnt
|-unboost|p1a: Slither Wing|def|1
|-unboost|p1a: Slither Wing|spd|1
|faint|p2a: Pecharunt
|
|upkeep
|
|t:|1779804365
|switch|p2a: Ogerpon|Ogerpon, F|100/100
|turn|24
|
|t:|1779804368
|move|p2a: Ogerpon|Ivy Cudgel|p1a: Slither Wing
|-resisted|p1a: Slither Wing
|-damage|p1a: Slither Wing|0 fnt
|faint|p1a: Slither Wing
|-end|p1a: Slither Wing|Protosynthesis|[silent]
|
|upkeep
|
|t:|1779804372
|switch|p1a: Azelf|Azelf|100/100
|-damage|p1a: Azelf|88/100|[from] Stealth Rock
|turn|25
|
|t:|1779804378
|move|p2a: Ogerpon|Ivy Cudgel|p1a: Azelf
|-damage|p1a: Azelf|15/100
|move|p1a: Azelf|Explosion|p2a: Ogerpon
|-damage|p2a: Ogerpon|0 fnt
|faint|p1a: Azelf
|faint|p2a: Ogerpon
|
|upkeep
|
|t:|1779804383
|switch|p2a: Corviknight|Corviknight, M|100/100
|switch|p1a: Regieleki|Regieleki|100/100
|-damage|p1a: Regieleki|88/100|[from] Stealth Rock
|-ability|p2a: Corviknight|Pressure
|turn|26
|
|t:|1779804390
|-terastallize|p1a: Regieleki|Flying
|move|p1a: Regieleki|Thunderbolt|p2a: Corviknight
|-supereffective|p2a: Corviknight
|-damage|p2a: Corviknight|0 fnt
|faint|p2a: Corviknight
|
|upkeep
|
|t:|1779804396
|switch|p2a: Blissey|Blissey, F|53/100
|turn|27
|
|t:|1779804404
|move|p1a: Regieleki|Thunderbolt|p2a: Blissey
|-damage|p2a: Blissey|29/100
|move|p2a: Blissey|Seismic Toss|p1a: Regieleki
|-damage|p1a: Regieleki|55/100
|
|upkeep
|turn|28
|
|t:|1779804408
|move|p1a: Regieleki|Thunderbolt|p2a: Blissey
|-damage|p2a: Blissey|4/100
|move|p2a: Blissey|Seismic Toss|p1a: Regieleki
|-damage|p1a: Regieleki|22/100
|
|upkeep
|turn|29
|
|t:|1779804412
|move|p1a: Regieleki|Thunderbolt|p2a: Blissey
|-damage|p2a: Blissey|0 fnt
|faint|p2a: Blissey
|
|win|There bread
|raw|There bread's rating: 1283 &rarr; <strong>1313</strong><br />(+30 for winning)
|raw|claudechamp's rating: 1351 &rarr; <strong>1327</strong><br />(-24 for losing)
|c|☆claudechamp|gg
|l|☆There bread
|player|p1|
