|j|☆bvcnmkor85471
|j|☆NBHER0
|t:|1779817466
|gametype|singles
|player|p1|bvcnmkor85471|policeman-gen4|1229
|player|p2|NBHER0|169|1188
|gen|9
|tier|[Gen 9] OU
|rated|
|rule|HP Percentage Mod: HP is shown in percentages
|rule|Endless Battle Clause: Forcing endless battles is banned
|rule|Species Clause: Limit one of each Pokémon
|rule|OHKO Clause: OHKO moves are banned
|rule|Evasion Items Clause: Evasion items are banned
|rule|Evasion Moves Clause: Evasion moves are banned
|rule|Evasion Abilities Clause: Evasion abilities are banned
|rule|Sleep Moves Clause: Sleep-inducing moves are banned
|clearpoke
|poke|p1|Tyranitar, M|
|poke|p1|Houndstone, M|
|poke|p1|Tsareena, F|
|poke|p1|Sandslash, F|
|poke|p1|Tornadus-Therian, M|
|poke|p1|Rotom-Wash|
|poke|p2|Garchomp, F|
|poke|p2|Polteageist-Antique|
|poke|p2|Hatterene, F|
|poke|p2|Iron Valiant|
|poke|p2|Torterra, M|
|poke|p2|Bastiodon, M|
|teampreview
|inactive|Battle timer is ON: inactive players will automatically lose when time's up. (requested by NBHER0)
|
|t:|1779817490
|teamsize|p1|6
|teamsize|p2|6
|start
|switch|p1a: Tsareena|Tsareena, F|100/100
|switch|p2a: Polteageist|Polteageist-Antique|100/100
|turn|1
|
|t:|1779817501
|move|p2a: Polteageist|Shell Smash|p2a: Polteageist
|-unboost|p2a: Polteageist|def|1
|-unboost|p2a: Polteageist|spd|1
|-boost|p2a: Polteageist|atk|2
|-boost|p2a: Polteageist|spa|2
|-boost|p2a: Polteageist|spe|2
|move|p1a: Tsareena|U-turn|p2a: Polteageist
|-resisted|p2a: Polteageist
|-damage|p2a: Polteageist|62/100
|-ability|p2a: Polteageist|Weak Armor|boost
|-unboost|p2a: Polteageist|def|1
|-boost|p2a: Polteageist|spe|2
|
|t:|1779817503
|switch|p1a: Tornadus|Tornadus-Therian, M, shiny|100/100|[from] U-turn
|
|upkeep
|turn|2
|
|t:|1779817514
|move|p2a: Polteageist|Stored Power|p1a: Tornadus
|-damage|p1a: Tornadus|0 fnt
|faint|p1a: Tornadus
|
|upkeep
|
|t:|1779817518
|switch|p1a: Tyranitar|Tyranitar, M|100/100
|-weather|Sandstorm|[from] ability: Sand Stream|[of] p1a: Tyranitar
|turn|3
|
|t:|1779817523
|move|p2a: Polteageist|Mega Drain|p1a: Tyranitar
|-supereffective|p1a: Tyranitar
|-damage|p1a: Tyranitar|75/100
|-heal|p2a: Polteageist|82/100|[from] drain|[of] p1a: Tyranitar
|move|p1a: Tyranitar|Knock Off|p2a: Polteageist
|-supereffective|p2a: Polteageist
|-damage|p2a: Polteageist|0 fnt
|-enditem|p2a: Polteageist|Focus Sash|[from] move: Knock Off|[of] p1a: Tyranitar
|faint|p2a: Polteageist
|
|-weather|Sandstorm|[upkeep]
|upkeep
|
|t:|1779817537
|switch|p2a: Torterra|Torterra, M, shiny|100/100
|turn|4
|
|t:|1779817544
|move|p2a: Torterra|Shell Smash|p2a: Torterra
|-unboost|p2a: Torterra|def|1
|-unboost|p2a: Torterra|spd|1
|-boost|p2a: Torterra|atk|2
|-boost|p2a: Torterra|spa|2
|-boost|p2a: Torterra|spe|2
|move|p1a: Tyranitar|Knock Off|p2a: Torterra
|-damage|p2a: Torterra|42/100
|-enditem|p2a: Torterra|Loaded Dice|[from] move: Knock Off|[of] p1a: Tyranitar
|
|-weather|Sandstorm|[upkeep]
|upkeep
|turn|5
|
|t:|1779817560
|move|p2a: Torterra|Bullet Seed|p1a: Tyranitar
|-supereffective|p1a: Tyranitar
|-damage|p1a: Tyranitar|35/100
|-supereffective|p1a: Tyranitar
|-damage|p1a: Tyranitar|0 fnt
|faint|p1a: Tyranitar
|-hitcount|p1: Tyranitar|2
|
|-weather|Sandstorm|[upkeep]
|upkeep
|
|t:|1779817564
|switch|p1a: Houndstone|Houndstone, M, shiny|100/100
|turn|6
|
|t:|1779817582
|move|p1a: Houndstone|Play Rough|p2a: Torterra
|-damage|p2a: Torterra|0 fnt
|faint|p2a: Torterra
|
|-weather|Sandstorm|[upkeep]
|upkeep
|
|t:|1779817590
|switch|p2a: Iron Valiant|Iron Valiant, shiny|100/100
|-enditem|p2a: Iron Valiant|Booster Energy
|-activate|p2a: Iron Valiant|ability: Quark Drive|[fromitem]
|-start|p2a: Iron Valiant|quarkdrivespe
|turn|7
|
|t:|1779817594
|move|p2a: Iron Valiant|Shadow Ball|p1a: Houndstone
|-supereffective|p1a: Houndstone
|-damage|p1a: Houndstone|34/100
|move|p1a: Houndstone|Play Rough|p2a: Iron Valiant
|-supereffective|p2a: Iron Valiant
|-damage|p2a: Iron Valiant|0 fnt
|faint|p2a: Iron Valiant
|-end|p2a: Iron Valiant|Quark Drive|[silent]
|
|-weather|Sandstorm|[upkeep]
|upkeep
|
|t:|1779817610
|switch|p2a: Bastiodon|Bastiodon, M, shiny|100/100
|turn|8
|
|t:|1779817613
|switch|p1a: Sandslash|Sandslash, F, shiny|100/100
|move|p2a: Bastiodon|Iron Defense|p2a: Bastiodon
|-boost|p2a: Bastiodon|def|2
|
|-weather|Sandstorm|[upkeep]
|upkeep
|turn|9
|
|t:|1779817622
|-terastallize|p2a: Bastiodon|Fighting
|move|p1a: Sandslash|Earthquake|p2a: Bastiodon
|-crit|p2a: Bastiodon
|-damage|p2a: Bastiodon|39/100
|-damage|p1a: Sandslash|91/100|[from] item: Life Orb
|move|p2a: Bastiodon|Iron Defense|p2a: Bastiodon
|-boost|p2a: Bastiodon|def|2
|
|-weather|Sandstorm|[upkeep]
|-damage|p2a: Bastiodon|33/100|[from] Sandstorm
|upkeep
|turn|10
|
|t:|1779817632
|move|p1a: Sandslash|Knock Off|p2a: Bastiodon
|-resisted|p2a: Bastiodon
|-damage|p2a: Bastiodon|28/100
|-enditem|p2a: Bastiodon|Chesto Berry|[from] move: Knock Off|[of] p1a: Sandslash
|-damage|p1a: Sandslash|81/100|[from] item: Life Orb
|move|p2a: Bastiodon|Rest|p2a: Bastiodon
|-status|p2a: Bastiodon|slp|[from] move: Rest
|-heal|p2a: Bastiodon|100/100 slp|[silent]
|
|-weather|none
|upkeep
|turn|11
|
|t:|1779817642
|switch|p1a: Rotom|Rotom-Wash|100/100
|cant|p2a: Bastiodon|slp
|
|upkeep
|turn|12
|
|t:|1779817649
|move|p1a: Rotom|Hydro Pump|p2a: Bastiodon
|-crit|p2a: Bastiodon
|-damage|p2a: Bastiodon|52/100 slp
|cant|p2a: Bastiodon|slp
|
|upkeep
|turn|13
|
|t:|1779817656
|-terastallize|p1a: Rotom|Water
|move|p1a: Rotom|Hydro Pump|p2a: Bastiodon
|-damage|p2a: Bastiodon|10/100 slp
|-curestatus|p2a: Bastiodon|slp|[msg]
|move|p2a: Bastiodon|Body Press|p1a: Rotom
|-damage|p1a: Rotom|0 fnt
|faint|p1a: Rotom
|
|upkeep
|
|t:|1779817666
|switch|p1a: Houndstone|Houndstone, M, shiny|34/100
|turn|14
|
|t:|1779817669
|move|p1a: Houndstone|Play Rough|p2a: Bastiodon
|-supereffective|p2a: Bastiodon
|-damage|p2a: Bastiodon|0 fnt
|faint|p2a: Bastiodon
|
|upkeep
|
|t:|1779817675
|switch|p2a: Garchomp|Garchomp, F, shiny|100/100
|turn|15
|
|t:|1779817680
|move|p2a: Garchomp|Iron Head|p1a: Houndstone
|-damage|p1a: Houndstone|1/100
|move|p1a: Houndstone|Play Rough|p2a: Garchomp|[miss]
|-miss|p1a: Houndstone|p2a: Garchomp
|
|upkeep
|turn|16
|
|t:|1779817687
|move|p2a: Garchomp|Iron Head|p1a: Houndstone
|-damage|p1a: Houndstone|0 fnt
|faint|p1a: Houndstone
|
|upkeep
|
|t:|1779817690
|switch|p1a: Tsareena|Tsareena, F|100/100
|turn|17
|
|t:|1779817697
|move|p2a: Garchomp|Poison Jab|p1a: Tsareena
|-supereffective|p1a: Tsareena
|-damage|p1a: Tsareena|44/100
|-status|p1a: Tsareena|psn
|move|p1a: Tsareena|Power Whip|p2a: Garchomp
|-damage|p2a: Garchomp|41/100
|-damage|p1a: Tsareena|31/100 psn|[from] ability: Rough Skin|[of] p2a: Garchomp
|-damage|p1a: Tsareena|15/100 psn|[from] item: Rocky Helmet|[of] p2a: Garchomp
|
|-heal|p1a: Tsareena|21/100 psn|[from] item: Leftovers
|-damage|p1a: Tsareena|8/100 psn|[from] psn
|upkeep
|turn|18
|
|t:|1779817710
|switch|p1a: Sandslash|Sandslash, F, shiny|81/100
|move|p2a: Garchomp|Iron Head|p1a: Sandslash
|-damage|p1a: Sandslash|53/100
|
|upkeep
|turn|19
|
|t:|1779817716
|move|p2a: Garchomp|Outrage|p1a: Sandslash
|-damage|p1a: Sandslash|0 fnt
|faint|p1a: Sandslash
|
|upkeep
|
|t:|1779817719
|switch|p1a: Tsareena|Tsareena, F|8/100 psn
|turn|20
|
|t:|1779817725
|move|p2a: Garchomp|Outrage|p1a: Tsareena|[from] lockedmove
|-damage|p1a: Tsareena|0 fnt
|faint|p1a: Tsareena
|
|win|NBHER0
|raw|bvcnmkor85471's rating: 1229 &rarr; <strong>1201</strong><br />(-28 for losing)
|raw|NBHER0's rating: 1188 &rarr; <strong>1216</strong><br />(+28 for winning)
|l|☆bvcnmkor85471
|player|p1|
|l|☆NBHER0
|player|p2|
