|j|☆Womanofthepeople
|j|☆Kis Vegallomas
|t:|1779803940
|gametype|singles
|player|p1|Womanofthepeople|beauty-gen4dp|1217
|player|p2|Kis Vegallomas|1|1254
|gen|9
|tier|[Gen 9] OU
|rated|
|rule|HP Percentage Mod: HP is shown in percentages
|rule|Endless Battle Clause: Forcing endless battles is banned
|rule|Species Clause: Limit one of each Pokémon
|rule|OHKO Clause: OHKO moves are banned
|rule|Evasion Items Clause: Evasion items are banned
|rule|Evasion Moves Clause: Evasion moves are banned
|rule|Evasion Abilities Clause: Evasion abilities are banned
|rule|Sleep Moves Clause: Sleep-inducing moves are banned
|clearpoke
|poke|p1|Okidogi, M|
|poke|p1|Iron Crown|
|poke|p1|Kingambit, F|
|poke|p1|Samurott-Hisui, M|
|poke|p1|Great Tusk|
|poke|p1|Alomomola, M|
|poke|p2|Primeape, M|
|poke|p2|Skarmory, F|
|poke|p2|Weezing-Galar, M|
|poke|p2|Hatterene, F|
|poke|p2|Regidrago|
|poke|p2|Smeargle, M|
|teampreview
|inactive|Battle timer is ON: inactive players will automatically lose when time's up. (requested by Womanofthepeople)
|
|t:|1779804000
|teamsize|p1|6
|teamsize|p2|6
|start
|switch|p1a: Samurott|Samurott-Hisui, M|100/100
|switch|p2a: Skarmory|Skarmory, F|100/100
|turn|1
|
|t:|1779804012
|switch|p1a: Iron Crown|Iron Crown|100/100
|move|p2a: Skarmory|Swords Dance|p2a: Skarmory
|-boost|p2a: Skarmory|atk|2
|
|upkeep
|turn|2
|
|t:|1779804035
|move|p1a: Iron Crown|Volt Switch|p2a: Skarmory
|-supereffective|p2a: Skarmory
|-damage|p2a: Skarmory|0 fnt
|faint|p2a: Skarmory
|
|t:|1779804040
|-end|p1a: Iron Crown|Quark Drive|[silent]
|switch|p1a: Samurott|Samurott-Hisui, M|100/100|[from] Volt Switch
|
|upkeep
|
|t:|1779804055
|switch|p2a: Hatterene|Hatterene, F|100/100
|turn|3
|inactive|Womanofthepeople has 120 seconds left.
|
|t:|1779804085
|switch|p1a: Alomomola|Alomomola, M|100/100
|move|p2a: Hatterene|Calm Mind|p2a: Hatterene
|-boost|p2a: Hatterene|spa|1
|-boost|p2a: Hatterene|spd|1
|
|upkeep
|turn|4
|
|t:|1779804099
|move|p1a: Alomomola|Flip Turn|p2a: Hatterene
|-damage|p2a: Hatterene|88/100
|-damage|p1a: Alomomola|84/100|[from] item: Rocky Helmet|[of] p2a: Hatterene
|
|t:|1779804105
|switch|p1a: Iron Crown|Iron Crown|100/100|[from] Flip Turn
|move|p2a: Hatterene|Calm Mind|p2a: Hatterene
|-boost|p2a: Hatterene|spa|1
|-boost|p2a: Hatterene|spd|1
|
|upkeep
|turn|5
|
|t:|1779804110
|-terastallize|p1a: Iron Crown|Steel
|-terastallize|p2a: Hatterene|Steel
|move|p1a: Iron Crown|Tachyon Cutter|p2a: Hatterene
|-resisted|p2a: Hatterene
|-damage|p2a: Hatterene|76/100
|-resisted|p2a: Hatterene
|-damage|p2a: Hatterene|62/100
|-hitcount|p2a: Hatterene|2
|move|p2a: Hatterene|Mystical Fire|p1a: Iron Crown
|-supereffective|p1a: Iron Crown
|-damage|p1a: Iron Crown|6/100
|-unboost|p1a: Iron Crown|spa|1
|
|upkeep
|turn|6
|
|t:|1779804126
|-end|p1a: Iron Crown|Quark Drive|[silent]
|switch|p1a: Great Tusk|Great Tusk|100/100
|move|p2a: Hatterene|Draining Kiss|p1a: Great Tusk
|-supereffective|p1a: Great Tusk
|-damage|p1a: Great Tusk|0 fnt
|-heal|p2a: Hatterene|100/100|[from] drain|[of] p1a: Great Tusk
|-damage|p2a: Hatterene|84/100|[from] item: Rocky Helmet|[of] p1a: Great Tusk
|faint|p1a: Great Tusk
|-end|p1a: Great Tusk|Protosynthesis|[silent]
|
|upkeep
|inactive|Womanofthepeople has 120 seconds left.
|
|t:|1779804145
|switch|p1a: Kingambit|Kingambit, F|100/100
|-activate|p1a: Kingambit|ability: Supreme Overlord
|-start|p1a: Kingambit|fallen1|[silent]
|turn|7
|inactive|Womanofthepeople has 120 seconds left.
|
|t:|1779804155
|move|p1a: Kingambit|Swords Dance|p1a: Kingambit
|-boost|p1a: Kingambit|atk|2
|move|p2a: Hatterene|Mystical Fire|p1a: Kingambit
|-supereffective|p1a: Kingambit
|-damage|p1a: Kingambit|15/100
|-unboost|p1a: Kingambit|spa|1
|
|-heal|p1a: Kingambit|21/100|[from] item: Leftovers
|upkeep
|turn|8
|
|t:|1779804162
|move|p1a: Kingambit|Kowtow Cleave|p2a: Hatterene
|-damage|p2a: Hatterene|0 fnt
|-damage|p1a: Kingambit|4/100|[from] item: Rocky Helmet|[of] p2a: Hatterene
|faint|p2a: Hatterene
|
|-heal|p1a: Kingambit|10/100|[from] item: Leftovers
|upkeep
|
|t:|1779804170
|switch|p2a: Smeargle|Smeargle, M|100/100
|turn|9
|inactive|Womanofthepeople has 120 seconds left.
|
|t:|1779804191
|move|p2a: Smeargle|Shell Smash|p2a: Smeargle
|-unboost|p2a: Smeargle|def|1
|-unboost|p2a: Smeargle|spd|1
|-boost|p2a: Smeargle|atk|2
|-boost|p2a: Smeargle|spa|2
|-boost|p2a: Smeargle|spe|2
|move|p1a: Kingambit|Kowtow Cleave|p2a: Smeargle
|-damage|p2a: Smeargle|0 fnt
|faint|p2a: Smeargle
|
|-heal|p1a: Kingambit|16/100|[from] item: Leftovers
|upkeep
|
|t:|1779804197
|switch|p2a: Primeape|Primeape, M|100/100
|turn|10
|inactive|Womanofthepeople has 120 seconds left.
|
|t:|1779804220
|-end|p1a: Kingambit|fallen1|[silent]
|switch|p1a: Alomomola|Alomomola, M|100/100
|move|p2a: Primeape|Drain Punch|p1a: Alomomola
|-damage|p1a: Alomomola|86/100
|
|upkeep
|turn|11
|
|t:|1779804230
|move|p2a: Primeape|Taunt|p1a: Alomomola
|-start|p1a: Alomomola|move: Taunt
|move|p1a: Alomomola|Flip Turn|p2a: Primeape
|-damage|p2a: Primeape|84/100
|inactive|Womanofthepeople has 120 seconds left.
|
|t:|1779804248
|switch|p1a: Okidogi|Okidogi, M|100/100|[from] Flip Turn
|
|upkeep
|turn|12
|inactive|Womanofthepeople has 120 seconds left.
|
|t:|1779804254
|move|p2a: Primeape|Bulk Up|p2a: Primeape
|-boost|p2a: Primeape|atk|1
|-boost|p2a: Primeape|def|1
|move|p1a: Okidogi|Knock Off|p2a: Primeape
|-resisted|p2a: Primeape
|-damage|p2a: Primeape|74/100
|-enditem|p2a: Primeape|Eviolite|[from] move: Knock Off|[of] p1a: Okidogi
|
|upkeep
|turn|13
|inactive|Womanofthepeople has 120 seconds left.
|
|t:|1779804265
|move|p2a: Primeape|Rage Fist|p1a: Okidogi
|-damage|p1a: Okidogi|55/100
|move|p1a: Okidogi|Bulk Up|p1a: Okidogi
|-boost|p1a: Okidogi|atk|1
|-boost|p1a: Okidogi|def|1
|
|-heal|p1a: Okidogi|61/100|[from] item: Leftovers
|upkeep
|turn|14
|
|t:|1779804270
|move|p2a: Primeape|Taunt|p1a: Okidogi
|-start|p1a: Okidogi|move: Taunt
|move|p1a: Okidogi|Drain Punch|p2a: Primeape
|-damage|p2a: Primeape|27/100
|-heal|p1a: Okidogi|82/100|[from] drain|[of] p2a: Primeape
|
|-heal|p1a: Okidogi|88/100|[from] item: Leftovers
|upkeep
|turn|15
|
|t:|1779804276
|switch|p2a: Weezing|Weezing-Galar, M|100/100
|move|p1a: Okidogi|Drain Punch|p2a: Weezing
|-resisted|p2a: Weezing
|-damage|p2a: Weezing|90/100
|-heal|p1a: Okidogi|92/100|[from] drain|[of] p2a: Weezing
|
|-heal|p1a: Okidogi|98/100|[from] item: Leftovers
|-heal|p2a: Weezing|96/100|[from] item: Black Sludge
|upkeep
|turn|16
|
|t:|1779804283
|switch|p1a: Alomomola|Alomomola, M|100/100
|move|p2a: Weezing|Will-O-Wisp|p1a: Alomomola
|-status|p1a: Alomomola|brn
|
|-heal|p2a: Weezing|100/100|[from] item: Black Sludge
|-damage|p1a: Alomomola|94/100 brn|[from] brn
|upkeep
|turn|17
|
|t:|1779804291
|move|p2a: Weezing|Thunderbolt|p1a: Alomomola
|-supereffective|p1a: Alomomola
|-damage|p1a: Alomomola|53/100 brn
|move|p1a: Alomomola|Tickle|p2a: Weezing
|-unboost|p2a: Weezing|atk|1
|-unboost|p2a: Weezing|def|1
|
|-damage|p1a: Alomomola|47/100 brn|[from] brn
|upkeep
|turn|18
|
|t:|1779804301
|switch|p2a: Primeape|Primeape, M|27/100
|move|p1a: Alomomola|Flip Turn|p2a: Primeape
|-damage|p2a: Primeape|15/100
|
|t:|1779804314
|switch|p1a: Iron Crown|Iron Crown, tera:Steel|6/100|[from] Flip Turn
|
|upkeep
|turn|19
|inactive|Kis Vegallomas has 120 seconds left.
|
|t:|1779804344
|move|p1a: Iron Crown|Volt Switch|p2a: Primeape
|-damage|p2a: Primeape|0 fnt
|faint|p2a: Primeape
|
|t:|1779804350
|-end|p1a: Iron Crown|Quark Drive|[silent]
|switch|p1a: Alomomola|Alomomola, M|80/100 brn|[from] Volt Switch
|
|-damage|p1a: Alomomola|74/100 brn|[from] brn
|upkeep
|
|t:|1779804352
|switch|p2a: Regidrago|Regidrago|100/100
|turn|20
|
|t:|1779804357
|move|p2a: Regidrago|Dragon Energy|p1a: Alomomola
|-damage|p1a: Alomomola|0 fnt
|faint|p1a: Alomomola
|
|upkeep
|
|t:|1779804382
|switch|p1a: Okidogi|Okidogi, M|98/100
|turn|21
|inactive|Kis Vegallomas has 120 seconds left.
|
|t:|1779804422
|move|p2a: Regidrago|Dragon Energy|p1a: Okidogi
|-damage|p1a: Okidogi|0 fnt
|faint|p1a: Okidogi
|
|upkeep
|
|t:|1779804429
|switch|p1a: Samurott|Samurott-Hisui, M|100/100
|turn|22
|inactive|Kis Vegallomas has 120 seconds left.
|inactive|Kis Vegallomas has 90 seconds left.
|
|t:|1779804472
|switch|p2a: Weezing|Weezing-Galar, M|100/100
|move|p1a: Samurott|Sucker Punch||[still]
|-fail|p1a: Samurott
|
|upkeep
|turn|23
|
|t:|1779804490
|move|p1a: Samurott|Ceaseless Edge|p2a: Weezing|[miss]
|-miss|p1a: Samurott|p2a: Weezing
|move|p2a: Weezing|Thunderbolt|p1a: Samurott
|-supereffective|p1a: Samurott
|-damage|p1a: Samurott|75/100
|
|upkeep
|turn|24
|
|t:|1779804495
|move|p1a: Samurott|Ceaseless Edge|p2a: Weezing
|-resisted|p2a: Weezing
|-damage|p2a: Weezing|80/100
|-sidestart|p2: Kis Vegallomas|Spikes
|move|p2a: Weezing|Will-O-Wisp|p1a: Samurott|[miss]
|-miss|p2a: Weezing|p1a: Samurott
|
|-heal|p2a: Weezing|86/100|[from] item: Black Sludge
|upkeep
|turn|25
|
|t:|1779804511
|move|p1a: Samurott|Ceaseless Edge|p2a: Weezing
|-resisted|p2a: Weezing
|-damage|p2a: Weezing|69/100
|-sidestart|p2: Kis Vegallomas|Spikes
|move|p2a: Weezing|Will-O-Wisp|p1a: Samurott|[miss]
|-miss|p2a: Weezing|p1a: Samurott
|
|-heal|p2a: Weezing|75/100|[from] item: Black Sludge
|upkeep
|turn|26
|inactive|Kis Vegallomas has 120 seconds left.
|
|t:|1779804536
|move|p1a: Samurott|Ceaseless Edge|p2a: Weezing
|-resisted|p2a: Weezing
|-damage|p2a: Weezing|56/100
|-sidestart|p2: Kis Vegallomas|Spikes
|move|p2a: Weezing|Will-O-Wisp|p1a: Samurott|[miss]
|-miss|p2a: Weezing|p1a: Samurott
|
|-heal|p2a: Weezing|62/100|[from] item: Black Sludge
|upkeep
|turn|27
|
|t:|1779804544
|move|p1a: Samurott|Razor Shell|p2a: Weezing|[miss]
|-miss|p1a: Samurott|p2a: Weezing
|move|p2a: Weezing|Will-O-Wisp|p1a: Samurott
|-status|p1a: Samurott|brn
|
|-heal|p2a: Weezing|68/100|[from] item: Black Sludge
|-damage|p1a: Samurott|69/100 brn|[from] brn
|upkeep
|turn|28
|
|t:|1779804569
|move|p1a: Samurott|Razor Shell|p2a: Weezing
|-damage|p2a: Weezing|47/100
|move|p2a: Weezing|Thunderbolt|p1a: Samurott
|-supereffective|p1a: Samurott
|-damage|p1a: Samurott|44/100 brn
|
|-heal|p2a: Weezing|53/100|[from] item: Black Sludge
|-damage|p1a: Samurott|38/100 brn|[from] brn
|upkeep
|turn|29
|inactive|Womanofthepeople has 120 seconds left.
|
|t:|1779804595
|move|p1a: Samurott|Razor Shell|p2a: Weezing
|-damage|p2a: Weezing|32/100
|-unboost|p2a: Weezing|def|1
|move|p2a: Weezing|Thunderbolt|p1a: Samurott
|-supereffective|p1a: Samurott
|-damage|p1a: Samurott|12/100 brn
|
|-heal|p2a: Weezing|38/100|[from] item: Black Sludge
|-damage|p1a: Samurott|6/100 brn|[from] brn
|upkeep
|turn|30
|inactive|Kis Vegallomas has 120 seconds left.
|
|t:|1779804611
|move|p1a: Samurott|Razor Shell|p2a: Weezing
|-damage|p2a: Weezing|3/100
|-unboost|p2a: Weezing|def|1
|move|p2a: Weezing|Thunderbolt|p1a: Samurott
|-supereffective|p1a: Samurott
|-damage|p1a: Samurott|0 fnt
|faint|p1a: Samurott
|
|-heal|p2a: Weezing|9/100|[from] item: Black Sludge
|upkeep
|inactive|Womanofthepeople has 90 seconds left.
|
|t:|1779804648
|switch|p1a: Iron Crown|Iron Crown, tera:Steel|6/100
|turn|31
|
|t:|1779804661
|move|p1a: Iron Crown|Tachyon Cutter|p2a: Weezing
|-supereffective|p2a: Weezing
|-damage|p2a: Weezing|0 fnt
|faint|p2a: Weezing
|-hitcount|p2: Weezing|1
|
|upkeep
|
|t:|1779804663
|switch|p2a: Regidrago|Regidrago|100/100
|-damage|p2a: Regidrago|76/100|[from] Spikes
|turn|32
|
|t:|1779804669
|move|p1a: Iron Crown|Tachyon Cutter|p2a: Regidrago
|-damage|p2a: Regidrago|22/100
|-damage|p2a: Regidrago|0 fnt
|faint|p2a: Regidrago
|-hitcount|p2: Regidrago|2
|
|win|Womanofthepeople
|raw|Womanofthepeople's rating: 1217 &rarr; <strong>1245</strong><br />(+28 for winning)
|raw|Kis Vegallomas's rating: 1254 &rarr; <strong>1226</strong><br />(-28 for losing)
|l|☆Womanofthepeople
|player|p1|
|l|☆Kis Vegallomas
|player|p2|
