|j|☆typhon_27_
|j|☆npctypebeat
|t:|1779929359
|gametype|singles
|player|p1|typhon_27_|ghetsis-gen5bw|1298
|player|p2|npctypebeat|102|1248
|gen|9
|tier|[Gen 9] OU
|rated|
|rule|HP Percentage Mod: HP is shown in percentages
|rule|Endless Battle Clause: Forcing endless battles is banned
|rule|Species Clause: Limit one of each Pokémon
|rule|OHKO Clause: OHKO moves are banned
|rule|Evasion Items Clause: Evasion items are banned
|rule|Evasion Moves Clause: Evasion moves are banned
|rule|Evasion Abilities Clause: Evasion abilities are banned
|rule|Sleep Moves Clause: Sleep-inducing moves are banned
|clearpoke
|poke|p1|Hoopa-Unbound|
|poke|p1|Alomomola, F|
|poke|p1|Weezing-Galar, F|
|poke|p1|Gliscor, M|
|poke|p1|Kingambit, F|
|poke|p1|Dragapult, F|
|poke|p2|Corviknight, F|
|poke|p2|Ting-Lu|
|poke|p2|Kyurem|
|poke|p2|Dondozo, M|
|poke|p2|Slowking-Galar, F|
|poke|p2|Cinderace, M|
|teampreview
|c|☆npctypebeat|hf
|inactive|Battle timer is ON: inactive players will automatically lose when time's up. (requested by typhon_27_)
|inactive|npctypebeat also wants the timer to be on.
|
|t:|1779929377
|teamsize|p1|6
|teamsize|p2|6
|start
|switch|p1a: Dragapult|Dragapult, F, shiny|100/100
|switch|p2a: Cinderace|Cinderace, M|100/100
|turn|1
|
|t:|1779929386
|move|p1a: Dragapult|U-turn|p2a: Cinderace
|-resisted|p2a: Cinderace
|-damage|p2a: Cinderace|90/100
|
|t:|1779929392
|switch|p1a: Alomomola|Alomomola, F, shiny|100/100|[from] U-turn
|move|p2a: Cinderace|Will-O-Wisp|p1a: Alomomola
|-status|p1a: Alomomola|brn
|
|-damage|p1a: Alomomola|94/100 brn|[from] brn
|upkeep
|turn|2
|
|t:|1779929406
|switch|p2a: Kyurem|Kyurem|100/100
|-ability|p2a: Kyurem|Pressure
|move|p1a: Alomomola|Tickle|p2a: Kyurem
|-unboost|p2a: Kyurem|atk|1
|-unboost|p2a: Kyurem|def|1
|
|-damage|p1a: Alomomola|88/100 brn|[from] brn
|upkeep
|turn|3
|
|t:|1779929415
|move|p2a: Kyurem|Freeze-Dry|p1a: Alomomola
|-supereffective|p1a: Alomomola
|-damage|p1a: Alomomola|18/100 brn
|move|p1a: Alomomola|Flip Turn|p2a: Kyurem
|-resisted|p2a: Kyurem
|-damage|p2a: Kyurem|95/100
|
|t:|1779929430
|switch|p1a: Dragapult|Dragapult, F, shiny|100/100|[from] Flip Turn
|
|-heal|p2a: Kyurem|100/100|[from] item: Leftovers
|upkeep
|turn|4
|
|t:|1779929440
|move|p1a: Dragapult|Dragon Darts|p2a: Kyurem
|-supereffective|p2a: Kyurem
|-damage|p2a: Kyurem|46/100
|-anim|p1a: Dragapult|Dragon Darts|p2a: Kyurem
|-supereffective|p2a: Kyurem
|-damage|p2a: Kyurem|0 fnt
|faint|p2a: Kyurem
|
|upkeep
|
|t:|1779929444
|switch|p2a: Ting-Lu|Ting-Lu|100/100
|-ability|p2a: Ting-Lu|Vessel of Ruin
|turn|5
|
|t:|1779929450
|move|p1a: Dragapult|Will-O-Wisp|p2a: Ting-Lu|[miss]
|-miss|p1a: Dragapult|p2a: Ting-Lu
|move|p2a: Ting-Lu|Earthquake|p1a: Dragapult
|-damage|p1a: Dragapult|51/100
|
|upkeep
|turn|6
|
|t:|1779929456
|move|p1a: Dragapult|Will-O-Wisp|p2a: Ting-Lu
|-status|p2a: Ting-Lu|brn
|move|p2a: Ting-Lu|Payback|p1a: Dragapult
|-supereffective|p1a: Dragapult
|-crit|p1a: Dragapult
|-damage|p1a: Dragapult|0 fnt
|faint|p1a: Dragapult
|
|-damage|p2a: Ting-Lu|94/100 brn|[from] brn
|upkeep
|
|t:|1779929475
|switch|p1a: Hoopa|Hoopa-Unbound|100/100
|turn|7
|
|t:|1779929483
|move|p1a: Hoopa|Drain Punch|p2a: Ting-Lu
|-supereffective|p2a: Ting-Lu
|-damage|p2a: Ting-Lu|59/100 brn
|move|p2a: Ting-Lu|Rest|p2a: Ting-Lu
|-status|p2a: Ting-Lu|slp|[from] move: Rest
|-heal|p2a: Ting-Lu|100/100 slp|[silent]
|
|upkeep
|turn|8
|
|t:|1779929492
|move|p1a: Hoopa|Knock Off|p2a: Ting-Lu
|-resisted|p2a: Ting-Lu
|-damage|p2a: Ting-Lu|84/100 slp
|-enditem|p2a: Ting-Lu|Leftovers|[from] move: Knock Off|[of] p1a: Hoopa
|cant|p2a: Ting-Lu|slp
|move|p2a: Ting-Lu|Sleep Talk|p2a: Ting-Lu
|move|p2a: Ting-Lu|Rest||[from] move: Sleep Talk|[still]
|-fail|p2a: Ting-Lu
|
|upkeep
|turn|9
|
|t:|1779929503
|move|p1a: Hoopa|Drain Punch|p2a: Ting-Lu
|-supereffective|p2a: Ting-Lu
|-damage|p2a: Ting-Lu|50/100 slp
|cant|p2a: Ting-Lu|slp
|move|p2a: Ting-Lu|Sleep Talk|p2a: Ting-Lu
|move|p2a: Ting-Lu|Rest||[from] move: Sleep Talk|[still]
|-fail|p2a: Ting-Lu
|
|upkeep
|turn|10
|
|t:|1779929511
|move|p1a: Hoopa|Drain Punch|p2a: Ting-Lu
|-supereffective|p2a: Ting-Lu
|-damage|p2a: Ting-Lu|16/100 slp
|-curestatus|p2a: Ting-Lu|slp|[msg]
|move|p2a: Ting-Lu|Earthquake|p1a: Hoopa
|-damage|p1a: Hoopa|41/100
|
|upkeep
|turn|11
|
|t:|1779929520
|move|p1a: Hoopa|Drain Punch|p2a: Ting-Lu
|-supereffective|p2a: Ting-Lu
|-damage|p2a: Ting-Lu|0 fnt
|-heal|p1a: Hoopa|53/100|[from] drain|[of] p2a: Ting-Lu
|faint|p2a: Ting-Lu
|
|upkeep
|
|t:|1779929522
|switch|p2a: Cinderace|Cinderace, M|90/100
|turn|12
|
|t:|1779929531
|switch|p1a: Alomomola|Alomomola, F, shiny|52/100 brn
|move|p2a: Cinderace|Pyro Ball|p1a: Alomomola
|-resisted|p1a: Alomomola
|-damage|p1a: Alomomola|36/100 brn
|
|-damage|p1a: Alomomola|30/100 brn|[from] brn
|upkeep
|turn|13
|
|t:|1779929544
|move|p2a: Cinderace|Pyro Ball|p1a: Alomomola|[miss]
|-miss|p2a: Cinderace|p1a: Alomomola
|move|p1a: Alomomola|Flip Turn|p2a: Cinderace
|-supereffective|p2a: Cinderace
|-damage|p2a: Cinderace|69/100
|
|t:|1779929552
|switch|p1a: Gliscor|Gliscor, M, shiny|100/100|[from] Flip Turn
|
|-status|p1a: Gliscor|tox|[from] item: Toxic Orb
|upkeep
|turn|14
|
|t:|1779929562
|move|p2a: Cinderace|U-turn|p1a: Gliscor
|-resisted|p1a: Gliscor
|-damage|p1a: Gliscor|93/100 tox
|
|t:|1779929567
|switch|p2a: Slowking|Slowking-Galar, F|100/100|[from] U-turn
|move|p1a: Gliscor|Swords Dance|p1a: Gliscor
|-boost|p1a: Gliscor|atk|2
|
|-heal|p1a: Gliscor|100/100 tox|[from] ability: Poison Heal
|upkeep
|turn|15
|
|t:|1779929578
|move|p1a: Gliscor|Earthquake|p2a: Slowking
|-supereffective|p2a: Slowking
|-enditem|p2a: Slowking|Shuca Berry|[eat]
|-enditem|p2a: Slowking|Shuca Berry|[weaken]
|-damage|p2a: Slowking|56/100
|move|p2a: Slowking|Ice Beam|p1a: Gliscor
|-supereffective|p1a: Gliscor
|-damage|p1a: Gliscor|20/100 tox
|
|-heal|p1a: Gliscor|32/100 tox|[from] ability: Poison Heal
|upkeep
|turn|16
|
|t:|1779929593
|switch|p2a: Dondozo|Dondozo, M|100/100
|move|p1a: Gliscor|Earthquake|p2a: Dondozo
|-damage|p2a: Dondozo|80/100
|
|-heal|p2a: Dondozo|86/100|[from] item: Leftovers
|-heal|p1a: Gliscor|45/100 tox|[from] ability: Poison Heal
|upkeep
|turn|17
|
|t:|1779929623
|move|p1a: Gliscor|Protect|p1a: Gliscor
|-singleturn|p1a: Gliscor|Protect
|move|p2a: Dondozo|Waterfall|p1a: Gliscor
|-activate|p1a: Gliscor|move: Protect
|
|-heal|p2a: Dondozo|92/100|[from] item: Leftovers
|-heal|p1a: Gliscor|57/100 tox|[from] ability: Poison Heal
|upkeep
|turn|18
|
|t:|1779929631
|switch|p1a: Alomomola|Alomomola, F, shiny|63/100 brn
|move|p2a: Dondozo|Waterfall|p1a: Alomomola
|-resisted|p1a: Alomomola
|-damage|p1a: Alomomola|55/100 brn
|-damage|p2a: Dondozo|76/100|[from] item: Rocky Helmet|[of] p1a: Alomomola
|
|-heal|p2a: Dondozo|82/100|[from] item: Leftovers
|-damage|p1a: Alomomola|49/100 brn|[from] brn
|upkeep
|turn|19
|inactive|typhon_27_ has 120 seconds left.
|
|t:|1779929676
|move|p1a: Alomomola|Tickle|p2a: Dondozo
|-unboost|p2a: Dondozo|atk|1
|-unboost|p2a: Dondozo|def|1
|move|p2a: Dondozo|Curse|p2a: Dondozo
|-unboost|p2a: Dondozo|spe|1
|-boost|p2a: Dondozo|atk|1
|-boost|p2a: Dondozo|def|1
|
|-heal|p2a: Dondozo|88/100|[from] item: Leftovers
|-damage|p1a: Alomomola|42/100 brn|[from] brn
|upkeep
|turn|20
|
|t:|1779929689
|move|p1a: Alomomola|Wish|p1a: Alomomola
|move|p2a: Dondozo|Waterfall|p1a: Alomomola
|-resisted|p1a: Alomomola
|-damage|p1a: Alomomola|35/100 brn
|-damage|p2a: Dondozo|72/100|[from] item: Rocky Helmet|[of] p1a: Alomomola
|
|-heal|p2a: Dondozo|78/100|[from] item: Leftovers
|-damage|p1a: Alomomola|29/100 brn|[from] brn
|upkeep
|turn|21
|
|t:|1779929700
|move|p1a: Alomomola|Tickle|p2a: Dondozo
|-unboost|p2a: Dondozo|atk|1
|-unboost|p2a: Dondozo|def|1
|move|p2a: Dondozo|Curse|p2a: Dondozo
|-unboost|p2a: Dondozo|spe|1
|-boost|p2a: Dondozo|atk|1
|-boost|p2a: Dondozo|def|1
|
|-heal|p1a: Alomomola|79/100 brn|[from] move: Wish|[wisher] Alomomola
|-heal|p2a: Dondozo|84/100|[from] item: Leftovers
|-damage|p1a: Alomomola|73/100 brn|[from] brn
|upkeep
|turn|22
|
|t:|1779929717
|switch|p2a: Slowking|Slowking-Galar, F|89/100
|move|p1a: Alomomola|Tickle|p2a: Slowking
|-unboost|p2a: Slowking|atk|1
|-unboost|p2a: Slowking|def|1
|
|-damage|p1a: Alomomola|67/100 brn|[from] brn
|upkeep
|turn|23
|
|t:|1779929724
|move|p1a: Alomomola|Wish|p1a: Alomomola
|move|p2a: Slowking|Sludge Bomb|p1a: Alomomola
|-damage|p1a: Alomomola|37/100 brn
|
|-damage|p1a: Alomomola|30/100 brn|[from] brn
|upkeep
|turn|24
|
|t:|1779929740
|move|p1a: Alomomola|Flip Turn|p2a: Slowking
|-damage|p2a: Slowking|80/100
|
|t:|1779929744
|switch|p1a: Hoopa|Hoopa-Unbound|53/100|[from] Flip Turn
|move|p2a: Slowking|Ice Beam|p1a: Hoopa
|-damage|p1a: Hoopa|41/100
|
|-heal|p1a: Hoopa|100/100|[from] move: Wish|[wisher] Alomomola
|upkeep
|turn|25
|inactive|typhon_27_ has 120 seconds left.
|
|t:|1779929767
|move|p1a: Hoopa|Knock Off|p2a: Slowking
|-supereffective|p2a: Slowking
|-damage|p2a: Slowking|0 fnt
|faint|p2a: Slowking
|
|upkeep
|
|t:|1779929772
|switch|p2a: Dondozo|Dondozo, M|84/100
|turn|26
|inactive|typhon_27_ has 90 seconds left.
|
|t:|1779929806
|move|p1a: Hoopa|Thunderbolt|p2a: Dondozo
|-supereffective|p2a: Dondozo
|-damage|p2a: Dondozo|39/100
|move|p2a: Dondozo|Curse|p2a: Dondozo
|-unboost|p2a: Dondozo|spe|1
|-boost|p2a: Dondozo|atk|1
|-boost|p2a: Dondozo|def|1
|
|-heal|p2a: Dondozo|45/100|[from] item: Leftovers
|upkeep
|turn|27
|
|t:|1779929815
|switch|p2a: Cinderace|Cinderace, M|69/100
|move|p1a: Hoopa|Thunderbolt|p2a: Cinderace
|-damage|p2a: Cinderace|27/100
|
|upkeep
|turn|28
|
|t:|1779929828
|switch|p1a: Alomomola|Alomomola, F, shiny|64/100 brn
|move|p2a: Cinderace|U-turn|p1a: Alomomola
|-damage|p1a: Alomomola|53/100 brn
|-damage|p2a: Cinderace|10/100|[from] item: Rocky Helmet|[of] p1a: Alomomola
|
|t:|1779929839
|switch|p2a: Dondozo|Dondozo, M|45/100|[from] U-turn
|
|-heal|p2a: Dondozo|51/100|[from] item: Leftovers
|-damage|p1a: Alomomola|47/100 brn|[from] brn
|upkeep
|turn|29
|
|t:|1779929848
|move|p1a: Alomomola|Tickle|p2a: Dondozo
|-unboost|p2a: Dondozo|atk|1
|-unboost|p2a: Dondozo|def|1
|move|p2a: Dondozo|Curse|p2a: Dondozo
|-unboost|p2a: Dondozo|spe|1
|-boost|p2a: Dondozo|atk|1
|-boost|p2a: Dondozo|def|1
|
|-heal|p2a: Dondozo|57/100|[from] item: Leftovers
|-damage|p1a: Alomomola|41/100 brn|[from] brn
|upkeep
|turn|30
|
|t:|1779929858
|move|p1a: Alomomola|Wish|p1a: Alomomola
|move|p2a: Dondozo|Curse|p2a: Dondozo
|-unboost|p2a: Dondozo|spe|1
|-boost|p2a: Dondozo|atk|1
|-boost|p2a: Dondozo|def|1
|
|-heal|p2a: Dondozo|63/100|[from] item: Leftovers
|-damage|p1a: Alomomola|35/100 brn|[from] brn
|upkeep
|turn|31
|inactive|typhon_27_ has 120 seconds left.
|
|t:|1779929869
|move|p1a: Alomomola|Tickle|p2a: Dondozo
|-unboost|p2a: Dondozo|atk|1
|-unboost|p2a: Dondozo|def|1
|move|p2a: Dondozo|Curse|p2a: Dondozo
|-unboost|p2a: Dondozo|spe|1
|-boost|p2a: Dondozo|atk|1
|-boost|p2a: Dondozo|def|1
|
|-heal|p1a: Alomomola|85/100 brn|[from] move: Wish|[wisher] Alomomola
|-heal|p2a: Dondozo|69/100|[from] item: Leftovers
|-damage|p1a: Alomomola|79/100 brn|[from] brn
|upkeep
|turn|32
|inactive|typhon_27_ has 120 seconds left.
|
|t:|1779929880
|move|p1a: Alomomola|Tickle|p2a: Dondozo
|-unboost|p2a: Dondozo|atk|1
|-unboost|p2a: Dondozo|def|1
|move|p2a: Dondozo|Curse|p2a: Dondozo
|-unboost|p2a: Dondozo|spe|1
|-boost|p2a: Dondozo|atk|1
|-boost|p2a: Dondozo|def|1
|
|-heal|p2a: Dondozo|76/100|[from] item: Leftovers
|-damage|p1a: Alomomola|72/100 brn|[from] brn
|upkeep
|turn|33
|inactive|typhon_27_ has 120 seconds left.
|
|t:|1779929895
|move|p1a: Alomomola|Tickle|p2a: Dondozo
|-unboost|p2a: Dondozo|atk|1
|-unboost|p2a: Dondozo|def|1
|move|p2a: Dondozo|Curse|p2a: Dondozo
|-unboost|p2a: Dondozo|spe|1
|-boost|p2a: Dondozo|atk|1
|-boost|p2a: Dondozo|def|1
|
|-heal|p2a: Dondozo|82/100|[from] item: Leftovers
|-damage|p1a: Alomomola|66/100 brn|[from] brn
|upkeep
|turn|34
|
|t:|1779929907
|move|p1a: Alomomola|Tickle|p2a: Dondozo
|-unboost|p2a: Dondozo|atk|1
|-unboost|p2a: Dondozo|def|1
|move|p2a: Dondozo|Curse|p2a: Dondozo
|-unboost|p2a: Dondozo|spe|1
|-boost|p2a: Dondozo|atk|1
|-boost|p2a: Dondozo|def|1
|
|-heal|p2a: Dondozo|88/100|[from] item: Leftovers
|-damage|p1a: Alomomola|60/100 brn|[from] brn
|upkeep
|turn|35
|
|t:|1779929916
|move|p1a: Alomomola|Tickle|p2a: Dondozo
|-unboost|p2a: Dondozo|atk|1
|-unboost|p2a: Dondozo|def|1
|move|p2a: Dondozo|Curse|p2a: Dondozo
|-boost|p2a: Dondozo|atk|1
|-boost|p2a: Dondozo|def|1
|
|-heal|p2a: Dondozo|94/100|[from] item: Leftovers
|-damage|p1a: Alomomola|54/100 brn|[from] brn
|upkeep
|turn|36
|
|t:|1779929925
|move|p1a: Alomomola|Tickle|p2a: Dondozo
|-unboost|p2a: Dondozo|atk|1
|-unboost|p2a: Dondozo|def|1
|move|p2a: Dondozo|Curse|p2a: Dondozo
|-boost|p2a: Dondozo|atk|1
|-boost|p2a: Dondozo|def|1
|
|-heal|p2a: Dondozo|99/100|[from] item: Leftovers
|-damage|p1a: Alomomola|48/100 brn|[from] brn
|upkeep
|turn|37
|
|t:|1779929936
|move|p1a: Alomomola|Wish|p1a: Alomomola
|move|p2a: Dondozo|Curse|p2a: Dondozo
|-boost|p2a: Dondozo|atk|1
|-boost|p2a: Dondozo|def|1
|
|-heal|p2a: Dondozo|100/100|[from] item: Leftovers
|-damage|p1a: Alomomola|42/100 brn|[from] brn
|upkeep
|turn|38
|
|t:|1779929947
|move|p1a: Alomomola|Tickle|p2a: Dondozo
|-unboost|p2a: Dondozo|atk|1
|-unboost|p2a: Dondozo|def|1
|move|p2a: Dondozo|Curse|p2a: Dondozo
|-boost|p2a: Dondozo|atk|1
|-boost|p2a: Dondozo|def|1
|
|-heal|p1a: Alomomola|92/100 brn|[from] move: Wish|[wisher] Alomomola
|-damage|p1a: Alomomola|86/100 brn|[from] brn
|upkeep
|turn|39
|
|t:|1779929960
|move|p1a: Alomomola|Tickle|p2a: Dondozo
|-unboost|p2a: Dondozo|atk|1
|-unboost|p2a: Dondozo|def|1
|move|p2a: Dondozo|Body Press|p1a: Alomomola
|-damage|p1a: Alomomola|67/100 brn
|-damage|p2a: Dondozo|84/100|[from] item: Rocky Helmet|[of] p1a: Alomomola
|
|-heal|p2a: Dondozo|90/100|[from] item: Leftovers
|-damage|p1a: Alomomola|61/100 brn|[from] brn
|upkeep
|turn|40
|
|t:|1779929976
|move|p1a: Alomomola|Tickle|p2a: Dondozo
|-unboost|p2a: Dondozo|atk|1
|-unboost|p2a: Dondozo|def|1
|move|p2a: Dondozo|Curse|p2a: Dondozo
|-boost|p2a: Dondozo|atk|1
|-boost|p2a: Dondozo|def|1
|
|-heal|p2a: Dondozo|96/100|[from] item: Leftovers
|-damage|p1a: Alomomola|55/100 brn|[from] brn
|upkeep
|turn|41
|
|t:|1779929992
|move|p1a: Alomomola|Tickle|p2a: Dondozo
|-unboost|p2a: Dondozo|atk|1
|-unboost|p2a: Dondozo|def|1
|move|p2a: Dondozo|Body Press|p1a: Alomomola
|-damage|p1a: Alomomola|43/100 brn
|-damage|p2a: Dondozo|80/100|[from] item: Rocky Helmet|[of] p1a: Alomomola
|
|-heal|p2a: Dondozo|86/100|[from] item: Leftovers
|-damage|p1a: Alomomola|37/100 brn|[from] brn
|upkeep
|turn|42
|
|t:|1779930011
|move|p1a: Alomomola|Wish|p1a: Alomomola
|move|p2a: Dondozo|Curse|p2a: Dondozo
|-boost|p2a: Dondozo|atk|1
|-boost|p2a: Dondozo|def|1
|
|-heal|p2a: Dondozo|92/100|[from] item: Leftovers
|-damage|p1a: Alomomola|30/100 brn|[from] brn
|upkeep
|turn|43
|inactive|npctypebeat has 120 seconds left.
|
|t:|1779930031
|switch|p2a: Corviknight|Corviknight, F|100/100
|-ability|p2a: Corviknight|Pressure
|move|p1a: Alomomola|Tickle|p2a: Corviknight
|-unboost|p2a: Corviknight|atk|1
|-unboost|p2a: Corviknight|def|1
|
|-heal|p1a: Alomomola|80/100 brn|[from] move: Wish|[wisher] Alomomola
|-damage|p1a: Alomomola|74/100 brn|[from] brn
|upkeep
|turn|44
|inactive|npctypebeat has 120 seconds left.
|
|t:|1779930051
|switch|p2a: Dondozo|Dondozo, M|92/100
|move|p1a: Alomomola|Flip Turn|p2a: Dondozo
|-resisted|p2a: Dondozo
|-damage|p2a: Dondozo|90/100
|
|t:|1779930058
|switch|p1a: Hoopa|Hoopa-Unbound|100/100|[from] Flip Turn
|
|-heal|p2a: Dondozo|96/100|[from] item: Leftovers
|upkeep
|turn|45
|inactive|npctypebeat has 120 seconds left.
|
|t:|1779930078
|move|p1a: Hoopa|Knock Off|p2a: Dondozo
|-damage|p2a: Dondozo|64/100
|-enditem|p2a: Dondozo|Leftovers|[from] move: Knock Off|[of] p1a: Hoopa
|move|p2a: Dondozo|Waterfall|p1a: Hoopa
|-damage|p1a: Hoopa|57/100
|
|upkeep
|turn|46
|inactive|npctypebeat has 120 seconds left.
|
|t:|1779930098
|switch|p1a: Alomomola|Alomomola, F, shiny|100/100 brn
|move|p2a: Dondozo|Waterfall|p1a: Alomomola
|-resisted|p1a: Alomomola
|-damage|p1a: Alomomola|92/100 brn
|-damage|p2a: Dondozo|48/100|[from] item: Rocky Helmet|[of] p1a: Alomomola
|
|-damage|p1a: Alomomola|86/100 brn|[from] brn
|upkeep
|turn|47
|
|t:|1779930119
|move|p1a: Alomomola|Tickle|p2a: Dondozo
|-unboost|p2a: Dondozo|atk|1
|-unboost|p2a: Dondozo|def|1
|move|p2a: Dondozo|Rest|p2a: Dondozo
|-status|p2a: Dondozo|slp|[from] move: Rest
|-heal|p2a: Dondozo|100/100 slp|[silent]
|
|-damage|p1a: Alomomola|80/100 brn|[from] brn
|upkeep
|turn|48
|
|t:|1779930138
|switch|p2a: Corviknight|Corviknight, F|100/100
|-ability|p2a: Corviknight|Pressure
|move|p1a: Alomomola|Wish|p1a: Alomomola
|
|-damage|p1a: Alomomola|74/100 brn|[from] brn
|upkeep
|turn|49
|inactive|npctypebeat has 90 seconds left.
|
|t:|1779930158
|move|p2a: Corviknight|Roost||[still]
|-fail|p2a: Corviknight|heal
|move|p1a: Alomomola|Flip Turn|p2a: Corviknight
|-crit|p2a: Corviknight
|-damage|p2a: Corviknight|93/100
|-damage|p1a: Alomomola|57/100 brn|[from] item: Rocky Helmet|[of] p2a: Corviknight
|
|t:|1779930177
|switch|p1a: Weezing|Weezing-Galar, F, shiny|100/100|[from] Flip Turn
|-ability|p1a: Weezing|Neutralizing Gas
|
|upkeep
|turn|50
|inactive|npctypebeat has 90 seconds left.
|
|t:|1779930197
|move|p2a: Corviknight|U-turn|p1a: Weezing
|-resisted|p1a: Weezing
|-damage|p1a: Weezing|98/100
|inactive|npctypebeat has 90 seconds left.
|
|t:|1779930222
|switch|p2a: Dondozo|Dondozo, M|100/100 slp|[from] U-turn
|move|p1a: Weezing|Will-O-Wisp||[still]
|-fail|p1a: Weezing
|
|upkeep
|turn|51
|
|t:|1779930240
|move|p1a: Weezing|Pain Split|p2a: Dondozo
|-sethp|p2a: Dondozo|83/100 slp|[from] move: Pain Split|[silent]
|-sethp|p1a: Weezing|100/100|[from] move: Pain Split
|cant|p2a: Dondozo|slp
|
|upkeep
|turn|52
|
|t:|1779930257
|move|p1a: Weezing|Strange Steam|p2a: Dondozo
|-damage|p2a: Dondozo|67/100 slp
|cant|p2a: Dondozo|slp
|
|upkeep
|turn|53
|inactive|npctypebeat has 60 seconds left.
|
|t:|1779930276
|move|p1a: Weezing|Strange Steam|p2a: Dondozo
|-damage|p2a: Dondozo|49/100 slp
|-curestatus|p2a: Dondozo|slp|[msg]
|move|p2a: Dondozo|Rest|p2a: Dondozo
|-status|p2a: Dondozo|slp|[from] move: Rest
|-heal|p2a: Dondozo|100/100 slp|[silent]
|
|upkeep
|turn|54
|inactive|npctypebeat has 60 seconds left.
|
|t:|1779930293
|-end|p1a: Weezing|ability: Neutralizing Gas
|switch|p1a: Hoopa|Hoopa-Unbound|57/100
|cant|p2a: Dondozo|slp
|
|upkeep
|turn|55
|inactive|npctypebeat has 60 seconds left.
|
|t:|1779930307
|switch|p2a: Cinderace|Cinderace, M|10/100
|move|p1a: Hoopa|Thunderbolt|p2a: Cinderace
|-damage|p2a: Cinderace|0 fnt
|faint|p2a: Cinderace
|
|upkeep
|
|t:|1779930319
|switch|p2a: Corviknight|Corviknight, F|93/100
|-ability|p2a: Corviknight|Pressure
|turn|56
|
|t:|1779930328
|move|p1a: Hoopa|Thunderbolt|p2a: Corviknight
|-supereffective|p2a: Corviknight
|-damage|p2a: Corviknight|33/100
|move|p2a: Corviknight|Brave Bird|p1a: Hoopa
|-damage|p1a: Hoopa|0 fnt
|faint|p1a: Hoopa
|-damage|p2a: Corviknight|17/100|[from] Recoil
|
|upkeep
|
|t:|1779930346
|switch|p1a: Alomomola|Alomomola, F, shiny|91/100 brn
|turn|57
|
|t:|1779930353
|move|p2a: Corviknight|Roost|p2a: Corviknight
|-heal|p2a: Corviknight|67/100
|-singleturn|p2a: Corviknight|move: Roost
|move|p1a: Alomomola|Flip Turn|p2a: Corviknight
|-damage|p2a: Corviknight|62/100
|-damage|p1a: Alomomola|74/100 brn|[from] item: Rocky Helmet|[of] p2a: Corviknight
|
|t:|1779930366
|switch|p1a: Weezing|Weezing-Galar, F, shiny|100/100|[from] Flip Turn
|-ability|p1a: Weezing|Neutralizing Gas
|
|upkeep
|turn|58
|
|t:|1779930381
|move|p2a: Corviknight|U-turn|p1a: Weezing
|-resisted|p1a: Weezing
|-damage|p1a: Weezing|98/100
|
|t:|1779930401
|switch|p2a: Dondozo|Dondozo, M|100/100 slp|[from] U-turn
|move|p1a: Weezing|Will-O-Wisp||[still]
|-fail|p1a: Weezing
|
|upkeep
|turn|59
|inactive|npctypebeat has 60 seconds left.
|
|t:|1779930418
|switch|p2a: Corviknight|Corviknight, F|62/100
|move|p1a: Weezing|Strange Steam|p2a: Corviknight
|-resisted|p2a: Corviknight
|-damage|p2a: Corviknight|49/100
|
|upkeep
|turn|60
|inactive|npctypebeat has 60 seconds left.
|c|☆typhon_27_|ff
|
|t:|1779930436
|move|p2a: Corviknight|U-turn|p1a: Weezing
|-resisted|p1a: Weezing
|-damage|p1a: Weezing|96/100
|
|t:|1779930452
|switch|p2a: Dondozo|Dondozo, M|100/100 slp|[from] U-turn
|move|p1a: Weezing|Will-O-Wisp||[still]
|-fail|p1a: Weezing
|
|upkeep
|turn|61
|
|t:|1779930459
|move|p1a: Weezing|Will-O-Wisp||[still]
|-fail|p1a: Weezing
|cant|p2a: Dondozo|slp
|
|upkeep
|turn|62
|
|t:|1779930467
|move|p1a: Weezing|Strange Steam|p2a: Dondozo
|-damage|p2a: Dondozo|82/100 slp
|-curestatus|p2a: Dondozo|slp|[msg]
|move|p2a: Dondozo|Waterfall|p1a: Weezing
|-damage|p1a: Weezing|78/100
|
|upkeep
|turn|63
|inactive|npctypebeat has 60 seconds left.
|
|t:|1779930484
|move|p1a: Weezing|Will-O-Wisp|p2a: Dondozo
|-status|p2a: Dondozo|brn
|move|p2a: Dondozo|Waterfall|p1a: Weezing
|-damage|p1a: Weezing|68/100
|
|-damage|p2a: Dondozo|76/100 brn|[from] brn
|upkeep
|turn|64
|inactive|npctypebeat has 60 seconds left.
|
|t:|1779930500
|move|p1a: Weezing|Strange Steam|p2a: Dondozo
|-damage|p2a: Dondozo|58/100 brn
|move|p2a: Dondozo|Curse|p2a: Dondozo
|-unboost|p2a: Dondozo|spe|1
|-boost|p2a: Dondozo|atk|1
|-boost|p2a: Dondozo|def|1
|
|-damage|p2a: Dondozo|52/100 brn|[from] brn
|upkeep
|turn|65
|inactive|npctypebeat has 60 seconds left.
|
|t:|1779930514
|-end|p1a: Weezing|ability: Neutralizing Gas
|switch|p1a: Alomomola|Alomomola, F, shiny|100/100 brn
|move|p2a: Dondozo|Rest|p2a: Dondozo
|-status|p2a: Dondozo|slp|[from] move: Rest
|-heal|p2a: Dondozo|100/100 slp|[silent]
|
|-damage|p1a: Alomomola|94/100 brn|[from] brn
|upkeep
|turn|66
|inactive|npctypebeat has 60 seconds left.
|
|t:|1779930527
|move|p1a: Alomomola|Tickle|p2a: Dondozo
|-unboost|p2a: Dondozo|atk|1
|-unboost|p2a: Dondozo|def|1
|cant|p2a: Dondozo|slp
|
|-damage|p1a: Alomomola|88/100 brn|[from] brn
|upkeep
|turn|67
|inactive|npctypebeat has 60 seconds left.
|
|t:|1779930539
|switch|p2a: Corviknight|Corviknight, F|49/100
|-ability|p2a: Corviknight|Pressure
|move|p1a: Alomomola|Wish|p1a: Alomomola
|
|-damage|p1a: Alomomola|82/100 brn|[from] brn
|upkeep
|turn|68
|inactive|npctypebeat has 60 seconds left.
|
|t:|1779930551
|move|p2a: Corviknight|Roost|p2a: Corviknight
|-heal|p2a: Corviknight|99/100
|-singleturn|p2a: Corviknight|move: Roost
|move|p1a: Alomomola|Flip Turn|p2a: Corviknight
|-damage|p2a: Corviknight|95/100
|-damage|p1a: Alomomola|65/100 brn|[from] item: Rocky Helmet|[of] p2a: Corviknight
|
|t:|1779930569
|switch|p1a: Weezing|Weezing-Galar, F, shiny|68/100|[from] Flip Turn
|-ability|p1a: Weezing|Neutralizing Gas
|
|-heal|p1a: Weezing|100/100|[from] move: Wish|[wisher] Alomomola
|upkeep
|turn|69
|inactive|npctypebeat has 60 seconds left.
|
|t:|1779930581
|move|p2a: Corviknight|Roost|p2a: Corviknight
|-heal|p2a: Corviknight|100/100
|-singleturn|p2a: Corviknight|move: Roost
|move|p1a: Weezing|Will-O-Wisp|p2a: Corviknight|[miss]
|-miss|p1a: Weezing|p2a: Corviknight
|
|upkeep
|turn|70
|inactive|npctypebeat has 60 seconds left.
|
|t:|1779930595
|move|p2a: Corviknight|Brave Bird|p1a: Weezing
|-damage|p1a: Weezing|78/100
|-damage|p2a: Corviknight|94/100|[from] Recoil
|move|p1a: Weezing|Will-O-Wisp|p2a: Corviknight|[miss]
|-miss|p1a: Weezing|p2a: Corviknight
|
|upkeep
|turn|71
|inactive|npctypebeat has 60 seconds left.
|
|t:|1779930610
|move|p2a: Corviknight|Roost|p2a: Corviknight
|-heal|p2a: Corviknight|100/100
|-singleturn|p2a: Corviknight|move: Roost
|move|p1a: Weezing|Will-O-Wisp|p2a: Corviknight
|-status|p2a: Corviknight|brn
|
|-damage|p2a: Corviknight|94/100 brn|[from] brn
|upkeep
|turn|72
|inactive|npctypebeat has 60 seconds left.
|inactive|typhon_27_ has 120 seconds left.
|
|t:|1779930641
|-end|p1a: Weezing|ability: Neutralizing Gas
|-ability|p2a: Corviknight|Pressure
|switch|p1a: Alomomola|Alomomola, F, shiny|99/100 brn
|move|p2a: Corviknight|Brave Bird|p1a: Alomomola
|-damage|p1a: Alomomola|88/100 brn
|-damage|p2a: Corviknight|78/100 brn|[from] item: Rocky Helmet|[of] p1a: Alomomola
|-damage|p2a: Corviknight|74/100 brn|[from] Recoil
|
|-damage|p2a: Corviknight|68/100 brn|[from] brn
|-damage|p1a: Alomomola|82/100 brn|[from] brn
|upkeep
|turn|73
|inactive|typhon_27_ has 120 seconds left.
|inactive|npctypebeat has 60 seconds left.
|
|t:|1779930655
|move|p2a: Corviknight|Roost|p2a: Corviknight
|-heal|p2a: Corviknight|100/100 brn
|-singleturn|p2a: Corviknight|move: Roost
|move|p1a: Alomomola|Wish|p1a: Alomomola
|
|-damage|p2a: Corviknight|94/100 brn|[from] brn
|-damage|p1a: Alomomola|76/100 brn|[from] brn
|upkeep
|turn|74
|inactive|npctypebeat has 60 seconds left.
|
|t:|1779930669
|move|p2a: Corviknight|U-turn|p1a: Alomomola
|-damage|p1a: Alomomola|72/100 brn
|-damage|p2a: Corviknight|78/100 brn|[from] item: Rocky Helmet|[of] p1a: Alomomola
|inactive|npctypebeat has 60 seconds left.
|
|t:|1779930684
|switch|p2a: Dondozo|Dondozo, M|100/100 slp|[from] U-turn
|move|p1a: Alomomola|Tickle|p2a: Dondozo
|-unboost|p2a: Dondozo|atk|1
|-unboost|p2a: Dondozo|def|1
|
|-heal|p1a: Alomomola|100/100 brn|[from] move: Wish|[wisher] Alomomola
|-damage|p1a: Alomomola|94/100 brn|[from] brn
|upkeep
|turn|75
|inactive|npctypebeat has 60 seconds left.
|inactive|typhon_27_ has 120 seconds left.
|c|☆typhon_27_|bro pls ff
|c|☆typhon_27_|its pp stall and ill win
|inactive|typhon_27_ has 90 seconds left.
|
|t:|1779930735
|move|p1a: Alomomola|Wish|p1a: Alomomola
|cant|p2a: Dondozo|slp
|
|-damage|p1a: Alomomola|88/100 brn|[from] brn
|upkeep
|turn|76
|inactive|npctypebeat has 60 seconds left.
|
|t:|1779930747
|move|p1a: Alomomola|Flip Turn|p2a: Dondozo
|-resisted|p2a: Dondozo
|-damage|p2a: Dondozo|97/100 slp
|
|t:|1779930752
|switch|p1a: Gliscor|Gliscor, M, shiny|57/100 tox|[from] Flip Turn
|-curestatus|p2a: Dondozo|slp|[msg]
|move|p2a: Dondozo|Waterfall|p1a: Gliscor
|-supereffective|p1a: Gliscor
|-damage|p1a: Gliscor|26/100 tox
|
|-heal|p1a: Gliscor|93/100 tox|[from] move: Wish|[wisher] Alomomola
|-heal|p1a: Gliscor|100/100 tox|[from] ability: Poison Heal
|upkeep
|turn|77
|inactive|npctypebeat has 60 seconds left.
|
|t:|1779930770
|switch|p2a: Corviknight|Corviknight, F|78/100 brn
|-ability|p2a: Corviknight|Pressure
|-terastallize|p1a: Gliscor|Normal
|move|p1a: Gliscor|Swords Dance|p1a: Gliscor
|-boost|p1a: Gliscor|atk|2
|
|-damage|p2a: Corviknight|72/100 brn|[from] brn
|upkeep
|turn|78
|inactive|npctypebeat has 60 seconds left.
|
|t:|1779930783
|move|p1a: Gliscor|Swords Dance|p1a: Gliscor
|-boost|p1a: Gliscor|atk|2
|move|p2a: Corviknight|U-turn|p1a: Gliscor
|-damage|p1a: Gliscor|95/100 tox
|inactive|npctypebeat has 60 seconds left.
|
|t:|1779930796
|switch|p2a: Dondozo|Dondozo, M|97/100|[from] U-turn
|
|-heal|p1a: Gliscor|100/100 tox|[from] ability: Poison Heal
|upkeep
|turn|79
|inactive|npctypebeat has 60 seconds left.
|
|t:|1779930808
|move|p1a: Gliscor|Swords Dance|p1a: Gliscor
|-boost|p1a: Gliscor|atk|2
|move|p2a: Dondozo|Waterfall|p1a: Gliscor
|-damage|p1a: Gliscor|80/100 tox
|
|-heal|p1a: Gliscor|93/100 tox|[from] ability: Poison Heal
|upkeep
|turn|80
|inactive|npctypebeat has 60 seconds left.
|
|t:|1779930821
|switch|p2a: Corviknight|Corviknight, F|72/100 brn
|-ability|p2a: Corviknight|Pressure
|move|p1a: Gliscor|Facade|p2a: Corviknight
|-resisted|p2a: Corviknight
|-damage|p2a: Corviknight|20/100 brn
|-damage|p1a: Gliscor|76/100 tox|[from] item: Rocky Helmet|[of] p2a: Corviknight
|
|-heal|p1a: Gliscor|89/100 tox|[from] ability: Poison Heal
|-damage|p2a: Corviknight|14/100 brn|[from] brn
|upkeep
|turn|81
|inactive|typhon_27_ has 120 seconds left.
|inactive|npctypebeat has 60 seconds left.
|
|t:|1779930833
|move|p1a: Gliscor|Facade|p2a: Corviknight
|-resisted|p2a: Corviknight
|-damage|p2a: Corviknight|0 fnt
|-damage|p1a: Gliscor|72/100 tox|[from] item: Rocky Helmet|[of] p2a: Corviknight
|faint|p2a: Corviknight
|
|-heal|p1a: Gliscor|85/100 tox|[from] ability: Poison Heal
|upkeep
|
|t:|1779930845
|switch|p2a: Dondozo|Dondozo, M|97/100
|turn|82
|
|t:|1779930851
|move|p1a: Gliscor|Facade|p2a: Dondozo
|-damage|p2a: Dondozo|69/100
|move|p2a: Dondozo|Body Press|p1a: Gliscor
|-supereffective|p1a: Gliscor
|-damage|p1a: Gliscor|52/100 tox
|
|-heal|p1a: Gliscor|65/100 tox|[from] ability: Poison Heal
|upkeep
|turn|83
|
|t:|1779930859
|move|p1a: Gliscor|Facade|p2a: Dondozo
|-damage|p2a: Dondozo|42/100
|move|p2a: Dondozo|Body Press|p1a: Gliscor
|-supereffective|p1a: Gliscor
|-damage|p1a: Gliscor|33/100 tox
|
|-heal|p1a: Gliscor|46/100 tox|[from] ability: Poison Heal
|upkeep
|turn|84
|
|t:|1779930873
|move|p1a: Gliscor|Facade|p2a: Dondozo
|-damage|p2a: Dondozo|15/100
|move|p2a: Dondozo|Waterfall|p1a: Gliscor
|-damage|p1a: Gliscor|23/100 tox
|
|-heal|p1a: Gliscor|35/100 tox|[from] ability: Poison Heal
|upkeep
|turn|85
|
|t:|1779930881
|move|p1a: Gliscor|Facade|p2a: Dondozo
|-damage|p2a: Dondozo|0 fnt
|faint|p2a: Dondozo
|
|win|typhon_27_
|raw|typhon_27_'s rating: 1298 &rarr; <strong>1318</strong><br />(+20 for winning)
|raw|npctypebeat's rating: 1223 &rarr; <strong>1203</strong><br />(-20 for losing)
|c|☆npctypebeat|gg
|c|☆typhon_27_|pd
