|j|☆RinRinOwO
|j|☆XEFIBB
|t:|1779918438
|gametype|singles
|player|p1|RinRinOwO|iris|1007
|player|p2|XEFIBB|101|1008
|gen|9
|tier|[Gen 9] OU
|rated|
|rule|HP Percentage Mod: HP is shown in percentages
|rule|Endless Battle Clause: Forcing endless battles is banned
|rule|Species Clause: Limit one of each Pokémon
|rule|OHKO Clause: OHKO moves are banned
|rule|Evasion Items Clause: Evasion items are banned
|rule|Evasion Moves Clause: Evasion moves are banned
|rule|Evasion Abilities Clause: Evasion abilities are banned
|rule|Sleep Moves Clause: Sleep-inducing moves are banned
|clearpoke
|poke|p1|Gholdengo|
|poke|p1|Iron Treads|
|poke|p1|Moltres|
|poke|p1|Zamazenta-*|
|poke|p1|Samurott-Hisui, M|
|poke|p1|Garganacl, M|
|poke|p2|Dragonite, F|
|poke|p2|Great Tusk|
|poke|p2|Deoxys-Speed|
|poke|p2|Gholdengo|
|poke|p2|Zamazenta-*|
|poke|p2|Iron Valiant|
|teampreview
|inactive|Battle timer is ON: inactive players will automatically lose when time's up. (requested by XEFIBB)
|
|t:|1779918451
|teamsize|p1|6
|teamsize|p2|6
|start
|switch|p1a: tree|Gholdengo|100/100
|switch|p2a: Dragonite|Dragonite, F|100/100
|-item|p1a: tree|Air Balloon
|turn|1
|
|t:|1779918464
|move|p2a: Dragonite|Outrage|p1a: tree
|-resisted|p1a: tree
|-damage|p1a: tree|54/100
|-enditem|p1a: tree|Air Balloon
|-damage|p2a: Dragonite|91/100|[from] item: Life Orb
|move|p1a: tree|Make It Rain|p2a: Dragonite
|-damage|p2a: Dragonite|17/100
|-unboost|p1a: tree|spa|1
|
|upkeep
|turn|2
|
|t:|1779918468
|switch|p1a: salt|Garganacl, M|100/100
|move|p2a: Dragonite|Outrage|p1a: salt|[from] lockedmove
|-damage|p1a: salt|44/100
|-damage|p2a: Dragonite|7/100|[from] item: Life Orb
|
|-heal|p1a: salt|50/100|[from] item: Leftovers
|upkeep
|turn|3
|
|t:|1779918470
|move|p2a: Dragonite|Outrage|p1a: salt|[from] lockedmove
|-damage|p1a: salt|0 fnt
|faint|p1a: salt
|-damage|p2a: Dragonite|0 fnt|[from] item: Life Orb
|faint|p2a: Dragonite
|
|upkeep
|
|t:|1779918474
|switch|p2a: Zamazenta|Zamazenta|100/100
|switch|p1a: dog|Zamazenta, shiny|100/100
|-ability|p1a: dog|Dauntless Shield|boost
|-boost|p1a: dog|def|1
|-ability|p2a: Zamazenta|Dauntless Shield|boost
|-boost|p2a: Zamazenta|def|1
|turn|4
|
|t:|1779918479
|move|p1a: dog|Close Combat|p2a: Zamazenta
|-damage|p2a: Zamazenta|60/100
|-unboost|p1a: dog|def|1
|-unboost|p1a: dog|spd|1
|move|p2a: Zamazenta|Crunch|p1a: dog
|-resisted|p1a: dog
|-damage|p1a: dog|83/100
|-damage|p2a: Zamazenta|51/100|[from] item: Life Orb
|
|upkeep
|turn|5
|
|t:|1779918487
|switch|p2a: Gholdengo|Gholdengo|100/100
|move|p1a: dog|Ice Fang|p2a: Gholdengo
|-resisted|p2a: Gholdengo
|-damage|p2a: Gholdengo|92/100
|-status|p2a: Gholdengo|frz
|
|upkeep
|turn|6
|
|t:|1779918491
|move|p1a: dog|Crunch|p2a: Gholdengo
|-supereffective|p2a: Gholdengo
|-damage|p2a: Gholdengo|42/100 frz
|cant|p2a: Gholdengo|frz
|
|upkeep
|turn|7
|
|t:|1779918494
|move|p1a: dog|Crunch|p2a: Gholdengo
|-supereffective|p2a: Gholdengo
|-damage|p2a: Gholdengo|0 fnt
|faint|p2a: Gholdengo
|
|upkeep
|
|t:|1779918494
|switch|p2a: Iron Valiant|Iron Valiant|100/100
|-enditem|p2a: Iron Valiant|Booster Energy
|-activate|p2a: Iron Valiant|ability: Quark Drive|[fromitem]
|-start|p2a: Iron Valiant|quarkdrivespe
|turn|8
|
|t:|1779918502
|switch|p1a: fish dog|Samurott-Hisui, M, shiny|100/100
|move|p2a: Iron Valiant|Moonblast|p1a: fish dog
|-supereffective|p1a: fish dog
|-damage|p1a: fish dog|0 fnt
|faint|p1a: fish dog
|
|upkeep
|
|t:|1779918506
|switch|p1a: dog|Zamazenta, shiny|83/100
|turn|9
|
|t:|1779918508
|move|p2a: Iron Valiant|Moonblast|p1a: dog
|-supereffective|p1a: dog
|-damage|p1a: dog|0 fnt
|faint|p1a: dog
|
|upkeep
|
|t:|1779918510
|switch|p1a: chicken|Moltres, shiny|100/100
|turn|10
|
|t:|1779918514
|switch|p1a: tree|Gholdengo|54/100
|move|p2a: Iron Valiant|Moonblast|p1a: tree
|-resisted|p1a: tree
|-damage|p1a: tree|29/100
|
|upkeep
|turn|11
|
|t:|1779918516
|-end|p2a: Iron Valiant|Quark Drive|[silent]
|switch|p2a: Zamazenta|Zamazenta|51/100
|move|p1a: tree|Make It Rain|p2a: Zamazenta
|-damage|p2a: Zamazenta|0 fnt
|-unboost|p1a: tree|spa|1
|faint|p2a: Zamazenta
|
|upkeep
|
|t:|1779918516
|switch|p2a: Great Tusk|Great Tusk|100/100
|-enditem|p2a: Great Tusk|Booster Energy
|-activate|p2a: Great Tusk|ability: Protosynthesis|[fromitem]
|-start|p2a: Great Tusk|protosynthesisspe
|turn|12
|
|t:|1779918518
|move|p2a: Great Tusk|Headlong Rush|p1a: tree
|-supereffective|p1a: tree
|-damage|p1a: tree|0 fnt
|-unboost|p2a: Great Tusk|def|1
|-unboost|p2a: Great Tusk|spd|1
|faint|p1a: tree
|
|upkeep
|
|t:|1779918520
|switch|p1a: chicken|Moltres, shiny|100/100
|turn|13
|
|t:|1779918522
|move|p2a: Great Tusk|Headlong Rush|p1a: chicken
|-immune|p1a: chicken
|move|p1a: chicken|U-turn|p2a: Great Tusk
|-resisted|p2a: Great Tusk
|-damage|p2a: Great Tusk|94/100
|
|t:|1779918525
|switch|p1a: tire|Iron Treads|100/100|[from] U-turn
|
|upkeep
|turn|14
|
|t:|1779918526
|move|p2a: Great Tusk|Ice Spinner|p1a: tire
|-damage|p1a: tire|79/100
|move|p1a: tire|Earthquake|p2a: Great Tusk
|-damage|p2a: Great Tusk|52/100
|
|upkeep
|turn|15
|
|t:|1779918529
|move|p2a: Great Tusk|Headlong Rush|p1a: tire
|-supereffective|p1a: tire
|-damage|p1a: tire|0 fnt
|-unboost|p2a: Great Tusk|def|1
|-unboost|p2a: Great Tusk|spd|1
|faint|p1a: tire
|-end|p1a: tire|Quark Drive|[silent]
|
|upkeep
|
|t:|1779918530
|switch|p1a: chicken|Moltres, shiny|100/100
|turn|16
|
|t:|1779918533
|move|p2a: Great Tusk|Ice Spinner|p1a: chicken
|-damage|p1a: chicken|84/100
|-status|p2a: Great Tusk|brn|[from] ability: Flame Body|[of] p1a: chicken
|move|p1a: chicken|Flamethrower|p2a: Great Tusk
|-damage|p2a: Great Tusk|0 fnt
|faint|p2a: Great Tusk
|-end|p2a: Great Tusk|Protosynthesis|[silent]
|
|upkeep
|
|t:|1779918534
|switch|p2a: Deoxys|Deoxys-Speed|100/100
|-ability|p2a: Deoxys|Pressure
|turn|17
|
|t:|1779918536
|move|p2a: Deoxys|Taunt|p1a: chicken
|-start|p1a: chicken|move: Taunt
|move|p1a: chicken|Flamethrower|p2a: Deoxys
|-damage|p2a: Deoxys|55/100
|
|upkeep
|turn|18
|
|t:|1779918539
|move|p2a: Deoxys|Taunt||[still]
|-fail|p2a: Deoxys
|move|p1a: chicken|U-turn|p2a: Deoxys
|-supereffective|p2a: Deoxys
|-damage|p2a: Deoxys|20/100
|
|upkeep
|turn|19
|
|t:|1779918540
|move|p2a: Deoxys|Taunt||[still]
|-fail|p2a: Deoxys
|move|p1a: chicken|U-turn|p2a: Deoxys
|-supereffective|p2a: Deoxys
|-crit|p2a: Deoxys
|-damage|p2a: Deoxys|0 fnt
|faint|p2a: Deoxys
|
|-end|p1a: chicken|move: Taunt
|upkeep
|
|t:|1779918541
|switch|p2a: Iron Valiant|Iron Valiant|100/100
|turn|20
|
|t:|1779918543
|move|p2a: Iron Valiant|Moonblast|p1a: chicken
|-resisted|p1a: chicken
|-damage|p1a: chicken|62/100
|move|p1a: chicken|U-turn|p2a: Iron Valiant
|-resisted|p2a: Iron Valiant
|-damage|p2a: Iron Valiant|96/100
|
|upkeep
|turn|21
|
|t:|1779918546
|move|p2a: Iron Valiant|Moonblast|p1a: chicken
|-resisted|p1a: chicken
|-damage|p1a: chicken|40/100
|move|p1a: chicken|Flamethrower|p2a: Iron Valiant
|-damage|p2a: Iron Valiant|19/100
|
|upkeep
|turn|22
|
|t:|1779918549
|move|p2a: Iron Valiant|Moonblast|p1a: chicken
|-resisted|p1a: chicken
|-damage|p1a: chicken|16/100
|-unboost|p1a: chicken|spa|1
|move|p1a: chicken|Flamethrower|p2a: Iron Valiant
|-damage|p2a: Iron Valiant|0 fnt
|faint|p2a: Iron Valiant
|-end|p2a: Iron Valiant|Quark Drive|[silent]
|
|win|RinRinOwO
|raw|RinRinOwO's rating: 1007 &rarr; <strong>1046</strong><br />(+39 for winning)
|raw|XEFIBB's rating: 1008 &rarr; <strong>1000</strong><br />(-8 for losing)
