|j|☆NRU_ Blackout
|j|☆armando estasilla
|t:|1779814156
|gametype|singles
|player|p1|NRU_ Blackout|pokefan-gen4|1352
|player|p2|armando estasilla|backpacker|1363
|gen|9
|tier|[Gen 9] OU
|rated|
|rule|HP Percentage Mod: HP is shown in percentages
|rule|Endless Battle Clause: Forcing endless battles is banned
|rule|Species Clause: Limit one of each Pokémon
|rule|OHKO Clause: OHKO moves are banned
|rule|Evasion Items Clause: Evasion items are banned
|rule|Evasion Moves Clause: Evasion moves are banned
|rule|Evasion Abilities Clause: Evasion abilities are banned
|rule|Sleep Moves Clause: Sleep-inducing moves are banned
|clearpoke
|poke|p1|Indeedee, M|
|poke|p1|Hoopa-Unbound|
|poke|p1|Garchomp, M|
|poke|p1|Iron Valiant|
|poke|p1|Corviknight, M|
|poke|p1|Toxapex, F|
|poke|p2|Staraptor, M|
|poke|p2|Ceruledge, F|
|poke|p2|Iron Crown|
|poke|p2|Alomomola, F|
|poke|p2|Mamoswine, F|
|poke|p2|Rabsca, M|
|teampreview
|inactive|Battle timer is ON: inactive players will automatically lose when time's up. (requested by armando estasilla)
|
|t:|1779814180
|teamsize|p1|6
|teamsize|p2|6
|start
|switch|p1a: Garchomp|Garchomp, M|100/100
|switch|p2a: Mamoswine|Mamoswine, F|100/100
|turn|1
|
|t:|1779814192
|switch|p1a: Corviknight|Corviknight, M|100/100
|-ability|p1a: Corviknight|Pressure
|move|p2a: Mamoswine|Ice Shard|p1a: Corviknight
|-damage|p1a: Corviknight|87/100
|
|upkeep
|turn|2
|
|t:|1779814202
|switch|p2a: Iron Crown|Iron Crown|100/100
|move|p1a: Corviknight|U-turn|p2a: Iron Crown
|-damage|p2a: Iron Crown|84/100
|
|t:|1779814214
|switch|p1a: Garchomp|Garchomp, M|100/100|[from] U-turn
|
|upkeep
|turn|3
|
|t:|1779814234
|-end|p2a: Iron Crown|Quark Drive|[silent]
|switch|p2a: Mamoswine|Mamoswine, F|100/100
|move|p1a: Garchomp|Stealth Rock|p2a: Mamoswine
|-sidestart|p2: armando estasilla|move: Stealth Rock
|
|upkeep
|turn|4
|
|t:|1779814246
|switch|p1a: Corviknight|Corviknight, M|87/100
|-ability|p1a: Corviknight|Pressure
|move|p2a: Mamoswine|Earthquake|p1a: Corviknight
|-immune|p1a: Corviknight
|
|upkeep
|turn|5
|
|t:|1779814256
|switch|p2a: Alomomola|Alomomola, F|100/100
|-damage|p2a: Alomomola|88/100|[from] Stealth Rock
|move|p1a: Corviknight|Brave Bird|p2a: Alomomola
|-damage|p2a: Alomomola|59/100
|-damage|p1a: Corviknight|74/100|[from] Recoil
|
|upkeep
|turn|6
|
|t:|1779814276
|move|p1a: Corviknight|U-turn|p2a: Alomomola
|-damage|p2a: Alomomola|47/100
|
|t:|1779814279
|switch|p1a: Toxapex|Toxapex, F|100/100|[from] U-turn
|move|p2a: Alomomola|Flip Turn|p1a: Toxapex
|-resisted|p1a: Toxapex
|-damage|p1a: Toxapex|94/100
|
|t:|1779814287
|switch|p2a: Iron Crown|Iron Crown|84/100|[from] Flip Turn
|-damage|p2a: Iron Crown|78/100|[from] Stealth Rock
|
|upkeep
|turn|7
|
|t:|1779814301
|move|p2a: Iron Crown|Future Sight|p1a: Toxapex
|-start|p2a: Iron Crown|move: Future Sight
|move|p1a: Toxapex|Infestation|p2a: Iron Crown
|-damage|p2a: Iron Crown|75/100
|-activate|p2a: Iron Crown|move: Infestation|[of] p1a: Toxapex
|
|-damage|p2a: Iron Crown|62/100|[from] move: Infestation|[partiallytrapped]
|upkeep
|turn|8
|
|t:|1779814311
|move|p2a: Iron Crown|Psychic Noise|p1a: Toxapex
|-supereffective|p1a: Toxapex
|-damage|p1a: Toxapex|51/100
|-start|p1a: Toxapex|move: Heal Block
|move|p1a: Toxapex|Surf|p2a: Iron Crown
|-damage|p2a: Iron Crown|43/100
|
|-damage|p2a: Iron Crown|31/100|[from] move: Infestation|[partiallytrapped]
|upkeep
|turn|9
|
|t:|1779814332
|switch|p1a: Hoopa|Hoopa-Unbound|100/100
|move|p2a: Iron Crown|Tachyon Cutter|p1a: Hoopa
|-damage|p1a: Hoopa|77/100
|-damage|p1a: Hoopa|55/100
|-hitcount|p1a: Hoopa|2
|
|-end|p1a: Hoopa|move: Future Sight
|-immune|p1a: Hoopa
|-end|p2a: Iron Crown|Infestation|[partiallytrapped]|[silent]
|upkeep
|turn|10
|inactive|NRU_ Blackout has 120 seconds left.
|
|t:|1779814349
|move|p1a: Hoopa|Hyperspace Fury|p2a: Iron Crown
|-supereffective|p2a: Iron Crown
|-damage|p2a: Iron Crown|0 fnt
|-unboost|p1a: Hoopa|def|1
|faint|p2a: Iron Crown
|-end|p2a: Iron Crown|Quark Drive|[silent]
|
|upkeep
|
|t:|1779814359
|switch|p2a: Staraptor|Staraptor, M, shiny|100/100
|-damage|p2a: Staraptor|76/100|[from] Stealth Rock
|turn|11
|
|t:|1779814367
|switch|p1a: Corviknight|Corviknight, M|74/100
|-ability|p1a: Corviknight|Pressure
|move|p2a: Staraptor|U-turn|p1a: Corviknight
|-resisted|p1a: Corviknight
|-damage|p1a: Corviknight|70/100
|
|t:|1779814369
|switch|p2a: Rabsca|Rabsca, M|100/100|[from] U-turn
|-damage|p2a: Rabsca|76/100|[from] Stealth Rock
|
|upkeep
|turn|12
|
|t:|1779814378
|move|p1a: Corviknight|Brave Bird|p2a: Rabsca
|-supereffective|p2a: Rabsca
|-damage|p2a: Rabsca|15/100
|-enditem|p2a: Rabsca|Sitrus Berry|[eat]
|-heal|p2a: Rabsca|39/100|[from] item: Sitrus Berry
|-damage|p1a: Corviknight|53/100|[from] Recoil
|move|p2a: Rabsca|Revival Blessing|p2a: Rabsca
|
|t:|1779814381
|-heal|p2: Iron Crown|50/100|[from] move: Revival Blessing
|
|upkeep
|turn|13
|
|t:|1779814386
|move|p1a: Corviknight|Roost|p1a: Corviknight
|-heal|p1a: Corviknight|100/100
|-singleturn|p1a: Corviknight|move: Roost
|move|p2a: Rabsca|Recover|p2a: Rabsca
|-heal|p2a: Rabsca|89/100
|
|upkeep
|turn|14
|
|t:|1779814396
|switch|p2a: Ceruledge|Ceruledge, F|100/100
|move|p1a: Corviknight|Brave Bird|p2a: Ceruledge
|-damage|p2a: Ceruledge|53/100
|-ability|p2a: Ceruledge|Weak Armor|boost
|-unboost|p2a: Ceruledge|def|1
|-boost|p2a: Ceruledge|spe|2
|-damage|p1a: Corviknight|89/100|[from] Recoil
|
|upkeep
|turn|15
|
|t:|1779814403
|move|p2a: Ceruledge|Bitter Blade|p1a: Corviknight
|-supereffective|p1a: Corviknight
|-crit|p1a: Corviknight
|-damage|p1a: Corviknight|15/100
|-heal|p2a: Ceruledge|100/100|[from] drain|[of] p1a: Corviknight
|move|p1a: Corviknight|Brave Bird|p2a: Ceruledge
|-damage|p2a: Ceruledge|30/100
|-ability|p2a: Ceruledge|Weak Armor|boost
|-unboost|p2a: Ceruledge|def|1
|-boost|p2a: Ceruledge|spe|2
|-damage|p1a: Corviknight|0 fnt|[from] Recoil
|faint|p1a: Corviknight
|
|upkeep
|
|t:|1779814418
|switch|p1a: Indeedee|Indeedee, M|100/100
|-fieldstart|move: Psychic Terrain|[from] ability: Psychic Surge|[of] p1a: Indeedee
|turn|16
|
|t:|1779814425
|switch|p1a: Garchomp|Garchomp, M|100/100
|move|p2a: Ceruledge|Destiny Bond|p2a: Ceruledge
|-singlemove|p2a: Ceruledge|Destiny Bond
|
|upkeep
|turn|17
|
|t:|1779814432
|move|p2a: Ceruledge|Endure|p2a: Ceruledge
|-singleturn|p2a: Ceruledge|move: Endure
|move|p1a: Garchomp|Dragon Tail|p2a: Ceruledge
|-activate|p2a: Ceruledge|move: Endure
|-damage|p2a: Ceruledge|1/100
|-ability|p2a: Ceruledge|Weak Armor|boost
|-unboost|p2a: Ceruledge|def|1
|-boost|p2a: Ceruledge|spe|2
|drag|p2a: Staraptor|Staraptor, M, shiny|76/100
|-damage|p2a: Staraptor|51/100|[from] Stealth Rock
|
|upkeep
|turn|18
|
|t:|1779814443
|move|p2a: Staraptor|Brave Bird|p1a: Garchomp
|-damage|p1a: Garchomp|53/100
|-damage|p2a: Staraptor|39/100|[from] ability: Rough Skin|[of] p1a: Garchomp
|-damage|p2a: Staraptor|22/100|[from] item: Rocky Helmet|[of] p1a: Garchomp
|-damage|p2a: Staraptor|1/100|[from] Recoil
|move|p1a: Garchomp|Spikes|p2a: Staraptor
|-sidestart|p2: armando estasilla|Spikes
|
|upkeep
|turn|19
|
|t:|1779814457
|move|p2a: Staraptor|Brave Bird|p1a: Garchomp
|-crit|p1a: Garchomp
|-damage|p1a: Garchomp|0 fnt
|-damage|p2a: Staraptor|0 fnt|[from] ability: Rough Skin|[of] p1a: Garchomp
|faint|p1a: Garchomp
|faint|p2a: Staraptor
|
|upkeep
|
|t:|1779814470
|switch|p2a: Ceruledge|Ceruledge, F|1/100
|switch|p1a: Hoopa|Hoopa-Unbound|55/100
|turn|20
|
|t:|1779814482
|move|p2a: Ceruledge|Endure|p2a: Ceruledge
|-singleturn|p2a: Ceruledge|move: Endure
|move|p1a: Hoopa|Hyperspace Fury|p2a: Ceruledge
|-supereffective|p2a: Ceruledge
|-activate|p2a: Ceruledge|move: Endure
|-damage|p2a: Ceruledge|1/100
|-unboost|p1a: Hoopa|def|1
|-ability|p2a: Ceruledge|Weak Armor|boost
|-unboost|p2a: Ceruledge|def|1
|-boost|p2a: Ceruledge|spe|2
|
|upkeep
|turn|21
|
|t:|1779814494
|move|p2a: Ceruledge|Bitter Blade|p1a: Hoopa
|-damage|p1a: Hoopa|0 fnt
|-heal|p2a: Ceruledge|29/100|[from] drain|[of] p1a: Hoopa
|faint|p1a: Hoopa
|
|upkeep
|
|t:|1779814498
|switch|p1a: Toxapex|Toxapex, F|84/100
|turn|22
|
|t:|1779814507
|switch|p2a: Mamoswine|Mamoswine, F|100/100
|-damage|p2a: Mamoswine|88/100|[from] Stealth Rock
|-damage|p2a: Mamoswine|76/100|[from] Spikes
|move|p1a: Toxapex|Surf|p2a: Mamoswine
|-supereffective|p2a: Mamoswine
|-damage|p2a: Mamoswine|0 fnt
|faint|p2a: Mamoswine
|
|upkeep
|
|t:|1779814513
|switch|p2a: Rabsca|Rabsca, M|89/100
|-damage|p2a: Rabsca|65/100|[from] Stealth Rock
|-damage|p2a: Rabsca|52/100|[from] Spikes
|turn|23
|
|t:|1779814521
|move|p2a: Rabsca|Psychic Noise|p1a: Toxapex
|-supereffective|p1a: Toxapex
|-damage|p1a: Toxapex|44/100
|-start|p1a: Toxapex|move: Heal Block
|move|p1a: Toxapex|Surf|p2a: Rabsca
|-damage|p2a: Rabsca|26/100
|
|-fieldend|move: Psychic Terrain
|upkeep
|turn|24
|
|t:|1779814529
|move|p2a: Rabsca|Recover|p2a: Rabsca
|-heal|p2a: Rabsca|76/100
|move|p1a: Toxapex|Surf|p2a: Rabsca
|-damage|p2a: Rabsca|49/100
|
|-end|p1a: Toxapex|move: Heal Block
|upkeep
|turn|25
|
|t:|1779814532
|move|p2a: Rabsca|Psychic Noise|p1a: Toxapex
|-supereffective|p1a: Toxapex
|-damage|p1a: Toxapex|12/100
|-start|p1a: Toxapex|move: Heal Block
|move|p1a: Toxapex|Infestation|p2a: Rabsca
|-supereffective|p2a: Rabsca
|-damage|p2a: Rabsca|39/100
|-activate|p2a: Rabsca|move: Infestation|[of] p1a: Toxapex
|
|-damage|p2a: Rabsca|27/100|[from] move: Infestation|[partiallytrapped]
|upkeep
|turn|26
|
|t:|1779814537
|move|p2a: Rabsca|Psychic Noise|p1a: Toxapex
|-supereffective|p1a: Toxapex
|-damage|p1a: Toxapex|0 fnt
|faint|p1a: Toxapex
|
|-end|p2a: Rabsca|Infestation|[partiallytrapped]|[silent]
|upkeep
|
|t:|1779814539
|switch|p1a: Indeedee|Indeedee, M|100/100
|-fieldstart|move: Psychic Terrain|[from] ability: Psychic Surge|[of] p1a: Indeedee
|turn|27
|
|t:|1779814559
|move|p1a: Indeedee|Expanding Force|p2a: Rabsca
|-resisted|p2a: Rabsca
|-damage|p2a: Rabsca|0 fnt
|faint|p2a: Rabsca
|
|upkeep
|
|t:|1779814565
|switch|p2a: Alomomola|Alomomola, F|80/100
|-damage|p2a: Alomomola|68/100|[from] Stealth Rock
|-damage|p2a: Alomomola|56/100|[from] Spikes
|turn|28
|
|t:|1779814572
|move|p1a: Indeedee|Expanding Force|p2a: Alomomola
|-crit|p2a: Alomomola
|-damage|p2a: Alomomola|6/100
|move|p2a: Alomomola|Mirror Coat|p1a: Indeedee
|-damage|p1a: Indeedee|0 fnt
|faint|p1a: Indeedee
|
|upkeep
|
|t:|1779814583
|switch|p1a: Iron Valiant|Iron Valiant|100/100
|-enditem|p1a: Iron Valiant|Booster Energy
|-activate|p1a: Iron Valiant|ability: Quark Drive|[fromitem]
|-start|p1a: Iron Valiant|quarkdrivespe
|turn|29
|
|t:|1779814591
|move|p1a: Iron Valiant|Swords Dance|p1a: Iron Valiant
|-boost|p1a: Iron Valiant|atk|2
|move|p2a: Alomomola|Play Rough|p1a: Iron Valiant
|-supereffective|p1a: Iron Valiant
|-crit|p1a: Iron Valiant
|-damage|p1a: Iron Valiant|39/100
|
|upkeep
|turn|30
|
|t:|1779814597
|move|p1a: Iron Valiant|Spirit Break|p2a: Alomomola
|-crit|p2a: Alomomola
|-damage|p2a: Alomomola|0 fnt
|faint|p2a: Alomomola
|
|upkeep
|
|t:|1779814600
|switch|p2a: Ceruledge|Ceruledge, F|29/100
|turn|31
|
|t:|1779814605
|move|p2a: Ceruledge|Endure|p2a: Ceruledge
|-singleturn|p2a: Ceruledge|move: Endure
|move|p1a: Iron Valiant|Psycho Cut|p2a: Ceruledge
|-activate|p2a: Ceruledge|move: Endure
|-damage|p2a: Ceruledge|1/100
|-ability|p2a: Ceruledge|Weak Armor|boost
|-unboost|p2a: Ceruledge|def|1
|-boost|p2a: Ceruledge|spe|2
|
|upkeep
|turn|32
|
|t:|1779814613
|move|p2a: Ceruledge|Destiny Bond|p2a: Ceruledge
|-singlemove|p2a: Ceruledge|Destiny Bond
|move|p1a: Iron Valiant|Psycho Cut|p2a: Ceruledge
|-damage|p2a: Ceruledge|0 fnt
|faint|p2a: Ceruledge
|-activate|p2a: Ceruledge|move: Destiny Bond
|faint|p1a: Iron Valiant
|-end|p1a: Iron Valiant|Quark Drive|[silent]
|
|win|armando estasilla
|raw|NRU_ Blackout's rating: 1352 &rarr; <strong>1333</strong><br />(-19 for losing)
|raw|armando estasilla's rating: 1363 &rarr; <strong>1382</strong><br />(+19 for winning)
|l|☆armando estasilla
|player|p2|
