|j|☆a2533540231
|j|☆pikaragedd
|t:|1779969286
|gametype|singles
|player|p1|a2533540231|1|1333
|player|p2|pikaragedd|169|1394
|gen|9
|tier|[Gen 9] OU
|rated|
|rule|HP Percentage Mod: HP is shown in percentages
|rule|Endless Battle Clause: Forcing endless battles is banned
|rule|Species Clause: Limit one of each Pokémon
|rule|OHKO Clause: OHKO moves are banned
|rule|Evasion Items Clause: Evasion items are banned
|rule|Evasion Moves Clause: Evasion moves are banned
|rule|Evasion Abilities Clause: Evasion abilities are banned
|rule|Sleep Moves Clause: Sleep-inducing moves are banned
|clearpoke
|poke|p1|Alomomola, F|
|poke|p1|Zapdos|
|poke|p1|Ogerpon-Wellspring, F|
|poke|p1|Landorus-Therian, M|
|poke|p1|Weezing-Galar, F|
|poke|p1|Kyurem|
|poke|p2|Tyranitar, M|
|poke|p2|Cinderace, F|
|poke|p2|Lokix, F|
|poke|p2|Latios, M|
|poke|p2|Magnezone|
|poke|p2|Alomomola, M|
|teampreview
|inactive|Battle timer is ON: inactive players will automatically lose when time's up. (requested by pikaragedd)
|
|t:|1779969303
|teamsize|p1|6
|teamsize|p2|6
|start
|switch|p1a: Landorus|Landorus-Therian, M|100/100
|switch|p2a: Latios|Latios, M|100/100
|-ability|p1a: Landorus|Intimidate|boost
|-unboost|p2a: Latios|atk|1
|turn|1
|
|t:|1779969310
|move|p2a: Latios|Ice Beam|p1a: Landorus
|-supereffective|p1a: Landorus
|-damage|p1a: Landorus|0 fnt
|faint|p1a: Landorus
|
|upkeep
|
|t:|1779969317
|switch|p1a: Ogerpon|Ogerpon-Wellspring, F|100/100
|turn|2
|inactive|pikaragedd has 120 seconds left.
|
|t:|1779969347
|switch|p2a: Cinderace|Cinderace, F|100/100
|-terastallize|p1a: Ogerpon|Water
|detailschange|p1a: Ogerpon|Ogerpon-Wellspring-Tera, F, tera:Water
|-ability|p1a: Ogerpon|Embody Aspect (Wellspring)|boost
|-boost|p1a: Ogerpon|spd|1
|move|p1a: Ogerpon|Knock Off|p2a: Cinderace
|-damage|p2a: Cinderace|54/100
|-enditem|p2a: Cinderace|Heavy-Duty Boots|[from] move: Knock Off|[of] p1a: Ogerpon
|
|upkeep
|turn|3
|inactive|pikaragedd has 120 seconds left.
|
|t:|1779969372
|move|p2a: Cinderace|Will-O-Wisp|p1a: Ogerpon|[miss]
|-miss|p2a: Cinderace|p1a: Ogerpon
|move|p1a: Ogerpon|Ivy Cudgel|p2a: Cinderace|[anim] Ivy Cudgel Water
|-supereffective|p2a: Cinderace
|-damage|p2a: Cinderace|0 fnt
|faint|p2a: Cinderace
|
|upkeep
|
|t:|1779969392
|switch|p2a: Alomomola|Alomomola, M|100/100
|turn|4
|
|t:|1779969400
|move|p1a: Ogerpon|Swords Dance|p1a: Ogerpon
|-boost|p1a: Ogerpon|atk|2
|move|p2a: Alomomola|Flip Turn|p1a: Ogerpon
|-resisted|p1a: Ogerpon
|-damage|p1a: Ogerpon|90/100
|
|t:|1779969409
|switch|p2a: Lokix|Lokix, F|100/100|[from] Flip Turn
|
|upkeep
|turn|5
|
|t:|1779969427
|switch|p1a: Zapdos|Zapdos|100/100
|-terastallize|p2a: Lokix|Dark
|move|p2a: Lokix|Sucker Punch||[still]
|-fail|p2a: Lokix
|
|upkeep
|turn|6
|
|t:|1779969439
|switch|p2a: Latios|Latios, M|100/100
|move|p1a: Zapdos|Volt Switch|p2a: Latios
|-resisted|p2a: Latios
|-damage|p2a: Latios|87/100
|
|t:|1779969447
|switch|p1a: Ogerpon|Ogerpon-Wellspring-Tera, F, tera:Water|90/100|[from] Volt Switch
|-ability|p1a: Ogerpon|Embody Aspect (Wellspring)|boost
|-boost|p1a: Ogerpon|spd|1
|
|upkeep
|turn|7
|
|t:|1779969461
|switch|p2a: Alomomola|Alomomola, M|100/100
|move|p1a: Ogerpon|Knock Off|p2a: Alomomola
|-damage|p2a: Alomomola|81/100
|-damage|p1a: Ogerpon|73/100|[from] item: Rocky Helmet|[of] p2a: Alomomola
|-enditem|p2a: Alomomola|Rocky Helmet|[from] move: Knock Off|[of] p1a: Ogerpon
|
|upkeep
|turn|8
|
|t:|1779969472
|move|p1a: Ogerpon|Horn Leech|p2a: Alomomola
|-supereffective|p2a: Alomomola
|-damage|p2a: Alomomola|37/100
|-heal|p1a: Ogerpon|100/100|[from] drain|[of] p2a: Alomomola
|move|p2a: Alomomola|Flip Turn|p1a: Ogerpon
|-resisted|p1a: Ogerpon
|-damage|p1a: Ogerpon|90/100
|
|t:|1779969487
|switch|p2a: Latios|Latios, M|87/100|[from] Flip Turn
|
|upkeep
|turn|9
|
|t:|1779969494
|move|p2a: Latios|Draco Meteor|p1a: Ogerpon
|-damage|p1a: Ogerpon|31/100
|-unboost|p2a: Latios|spa|2
|move|p1a: Ogerpon|Knock Off|p2a: Latios
|-supereffective|p2a: Latios
|-crit|p2a: Latios
|-damage|p2a: Latios|0 fnt
|-enditem|p2a: Latios|Choice Scarf|[from] move: Knock Off|[of] p1a: Ogerpon
|faint|p2a: Latios
|
|upkeep
|
|t:|1779969505
|switch|p2a: Lokix|Lokix, F, tera:Dark|100/100
|turn|10
|inactive|pikaragedd has 90 seconds left.
|
|t:|1779969533
|switch|p1a: Zapdos|Zapdos|100/100
|switch|p2a: Magnezone|Magnezone|100/100
|
|upkeep
|turn|11
|
|t:|1779969543
|move|p1a: Zapdos|Hurricane|p2a: Magnezone|[miss]
|-miss|p1a: Zapdos|p2a: Magnezone
|move|p2a: Magnezone|Volt Switch|p1a: Zapdos
|-damage|p1a: Zapdos|64/100
|
|t:|1779969550
|switch|p2a: Tyranitar|Tyranitar, M|100/100|[from] Volt Switch
|-weather|Sandstorm|[from] ability: Sand Stream|[of] p2a: Tyranitar
|
|-weather|Sandstorm|[upkeep]
|-damage|p1a: Zapdos|58/100|[from] Sandstorm
|upkeep
|turn|12
|
|t:|1779969565
|switch|p1a: Alomomola|Alomomola, F, shiny|100/100
|move|p2a: Tyranitar|Knock Off|p1a: Alomomola
|-damage|p1a: Alomomola|56/100
|-enditem|p1a: Alomomola|Lagging Tail|[from] move: Knock Off|[of] p2a: Tyranitar
|
|-weather|Sandstorm|[upkeep]
|-damage|p1a: Alomomola|50/100|[from] Sandstorm
|upkeep
|turn|13
|
|t:|1779969574
|move|p2a: Tyranitar|Stone Edge|p1a: Alomomola
|-damage|p1a: Alomomola|3/100
|move|p1a: Alomomola|Flip Turn|p2a: Tyranitar
|-supereffective|p2a: Tyranitar
|-damage|p2a: Tyranitar|69/100
|
|t:|1779969582
|switch|p1a: Ogerpon|Ogerpon-Wellspring-Tera, F, tera:Water|31/100|[from] Flip Turn
|-ability|p1a: Ogerpon|Embody Aspect (Wellspring)|boost
|-boost|p1a: Ogerpon|spd|1
|
|-weather|Sandstorm|[upkeep]
|-damage|p1a: Ogerpon|25/100|[from] Sandstorm
|upkeep
|turn|14
|
|t:|1779969593
|switch|p2a: Alomomola|Alomomola, M|70/100
|move|p1a: Ogerpon|Ivy Cudgel|p2a: Alomomola|[anim] Ivy Cudgel Water
|-resisted|p2a: Alomomola
|-damage|p2a: Alomomola|49/100
|
|-weather|Sandstorm|[upkeep]
|-damage|p1a: Ogerpon|19/100|[from] Sandstorm
|-damage|p2a: Alomomola|43/100|[from] Sandstorm
|upkeep
|turn|15
|
|t:|1779969602
|move|p1a: Ogerpon|Horn Leech|p2a: Alomomola
|-supereffective|p2a: Alomomola
|-damage|p2a: Alomomola|0 fnt
|-heal|p1a: Ogerpon|56/100|[from] drain|[of] p2a: Alomomola
|faint|p2a: Alomomola
|
|-weather|none
|upkeep
|
|t:|1779969616
|switch|p2a: Lokix|Lokix, F, tera:Dark|100/100
|turn|16
|
|t:|1779969635
|switch|p1a: Zapdos|Zapdos|58/100
|move|p2a: Lokix|First Impression|p1a: Zapdos
|-resisted|p1a: Zapdos
|-damage|p1a: Zapdos|18/100
|-damage|p2a: Lokix|84/100|[from] item: Rocky Helmet|[of] p1a: Zapdos
|-damage|p2a: Lokix|74/100|[from] item: Life Orb
|
|upkeep
|turn|17
|
|t:|1779969647
|move|p2a: Lokix|Knock Off|p1a: Zapdos
|-damage|p1a: Zapdos|0 fnt
|-damage|p2a: Lokix|58/100|[from] item: Rocky Helmet|[of] p1a: Zapdos
|-enditem|p1a: Zapdos|Rocky Helmet|[from] move: Knock Off|[of] p2a: Lokix
|faint|p1a: Zapdos
|-damage|p2a: Lokix|48/100|[from] item: Life Orb
|
|upkeep
|
|t:|1779969667
|switch|p1a: Kyurem|Kyurem|100/100
|-ability|p1a: Kyurem|Pressure
|turn|18
|
|t:|1779969678
|switch|p2a: Tyranitar|Tyranitar, M|69/100
|-weather|Sandstorm|[from] ability: Sand Stream|[of] p2a: Tyranitar
|move|p1a: Kyurem|Freeze-Dry|p2a: Tyranitar
|-damage|p2a: Tyranitar|45/100
|-status|p2a: Tyranitar|frz
|
|-weather|Sandstorm|[upkeep]
|-damage|p1a: Kyurem|94/100|[from] Sandstorm
|upkeep
|turn|19
|
|t:|1779969692
|move|p1a: Kyurem|Freeze-Dry|p2a: Tyranitar
|-damage|p2a: Tyranitar|23/100 frz
|cant|p2a: Tyranitar|frz
|
|-weather|Sandstorm|[upkeep]
|-damage|p1a: Kyurem|88/100|[from] Sandstorm
|upkeep
|turn|20
|
|t:|1779969700
|move|p1a: Kyurem|Freeze-Dry|p2a: Tyranitar
|-damage|p2a: Tyranitar|0 fnt
|faint|p2a: Tyranitar
|
|-weather|Sandstorm|[upkeep]
|-damage|p1a: Kyurem|82/100|[from] Sandstorm
|upkeep
|
|t:|1779969707
|switch|p2a: Magnezone|Magnezone|100/100
|turn|21
|inactive|pikaragedd has 120 seconds left.
|
|t:|1779969725
|switch|p1a: Weezing|Weezing-Galar, F|100/100
|-ability|p1a: Weezing|Neutralizing Gas
|move|p2a: Magnezone|Flash Cannon|p1a: Weezing
|-supereffective|p1a: Weezing
|-damage|p1a: Weezing|0 fnt
|faint|p1a: Weezing
|-end|p1a: Weezing|ability: Neutralizing Gas
|
|-weather|Sandstorm|[upkeep]
|upkeep
|
|t:|1779969748
|switch|p1a: Kyurem|Kyurem|82/100
|-ability|p1a: Kyurem|Pressure
|turn|22
|inactive|pikaragedd has 120 seconds left.
|
|t:|1779969758
|move|p1a: Kyurem|Draco Meteor|p2a: Magnezone
|-resisted|p2a: Magnezone
|-damage|p2a: Magnezone|40/100
|-unboost|p1a: Kyurem|spa|2
|move|p2a: Magnezone|Flash Cannon|p1a: Kyurem
|-supereffective|p1a: Kyurem
|-damage|p1a: Kyurem|0 fnt
|faint|p1a: Kyurem
|
|-weather|none
|upkeep
|
|t:|1779969762
|switch|p1a: Ogerpon|Ogerpon-Wellspring-Tera, F, tera:Water|56/100
|-ability|p1a: Ogerpon|Embody Aspect (Wellspring)|boost
|-boost|p1a: Ogerpon|spd|1
|turn|23
|
|t:|1779969772
|move|p1a: Ogerpon|Ivy Cudgel|p2a: Magnezone|[anim] Ivy Cudgel Water
|-damage|p2a: Magnezone|0 fnt
|faint|p2a: Magnezone
|
|upkeep
|
|t:|1779969777
|switch|p2a: Lokix|Lokix, F, tera:Dark|48/100
|turn|24
|
|t:|1779969782
|switch|p1a: Alomomola|Alomomola, F, shiny|36/100
|move|p2a: Lokix|First Impression|p1a: Alomomola
|-damage|p1a: Alomomola|0 fnt
|faint|p1a: Alomomola
|-damage|p2a: Lokix|38/100|[from] item: Life Orb
|
|upkeep
|
|t:|1779969787
|switch|p1a: Ogerpon|Ogerpon-Wellspring-Tera, F, tera:Water|56/100
|-ability|p1a: Ogerpon|Embody Aspect (Wellspring)|boost
|-boost|p1a: Ogerpon|spd|1
|turn|25
|
|t:|1779969796
|move|p2a: Lokix|Sucker Punch|p1a: Ogerpon
|-damage|p1a: Ogerpon|0 fnt
|faint|p1a: Ogerpon
|detailschange|p1: Ogerpon|Ogerpon-Wellspring, F|[silent]
|-damage|p2a: Lokix|28/100|[from] item: Life Orb
|
|win|pikaragedd
|raw|a2533540231's rating: 1333 &rarr; <strong>1316</strong><br />(-17 for losing)
|raw|pikaragedd's rating: 1394 &rarr; <strong>1411</strong><br />(+17 for winning)
