|j|☆XanderMans
|j|☆nwalesu
|t:|1779873275
|gametype|singles
|player|p1|XanderMans|hilda|1541
|player|p2|nwalesu|pokemaniac|1482
|gen|9
|tier|[Gen 9] OU
|rated|
|rule|HP Percentage Mod: HP is shown in percentages
|rule|Endless Battle Clause: Forcing endless battles is banned
|rule|Species Clause: Limit one of each Pokémon
|rule|OHKO Clause: OHKO moves are banned
|rule|Evasion Items Clause: Evasion items are banned
|rule|Evasion Moves Clause: Evasion moves are banned
|rule|Evasion Abilities Clause: Evasion abilities are banned
|rule|Sleep Moves Clause: Sleep-inducing moves are banned
|clearpoke
|poke|p1|Weezing-Galar, M|
|poke|p1|Ogerpon, F|
|poke|p1|Skarmory, M|
|poke|p1|Alomomola, M|
|poke|p1|Clodsire, M|
|poke|p1|Hydreigon, M|
|poke|p2|Dragapult, F|
|poke|p2|Rotom-Heat|
|poke|p2|Clodsire, M|
|poke|p2|Mandibuzz, F|
|poke|p2|Dragonite, F|
|poke|p2|Iron Valiant|
|teampreview
|inactive|Battle timer is ON: inactive players will automatically lose when time's up. (requested by XanderMans)
|inactive|nwalesu also wants the timer to be on.
|
|t:|1779873291
|teamsize|p1|6
|teamsize|p2|6
|start
|switch|p1a: Alomomola|Alomomola, M, shiny|100/100
|switch|p2a: Cookie maker|Rotom-Heat|100/100
|turn|1
|inactive|nwalesu has 120 seconds left.
|
|t:|1779873322
|move|p2a: Cookie maker|Nasty Plot|p2a: Cookie maker
|-boost|p2a: Cookie maker|spa|2
|move|p1a: Alomomola|Mirror Coat||[still]
|-fail|p1a: Alomomola
|
|upkeep
|turn|2
|
|t:|1779873330
|move|p2a: Cookie maker|Nasty Plot|p2a: Cookie maker
|-boost|p2a: Cookie maker|spa|2
|move|p1a: Alomomola|Mirror Coat||[still]
|-fail|p1a: Alomomola
|
|upkeep
|turn|3
|
|t:|1779873342
|move|p2a: Cookie maker|Pain Split|p1a: Alomomola
|-sethp|p1a: Alomomola|75/100|[from] move: Pain Split|[silent]
|-sethp|p2a: Cookie maker|100/100|[from] move: Pain Split
|move|p1a: Alomomola|Mirror Coat||[still]
|-fail|p1a: Alomomola
|
|upkeep
|turn|4
|
|t:|1779873352
|move|p2a: Cookie maker|Discharge|p1a: Alomomola
|-supereffective|p1a: Alomomola
|-damage|p1a: Alomomola|0 fnt
|faint|p1a: Alomomola
|
|upkeep
|
|t:|1779873364
|switch|p1a: Hydreigon|Hydreigon, M, shiny|100/100
|turn|5
|
|t:|1779873380
|switch|p2a: Clodsire|Clodsire, M|100/100
|move|p1a: Hydreigon|Draco Meteor|p2a: Clodsire
|-damage|p2a: Clodsire|51/100
|-unboost|p1a: Hydreigon|spa|2
|
|-heal|p2a: Clodsire|57/100|[from] item: Leftovers
|upkeep
|turn|6
|
|t:|1779873397
|switch|p1a: Weezing|Weezing-Galar, M, shiny|100/100
|-ability|p1a: Weezing|Neutralizing Gas
|move|p2a: Clodsire|Recover|p2a: Clodsire
|-heal|p2a: Clodsire|100/100
|
|upkeep
|turn|7
|
|t:|1779873410
|move|p1a: Weezing|Will-O-Wisp|p2a: Clodsire
|-status|p2a: Clodsire|brn
|move|p2a: Clodsire|Stealth Rock|p1a: Weezing
|-sidestart|p1: XanderMans|move: Stealth Rock
|
|-damage|p2a: Clodsire|94/100 brn|[from] brn
|upkeep
|turn|8
|
|t:|1779873432
|switch|p2a: Cookie maker|Rotom-Heat|100/100
|move|p1a: Weezing|Defog|p2a: Cookie maker
|-unboost|p2a: Cookie maker|evasion|1
|-sideend|p1: XanderMans|Stealth Rock|[from] move: Defog|[of] p1a: Weezing
|
|upkeep
|turn|9
|
|t:|1779873439
|-end|p1a: Weezing|ability: Neutralizing Gas
|switch|p1a: Clodsire|Clodsire, M, shiny|100/100
|move|p2a: Cookie maker|Nasty Plot|p2a: Cookie maker
|-boost|p2a: Cookie maker|spa|2
|
|upkeep
|turn|10
|inactive|nwalesu has 120 seconds left.
|
|t:|1779873473
|switch|p2a: Clodsire|Clodsire, M|94/100 brn
|move|p1a: Clodsire|Toxic||[still]
|-fail|p1a: Clodsire
|
|-heal|p2a: Clodsire|100/100 brn|[from] item: Leftovers
|-damage|p2a: Clodsire|94/100 brn|[from] brn
|upkeep
|turn|11
|
|t:|1779873480
|switch|p1a: Hydreigon|Hydreigon, M, shiny|100/100
|move|p2a: Clodsire|Stealth Rock|p1a: Hydreigon
|-sidestart|p1: XanderMans|move: Stealth Rock
|
|-heal|p2a: Clodsire|100/100 brn|[from] item: Leftovers
|-damage|p2a: Clodsire|94/100 brn|[from] brn
|upkeep
|turn|12
|inactive|nwalesu has 120 seconds left.
|
|t:|1779873496
|switch|p2a: Cookie maker|Rotom-Heat|100/100
|move|p1a: Hydreigon|Flash Cannon|p2a: Cookie maker
|-resisted|p2a: Cookie maker
|-damage|p2a: Cookie maker|89/100
|
|upkeep
|turn|13
|
|t:|1779873503
|switch|p1a: Clodsire|Clodsire, M, shiny|100/100
|-damage|p1a: Clodsire|94/100|[from] Stealth Rock
|move|p2a: Cookie maker|Overheat|p1a: Clodsire|[miss]
|-miss|p2a: Cookie maker|p1a: Clodsire
|
|upkeep
|turn|14
|
|t:|1779873513
|switch|p2a: Dragonite|Dragonite, F|100/100
|move|p1a: Clodsire|Earthquake|p2a: Dragonite
|-immune|p2a: Dragonite
|
|upkeep
|turn|15
|
|t:|1779873521
|move|p2a: Dragonite|Dragon Dance|p2a: Dragonite
|-boost|p2a: Dragonite|atk|1
|-boost|p2a: Dragonite|spe|1
|move|p1a: Clodsire|Toxic|p2a: Dragonite
|-status|p2a: Dragonite|tox
|
|-damage|p2a: Dragonite|94/100 tox|[from] psn
|upkeep
|turn|16
|
|t:|1779873549
|move|p2a: Dragonite|Earthquake|p1a: Clodsire
|-supereffective|p1a: Clodsire
|-damage|p1a: Clodsire|5/100
|move|p1a: Clodsire|Stealth Rock|p2a: Dragonite
|-sidestart|p2: nwalesu|move: Stealth Rock
|
|-damage|p2a: Dragonite|82/100 tox|[from] psn
|upkeep
|turn|17
|
|t:|1779873557
|switch|p1a: Skarmory|Skarmory, M, shiny|100/100
|-damage|p1a: Skarmory|88/100|[from] Stealth Rock
|move|p2a: Dragonite|Fire Punch|p1a: Skarmory
|-supereffective|p1a: Skarmory
|-damage|p1a: Skarmory|31/100
|-damage|p2a: Dragonite|66/100 tox|[from] item: Rocky Helmet|[of] p1a: Skarmory
|
|-damage|p2a: Dragonite|47/100 tox|[from] psn
|upkeep
|turn|18
|
|t:|1779873568
|move|p2a: Dragonite|Fire Punch|p1a: Skarmory
|-supereffective|p1a: Skarmory
|-damage|p1a: Skarmory|0 fnt
|-damage|p2a: Dragonite|31/100 tox|[from] item: Rocky Helmet|[of] p1a: Skarmory
|faint|p1a: Skarmory
|
|-damage|p2a: Dragonite|6/100 tox|[from] psn
|upkeep
|
|t:|1779873577
|switch|p1a: Weezing|Weezing-Galar, M, shiny|100/100
|-ability|p1a: Weezing|Neutralizing Gas
|turn|19
|
|t:|1779873581
|move|p2a: Dragonite|Earthquake|p1a: Weezing
|-supereffective|p1a: Weezing
|-damage|p1a: Weezing|19/100
|move|p1a: Weezing|Defog|p2a: Dragonite
|-unboost|p2a: Dragonite|evasion|1
|-sideend|p2: nwalesu|Stealth Rock|[from] move: Defog|[of] p1a: Weezing
|-sideend|p1: XanderMans|Stealth Rock|[from] move: Defog|[of] p1a: Weezing
|
|-damage|p2a: Dragonite|0 fnt|[from] psn
|faint|p2a: Dragonite
|upkeep
|
|t:|1779873591
|switch|p2a: Iron Valiant|Iron Valiant|100/100
|turn|20
|
|t:|1779873626
|move|p2a: Iron Valiant|Calm Mind|p2a: Iron Valiant
|-boost|p2a: Iron Valiant|spa|1
|-boost|p2a: Iron Valiant|spd|1
|move|p1a: Weezing|Will-O-Wisp|p2a: Iron Valiant
|-status|p2a: Iron Valiant|brn
|
|-damage|p2a: Iron Valiant|94/100 brn|[from] brn
|upkeep
|turn|21
|
|t:|1779873634
|move|p2a: Iron Valiant|Shadow Ball|p1a: Weezing
|-damage|p1a: Weezing|0 fnt
|faint|p1a: Weezing
|-end|p1a: Weezing|ability: Neutralizing Gas
|-enditem|p2a: Iron Valiant|Booster Energy
|-activate|p2a: Iron Valiant|ability: Quark Drive|[fromitem]
|-start|p2a: Iron Valiant|quarkdrivespa
|
|-damage|p2a: Iron Valiant|88/100 brn|[from] brn
|upkeep
|
|t:|1779873652
|switch|p1a: Hydreigon|Hydreigon, M, shiny|100/100
|turn|22
|
|t:|1779873657
|-end|p2a: Iron Valiant|Quark Drive|[silent]
|switch|p2a: Cookie maker|Rotom-Heat|89/100
|-terastallize|p1a: Hydreigon|Steel
|move|p1a: Hydreigon|Flash Cannon|p2a: Cookie maker
|-resisted|p2a: Cookie maker
|-damage|p2a: Cookie maker|74/100
|
|upkeep
|turn|23
|
|t:|1779873663
|switch|p1a: Clodsire|Clodsire, M, shiny|5/100
|move|p2a: Cookie maker|Overheat|p1a: Clodsire
|-damage|p1a: Clodsire|0 fnt
|-unboost|p2a: Cookie maker|spa|2
|faint|p1a: Clodsire
|
|upkeep
|
|t:|1779873667
|switch|p1a: Ogerpon|Ogerpon, F|100/100
|turn|24
|
|t:|1779873673
|switch|p2a: Mandibuzz|Mandibuzz, F|100/100
|move|p1a: Ogerpon|Rock Tomb|p2a: Mandibuzz
|-supereffective|p2a: Mandibuzz
|-damage|p2a: Mandibuzz|69/100
|-unboost|p2a: Mandibuzz|spe|1
|
|upkeep
|turn|25
|
|t:|1779873683
|switch|p1a: Hydreigon|Hydreigon, M, shiny, tera:Steel|100/100
|move|p2a: Mandibuzz|Foul Play|p1a: Hydreigon
|-damage|p1a: Hydreigon|67/100
|
|upkeep
|turn|26
|
|t:|1779873693
|switch|p2a: Clodsire|Clodsire, M|94/100 brn
|move|p1a: Hydreigon|Dark Pulse|p2a: Clodsire
|-damage|p2a: Clodsire|61/100 brn
|
|-heal|p2a: Clodsire|67/100 brn|[from] item: Leftovers
|-damage|p2a: Clodsire|61/100 brn|[from] brn
|upkeep
|turn|27
|
|t:|1779873700
|switch|p1a: Ogerpon|Ogerpon, F|100/100
|switch|p2a: Iron Valiant|Iron Valiant|88/100 brn
|
|-damage|p2a: Iron Valiant|82/100 brn|[from] brn
|upkeep
|turn|28
|
|t:|1779873713
|-end|p2a: Iron Valiant|Quark Drive|[silent]
|switch|p2a: Clodsire|Clodsire, M|61/100 brn
|move|p1a: Ogerpon|Ivy Cudgel|p2a: Clodsire
|-damage|p2a: Clodsire|0 fnt
|faint|p2a: Clodsire
|
|upkeep
|
|t:|1779873716
|switch|p2a: Cookie maker|Rotom-Heat|74/100
|turn|29
|
|t:|1779873721
|move|p1a: Ogerpon|Ivy Cudgel|p2a: Cookie maker
|-resisted|p2a: Cookie maker
|-damage|p2a: Cookie maker|27/100
|move|p2a: Cookie maker|Overheat|p1a: Ogerpon
|-supereffective|p1a: Ogerpon
|-crit|p1a: Ogerpon
|-damage|p1a: Ogerpon|0 fnt
|-unboost|p2a: Cookie maker|spa|2
|faint|p1a: Ogerpon
|
|upkeep
|
|t:|1779873724
|switch|p1a: Hydreigon|Hydreigon, M, shiny, tera:Steel|67/100
|turn|30
|
|t:|1779873737
|switch|p2a: Mandibuzz|Mandibuzz, F|69/100
|move|p1a: Hydreigon|Dark Pulse|p2a: Mandibuzz
|-resisted|p2a: Mandibuzz
|-damage|p2a: Mandibuzz|43/100
|
|upkeep
|turn|31
|
|t:|1779873742
|move|p1a: Hydreigon|Dark Pulse|p2a: Mandibuzz
|-resisted|p2a: Mandibuzz
|-damage|p2a: Mandibuzz|19/100
|cant|p2a: Mandibuzz|flinch
|
|upkeep
|turn|32
|
|t:|1779873747
|move|p1a: Hydreigon|Dark Pulse|p2a: Mandibuzz
|-resisted|p2a: Mandibuzz
|-damage|p2a: Mandibuzz|0 fnt
|faint|p2a: Mandibuzz
|
|upkeep
|
|t:|1779873756
|switch|p2a: Iron Valiant|Iron Valiant|82/100 brn
|turn|33
|
|t:|1779873758
|move|p2a: Iron Valiant|Close Combat|p1a: Hydreigon
|-supereffective|p1a: Hydreigon
|-damage|p1a: Hydreigon|7/100
|-unboost|p2a: Iron Valiant|def|1
|-unboost|p2a: Iron Valiant|spd|1
|move|p1a: Hydreigon|Dark Pulse|p2a: Iron Valiant
|-resisted|p2a: Iron Valiant
|-damage|p2a: Iron Valiant|42/100 brn
|
|-damage|p2a: Iron Valiant|36/100 brn|[from] brn
|upkeep
|turn|34
|
|t:|1779873765
|move|p2a: Iron Valiant|Close Combat|p1a: Hydreigon
|-supereffective|p1a: Hydreigon
|-damage|p1a: Hydreigon|0 fnt
|-unboost|p2a: Iron Valiant|def|1
|-unboost|p2a: Iron Valiant|spd|1
|faint|p1a: Hydreigon
|
|win|nwalesu
|raw|XanderMans's rating: 1541 &rarr; <strong>1516</strong><br />(-25 for losing)
|raw|nwalesu's rating: 1459 &rarr; <strong>1484</strong><br />(+25 for winning)
|l|☆XanderMans
|player|p1|
|l|☆nwalesu
|player|p2|
