|j|☆ilikefries
|j|☆sargentomichoo
|t:|1779875340
|gametype|singles
|player|p1|ilikefries|1|1186
|player|p2|sargentomichoo|170|1132
|gen|9
|tier|[Gen 9] OU
|rated|
|rule|HP Percentage Mod: HP is shown in percentages
|rule|Endless Battle Clause: Forcing endless battles is banned
|rule|Species Clause: Limit one of each Pokémon
|rule|OHKO Clause: OHKO moves are banned
|rule|Evasion Items Clause: Evasion items are banned
|rule|Evasion Moves Clause: Evasion moves are banned
|rule|Evasion Abilities Clause: Evasion abilities are banned
|rule|Sleep Moves Clause: Sleep-inducing moves are banned
|clearpoke
|poke|p1|Hoopa|
|poke|p1|Cinderace, M|
|poke|p1|Mandibuzz, F|
|poke|p1|Kyurem|
|poke|p1|Ting-Lu|
|poke|p1|Manaphy|
|poke|p2|Meganium, F|
|poke|p2|Skeledirge, M|
|poke|p2|Glimmora, M|
|poke|p2|Conkeldurr, F|
|poke|p2|Cottonee, L3, F|
|poke|p2|Torterra, M|
|teampreview
|inactive|Battle timer is ON: inactive players will automatically lose when time's up. (requested by ilikefries)
|
|t:|1779875353
|teamsize|p1|6
|teamsize|p2|6
|start
|switch|p1a: Mandibuzz|Mandibuzz, F, shiny|100/100
|switch|p2a: Glimmora|Glimmora, M|100/100
|turn|1
|
|t:|1779875361
|switch|p1a: Ting-Lucifer|Ting-Lu|100/100
|-ability|p1a: Ting-Lucifer|Vessel of Ruin
|move|p2a: Glimmora|Power Gem|p1a: Ting-Lucifer
|-resisted|p1a: Ting-Lucifer
|-damage|p1a: Ting-Lucifer|88/100
|
|upkeep
|turn|2
|
|t:|1779875369
|switch|p2a: Torterra|Torterra, M|100/100
|move|p1a: Ting-Lucifer|Earthquake|p2a: Torterra
|-resisted|p2a: Torterra
|-damage|p2a: Torterra|71/100
|
|upkeep
|turn|3
|
|t:|1779875376
|move|p2a: Torterra|Shell Smash|p2a: Torterra
|-unboost|p2a: Torterra|def|1
|-unboost|p2a: Torterra|spd|1
|-boost|p2a: Torterra|atk|2
|-boost|p2a: Torterra|spa|2
|-boost|p2a: Torterra|spe|2
|-enditem|p2a: Torterra|White Herb
|-clearnegativeboost|p2a: Torterra|[silent]
|move|p1a: Ting-Lucifer|Heavy Slam|p2a: Torterra
|-damage|p2a: Torterra|48/100
|
|upkeep
|turn|4
|
|t:|1779875386
|switch|p1a: Mandibuzz|Mandibuzz, F, shiny|100/100
|move|p2a: Torterra|Giga Drain|p1a: Mandibuzz
|-resisted|p1a: Mandibuzz
|-damage|p1a: Mandibuzz|81/100
|-heal|p2a: Torterra|60/100|[from] drain|[of] p1a: Mandibuzz
|
|upkeep
|turn|5
|
|t:|1779875394
|move|p2a: Torterra|Rock Slide|p1a: Mandibuzz
|-supereffective|p1a: Mandibuzz
|-crit|p1a: Mandibuzz
|-damage|p1a: Mandibuzz|0 fnt
|faint|p1a: Mandibuzz
|
|upkeep
|
|t:|1779875409
|switch|p1a: Kyurem|Kyurem|100/100
|-ability|p1a: Kyurem|Pressure
|turn|6
|
|t:|1779875418
|-terastallize|p1a: Kyurem|Ground
|move|p1a: Kyurem|Ice Beam|p2a: Torterra
|-supereffective|p2a: Torterra
|-damage|p2a: Torterra|0 fnt
|faint|p2a: Torterra
|
|upkeep
|
|t:|1779875433
|switch|p2a: Glimmora|Glimmora, M|100/100
|turn|7
|
|t:|1779875441
|switch|p1a: Ting-Lucifer|Ting-Lu|88/100
|-ability|p1a: Ting-Lucifer|Vessel of Ruin
|move|p2a: Glimmora|Energy Ball|p1a: Ting-Lucifer
|-supereffective|p1a: Ting-Lucifer
|-damage|p1a: Ting-Lucifer|52/100
|-enditem|p1a: Ting-Lucifer|Weakness Policy
|-boost|p1a: Ting-Lucifer|atk|2|[from] item: Weakness Policy
|-boost|p1a: Ting-Lucifer|spa|2|[from] item: Weakness Policy
|
|upkeep
|turn|8
|
|t:|1779875453
|-terastallize|p2a: Glimmora|Grass
|move|p2a: Glimmora|Energy Ball|p1a: Ting-Lucifer
|-supereffective|p1a: Ting-Lucifer
|-damage|p1a: Ting-Lucifer|0 fnt
|faint|p1a: Ting-Lucifer
|
|upkeep
|
|t:|1779875459
|switch|p1a: Cinderace|Cinderace, M|100/100
|turn|9
|
|t:|1779875466
|move|p2a: Glimmora|Energy Ball|p1a: Cinderace
|-resisted|p1a: Cinderace
|-damage|p1a: Cinderace|63/100
|move|p1a: Cinderace|Pyro Ball|p2a: Glimmora
|-supereffective|p2a: Glimmora
|-damage|p2a: Glimmora|0 fnt
|-activate|p2a: Glimmora|ability: Toxic Debris
|-sidestart|p1: ilikefries|move: Toxic Spikes
|faint|p2a: Glimmora
|
|upkeep
|
|t:|1779875481
|switch|p2a: Cottonee|Cottonee, L3, F|100/100
|turn|10
|
|t:|1779875484
|move|p2a: Cottonee|Leech Seed|p1a: Cinderace
|-start|p1a: Cinderace|move: Leech Seed
|move|p1a: Cinderace|U-turn|p2a: Cottonee
|-start|p1a: Cinderace|typechange|Bug|[from] ability: Libero
|-enditem|p2a: Cottonee|Focus Sash
|-damage|p2a: Cottonee|6/100
|
|t:|1779875489
|switch|p1a: Hoopa|Hoopa|100/100|[from] U-turn
|-status|p1a: Hoopa|psn
|
|-damage|p1a: Hoopa|88/100 psn|[from] psn
|upkeep
|turn|11
|
|t:|1779875498
|move|p2a: Cottonee|Leech Seed|p1a: Hoopa
|-start|p1a: Hoopa|move: Leech Seed
|move|p1a: Hoopa|Shadow Ball|p2a: Cottonee
|-damage|p2a: Cottonee|0 fnt
|faint|p2a: Cottonee
|
|-damage|p1a: Hoopa|76/100 psn|[from] psn
|upkeep
|
|t:|1779875509
|switch|p2a: Meganium|Meganium, F|100/100
|turn|12
|
|t:|1779875522
|switch|p1a: Kyurem|Kyurem, tera:Ground|100/100
|-status|p1a: Kyurem|psn
|-ability|p1a: Kyurem|Pressure
|move|p2a: Meganium|Substitute|p2a: Meganium
|-start|p2a: Meganium|Substitute
|-damage|p2a: Meganium|75/100
|
|-heal|p2a: Meganium|82/100|[from] item: Leftovers
|-damage|p1a: Kyurem|88/100 psn|[from] psn
|upkeep
|turn|13
|
|t:|1779875533
|move|p2a: Meganium|Protect|p2a: Meganium
|-singleturn|p2a: Meganium|Protect
|move|p1a: Kyurem|Ice Beam|p2a: Meganium
|-activate|p2a: Meganium|move: Protect
|
|-heal|p2a: Meganium|88/100|[from] item: Leftovers
|-damage|p1a: Kyurem|76/100 psn|[from] psn
|upkeep
|turn|14
|
|t:|1779875543
|move|p1a: Kyurem|Ice Beam|p2a: Meganium
|-supereffective|p2a: Meganium
|-end|p2a: Meganium|Substitute
|move|p2a: Meganium|Substitute|p2a: Meganium
|-start|p2a: Meganium|Substitute
|-damage|p2a: Meganium|63/100
|
|-heal|p2a: Meganium|69/100|[from] item: Leftovers
|-damage|p1a: Kyurem|64/100 psn|[from] psn
|upkeep
|turn|15
|
|t:|1779875553
|move|p2a: Meganium|Protect|p2a: Meganium
|-singleturn|p2a: Meganium|Protect
|move|p1a: Kyurem|Ice Beam|p2a: Meganium
|-activate|p2a: Meganium|move: Protect
|
|-heal|p2a: Meganium|75/100|[from] item: Leftovers
|-damage|p1a: Kyurem|51/100 psn|[from] psn
|upkeep
|turn|16
|
|t:|1779875563
|move|p1a: Kyurem|Ice Beam|p2a: Meganium
|-supereffective|p2a: Meganium
|-end|p2a: Meganium|Substitute
|move|p2a: Meganium|Substitute|p2a: Meganium
|-start|p2a: Meganium|Substitute
|-damage|p2a: Meganium|50/100
|
|-heal|p2a: Meganium|56/100|[from] item: Leftovers
|-damage|p1a: Kyurem|39/100 psn|[from] psn
|upkeep
|turn|17
|
|t:|1779875573
|switch|p1a: Manaphy|Manaphy|100/100
|-status|p1a: Manaphy|psn
|move|p2a: Meganium|Protect||[still]
|-fail|p2a: Meganium
|
|-heal|p2a: Meganium|62/100|[from] item: Leftovers
|-damage|p1a: Manaphy|88/100 psn|[from] psn
|upkeep
|turn|18
|
|t:|1779875582
|move|p1a: Manaphy|Take Heart|p1a: Manaphy
|-boost|p1a: Manaphy|spa|1
|-boost|p1a: Manaphy|spd|1
|-curestatus|p1a: Manaphy|psn|[msg]
|move|p2a: Meganium|Leech Seed|p1a: Manaphy
|-start|p1a: Manaphy|move: Leech Seed
|
|-heal|p1a: Manaphy|94/100|[from] item: Leftovers
|-heal|p2a: Meganium|68/100|[from] item: Leftovers
|-damage|p1a: Manaphy|82/100|[from] Leech Seed|[of] p2a: Meganium
|-heal|p2a: Meganium|82/100|[silent]
|upkeep
|turn|19
|
|t:|1779875593
|move|p2a: Meganium|Protect|p2a: Meganium
|-singleturn|p2a: Meganium|Protect
|move|p1a: Manaphy|Take Heart|p1a: Manaphy
|-boost|p1a: Manaphy|spa|1
|-boost|p1a: Manaphy|spd|1
|
|-heal|p1a: Manaphy|88/100|[from] item: Leftovers
|-heal|p2a: Meganium|88/100|[from] item: Leftovers
|-damage|p1a: Manaphy|76/100|[from] Leech Seed|[of] p2a: Meganium
|-heal|p2a: Meganium|100/100|[silent]
|upkeep
|turn|20
|
|t:|1779875604
|move|p1a: Manaphy|Tail Glow|p1a: Manaphy
|-boost|p1a: Manaphy|spa|3
|move|p2a: Meganium|Ingrain|p2a: Meganium
|-start|p2a: Meganium|move: Ingrain
|
|-heal|p1a: Manaphy|82/100|[from] item: Leftovers
|-damage|p1a: Manaphy|70/100|[from] Leech Seed|[of] p2a: Meganium
|upkeep
|turn|21
|
|t:|1779875614
|move|p1a: Manaphy|Take Heart|p1a: Manaphy
|-boost|p1a: Manaphy|spa|1
|-boost|p1a: Manaphy|spd|1
|move|p2a: Meganium|Substitute|p2a: Meganium
|-fail|p2a: Meganium|move: Substitute
|
|-heal|p1a: Manaphy|76/100|[from] item: Leftovers
|-damage|p1a: Manaphy|63/100|[from] Leech Seed|[of] p2a: Meganium
|upkeep
|turn|22
|
|t:|1779875623
|move|p2a: Meganium|Protect|p2a: Meganium
|-singleturn|p2a: Meganium|Protect
|move|p1a: Manaphy|Alluring Voice|p2a: Meganium
|-activate|p2a: Meganium|move: Protect
|
|-heal|p1a: Manaphy|70/100|[from] item: Leftovers
|-damage|p1a: Manaphy|57/100|[from] Leech Seed|[of] p2a: Meganium
|upkeep
|turn|23
|
|t:|1779875632
|move|p1a: Manaphy|Alluring Voice|p2a: Meganium
|-damage|p2a: Meganium|45/100
|move|p2a: Meganium|Substitute|p2a: Meganium
|-fail|p2a: Meganium|move: Substitute
|
|-heal|p1a: Manaphy|63/100|[from] item: Leftovers
|-heal|p2a: Meganium|51/100|[from] item: Leftovers
|-heal|p2a: Meganium|57/100|[from] Ingrain
|-damage|p1a: Manaphy|51/100|[from] Leech Seed|[of] p2a: Meganium
|-heal|p2a: Meganium|71/100|[silent]
|upkeep
|turn|24
|
|t:|1779875643
|move|p2a: Meganium|Protect|p2a: Meganium
|-singleturn|p2a: Meganium|Protect
|move|p1a: Manaphy|Take Heart|p1a: Manaphy
|-boost|p1a: Manaphy|spa|0
|-boost|p1a: Manaphy|spd|1
|
|-heal|p1a: Manaphy|57/100|[from] item: Leftovers
|-heal|p2a: Meganium|77/100|[from] item: Leftovers
|-heal|p2a: Meganium|83/100|[from] Ingrain
|-damage|p1a: Manaphy|45/100|[from] Leech Seed|[of] p2a: Meganium
|-heal|p2a: Meganium|97/100|[silent]
|upkeep
|turn|25
|
|t:|1779875654
|move|p1a: Manaphy|Alluring Voice|p2a: Meganium
|-damage|p2a: Meganium|35/100
|move|p2a: Meganium|Substitute|p2a: Meganium
|-fail|p2a: Meganium|move: Substitute
|
|-heal|p1a: Manaphy|51/100|[from] item: Leftovers
|-heal|p2a: Meganium|41/100|[from] item: Leftovers
|-heal|p2a: Meganium|47/100|[from] Ingrain
|-damage|p1a: Manaphy|39/100|[from] Leech Seed|[of] p2a: Meganium
|-heal|p2a: Meganium|60/100|[silent]
|upkeep
|turn|26
|
|t:|1779875665
|move|p2a: Meganium|Protect|p2a: Meganium
|-singleturn|p2a: Meganium|Protect
|move|p1a: Manaphy|Take Heart|p1a: Manaphy
|-boost|p1a: Manaphy|spa|0
|-boost|p1a: Manaphy|spd|1
|
|-heal|p1a: Manaphy|45/100|[from] item: Leftovers
|-heal|p2a: Meganium|66/100|[from] item: Leftovers
|-heal|p2a: Meganium|72/100|[from] Ingrain
|-damage|p1a: Manaphy|32/100|[from] Leech Seed|[of] p2a: Meganium
|-heal|p2a: Meganium|86/100|[silent]
|upkeep
|turn|27
|
|t:|1779875677
|move|p2a: Meganium|Protect||[still]
|-fail|p2a: Meganium
|move|p1a: Manaphy|Alluring Voice|p2a: Meganium
|-damage|p2a: Meganium|22/100
|
|-heal|p1a: Manaphy|39/100|[from] item: Leftovers
|-heal|p2a: Meganium|28/100|[from] item: Leftovers
|-heal|p2a: Meganium|34/100|[from] Ingrain
|-damage|p1a: Manaphy|26/100|[from] Leech Seed|[of] p2a: Meganium
|-heal|p2a: Meganium|47/100|[silent]
|upkeep
|turn|28
|
|t:|1779875689
|move|p2a: Meganium|Protect|p2a: Meganium
|-singleturn|p2a: Meganium|Protect
|move|p1a: Manaphy|Take Heart|p1a: Manaphy
|-boost|p1a: Manaphy|spa|0
|-boost|p1a: Manaphy|spd|1
|
|-heal|p1a: Manaphy|32/100|[from] item: Leftovers
|-heal|p2a: Meganium|54/100|[from] item: Leftovers
|-heal|p2a: Meganium|60/100|[from] Ingrain
|-damage|p1a: Manaphy|20/100|[from] Leech Seed|[of] p2a: Meganium
|-heal|p2a: Meganium|73/100|[silent]
|upkeep
|turn|29
|
|t:|1779875701
|move|p2a: Meganium|Protect||[still]
|-fail|p2a: Meganium
|move|p1a: Manaphy|Alluring Voice|p2a: Meganium
|-damage|p2a: Meganium|11/100
|
|-heal|p1a: Manaphy|26/100|[from] item: Leftovers
|-heal|p2a: Meganium|17/100|[from] item: Leftovers
|-heal|p2a: Meganium|23/100|[from] Ingrain
|-damage|p1a: Manaphy|14/100|[from] Leech Seed|[of] p2a: Meganium
|-heal|p2a: Meganium|36/100|[silent]
|upkeep
|turn|30
|
|t:|1779875712
|move|p2a: Meganium|Protect|p2a: Meganium
|-singleturn|p2a: Meganium|Protect
|move|p1a: Manaphy|Alluring Voice|p2a: Meganium
|-activate|p2a: Meganium|move: Protect
|
|-heal|p1a: Manaphy|20/100|[from] item: Leftovers
|-heal|p2a: Meganium|43/100|[from] item: Leftovers
|-heal|p2a: Meganium|49/100|[from] Ingrain
|-damage|p1a: Manaphy|8/100|[from] Leech Seed|[of] p2a: Meganium
|-heal|p2a: Meganium|62/100|[silent]
|upkeep
|turn|31
|
|t:|1779875723
|move|p2a: Meganium|Protect||[still]
|-fail|p2a: Meganium
|move|p1a: Manaphy|Alluring Voice|p2a: Meganium
|-damage|p2a: Meganium|0 fnt
|faint|p2a: Meganium
|
|-heal|p1a: Manaphy|14/100|[from] item: Leftovers
|upkeep
|
|t:|1779875732
|switch|p2a: Conkeldurr|Conkeldurr, F|100/100
|turn|32
|
|t:|1779875735
|move|p2a: Conkeldurr|Mach Punch|p1a: Manaphy
|-damage|p1a: Manaphy|0 fnt
|faint|p1a: Manaphy
|
|upkeep
|
|t:|1779875739
|switch|p1a: Hoopa|Hoopa|76/100 psn
|turn|33
|
|t:|1779875744
|move|p1a: Hoopa|Shadow Ball|p2a: Conkeldurr
|-damage|p2a: Conkeldurr|64/100
|move|p2a: Conkeldurr|Knock Off|p1a: Hoopa
|-supereffective|p1a: Hoopa
|-damage|p1a: Hoopa|0 fnt
|-enditem|p1a: Hoopa|Aguav Berry|[from] move: Knock Off|[of] p2a: Conkeldurr
|faint|p1a: Hoopa
|
|upkeep
|
|t:|1779875748
|switch|p1a: Cinderace|Cinderace, M|63/100
|-status|p1a: Cinderace|psn
|turn|34
|-message|ilikefries forfeited.
|
|win|sargentomichoo
|raw|ilikefries's rating: 1186 &rarr; <strong>1157</strong><br />(-29 for losing)
|raw|sargentomichoo's rating: 1132 &rarr; <strong>1161</strong><br />(+29 for winning)
|l|☆ilikefries
|player|p1|
|l|☆sargentomichoo
|player|p2|
