|j|☆SirGayalot
|j|☆Floop Noopulus
|t:|1779899384
|gametype|singles
|player|p1|SirGayalot|102|1501
|player|p2|Floop Noopulus|nate-pokestar3|1540
|gen|9
|tier|[Gen 9] OU
|rated|
|rule|HP Percentage Mod: HP is shown in percentages
|rule|Endless Battle Clause: Forcing endless battles is banned
|rule|Species Clause: Limit one of each Pokémon
|rule|OHKO Clause: OHKO moves are banned
|rule|Evasion Items Clause: Evasion items are banned
|rule|Evasion Moves Clause: Evasion moves are banned
|rule|Evasion Abilities Clause: Evasion abilities are banned
|rule|Sleep Moves Clause: Sleep-inducing moves are banned
|clearpoke
|poke|p1|Samurott-Hisui, M|
|poke|p1|Zapdos|
|poke|p1|Iron Treads|
|poke|p1|Ceruledge, M|
|poke|p1|Gholdengo|
|poke|p1|Ogerpon-Wellspring, F|
|poke|p2|Bellibolt, M|
|poke|p2|Kyurem|
|poke|p2|Gliscor, M|
|poke|p2|Hatterene, F|
|poke|p2|Dragapult, M|
|poke|p2|Slowking-Galar, F|
|teampreview
|inactive|Battle timer is ON: inactive players will automatically lose when time's up. (requested by Floop Noopulus)
|
|t:|1779899390
|teamsize|p1|6
|teamsize|p2|6
|start
|switch|p1a: Samurott|Samurott-Hisui, M|100/100
|switch|p2a: Hatterene|Hatterene, F|100/100
|turn|1
|
|t:|1779899393
|move|p1a: Samurott|Ceaseless Edge|p2a: Hatterene
|-damage|p2a: Hatterene|65/100
|-sidestart|p2: Floop Noopulus|Spikes
|move|p2a: Hatterene|Draining Kiss|p1a: Samurott
|-supereffective|p1a: Samurott
|-damage|p1a: Samurott|69/100
|-heal|p2a: Hatterene|94/100|[from] drain|[of] p1a: Samurott
|
|upkeep
|turn|2
|
|t:|1779899400
|move|p1a: Samurott|Ceaseless Edge|p2a: Hatterene
|-damage|p2a: Hatterene|60/100
|-sidestart|p2: Floop Noopulus|Spikes
|move|p2a: Hatterene|Draining Kiss|p1a: Samurott
|-supereffective|p1a: Samurott
|-damage|p1a: Samurott|34/100
|-heal|p2a: Hatterene|91/100|[from] drain|[of] p1a: Samurott
|
|upkeep
|turn|3
|
|t:|1779899406
|move|p1a: Samurott|Ceaseless Edge|p2a: Hatterene
|-damage|p2a: Hatterene|57/100
|-sidestart|p2: Floop Noopulus|Spikes
|move|p2a: Hatterene|Draining Kiss|p1a: Samurott
|-supereffective|p1a: Samurott
|-damage|p1a: Samurott|2/100
|-heal|p2a: Hatterene|86/100|[from] drain|[of] p1a: Samurott
|
|upkeep
|turn|4
|
|t:|1779899415
|switch|p1a: Iron Treads|Iron Treads|100/100
|move|p2a: Hatterene|Nuzzle|p1a: Iron Treads
|-immune|p1a: Iron Treads
|
|upkeep
|turn|5
|
|t:|1779899421
|move|p1a: Iron Treads|Earthquake|p2a: Hatterene
|-damage|p2a: Hatterene|44/100
|move|p2a: Hatterene|Pain Split|p1a: Iron Treads
|-sethp|p1a: Iron Treads|72/100|[from] move: Pain Split|[silent]
|-sethp|p2a: Hatterene|73/100|[from] move: Pain Split
|
|-heal|p1a: Iron Treads|78/100|[from] item: Leftovers
|upkeep
|turn|6
|
|t:|1779899426
|switch|p2a: Gliscor|Gliscor, M|100/100
|move|p1a: Iron Treads|Knock Off|p2a: Gliscor
|-damage|p2a: Gliscor|78/100
|-enditem|p2a: Gliscor|Toxic Orb|[from] move: Knock Off|[of] p1a: Iron Treads
|
|-heal|p1a: Iron Treads|84/100|[from] item: Leftovers
|upkeep
|turn|7
|
|t:|1779899438
|-end|p1a: Iron Treads|Quark Drive|[silent]
|switch|p1a: Zapdos|Zapdos|100/100
|move|p2a: Gliscor|Swords Dance|p2a: Gliscor
|-boost|p2a: Gliscor|atk|2
|
|upkeep
|turn|8
|
|t:|1779899443
|move|p1a: Zapdos|Hurricane|p2a: Gliscor
|-damage|p2a: Gliscor|35/100
|move|p2a: Gliscor|Ice Fang|p1a: Zapdos
|-supereffective|p1a: Zapdos
|-damage|p1a: Zapdos|58/100
|-status|p1a: Zapdos|frz
|
|upkeep
|turn|9
|
|t:|1779899450
|-curestatus|p1a: Zapdos|frz|[msg]
|move|p1a: Zapdos|Hurricane|p2a: Gliscor
|-damage|p2a: Gliscor|0 fnt
|faint|p2a: Gliscor
|
|upkeep
|
|t:|1779899453
|switch|p2a: Kyurem|Kyurem, shiny|100/100
|-ability|p2a: Kyurem|Pressure
|turn|10
|
|t:|1779899461
|switch|p1a: Samurott|Samurott-Hisui, M|2/100
|move|p2a: Kyurem|Substitute|p2a: Kyurem
|-start|p2a: Kyurem|Substitute
|-damage|p2a: Kyurem|76/100
|
|upkeep
|turn|11
|
|t:|1779899469
|move|p1a: Samurott|Sucker Punch|p2a: Kyurem
|-end|p2a: Kyurem|Substitute
|move|p2a: Kyurem|Freeze-Dry|p1a: Samurott
|-supereffective|p1a: Samurott
|-damage|p1a: Samurott|0 fnt
|faint|p1a: Samurott
|
|upkeep
|
|t:|1779899480
|switch|p1a: Ceruledge|Ceruledge, M|100/100
|turn|12
|inactive|Floop Noopulus has 120 seconds left.
|
|t:|1779899521
|switch|p2a: Bellibolt|Bellibolt, M|100/100
|move|p1a: Ceruledge|Close Combat|p2a: Bellibolt
|-damage|p2a: Bellibolt|71/100
|-unboost|p1a: Ceruledge|def|1
|-unboost|p1a: Ceruledge|spd|1
|
|upkeep
|turn|13
|
|t:|1779899532
|switch|p1a: Zapdos|Zapdos|58/100
|move|p2a: Bellibolt|Slack Off|p2a: Bellibolt
|-heal|p2a: Bellibolt|100/100
|
|upkeep
|turn|14
|
|t:|1779899537
|move|p1a: Zapdos|Roost|p1a: Zapdos
|-heal|p1a: Zapdos|100/100
|-singleturn|p1a: Zapdos|move: Roost
|move|p2a: Bellibolt|Toxic|p1a: Zapdos
|-status|p1a: Zapdos|tox
|
|-damage|p1a: Zapdos|94/100 tox|[from] psn
|upkeep
|turn|15
|
|t:|1779899545
|switch|p1a: Iron Treads|Iron Treads|84/100
|move|p2a: Bellibolt|Soak|p1a: Iron Treads
|-start|p1a: Iron Treads|typechange|Water
|
|-heal|p1a: Iron Treads|91/100|[from] item: Leftovers
|upkeep
|turn|16
|
|t:|1779899553
|move|p1a: Iron Treads|Earthquake|p2a: Bellibolt
|-supereffective|p2a: Bellibolt
|-damage|p2a: Bellibolt|60/100
|move|p2a: Bellibolt|Volt Switch|p1a: Iron Treads
|-supereffective|p1a: Iron Treads
|-damage|p1a: Iron Treads|25/100
|
|t:|1779899560
|switch|p2a: Dragapult|Dragapult, M|100/100|[from] Volt Switch
|
|-heal|p1a: Iron Treads|31/100|[from] item: Leftovers
|upkeep
|turn|17
|
|t:|1779899569
|move|p2a: Dragapult|Dragon Darts|p1a: Iron Treads
|-damage|p1a: Iron Treads|14/100
|-anim|p2a: Dragapult|Dragon Darts|p1a: Iron Treads
|-damage|p1a: Iron Treads|0 fnt
|faint|p1a: Iron Treads
|-end|p1a: Iron Treads|Quark Drive|[silent]
|
|upkeep
|
|t:|1779899579
|switch|p1a: Gholdengo|Gholdengo|100/100
|-item|p1a: Gholdengo|Air Balloon
|turn|18
|
|t:|1779899582
|move|p2a: Dragapult|U-turn|p1a: Gholdengo
|-resisted|p1a: Gholdengo
|-damage|p1a: Gholdengo|98/100
|-enditem|p1a: Gholdengo|Air Balloon
|
|t:|1779899592
|switch|p2a: Hatterene|Hatterene, F|73/100|[from] U-turn
|-damage|p2a: Hatterene|48/100|[from] Spikes
|move|p1a: Gholdengo|Thunder Wave|p2a: Hatterene
|move|p2a: Hatterene|Thunder Wave|p1a: Gholdengo|[from] ability: Magic Bounce
|-immune|p1a: Gholdengo|[from] ability: Good as Gold
|
|upkeep
|turn|19
|
|t:|1779899598
|move|p1a: Gholdengo|Hex|p2a: Hatterene
|-supereffective|p2a: Hatterene
|-damage|p2a: Hatterene|0 fnt
|faint|p2a: Hatterene
|
|upkeep
|
|t:|1779899610
|switch|p2a: Bellibolt|Bellibolt, M|60/100
|turn|20
|
|t:|1779899621
|switch|p1a: Zapdos|Zapdos|94/100 tox
|move|p2a: Bellibolt|Slack Off|p2a: Bellibolt
|-heal|p2a: Bellibolt|100/100
|
|-damage|p1a: Zapdos|88/100 tox|[from] psn
|upkeep
|turn|21
|
|t:|1779899637
|switch|p1a: Gholdengo|Gholdengo|98/100
|move|p2a: Bellibolt|Soak|p1a: Gholdengo
|-immune|p1a: Gholdengo|[from] ability: Good as Gold
|
|upkeep
|turn|22
|
|t:|1779899648
|move|p1a: Gholdengo|Focus Blast|p2a: Bellibolt
|-damage|p2a: Bellibolt|68/100
|move|p2a: Bellibolt|Volt Switch|p1a: Gholdengo
|-damage|p1a: Gholdengo|74/100
|
|t:|1779899659
|switch|p2a: Slowking|Slowking-Galar, F|100/100|[from] Volt Switch
|
|upkeep
|turn|23
|j| foxi4
|
|t:|1779899665
|move|p1a: Gholdengo|Thunder Wave|p2a: Slowking
|-status|p2a: Slowking|par
|move|p2a: Slowking|Future Sight|p1a: Gholdengo
|-start|p2a: Slowking|move: Future Sight
|
|upkeep
|turn|24
|
|t:|1779899679
|move|p1a: Gholdengo|Hex|p2a: Slowking
|-supereffective|p2a: Slowking
|-damage|p2a: Slowking|35/100 par
|-prepare|p2a: Slowking|Chilly Reception|[premajor]
|move|p2a: Slowking|Chilly Reception|p2a: Slowking
|-weather|Snowscape
|l| foxi4
|
|t:|1779899683
|switch|p2a: Bellibolt|Bellibolt, M|68/100|[from] Chilly Reception
|
|-weather|Snowscape|[upkeep]
|upkeep
|turn|25
|
|t:|1779899693
|move|p1a: Gholdengo|Focus Blast|p2a: Bellibolt|[miss]
|-miss|p1a: Gholdengo|p2a: Bellibolt
|move|p2a: Bellibolt|Volt Switch|p1a: Gholdengo
|-damage|p1a: Gholdengo|49/100
|
|t:|1779899695
|switch|p2a: Dragapult|Dragapult, M|100/100|[from] Volt Switch
|
|-weather|Snowscape|[upkeep]
|-end|p1a: Gholdengo|move: Future Sight
|-resisted|p1a: Gholdengo
|-crit|p1a: Gholdengo
|-damage|p1a: Gholdengo|16/100
|upkeep
|turn|26
|
|t:|1779899708
|switch|p1a: Zapdos|Zapdos|88/100 tox
|move|p2a: Dragapult|Hex|p1a: Zapdos
|-damage|p1a: Zapdos|31/100 tox
|
|-weather|Snowscape|[upkeep]
|-damage|p1a: Zapdos|25/100 tox|[from] psn
|upkeep
|turn|27
|
|t:|1779899715
|move|p2a: Dragapult|Hex|p1a: Zapdos
|-damage|p1a: Zapdos|0 fnt
|faint|p1a: Zapdos
|
|-weather|Snowscape|[upkeep]
|upkeep
|
|t:|1779899722
|switch|p1a: Ceruledge|Ceruledge, M|100/100
|turn|28
|
|t:|1779899730
|-terastallize|p2a: Dragapult|Ghost
|-terastallize|p1a: Ceruledge|Fairy
|move|p2a: Dragapult|Hex|p1a: Ceruledge
|-damage|p1a: Ceruledge|63/100
|move|p1a: Ceruledge|Swords Dance|p1a: Ceruledge
|-boost|p1a: Ceruledge|atk|2
|
|-weather|none
|upkeep
|turn|29
|
|t:|1779899744
|move|p1a: Ceruledge|Shadow Sneak|p2a: Dragapult
|-supereffective|p2a: Dragapult
|-damage|p2a: Dragapult|0 fnt
|faint|p2a: Dragapult
|
|upkeep
|
|t:|1779899749
|switch|p2a: Kyurem|Kyurem, shiny|76/100
|-ability|p2a: Kyurem|Pressure
|turn|30
|
|t:|1779899753
|move|p1a: Ceruledge|Shadow Sneak|p2a: Kyurem
|-damage|p2a: Kyurem|32/100
|move|p2a: Kyurem|Ice Beam|p1a: Ceruledge
|-damage|p1a: Ceruledge|15/100
|
|upkeep
|turn|31
|
|t:|1779899762
|move|p1a: Ceruledge|Shadow Sneak|p2a: Kyurem
|-damage|p2a: Kyurem|0 fnt
|faint|p2a: Kyurem
|
|upkeep
|-message|Floop Noopulus forfeited.
|
|win|SirGayalot
|raw|SirGayalot's rating: 1501 &rarr; <strong>1523</strong><br />(+22 for winning)
|raw|Floop Noopulus's rating: 1540 &rarr; <strong>1518</strong><br />(-22 for losing)
|l|☆Floop Noopulus
|player|p2|
|l|☆SirGayalot
|player|p1|
