|j|‽cyndaquilhat
|j|☆noobhunterbd
|t:|1779912423
|gametype|singles
|player|p1|cyndaquilhat|backpackerf|1419
|player|p2|noobhunterbd|102|1344
|gen|9
|tier|[Gen 9] OU
|rated|
|rule|HP Percentage Mod: HP is shown in percentages
|rule|Endless Battle Clause: Forcing endless battles is banned
|rule|Species Clause: Limit one of each Pokémon
|rule|OHKO Clause: OHKO moves are banned
|rule|Evasion Items Clause: Evasion items are banned
|rule|Evasion Moves Clause: Evasion moves are banned
|rule|Evasion Abilities Clause: Evasion abilities are banned
|rule|Sleep Moves Clause: Sleep-inducing moves are banned
|clearpoke
|poke|p1|Diancie|
|poke|p1|Blaziken, M|
|poke|p1|Oricorio-Pom-Pom, M|
|poke|p1|Cinderace, M|
|poke|p1|Regidrago|
|poke|p1|Ursaluna, F|
|poke|p2|Kingambit, M|
|poke|p2|Kyurem|
|poke|p2|Iron Crown|
|poke|p2|Walking Wake|
|poke|p2|Glimmora, F|
|poke|p2|Cinccino, M|
|teampreview
|inactive|Battle timer is ON: inactive players will automatically lose when time's up. (requested by cyndaquilhat)
|
|t:|1779912445
|teamsize|p1|6
|teamsize|p2|6
|start
|switch|p1a: Blaziken|Blaziken, M|100/100
|switch|p2a: Cinccino|Cinccino, M|100/100
|turn|1
|
|t:|1779912463
|move|p2a: Cinccino|Rock Blast|p1a: Blaziken|[miss]
|-miss|p2a: Cinccino|p1a: Blaziken
|move|p1a: Blaziken|Close Combat|p2a: Cinccino
|-supereffective|p2a: Cinccino
|-crit|p2a: Cinccino
|-damage|p2a: Cinccino|0 fnt
|-unboost|p1a: Blaziken|def|1
|-unboost|p1a: Blaziken|spd|1
|faint|p2a: Cinccino
|
|-ability|p1a: Blaziken|Speed Boost|boost
|-boost|p1a: Blaziken|spe|1
|upkeep
|
|t:|1779912467
|switch|p2a: Glimmora|Glimmora, F|100/100
|turn|2
|
|t:|1779912472
|move|p1a: Blaziken|Knock Off|p2a: Glimmora
|-damage|p2a: Glimmora|58/100
|-activate|p2a: Glimmora|ability: Toxic Debris
|-sidestart|p1: cyndaquilhat|move: Toxic Spikes
|-enditem|p2a: Glimmora|Focus Sash|[from] move: Knock Off|[of] p1a: Blaziken
|move|p2a: Glimmora|Power Gem|p1a: Blaziken
|-damage|p1a: Blaziken|0 fnt
|faint|p1a: Blaziken
|
|upkeep
|
|t:|1779912485
|switch|p1a: Cinderace|Cinderace, M|100/100
|turn|3
|
|t:|1779912491
|move|p1a: Cinderace|Court Change|p1a: Cinderace
|-start|p1a: Cinderace|typechange|Normal|[from] ability: Libero
|-swapsideconditions
|-activate|p1a: Cinderace|move: Court Change
|move|p2a: Glimmora|Power Gem|p1a: Cinderace
|-damage|p1a: Cinderace|43/100
|
|upkeep
|turn|4
|
|t:|1779912499
|move|p1a: Cinderace|High Jump Kick|p2a: Glimmora
|-damage|p2a: Glimmora|4/100
|-activate|p2a: Glimmora|ability: Toxic Debris
|-sidestart|p1: cyndaquilhat|move: Toxic Spikes
|move|p2a: Glimmora|Stealth Rock|p1a: Cinderace
|-sidestart|p1: cyndaquilhat|move: Stealth Rock
|
|upkeep
|turn|5
|
|t:|1779912511
|move|p1a: Cinderace|Court Change|p1a: Cinderace
|-swapsideconditions
|-activate|p1a: Cinderace|move: Court Change
|move|p2a: Glimmora|Stealth Rock|p1a: Cinderace
|-sidestart|p1: cyndaquilhat|move: Stealth Rock
|
|upkeep
|turn|6
|
|t:|1779912517
|move|p1a: Cinderace|High Jump Kick|p2a: Glimmora
|-damage|p2a: Glimmora|0 fnt
|-activate|p2a: Glimmora|ability: Toxic Debris
|-sidestart|p1: cyndaquilhat|move: Toxic Spikes
|faint|p2a: Glimmora
|
|upkeep
|
|t:|1779912523
|switch|p2a: Iron Crown|Iron Crown|100/100
|-damage|p2a: Iron Crown|94/100|[from] Stealth Rock
|-enditem|p2a: Iron Crown|Booster Energy
|-activate|p2a: Iron Crown|ability: Quark Drive|[fromitem]
|-start|p2a: Iron Crown|quarkdrivespe
|turn|7
|
|t:|1779912526
|move|p2a: Iron Crown|Tachyon Cutter|p1a: Cinderace
|-damage|p1a: Cinderace|9/100
|-damage|p1a: Cinderace|0 fnt
|faint|p1a: Cinderace
|-hitcount|p1: Cinderace|2
|
|upkeep
|
|t:|1779912530
|switch|p1a: Oricorio|Oricorio-Pom-Pom, M|100/100
|turn|8
|
|t:|1779912539
|move|p2a: Iron Crown|Psychic Noise|p1a: Oricorio
|-damage|p1a: Oricorio|55/100
|-start|p1a: Oricorio|move: Heal Block
|move|p1a: Oricorio|Quiver Dance|p1a: Oricorio
|-boost|p1a: Oricorio|spa|1
|-boost|p1a: Oricorio|spd|1
|-boost|p1a: Oricorio|spe|1
|
|upkeep
|turn|9
|
|t:|1779912547
|move|p2a: Iron Crown|Psychic Noise|p1a: Oricorio
|-damage|p1a: Oricorio|24/100
|move|p1a: Oricorio|Quiver Dance|p1a: Oricorio
|-boost|p1a: Oricorio|spa|1
|-boost|p1a: Oricorio|spd|1
|-boost|p1a: Oricorio|spe|1
|
|-end|p1a: Oricorio|move: Heal Block
|upkeep
|turn|10
|
|t:|1779912556
|move|p2a: Iron Crown|Psychic Noise|p1a: Oricorio
|-damage|p1a: Oricorio|0 fnt
|faint|p1a: Oricorio
|
|upkeep
|
|t:|1779912562
|switch|p1a: Ursaluna|Ursaluna, F|100/100
|-status|p1a: Ursaluna|tox
|-damage|p1a: Ursaluna|94/100 tox|[from] Stealth Rock
|turn|11
|
|t:|1779912568
|move|p2a: Iron Crown|Focus Blast|p1a: Ursaluna
|-supereffective|p1a: Ursaluna
|-crit|p1a: Ursaluna
|-damage|p1a: Ursaluna|0 fnt
|faint|p1a: Ursaluna
|
|upkeep
|-message|cyndaquilhat forfeited.
|
|win|noobhunterbd
|raw|cyndaquilhat's rating: 1419 &rarr; <strong>1395</strong><br />(-24 for losing)
|raw|noobhunterbd's rating: 1344 &rarr; <strong>1368</strong><br />(+24 for winning)
|l|‽cyndaquilhat
|player|p1|
|l|☆noobhunterbd
|player|p2|
