|j|☆Vkjoggers
|j|☆hgjgfjyg
|t:|1779916224
|gametype|singles
|player|p1|Vkjoggers|102|1287
|player|p2|hgjgfjyg|collector|1285
|gen|9
|tier|[Gen 9] OU
|rated|
|rule|HP Percentage Mod: HP is shown in percentages
|rule|Endless Battle Clause: Forcing endless battles is banned
|rule|Species Clause: Limit one of each Pokémon
|rule|OHKO Clause: OHKO moves are banned
|rule|Evasion Items Clause: Evasion items are banned
|rule|Evasion Moves Clause: Evasion moves are banned
|rule|Evasion Abilities Clause: Evasion abilities are banned
|rule|Sleep Moves Clause: Sleep-inducing moves are banned
|clearpoke
|poke|p1|Tatsugiri-Droopy, F|
|poke|p1|Goodra-Hisui, M|
|poke|p1|Swampert, M|
|poke|p1|Dragonite, M|
|poke|p1|Alomomola, F|
|poke|p1|Skeledirge, F|
|poke|p2|Pelipper, F|
|poke|p2|Samurott-Hisui, F|
|poke|p2|Iron Treads|
|poke|p2|Barraskewda, F|
|poke|p2|Porygon-Z|
|poke|p2|Toxicroak, M|
|teampreview
|inactive|Battle timer is ON: inactive players will automatically lose when time's up. (requested by hgjgfjyg)
|
|t:|1779916237
|teamsize|p1|6
|teamsize|p2|6
|start
|switch|p1a: Swampert|Swampert, M|100/100
|switch|p2a: Bey blade|Iron Treads|100/100
|turn|1
|
|t:|1779916245
|-end|p2a: Bey blade|Quark Drive|[silent]
|switch|p2a: Pelipper|Pelipper, F|100/100
|-weather|RainDance|[from] ability: Drizzle|[of] p2a: Pelipper
|move|p1a: Swampert|Earthquake|p2a: Pelipper
|-immune|p2a: Pelipper
|
|-weather|RainDance|[upkeep]
|upkeep
|turn|2
|
|t:|1779916253
|move|p2a: Pelipper|Weather Ball|p1a: Swampert
|-damage|p1a: Swampert|57/100
|move|p1a: Swampert|Stealth Rock|p2a: Pelipper
|-sidestart|p2: hgjgfjyg|move: Stealth Rock
|
|-weather|RainDance|[upkeep]
|-heal|p1a: Swampert|64/100|[from] item: Leftovers
|upkeep
|turn|3
|
|t:|1779916258
|switch|p1a: Tatsugiri|Tatsugiri-Droopy, F, shiny|100/100
|move|p2a: Pelipper|Hurricane|p1a: Tatsugiri
|-damage|p1a: Tatsugiri|57/100
|-start|p1a: Tatsugiri|confusion
|
|-weather|RainDance|[upkeep]
|upkeep
|turn|4
|
|t:|1779916265
|switch|p1a: Goodra|Goodra-Hisui, M|100/100
|move|p2a: Pelipper|U-turn|p1a: Goodra
|-resisted|p1a: Goodra
|-damage|p1a: Goodra|97/100
|
|t:|1779916272
|switch|p2a: Bey blade|Iron Treads|100/100|[from] U-turn
|
|-weather|RainDance|[upkeep]
|upkeep
|turn|5
|
|t:|1779916279
|-terastallize|p1a: Goodra|Water
|move|p2a: Bey blade|Earth Power|p1a: Goodra
|-damage|p1a: Goodra|82/100
|move|p1a: Goodra|Earthquake|p2a: Bey blade
|-supereffective|p2a: Bey blade
|-damage|p2a: Bey blade|57/100
|
|-weather|RainDance|[upkeep]
|upkeep
|turn|6
|
|t:|1779916287
|move|p2a: Bey blade|Rapid Spin|p1a: Goodra
|-damage|p1a: Goodra|71/100
|-boost|p2a: Bey blade|spe|1
|-sideend|p2: hgjgfjyg|Stealth Rock|[from] move: Rapid Spin|[of] p2a: Bey blade
|move|p1a: Goodra|Dragon Tail|p2a: Bey blade|[miss]
|-miss|p1a: Goodra|p2a: Bey blade
|
|-weather|RainDance|[upkeep]
|upkeep
|turn|7
|
|t:|1779916292
|move|p2a: Bey blade|Volt Switch|p1a: Goodra
|-supereffective|p1a: Goodra
|-damage|p1a: Goodra|55/100
|
|t:|1779916299
|-end|p2a: Bey blade|Quark Drive|[silent]
|switch|p2a: Toxicroak|Toxicroak, M|100/100|[from] Volt Switch
|move|p1a: Goodra|Dragon Tail|p2a: Toxicroak
|-crit|p2a: Toxicroak
|-damage|p2a: Toxicroak|51/100
|drag|p2a: Nuclear bomb|Porygon-Z|100/100
|-ability|p2a: Nuclear bomb|Download|boost
|-boost|p2a: Nuclear bomb|atk|1
|
|-weather|RainDance|[upkeep]
|upkeep
|turn|8
|
|t:|1779916311
|move|p2a: Nuclear bomb|Thunder|p1a: Goodra
|-supereffective|p1a: Goodra
|-damage|p1a: Goodra|8/100
|-damage|p2a: Nuclear bomb|91/100|[from] item: Life Orb
|move|p1a: Goodra|Dragon Tail|p2a: Nuclear bomb
|-damage|p2a: Nuclear bomb|62/100
|drag|p2a: Barraskewda|Barraskewda, F|100/100
|
|-weather|none
|upkeep
|turn|9
|
|t:|1779916327
|switch|p1a: Alomomola|Alomomola, F|100/100
|move|p2a: Barraskewda|Liquidation|p1a: Alomomola
|-resisted|p1a: Alomomola
|-damage|p1a: Alomomola|85/100
|-damage|p2a: Barraskewda|91/100|[from] item: Life Orb
|
|upkeep
|turn|10
|
|t:|1779916333
|switch|p2a: Toxicroak|Toxicroak, M|51/100
|move|p1a: Alomomola|Wish|p1a: Alomomola
|
|-heal|p2a: Toxicroak|58/100|[from] item: Leftovers
|upkeep
|turn|11
|
|t:|1779916346
|switch|p1a: Swampert|Swampert, M|64/100
|move|p2a: Toxicroak|Knock Off|p1a: Swampert
|-damage|p1a: Swampert|46/100
|-enditem|p1a: Swampert|Leftovers|[from] move: Knock Off|[of] p2a: Toxicroak
|
|-heal|p1a: Swampert|100/100|[from] move: Wish|[wisher] Alomomola
|-heal|p2a: Toxicroak|64/100|[from] item: Leftovers
|upkeep
|turn|12
|
|t:|1779916352
|switch|p2a: Pelipper|Pelipper, F|100/100
|-weather|RainDance|[from] ability: Drizzle|[of] p2a: Pelipper
|move|p1a: Swampert|Stealth Rock|p2a: Pelipper
|-sidestart|p2: hgjgfjyg|move: Stealth Rock
|
|-weather|RainDance|[upkeep]
|upkeep
|turn|13
|
|t:|1779916358
|move|p2a: Pelipper|Weather Ball|p1a: Swampert
|-damage|p1a: Swampert|57/100
|move|p1a: Swampert|Flip Turn|p2a: Pelipper
|-resisted|p2a: Pelipper
|-damage|p2a: Pelipper|88/100
|
|t:|1779916376
|switch|p1a: Alomomola|Alomomola, F|100/100|[from] Flip Turn
|
|-weather|RainDance|[upkeep]
|upkeep
|turn|14
|
|t:|1779916383
|switch|p2a: Toxicroak|Toxicroak, M|64/100
|-damage|p2a: Toxicroak|58/100|[from] Stealth Rock
|move|p1a: Alomomola|Wish|p1a: Alomomola
|
|-weather|RainDance|[upkeep]
|-heal|p2a: Toxicroak|70/100|[from] ability: Dry Skin
|-heal|p2a: Toxicroak|76/100|[from] item: Leftovers
|upkeep
|turn|15
|
|t:|1779916391
|switch|p1a: Swampert|Swampert, M|57/100
|move|p2a: Toxicroak|Close Combat|p1a: Swampert
|-damage|p1a: Swampert|22/100
|-unboost|p2a: Toxicroak|def|1
|-unboost|p2a: Toxicroak|spd|1
|
|-weather|RainDance|[upkeep]
|-heal|p2a: Toxicroak|88/100|[from] ability: Dry Skin
|-heal|p1a: Swampert|88/100|[from] move: Wish|[wisher] Alomomola
|-heal|p2a: Toxicroak|95/100|[from] item: Leftovers
|upkeep
|turn|16
|
|t:|1779916401
|switch|p2a: Nuclear bomb|Porygon-Z|62/100
|-damage|p2a: Nuclear bomb|49/100|[from] Stealth Rock
|-ability|p2a: Nuclear bomb|Download|boost
|-boost|p2a: Nuclear bomb|spa|1
|move|p1a: Swampert|Knock Off|p2a: Nuclear bomb
|-damage|p2a: Nuclear bomb|11/100
|-enditem|p2a: Nuclear bomb|Life Orb|[from] move: Knock Off|[of] p1a: Swampert
|
|-weather|RainDance|[upkeep]
|upkeep
|turn|17
|
|t:|1779916413
|move|p2a: Nuclear bomb|Tri Attack|p1a: Swampert
|-damage|p1a: Swampert|27/100
|move|p1a: Swampert|Flip Turn|p2a: Nuclear bomb
|-damage|p2a: Nuclear bomb|0 fnt
|faint|p2a: Nuclear bomb
|
|t:|1779916420
|switch|p1a: Alomomola|Alomomola, F|100/100|[from] Flip Turn
|
|-weather|RainDance|[upkeep]
|upkeep
|
|t:|1779916427
|switch|p2a: Bey blade|Iron Treads|57/100
|turn|18
|
|t:|1779916433
|move|p1a: Alomomola|Protect|p1a: Alomomola
|-singleturn|p1a: Alomomola|Protect
|move|p2a: Bey blade|Stealth Rock|p1a: Alomomola
|-sidestart|p1: Vkjoggers|move: Stealth Rock
|
|-weather|RainDance|[upkeep]
|upkeep
|turn|19
|
|t:|1779916438
|switch|p1a: Skeledirge|Skeledirge, F|100/100
|move|p2a: Bey blade|Earth Power|p1a: Skeledirge
|-supereffective|p1a: Skeledirge
|-damage|p1a: Skeledirge|51/100
|-unboost|p1a: Skeledirge|spd|1
|
|-weather|none
|upkeep
|turn|20
|
|t:|1779916453
|switch|p1a: Alomomola|Alomomola, F|100/100
|move|p2a: Bey blade|Volt Switch|p1a: Alomomola
|-supereffective|p1a: Alomomola
|-damage|p1a: Alomomola|60/100
|
|t:|1779916466
|-end|p2a: Bey blade|Quark Drive|[silent]
|switch|p2a: Toxicroak|Toxicroak, M|95/100|[from] Volt Switch
|-damage|p2a: Toxicroak|88/100|[from] Stealth Rock
|
|-heal|p2a: Toxicroak|95/100|[from] item: Leftovers
|upkeep
|turn|21
|
|t:|1779916469
|move|p2a: Toxicroak|Knock Off|p1a: Alomomola
|-damage|p1a: Alomomola|44/100
|-enditem|p1a: Alomomola|Heavy-Duty Boots|[from] move: Knock Off|[of] p2a: Toxicroak
|move|p1a: Alomomola|Wish|p1a: Alomomola
|
|-heal|p2a: Toxicroak|100/100|[from] item: Leftovers
|upkeep
|turn|22
|
|t:|1779916484
|switch|p1a: Dragonite|Dragonite, M|100/100
|move|p2a: Toxicroak|Close Combat|p1a: Dragonite
|-resisted|p1a: Dragonite
|-damage|p1a: Dragonite|85/100
|-unboost|p2a: Toxicroak|def|1
|-unboost|p2a: Toxicroak|spd|1
|
|-heal|p1a: Dragonite|100/100|[from] move: Wish|[wisher] Alomomola
|upkeep
|turn|23
|
|t:|1779916492
|switch|p2a: Pelipper|Pelipper, F|88/100
|-damage|p2a: Pelipper|64/100|[from] Stealth Rock
|-weather|RainDance|[from] ability: Drizzle|[of] p2a: Pelipper
|move|p1a: Dragonite|Dragon Dance|p1a: Dragonite
|-boost|p1a: Dragonite|atk|1
|-boost|p1a: Dragonite|spe|1
|
|-weather|RainDance|[upkeep]
|upkeep
|turn|24
|
|t:|1779916497
|move|p1a: Dragonite|Dragon Dance|p1a: Dragonite
|-boost|p1a: Dragonite|atk|1
|-boost|p1a: Dragonite|spe|1
|move|p2a: Pelipper|Hurricane|p1a: Dragonite
|-damage|p1a: Dragonite|80/100
|
|-weather|RainDance|[upkeep]
|upkeep
|turn|25
|
|t:|1779916502
|move|p1a: Dragonite|Ice Spinner|p2a: Pelipper
|-damage|p2a: Pelipper|14/100
|move|p2a: Pelipper|Hurricane|p1a: Dragonite
|-damage|p1a: Dragonite|39/100
|-start|p1a: Dragonite|confusion
|
|-weather|RainDance|[upkeep]
|upkeep
|turn|26
|
|t:|1779916508
|-activate|p1a: Dragonite|confusion
|move|p1a: Dragonite|Extreme Speed|p2a: Pelipper
|-damage|p2a: Pelipper|0 fnt
|faint|p2a: Pelipper
|
|-weather|RainDance|[upkeep]
|upkeep
|
|t:|1779916518
|switch|p2a: Barraskewda|Barraskewda, F|91/100
|-damage|p2a: Barraskewda|78/100|[from] Stealth Rock
|turn|27
|
|t:|1779916522
|-terastallize|p2a: Barraskewda|Ghost
|-activate|p1a: Dragonite|confusion
|move|p1a: Dragonite|Extreme Speed|p2a: Barraskewda
|-immune|p2a: Barraskewda
|move|p2a: Barraskewda|Liquidation|p1a: Dragonite
|-resisted|p1a: Dragonite
|-damage|p1a: Dragonite|0 fnt
|faint|p1a: Dragonite
|-damage|p2a: Barraskewda|69/100|[from] item: Life Orb
|
|-weather|RainDance|[upkeep]
|upkeep
|
|t:|1779916533
|switch|p1a: Alomomola|Alomomola, F|78/100
|-damage|p1a: Alomomola|65/100|[from] Stealth Rock
|turn|28
|
|t:|1779916542
|move|p1a: Alomomola|Protect|p1a: Alomomola
|-singleturn|p1a: Alomomola|Protect
|move|p2a: Barraskewda|Liquidation|p1a: Alomomola
|-activate|p1a: Alomomola|move: Protect
|
|-weather|RainDance|[upkeep]
|upkeep
|turn|29
|
|t:|1779916548
|switch|p1a: Tatsugiri|Tatsugiri-Droopy, F, shiny|57/100
|move|p2a: Barraskewda|Liquidation|p1a: Tatsugiri
|-ability|p1a: Tatsugiri|Storm Drain|boost
|-boost|p1a: Tatsugiri|spa|1
|
|-weather|RainDance|[upkeep]
|upkeep
|turn|30
|
|t:|1779916553
|move|p2a: Barraskewda|Close Combat|p1a: Tatsugiri
|-damage|p1a: Tatsugiri|0 fnt
|-unboost|p2a: Barraskewda|def|1
|-unboost|p2a: Barraskewda|spd|1
|faint|p1a: Tatsugiri
|-damage|p2a: Barraskewda|59/100|[from] item: Life Orb
|
|-weather|none
|upkeep
|
|t:|1779916560
|switch|p1a: Alomomola|Alomomola, F|99/100
|-damage|p1a: Alomomola|86/100|[from] Stealth Rock
|turn|31
|
|t:|1779916567
|switch|p2a: Spike factory|Samurott-Hisui, F|100/100
|-damage|p2a: Spike factory|88/100|[from] Stealth Rock
|move|p1a: Alomomola|Wish|p1a: Alomomola
|
|upkeep
|turn|32
|
|t:|1779916571
|move|p2a: Spike factory|Ceaseless Edge|p1a: Alomomola
|-damage|p1a: Alomomola|64/100
|-sidestart|p1: Vkjoggers|Spikes
|move|p1a: Alomomola|Flip Turn|p2a: Spike factory
|-resisted|p2a: Spike factory
|-damage|p2a: Spike factory|77/100
|
|t:|1779916578
|switch|p1a: Goodra|Goodra-Hisui, M, tera:Water|8/100|[from] Flip Turn
|-damage|p1a: Goodra|0 fnt|[from] Stealth Rock
|faint|p1a: Goodra
|
|upkeep
|-message|Vkjoggers forfeited.
|
|win|hgjgfjyg
|raw|Vkjoggers's rating: 1287 &rarr; <strong>1262</strong><br />(-25 for losing)
|raw|hgjgfjyg's rating: 1285 &rarr; <strong>1310</strong><br />(+25 for winning)
|l|☆Vkjoggers
|player|p1|
|l|☆hgjgfjyg
|player|p2|
