|j|☆magicsalt
|j|☆nbmarginal
|t:|1779848878
|gametype|singles
|player|p1|magicsalt|clair|1097
|player|p2|nbmarginal|iris|1051
|gen|9
|tier|[Gen 9] OU
|rated|
|rule|HP Percentage Mod: HP is shown in percentages
|rule|Endless Battle Clause: Forcing endless battles is banned
|rule|Species Clause: Limit one of each Pokémon
|rule|OHKO Clause: OHKO moves are banned
|rule|Evasion Items Clause: Evasion items are banned
|rule|Evasion Moves Clause: Evasion moves are banned
|rule|Evasion Abilities Clause: Evasion abilities are banned
|rule|Sleep Moves Clause: Sleep-inducing moves are banned
|clearpoke
|poke|p1|Salazzle, F|
|poke|p1|Glimmora, F|
|poke|p1|Darkrai|
|poke|p1|Toxapex, M|
|poke|p1|Corviknight, F|
|poke|p1|Blissey, F|
|poke|p2|Great Tusk|
|poke|p2|Walking Wake|
|poke|p2|Kingambit, M|
|poke|p2|Venusaur, F|
|poke|p2|Ninetales, F|
|poke|p2|Raging Bolt|
|teampreview
|inactive|Battle timer is ON: inactive players will automatically lose when time's up. (requested by magicsalt)
|
|t:|1779848889
|teamsize|p1|6
|teamsize|p2|6
|start
|switch|p1a: Edgey|Darkrai, shiny|100/100
|switch|p2a: Ninetales|Ninetales, F|100/100
|-weather|SunnyDay|[from] ability: Drought|[of] p2a: Ninetales
|turn|1
|
|t:|1779848905
|move|p1a: Edgey|Dark Pulse|p2a: Ninetales
|-crit|p2a: Ninetales
|-damage|p2a: Ninetales|35/100
|move|p2a: Ninetales|Will-O-Wisp|p1a: Edgey
|-status|p1a: Edgey|brn
|
|-weather|SunnyDay|[upkeep]
|-damage|p1a: Edgey|94/100 brn|[from] brn
|upkeep
|turn|2
|
|t:|1779848915
|move|p1a: Edgey|Dark Pulse|p2a: Ninetales
|-damage|p2a: Ninetales|0 fnt
|faint|p2a: Ninetales
|
|-weather|SunnyDay|[upkeep]
|-damage|p1a: Edgey|88/100 brn|[from] brn
|upkeep
|
|t:|1779848925
|switch|p2a: Walking Wake|Walking Wake|100/100
|-activate|p2a: Walking Wake|ability: Protosynthesis
|-start|p2a: Walking Wake|protosynthesisspe
|turn|3
|
|t:|1779848943
|move|p2a: Walking Wake|Hydro Steam|p1a: Edgey
|-damage|p1a: Edgey|7/100 brn
|move|p1a: Edgey|Dark Pulse|p2a: Walking Wake
|-damage|p2a: Walking Wake|44/100
|
|-weather|SunnyDay|[upkeep]
|-damage|p1a: Edgey|1/100 brn|[from] brn
|upkeep
|turn|4
|
|t:|1779848959
|move|p2a: Walking Wake|Flamethrower|p1a: Edgey
|-damage|p1a: Edgey|0 fnt
|faint|p1a: Edgey
|
|-weather|SunnyDay|[upkeep]
|upkeep
|inactive|magicsalt has 120 seconds left.
|
|t:|1779848984
|switch|p1a: Fatty whopper|Blissey, F|100/100
|turn|5
|
|t:|1779848989
|move|p2a: Walking Wake|Hydro Steam|p1a: Fatty whopper
|-damage|p1a: Fatty whopper|76/100
|move|p1a: Fatty whopper|Seismic Toss|p2a: Walking Wake
|-damage|p2a: Walking Wake|15/100
|
|-weather|SunnyDay|[upkeep]
|-heal|p1a: Fatty whopper|82/100|[from] item: Leftovers
|upkeep
|turn|6
|
|t:|1779849001
|-terastallize|p2a: Walking Wake|Ghost
|move|p2a: Walking Wake|Hydro Steam|p1a: Fatty whopper
|-damage|p1a: Fatty whopper|58/100
|move|p1a: Fatty whopper|Seismic Toss|p2a: Walking Wake
|-immune|p2a: Walking Wake
|
|-weather|SunnyDay|[upkeep]
|-heal|p1a: Fatty whopper|64/100|[from] item: Leftovers
|upkeep
|turn|7
|
|t:|1779849011
|move|p2a: Walking Wake|Draco Meteor|p1a: Fatty whopper
|-damage|p1a: Fatty whopper|36/100
|-unboost|p2a: Walking Wake|spa|2
|move|p1a: Fatty whopper|Soft-Boiled|p1a: Fatty whopper
|-heal|p1a: Fatty whopper|86/100
|
|-weather|SunnyDay|[upkeep]
|-heal|p1a: Fatty whopper|93/100|[from] item: Leftovers
|upkeep
|turn|8
|
|t:|1779849024
|move|p1a: Fatty whopper|Protect|p1a: Fatty whopper
|-singleturn|p1a: Fatty whopper|Protect
|move|p2a: Walking Wake|Hydro Steam|p1a: Fatty whopper
|-activate|p1a: Fatty whopper|move: Protect
|
|-weather|none
|-end|p2a: Walking Wake|Protosynthesis
|-heal|p1a: Fatty whopper|99/100|[from] item: Leftovers
|upkeep
|turn|9
|
|t:|1779849048
|switch|p1a: Arkham birbby|Corviknight, F|100/100
|-ability|p1a: Arkham birbby|Unnerve
|move|p2a: Walking Wake|Draco Meteor|p1a: Arkham birbby
|-resisted|p1a: Arkham birbby
|-damage|p1a: Arkham birbby|88/100
|-unboost|p2a: Walking Wake|spa|2
|
|-heal|p1a: Arkham birbby|94/100|[from] item: Leftovers
|upkeep
|turn|10
|
|t:|1779849060
|move|p2a: Walking Wake|Flamethrower|p1a: Arkham birbby
|-supereffective|p1a: Arkham birbby
|-damage|p1a: Arkham birbby|78/100
|move|p1a: Arkham birbby|Bulk Up|p1a: Arkham birbby
|-boost|p1a: Arkham birbby|atk|1
|-boost|p1a: Arkham birbby|def|1
|
|-heal|p1a: Arkham birbby|85/100|[from] item: Leftovers
|upkeep
|turn|11
|
|t:|1779849070
|move|p2a: Walking Wake|Flip Turn|p1a: Arkham birbby
|-damage|p1a: Arkham birbby|76/100
|
|t:|1779849083
|-end|p2a: Walking Wake|Protosynthesis|[silent]
|switch|p2a: Raging Bolt|Raging Bolt|100/100|[from] Flip Turn
|-item|p2a: Raging Bolt|Air Balloon
|move|p1a: Arkham birbby|Bulk Up|p1a: Arkham birbby
|-boost|p1a: Arkham birbby|atk|1
|-boost|p1a: Arkham birbby|def|1
|
|-heal|p1a: Arkham birbby|83/100|[from] item: Leftovers
|upkeep
|turn|12
|
|t:|1779849097
|switch|p1a: Fatty whopper|Blissey, F|99/100
|move|p2a: Raging Bolt|Thunderclap||[still]
|-fail|p2a: Raging Bolt
|
|-heal|p1a: Fatty whopper|100/100|[from] item: Leftovers
|upkeep
|turn|13
|
|t:|1779849105
|move|p2a: Raging Bolt|Thunderbolt|p1a: Fatty whopper
|-damage|p1a: Fatty whopper|81/100
|move|p1a: Fatty whopper|Seismic Toss|p2a: Raging Bolt
|-damage|p2a: Raging Bolt|75/100
|-enditem|p2a: Raging Bolt|Air Balloon
|
|-heal|p1a: Fatty whopper|87/100|[from] item: Leftovers
|upkeep
|turn|14
|
|t:|1779849115
|move|p2a: Raging Bolt|Calm Mind|p2a: Raging Bolt
|-boost|p2a: Raging Bolt|spa|1
|-boost|p2a: Raging Bolt|spd|1
|move|p1a: Fatty whopper|Seismic Toss|p2a: Raging Bolt
|-damage|p2a: Raging Bolt|49/100
|
|-heal|p1a: Fatty whopper|93/100|[from] item: Leftovers
|upkeep
|turn|15
|
|t:|1779849124
|move|p2a: Raging Bolt|Calm Mind|p2a: Raging Bolt
|-boost|p2a: Raging Bolt|spa|1
|-boost|p2a: Raging Bolt|spd|1
|move|p1a: Fatty whopper|Seismic Toss|p2a: Raging Bolt
|-damage|p2a: Raging Bolt|24/100
|
|-heal|p1a: Fatty whopper|99/100|[from] item: Leftovers
|upkeep
|turn|16
|
|t:|1779849133
|move|p1a: Fatty whopper|Protect|p1a: Fatty whopper
|-singleturn|p1a: Fatty whopper|Protect
|move|p2a: Raging Bolt|Thunderbolt|p1a: Fatty whopper
|-activate|p1a: Fatty whopper|move: Protect
|
|-heal|p1a: Fatty whopper|100/100|[from] item: Leftovers
|upkeep
|turn|17
|
|t:|1779849141
|move|p2a: Raging Bolt|Thunderbolt|p1a: Fatty whopper
|-damage|p1a: Fatty whopper|60/100
|move|p1a: Fatty whopper|Seismic Toss|p2a: Raging Bolt
|-damage|p2a: Raging Bolt|0 fnt
|faint|p2a: Raging Bolt
|-end|p2a: Raging Bolt|Protosynthesis|[silent]
|
|-heal|p1a: Fatty whopper|66/100|[from] item: Leftovers
|upkeep
|
|t:|1779849149
|switch|p2a: Great Tusk|Great Tusk|100/100
|turn|18
|
|t:|1779849154
|switch|p1a: Arkham birbby|Corviknight, F|83/100
|-ability|p1a: Arkham birbby|Unnerve
|move|p2a: Great Tusk|Close Combat|p1a: Arkham birbby
|-damage|p1a: Arkham birbby|31/100
|-unboost|p2a: Great Tusk|def|1
|-unboost|p2a: Great Tusk|spd|1
|
|-heal|p1a: Arkham birbby|37/100|[from] item: Leftovers
|upkeep
|turn|19
|
|t:|1779849178
|move|p2a: Great Tusk|Ice Spinner|p1a: Arkham birbby
|-damage|p1a: Arkham birbby|16/100
|move|p1a: Arkham birbby|Roost|p1a: Arkham birbby
|-heal|p1a: Arkham birbby|66/100
|-singleturn|p1a: Arkham birbby|move: Roost
|
|-heal|p1a: Arkham birbby|72/100|[from] item: Leftovers
|upkeep
|turn|20
|
|t:|1779849191
|move|p2a: Great Tusk|Close Combat|p1a: Arkham birbby
|-damage|p1a: Arkham birbby|19/100
|-unboost|p2a: Great Tusk|def|1
|-unboost|p2a: Great Tusk|spd|1
|move|p1a: Arkham birbby|Roost|p1a: Arkham birbby
|-heal|p1a: Arkham birbby|69/100
|-singleturn|p1a: Arkham birbby|move: Roost
|
|-heal|p1a: Arkham birbby|75/100|[from] item: Leftovers
|upkeep
|turn|21
|
|t:|1779849209
|switch|p1a: Spikey thingy|Toxapex, M|100/100
|move|p2a: Great Tusk|Close Combat|p1a: Spikey thingy
|-resisted|p1a: Spikey thingy
|-damage|p1a: Spikey thingy|82/100
|-unboost|p2a: Great Tusk|def|1
|-unboost|p2a: Great Tusk|spd|1
|
|-heal|p1a: Spikey thingy|88/100|[from] item: Leftovers
|upkeep
|turn|22
|inactive|magicsalt has 120 seconds left.
|
|t:|1779849225
|switch|p1a: Arkham birbby|Corviknight, F|75/100
|-ability|p1a: Arkham birbby|Unnerve
|move|p2a: Great Tusk|Headlong Rush|p1a: Arkham birbby
|-immune|p1a: Arkham birbby
|
|-heal|p1a: Arkham birbby|82/100|[from] item: Leftovers
|upkeep
|turn|23
|inactive|magicsalt has 120 seconds left.
|
|t:|1779849235
|move|p2a: Great Tusk|Close Combat|p1a: Arkham birbby
|-damage|p1a: Arkham birbby|31/100
|-unboost|p2a: Great Tusk|def|1
|-unboost|p2a: Great Tusk|spd|1
|move|p1a: Arkham birbby|Bulk Up|p1a: Arkham birbby
|-boost|p1a: Arkham birbby|atk|1
|-boost|p1a: Arkham birbby|def|1
|
|-heal|p1a: Arkham birbby|37/100|[from] item: Leftovers
|upkeep
|turn|24
|inactive|magicsalt has 120 seconds left.
|
|t:|1779849248
|-terastallize|p1a: Arkham birbby|Ghost
|move|p2a: Great Tusk|Close Combat|p1a: Arkham birbby
|-immune|p1a: Arkham birbby
|move|p1a: Arkham birbby|Roost|p1a: Arkham birbby
|-heal|p1a: Arkham birbby|87/100
|
|-heal|p1a: Arkham birbby|94/100|[from] item: Leftovers
|upkeep
|turn|25
|inactive|magicsalt has 120 seconds left.
|
|t:|1779849261
|move|p2a: Great Tusk|Headlong Rush|p1a: Arkham birbby
|-damage|p1a: Arkham birbby|58/100
|-unboost|p2a: Great Tusk|def|1
|-unboost|p2a: Great Tusk|spd|1
|move|p1a: Arkham birbby|Bulk Up|p1a: Arkham birbby
|-boost|p1a: Arkham birbby|atk|1
|-boost|p1a: Arkham birbby|def|1
|
|-heal|p1a: Arkham birbby|65/100|[from] item: Leftovers
|upkeep
|turn|26
|inactive|magicsalt has 120 seconds left.
|
|t:|1779849279
|move|p2a: Great Tusk|Ice Spinner|p1a: Arkham birbby
|-damage|p1a: Arkham birbby|53/100
|move|p1a: Arkham birbby|Power Trip|p2a: Great Tusk
|-resisted|p2a: Great Tusk
|-damage|p2a: Great Tusk|53/100
|
|-heal|p1a: Arkham birbby|60/100|[from] item: Leftovers
|upkeep
|turn|27
|inactive|magicsalt has 120 seconds left.
|-message|nbmarginal forfeited.
|
|win|magicsalt
|raw|magicsalt's rating: 1097 &rarr; <strong>1119</strong><br />(+22 for winning)
|raw|nbmarginal's rating: 1051 &rarr; <strong>1036</strong><br />(-15 for losing)
|l|☆nbmarginal
|player|p2|
