|j|☆yesnet
|j|☆Ragged_Rag_King
|t:|1779807531
|gametype|singles
|player|p1|yesnet|pokemaniac|1107
|player|p2|Ragged_Rag_King|fisherman-gen4|1071
|gen|9
|tier|[Gen 9] OU
|rated|
|rule|HP Percentage Mod: HP is shown in percentages
|rule|Endless Battle Clause: Forcing endless battles is banned
|rule|Species Clause: Limit one of each Pokémon
|rule|OHKO Clause: OHKO moves are banned
|rule|Evasion Items Clause: Evasion items are banned
|rule|Evasion Moves Clause: Evasion moves are banned
|rule|Evasion Abilities Clause: Evasion abilities are banned
|rule|Sleep Moves Clause: Sleep-inducing moves are banned
|clearpoke
|poke|p1|Minior-Orange|
|poke|p1|Primarina, F|
|poke|p1|Heatran, M|
|poke|p1|Drifblim, F|
|poke|p1|Rillaboom, M|
|poke|p1|Kingambit, M|
|poke|p2|Orthworm, M|
|poke|p2|Chandelure, M|
|poke|p2|Zebstrika, M|
|poke|p2|Gastrodon-East, M|
|poke|p2|Pawmot, M|
|poke|p2|Clodsire, M|
|teampreview
|inactive|Battle timer is ON: inactive players will automatically lose when time's up. (requested by yesnet)
|
|t:|1779807538
|teamsize|p1|6
|teamsize|p2|6
|start
|switch|p1a: Heatran|Heatran, M|100/100
|switch|p2a: Gastrodon|Gastrodon-East, M|100/100
|turn|1
|
|t:|1779807545
|switch|p1a: Rillaboom|Rillaboom, M|100/100
|-fieldstart|move: Grassy Terrain|[from] ability: Grassy Surge|[of] p1a: Rillaboom
|move|p2a: Gastrodon|Earthquake|p1a: Rillaboom
|-resisted|p1a: Rillaboom
|-damage|p1a: Rillaboom|93/100
|
|-heal|p1a: Rillaboom|99/100|[from] Grassy Terrain
|upkeep
|turn|2
|
|t:|1779807554
|switch|p2a: Zebstrika|Zebstrika, M|100/100
|move|p1a: Rillaboom|Wood Hammer|p2a: Zebstrika
|-ability|p2a: Zebstrika|Sap Sipper|boost
|-boost|p2a: Zebstrika|atk|1
|
|-heal|p1a: Rillaboom|100/100|[from] Grassy Terrain
|upkeep
|turn|3
|
|t:|1779807562
|move|p2a: Zebstrika|Flame Charge|p1a: Rillaboom
|-supereffective|p1a: Rillaboom
|-damage|p1a: Rillaboom|51/100
|-boost|p2a: Zebstrika|spe|1
|move|p1a: Rillaboom|U-turn|p2a: Zebstrika
|-damage|p2a: Zebstrika|62/100
|
|t:|1779807572
|switch|p1a: Kingambit|Kingambit, M|100/100|[from] U-turn
|-ability|p1a: Kingambit|Pressure
|
|-heal|p2a: Zebstrika|68/100|[from] Grassy Terrain
|upkeep
|turn|4
|
|t:|1779807580
|switch|p1a: Heatran|Heatran, M|100/100
|move|p2a: Zebstrika|Flame Charge|p1a: Heatran
|-start|p1a: Heatran|ability: Flash Fire
|
|-heal|p2a: Zebstrika|74/100|[from] Grassy Terrain
|upkeep
|turn|5
|
|t:|1779807592
|move|p2a: Zebstrika|High Horsepower|p1a: Heatran
|-supereffective|p1a: Heatran
|-damage|p1a: Heatran|0 fnt
|faint|p1a: Heatran
|
|-heal|p2a: Zebstrika|81/100|[from] Grassy Terrain
|upkeep
|
|t:|1779807599
|switch|p1a: Mango|Minior-Orange|100/100
|-formechange|p1a: Mango|Minior-Meteor||[from] ability: Shields Down
|turn|6
|
|t:|1779807605
|move|p2a: Zebstrika|Supercell Slam|p1a: Mango
|-supereffective|p1a: Mango
|-enditem|p1a: Mango|Focus Sash
|-damage|p1a: Mango|1/100
|move|p1a: Mango|Shell Smash|p1a: Mango
|-unboost|p1a: Mango|def|1
|-unboost|p1a: Mango|spd|1
|-boost|p1a: Mango|atk|2
|-boost|p1a: Mango|spa|2
|-boost|p1a: Mango|spe|2
|-enditem|p2a: Zebstrika|Mirror Herb
|-boost|p2a: Zebstrika|atk|2|[from] item: Mirror Herb
|-boost|p2a: Zebstrika|spa|2|[from] item: Mirror Herb
|-boost|p2a: Zebstrika|spe|2|[from] item: Mirror Herb
|
|-heal|p2a: Zebstrika|87/100|[from] Grassy Terrain
|-formechange|p1a: Mango|Minior-Orange||[from] ability: Shields Down
|upkeep
|turn|7
|
|t:|1779807624
|move|p2a: Zebstrika|Flame Charge|p1a: Mango
|-resisted|p1a: Mango
|-damage|p1a: Mango|0 fnt
|-boost|p2a: Zebstrika|spe|1
|faint|p1a: Mango
|
|-heal|p2a: Zebstrika|93/100|[from] Grassy Terrain
|upkeep
|-message|yesnet forfeited.
|
|win|Ragged_Rag_King
|raw|yesnet's rating: 1107 &rarr; <strong>1079</strong><br />(-28 for losing)
|raw|Ragged_Rag_King's rating: 1071 &rarr; <strong>1103</strong><br />(+32 for winning)
|l|☆yesnet
|player|p1|
|l|☆Ragged_Rag_King
|player|p2|
