|j|☆jhfsjdhfksjdhf
|j|☆Frozmo
|t:|1779870789
|gametype|singles
|player|p1|jhfsjdhfksjdhf|102|1344
|player|p2|Frozmo|dawn|1321
|gen|9
|tier|[Gen 9] OU
|rated|
|rule|HP Percentage Mod: HP is shown in percentages
|rule|Endless Battle Clause: Forcing endless battles is banned
|rule|Species Clause: Limit one of each Pokémon
|rule|OHKO Clause: OHKO moves are banned
|rule|Evasion Items Clause: Evasion items are banned
|rule|Evasion Moves Clause: Evasion moves are banned
|rule|Evasion Abilities Clause: Evasion abilities are banned
|rule|Sleep Moves Clause: Sleep-inducing moves are banned
|clearpoke
|poke|p1|Ribombee, M|
|poke|p1|Gholdengo|
|poke|p1|Dragonite, M|
|poke|p1|Darkrai|
|poke|p1|Landorus-Therian, M|
|poke|p1|Raikou|
|poke|p2|Cloyster, F|
|poke|p2|Ninetales-Alola, F|
|poke|p2|Polteageist|
|poke|p2|Ogerpon-Wellspring, F|
|poke|p2|Iron Treads|
|poke|p2|Dragonite, M|
|teampreview
|inactive|Battle timer is ON: inactive players will automatically lose when time's up. (requested by Frozmo)
|
|t:|1779870803
|teamsize|p1|6
|teamsize|p2|6
|start
|switch|p1a: Ribombee|Ribombee, M|100/100
|switch|p2a: Cloyster|Cloyster, F|100/100
|turn|1
|
|t:|1779870810
|move|p1a: Ribombee|Charm|p2a: Cloyster
|-unboost|p2a: Cloyster|atk|2
|move|p2a: Cloyster|Shell Smash|p2a: Cloyster
|-unboost|p2a: Cloyster|def|1
|-unboost|p2a: Cloyster|spd|1
|-boost|p2a: Cloyster|atk|2
|-boost|p2a: Cloyster|spa|2
|-boost|p2a: Cloyster|spe|2
|
|upkeep
|turn|2
|
|t:|1779870818
|move|p2a: Cloyster|Rock Blast|p1a: Ribombee
|-supereffective|p1a: Ribombee
|-damage|p1a: Ribombee|77/100
|-supereffective|p1a: Ribombee
|-damage|p1a: Ribombee|50/100
|-supereffective|p1a: Ribombee
|-damage|p1a: Ribombee|26/100
|-supereffective|p1a: Ribombee
|-damage|p1a: Ribombee|2/100
|-supereffective|p1a: Ribombee
|-damage|p1a: Ribombee|0 fnt
|faint|p1a: Ribombee
|-hitcount|p1: Ribombee|5
|
|upkeep
|
|t:|1779870832
|switch|p1a: Darkrai|Darkrai|100/100
|turn|3
|
|t:|1779870837
|-terastallize|p2a: Cloyster|Ice
|move|p2a: Cloyster|Icicle Spear|p1a: Darkrai
|-damage|p1a: Darkrai|78/100
|-damage|p1a: Darkrai|54/100
|-damage|p1a: Darkrai|30/100
|-damage|p1a: Darkrai|5/100
|-damage|p1a: Darkrai|0 fnt
|faint|p1a: Darkrai
|-hitcount|p1: Darkrai|5
|
|upkeep
|
|t:|1779870848
|switch|p1a: Gholdengo|Gholdengo|100/100
|turn|4
|
|t:|1779870856
|move|p2a: Cloyster|Icicle Spear|p1a: Gholdengo
|-resisted|p1a: Gholdengo
|-damage|p1a: Gholdengo|90/100
|-resisted|p1a: Gholdengo
|-damage|p1a: Gholdengo|80/100
|-resisted|p1a: Gholdengo
|-damage|p1a: Gholdengo|69/100
|-resisted|p1a: Gholdengo
|-damage|p1a: Gholdengo|59/100
|-resisted|p1a: Gholdengo
|-damage|p1a: Gholdengo|47/100
|-hitcount|p1a: Gholdengo|5
|move|p1a: Gholdengo|Shadow Ball|p2a: Cloyster
|-damage|p2a: Cloyster|0 fnt
|faint|p2a: Cloyster
|
|upkeep
|
|t:|1779870864
|switch|p2a: Ninetales|Ninetales-Alola, F|100/100
|-weather|Snowscape|[from] ability: Snow Warning|[of] p2a: Ninetales
|turn|5
|
|t:|1779870876
|switch|p2a: Iron Treads|Iron Treads|100/100
|-enditem|p2a: Iron Treads|Booster Energy
|-activate|p2a: Iron Treads|ability: Quark Drive|[fromitem]
|-start|p2a: Iron Treads|quarkdrivespe
|move|p1a: Gholdengo|Nasty Plot|p1a: Gholdengo
|-boost|p1a: Gholdengo|spa|2
|
|-weather|Snowscape|[upkeep]
|upkeep
|turn|6
|
|t:|1779870881
|move|p2a: Iron Treads|Earth Power|p1a: Gholdengo
|-supereffective|p1a: Gholdengo
|-damage|p1a: Gholdengo|0 fnt
|faint|p1a: Gholdengo
|
|-weather|Snowscape|[upkeep]
|upkeep
|
|t:|1779870885
|switch|p1a: Landorus|Landorus-Therian, M|100/100
|-ability|p1a: Landorus|Intimidate|boost
|-unboost|p2a: Iron Treads|atk|1
|turn|7
|
|t:|1779870890
|move|p2a: Iron Treads|Stealth Rock|p1a: Landorus
|-sidestart|p1: jhfsjdhfksjdhf|move: Stealth Rock
|move|p1a: Landorus|Earthquake|p2a: Iron Treads
|-supereffective|p2a: Iron Treads
|-damage|p2a: Iron Treads|0 fnt
|faint|p2a: Iron Treads
|-end|p2a: Iron Treads|Quark Drive|[silent]
|
|-weather|Snowscape|[upkeep]
|upkeep
|
|t:|1779870896
|switch|p2a: Ninetales|Ninetales-Alola, F|100/100
|turn|8
|
|t:|1779870899
|move|p2a: Ninetales|Freeze-Dry|p1a: Landorus
|-supereffective|p1a: Landorus
|-enditem|p1a: Landorus|Focus Sash
|-damage|p1a: Landorus|1/100
|move|p1a: Landorus|Stealth Rock|p2a: Ninetales
|-sidestart|p2: Frozmo|move: Stealth Rock
|
|-weather|Snowscape|[upkeep]
|upkeep
|turn|9
|
|t:|1779870903
|move|p2a: Ninetales|Freeze-Dry|p1a: Landorus
|-supereffective|p1a: Landorus
|-damage|p1a: Landorus|0 fnt
|faint|p1a: Landorus
|
|-weather|none
|upkeep
|
|t:|1779870911
|switch|p1a: Raikou|Raikou|100/100
|-ability|p1a: Raikou|Pressure
|turn|10
|
|t:|1779870922
|move|p2a: Ninetales|Moonblast|p1a: Raikou
|-damage|p1a: Raikou|60/100
|move|p1a: Raikou|Thunderbolt|p2a: Ninetales
|-damage|p2a: Ninetales|45/100
|
|upkeep
|turn|11
|
|t:|1779870928
|move|p2a: Ninetales|Moonblast|p1a: Raikou
|-damage|p1a: Raikou|18/100
|-unboost|p1a: Raikou|spa|1
|move|p1a: Raikou|Thunderbolt|p2a: Ninetales
|-damage|p2a: Ninetales|9/100
|
|upkeep
|turn|12
|
|t:|1779870932
|move|p2a: Ninetales|Moonblast|p1a: Raikou
|-damage|p1a: Raikou|0 fnt
|faint|p1a: Raikou
|
|upkeep
|
|t:|1779870935
|switch|p1a: Dragonite|Dragonite, M|100/100
|turn|13
|
|t:|1779870942
|-terastallize|p1a: Dragonite|Normal
|move|p2a: Ninetales|Freeze-Dry|p1a: Dragonite
|-damage|p1a: Dragonite|86/100
|move|p1a: Dragonite|Dragon Dance|p1a: Dragonite
|-boost|p1a: Dragonite|atk|1
|-boost|p1a: Dragonite|spe|1
|
|upkeep
|turn|14
|
|t:|1779870949
|move|p1a: Dragonite|Extreme Speed|p2a: Ninetales
|-damage|p2a: Ninetales|0 fnt
|faint|p2a: Ninetales
|
|upkeep
|
|t:|1779870959
|switch|p2a: Ogerpon|Ogerpon-Wellspring, F|100/100
|-damage|p2a: Ogerpon|88/100|[from] Stealth Rock
|turn|15
|
|t:|1779870967
|move|p1a: Dragonite|Extreme Speed|p2a: Ogerpon
|-damage|p2a: Ogerpon|0 fnt
|faint|p2a: Ogerpon
|
|upkeep
|
|t:|1779870970
|switch|p2a: Dragonite|Dragonite, M|100/100
|turn|16
|
|t:|1779870977
|move|p2a: Dragonite|Extreme Speed|p1a: Dragonite
|-damage|p1a: Dragonite|52/100
|move|p1a: Dragonite|Ice Spinner|p2a: Dragonite
|-supereffective|p2a: Dragonite
|-damage|p2a: Dragonite|1/100
|
|upkeep
|turn|17
|
|t:|1779870983
|move|p1a: Dragonite|Extreme Speed|p2a: Dragonite
|-damage|p2a: Dragonite|0 fnt
|faint|p2a: Dragonite
|
|upkeep
|
|t:|1779870989
|switch|p2a: Polteageist|Polteageist|100/100
|-damage|p2a: Polteageist|88/100|[from] Stealth Rock
|turn|18
|
|t:|1779870994
|move|p1a: Dragonite|Earthquake|p2a: Polteageist
|-damage|p2a: Polteageist|21/100
|move|p2a: Polteageist|Strength Sap|p1a: Dragonite
|-unboost|p1a: Dragonite|atk|1
|-heal|p2a: Polteageist|100/100
|
|upkeep
|turn|19
|
|t:|1779871004
|move|p1a: Dragonite|Dragon Dance|p1a: Dragonite
|-boost|p1a: Dragonite|atk|1
|-boost|p1a: Dragonite|spe|1
|move|p2a: Polteageist|Shell Smash|p2a: Polteageist
|-unboost|p2a: Polteageist|def|1
|-unboost|p2a: Polteageist|spd|1
|-boost|p2a: Polteageist|atk|2
|-boost|p2a: Polteageist|spa|2
|-boost|p2a: Polteageist|spe|2
|-enditem|p2a: Polteageist|White Herb
|-clearnegativeboost|p2a: Polteageist|[silent]
|
|upkeep
|turn|20
|
|t:|1779871012
|move|p1a: Dragonite|Earthquake|p2a: Polteageist
|-damage|p2a: Polteageist|30/100
|move|p2a: Polteageist|Giga Drain|p1a: Dragonite
|-damage|p1a: Dragonite|6/100
|-heal|p2a: Polteageist|53/100|[from] drain|[of] p1a: Dragonite
|
|upkeep
|turn|21
|
|t:|1779871021
|move|p1a: Dragonite|Earthquake|p2a: Polteageist
|-damage|p2a: Polteageist|0 fnt
|faint|p2a: Polteageist
|
|win|jhfsjdhfksjdhf
|raw|jhfsjdhfksjdhf's rating: 1344 &rarr; <strong>1363</strong><br />(+19 for winning)
|raw|Frozmo's rating: 1321 &rarr; <strong>1302</strong><br />(-19 for losing)
|l|☆Frozmo
|player|p2|
|l|☆jhfsjdhfksjdhf
|player|p1|
