|j|☆QuincyPKM
|j|☆Qbreezy
|t:|1779857229
|gametype|singles
|player|p1|QuincyPKM|giovanni|1312
|player|p2|Qbreezy|cilan|1359
|gen|9
|tier|[Gen 9] OU
|rated|
|rule|HP Percentage Mod: HP is shown in percentages
|rule|Endless Battle Clause: Forcing endless battles is banned
|rule|Species Clause: Limit one of each Pokémon
|rule|OHKO Clause: OHKO moves are banned
|rule|Evasion Items Clause: Evasion items are banned
|rule|Evasion Moves Clause: Evasion moves are banned
|rule|Evasion Abilities Clause: Evasion abilities are banned
|rule|Sleep Moves Clause: Sleep-inducing moves are banned
|clearpoke
|poke|p1|Volcanion|
|poke|p1|Rillaboom, M|
|poke|p1|Slowking-Galar, F|
|poke|p1|Scizor, F|
|poke|p1|Raging Bolt|
|poke|p1|Great Tusk|
|poke|p2|Sinistcha|
|poke|p2|Rotom-Wash|
|poke|p2|Kyurem|
|poke|p2|Iron Valiant|
|poke|p2|Arcanine-Hisui, M|
|poke|p2|Mandibuzz, F|
|teampreview
|inactive|Battle timer is ON: inactive players will automatically lose when time's up. (requested by QuincyPKM)
|
|t:|1779857238
|teamsize|p1|6
|teamsize|p2|6
|start
|switch|p1a: Rillaboom|Rillaboom, M|100/100
|switch|p2a: FAHHHH|Kyurem|100/100
|-ability|p2a: FAHHHH|Pressure
|-fieldstart|move: Grassy Terrain|[from] ability: Grassy Surge|[of] p1a: Rillaboom
|turn|1
|
|t:|1779857252
|move|p2a: FAHHHH|Freeze-Dry|p1a: Rillaboom
|-supereffective|p1a: Rillaboom
|-damage|p1a: Rillaboom|21/100
|move|p1a: Rillaboom|U-turn|p2a: FAHHHH
|-damage|p2a: FAHHHH|80/100
|
|t:|1779857259
|switch|p1a: Scizor|Scizor, F|100/100|[from] U-turn
|
|-heal|p2a: FAHHHH|86/100|[from] Grassy Terrain
|upkeep
|turn|2
|
|t:|1779857274
|switch|p2a: Spin Cycle|Rotom-Wash|100/100
|move|p1a: Scizor|Bullet Punch|p2a: Spin Cycle
|-resisted|p2a: Spin Cycle
|-damage|p2a: Spin Cycle|91/100
|-damage|p1a: Scizor|84/100|[from] item: Rocky Helmet|[of] p2a: Spin Cycle
|
|-heal|p1a: Scizor|90/100|[from] Grassy Terrain
|upkeep
|turn|3
|
|t:|1779857284
|switch|p1a: Raging Bolt|Raging Bolt|100/100
|move|p2a: Spin Cycle|Volt Switch|p1a: Raging Bolt
|-resisted|p1a: Raging Bolt
|-damage|p1a: Raging Bolt|95/100
|
|t:|1779857290
|switch|p2a: FAHHHH|Kyurem|86/100|[from] Volt Switch
|-ability|p2a: FAHHHH|Pressure
|
|-heal|p2a: FAHHHH|93/100|[from] Grassy Terrain
|-heal|p1a: Raging Bolt|100/100|[from] Grassy Terrain
|upkeep
|turn|4
|
|t:|1779857312
|-terastallize|p1a: Raging Bolt|Fairy
|move|p2a: FAHHHH|Ice Beam|p1a: Raging Bolt
|-damage|p1a: Raging Bolt|46/100
|move|p1a: Raging Bolt|Draco Meteor|p2a: FAHHHH
|-supereffective|p2a: FAHHHH
|-damage|p2a: FAHHHH|0 fnt
|-unboost|p1a: Raging Bolt|spa|2
|faint|p2a: FAHHHH
|
|-heal|p1a: Raging Bolt|52/100|[from] Grassy Terrain
|upkeep
|
|t:|1779857329
|switch|p2a: I miss you|Arcanine-Hisui, M|100/100
|turn|5
|
|t:|1779857337
|-end|p1a: Raging Bolt|Protosynthesis|[silent]
|switch|p1a: Great Tusk|Great Tusk|100/100
|move|p2a: I miss you|Head Smash|p1a: Great Tusk
|-resisted|p1a: Great Tusk
|-damage|p1a: Great Tusk|82/100
|
|-heal|p1a: Great Tusk|88/100|[from] Grassy Terrain
|-fieldend|move: Grassy Terrain
|upkeep
|turn|6
|
|t:|1779857345
|switch|p2a: Spin Cycle|Rotom-Wash|91/100
|move|p1a: Great Tusk|Stealth Rock|p2a: Spin Cycle
|-sidestart|p2: Qbreezy|move: Stealth Rock
|
|upkeep
|turn|7
|
|t:|1779857359
|move|p1a: Great Tusk|Close Combat|p2a: Spin Cycle
|-damage|p2a: Spin Cycle|52/100
|-unboost|p1a: Great Tusk|def|1
|-unboost|p1a: Great Tusk|spd|1
|-damage|p1a: Great Tusk|71/100|[from] item: Rocky Helmet|[of] p2a: Spin Cycle
|move|p2a: Spin Cycle|Will-O-Wisp|p1a: Great Tusk
|-status|p1a: Great Tusk|brn
|
|-damage|p1a: Great Tusk|65/100 brn|[from] brn
|upkeep
|turn|8
|
|t:|1779857372
|-end|p1a: Great Tusk|Protosynthesis|[silent]
|switch|p1a: Rillaboom|Rillaboom, M|21/100
|-fieldstart|move: Grassy Terrain|[from] ability: Grassy Surge|[of] p1a: Rillaboom
|move|p2a: Spin Cycle|Hydro Pump|p1a: Rillaboom
|-resisted|p1a: Rillaboom
|-damage|p1a: Rillaboom|8/100
|
|-heal|p1a: Rillaboom|14/100|[from] Grassy Terrain
|upkeep
|turn|9
|
|t:|1779857385
|move|p1a: Rillaboom|Grassy Glide|p2a: Spin Cycle
|-supereffective|p2a: Spin Cycle
|-damage|p2a: Spin Cycle|0 fnt
|-damage|p1a: Rillaboom|0 fnt|[from] item: Rocky Helmet|[of] p2a: Spin Cycle
|faint|p2a: Spin Cycle
|faint|p1a: Rillaboom
|
|upkeep
|
|t:|1779857403
|switch|p1a: Scizor|Scizor, F|90/100
|switch|p2a: I miss you|Arcanine-Hisui, M|100/100
|-damage|p2a: I miss you|76/100|[from] Stealth Rock
|turn|10
|
|t:|1779857415
|move|p2a: I miss you|Flare Blitz|p1a: Scizor
|-supereffective|p1a: Scizor
|-damage|p1a: Scizor|0 fnt
|faint|p1a: Scizor
|
|-heal|p2a: I miss you|82/100|[from] Grassy Terrain
|upkeep
|
|t:|1779857426
|switch|p1a: Volcanion|Volcanion|100/100
|turn|11
|
|t:|1779857432
|switch|p2a: No Lefties|Mandibuzz, F|100/100
|move|p1a: Volcanion|Steam Eruption|p2a: No Lefties
|-damage|p2a: No Lefties|20/100
|
|upkeep
|turn|12
|
|t:|1779857441
|switch|p1a: Slowking|Slowking-Galar, F|100/100
|move|p2a: No Lefties|Toxic|p1a: Slowking
|-immune|p1a: Slowking
|
|-fieldend|move: Grassy Terrain
|upkeep
|turn|13
|
|t:|1779857451
|move|p2a: No Lefties|Defog|p1a: Slowking
|-unboost|p1a: Slowking|evasion|1
|-sideend|p2: Qbreezy|Stealth Rock|[from] move: Defog|[of] p2a: No Lefties
|move|p1a: Slowking|Sludge Bomb|p2a: No Lefties
|-damage|p2a: No Lefties|0 fnt
|faint|p2a: No Lefties
|
|upkeep
|
|t:|1779857463
|switch|p2a: I miss you|Arcanine-Hisui, M|82/100
|turn|14
|
|t:|1779857467
|switch|p1a: Great Tusk|Great Tusk|65/100 brn
|move|p2a: I miss you|Head Smash|p1a: Great Tusk|[miss]
|-miss|p2a: I miss you|p1a: Great Tusk
|
|-damage|p1a: Great Tusk|59/100 brn|[from] brn
|upkeep
|turn|15
|
|t:|1779857477
|switch|p2a: Tcha-Tcha-Tcha|Sinistcha|100/100
|move|p1a: Great Tusk|Stealth Rock|p2a: Tcha-Tcha-Tcha
|-sidestart|p2: Qbreezy|move: Stealth Rock
|
|-damage|p1a: Great Tusk|53/100 brn|[from] brn
|upkeep
|turn|16
|
|t:|1779857486
|-end|p1a: Great Tusk|Protosynthesis|[silent]
|switch|p1a: Slowking|Slowking-Galar, F|100/100
|move|p2a: Tcha-Tcha-Tcha|Calm Mind|p2a: Tcha-Tcha-Tcha
|-boost|p2a: Tcha-Tcha-Tcha|spa|1
|-boost|p2a: Tcha-Tcha-Tcha|spd|1
|
|upkeep
|turn|17
|
|t:|1779857495
|move|p2a: Tcha-Tcha-Tcha|Calm Mind|p2a: Tcha-Tcha-Tcha
|-boost|p2a: Tcha-Tcha-Tcha|spa|1
|-boost|p2a: Tcha-Tcha-Tcha|spd|1
|move|p1a: Slowking|Sludge Bomb|p2a: Tcha-Tcha-Tcha
|-damage|p2a: Tcha-Tcha-Tcha|81/100
|
|-heal|p2a: Tcha-Tcha-Tcha|87/100|[from] item: Leftovers
|upkeep
|turn|18
|
|t:|1779857503
|move|p2a: Tcha-Tcha-Tcha|Hex|p1a: Slowking
|-supereffective|p1a: Slowking
|-damage|p1a: Slowking|36/100
|move|p1a: Slowking|Sludge Bomb|p2a: Tcha-Tcha-Tcha
|-damage|p2a: Tcha-Tcha-Tcha|66/100
|
|-heal|p2a: Tcha-Tcha-Tcha|72/100|[from] item: Leftovers
|upkeep
|turn|19
|
|t:|1779857512
|move|p2a: Tcha-Tcha-Tcha|Hex|p1a: Slowking
|-supereffective|p1a: Slowking
|-damage|p1a: Slowking|0 fnt
|faint|p1a: Slowking
|
|-heal|p2a: Tcha-Tcha-Tcha|79/100|[from] item: Leftovers
|upkeep
|
|t:|1779857536
|switch|p1a: Raging Bolt|Raging Bolt, tera:Fairy|52/100
|turn|20
|
|t:|1779857550
|move|p2a: Tcha-Tcha-Tcha|Matcha Gotcha|p1a: Raging Bolt
|-damage|p1a: Raging Bolt|0 fnt
|-heal|p2a: Tcha-Tcha-Tcha|100/100|[from] drain|[of] p1a: Raging Bolt
|faint|p1a: Raging Bolt
|-end|p1a: Raging Bolt|Protosynthesis|[silent]
|
|upkeep
|
|t:|1779857553
|switch|p1a: Volcanion|Volcanion|100/100
|turn|21
|
|t:|1779857573
|move|p1a: Volcanion|Steam Eruption|p2a: Tcha-Tcha-Tcha
|-resisted|p2a: Tcha-Tcha-Tcha
|-damage|p2a: Tcha-Tcha-Tcha|72/100
|move|p2a: Tcha-Tcha-Tcha|Matcha Gotcha|p1a: Volcanion
|-damage|p1a: Volcanion|22/100
|-heal|p2a: Tcha-Tcha-Tcha|100/100|[from] drain|[of] p1a: Volcanion
|
|upkeep
|turn|22
|-message|QuincyPKM forfeited.
|
|win|Qbreezy
|raw|QuincyPKM's rating: 1312 &rarr; <strong>1295</strong><br />(-17 for losing)
|raw|Qbreezy's rating: 1359 &rarr; <strong>1376</strong><br />(+17 for winning)
|l|☆QuincyPKM
|player|p1|
