|j|☆vartholomeus
|j|☆dickman49
|t:|1779842274
|gametype|singles
|player|p1|vartholomeus|gambler|1418
|player|p2|dickman49|ghetsis-gen5bw|1366
|gen|9
|tier|[Gen 9] OU
|rated|
|rule|HP Percentage Mod: HP is shown in percentages
|rule|Endless Battle Clause: Forcing endless battles is banned
|rule|Species Clause: Limit one of each Pokémon
|rule|OHKO Clause: OHKO moves are banned
|rule|Evasion Items Clause: Evasion items are banned
|rule|Evasion Moves Clause: Evasion moves are banned
|rule|Evasion Abilities Clause: Evasion abilities are banned
|rule|Sleep Moves Clause: Sleep-inducing moves are banned
|clearpoke
|poke|p1|Moltres|
|poke|p1|Kleavor, F|
|poke|p1|Greninja-*, M|
|poke|p1|Rillaboom, F|
|poke|p1|Iron Valiant|
|poke|p1|Gholdengo|
|poke|p2|Great Tusk|
|poke|p2|Tyranitar, M|
|poke|p2|Iron Thorns|
|poke|p2|Gliscor, M|
|poke|p2|Dragapult, M|
|poke|p2|Jirachi|
|teampreview
|inactive|Battle timer is ON: inactive players will automatically lose when time's up. (requested by dickman49)
|inactive|vartholomeus also wants the timer to be on.
|
|t:|1779842280
|teamsize|p1|6
|teamsize|p2|6
|start
|switch|p1a: Klingk|Kleavor, F|100/100
|switch|p2a: Great Tusk|Great Tusk|100/100
|turn|1
|
|t:|1779842284
|move|p2a: Great Tusk|Bulk Up|p2a: Great Tusk
|-boost|p2a: Great Tusk|atk|1
|-boost|p2a: Great Tusk|def|1
|move|p1a: Klingk|Stone Axe|p2a: Great Tusk
|-resisted|p2a: Great Tusk
|-damage|p2a: Great Tusk|94/100
|-sidestart|p2: dickman49|move: Stealth Rock
|
|upkeep
|turn|2
|
|t:|1779842287
|switch|p1a: Maltro|Moltres|100/100
|move|p2a: Great Tusk|Rapid Spin|p1a: Maltro
|-damage|p1a: Maltro|85/100
|-boost|p2a: Great Tusk|spe|1
|-sideend|p2: dickman49|Stealth Rock|[from] move: Rapid Spin|[of] p2a: Great Tusk
|
|upkeep
|turn|3
|
|t:|1779842294
|-end|p2a: Great Tusk|Protosynthesis|[silent]
|switch|p2a: Big Man|Tyranitar, M|100/100
|-weather|Sandstorm|[from] ability: Sand Stream|[of] p2a: Big Man
|move|p1a: Maltro|Flamethrower|p2a: Big Man
|-resisted|p2a: Big Man
|-crit|p2a: Big Man
|-damage|p2a: Big Man|90/100
|
|-weather|Sandstorm|[upkeep]
|-damage|p1a: Maltro|79/100|[from] Sandstorm
|upkeep
|turn|4
|
|t:|1779842297
|move|p1a: Maltro|U-turn|p2a: Big Man
|-supereffective|p2a: Big Man
|-damage|p2a: Big Man|68/100
|
|t:|1779842304
|switch|p1a: Mantequillo|Gholdengo|100/100|[from] U-turn
|move|p2a: Big Man|Stealth Rock|p1a: Mantequillo
|-sidestart|p1: vartholomeus|move: Stealth Rock
|
|-weather|Sandstorm|[upkeep]
|upkeep
|turn|5
|
|t:|1779842307
|move|p1a: Mantequillo|Focus Blast|p2a: Big Man|[miss]
|-miss|p1a: Mantequillo|p2a: Big Man
|move|p2a: Big Man|Knock Off|p1a: Mantequillo
|-supereffective|p1a: Mantequillo
|-damage|p1a: Mantequillo|0 fnt
|-enditem|p1a: Mantequillo|Choice Scarf|[from] move: Knock Off|[of] p2a: Big Man
|faint|p1a: Mantequillo
|
|-weather|Sandstorm|[upkeep]
|upkeep
|
|t:|1779842310
|switch|p1a: Klingk|Kleavor, F|100/100
|-damage|p1a: Klingk|76/100|[from] Stealth Rock
|turn|6
|
|t:|1779842314
|switch|p2a: Gliscor|Gliscor, M|100/100
|move|p1a: Klingk|Stone Axe|p2a: Gliscor
|-damage|p2a: Gliscor|66/100
|-sidestart|p2: dickman49|move: Stealth Rock
|
|-weather|Sandstorm|[upkeep]
|-status|p2a: Gliscor|tox|[from] item: Toxic Orb
|upkeep
|turn|7
|
|t:|1779842318
|move|p1a: Klingk|Swords Dance|p1a: Klingk
|-boost|p1a: Klingk|atk|2
|move|p2a: Gliscor|Earthquake|p1a: Klingk
|-damage|p1a: Klingk|30/100
|
|-weather|Sandstorm|[upkeep]
|-heal|p2a: Gliscor|79/100 tox|[from] ability: Poison Heal
|upkeep
|turn|8
|
|t:|1779842322
|move|p2a: Gliscor|Protect|p2a: Gliscor
|-singleturn|p2a: Gliscor|Protect
|move|p1a: Klingk|Swords Dance|p1a: Klingk
|-boost|p1a: Klingk|atk|2
|
|-weather|Sandstorm|[upkeep]
|-heal|p2a: Gliscor|91/100 tox|[from] ability: Poison Heal
|upkeep
|turn|9
|
|t:|1779842326
|move|p1a: Klingk|Stone Axe|p2a: Gliscor
|-damage|p2a: Gliscor|0 fnt
|faint|p2a: Gliscor
|
|-weather|Sandstorm|[upkeep]
|upkeep
|
|t:|1779842331
|switch|p2a: Great Tusk|Great Tusk|94/100
|turn|10
|
|t:|1779842341
|-terastallize|p1a: Klingk|Ghost
|move|p2a: Great Tusk|Rapid Spin|p1a: Klingk
|-immune|p1a: Klingk
|move|p1a: Klingk|Close Combat|p2a: Great Tusk
|-damage|p2a: Great Tusk|4/100
|-unboost|p1a: Klingk|def|1
|-unboost|p1a: Klingk|spd|1
|
|-weather|none
|upkeep
|turn|11
|
|t:|1779842345
|move|p1a: Klingk|Quick Attack|p2a: Great Tusk
|-damage|p2a: Great Tusk|0 fnt
|faint|p2a: Great Tusk
|-end|p2a: Great Tusk|Protosynthesis|[silent]
|
|upkeep
|
|t:|1779842348
|switch|p2a: We pulten on it|Dragapult, M|100/100
|turn|12
|
|t:|1779842351
|move|p2a: We pulten on it|Hex|p1a: Klingk
|-supereffective|p1a: Klingk
|-damage|p1a: Klingk|0 fnt
|faint|p1a: Klingk
|
|upkeep
|
|t:|1779842355
|switch|p1a: Irohak|Iron Valiant|100/100
|-damage|p1a: Irohak|94/100|[from] Stealth Rock
|-enditem|p1a: Irohak|Booster Energy
|-activate|p1a: Irohak|ability: Quark Drive|[fromitem]
|-start|p1a: Irohak|quarkdrivespe
|turn|13
|
|t:|1779842358
|switch|p2a: Big Man|Tyranitar, M|68/100
|-damage|p2a: Big Man|56/100|[from] Stealth Rock
|-weather|Sandstorm|[from] ability: Sand Stream|[of] p2a: Big Man
|move|p1a: Irohak|Knock Off|p2a: Big Man
|-resisted|p2a: Big Man
|-damage|p2a: Big Man|46/100
|-enditem|p2a: Big Man|Smooth Rock|[from] move: Knock Off|[of] p1a: Irohak
|
|-weather|Sandstorm|[upkeep]
|-damage|p1a: Irohak|88/100|[from] Sandstorm
|upkeep
|turn|14
|
|t:|1779842364
|switch|p2a: Jirachi|Jirachi|100/100
|-damage|p2a: Jirachi|94/100|[from] Stealth Rock
|move|p1a: Irohak|Close Combat|p2a: Jirachi
|-damage|p2a: Jirachi|52/100
|-unboost|p1a: Irohak|def|1
|-unboost|p1a: Irohak|spd|1
|
|-weather|Sandstorm|[upkeep]
|-damage|p1a: Irohak|82/100|[from] Sandstorm
|-heal|p2a: Jirachi|59/100|[from] item: Leftovers
|upkeep
|turn|15
|
|t:|1779842368
|move|p1a: Irohak|Knock Off|p2a: Jirachi
|-supereffective|p2a: Jirachi
|-damage|p2a: Jirachi|13/100
|-enditem|p2a: Jirachi|Leftovers|[from] move: Knock Off|[of] p1a: Irohak
|move|p2a: Jirachi|Iron Head|p1a: Irohak
|-supereffective|p1a: Irohak
|-damage|p1a: Irohak|0 fnt
|faint|p1a: Irohak
|-end|p1a: Irohak|Quark Drive|[silent]
|
|-weather|Sandstorm|[upkeep]
|upkeep
|
|t:|1779842378
|switch|p1a: Suke|Greninja, M|100/100
|-damage|p1a: Suke|88/100|[from] Stealth Rock
|turn|16
|
|t:|1779842384
|move|p1a: Suke|Water Shuriken|p2a: Jirachi
|-damage|p2a: Jirachi|5/100
|-damage|p2a: Jirachi|0 fnt
|faint|p2a: Jirachi
|-ability|p1a: Suke|Battle Bond|boost
|-boost|p1a: Suke|atk|1
|-boost|p1a: Suke|spa|1
|-boost|p1a: Suke|spe|1
|-activate|p1a: Suke|ability: Battle Bond
|-hitcount|p2: Jirachi|2
|-damage|p1a: Suke|78/100|[from] item: Life Orb
|
|-weather|Sandstorm|[upkeep]
|-damage|p1a: Suke|72/100|[from] Sandstorm
|upkeep
|
|t:|1779842391
|switch|p2a: Big Man|Tyranitar, M|46/100
|-damage|p2a: Big Man|33/100|[from] Stealth Rock
|turn|17
|
|t:|1779842394
|move|p1a: Suke|Water Shuriken|p2a: Big Man
|-supereffective|p2a: Big Man
|-damage|p2a: Big Man|21/100
|-supereffective|p2a: Big Man
|-damage|p2a: Big Man|10/100
|-hitcount|p2a: Big Man|2
|-damage|p1a: Suke|63/100|[from] item: Life Orb
|move|p2a: Big Man|Knock Off|p1a: Suke
|-resisted|p1a: Suke
|-damage|p1a: Suke|29/100
|-enditem|p1a: Suke|Life Orb|[from] move: Knock Off|[of] p2a: Big Man
|
|-weather|Sandstorm|[upkeep]
|-damage|p1a: Suke|23/100|[from] Sandstorm
|upkeep
|turn|18
|
|t:|1779842403
|move|p1a: Suke|Dark Pulse|p2a: Big Man
|-resisted|p2a: Big Man
|-damage|p2a: Big Man|0 fnt
|faint|p2a: Big Man
|
|-weather|Sandstorm|[upkeep]
|-damage|p1a: Suke|17/100|[from] Sandstorm
|upkeep
|
|t:|1779842417
|switch|p2a: We pulten on it|Dragapult, M|100/100
|turn|19
|
|t:|1779842423
|move|p1a: Suke|Dark Pulse|p2a: We pulten on it
|-supereffective|p2a: We pulten on it
|-damage|p2a: We pulten on it|0 fnt
|faint|p2a: We pulten on it
|
|-weather|Sandstorm|[upkeep]
|-damage|p1a: Suke|11/100|[from] Sandstorm
|upkeep
|
|t:|1779842427
|switch|p2a: Iron Thorns|Iron Thorns|100/100
|-damage|p2a: Iron Thorns|88/100|[from] Stealth Rock
|-enditem|p2a: Iron Thorns|Booster Energy
|-activate|p2a: Iron Thorns|ability: Quark Drive|[fromitem]
|-start|p2a: Iron Thorns|quarkdriveatk
|turn|20
|
|t:|1779842432
|-terastallize|p2a: Iron Thorns|Water
|move|p1a: Suke|Dark Pulse|p2a: Iron Thorns
|-damage|p2a: Iron Thorns|34/100
|move|p2a: Iron Thorns|Dragon Dance|p2a: Iron Thorns
|-boost|p2a: Iron Thorns|atk|1
|-boost|p2a: Iron Thorns|spe|1
|
|-weather|none
|upkeep
|turn|21
|
|t:|1779842438
|move|p1a: Suke|Dark Pulse|p2a: Iron Thorns
|-damage|p2a: Iron Thorns|0 fnt
|faint|p2a: Iron Thorns
|-end|p2a: Iron Thorns|Quark Drive|[silent]
|
|win|vartholomeus
|raw|vartholomeus's rating: 1418 &rarr; <strong>1435</strong><br />(+17 for winning)
|raw|dickman49's rating: 1366 &rarr; <strong>1349</strong><br />(-17 for losing)
|l|☆dickman49
|player|p2|
|l|☆vartholomeus
|player|p1|
