|j|☆Gabriel5192
|j|☆claudechamp
|t:|1779885153
|gametype|singles
|player|p1|Gabriel5192|jogger|1353
|player|p2|claudechamp|169|1316
|gen|9
|tier|[Gen 9] OU
|rated|
|rule|HP Percentage Mod: HP is shown in percentages
|rule|Endless Battle Clause: Forcing endless battles is banned
|rule|Species Clause: Limit one of each Pokémon
|rule|OHKO Clause: OHKO moves are banned
|rule|Evasion Items Clause: Evasion items are banned
|rule|Evasion Moves Clause: Evasion moves are banned
|rule|Evasion Abilities Clause: Evasion abilities are banned
|rule|Sleep Moves Clause: Sleep-inducing moves are banned
|clearpoke
|poke|p1|Pelipper, M|
|poke|p1|Barraskewda, F|
|poke|p1|Regieleki|
|poke|p1|Kingdra, M|
|poke|p1|Glimmora, M|
|poke|p1|Manaphy|
|poke|p2|Corviknight, F|
|poke|p2|Ting-Lu|
|poke|p2|Kyurem|
|poke|p2|Dondozo, M|
|poke|p2|Slowking-Galar, M|
|poke|p2|Cinderace, F|
|teampreview
|c|☆claudechamp|hf
|inactive|Battle timer is ON: inactive players will automatically lose when time's up. (requested by claudechamp)
|
|t:|1779885168
|teamsize|p1|6
|teamsize|p2|6
|start
|switch|p1a: Pelipper|Pelipper, M|100/100
|switch|p2a: Kyurem|Kyurem|100/100
|-ability|p2a: Kyurem|Pressure
|-weather|RainDance|[from] ability: Drizzle|[of] p1a: Pelipper
|turn|1
|
|t:|1779885181
|switch|p1a: Glimmora|Glimmora, M|100/100
|move|p2a: Kyurem|Freeze-Dry|p1a: Glimmora
|-damage|p1a: Glimmora|53/100
|
|-weather|RainDance|[upkeep]
|upkeep
|turn|2
|
|t:|1779885193
|move|p2a: Kyurem|Freeze-Dry|p1a: Glimmora
|-damage|p1a: Glimmora|7/100
|move|p1a: Glimmora|Stealth Rock|p2a: Kyurem
|-sidestart|p2: claudechamp|move: Stealth Rock
|
|-weather|RainDance|[upkeep]
|upkeep
|turn|3
|
|t:|1779885200
|move|p2a: Kyurem|Freeze-Dry|p1a: Glimmora
|-damage|p1a: Glimmora|0 fnt
|faint|p1a: Glimmora
|
|-weather|RainDance|[upkeep]
|upkeep
|
|t:|1779885210
|switch|p1a: Regieleki|Regieleki|100/100
|turn|4
|
|t:|1779885215
|move|p1a: Regieleki|Ancient Power|p2a: Kyurem
|-supereffective|p2a: Kyurem
|-damage|p2a: Kyurem|55/100
|move|p2a: Kyurem|Freeze-Dry|p1a: Regieleki
|-damage|p1a: Regieleki|37/100
|
|-weather|RainDance|[upkeep]
|-heal|p2a: Kyurem|61/100|[from] item: Leftovers
|upkeep
|turn|5
|
|t:|1779885225
|move|p1a: Regieleki|Ancient Power|p2a: Kyurem
|-supereffective|p2a: Kyurem
|-damage|p2a: Kyurem|11/100
|move|p2a: Kyurem|Freeze-Dry|p1a: Regieleki
|-damage|p1a: Regieleki|0 fnt
|faint|p1a: Regieleki
|
|-weather|RainDance|[upkeep]
|-heal|p2a: Kyurem|17/100|[from] item: Leftovers
|upkeep
|
|t:|1779885236
|switch|p1a: Barraskewda|Barraskewda, F|100/100
|turn|6
|
|t:|1779885253
|move|p1a: Barraskewda|Flip Turn|p2a: Kyurem
|-resisted|p2a: Kyurem
|-damage|p2a: Kyurem|0 fnt
|faint|p2a: Kyurem
|
|t:|1779885263
|switch|p1a: Kingdra|Kingdra, M|100/100|[from] Flip Turn
|
|-weather|RainDance|[upkeep]
|upkeep
|
|t:|1779885275
|switch|p2a: Cinderace|Cinderace, F|100/100
|turn|7
|
|t:|1779885290
|move|p1a: Kingdra|Surf|p2a: Cinderace
|-supereffective|p2a: Cinderace
|-damage|p2a: Cinderace|0 fnt
|faint|p2a: Cinderace
|
|-weather|RainDance|[upkeep]
|upkeep
|
|t:|1779885305
|switch|p2a: Slowking|Slowking-Galar, M|100/100
|-damage|p2a: Slowking|88/100|[from] Stealth Rock
|turn|8
|
|t:|1779885315
|switch|p1a: Manaphy|Manaphy, shiny|100/100
|-terastallize|p2a: Slowking|Water
|move|p2a: Slowking|Future Sight|p1a: Manaphy
|-start|p2a: Slowking|move: Future Sight
|
|-weather|none
|upkeep
|turn|9
|
|t:|1779885323
|switch|p1a: Pelipper|Pelipper, M|100/100
|-weather|RainDance|[from] ability: Drizzle|[of] p1a: Pelipper
|move|p2a: Slowking|Sludge Bomb|p1a: Pelipper
|-damage|p1a: Pelipper|52/100
|-status|p1a: Pelipper|psn
|
|-weather|RainDance|[upkeep]
|-damage|p1a: Pelipper|40/100 psn|[from] psn
|upkeep
|turn|10
|
|t:|1779885335
|move|p1a: Pelipper|U-turn|p2a: Slowking
|-damage|p2a: Slowking|82/100
|
|t:|1779885338
|switch|p1a: Manaphy|Manaphy, shiny|100/100|[from] U-turn
|move|p2a: Slowking|Sludge Bomb|p1a: Manaphy
|-damage|p1a: Manaphy|74/100
|
|-weather|RainDance|[upkeep]
|-end|p1a: Manaphy|move: Future Sight
|-damage|p1a: Manaphy|36/100
|-heal|p1a: Manaphy|42/100|[from] item: Leftovers
|upkeep
|turn|11
|
|t:|1779885352
|move|p1a: Manaphy|Calm Mind|p1a: Manaphy
|-boost|p1a: Manaphy|spa|1
|-boost|p1a: Manaphy|spd|1
|move|p2a: Slowking|Sludge Bomb|p1a: Manaphy
|-crit|p1a: Manaphy
|-damage|p1a: Manaphy|0 fnt
|faint|p1a: Manaphy
|
|-weather|RainDance|[upkeep]
|upkeep
|
|t:|1779885367
|switch|p1a: Barraskewda|Barraskewda, F|100/100
|turn|12
|
|t:|1779885371
|move|p1a: Barraskewda|Close Combat|p2a: Slowking
|-damage|p2a: Slowking|32/100
|-unboost|p1a: Barraskewda|def|1
|-unboost|p1a: Barraskewda|spd|1
|move|p2a: Slowking|Sludge Bomb|p1a: Barraskewda
|-damage|p1a: Barraskewda|0 fnt
|faint|p1a: Barraskewda
|
|-weather|RainDance|[upkeep]
|upkeep
|
|t:|1779885383
|switch|p1a: Kingdra|Kingdra, M|100/100
|turn|13
|
|t:|1779885386
|switch|p2a: Dondozo|Dondozo, M|100/100
|-damage|p2a: Dondozo|88/100|[from] Stealth Rock
|move|p1a: Kingdra|Draco Meteor|p2a: Dondozo
|-damage|p2a: Dondozo|31/100
|-unboost|p1a: Kingdra|spa|2
|
|-weather|RainDance|[upkeep]
|-heal|p2a: Dondozo|37/100|[from] item: Leftovers
|upkeep
|turn|14
|-message|Gabriel5192 forfeited.
|
|win|claudechamp
|raw|Gabriel5192's rating: 1353 &rarr; <strong>1333</strong><br />(-20 for losing)
|raw|claudechamp's rating: 1356 &rarr; <strong>1376</strong><br />(+20 for winning)
|l|☆Gabriel5192
|player|p1|
|c|☆claudechamp|gg
