|j|☆claudechamp
|j|☆strifepk
|t:|1779832466
|gametype|singles
|player|p1|claudechamp|265|1202
|player|p2|strifepk|265|1219
|gen|9
|tier|[Gen 9] OU
|rated|
|rule|HP Percentage Mod: HP is shown in percentages
|rule|Endless Battle Clause: Forcing endless battles is banned
|rule|Species Clause: Limit one of each Pokémon
|rule|OHKO Clause: OHKO moves are banned
|rule|Evasion Items Clause: Evasion items are banned
|rule|Evasion Moves Clause: Evasion moves are banned
|rule|Evasion Abilities Clause: Evasion abilities are banned
|rule|Sleep Moves Clause: Sleep-inducing moves are banned
|clearpoke
|poke|p1|Gliscor, F|
|poke|p1|Gholdengo|
|poke|p1|Zamazenta-*|
|poke|p1|Blissey, F|
|poke|p1|Skarmory, M|
|poke|p1|Pecharunt|
|poke|p2|Maushold-Four|
|poke|p2|Great Tusk|
|poke|p2|Sinistcha|
|poke|p2|Dragapult, F|
|poke|p2|Grimmsnarl, M|
|poke|p2|Kingambit, F|
|teampreview
|inactive|Battle timer is ON: inactive players will automatically lose when time's up. (requested by strifepk)
|c|☆claudechamp|hf
|
|t:|1779832474
|teamsize|p1|6
|teamsize|p2|6
|start
|switch|p1a: Skarmory|Skarmory, M|100/100
|switch|p2a: elefanto|Great Tusk|100/100
|turn|1
|inactive|claudechamp also wants the timer to be on.
|
|t:|1779832492
|move|p2a: elefanto|Knock Off|p1a: Skarmory
|-damage|p1a: Skarmory|82/100
|-enditem|p1a: Skarmory|Heavy-Duty Boots|[from] move: Knock Off|[of] p2a: elefanto
|move|p1a: Skarmory|Spikes|p2a: elefanto
|-sidestart|p2: strifepk|Spikes
|
|upkeep
|turn|2
|
|t:|1779832500
|move|p2a: elefanto|Rapid Spin|p1a: Skarmory
|-resisted|p1a: Skarmory
|-damage|p1a: Skarmory|78/100
|-boost|p2a: elefanto|spe|1
|-sideend|p2: strifepk|Spikes|[from] move: Rapid Spin|[of] p2a: elefanto
|move|p1a: Skarmory|Spikes|p2a: elefanto
|-sidestart|p2: strifepk|Spikes
|
|upkeep
|turn|3
|
|t:|1779832509
|move|p2a: elefanto|Stealth Rock|p1a: Skarmory
|-sidestart|p1: claudechamp|move: Stealth Rock
|move|p1a: Skarmory|Whirlwind|p2a: elefanto
|-end|p2a: elefanto|Protosynthesis|[silent]
|drag|p2a: labubu|Sinistcha|100/100
|-damage|p2a: labubu|88/100|[from] Spikes
|
|-heal|p2a: labubu|94/100|[from] item: Leftovers
|upkeep
|turn|4
|
|t:|1779832520
|move|p1a: Skarmory|Spikes|p2a: labubu
|-sidestart|p2: strifepk|Spikes
|move|p2a: labubu|Shadow Ball|p1a: Skarmory
|-damage|p1a: Skarmory|34/100
|
|-heal|p2a: labubu|99/100|[from] item: Leftovers
|upkeep
|turn|5
|
|t:|1779832533
|switch|p1a: Blissey|Blissey, F|100/100
|move|p2a: labubu|Shadow Ball|p1a: Blissey
|-immune|p1a: Blissey
|
|-heal|p2a: labubu|100/100|[from] item: Leftovers
|upkeep
|turn|6
|
|t:|1779832537
|move|p2a: labubu|Calm Mind|p2a: labubu
|-boost|p2a: labubu|spa|1
|-boost|p2a: labubu|spd|1
|move|p1a: Blissey|Stealth Rock|p2a: labubu
|-sidestart|p2: strifepk|move: Stealth Rock
|
|upkeep
|turn|7
|
|t:|1779832546
|move|p2a: labubu|Calm Mind|p2a: labubu
|-boost|p2a: labubu|spa|1
|-boost|p2a: labubu|spd|1
|move|p1a: Blissey|Calm Mind|p1a: Blissey
|-boost|p1a: Blissey|spa|1
|-boost|p1a: Blissey|spd|1
|
|upkeep
|turn|8
|
|t:|1779832554
|move|p2a: labubu|Calm Mind|p2a: labubu
|-boost|p2a: labubu|spa|1
|-boost|p2a: labubu|spd|1
|move|p1a: Blissey|Shadow Ball|p2a: labubu
|-supereffective|p2a: labubu
|-damage|p2a: labubu|80/100
|
|-heal|p2a: labubu|86/100|[from] item: Leftovers
|upkeep
|turn|9
|
|t:|1779832569
|move|p2a: labubu|Matcha Gotcha|p1a: Blissey
|-damage|p1a: Blissey|85/100
|-heal|p2a: labubu|100/100|[from] drain|[of] p1a: Blissey
|-status|p1a: Blissey|brn
|move|p1a: Blissey|Calm Mind|p1a: Blissey
|-boost|p1a: Blissey|spa|1
|-boost|p1a: Blissey|spd|1
|
|-damage|p1a: Blissey|79/100 brn|[from] brn
|upkeep
|turn|10
|
|t:|1779832575
|move|p2a: labubu|Calm Mind|p2a: labubu
|-boost|p2a: labubu|spa|1
|-boost|p2a: labubu|spd|1
|move|p1a: Blissey|Shadow Ball|p2a: labubu
|-supereffective|p2a: labubu
|-damage|p2a: labubu|78/100
|-unboost|p2a: labubu|spd|1
|
|-heal|p2a: labubu|84/100|[from] item: Leftovers
|-damage|p1a: Blissey|73/100 brn|[from] brn
|upkeep
|turn|11
|
|t:|1779832580
|move|p2a: labubu|Calm Mind|p2a: labubu
|-boost|p2a: labubu|spa|1
|-boost|p2a: labubu|spd|1
|move|p1a: Blissey|Shadow Ball|p2a: labubu
|-supereffective|p2a: labubu
|-damage|p2a: labubu|61/100
|-unboost|p2a: labubu|spd|1
|
|-heal|p2a: labubu|68/100|[from] item: Leftovers
|-damage|p1a: Blissey|67/100 brn|[from] brn
|upkeep
|turn|12
|
|t:|1779832588
|move|p2a: labubu|Calm Mind|p2a: labubu
|-boost|p2a: labubu|spa|1
|-boost|p2a: labubu|spd|1
|move|p1a: Blissey|Shadow Ball|p2a: labubu
|-supereffective|p2a: labubu
|-damage|p2a: labubu|44/100
|
|-heal|p2a: labubu|50/100|[from] item: Leftovers
|-damage|p1a: Blissey|61/100 brn|[from] brn
|upkeep
|turn|13
|
|t:|1779832599
|move|p2a: labubu|Strength Sap|p1a: Blissey
|-unboost|p1a: Blissey|atk|1
|-heal|p2a: labubu|56/100
|move|p1a: Blissey|Soft-Boiled|p1a: Blissey
|-heal|p1a: Blissey|100/100 brn
|
|-heal|p2a: labubu|62/100|[from] item: Leftovers
|-damage|p1a: Blissey|94/100 brn|[from] brn
|upkeep
|turn|14
|
|t:|1779832609
|-terastallize|p2a: labubu|Water
|move|p2a: labubu|Matcha Gotcha|p1a: Blissey|[miss]
|-miss|p2a: labubu|p1a: Blissey
|move|p1a: Blissey|Shadow Ball|p2a: labubu
|-damage|p2a: labubu|50/100
|
|-heal|p2a: labubu|56/100|[from] item: Leftovers
|-damage|p1a: Blissey|88/100 brn|[from] brn
|upkeep
|turn|15
|
|t:|1779832623
|move|p2a: labubu|Matcha Gotcha|p1a: Blissey
|-damage|p1a: Blissey|69/100 brn
|-heal|p2a: labubu|74/100|[from] drain|[of] p1a: Blissey
|move|p1a: Blissey|Calm Mind|p1a: Blissey
|-boost|p1a: Blissey|spa|1
|-boost|p1a: Blissey|spd|1
|
|-heal|p2a: labubu|80/100|[from] item: Leftovers
|-damage|p1a: Blissey|63/100 brn|[from] brn
|upkeep
|turn|16
|
|t:|1779832630
|move|p2a: labubu|Matcha Gotcha|p1a: Blissey
|-damage|p1a: Blissey|48/100 brn
|-heal|p2a: labubu|94/100|[from] drain|[of] p1a: Blissey
|move|p1a: Blissey|Soft-Boiled|p1a: Blissey
|-heal|p1a: Blissey|98/100 brn
|
|-heal|p2a: labubu|100/100|[from] item: Leftovers
|-damage|p1a: Blissey|92/100 brn|[from] brn
|upkeep
|turn|17
|
|t:|1779832643
|move|p2a: labubu|Calm Mind|p2a: labubu
|-boost|p2a: labubu|spa|0
|-boost|p2a: labubu|spd|1
|move|p1a: Blissey|Shadow Ball|p2a: labubu
|-damage|p2a: labubu|88/100
|
|-heal|p2a: labubu|94/100|[from] item: Leftovers
|-damage|p1a: Blissey|86/100 brn|[from] brn
|upkeep
|turn|18
|
|t:|1779832654
|switch|p2a: elefanto|Great Tusk|100/100
|-damage|p2a: elefanto|84/100|[from] Spikes
|-damage|p2a: elefanto|81/100|[from] Stealth Rock
|move|p1a: Blissey|Shadow Ball|p2a: elefanto
|-damage|p2a: elefanto|37/100
|
|-heal|p2a: elefanto|43/100|[from] item: Leftovers
|-damage|p1a: Blissey|79/100 brn|[from] brn
|upkeep
|turn|19
|
|t:|1779832663
|-curestatus|p1a: Blissey|brn|[from] ability: Natural Cure|[silent]
|switch|p1a: Pecharunt|Pecharunt|100/100
|move|p2a: elefanto|Rapid Spin|p1a: Pecharunt
|-immune|p1a: Pecharunt
|
|-heal|p2a: elefanto|50/100|[from] item: Leftovers
|upkeep
|turn|20
|
|t:|1779832681
|move|p1a: Pecharunt|Shadow Ball|p2a: elefanto
|-damage|p2a: elefanto|16/100
|-unboost|p2a: elefanto|spd|1
|move|p2a: elefanto|Knock Off|p1a: Pecharunt
|-supereffective|p1a: Pecharunt
|-damage|p1a: Pecharunt|74/100
|-enditem|p1a: Pecharunt|Heavy-Duty Boots|[from] move: Knock Off|[of] p2a: elefanto
|
|-heal|p2a: elefanto|22/100|[from] item: Leftovers
|upkeep
|turn|21
|
|t:|1779832692
|-end|p2a: elefanto|Protosynthesis|[silent]
|switch|p2a: chingbob|Kingambit, F|100/100
|-damage|p2a: chingbob|84/100|[from] Spikes
|-damage|p2a: chingbob|78/100|[from] Stealth Rock
|move|p1a: Pecharunt|Shadow Ball|p2a: chingbob
|-resisted|p2a: chingbob
|-damage|p2a: chingbob|66/100
|-unboost|p2a: chingbob|spd|1
|
|upkeep
|turn|22
|
|t:|1779832705
|move|p1a: Pecharunt|Recover|p1a: Pecharunt
|-heal|p1a: Pecharunt|100/100
|move|p2a: chingbob|Swords Dance|p2a: chingbob
|-boost|p2a: chingbob|atk|2
|
|upkeep
|turn|23
|
|t:|1779832718
|switch|p1a: Gliscor|Gliscor, F|100/100
|-damage|p1a: Gliscor|88/100|[from] Stealth Rock
|move|p2a: chingbob|Sucker Punch||[still]
|-fail|p2a: chingbob
|
|-status|p1a: Gliscor|tox|[from] item: Toxic Orb
|upkeep
|turn|24
|
|t:|1779832732
|move|p1a: Gliscor|Knock Off|p2a: chingbob
|-resisted|p2a: chingbob
|-damage|p2a: chingbob|58/100
|-enditem|p2a: chingbob|Black Glasses|[from] move: Knock Off|[of] p1a: Gliscor
|move|p2a: chingbob|Kowtow Cleave|p1a: Gliscor
|-damage|p1a: Gliscor|13/100 tox
|
|-heal|p1a: Gliscor|25/100 tox|[from] ability: Poison Heal
|upkeep
|turn|25
|
|t:|1779832755
|switch|p1a: Zamazenta|Zamazenta|100/100
|-ability|p1a: Zamazenta|Dauntless Shield|boost
|-boost|p1a: Zamazenta|def|1
|move|p2a: chingbob|Swords Dance|p2a: chingbob
|-boost|p2a: chingbob|atk|2
|
|upkeep
|turn|26
|
|t:|1779832763
|move|p2a: chingbob|Sucker Punch|p1a: Zamazenta
|-resisted|p1a: Zamazenta
|-damage|p1a: Zamazenta|61/100
|move|p1a: Zamazenta|Close Combat|p2a: chingbob
|-supereffective|p2a: chingbob
|-damage|p2a: chingbob|0 fnt
|-unboost|p1a: Zamazenta|def|1
|-unboost|p1a: Zamazenta|spd|1
|faint|p2a: chingbob
|-end|p2a: chingbob|fallenundefined|[silent]
|
|upkeep
|
|t:|1779832774
|switch|p2a: elefanto|Great Tusk|22/100
|-damage|p2a: elefanto|6/100|[from] Spikes
|-damage|p2a: elefanto|3/100|[from] Stealth Rock
|turn|27
|
|t:|1779832782
|move|p1a: Zamazenta|Close Combat|p2a: elefanto
|-damage|p2a: elefanto|0 fnt
|-unboost|p1a: Zamazenta|def|1
|-unboost|p1a: Zamazenta|spd|1
|faint|p2a: elefanto
|-end|p2a: elefanto|Protosynthesis|[silent]
|
|upkeep
|
|t:|1779832789
|switch|p2a: grimbo|Grimmsnarl, M|100/100
|-damage|p2a: grimbo|84/100|[from] Spikes
|-damage|p2a: grimbo|72/100|[from] Stealth Rock
|turn|28
|
|t:|1779832798
|move|p2a: grimbo|Reflect|p2a: grimbo
|-sidestart|p2: strifepk|Reflect
|move|p1a: Zamazenta|Close Combat|p2a: grimbo
|-damage|p2a: grimbo|34/100
|-unboost|p1a: Zamazenta|def|1
|-unboost|p1a: Zamazenta|spd|1
|
|upkeep
|turn|29
|
|t:|1779832805
|move|p1a: Zamazenta|Close Combat|p2a: grimbo
|-damage|p2a: grimbo|0 fnt
|-unboost|p1a: Zamazenta|def|1
|-unboost|p1a: Zamazenta|spd|1
|faint|p2a: grimbo
|
|upkeep
|
|t:|1779832819
|switch|p2a: ryumon|Dragapult, F|100/100
|-damage|p2a: ryumon|84/100|[from] Spikes
|-damage|p2a: ryumon|72/100|[from] Stealth Rock
|turn|30
|
|t:|1779832829
|switch|p1a: Pecharunt|Pecharunt|100/100
|-damage|p1a: Pecharunt|88/100|[from] Stealth Rock
|move|p2a: ryumon|Shadow Ball|p1a: Pecharunt
|-supereffective|p1a: Pecharunt
|-damage|p1a: Pecharunt|0 fnt
|faint|p1a: Pecharunt
|
|upkeep
|
|t:|1779832840
|switch|p1a: Gliscor|Gliscor, F|25/100 tox
|-damage|p1a: Gliscor|13/100 tox|[from] Stealth Rock
|turn|31
|
|t:|1779832855
|move|p1a: Gliscor|Protect|p1a: Gliscor
|-singleturn|p1a: Gliscor|Protect
|move|p2a: ryumon|Shadow Ball|p1a: Gliscor
|-activate|p1a: Gliscor|move: Protect
|
|-heal|p1a: Gliscor|25/100 tox|[from] ability: Poison Heal
|upkeep
|turn|32
|
|t:|1779832864
|-terastallize|p1a: Gliscor|Dark
|move|p2a: ryumon|Shadow Ball|p1a: Gliscor
|-resisted|p1a: Gliscor
|-damage|p1a: Gliscor|3/100 tox
|move|p1a: Gliscor|Swords Dance|p1a: Gliscor
|-boost|p1a: Gliscor|atk|2
|
|-heal|p1a: Gliscor|16/100 tox|[from] ability: Poison Heal
|upkeep
|turn|33
|
|t:|1779832871
|switch|p2a: awww so cute|Maushold-Four|100/100
|-damage|p2a: awww so cute|84/100|[from] Spikes
|-damage|p2a: awww so cute|71/100|[from] Stealth Rock
|move|p1a: Gliscor|Protect||[still]
|-fail|p1a: Gliscor
|
|-heal|p1a: Gliscor|28/100 tox|[from] ability: Poison Heal
|upkeep
|turn|34
|
|t:|1779832883
|move|p2a: awww so cute|Encore|p1a: Gliscor
|-start|p1a: Gliscor|Encore
|move|p1a: Gliscor|Protect||[still]
|-fail|p1a: Gliscor
|
|-heal|p1a: Gliscor|41/100 tox|[from] ability: Poison Heal
|upkeep
|turn|35
|
|t:|1779832888
|switch|p1a: Gholdengo|Gholdengo|100/100
|-damage|p1a: Gholdengo|94/100|[from] Stealth Rock
|move|p2a: awww so cute|Tidy Up|p2a: awww so cute
|-sideend|p2: strifepk|Spikes
|-sideend|p2: strifepk|Stealth Rock
|-sideend|p1: claudechamp|Stealth Rock
|-activate|p2a: awww so cute|move: Tidy Up
|-boost|p2a: awww so cute|atk|1
|-boost|p2a: awww so cute|spe|1
|
|-sideend|p2: strifepk|Reflect
|upkeep
|turn|36
|
|t:|1779832897
|move|p2a: awww so cute|Bite|p1a: Gholdengo
|-supereffective|p1a: Gholdengo
|-damage|p1a: Gholdengo|46/100
|move|p1a: Gholdengo|Thunder Wave|p2a: awww so cute
|-status|p2a: awww so cute|par
|
|upkeep
|turn|37
|
|t:|1779832907
|switch|p1a: Gliscor|Gliscor, F, tera:Dark|41/100 tox
|move|p2a: awww so cute|Bite|p1a: Gliscor
|-resisted|p1a: Gliscor
|-damage|p1a: Gliscor|27/100 tox
|
|-heal|p1a: Gliscor|39/100 tox|[from] ability: Poison Heal
|upkeep
|turn|38
|
|t:|1779832918
|move|p2a: awww so cute|Tidy Up|p2a: awww so cute
|-boost|p2a: awww so cute|atk|1
|-boost|p2a: awww so cute|spe|1
|move|p1a: Gliscor|Knock Off|p2a: awww so cute
|-damage|p2a: awww so cute|22/100 par
|-enditem|p2a: awww so cute|Wide Lens|[from] move: Knock Off|[of] p1a: Gliscor
|
|-heal|p1a: Gliscor|52/100 tox|[from] ability: Poison Heal
|upkeep
|turn|39
|
|t:|1779832931
|cant|p2a: awww so cute|par
|move|p1a: Gliscor|Earthquake|p2a: awww so cute
|-damage|p2a: awww so cute|0 fnt
|faint|p2a: awww so cute
|
|-heal|p1a: Gliscor|64/100 tox|[from] ability: Poison Heal
|upkeep
|-message|strifepk forfeited.
|
|win|claudechamp
|raw|claudechamp's rating: 1243 &rarr; <strong>1266</strong><br />(+23 for winning)
|raw|strifepk's rating: 1219 &rarr; <strong>1196</strong><br />(-23 for losing)
|l|☆strifepk
|player|p2|
|c|☆claudechamp|gg
