|j|☆ujefhue489963
|j|☆natty dice
|t:|1779858293
|gametype|singles
|player|p1|ujefhue489963|clown|1326
|player|p2|natty dice|bugcatcher-gen4dp|1319
|gen|9
|tier|[Gen 9] OU
|rated|
|rule|HP Percentage Mod: HP is shown in percentages
|rule|Endless Battle Clause: Forcing endless battles is banned
|rule|Species Clause: Limit one of each Pokémon
|rule|OHKO Clause: OHKO moves are banned
|rule|Evasion Items Clause: Evasion items are banned
|rule|Evasion Moves Clause: Evasion moves are banned
|rule|Evasion Abilities Clause: Evasion abilities are banned
|rule|Sleep Moves Clause: Sleep-inducing moves are banned
|clearpoke
|poke|p1|Meowscarada, M|
|poke|p1|Pecharunt|
|poke|p1|Enamorus, F|
|poke|p1|Iron Treads|
|poke|p1|Skarmory, F|
|poke|p1|Slowking, F|
|poke|p2|Arcanine-Hisui, F|
|poke|p2|Quaquaval, M|
|poke|p2|Gholdengo|
|poke|p2|Iron Moth|
|poke|p2|Ting-Lu|
|poke|p2|Hydrapple, F|
|teampreview
|inactive|Battle timer is ON: inactive players will automatically lose when time's up. (requested by natty dice)
|
|t:|1779858299
|teamsize|p1|6
|teamsize|p2|6
|start
|switch|p1a: Meowscarada|Meowscarada, M|100/100
|switch|p2a: Arcanine|Arcanine-Hisui, F, shiny|100/100
|turn|1
|
|t:|1779858314
|move|p2a: Arcanine|Protect|p2a: Arcanine
|-singleturn|p2a: Arcanine|Protect
|move|p1a: Meowscarada|U-turn|p2a: Arcanine
|-start|p1a: Meowscarada|typechange|Bug|[from] ability: Protean
|-activate|p2a: Arcanine|move: Protect
|
|upkeep
|turn|2
|
|t:|1779858321
|move|p2a: Arcanine|Extreme Speed|p1a: Meowscarada
|-crit|p1a: Meowscarada
|-damage|p1a: Meowscarada|22/100
|-damage|p2a: Arcanine|91/100|[from] item: Life Orb
|move|p1a: Meowscarada|U-turn|p2a: Arcanine
|-resisted|p2a: Arcanine
|-damage|p2a: Arcanine|62/100
|
|t:|1779858331
|switch|p1a: Enamorus|Enamorus, F|100/100|[from] U-turn
|
|upkeep
|turn|3
|
|t:|1779858361
|-terastallize|p2a: Arcanine|Normal
|move|p2a: Arcanine|Extreme Speed|p1a: Enamorus
|-damage|p1a: Enamorus|9/100
|-damage|p2a: Arcanine|52/100|[from] item: Life Orb
|move|p1a: Enamorus|Earth Power|p2a: Arcanine
|-damage|p2a: Arcanine|8/100
|
|upkeep
|turn|4
|
|t:|1779858373
|switch|p1a: Pecharunt|Pecharunt|100/100
|move|p2a: Arcanine|Extreme Speed|p1a: Pecharunt
|-immune|p1a: Pecharunt
|
|upkeep
|turn|5
|
|t:|1779858379
|move|p2a: Arcanine|Head Smash|p1a: Pecharunt
|-damage|p1a: Pecharunt|49/100
|-damage|p2a: Arcanine|0 fnt|[from] item: Rocky Helmet|[of] p1a: Pecharunt
|faint|p2a: Arcanine
|move|p1a: Pecharunt|Recover|p1a: Pecharunt
|-heal|p1a: Pecharunt|99/100
|
|upkeep
|
|t:|1779858388
|switch|p2a: Ting-Lu|Ting-Lu|100/100
|-ability|p2a: Ting-Lu|Vessel of Ruin
|turn|6
|
|t:|1779858395
|move|p1a: Pecharunt|Parting Shot|p2a: Ting-Lu
|-unboost|p2a: Ting-Lu|atk|1
|-unboost|p2a: Ting-Lu|spa|1
|
|t:|1779858399
|switch|p1a: Skarmory|Skarmory, F|100/100|[from] Parting Shot
|move|p2a: Ting-Lu|Stealth Rock|p1a: Skarmory
|-sidestart|p1: ujefhue489963|move: Stealth Rock
|
|upkeep
|turn|7
|
|t:|1779858408
|move|p1a: Skarmory|Spikes|p2a: Ting-Lu
|-sidestart|p2: natty dice|Spikes
|move|p2a: Ting-Lu|Whirlwind|p1a: Skarmory
|drag|p1a: Pecharunt|Pecharunt|99/100
|-damage|p1a: Pecharunt|87/100|[from] Stealth Rock
|
|upkeep
|turn|8
|
|t:|1779858418
|move|p1a: Pecharunt|Malignant Chain|p2a: Ting-Lu
|-resisted|p2a: Ting-Lu
|-damage|p2a: Ting-Lu|91/100
|move|p2a: Ting-Lu|Earthquake|p1a: Pecharunt
|-supereffective|p1a: Pecharunt
|-damage|p1a: Pecharunt|52/100
|
|-heal|p2a: Ting-Lu|98/100|[from] item: Leftovers
|upkeep
|turn|9
|
|t:|1779858426
|switch|p2a: Gholdengo|Gholdengo|100/100
|move|p1a: Pecharunt|Parting Shot|p2a: Gholdengo
|-immune|p2a: Gholdengo|[from] ability: Good as Gold
|
|upkeep
|turn|10
|
|t:|1779858440
|switch|p1a: Enamorus|Enamorus, F|9/100
|-damage|p1a: Enamorus|0 fnt|[from] Stealth Rock
|faint|p1a: Enamorus
|move|p2a: Gholdengo|Shadow Ball|p1: Enamorus|[notarget]
|-fail|p2a: Gholdengo
|
|upkeep
|
|t:|1779858454
|switch|p1a: Iron Treads|Iron Treads|100/100
|-damage|p1a: Iron Treads|98/100|[from] Stealth Rock
|turn|11
|
|t:|1779858461
|switch|p2a: Hydrapple|Hydrapple, F|100/100
|-damage|p2a: Hydrapple|88/100|[from] Spikes
|move|p1a: Iron Treads|Earthquake|p2a: Hydrapple
|-resisted|p2a: Hydrapple
|-damage|p2a: Hydrapple|76/100
|
|-heal|p1a: Iron Treads|100/100|[from] item: Leftovers
|-heal|p2a: Hydrapple|83/100|[from] item: Leftovers
|upkeep
|turn|12
|
|t:|1779858466
|move|p1a: Iron Treads|Rapid Spin|p2a: Hydrapple
|-damage|p2a: Hydrapple|75/100
|-boost|p1a: Iron Treads|spe|1
|-sideend|p1: ujefhue489963|Stealth Rock|[from] move: Rapid Spin|[of] p1a: Iron Treads
|move|p2a: Hydrapple|Giga Drain|p1a: Iron Treads
|-damage|p1a: Iron Treads|68/100
|-heal|p2a: Hydrapple|89/100|[from] drain|[of] p1a: Iron Treads
|
|-heal|p1a: Iron Treads|74/100|[from] item: Leftovers
|-heal|p2a: Hydrapple|96/100|[from] item: Leftovers
|upkeep
|turn|13
|
|t:|1779858485
|-end|p1a: Iron Treads|Quark Drive|[silent]
|switch|p1a: Skarmory|Skarmory, F|100/100
|move|p2a: Hydrapple|Nasty Plot|p2a: Hydrapple
|-boost|p2a: Hydrapple|spa|2
|
|-heal|p2a: Hydrapple|100/100|[from] item: Leftovers
|upkeep
|turn|14
|
|t:|1779858496
|switch|p2a: Gholdengo|Gholdengo|100/100
|move|p1a: Skarmory|Spikes|p2a: Gholdengo
|-sidestart|p2: natty dice|Spikes
|
|upkeep
|turn|15
|
|t:|1779858508
|move|p2a: Gholdengo|Shadow Ball|p1a: Skarmory
|-damage|p1a: Skarmory|43/100
|move|p1a: Skarmory|Spikes|p2a: Gholdengo
|-sidestart|p2: natty dice|Spikes
|
|upkeep
|turn|16
|
|t:|1779858515
|move|p2a: Gholdengo|Shadow Ball|p1a: Skarmory
|-damage|p1a: Skarmory|0 fnt
|faint|p1a: Skarmory
|
|upkeep
|
|t:|1779858527
|switch|p1a: Meowscarada|Meowscarada, M|22/100
|turn|17
|inactive|natty dice has 120 seconds left.
|
|t:|1779858564
|switch|p2a: Quaquaval|Quaquaval, M|100/100
|-damage|p2a: Quaquaval|75/100|[from] Spikes
|move|p1a: Meowscarada|Knock Off|p2a: Quaquaval
|-start|p1a: Meowscarada|typechange|Dark|[from] ability: Protean
|-resisted|p2a: Quaquaval
|-damage|p2a: Quaquaval|32/100
|-enditem|p2a: Quaquaval|Leftovers|[from] move: Knock Off|[of] p1a: Meowscarada
|
|upkeep
|turn|18
|inactive|natty dice has 120 seconds left.
|
|t:|1779858575
|switch|p1a: Pecharunt|Pecharunt|52/100
|switch|p2a: Hydrapple|Hydrapple, F|100/100
|-damage|p2a: Hydrapple|75/100|[from] Spikes
|
|-heal|p2a: Hydrapple|82/100|[from] item: Leftovers
|upkeep
|turn|19
|
|t:|1779858583
|move|p1a: Pecharunt|Recover|p1a: Pecharunt
|-heal|p1a: Pecharunt|100/100
|move|p2a: Hydrapple|Earth Power|p1a: Pecharunt
|-supereffective|p1a: Pecharunt
|-damage|p1a: Pecharunt|47/100
|-unboost|p1a: Pecharunt|spd|1
|
|-heal|p2a: Hydrapple|88/100|[from] item: Leftovers
|upkeep
|turn|20
|inactive|ujefhue489963 has 120 seconds left.
|
|t:|1779858614
|move|p1a: Pecharunt|Malignant Chain|p2a: Hydrapple
|-supereffective|p2a: Hydrapple
|-damage|p2a: Hydrapple|22/100
|move|p2a: Hydrapple|Earth Power|p1a: Pecharunt
|-supereffective|p1a: Pecharunt
|-damage|p1a: Pecharunt|0 fnt
|faint|p1a: Pecharunt
|
|-heal|p2a: Hydrapple|28/100|[from] item: Leftovers
|upkeep
|inactive|ujefhue489963 has 120 seconds left.
|
|t:|1779858631
|switch|p1a: Meowscarada|Meowscarada, M|22/100
|turn|21
|
|t:|1779858642
|switch|p2a: Gholdengo|Gholdengo|100/100
|move|p1a: Meowscarada|U-turn|p2a: Gholdengo
|-start|p1a: Meowscarada|typechange|Bug|[from] ability: Protean
|-resisted|p2a: Gholdengo
|-damage|p2a: Gholdengo|87/100
|inactive|ujefhue489963 has 120 seconds left.
|
|t:|1779858648
|switch|p1a: Iron Treads|Iron Treads|74/100|[from] U-turn
|
|-heal|p1a: Iron Treads|80/100|[from] item: Leftovers
|upkeep
|turn|22
|
|t:|1779858655
|switch|p2a: Hydrapple|Hydrapple, F|61/100
|-damage|p2a: Hydrapple|36/100|[from] Spikes
|move|p1a: Iron Treads|Knock Off|p2a: Hydrapple
|-damage|p2a: Hydrapple|19/100
|-enditem|p2a: Hydrapple|Leftovers|[from] move: Knock Off|[of] p1a: Iron Treads
|
|-heal|p1a: Iron Treads|86/100|[from] item: Leftovers
|upkeep
|turn|23
|
|t:|1779858666
|move|p1a: Iron Treads|Rapid Spin|p2a: Hydrapple
|-damage|p2a: Hydrapple|10/100
|-boost|p1a: Iron Treads|spe|1
|move|p2a: Hydrapple|Giga Drain|p1a: Iron Treads
|-damage|p1a: Iron Treads|59/100
|-heal|p2a: Hydrapple|23/100|[from] drain|[of] p1a: Iron Treads
|
|-heal|p1a: Iron Treads|65/100|[from] item: Leftovers
|upkeep
|turn|24
|inactive|ujefhue489963 has 120 seconds left.
|
|t:|1779858682
|move|p1a: Iron Treads|Knock Off|p2a: Hydrapple
|-damage|p2a: Hydrapple|12/100
|move|p2a: Hydrapple|Giga Drain|p1a: Iron Treads
|-damage|p1a: Iron Treads|35/100
|-heal|p2a: Hydrapple|26/100|[from] drain|[of] p1a: Iron Treads
|
|-heal|p1a: Iron Treads|41/100|[from] item: Leftovers
|upkeep
|turn|25
|
|t:|1779858687
|move|p1a: Iron Treads|Knock Off|p2a: Hydrapple
|-damage|p2a: Hydrapple|16/100
|move|p2a: Hydrapple|Giga Drain|p1a: Iron Treads
|-damage|p1a: Iron Treads|13/100
|-heal|p2a: Hydrapple|29/100|[from] drain|[of] p1a: Iron Treads
|
|-heal|p1a: Iron Treads|19/100|[from] item: Leftovers
|upkeep
|turn|26
|
|t:|1779858692
|move|p1a: Iron Treads|Knock Off|p2a: Hydrapple
|-damage|p2a: Hydrapple|17/100
|move|p2a: Hydrapple|Giga Drain|p1a: Iron Treads
|-damage|p1a: Iron Treads|0 fnt
|-heal|p2a: Hydrapple|26/100|[from] drain|[of] p1a: Iron Treads
|faint|p1a: Iron Treads
|-end|p1a: Iron Treads|Quark Drive|[silent]
|
|upkeep
|
|t:|1779858695
|switch|p1a: Meowscarada|Meowscarada, M|22/100
|turn|27
|
|t:|1779858700
|switch|p2a: Gholdengo|Gholdengo|87/100
|move|p1a: Meowscarada|Knock Off|p2a: Gholdengo
|-start|p1a: Meowscarada|typechange|Dark|[from] ability: Protean
|-supereffective|p2a: Gholdengo
|-damage|p2a: Gholdengo|0 fnt
|-enditem|p2a: Gholdengo|Heavy-Duty Boots|[from] move: Knock Off|[of] p1a: Meowscarada
|faint|p2a: Gholdengo
|
|upkeep
|
|t:|1779858703
|switch|p2a: Iron Moth|Iron Moth|100/100
|-damage|p2a: Iron Moth|76/100|[from] Spikes
|turn|28
|
|t:|1779858710
|switch|p1a: Slowking|Slowking, F|100/100
|move|p2a: Iron Moth|U-turn|p1a: Slowking
|-supereffective|p1a: Slowking
|-damage|p1a: Slowking|82/100
|
|t:|1779858715
|-end|p2a: Iron Moth|Quark Drive|[silent]
|switch|p2a: Quaquaval|Quaquaval, M|32/100|[from] U-turn
|-damage|p2a: Quaquaval|7/100|[from] Spikes
|
|upkeep
|turn|29
|
|t:|1779858722
|move|p2a: Quaquaval|Rapid Spin|p1a: Slowking
|-damage|p1a: Slowking|66/100
|-boost|p2a: Quaquaval|spe|1
|-sideend|p2: natty dice|Spikes|[from] move: Rapid Spin|[of] p2a: Quaquaval
|move|p1a: Slowking|Psyshock|p2a: Quaquaval
|-supereffective|p2a: Quaquaval
|-damage|p2a: Quaquaval|0 fnt
|faint|p2a: Quaquaval
|
|upkeep
|
|t:|1779858727
|switch|p2a: Ting-Lu|Ting-Lu|98/100
|-ability|p2a: Ting-Lu|Vessel of Ruin
|turn|30
|
|t:|1779858732
|move|p2a: Ting-Lu|Throat Chop|p1a: Slowking
|-supereffective|p1a: Slowking
|-damage|p1a: Slowking|0 fnt
|faint|p1a: Slowking
|
|-heal|p2a: Ting-Lu|100/100|[from] item: Leftovers
|upkeep
|inactive|ujefhue489963 has 120 seconds left.
|c|☆ujefhue489963|my fault
|-message|ujefhue489963 forfeited.
|
|win|natty dice
|raw|ujefhue489963's rating: 1326 &rarr; <strong>1306</strong><br />(-20 for losing)
|raw|natty dice's rating: 1319 &rarr; <strong>1339</strong><br />(+20 for winning)
|l|☆ujefhue489963
|player|p1|
|l|☆natty dice
|player|p2|
