|j|☆a very bad gamer
|j|☆RedemptiveSketch
|t:|1779878793
|gametype|singles
|player|p1|a very bad gamer|170|1655
|player|p2|RedemptiveSketch|boarder-gen2|1748
|gen|9
|tier|[Gen 9] OU
|rated|
|rule|HP Percentage Mod: HP is shown in percentages
|rule|Endless Battle Clause: Forcing endless battles is banned
|rule|Species Clause: Limit one of each Pokémon
|rule|OHKO Clause: OHKO moves are banned
|rule|Evasion Items Clause: Evasion items are banned
|rule|Evasion Moves Clause: Evasion moves are banned
|rule|Evasion Abilities Clause: Evasion abilities are banned
|rule|Sleep Moves Clause: Sleep-inducing moves are banned
|clearpoke
|poke|p1|Rillaboom, M|
|poke|p1|Heatran, F|
|poke|p1|Great Tusk|
|poke|p1|Tornadus-Therian, M|
|poke|p1|Slowking-Galar, M|
|poke|p1|Magnezone|
|poke|p2|Raging Bolt|
|poke|p2|Samurott-Hisui, F|
|poke|p2|Gholdengo|
|poke|p2|Great Tusk|
|poke|p2|Moltres|
|poke|p2|Ogerpon, F|
|teampreview
|inactive|Battle timer is ON: inactive players will automatically lose when time's up. (requested by RedemptiveSketch)
|
|t:|1779878810
|teamsize|p1|6
|teamsize|p2|6
|start
|switch|p1a: Tornadus|Tornadus-Therian, M|100/100
|switch|p2a: Samurott|Samurott-Hisui, F|100/100
|turn|1
|
|t:|1779878817
|move|p1a: Tornadus|U-turn|p2a: Samurott
|-supereffective|p2a: Samurott
|-damage|p2a: Samurott|71/100
|
|t:|1779878821
|switch|p1a: Great Tusk|Great Tusk|100/100|[from] U-turn
|move|p2a: Samurott|Ceaseless Edge|p1a: Great Tusk
|-resisted|p1a: Great Tusk
|-damage|p1a: Great Tusk|84/100
|-sidestart|p1: a very bad gamer|Spikes
|
|upkeep
|turn|2
|
|t:|1779878825
|move|p1a: Great Tusk|Close Combat|p2a: Samurott
|-supereffective|p2a: Samurott
|-damage|p2a: Samurott|0 fnt
|-unboost|p1a: Great Tusk|def|1
|-unboost|p1a: Great Tusk|spd|1
|faint|p2a: Samurott
|
|upkeep
|
|t:|1779878830
|switch|p2a: Ogerpon|Ogerpon, F|100/100
|turn|3
|
|t:|1779878839
|-end|p1a: Great Tusk|Protosynthesis|[silent]
|switch|p1a: Heatran|Heatran, F|100/100
|-damage|p1a: Heatran|88/100|[from] Spikes
|move|p2a: Ogerpon|Knock Off|p1a: Heatran
|-damage|p1a: Heatran|62/100
|-enditem|p1a: Heatran|Leftovers|[from] move: Knock Off|[of] p2a: Ogerpon
|
|upkeep
|turn|4
|
|t:|1779878846
|switch|p2a: Raging Bolt|Raging Bolt|100/100
|move|p1a: Heatran|Stealth Rock|p2a: Raging Bolt
|-sidestart|p2: RedemptiveSketch|move: Stealth Rock
|
|upkeep
|turn|5
|
|t:|1779878852
|move|p2a: Raging Bolt|Calm Mind|p2a: Raging Bolt
|-boost|p2a: Raging Bolt|spa|1
|-boost|p2a: Raging Bolt|spd|1
|move|p1a: Heatran|Earth Power|p2a: Raging Bolt
|-supereffective|p2a: Raging Bolt
|-damage|p2a: Raging Bolt|69/100
|-unboost|p2a: Raging Bolt|spd|1
|
|-heal|p2a: Raging Bolt|75/100|[from] item: Leftovers
|upkeep
|turn|6
|
|t:|1779878861
|move|p2a: Raging Bolt|Thunderbolt|p1a: Heatran
|-damage|p1a: Heatran|17/100
|move|p1a: Heatran|Earth Power|p2a: Raging Bolt
|-supereffective|p2a: Raging Bolt
|-damage|p2a: Raging Bolt|25/100
|
|-heal|p2a: Raging Bolt|31/100|[from] item: Leftovers
|upkeep
|turn|7
|
|t:|1779878871
|move|p2a: Raging Bolt|Dragon Pulse|p1a: Heatran
|-resisted|p1a: Heatran
|-damage|p1a: Heatran|0 fnt
|faint|p1a: Heatran
|
|-heal|p2a: Raging Bolt|38/100|[from] item: Leftovers
|upkeep
|
|t:|1779878877
|switch|p1a: Great Tusk|Great Tusk|84/100
|turn|8
|
|t:|1779878881
|-end|p2a: Raging Bolt|Protosynthesis|[silent]
|switch|p2a: Moltres|Moltres|100/100
|move|p1a: Great Tusk|Ice Spinner|p2a: Moltres
|-damage|p2a: Moltres|79/100
|-status|p1a: Great Tusk|brn|[from] ability: Flame Body|[of] p2a: Moltres
|
|-damage|p1a: Great Tusk|78/100 brn|[from] brn
|upkeep
|turn|9
|
|t:|1779878901
|-end|p1a: Great Tusk|Protosynthesis|[silent]
|switch|p1a: Tornadus|Tornadus-Therian, M|100/100
|move|p2a: Moltres|U-turn|p1a: Tornadus
|-resisted|p1a: Tornadus
|-damage|p1a: Tornadus|92/100
|
|t:|1779878908
|switch|p2a: Raging Bolt|Raging Bolt|38/100|[from] U-turn
|-damage|p2a: Raging Bolt|25/100|[from] Stealth Rock
|
|-heal|p2a: Raging Bolt|31/100|[from] item: Leftovers
|upkeep
|turn|10
|
|t:|1779878916
|move|p1a: Tornadus|Knock Off|p2a: Raging Bolt
|-damage|p2a: Raging Bolt|17/100
|-enditem|p2a: Raging Bolt|Leftovers|[from] move: Knock Off|[of] p1a: Tornadus
|move|p2a: Raging Bolt|Dragon Pulse|p1a: Tornadus
|-damage|p1a: Tornadus|64/100
|
|upkeep
|turn|11
|
|t:|1779878925
|move|p2a: Raging Bolt|Thunderclap|p1a: Tornadus
|-supereffective|p1a: Tornadus
|-damage|p1a: Tornadus|20/100
|move|p1a: Tornadus|U-turn|p2a: Raging Bolt
|-damage|p2a: Raging Bolt|6/100
|
|t:|1779878931
|switch|p1a: Great Tusk|Great Tusk|78/100 brn|[from] U-turn
|
|-damage|p1a: Great Tusk|71/100 brn|[from] brn
|upkeep
|turn|12
|
|t:|1779878936
|-end|p2a: Raging Bolt|Protosynthesis|[silent]
|switch|p2a: Moltres|Moltres|79/100
|move|p1a: Great Tusk|Ice Spinner|p2a: Moltres
|-damage|p2a: Moltres|68/100
|
|-damage|p1a: Great Tusk|65/100 brn|[from] brn
|upkeep
|turn|13
|
|t:|1779878946
|-end|p1a: Great Tusk|Protosynthesis|[silent]
|switch|p1a: Tornadus|Tornadus-Therian, M|54/100
|move|p2a: Moltres|U-turn|p1a: Tornadus
|-resisted|p1a: Tornadus
|-damage|p1a: Tornadus|45/100
|
|t:|1779878954
|switch|p2a: Ogerpon|Ogerpon, F|100/100|[from] U-turn
|
|upkeep
|turn|14
|
|t:|1779878967
|switch|p1a: Magnezone|Magnezone|100/100
|-damage|p1a: Magnezone|88/100|[from] Spikes
|-terastallize|p2a: Ogerpon|Grass
|detailschange|p2a: Ogerpon|Ogerpon-Teal-Tera, F, tera:Grass
|-ability|p2a: Ogerpon|Embody Aspect (Teal)|boost
|-boost|p2a: Ogerpon|spe|1
|move|p2a: Ogerpon|Rock Tomb|p1a: Magnezone
|-resisted|p1a: Magnezone
|-damage|p1a: Magnezone|77/100
|-unboost|p1a: Magnezone|spe|1
|
|upkeep
|turn|15
|
|t:|1779878979
|switch|p2a: Raging Bolt|Raging Bolt|6/100
|-damage|p2a: Raging Bolt|0 fnt|[from] Stealth Rock
|faint|p2a: Raging Bolt
|-end|p2a: Raging Bolt|Protosynthesis|[silent]
|move|p1a: Magnezone|Flash Cannon|p2: Raging Bolt|[notarget]
|-fail|p1a: Magnezone
|
|upkeep
|
|t:|1779878986
|switch|p2a: Great Tusk|Great Tusk|100/100
|turn|16
|
|t:|1779878995
|move|p2a: Great Tusk|Ice Spinner|p1a: Magnezone
|-resisted|p1a: Magnezone
|-damage|p1a: Magnezone|61/100
|move|p1a: Magnezone|Flash Cannon|p2a: Great Tusk
|-damage|p2a: Great Tusk|0 fnt
|faint|p2a: Great Tusk
|-end|p2a: Great Tusk|Protosynthesis|[silent]
|
|upkeep
|
|t:|1779878999
|switch|p2a: Gholdengo|Gholdengo|100/100
|-damage|p2a: Gholdengo|94/100|[from] Stealth Rock
|turn|17
|
|t:|1779879006
|switch|p1a: Tornadus|Tornadus-Therian, M|78/100
|move|p2a: Gholdengo|Shadow Ball|p1a: Tornadus
|-damage|p1a: Tornadus|52/100
|
|upkeep
|turn|18
|
|t:|1779879013
|move|p2a: Gholdengo|Shadow Ball|p1a: Tornadus
|-damage|p1a: Tornadus|23/100
|-unboost|p1a: Tornadus|spd|1
|move|p1a: Tornadus|Knock Off|p2a: Gholdengo
|-supereffective|p2a: Gholdengo
|-damage|p2a: Gholdengo|46/100
|-enditem|p2a: Gholdengo|Choice Scarf|[from] move: Knock Off|[of] p1a: Tornadus
|
|upkeep
|turn|19
|
|t:|1779879022
|move|p1a: Tornadus|Heat Wave|p2a: Gholdengo
|-supereffective|p2a: Gholdengo
|-damage|p2a: Gholdengo|0 fnt
|faint|p2a: Gholdengo
|
|upkeep
|
|t:|1779879024
|switch|p2a: Ogerpon|Ogerpon-Teal-Tera, F, tera:Grass|100/100
|-ability|p2a: Ogerpon|Embody Aspect (Teal)|boost
|-boost|p2a: Ogerpon|spe|1
|turn|20
|
|t:|1779879050
|switch|p1a: Great Tusk|Great Tusk|65/100 brn
|move|p2a: Ogerpon|Swords Dance|p2a: Ogerpon
|-boost|p2a: Ogerpon|atk|2
|
|-damage|p1a: Great Tusk|59/100 brn|[from] brn
|upkeep
|turn|21
|
|t:|1779879054
|move|p2a: Ogerpon|Ivy Cudgel|p1a: Great Tusk
|-supereffective|p1a: Great Tusk
|-damage|p1a: Great Tusk|0 fnt
|faint|p1a: Great Tusk
|-end|p1a: Great Tusk|Protosynthesis|[silent]
|
|upkeep
|
|t:|1779879068
|switch|p1a: Slowking|Slowking-Galar, M|100/100
|turn|22
|
|t:|1779879073
|-terastallize|p1a: Slowking|Fairy
|move|p2a: Ogerpon|Ivy Cudgel|p1a: Slowking
|-damage|p1a: Slowking|12/100
|move|p1a: Slowking|Sludge Bomb|p2a: Ogerpon
|-supereffective|p2a: Ogerpon
|-damage|p2a: Ogerpon|23/100
|
|upkeep
|turn|23
|
|t:|1779879082
|move|p2a: Ogerpon|Ivy Cudgel|p1a: Slowking
|-damage|p1a: Slowking|0 fnt
|faint|p1a: Slowking
|
|upkeep
|
|t:|1779879085
|switch|p1a: Rillaboom|Rillaboom, M|100/100
|-damage|p1a: Rillaboom|88/100|[from] Spikes
|-fieldstart|move: Grassy Terrain|[from] ability: Grassy Surge|[of] p1a: Rillaboom
|turn|24
|
|t:|1779879098
|switch|p2a: Moltres|Moltres|68/100
|switch|p1a: Tornadus|Tornadus-Therian, M|56/100
|
|upkeep
|turn|25
|
|t:|1779879102
|move|p1a: Tornadus|Knock Off|p2a: Moltres
|-damage|p2a: Moltres|51/100
|-status|p1a: Tornadus|brn|[from] ability: Flame Body|[of] p2a: Moltres
|-enditem|p2a: Moltres|Heavy-Duty Boots|[from] move: Knock Off|[of] p1a: Tornadus
|move|p2a: Moltres|Flamethrower|p1a: Tornadus
|-damage|p1a: Tornadus|34/100 brn
|
|-damage|p1a: Tornadus|28/100 brn|[from] brn
|upkeep
|turn|26
|
|t:|1779879107
|move|p1a: Tornadus|Bleakwind Storm|p2a: Moltres|[miss]
|-miss|p1a: Tornadus|p2a: Moltres
|move|p2a: Moltres|Flamethrower|p1a: Tornadus
|-damage|p1a: Tornadus|4/100 brn
|
|-damage|p1a: Tornadus|0 fnt|[from] brn
|faint|p1a: Tornadus
|upkeep
|
|t:|1779879111
|switch|p1a: Magnezone|Magnezone|61/100
|-damage|p1a: Magnezone|49/100|[from] Spikes
|turn|27
|
|t:|1779879120
|move|p2a: Moltres|Flamethrower|p1a: Magnezone
|-supereffective|p1a: Magnezone
|-damage|p1a: Magnezone|0 fnt
|faint|p1a: Magnezone
|
|upkeep
|
|t:|1779879125
|switch|p1a: Rillaboom|Rillaboom, M|88/100
|-damage|p1a: Rillaboom|76/100|[from] Spikes
|turn|28
|
|t:|1779879127
|move|p1a: Rillaboom|Knock Off|p2a: Moltres
|-damage|p2a: Moltres|22/100
|move|p2a: Moltres|Flamethrower|p1a: Rillaboom
|-supereffective|p1a: Rillaboom
|-damage|p1a: Rillaboom|0 fnt
|faint|p1a: Rillaboom
|
|win|RedemptiveSketch
|raw|a very bad gamer's rating: 1655 &rarr; <strong>1640</strong><br />(-15 for losing)
|raw|RedemptiveSketch's rating: 1748 &rarr; <strong>1763</strong><br />(+15 for winning)
|l|☆a very bad gamer
|player|p1|
|l|☆RedemptiveSketch
|player|p2|
