|j|‽aaagislash
|j|☆201187abc
|t:|1779937995
|gametype|singles
|player|p1|aaagislash|266|1619
|player|p2|201187abc|1|1535
|gen|9
|tier|[Gen 9] OU
|rated|
|rule|HP Percentage Mod: HP is shown in percentages
|rule|Endless Battle Clause: Forcing endless battles is banned
|rule|Species Clause: Limit one of each Pokémon
|rule|OHKO Clause: OHKO moves are banned
|rule|Evasion Items Clause: Evasion items are banned
|rule|Evasion Moves Clause: Evasion moves are banned
|rule|Evasion Abilities Clause: Evasion abilities are banned
|rule|Sleep Moves Clause: Sleep-inducing moves are banned
|clearpoke
|poke|p1|Blaziken, F|
|poke|p1|Rotom-Wash|
|poke|p1|Slowking-Galar, M|
|poke|p1|Great Tusk|
|poke|p1|Weavile, M|
|poke|p1|Tinkaton, F|
|poke|p2|Alomomola, F|
|poke|p2|Dragapult, F|
|poke|p2|Lokix, M|
|poke|p2|Great Tusk|
|poke|p2|Enamorus, F|
|poke|p2|Iron Crown|
|teampreview
|
|t:|1779938018
|teamsize|p1|6
|teamsize|p2|6
|start
|switch|p1a: Tinkaton|Tinkaton, F|100/100
|switch|p2a: Lokix|Lokix, M|100/100
|-item|p1a: Tinkaton|Air Balloon
|turn|1
|
|t:|1779938031
|switch|p2a: Alomomola|Alomomola, F|100/100
|move|p1a: Tinkaton|Stealth Rock|p2a: Alomomola
|-sidestart|p2: 201187abc|move: Stealth Rock
|
|upkeep
|turn|2
|
|t:|1779938038
|switch|p1a: Rotom|Rotom-Wash|100/100
|move|p2a: Alomomola|Scald|p1a: Rotom
|-resisted|p1a: Rotom
|-damage|p1a: Rotom|93/100
|
|upkeep
|turn|3
|
|t:|1779938045
|move|p1a: Rotom|Will-O-Wisp|p2a: Alomomola
|-status|p2a: Alomomola|brn
|move|p2a: Alomomola|Flip Turn|p1a: Rotom
|-resisted|p1a: Rotom
|-damage|p1a: Rotom|89/100
|-damage|p2a: Alomomola|84/100 brn|[from] item: Rocky Helmet|[of] p1a: Rotom
|
|t:|1779938080
|switch|p2a: Iron Crown|Iron Crown|100/100|[from] Flip Turn
|-damage|p2a: Iron Crown|94/100|[from] Stealth Rock
|
|upkeep
|turn|4
|
|t:|1779938095
|switch|p1a: Weavile|Weavile, M|100/100
|-ability|p1a: Weavile|Pressure
|move|p2a: Iron Crown|Psyshock|p1a: Weavile
|-immune|p1a: Weavile
|
|upkeep
|turn|5
|
|t:|1779938118
|-end|p2a: Iron Crown|Quark Drive|[silent]
|switch|p2a: Alomomola|Alomomola, F|100/100 brn
|-damage|p2a: Alomomola|88/100 brn|[from] Stealth Rock
|move|p1a: Weavile|Knock Off|p2a: Alomomola
|-damage|p2a: Alomomola|32/100 brn
|-enditem|p2a: Alomomola|Assault Vest|[from] move: Knock Off|[of] p1a: Weavile
|
|-damage|p2a: Alomomola|26/100 brn|[from] brn
|upkeep
|turn|6
|
|t:|1779938152
|switch|p1a: Rotom|Rotom-Wash|89/100
|switch|p2a: Lokix|Lokix, M|100/100
|-damage|p2a: Lokix|76/100|[from] Stealth Rock
|
|upkeep
|turn|7
|inactive|Battle timer is ON: inactive players will automatically lose when time's up. (requested by 201187abc)
|inactive|aaagislash has 120 seconds left.
|
|t:|1779938191
|move|p2a: Lokix|Knock Off|p1a: Rotom
|-damage|p1a: Rotom|21/100
|-damage|p2a: Lokix|59/100|[from] item: Rocky Helmet|[of] p1a: Rotom
|-enditem|p1a: Rotom|Rocky Helmet|[from] move: Knock Off|[of] p2a: Lokix
|move|p1a: Rotom|Volt Switch|p2a: Lokix
|-damage|p2a: Lokix|13/100
|
|t:|1779938199
|switch|p1a: Blaziken|Blaziken, F|100/100|[from] Volt Switch
|
|upkeep
|turn|8
|
|t:|1779938207
|switch|p2a: Great Tusk|Great Tusk|100/100
|move|p1a: Blaziken|Protect||[still]
|-fail|p1a: Blaziken
|
|-ability|p1a: Blaziken|Speed Boost|boost
|-boost|p1a: Blaziken|spe|1
|upkeep
|turn|9
|
|t:|1779938214
|-terastallize|p1a: Blaziken|Ground
|move|p1a: Blaziken|Overheat|p2a: Great Tusk
|-damage|p2a: Great Tusk|9/100
|-unboost|p1a: Blaziken|spa|2
|move|p2a: Great Tusk|Rapid Spin|p1a: Blaziken
|-damage|p1a: Blaziken|79/100
|-boost|p2a: Great Tusk|spe|1
|-sideend|p2: 201187abc|Stealth Rock|[from] move: Rapid Spin|[of] p2a: Great Tusk
|
|-ability|p1a: Blaziken|Speed Boost|boost
|-boost|p1a: Blaziken|spe|1
|upkeep
|turn|10
|
|t:|1779938234
|-end|p2a: Great Tusk|Protosynthesis|[silent]
|switch|p2a: Alomomola|Alomomola, F|59/100 brn
|move|p1a: Blaziken|Earthquake|p2a: Alomomola
|-damage|p2a: Alomomola|25/100 brn
|
|-damage|p2a: Alomomola|19/100 brn|[from] brn
|-ability|p1a: Blaziken|Speed Boost|boost
|-boost|p1a: Blaziken|spe|1
|upkeep
|turn|11
|
|t:|1779938255
|switch|p1a: Slowking|Slowking-Galar, M|100/100
|switch|p2a: Enamorus|Enamorus, F|100/100
|
|upkeep
|turn|12
|
|t:|1779938261
|switch|p2a: Alomomola|Alomomola, F|52/100 brn
|-prepare|p1a: Slowking|Chilly Reception|[premajor]
|move|p1a: Slowking|Chilly Reception|p1a: Slowking
|-weather|Snowscape
|
|t:|1779938267
|switch|p1a: Rotom|Rotom-Wash|21/100|[from] Chilly Reception
|
|-weather|Snowscape|[upkeep]
|-damage|p2a: Alomomola|46/100 brn|[from] brn
|upkeep
|turn|13
|inactive|201187abc has 120 seconds left.
|
|t:|1779938306
|move|p1a: Rotom|Volt Switch|p2a: Alomomola
|-supereffective|p2a: Alomomola
|-damage|p2a: Alomomola|9/100 brn
|
|t:|1779938309
|switch|p1a: Weavile|Weavile, M|100/100|[from] Volt Switch
|-ability|p1a: Weavile|Pressure
|move|p2a: Alomomola|Flip Turn|p1a: Weavile
|-damage|p1a: Weavile|91/100
|inactive|201187abc has 120 seconds left.
|
|t:|1779938320
|switch|p2a: Lokix|Lokix, M|13/100|[from] Flip Turn
|
|-weather|Snowscape|[upkeep]
|upkeep
|turn|14
|inactive|201187abc has 120 seconds left.
|
|t:|1779938331
|switch|p1a: Slowking|Slowking-Galar, M|100/100
|move|p2a: Lokix|Knock Off|p1a: Slowking
|-supereffective|p1a: Slowking
|-damage|p1a: Slowking|0 fnt
|-damage|p2a: Lokix|0 fnt|[from] item: Rocky Helmet|[of] p1a: Slowking
|faint|p1a: Slowking
|faint|p2a: Lokix
|
|-weather|Snowscape|[upkeep]
|upkeep
|
|t:|1779938350
|switch|p2a: Dragapult|Dragapult, F|100/100
|switch|p1a: Weavile|Weavile, M|91/100
|-ability|p1a: Weavile|Pressure
|turn|15
|
|t:|1779938361
|move|p1a: Weavile|Ice Shard|p2a: Dragapult
|-supereffective|p2a: Dragapult
|-damage|p2a: Dragapult|20/100
|move|p2a: Dragapult|U-turn|p1a: Weavile
|-supereffective|p1a: Weavile
|-damage|p1a: Weavile|15/100
|
|t:|1779938367
|switch|p2a: Iron Crown|Iron Crown|94/100|[from] U-turn
|
|-weather|Snowscape|[upkeep]
|upkeep
|turn|16
|
|t:|1779938388
|switch|p1a: Rotom|Rotom-Wash|21/100
|move|p2a: Iron Crown|Tachyon Cutter|p1a: Rotom
|-resisted|p1a: Rotom
|-damage|p1a: Rotom|11/100
|-resisted|p1a: Rotom
|-damage|p1a: Rotom|0 fnt
|faint|p1a: Rotom
|-hitcount|p1: Rotom|2
|
|-weather|none
|upkeep
|
|t:|1779938396
|switch|p1a: Tinkaton|Tinkaton, F|100/100
|-item|p1a: Tinkaton|Air Balloon
|turn|17
|
|t:|1779938407
|move|p2a: Iron Crown|Tachyon Cutter|p1a: Tinkaton
|-damage|p1a: Tinkaton|63/100
|-enditem|p1a: Tinkaton|Air Balloon
|-damage|p1a: Tinkaton|25/100
|-hitcount|p1a: Tinkaton|2
|move|p1a: Tinkaton|Stealth Rock|p2a: Iron Crown
|-sidestart|p2: 201187abc|move: Stealth Rock
|
|upkeep
|turn|18
|
|t:|1779938416
|move|p2a: Iron Crown|Tachyon Cutter|p1a: Tinkaton
|-damage|p1a: Tinkaton|0 fnt
|faint|p1a: Tinkaton
|-hitcount|p1: Tinkaton|1
|
|upkeep
|
|t:|1779938418
|switch|p1a: Weavile|Weavile, M|15/100
|-ability|p1a: Weavile|Pressure
|turn|19
|
|t:|1779938435
|-end|p2a: Iron Crown|Quark Drive|[silent]
|switch|p2a: Alomomola|Alomomola, F|42/100 brn
|-damage|p2a: Alomomola|30/100 brn|[from] Stealth Rock
|move|p1a: Weavile|Knock Off|p2a: Alomomola
|-damage|p2a: Alomomola|0 fnt
|faint|p2a: Alomomola
|
|upkeep
|
|t:|1779938454
|switch|p2a: Enamorus|Enamorus, F|100/100
|-damage|p2a: Enamorus|76/100|[from] Stealth Rock
|turn|20
|
|t:|1779938464
|switch|p1a: Great Tusk|Great Tusk|100/100
|move|p2a: Enamorus|Moonblast|p1a: Great Tusk
|-supereffective|p1a: Great Tusk
|-damage|p1a: Great Tusk|0 fnt
|faint|p1a: Great Tusk
|-end|p1a: Great Tusk|Protosynthesis|[silent]
|
|upkeep
|
|t:|1779938466
|switch|p1a: Weavile|Weavile, M|15/100
|-ability|p1a: Weavile|Pressure
|turn|21
|
|t:|1779938480
|switch|p2a: Great Tusk|Great Tusk|9/100
|switch|p1a: Blaziken|Blaziken, F, tera:Ground|79/100
|
|upkeep
|turn|22
|
|t:|1779938487
|move|p1a: Blaziken|Protect|p1a: Blaziken
|-singleturn|p1a: Blaziken|Protect
|move|p2a: Great Tusk|Stealth Rock|p1a: Blaziken
|-sidestart|p1: aaagislash|move: Stealth Rock
|
|-ability|p1a: Blaziken|Speed Boost|boost
|-boost|p1a: Blaziken|spe|1
|upkeep
|turn|23
|
|t:|1779938494
|move|p1a: Blaziken|Earthquake|p2a: Great Tusk
|-damage|p2a: Great Tusk|0 fnt
|faint|p2a: Great Tusk
|-end|p2a: Great Tusk|Protosynthesis|[silent]
|
|-ability|p1a: Blaziken|Speed Boost|boost
|-boost|p1a: Blaziken|spe|1
|upkeep
|inactive|201187abc has 120 seconds left.
|
|t:|1779938519
|switch|p2a: Enamorus|Enamorus, F|76/100
|-damage|p2a: Enamorus|51/100|[from] Stealth Rock
|turn|24
|inactive|201187abc has 120 seconds left.
|
|t:|1779938531
|switch|p2a: Dragapult|Dragapult, F|20/100
|-damage|p2a: Dragapult|8/100|[from] Stealth Rock
|move|p1a: Blaziken|Protect||[still]
|-fail|p1a: Blaziken
|
|-ability|p1a: Blaziken|Speed Boost|boost
|-boost|p1a: Blaziken|spe|1
|upkeep
|turn|25
|inactive|201187abc has 120 seconds left.
|
|t:|1779938541
|move|p1a: Blaziken|Protect|p1a: Blaziken
|-singleturn|p1a: Blaziken|Protect
|move|p2a: Dragapult|Dragon Darts|p1a: Blaziken
|-activate|p1a: Blaziken|move: Protect
|
|-ability|p1a: Blaziken|Speed Boost|boost
|-boost|p1a: Blaziken|spe|1
|upkeep
|turn|26
|
|t:|1779938548
|move|p1a: Blaziken|Earthquake|p2a: Dragapult
|-damage|p2a: Dragapult|0 fnt
|faint|p2a: Dragapult
|
|-ability|p1a: Blaziken|Speed Boost|boost
|-boost|p1a: Blaziken|spe|1
|upkeep
|
|t:|1779938551
|switch|p2a: Enamorus|Enamorus, F|51/100
|-damage|p2a: Enamorus|26/100|[from] Stealth Rock
|turn|27
|
|t:|1779938560
|move|p1a: Blaziken|Overheat|p2a: Enamorus
|-damage|p2a: Enamorus|0 fnt
|-unboost|p1a: Blaziken|spa|2
|faint|p2a: Enamorus
|
|-ability|p1a: Blaziken|Speed Boost|boost
|-boost|p1a: Blaziken|spe|1
|upkeep
|
|t:|1779938563
|switch|p2a: Iron Crown|Iron Crown|94/100
|-damage|p2a: Iron Crown|88/100|[from] Stealth Rock
|turn|28
|c|☆201187abc|gg
|
|t:|1779938585
|-terastallize|p2a: Iron Crown|Fighting
|move|p1a: Blaziken|Protect|p1a: Blaziken
|-singleturn|p1a: Blaziken|Protect
|move|p2a: Iron Crown|Tachyon Cutter|p1a: Blaziken
|-activate|p1a: Blaziken|move: Protect
|
|upkeep
|turn|29
|
|t:|1779938596
|move|p1a: Blaziken|U-turn|p2a: Iron Crown
|-resisted|p2a: Iron Crown
|-damage|p2a: Iron Crown|78/100
|
|t:|1779938599
|switch|p1a: Weavile|Weavile, M|15/100|[from] U-turn
|-damage|p1a: Weavile|0 fnt|[from] Stealth Rock
|faint|p1a: Weavile
|move|p2a: Iron Crown|Tachyon Cutter|p1: Weavile|[notarget]
|-fail|p2a: Iron Crown
|
|upkeep
|
|t:|1779938601
|switch|p1a: Blaziken|Blaziken, F, tera:Ground|79/100
|turn|30
|
|t:|1779938605
|move|p1a: Blaziken|Protect|p1a: Blaziken
|-singleturn|p1a: Blaziken|Protect
|move|p2a: Iron Crown|Tachyon Cutter|p1a: Blaziken
|-activate|p1a: Blaziken|move: Protect
|
|-ability|p1a: Blaziken|Speed Boost|boost
|-boost|p1a: Blaziken|spe|1
|upkeep
|turn|31
|
|t:|1779938608
|move|p1a: Blaziken|Overheat|p2a: Iron Crown
|-damage|p2a: Iron Crown|14/100
|-unboost|p1a: Blaziken|spa|2
|move|p2a: Iron Crown|Tachyon Cutter|p1a: Blaziken
|-damage|p1a: Blaziken|18/100
|-damage|p1a: Blaziken|0 fnt
|faint|p1a: Blaziken
|-hitcount|p1: Blaziken|2
|
|win|201187abc
|raw|aaagislash's rating: 1619 &rarr; <strong>1594</strong><br />(-25 for losing)
|raw|201187abc's rating: 1535 &rarr; <strong>1560</strong><br />(+25 for winning)
|l|‽aaagislash
|player|p1|
