|j|☆Dudumagal
|j|‽KAHALL
|t:|1779809486
|gametype|singles
|player|p1|Dudumagal|blackbelt-gen4|1073
|player|p2|KAHALL|101|1106
|gen|9
|tier|[Gen 9] OU
|rated|
|rule|HP Percentage Mod: HP is shown in percentages
|rule|Endless Battle Clause: Forcing endless battles is banned
|rule|Species Clause: Limit one of each Pokémon
|rule|OHKO Clause: OHKO moves are banned
|rule|Evasion Items Clause: Evasion items are banned
|rule|Evasion Moves Clause: Evasion moves are banned
|rule|Evasion Abilities Clause: Evasion abilities are banned
|rule|Sleep Moves Clause: Sleep-inducing moves are banned
|clearpoke
|poke|p1|Kingambit, M|
|poke|p1|Crabominable, F|
|poke|p1|Ceruledge, F|
|poke|p1|Meowscarada, M|
|poke|p1|Iron Thorns|
|poke|p1|Inteleon, M|
|poke|p2|Bisharp, F|
|poke|p2|Swampert, F|
|poke|p2|Ribombee, M|
|poke|p2|Cryogonal|
|poke|p2|Dachsbun, F|
|poke|p2|Weezing, F|
|teampreview
|inactive|Battle timer is ON: inactive players will automatically lose when time's up. (requested by Dudumagal)
|
|t:|1779809495
|teamsize|p1|6
|teamsize|p2|6
|start
|switch|p1a: Ceruledge|Ceruledge, F|100/100
|switch|p2a: Swampert|Swampert, F|100/100
|turn|1
|
|t:|1779809506
|switch|p1a: Maria juana|Meowscarada, M, shiny|100/100
|move|p2a: Swampert|Knock Off|p1a: Maria juana
|-resisted|p1a: Maria juana
|-crit|p1a: Maria juana
|-damage|p1a: Maria juana|65/100
|-enditem|p1a: Maria juana|Heavy-Duty Boots|[from] move: Knock Off|[of] p2a: Swampert
|
|upkeep
|turn|2
|
|t:|1779809513
|switch|p2a: Weezing|Weezing, F, shiny|100/100
|move|p1a: Maria juana|Flower Trick|p2a: Weezing
|-start|p1a: Maria juana|typechange|Grass|[from] ability: Protean
|-resisted|p2a: Weezing
|-crit|p2a: Weezing
|-damage|p2a: Weezing|78/100
|
|upkeep
|turn|3
|
|t:|1779809525
|move|p1a: Maria juana|U-turn|p2a: Weezing
|-resisted|p2a: Weezing
|-damage|p2a: Weezing|68/100
|
|t:|1779809531
|switch|p1a: Kingambicho|Kingambit, M, shiny|100/100|[from] U-turn
|move|p2a: Weezing|Fire Blast|p1a: Kingambicho
|-supereffective|p1a: Kingambicho
|-damage|p1a: Kingambicho|0 fnt
|faint|p1a: Kingambicho
|-end|p1a: Kingambicho|fallenundefined|[silent]
|
|upkeep
|
|t:|1779809541
|switch|p1a: Arame farpado|Iron Thorns, shiny|100/100
|-enditem|p1a: Arame farpado|Booster Energy
|-activate|p1a: Arame farpado|ability: Quark Drive|[fromitem]
|-start|p1a: Arame farpado|quarkdriveatk
|turn|4
|
|t:|1779809547
|switch|p2a: Swampert|Swampert, F|100/100
|move|p1a: Arame farpado|High Horsepower|p2a: Swampert
|-damage|p2a: Swampert|63/100
|
|-heal|p2a: Swampert|70/100|[from] item: Leftovers
|upkeep
|turn|5
|
|t:|1779809555
|-end|p1a: Arame farpado|Quark Drive|[silent]
|switch|p1a: Maria juana|Meowscarada, M, shiny|65/100
|move|p2a: Swampert|Stealth Rock|p1a: Maria juana
|-sidestart|p1: Dudumagal|move: Stealth Rock
|
|-heal|p2a: Swampert|76/100|[from] item: Leftovers
|upkeep
|turn|6
|
|t:|1779809561
|switch|p2a: Dachsbun|Dachsbun, F|100/100
|move|p1a: Maria juana|Triple Axel|p2a: Dachsbun
|-start|p1a: Maria juana|typechange|Ice|[from] ability: Protean
|-damage|p2a: Dachsbun|92/100
|-damage|p2a: Dachsbun|77/100
|-hitcount|p2a: Dachsbun|2
|
|-heal|p2a: Dachsbun|83/100|[from] item: Leftovers
|upkeep
|turn|7
|
|t:|1779809573
|move|p1a: Maria juana|U-turn|p2a: Dachsbun
|-resisted|p2a: Dachsbun
|-damage|p2a: Dachsbun|74/100
|
|t:|1779809582
|switch|p1a: Ceruledge|Ceruledge, F|100/100|[from] U-turn
|-damage|p1a: Ceruledge|76/100|[from] Stealth Rock
|move|p2a: Dachsbun|Body Press|p1a: Ceruledge
|-immune|p1a: Ceruledge
|
|-heal|p2a: Dachsbun|80/100|[from] item: Leftovers
|upkeep
|turn|8
|
|t:|1779809598
|switch|p2a: Swampert|Swampert, F|76/100
|move|p1a: Ceruledge|Bitter Blade|p2a: Swampert
|-resisted|p2a: Swampert
|-damage|p2a: Swampert|54/100
|-heal|p1a: Ceruledge|91/100|[from] drain|[of] p2a: Swampert
|
|-heal|p2a: Swampert|60/100|[from] item: Leftovers
|upkeep
|turn|9
|
|t:|1779809609
|switch|p1a: Inteleon|Inteleon, M|100/100
|-damage|p1a: Inteleon|88/100|[from] Stealth Rock
|move|p2a: Swampert|Knock Off|p1a: Inteleon
|-damage|p1a: Inteleon|35/100
|-enditem|p1a: Inteleon|Choice Specs|[from] move: Knock Off|[of] p2a: Swampert
|
|-heal|p2a: Swampert|67/100|[from] item: Leftovers
|upkeep
|turn|10
|
|t:|1779809616
|switch|p2a: Dachsbun|Dachsbun, F|80/100
|move|p1a: Inteleon|Hydro Pump|p2a: Dachsbun
|-damage|p2a: Dachsbun|19/100
|
|-heal|p2a: Dachsbun|25/100|[from] item: Leftovers
|upkeep
|turn|11
|
|t:|1779809623
|move|p1a: Inteleon|Hydro Pump|p2a: Dachsbun
|-damage|p2a: Dachsbun|0 fnt
|faint|p2a: Dachsbun
|
|upkeep
|
|t:|1779809638
|switch|p2a: Bisharp|Bisharp, F|100/100
|turn|12
|
|t:|1779809643
|move|p1a: Inteleon|U-turn|p2a: Bisharp
|-damage|p2a: Bisharp|90/100
|
|t:|1779809650
|switch|p1a: Arame farpado|Iron Thorns, shiny|100/100|[from] U-turn
|-damage|p1a: Arame farpado|88/100|[from] Stealth Rock
|move|p2a: Bisharp|Swords Dance|p2a: Bisharp
|-boost|p2a: Bisharp|atk|2
|
|upkeep
|turn|13
|
|t:|1779809661
|-terastallize|p2a: Bisharp|Flying
|move|p2a: Bisharp|Iron Head|p1a: Arame farpado
|-damage|p1a: Arame farpado|17/100
|cant|p1a: Arame farpado|flinch
|
|upkeep
|turn|14
|
|t:|1779809668
|move|p2a: Bisharp|Sucker Punch|p1a: Arame farpado
|-damage|p1a: Arame farpado|0 fnt
|faint|p1a: Arame farpado
|-end|p1a: Arame farpado|Quark Drive|[silent]
|
|upkeep
|
|t:|1779809678
|switch|p1a: Ceruledge|Ceruledge, F|91/100
|-damage|p1a: Ceruledge|66/100|[from] Stealth Rock
|turn|15
|
|t:|1779809698
|-terastallize|p1a: Ceruledge|Fire
|move|p2a: Bisharp|Sucker Punch|p1a: Ceruledge
|-damage|p1a: Ceruledge|0 fnt
|faint|p1a: Ceruledge
|
|upkeep
|
|t:|1779809703
|switch|p1a: Inteleon|Inteleon, M|35/100
|-damage|p1a: Inteleon|22/100|[from] Stealth Rock
|turn|16
|
|t:|1779809707
|move|p2a: Bisharp|Sucker Punch|p1a: Inteleon
|-damage|p1a: Inteleon|0 fnt
|faint|p1a: Inteleon
|
|upkeep
|
|t:|1779809711
|switch|p1a: Crabominable|Crabominable, F, shiny|100/100
|-damage|p1a: Crabominable|88/100|[from] Stealth Rock
|turn|17
|
|t:|1779809717
|move|p2a: Bisharp|Iron Head|p1a: Crabominable
|-supereffective|p1a: Crabominable
|-damage|p1a: Crabominable|0 fnt
|faint|p1a: Crabominable
|
|upkeep
|
|t:|1779809720
|switch|p1a: Maria juana|Meowscarada, M, shiny|65/100
|-damage|p1a: Maria juana|52/100|[from] Stealth Rock
|turn|18
|-message|Dudumagal forfeited.
|
|win|KAHALL
|raw|Dudumagal's rating: 1073 &rarr; <strong>1054</strong><br />(-19 for losing)
|raw|KAHALL's rating: 1106 &rarr; <strong>1129</strong><br />(+23 for winning)
|l|☆Dudumagal
|player|p1|
|l|‽KAHALL
|player|p2|
