|j|☆GCC027
|j|☆adnaneo
|t:|1779949107
|gametype|singles
|player|p1|GCC027|veteran|1098
|player|p2|adnaneo|ghetsis-gen5bw|1148
|gen|9
|tier|[Gen 9] OU
|rated|
|rule|HP Percentage Mod: HP is shown in percentages
|rule|Endless Battle Clause: Forcing endless battles is banned
|rule|Species Clause: Limit one of each Pokémon
|rule|OHKO Clause: OHKO moves are banned
|rule|Evasion Items Clause: Evasion items are banned
|rule|Evasion Moves Clause: Evasion moves are banned
|rule|Evasion Abilities Clause: Evasion abilities are banned
|rule|Sleep Moves Clause: Sleep-inducing moves are banned
|clearpoke
|poke|p1|Tsareena, F|
|poke|p1|Kingambit, F|
|poke|p1|Dragapult, F|
|poke|p1|Iron Valiant|
|poke|p1|Great Tusk|
|poke|p1|Ninetales-Alola, F|
|poke|p2|Grimmsnarl, M|
|poke|p2|Landorus-Therian, M|
|poke|p2|Darkrai|
|poke|p2|Raging Bolt|
|poke|p2|Quaquaval, F|
|poke|p2|Ceruledge, F|
|teampreview
|inactive|Battle timer is ON: inactive players will automatically lose when time's up. (requested by GCC027)
|
|t:|1779949138
|teamsize|p1|6
|teamsize|p2|6
|start
|switch|p1a: Ninetales|Ninetales-Alola, F|100/100
|switch|p2a: Grimmsnarl|Grimmsnarl, M, shiny|100/100
|-weather|Snowscape|[from] ability: Snow Warning|[of] p1a: Ninetales
|turn|1
|
|t:|1779949167
|move|p2a: Grimmsnarl|Thunder Wave|p1a: Ninetales
|-status|p1a: Ninetales|par
|move|p1a: Ninetales|Aurora Veil|p1a: Ninetales
|-sidestart|p1: GCC027|move: Aurora Veil
|
|-weather|Snowscape|[upkeep]
|upkeep
|turn|2
|
|t:|1779949179
|move|p2a: Grimmsnarl|Light Screen|p2a: Grimmsnarl
|-sidestart|p2: adnaneo|move: Light Screen
|cant|p1a: Ninetales|par
|
|-weather|Snowscape|[upkeep]
|upkeep
|turn|3
|
|t:|1779949190
|switch|p1a: Iron Valiant|Iron Valiant|100/100
|-enditem|p1a: Iron Valiant|Booster Energy
|-activate|p1a: Iron Valiant|ability: Quark Drive|[fromitem]
|-start|p1a: Iron Valiant|quarkdrivespe
|move|p2a: Grimmsnarl|Reflect|p2a: Grimmsnarl
|-sidestart|p2: adnaneo|Reflect
|
|-weather|Snowscape|[upkeep]
|upkeep
|turn|4
|inactive|adnaneo has 120 seconds left.
|
|t:|1779949228
|move|p2a: Grimmsnarl|Thunder Wave|p1a: Iron Valiant
|-status|p1a: Iron Valiant|par
|move|p1a: Iron Valiant|Moonblast|p2a: Grimmsnarl
|-supereffective|p2a: Grimmsnarl
|-damage|p2a: Grimmsnarl|63/100
|
|-weather|Snowscape|[upkeep]
|upkeep
|turn|5
|inactive|adnaneo has 120 seconds left.
|
|t:|1779949242
|move|p2a: Grimmsnarl|Parting Shot|p1a: Iron Valiant
|-unboost|p1a: Iron Valiant|atk|1
|-unboost|p1a: Iron Valiant|spa|1
|inactive|adnaneo has 120 seconds left.
|
|t:|1779949269
|switch|p2a: Landorus|Landorus-Therian, M|100/100|[from] Parting Shot
|-ability|p2a: Landorus|Intimidate|boost
|-unboost|p1a: Iron Valiant|atk|1
|move|p1a: Iron Valiant|Close Combat|p2a: Landorus
|-resisted|p2a: Landorus
|-damage|p2a: Landorus|93/100
|-unboost|p1a: Iron Valiant|def|1
|-unboost|p1a: Iron Valiant|spd|1
|-damage|p1a: Iron Valiant|84/100 par|[from] item: Rocky Helmet|[of] p2a: Landorus
|
|-weather|none
|upkeep
|turn|6
|inactive|GCC027 has 120 seconds left.
|inactive|adnaneo has 90 seconds left.
|
|t:|1779949318
|-end|p1a: Iron Valiant|Quark Drive|[silent]
|switch|p1a: Dragapult|Dragapult, F|100/100
|move|p2a: Landorus|Swords Dance|p2a: Landorus
|-boost|p2a: Landorus|atk|2
|
|upkeep
|turn|7
|
|t:|1779949330
|-terastallize|p2a: Landorus|Water
|move|p1a: Dragapult|U-turn|p2a: Landorus
|-damage|p2a: Landorus|74/100
|-damage|p1a: Dragapult|84/100|[from] item: Rocky Helmet|[of] p2a: Landorus
|
|t:|1779949335
|switch|p1a: Ninetales|Ninetales-Alola, F|100/100 par|[from] U-turn
|-weather|Snowscape|[from] ability: Snow Warning|[of] p1a: Ninetales
|move|p2a: Landorus|Earthquake|p1a: Ninetales
|-damage|p1a: Ninetales|55/100 par
|
|-weather|Snowscape|[upkeep]
|upkeep
|turn|8
|
|t:|1779949345
|move|p2a: Landorus|Stone Edge|p1a: Ninetales|[miss]
|-miss|p2a: Landorus|p1a: Ninetales
|move|p1a: Ninetales|Roar|p2a: Landorus
|drag|p2a: Quaquaval|Quaquaval, F|100/100
|
|-weather|Snowscape|[upkeep]
|-sideend|p1: GCC027|move: Aurora Veil
|upkeep
|turn|9
|inactive|GCC027 has 120 seconds left.
|
|t:|1779949364
|move|p2a: Quaquaval|Aqua Step|p1a: Ninetales
|-crit|p1a: Ninetales
|-damage|p1a: Ninetales|0 fnt
|-boost|p2a: Quaquaval|spe|1
|faint|p1a: Ninetales
|-ability|p2a: Quaquaval|Moxie|boost
|-boost|p2a: Quaquaval|atk|1
|-damage|p2a: Quaquaval|91/100|[from] item: Life Orb
|
|-weather|Snowscape|[upkeep]
|-sideend|p2: adnaneo|move: Light Screen
|upkeep
|
|t:|1779949375
|switch|p1a: Great Tusk|Great Tusk|100/100
|turn|10
|
|t:|1779949389
|move|p2a: Quaquaval|Aqua Step|p1a: Great Tusk
|-supereffective|p1a: Great Tusk
|-damage|p1a: Great Tusk|33/100
|-boost|p2a: Quaquaval|spe|1
|-damage|p2a: Quaquaval|81/100|[from] item: Life Orb
|move|p1a: Great Tusk|Earthquake|p2a: Quaquaval
|-damage|p2a: Quaquaval|52/100
|
|-weather|Snowscape|[upkeep]
|-heal|p1a: Great Tusk|40/100|[from] item: Leftovers
|-sideend|p2: adnaneo|Reflect
|upkeep
|turn|11
|
|t:|1779949403
|move|p2a: Quaquaval|Bulk Up|p2a: Quaquaval
|-boost|p2a: Quaquaval|atk|1
|-boost|p2a: Quaquaval|def|1
|move|p1a: Great Tusk|Knock Off|p2a: Quaquaval
|-resisted|p2a: Quaquaval
|-damage|p2a: Quaquaval|40/100
|-enditem|p2a: Quaquaval|Life Orb|[from] move: Knock Off|[of] p1a: Great Tusk
|
|-weather|none
|-heal|p1a: Great Tusk|46/100|[from] item: Leftovers
|upkeep
|turn|12
|
|t:|1779949417
|move|p2a: Quaquaval|Aqua Step|p1a: Great Tusk
|-supereffective|p1a: Great Tusk
|-damage|p1a: Great Tusk|0 fnt
|-boost|p2a: Quaquaval|spe|1
|faint|p1a: Great Tusk
|-end|p1a: Great Tusk|Protosynthesis|[silent]
|-ability|p2a: Quaquaval|Moxie|boost
|-boost|p2a: Quaquaval|atk|1
|
|upkeep
|
|t:|1779949430
|switch|p1a: Iron Valiant|Iron Valiant|84/100 par
|turn|13
|
|t:|1779949438
|move|p2a: Quaquaval|Aqua Step|p1a: Iron Valiant
|-crit|p1a: Iron Valiant
|-damage|p1a: Iron Valiant|0 fnt
|-boost|p2a: Quaquaval|spe|1
|faint|p1a: Iron Valiant
|-end|p1a: Iron Valiant|Quark Drive|[silent]
|-ability|p2a: Quaquaval|Moxie|boost
|-boost|p2a: Quaquaval|atk|1
|
|upkeep
|
|t:|1779949446
|switch|p1a: Kingambit|Kingambit, F|100/100
|-activate|p1a: Kingambit|ability: Supreme Overlord
|-start|p1a: Kingambit|fallen3|[silent]
|turn|14
|
|t:|1779949461
|move|p2a: Quaquaval|Close Combat|p1a: Kingambit
|-supereffective|p1a: Kingambit
|-damage|p1a: Kingambit|0 fnt
|-unboost|p2a: Quaquaval|def|1
|-unboost|p2a: Quaquaval|spd|1
|faint|p1a: Kingambit
|-end|p1a: Kingambit|fallen3|[silent]
|-ability|p2a: Quaquaval|Moxie|boost
|-boost|p2a: Quaquaval|atk|1
|
|upkeep
|
|t:|1779949471
|switch|p1a: Tsareena|Tsareena, F|100/100
|turn|15
|
|t:|1779949477
|move|p2a: Quaquaval|Triple Axel|p1a: Tsareena
|-supereffective|p1a: Tsareena
|-damage|p1a: Tsareena|42/100
|-supereffective|p1a: Tsareena
|-damage|p1a: Tsareena|0 fnt
|faint|p1a: Tsareena
|-ability|p2a: Quaquaval|Moxie|boost
|-boost|p2a: Quaquaval|atk|1
|-hitcount|p1: Tsareena|2
|
|upkeep
|-message|GCC027 forfeited.
|
|win|adnaneo
|raw|GCC027's rating: 1098 &rarr; <strong>1077</strong><br />(-21 for losing)
|raw|adnaneo's rating: 1148 &rarr; <strong>1169</strong><br />(+21 for winning)
|l|☆GCC027
|player|p1|
|l|☆adnaneo
|player|p2|
