|j|☆tauros3
|j|☆extra-pseudo man
|t:|1779932375
|gametype|singles
|player|p1|tauros3|swimmer-gen4dp|1482
|player|p2|extra-pseudo man|ghetsis-gen5bw|1534
|gen|9
|tier|[Gen 9] OU
|rated|
|rule|HP Percentage Mod: HP is shown in percentages
|rule|Endless Battle Clause: Forcing endless battles is banned
|rule|Species Clause: Limit one of each Pokémon
|rule|OHKO Clause: OHKO moves are banned
|rule|Evasion Items Clause: Evasion items are banned
|rule|Evasion Moves Clause: Evasion moves are banned
|rule|Evasion Abilities Clause: Evasion abilities are banned
|rule|Sleep Moves Clause: Sleep-inducing moves are banned
|clearpoke
|poke|p1|Rillaboom, F|
|poke|p1|Ogerpon-Wellspring, F|
|poke|p1|Tauros-Paldea-Blaze, M|
|poke|p1|Muk-Alola, M|
|poke|p1|Raging Bolt|
|poke|p1|Iron Treads|
|poke|p2|Dragonite, F|
|poke|p2|Dragapult, M|
|poke|p2|Tyranitar, M|
|poke|p2|Metagross|
|poke|p2|Goodra-Hisui, F|
|poke|p2|Garchomp, F|
|teampreview
|inactive|Battle timer is ON: inactive players will automatically lose when time's up. (requested by extra-pseudo man)
|inactive|tauros3 also wants the timer to be on.
|
|t:|1779932397
|teamsize|p1|6
|teamsize|p2|6
|start
|switch|p1a: Plastic Flowers|Iron Treads|100/100
|switch|p2a: We pulten on it|Dragapult, M|100/100
|-enditem|p1a: Plastic Flowers|Booster Energy
|-activate|p1a: Plastic Flowers|ability: Quark Drive|[fromitem]
|-start|p1a: Plastic Flowers|quarkdrivespe
|turn|1
|
|t:|1779932408
|switch|p2a: Spiky man|Garchomp, F|100/100
|move|p1a: Plastic Flowers|Stealth Rock|p2a: Spiky man
|-sidestart|p2: extra-pseudo man|move: Stealth Rock
|
|upkeep
|turn|2
|
|t:|1779932419
|-end|p1a: Plastic Flowers|Quark Drive|[silent]
|switch|p1a: HELP|Ogerpon-Wellspring, F|100/100
|move|p2a: Spiky man|Spikes|p1a: HELP
|-sidestart|p1: tauros3|Spikes
|
|upkeep
|turn|3
|
|t:|1779932425
|move|p1a: HELP|Ivy Cudgel|p2a: Spiky man|[anim] Ivy Cudgel Water
|-damage|p2a: Spiky man|57/100
|move|p2a: Spiky man|Dragon Tail|p1a: HELP
|-crit|p1a: HELP
|-damage|p1a: HELP|54/100
|drag|p1a: The Plan|Tauros-Paldea-Blaze, M|100/100
|-damage|p1a: The Plan|88/100|[from] Spikes
|-ability|p1a: The Plan|Intimidate|boost
|-unboost|p2a: Spiky man|atk|1
|
|-heal|p1a: The Plan|94/100|[from] item: Leftovers
|upkeep
|turn|4
|
|t:|1779932435
|move|p2a: Spiky man|Spikes|p1a: The Plan
|-sidestart|p1: tauros3|Spikes
|move|p1a: The Plan|Will-O-Wisp|p2a: Spiky man
|-status|p2a: Spiky man|brn
|
|-heal|p1a: The Plan|100/100|[from] item: Leftovers
|-damage|p2a: Spiky man|51/100 brn|[from] brn
|upkeep
|turn|5
|
|t:|1779932440
|move|p2a: Spiky man|Earthquake|p1a: The Plan
|-supereffective|p1a: The Plan
|-damage|p1a: The Plan|82/100
|move|p1a: The Plan|Body Press|p2a: Spiky man
|-damage|p2a: Spiky man|26/100 brn
|-damage|p1a: The Plan|70/100|[from] ability: Rough Skin|[of] p2a: Spiky man
|-damage|p1a: The Plan|53/100|[from] item: Rocky Helmet|[of] p2a: Spiky man
|
|-heal|p1a: The Plan|60/100|[from] item: Leftovers
|-damage|p2a: Spiky man|20/100 brn|[from] brn
|upkeep
|turn|6
|
|t:|1779932444
|switch|p2a: We pulten on it|Dragapult, M|100/100
|move|p1a: The Plan|Body Press|p2a: We pulten on it
|-immune|p2a: We pulten on it
|
|-heal|p1a: The Plan|66/100|[from] item: Leftovers
|upkeep
|turn|7
|
|t:|1779932449
|switch|p1a: Plastic Flowers|Iron Treads|100/100
|-damage|p1a: Plastic Flowers|84/100|[from] Spikes
|move|p2a: We pulten on it|Draco Meteor|p1a: Plastic Flowers
|-resisted|p1a: Plastic Flowers
|-damage|p1a: Plastic Flowers|44/100
|-unboost|p2a: We pulten on it|spa|2
|
|upkeep
|turn|8
|
|t:|1779932455
|move|p2a: We pulten on it|Will-O-Wisp|p1a: Plastic Flowers
|-status|p1a: Plastic Flowers|brn
|move|p1a: Plastic Flowers|Rapid Spin|p2a: We pulten on it
|-immune|p2a: We pulten on it
|
|-damage|p1a: Plastic Flowers|38/100 brn|[from] brn
|upkeep
|turn|9
|
|t:|1779932463
|move|p2a: We pulten on it|Hex|p1a: Plastic Flowers
|-damage|p1a: Plastic Flowers|0 fnt
|faint|p1a: Plastic Flowers
|-end|p1a: Plastic Flowers|Quark Drive|[silent]
|
|upkeep
|
|t:|1779932469
|switch|p1a: Summer Shandy|Rillaboom, F|100/100
|-damage|p1a: Summer Shandy|84/100|[from] Spikes
|-fieldstart|move: Grassy Terrain|[from] ability: Grassy Surge|[of] p1a: Summer Shandy
|turn|10
|
|t:|1779932473
|move|p2a: We pulten on it|U-turn|p1a: Summer Shandy
|-supereffective|p1a: Summer Shandy
|-damage|p1a: Summer Shandy|51/100
|
|t:|1779932475
|switch|p2a: Spiky man|Garchomp, F|20/100 brn|[from] U-turn
|-damage|p2a: Spiky man|14/100 brn|[from] Stealth Rock
|move|p1a: Summer Shandy|Knock Off|p2a: Spiky man
|-damage|p2a: Spiky man|0 fnt
|-damage|p1a: Summer Shandy|39/100|[from] ability: Rough Skin|[of] p2a: Spiky man
|-damage|p1a: Summer Shandy|22/100|[from] item: Rocky Helmet|[of] p2a: Spiky man
|-enditem|p2a: Spiky man|Rocky Helmet|[from] move: Knock Off|[of] p1a: Summer Shandy
|faint|p2a: Spiky man
|
|-heal|p1a: Summer Shandy|28/100|[from] Grassy Terrain
|upkeep
|
|t:|1779932479
|switch|p2a: We pulten on it|Dragapult, M|100/100
|turn|11
|
|t:|1779932481
|move|p2a: We pulten on it|U-turn|p1a: Summer Shandy
|-supereffective|p1a: Summer Shandy
|-damage|p1a: Summer Shandy|0 fnt
|faint|p1a: Summer Shandy
|
|t:|1779932485
|switch|p2a: Kabloom|Metagross|100/100|[from] U-turn
|-damage|p2a: Kabloom|95/100|[from] Stealth Rock
|
|-heal|p2a: Kabloom|100/100|[from] Grassy Terrain
|upkeep
|
|t:|1779932492
|switch|p1a: The Plan|Tauros-Paldea-Blaze, M|66/100
|-damage|p1a: The Plan|50/100|[from] Spikes
|-ability|p1a: The Plan|Intimidate|boost
|-fail|p2a: Kabloom|unboost|[from] ability: Clear Body|[of] p2a: Kabloom
|turn|12
|
|t:|1779932498
|switch|p2a: We pulten on it|Dragapult, M|100/100
|move|p1a: The Plan|Will-O-Wisp|p2a: We pulten on it
|-status|p2a: We pulten on it|brn
|
|-heal|p1a: The Plan|56/100|[from] Grassy Terrain
|-heal|p1a: The Plan|62/100|[from] item: Leftovers
|-damage|p2a: We pulten on it|95/100 brn|[from] brn
|upkeep
|turn|13
|
|t:|1779932505
|switch|p1a: 2YL|Muk-Alola, M|100/100
|-damage|p1a: 2YL|84/100|[from] Spikes
|move|p2a: We pulten on it|Draco Meteor|p1a: 2YL
|-damage|p1a: 2YL|61/100
|-unboost|p2a: We pulten on it|spa|2
|
|-heal|p2a: We pulten on it|100/100 brn|[from] Grassy Terrain
|-heal|p1a: 2YL|67/100|[from] Grassy Terrain
|-damage|p2a: We pulten on it|95/100 brn|[from] brn
|upkeep
|turn|14
|
|t:|1779932508
|move|p2a: We pulten on it|U-turn|p1a: 2YL
|-damage|p1a: 2YL|58/100
|
|t:|1779932510
|switch|p2a: Big Man|Tyranitar, M|100/100|[from] U-turn
|-damage|p2a: Big Man|88/100|[from] Stealth Rock
|-weather|Sandstorm|[from] ability: Sand Stream|[of] p2a: Big Man
|move|p1a: 2YL|Knock Off|p2a: Big Man
|-resisted|p2a: Big Man
|-damage|p2a: Big Man|74/100
|-enditem|p2a: Big Man|Leftovers|[from] move: Knock Off|[of] p1a: 2YL
|
|-weather|Sandstorm|[upkeep]
|-damage|p1a: 2YL|52/100|[from] Sandstorm
|-heal|p2a: Big Man|80/100|[from] Grassy Terrain
|-heal|p1a: 2YL|58/100|[from] Grassy Terrain
|upkeep
|turn|15
|
|t:|1779932517
|move|p2a: Big Man|Stealth Rock|p1a: 2YL
|-sidestart|p1: tauros3|move: Stealth Rock
|move|p1a: 2YL|Drain Punch|p2a: Big Man
|-supereffective|p2a: Big Man
|-damage|p2a: Big Man|21/100
|-heal|p1a: 2YL|87/100|[from] drain|[of] p2a: Big Man
|
|-weather|Sandstorm|[upkeep]
|-damage|p1a: 2YL|81/100|[from] Sandstorm
|-heal|p2a: Big Man|27/100|[from] Grassy Terrain
|-heal|p1a: 2YL|87/100|[from] Grassy Terrain
|upkeep
|turn|16
|
|t:|1779932526
|switch|p1a: HELP|Ogerpon-Wellspring, F|54/100
|-damage|p1a: HELP|37/100|[from] Spikes
|-damage|p1a: HELP|25/100|[from] Stealth Rock
|move|p2a: Big Man|Knock Off|p1a: HELP
|-damage|p1a: HELP|0 fnt
|faint|p1a: HELP
|
|-weather|Sandstorm|[upkeep]
|-heal|p2a: Big Man|33/100|[from] Grassy Terrain
|upkeep
|
|t:|1779932536
|switch|p1a: The Plan|Tauros-Paldea-Blaze, M|62/100
|-damage|p1a: The Plan|46/100|[from] Spikes
|-damage|p1a: The Plan|33/100|[from] Stealth Rock
|-ability|p1a: The Plan|Intimidate|boost
|-unboost|p2a: Big Man|atk|1
|turn|17
|
|t:|1779932545
|switch|p2a: We pulten on it|Dragapult, M|95/100 brn
|move|p1a: The Plan|Body Press|p2a: We pulten on it
|-immune|p2a: We pulten on it
|
|-weather|Sandstorm|[upkeep]
|-damage|p2a: We pulten on it|89/100 brn|[from] Sandstorm
|-damage|p1a: The Plan|27/100|[from] Sandstorm
|-heal|p2a: We pulten on it|95/100 brn|[from] Grassy Terrain
|-heal|p1a: The Plan|33/100|[from] Grassy Terrain
|-heal|p1a: The Plan|39/100|[from] item: Leftovers
|-damage|p2a: We pulten on it|89/100 brn|[from] brn
|-fieldend|move: Grassy Terrain
|upkeep
|turn|18
|
|t:|1779932550
|switch|p1a: 2YL|Muk-Alola, M|87/100
|-damage|p1a: 2YL|70/100|[from] Spikes
|-damage|p1a: 2YL|58/100|[from] Stealth Rock
|move|p2a: We pulten on it|Draco Meteor|p1a: 2YL
|-damage|p1a: 2YL|37/100
|-unboost|p2a: We pulten on it|spa|2
|
|-weather|none
|-damage|p2a: We pulten on it|83/100 brn|[from] brn
|upkeep
|turn|19
|
|t:|1779932554
|move|p2a: We pulten on it|U-turn|p1a: 2YL
|-damage|p1a: 2YL|28/100
|
|t:|1779932557
|switch|p2a: Kabloom|Metagross|100/100|[from] U-turn
|-damage|p2a: Kabloom|95/100|[from] Stealth Rock
|move|p1a: 2YL|Knock Off|p2a: Kabloom
|-supereffective|p2a: Kabloom
|-damage|p2a: Kabloom|35/100
|-enditem|p2a: Kabloom|Choice Band|[from] move: Knock Off|[of] p1a: 2YL
|
|upkeep
|turn|20
|
|t:|1779932565
|move|p1a: 2YL|Shadow Sneak|p2a: Kabloom
|-supereffective|p2a: Kabloom
|-damage|p2a: Kabloom|17/100
|move|p2a: Kabloom|Earthquake|p1a: 2YL
|-supereffective|p1a: 2YL
|-damage|p1a: 2YL|0 fnt
|faint|p1a: 2YL
|
|upkeep
|
|t:|1779932569
|switch|p1a: West Virginia|Raging Bolt|100/100
|-damage|p1a: West Virginia|84/100|[from] Spikes
|-damage|p1a: West Virginia|72/100|[from] Stealth Rock
|-enditem|p1a: West Virginia|Booster Energy
|-activate|p1a: West Virginia|ability: Protosynthesis|[fromitem]
|-start|p1a: West Virginia|protosynthesisspa
|turn|21
|
|t:|1779932573
|move|p2a: Kabloom|Earthquake|p1a: West Virginia
|-supereffective|p1a: West Virginia
|-damage|p1a: West Virginia|7/100
|move|p1a: West Virginia|Dragon Pulse|p2a: Kabloom
|-resisted|p2a: Kabloom
|-damage|p2a: Kabloom|0 fnt
|faint|p2a: Kabloom
|
|upkeep
|
|t:|1779932576
|switch|p2a: Jonny Drag|Dragonite, F|100/100
|turn|22
|
|t:|1779932579
|move|p2a: Jonny Drag|Extreme Speed|p1a: West Virginia
|-damage|p1a: West Virginia|0 fnt
|faint|p1a: West Virginia
|-end|p1a: West Virginia|Protosynthesis|[silent]
|
|upkeep
|
|t:|1779932581
|switch|p1a: The Plan|Tauros-Paldea-Blaze, M|39/100
|-damage|p1a: The Plan|23/100|[from] Spikes
|-damage|p1a: The Plan|10/100|[from] Stealth Rock
|-ability|p1a: The Plan|Intimidate|boost
|-unboost|p2a: Jonny Drag|atk|1
|turn|23
|-message|tauros3 forfeited.
|
|win|extra-pseudo man
|raw|tauros3's rating: 1482 &rarr; <strong>1465</strong><br />(-17 for losing)
|raw|extra-pseudo man's rating: 1534 &rarr; <strong>1551</strong><br />(+17 for winning)
|l|☆tauros3
|player|p1|
|l|☆extra-pseudo man
|player|p2|
