|j|☆lord_brains
|j|☆seirgg
|t:|1779916174
|gametype|singles
|player|p1|lord_brains|nate|1205
|player|p2|seirgg|janitor|1196
|gen|9
|tier|[Gen 9] OU
|rated|
|rule|HP Percentage Mod: HP is shown in percentages
|rule|Endless Battle Clause: Forcing endless battles is banned
|rule|Species Clause: Limit one of each Pokémon
|rule|OHKO Clause: OHKO moves are banned
|rule|Evasion Items Clause: Evasion items are banned
|rule|Evasion Moves Clause: Evasion moves are banned
|rule|Evasion Abilities Clause: Evasion abilities are banned
|rule|Sleep Moves Clause: Sleep-inducing moves are banned
|clearpoke
|poke|p1|Scizor, M|
|poke|p1|Great Tusk|
|poke|p1|Kyurem|
|poke|p1|Glimmora, M|
|poke|p1|Registeel|
|poke|p1|Chandelure, M|
|poke|p2|Hoopa|
|poke|p2|Cinderace, F|
|poke|p2|Mandibuzz, F|
|poke|p2|Kyurem|
|poke|p2|Ting-Lu|
|poke|p2|Manaphy|
|teampreview
|c|☆lord_brains|glhf
|inactive|Battle timer is ON: inactive players will automatically lose when time's up. (requested by seirgg)
|
|t:|1779916182
|teamsize|p1|6
|teamsize|p2|6
|start
|switch|p1a: Glimmora|Glimmora, M|100/100
|switch|p2a: Hoopa|Hoopa|100/100
|turn|1
|
|t:|1779916188
|move|p1a: Glimmora|Stealth Rock|p2a: Hoopa
|-sidestart|p2: seirgg|move: Stealth Rock
|move|p2a: Hoopa|Substitute|p2a: Hoopa
|-start|p2a: Hoopa|Substitute
|-damage|p2a: Hoopa|76/100
|
|upkeep
|turn|2
|
|t:|1779916195
|move|p1a: Glimmora|Power Gem|p2a: Hoopa
|-end|p2a: Hoopa|Substitute
|move|p2a: Hoopa|Calm Mind|p2a: Hoopa
|-boost|p2a: Hoopa|spa|1
|-boost|p2a: Hoopa|spd|1
|
|upkeep
|turn|3
|
|t:|1779916209
|move|p1a: Glimmora|Power Gem|p2a: Hoopa
|-damage|p2a: Hoopa|52/100
|move|p2a: Hoopa|Shadow Ball|p1a: Glimmora
|-damage|p1a: Glimmora|3/100
|
|upkeep
|turn|4
|
|t:|1779916217
|switch|p1a: Scizor|Scizor, M|100/100
|move|p2a: Hoopa|Calm Mind|p2a: Hoopa
|-boost|p2a: Hoopa|spa|1
|-boost|p2a: Hoopa|spd|1
|
|upkeep
|turn|5
|
|t:|1779916223
|move|p1a: Scizor|Bullet Punch|p2a: Hoopa
|-damage|p2a: Hoopa|0 fnt
|faint|p2a: Hoopa
|
|upkeep
|
|t:|1779916234
|switch|p2a: Mandibuzz|Mandibuzz, F, shiny|100/100
|-damage|p2a: Mandibuzz|76/100|[from] Stealth Rock
|turn|6
|
|t:|1779916244
|switch|p1a: Registeel|Registeel|100/100
|move|p2a: Mandibuzz|Foul Play|p1a: Registeel
|-damage|p1a: Registeel|82/100
|
|-heal|p1a: Registeel|88/100|[from] item: Leftovers
|upkeep
|turn|7
|
|t:|1779916253
|move|p2a: Mandibuzz|Defog|p1a: Registeel
|-fail|p1a: Registeel|unboost|[from] ability: Clear Body|[of] p1a: Registeel
|-sideend|p2: seirgg|Stealth Rock|[from] move: Defog|[of] p2a: Mandibuzz
|move|p1a: Registeel|Iron Defense|p1a: Registeel
|-boost|p1a: Registeel|def|2
|
|-heal|p1a: Registeel|94/100|[from] item: Leftovers
|upkeep
|turn|8
|
|t:|1779916261
|switch|p2a: Kyurem|Kyurem|100/100
|-ability|p2a: Kyurem|Pressure
|move|p1a: Registeel|Iron Defense|p1a: Registeel
|-boost|p1a: Registeel|def|2
|
|-heal|p1a: Registeel|99/100|[from] item: Leftovers
|upkeep
|turn|9
|
|t:|1779916270
|-terastallize|p2a: Kyurem|Ground
|move|p2a: Kyurem|Earth Power|p1a: Registeel
|-supereffective|p1a: Registeel
|-damage|p1a: Registeel|57/100
|move|p1a: Registeel|Body Press|p2a: Kyurem
|-damage|p2a: Kyurem|30/100
|
|-heal|p1a: Registeel|63/100|[from] item: Leftovers
|upkeep
|turn|10
|
|t:|1779916279
|move|p2a: Kyurem|Earth Power|p1a: Registeel
|-supereffective|p1a: Registeel
|-damage|p1a: Registeel|12/100
|move|p1a: Registeel|Body Press|p2a: Kyurem
|-damage|p2a: Kyurem|0 fnt
|faint|p2a: Kyurem
|
|-heal|p1a: Registeel|18/100|[from] item: Leftovers
|upkeep
|
|t:|1779916287
|switch|p2a: Cinderace|Cinderace, F|100/100
|turn|11
|
|t:|1779916291
|move|p2a: Cinderace|Pyro Ball|p1a: Registeel
|-supereffective|p1a: Registeel
|-damage|p1a: Registeel|0 fnt
|faint|p1a: Registeel
|
|upkeep
|
|t:|1779916302
|switch|p1a: Great Tusk|Great Tusk|100/100
|turn|12
|
|t:|1779916314
|move|p2a: Cinderace|U-turn|p1a: Great Tusk
|-start|p2a: Cinderace|typechange|Bug|[from] ability: Libero
|-resisted|p1a: Great Tusk
|-damage|p1a: Great Tusk|88/100
|
|t:|1779916317
|switch|p2a: Mandibuzz|Mandibuzz, F, shiny|76/100|[from] U-turn
|move|p1a: Great Tusk|Rapid Spin|p2a: Mandibuzz
|-damage|p2a: Mandibuzz|65/100
|-boost|p1a: Great Tusk|spe|1
|-damage|p1a: Great Tusk|72/100|[from] item: Rocky Helmet|[of] p2a: Mandibuzz
|
|-heal|p1a: Great Tusk|78/100|[from] item: Leftovers
|upkeep
|turn|13
|
|t:|1779916327
|-terastallize|p1a: Great Tusk|Ice
|move|p1a: Great Tusk|Ice Spinner|p2a: Mandibuzz
|-supereffective|p2a: Mandibuzz
|-damage|p2a: Mandibuzz|16/100
|-damage|p1a: Great Tusk|61/100|[from] item: Rocky Helmet|[of] p2a: Mandibuzz
|move|p2a: Mandibuzz|Roost|p2a: Mandibuzz
|-heal|p2a: Mandibuzz|66/100
|-singleturn|p2a: Mandibuzz|move: Roost
|
|-heal|p1a: Great Tusk|68/100|[from] item: Leftovers
|upkeep
|turn|14
|
|t:|1779916339
|-end|p1a: Great Tusk|Protosynthesis|[silent]
|switch|p1a: Glimmora|Glimmora, M|3/100
|move|p2a: Mandibuzz|Roost|p2a: Mandibuzz
|-heal|p2a: Mandibuzz|100/100
|-singleturn|p2a: Mandibuzz|move: Roost
|
|upkeep
|turn|15
|
|t:|1779916346
|move|p1a: Glimmora|Power Gem|p2a: Mandibuzz
|-supereffective|p2a: Mandibuzz
|-damage|p2a: Mandibuzz|28/100
|move|p2a: Mandibuzz|Foul Play|p1a: Glimmora
|-damage|p1a: Glimmora|0 fnt
|-activate|p1a: Glimmora|ability: Toxic Debris
|-sidestart|p2: seirgg|move: Toxic Spikes
|faint|p1a: Glimmora
|
|upkeep
|
|t:|1779916365
|switch|p1a: Chandelure|Chandelure, M, shiny|100/100
|turn|16
|
|t:|1779916374
|move|p1a: Chandelure|Fire Blast|p2a: Mandibuzz
|-damage|p2a: Mandibuzz|0 fnt
|faint|p2a: Mandibuzz
|
|upkeep
|
|t:|1779916379
|switch|p2a: Manaphy|Manaphy|100/100
|-status|p2a: Manaphy|psn
|turn|17
|
|t:|1779916384
|switch|p1a: Kyurem|Kyurem|100/100
|-ability|p1a: Kyurem|Pressure
|move|p2a: Manaphy|Take Heart|p2a: Manaphy
|-boost|p2a: Manaphy|spa|1
|-boost|p2a: Manaphy|spd|1
|-curestatus|p2a: Manaphy|psn|[msg]
|
|upkeep
|turn|18
|
|t:|1779916396
|move|p1a: Kyurem|Freeze-Dry|p2a: Manaphy
|-supereffective|p2a: Manaphy
|-damage|p2a: Manaphy|41/100
|move|p2a: Manaphy|Alluring Voice|p1a: Kyurem
|-supereffective|p1a: Kyurem
|-damage|p1a: Kyurem|47/100
|
|-heal|p2a: Manaphy|47/100|[from] item: Leftovers
|upkeep
|turn|19
|
|t:|1779916405
|switch|p2a: Cinderace|Cinderace, F|100/100
|-status|p2a: Cinderace|psn
|move|p1a: Kyurem|Freeze-Dry|p2a: Cinderace
|-resisted|p2a: Cinderace
|-damage|p2a: Cinderace|59/100 psn
|
|-damage|p2a: Cinderace|46/100 psn|[from] psn
|upkeep
|turn|20
|
|t:|1779916421
|switch|p1a: Chandelure|Chandelure, M, shiny|100/100
|move|p2a: Cinderace|Pyro Ball|p1a: Chandelure
|-start|p1a: Chandelure|ability: Flash Fire
|
|-damage|p2a: Cinderace|34/100 psn|[from] psn
|upkeep
|turn|21
|
|t:|1779916432
|move|p1a: Chandelure|Energy Ball|p2a: Cinderace
|-resisted|p2a: Cinderace
|-damage|p2a: Cinderace|8/100 psn
|move|p2a: Cinderace|U-turn|p1a: Chandelure
|-start|p2a: Cinderace|typechange|Bug|[from] ability: Libero
|-resisted|p1a: Chandelure
|-damage|p1a: Chandelure|87/100
|
|t:|1779916437
|switch|p2a: Manaphy|Manaphy|47/100|[from] U-turn
|-status|p2a: Manaphy|psn
|
|-heal|p2a: Manaphy|53/100 psn|[from] item: Leftovers
|-damage|p2a: Manaphy|41/100 psn|[from] psn
|upkeep
|turn|22
|
|t:|1779916448
|move|p1a: Chandelure|Energy Ball|p2a: Manaphy
|-supereffective|p2a: Manaphy
|-damage|p2a: Manaphy|0 fnt
|faint|p2a: Manaphy
|
|upkeep
|-message|seirgg forfeited.
|
|win|lord_brains
|raw|lord_brains's rating: 1205 &rarr; <strong>1229</strong><br />(+24 for winning)
|raw|seirgg's rating: 1196 &rarr; <strong>1172</strong><br />(-24 for losing)
|l|☆seirgg
|player|p2|
|l|☆lord_brains
|player|p1|
