|j|☆Cheesefriezz
|j|☆NDzinn
|t:|1779825431
|gametype|singles
|player|p1|Cheesefriezz|n|1079
|player|p2|NDzinn|cynthia-gen4|1121
|gen|9
|tier|[Gen 9] OU
|rated|
|rule|HP Percentage Mod: HP is shown in percentages
|rule|Endless Battle Clause: Forcing endless battles is banned
|rule|Species Clause: Limit one of each Pokémon
|rule|OHKO Clause: OHKO moves are banned
|rule|Evasion Items Clause: Evasion items are banned
|rule|Evasion Moves Clause: Evasion moves are banned
|rule|Evasion Abilities Clause: Evasion abilities are banned
|rule|Sleep Moves Clause: Sleep-inducing moves are banned
|clearpoke
|poke|p1|Samurott-Hisui, M|
|poke|p1|Leafeon, M|
|poke|p1|Moltres|
|poke|p1|Ninetales, F|
|poke|p1|Kommo-o, M|
|poke|p1|Glimmora, F|
|poke|p2|Rampardos, M|
|poke|p2|Landorus-Therian, M|
|poke|p2|Metagross|
|poke|p2|Chandelure, M|
|poke|p2|Kyurem|
|poke|p2|Empoleon, F|
|teampreview
|inactive|Battle timer is ON: inactive players will automatically lose when time's up. (requested by NDzinn)
|
|t:|1779825435
|teamsize|p1|6
|teamsize|p2|6
|start
|switch|p1a: Glimmora|Glimmora, F|100/100
|switch|p2a: Landorus|Landorus-Therian, M|100/100
|-ability|p2a: Landorus|Intimidate|boost
|-unboost|p1a: Glimmora|atk|1
|turn|1
|
|t:|1779825442
|move|p2a: Landorus|Earthquake|p1a: Glimmora
|-supereffective|p1a: Glimmora
|-enditem|p1a: Glimmora|Focus Sash
|-damage|p1a: Glimmora|1/100
|-activate|p1a: Glimmora|ability: Toxic Debris
|-sidestart|p2: NDzinn|move: Toxic Spikes
|move|p1a: Glimmora|Stealth Rock|p2a: Landorus
|-sidestart|p2: NDzinn|move: Stealth Rock
|
|upkeep
|turn|2
|
|t:|1779825454
|move|p2a: Landorus|Earthquake|p1a: Glimmora
|-supereffective|p1a: Glimmora
|-damage|p1a: Glimmora|0 fnt
|-activate|p1a: Glimmora|ability: Toxic Debris
|-sidestart|p2: NDzinn|move: Toxic Spikes
|faint|p1a: Glimmora
|
|upkeep
|
|t:|1779825466
|switch|p1a: Ima dive in|Samurott-Hisui, M|100/100
|turn|3
|
|t:|1779825487
|switch|p2a: Chandelure|Chandelure, M|100/100
|-status|p2a: Chandelure|tox
|-damage|p2a: Chandelure|76/100 tox|[from] Stealth Rock
|move|p1a: Ima dive in|Ceaseless Edge|p2a: Chandelure
|-supereffective|p2a: Chandelure
|-damage|p2a: Chandelure|0 fnt
|-sidestart|p2: NDzinn|Spikes
|faint|p2a: Chandelure
|
|upkeep
|
|t:|1779825496
|switch|p2a: Empoleon|Empoleon, F|100/100
|-damage|p2a: Empoleon|94/100|[from] Stealth Rock
|-damage|p2a: Empoleon|82/100|[from] Spikes
|turn|4
|
|t:|1779825503
|move|p2a: Empoleon|Flip Turn|p1a: Ima dive in
|-resisted|p1a: Ima dive in
|-damage|p1a: Ima dive in|89/100
|
|t:|1779825506
|switch|p2a: Landorus|Landorus-Therian, M|100/100|[from] Flip Turn
|-damage|p2a: Landorus|88/100|[from] Stealth Rock
|-ability|p2a: Landorus|Intimidate|boost
|-unboost|p1a: Ima dive in|atk|1
|move|p1a: Ima dive in|Ceaseless Edge|p2a: Landorus
|-damage|p2a: Landorus|54/100
|-sidestart|p2: NDzinn|Spikes
|
|upkeep
|turn|5
|
|t:|1779825519
|-terastallize|p2a: Landorus|Bug
|move|p2a: Landorus|U-turn|p1a: Ima dive in
|-supereffective|p1a: Ima dive in
|-damage|p1a: Ima dive in|0 fnt
|faint|p1a: Ima dive in
|
|t:|1779825525
|switch|p2a: Metagross|Metagross, shiny|100/100|[from] U-turn
|-damage|p2a: Metagross|95/100|[from] Stealth Rock
|-damage|p2a: Metagross|78/100|[from] Spikes
|
|upkeep
|
|t:|1779825532
|switch|p1a: six tails|Ninetales, F, shiny|100/100
|-weather|SunnyDay|[from] ability: Drought|[of] p1a: six tails
|turn|6
|
|t:|1779825540
|move|p2a: Metagross|Knock Off|p1a: six tails
|-damage|p1a: six tails|48/100
|-enditem|p1a: six tails|Heat Rock|[from] move: Knock Off|[of] p2a: Metagross
|move|p1a: six tails|Weather Ball|p2a: Metagross
|-supereffective|p2a: Metagross
|-damage|p2a: Metagross|0 fnt
|faint|p2a: Metagross
|
|-weather|SunnyDay|[upkeep]
|upkeep
|
|t:|1779825547
|switch|p2a: Empoleon|Empoleon, F|82/100
|-damage|p2a: Empoleon|76/100|[from] Stealth Rock
|-damage|p2a: Empoleon|60/100|[from] Spikes
|turn|7
|
|t:|1779825561
|move|p2a: Empoleon|Ice Beam|p1a: six tails
|-resisted|p1a: six tails
|-damage|p1a: six tails|32/100
|move|p1a: six tails|Will-O-Wisp|p2a: Empoleon
|-status|p2a: Empoleon|brn
|
|-weather|SunnyDay|[upkeep]
|-damage|p2a: Empoleon|53/100 brn|[from] brn
|upkeep
|turn|8
|
|t:|1779825575
|switch|p2a: Landorus|Landorus-Therian, M, tera:Bug|54/100
|-status|p2a: Landorus|tox
|-damage|p2a: Landorus|30/100 tox|[from] Stealth Rock
|-damage|p2a: Landorus|13/100 tox|[from] Spikes
|-ability|p2a: Landorus|Intimidate|boost
|-unboost|p1a: six tails|atk|1
|move|p1a: six tails|Weather Ball|p2a: Landorus
|-supereffective|p2a: Landorus
|-damage|p2a: Landorus|0 fnt
|faint|p2a: Landorus
|
|-weather|SunnyDay|[upkeep]
|upkeep
|
|t:|1779825585
|switch|p2a: Rampardos|Rampardos, M|100/100
|-status|p2a: Rampardos|tox
|-damage|p2a: Rampardos|88/100 tox|[from] Stealth Rock
|-damage|p2a: Rampardos|72/100 tox|[from] Spikes
|-ability|p2a: Rampardos|Mold Breaker
|turn|9
|
|t:|1779825593
|move|p2a: Rampardos|Outrage|p1a: six tails
|-damage|p1a: six tails|0 fnt
|faint|p1a: six tails
|
|-weather|SunnyDay|[upkeep]
|-damage|p2a: Rampardos|66/100 tox|[from] psn
|upkeep
|
|t:|1779825600
|switch|p1a: Melo|Leafeon, M, shiny|100/100
|turn|10
|
|t:|1779825607
|move|p1a: Melo|Swords Dance|p1a: Melo
|-boost|p1a: Melo|atk|2
|move|p2a: Rampardos|Outrage|p1a: Melo|[from] lockedmove
|-damage|p1a: Melo|53/100
|
|-weather|SunnyDay|[upkeep]
|-damage|p2a: Rampardos|54/100 tox|[from] psn
|upkeep
|turn|11
|
|t:|1779825610
|move|p1a: Melo|Leaf Blade|p2a: Rampardos
|-supereffective|p2a: Rampardos
|-damage|p2a: Rampardos|0 fnt
|faint|p2a: Rampardos
|-damage|p1a: Melo|44/100|[from] item: Life Orb
|
|-weather|SunnyDay|[upkeep]
|upkeep
|
|t:|1779825618
|switch|p2a: Kyurem|Kyurem|100/100
|-status|p2a: Kyurem|tox
|-damage|p2a: Kyurem|75/100 tox|[from] Stealth Rock
|-damage|p2a: Kyurem|59/100 tox|[from] Spikes
|-ability|p2a: Kyurem|Pressure
|turn|12
|
|t:|1779825630
|move|p1a: Melo|Knock Off|p2a: Kyurem
|-damage|p2a: Kyurem|0 fnt
|-enditem|p2a: Kyurem|Choice Scarf|[from] move: Knock Off|[of] p1a: Melo
|faint|p2a: Kyurem
|-damage|p1a: Melo|34/100|[from] item: Life Orb
|
|-weather|SunnyDay|[upkeep]
|upkeep
|
|t:|1779825634
|switch|p2a: Empoleon|Empoleon, F|53/100 brn
|-damage|p2a: Empoleon|47/100 brn|[from] Stealth Rock
|-damage|p2a: Empoleon|31/100 brn|[from] Spikes
|turn|13
|
|t:|1779825640
|move|p1a: Melo|Leaf Blade|p2a: Empoleon
|-damage|p2a: Empoleon|0 fnt
|faint|p2a: Empoleon
|-damage|p1a: Melo|24/100|[from] item: Life Orb
|
|win|Cheesefriezz
|raw|Cheesefriezz's rating: 1079 &rarr; <strong>1111</strong><br />(+32 for winning)
|raw|NDzinn's rating: 1121 &rarr; <strong>1093</strong><br />(-28 for losing)
|l|☆NDzinn
|player|p2|
