|j|☆KenjiShiguma
|j|☆Pkaiser33
|t:|1779963973
|gametype|singles
|player|p1|KenjiShiguma|pokemonbreeder-gen4|1143
|player|p2|Pkaiser33|265|1144
|gen|9
|tier|[Gen 9] OU
|rated|
|rule|HP Percentage Mod: HP is shown in percentages
|rule|Endless Battle Clause: Forcing endless battles is banned
|rule|Species Clause: Limit one of each Pokémon
|rule|OHKO Clause: OHKO moves are banned
|rule|Evasion Items Clause: Evasion items are banned
|rule|Evasion Moves Clause: Evasion moves are banned
|rule|Evasion Abilities Clause: Evasion abilities are banned
|rule|Sleep Moves Clause: Sleep-inducing moves are banned
|clearpoke
|poke|p1|Golduck, F|
|poke|p1|Porygon2|
|poke|p1|Gardevoir, M|
|poke|p1|Grumpig, M|
|poke|p1|Toxapex, F|
|poke|p1|Sandaconda, M|
|poke|p2|Dragapult, M|
|poke|p2|Darkrai|
|poke|p2|Cinderace, M|
|poke|p2|Kyurem|
|poke|p2|Landorus-Therian, M|
|poke|p2|Gholdengo|
|teampreview
|inactive|Battle timer is ON: inactive players will automatically lose when time's up. (requested by Pkaiser33)
|
|t:|1779963987
|teamsize|p1|6
|teamsize|p2|6
|start
|switch|p1a: Golduck|Golduck, F|100/100
|switch|p2a: Gholdengo|Gholdengo|100/100
|-ability|p1a: Golduck|Cloud Nine
|turn|1
|
|t:|1779963994
|switch|p1a: Toxapex|Toxapex, F|100/100
|move|p2a: Gholdengo|Reflect|p2a: Gholdengo
|-sidestart|p2: Pkaiser33|Reflect
|
|upkeep
|turn|2
|
|t:|1779964000
|move|p2a: Gholdengo|Shadow Ball|p1a: Toxapex
|-damage|p1a: Toxapex|79/100
|-unboost|p1a: Toxapex|spd|1
|move|p1a: Toxapex|Infestation|p2a: Gholdengo
|-resisted|p2a: Gholdengo
|-damage|p2a: Gholdengo|99/100
|-activate|p2a: Gholdengo|move: Infestation|[of] p1a: Toxapex
|
|-damage|p2a: Gholdengo|88/100|[from] move: Infestation|[partiallytrapped]
|upkeep
|turn|3
|
|t:|1779964011
|move|p2a: Gholdengo|Light Screen|p2a: Gholdengo
|-sidestart|p2: Pkaiser33|move: Light Screen
|move|p1a: Toxapex|Chilling Water|p2a: Gholdengo
|-damage|p2a: Gholdengo|84/100
|-unboost|p2a: Gholdengo|atk|1
|
|-damage|p2a: Gholdengo|72/100|[from] move: Infestation|[partiallytrapped]
|upkeep
|turn|4
|
|t:|1779964019
|move|p2a: Gholdengo|Shadow Ball|p1a: Toxapex
|-damage|p1a: Toxapex|52/100
|move|p1a: Toxapex|Chilling Water|p2a: Gholdengo
|-damage|p2a: Gholdengo|68/100
|-unboost|p2a: Gholdengo|atk|1
|
|-damage|p2a: Gholdengo|55/100|[from] move: Infestation|[partiallytrapped]
|upkeep
|turn|5
|
|t:|1779964029
|switch|p1a: Porygon2|Porygon2|100/100
|-ability|p1a: Porygon2|Good as Gold|Trace|[from] ability: Trace|[of] p2a: Gholdengo
|move|p2a: Gholdengo|Shadow Ball|p1a: Porygon2
|-immune|p1a: Porygon2
|
|-end|p2a: Gholdengo|Infestation|[partiallytrapped]|[silent]
|upkeep
|turn|6
|
|t:|1779964037
|switch|p2a: Dragapult|Dragapult, M, shiny|100/100
|switch|p1a: Toxapex|Toxapex, F|86/100
|
|upkeep
|turn|7
|
|t:|1779964043
|move|p2a: Dragapult|Draco Meteor|p1a: Toxapex
|-damage|p1a: Toxapex|43/100
|-unboost|p2a: Dragapult|spa|2
|-damage|p2a: Dragapult|91/100|[from] item: Life Orb
|move|p1a: Toxapex|Icy Wind|p2a: Dragapult
|-supereffective|p2a: Dragapult
|-damage|p2a: Dragapult|79/100
|-unboost|p2a: Dragapult|spe|1
|
|upkeep
|turn|8
|
|t:|1779964054
|switch|p1a: Porygon2|Porygon2|100/100
|-ability|p1a: Porygon2|Infiltrator|Trace|[from] ability: Trace|[of] p2a: Dragapult
|move|p2a: Dragapult|U-turn|p1a: Porygon2
|-damage|p1a: Porygon2|86/100
|-damage|p2a: Dragapult|70/100|[from] item: Life Orb
|
|t:|1779964064
|switch|p2a: Landorus|Landorus-Therian, M|100/100|[from] U-turn
|-ability|p2a: Landorus|Intimidate|boost
|-unboost|p1a: Porygon2|atk|1
|
|-sideend|p2: Pkaiser33|Reflect
|upkeep
|turn|9
|
|t:|1779964072
|switch|p1a: Sandaconda|Sandaconda, M|100/100
|move|p2a: Landorus|Brick Break|p1a: Sandaconda
|-damage|p1a: Sandaconda|80/100
|-damage|p2a: Landorus|84/100|[from] item: Rocky Helmet|[of] p1a: Sandaconda
|
|upkeep
|turn|10
|
|t:|1779964079
|move|p2a: Landorus|Bulk Up|p2a: Landorus
|-boost|p2a: Landorus|atk|1
|-boost|p2a: Landorus|def|1
|move|p1a: Sandaconda|Glare|p2a: Landorus
|-status|p2a: Landorus|par
|
|-sideend|p2: Pkaiser33|move: Light Screen
|upkeep
|turn|11
|
|t:|1779964087
|move|p1a: Sandaconda|Stealth Rock|p2a: Landorus
|-sidestart|p2: Pkaiser33|move: Stealth Rock
|move|p2a: Landorus|Brick Break|p1a: Sandaconda
|-damage|p1a: Sandaconda|53/100
|-damage|p2a: Landorus|67/100 par|[from] item: Rocky Helmet|[of] p1a: Sandaconda
|
|upkeep
|turn|12
|
|t:|1779964094
|switch|p1a: Toxapex|Toxapex, F|76/100
|move|p2a: Landorus|Bulk Up|p2a: Landorus
|-boost|p2a: Landorus|atk|1
|-boost|p2a: Landorus|def|1
|
|upkeep
|turn|13
|
|t:|1779964101
|move|p2a: Landorus|Earthquake|p1a: Toxapex
|-supereffective|p1a: Toxapex
|-damage|p1a: Toxapex|0 fnt
|faint|p1a: Toxapex
|
|upkeep
|
|t:|1779964115
|switch|p1a: Golduck|Golduck, F|100/100
|-ability|p1a: Golduck|Cloud Nine
|turn|14
|
|t:|1779964124
|switch|p2a: Gholdengo|Gholdengo|55/100
|-damage|p2a: Gholdengo|49/100|[from] Stealth Rock
|move|p1a: Golduck|Whirlpool|p2a: Gholdengo
|-damage|p2a: Gholdengo|41/100
|-activate|p2a: Gholdengo|move: Whirlpool|[of] p1a: Golduck
|
|-damage|p2a: Gholdengo|28/100|[from] move: Whirlpool|[partiallytrapped]
|upkeep
|turn|15
|
|t:|1779964134
|move|p1a: Golduck|Whirlpool|p2a: Gholdengo
|-damage|p2a: Gholdengo|19/100
|move|p2a: Gholdengo|Recover|p2a: Gholdengo
|-heal|p2a: Gholdengo|70/100
|
|-damage|p2a: Gholdengo|57/100|[from] move: Whirlpool|[partiallytrapped]
|upkeep
|turn|16
|
|t:|1779964144
|switch|p1a: Sandaconda|Sandaconda, M|53/100
|move|p2a: Gholdengo|Light Screen|p2a: Gholdengo
|-sidestart|p2: Pkaiser33|move: Light Screen
|
|-end|p2a: Gholdengo|Whirlpool|[partiallytrapped]|[silent]
|upkeep
|turn|17
|
|t:|1779964151
|move|p2a: Gholdengo|Shadow Ball|p1a: Sandaconda
|-damage|p1a: Sandaconda|10/100
|-unboost|p1a: Sandaconda|spd|1
|move|p1a: Sandaconda|Earthquake|p2a: Gholdengo
|-supereffective|p2a: Gholdengo
|-damage|p2a: Gholdengo|0 fnt
|faint|p2a: Gholdengo
|
|upkeep
|
|t:|1779964161
|switch|p2a: Kyurem|Kyurem|100/100
|-damage|p2a: Kyurem|76/100|[from] Stealth Rock
|-ability|p2a: Kyurem|Pressure
|turn|18
|
|t:|1779964174
|switch|p1a: Grumpig|Grumpig, M|100/100
|move|p2a: Kyurem|Dragon Dance|p2a: Kyurem
|-boost|p2a: Kyurem|atk|1
|-boost|p2a: Kyurem|spe|1
|
|upkeep
|turn|19
|
|t:|1779964182
|move|p2a: Kyurem|Dragon Dance|p2a: Kyurem
|-boost|p2a: Kyurem|atk|1
|-boost|p2a: Kyurem|spe|1
|move|p1a: Grumpig|Chilling Water|p2a: Kyurem
|-resisted|p2a: Kyurem
|-damage|p2a: Kyurem|73/100
|-unboost|p2a: Kyurem|atk|1
|
|upkeep
|turn|20
|
|t:|1779964192
|move|p2a: Kyurem|Dragon Dance|p2a: Kyurem
|-boost|p2a: Kyurem|atk|1
|-boost|p2a: Kyurem|spe|1
|move|p1a: Grumpig|Simple Beam|p2a: Kyurem
|-ability|p2a: Kyurem|Simple|Pressure|[from] move: Simple Beam
|
|upkeep
|turn|21
|
|t:|1779964204
|move|p2a: Kyurem|Scale Shot|p1a: Grumpig
|-damage|p1a: Grumpig|75/100
|-damage|p1a: Grumpig|49/100
|-enditem|p1a: Grumpig|Aguav Berry|[eat]
|-heal|p1a: Grumpig|82/100|[from] item: Aguav Berry
|-damage|p1a: Grumpig|53/100
|-hitcount|p1a: Grumpig|3
|-unboost|p2a: Kyurem|def|2
|-boost|p2a: Kyurem|spe|2
|move|p1a: Grumpig|Chilling Water|p2a: Kyurem
|-resisted|p2a: Kyurem
|-damage|p2a: Kyurem|71/100
|-unboost|p2a: Kyurem|atk|2
|
|upkeep
|turn|22
|
|t:|1779964217
|move|p2a: Kyurem|Scale Shot|p1a: Grumpig
|-damage|p1a: Grumpig|39/100
|-damage|p1a: Grumpig|25/100
|-damage|p1a: Grumpig|11/100
|-hitcount|p1a: Grumpig|3
|-unboost|p2a: Kyurem|def|2
|-boost|p2a: Kyurem|spe|1
|move|p1a: Grumpig|Chilling Water|p2a: Kyurem
|-resisted|p2a: Kyurem
|-damage|p2a: Kyurem|68/100
|-unboost|p2a: Kyurem|atk|2
|
|upkeep
|turn|23
|
|t:|1779964230
|move|p2a: Kyurem|Dragon Dance|p2a: Kyurem
|-boost|p2a: Kyurem|atk|2
|-boost|p2a: Kyurem|spe|0
|move|p1a: Grumpig|Chilling Water|p2a: Kyurem
|-resisted|p2a: Kyurem
|-damage|p2a: Kyurem|66/100
|-unboost|p2a: Kyurem|atk|2
|
|-sideend|p2: Pkaiser33|move: Light Screen
|upkeep
|turn|24
|
|t:|1779964238
|move|p2a: Kyurem|Dragon Dance|p2a: Kyurem
|-boost|p2a: Kyurem|atk|2
|-boost|p2a: Kyurem|spe|0
|move|p1a: Grumpig|Chilling Water|p2a: Kyurem
|-resisted|p2a: Kyurem
|-damage|p2a: Kyurem|61/100
|-unboost|p2a: Kyurem|atk|2
|
|upkeep
|turn|25
|
|t:|1779964245
|move|p2a: Kyurem|Freeze-Dry|p1a: Grumpig
|-damage|p1a: Grumpig|0 fnt
|faint|p1a: Grumpig
|
|upkeep
|
|t:|1779964254
|switch|p1a: Gardevoir|Gardevoir, M|100/100
|-ability|p1a: Gardevoir|Simple|Trace|[from] ability: Trace|[of] p2a: Kyurem
|turn|26
|
|t:|1779964259
|move|p2a: Kyurem|Freeze-Dry|p1a: Gardevoir
|-damage|p1a: Gardevoir|57/100
|move|p1a: Gardevoir|Calm Mind|p1a: Gardevoir
|-boost|p1a: Gardevoir|spa|2
|-boost|p1a: Gardevoir|spd|2
|
|-heal|p1a: Gardevoir|63/100|[from] item: Leftovers
|upkeep
|turn|27
|
|t:|1779964271
|switch|p2a: Darkrai|Darkrai, shiny|100/100
|-damage|p2a: Darkrai|88/100|[from] Stealth Rock
|move|p1a: Gardevoir|Draining Kiss|p2a: Darkrai
|-supereffective|p2a: Darkrai
|-damage|p2a: Darkrai|0 fnt
|-heal|p1a: Gardevoir|100/100|[from] drain|[of] p2a: Darkrai
|faint|p2a: Darkrai
|
|upkeep
|
|t:|1779964279
|switch|p2a: Cinderace|Cinderace, M|100/100
|turn|28
|
|t:|1779964283
|switch|p1a: Sandaconda|Sandaconda, M|10/100
|move|p2a: Cinderace|Sucker Punch||[still]
|-fail|p2a: Cinderace
|
|upkeep
|turn|29
|
|t:|1779964290
|move|p2a: Cinderace|Pyro Ball|p1a: Sandaconda|[miss]
|-miss|p2a: Cinderace|p1a: Sandaconda
|move|p1a: Sandaconda|Glare|p2a: Cinderace
|-status|p2a: Cinderace|par
|
|upkeep
|turn|30
|
|t:|1779964296
|move|p2a: Cinderace|Pyro Ball|p1a: Sandaconda
|-damage|p1a: Sandaconda|0 fnt
|faint|p1a: Sandaconda
|
|upkeep
|
|t:|1779964303
|switch|p1a: Golduck|Golduck, F|100/100
|-ability|p1a: Golduck|Cloud Nine
|turn|31
|
|t:|1779964307
|move|p2a: Cinderace|Sucker Punch|p1a: Golduck
|-start|p2a: Cinderace|typechange|Dark|[from] ability: Libero
|-damage|p1a: Golduck|63/100
|move|p1a: Golduck|Whirlpool|p2a: Cinderace
|-damage|p2a: Cinderace|84/100 par
|-activate|p2a: Cinderace|move: Whirlpool|[of] p1a: Golduck
|
|-damage|p2a: Cinderace|71/100 par|[from] move: Whirlpool|[partiallytrapped]
|upkeep
|turn|32
|
|t:|1779964319
|move|p1a: Golduck|Encore|p2a: Cinderace
|-start|p2a: Cinderace|Encore
|cant|p2a: Cinderace|par
|
|-damage|p2a: Cinderace|59/100 par|[from] move: Whirlpool|[partiallytrapped]
|upkeep
|turn|33
|
|t:|1779964326
|move|p2a: Cinderace|Sucker Punch||[still]
|-fail|p2a: Cinderace
|move|p1a: Golduck|Simple Beam|p2a: Cinderace
|-ability|p2a: Cinderace|Simple|Libero|[from] move: Simple Beam
|
|-damage|p2a: Cinderace|47/100 par|[from] move: Whirlpool|[partiallytrapped]
|upkeep
|turn|34
|
|t:|1779964336
|move|p2a: Cinderace|Sucker Punch||[still]
|-fail|p2a: Cinderace
|move|p1a: Golduck|Simple Beam||[still]
|-fail|p1a: Golduck
|
|-damage|p2a: Cinderace|35/100 par|[from] move: Whirlpool|[partiallytrapped]
|-end|p2a: Cinderace|Encore
|upkeep
|turn|35
|
|t:|1779964344
|move|p1a: Golduck|Encore|p2a: Cinderace
|-start|p2a: Cinderace|Encore
|move|p2a: Cinderace|Sucker Punch||[still]
|-fail|p2a: Cinderace
|
|-damage|p2a: Cinderace|22/100 par|[from] move: Whirlpool|[partiallytrapped]
|upkeep
|turn|36
|
|t:|1779964351
|cant|p2a: Cinderace|par
|move|p1a: Golduck|Simple Beam||[still]
|-fail|p1a: Golduck
|
|-damage|p2a: Cinderace|10/100 par|[from] move: Whirlpool|[partiallytrapped]
|upkeep
|turn|37
|
|t:|1779964368
|move|p2a: Cinderace|Sucker Punch|p1a: Golduck
|-damage|p1a: Golduck|25/100
|move|p1a: Golduck|Whirlpool|p2a: Cinderace
|-damage|p2a: Cinderace|0 fnt
|faint|p2a: Cinderace
|
|upkeep
|
|t:|1779964375
|switch|p2a: Landorus|Landorus-Therian, M|67/100 par
|-ability|p2a: Landorus|Intimidate|boost
|-unboost|p1a: Golduck|atk|1
|turn|38
|
|t:|1779964380
|move|p1a: Golduck|Simple Beam|p2a: Landorus
|-ability|p2a: Landorus|Simple|Intimidate|[from] move: Simple Beam
|move|p2a: Landorus|Earthquake|p1a: Golduck
|-damage|p1a: Golduck|0 fnt
|faint|p1a: Golduck
|
|upkeep
|
|t:|1779964388
|switch|p1a: Gardevoir|Gardevoir, M|100/100
|-ability|p1a: Gardevoir|Simple|Trace|[from] ability: Trace|[of] p2a: Landorus
|turn|39
|
|t:|1779964393
|move|p1a: Gardevoir|Calm Mind|p1a: Gardevoir
|-boost|p1a: Gardevoir|spa|2
|-boost|p1a: Gardevoir|spd|2
|move|p2a: Landorus|Brick Break|p1a: Gardevoir
|-resisted|p1a: Gardevoir
|-damage|p1a: Gardevoir|88/100
|
|-heal|p1a: Gardevoir|94/100|[from] item: Leftovers
|upkeep
|turn|40
|
|t:|1779964402
|move|p1a: Gardevoir|Calm Mind|p1a: Gardevoir
|-boost|p1a: Gardevoir|spa|2
|-boost|p1a: Gardevoir|spd|2
|move|p2a: Landorus|Earthquake|p1a: Gardevoir
|-damage|p1a: Gardevoir|0 fnt
|faint|p1a: Gardevoir
|
|upkeep
|-message|KenjiShiguma forfeited.
|
|win|Pkaiser33
|raw|KenjiShiguma's rating: 1143 &rarr; <strong>1118</strong><br />(-25 for losing)
|raw|Pkaiser33's rating: 1144 &rarr; <strong>1169</strong><br />(+25 for winning)
|l|☆KenjiShiguma
|player|p1|
|l|☆Pkaiser33
|player|p2|
