|j|‽squid3011
|j|☆ihartpits
|t:|1779863818
|gametype|singles
|player|p1|squid3011|benga|1207
|player|p2|ihartpits|1|1286
|gen|9
|tier|[Gen 9] OU
|rated|
|rule|HP Percentage Mod: HP is shown in percentages
|rule|Endless Battle Clause: Forcing endless battles is banned
|rule|Species Clause: Limit one of each Pokémon
|rule|OHKO Clause: OHKO moves are banned
|rule|Evasion Items Clause: Evasion items are banned
|rule|Evasion Moves Clause: Evasion moves are banned
|rule|Evasion Abilities Clause: Evasion abilities are banned
|rule|Sleep Moves Clause: Sleep-inducing moves are banned
|clearpoke
|poke|p1|Tyranitar, F|
|poke|p1|Hippowdon, F|
|poke|p1|Gastrodon-East, M|
|poke|p1|Corviknight, M|
|poke|p1|Sandy Shocks|
|poke|p1|Excadrill, F|
|poke|p2|Slowking-Galar, L99, M|
|poke|p2|Greninja-*, M|
|poke|p2|Clefable, F|
|poke|p2|Great Tusk|
|poke|p2|Heatran, F|
|poke|p2|Dragonite, M|
|teampreview
|inactive|Battle timer is ON: inactive players will automatically lose when time's up. (requested by squid3011)
|
|t:|1779863835
|teamsize|p1|6
|teamsize|p2|6
|start
|switch|p1a: Hippowdon|Hippowdon, F|100/100
|switch|p2a: Great Tusk|Great Tusk|100/100
|-weather|Sandstorm|[from] ability: Sand Stream|[of] p1a: Hippowdon
|turn|1
|
|t:|1779863842
|move|p2a: Great Tusk|Stealth Rock|p1a: Hippowdon
|-sidestart|p1: squid3011|move: Stealth Rock
|move|p1a: Hippowdon|Stealth Rock|p2a: Great Tusk
|-sidestart|p2: ihartpits|move: Stealth Rock
|
|-weather|Sandstorm|[upkeep]
|upkeep
|turn|2
|
|t:|1779863846
|move|p2a: Great Tusk|Rapid Spin|p1a: Hippowdon
|-damage|p1a: Hippowdon|93/100
|-boost|p2a: Great Tusk|spe|1
|-sideend|p2: ihartpits|Stealth Rock|[from] move: Rapid Spin|[of] p2a: Great Tusk
|move|p1a: Hippowdon|Whirlwind|p2a: Great Tusk
|-end|p2a: Great Tusk|Protosynthesis|[silent]
|drag|p2a: Clefable|Clefable, F|100/100
|
|-weather|Sandstorm|[upkeep]
|-damage|p2a: Clefable|94/100|[from] Sandstorm
|upkeep
|turn|3
|
|t:|1779863859
|move|p2a: Clefable|Moonblast|p1a: Hippowdon
|-damage|p1a: Hippowdon|58/100
|-unboost|p1a: Hippowdon|spa|1
|move|p1a: Hippowdon|Stealth Rock|p2a: Clefable
|-sidestart|p2: ihartpits|move: Stealth Rock
|
|-weather|Sandstorm|[upkeep]
|-damage|p2a: Clefable|88/100|[from] Sandstorm
|upkeep
|turn|4
|
|t:|1779863880
|move|p2a: Clefable|Moonblast|p1a: Hippowdon
|-damage|p1a: Hippowdon|23/100
|-unboost|p1a: Hippowdon|spa|1
|move|p1a: Hippowdon|Whirlwind|p2a: Clefable
|drag|p2a: Dragonite|Dragonite, M|100/100
|-damage|p2a: Dragonite|76/100|[from] Stealth Rock
|
|-weather|Sandstorm|[upkeep]
|-damage|p2a: Dragonite|70/100|[from] Sandstorm
|-heal|p2a: Dragonite|76/100|[from] item: Leftovers
|upkeep
|turn|5
|
|t:|1779863895
|move|p2a: Dragonite|Dragon Claw|p1a: Hippowdon
|-damage|p1a: Hippowdon|1/100
|move|p1a: Hippowdon|Slack Off|p1a: Hippowdon
|-heal|p1a: Hippowdon|51/100
|
|-weather|Sandstorm|[upkeep]
|-damage|p2a: Dragonite|70/100|[from] Sandstorm
|-heal|p2a: Dragonite|76/100|[from] item: Leftovers
|upkeep
|turn|6
|
|t:|1779863912
|move|p2a: Dragonite|Dragon Claw|p1a: Hippowdon
|-crit|p1a: Hippowdon
|-damage|p1a: Hippowdon|15/100
|move|p1a: Hippowdon|Slack Off|p1a: Hippowdon
|-heal|p1a: Hippowdon|65/100
|
|-weather|Sandstorm|[upkeep]
|-damage|p2a: Dragonite|70/100|[from] Sandstorm
|-heal|p2a: Dragonite|76/100|[from] item: Leftovers
|upkeep
|turn|7
|
|t:|1779863924
|move|p2a: Dragonite|Dragon Claw|p1a: Hippowdon
|-damage|p1a: Hippowdon|43/100
|move|p1a: Hippowdon|Whirlwind|p2a: Dragonite
|drag|p2a: Slowking|Slowking-Galar, L99, M|100/100
|
|-weather|Sandstorm|[upkeep]
|-damage|p2a: Slowking|94/100|[from] Sandstorm
|upkeep
|turn|8
|
|t:|1779863935
|move|p1a: Hippowdon|Slack Off|p1a: Hippowdon
|-heal|p1a: Hippowdon|93/100
|move|p2a: Slowking|Toxic Spikes|p1a: Hippowdon
|-sidestart|p1: squid3011|move: Toxic Spikes
|
|-weather|none
|upkeep
|turn|9
|
|t:|1779863943
|move|p1a: Hippowdon|Earthquake|p2a: Slowking
|-supereffective|p2a: Slowking
|-damage|p2a: Slowking|22/100
|-prepare|p2a: Slowking|Chilly Reception|[premajor]
|move|p2a: Slowking|Chilly Reception|p2a: Slowking
|-weather|Snowscape
|
|t:|1779863946
|switch|p2a: Great Tusk|Great Tusk|100/100|[from] Chilly Reception
|-damage|p2a: Great Tusk|97/100|[from] Stealth Rock
|
|-weather|Snowscape|[upkeep]
|upkeep
|turn|10
|
|t:|1779863951
|move|p2a: Great Tusk|Rapid Spin|p1a: Hippowdon
|-damage|p1a: Hippowdon|85/100
|-boost|p2a: Great Tusk|spe|1
|-sideend|p2: ihartpits|Stealth Rock|[from] move: Rapid Spin|[of] p2a: Great Tusk
|move|p1a: Hippowdon|Whirlwind|p2a: Great Tusk
|-end|p2a: Great Tusk|Protosynthesis|[silent]
|drag|p2a: Dragonite|Dragonite, M|76/100
|
|-weather|Snowscape|[upkeep]
|-heal|p2a: Dragonite|82/100|[from] item: Leftovers
|upkeep
|turn|11
|
|t:|1779863957
|move|p2a: Dragonite|Dragon Dance|p2a: Dragonite
|-boost|p2a: Dragonite|atk|1
|-boost|p2a: Dragonite|spe|1
|move|p1a: Hippowdon|Stealth Rock|p2a: Dragonite
|-sidestart|p2: ihartpits|move: Stealth Rock
|
|-weather|Snowscape|[upkeep]
|-heal|p2a: Dragonite|88/100|[from] item: Leftovers
|upkeep
|turn|12
|
|t:|1779863970
|switch|p1a: Tyranitar|Tyranitar, F|100/100
|-damage|p1a: Tyranitar|88/100|[from] Stealth Rock
|-status|p1a: Tyranitar|psn
|-weather|Sandstorm|[from] ability: Sand Stream|[of] p1a: Tyranitar
|move|p2a: Dragonite|Dragon Claw|p1a: Tyranitar
|-damage|p1a: Tyranitar|39/100 psn
|
|-weather|Sandstorm|[upkeep]
|-damage|p2a: Dragonite|82/100|[from] Sandstorm
|-heal|p2a: Dragonite|88/100|[from] item: Leftovers
|-damage|p1a: Tyranitar|26/100 psn|[from] psn
|upkeep
|turn|13
|
|t:|1779863974
|move|p2a: Dragonite|Iron Head|p1a: Tyranitar
|-supereffective|p1a: Tyranitar
|-damage|p1a: Tyranitar|0 fnt
|faint|p1a: Tyranitar
|
|-weather|Sandstorm|[upkeep]
|-damage|p2a: Dragonite|82/100|[from] Sandstorm
|-heal|p2a: Dragonite|88/100|[from] item: Leftovers
|upkeep
|
|t:|1779863981
|switch|p1a: Excadrill|Excadrill, F|100/100
|-damage|p1a: Excadrill|97/100|[from] Stealth Rock
|-item|p1a: Excadrill|Air Balloon
|turn|14
|
|t:|1779863992
|move|p2a: Dragonite|Extreme Speed|p1a: Excadrill
|-resisted|p1a: Excadrill
|-damage|p1a: Excadrill|68/100
|-enditem|p1a: Excadrill|Air Balloon
|move|p1a: Excadrill|Rapid Spin|p2a: Dragonite
|-damage|p2a: Dragonite|67/100
|-boost|p1a: Excadrill|spe|1
|-sideend|p1: squid3011|Toxic Spikes|[from] move: Rapid Spin|[of] p1a: Excadrill
|-sideend|p1: squid3011|Stealth Rock|[from] move: Rapid Spin|[of] p1a: Excadrill
|
|-weather|Sandstorm|[upkeep]
|-damage|p2a: Dragonite|61/100|[from] Sandstorm
|-heal|p2a: Dragonite|67/100|[from] item: Leftovers
|upkeep
|turn|15
|
|t:|1779864007
|move|p2a: Dragonite|Extreme Speed|p1a: Excadrill
|-resisted|p1a: Excadrill
|-damage|p1a: Excadrill|38/100
|move|p1a: Excadrill|Iron Head|p2a: Dragonite
|-damage|p2a: Dragonite|22/100
|
|-weather|Sandstorm|[upkeep]
|-damage|p2a: Dragonite|16/100|[from] Sandstorm
|-heal|p2a: Dragonite|22/100|[from] item: Leftovers
|upkeep
|turn|16
|
|t:|1779864019
|move|p2a: Dragonite|Extreme Speed|p1a: Excadrill
|-resisted|p1a: Excadrill
|-damage|p1a: Excadrill|11/100
|move|p1a: Excadrill|Iron Head|p2a: Dragonite
|-damage|p2a: Dragonite|0 fnt
|faint|p2a: Dragonite
|
|-weather|none
|upkeep
|
|t:|1779864025
|switch|p2a: Greninja|Greninja, M|100/100
|-damage|p2a: Greninja|88/100|[from] Stealth Rock
|turn|17
|
|t:|1779864030
|move|p2a: Greninja|Water Shuriken|p1a: Excadrill
|-supereffective|p1a: Excadrill
|-damage|p1a: Excadrill|0 fnt
|faint|p1a: Excadrill
|-ability|p2a: Greninja|Battle Bond|boost
|-boost|p2a: Greninja|atk|1
|-boost|p2a: Greninja|spa|1
|-boost|p2a: Greninja|spe|1
|-activate|p2a: Greninja|ability: Battle Bond
|-hitcount|p1: Excadrill|1
|-damage|p2a: Greninja|78/100|[from] item: Life Orb
|
|upkeep
|
|t:|1779864039
|switch|p1a: Gastrodon|Gastrodon-East, M|100/100
|turn|18
|
|t:|1779864048
|move|p2a: Greninja|Dark Pulse|p1a: Gastrodon
|-damage|p1a: Gastrodon|36/100
|-damage|p2a: Greninja|69/100|[from] item: Life Orb
|move|p1a: Gastrodon|Earth Power|p2a: Greninja
|-damage|p2a: Greninja|0 fnt
|faint|p2a: Greninja
|
|-heal|p1a: Gastrodon|42/100|[from] item: Leftovers
|upkeep
|
|t:|1779864072
|switch|p2a: Slowking|Slowking-Galar, L99, M|56/100
|turn|19
|
|t:|1779864076
|move|p1a: Gastrodon|Recover|p1a: Gastrodon
|-heal|p1a: Gastrodon|92/100
|-prepare|p2a: Slowking|Chilly Reception|[premajor]
|move|p2a: Slowking|Chilly Reception|p2a: Slowking
|-weather|Snowscape
|
|t:|1779864085
|switch|p2a: Clefable|Clefable, F|88/100|[from] Chilly Reception
|
|-weather|Snowscape|[upkeep]
|-heal|p1a: Gastrodon|98/100|[from] item: Leftovers
|upkeep
|turn|20
|
|t:|1779864095
|switch|p1a: Hippowdon|Hippowdon, F|85/100
|-weather|Sandstorm|[from] ability: Sand Stream|[of] p1a: Hippowdon
|move|p2a: Clefable|Calm Mind|p2a: Clefable
|-boost|p2a: Clefable|spa|1
|-boost|p2a: Clefable|spd|1
|
|-weather|Sandstorm|[upkeep]
|-damage|p2a: Clefable|82/100|[from] Sandstorm
|upkeep
|turn|21
|
|t:|1779864108
|move|p2a: Clefable|Moonblast|p1a: Hippowdon
|-damage|p1a: Hippowdon|32/100
|-unboost|p1a: Hippowdon|spa|1
|move|p1a: Hippowdon|Whirlwind|p2a: Clefable
|drag|p2a: Heatran|Heatran, F|100/100
|-damage|p2a: Heatran|88/100|[from] Stealth Rock
|
|-weather|Sandstorm|[upkeep]
|-heal|p2a: Heatran|94/100|[from] item: Leftovers
|upkeep
|turn|22
|inactive|ihartpits has 120 seconds left.
|
|t:|1779864146
|move|p2a: Heatran|Lava Plume|p1a: Hippowdon
|-damage|p1a: Hippowdon|0 fnt
|faint|p1a: Hippowdon
|
|-weather|Sandstorm|[upkeep]
|-heal|p2a: Heatran|100/100|[from] item: Leftovers
|upkeep
|
|t:|1779864149
|switch|p1a: Gastrodon|Gastrodon-East, M|98/100
|turn|23
|inactive|ihartpits has 120 seconds left.
|
|t:|1779864159
|switch|p2a: Great Tusk|Great Tusk|97/100
|-damage|p2a: Great Tusk|94/100|[from] Stealth Rock
|move|p1a: Gastrodon|Surf|p2a: Great Tusk
|-supereffective|p2a: Great Tusk
|-damage|p2a: Great Tusk|0 fnt
|faint|p2a: Great Tusk
|-end|p2a: Great Tusk|Protosynthesis|[silent]
|
|-weather|Sandstorm|[upkeep]
|-heal|p1a: Gastrodon|100/100|[from] item: Leftovers
|upkeep
|inactive|ihartpits has 120 seconds left.
|
|t:|1779864167
|switch|p2a: Clefable|Clefable, F|82/100
|turn|24
|
|t:|1779864171
|move|p2a: Clefable|Calm Mind|p2a: Clefable
|-boost|p2a: Clefable|spa|1
|-boost|p2a: Clefable|spd|1
|move|p1a: Gastrodon|Surf|p2a: Clefable
|-damage|p2a: Clefable|58/100
|
|-weather|Sandstorm|[upkeep]
|-damage|p2a: Clefable|52/100|[from] Sandstorm
|upkeep
|turn|25
|-message|squid3011 forfeited.
|
|win|ihartpits
|raw|squid3011's rating: 1207 &rarr; <strong>1188</strong><br />(-19 for losing)
|raw|ihartpits's rating: 1286 &rarr; <strong>1305</strong><br />(+19 for winning)
|l|‽squid3011
|player|p1|
|l|☆ihartpits
|player|p2|
