|j|☆csasasdasdas
|j|☆AmygdalanResponse
|t:|1779852758
|gametype|singles
|player|p1|csasasdasdas|170|1443
|player|p2|AmygdalanResponse|marshal|1510
|gen|9
|tier|[Gen 9] OU
|rated|
|rule|HP Percentage Mod: HP is shown in percentages
|rule|Endless Battle Clause: Forcing endless battles is banned
|rule|Species Clause: Limit one of each Pokémon
|rule|OHKO Clause: OHKO moves are banned
|rule|Evasion Items Clause: Evasion items are banned
|rule|Evasion Moves Clause: Evasion moves are banned
|rule|Evasion Abilities Clause: Evasion abilities are banned
|rule|Sleep Moves Clause: Sleep-inducing moves are banned
|clearpoke
|poke|p1|Serperior, M|
|poke|p1|Skeledirge, F|
|poke|p1|Ting-Lu|
|poke|p1|Gholdengo|
|poke|p1|Rotom-Wash|
|poke|p1|Weavile, F|
|poke|p2|Ribombee, M|
|poke|p2|Manaphy|
|poke|p2|Ceruledge, F|
|poke|p2|Great Tusk|
|poke|p2|Ogerpon-Cornerstone, F|
|poke|p2|Enamorus, F|
|teampreview
|inactive|Battle timer is ON: inactive players will automatically lose when time's up. (requested by csasasdasdas)
|inactive|AmygdalanResponse has 120 seconds left.
|inactive|AmygdalanResponse has 90 seconds left.
|c|☆AmygdalanResponse|gl hf
|
|t:|1779852840
|teamsize|p1|6
|teamsize|p2|6
|start
|switch|p1a: slow cycle|Rotom-Wash|100/100
|switch|p2a: Ogerpon|Ogerpon-Cornerstone, F|100/100
|turn|1
|
|t:|1779852845
|-terastallize|p1a: slow cycle|Steel
|move|p2a: Ogerpon|Power Whip|p1a: slow cycle
|-resisted|p1a: slow cycle
|-damage|p1a: slow cycle|72/100
|-damage|p2a: Ogerpon|84/100|[from] item: Rocky Helmet|[of] p1a: slow cycle
|move|p1a: slow cycle|Will-O-Wisp|p2a: Ogerpon
|-status|p2a: Ogerpon|brn
|
|-damage|p2a: Ogerpon|78/100 brn|[from] brn
|upkeep
|turn|2
|
|t:|1779852854
|switch|p2a: Ribombee|Ribombee, M|100/100
|move|p1a: slow cycle|Volt Switch|p2a: Ribombee
|-damage|p2a: Ribombee|53/100
|
|t:|1779852858
|switch|p1a: Weavile|Weavile, F|100/100|[from] Volt Switch
|
|upkeep
|turn|3
|
|t:|1779852868
|switch|p2a: Ogerpon|Ogerpon-Cornerstone, F|78/100 brn
|move|p1a: Weavile|Icicle Crash|p2a: Ogerpon
|-supereffective|p2a: Ogerpon
|-damage|p2a: Ogerpon|0 fnt
|faint|p2a: Ogerpon
|
|upkeep
|
|t:|1779852873
|switch|p2a: Manaphy|Manaphy|100/100
|turn|4
|
|t:|1779852875
|switch|p1a: Serperior|Serperior, M, shiny|100/100
|move|p2a: Manaphy|Alluring Voice|p1a: Serperior
|-crit|p1a: Serperior
|-damage|p1a: Serperior|60/100
|
|-heal|p1a: Serperior|66/100|[from] item: Leftovers
|upkeep
|turn|5
|
|t:|1779852880
|switch|p2a: Ribombee|Ribombee, M|53/100
|move|p1a: Serperior|Leaf Storm|p2a: Ribombee
|-resisted|p2a: Ribombee
|-crit|p2a: Ribombee
|-damage|p2a: Ribombee|2/100
|-boost|p1a: Serperior|spa|2
|
|-heal|p1a: Serperior|72/100|[from] item: Leftovers
|upkeep
|turn|6
|
|t:|1779852885
|move|p2a: Ribombee|Sticky Web|p1a: Serperior
|-sidestart|p1: csasasdasdas|move: Sticky Web
|move|p1a: Serperior|Substitute|p1a: Serperior
|-start|p1a: Serperior|Substitute
|-damage|p1a: Serperior|47/100
|
|-heal|p1a: Serperior|54/100|[from] item: Leftovers
|upkeep
|turn|7
|
|t:|1779852899
|move|p2a: Ribombee|Skill Swap|p1a: Serperior
|-activate|p2a: Ribombee|Skill Swap|Contrary|Shield Dust|[of] p1a: Serperior
|move|p1a: Serperior|Leaf Storm|p2a: Ribombee
|-resisted|p2a: Ribombee
|-damage|p2a: Ribombee|0 fnt
|-unboost|p1a: Serperior|spa|2
|faint|p2a: Ribombee
|
|-heal|p1a: Serperior|60/100|[from] item: Leftovers
|upkeep
|
|t:|1779852911
|switch|p2a: Enamorus|Enamorus, F|100/100
|turn|8
|
|t:|1779852912
|move|p1a: Serperior|Glare|p2a: Enamorus
|-status|p2a: Enamorus|par
|move|p2a: Enamorus|Moonblast|p1a: Serperior
|-end|p1a: Serperior|Substitute
|
|-heal|p1a: Serperior|66/100|[from] item: Leftovers
|upkeep
|turn|9
|
|t:|1779852918
|move|p1a: Serperior|Substitute|p1a: Serperior
|-start|p1a: Serperior|Substitute
|-damage|p1a: Serperior|41/100
|move|p2a: Enamorus|Moonblast|p1a: Serperior
|-end|p1a: Serperior|Substitute
|
|-heal|p1a: Serperior|47/100|[from] item: Leftovers
|upkeep
|turn|10
|
|t:|1779852921
|switch|p1a: Amascut's Promise|Gholdengo|100/100
|-activate|p1a: Amascut's Promise|move: Sticky Web
|-unboost|p1a: Amascut's Promise|spe|1
|move|p2a: Enamorus|Moonblast|p1a: Amascut's Promise
|-resisted|p1a: Amascut's Promise
|-damage|p1a: Amascut's Promise|54/100
|-unboost|p1a: Amascut's Promise|spa|1
|
|upkeep
|turn|11
|
|t:|1779852926
|move|p1a: Amascut's Promise|Make It Rain|p2a: Enamorus
|-supereffective|p2a: Enamorus
|-damage|p2a: Enamorus|0 fnt
|-unboost|p1a: Amascut's Promise|spa|1
|faint|p2a: Enamorus
|
|upkeep
|
|t:|1779852928
|switch|p2a: Manaphy|Manaphy|100/100
|turn|12
|
|t:|1779852930
|switch|p1a: Serperior|Serperior, M, shiny|47/100
|-activate|p1a: Serperior|move: Sticky Web
|-boost|p1a: Serperior|spe|1
|move|p2a: Manaphy|Substitute|p2a: Manaphy
|-start|p2a: Manaphy|Substitute
|-damage|p2a: Manaphy|76/100
|
|-heal|p1a: Serperior|53/100|[from] item: Leftovers
|-heal|p2a: Manaphy|82/100|[from] item: Leftovers
|upkeep
|turn|13
|
|t:|1779852934
|move|p1a: Serperior|Leaf Storm|p2a: Manaphy|[miss]
|-miss|p1a: Serperior|p2a: Manaphy
|move|p2a: Manaphy|Alluring Voice|p1a: Serperior
|-damage|p1a: Serperior|30/100
|
|-heal|p1a: Serperior|36/100|[from] item: Leftovers
|-heal|p2a: Manaphy|88/100|[from] item: Leftovers
|upkeep
|turn|14
|
|t:|1779852939
|move|p1a: Serperior|Leaf Storm|p2a: Manaphy|[miss]
|-miss|p1a: Serperior|p2a: Manaphy
|move|p2a: Manaphy|Alluring Voice|p1a: Serperior
|-damage|p1a: Serperior|8/100
|
|-heal|p1a: Serperior|15/100|[from] item: Leftovers
|-heal|p2a: Manaphy|94/100|[from] item: Leftovers
|upkeep
|turn|15
|
|t:|1779852942
|move|p1a: Serperior|Leaf Storm|p2a: Manaphy
|-supereffective|p2a: Manaphy
|-end|p2a: Manaphy|Substitute
|-boost|p1a: Serperior|spa|2
|move|p2a: Manaphy|Alluring Voice|p1a: Serperior
|-damage|p1a: Serperior|0 fnt
|faint|p1a: Serperior
|
|-heal|p2a: Manaphy|99/100|[from] item: Leftovers
|upkeep
|
|t:|1779852948
|switch|p1a: Skeledirge|Skeledirge, F|100/100
|turn|16
|
|t:|1779852950
|move|p2a: Manaphy|Surf|p1a: Skeledirge
|-supereffective|p1a: Skeledirge
|-damage|p1a: Skeledirge|38/100
|move|p1a: Skeledirge|Torch Song|p2a: Manaphy
|-resisted|p2a: Manaphy
|-damage|p2a: Manaphy|86/100
|-boost|p1a: Skeledirge|spa|1
|
|-heal|p2a: Manaphy|93/100|[from] item: Leftovers
|upkeep
|turn|17
|
|t:|1779852953
|move|p2a: Manaphy|Substitute|p2a: Manaphy
|-start|p2a: Manaphy|Substitute
|-damage|p2a: Manaphy|68/100
|move|p1a: Skeledirge|Torch Song|p2a: Manaphy
|-resisted|p2a: Manaphy
|-damage|p2a: Manaphy|44/100
|-boost|p1a: Skeledirge|spa|1
|
|-heal|p2a: Manaphy|50/100|[from] item: Leftovers
|upkeep
|turn|18
|
|t:|1779852956
|move|p2a: Manaphy|Surf|p1a: Skeledirge
|-supereffective|p1a: Skeledirge
|-damage|p1a: Skeledirge|0 fnt
|faint|p1a: Skeledirge
|
|-heal|p2a: Manaphy|56/100|[from] item: Leftovers
|upkeep
|
|t:|1779852960
|switch|p1a: slow cycle|Rotom-Wash, tera:Steel|72/100
|turn|19
|
|t:|1779852962
|move|p2a: Manaphy|Tail Glow|p2a: Manaphy
|-boost|p2a: Manaphy|spa|3
|move|p1a: slow cycle|Volt Switch|p2a: Manaphy
|-supereffective|p2a: Manaphy
|-end|p2a: Manaphy|Substitute
|
|t:|1779852965
|switch|p1a: Weavile|Weavile, F|100/100|[from] Volt Switch
|
|-heal|p2a: Manaphy|62/100|[from] item: Leftovers
|upkeep
|turn|20
|
|t:|1779852968
|-terastallize|p2a: Manaphy|Fairy
|move|p1a: Weavile|Knock Off|p2a: Manaphy
|-resisted|p2a: Manaphy
|-damage|p2a: Manaphy|40/100
|-enditem|p2a: Manaphy|Leftovers|[from] move: Knock Off|[of] p1a: Weavile
|move|p2a: Manaphy|Alluring Voice|p1a: Weavile
|-supereffective|p1a: Weavile
|-damage|p1a: Weavile|0 fnt
|faint|p1a: Weavile
|
|upkeep
|
|t:|1779852970
|switch|p1a: slow cycle|Rotom-Wash, tera:Steel|72/100
|turn|21
|
|t:|1779852974
|move|p2a: Manaphy|Surf|p1a: slow cycle
|-damage|p1a: slow cycle|0 fnt
|faint|p1a: slow cycle
|
|upkeep
|
|t:|1779852977
|switch|p1a: Ting-Lu|Ting-Lu|100/100
|-activate|p1a: Ting-Lu|move: Sticky Web
|-unboost|p1a: Ting-Lu|spe|1
|-ability|p1a: Ting-Lu|Vessel of Ruin
|turn|22
|
|t:|1779852981
|move|p2a: Manaphy|Surf|p1a: Ting-Lu
|-supereffective|p1a: Ting-Lu
|-damage|p1a: Ting-Lu|19/100
|move|p1a: Ting-Lu|Whirlwind|p2a: Manaphy
|drag|p2a: Great Tusk|Great Tusk|100/100
|
|-heal|p1a: Ting-Lu|25/100|[from] item: Leftovers
|upkeep
|turn|23
|
|t:|1779852985
|move|p2a: Great Tusk|Ice Spinner|p1a: Ting-Lu
|-supereffective|p1a: Ting-Lu
|-damage|p1a: Ting-Lu|0 fnt
|faint|p1a: Ting-Lu
|
|upkeep
|-message|csasasdasdas forfeited.
|
|win|AmygdalanResponse
|raw|csasasdasdas's rating: 1443 &rarr; <strong>1427</strong><br />(-16 for losing)
|raw|AmygdalanResponse's rating: 1510 &rarr; <strong>1526</strong><br />(+16 for winning)
|l|☆csasasdasdas
|player|p1|
