|j|☆Dakota1683
|j|☆silvanosaint
|t:|1779916701
|gametype|singles
|player|p1|Dakota1683|169|1232
|player|p2|silvanosaint|1|1260
|gen|9
|tier|[Gen 9] OU
|rated|
|rule|HP Percentage Mod: HP is shown in percentages
|rule|Endless Battle Clause: Forcing endless battles is banned
|rule|Species Clause: Limit one of each Pokémon
|rule|OHKO Clause: OHKO moves are banned
|rule|Evasion Items Clause: Evasion items are banned
|rule|Evasion Moves Clause: Evasion moves are banned
|rule|Evasion Abilities Clause: Evasion abilities are banned
|rule|Sleep Moves Clause: Sleep-inducing moves are banned
|clearpoke
|poke|p1|Zapdos|
|poke|p1|Mew|
|poke|p1|Hitmonchan, M|
|poke|p1|Dragonite, F|
|poke|p1|Jolteon, M|
|poke|p1|Blastoise, M|
|poke|p2|Iron Boulder|
|poke|p2|Meowscarada, M|
|poke|p2|Kingambit, F|
|poke|p2|Raging Bolt|
|poke|p2|Glimmora, F|
|poke|p2|Iron Valiant|
|teampreview
|inactive|Battle timer is ON: inactive players will automatically lose when time's up. (requested by silvanosaint)
|
|t:|1779916715
|teamsize|p1|6
|teamsize|p2|6
|start
|switch|p1a: Hitmonchan|Hitmonchan, M|100/100
|switch|p2a: Glimmora|Glimmora, F|100/100
|turn|1
|
|t:|1779916722
|-singleturn|p1a: Hitmonchan|move: Focus Punch
|move|p2a: Glimmora|Stealth Rock|p1a: Hitmonchan
|-sidestart|p1: Dakota1683|move: Stealth Rock
|move|p1a: Hitmonchan|Focus Punch|p2a: Glimmora
|-enditem|p2a: Glimmora|Focus Sash
|-damage|p2a: Glimmora|1/100
|-activate|p2a: Glimmora|ability: Toxic Debris
|-sidestart|p1: Dakota1683|move: Toxic Spikes
|
|upkeep
|turn|2
|
|t:|1779916730
|move|p1a: Hitmonchan|Mach Punch|p2a: Glimmora
|-damage|p2a: Glimmora|0 fnt
|-activate|p2a: Glimmora|ability: Toxic Debris
|-sidestart|p1: Dakota1683|move: Toxic Spikes
|faint|p2a: Glimmora
|
|upkeep
|
|t:|1779916746
|switch|p2a: Iron Valiant|Iron Valiant|100/100
|turn|3
|
|t:|1779916752
|switch|p1a: Blastoise|Blastoise, M|100/100
|-damage|p1a: Blastoise|88/100|[from] Stealth Rock
|-status|p1a: Blastoise|tox
|move|p2a: Iron Valiant|Moonblast|p1a: Blastoise
|-damage|p1a: Blastoise|57/100 tox
|-unboost|p1a: Blastoise|spa|1
|
|-damage|p1a: Blastoise|51/100 tox|[from] psn
|upkeep
|turn|4
|
|t:|1779916766
|move|p2a: Iron Valiant|Moonblast|p1a: Blastoise
|-damage|p1a: Blastoise|20/100 tox
|move|p1a: Blastoise|Rapid Spin|p2a: Iron Valiant
|-damage|p2a: Iron Valiant|88/100
|-boost|p1a: Blastoise|spe|1
|-sideend|p1: Dakota1683|Toxic Spikes|[from] move: Rapid Spin|[of] p1a: Blastoise
|-sideend|p1: Dakota1683|Stealth Rock|[from] move: Rapid Spin|[of] p1a: Blastoise
|
|-damage|p1a: Blastoise|8/100 tox|[from] psn
|upkeep
|turn|5
|
|t:|1779916772
|move|p2a: Iron Valiant|Moonblast|p1a: Blastoise
|-damage|p1a: Blastoise|0 fnt
|faint|p1a: Blastoise
|
|upkeep
|
|t:|1779916780
|switch|p1a: Mew|Mew|100/100
|turn|6
|
|t:|1779916782
|move|p2a: Iron Valiant|Moonblast|p1a: Mew
|-damage|p1a: Mew|34/100
|move|p1a: Mew|Dragon Dance|p1a: Mew
|-boost|p1a: Mew|atk|1
|-boost|p1a: Mew|spe|1
|
|-heal|p1a: Mew|40/100|[from] item: Leftovers
|upkeep
|turn|7
|
|t:|1779916785
|move|p1a: Mew|Psychic Fangs|p2a: Iron Valiant
|-supereffective|p2a: Iron Valiant
|-damage|p2a: Iron Valiant|0 fnt
|faint|p2a: Iron Valiant
|-end|p2a: Iron Valiant|Quark Drive|[silent]
|
|-heal|p1a: Mew|47/100|[from] item: Leftovers
|upkeep
|
|t:|1779916791
|switch|p2a: Meowscarada|Meowscarada, M|100/100
|turn|8
|
|t:|1779916799
|move|p1a: Mew|Drain Punch|p2a: Meowscarada
|-supereffective|p2a: Meowscarada
|-crit|p2a: Meowscarada
|-damage|p2a: Meowscarada|0 fnt
|-heal|p1a: Mew|87/100|[from] drain|[of] p2a: Meowscarada
|faint|p2a: Meowscarada
|
|-heal|p1a: Mew|93/100|[from] item: Leftovers
|upkeep
|
|t:|1779916803
|switch|p2a: Raging Bolt|Raging Bolt|100/100
|turn|9
|
|t:|1779916807
|move|p1a: Mew|Earthquake|p2a: Raging Bolt
|-supereffective|p2a: Raging Bolt
|-damage|p2a: Raging Bolt|13/100
|move|p2a: Raging Bolt|Calm Mind|p2a: Raging Bolt
|-boost|p2a: Raging Bolt|spa|1
|-boost|p2a: Raging Bolt|spd|1
|
|-heal|p1a: Mew|99/100|[from] item: Leftovers
|-heal|p2a: Raging Bolt|19/100|[from] item: Leftovers
|upkeep
|turn|10
|
|t:|1779916810
|move|p2a: Raging Bolt|Thunderclap|p1a: Mew
|-damage|p1a: Mew|43/100
|move|p1a: Mew|Drain Punch|p2a: Raging Bolt
|-damage|p2a: Raging Bolt|0 fnt
|-heal|p1a: Mew|53/100|[from] drain|[of] p2a: Raging Bolt
|faint|p2a: Raging Bolt
|-end|p2a: Raging Bolt|Protosynthesis|[silent]
|
|-heal|p1a: Mew|59/100|[from] item: Leftovers
|upkeep
|
|t:|1779916813
|switch|p2a: Iron Boulder|Iron Boulder|100/100
|-enditem|p2a: Iron Boulder|Booster Energy
|-activate|p2a: Iron Boulder|ability: Quark Drive|[fromitem]
|-start|p2a: Iron Boulder|quarkdrivespe
|turn|11
|
|t:|1779916822
|-terastallize|p2a: Iron Boulder|Fighting
|-terastallize|p1a: Mew|Fighting
|move|p2a: Iron Boulder|Swords Dance|p2a: Iron Boulder
|-boost|p2a: Iron Boulder|atk|2
|move|p1a: Mew|Drain Punch|p2a: Iron Boulder
|-damage|p2a: Iron Boulder|29/100
|-heal|p1a: Mew|91/100|[from] drain|[of] p2a: Iron Boulder
|
|-heal|p1a: Mew|97/100|[from] item: Leftovers
|upkeep
|turn|12
|
|t:|1779916838
|move|p2a: Iron Boulder|Close Combat|p1a: Mew
|-damage|p1a: Mew|0 fnt
|-unboost|p2a: Iron Boulder|def|1
|-unboost|p2a: Iron Boulder|spd|1
|faint|p1a: Mew
|
|upkeep
|
|t:|1779916841
|switch|p1a: Hitmonchan|Hitmonchan, M|100/100
|turn|13
|
|t:|1779916844
|move|p1a: Hitmonchan|Mach Punch|p2a: Iron Boulder
|-damage|p2a: Iron Boulder|0 fnt
|faint|p2a: Iron Boulder
|-end|p2a: Iron Boulder|Quark Drive|[silent]
|
|upkeep
|
|t:|1779916846
|switch|p2a: Kingambit|Kingambit, F|100/100
|-activate|p2a: Kingambit|ability: Supreme Overlord
|-start|p2a: Kingambit|fallen5|[silent]
|turn|14
|-message|silvanosaint forfeited.
|
|win|Dakota1683
|raw|Dakota1683's rating: 1232 &rarr; <strong>1259</strong><br />(+27 for winning)
|raw|silvanosaint's rating: 1260 &rarr; <strong>1233</strong><br />(-27 for losing)
|l|☆silvanosaint
|player|p2|
|l|☆Dakota1683
|player|p1|
