|j|☆asdddddddssd
|j|☆jonnythocolin
|t:|1779854500
|gametype|singles
|player|p1|asdddddddssd|1|1298
|player|p2|jonnythocolin|li|1265
|gen|9
|tier|[Gen 9] OU
|rated|
|rule|HP Percentage Mod: HP is shown in percentages
|rule|Endless Battle Clause: Forcing endless battles is banned
|rule|Species Clause: Limit one of each Pokémon
|rule|OHKO Clause: OHKO moves are banned
|rule|Evasion Items Clause: Evasion items are banned
|rule|Evasion Moves Clause: Evasion moves are banned
|rule|Evasion Abilities Clause: Evasion abilities are banned
|rule|Sleep Moves Clause: Sleep-inducing moves are banned
|clearpoke
|poke|p1|Hatterene, F|
|poke|p1|Iron Treads|
|poke|p1|Zamazenta-*|
|poke|p1|Dragapult, M|
|poke|p1|Gliscor, F|
|poke|p1|Raging Bolt|
|poke|p2|Clodsire, M|
|poke|p2|Skeledirge, F|
|poke|p2|Corviknight, M|
|poke|p2|Meowscarada, F|
|poke|p2|Latios, M|
|poke|p2|Iron Valiant|
|teampreview
|
|t:|1779854510
|teamsize|p1|6
|teamsize|p2|6
|start
|switch|p1a: Iron Treads|Iron Treads|100/100
|switch|p2a: Ì'll Díâbõlö|Latios, M|100/100
|-item|p1a: Iron Treads|Air Balloon
|turn|1
|
|t:|1779854519
|move|p2a: Ì'll Díâbõlö|Shadow Ball|p1a: Iron Treads
|-damage|p1a: Iron Treads|61/100
|-enditem|p1a: Iron Treads|Air Balloon
|move|p1a: Iron Treads|Stealth Rock|p2a: Ì'll Díâbõlö
|-sidestart|p2: jonnythocolin|move: Stealth Rock
|
|upkeep
|turn|2
|
|t:|1779854528
|switch|p2a: Edgar|Corviknight, M, shiny|100/100
|-damage|p2a: Edgar|88/100|[from] Stealth Rock
|move|p1a: Iron Treads|Ice Spinner|p2a: Edgar
|-damage|p2a: Edgar|74/100
|-damage|p1a: Iron Treads|44/100|[from] item: Rocky Helmet|[of] p2a: Edgar
|
|upkeep
|turn|3
|
|t:|1779854559
|-end|p1a: Iron Treads|Quark Drive|[silent]
|switch|p1a: Raging Bolt|Raging Bolt|100/100
|-enditem|p1a: Raging Bolt|Booster Energy
|-activate|p1a: Raging Bolt|ability: Protosynthesis|[fromitem]
|-start|p1a: Raging Bolt|protosynthesisspa
|move|p2a: Edgar|Defog|p1a: Raging Bolt
|-unboost|p1a: Raging Bolt|evasion|1
|-sideend|p2: jonnythocolin|Stealth Rock|[from] move: Defog|[of] p2a: Edgar
|
|upkeep
|turn|4
|
|t:|1779854572
|switch|p2a: Mojoncito|Clodsire, M|100/100
|move|p1a: Raging Bolt|Draco Meteor|p2a: Mojoncito|[miss]
|-miss|p1a: Raging Bolt|p2a: Mojoncito
|
|upkeep
|turn|5
|
|t:|1779854608
|-end|p1a: Raging Bolt|Protosynthesis|[silent]
|switch|p1a: Iron Treads|Iron Treads|44/100
|switch|p2a: Ì'll Díâbõlö|Latios, M|100/100
|
|upkeep
|turn|6
|
|t:|1779854616
|switch|p2a: Edgar|Corviknight, M, shiny|74/100
|move|p1a: Iron Treads|Ice Spinner|p2a: Edgar
|-damage|p2a: Edgar|59/100
|-damage|p1a: Iron Treads|28/100|[from] item: Rocky Helmet|[of] p2a: Edgar
|
|upkeep
|turn|7
|
|t:|1779854626
|move|p1a: Iron Treads|Stealth Rock|p2a: Edgar
|-sidestart|p2: jonnythocolin|move: Stealth Rock
|move|p2a: Edgar|Roost|p2a: Edgar
|-heal|p2a: Edgar|100/100
|-singleturn|p2a: Edgar|move: Roost
|
|upkeep
|turn|8
|
|t:|1779854633
|-end|p1a: Iron Treads|Quark Drive|[silent]
|switch|p1a: Hatterene|Hatterene, F|100/100
|move|p2a: Edgar|Defog|p1a: Hatterene
|move|p1a: Hatterene|Defog|p2a: Edgar|[from] ability: Magic Bounce
|-ability|p2a: Edgar|Mirror Armor
|-unboost|p1a: Hatterene|evasion|1
|-sideend|p2: jonnythocolin|Stealth Rock|[from] move: Defog|[of] p1a: Hatterene
|
|upkeep
|turn|9
|
|t:|1779854646
|switch|p2a: Ì'll Díâbõlö|Latios, M|100/100
|move|p1a: Hatterene|Nuzzle|p2a: Ì'll Díâbõlö
|-resisted|p2a: Ì'll Díâbõlö
|-damage|p2a: Ì'll Díâbõlö|98/100
|-status|p2a: Ì'll Díâbõlö|par
|
|upkeep
|turn|10
|
|t:|1779854658
|move|p2a: Ì'll Díâbõlö|Trick|p1a: Hatterene
|-activate|p2a: Ì'll Díâbõlö|move: Trick|[of] p1a: Hatterene
|-item|p1a: Hatterene|Choice Scarf|[from] move: Trick
|-item|p2a: Ì'll Díâbõlö|Leftovers|[from] move: Trick
|move|p1a: Hatterene|Calm Mind|p1a: Hatterene
|-boost|p1a: Hatterene|spa|1
|-boost|p1a: Hatterene|spd|1
|
|-heal|p2a: Ì'll Díâbõlö|100/100 par|[from] item: Leftovers
|upkeep
|turn|11
|c|☆jonnythocolin|lol
|
|t:|1779854673
|switch|p1a: Iron Treads|Iron Treads|28/100
|move|p2a: Ì'll Díâbõlö|Shadow Ball|p1a: Iron Treads
|-damage|p1a: Iron Treads|0 fnt
|faint|p1a: Iron Treads
|-end|p1a: Iron Treads|Quark Drive|[silent]
|
|upkeep
|
|t:|1779854683
|switch|p1a: Dragapult|Dragapult, M|100/100
|turn|12
|
|t:|1779854690
|switch|p2a: Elma Tajotos|Iron Valiant|100/100
|-enditem|p2a: Elma Tajotos|Booster Energy
|-activate|p2a: Elma Tajotos|ability: Quark Drive|[fromitem]
|-start|p2a: Elma Tajotos|quarkdrivespe
|move|p1a: Dragapult|Shadow Ball|p2a: Elma Tajotos
|-damage|p2a: Elma Tajotos|0 fnt
|faint|p2a: Elma Tajotos
|-end|p2a: Elma Tajotos|Quark Drive|[silent]
|
|upkeep
|c|☆asdddddddssd|lol
|
|t:|1779854705
|switch|p2a: Mojoncito|Clodsire, M|100/100
|turn|13
|
|t:|1779854708
|move|p1a: Dragapult|Shadow Ball|p2a: Mojoncito
|-damage|p2a: Mojoncito|75/100
|move|p2a: Mojoncito|Stealth Rock|p1a: Dragapult
|-sidestart|p1: asdddddddssd|move: Stealth Rock
|
|-heal|p2a: Mojoncito|81/100|[from] item: Leftovers
|upkeep
|turn|14
|
|t:|1779854720
|switch|p1a: Gliscor|Gliscor, F|100/100
|-damage|p1a: Gliscor|88/100|[from] Stealth Rock
|move|p2a: Mojoncito|Toxic|p1a: Gliscor
|-status|p1a: Gliscor|tox
|
|-heal|p2a: Mojoncito|87/100|[from] item: Leftovers
|-heal|p1a: Gliscor|100/100 tox|[from] ability: Poison Heal
|upkeep
|turn|15
|
|t:|1779854731
|switch|p2a: Edgar|Corviknight, M, shiny|100/100
|move|p1a: Gliscor|Knock Off|p2a: Edgar
|-damage|p2a: Edgar|88/100
|-damage|p1a: Gliscor|84/100 tox|[from] item: Rocky Helmet|[of] p2a: Edgar
|-enditem|p2a: Edgar|Rocky Helmet|[from] move: Knock Off|[of] p1a: Gliscor
|
|-heal|p1a: Gliscor|96/100 tox|[from] ability: Poison Heal
|upkeep
|turn|16
|
|t:|1779854742
|move|p1a: Gliscor|Knock Off|p2a: Edgar
|-damage|p2a: Edgar|79/100
|move|p2a: Edgar|Brave Bird|p1a: Gliscor
|-damage|p1a: Gliscor|67/100 tox
|-damage|p2a: Edgar|70/100|[from] Recoil
|
|-heal|p1a: Gliscor|80/100 tox|[from] ability: Poison Heal
|upkeep
|turn|17
|
|t:|1779854753
|switch|p1a: Hatterene|Hatterene, F|100/100
|-damage|p1a: Hatterene|88/100|[from] Stealth Rock
|move|p2a: Edgar|Iron Head|p1a: Hatterene
|-supereffective|p1a: Hatterene
|-damage|p1a: Hatterene|35/100
|
|upkeep
|turn|18
|
|t:|1779854762
|move|p2a: Edgar|Roost|p2a: Edgar
|-heal|p2a: Edgar|100/100
|-singleturn|p2a: Edgar|move: Roost
|move|p1a: Hatterene|Nuzzle|p2a: Edgar
|-damage|p2a: Edgar|98/100
|-status|p2a: Edgar|par
|
|upkeep
|turn|19
|
|t:|1779854783
|switch|p1a: Raging Bolt|Raging Bolt|100/100
|-damage|p1a: Raging Bolt|88/100|[from] Stealth Rock
|move|p2a: Edgar|Iron Head|p1a: Raging Bolt
|-resisted|p1a: Raging Bolt
|-damage|p1a: Raging Bolt|76/100
|
|upkeep
|turn|20
|
|t:|1779854792
|switch|p2a: Mojoncito|Clodsire, M|87/100
|move|p1a: Raging Bolt|Draco Meteor|p2a: Mojoncito
|-damage|p2a: Mojoncito|43/100
|-unboost|p1a: Raging Bolt|spa|2
|
|-heal|p2a: Mojoncito|50/100|[from] item: Leftovers
|upkeep
|turn|21
|
|t:|1779854802
|move|p1a: Raging Bolt|Draco Meteor|p2a: Mojoncito
|-damage|p2a: Mojoncito|28/100
|-unboost|p1a: Raging Bolt|spa|2
|move|p2a: Mojoncito|Recover|p2a: Mojoncito
|-heal|p2a: Mojoncito|78/100
|
|-heal|p2a: Mojoncito|84/100|[from] item: Leftovers
|upkeep
|turn|22
|
|t:|1779854826
|-end|p1a: Raging Bolt|Protosynthesis|[silent]
|switch|p1a: Zamazenta|Zamazenta|100/100
|-damage|p1a: Zamazenta|94/100|[from] Stealth Rock
|-ability|p1a: Zamazenta|Dauntless Shield|boost
|-boost|p1a: Zamazenta|def|1
|move|p2a: Mojoncito|Earthquake|p1a: Zamazenta
|-damage|p1a: Zamazenta|82/100
|
|-heal|p2a: Mojoncito|90/100|[from] item: Leftovers
|upkeep
|turn|23
|
|t:|1779854840
|switch|p1a: Gliscor|Gliscor, F|80/100 tox
|-damage|p1a: Gliscor|67/100 tox|[from] Stealth Rock
|switch|p2a: Cenorina|Skeledirge, F|100/100
|
|-heal|p1a: Gliscor|80/100 tox|[from] ability: Poison Heal
|upkeep
|turn|24
|
|t:|1779854851
|switch|p2a: María Juana|Meowscarada, F, shiny|100/100
|move|p1a: Gliscor|Toxic|p2a: María Juana
|-status|p2a: María Juana|tox
|
|-damage|p2a: María Juana|94/100 tox|[from] psn
|-heal|p1a: Gliscor|92/100 tox|[from] ability: Poison Heal
|upkeep
|turn|25
|
|t:|1779854862
|switch|p1a: Hatterene|Hatterene, F|35/100
|-damage|p1a: Hatterene|23/100|[from] Stealth Rock
|move|p2a: María Juana|Triple Axel|p1a: Hatterene
|-start|p2a: María Juana|typechange|Ice|[from] ability: Protean
|-damage|p1a: Hatterene|12/100
|-damage|p1a: Hatterene|0 fnt
|faint|p1a: Hatterene
|-hitcount|p1: Hatterene|2
|
|-damage|p2a: María Juana|82/100 tox|[from] psn
|upkeep
|
|t:|1779854884
|switch|p1a: Raging Bolt|Raging Bolt|76/100
|-damage|p1a: Raging Bolt|64/100|[from] Stealth Rock
|turn|26
|
|t:|1779854892
|switch|p2a: Mojoncito|Clodsire, M|90/100
|-terastallize|p1a: Raging Bolt|Electric
|move|p1a: Raging Bolt|Discharge|p2a: Mojoncito
|-immune|p2a: Mojoncito
|
|-heal|p2a: Mojoncito|96/100|[from] item: Leftovers
|upkeep
|turn|27
|
|t:|1779854904
|-end|p1a: Raging Bolt|Protosynthesis|[silent]
|switch|p1a: Gliscor|Gliscor, F|92/100 tox
|-damage|p1a: Gliscor|80/100 tox|[from] Stealth Rock
|switch|p2a: Ì'll Díâbõlö|Latios, M|100/100 par
|
|-heal|p1a: Gliscor|92/100 tox|[from] ability: Poison Heal
|upkeep
|turn|28
|
|t:|1779854919
|move|p1a: Gliscor|Knock Off|p2a: Ì'll Díâbõlö
|-supereffective|p2a: Ì'll Díâbõlö
|-damage|p2a: Ì'll Díâbõlö|41/100 par
|-enditem|p2a: Ì'll Díâbõlö|Leftovers|[from] move: Knock Off|[of] p1a: Gliscor
|move|p2a: Ì'll Díâbõlö|Psychic Noise|p1a: Gliscor
|-damage|p1a: Gliscor|55/100 tox
|-start|p1a: Gliscor|move: Heal Block
|
|upkeep
|turn|29
|
|t:|1779854929
|move|p1a: Gliscor|Knock Off|p2a: Ì'll Díâbõlö
|-supereffective|p2a: Ì'll Díâbõlö
|-damage|p2a: Ì'll Díâbõlö|1/100 par
|move|p2a: Ì'll Díâbõlö|Draco Meteor|p1a: Gliscor
|-damage|p1a: Gliscor|0 fnt
|-unboost|p2a: Ì'll Díâbõlö|spa|2
|faint|p1a: Gliscor
|
|upkeep
|c|☆jonnythocolin|lol
|c|☆asdddddddssd|que suerte panch1to
|c|☆jonnythocolin|gg
|c|☆asdddddddssd|es broma bro
|c|☆asdddddddssd|soy de guatemala
|c|☆asdddddddssd|xd
|c|☆jonnythocolin|Compraré un boleto de lotería
|c|☆asdddddddssd|jajajaja
|c|☆asdddddddssd|nt
|
|t:|1779854974
|switch|p1a: Zamazenta|Zamazenta|82/100
|-damage|p1a: Zamazenta|76/100|[from] Stealth Rock
|turn|30
|
|t:|1779854980
|move|p1a: Zamazenta|Iron Head|p2a: Ì'll Díâbõlö
|-damage|p2a: Ì'll Díâbõlö|0 fnt
|faint|p2a: Ì'll Díâbõlö
|
|upkeep
|
|t:|1779854990
|switch|p2a: Cenorina|Skeledirge, F|100/100
|turn|31
|c|☆asdddddddssd|la mierda de clodsire es inmatable
|
|t:|1779855017
|switch|p1a: Dragapult|Dragapult, M|100/100
|-damage|p1a: Dragapult|88/100|[from] Stealth Rock
|move|p2a: Cenorina|Will-O-Wisp|p1a: Dragapult
|-status|p1a: Dragapult|brn
|
|-damage|p1a: Dragapult|82/100 brn|[from] brn
|upkeep
|turn|32
|
|t:|1779855027
|switch|p2a: María Juana|Meowscarada, F, shiny|82/100 tox
|move|p1a: Dragapult|Shadow Ball|p2a: María Juana
|-resisted|p2a: María Juana
|-damage|p2a: María Juana|41/100 tox
|
|-damage|p2a: María Juana|35/100 tox|[from] psn
|-damage|p1a: Dragapult|76/100 brn|[from] brn
|upkeep
|turn|33
|
|t:|1779855041
|move|p1a: Dragapult|Shadow Ball|p2a: María Juana
|-resisted|p2a: María Juana
|-damage|p2a: María Juana|0 fnt
|faint|p2a: María Juana
|
|-damage|p1a: Dragapult|70/100 brn|[from] brn
|upkeep
|
|t:|1779855049
|switch|p2a: Mojoncito|Clodsire, M|96/100
|turn|34
|
|t:|1779855055
|move|p1a: Dragapult|Shadow Ball|p2a: Mojoncito
|-crit|p2a: Mojoncito
|-damage|p2a: Mojoncito|57/100
|move|p2a: Mojoncito|Toxic||[still]
|-fail|p2a: Mojoncito
|
|-heal|p2a: Mojoncito|63/100|[from] item: Leftovers
|-damage|p1a: Dragapult|64/100 brn|[from] brn
|upkeep
|turn|35
|
|t:|1779855066
|move|p1a: Dragapult|Shadow Ball|p2a: Mojoncito
|-damage|p2a: Mojoncito|37/100
|move|p2a: Mojoncito|Recover|p2a: Mojoncito
|-heal|p2a: Mojoncito|87/100
|
|-heal|p2a: Mojoncito|93/100|[from] item: Leftovers
|-damage|p1a: Dragapult|58/100 brn|[from] brn
|upkeep
|turn|36
|
|t:|1779855076
|move|p1a: Dragapult|Shadow Ball|p2a: Mojoncito
|-damage|p2a: Mojoncito|64/100
|move|p2a: Mojoncito|Earthquake|p1a: Dragapult
|-damage|p1a: Dragapult|21/100 brn
|
|-heal|p2a: Mojoncito|70/100|[from] item: Leftovers
|-damage|p1a: Dragapult|15/100 brn|[from] brn
|upkeep
|turn|37
|
|t:|1779855089
|switch|p1a: Zamazenta|Zamazenta|76/100
|-damage|p1a: Zamazenta|70/100|[from] Stealth Rock
|move|p2a: Mojoncito|Recover|p2a: Mojoncito
|-heal|p2a: Mojoncito|100/100
|
|upkeep
|turn|38
|c|☆jonnythocolin|Tiene buena defensa
|
|t:|1779855100
|switch|p2a: Edgar|Corviknight, M, shiny|98/100 par
|move|p1a: Zamazenta|Iron Defense|p1a: Zamazenta
|-boost|p1a: Zamazenta|def|2
|
|upkeep
|turn|39
|
|t:|1779855106
|move|p1a: Zamazenta|Iron Defense|p1a: Zamazenta
|-boost|p1a: Zamazenta|def|2
|move|p2a: Edgar|Brave Bird|p1a: Zamazenta
|-supereffective|p1a: Zamazenta
|-damage|p1a: Zamazenta|53/100
|-damage|p2a: Edgar|93/100 par|[from] Recoil
|
|upkeep
|turn|40
|
|t:|1779855114
|switch|p2a: Cenorina|Skeledirge, F|100/100
|move|p1a: Zamazenta|Iron Defense|p1a: Zamazenta
|-boost|p1a: Zamazenta|def|2
|
|upkeep
|turn|41
|
|t:|1779855122
|move|p1a: Zamazenta|Iron Head|p2a: Cenorina
|-resisted|p2a: Cenorina
|-crit|p2a: Cenorina
|-damage|p2a: Cenorina|91/100
|cant|p2a: Cenorina|flinch
|
|upkeep
|turn|42
|
|t:|1779855136
|switch|p1a: Raging Bolt|Raging Bolt, tera:Electric|64/100
|-damage|p1a: Raging Bolt|51/100|[from] Stealth Rock
|move|p2a: Cenorina|Torch Song|p1a: Raging Bolt
|-damage|p1a: Raging Bolt|22/100
|-boost|p2a: Cenorina|spa|1
|
|upkeep
|turn|43
|
|t:|1779855145
|switch|p2a: Mojoncito|Clodsire, M|100/100
|move|p1a: Raging Bolt|Thunderclap||[still]
|-fail|p1a: Raging Bolt
|
|upkeep
|turn|44
|
|t:|1779855151
|move|p1a: Raging Bolt|Draco Meteor|p2a: Mojoncito
|-damage|p2a: Mojoncito|62/100
|-unboost|p1a: Raging Bolt|spa|2
|move|p2a: Mojoncito|Earthquake|p1a: Raging Bolt
|-supereffective|p1a: Raging Bolt
|-damage|p1a: Raging Bolt|0 fnt
|faint|p1a: Raging Bolt
|-end|p1a: Raging Bolt|Protosynthesis|[silent]
|
|-heal|p2a: Mojoncito|68/100|[from] item: Leftovers
|upkeep
|
|t:|1779855173
|switch|p1a: Zamazenta|Zamazenta|53/100
|-damage|p1a: Zamazenta|47/100|[from] Stealth Rock
|turn|45
|
|t:|1779855180
|switch|p2a: Edgar|Corviknight, M, shiny|93/100 par
|move|p1a: Zamazenta|Iron Defense|p1a: Zamazenta
|-boost|p1a: Zamazenta|def|2
|
|upkeep
|turn|46
|
|t:|1779855186
|move|p1a: Zamazenta|Iron Defense|p1a: Zamazenta
|-boost|p1a: Zamazenta|def|2
|move|p2a: Edgar|Brave Bird|p1a: Zamazenta
|-supereffective|p1a: Zamazenta
|-damage|p1a: Zamazenta|31/100
|-damage|p2a: Edgar|89/100 par|[from] Recoil
|
|upkeep
|turn|47
|
|t:|1779855195
|move|p1a: Zamazenta|Body Press|p2a: Edgar
|-damage|p2a: Edgar|9/100 par
|cant|p2a: Edgar|par
|
|upkeep
|turn|48
|
|t:|1779855202
|move|p1a: Zamazenta|Iron Head|p2a: Edgar
|-resisted|p2a: Edgar
|-damage|p2a: Edgar|2/100 par
|cant|p2a: Edgar|par
|
|upkeep
|turn|49
|
|t:|1779855209
|move|p1a: Zamazenta|Iron Head|p2a: Edgar
|-resisted|p2a: Edgar
|-damage|p2a: Edgar|0 fnt
|faint|p2a: Edgar
|
|upkeep
|
|t:|1779855214
|switch|p2a: Cenorina|Skeledirge, F|91/100
|turn|50
|
|t:|1779855231
|move|p1a: Zamazenta|Iron Head|p2a: Cenorina
|-resisted|p2a: Cenorina
|-damage|p2a: Cenorina|84/100
|move|p2a: Cenorina|Torch Song|p1a: Zamazenta
|-damage|p1a: Zamazenta|4/100
|-boost|p2a: Cenorina|spa|1
|
|upkeep
|turn|51
|
|t:|1779855240
|move|p1a: Zamazenta|Rest|p1a: Zamazenta
|-status|p1a: Zamazenta|slp|[from] move: Rest
|-heal|p1a: Zamazenta|100/100 slp|[silent]
|-enditem|p1a: Zamazenta|Chesto Berry|[eat]
|-curestatus|p1a: Zamazenta|slp|[msg]
|move|p2a: Cenorina|Slack Off|p2a: Cenorina
|-heal|p2a: Cenorina|100/100
|
|upkeep
|turn|52
|c|☆jonnythocolin|No me esperaba ése descanso
|
|t:|1779855265
|move|p1a: Zamazenta|Iron Head|p2a: Cenorina
|-resisted|p2a: Cenorina
|-damage|p2a: Cenorina|94/100
|cant|p2a: Cenorina|flinch
|
|upkeep
|turn|53
|
|t:|1779855274
|move|p1a: Zamazenta|Iron Head|p2a: Cenorina
|-resisted|p2a: Cenorina
|-damage|p2a: Cenorina|88/100
|cant|p2a: Cenorina|flinch
|
|upkeep
|turn|54
|c|☆asdddddddssd|ahora la suerte
|
|t:|1779855286
|move|p1a: Zamazenta|Iron Head|p2a: Cenorina
|-resisted|p2a: Cenorina
|-damage|p2a: Cenorina|82/100
|cant|p2a: Cenorina|flinch
|
|upkeep
|turn|55
|c|☆asdddddddssd|jajaja me pasa siempre lo mismo
|c|☆asdddddddssd|este escenario
|c|☆jonnythocolin|Lol, 3 veces seguidas
|
|t:|1779855302
|move|p1a: Zamazenta|Iron Head|p2a: Cenorina
|-resisted|p2a: Cenorina
|-damage|p2a: Cenorina|76/100
|cant|p2a: Cenorina|flinch
|
|upkeep
|turn|56
|c|☆asdddddddssd|debe ser la tercera vez que me pasa
|c|☆jonnythocolin|Estoy empezando a encabronarme
|
|t:|1779855320
|move|p1a: Zamazenta|Iron Head|p2a: Cenorina
|-resisted|p2a: Cenorina
|-damage|p2a: Cenorina|69/100
|move|p2a: Cenorina|Will-O-Wisp|p1a: Zamazenta|[miss]
|-miss|p2a: Cenorina|p1a: Zamazenta
|
|upkeep
|turn|57
|
|t:|1779855327
|move|p1a: Zamazenta|Iron Head|p2a: Cenorina
|-resisted|p2a: Cenorina
|-damage|p2a: Cenorina|64/100
|move|p2a: Cenorina|Slack Off|p2a: Cenorina
|-heal|p2a: Cenorina|100/100
|
|upkeep
|turn|58
|
|t:|1779855334
|move|p1a: Zamazenta|Iron Head|p2a: Cenorina
|-resisted|p2a: Cenorina
|-damage|p2a: Cenorina|94/100
|move|p2a: Cenorina|Torch Song|p1a: Zamazenta
|-damage|p1a: Zamazenta|59/100
|-boost|p2a: Cenorina|spa|1
|
|upkeep
|turn|59
|
|t:|1779855342
|move|p1a: Zamazenta|Iron Head|p2a: Cenorina
|-resisted|p2a: Cenorina
|-damage|p2a: Cenorina|87/100
|move|p2a: Cenorina|Torch Song|p1a: Zamazenta
|-damage|p1a: Zamazenta|3/100
|-boost|p2a: Cenorina|spa|1
|
|upkeep
|turn|60
|
|t:|1779855352
|move|p1a: Zamazenta|Iron Head|p2a: Cenorina
|-resisted|p2a: Cenorina
|-damage|p2a: Cenorina|80/100
|move|p2a: Cenorina|Torch Song|p1a: Zamazenta
|-damage|p1a: Zamazenta|0 fnt
|-boost|p2a: Cenorina|spa|1
|faint|p1a: Zamazenta
|
|upkeep
|c|☆jonnythocolin|4 veces seguidas 7u7
|
|t:|1779855361
|switch|p1a: Dragapult|Dragapult, M|15/100 brn
|-damage|p1a: Dragapult|3/100 brn|[from] Stealth Rock
|turn|61
|c|☆asdddddddssd|bueno gg
|
|t:|1779855366
|-terastallize|p2a: Cenorina|Fairy
|move|p1a: Dragapult|Shadow Ball|p2a: Cenorina
|-damage|p2a: Cenorina|26/100
|move|p2a: Cenorina|Hex|p1a: Dragapult
|-supereffective|p1a: Dragapult
|-damage|p1a: Dragapult|0 fnt
|faint|p1a: Dragapult
|
|win|jonnythocolin
|raw|asdddddddssd's rating: 1298 &rarr; <strong>1271</strong><br />(-27 for losing)
|raw|jonnythocolin's rating: 1265 &rarr; <strong>1292</strong><br />(+27 for winning)
|c|☆asdddddddssd|vas a hacer que me ponga algo agua
|c|☆jonnythocolin|gg
|c|☆asdddddddssd|en el equipo
|c|☆jonnythocolin|bro
|c|☆jonnythocolin|O hielo, o psíquico o tierra sobre todo
|l|☆jonnythocolin
|player|p2|
|c|☆asdddddddssd|si
