|j|☆Nateg23
|j|☆mikhailnik
|t:|1779817962
|gametype|singles
|player|p1|Nateg23|1|1123
|player|p2|mikhailnik|265|1147
|gen|9
|tier|[Gen 9] OU
|rated|
|rule|HP Percentage Mod: HP is shown in percentages
|rule|Endless Battle Clause: Forcing endless battles is banned
|rule|Species Clause: Limit one of each Pokémon
|rule|OHKO Clause: OHKO moves are banned
|rule|Evasion Items Clause: Evasion items are banned
|rule|Evasion Moves Clause: Evasion moves are banned
|rule|Evasion Abilities Clause: Evasion abilities are banned
|rule|Sleep Moves Clause: Sleep-inducing moves are banned
|clearpoke
|poke|p1|Iron Jugulis|
|poke|p1|Dragonite, M|
|poke|p1|Toxicroak, M|
|poke|p1|Lucario, M|
|poke|p1|Gyarados, M|
|poke|p1|Talonflame, F|
|poke|p2|Exeggutor, F|
|poke|p2|Cloyster, M|
|poke|p2|Galvantula, F|
|poke|p2|Glimmora, M|
|poke|p2|Sableye, M|
|poke|p2|Ceruledge, M|
|teampreview
|
|t:|1779817985
|teamsize|p1|6
|teamsize|p2|6
|start
|switch|p1a: Talonflame|Talonflame, F|100/100
|switch|p2a: Galvantula|Galvantula, F|100/100
|turn|1
|
|t:|1779817991
|move|p1a: Talonflame|Heat Wave|p2a: Galvantula
|-supereffective|p2a: Galvantula
|-enditem|p2a: Galvantula|Focus Sash
|-damage|p2a: Galvantula|1/100
|move|p2a: Galvantula|Thunder Wave|p1a: Talonflame
|-status|p1a: Talonflame|par
|
|upkeep
|turn|2
|
|t:|1779818001
|move|p1a: Talonflame|Tailwind|p1a: Talonflame
|-sidestart|p1: Nateg23|move: Tailwind
|move|p2a: Galvantula|Thunder|p1a: Talonflame
|-supereffective|p1a: Talonflame
|-damage|p1a: Talonflame|0 fnt
|faint|p1a: Talonflame
|
|upkeep
|
|t:|1779818018
|switch|p1a: Lucario|Lucario, M|100/100
|turn|3
|
|t:|1779818021
|move|p1a: Lucario|Extreme Speed|p2a: Galvantula
|-damage|p2a: Galvantula|0 fnt
|faint|p2a: Galvantula
|
|upkeep
|
|t:|1779818026
|switch|p2a: Sableye|Sableye, M|100/100
|turn|4
|
|t:|1779818036
|move|p2a: Sableye|Encore|p1a: Lucario
|-start|p1a: Lucario|Encore
|move|p1a: Lucario|Extreme Speed|p2a: Sableye
|-immune|p2a: Sableye
|
|-damage|p2a: Sableye|88/100|[from] item: Black Sludge
|upkeep
|turn|5
|
|t:|1779818046
|switch|p1a: Iron Jugulis|Iron Jugulis|100/100
|-enditem|p1a: Iron Jugulis|Booster Energy
|-activate|p1a: Iron Jugulis|ability: Quark Drive|[fromitem]
|-start|p1a: Iron Jugulis|quarkdrivespe
|move|p2a: Sableye|Trick|p1a: Iron Jugulis
|-hint|Since gen 7, Dark is immune to Prankster moves.
|-immune|p1a: Iron Jugulis
|
|-damage|p2a: Sableye|76/100|[from] item: Black Sludge
|-sideend|p1: Nateg23|move: Tailwind
|upkeep
|turn|6
|
|t:|1779818061
|switch|p2a: Glimmora|Glimmora, M|100/100
|-item|p2a: Glimmora|Air Balloon
|move|p1a: Iron Jugulis|Dark Pulse|p2a: Glimmora
|-damage|p2a: Glimmora|56/100
|-enditem|p2a: Glimmora|Air Balloon
|
|upkeep
|turn|7
|
|t:|1779818072
|move|p1a: Iron Jugulis|Hydro Pump|p2a: Glimmora
|-supereffective|p2a: Glimmora
|-damage|p2a: Glimmora|0 fnt
|faint|p2a: Glimmora
|
|upkeep
|
|t:|1779818078
|switch|p2a: Cloyster|Cloyster, M|100/100
|turn|8
|
|t:|1779818093
|move|p1a: Iron Jugulis|Work Up|p1a: Iron Jugulis
|-boost|p1a: Iron Jugulis|atk|1
|-boost|p1a: Iron Jugulis|spa|1
|move|p2a: Cloyster|Shell Smash|p2a: Cloyster
|-unboost|p2a: Cloyster|def|1
|-unboost|p2a: Cloyster|spd|1
|-boost|p2a: Cloyster|atk|2
|-boost|p2a: Cloyster|spa|2
|-boost|p2a: Cloyster|spe|2
|
|upkeep
|turn|9
|
|t:|1779818105
|move|p1a: Iron Jugulis|Dark Pulse|p2a: Cloyster
|-enditem|p2a: Cloyster|Focus Sash
|-damage|p2a: Cloyster|1/100
|move|p2a: Cloyster|Shell Smash|p2a: Cloyster
|-unboost|p2a: Cloyster|def|1
|-unboost|p2a: Cloyster|spd|1
|-boost|p2a: Cloyster|atk|2
|-boost|p2a: Cloyster|spa|2
|-boost|p2a: Cloyster|spe|2
|
|upkeep
|turn|10
|
|t:|1779818116
|move|p2a: Cloyster|Icicle Spear|p1a: Iron Jugulis
|-supereffective|p1a: Iron Jugulis
|-damage|p1a: Iron Jugulis|14/100
|-supereffective|p1a: Iron Jugulis
|-damage|p1a: Iron Jugulis|0 fnt
|faint|p1a: Iron Jugulis
|-end|p1a: Iron Jugulis|Quark Drive|[silent]
|-hitcount|p1: Iron Jugulis|2
|
|upkeep
|
|t:|1779818124
|switch|p1a: Lucario|Lucario, M|100/100
|turn|11
|
|t:|1779818130
|switch|p2a: Ceruledge|Ceruledge, M|100/100
|move|p1a: Lucario|Extreme Speed|p2a: Ceruledge
|-immune|p2a: Ceruledge
|
|upkeep
|turn|12
|
|t:|1779818143
|-terastallize|p1a: Lucario|Normal
|move|p2a: Ceruledge|Bulk Up|p2a: Ceruledge
|-boost|p2a: Ceruledge|atk|1
|-boost|p2a: Ceruledge|def|1
|move|p1a: Lucario|Meteor Mash|p2a: Ceruledge
|-resisted|p2a: Ceruledge
|-damage|p2a: Ceruledge|80/100
|-ability|p2a: Ceruledge|Weak Armor|boost
|-unboost|p2a: Ceruledge|def|1
|-boost|p2a: Ceruledge|spe|2
|
|upkeep
|turn|13
|
|t:|1779818155
|switch|p1a: Gyarados|Gyarados, M|100/100
|move|p2a: Ceruledge|Bulk Up|p2a: Ceruledge
|-boost|p2a: Ceruledge|atk|1
|-boost|p2a: Ceruledge|def|1
|
|upkeep
|turn|14
|
|t:|1779818163
|move|p2a: Ceruledge|Bitter Blade|p1a: Gyarados
|-resisted|p1a: Gyarados
|-damage|p1a: Gyarados|41/100
|-heal|p2a: Ceruledge|100/100|[from] drain|[of] p1a: Gyarados
|move|p1a: Gyarados|Waterfall|p2a: Ceruledge
|-supereffective|p2a: Ceruledge
|-damage|p2a: Ceruledge|19/100
|-ability|p2a: Ceruledge|Weak Armor|boost
|-unboost|p2a: Ceruledge|def|1
|-boost|p2a: Ceruledge|spe|2
|
|-heal|p1a: Gyarados|47/100|[from] item: Leftovers
|upkeep
|turn|15
|
|t:|1779818175
|move|p2a: Ceruledge|Bitter Blade|p1a: Gyarados
|-resisted|p1a: Gyarados
|-damage|p1a: Gyarados|0 fnt
|-heal|p2a: Ceruledge|46/100|[from] drain|[of] p1a: Gyarados
|faint|p1a: Gyarados
|
|upkeep
|
|t:|1779818182
|switch|p1a: Toxicroak|Toxicroak, M|100/100
|turn|16
|
|t:|1779818185
|move|p1a: Toxicroak|Sucker Punch|p2a: Ceruledge
|-supereffective|p2a: Ceruledge
|-damage|p2a: Ceruledge|0 fnt
|faint|p2a: Ceruledge
|
|upkeep
|
|t:|1779818191
|switch|p2a: Cloyster|Cloyster, M|1/100
|turn|17
|
|t:|1779818197
|move|p2a: Cloyster|Shell Smash|p2a: Cloyster
|-unboost|p2a: Cloyster|def|1
|-unboost|p2a: Cloyster|spd|1
|-boost|p2a: Cloyster|atk|2
|-boost|p2a: Cloyster|spa|2
|-boost|p2a: Cloyster|spe|2
|move|p1a: Toxicroak|Gunk Shot|p2a: Cloyster
|-damage|p2a: Cloyster|0 fnt
|faint|p2a: Cloyster
|
|upkeep
|
|t:|1779818201
|switch|p2a: Sableye|Sableye, M|76/100
|turn|18
|
|t:|1779818210
|move|p2a: Sableye|Sunny Day|p2a: Sableye
|-weather|SunnyDay
|move|p1a: Toxicroak|Gunk Shot|p2a: Sableye
|-resisted|p2a: Sableye
|-damage|p2a: Sableye|46/100
|-status|p2a: Sableye|psn
|
|-weather|SunnyDay|[upkeep]
|-damage|p2a: Sableye|34/100 psn|[from] item: Black Sludge
|-damage|p2a: Sableye|22/100 psn|[from] psn
|upkeep
|turn|19
|
|t:|1779818224
|move|p2a: Sableye|Pain Split|p1a: Toxicroak
|-sethp|p1a: Toxicroak|61/100|[from] move: Pain Split|[silent]
|-sethp|p2a: Sableye|62/100 psn|[from] move: Pain Split
|move|p1a: Toxicroak|Gunk Shot|p2a: Sableye
|-resisted|p2a: Sableye
|-damage|p2a: Sableye|34/100 psn
|
|-weather|SunnyDay|[upkeep]
|-damage|p2a: Sableye|22/100 psn|[from] item: Black Sludge
|-damage|p2a: Sableye|10/100 psn|[from] psn
|upkeep
|turn|20
|
|t:|1779818236
|move|p2a: Sableye|Pain Split|p1a: Toxicroak
|-sethp|p1a: Toxicroak|35/100|[from] move: Pain Split|[silent]
|-sethp|p2a: Sableye|36/100 psn|[from] move: Pain Split
|move|p1a: Toxicroak|Gunk Shot|p2a: Sableye
|-resisted|p2a: Sableye
|-damage|p2a: Sableye|8/100 psn
|
|-weather|SunnyDay|[upkeep]
|-damage|p2a: Sableye|0 fnt|[from] item: Black Sludge
|faint|p2a: Sableye
|upkeep
|
|t:|1779818244
|switch|p2a: Exeggutor|Exeggutor, F|100/100
|turn|21
|
|t:|1779818249
|switch|p1a: Dragonite|Dragonite, M|100/100
|-terastallize|p2a: Exeggutor|Poison
|move|p2a: Exeggutor|Substitute|p2a: Exeggutor
|-start|p2a: Exeggutor|Substitute
|-damage|p2a: Exeggutor|76/100
|
|-weather|SunnyDay|[upkeep]
|upkeep
|turn|22
|
|t:|1779818262
|move|p2a: Exeggutor|Substitute|p2a: Exeggutor
|-fail|p2a: Exeggutor|move: Substitute
|move|p1a: Dragonite|Fire Punch|p2a: Exeggutor
|-end|p2a: Exeggutor|Substitute
|
|-weather|none
|upkeep
|turn|23
|
|t:|1779818271
|move|p2a: Exeggutor|Substitute|p2a: Exeggutor
|-start|p2a: Exeggutor|Substitute
|-damage|p2a: Exeggutor|51/100
|move|p1a: Dragonite|Dragon Rush|p2a: Exeggutor
|-end|p2a: Exeggutor|Substitute
|
|upkeep
|turn|24
|
|t:|1779818278
|move|p2a: Exeggutor|Substitute|p2a: Exeggutor
|-start|p2a: Exeggutor|Substitute
|-damage|p2a: Exeggutor|26/100
|move|p1a: Dragonite|Dragon Rush|p2a: Exeggutor
|-end|p2a: Exeggutor|Substitute
|
|upkeep
|turn|25
|
|t:|1779818284
|move|p2a: Exeggutor|Substitute|p2a: Exeggutor
|-start|p2a: Exeggutor|Substitute
|-damage|p2a: Exeggutor|1/100
|-enditem|p2a: Exeggutor|Starf Berry|[eat]
|-boost|p2a: Exeggutor|def|2|[from] item: Starf Berry
|move|p1a: Dragonite|Dragon Rush|p2a: Exeggutor
|-end|p2a: Exeggutor|Substitute
|
|-item|p2a: Exeggutor|Starf Berry|[from] ability: Harvest
|upkeep
|-enditem|p2a: Exeggutor|Starf Berry|[eat]
|-boost|p2a: Exeggutor|atk|2|[from] item: Starf Berry
|turn|26
|
|t:|1779818297
|move|p1a: Dragonite|Extreme Speed|p2a: Exeggutor
|-damage|p2a: Exeggutor|0 fnt
|faint|p2a: Exeggutor
|
|win|Nateg23
|raw|Nateg23's rating: 1123 &rarr; <strong>1150</strong><br />(+27 for winning)
|raw|mikhailnik's rating: 1147 &rarr; <strong>1120</strong><br />(-27 for losing)
|l|☆mikhailnik
|player|p2|
