|j|☆claudechamp
|j|‽Doug Douglasson
|t:|1779871879
|gametype|singles
|player|p1|claudechamp|169|1247
|player|p2|Doug Douglasson|hiker-gen4|1221
|gen|9
|tier|[Gen 9] OU
|rated|
|rule|HP Percentage Mod: HP is shown in percentages
|rule|Endless Battle Clause: Forcing endless battles is banned
|rule|Species Clause: Limit one of each Pokémon
|rule|OHKO Clause: OHKO moves are banned
|rule|Evasion Items Clause: Evasion items are banned
|rule|Evasion Moves Clause: Evasion moves are banned
|rule|Evasion Abilities Clause: Evasion abilities are banned
|rule|Sleep Moves Clause: Sleep-inducing moves are banned
|clearpoke
|poke|p1|Gliscor, F|
|poke|p1|Ogerpon, F|
|poke|p1|Walking Wake|
|poke|p1|Blissey, F|
|poke|p1|Corviknight, F|
|poke|p1|Pecharunt|
|poke|p2|Iron Moth|
|poke|p2|Gliscor, F|
|poke|p2|Hatterene, F|
|poke|p2|Ogerpon-Wellspring, F|
|poke|p2|Raging Bolt|
|poke|p2|Zamazenta-*|
|teampreview
|c|☆claudechamp|hf
|inactive|Battle timer is ON: inactive players will automatically lose when time's up. (requested by Doug Douglasson)
|inactive|claudechamp also wants the timer to be on.
|
|t:|1779871886
|teamsize|p1|6
|teamsize|p2|6
|start
|switch|p1a: Gliscor|Gliscor, F|100/100
|switch|p2a: Zamazenta|Zamazenta|100/100
|-ability|p2a: Zamazenta|Dauntless Shield|boost
|-boost|p2a: Zamazenta|def|1
|turn|1
|
|t:|1779871899
|switch|p2a: Hatterene|Hatterene, F|100/100
|move|p1a: Gliscor|Spikes|p2a: Hatterene
|move|p2a: Hatterene|Spikes|p1a: Gliscor|[from] ability: Magic Bounce
|-sidestart|p1: claudechamp|Spikes
|
|-status|p1a: Gliscor|tox|[from] item: Toxic Orb
|upkeep
|turn|2
|
|t:|1779871913
|move|p1a: Gliscor|Earthquake|p2a: Hatterene
|-damage|p2a: Hatterene|74/100
|move|p2a: Hatterene|Calm Mind|p2a: Hatterene
|-boost|p2a: Hatterene|spa|1
|-boost|p2a: Hatterene|spd|1
|
|-heal|p2a: Hatterene|80/100|[from] item: Leftovers
|upkeep
|turn|3
|
|t:|1779871923
|move|p1a: Gliscor|Earthquake|p2a: Hatterene
|-damage|p2a: Hatterene|54/100
|move|p2a: Hatterene|Calm Mind|p2a: Hatterene
|-boost|p2a: Hatterene|spa|1
|-boost|p2a: Hatterene|spd|1
|
|-heal|p2a: Hatterene|60/100|[from] item: Leftovers
|upkeep
|turn|4
|
|t:|1779871928
|move|p1a: Gliscor|Earthquake|p2a: Hatterene
|-damage|p2a: Hatterene|30/100
|move|p2a: Hatterene|Draining Kiss|p1a: Gliscor
|-damage|p1a: Gliscor|62/100 tox
|-heal|p2a: Hatterene|62/100|[from] drain|[of] p1a: Gliscor
|
|-heal|p2a: Hatterene|68/100|[from] item: Leftovers
|-heal|p1a: Gliscor|75/100 tox|[from] ability: Poison Heal
|upkeep
|turn|5
|
|t:|1779871942
|move|p1a: Gliscor|Earthquake|p2a: Hatterene
|-damage|p2a: Hatterene|37/100
|move|p2a: Hatterene|Mystical Fire|p1a: Gliscor
|-damage|p1a: Gliscor|39/100 tox
|-unboost|p1a: Gliscor|spa|1
|
|-heal|p2a: Hatterene|43/100|[from] item: Leftovers
|-heal|p1a: Gliscor|51/100 tox|[from] ability: Poison Heal
|upkeep
|turn|6
|
|t:|1779871949
|switch|p1a: Pecharunt|Pecharunt|100/100
|move|p2a: Hatterene|Draining Kiss|p1a: Pecharunt
|-resisted|p1a: Pecharunt
|-damage|p1a: Pecharunt|79/100
|-heal|p2a: Hatterene|63/100|[from] drain|[of] p1a: Pecharunt
|
|-heal|p2a: Hatterene|69/100|[from] item: Leftovers
|upkeep
|turn|7
|
|t:|1779871963
|switch|p2a: Zamazenta|Zamazenta|100/100
|move|p1a: Pecharunt|Malignant Chain|p2a: Zamazenta
|-damage|p2a: Zamazenta|75/100
|
|upkeep
|turn|8
|
|t:|1779871971
|move|p2a: Zamazenta|Light Screen|p2a: Zamazenta
|-sidestart|p2: Doug Douglasson|move: Light Screen
|move|p1a: Pecharunt|Malignant Chain|p2a: Zamazenta
|-damage|p2a: Zamazenta|64/100
|
|upkeep
|turn|9
|
|t:|1779871979
|move|p2a: Zamazenta|Reflect|p2a: Zamazenta
|-sidestart|p2: Doug Douglasson|Reflect
|move|p1a: Pecharunt|Malignant Chain|p2a: Zamazenta
|-damage|p2a: Zamazenta|51/100
|
|upkeep
|turn|10
|
|t:|1779871987
|move|p2a: Zamazenta|Ice Fang|p1a: Pecharunt
|-crit|p1a: Pecharunt
|-damage|p1a: Pecharunt|67/100
|move|p1a: Pecharunt|Recover|p1a: Pecharunt
|-heal|p1a: Pecharunt|100/100
|
|upkeep
|turn|11
|
|t:|1779872001
|switch|p2a: Gliscor|Gliscor, F|100/100
|move|p1a: Pecharunt|Parting Shot|p2a: Gliscor
|-unboost|p2a: Gliscor|atk|1
|-unboost|p2a: Gliscor|spa|1
|
|t:|1779872004
|switch|p1a: Blissey|Blissey, F|100/100|[from] Parting Shot
|
|-status|p2a: Gliscor|tox|[from] item: Toxic Orb
|upkeep
|turn|12
|
|t:|1779872013
|move|p2a: Gliscor|Agility|p2a: Gliscor
|-boost|p2a: Gliscor|spe|2
|move|p1a: Blissey|Seismic Toss|p2a: Gliscor
|-damage|p2a: Gliscor|71/100 tox
|
|-heal|p2a: Gliscor|83/100 tox|[from] ability: Poison Heal
|upkeep
|turn|13
|
|t:|1779872024
|move|p2a: Gliscor|Swords Dance|p2a: Gliscor
|-boost|p2a: Gliscor|atk|2
|move|p1a: Blissey|Seismic Toss|p2a: Gliscor
|-damage|p2a: Gliscor|53/100 tox
|
|-heal|p2a: Gliscor|65/100 tox|[from] ability: Poison Heal
|upkeep
|turn|14
|
|t:|1779872031
|move|p2a: Gliscor|Swords Dance|p2a: Gliscor
|-boost|p2a: Gliscor|atk|2
|move|p1a: Blissey|Seismic Toss|p2a: Gliscor
|-damage|p2a: Gliscor|35/100 tox
|
|-heal|p2a: Gliscor|48/100 tox|[from] ability: Poison Heal
|upkeep
|turn|15
|
|t:|1779872042
|move|p2a: Gliscor|Facade|p1a: Blissey
|-damage|p1a: Blissey|0 fnt
|faint|p1a: Blissey
|
|-heal|p2a: Gliscor|60/100 tox|[from] ability: Poison Heal
|-sideend|p2: Doug Douglasson|move: Light Screen
|upkeep
|
|t:|1779872054
|switch|p1a: Pecharunt|Pecharunt|100/100
|turn|16
|
|t:|1779872068
|move|p2a: Gliscor|Earthquake|p1a: Pecharunt
|-supereffective|p1a: Pecharunt
|-damage|p1a: Pecharunt|0 fnt
|faint|p1a: Pecharunt
|
|-heal|p2a: Gliscor|72/100 tox|[from] ability: Poison Heal
|-sideend|p2: Doug Douglasson|Reflect
|upkeep
|
|t:|1779872079
|switch|p1a: Corviknight|Corviknight, F|100/100
|-ability|p1a: Corviknight|Pressure
|turn|17
|
|t:|1779872093
|switch|p2a: Zamazenta|Zamazenta|51/100
|move|p1a: Corviknight|Body Press|p2a: Zamazenta
|-damage|p2a: Zamazenta|29/100
|
|upkeep
|turn|18
|
|t:|1779872103
|move|p2a: Zamazenta|Reflect|p2a: Zamazenta
|-sidestart|p2: Doug Douglasson|Reflect
|move|p1a: Corviknight|U-turn|p2a: Zamazenta
|-resisted|p2a: Zamazenta
|-damage|p2a: Zamazenta|26/100
|
|t:|1779872123
|switch|p1a: Walking Wake|Walking Wake|100/100|[from] U-turn
|
|upkeep
|turn|19
|
|t:|1779872129
|move|p2a: Zamazenta|Light Screen|p2a: Zamazenta
|-sidestart|p2: Doug Douglasson|move: Light Screen
|move|p1a: Walking Wake|Surf|p2a: Zamazenta
|-damage|p2a: Zamazenta|9/100
|
|upkeep
|turn|20
|
|t:|1779872142
|move|p2a: Zamazenta|Close Combat|p1a: Walking Wake
|-damage|p1a: Walking Wake|46/100
|-unboost|p2a: Zamazenta|def|1
|-unboost|p2a: Zamazenta|spd|1
|move|p1a: Walking Wake|Surf|p2a: Zamazenta
|-damage|p2a: Zamazenta|0 fnt
|faint|p2a: Zamazenta
|
|upkeep
|
|t:|1779872161
|switch|p2a: Raging Bolt|Raging Bolt|100/100
|-enditem|p2a: Raging Bolt|Booster Energy
|-activate|p2a: Raging Bolt|ability: Protosynthesis|[fromitem]
|-start|p2a: Raging Bolt|protosynthesisspa
|turn|21
|
|t:|1779872165
|move|p2a: Raging Bolt|Thunderclap|p1a: Walking Wake
|-damage|p1a: Walking Wake|0 fnt
|faint|p1a: Walking Wake
|-end|p1a: Walking Wake|Protosynthesis|[silent]
|
|upkeep
|
|t:|1779872183
|switch|p1a: Ogerpon|Ogerpon, F|100/100
|turn|22
|
|t:|1779872195
|move|p1a: Ogerpon|Encore|p2a: Raging Bolt
|-start|p2a: Raging Bolt|Encore
|move|p2a: Raging Bolt|Thunderclap||[still]
|-fail|p2a: Raging Bolt
|
|upkeep
|turn|23
|
|t:|1779872207
|-end|p2a: Raging Bolt|Protosynthesis|[silent]
|switch|p2a: Hatterene|Hatterene, F|69/100
|move|p1a: Ogerpon|U-turn|p2a: Hatterene
|-damage|p2a: Hatterene|59/100
|
|t:|1779872209
|switch|p1a: Corviknight|Corviknight, F|100/100|[from] U-turn
|-ability|p1a: Corviknight|Pressure
|
|-heal|p2a: Hatterene|65/100|[from] item: Leftovers
|upkeep
|turn|24
|
|t:|1779872216
|move|p1a: Corviknight|U-turn|p2a: Hatterene
|-damage|p2a: Hatterene|59/100
|
|t:|1779872223
|switch|p1a: Ogerpon|Ogerpon, F|100/100|[from] U-turn
|move|p2a: Hatterene|Mystical Fire|p1a: Ogerpon
|-supereffective|p1a: Ogerpon
|-damage|p1a: Ogerpon|50/100
|-unboost|p1a: Ogerpon|spa|1
|-ability|p1a: Ogerpon|Defiant|boost
|-boost|p1a: Ogerpon|atk|2
|
|-heal|p2a: Hatterene|65/100|[from] item: Leftovers
|upkeep
|turn|25
|
|t:|1779872237
|move|p1a: Ogerpon|Ivy Cudgel|p2a: Hatterene
|-damage|p2a: Hatterene|22/100
|move|p2a: Hatterene|Mystical Fire|p1a: Ogerpon
|-supereffective|p1a: Ogerpon
|-damage|p1a: Ogerpon|0 fnt
|faint|p1a: Ogerpon
|
|-heal|p2a: Hatterene|28/100|[from] item: Leftovers
|-sideend|p2: Doug Douglasson|Reflect
|upkeep
|
|t:|1779872240
|switch|p1a: Corviknight|Corviknight, F|100/100
|-ability|p1a: Corviknight|Pressure
|turn|26
|
|t:|1779872254
|move|p1a: Corviknight|U-turn|p2a: Hatterene
|-damage|p2a: Hatterene|15/100
|
|t:|1779872261
|switch|p1a: Gliscor|Gliscor, F|51/100 tox|[from] U-turn
|move|p2a: Hatterene|Mystical Fire|p1a: Gliscor
|-damage|p1a: Gliscor|32/100 tox
|-unboost|p1a: Gliscor|spa|1
|
|-heal|p2a: Hatterene|21/100|[from] item: Leftovers
|-heal|p1a: Gliscor|45/100 tox|[from] ability: Poison Heal
|-sideend|p2: Doug Douglasson|move: Light Screen
|upkeep
|turn|27
|
|t:|1779872274
|move|p1a: Gliscor|Earthquake|p2a: Hatterene
|-damage|p2a: Hatterene|0 fnt
|faint|p2a: Hatterene
|
|-heal|p1a: Gliscor|57/100 tox|[from] ability: Poison Heal
|upkeep
|
|t:|1779872282
|switch|p2a: Gliscor|Gliscor, F|72/100 tox
|turn|28
|
|t:|1779872288
|switch|p1a: Corviknight|Corviknight, F|100/100
|-ability|p1a: Corviknight|Pressure
|move|p2a: Gliscor|Agility|p2a: Gliscor
|-boost|p2a: Gliscor|spe|2
|
|-heal|p2a: Gliscor|84/100 tox|[from] ability: Poison Heal
|upkeep
|turn|29
|
|t:|1779872297
|move|p2a: Gliscor|Swords Dance|p2a: Gliscor
|-boost|p2a: Gliscor|atk|2
|move|p1a: Corviknight|U-turn|p2a: Gliscor
|-resisted|p2a: Gliscor
|-damage|p2a: Gliscor|78/100 tox
|
|t:|1779872305
|switch|p1a: Gliscor|Gliscor, F|57/100 tox|[from] U-turn
|
|-heal|p2a: Gliscor|91/100 tox|[from] ability: Poison Heal
|-heal|p1a: Gliscor|70/100 tox|[from] ability: Poison Heal
|upkeep
|turn|30
|
|t:|1779872314
|move|p2a: Gliscor|Swords Dance|p2a: Gliscor
|-boost|p2a: Gliscor|atk|2
|move|p1a: Gliscor|Spikes|p2a: Gliscor
|-sidestart|p2: Doug Douglasson|Spikes
|
|-heal|p2a: Gliscor|100/100 tox|[from] ability: Poison Heal
|-heal|p1a: Gliscor|82/100 tox|[from] ability: Poison Heal
|upkeep
|turn|31
|
|t:|1779872322
|-terastallize|p1a: Gliscor|Ghost
|move|p2a: Gliscor|Swords Dance|p2a: Gliscor
|-boost|p2a: Gliscor|atk|2
|move|p1a: Gliscor|Spikes|p2a: Gliscor
|-sidestart|p2: Doug Douglasson|Spikes
|
|-heal|p1a: Gliscor|95/100 tox|[from] ability: Poison Heal
|upkeep
|turn|32
|
|t:|1779872331
|switch|p1a: Corviknight|Corviknight, F|100/100
|-ability|p1a: Corviknight|Pressure
|move|p2a: Gliscor|Earthquake|p1a: Corviknight
|-immune|p1a: Corviknight
|
|upkeep
|turn|33
|
|t:|1779872338
|move|p2a: Gliscor|Facade|p1a: Corviknight
|-resisted|p1a: Corviknight
|-damage|p1a: Corviknight|43/100
|move|p1a: Corviknight|Body Press|p2a: Gliscor
|-resisted|p2a: Gliscor
|-damage|p2a: Gliscor|89/100 tox
|
|-heal|p2a: Gliscor|100/100 tox|[from] ability: Poison Heal
|upkeep
|turn|34
|
|t:|1779872352
|move|p2a: Gliscor|Facade|p1a: Corviknight
|-resisted|p1a: Corviknight
|-damage|p1a: Corviknight|0 fnt
|faint|p1a: Corviknight
|
|upkeep
|
|t:|1779872366
|switch|p1a: Gliscor|Gliscor, F, tera:Ghost|95/100 tox
|-damage|p1a: Gliscor|82/100 tox|[from] Spikes
|turn|35
|
|t:|1779872374
|move|p1a: Gliscor|Protect|p1a: Gliscor
|-singleturn|p1a: Gliscor|Protect
|move|p2a: Gliscor|Earthquake|p1a: Gliscor
|-activate|p1a: Gliscor|move: Protect
|
|-heal|p1a: Gliscor|95/100 tox|[from] ability: Poison Heal
|upkeep
|turn|36
|
|t:|1779872382
|move|p2a: Gliscor|Earthquake|p1a: Gliscor
|-damage|p1a: Gliscor|0 fnt
|faint|p1a: Gliscor
|
|win|Doug Douglasson
|raw|claudechamp's rating: 1268 &rarr; <strong>1240</strong><br />(-28 for losing)
|raw|Doug Douglasson's rating: 1221 &rarr; <strong>1249</strong><br />(+28 for winning)
|c|☆claudechamp|gg
