|j|☆npctypebeat
|j|☆Grillo-criollo
|t:|1779933521
|gametype|singles
|player|p1|npctypebeat|102|1078
|player|p2|Grillo-criollo|102|1068
|gen|9
|tier|[Gen 9] OU
|rated|
|rule|HP Percentage Mod: HP is shown in percentages
|rule|Endless Battle Clause: Forcing endless battles is banned
|rule|Species Clause: Limit one of each Pokémon
|rule|OHKO Clause: OHKO moves are banned
|rule|Evasion Items Clause: Evasion items are banned
|rule|Evasion Moves Clause: Evasion moves are banned
|rule|Evasion Abilities Clause: Evasion abilities are banned
|rule|Sleep Moves Clause: Sleep-inducing moves are banned
|clearpoke
|poke|p1|Corviknight, F|
|poke|p1|Ting-Lu|
|poke|p1|Kyurem|
|poke|p1|Dondozo, M|
|poke|p1|Slowking-Galar, F|
|poke|p1|Cinderace, M|
|poke|p2|Gholdengo|
|poke|p2|Ting-Lu|
|poke|p2|Great Tusk|
|poke|p2|Dragapult, F|
|poke|p2|Kingambit, F|
|poke|p2|Samurott-Hisui, F|
|teampreview
|c|☆npctypebeat|hf
|
|t:|1779933537
|teamsize|p1|6
|teamsize|p2|6
|start
|switch|p1a: Cinderace|Cinderace, M|100/100
|switch|p2a: Samurott|Samurott-Hisui, F|100/100
|turn|1
|inactive|Battle timer is ON: inactive players will automatically lose when time's up. (requested by Grillo-criollo)
|inactive|npctypebeat also wants the timer to be on.
|
|t:|1779933551
|move|p1a: Cinderace|Pyro Ball|p2a: Samurott
|-resisted|p2a: Samurott
|-damage|p2a: Samurott|69/100
|move|p2a: Samurott|Ceaseless Edge|p1a: Cinderace
|-damage|p1a: Cinderace|51/100
|-sidestart|p1: npctypebeat|Spikes
|
|upkeep
|turn|2
|
|t:|1779933564
|move|p1a: Cinderace|Will-O-Wisp|p2a: Samurott
|-status|p2a: Samurott|brn
|move|p2a: Samurott|Ceaseless Edge|p1a: Cinderace
|-damage|p1a: Cinderace|25/100
|-sidestart|p1: npctypebeat|Spikes
|
|-damage|p2a: Samurott|63/100 brn|[from] brn
|upkeep
|turn|3
|
|t:|1779933576
|move|p2a: Samurott|Aqua Jet|p1a: Cinderace
|-supereffective|p1a: Cinderace
|-damage|p1a: Cinderace|0 fnt
|faint|p1a: Cinderace
|
|-damage|p2a: Samurott|57/100 brn|[from] brn
|upkeep
|
|t:|1779933579
|switch|p1a: Corviknight|Corviknight, F|100/100
|-ability|p1a: Corviknight|Pressure
|turn|4
|
|t:|1779933597
|move|p2a: Samurott|Ceaseless Edge|p1a: Corviknight
|-damage|p1a: Corviknight|86/100
|-damage|p2a: Samurott|40/100 brn|[from] item: Rocky Helmet|[of] p1a: Corviknight
|-sidestart|p1: npctypebeat|Spikes
|move|p1a: Corviknight|Defog|p2a: Samurott
|-unboost|p2a: Samurott|evasion|1
|-sideend|p1: npctypebeat|Spikes|[from] move: Defog|[of] p1a: Corviknight
|
|-damage|p2a: Samurott|34/100 brn|[from] brn
|upkeep
|turn|5
|
|t:|1779933609
|switch|p2a: Ting-Lu|Ting-Lu|100/100
|-ability|p2a: Ting-Lu|Vessel of Ruin
|switch|p1a: Kyurem|Kyurem|100/100
|-ability|p1a: Kyurem|Pressure
|
|upkeep
|turn|6
|
|t:|1779933618
|move|p1a: Kyurem|Earth Power|p2a: Ting-Lu
|-damage|p2a: Ting-Lu|88/100
|move|p2a: Ting-Lu|Whirlwind|p1a: Kyurem
|drag|p1a: Slowking|Slowking-Galar, F|100/100
|
|upkeep
|turn|7
|
|t:|1779933627
|switch|p1a: Ting-Lu|Ting-Lu|100/100
|-ability|p1a: Ting-Lu|Vessel of Ruin
|move|p2a: Ting-Lu|Earthquake|p1a: Ting-Lu
|-damage|p1a: Ting-Lu|82/100
|
|-heal|p1a: Ting-Lu|88/100|[from] item: Leftovers
|upkeep
|turn|8
|
|t:|1779933638
|switch|p2a: Samurott|Samurott-Hisui, F|34/100 brn
|move|p1a: Ting-Lu|Earthquake|p2a: Samurott
|-damage|p2a: Samurott|0 fnt
|faint|p2a: Samurott
|
|-heal|p1a: Ting-Lu|94/100|[from] item: Leftovers
|upkeep
|
|t:|1779933648
|switch|p2a: Dragapult|Dragapult, F|100/100
|turn|9
|
|t:|1779933655
|-terastallize|p2a: Dragapult|Ghost
|move|p2a: Dragapult|Shadow Ball|p1a: Ting-Lu
|-resisted|p1a: Ting-Lu
|-damage|p1a: Ting-Lu|80/100
|move|p1a: Ting-Lu|Earthquake|p2a: Dragapult
|-damage|p2a: Dragapult|41/100
|
|-heal|p1a: Ting-Lu|87/100|[from] item: Leftovers
|upkeep
|turn|10
|
|t:|1779933666
|switch|p2a: Gholdengo|Gholdengo|100/100
|-item|p2a: Gholdengo|Air Balloon
|move|p1a: Ting-Lu|Earthquake|p2a: Gholdengo
|-immune|p2a: Gholdengo
|
|-heal|p1a: Ting-Lu|93/100|[from] item: Leftovers
|upkeep
|turn|11
|
|t:|1779933676
|move|p2a: Gholdengo|Make It Rain|p1a: Ting-Lu
|-damage|p1a: Ting-Lu|72/100
|-unboost|p2a: Gholdengo|spa|1
|move|p1a: Ting-Lu|Payback|p2a: Gholdengo
|-supereffective|p2a: Gholdengo
|-damage|p2a: Gholdengo|48/100
|-enditem|p2a: Gholdengo|Air Balloon
|
|-heal|p1a: Ting-Lu|78/100|[from] item: Leftovers
|upkeep
|turn|12
|-message|Grillo-criollo forfeited.
|
|win|npctypebeat
|raw|npctypebeat's rating: 1103 &rarr; <strong>1125</strong><br />(+22 for winning)
|raw|Grillo-criollo's rating: 1068 &rarr; <strong>1050</strong><br />(-18 for losing)
|l|☆Grillo-criollo
|player|p2|
|c|☆npctypebeat|gg
