|j|☆Celsius44
|j|☆yamper supremacy
|t:|1779815372
|gametype|singles
|player|p1|Celsius44|steven|1594
|player|p2|yamper supremacy|rood|1473
|gen|9
|tier|[Gen 9] OU
|rated|
|rule|HP Percentage Mod: HP is shown in percentages
|rule|Endless Battle Clause: Forcing endless battles is banned
|rule|Species Clause: Limit one of each Pokémon
|rule|OHKO Clause: OHKO moves are banned
|rule|Evasion Items Clause: Evasion items are banned
|rule|Evasion Moves Clause: Evasion moves are banned
|rule|Evasion Abilities Clause: Evasion abilities are banned
|rule|Sleep Moves Clause: Sleep-inducing moves are banned
|clearpoke
|poke|p1|Raging Bolt|
|poke|p1|Torkoal, M|
|poke|p1|Dragonite, M|
|poke|p1|Walking Wake|
|poke|p1|Rillaboom, F|
|poke|p1|Enamorus, F|
|poke|p2|Regieleki|
|poke|p2|Slither Wing|
|poke|p2|Pecharunt|
|poke|p2|Ogerpon-Wellspring, F|
|poke|p2|Zamazenta-*|
|poke|p2|Salamence, F|
|teampreview
|inactive|Battle timer is ON: inactive players will automatically lose when time's up. (requested by yamper supremacy)
|
|t:|1779815382
|teamsize|p1|6
|teamsize|p2|6
|start
|switch|p1a: Raging Bolt|Raging Bolt|100/100
|switch|p2a: Regieleki|Regieleki|100/100
|turn|1
|
|t:|1779815387
|move|p2a: Regieleki|Light Screen|p2a: Regieleki
|-sidestart|p2: yamper supremacy|move: Light Screen
|move|p1a: Raging Bolt|Calm Mind|p1a: Raging Bolt
|-boost|p1a: Raging Bolt|spa|1
|-boost|p1a: Raging Bolt|spd|1
|
|upkeep
|turn|2
|
|t:|1779815390
|move|p2a: Regieleki|Volt Switch|p1a: Raging Bolt
|-resisted|p1a: Raging Bolt
|-damage|p1a: Raging Bolt|95/100
|
|t:|1779815394
|switch|p2a: Slither Wing|Slither Wing|100/100|[from] Volt Switch
|move|p1a: Raging Bolt|Calm Mind|p1a: Raging Bolt
|-boost|p1a: Raging Bolt|spa|1
|-boost|p1a: Raging Bolt|spd|1
|
|-heal|p1a: Raging Bolt|100/100|[from] item: Leftovers
|upkeep
|turn|3
|
|t:|1779815402
|move|p2a: Slither Wing|First Impression|p1a: Raging Bolt
|-damage|p1a: Raging Bolt|41/100
|move|p1a: Raging Bolt|Thunderbolt|p2a: Slither Wing
|-damage|p2a: Slither Wing|45/100
|
|-heal|p1a: Raging Bolt|47/100|[from] item: Leftovers
|upkeep
|turn|4
|
|t:|1779815410
|-end|p2a: Slither Wing|Protosynthesis|[silent]
|switch|p2a: Regieleki|Regieleki|100/100
|move|p1a: Raging Bolt|Thunderclap||[still]
|-fail|p1a: Raging Bolt
|
|-heal|p1a: Raging Bolt|53/100|[from] item: Leftovers
|upkeep
|turn|5
|
|t:|1779815414
|move|p2a: Regieleki|Thunderbolt|p1a: Raging Bolt
|-resisted|p1a: Raging Bolt
|-damage|p1a: Raging Bolt|49/100
|move|p1a: Raging Bolt|Dragon Pulse|p2a: Regieleki
|-damage|p2a: Regieleki|4/100
|
|-heal|p1a: Raging Bolt|55/100|[from] item: Leftovers
|upkeep
|turn|6
|
|t:|1779815423
|move|p2a: Regieleki|Reflect|p2a: Regieleki
|-sidestart|p2: yamper supremacy|Reflect
|move|p1a: Raging Bolt|Thunderbolt|p2a: Regieleki
|-resisted|p2a: Regieleki
|-damage|p2a: Regieleki|0 fnt
|faint|p2a: Regieleki
|
|-heal|p1a: Raging Bolt|61/100|[from] item: Leftovers
|upkeep
|
|t:|1779815429
|switch|p2a: Slither Wing|Slither Wing|45/100
|turn|7
|
|t:|1779815438
|-terastallize|p1a: Raging Bolt|Fairy
|move|p2a: Slither Wing|Earthquake|p1a: Raging Bolt
|-damage|p1a: Raging Bolt|17/100
|move|p1a: Raging Bolt|Thunderbolt|p2a: Slither Wing
|-damage|p2a: Slither Wing|0 fnt
|faint|p2a: Slither Wing
|-end|p2a: Slither Wing|Protosynthesis|[silent]
|
|-heal|p1a: Raging Bolt|23/100|[from] item: Leftovers
|upkeep
|
|t:|1779815448
|switch|p2a: Salamence|Salamence, F|100/100
|turn|8
|
|t:|1779815457
|-terastallize|p2a: Salamence|Ground
|move|p2a: Salamence|Dragon Dance|p2a: Salamence
|-boost|p2a: Salamence|atk|1
|-boost|p2a: Salamence|spe|1
|move|p1a: Raging Bolt|Dragon Pulse|p2a: Salamence
|-damage|p2a: Salamence|36/100
|
|-heal|p1a: Raging Bolt|29/100|[from] item: Leftovers
|-sideend|p2: yamper supremacy|move: Light Screen
|upkeep
|turn|9
|
|t:|1779815473
|move|p2a: Salamence|Dual Wingbeat|p1a: Raging Bolt
|-damage|p1a: Raging Bolt|3/100
|-damage|p1a: Raging Bolt|0 fnt
|faint|p1a: Raging Bolt
|-end|p1a: Raging Bolt|Protosynthesis|[silent]
|-ability|p2a: Salamence|Moxie|boost
|-boost|p2a: Salamence|atk|1
|-hitcount|p1: Raging Bolt|2
|
|upkeep
|
|t:|1779815475
|switch|p1a: Torkoal|Torkoal, M|100/100
|-weather|SunnyDay|[from] ability: Drought|[of] p1a: Torkoal
|turn|10
|
|t:|1779815482
|move|p2a: Salamence|Earthquake|p1a: Torkoal
|-supereffective|p1a: Torkoal
|-damage|p1a: Torkoal|0 fnt
|faint|p1a: Torkoal
|-ability|p2a: Salamence|Moxie|boost
|-boost|p2a: Salamence|atk|1
|
|-weather|SunnyDay|[upkeep]
|upkeep
|
|t:|1779815506
|switch|p1a: Dragonite|Dragonite, M|100/100
|turn|11
|
|t:|1779815509
|move|p1a: Dragonite|Extreme Speed|p2a: Salamence
|-damage|p2a: Salamence|16/100
|move|p2a: Salamence|Dual Wingbeat|p1a: Dragonite
|-damage|p1a: Dragonite|74/100
|-damage|p1a: Dragonite|22/100
|-hitcount|p1a: Dragonite|2
|
|-weather|SunnyDay|[upkeep]
|-heal|p1a: Dragonite|28/100|[from] item: Leftovers
|upkeep
|turn|12
|
|t:|1779815528
|switch|p2a: Pecharunt|Pecharunt|100/100
|move|p1a: Dragonite|Extreme Speed|p2a: Pecharunt
|-immune|p2a: Pecharunt
|
|-weather|SunnyDay|[upkeep]
|-heal|p1a: Dragonite|34/100|[from] item: Leftovers
|upkeep
|turn|13
|
|t:|1779815536
|move|p2a: Pecharunt|Malignant Chain|p1a: Dragonite
|-damage|p1a: Dragonite|4/100
|move|p1a: Dragonite|Earthquake|p2a: Pecharunt
|-supereffective|p2a: Pecharunt
|-damage|p2a: Pecharunt|81/100
|
|-weather|SunnyDay|[upkeep]
|-heal|p1a: Dragonite|10/100|[from] item: Leftovers
|-sideend|p2: yamper supremacy|Reflect
|upkeep
|turn|14
|
|t:|1779815542
|move|p2a: Pecharunt|Malignant Chain|p1a: Dragonite
|-damage|p1a: Dragonite|0 fnt
|faint|p1a: Dragonite
|
|-weather|none
|upkeep
|
|t:|1779815549
|switch|p1a: Walking Wake|Walking Wake|100/100
|turn|15
|
|t:|1779815553
|move|p1a: Walking Wake|Dragon Pulse|p2a: Pecharunt
|-damage|p2a: Pecharunt|13/100
|move|p2a: Pecharunt|Parting Shot|p1a: Walking Wake
|-unboost|p1a: Walking Wake|atk|1
|-unboost|p1a: Walking Wake|spa|1
|
|t:|1779815560
|switch|p2a: Ogerpon|Ogerpon-Wellspring, F|100/100|[from] Parting Shot
|
|upkeep
|turn|16
|
|t:|1779815567
|-end|p1a: Walking Wake|Protosynthesis|[silent]
|switch|p1a: Enamorus|Enamorus, F|100/100
|move|p2a: Ogerpon|Ivy Cudgel|p1a: Enamorus|[anim] Ivy Cudgel Water
|-damage|p1a: Enamorus|7/100
|
|upkeep
|turn|17
|
|t:|1779815576
|move|p1a: Enamorus|Moonblast|p2a: Ogerpon
|-damage|p2a: Ogerpon|40/100
|move|p2a: Ogerpon|Ivy Cudgel|p1a: Enamorus|[anim] Ivy Cudgel Water
|-damage|p1a: Enamorus|0 fnt
|faint|p1a: Enamorus
|
|upkeep
|
|t:|1779815580
|switch|p1a: Rillaboom|Rillaboom, F|100/100
|-fieldstart|move: Grassy Terrain|[from] ability: Grassy Surge|[of] p1a: Rillaboom
|turn|18
|
|t:|1779815595
|move|p2a: Ogerpon|Ivy Cudgel|p1a: Rillaboom|[anim] Ivy Cudgel Water
|-resisted|p1a: Rillaboom
|-damage|p1a: Rillaboom|71/100
|move|p1a: Rillaboom|U-turn|p2a: Ogerpon
|-supereffective|p2a: Ogerpon
|-damage|p2a: Ogerpon|0 fnt
|faint|p2a: Ogerpon
|
|t:|1779815605
|switch|p1a: Walking Wake|Walking Wake|100/100|[from] U-turn
|
|upkeep
|
|t:|1779815610
|switch|p2a: Zamazenta|Zamazenta|100/100
|-ability|p2a: Zamazenta|Dauntless Shield|boost
|-boost|p2a: Zamazenta|def|1
|turn|19
|
|t:|1779815621
|move|p2a: Zamazenta|Body Press|p1a: Walking Wake
|-damage|p1a: Walking Wake|45/100
|move|p1a: Walking Wake|Draco Meteor|p2a: Zamazenta
|-damage|p2a: Zamazenta|25/100
|-unboost|p1a: Walking Wake|spa|2
|
|-heal|p2a: Zamazenta|31/100|[from] Grassy Terrain
|-heal|p2a: Zamazenta|38/100|[from] item: Leftovers
|-heal|p1a: Walking Wake|51/100|[from] Grassy Terrain
|upkeep
|turn|20
|
|t:|1779815628
|move|p2a: Zamazenta|Body Press|p1a: Walking Wake
|-damage|p1a: Walking Wake|0 fnt
|faint|p1a: Walking Wake
|-end|p1a: Walking Wake|Protosynthesis|[silent]
|
|-heal|p2a: Zamazenta|44/100|[from] Grassy Terrain
|-heal|p2a: Zamazenta|50/100|[from] item: Leftovers
|upkeep
|
|t:|1779815630
|switch|p1a: Rillaboom|Rillaboom, F|71/100
|turn|21
|
|t:|1779815636
|move|p2a: Zamazenta|Iron Defense|p2a: Zamazenta
|-boost|p2a: Zamazenta|def|2
|move|p1a: Rillaboom|Wood Hammer|p2a: Zamazenta
|-damage|p2a: Zamazenta|13/100
|-damage|p1a: Rillaboom|57/100|[from] Recoil
|
|-heal|p2a: Zamazenta|19/100|[from] Grassy Terrain
|-heal|p2a: Zamazenta|25/100|[from] item: Leftovers
|-heal|p1a: Rillaboom|63/100|[from] Grassy Terrain
|upkeep
|turn|22
|
|t:|1779815638
|move|p2a: Zamazenta|Body Press|p1a: Rillaboom
|-damage|p1a: Rillaboom|0 fnt
|faint|p1a: Rillaboom
|
|win|yamper supremacy
|raw|Celsius44's rating: 1594 &rarr; <strong>1567</strong><br />(-27 for losing)
|raw|yamper supremacy's rating: 1473 &rarr; <strong>1500</strong><br />(+27 for winning)
|l|☆yamper supremacy
|player|p2|
|l|☆Celsius44
|player|p1|
