|j|☆Peteblackx
|j|☆melody0807
|t:|1779866067
|gametype|singles
|player|p1|Peteblackx|266|1281
|player|p2|melody0807|169|1326
|gen|9
|tier|[Gen 9] OU
|rated|
|rule|HP Percentage Mod: HP is shown in percentages
|rule|Endless Battle Clause: Forcing endless battles is banned
|rule|Species Clause: Limit one of each Pokémon
|rule|OHKO Clause: OHKO moves are banned
|rule|Evasion Items Clause: Evasion items are banned
|rule|Evasion Moves Clause: Evasion moves are banned
|rule|Evasion Abilities Clause: Evasion abilities are banned
|rule|Sleep Moves Clause: Sleep-inducing moves are banned
|clearpoke
|poke|p1|Toxtricity, M|
|poke|p1|Latios, M|
|poke|p1|Basculegion, M|
|poke|p1|Cinderace, M|
|poke|p1|Kingambit, F|
|poke|p1|Great Tusk|
|poke|p2|Latios, M|
|poke|p2|Ogerpon, F|
|poke|p2|Iron Jugulis|
|poke|p2|Manaphy|
|poke|p2|Sandy Shocks|
|poke|p2|Scizor, F|
|teampreview
|inactive|Battle timer is ON: inactive players will automatically lose when time's up. (requested by Peteblackx)
|
|t:|1779866077
|teamsize|p1|6
|teamsize|p2|6
|start
|switch|p1a: Cinderace|Cinderace, M|100/100
|switch|p2a: Sandy Shocks|Sandy Shocks|100/100
|-enditem|p2a: Sandy Shocks|Booster Energy
|-activate|p2a: Sandy Shocks|ability: Protosynthesis|[fromitem]
|-start|p2a: Sandy Shocks|protosynthesisspe
|turn|1
|
|t:|1779866088
|move|p2a: Sandy Shocks|Earth Power|p1a: Cinderace
|-supereffective|p1a: Cinderace
|-damage|p1a: Cinderace|0 fnt
|faint|p1a: Cinderace
|
|upkeep
|
|t:|1779866094
|switch|p1a: Latios|Latios, M|100/100
|turn|2
|
|t:|1779866097
|move|p2a: Sandy Shocks|Stealth Rock|p1a: Latios
|-sidestart|p1: Peteblackx|move: Stealth Rock
|move|p1a: Latios|Calm Mind|p1a: Latios
|-boost|p1a: Latios|spa|1
|-boost|p1a: Latios|spd|1
|
|upkeep
|turn|3
|
|t:|1779866104
|-end|p2a: Sandy Shocks|Protosynthesis|[silent]
|switch|p2a: Scizor|Scizor, F|100/100
|move|p1a: Latios|Calm Mind|p1a: Latios
|-boost|p1a: Latios|spa|1
|-boost|p1a: Latios|spd|1
|
|upkeep
|turn|4
|
|t:|1779866107
|-terastallize|p1a: Latios|Dragon
|move|p1a: Latios|Aura Sphere|p2a: Scizor
|-damage|p2a: Scizor|29/100
|-enditem|p2a: Scizor|Sitrus Berry|[eat]
|-heal|p2a: Scizor|54/100|[from] item: Sitrus Berry
|move|p2a: Scizor|Knock Off|p1a: Latios
|-damage|p1a: Latios|53/100
|-enditem|p1a: Latios|Leftovers|[from] move: Knock Off|[of] p2a: Scizor
|
|upkeep
|turn|5
|
|t:|1779866114
|move|p2a: Scizor|Bullet Punch|p1a: Latios
|-damage|p1a: Latios|21/100
|move|p1a: Latios|Aura Sphere|p2a: Scizor
|-damage|p2a: Scizor|0 fnt
|faint|p2a: Scizor
|
|upkeep
|
|t:|1779866130
|switch|p2a: Iron Jugulis|Iron Jugulis|100/100
|-enditem|p2a: Iron Jugulis|Booster Energy
|-activate|p2a: Iron Jugulis|ability: Quark Drive|[fromitem]
|-start|p2a: Iron Jugulis|quarkdrivespe
|turn|6
|
|t:|1779866140
|move|p2a: Iron Jugulis|Dark Pulse|p1a: Latios
|-damage|p1a: Latios|0 fnt
|faint|p1a: Latios
|
|upkeep
|
|t:|1779866142
|switch|p1a: Great Tusk|Great Tusk|100/100
|-damage|p1a: Great Tusk|98/100|[from] Stealth Rock
|turn|7
|
|t:|1779866144
|move|p2a: Iron Jugulis|Hurricane|p1a: Great Tusk
|-supereffective|p1a: Great Tusk
|-damage|p1a: Great Tusk|0 fnt
|faint|p1a: Great Tusk
|-end|p1a: Great Tusk|Protosynthesis|[silent]
|
|upkeep
|
|t:|1779866149
|switch|p1a: Kingambit|Kingambit, F|100/100
|-damage|p1a: Kingambit|94/100|[from] Stealth Rock
|-activate|p1a: Kingambit|ability: Supreme Overlord
|-start|p1a: Kingambit|fallen3|[silent]
|turn|8
|
|t:|1779866153
|move|p2a: Iron Jugulis|Earth Power|p1a: Kingambit
|-supereffective|p1a: Kingambit
|-damage|p1a: Kingambit|38/100
|move|p1a: Kingambit|Iron Head|p2a: Iron Jugulis
|-damage|p2a: Iron Jugulis|26/100
|
|upkeep
|turn|9
|
|t:|1779866162
|-end|p2a: Iron Jugulis|Quark Drive|[silent]
|switch|p2a: Sandy Shocks|Sandy Shocks|100/100
|move|p1a: Kingambit|Sucker Punch||[still]
|-fail|p1a: Kingambit
|
|upkeep
|turn|10
|
|t:|1779866167
|move|p2a: Sandy Shocks|Earth Power|p1a: Kingambit
|-supereffective|p1a: Kingambit
|-damage|p1a: Kingambit|0 fnt
|faint|p1a: Kingambit
|-end|p1a: Kingambit|fallen3|[silent]
|
|upkeep
|
|t:|1779866169
|switch|p1a: Basculegion|Basculegion, M|100/100
|-damage|p1a: Basculegion|88/100|[from] Stealth Rock
|turn|11
|
|t:|1779866172
|move|p1a: Basculegion|Aqua Jet|p2a: Sandy Shocks
|-supereffective|p2a: Sandy Shocks
|-damage|p2a: Sandy Shocks|9/100
|move|p2a: Sandy Shocks|Discharge|p1a: Basculegion
|-supereffective|p1a: Basculegion
|-damage|p1a: Basculegion|9/100
|-status|p1a: Basculegion|par
|
|upkeep
|turn|12
|
|t:|1779866175
|move|p1a: Basculegion|Aqua Jet|p2a: Sandy Shocks
|-supereffective|p2a: Sandy Shocks
|-damage|p2a: Sandy Shocks|0 fnt
|faint|p2a: Sandy Shocks
|-end|p2a: Sandy Shocks|Protosynthesis|[silent]
|
|upkeep
|
|t:|1779866182
|switch|p2a: Ogerpon|Ogerpon, F|100/100
|turn|13
|
|t:|1779866186
|move|p1a: Basculegion|Aqua Jet|p2a: Ogerpon
|-resisted|p2a: Ogerpon
|-damage|p2a: Ogerpon|71/100
|move|p2a: Ogerpon|Rock Tomb|p1a: Basculegion
|-damage|p1a: Basculegion|0 fnt
|faint|p1a: Basculegion
|
|upkeep
|
|t:|1779866188
|switch|p1a: Toxtricity|Toxtricity, M|100/100
|-damage|p1a: Toxtricity|88/100|[from] Stealth Rock
|turn|14
|
|t:|1779866191
|move|p2a: Ogerpon|Rock Tomb|p1a: Toxtricity
|-damage|p1a: Toxtricity|60/100
|-unboost|p1a: Toxtricity|spe|1
|move|p1a: Toxtricity|Shift Gear|p1a: Toxtricity
|-boost|p1a: Toxtricity|spe|2
|-boost|p1a: Toxtricity|atk|1
|-enditem|p2a: Ogerpon|Mirror Herb
|-boost|p2a: Ogerpon|spe|2|[from] item: Mirror Herb
|-boost|p2a: Ogerpon|atk|1|[from] item: Mirror Herb
|
|upkeep
|turn|15
|
|t:|1779866200
|move|p2a: Ogerpon|Encore|p1a: Toxtricity
|-start|p1a: Toxtricity|Encore
|move|p1a: Toxtricity|Shift Gear|p1a: Toxtricity
|-boost|p1a: Toxtricity|spe|2
|-boost|p1a: Toxtricity|atk|1
|
|upkeep
|turn|16
|
|t:|1779866203
|move|p2a: Ogerpon|Rock Tomb|p1a: Toxtricity
|-damage|p1a: Toxtricity|16/100
|-unboost|p1a: Toxtricity|spe|1
|move|p1a: Toxtricity|Shift Gear|p1a: Toxtricity
|-boost|p1a: Toxtricity|spe|2
|-boost|p1a: Toxtricity|atk|1
|
|upkeep
|turn|17
|
|t:|1779866206
|move|p2a: Ogerpon|Rock Tomb|p1a: Toxtricity
|-damage|p1a: Toxtricity|0 fnt
|faint|p1a: Toxtricity
|
|win|melody0807
|raw|Peteblackx's rating: 1281 &rarr; <strong>1259</strong><br />(-22 for losing)
|raw|melody0807's rating: 1326 &rarr; <strong>1343</strong><br />(+17 for winning)
|l|☆Peteblackx
|player|p1|
|l|☆melody0807
|player|p2|
