|j|☆Mortifi
|j|☆Srgtcobra
|t:|1779817420
|gametype|singles
|player|p1|Mortifi|pokemaniac|1630
|player|p2|Srgtcobra|265|1592
|gen|9
|tier|[Gen 9] OU
|rated|
|rule|HP Percentage Mod: HP is shown in percentages
|rule|Endless Battle Clause: Forcing endless battles is banned
|rule|Species Clause: Limit one of each Pokémon
|rule|OHKO Clause: OHKO moves are banned
|rule|Evasion Items Clause: Evasion items are banned
|rule|Evasion Moves Clause: Evasion moves are banned
|rule|Evasion Abilities Clause: Evasion abilities are banned
|rule|Sleep Moves Clause: Sleep-inducing moves are banned
|clearpoke
|poke|p1|Zapdos-Galar|
|poke|p1|Slowking-Galar, F|
|poke|p1|Alomomola, M|
|poke|p1|Great Tusk|
|poke|p1|Weavile, F|
|poke|p1|Skarmory, M|
|poke|p2|Araquanid, M|
|poke|p2|Enamorus, F|
|poke|p2|Honchkrow, M|
|poke|p2|Iron Hands|
|poke|p2|Breloom, M|
|poke|p2|Gholdengo|
|teampreview
|inactive|Battle timer is ON: inactive players will automatically lose when time's up. (requested by Srgtcobra)
|inactive|Mortifi has 120 seconds left.
|
|t:|1779817476
|teamsize|p1|6
|teamsize|p2|6
|start
|switch|p1a: Zapdos|Zapdos-Galar|100/100
|switch|p2a: Araquanid|Araquanid, M|100/100
|turn|1
|
|t:|1779817481
|move|p1a: Zapdos|Brave Bird|p2a: Araquanid
|-supereffective|p2a: Araquanid
|-enditem|p2a: Araquanid|Focus Sash
|-damage|p2a: Araquanid|1/100
|-damage|p1a: Zapdos|66/100|[from] Recoil
|move|p2a: Araquanid|Sticky Web|p1a: Zapdos
|-sidestart|p1: Mortifi|move: Sticky Web
|
|upkeep
|turn|2
|
|t:|1779817489
|switch|p2a: Gholdengo|Gholdengo|100/100
|move|p1a: Zapdos|Brave Bird|p2a: Gholdengo
|-resisted|p2a: Gholdengo
|-damage|p2a: Gholdengo|79/100
|-damage|p1a: Zapdos|58/100|[from] Recoil
|
|upkeep
|turn|3
|
|t:|1779817501
|switch|p1a: Alomomola|Alomomola, M|100/100
|-activate|p1a: Alomomola|move: Sticky Web
|-unboost|p1a: Alomomola|spe|1
|move|p2a: Gholdengo|Make It Rain|p1a: Alomomola
|-resisted|p1a: Alomomola
|-crit|p1a: Alomomola
|-damage|p1a: Alomomola|67/100
|-unboost|p2a: Gholdengo|spa|1
|
|upkeep
|turn|4
|
|t:|1779817517
|move|p2a: Gholdengo|Thunder Wave|p1a: Alomomola
|-status|p1a: Alomomola|par
|move|p1a: Alomomola|Flip Turn|p2a: Gholdengo
|-damage|p2a: Gholdengo|68/100
|-damage|p1a: Alomomola|50/100 par|[from] item: Rocky Helmet|[of] p2a: Gholdengo
|
|t:|1779817527
|switch|p1a: Great Tusk|Great Tusk|100/100|[from] Flip Turn
|
|upkeep
|turn|5
|
|t:|1779817537
|switch|p2a: Enamorus|Enamorus, F|100/100
|move|p1a: Great Tusk|Headlong Rush|p2a: Enamorus
|-immune|p2a: Enamorus
|
|upkeep
|turn|6
|
|t:|1779817544
|-end|p1a: Great Tusk|Protosynthesis|[silent]
|switch|p1a: Slowking|Slowking-Galar, F|100/100
|move|p2a: Enamorus|Earth Power|p1a: Slowking
|-supereffective|p1a: Slowking
|-crit|p1a: Slowking
|-damage|p1a: Slowking|10/100
|
|upkeep
|turn|7
|
|t:|1779817552
|switch|p2a: Araquanid|Araquanid, M|1/100
|switch|p1a: Zapdos|Zapdos-Galar|58/100
|
|upkeep
|turn|8
|
|t:|1779817558
|switch|p2a: Gholdengo|Gholdengo|68/100
|move|p1a: Zapdos|Knock Off|p2a: Gholdengo
|-supereffective|p2a: Gholdengo
|-damage|p2a: Gholdengo|23/100
|-enditem|p2a: Gholdengo|Rocky Helmet|[from] move: Knock Off|[of] p1a: Zapdos
|
|upkeep
|turn|9
|
|t:|1779817565
|move|p1a: Zapdos|Knock Off|p2a: Gholdengo
|-supereffective|p2a: Gholdengo
|-damage|p2a: Gholdengo|0 fnt
|faint|p2a: Gholdengo
|
|upkeep
|
|t:|1779817567
|switch|p2a: Enamorus|Enamorus, F|100/100
|turn|10
|
|t:|1779817573
|switch|p1a: Skarmory|Skarmory, M|100/100
|-terastallize|p2a: Enamorus|Fairy
|move|p2a: Enamorus|Moonblast|p1a: Skarmory
|-resisted|p1a: Skarmory
|-damage|p1a: Skarmory|34/100
|
|upkeep
|turn|11
|
|t:|1779817594
|move|p2a: Enamorus|Moonblast|p1a: Skarmory
|-resisted|p1a: Skarmory
|-damage|p1a: Skarmory|0 fnt
|faint|p1a: Skarmory
|
|upkeep
|
|t:|1779817599
|switch|p1a: Slowking|Slowking-Galar, F|43/100
|turn|12
|
|t:|1779817605
|move|p2a: Enamorus|Moonblast|p1a: Slowking
|-resisted|p1a: Slowking
|-damage|p1a: Slowking|12/100
|move|p1a: Slowking|Sludge Bomb|p2a: Enamorus
|-supereffective|p2a: Enamorus
|-damage|p2a: Enamorus|4/100
|-status|p2a: Enamorus|psn
|
|-damage|p2a: Enamorus|0 fnt|[from] psn
|faint|p2a: Enamorus
|upkeep
|
|t:|1779817612
|switch|p2a: Honchkrow|Honchkrow, M|100/100
|turn|13
|
|t:|1779817620
|switch|p1a: Alomomola|Alomomola, M|83/100 par
|-activate|p1a: Alomomola|move: Sticky Web
|-unboost|p1a: Alomomola|spe|1
|move|p2a: Honchkrow|Brave Bird|p1a: Alomomola
|-crit|p1a: Alomomola
|-damage|p1a: Alomomola|32/100 par
|-damage|p2a: Honchkrow|77/100|[from] Recoil
|
|upkeep
|turn|14
|
|t:|1779817636
|switch|p1a: Weavile|Weavile, F|100/100
|-activate|p1a: Weavile|move: Sticky Web
|-unboost|p1a: Weavile|spe|1
|-ability|p1a: Weavile|Pressure
|move|p2a: Honchkrow|Brave Bird|p1a: Weavile
|-crit|p1a: Weavile
|-damage|p1a: Weavile|0 fnt
|faint|p1a: Weavile
|-damage|p2a: Honchkrow|50/100|[from] Recoil
|
|upkeep
|
|t:|1779817653
|switch|p1a: Alomomola|Alomomola, M|65/100 par
|-activate|p1a: Alomomola|move: Sticky Web
|-unboost|p1a: Alomomola|spe|1
|turn|15
|
|t:|1779817668
|switch|p2a: Breloom|Breloom, M|100/100
|cant|p1a: Alomomola|par
|
|upkeep
|turn|16
|
|t:|1779817675
|-terastallize|p1a: Alomomola|Fairy
|move|p2a: Breloom|Bullet Seed|p1a: Alomomola
|-crit|p1a: Alomomola
|-damage|p1a: Alomomola|48/100 par
|-damage|p1a: Alomomola|35/100 par
|-crit|p1a: Alomomola
|-damage|p1a: Alomomola|17/100 par
|-damage|p1a: Alomomola|6/100 par
|-hitcount|p1a: Alomomola|4
|move|p1a: Alomomola|Acrobatics|p2a: Breloom
|-supereffective|p2a: Breloom
|-damage|p2a: Breloom|0 fnt
|faint|p2a: Breloom
|
|upkeep
|
|t:|1779817681
|switch|p2a: Honchkrow|Honchkrow, M|50/100
|turn|17
|
|t:|1779817694
|switch|p1a: Slowking|Slowking-Galar, F|45/100
|move|p2a: Honchkrow|Night Slash|p1a: Slowking
|-supereffective|p1a: Slowking
|-crit|p1a: Slowking
|-damage|p1a: Slowking|0 fnt
|faint|p1a: Slowking
|
|upkeep
|
|t:|1779817702
|switch|p1a: Zapdos|Zapdos-Galar|58/100
|turn|18
|j| KIRAXX200
|
|t:|1779817711
|switch|p2a: Araquanid|Araquanid, M|1/100
|move|p1a: Zapdos|Thunderous Kick|p2a: Araquanid
|-resisted|p2a: Araquanid
|-damage|p2a: Araquanid|0 fnt
|faint|p2a: Araquanid
|
|upkeep
|
|t:|1779817713
|switch|p2a: Iron Hands|Iron Hands|100/100
|turn|19
|
|t:|1779817731
|move|p1a: Zapdos|U-turn|p2a: Iron Hands
|-resisted|p2a: Iron Hands
|-crit|p2a: Iron Hands
|-damage|p2a: Iron Hands|88/100
|
|t:|1779817735
|switch|p1a: Alomomola|Alomomola, M, tera:Fairy|39/100 par|[from] U-turn
|-activate|p1a: Alomomola|move: Sticky Web
|-unboost|p1a: Alomomola|spe|1
|move|p2a: Iron Hands|Ice Punch|p1a: Alomomola
|-damage|p1a: Alomomola|25/100 par
|
|upkeep
|turn|20
|
|t:|1779817745
|switch|p1a: Great Tusk|Great Tusk|100/100
|move|p2a: Iron Hands|Heavy Slam|p1a: Great Tusk
|-damage|p1a: Great Tusk|91/100
|
|upkeep
|turn|21
|
|t:|1779817759
|move|p1a: Great Tusk|Rapid Spin|p2a: Iron Hands
|-damage|p2a: Iron Hands|77/100
|-boost|p1a: Great Tusk|spe|1
|-sideend|p1: Mortifi|Sticky Web|[from] move: Rapid Spin|[of] p1a: Great Tusk
|move|p2a: Iron Hands|Ice Punch|p1a: Great Tusk
|-supereffective|p1a: Great Tusk
|-damage|p1a: Great Tusk|57/100
|
|upkeep
|turn|22
|
|t:|1779817766
|-end|p2a: Iron Hands|Quark Drive|[silent]
|switch|p2a: Honchkrow|Honchkrow, M|50/100
|move|p1a: Great Tusk|Headlong Rush|p2a: Honchkrow
|-immune|p2a: Honchkrow
|
|upkeep
|turn|23
|
|t:|1779817775
|move|p1a: Great Tusk|Ice Spinner|p2a: Honchkrow
|-supereffective|p2a: Honchkrow
|-damage|p2a: Honchkrow|0 fnt
|faint|p2a: Honchkrow
|
|upkeep
|-message|Srgtcobra forfeited.
|
|win|Mortifi
|raw|Mortifi's rating: 1630 &rarr; <strong>1648</strong><br />(+18 for winning)
|raw|Srgtcobra's rating: 1592 &rarr; <strong>1574</strong><br />(-18 for losing)
|l|☆Srgtcobra
|player|p2|
