|j|☆Strantzelo2003
|j|☆Leapon
|inactive|Battle timer is ON: inactive players will automatically lose when time's up.
|t:|1779915251
|gametype|singles
|player|p1|Strantzelo2003|170|
|player|p2|Leapon|steven|
|gen|9
|tier|[Gen 9] OU
|rated|Tournament battle
|rule|HP Percentage Mod: HP is shown in percentages
|rule|Endless Battle Clause: Forcing endless battles is banned
|rule|Species Clause: Limit one of each Pokémon
|rule|OHKO Clause: OHKO moves are banned
|rule|Evasion Items Clause: Evasion items are banned
|rule|Evasion Moves Clause: Evasion moves are banned
|rule|Evasion Abilities Clause: Evasion abilities are banned
|rule|Sleep Moves Clause: Sleep-inducing moves are banned
|clearpoke
|poke|p1|Zapdos|
|poke|p1|Iron Treads|
|poke|p1|Samurott-Hisui, M|
|poke|p1|Ceruledge, M|
|poke|p1|Gholdengo|
|poke|p1|Kingambit, M|
|poke|p2|Rillaboom, M|
|poke|p2|Tyranitar, F|
|poke|p2|Kyurem|
|poke|p2|Iron Valiant|
|poke|p2|Corviknight, M|
|poke|p2|Slowking-Galar, F|
|teampreview
|j|*Lady Monita 
|inactive|Leapon has 120 seconds left.
|inactive|Leapon has 90 seconds left.
|
|t:|1779915311
|teamsize|p1|6
|teamsize|p2|6
|start
|switch|p1a: Samurott|Samurott-Hisui, M|100/100
|switch|p2a: Kyurem|Kyurem|100/100
|-ability|p2a: Kyurem|Pressure
|turn|1
|
|t:|1779915320
|move|p2a: Kyurem|Freeze-Dry|p1a: Samurott
|-supereffective|p1a: Samurott
|-damage|p1a: Samurott|48/100
|move|p1a: Samurott|Ceaseless Edge|p2a: Kyurem
|-damage|p2a: Kyurem|59/100
|-sidestart|p2: Leapon|Spikes
|
|upkeep
|turn|2
|inactive|Strantzelo2003 has 120 seconds left.
|inactive|Leapon has 120 seconds left.
|
|t:|1779915379
|switch|p2a: Tyranitar|Tyranitar, F|100/100
|-damage|p2a: Tyranitar|88/100|[from] Spikes
|-weather|Sandstorm|[from] ability: Sand Stream|[of] p2a: Tyranitar
|switch|p1a: Ceruledge|Ceruledge, M|100/100
|
|-weather|Sandstorm|[upkeep]
|-damage|p1a: Ceruledge|94/100|[from] Sandstorm
|upkeep
|turn|3
|inactive|Strantzelo2003 has 120 seconds left.
|inactive|Leapon has 90 seconds left.
|
|t:|1779915403
|switch|p1a: Zapdos|Zapdos|100/100
|move|p2a: Tyranitar|Knock Off|p1a: Zapdos
|-damage|p1a: Zapdos|40/100
|-status|p2a: Tyranitar|par|[from] ability: Static|[of] p1a: Zapdos
|-enditem|p1a: Zapdos|Heavy-Duty Boots|[from] move: Knock Off|[of] p2a: Tyranitar
|
|-weather|Sandstorm|[upkeep]
|-damage|p1a: Zapdos|34/100|[from] Sandstorm
|upkeep
|turn|4
|inactive|Leapon has 90 seconds left.
|
|t:|1779915416
|move|p1a: Zapdos|Roost|p1a: Zapdos
|-heal|p1a: Zapdos|84/100
|-singleturn|p1a: Zapdos|move: Roost
|move|p2a: Tyranitar|Knock Off|p1a: Zapdos
|-damage|p1a: Zapdos|46/100
|
|-weather|Sandstorm|[upkeep]
|-damage|p1a: Zapdos|40/100|[from] Sandstorm
|upkeep
|turn|5
|inactive|Leapon has 90 seconds left.
|inactive|Strantzelo2003 has 120 seconds left.
|inactive|Strantzelo2003 has 90 seconds left.
|
|t:|1779915467
|switch|p2a: Slowking|Slowking-Galar, F|100/100
|-damage|p2a: Slowking|88/100|[from] Spikes
|move|p1a: Zapdos|Roost|p1a: Zapdos
|-heal|p1a: Zapdos|91/100
|-singleturn|p1a: Zapdos|move: Roost
|
|-weather|Sandstorm|[upkeep]
|-damage|p1a: Zapdos|85/100|[from] Sandstorm
|-damage|p2a: Slowking|82/100|[from] Sandstorm
|-heal|p2a: Slowking|88/100|[from] item: Leftovers
|upkeep
|turn|6
|inactive|Leapon has 90 seconds left.
|
|t:|1779915478
|move|p1a: Zapdos|Thunder Wave|p2a: Slowking
|-status|p2a: Slowking|par
|-prepare|p2a: Slowking|Chilly Reception|[premajor]
|cant|p2a: Slowking|par
|
|-weather|none
|-heal|p2a: Slowking|94/100 par|[from] item: Leftovers
|upkeep
|turn|7
|inactive|Leapon has 90 seconds left.
|inactive|Strantzelo2003 has 90 seconds left.
|j| KeepinDaHeadBZ
|
|t:|1779915518
|move|p1a: Zapdos|Volt Switch|p2a: Slowking
|-damage|p2a: Slowking|77/100 par
|
|t:|1779915522
|switch|p1a: Samurott|Samurott-Hisui, M|48/100|[from] Volt Switch
|-prepare|p2a: Slowking|Chilly Reception|[premajor]
|cant|p2a: Slowking|par
|
|-heal|p2a: Slowking|83/100 par|[from] item: Leftovers
|upkeep
|turn|8
|
|t:|1779915531
|switch|p2a: Corviknight|Corviknight, M, shiny|100/100
|move|p1a: Samurott|Ceaseless Edge|p2a: Corviknight
|-damage|p2a: Corviknight|73/100
|-damage|p1a: Samurott|32/100|[from] item: Rocky Helmet|[of] p2a: Corviknight
|-sidestart|p2: Leapon|Spikes
|
|upkeep
|turn|9
|
|t:|1779915540
|switch|p1a: Gholdengo|Gholdengo|100/100
|-item|p1a: Gholdengo|Air Balloon
|move|p2a: Corviknight|Defog|p1a: Gholdengo
|-immune|p1a: Gholdengo|[from] ability: Good as Gold
|
|upkeep
|turn|10
|
|t:|1779915564
|switch|p2a: Tyranitar|Tyranitar, F|88/100 par
|-damage|p2a: Tyranitar|72/100 par|[from] Spikes
|-weather|Sandstorm|[from] ability: Sand Stream|[of] p2a: Tyranitar
|move|p1a: Gholdengo|Thunder Wave|p2a: Tyranitar
|-fail|p2a: Tyranitar|par
|
|-weather|Sandstorm|[upkeep]
|upkeep
|turn|11
|inactive|Leapon has 90 seconds left.
|
|t:|1779915588
|switch|p1a: Samurott|Samurott-Hisui, M|32/100
|switch|p2a: Slowking|Slowking-Galar, F|100/100 par
|-damage|p2a: Slowking|84/100 par|[from] Spikes
|
|-weather|Sandstorm|[upkeep]
|-damage|p1a: Samurott|26/100|[from] Sandstorm
|-damage|p2a: Slowking|78/100 par|[from] Sandstorm
|-heal|p2a: Slowking|84/100 par|[from] item: Leftovers
|upkeep
|turn|12
|inactive|Leapon has 90 seconds left.
|
|t:|1779915602
|switch|p2a: Corviknight|Corviknight, M, shiny|73/100
|move|p1a: Samurott|Knock Off|p2a: Corviknight
|-damage|p2a: Corviknight|50/100
|-damage|p1a: Samurott|9/100|[from] item: Rocky Helmet|[of] p2a: Corviknight
|-enditem|p2a: Corviknight|Rocky Helmet|[from] move: Knock Off|[of] p1a: Samurott
|
|-weather|Sandstorm|[upkeep]
|-damage|p1a: Samurott|3/100|[from] Sandstorm
|upkeep
|turn|13
|inactive|Leapon has 90 seconds left.
|
|t:|1779915617
|move|p1a: Samurott|Razor Shell|p2a: Corviknight
|-damage|p2a: Corviknight|22/100
|move|p2a: Corviknight|Roost|p2a: Corviknight
|-heal|p2a: Corviknight|72/100
|-singleturn|p2a: Corviknight|move: Roost
|
|-weather|Sandstorm|[upkeep]
|-damage|p1a: Samurott|0 fnt|[from] Sandstorm
|faint|p1a: Samurott
|upkeep
|
|t:|1779915626
|switch|p1a: Zapdos|Zapdos|85/100
|turn|14
|inactive|Leapon has 90 seconds left.
|
|t:|1779915635
|switch|p2a: Slowking|Slowking-Galar, F|100/100 par
|-damage|p2a: Slowking|84/100 par|[from] Spikes
|move|p1a: Zapdos|Volt Switch|p2a: Slowking
|-damage|p2a: Slowking|65/100 par
|
|t:|1779915644
|switch|p1a: Ceruledge|Ceruledge, M|94/100|[from] Volt Switch
|
|-weather|none
|-heal|p2a: Slowking|71/100 par|[from] item: Leftovers
|upkeep
|turn|15
|j| Wozzathesexygod
|
|t:|1779915650
|move|p1a: Ceruledge|Swords Dance|p1a: Ceruledge
|-boost|p1a: Ceruledge|atk|2
|move|p2a: Slowking|Thunder Wave|p1a: Ceruledge
|-status|p1a: Ceruledge|par
|
|-heal|p2a: Slowking|77/100 par|[from] item: Leftovers
|upkeep
|turn|16
|
|t:|1779915664
|switch|p2a: Tyranitar|Tyranitar, F|72/100 par
|-damage|p2a: Tyranitar|55/100 par|[from] Spikes
|-weather|Sandstorm|[from] ability: Sand Stream|[of] p2a: Tyranitar
|move|p1a: Ceruledge|Poltergeist|p2a: Tyranitar
|-activate|p2a: Tyranitar|move: Poltergeist|Choice Band
|-resisted|p2a: Tyranitar
|-damage|p2a: Tyranitar|4/100 par
|
|-weather|Sandstorm|[upkeep]
|-damage|p1a: Ceruledge|88/100 par|[from] Sandstorm
|upkeep
|turn|17
|
|t:|1779915683
|cant|p1a: Ceruledge|par
|cant|p2a: Tyranitar|par
|
|-weather|Sandstorm|[upkeep]
|-damage|p1a: Ceruledge|82/100 par|[from] Sandstorm
|upkeep
|turn|18
|
|t:|1779915691
|move|p1a: Ceruledge|Shadow Sneak|p2a: Tyranitar
|-resisted|p2a: Tyranitar
|-damage|p2a: Tyranitar|0 fnt
|faint|p2a: Tyranitar
|
|-weather|Sandstorm|[upkeep]
|-damage|p1a: Ceruledge|76/100 par|[from] Sandstorm
|upkeep
|
|t:|1779915710
|switch|p2a: Kyurem|Kyurem|59/100
|-damage|p2a: Kyurem|43/100|[from] Spikes
|-ability|p2a: Kyurem|Pressure
|turn|19
|inactive|Strantzelo2003 has 120 seconds left.
|j| cagaldria
|
|t:|1779915752
|cant|p1a: Ceruledge|par
|move|p2a: Kyurem|Draco Meteor|p1a: Ceruledge
|-damage|p1a: Ceruledge|12/100 par
|-unboost|p2a: Kyurem|spa|2
|
|-weather|Sandstorm|[upkeep]
|-damage|p2a: Kyurem|36/100|[from] Sandstorm
|-damage|p1a: Ceruledge|6/100 par|[from] Sandstorm
|upkeep
|turn|20
|
|t:|1779915762
|switch|p2a: Corviknight|Corviknight, M, shiny|72/100
|move|p1a: Ceruledge|Shadow Sneak|p2a: Corviknight
|-damage|p2a: Corviknight|45/100
|
|-weather|none
|upkeep
|turn|21
|inactive|Strantzelo2003 has 120 seconds left.
|inactive|Leapon has 90 seconds left.
|inactive|Leapon has 60 seconds left.
|inactive|Leapon has 30 seconds left.
|l| cagaldria
|
|t:|1779915853
|-terastallize|p2a: Corviknight|Dragon
|move|p2a: Corviknight|Iron Defense|p2a: Corviknight
|-boost|p2a: Corviknight|def|2
|move|p1a: Ceruledge|Bitter Blade|p2a: Corviknight
|-resisted|p2a: Corviknight
|-damage|p2a: Corviknight|29/100
|-heal|p1a: Ceruledge|15/100 par|[from] drain|[of] p2a: Corviknight
|
|upkeep
|turn|22
|inactive|Strantzelo2003 has 120 seconds left.
|inactive|Leapon has 30 seconds left.
|
|t:|1779915864
|move|p1a: Ceruledge|Shadow Sneak|p2a: Corviknight
|-damage|p2a: Corviknight|16/100
|move|p2a: Corviknight|Defog|p1a: Ceruledge
|-unboost|p1a: Ceruledge|evasion|1
|-sideend|p2: Leapon|Spikes|[from] move: Defog|[of] p2a: Corviknight
|
|upkeep
|turn|23
|
|t:|1779915871
|move|p1a: Ceruledge|Shadow Sneak|p2a: Corviknight
|-damage|p2a: Corviknight|1/100
|move|p2a: Corviknight|Roost|p2a: Corviknight
|-heal|p2a: Corviknight|51/100
|
|upkeep
|turn|24
|
|t:|1779915879
|switch|p1a: Gholdengo|Gholdengo|100/100
|-item|p1a: Gholdengo|Air Balloon
|move|p2a: Corviknight|Roost|p2a: Corviknight
|-heal|p2a: Corviknight|100/100
|
|upkeep
|turn|25
|l| Wozzathesexygod
|l| KeepinDaHeadBZ
|inactive|Leapon has 30 seconds left.
|inactive|Leapon has 20 seconds left.
|inactive|Leapon has 15 seconds left.
|inactive|Leapon has 10 seconds left.
|
|t:|1779915921
|switch|p2a: Kyurem|Kyurem|36/100
|-ability|p2a: Kyurem|Pressure
|move|p1a: Gholdengo|Thunder Wave|p2a: Kyurem
|-status|p2a: Kyurem|par
|
|upkeep
|turn|26
|inactive|Leapon has 20 seconds left this turn.
|inactive|Leapon has 15 seconds left.
|
|t:|1779915929
|move|p2a: Kyurem|Ice Beam|p1a: Gholdengo
|-resisted|p1a: Gholdengo
|-damage|p1a: Gholdengo|79/100
|-enditem|p1a: Gholdengo|Air Balloon
|move|p1a: Gholdengo|Hex|p2a: Kyurem
|-damage|p2a: Kyurem|0 fnt
|faint|p2a: Kyurem
|
|upkeep
|inactive|Leapon has 20 seconds left this turn.
|inactive|Leapon has 15 seconds left.
|inactive|Leapon has 10 seconds left.
|
|t:|1779915943
|switch|p2a: Super Saiyajin3|Rillaboom, M|100/100
|-fieldstart|move: Grassy Terrain|[from] ability: Grassy Surge|[of] p2a: Super Saiyajin3
|turn|27
|inactive|Leapon has 20 seconds left this turn.
|inactive|Leapon has 15 seconds left.
|
|t:|1779915957
|switch|p1a: Zapdos|Zapdos|85/100
|move|p2a: Super Saiyajin3|High Horsepower|p1a: Zapdos
|-immune|p1a: Zapdos
|
|upkeep
|turn|28
|inactive|Leapon has 25 seconds left this turn.
|inactive|Leapon has 20 seconds left.
|
|t:|1779915964
|switch|p2a: Slowking|Slowking-Galar, F|100/100 par
|move|p1a: Zapdos|Thunder Wave|p2a: Slowking
|-fail|p2a: Slowking|par
|
|upkeep
|turn|29
|inactive|Leapon has 30 seconds left this turn.
|
|t:|1779915971
|move|p1a: Zapdos|Volt Switch|p2a: Slowking
|-damage|p2a: Slowking|83/100 par
|inactive|Strantzelo2003 has 120 seconds left.
|
|t:|1779916016
|switch|p1a: Iron Treads|Iron Treads|100/100|[from] Volt Switch
|-prepare|p2a: Slowking|Chilly Reception|[premajor]
|move|p2a: Slowking|Chilly Reception|p2a: Slowking
|-weather|Snowscape
|inactive|Leapon has 30 seconds left.
|
|t:|1779916027
|switch|p2a: Super Saiyajin3|Rillaboom, M|100/100|[from] Chilly Reception
|
|-weather|Snowscape|[upkeep]
|upkeep
|turn|30
|inactive|Leapon has 30 seconds left.
|inactive|Strantzelo2003 has 120 seconds left.
|
|t:|1779916045
|-end|p1a: Iron Treads|Quark Drive|[silent]
|switch|p1a: Zapdos|Zapdos|85/100
|move|p2a: Super Saiyajin3|Swords Dance|p2a: Super Saiyajin3
|-boost|p2a: Super Saiyajin3|atk|2
|
|-weather|Snowscape|[upkeep]
|upkeep
|turn|31
|
|t:|1779916054
|switch|p2a: Corviknight|Corviknight, M, shiny, tera:Dragon|100/100
|move|p1a: Zapdos|Thunder Wave|p2a: Corviknight
|-status|p2a: Corviknight|par
|
|-weather|Snowscape|[upkeep]
|-fieldend|move: Grassy Terrain
|upkeep
|turn|32
|inactive|Strantzelo2003 has 120 seconds left.
|inactive|Leapon has 30 seconds left.
|
|t:|1779916078
|switch|p2a: Slowking|Slowking-Galar, F|100/100 par
|move|p1a: Zapdos|Volt Switch|p2a: Slowking
|-damage|p2a: Slowking|82/100 par
|inactive|Strantzelo2003 has 90 seconds left.
|
|t:|1779916116
|switch|p1a: Iron Treads|Iron Treads|100/100|[from] Volt Switch
|
|-weather|Snowscape|[upkeep]
|-heal|p2a: Slowking|88/100 par|[from] item: Leftovers
|upkeep
|turn|33
|inactive|Leapon has 30 seconds left.
|
|t:|1779916131
|switch|p2a: Corviknight|Corviknight, M, shiny, tera:Dragon|100/100 par
|move|p1a: Iron Treads|Stealth Rock|p2a: Corviknight
|-sidestart|p2: Leapon|move: Stealth Rock
|
|-weather|none
|upkeep
|turn|34
|inactive|Leapon has 30 seconds left.
|
|t:|1779916143
|-end|p1a: Iron Treads|Quark Drive|[silent]
|switch|p1a: Gholdengo|Gholdengo|79/100
|switch|p2a: Iron Valiant|Iron Valiant|100/100
|-damage|p2a: Iron Valiant|94/100|[from] Stealth Rock
|-enditem|p2a: Iron Valiant|Booster Energy
|-activate|p2a: Iron Valiant|ability: Quark Drive|[fromitem]
|-start|p2a: Iron Valiant|quarkdrivespe
|
|upkeep
|turn|35
|inactive|Leapon has 30 seconds left.
|
|t:|1779916152
|move|p2a: Iron Valiant|Shadow Ball|p1a: Gholdengo
|-supereffective|p1a: Gholdengo
|-damage|p1a: Gholdengo|28/100
|move|p1a: Gholdengo|Thunder Wave|p2a: Iron Valiant|[miss]
|-miss|p1a: Gholdengo|p2a: Iron Valiant
|
|upkeep
|turn|36
|inactive|Leapon has 30 seconds left.
|
|t:|1779916167
|switch|p1a: Ceruledge|Ceruledge, M|15/100 par
|move|p2a: Iron Valiant|Shadow Ball|p1a: Ceruledge
|-supereffective|p1a: Ceruledge
|-damage|p1a: Ceruledge|0 fnt
|faint|p1a: Ceruledge
|
|upkeep
|
|t:|1779916174
|switch|p1a: Kingambit|Kingambit, M|100/100
|-activate|p1a: Kingambit|ability: Supreme Overlord
|-start|p1a: Kingambit|fallen2|[silent]
|turn|37
|inactive|Leapon has 30 seconds left.
|inactive|Leapon has 20 seconds left.
|
|t:|1779916199
|-end|p1a: Kingambit|fallen2|[silent]
|switch|p1a: Iron Treads|Iron Treads|100/100
|move|p2a: Iron Valiant|Shadow Ball|p1a: Iron Treads
|-damage|p1a: Iron Treads|65/100
|-unboost|p1a: Iron Treads|spd|1
|
|-heal|p1a: Iron Treads|71/100|[from] item: Leftovers
|upkeep
|turn|38
|inactive|Leapon has 30 seconds left this turn.
|inactive|Leapon has 20 seconds left.
|inactive|Leapon has 15 seconds left.
|
|t:|1779916214
|move|p2a: Iron Valiant|Aura Sphere|p1a: Iron Treads
|-supereffective|p1a: Iron Treads
|-damage|p1a: Iron Treads|0 fnt
|faint|p1a: Iron Treads
|-end|p1a: Iron Treads|Quark Drive|[silent]
|
|upkeep
|
|t:|1779916220
|switch|p1a: Zapdos|Zapdos|85/100
|turn|39
|inactive|Leapon has 30 seconds left this turn.
|
|t:|1779916225
|-end|p2a: Iron Valiant|Quark Drive|[silent]
|switch|p2a: Slowking|Slowking-Galar, F|100/100 par
|-damage|p2a: Slowking|88/100 par|[from] Stealth Rock
|move|p1a: Zapdos|Hurricane|p2a: Slowking|[miss]
|-miss|p1a: Zapdos|p2a: Slowking
|
|-heal|p2a: Slowking|94/100 par|[from] item: Leftovers
|upkeep
|turn|40
|inactive|Strantzelo2003 has 120 seconds left.
|
|t:|1779916234
|move|p1a: Zapdos|Volt Switch|p2a: Slowking
|-damage|p2a: Slowking|76/100 par
|
|t:|1779916237
|switch|p1a: Gholdengo|Gholdengo|28/100|[from] Volt Switch
|-prepare|p2a: Slowking|Chilly Reception|[premajor]
|move|p2a: Slowking|Chilly Reception|p2a: Slowking
|-weather|Snowscape
|
|t:|1779916246
|switch|p2a: Iron Valiant|Iron Valiant|94/100|[from] Chilly Reception
|-damage|p2a: Iron Valiant|88/100|[from] Stealth Rock
|
|-weather|Snowscape|[upkeep]
|upkeep
|turn|41
|
|t:|1779916258
|move|p2a: Iron Valiant|Shadow Ball|p1a: Gholdengo
|-supereffective|p1a: Gholdengo
|-damage|p1a: Gholdengo|0 fnt
|faint|p1a: Gholdengo
|
|-weather|Snowscape|[upkeep]
|upkeep
|
|t:|1779916262
|switch|p1a: Zapdos|Zapdos|85/100
|turn|42
|
|t:|1779916278
|-end|p2a: Iron Valiant|Quark Drive|[silent]
|switch|p2a: Corviknight|Corviknight, M, shiny, tera:Dragon|100/100 par
|-damage|p2a: Corviknight|88/100 par|[from] Stealth Rock
|move|p1a: Zapdos|Volt Switch|p2a: Corviknight
|-resisted|p2a: Corviknight
|-damage|p2a: Corviknight|74/100 par
|
|t:|1779916282
|switch|p1a: Kingambit|Kingambit, M|100/100|[from] Volt Switch
|-activate|p1a: Kingambit|ability: Supreme Overlord
|-start|p1a: Kingambit|fallen4|[silent]
|
|-weather|Snowscape|[upkeep]
|upkeep
|turn|43
|
|t:|1779916290
|move|p1a: Kingambit|Swords Dance|p1a: Kingambit
|-boost|p1a: Kingambit|atk|2
|cant|p2a: Corviknight|par
|
|-weather|Snowscape|[upkeep]
|upkeep
|turn|44
|
|t:|1779916318
|-terastallize|p1a: Kingambit|Fighting
|move|p1a: Kingambit|Iron Head|p2a: Corviknight
|-damage|p2a: Corviknight|0 fnt
|faint|p2a: Corviknight
|
|-weather|none
|upkeep
|j| pacdan111
|inactive|Leapon has 30 seconds left.
|
|t:|1779916354
|switch|p2a: Iron Valiant|Iron Valiant|88/100
|-damage|p2a: Iron Valiant|82/100|[from] Stealth Rock
|turn|45
|l| pacdan111
|
|t:|1779916370
|move|p2a: Iron Valiant|Moonblast|p1a: Kingambit
|-supereffective|p1a: Kingambit
|-damage|p1a: Kingambit|0 fnt
|faint|p1a: Kingambit
|-end|p1a: Kingambit|fallen4|[silent]
|
|upkeep
|
|t:|1779916372
|switch|p1a: Zapdos|Zapdos|85/100
|turn|46
|
|t:|1779916377
|move|p2a: Iron Valiant|Moonblast|p1a: Zapdos
|-damage|p1a: Zapdos|39/100
|-unboost|p1a: Zapdos|spa|1
|move|p1a: Zapdos|Hurricane|p2a: Iron Valiant
|-supereffective|p2a: Iron Valiant
|-damage|p2a: Iron Valiant|0 fnt
|faint|p2a: Iron Valiant
|-end|p2a: Iron Valiant|Quark Drive|[silent]
|
|upkeep
|
|t:|1779916386
|switch|p2a: Slowking|Slowking-Galar, F|100/100 par
|-damage|p2a: Slowking|88/100 par|[from] Stealth Rock
|turn|47
|
|t:|1779916392
|move|p1a: Zapdos|Roost|p1a: Zapdos
|-heal|p1a: Zapdos|89/100
|-singleturn|p1a: Zapdos|move: Roost
|move|p2a: Slowking|Sludge Bomb|p1a: Zapdos
|-damage|p1a: Zapdos|57/100
|
|-heal|p2a: Slowking|94/100 par|[from] item: Leftovers
|upkeep
|turn|48
|
|t:|1779916400
|move|p1a: Zapdos|Roost|p1a: Zapdos
|-heal|p1a: Zapdos|100/100
|-singleturn|p1a: Zapdos|move: Roost
|move|p2a: Slowking|Sludge Bomb|p1a: Zapdos
|-damage|p1a: Zapdos|69/100
|
|-heal|p2a: Slowking|99/100 par|[from] item: Leftovers
|upkeep
|turn|49
|inactive|Leapon has 60 seconds left.
|
|t:|1779916415
|move|p1a: Zapdos|Hurricane|p2a: Slowking|[miss]
|-miss|p1a: Zapdos|p2a: Slowking
|move|p2a: Slowking|Sludge Bomb|p1a: Zapdos
|-damage|p1a: Zapdos|34/100
|-status|p1a: Zapdos|psn
|
|-heal|p2a: Slowking|100/100 par|[from] item: Leftovers
|-damage|p1a: Zapdos|22/100 psn|[from] psn
|upkeep
|turn|50
|
|t:|1779916425
|move|p1a: Zapdos|Roost|p1a: Zapdos
|-heal|p1a: Zapdos|72/100 psn
|-singleturn|p1a: Zapdos|move: Roost
|move|p2a: Slowking|Sludge Bomb|p1a: Zapdos
|-damage|p1a: Zapdos|39/100 psn
|
|-damage|p1a: Zapdos|27/100 psn|[from] psn
|upkeep
|turn|51
|
|t:|1779916447
|move|p1a: Zapdos|Roost|p1a: Zapdos
|-heal|p1a: Zapdos|77/100 psn
|-singleturn|p1a: Zapdos|move: Roost
|cant|p2a: Slowking|par
|
|-damage|p1a: Zapdos|65/100 psn|[from] psn
|upkeep
|turn|52
|-message|Strantzelo2003 forfeited.
|
|win|Leapon
|n|☆Strantzelo2003|strantzelo2003
|n|☆Leapon|leapon
|n|*Lady Monita |ladymonita
|l|*Lady Monita 
|l|☆Strantzelo2003
|player|p1|
