|j|☆bvcnmkor85471
|j|☆claudechamp
|t:|1779838544
|gametype|singles
|player|p1|bvcnmkor85471|policeman-gen4|1159
|player|p2|claudechamp|265|1219
|gen|9
|tier|[Gen 9] OU
|rated|
|rule|HP Percentage Mod: HP is shown in percentages
|rule|Endless Battle Clause: Forcing endless battles is banned
|rule|Species Clause: Limit one of each Pokémon
|rule|OHKO Clause: OHKO moves are banned
|rule|Evasion Items Clause: Evasion items are banned
|rule|Evasion Moves Clause: Evasion moves are banned
|rule|Evasion Abilities Clause: Evasion abilities are banned
|rule|Sleep Moves Clause: Sleep-inducing moves are banned
|clearpoke
|poke|p1|Tauros-Paldea-Blaze, M|
|poke|p1|Dragapult, M|
|poke|p1|Glimmora, M|
|poke|p1|Moltres|
|poke|p1|Weezing-Galar, F|
|poke|p1|Iron Valiant|
|poke|p2|Gliscor, M|
|poke|p2|Ogerpon, F|
|poke|p2|Walking Wake|
|poke|p2|Blissey, F|
|poke|p2|Corviknight, M|
|poke|p2|Pecharunt|
|teampreview
|c|☆claudechamp|hf
|inactive|Battle timer is ON: inactive players will automatically lose when time's up. (requested by claudechamp)
|
|t:|1779838550
|teamsize|p1|6
|teamsize|p2|6
|start
|switch|p1a: Tauros|Tauros-Paldea-Blaze, M|100/100
|switch|p2a: Gliscor|Gliscor, M|100/100
|-ability|p1a: Tauros|Intimidate|boost
|-unboost|p2a: Gliscor|atk|1
|turn|1
|
|t:|1779838566
|move|p1a: Tauros|Will-O-Wisp|p2a: Gliscor
|-status|p2a: Gliscor|brn
|move|p2a: Gliscor|Spikes|p1a: Tauros
|-sidestart|p1: bvcnmkor85471|Spikes
|
|-damage|p2a: Gliscor|94/100 brn|[from] brn
|upkeep
|turn|2
|
|t:|1779838578
|move|p1a: Tauros|Flare Blitz|p2a: Gliscor
|-damage|p2a: Gliscor|49/100 brn
|-damage|p1a: Tauros|82/100|[from] Recoil
|move|p2a: Gliscor|Spikes|p1a: Tauros
|-sidestart|p1: bvcnmkor85471|Spikes
|
|-heal|p1a: Tauros|88/100|[from] item: Leftovers
|-damage|p2a: Gliscor|43/100 brn|[from] brn
|upkeep
|turn|3
|
|t:|1779838597
|switch|p1a: Weezing|Weezing-Galar, F|100/100
|-ability|p1a: Weezing|Neutralizing Gas
|-item|p1a: Weezing|Air Balloon
|switch|p2a: Walking Wake|Walking Wake|100/100
|
|upkeep
|turn|4
|
|t:|1779838623
|-terastallize|p1a: Weezing|Grass
|move|p2a: Walking Wake|Surf|p1a: Weezing
|-resisted|p1a: Weezing
|-damage|p1a: Weezing|75/100
|-enditem|p1a: Weezing|Air Balloon
|move|p1a: Weezing|Strange Steam|p2a: Walking Wake
|-supereffective|p2a: Walking Wake
|-damage|p2a: Walking Wake|40/100
|
|upkeep
|turn|5
|
|t:|1779838631
|move|p2a: Walking Wake|Draco Meteor|p1a: Weezing
|-damage|p1a: Weezing|0 fnt
|-unboost|p2a: Walking Wake|spa|2
|faint|p1a: Weezing
|-end|p1a: Weezing|ability: Neutralizing Gas
|
|upkeep
|
|t:|1779838643
|switch|p1a: Dragapult|Dragapult, M|100/100
|-damage|p1a: Dragapult|84/100|[from] Spikes
|turn|6
|
|t:|1779838661
|move|p1a: Dragapult|Draco Meteor|p2a: Walking Wake
|-supereffective|p2a: Walking Wake
|-damage|p2a: Walking Wake|0 fnt
|-unboost|p1a: Dragapult|spa|2
|faint|p2a: Walking Wake
|-end|p2a: Walking Wake|Protosynthesis|[silent]
|-enditem|p1a: Dragapult|Eject Pack
|
|t:|1779838680
|switch|p1a: Moltres|Moltres|100/100
|
|upkeep
|
|t:|1779838682
|switch|p2a: Ogerpon|Ogerpon, F|100/100
|turn|7
|
|t:|1779838693
|switch|p1a: Glimmora|Glimmora, M|100/100
|-damage|p1a: Glimmora|84/100|[from] Spikes
|move|p2a: Ogerpon|Knock Off|p1a: Glimmora
|-damage|p1a: Glimmora|44/100
|-activate|p1a: Glimmora|ability: Toxic Debris
|-sidestart|p2: claudechamp|move: Toxic Spikes
|-enditem|p1a: Glimmora|Power Herb|[from] move: Knock Off|[of] p2a: Ogerpon
|
|upkeep
|turn|8
|
|t:|1779838699
|move|p2a: Ogerpon|Ivy Cudgel|p1a: Glimmora
|-damage|p1a: Glimmora|0 fnt
|-activate|p1a: Glimmora|ability: Toxic Debris
|-sidestart|p2: claudechamp|move: Toxic Spikes
|faint|p1a: Glimmora
|
|upkeep
|
|t:|1779838706
|switch|p1a: Tauros|Tauros-Paldea-Blaze, M|88/100
|-damage|p1a: Tauros|72/100|[from] Spikes
|-ability|p1a: Tauros|Intimidate|boost
|-unboost|p2a: Ogerpon|atk|1
|-ability|p2a: Ogerpon|Defiant|boost
|-boost|p2a: Ogerpon|atk|2
|turn|9
|
|t:|1779838713
|switch|p2a: Pecharunt|Pecharunt|100/100
|-sideend|p2: claudechamp|move: Toxic Spikes|[of] p2a: Pecharunt
|move|p1a: Tauros|Flare Blitz|p2a: Pecharunt
|-damage|p2a: Pecharunt|74/100
|-damage|p1a: Tauros|61/100|[from] Recoil
|
|-heal|p1a: Tauros|67/100|[from] item: Leftovers
|upkeep
|turn|10
|
|t:|1779838726
|move|p1a: Tauros|Will-O-Wisp|p2a: Pecharunt
|-status|p2a: Pecharunt|brn
|move|p2a: Pecharunt|Malignant Chain|p1a: Tauros
|-damage|p1a: Tauros|18/100
|-status|p1a: Tauros|tox
|-start|p1a: Tauros|confusion|[from] ability: Poison Puppeteer|[of] p2a: Pecharunt
|
|-heal|p1a: Tauros|24/100 tox|[from] item: Leftovers
|-damage|p1a: Tauros|18/100 tox|[from] psn
|-damage|p2a: Pecharunt|68/100 brn|[from] brn
|upkeep
|turn|11
|
|t:|1779838730
|-activate|p1a: Tauros|confusion
|-damage|p1a: Tauros|4/100 tox|[from] confusion
|move|p2a: Pecharunt|Recover|p2a: Pecharunt
|-heal|p2a: Pecharunt|100/100 brn
|
|-heal|p1a: Tauros|10/100 tox|[from] item: Leftovers
|-damage|p1a: Tauros|0 fnt|[from] psn
|faint|p1a: Tauros
|-damage|p2a: Pecharunt|94/100 brn|[from] brn
|upkeep
|
|t:|1779838736
|switch|p1a: Dragapult|Dragapult, M|84/100
|-damage|p1a: Dragapult|67/100|[from] Spikes
|turn|12
|
|t:|1779838752
|move|p1a: Dragapult|Hex|p2a: Pecharunt
|-supereffective|p2a: Pecharunt
|-damage|p2a: Pecharunt|0 fnt
|faint|p2a: Pecharunt
|
|upkeep
|
|t:|1779838764
|switch|p2a: Blissey|Blissey, F|100/100
|turn|13
|
|t:|1779838775
|move|p1a: Dragapult|Draco Meteor|p2a: Blissey
|-damage|p2a: Blissey|82/100
|-unboost|p1a: Dragapult|spa|2
|move|p2a: Blissey|Stealth Rock|p1a: Dragapult
|-sidestart|p1: bvcnmkor85471|move: Stealth Rock
|
|upkeep
|turn|14
|
|t:|1779838789
|move|p1a: Dragapult|Will-O-Wisp|p2a: Blissey
|-status|p2a: Blissey|brn
|move|p2a: Blissey|Calm Mind|p2a: Blissey
|-boost|p2a: Blissey|spa|1
|-boost|p2a: Blissey|spd|1
|
|-damage|p2a: Blissey|76/100 brn|[from] brn
|upkeep
|turn|15
|
|t:|1779838804
|switch|p1a: Iron Valiant|Iron Valiant|100/100
|-damage|p1a: Iron Valiant|84/100|[from] Spikes
|-damage|p1a: Iron Valiant|78/100|[from] Stealth Rock
|-enditem|p1a: Iron Valiant|Booster Energy
|-activate|p1a: Iron Valiant|ability: Quark Drive|[fromitem]
|-start|p1a: Iron Valiant|quarkdrivespe
|move|p2a: Blissey|Calm Mind|p2a: Blissey
|-boost|p2a: Blissey|spa|1
|-boost|p2a: Blissey|spd|1
|
|-damage|p2a: Blissey|70/100 brn|[from] brn
|upkeep
|turn|16
|
|t:|1779838817
|-curestatus|p2a: Blissey|brn|[from] ability: Natural Cure|[silent]
|switch|p2a: Corviknight|Corviknight, M|100/100
|-ability|p2a: Corviknight|Pressure
|move|p1a: Iron Valiant|Calm Mind|p1a: Iron Valiant
|-boost|p1a: Iron Valiant|spa|1
|-boost|p1a: Iron Valiant|spd|1
|
|upkeep
|turn|17
|
|t:|1779838835
|move|p1a: Iron Valiant|Calm Mind|p1a: Iron Valiant
|-boost|p1a: Iron Valiant|spa|1
|-boost|p1a: Iron Valiant|spd|1
|move|p2a: Corviknight|U-turn|p1a: Iron Valiant
|-resisted|p1a: Iron Valiant
|-damage|p1a: Iron Valiant|73/100
|
|t:|1779838841
|switch|p2a: Blissey|Blissey, F|70/100|[from] U-turn
|
|upkeep
|turn|18
|
|t:|1779838851
|move|p1a: Iron Valiant|Calm Mind|p1a: Iron Valiant
|-boost|p1a: Iron Valiant|spa|1
|-boost|p1a: Iron Valiant|spd|1
|move|p2a: Blissey|Seismic Toss|p1a: Iron Valiant
|-damage|p1a: Iron Valiant|38/100
|
|upkeep
|turn|19
|
|t:|1779838860
|move|p1a: Iron Valiant|Close Combat|p2a: Blissey
|-supereffective|p2a: Blissey
|-damage|p2a: Blissey|0 fnt
|-unboost|p1a: Iron Valiant|def|1
|-unboost|p1a: Iron Valiant|spd|1
|faint|p2a: Blissey
|
|upkeep
|
|t:|1779838877
|switch|p2a: Gliscor|Gliscor, M|43/100 brn
|turn|20
|
|t:|1779838884
|move|p1a: Iron Valiant|Hex|p2a: Gliscor
|-damage|p2a: Gliscor|0 fnt
|faint|p2a: Gliscor
|
|upkeep
|
|t:|1779838894
|switch|p2a: Corviknight|Corviknight, M|100/100
|-ability|p2a: Corviknight|Pressure
|turn|21
|
|t:|1779838902
|move|p1a: Iron Valiant|Hex|p2a: Corviknight
|-damage|p2a: Corviknight|40/100
|move|p2a: Corviknight|Body Press|p1a: Iron Valiant
|-resisted|p1a: Iron Valiant
|-damage|p1a: Iron Valiant|15/100
|
|upkeep
|turn|22
|
|t:|1779838906
|switch|p2a: Ogerpon|Ogerpon, F|100/100
|move|p1a: Iron Valiant|Hex|p2a: Ogerpon
|-damage|p2a: Ogerpon|40/100
|
|upkeep
|turn|23
|
|t:|1779838910
|move|p1a: Iron Valiant|Hex|p2a: Ogerpon
|-damage|p2a: Ogerpon|0 fnt
|faint|p2a: Ogerpon
|
|upkeep
|
|t:|1779838914
|switch|p2a: Corviknight|Corviknight, M|40/100
|-ability|p2a: Corviknight|Pressure
|turn|24
|
|t:|1779838918
|move|p1a: Iron Valiant|Hex|p2a: Corviknight
|-damage|p2a: Corviknight|0 fnt
|faint|p2a: Corviknight
|
|win|bvcnmkor85471
|raw|bvcnmkor85471's rating: 1159 &rarr; <strong>1188</strong><br />(+29 for winning)
|raw|claudechamp's rating: 1219 &rarr; <strong>1190</strong><br />(-29 for losing)
|c|☆claudechamp|gg
|l|☆bvcnmkor85471
|player|p1|
