|j|‽xen769
|j|☆diagt14
|t:|1779856586
|gametype|singles
|player|p1|xen769|266|1342
|player|p2|diagt14|veteran|1293
|gen|9
|tier|[Gen 9] OU
|rated|
|rule|HP Percentage Mod: HP is shown in percentages
|rule|Endless Battle Clause: Forcing endless battles is banned
|rule|Species Clause: Limit one of each Pokémon
|rule|OHKO Clause: OHKO moves are banned
|rule|Evasion Items Clause: Evasion items are banned
|rule|Evasion Moves Clause: Evasion moves are banned
|rule|Evasion Abilities Clause: Evasion abilities are banned
|rule|Sleep Moves Clause: Sleep-inducing moves are banned
|clearpoke
|poke|p1|Slowking-Galar, M|
|poke|p1|Clodsire, M|
|poke|p1|Dragapult, F|
|poke|p1|Gholdengo|
|poke|p1|Weezing-Galar, M|
|poke|p1|Rotom-Wash|
|poke|p2|Pelipper, F|
|poke|p2|Barraskewda, M|
|poke|p2|Great Tusk|
|poke|p2|Walking Wake|
|poke|p2|Hatterene, F|
|poke|p2|Overqwil, M|
|teampreview
|
|t:|1779856594
|teamsize|p1|6
|teamsize|p2|6
|start
|switch|p1a: Rotom|Rotom-Wash|100/100
|switch|p2a: Pelipper|Pelipper, F|100/100
|-weather|RainDance|[from] ability: Drizzle|[of] p2a: Pelipper
|turn|1
|
|t:|1779856605
|switch|p2a: Hatterene|Hatterene, F|100/100
|move|p1a: Rotom|Hydro Pump|p2a: Hatterene
|-damage|p2a: Hatterene|9/100
|
|-weather|RainDance|[upkeep]
|upkeep
|turn|2
|
|t:|1779856614
|move|p1a: Rotom|Hydro Pump|p2a: Hatterene
|-damage|p2a: Hatterene|0 fnt
|faint|p2a: Hatterene
|
|-weather|RainDance|[upkeep]
|upkeep
|
|t:|1779856619
|switch|p2a: Overqwil|Overqwil, M|100/100
|turn|3
|
|t:|1779856633
|switch|p1a: Weezing|Weezing-Galar, M, shiny|100/100
|move|p2a: Overqwil|Gunk Shot|p1a: Weezing
|-damage|p1a: Weezing|36/100
|-damage|p2a: Overqwil|91/100|[from] item: Life Orb
|
|-weather|RainDance|[upkeep]
|upkeep
|turn|4
|
|t:|1779856658
|switch|p1a: Slowking|Slowking-Galar, M|100/100
|move|p2a: Overqwil|Liquidation|p1a: Slowking
|-damage|p1a: Slowking|57/100
|-damage|p2a: Overqwil|81/100|[from] item: Life Orb
|
|-weather|RainDance|[upkeep]
|-heal|p1a: Slowking|63/100|[from] item: Leftovers
|upkeep
|turn|5
|
|t:|1779856667
|switch|p1a: Weezing|Weezing-Galar, M, shiny|36/100
|move|p2a: Overqwil|Crunch|p1a: Weezing
|-resisted|p1a: Weezing
|-damage|p1a: Weezing|15/100
|-damage|p2a: Overqwil|64/100|[from] item: Rocky Helmet|[of] p1a: Weezing
|-damage|p2a: Overqwil|54/100|[from] item: Life Orb
|
|-weather|RainDance|[upkeep]
|upkeep
|turn|6
|
|t:|1779856677
|move|p2a: Overqwil|Crunch|p1a: Weezing
|-resisted|p1a: Weezing
|-damage|p1a: Weezing|0 fnt
|-damage|p2a: Overqwil|38/100|[from] item: Rocky Helmet|[of] p1a: Weezing
|faint|p1a: Weezing
|-damage|p2a: Overqwil|28/100|[from] item: Life Orb
|
|-weather|RainDance|[upkeep]
|upkeep
|
|t:|1779856687
|switch|p1a: Rotom|Rotom-Wash|100/100
|turn|7
|
|t:|1779856693
|move|p2a: Overqwil|Gunk Shot|p1a: Rotom|[miss]
|-miss|p2a: Overqwil|p1a: Rotom
|move|p1a: Rotom|Hydro Pump|p2a: Overqwil
|-crit|p2a: Overqwil
|-damage|p2a: Overqwil|0 fnt
|faint|p2a: Overqwil
|
|-weather|RainDance|[upkeep]
|upkeep
|
|t:|1779856700
|switch|p2a: Walking Wake|Walking Wake|100/100
|turn|8
|
|t:|1779856707
|switch|p1a: Slowking|Slowking-Galar, M|96/100
|move|p2a: Walking Wake|Draco Meteor|p1a: Slowking
|-crit|p1a: Slowking
|-damage|p1a: Slowking|0 fnt
|-unboost|p2a: Walking Wake|spa|2
|faint|p1a: Slowking
|
|-weather|none
|upkeep
|l|‽xen769
|player|p1|
|inactive|Battle timer is ON: inactive players will automatically lose when time's up. (requested by diagt14)
|inactive|xen769 has 30 seconds to reconnect!
|inactive|xen769 has 20 seconds to reconnect!
|inactive|xen769 has 15 seconds to reconnect!
|inactive|xen769 has 10 seconds to reconnect!
|inactive|xen769 has 5 seconds to reconnect!
|-message|xen769 lost due to inactivity.
|
|win|diagt14
|raw|xen769's rating: 1342 &rarr; <strong>1319</strong><br />(-23 for losing)
|raw|diagt14's rating: 1293 &rarr; <strong>1322</strong><br />(+29 for winning)
