|j|☆Rellageforce
|j|☆shauryagarchamp
|t:|1779799957
|gametype|singles
|player|p1|Rellageforce|steven|1172
|player|p2|shauryagarchamp|elesa-masters3|1134
|gen|9
|tier|[Gen 9] OU
|rated|
|rule|HP Percentage Mod: HP is shown in percentages
|rule|Endless Battle Clause: Forcing endless battles is banned
|rule|Species Clause: Limit one of each Pokémon
|rule|OHKO Clause: OHKO moves are banned
|rule|Evasion Items Clause: Evasion items are banned
|rule|Evasion Moves Clause: Evasion moves are banned
|rule|Evasion Abilities Clause: Evasion abilities are banned
|rule|Sleep Moves Clause: Sleep-inducing moves are banned
|clearpoke
|poke|p1|Talonflame, M|
|poke|p1|Sandslash-Alola, M|
|poke|p1|Darkrai|
|poke|p1|Garchomp, F|
|poke|p1|Greninja-*, M|
|poke|p1|Slowking-Galar, F|
|poke|p2|Weezing-Galar, F|
|poke|p2|Gholdengo|
|poke|p2|Ursaluna, F|
|poke|p2|Electrode-Hisui|
|poke|p2|Arcanine-Hisui, M|
|poke|p2|Weavile, M|
|teampreview
|inactive|Battle timer is ON: inactive players will automatically lose when time's up. (requested by shauryagarchamp)
|
|t:|1779799961
|teamsize|p1|6
|teamsize|p2|6
|start
|switch|p1a: Those who know|Slowking-Galar, F|100/100
|switch|p2a: Weavile|Weavile, M|100/100
|turn|1
|
|t:|1779799971
|move|p2a: Weavile|Knock Off|p1a: Those who know
|-supereffective|p1a: Those who know
|-damage|p1a: Those who know|9/100
|-enditem|p1a: Those who know|Leftovers|[from] move: Knock Off|[of] p2a: Weavile
|move|p1a: Those who know|Flamethrower|p2a: Weavile
|-supereffective|p2a: Weavile
|-damage|p2a: Weavile|18/100
|
|upkeep
|turn|2
|
|t:|1779799981
|switch|p1a: Knack|Sandslash-Alola, M, shiny|100/100
|move|p2a: Weavile|Knock Off|p1a: Knack
|-damage|p1a: Knack|50/100
|-enditem|p1a: Knack|Assault Vest|[from] move: Knock Off|[of] p2a: Weavile
|
|upkeep
|turn|3
|
|t:|1779799992
|move|p2a: Weavile|Low Sweep|p1a: Knack
|-supereffective|p1a: Knack
|-damage|p1a: Knack|0 fnt
|faint|p1a: Knack
|
|upkeep
|
|t:|1779799996
|switch|p1a: Jonathan Talo|Talonflame, M|100/100
|turn|4
|
|t:|1779800005
|move|p1a: Jonathan Talo|Acrobatics|p2a: Weavile
|-damage|p2a: Weavile|0 fnt
|faint|p2a: Weavile
|
|upkeep
|
|t:|1779800015
|switch|p2a: Arcanine|Arcanine-Hisui, M, shiny|100/100
|turn|5
|
|t:|1779800027
|switch|p1a: Those who know|Slowking-Galar, F|42/100
|move|p2a: Arcanine|Head Smash|p1a: Those who know
|-damage|p1a: Those who know|0 fnt
|faint|p1a: Those who know
|
|upkeep
|
|t:|1779800032
|switch|p1a: Frogbob|Greninja, M|100/100
|turn|6
|
|t:|1779800040
|-terastallize|p2a: Arcanine|Water
|move|p1a: Frogbob|Surf|p2a: Arcanine
|-resisted|p2a: Arcanine
|-damage|p2a: Arcanine|66/100
|move|p2a: Arcanine|Head Smash|p1a: Frogbob|[miss]
|-miss|p2a: Arcanine|p1a: Frogbob
|
|upkeep
|turn|7
|
|t:|1779800052
|move|p1a: Frogbob|Surf|p2a: Arcanine
|-resisted|p2a: Arcanine
|-damage|p2a: Arcanine|27/100
|move|p2a: Arcanine|Head Smash|p1a: Frogbob
|-damage|p1a: Frogbob|0 fnt
|faint|p1a: Frogbob
|
|upkeep
|
|t:|1779800057
|switch|p1a: Jonathan Talo|Talonflame, M|100/100
|turn|8
|
|t:|1779800062
|move|p1a: Jonathan Talo|Tailwind|p1a: Jonathan Talo
|-sidestart|p1: Rellageforce|move: Tailwind
|move|p2a: Arcanine|Head Smash|p1a: Jonathan Talo
|-supereffective|p1a: Jonathan Talo
|-damage|p1a: Jonathan Talo|0 fnt
|faint|p1a: Jonathan Talo
|
|upkeep
|
|t:|1779800068
|switch|p1a: Leagye Lour|Garchomp, F|100/100
|turn|9
|
|t:|1779800074
|move|p1a: Leagye Lour|Earthquake|p2a: Arcanine
|-damage|p2a: Arcanine|0 fnt
|faint|p2a: Arcanine
|
|upkeep
|
|t:|1779800088
|switch|p2a: Weezing|Weezing-Galar, F|100/100
|-ability|p2a: Weezing|Neutralizing Gas
|-item|p2a: Weezing|Air Balloon
|turn|10
|
|t:|1779800096
|move|p1a: Leagye Lour|Swords Dance|p1a: Leagye Lour
|-boost|p1a: Leagye Lour|atk|2
|move|p2a: Weezing|Will-O-Wisp|p1a: Leagye Lour
|-status|p1a: Leagye Lour|brn
|
|-damage|p1a: Leagye Lour|94/100 brn|[from] brn
|upkeep
|turn|11
|
|t:|1779800109
|-terastallize|p1a: Leagye Lour|Steel
|move|p1a: Leagye Lour|Iron Head|p2a: Weezing
|-supereffective|p2a: Weezing
|-damage|p2a: Weezing|34/100
|-enditem|p2a: Weezing|Air Balloon
|move|p2a: Weezing|Pain Split|p1a: Leagye Lour
|-sethp|p1a: Leagye Lour|63/100 brn|[from] move: Pain Split|[silent]
|-sethp|p2a: Weezing|67/100|[from] move: Pain Split
|
|-damage|p1a: Leagye Lour|57/100 brn|[from] brn
|-sideend|p1: Rellageforce|move: Tailwind
|upkeep
|turn|12
|
|t:|1779800125
|move|p1a: Leagye Lour|Iron Head|p2a: Weezing
|-supereffective|p2a: Weezing
|-damage|p2a: Weezing|0 fnt
|faint|p2a: Weezing
|-end|p2a: Weezing|ability: Neutralizing Gas
|
|-damage|p1a: Leagye Lour|50/100 brn|[from] brn
|upkeep
|
|t:|1779800140
|switch|p2a: Electrode|Electrode-Hisui|100/100
|turn|13
|
|t:|1779800143
|move|p2a: Electrode|Discharge|p1a: Leagye Lour
|-damage|p1a: Leagye Lour|19/100 brn
|move|p1a: Leagye Lour|Scale Shot|p2a: Electrode
|-damage|p2a: Electrode|76/100
|-damage|p2a: Electrode|51/100
|-damage|p2a: Electrode|28/100
|-damage|p2a: Electrode|5/100
|-damage|p2a: Electrode|0 fnt
|faint|p2a: Electrode
|-hitcount|p2: Electrode|5
|-unboost|p1a: Leagye Lour|def|1
|-boost|p1a: Leagye Lour|spe|1
|
|-damage|p1a: Leagye Lour|13/100 brn|[from] brn
|upkeep
|
|t:|1779800157
|switch|p2a: Gholdengo|Gholdengo|100/100
|-item|p2a: Gholdengo|Air Balloon
|turn|14
|
|t:|1779800162
|move|p1a: Leagye Lour|Scale Shot|p2a: Gholdengo
|-resisted|p2a: Gholdengo
|-damage|p2a: Gholdengo|93/100
|-enditem|p2a: Gholdengo|Air Balloon
|-resisted|p2a: Gholdengo
|-damage|p2a: Gholdengo|85/100
|-resisted|p2a: Gholdengo
|-damage|p2a: Gholdengo|78/100
|-resisted|p2a: Gholdengo
|-crit|p2a: Gholdengo
|-damage|p2a: Gholdengo|67/100
|-hitcount|p2a: Gholdengo|4
|-unboost|p1a: Leagye Lour|def|1
|-boost|p1a: Leagye Lour|spe|1
|move|p2a: Gholdengo|Shadow Ball|p1a: Leagye Lour
|-damage|p1a: Leagye Lour|0 fnt
|faint|p1a: Leagye Lour
|
|upkeep
|
|t:|1779800171
|switch|p1a: The demon within|Darkrai|100/100
|turn|15
|
|t:|1779800177
|move|p1a: The demon within|Dark Pulse|p2a: Gholdengo
|-supereffective|p2a: Gholdengo
|-damage|p2a: Gholdengo|0 fnt
|faint|p2a: Gholdengo
|-damage|p1a: The demon within|91/100|[from] item: Life Orb
|
|upkeep
|
|t:|1779800180
|switch|p2a: Ursaluna|Ursaluna, F|100/100
|turn|16
|
|t:|1779800188
|move|p2a: Ursaluna|Protect|p2a: Ursaluna
|-singleturn|p2a: Ursaluna|Protect
|move|p1a: The demon within|Dark Pulse|p2a: Ursaluna
|-activate|p2a: Ursaluna|move: Protect
|
|-status|p2a: Ursaluna|brn|[from] item: Flame Orb
|upkeep
|turn|17
|
|t:|1779800198
|move|p1a: The demon within|Dark Pulse|p2a: Ursaluna
|-damage|p2a: Ursaluna|54/100 brn
|-damage|p1a: The demon within|81/100|[from] item: Life Orb
|move|p2a: Ursaluna|Headlong Rush|p1a: The demon within
|-damage|p1a: The demon within|0 fnt
|-unboost|p2a: Ursaluna|def|1
|-unboost|p2a: Ursaluna|spd|1
|faint|p1a: The demon within
|
|win|shauryagarchamp
|raw|Rellageforce's rating: 1172 &rarr; <strong>1144</strong><br />(-28 for losing)
|raw|shauryagarchamp's rating: 1134 &rarr; <strong>1162</strong><br />(+28 for winning)
|l|☆Rellageforce
|player|p1|
|c|☆shauryagarchamp|What is that name!
|l|☆shauryagarchamp
|player|p2|
