|j|☆Dainn24
|j|☆davespekkie
|t:|1779965333
|gametype|singles
|player|p1|Dainn24|169|1208
|player|p2|davespekkie|265|1212
|gen|9
|tier|[Gen 9] OU
|rated|
|rule|HP Percentage Mod: HP is shown in percentages
|rule|Endless Battle Clause: Forcing endless battles is banned
|rule|Species Clause: Limit one of each Pokémon
|rule|OHKO Clause: OHKO moves are banned
|rule|Evasion Items Clause: Evasion items are banned
|rule|Evasion Moves Clause: Evasion moves are banned
|rule|Evasion Abilities Clause: Evasion abilities are banned
|rule|Sleep Moves Clause: Sleep-inducing moves are banned
|clearpoke
|poke|p1|Samurott-Hisui, F|
|poke|p1|Slowking-Galar, F|
|poke|p1|Hydreigon, M|
|poke|p1|Great Tusk|
|poke|p1|Iron Valiant|
|poke|p1|Gholdengo|
|poke|p2|Rotom-Wash|
|poke|p2|Iron Valiant|
|poke|p2|Landorus-Therian, M|
|poke|p2|Copperajah, M|
|poke|p2|Polteageist|
|poke|p2|Mandibuzz, F|
|teampreview
|inactive|Battle timer is ON: inactive players will automatically lose when time's up. (requested by davespekkie)
|
|t:|1779965353
|teamsize|p1|6
|teamsize|p2|6
|start
|switch|p1a: Hydreigon|Hydreigon, M|100/100
|switch|p2a: Iron Valiant|Iron Valiant, shiny|100/100
|-enditem|p2a: Iron Valiant|Booster Energy
|-activate|p2a: Iron Valiant|ability: Quark Drive|[fromitem]
|-start|p2a: Iron Valiant|quarkdrivespe
|turn|1
|
|t:|1779965365
|-terastallize|p1a: Hydreigon|Fairy
|move|p2a: Iron Valiant|Moonblast|p1a: Hydreigon
|-damage|p1a: Hydreigon|43/100
|move|p1a: Hydreigon|Flash Cannon|p2a: Iron Valiant
|-supereffective|p2a: Iron Valiant
|-damage|p2a: Iron Valiant|0 fnt
|faint|p2a: Iron Valiant
|-end|p2a: Iron Valiant|Quark Drive|[silent]
|
|upkeep
|
|t:|1779965385
|switch|p2a: Copperajah|Copperajah, M|100/100
|turn|2
|
|t:|1779965392
|switch|p1a: Samurott|Samurott-Hisui, F|100/100
|move|p2a: Copperajah|Heavy Slam|p1a: Samurott
|-resisted|p1a: Samurott
|-damage|p1a: Samurott|56/100
|
|upkeep
|turn|3
|
|t:|1779965411
|move|p1a: Samurott|Sacred Sword|p2a: Copperajah
|-supereffective|p2a: Copperajah
|-damage|p2a: Copperajah|13/100
|move|p2a: Copperajah|Earthquake|p1a: Samurott
|-damage|p1a: Samurott|5/100
|
|upkeep
|turn|4
|
|t:|1779965423
|switch|p2a: Landorus|Landorus-Therian, M|100/100
|-ability|p2a: Landorus|Intimidate|boost
|-unboost|p1a: Samurott|atk|1
|move|p1a: Samurott|Ceaseless Edge|p2a: Landorus
|-damage|p2a: Landorus|79/100
|-damage|p1a: Samurott|0 fnt|[from] item: Rocky Helmet|[of] p2a: Landorus
|faint|p1a: Samurott
|
|upkeep
|
|t:|1779965443
|switch|p1a: Great Tusk|Great Tusk|100/100
|turn|5
|
|t:|1779965453
|move|p1a: Great Tusk|Ice Spinner|p2a: Landorus
|-supereffective|p2a: Landorus
|-crit|p2a: Landorus
|-damage|p2a: Landorus|0 fnt
|-damage|p1a: Great Tusk|84/100|[from] item: Rocky Helmet|[of] p2a: Landorus
|faint|p2a: Landorus
|
|-heal|p1a: Great Tusk|90/100|[from] item: Leftovers
|upkeep
|
|t:|1779965461
|switch|p2a: Rotom|Rotom-Wash|100/100
|turn|6
|
|t:|1779965472
|-end|p1a: Great Tusk|Protosynthesis|[silent]
|switch|p1a: Slowking|Slowking-Galar, F|100/100
|move|p2a: Rotom|Will-O-Wisp|p1a: Slowking|[miss]
|-miss|p2a: Rotom|p1a: Slowking
|
|upkeep
|turn|7
|-message|davespekkie forfeited.
|
|win|Dainn24
|raw|Dainn24's rating: 1208 &rarr; <strong>1233</strong><br />(+25 for winning)
|raw|davespekkie's rating: 1212 &rarr; <strong>1187</strong><br />(-25 for losing)
|l|☆davespekkie
|player|p2|
|l|☆Dainn24
|player|p1|
