|j|☆Slippygar
|j|☆Peteblackx
|t:|1779864220
|gametype|singles
|player|p1|Slippygar|101|1154
|player|p2|Peteblackx|266|1181
|gen|9
|tier|[Gen 9] OU
|rated|
|rule|HP Percentage Mod: HP is shown in percentages
|rule|Endless Battle Clause: Forcing endless battles is banned
|rule|Species Clause: Limit one of each Pokémon
|rule|OHKO Clause: OHKO moves are banned
|rule|Evasion Items Clause: Evasion items are banned
|rule|Evasion Moves Clause: Evasion moves are banned
|rule|Evasion Abilities Clause: Evasion abilities are banned
|rule|Sleep Moves Clause: Sleep-inducing moves are banned
|clearpoke
|poke|p1|Ursaluna, M|
|poke|p1|Alomomola, F|
|poke|p1|Heatran, M|
|poke|p1|Slowking-Galar, M|
|poke|p1|Slowbro, M|
|poke|p1|Kingambit, M|
|poke|p2|Toxtricity, M|
|poke|p2|Latios, M|
|poke|p2|Basculegion, M|
|poke|p2|Cinderace, F|
|poke|p2|Kingambit, M|
|poke|p2|Great Tusk|
|teampreview
|inactive|Battle timer is ON: inactive players will automatically lose when time's up. (requested by Peteblackx)
|j| kavorfle
|
|t:|1779864245
|teamsize|p1|6
|teamsize|p2|6
|start
|switch|p1a: Slowking|Slowking-Galar, M|100/100
|switch|p2a: Great Tusk|Great Tusk|100/100
|turn|1
|
|t:|1779864252
|-terastallize|p1a: Slowking|Grass
|move|p2a: Great Tusk|Stealth Rock|p1a: Slowking
|-sidestart|p1: Slippygar|move: Stealth Rock
|move|p1a: Slowking|Trick Room|p1a: Slowking
|-fieldstart|move: Trick Room|[of] p1a: Slowking
|
|upkeep
|turn|2
|
|t:|1779864277
|-end|p2a: Great Tusk|Protosynthesis|[silent]
|switch|p2a: Cinderace|Cinderace, F|100/100
|move|p1a: Slowking|Psychic|p2a: Cinderace
|-damage|p2a: Cinderace|34/100
|
|upkeep
|turn|3
|
|t:|1779864285
|move|p1a: Slowking|Sludge Bomb|p2a: Cinderace
|-damage|p2a: Cinderace|0 fnt
|faint|p2a: Cinderace
|
|upkeep
|
|t:|1779864294
|switch|p2a: Kingambit|Kingambit, M|100/100
|-activate|p2a: Kingambit|ability: Supreme Overlord
|-start|p2a: Kingambit|fallen1|[silent]
|turn|4
|
|t:|1779864302
|switch|p1a: Ursaluna|Ursaluna, M|100/100
|-damage|p1a: Ursaluna|94/100|[from] Stealth Rock
|move|p2a: Kingambit|Swords Dance|p2a: Kingambit
|-boost|p2a: Kingambit|atk|2
|
|-status|p1a: Ursaluna|brn|[from] item: Flame Orb
|upkeep
|turn|5
|
|t:|1779864312
|-terastallize|p2a: Kingambit|Flying
|move|p1a: Ursaluna|Drain Punch|p2a: Kingambit
|-resisted|p2a: Kingambit
|-damage|p2a: Kingambit|83/100
|-heal|p1a: Ursaluna|100/100 brn|[from] drain|[of] p2a: Kingambit
|move|p2a: Kingambit|Kowtow Cleave|p1a: Ursaluna
|-damage|p1a: Ursaluna|13/100 brn
|
|-damage|p1a: Ursaluna|6/100 brn|[from] brn
|-fieldend|move: Trick Room
|upkeep
|turn|6
|
|t:|1779864324
|move|p2a: Kingambit|Iron Head|p1a: Ursaluna
|-damage|p1a: Ursaluna|0 fnt
|faint|p1a: Ursaluna
|
|upkeep
|
|t:|1779864334
|switch|p1a: Slowking|Slowking-Galar, M, tera:Grass|100/100
|-damage|p1a: Slowking|88/100|[from] Stealth Rock
|turn|7
|inactive|Peteblackx has 120 seconds left.
|inactive|Peteblackx has 90 seconds left.
|
|t:|1779864420
|move|p2a: Kingambit|Kowtow Cleave|p1a: Slowking
|-damage|p1a: Slowking|0 fnt
|faint|p1a: Slowking
|
|upkeep
|
|t:|1779864431
|switch|p1a: Alomomola|Alomomola, F|100/100
|turn|8
|inactive|Peteblackx has 60 seconds left.
|
|t:|1779864454
|move|p1a: Alomomola|Flip Turn|p2a: Kingambit
|-damage|p2a: Kingambit|72/100
|inactive|Slippygar has 120 seconds left.
|
|t:|1779864493
|switch|p1a: Slowbro|Slowbro, M|100/100|[from] Flip Turn
|-damage|p1a: Slowbro|88/100|[from] Stealth Rock
|move|p2a: Kingambit|Kowtow Cleave|p1a: Slowbro
|-supereffective|p1a: Slowbro
|-damage|p1a: Slowbro|0 fnt
|-damage|p2a: Kingambit|55/100|[from] item: Rocky Helmet|[of] p1a: Slowbro
|faint|p1a: Slowbro
|
|upkeep
|inactive|Slippygar has 120 seconds left.
|
|t:|1779864504
|switch|p1a: Kingambit|Kingambit, M, shiny|100/100
|-damage|p1a: Kingambit|94/100|[from] Stealth Rock
|-activate|p1a: Kingambit|ability: Supreme Overlord
|-start|p1a: Kingambit|fallen3|[silent]
|turn|9
|inactive|Slippygar has 120 seconds left.
|
|t:|1779864521
|-end|p2a: Kingambit|fallen1|[silent]
|switch|p2a: Great Tusk|Great Tusk|100/100
|move|p1a: Kingambit|Sucker Punch||[still]
|-fail|p1a: Kingambit
|
|upkeep
|turn|10
|inactive|Slippygar has 120 seconds left.
|inactive|Slippygar has 90 seconds left.
|
|t:|1779864582
|move|p2a: Great Tusk|Earthquake|p1a: Kingambit
|-supereffective|p1a: Kingambit
|-damage|p1a: Kingambit|15/100
|move|p1a: Kingambit|Iron Head|p2a: Great Tusk
|-damage|p2a: Great Tusk|69/100
|
|-heal|p2a: Great Tusk|75/100|[from] item: Leftovers
|upkeep
|turn|11
|
|t:|1779864591
|-end|p1a: Kingambit|fallen3|[silent]
|switch|p1a: Alomomola|Alomomola, F|100/100
|move|p2a: Great Tusk|Knock Off|p1a: Alomomola
|-damage|p1a: Alomomola|85/100
|-enditem|p1a: Alomomola|Heavy-Duty Boots|[from] move: Knock Off|[of] p2a: Great Tusk
|
|-heal|p2a: Great Tusk|81/100|[from] item: Leftovers
|upkeep
|turn|12
|l| kavorfle
|
|t:|1779864600
|move|p2a: Great Tusk|Earthquake|p1a: Alomomola
|-damage|p1a: Alomomola|63/100
|move|p1a: Alomomola|Wish|p1a: Alomomola
|
|-heal|p2a: Great Tusk|87/100|[from] item: Leftovers
|upkeep
|turn|13
|inactive|Peteblackx has 90 seconds left.
|
|t:|1779864621
|-end|p2a: Great Tusk|Protosynthesis|[silent]
|switch|p2a: Toxtricity|Toxtricity, M|100/100
|move|p1a: Alomomola|Flip Turn|p2a: Toxtricity
|-crit|p2a: Toxtricity
|-damage|p2a: Toxtricity|67/100
|
|t:|1779864648
|switch|p1a: Kingambit|Kingambit, M, shiny|15/100|[from] Flip Turn
|-damage|p1a: Kingambit|8/100|[from] Stealth Rock
|-activate|p1a: Kingambit|ability: Supreme Overlord
|-start|p1a: Kingambit|fallen3|[silent]
|
|-heal|p1a: Kingambit|87/100|[from] move: Wish|[wisher] Alomomola
|upkeep
|turn|14
|inactive|Peteblackx has 90 seconds left.
|
|t:|1779864662
|switch|p2a: Great Tusk|Great Tusk|87/100
|move|p1a: Kingambit|Sucker Punch||[still]
|-fail|p1a: Kingambit
|
|-heal|p2a: Great Tusk|94/100|[from] item: Leftovers
|upkeep
|turn|15
|
|t:|1779864671
|move|p2a: Great Tusk|Earthquake|p1a: Kingambit
|-supereffective|p1a: Kingambit
|-damage|p1a: Kingambit|16/100
|move|p1a: Kingambit|Iron Head|p2a: Great Tusk
|-damage|p2a: Great Tusk|62/100
|
|-heal|p2a: Great Tusk|68/100|[from] item: Leftovers
|upkeep
|turn|16
|
|t:|1779864680
|move|p1a: Kingambit|Sucker Punch|p2a: Great Tusk
|-resisted|p2a: Great Tusk
|-crit|p2a: Great Tusk
|-damage|p2a: Great Tusk|44/100
|move|p2a: Great Tusk|Earthquake|p1a: Kingambit
|-supereffective|p1a: Kingambit
|-damage|p1a: Kingambit|0 fnt
|faint|p1a: Kingambit
|-end|p1a: Kingambit|fallen3|[silent]
|
|-heal|p2a: Great Tusk|50/100|[from] item: Leftovers
|upkeep
|
|t:|1779864690
|switch|p1a: Alomomola|Alomomola, F|96/100
|-damage|p1a: Alomomola|84/100|[from] Stealth Rock
|turn|17
|
|t:|1779864697
|-end|p2a: Great Tusk|Protosynthesis|[silent]
|switch|p2a: Toxtricity|Toxtricity, M|67/100
|move|p1a: Alomomola|Flip Turn|p2a: Toxtricity
|-damage|p2a: Toxtricity|44/100
|
|t:|1779864703
|switch|p1a: Heatran|Heatran, M|100/100|[from] Flip Turn
|-damage|p1a: Heatran|88/100|[from] Stealth Rock
|
|-heal|p1a: Heatran|94/100|[from] item: Leftovers
|upkeep
|turn|18
|
|t:|1779864713
|move|p2a: Toxtricity|Overdrive|p1a: Heatran
|-damage|p1a: Heatran|48/100
|-enditem|p2a: Toxtricity|Throat Spray
|-boost|p2a: Toxtricity|spa|1|[from] item: Throat Spray
|move|p1a: Heatran|Earth Power|p2a: Toxtricity
|-supereffective|p2a: Toxtricity
|-damage|p2a: Toxtricity|0 fnt
|faint|p2a: Toxtricity
|
|-heal|p1a: Heatran|55/100|[from] item: Leftovers
|upkeep
|
|t:|1779864716
|switch|p2a: Basculegion|Basculegion, M|100/100
|turn|19
|inactive|Slippygar has 90 seconds left.
|
|t:|1779864727
|switch|p1a: Alomomola|Alomomola, F|100/100
|-damage|p1a: Alomomola|88/100|[from] Stealth Rock
|move|p2a: Basculegion|Wave Crash|p1a: Alomomola
|-resisted|p1a: Alomomola
|-damage|p1a: Alomomola|56/100
|-damage|p2a: Basculegion|88/100|[from] Recoil
|
|upkeep
|turn|20
|
|t:|1779864736
|switch|p2a: Great Tusk|Great Tusk|50/100
|move|p1a: Alomomola|Wish|p1a: Alomomola
|
|-heal|p2a: Great Tusk|57/100|[from] item: Leftovers
|upkeep
|turn|21
|
|t:|1779864743
|move|p1a: Alomomola|Protect|p1a: Alomomola
|-singleturn|p1a: Alomomola|Protect
|move|p2a: Great Tusk|Earthquake|p1a: Alomomola
|-activate|p1a: Alomomola|move: Protect
|
|-heal|p1a: Alomomola|100/100|[from] move: Wish|[wisher] Alomomola
|-heal|p2a: Great Tusk|63/100|[from] item: Leftovers
|upkeep
|turn|22
|
|t:|1779864753
|move|p2a: Great Tusk|Earthquake|p1a: Alomomola
|-damage|p1a: Alomomola|78/100
|move|p1a: Alomomola|Wish|p1a: Alomomola
|
|-heal|p2a: Great Tusk|69/100|[from] item: Leftovers
|upkeep
|turn|23
|
|t:|1779864760
|move|p2a: Great Tusk|Earthquake|p1a: Alomomola
|-damage|p1a: Alomomola|54/100
|move|p1a: Alomomola|Flip Turn|p2a: Great Tusk
|-supereffective|p2a: Great Tusk
|-damage|p2a: Great Tusk|55/100
|
|t:|1779864766
|switch|p1a: Heatran|Heatran, M|55/100|[from] Flip Turn
|-damage|p1a: Heatran|42/100|[from] Stealth Rock
|
|-heal|p1a: Heatran|100/100|[from] move: Wish|[wisher] Alomomola
|-heal|p2a: Great Tusk|61/100|[from] item: Leftovers
|upkeep
|turn|24
|
|t:|1779864778
|move|p2a: Great Tusk|Earthquake|p1a: Heatran
|-supereffective|p1a: Heatran
|-damage|p1a: Heatran|0 fnt
|faint|p1a: Heatran
|
|-heal|p2a: Great Tusk|67/100|[from] item: Leftovers
|upkeep
|-message|Slippygar forfeited.
|
|win|Peteblackx
|raw|Slippygar's rating: 1154 &rarr; <strong>1131</strong><br />(-23 for losing)
|raw|Peteblackx's rating: 1181 &rarr; <strong>1204</strong><br />(+23 for winning)
|l|☆Slippygar
|player|p1|
|l|☆Peteblackx
|player|p2|
