|j|☆1 euro de l'H
|j|☆dfih
|t:|1779950247
|gametype|singles
|player|p1|1 euro de l'H|artist-gen4|1685
|player|p2|dfih|cynthia-masters4|1581
|gen|9
|tier|[Gen 9] OU
|rated|
|rule|HP Percentage Mod: HP is shown in percentages
|rule|Endless Battle Clause: Forcing endless battles is banned
|rule|Species Clause: Limit one of each Pokémon
|rule|OHKO Clause: OHKO moves are banned
|rule|Evasion Items Clause: Evasion items are banned
|rule|Evasion Moves Clause: Evasion moves are banned
|rule|Evasion Abilities Clause: Evasion abilities are banned
|rule|Sleep Moves Clause: Sleep-inducing moves are banned
|clearpoke
|poke|p1|Blaziken, F|
|poke|p1|Kingambit, M|
|poke|p1|Landorus-Therian, M|
|poke|p1|Ogerpon-Wellspring, F|
|poke|p1|Iron Valiant|
|poke|p1|Gholdengo|
|poke|p2|Slither Wing|
|poke|p2|Ninetales, F|
|poke|p2|Walking Wake|
|poke|p2|Iron Moth|
|poke|p2|Hatterene, F|
|poke|p2|Blaziken, F|
|teampreview
|inactive|Battle timer is ON: inactive players will automatically lose when time's up. (requested by 1 euro de l'H)
|
|t:|1779950257
|teamsize|p1|6
|teamsize|p2|6
|start
|switch|p1a: Blaziken|Blaziken, F|100/100
|switch|p2a: Tamamo|Ninetales, F, shiny|100/100
|-weather|SunnyDay|[from] ability: Drought|[of] p2a: Tamamo
|turn|1
|
|t:|1779950265
|switch|p2a: Tonelico|Hatterene, F, shiny|100/100
|move|p1a: Blaziken|Swords Dance|p1a: Blaziken
|-boost|p1a: Blaziken|atk|2
|
|-weather|SunnyDay|[upkeep]
|-ability|p1a: Blaziken|Speed Boost|boost
|-boost|p1a: Blaziken|spe|1
|upkeep
|turn|2
|
|t:|1779950270
|-terastallize|p2a: Tonelico|Water
|move|p1a: Blaziken|Protect|p1a: Blaziken
|-singleturn|p1a: Blaziken|Protect
|move|p2a: Tonelico|Nuzzle|p1a: Blaziken
|-activate|p1a: Blaziken|move: Protect
|
|-weather|SunnyDay|[upkeep]
|-ability|p1a: Blaziken|Speed Boost|boost
|-boost|p1a: Blaziken|spe|1
|upkeep
|turn|3
|
|t:|1779950275
|move|p1a: Blaziken|Close Combat|p2a: Tonelico
|-damage|p2a: Tonelico|0 fnt
|-unboost|p1a: Blaziken|def|1
|-unboost|p1a: Blaziken|spd|1
|faint|p2a: Tonelico
|-damage|p1a: Blaziken|91/100|[from] item: Life Orb
|
|-weather|SunnyDay|[upkeep]
|-ability|p1a: Blaziken|Speed Boost|boost
|-boost|p1a: Blaziken|spe|1
|upkeep
|c|☆1 euro de l'H|GG
|c|☆dfih|yeah dang
|inactive|dfih has 120 seconds left.
|
|t:|1779950308
|switch|p2a: Beru|Slither Wing, shiny|100/100
|-activate|p2a: Beru|ability: Protosynthesis
|-start|p2a: Beru|protosynthesisatk
|turn|4
|inactive|dfih has 120 seconds left.
|
|t:|1779950319
|-end|p2a: Beru|Protosynthesis|[silent]
|switch|p2a: Infernape's Son|Blaziken, F, shiny|100/100
|move|p1a: Blaziken|Protect||[still]
|-fail|p1a: Blaziken
|
|-weather|SunnyDay|[upkeep]
|-ability|p1a: Blaziken|Speed Boost|boost
|-boost|p1a: Blaziken|spe|1
|upkeep
|turn|5
|inactive|dfih has 120 seconds left.
|c|☆dfih|totally over
|
|t:|1779950335
|move|p2a: Infernape's Son|Protect|p2a: Infernape's Son
|-singleturn|p2a: Infernape's Son|Protect
|move|p1a: Blaziken|Close Combat|p2a: Infernape's Son
|-activate|p2a: Infernape's Son|move: Protect
|
|-weather|SunnyDay|[upkeep]
|-ability|p1a: Blaziken|Speed Boost|boost
|-boost|p1a: Blaziken|spe|1
|-ability|p2a: Infernape's Son|Speed Boost|boost
|-boost|p2a: Infernape's Son|spe|1
|upkeep
|turn|6
|inactive|dfih has 120 seconds left.
|
|t:|1779950344
|move|p1a: Blaziken|Close Combat|p2a: Infernape's Son
|-damage|p2a: Infernape's Son|0 fnt
|-unboost|p1a: Blaziken|def|1
|-unboost|p1a: Blaziken|spd|1
|faint|p2a: Infernape's Son
|-damage|p1a: Blaziken|81/100|[from] item: Life Orb
|
|-weather|SunnyDay|[upkeep]
|-ability|p1a: Blaziken|Speed Boost|boost
|-boost|p1a: Blaziken|spe|1
|upkeep
|
|t:|1779950348
|switch|p2a: Beru|Slither Wing, shiny|100/100
|-activate|p2a: Beru|ability: Protosynthesis
|-start|p2a: Beru|protosynthesisatk
|turn|7
|
|t:|1779950351
|move|p1a: Blaziken|Protect|p1a: Blaziken
|-singleturn|p1a: Blaziken|Protect
|move|p2a: Beru|First Impression|p1a: Blaziken
|-activate|p1a: Blaziken|move: Protect
|
|-weather|SunnyDay|[upkeep]
|upkeep
|turn|8
|
|t:|1779950358
|move|p2a: Beru|First Impression||[still]
|-hint|First Impression only works on your first turn out.
|-fail|p2a: Beru
|move|p1a: Blaziken|Flare Blitz|p2a: Beru
|-supereffective|p2a: Beru
|-damage|p2a: Beru|0 fnt
|faint|p2a: Beru
|-end|p2a: Beru|Protosynthesis|[silent]
|-damage|p1a: Blaziken|45/100|[from] Recoil
|-damage|p1a: Blaziken|35/100|[from] item: Life Orb
|
|-weather|none
|upkeep
|-message|dfih forfeited.
|
|win|1 euro de l'H
|raw|1 euro de l&apos;H's rating: 1685 &rarr; <strong>1699</strong><br />(+14 for winning)
|raw|dfih's rating: 1581 &rarr; <strong>1567</strong><br />(-14 for losing)
|l|☆dfih
|player|p2|
|l|☆1 euro de l'H
|player|p1|
