|j|☆Goidel
|j|☆wtvdd
|t:|1779959283
|gametype|singles
|player|p1|Goidel|gentleman-gen4|1069
|player|p2|wtvdd|170|1090
|gen|9
|tier|[Gen 9] OU
|rated|
|rule|HP Percentage Mod: HP is shown in percentages
|rule|Endless Battle Clause: Forcing endless battles is banned
|rule|Species Clause: Limit one of each Pokémon
|rule|OHKO Clause: OHKO moves are banned
|rule|Evasion Items Clause: Evasion items are banned
|rule|Evasion Moves Clause: Evasion moves are banned
|rule|Evasion Abilities Clause: Evasion abilities are banned
|rule|Sleep Moves Clause: Sleep-inducing moves are banned
|clearpoke
|poke|p1|Mimikyu, F|
|poke|p1|Gardevoir, M|
|poke|p1|Gallade, M|
|poke|p1|Greninja-*, M|
|poke|p1|Excadrill, M|
|poke|p1|Arcanine, M|
|poke|p2|Leavanny, M|
|poke|p2|Iron Moth|
|poke|p2|Hatterene, F|
|poke|p2|Mandibuzz, F|
|poke|p2|Great Tusk|
|poke|p2|Gholdengo|
|teampreview
|
|t:|1779959294
|teamsize|p1|6
|teamsize|p2|6
|start
|switch|p1a: Excadrill|Excadrill, M|100/100
|switch|p2a: Leavanny|Leavanny, M|100/100
|-ability|p1a: Excadrill|Mold Breaker
|turn|1
|
|t:|1779959304
|move|p1a: Excadrill|Metal Claw|p2a: Leavanny
|-damage|p2a: Leavanny|60/100
|-boost|p1a: Excadrill|atk|1
|move|p2a: Leavanny|Sticky Web|p1a: Excadrill
|-sidestart|p1: Goidel|move: Sticky Web
|
|upkeep
|turn|2
|
|t:|1779959317
|switch|p2a: Gholdengo|Gholdengo|100/100
|-item|p2a: Gholdengo|Air Balloon
|move|p1a: Excadrill|Metal Claw|p2a: Gholdengo
|-resisted|p2a: Gholdengo
|-damage|p2a: Gholdengo|81/100
|-enditem|p2a: Gholdengo|Air Balloon
|
|upkeep
|turn|3
|
|t:|1779959330
|switch|p1a: Arcanine|Arcanine, M|100/100
|-activate|p1a: Arcanine|move: Sticky Web
|-unboost|p1a: Arcanine|spe|1
|move|p2a: Gholdengo|Nasty Plot|p2a: Gholdengo
|-boost|p2a: Gholdengo|spa|2
|
|upkeep
|turn|4
|
|t:|1779959359
|switch|p2a: Mandibuzz|Mandibuzz, F|100/100
|move|p1a: Arcanine|Agility|p1a: Arcanine
|-boost|p1a: Arcanine|spe|2
|
|upkeep
|turn|5
|
|t:|1779959374
|move|p1a: Arcanine|Fire Fang|p2a: Mandibuzz
|-damage|p2a: Mandibuzz|70/100
|-ability|p2a: Mandibuzz|Weak Armor|boost
|-unboost|p2a: Mandibuzz|def|1
|-boost|p2a: Mandibuzz|spe|2
|move|p2a: Mandibuzz|Foul Play|p1a: Arcanine
|-damage|p1a: Arcanine|15/100
|-damage|p2a: Mandibuzz|60/100|[from] item: Life Orb
|
|upkeep
|turn|6
|
|t:|1779959385
|move|p2a: Mandibuzz|Foul Play|p1a: Arcanine
|-damage|p1a: Arcanine|0 fnt
|faint|p1a: Arcanine
|-damage|p2a: Mandibuzz|50/100|[from] item: Life Orb
|
|upkeep
|
|t:|1779959398
|switch|p1a: Gallade|Gallade, M|100/100
|-activate|p1a: Gallade|move: Sticky Web
|-unboost|p1a: Gallade|spe|1
|turn|7
|
|t:|1779959407
|move|p2a: Mandibuzz|Brave Bird|p1a: Gallade
|-supereffective|p1a: Gallade
|-damage|p1a: Gallade|0 fnt
|faint|p1a: Gallade
|-damage|p2a: Mandibuzz|19/100|[from] Recoil
|-damage|p2a: Mandibuzz|9/100|[from] item: Life Orb
|
|upkeep
|
|t:|1779959415
|switch|p1a: Excadrill|Excadrill, M|100/100
|-activate|p1a: Excadrill|move: Sticky Web
|-unboost|p1a: Excadrill|spe|1
|-ability|p1a: Excadrill|Mold Breaker
|turn|8
|
|t:|1779959427
|move|p2a: Mandibuzz|Foul Play|p1a: Excadrill
|-damage|p1a: Excadrill|7/100
|-damage|p2a: Mandibuzz|0 fnt|[from] item: Life Orb
|faint|p2a: Mandibuzz
|move|p1a: Excadrill|Drill Run|p2: Mandibuzz|[notarget]
|-fail|p1a: Excadrill
|
|upkeep
|
|t:|1779959448
|switch|p2a: Iron Moth|Iron Moth|100/100
|-enditem|p2a: Iron Moth|Booster Energy
|-activate|p2a: Iron Moth|ability: Quark Drive|[fromitem]
|-start|p2a: Iron Moth|quarkdrivespa
|turn|9
|
|t:|1779959453
|-terastallize|p2a: Iron Moth|Fire
|move|p2a: Iron Moth|Fiery Dance|p1a: Excadrill
|-supereffective|p1a: Excadrill
|-damage|p1a: Excadrill|0 fnt
|faint|p1a: Excadrill
|
|upkeep
|
|t:|1779959459
|switch|p1a: Greninja|Greninja, M|100/100
|-activate|p1a: Greninja|move: Sticky Web
|-unboost|p1a: Greninja|spe|1
|turn|10
|
|t:|1779959468
|move|p2a: Iron Moth|Discharge|p1a: Greninja
|-supereffective|p1a: Greninja
|-damage|p1a: Greninja|0 fnt
|faint|p1a: Greninja
|
|upkeep
|
|t:|1779959473
|switch|p1a: Mimikyu|Mimikyu, F, shiny|100/100
|-activate|p1a: Mimikyu|move: Sticky Web
|-unboost|p1a: Mimikyu|spe|1
|turn|11
|
|t:|1779959481
|move|p1a: Mimikyu|Shadow Sneak|p2a: Iron Moth
|-damage|p2a: Iron Moth|75/100
|move|p2a: Iron Moth|Fiery Dance|p1a: Mimikyu
|-activate|p1a: Mimikyu|ability: Disguise
|-damage|p1a: Mimikyu|100/100
|detailschange|p1a: Mimikyu|Mimikyu-Busted, F, shiny
|-damage|p1a: Mimikyu|88/100|[from] pokemon: Mimikyu-Busted
|-enditem|p1a: Mimikyu|Red Card|[of] p2a: Iron Moth
|-end|p2a: Iron Moth|Quark Drive|[silent]
|drag|p2a: Great Tusk|Great Tusk|100/100
|
|upkeep
|turn|12
|
|t:|1779959507
|move|p2a: Great Tusk|Headlong Rush|p1a: Mimikyu
|-damage|p1a: Mimikyu|0 fnt
|-unboost|p2a: Great Tusk|def|1
|-unboost|p2a: Great Tusk|spd|1
|faint|p1a: Mimikyu
|
|upkeep
|
|t:|1779959513
|switch|p1a: Gardevoir|Gardevoir, M|100/100
|-activate|p1a: Gardevoir|move: Sticky Web
|-unboost|p1a: Gardevoir|spe|1
|turn|13
|
|t:|1779959522
|move|p2a: Great Tusk|Headlong Rush|p1a: Gardevoir
|-damage|p1a: Gardevoir|0 fnt
|-unboost|p2a: Great Tusk|def|1
|-unboost|p2a: Great Tusk|spd|1
|faint|p1a: Gardevoir
|
|win|wtvdd
|raw|Goidel's rating: 1069 &rarr; <strong>1050</strong><br />(-19 for losing)
|raw|wtvdd's rating: 1090 &rarr; <strong>1115</strong><br />(+25 for winning)
|l|☆Goidel
|player|p1|
|c|☆wtvdd|ggs
