|j|☆Uncle Dre
|j|☆haricane
|t:|1779801923
|gametype|singles
|player|p1|Uncle Dre|red|1288
|player|p2|haricane|hilbert|1307
|gen|9
|tier|[Gen 9] OU
|rated|
|rule|HP Percentage Mod: HP is shown in percentages
|rule|Endless Battle Clause: Forcing endless battles is banned
|rule|Species Clause: Limit one of each Pokémon
|rule|OHKO Clause: OHKO moves are banned
|rule|Evasion Items Clause: Evasion items are banned
|rule|Evasion Moves Clause: Evasion moves are banned
|rule|Evasion Abilities Clause: Evasion abilities are banned
|rule|Sleep Moves Clause: Sleep-inducing moves are banned
|clearpoke
|poke|p1|Great Tusk|
|poke|p1|Ribombee, M|
|poke|p1|Ceruledge, M|
|poke|p1|Gholdengo|
|poke|p1|Dragonite, M|
|poke|p1|Darkrai|
|poke|p2|Iron Thorns|
|poke|p2|Dragapult, M|
|poke|p2|Latias, F|
|poke|p2|Pawmot, M|
|poke|p2|Noivern, M|
|poke|p2|Armarouge, M|
|teampreview
|inactive|Battle timer is ON: inactive players will automatically lose when time's up. (requested by haricane)
|
|t:|1779801936
|teamsize|p1|6
|teamsize|p2|6
|start
|switch|p1a: Ribombee|Ribombee, M|100/100
|switch|p2a: Iron Thorns|Iron Thorns, shiny|100/100
|-enditem|p2a: Iron Thorns|Booster Energy
|-activate|p2a: Iron Thorns|ability: Quark Drive|[fromitem]
|-start|p2a: Iron Thorns|quarkdriveatk
|turn|1
|
|t:|1779801949
|move|p1a: Ribombee|Sticky Web|p2a: Iron Thorns
|-sidestart|p2: haricane|move: Sticky Web
|move|p2a: Iron Thorns|Ice Punch|p1a: Ribombee
|-damage|p1a: Ribombee|23/100
|
|upkeep
|turn|2
|
|t:|1779801974
|move|p1a: Ribombee|Moonblast|p2a: Iron Thorns
|-crit|p2a: Iron Thorns
|-damage|p2a: Iron Thorns|28/100
|move|p2a: Iron Thorns|Dragon Dance|p2a: Iron Thorns
|-boost|p2a: Iron Thorns|atk|1
|-boost|p2a: Iron Thorns|spe|1
|
|upkeep
|turn|3
|inactive|haricane has 120 seconds left.
|
|t:|1779802033
|move|p1a: Ribombee|Moonblast|p2a: Iron Thorns
|-damage|p2a: Iron Thorns|0 fnt
|faint|p2a: Iron Thorns
|-end|p2a: Iron Thorns|Quark Drive|[silent]
|
|upkeep
|inactive|haricane has 90 seconds left.
|
|t:|1779802058
|switch|p2a: Latias|Latias, F|100/100
|turn|4
|
|t:|1779802074
|move|p1a: Ribombee|Moonblast|p2a: Latias
|-supereffective|p2a: Latias
|-damage|p2a: Latias|34/100
|-enditem|p2a: Latias|Weakness Policy
|-boost|p2a: Latias|atk|2|[from] item: Weakness Policy
|-boost|p2a: Latias|spa|2|[from] item: Weakness Policy
|move|p2a: Latias|Agility|p2a: Latias
|-boost|p2a: Latias|spe|2
|
|upkeep
|turn|5
|inactive|haricane has 90 seconds left.
|
|t:|1779802085
|move|p2a: Latias|Stored Power|p1a: Ribombee
|-damage|p1a: Ribombee|0 fnt
|faint|p1a: Ribombee
|
|upkeep
|
|t:|1779802096
|switch|p1a: Ceruledge|Ceruledge, M|100/100
|turn|6
|
|t:|1779802103
|-terastallize|p2a: Latias|Normal
|move|p1a: Ceruledge|Shadow Sneak|p2a: Latias
|-immune|p2a: Latias
|move|p2a: Latias|Shadow Ball|p1a: Ceruledge
|-supereffective|p1a: Ceruledge
|-damage|p1a: Ceruledge|0 fnt
|faint|p1a: Ceruledge
|
|upkeep
|
|t:|1779802113
|switch|p1a: Dragonite|Dragonite, M|100/100
|turn|7
|
|t:|1779802117
|move|p1a: Dragonite|Extreme Speed|p2a: Latias
|-crit|p2a: Latias
|-damage|p2a: Latias|0 fnt
|faint|p2a: Latias
|
|upkeep
|
|t:|1779802126
|switch|p2a: Noivern|Noivern, M|100/100
|-item|p1a: Dragonite|Choice Band|[from] ability: Frisk|[of] p2a: Noivern
|turn|8
|
|t:|1779802138
|switch|p1a: Gholdengo|Gholdengo|100/100
|-item|p1a: Gholdengo|Air Balloon
|move|p2a: Noivern|Switcheroo|p1a: Gholdengo
|-immune|p1a: Gholdengo|[from] ability: Good as Gold
|
|upkeep
|turn|9
|inactive|haricane has 120 seconds left.
|
|t:|1779802153
|switch|p2a: Armarouge|Armarouge, M, shiny|100/100
|-activate|p2a: Armarouge|move: Sticky Web
|-unboost|p2a: Armarouge|spe|1
|move|p1a: Gholdengo|Nasty Plot|p1a: Gholdengo
|-boost|p1a: Gholdengo|spa|2
|
|upkeep
|turn|10
|
|t:|1779802163
|move|p2a: Armarouge|Endure|p2a: Armarouge
|-singleturn|p2a: Armarouge|move: Endure
|move|p1a: Gholdengo|Shadow Ball|p2a: Armarouge
|-supereffective|p2a: Armarouge
|-activate|p2a: Armarouge|move: Endure
|-damage|p2a: Armarouge|1/100
|
|upkeep
|turn|11
|-enditem|p2a: Armarouge|Custap Berry|[eat]
|-activate|p2a: Armarouge|item: Custap Berry|[consumed]
|
|t:|1779802187
|switch|p1a: Dragonite|Dragonite, M|100/100
|move|p2a: Armarouge|Armor Cannon|p1a: Dragonite
|-resisted|p1a: Dragonite
|-damage|p1a: Dragonite|84/100
|-unboost|p2a: Armarouge|def|1
|-unboost|p2a: Armarouge|spd|1
|
|upkeep
|turn|12
|c|☆Uncle Dre|nice try
|
|t:|1779802204
|move|p2a: Armarouge|Endure|p2a: Armarouge
|-singleturn|p2a: Armarouge|move: Endure
|move|p1a: Dragonite|Extreme Speed|p2a: Armarouge
|-activate|p2a: Armarouge|move: Endure
|-damage|p2a: Armarouge|1/100
|-ability|p2a: Armarouge|Weak Armor|boost
|-unboost|p2a: Armarouge|def|1
|-boost|p2a: Armarouge|spe|2
|
|upkeep
|turn|13
|inactive|haricane has 120 seconds left.
|
|t:|1779802238
|switch|p2a: Dragapult|Dragapult, M|100/100
|-activate|p2a: Dragapult|move: Sticky Web
|-unboost|p2a: Dragapult|spe|1
|move|p1a: Dragonite|Extreme Speed|p2a: Dragapult
|-immune|p2a: Dragapult
|
|upkeep
|turn|14
|inactive|haricane has 120 seconds left.
|
|t:|1779802251
|switch|p1a: Gholdengo|Gholdengo|100/100
|-item|p1a: Gholdengo|Air Balloon
|move|p2a: Dragapult|Substitute|p2a: Dragapult
|-start|p2a: Dragapult|Substitute
|-damage|p2a: Dragapult|76/100
|
|upkeep
|turn|15
|inactive|haricane has 120 seconds left.
|
|t:|1779802268
|move|p1a: Gholdengo|Shadow Ball|p2a: Dragapult
|-supereffective|p2a: Dragapult
|-end|p2a: Dragapult|Substitute
|move|p2a: Dragapult|Dragon Dance|p2a: Dragapult
|-boost|p2a: Dragapult|atk|1
|-boost|p2a: Dragapult|spe|1
|
|upkeep
|turn|16
|inactive|haricane has 120 seconds left.
|inactive|Uncle Dre has 120 seconds left.
|
|t:|1779802294
|switch|p1a: Great Tusk|Great Tusk|100/100
|-enditem|p1a: Great Tusk|Booster Energy
|-activate|p1a: Great Tusk|ability: Protosynthesis|[fromitem]
|-start|p1a: Great Tusk|protosynthesisatk
|move|p2a: Dragapult|Phantom Force||[still]
|-prepare|p2a: Dragapult|Phantom Force
|
|upkeep
|turn|17
|inactive|Uncle Dre has 90 seconds left.
|
|t:|1779802325
|move|p2a: Dragapult|Phantom Force|p1a: Great Tusk|[from] lockedmove
|-damage|p1a: Great Tusk|51/100
|move|p1a: Great Tusk|Headlong Rush|p2a: Dragapult
|-damage|p2a: Dragapult|0 fnt
|-unboost|p1a: Great Tusk|def|1
|-unboost|p1a: Great Tusk|spd|1
|faint|p2a: Dragapult
|
|upkeep
|inactive|haricane has 90 seconds left.
|
|t:|1779802361
|switch|p2a: Noivern|Noivern, M|100/100
|turn|18
|inactive|Uncle Dre has 90 seconds left.
|
|t:|1779802380
|move|p2a: Noivern|Flamethrower|p1a: Great Tusk
|-damage|p1a: Great Tusk|0 fnt
|faint|p1a: Great Tusk
|-end|p1a: Great Tusk|Protosynthesis|[silent]
|
|upkeep
|inactive|Uncle Dre has 90 seconds left.
|
|t:|1779802402
|switch|p1a: Darkrai|Darkrai|100/100
|turn|19
|
|t:|1779802414
|switch|p2a: Armarouge|Armarouge, M, shiny|1/100
|-activate|p2a: Armarouge|move: Sticky Web
|-unboost|p2a: Armarouge|spe|1
|move|p1a: Darkrai|Nasty Plot|p1a: Darkrai
|-boost|p1a: Darkrai|spa|2
|
|upkeep
|turn|20
|inactive|Uncle Dre has 60 seconds left.
|
|t:|1779802455
|move|p1a: Darkrai|Dark Pulse|p2a: Armarouge
|-supereffective|p2a: Armarouge
|-damage|p2a: Armarouge|0 fnt
|faint|p2a: Armarouge
|-damage|p1a: Darkrai|91/100|[from] item: Life Orb
|
|upkeep
|
|t:|1779802468
|switch|p2a: Noivern|Noivern, M|100/100
|-item|p1a: Darkrai|Life Orb|[from] ability: Frisk|[of] p2a: Noivern
|turn|21
|
|t:|1779802477
|move|p1a: Darkrai|Dark Pulse|p2a: Noivern
|-damage|p2a: Noivern|0 fnt
|faint|p2a: Noivern
|-damage|p1a: Darkrai|81/100|[from] item: Life Orb
|
|upkeep
|inactive|haricane has 90 seconds left.
|
|t:|1779802502
|switch|p2a: Pawmot|Pawmot, M, shiny|100/100
|-activate|p2a: Pawmot|move: Sticky Web
|-unboost|p2a: Pawmot|spe|1
|turn|22
|inactive|Uncle Dre has 60 seconds left.
|
|t:|1779802515
|move|p2a: Pawmot|Mach Punch|p1a: Darkrai
|-supereffective|p1a: Darkrai
|-crit|p1a: Darkrai
|-damage|p1a: Darkrai|0 fnt
|faint|p1a: Darkrai
|
|upkeep
|inactive|Uncle Dre has 60 seconds left.
|
|t:|1779802522
|switch|p1a: Gholdengo|Gholdengo|100/100
|-item|p1a: Gholdengo|Air Balloon
|turn|23
|
|t:|1779802530
|move|p1a: Gholdengo|Shadow Ball|p2a: Pawmot
|-damage|p2a: Pawmot|24/100
|-unboost|p2a: Pawmot|spd|1
|move|p2a: Pawmot|Revival Blessing|p2a: Pawmot
|-enditem|p2a: Pawmot|Leppa Berry|[eat]
|-activate|p2a: Pawmot|item: Leppa Berry|Revival Blessing|[consumed]
|
|t:|1779802539
|-heal|p2: Latias|50/100|[from] move: Revival Blessing
|
|upkeep
|turn|24
|inactive|haricane has 120 seconds left.
|
|t:|1779802548
|move|p1a: Gholdengo|Nasty Plot|p1a: Gholdengo
|-boost|p1a: Gholdengo|spa|2
|move|p2a: Pawmot|Revival Blessing|p2a: Pawmot
|inactive|haricane has 120 seconds left.
|inactive|haricane has 90 seconds left.
|
|t:|1779802587
|-heal|p2: Noivern|50/100|[from] move: Revival Blessing
|
|upkeep
|turn|25
|
|t:|1779802593
|move|p1a: Gholdengo|Shadow Ball|p2a: Pawmot
|-damage|p2a: Pawmot|0 fnt
|faint|p2a: Pawmot
|
|upkeep
|inactive|haricane has 90 seconds left.
|
|t:|1779802603
|switch|p2a: Noivern|Noivern, M|50/100
|-item|p1a: Gholdengo|Air Balloon|[from] ability: Frisk|[of] p2a: Noivern
|turn|26
|inactive|haricane has 90 seconds left.
|inactive|Uncle Dre has 90 seconds left.
|
|t:|1779802624
|-terastallize|p1a: Gholdengo|Flying
|move|p2a: Noivern|Defog|p1a: Gholdengo
|-immune|p1a: Gholdengo|[from] ability: Good as Gold
|move|p1a: Gholdengo|Shadow Ball|p2a: Noivern
|-damage|p2a: Noivern|0 fnt
|faint|p2a: Noivern
|
|upkeep
|inactive|haricane has 90 seconds left.
|
|t:|1779802633
|switch|p2a: Latias|Latias, F|50/100
|turn|27
|
|t:|1779802641
|move|p2a: Latias|Draining Kiss|p1a: Gholdengo
|-crit|p1a: Gholdengo
|-damage|p1a: Gholdengo|74/100
|-heal|p2a: Latias|71/100|[from] drain|[of] p1a: Gholdengo
|-enditem|p1a: Gholdengo|Air Balloon
|move|p1a: Gholdengo|Shadow Ball|p2a: Latias
|-supereffective|p2a: Latias
|-damage|p2a: Latias|0 fnt
|faint|p2a: Latias
|
|win|Uncle Dre
|raw|Uncle Dre's rating: 1288 &rarr; <strong>1314</strong><br />(+26 for winning)
|raw|haricane's rating: 1307 &rarr; <strong>1286</strong><br />(-21 for losing)
|l|☆haricane
|player|p2|
|c|☆Uncle Dre|gg
|l|☆Uncle Dre
|player|p1|
