|j|☆onionxking
|j|☆Goob Mother Sheist
|t:|1779917388
|gametype|singles
|player|p1|onionxking|pokemaniac|1357
|player|p2|Goob Mother Sheist|fantina|1398
|gen|9
|tier|[Gen 9] OU
|rated|
|rule|HP Percentage Mod: HP is shown in percentages
|rule|Endless Battle Clause: Forcing endless battles is banned
|rule|Species Clause: Limit one of each Pokémon
|rule|OHKO Clause: OHKO moves are banned
|rule|Evasion Items Clause: Evasion items are banned
|rule|Evasion Moves Clause: Evasion moves are banned
|rule|Evasion Abilities Clause: Evasion abilities are banned
|rule|Sleep Moves Clause: Sleep-inducing moves are banned
|clearpoke
|poke|p1|Grimmsnarl, M|
|poke|p1|Ogerpon-Cornerstone, F|
|poke|p1|Keldeo-Resolute|
|poke|p1|Landorus-Therian, M|
|poke|p1|Iron Crown|
|poke|p1|Iron Valiant|
|poke|p2|Slowking-Galar, M|
|poke|p2|Great Tusk|
|poke|p2|Rillaboom, M|
|poke|p2|Darkrai|
|poke|p2|Heatran, M|
|poke|p2|Primarina, M|
|teampreview
|inactive|Battle timer is ON: inactive players will automatically lose when time's up. (requested by onionxking)
|c|☆Goob Mother Sheist|hf
|
|t:|1779917405
|teamsize|p1|6
|teamsize|p2|6
|start
|switch|p1a: Grimmsnarl|Grimmsnarl, M, shiny|100/100
|switch|p2a: Rillaboom|Rillaboom, M|100/100
|-fieldstart|move: Grassy Terrain|[from] ability: Grassy Surge|[of] p2a: Rillaboom
|turn|1
|
|t:|1779917412
|move|p1a: Grimmsnarl|Reflect|p1a: Grimmsnarl
|-sidestart|p1: onionxking|Reflect
|move|p2a: Rillaboom|Knock Off|p1a: Grimmsnarl
|-resisted|p1a: Grimmsnarl
|-damage|p1a: Grimmsnarl|93/100
|-enditem|p1a: Grimmsnarl|Light Clay|[from] move: Knock Off|[of] p2a: Rillaboom
|
|-heal|p1a: Grimmsnarl|99/100|[from] Grassy Terrain
|upkeep
|turn|2
|
|t:|1779917422
|switch|p2a: Primarina|Primarina, M|100/100
|move|p1a: Grimmsnarl|Light Screen|p1a: Grimmsnarl
|-sidestart|p1: onionxking|move: Light Screen
|
|-heal|p1a: Grimmsnarl|100/100|[from] Grassy Terrain
|upkeep
|turn|3
|
|t:|1779917429
|move|p2a: Primarina|Flip Turn|p1a: Grimmsnarl
|-damage|p1a: Grimmsnarl|91/100
|
|t:|1779917434
|switch|p2a: Slowking|Slowking-Galar, M|100/100|[from] Flip Turn
|move|p1a: Grimmsnarl|Spirit Break|p2a: Slowking
|-resisted|p2a: Slowking
|-damage|p2a: Slowking|85/100
|-unboost|p2a: Slowking|spa|1
|
|-heal|p1a: Grimmsnarl|97/100|[from] Grassy Terrain
|-heal|p2a: Slowking|91/100|[from] Grassy Terrain
|upkeep
|turn|4
|
|t:|1779917441
|move|p1a: Grimmsnarl|Parting Shot|p2a: Slowking
|-unboost|p2a: Slowking|atk|1
|-unboost|p2a: Slowking|spa|1
|
|t:|1779917445
|switch|p1a: Landorus|Landorus-Therian, M|100/100|[from] Parting Shot
|-ability|p1a: Landorus|Intimidate|boost
|-unboost|p2a: Slowking|atk|1
|-prepare|p2a: Slowking|Chilly Reception|[premajor]
|move|p2a: Slowking|Chilly Reception|p2a: Slowking
|-weather|Snowscape
|inactive|Goob Mother Sheist has 120 seconds left.
|
|t:|1779917475
|switch|p2a: Primarina|Primarina, M|100/100|[from] Chilly Reception
|
|-weather|Snowscape|[upkeep]
|upkeep
|turn|5
|
|t:|1779917485
|move|p1a: Landorus|U-turn|p2a: Primarina
|-resisted|p2a: Primarina
|-damage|p2a: Primarina|74/100
|
|t:|1779917489
|switch|p1a: Grimmsnarl|Grimmsnarl, M, shiny|97/100|[from] U-turn
|move|p2a: Primarina|Surf|p1a: Grimmsnarl
|-damage|p1a: Grimmsnarl|80/100
|
|-weather|Snowscape|[upkeep]
|-heal|p2a: Primarina|80/100|[from] Grassy Terrain
|-heal|p1a: Grimmsnarl|86/100|[from] Grassy Terrain
|-fieldend|move: Grassy Terrain
|upkeep
|turn|6
|
|t:|1779917496
|move|p2a: Primarina|Moonblast|p1a: Grimmsnarl
|-supereffective|p1a: Grimmsnarl
|-damage|p1a: Grimmsnarl|44/100
|move|p1a: Grimmsnarl|Spirit Break|p2a: Primarina
|-damage|p2a: Primarina|39/100
|-unboost|p2a: Primarina|spa|1
|
|-weather|Snowscape|[upkeep]
|-sideend|p1: onionxking|move: Light Screen
|upkeep
|turn|7
|
|t:|1779917505
|move|p1a: Grimmsnarl|Light Screen|p1a: Grimmsnarl
|-sidestart|p1: onionxking|move: Light Screen
|move|p2a: Primarina|Flip Turn|p1a: Grimmsnarl
|-damage|p1a: Grimmsnarl|36/100
|
|t:|1779917516
|switch|p2a: Great Tusk|Great Tusk|100/100|[from] Flip Turn
|
|-weather|Snowscape|[upkeep]
|upkeep
|turn|8
|
|t:|1779917524
|move|p1a: Grimmsnarl|Parting Shot|p2a: Great Tusk
|-unboost|p2a: Great Tusk|atk|1
|-unboost|p2a: Great Tusk|spa|1
|
|t:|1779917528
|switch|p1a: Landorus|Landorus-Therian, M|100/100|[from] Parting Shot
|-ability|p1a: Landorus|Intimidate|boost
|-unboost|p2a: Great Tusk|atk|1
|move|p2a: Great Tusk|Stealth Rock|p1a: Landorus
|-sidestart|p1: onionxking|move: Stealth Rock
|
|-weather|none
|-sideend|p1: onionxking|Reflect
|upkeep
|turn|9
|
|t:|1779917555
|-end|p2a: Great Tusk|Protosynthesis|[silent]
|switch|p2a: Heatran|Heatran, M|100/100
|move|p1a: Landorus|Earthquake|p2a: Heatran
|-supereffective|p2a: Heatran
|-damage|p2a: Heatran|0 fnt
|faint|p2a: Heatran
|
|upkeep
|inactive|Goob Mother Sheist has 120 seconds left.
|c|☆Goob Mother Sheist|"watch this 5-head read"
|
|t:|1779917569
|switch|p2a: Rillaboom|Rillaboom, M|100/100
|-fieldstart|move: Grassy Terrain|[from] ability: Grassy Surge|[of] p2a: Rillaboom
|turn|10
|
|t:|1779917580
|switch|p1a: Iron Crown|Iron Crown|100/100
|-damage|p1a: Iron Crown|94/100|[from] Stealth Rock
|move|p2a: Rillaboom|Knock Off|p1a: Iron Crown
|-supereffective|p1a: Iron Crown
|-damage|p1a: Iron Crown|0 fnt
|-enditem|p1a: Iron Crown|Choice Scarf|[from] move: Knock Off|[of] p2a: Rillaboom
|faint|p1a: Iron Crown
|-end|p1a: Iron Crown|Quark Drive|[silent]
|
|upkeep
|
|t:|1779917583
|switch|p1a: Grimmsnarl|Grimmsnarl, M, shiny|36/100
|-damage|p1a: Grimmsnarl|23/100|[from] Stealth Rock
|turn|11
|inactive|Goob Mother Sheist has 120 seconds left.
|
|t:|1779917614
|switch|p2a: Great Tusk|Great Tusk|100/100
|move|p1a: Grimmsnarl|Reflect|p1a: Grimmsnarl
|-sidestart|p1: onionxking|Reflect
|
|-heal|p1a: Grimmsnarl|29/100|[from] Grassy Terrain
|-sideend|p1: onionxking|move: Light Screen
|upkeep
|turn|12
|inactive|Goob Mother Sheist has 120 seconds left.
|
|t:|1779917628
|move|p1a: Grimmsnarl|Parting Shot|p2a: Great Tusk
|-unboost|p2a: Great Tusk|atk|1
|-unboost|p2a: Great Tusk|spa|1
|
|t:|1779917631
|switch|p1a: Landorus|Landorus-Therian, M|100/100|[from] Parting Shot
|-damage|p1a: Landorus|88/100|[from] Stealth Rock
|-ability|p1a: Landorus|Intimidate|boost
|-unboost|p2a: Great Tusk|atk|1
|move|p2a: Great Tusk|Headlong Rush|p1a: Landorus
|-immune|p1a: Landorus
|
|upkeep
|turn|13
|inactive|Goob Mother Sheist has 120 seconds left.
|
|t:|1779917665
|move|p1a: Landorus|U-turn|p2a: Great Tusk
|-resisted|p2a: Great Tusk
|-damage|p2a: Great Tusk|89/100
|-damage|p1a: Landorus|72/100|[from] item: Rocky Helmet|[of] p2a: Great Tusk
|
|t:|1779917673
|switch|p1a: Ogerpon|Ogerpon-Cornerstone, F|100/100|[from] U-turn
|-damage|p1a: Ogerpon|88/100|[from] Stealth Rock
|move|p2a: Great Tusk|Ice Spinner|p1a: Ogerpon
|-supereffective|p1a: Ogerpon
|-damage|p1a: Ogerpon|72/100
|-fieldend|move: Grassy Terrain
|
|upkeep
|turn|14
|
|t:|1779917687
|-end|p2a: Great Tusk|Protosynthesis|[silent]
|switch|p2a: Rillaboom|Rillaboom, M|100/100
|-fieldstart|move: Grassy Terrain|[from] ability: Grassy Surge|[of] p2a: Rillaboom
|move|p1a: Ogerpon|Swords Dance|p1a: Ogerpon
|-boost|p1a: Ogerpon|atk|2
|
|-heal|p1a: Ogerpon|78/100|[from] Grassy Terrain
|upkeep
|turn|15
|
|t:|1779917702
|switch|p2a: Primarina|Primarina, M|39/100
|move|p1a: Ogerpon|Ivy Cudgel|p2a: Primarina|[anim] Ivy Cudgel Rock
|-damage|p2a: Primarina|0 fnt
|faint|p2a: Primarina
|
|-heal|p1a: Ogerpon|84/100|[from] Grassy Terrain
|-sideend|p1: onionxking|Reflect
|upkeep
|
|t:|1779917709
|switch|p2a: Rillaboom|Rillaboom, M|100/100
|turn|16
|
|t:|1779917712
|switch|p1a: Landorus|Landorus-Therian, M|72/100
|-damage|p1a: Landorus|59/100|[from] Stealth Rock
|-ability|p1a: Landorus|Intimidate|boost
|-unboost|p2a: Rillaboom|atk|1
|-terastallize|p2a: Rillaboom|Grass
|move|p2a: Rillaboom|Grassy Glide|p1a: Landorus
|-damage|p1a: Landorus|0 fnt
|faint|p1a: Landorus
|
|upkeep
|
|t:|1779917722
|switch|p1a: Grimmsnarl|Grimmsnarl, M, shiny|29/100
|-damage|p1a: Grimmsnarl|17/100|[from] Stealth Rock
|turn|17
|
|t:|1779917724
|move|p2a: Rillaboom|Grassy Glide|p1a: Grimmsnarl
|-damage|p1a: Grimmsnarl|0 fnt
|faint|p1a: Grimmsnarl
|
|upkeep
|
|t:|1779917728
|switch|p1a: Iron Valiant|Iron Valiant|100/100
|-damage|p1a: Iron Valiant|94/100|[from] Stealth Rock
|-enditem|p1a: Iron Valiant|Booster Energy
|-activate|p1a: Iron Valiant|ability: Quark Drive|[fromitem]
|-start|p1a: Iron Valiant|quarkdrivespe
|turn|18
|
|t:|1779917736
|switch|p2a: Slowking|Slowking-Galar, M|100/100
|-terastallize|p1a: Iron Valiant|Bug
|move|p1a: Iron Valiant|Moonblast|p2a: Slowking
|-resisted|p2a: Slowking
|-damage|p2a: Slowking|85/100
|-unboost|p2a: Slowking|spa|1
|
|-heal|p1a: Iron Valiant|100/100|[from] Grassy Terrain
|-heal|p2a: Slowking|91/100|[from] Grassy Terrain
|-fieldend|move: Grassy Terrain
|upkeep
|turn|19
|
|t:|1779917744
|move|p1a: Iron Valiant|Knock Off|p2a: Slowking
|-supereffective|p2a: Slowking
|-enditem|p2a: Slowking|Colbur Berry|[eat]
|-enditem|p2a: Slowking|Colbur Berry|[weaken]
|-damage|p2a: Slowking|60/100
|move|p2a: Slowking|Flamethrower|p1a: Iron Valiant
|-supereffective|p1a: Iron Valiant
|-damage|p1a: Iron Valiant|20/100
|
|upkeep
|turn|20
|
|t:|1779917764
|move|p1a: Iron Valiant|Moonblast|p2a: Slowking
|-resisted|p2a: Slowking
|-damage|p2a: Slowking|44/100
|move|p2a: Slowking|Belch|p1a: Iron Valiant
|-damage|p1a: Iron Valiant|0 fnt
|faint|p1a: Iron Valiant
|-end|p1a: Iron Valiant|Quark Drive|[silent]
|
|upkeep
|
|t:|1779917770
|switch|p1a: Keldeo|Keldeo-Resolute, shiny|100/100
|-damage|p1a: Keldeo|94/100|[from] Stealth Rock
|turn|21
|
|t:|1779917774
|move|p1a: Keldeo|Surf|p2a: Slowking
|-damage|p2a: Slowking|0 fnt
|faint|p2a: Slowking
|
|upkeep
|
|t:|1779917779
|switch|p2a: Rillaboom|Rillaboom, M, tera:Grass|100/100
|-fieldstart|move: Grassy Terrain|[from] ability: Grassy Surge|[of] p2a: Rillaboom
|turn|22
|
|t:|1779917782
|move|p2a: Rillaboom|Grassy Glide|p1a: Keldeo
|-supereffective|p1a: Keldeo
|-damage|p1a: Keldeo|0 fnt
|faint|p1a: Keldeo
|
|upkeep
|
|t:|1779917785
|switch|p1a: Ogerpon|Ogerpon-Cornerstone, F|84/100
|-damage|p1a: Ogerpon|72/100|[from] Stealth Rock
|turn|23
|
|t:|1779917790
|move|p2a: Rillaboom|Grassy Glide|p1a: Ogerpon
|-damage|p1a: Ogerpon|0 fnt
|faint|p1a: Ogerpon
|
|win|Goob Mother Sheist
|raw|onionxking's rating: 1357 &rarr; <strong>1339</strong><br />(-18 for losing)
|raw|Goob Mother Sheist's rating: 1398 &rarr; <strong>1416</strong><br />(+18 for winning)
|c|☆Goob Mother Sheist|gg
|c|☆onionxking|Gg
