|j|☆RogueNinja1738
|j|☆kingmorons
|t:|1779852609
|gametype|singles
|player|p1|RogueNinja1738|2|1106
|player|p2|kingmorons|1|1068
|gen|9
|tier|[Gen 9] OU
|rated|
|rule|HP Percentage Mod: HP is shown in percentages
|rule|Endless Battle Clause: Forcing endless battles is banned
|rule|Species Clause: Limit one of each Pokémon
|rule|OHKO Clause: OHKO moves are banned
|rule|Evasion Items Clause: Evasion items are banned
|rule|Evasion Moves Clause: Evasion moves are banned
|rule|Evasion Abilities Clause: Evasion abilities are banned
|rule|Sleep Moves Clause: Sleep-inducing moves are banned
|clearpoke
|poke|p1|Zoroark-Hisui, M|
|poke|p1|Kingambit, M|
|poke|p1|Gholdengo|
|poke|p1|Rotom-Wash|
|poke|p1|Metagross|
|poke|p1|Talonflame, M|
|poke|p2|Cloyster, M|
|poke|p2|Ditto|
|poke|p2|Ceruledge, M|
|poke|p2|Ursaluna, F|
|poke|p2|Meowth, L20, F|
|poke|p2|Scizor, F|
|teampreview
|inactive|Battle timer is ON: inactive players will automatically lose when time's up. (requested by kingmorons)
|
|t:|1779852630
|teamsize|p1|6
|teamsize|p2|6
|start
|switch|p1a: Rotom|Rotom-Wash|100/100
|switch|p2a: Scizor|Scizor, F|100/100
|turn|1
|
|t:|1779852639
|move|p1a: Rotom|Volt Switch|p2a: Scizor
|-damage|p2a: Scizor|61/100
|
|t:|1779852649
|switch|p1a: Talonflame|Talonflame, M|100/100|[from] Volt Switch
|move|p2a: Scizor|Swords Dance|p2a: Scizor
|-boost|p2a: Scizor|atk|2
|
|upkeep
|turn|2
|
|t:|1779852656
|-terastallize|p2a: Scizor|Fire
|move|p1a: Talonflame|Flare Blitz|p2a: Scizor
|-resisted|p2a: Scizor
|-damage|p2a: Scizor|34/100
|-damage|p1a: Talonflame|94/100|[from] Recoil
|move|p2a: Scizor|Knock Off|p1a: Talonflame
|-damage|p1a: Talonflame|9/100
|-damage|p2a: Scizor|18/100|[from] item: Rocky Helmet|[of] p1a: Talonflame
|-enditem|p1a: Talonflame|Rocky Helmet|[from] move: Knock Off|[of] p2a: Scizor
|
|upkeep
|turn|3
|
|t:|1779852671
|move|p2a: Scizor|Bullet Punch|p1a: Talonflame
|-resisted|p1a: Talonflame
|-damage|p1a: Talonflame|0 fnt
|faint|p1a: Talonflame
|
|upkeep
|
|t:|1779852678
|switch|p1a: Rotom|Rotom-Wash|100/100
|turn|4
|
|t:|1779852683
|move|p2a: Scizor|Bullet Punch|p1a: Rotom
|-resisted|p1a: Rotom
|-crit|p1a: Rotom
|-damage|p1a: Rotom|83/100
|move|p1a: Rotom|Volt Switch|p2a: Scizor
|-damage|p2a: Scizor|0 fnt
|faint|p2a: Scizor
|
|t:|1779852693
|switch|p1a: Metagross|Metagross|100/100|[from] Volt Switch
|
|upkeep
|
|t:|1779852702
|switch|p2a: Ditto|Ditto|100/100
|turn|5
|
|t:|1779852719
|switch|p2a: Ceruledge|Ceruledge, M|100/100
|move|p1a: Metagross|Sludge Bomb|p2a: Ceruledge
|-resisted|p2a: Ceruledge
|-damage|p2a: Ceruledge|81/100
|
|upkeep
|turn|6
|
|t:|1779852733
|move|p1a: Metagross|Bitter Malice|p2a: Ceruledge
|-supereffective|p2a: Ceruledge
|-damage|p2a: Ceruledge|0 fnt
|faint|p2a: Ceruledge
|
|upkeep
|
|t:|1779852741
|switch|p2a: Cloyster|Cloyster, M|100/100
|turn|7
|
|t:|1779852744
|move|p1a: Metagross|Bitter Malice|p2a: Cloyster
|-enditem|p2a: Cloyster|Focus Sash
|-damage|p2a: Cloyster|1/100
|-unboost|p2a: Cloyster|atk|1
|move|p2a: Cloyster|Shell Smash|p2a: Cloyster
|-unboost|p2a: Cloyster|def|1
|-unboost|p2a: Cloyster|spd|1
|-boost|p2a: Cloyster|atk|2
|-boost|p2a: Cloyster|spa|2
|-boost|p2a: Cloyster|spe|2
|
|upkeep
|turn|8
|
|t:|1779852760
|move|p2a: Cloyster|Icicle Spear|p1a: Metagross
|-damage|p1a: Metagross|64/100
|replace|p1a: Zoroark|Zoroark-Hisui, M
|-end|p1a: Zoroark|Illusion
|-damage|p1a: Zoroark|29/100
|-damage|p1a: Zoroark|0 fnt
|faint|p1a: Zoroark
|-hitcount|p1: Zoroark|3
|
|upkeep
|
|t:|1779852770
|switch|p1a: Rotom|Rotom-Wash|83/100
|turn|9
|
|t:|1779852774
|move|p2a: Cloyster|Rock Blast|p1a: Rotom
|-damage|p1a: Rotom|70/100
|-crit|p1a: Rotom
|-damage|p1a: Rotom|52/100
|-damage|p1a: Rotom|41/100
|-damage|p1a: Rotom|29/100
|-damage|p1a: Rotom|16/100
|-enditem|p1a: Rotom|Aguav Berry|[eat]
|-heal|p1a: Rotom|49/100|[from] item: Aguav Berry
|-hitcount|p1a: Rotom|5
|move|p1a: Rotom|Volt Switch|p2a: Cloyster
|-supereffective|p2a: Cloyster
|-damage|p2a: Cloyster|0 fnt
|faint|p2a: Cloyster
|
|t:|1779852793
|switch|p1a: Gholdengo|Gholdengo|100/100|[from] Volt Switch
|
|upkeep
|
|t:|1779852799
|switch|p2a: Ditto|Ditto|100/100
|-transform|p2a: Ditto|p1a: Gholdengo|[from] ability: Imposter
|turn|10
|
|t:|1779852805
|move|p1a: Gholdengo|Shadow Ball|p2a: Ditto
|-supereffective|p2a: Ditto
|-enditem|p2a: Ditto|Focus Sash
|-damage|p2a: Ditto|1/100
|-unboost|p2a: Ditto|spd|1
|move|p2a: Ditto|Shadow Ball|p1a: Gholdengo
|-supereffective|p1a: Gholdengo
|-damage|p1a: Gholdengo|13/100
|-enditem|p1a: Gholdengo|Red Card|[of] p2a: Ditto
|drag|p2a: Meowth|Meowth, L20, F|100/100
|
|upkeep
|turn|11
|
|t:|1779852819
|switch|p2a: Ursaluna|Ursaluna, F|100/100
|move|p1a: Gholdengo|Psychic|p2a: Ursaluna
|-damage|p2a: Ursaluna|63/100
|
|-status|p2a: Ursaluna|brn|[from] item: Flame Orb
|upkeep
|turn|12
|
|t:|1779852829
|move|p1a: Gholdengo|Psychic|p2a: Ursaluna
|-damage|p2a: Ursaluna|29/100 brn
|move|p2a: Ursaluna|Drain Punch|p1a: Gholdengo
|-immune|p1a: Gholdengo
|
|-damage|p2a: Ursaluna|23/100 brn|[from] brn
|upkeep
|turn|13
|-message|kingmorons forfeited.
|
|win|RogueNinja1738
|raw|RogueNinja1738's rating: 1106 &rarr; <strong>1128</strong><br />(+22 for winning)
|raw|kingmorons's rating: 1068 &rarr; <strong>1050</strong><br />(-18 for losing)
|l|☆kingmorons
|player|p2|
|l|☆RogueNinja1738
|player|p1|
