|j|☆perfecto123
|j|☆pantalonescondidos
|t:|1779813510
|gametype|singles
|player|p1|perfecto123|1|1576
|player|p2|pantalonescondidos|265|1521
|gen|9
|tier|[Gen 9] OU
|rated|
|rule|HP Percentage Mod: HP is shown in percentages
|rule|Endless Battle Clause: Forcing endless battles is banned
|rule|Species Clause: Limit one of each Pokémon
|rule|OHKO Clause: OHKO moves are banned
|rule|Evasion Items Clause: Evasion items are banned
|rule|Evasion Moves Clause: Evasion moves are banned
|rule|Evasion Abilities Clause: Evasion abilities are banned
|rule|Sleep Moves Clause: Sleep-inducing moves are banned
|clearpoke
|poke|p1|Ribombee, M|
|poke|p1|Quaquaval, F|
|poke|p1|Hydreigon, M|
|poke|p1|Iron Moth|
|poke|p1|Skeledirge, F|
|poke|p1|Ogerpon-Wellspring, F|
|poke|p2|Sylveon, F|
|poke|p2|Slowking-Galar, F|
|poke|p2|Toxapex, M|
|poke|p2|Great Tusk|
|poke|p2|Kingambit, F|
|poke|p2|Rotom-Wash|
|teampreview
|inactive|Battle timer is ON: inactive players will automatically lose when time's up. (requested by pantalonescondidos)
|
|t:|1779813536
|teamsize|p1|6
|teamsize|p2|6
|start
|switch|p1a: Ribombee|Ribombee, M|100/100
|switch|p2a: Slowking|Slowking-Galar, F, shiny|100/100
|turn|1
|
|t:|1779813543
|move|p1a: Ribombee|Sticky Web|p2a: Slowking
|-sidestart|p2: pantalonescondidos|move: Sticky Web
|move|p2a: Slowking|Sludge Bomb|p1a: Ribombee
|-supereffective|p1a: Ribombee
|-enditem|p1a: Ribombee|Focus Sash
|-damage|p1a: Ribombee|1/100
|
|upkeep
|turn|2
|j| heptastrike
|
|t:|1779813549
|switch|p2a: Rotom|Rotom-Wash|100/100
|move|p1a: Ribombee|Stun Spore|p2a: Rotom|[miss]
|-miss|p1a: Ribombee|p2a: Rotom
|
|upkeep
|turn|3
|
|t:|1779813554
|move|p2a: Rotom|Volt Switch|p1a: Ribombee
|-damage|p1a: Ribombee|0 fnt
|faint|p1a: Ribombee
|
|t:|1779813558
|switch|p2a: Slowking|Slowking-Galar, F, shiny|100/100|[from] Volt Switch
|-activate|p2a: Slowking|move: Sticky Web
|-unboost|p2a: Slowking|spe|1
|
|upkeep
|j| hgghgbc
|l| hgghgbc
|
|t:|1779813567
|switch|p1a: Skeledirge|Skeledirge, F|100/100
|turn|4
|inactive|pantalonescondidos has 120 seconds left.
|
|t:|1779813612
|switch|p2a: Rotom|Rotom-Wash|100/100
|move|p1a: Skeledirge|Torch Song|p2a: Rotom
|-resisted|p2a: Rotom
|-damage|p2a: Rotom|78/100
|-boost|p1a: Skeledirge|spa|1
|
|upkeep
|turn|5
|
|t:|1779813633
|switch|p1a: Ogerpon|Ogerpon-Wellspring, F|100/100
|move|p2a: Rotom|Hydro Pump|p1a: Ogerpon
|-immune|p1a: Ogerpon|[from] ability: Water Absorb
|
|upkeep
|turn|6
|inactive|pantalonescondidos has 120 seconds left.
|
|t:|1779813642
|switch|p2a: Toxapex|Toxapex, M|100/100
|-activate|p2a: Toxapex|move: Sticky Web
|-unboost|p2a: Toxapex|spe|1
|move|p1a: Ogerpon|Swords Dance|p1a: Ogerpon
|-boost|p1a: Ogerpon|atk|2
|
|upkeep
|turn|7
|
|t:|1779813650
|-terastallize|p1a: Ogerpon|Water
|detailschange|p1a: Ogerpon|Ogerpon-Wellspring-Tera, F, tera:Water
|-ability|p1a: Ogerpon|Embody Aspect (Wellspring)|boost
|-boost|p1a: Ogerpon|spd|1
|move|p1a: Ogerpon|Ivy Cudgel|p2a: Toxapex|[anim] Ivy Cudgel Water
|-resisted|p2a: Toxapex
|-damage|p2a: Toxapex|51/100
|move|p2a: Toxapex|Toxic|p1a: Ogerpon
|-status|p1a: Ogerpon|tox
|
|-damage|p1a: Ogerpon|95/100 tox|[from] psn
|upkeep
|turn|8
|
|t:|1779813661
|move|p1a: Ogerpon|Ivy Cudgel|p2a: Toxapex|[anim] Ivy Cudgel Water
|-resisted|p2a: Toxapex
|-damage|p2a: Toxapex|0 fnt
|faint|p2a: Toxapex
|
|-damage|p1a: Ogerpon|83/100 tox|[from] psn
|upkeep
|
|t:|1779813667
|switch|p2a: Kingambit|Kingambit, F|100/100
|-activate|p2a: Kingambit|move: Sticky Web
|-unboost|p2a: Kingambit|spe|1
|-activate|p2a: Kingambit|ability: Supreme Overlord
|-start|p2a: Kingambit|fallen1|[silent]
|turn|9
|
|t:|1779813673
|move|p2a: Kingambit|Sucker Punch|p1a: Ogerpon
|-damage|p1a: Ogerpon|11/100 tox
|move|p1a: Ogerpon|Ivy Cudgel|p2a: Kingambit|[anim] Ivy Cudgel Water
|-damage|p2a: Kingambit|0 fnt
|faint|p2a: Kingambit
|-end|p2a: Kingambit|fallen1|[silent]
|
|-damage|p1a: Ogerpon|0 fnt|[from] psn
|faint|p1a: Ogerpon
|detailschange|p1: Ogerpon|Ogerpon-Wellspring, F|[silent]
|upkeep
|
|t:|1779813684
|switch|p1a: Skeledirge|Skeledirge, F|100/100
|switch|p2a: Rotom|Rotom-Wash|78/100
|turn|10
|
|t:|1779813688
|switch|p1a: Hydreigon|Hydreigon, M|100/100
|move|p2a: Rotom|Volt Switch|p1a: Hydreigon
|-resisted|p1a: Hydreigon
|-damage|p1a: Hydreigon|85/100
|
|t:|1779813691
|switch|p2a: Sylveon|Sylveon, F, shiny|100/100|[from] Volt Switch
|-activate|p2a: Sylveon|move: Sticky Web
|-unboost|p2a: Sylveon|spe|1
|
|upkeep
|turn|11
|
|t:|1779813699
|switch|p1a: Skeledirge|Skeledirge, F|100/100
|move|p2a: Sylveon|Hyper Voice|p1a: Skeledirge
|-resisted|p1a: Skeledirge
|-damage|p1a: Skeledirge|77/100
|
|-heal|p1a: Skeledirge|83/100|[from] item: Leftovers
|upkeep
|turn|12
|
|t:|1779813707
|move|p1a: Skeledirge|Torch Song|p2a: Sylveon
|-damage|p2a: Sylveon|81/100
|-boost|p1a: Skeledirge|spa|1
|move|p2a: Sylveon|Wish|p2a: Sylveon
|
|-heal|p1a: Skeledirge|89/100|[from] item: Leftovers
|-heal|p2a: Sylveon|87/100|[from] item: Leftovers
|upkeep
|turn|13
|
|t:|1779813716
|move|p1a: Skeledirge|Alluring Voice|p2a: Sylveon
|-damage|p2a: Sylveon|65/100
|move|p2a: Sylveon|Hyper Voice|p1a: Skeledirge
|-resisted|p1a: Skeledirge
|-crit|p1a: Skeledirge
|-damage|p1a: Skeledirge|54/100
|
|-heal|p2a: Sylveon|100/100|[from] move: Wish|[wisher] Sylveon
|-heal|p1a: Skeledirge|60/100|[from] item: Leftovers
|upkeep
|turn|14
|
|t:|1779813725
|move|p2a: Sylveon|Protect|p2a: Sylveon
|-singleturn|p2a: Sylveon|Protect
|move|p1a: Skeledirge|Torch Song|p2a: Sylveon
|-activate|p2a: Sylveon|move: Protect
|
|-heal|p1a: Skeledirge|66/100|[from] item: Leftovers
|upkeep
|turn|15
|
|t:|1779813732
|move|p1a: Skeledirge|Torch Song|p2a: Sylveon
|-damage|p2a: Sylveon|69/100
|-boost|p1a: Skeledirge|spa|1
|move|p2a: Sylveon|Wish|p2a: Sylveon
|
|-heal|p1a: Skeledirge|72/100|[from] item: Leftovers
|-heal|p2a: Sylveon|75/100|[from] item: Leftovers
|upkeep
|turn|16
|
|t:|1779813741
|move|p1a: Skeledirge|Torch Song|p2a: Sylveon
|-damage|p2a: Sylveon|30/100
|-boost|p1a: Skeledirge|spa|1
|move|p2a: Sylveon|Roar|p1a: Skeledirge
|drag|p1a: Quaquaval|Quaquaval, F|100/100
|
|-heal|p2a: Sylveon|80/100|[from] move: Wish|[wisher] Sylveon
|-heal|p2a: Sylveon|86/100|[from] item: Leftovers
|upkeep
|turn|17
|
|t:|1779813753
|switch|p1a: Skeledirge|Skeledirge, F|72/100
|move|p2a: Sylveon|Hyper Voice|p1a: Skeledirge
|-resisted|p1a: Skeledirge
|-damage|p1a: Skeledirge|47/100
|
|-heal|p1a: Skeledirge|53/100|[from] item: Leftovers
|-heal|p2a: Sylveon|92/100|[from] item: Leftovers
|upkeep
|turn|18
|
|t:|1779813761
|switch|p2a: Great Tusk|Great Tusk|100/100
|move|p1a: Skeledirge|Torch Song|p2a: Great Tusk
|-damage|p2a: Great Tusk|38/100
|-boost|p1a: Skeledirge|spa|1
|
|-heal|p1a: Skeledirge|59/100|[from] item: Leftovers
|upkeep
|turn|19
|
|t:|1779813771
|-end|p2a: Great Tusk|Protosynthesis|[silent]
|switch|p2a: Rotom|Rotom-Wash|78/100
|switch|p1a: Hydreigon|Hydreigon, M|85/100
|
|upkeep
|turn|20
|
|t:|1779813777
|switch|p2a: Sylveon|Sylveon, F, shiny|92/100
|-activate|p2a: Sylveon|move: Sticky Web
|-unboost|p2a: Sylveon|spe|1
|move|p1a: Hydreigon|Nasty Plot|p1a: Hydreigon
|-boost|p1a: Hydreigon|spa|2
|
|-heal|p2a: Sylveon|98/100|[from] item: Leftovers
|upkeep
|turn|21
|
|t:|1779813785
|move|p1a: Hydreigon|Flash Cannon|p2a: Sylveon
|-supereffective|p2a: Sylveon
|-damage|p2a: Sylveon|25/100
|-damage|p1a: Hydreigon|76/100|[from] item: Life Orb
|move|p2a: Sylveon|Hyper Voice|p1a: Hydreigon
|-supereffective|p1a: Hydreigon
|-damage|p1a: Hydreigon|0 fnt
|faint|p1a: Hydreigon
|
|-heal|p2a: Sylveon|31/100|[from] item: Leftovers
|upkeep
|
|t:|1779813795
|switch|p1a: Quaquaval|Quaquaval, F|100/100
|turn|22
|
|t:|1779813798
|switch|p2a: Rotom|Rotom-Wash|78/100
|move|p1a: Quaquaval|Aqua Step|p2a: Rotom
|-resisted|p2a: Rotom
|-damage|p2a: Rotom|51/100
|-boost|p1a: Quaquaval|spe|1
|
|upkeep
|turn|23
|
|t:|1779813805
|move|p2a: Rotom|Volt Switch|p1a: Quaquaval
|-supereffective|p1a: Quaquaval
|-damage|p1a: Quaquaval|23/100
|
|t:|1779813809
|switch|p2a: Slowking|Slowking-Galar, F, shiny|100/100|[from] Volt Switch
|-activate|p2a: Slowking|move: Sticky Web
|-unboost|p2a: Slowking|spe|1
|move|p1a: Quaquaval|Bulk Up|p1a: Quaquaval
|-boost|p1a: Quaquaval|atk|1
|-boost|p1a: Quaquaval|def|1
|
|-heal|p1a: Quaquaval|29/100|[from] item: Leftovers
|upkeep
|turn|24
|
|t:|1779813818
|move|p1a: Quaquaval|Aqua Step|p2a: Slowking
|-damage|p2a: Slowking|39/100
|-boost|p1a: Quaquaval|spe|1
|move|p2a: Slowking|Sludge Bomb|p1a: Quaquaval
|-damage|p1a: Quaquaval|0 fnt
|faint|p1a: Quaquaval
|
|upkeep
|
|t:|1779813826
|switch|p1a: Skeledirge|Skeledirge, F|59/100
|turn|25
|
|t:|1779813837
|switch|p2a: Sylveon|Sylveon, F, shiny|31/100
|-activate|p2a: Sylveon|move: Sticky Web
|-unboost|p2a: Sylveon|spe|1
|move|p1a: Skeledirge|Torch Song|p2a: Sylveon
|-damage|p2a: Sylveon|11/100
|-boost|p1a: Skeledirge|spa|1
|
|-heal|p1a: Skeledirge|65/100|[from] item: Leftovers
|-heal|p2a: Sylveon|18/100|[from] item: Leftovers
|upkeep
|turn|26
|
|t:|1779813847
|move|p1a: Skeledirge|Torch Song|p2a: Sylveon
|-damage|p2a: Sylveon|0 fnt
|-boost|p1a: Skeledirge|spa|1
|faint|p2a: Sylveon
|
|-heal|p1a: Skeledirge|71/100|[from] item: Leftovers
|upkeep
|
|t:|1779813851
|switch|p2a: Great Tusk|Great Tusk|38/100
|turn|27
|
|t:|1779813858
|move|p2a: Great Tusk|Headlong Rush|p1a: Skeledirge
|-supereffective|p1a: Skeledirge
|-damage|p1a: Skeledirge|0 fnt
|-unboost|p2a: Great Tusk|def|1
|-unboost|p2a: Great Tusk|spd|1
|faint|p1a: Skeledirge
|
|upkeep
|
|t:|1779813864
|switch|p1a: Iron Moth|Iron Moth|100/100
|-enditem|p1a: Iron Moth|Booster Energy
|-activate|p1a: Iron Moth|ability: Quark Drive|[fromitem]
|-start|p1a: Iron Moth|quarkdrivespa
|turn|28
|
|t:|1779813869
|move|p1a: Iron Moth|Fiery Dance|p2a: Great Tusk
|-damage|p2a: Great Tusk|0 fnt
|-boost|p1a: Iron Moth|spa|1
|faint|p2a: Great Tusk
|-end|p2a: Great Tusk|Protosynthesis|[silent]
|
|upkeep
|
|t:|1779813872
|switch|p2a: Slowking|Slowking-Galar, F, shiny|72/100
|-activate|p2a: Slowking|move: Sticky Web
|-unboost|p2a: Slowking|spe|1
|turn|29
|
|t:|1779813877
|move|p1a: Iron Moth|Substitute|p1a: Iron Moth
|-start|p1a: Iron Moth|Substitute
|-damage|p1a: Iron Moth|76/100
|move|p2a: Slowking|Future Sight|p1a: Iron Moth
|-start|p2a: Slowking|move: Future Sight
|
|upkeep
|turn|30
|
|t:|1779813881
|move|p1a: Iron Moth|Fiery Dance|p2a: Slowking
|-damage|p2a: Slowking|32/100
|-boost|p1a: Iron Moth|spa|1
|move|p2a: Slowking|Surf|p1a: Iron Moth
|-supereffective|p1a: Iron Moth
|-end|p1a: Iron Moth|Substitute
|
|upkeep
|turn|31
|
|t:|1779813897
|move|p1a: Iron Moth|Fiery Dance|p2a: Slowking
|-damage|p2a: Slowking|0 fnt
|-boost|p1a: Iron Moth|spa|1
|faint|p2a: Slowking
|
|-end|p1a: Iron Moth|move: Future Sight
|-supereffective|p1a: Iron Moth
|-damage|p1a: Iron Moth|0 fnt
|faint|p1a: Iron Moth
|-end|p1a: Iron Moth|Quark Drive|[silent]
|
|win|pantalonescondidos
|raw|perfecto123's rating: 1576 &rarr; <strong>1553</strong><br />(-23 for losing)
|raw|pantalonescondidos's rating: 1521 &rarr; <strong>1544</strong><br />(+23 for winning)
|l|☆perfecto123
|player|p1|
|l|☆pantalonescondidos
|player|p2|
|l| heptastrike
