|j|‽ajjosh92
|j|☆Rella.kidd
|t:|1779818388
|gametype|singles
|player|p1|ajjosh92|169|1322
|player|p2|Rella.kidd|169|1276
|gen|9
|tier|[Gen 9] OU
|rated|
|rule|HP Percentage Mod: HP is shown in percentages
|rule|Endless Battle Clause: Forcing endless battles is banned
|rule|Species Clause: Limit one of each Pokémon
|rule|OHKO Clause: OHKO moves are banned
|rule|Evasion Items Clause: Evasion items are banned
|rule|Evasion Moves Clause: Evasion moves are banned
|rule|Evasion Abilities Clause: Evasion abilities are banned
|rule|Sleep Moves Clause: Sleep-inducing moves are banned
|clearpoke
|poke|p1|Darkrai|
|poke|p1|Dragonite, M|
|poke|p1|Kingambit, M|
|poke|p1|Iron Valiant|
|poke|p1|Ceruledge, F|
|poke|p1|Iron Treads|
|poke|p2|Ninetales-Alola, M|
|poke|p2|Kyurem|
|poke|p2|Avalugg, F|
|poke|p2|Weavile, M|
|poke|p2|Sandslash-Alola, F|
|poke|p2|Slowking-Galar, F|
|teampreview
|
|t:|1779818398
|teamsize|p1|6
|teamsize|p2|6
|start
|switch|p1a: Iron Treads|Iron Treads|100/100
|switch|p2a: Kyurem|Kyurem|100/100
|-ability|p2a: Kyurem|Pressure
|-enditem|p1a: Iron Treads|Booster Energy
|-activate|p1a: Iron Treads|ability: Quark Drive|[fromitem]
|-start|p1a: Iron Treads|quarkdrivespe
|turn|1
|
|t:|1779818415
|-terastallize|p2a: Kyurem|Fire
|move|p1a: Iron Treads|Stealth Rock|p2a: Kyurem
|-sidestart|p2: Rella.kidd|move: Stealth Rock
|move|p2a: Kyurem|Earth Power|p1a: Iron Treads
|-supereffective|p1a: Iron Treads
|-damage|p1a: Iron Treads|0 fnt
|faint|p1a: Iron Treads
|-end|p1a: Iron Treads|Quark Drive|[silent]
|
|upkeep
|
|t:|1779818429
|switch|p1a: Dragonite|Dragonite, M|100/100
|turn|2
|
|t:|1779818434
|switch|p2a: Ninetales|Ninetales-Alola, M|100/100
|-damage|p2a: Ninetales|76/100|[from] Stealth Rock
|-weather|Snowscape|[from] ability: Snow Warning|[of] p2a: Ninetales
|move|p1a: Dragonite|Scale Shot|p2a: Ninetales
|-immune|p2a: Ninetales
|
|-weather|Snowscape|[upkeep]
|upkeep
|turn|3
|
|t:|1779818448
|move|p2a: Ninetales|Aurora Veil|p2a: Ninetales
|-sidestart|p2: Rella.kidd|move: Aurora Veil
|move|p1a: Dragonite|Fire Punch|p2a: Ninetales
|-supereffective|p2a: Ninetales
|-damage|p2a: Ninetales|50/100
|
|-weather|Snowscape|[upkeep]
|upkeep
|turn|4
|
|t:|1779818455
|move|p2a: Ninetales|Freeze-Dry|p1a: Dragonite
|-supereffective|p1a: Dragonite
|-damage|p1a: Dragonite|48/100
|move|p1a: Dragonite|Dragon Dance|p1a: Dragonite
|-boost|p1a: Dragonite|atk|1
|-boost|p1a: Dragonite|spe|1
|
|-weather|Snowscape|[upkeep]
|upkeep
|turn|5
|
|t:|1779818465
|move|p1a: Dragonite|Fire Punch|p2a: Ninetales
|-supereffective|p2a: Ninetales
|-damage|p2a: Ninetales|11/100
|move|p2a: Ninetales|Freeze-Dry|p1a: Dragonite
|-supereffective|p1a: Dragonite
|-damage|p1a: Dragonite|0 fnt
|faint|p1a: Dragonite
|
|-weather|Snowscape|[upkeep]
|upkeep
|
|t:|1779818475
|switch|p1a: Ceruledge|Ceruledge, F|100/100
|turn|6
|
|t:|1779818484
|move|p2a: Ninetales|Foul Play|p1a: Ceruledge
|-supereffective|p1a: Ceruledge
|-damage|p1a: Ceruledge|8/100
|-ability|p1a: Ceruledge|Weak Armor|boost
|-unboost|p1a: Ceruledge|def|1
|-boost|p1a: Ceruledge|spe|2
|move|p1a: Ceruledge|Swords Dance|p1a: Ceruledge
|-boost|p1a: Ceruledge|atk|2
|
|-weather|Snowscape|[upkeep]
|upkeep
|turn|7
|
|t:|1779818496
|move|p1a: Ceruledge|Bitter Blade|p2a: Ninetales
|-supereffective|p2a: Ninetales
|-damage|p2a: Ninetales|0 fnt
|-heal|p1a: Ceruledge|13/100|[from] drain|[of] p2a: Ninetales
|faint|p2a: Ninetales
|
|-weather|Snowscape|[upkeep]
|-sideend|p2: Rella.kidd|move: Aurora Veil
|upkeep
|
|t:|1779818518
|switch|p2a: Slowking|Slowking-Galar, F|100/100
|-damage|p2a: Slowking|88/100|[from] Stealth Rock
|turn|8
|
|t:|1779818527
|move|p1a: Ceruledge|Bitter Blade|p2a: Slowking
|-damage|p2a: Slowking|0 fnt
|-heal|p1a: Ceruledge|72/100|[from] drain|[of] p2a: Slowking
|faint|p2a: Slowking
|
|-weather|Snowscape|[upkeep]
|upkeep
|
|t:|1779818536
|switch|p2a: Avalugg|Avalugg, F|100/100
|-damage|p2a: Avalugg|76/100|[from] Stealth Rock
|turn|9
|
|t:|1779818545
|move|p1a: Ceruledge|Bitter Blade|p2a: Avalugg
|-supereffective|p2a: Avalugg
|-damage|p2a: Avalugg|31/100
|-heal|p1a: Ceruledge|100/100|[from] drain|[of] p2a: Avalugg
|-damage|p1a: Ceruledge|84/100|[from] item: Rocky Helmet|[of] p2a: Avalugg
|move|p2a: Avalugg|Curse|p2a: Avalugg
|-unboost|p2a: Avalugg|spe|1
|-boost|p2a: Avalugg|atk|1
|-boost|p2a: Avalugg|def|1
|
|-weather|none
|upkeep
|turn|10
|
|t:|1779818561
|move|p1a: Ceruledge|Close Combat|p2a: Avalugg
|-supereffective|p2a: Avalugg
|-damage|p2a: Avalugg|0 fnt
|-unboost|p1a: Ceruledge|def|1
|-unboost|p1a: Ceruledge|spd|1
|-damage|p1a: Ceruledge|68/100|[from] item: Rocky Helmet|[of] p2a: Avalugg
|faint|p2a: Avalugg
|
|upkeep
|-message|Rella.kidd forfeited.
|
|win|ajjosh92
|raw|ajjosh92's rating: 1322 &rarr; <strong>1339</strong><br />(+17 for winning)
|raw|Rella.kidd's rating: 1276 &rarr; <strong>1254</strong><br />(-22 for losing)
|l|☆Rella.kidd
|player|p2|
|l|‽ajjosh92
|player|p1|
