|j|☆claudechamp
|j|☆richka52
|t:|1779814404
|gametype|singles
|player|p1|claudechamp|265|1228
|player|p2|richka52|brycen|1236
|gen|9
|tier|[Gen 9] OU
|rated|
|rule|HP Percentage Mod: HP is shown in percentages
|rule|Endless Battle Clause: Forcing endless battles is banned
|rule|Species Clause: Limit one of each Pokémon
|rule|OHKO Clause: OHKO moves are banned
|rule|Evasion Items Clause: Evasion items are banned
|rule|Evasion Moves Clause: Evasion moves are banned
|rule|Evasion Abilities Clause: Evasion abilities are banned
|rule|Sleep Moves Clause: Sleep-inducing moves are banned
|clearpoke
|poke|p1|Gliscor, M|
|poke|p1|Ogerpon, F|
|poke|p1|Walking Wake|
|poke|p1|Blissey, F|
|poke|p1|Corviknight, M|
|poke|p1|Pecharunt|
|poke|p2|Lokix, F|
|poke|p2|Iron Crown|
|poke|p2|Gliscor, F|
|poke|p2|Garganacl, M|
|poke|p2|Pecharunt|
|poke|p2|Cinderace, M|
|teampreview
|c|☆claudechamp|hf
|inactive|Battle timer is ON: inactive players will automatically lose when time's up. (requested by richka52)
|
|t:|1779814411
|teamsize|p1|6
|teamsize|p2|6
|start
|switch|p1a: Gliscor|Gliscor, M|100/100
|switch|p2a: Lokix|Lokix, F|100/100
|turn|1
|inactive|claudechamp also wants the timer to be on.
|
|t:|1779814421
|move|p2a: Lokix|U-turn|p1a: Gliscor
|-resisted|p1a: Gliscor
|-damage|p1a: Gliscor|71/100
|
|t:|1779814424
|switch|p2a: Gliscor|Gliscor, F|100/100|[from] U-turn
|move|p1a: Gliscor|Spikes|p2a: Gliscor
|-sidestart|p2: richka52|Spikes
|
|-status|p2a: Gliscor|tox|[from] item: Toxic Orb
|-status|p1a: Gliscor|tox|[from] item: Toxic Orb
|upkeep
|turn|2
|
|t:|1779814430
|move|p2a: Gliscor|Swords Dance|p2a: Gliscor
|-boost|p2a: Gliscor|atk|2
|move|p1a: Gliscor|Spikes|p2a: Gliscor
|-sidestart|p2: richka52|Spikes
|
|-heal|p1a: Gliscor|83/100 tox|[from] ability: Poison Heal
|upkeep
|turn|3
|
|t:|1779814452
|switch|p1a: Walking Wake|Walking Wake|100/100
|move|p2a: Gliscor|Facade|p1a: Walking Wake
|-damage|p1a: Walking Wake|31/100
|
|upkeep
|turn|4
|
|t:|1779814465
|-terastallize|p2a: Gliscor|Normal
|move|p1a: Walking Wake|Surf|p2a: Gliscor
|-damage|p2a: Gliscor|40/100 tox
|move|p2a: Gliscor|Facade|p1a: Walking Wake
|-damage|p1a: Walking Wake|0 fnt
|faint|p1a: Walking Wake
|-end|p1a: Walking Wake|Protosynthesis|[silent]
|
|-heal|p2a: Gliscor|52/100 tox|[from] ability: Poison Heal
|upkeep
|
|t:|1779814472
|switch|p1a: Corviknight|Corviknight, M|100/100
|-ability|p1a: Corviknight|Pressure
|turn|5
|
|t:|1779814476
|move|p2a: Gliscor|Protect|p2a: Gliscor
|-singleturn|p2a: Gliscor|Protect
|move|p1a: Corviknight|Body Press|p2a: Gliscor
|-activate|p2a: Gliscor|move: Protect
|
|-heal|p2a: Gliscor|65/100 tox|[from] ability: Poison Heal
|upkeep
|turn|6
|
|t:|1779814482
|move|p2a: Gliscor|Facade|p1a: Corviknight
|-resisted|p1a: Corviknight
|-damage|p1a: Corviknight|67/100
|move|p1a: Corviknight|Body Press|p2a: Gliscor
|-supereffective|p2a: Gliscor
|-damage|p2a: Gliscor|20/100 tox
|
|-heal|p2a: Gliscor|32/100 tox|[from] ability: Poison Heal
|upkeep
|turn|7
|
|t:|1779814491
|move|p2a: Gliscor|Facade|p1a: Corviknight
|-resisted|p1a: Corviknight
|-damage|p1a: Corviknight|30/100
|move|p1a: Corviknight|Body Press|p2a: Gliscor
|-supereffective|p2a: Gliscor
|-crit|p2a: Gliscor
|-damage|p2a: Gliscor|0 fnt
|faint|p2a: Gliscor
|
|upkeep
|
|t:|1779814500
|switch|p2a: Iron Crown|Iron Crown|100/100
|-damage|p2a: Iron Crown|84/100|[from] Spikes
|turn|8
|
|t:|1779814509
|move|p2a: Iron Crown|Volt Switch|p1a: Corviknight
|-supereffective|p1a: Corviknight
|-damage|p1a: Corviknight|0 fnt
|faint|p1a: Corviknight
|
|t:|1779814511
|-end|p2a: Iron Crown|Quark Drive|[silent]
|switch|p2a: Cinderace|Cinderace, M|100/100|[from] Volt Switch
|
|upkeep
|
|t:|1779814518
|switch|p1a: Gliscor|Gliscor, M|83/100 tox
|turn|9
|
|t:|1779814525
|move|p2a: Cinderace|U-turn|p1a: Gliscor
|-start|p2a: Cinderace|typechange|Bug|[from] ability: Libero
|-resisted|p1a: Gliscor
|-damage|p1a: Gliscor|70/100 tox
|
|t:|1779814527
|switch|p2a: Lokix|Lokix, F|100/100|[from] U-turn
|-damage|p2a: Lokix|84/100|[from] Spikes
|move|p1a: Gliscor|Earthquake|p2a: Lokix
|-resisted|p2a: Lokix
|-damage|p2a: Lokix|59/100
|
|-heal|p1a: Gliscor|82/100 tox|[from] ability: Poison Heal
|upkeep
|turn|10
|
|t:|1779814535
|move|p2a: Lokix|First Impression|p1a: Gliscor
|-resisted|p1a: Gliscor
|-damage|p1a: Gliscor|45/100 tox
|move|p1a: Gliscor|Earthquake|p2a: Lokix
|-resisted|p2a: Lokix
|-damage|p2a: Lokix|33/100
|
|-heal|p1a: Gliscor|57/100 tox|[from] ability: Poison Heal
|upkeep
|turn|11
|
|t:|1779814550
|move|p2a: Lokix|Knock Off|p1a: Gliscor
|-damage|p1a: Gliscor|23/100 tox
|-enditem|p1a: Gliscor|Toxic Orb|[from] move: Knock Off|[of] p2a: Lokix
|move|p1a: Gliscor|Earthquake|p2a: Lokix
|-resisted|p2a: Lokix
|-damage|p2a: Lokix|7/100
|
|-heal|p1a: Gliscor|36/100 tox|[from] ability: Poison Heal
|upkeep
|turn|12
|
|t:|1779814558
|move|p1a: Gliscor|Protect|p1a: Gliscor
|-singleturn|p1a: Gliscor|Protect
|move|p2a: Lokix|Sucker Punch||[still]
|-fail|p2a: Lokix
|
|-heal|p1a: Gliscor|48/100 tox|[from] ability: Poison Heal
|upkeep
|turn|13
|
|t:|1779814561
|move|p2a: Lokix|Knock Off|p1a: Gliscor
|-damage|p1a: Gliscor|24/100 tox
|move|p1a: Gliscor|Toxic|p2a: Lokix
|-status|p2a: Lokix|tox
|
|-damage|p2a: Lokix|1/100 tox|[from] psn
|-heal|p1a: Gliscor|36/100 tox|[from] ability: Poison Heal
|upkeep
|turn|14
|
|t:|1779814567
|move|p1a: Gliscor|Protect|p1a: Gliscor
|-singleturn|p1a: Gliscor|Protect
|move|p2a: Lokix|Knock Off|p1a: Gliscor
|-activate|p1a: Gliscor|move: Protect
|
|-damage|p2a: Lokix|0 fnt|[from] psn
|faint|p2a: Lokix
|-heal|p1a: Gliscor|49/100 tox|[from] ability: Poison Heal
|upkeep
|
|t:|1779814572
|switch|p2a: Iron Crown|Iron Crown|84/100
|-damage|p2a: Iron Crown|67/100|[from] Spikes
|turn|15
|
|t:|1779814579
|move|p2a: Iron Crown|Tachyon Cutter|p1a: Gliscor
|-damage|p1a: Gliscor|17/100 tox
|-damage|p1a: Gliscor|0 fnt
|faint|p1a: Gliscor
|-hitcount|p1: Gliscor|2
|
|upkeep
|
|t:|1779814597
|switch|p1a: Ogerpon|Ogerpon, F|100/100
|turn|16
|
|t:|1779814609
|move|p1a: Ogerpon|Knock Off|p2a: Iron Crown
|-supereffective|p2a: Iron Crown
|-damage|p2a: Iron Crown|0 fnt
|-enditem|p2a: Iron Crown|Choice Specs|[from] move: Knock Off|[of] p1a: Ogerpon
|faint|p2a: Iron Crown
|-end|p2a: Iron Crown|Quark Drive|[silent]
|
|upkeep
|
|t:|1779814614
|switch|p2a: Cinderace|Cinderace, M|100/100
|turn|17
|
|t:|1779814620
|switch|p1a: Pecharunt|Pecharunt|100/100
|move|p2a: Cinderace|Court Change|p2a: Cinderace
|-start|p2a: Cinderace|typechange|Normal|[from] ability: Libero
|-swapsideconditions
|-activate|p2a: Cinderace|move: Court Change
|
|upkeep
|turn|18
|
|t:|1779814637
|move|p2a: Cinderace|U-turn|p1a: Pecharunt
|-resisted|p1a: Pecharunt
|-damage|p1a: Pecharunt|98/100
|
|t:|1779814640
|switch|p2a: Garganacl|Garganacl, M|100/100|[from] U-turn
|move|p1a: Pecharunt|Foul Play|p2a: Garganacl
|-damage|p2a: Garganacl|86/100
|
|-heal|p2a: Garganacl|92/100|[from] item: Leftovers
|upkeep
|turn|19
|
|t:|1779814648
|move|p1a: Pecharunt|Parting Shot|p2a: Garganacl
|-unboost|p2a: Garganacl|atk|1
|-unboost|p2a: Garganacl|spa|1
|
|t:|1779814660
|switch|p1a: Ogerpon|Ogerpon, F|100/100|[from] Parting Shot
|move|p2a: Garganacl|Salt Cure|p1a: Ogerpon
|-damage|p1a: Ogerpon|88/100
|-start|p1a: Ogerpon|Salt Cure
|
|-heal|p2a: Garganacl|98/100|[from] item: Leftovers
|-damage|p1a: Ogerpon|75/100|[from] Salt Cure
|upkeep
|turn|20
|
|t:|1779814672
|switch|p2a: Pecharunt|Pecharunt|100/100
|move|p1a: Ogerpon|Ivy Cudgel|p2a: Pecharunt
|-resisted|p2a: Pecharunt
|-damage|p2a: Pecharunt|89/100
|
|-damage|p1a: Ogerpon|63/100|[from] Salt Cure
|upkeep
|turn|21
|
|t:|1779814683
|move|p1a: Ogerpon|Knock Off|p2a: Pecharunt
|-supereffective|p2a: Pecharunt
|-damage|p2a: Pecharunt|62/100
|-enditem|p2a: Pecharunt|Heavy-Duty Boots|[from] move: Knock Off|[of] p1a: Ogerpon
|move|p2a: Pecharunt|Parting Shot|p1a: Ogerpon
|-unboost|p1a: Ogerpon|atk|1
|-ability|p1a: Ogerpon|Defiant|boost
|-boost|p1a: Ogerpon|atk|2
|-unboost|p1a: Ogerpon|spa|1
|-ability|p1a: Ogerpon|Defiant|boost
|-boost|p1a: Ogerpon|atk|2
|
|t:|1779814688
|switch|p2a: Cinderace|Cinderace, M|100/100|[from] Parting Shot
|
|-damage|p1a: Ogerpon|51/100|[from] Salt Cure
|upkeep
|turn|22
|
|t:|1779814694
|switch|p1a: Pecharunt|Pecharunt|98/100
|move|p2a: Cinderace|Pyro Ball|p1a: Pecharunt
|-damage|p1a: Pecharunt|72/100
|
|upkeep
|turn|23
|
|t:|1779814709
|move|p2a: Cinderace|Pyro Ball|p1a: Pecharunt
|-damage|p1a: Pecharunt|45/100
|-status|p1a: Pecharunt|brn
|move|p1a: Pecharunt|Recover|p1a: Pecharunt
|-heal|p1a: Pecharunt|95/100 brn
|
|-damage|p1a: Pecharunt|89/100 brn|[from] brn
|upkeep
|turn|24
|
|t:|1779814724
|move|p2a: Cinderace|Pyro Ball|p1a: Pecharunt
|-damage|p1a: Pecharunt|64/100 brn
|move|p1a: Pecharunt|Parting Shot|p2a: Cinderace
|-unboost|p2a: Cinderace|atk|1
|-unboost|p2a: Cinderace|spa|1
|
|t:|1779814738
|switch|p1a: Blissey|Blissey, F|100/100|[from] Parting Shot
|
|upkeep
|turn|25
|
|t:|1779814745
|switch|p1a: Pecharunt|Pecharunt|64/100 brn
|move|p2a: Cinderace|U-turn|p1a: Pecharunt
|-start|p2a: Cinderace|typechange|Bug|[from] ability: Libero
|-resisted|p1a: Pecharunt
|-damage|p1a: Pecharunt|62/100 brn
|
|t:|1779814750
|switch|p2a: Garganacl|Garganacl, M|98/100|[from] U-turn
|
|-heal|p2a: Garganacl|100/100|[from] item: Leftovers
|-damage|p1a: Pecharunt|55/100 brn|[from] brn
|upkeep
|turn|26
|
|t:|1779814754
|move|p1a: Pecharunt|Recover|p1a: Pecharunt
|-heal|p1a: Pecharunt|100/100 brn
|move|p2a: Garganacl|Salt Cure|p1a: Pecharunt
|-damage|p1a: Pecharunt|94/100 brn
|-start|p1a: Pecharunt|Salt Cure
|
|-damage|p1a: Pecharunt|88/100 brn|[from] brn
|-damage|p1a: Pecharunt|76/100 brn|[from] Salt Cure
|upkeep
|turn|27
|
|t:|1779814770
|switch|p1a: Blissey|Blissey, F|100/100
|move|p2a: Garganacl|Stealth Rock|p1a: Blissey
|-sidestart|p1: claudechamp|move: Stealth Rock
|
|upkeep
|turn|28
|
|t:|1779814782
|move|p1a: Blissey|Stealth Rock|p2a: Garganacl
|-sidestart|p2: richka52|move: Stealth Rock
|move|p2a: Garganacl|Salt Cure|p1a: Blissey
|-damage|p1a: Blissey|86/100
|-start|p1a: Blissey|Salt Cure
|
|-damage|p1a: Blissey|74/100|[from] Salt Cure
|upkeep
|turn|29
|
|t:|1779814797
|move|p1a: Blissey|Soft-Boiled|p1a: Blissey
|-heal|p1a: Blissey|100/100
|move|p2a: Garganacl|Salt Cure|p1a: Blissey
|-damage|p1a: Blissey|86/100
|
|-damage|p1a: Blissey|73/100|[from] Salt Cure
|upkeep
|turn|30
|
|t:|1779814816
|switch|p1a: Pecharunt|Pecharunt|76/100 brn
|switch|p2a: Cinderace|Cinderace, M|100/100
|
|-damage|p1a: Pecharunt|70/100 brn|[from] brn
|upkeep
|turn|31
|
|t:|1779814828
|move|p2a: Cinderace|Pyro Ball|p1a: Pecharunt
|-damage|p1a: Pecharunt|44/100 brn
|move|p1a: Pecharunt|Malignant Chain|p2a: Cinderace
|-damage|p2a: Cinderace|56/100
|-status|p2a: Cinderace|tox
|-start|p2a: Cinderace|confusion|[from] ability: Poison Puppeteer|[of] p1a: Pecharunt
|
|-damage|p2a: Cinderace|50/100 tox|[from] psn
|-damage|p1a: Pecharunt|38/100 brn|[from] brn
|upkeep
|turn|32
|
|t:|1779814839
|-activate|p2a: Cinderace|confusion
|-damage|p2a: Cinderace|30/100 tox|[from] confusion
|move|p1a: Pecharunt|Malignant Chain|p2a: Cinderace
|-damage|p2a: Cinderace|0 fnt
|faint|p2a: Cinderace
|
|-damage|p1a: Pecharunt|32/100 brn|[from] brn
|upkeep
|
|t:|1779814842
|switch|p2a: Garganacl|Garganacl, M|100/100
|-damage|p2a: Garganacl|88/100|[from] Stealth Rock
|turn|33
|
|t:|1779814856
|move|p1a: Pecharunt|Recover|p1a: Pecharunt
|-heal|p1a: Pecharunt|82/100 brn
|move|p2a: Garganacl|Salt Cure|p1a: Pecharunt
|-damage|p1a: Pecharunt|76/100 brn
|-start|p1a: Pecharunt|Salt Cure
|
|-heal|p2a: Garganacl|94/100|[from] item: Leftovers
|-damage|p1a: Pecharunt|70/100 brn|[from] brn
|-damage|p1a: Pecharunt|57/100 brn|[from] Salt Cure
|upkeep
|turn|34
|
|t:|1779814869
|move|p1a: Pecharunt|Recover|p1a: Pecharunt
|-heal|p1a: Pecharunt|100/100 brn
|move|p2a: Garganacl|Salt Cure|p1a: Pecharunt
|-damage|p1a: Pecharunt|93/100 brn
|
|-heal|p2a: Garganacl|100/100|[from] item: Leftovers
|-damage|p1a: Pecharunt|87/100 brn|[from] brn
|-damage|p1a: Pecharunt|75/100 brn|[from] Salt Cure
|upkeep
|turn|35
|
|t:|1779814885
|switch|p2a: Pecharunt|Pecharunt|62/100
|-damage|p2a: Pecharunt|50/100|[from] Stealth Rock
|move|p1a: Pecharunt|Parting Shot|p2a: Pecharunt
|-unboost|p2a: Pecharunt|atk|1
|-unboost|p2a: Pecharunt|spa|1
|
|t:|1779814899
|switch|p1a: Blissey|Blissey, F|73/100|[from] Parting Shot
|
|upkeep
|turn|36
|
|t:|1779814914
|switch|p1a: Ogerpon|Ogerpon, F|51/100
|move|p2a: Pecharunt|Recover|p2a: Pecharunt
|-heal|p2a: Pecharunt|99/100
|
|upkeep
|turn|37
|
|t:|1779814919
|move|p1a: Ogerpon|Encore|p2a: Pecharunt
|-start|p2a: Pecharunt|Encore
|move|p2a: Pecharunt|Recover|p2a: Pecharunt
|-heal|p2a: Pecharunt|100/100
|
|upkeep
|turn|38
|
|t:|1779814925
|move|p1a: Ogerpon|Ivy Cudgel|p2a: Pecharunt
|-resisted|p2a: Pecharunt
|-damage|p2a: Pecharunt|89/100
|move|p2a: Pecharunt|Recover|p2a: Pecharunt
|-heal|p2a: Pecharunt|100/100
|
|upkeep
|turn|39
|
|t:|1779814930
|switch|p2a: Garganacl|Garganacl, M|100/100
|-damage|p2a: Garganacl|88/100|[from] Stealth Rock
|move|p1a: Ogerpon|Ivy Cudgel|p2a: Garganacl
|-supereffective|p2a: Garganacl
|-damage|p2a: Garganacl|28/100
|
|-heal|p2a: Garganacl|34/100|[from] item: Leftovers
|upkeep
|turn|40
|
|t:|1779814938
|switch|p2a: Pecharunt|Pecharunt|100/100
|-damage|p2a: Pecharunt|88/100|[from] Stealth Rock
|move|p1a: Ogerpon|Ivy Cudgel|p2a: Pecharunt
|-resisted|p2a: Pecharunt
|-damage|p2a: Pecharunt|77/100
|
|upkeep
|turn|41
|
|t:|1779814952
|move|p1a: Ogerpon|U-turn|p2a: Pecharunt
|-resisted|p2a: Pecharunt
|-damage|p2a: Pecharunt|75/100
|
|t:|1779814967
|switch|p1a: Pecharunt|Pecharunt|75/100 brn|[from] U-turn
|move|p2a: Pecharunt|Foul Play|p1a: Pecharunt
|-supereffective|p1a: Pecharunt
|-damage|p1a: Pecharunt|62/100 brn
|
|-damage|p1a: Pecharunt|55/100 brn|[from] brn
|upkeep
|turn|42
|
|t:|1779814982
|move|p2a: Pecharunt|Malignant Chain|p1a: Pecharunt
|-resisted|p1a: Pecharunt
|-damage|p1a: Pecharunt|48/100 brn
|move|p1a: Pecharunt|Parting Shot|p2a: Pecharunt
|-unboost|p2a: Pecharunt|atk|1
|-unboost|p2a: Pecharunt|spa|1
|inactive|claudechamp has 120 seconds left.
|
|t:|1779814997
|switch|p1a: Blissey|Blissey, F|73/100|[from] Parting Shot
|
|upkeep
|turn|43
|inactive|claudechamp has 120 seconds left.
|
|t:|1779815007
|move|p2a: Pecharunt|Malignant Chain|p1a: Blissey
|-damage|p1a: Blissey|67/100
|move|p1a: Blissey|Soft-Boiled|p1a: Blissey
|-heal|p1a: Blissey|100/100
|
|upkeep
|turn|44
|
|t:|1779815012
|switch|p1a: Ogerpon|Ogerpon, F|51/100
|move|p2a: Pecharunt|Malignant Chain|p1a: Ogerpon
|-supereffective|p1a: Ogerpon
|-crit|p1a: Ogerpon
|-damage|p1a: Ogerpon|0 fnt
|faint|p1a: Ogerpon
|
|upkeep
|inactive|claudechamp has 120 seconds left.
|
|t:|1779815028
|switch|p1a: Blissey|Blissey, F|100/100
|turn|45
|inactive|claudechamp has 120 seconds left.
|
|t:|1779815043
|move|p2a: Pecharunt|Parting Shot|p1a: Blissey
|-unboost|p1a: Blissey|atk|1
|-unboost|p1a: Blissey|spa|1
|
|t:|1779815044
|switch|p2a: Garganacl|Garganacl, M|34/100|[from] Parting Shot
|-damage|p2a: Garganacl|22/100|[from] Stealth Rock
|move|p1a: Blissey|Calm Mind|p1a: Blissey
|-boost|p1a: Blissey|spa|1
|-boost|p1a: Blissey|spd|1
|
|-heal|p2a: Garganacl|28/100|[from] item: Leftovers
|upkeep
|turn|46
|
|t:|1779815054
|switch|p1a: Pecharunt|Pecharunt|48/100 brn
|move|p2a: Garganacl|Recover|p2a: Garganacl
|-heal|p2a: Garganacl|78/100
|
|-heal|p2a: Garganacl|84/100|[from] item: Leftovers
|-damage|p1a: Pecharunt|42/100 brn|[from] brn
|upkeep
|turn|47
|inactive|claudechamp has 120 seconds left.
|
|t:|1779815070
|move|p1a: Pecharunt|Recover|p1a: Pecharunt
|-heal|p1a: Pecharunt|92/100 brn
|move|p2a: Garganacl|Salt Cure|p1a: Pecharunt
|-damage|p1a: Pecharunt|86/100 brn
|-start|p1a: Pecharunt|Salt Cure
|
|-heal|p2a: Garganacl|91/100|[from] item: Leftovers
|-damage|p1a: Pecharunt|80/100 brn|[from] brn
|-damage|p1a: Pecharunt|67/100 brn|[from] Salt Cure
|upkeep
|turn|48
|inactive|claudechamp has 120 seconds left.
|
|t:|1779815083
|switch|p1a: Blissey|Blissey, F|100/100
|move|p2a: Garganacl|Salt Cure|p1a: Blissey
|-damage|p1a: Blissey|85/100
|-start|p1a: Blissey|Salt Cure
|
|-heal|p2a: Garganacl|97/100|[from] item: Leftovers
|-damage|p1a: Blissey|73/100|[from] Salt Cure
|upkeep
|turn|49
|inactive|claudechamp has 120 seconds left.
|
|t:|1779815094
|switch|p1a: Pecharunt|Pecharunt|67/100 brn
|move|p2a: Garganacl|Salt Cure|p1a: Pecharunt
|-crit|p1a: Pecharunt
|-damage|p1a: Pecharunt|58/100 brn
|-start|p1a: Pecharunt|Salt Cure
|
|-heal|p2a: Garganacl|100/100|[from] item: Leftovers
|-damage|p1a: Pecharunt|52/100 brn|[from] brn
|-damage|p1a: Pecharunt|39/100 brn|[from] Salt Cure
|upkeep
|turn|50
|inactive|claudechamp has 120 seconds left.
|
|t:|1779815110
|move|p1a: Pecharunt|Recover|p1a: Pecharunt
|-heal|p1a: Pecharunt|89/100 brn
|move|p2a: Garganacl|Salt Cure|p1a: Pecharunt
|-damage|p1a: Pecharunt|82/100 brn
|
|-damage|p1a: Pecharunt|76/100 brn|[from] brn
|-damage|p1a: Pecharunt|64/100 brn|[from] Salt Cure
|upkeep
|turn|51
|inactive|claudechamp has 120 seconds left.
|
|t:|1779815122
|switch|p1a: Blissey|Blissey, F|73/100
|move|p2a: Garganacl|Salt Cure|p1a: Blissey
|-damage|p1a: Blissey|59/100
|-start|p1a: Blissey|Salt Cure
|
|-damage|p1a: Blissey|47/100|[from] Salt Cure
|upkeep
|turn|52
|inactive|claudechamp has 120 seconds left.
|
|t:|1779815135
|move|p1a: Blissey|Soft-Boiled|p1a: Blissey
|-heal|p1a: Blissey|97/100
|move|p2a: Garganacl|Salt Cure|p1a: Blissey
|-damage|p1a: Blissey|82/100
|
|-damage|p1a: Blissey|69/100|[from] Salt Cure
|upkeep
|turn|53
|inactive|claudechamp has 120 seconds left.
|
|t:|1779815146
|move|p1a: Blissey|Soft-Boiled|p1a: Blissey
|-heal|p1a: Blissey|100/100
|move|p2a: Garganacl|Salt Cure|p1a: Blissey
|-damage|p1a: Blissey|87/100
|
|-damage|p1a: Blissey|75/100|[from] Salt Cure
|upkeep
|turn|54
|inactive|claudechamp has 120 seconds left.
|
|t:|1779815155
|switch|p1a: Pecharunt|Pecharunt|64/100 brn
|move|p2a: Garganacl|Stealth Rock||[still]
|-fail|p2a: Garganacl
|
|-damage|p1a: Pecharunt|58/100 brn|[from] brn
|upkeep
|turn|55
|
|t:|1779815162
|move|p1a: Pecharunt|Recover|p1a: Pecharunt
|-heal|p1a: Pecharunt|100/100 brn
|move|p2a: Garganacl|Salt Cure|p1a: Pecharunt
|-damage|p1a: Pecharunt|94/100 brn
|-start|p1a: Pecharunt|Salt Cure
|
|-damage|p1a: Pecharunt|88/100 brn|[from] brn
|-damage|p1a: Pecharunt|76/100 brn|[from] Salt Cure
|upkeep
|turn|56
|
|t:|1779815168
|move|p1a: Pecharunt|Malignant Chain|p2a: Garganacl
|-resisted|p2a: Garganacl
|-damage|p2a: Garganacl|91/100
|move|p2a: Garganacl|Stealth Rock||[still]
|-fail|p2a: Garganacl
|
|-heal|p2a: Garganacl|97/100|[from] item: Leftovers
|-damage|p1a: Pecharunt|70/100 brn|[from] brn
|-damage|p1a: Pecharunt|57/100 brn|[from] Salt Cure
|upkeep
|turn|57
|
|t:|1779815178
|move|p2a: Garganacl|Protect|p2a: Garganacl
|-singleturn|p2a: Garganacl|Protect
|move|p1a: Pecharunt|Recover|p1a: Pecharunt
|-heal|p1a: Pecharunt|100/100 brn
|
|-heal|p2a: Garganacl|100/100|[from] item: Leftovers
|-damage|p1a: Pecharunt|94/100 brn|[from] brn
|-damage|p1a: Pecharunt|82/100 brn|[from] Salt Cure
|upkeep
|turn|58
|
|t:|1779815185
|switch|p1a: Blissey|Blissey, F|75/100
|move|p2a: Garganacl|Salt Cure|p1a: Blissey
|-damage|p1a: Blissey|62/100
|-start|p1a: Blissey|Salt Cure
|
|-damage|p1a: Blissey|50/100|[from] Salt Cure
|upkeep
|turn|59
|
|t:|1779815196
|switch|p2a: Pecharunt|Pecharunt|75/100
|-damage|p2a: Pecharunt|62/100|[from] Stealth Rock
|move|p1a: Blissey|Soft-Boiled|p1a: Blissey
|-heal|p1a: Blissey|99/100
|
|-damage|p1a: Blissey|87/100|[from] Salt Cure
|upkeep
|turn|60
|
|t:|1779815214
|switch|p1a: Pecharunt|Pecharunt|82/100 brn
|move|p2a: Pecharunt|Recover|p2a: Pecharunt
|-heal|p2a: Pecharunt|100/100
|
|-damage|p1a: Pecharunt|76/100 brn|[from] brn
|upkeep
|turn|61
|
|t:|1779815220
|move|p1a: Pecharunt|Parting Shot|p2a: Pecharunt
|-unboost|p2a: Pecharunt|atk|1
|-unboost|p2a: Pecharunt|spa|1
|
|t:|1779815225
|switch|p1a: Blissey|Blissey, F|87/100|[from] Parting Shot
|move|p2a: Pecharunt|Foul Play|p1a: Blissey
|-crit|p1a: Blissey
|-damage|p1a: Blissey|84/100
|
|upkeep
|turn|62
|
|t:|1779815230
|move|p2a: Pecharunt|Malignant Chain|p1a: Blissey
|-damage|p1a: Blissey|78/100
|move|p1a: Blissey|Soft-Boiled|p1a: Blissey
|-heal|p1a: Blissey|100/100
|
|upkeep
|turn|63
|
|t:|1779815235
|switch|p1a: Pecharunt|Pecharunt|76/100 brn
|move|p2a: Pecharunt|Malignant Chain|p1a: Pecharunt
|-resisted|p1a: Pecharunt
|-crit|p1a: Pecharunt
|-damage|p1a: Pecharunt|65/100 brn
|
|-damage|p1a: Pecharunt|59/100 brn|[from] brn
|upkeep
|turn|64
|
|t:|1779815244
|move|p2a: Pecharunt|Malignant Chain|p1a: Pecharunt
|-resisted|p1a: Pecharunt
|-damage|p1a: Pecharunt|53/100 brn
|move|p1a: Pecharunt|Malignant Chain|p2a: Pecharunt
|-resisted|p2a: Pecharunt
|-damage|p2a: Pecharunt|93/100
|
|-damage|p1a: Pecharunt|47/100 brn|[from] brn
|upkeep
|turn|65
|
|t:|1779815253
|move|p2a: Pecharunt|Foul Play|p1a: Pecharunt
|-supereffective|p1a: Pecharunt
|-damage|p1a: Pecharunt|34/100 brn
|move|p1a: Pecharunt|Malignant Chain|p2a: Pecharunt
|-resisted|p2a: Pecharunt
|-damage|p2a: Pecharunt|86/100
|
|-damage|p1a: Pecharunt|28/100 brn|[from] brn
|upkeep
|turn|66
|
|t:|1779815260
|switch|p1a: Blissey|Blissey, F|100/100
|move|p2a: Pecharunt|Foul Play|p1a: Blissey
|-damage|p1a: Blissey|99/100
|
|upkeep
|turn|67
|
|t:|1779815268
|move|p2a: Pecharunt|Malignant Chain|p1a: Blissey
|-damage|p1a: Blissey|92/100
|-status|p1a: Blissey|tox
|-start|p1a: Blissey|confusion|[from] ability: Poison Puppeteer|[of] p2a: Pecharunt
|-activate|p1a: Blissey|confusion
|-damage|p1a: Blissey|91/100 tox|[from] confusion
|
|-damage|p1a: Blissey|85/100 tox|[from] psn
|upkeep
|turn|68
|
|t:|1779815277
|move|p2a: Pecharunt|Parting Shot|p1a: Blissey
|-unboost|p1a: Blissey|atk|1
|-unboost|p1a: Blissey|spa|1
|
|t:|1779815279
|switch|p2a: Garganacl|Garganacl, M|100/100|[from] Parting Shot
|-damage|p2a: Garganacl|88/100|[from] Stealth Rock
|-activate|p1a: Blissey|confusion
|-damage|p1a: Blissey|84/100 tox|[from] confusion
|
|-heal|p2a: Garganacl|94/100|[from] item: Leftovers
|-damage|p1a: Blissey|72/100 tox|[from] psn
|upkeep
|turn|69
|
|t:|1779815289
|-curestatus|p1a: Blissey|tox|[from] ability: Natural Cure|[silent]
|switch|p1a: Pecharunt|Pecharunt|28/100 brn
|move|p2a: Garganacl|Salt Cure|p1a: Pecharunt
|-damage|p1a: Pecharunt|22/100 brn
|-start|p1a: Pecharunt|Salt Cure
|
|-heal|p2a: Garganacl|100/100|[from] item: Leftovers
|-damage|p1a: Pecharunt|16/100 brn|[from] brn
|-damage|p1a: Pecharunt|3/100 brn|[from] Salt Cure
|upkeep
|turn|70
|
|t:|1779815297
|switch|p1a: Blissey|Blissey, F|72/100
|move|p2a: Garganacl|Protect||[still]
|-fail|p2a: Garganacl
|
|upkeep
|turn|71
|
|t:|1779815305
|move|p1a: Blissey|Seismic Toss|p2a: Garganacl
|-damage|p2a: Garganacl|76/100
|move|p2a: Garganacl|Salt Cure|p1a: Blissey
|-damage|p1a: Blissey|56/100
|-start|p1a: Blissey|Salt Cure
|
|-heal|p2a: Garganacl|82/100|[from] item: Leftovers
|-damage|p1a: Blissey|44/100|[from] Salt Cure
|upkeep
|turn|72
|
|t:|1779815315
|move|p2a: Garganacl|Protect|p2a: Garganacl
|-singleturn|p2a: Garganacl|Protect
|move|p1a: Blissey|Soft-Boiled|p1a: Blissey
|-heal|p1a: Blissey|94/100
|
|-heal|p2a: Garganacl|88/100|[from] item: Leftovers
|-damage|p1a: Blissey|81/100|[from] Salt Cure
|upkeep
|turn|73
|
|t:|1779815320
|move|p1a: Blissey|Seismic Toss|p2a: Garganacl
|-damage|p2a: Garganacl|63/100
|move|p2a: Garganacl|Recover|p2a: Garganacl
|-heal|p2a: Garganacl|100/100
|
|-damage|p1a: Blissey|69/100|[from] Salt Cure
|upkeep
|turn|74
|
|t:|1779815331
|move|p1a: Blissey|Soft-Boiled|p1a: Blissey
|-heal|p1a: Blissey|100/100
|move|p2a: Garganacl|Salt Cure|p1a: Blissey
|-damage|p1a: Blissey|85/100
|
|-damage|p1a: Blissey|73/100|[from] Salt Cure
|upkeep
|turn|75
|
|t:|1779815338
|move|p1a: Blissey|Seismic Toss|p2a: Garganacl
|-damage|p2a: Garganacl|76/100
|move|p2a: Garganacl|Recover|p2a: Garganacl
|-heal|p2a: Garganacl|100/100
|
|-damage|p1a: Blissey|60/100|[from] Salt Cure
|upkeep
|turn|76
|
|t:|1779815349
|-terastallize|p1a: Blissey|Dark
|move|p1a: Blissey|Calm Mind|p1a: Blissey
|-boost|p1a: Blissey|spa|1
|-boost|p1a: Blissey|spd|1
|move|p2a: Garganacl|Salt Cure|p1a: Blissey
|-damage|p1a: Blissey|45/100
|
|-damage|p1a: Blissey|33/100|[from] Salt Cure
|upkeep
|turn|77
|
|t:|1779815359
|move|p1a: Blissey|Seismic Toss|p2a: Garganacl
|-damage|p2a: Garganacl|76/100
|move|p2a: Garganacl|Salt Cure|p1a: Blissey
|-damage|p1a: Blissey|18/100
|
|-heal|p2a: Garganacl|82/100|[from] item: Leftovers
|-damage|p1a: Blissey|5/100|[from] Salt Cure
|upkeep
|turn|78
|
|t:|1779815368
|switch|p1a: Pecharunt|Pecharunt|3/100 brn
|move|p2a: Garganacl|Salt Cure|p1a: Pecharunt
|-damage|p1a: Pecharunt|0 fnt
|faint|p1a: Pecharunt
|
|-heal|p2a: Garganacl|88/100|[from] item: Leftovers
|upkeep
|
|t:|1779815377
|switch|p1a: Blissey|Blissey, F, tera:Dark|5/100
|turn|79
|
|t:|1779815383
|move|p1a: Blissey|Seismic Toss|p2a: Garganacl
|-damage|p2a: Garganacl|63/100
|move|p2a: Garganacl|Salt Cure|p1a: Blissey
|-damage|p1a: Blissey|0 fnt
|faint|p1a: Blissey
|
|win|richka52
|raw|claudechamp's rating: 1204 &rarr; <strong>1181</strong><br />(-23 for losing)
|raw|richka52's rating: 1236 &rarr; <strong>1259</strong><br />(+23 for winning)
|c|☆claudechamp|gg
|l|☆richka52
|player|p2|
