|j|☆A05236
|j|☆Abyssal Bot
|t:|1779919230
|gametype|singles
|player|p1|A05236|265|
|player|p2|Abyssal Bot|supernerd|
|teamsize|p1|6
|teamsize|p2|6
|gen|9
|tier|[Gen 9] OU
|rule|Species Clause: Limit one of each Pokémon
|rule|OHKO Clause: OHKO moves are banned
|rule|Evasion Items Clause: Evasion items are banned
|rule|Evasion Moves Clause: Evasion moves are banned
|rule|Endless Battle Clause: Forcing endless battles is banned
|rule|HP Percentage Mod: HP is shown in percentages
|rule|Sleep Moves Clause: Sleep-inducing moves are banned
|clearpoke
|poke|p1|Dragonite, M|
|poke|p1|Ninetales-Alola, M|
|poke|p1|Enamorus, F|
|poke|p1|Kingambit, M|
|poke|p1|Gliscor, M|
|poke|p1|Hawlucha, F|
|poke|p2|Iron Moth|
|poke|p2|Kingambit, M|
|poke|p2|Iron Valiant|
|poke|p2|Rillaboom, M|
|poke|p2|Ogerpon-Cornerstone, F|
|poke|p2|Raging Bolt|
|teampreview
|c|☆Abyssal Bot|**WARNING**: Expect much hax.
|inactive|Battle timer is ON: inactive players will automatically lose when time's up. (requested by Abyssal Bot)
|j|*Turbo Bottttt
|
|t:|1779919244
|start
|switch|p1a: sugar|Dragonite, M|100/100
|switch|p2a: Symbolism|Iron Moth, shiny|100/100
|-enditem|p2a: Symbolism|Booster Energy
|-activate|p2a: Symbolism|ability: Quark Drive|[fromitem]
|-start|p2a: Symbolism|quarkdrivespe
|turn|1
|
|t:|1779919248
|move|p2a: Symbolism|Sludge Wave|p1a: sugar
|-crit|p1a: sugar
|-damage|p1a: sugar|64/100
|move|p1a: sugar|Dragon Dance|p1a: sugar
|-boost|p1a: sugar|atk|1
|-boost|p1a: sugar|spe|1
|
|upkeep
|turn|2
|c|☆Abyssal Bot|I had warned you about hax!! HAHAHA
|
|t:|1779919250
|move|p2a: Symbolism|Sludge Wave|p1a: sugar
|-damage|p1a: sugar|13/100
|move|p1a: sugar|Scale Shot|p2a: Symbolism
|-damage|p2a: Symbolism|68/100
|-damage|p2a: Symbolism|36/100
|-damage|p2a: Symbolism|3/100
|-damage|p2a: Symbolism|0
|faint|p2a: Symbolism
|-end|p2a: Symbolism|Quark Drive|[silent]
|-hitcount|p2: Symbolism|4
|-unboost|p1a: sugar|def|1
|-boost|p1a: sugar|spe|1
|
|upkeep
|
|t:|1779919250
|switch|p2a: Overgod|Kingambit, M, shiny|100/100
|-activate|p2a: Overgod|ability: Supreme Overlord
|-start|p2a: Overgod|fallen1|[silent]
|turn|3
|
|t:|1779919254
|move|p2a: Overgod|Sucker Punch||[still]
|-fail|p2a: Overgod
|move|p1a: sugar|Dragon Dance|p1a: sugar
|-boost|p1a: sugar|atk|1
|-boost|p1a: sugar|spe|1
|
|upkeep
|turn|4
|
|t:|1779919256
|move|p1a: sugar|Encore|p2a: Overgod
|-start|p2a: Overgod|Encore
|move|p2a: Overgod|Sucker Punch||[still]
|-fail|p2a: Overgod
|
|upkeep
|turn|5
|
|t:|1779919258
|move|p2a: Overgod|Sucker Punch||[still]
|-fail|p2a: Overgod
|move|p1a: sugar|Dragon Dance|p1a: sugar
|-boost|p1a: sugar|atk|1
|-boost|p1a: sugar|spe|1
|
|upkeep
|turn|6
|
|t:|1779919260
|move|p2a: Overgod|Sucker Punch||[still]
|-fail|p2a: Overgod
|move|p1a: sugar|Dragon Dance|p1a: sugar
|-boost|p1a: sugar|atk|1
|-boost|p1a: sugar|spe|1
|
|-end|p2a: Overgod|Encore
|upkeep
|turn|7
|
|t:|1779919262
|move|p1a: sugar|Encore|p2a: Overgod
|-start|p2a: Overgod|Encore
|move|p2a: Overgod|Sucker Punch||[still]
|-fail|p2a: Overgod
|
|upkeep
|turn|8
|
|t:|1779919265
|move|p2a: Overgod|Sucker Punch||[still]
|-fail|p2a: Overgod
|move|p1a: sugar|Dragon Dance|p1a: sugar
|-boost|p1a: sugar|atk|1
|-boost|p1a: sugar|spe|1
|
|upkeep
|turn|9
|
|t:|1779919268
|move|p2a: Overgod|Sucker Punch||[still]
|-fail|p2a: Overgod
|move|p1a: sugar|Dragon Dance|p1a: sugar
|-boost|p1a: sugar|atk|1
|-boost|p1a: sugar|spe|0
|
|-end|p2a: Overgod|Encore
|upkeep
|turn|10
|
|t:|1779919270
|move|p2a: Overgod|Sucker Punch||[still]
|-fail|p2a: Overgod
|move|p1a: sugar|Encore||[still]
|-fail|p1a: sugar
|
|upkeep
|turn|11
|
|t:|1779919273
|move|p1a: sugar|Fire Punch|p2a: Overgod
|-supereffective|p2a: Overgod
|-damage|p2a: Overgod|0
|faint|p2a: Overgod
|-end|p2a: Overgod|fallen1|[silent]
|
|upkeep
|
|t:|1779919273
|switch|p2a: Calamity|Iron Valiant, shiny|100/100
|-enditem|p2a: Calamity|Booster Energy
|-activate|p2a: Calamity|ability: Quark Drive|[fromitem]
|-start|p2a: Calamity|quarkdrivespe
|turn|12
|
|t:|1779919277
|move|p1a: sugar|Dragon Dance|p1a: sugar
|-boost|p1a: sugar|atk|0
|-boost|p1a: sugar|spe|0
|move|p2a: Calamity|Shadow Ball|p1a: sugar
|-damage|p1a: sugar|0
|faint|p1a: sugar
|
|upkeep
|
|t:|1779919280
|switch|p1a: oh honey honey|Ninetales-Alola, M|100/100
|-weather|Snow|[from] ability: Snow Warning|[of] p1a: oh honey honey
|turn|13
|
|t:|1779919282
|move|p2a: Calamity|Substitute|p2a: Calamity
|-start|p2a: Calamity|Substitute
|-damage|p2a: Calamity|76/100
|move|p1a: oh honey honey|Aurora Veil|p1a: oh honey honey
|-sidestart|p1: A05236|move: Aurora Veil
|
|-weather|Snow|[upkeep]
|upkeep
|turn|14
|
|t:|1779919284
|move|p2a: Calamity|Calm Mind|p2a: Calamity
|-boost|p2a: Calamity|spa|1
|-boost|p2a: Calamity|spd|1
|move|p1a: oh honey honey|Moonblast|p2a: Calamity
|-supereffective|p2a: Calamity
|-end|p2a: Calamity|Substitute
|
|-weather|Snow|[upkeep]
|upkeep
|turn|15
|
|t:|1779919286
|move|p2a: Calamity|Moonblast|p1a: oh honey honey
|-damage|p1a: oh honey honey|62/100
|-unboost|p1a: oh honey honey|spa|1
|move|p1a: oh honey honey|Moonblast|p2a: Calamity
|-supereffective|p2a: Calamity
|-damage|p2a: Calamity|13/100
|
|-weather|Snow|[upkeep]
|upkeep
|turn|16
|
|t:|1779919289
|move|p2a: Calamity|Shadow Ball|p1a: oh honey honey
|-damage|p1a: oh honey honey|41/100
|-unboost|p1a: oh honey honey|spd|1
|move|p1a: oh honey honey|Moonblast|p2a: Calamity
|-supereffective|p2a: Calamity
|-damage|p2a: Calamity|0
|faint|p2a: Calamity
|-end|p2a: Calamity|Quark Drive|[silent]
|
|-weather|Snow|[upkeep]
|upkeep
|
|t:|1779919289
|switch|p2a: Kong|Rillaboom, M, shiny|100/100
|-fieldstart|move: Grassy Terrain|[from] ability: Grassy Surge|[of] p2a: Kong
|turn|17
|
|t:|1779919292
|move|p2a: Kong|Grassy Glide|p1a: oh honey honey
|-damage|p1a: oh honey honey|11/100
|move|p1a: oh honey honey|Chilling Water|p2a: Kong
|-resisted|p2a: Kong
|-damage|p2a: Kong|95/100
|-unboost|p2a: Kong|atk|1
|
|-weather|none
|-heal|p1a: oh honey honey|17/100|[from] Grassy Terrain
|-heal|p2a: Kong|100/100|[from] Grassy Terrain
|upkeep
|turn|18
|
|t:|1779919295
|move|p2a: Kong|Grassy Glide|p1a: oh honey honey
|-damage|p1a: oh honey honey|0
|faint|p1a: oh honey honey
|
|upkeep
|
|t:|1779919301
|switch|p1a: the eternal sugar|Gliscor, M|100/100
|turn|19
|
|t:|1779919303
|move|p2a: Kong|Grassy Glide|p1a: the eternal sugar
|-damage|p1a: the eternal sugar|84/100
|move|p1a: the eternal sugar|Stealth Rock|p2a: Kong
|-sidestart|p2: Abyssal Bot|move: Stealth Rock
|
|-status|p1a: the eternal sugar|tox|[from] item: Toxic Orb
|upkeep
|turn|20
|
|t:|1779919307
|switch|p1a: du du du du DU du|Hawlucha, F|100/100
|-enditem|p1a: du du du du DU du|Grassy Seed
|-boost|p1a: du du du du DU du|def|1|[from] item: Grassy Seed
|move|p2a: Kong|Grassy Glide|p1a: du du du du DU du
|-resisted|p1a: du du du du DU du
|-damage|p1a: du du du du DU du|92/100
|
|-sideend|p1: A05236|move: Aurora Veil
|upkeep
|turn|21
|
|t:|1779919309
|switch|p2a: Byakko|Raging Bolt|100/100
|-damage|p2a: Byakko|88/100|[from] Stealth Rock|[of] p1: the eternal sugar
|-enditem|p2a: Byakko|Booster Energy
|-activate|p2a: Byakko|ability: Protosynthesis|[fromitem]
|-start|p2a: Byakko|protosynthesisspa
|move|p1a: du du du du DU du|Swords Dance|p1a: du du du du DU du
|-boost|p1a: du du du du DU du|atk|2
|
|-heal|p2a: Byakko|94/100|[from] Grassy Terrain
|-fieldend|move: Grassy Terrain
|upkeep
|turn|22
|
|t:|1779919314
|switch|p1a: the eternal sugar|Gliscor, M|84/100 tox
|move|p2a: Byakko|Thunderclap||[still]
|-fail|p2a: Byakko
|
|-heal|p1a: the eternal sugar|97/100 tox|[from] ability: Poison Heal
|upkeep
|turn|23
|
|t:|1779919317
|move|p2a: Byakko|Calm Mind|p2a: Byakko
|-boost|p2a: Byakko|spa|1
|-boost|p2a: Byakko|spd|1
|move|p1a: the eternal sugar|Earthquake|p2a: Byakko
|-supereffective|p2a: Byakko
|-damage|p2a: Byakko|29/100
|
|-heal|p1a: the eternal sugar|100/100 tox|[from] ability: Poison Heal
|upkeep
|turn|24
|
|t:|1779919327
|move|p2a: Byakko|Dragon Pulse|p1a: the eternal sugar
|-damage|p1a: the eternal sugar|22/100 tox
|move|p1a: the eternal sugar|Earthquake|p2a: Byakko
|-supereffective|p2a: Byakko
|-damage|p2a: Byakko|0
|faint|p2a: Byakko
|-end|p2a: Byakko|Protosynthesis|[silent]
|
|-heal|p1a: the eternal sugar|35/100 tox|[from] ability: Poison Heal
|upkeep
|
|t:|1779919327
|switch|p2a: Spirit Monger|Ogerpon-Cornerstone, F|100/100
|-damage|p2a: Spirit Monger|88/100|[from] Stealth Rock|[of] p1a: the eternal sugar
|turn|25
|
|t:|1779919331
|move|p1a: the eternal sugar|Protect|p1a: the eternal sugar
|-singleturn|p1a: the eternal sugar|Protect
|move|p2a: Spirit Monger|Power Whip|p1a: the eternal sugar
|-activate|p1a: the eternal sugar|move: Protect
|
|-heal|p1a: the eternal sugar|47/100 tox|[from] ability: Poison Heal
|upkeep
|turn|26
|
|t:|1779919333
|move|p2a: Spirit Monger|Ivy Cudgel|p1a: the eternal sugar|[anim] Ivy Cudgel Rock
|-damage|p1a: the eternal sugar|0 tox
|faint|p1a: the eternal sugar
|
|upkeep
|
|t:|1779919339
|switch|p1a: you are my|Kingambit, M|100/100
|-activate|p1a: you are my|ability: Supreme Overlord
|-start|p1a: you are my|fallen3|[silent]
|turn|27
|
|t:|1779919340
|switch|p2a: Kong|Rillaboom, M, shiny|100/100
|-damage|p2a: Kong|88/100|[from] Stealth Rock|[of] p1: the eternal sugar
|-fieldstart|move: Grassy Terrain|[from] ability: Grassy Surge|[of] p2a: Kong
|move|p1a: you are my|Iron Head|p2a: Kong
|-damage|p2a: Kong|12/100
|-damage|p1a: you are my|91/100|[from] item: Life Orb
|
|-heal|p2a: Kong|18/100|[from] Grassy Terrain
|-heal|p1a: you are my|97/100|[from] Grassy Terrain
|upkeep
|turn|28
|
|t:|1779919343
|move|p1a: you are my|Sucker Punch|p2a: Kong
|-damage|p2a: Kong|0
|faint|p2a: Kong
|-damage|p1a: you are my|87/100|[from] item: Life Orb
|
|-heal|p1a: you are my|93/100|[from] Grassy Terrain
|upkeep
|
|t:|1779919343
|switch|p2a: Spirit Monger|Ogerpon-Cornerstone, F|88/100
|-damage|p2a: Spirit Monger|76/100|[from] Stealth Rock|[of] p1: the eternal sugar
|turn|29
|
|t:|1779919346
|move|p2a: Spirit Monger|Spikes|p1a: you are my
|-sidestart|p1: A05236|Spikes
|move|p1a: you are my|Low Kick|p2a: Spirit Monger
|-supereffective|p2a: Spirit Monger
|-damage|p2a: Spirit Monger|0
|faint|p2a: Spirit Monger
|-damage|p1a: you are my|83/100|[from] item: Life Orb
|
|win|A05236
|c|☆Abyssal Bot|Oh, I lost. Good Game.
|l|☆Abyssal Bot
|player|p2|
|l|*Turbo Bottttt
