|j|☆lttstoredotcom
|j|☆Archerdadon
|t:|1779944113
|gametype|singles
|player|p1|lttstoredotcom|cynthia-gen7|1549
|player|p2|Archerdadon|marshal|1577
|gen|9
|tier|[Gen 9] OU
|rated|
|rule|HP Percentage Mod: HP is shown in percentages
|rule|Endless Battle Clause: Forcing endless battles is banned
|rule|Species Clause: Limit one of each Pokémon
|rule|OHKO Clause: OHKO moves are banned
|rule|Evasion Items Clause: Evasion items are banned
|rule|Evasion Moves Clause: Evasion moves are banned
|rule|Evasion Abilities Clause: Evasion abilities are banned
|rule|Sleep Moves Clause: Sleep-inducing moves are banned
|clearpoke
|poke|p1|Hydrapple, M|
|poke|p1|Gliscor, F|
|poke|p1|Slowking-Galar, M|
|poke|p1|Cinderace, M|
|poke|p1|Kingambit, M|
|poke|p1|Iron Valiant|
|poke|p2|Dondozo, M|
|poke|p2|Great Tusk|
|poke|p2|Ting-Lu|
|poke|p2|Glimmora, M|
|poke|p2|Scizor, M|
|poke|p2|Weezing-Galar, M|
|teampreview
|inactive|Battle timer is ON: inactive players will automatically lose when time's up. (requested by lttstoredotcom)
|
|t:|1779944126
|teamsize|p1|6
|teamsize|p2|6
|start
|switch|p1a: Hydrapple|Hydrapple, M, shiny|100/100
|switch|p2a: Glimmora|Glimmora, M|100/100
|turn|1
|inactive|Archerdadon has 120 seconds left.
|
|t:|1779944169
|move|p2a: Glimmora|Sludge Wave|p1a: Hydrapple
|-supereffective|p1a: Hydrapple
|-damage|p1a: Hydrapple|9/100
|move|p1a: Hydrapple|Earth Power|p2a: Glimmora
|-supereffective|p2a: Glimmora
|-enditem|p2a: Glimmora|Focus Sash
|-damage|p2a: Glimmora|1/100
|-damage|p1a: Hydrapple|0 fnt|[from] item: Life Orb
|faint|p1a: Hydrapple
|
|upkeep
|
|t:|1779944186
|switch|p1a: Cinderace|Cinderace, M, shiny|100/100
|turn|2
|
|t:|1779944190
|move|p1a: Cinderace|U-turn|p2a: Glimmora
|-start|p1a: Cinderace|typechange|Bug|[from] ability: Libero
|-resisted|p2a: Glimmora
|-damage|p2a: Glimmora|0 fnt
|-activate|p2a: Glimmora|ability: Toxic Debris
|-sidestart|p1: lttstoredotcom|move: Toxic Spikes
|faint|p2a: Glimmora
|
|t:|1779944197
|switch|p1a: Slowking|Slowking-Galar, M, shiny|100/100|[from] U-turn
|-sideend|p1: lttstoredotcom|move: Toxic Spikes|[of] p1a: Slowking
|
|upkeep
|
|t:|1779944201
|switch|p2a: Ting-Lu|Ting-Lu|100/100
|-ability|p2a: Ting-Lu|Vessel of Ruin
|turn|3
|
|t:|1779944208
|switch|p1a: Gliscor|Gliscor, F|100/100
|move|p2a: Ting-Lu|Earthquake|p1a: Gliscor
|-immune|p1a: Gliscor
|
|-status|p1a: Gliscor|tox|[from] item: Toxic Orb
|upkeep
|turn|4
|
|t:|1779944216
|switch|p2a: Weezing|Weezing-Galar, M|100/100
|-ability|p2a: Weezing|Neutralizing Gas
|move|p1a: Gliscor|Knock Off|p2a: Weezing
|-resisted|p2a: Weezing
|-damage|p2a: Weezing|91/100
|-enditem|p2a: Weezing|Leftovers|[from] move: Knock Off|[of] p1a: Gliscor
|
|-damage|p1a: Gliscor|94/100 tox|[from] psn
|upkeep
|turn|5
|
|t:|1779944226
|switch|p1a: Slowking|Slowking-Galar, M, shiny|100/100
|move|p2a: Weezing|Will-O-Wisp|p1a: Slowking
|-status|p1a: Slowking|brn
|
|-damage|p1a: Slowking|94/100 brn|[from] brn
|upkeep
|turn|6
|
|t:|1779944236
|-end|p2a: Weezing|ability: Neutralizing Gas
|switch|p2a: Ting-Lu|Ting-Lu|100/100
|-ability|p2a: Ting-Lu|Vessel of Ruin
|move|p1a: Slowking|Flamethrower|p2a: Ting-Lu
|-damage|p2a: Ting-Lu|91/100
|
|-heal|p2a: Ting-Lu|97/100|[from] item: Leftovers
|-damage|p1a: Slowking|88/100 brn|[from] brn
|upkeep
|turn|7
|
|t:|1779944247
|switch|p2a: Weezing|Weezing-Galar, M|91/100
|-ability|p2a: Weezing|Neutralizing Gas
|switch|p1a: Gliscor|Gliscor, F|94/100 tox
|
|-damage|p1a: Gliscor|88/100 tox|[from] psn
|upkeep
|turn|8
|
|t:|1779944257
|switch|p1a: Slowking|Slowking-Galar, M, shiny|88/100 brn
|move|p2a: Weezing|Sludge Bomb|p1a: Slowking
|-resisted|p1a: Slowking
|-damage|p1a: Slowking|81/100 brn
|
|-damage|p1a: Slowking|75/100 brn|[from] brn
|upkeep
|turn|9
|
|t:|1779944268
|-end|p2a: Weezing|ability: Neutralizing Gas
|switch|p2a: Ting-Lu|Ting-Lu|97/100
|-ability|p2a: Ting-Lu|Vessel of Ruin
|move|p1a: Slowking|Psychic Noise|p2a: Ting-Lu
|-immune|p2a: Ting-Lu
|
|-heal|p2a: Ting-Lu|100/100|[from] item: Leftovers
|-damage|p1a: Slowking|69/100 brn|[from] brn
|upkeep
|turn|10
|
|t:|1779944294
|switch|p2a: Scizor|Scizor, M|100/100
|switch|p1a: Gliscor|Gliscor, F|88/100 tox
|
|-heal|p1a: Gliscor|100/100 tox|[from] ability: Poison Heal
|upkeep
|turn|11
|
|t:|1779944304
|switch|p1a: Cinderace|Cinderace, M, shiny|100/100
|move|p2a: Scizor|U-turn|p1a: Cinderace
|-resisted|p1a: Cinderace
|-damage|p1a: Cinderace|54/100
|
|t:|1779944309
|switch|p2a: Weezing|Weezing-Galar, M|91/100|[from] U-turn
|-ability|p2a: Weezing|Neutralizing Gas
|
|upkeep
|turn|12
|
|t:|1779944318
|move|p1a: Cinderace|Pyro Ball|p2a: Weezing
|-damage|p2a: Weezing|38/100
|move|p2a: Weezing|Sludge Bomb|p1a: Cinderace
|-damage|p1a: Cinderace|13/100
|-status|p1a: Cinderace|psn
|
|-damage|p1a: Cinderace|1/100 psn|[from] psn
|upkeep
|turn|13
|
|t:|1779944325
|-end|p2a: Weezing|ability: Neutralizing Gas
|switch|p2a: Great Tusk|Great Tusk|100/100
|move|p1a: Cinderace|U-turn|p2a: Great Tusk
|-start|p1a: Cinderace|typechange|Bug|[from] ability: Libero
|-resisted|p2a: Great Tusk
|-damage|p2a: Great Tusk|92/100
|
|t:|1779944333
|switch|p1a: Iron Valiant|Iron Valiant, shiny|100/100|[from] U-turn
|-enditem|p1a: Iron Valiant|Booster Energy
|-activate|p1a: Iron Valiant|ability: Quark Drive|[fromitem]
|-start|p1a: Iron Valiant|quarkdrivespe
|
|upkeep
|turn|14
|
|t:|1779944338
|-end|p2a: Great Tusk|Protosynthesis|[silent]
|switch|p2a: Scizor|Scizor, M|100/100
|move|p1a: Iron Valiant|Moonblast|p2a: Scizor
|-resisted|p2a: Scizor
|-damage|p2a: Scizor|70/100
|
|upkeep
|turn|15
|
|t:|1779944344
|-end|p1a: Iron Valiant|Quark Drive|[silent]
|switch|p1a: Gliscor|Gliscor, F|100/100 tox
|move|p2a: Scizor|U-turn|p1a: Gliscor
|-resisted|p1a: Gliscor
|-damage|p1a: Gliscor|78/100 tox
|
|t:|1779944348
|switch|p2a: Weezing|Weezing-Galar, M|38/100|[from] U-turn
|-ability|p2a: Weezing|Neutralizing Gas
|
|-damage|p1a: Gliscor|72/100 tox|[from] psn
|upkeep
|turn|16
|
|t:|1779944356
|switch|p1a: Cinderace|Cinderace, M, shiny|1/100 psn
|-end|p2a: Weezing|ability: Neutralizing Gas
|switch|p2a: Great Tusk|Great Tusk|92/100
|
|-damage|p1a: Cinderace|0 fnt|[from] psn
|faint|p1a: Cinderace
|upkeep
|j| testingrainteam1
|
|t:|1779944362
|switch|p1a: Iron Valiant|Iron Valiant, shiny|100/100
|turn|17
|
|t:|1779944365
|-end|p2a: Great Tusk|Protosynthesis|[silent]
|switch|p2a: Ting-Lu|Ting-Lu|100/100
|-ability|p2a: Ting-Lu|Vessel of Ruin
|move|p1a: Iron Valiant|Moonblast|p2a: Ting-Lu
|-supereffective|p2a: Ting-Lu
|-crit|p2a: Ting-Lu
|-damage|p2a: Ting-Lu|39/100
|
|-heal|p2a: Ting-Lu|46/100|[from] item: Leftovers
|upkeep
|turn|18
|l| testingrainteam1
|
|t:|1779944370
|-terastallize|p2a: Ting-Lu|Ghost
|move|p1a: Iron Valiant|Moonblast|p2a: Ting-Lu
|-damage|p2a: Ting-Lu|25/100
|move|p2a: Ting-Lu|Rest|p2a: Ting-Lu
|-status|p2a: Ting-Lu|slp|[from] move: Rest
|-heal|p2a: Ting-Lu|100/100 slp|[silent]
|
|upkeep
|turn|19
|
|t:|1779944378
|move|p1a: Iron Valiant|Knock Off|p2a: Ting-Lu
|-supereffective|p2a: Ting-Lu
|-damage|p2a: Ting-Lu|69/100 slp
|-enditem|p2a: Ting-Lu|Leftovers|[from] move: Knock Off|[of] p1a: Iron Valiant
|cant|p2a: Ting-Lu|slp
|
|upkeep
|turn|20
|
|t:|1779944385
|move|p1a: Iron Valiant|Encore|p2a: Ting-Lu
|-start|p2a: Ting-Lu|Encore
|cant|p2a: Ting-Lu|slp
|
|upkeep
|turn|21
|
|t:|1779944391
|move|p1a: Iron Valiant|Moonblast|p2a: Ting-Lu
|-damage|p2a: Ting-Lu|51/100 slp
|-curestatus|p2a: Ting-Lu|slp|[msg]
|move|p2a: Ting-Lu|Rest|p2a: Ting-Lu
|-status|p2a: Ting-Lu|slp|[from] move: Rest
|-heal|p2a: Ting-Lu|100/100 slp|[silent]
|
|upkeep
|turn|22
|
|t:|1779944396
|move|p1a: Iron Valiant|Moonblast|p2a: Ting-Lu
|-damage|p2a: Ting-Lu|82/100 slp
|cant|p2a: Ting-Lu|slp
|
|-end|p2a: Ting-Lu|Encore
|upkeep
|turn|23
|
|t:|1779944400
|move|p1a: Iron Valiant|Encore|p2a: Ting-Lu
|-start|p2a: Ting-Lu|Encore
|cant|p2a: Ting-Lu|slp
|
|upkeep
|turn|24
|
|t:|1779944407
|-end|p1a: Iron Valiant|Quark Drive|[silent]
|switch|p1a: Gliscor|Gliscor, F|72/100 tox
|-curestatus|p2a: Ting-Lu|slp|[msg]
|move|p2a: Ting-Lu|Rest|p2a: Ting-Lu
|-status|p2a: Ting-Lu|slp|[from] move: Rest
|-heal|p2a: Ting-Lu|100/100 slp|[silent]
|
|-heal|p1a: Gliscor|85/100 tox|[from] ability: Poison Heal
|upkeep
|turn|25
|
|t:|1779944415
|switch|p2a: Great Tusk|Great Tusk|92/100
|move|p1a: Gliscor|Swords Dance|p1a: Gliscor
|-boost|p1a: Gliscor|atk|2
|
|-heal|p1a: Gliscor|97/100 tox|[from] ability: Poison Heal
|upkeep
|turn|26
|
|t:|1779944420
|-terastallize|p1a: Gliscor|Normal
|move|p1a: Gliscor|Facade|p2a: Great Tusk
|-damage|p2a: Great Tusk|42/100
|move|p2a: Great Tusk|Ice Spinner|p1a: Gliscor
|-damage|p1a: Gliscor|77/100 tox
|
|-heal|p1a: Gliscor|90/100 tox|[from] ability: Poison Heal
|upkeep
|turn|27
|j| testingrainteam1
|l| testingrainteam1
|
|t:|1779944430
|-end|p2a: Great Tusk|Protosynthesis|[silent]
|switch|p2a: Dondozo|Dondozo, M|100/100
|move|p1a: Gliscor|Facade|p2a: Dondozo
|-damage|p2a: Dondozo|81/100
|
|-heal|p2a: Dondozo|87/100|[from] item: Leftovers
|-heal|p1a: Gliscor|100/100 tox|[from] ability: Poison Heal
|upkeep
|turn|28
|
|t:|1779944434
|move|p1a: Gliscor|Knock Off|p2a: Dondozo
|-damage|p2a: Dondozo|77/100
|-enditem|p2a: Dondozo|Leftovers|[from] move: Knock Off|[of] p1a: Gliscor
|move|p2a: Dondozo|Waterfall|p1a: Gliscor
|-crit|p1a: Gliscor
|-damage|p1a: Gliscor|67/100 tox
|
|-heal|p1a: Gliscor|79/100 tox|[from] ability: Poison Heal
|upkeep
|turn|29
|
|t:|1779944440
|move|p1a: Gliscor|Facade|p2a: Dondozo
|-damage|p2a: Dondozo|57/100
|move|p2a: Dondozo|Waterfall|p1a: Gliscor
|-damage|p1a: Gliscor|56/100 tox
|
|-heal|p1a: Gliscor|69/100 tox|[from] ability: Poison Heal
|upkeep
|turn|30
|
|t:|1779944449
|switch|p1a: Slowking|Slowking-Galar, M, shiny|100/100 brn
|move|p2a: Dondozo|Curse|p2a: Dondozo
|-unboost|p2a: Dondozo|spe|1
|-boost|p2a: Dondozo|atk|1
|-boost|p2a: Dondozo|def|1
|
|-damage|p1a: Slowking|94/100 brn|[from] brn
|upkeep
|turn|31
|
|t:|1779944458
|switch|p2a: Ting-Lu|Ting-Lu, tera:Ghost|100/100 slp
|-ability|p2a: Ting-Lu|Vessel of Ruin
|move|p1a: Slowking|Psychic Noise|p2a: Ting-Lu
|-damage|p2a: Ting-Lu|88/100 slp
|-start|p2a: Ting-Lu|move: Heal Block
|
|-damage|p1a: Slowking|88/100 brn|[from] brn
|upkeep
|turn|32
|
|t:|1779944466
|switch|p1a: Gliscor|Gliscor, F, tera:Normal|69/100 tox
|cant|p2a: Ting-Lu|slp
|
|-heal|p1a: Gliscor|81/100 tox|[from] ability: Poison Heal
|-end|p2a: Ting-Lu|move: Heal Block
|upkeep
|turn|33
|
|t:|1779944474
|move|p1a: Gliscor|Swords Dance|p1a: Gliscor
|-boost|p1a: Gliscor|atk|2
|cant|p2a: Ting-Lu|slp
|
|-heal|p1a: Gliscor|94/100 tox|[from] ability: Poison Heal
|upkeep
|turn|34
|
|t:|1779944479
|switch|p2a: Dondozo|Dondozo, M|57/100
|move|p1a: Gliscor|Knock Off|p2a: Dondozo
|-damage|p2a: Dondozo|51/100
|
|-heal|p1a: Gliscor|100/100 tox|[from] ability: Poison Heal
|upkeep
|turn|35
|
|t:|1779944482
|move|p1a: Gliscor|Facade|p2a: Dondozo
|-damage|p2a: Dondozo|33/100
|move|p2a: Dondozo|Rest|p2a: Dondozo
|-status|p2a: Dondozo|slp|[from] move: Rest
|-heal|p2a: Dondozo|100/100 slp|[silent]
|
|upkeep
|turn|36
|
|t:|1779944488
|switch|p1a: Slowking|Slowking-Galar, M, shiny|100/100 brn
|cant|p2a: Dondozo|slp
|move|p2a: Dondozo|Sleep Talk|p2a: Dondozo
|move|p2a: Dondozo|Rest||[from] move: Sleep Talk|[still]
|-fail|p2a: Dondozo
|
|-damage|p1a: Slowking|94/100 brn|[from] brn
|upkeep
|turn|37
|
|t:|1779944496
|switch|p2a: Ting-Lu|Ting-Lu, tera:Ghost|88/100 slp
|-ability|p2a: Ting-Lu|Vessel of Ruin
|move|p1a: Slowking|Whirlpool|p2a: Ting-Lu
|-damage|p2a: Ting-Lu|84/100 slp
|-activate|p2a: Ting-Lu|move: Whirlpool|[of] p1a: Slowking
|
|-damage|p1a: Slowking|88/100 brn|[from] brn
|-damage|p2a: Ting-Lu|72/100 slp|[from] move: Whirlpool|[partiallytrapped]
|upkeep
|turn|38
|
|t:|1779944507
|-curestatus|p2a: Ting-Lu|slp|[msg]
|move|p2a: Ting-Lu|Stealth Rock|p1a: Slowking
|-sidestart|p1: lttstoredotcom|move: Stealth Rock
|move|p1a: Slowking|Psychic Noise|p2a: Ting-Lu
|-damage|p2a: Ting-Lu|60/100
|-start|p2a: Ting-Lu|move: Heal Block
|
|-damage|p1a: Slowking|82/100 brn|[from] brn
|-damage|p2a: Ting-Lu|48/100|[from] move: Whirlpool|[partiallytrapped]
|upkeep
|turn|39
|
|t:|1779944523
|switch|p1a: Kingambit|Kingambit, M, shiny|100/100
|-damage|p1a: Kingambit|94/100|[from] Stealth Rock
|-activate|p1a: Kingambit|ability: Supreme Overlord
|-start|p1a: Kingambit|fallen2|[silent]
|-item|p1a: Kingambit|Air Balloon
|move|p2a: Ting-Lu|Earthquake|p1a: Kingambit
|-immune|p1a: Kingambit
|
|-end|p2a: Ting-Lu|Whirlpool|[partiallytrapped]|[silent]
|-end|p2a: Ting-Lu|move: Heal Block
|upkeep
|turn|40
|
|t:|1779944536
|-end|p1a: Kingambit|fallen2|[silent]
|switch|p1a: Gliscor|Gliscor, F, tera:Normal|100/100 tox
|-damage|p1a: Gliscor|88/100 tox|[from] Stealth Rock
|switch|p2a: Dondozo|Dondozo, M|100/100 slp
|
|-heal|p1a: Gliscor|100/100 tox|[from] ability: Poison Heal
|upkeep
|turn|41
|
|t:|1779944542
|move|p1a: Gliscor|Facade|p2a: Dondozo
|-damage|p2a: Dondozo|81/100 slp
|cant|p2a: Dondozo|slp
|move|p2a: Dondozo|Sleep Talk|p2a: Dondozo
|move|p2a: Dondozo|Rest||[from] move: Sleep Talk|[still]
|-fail|p2a: Dondozo
|
|upkeep
|turn|42
|inactive|lttstoredotcom has 120 seconds left.
|
|t:|1779944598
|switch|p1a: Slowking|Slowking-Galar, M, shiny|100/100 brn
|-damage|p1a: Slowking|88/100 brn|[from] Stealth Rock
|-curestatus|p2a: Dondozo|slp|[msg]
|move|p2a: Dondozo|Sleep Talk||[still]
|-fail|p2a: Dondozo
|
|-damage|p1a: Slowking|82/100 brn|[from] brn
|upkeep
|turn|43
|
|t:|1779944603
|switch|p2a: Ting-Lu|Ting-Lu, tera:Ghost|48/100
|-ability|p2a: Ting-Lu|Vessel of Ruin
|move|p1a: Slowking|Psychic Noise|p2a: Ting-Lu
|-damage|p2a: Ting-Lu|35/100
|-start|p2a: Ting-Lu|move: Heal Block
|
|-damage|p1a: Slowking|76/100 brn|[from] brn
|upkeep
|turn|44
|
|t:|1779944617
|switch|p1a: Gliscor|Gliscor, F, tera:Normal|100/100 tox
|-damage|p1a: Gliscor|88/100 tox|[from] Stealth Rock
|move|p2a: Ting-Lu|Payback|p1a: Gliscor
|-damage|p1a: Gliscor|73/100 tox
|
|-heal|p1a: Gliscor|86/100 tox|[from] ability: Poison Heal
|-end|p2a: Ting-Lu|move: Heal Block
|upkeep
|turn|45
|
|t:|1779944625
|move|p1a: Gliscor|Swords Dance|p1a: Gliscor
|-boost|p1a: Gliscor|atk|2
|move|p2a: Ting-Lu|Rest|p2a: Ting-Lu
|-status|p2a: Ting-Lu|slp|[from] move: Rest
|-heal|p2a: Ting-Lu|100/100 slp|[silent]
|
|-heal|p1a: Gliscor|98/100 tox|[from] ability: Poison Heal
|upkeep
|turn|46
|
|t:|1779944633
|switch|p2a: Dondozo|Dondozo, M|81/100
|move|p1a: Gliscor|Knock Off|p2a: Dondozo
|-damage|p2a: Dondozo|74/100
|
|-heal|p1a: Gliscor|100/100 tox|[from] ability: Poison Heal
|upkeep
|turn|47
|inactive|lttstoredotcom has 120 seconds left.
|
|t:|1779944639
|switch|p1a: Slowking|Slowking-Galar, M, shiny|100/100 brn
|-damage|p1a: Slowking|88/100 brn|[from] Stealth Rock
|move|p2a: Dondozo|Curse|p2a: Dondozo
|-unboost|p2a: Dondozo|spe|1
|-boost|p2a: Dondozo|atk|1
|-boost|p2a: Dondozo|def|1
|
|-damage|p1a: Slowking|82/100 brn|[from] brn
|upkeep
|turn|48
|
|t:|1779944643
|switch|p2a: Scizor|Scizor, M|70/100
|move|p1a: Slowking|Psychic Noise|p2a: Scizor
|-resisted|p2a: Scizor
|-damage|p2a: Scizor|55/100
|-start|p2a: Scizor|move: Heal Block
|
|-damage|p1a: Slowking|76/100 brn|[from] brn
|upkeep
|turn|49
|
|t:|1779944654
|switch|p1a: Gliscor|Gliscor, F, tera:Normal|100/100 tox
|-damage|p1a: Gliscor|88/100 tox|[from] Stealth Rock
|move|p2a: Scizor|Close Combat|p1a: Gliscor
|-supereffective|p1a: Gliscor
|-damage|p1a: Gliscor|0 fnt
|-unboost|p2a: Scizor|def|1
|-unboost|p2a: Scizor|spd|1
|faint|p1a: Gliscor
|
|-end|p2a: Scizor|move: Heal Block
|upkeep
|
|t:|1779944665
|switch|p1a: Slowking|Slowking-Galar, M, shiny|100/100 brn
|-damage|p1a: Slowking|88/100 brn|[from] Stealth Rock
|turn|50
|
|t:|1779944668
|switch|p2a: Ting-Lu|Ting-Lu, tera:Ghost|100/100 slp
|-ability|p2a: Ting-Lu|Vessel of Ruin
|move|p1a: Slowking|Psychic Noise|p2a: Ting-Lu
|-damage|p2a: Ting-Lu|89/100 slp
|-start|p2a: Ting-Lu|move: Heal Block
|
|-damage|p1a: Slowking|82/100 brn|[from] brn
|upkeep
|turn|51
|
|t:|1779944681
|cant|p2a: Ting-Lu|slp
|move|p1a: Slowking|Whirlpool|p2a: Ting-Lu
|-damage|p2a: Ting-Lu|86/100 slp
|-activate|p2a: Ting-Lu|move: Whirlpool|[of] p1a: Slowking
|
|-damage|p1a: Slowking|76/100 brn|[from] brn
|-damage|p2a: Ting-Lu|73/100 slp|[from] move: Whirlpool|[partiallytrapped]
|-end|p2a: Ting-Lu|move: Heal Block
|upkeep
|turn|52
|
|t:|1779944685
|switch|p1a: Iron Valiant|Iron Valiant, shiny|100/100
|-damage|p1a: Iron Valiant|94/100|[from] Stealth Rock
|cant|p2a: Ting-Lu|slp
|
|-end|p2a: Ting-Lu|Whirlpool|[partiallytrapped]|[silent]
|upkeep
|turn|53
|
|t:|1779944693
|move|p1a: Iron Valiant|Moonblast|p2a: Ting-Lu
|-damage|p2a: Ting-Lu|54/100 slp
|-curestatus|p2a: Ting-Lu|slp|[msg]
|move|p2a: Ting-Lu|Earthquake|p1a: Iron Valiant
|-damage|p1a: Iron Valiant|42/100
|
|upkeep
|turn|54
|
|t:|1779944700
|move|p1a: Iron Valiant|Destiny Bond|p1a: Iron Valiant
|-singlemove|p1a: Iron Valiant|Destiny Bond
|move|p2a: Ting-Lu|Earthquake|p1a: Iron Valiant
|-damage|p1a: Iron Valiant|0 fnt
|faint|p1a: Iron Valiant
|-activate|p1a: Iron Valiant|move: Destiny Bond
|-end|p1a: Iron Valiant|Quark Drive|[silent]
|faint|p2a: Ting-Lu
|
|upkeep
|
|t:|1779944712
|switch|p1a: Slowking|Slowking-Galar, M, shiny|100/100 brn
|switch|p2a: Scizor|Scizor, M|55/100
|-damage|p1a: Slowking|88/100 brn|[from] Stealth Rock
|turn|55
|
|t:|1779944717
|move|p2a: Scizor|U-turn|p1a: Slowking
|-damage|p1a: Slowking|41/100 brn
|
|t:|1779944723
|switch|p2a: Great Tusk|Great Tusk|42/100|[from] U-turn
|move|p1a: Slowking|Flamethrower|p2a: Great Tusk
|-crit|p2a: Great Tusk
|-damage|p2a: Great Tusk|0 fnt
|faint|p2a: Great Tusk
|-end|p2a: Great Tusk|Protosynthesis|[silent]
|
|-damage|p1a: Slowking|35/100 brn|[from] brn
|upkeep
|
|t:|1779944724
|switch|p2a: Scizor|Scizor, M|55/100
|turn|56
|
|t:|1779944749
|move|p2a: Scizor|U-turn|p1a: Slowking
|-damage|p1a: Slowking|0 fnt
|faint|p1a: Slowking
|
|t:|1779944751
|switch|p2a: Dondozo|Dondozo, M|74/100|[from] U-turn
|
|upkeep
|
|t:|1779944755
|switch|p1a: Kingambit|Kingambit, M, shiny|94/100
|-damage|p1a: Kingambit|88/100|[from] Stealth Rock
|-activate|p1a: Kingambit|ability: Supreme Overlord
|-start|p1a: Kingambit|fallen5|[silent]
|-item|p1a: Kingambit|Air Balloon
|turn|57
|
|t:|1779944761
|move|p1a: Kingambit|Low Kick|p2a: Dondozo
|-damage|p2a: Dondozo|48/100
|move|p2a: Dondozo|Curse|p2a: Dondozo
|-unboost|p2a: Dondozo|spe|1
|-boost|p2a: Dondozo|atk|1
|-boost|p2a: Dondozo|def|1
|
|upkeep
|turn|58
|-message|lttstoredotcom forfeited.
|
|win|Archerdadon
|raw|lttstoredotcom's rating: 1549 &rarr; <strong>1531</strong><br />(-18 for losing)
|raw|Archerdadon's rating: 1577 &rarr; <strong>1595</strong><br />(+18 for winning)
|l|☆lttstoredotcom
|player|p1|
|l|☆Archerdadon
|player|p2|
