|j|☆Jol Bol
|j|☆ufdock
|t:|1779882682
|gametype|singles
|player|p1|Jol Bol|2|1262
|player|p2|ufdock|pokemonbreederf-gen4|1302
|gen|9
|tier|[Gen 9] OU
|rated|
|rule|HP Percentage Mod: HP is shown in percentages
|rule|Endless Battle Clause: Forcing endless battles is banned
|rule|Species Clause: Limit one of each Pokémon
|rule|OHKO Clause: OHKO moves are banned
|rule|Evasion Items Clause: Evasion items are banned
|rule|Evasion Moves Clause: Evasion moves are banned
|rule|Evasion Abilities Clause: Evasion abilities are banned
|rule|Sleep Moves Clause: Sleep-inducing moves are banned
|clearpoke
|poke|p1|Ting-Lu|
|poke|p1|Corviknight, F|
|poke|p1|Walking Wake|
|poke|p1|Slowking-Galar, F|
|poke|p1|Iron Valiant|
|poke|p1|Iron Moth|
|poke|p2|Ceruledge, M|
|poke|p2|Rillaboom, M|
|poke|p2|Raging Bolt|
|poke|p2|Scizor, F|
|poke|p2|Weezing-Galar, M|
|poke|p2|Ting-Lu|
|teampreview
|inactive|Battle timer is ON: inactive players will automatically lose when time's up. (requested by Jol Bol)
|
|t:|1779882701
|teamsize|p1|6
|teamsize|p2|6
|start
|switch|p1a: Jekyll Or Hyde|Iron Valiant, shiny|100/100
|switch|p2a: Ting-Lu|Ting-Lu|100/100
|-ability|p2a: Ting-Lu|Vessel of Ruin
|turn|1
|
|t:|1779882709
|switch|p2a: Weezing|Weezing-Galar, M|100/100
|-ability|p2a: Weezing|Neutralizing Gas
|-item|p2a: Weezing|Air Balloon
|move|p1a: Jekyll Or Hyde|Close Combat|p2a: Weezing
|-resisted|p2a: Weezing
|-damage|p2a: Weezing|90/100
|-unboost|p1a: Jekyll Or Hyde|def|1
|-unboost|p1a: Jekyll Or Hyde|spd|1
|-enditem|p2a: Weezing|Air Balloon
|
|upkeep
|turn|2
|
|t:|1779882726
|-end|p1a: Jekyll Or Hyde|Quark Drive|[silent]
|switch|p1a: Birdbox|Corviknight, F, shiny|100/100
|move|p2a: Weezing|Will-O-Wisp|p1a: Birdbox
|-status|p1a: Birdbox|brn
|
|-damage|p1a: Birdbox|94/100 brn|[from] brn
|upkeep
|turn|3
|
|t:|1779882732
|move|p1a: Birdbox|U-turn|p2a: Weezing
|-resisted|p2a: Weezing
|-damage|p2a: Weezing|89/100
|
|t:|1779882752
|switch|p1a: Sunburst|Iron Moth, shiny|100/100|[from] U-turn
|move|p2a: Weezing|Thief|p1a: Sunburst
|-damage|p1a: Sunburst|80/100
|
|upkeep
|turn|4
|
|t:|1779882777
|-end|p2a: Weezing|ability: Neutralizing Gas
|switch|p2a: Ting-Lu|Ting-Lu|100/100
|-enditem|p1a: Sunburst|Booster Energy
|-activate|p1a: Sunburst|ability: Quark Drive|[fromitem]
|-start|p1a: Sunburst|quarkdrivespa
|-ability|p2a: Ting-Lu|Vessel of Ruin
|move|p1a: Sunburst|Fiery Dance|p2a: Ting-Lu
|-damage|p2a: Ting-Lu|72/100
|
|-heal|p2a: Ting-Lu|79/100|[from] item: Leftovers
|upkeep
|turn|5
|inactive|ufdock has 120 seconds left.
|
|t:|1779882798
|move|p1a: Sunburst|Dazzling Gleam|p2a: Ting-Lu
|-supereffective|p2a: Ting-Lu
|-damage|p2a: Ting-Lu|38/100
|move|p2a: Ting-Lu|Stealth Rock|p1a: Sunburst
|-sidestart|p1: Jol Bol|move: Stealth Rock
|
|-heal|p2a: Ting-Lu|44/100|[from] item: Leftovers
|upkeep
|turn|6
|inactive|ufdock has 120 seconds left.
|
|t:|1779882808
|-terastallize|p2a: Ting-Lu|Poison
|move|p1a: Sunburst|Dazzling Gleam|p2a: Ting-Lu
|-resisted|p2a: Ting-Lu
|-damage|p2a: Ting-Lu|34/100
|move|p2a: Ting-Lu|Whirlwind|p1a: Sunburst
|-end|p1a: Sunburst|Quark Drive|[silent]
|drag|p1a: Wide Awake|Walking Wake|100/100
|
|-heal|p2a: Ting-Lu|40/100|[from] item: Leftovers
|upkeep
|turn|7
|
|t:|1779882817
|move|p1a: Wide Awake|Flip Turn|p2a: Ting-Lu
|-damage|p2a: Ting-Lu|33/100
|
|t:|1779882823
|-end|p1a: Wide Awake|Protosynthesis|[silent]
|switch|p1a: Birdbox|Corviknight, F, shiny|94/100 brn|[from] Flip Turn
|-damage|p1a: Birdbox|82/100 brn|[from] Stealth Rock
|move|p2a: Ting-Lu|Spikes|p1a: Birdbox
|-sidestart|p1: Jol Bol|Spikes
|
|-heal|p2a: Ting-Lu|39/100|[from] item: Leftovers
|-damage|p1a: Birdbox|76/100 brn|[from] brn
|upkeep
|turn|8
|
|t:|1779882835
|move|p1a: Birdbox|Defog|p2a: Ting-Lu
|-unboost|p2a: Ting-Lu|evasion|1
|-sideend|p1: Jol Bol|Spikes|[from] move: Defog|[of] p1a: Birdbox
|-sideend|p1: Jol Bol|Stealth Rock|[from] move: Defog|[of] p1a: Birdbox
|move|p2a: Ting-Lu|Ruination|p1a: Birdbox
|-damage|p1a: Birdbox|38/100 brn
|
|-heal|p2a: Ting-Lu|45/100|[from] item: Leftovers
|-damage|p1a: Birdbox|32/100 brn|[from] brn
|upkeep
|turn|9
|
|t:|1779882841
|move|p1a: Birdbox|Roost|p1a: Birdbox
|-heal|p1a: Birdbox|82/100 brn
|-singleturn|p1a: Birdbox|move: Roost
|move|p2a: Ting-Lu|Stealth Rock|p1a: Birdbox
|-sidestart|p1: Jol Bol|move: Stealth Rock
|
|-heal|p2a: Ting-Lu|51/100|[from] item: Leftovers
|-damage|p1a: Birdbox|76/100 brn|[from] brn
|upkeep
|turn|10
|
|t:|1779882846
|move|p1a: Birdbox|Defog|p2a: Ting-Lu
|-unboost|p2a: Ting-Lu|evasion|1
|-sideend|p1: Jol Bol|Stealth Rock|[from] move: Defog|[of] p1a: Birdbox
|move|p2a: Ting-Lu|Ruination|p1a: Birdbox
|-damage|p1a: Birdbox|39/100 brn
|
|-heal|p2a: Ting-Lu|58/100|[from] item: Leftovers
|-damage|p1a: Birdbox|33/100 brn|[from] brn
|upkeep
|turn|11
|
|t:|1779882860
|switch|p1a: Ling-Tu|Ting-Lu, shiny|100/100
|-ability|p1a: Ling-Tu|Vessel of Ruin
|move|p2a: Ting-Lu|Stealth Rock|p1a: Ling-Tu
|-sidestart|p1: Jol Bol|move: Stealth Rock
|
|-heal|p2a: Ting-Lu|64/100|[from] item: Leftovers
|upkeep
|turn|12
|
|t:|1779882868
|switch|p2a: Rillaboom|Rillaboom, M|100/100
|-fieldstart|move: Grassy Terrain|[from] ability: Grassy Surge|[of] p2a: Rillaboom
|move|p1a: Ling-Tu|Earthquake|p2a: Rillaboom
|-resisted|p2a: Rillaboom
|-damage|p2a: Rillaboom|91/100
|
|-heal|p2a: Rillaboom|97/100|[from] Grassy Terrain
|upkeep
|turn|13
|
|t:|1779882877
|switch|p1a: Birdbox|Corviknight, F, shiny|33/100 brn
|-damage|p1a: Birdbox|20/100 brn|[from] Stealth Rock
|move|p2a: Rillaboom|Swords Dance|p2a: Rillaboom
|-boost|p2a: Rillaboom|atk|2
|
|-heal|p2a: Rillaboom|100/100|[from] Grassy Terrain
|-damage|p1a: Birdbox|14/100 brn|[from] brn
|upkeep
|turn|14
|
|t:|1779882884
|move|p2a: Rillaboom|Knock Off|p1a: Birdbox
|-damage|p1a: Birdbox|0 fnt
|-damage|p2a: Rillaboom|84/100|[from] item: Rocky Helmet|[of] p1a: Birdbox
|-enditem|p1a: Birdbox|Rocky Helmet|[from] move: Knock Off|[of] p2a: Rillaboom
|faint|p1a: Birdbox
|-damage|p2a: Rillaboom|74/100|[from] item: Life Orb
|
|-heal|p2a: Rillaboom|80/100|[from] Grassy Terrain
|upkeep
|
|t:|1779882896
|switch|p1a: Sunburst|Iron Moth, shiny|80/100
|-damage|p1a: Sunburst|55/100|[from] Stealth Rock
|turn|15
|
|t:|1779882900
|move|p2a: Rillaboom|Grassy Glide|p1a: Sunburst
|-resisted|p1a: Sunburst
|-damage|p1a: Sunburst|13/100
|-damage|p2a: Rillaboom|70/100|[from] item: Life Orb
|move|p1a: Sunburst|Fiery Dance|p2a: Rillaboom
|-supereffective|p2a: Rillaboom
|-damage|p2a: Rillaboom|0 fnt
|faint|p2a: Rillaboom
|
|-heal|p1a: Sunburst|19/100|[from] Grassy Terrain
|upkeep
|
|t:|1779882906
|switch|p2a: Ceruledge|Ceruledge, M|100/100
|turn|16
|
|t:|1779882912
|move|p1a: Sunburst|Discharge|p2a: Ceruledge
|-damage|p2a: Ceruledge|64/100
|-status|p2a: Ceruledge|par
|move|p2a: Ceruledge|Swords Dance|p2a: Ceruledge
|-boost|p2a: Ceruledge|atk|2
|
|-heal|p1a: Sunburst|25/100|[from] Grassy Terrain
|-heal|p2a: Ceruledge|70/100 par|[from] Grassy Terrain
|-fieldend|move: Grassy Terrain
|upkeep
|turn|17
|
|t:|1779882920
|move|p1a: Sunburst|Discharge|p2a: Ceruledge
|-damage|p2a: Ceruledge|36/100 par
|move|p2a: Ceruledge|Swords Dance|p2a: Ceruledge
|-boost|p2a: Ceruledge|atk|2
|
|upkeep
|turn|18
|
|t:|1779882936
|-end|p1a: Sunburst|Quark Drive|[silent]
|switch|p1a: Ling-Tu|Ting-Lu, shiny|100/100
|-damage|p1a: Ling-Tu|94/100|[from] Stealth Rock
|-ability|p1a: Ling-Tu|Vessel of Ruin
|move|p2a: Ceruledge|Shadow Sneak|p1a: Ling-Tu
|-resisted|p1a: Ling-Tu
|-damage|p1a: Ling-Tu|72/100
|-damage|p2a: Ceruledge|26/100 par|[from] item: Life Orb
|
|-heal|p1a: Ling-Tu|78/100|[from] item: Leftovers
|upkeep
|turn|19
|
|t:|1779882944
|-terastallize|p1a: Ling-Tu|Ghost
|move|p2a: Ceruledge|Bitter Blade|p1a: Ling-Tu
|-damage|p1a: Ling-Tu|0 fnt
|-heal|p2a: Ceruledge|94/100 par|[from] drain|[of] p1a: Ling-Tu
|faint|p1a: Ling-Tu
|-damage|p2a: Ceruledge|84/100 par|[from] item: Life Orb
|
|upkeep
|c|☆ufdock|也够
|
|t:|1779882964
|switch|p1a: Wide Awake|Walking Wake|100/100
|turn|20
|
|t:|1779882978
|cant|p2a: Ceruledge|par
|move|p1a: Wide Awake|Surf|p2a: Ceruledge
|-supereffective|p2a: Ceruledge
|-damage|p2a: Ceruledge|0 fnt
|faint|p2a: Ceruledge
|
|upkeep
|c|☆ufdock|我是也够
|
|t:|1779882993
|switch|p2a: Ting-Lu|Ting-Lu, tera:Poison|64/100
|-ability|p2a: Ting-Lu|Vessel of Ruin
|turn|21
|c|☆Jol Bol|Why would you assume i could read that
|
|t:|1779883010
|move|p1a: Wide Awake|Flip Turn|p2a: Ting-Lu
|-damage|p2a: Ting-Lu|57/100
|
|t:|1779883021
|-end|p1a: Wide Awake|Protosynthesis|[silent]
|switch|p1a: Boiled Crab|Slowking-Galar, F|100/100|[from] Flip Turn
|move|p2a: Ting-Lu|Ruination|p1a: Boiled Crab
|-damage|p1a: Boiled Crab|50/100
|
|-heal|p2a: Ting-Lu|63/100|[from] item: Leftovers
|upkeep
|turn|22
|
|t:|1779883029
|switch|p2a: Weezing|Weezing-Galar, M|89/100
|-ability|p2a: Weezing|Neutralizing Gas
|move|p1a: Boiled Crab|Thunder Wave|p2a: Weezing
|-status|p2a: Weezing|par
|
|upkeep
|turn|23
|
|t:|1779883035
|cant|p2a: Weezing|par
|-prepare|p1a: Boiled Crab|Chilly Reception|[premajor]
|move|p1a: Boiled Crab|Chilly Reception|p1a: Boiled Crab
|-weather|Snowscape
|inactive|Jol Bol has 120 seconds left.
|
|t:|1779883067
|switch|p1a: Wide Awake|Walking Wake|100/100|[from] Chilly Reception
|
|-weather|Snowscape|[upkeep]
|upkeep
|turn|24
|inactive|Jol Bol has 120 seconds left.
|
|t:|1779883076
|move|p1a: Wide Awake|Surf|p2a: Weezing
|-damage|p2a: Weezing|31/100 par
|cant|p2a: Weezing|par
|
|-weather|Snowscape|[upkeep]
|upkeep
|turn|25
|c|☆ufdock|你附魔怎么办
|inactive|ufdock has 120 seconds left.
|
|t:|1779883108
|-end|p2a: Weezing|ability: Neutralizing Gas
|switch|p2a: Scizor|Scizor, F|100/100
|move|p1a: Wide Awake|Surf|p2a: Scizor
|-damage|p2a: Scizor|38/100
|
|-weather|Snowscape|[upkeep]
|-heal|p2a: Scizor|44/100|[from] item: Leftovers
|upkeep
|turn|26
|inactive|ufdock has 120 seconds left.
|
|t:|1779883119
|move|p2a: Scizor|Quick Attack|p1a: Wide Awake
|-damage|p1a: Wide Awake|76/100
|move|p1a: Wide Awake|Surf|p2a: Scizor
|-damage|p2a: Scizor|0 fnt
|faint|p2a: Scizor
|
|-weather|Snowscape|[upkeep]
|upkeep
|
|t:|1779883122
|switch|p2a: Ting-Lu|Ting-Lu, tera:Poison|63/100
|-ability|p2a: Ting-Lu|Vessel of Ruin
|turn|27
|
|t:|1779883129
|move|p1a: Wide Awake|Surf|p2a: Ting-Lu
|-damage|p2a: Ting-Lu|41/100
|move|p2a: Ting-Lu|Ruination|p1a: Wide Awake
|-damage|p1a: Wide Awake|39/100
|
|-weather|none
|-heal|p2a: Ting-Lu|48/100|[from] item: Leftovers
|upkeep
|turn|28
|
|t:|1779883140
|move|p1a: Wide Awake|Flip Turn|p2a: Ting-Lu
|-damage|p2a: Ting-Lu|40/100
|
|t:|1779883157
|-end|p1a: Wide Awake|Protosynthesis|[silent]
|switch|p1a: Boiled Crab|Slowking-Galar, F|50/100|[from] Flip Turn
|move|p2a: Ting-Lu|Ruination|p1a: Boiled Crab|[miss]
|-miss|p2a: Ting-Lu|p1a: Boiled Crab
|
|-heal|p2a: Ting-Lu|46/100|[from] item: Leftovers
|upkeep
|turn|29
|
|t:|1779883168
|switch|p2a: Raging Bolt|Raging Bolt|100/100
|move|p1a: Boiled Crab|Future Sight|p2a: Raging Bolt
|-start|p1a: Boiled Crab|move: Future Sight
|
|upkeep
|turn|30
|
|t:|1779883180
|move|p2a: Raging Bolt|Thunderbolt|p1a: Boiled Crab
|-damage|p1a: Boiled Crab|6/100
|move|p1a: Boiled Crab|Sludge Bomb|p2a: Raging Bolt
|-damage|p2a: Raging Bolt|68/100
|
|upkeep
|turn|31
|
|t:|1779883184
|-end|p2a: Raging Bolt|Protosynthesis|[silent]
|switch|p2a: Weezing|Weezing-Galar, M|31/100 par
|-ability|p2a: Weezing|Neutralizing Gas
|-prepare|p1a: Boiled Crab|Chilly Reception|[premajor]
|move|p1a: Boiled Crab|Chilly Reception|p1a: Boiled Crab
|-weather|Snowscape
|
|t:|1779883194
|switch|p1a: Wide Awake|Walking Wake|39/100|[from] Chilly Reception
|
|-weather|Snowscape|[upkeep]
|-end|p2a: Weezing|move: Future Sight
|-supereffective|p2a: Weezing
|-damage|p2a: Weezing|0 fnt
|faint|p2a: Weezing
|-end|p2a: Weezing|ability: Neutralizing Gas
|upkeep
|
|t:|1779883200
|switch|p2a: Raging Bolt|Raging Bolt|68/100
|turn|32
|
|t:|1779883204
|move|p2a: Raging Bolt|Thunderclap|p1a: Wide Awake
|-damage|p1a: Wide Awake|0 fnt
|faint|p1a: Wide Awake
|-end|p1a: Wide Awake|Protosynthesis|[silent]
|
|-weather|Snowscape|[upkeep]
|upkeep
|
|t:|1779883213
|switch|p1a: Jekyll Or Hyde|Iron Valiant, shiny|100/100
|-damage|p1a: Jekyll Or Hyde|94/100|[from] Stealth Rock
|turn|33
|
|t:|1779883219
|-end|p2a: Raging Bolt|Protosynthesis|[silent]
|switch|p2a: Ting-Lu|Ting-Lu, tera:Poison|46/100
|-ability|p2a: Ting-Lu|Vessel of Ruin
|move|p1a: Jekyll Or Hyde|Moonblast|p2a: Ting-Lu
|-resisted|p2a: Ting-Lu
|-damage|p2a: Ting-Lu|36/100
|-unboost|p2a: Ting-Lu|spa|1
|
|-weather|Snowscape|[upkeep]
|-heal|p2a: Ting-Lu|42/100|[from] item: Leftovers
|upkeep
|turn|34
|
|t:|1779883231
|move|p1a: Jekyll Or Hyde|Knock Off|p2a: Ting-Lu
|-damage|p2a: Ting-Lu|27/100
|-enditem|p2a: Ting-Lu|Leftovers|[from] move: Knock Off|[of] p1a: Jekyll Or Hyde
|move|p2a: Ting-Lu|Ruination|p1a: Jekyll Or Hyde
|-damage|p1a: Jekyll Or Hyde|48/100
|
|-weather|Snowscape|[upkeep]
|upkeep
|turn|35
|inactive|Jol Bol has 120 seconds left.
|
|t:|1779883263
|move|p1a: Jekyll Or Hyde|Destiny Bond|p1a: Jekyll Or Hyde
|-singlemove|p1a: Jekyll Or Hyde|Destiny Bond
|move|p2a: Ting-Lu|Ruination|p1a: Jekyll Or Hyde
|-damage|p1a: Jekyll Or Hyde|24/100
|
|-weather|none
|upkeep
|turn|36
|inactive|Jol Bol has 120 seconds left.
|
|t:|1779883281
|-end|p1a: Jekyll Or Hyde|Quark Drive|[silent]
|switch|p1a: Boiled Crab|Slowking-Galar, F|6/100
|move|p2a: Ting-Lu|Whirlwind|p1a: Boiled Crab
|drag|p1a: Jekyll Or Hyde|Iron Valiant, shiny|24/100
|-damage|p1a: Jekyll Or Hyde|18/100|[from] Stealth Rock
|
|upkeep
|turn|37
|
|t:|1779883289
|-end|p1a: Jekyll Or Hyde|Quark Drive|[silent]
|switch|p1a: Boiled Crab|Slowking-Galar, F|40/100
|move|p2a: Ting-Lu|Spikes|p1a: Boiled Crab
|-sidestart|p1: Jol Bol|Spikes
|
|upkeep
|turn|38
|
|t:|1779883294
|move|p2a: Ting-Lu|Spikes|p1a: Boiled Crab
|-sidestart|p1: Jol Bol|Spikes
|move|p1a: Boiled Crab|Future Sight|p2a: Ting-Lu
|-start|p1a: Boiled Crab|move: Future Sight
|
|upkeep
|turn|39
|
|t:|1779883300
|move|p2a: Ting-Lu|Ruination|p1a: Boiled Crab
|-damage|p1a: Boiled Crab|20/100
|move|p1a: Boiled Crab|Thunder Wave|p2a: Ting-Lu
|-status|p2a: Ting-Lu|par
|
|upkeep
|turn|40
|
|t:|1779883304
|move|p2a: Ting-Lu|Ruination|p1a: Boiled Crab
|-damage|p1a: Boiled Crab|10/100
|-prepare|p1a: Boiled Crab|Chilly Reception|[premajor]
|move|p1a: Boiled Crab|Chilly Reception|p1a: Boiled Crab
|-weather|Snowscape
|
|t:|1779883309
|switch|p1a: Sunburst|Iron Moth, shiny|25/100|[from] Chilly Reception
|-damage|p1a: Sunburst|0 fnt|[from] Stealth Rock
|faint|p1a: Sunburst
|-end|p1a: Sunburst|Quark Drive|[silent]
|
|-weather|Snowscape|[upkeep]
|-end|p2a: Ting-Lu|move: Future Sight
|-supereffective|p2a: Ting-Lu
|-damage|p2a: Ting-Lu|0 fnt
|faint|p2a: Ting-Lu
|upkeep
|
|t:|1779883319
|switch|p1a: Boiled Crab|Slowking-Galar, F|44/100
|switch|p2a: Raging Bolt|Raging Bolt|68/100
|turn|41
|
|t:|1779883323
|move|p2a: Raging Bolt|Thunderbolt|p1a: Boiled Crab
|-damage|p1a: Boiled Crab|0 fnt
|faint|p1a: Boiled Crab
|
|-weather|Snowscape|[upkeep]
|upkeep
|
|t:|1779883325
|switch|p1a: Jekyll Or Hyde|Iron Valiant, shiny|18/100
|-damage|p1a: Jekyll Or Hyde|12/100|[from] Stealth Rock
|-damage|p1a: Jekyll Or Hyde|0 fnt|[from] Spikes
|faint|p1a: Jekyll Or Hyde
|-end|p1a: Jekyll Or Hyde|Quark Drive|[silent]
|
|win|ufdock
|raw|Jol Bol's rating: 1262 &rarr; <strong>1240</strong><br />(-22 for losing)
|raw|ufdock's rating: 1302 &rarr; <strong>1320</strong><br />(+18 for winning)
|l|☆Jol Bol
|player|p1|
|j| wuminshi
|j| infinite75
|l|☆ufdock
|player|p2|
|j|☆ufdock
|player|p2|ufdock|pokemonbreederf-gen4|
