|j|‽Leap Call
|j|☆khloeg
|t:|1779887294
|gametype|singles
|player|p1|Leap Call|2|1420
|player|p2|khloeg|cynthia|1284
|gen|9
|tier|[Gen 9] OU
|rated|
|rule|HP Percentage Mod: HP is shown in percentages
|rule|Endless Battle Clause: Forcing endless battles is banned
|rule|Species Clause: Limit one of each Pokémon
|rule|OHKO Clause: OHKO moves are banned
|rule|Evasion Items Clause: Evasion items are banned
|rule|Evasion Moves Clause: Evasion moves are banned
|rule|Evasion Abilities Clause: Evasion abilities are banned
|rule|Sleep Moves Clause: Sleep-inducing moves are banned
|clearpoke
|poke|p1|Pelipper, F|
|poke|p1|Lokix, M|
|poke|p1|Kingdra, F|
|poke|p1|Toxicroak, M|
|poke|p1|Iron Treads|
|poke|p1|Primarina, M|
|poke|p2|Ogerpon-Wellspring, F|
|poke|p2|Ting-Lu|
|poke|p2|Primarina, F|
|poke|p2|Glimmora, F|
|poke|p2|Great Tusk|
|poke|p2|Raging Bolt|
|teampreview
|inactive|Battle timer is ON: inactive players will automatically lose when time's up. (requested by khloeg)
|
|t:|1779887313
|teamsize|p1|6
|teamsize|p2|6
|start
|switch|p1a: Iron Treads|Iron Treads|100/100
|switch|p2a: glimmer of hope|Glimmora, F, shiny|100/100
|turn|1
|
|t:|1779887336
|switch|p2a: prima n proper|Primarina, F, shiny|100/100
|move|p1a: Iron Treads|Earthquake|p2a: prima n proper
|-damage|p2a: prima n proper|41/100
|
|-heal|p2a: prima n proper|47/100|[from] item: Leftovers
|upkeep
|turn|2
|
|t:|1779887363
|switch|p2a: warm tingly feels|Ting-Lu, shiny|100/100
|-ability|p2a: warm tingly feels|Vessel of Ruin
|move|p1a: Iron Treads|Earthquake|p2a: warm tingly feels
|-damage|p2a: warm tingly feels|72/100
|
|-heal|p2a: warm tingly feels|79/100|[from] item: Leftovers
|upkeep
|turn|3
|
|t:|1779887375
|move|p1a: Iron Treads|Stealth Rock|p2a: warm tingly feels
|-sidestart|p2: khloeg|move: Stealth Rock
|move|p2a: warm tingly feels|Ruination|p1a: Iron Treads
|-damage|p1a: Iron Treads|51/100
|
|-heal|p2a: warm tingly feels|85/100|[from] item: Leftovers
|upkeep
|turn|4
|inactive|Leap Call has 120 seconds left.
|
|t:|1779887416
|-end|p1a: Iron Treads|Quark Drive|[silent]
|switch|p1a: Pelipper|Pelipper, F, shiny|100/100
|-weather|RainDance|[from] ability: Drizzle|[of] p1a: Pelipper
|move|p2a: warm tingly feels|Earthquake|p1a: Pelipper
|-immune|p1a: Pelipper
|
|-weather|RainDance|[upkeep]
|-heal|p2a: warm tingly feels|91/100|[from] item: Leftovers
|upkeep
|turn|5
|
|t:|1779887439
|switch|p2a: get necked|Raging Bolt|100/100
|-damage|p2a: get necked|88/100|[from] Stealth Rock
|move|p1a: Pelipper|Surf|p2a: get necked
|-resisted|p2a: get necked
|-damage|p2a: get necked|70/100
|
|-weather|RainDance|[upkeep]
|upkeep
|turn|6
|inactive|Leap Call has 90 seconds left.
|
|t:|1779887468
|switch|p1a: Iron Treads|Iron Treads|51/100
|move|p2a: get necked|Draco Meteor|p1a: Iron Treads
|-resisted|p1a: Iron Treads
|-damage|p1a: Iron Treads|0 fnt
|-unboost|p2a: get necked|spa|2
|faint|p1a: Iron Treads
|-end|p1a: Iron Treads|Quark Drive|[silent]
|
|-weather|RainDance|[upkeep]
|upkeep
|inactive|Leap Call has 90 seconds left.
|
|t:|1779887485
|switch|p1a: Primarina|Primarina, M|100/100
|turn|7
|
|t:|1779887494
|-end|p2a: get necked|Protosynthesis|[silent]
|switch|p2a: OG pon|Ogerpon-Wellspring, F|100/100
|-damage|p2a: OG pon|88/100|[from] Stealth Rock
|move|p1a: Primarina|Substitute|p1a: Primarina
|-start|p1a: Primarina|Substitute
|-damage|p1a: Primarina|76/100
|
|-weather|RainDance|[upkeep]
|-heal|p1a: Primarina|82/100|[from] item: Leftovers
|upkeep
|turn|8
|inactive|Leap Call has 90 seconds left.
|
|t:|1779887509
|move|p2a: OG pon|Horn Leech|p1a: Primarina
|-supereffective|p1a: Primarina
|-end|p1a: Primarina|Substitute
|-heal|p2a: OG pon|100/100|[from] drain|[of] p1a: Primarina
|move|p1a: Primarina|Moonblast|p2a: OG pon
|-damage|p2a: OG pon|46/100
|
|-weather|RainDance|[upkeep]
|-heal|p1a: Primarina|88/100|[from] item: Leftovers
|upkeep
|turn|9
|
|t:|1779887519
|switch|p1a: Toxicroak|Toxicroak, M, shiny|100/100
|move|p2a: OG pon|Horn Leech|p1a: Toxicroak
|-resisted|p1a: Toxicroak
|-damage|p1a: Toxicroak|80/100
|-heal|p2a: OG pon|58/100|[from] drain|[of] p1a: Toxicroak
|-damage|p2a: OG pon|42/100|[from] item: Rocky Helmet|[of] p1a: Toxicroak
|
|-weather|RainDance|[upkeep]
|-heal|p1a: Toxicroak|93/100|[from] ability: Dry Skin
|upkeep
|turn|10
|
|t:|1779887538
|switch|p2a: bad tusk|Great Tusk|100/100
|-damage|p2a: bad tusk|98/100|[from] Stealth Rock
|-enditem|p2a: bad tusk|Booster Energy
|-activate|p2a: bad tusk|ability: Protosynthesis|[fromitem]
|-start|p2a: bad tusk|protosynthesisatk
|switch|p1a: Kingdra|Kingdra, F|100/100
|
|-weather|RainDance|[upkeep]
|upkeep
|turn|11
|
|t:|1779887558
|move|p1a: Kingdra|Weather Ball|p2a: bad tusk
|-supereffective|p2a: bad tusk
|-damage|p2a: bad tusk|0 fnt
|faint|p2a: bad tusk
|-end|p2a: bad tusk|Protosynthesis|[silent]
|
|-weather|none
|upkeep
|
|t:|1779887566
|switch|p2a: get necked|Raging Bolt|70/100
|-damage|p2a: get necked|58/100|[from] Stealth Rock
|turn|12
|
|t:|1779887580
|switch|p1a: Pelipper|Pelipper, F, shiny|100/100
|-weather|RainDance|[from] ability: Drizzle|[of] p1a: Pelipper
|move|p2a: get necked|Draco Meteor|p1a: Pelipper
|-damage|p1a: Pelipper|0 fnt
|-unboost|p2a: get necked|spa|2
|faint|p1a: Pelipper
|
|-weather|RainDance|[upkeep]
|upkeep
|inactive|Leap Call has 90 seconds left.
|
|t:|1779887604
|switch|p1a: Lokix|Lokix, M, shiny|100/100
|turn|13
|inactive|Leap Call has 90 seconds left.
|
|t:|1779887612
|-end|p2a: get necked|Protosynthesis|[silent]
|switch|p2a: glimmer of hope|Glimmora, F, shiny|100/100
|-damage|p2a: glimmer of hope|88/100|[from] Stealth Rock
|-terastallize|p1a: Lokix|Bug
|move|p1a: Lokix|Leech Life|p2a: glimmer of hope
|-resisted|p2a: glimmer of hope
|-damage|p2a: glimmer of hope|38/100
|-activate|p2a: glimmer of hope|ability: Toxic Debris
|-sidestart|p1: Leap Call|move: Toxic Spikes
|
|-weather|RainDance|[upkeep]
|upkeep
|turn|14
|
|t:|1779887628
|switch|p1a: Toxicroak|Toxicroak, M, shiny|93/100
|-sideend|p1: Leap Call|move: Toxic Spikes|[of] p1a: Toxicroak
|move|p2a: glimmer of hope|Stealth Rock|p1a: Toxicroak
|-sidestart|p1: Leap Call|move: Stealth Rock
|
|-weather|RainDance|[upkeep]
|-heal|p1a: Toxicroak|100/100|[from] ability: Dry Skin
|upkeep
|turn|15
|
|t:|1779887641
|move|p2a: glimmer of hope|Earth Power|p1a: Toxicroak
|-supereffective|p1a: Toxicroak
|-damage|p1a: Toxicroak|16/100
|move|p1a: Toxicroak|Drain Punch|p2a: glimmer of hope
|-damage|p2a: glimmer of hope|2/100
|-heal|p1a: Toxicroak|31/100|[from] drain|[of] p2a: glimmer of hope
|-activate|p2a: glimmer of hope|ability: Toxic Debris
|-sidestart|p1: Leap Call|move: Toxic Spikes
|
|-weather|RainDance|[upkeep]
|-heal|p1a: Toxicroak|43/100|[from] ability: Dry Skin
|upkeep
|turn|16
|inactive|Leap Call has 90 seconds left.
|
|t:|1779887664
|switch|p1a: Kingdra|Kingdra, F|100/100
|-damage|p1a: Kingdra|88/100|[from] Stealth Rock
|-status|p1a: Kingdra|psn
|move|p2a: glimmer of hope|Earth Power|p1a: Kingdra
|-damage|p1a: Kingdra|50/100 psn
|-unboost|p1a: Kingdra|spd|1
|
|-weather|RainDance|[upkeep]
|-damage|p1a: Kingdra|37/100 psn|[from] psn
|upkeep
|turn|17
|inactive|Leap Call has 90 seconds left.
|inactive|khloeg has 120 seconds left.
|
|t:|1779887691
|move|p1a: Kingdra|Hurricane|p2a: glimmer of hope
|-resisted|p2a: glimmer of hope
|-damage|p2a: glimmer of hope|0 fnt
|faint|p2a: glimmer of hope
|
|-weather|RainDance|[upkeep]
|-damage|p1a: Kingdra|25/100 psn|[from] psn
|upkeep
|inactive|khloeg has 120 seconds left.
|
|t:|1779887708
|switch|p2a: get necked|Raging Bolt|58/100
|-damage|p2a: get necked|45/100|[from] Stealth Rock
|turn|18
|
|t:|1779887713
|move|p2a: get necked|Thunderclap|p1a: Kingdra
|-damage|p1a: Kingdra|0 fnt
|faint|p1a: Kingdra
|
|-weather|RainDance|[upkeep]
|upkeep
|
|t:|1779887717
|switch|p1a: Toxicroak|Toxicroak, M, shiny|43/100
|-damage|p1a: Toxicroak|37/100|[from] Stealth Rock
|-sideend|p1: Leap Call|move: Toxic Spikes|[of] p1a: Toxicroak
|turn|19
|
|t:|1779887729
|-end|p2a: get necked|Protosynthesis|[silent]
|switch|p2a: warm tingly feels|Ting-Lu, shiny|91/100
|-damage|p2a: warm tingly feels|85/100|[from] Stealth Rock
|-ability|p2a: warm tingly feels|Vessel of Ruin
|move|p1a: Toxicroak|Encore||[still]
|-fail|p1a: Toxicroak
|
|-weather|none
|-heal|p2a: warm tingly feels|91/100|[from] item: Leftovers
|upkeep
|turn|20
|inactive|Leap Call has 120 seconds left.
|
|t:|1779887742
|move|p1a: Toxicroak|Drain Punch|p2a: warm tingly feels
|-supereffective|p2a: warm tingly feels
|-damage|p2a: warm tingly feels|61/100
|-heal|p1a: Toxicroak|58/100|[from] drain|[of] p2a: warm tingly feels
|move|p2a: warm tingly feels|Earthquake|p1a: Toxicroak
|-supereffective|p1a: Toxicroak
|-damage|p1a: Toxicroak|0 fnt
|faint|p1a: Toxicroak
|
|-heal|p2a: warm tingly feels|67/100|[from] item: Leftovers
|upkeep
|inactive|Leap Call has 120 seconds left.
|
|t:|1779887751
|switch|p1a: Lokix|Lokix, M, shiny, tera:Bug|100/100
|-damage|p1a: Lokix|76/100|[from] Stealth Rock
|turn|21
|
|t:|1779887758
|move|p1a: Lokix|Leech Life|p2a: warm tingly feels
|-supereffective|p2a: warm tingly feels
|-damage|p2a: warm tingly feels|0 fnt
|-heal|p1a: Lokix|100/100|[from] drain|[of] p2a: warm tingly feels
|faint|p2a: warm tingly feels
|
|upkeep
|
|t:|1779887770
|switch|p2a: get necked|Raging Bolt|45/100
|-damage|p2a: get necked|33/100|[from] Stealth Rock
|turn|22
|
|t:|1779887777
|move|p2a: get necked|Thunderclap|p1a: Lokix
|-damage|p1a: Lokix|0 fnt
|faint|p1a: Lokix
|
|upkeep
|
|t:|1779887780
|switch|p1a: Primarina|Primarina, M|88/100
|-damage|p1a: Primarina|75/100|[from] Stealth Rock
|turn|23
|
|t:|1779887796
|-end|p2a: get necked|Protosynthesis|[silent]
|switch|p2a: OG pon|Ogerpon-Wellspring, F|42/100
|-damage|p2a: OG pon|29/100|[from] Stealth Rock
|move|p1a: Primarina|Moonblast|p2a: OG pon
|-damage|p2a: OG pon|0 fnt
|faint|p2a: OG pon
|
|-heal|p1a: Primarina|81/100|[from] item: Leftovers
|upkeep
|
|t:|1779887805
|switch|p2a: get necked|Raging Bolt|33/100
|-damage|p2a: get necked|20/100|[from] Stealth Rock
|turn|24
|
|t:|1779887820
|move|p1a: Primarina|Substitute|p1a: Primarina
|-start|p1a: Primarina|Substitute
|-damage|p1a: Primarina|56/100
|move|p2a: get necked|Thunderbolt|p1a: Primarina
|-supereffective|p1a: Primarina
|-end|p1a: Primarina|Substitute
|
|-heal|p1a: Primarina|62/100|[from] item: Leftovers
|upkeep
|turn|25
|
|t:|1779887828
|move|p1a: Primarina|Moonblast|p2a: get necked
|-supereffective|p2a: get necked
|-damage|p2a: get necked|0 fnt
|faint|p2a: get necked
|-end|p2a: get necked|Protosynthesis|[silent]
|
|-heal|p1a: Primarina|68/100|[from] item: Leftovers
|upkeep
|
|t:|1779887835
|switch|p2a: prima n proper|Primarina, F, shiny|47/100
|-damage|p2a: prima n proper|35/100|[from] Stealth Rock
|turn|26
|
|t:|1779887844
|move|p1a: Primarina|Psychic Noise|p2a: prima n proper
|-resisted|p2a: prima n proper
|-damage|p2a: prima n proper|20/100
|-start|p2a: prima n proper|move: Heal Block
|move|p2a: prima n proper|Calm Mind|p2a: prima n proper
|-boost|p2a: prima n proper|spa|1
|-boost|p2a: prima n proper|spd|1
|
|-heal|p1a: Primarina|74/100|[from] item: Leftovers
|upkeep
|turn|27
|
|t:|1779887856
|move|p1a: Primarina|Moonblast|p2a: prima n proper
|-damage|p2a: prima n proper|0 fnt
|faint|p2a: prima n proper
|
|win|Leap Call
|raw|Leap Call's rating: 1396 &rarr; <strong>1410</strong><br />(+14 for winning)
|raw|khloeg's rating: 1284 &rarr; <strong>1267</strong><br />(-17 for losing)
|c|☆khloeg|gg
