|j|☆baakrisht
|j|☆PandaToTo
|t:|1779862052
|gametype|singles
|player|p1|baakrisht|102|1133
|player|p2|PandaToTo|102|1113
|gen|9
|tier|[Gen 9] OU
|rated|
|rule|HP Percentage Mod: HP is shown in percentages
|rule|Endless Battle Clause: Forcing endless battles is banned
|rule|Species Clause: Limit one of each Pokémon
|rule|OHKO Clause: OHKO moves are banned
|rule|Evasion Items Clause: Evasion items are banned
|rule|Evasion Moves Clause: Evasion moves are banned
|rule|Evasion Abilities Clause: Evasion abilities are banned
|rule|Sleep Moves Clause: Sleep-inducing moves are banned
|clearpoke
|poke|p1|Espeon, F|
|poke|p1|Goodra, F|
|poke|p1|Weezing-Galar, M|
|poke|p1|Orthworm, F|
|poke|p1|Suicune|
|poke|p1|Muk-Alola, M|
|poke|p2|Vaporeon, M|
|poke|p2|Meowscarada, M|
|poke|p2|Talonflame, F|
|poke|p2|Clodsire, M|
|poke|p2|Lucario, F|
|poke|p2|Froslass, F|
|teampreview
|
|t:|1779862079
|teamsize|p1|6
|teamsize|p2|6
|start
|switch|p1a: बिलाई मौसी|Espeon, F|100/100
|switch|p2a: Clodsire|Clodsire, M|100/100
|turn|1
|
|t:|1779862095
|switch|p2a: Meowscarada|Meowscarada, M|100/100
|move|p1a: बिलाई मौसी|Future Sight|p2a: Meowscarada
|-start|p1a: बिलाई मौसी|move: Future Sight
|
|upkeep
|turn|2
|
|t:|1779862103
|switch|p1a: लाठ साहब|Weezing-Galar, M, shiny|100/100
|move|p2a: Meowscarada|Knock Off|p1a: लाठ साहब
|-start|p2a: Meowscarada|typechange|Dark|[from] ability: Protean
|-resisted|p1a: लाठ साहब
|-damage|p1a: लाठ साहब|80/100
|-damage|p2a: Meowscarada|84/100|[from] item: Rocky Helmet|[of] p1a: लाठ साहब
|-enditem|p1a: लाठ साहब|Rocky Helmet|[from] move: Knock Off|[of] p2a: Meowscarada
|-damage|p2a: Meowscarada|74/100|[from] item: Life Orb
|
|upkeep
|turn|3
|
|t:|1779862118
|move|p2a: Meowscarada|Triple Axel|p1a: लाठ साहब
|-damage|p1a: लाठ साहब|73/100
|-damage|p1a: लाठ साहब|62/100
|-damage|p1a: लाठ साहब|46/100
|-hitcount|p1a: लाठ साहब|3
|-damage|p2a: Meowscarada|64/100|[from] item: Life Orb
|move|p1a: लाठ साहब|Clear Smog|p2a: Meowscarada
|-damage|p2a: Meowscarada|41/100
|-clearboost|p2a: Meowscarada
|
|-end|p2a: Meowscarada|move: Future Sight
|-immune|p2a: Meowscarada
|upkeep
|turn|4
|
|t:|1779862135
|move|p2a: Meowscarada|U-turn|p1a: लाठ साहब
|-resisted|p1a: लाठ साहब
|-damage|p1a: लाठ साहब|41/100
|-damage|p2a: Meowscarada|31/100|[from] item: Life Orb
|
|t:|1779862143
|switch|p2a: Clodsire|Clodsire, M|100/100|[from] U-turn
|move|p1a: लाठ साहब|Clear Smog|p2a: Clodsire
|-resisted|p2a: Clodsire
|-damage|p2a: Clodsire|98/100
|-clearboost|p2a: Clodsire
|
|-heal|p2a: Clodsire|100/100|[from] item: Black Sludge
|upkeep
|turn|5
|
|t:|1779862153
|switch|p1a: बिलाई मौसी|Espeon, F|100/100
|move|p2a: Clodsire|Stealth Rock|p1a: बिलाई मौसी
|move|p1a: बिलाई मौसी|Stealth Rock|p2a: Clodsire|[from] ability: Magic Bounce
|-sidestart|p2: PandaToTo|move: Stealth Rock
|
|upkeep
|turn|6
|
|t:|1779862163
|move|p1a: बिलाई मौसी|Trick|p2a: Clodsire
|-activate|p1a: बिलाई मौसी|move: Trick|[of] p2a: Clodsire
|-item|p2a: Clodsire|Choice Scarf|[from] move: Trick
|-item|p1a: बिलाई मौसी|Black Sludge|[from] move: Trick
|move|p2a: Clodsire|Toxic|p1a: बिलाई मौसी
|move|p1a: बिलाई मौसी|Toxic|p2a: Clodsire|[from] ability: Magic Bounce
|-immune|p2a: Clodsire
|
|-damage|p1a: बिलाई मौसी|88/100|[from] item: Black Sludge
|upkeep
|turn|7
|
|t:|1779862174
|switch|p1a: दील दो 💖|Orthworm, F|100/100
|switch|p2a: Talonflame|Talonflame, F|100/100
|
|upkeep
|turn|8
|
|t:|1779862186
|switch|p1a: Suicune|Suicune|100/100
|-ability|p1a: Suicune|Pressure
|move|p2a: Talonflame|Will-O-Wisp|p1a: Suicune
|-status|p1a: Suicune|brn
|
|-damage|p1a: Suicune|94/100 brn|[from] brn
|upkeep
|turn|9
|
|t:|1779862199
|switch|p2a: Vaporeon|Vaporeon, M|100/100
|-damage|p2a: Vaporeon|88/100|[from] Stealth Rock
|move|p1a: Suicune|Substitute|p1a: Suicune
|-start|p1a: Suicune|Substitute
|-damage|p1a: Suicune|69/100 brn
|
|-heal|p1a: Suicune|75/100 brn|[from] item: Leftovers
|-heal|p2a: Vaporeon|94/100|[from] item: Leftovers
|-damage|p1a: Suicune|69/100 brn|[from] brn
|upkeep
|turn|10
|
|t:|1779862212
|move|p2a: Vaporeon|Scald|p1a: Suicune
|-resisted|p1a: Suicune
|-activate|p1a: Suicune|move: Substitute|[damage]
|move|p1a: Suicune|Roar|p2a: Vaporeon
|drag|p2a: Clodsire|Clodsire, M|100/100
|-damage|p2a: Clodsire|94/100|[from] Stealth Rock
|
|-heal|p1a: Suicune|75/100 brn|[from] item: Leftovers
|-damage|p1a: Suicune|69/100 brn|[from] brn
|upkeep
|turn|11
|
|t:|1779862226
|switch|p1a: बिलाई मौसी|Espeon, F|88/100
|move|p2a: Clodsire|Earthquake|p1a: बिलाई मौसी
|-damage|p1a: बिलाई मौसी|34/100
|
|-damage|p1a: बिलाई मौसी|22/100|[from] item: Black Sludge
|upkeep
|turn|12
|
|t:|1779862238
|switch|p1a: दील दो 💖|Orthworm, F|100/100
|move|p2a: Clodsire|Earthquake|p1a: दील दो 💖
|-immune|p1a: दील दो 💖|[from] ability: Earth Eater
|
|upkeep
|turn|13
|
|t:|1779862247
|switch|p2a: Talonflame|Talonflame, F|100/100
|move|p1a: दील दो 💖|Body Press|p2a: Talonflame
|-resisted|p2a: Talonflame
|-damage|p2a: Talonflame|73/100
|
|upkeep
|turn|14
|
|t:|1779862255
|switch|p1a: Suicune|Suicune|69/100 brn
|-ability|p1a: Suicune|Pressure
|move|p2a: Talonflame|Defog|p1a: Suicune
|-unboost|p1a: Suicune|evasion|1
|-sideend|p2: PandaToTo|Stealth Rock|[from] move: Defog|[of] p2a: Talonflame
|
|-heal|p1a: Suicune|75/100 brn|[from] item: Leftovers
|-damage|p1a: Suicune|69/100 brn|[from] brn
|upkeep
|turn|15
|
|t:|1779862269
|move|p2a: Talonflame|Brave Bird|p1a: Suicune
|-damage|p1a: Suicune|44/100 brn
|-damage|p2a: Talonflame|62/100|[from] Recoil
|move|p1a: Suicune|Scald|p2a: Talonflame
|-supereffective|p2a: Talonflame
|-damage|p2a: Talonflame|0 fnt
|faint|p2a: Talonflame
|
|-heal|p1a: Suicune|50/100 brn|[from] item: Leftovers
|-damage|p1a: Suicune|44/100 brn|[from] brn
|upkeep
|
|t:|1779862286
|switch|p2a: Lucario|Lucario, F|100/100
|turn|16
|
|t:|1779862291
|move|p2a: Lucario|Nasty Plot|p2a: Lucario
|-boost|p2a: Lucario|spa|2
|move|p1a: Suicune|Scald|p2a: Lucario
|-damage|p2a: Lucario|59/100
|-status|p2a: Lucario|brn
|
|-heal|p1a: Suicune|50/100 brn|[from] item: Leftovers
|-damage|p2a: Lucario|53/100 brn|[from] brn
|-damage|p1a: Suicune|44/100 brn|[from] brn
|upkeep
|turn|17
|
|t:|1779862302
|move|p2a: Lucario|Aura Sphere|p1a: Suicune
|-damage|p1a: Suicune|0 fnt
|faint|p1a: Suicune
|
|-damage|p2a: Lucario|47/100 brn|[from] brn
|upkeep
|
|t:|1779862308
|switch|p1a: कादो राज|Muk-Alola, M|100/100
|turn|18
|
|t:|1779862313
|move|p2a: Lucario|Aura Sphere|p1a: कादो राज
|-damage|p1a: कादो राज|53/100
|move|p1a: कादो राज|Haze|p1a: कादो राज
|-clearallboost
|
|-heal|p1a: कादो राज|59/100|[from] item: Black Sludge
|-damage|p2a: Lucario|41/100 brn|[from] brn
|upkeep
|turn|19
|
|t:|1779862325
|move|p2a: Lucario|Steel Beam|p1a: कादो राज
|-damage|p1a: कादो राज|21/100
|-damage|p2a: Lucario|0 fnt|[from] steelbeam
|faint|p2a: Lucario
|move|p1a: कादो राज|Substitute|p1a: कादो राज
|-fail|p1a: कादो राज|move: Substitute|[weak]
|
|-heal|p1a: कादो राज|27/100|[from] item: Black Sludge
|upkeep
|
|t:|1779862344
|switch|p2a: Froslass|Froslass, F|100/100
|turn|20
|
|t:|1779862357
|move|p2a: Froslass|Ice Beam|p1a: कादो राज
|-damage|p1a: कादो राज|5/100
|move|p1a: कादो राज|Knock Off|p2a: Froslass
|-supereffective|p2a: Froslass
|-damage|p2a: Froslass|21/100
|-enditem|p2a: Froslass|Leftovers|[from] move: Knock Off|[of] p1a: कादो राज
|
|-heal|p1a: कादो राज|11/100|[from] item: Black Sludge
|upkeep
|turn|21
|
|t:|1779862367
|move|p2a: Froslass|Thunder Wave|p1a: कादो राज
|-status|p1a: कादो राज|par
|cant|p1a: कादो राज|par
|
|-heal|p1a: कादो राज|17/100 par|[from] item: Black Sludge
|upkeep
|turn|22
|
|t:|1779862375
|move|p2a: Froslass|Ice Beam|p1a: कादो राज
|-damage|p1a: कादो राज|0 fnt
|faint|p1a: कादो राज
|
|upkeep
|
|t:|1779862379
|switch|p1a: लसलस|Goodra, F|100/100
|turn|23
|
|t:|1779862385
|move|p1a: लसलस|Sludge Bomb|p2a: Froslass
|-resisted|p2a: Froslass
|-damage|p2a: Froslass|7/100
|-status|p2a: Froslass|psn
|move|p2a: Froslass|Ice Beam|p1a: लसलस
|-supereffective|p1a: लसलस
|-damage|p1a: लसलस|52/100
|
|-damage|p2a: Froslass|0 fnt|[from] psn
|faint|p2a: Froslass
|upkeep
|
|t:|1779862396
|switch|p2a: Vaporeon|Vaporeon, M|94/100
|turn|24
|
|t:|1779862404
|move|p1a: लसलस|Rain Dance|p1a: लसलस
|-weather|RainDance
|move|p2a: Vaporeon|Wish|p2a: Vaporeon
|
|-weather|RainDance|[upkeep]
|-heal|p2a: Vaporeon|100/100|[from] item: Leftovers
|upkeep
|turn|25
|
|t:|1779862418
|-terastallize|p1a: लसलस|Poison
|move|p1a: लसलस|Sludge Bomb|p2a: Vaporeon
|-damage|p2a: Vaporeon|69/100
|-status|p2a: Vaporeon|psn
|move|p2a: Vaporeon|Scald|p1a: लसलस
|-damage|p1a: लसलस|17/100
|
|-weather|RainDance|[upkeep]
|-heal|p2a: Vaporeon|100/100 psn|[from] move: Wish|[wisher] Vaporeon
|-damage|p2a: Vaporeon|88/100 psn|[from] psn
|upkeep
|turn|26
|
|t:|1779862433
|move|p1a: लसलस|Rest|p1a: लसलस
|-status|p1a: लसलस|slp|[from] move: Rest
|-heal|p1a: लसलस|100/100 slp|[silent]
|move|p2a: Vaporeon|Scald|p1a: लसलस
|-damage|p1a: लसलस|67/100 slp
|
|-weather|RainDance|[upkeep]
|-activate|p1a: लसलस|ability: Hydration
|-curestatus|p1a: लसलस|slp|[msg]
|-heal|p2a: Vaporeon|94/100 psn|[from] item: Leftovers
|-damage|p2a: Vaporeon|82/100 psn|[from] psn
|upkeep
|turn|27
|
|t:|1779862447
|move|p1a: लसलस|Thunder|p2a: Vaporeon
|-supereffective|p2a: Vaporeon
|-damage|p2a: Vaporeon|30/100 psn
|move|p2a: Vaporeon|Wish|p2a: Vaporeon
|
|-weather|RainDance|[upkeep]
|-heal|p2a: Vaporeon|36/100 psn|[from] item: Leftovers
|-damage|p2a: Vaporeon|24/100 psn|[from] psn
|upkeep
|turn|28
|
|t:|1779862455
|switch|p2a: Meowscarada|Meowscarada, M|31/100
|move|p1a: लसलस|Thunder|p2a: Meowscarada
|-resisted|p2a: Meowscarada
|-damage|p2a: Meowscarada|11/100
|
|-weather|RainDance|[upkeep]
|-heal|p2a: Meowscarada|79/100|[from] move: Wish|[wisher] Vaporeon
|upkeep
|turn|29
|
|t:|1779862466
|move|p2a: Meowscarada|Knock Off|p1a: लसलस
|-start|p2a: Meowscarada|typechange|Dark|[from] ability: Protean
|-damage|p1a: लसलस|0 fnt
|-enditem|p1a: लसलस|Damp Rock|[from] move: Knock Off|[of] p2a: Meowscarada
|faint|p1a: लसलस
|-damage|p2a: Meowscarada|70/100|[from] item: Life Orb
|
|-weather|RainDance|[upkeep]
|upkeep
|
|t:|1779862477
|switch|p1a: दील दो 💖|Orthworm, F|100/100
|turn|30
|
|t:|1779862484
|move|p2a: Meowscarada|Knock Off|p1a: दील दो 💖
|-damage|p1a: दील दो 💖|67/100
|-enditem|p1a: दील दो 💖|Leftovers|[from] move: Knock Off|[of] p2a: Meowscarada
|-damage|p2a: Meowscarada|60/100|[from] item: Life Orb
|move|p1a: दील दो 💖|Body Press|p2a: Meowscarada
|-supereffective|p2a: Meowscarada
|-damage|p2a: Meowscarada|0 fnt
|faint|p2a: Meowscarada
|
|-weather|RainDance|[upkeep]
|upkeep
|
|t:|1779862500
|switch|p2a: Clodsire|Clodsire, M|94/100
|turn|31
|
|t:|1779862505
|move|p1a: दील दो 💖|Iron Defense|p1a: दील दो 💖
|-boost|p1a: दील दो 💖|def|2
|move|p2a: Clodsire|Stealth Rock|p1a: दील दो 💖
|-sidestart|p1: baakrisht|move: Stealth Rock
|
|-weather|none
|upkeep
|turn|32
|
|t:|1779862514
|switch|p2a: Vaporeon|Vaporeon, M|24/100 psn
|move|p1a: दील दो 💖|Body Press|p2a: Vaporeon
|-damage|p2a: Vaporeon|0 fnt
|faint|p2a: Vaporeon
|
|upkeep
|-message|PandaToTo forfeited.
|
|win|baakrisht
|raw|baakrisht's rating: 1133 &rarr; <strong>1157</strong><br />(+24 for winning)
|raw|PandaToTo's rating: 1113 &rarr; <strong>1089</strong><br />(-24 for losing)
|l|☆PandaToTo
|player|p2|
|l|☆baakrisht
|player|p1|
