|j|☆TINT'24
|j|☆Gloryboykeef
|t:|1779947705
|gametype|singles
|player|p1|TINT'24|riley|1245
|player|p2|Gloryboykeef|policeman-gen4|1273
|gen|9
|tier|[Gen 9] OU
|rated|
|rule|HP Percentage Mod: HP is shown in percentages
|rule|Endless Battle Clause: Forcing endless battles is banned
|rule|Species Clause: Limit one of each Pokémon
|rule|OHKO Clause: OHKO moves are banned
|rule|Evasion Items Clause: Evasion items are banned
|rule|Evasion Moves Clause: Evasion moves are banned
|rule|Evasion Abilities Clause: Evasion abilities are banned
|rule|Sleep Moves Clause: Sleep-inducing moves are banned
|clearpoke
|poke|p1|Ceruledge, M|
|poke|p1|Dragapult, F|
|poke|p1|Great Tusk|
|poke|p1|Gliscor, M|
|poke|p1|Clefable, F|
|poke|p1|Greninja-*, M|
|poke|p2|Pelipper, M|
|poke|p2|Barraskewda, F|
|poke|p2|Kingdra, M|
|poke|p2|Slaking, M|
|poke|p2|Mandibuzz, F|
|poke|p2|Raging Bolt|
|teampreview
|inactive|Battle timer is ON: inactive players will automatically lose when time's up. (requested by Gloryboykeef)
|
|t:|1779947721
|teamsize|p1|6
|teamsize|p2|6
|start
|switch|p1a: Dragapult|Dragapult, F, shiny|100/100
|switch|p2a: Kingdra|Kingdra, M|100/100
|turn|1
|
|t:|1779947729
|move|p1a: Dragapult|Thunderbolt|p2a: Kingdra
|-damage|p2a: Kingdra|54/100
|move|p2a: Kingdra|Draco Meteor|p1a: Dragapult
|-supereffective|p1a: Dragapult
|-damage|p1a: Dragapult|0 fnt
|-unboost|p2a: Kingdra|spa|2
|faint|p1a: Dragapult
|
|upkeep
|
|t:|1779947737
|switch|p1a: Great Tusk|Great Tusk|100/100
|-enditem|p1a: Great Tusk|Booster Energy
|-activate|p1a: Great Tusk|ability: Protosynthesis|[fromitem]
|-start|p1a: Great Tusk|protosynthesisatk
|turn|2
|
|t:|1779947741
|switch|p2a: Pelipper|Pelipper, M|100/100
|-weather|RainDance|[from] ability: Drizzle|[of] p2a: Pelipper
|move|p1a: Great Tusk|Rapid Spin|p2a: Pelipper
|-crit|p2a: Pelipper
|-damage|p2a: Pelipper|74/100
|-boost|p1a: Great Tusk|spe|1
|
|-weather|RainDance|[upkeep]
|upkeep
|turn|3
|
|t:|1779947747
|move|p1a: Great Tusk|Ice Spinner|p2a: Pelipper
|-damage|p2a: Pelipper|44/100
|move|p2a: Pelipper|Hydro Pump|p1a: Great Tusk
|-supereffective|p1a: Great Tusk
|-damage|p1a: Great Tusk|0 fnt
|faint|p1a: Great Tusk
|-end|p1a: Great Tusk|Protosynthesis|[silent]
|
|-weather|RainDance|[upkeep]
|upkeep
|
|t:|1779947752
|switch|p1a: Clefable|Clefable, F|100/100
|turn|4
|
|t:|1779947756
|move|p2a: Pelipper|Hydro Pump|p1a: Clefable
|-damage|p1a: Clefable|58/100
|move|p1a: Clefable|Alluring Voice|p2a: Pelipper
|-damage|p2a: Pelipper|9/100
|
|-weather|RainDance|[upkeep]
|-heal|p1a: Clefable|64/100|[from] item: Leftovers
|upkeep
|turn|5
|
|t:|1779947766
|switch|p2a: Raging Bolt|Raging Bolt|100/100
|-enditem|p2a: Raging Bolt|Booster Energy
|-activate|p2a: Raging Bolt|ability: Protosynthesis|[fromitem]
|-start|p2a: Raging Bolt|protosynthesisspa
|move|p1a: Clefable|Knock Off|p2a: Raging Bolt
|-damage|p2a: Raging Bolt|92/100
|
|-weather|RainDance|[upkeep]
|-heal|p1a: Clefable|71/100|[from] item: Leftovers
|upkeep
|turn|6
|
|t:|1779947773
|move|p2a: Raging Bolt|Weather Ball|p1a: Clefable
|-damage|p1a: Clefable|14/100
|move|p1a: Clefable|Alluring Voice|p2a: Raging Bolt
|-supereffective|p2a: Raging Bolt
|-damage|p2a: Raging Bolt|51/100
|
|-weather|RainDance|[upkeep]
|-heal|p1a: Clefable|21/100|[from] item: Leftovers
|upkeep
|turn|7
|
|t:|1779947782
|move|p2a: Raging Bolt|Weather Ball|p1a: Clefable
|-damage|p1a: Clefable|0 fnt
|faint|p1a: Clefable
|
|-weather|RainDance|[upkeep]
|upkeep
|
|t:|1779947785
|switch|p1a: Gliscor|Gliscor, M|100/100
|turn|8
|
|t:|1779947789
|move|p1a: Gliscor|Protect|p1a: Gliscor
|-singleturn|p1a: Gliscor|Protect
|move|p2a: Raging Bolt|Weather Ball|p1a: Gliscor
|-activate|p1a: Gliscor|move: Protect
|
|-weather|RainDance|[upkeep]
|-status|p1a: Gliscor|tox|[from] item: Toxic Orb
|upkeep
|turn|9
|
|t:|1779947792
|move|p1a: Gliscor|Earthquake|p2a: Raging Bolt
|-supereffective|p2a: Raging Bolt
|-damage|p2a: Raging Bolt|0 fnt
|faint|p2a: Raging Bolt
|-end|p2a: Raging Bolt|Protosynthesis|[silent]
|
|-weather|none
|upkeep
|
|t:|1779947796
|switch|p2a: Pelipper|Pelipper, M|9/100
|-weather|RainDance|[from] ability: Drizzle|[of] p2a: Pelipper
|turn|10
|
|t:|1779947799
|move|p1a: Gliscor|Toxic|p2a: Pelipper
|-status|p2a: Pelipper|tox
|move|p2a: Pelipper|Hydro Pump|p1a: Gliscor
|-supereffective|p1a: Gliscor
|-damage|p1a: Gliscor|0 fnt
|faint|p1a: Gliscor
|
|-weather|RainDance|[upkeep]
|-damage|p2a: Pelipper|3/100 tox|[from] psn
|upkeep
|
|t:|1779947802
|switch|p1a: Greninja|Greninja, M|100/100
|turn|11
|
|t:|1779947808
|move|p1a: Greninja|Water Shuriken|p2a: Pelipper
|-resisted|p2a: Pelipper
|-damage|p2a: Pelipper|0 fnt
|faint|p2a: Pelipper
|-ability|p1a: Greninja|Battle Bond|boost
|-boost|p1a: Greninja|atk|1
|-boost|p1a: Greninja|spa|1
|-boost|p1a: Greninja|spe|1
|-activate|p1a: Greninja|ability: Battle Bond
|-hitcount|p2: Pelipper|1
|-damage|p1a: Greninja|91/100|[from] item: Life Orb
|
|-weather|RainDance|[upkeep]
|upkeep
|
|t:|1779947812
|switch|p2a: Barraskewda|Barraskewda, F, shiny|100/100
|turn|12
|
|t:|1779947818
|-terastallize|p1a: Greninja|Water
|move|p2a: Barraskewda|Close Combat|p1a: Greninja
|-crit|p1a: Greninja
|-damage|p1a: Greninja|0 fnt
|-unboost|p2a: Barraskewda|def|1
|-unboost|p2a: Barraskewda|spd|1
|faint|p1a: Greninja
|-damage|p2a: Barraskewda|91/100|[from] item: Life Orb
|
|-weather|RainDance|[upkeep]
|upkeep
|
|t:|1779947823
|switch|p1a: Ceruledge|Ceruledge, M, shiny|100/100
|turn|13
|c|☆Gloryboykeef|lol
|
|t:|1779947826
|move|p1a: Ceruledge|Shadow Sneak|p2a: Barraskewda
|-damage|p2a: Barraskewda|22/100
|move|p2a: Barraskewda|Liquidation|p1a: Ceruledge
|-supereffective|p1a: Ceruledge
|-enditem|p1a: Ceruledge|Focus Sash
|-damage|p1a: Ceruledge|1/100
|-ability|p1a: Ceruledge|Weak Armor|boost
|-unboost|p1a: Ceruledge|def|1
|-boost|p1a: Ceruledge|spe|2
|-damage|p2a: Barraskewda|12/100|[from] item: Life Orb
|
|-weather|RainDance|[upkeep]
|upkeep
|turn|14
|
|t:|1779947831
|move|p1a: Ceruledge|Shadow Sneak|p2a: Barraskewda
|-damage|p2a: Barraskewda|0 fnt
|faint|p2a: Barraskewda
|
|-weather|RainDance|[upkeep]
|upkeep
|
|t:|1779947839
|switch|p2a: Kingdra|Kingdra, M|54/100
|turn|15
|
|t:|1779947842
|move|p1a: Ceruledge|Shadow Sneak|p2a: Kingdra
|-damage|p2a: Kingdra|27/100
|move|p2a: Kingdra|Hydro Pump|p1a: Ceruledge|[miss]
|-miss|p2a: Kingdra|p1a: Ceruledge
|
|-weather|RainDance|[upkeep]
|upkeep
|turn|16
|
|t:|1779947846
|move|p1a: Ceruledge|Shadow Sneak|p2a: Kingdra
|-damage|p2a: Kingdra|0 fnt
|faint|p2a: Kingdra
|
|-weather|RainDance|[upkeep]
|upkeep
|
|t:|1779947849
|switch|p2a: Slaking|Slaking, M, shiny|100/100
|turn|17
|
|t:|1779947852
|move|p1a: Ceruledge|Close Combat|p2a: Slaking
|-supereffective|p2a: Slaking
|-damage|p2a: Slaking|37/100
|-unboost|p1a: Ceruledge|def|1
|-unboost|p1a: Ceruledge|spd|1
|move|p2a: Slaking|Earthquake|p1a: Ceruledge
|-supereffective|p1a: Ceruledge
|-damage|p1a: Ceruledge|0 fnt
|faint|p1a: Ceruledge
|
|win|Gloryboykeef
|raw|TINT&apos;24's rating: 1245 &rarr; <strong>1222</strong><br />(-23 for losing)
|raw|Gloryboykeef's rating: 1273 &rarr; <strong>1296</strong><br />(+23 for winning)
|l|☆Gloryboykeef
|player|p2|
|l|☆TINT'24
|player|p1|
