|j|☆slowlyfadingaway
|j|☆sickofme
|t:|1779963556
|gametype|singles
|player|p1|slowlyfadingaway|veteran|1551
|player|p2|sickofme|miku-water|1466
|gen|9
|tier|[Gen 9] OU
|rated|
|rule|HP Percentage Mod: HP is shown in percentages
|rule|Endless Battle Clause: Forcing endless battles is banned
|rule|Species Clause: Limit one of each Pokémon
|rule|OHKO Clause: OHKO moves are banned
|rule|Evasion Items Clause: Evasion items are banned
|rule|Evasion Moves Clause: Evasion moves are banned
|rule|Evasion Abilities Clause: Evasion abilities are banned
|rule|Sleep Moves Clause: Sleep-inducing moves are banned
|clearpoke
|poke|p1|Greninja-*, M|
|poke|p1|Forretress, F|
|poke|p1|Samurott-Hisui, M|
|poke|p1|Garchomp, M|
|poke|p1|Scizor, F|
|poke|p1|Diancie|
|poke|p2|Alomomola, L99, F|
|poke|p2|Landorus-Therian, M|
|poke|p2|Kyurem|
|poke|p2|Great Tusk|
|poke|p2|Slowking-Galar, F|
|poke|p2|Heatran, F|
|teampreview
|inactive|Battle timer is ON: inactive players will automatically lose when time's up. (requested by slowlyfadingaway)
|c|☆slowlyfadingaway|let us battle
|c|☆slowlyfadingaway|just this once..
|
|t:|1779963568
|teamsize|p1|6
|teamsize|p2|6
|start
|switch|p1a: Samurott|Samurott-Hisui, M|100/100
|switch|p2a: Landorus|Landorus-Therian, M|100/100
|-ability|p2a: Landorus|Intimidate|boost
|-unboost|p1a: Samurott|atk|1
|turn|1
|
|t:|1779963591
|switch|p1a: Forretress|Forretress, F|100/100
|move|p2a: Landorus|U-turn|p1a: Forretress
|-resisted|p1a: Forretress
|-damage|p1a: Forretress|93/100
|
|t:|1779963595
|switch|p2a: Heatran|Heatran, F|100/100|[from] U-turn
|
|upkeep
|turn|2
|
|t:|1779963598
|switch|p1a: Garchomp|Garchomp, M|100/100
|move|p2a: Heatran|Magma Storm|p1a: Garchomp
|-resisted|p1a: Garchomp
|-damage|p1a: Garchomp|72/100
|-activate|p1a: Garchomp|move: Magma Storm|[of] p2a: Heatran
|
|-damage|p1a: Garchomp|60/100|[from] move: Magma Storm|[partiallytrapped]
|upkeep
|turn|3
|
|t:|1779963615
|switch|p2a: Landorus|Landorus-Therian, M|100/100
|-ability|p2a: Landorus|Intimidate|boost
|-unboost|p1a: Garchomp|atk|1
|move|p1a: Garchomp|Scale Shot|p2a: Landorus
|-damage|p2a: Landorus|90/100
|-damage|p2a: Landorus|79/100
|-damage|p2a: Landorus|67/100
|-damage|p2a: Landorus|56/100
|-crit|p2a: Landorus
|-damage|p2a: Landorus|34/100
|-hitcount|p2a: Landorus|5
|-unboost|p1a: Garchomp|def|1
|-boost|p1a: Garchomp|spe|1
|
|-end|p1a: Garchomp|Magma Storm|[partiallytrapped]|[silent]
|upkeep
|turn|4
|
|t:|1779963623
|switch|p2a: Alomomola|Alomomola, L99, F|100/100
|move|p1a: Garchomp|Scale Shot|p2a: Alomomola
|-damage|p2a: Alomomola|94/100
|-crit|p2a: Alomomola
|-damage|p2a: Alomomola|77/100
|-damage|p2a: Alomomola|70/100
|-damage|p2a: Alomomola|64/100
|-hitcount|p2a: Alomomola|4
|-unboost|p1a: Garchomp|def|1
|-boost|p1a: Garchomp|spe|1
|
|upkeep
|turn|5
|
|t:|1779963627
|move|p1a: Garchomp|Swords Dance|p1a: Garchomp
|-boost|p1a: Garchomp|atk|2
|move|p2a: Alomomola|Flip Turn|p1a: Garchomp
|-damage|p1a: Garchomp|26/100
|-damage|p2a: Alomomola|51/100|[from] ability: Rough Skin|[of] p1a: Garchomp
|
|t:|1779963632
|switch|p2a: Landorus|Landorus-Therian, M|34/100|[from] Flip Turn
|-ability|p2a: Landorus|Intimidate|boost
|-unboost|p1a: Garchomp|atk|1
|
|upkeep
|turn|6
|
|t:|1779963642
|switch|p1a: Scizor|Scizor, F|100/100
|switch|p2a: Great Tusk|Great Tusk|100/100
|
|upkeep
|turn|7
|
|t:|1779963660
|move|p2a: Great Tusk|Bulk Up|p2a: Great Tusk
|-boost|p2a: Great Tusk|atk|1
|-boost|p2a: Great Tusk|def|1
|move|p1a: Scizor|U-turn|p2a: Great Tusk
|-resisted|p2a: Great Tusk
|-damage|p2a: Great Tusk|87/100
|-damage|p1a: Scizor|91/100|[from] item: Life Orb
|
|t:|1779963665
|switch|p1a: Samurott|Samurott-Hisui, M|100/100|[from] U-turn
|
|upkeep
|turn|8
|
|t:|1779963668
|move|p2a: Great Tusk|Headlong Rush|p1a: Samurott
|-enditem|p1a: Samurott|Focus Sash
|-damage|p1a: Samurott|1/100
|-unboost|p2a: Great Tusk|def|1
|-unboost|p2a: Great Tusk|spd|1
|move|p1a: Samurott|Encore|p2a: Great Tusk
|-start|p2a: Great Tusk|Encore
|
|upkeep
|turn|9
|
|t:|1779963672
|move|p2a: Great Tusk|Headlong Rush|p1a: Samurott
|-damage|p1a: Samurott|0 fnt
|-unboost|p2a: Great Tusk|def|1
|-unboost|p2a: Great Tusk|spd|1
|faint|p1a: Samurott
|
|upkeep
|
|t:|1779963675
|switch|p1a: Greninja|Greninja, M|100/100
|turn|10
|
|t:|1779963679
|-end|p2a: Great Tusk|Protosynthesis|[silent]
|switch|p2a: Alomomola|Alomomola, L99, F|85/100
|move|p1a: Greninja|Water Shuriken|p2a: Alomomola
|-resisted|p2a: Alomomola
|-damage|p2a: Alomomola|82/100
|-resisted|p2a: Alomomola
|-damage|p2a: Alomomola|79/100
|-resisted|p2a: Alomomola
|-damage|p2a: Alomomola|77/100
|-resisted|p2a: Alomomola
|-damage|p2a: Alomomola|75/100
|-hitcount|p2a: Alomomola|4
|
|upkeep
|turn|11
|
|t:|1779963683
|move|p1a: Greninja|U-turn|p2a: Alomomola
|-damage|p2a: Alomomola|64/100
|
|t:|1779963685
|switch|p1a: Scizor|Scizor, F|91/100|[from] U-turn
|move|p2a: Alomomola|Wish|p2a: Alomomola
|
|upkeep
|turn|12
|
|t:|1779963688
|move|p1a: Scizor|U-turn|p2a: Alomomola
|-damage|p2a: Alomomola|26/100
|-damage|p1a: Scizor|81/100|[from] item: Life Orb
|
|t:|1779963693
|switch|p1a: Diancie|Diancie|100/100|[from] U-turn
|move|p2a: Alomomola|Flip Turn|p1a: Diancie
|-supereffective|p1a: Diancie
|-crit|p1a: Diancie
|-damage|p1a: Diancie|52/100
|
|t:|1779963701
|switch|p2a: Landorus|Landorus-Therian, M|34/100|[from] Flip Turn
|-ability|p2a: Landorus|Intimidate|boost
|-fail|p1a: Diancie|unboost|[from] ability: Clear Body|[of] p1a: Diancie
|
|-heal|p2a: Landorus|100/100|[from] move: Wish|[wisher] Alomomola
|upkeep
|turn|13
|
|t:|1779963706
|-terastallize|p1a: Diancie|Dragon
|move|p2a: Landorus|Earthquake|p1a: Diancie
|-damage|p1a: Diancie|0 fnt
|faint|p1a: Diancie
|
|upkeep
|
|t:|1779963707
|switch|p1a: Greninja|Greninja, M|100/100
|turn|14
|
|t:|1779963716
|switch|p2a: Slowking|Slowking-Galar, F|100/100
|move|p1a: Greninja|Dark Pulse|p2a: Slowking
|-supereffective|p2a: Slowking
|-damage|p2a: Slowking|41/100
|
|upkeep
|turn|15
|
|t:|1779963721
|move|p1a: Greninja|Dark Pulse|p2a: Slowking
|-supereffective|p2a: Slowking
|-damage|p2a: Slowking|0 fnt
|faint|p2a: Slowking
|-ability|p1a: Greninja|Battle Bond|boost
|-boost|p1a: Greninja|atk|1
|-boost|p1a: Greninja|spa|1
|-boost|p1a: Greninja|spe|1
|-activate|p1a: Greninja|ability: Battle Bond
|
|upkeep
|
|t:|1779963732
|switch|p2a: Kyurem|Kyurem|100/100
|-ability|p2a: Kyurem|Pressure
|turn|16
|
|t:|1779963735
|move|p1a: Greninja|Dark Pulse|p2a: Kyurem
|-damage|p2a: Kyurem|55/100
|cant|p2a: Kyurem|flinch
|
|upkeep
|turn|17
|
|t:|1779963741
|move|p1a: Greninja|Dark Pulse|p2a: Kyurem
|-damage|p2a: Kyurem|6/100
|move|p2a: Kyurem|Freeze-Dry|p1a: Greninja
|-supereffective|p1a: Greninja
|-damage|p1a: Greninja|0 fnt
|faint|p1a: Greninja
|
|upkeep
|
|t:|1779963744
|switch|p1a: Garchomp|Garchomp, M|26/100
|turn|18
|
|t:|1779963753
|move|p1a: Garchomp|Scale Shot|p2a: Kyurem
|-supereffective|p2a: Kyurem
|-damage|p2a: Kyurem|0 fnt
|faint|p2a: Kyurem
|-hitcount|p2: Kyurem|1
|-unboost|p1a: Garchomp|def|1
|-boost|p1a: Garchomp|spe|1
|
|upkeep
|
|t:|1779963756
|switch|p2a: Landorus|Landorus-Therian, M|100/100
|-ability|p2a: Landorus|Intimidate|boost
|-unboost|p1a: Garchomp|atk|1
|turn|19
|
|t:|1779963759
|move|p1a: Garchomp|Scale Shot|p2a: Landorus
|-crit|p2a: Landorus
|-damage|p2a: Landorus|76/100
|-damage|p2a: Landorus|65/100
|-damage|p2a: Landorus|55/100
|-damage|p2a: Landorus|43/100
|-hitcount|p2a: Landorus|4
|-unboost|p1a: Garchomp|def|1
|-boost|p1a: Garchomp|spe|1
|move|p2a: Landorus|Earthquake|p1a: Garchomp
|-damage|p1a: Garchomp|0 fnt
|faint|p1a: Garchomp
|
|upkeep
|
|t:|1779963762
|switch|p1a: Scizor|Scizor, F|81/100
|turn|20
|
|t:|1779963769
|switch|p2a: Great Tusk|Great Tusk|87/100
|move|p1a: Scizor|Bullet Punch|p2a: Great Tusk
|-damage|p2a: Great Tusk|54/100
|-damage|p1a: Scizor|71/100|[from] item: Life Orb
|
|upkeep
|turn|21
|inactive|sickofme has 120 seconds left.
|
|t:|1779963802
|move|p2a: Great Tusk|Headlong Rush|p1a: Scizor
|-damage|p1a: Scizor|0 fnt
|-unboost|p2a: Great Tusk|def|1
|-unboost|p2a: Great Tusk|spd|1
|faint|p1a: Scizor
|
|upkeep
|
|t:|1779963807
|switch|p1a: Forretress|Forretress, F|93/100
|turn|22
|
|t:|1779963810
|move|p2a: Great Tusk|Headlong Rush|p1a: Forretress
|-damage|p1a: Forretress|56/100
|-unboost|p2a: Great Tusk|def|1
|-unboost|p2a: Great Tusk|spd|1
|move|p1a: Forretress|Body Press|p2a: Great Tusk
|-damage|p2a: Great Tusk|8/100
|
|upkeep
|turn|23
|
|t:|1779963813
|move|p2a: Great Tusk|Headlong Rush|p1a: Forretress
|-damage|p1a: Forretress|20/100
|-unboost|p2a: Great Tusk|def|1
|-unboost|p2a: Great Tusk|spd|1
|move|p1a: Forretress|Body Press|p2a: Great Tusk
|-damage|p2a: Great Tusk|0 fnt
|faint|p2a: Great Tusk
|-end|p2a: Great Tusk|Protosynthesis|[silent]
|
|upkeep
|
|t:|1779963816
|switch|p2a: Landorus|Landorus-Therian, M|43/100
|-ability|p2a: Landorus|Intimidate|boost
|-unboost|p1a: Forretress|atk|1
|turn|24
|-enditem|p1a: Forretress|Custap Berry|[eat]
|-activate|p1a: Forretress|item: Custap Berry|[consumed]
|
|t:|1779963818
|move|p1a: Forretress|Body Press|p2a: Landorus
|-resisted|p2a: Landorus
|-damage|p2a: Landorus|25/100
|move|p2a: Landorus|Earthquake|p1a: Forretress
|-damage|p1a: Forretress|0 fnt
|faint|p1a: Forretress
|
|win|sickofme
|raw|slowlyfadingaway's rating: 1551 &rarr; <strong>1526</strong><br />(-25 for losing)
|raw|sickofme's rating: 1466 &rarr; <strong>1491</strong><br />(+25 for winning)
|l|☆sickofme
|player|p2|
|l|☆slowlyfadingaway
|player|p1|
