|badge|p2|bronze|gen9ubers|100-9
|uhtml|medal-msg|<div class="broadcast-blue">Curious what those medals under the avatar are? PS now has Ladder Seasons! For more information, check out the <a href="https://www.smogon.com/forums/threads/3740067/">thread on Smogon.</a></div>
|j|☆Bigger Yeagle
|j|☆itztrip
|t:|1779904566
|gametype|singles
|player|p1|Bigger Yeagle|1|1515
|player|p2|itztrip|proton|1576
|gen|9
|tier|[Gen 9] OU
|rated|
|rule|HP Percentage Mod: HP is shown in percentages
|rule|Endless Battle Clause: Forcing endless battles is banned
|rule|Species Clause: Limit one of each Pokémon
|rule|OHKO Clause: OHKO moves are banned
|rule|Evasion Items Clause: Evasion items are banned
|rule|Evasion Moves Clause: Evasion moves are banned
|rule|Evasion Abilities Clause: Evasion abilities are banned
|rule|Sleep Moves Clause: Sleep-inducing moves are banned
|clearpoke
|poke|p1|Regieleki|
|poke|p1|Raging Bolt|
|poke|p1|Hatterene, F|
|poke|p1|Ogerpon-Wellspring, F|
|poke|p1|Iron Crown|
|poke|p1|Ting-Lu|
|poke|p2|Dragonite, M|
|poke|p2|Great Tusk|
|poke|p2|Deoxys-Speed|
|poke|p2|Gholdengo|
|poke|p2|Zamazenta-*|
|poke|p2|Iron Valiant|
|teampreview
|inactive|Battle timer is ON: inactive players will automatically lose when time's up. (requested by itztrip)
|
|t:|1779904577
|teamsize|p1|6
|teamsize|p2|6
|start
|switch|p1a: Ting-Lu|Ting-Lu|100/100
|switch|p2a: Deoxys|Deoxys-Speed|100/100
|-ability|p2a: Deoxys|Pressure
|-ability|p1a: Ting-Lu|Vessel of Ruin
|turn|1
|
|t:|1779904583
|move|p2a: Deoxys|Skill Swap|p1a: Ting-Lu
|-activate|p2a: Deoxys|Skill Swap|Vessel of Ruin|Pressure|[of] p1a: Ting-Lu
|-ability|p1a: Ting-Lu|Pressure
|-ability|p2a: Deoxys|Vessel of Ruin
|move|p1a: Ting-Lu|Ruination|p2a: Deoxys
|-damage|p2a: Deoxys|51/100
|
|upkeep
|turn|2
|
|t:|1779904587
|move|p2a: Deoxys|Spikes|p1a: Ting-Lu
|-sidestart|p1: Bigger Yeagle|Spikes
|move|p1a: Ting-Lu|Spikes|p2a: Deoxys
|-sidestart|p2: itztrip|Spikes
|
|upkeep
|turn|3
|
|t:|1779904590
|move|p2a: Deoxys|Skill Swap|p1a: Ting-Lu
|-activate|p2a: Deoxys|Skill Swap|Pressure|Vessel of Ruin|[of] p1a: Ting-Lu
|-ability|p1a: Ting-Lu|Vessel of Ruin
|-ability|p2a: Deoxys|Pressure
|move|p1a: Ting-Lu|Earthquake|p2a: Deoxys
|-damage|p2a: Deoxys|7/100
|
|upkeep
|turn|4
|
|t:|1779904593
|move|p2a: Deoxys|Spikes|p1a: Ting-Lu
|-sidestart|p1: Bigger Yeagle|Spikes
|move|p1a: Ting-Lu|Earthquake|p2a: Deoxys
|-damage|p2a: Deoxys|0 fnt
|faint|p2a: Deoxys
|
|upkeep
|
|t:|1779904596
|switch|p2a: Great Tusk|Great Tusk|100/100
|-damage|p2a: Great Tusk|88/100|[from] Spikes
|-enditem|p2a: Great Tusk|Booster Energy
|-activate|p2a: Great Tusk|ability: Protosynthesis|[fromitem]
|-start|p2a: Great Tusk|protosynthesisspe
|turn|5
|
|t:|1779904603
|switch|p1a: Hatterene|Hatterene, F|100/100
|-damage|p1a: Hatterene|84/100|[from] Spikes
|move|p2a: Great Tusk|Rapid Spin|p1a: Hatterene
|-damage|p1a: Hatterene|71/100
|-boost|p2a: Great Tusk|spe|1
|-damage|p2a: Great Tusk|71/100|[from] item: Rocky Helmet|[of] p1a: Hatterene
|-sideend|p2: itztrip|Spikes|[from] move: Rapid Spin|[of] p2a: Great Tusk
|
|upkeep
|turn|6
|
|t:|1779904607
|-end|p2a: Great Tusk|Protosynthesis|[silent]
|switch|p2a: Gholdengo|Gholdengo|100/100
|move|p1a: Hatterene|Draining Kiss|p2a: Gholdengo
|-resisted|p2a: Gholdengo
|-damage|p2a: Gholdengo|90/100
|-heal|p1a: Hatterene|80/100|[from] drain|[of] p2a: Gholdengo
|
|upkeep
|turn|7
|
|t:|1779904615
|switch|p2a: Zamazenta|Zamazenta|100/100
|-ability|p2a: Zamazenta|Dauntless Shield|boost
|-boost|p2a: Zamazenta|def|1
|switch|p1a: Raging Bolt|Raging Bolt|100/100
|-damage|p1a: Raging Bolt|84/100|[from] Spikes
|
|upkeep
|turn|8
|
|t:|1779904621
|move|p2a: Zamazenta|Close Combat|p1a: Raging Bolt
|-crit|p1a: Raging Bolt
|-damage|p1a: Raging Bolt|0 fnt
|-unboost|p2a: Zamazenta|def|1
|-unboost|p2a: Zamazenta|spd|1
|faint|p1a: Raging Bolt
|-end|p1a: Raging Bolt|Protosynthesis|[silent]
|-damage|p2a: Zamazenta|91/100|[from] item: Life Orb
|
|upkeep
|
|t:|1779904628
|switch|p1a: Hatterene|Hatterene, F|80/100
|-damage|p1a: Hatterene|64/100|[from] Spikes
|turn|9
|
|t:|1779904631
|move|p2a: Zamazenta|Heavy Slam|p1a: Hatterene
|-supereffective|p1a: Hatterene
|-damage|p1a: Hatterene|0 fnt
|-damage|p2a: Zamazenta|74/100|[from] item: Rocky Helmet|[of] p1a: Hatterene
|faint|p1a: Hatterene
|-damage|p2a: Zamazenta|64/100|[from] item: Life Orb
|
|upkeep
|
|t:|1779904634
|switch|p1a: Regieleki|Regieleki|100/100
|-damage|p1a: Regieleki|84/100|[from] Spikes
|turn|10
|
|t:|1779904636
|switch|p2a: Great Tusk|Great Tusk|71/100
|move|p1a: Regieleki|Rapid Spin|p2a: Great Tusk
|-damage|p2a: Great Tusk|65/100
|-boost|p1a: Regieleki|spe|1
|-sideend|p1: Bigger Yeagle|Spikes|[from] move: Rapid Spin|[of] p1a: Regieleki
|
|upkeep
|turn|11
|
|t:|1779904639
|switch|p1a: Ogerpon|Ogerpon-Wellspring, F|100/100
|move|p2a: Great Tusk|Headlong Rush|p1a: Ogerpon
|-resisted|p1a: Ogerpon
|-damage|p1a: Ogerpon|66/100
|-unboost|p2a: Great Tusk|def|1
|-unboost|p2a: Great Tusk|spd|1
|
|upkeep
|turn|12
|
|t:|1779904642
|-end|p2a: Great Tusk|Protosynthesis|[silent]
|switch|p2a: Gholdengo|Gholdengo|90/100
|move|p1a: Ogerpon|Ivy Cudgel|p2a: Gholdengo|[anim] Ivy Cudgel Water
|-damage|p2a: Gholdengo|46/100
|
|upkeep
|turn|13
|
|t:|1779904646
|move|p1a: Ogerpon|Ivy Cudgel|p2a: Gholdengo|[anim] Ivy Cudgel Water
|-damage|p2a: Gholdengo|2/100
|move|p2a: Gholdengo|Shadow Ball|p1a: Ogerpon
|-damage|p1a: Ogerpon|13/100
|
|upkeep
|turn|14
|-enditem|p2a: Gholdengo|Custap Berry|[eat]
|-activate|p2a: Gholdengo|item: Custap Berry|[consumed]
|
|t:|1779904649
|move|p2a: Gholdengo|Shadow Ball|p1a: Ogerpon
|-damage|p1a: Ogerpon|0 fnt
|faint|p1a: Ogerpon
|
|upkeep
|
|t:|1779904655
|switch|p1a: Iron Crown|Iron Crown|100/100
|turn|15
|
|t:|1779904657
|move|p1a: Iron Crown|Tachyon Cutter|p2a: Gholdengo
|-resisted|p2a: Gholdengo
|-damage|p2a: Gholdengo|0 fnt
|faint|p2a: Gholdengo
|-hitcount|p2: Gholdengo|1
|
|upkeep
|
|t:|1779904659
|switch|p2a: Dragonite|Dragonite, M|100/100
|turn|16
|
|t:|1779904662
|move|p1a: Iron Crown|Volt Switch|p2a: Dragonite
|-crit|p2a: Dragonite
|-damage|p2a: Dragonite|83/100
|
|t:|1779904665
|-end|p1a: Iron Crown|Quark Drive|[silent]
|switch|p1a: Ting-Lu|Ting-Lu|100/100|[from] Volt Switch
|-ability|p1a: Ting-Lu|Vessel of Ruin
|move|p2a: Dragonite|Dragon Dance|p2a: Dragonite
|-boost|p2a: Dragonite|atk|1
|-boost|p2a: Dragonite|spe|1
|
|upkeep
|turn|17
|
|t:|1779904667
|move|p2a: Dragonite|Outrage|p1a: Ting-Lu
|-damage|p1a: Ting-Lu|42/100
|-damage|p2a: Dragonite|74/100|[from] item: Life Orb
|move|p1a: Ting-Lu|Ruination|p2a: Dragonite
|-damage|p2a: Dragonite|37/100
|
|-heal|p1a: Ting-Lu|48/100|[from] item: Leftovers
|upkeep
|turn|18
|
|t:|1779904671
|move|p2a: Dragonite|Outrage|p1a: Ting-Lu|[from] lockedmove
|-damage|p1a: Ting-Lu|0 fnt
|faint|p1a: Ting-Lu
|-damage|p2a: Dragonite|27/100|[from] item: Life Orb
|
|upkeep
|
|t:|1779904673
|switch|p1a: Regieleki|Regieleki|84/100
|turn|19
|
|t:|1779904675
|move|p1a: Regieleki|Thunderbolt|p2a: Dragonite
|-damage|p2a: Dragonite|0 fnt
|faint|p2a: Dragonite
|
|upkeep
|
|t:|1779904676
|switch|p2a: Iron Valiant|Iron Valiant|100/100
|-enditem|p2a: Iron Valiant|Booster Energy
|-activate|p2a: Iron Valiant|ability: Quark Drive|[fromitem]
|-start|p2a: Iron Valiant|quarkdrivespe
|turn|20
|
|t:|1779904680
|move|p1a: Regieleki|Thunderbolt|p2a: Iron Valiant
|-damage|p2a: Iron Valiant|0 fnt
|faint|p2a: Iron Valiant
|-end|p2a: Iron Valiant|Quark Drive|[silent]
|
|upkeep
|
|t:|1779904683
|switch|p2a: Great Tusk|Great Tusk|65/100
|turn|21
|
|t:|1779904688
|switch|p1a: Iron Crown|Iron Crown|100/100
|move|p2a: Great Tusk|Rapid Spin|p1a: Iron Crown
|-resisted|p1a: Iron Crown
|-damage|p1a: Iron Crown|92/100
|-boost|p2a: Great Tusk|spe|1
|
|upkeep
|turn|22
|
|t:|1779904691
|-terastallize|p1a: Iron Crown|Fighting
|move|p2a: Great Tusk|Headlong Rush|p1a: Iron Crown
|-damage|p1a: Iron Crown|35/100
|-unboost|p2a: Great Tusk|def|1
|-unboost|p2a: Great Tusk|spd|1
|move|p1a: Iron Crown|Psychic Noise|p2a: Great Tusk
|-supereffective|p2a: Great Tusk
|-damage|p2a: Great Tusk|0 fnt
|faint|p2a: Great Tusk
|-end|p2a: Great Tusk|Protosynthesis|[silent]
|
|upkeep
|
|t:|1779904694
|switch|p2a: Zamazenta|Zamazenta|64/100
|turn|23
|
|t:|1779904698
|move|p2a: Zamazenta|Heavy Slam|p1a: Iron Crown
|-damage|p1a: Iron Crown|16/100
|-damage|p2a: Zamazenta|54/100|[from] item: Life Orb
|move|p1a: Iron Crown|Psychic Noise|p2a: Zamazenta
|-supereffective|p2a: Zamazenta
|-damage|p2a: Zamazenta|0 fnt
|faint|p2a: Zamazenta
|
|win|Bigger Yeagle
|raw|Bigger Yeagle's rating: 1515 &rarr; <strong>1538</strong><br />(+23 for winning)
|raw|itztrip's rating: 1576 &rarr; <strong>1553</strong><br />(-23 for losing)
|l|☆itztrip
|player|p2|
|l|☆Bigger Yeagle
|player|p1|
