|j|☆lord shiddenfards
|j|☆amasawaichikamommy
|t:|1779958032
|gametype|singles
|player|p1|lord shiddenfards|blaine|1663
|player|p2|amasawaichikamommy|winona|1673
|gen|9
|tier|[Gen 9] OU
|rated|
|rule|HP Percentage Mod: HP is shown in percentages
|rule|Endless Battle Clause: Forcing endless battles is banned
|rule|Species Clause: Limit one of each Pokémon
|rule|OHKO Clause: OHKO moves are banned
|rule|Evasion Items Clause: Evasion items are banned
|rule|Evasion Moves Clause: Evasion moves are banned
|rule|Evasion Abilities Clause: Evasion abilities are banned
|rule|Sleep Moves Clause: Sleep-inducing moves are banned
|clearpoke
|poke|p1|Ninetales, F|
|poke|p1|Great Tusk|
|poke|p1|Slither Wing|
|poke|p1|Raging Bolt|
|poke|p1|Iron Moth|
|poke|p1|Alomomola, F|
|poke|p2|Gliscor, M|
|poke|p2|Iron Moth|
|poke|p2|Hatterene, F|
|poke|p2|Ogerpon-Wellspring, F|
|poke|p2|Raging Bolt|
|poke|p2|Zamazenta-*|
|teampreview
|inactive|Battle timer is ON: inactive players will automatically lose when time's up. (requested by lord shiddenfards)
|
|t:|1779958060
|teamsize|p1|6
|teamsize|p2|6
|start
|switch|p1a: Ninetales|Ninetales, F|100/100
|switch|p2a: Zamazenta|Zamazenta|100/100
|-ability|p2a: Zamazenta|Dauntless Shield|boost
|-boost|p2a: Zamazenta|def|1
|-weather|SunnyDay|[from] ability: Drought|[of] p1a: Ninetales
|turn|1
|
|t:|1779958065
|move|p2a: Zamazenta|Light Screen|p2a: Zamazenta
|-sidestart|p2: amasawaichikamommy|move: Light Screen
|move|p1a: Ninetales|Overheat|p2a: Zamazenta
|-damage|p2a: Zamazenta|57/100
|-unboost|p1a: Ninetales|spa|2
|
|-weather|SunnyDay|[upkeep]
|upkeep
|turn|2
|
|t:|1779958071
|switch|p1a: Raging Bolt|Raging Bolt|100/100
|-activate|p1a: Raging Bolt|ability: Protosynthesis
|-start|p1a: Raging Bolt|protosynthesisspa
|move|p2a: Zamazenta|Close Combat|p1a: Raging Bolt
|-damage|p1a: Raging Bolt|59/100
|-unboost|p2a: Zamazenta|def|1
|-unboost|p2a: Zamazenta|spd|1
|
|-weather|SunnyDay|[upkeep]
|upkeep
|turn|3
|
|t:|1779958084
|switch|p2a: Gliscor|Gliscor, M|100/100
|move|p1a: Raging Bolt|Weather Ball|p2a: Gliscor
|-damage|p2a: Gliscor|52/100
|
|-weather|SunnyDay|[upkeep]
|-status|p2a: Gliscor|tox|[from] item: Toxic Orb
|upkeep
|turn|4
|
|t:|1779958097
|-end|p1a: Raging Bolt|Protosynthesis|[silent]
|switch|p1a: Great Tusk|Great Tusk|100/100
|-activate|p1a: Great Tusk|ability: Protosynthesis
|-start|p1a: Great Tusk|protosynthesisspe
|move|p2a: Gliscor|Earthquake|p1a: Great Tusk
|-damage|p1a: Great Tusk|73/100
|
|-weather|SunnyDay|[upkeep]
|-heal|p2a: Gliscor|64/100 tox|[from] ability: Poison Heal
|upkeep
|turn|5
|
|t:|1779958114
|switch|p2a: Zamazenta|Zamazenta|57/100
|move|p1a: Great Tusk|Ice Spinner|p2a: Zamazenta
|-damage|p2a: Zamazenta|40/100
|
|-weather|none
|-end|p1a: Great Tusk|Protosynthesis
|upkeep
|turn|6
|
|t:|1779958124
|switch|p2a: Hatterene|Hatterene, F|100/100
|-end|p1a: Great Tusk|Protosynthesis|[silent]
|switch|p1a: Ninetales|Ninetales, F|100/100
|-weather|SunnyDay|[from] ability: Drought|[of] p1a: Ninetales
|
|-weather|SunnyDay|[upkeep]
|upkeep
|turn|7
|
|t:|1779958133
|move|p1a: Ninetales|Overheat|p2a: Hatterene
|-damage|p2a: Hatterene|47/100
|-unboost|p1a: Ninetales|spa|2
|move|p2a: Hatterene|Calm Mind|p2a: Hatterene
|-boost|p2a: Hatterene|spa|1
|-boost|p2a: Hatterene|spd|1
|
|-weather|SunnyDay|[upkeep]
|-heal|p2a: Hatterene|53/100|[from] item: Leftovers
|upkeep
|turn|8
|
|t:|1779958146
|switch|p1a: Alomomola|Alomomola, F|100/100
|move|p2a: Hatterene|Mystical Fire|p1a: Alomomola
|-resisted|p1a: Alomomola
|-damage|p1a: Alomomola|81/100
|-unboost|p1a: Alomomola|spa|1
|-enditem|p1a: Alomomola|Eject Button
|
|t:|1779958149
|switch|p1a: Slither Wing|Slither Wing|100/100
|-activate|p1a: Slither Wing|ability: Protosynthesis
|-start|p1a: Slither Wing|protosynthesisatk
|
|-weather|SunnyDay|[upkeep]
|-heal|p2a: Hatterene|59/100|[from] item: Leftovers
|-sideend|p2: amasawaichikamommy|move: Light Screen
|upkeep
|turn|9
|
|t:|1779958161
|switch|p2a: Zamazenta|Zamazenta|40/100
|move|p1a: Slither Wing|U-turn|p2a: Zamazenta
|-resisted|p2a: Zamazenta
|-damage|p2a: Zamazenta|10/100
|
|t:|1779958176
|-end|p1a: Slither Wing|Protosynthesis|[silent]
|switch|p1a: Great Tusk|Great Tusk|73/100|[from] U-turn
|-activate|p1a: Great Tusk|ability: Protosynthesis
|-start|p1a: Great Tusk|protosynthesisspe
|
|-weather|SunnyDay|[upkeep]
|upkeep
|turn|10
|
|t:|1779958185
|switch|p2a: Hatterene|Hatterene, F|59/100
|move|p1a: Great Tusk|Ice Spinner|p2a: Hatterene
|-damage|p2a: Hatterene|38/100
|
|-weather|none
|-end|p1a: Great Tusk|Protosynthesis
|-heal|p2a: Hatterene|44/100|[from] item: Leftovers
|upkeep
|turn|11
|
|t:|1779958195
|-end|p1a: Great Tusk|Protosynthesis|[silent]
|switch|p1a: Ninetales|Ninetales, F|100/100
|-weather|SunnyDay|[from] ability: Drought|[of] p1a: Ninetales
|switch|p2a: Zamazenta|Zamazenta|10/100
|
|-weather|SunnyDay|[upkeep]
|upkeep
|turn|12
|
|t:|1779958199
|move|p2a: Zamazenta|Light Screen|p2a: Zamazenta
|-sidestart|p2: amasawaichikamommy|move: Light Screen
|move|p1a: Ninetales|Weather Ball|p2a: Zamazenta
|-damage|p2a: Zamazenta|0 fnt
|faint|p2a: Zamazenta
|
|-weather|SunnyDay|[upkeep]
|upkeep
|
|t:|1779958220
|switch|p2a: Iron Moth|Iron Moth|100/100
|-enditem|p2a: Iron Moth|Booster Energy
|-activate|p2a: Iron Moth|ability: Quark Drive|[fromitem]
|-start|p2a: Iron Moth|quarkdrivespe
|turn|13
|
|t:|1779958228
|switch|p1a: Alomomola|Alomomola, F|100/100
|move|p2a: Iron Moth|Fiery Dance|p1a: Alomomola
|-resisted|p1a: Alomomola
|-damage|p1a: Alomomola|75/100
|
|-weather|SunnyDay|[upkeep]
|upkeep
|turn|14
|
|t:|1779958234
|move|p2a: Iron Moth|Fiery Dance|p1a: Alomomola
|-resisted|p1a: Alomomola
|-damage|p1a: Alomomola|49/100
|move|p1a: Alomomola|Flip Turn|p2a: Iron Moth
|-supereffective|p2a: Iron Moth
|-damage|p2a: Iron Moth|75/100
|
|t:|1779958250
|switch|p1a: Raging Bolt|Raging Bolt|59/100|[from] Flip Turn
|-activate|p1a: Raging Bolt|ability: Protosynthesis
|-start|p1a: Raging Bolt|protosynthesisspa
|
|-weather|SunnyDay|[upkeep]
|upkeep
|turn|15
|
|t:|1779958262
|move|p2a: Iron Moth|Fiery Dance|p1a: Raging Bolt
|-resisted|p1a: Raging Bolt
|-damage|p1a: Raging Bolt|42/100
|move|p1a: Raging Bolt|Volt Switch|p2a: Iron Moth
|-damage|p2a: Iron Moth|49/100
|c|☆amasawaichikamommy|3 fiery dances ._.
|
|t:|1779958274
|-end|p1a: Raging Bolt|Protosynthesis|[silent]
|switch|p1a: Alomomola|Alomomola, F|82/100|[from] Volt Switch
|
|-weather|none
|upkeep
|turn|16
|
|t:|1779958288
|move|p2a: Iron Moth|Sludge Wave|p1a: Alomomola
|-damage|p1a: Alomomola|45/100
|move|p1a: Alomomola|Flip Turn|p2a: Iron Moth
|-supereffective|p2a: Iron Moth
|-damage|p2a: Iron Moth|1/100
|
|t:|1779958312
|switch|p1a: Ninetales|Ninetales, F|100/100|[from] Flip Turn
|-weather|SunnyDay|[from] ability: Drought|[of] p1a: Ninetales
|
|-weather|SunnyDay|[upkeep]
|upkeep
|turn|17
|
|t:|1779958324
|move|p2a: Iron Moth|Sludge Wave|p1a: Ninetales
|-damage|p1a: Ninetales|43/100
|move|p1a: Ninetales|Weather Ball|p2a: Iron Moth
|-resisted|p2a: Iron Moth
|-damage|p2a: Iron Moth|0 fnt
|faint|p2a: Iron Moth
|-end|p2a: Iron Moth|Quark Drive|[silent]
|
|-weather|SunnyDay|[upkeep]
|upkeep
|inactive|amasawaichikamommy has 120 seconds left.
|
|t:|1779958374
|switch|p2a: Gliscor|Gliscor, M|64/100 tox
|turn|18
|
|t:|1779958385
|switch|p1a: Great Tusk|Great Tusk|73/100
|-activate|p1a: Great Tusk|ability: Protosynthesis
|-start|p1a: Great Tusk|protosynthesisspe
|move|p2a: Gliscor|Agility|p2a: Gliscor
|-boost|p2a: Gliscor|spe|2
|
|-weather|SunnyDay|[upkeep]
|-heal|p2a: Gliscor|76/100 tox|[from] ability: Poison Heal
|upkeep
|turn|19
|
|t:|1779958403
|-terastallize|p2a: Gliscor|Normal
|move|p2a: Gliscor|Swords Dance|p2a: Gliscor
|-boost|p2a: Gliscor|atk|2
|move|p1a: Great Tusk|Ice Spinner|p2a: Gliscor
|-damage|p2a: Gliscor|55/100 tox
|
|-weather|SunnyDay|[upkeep]
|-heal|p2a: Gliscor|68/100 tox|[from] ability: Poison Heal
|-sideend|p2: amasawaichikamommy|move: Light Screen
|upkeep
|turn|20
|
|t:|1779958415
|-terastallize|p1a: Great Tusk|Ghost
|move|p2a: Gliscor|Facade|p1a: Great Tusk
|-immune|p1a: Great Tusk
|move|p1a: Great Tusk|Headlong Rush|p2a: Gliscor
|-damage|p2a: Gliscor|21/100 tox
|-unboost|p1a: Great Tusk|def|1
|-unboost|p1a: Great Tusk|spd|1
|
|-weather|none
|-end|p1a: Great Tusk|Protosynthesis
|-heal|p2a: Gliscor|34/100 tox|[from] ability: Poison Heal
|upkeep
|turn|21
|
|t:|1779958429
|-end|p1a: Great Tusk|Protosynthesis|[silent]
|switch|p1a: Ninetales|Ninetales, F|43/100
|-weather|SunnyDay|[from] ability: Drought|[of] p1a: Ninetales
|move|p2a: Gliscor|Earthquake|p1a: Ninetales
|-supereffective|p1a: Ninetales
|-damage|p1a: Ninetales|0 fnt
|faint|p1a: Ninetales
|
|-weather|SunnyDay|[upkeep]
|-heal|p2a: Gliscor|46/100 tox|[from] ability: Poison Heal
|upkeep
|
|t:|1779958436
|switch|p1a: Slither Wing|Slither Wing|100/100
|-activate|p1a: Slither Wing|ability: Protosynthesis
|-start|p1a: Slither Wing|protosynthesisatk
|turn|22
|
|t:|1779958461
|switch|p2a: Hatterene|Hatterene, F|44/100
|move|p1a: Slither Wing|First Impression|p2a: Hatterene
|-damage|p2a: Hatterene|0 fnt
|faint|p2a: Hatterene
|
|-weather|SunnyDay|[upkeep]
|upkeep
|inactive|amasawaichikamommy has 90 seconds left.
|j| chubai
|
|t:|1779958488
|switch|p2a: Ogerpon|Ogerpon-Wellspring, F|100/100
|turn|23
|
|t:|1779958496
|-end|p1a: Slither Wing|Protosynthesis|[silent]
|switch|p1a: Raging Bolt|Raging Bolt|42/100
|-activate|p1a: Raging Bolt|ability: Protosynthesis
|-start|p1a: Raging Bolt|protosynthesisspa
|move|p2a: Ogerpon|Encore||[still]
|-fail|p2a: Ogerpon
|
|-weather|SunnyDay|[upkeep]
|upkeep
|turn|24
|inactive|amasawaichikamommy has 90 seconds left.
|
|t:|1779958521
|move|p2a: Ogerpon|Ivy Cudgel|p1a: Raging Bolt|[anim] Ivy Cudgel Water
|-resisted|p1a: Raging Bolt
|-damage|p1a: Raging Bolt|29/100
|move|p1a: Raging Bolt|Volt Switch|p2a: Ogerpon
|-damage|p2a: Ogerpon|33/100
|
|t:|1779958543
|-end|p1a: Raging Bolt|Protosynthesis|[silent]
|switch|p1a: Slither Wing|Slither Wing|100/100|[from] Volt Switch
|-activate|p1a: Slither Wing|ability: Protosynthesis
|-start|p1a: Slither Wing|protosynthesisatk
|
|-weather|SunnyDay|[upkeep]
|upkeep
|turn|25
|
|t:|1779958550
|move|p1a: Slither Wing|First Impression|p2a: Ogerpon
|-supereffective|p2a: Ogerpon
|-damage|p2a: Ogerpon|0 fnt
|faint|p2a: Ogerpon
|
|-weather|none
|-end|p1a: Slither Wing|Protosynthesis
|upkeep
|
|t:|1779958560
|switch|p2a: Gliscor|Gliscor, M, tera:Normal|46/100 tox
|turn|26
|
|t:|1779958575
|-end|p1a: Slither Wing|Protosynthesis|[silent]
|switch|p1a: Great Tusk|Great Tusk, tera:Ghost|73/100
|move|p2a: Gliscor|Agility|p2a: Gliscor
|-boost|p2a: Gliscor|spe|2
|
|-heal|p2a: Gliscor|58/100 tox|[from] ability: Poison Heal
|upkeep
|turn|27
|
|t:|1779958591
|move|p2a: Gliscor|Swords Dance|p2a: Gliscor
|-boost|p2a: Gliscor|atk|2
|move|p1a: Great Tusk|Bulk Up|p1a: Great Tusk
|-boost|p1a: Great Tusk|atk|1
|-boost|p1a: Great Tusk|def|1
|
|-heal|p2a: Gliscor|71/100 tox|[from] ability: Poison Heal
|upkeep
|turn|28
|
|t:|1779958597
|move|p2a: Gliscor|Earthquake|p1a: Great Tusk
|-crit|p1a: Great Tusk
|-damage|p1a: Great Tusk|0 fnt
|faint|p1a: Great Tusk
|-end|p1a: Great Tusk|Protosynthesis|[silent]
|
|-heal|p2a: Gliscor|83/100 tox|[from] ability: Poison Heal
|upkeep
|
|t:|1779958619
|switch|p1a: Raging Bolt|Raging Bolt|29/100
|turn|29
|inactive|amasawaichikamommy has 90 seconds left.
|inactive|amasawaichikamommy has 60 seconds left.
|
|t:|1779958659
|move|p2a: Gliscor|Earthquake|p1a: Raging Bolt
|-supereffective|p1a: Raging Bolt
|-damage|p1a: Raging Bolt|0 fnt
|faint|p1a: Raging Bolt
|-end|p1a: Raging Bolt|Protosynthesis|[silent]
|
|-heal|p2a: Gliscor|95/100 tox|[from] ability: Poison Heal
|upkeep
|
|t:|1779958667
|switch|p1a: Iron Moth|Iron Moth|100/100
|-enditem|p1a: Iron Moth|Booster Energy
|-activate|p1a: Iron Moth|ability: Quark Drive|[fromitem]
|-start|p1a: Iron Moth|quarkdrivespe
|turn|30
|
|t:|1779958674
|move|p1a: Iron Moth|Fiery Dance|p2a: Gliscor
|-damage|p2a: Gliscor|42/100 tox
|-boost|p1a: Iron Moth|spa|1
|move|p2a: Gliscor|Earthquake|p1a: Iron Moth
|-supereffective|p1a: Iron Moth
|-damage|p1a: Iron Moth|0 fnt
|faint|p1a: Iron Moth
|-end|p1a: Iron Moth|Quark Drive|[silent]
|
|-heal|p2a: Gliscor|54/100 tox|[from] ability: Poison Heal
|upkeep
|
|t:|1779958679
|switch|p1a: Slither Wing|Slither Wing|100/100
|turn|31
|
|t:|1779958687
|move|p1a: Slither Wing|First Impression|p2a: Gliscor
|-damage|p2a: Gliscor|0 fnt
|faint|p2a: Gliscor
|
|upkeep
|
|t:|1779958692
|switch|p2a: Raging Bolt|Raging Bolt|100/100
|-enditem|p2a: Raging Bolt|Booster Energy
|-activate|p2a: Raging Bolt|ability: Protosynthesis|[fromitem]
|-start|p2a: Raging Bolt|protosynthesisspa
|turn|32
|
|t:|1779958718
|-end|p1a: Slither Wing|Protosynthesis|[silent]
|switch|p1a: Alomomola|Alomomola, F|78/100
|move|p2a: Raging Bolt|Calm Mind|p2a: Raging Bolt
|-boost|p2a: Raging Bolt|spa|1
|-boost|p2a: Raging Bolt|spd|1
|
|upkeep
|turn|33
|
|t:|1779958727
|move|p2a: Raging Bolt|Thunderbolt|p1a: Alomomola
|-supereffective|p1a: Alomomola
|-damage|p1a: Alomomola|0 fnt
|faint|p1a: Alomomola
|
|upkeep
|
|t:|1779958730
|switch|p1a: Slither Wing|Slither Wing|100/100
|turn|34
|
|t:|1779958741
|move|p1a: Slither Wing|Earthquake|p2a: Raging Bolt
|-supereffective|p2a: Raging Bolt
|-damage|p2a: Raging Bolt|0 fnt
|faint|p2a: Raging Bolt
|-end|p2a: Raging Bolt|Protosynthesis|[silent]
|
|win|lord shiddenfards
|raw|lord shiddenfards's rating: 1663 &rarr; <strong>1684</strong><br />(+21 for winning)
|raw|amasawaichikamommy's rating: 1673 &rarr; <strong>1652</strong><br />(-21 for losing)
|l| chubai
|l|☆amasawaichikamommy
|player|p2|
|l|☆lord shiddenfards
|player|p1|
