|j|☆dnites
|j|☆JohnnyAmbipom
|t:|1779818332
|gametype|singles
|player|p1|dnites|170|1448
|player|p2|JohnnyAmbipom|rood|1404
|gen|9
|tier|[Gen 9] OU
|rated|
|rule|HP Percentage Mod: HP is shown in percentages
|rule|Endless Battle Clause: Forcing endless battles is banned
|rule|Species Clause: Limit one of each Pokémon
|rule|OHKO Clause: OHKO moves are banned
|rule|Evasion Items Clause: Evasion items are banned
|rule|Evasion Moves Clause: Evasion moves are banned
|rule|Evasion Abilities Clause: Evasion abilities are banned
|rule|Sleep Moves Clause: Sleep-inducing moves are banned
|clearpoke
|poke|p1|Pincurchin, F|
|poke|p1|Hawlucha, F|
|poke|p1|Iron Valiant|
|poke|p1|Latias, F|
|poke|p1|Raichu-Alola, F|
|poke|p1|Iron Moth|
|poke|p2|Smeargle, M|
|poke|p2|Gholdengo|
|poke|p2|Tornadus-Therian, M|
|poke|p2|Darkrai|
|poke|p2|Okidogi, M|
|poke|p2|Scyther, F|
|teampreview
|inactive|Battle timer is ON: inactive players will automatically lose when time's up. (requested by dnites)
|
|t:|1779818357
|teamsize|p1|6
|teamsize|p2|6
|start
|switch|p1a: Pincurchin|Pincurchin, F|100/100
|switch|p2a: Smeargle|Smeargle, M|100/100
|-fieldstart|move: Electric Terrain|[from] ability: Electric Surge|[of] p1a: Pincurchin
|turn|1
|
|t:|1779818361
|move|p2a: Smeargle|Jaw Lock|p1a: Pincurchin
|-damage|p1a: Pincurchin|89/100
|-activate|p2a: Smeargle|trapped
|-activate|p1a: Pincurchin|trapped
|move|p1a: Pincurchin|Discharge|p2a: Smeargle
|-damage|p2a: Smeargle|12/100
|-status|p2a: Smeargle|par
|
|upkeep
|turn|2
|
|t:|1779818370
|move|p2a: Smeargle|Encore|p1a: Pincurchin
|-start|p1a: Pincurchin|Encore
|move|p1a: Pincurchin|Discharge|p2a: Smeargle
|-damage|p2a: Smeargle|0 fnt
|faint|p2a: Smeargle
|
|upkeep
|
|t:|1779818375
|switch|p2a: Okidogi|Okidogi, M|100/100
|turn|3
|
|t:|1779818380
|switch|p1a: Iron Moth|Iron Moth|100/100
|-activate|p1a: Iron Moth|ability: Quark Drive
|-start|p1a: Iron Moth|quarkdrivespa
|-terastallize|p2a: Okidogi|Ground
|move|p2a: Okidogi|Bulk Up|p2a: Okidogi
|-boost|p2a: Okidogi|atk|1
|-boost|p2a: Okidogi|def|1
|
|upkeep
|turn|4
|
|t:|1779818387
|move|p1a: Iron Moth|Fiery Dance|p2a: Okidogi
|-damage|p2a: Okidogi|45/100
|-boost|p1a: Iron Moth|spa|1
|move|p2a: Okidogi|High Horsepower|p1a: Iron Moth
|-supereffective|p1a: Iron Moth
|-damage|p1a: Iron Moth|0 fnt
|faint|p1a: Iron Moth
|-end|p1a: Iron Moth|Quark Drive|[silent]
|
|upkeep
|
|t:|1779818395
|switch|p1a: Iron Valiant|Iron Valiant|100/100
|-activate|p1a: Iron Valiant|ability: Quark Drive
|-start|p1a: Iron Valiant|quarkdriveatk
|turn|5
|
|t:|1779818400
|move|p1a: Iron Valiant|Spirit Break|p2a: Okidogi
|-damage|p2a: Okidogi|8/100
|-unboost|p2a: Okidogi|spa|1
|move|p2a: Okidogi|Gunk Shot|p1a: Iron Valiant
|-supereffective|p1a: Iron Valiant
|-damage|p1a: Iron Valiant|0 fnt
|faint|p1a: Iron Valiant
|-end|p1a: Iron Valiant|Quark Drive|[silent]
|
|upkeep
|
|t:|1779818410
|switch|p1a: Raichu|Raichu-Alola, F|100/100
|turn|6
|
|t:|1779818420
|move|p1a: Raichu|Surf|p2a: Okidogi
|-supereffective|p2a: Okidogi
|-damage|p2a: Okidogi|0 fnt
|faint|p2a: Okidogi
|
|upkeep
|
|t:|1779818427
|switch|p2a: Darkrai|Darkrai|100/100
|turn|7
|
|t:|1779818432
|move|p2a: Darkrai|Sucker Punch|p1a: Raichu
|-supereffective|p1a: Raichu
|-damage|p1a: Raichu|0 fnt
|faint|p1a: Raichu
|
|upkeep
|
|t:|1779818436
|switch|p1a: Hawlucha|Hawlucha, F|100/100
|-enditem|p1a: Hawlucha|Electric Seed
|-boost|p1a: Hawlucha|def|1|[from] item: Electric Seed
|turn|8
|
|t:|1779818440
|switch|p2a: Tornadus|Tornadus-Therian, M|100/100
|move|p1a: Hawlucha|Swords Dance|p1a: Hawlucha
|-boost|p1a: Hawlucha|atk|2
|
|-fieldend|move: Electric Terrain
|upkeep
|turn|9
|
|t:|1779818445
|move|p1a: Hawlucha|Acrobatics|p2a: Tornadus
|-damage|p2a: Tornadus|0 fnt
|faint|p2a: Tornadus
|
|upkeep
|
|t:|1779818469
|switch|p2a: Scyther|Scyther, F|100/100
|turn|10
|
|t:|1779818476
|move|p2a: Scyther|Quick Attack|p1a: Hawlucha
|-damage|p1a: Hawlucha|84/100
|move|p1a: Hawlucha|Acrobatics|p2a: Scyther
|-supereffective|p2a: Scyther
|-damage|p2a: Scyther|0 fnt
|faint|p2a: Scyther
|
|upkeep
|
|t:|1779818479
|switch|p2a: Gholdengo|Gholdengo|100/100
|turn|11
|
|t:|1779818484
|move|p1a: Hawlucha|Acrobatics|p2a: Gholdengo
|-resisted|p2a: Gholdengo
|-damage|p2a: Gholdengo|46/100
|move|p2a: Gholdengo|Psyshock|p1a: Hawlucha
|-supereffective|p1a: Hawlucha
|-damage|p1a: Hawlucha|37/100
|
|upkeep
|turn|12
|
|t:|1779818490
|move|p1a: Hawlucha|Acrobatics|p2a: Gholdengo
|-resisted|p2a: Gholdengo
|-damage|p2a: Gholdengo|0 fnt
|faint|p2a: Gholdengo
|
|upkeep
|
|t:|1779818492
|switch|p2a: Darkrai|Darkrai|100/100
|turn|13
|
|t:|1779818494
|move|p2a: Darkrai|Sucker Punch|p1a: Hawlucha
|-resisted|p1a: Hawlucha
|-damage|p1a: Hawlucha|18/100
|move|p1a: Hawlucha|Drain Punch|p2a: Darkrai
|-supereffective|p2a: Darkrai
|-damage|p2a: Darkrai|0 fnt
|-heal|p1a: Hawlucha|58/100|[from] drain|[of] p2a: Darkrai
|faint|p2a: Darkrai
|
|win|dnites
|raw|dnites's rating: 1448 &rarr; <strong>1465</strong><br />(+17 for winning)
|raw|JohnnyAmbipom's rating: 1404 &rarr; <strong>1387</strong><br />(-17 for losing)
|l|☆JohnnyAmbipom
|player|p2|
|l|☆dnites
|player|p1|
