|j|☆typhoon9
|j|☆ballred
|t:|1779852065
|gametype|singles
|player|p1|typhoon9|swimmerf-gen4dp|1484
|player|p2|ballred|hoopster|1517
|gen|9
|tier|[Gen 9] OU
|rated|
|rule|HP Percentage Mod: HP is shown in percentages
|rule|Endless Battle Clause: Forcing endless battles is banned
|rule|Species Clause: Limit one of each Pokémon
|rule|OHKO Clause: OHKO moves are banned
|rule|Evasion Items Clause: Evasion items are banned
|rule|Evasion Moves Clause: Evasion moves are banned
|rule|Evasion Abilities Clause: Evasion abilities are banned
|rule|Sleep Moves Clause: Sleep-inducing moves are banned
|clearpoke
|poke|p1|Blaziken, M|
|poke|p1|Ninetales, F|
|poke|p1|Venusaur, F|
|poke|p1|Hatterene, F|
|poke|p1|Great Tusk|
|poke|p1|Walking Wake|
|poke|p2|Metagross|
|poke|p2|Cinderace, M|
|poke|p2|Hydrapple, M|
|poke|p2|Landorus-Therian, M|
|poke|p2|Raging Bolt|
|poke|p2|Alomomola, M|
|teampreview
|j| malrosie
|inactive|Battle timer is ON: inactive players will automatically lose when time's up. (requested by typhoon9)
|inactive|ballred has 120 seconds left.
|inactive|ballred has 90 seconds left.
|
|t:|1779852137
|teamsize|p1|6
|teamsize|p2|6
|start
|switch|p1a: Ninetales|Ninetales, F|100/100
|switch|p2a: Chucharito|Cinderace, M, shiny|100/100
|-weather|SunnyDay|[from] ability: Drought|[of] p1a: Ninetales
|turn|1
|
|t:|1779852143
|switch|p1a: Hatterene|Hatterene, F|100/100
|move|p2a: Chucharito|Pyro Ball|p1a: Hatterene
|-damage|p1a: Hatterene|26/100
|-enditem|p1a: Hatterene|Eject Button
|
|t:|1779852146
|switch|p1a: Blaziken|Blaziken, M|100/100
|
|-weather|SunnyDay|[upkeep]
|upkeep
|turn|2
|
|t:|1779852149
|move|p2a: Chucharito|Pyro Ball|p1a: Blaziken
|-resisted|p1a: Blaziken
|-damage|p1a: Blaziken|27/100
|move|p1a: Blaziken|Focus Energy|p1a: Blaziken
|-start|p1a: Blaziken|move: Focus Energy
|
|-weather|SunnyDay|[upkeep]
|-ability|p1a: Blaziken|Speed Boost|boost
|-boost|p1a: Blaziken|spe|1
|upkeep
|turn|3
|
|t:|1779852159
|switch|p2a: Bubba|Alomomola, M|100/100
|move|p1a: Blaziken|Overheat|p2a: Bubba
|-resisted|p2a: Bubba
|-crit|p2a: Bubba
|-damage|p2a: Bubba|15/100
|-unboost|p1a: Blaziken|spa|2
|
|-weather|SunnyDay|[upkeep]
|-ability|p1a: Blaziken|Speed Boost|boost
|-boost|p1a: Blaziken|spe|1
|upkeep
|turn|4
|
|t:|1779852163
|move|p1a: Blaziken|Overheat|p2a: Bubba
|-resisted|p2a: Bubba
|-crit|p2a: Bubba
|-damage|p2a: Bubba|0 fnt
|-unboost|p1a: Blaziken|spa|2
|faint|p2a: Bubba
|
|-weather|SunnyDay|[upkeep]
|-ability|p1a: Blaziken|Speed Boost|boost
|-boost|p1a: Blaziken|spe|1
|upkeep
|
|t:|1779852168
|switch|p2a: Applecrisp|Hydrapple, M|100/100
|turn|5
|
|t:|1779852173
|-terastallize|p1a: Blaziken|Fire
|move|p1a: Blaziken|Overheat|p2a: Applecrisp
|-crit|p2a: Applecrisp
|-damage|p2a: Applecrisp|0 fnt
|-unboost|p1a: Blaziken|spa|2
|faint|p2a: Applecrisp
|
|-weather|SunnyDay|[upkeep]
|-ability|p1a: Blaziken|Speed Boost|boost
|-boost|p1a: Blaziken|spe|1
|upkeep
|
|t:|1779852176
|switch|p2a: Chucharito|Cinderace, M, shiny|100/100
|turn|6
|
|t:|1779852184
|move|p1a: Blaziken|Upper Hand|p2a: Chucharito
|-crit|p2a: Chucharito
|-damage|p2a: Chucharito|40/100
|cant|p2a: Chucharito|flinch
|
|-weather|SunnyDay|[upkeep]
|-ability|p1a: Blaziken|Speed Boost|boost
|-boost|p1a: Blaziken|spe|1
|upkeep
|turn|7
|
|t:|1779852188
|move|p1a: Blaziken|Upper Hand|p2a: Chucharito
|-crit|p2a: Chucharito
|-damage|p2a: Chucharito|0 fnt
|faint|p2a: Chucharito
|
|-weather|SunnyDay|[upkeep]
|-ability|p1a: Blaziken|Speed Boost|boost
|-boost|p1a: Blaziken|spe|1
|upkeep
|
|t:|1779852195
|switch|p2a: Chernobyl|Raging Bolt|100/100
|-activate|p2a: Chernobyl|ability: Protosynthesis
|-start|p2a: Chernobyl|protosynthesisspa
|turn|8
|
|t:|1779852204
|move|p1a: Blaziken|Overheat|p2a: Chernobyl
|-resisted|p2a: Chernobyl
|-crit|p2a: Chernobyl
|-damage|p2a: Chernobyl|12/100
|move|p2a: Chernobyl|Draco Meteor|p1a: Blaziken
|-damage|p1a: Blaziken|0 fnt
|-unboost|p2a: Chernobyl|spa|2
|faint|p1a: Blaziken
|
|-weather|none
|-end|p2a: Chernobyl|Protosynthesis
|upkeep
|
|t:|1779852212
|switch|p1a: Great Tusk|Great Tusk|100/100
|turn|9
|
|t:|1779852214
|-end|p2a: Chernobyl|Protosynthesis|[silent]
|switch|p2a: Feisimo|Landorus-Therian, M|100/100
|-ability|p2a: Feisimo|Intimidate|boost
|-unboost|p1a: Great Tusk|atk|1
|move|p1a: Great Tusk|Rapid Spin|p2a: Feisimo
|-damage|p2a: Feisimo|86/100
|-boost|p1a: Great Tusk|spe|1
|
|-heal|p2a: Feisimo|92/100|[from] item: Leftovers
|upkeep
|turn|10
|
|t:|1779852219
|-end|p1a: Great Tusk|Protosynthesis|[silent]
|switch|p1a: Ninetales|Ninetales, F|100/100
|-weather|SunnyDay|[from] ability: Drought|[of] p1a: Ninetales
|move|p2a: Feisimo|Bulk Up|p2a: Feisimo
|-boost|p2a: Feisimo|atk|1
|-boost|p2a: Feisimo|def|1
|
|-weather|SunnyDay|[upkeep]
|-heal|p2a: Feisimo|98/100|[from] item: Leftovers
|upkeep
|turn|11
|
|t:|1779852222
|move|p1a: Ninetales|Encore|p2a: Feisimo
|-start|p2a: Feisimo|Encore
|move|p2a: Feisimo|Bulk Up|p2a: Feisimo
|-boost|p2a: Feisimo|atk|1
|-boost|p2a: Feisimo|def|1
|
|-weather|SunnyDay|[upkeep]
|-heal|p2a: Feisimo|100/100|[from] item: Leftovers
|upkeep
|turn|12
|
|t:|1779852225
|move|p1a: Ninetales|Will-O-Wisp|p2a: Feisimo
|-status|p2a: Feisimo|brn
|move|p2a: Feisimo|Bulk Up|p2a: Feisimo
|-boost|p2a: Feisimo|atk|1
|-boost|p2a: Feisimo|def|1
|
|-weather|SunnyDay|[upkeep]
|-damage|p2a: Feisimo|95/100 brn|[from] brn
|upkeep
|turn|13
|
|t:|1779852227
|move|p1a: Ninetales|Memento|p2a: Feisimo
|-unboost|p2a: Feisimo|atk|2
|-unboost|p2a: Feisimo|spa|2
|faint|p1a: Ninetales
|move|p2a: Feisimo|Bulk Up|p2a: Feisimo
|-boost|p2a: Feisimo|atk|1
|-boost|p2a: Feisimo|def|1
|
|-weather|SunnyDay|[upkeep]
|-heal|p2a: Feisimo|100/100 brn|[from] item: Leftovers
|-damage|p2a: Feisimo|95/100 brn|[from] brn
|-end|p2a: Feisimo|Encore
|upkeep
|
|t:|1779852229
|switch|p1a: Walking Wake|Walking Wake|100/100
|-activate|p1a: Walking Wake|ability: Protosynthesis
|-start|p1a: Walking Wake|protosynthesisspe
|turn|14
|
|t:|1779852231
|move|p1a: Walking Wake|Hydro Steam|p2a: Feisimo
|-supereffective|p2a: Feisimo
|-damage|p2a: Feisimo|0 fnt
|faint|p2a: Feisimo
|
|-weather|SunnyDay|[upkeep]
|upkeep
|-message|ballred forfeited.
|
|win|typhoon9
|raw|typhoon9's rating: 1484 &rarr; <strong>1506</strong><br />(+22 for winning)
|raw|ballred's rating: 1517 &rarr; <strong>1495</strong><br />(-22 for losing)
|l|☆ballred
|player|p2|
