|j|‽Etihadmf
|j|☆firered27
|t:|1779808770
|gametype|singles
|player|p1|Etihadmf|2|1160
|player|p2|firered27|170|1210
|gen|9
|tier|[Gen 9] OU
|rated|
|rule|HP Percentage Mod: HP is shown in percentages
|rule|Endless Battle Clause: Forcing endless battles is banned
|rule|Species Clause: Limit one of each Pokémon
|rule|OHKO Clause: OHKO moves are banned
|rule|Evasion Items Clause: Evasion items are banned
|rule|Evasion Moves Clause: Evasion moves are banned
|rule|Evasion Abilities Clause: Evasion abilities are banned
|rule|Sleep Moves Clause: Sleep-inducing moves are banned
|clearpoke
|poke|p1|Garganacl, F|
|poke|p1|Iron Moth|
|poke|p1|Gholdengo|
|poke|p1|Articuno|
|poke|p1|Volcanion|
|poke|p1|Great Tusk|
|poke|p2|Vivillon-Pokeball, M|
|poke|p2|Ogerpon-Wellspring, F|
|poke|p2|Ninetales-Alola, F|
|poke|p2|Dragonite, F|
|poke|p2|Great Tusk|
|poke|p2|Hatterene, F|
|teampreview
|inactive|Battle timer is ON: inactive players will automatically lose when time's up. (requested by Etihadmf)
|
|t:|1779808793
|teamsize|p1|6
|teamsize|p2|6
|start
|switch|p1a: Articuno|Articuno|100/100
|switch|p2a: Great Tusk|Great Tusk|100/100
|-ability|p1a: Articuno|Pressure
|-enditem|p2a: Great Tusk|Booster Energy
|-activate|p2a: Great Tusk|ability: Protosynthesis|[fromitem]
|-start|p2a: Great Tusk|protosynthesisspe
|turn|1
|
|t:|1779808803
|move|p2a: Great Tusk|Stealth Rock|p1a: Articuno
|-sidestart|p1: Etihadmf|move: Stealth Rock
|move|p1a: Articuno|Freeze-Dry|p2a: Great Tusk
|-supereffective|p2a: Great Tusk
|-crit|p2a: Great Tusk
|-damage|p2a: Great Tusk|9/100
|
|upkeep
|turn|2
|
|t:|1779808817
|-end|p2a: Great Tusk|Protosynthesis|[silent]
|switch|p2a: Ninetales|Ninetales-Alola, F|100/100
|-weather|Snowscape|[from] ability: Snow Warning|[of] p2a: Ninetales
|switch|p1a: Great Tusk|Great Tusk|100/100
|-damage|p1a: Great Tusk|98/100|[from] Stealth Rock
|
|-weather|Snowscape|[upkeep]
|upkeep
|turn|3
|
|t:|1779808823
|move|p2a: Ninetales|Aurora Veil|p2a: Ninetales
|-sidestart|p2: firered27|move: Aurora Veil
|move|p1a: Great Tusk|Rapid Spin|p2a: Ninetales
|-crit|p2a: Ninetales
|-damage|p2a: Ninetales|82/100
|-boost|p1a: Great Tusk|spe|1
|-sideend|p1: Etihadmf|Stealth Rock|[from] move: Rapid Spin|[of] p1a: Great Tusk
|
|-weather|Snowscape|[upkeep]
|upkeep
|turn|4
|
|t:|1779808830
|-end|p1a: Great Tusk|Protosynthesis|[silent]
|switch|p1a: Gholdengo|Gholdengo|100/100
|move|p2a: Ninetales|Freeze-Dry|p1a: Gholdengo
|-resisted|p1a: Gholdengo
|-damage|p1a: Gholdengo|92/100
|
|-weather|Snowscape|[upkeep]
|upkeep
|turn|5
|
|t:|1779808841
|switch|p2a: Dragonite|Dragonite, F|100/100
|move|p1a: Gholdengo|Trick|p2a: Dragonite
|-activate|p1a: Gholdengo|move: Trick|[of] p2a: Dragonite
|-item|p2a: Dragonite|Lagging Tail|[from] move: Trick
|-item|p1a: Gholdengo|Heavy-Duty Boots|[from] move: Trick
|
|-weather|Snowscape|[upkeep]
|upkeep
|turn|6
|
|t:|1779808855
|move|p1a: Gholdengo|Shadow Ball|p2a: Dragonite
|-damage|p2a: Dragonite|91/100
|move|p2a: Dragonite|Dragon Dance|p2a: Dragonite
|-boost|p2a: Dragonite|atk|1
|-boost|p2a: Dragonite|spe|1
|
|-weather|none
|upkeep
|turn|7
|
|t:|1779808859
|move|p1a: Gholdengo|Shadow Ball|p2a: Dragonite
|-damage|p2a: Dragonite|74/100
|-unboost|p2a: Dragonite|spd|1
|move|p2a: Dragonite|Earthquake|p1a: Gholdengo
|-supereffective|p1a: Gholdengo
|-damage|p1a: Gholdengo|0 fnt
|faint|p1a: Gholdengo
|
|upkeep
|
|t:|1779808884
|switch|p1a: Garganacl|Garganacl, F|100/100
|turn|8
|
|t:|1779808892
|-terastallize|p1a: Garganacl|Grass
|move|p1a: Garganacl|Salt Cure|p2a: Dragonite
|-supereffective|p2a: Dragonite
|-damage|p2a: Dragonite|58/100
|-start|p2a: Dragonite|Salt Cure
|move|p2a: Dragonite|Earthquake|p1a: Garganacl
|-resisted|p1a: Garganacl
|-damage|p1a: Garganacl|83/100
|
|-heal|p1a: Garganacl|89/100|[from] item: Leftovers
|-damage|p2a: Dragonite|45/100|[from] Salt Cure
|upkeep
|turn|9
|
|t:|1779808899
|move|p1a: Garganacl|Stealth Rock|p2a: Dragonite
|-sidestart|p2: firered27|move: Stealth Rock
|move|p2a: Dragonite|Ice Spinner|p1a: Garganacl
|-supereffective|p1a: Garganacl
|-damage|p1a: Garganacl|23/100
|
|-heal|p1a: Garganacl|29/100|[from] item: Leftovers
|-damage|p2a: Dragonite|33/100|[from] Salt Cure
|upkeep
|turn|10
|
|t:|1779808911
|switch|p2a: Great Tusk|Great Tusk|9/100
|-damage|p2a: Great Tusk|6/100|[from] Stealth Rock
|move|p1a: Garganacl|Recover|p1a: Garganacl
|-heal|p1a: Garganacl|79/100
|
|-heal|p1a: Garganacl|86/100|[from] item: Leftovers
|-sideend|p2: firered27|move: Aurora Veil
|upkeep
|turn|11
|
|t:|1779808936
|move|p2a: Great Tusk|Stealth Rock|p1a: Garganacl
|-sidestart|p1: Etihadmf|move: Stealth Rock
|move|p1a: Garganacl|Stealth Rock||[still]
|-fail|p1a: Garganacl
|
|-heal|p1a: Garganacl|92/100|[from] item: Leftovers
|upkeep
|turn|12
|
|t:|1779808943
|move|p2a: Great Tusk|Ice Spinner|p1a: Garganacl
|-supereffective|p1a: Garganacl
|-damage|p1a: Garganacl|63/100
|move|p1a: Garganacl|Salt Cure|p2a: Great Tusk
|-resisted|p2a: Great Tusk
|-damage|p2a: Great Tusk|4/100
|-start|p2a: Great Tusk|Salt Cure
|
|-heal|p1a: Garganacl|69/100|[from] item: Leftovers
|-damage|p2a: Great Tusk|0 fnt|[from] Salt Cure
|faint|p2a: Great Tusk
|-end|p2a: Great Tusk|Protosynthesis|[silent]
|upkeep
|
|t:|1779808952
|switch|p2a: Ninetales|Ninetales-Alola, F|82/100
|-damage|p2a: Ninetales|57/100|[from] Stealth Rock
|-weather|Snowscape|[from] ability: Snow Warning|[of] p2a: Ninetales
|turn|13
|
|t:|1779808969
|move|p2a: Ninetales|Aurora Veil|p2a: Ninetales
|-sidestart|p2: firered27|move: Aurora Veil
|move|p1a: Garganacl|Salt Cure|p2a: Ninetales
|-supereffective|p2a: Ninetales
|-damage|p2a: Ninetales|46/100
|-start|p2a: Ninetales|Salt Cure
|
|-weather|Snowscape|[upkeep]
|-heal|p1a: Garganacl|75/100|[from] item: Leftovers
|-damage|p2a: Ninetales|34/100|[from] Salt Cure
|upkeep
|turn|14
|
|t:|1779808983
|move|p2a: Ninetales|Freeze-Dry|p1a: Garganacl
|-supereffective|p1a: Garganacl
|-damage|p1a: Garganacl|41/100
|move|p1a: Garganacl|Recover|p1a: Garganacl
|-heal|p1a: Garganacl|91/100
|
|-weather|Snowscape|[upkeep]
|-heal|p1a: Garganacl|98/100|[from] item: Leftovers
|-damage|p2a: Ninetales|21/100|[from] Salt Cure
|upkeep
|turn|15
|
|t:|1779808997
|switch|p2a: Hatterene|Hatterene, F|100/100
|-damage|p2a: Hatterene|88/100|[from] Stealth Rock
|move|p1a: Garganacl|Recover|p1a: Garganacl
|-heal|p1a: Garganacl|100/100
|
|-weather|Snowscape|[upkeep]
|-heal|p2a: Hatterene|94/100|[from] item: Leftovers
|upkeep
|turn|16
|
|t:|1779809003
|move|p2a: Hatterene|Nuzzle|p1a: Garganacl
|-resisted|p1a: Garganacl
|-damage|p1a: Garganacl|99/100
|move|p1a: Garganacl|Salt Cure|p2a: Hatterene
|-damage|p2a: Hatterene|88/100
|-start|p2a: Hatterene|Salt Cure
|
|-weather|Snowscape|[upkeep]
|-heal|p2a: Hatterene|94/100|[from] item: Leftovers
|-heal|p1a: Garganacl|100/100|[from] item: Leftovers
|-damage|p2a: Hatterene|81/100|[from] Salt Cure
|upkeep
|turn|17
|
|t:|1779809019
|switch|p2a: Vivillon|Vivillon-Pokeball, M|100/100
|-damage|p2a: Vivillon|51/100|[from] Stealth Rock
|move|p1a: Garganacl|Salt Cure|p2a: Vivillon
|-supereffective|p2a: Vivillon
|-damage|p2a: Vivillon|0 fnt
|faint|p2a: Vivillon
|
|-weather|none
|upkeep
|-message|firered27 forfeited.
|
|win|Etihadmf
|raw|Etihadmf's rating: 1160 &rarr; <strong>1189</strong><br />(+29 for winning)
|raw|firered27's rating: 1210 &rarr; <strong>1181</strong><br />(-29 for losing)
|l|☆firered27
|player|p2|
