|j|☆iamnew2024
|j|‽PokemonGuy94
|t:|1779854193
|gametype|singles
|player|p1|iamnew2024|101|1438
|player|p2|PokemonGuy94|leon|1464
|gen|9
|tier|[Gen 9] OU
|rated|
|rule|HP Percentage Mod: HP is shown in percentages
|rule|Endless Battle Clause: Forcing endless battles is banned
|rule|Species Clause: Limit one of each Pokémon
|rule|OHKO Clause: OHKO moves are banned
|rule|Evasion Items Clause: Evasion items are banned
|rule|Evasion Moves Clause: Evasion moves are banned
|rule|Evasion Abilities Clause: Evasion abilities are banned
|rule|Sleep Moves Clause: Sleep-inducing moves are banned
|clearpoke
|poke|p1|Iron Crown|
|poke|p1|Slowking-Galar, F|
|poke|p1|Ting-Lu|
|poke|p1|Great Tusk|
|poke|p1|Kingambit, M|
|poke|p1|Darkrai|
|poke|p2|Grimmsnarl, M|
|poke|p2|Great Tusk|
|poke|p2|Latias, F|
|poke|p2|Hatterene, F|
|poke|p2|Kingambit, F|
|poke|p2|Ogerpon-Wellspring, F|
|teampreview
|inactive|Battle timer is ON: inactive players will automatically lose when time's up. (requested by PokemonGuy94)
|
|t:|1779854205
|teamsize|p1|6
|teamsize|p2|6
|start
|switch|p1a: Iron Crown|Iron Crown|100/100
|switch|p2a: Ogerpon|Ogerpon-Wellspring, F|100/100
|turn|1
|
|t:|1779854216
|move|p2a: Ogerpon|Swords Dance|p2a: Ogerpon
|-boost|p2a: Ogerpon|atk|2
|move|p1a: Iron Crown|Volt Switch|p2a: Ogerpon
|-damage|p2a: Ogerpon|59/100
|
|t:|1779854222
|-end|p1a: Iron Crown|Quark Drive|[silent]
|switch|p1a: Darkrai|Darkrai|100/100|[from] Volt Switch
|
|upkeep
|turn|2
|
|t:|1779854227
|move|p1a: Darkrai|Sludge Bomb|p2a: Ogerpon
|-supereffective|p2a: Ogerpon
|-damage|p2a: Ogerpon|0 fnt
|faint|p2a: Ogerpon
|
|upkeep
|
|t:|1779854232
|switch|p2a: Grimmsnarl|Grimmsnarl, M|100/100
|turn|3
|
|t:|1779854244
|switch|p1a: Ting-Lu|Ting-Lu|100/100
|-ability|p1a: Ting-Lu|Vessel of Ruin
|move|p2a: Grimmsnarl|Light Screen|p2a: Grimmsnarl
|-sidestart|p2: PokemonGuy94|move: Light Screen
|
|upkeep
|turn|4
|
|t:|1779854252
|switch|p2a: Hatterene|Hatterene, F, shiny|100/100
|move|p1a: Ting-Lu|Earthquake|p2a: Hatterene
|-damage|p2a: Hatterene|65/100
|
|-heal|p2a: Hatterene|71/100|[from] item: Leftovers
|upkeep
|turn|5
|
|t:|1779854261
|switch|p1a: Slowking|Slowking-Galar, F|100/100
|move|p2a: Hatterene|Calm Mind|p2a: Hatterene
|-boost|p2a: Hatterene|spa|1
|-boost|p2a: Hatterene|spd|1
|
|-heal|p2a: Hatterene|77/100|[from] item: Leftovers
|upkeep
|turn|6
|
|t:|1779854273
|move|p2a: Hatterene|Calm Mind|p2a: Hatterene
|-boost|p2a: Hatterene|spa|1
|-boost|p2a: Hatterene|spd|1
|-prepare|p1a: Slowking|Chilly Reception|[premajor]
|move|p1a: Slowking|Chilly Reception|p1a: Slowking
|-weather|Snowscape
|
|t:|1779854291
|switch|p1a: Kingambit|Kingambit, M|100/100|[from] Chilly Reception
|
|-weather|Snowscape|[upkeep]
|-heal|p2a: Hatterene|83/100|[from] item: Leftovers
|upkeep
|turn|7
|
|t:|1779854298
|move|p1a: Kingambit|Kowtow Cleave|p2a: Hatterene
|-damage|p2a: Hatterene|33/100
|move|p2a: Hatterene|Draining Kiss|p1a: Kingambit
|-damage|p1a: Kingambit|59/100
|-heal|p2a: Hatterene|83/100|[from] drain|[of] p1a: Kingambit
|
|-weather|Snowscape|[upkeep]
|-heal|p1a: Kingambit|65/100|[from] item: Leftovers
|-heal|p2a: Hatterene|89/100|[from] item: Leftovers
|upkeep
|turn|8
|
|t:|1779854310
|move|p1a: Kingambit|Kowtow Cleave|p2a: Hatterene
|-damage|p2a: Hatterene|40/100
|move|p2a: Hatterene|Nuzzle|p1a: Kingambit
|-damage|p1a: Kingambit|62/100
|-status|p1a: Kingambit|par
|
|-weather|Snowscape|[upkeep]
|-heal|p2a: Hatterene|46/100|[from] item: Leftovers
|-heal|p1a: Kingambit|68/100 par|[from] item: Leftovers
|upkeep
|turn|9
|
|t:|1779854320
|move|p1a: Kingambit|Sucker Punch|p2a: Hatterene
|-damage|p2a: Hatterene|0 fnt
|faint|p2a: Hatterene
|
|-weather|Snowscape|[upkeep]
|-heal|p1a: Kingambit|75/100 par|[from] item: Leftovers
|upkeep
|
|t:|1779854330
|switch|p2a: Great Tusk|Great Tusk|100/100
|turn|10
|
|t:|1779854344
|-end|p1a: Kingambit|fallenundefined|[silent]
|switch|p1a: Great Tusk|Great Tusk|100/100
|move|p2a: Great Tusk|Rapid Spin|p1a: Great Tusk
|-damage|p1a: Great Tusk|88/100
|-boost|p2a: Great Tusk|spe|1
|
|-weather|none
|-sideend|p2: PokemonGuy94|move: Light Screen
|upkeep
|turn|11
|
|t:|1779854353
|move|p2a: Great Tusk|Ice Spinner|p1a: Great Tusk
|-supereffective|p1a: Great Tusk
|-damage|p1a: Great Tusk|49/100
|move|p1a: Great Tusk|Knock Off|p2a: Great Tusk
|-resisted|p2a: Great Tusk
|-damage|p2a: Great Tusk|88/100
|-enditem|p2a: Great Tusk|Heavy-Duty Boots|[from] move: Knock Off|[of] p1a: Great Tusk
|
|upkeep
|turn|12
|
|t:|1779854366
|move|p2a: Great Tusk|Ice Spinner|p1a: Great Tusk
|-supereffective|p1a: Great Tusk
|-crit|p1a: Great Tusk
|-damage|p1a: Great Tusk|0 fnt
|faint|p1a: Great Tusk
|-end|p1a: Great Tusk|Protosynthesis|[silent]
|
|upkeep
|
|t:|1779854380
|switch|p1a: Darkrai|Darkrai|100/100
|turn|13
|
|t:|1779854384
|move|p1a: Darkrai|Ice Beam|p2a: Great Tusk
|-supereffective|p2a: Great Tusk
|-damage|p2a: Great Tusk|0 fnt
|faint|p2a: Great Tusk
|-end|p2a: Great Tusk|Protosynthesis|[silent]
|
|upkeep
|
|t:|1779854389
|switch|p2a: Latias|Latias, F|100/100
|turn|14
|
|t:|1779854398
|switch|p1a: Slowking|Slowking-Galar, F|100/100
|-terastallize|p2a: Latias|Steel
|move|p2a: Latias|Agility|p2a: Latias
|-boost|p2a: Latias|spe|2
|
|upkeep
|turn|15
|
|t:|1779854408
|move|p2a: Latias|Calm Mind|p2a: Latias
|-boost|p2a: Latias|spa|1
|-boost|p2a: Latias|spd|1
|move|p1a: Slowking|Focus Blast|p2a: Latias|[miss]
|-miss|p1a: Slowking|p2a: Latias
|
|upkeep
|turn|16
|
|t:|1779854416
|move|p2a: Latias|Calm Mind|p2a: Latias
|-boost|p2a: Latias|spa|1
|-boost|p2a: Latias|spd|1
|move|p1a: Slowking|Focus Blast|p2a: Latias
|-supereffective|p2a: Latias
|-damage|p2a: Latias|75/100
|-enditem|p2a: Latias|Weakness Policy
|-boost|p2a: Latias|atk|2|[from] item: Weakness Policy
|-boost|p2a: Latias|spa|2|[from] item: Weakness Policy
|
|upkeep
|turn|17
|
|t:|1779854427
|move|p2a: Latias|Calm Mind|p2a: Latias
|-boost|p2a: Latias|spa|1
|-boost|p2a: Latias|spd|1
|-prepare|p1a: Slowking|Chilly Reception|[premajor]
|move|p1a: Slowking|Chilly Reception|p1a: Slowking
|-weather|Snowscape
|
|t:|1779854437
|switch|p1a: Ting-Lu|Ting-Lu|100/100|[from] Chilly Reception
|-ability|p1a: Ting-Lu|Vessel of Ruin
|
|-weather|Snowscape|[upkeep]
|upkeep
|turn|18
|
|t:|1779854444
|move|p2a: Latias|Draining Kiss|p1a: Ting-Lu
|-supereffective|p1a: Ting-Lu
|-damage|p1a: Ting-Lu|43/100
|-heal|p2a: Latias|100/100|[from] drain|[of] p1a: Ting-Lu
|move|p1a: Ting-Lu|Whirlwind|p2a: Latias
|drag|p2a: Grimmsnarl|Grimmsnarl, M|100/100
|
|-weather|Snowscape|[upkeep]
|-heal|p1a: Ting-Lu|49/100|[from] item: Leftovers
|upkeep
|turn|19
|
|t:|1779854455
|switch|p2a: Kingambit|Kingambit, F, shiny|100/100
|-activate|p2a: Kingambit|ability: Supreme Overlord
|-start|p2a: Kingambit|fallen3|[silent]
|-item|p2a: Kingambit|Air Balloon
|move|p1a: Ting-Lu|Stealth Rock|p2a: Kingambit
|-sidestart|p2: PokemonGuy94|move: Stealth Rock
|
|-weather|Snowscape|[upkeep]
|-heal|p1a: Ting-Lu|55/100|[from] item: Leftovers
|upkeep
|turn|20
|
|t:|1779854466
|move|p2a: Kingambit|Kowtow Cleave|p1a: Ting-Lu
|-resisted|p1a: Ting-Lu
|-damage|p1a: Ting-Lu|43/100
|move|p1a: Ting-Lu|Whirlwind|p2a: Kingambit
|-end|p2a: Kingambit|fallen3|[silent]
|drag|p2a: Latias|Latias, F, tera:Steel|100/100
|-damage|p2a: Latias|95/100|[from] Stealth Rock
|
|-weather|Snowscape|[upkeep]
|-heal|p1a: Ting-Lu|49/100|[from] item: Leftovers
|upkeep
|turn|21
|
|t:|1779854479
|move|p2a: Latias|Draining Kiss|p1a: Ting-Lu
|-supereffective|p1a: Ting-Lu
|-damage|p1a: Ting-Lu|31/100
|-heal|p2a: Latias|100/100|[from] drain|[of] p1a: Ting-Lu
|move|p1a: Ting-Lu|Whirlwind|p2a: Latias
|drag|p2a: Grimmsnarl|Grimmsnarl, M|100/100
|-damage|p2a: Grimmsnarl|88/100|[from] Stealth Rock
|
|-weather|none
|-heal|p1a: Ting-Lu|37/100|[from] item: Leftovers
|upkeep
|turn|22
|
|t:|1779854491
|move|p2a: Grimmsnarl|Reflect|p2a: Grimmsnarl
|-sidestart|p2: PokemonGuy94|Reflect
|move|p1a: Ting-Lu|Spikes|p2a: Grimmsnarl
|-sidestart|p2: PokemonGuy94|Spikes
|
|-heal|p1a: Ting-Lu|43/100|[from] item: Leftovers
|upkeep
|turn|23
|
|t:|1779854501
|switch|p1a: Slowking|Slowking-Galar, F|100/100
|move|p2a: Grimmsnarl|Light Screen|p2a: Grimmsnarl
|-sidestart|p2: PokemonGuy94|move: Light Screen
|
|upkeep
|turn|24
|
|t:|1779854508
|move|p2a: Grimmsnarl|Parting Shot|p1a: Slowking
|-unboost|p1a: Slowking|atk|1
|-unboost|p1a: Slowking|spa|1
|
|t:|1779854512
|switch|p2a: Latias|Latias, F, tera:Steel|100/100|[from] Parting Shot
|-damage|p2a: Latias|95/100|[from] Stealth Rock
|-prepare|p1a: Slowking|Chilly Reception|[premajor]
|move|p1a: Slowking|Chilly Reception|p1a: Slowking
|-weather|Snowscape
|
|t:|1779854535
|switch|p1a: Iron Crown|Iron Crown|100/100|[from] Chilly Reception
|
|-weather|Snowscape|[upkeep]
|upkeep
|turn|25
|
|t:|1779854543
|move|p1a: Iron Crown|Psychic Noise|p2a: Latias
|-resisted|p2a: Latias
|-damage|p2a: Latias|82/100
|-start|p2a: Latias|move: Heal Block
|move|p2a: Latias|Agility|p2a: Latias
|-boost|p2a: Latias|spe|2
|
|-weather|Snowscape|[upkeep]
|upkeep
|turn|26
|
|t:|1779854553
|-end|p1a: Iron Crown|Quark Drive|[silent]
|switch|p1a: Ting-Lu|Ting-Lu|43/100
|-ability|p1a: Ting-Lu|Vessel of Ruin
|move|p2a: Latias|Calm Mind|p2a: Latias
|-boost|p2a: Latias|spa|1
|-boost|p2a: Latias|spd|1
|
|-weather|Snowscape|[upkeep]
|-heal|p1a: Ting-Lu|50/100|[from] item: Leftovers
|-end|p2a: Latias|move: Heal Block
|upkeep
|turn|27
|
|t:|1779854565
|move|p2a: Latias|Draining Kiss|p1a: Ting-Lu
|-supereffective|p1a: Ting-Lu
|-damage|p1a: Ting-Lu|26/100
|-heal|p2a: Latias|100/100|[from] drain|[of] p1a: Ting-Lu
|move|p1a: Ting-Lu|Whirlwind|p2a: Latias
|drag|p2a: Grimmsnarl|Grimmsnarl, M|88/100
|-damage|p2a: Grimmsnarl|76/100|[from] Stealth Rock
|-damage|p2a: Grimmsnarl|63/100|[from] Spikes
|
|-weather|Snowscape|[upkeep]
|-heal|p1a: Ting-Lu|32/100|[from] item: Leftovers
|upkeep
|turn|28
|
|t:|1779854579
|switch|p2a: Kingambit|Kingambit, F, shiny|100/100
|-damage|p2a: Kingambit|94/100|[from] Stealth Rock
|-activate|p2a: Kingambit|ability: Supreme Overlord
|-start|p2a: Kingambit|fallen3|[silent]
|-item|p2a: Kingambit|Air Balloon
|move|p1a: Ting-Lu|Spikes|p2a: Kingambit
|-sidestart|p2: PokemonGuy94|Spikes
|
|-weather|none
|-heal|p1a: Ting-Lu|38/100|[from] item: Leftovers
|upkeep
|turn|29
|
|t:|1779854596
|switch|p1a: Kingambit|Kingambit, M|75/100 par
|-activate|p1a: Kingambit|ability: Supreme Overlord
|-start|p1a: Kingambit|fallen1|[silent]
|move|p2a: Kingambit|Iron Head|p1a: Kingambit
|-resisted|p1a: Kingambit
|-damage|p1a: Kingambit|54/100 par
|
|-heal|p1a: Kingambit|60/100 par|[from] item: Leftovers
|-sideend|p2: PokemonGuy94|Reflect
|upkeep
|turn|30
|
|t:|1779854606
|-end|p2a: Kingambit|fallen3|[silent]
|switch|p2a: Grimmsnarl|Grimmsnarl, M|63/100
|-damage|p2a: Grimmsnarl|51/100|[from] Stealth Rock
|-damage|p2a: Grimmsnarl|34/100|[from] Spikes
|move|p1a: Kingambit|Low Kick|p2a: Grimmsnarl
|-damage|p2a: Grimmsnarl|0 fnt
|faint|p2a: Grimmsnarl
|
|-heal|p1a: Kingambit|67/100 par|[from] item: Leftovers
|-sideend|p2: PokemonGuy94|move: Light Screen
|upkeep
|
|t:|1779854615
|switch|p2a: Latias|Latias, F, tera:Steel|100/100
|-damage|p2a: Latias|95/100|[from] Stealth Rock
|turn|31
|
|t:|1779854621
|move|p2a: Latias|Agility|p2a: Latias
|-boost|p2a: Latias|spe|2
|cant|p1a: Kingambit|par
|
|-heal|p1a: Kingambit|73/100 par|[from] item: Leftovers
|upkeep
|turn|32
|
|t:|1779854629
|move|p2a: Latias|Calm Mind|p2a: Latias
|-boost|p2a: Latias|spa|1
|-boost|p2a: Latias|spd|1
|move|p1a: Kingambit|Low Kick|p2a: Latias
|-supereffective|p2a: Latias
|-damage|p2a: Latias|45/100
|
|-heal|p1a: Kingambit|79/100 par|[from] item: Leftovers
|upkeep
|turn|33
|
|t:|1779854638
|move|p2a: Latias|Draining Kiss|p1a: Kingambit
|-crit|p1a: Kingambit
|-damage|p1a: Kingambit|50/100 par
|-heal|p2a: Latias|74/100|[from] drain|[of] p1a: Kingambit
|cant|p1a: Kingambit|par
|
|-heal|p1a: Kingambit|56/100 par|[from] item: Leftovers
|upkeep
|turn|34
|
|t:|1779854647
|move|p2a: Latias|Calm Mind|p2a: Latias
|-boost|p2a: Latias|spa|1
|-boost|p2a: Latias|spd|1
|move|p1a: Kingambit|Low Kick|p2a: Latias
|-supereffective|p2a: Latias
|-damage|p2a: Latias|29/100
|
|-heal|p1a: Kingambit|62/100 par|[from] item: Leftovers
|upkeep
|turn|35
|
|t:|1779854657
|cant|p1a: Kingambit|par
|move|p2a: Latias|Draining Kiss|p1a: Kingambit
|-crit|p1a: Kingambit
|-damage|p1a: Kingambit|19/100 par
|-heal|p2a: Latias|72/100|[from] drain|[of] p1a: Kingambit
|
|-heal|p1a: Kingambit|25/100 par|[from] item: Leftovers
|upkeep
|turn|36
|
|t:|1779854673
|move|p2a: Latias|Draining Kiss|p1a: Kingambit
|-damage|p1a: Kingambit|0 fnt
|-heal|p2a: Latias|97/100|[from] drain|[of] p1a: Kingambit
|faint|p1a: Kingambit
|-end|p1a: Kingambit|fallen1|[silent]
|
|upkeep
|
|t:|1779854693
|switch|p1a: Iron Crown|Iron Crown|100/100
|turn|37
|
|t:|1779854697
|move|p2a: Latias|Calm Mind|p2a: Latias
|-boost|p2a: Latias|spa|1
|-boost|p2a: Latias|spd|1
|move|p1a: Iron Crown|Focus Blast|p2a: Latias|[miss]
|-miss|p1a: Iron Crown|p2a: Latias
|
|upkeep
|turn|38
|
|t:|1779854704
|move|p2a: Latias|Calm Mind|p2a: Latias
|-boost|p2a: Latias|spa|1
|-boost|p2a: Latias|spd|1
|move|p1a: Iron Crown|Focus Blast|p2a: Latias
|-supereffective|p2a: Latias
|-damage|p2a: Latias|56/100
|-unboost|p2a: Latias|spd|1
|
|upkeep
|turn|39
|
|t:|1779854712
|move|p2a: Latias|Stored Power|p1a: Iron Crown
|-resisted|p1a: Iron Crown
|-damage|p1a: Iron Crown|37/100
|move|p1a: Iron Crown|Focus Blast|p2a: Latias|[miss]
|-miss|p1a: Iron Crown|p2a: Latias
|
|upkeep
|turn|40
|
|t:|1779854720
|move|p2a: Latias|Stored Power|p1a: Iron Crown
|-resisted|p1a: Iron Crown
|-damage|p1a: Iron Crown|0 fnt
|faint|p1a: Iron Crown
|-end|p1a: Iron Crown|Quark Drive|[silent]
|
|upkeep
|
|t:|1779854731
|switch|p1a: Ting-Lu|Ting-Lu|38/100
|-ability|p1a: Ting-Lu|Vessel of Ruin
|turn|41
|
|t:|1779854737
|move|p2a: Latias|Draining Kiss|p1a: Ting-Lu
|-supereffective|p1a: Ting-Lu
|-damage|p1a: Ting-Lu|0 fnt
|-heal|p2a: Latias|100/100|[from] drain|[of] p1a: Ting-Lu
|faint|p1a: Ting-Lu
|
|upkeep
|c|☆iamnew2024|Lucky fugger
|c|☆iamnew2024|_!_
|inactive|iamnew2024 has 120 seconds left.
|-message|iamnew2024 forfeited.
|
|win|PokemonGuy94
|raw|iamnew2024's rating: 1438 &rarr; <strong>1419</strong><br />(-19 for losing)
|raw|PokemonGuy94's rating: 1464 &rarr; <strong>1483</strong><br />(+19 for winning)
|l|☆iamnew2024
|player|p1|
