|j|☆smithwick1
|j|☆goodnightnite
|t:|1779873472
|gametype|singles
|player|p1|smithwick1|1|1654
|player|p2|goodnightnite|miku-water|1707
|gen|9
|tier|[Gen 9] OU
|rated|
|rule|HP Percentage Mod: HP is shown in percentages
|rule|Endless Battle Clause: Forcing endless battles is banned
|rule|Species Clause: Limit one of each Pokémon
|rule|OHKO Clause: OHKO moves are banned
|rule|Evasion Items Clause: Evasion items are banned
|rule|Evasion Moves Clause: Evasion moves are banned
|rule|Evasion Abilities Clause: Evasion abilities are banned
|rule|Sleep Moves Clause: Sleep-inducing moves are banned
|clearpoke
|poke|p1|Zamazenta-*|
|poke|p1|Dragapult, F|
|poke|p1|Pecharunt|
|poke|p1|Ogerpon-Wellspring, F|
|poke|p1|Iron Treads|
|poke|p1|Kingambit, F|
|poke|p2|Primarina, M|
|poke|p2|Zamazenta-*|
|poke|p2|Gholdengo|
|poke|p2|Rillaboom, M|
|poke|p2|Glimmora, M|
|poke|p2|Hydreigon, M|
|teampreview
|inactive|Battle timer is ON: inactive players will automatically lose when time's up. (requested by goodnightnite)
|inactive|smithwick1 also wants the timer to be on.
|
|t:|1779873490
|teamsize|p1|6
|teamsize|p2|6
|start
|switch|p1a: Iron Treads|Iron Treads|100/100
|switch|p2a: Celestine|Primarina, M, shiny|100/100
|-enditem|p1a: Iron Treads|Booster Energy
|-activate|p1a: Iron Treads|ability: Quark Drive|[fromitem]
|-start|p1a: Iron Treads|quarkdrivespe
|turn|1
|
|t:|1779873498
|move|p1a: Iron Treads|Stealth Rock|p2a: Celestine
|-sidestart|p2: goodnightnite|move: Stealth Rock
|move|p2a: Celestine|Psychic Noise|p1a: Iron Treads
|-supereffective|p1a: Iron Treads
|-damage|p1a: Iron Treads|0 fnt
|faint|p1a: Iron Treads
|-end|p1a: Iron Treads|Quark Drive|[silent]
|
|upkeep
|
|t:|1779873510
|switch|p1a: Ogerpon|Ogerpon-Wellspring, F|100/100
|turn|2
|
|t:|1779873513
|switch|p2a: Bullet|Glimmora, M, shiny|100/100
|-damage|p2a: Bullet|88/100|[from] Stealth Rock
|move|p1a: Ogerpon|Substitute|p1a: Ogerpon
|-start|p1a: Ogerpon|Substitute
|-damage|p1a: Ogerpon|76/100
|
|upkeep
|turn|3
|
|t:|1779873521
|switch|p2a: Kong|Rillaboom, M, shiny|100/100
|-damage|p2a: Kong|88/100|[from] Stealth Rock
|-fieldstart|move: Grassy Terrain|[from] ability: Grassy Surge|[of] p2a: Kong
|move|p1a: Ogerpon|Ivy Cudgel|p2a: Kong|[anim] Ivy Cudgel Water
|-resisted|p2a: Kong
|-damage|p2a: Kong|55/100
|
|-heal|p1a: Ogerpon|82/100|[from] Grassy Terrain
|-heal|p2a: Kong|61/100|[from] Grassy Terrain
|upkeep
|turn|4
|
|t:|1779873527
|move|p2a: Kong|Grassy Glide|p1a: Ogerpon
|-end|p1a: Ogerpon|Substitute
|-damage|p2a: Kong|51/100|[from] item: Life Orb
|move|p1a: Ogerpon|Horn Leech|p2a: Kong
|-resisted|p2a: Kong
|-damage|p2a: Kong|17/100
|-heal|p1a: Ogerpon|100/100|[from] drain|[of] p2a: Kong
|
|-heal|p2a: Kong|23/100|[from] Grassy Terrain
|upkeep
|turn|5
|
|t:|1779873534
|switch|p1a: Pecharunt|Pecharunt|100/100
|move|p2a: Kong|Grassy Glide|p1a: Pecharunt
|-resisted|p1a: Pecharunt
|-damage|p1a: Pecharunt|84/100
|-damage|p2a: Kong|13/100|[from] item: Life Orb
|
|-heal|p1a: Pecharunt|90/100|[from] Grassy Terrain
|-heal|p1a: Pecharunt|97/100|[from] item: Leftovers
|-heal|p2a: Kong|19/100|[from] Grassy Terrain
|upkeep
|turn|6
|
|t:|1779873538
|switch|p2a: Bullet|Glimmora, M, shiny|88/100
|-damage|p2a: Bullet|76/100|[from] Stealth Rock
|move|p1a: Pecharunt|Shadow Ball|p2a: Bullet
|-damage|p2a: Bullet|48/100
|-enditem|p2a: Bullet|Red Card|[of] p1a: Pecharunt
|drag|p1a: Dragapult|Dragapult, F|100/100
|
|-heal|p2a: Bullet|54/100|[from] Grassy Terrain
|upkeep
|turn|7
|
|t:|1779873547
|move|p1a: Dragapult|Substitute|p1a: Dragapult
|-start|p1a: Dragapult|Substitute
|-damage|p1a: Dragapult|76/100
|move|p2a: Bullet|Mortal Spin|p1a: Dragapult
|-resisted|p1a: Dragapult
|-crit|p1a: Dragapult
|-activate|p1a: Dragapult|move: Substitute|[damage]
|-sideend|p2: goodnightnite|Stealth Rock|[from] move: Mortal Spin|[of] p2a: Bullet
|
|-heal|p1a: Dragapult|82/100|[from] Grassy Terrain
|-heal|p1a: Dragapult|88/100|[from] item: Leftovers
|-heal|p2a: Bullet|60/100|[from] Grassy Terrain
|-fieldend|move: Grassy Terrain
|upkeep
|turn|8
|
|t:|1779873553
|move|p1a: Dragapult|Dragon Dance|p1a: Dragapult
|-boost|p1a: Dragapult|atk|1
|-boost|p1a: Dragapult|spe|1
|move|p2a: Bullet|Earth Power|p1a: Dragapult
|-crit|p1a: Dragapult
|-end|p1a: Dragapult|Substitute
|
|-heal|p1a: Dragapult|94/100|[from] item: Leftovers
|upkeep
|turn|9
|
|t:|1779873557
|move|p1a: Dragapult|Phantom Force||[still]
|-prepare|p1a: Dragapult|Phantom Force
|move|p2a: Bullet|Earth Power|p1a: Dragapult|[miss]
|-miss|p2a: Bullet|p1a: Dragapult
|
|-heal|p1a: Dragapult|99/100|[from] item: Leftovers
|upkeep
|turn|10
|
|t:|1779873562
|move|p1a: Dragapult|Phantom Force|p2a: Bullet|[from] lockedmove
|-damage|p2a: Bullet|5/100
|-activate|p2a: Bullet|ability: Toxic Debris
|-sidestart|p1: smithwick1|move: Toxic Spikes
|move|p2a: Bullet|Stealth Rock|p1a: Dragapult
|-sidestart|p1: smithwick1|move: Stealth Rock
|
|-heal|p1a: Dragapult|100/100|[from] item: Leftovers
|upkeep
|turn|11
|
|t:|1779873570
|move|p1a: Dragapult|Dragon Darts|p2a: Bullet
|-damage|p2a: Bullet|0 fnt
|-activate|p2a: Bullet|ability: Toxic Debris
|-sidestart|p1: smithwick1|move: Toxic Spikes
|faint|p2a: Bullet
|
|upkeep
|
|t:|1779873573
|switch|p2a: Celestine|Primarina, M, shiny|100/100
|turn|12
|
|t:|1779873577
|move|p1a: Dragapult|Phantom Force||[still]
|-prepare|p1a: Dragapult|Phantom Force
|move|p2a: Celestine|Moonblast|p1a: Dragapult|[miss]
|-miss|p2a: Celestine|p1a: Dragapult
|
|upkeep
|turn|13
|
|t:|1779873579
|move|p1a: Dragapult|Phantom Force|p2a: Celestine|[from] lockedmove
|-damage|p2a: Celestine|11/100
|move|p2a: Celestine|Moonblast|p1a: Dragapult
|-supereffective|p1a: Dragapult
|-damage|p1a: Dragapult|0 fnt
|faint|p1a: Dragapult
|
|upkeep
|
|t:|1779873583
|switch|p1a: Pecharunt|Pecharunt|97/100
|-sideend|p1: smithwick1|move: Toxic Spikes|[of] p1a: Pecharunt
|-damage|p1a: Pecharunt|84/100|[from] Stealth Rock
|turn|14
|
|t:|1779873588
|move|p1a: Pecharunt|Malignant Chain|p2a: Celestine
|-supereffective|p2a: Celestine
|-damage|p2a: Celestine|0 fnt
|faint|p2a: Celestine
|
|-heal|p1a: Pecharunt|90/100|[from] item: Leftovers
|upkeep
|
|t:|1779873591
|switch|p2a: Hybrid|Hydreigon, M, shiny|100/100
|turn|15
|
|t:|1779873600
|-terastallize|p1a: Pecharunt|Dark
|move|p2a: Hybrid|Earth Power|p1a: Pecharunt
|-damage|p1a: Pecharunt|42/100
|move|p1a: Pecharunt|Malignant Chain|p2a: Hybrid
|-crit|p2a: Hybrid
|-damage|p2a: Hybrid|48/100
|-status|p2a: Hybrid|tox
|-start|p2a: Hybrid|confusion|[from] ability: Poison Puppeteer|[of] p1a: Pecharunt
|
|-heal|p1a: Pecharunt|48/100|[from] item: Leftovers
|-damage|p2a: Hybrid|42/100 tox|[from] psn
|upkeep
|turn|16
|
|t:|1779873608
|-activate|p2a: Hybrid|confusion
|move|p2a: Hybrid|Earth Power|p1a: Pecharunt
|-damage|p1a: Pecharunt|0 fnt
|faint|p1a: Pecharunt
|
|-damage|p2a: Hybrid|30/100 tox|[from] psn
|upkeep
|
|t:|1779873613
|switch|p1a: Zamazenta|Zamazenta|100/100
|-damage|p1a: Zamazenta|94/100|[from] Stealth Rock
|-ability|p1a: Zamazenta|Dauntless Shield|boost
|-boost|p1a: Zamazenta|def|1
|turn|17
|
|t:|1779873617
|move|p1a: Zamazenta|Light Screen|p1a: Zamazenta
|-sidestart|p1: smithwick1|move: Light Screen
|-activate|p2a: Hybrid|confusion
|-damage|p2a: Hybrid|21/100 tox|[from] confusion
|
|-damage|p2a: Hybrid|3/100 tox|[from] psn
|upkeep
|turn|18
|
|t:|1779873622
|switch|p2a: Kong|Rillaboom, M, shiny|19/100
|-fieldstart|move: Grassy Terrain|[from] ability: Grassy Surge|[of] p2a: Kong
|move|p1a: Zamazenta|Reflect|p1a: Zamazenta
|-sidestart|p1: smithwick1|Reflect
|
|-heal|p1a: Zamazenta|100/100|[from] Grassy Terrain
|-heal|p2a: Kong|25/100|[from] Grassy Terrain
|upkeep
|turn|19
|
|t:|1779873628
|switch|p2a: Spirit Rush|Gholdengo, shiny|100/100
|-enditem|p2a: Spirit Rush|Grassy Seed
|-boost|p2a: Spirit Rush|def|1|[from] item: Grassy Seed
|move|p1a: Zamazenta|Close Combat|p2a: Spirit Rush
|-immune|p2a: Spirit Rush
|
|upkeep
|turn|20
|
|t:|1779873634
|switch|p1a: Ogerpon|Ogerpon-Wellspring, F|100/100
|-damage|p1a: Ogerpon|88/100|[from] Stealth Rock
|switch|p2a: Trojan|Zamazenta, shiny|100/100
|-ability|p2a: Trojan|Dauntless Shield|boost
|-boost|p2a: Trojan|def|1
|
|-heal|p1a: Ogerpon|94/100|[from] Grassy Terrain
|upkeep
|turn|21
|
|t:|1779873637
|move|p2a: Trojan|Iron Defense|p2a: Trojan
|-boost|p2a: Trojan|def|2
|move|p1a: Ogerpon|Swords Dance|p1a: Ogerpon
|-boost|p1a: Ogerpon|atk|2
|
|-heal|p1a: Ogerpon|99/100|[from] Grassy Terrain
|upkeep
|turn|22
|
|t:|1779873642
|move|p2a: Trojan|Iron Defense|p2a: Trojan
|-boost|p2a: Trojan|def|2
|move|p1a: Ogerpon|Swords Dance|p1a: Ogerpon
|-boost|p1a: Ogerpon|atk|2
|
|-heal|p1a: Ogerpon|100/100|[from] Grassy Terrain
|-fieldend|move: Grassy Terrain
|upkeep
|turn|23
|
|t:|1779873646
|move|p2a: Trojan|Substitute|p2a: Trojan
|-start|p2a: Trojan|Substitute
|-damage|p2a: Trojan|76/100
|move|p1a: Ogerpon|Horn Leech|p2a: Trojan
|-end|p2a: Trojan|Substitute
|
|-heal|p2a: Trojan|82/100|[from] item: Leftovers
|upkeep
|turn|24
|
|t:|1779873652
|move|p2a: Trojan|Substitute|p2a: Trojan
|-start|p2a: Trojan|Substitute
|-damage|p2a: Trojan|57/100
|move|p1a: Ogerpon|Horn Leech|p2a: Trojan
|-end|p2a: Trojan|Substitute
|
|-heal|p2a: Trojan|63/100|[from] item: Leftovers
|-sideend|p1: smithwick1|move: Light Screen
|upkeep
|turn|25
|
|t:|1779873656
|move|p2a: Trojan|Substitute|p2a: Trojan
|-start|p2a: Trojan|Substitute
|-damage|p2a: Trojan|38/100
|move|p1a: Ogerpon|Horn Leech|p2a: Trojan
|-end|p2a: Trojan|Substitute
|
|-heal|p2a: Trojan|45/100|[from] item: Leftovers
|-sideend|p1: smithwick1|Reflect
|upkeep
|turn|26
|
|t:|1779873662
|switch|p1a: Kingambit|Kingambit, F|100/100
|-damage|p1a: Kingambit|94/100|[from] Stealth Rock
|-activate|p1a: Kingambit|ability: Supreme Overlord
|-start|p1a: Kingambit|fallen3|[silent]
|move|p2a: Trojan|Body Press|p1a: Kingambit
|-supereffective|p1a: Kingambit
|-damage|p1a: Kingambit|0 fnt
|faint|p1a: Kingambit
|-end|p1a: Kingambit|fallen3|[silent]
|
|-heal|p2a: Trojan|51/100|[from] item: Leftovers
|upkeep
|
|t:|1779873664
|switch|p1a: Zamazenta|Zamazenta|100/100
|-damage|p1a: Zamazenta|94/100|[from] Stealth Rock
|turn|27
|
|t:|1779873669
|move|p2a: Trojan|Body Press|p1a: Zamazenta
|-damage|p1a: Zamazenta|17/100
|move|p1a: Zamazenta|Roar|p2a: Trojan
|drag|p2a: Kong|Rillaboom, M, shiny|25/100
|-fieldstart|move: Grassy Terrain|[from] ability: Grassy Surge|[of] p2a: Kong
|
|-heal|p1a: Zamazenta|23/100|[from] Grassy Terrain
|-heal|p2a: Kong|32/100|[from] Grassy Terrain
|upkeep
|turn|28
|
|t:|1779873674
|switch|p1a: Ogerpon|Ogerpon-Wellspring, F|100/100
|-damage|p1a: Ogerpon|88/100|[from] Stealth Rock
|move|p2a: Kong|Grassy Glide|p1a: Ogerpon
|-damage|p1a: Ogerpon|23/100
|-damage|p2a: Kong|22/100|[from] item: Life Orb
|
|-heal|p1a: Ogerpon|29/100|[from] Grassy Terrain
|-heal|p2a: Kong|28/100|[from] Grassy Terrain
|upkeep
|turn|29
|
|t:|1779873677
|switch|p1a: Zamazenta|Zamazenta|23/100
|-damage|p1a: Zamazenta|17/100|[from] Stealth Rock
|move|p2a: Kong|Grassy Glide|p1a: Zamazenta
|-damage|p1a: Zamazenta|0 fnt
|faint|p1a: Zamazenta
|-damage|p2a: Kong|18/100|[from] item: Life Orb
|
|-heal|p2a: Kong|24/100|[from] Grassy Terrain
|upkeep
|-message|smithwick1 forfeited.
|
|win|goodnightnite
|raw|smithwick1's rating: 1654 &rarr; <strong>1637</strong><br />(-17 for losing)
|raw|goodnightnite's rating: 1707 &rarr; <strong>1724</strong><br />(+17 for winning)
|l|☆smithwick1
|player|p1|
|j| Spooktober2021
|l| Spooktober2021
