|j|☆gabagool merchant
|j|☆npctypebeat
|t:|1779932060
|gametype|singles
|player|p1|gabagool merchant|ghetsis-gen5bw|1077
|player|p2|npctypebeat|102|1134
|gen|9
|tier|[Gen 9] OU
|rated|
|rule|HP Percentage Mod: HP is shown in percentages
|rule|Endless Battle Clause: Forcing endless battles is banned
|rule|Species Clause: Limit one of each Pokémon
|rule|OHKO Clause: OHKO moves are banned
|rule|Evasion Items Clause: Evasion items are banned
|rule|Evasion Moves Clause: Evasion moves are banned
|rule|Evasion Abilities Clause: Evasion abilities are banned
|rule|Sleep Moves Clause: Sleep-inducing moves are banned
|clearpoke
|poke|p1|Cinderace, M|
|poke|p1|Torkoal, M|
|poke|p1|Mandibuzz, F|
|poke|p1|Great Tusk|
|poke|p1|Magnezone|
|poke|p1|Walking Wake|
|poke|p2|Gliscor, M|
|poke|p2|Ogerpon, F|
|poke|p2|Walking Wake|
|poke|p2|Blissey, F|
|poke|p2|Corviknight, M|
|poke|p2|Pecharunt|
|teampreview
|c|☆npctypebeat|hf
|inactive|Battle timer is ON: inactive players will automatically lose when time's up. (requested by npctypebeat)
|c|☆gabagool merchant|glhf
|
|t:|1779932096
|teamsize|p1|6
|teamsize|p2|6
|start
|switch|p1a: Mandibuzz|Mandibuzz, F, shiny|100/100
|switch|p2a: Gliscor|Gliscor, M|100/100
|turn|1
|
|t:|1779932106
|move|p2a: Gliscor|Spikes|p1a: Mandibuzz
|-sidestart|p1: gabagool merchant|Spikes
|move|p1a: Mandibuzz|Foul Play|p2a: Gliscor
|-damage|p2a: Gliscor|76/100
|
|-status|p2a: Gliscor|tox|[from] item: Toxic Orb
|upkeep
|turn|2
|
|t:|1779932112
|move|p2a: Gliscor|Spikes|p1a: Mandibuzz
|-sidestart|p1: gabagool merchant|Spikes
|move|p1a: Mandibuzz|Foul Play|p2a: Gliscor
|-damage|p2a: Gliscor|53/100 tox
|
|-heal|p2a: Gliscor|66/100 tox|[from] ability: Poison Heal
|upkeep
|turn|3
|
|t:|1779932116
|move|p2a: Gliscor|Toxic|p1a: Mandibuzz
|-status|p1a: Mandibuzz|tox
|move|p1a: Mandibuzz|Defog|p2a: Gliscor
|-unboost|p2a: Gliscor|evasion|1
|-sideend|p1: gabagool merchant|Spikes|[from] move: Defog|[of] p1a: Mandibuzz
|
|-heal|p2a: Gliscor|78/100 tox|[from] ability: Poison Heal
|-damage|p1a: Mandibuzz|94/100 tox|[from] psn
|upkeep
|turn|4
|
|t:|1779932122
|switch|p1a: Torkoal|Torkoal, M|100/100
|-weather|SunnyDay|[from] ability: Drought|[of] p1a: Torkoal
|move|p2a: Gliscor|Spikes|p1a: Torkoal
|-sidestart|p1: gabagool merchant|Spikes
|
|-weather|SunnyDay|[upkeep]
|-heal|p2a: Gliscor|91/100 tox|[from] ability: Poison Heal
|upkeep
|turn|5
|
|t:|1779932125
|move|p2a: Gliscor|Earthquake|p1a: Torkoal
|-supereffective|p1a: Torkoal
|-damage|p1a: Torkoal|55/100
|move|p1a: Torkoal|Rapid Spin|p2a: Gliscor
|-damage|p2a: Gliscor|83/100 tox
|-boost|p1a: Torkoal|spe|1
|-sideend|p1: gabagool merchant|Spikes|[from] move: Rapid Spin|[of] p1a: Torkoal
|
|-weather|SunnyDay|[upkeep]
|-heal|p2a: Gliscor|95/100 tox|[from] ability: Poison Heal
|upkeep
|turn|6
|
|t:|1779932134
|switch|p1a: Walking Wake|Walking Wake|100/100
|-activate|p1a: Walking Wake|ability: Protosynthesis
|-start|p1a: Walking Wake|protosynthesisspe
|move|p2a: Gliscor|Earthquake|p1a: Walking Wake
|-damage|p1a: Walking Wake|61/100
|
|-weather|SunnyDay|[upkeep]
|-heal|p2a: Gliscor|100/100 tox|[from] ability: Poison Heal
|upkeep
|turn|7
|
|t:|1779932140
|-terastallize|p1a: Walking Wake|Water
|move|p1a: Walking Wake|Hydro Steam|p2a: Gliscor
|-supereffective|p2a: Gliscor
|-damage|p2a: Gliscor|0 fnt
|faint|p2a: Gliscor
|
|-weather|SunnyDay|[upkeep]
|upkeep
|
|t:|1779932146
|switch|p2a: Blissey|Blissey, F|100/100
|turn|8
|
|t:|1779932155
|-end|p1a: Walking Wake|Protosynthesis|[silent]
|switch|p1a: Cinderace|Cinderace, M|100/100
|move|p2a: Blissey|Stealth Rock|p1a: Cinderace
|-sidestart|p1: gabagool merchant|move: Stealth Rock
|
|-weather|SunnyDay|[upkeep]
|upkeep
|turn|9
|
|t:|1779932163
|move|p1a: Cinderace|Pyro Ball|p2a: Blissey
|-damage|p2a: Blissey|0 fnt
|faint|p2a: Blissey
|
|-weather|SunnyDay|[upkeep]
|upkeep
|
|t:|1779932170
|switch|p2a: Walking Wake|Walking Wake|100/100
|-activate|p2a: Walking Wake|ability: Protosynthesis
|-start|p2a: Walking Wake|protosynthesisspe
|turn|10
|
|t:|1779932183
|move|p1a: Cinderace|Sucker Punch|p2a: Walking Wake
|-start|p1a: Cinderace|typechange|Dark|[from] ability: Libero
|-damage|p2a: Walking Wake|62/100
|move|p2a: Walking Wake|Draco Meteor|p1a: Cinderace
|-damage|p1a: Cinderace|0 fnt
|-unboost|p2a: Walking Wake|spa|2
|faint|p1a: Cinderace
|
|-weather|SunnyDay|[upkeep]
|upkeep
|
|t:|1779932188
|switch|p1a: Magnezone|Magnezone|100/100
|-damage|p1a: Magnezone|94/100|[from] Stealth Rock
|turn|11
|
|t:|1779932199
|move|p2a: Walking Wake|Draco Meteor|p1a: Magnezone
|-resisted|p1a: Magnezone
|-damage|p1a: Magnezone|72/100
|-unboost|p2a: Walking Wake|spa|2
|move|p1a: Magnezone|Thunderbolt|p2a: Walking Wake
|-damage|p2a: Walking Wake|0 fnt
|faint|p2a: Walking Wake
|-end|p2a: Walking Wake|Protosynthesis|[silent]
|-damage|p1a: Magnezone|62/100|[from] item: Life Orb
|
|-weather|none
|upkeep
|
|t:|1779932208
|switch|p2a: Pecharunt|Pecharunt|100/100
|turn|12
|
|t:|1779932215
|move|p2a: Pecharunt|Parting Shot|p1a: Magnezone
|-unboost|p1a: Magnezone|atk|1
|-unboost|p1a: Magnezone|spa|1
|
|t:|1779932220
|switch|p2a: Ogerpon|Ogerpon, F|100/100|[from] Parting Shot
|move|p1a: Magnezone|Volt Switch|p2a: Ogerpon
|-resisted|p2a: Ogerpon
|-damage|p2a: Ogerpon|82/100
|-damage|p1a: Magnezone|52/100|[from] item: Life Orb
|
|t:|1779932224
|switch|p1a: Mandibuzz|Mandibuzz, F, shiny|94/100 tox|[from] Volt Switch
|-damage|p1a: Mandibuzz|70/100 tox|[from] Stealth Rock
|
|-damage|p1a: Mandibuzz|64/100 tox|[from] psn
|upkeep
|turn|13
|
|t:|1779932229
|move|p2a: Ogerpon|U-turn|p1a: Mandibuzz
|-damage|p1a: Mandibuzz|49/100 tox
|-damage|p2a: Ogerpon|65/100|[from] item: Rocky Helmet|[of] p1a: Mandibuzz
|
|t:|1779932249
|switch|p2a: Corviknight|Corviknight, M|100/100|[from] U-turn
|-ability|p2a: Corviknight|Pressure
|move|p1a: Mandibuzz|Roost|p1a: Mandibuzz
|-heal|p1a: Mandibuzz|99/100 tox
|-singleturn|p1a: Mandibuzz|move: Roost
|
|-damage|p1a: Mandibuzz|87/100 tox|[from] psn
|upkeep
|turn|14
|
|t:|1779932257
|move|p1a: Mandibuzz|Defog|p2a: Corviknight
|-unboost|p2a: Corviknight|evasion|1
|-sideend|p1: gabagool merchant|Stealth Rock|[from] move: Defog|[of] p1a: Mandibuzz
|move|p2a: Corviknight|Body Press|p1a: Mandibuzz
|-damage|p1a: Mandibuzz|71/100 tox
|-damage|p2a: Corviknight|84/100|[from] item: Rocky Helmet|[of] p1a: Mandibuzz
|
|-damage|p1a: Mandibuzz|53/100 tox|[from] psn
|upkeep
|turn|15
|
|t:|1779932268
|switch|p1a: Torkoal|Torkoal, M|55/100
|-weather|SunnyDay|[from] ability: Drought|[of] p1a: Torkoal
|move|p2a: Corviknight|U-turn|p1a: Torkoal
|-resisted|p1a: Torkoal
|-damage|p1a: Torkoal|50/100
|
|t:|1779932279
|switch|p2a: Pecharunt|Pecharunt|100/100|[from] U-turn
|
|-weather|SunnyDay|[upkeep]
|upkeep
|turn|16
|
|t:|1779932291
|move|p2a: Pecharunt|Malignant Chain|p1a: Torkoal
|-damage|p1a: Torkoal|5/100
|move|p1a: Torkoal|Earth Power|p2a: Pecharunt
|-supereffective|p2a: Pecharunt
|-damage|p2a: Pecharunt|57/100
|
|-weather|SunnyDay|[upkeep]
|upkeep
|turn|17
|
|t:|1779932305
|move|p2a: Pecharunt|Recover|p2a: Pecharunt
|-heal|p2a: Pecharunt|100/100
|move|p1a: Torkoal|Earth Power|p2a: Pecharunt
|-supereffective|p2a: Pecharunt
|-damage|p2a: Pecharunt|55/100
|
|-weather|SunnyDay|[upkeep]
|upkeep
|turn|18
|
|t:|1779932321
|switch|p1a: Great Tusk|Great Tusk|100/100
|-activate|p1a: Great Tusk|ability: Protosynthesis
|-start|p1a: Great Tusk|protosynthesisatk
|move|p2a: Pecharunt|Recover|p2a: Pecharunt
|-heal|p2a: Pecharunt|100/100
|
|-weather|SunnyDay|[upkeep]
|upkeep
|turn|19
|
|t:|1779932330
|move|p1a: Great Tusk|Knock Off|p2a: Pecharunt
|-supereffective|p2a: Pecharunt
|-damage|p2a: Pecharunt|58/100
|-enditem|p2a: Pecharunt|Heavy-Duty Boots|[from] move: Knock Off|[of] p1a: Great Tusk
|move|p2a: Pecharunt|Parting Shot|p1a: Great Tusk
|-unboost|p1a: Great Tusk|atk|1
|-unboost|p1a: Great Tusk|spa|1
|
|t:|1779932338
|switch|p2a: Ogerpon|Ogerpon, F|65/100|[from] Parting Shot
|
|-weather|SunnyDay|[upkeep]
|upkeep
|turn|20
|
|t:|1779932342
|-end|p1a: Great Tusk|Protosynthesis|[silent]
|switch|p1a: Mandibuzz|Mandibuzz, F, shiny|53/100 tox
|move|p2a: Ogerpon|U-turn|p1a: Mandibuzz
|-damage|p1a: Mandibuzz|40/100 tox
|-damage|p2a: Ogerpon|49/100|[from] item: Rocky Helmet|[of] p1a: Mandibuzz
|
|t:|1779932347
|switch|p2a: Pecharunt|Pecharunt|58/100|[from] U-turn
|
|-weather|SunnyDay|[upkeep]
|-damage|p1a: Mandibuzz|34/100 tox|[from] psn
|upkeep
|turn|21
|
|t:|1779932351
|move|p2a: Pecharunt|Recover|p2a: Pecharunt
|-heal|p2a: Pecharunt|100/100
|move|p1a: Mandibuzz|Roost|p1a: Mandibuzz
|-heal|p1a: Mandibuzz|84/100 tox
|-singleturn|p1a: Mandibuzz|move: Roost
|
|-weather|SunnyDay|[upkeep]
|-damage|p1a: Mandibuzz|72/100 tox|[from] psn
|upkeep
|turn|22
|
|t:|1779932357
|switch|p1a: Magnezone|Magnezone|52/100
|move|p2a: Pecharunt|Parting Shot|p1a: Magnezone
|-unboost|p1a: Magnezone|atk|1
|-unboost|p1a: Magnezone|spa|1
|
|t:|1779932361
|switch|p2a: Ogerpon|Ogerpon, F|49/100|[from] Parting Shot
|
|-weather|none
|upkeep
|turn|23
|
|t:|1779932368
|switch|p1a: Torkoal|Torkoal, M|5/100
|-weather|SunnyDay|[from] ability: Drought|[of] p1a: Torkoal
|move|p2a: Ogerpon|Ivy Cudgel|p1a: Torkoal
|-resisted|p1a: Torkoal
|-damage|p1a: Torkoal|0 fnt
|faint|p1a: Torkoal
|
|-weather|SunnyDay|[upkeep]
|upkeep
|
|t:|1779932370
|switch|p1a: Walking Wake|Walking Wake, tera:Water|61/100
|-activate|p1a: Walking Wake|ability: Protosynthesis
|-start|p1a: Walking Wake|protosynthesisspe
|turn|24
|
|t:|1779932374
|move|p1a: Walking Wake|Flamethrower|p2a: Ogerpon
|-supereffective|p2a: Ogerpon
|-damage|p2a: Ogerpon|0 fnt
|faint|p2a: Ogerpon
|
|-weather|SunnyDay|[upkeep]
|upkeep
|
|t:|1779932380
|switch|p2a: Pecharunt|Pecharunt|100/100
|turn|25
|
|t:|1779932385
|-end|p1a: Walking Wake|Protosynthesis|[silent]
|switch|p1a: Magnezone|Magnezone|52/100
|move|p2a: Pecharunt|Parting Shot|p1a: Magnezone
|-unboost|p1a: Magnezone|atk|1
|-unboost|p1a: Magnezone|spa|1
|
|t:|1779932389
|switch|p2a: Corviknight|Corviknight, M|84/100|[from] Parting Shot
|-ability|p2a: Corviknight|Pressure
|
|-weather|SunnyDay|[upkeep]
|upkeep
|turn|26
|
|t:|1779932393
|move|p2a: Corviknight|U-turn|p1a: Magnezone
|-resisted|p1a: Magnezone
|-damage|p1a: Magnezone|45/100
|
|t:|1779932400
|switch|p2a: Pecharunt|Pecharunt|100/100|[from] U-turn
|move|p1a: Magnezone|Volt Switch|p2a: Pecharunt
|-damage|p2a: Pecharunt|67/100
|-damage|p1a: Magnezone|35/100|[from] item: Life Orb
|
|t:|1779932402
|switch|p1a: Walking Wake|Walking Wake, tera:Water|61/100|[from] Volt Switch
|-activate|p1a: Walking Wake|ability: Protosynthesis
|-start|p1a: Walking Wake|protosynthesisspe
|
|-weather|SunnyDay|[upkeep]
|upkeep
|turn|27
|c|☆gabagool merchant|gg
|
|t:|1779932407
|move|p1a: Walking Wake|Hydro Steam|p2a: Pecharunt
|-damage|p2a: Pecharunt|0 fnt
|faint|p2a: Pecharunt
|
|-weather|SunnyDay|[upkeep]
|upkeep
|
|t:|1779932412
|switch|p2a: Corviknight|Corviknight, M|84/100
|-ability|p2a: Corviknight|Pressure
|turn|28
|
|t:|1779932417
|move|p1a: Walking Wake|Hydro Steam|p2a: Corviknight
|-damage|p2a: Corviknight|0 fnt
|faint|p2a: Corviknight
|
|win|gabagool merchant
|raw|gabagool merchant's rating: 1077 &rarr; <strong>1110</strong><br />(+33 for winning)
|raw|npctypebeat's rating: 1132 &rarr; <strong>1103</strong><br />(-29 for losing)
|c|☆npctypebeat|gg
