|j|☆tri traa
|j|☆claudechamp
|t:|1779816908
|gametype|singles
|player|p1|tri traa|266|1043
|player|p2|claudechamp|265|1090
|gen|9
|tier|[Gen 9] OU
|rated|
|rule|HP Percentage Mod: HP is shown in percentages
|rule|Endless Battle Clause: Forcing endless battles is banned
|rule|Species Clause: Limit one of each Pokémon
|rule|OHKO Clause: OHKO moves are banned
|rule|Evasion Items Clause: Evasion items are banned
|rule|Evasion Moves Clause: Evasion moves are banned
|rule|Evasion Abilities Clause: Evasion abilities are banned
|rule|Sleep Moves Clause: Sleep-inducing moves are banned
|clearpoke
|poke|p1|Dragonite, F|
|poke|p1|Chansey, F|
|poke|p1|Darkrai|
|poke|p1|Gliscor, M|
|poke|p1|Rillaboom, F|
|poke|p1|Hatterene, F|
|poke|p2|Gliscor, M|
|poke|p2|Gholdengo|
|poke|p2|Zamazenta-*|
|poke|p2|Blissey, F|
|poke|p2|Skarmory, F|
|poke|p2|Pecharunt|
|teampreview
|inactive|Battle timer is ON: inactive players will automatically lose when time's up. (requested by tri traa)
|c|☆claudechamp|hf
|
|t:|1779816913
|teamsize|p1|6
|teamsize|p2|6
|start
|switch|p1a: Chansey|Chansey, F, shiny|100/100
|switch|p2a: Skarmory|Skarmory, F|100/100
|turn|1
|inactive|claudechamp also wants the timer to be on.
|
|t:|1779816926
|move|p2a: Skarmory|Spikes|p1a: Chansey
|-sidestart|p1: tri traa|Spikes
|move|p1a: Chansey|Thunder Wave|p2a: Skarmory
|-status|p2a: Skarmory|par
|
|upkeep
|turn|2
|
|t:|1779816932
|move|p1a: Chansey|Stealth Rock|p2a: Skarmory
|-sidestart|p2: claudechamp|move: Stealth Rock
|move|p2a: Skarmory|Spikes|p1a: Chansey
|-sidestart|p1: tri traa|Spikes
|
|upkeep
|turn|3
|
|t:|1779816938
|switch|p2a: Gliscor|Gliscor, M|100/100
|-damage|p2a: Gliscor|88/100|[from] Stealth Rock
|move|p1a: Chansey|Copycat|p1a: Chansey
|move|p1a: Chansey|Spikes|p2a: Gliscor|[from] move: Copycat
|-sidestart|p2: claudechamp|Spikes
|
|-status|p2a: Gliscor|tox|[from] item: Toxic Orb
|upkeep
|turn|4
|
|t:|1779816950
|move|p2a: Gliscor|Swords Dance|p2a: Gliscor
|-boost|p2a: Gliscor|atk|2
|move|p1a: Chansey|Copycat|p1a: Chansey
|move|p1a: Chansey|Swords Dance|p1a: Chansey|[from] move: Copycat
|-boost|p1a: Chansey|atk|2
|
|-heal|p2a: Gliscor|100/100 tox|[from] ability: Poison Heal
|upkeep
|turn|5
|
|t:|1779816966
|switch|p1a: Dragonite|Dragonite, F, shiny|100/100
|move|p2a: Gliscor|Earthquake|p1a: Dragonite
|-immune|p1a: Dragonite
|
|upkeep
|turn|6
|
|t:|1779816973
|move|p1a: Dragonite|Ice Punch|p2a: Gliscor
|-supereffective|p2a: Gliscor
|-damage|p2a: Gliscor|0 fnt
|faint|p2a: Gliscor
|
|upkeep
|
|t:|1779816980
|switch|p2a: Zamazenta|Zamazenta|100/100
|-ability|p2a: Zamazenta|Dauntless Shield|boost
|-boost|p2a: Zamazenta|def|1
|turn|7
|
|t:|1779816993
|switch|p1a: Chansey|Chansey, F, shiny|100/100
|-damage|p1a: Chansey|84/100|[from] Spikes
|move|p2a: Zamazenta|Ice Fang|p1a: Chansey
|-damage|p1a: Chansey|46/100
|
|upkeep
|turn|8
|
|t:|1779817000
|move|p2a: Zamazenta|Close Combat|p1a: Chansey
|-supereffective|p1a: Chansey
|-damage|p1a: Chansey|0 fnt
|-unboost|p2a: Zamazenta|def|1
|-unboost|p2a: Zamazenta|spd|1
|faint|p1a: Chansey
|
|upkeep
|
|t:|1779817004
|switch|p1a: Hatterene|Hatterene, F, shiny|100/100
|-damage|p1a: Hatterene|84/100|[from] Spikes
|turn|9
|
|t:|1779817009
|switch|p2a: Pecharunt|Pecharunt|100/100
|move|p1a: Hatterene|Trick Room|p1a: Hatterene
|-fieldstart|move: Trick Room|[of] p1a: Hatterene
|
|upkeep
|turn|10
|
|t:|1779817017
|-terastallize|p1a: Hatterene|Steel
|move|p1a: Hatterene|Psyshock|p2a: Pecharunt
|-supereffective|p2a: Pecharunt
|-damage|p2a: Pecharunt|58/100
|move|p2a: Pecharunt|Shadow Ball|p1a: Hatterene
|-damage|p1a: Hatterene|56/100
|
|upkeep
|turn|11
|
|t:|1779817028
|switch|p2a: Skarmory|Skarmory, F|100/100 par
|move|p1a: Hatterene|Psyshock|p2a: Skarmory
|-resisted|p2a: Skarmory
|-damage|p2a: Skarmory|86/100 par
|
|upkeep
|turn|12
|
|t:|1779817033
|move|p1a: Hatterene|Mystical Fire|p2a: Skarmory
|-supereffective|p2a: Skarmory
|-damage|p2a: Skarmory|17/100 par
|-unboost|p2a: Skarmory|spa|1
|move|p2a: Skarmory|Body Press|p1a: Hatterene
|-supereffective|p1a: Hatterene
|-damage|p1a: Hatterene|0 fnt
|faint|p1a: Hatterene
|
|upkeep
|
|t:|1779817043
|switch|p1a: Gliscor|Gliscor, M|100/100
|turn|13
|
|t:|1779817050
|switch|p2a: Zamazenta|Zamazenta|100/100
|move|p1a: Gliscor|Protect||[still]
|-fail|p1a: Gliscor
|
|-fieldend|move: Trick Room
|-status|p1a: Gliscor|tox|[from] item: Toxic Orb
|upkeep
|turn|14
|
|t:|1779817058
|move|p2a: Zamazenta|Ice Fang|p1a: Gliscor
|-supereffective|p1a: Gliscor
|-damage|p1a: Gliscor|25/100 tox
|move|p1a: Gliscor|Toxic|p2a: Zamazenta
|-status|p2a: Zamazenta|tox
|
|-damage|p2a: Zamazenta|94/100 tox|[from] psn
|-heal|p1a: Gliscor|37/100 tox|[from] ability: Poison Heal
|upkeep
|turn|15
|
|t:|1779817067
|move|p1a: Gliscor|Protect|p1a: Gliscor
|-singleturn|p1a: Gliscor|Protect
|move|p2a: Zamazenta|Ice Fang|p1a: Gliscor
|-activate|p1a: Gliscor|move: Protect
|
|-damage|p2a: Zamazenta|82/100 tox|[from] psn
|-heal|p1a: Gliscor|50/100 tox|[from] ability: Poison Heal
|upkeep
|turn|16
|
|t:|1779817081
|move|p2a: Zamazenta|Ice Fang|p1a: Gliscor
|-supereffective|p1a: Gliscor
|-damage|p1a: Gliscor|0 fnt
|faint|p1a: Gliscor
|
|-damage|p2a: Zamazenta|64/100 tox|[from] psn
|upkeep
|
|t:|1779817092
|switch|p1a: Darkrai|Darkrai|100/100
|-damage|p1a: Darkrai|84/100|[from] Spikes
|turn|17
|
|t:|1779817095
|-terastallize|p2a: Zamazenta|Ice
|move|p2a: Zamazenta|Ice Fang|p1a: Darkrai
|-damage|p1a: Darkrai|42/100
|move|p1a: Darkrai|Hex|p2a: Zamazenta
|-crit|p2a: Zamazenta
|-damage|p2a: Zamazenta|0 fnt
|faint|p2a: Zamazenta
|-damage|p1a: Darkrai|32/100|[from] item: Life Orb
|
|upkeep
|
|t:|1779817098
|switch|p2a: Blissey|Blissey, F|100/100
|turn|18
|
|t:|1779817113
|move|p1a: Darkrai|Dark Pulse|p2a: Blissey
|-damage|p2a: Blissey|83/100
|-damage|p1a: Darkrai|22/100|[from] item: Life Orb
|move|p2a: Blissey|Stealth Rock|p1a: Darkrai
|-sidestart|p1: tri traa|move: Stealth Rock
|
|upkeep
|turn|19
|
|t:|1779817120
|move|p1a: Darkrai|Dark Pulse|p2a: Blissey
|-damage|p2a: Blissey|64/100
|-damage|p1a: Darkrai|12/100|[from] item: Life Orb
|move|p2a: Blissey|Calm Mind|p2a: Blissey
|-boost|p2a: Blissey|spa|1
|-boost|p2a: Blissey|spd|1
|
|upkeep
|turn|20
|
|t:|1779817126
|move|p1a: Darkrai|Dark Pulse|p2a: Blissey
|-damage|p2a: Blissey|52/100
|-damage|p1a: Darkrai|2/100|[from] item: Life Orb
|move|p2a: Blissey|Soft-Boiled|p2a: Blissey
|-heal|p2a: Blissey|100/100
|
|upkeep
|turn|21
|
|t:|1779817130
|move|p1a: Darkrai|Dark Pulse|p2a: Blissey
|-damage|p2a: Blissey|89/100
|-damage|p1a: Darkrai|0 fnt|[from] item: Life Orb
|faint|p1a: Darkrai
|move|p2a: Blissey|Calm Mind|p2a: Blissey
|-boost|p2a: Blissey|spa|1
|-boost|p2a: Blissey|spd|1
|
|upkeep
|
|t:|1779817134
|switch|p1a: Rillaboom|Rillaboom, F, shiny|100/100
|-damage|p1a: Rillaboom|84/100|[from] Spikes
|-damage|p1a: Rillaboom|72/100|[from] Stealth Rock
|-fieldstart|move: Grassy Terrain|[from] ability: Grassy Surge|[of] p1a: Rillaboom
|turn|22
|
|t:|1779817140
|move|p1a: Rillaboom|Grassy Glide|p2a: Blissey
|-damage|p2a: Blissey|47/100
|move|p2a: Blissey|Shadow Ball|p1a: Rillaboom
|-damage|p1a: Rillaboom|44/100
|
|-heal|p1a: Rillaboom|51/100|[from] Grassy Terrain
|-heal|p2a: Blissey|53/100|[from] Grassy Terrain
|upkeep
|turn|23
|
|t:|1779817147
|switch|p2a: Pecharunt|Pecharunt|58/100
|move|p1a: Rillaboom|Knock Off|p2a: Pecharunt
|-supereffective|p2a: Pecharunt
|-damage|p2a: Pecharunt|23/100
|-enditem|p2a: Pecharunt|Heavy-Duty Boots|[from] move: Knock Off|[of] p1a: Rillaboom
|
|-heal|p1a: Rillaboom|57/100|[from] Grassy Terrain
|-heal|p2a: Pecharunt|29/100|[from] Grassy Terrain
|upkeep
|turn|24
|
|t:|1779817158
|move|p1a: Rillaboom|Earthquake|p2a: Pecharunt
|-supereffective|p2a: Pecharunt
|-damage|p2a: Pecharunt|12/100
|move|p2a: Pecharunt|Toxic|p1a: Rillaboom
|-status|p1a: Rillaboom|tox
|-start|p1a: Rillaboom|confusion|[from] ability: Poison Puppeteer|[of] p2a: Pecharunt
|
|-heal|p1a: Rillaboom|63/100 tox|[from] Grassy Terrain
|-heal|p2a: Pecharunt|18/100|[from] Grassy Terrain
|-damage|p1a: Rillaboom|57/100 tox|[from] psn
|upkeep
|turn|25
|
|t:|1779817163
|-activate|p1a: Rillaboom|confusion
|move|p1a: Rillaboom|Knock Off|p2a: Pecharunt
|-supereffective|p2a: Pecharunt
|-damage|p2a: Pecharunt|0 fnt
|faint|p2a: Pecharunt
|
|-heal|p1a: Rillaboom|63/100 tox|[from] Grassy Terrain
|-damage|p1a: Rillaboom|51/100 tox|[from] psn
|upkeep
|
|t:|1779817167
|switch|p2a: Gholdengo|Gholdengo|100/100
|-damage|p2a: Gholdengo|94/100|[from] Stealth Rock
|-damage|p2a: Gholdengo|82/100|[from] Spikes
|turn|26
|
|t:|1779817174
|-end|p1a: Rillaboom|confusion
|move|p1a: Rillaboom|Knock Off|p2a: Gholdengo
|-supereffective|p2a: Gholdengo
|-damage|p2a: Gholdengo|32/100
|-enditem|p2a: Gholdengo|Ability Shield|[from] move: Knock Off|[of] p1a: Rillaboom
|move|p2a: Gholdengo|Hex|p1a: Rillaboom
|-damage|p1a: Rillaboom|3/100 tox
|
|-heal|p1a: Rillaboom|9/100 tox|[from] Grassy Terrain
|-heal|p2a: Gholdengo|38/100|[from] Grassy Terrain
|-damage|p1a: Rillaboom|0 fnt|[from] psn
|faint|p1a: Rillaboom
|-fieldend|move: Grassy Terrain
|upkeep
|
|t:|1779817180
|switch|p1a: Dragonite|Dragonite, F, shiny|100/100
|-damage|p1a: Dragonite|75/100|[from] Stealth Rock
|turn|27
|
|t:|1779817188
|move|p1a: Dragonite|Outrage|p2a: Gholdengo
|-resisted|p2a: Gholdengo
|-damage|p2a: Gholdengo|5/100
|move|p2a: Gholdengo|Thunder Wave|p1a: Dragonite
|-status|p1a: Dragonite|par
|
|upkeep
|turn|28
|
|t:|1779817193
|move|p2a: Gholdengo|Hex|p1a: Dragonite
|-damage|p1a: Dragonite|16/100 par
|move|p1a: Dragonite|Outrage|p2a: Gholdengo|[from] lockedmove
|-resisted|p2a: Gholdengo
|-damage|p2a: Gholdengo|0 fnt
|faint|p2a: Gholdengo
|-start|p1a: Dragonite|confusion|[fatigue]
|
|upkeep
|
|t:|1779817200
|switch|p2a: Blissey|Blissey, F|53/100
|turn|29
|-message|tri traa forfeited.
|
|win|claudechamp
|raw|tri traa's rating: 1043 &rarr; <strong>1029</strong><br />(-14 for losing)
|raw|claudechamp's rating: 1095 &rarr; <strong>1117</strong><br />(+22 for winning)
|l|☆tri traa
|player|p1|
|c|☆claudechamp|gg
