|j|☆busto2412
|j|☆teamskullenoxa
|t:|1779887427
|gametype|singles
|player|p1|busto2412|hilbert|1578
|player|p2|teamskullenoxa|101|1586
|gen|9
|tier|[Gen 9] OU
|rated|
|rule|HP Percentage Mod: HP is shown in percentages
|rule|Endless Battle Clause: Forcing endless battles is banned
|rule|Species Clause: Limit one of each Pokémon
|rule|OHKO Clause: OHKO moves are banned
|rule|Evasion Items Clause: Evasion items are banned
|rule|Evasion Moves Clause: Evasion moves are banned
|rule|Evasion Abilities Clause: Evasion abilities are banned
|rule|Sleep Moves Clause: Sleep-inducing moves are banned
|clearpoke
|poke|p1|Ursaluna, M|
|poke|p1|Dragapult, M|
|poke|p1|Zapdos|
|poke|p1|Goodra-Hisui, M|
|poke|p1|Greninja-*, M|
|poke|p1|Zamazenta-*|
|poke|p2|Hatterene, F|
|poke|p2|Iron Treads|
|poke|p2|Toxicroak, F|
|poke|p2|Barraskewda, F|
|poke|p2|Zapdos|
|poke|p2|Pelipper, F|
|teampreview
|l|☆teamskullenoxa
|player|p2|
|
|t:|1779887463
|teamsize|p1|6
|teamsize|p2|6
|start
|switch|p1a: Zapdos|Zapdos, shiny|100/100
|switch|p2a: Pelipper|Pelipper, F|100/100
|-weather|RainDance|[from] ability: Drizzle|[of] p2a: Pelipper
|turn|1
|c|☆busto2412|gl
|j|☆teamskullenoxa
|player|p2|teamskullenoxa|101|
|
|t:|1779887516
|switch|p2a: Iron Treads|Iron Treads|100/100
|move|p1a: Zapdos|Heat Wave|p2a: Iron Treads
|-supereffective|p2a: Iron Treads
|-damage|p2a: Iron Treads|81/100
|
|-weather|RainDance|[upkeep]
|-heal|p2a: Iron Treads|87/100|[from] item: Leftovers
|upkeep
|turn|2
|
|t:|1779887524
|switch|p1a: Ursaluna|Ursaluna, M, shiny|100/100
|move|p2a: Iron Treads|Stealth Rock|p1a: Ursaluna
|-sidestart|p1: busto2412|move: Stealth Rock
|
|-weather|RainDance|[upkeep]
|-heal|p2a: Iron Treads|93/100|[from] item: Leftovers
|-status|p1a: Ursaluna|brn|[from] item: Flame Orb
|upkeep
|turn|3
|
|t:|1779887532
|-end|p2a: Iron Treads|Quark Drive|[silent]
|switch|p2a: Hatterene|Hatterene, F|100/100
|move|p1a: Ursaluna|Facade|p2a: Hatterene
|-damage|p2a: Hatterene|0 fnt
|faint|p2a: Hatterene
|
|-weather|RainDance|[upkeep]
|-damage|p1a: Ursaluna|94/100 brn|[from] brn
|upkeep
|
|t:|1779887564
|switch|p2a: Barraskewda|Barraskewda, F|100/100
|turn|4
|
|t:|1779887581
|switch|p1a: Goodra|Goodra-Hisui, M|100/100
|-damage|p1a: Goodra|94/100|[from] Stealth Rock
|-terastallize|p2a: Barraskewda|Water
|move|p2a: Barraskewda|Liquidation|p1a: Goodra
|-resisted|p1a: Goodra
|-damage|p1a: Goodra|33/100
|-ability|p1a: Goodra|Gooey
|-unboost|p2a: Barraskewda|spe|1
|
|-weather|RainDance|[upkeep]
|-heal|p1a: Goodra|39/100|[from] item: Leftovers
|upkeep
|turn|5
|
|t:|1779887608
|move|p2a: Barraskewda|Liquidation|p1a: Goodra
|-resisted|p1a: Goodra
|-damage|p1a: Goodra|0 fnt
|-ability|p1a: Goodra|Gooey
|-unboost|p2a: Barraskewda|spe|1
|faint|p1a: Goodra
|
|-weather|RainDance|[upkeep]
|upkeep
|
|t:|1779887618
|switch|p1a: Dragapult|Dragapult, M, shiny|100/100
|-damage|p1a: Dragapult|88/100|[from] Stealth Rock
|turn|6
|
|t:|1779887639
|move|p1a: Dragapult|Shadow Ball|p2a: Barraskewda
|-damage|p2a: Barraskewda|0 fnt
|faint|p2a: Barraskewda
|
|-weather|RainDance|[upkeep]
|upkeep
|
|t:|1779887651
|switch|p2a: Iron Treads|Iron Treads|93/100
|turn|7
|
|t:|1779887666
|switch|p1a: Ursaluna|Ursaluna, M, shiny|94/100 brn
|-damage|p1a: Ursaluna|88/100 brn|[from] Stealth Rock
|-end|p2a: Iron Treads|Quark Drive|[silent]
|switch|p2a: Zapdos|Zapdos|100/100
|
|-weather|RainDance|[upkeep]
|-damage|p1a: Ursaluna|82/100 brn|[from] brn
|upkeep
|turn|8
|
|t:|1779887675
|move|p2a: Zapdos|Weather Ball|p1a: Ursaluna
|-supereffective|p1a: Ursaluna
|-damage|p1a: Ursaluna|0 fnt
|faint|p1a: Ursaluna
|
|-weather|none
|upkeep
|
|t:|1779887681
|switch|p1a: Dragapult|Dragapult, M, shiny|88/100
|-damage|p1a: Dragapult|76/100|[from] Stealth Rock
|turn|9
|
|t:|1779887686
|switch|p2a: Iron Treads|Iron Treads|93/100
|move|p1a: Dragapult|Thunderbolt|p2a: Iron Treads
|-immune|p2a: Iron Treads
|
|-heal|p2a: Iron Treads|99/100|[from] item: Leftovers
|upkeep
|turn|10
|
|t:|1779887700
|switch|p1a: Zapdos|Zapdos, shiny|100/100
|move|p2a: Iron Treads|Volt Switch|p1a: Zapdos
|-damage|p1a: Zapdos|89/100
|
|t:|1779887724
|-end|p2a: Iron Treads|Quark Drive|[silent]
|switch|p2a: Zapdos|Zapdos|100/100|[from] Volt Switch
|
|upkeep
|turn|11
|
|t:|1779887747
|move|p2a: Zapdos|Hurricane|p1a: Zapdos
|-resisted|p1a: Zapdos
|-damage|p1a: Zapdos|52/100
|move|p1a: Zapdos|Discharge|p2a: Zapdos
|-damage|p2a: Zapdos|58/100
|
|upkeep
|turn|12
|
|t:|1779887754
|switch|p2a: Iron Treads|Iron Treads|99/100
|move|p1a: Zapdos|Roost|p1a: Zapdos
|-heal|p1a: Zapdos|100/100
|-singleturn|p1a: Zapdos|move: Roost
|
|-heal|p2a: Iron Treads|100/100|[from] item: Leftovers
|upkeep
|turn|13
|
|t:|1779887764
|move|p2a: Iron Treads|Volt Switch|p1a: Zapdos
|-crit|p1a: Zapdos
|-damage|p1a: Zapdos|83/100
|
|t:|1779887785
|-end|p2a: Iron Treads|Quark Drive|[silent]
|switch|p2a: Zapdos|Zapdos|58/100|[from] Volt Switch
|move|p1a: Zapdos|Heat Wave|p2a: Zapdos
|-damage|p2a: Zapdos|27/100
|
|upkeep
|turn|14
|
|t:|1779887794
|move|p2a: Zapdos|Thunder|p1a: Zapdos|[miss]
|-miss|p2a: Zapdos|p1a: Zapdos
|move|p1a: Zapdos|Heat Wave|p2a: Zapdos|[miss]
|-miss|p1a: Zapdos|p2a: Zapdos
|
|upkeep
|turn|15
|
|t:|1779887800
|switch|p2a: Pelipper|Pelipper, F|100/100
|-weather|RainDance|[from] ability: Drizzle|[of] p2a: Pelipper
|move|p1a: Zapdos|Discharge|p2a: Pelipper
|-supereffective|p2a: Pelipper
|-damage|p2a: Pelipper|0 fnt
|faint|p2a: Pelipper
|
|-weather|RainDance|[upkeep]
|upkeep
|
|t:|1779887809
|switch|p2a: Zapdos|Zapdos|27/100
|turn|16
|
|t:|1779887815
|move|p2a: Zapdos|Thunder|p1a: Zapdos
|-damage|p1a: Zapdos|0 fnt
|faint|p1a: Zapdos
|
|-weather|RainDance|[upkeep]
|upkeep
|
|t:|1779887820
|switch|p1a: Dragapult|Dragapult, M, shiny|76/100
|-damage|p1a: Dragapult|64/100|[from] Stealth Rock
|turn|17
|
|t:|1779887841
|switch|p2a: Iron Treads|Iron Treads|100/100
|move|p1a: Dragapult|Shadow Ball|p2a: Iron Treads
|-damage|p2a: Iron Treads|59/100
|
|-weather|RainDance|[upkeep]
|-heal|p2a: Iron Treads|65/100|[from] item: Leftovers
|upkeep
|turn|18
|
|t:|1779887855
|move|p1a: Dragapult|Shadow Ball|p2a: Iron Treads
|-damage|p2a: Iron Treads|26/100
|-unboost|p2a: Iron Treads|spd|1
|move|p2a: Iron Treads|Earthquake|p1a: Dragapult
|-damage|p1a: Dragapult|7/100
|
|-weather|RainDance|[upkeep]
|-heal|p2a: Iron Treads|32/100|[from] item: Leftovers
|upkeep
|turn|19
|
|t:|1779887864
|move|p1a: Dragapult|Shadow Ball|p2a: Iron Treads
|-damage|p2a: Iron Treads|0 fnt
|faint|p2a: Iron Treads
|-end|p2a: Iron Treads|Quark Drive|[silent]
|
|-weather|RainDance|[upkeep]
|upkeep
|
|t:|1779887867
|switch|p2a: Toxicroak|Toxicroak, F|100/100
|turn|20
|
|t:|1779887870
|move|p1a: Dragapult|Shadow Ball|p2a: Toxicroak
|-damage|p2a: Toxicroak|35/100
|-unboost|p2a: Toxicroak|spd|1
|move|p2a: Toxicroak|Knock Off|p1a: Dragapult
|-supereffective|p1a: Dragapult
|-damage|p1a: Dragapult|0 fnt
|-enditem|p1a: Dragapult|Choice Specs|[from] move: Knock Off|[of] p2a: Toxicroak
|faint|p1a: Dragapult
|
|-weather|RainDance|[upkeep]
|-heal|p2a: Toxicroak|47/100|[from] ability: Dry Skin
|upkeep
|
|t:|1779887881
|switch|p1a: Greninja|Greninja, M|100/100
|-damage|p1a: Greninja|88/100|[from] Stealth Rock
|turn|21
|
|t:|1779887886
|switch|p2a: Zapdos|Zapdos|27/100
|move|p1a: Greninja|Hydro Pump|p2a: Zapdos
|-damage|p2a: Zapdos|0 fnt
|faint|p2a: Zapdos
|-ability|p1a: Greninja|Battle Bond|boost
|-boost|p1a: Greninja|atk|1
|-boost|p1a: Greninja|spa|1
|-boost|p1a: Greninja|spe|1
|-activate|p1a: Greninja|ability: Battle Bond
|-damage|p1a: Greninja|78/100|[from] item: Life Orb
|
|-weather|RainDance|[upkeep]
|upkeep
|
|t:|1779887889
|switch|p2a: Toxicroak|Toxicroak, F|47/100
|turn|22
|
|t:|1779887898
|move|p1a: Greninja|Ice Beam|p2a: Toxicroak
|-damage|p2a: Toxicroak|0 fnt
|faint|p2a: Toxicroak
|-damage|p1a: Greninja|69/100|[from] item: Life Orb
|
|win|busto2412
|raw|busto2412's rating: 1578 &rarr; <strong>1598</strong><br />(+20 for winning)
|raw|teamskullenoxa's rating: 1586 &rarr; <strong>1566</strong><br />(-20 for losing)
|l|☆teamskullenoxa
|player|p2|
|c|☆busto2412|gg
|l|☆busto2412
|player|p1|
