|j|☆Realrap55
|j|☆Jazzuthy
|t:|1779888104
|gametype|singles
|player|p1|Realrap55|rocketgrunt|1268
|player|p2|Jazzuthy|veteran-gen4|1294
|gen|9
|tier|[Gen 9] OU
|rated|
|rule|HP Percentage Mod: HP is shown in percentages
|rule|Endless Battle Clause: Forcing endless battles is banned
|rule|Species Clause: Limit one of each Pokémon
|rule|OHKO Clause: OHKO moves are banned
|rule|Evasion Items Clause: Evasion items are banned
|rule|Evasion Moves Clause: Evasion moves are banned
|rule|Evasion Abilities Clause: Evasion abilities are banned
|rule|Sleep Moves Clause: Sleep-inducing moves are banned
|clearpoke
|poke|p1|Ogerpon-Wellspring, F|
|poke|p1|Rillaboom, F|
|poke|p1|Hawlucha, M|
|poke|p1|Iron Treads|
|poke|p1|Meowscarada, F|
|poke|p1|Raging Bolt|
|poke|p2|Salazzle, F|
|poke|p2|Goodra-Hisui, F|
|poke|p2|Cinccino, M|
|poke|p2|Dondozo, M|
|poke|p2|Comfey, M|
|poke|p2|Froslass, F|
|teampreview
|inactive|Battle timer is ON: inactive players will automatically lose when time's up. (requested by Realrap55)
|
|t:|1779888120
|teamsize|p1|6
|teamsize|p2|6
|start
|switch|p1a: Rillaboom|Rillaboom, F|100/100
|switch|p2a: Froslass|Froslass, F|100/100
|-fieldstart|move: Grassy Terrain|[from] ability: Grassy Surge|[of] p1a: Rillaboom
|turn|1
|
|t:|1779888128
|move|p2a: Froslass|Destiny Bond|p2a: Froslass
|-singlemove|p2a: Froslass|Destiny Bond
|move|p1a: Rillaboom|U-turn|p2a: Froslass
|-resisted|p2a: Froslass
|-damage|p2a: Froslass|67/100
|
|t:|1779888133
|switch|p1a: Hawlucha|Hawlucha, M, shiny|100/100|[from] U-turn
|-enditem|p1a: Hawlucha|Grassy Seed
|-boost|p1a: Hawlucha|def|1|[from] item: Grassy Seed
|
|-heal|p2a: Froslass|73/100|[from] Grassy Terrain
|upkeep
|turn|2
|
|t:|1779888141
|move|p1a: Hawlucha|Encore|p2a: Froslass
|-start|p2a: Froslass|Encore
|move|p2a: Froslass|Destiny Bond||[still]
|-fail|p2a: Froslass
|
|-heal|p2a: Froslass|79/100|[from] Grassy Terrain
|upkeep
|turn|3
|
|t:|1779888158
|switch|p2a: Dondozo|Dondozo, M|100/100
|move|p1a: Hawlucha|Swords Dance|p1a: Hawlucha
|-boost|p1a: Hawlucha|atk|2
|
|upkeep
|turn|4
|
|t:|1779888165
|move|p1a: Hawlucha|Acrobatics|p2a: Dondozo
|-damage|p2a: Dondozo|80/100
|move|p2a: Dondozo|Curse|p2a: Dondozo
|-unboost|p2a: Dondozo|spe|1
|-boost|p2a: Dondozo|atk|1
|-boost|p2a: Dondozo|def|1
|
|-heal|p2a: Dondozo|86/100|[from] Grassy Terrain
|-heal|p2a: Dondozo|93/100|[from] item: Leftovers
|upkeep
|turn|5
|
|t:|1779888175
|switch|p2a: Comfey|Comfey, M|100/100
|move|p1a: Hawlucha|Encore||[still]
|-fail|p1a: Hawlucha
|
|-fieldend|move: Grassy Terrain
|upkeep
|turn|6
|
|t:|1779888184
|move|p2a: Comfey|Draining Kiss|p1a: Hawlucha
|-supereffective|p1a: Hawlucha
|-damage|p1a: Hawlucha|34/100
|-damage|p2a: Comfey|91/100|[from] item: Life Orb
|move|p1a: Hawlucha|Acrobatics|p2a: Comfey
|-damage|p2a: Comfey|0 fnt
|faint|p2a: Comfey
|
|upkeep
|
|t:|1779888201
|switch|p2a: Salazzle|Salazzle, F|100/100
|turn|7
|
|t:|1779888209
|move|p1a: Hawlucha|Acrobatics|p2a: Salazzle
|-damage|p2a: Salazzle|0 fnt
|faint|p2a: Salazzle
|
|upkeep
|
|t:|1779888213
|switch|p2a: Goodra|Goodra-Hisui, F|100/100
|turn|8
|
|t:|1779888217
|move|p1a: Hawlucha|Close Combat|p2a: Goodra
|-supereffective|p2a: Goodra
|-damage|p2a: Goodra|0 fnt
|-unboost|p1a: Hawlucha|def|1
|-unboost|p1a: Hawlucha|spd|1
|faint|p2a: Goodra
|
|upkeep
|
|t:|1779888227
|switch|p2a: Cinccino|Cinccino, M|100/100
|turn|9
|
|t:|1779888233
|move|p1a: Hawlucha|Acrobatics|p2a: Cinccino
|-damage|p2a: Cinccino|0 fnt
|faint|p2a: Cinccino
|
|upkeep
|
|t:|1779888241
|switch|p2a: Dondozo|Dondozo, M|93/100
|turn|10
|
|t:|1779888247
|move|p1a: Hawlucha|Close Combat|p2a: Dondozo
|-damage|p2a: Dondozo|67/100
|-unboost|p1a: Hawlucha|def|1
|-unboost|p1a: Hawlucha|spd|1
|move|p2a: Dondozo|Waterfall|p1a: Hawlucha
|-damage|p1a: Hawlucha|4/100
|
|-heal|p2a: Dondozo|74/100|[from] item: Leftovers
|upkeep
|turn|11
|
|t:|1779888257
|move|p1a: Hawlucha|Encore|p2a: Dondozo
|-start|p2a: Dondozo|Encore
|move|p2a: Dondozo|Waterfall|p1a: Hawlucha
|-damage|p1a: Hawlucha|0 fnt
|faint|p1a: Hawlucha
|
|-heal|p2a: Dondozo|80/100|[from] item: Leftovers
|upkeep
|-message|Jazzuthy forfeited.
|
|win|Realrap55
|raw|Realrap55's rating: 1268 &rarr; <strong>1295</strong><br />(+27 for winning)
|raw|Jazzuthy's rating: 1294 &rarr; <strong>1267</strong><br />(-27 for losing)
|l|☆Jazzuthy
|player|p2|
|l|☆Realrap55
|player|p1|
