|j|☆sbarbasun
|j|☆claudechamp
|t:|1779879333
|gametype|singles
|player|p1|sbarbasun|lance|1289
|player|p2|claudechamp|169|1307
|gen|9
|tier|[Gen 9] OU
|rated|
|rule|HP Percentage Mod: HP is shown in percentages
|rule|Endless Battle Clause: Forcing endless battles is banned
|rule|Species Clause: Limit one of each Pokémon
|rule|OHKO Clause: OHKO moves are banned
|rule|Evasion Items Clause: Evasion items are banned
|rule|Evasion Moves Clause: Evasion moves are banned
|rule|Evasion Abilities Clause: Evasion abilities are banned
|rule|Sleep Moves Clause: Sleep-inducing moves are banned
|clearpoke
|poke|p1|Umbreon, F|
|poke|p1|Glimmora, M|
|poke|p1|Pecharunt|
|poke|p1|Garchomp, M|
|poke|p1|Hydreigon, M|
|poke|p1|Rotom-Heat|
|poke|p2|Corviknight, M|
|poke|p2|Ting-Lu|
|poke|p2|Kyurem|
|poke|p2|Dondozo, F|
|poke|p2|Slowking-Galar, M|
|poke|p2|Cinderace, F|
|teampreview
|c|☆claudechamp|hf
|inactive|Battle timer is ON: inactive players will automatically lose when time's up. (requested by claudechamp)
|
|t:|1779879348
|teamsize|p1|6
|teamsize|p2|6
|start
|switch|p1a: Rotom|Rotom-Heat|100/100
|switch|p2a: Ting-Lu|Ting-Lu|100/100
|-ability|p2a: Ting-Lu|Vessel of Ruin
|turn|1
|
|t:|1779879359
|switch|p2a: Kyurem|Kyurem|100/100
|-ability|p2a: Kyurem|Pressure
|move|p1a: Rotom|Trick|p2a: Kyurem
|-activate|p1a: Rotom|move: Trick|[of] p2a: Kyurem
|-item|p2a: Kyurem|Choice Scarf|[from] move: Trick
|-item|p1a: Rotom|Leftovers|[from] move: Trick
|
|upkeep
|turn|2
|
|t:|1779879371
|move|p2a: Kyurem|Earth Power|p1a: Rotom
|-immune|p1a: Rotom|[from] ability: Levitate
|move|p1a: Rotom|Thunder Wave|p2a: Kyurem
|-status|p2a: Kyurem|par
|
|upkeep
|turn|3
|
|t:|1779879378
|switch|p2a: Ting-Lu|Ting-Lu|100/100
|-ability|p2a: Ting-Lu|Vessel of Ruin
|move|p1a: Rotom|Volt Switch|p2a: Ting-Lu
|-immune|p2a: Ting-Lu
|
|upkeep
|turn|4
|
|t:|1779879386
|switch|p1a: Hydreigon|Hydreigon, M|100/100
|move|p2a: Ting-Lu|Payback|p1a: Hydreigon
|-resisted|p1a: Hydreigon
|-damage|p1a: Hydreigon|90/100
|
|-heal|p1a: Hydreigon|97/100|[from] item: Leftovers
|upkeep
|turn|5
|
|t:|1779879395
|switch|p2a: Dondozo|Dondozo, F|100/100
|move|p1a: Hydreigon|Stealth Rock|p2a: Dondozo
|-sidestart|p2: claudechamp|move: Stealth Rock
|
|-heal|p1a: Hydreigon|100/100|[from] item: Leftovers
|upkeep
|turn|6
|
|t:|1779879406
|move|p1a: Hydreigon|Nasty Plot|p1a: Hydreigon
|-boost|p1a: Hydreigon|spa|2
|move|p2a: Dondozo|Body Press|p1a: Hydreigon
|-supereffective|p1a: Hydreigon
|-damage|p1a: Hydreigon|56/100
|
|-heal|p1a: Hydreigon|62/100|[from] item: Leftovers
|upkeep
|turn|7
|
|t:|1779879418
|move|p1a: Hydreigon|Dark Pulse|p2a: Dondozo
|-damage|p2a: Dondozo|70/100
|move|p2a: Dondozo|Body Press|p1a: Hydreigon
|-supereffective|p1a: Hydreigon
|-damage|p1a: Hydreigon|18/100
|
|-heal|p1a: Hydreigon|24/100|[from] item: Leftovers
|-heal|p2a: Dondozo|76/100|[from] item: Leftovers
|upkeep
|turn|8
|
|t:|1779879428
|switch|p1a: Pecharunt|Pecharunt|100/100
|-item|p1a: Pecharunt|Air Balloon
|move|p2a: Dondozo|Body Press|p1a: Pecharunt
|-immune|p1a: Pecharunt
|
|-heal|p2a: Dondozo|82/100|[from] item: Leftovers
|upkeep
|turn|9
|
|t:|1779879439
|move|p1a: Pecharunt|Nasty Plot|p1a: Pecharunt
|-boost|p1a: Pecharunt|spa|2
|move|p2a: Dondozo|Waterfall|p1a: Pecharunt
|-damage|p1a: Pecharunt|80/100
|-enditem|p1a: Pecharunt|Air Balloon
|
|-heal|p2a: Dondozo|89/100|[from] item: Leftovers
|upkeep
|turn|10
|
|t:|1779879450
|switch|p2a: Ting-Lu|Ting-Lu|100/100
|-damage|p2a: Ting-Lu|94/100|[from] Stealth Rock
|-ability|p2a: Ting-Lu|Vessel of Ruin
|move|p1a: Pecharunt|Malignant Chain|p2a: Ting-Lu
|-resisted|p2a: Ting-Lu
|-damage|p2a: Ting-Lu|77/100
|-status|p2a: Ting-Lu|tox
|-start|p2a: Ting-Lu|confusion|[from] ability: Poison Puppeteer|[of] p1a: Pecharunt
|
|-heal|p2a: Ting-Lu|83/100 tox|[from] item: Leftovers
|-damage|p2a: Ting-Lu|77/100 tox|[from] psn
|upkeep
|turn|11
|
|t:|1779879469
|switch|p1a: Garchomp|Garchomp, M|100/100
|-activate|p2a: Ting-Lu|confusion
|-damage|p2a: Ting-Lu|72/100 tox|[from] confusion
|
|-heal|p2a: Ting-Lu|78/100 tox|[from] item: Leftovers
|-damage|p2a: Ting-Lu|65/100 tox|[from] psn
|upkeep
|turn|12
|
|t:|1779879479
|switch|p2a: Cinderace|Cinderace, F|100/100
|move|p1a: Garchomp|Swords Dance|p1a: Garchomp
|-boost|p1a: Garchomp|atk|2
|
|upkeep
|turn|13
|
|t:|1779879487
|-terastallize|p2a: Cinderace|Fire
|move|p2a: Cinderace|Court Change|p2a: Cinderace
|-swapsideconditions
|-activate|p2a: Cinderace|move: Court Change
|move|p1a: Garchomp|Scale Shot|p2a: Cinderace
|-damage|p2a: Cinderace|76/100
|-damage|p2a: Cinderace|51/100
|-damage|p2a: Cinderace|26/100
|-damage|p2a: Cinderace|0 fnt
|faint|p2a: Cinderace
|-hitcount|p2: Cinderace|4
|-unboost|p1a: Garchomp|def|1
|-boost|p1a: Garchomp|spe|1
|
|upkeep
|
|t:|1779879491
|switch|p2a: Ting-Lu|Ting-Lu|65/100 tox
|-ability|p2a: Ting-Lu|Vessel of Ruin
|turn|14
|
|t:|1779879507
|move|p1a: Garchomp|Spikes|p2a: Ting-Lu
|-sidestart|p2: claudechamp|Spikes
|move|p2a: Ting-Lu|Earthquake|p1a: Garchomp
|-damage|p1a: Garchomp|66/100
|
|-heal|p2a: Ting-Lu|72/100 tox|[from] item: Leftovers
|-damage|p2a: Ting-Lu|65/100 tox|[from] psn
|upkeep
|turn|15
|
|t:|1779879516
|move|p1a: Garchomp|Iron Head|p2a: Ting-Lu
|-damage|p2a: Ting-Lu|41/100 tox
|move|p2a: Ting-Lu|Earthquake|p1a: Garchomp
|-damage|p1a: Garchomp|34/100
|
|-heal|p2a: Ting-Lu|47/100 tox|[from] item: Leftovers
|-damage|p2a: Ting-Lu|35/100 tox|[from] psn
|upkeep
|turn|16
|
|t:|1779879530
|move|p1a: Garchomp|Swords Dance|p1a: Garchomp
|-boost|p1a: Garchomp|atk|2
|move|p2a: Ting-Lu|Earthquake|p1a: Garchomp
|-damage|p1a: Garchomp|0 fnt
|faint|p1a: Garchomp
|
|-heal|p2a: Ting-Lu|41/100 tox|[from] item: Leftovers
|-damage|p2a: Ting-Lu|22/100 tox|[from] psn
|upkeep
|
|t:|1779879542
|switch|p1a: Umbreon|Umbreon, F|100/100
|-damage|p1a: Umbreon|88/100|[from] Stealth Rock
|turn|17
|
|t:|1779879551
|move|p1a: Umbreon|Wish|p1a: Umbreon
|move|p2a: Ting-Lu|Rest|p2a: Ting-Lu
|-status|p2a: Ting-Lu|slp|[from] move: Rest
|-heal|p2a: Ting-Lu|100/100 slp|[silent]
|
|-heal|p1a: Umbreon|94/100|[from] item: Leftovers
|upkeep
|turn|18
|
|t:|1779879567
|switch|p1a: Hydreigon|Hydreigon, M|24/100
|-damage|p1a: Hydreigon|12/100|[from] Stealth Rock
|switch|p2a: Dondozo|Dondozo, F|89/100
|-damage|p2a: Dondozo|76/100|[from] Spikes
|
|-heal|p1a: Hydreigon|72/100|[from] move: Wish|[wisher] Umbreon
|-heal|p1a: Hydreigon|78/100|[from] item: Leftovers
|-heal|p2a: Dondozo|82/100|[from] item: Leftovers
|upkeep
|turn|19
|
|t:|1779879582
|switch|p1a: Pecharunt|Pecharunt|80/100
|-damage|p1a: Pecharunt|68/100|[from] Stealth Rock
|move|p2a: Dondozo|Body Press|p1a: Pecharunt
|-immune|p1a: Pecharunt
|
|-heal|p2a: Dondozo|89/100|[from] item: Leftovers
|upkeep
|turn|20
|
|t:|1779879594
|move|p1a: Pecharunt|Recover|p1a: Pecharunt
|-heal|p1a: Pecharunt|100/100
|move|p2a: Dondozo|Waterfall|p1a: Pecharunt
|-damage|p1a: Pecharunt|81/100
|
|-heal|p2a: Dondozo|95/100|[from] item: Leftovers
|upkeep
|turn|21
|
|t:|1779879603
|move|p1a: Pecharunt|Nasty Plot|p1a: Pecharunt
|-boost|p1a: Pecharunt|spa|2
|move|p2a: Dondozo|Waterfall|p1a: Pecharunt
|-damage|p1a: Pecharunt|61/100
|
|-heal|p2a: Dondozo|100/100|[from] item: Leftovers
|upkeep
|turn|22
|
|t:|1779879611
|switch|p2a: Ting-Lu|Ting-Lu|100/100 slp
|-damage|p2a: Ting-Lu|88/100 slp|[from] Spikes
|-ability|p2a: Ting-Lu|Vessel of Ruin
|move|p1a: Pecharunt|Malignant Chain|p2a: Ting-Lu
|-resisted|p2a: Ting-Lu
|-damage|p2a: Ting-Lu|71/100 slp
|
|-heal|p2a: Ting-Lu|77/100 slp|[from] item: Leftovers
|upkeep
|turn|23
|
|t:|1779879623
|move|p1a: Pecharunt|Hex|p2a: Ting-Lu
|-resisted|p2a: Ting-Lu
|-damage|p2a: Ting-Lu|54/100 slp
|cant|p2a: Ting-Lu|slp
|
|-heal|p2a: Ting-Lu|60/100 slp|[from] item: Leftovers
|upkeep
|turn|24
|
|t:|1779879631
|move|p1a: Pecharunt|Recover|p1a: Pecharunt
|-heal|p1a: Pecharunt|100/100
|cant|p2a: Ting-Lu|slp
|
|-heal|p2a: Ting-Lu|66/100 slp|[from] item: Leftovers
|upkeep
|turn|25
|
|t:|1779879639
|switch|p2a: Dondozo|Dondozo, F|100/100
|-damage|p2a: Dondozo|88/100|[from] Spikes
|move|p1a: Pecharunt|Nasty Plot|p1a: Pecharunt
|-boost|p1a: Pecharunt|spa|2
|
|-heal|p2a: Dondozo|94/100|[from] item: Leftovers
|upkeep
|turn|26
|
|t:|1779879652
|move|p1a: Pecharunt|Malignant Chain|p2a: Dondozo
|-damage|p2a: Dondozo|70/100
|-status|p2a: Dondozo|tox
|-start|p2a: Dondozo|confusion|[from] ability: Poison Puppeteer|[of] p1a: Pecharunt
|-activate|p2a: Dondozo|confusion
|move|p2a: Dondozo|Waterfall|p1a: Pecharunt
|-damage|p1a: Pecharunt|79/100
|
|-heal|p2a: Dondozo|76/100 tox|[from] item: Leftovers
|-damage|p2a: Dondozo|70/100 tox|[from] psn
|upkeep
|turn|27
|
|t:|1779879667
|switch|p2a: Ting-Lu|Ting-Lu|66/100 slp
|-damage|p2a: Ting-Lu|54/100 slp|[from] Spikes
|-ability|p2a: Ting-Lu|Vessel of Ruin
|move|p1a: Pecharunt|Hex|p2a: Ting-Lu
|-resisted|p2a: Ting-Lu
|-damage|p2a: Ting-Lu|20/100 slp
|
|-heal|p2a: Ting-Lu|26/100 slp|[from] item: Leftovers
|upkeep
|turn|28
|
|t:|1779879678
|move|p1a: Pecharunt|Hex|p2a: Ting-Lu
|-resisted|p2a: Ting-Lu
|-damage|p2a: Ting-Lu|0 fnt
|faint|p2a: Ting-Lu
|
|upkeep
|
|t:|1779879690
|switch|p2a: Dondozo|Dondozo, F|70/100 tox
|-damage|p2a: Dondozo|57/100 tox|[from] Spikes
|turn|29
|
|t:|1779879706
|move|p1a: Pecharunt|Hex|p2a: Dondozo
|-damage|p2a: Dondozo|21/100 tox
|move|p2a: Dondozo|Waterfall|p1a: Pecharunt
|-damage|p1a: Pecharunt|57/100
|
|-heal|p2a: Dondozo|28/100 tox|[from] item: Leftovers
|-damage|p2a: Dondozo|21/100 tox|[from] psn
|upkeep
|turn|30
|
|t:|1779879721
|switch|p2a: Corviknight|Corviknight, M|100/100
|-ability|p2a: Corviknight|Pressure
|move|p1a: Pecharunt|Recover|p1a: Pecharunt
|-heal|p1a: Pecharunt|100/100
|
|upkeep
|turn|31
|
|t:|1779879736
|move|p1a: Pecharunt|Hex|p2a: Corviknight
|-damage|p2a: Corviknight|20/100
|move|p2a: Corviknight|U-turn|p1a: Pecharunt
|-resisted|p1a: Pecharunt
|-damage|p1a: Pecharunt|98/100
|inactive|claudechamp has 120 seconds left.
|
|t:|1779879752
|switch|p2a: Kyurem|Kyurem|100/100 par|[from] U-turn
|-damage|p2a: Kyurem|88/100 par|[from] Spikes
|-ability|p2a: Kyurem|Pressure
|
|upkeep
|turn|32
|inactive|claudechamp has 120 seconds left.
|
|t:|1779879766
|-terastallize|p1a: Pecharunt|Ghost
|move|p1a: Pecharunt|Hex|p2a: Kyurem
|-damage|p2a: Kyurem|0 fnt
|faint|p2a: Kyurem
|
|upkeep
|
|t:|1779879780
|switch|p2a: Dondozo|Dondozo, F|21/100 tox
|-damage|p2a: Dondozo|9/100 tox|[from] Spikes
|turn|33
|
|t:|1779879794
|move|p1a: Pecharunt|Hex|p2a: Dondozo
|-damage|p2a: Dondozo|0 fnt
|faint|p2a: Dondozo
|
|upkeep
|
|t:|1779879800
|switch|p2a: Corviknight|Corviknight, M|20/100
|-ability|p2a: Corviknight|Pressure
|turn|34
|
|t:|1779879811
|switch|p2a: Slowking|Slowking-Galar, M|100/100
|-damage|p2a: Slowking|88/100|[from] Spikes
|move|p1a: Pecharunt|Hex|p2a: Slowking
|-supereffective|p2a: Slowking
|-damage|p2a: Slowking|0 fnt
|faint|p2a: Slowking
|
|upkeep
|
|t:|1779879821
|switch|p2a: Corviknight|Corviknight, M|20/100
|-ability|p2a: Corviknight|Pressure
|turn|35
|
|t:|1779879828
|move|p1a: Pecharunt|Hex|p2a: Corviknight
|-damage|p2a: Corviknight|0 fnt
|faint|p2a: Corviknight
|
|win|sbarbasun
|raw|sbarbasun's rating: 1289 &rarr; <strong>1316</strong><br />(+27 for winning)
|raw|claudechamp's rating: 1319 &rarr; <strong>1297</strong><br />(-22 for losing)
|c|☆claudechamp|gg
