|j|☆suettam
|j|☆luxalepe2021
|t:|1779946283
|gametype|singles
|player|p1|suettam|backpackerf|1000
|player|p2|luxalepe2021|101|1049
|gen|9
|tier|[Gen 9] OU
|rated|
|rule|HP Percentage Mod: HP is shown in percentages
|rule|Endless Battle Clause: Forcing endless battles is banned
|rule|Species Clause: Limit one of each Pokémon
|rule|OHKO Clause: OHKO moves are banned
|rule|Evasion Items Clause: Evasion items are banned
|rule|Evasion Moves Clause: Evasion moves are banned
|rule|Evasion Abilities Clause: Evasion abilities are banned
|rule|Sleep Moves Clause: Sleep-inducing moves are banned
|clearpoke
|poke|p1|Gliscor, F|
|poke|p1|Gholdengo|
|poke|p1|Dragonite, M|
|poke|p1|Ting-Lu|
|poke|p1|Darkrai|
|poke|p1|Zamazenta-*|
|poke|p2|Toxapex, F|
|poke|p2|Skeledirge, F|
|poke|p2|Serperior, F|
|poke|p2|Goodra-Hisui, M|
|poke|p2|Scizor, F|
|poke|p2|Thundurus-Therian, M|
|teampreview
|inactive|Battle timer is ON: inactive players will automatically lose when time's up. (requested by suettam)
|
|t:|1779946323
|teamsize|p1|6
|teamsize|p2|6
|start
|switch|p1a: Style|Ting-Lu|100/100
|switch|p2a: Serperior|Serperior, F|100/100
|-ability|p1a: Style|Vessel of Ruin
|turn|1
|
|t:|1779946337
|move|p2a: Serperior|Taunt|p1a: Style
|-start|p1a: Style|move: Taunt
|cant|p1a: Style|move: Taunt|Whirlwind
|
|upkeep
|turn|2
|
|t:|1779946353
|switch|p1a: Overrated|Darkrai|100/100
|move|p2a: Serperior|Glare|p1a: Overrated
|-status|p1a: Overrated|par
|
|upkeep
|turn|3
|
|t:|1779946373
|move|p2a: Serperior|Taunt|p1a: Overrated
|-start|p1a: Overrated|move: Taunt
|move|p1a: Overrated|Knock Off|p2a: Serperior
|-damage|p2a: Serperior|64/100
|-enditem|p2a: Serperior|Focus Sash|[from] move: Knock Off|[of] p1a: Overrated
|
|upkeep
|turn|4
|
|t:|1779946391
|move|p2a: Serperior|Leaf Storm|p1a: Overrated
|-damage|p1a: Overrated|42/100 par
|-boost|p2a: Serperior|spa|2
|cant|p1a: Overrated|par
|
|upkeep
|turn|5
|
|t:|1779946399
|move|p2a: Serperior|Leaf Storm|p1a: Overrated
|-damage|p1a: Overrated|0 fnt
|-boost|p2a: Serperior|spa|2
|faint|p1a: Overrated
|
|upkeep
|c|☆suettam|Bruuuuuh
|
|t:|1779946414
|switch|p1a: Auuuuuu|Zamazenta|100/100
|-ability|p1a: Auuuuuu|Dauntless Shield|boost
|-boost|p1a: Auuuuuu|def|1
|turn|6
|
|t:|1779946424
|move|p1a: Auuuuuu|Close Combat|p2a: Serperior
|-damage|p2a: Serperior|0 fnt
|-unboost|p1a: Auuuuuu|def|1
|-unboost|p1a: Auuuuuu|spd|1
|faint|p2a: Serperior
|
|upkeep
|
|t:|1779946432
|switch|p2a: Toxapex|Toxapex, F|100/100
|turn|7
|
|t:|1779946443
|switch|p1a: Style|Ting-Lu|100/100
|-ability|p1a: Style|Vessel of Ruin
|move|p2a: Toxapex|Infestation|p1a: Style
|-supereffective|p1a: Style
|-damage|p1a: Style|98/100
|-activate|p1a: Style|move: Infestation|[of] p2a: Toxapex
|
|-heal|p1a: Style|100/100|[from] item: Leftovers
|-damage|p1a: Style|88/100|[from] move: Infestation|[partiallytrapped]
|upkeep
|turn|8
|
|t:|1779946456
|move|p1a: Style|Stealth Rock|p2a: Toxapex
|-sidestart|p2: luxalepe2021|move: Stealth Rock
|move|p2a: Toxapex|Toxic|p1a: Style
|-status|p1a: Style|tox
|
|-heal|p1a: Style|94/100 tox|[from] item: Leftovers
|-damage|p1a: Style|88/100 tox|[from] psn
|-damage|p1a: Style|76/100 tox|[from] move: Infestation|[partiallytrapped]
|upkeep
|turn|9
|
|t:|1779946468
|move|p2a: Toxapex|Haze|p2a: Toxapex
|-clearallboost
|move|p1a: Style|Whirlwind|p2a: Toxapex
|drag|p2a: Goodra|Goodra-Hisui, M|100/100
|-damage|p2a: Goodra|94/100|[from] Stealth Rock
|
|-heal|p1a: Style|82/100 tox|[from] item: Leftovers
|-damage|p1a: Style|69/100 tox|[from] psn
|-end|p1a: Style|Infestation|[partiallytrapped]|[silent]
|upkeep
|turn|10
|
|t:|1779946483
|move|p2a: Goodra|Ice Beam|p1a: Style
|-supereffective|p1a: Style
|-damage|p1a: Style|46/100 tox
|move|p1a: Style|Ruination|p2a: Goodra
|-damage|p2a: Goodra|47/100
|
|-heal|p1a: Style|52/100 tox|[from] item: Leftovers
|-damage|p1a: Style|33/100 tox|[from] psn
|upkeep
|turn|11
|
|t:|1779946495
|move|p2a: Goodra|Ice Beam|p1a: Style
|-supereffective|p1a: Style
|-damage|p1a: Style|9/100 tox
|move|p1a: Style|Ruination|p2a: Goodra
|-damage|p2a: Goodra|24/100
|
|-heal|p1a: Style|16/100 tox|[from] item: Leftovers
|-damage|p1a: Style|0 fnt|[from] psn
|faint|p1a: Style
|upkeep
|
|t:|1779946501
|switch|p1a: Auuuuuu|Zamazenta|100/100
|turn|12
|
|t:|1779946518
|switch|p2a: Skeledirge|Skeledirge, F|100/100
|-damage|p2a: Skeledirge|75/100|[from] Stealth Rock
|move|p1a: Auuuuuu|Crunch|p2a: Skeledirge
|-supereffective|p2a: Skeledirge
|-damage|p2a: Skeledirge|30/100
|
|-heal|p2a: Skeledirge|36/100|[from] item: Leftovers
|upkeep
|turn|13
|
|t:|1779946529
|move|p1a: Auuuuuu|Crunch|p2a: Skeledirge
|-supereffective|p2a: Skeledirge
|-damage|p2a: Skeledirge|0 fnt
|faint|p2a: Skeledirge
|
|upkeep
|
|t:|1779946534
|switch|p2a: Toxapex|Toxapex, F|100/100
|-damage|p2a: Toxapex|88/100|[from] Stealth Rock
|turn|14
|
|t:|1779946545
|switch|p1a: Fighting Ghold|Gholdengo|100/100
|move|p2a: Toxapex|Infestation|p1a: Fighting Ghold
|-resisted|p1a: Fighting Ghold
|-damage|p1a: Fighting Ghold|99/100
|-activate|p1a: Fighting Ghold|move: Infestation|[of] p2a: Toxapex
|
|-heal|p2a: Toxapex|94/100|[from] item: Black Sludge
|-damage|p1a: Fighting Ghold|87/100|[from] move: Infestation|[partiallytrapped]
|upkeep
|turn|15
|
|t:|1779946555
|move|p1a: Fighting Ghold|Trick|p2a: Toxapex
|-activate|p1a: Fighting Ghold|move: Trick|[of] p2a: Toxapex
|-item|p2a: Toxapex|Choice Scarf|[from] move: Trick
|-item|p1a: Fighting Ghold|Black Sludge|[from] move: Trick
|move|p2a: Toxapex|Recover|p2a: Toxapex
|-heal|p2a: Toxapex|100/100
|
|-damage|p1a: Fighting Ghold|75/100|[from] item: Black Sludge
|-damage|p1a: Fighting Ghold|63/100|[from] move: Infestation|[partiallytrapped]
|upkeep
|turn|16
|
|t:|1779946567
|switch|p2a: Goodra|Goodra-Hisui, M|24/100
|-damage|p2a: Goodra|18/100|[from] Stealth Rock
|move|p1a: Fighting Ghold|Recover|p1a: Fighting Ghold
|-heal|p1a: Fighting Ghold|100/100
|
|-damage|p1a: Fighting Ghold|88/100|[from] item: Black Sludge
|-end|p1a: Fighting Ghold|Infestation|[partiallytrapped]|[silent]
|upkeep
|turn|17
|
|t:|1779946577
|move|p1a: Fighting Ghold|Shadow Ball|p2a: Goodra
|-damage|p2a: Goodra|0 fnt
|faint|p2a: Goodra
|
|-damage|p1a: Fighting Ghold|76/100|[from] item: Black Sludge
|upkeep
|
|t:|1779946584
|switch|p2a: Thundurus|Thundurus-Therian, M|100/100
|turn|18
|
|t:|1779946595
|move|p2a: Thundurus|Nasty Plot|p2a: Thundurus
|-boost|p2a: Thundurus|spa|2
|move|p1a: Fighting Ghold|Trick|p2a: Thundurus
|-activate|p1a: Fighting Ghold|move: Trick|[of] p2a: Thundurus
|-item|p2a: Thundurus|Black Sludge|[from] move: Trick
|-item|p1a: Fighting Ghold|Heavy-Duty Boots|[from] move: Trick
|
|-damage|p2a: Thundurus|88/100|[from] item: Black Sludge
|upkeep
|turn|19
|
|t:|1779946609
|switch|p1a: Clap Clap|Gliscor, F, shiny|100/100
|move|p2a: Thundurus|Thunderbolt|p1a: Clap Clap
|-immune|p1a: Clap Clap
|
|-damage|p2a: Thundurus|76/100|[from] item: Black Sludge
|-status|p1a: Clap Clap|tox|[from] item: Toxic Orb
|upkeep
|turn|20
|
|t:|1779946619
|move|p2a: Thundurus|Grass Knot|p1a: Clap Clap
|-damage|p1a: Clap Clap|50/100 tox
|move|p1a: Clap Clap|Toxic|p2a: Thundurus
|-status|p2a: Thundurus|tox
|
|-damage|p2a: Thundurus|63/100 tox|[from] item: Black Sludge
|-damage|p2a: Thundurus|57/100 tox|[from] psn
|-heal|p1a: Clap Clap|63/100 tox|[from] ability: Poison Heal
|upkeep
|turn|21
|
|t:|1779946634
|move|p1a: Clap Clap|Protect|p1a: Clap Clap
|-singleturn|p1a: Clap Clap|Protect
|move|p2a: Thundurus|Grass Knot|p1a: Clap Clap
|-activate|p1a: Clap Clap|move: Protect
|
|-damage|p2a: Thundurus|45/100 tox|[from] item: Black Sludge
|-damage|p2a: Thundurus|33/100 tox|[from] psn
|-heal|p1a: Clap Clap|75/100 tox|[from] ability: Poison Heal
|upkeep
|turn|22
|
|t:|1779946644
|switch|p1a: Fighting Ghold|Gholdengo|76/100
|move|p2a: Thundurus|Grass Knot|p1a: Fighting Ghold
|-resisted|p1a: Fighting Ghold
|-damage|p1a: Fighting Ghold|48/100
|
|-damage|p2a: Thundurus|21/100 tox|[from] item: Black Sludge
|-damage|p2a: Thundurus|3/100 tox|[from] psn
|upkeep
|turn|23
|
|t:|1779946660
|move|p2a: Thundurus|Grass Knot|p1a: Fighting Ghold
|-resisted|p1a: Fighting Ghold
|-damage|p1a: Fighting Ghold|19/100
|move|p1a: Fighting Ghold|Recover|p1a: Fighting Ghold
|-heal|p1a: Fighting Ghold|69/100
|
|-damage|p2a: Thundurus|0 fnt|[from] item: Black Sludge
|faint|p2a: Thundurus
|upkeep
|
|t:|1779946672
|switch|p2a: Scizor|Scizor, F|100/100
|-damage|p2a: Scizor|88/100|[from] Stealth Rock
|turn|24
|
|t:|1779946680
|move|p1a: Fighting Ghold|Shadow Ball|p2a: Scizor
|-damage|p2a: Scizor|38/100
|move|p2a: Scizor|Knock Off|p1a: Fighting Ghold
|-supereffective|p1a: Fighting Ghold
|-damage|p1a: Fighting Ghold|0 fnt
|-enditem|p1a: Fighting Ghold|Heavy-Duty Boots|[from] move: Knock Off|[of] p2a: Scizor
|faint|p1a: Fighting Ghold
|
|upkeep
|
|t:|1779946686
|switch|p1a: Clap Clap|Gliscor, F, shiny|75/100 tox
|turn|25
|
|t:|1779946694
|move|p1a: Clap Clap|Earthquake|p2a: Scizor
|-damage|p2a: Scizor|6/100
|move|p2a: Scizor|Swords Dance|p2a: Scizor
|-boost|p2a: Scizor|atk|2
|
|-heal|p1a: Clap Clap|88/100 tox|[from] ability: Poison Heal
|upkeep
|turn|26
|
|t:|1779946708
|switch|p1a: Fat Dragon|Dragonite, M, shiny|100/100
|move|p2a: Scizor|Swords Dance|p2a: Scizor
|-boost|p2a: Scizor|atk|2
|
|upkeep
|turn|27
|
|t:|1779946716
|-terastallize|p2a: Scizor|Steel
|move|p1a: Fat Dragon|Extreme Speed|p2a: Scizor
|-resisted|p2a: Scizor
|-damage|p2a: Scizor|0 fnt
|faint|p2a: Scizor
|
|upkeep
|l|☆luxalepe2021
|inactive|luxalepe2021 disconnected and has a minute to reconnect!
|player|p2|
|inactive|luxalepe2021 has 30 seconds to reconnect!
|inactive|luxalepe2021 has 20 seconds to reconnect!
|inactive|luxalepe2021 has 15 seconds to reconnect!
|inactive|luxalepe2021 has 10 seconds to reconnect!
|inactive|luxalepe2021 has 5 seconds to reconnect!
|-message|luxalepe2021 lost due to inactivity.
|
|win|suettam
|raw|suettam's rating: 1000 &rarr; <strong>1046</strong><br />(+46 for winning)
|raw|luxalepe2021's rating: 1049 &rarr; <strong>1029</strong><br />(-20 for losing)
