|j|☆Dislaikesique
|j|☆icewizardlair☃
|t:|1779877185
|gametype|singles
|player|p1|Dislaikesique|red|1112
|player|p2|icewizardlair☃|lorelei-lgpe|1062
|gen|9
|tier|[Gen 9] OU
|rated|
|rule|HP Percentage Mod: HP is shown in percentages
|rule|Endless Battle Clause: Forcing endless battles is banned
|rule|Species Clause: Limit one of each Pokémon
|rule|OHKO Clause: OHKO moves are banned
|rule|Evasion Items Clause: Evasion items are banned
|rule|Evasion Moves Clause: Evasion moves are banned
|rule|Evasion Abilities Clause: Evasion abilities are banned
|rule|Sleep Moves Clause: Sleep-inducing moves are banned
|clearpoke
|poke|p1|Blissey, F|
|poke|p1|Dondozo, M|
|poke|p1|Clodsire, F|
|poke|p1|Garganacl, M|
|poke|p1|Skarmory, F|
|poke|p1|Goodra-Hisui, M|
|poke|p2|Chesnaught, M|
|poke|p2|Ninetales-Alola, F|
|poke|p2|Kilowattrel, M|
|poke|p2|Flygon, F|
|poke|p2|Lurantis, M|
|poke|p2|Grafaiai, M|
|teampreview
|inactive|Battle timer is ON: inactive players will automatically lose when time's up. (requested by icewizardlair☃)
|
|t:|1779877192
|teamsize|p1|6
|teamsize|p2|6
|start
|switch|p1a: Blissey|Blissey, F|100/100
|switch|p2a: Grafaiai|Grafaiai, M|100/100
|turn|1
|
|t:|1779877201
|move|p2a: Grafaiai|Toxic|p1a: Blissey
|-status|p1a: Blissey|tox
|move|p1a: Blissey|Stealth Rock|p2a: Grafaiai
|-sidestart|p2: icewizardlair☃|move: Stealth Rock
|
|-damage|p1a: Blissey|94/100 tox|[from] psn
|upkeep
|turn|2
|
|t:|1779877215
|move|p2a: Grafaiai|Encore|p1a: Blissey
|-start|p1a: Blissey|Encore
|move|p1a: Blissey|Stealth Rock||[still]
|-fail|p1a: Blissey
|
|-damage|p1a: Blissey|82/100 tox|[from] psn
|upkeep
|turn|3
|
|t:|1779877228
|-curestatus|p1a: Blissey|tox|[from] ability: Natural Cure|[silent]
|switch|p1a: Garganacl|Garganacl, M|100/100
|move|p2a: Grafaiai|Switcheroo|p1a: Garganacl
|-activate|p2a: Grafaiai|move: Trick|[of] p1a: Garganacl
|-item|p1a: Garganacl|Black Sludge|[from] move: Switcheroo
|-item|p2a: Grafaiai|Leftovers|[from] move: Switcheroo
|
|-damage|p1a: Garganacl|88/100|[from] item: Black Sludge
|upkeep
|turn|4
|
|t:|1779877241
|move|p2a: Grafaiai|Protect|p2a: Grafaiai
|-singleturn|p2a: Grafaiai|Protect
|move|p1a: Garganacl|Salt Cure|p2a: Grafaiai
|-activate|p2a: Grafaiai|move: Protect
|
|-damage|p1a: Garganacl|76/100|[from] item: Black Sludge
|upkeep
|turn|5
|inactive|icewizardlair☃ has 120 seconds left.
|
|t:|1779877272
|switch|p2a: Lurantis|Lurantis, M|100/100
|-damage|p2a: Lurantis|88/100|[from] Stealth Rock
|move|p1a: Garganacl|Salt Cure|p2a: Lurantis
|-damage|p2a: Lurantis|73/100
|-start|p2a: Lurantis|Salt Cure
|
|-damage|p1a: Garganacl|63/100|[from] item: Black Sludge
|-damage|p2a: Lurantis|61/100|[from] Salt Cure
|upkeep
|turn|6
|-activate|p2a: Lurantis|item: Quick Claw
|
|t:|1779877288
|switch|p1a: Goodra|Goodra-Hisui, M|100/100
|move|p2a: Lurantis|Superpower|p1a: Goodra
|-supereffective|p1a: Goodra
|-damage|p1a: Goodra|42/100
|-boost|p2a: Lurantis|atk|1
|-boost|p2a: Lurantis|def|1
|
|-damage|p2a: Lurantis|48/100|[from] Salt Cure
|upkeep
|turn|7
|
|t:|1779877303
|switch|p1a: Skarmory|Skarmory, F|100/100
|move|p2a: Lurantis|Superpower|p1a: Skarmory
|-damage|p1a: Skarmory|63/100
|-boost|p2a: Lurantis|atk|1
|-boost|p2a: Lurantis|def|1
|-damage|p2a: Lurantis|32/100|[from] item: Rocky Helmet|[of] p1a: Skarmory
|
|-damage|p2a: Lurantis|19/100|[from] Salt Cure
|upkeep
|turn|8
|
|t:|1779877316
|move|p1a: Skarmory|Body Press|p2a: Lurantis
|-damage|p2a: Lurantis|2/100
|move|p2a: Lurantis|Superpower|p1a: Skarmory
|-damage|p1a: Skarmory|15/100
|-boost|p2a: Lurantis|atk|1
|-boost|p2a: Lurantis|def|1
|-damage|p2a: Lurantis|0 fnt|[from] item: Rocky Helmet|[of] p1a: Skarmory
|faint|p2a: Lurantis
|
|upkeep
|inactive|icewizardlair☃ has 120 seconds left.
|
|t:|1779877337
|switch|p2a: Ninetales|Ninetales-Alola, F|100/100
|-damage|p2a: Ninetales|76/100|[from] Stealth Rock
|-weather|Snowscape|[from] ability: Snow Warning|[of] p2a: Ninetales
|turn|9
|
|t:|1779877348
|move|p2a: Ninetales|Freeze-Dry|p1a: Skarmory
|-damage|p1a: Skarmory|0 fnt
|faint|p1a: Skarmory
|
|-weather|Snowscape|[upkeep]
|upkeep
|
|t:|1779877357
|switch|p1a: Dondozo|Dondozo, M|100/100
|turn|10
|
|t:|1779877366
|move|p2a: Ninetales|Freeze-Dry|p1a: Dondozo
|-supereffective|p1a: Dondozo
|-damage|p1a: Dondozo|45/100
|move|p1a: Dondozo|Rest|p1a: Dondozo
|-status|p1a: Dondozo|slp|[from] move: Rest
|-heal|p1a: Dondozo|100/100 slp|[silent]
|
|-weather|Snowscape|[upkeep]
|upkeep
|turn|11
|l|☆icewizardlair☃
|inactive|icewizardlair☃ disconnected and has a minute to reconnect!
|player|p2|
|inactive|icewizardlair☃ has 30 seconds to reconnect!
|inactive|icewizardlair☃ has 20 seconds to reconnect!
|inactive|icewizardlair☃ has 15 seconds to reconnect!
|inactive|icewizardlair☃ has 10 seconds to reconnect!
|j|☆icewizardlair☃
|inactive|icewizardlair☃ reconnected and has 100 seconds left.
|player|p2|icewizardlair☃|lorelei-lgpe|
|inactive|icewizardlair☃ has 90 seconds left.
|
|t:|1779877427
|switch|p2a: Chesnaught|Chesnaught, M, shiny|100/100
|-damage|p2a: Chesnaught|95/100|[from] Stealth Rock
|cant|p1a: Dondozo|slp
|move|p1a: Dondozo|Sleep Talk|p1a: Dondozo
|move|p1a: Dondozo|Rest||[from] move: Sleep Talk|[still]
|-fail|p1a: Dondozo
|
|-weather|Snowscape|[upkeep]
|upkeep
|turn|12
|
|t:|1779877437
|move|p2a: Chesnaught|Belly Drum|p2a: Chesnaught
|-damage|p2a: Chesnaught|45/100
|-setboost|p2a: Chesnaught|atk|6|[from] move: Belly Drum
|cant|p1a: Dondozo|slp
|move|p1a: Dondozo|Sleep Talk|p1a: Dondozo
|move|p1a: Dondozo|Body Press|p2a: Chesnaught|[from] move: Sleep Talk
|-damage|p2a: Chesnaught|18/100
|-enditem|p2a: Chesnaught|Salac Berry|[eat]
|-boost|p2a: Chesnaught|spe|1|[from] item: Salac Berry
|
|-weather|Snowscape|[upkeep]
|upkeep
|turn|13
|inactive|icewizardlair☃ has 90 seconds left.
|
|t:|1779877461
|-terastallize|p1a: Dondozo|Dragon
|move|p2a: Chesnaught|Drain Punch|p1a: Dondozo
|-damage|p1a: Dondozo|87/100 slp
|-heal|p2a: Chesnaught|29/100|[from] drain|[of] p1a: Dondozo
|-curestatus|p1a: Dondozo|slp|[msg]
|move|p1a: Dondozo|Sleep Talk||[still]
|-fail|p1a: Dondozo
|
|-weather|none
|upkeep
|turn|14
|inactive|icewizardlair☃ has 90 seconds left.
|
|t:|1779877475
|move|p2a: Chesnaught|Rock Slide|p1a: Dondozo
|-damage|p1a: Dondozo|77/100
|move|p1a: Dondozo|Body Press|p2a: Chesnaught
|-damage|p2a: Chesnaught|2/100
|
|upkeep
|turn|15
|
|t:|1779877490
|move|p2a: Chesnaught|Drain Punch|p1a: Dondozo
|-damage|p1a: Dondozo|62/100
|-heal|p2a: Chesnaught|14/100|[from] drain|[of] p1a: Dondozo
|move|p1a: Dondozo|Body Press|p2a: Chesnaught
|-damage|p2a: Chesnaught|0 fnt
|faint|p2a: Chesnaught
|
|upkeep
|inactive|icewizardlair☃ has 90 seconds left.
|
|t:|1779877502
|switch|p2a: Ninetales|Ninetales-Alola, F|76/100
|-damage|p2a: Ninetales|51/100|[from] Stealth Rock
|-weather|Snowscape|[from] ability: Snow Warning|[of] p2a: Ninetales
|turn|16
|inactive|icewizardlair☃ has 90 seconds left.
|
|t:|1779877513
|move|p2a: Ninetales|Moonblast|p1a: Dondozo
|-supereffective|p1a: Dondozo
|-damage|p1a: Dondozo|0 fnt
|faint|p1a: Dondozo
|
|-weather|Snowscape|[upkeep]
|upkeep
|
|t:|1779877523
|switch|p1a: Garganacl|Garganacl, M|63/100
|turn|17
|
|t:|1779877537
|move|p2a: Ninetales|Aurora Veil|p2a: Ninetales
|-sidestart|p2: icewizardlair☃|move: Aurora Veil
|move|p1a: Garganacl|Salt Cure|p2a: Ninetales
|-supereffective|p2a: Ninetales
|-damage|p2a: Ninetales|37/100
|-start|p2a: Ninetales|Salt Cure
|
|-weather|Snowscape|[upkeep]
|-damage|p1a: Garganacl|51/100|[from] item: Black Sludge
|-damage|p2a: Ninetales|25/100|[from] Salt Cure
|upkeep
|turn|18
|inactive|icewizardlair☃ has 90 seconds left.
|
|t:|1779877554
|switch|p2a: Flygon|Flygon, F|100/100
|-damage|p2a: Flygon|95/100|[from] Stealth Rock
|move|p1a: Garganacl|Salt Cure|p2a: Flygon
|-resisted|p2a: Flygon
|-damage|p2a: Flygon|90/100
|-start|p2a: Flygon|Salt Cure
|
|-weather|Snowscape|[upkeep]
|-damage|p1a: Garganacl|39/100|[from] item: Black Sludge
|-damage|p2a: Flygon|78/100|[from] Salt Cure
|upkeep
|turn|19
|
|t:|1779877568
|switch|p1a: Blissey|Blissey, F|82/100
|move|p2a: Flygon|Earthquake|p1a: Blissey
|-damage|p1a: Blissey|0 fnt
|faint|p1a: Blissey
|-damage|p2a: Flygon|68/100|[from] item: Life Orb
|
|-weather|Snowscape|[upkeep]
|-damage|p2a: Flygon|55/100|[from] Salt Cure
|upkeep
|
|t:|1779877577
|switch|p1a: Goodra|Goodra-Hisui, M|42/100
|turn|20
|
|t:|1779877585
|move|p2a: Flygon|Earthquake|p1a: Goodra
|-supereffective|p1a: Goodra
|-damage|p1a: Goodra|0 fnt
|faint|p1a: Goodra
|-damage|p2a: Flygon|45/100|[from] item: Life Orb
|
|-weather|none
|-damage|p2a: Flygon|33/100|[from] Salt Cure
|upkeep
|
|t:|1779877593
|switch|p1a: Clodsire|Clodsire, F, shiny|100/100
|turn|21
|
|t:|1779877601
|move|p2a: Flygon|Earthquake|p1a: Clodsire
|-supereffective|p1a: Clodsire
|-damage|p1a: Clodsire|0 fnt
|faint|p1a: Clodsire
|-damage|p2a: Flygon|23/100|[from] item: Life Orb
|
|-damage|p2a: Flygon|11/100|[from] Salt Cure
|upkeep
|
|t:|1779877609
|switch|p1a: Garganacl|Garganacl, M|39/100
|turn|22
|
|t:|1779877616
|move|p1a: Garganacl|Protect|p1a: Garganacl
|-singleturn|p1a: Garganacl|Protect
|move|p2a: Flygon|Earthquake|p1a: Garganacl
|-activate|p1a: Garganacl|move: Protect
|
|-damage|p1a: Garganacl|26/100|[from] item: Black Sludge
|-damage|p2a: Flygon|0 fnt|[from] Salt Cure
|faint|p2a: Flygon
|upkeep
|
|t:|1779877626
|switch|p2a: Grafaiai|Grafaiai, M|100/100
|-damage|p2a: Grafaiai|88/100|[from] Stealth Rock
|turn|23
|
|t:|1779877633
|move|p2a: Grafaiai|Protect|p2a: Grafaiai
|-singleturn|p2a: Grafaiai|Protect
|move|p1a: Garganacl|Recover|p1a: Garganacl
|-heal|p1a: Garganacl|76/100
|
|-heal|p2a: Grafaiai|94/100|[from] item: Leftovers
|-damage|p1a: Garganacl|64/100|[from] item: Black Sludge
|upkeep
|turn|24
|
|t:|1779877645
|move|p2a: Grafaiai|Encore|p1a: Garganacl
|-start|p1a: Garganacl|Encore
|move|p1a: Garganacl|Recover|p1a: Garganacl
|-heal|p1a: Garganacl|100/100
|
|-heal|p2a: Grafaiai|99/100|[from] item: Leftovers
|-damage|p1a: Garganacl|88/100|[from] item: Black Sludge
|-sideend|p2: icewizardlair☃|move: Aurora Veil
|upkeep
|turn|25
|
|t:|1779877671
|move|p2a: Grafaiai|Protect|p2a: Grafaiai
|-singleturn|p2a: Grafaiai|Protect
|move|p1a: Garganacl|Recover|p1a: Garganacl
|-heal|p1a: Garganacl|100/100
|
|-heal|p2a: Grafaiai|100/100|[from] item: Leftovers
|-damage|p1a: Garganacl|88/100|[from] item: Black Sludge
|upkeep
|turn|26
|
|t:|1779877679
|move|p2a: Grafaiai|Protect||[still]
|-fail|p2a: Grafaiai
|move|p1a: Garganacl|Recover|p1a: Garganacl
|-heal|p1a: Garganacl|100/100
|
|-damage|p1a: Garganacl|88/100|[from] item: Black Sludge
|-end|p1a: Garganacl|Encore
|upkeep
|turn|27
|
|t:|1779877687
|move|p2a: Grafaiai|Encore|p1a: Garganacl
|-start|p1a: Garganacl|Encore
|move|p1a: Garganacl|Recover|p1a: Garganacl
|-heal|p1a: Garganacl|100/100
|
|-damage|p1a: Garganacl|88/100|[from] item: Black Sludge
|upkeep
|turn|28
|c|☆Dislaikesique|bro
|
|t:|1779877696
|move|p2a: Grafaiai|Toxic|p1a: Garganacl
|-immune|p1a: Garganacl|[from] ability: Purifying Salt
|move|p1a: Garganacl|Recover|p1a: Garganacl
|-heal|p1a: Garganacl|100/100
|
|-damage|p1a: Garganacl|88/100|[from] item: Black Sludge
|upkeep
|turn|29
|
|t:|1779877703
|move|p2a: Grafaiai|Toxic|p1a: Garganacl
|-immune|p1a: Garganacl|[from] ability: Purifying Salt
|move|p1a: Garganacl|Recover|p1a: Garganacl
|-heal|p1a: Garganacl|100/100
|
|-damage|p1a: Garganacl|88/100|[from] item: Black Sludge
|-end|p1a: Garganacl|Encore
|upkeep
|turn|30
|
|t:|1779877713
|move|p2a: Grafaiai|Encore|p1a: Garganacl
|-start|p1a: Garganacl|Encore
|move|p1a: Garganacl|Recover|p1a: Garganacl
|-heal|p1a: Garganacl|100/100
|
|-damage|p1a: Garganacl|88/100|[from] item: Black Sludge
|-end|p1a: Garganacl|Encore
|upkeep
|turn|31
|
|t:|1779877728
|move|p2a: Grafaiai|Protect|p2a: Grafaiai
|-singleturn|p2a: Grafaiai|Protect
|move|p1a: Garganacl|Salt Cure|p2a: Grafaiai
|-activate|p2a: Grafaiai|move: Protect
|
|-damage|p1a: Garganacl|76/100|[from] item: Black Sludge
|upkeep
|turn|32
|
|t:|1779877737
|move|p2a: Grafaiai|Toxic|p1a: Garganacl
|-immune|p1a: Garganacl|[from] ability: Purifying Salt
|move|p1a: Garganacl|Salt Cure|p2a: Grafaiai
|-damage|p2a: Grafaiai|79/100
|-start|p2a: Grafaiai|Salt Cure
|
|-heal|p2a: Grafaiai|85/100|[from] item: Leftovers
|-damage|p1a: Garganacl|63/100|[from] item: Black Sludge
|-damage|p2a: Grafaiai|72/100|[from] Salt Cure
|upkeep
|turn|33
|
|t:|1779877747
|move|p2a: Grafaiai|Protect|p2a: Grafaiai
|-singleturn|p2a: Grafaiai|Protect
|move|p1a: Garganacl|Salt Cure|p2a: Grafaiai
|-activate|p2a: Grafaiai|move: Protect
|
|-heal|p2a: Grafaiai|78/100|[from] item: Leftovers
|-damage|p1a: Garganacl|51/100|[from] item: Black Sludge
|-damage|p2a: Grafaiai|66/100|[from] Salt Cure
|upkeep
|turn|34
|
|t:|1779877758
|move|p2a: Grafaiai|Protect|p2a: Grafaiai
|-singleturn|p2a: Grafaiai|Protect
|move|p1a: Garganacl|Salt Cure|p2a: Grafaiai
|-activate|p2a: Grafaiai|move: Protect
|
|-heal|p2a: Grafaiai|72/100|[from] item: Leftovers
|-damage|p1a: Garganacl|39/100|[from] item: Black Sludge
|-damage|p2a: Grafaiai|60/100|[from] Salt Cure
|upkeep
|turn|35
|
|t:|1779877769
|move|p2a: Grafaiai|Toxic|p1a: Garganacl
|-immune|p1a: Garganacl|[from] ability: Purifying Salt
|move|p1a: Garganacl|Salt Cure|p2a: Grafaiai
|-damage|p2a: Grafaiai|40/100
|
|-heal|p2a: Grafaiai|46/100|[from] item: Leftovers
|-damage|p1a: Garganacl|26/100|[from] item: Black Sludge
|-damage|p2a: Grafaiai|33/100|[from] Salt Cure
|upkeep
|turn|36
|
|t:|1779877779
|move|p2a: Grafaiai|Protect|p2a: Grafaiai
|-singleturn|p2a: Grafaiai|Protect
|move|p1a: Garganacl|Salt Cure|p2a: Grafaiai
|-activate|p2a: Grafaiai|move: Protect
|
|-heal|p2a: Grafaiai|39/100|[from] item: Leftovers
|-damage|p1a: Garganacl|14/100|[from] item: Black Sludge
|-damage|p2a: Grafaiai|27/100|[from] Salt Cure
|upkeep
|turn|37
|
|t:|1779877789
|move|p2a: Grafaiai|Protect||[still]
|-fail|p2a: Grafaiai
|move|p1a: Garganacl|Salt Cure|p2a: Grafaiai
|-damage|p2a: Grafaiai|8/100
|
|-heal|p2a: Grafaiai|14/100|[from] item: Leftovers
|-damage|p1a: Garganacl|1/100|[from] item: Black Sludge
|-damage|p2a: Grafaiai|2/100|[from] Salt Cure
|upkeep
|turn|38
|
|t:|1779877798
|move|p2a: Grafaiai|Protect|p2a: Grafaiai
|-singleturn|p2a: Grafaiai|Protect
|move|p1a: Garganacl|Salt Cure|p2a: Grafaiai
|-activate|p2a: Grafaiai|move: Protect
|
|-heal|p2a: Grafaiai|8/100|[from] item: Leftovers
|-damage|p1a: Garganacl|0 fnt|[from] item: Black Sludge
|faint|p1a: Garganacl
|
|win|icewizardlair☃
|raw|Dislaikesique's rating: 1112 &rarr; <strong>1083</strong><br />(-29 for losing)
|raw|icewizardlair☃'s rating: 1062 &rarr; <strong>1097</strong><br />(+35 for winning)
|l|☆Dislaikesique
|player|p1|
|c|☆icewizardlair☃|Bg
|l|☆icewizardlair☃
|player|p2|
