|j|☆BurlyNut
|j|☆AkiDes
|t:|1779945964
|gametype|singles
|player|p1|BurlyNut|blue|1135
|player|p2|AkiDes|skier|1171
|gen|9
|tier|[Gen 9] OU
|rated|
|rule|HP Percentage Mod: HP is shown in percentages
|rule|Endless Battle Clause: Forcing endless battles is banned
|rule|Species Clause: Limit one of each Pokémon
|rule|OHKO Clause: OHKO moves are banned
|rule|Evasion Items Clause: Evasion items are banned
|rule|Evasion Moves Clause: Evasion moves are banned
|rule|Evasion Abilities Clause: Evasion abilities are banned
|rule|Sleep Moves Clause: Sleep-inducing moves are banned
|clearpoke
|poke|p1|Scyther, M|
|poke|p1|Thundurus-Therian, M|
|poke|p1|Greninja-*, M|
|poke|p1|Deoxys-Speed|
|poke|p1|Iron Valiant|
|poke|p1|Garchomp, M|
|poke|p2|Excadrill, F|
|poke|p2|Ogerpon-Wellspring, F|
|poke|p2|Zapdos|
|poke|p2|Pelipper, M|
|poke|p2|Politoed, F|
|poke|p2|Glimmora, M|
|teampreview
|inactive|Battle timer is ON: inactive players will automatically lose when time's up. (requested by BurlyNut)
|
|t:|1779945971
|teamsize|p1|6
|teamsize|p2|6
|start
|switch|p1a: Scyther|Scyther, M, shiny|100/100
|switch|p2a: Glimmora|Glimmora, M|100/100
|-item|p2a: Glimmora|Air Balloon
|turn|1
|inactive|AkiDes has 120 seconds left.
|
|t:|1779946004
|move|p1a: Scyther|Swords Dance|p1a: Scyther
|-boost|p1a: Scyther|atk|2
|move|p2a: Glimmora|Power Gem|p1a: Scyther
|-supereffective|p1a: Scyther
|-damage|p1a: Scyther|0 fnt
|faint|p1a: Scyther
|
|upkeep
|
|t:|1779946016
|switch|p1a: Greninja|Greninja, M|100/100
|turn|2
|inactive|AkiDes has 120 seconds left.
|
|t:|1779946031
|switch|p2a: Ogerpon|Ogerpon-Wellspring, F|100/100
|move|p1a: Greninja|Sludge Wave|p2a: Ogerpon
|-supereffective|p2a: Ogerpon
|-damage|p2a: Ogerpon|23/100
|-status|p2a: Ogerpon|psn
|
|-damage|p2a: Ogerpon|11/100 psn|[from] psn
|upkeep
|turn|3
|inactive|AkiDes has 120 seconds left.
|
|t:|1779946065
|move|p2a: Ogerpon|Horn Leech|p1a: Greninja
|-supereffective|p1a: Greninja
|-damage|p1a: Greninja|0 fnt
|-heal|p2a: Ogerpon|59/100 psn|[from] drain|[of] p1a: Greninja
|faint|p1a: Greninja
|
|-damage|p2a: Ogerpon|46/100 psn|[from] psn
|upkeep
|
|t:|1779946080
|switch|p1a: Thundurus|Thundurus-Therian, M, shiny|100/100
|turn|4
|
|t:|1779946088
|move|p2a: Ogerpon|Ivy Cudgel|p1a: Thundurus|[anim] Ivy Cudgel Water
|-damage|p1a: Thundurus|14/100
|move|p1a: Thundurus|Agility|p1a: Thundurus
|-boost|p1a: Thundurus|spe|2
|
|-heal|p1a: Thundurus|20/100|[from] item: Leftovers
|-damage|p2a: Ogerpon|34/100 psn|[from] psn
|upkeep
|turn|5
|
|t:|1779946118
|move|p1a: Thundurus|Charge Beam|p2a: Ogerpon
|-damage|p2a: Ogerpon|0 fnt
|-boost|p1a: Thundurus|spa|1
|faint|p2a: Ogerpon
|
|-heal|p1a: Thundurus|26/100|[from] item: Leftovers
|upkeep
|
|t:|1779946121
|switch|p2a: Glimmora|Glimmora, M|100/100
|-item|p2a: Glimmora|Air Balloon
|turn|6
|
|t:|1779946133
|move|p1a: Thundurus|Charge Beam|p2a: Glimmora
|-damage|p2a: Glimmora|46/100
|-boost|p1a: Thundurus|spa|1
|-enditem|p2a: Glimmora|Air Balloon
|move|p2a: Glimmora|Power Gem|p1a: Thundurus
|-supereffective|p1a: Thundurus
|-damage|p1a: Thundurus|0 fnt
|faint|p1a: Thundurus
|
|upkeep
|
|t:|1779946152
|switch|p1a: Deoxys|Deoxys-Speed, shiny|100/100
|-ability|p1a: Deoxys|Pressure
|turn|7
|inactive|AkiDes has 120 seconds left.
|
|t:|1779946158
|move|p1a: Deoxys|Nasty Plot|p1a: Deoxys
|-boost|p1a: Deoxys|spa|2
|move|p2a: Glimmora|Explosion|p1a: Deoxys
|-damage|p1a: Deoxys|41/100
|faint|p2a: Glimmora
|
|-heal|p1a: Deoxys|47/100|[from] item: Leftovers
|upkeep
|
|t:|1779946162
|switch|p2a: Excadrill|Excadrill, F|100/100
|-ability|p2a: Excadrill|Mold Breaker
|turn|8
|inactive|AkiDes has 120 seconds left.
|inactive|AkiDes has 90 seconds left.
|
|t:|1779946209
|move|p1a: Deoxys|Shadow Ball|p2a: Excadrill
|-damage|p2a: Excadrill|38/100
|-unboost|p2a: Excadrill|spd|1
|move|p2a: Excadrill|Earthquake|p1a: Deoxys
|-damage|p1a: Deoxys|0 fnt
|faint|p1a: Deoxys
|
|upkeep
|
|t:|1779946233
|switch|p1a: Iron Valiant|Iron Valiant, shiny|100/100
|-enditem|p1a: Iron Valiant|Booster Energy
|-activate|p1a: Iron Valiant|ability: Quark Drive|[fromitem]
|-start|p1a: Iron Valiant|quarkdrivespe
|turn|9
|
|t:|1779946244
|-terastallize|p1a: Iron Valiant|Ghost
|move|p1a: Iron Valiant|Swords Dance|p1a: Iron Valiant
|-boost|p1a: Iron Valiant|atk|2
|move|p2a: Excadrill|Iron Head|p1a: Iron Valiant
|-damage|p1a: Iron Valiant|45/100
|
|upkeep
|turn|10
|
|t:|1779946254
|move|p1a: Iron Valiant|Drain Punch|p2a: Excadrill
|-supereffective|p2a: Excadrill
|-damage|p2a: Excadrill|0 fnt
|-heal|p1a: Iron Valiant|69/100|[from] drain|[of] p2a: Excadrill
|faint|p2a: Excadrill
|
|upkeep
|
|t:|1779946265
|switch|p2a: Politoed|Politoed, F|100/100
|-weather|RainDance|[from] ability: Drizzle|[of] p2a: Politoed
|turn|11
|
|t:|1779946277
|move|p1a: Iron Valiant|Spirit Break|p2a: Politoed
|-damage|p2a: Politoed|9/100
|-unboost|p2a: Politoed|spa|1
|move|p2a: Politoed|Hydro Pump|p1a: Iron Valiant
|-damage|p1a: Iron Valiant|0 fnt
|faint|p1a: Iron Valiant
|-end|p1a: Iron Valiant|Quark Drive|[silent]
|
|-weather|RainDance|[upkeep]
|upkeep
|
|t:|1779946287
|switch|p1a: Garchomp|Garchomp, M, shiny|100/100
|turn|12
|inactive|AkiDes has 120 seconds left.
|inactive|BurlyNut has 120 seconds left.
|
|t:|1779946312
|move|p1a: Garchomp|Scale Shot|p2a: Politoed|[miss]
|-miss|p1a: Garchomp|p2a: Politoed
|move|p2a: Politoed|Ice Beam|p1a: Garchomp
|-supereffective|p1a: Garchomp
|-damage|p1a: Garchomp|15/100
|
|-weather|RainDance|[upkeep]
|upkeep
|turn|13
|inactive|BurlyNut has 120 seconds left.
|
|t:|1779946336
|move|p1a: Garchomp|Scale Shot|p2a: Politoed
|-damage|p2a: Politoed|0 fnt
|faint|p2a: Politoed
|-hitcount|p2: Politoed|1
|-unboost|p1a: Garchomp|def|1
|-boost|p1a: Garchomp|spe|1
|
|-weather|RainDance|[upkeep]
|upkeep
|inactive|AkiDes has 120 seconds left.
|
|t:|1779946353
|switch|p2a: Zapdos|Zapdos|100/100
|turn|14
|
|t:|1779946357
|move|p1a: Garchomp|Scale Shot|p2a: Zapdos
|-damage|p2a: Zapdos|90/100
|-damage|p2a: Zapdos|81/100
|-damage|p2a: Zapdos|70/100
|-damage|p2a: Zapdos|60/100
|-damage|p2a: Zapdos|49/100
|-hitcount|p2a: Zapdos|5
|-unboost|p1a: Garchomp|def|1
|-boost|p1a: Garchomp|spe|1
|move|p2a: Zapdos|Hurricane|p1a: Garchomp
|-damage|p1a: Garchomp|0 fnt
|faint|p1a: Garchomp
|
|win|AkiDes
|raw|BurlyNut's rating: 1135 &rarr; <strong>1113</strong><br />(-22 for losing)
|raw|AkiDes's rating: 1171 &rarr; <strong>1193</strong><br />(+22 for winning)
