|j|☆claudechamp
|j|☆CoryChaseHmu
|t:|1779842073
|gametype|singles
|player|p1|claudechamp|265|1174
|player|p2|CoryChaseHmu|ethan|1190
|gen|9
|tier|[Gen 9] OU
|rated|
|rule|HP Percentage Mod: HP is shown in percentages
|rule|Endless Battle Clause: Forcing endless battles is banned
|rule|Species Clause: Limit one of each Pokémon
|rule|OHKO Clause: OHKO moves are banned
|rule|Evasion Items Clause: Evasion items are banned
|rule|Evasion Moves Clause: Evasion moves are banned
|rule|Evasion Abilities Clause: Evasion abilities are banned
|rule|Sleep Moves Clause: Sleep-inducing moves are banned
|clearpoke
|poke|p1|Corviknight, M|
|poke|p1|Ting-Lu|
|poke|p1|Kyurem|
|poke|p1|Dondozo, F|
|poke|p1|Slowking-Galar, M|
|poke|p1|Cinderace, F|
|poke|p2|Gliscor, F|
|poke|p2|Blissey, F|
|poke|p2|Clefable, F|
|poke|p2|Toxapex, F|
|poke|p2|Dondozo, F|
|poke|p2|Corviknight, F|
|teampreview
|inactive|Battle timer is ON: inactive players will automatically lose when time's up. (requested by CoryChaseHmu)
|c|☆claudechamp|hf
|inactive|claudechamp also wants the timer to be on.
|
|t:|1779842077
|teamsize|p1|6
|teamsize|p2|6
|start
|switch|p1a: Cinderace|Cinderace, F|100/100
|switch|p2a: WeCarryTheFlame|Clefable, F|100/100
|turn|1
|
|t:|1779842081
|move|p1a: Cinderace|Pyro Ball|p2a: WeCarryTheFlame
|-damage|p2a: WeCarryTheFlame|65/100
|move|p2a: WeCarryTheFlame|Stealth Rock|p1a: Cinderace
|-sidestart|p1: claudechamp|move: Stealth Rock
|
|upkeep
|turn|2
|
|t:|1779842095
|move|p1a: Cinderace|Court Change|p1a: Cinderace
|-swapsideconditions
|-activate|p1a: Cinderace|move: Court Change
|move|p2a: WeCarryTheFlame|Moonlight|p2a: WeCarryTheFlame
|-heal|p2a: WeCarryTheFlame|100/100
|
|upkeep
|turn|3
|
|t:|1779842098
|switch|p1a: Kyurem|Kyurem|100/100
|-ability|p1a: Kyurem|Pressure
|move|p2a: WeCarryTheFlame|Stealth Rock|p1a: Kyurem
|-sidestart|p1: claudechamp|move: Stealth Rock
|
|upkeep
|turn|4
|
|t:|1779842101
|move|p1a: Kyurem|Freeze-Dry|p2a: WeCarryTheFlame
|-crit|p2a: WeCarryTheFlame
|-damage|p2a: WeCarryTheFlame|48/100
|move|p2a: WeCarryTheFlame|Moonblast|p1a: Kyurem
|-supereffective|p1a: Kyurem
|-damage|p1a: Kyurem|43/100
|
|-heal|p1a: Kyurem|49/100|[from] item: Leftovers
|upkeep
|turn|5
|
|t:|1779842104
|-terastallize|p1a: Kyurem|Ground
|move|p1a: Kyurem|Earth Power|p2a: WeCarryTheFlame
|-damage|p2a: WeCarryTheFlame|6/100
|move|p2a: WeCarryTheFlame|Moonlight|p2a: WeCarryTheFlame
|-heal|p2a: WeCarryTheFlame|56/100
|
|-heal|p1a: Kyurem|55/100|[from] item: Leftovers
|upkeep
|turn|6
|
|t:|1779842107
|move|p1a: Kyurem|Earth Power|p2a: WeCarryTheFlame
|-damage|p2a: WeCarryTheFlame|11/100
|move|p2a: WeCarryTheFlame|Moonlight|p2a: WeCarryTheFlame
|-heal|p2a: WeCarryTheFlame|61/100
|
|-heal|p1a: Kyurem|61/100|[from] item: Leftovers
|upkeep
|turn|7
|
|t:|1779842111
|switch|p2a: EriKirk|Blissey, F|100/100
|move|p1a: Kyurem|Earth Power|p2a: EriKirk
|-crit|p2a: EriKirk
|-damage|p2a: EriKirk|80/100
|-unboost|p2a: EriKirk|spd|1
|
|-heal|p1a: Kyurem|67/100|[from] item: Leftovers
|upkeep
|turn|8
|
|t:|1779842120
|switch|p2a: WeCarryTheFlame|Clefable, F|61/100
|move|p1a: Kyurem|Freeze-Dry|p2a: WeCarryTheFlame
|-damage|p2a: WeCarryTheFlame|28/100
|
|-heal|p1a: Kyurem|74/100|[from] item: Leftovers
|upkeep
|turn|9
|
|t:|1779842124
|switch|p2a: EriKirk|Blissey, F|80/100
|move|p1a: Kyurem|Freeze-Dry|p2a: EriKirk
|-damage|p2a: EriKirk|69/100
|
|-heal|p1a: Kyurem|80/100|[from] item: Leftovers
|upkeep
|turn|10
|
|t:|1779842127
|move|p1a: Kyurem|Freeze-Dry|p2a: EriKirk
|-damage|p2a: EriKirk|60/100
|move|p2a: EriKirk|Soft-Boiled|p2a: EriKirk
|-heal|p2a: EriKirk|100/100
|
|-heal|p1a: Kyurem|86/100|[from] item: Leftovers
|upkeep
|turn|11
|
|t:|1779842130
|move|p1a: Kyurem|Freeze-Dry|p2a: EriKirk
|-damage|p2a: EriKirk|89/100
|move|p2a: EriKirk|Seismic Toss|p1a: Kyurem
|-damage|p1a: Kyurem|61/100
|
|-heal|p1a: Kyurem|67/100|[from] item: Leftovers
|upkeep
|turn|12
|
|t:|1779842133
|switch|p1a: Cinderace|Cinderace, F|100/100
|move|p2a: EriKirk|Seismic Toss|p1a: Cinderace
|-damage|p1a: Cinderace|73/100
|
|upkeep
|turn|13
|
|t:|1779842141
|switch|p2a: NoEmpathy|Toxapex, F|100/100
|move|p1a: Cinderace|Pyro Ball|p2a: NoEmpathy
|-resisted|p2a: NoEmpathy
|-damage|p2a: NoEmpathy|83/100
|
|upkeep
|turn|14
|
|t:|1779842146
|move|p1a: Cinderace|Pyro Ball|p2a: NoEmpathy
|-resisted|p2a: NoEmpathy
|-damage|p2a: NoEmpathy|64/100
|move|p2a: NoEmpathy|Toxic|p1a: Cinderace
|-status|p1a: Cinderace|tox
|
|-damage|p1a: Cinderace|67/100 tox|[from] psn
|upkeep
|turn|15
|
|t:|1779842151
|move|p1a: Cinderace|U-turn|p2a: NoEmpathy
|-resisted|p2a: NoEmpathy
|-damage|p2a: NoEmpathy|57/100
|
|t:|1779842155
|switch|p1a: Slowking|Slowking-Galar, M|100/100|[from] U-turn
|-damage|p1a: Slowking|88/100|[from] Stealth Rock
|move|p2a: NoEmpathy|Infestation|p1a: Slowking
|-damage|p1a: Slowking|86/100
|-activate|p1a: Slowking|move: Infestation|[of] p2a: NoEmpathy
|
|-damage|p1a: Slowking|73/100|[from] move: Infestation|[partiallytrapped]
|upkeep
|turn|16
|
|t:|1779842164
|switch|p2a: TurningPoint|Corviknight, F, shiny|100/100
|-damage|p2a: TurningPoint|88/100|[from] Stealth Rock
|-ability|p2a: TurningPoint|Pressure
|move|p1a: Slowking|Future Sight|p2a: TurningPoint
|-start|p1a: Slowking|move: Future Sight
|
|-heal|p2a: TurningPoint|94/100|[from] item: Leftovers
|-end|p1a: Slowking|Infestation|[partiallytrapped]|[silent]
|upkeep
|turn|17
|
|t:|1779842167
|move|p2a: TurningPoint|Spite|p1a: Slowking
|-activate|p1a: Slowking|move: Spite|Future Sight|4
|move|p1a: Slowking|Ice Beam|p2a: TurningPoint
|-damage|p2a: TurningPoint|75/100
|
|-heal|p2a: TurningPoint|81/100|[from] item: Leftovers
|upkeep
|turn|18
|
|t:|1779842172
|switch|p1a: Kyurem|Kyurem, tera:Ground|67/100
|-damage|p1a: Kyurem|61/100|[from] Stealth Rock
|-ability|p1a: Kyurem|Pressure
|move|p2a: TurningPoint|Protect||[still]
|-fail|p2a: TurningPoint
|
|-end|p2a: TurningPoint|move: Future Sight
|-resisted|p2a: TurningPoint
|-damage|p2a: TurningPoint|62/100
|-heal|p1a: Kyurem|67/100|[from] item: Leftovers
|-heal|p2a: TurningPoint|68/100|[from] item: Leftovers
|upkeep
|turn|19
|
|t:|1779842178
|switch|p2a: EriKirk|Blissey, F|89/100
|move|p1a: Kyurem|Freeze-Dry|p2a: EriKirk
|-damage|p2a: EriKirk|79/100
|
|-heal|p1a: Kyurem|74/100|[from] item: Leftovers
|upkeep
|turn|20
|
|t:|1779842182
|switch|p1a: Ting-Lu|Ting-Lu|100/100
|-damage|p1a: Ting-Lu|94/100|[from] Stealth Rock
|-ability|p1a: Ting-Lu|Vessel of Ruin
|move|p2a: EriKirk|Seismic Toss|p1a: Ting-Lu
|-damage|p1a: Ting-Lu|75/100
|
|-heal|p1a: Ting-Lu|81/100|[from] item: Leftovers
|upkeep
|turn|21
|
|t:|1779842186
|switch|p2a: GangViolence?|Gliscor, F|100/100
|-damage|p2a: GangViolence?|88/100|[from] Stealth Rock
|move|p1a: Ting-Lu|Earthquake|p2a: GangViolence?
|-immune|p2a: GangViolence?
|
|-heal|p1a: Ting-Lu|87/100|[from] item: Leftovers
|-status|p2a: GangViolence?|tox|[from] item: Toxic Orb
|upkeep
|turn|22
|
|t:|1779842190
|switch|p1a: Kyurem|Kyurem, tera:Ground|74/100
|-damage|p1a: Kyurem|67/100|[from] Stealth Rock
|-ability|p1a: Kyurem|Pressure
|move|p2a: GangViolence?|Toxic|p1a: Kyurem|[miss]
|-miss|p2a: GangViolence?|p1a: Kyurem
|
|-heal|p1a: Kyurem|74/100|[from] item: Leftovers
|-heal|p2a: GangViolence?|100/100 tox|[from] ability: Poison Heal
|upkeep
|turn|23
|
|t:|1779842200
|switch|p2a: EriKirk|Blissey, F|79/100
|move|p1a: Kyurem|Freeze-Dry|p2a: EriKirk
|-damage|p2a: EriKirk|68/100
|
|-heal|p1a: Kyurem|80/100|[from] item: Leftovers
|upkeep
|turn|24
|
|t:|1779842205
|switch|p1a: Ting-Lu|Ting-Lu|87/100
|-damage|p1a: Ting-Lu|81/100|[from] Stealth Rock
|-ability|p1a: Ting-Lu|Vessel of Ruin
|move|p2a: EriKirk|Seismic Toss|p1a: Ting-Lu
|-damage|p1a: Ting-Lu|62/100
|
|-heal|p1a: Ting-Lu|68/100|[from] item: Leftovers
|upkeep
|turn|25
|
|t:|1779842210
|switch|p2a: GangViolence?|Gliscor, F|100/100 tox
|-damage|p2a: GangViolence?|88/100 tox|[from] Stealth Rock
|move|p1a: Ting-Lu|Earthquake|p2a: GangViolence?
|-immune|p2a: GangViolence?
|
|-heal|p1a: Ting-Lu|74/100|[from] item: Leftovers
|-heal|p2a: GangViolence?|100/100 tox|[from] ability: Poison Heal
|upkeep
|turn|26
|
|t:|1779842215
|move|p2a: GangViolence?|Toxic|p1a: Ting-Lu|[miss]
|-miss|p2a: GangViolence?|p1a: Ting-Lu
|move|p1a: Ting-Lu|Rest|p1a: Ting-Lu
|-status|p1a: Ting-Lu|slp|[from] move: Rest
|-heal|p1a: Ting-Lu|100/100 slp|[silent]
|
|upkeep
|turn|27
|
|t:|1779842221
|switch|p1a: Corviknight|Corviknight, M|100/100
|-damage|p1a: Corviknight|88/100|[from] Stealth Rock
|-ability|p1a: Corviknight|Pressure
|move|p2a: GangViolence?|Spikes|p1a: Corviknight
|-sidestart|p1: claudechamp|Spikes
|
|upkeep
|turn|28
|
|t:|1779842226
|move|p2a: GangViolence?|Knock Off|p1a: Corviknight
|-damage|p1a: Corviknight|75/100
|-damage|p2a: GangViolence?|84/100 tox|[from] item: Rocky Helmet|[of] p1a: Corviknight
|-enditem|p1a: Corviknight|Rocky Helmet|[from] move: Knock Off|[of] p2a: GangViolence?
|move|p1a: Corviknight|Defog|p2a: GangViolence?
|-unboost|p2a: GangViolence?|evasion|1
|-sideend|p2: CoryChaseHmu|Stealth Rock|[from] move: Defog|[of] p1a: Corviknight
|-sideend|p1: claudechamp|Spikes|[from] move: Defog|[of] p1a: Corviknight
|-sideend|p1: claudechamp|Stealth Rock|[from] move: Defog|[of] p1a: Corviknight
|
|-heal|p2a: GangViolence?|97/100 tox|[from] ability: Poison Heal
|upkeep
|turn|29
|
|t:|1779842235
|move|p2a: GangViolence?|Spikes|p1a: Corviknight
|-sidestart|p1: claudechamp|Spikes
|move|p1a: Corviknight|Roost|p1a: Corviknight
|-heal|p1a: Corviknight|100/100
|-singleturn|p1a: Corviknight|move: Roost
|
|-heal|p2a: GangViolence?|100/100 tox|[from] ability: Poison Heal
|upkeep
|turn|30
|
|t:|1779842240
|move|p2a: GangViolence?|Spikes|p1a: Corviknight
|-sidestart|p1: claudechamp|Spikes
|move|p1a: Corviknight|Defog|p2a: GangViolence?
|-unboost|p2a: GangViolence?|evasion|1
|-sideend|p1: claudechamp|Spikes|[from] move: Defog|[of] p1a: Corviknight
|
|upkeep
|turn|31
|
|t:|1779842246
|move|p2a: GangViolence?|Spikes|p1a: Corviknight
|-sidestart|p1: claudechamp|Spikes
|move|p1a: Corviknight|U-turn|p2a: GangViolence?
|-resisted|p2a: GangViolence?
|-damage|p2a: GangViolence?|96/100 tox
|
|t:|1779842252
|switch|p1a: Kyurem|Kyurem, tera:Ground|80/100|[from] U-turn
|-damage|p1a: Kyurem|67/100|[from] Spikes
|-ability|p1a: Kyurem|Pressure
|
|-heal|p1a: Kyurem|74/100|[from] item: Leftovers
|-heal|p2a: GangViolence?|100/100 tox|[from] ability: Poison Heal
|upkeep
|turn|32
|
|t:|1779842260
|switch|p2a: EriKirk|Blissey, F|68/100
|move|p1a: Kyurem|Freeze-Dry|p2a: EriKirk
|-damage|p2a: EriKirk|57/100
|
|-heal|p1a: Kyurem|80/100|[from] item: Leftovers
|upkeep
|turn|33
|
|t:|1779842266
|move|p1a: Kyurem|Freeze-Dry|p2a: EriKirk
|-damage|p2a: EriKirk|46/100
|move|p2a: EriKirk|Soft-Boiled|p2a: EriKirk
|-heal|p2a: EriKirk|96/100
|
|-heal|p1a: Kyurem|86/100|[from] item: Leftovers
|upkeep
|turn|34
|
|t:|1779842271
|switch|p1a: Corviknight|Corviknight, M|100/100
|-ability|p1a: Corviknight|Pressure
|move|p2a: EriKirk|Calm Mind|p2a: EriKirk
|-boost|p2a: EriKirk|spa|1
|-boost|p2a: EriKirk|spd|1
|
|upkeep
|turn|35
|
|t:|1779842279
|switch|p2a: WeCarryTheFlame|Clefable, F|28/100
|move|p1a: Corviknight|Brave Bird|p2a: WeCarryTheFlame
|-damage|p2a: WeCarryTheFlame|2/100
|-damage|p1a: Corviknight|92/100|[from] Recoil
|
|-damage|p1a: Corviknight|80/100|[from] item: Sticky Barb
|upkeep
|turn|36
|
|t:|1779842290
|switch|p2a: GangViolence?|Gliscor, F|100/100 tox
|move|p1a: Corviknight|Brave Bird|p2a: GangViolence?
|-damage|p2a: GangViolence?|77/100 tox
|-damage|p1a: Corviknight|73/100|[from] Recoil
|
|-heal|p2a: GangViolence?|90/100 tox|[from] ability: Poison Heal
|-damage|p1a: Corviknight|61/100|[from] item: Sticky Barb
|upkeep
|turn|37
|
|t:|1779842296
|move|p2a: GangViolence?|Spikes|p1a: Corviknight
|-sidestart|p1: claudechamp|Spikes
|move|p1a: Corviknight|Roost|p1a: Corviknight
|-heal|p1a: Corviknight|100/100
|-singleturn|p1a: Corviknight|move: Roost
|
|-heal|p2a: GangViolence?|100/100 tox|[from] ability: Poison Heal
|-damage|p1a: Corviknight|88/100|[from] item: Sticky Barb
|upkeep
|turn|38
|
|t:|1779842301
|move|p2a: GangViolence?|Spikes|p1a: Corviknight
|-sidestart|p1: claudechamp|Spikes
|move|p1a: Corviknight|Defog|p2a: GangViolence?
|-unboost|p2a: GangViolence?|evasion|1
|-sideend|p1: claudechamp|Spikes|[from] move: Defog|[of] p1a: Corviknight
|
|-damage|p1a: Corviknight|76/100|[from] item: Sticky Barb
|upkeep
|turn|39
|
|t:|1779842306
|move|p2a: GangViolence?|Spikes|p1a: Corviknight
|-sidestart|p1: claudechamp|Spikes
|move|p1a: Corviknight|Roost|p1a: Corviknight
|-heal|p1a: Corviknight|100/100
|-singleturn|p1a: Corviknight|move: Roost
|
|-damage|p1a: Corviknight|88/100|[from] item: Sticky Barb
|upkeep
|turn|40
|
|t:|1779842315
|switch|p2a: NoEmpathy|Toxapex, F|90/100
|move|p1a: Corviknight|Defog|p2a: NoEmpathy
|-unboost|p2a: NoEmpathy|evasion|1
|-sideend|p1: claudechamp|Spikes|[from] move: Defog|[of] p1a: Corviknight
|
|-damage|p1a: Corviknight|76/100|[from] item: Sticky Barb
|upkeep
|turn|41
|
|t:|1779842320
|move|p1a: Corviknight|Roost|p1a: Corviknight
|-heal|p1a: Corviknight|100/100
|-singleturn|p1a: Corviknight|move: Roost
|move|p2a: NoEmpathy|Infestation|p1a: Corviknight
|-resisted|p1a: Corviknight
|-damage|p1a: Corviknight|99/100
|-activate|p1a: Corviknight|move: Infestation|[of] p2a: NoEmpathy
|
|-damage|p1a: Corviknight|87/100|[from] move: Infestation|[partiallytrapped]
|-damage|p1a: Corviknight|75/100|[from] item: Sticky Barb
|upkeep
|turn|42
|
|t:|1779842327
|move|p1a: Corviknight|Roost|p1a: Corviknight
|-heal|p1a: Corviknight|100/100
|-singleturn|p1a: Corviknight|move: Roost
|move|p2a: NoEmpathy|Toxic|p1a: Corviknight
|-immune|p1a: Corviknight
|
|-damage|p1a: Corviknight|88/100|[from] move: Infestation|[partiallytrapped]
|-damage|p1a: Corviknight|76/100|[from] item: Sticky Barb
|upkeep
|turn|43
|
|t:|1779842332
|move|p1a: Corviknight|Roost|p1a: Corviknight
|-heal|p1a: Corviknight|100/100
|-singleturn|p1a: Corviknight|move: Roost
|move|p2a: NoEmpathy|Toxic|p1a: Corviknight
|-immune|p1a: Corviknight
|
|-damage|p1a: Corviknight|88/100|[from] move: Infestation|[partiallytrapped]
|-damage|p1a: Corviknight|76/100|[from] item: Sticky Barb
|upkeep
|turn|44
|
|t:|1779842338
|move|p1a: Corviknight|U-turn|p2a: NoEmpathy
|-resisted|p2a: NoEmpathy
|-crit|p2a: NoEmpathy
|-damage|p2a: NoEmpathy|81/100
|
|t:|1779842344
|switch|p1a: Slowking|Slowking-Galar, M|100/100|[from] U-turn
|move|p2a: NoEmpathy|Haze|p2a: NoEmpathy
|-clearallboost
|
|upkeep
|turn|45
|
|t:|1779842350
|switch|p2a: TurningPoint|Corviknight, F, shiny|68/100
|-ability|p2a: TurningPoint|Pressure
|move|p1a: Slowking|Ice Beam|p2a: TurningPoint
|-damage|p2a: TurningPoint|49/100
|
|-heal|p2a: TurningPoint|55/100|[from] item: Leftovers
|upkeep
|turn|46
|
|t:|1779842356
|move|p2a: TurningPoint|Roost|p2a: TurningPoint
|-heal|p2a: TurningPoint|100/100
|-singleturn|p2a: TurningPoint|move: Roost
|-prepare|p1a: Slowking|Chilly Reception|[premajor]
|move|p1a: Slowking|Chilly Reception|p1a: Slowking
|-weather|Snowscape
|
|t:|1779842361
|switch|p1a: Corviknight|Corviknight, M|76/100|[from] Chilly Reception
|-ability|p1a: Corviknight|Pressure
|
|-weather|Snowscape|[upkeep]
|-damage|p1a: Corviknight|64/100|[from] item: Sticky Barb
|upkeep
|turn|47
|
|t:|1779842373
|switch|p2a: NoEmpathy|Toxapex, F|100/100
|move|p1a: Corviknight|Roost|p1a: Corviknight
|-heal|p1a: Corviknight|100/100
|-singleturn|p1a: Corviknight|move: Roost
|
|-weather|Snowscape|[upkeep]
|-damage|p1a: Corviknight|88/100|[from] item: Sticky Barb
|upkeep
|turn|48
|
|t:|1779842378
|move|p1a: Corviknight|U-turn|p2a: NoEmpathy
|-resisted|p2a: NoEmpathy
|-damage|p2a: NoEmpathy|95/100
|
|t:|1779842384
|switch|p1a: Slowking|Slowking-Galar, M|100/100|[from] U-turn
|move|p2a: NoEmpathy|Infestation|p1a: Slowking
|-damage|p1a: Slowking|98/100
|-activate|p1a: Slowking|move: Infestation|[of] p2a: NoEmpathy
|
|-weather|Snowscape|[upkeep]
|-damage|p1a: Slowking|85/100|[from] move: Infestation|[partiallytrapped]
|upkeep
|turn|49
|
|t:|1779842390
|move|p2a: NoEmpathy|Infestation|p1a: Slowking
|-damage|p1a: Slowking|83/100
|move|p1a: Slowking|Future Sight|p2a: NoEmpathy
|-start|p1a: Slowking|move: Future Sight
|
|-weather|Snowscape|[upkeep]
|-damage|p1a: Slowking|71/100|[from] move: Infestation|[partiallytrapped]
|upkeep
|turn|50
|
|t:|1779842399
|move|p2a: NoEmpathy|Infestation|p1a: Slowking
|-damage|p1a: Slowking|68/100
|-prepare|p1a: Slowking|Chilly Reception|[premajor]
|move|p1a: Slowking|Chilly Reception|p1a: Slowking
|
|t:|1779842405
|switch|p1a: Corviknight|Corviknight, M|88/100|[from] Chilly Reception
|-ability|p1a: Corviknight|Pressure
|
|-weather|none
|-damage|p1a: Corviknight|76/100|[from] item: Sticky Barb
|upkeep
|turn|51
|
|t:|1779842412
|switch|p2a: GangViolence?|Gliscor, F|100/100 tox
|move|p1a: Corviknight|Roost|p1a: Corviknight
|-heal|p1a: Corviknight|100/100
|-singleturn|p1a: Corviknight|move: Roost
|
|-end|p2a: GangViolence?|move: Future Sight
|-damage|p2a: GangViolence?|51/100 tox
|-heal|p2a: GangViolence?|63/100 tox|[from] ability: Poison Heal
|-damage|p1a: Corviknight|88/100|[from] item: Sticky Barb
|upkeep
|turn|52
|
|t:|1779842419
|move|p2a: GangViolence?|Protect|p2a: GangViolence?
|-singleturn|p2a: GangViolence?|Protect
|move|p1a: Corviknight|U-turn|p2a: GangViolence?
|-activate|p2a: GangViolence?|move: Protect
|
|-heal|p2a: GangViolence?|76/100 tox|[from] ability: Poison Heal
|-damage|p1a: Corviknight|76/100|[from] item: Sticky Barb
|upkeep
|turn|53
|
|t:|1779842424
|move|p2a: GangViolence?|Spikes|p1a: Corviknight
|-sidestart|p1: claudechamp|Spikes
|move|p1a: Corviknight|U-turn|p2a: GangViolence?
|-resisted|p2a: GangViolence?
|-damage|p2a: GangViolence?|72/100 tox
|
|t:|1779842430
|switch|p1a: Kyurem|Kyurem, tera:Ground|86/100|[from] U-turn
|-damage|p1a: Kyurem|74/100|[from] Spikes
|-ability|p1a: Kyurem|Pressure
|
|-heal|p1a: Kyurem|80/100|[from] item: Leftovers
|-heal|p2a: GangViolence?|84/100 tox|[from] ability: Poison Heal
|upkeep
|turn|54
|
|t:|1779842441
|switch|p2a: EriKirk|Blissey, F|96/100
|move|p1a: Kyurem|Freeze-Dry|p2a: EriKirk
|-damage|p2a: EriKirk|86/100
|-status|p2a: EriKirk|frz
|
|-heal|p1a: Kyurem|86/100|[from] item: Leftovers
|upkeep
|turn|55
|
|t:|1779842449
|move|p1a: Kyurem|Earth Power|p2a: EriKirk
|-damage|p2a: EriKirk|73/100 frz
|cant|p2a: EriKirk|frz
|
|-heal|p1a: Kyurem|92/100|[from] item: Leftovers
|upkeep
|turn|56
|
|t:|1779842457
|move|p1a: Kyurem|Earth Power|p2a: EriKirk
|-damage|p2a: EriKirk|59/100 frz
|-curestatus|p2a: EriKirk|frz|[msg]
|move|p2a: EriKirk|Seismic Toss|p1a: Kyurem
|-damage|p1a: Kyurem|67/100
|
|-heal|p1a: Kyurem|74/100|[from] item: Leftovers
|upkeep
|turn|57
|
|t:|1779842465
|move|p1a: Kyurem|Freeze-Dry|p2a: EriKirk
|-crit|p2a: EriKirk
|-damage|p2a: EriKirk|43/100
|move|p2a: EriKirk|Soft-Boiled|p2a: EriKirk
|-heal|p2a: EriKirk|93/100
|
|-heal|p1a: Kyurem|80/100|[from] item: Leftovers
|upkeep
|turn|58
|
|t:|1779842473
|switch|p1a: Cinderace|Cinderace, F|67/100 tox
|move|p2a: EriKirk|Calm Mind|p2a: EriKirk
|-boost|p2a: EriKirk|spa|1
|-boost|p2a: EriKirk|spd|1
|
|-damage|p1a: Cinderace|60/100 tox|[from] psn
|upkeep
|turn|59
|
|t:|1779842481
|switch|p2a: GangViolence?|Gliscor, F|84/100 tox
|move|p1a: Cinderace|Pyro Ball|p2a: GangViolence?|[miss]
|-miss|p1a: Cinderace|p2a: GangViolence?
|
|-damage|p1a: Cinderace|48/100 tox|[from] psn
|-heal|p2a: GangViolence?|97/100 tox|[from] ability: Poison Heal
|upkeep
|turn|60
|
|t:|1779842486
|switch|p1a: Corviknight|Corviknight, M|76/100
|-ability|p1a: Corviknight|Pressure
|move|p2a: GangViolence?|Protect||[still]
|-fail|p2a: GangViolence?
|
|-heal|p2a: GangViolence?|100/100 tox|[from] ability: Poison Heal
|-damage|p1a: Corviknight|64/100|[from] item: Sticky Barb
|upkeep
|turn|61
|
|t:|1779842491
|move|p2a: GangViolence?|Spikes|p1a: Corviknight
|-sidestart|p1: claudechamp|Spikes
|move|p1a: Corviknight|Defog|p2a: GangViolence?
|-unboost|p2a: GangViolence?|evasion|1
|-sideend|p1: claudechamp|Spikes|[from] move: Defog|[of] p1a: Corviknight
|
|-damage|p1a: Corviknight|51/100|[from] item: Sticky Barb
|upkeep
|turn|62
|
|t:|1779842496
|move|p2a: GangViolence?|Spikes|p1a: Corviknight
|-sidestart|p1: claudechamp|Spikes
|move|p1a: Corviknight|U-turn|p2a: GangViolence?
|-resisted|p2a: GangViolence?
|-damage|p2a: GangViolence?|96/100 tox
|
|t:|1779842502
|switch|p1a: Kyurem|Kyurem, tera:Ground|80/100|[from] U-turn
|-damage|p1a: Kyurem|67/100|[from] Spikes
|-ability|p1a: Kyurem|Pressure
|
|-heal|p1a: Kyurem|74/100|[from] item: Leftovers
|-heal|p2a: GangViolence?|100/100 tox|[from] ability: Poison Heal
|upkeep
|turn|63
|
|t:|1779842509
|switch|p2a: EriKirk|Blissey, F|93/100
|move|p1a: Kyurem|Freeze-Dry|p2a: EriKirk
|-damage|p2a: EriKirk|83/100
|-status|p2a: EriKirk|frz
|
|-heal|p1a: Kyurem|80/100|[from] item: Leftovers
|upkeep
|turn|64
|
|t:|1779842517
|move|p1a: Kyurem|Earth Power|p2a: EriKirk
|-damage|p2a: EriKirk|70/100 frz
|-curestatus|p2a: EriKirk|frz|[msg]
|move|p2a: EriKirk|Seismic Toss|p1a: Kyurem
|-damage|p1a: Kyurem|55/100
|
|-heal|p1a: Kyurem|61/100|[from] item: Leftovers
|upkeep
|turn|65
|
|t:|1779842525
|switch|p1a: Cinderace|Cinderace, F|48/100 tox
|move|p2a: EriKirk|Seismic Toss|p1a: Cinderace
|-damage|p1a: Cinderace|20/100 tox
|
|-damage|p1a: Cinderace|14/100 tox|[from] psn
|upkeep
|turn|66
|
|t:|1779842537
|switch|p2a: GangViolence?|Gliscor, F|100/100 tox
|move|p1a: Cinderace|Pyro Ball|p2a: GangViolence?
|-damage|p2a: GangViolence?|59/100 tox
|
|-damage|p1a: Cinderace|2/100 tox|[from] psn
|-heal|p2a: GangViolence?|72/100 tox|[from] ability: Poison Heal
|upkeep
|turn|67
|
|t:|1779842543
|switch|p1a: Corviknight|Corviknight, M|51/100
|-ability|p1a: Corviknight|Pressure
|move|p2a: GangViolence?|Protect||[still]
|-fail|p2a: GangViolence?
|
|-heal|p2a: GangViolence?|84/100 tox|[from] ability: Poison Heal
|-damage|p1a: Corviknight|39/100|[from] item: Sticky Barb
|upkeep
|turn|68
|
|t:|1779842557
|switch|p2a: NoEmpathy|Toxapex, F|100/100
|move|p1a: Corviknight|Defog|p2a: NoEmpathy
|-unboost|p2a: NoEmpathy|evasion|1
|-sideend|p1: claudechamp|Spikes|[from] move: Defog|[of] p1a: Corviknight
|
|-damage|p1a: Corviknight|27/100|[from] item: Sticky Barb
|upkeep
|turn|69
|
|t:|1779842562
|move|p1a: Corviknight|U-turn|p2a: NoEmpathy
|-resisted|p2a: NoEmpathy
|-damage|p2a: NoEmpathy|95/100
|
|t:|1779842568
|switch|p1a: Slowking|Slowking-Galar, M|100/100|[from] U-turn
|move|p2a: NoEmpathy|Infestation|p1a: Slowking
|-damage|p1a: Slowking|98/100
|-activate|p1a: Slowking|move: Infestation|[of] p2a: NoEmpathy
|
|-damage|p1a: Slowking|86/100|[from] move: Infestation|[partiallytrapped]
|upkeep
|turn|70
|
|t:|1779842574
|switch|p2a: WeCarryTheFlame|Clefable, F|2/100
|-prepare|p1a: Slowking|Chilly Reception|[premajor]
|move|p1a: Slowking|Chilly Reception|p1a: Slowking
|-weather|Snowscape
|
|t:|1779842579
|switch|p1a: Kyurem|Kyurem, tera:Ground|61/100|[from] Chilly Reception
|-ability|p1a: Kyurem|Pressure
|
|-weather|Snowscape|[upkeep]
|-heal|p1a: Kyurem|67/100|[from] item: Leftovers
|upkeep
|turn|71
|
|t:|1779842589
|switch|p2a: EriKirk|Blissey, F|70/100
|move|p1a: Kyurem|Freeze-Dry|p2a: EriKirk
|-damage|p2a: EriKirk|60/100
|-status|p2a: EriKirk|frz
|
|-weather|Snowscape|[upkeep]
|-heal|p1a: Kyurem|74/100|[from] item: Leftovers
|upkeep
|turn|72
|
|t:|1779842597
|move|p1a: Kyurem|Earth Power|p2a: EriKirk
|-damage|p2a: EriKirk|47/100 frz
|cant|p2a: EriKirk|frz
|
|-weather|Snowscape|[upkeep]
|-heal|p1a: Kyurem|80/100|[from] item: Leftovers
|upkeep
|turn|73
|
|t:|1779842605
|move|p1a: Kyurem|Earth Power|p2a: EriKirk
|-damage|p2a: EriKirk|33/100 frz
|-curestatus|p2a: EriKirk|frz|[msg]
|move|p2a: EriKirk|Soft-Boiled|p2a: EriKirk
|-heal|p2a: EriKirk|83/100
|
|-weather|Snowscape|[upkeep]
|-heal|p1a: Kyurem|86/100|[from] item: Leftovers
|upkeep
|turn|74
|
|t:|1779842612
|switch|p1a: Dondozo|Dondozo, F|100/100
|move|p2a: EriKirk|Seismic Toss|p1a: Dondozo
|-damage|p1a: Dondozo|81/100
|
|-weather|none
|-heal|p1a: Dondozo|87/100|[from] item: Leftovers
|upkeep
|turn|75
|
|t:|1779842620
|switch|p2a: NoEmpathy|Toxapex, F|100/100
|move|p1a: Dondozo|Waterfall|p2a: NoEmpathy
|-resisted|p2a: NoEmpathy
|-damage|p2a: NoEmpathy|90/100
|
|-heal|p1a: Dondozo|93/100|[from] item: Leftovers
|upkeep
|turn|76
|
|t:|1779842626
|switch|p1a: Slowking|Slowking-Galar, M|100/100
|move|p2a: NoEmpathy|Toxic|p1a: Slowking
|-immune|p1a: Slowking
|
|upkeep
|turn|77
|
|t:|1779842631
|move|p2a: NoEmpathy|Infestation|p1a: Slowking
|-damage|p1a: Slowking|98/100
|-activate|p1a: Slowking|move: Infestation|[of] p2a: NoEmpathy
|-prepare|p1a: Slowking|Chilly Reception|[premajor]
|move|p1a: Slowking|Chilly Reception|p1a: Slowking
|-weather|Snowscape
|
|t:|1779842637
|switch|p1a: Kyurem|Kyurem, tera:Ground|86/100|[from] Chilly Reception
|-ability|p1a: Kyurem|Pressure
|
|-weather|Snowscape|[upkeep]
|-heal|p1a: Kyurem|92/100|[from] item: Leftovers
|upkeep
|turn|78
|
|t:|1779842642
|switch|p2a: EriKirk|Blissey, F|83/100
|move|p1a: Kyurem|Earth Power|p2a: EriKirk
|-damage|p2a: EriKirk|70/100
|
|-weather|Snowscape|[upkeep]
|-heal|p1a: Kyurem|98/100|[from] item: Leftovers
|upkeep
|turn|79
|
|t:|1779842649
|move|p1a: Kyurem|Freeze-Dry|p2a: EriKirk
|-damage|p2a: EriKirk|59/100
|move|p2a: EriKirk|Seismic Toss|p1a: Kyurem
|-damage|p1a: Kyurem|74/100
|
|-weather|Snowscape|[upkeep]
|-heal|p1a: Kyurem|80/100|[from] item: Leftovers
|upkeep
|turn|80
|
|t:|1779842657
|move|p1a: Kyurem|Earth Power|p2a: EriKirk
|-damage|p2a: EriKirk|46/100
|move|p2a: EriKirk|Calm Mind|p2a: EriKirk
|-boost|p2a: EriKirk|spa|1
|-boost|p2a: EriKirk|spd|1
|
|-weather|Snowscape|[upkeep]
|-heal|p1a: Kyurem|86/100|[from] item: Leftovers
|upkeep
|turn|81
|
|t:|1779842665
|move|p1a: Kyurem|Earth Power|p2a: EriKirk
|-damage|p2a: EriKirk|37/100
|move|p2a: EriKirk|Soft-Boiled|p2a: EriKirk
|-heal|p2a: EriKirk|87/100
|
|-weather|none
|-heal|p1a: Kyurem|92/100|[from] item: Leftovers
|upkeep
|turn|82
|
|t:|1779842673
|move|p1a: Kyurem|Earth Power|p2a: EriKirk
|-damage|p2a: EriKirk|78/100
|move|p2a: EriKirk|Calm Mind|p2a: EriKirk
|-boost|p2a: EriKirk|spa|1
|-boost|p2a: EriKirk|spd|1
|
|-heal|p1a: Kyurem|98/100|[from] item: Leftovers
|upkeep
|turn|83
|
|t:|1779842681
|switch|p1a: Dondozo|Dondozo, F|93/100
|move|p2a: EriKirk|Calm Mind|p2a: EriKirk
|-boost|p2a: EriKirk|spa|1
|-boost|p2a: EriKirk|spd|1
|
|-heal|p1a: Dondozo|99/100|[from] item: Leftovers
|upkeep
|turn|84
|
|t:|1779842689
|switch|p2a: NoEmpathy|Toxapex, F|100/100
|move|p1a: Dondozo|Waterfall|p2a: NoEmpathy
|-resisted|p2a: NoEmpathy
|-damage|p2a: NoEmpathy|90/100
|
|-heal|p1a: Dondozo|100/100|[from] item: Leftovers
|upkeep
|turn|85
|
|t:|1779842697
|switch|p1a: Slowking|Slowking-Galar, M|100/100
|switch|p2a: WeCarryTheFlame|Clefable, F|2/100
|
|upkeep
|turn|86
|
|t:|1779842702
|move|p2a: WeCarryTheFlame|Moonlight|p2a: WeCarryTheFlame
|-heal|p2a: WeCarryTheFlame|52/100
|move|p1a: Slowking|Sludge Bomb|p2a: WeCarryTheFlame
|-supereffective|p2a: WeCarryTheFlame
|-damage|p2a: WeCarryTheFlame|0 fnt
|faint|p2a: WeCarryTheFlame
|
|upkeep
|
|t:|1779842712
|switch|p2a: EriKirk|Blissey, F|78/100
|turn|87
|
|t:|1779842719
|switch|p2a: TurningPoint|Corviknight, F, shiny|100/100
|-ability|p2a: TurningPoint|Pressure
|move|p1a: Slowking|Future Sight|p2a: TurningPoint
|-start|p1a: Slowking|move: Future Sight
|
|upkeep
|turn|88
|
|t:|1779842724
|move|p2a: TurningPoint|Spite|p1a: Slowking
|-activate|p1a: Slowking|move: Spite|Future Sight|4
|move|p1a: Slowking|Ice Beam|p2a: TurningPoint
|-damage|p2a: TurningPoint|81/100
|
|-heal|p2a: TurningPoint|87/100|[from] item: Leftovers
|upkeep
|turn|89
|
|t:|1779842732
|move|p2a: TurningPoint|Protect|p2a: TurningPoint
|-singleturn|p2a: TurningPoint|Protect
|move|p1a: Slowking|Ice Beam|p2a: TurningPoint
|-activate|p2a: TurningPoint|move: Protect
|
|-end|p2a: TurningPoint|move: Future Sight
|-resisted|p2a: TurningPoint
|-damage|p2a: TurningPoint|70/100
|-heal|p2a: TurningPoint|76/100|[from] item: Leftovers
|upkeep
|turn|90
|
|t:|1779842738
|move|p2a: TurningPoint|Spite|p1a: Slowking
|-activate|p1a: Slowking|move: Spite|Ice Beam|4
|move|p1a: Slowking|Future Sight|p2a: TurningPoint
|-start|p1a: Slowking|move: Future Sight
|
|-heal|p2a: TurningPoint|82/100|[from] item: Leftovers
|upkeep
|turn|91
|
|t:|1779842743
|switch|p1a: Kyurem|Kyurem, tera:Ground|98/100
|-ability|p1a: Kyurem|Pressure
|move|p2a: TurningPoint|Spite||[still]
|-fail|p2a: TurningPoint
|
|-heal|p1a: Kyurem|100/100|[from] item: Leftovers
|-heal|p2a: TurningPoint|88/100|[from] item: Leftovers
|upkeep
|turn|92
|
|t:|1779842748
|move|p2a: TurningPoint|Protect|p2a: TurningPoint
|-singleturn|p2a: TurningPoint|Protect
|move|p1a: Kyurem|Freeze-Dry|p2a: TurningPoint
|-activate|p2a: TurningPoint|move: Protect
|
|-end|p2a: TurningPoint|move: Future Sight
|-resisted|p2a: TurningPoint
|-damage|p2a: TurningPoint|70/100
|-heal|p2a: TurningPoint|76/100|[from] item: Leftovers
|upkeep
|turn|93
|
|t:|1779842753
|switch|p2a: EriKirk|Blissey, F|78/100
|move|p1a: Kyurem|Freeze-Dry|p2a: EriKirk
|-damage|p2a: EriKirk|67/100
|
|upkeep
|turn|94
|
|t:|1779842761
|switch|p1a: Dondozo|Dondozo, F|100/100
|move|p2a: EriKirk|Seismic Toss|p1a: Dondozo
|-damage|p1a: Dondozo|81/100
|
|-heal|p1a: Dondozo|87/100|[from] item: Leftovers
|upkeep
|turn|95
|
|t:|1779842770
|switch|p2a: GangViolence?|Gliscor, F|84/100 tox
|move|p1a: Dondozo|Waterfall|p2a: GangViolence?
|-supereffective|p2a: GangViolence?
|-damage|p2a: GangViolence?|52/100 tox
|
|-heal|p1a: Dondozo|93/100|[from] item: Leftovers
|-heal|p2a: GangViolence?|64/100 tox|[from] ability: Poison Heal
|upkeep
|turn|96
|
|t:|1779842775
|move|p2a: GangViolence?|Knock Off|p1a: Dondozo
|-damage|p1a: Dondozo|80/100
|-enditem|p1a: Dondozo|Leftovers|[from] move: Knock Off|[of] p2a: GangViolence?
|move|p1a: Dondozo|Waterfall|p2a: GangViolence?
|-supereffective|p2a: GangViolence?
|-crit|p2a: GangViolence?
|-damage|p2a: GangViolence?|18/100 tox
|
|-heal|p2a: GangViolence?|30/100 tox|[from] ability: Poison Heal
|upkeep
|turn|97
|
|t:|1779842781
|move|p2a: GangViolence?|Protect|p2a: GangViolence?
|-singleturn|p2a: GangViolence?|Protect
|move|p1a: Dondozo|Curse|p1a: Dondozo
|-unboost|p1a: Dondozo|spe|1
|-boost|p1a: Dondozo|atk|1
|-boost|p1a: Dondozo|def|1
|
|-heal|p2a: GangViolence?|43/100 tox|[from] ability: Poison Heal
|upkeep
|turn|98
|
|t:|1779842786
|switch|p2a: NoEmpathy|Toxapex, F|100/100
|move|p1a: Dondozo|Waterfall|p2a: NoEmpathy
|-resisted|p2a: NoEmpathy
|-damage|p2a: NoEmpathy|84/100
|
|upkeep
|turn|99
|
|t:|1779842792
|switch|p1a: Slowking|Slowking-Galar, M|100/100
|move|p2a: NoEmpathy|Haze|p2a: NoEmpathy
|-clearallboost
|
|upkeep
|turn|100
|
|t:|1779842798
|switch|p2a: TurningPoint|Corviknight, F, shiny|76/100
|-ability|p2a: TurningPoint|Pressure
|move|p1a: Slowking|Future Sight|p2a: TurningPoint
|-start|p1a: Slowking|move: Future Sight
|
|-heal|p2a: TurningPoint|82/100|[from] item: Leftovers
|upkeep
|turn|101
|
|t:|1779842803
|move|p2a: TurningPoint|Substitute|p2a: TurningPoint
|-start|p2a: TurningPoint|Substitute
|-damage|p2a: TurningPoint|58/100
|-prepare|p1a: Slowking|Chilly Reception|[premajor]
|move|p1a: Slowking|Chilly Reception|p1a: Slowking
|-weather|Snowscape
|
|t:|1779842808
|switch|p1a: Dondozo|Dondozo, F|80/100|[from] Chilly Reception
|
|-weather|Snowscape|[upkeep]
|-heal|p2a: TurningPoint|64/100|[from] item: Leftovers
|upkeep
|turn|102
|
|t:|1779842813
|move|p2a: TurningPoint|Roost|p2a: TurningPoint
|-heal|p2a: TurningPoint|100/100
|-singleturn|p2a: TurningPoint|move: Roost
|move|p1a: Dondozo|Body Press|p2a: TurningPoint
|-supereffective|p2a: TurningPoint
|-end|p2a: TurningPoint|Substitute
|
|-weather|Snowscape|[upkeep]
|-end|p2a: TurningPoint|move: Future Sight
|-resisted|p2a: TurningPoint
|-damage|p2a: TurningPoint|82/100
|-heal|p2a: TurningPoint|88/100|[from] item: Leftovers
|upkeep
|turn|103
|
|t:|1779842822
|switch|p2a: NoEmpathy|Toxapex, F|100/100
|switch|p1a: Kyurem|Kyurem, tera:Ground|100/100
|-ability|p1a: Kyurem|Pressure
|
|-weather|Snowscape|[upkeep]
|upkeep
|turn|104
|
|t:|1779842829
|switch|p2a: EriKirk|Blissey, F|67/100
|move|p1a: Kyurem|Earth Power|p2a: EriKirk
|-damage|p2a: EriKirk|53/100
|
|-weather|Snowscape|[upkeep]
|upkeep
|turn|105
|
|t:|1779842837
|move|p1a: Kyurem|Freeze-Dry|p2a: EriKirk
|-crit|p2a: EriKirk
|-damage|p2a: EriKirk|37/100
|move|p2a: EriKirk|Calm Mind|p2a: EriKirk
|-boost|p2a: EriKirk|spa|1
|-boost|p2a: EriKirk|spd|1
|
|-weather|none
|upkeep
|turn|106
|
|t:|1779842845
|switch|p1a: Dondozo|Dondozo, F|80/100
|move|p2a: EriKirk|Soft-Boiled|p2a: EriKirk
|-heal|p2a: EriKirk|87/100
|
|upkeep
|turn|107
|
|t:|1779842852
|switch|p2a: GangViolence?|Gliscor, F|43/100 tox
|move|p1a: Dondozo|Waterfall|p2a: GangViolence?
|-supereffective|p2a: GangViolence?
|-damage|p2a: GangViolence?|10/100 tox
|
|-heal|p2a: GangViolence?|23/100 tox|[from] ability: Poison Heal
|upkeep
|turn|108
|
|t:|1779842857
|move|p2a: GangViolence?|Protect|p2a: GangViolence?
|-singleturn|p2a: GangViolence?|Protect
|move|p1a: Dondozo|Waterfall|p2a: GangViolence?
|-activate|p2a: GangViolence?|move: Protect
|
|-heal|p2a: GangViolence?|35/100 tox|[from] ability: Poison Heal
|upkeep
|turn|109
|
|t:|1779842863
|-terastallize|p2a: GangViolence?|Ghost
|move|p2a: GangViolence?|Spikes|p1a: Dondozo
|-sidestart|p1: claudechamp|Spikes
|move|p1a: Dondozo|Waterfall|p2a: GangViolence?
|-crit|p2a: GangViolence?
|-damage|p2a: GangViolence?|11/100 tox
|
|-heal|p2a: GangViolence?|23/100 tox|[from] ability: Poison Heal
|upkeep
|turn|110
|
|t:|1779842868
|switch|p1a: Corviknight|Corviknight, M|27/100
|-ability|p1a: Corviknight|Pressure
|move|p2a: GangViolence?|Protect||[still]
|-fail|p2a: GangViolence?
|
|-heal|p2a: GangViolence?|36/100 tox|[from] ability: Poison Heal
|-damage|p1a: Corviknight|15/100|[from] item: Sticky Barb
|upkeep
|turn|111
|
|t:|1779842873
|move|p2a: GangViolence?|Knock Off|p1a: Corviknight
|-damage|p1a: Corviknight|1/100
|-enditem|p1a: Corviknight|Sticky Barb|[from] move: Knock Off|[of] p2a: GangViolence?
|move|p1a: Corviknight|Defog|p2a: GangViolence?
|-unboost|p2a: GangViolence?|evasion|1
|-sideend|p1: claudechamp|Spikes|[from] move: Defog|[of] p1a: Corviknight
|
|-heal|p2a: GangViolence?|48/100 tox|[from] ability: Poison Heal
|upkeep
|turn|112
|
|t:|1779842879
|move|p2a: GangViolence?|Knock Off|p1a: Corviknight
|-damage|p1a: Corviknight|0 fnt
|faint|p1a: Corviknight
|
|-heal|p2a: GangViolence?|61/100 tox|[from] ability: Poison Heal
|upkeep
|
|t:|1779842884
|switch|p1a: Kyurem|Kyurem, tera:Ground|100/100
|-ability|p1a: Kyurem|Pressure
|turn|113
|
|t:|1779842890
|move|p1a: Kyurem|Substitute|p1a: Kyurem
|-start|p1a: Kyurem|Substitute
|-damage|p1a: Kyurem|75/100
|move|p2a: GangViolence?|Toxic||[still]
|-fail|p2a: GangViolence?
|
|-heal|p1a: Kyurem|82/100|[from] item: Leftovers
|-heal|p2a: GangViolence?|73/100 tox|[from] ability: Poison Heal
|upkeep
|turn|114
|
|t:|1779842895
|switch|p2a: EriKirk|Blissey, F|87/100
|move|p1a: Kyurem|Freeze-Dry|p2a: EriKirk
|-damage|p2a: EriKirk|76/100
|-status|p2a: EriKirk|frz
|
|-heal|p1a: Kyurem|88/100|[from] item: Leftovers
|upkeep
|turn|115
|
|t:|1779842903
|-curestatus|p2a: EriKirk|frz|[from] ability: Natural Cure|[silent]
|switch|p2a: TurningPoint|Corviknight, F, shiny|88/100
|-ability|p2a: TurningPoint|Pressure
|move|p1a: Kyurem|Earth Power|p2a: TurningPoint
|-immune|p2a: TurningPoint
|
|-heal|p1a: Kyurem|94/100|[from] item: Leftovers
|-heal|p2a: TurningPoint|94/100|[from] item: Leftovers
|upkeep
|turn|116
|
|t:|1779842908
|move|p1a: Kyurem|Freeze-Dry|p2a: TurningPoint
|-damage|p2a: TurningPoint|63/100
|move|p2a: TurningPoint|Substitute|p2a: TurningPoint
|-start|p2a: TurningPoint|Substitute
|-damage|p2a: TurningPoint|39/100
|
|-heal|p1a: Kyurem|99/100|[from] item: Leftovers
|-heal|p2a: TurningPoint|45/100|[from] item: Leftovers
|upkeep
|turn|117
|
|t:|1779842914
|move|p2a: TurningPoint|Protect|p2a: TurningPoint
|-singleturn|p2a: TurningPoint|Protect
|move|p1a: Kyurem|Freeze-Dry|p2a: TurningPoint
|-activate|p2a: TurningPoint|move: Protect
|
|-heal|p1a: Kyurem|100/100|[from] item: Leftovers
|-heal|p2a: TurningPoint|51/100|[from] item: Leftovers
|upkeep
|turn|118
|
|t:|1779842919
|move|p1a: Kyurem|Freeze-Dry|p2a: TurningPoint
|-end|p2a: TurningPoint|Substitute
|move|p2a: TurningPoint|Roost|p2a: TurningPoint
|-heal|p2a: TurningPoint|100/100
|-singleturn|p2a: TurningPoint|move: Roost
|
|upkeep
|turn|119
|
|t:|1779842926
|move|p1a: Kyurem|Freeze-Dry|p2a: TurningPoint
|-damage|p2a: TurningPoint|71/100
|move|p2a: TurningPoint|Substitute|p2a: TurningPoint
|-start|p2a: TurningPoint|Substitute
|-damage|p2a: TurningPoint|46/100
|
|-heal|p2a: TurningPoint|52/100|[from] item: Leftovers
|upkeep
|turn|120
|
|t:|1779842931
|move|p1a: Kyurem|Freeze-Dry|p2a: TurningPoint
|-end|p2a: TurningPoint|Substitute
|move|p2a: TurningPoint|Spite|p1a: Kyurem
|-activate|p1a: Kyurem|move: Spite|Freeze-Dry|3
|
|-heal|p2a: TurningPoint|58/100|[from] item: Leftovers
|upkeep
|turn|121
|
|t:|1779842937
|move|p1a: Kyurem|Substitute|p1a: Kyurem
|-fail|p1a: Kyurem|move: Substitute
|move|p2a: TurningPoint|Roost|p2a: TurningPoint
|-heal|p2a: TurningPoint|100/100
|-singleturn|p2a: TurningPoint|move: Roost
|
|upkeep
|turn|122
|
|t:|1779842942
|switch|p2a: GangViolence?|Gliscor, F, tera:Ghost|73/100 tox
|move|p1a: Kyurem|Protect||[still]
|-fail|p1a: Kyurem
|
|-heal|p2a: GangViolence?|86/100 tox|[from] ability: Poison Heal
|upkeep
|turn|123
|
|t:|1779842947
|move|p1a: Kyurem|Earth Power|p2a: GangViolence?
|-damage|p2a: GangViolence?|34/100 tox
|move|p2a: GangViolence?|Spikes|p1a: Kyurem
|-sidestart|p1: claudechamp|Spikes
|
|-heal|p2a: GangViolence?|47/100 tox|[from] ability: Poison Heal
|upkeep
|turn|124
|
|t:|1779842953
|switch|p1a: Ting-Lu|Ting-Lu|100/100 slp
|-damage|p1a: Ting-Lu|88/100 slp|[from] Spikes
|-ability|p1a: Ting-Lu|Vessel of Ruin
|move|p2a: GangViolence?|Spikes|p1a: Ting-Lu
|-sidestart|p1: claudechamp|Spikes
|
|-heal|p1a: Ting-Lu|94/100 slp|[from] item: Leftovers
|-heal|p2a: GangViolence?|59/100 tox|[from] ability: Poison Heal
|upkeep
|turn|125
|
|t:|1779842958
|move|p2a: GangViolence?|Spikes|p1a: Ting-Lu
|-sidestart|p1: claudechamp|Spikes
|cant|p1a: Ting-Lu|slp
|move|p1a: Ting-Lu|Sleep Talk|p1a: Ting-Lu
|move|p1a: Ting-Lu|Rest||[from] move: Sleep Talk|[still]
|-fail|p1a: Ting-Lu
|
|-heal|p1a: Ting-Lu|100/100 slp|[from] item: Leftovers
|-heal|p2a: GangViolence?|72/100 tox|[from] ability: Poison Heal
|upkeep
|turn|126
|
|t:|1779842963
|move|p2a: GangViolence?|Knock Off|p1a: Ting-Lu
|-resisted|p1a: Ting-Lu
|-crit|p1a: Ting-Lu
|-damage|p1a: Ting-Lu|92/100 slp
|-enditem|p1a: Ting-Lu|Leftovers|[from] move: Knock Off|[of] p2a: GangViolence?
|cant|p1a: Ting-Lu|slp
|move|p1a: Ting-Lu|Sleep Talk|p1a: Ting-Lu
|move|p1a: Ting-Lu|Payback|p2a: GangViolence?|[from] move: Sleep Talk
|-supereffective|p2a: GangViolence?
|-damage|p2a: GangViolence?|24/100 tox
|
|-heal|p2a: GangViolence?|36/100 tox|[from] ability: Poison Heal
|upkeep
|turn|127
|
|t:|1779842969
|move|p2a: GangViolence?|Protect|p2a: GangViolence?
|-singleturn|p2a: GangViolence?|Protect
|-curestatus|p1a: Ting-Lu|slp|[msg]
|move|p1a: Ting-Lu|Payback|p2a: GangViolence?
|-activate|p2a: GangViolence?|move: Protect
|
|-heal|p2a: GangViolence?|49/100 tox|[from] ability: Poison Heal
|upkeep
|turn|128
|
|t:|1779842974
|move|p2a: GangViolence?|Toxic|p1a: Ting-Lu
|-status|p1a: Ting-Lu|tox
|move|p1a: Ting-Lu|Payback|p2a: GangViolence?
|-supereffective|p2a: GangViolence?
|-damage|p2a: GangViolence?|0 fnt
|faint|p2a: GangViolence?
|
|-damage|p1a: Ting-Lu|86/100 tox|[from] psn
|upkeep
|
|t:|1779842986
|switch|p2a: OwMyNeck|Dondozo, F|100/100
|turn|129
|
|t:|1779842991
|move|p1a: Ting-Lu|Rest|p1a: Ting-Lu
|-status|p1a: Ting-Lu|slp|[from] move: Rest
|-heal|p1a: Ting-Lu|100/100 slp|[silent]
|move|p2a: OwMyNeck|Body Press|p1a: Ting-Lu
|-supereffective|p1a: Ting-Lu
|-damage|p1a: Ting-Lu|68/100 slp
|
|upkeep
|turn|130
|
|t:|1779842998
|cant|p1a: Ting-Lu|slp
|move|p1a: Ting-Lu|Sleep Talk|p1a: Ting-Lu
|move|p1a: Ting-Lu|Payback|p2a: OwMyNeck|[from] move: Sleep Talk
|-damage|p2a: OwMyNeck|93/100
|move|p2a: OwMyNeck|Body Press|p1a: Ting-Lu
|-supereffective|p1a: Ting-Lu
|-damage|p1a: Ting-Lu|39/100 slp
|
|upkeep
|turn|131
|
|t:|1779843004
|cant|p1a: Ting-Lu|slp
|move|p1a: Ting-Lu|Sleep Talk|p1a: Ting-Lu
|move|p1a: Ting-Lu|Rest||[from] move: Sleep Talk|[still]
|-fail|p1a: Ting-Lu
|move|p2a: OwMyNeck|Body Press|p1a: Ting-Lu
|-supereffective|p1a: Ting-Lu
|-damage|p1a: Ting-Lu|8/100 slp
|
|upkeep
|turn|132
|
|t:|1779843009
|-curestatus|p1a: Ting-Lu|slp|[msg]
|move|p1a: Ting-Lu|Rest|p1a: Ting-Lu
|-status|p1a: Ting-Lu|slp|[from] move: Rest
|-heal|p1a: Ting-Lu|100/100 slp|[silent]
|move|p2a: OwMyNeck|Body Press|p1a: Ting-Lu
|-supereffective|p1a: Ting-Lu
|-damage|p1a: Ting-Lu|67/100 slp
|
|upkeep
|turn|133
|
|t:|1779843016
|cant|p1a: Ting-Lu|slp
|move|p1a: Ting-Lu|Sleep Talk|p1a: Ting-Lu
|move|p1a: Ting-Lu|Rest||[from] move: Sleep Talk|[still]
|-fail|p1a: Ting-Lu
|move|p2a: OwMyNeck|Body Press|p1a: Ting-Lu
|-supereffective|p1a: Ting-Lu
|-damage|p1a: Ting-Lu|34/100 slp
|
|upkeep
|turn|134
|
|t:|1779843022
|cant|p1a: Ting-Lu|slp
|move|p2a: OwMyNeck|Body Press|p1a: Ting-Lu
|-supereffective|p1a: Ting-Lu
|-damage|p1a: Ting-Lu|4/100 slp
|
|upkeep
|turn|135
|
|t:|1779843028
|-curestatus|p1a: Ting-Lu|slp|[msg]
|move|p1a: Ting-Lu|Earthquake|p2a: OwMyNeck
|-damage|p2a: OwMyNeck|75/100
|move|p2a: OwMyNeck|Avalanche|p1a: Ting-Lu
|-supereffective|p1a: Ting-Lu
|-damage|p1a: Ting-Lu|0 fnt
|faint|p1a: Ting-Lu
|
|upkeep
|
|t:|1779843034
|switch|p1a: Cinderace|Cinderace, F|2/100 tox
|turn|136
|
|t:|1779843040
|move|p1a: Cinderace|Court Change|p1a: Cinderace
|-swapsideconditions
|-activate|p1a: Cinderace|move: Court Change
|move|p2a: OwMyNeck|Body Press|p1a: Cinderace
|-damage|p1a: Cinderace|0 fnt
|faint|p1a: Cinderace
|
|upkeep
|
|t:|1779843046
|switch|p1a: Slowking|Slowking-Galar, M|100/100
|turn|137
|
|t:|1779843051
|switch|p2a: TurningPoint|Corviknight, F, shiny|100/100
|-ability|p2a: TurningPoint|Pressure
|move|p1a: Slowking|Ice Beam|p2a: TurningPoint
|-damage|p2a: TurningPoint|83/100
|
|-heal|p2a: TurningPoint|89/100|[from] item: Leftovers
|upkeep
|turn|138
|
|t:|1779843059
|move|p2a: TurningPoint|Substitute|p2a: TurningPoint
|-start|p2a: TurningPoint|Substitute
|-damage|p2a: TurningPoint|64/100
|-prepare|p1a: Slowking|Chilly Reception|[premajor]
|move|p1a: Slowking|Chilly Reception|p1a: Slowking
|-weather|Snowscape
|
|t:|1779843064
|switch|p1a: Dondozo|Dondozo, F|80/100|[from] Chilly Reception
|
|-weather|Snowscape|[upkeep]
|-heal|p2a: TurningPoint|70/100|[from] item: Leftovers
|upkeep
|turn|139
|
|t:|1779843069
|switch|p2a: NoEmpathy|Toxapex, F|100/100
|move|p1a: Dondozo|Body Press|p2a: NoEmpathy
|-resisted|p2a: NoEmpathy
|-damage|p2a: NoEmpathy|93/100
|
|-weather|Snowscape|[upkeep]
|upkeep
|turn|140
|
|t:|1779843075
|switch|p1a: Slowking|Slowking-Galar, M|100/100
|move|p2a: NoEmpathy|Toxic|p1a: Slowking
|-immune|p1a: Slowking
|
|-weather|Snowscape|[upkeep]
|upkeep
|turn|141
|
|t:|1779843081
|move|p2a: NoEmpathy|Infestation|p1a: Slowking
|-damage|p1a: Slowking|98/100
|-activate|p1a: Slowking|move: Infestation|[of] p2a: NoEmpathy
|-prepare|p1a: Slowking|Chilly Reception|[premajor]
|move|p1a: Slowking|Chilly Reception|p1a: Slowking
|
|t:|1779843087
|switch|p1a: Kyurem|Kyurem, tera:Ground|100/100|[from] Chilly Reception
|-ability|p1a: Kyurem|Pressure
|
|-weather|Snowscape|[upkeep]
|upkeep
|turn|142
|
|t:|1779843097
|switch|p1a: Slowking|Slowking-Galar, M|100/100
|switch|p2a: TurningPoint|Corviknight, F, shiny|70/100
|-ability|p2a: TurningPoint|Pressure
|
|-weather|none
|-heal|p2a: TurningPoint|76/100|[from] item: Leftovers
|upkeep
|turn|143
|
|t:|1779843102
|move|p2a: TurningPoint|Protect|p2a: TurningPoint
|-singleturn|p2a: TurningPoint|Protect
|-prepare|p1a: Slowking|Chilly Reception|[premajor]
|move|p1a: Slowking|Chilly Reception|p1a: Slowking
|-weather|Snowscape
|
|t:|1779843107
|switch|p1a: Dondozo|Dondozo, F|80/100|[from] Chilly Reception
|
|-weather|Snowscape|[upkeep]
|-heal|p2a: TurningPoint|82/100|[from] item: Leftovers
|upkeep
|turn|144
|
|t:|1779843112
|switch|p2a: NoEmpathy|Toxapex, F|100/100
|move|p1a: Dondozo|Curse|p1a: Dondozo
|-unboost|p1a: Dondozo|spe|1
|-boost|p1a: Dondozo|atk|1
|-boost|p1a: Dondozo|def|1
|
|-weather|Snowscape|[upkeep]
|upkeep
|turn|145
|
|t:|1779843117
|move|p2a: NoEmpathy|Infestation|p1a: Dondozo
|-damage|p1a: Dondozo|78/100
|-activate|p1a: Dondozo|move: Infestation|[of] p2a: NoEmpathy
|move|p1a: Dondozo|Rest|p1a: Dondozo
|-status|p1a: Dondozo|slp|[from] move: Rest
|-heal|p1a: Dondozo|100/100 slp|[silent]
|
|-weather|Snowscape|[upkeep]
|-damage|p1a: Dondozo|88/100 slp|[from] move: Infestation|[partiallytrapped]
|upkeep
|turn|146
|
|t:|1779843124
|move|p2a: NoEmpathy|Haze|p2a: NoEmpathy
|-clearallboost
|cant|p1a: Dondozo|slp
|
|-weather|Snowscape|[upkeep]
|-damage|p1a: Dondozo|76/100 slp|[from] move: Infestation|[partiallytrapped]
|upkeep
|turn|147
|
|t:|1779843129
|cant|p1a: Dondozo|slp
|move|p2a: NoEmpathy|Infestation|p1a: Dondozo
|-damage|p1a: Dondozo|74/100 slp
|
|-weather|none
|-damage|p1a: Dondozo|62/100 slp|[from] move: Infestation|[partiallytrapped]
|upkeep
|turn|148
|
|t:|1779843135
|-curestatus|p1a: Dondozo|slp|[msg]
|move|p1a: Dondozo|Curse|p1a: Dondozo
|-unboost|p1a: Dondozo|spe|1
|-boost|p1a: Dondozo|atk|1
|-boost|p1a: Dondozo|def|1
|move|p2a: NoEmpathy|Toxic|p1a: Dondozo
|-status|p1a: Dondozo|tox
|
|-damage|p1a: Dondozo|55/100 tox|[from] psn
|-damage|p1a: Dondozo|43/100 tox|[from] move: Infestation|[partiallytrapped]
|upkeep
|turn|149
|
|t:|1779843140
|move|p2a: NoEmpathy|Haze|p2a: NoEmpathy
|-clearallboost
|move|p1a: Dondozo|Rest|p1a: Dondozo
|-status|p1a: Dondozo|slp|[from] move: Rest
|-heal|p1a: Dondozo|100/100 slp|[silent]
|
|-damage|p1a: Dondozo|88/100 slp|[from] move: Infestation|[partiallytrapped]
|upkeep
|turn|150
|
|t:|1779843147
|cant|p1a: Dondozo|slp
|move|p2a: NoEmpathy|Infestation|p1a: Dondozo
|-damage|p1a: Dondozo|86/100 slp
|
|-end|p1a: Dondozo|Infestation|[partiallytrapped]
|upkeep
|turn|151
|
|t:|1779843153
|cant|p1a: Dondozo|slp
|move|p2a: NoEmpathy|Infestation|p1a: Dondozo
|-damage|p1a: Dondozo|84/100 slp
|-activate|p1a: Dondozo|move: Infestation|[of] p2a: NoEmpathy
|
|-damage|p1a: Dondozo|72/100 slp|[from] move: Infestation|[partiallytrapped]
|upkeep
|turn|152
|
|t:|1779843160
|-curestatus|p1a: Dondozo|slp|[msg]
|move|p1a: Dondozo|Curse|p1a: Dondozo
|-unboost|p1a: Dondozo|spe|1
|-boost|p1a: Dondozo|atk|1
|-boost|p1a: Dondozo|def|1
|move|p2a: NoEmpathy|Infestation|p1a: Dondozo
|-damage|p1a: Dondozo|70/100
|
|-damage|p1a: Dondozo|58/100|[from] move: Infestation|[partiallytrapped]
|upkeep
|turn|153
|
|t:|1779843166
|move|p2a: NoEmpathy|Haze|p2a: NoEmpathy
|-clearallboost
|move|p1a: Dondozo|Rest|p1a: Dondozo
|-status|p1a: Dondozo|slp|[from] move: Rest
|-heal|p1a: Dondozo|100/100 slp|[silent]
|
|-damage|p1a: Dondozo|88/100 slp|[from] move: Infestation|[partiallytrapped]
|upkeep
|turn|154
|
|t:|1779843171
|switch|p2a: TurningPoint|Corviknight, F, shiny|82/100
|-ability|p2a: TurningPoint|Pressure
|cant|p1a: Dondozo|slp
|
|-heal|p2a: TurningPoint|88/100|[from] item: Leftovers
|-end|p1a: Dondozo|Infestation|[partiallytrapped]|[silent]
|upkeep
|turn|155
|
|t:|1779843176
|move|p2a: TurningPoint|Spite|p1a: Dondozo
|-activate|p1a: Dondozo|move: Spite|Rest|4
|cant|p1a: Dondozo|slp
|
|-heal|p2a: TurningPoint|94/100|[from] item: Leftovers
|upkeep
|turn|156
|
|t:|1779843182
|switch|p2a: NoEmpathy|Toxapex, F|100/100
|-curestatus|p1a: Dondozo|slp|[msg]
|move|p1a: Dondozo|Curse|p1a: Dondozo
|-unboost|p1a: Dondozo|spe|1
|-boost|p1a: Dondozo|atk|1
|-boost|p1a: Dondozo|def|1
|
|upkeep
|turn|157
|
|t:|1779843187
|switch|p1a: Slowking|Slowking-Galar, M|100/100
|move|p2a: NoEmpathy|Haze|p2a: NoEmpathy
|-clearallboost
|
|upkeep
|turn|158
|
|t:|1779843192
|move|p2a: NoEmpathy|Infestation|p1a: Slowking
|-damage|p1a: Slowking|98/100
|-activate|p1a: Slowking|move: Infestation|[of] p2a: NoEmpathy
|-prepare|p1a: Slowking|Chilly Reception|[premajor]
|move|p1a: Slowking|Chilly Reception|p1a: Slowking
|-weather|Snowscape
|
|t:|1779843198
|switch|p1a: Kyurem|Kyurem, tera:Ground|100/100|[from] Chilly Reception
|-ability|p1a: Kyurem|Pressure
|
|-weather|Snowscape|[upkeep]
|upkeep
|turn|159
|
|t:|1779843209
|switch|p1a: Slowking|Slowking-Galar, M|100/100
|switch|p2a: TurningPoint|Corviknight, F, shiny|94/100
|-ability|p2a: TurningPoint|Pressure
|
|-weather|Snowscape|[upkeep]
|-heal|p2a: TurningPoint|100/100|[from] item: Leftovers
|upkeep
|turn|160
|
|t:|1779843214
|move|p2a: TurningPoint|Substitute|p2a: TurningPoint
|-start|p2a: TurningPoint|Substitute
|-damage|p2a: TurningPoint|76/100
|-prepare|p1a: Slowking|Chilly Reception|[premajor]
|move|p1a: Slowking|Chilly Reception|p1a: Slowking
|
|t:|1779843219
|switch|p1a: Dondozo|Dondozo, F|88/100|[from] Chilly Reception
|
|-weather|Snowscape|[upkeep]
|-heal|p2a: TurningPoint|82/100|[from] item: Leftovers
|upkeep
|turn|161
|
|t:|1779843225
|switch|p2a: NoEmpathy|Toxapex, F|100/100
|move|p1a: Dondozo|Body Press|p2a: NoEmpathy
|-resisted|p2a: NoEmpathy
|-damage|p2a: NoEmpathy|92/100
|
|-weather|Snowscape|[upkeep]
|upkeep
|turn|162
|
|t:|1779843231
|switch|p1a: Slowking|Slowking-Galar, M|100/100
|move|p2a: NoEmpathy|Infestation|p1a: Slowking
|-damage|p1a: Slowking|98/100
|-activate|p1a: Slowking|move: Infestation|[of] p2a: NoEmpathy
|
|-weather|none
|-damage|p1a: Slowking|86/100|[from] move: Infestation|[partiallytrapped]
|upkeep
|turn|163
|
|t:|1779843237
|switch|p2a: TurningPoint|Corviknight, F, shiny|82/100
|-ability|p2a: TurningPoint|Pressure
|-prepare|p1a: Slowking|Chilly Reception|[premajor]
|move|p1a: Slowking|Chilly Reception|p1a: Slowking
|-weather|Snowscape
|
|t:|1779843243
|switch|p1a: Dondozo|Dondozo, F|88/100|[from] Chilly Reception
|
|-weather|Snowscape|[upkeep]
|-heal|p2a: TurningPoint|88/100|[from] item: Leftovers
|upkeep
|turn|164
|
|t:|1779843250
|switch|p2a: NoEmpathy|Toxapex, F|100/100
|move|p1a: Dondozo|Curse|p1a: Dondozo
|-unboost|p1a: Dondozo|spe|1
|-boost|p1a: Dondozo|atk|1
|-boost|p1a: Dondozo|def|1
|
|-weather|Snowscape|[upkeep]
|upkeep
|turn|165
|
|t:|1779843255
|switch|p1a: Slowking|Slowking-Galar, M|100/100
|move|p2a: NoEmpathy|Toxic|p1a: Slowking
|-immune|p1a: Slowking
|
|-weather|Snowscape|[upkeep]
|upkeep
|turn|166
|
|t:|1779843260
|switch|p2a: TurningPoint|Corviknight, F, shiny|88/100
|-ability|p2a: TurningPoint|Pressure
|move|p1a: Slowking|Ice Beam|p2a: TurningPoint
|-damage|p2a: TurningPoint|69/100
|
|-weather|Snowscape|[upkeep]
|-heal|p2a: TurningPoint|75/100|[from] item: Leftovers
|upkeep
|turn|167
|
|t:|1779843271
|switch|p2a: NoEmpathy|Toxapex, F|100/100
|switch|p1a: Kyurem|Kyurem, tera:Ground|100/100
|-ability|p1a: Kyurem|Pressure
|
|-weather|none
|upkeep
|turn|168
|
|t:|1779843278
|switch|p1a: Slowking|Slowking-Galar, M|100/100
|switch|p2a: TurningPoint|Corviknight, F, shiny|75/100
|-ability|p2a: TurningPoint|Pressure
|
|-heal|p2a: TurningPoint|81/100|[from] item: Leftovers
|upkeep
|turn|169
|
|t:|1779843283
|switch|p1a: Kyurem|Kyurem, tera:Ground|100/100
|-ability|p1a: Kyurem|Pressure
|move|p2a: TurningPoint|Protect||[still]
|-fail|p2a: TurningPoint
|
|-heal|p2a: TurningPoint|87/100|[from] item: Leftovers
|upkeep
|turn|170
|
|t:|1779843288
|switch|p1a: Slowking|Slowking-Galar, M|100/100
|move|p2a: TurningPoint|Substitute|p2a: TurningPoint
|-start|p2a: TurningPoint|Substitute
|-damage|p2a: TurningPoint|62/100
|
|-heal|p2a: TurningPoint|68/100|[from] item: Leftovers
|upkeep
|turn|171
|
|t:|1779843293
|switch|p1a: Dondozo|Dondozo, F|88/100
|move|p2a: TurningPoint|Protect||[still]
|-fail|p2a: TurningPoint
|
|-heal|p2a: TurningPoint|74/100|[from] item: Leftovers
|upkeep
|turn|172
|
|t:|1779843299
|switch|p2a: NoEmpathy|Toxapex, F|100/100
|move|p1a: Dondozo|Body Press|p2a: NoEmpathy
|-resisted|p2a: NoEmpathy
|-damage|p2a: NoEmpathy|92/100
|
|upkeep
|turn|173
|
|t:|1779843306
|switch|p1a: Slowking|Slowking-Galar, M|100/100
|move|p2a: NoEmpathy|Infestation|p1a: Slowking
|-damage|p1a: Slowking|98/100
|-activate|p1a: Slowking|move: Infestation|[of] p2a: NoEmpathy
|
|-damage|p1a: Slowking|86/100|[from] move: Infestation|[partiallytrapped]
|upkeep
|turn|174
|
|t:|1779843312
|move|p2a: NoEmpathy|Haze|p2a: NoEmpathy
|-clearallboost
|move|p1a: Slowking|Sludge Bomb|p2a: NoEmpathy
|-resisted|p2a: NoEmpathy
|-damage|p2a: NoEmpathy|82/100
|
|-damage|p1a: Slowking|73/100|[from] move: Infestation|[partiallytrapped]
|upkeep
|turn|175
|
|t:|1779843318
|move|p2a: NoEmpathy|Haze|p2a: NoEmpathy
|-clearallboost
|move|p1a: Slowking|Sludge Bomb|p2a: NoEmpathy
|-resisted|p2a: NoEmpathy
|-damage|p2a: NoEmpathy|72/100
|
|-damage|p1a: Slowking|61/100|[from] move: Infestation|[partiallytrapped]
|upkeep
|turn|176
|
|t:|1779843324
|move|p2a: NoEmpathy|Haze|p2a: NoEmpathy
|-clearallboost
|move|p1a: Slowking|Sludge Bomb|p2a: NoEmpathy
|-resisted|p2a: NoEmpathy
|-damage|p2a: NoEmpathy|62/100
|
|-damage|p1a: Slowking|48/100|[from] move: Infestation|[partiallytrapped]
|upkeep
|turn|177
|
|t:|1779843329
|move|p2a: NoEmpathy|Haze|p2a: NoEmpathy
|-clearallboost
|move|p1a: Slowking|Sludge Bomb|p2a: NoEmpathy
|-resisted|p2a: NoEmpathy
|-damage|p2a: NoEmpathy|51/100
|
|-end|p1a: Slowking|Infestation|[partiallytrapped]
|upkeep
|turn|178
|
|t:|1779843335
|switch|p1a: Kyurem|Kyurem, tera:Ground|100/100
|-ability|p1a: Kyurem|Pressure
|move|p2a: NoEmpathy|Infestation|p1a: Kyurem
|-damage|p1a: Kyurem|98/100
|-activate|p1a: Kyurem|move: Infestation|[of] p2a: NoEmpathy
|
|-heal|p1a: Kyurem|100/100|[from] item: Leftovers
|-damage|p1a: Kyurem|88/100|[from] move: Infestation|[partiallytrapped]
|upkeep
|turn|179
|
|t:|1779843343
|switch|p2a: TurningPoint|Corviknight, F, shiny|74/100
|-ability|p2a: TurningPoint|Pressure
|move|p1a: Kyurem|Substitute|p1a: Kyurem
|-start|p1a: Kyurem|Substitute
|-end|p1a: Kyurem|Infestation|[partiallytrapped]|[silent]
|-damage|p1a: Kyurem|63/100
|
|-heal|p1a: Kyurem|69/100|[from] item: Leftovers
|-heal|p2a: TurningPoint|80/100|[from] item: Leftovers
|upkeep
|turn|180
|
|t:|1779843349
|switch|p1a: Slowking|Slowking-Galar, M|82/100
|move|p2a: TurningPoint|Substitute|p2a: TurningPoint
|-start|p2a: TurningPoint|Substitute
|-damage|p2a: TurningPoint|55/100
|
|-heal|p2a: TurningPoint|61/100|[from] item: Leftovers
|upkeep
|turn|181
|
|t:|1779843354
|switch|p1a: Kyurem|Kyurem, tera:Ground|69/100
|-ability|p1a: Kyurem|Pressure
|move|p2a: TurningPoint|Protect||[still]
|-fail|p2a: TurningPoint
|
|-heal|p1a: Kyurem|75/100|[from] item: Leftovers
|-heal|p2a: TurningPoint|67/100|[from] item: Leftovers
|upkeep
|turn|182
|
|t:|1779843359
|switch|p1a: Slowking|Slowking-Galar, M|100/100
|move|p2a: TurningPoint|Roost|p2a: TurningPoint
|-heal|p2a: TurningPoint|100/100
|-singleturn|p2a: TurningPoint|move: Roost
|
|upkeep
|turn|183
|
|t:|1779843365
|switch|p2a: NoEmpathy|Toxapex, F|85/100
|switch|p1a: Kyurem|Kyurem, tera:Ground|75/100
|-ability|p1a: Kyurem|Pressure
|
|-heal|p1a: Kyurem|82/100|[from] item: Leftovers
|upkeep
|turn|184
|
|t:|1779843372
|switch|p1a: Slowking|Slowking-Galar, M|100/100
|move|p2a: NoEmpathy|Infestation|p1a: Slowking
|-damage|p1a: Slowking|98/100
|-activate|p1a: Slowking|move: Infestation|[of] p2a: NoEmpathy
|
|-damage|p1a: Slowking|86/100|[from] move: Infestation|[partiallytrapped]
|upkeep
|turn|185
|
|t:|1779843378
|move|p2a: NoEmpathy|Infestation|p1a: Slowking
|-damage|p1a: Slowking|83/100
|move|p1a: Slowking|Sludge Bomb|p2a: NoEmpathy
|-resisted|p2a: NoEmpathy
|-damage|p2a: NoEmpathy|75/100
|
|-damage|p1a: Slowking|71/100|[from] move: Infestation|[partiallytrapped]
|upkeep
|turn|186
|
|t:|1779843384
|move|p2a: NoEmpathy|Infestation|p1a: Slowking
|-damage|p1a: Slowking|69/100
|move|p1a: Slowking|Sludge Bomb|p2a: NoEmpathy
|-resisted|p2a: NoEmpathy
|-damage|p2a: NoEmpathy|63/100
|
|-damage|p1a: Slowking|56/100|[from] move: Infestation|[partiallytrapped]
|upkeep
|turn|187
|
|t:|1779843392
|move|p2a: NoEmpathy|Infestation|p1a: Slowking
|-damage|p1a: Slowking|54/100
|move|p1a: Slowking|Sludge Bomb|p2a: NoEmpathy
|-resisted|p2a: NoEmpathy
|-damage|p2a: NoEmpathy|52/100
|
|-damage|p1a: Slowking|41/100|[from] move: Infestation|[partiallytrapped]
|upkeep
|turn|188
|
|t:|1779843401
|move|p2a: NoEmpathy|Recover|p2a: NoEmpathy
|-heal|p2a: NoEmpathy|100/100
|move|p1a: Slowking|Sludge Bomb|p2a: NoEmpathy
|-resisted|p2a: NoEmpathy
|-damage|p2a: NoEmpathy|90/100
|
|-damage|p1a: Slowking|29/100|[from] move: Infestation|[partiallytrapped]
|upkeep
|turn|189
|
|t:|1779843408
|switch|p2a: TurningPoint|Corviknight, F, shiny|100/100
|-ability|p2a: TurningPoint|Pressure
|move|p1a: Slowking|Sludge Bomb|p2a: TurningPoint
|-immune|p2a: TurningPoint
|
|-end|p1a: Slowking|Infestation|[partiallytrapped]
|upkeep
|turn|190
|
|t:|1779843413
|switch|p2a: NoEmpathy|Toxapex, F|100/100
|switch|p1a: Kyurem|Kyurem, tera:Ground|82/100
|-ability|p1a: Kyurem|Pressure
|
|-heal|p1a: Kyurem|88/100|[from] item: Leftovers
|upkeep
|turn|191
|
|t:|1779843420
|move|p1a: Kyurem|Protect|p1a: Kyurem
|-singleturn|p1a: Kyurem|Protect
|move|p2a: NoEmpathy|Infestation|p1a: Kyurem
|-activate|p1a: Kyurem|move: Protect
|
|-heal|p1a: Kyurem|94/100|[from] item: Leftovers
|upkeep
|turn|192
|
|t:|1779843428
|switch|p1a: Slowking|Slowking-Galar, M|62/100
|switch|p2a: TurningPoint|Corviknight, F, shiny|100/100
|-ability|p2a: TurningPoint|Pressure
|
|upkeep
|turn|193
|
|t:|1779843438
|switch|p2a: NoEmpathy|Toxapex, F|100/100
|switch|p1a: Kyurem|Kyurem, tera:Ground|94/100
|-ability|p1a: Kyurem|Pressure
|
|-heal|p1a: Kyurem|99/100|[from] item: Leftovers
|upkeep
|turn|194
|
|t:|1779843450
|switch|p2a: OwMyNeck|Dondozo, F|75/100
|move|p1a: Kyurem|Protect||[still]
|-fail|p1a: Kyurem
|
|-heal|p1a: Kyurem|100/100|[from] item: Leftovers
|upkeep
|turn|195
|
|t:|1779843455
|switch|p1a: Slowking|Slowking-Galar, M|95/100
|move|p2a: OwMyNeck|Body Press|p1a: Slowking
|-resisted|p1a: Slowking
|-damage|p1a: Slowking|90/100
|
|upkeep
|turn|196
|
|t:|1779843461
|switch|p2a: NoEmpathy|Toxapex, F|100/100
|switch|p1a: Kyurem|Kyurem, tera:Ground|100/100
|-ability|p1a: Kyurem|Pressure
|
|upkeep
|turn|197
|
|t:|1779843468
|switch|p1a: Slowking|Slowking-Galar, M|100/100
|switch|p2a: OwMyNeck|Dondozo, F|75/100
|
|upkeep
|turn|198
|
|t:|1779843473
|switch|p2a: NoEmpathy|Toxapex, F|100/100
|switch|p1a: Kyurem|Kyurem, tera:Ground|100/100
|-ability|p1a: Kyurem|Pressure
|
|upkeep
|turn|199
|
|t:|1779843481
|switch|p1a: Slowking|Slowking-Galar, M|100/100
|switch|p2a: TurningPoint|Corviknight, F, shiny|100/100
|-ability|p2a: TurningPoint|Pressure
|
|upkeep
|turn|200
|
|t:|1779843488
|switch|p2a: EriKirk|Blissey, F|76/100
|switch|p1a: Kyurem|Kyurem, tera:Ground|100/100
|-ability|p1a: Kyurem|Pressure
|
|upkeep
|turn|201
|
|t:|1779843495
|switch|p1a: Slowking|Slowking-Galar, M|100/100
|move|p2a: EriKirk|Calm Mind|p2a: EriKirk
|-boost|p2a: EriKirk|spa|1
|-boost|p2a: EriKirk|spd|1
|
|upkeep
|turn|202
|
|t:|1779843503
|move|p2a: EriKirk|Shadow Ball|p1a: Slowking
|-supereffective|p1a: Slowking
|-damage|p1a: Slowking|69/100
|-unboost|p1a: Slowking|spd|1
|move|p1a: Slowking|Sludge Bomb|p2a: EriKirk
|-damage|p2a: EriKirk|69/100
|
|upkeep
|turn|203
|
|t:|1779843511
|move|p2a: EriKirk|Shadow Ball|p1a: Slowking
|-supereffective|p1a: Slowking
|-damage|p1a: Slowking|16/100
|move|p1a: Slowking|Sludge Bomb|p2a: EriKirk
|-damage|p2a: EriKirk|62/100
|-status|p2a: EriKirk|psn
|
|-damage|p2a: EriKirk|50/100 psn|[from] psn
|upkeep
|turn|204
|
|t:|1779843519
|switch|p1a: Kyurem|Kyurem, tera:Ground|100/100
|-ability|p1a: Kyurem|Pressure
|move|p2a: EriKirk|Calm Mind|p2a: EriKirk
|-boost|p2a: EriKirk|spa|1
|-boost|p2a: EriKirk|spd|1
|
|-damage|p2a: EriKirk|37/100 psn|[from] psn
|upkeep
|turn|205
|
|t:|1779843526
|switch|p1a: Slowking|Slowking-Galar, M|49/100
|move|p2a: EriKirk|Soft-Boiled|p2a: EriKirk
|-heal|p2a: EriKirk|87/100 psn
|
|-damage|p2a: EriKirk|75/100 psn|[from] psn
|upkeep
|turn|206
|
|t:|1779843534
|switch|p1a: Dondozo|Dondozo, F|88/100
|move|p2a: EriKirk|Seismic Toss|p1a: Dondozo
|-damage|p1a: Dondozo|68/100
|
|-damage|p2a: EriKirk|63/100 psn|[from] psn
|upkeep
|turn|207
|
|t:|1779843541
|-curestatus|p2a: EriKirk|psn|[from] ability: Natural Cure|[silent]
|switch|p2a: NoEmpathy|Toxapex, F|100/100
|move|p1a: Dondozo|Body Press|p2a: NoEmpathy
|-resisted|p2a: NoEmpathy
|-damage|p2a: NoEmpathy|92/100
|
|upkeep
|turn|208
|
|t:|1779843547
|switch|p1a: Slowking|Slowking-Galar, M|83/100
|move|p2a: NoEmpathy|Infestation|p1a: Slowking
|-damage|p1a: Slowking|80/100
|-activate|p1a: Slowking|move: Infestation|[of] p2a: NoEmpathy
|
|-damage|p1a: Slowking|68/100|[from] move: Infestation|[partiallytrapped]
|upkeep
|turn|209
|
|t:|1779843552
|move|p2a: NoEmpathy|Haze|p2a: NoEmpathy
|-clearallboost
|move|p1a: Slowking|Sludge Bomb|p2a: NoEmpathy
|-resisted|p2a: NoEmpathy
|-damage|p2a: NoEmpathy|81/100
|
|-damage|p1a: Slowking|55/100|[from] move: Infestation|[partiallytrapped]
|upkeep
|turn|210
|inactive|claudechamp has 120 seconds left.
|
|t:|1779843557
|switch|p2a: TurningPoint|Corviknight, F, shiny|100/100
|-ability|p2a: TurningPoint|Pressure
|move|p1a: Slowking|Sludge Bomb|p2a: TurningPoint
|-immune|p2a: TurningPoint
|
|-end|p1a: Slowking|Infestation|[partiallytrapped]|[silent]
|upkeep
|turn|211
|
|t:|1779843566
|switch|p2a: OwMyNeck|Dondozo, F|75/100
|switch|p1a: Kyurem|Kyurem, tera:Ground|100/100
|-ability|p1a: Kyurem|Pressure
|
|upkeep
|turn|212
|
|t:|1779843571
|switch|p1a: Slowking|Slowking-Galar, M|89/100
|move|p2a: OwMyNeck|Avalanche|p1a: Slowking
|-damage|p1a: Slowking|79/100
|
|upkeep
|turn|213
|
|t:|1779843577
|switch|p2a: NoEmpathy|Toxapex, F|100/100
|switch|p1a: Kyurem|Kyurem, tera:Ground|100/100
|-ability|p1a: Kyurem|Pressure
|
|upkeep
|turn|214
|inactive|claudechamp has 120 seconds left.
|
|t:|1779843584
|switch|p2a: TurningPoint|Corviknight, F, shiny|100/100
|-ability|p2a: TurningPoint|Pressure
|move|p1a: Kyurem|Protect||[still]
|-fail|p1a: Kyurem
|
|upkeep
|turn|215
|
|t:|1779843589
|switch|p1a: Slowking|Slowking-Galar, M|100/100
|move|p2a: TurningPoint|Spite||[still]
|-fail|p2a: TurningPoint
|
|upkeep
|turn|216
|inactive|claudechamp has 120 seconds left.
|
|t:|1779843596
|switch|p2a: NoEmpathy|Toxapex, F|100/100
|switch|p1a: Kyurem|Kyurem, tera:Ground|100/100
|-ability|p1a: Kyurem|Pressure
|
|upkeep
|turn|217
|inactive|claudechamp has 120 seconds left.
|
|t:|1779843603
|switch|p1a: Slowking|Slowking-Galar, M|100/100
|switch|p2a: EriKirk|Blissey, F|63/100
|
|upkeep
|turn|218
|
|t:|1779843611
|switch|p1a: Dondozo|Dondozo, F|68/100
|move|p2a: EriKirk|Calm Mind|p2a: EriKirk
|-boost|p2a: EriKirk|spa|1
|-boost|p2a: EriKirk|spd|1
|
|upkeep
|turn|219
|
|t:|1779843618
|switch|p2a: NoEmpathy|Toxapex, F|100/100
|move|p1a: Dondozo|Body Press|p2a: NoEmpathy
|-resisted|p2a: NoEmpathy
|-damage|p2a: NoEmpathy|93/100
|
|upkeep
|turn|220
|
|t:|1779843623
|move|p1a: Dondozo|Rest|p1a: Dondozo
|-status|p1a: Dondozo|slp|[from] move: Rest
|-heal|p1a: Dondozo|100/100 slp|[silent]
|move|p2a: NoEmpathy|Toxic||[still]
|-fail|p2a: NoEmpathy
|
|upkeep
|turn|221
|
|t:|1779843632
|switch|p1a: Slowking|Slowking-Galar, M|100/100
|move|p2a: NoEmpathy|Infestation|p1a: Slowking
|-damage|p1a: Slowking|98/100
|-activate|p1a: Slowking|move: Infestation|[of] p2a: NoEmpathy
|
|-damage|p1a: Slowking|86/100|[from] move: Infestation|[partiallytrapped]
|upkeep
|turn|222
|
|t:|1779843637
|switch|p2a: EriKirk|Blissey, F|63/100
|-activate|p1a: Slowking|move: Struggle
|move|p1a: Slowking|Struggle|p2a: EriKirk
|-damage|p2a: EriKirk|55/100
|-damage|p1a: Slowking|60/100|[from] recoil
|
|-end|p1a: Slowking|Infestation|[partiallytrapped]|[silent]
|upkeep
|turn|223
|
|t:|1779843645
|switch|p1a: Dondozo|Dondozo, F|100/100 slp
|move|p2a: EriKirk|Soft-Boiled|p2a: EriKirk
|-heal|p2a: EriKirk|100/100
|
|upkeep
|turn|224
|
|t:|1779843652
|switch|p2a: NoEmpathy|Toxapex, F|100/100
|cant|p1a: Dondozo|slp
|
|upkeep
|turn|225
|
|t:|1779843657
|switch|p1a: Slowking|Slowking-Galar, M|94/100
|move|p2a: NoEmpathy|Infestation|p1a: Slowking
|-damage|p1a: Slowking|91/100
|-activate|p1a: Slowking|move: Infestation|[of] p2a: NoEmpathy
|
|-damage|p1a: Slowking|79/100|[from] move: Infestation|[partiallytrapped]
|upkeep
|turn|226
|
|t:|1779843663
|switch|p2a: TurningPoint|Corviknight, F, shiny|100/100
|-ability|p2a: TurningPoint|Pressure
|-activate|p1a: Slowking|move: Struggle
|move|p1a: Slowking|Struggle|p2a: TurningPoint
|-damage|p2a: TurningPoint|94/100
|-damage|p1a: Slowking|54/100|[from] recoil
|
|-heal|p2a: TurningPoint|100/100|[from] item: Leftovers
|-end|p1a: Slowking|Infestation|[partiallytrapped]|[silent]
|upkeep
|turn|227
|
|t:|1779843667
|switch|p2a: NoEmpathy|Toxapex, F|100/100
|switch|p1a: Kyurem|Kyurem, tera:Ground|100/100
|-ability|p1a: Kyurem|Pressure
|
|upkeep
|turn|228
|
|t:|1779843675
|move|p1a: Kyurem|Protect|p1a: Kyurem
|-singleturn|p1a: Kyurem|Protect
|move|p2a: NoEmpathy|Toxic|p1a: Kyurem
|-activate|p1a: Kyurem|move: Protect
|
|upkeep
|turn|229
|
|t:|1779843682
|switch|p1a: Slowking|Slowking-Galar, M|87/100
|move|p2a: NoEmpathy|Haze|p2a: NoEmpathy
|-clearallboost
|
|upkeep
|turn|230
|
|t:|1779843687
|switch|p2a: EriKirk|Blissey, F|100/100
|switch|p1a: Dondozo|Dondozo, F|100/100 slp
|
|upkeep
|turn|231
|
|t:|1779843695
|switch|p2a: NoEmpathy|Toxapex, F|100/100
|cant|p1a: Dondozo|slp
|
|upkeep
|turn|232
|
|t:|1779843701
|switch|p1a: Slowking|Slowking-Galar, M|100/100
|switch|p2a: EriKirk|Blissey, F|100/100
|
|upkeep
|turn|233
|
|t:|1779843709
|move|p2a: EriKirk|Seismic Toss|p1a: Slowking
|-damage|p1a: Slowking|75/100
|-activate|p1a: Slowking|move: Struggle
|move|p1a: Slowking|Struggle|p2a: EriKirk
|-damage|p2a: EriKirk|93/100
|-damage|p1a: Slowking|50/100|[from] recoil
|
|upkeep
|turn|234
|
|t:|1779843717
|move|p2a: EriKirk|Seismic Toss|p1a: Slowking
|-damage|p1a: Slowking|25/100
|-activate|p1a: Slowking|move: Struggle
|move|p1a: Slowking|Struggle|p2a: EriKirk
|-crit|p2a: EriKirk
|-damage|p2a: EriKirk|81/100
|-damage|p1a: Slowking|0 fnt|[from] recoil
|faint|p1a: Slowking
|
|upkeep
|
|t:|1779843724
|switch|p1a: Dondozo|Dondozo, F|100/100 slp
|turn|235
|
|t:|1779843732
|switch|p2a: NoEmpathy|Toxapex, F|100/100
|-curestatus|p1a: Dondozo|slp|[msg]
|move|p1a: Dondozo|Waterfall|p2a: NoEmpathy
|-resisted|p2a: NoEmpathy
|-damage|p2a: NoEmpathy|90/100
|
|upkeep
|turn|236
|
|t:|1779843737
|switch|p1a: Kyurem|Kyurem, tera:Ground|100/100
|-ability|p1a: Kyurem|Pressure
|move|p2a: NoEmpathy|Toxic|p1a: Kyurem
|-status|p1a: Kyurem|tox
|
|-damage|p1a: Kyurem|94/100 tox|[from] psn
|upkeep
|turn|237
|inactive|claudechamp has 90 seconds left.
|
|t:|1779843744
|switch|p1a: Dondozo|Dondozo, F|100/100
|move|p2a: NoEmpathy|Infestation|p1a: Dondozo
|-damage|p1a: Dondozo|99/100
|-activate|p1a: Dondozo|move: Infestation|[of] p2a: NoEmpathy
|
|-damage|p1a: Dondozo|86/100|[from] move: Infestation|[partiallytrapped]
|upkeep
|turn|238
|inactive|claudechamp has 90 seconds left.
|
|t:|1779843750
|move|p1a: Dondozo|Curse|p1a: Dondozo
|-unboost|p1a: Dondozo|spe|1
|-boost|p1a: Dondozo|atk|1
|-boost|p1a: Dondozo|def|1
|move|p2a: NoEmpathy|Toxic|p1a: Dondozo
|-status|p1a: Dondozo|tox
|
|-damage|p1a: Dondozo|80/100 tox|[from] psn
|-damage|p1a: Dondozo|68/100 tox|[from] move: Infestation|[partiallytrapped]
|upkeep
|turn|239
|
|t:|1779843755
|move|p2a: NoEmpathy|Haze|p2a: NoEmpathy
|-clearallboost
|move|p1a: Dondozo|Waterfall|p2a: NoEmpathy
|-resisted|p2a: NoEmpathy
|-damage|p2a: NoEmpathy|79/100
|
|-damage|p1a: Dondozo|56/100 tox|[from] psn
|-damage|p1a: Dondozo|43/100 tox|[from] move: Infestation|[partiallytrapped]
|upkeep
|turn|240
|inactive|claudechamp has 90 seconds left.
|
|t:|1779843760
|move|p1a: Dondozo|Curse|p1a: Dondozo
|-unboost|p1a: Dondozo|spe|1
|-boost|p1a: Dondozo|atk|1
|-boost|p1a: Dondozo|def|1
|move|p2a: NoEmpathy|Haze|p2a: NoEmpathy
|-clearallboost
|
|-damage|p1a: Dondozo|25/100 tox|[from] psn
|-damage|p1a: Dondozo|12/100 tox|[from] move: Infestation|[partiallytrapped]
|upkeep
|turn|241
|
|t:|1779843765
|move|p1a: Dondozo|Curse|p1a: Dondozo
|-unboost|p1a: Dondozo|spe|1
|-boost|p1a: Dondozo|atk|1
|-boost|p1a: Dondozo|def|1
|move|p2a: NoEmpathy|Haze|p2a: NoEmpathy
|-clearallboost
|
|-damage|p1a: Dondozo|0 fnt|[from] psn
|faint|p1a: Dondozo
|upkeep
|
|t:|1779843770
|switch|p1a: Kyurem|Kyurem, tera:Ground|94/100 tox
|-ability|p1a: Kyurem|Pressure
|turn|242
|inactive|claudechamp has 90 seconds left.
|
|t:|1779843776
|switch|p2a: TurningPoint|Corviknight, F, shiny|100/100
|-ability|p2a: TurningPoint|Pressure
|move|p1a: Kyurem|Substitute|p1a: Kyurem
|-start|p1a: Kyurem|Substitute
|-damage|p1a: Kyurem|69/100 tox
|
|-heal|p1a: Kyurem|75/100 tox|[from] item: Leftovers
|-damage|p1a: Kyurem|69/100 tox|[from] psn
|upkeep
|turn|243
|
|t:|1779843781
|move|p1a: Kyurem|Protect|p1a: Kyurem
|-singleturn|p1a: Kyurem|Protect
|move|p2a: TurningPoint|Spite|p1a: Kyurem
|-activate|p1a: Kyurem|move: Protect
|
|-heal|p1a: Kyurem|75/100 tox|[from] item: Leftovers
|-damage|p1a: Kyurem|63/100 tox|[from] psn
|upkeep
|turn|244
|
|t:|1779843787
|move|p1a: Kyurem|Substitute|p1a: Kyurem
|-fail|p1a: Kyurem|move: Substitute
|move|p2a: TurningPoint|Spite|p1a: Kyurem
|-activate|p1a: Kyurem|move: Spite|Substitute|4
|
|-heal|p1a: Kyurem|69/100 tox|[from] item: Leftovers
|-damage|p1a: Kyurem|51/100 tox|[from] psn
|upkeep
|turn|245
|
|t:|1779843791
|move|p1a: Kyurem|Protect|p1a: Kyurem
|-singleturn|p1a: Kyurem|Protect
|move|p2a: TurningPoint|Spite|p1a: Kyurem
|-activate|p1a: Kyurem|move: Protect
|
|-heal|p1a: Kyurem|57/100 tox|[from] item: Leftovers
|-damage|p1a: Kyurem|32/100 tox|[from] psn
|upkeep
|turn|246
|
|t:|1779843796
|move|p1a: Kyurem|Substitute|p1a: Kyurem
|-fail|p1a: Kyurem|move: Substitute
|move|p2a: TurningPoint|Spite|p1a: Kyurem
|-activate|p1a: Kyurem|move: Spite|Substitute|4
|
|-heal|p1a: Kyurem|38/100 tox|[from] item: Leftovers
|-damage|p1a: Kyurem|7/100 tox|[from] psn
|upkeep
|turn|247
|
|t:|1779843800
|move|p1a: Kyurem|Protect|p1a: Kyurem
|-singleturn|p1a: Kyurem|Protect
|move|p2a: TurningPoint|Roost||[still]
|-fail|p2a: TurningPoint|heal
|
|-heal|p1a: Kyurem|14/100 tox|[from] item: Leftovers
|-damage|p1a: Kyurem|0 fnt|[from] psn
|faint|p1a: Kyurem
|
|win|CoryChaseHmu
|raw|claudechamp's rating: 1174 &rarr; <strong>1150</strong><br />(-24 for losing)
|raw|CoryChaseHmu's rating: 1190 &rarr; <strong>1214</strong><br />(+24 for winning)
|c|☆claudechamp|gg
|l|☆CoryChaseHmu
|player|p2|
