|j|☆ez2025
|j|☆titantvman
|t:|1779857295
|gametype|singles
|player|p1|ez2025|102|1194
|player|p2|titantvman|102|1208
|gen|9
|tier|[Gen 9] OU
|rated|
|rule|HP Percentage Mod: HP is shown in percentages
|rule|Endless Battle Clause: Forcing endless battles is banned
|rule|Species Clause: Limit one of each Pokémon
|rule|OHKO Clause: OHKO moves are banned
|rule|Evasion Items Clause: Evasion items are banned
|rule|Evasion Moves Clause: Evasion moves are banned
|rule|Evasion Abilities Clause: Evasion abilities are banned
|rule|Sleep Moves Clause: Sleep-inducing moves are banned
|clearpoke
|poke|p1|Blaziken, F|
|poke|p1|Ninetales, F|
|poke|p1|Walking Wake|
|poke|p1|Venusaur, F|
|poke|p1|Hatterene, F|
|poke|p1|Great Tusk|
|poke|p2|Tinkaton, F|
|poke|p2|Quagsire, F|
|poke|p2|Zoroark-Hisui, M|
|poke|p2|Ogerpon-Cornerstone, F|
|poke|p2|Mandibuzz, F|
|poke|p2|Conkeldurr, M|
|teampreview
|inactive|Battle timer is ON: inactive players will automatically lose when time's up. (requested by titantvman)
|
|t:|1779857307
|teamsize|p1|6
|teamsize|p2|6
|start
|switch|p1a: Ninetales|Ninetales, F|100/100
|switch|p2a: Tinkaton|Tinkaton, F|100/100
|-weather|SunnyDay|[from] ability: Drought|[of] p1a: Ninetales
|-ability|p2a: Tinkaton|Mold Breaker
|turn|1
|
|t:|1779857318
|-terastallize|p2a: Tinkaton|Water
|move|p1a: Ninetales|Flamethrower|p2a: Tinkaton
|-resisted|p2a: Tinkaton
|-damage|p2a: Tinkaton|87/100
|move|p2a: Tinkaton|Stealth Rock|p1a: Ninetales
|-sidestart|p1: ez2025|move: Stealth Rock
|
|-weather|SunnyDay|[upkeep]
|-heal|p2a: Tinkaton|94/100|[from] item: Leftovers
|upkeep
|turn|2
|
|t:|1779857331
|move|p1a: Ninetales|Encore|p2a: Tinkaton
|-start|p2a: Tinkaton|Encore
|move|p2a: Tinkaton|Stealth Rock||[still]
|-fail|p2a: Tinkaton
|
|-weather|SunnyDay|[upkeep]
|-heal|p2a: Tinkaton|99/100|[from] item: Leftovers
|upkeep
|turn|3
|
|t:|1779857342
|switch|p1a: Venusaur|Venusaur, F|100/100
|-damage|p1a: Venusaur|88/100|[from] Stealth Rock
|switch|p2a: Quagsire|Quagsire, F|100/100
|
|-weather|SunnyDay|[upkeep]
|upkeep
|turn|4
|
|t:|1779857360
|switch|p2a: Mandibuzz|Mandibuzz, F|100/100
|move|p1a: Venusaur|Growth|p1a: Venusaur
|-boost|p1a: Venusaur|atk|2
|-boost|p1a: Venusaur|spa|2
|
|-weather|SunnyDay|[upkeep]
|upkeep
|turn|5
|
|t:|1779857369
|move|p1a: Venusaur|Weather Ball|p2a: Mandibuzz
|-damage|p2a: Mandibuzz|0 fnt
|faint|p2a: Mandibuzz
|-damage|p1a: Venusaur|78/100|[from] item: Life Orb
|
|-weather|SunnyDay|[upkeep]
|upkeep
|
|t:|1779857383
|switch|p2a: Conkeldurr|Conkeldurr, M|100/100
|turn|6
|
|t:|1779857390
|move|p1a: Venusaur|Weather Ball|p2a: Conkeldurr
|-damage|p2a: Conkeldurr|0 fnt
|replace|p2a: Zoroark|Zoroark-Hisui, M
|-end|p2a: Zoroark|Illusion
|faint|p2a: Zoroark
|-damage|p1a: Venusaur|68/100|[from] item: Life Orb
|
|-weather|SunnyDay|[upkeep]
|upkeep
|
|t:|1779857400
|switch|p2a: Tinkaton|Tinkaton, F, tera:Water|99/100
|-ability|p2a: Tinkaton|Mold Breaker
|turn|7
|
|t:|1779857411
|switch|p2a: Ogerpon|Ogerpon-Cornerstone, F|100/100
|move|p1a: Venusaur|Giga Drain|p2a: Ogerpon
|-ability|p2a: Ogerpon|Sturdy
|-damage|p2a: Ogerpon|1/100
|-heal|p1a: Venusaur|100/100|[from] drain|[of] p2a: Ogerpon
|-damage|p1a: Venusaur|91/100|[from] item: Life Orb
|
|-weather|SunnyDay|[upkeep]
|upkeep
|turn|8
|-message|titantvman forfeited.
|
|win|ez2025
|raw|ez2025's rating: 1194 &rarr; <strong>1220</strong><br />(+26 for winning)
|raw|titantvman's rating: 1208 &rarr; <strong>1182</strong><br />(-26 for losing)
|l|☆titantvman
|player|p2|
|l|☆ez2025
|player|p1|
