|j|☆firered27
|j|☆Senatorlokix
|t:|1779824860
|gametype|singles
|player|p1|firered27|170|1323
|player|p2|Senatorlokix|169|1304
|gen|9
|tier|[Gen 9] OU
|rated|
|rule|HP Percentage Mod: HP is shown in percentages
|rule|Endless Battle Clause: Forcing endless battles is banned
|rule|Species Clause: Limit one of each Pokémon
|rule|OHKO Clause: OHKO moves are banned
|rule|Evasion Items Clause: Evasion items are banned
|rule|Evasion Moves Clause: Evasion moves are banned
|rule|Evasion Abilities Clause: Evasion abilities are banned
|rule|Sleep Moves Clause: Sleep-inducing moves are banned
|clearpoke
|poke|p1|Vivillon, M|
|poke|p1|Ninetales-Alola, F|
|poke|p1|Ogerpon-Wellspring, F|
|poke|p1|Dragonite, M|
|poke|p1|Great Tusk|
|poke|p1|Hatterene, F|
|poke|p2|Inteleon, M|
|poke|p2|Pelipper, M|
|poke|p2|Toxicroak, M|
|poke|p2|Barraskewda, M|
|poke|p2|Clodsire, M|
|poke|p2|Regieleki|
|teampreview
|inactive|Battle timer is ON: inactive players will automatically lose when time's up. (requested by firered27)
|
|t:|1779824869
|teamsize|p1|6
|teamsize|p2|6
|start
|switch|p1a: Ninetales|Ninetales-Alola, F|100/100
|switch|p2a: Pelipper|Pelipper, M|100/100
|-weather|Snowscape|[from] ability: Snow Warning|[of] p1a: Ninetales
|-weather|RainDance|[from] ability: Drizzle|[of] p2a: Pelipper
|turn|1
|
|t:|1779824884
|switch|p2a: Clodsire|Clodsire, M|100/100
|move|p1a: Ninetales|Snowscape|p1a: Ninetales
|-weather|Snowscape
|
|-weather|Snowscape|[upkeep]
|upkeep
|turn|2
|
|t:|1779824890
|move|p1a: Ninetales|Aurora Veil|p1a: Ninetales
|-sidestart|p1: firered27|move: Aurora Veil
|move|p2a: Clodsire|Stealth Rock|p1a: Ninetales
|-sidestart|p1: firered27|move: Stealth Rock
|
|-weather|Snowscape|[upkeep]
|upkeep
|turn|3
|
|t:|1779824895
|switch|p1a: Great Tusk|Great Tusk|100/100
|-damage|p1a: Great Tusk|97/100|[from] Stealth Rock
|-enditem|p1a: Great Tusk|Booster Energy
|-activate|p1a: Great Tusk|ability: Protosynthesis|[fromitem]
|-start|p1a: Great Tusk|protosynthesisspe
|move|p2a: Clodsire|Poison Jab|p1a: Great Tusk
|-resisted|p1a: Great Tusk
|-damage|p1a: Great Tusk|94/100
|
|-weather|Snowscape|[upkeep]
|upkeep
|turn|4
|
|t:|1779824904
|switch|p2a: Pelipper|Pelipper, M|100/100
|-weather|RainDance|[from] ability: Drizzle|[of] p2a: Pelipper
|move|p1a: Great Tusk|Rapid Spin|p2a: Pelipper
|-damage|p2a: Pelipper|86/100
|-boost|p1a: Great Tusk|spe|1
|-sideend|p1: firered27|Stealth Rock|[from] move: Rapid Spin|[of] p1a: Great Tusk
|
|-weather|RainDance|[upkeep]
|upkeep
|turn|5
|
|t:|1779824919
|-end|p1a: Great Tusk|Protosynthesis|[silent]
|switch|p1a: Dragonite|Dragonite, M|100/100
|move|p2a: Pelipper|Weather Ball|p1a: Dragonite
|-resisted|p1a: Dragonite
|-damage|p1a: Dragonite|94/100
|
|-weather|RainDance|[upkeep]
|upkeep
|turn|6
|
|t:|1779824935
|move|p1a: Dragonite|Dragon Dance|p1a: Dragonite
|-boost|p1a: Dragonite|atk|1
|-boost|p1a: Dragonite|spe|1
|move|p2a: Pelipper|U-turn|p1a: Dragonite
|-resisted|p1a: Dragonite
|-damage|p1a: Dragonite|92/100
|
|t:|1779824943
|switch|p2a: Clodsire|Clodsire, M|100/100|[from] U-turn
|
|-weather|RainDance|[upkeep]
|upkeep
|turn|7
|
|t:|1779824955
|-terastallize|p2a: Clodsire|Grass
|move|p1a: Dragonite|Earthquake|p2a: Clodsire
|-resisted|p2a: Clodsire
|-damage|p2a: Clodsire|80/100
|move|p2a: Clodsire|Poison Jab|p1a: Dragonite
|-damage|p1a: Dragonite|79/100
|
|-weather|RainDance|[upkeep]
|upkeep
|turn|8
|
|t:|1779824964
|move|p1a: Dragonite|Dragon Dance|p1a: Dragonite
|-boost|p1a: Dragonite|atk|1
|-boost|p1a: Dragonite|spe|1
|move|p2a: Clodsire|Stealth Rock|p1a: Dragonite
|-sidestart|p1: firered27|move: Stealth Rock
|
|-weather|RainDance|[upkeep]
|upkeep
|turn|9
|
|t:|1779824974
|move|p1a: Dragonite|Ice Spinner|p2a: Clodsire
|-supereffective|p2a: Clodsire
|-damage|p2a: Clodsire|7/100
|move|p2a: Clodsire|Recover|p2a: Clodsire
|-heal|p2a: Clodsire|58/100
|
|-weather|RainDance|[upkeep]
|-sideend|p1: firered27|move: Aurora Veil
|upkeep
|turn|10
|
|t:|1779824989
|switch|p2a: Toxicroak|Toxicroak, M|100/100
|move|p1a: Dragonite|Ice Spinner|p2a: Toxicroak
|-damage|p2a: Toxicroak|48/100
|-damage|p1a: Dragonite|62/100|[from] item: Rocky Helmet|[of] p2a: Toxicroak
|
|-weather|RainDance|[upkeep]
|-heal|p2a: Toxicroak|60/100|[from] ability: Dry Skin
|upkeep
|turn|11
|
|t:|1779825005
|switch|p2a: Pelipper|Pelipper, M|86/100
|-terastallize|p1a: Dragonite|Normal
|move|p1a: Dragonite|Extreme Speed|p2a: Pelipper
|-damage|p2a: Pelipper|0 fnt
|faint|p2a: Pelipper
|
|-weather|none
|upkeep
|-message|Senatorlokix forfeited.
|
|win|firered27
|raw|firered27's rating: 1323 &rarr; <strong>1342</strong><br />(+19 for winning)
|raw|Senatorlokix's rating: 1304 &rarr; <strong>1285</strong><br />(-19 for losing)
|l|☆Senatorlokix
|player|p2|
