|j|‽rugzv
|j|☆sofbar
|t:|1779952421
|gametype|singles
|player|p1|rugzv|265|1275
|player|p2|sofbar|miku-water|1274
|gen|9
|tier|[Gen 9] OU
|rated|
|rule|HP Percentage Mod: HP is shown in percentages
|rule|Endless Battle Clause: Forcing endless battles is banned
|rule|Species Clause: Limit one of each Pokémon
|rule|OHKO Clause: OHKO moves are banned
|rule|Evasion Items Clause: Evasion items are banned
|rule|Evasion Moves Clause: Evasion moves are banned
|rule|Evasion Abilities Clause: Evasion abilities are banned
|rule|Sleep Moves Clause: Sleep-inducing moves are banned
|clearpoke
|poke|p1|Alomomola, F|
|poke|p1|Meowscarada, F|
|poke|p1|Skeledirge, M|
|poke|p1|Clodsire, M|
|poke|p1|Enamorus, F|
|poke|p1|Reuniclus, M|
|poke|p2|Corviknight, M|
|poke|p2|Crawdaunt, M|
|poke|p2|Great Tusk|
|poke|p2|Zapdos|
|poke|p2|Ogerpon-Wellspring, F|
|poke|p2|Pecharunt|
|teampreview
|inactive|Battle timer is ON: inactive players will automatically lose when time's up. (requested by sofbar)
|
|t:|1779952433
|teamsize|p1|6
|teamsize|p2|6
|start
|switch|p1a: Meowscarada|Meowscarada, F|100/100
|switch|p2a: Corviknight|Corviknight, M|100/100
|-ability|p2a: Corviknight|Pressure
|turn|1
|
|t:|1779952445
|move|p1a: Meowscarada|Knock Off|p2a: Corviknight
|-start|p1a: Meowscarada|typechange|Dark|[from] ability: Protean
|-damage|p2a: Corviknight|73/100
|-enditem|p2a: Corviknight|Leftovers|[from] move: Knock Off|[of] p1a: Meowscarada
|move|p2a: Corviknight|U-turn|p1a: Meowscarada
|-supereffective|p1a: Meowscarada
|-damage|p1a: Meowscarada|57/100
|
|t:|1779952452
|switch|p2a: Great Tusk|Great Tusk|100/100|[from] U-turn
|-enditem|p2a: Great Tusk|Booster Energy
|-activate|p2a: Great Tusk|ability: Protosynthesis|[fromitem]
|-start|p2a: Great Tusk|protosynthesisatk
|
|upkeep
|turn|2
|
|t:|1779952464
|switch|p1a: Alomomola|Alomomola, F|100/100
|move|p2a: Great Tusk|Rapid Spin|p1a: Alomomola
|-damage|p1a: Alomomola|87/100
|-boost|p2a: Great Tusk|spe|1
|-damage|p2a: Great Tusk|84/100|[from] item: Rocky Helmet|[of] p1a: Alomomola
|
|upkeep
|turn|3
|
|t:|1779952474
|move|p2a: Great Tusk|Bulk Up|p2a: Great Tusk
|-boost|p2a: Great Tusk|atk|1
|-boost|p2a: Great Tusk|def|1
|move|p1a: Alomomola|Light Screen|p1a: Alomomola
|-sidestart|p1: rugzv|move: Light Screen
|
|upkeep
|turn|4
|
|t:|1779952486
|move|p2a: Great Tusk|Rapid Spin|p1a: Alomomola
|-damage|p1a: Alomomola|69/100
|-boost|p2a: Great Tusk|spe|1
|-damage|p2a: Great Tusk|67/100|[from] item: Rocky Helmet|[of] p1a: Alomomola
|move|p1a: Alomomola|Flip Turn|p2a: Great Tusk
|-supereffective|p2a: Great Tusk
|-damage|p2a: Great Tusk|50/100
|
|t:|1779952496
|switch|p1a: Skeledirge|Skeledirge, M|100/100|[from] Flip Turn
|
|upkeep
|turn|5
|
|t:|1779952501
|-terastallize|p1a: Skeledirge|Fairy
|move|p2a: Great Tusk|Headlong Rush|p1a: Skeledirge
|-crit|p1a: Skeledirge
|-damage|p1a: Skeledirge|30/100
|-unboost|p2a: Great Tusk|def|1
|-unboost|p2a: Great Tusk|spd|1
|move|p1a: Skeledirge|Will-O-Wisp|p2a: Great Tusk
|-status|p2a: Great Tusk|brn
|
|-damage|p2a: Great Tusk|44/100 brn|[from] brn
|upkeep
|turn|6
|inactive|rugzv has 120 seconds left.
|
|t:|1779952533
|move|p2a: Great Tusk|Headlong Rush|p1a: Skeledirge
|-damage|p1a: Skeledirge|7/100
|-unboost|p2a: Great Tusk|def|1
|-unboost|p2a: Great Tusk|spd|1
|move|p1a: Skeledirge|Slack Off|p1a: Skeledirge
|-heal|p1a: Skeledirge|57/100
|
|-damage|p2a: Great Tusk|38/100 brn|[from] brn
|upkeep
|turn|7
|
|t:|1779952543
|move|p2a: Great Tusk|Headlong Rush|p1a: Skeledirge
|-damage|p1a: Skeledirge|34/100
|-unboost|p2a: Great Tusk|def|1
|-unboost|p2a: Great Tusk|spd|1
|move|p1a: Skeledirge|Slack Off|p1a: Skeledirge
|-heal|p1a: Skeledirge|84/100
|
|-damage|p2a: Great Tusk|32/100 brn|[from] brn
|-sideend|p1: rugzv|move: Light Screen
|upkeep
|turn|8
|
|t:|1779952554
|move|p2a: Great Tusk|Headlong Rush|p1a: Skeledirge
|-damage|p1a: Skeledirge|60/100
|-unboost|p2a: Great Tusk|def|1
|-unboost|p2a: Great Tusk|spd|1
|move|p1a: Skeledirge|Torch Song|p2a: Great Tusk
|-damage|p2a: Great Tusk|0 fnt
|-boost|p1a: Skeledirge|spa|1
|faint|p2a: Great Tusk
|-end|p2a: Great Tusk|Protosynthesis|[silent]
|
|upkeep
|
|t:|1779952563
|switch|p2a: Crawdaunt|Crawdaunt, M|100/100
|turn|9
|
|t:|1779952573
|switch|p1a: Alomomola|Alomomola, F|100/100
|move|p2a: Crawdaunt|Crabhammer|p1a: Alomomola
|-resisted|p1a: Alomomola
|-damage|p1a: Alomomola|75/100
|-damage|p2a: Crawdaunt|84/100|[from] item: Rocky Helmet|[of] p1a: Alomomola
|
|upkeep
|turn|10
|
|t:|1779952582
|switch|p2a: Ogerpon|Ogerpon-Wellspring, F|100/100
|move|p1a: Alomomola|Wish|p1a: Alomomola
|
|upkeep
|turn|11
|
|t:|1779952590
|switch|p1a: Meowscarada|Meowscarada, F|57/100
|move|p2a: Ogerpon|Knock Off|p1a: Meowscarada
|-resisted|p1a: Meowscarada
|-damage|p1a: Meowscarada|28/100
|-enditem|p1a: Meowscarada|Choice Scarf|[from] move: Knock Off|[of] p2a: Ogerpon
|
|-heal|p1a: Meowscarada|100/100|[from] move: Wish|[wisher] Alomomola
|upkeep
|turn|12
|
|t:|1779952601
|switch|p2a: Corviknight|Corviknight, M|73/100
|-ability|p2a: Corviknight|Pressure
|move|p1a: Meowscarada|U-turn|p2a: Corviknight
|-start|p1a: Meowscarada|typechange|Bug|[from] ability: Protean
|-resisted|p2a: Corviknight
|-crit|p2a: Corviknight
|-damage|p2a: Corviknight|65/100
|
|t:|1779952622
|switch|p1a: Reuniclus|Reuniclus, M|100/100|[from] U-turn
|
|upkeep
|turn|13
|l|☆sofbar
|inactive|sofbar disconnected and has a minute to reconnect!
|player|p2|
|j|☆sofbar
|inactive|sofbar reconnected and has 115 seconds left.
|player|p2|sofbar|miku-water|
|
|t:|1779952663
|move|p2a: Corviknight|U-turn|p1a: Reuniclus
|-supereffective|p1a: Reuniclus
|-damage|p1a: Reuniclus|72/100
|
|t:|1779952670
|switch|p2a: Zapdos|Zapdos|100/100|[from] U-turn
|move|p1a: Reuniclus|Psychic Noise|p2a: Zapdos
|-damage|p2a: Zapdos|57/100
|-start|p2a: Zapdos|move: Heal Block
|
|upkeep
|turn|14
|
|t:|1779952694
|move|p2a: Zapdos|U-turn|p1a: Reuniclus
|-supereffective|p1a: Reuniclus
|-damage|p1a: Reuniclus|44/100
|
|t:|1779952696
|switch|p2a: Crawdaunt|Crawdaunt, M|84/100|[from] U-turn
|move|p1a: Reuniclus|Psychic Noise|p2a: Crawdaunt
|-immune|p2a: Crawdaunt
|
|upkeep
|turn|15
|
|t:|1779952705
|switch|p1a: Alomomola|Alomomola, F|100/100
|move|p2a: Crawdaunt|Knock Off|p1a: Alomomola
|-damage|p1a: Alomomola|53/100
|-damage|p2a: Crawdaunt|68/100|[from] item: Rocky Helmet|[of] p1a: Alomomola
|-enditem|p1a: Alomomola|Rocky Helmet|[from] move: Knock Off|[of] p2a: Crawdaunt
|
|upkeep
|turn|16
|
|t:|1779952716
|switch|p2a: Zapdos|Zapdos|57/100
|move|p1a: Alomomola|Wish|p1a: Alomomola
|
|upkeep
|turn|17
|
|t:|1779952721
|switch|p1a: Clodsire|Clodsire, M|100/100
|move|p2a: Zapdos|Roost|p2a: Zapdos
|-heal|p2a: Zapdos|100/100
|-singleturn|p2a: Zapdos|move: Roost
|
|upkeep
|turn|18
|
|t:|1779952730
|move|p2a: Zapdos|U-turn|p1a: Clodsire
|-resisted|p1a: Clodsire
|-damage|p1a: Clodsire|93/100
|
|t:|1779952734
|switch|p2a: Crawdaunt|Crawdaunt, M|68/100|[from] U-turn
|move|p1a: Clodsire|Stealth Rock|p2a: Crawdaunt
|-sidestart|p2: sofbar|move: Stealth Rock
|
|-heal|p1a: Clodsire|99/100|[from] item: Leftovers
|upkeep
|turn|19
|
|t:|1779952743
|switch|p1a: Alomomola|Alomomola, F|86/100
|move|p2a: Crawdaunt|Crabhammer|p1a: Alomomola
|-resisted|p1a: Alomomola
|-damage|p1a: Alomomola|61/100
|
|upkeep
|turn|20
|
|t:|1779952758
|switch|p2a: Corviknight|Corviknight, M|65/100
|-damage|p2a: Corviknight|53/100|[from] Stealth Rock
|-ability|p2a: Corviknight|Pressure
|move|p1a: Alomomola|Flip Turn|p2a: Corviknight
|-damage|p2a: Corviknight|43/100
|
|t:|1779952777
|switch|p1a: Skeledirge|Skeledirge, M, tera:Fairy|60/100|[from] Flip Turn
|
|upkeep
|turn|21
|
|t:|1779952784
|switch|p2a: Zapdos|Zapdos|100/100
|move|p1a: Skeledirge|Will-O-Wisp|p2a: Zapdos
|-status|p2a: Zapdos|brn
|
|-damage|p2a: Zapdos|94/100 brn|[from] brn
|upkeep
|turn|22
|
|t:|1779952793
|switch|p1a: Clodsire|Clodsire, M|99/100
|move|p2a: Zapdos|Discharge|p1a: Clodsire
|-immune|p1a: Clodsire
|
|-heal|p1a: Clodsire|100/100|[from] item: Leftovers
|-damage|p2a: Zapdos|88/100 brn|[from] brn
|upkeep
|turn|23
|
|t:|1779952807
|move|p2a: Zapdos|Hurricane|p1a: Clodsire
|-crit|p1a: Clodsire
|-damage|p1a: Clodsire|64/100
|move|p1a: Clodsire|Toxic||[still]
|-fail|p1a: Clodsire
|
|-heal|p1a: Clodsire|70/100|[from] item: Leftovers
|-damage|p2a: Zapdos|82/100 brn|[from] brn
|upkeep
|turn|24
|
|t:|1779952817
|move|p2a: Zapdos|U-turn|p1a: Clodsire
|-resisted|p1a: Clodsire
|-crit|p1a: Clodsire
|-damage|p1a: Clodsire|64/100
|
|t:|1779952820
|switch|p2a: Corviknight|Corviknight, M|43/100|[from] U-turn
|-damage|p2a: Corviknight|31/100|[from] Stealth Rock
|-ability|p2a: Corviknight|Pressure
|move|p1a: Clodsire|Recover|p1a: Clodsire
|-heal|p1a: Clodsire|100/100
|
|upkeep
|turn|25
|
|t:|1779952830
|move|p2a: Corviknight|Roost|p2a: Corviknight
|-heal|p2a: Corviknight|81/100
|-singleturn|p2a: Corviknight|move: Roost
|move|p1a: Clodsire|Earthquake|p2a: Corviknight
|-supereffective|p2a: Corviknight
|-damage|p2a: Corviknight|48/100
|
|upkeep
|turn|26
|
|t:|1779952843
|switch|p1a: Alomomola|Alomomola, F|95/100
|move|p2a: Corviknight|Defog|p1a: Alomomola
|-unboost|p1a: Alomomola|evasion|1
|-sideend|p2: sofbar|Stealth Rock|[from] move: Defog|[of] p2a: Corviknight
|
|upkeep
|turn|27
|
|t:|1779952852
|move|p2a: Corviknight|Roost|p2a: Corviknight
|-heal|p2a: Corviknight|98/100
|-singleturn|p2a: Corviknight|move: Roost
|move|p1a: Alomomola|Wish|p1a: Alomomola
|
|upkeep
|turn|28
|
|t:|1779952859
|move|p2a: Corviknight|U-turn|p1a: Alomomola
|-damage|p1a: Alomomola|87/100
|
|t:|1779952861
|switch|p2a: Ogerpon|Ogerpon-Wellspring, F|100/100|[from] U-turn
|move|p1a: Alomomola|Flip Turn|p2a: Ogerpon
|-immune|p2a: Ogerpon|[from] ability: Water Absorb
|
|-heal|p1a: Alomomola|100/100|[from] move: Wish|[wisher] Alomomola
|upkeep
|turn|29
|
|t:|1779952873
|switch|p1a: Meowscarada|Meowscarada, F|100/100
|move|p2a: Ogerpon|Swords Dance|p2a: Ogerpon
|-boost|p2a: Ogerpon|atk|2
|
|upkeep
|turn|30
|
|t:|1779952880
|move|p1a: Meowscarada|U-turn|p2a: Ogerpon
|-start|p1a: Meowscarada|typechange|Bug|[from] ability: Protean
|-supereffective|p2a: Ogerpon
|-crit|p2a: Ogerpon
|-damage|p2a: Ogerpon|0 fnt
|faint|p2a: Ogerpon
|-message|sofbar forfeited.
|
|win|rugzv
|raw|rugzv's rating: 1275 &rarr; <strong>1300</strong><br />(+25 for winning)
|raw|sofbar's rating: 1274 &rarr; <strong>1249</strong><br />(-25 for losing)
|l|☆sofbar
|player|p2|
|l|‽rugzv
|player|p1|
