|j|☆JoelPicadeMel
|j|☆Blazekk23
|t:|1779827135
|gametype|singles
|player|p1|JoelPicadeMel|2|
|player|p2|Blazekk23|169|
|gen|9
|tier|[Gen 9] OU
|rule|HP Percentage Mod: HP is shown in percentages
|rule|Endless Battle Clause: Forcing endless battles is banned
|rule|Species Clause: Limit one of each Pokémon
|rule|OHKO Clause: OHKO moves are banned
|rule|Evasion Items Clause: Evasion items are banned
|rule|Evasion Moves Clause: Evasion moves are banned
|rule|Evasion Abilities Clause: Evasion abilities are banned
|rule|Sleep Moves Clause: Sleep-inducing moves are banned
|clearpoke
|poke|p1|Slowking-Galar, M|
|poke|p1|Great Tusk|
|poke|p1|Heatran, M|
|poke|p1|Dragonite, M|
|poke|p1|Garganacl, M|
|poke|p1|Dragapult, M|
|poke|p2|Alomomola, F|
|poke|p2|Garchomp, F|
|poke|p2|Ogerpon, F|
|poke|p2|Incineroar, M|
|poke|p2|Pelipper, M|
|poke|p2|Metagross|
|teampreview
|
|t:|1779827145
|teamsize|p1|6
|teamsize|p2|6
|start
|switch|p1a: RiloBR|Dragapult, M|100/100
|switch|p2a: Pelipper|Pelipper, M|100/100
|-weather|RainDance|[from] ability: Drizzle|[of] p2a: Pelipper
|turn|1
|c|☆Blazekk23|Eu queria duplas;/
|
|t:|1779827158
|move|p1a: RiloBR|Draco Meteor|p2a: Pelipper
|-damage|p2a: Pelipper|24/100
|-unboost|p1a: RiloBR|spa|2
|move|p2a: Pelipper|Tailwind|p2a: Pelipper
|-sidestart|p2: Blazekk23|move: Tailwind
|
|-weather|RainDance|[upkeep]
|-heal|p2a: Pelipper|30/100|[from] item: Leftovers
|upkeep
|turn|2
|
|t:|1779827166
|switch|p2a: Metagross|Metagross|100/100
|move|p1a: RiloBR|U-turn|p2a: Metagross
|-damage|p2a: Metagross|85/100
|inactive|Battle timer is ON: inactive players will automatically lose when time's up. (requested by Blazekk23)
|
|t:|1779827170
|switch|p1a: Seraphz|Heatran, M|100/100|[from] U-turn
|
|-weather|RainDance|[upkeep]
|upkeep
|turn|3
|
|t:|1779827183
|switch|p2a: Pelipper|Pelipper, M|30/100
|switch|p1a: RMC|Dragonite, M|100/100
|
|-weather|RainDance|[upkeep]
|-heal|p2a: Pelipper|36/100|[from] item: Leftovers
|upkeep
|turn|4
|
|t:|1779827188
|move|p2a: Pelipper|Hurricane|p1a: RMC
|-damage|p1a: RMC|84/100
|move|p1a: RMC|Dragon Dance|p1a: RMC
|-boost|p1a: RMC|atk|1
|-boost|p1a: RMC|spe|1
|
|-weather|RainDance|[upkeep]
|-heal|p2a: Pelipper|42/100|[from] item: Leftovers
|-sideend|p2: Blazekk23|move: Tailwind
|upkeep
|turn|5
|
|t:|1779827196
|move|p1a: RMC|Dragon Dance|p1a: RMC
|-boost|p1a: RMC|atk|1
|-boost|p1a: RMC|spe|1
|move|p2a: Pelipper|Hurricane|p1a: RMC
|-damage|p1a: RMC|50/100
|-start|p1a: RMC|confusion
|
|-weather|none
|-heal|p2a: Pelipper|48/100|[from] item: Leftovers
|upkeep
|turn|6
|
|t:|1779827202
|-activate|p1a: RMC|confusion
|move|p1a: RMC|Roost|p1a: RMC
|-heal|p1a: RMC|99/100
|-singleturn|p1a: RMC|move: Roost
|move|p2a: Pelipper|Tailwind|p2a: Pelipper
|-sidestart|p2: Blazekk23|move: Tailwind
|
|-heal|p2a: Pelipper|55/100|[from] item: Leftovers
|upkeep
|turn|7
|
|t:|1779827213
|-activate|p1a: RMC|confusion
|move|p1a: RMC|Extreme Speed|p2a: Pelipper
|-damage|p2a: Pelipper|0 fnt
|faint|p2a: Pelipper
|
|upkeep
|
|t:|1779827217
|switch|p2a: Incineroar|Incineroar, M|100/100
|-ability|p2a: Incineroar|Intimidate|boost
|-unboost|p1a: RMC|atk|1
|turn|8
|
|t:|1779827222
|-activate|p1a: RMC|confusion
|-damage|p1a: RMC|78/100|[from] confusion
|move|p2a: Incineroar|Parting Shot|p1a: RMC
|-unboost|p1a: RMC|atk|1
|-unboost|p1a: RMC|spa|1
|
|t:|1779827230
|switch|p2a: Metagross|Metagross|85/100|[from] Parting Shot
|
|upkeep
|turn|9
|
|t:|1779827235
|-activate|p1a: RMC|confusion
|move|p1a: RMC|Earthquake|p2a: Metagross
|-supereffective|p2a: Metagross
|-damage|p2a: Metagross|26/100
|move|p2a: Metagross|Knock Off|p1a: RMC
|-damage|p1a: RMC|26/100
|-enditem|p1a: RMC|Heavy-Duty Boots|[from] move: Knock Off|[of] p2a: Metagross
|
|-sideend|p2: Blazekk23|move: Tailwind
|upkeep
|turn|10
|
|t:|1779827243
|-end|p1a: RMC|confusion
|move|p1a: RMC|Earthquake|p2a: Metagross
|-supereffective|p2a: Metagross
|-damage|p2a: Metagross|0 fnt
|faint|p2a: Metagross
|
|upkeep
|
|t:|1779827247
|switch|p2a: Incineroar|Incineroar, M|100/100
|-ability|p2a: Incineroar|Intimidate|boost
|-unboost|p1a: RMC|atk|1
|turn|11
|
|t:|1779827252
|switch|p1a: JojenReed|Garganacl, M|100/100
|move|p2a: Incineroar|Fake Out|p1a: JojenReed
|-resisted|p1a: JojenReed
|-damage|p1a: JojenReed|97/100
|
|upkeep
|turn|12
|
|t:|1779827256
|move|p2a: Incineroar|Parting Shot|p1a: JojenReed
|-unboost|p1a: JojenReed|atk|1
|-unboost|p1a: JojenReed|spa|1
|
|t:|1779827263
|switch|p2a: Alomomola|Alomomola, F|100/100|[from] Parting Shot
|move|p1a: JojenReed|Iron Defense|p1a: JojenReed
|-boost|p1a: JojenReed|def|2
|
|upkeep
|turn|13
|
|t:|1779827270
|move|p2a: Alomomola|Scald|p1a: JojenReed
|-supereffective|p1a: JojenReed
|-damage|p1a: JojenReed|73/100
|move|p1a: JojenReed|Iron Defense|p1a: JojenReed
|-boost|p1a: JojenReed|def|2
|
|upkeep
|turn|14
|
|t:|1779827277
|move|p2a: Alomomola|Scald|p1a: JojenReed
|-supereffective|p1a: JojenReed
|-damage|p1a: JojenReed|48/100
|move|p1a: JojenReed|Salt Cure|p2a: Alomomola
|-damage|p2a: Alomomola|93/100
|-start|p2a: Alomomola|Salt Cure
|
|-damage|p2a: Alomomola|68/100|[from] Salt Cure
|upkeep
|turn|15
|
|t:|1779827282
|move|p2a: Alomomola|Scald|p1a: JojenReed
|-supereffective|p1a: JojenReed
|-damage|p1a: JojenReed|23/100
|move|p1a: JojenReed|Recover|p1a: JojenReed
|-heal|p1a: JojenReed|73/100
|
|-damage|p2a: Alomomola|43/100|[from] Salt Cure
|upkeep
|turn|16
|
|t:|1779827287
|move|p2a: Alomomola|Scald|p1a: JojenReed
|-supereffective|p1a: JojenReed
|-damage|p1a: JojenReed|47/100
|move|p1a: JojenReed|Recover|p1a: JojenReed
|-heal|p1a: JojenReed|97/100
|
|-damage|p2a: Alomomola|18/100|[from] Salt Cure
|upkeep
|turn|17
|
|t:|1779827290
|move|p2a: Alomomola|Scald|p1a: JojenReed
|-supereffective|p1a: JojenReed
|-damage|p1a: JojenReed|74/100
|move|p1a: JojenReed|Body Press|p2a: Alomomola
|-damage|p2a: Alomomola|0 fnt
|faint|p2a: Alomomola
|
|upkeep
|
|t:|1779827300
|switch|p2a: Ogerpon|Ogerpon, F|100/100
|turn|18
|
|t:|1779827303
|move|p2a: Ogerpon|Swords Dance|p2a: Ogerpon
|-boost|p2a: Ogerpon|atk|2
|move|p1a: JojenReed|Body Press|p2a: Ogerpon
|-damage|p2a: Ogerpon|2/100
|
|-heal|p2a: Ogerpon|8/100|[from] item: Leftovers
|upkeep
|turn|19
|
|t:|1779827310
|move|p2a: Ogerpon|Ivy Cudgel|p1a: JojenReed
|-supereffective|p1a: JojenReed
|-damage|p1a: JojenReed|29/100
|move|p1a: JojenReed|Body Press|p2a: Ogerpon
|-crit|p2a: Ogerpon
|-damage|p2a: Ogerpon|0 fnt
|faint|p2a: Ogerpon
|
|upkeep
|
|t:|1779827319
|switch|p2a: Incineroar|Incineroar, M|100/100
|-ability|p2a: Incineroar|Intimidate|boost
|-unboost|p1a: JojenReed|atk|1
|turn|20
|
|t:|1779827324
|move|p2a: Incineroar|Knock Off|p1a: JojenReed
|-damage|p1a: JojenReed|19/100
|-enditem|p1a: JojenReed|Heavy-Duty Boots|[from] move: Knock Off|[of] p2a: Incineroar
|move|p1a: JojenReed|Recover|p1a: JojenReed
|-heal|p1a: JojenReed|70/100
|
|upkeep
|turn|21
|
|t:|1779827329
|move|p2a: Incineroar|Parting Shot|p1a: JojenReed
|-unboost|p1a: JojenReed|atk|1
|-unboost|p1a: JojenReed|spa|1
|
|t:|1779827332
|switch|p2a: Garchomp|Garchomp, F|100/100|[from] Parting Shot
|move|p1a: JojenReed|Body Press|p2a: Garchomp
|-damage|p2a: Garchomp|19/100
|-damage|p1a: JojenReed|57/100|[from] ability: Rough Skin|[of] p2a: Garchomp
|-damage|p1a: JojenReed|41/100|[from] item: Rocky Helmet|[of] p2a: Garchomp
|
|upkeep
|turn|22
|
|t:|1779827336
|move|p2a: Garchomp|Iron Head|p1a: JojenReed
|-supereffective|p1a: JojenReed
|-damage|p1a: JojenReed|29/100
|cant|p1a: JojenReed|flinch
|
|upkeep
|turn|23
|
|t:|1779827343
|move|p2a: Garchomp|Swords Dance|p2a: Garchomp
|-boost|p2a: Garchomp|atk|2
|move|p1a: JojenReed|Recover|p1a: JojenReed
|-heal|p1a: JojenReed|79/100
|
|upkeep
|turn|24
|
|t:|1779827345
|move|p2a: Garchomp|Iron Head|p1a: JojenReed
|-supereffective|p1a: JojenReed
|-damage|p1a: JojenReed|57/100
|move|p1a: JojenReed|Body Press|p2a: Garchomp
|-damage|p2a: Garchomp|0 fnt
|-damage|p1a: JojenReed|45/100|[from] ability: Rough Skin|[of] p2a: Garchomp
|-damage|p1a: JojenReed|28/100|[from] item: Rocky Helmet|[of] p2a: Garchomp
|faint|p2a: Garchomp
|
|upkeep
|
|t:|1779827352
|switch|p2a: Incineroar|Incineroar, M|100/100
|-ability|p2a: Incineroar|Intimidate|boost
|-unboost|p1a: JojenReed|atk|1
|turn|25
|
|t:|1779827355
|move|p2a: Incineroar|Fake Out|p1a: JojenReed
|-resisted|p1a: JojenReed
|-damage|p1a: JojenReed|27/100
|cant|p1a: JojenReed|flinch
|
|upkeep
|turn|26
|
|t:|1779827357
|move|p2a: Incineroar|Knock Off|p1a: JojenReed
|-damage|p1a: JojenReed|21/100
|move|p1a: JojenReed|Body Press|p2a: Incineroar
|-supereffective|p2a: Incineroar
|-enditem|p2a: Incineroar|Focus Sash
|-damage|p2a: Incineroar|1/100
|
|upkeep
|turn|27
|
|t:|1779827361
|move|p2a: Incineroar|Knock Off|p1a: JojenReed
|-damage|p1a: JojenReed|14/100
|move|p1a: JojenReed|Body Press|p2a: Incineroar
|-supereffective|p2a: Incineroar
|-damage|p2a: Incineroar|0 fnt
|faint|p2a: Incineroar
|
|win|JoelPicadeMel
|l|☆Blazekk23
|player|p2|
