|j|☆Darkgreenie
|j|☆Rubicouss
|t:|1779859377
|gametype|singles
|player|p1|Darkgreenie|cynthia-masters4|1453
|player|p2|Rubicouss|gambler|1432
|gen|9
|tier|[Gen 9] OU
|rated|
|rule|HP Percentage Mod: HP is shown in percentages
|rule|Endless Battle Clause: Forcing endless battles is banned
|rule|Species Clause: Limit one of each Pokémon
|rule|OHKO Clause: OHKO moves are banned
|rule|Evasion Items Clause: Evasion items are banned
|rule|Evasion Moves Clause: Evasion moves are banned
|rule|Evasion Abilities Clause: Evasion abilities are banned
|rule|Sleep Moves Clause: Sleep-inducing moves are banned
|clearpoke
|poke|p1|Hawlucha, F|
|poke|p1|Samurott-Hisui, F|
|poke|p1|Rillaboom, F|
|poke|p1|Gholdengo|
|poke|p1|Kyurem|
|poke|p1|Landorus-Therian, M|
|poke|p2|Drifblim, M|
|poke|p2|Tornadus, M|
|poke|p2|Talonflame, F|
|poke|p2|Toedscruel, M|
|poke|p2|Glimmora, F|
|poke|p2|Gholdengo|
|teampreview
|inactive|Battle timer is ON: inactive players will automatically lose when time's up. (requested by Darkgreenie)
|inactive|Darkgreenie has 120 seconds left.
|
|t:|1779859429
|teamsize|p1|6
|teamsize|p2|6
|start
|switch|p1a: Gholdengo|Gholdengo|100/100
|switch|p2a: Talonflame|Talonflame, F|100/100
|turn|1
|
|t:|1779859434
|switch|p1a: Landorus|Landorus-Therian, M|100/100
|-ability|p1a: Landorus|Intimidate|boost
|-unboost|p2a: Talonflame|atk|1
|move|p2a: Talonflame|Overheat|p1a: Landorus
|-damage|p1a: Landorus|65/100
|-unboost|p2a: Talonflame|spa|2
|
|upkeep
|turn|2
|
|t:|1779859441
|move|p2a: Talonflame|Will-O-Wisp|p1a: Landorus
|-status|p1a: Landorus|brn
|move|p1a: Landorus|Stealth Rock|p2a: Talonflame
|-sidestart|p2: Rubicouss|move: Stealth Rock
|
|-damage|p1a: Landorus|59/100 brn|[from] brn
|upkeep
|turn|3
|
|t:|1779859449
|move|p2a: Talonflame|Defog|p1a: Landorus
|-unboost|p1a: Landorus|evasion|1
|-sideend|p2: Rubicouss|Stealth Rock|[from] move: Defog|[of] p2a: Talonflame
|move|p1a: Landorus|Taunt|p2a: Talonflame
|-start|p2a: Talonflame|move: Taunt
|
|-damage|p1a: Landorus|53/100 brn|[from] brn
|upkeep
|turn|4
|
|t:|1779859461
|switch|p2a: Tornadus|Tornadus, M|100/100
|move|p1a: Landorus|Stealth Rock|p2a: Tornadus
|-sidestart|p2: Rubicouss|move: Stealth Rock
|
|-damage|p1a: Landorus|47/100 brn|[from] brn
|upkeep
|turn|5
|
|t:|1779859467
|move|p2a: Tornadus|Tailwind|p2a: Tornadus
|-sidestart|p2: Rubicouss|move: Tailwind
|move|p1a: Landorus|U-turn|p2a: Tornadus
|-resisted|p2a: Tornadus
|-damage|p2a: Tornadus|94/100
|
|t:|1779859470
|switch|p1a: Samurott|Samurott-Hisui, F|100/100|[from] U-turn
|
|upkeep
|turn|6
|
|t:|1779859482
|switch|p2a: Talonflame|Talonflame, F|100/100
|move|p1a: Samurott|Ceaseless Edge|p2a: Talonflame
|-damage|p2a: Talonflame|48/100
|-status|p1a: Samurott|brn|[from] ability: Flame Body|[of] p2a: Talonflame
|-sidestart|p2: Rubicouss|Spikes
|
|-damage|p1a: Samurott|94/100 brn|[from] brn
|upkeep
|turn|7
|
|t:|1779859489
|move|p2a: Talonflame|Roost|p2a: Talonflame
|-heal|p2a: Talonflame|99/100
|-singleturn|p2a: Talonflame|move: Roost
|move|p1a: Samurott|Flip Turn|p2a: Talonflame
|-supereffective|p2a: Talonflame
|-damage|p2a: Talonflame|70/100
|inactive|Darkgreenie has 120 seconds left.
|
|t:|1779859521
|switch|p1a: Kyurem|Kyurem|100/100|[from] Flip Turn
|-ability|p1a: Kyurem|Pressure
|
|upkeep
|turn|8
|
|t:|1779859524
|move|p2a: Talonflame|Defog|p1a: Kyurem
|-unboost|p1a: Kyurem|evasion|1
|-sideend|p2: Rubicouss|Spikes|[from] move: Defog|[of] p2a: Talonflame
|-sideend|p2: Rubicouss|Stealth Rock|[from] move: Defog|[of] p2a: Talonflame
|move|p1a: Kyurem|Ice Beam|p2a: Talonflame
|-damage|p2a: Talonflame|12/100
|
|-sideend|p2: Rubicouss|move: Tailwind
|upkeep
|turn|9
|
|t:|1779859539
|switch|p2a: Gholdengo|Gholdengo|100/100
|move|p1a: Kyurem|Ice Beam|p2a: Gholdengo
|-resisted|p2a: Gholdengo
|-damage|p2a: Gholdengo|74/100
|
|upkeep
|turn|10
|
|t:|1779859544
|switch|p1a: Samurott|Samurott-Hisui, F|94/100 brn
|move|p2a: Gholdengo|Make It Rain|p1a: Samurott
|-resisted|p1a: Samurott
|-damage|p1a: Samurott|75/100 brn
|-unboost|p2a: Gholdengo|spa|1
|
|-damage|p1a: Samurott|69/100 brn|[from] brn
|upkeep
|turn|11
|
|t:|1779859560
|switch|p2a: Glimmora|Glimmora, F|100/100
|switch|p1a: Landorus|Landorus-Therian, M|47/100 brn
|-ability|p1a: Landorus|Intimidate|boost
|-unboost|p2a: Glimmora|atk|1
|
|-damage|p1a: Landorus|41/100 brn|[from] brn
|upkeep
|turn|12
|
|t:|1779859569
|switch|p2a: Tornadus|Tornadus, M|94/100
|move|p1a: Landorus|Earth Power|p2a: Tornadus
|-immune|p2a: Tornadus
|
|-damage|p1a: Landorus|35/100 brn|[from] brn
|upkeep
|turn|13
|
|t:|1779859575
|move|p2a: Tornadus|Tailwind|p2a: Tornadus
|-sidestart|p2: Rubicouss|move: Tailwind
|move|p1a: Landorus|Stealth Rock|p2a: Tornadus
|-sidestart|p2: Rubicouss|move: Stealth Rock
|
|-damage|p1a: Landorus|29/100 brn|[from] brn
|upkeep
|turn|14
|
|t:|1779859584
|switch|p1a: Kyurem|Kyurem|100/100
|-ability|p1a: Kyurem|Pressure
|move|p2a: Tornadus|U-turn|p1a: Kyurem
|-damage|p1a: Kyurem|84/100
|
|t:|1779859588
|switch|p2a: Talonflame|Talonflame, F|12/100|[from] U-turn
|
|upkeep
|turn|15
|
|t:|1779859591
|move|p2a: Talonflame|Defog|p1a: Kyurem
|-unboost|p1a: Kyurem|evasion|1
|-sideend|p2: Rubicouss|Stealth Rock|[from] move: Defog|[of] p2a: Talonflame
|move|p1a: Kyurem|Ice Beam|p2a: Talonflame
|-damage|p2a: Talonflame|0 fnt
|faint|p2a: Talonflame
|
|upkeep
|
|t:|1779859601
|switch|p2a: Toedscruel|Toedscruel, M|100/100
|turn|16
|
|t:|1779859609
|-terastallize|p2a: Toedscruel|Water
|move|p1a: Kyurem|Ice Beam|p2a: Toedscruel
|-resisted|p2a: Toedscruel
|-damage|p2a: Toedscruel|85/100
|move|p2a: Toedscruel|Stun Spore|p1a: Kyurem
|-status|p1a: Kyurem|par
|
|-heal|p2a: Toedscruel|91/100|[from] item: Leftovers
|-sideend|p2: Rubicouss|move: Tailwind
|upkeep
|turn|17
|
|t:|1779859623
|switch|p2a: Drifblim|Drifblim, M|100/100
|switch|p1a: Landorus|Landorus-Therian, M|29/100 brn
|-ability|p1a: Landorus|Intimidate|boost
|-unboost|p2a: Drifblim|atk|1
|
|-damage|p1a: Landorus|23/100 brn|[from] brn
|-status|p2a: Drifblim|brn|[from] item: Flame Orb
|upkeep
|turn|18
|
|t:|1779859633
|move|p1a: Landorus|Stealth Rock|p2a: Drifblim
|-sidestart|p2: Rubicouss|move: Stealth Rock
|move|p2a: Drifblim|Hex|p1a: Landorus
|-damage|p1a: Landorus|0 fnt
|faint|p1a: Landorus
|
|-damage|p2a: Drifblim|94/100 brn|[from] brn
|upkeep
|
|t:|1779859641
|switch|p1a: Gholdengo|Gholdengo|100/100
|turn|19
|
|t:|1779859648
|switch|p2a: Toedscruel|Toedscruel, M, tera:Water|91/100
|-damage|p2a: Toedscruel|79/100|[from] Stealth Rock
|move|p1a: Gholdengo|Shadow Ball|p2a: Toedscruel
|-damage|p2a: Toedscruel|55/100
|-unboost|p2a: Toedscruel|spd|1
|
|-heal|p2a: Toedscruel|61/100|[from] item: Leftovers
|upkeep
|turn|20
|
|t:|1779859661
|switch|p1a: Samurott|Samurott-Hisui, F|69/100 brn
|move|p2a: Toedscruel|Stun Spore||[still]
|-fail|p2a: Toedscruel
|
|-heal|p2a: Toedscruel|67/100|[from] item: Leftovers
|-damage|p1a: Samurott|63/100 brn|[from] brn
|upkeep
|turn|21
|
|t:|1779859666
|move|p2a: Toedscruel|Giga Drain|p1a: Samurott
|-supereffective|p1a: Samurott
|-damage|p1a: Samurott|36/100 brn
|-heal|p2a: Toedscruel|80/100|[from] drain|[of] p1a: Samurott
|move|p1a: Samurott|Ceaseless Edge|p2a: Toedscruel
|-damage|p2a: Toedscruel|54/100
|-sidestart|p2: Rubicouss|Spikes
|
|-heal|p2a: Toedscruel|60/100|[from] item: Leftovers
|-damage|p1a: Samurott|30/100 brn|[from] brn
|upkeep
|turn|22
|
|t:|1779859678
|move|p2a: Toedscruel|Protect|p2a: Toedscruel
|-singleturn|p2a: Toedscruel|Protect
|move|p1a: Samurott|Knock Off|p2a: Toedscruel
|-activate|p2a: Toedscruel|move: Protect
|
|-heal|p2a: Toedscruel|66/100|[from] item: Leftovers
|-damage|p1a: Samurott|24/100 brn|[from] brn
|upkeep
|turn|23
|
|t:|1779859684
|move|p2a: Toedscruel|Giga Drain|p1a: Samurott
|-supereffective|p1a: Samurott
|-damage|p1a: Samurott|0 fnt
|-heal|p2a: Toedscruel|78/100|[from] drain|[of] p1a: Samurott
|faint|p1a: Samurott
|
|-heal|p2a: Toedscruel|84/100|[from] item: Leftovers
|upkeep
|
|t:|1779859688
|switch|p1a: Kyurem|Kyurem|84/100 par
|-ability|p1a: Kyurem|Pressure
|turn|24
|
|t:|1779859710
|switch|p2a: Glimmora|Glimmora, F|100/100
|-damage|p2a: Glimmora|88/100|[from] Stealth Rock
|-damage|p2a: Glimmora|76/100|[from] Spikes
|move|p1a: Kyurem|Earth Power|p2a: Glimmora
|-supereffective|p2a: Glimmora
|-damage|p2a: Glimmora|0 fnt
|faint|p2a: Glimmora
|
|upkeep
|
|t:|1779859723
|switch|p2a: Drifblim|Drifblim, M|94/100 brn
|-damage|p2a: Drifblim|69/100 brn|[from] Stealth Rock
|turn|25
|
|t:|1779859733
|move|p2a: Drifblim|Hex|p1a: Kyurem
|-damage|p1a: Kyurem|35/100 par
|move|p1a: Kyurem|Ice Beam|p2a: Drifblim
|-supereffective|p2a: Drifblim
|-damage|p2a: Drifblim|0 fnt
|faint|p2a: Drifblim
|
|upkeep
|-message|Rubicouss forfeited.
|
|win|Darkgreenie
|raw|Darkgreenie's rating: 1453 &rarr; <strong>1472</strong><br />(+19 for winning)
|raw|Rubicouss's rating: 1432 &rarr; <strong>1413</strong><br />(-19 for losing)
|l|☆Rubicouss
|player|p2|
|l|☆Darkgreenie
|player|p1|
