|j|☆Chiloo Plays
|j|☆hakaiberg
|t:|1779887172
|gametype|singles
|player|p1|Chiloo Plays|swimmer-gen4|1110
|player|p2|hakaiberg|fisherman-gen4|1178
|gen|9
|tier|[Gen 9] OU
|rated|
|rule|HP Percentage Mod: HP is shown in percentages
|rule|Endless Battle Clause: Forcing endless battles is banned
|rule|Species Clause: Limit one of each Pokémon
|rule|OHKO Clause: OHKO moves are banned
|rule|Evasion Items Clause: Evasion items are banned
|rule|Evasion Moves Clause: Evasion moves are banned
|rule|Evasion Abilities Clause: Evasion abilities are banned
|rule|Sleep Moves Clause: Sleep-inducing moves are banned
|clearpoke
|poke|p1|Torkoal, M|
|poke|p1|Great Tusk|
|poke|p1|Iron Moth|
|poke|p1|Kingambit, M|
|poke|p1|Dragapult, M|
|poke|p1|Gholdengo|
|poke|p2|Cloyster, F|
|poke|p2|Corviknight, M|
|poke|p2|Dragapult, F|
|poke|p2|Great Tusk|
|poke|p2|Kingambit, M|
|poke|p2|Kyurem|
|teampreview
|
|t:|1779887188
|teamsize|p1|6
|teamsize|p2|6
|start
|switch|p1a: Great Tusk|Great Tusk|100/100
|switch|p2a: Attano|Corviknight, M|100/100
|-ability|p2a: Attano|Pressure
|turn|1
|
|t:|1779887208
|-end|p1a: Great Tusk|Protosynthesis|[silent]
|switch|p1a: Torkoal|Torkoal, M|100/100
|-weather|SunnyDay|[from] ability: Drought|[of] p1a: Torkoal
|move|p2a: Attano|Iron Defense|p2a: Attano
|-boost|p2a: Attano|def|2
|
|-weather|SunnyDay|[upkeep]
|upkeep
|turn|2
|
|t:|1779887228
|move|p2a: Attano|Body Press|p1a: Torkoal
|-damage|p1a: Torkoal|64/100
|move|p1a: Torkoal|Stealth Rock|p2a: Attano
|-sidestart|p2: hakaiberg|move: Stealth Rock
|
|-weather|SunnyDay|[upkeep]
|upkeep
|turn|3
|
|t:|1779887243
|move|p2a: Attano|U-turn|p1a: Torkoal
|-resisted|p1a: Torkoal
|-damage|p1a: Torkoal|59/100
|
|t:|1779887251
|switch|p2a: Many|Great Tusk|100/100|[from] U-turn
|-damage|p2a: Many|98/100|[from] Stealth Rock
|-activate|p2a: Many|ability: Protosynthesis
|-start|p2a: Many|protosynthesisatk
|move|p1a: Torkoal|Flamethrower|p2a: Many
|-damage|p2a: Many|33/100
|
|-weather|SunnyDay|[upkeep]
|upkeep
|turn|4
|
|t:|1779887271
|switch|p1a: Great Tusk|Great Tusk|100/100
|-activate|p1a: Great Tusk|ability: Protosynthesis
|-start|p1a: Great Tusk|protosynthesisdef
|move|p2a: Many|Headlong Rush|p1a: Great Tusk
|-damage|p1a: Great Tusk|69/100
|-unboost|p2a: Many|def|1
|-unboost|p2a: Many|spd|1
|
|-weather|SunnyDay|[upkeep]
|-heal|p1a: Great Tusk|75/100|[from] item: Leftovers
|upkeep
|turn|5
|
|t:|1779887284
|move|p2a: Many|Ice Spinner|p1a: Great Tusk
|-supereffective|p1a: Great Tusk
|-damage|p1a: Great Tusk|49/100
|move|p1a: Great Tusk|Earthquake|p2a: Many
|-damage|p2a: Many|0 fnt
|faint|p2a: Many
|-end|p2a: Many|Protosynthesis|[silent]
|
|-weather|SunnyDay|[upkeep]
|-heal|p1a: Great Tusk|55/100|[from] item: Leftovers
|upkeep
|
|t:|1779887302
|switch|p2a: Banguela|Kyurem|100/100
|-damage|p2a: Banguela|75/100|[from] Stealth Rock
|-ability|p2a: Banguela|Pressure
|turn|6
|
|t:|1779887327
|-end|p1a: Great Tusk|Protosynthesis|[silent]
|switch|p1a: Gholdengo|Gholdengo|100/100
|-item|p1a: Gholdengo|Air Balloon
|move|p2a: Banguela|Icicle Spear|p1a: Gholdengo
|-resisted|p1a: Gholdengo
|-damage|p1a: Gholdengo|93/100
|-enditem|p1a: Gholdengo|Air Balloon
|-resisted|p1a: Gholdengo
|-damage|p1a: Gholdengo|86/100
|-resisted|p1a: Gholdengo
|-damage|p1a: Gholdengo|78/100
|-resisted|p1a: Gholdengo
|-damage|p1a: Gholdengo|71/100
|-resisted|p1a: Gholdengo
|-crit|p1a: Gholdengo
|-damage|p1a: Gholdengo|60/100
|-hitcount|p1a: Gholdengo|5
|
|-weather|SunnyDay|[upkeep]
|upkeep
|turn|7
|
|t:|1779887346
|switch|p2a: Pipa|Dragapult, F|100/100
|move|p1a: Gholdengo|Make It Rain|p2a: Pipa
|-damage|p2a: Pipa|16/100
|-unboost|p1a: Gholdengo|spa|1
|
|-weather|SunnyDay|[upkeep]
|upkeep
|turn|8
|
|t:|1779887359
|switch|p1a: Kingambit|Kingambit, M|100/100
|move|p2a: Pipa|Fire Blast|p1a: Kingambit
|-supereffective|p1a: Kingambit
|-damage|p1a: Kingambit|8/100
|
|-weather|none
|-heal|p1a: Kingambit|14/100|[from] item: Leftovers
|upkeep
|turn|9
|
|t:|1779887371
|move|p1a: Kingambit|Sucker Punch|p2a: Pipa
|-supereffective|p2a: Pipa
|-damage|p2a: Pipa|0 fnt
|faint|p2a: Pipa
|
|-heal|p1a: Kingambit|20/100|[from] item: Leftovers
|upkeep
|
|t:|1779887380
|switch|p2a: Attano|Corviknight, M|100/100
|-damage|p2a: Attano|88/100|[from] Stealth Rock
|-ability|p2a: Attano|Pressure
|turn|10
|
|t:|1779887386
|-end|p1a: Kingambit|fallenundefined|[silent]
|switch|p1a: Torkoal|Torkoal, M|59/100
|-weather|SunnyDay|[from] ability: Drought|[of] p1a: Torkoal
|move|p2a: Attano|Iron Defense|p2a: Attano
|-boost|p2a: Attano|def|2
|
|-weather|SunnyDay|[upkeep]
|upkeep
|turn|11
|
|t:|1779887394
|move|p2a: Attano|Iron Defense|p2a: Attano
|-boost|p2a: Attano|def|2
|move|p1a: Torkoal|Flamethrower|p2a: Attano
|-supereffective|p2a: Attano
|-damage|p2a: Attano|12/100
|-status|p2a: Attano|brn
|
|-weather|SunnyDay|[upkeep]
|-damage|p2a: Attano|6/100 brn|[from] brn
|upkeep
|turn|12
|
|t:|1779887406
|switch|p1a: Gholdengo|Gholdengo|60/100
|move|p2a: Attano|Roost|p2a: Attano
|-heal|p2a: Attano|56/100 brn
|-singleturn|p2a: Attano|move: Roost
|
|-weather|SunnyDay|[upkeep]
|-damage|p2a: Attano|50/100 brn|[from] brn
|upkeep
|turn|13
|
|t:|1779887451
|move|p1a: Gholdengo|Thunderbolt|p2a: Attano
|-supereffective|p2a: Attano
|-damage|p2a: Attano|0 fnt
|faint|p2a: Attano
|
|-weather|SunnyDay|[upkeep]
|upkeep
|
|t:|1779887464
|switch|p2a: Perseguida|Cloyster, F, shiny|100/100
|-damage|p2a: Perseguida|76/100|[from] Stealth Rock
|turn|14
|
|t:|1779887474
|move|p1a: Gholdengo|Focus Blast|p2a: Perseguida
|-supereffective|p2a: Perseguida
|-damage|p2a: Perseguida|0 fnt
|faint|p2a: Perseguida
|
|-weather|SunnyDay|[upkeep]
|upkeep
|
|t:|1779887483
|switch|p2a: Banguela|Kyurem|75/100
|-damage|p2a: Banguela|50/100|[from] Stealth Rock
|-ability|p2a: Banguela|Pressure
|turn|15
|
|t:|1779887495
|move|p2a: Banguela|Freeze-Dry|p1a: Gholdengo
|-resisted|p1a: Gholdengo
|-damage|p1a: Gholdengo|42/100
|move|p1a: Gholdengo|Focus Blast|p2a: Banguela|[miss]
|-miss|p1a: Gholdengo|p2a: Banguela
|
|-weather|SunnyDay|[upkeep]
|upkeep
|turn|16
|
|t:|1779887504
|move|p2a: Banguela|Icicle Spear|p1a: Gholdengo
|-resisted|p1a: Gholdengo
|-damage|p1a: Gholdengo|35/100
|-resisted|p1a: Gholdengo
|-damage|p1a: Gholdengo|27/100
|-resisted|p1a: Gholdengo
|-damage|p1a: Gholdengo|20/100
|-resisted|p1a: Gholdengo
|-damage|p1a: Gholdengo|12/100
|-hitcount|p1a: Gholdengo|4
|move|p1a: Gholdengo|Focus Blast|p2a: Banguela
|-supereffective|p2a: Banguela
|-crit|p2a: Banguela
|-damage|p2a: Banguela|0 fnt
|faint|p2a: Banguela
|
|-weather|SunnyDay|[upkeep]
|upkeep
|
|t:|1779887518
|switch|p2a: All Might|Kingambit, M|100/100
|-damage|p2a: All Might|94/100|[from] Stealth Rock
|-activate|p2a: All Might|ability: Supreme Overlord
|-start|p2a: All Might|fallen5|[silent]
|turn|17
|
|t:|1779887527
|switch|p1a: Torkoal|Torkoal, M|59/100
|-terastallize|p2a: All Might|Ghost
|move|p2a: All Might|Swords Dance|p2a: All Might
|-boost|p2a: All Might|atk|2
|
|-weather|none
|upkeep
|turn|18
|
|t:|1779887537
|move|p2a: All Might|Kowtow Cleave|p1a: Torkoal
|-damage|p1a: Torkoal|0 fnt
|faint|p1a: Torkoal
|
|upkeep
|
|t:|1779887542
|switch|p1a: Great Tusk|Great Tusk|55/100
|turn|19
|
|t:|1779887550
|-terastallize|p1a: Great Tusk|Steel
|move|p2a: All Might|Sucker Punch|p1a: Great Tusk
|-damage|p1a: Great Tusk|0 fnt
|faint|p1a: Great Tusk
|-end|p1a: Great Tusk|Protosynthesis|[silent]
|
|upkeep
|
|t:|1779887557
|switch|p1a: Iron Moth|Iron Moth|100/100
|-enditem|p1a: Iron Moth|Booster Energy
|-activate|p1a: Iron Moth|ability: Quark Drive|[fromitem]
|-start|p1a: Iron Moth|quarkdrivespa
|turn|20
|
|t:|1779887584
|move|p1a: Iron Moth|Fiery Dance|p2a: All Might
|-damage|p2a: All Might|35/100
|move|p2a: All Might|Kowtow Cleave|p1a: Iron Moth
|-damage|p1a: Iron Moth|0 fnt
|faint|p1a: Iron Moth
|-end|p1a: Iron Moth|Quark Drive|[silent]
|
|upkeep
|
|t:|1779887595
|switch|p1a: Kingambit|Kingambit, M|20/100
|-activate|p1a: Kingambit|ability: Supreme Overlord
|-start|p1a: Kingambit|fallen3|[silent]
|turn|21
|
|t:|1779887600
|move|p2a: All Might|Sucker Punch|p1a: Kingambit
|-resisted|p1a: Kingambit
|-damage|p1a: Kingambit|0 fnt
|faint|p1a: Kingambit
|-end|p1a: Kingambit|fallen3|[silent]
|
|upkeep
|
|t:|1779887603
|switch|p1a: Dragapult|Dragapult, M|100/100
|turn|22
|
|t:|1779887611
|switch|p1a: Gholdengo|Gholdengo|12/100
|move|p2a: All Might|Sucker Punch||[still]
|-fail|p2a: All Might
|
|upkeep
|turn|23
|
|t:|1779887625
|move|p2a: All Might|Sucker Punch|p1a: Gholdengo
|-supereffective|p1a: Gholdengo
|-damage|p1a: Gholdengo|0 fnt
|faint|p1a: Gholdengo
|
|upkeep
|
|t:|1779887627
|switch|p1a: Dragapult|Dragapult, M|100/100
|turn|24
|
|t:|1779887634
|move|p2a: All Might|Sucker Punch|p1a: Dragapult
|-supereffective|p1a: Dragapult
|-damage|p1a: Dragapult|0 fnt
|faint|p1a: Dragapult
|
|win|hakaiberg
|raw|Chiloo Plays's rating: 1110 &rarr; <strong>1090</strong><br />(-20 for losing)
|raw|hakaiberg's rating: 1178 &rarr; <strong>1198</strong><br />(+20 for winning)
|l|☆Chiloo Plays
|player|p1|
