|j|☆tony4939312
|j|☆lordweirdo17
|t:|1779858405
|gametype|singles
|player|p1|tony4939312|1|1322
|player|p2|lordweirdo17|fisherman-gen4|1276
|gen|9
|tier|[Gen 9] OU
|rated|
|rule|HP Percentage Mod: HP is shown in percentages
|rule|Endless Battle Clause: Forcing endless battles is banned
|rule|Species Clause: Limit one of each Pokémon
|rule|OHKO Clause: OHKO moves are banned
|rule|Evasion Items Clause: Evasion items are banned
|rule|Evasion Moves Clause: Evasion moves are banned
|rule|Evasion Abilities Clause: Evasion abilities are banned
|rule|Sleep Moves Clause: Sleep-inducing moves are banned
|clearpoke
|poke|p1|Ogerpon-Wellspring, F|
|poke|p1|Alomomola, M|
|poke|p1|Slowking-Galar, F|
|poke|p1|Ting-Lu|
|poke|p1|Gholdengo|
|poke|p1|Weezing-Galar, M|
|poke|p2|Comfey, M|
|poke|p2|Whimsicott, F|
|poke|p2|Iron Moth|
|poke|p2|Walking Wake|
|poke|p2|Great Tusk|
|poke|p2|Ninetales, F|
|teampreview
|inactive|Battle timer is ON: inactive players will automatically lose when time's up. (requested by lordweirdo17)
|
|t:|1779858423
|teamsize|p1|6
|teamsize|p2|6
|start
|switch|p1a: Ogerpon|Ogerpon-Wellspring, F|100/100
|switch|p2a: Walking Wake|Walking Wake|100/100
|turn|1
|
|t:|1779858434
|switch|p1a: Slowking|Slowking-Galar, F|100/100
|move|p2a: Walking Wake|Draco Meteor|p1a: Slowking
|-damage|p1a: Slowking|65/100
|-unboost|p2a: Walking Wake|spa|2
|
|upkeep
|turn|2
|
|t:|1779858441
|switch|p1a: Ogerpon|Ogerpon-Wellspring, F|100/100
|move|p2a: Walking Wake|Knock Off|p1a: Ogerpon
|-damage|p1a: Ogerpon|86/100
|
|upkeep
|turn|3
|
|t:|1779858452
|-end|p2a: Walking Wake|Protosynthesis|[silent]
|switch|p2a: Whimsicott|Whimsicott, F|100/100
|move|p1a: Ogerpon|Horn Leech|p2a: Whimsicott
|-resisted|p2a: Whimsicott
|-damage|p2a: Whimsicott|72/100
|-heal|p1a: Ogerpon|100/100|[from] drain|[of] p2a: Whimsicott
|
|upkeep
|turn|4
|
|t:|1779858459
|switch|p1a: Gholdengo|Gholdengo|100/100
|switch|p2a: Ninetales|Ninetales, F|100/100
|-weather|SunnyDay|[from] ability: Drought|[of] p2a: Ninetales
|
|-weather|SunnyDay|[upkeep]
|upkeep
|turn|5
|
|t:|1779858468
|switch|p1a: Slowking|Slowking-Galar, F|98/100
|move|p2a: Ninetales|Weather Ball|p1a: Slowking
|-damage|p1a: Slowking|71/100
|
|-weather|SunnyDay|[upkeep]
|upkeep
|turn|6
|
|t:|1779858475
|move|p2a: Ninetales|Will-O-Wisp|p1a: Slowking|[miss]
|-miss|p2a: Ninetales|p1a: Slowking
|-prepare|p1a: Slowking|Chilly Reception|[premajor]
|move|p1a: Slowking|Chilly Reception|p1a: Slowking
|-weather|Snowscape
|
|t:|1779858478
|switch|p1a: Ogerpon|Ogerpon-Wellspring, F|100/100|[from] Chilly Reception
|
|-weather|Snowscape|[upkeep]
|upkeep
|turn|7
|
|t:|1779858485
|-terastallize|p2a: Ninetales|Ghost
|move|p1a: Ogerpon|Ivy Cudgel|p2a: Ninetales|[anim] Ivy Cudgel Water
|-damage|p2a: Ninetales|32/100
|move|p2a: Ninetales|Will-O-Wisp|p1a: Ogerpon
|-status|p1a: Ogerpon|brn
|
|-weather|Snowscape|[upkeep]
|-damage|p1a: Ogerpon|95/100 brn|[from] brn
|upkeep
|turn|8
|
|t:|1779858498
|switch|p2a: Whimsicott|Whimsicott, F|72/100
|move|p1a: Ogerpon|Ivy Cudgel|p2a: Whimsicott|[anim] Ivy Cudgel Water
|-resisted|p2a: Whimsicott
|-damage|p2a: Whimsicott|54/100
|
|-weather|Snowscape|[upkeep]
|-damage|p1a: Ogerpon|89/100 brn|[from] brn
|upkeep
|turn|9
|
|t:|1779858509
|switch|p1a: Gholdengo|Gholdengo|100/100
|move|p2a: Whimsicott|Shadow Ball|p1a: Gholdengo
|-supereffective|p1a: Gholdengo
|-damage|p1a: Gholdengo|34/100
|-damage|p2a: Whimsicott|44/100|[from] item: Life Orb
|
|-weather|Snowscape|[upkeep]
|upkeep
|turn|10
|
|t:|1779858521
|switch|p2a: Walking Wake|Walking Wake|100/100
|move|p1a: Gholdengo|Make It Rain|p2a: Walking Wake
|-resisted|p2a: Walking Wake
|-damage|p2a: Walking Wake|79/100
|-unboost|p1a: Gholdengo|spa|1
|
|-weather|none
|upkeep
|turn|11
|
|t:|1779858530
|switch|p1a: Slowking|Slowking-Galar, F|100/100
|-end|p2a: Walking Wake|Protosynthesis|[silent]
|switch|p2a: Ninetales|Ninetales, F, tera:Ghost|32/100
|-weather|SunnyDay|[from] ability: Drought|[of] p2a: Ninetales
|
|-weather|SunnyDay|[upkeep]
|upkeep
|turn|12
|
|t:|1779858538
|move|p2a: Ninetales|Will-O-Wisp|p1a: Slowking|[miss]
|-miss|p2a: Ninetales|p1a: Slowking
|-prepare|p1a: Slowking|Chilly Reception|[premajor]
|move|p1a: Slowking|Chilly Reception|p1a: Slowking
|-weather|Snowscape
|
|t:|1779858540
|switch|p1a: Ogerpon|Ogerpon-Wellspring, F|89/100 brn|[from] Chilly Reception
|
|-weather|Snowscape|[upkeep]
|-damage|p1a: Ogerpon|83/100 brn|[from] brn
|upkeep
|turn|13
|
|t:|1779858549
|switch|p2a: Walking Wake|Walking Wake|79/100
|move|p1a: Ogerpon|Ivy Cudgel|p2a: Walking Wake|[anim] Ivy Cudgel Water
|-resisted|p2a: Walking Wake
|-damage|p2a: Walking Wake|72/100
|
|-weather|Snowscape|[upkeep]
|-damage|p1a: Ogerpon|77/100 brn|[from] brn
|upkeep
|turn|14
|
|t:|1779858558
|switch|p1a: Weezing|Weezing-Galar, M|100/100
|-ability|p1a: Weezing|Neutralizing Gas
|move|p2a: Walking Wake|Hydro Steam|p1a: Weezing
|-damage|p1a: Weezing|45/100
|
|-weather|Snowscape|[upkeep]
|-heal|p1a: Weezing|51/100|[from] item: Leftovers
|upkeep
|turn|15
|
|t:|1779858567
|-end|p1a: Weezing|ability: Neutralizing Gas
|switch|p1a: Slowking|Slowking-Galar, F|100/100
|move|p2a: Walking Wake|Draco Meteor|p1a: Slowking
|-damage|p1a: Slowking|64/100
|-unboost|p2a: Walking Wake|spa|2
|
|-weather|Snowscape|[upkeep]
|upkeep
|turn|16
|
|t:|1779858580
|switch|p1a: Weezing|Weezing-Galar, M|51/100
|-ability|p1a: Weezing|Neutralizing Gas
|move|p2a: Walking Wake|Knock Off|p1a: Weezing
|-resisted|p1a: Weezing
|-damage|p1a: Weezing|46/100
|-enditem|p1a: Weezing|Leftovers|[from] move: Knock Off|[of] p2a: Walking Wake
|
|-weather|none
|upkeep
|turn|17
|
|t:|1779858589
|move|p2a: Walking Wake|Flip Turn|p1a: Weezing
|-damage|p1a: Weezing|35/100
|
|t:|1779858593
|-end|p2a: Walking Wake|Protosynthesis|[silent]
|switch|p2a: Ninetales|Ninetales, F, tera:Ghost|32/100|[from] Flip Turn
|move|p1a: Weezing|Strange Steam|p2a: Ninetales
|-damage|p2a: Ninetales|3/100
|
|upkeep
|turn|18
|
|t:|1779858602
|-end|p1a: Weezing|ability: Neutralizing Gas
|-weather|SunnyDay|[from] ability: Drought|[of] p2a: Ninetales
|switch|p1a: Slowking|Slowking-Galar, F|97/100
|move|p2a: Ninetales|Healing Wish|p2a: Ninetales
|faint|p2a: Ninetales
|
|-weather|SunnyDay|[upkeep]
|upkeep
|
|t:|1779858622
|switch|p2a: Iron Moth|Iron Moth|100/100
|-enditem|p2a: Iron Moth|Booster Energy
|-activate|p2a: Iron Moth|ability: Quark Drive|[fromitem]
|-start|p2a: Iron Moth|quarkdrivespe
|turn|19
|
|t:|1779858631
|-terastallize|p1a: Slowking|Water
|move|p2a: Iron Moth|Fiery Dance|p1a: Slowking
|-resisted|p1a: Slowking
|-damage|p1a: Slowking|78/100
|-boost|p2a: Iron Moth|spa|1
|-prepare|p1a: Slowking|Chilly Reception|[premajor]
|move|p1a: Slowking|Chilly Reception|p1a: Slowking
|-weather|Snowscape
|
|t:|1779858636
|switch|p1a: Ting-Lu|Ting-Lu|100/100|[from] Chilly Reception
|-ability|p1a: Ting-Lu|Vessel of Ruin
|
|-weather|Snowscape|[upkeep]
|upkeep
|turn|20
|
|t:|1779858656
|move|p2a: Iron Moth|Solar Beam||[still]
|-prepare|p2a: Iron Moth|Solar Beam
|move|p1a: Ting-Lu|Earthquake|p2a: Iron Moth
|-supereffective|p2a: Iron Moth
|-damage|p2a: Iron Moth|0 fnt
|faint|p2a: Iron Moth
|-end|p2a: Iron Moth|Quark Drive|[silent]
|
|-weather|Snowscape|[upkeep]
|upkeep
|-message|lordweirdo17 forfeited.
|
|win|tony4939312
|raw|tony4939312's rating: 1322 &rarr; <strong>1339</strong><br />(+17 for winning)
|raw|lordweirdo17's rating: 1276 &rarr; <strong>1254</strong><br />(-22 for losing)
|l|☆lordweirdo17
|player|p2|
|l|☆tony4939312
|player|p1|
