|j|☆diegosimeoneps
|j|☆Chinatownz
|t:|1779876568
|gametype|singles
|player|p1|diegosimeoneps|102|1371
|player|p2|Chinatownz|fisherman-gen4|1301
|gen|9
|tier|[Gen 9] OU
|rated|
|rule|HP Percentage Mod: HP is shown in percentages
|rule|Endless Battle Clause: Forcing endless battles is banned
|rule|Species Clause: Limit one of each Pokémon
|rule|OHKO Clause: OHKO moves are banned
|rule|Evasion Items Clause: Evasion items are banned
|rule|Evasion Moves Clause: Evasion moves are banned
|rule|Evasion Abilities Clause: Evasion abilities are banned
|rule|Sleep Moves Clause: Sleep-inducing moves are banned
|clearpoke
|poke|p1|Kyurem|
|poke|p1|Hatterene, F|
|poke|p1|Great Tusk|
|poke|p1|Ceruledge, M|
|poke|p1|Kingambit, F|
|poke|p1|Tornadus-Therian, M|
|poke|p2|Pelipper, M|
|poke|p2|Landorus-Therian, M|
|poke|p2|Barraskewda, F|
|poke|p2|Iron Treads|
|poke|p2|Regieleki|
|poke|p2|Glastrier|
|teampreview
|inactive|Battle timer is ON: inactive players will automatically lose when time's up. (requested by Chinatownz)
|
|t:|1779876587
|teamsize|p1|6
|teamsize|p2|6
|start
|switch|p1a: Kyurem|Kyurem|100/100
|switch|p2a: Pelipper|Pelipper, M|100/100
|-ability|p1a: Kyurem|Pressure
|-weather|RainDance|[from] ability: Drizzle|[of] p2a: Pelipper
|turn|1
|
|t:|1779876595
|switch|p2a: Glastrier|Glastrier|100/100
|move|p1a: Kyurem|Substitute|p1a: Kyurem
|-start|p1a: Kyurem|Substitute
|-damage|p1a: Kyurem|76/100
|
|-weather|RainDance|[upkeep]
|-heal|p1a: Kyurem|82/100|[from] item: Leftovers
|upkeep
|turn|2
|
|t:|1779876607
|move|p1a: Kyurem|Earth Power|p2a: Glastrier
|-crit|p2a: Glastrier
|-damage|p2a: Glastrier|77/100
|move|p2a: Glastrier|Double Kick|p1a: Kyurem
|-supereffective|p1a: Kyurem
|-activate|p1a: Kyurem|move: Substitute|[damage]
|-supereffective|p1a: Kyurem
|-end|p1a: Kyurem|Substitute
|-hitcount|p1a: Kyurem|2
|
|-weather|RainDance|[upkeep]
|-heal|p1a: Kyurem|88/100|[from] item: Leftovers
|upkeep
|turn|3
|
|t:|1779876623
|move|p1a: Kyurem|Protect|p1a: Kyurem
|-singleturn|p1a: Kyurem|Protect
|move|p2a: Glastrier|Crunch|p1a: Kyurem
|-activate|p1a: Kyurem|move: Protect
|
|-weather|RainDance|[upkeep]
|-heal|p1a: Kyurem|94/100|[from] item: Leftovers
|upkeep
|turn|4
|
|t:|1779876631
|switch|p1a: Hatterene|Hatterene, F|100/100
|move|p2a: Glastrier|Double Kick|p1a: Hatterene
|-resisted|p1a: Hatterene
|-damage|p1a: Hatterene|98/100
|-resisted|p1a: Hatterene
|-damage|p1a: Hatterene|96/100
|-hitcount|p1a: Hatterene|2
|
|-weather|RainDance|[upkeep]
|upkeep
|turn|5
|
|t:|1779876640
|switch|p2a: Regieleki|Regieleki, shiny|100/100
|move|p1a: Hatterene|Psychic Noise|p2a: Regieleki
|-damage|p2a: Regieleki|20/100
|-start|p2a: Regieleki|move: Heal Block
|
|-weather|RainDance|[upkeep]
|upkeep
|turn|6
|
|t:|1779876649
|switch|p1a: Great Tusk|Great Tusk|100/100
|move|p2a: Regieleki|Explosion|p1a: Great Tusk
|-damage|p1a: Great Tusk|63/100
|faint|p2a: Regieleki
|
|-weather|RainDance|[upkeep]
|upkeep
|
|t:|1779876651
|switch|p2a: Barraskewda|Barraskewda, F|100/100
|turn|7
|
|t:|1779876663
|-end|p1a: Great Tusk|Protosynthesis|[silent]
|switch|p1a: Kyurem|Kyurem|94/100
|-ability|p1a: Kyurem|Pressure
|-terastallize|p2a: Barraskewda|Water
|move|p2a: Barraskewda|Liquidation|p1a: Kyurem
|-resisted|p1a: Kyurem
|-damage|p1a: Kyurem|30/100
|
|-weather|RainDance|[upkeep]
|-heal|p1a: Kyurem|36/100|[from] item: Leftovers
|upkeep
|turn|8
|
|t:|1779876672
|move|p1a: Kyurem|Protect|p1a: Kyurem
|-singleturn|p1a: Kyurem|Protect
|move|p2a: Barraskewda|Liquidation|p1a: Kyurem
|-activate|p1a: Kyurem|move: Protect
|
|-weather|none
|-heal|p1a: Kyurem|42/100|[from] item: Leftovers
|upkeep
|turn|9
|
|t:|1779876690
|switch|p2a: Glastrier|Glastrier|77/100
|switch|p1a: Tornadus|Tornadus-Therian, M|100/100
|
|upkeep
|turn|10
|
|t:|1779876696
|move|p1a: Tornadus|Knock Off|p2a: Glastrier
|-damage|p2a: Glastrier|63/100
|-enditem|p2a: Glastrier|Assault Vest|[from] move: Knock Off|[of] p1a: Tornadus
|move|p2a: Glastrier|Avalanche|p1a: Tornadus
|-supereffective|p1a: Tornadus
|-damage|p1a: Tornadus|0 fnt
|faint|p1a: Tornadus
|-ability|p2a: Glastrier|Chilling Neigh|boost
|-boost|p2a: Glastrier|atk|1
|
|upkeep
|
|t:|1779876701
|switch|p1a: Kingambit|Kingambit, F|100/100
|-activate|p1a: Kingambit|ability: Supreme Overlord
|-start|p1a: Kingambit|fallen1|[silent]
|-item|p1a: Kingambit|Air Balloon
|turn|11
|
|t:|1779876704
|move|p1a: Kingambit|Iron Head|p2a: Glastrier
|-supereffective|p2a: Glastrier
|-damage|p2a: Glastrier|0 fnt
|faint|p2a: Glastrier
|
|upkeep
|
|t:|1779876708
|switch|p2a: Barraskewda|Barraskewda, F, tera:Water|100/100
|turn|12
|
|t:|1779876718
|move|p1a: Kingambit|Sucker Punch|p2a: Barraskewda
|-damage|p2a: Barraskewda|12/100
|move|p2a: Barraskewda|Flip Turn|p1a: Kingambit
|-damage|p1a: Kingambit|50/100
|-enditem|p1a: Kingambit|Air Balloon
|
|t:|1779876721
|switch|p2a: Landorus|Landorus-Therian, M|100/100|[from] Flip Turn
|-ability|p2a: Landorus|Intimidate|boost
|-unboost|p1a: Kingambit|atk|1
|
|upkeep
|turn|13
|
|t:|1779876727
|-end|p1a: Kingambit|fallen1|[silent]
|switch|p1a: Hatterene|Hatterene, F|96/100
|move|p2a: Landorus|U-turn|p1a: Hatterene
|-damage|p1a: Hatterene|79/100
|
|t:|1779876729
|switch|p2a: Pelipper|Pelipper, M|100/100|[from] U-turn
|-weather|RainDance|[from] ability: Drizzle|[of] p2a: Pelipper
|
|-weather|RainDance|[upkeep]
|upkeep
|turn|14
|
|t:|1779876733
|move|p2a: Pelipper|U-turn|p1a: Hatterene
|-damage|p1a: Hatterene|72/100
|
|t:|1779876735
|switch|p2a: Iron Treads|Iron Treads|100/100|[from] U-turn
|-enditem|p2a: Iron Treads|Booster Energy
|-activate|p2a: Iron Treads|ability: Quark Drive|[fromitem]
|-start|p2a: Iron Treads|quarkdrivespe
|move|p1a: Hatterene|Psychic Noise|p2a: Iron Treads
|-resisted|p2a: Iron Treads
|-damage|p2a: Iron Treads|81/100
|-start|p2a: Iron Treads|move: Heal Block
|
|-weather|RainDance|[upkeep]
|upkeep
|turn|15
|
|t:|1779876744
|switch|p1a: Great Tusk|Great Tusk|63/100
|move|p2a: Iron Treads|Earthquake|p1a: Great Tusk
|-damage|p1a: Great Tusk|37/100
|
|-weather|RainDance|[upkeep]
|-end|p2a: Iron Treads|move: Heal Block
|upkeep
|turn|16
|
|t:|1779876752
|move|p2a: Iron Treads|Stealth Rock|p1a: Great Tusk
|-sidestart|p1: diegosimeoneps|move: Stealth Rock
|move|p1a: Great Tusk|Headlong Rush|p2a: Iron Treads
|-supereffective|p2a: Iron Treads
|-damage|p2a: Iron Treads|0 fnt
|-unboost|p1a: Great Tusk|def|1
|-unboost|p1a: Great Tusk|spd|1
|faint|p2a: Iron Treads
|-end|p2a: Iron Treads|Quark Drive|[silent]
|
|-weather|RainDance|[upkeep]
|upkeep
|
|t:|1779876755
|switch|p2a: Barraskewda|Barraskewda, F, tera:Water|12/100
|turn|17
|
|t:|1779876766
|-end|p1a: Great Tusk|Protosynthesis|[silent]
|switch|p1a: Ceruledge|Ceruledge, M|100/100
|-damage|p1a: Ceruledge|76/100|[from] Stealth Rock
|move|p2a: Barraskewda|Liquidation|p1a: Ceruledge
|-supereffective|p1a: Ceruledge
|-damage|p1a: Ceruledge|0 fnt
|faint|p1a: Ceruledge
|
|-weather|RainDance|[upkeep]
|upkeep
|
|t:|1779876771
|switch|p1a: Kingambit|Kingambit, F|50/100
|-damage|p1a: Kingambit|44/100|[from] Stealth Rock
|-activate|p1a: Kingambit|ability: Supreme Overlord
|-start|p1a: Kingambit|fallen2|[silent]
|turn|18
|
|t:|1779876776
|switch|p2a: Landorus|Landorus-Therian, M|100/100
|-ability|p2a: Landorus|Intimidate|boost
|-unboost|p1a: Kingambit|atk|1
|move|p1a: Kingambit|Kowtow Cleave|p2a: Landorus
|-damage|p2a: Landorus|54/100
|
|-weather|RainDance|[upkeep]
|upkeep
|turn|19
|
|t:|1779876783
|-end|p1a: Kingambit|fallen2|[silent]
|switch|p1a: Hatterene|Hatterene, F|72/100
|-damage|p1a: Hatterene|60/100|[from] Stealth Rock
|move|p2a: Landorus|Earth Power|p1a: Hatterene
|-damage|p1a: Hatterene|0 fnt
|faint|p1a: Hatterene
|
|-weather|RainDance|[upkeep]
|upkeep
|
|t:|1779876792
|switch|p1a: Kyurem|Kyurem|42/100
|-damage|p1a: Kyurem|17/100|[from] Stealth Rock
|-ability|p1a: Kyurem|Pressure
|turn|20
|
|t:|1779876798
|move|p1a: Kyurem|Protect|p1a: Kyurem
|-singleturn|p1a: Kyurem|Protect
|move|p2a: Landorus|Earth Power|p1a: Kyurem
|-activate|p1a: Kyurem|move: Protect
|
|-weather|none
|-heal|p1a: Kyurem|23/100|[from] item: Leftovers
|upkeep
|turn|21
|
|t:|1779876801
|move|p1a: Kyurem|Freeze-Dry|p2a: Landorus
|-supereffective|p2a: Landorus
|-damage|p2a: Landorus|0 fnt
|faint|p2a: Landorus
|
|-heal|p1a: Kyurem|30/100|[from] item: Leftovers
|upkeep
|
|t:|1779876803
|switch|p2a: Barraskewda|Barraskewda, F, tera:Water|12/100
|turn|22
|
|t:|1779876805
|move|p1a: Kyurem|Protect|p1a: Kyurem
|-singleturn|p1a: Kyurem|Protect
|move|p2a: Barraskewda|Flip Turn|p1a: Kyurem
|-activate|p1a: Kyurem|move: Protect
|
|-heal|p1a: Kyurem|36/100|[from] item: Leftovers
|upkeep
|turn|23
|inactive|diegosimeoneps has 120 seconds left.
|
|t:|1779876849
|move|p2a: Barraskewda|Flip Turn|p1a: Kyurem
|-resisted|p1a: Kyurem
|-damage|p1a: Kyurem|3/100
|
|t:|1779876852
|switch|p2a: Pelipper|Pelipper, M|100/100|[from] Flip Turn
|-weather|RainDance|[from] ability: Drizzle|[of] p2a: Pelipper
|move|p1a: Kyurem|Freeze-Dry|p2a: Pelipper
|-supereffective|p2a: Pelipper
|-damage|p2a: Pelipper|0 fnt
|faint|p2a: Pelipper
|
|-weather|RainDance|[upkeep]
|-heal|p1a: Kyurem|9/100|[from] item: Leftovers
|upkeep
|-message|Chinatownz forfeited.
|
|win|diegosimeoneps
|raw|diegosimeoneps's rating: 1371 &rarr; <strong>1387</strong><br />(+16 for winning)
|raw|Chinatownz's rating: 1301 &rarr; <strong>1285</strong><br />(-16 for losing)
|l|☆Chinatownz
|player|p2|
