|j|☆key2saucyy
|j|☆chopinthe3rd
|t:|1779846945
|gametype|singles
|player|p1|key2saucyy|psychic|1172
|player|p2|chopinthe3rd|marshal|1141
|gen|9
|tier|[Gen 9] OU
|rated|
|rule|HP Percentage Mod: HP is shown in percentages
|rule|Endless Battle Clause: Forcing endless battles is banned
|rule|Species Clause: Limit one of each Pokémon
|rule|OHKO Clause: OHKO moves are banned
|rule|Evasion Items Clause: Evasion items are banned
|rule|Evasion Moves Clause: Evasion moves are banned
|rule|Evasion Abilities Clause: Evasion abilities are banned
|rule|Sleep Moves Clause: Sleep-inducing moves are banned
|clearpoke
|poke|p1|Bisharp, M|
|poke|p1|Deoxys-Speed|
|poke|p1|Gliscor, M|
|poke|p1|Hydrapple, M|
|poke|p1|Dachsbun, M|
|poke|p1|Tentacruel, M|
|poke|p2|Zangoose, M|
|poke|p2|Wyrdeer, M|
|poke|p2|Crabominable, M|
|poke|p2|Quaquaval, F|
|poke|p2|Golurk|
|poke|p2|Blaziken, F|
|teampreview
|inactive|Battle timer is ON: inactive players will automatically lose when time's up. (requested by key2saucyy)
|
|t:|1779846950
|teamsize|p1|6
|teamsize|p2|6
|start
|switch|p1a: Deoxys|Deoxys-Speed, shiny|100/100
|switch|p2a: Quaquaval|Quaquaval, F|100/100
|-ability|p1a: Deoxys|Pressure
|turn|1
|
|t:|1779846960
|-terastallize|p2a: Quaquaval|Water
|move|p1a: Deoxys|Psychic|p2a: Quaquaval
|-damage|p2a: Quaquaval|32/100
|-damage|p1a: Deoxys|91/100|[from] item: Life Orb
|move|p2a: Quaquaval|Aqua Step|p1a: Deoxys
|-damage|p1a: Deoxys|2/100
|-boost|p2a: Quaquaval|spe|1
|
|upkeep
|turn|2
|c|☆chopinthe3rd|Damn
|c|☆chopinthe3rd|Wrong choice
|
|t:|1779846987
|switch|p1a: Hydrapple|Hydrapple, M, shiny|100/100
|move|p2a: Quaquaval|Wave Crash|p1a: Hydrapple
|-resisted|p1a: Hydrapple
|-damage|p1a: Hydrapple|84/100
|-damage|p2a: Quaquaval|24/100|[from] Recoil
|
|upkeep
|turn|3
|
|t:|1779846997
|move|p2a: Quaquaval|Knock Off|p1a: Hydrapple
|-damage|p1a: Hydrapple|59/100
|-enditem|p1a: Hydrapple|Assault Vest|[from] move: Knock Off|[of] p2a: Quaquaval
|move|p1a: Hydrapple|Earth Power|p2a: Quaquaval
|-damage|p2a: Quaquaval|0 fnt
|faint|p2a: Quaquaval
|
|upkeep
|
|t:|1779847007
|switch|p2a: Crabominable|Crabominable, M|100/100
|turn|4
|
|t:|1779847025
|switch|p1a: Tentacruel|Tentacruel, M, shiny|100/100
|move|p2a: Crabominable|Ice Hammer|p1a: Tentacruel
|-resisted|p1a: Tentacruel
|-damage|p1a: Tentacruel|51/100
|-unboost|p2a: Crabominable|spe|1
|
|-heal|p1a: Tentacruel|57/100|[from] item: Black Sludge
|upkeep
|turn|5
|
|t:|1779847039
|move|p1a: Tentacruel|Toxic|p2a: Crabominable
|-status|p2a: Crabominable|tox
|move|p2a: Crabominable|Knock Off|p1a: Tentacruel
|-crit|p1a: Tentacruel
|-damage|p1a: Tentacruel|0 fnt
|-enditem|p1a: Tentacruel|Black Sludge|[from] move: Knock Off|[of] p2a: Crabominable
|faint|p1a: Tentacruel
|
|-damage|p2a: Crabominable|94/100 tox|[from] psn
|upkeep
|
|t:|1779847043
|switch|p1a: Bisharp|Bisharp, M, shiny|100/100
|turn|6
|
|t:|1779847052
|move|p1a: Bisharp|Iron Head|p2a: Crabominable
|-supereffective|p2a: Crabominable
|-damage|p2a: Crabominable|2/100 tox
|cant|p2a: Crabominable|flinch
|
|-damage|p2a: Crabominable|0 fnt|[from] psn
|faint|p2a: Crabominable
|upkeep
|
|t:|1779847061
|switch|p2a: Blaziken|Blaziken, F|100/100
|turn|7
|
|t:|1779847078
|switch|p1a: Dachsbun|Dachsbun, M, shiny|100/100
|move|p2a: Blaziken|Close Combat|p1a: Dachsbun
|-resisted|p1a: Dachsbun
|-damage|p1a: Dachsbun|70/100
|-unboost|p2a: Blaziken|def|1
|-unboost|p2a: Blaziken|spd|1
|
|-heal|p1a: Dachsbun|76/100|[from] item: Leftovers
|-ability|p2a: Blaziken|Speed Boost|boost
|-boost|p2a: Blaziken|spe|1
|upkeep
|turn|8
|
|t:|1779847096
|switch|p2a: Zangoose|Zangoose, M|100/100
|move|p1a: Dachsbun|Play Rough|p2a: Zangoose
|-damage|p2a: Zangoose|58/100
|
|-heal|p1a: Dachsbun|82/100|[from] item: Leftovers
|-status|p2a: Zangoose|tox|[from] item: Toxic Orb
|upkeep
|turn|9
|
|t:|1779847112
|switch|p1a: Bisharp|Bisharp, M, shiny|100/100
|move|p2a: Zangoose|Facade|p1a: Bisharp
|-resisted|p1a: Bisharp
|-damage|p1a: Bisharp|37/100
|
|-damage|p2a: Zangoose|52/100 tox|[from] psn
|upkeep
|turn|10
|
|t:|1779847124
|move|p1a: Bisharp|Sucker Punch|p2a: Zangoose
|-damage|p2a: Zangoose|0 fnt
|faint|p2a: Zangoose
|
|upkeep
|
|t:|1779847129
|switch|p2a: Blaziken|Blaziken, F|100/100
|turn|11
|
|t:|1779847134
|switch|p1a: Dachsbun|Dachsbun, M, shiny|82/100
|move|p2a: Blaziken|Flare Blitz|p1a: Dachsbun
|-ability|p1a: Dachsbun|Well-Baked Body|boost
|-boost|p1a: Dachsbun|def|2
|
|-heal|p1a: Dachsbun|88/100|[from] item: Leftovers
|-ability|p2a: Blaziken|Speed Boost|boost
|-boost|p2a: Blaziken|spe|1
|upkeep
|turn|12
|c|☆chopinthe3rd|Such a good mon
|
|t:|1779847154
|switch|p2a: Wyrdeer|Wyrdeer, M|100/100
|-ability|p2a: Wyrdeer|Intimidate|boost
|-unboost|p1a: Dachsbun|atk|1
|move|p1a: Dachsbun|Wish|p1a: Dachsbun
|
|-heal|p1a: Dachsbun|94/100|[from] item: Leftovers
|upkeep
|turn|13
|
|t:|1779847164
|move|p1a: Dachsbun|Body Press|p2a: Wyrdeer
|-damage|p2a: Wyrdeer|55/100
|move|p2a: Wyrdeer|Psychic|p1a: Dachsbun
|-damage|p1a: Dachsbun|42/100
|
|-heal|p1a: Dachsbun|92/100|[from] move: Wish|[wisher] Dachsbun
|-heal|p1a: Dachsbun|98/100|[from] item: Leftovers
|upkeep
|turn|14
|
|t:|1779847179
|move|p1a: Dachsbun|Body Press|p2a: Wyrdeer
|-damage|p2a: Wyrdeer|5/100
|move|p2a: Wyrdeer|Psychic|p1a: Dachsbun
|-damage|p1a: Dachsbun|45/100
|
|-heal|p1a: Dachsbun|50/100|[from] item: Leftovers
|upkeep
|turn|15
|
|t:|1779847200
|move|p1a: Dachsbun|Body Press|p2a: Wyrdeer
|-damage|p2a: Wyrdeer|0 fnt
|faint|p2a: Wyrdeer
|
|-heal|p1a: Dachsbun|56/100|[from] item: Leftovers
|upkeep
|
|t:|1779847208
|switch|p2a: Golurk|Golurk|100/100
|turn|16
|
|t:|1779847223
|move|p1a: Dachsbun|Wish|p1a: Dachsbun
|move|p2a: Golurk|Earthquake|p1a: Dachsbun
|-damage|p1a: Dachsbun|30/100
|
|-heal|p1a: Dachsbun|36/100|[from] item: Leftovers
|upkeep
|turn|17
|
|t:|1779847230
|move|p1a: Dachsbun|Play Rough|p2a: Golurk
|-damage|p2a: Golurk|82/100
|move|p2a: Golurk|Dynamic Punch|p1a: Dachsbun
|-resisted|p1a: Dachsbun
|-damage|p1a: Dachsbun|27/100
|-start|p1a: Dachsbun|confusion
|
|-heal|p1a: Dachsbun|77/100|[from] move: Wish|[wisher] Dachsbun
|-heal|p1a: Dachsbun|83/100|[from] item: Leftovers
|upkeep
|turn|18
|
|t:|1779847244
|move|p2a: Golurk|Earthquake|p1a: Dachsbun
|-damage|p1a: Dachsbun|53/100
|-activate|p1a: Dachsbun|confusion
|move|p1a: Dachsbun|Roar|p2a: Golurk
|drag|p2a: Blaziken|Blaziken, F|100/100
|
|-heal|p1a: Dachsbun|59/100|[from] item: Leftovers
|upkeep
|turn|19
|
|t:|1779847253
|move|p2a: Blaziken|Knock Off|p1a: Dachsbun
|-resisted|p1a: Dachsbun
|-damage|p1a: Dachsbun|51/100
|-enditem|p1a: Dachsbun|Leftovers|[from] move: Knock Off|[of] p2a: Blaziken
|-activate|p1a: Dachsbun|confusion
|move|p1a: Dachsbun|Body Press|p2a: Blaziken
|-damage|p2a: Blaziken|27/100
|
|-ability|p2a: Blaziken|Speed Boost|boost
|-boost|p2a: Blaziken|spe|1
|upkeep
|turn|20
|
|t:|1779847264
|move|p2a: Blaziken|Close Combat|p1a: Dachsbun
|-resisted|p1a: Dachsbun
|-damage|p1a: Dachsbun|36/100
|-unboost|p2a: Blaziken|def|1
|-unboost|p2a: Blaziken|spd|1
|-end|p1a: Dachsbun|confusion
|move|p1a: Dachsbun|Wish|p1a: Dachsbun
|
|-ability|p2a: Blaziken|Speed Boost|boost
|-boost|p2a: Blaziken|spe|1
|upkeep
|turn|21
|
|t:|1779847275
|move|p2a: Blaziken|Close Combat|p1a: Dachsbun
|-resisted|p1a: Dachsbun
|-damage|p1a: Dachsbun|22/100
|-unboost|p2a: Blaziken|def|1
|-unboost|p2a: Blaziken|spd|1
|move|p1a: Dachsbun|Body Press|p2a: Blaziken
|-damage|p2a: Blaziken|0 fnt
|faint|p2a: Blaziken
|
|-heal|p1a: Dachsbun|72/100|[from] move: Wish|[wisher] Dachsbun
|upkeep
|
|t:|1779847287
|switch|p2a: Golurk|Golurk|82/100
|turn|22
|
|t:|1779847307
|move|p1a: Dachsbun|Play Rough|p2a: Golurk
|-damage|p2a: Golurk|64/100
|move|p2a: Golurk|Poltergeist||[still]
|-fail|p2a: Golurk
|
|upkeep
|turn|23
|
|t:|1779847318
|move|p1a: Dachsbun|Wish|p1a: Dachsbun
|move|p2a: Golurk|Earthquake|p1a: Dachsbun
|-damage|p1a: Dachsbun|44/100
|
|upkeep
|turn|24
|
|t:|1779847327
|move|p1a: Dachsbun|Play Rough|p2a: Golurk
|-damage|p2a: Golurk|45/100
|move|p2a: Golurk|Earthquake|p1a: Dachsbun
|-damage|p1a: Dachsbun|15/100
|
|-heal|p1a: Dachsbun|65/100|[from] move: Wish|[wisher] Dachsbun
|upkeep
|turn|25
|
|t:|1779847336
|move|p1a: Dachsbun|Wish|p1a: Dachsbun
|move|p2a: Golurk|Earthquake|p1a: Dachsbun
|-damage|p1a: Dachsbun|38/100
|
|upkeep
|turn|26
|
|t:|1779847342
|move|p1a: Dachsbun|Play Rough|p2a: Golurk
|-damage|p2a: Golurk|25/100
|-unboost|p2a: Golurk|atk|1
|move|p2a: Golurk|Earthquake|p1a: Dachsbun
|-crit|p1a: Dachsbun
|-damage|p1a: Dachsbun|0 fnt
|faint|p1a: Dachsbun
|
|upkeep
|
|t:|1779847355
|switch|p1a: Deoxys|Deoxys-Speed, shiny|2/100
|-ability|p1a: Deoxys|Pressure
|turn|27
|
|t:|1779847359
|move|p1a: Deoxys|Psychic|p2a: Golurk
|-damage|p2a: Golurk|0 fnt
|faint|p2a: Golurk
|-damage|p1a: Deoxys|0 fnt|[from] item: Life Orb
|faint|p1a: Deoxys
|
|win|key2saucyy
|raw|key2saucyy's rating: 1172 &rarr; <strong>1195</strong><br />(+23 for winning)
|raw|chopinthe3rd's rating: 1141 &rarr; <strong>1118</strong><br />(-23 for losing)
|c|☆chopinthe3rd|Gg
|l|☆key2saucyy
|player|p1|
|l|☆chopinthe3rd
|player|p2|
