|j|☆BeaverMan26
|j|☆claudechamp
|t:|1779802813
|gametype|singles
|player|p1|BeaverMan26|red|1174
|player|p2|claudechamp|265|1257
|gen|9
|tier|[Gen 9] OU
|rated|
|rule|HP Percentage Mod: HP is shown in percentages
|rule|Endless Battle Clause: Forcing endless battles is banned
|rule|Species Clause: Limit one of each Pokémon
|rule|OHKO Clause: OHKO moves are banned
|rule|Evasion Items Clause: Evasion items are banned
|rule|Evasion Moves Clause: Evasion moves are banned
|rule|Evasion Abilities Clause: Evasion abilities are banned
|rule|Sleep Moves Clause: Sleep-inducing moves are banned
|clearpoke
|poke|p1|Decidueye-Hisui, M|
|poke|p1|Scizor, M|
|poke|p1|Ceruledge, F|
|poke|p1|Thundurus-Therian, M|
|poke|p1|Feraligatr, M|
|poke|p1|Kingambit, M|
|poke|p2|Corviknight, M|
|poke|p2|Ting-Lu|
|poke|p2|Kyurem|
|poke|p2|Dondozo, F|
|poke|p2|Slowking-Galar, F|
|poke|p2|Cinderace, M|
|teampreview
|c|☆claudechamp|hf
|
|t:|1779802822
|teamsize|p1|6
|teamsize|p2|6
|start
|switch|p1a: Ceruledge|Ceruledge, F|100/100
|switch|p2a: Cinderace|Cinderace, M|100/100
|turn|1
|inactive|Battle timer is ON: inactive players will automatically lose when time's up. (requested by claudechamp)
|
|t:|1779802835
|move|p2a: Cinderace|Pyro Ball|p1a: Ceruledge
|-resisted|p1a: Ceruledge
|-damage|p1a: Ceruledge|71/100
|-ability|p1a: Ceruledge|Weak Armor|boost
|-unboost|p1a: Ceruledge|def|1
|-boost|p1a: Ceruledge|spe|2
|move|p1a: Ceruledge|Psycho Cut|p2a: Cinderace
|-damage|p2a: Cinderace|52/100
|
|upkeep
|turn|2
|
|t:|1779802848
|switch|p1a: Scizor|Scizor, M|100/100
|-terastallize|p2a: Cinderace|Fire
|move|p2a: Cinderace|Pyro Ball|p1a: Scizor
|-supereffective|p1a: Scizor
|-damage|p1a: Scizor|0 fnt
|faint|p1a: Scizor
|
|upkeep
|
|t:|1779802855
|switch|p1a: Feraligatr|Feraligatr, M|100/100
|turn|3
|
|t:|1779802862
|move|p2a: Cinderace|Pyro Ball|p1a: Feraligatr
|-resisted|p1a: Feraligatr
|-damage|p1a: Feraligatr|70/100
|move|p1a: Feraligatr|Liquidation|p2a: Cinderace
|-supereffective|p2a: Cinderace
|-damage|p2a: Cinderace|0 fnt
|faint|p2a: Cinderace
|
|upkeep
|
|t:|1779802871
|switch|p2a: Kyurem|Kyurem|100/100
|-ability|p2a: Kyurem|Pressure
|turn|4
|
|t:|1779802885
|move|p2a: Kyurem|Freeze-Dry|p1a: Feraligatr
|-supereffective|p1a: Feraligatr
|-damage|p1a: Feraligatr|0 fnt
|faint|p1a: Feraligatr
|
|upkeep
|
|t:|1779802892
|switch|p1a: Ceruledge|Ceruledge, F|71/100
|turn|5
|
|t:|1779802896
|move|p2a: Kyurem|Earth Power|p1a: Ceruledge
|-supereffective|p1a: Ceruledge
|-damage|p1a: Ceruledge|9/100
|move|p1a: Ceruledge|Close Combat|p2a: Kyurem
|-supereffective|p2a: Kyurem
|-damage|p2a: Kyurem|0 fnt
|-unboost|p1a: Ceruledge|def|1
|-unboost|p1a: Ceruledge|spd|1
|faint|p2a: Kyurem
|
|upkeep
|
|t:|1779802901
|switch|p2a: Slowking|Slowking-Galar, F|100/100
|turn|6
|
|t:|1779802917
|move|p1a: Ceruledge|Close Combat|p2a: Slowking
|-resisted|p2a: Slowking
|-damage|p2a: Slowking|88/100
|-unboost|p1a: Ceruledge|def|1
|-unboost|p1a: Ceruledge|spd|1
|move|p2a: Slowking|Ice Beam|p1a: Ceruledge
|-resisted|p1a: Ceruledge
|-damage|p1a: Ceruledge|0 fnt
|faint|p1a: Ceruledge
|
|upkeep
|
|t:|1779802923
|switch|p1a: Thundurus|Thundurus-Therian, M|100/100
|turn|7
|
|t:|1779802928
|move|p1a: Thundurus|Dark Pulse|p2a: Slowking
|-supereffective|p2a: Slowking
|-damage|p2a: Slowking|12/100
|move|p2a: Slowking|Ice Beam|p1a: Thundurus
|-supereffective|p1a: Thundurus
|-damage|p1a: Thundurus|42/100
|
|upkeep
|turn|8
|
|t:|1779802939
|switch|p2a: Ting-Lu|Ting-Lu|100/100
|-ability|p2a: Ting-Lu|Vessel of Ruin
|move|p1a: Thundurus|Dark Pulse|p2a: Ting-Lu
|-resisted|p2a: Ting-Lu
|-damage|p2a: Ting-Lu|91/100
|
|-heal|p2a: Ting-Lu|97/100|[from] item: Leftovers
|upkeep
|turn|9
|
|t:|1779802957
|switch|p1a: Decidueye|Decidueye-Hisui, M|100/100
|move|p2a: Ting-Lu|Payback|p1a: Decidueye
|-resisted|p1a: Decidueye
|-damage|p1a: Decidueye|88/100
|
|-heal|p2a: Ting-Lu|100/100|[from] item: Leftovers
|upkeep
|turn|10
|
|t:|1779802971
|switch|p2a: Slowking|Slowking-Galar, F|45/100
|move|p1a: Decidueye|Triple Arrows|p2a: Slowking
|-resisted|p2a: Slowking
|-damage|p2a: Slowking|37/100
|
|upkeep
|turn|11
|
|t:|1779802986
|move|p1a: Decidueye|Brave Bird|p2a: Slowking
|-damage|p2a: Slowking|10/100
|-damage|p1a: Decidueye|77/100|[from] Recoil
|move|p2a: Slowking|Sludge Bomb|p1a: Decidueye
|-supereffective|p1a: Decidueye
|-damage|p1a: Decidueye|3/100
|
|upkeep
|turn|12
|
|t:|1779802999
|switch|p2a: Dondozo|Dondozo, F|100/100
|move|p1a: Decidueye|Leaf Blade|p2a: Dondozo
|-supereffective|p2a: Dondozo
|-damage|p2a: Dondozo|46/100
|
|-heal|p2a: Dondozo|52/100|[from] item: Leftovers
|upkeep
|turn|13
|
|t:|1779803015
|switch|p2a: Slowking|Slowking-Galar, F|43/100
|move|p1a: Decidueye|Leaf Blade|p2a: Slowking
|-resisted|p2a: Slowking
|-damage|p2a: Slowking|28/100
|
|upkeep
|turn|14
|
|t:|1779803035
|move|p1a: Decidueye|Brave Bird|p2a: Slowking
|-damage|p2a: Slowking|0 fnt
|faint|p2a: Slowking
|-damage|p1a: Decidueye|0 fnt|[from] Recoil
|faint|p1a: Decidueye
|
|upkeep
|
|t:|1779803041
|switch|p1a: Kingambit|Kingambit, M|100/100
|switch|p2a: Dondozo|Dondozo, F|52/100
|-activate|p1a: Kingambit|ability: Supreme Overlord
|-start|p1a: Kingambit|fallen4|[silent]
|turn|15
|
|t:|1779803048
|move|p1a: Kingambit|Kowtow Cleave|p2a: Dondozo
|-damage|p2a: Dondozo|12/100
|move|p2a: Dondozo|Waterfall|p1a: Kingambit
|-damage|p1a: Kingambit|80/100
|
|-heal|p2a: Dondozo|18/100|[from] item: Leftovers
|upkeep
|turn|16
|
|t:|1779803056
|switch|p2a: Ting-Lu|Ting-Lu|100/100
|-ability|p2a: Ting-Lu|Vessel of Ruin
|move|p1a: Kingambit|Kowtow Cleave|p2a: Ting-Lu
|-resisted|p2a: Ting-Lu
|-damage|p2a: Ting-Lu|83/100
|
|-heal|p2a: Ting-Lu|90/100|[from] item: Leftovers
|upkeep
|turn|17
|
|t:|1779803067
|-terastallize|p1a: Kingambit|Ghost
|move|p1a: Kingambit|Brick Break|p2a: Ting-Lu
|-supereffective|p2a: Ting-Lu
|-damage|p2a: Ting-Lu|51/100
|move|p2a: Ting-Lu|Payback|p1a: Kingambit
|-supereffective|p1a: Kingambit
|-damage|p1a: Kingambit|27/100
|
|-heal|p2a: Ting-Lu|57/100|[from] item: Leftovers
|upkeep
|turn|18
|
|t:|1779803077
|move|p1a: Kingambit|Brick Break|p2a: Ting-Lu
|-supereffective|p2a: Ting-Lu
|-damage|p2a: Ting-Lu|12/100
|move|p2a: Ting-Lu|Payback|p1a: Kingambit
|-supereffective|p1a: Kingambit
|-damage|p1a: Kingambit|0 fnt
|faint|p1a: Kingambit
|-end|p1a: Kingambit|fallen4|[silent]
|
|-heal|p2a: Ting-Lu|18/100|[from] item: Leftovers
|upkeep
|
|t:|1779803079
|switch|p1a: Thundurus|Thundurus-Therian, M|42/100
|turn|19
|
|t:|1779803086
|move|p1a: Thundurus|Dark Pulse|p2a: Ting-Lu
|-resisted|p2a: Ting-Lu
|-damage|p2a: Ting-Lu|9/100
|move|p2a: Ting-Lu|Payback|p1a: Thundurus
|-crit|p1a: Thundurus
|-damage|p1a: Thundurus|0 fnt
|faint|p1a: Thundurus
|
|win|claudechamp
|raw|BeaverMan26's rating: 1174 &rarr; <strong>1157</strong><br />(-17 for losing)
|raw|claudechamp's rating: 1289 &rarr; <strong>1306</strong><br />(+17 for winning)
|c|☆claudechamp|gg
|l|☆BeaverMan26
|player|p1|
