|j|☆ryanman7
|j|☆thiccdug
|t:|1779883267
|gametype|singles
|player|p1|ryanman7|skier|1435
|player|p2|thiccdug|2|1430
|gen|9
|tier|[Gen 9] OU
|rated|
|rule|HP Percentage Mod: HP is shown in percentages
|rule|Endless Battle Clause: Forcing endless battles is banned
|rule|Species Clause: Limit one of each Pokémon
|rule|OHKO Clause: OHKO moves are banned
|rule|Evasion Items Clause: Evasion items are banned
|rule|Evasion Moves Clause: Evasion moves are banned
|rule|Evasion Abilities Clause: Evasion abilities are banned
|rule|Sleep Moves Clause: Sleep-inducing moves are banned
|clearpoke
|poke|p1|Gyarados, F|
|poke|p1|Ursaluna, F|
|poke|p1|Clefable, M|
|poke|p1|Dragapult, F|
|poke|p1|Amoonguss, F|
|poke|p1|Iron Treads|
|poke|p2|Dragonite, M|
|poke|p2|Gholdengo|
|poke|p2|Ting-Lu|
|poke|p2|Gliscor, M|
|poke|p2|Sinistcha-Masterpiece|
|poke|p2|Keldeo-Resolute|
|teampreview
|inactive|Battle timer is ON: inactive players will automatically lose when time's up. (requested by thiccdug)
|
|t:|1779883277
|teamsize|p1|6
|teamsize|p2|6
|start
|switch|p1a: Amoonguss|Amoonguss, F|100/100
|switch|p2a: Ting-Lu|Ting-Lu|100/100
|-ability|p2a: Ting-Lu|Vessel of Ruin
|turn|1
|
|t:|1779883283
|move|p2a: Ting-Lu|Stealth Rock|p1a: Amoonguss
|-sidestart|p1: ryanman7|move: Stealth Rock
|move|p1a: Amoonguss|Toxic|p2a: Ting-Lu
|-status|p2a: Ting-Lu|tox
|
|-damage|p2a: Ting-Lu|94/100 tox|[from] psn
|upkeep
|turn|2
|
|t:|1779883287
|switch|p1a: Ursaluna|Ursaluna, F|100/100
|-damage|p1a: Ursaluna|94/100|[from] Stealth Rock
|move|p2a: Ting-Lu|Spikes|p1a: Ursaluna
|-sidestart|p1: ryanman7|Spikes
|
|-heal|p2a: Ting-Lu|100/100 tox|[from] item: Leftovers
|-damage|p2a: Ting-Lu|88/100 tox|[from] psn
|-status|p1a: Ursaluna|brn|[from] item: Flame Orb
|upkeep
|turn|3
|
|t:|1779883304
|switch|p2a: Gliscor|Gliscor, M|100/100
|move|p1a: Ursaluna|Swords Dance|p1a: Ursaluna
|-boost|p1a: Ursaluna|atk|2
|
|-damage|p1a: Ursaluna|88/100 brn|[from] brn
|-status|p2a: Gliscor|tox|[from] item: Toxic Orb
|upkeep
|turn|4
|
|t:|1779883309
|move|p2a: Gliscor|Earthquake|p1a: Ursaluna
|-crit|p1a: Ursaluna
|-damage|p1a: Ursaluna|48/100 brn
|move|p1a: Ursaluna|Facade|p2a: Gliscor
|-damage|p2a: Gliscor|0 fnt
|faint|p2a: Gliscor
|
|-damage|p1a: Ursaluna|41/100 brn|[from] brn
|upkeep
|
|t:|1779883313
|switch|p2a: Keldeo|Keldeo-Resolute|100/100
|turn|5
|
|t:|1779883317
|switch|p1a: Clefable|Clefable, M|100/100
|move|p2a: Keldeo|Surf|p1a: Clefable
|-damage|p1a: Clefable|53/100
|
|upkeep
|turn|6
|
|t:|1779883337
|switch|p1a: Amoonguss|Amoonguss, F|100/100
|move|p2a: Keldeo|Flip Turn|p1a: Amoonguss
|-resisted|p1a: Amoonguss
|-damage|p1a: Amoonguss|95/100
|
|t:|1779883345
|switch|p2a: Gholdengo|Gholdengo|100/100|[from] Flip Turn
|
|upkeep
|turn|7
|
|t:|1779883358
|switch|p1a: Iron Treads|Iron Treads|100/100
|-damage|p1a: Iron Treads|97/100|[from] Stealth Rock
|-damage|p1a: Iron Treads|85/100|[from] Spikes
|move|p2a: Gholdengo|Make It Rain|p1a: Iron Treads
|-resisted|p1a: Iron Treads
|-damage|p1a: Iron Treads|43/100
|-unboost|p2a: Gholdengo|spa|1
|
|-heal|p1a: Iron Treads|49/100|[from] item: Leftovers
|upkeep
|turn|8
|
|t:|1779883366
|switch|p2a: Sinistcha|Sinistcha-Masterpiece|100/100
|move|p1a: Iron Treads|Knock Off|p2a: Sinistcha
|-supereffective|p2a: Sinistcha
|-damage|p2a: Sinistcha|62/100
|-enditem|p2a: Sinistcha|Heavy-Duty Boots|[from] move: Knock Off|[of] p1a: Iron Treads
|
|-heal|p1a: Iron Treads|55/100|[from] item: Leftovers
|upkeep
|turn|9
|
|t:|1779883376
|-end|p1a: Iron Treads|Quark Drive|[silent]
|switch|p1a: Dragapult|Dragapult, F|100/100
|-damage|p1a: Dragapult|88/100|[from] Stealth Rock
|-damage|p1a: Dragapult|76/100|[from] Spikes
|move|p2a: Sinistcha|Strength Sap|p1a: Dragapult
|-unboost|p1a: Dragapult|atk|1
|-heal|p2a: Sinistcha|100/100
|
|upkeep
|turn|10
|
|t:|1779883384
|switch|p2a: Ting-Lu|Ting-Lu|88/100 tox
|-ability|p2a: Ting-Lu|Vessel of Ruin
|move|p1a: Dragapult|U-turn|p2a: Ting-Lu
|-supereffective|p2a: Ting-Lu
|-damage|p2a: Ting-Lu|78/100 tox
|
|t:|1779883399
|switch|p1a: Clefable|Clefable, M|53/100|[from] U-turn
|
|-heal|p2a: Ting-Lu|84/100 tox|[from] item: Leftovers
|-damage|p2a: Ting-Lu|78/100 tox|[from] psn
|upkeep
|turn|11
|
|t:|1779883402
|move|p1a: Clefable|Moonlight|p1a: Clefable
|-heal|p1a: Clefable|100/100
|move|p2a: Ting-Lu|Whirlwind|p1a: Clefable
|drag|p1a: Gyarados|Gyarados, F|100/100
|-damage|p1a: Gyarados|76/100|[from] Stealth Rock
|
|-heal|p1a: Gyarados|82/100|[from] item: Leftovers
|-heal|p2a: Ting-Lu|84/100 tox|[from] item: Leftovers
|-damage|p2a: Ting-Lu|71/100 tox|[from] psn
|upkeep
|turn|12
|
|t:|1779883405
|switch|p2a: Sinistcha|Sinistcha-Masterpiece|100/100
|move|p1a: Gyarados|Waterfall|p2a: Sinistcha
|-resisted|p2a: Sinistcha
|-damage|p2a: Sinistcha|87/100
|
|-heal|p1a: Gyarados|88/100|[from] item: Leftovers
|upkeep
|turn|13
|
|t:|1779883411
|move|p1a: Gyarados|Substitute|p1a: Gyarados
|-start|p1a: Gyarados|Substitute
|-damage|p1a: Gyarados|63/100
|move|p2a: Sinistcha|Calm Mind|p2a: Sinistcha
|-boost|p2a: Sinistcha|spa|1
|-boost|p2a: Sinistcha|spd|1
|
|-heal|p1a: Gyarados|69/100|[from] item: Leftovers
|upkeep
|turn|14
|
|t:|1779883424
|switch|p1a: Amoonguss|Amoonguss, F|100/100
|move|p2a: Sinistcha|Shadow Ball|p1a: Amoonguss
|-damage|p1a: Amoonguss|55/100
|-unboost|p1a: Amoonguss|spd|1
|
|upkeep
|turn|15
|
|t:|1779883430
|switch|p1a: Ursaluna|Ursaluna, F|41/100 brn
|-damage|p1a: Ursaluna|35/100 brn|[from] Stealth Rock
|-damage|p1a: Ursaluna|23/100 brn|[from] Spikes
|move|p2a: Sinistcha|Shadow Ball|p1a: Ursaluna
|-immune|p1a: Ursaluna
|
|-damage|p1a: Ursaluna|16/100 brn|[from] brn
|upkeep
|turn|16
|
|t:|1779883438
|move|p1a: Ursaluna|Fire Punch|p2a: Sinistcha
|-supereffective|p2a: Sinistcha
|-damage|p2a: Sinistcha|57/100
|move|p2a: Sinistcha|Matcha Gotcha|p1a: Ursaluna
|-supereffective|p1a: Ursaluna
|-damage|p1a: Ursaluna|0 fnt
|-heal|p2a: Sinistcha|66/100|[from] drain|[of] p1a: Ursaluna
|faint|p1a: Ursaluna
|
|upkeep
|
|t:|1779883446
|switch|p1a: Dragapult|Dragapult, F|76/100
|-damage|p1a: Dragapult|64/100|[from] Stealth Rock
|-damage|p1a: Dragapult|51/100|[from] Spikes
|turn|17
|j| Zero Faction
|
|t:|1779883455
|switch|p2a: Ting-Lu|Ting-Lu|71/100 tox
|-ability|p2a: Ting-Lu|Vessel of Ruin
|move|p1a: Dragapult|Shadow Ball|p2a: Ting-Lu
|-resisted|p2a: Ting-Lu
|-damage|p2a: Ting-Lu|58/100 tox
|
|-heal|p2a: Ting-Lu|64/100 tox|[from] item: Leftovers
|-damage|p2a: Ting-Lu|58/100 tox|[from] psn
|upkeep
|turn|18
|
|t:|1779883460
|switch|p1a: Clefable|Clefable, M|100/100
|move|p2a: Ting-Lu|Spikes|p1a: Clefable
|-sidestart|p1: ryanman7|Spikes
|
|-heal|p2a: Ting-Lu|64/100 tox|[from] item: Leftovers
|-damage|p2a: Ting-Lu|52/100 tox|[from] psn
|upkeep
|turn|19
|
|t:|1779883463
|move|p1a: Clefable|Stealth Rock|p2a: Ting-Lu
|-sidestart|p2: thiccdug|move: Stealth Rock
|move|p2a: Ting-Lu|Ruination|p1a: Clefable
|-damage|p1a: Clefable|50/100
|
|-heal|p2a: Ting-Lu|58/100 tox|[from] item: Leftovers
|-damage|p2a: Ting-Lu|39/100 tox|[from] psn
|upkeep
|turn|20
|
|t:|1779883466
|move|p1a: Clefable|Moonlight|p1a: Clefable
|-heal|p1a: Clefable|100/100
|move|p2a: Ting-Lu|Whirlwind|p1a: Clefable
|drag|p1a: Amoonguss|Amoonguss, F|88/100
|
|-heal|p2a: Ting-Lu|45/100 tox|[from] item: Leftovers
|-damage|p2a: Ting-Lu|20/100 tox|[from] psn
|upkeep
|turn|21
|
|t:|1779883473
|move|p2a: Ting-Lu|Spikes|p1a: Amoonguss
|-sidestart|p1: ryanman7|Spikes
|move|p1a: Amoonguss|Clear Smog|p2a: Ting-Lu
|-resisted|p2a: Ting-Lu
|-damage|p2a: Ting-Lu|16/100 tox
|-clearboost|p2a: Ting-Lu
|
|-heal|p2a: Ting-Lu|22/100 tox|[from] item: Leftovers
|-damage|p2a: Ting-Lu|0 fnt|[from] psn
|faint|p2a: Ting-Lu
|upkeep
|
|t:|1779883479
|switch|p2a: Gholdengo|Gholdengo|100/100
|-damage|p2a: Gholdengo|95/100|[from] Stealth Rock
|turn|22
|
|t:|1779883492
|switch|p1a: Gyarados|Gyarados, F|69/100
|-damage|p1a: Gyarados|44/100|[from] Stealth Rock
|move|p2a: Gholdengo|Make It Rain|p1a: Gyarados
|-resisted|p1a: Gyarados
|-damage|p1a: Gyarados|15/100
|-unboost|p2a: Gholdengo|spa|1
|
|-heal|p1a: Gyarados|21/100|[from] item: Leftovers
|upkeep
|turn|23
|
|t:|1779883500
|switch|p2a: Sinistcha|Sinistcha-Masterpiece|66/100
|-damage|p2a: Sinistcha|54/100|[from] Stealth Rock
|move|p1a: Gyarados|Earthquake|p2a: Sinistcha
|-resisted|p2a: Sinistcha
|-damage|p2a: Sinistcha|43/100
|
|-heal|p1a: Gyarados|27/100|[from] item: Leftovers
|upkeep
|turn|24
|
|t:|1779883502
|move|p1a: Gyarados|Waterfall|p2a: Sinistcha
|-resisted|p2a: Sinistcha
|-damage|p2a: Sinistcha|30/100
|move|p2a: Sinistcha|Strength Sap|p1a: Gyarados
|-unboost|p1a: Gyarados|atk|1
|-heal|p2a: Sinistcha|100/100
|
|-heal|p1a: Gyarados|33/100|[from] item: Leftovers
|upkeep
|turn|25
|
|t:|1779883524
|move|p1a: Gyarados|Substitute|p1a: Gyarados
|-start|p1a: Gyarados|Substitute
|-damage|p1a: Gyarados|9/100
|move|p2a: Sinistcha|Shadow Ball|p1a: Gyarados
|-end|p1a: Gyarados|Substitute
|
|-heal|p1a: Gyarados|15/100|[from] item: Leftovers
|upkeep
|turn|26
|
|t:|1779883526
|move|p1a: Gyarados|Dragon Dance|p1a: Gyarados
|-boost|p1a: Gyarados|atk|1
|-boost|p1a: Gyarados|spe|1
|move|p2a: Sinistcha|Shadow Ball|p1a: Gyarados
|-damage|p1a: Gyarados|0 fnt
|faint|p1a: Gyarados
|
|upkeep
|
|t:|1779883529
|switch|p1a: Dragapult|Dragapult, F|51/100
|-damage|p1a: Dragapult|39/100|[from] Stealth Rock
|-damage|p1a: Dragapult|14/100|[from] Spikes
|turn|27
|
|t:|1779883540
|switch|p2a: Keldeo|Keldeo-Resolute|100/100
|move|p1a: Dragapult|Shadow Ball|p2a: Keldeo
|-damage|p2a: Keldeo|38/100
|
|upkeep
|turn|28
|
|t:|1779883547
|move|p1a: Dragapult|Shadow Ball|p2a: Keldeo
|-damage|p2a: Keldeo|0 fnt
|faint|p2a: Keldeo
|
|upkeep
|
|t:|1779883549
|switch|p2a: Gholdengo|Gholdengo|95/100
|-damage|p2a: Gholdengo|89/100|[from] Stealth Rock
|turn|29
|
|t:|1779883554
|move|p2a: Gholdengo|Shadow Ball|p1a: Dragapult
|-supereffective|p1a: Dragapult
|-damage|p1a: Dragapult|0 fnt
|faint|p1a: Dragapult
|
|upkeep
|
|t:|1779883566
|switch|p1a: Iron Treads|Iron Treads|55/100
|-damage|p1a: Iron Treads|52/100|[from] Stealth Rock
|-damage|p1a: Iron Treads|27/100|[from] Spikes
|turn|30
|
|t:|1779883570
|move|p2a: Gholdengo|Shadow Ball|p1a: Iron Treads
|-damage|p1a: Iron Treads|0 fnt
|faint|p1a: Iron Treads
|-end|p1a: Iron Treads|Quark Drive|[silent]
|
|upkeep
|-message|ryanman7 forfeited.
|
|win|thiccdug
|raw|ryanman7's rating: 1435 &rarr; <strong>1415</strong><br />(-20 for losing)
|raw|thiccdug's rating: 1430 &rarr; <strong>1450</strong><br />(+20 for winning)
|l|☆ryanman7
|player|p1|
|l|☆thiccdug
|player|p2|
|l| Zero Faction
