|j|☆zhouyanan
|j|☆GrandSagePatate
|t:|1779880251
|gametype|singles
|player|p1|zhouyanan|1|1152
|player|p2|GrandSagePatate|twins-gen4dp|1227
|gen|9
|tier|[Gen 9] OU
|rated|
|rule|HP Percentage Mod: HP is shown in percentages
|rule|Endless Battle Clause: Forcing endless battles is banned
|rule|Species Clause: Limit one of each Pokémon
|rule|OHKO Clause: OHKO moves are banned
|rule|Evasion Items Clause: Evasion items are banned
|rule|Evasion Moves Clause: Evasion moves are banned
|rule|Evasion Abilities Clause: Evasion abilities are banned
|rule|Sleep Moves Clause: Sleep-inducing moves are banned
|clearpoke
|poke|p1|Charizard, M|
|poke|p1|Torkoal, M|
|poke|p1|Hatterene, F|
|poke|p1|Great Tusk|
|poke|p1|Lilligant-Hisui, F|
|poke|p1|Walking Wake|
|poke|p2|Maushold|
|poke|p2|Incineroar, F|
|poke|p2|Rotom-Wash|
|poke|p2|Whimsicott, F|
|poke|p2|Landorus-Therian, M|
|poke|p2|Azumarill, F|
|teampreview
|
|t:|1779880262
|teamsize|p1|6
|teamsize|p2|6
|start
|switch|p1a: 河内恭介|Torkoal, M|100/100
|switch|p2a: Maushold|Maushold, shiny|100/100
|-weather|SunnyDay|[from] ability: Drought|[of] p1a: 河内恭介
|turn|1
|
|t:|1779880268
|move|p2a: Maushold|Population Bomb|p1a: 河内恭介
|-damage|p1a: 河内恭介|94/100
|-damage|p1a: 河内恭介|87/100
|-damage|p1a: 河内恭介|81/100
|-damage|p1a: 河内恭介|75/100
|-damage|p1a: 河内恭介|69/100
|-damage|p1a: 河内恭介|62/100
|-damage|p1a: 河内恭介|56/100
|-damage|p1a: 河内恭介|49/100
|-damage|p1a: 河内恭介|43/100
|-damage|p1a: 河内恭介|36/100
|-hitcount|p1a: 河内恭介|10
|move|p1a: 河内恭介|Will-O-Wisp|p2a: Maushold
|-status|p2a: Maushold|brn
|
|-weather|SunnyDay|[upkeep]
|-damage|p2a: Maushold|94/100 brn|[from] brn
|upkeep
|turn|2
|
|t:|1779880288
|move|p2a: Maushold|Tidy Up|p2a: Maushold
|-boost|p2a: Maushold|atk|1
|-boost|p2a: Maushold|spe|1
|move|p1a: 河内恭介|Stealth Rock|p2a: Maushold
|-sidestart|p2: GrandSagePatate|move: Stealth Rock
|
|-weather|SunnyDay|[upkeep]
|-damage|p2a: Maushold|88/100 brn|[from] brn
|upkeep
|turn|3
|
|t:|1779880296
|move|p2a: Maushold|Tidy Up|p2a: Maushold
|-sideend|p2: GrandSagePatate|Stealth Rock
|-activate|p2a: Maushold|move: Tidy Up
|-boost|p2a: Maushold|atk|1
|-boost|p2a: Maushold|spe|1
|move|p1a: 河内恭介|Clear Smog|p2a: Maushold
|-damage|p2a: Maushold|72/100 brn
|-clearboost|p2a: Maushold
|
|-weather|SunnyDay|[upkeep]
|-damage|p2a: Maushold|66/100 brn|[from] brn
|upkeep
|turn|4
|
|t:|1779880308
|switch|p1a: 梓川月乃|Hatterene, F|100/100
|move|p2a: Maushold|Population Bomb|p1a: 梓川月乃
|-damage|p1a: 梓川月乃|95/100
|-damage|p1a: 梓川月乃|89/100
|-damage|p1a: 梓川月乃|84/100
|-damage|p1a: 梓川月乃|78/100
|-damage|p1a: 梓川月乃|73/100
|-damage|p1a: 梓川月乃|68/100
|-damage|p1a: 梓川月乃|63/100
|-damage|p1a: 梓川月乃|57/100
|-damage|p1a: 梓川月乃|52/100
|-damage|p1a: 梓川月乃|47/100
|-hitcount|p1a: 梓川月乃|10
|-enditem|p1a: 梓川月乃|Eject Button
|
|t:|1779880326
|switch|p1a: 诹访原戒|Lilligant-Hisui, F|100/100
|
|-weather|SunnyDay|[upkeep]
|-damage|p2a: Maushold|60/100 brn|[from] brn
|upkeep
|turn|5
|
|t:|1779880341
|-terastallize|p2a: Maushold|Ghost
|move|p1a: 诹访原戒|Solar Blade||[still]
|-prepare|p1a: 诹访原戒|Solar Blade
|-anim|p1a: 诹访原戒|Solar Blade|p2a: Maushold
|-damage|p2a: Maushold|0 fnt
|faint|p2a: Maushold
|-damage|p1a: 诹访原戒|91/100|[from] item: Life Orb
|
|-weather|SunnyDay|[upkeep]
|upkeep
|
|t:|1779880350
|switch|p2a: Incineroar|Incineroar, F, shiny|100/100
|-ability|p2a: Incineroar|Intimidate|boost
|-unboost|p1a: 诹访原戒|atk|1
|turn|6
|
|t:|1779880357
|move|p1a: 诹访原戒|Close Combat|p2a: Incineroar
|-supereffective|p2a: Incineroar
|-damage|p2a: Incineroar|0 fnt
|-unboost|p1a: 诹访原戒|def|1
|-unboost|p1a: 诹访原戒|spd|1
|faint|p2a: Incineroar
|-damage|p1a: 诹访原戒|81/100|[from] item: Life Orb
|
|-weather|SunnyDay|[upkeep]
|upkeep
|
|t:|1779880361
|switch|p2a: Landorus|Landorus-Therian, M|100/100
|-ability|p2a: Landorus|Intimidate|boost
|-unboost|p1a: 诹访原戒|atk|1
|turn|7
|
|t:|1779880368
|move|p1a: 诹访原戒|Triple Axel|p2a: Landorus|[miss]
|-miss|p1a: 诹访原戒|p2a: Landorus
|move|p2a: Landorus|Stealth Rock|p1a: 诹访原戒
|-sidestart|p1: zhouyanan|move: Stealth Rock
|
|-weather|SunnyDay|[upkeep]
|upkeep
|turn|8
|
|t:|1779880376
|switch|p2a: Rotom|Rotom-Wash, shiny|100/100
|move|p1a: 诹访原戒|Encore||[still]
|-fail|p1a: 诹访原戒
|
|-weather|none
|upkeep
|turn|9
|
|t:|1779880382
|switch|p1a: 河内恭介|Torkoal, M|36/100
|-damage|p1a: 河内恭介|11/100|[from] Stealth Rock
|-weather|SunnyDay|[from] ability: Drought|[of] p1a: 河内恭介
|move|p2a: Rotom|Will-O-Wisp|p1a: 河内恭介
|-immune|p1a: 河内恭介
|
|-weather|SunnyDay|[upkeep]
|upkeep
|turn|10
|
|t:|1779880392
|move|p2a: Rotom|Volt Switch|p1a: 河内恭介
|-damage|p1a: 河内恭介|0 fnt
|faint|p1a: 河内恭介
|
|t:|1779880398
|switch|p2a: Whimsicott|Whimsicott, F|100/100|[from] Volt Switch
|
|-weather|SunnyDay|[upkeep]
|upkeep
|
|t:|1779880412
|switch|p1a: 诹访原戒|Lilligant-Hisui, F|81/100
|-damage|p1a: 诹访原戒|75/100|[from] Stealth Rock
|turn|11
|
|t:|1779880417
|move|p1a: 诹访原戒|Triple Axel|p2a: Whimsicott|[miss]
|-miss|p1a: 诹访原戒|p2a: Whimsicott
|move|p2a: Whimsicott|Moonblast|p1a: 诹访原戒
|-supereffective|p1a: 诹访原戒
|-damage|p1a: 诹访原戒|0 fnt
|faint|p1a: 诹访原戒
|
|-weather|SunnyDay|[upkeep]
|upkeep
|
|t:|1779880426
|switch|p1a: 梓川月乃|Hatterene, F|47/100
|-damage|p1a: 梓川月乃|35/100|[from] Stealth Rock
|turn|12
|
|t:|1779880434
|move|p2a: Whimsicott|Moonblast|p1a: 梓川月乃
|-damage|p1a: 梓川月乃|1/100
|-unboost|p1a: 梓川月乃|spa|1
|move|p1a: 梓川月乃|Nuzzle|p2a: Whimsicott
|-resisted|p2a: Whimsicott
|-damage|p2a: Whimsicott|98/100
|-status|p2a: Whimsicott|par
|
|-weather|SunnyDay|[upkeep]
|-heal|p2a: Whimsicott|100/100 par|[from] item: Leftovers
|upkeep
|turn|13
|
|t:|1779880446
|move|p2a: Whimsicott|Tailwind|p2a: Whimsicott
|-sidestart|p2: GrandSagePatate|move: Tailwind
|move|p1a: 梓川月乃|Healing Wish|p1a: 梓川月乃
|faint|p1a: 梓川月乃
|
|-weather|SunnyDay|[upkeep]
|upkeep
|
|t:|1779880453
|switch|p1a: 松代健|Great Tusk|100/100
|-damage|p1a: 松代健|98/100|[from] Stealth Rock
|-activate|p1a: 松代健|ability: Protosynthesis
|-start|p1a: 松代健|protosynthesisatk
|turn|14
|
|t:|1779880459
|move|p2a: Whimsicott|Moonblast|p1a: 松代健
|-supereffective|p1a: 松代健
|-damage|p1a: 松代健|0 fnt
|faint|p1a: 松代健
|-end|p1a: 松代健|Protosynthesis|[silent]
|
|-weather|SunnyDay|[upkeep]
|upkeep
|
|t:|1779880464
|switch|p1a: 冠茂|Walking Wake|100/100
|-damage|p1a: 冠茂|88/100|[from] Stealth Rock
|-activate|p1a: 冠茂|ability: Protosynthesis
|-start|p1a: 冠茂|protosynthesisspe
|turn|15
|
|t:|1779880471
|-terastallize|p1a: 冠茂|Water
|move|p1a: 冠茂|Flamethrower|p2a: Whimsicott
|-supereffective|p2a: Whimsicott
|-damage|p2a: Whimsicott|0 fnt
|faint|p2a: Whimsicott
|
|-weather|SunnyDay|[upkeep]
|upkeep
|
|t:|1779880475
|switch|p2a: Azumarill|Azumarill, F, shiny|100/100
|turn|16
|
|t:|1779880482
|-end|p1a: 冠茂|Protosynthesis|[silent]
|switch|p1a: 东和马|Charizard, M|100/100
|-damage|p1a: 东和马|51/100|[from] Stealth Rock
|move|p2a: Azumarill|Belly Drum|p2a: Azumarill
|-damage|p2a: Azumarill|51/100
|-setboost|p2a: Azumarill|atk|6|[from] move: Belly Drum
|
|-weather|none
|-sideend|p2: GrandSagePatate|move: Tailwind
|upkeep
|turn|17
|
|t:|1779880491
|move|p2a: Azumarill|Aqua Jet|p1a: 东和马
|-supereffective|p1a: 东和马
|-damage|p1a: 东和马|0 fnt
|faint|p1a: 东和马
|
|upkeep
|-message|zhouyanan forfeited.
|
|win|GrandSagePatate
|raw|zhouyanan's rating: 1152 &rarr; <strong>1132</strong><br />(-20 for losing)
|raw|GrandSagePatate's rating: 1227 &rarr; <strong>1247</strong><br />(+20 for winning)
|l|☆zhouyanan
|player|p1|
|l|☆GrandSagePatate
|player|p2|
