|j|☆Draconic Echo
|j|☆excapilled
|t:|1779870623
|gametype|singles
|player|p1|Draconic Echo|gladion|1424
|player|p2|excapilled|266|1369
|gen|9
|tier|[Gen 9] OU
|rated|
|rule|HP Percentage Mod: HP is shown in percentages
|rule|Endless Battle Clause: Forcing endless battles is banned
|rule|Species Clause: Limit one of each Pokémon
|rule|OHKO Clause: OHKO moves are banned
|rule|Evasion Items Clause: Evasion items are banned
|rule|Evasion Moves Clause: Evasion moves are banned
|rule|Evasion Abilities Clause: Evasion abilities are banned
|rule|Sleep Moves Clause: Sleep-inducing moves are banned
|clearpoke
|poke|p1|Great Tusk|
|poke|p1|Vaporeon, F|
|poke|p1|Corviknight, F|
|poke|p1|Samurott-Hisui, F|
|poke|p1|Hatterene, F|
|poke|p1|Jolteon, F|
|poke|p2|Skarmory, F|
|poke|p2|Ting-Lu|
|poke|p2|Gholdengo|
|poke|p2|Araquanid, M|
|poke|p2|Dragonite, M|
|poke|p2|Gyarados, M|
|teampreview
|
|t:|1779870633
|teamsize|p1|6
|teamsize|p2|6
|start
|switch|p1a: :3|Jolteon, F|100/100
|switch|p2a: Araquanid|Araquanid, M|100/100
|turn|1
|
|t:|1779870649
|move|p1a: :3|Volt Switch|p2a: Araquanid
|-supereffective|p2a: Araquanid
|-damage|p2a: Araquanid|50/100
|
|t:|1779870652
|switch|p1a: :)|Hatterene, F|100/100|[from] Volt Switch
|move|p2a: Araquanid|Liquidation|p1a: :)
|-damage|p1a: :)|41/100
|-unboost|p1a: :)|def|1
|
|-heal|p1a: :)|47/100|[from] item: Leftovers
|upkeep
|turn|2
|
|t:|1779870661
|switch|p1a: Meep|Vaporeon, F|100/100
|move|p2a: Araquanid|Body Slam|p1a: Meep
|-damage|p1a: Meep|85/100
|
|-heal|p1a: Meep|91/100|[from] item: Leftovers
|upkeep
|turn|3
|
|t:|1779870669
|switch|p1a: :)|Hatterene, F|47/100
|move|p2a: Araquanid|Body Slam|p1a: :)
|-damage|p1a: :)|28/100
|
|-heal|p1a: :)|34/100|[from] item: Leftovers
|upkeep
|turn|4
|
|t:|1779870676
|switch|p1a: :D|Corviknight, F, shiny|100/100
|-ability|p1a: :D|Pressure
|move|p2a: Araquanid|Body Slam|p1a: :D
|-resisted|p1a: :D
|-damage|p1a: :D|91/100
|-status|p1a: :D|par
|-damage|p2a: Araquanid|34/100|[from] item: Rocky Helmet|[of] p1a: :D
|
|upkeep
|turn|5
|
|t:|1779870680
|move|p2a: Araquanid|Liquidation|p1a: :D
|-damage|p1a: :D|37/100 par
|-damage|p2a: Araquanid|18/100|[from] item: Rocky Helmet|[of] p1a: :D
|move|p1a: :D|Brave Bird|p2a: Araquanid
|-supereffective|p2a: Araquanid
|-damage|p2a: Araquanid|0 fnt
|faint|p2a: Araquanid
|-damage|p1a: :D|32/100 par|[from] Recoil
|
|upkeep
|
|t:|1779870690
|switch|p2a: Gholdengo|Gholdengo|100/100
|-item|p2a: Gholdengo|Air Balloon
|turn|6
|
|t:|1779870692
|move|p2a: Gholdengo|Shadow Ball|p1a: :D
|-damage|p1a: :D|0 fnt
|faint|p1a: :D
|
|upkeep
|
|t:|1779870695
|switch|p1a: >:(|Samurott-Hisui, F|100/100
|turn|7
|
|t:|1779870701
|switch|p2a: Skarmory|Skarmory, F|100/100
|move|p1a: >:(|Ceaseless Edge|p2a: Skarmory
|-damage|p2a: Skarmory|75/100
|-damage|p1a: >:(|84/100|[from] item: Rocky Helmet|[of] p2a: Skarmory
|-sidestart|p2: excapilled|Spikes
|
|upkeep
|turn|8
|
|t:|1779870706
|switch|p1a: Meep|Vaporeon, F|91/100
|move|p2a: Skarmory|Body Press|p1a: Meep
|-damage|p1a: Meep|67/100
|
|-heal|p1a: Meep|73/100|[from] item: Leftovers
|upkeep
|turn|9
|
|t:|1779870713
|move|p2a: Skarmory|Roost|p2a: Skarmory
|-heal|p2a: Skarmory|100/100
|-singleturn|p2a: Skarmory|move: Roost
|move|p1a: Meep|Scald|p2a: Skarmory
|-damage|p2a: Skarmory|61/100
|
|-heal|p1a: Meep|80/100|[from] item: Leftovers
|upkeep
|turn|10
|
|t:|1779870718
|move|p2a: Skarmory|Roost|p2a: Skarmory
|-heal|p2a: Skarmory|100/100
|-singleturn|p2a: Skarmory|move: Roost
|move|p1a: Meep|Scald|p2a: Skarmory
|-damage|p2a: Skarmory|61/100
|
|-heal|p1a: Meep|86/100|[from] item: Leftovers
|upkeep
|turn|11
|
|t:|1779870729
|switch|p2a: Ting-Lu|Ting-Lu|100/100
|-damage|p2a: Ting-Lu|88/100|[from] Spikes
|-ability|p2a: Ting-Lu|Vessel of Ruin
|move|p1a: Meep|Scald|p2a: Ting-Lu
|-supereffective|p2a: Ting-Lu
|-damage|p2a: Ting-Lu|51/100
|-status|p2a: Ting-Lu|brn
|
|-heal|p1a: Meep|92/100|[from] item: Leftovers
|-heal|p2a: Ting-Lu|57/100 brn|[from] item: Leftovers
|-damage|p2a: Ting-Lu|51/100 brn|[from] brn
|upkeep
|turn|12
|
|t:|1779870737
|switch|p1a: :)|Hatterene, F|34/100
|move|p2a: Ting-Lu|Spikes|p1a: :)
|move|p1a: :)|Spikes|p2a: Ting-Lu|[from] ability: Magic Bounce
|-sidestart|p2: excapilled|Spikes
|
|-heal|p2a: Ting-Lu|57/100 brn|[from] item: Leftovers
|-heal|p1a: :)|40/100|[from] item: Leftovers
|-damage|p2a: Ting-Lu|51/100 brn|[from] brn
|upkeep
|turn|13
|
|t:|1779870743
|move|p2a: Ting-Lu|Earthquake|p1a: :)
|-damage|p1a: :)|24/100
|move|p1a: :)|Draining Kiss|p2a: Ting-Lu
|-supereffective|p2a: Ting-Lu
|-damage|p2a: Ting-Lu|22/100 brn
|-heal|p1a: :)|59/100|[from] drain|[of] p2a: Ting-Lu
|
|-heal|p2a: Ting-Lu|28/100 brn|[from] item: Leftovers
|-heal|p1a: :)|65/100|[from] item: Leftovers
|-damage|p2a: Ting-Lu|22/100 brn|[from] brn
|upkeep
|turn|14
|
|t:|1779870750
|move|p2a: Ting-Lu|Earthquake|p1a: :)
|-damage|p1a: :)|51/100
|move|p1a: :)|Draining Kiss|p2a: Ting-Lu
|-supereffective|p2a: Ting-Lu
|-damage|p2a: Ting-Lu|0 fnt
|-heal|p1a: :)|77/100|[from] drain|[of] p2a: Ting-Lu
|faint|p2a: Ting-Lu
|
|-heal|p1a: :)|83/100|[from] item: Leftovers
|upkeep
|
|t:|1779870758
|switch|p2a: Gholdengo|Gholdengo|100/100
|-item|p2a: Gholdengo|Air Balloon
|turn|15
|
|t:|1779870762
|switch|p1a: >:(|Samurott-Hisui, F|84/100
|move|p2a: Gholdengo|Make It Rain|p1a: >:(
|-resisted|p1a: >:(
|-damage|p1a: >:(|27/100
|-unboost|p2a: Gholdengo|spa|1
|
|upkeep
|turn|16
|
|t:|1779870766
|switch|p2a: Skarmory|Skarmory, F|61/100
|move|p1a: >:(|Ceaseless Edge|p2a: Skarmory|[miss]
|-miss|p1a: >:(|p2a: Skarmory
|
|upkeep
|turn|17
|
|t:|1779870774
|switch|p1a: :)|Hatterene, F|83/100
|move|p2a: Skarmory|Roost|p2a: Skarmory
|-heal|p2a: Skarmory|100/100
|-singleturn|p2a: Skarmory|move: Roost
|
|-heal|p1a: :)|89/100|[from] item: Leftovers
|upkeep
|turn|18
|
|t:|1779870818
|switch|p2a: Gholdengo|Gholdengo|100/100
|-item|p2a: Gholdengo|Air Balloon
|move|p1a: :)|Psychic Noise|p2a: Gholdengo
|-resisted|p2a: Gholdengo
|-damage|p2a: Gholdengo|84/100
|-start|p2a: Gholdengo|move: Heal Block
|-enditem|p2a: Gholdengo|Air Balloon
|
|-heal|p1a: :)|95/100|[from] item: Leftovers
|upkeep
|turn|19
|
|t:|1779870823
|switch|p1a: Meep|Vaporeon, F|92/100
|move|p2a: Gholdengo|Make It Rain|p1a: Meep
|-resisted|p1a: Meep
|-damage|p1a: Meep|65/100
|-unboost|p2a: Gholdengo|spa|1
|
|-heal|p1a: Meep|71/100|[from] item: Leftovers
|-end|p2a: Gholdengo|move: Heal Block
|upkeep
|turn|20
|
|t:|1779870832
|switch|p1a: :3|Jolteon, F|100/100
|move|p2a: Gholdengo|Nasty Plot|p2a: Gholdengo
|-boost|p2a: Gholdengo|spa|2
|
|upkeep
|turn|21
|
|t:|1779870842
|move|p1a: :3|Volt Switch|p2a: Gholdengo
|-damage|p2a: Gholdengo|49/100
|
|t:|1779870845
|switch|p1a: >:(|Samurott-Hisui, F|27/100|[from] Volt Switch
|move|p2a: Gholdengo|Shadow Ball|p1a: >:(
|-resisted|p1a: >:(
|-damage|p1a: >:(|0 fnt
|faint|p1a: >:(
|
|upkeep
|
|t:|1779870847
|switch|p1a: :3|Jolteon, F|100/100
|turn|22
|
|t:|1779870850
|move|p1a: :3|Shadow Ball|p2a: Gholdengo
|-supereffective|p2a: Gholdengo
|-damage|p2a: Gholdengo|2/100
|move|p2a: Gholdengo|Make It Rain|p1a: :3
|-resisted|p1a: :3
|-damage|p1a: :3|32/100
|-unboost|p2a: Gholdengo|spa|1
|
|upkeep
|turn|23
|
|t:|1779870854
|move|p1a: :3|Shadow Ball|p2a: Gholdengo
|-supereffective|p2a: Gholdengo
|-damage|p2a: Gholdengo|0 fnt
|faint|p2a: Gholdengo
|
|upkeep
|
|t:|1779870868
|switch|p2a: Dragonite|Dragonite, M|100/100
|turn|24
|
|t:|1779870872
|switch|p1a: Meep|Vaporeon, F|71/100
|move|p2a: Dragonite|Dragon Dance|p2a: Dragonite
|-boost|p2a: Dragonite|atk|1
|-boost|p2a: Dragonite|spe|1
|
|-heal|p1a: Meep|77/100|[from] item: Leftovers
|upkeep
|turn|25
|
|t:|1779870881
|-terastallize|p2a: Dragonite|Normal
|move|p2a: Dragonite|Extreme Speed|p1a: Meep
|-crit|p1a: Meep
|-damage|p1a: Meep|0 fnt
|faint|p1a: Meep
|
|upkeep
|
|t:|1779870887
|switch|p1a: Hi|Great Tusk|100/100
|turn|26
|
|t:|1779870894
|move|p1a: Hi|Close Combat|p2a: Dragonite
|-supereffective|p2a: Dragonite
|-damage|p2a: Dragonite|7/100
|-unboost|p1a: Hi|def|1
|-unboost|p1a: Hi|spd|1
|move|p2a: Dragonite|Ice Spinner|p1a: Hi
|-supereffective|p1a: Hi
|-damage|p1a: Hi|0 fnt
|faint|p1a: Hi
|-end|p1a: Hi|Protosynthesis|[silent]
|
|upkeep
|
|t:|1779870896
|switch|p1a: :)|Hatterene, F|95/100
|turn|27
|
|t:|1779870906
|move|p2a: Dragonite|Extreme Speed|p1a: :)
|-damage|p1a: :)|36/100
|move|p1a: :)|Psychic Noise|p2a: Dragonite
|-damage|p2a: Dragonite|0 fnt
|faint|p2a: Dragonite
|
|-heal|p1a: :)|42/100|[from] item: Leftovers
|upkeep
|
|t:|1779870913
|switch|p2a: Gyarados|Gyarados, M|100/100
|-ability|p2a: Gyarados|Intimidate|boost
|-unboost|p1a: :)|atk|1
|turn|28
|c|☆excapilled|I couldve sworn magic bounce is supposed to bounce intimidate no?
|c|☆Draconic Echo|no?
|c|☆Draconic Echo|it doesnt work on abilities
|c|☆excapilled|Bruh I made that up ig
|
|t:|1779870956
|move|p2a: Gyarados|Aqua Tail|p1a: :)
|-damage|p1a: :)|10/100
|move|p1a: :)|Draining Kiss|p2a: Gyarados
|-damage|p2a: Gyarados|85/100
|-heal|p1a: :)|25/100|[from] drain|[of] p2a: Gyarados
|
|-heal|p1a: :)|31/100|[from] item: Leftovers
|upkeep
|turn|29
|
|t:|1779870959
|move|p2a: Gyarados|Aqua Tail|p1a: :)
|-crit|p1a: :)
|-damage|p1a: :)|0 fnt
|faint|p1a: :)
|
|upkeep
|
|t:|1779870960
|switch|p1a: :3|Jolteon, F|32/100
|turn|30
|
|t:|1779870980
|move|p1a: :3|Thunderbolt|p2a: Gyarados
|-supereffective|p2a: Gyarados
|-damage|p2a: Gyarados|0 fnt
|faint|p2a: Gyarados
|
|upkeep
|
|t:|1779870982
|switch|p2a: Skarmory|Skarmory, F|100/100
|turn|31
|
|t:|1779870986
|-terastallize|p1a: :3|Fairy
|move|p1a: :3|Thunderbolt|p2a: Skarmory
|-supereffective|p2a: Skarmory
|-damage|p2a: Skarmory|0 fnt
|faint|p2a: Skarmory
|
|win|Draconic Echo
|raw|Draconic Echo's rating: 1424 &rarr; <strong>1441</strong><br />(+17 for winning)
|raw|excapilled's rating: 1369 &rarr; <strong>1352</strong><br />(-17 for losing)
|l|☆Draconic Echo
|player|p1|
|l|☆excapilled
|player|p2|
