|j|☆wtvdd
|j|☆hxhjn
|t:|1779959538
|gametype|singles
|player|p1|wtvdd|170|1115
|player|p2|hxhjn|bugcatcher-gen4dp|1101
|gen|9
|tier|[Gen 9] OU
|rated|
|rule|HP Percentage Mod: HP is shown in percentages
|rule|Endless Battle Clause: Forcing endless battles is banned
|rule|Species Clause: Limit one of each Pokémon
|rule|OHKO Clause: OHKO moves are banned
|rule|Evasion Items Clause: Evasion items are banned
|rule|Evasion Moves Clause: Evasion moves are banned
|rule|Evasion Abilities Clause: Evasion abilities are banned
|rule|Sleep Moves Clause: Sleep-inducing moves are banned
|clearpoke
|poke|p1|Leavanny, F|
|poke|p1|Iron Moth|
|poke|p1|Hatterene, F|
|poke|p1|Mandibuzz, F|
|poke|p1|Great Tusk|
|poke|p1|Gholdengo|
|poke|p2|Raging Bolt|
|poke|p2|Pincurchin, F|
|poke|p2|Iron Leaves|
|poke|p2|Iron Moth|
|poke|p2|Iron Valiant|
|poke|p2|Iron Treads|
|teampreview
|
|t:|1779959556
|teamsize|p1|6
|teamsize|p2|6
|start
|switch|p1a: Gholdengo|Gholdengo|100/100
|switch|p2a: Pincurchin|Pincurchin, F|100/100
|-item|p1a: Gholdengo|Air Balloon
|-fieldstart|move: Electric Terrain|[from] ability: Electric Surge|[of] p2a: Pincurchin
|turn|1
|
|t:|1779959572
|switch|p2a: Iron Moth|Iron Moth|100/100
|-activate|p2a: Iron Moth|ability: Quark Drive
|-start|p2a: Iron Moth|quarkdrivespa
|move|p1a: Gholdengo|Nasty Plot|p1a: Gholdengo
|-boost|p1a: Gholdengo|spa|2
|
|upkeep
|turn|2
|
|t:|1779959602
|move|p2a: Iron Moth|Fiery Dance|p1a: Gholdengo
|-supereffective|p1a: Gholdengo
|-damage|p1a: Gholdengo|0 fnt
|-boost|p2a: Iron Moth|spa|1
|-enditem|p1a: Gholdengo|Air Balloon
|faint|p1a: Gholdengo
|-damage|p2a: Iron Moth|91/100|[from] item: Life Orb
|
|upkeep
|
|t:|1779959630
|switch|p1a: Leavanny|Leavanny, F|100/100
|turn|3
|
|t:|1779959640
|move|p2a: Iron Moth|Fiery Dance|p1a: Leavanny
|-supereffective|p1a: Leavanny
|-enditem|p1a: Leavanny|Focus Sash
|-damage|p1a: Leavanny|1/100
|-boost|p2a: Iron Moth|spa|1
|-damage|p2a: Iron Moth|81/100|[from] item: Life Orb
|move|p1a: Leavanny|Sticky Web|p2a: Iron Moth
|-sidestart|p2: hxhjn|move: Sticky Web
|
|upkeep
|turn|4
|
|t:|1779959654
|move|p2a: Iron Moth|Fiery Dance|p1a: Leavanny
|-supereffective|p1a: Leavanny
|-damage|p1a: Leavanny|0 fnt
|faint|p1a: Leavanny
|-damage|p2a: Iron Moth|71/100|[from] item: Life Orb
|
|upkeep
|
|t:|1779959660
|switch|p1a: Iron Moth|Iron Moth|100/100
|-activate|p1a: Iron Moth|ability: Quark Drive
|-start|p1a: Iron Moth|quarkdrivespa
|turn|5
|
|t:|1779959675
|-terastallize|p1a: Iron Moth|Fire
|move|p2a: Iron Moth|Fiery Dance|p1a: Iron Moth
|-resisted|p1a: Iron Moth
|-damage|p1a: Iron Moth|8/100
|-damage|p2a: Iron Moth|61/100|[from] item: Life Orb
|move|p1a: Iron Moth|Psychic|p2a: Iron Moth
|-supereffective|p2a: Iron Moth
|-damage|p2a: Iron Moth|0 fnt
|faint|p2a: Iron Moth
|-end|p2a: Iron Moth|Quark Drive|[silent]
|
|upkeep
|
|t:|1779959694
|switch|p2a: Iron Valiant|Iron Valiant|100/100
|-activate|p2a: Iron Valiant|move: Sticky Web
|-unboost|p2a: Iron Valiant|spe|1
|-activate|p2a: Iron Valiant|ability: Quark Drive
|-start|p2a: Iron Valiant|quarkdriveatk
|turn|6
|
|t:|1779959707
|move|p1a: Iron Moth|Sludge Wave|p2a: Iron Valiant
|-supereffective|p2a: Iron Valiant
|-damage|p2a: Iron Valiant|0 fnt
|faint|p2a: Iron Valiant
|-end|p2a: Iron Valiant|Quark Drive|[silent]
|
|upkeep
|
|t:|1779959713
|switch|p2a: Raging Bolt|Raging Bolt|100/100
|-activate|p2a: Raging Bolt|move: Sticky Web
|-unboost|p2a: Raging Bolt|spe|1
|-enditem|p2a: Raging Bolt|Booster Energy
|-activate|p2a: Raging Bolt|ability: Protosynthesis|[fromitem]
|-start|p2a: Raging Bolt|protosynthesisspa
|turn|7
|
|t:|1779959727
|move|p2a: Raging Bolt|Thunderclap|p1a: Iron Moth
|-damage|p1a: Iron Moth|0 fnt
|faint|p1a: Iron Moth
|-end|p1a: Iron Moth|Quark Drive|[silent]
|
|upkeep
|
|t:|1779959735
|switch|p1a: Great Tusk|Great Tusk|100/100
|turn|8
|
|t:|1779959745
|-end|p2a: Raging Bolt|Protosynthesis|[silent]
|switch|p2a: Iron Leaves|Iron Leaves|100/100
|-activate|p2a: Iron Leaves|move: Sticky Web
|-unboost|p2a: Iron Leaves|spe|1
|-activate|p2a: Iron Leaves|ability: Quark Drive
|-start|p2a: Iron Leaves|quarkdriveatk
|move|p1a: Great Tusk|Headlong Rush|p2a: Iron Leaves
|-resisted|p2a: Iron Leaves
|-damage|p2a: Iron Leaves|68/100
|-unboost|p1a: Great Tusk|def|1
|-unboost|p1a: Great Tusk|spd|1
|
|-fieldend|move: Electric Terrain
|-end|p2a: Iron Leaves|Quark Drive
|upkeep
|turn|9
|
|t:|1779959765
|-end|p2a: Iron Leaves|Quark Drive|[silent]
|switch|p2a: Pincurchin|Pincurchin, F|100/100
|-activate|p2a: Pincurchin|move: Sticky Web
|-unboost|p2a: Pincurchin|spe|1
|-fieldstart|move: Electric Terrain|[from] ability: Electric Surge|[of] p2a: Pincurchin
|move|p1a: Great Tusk|Ice Spinner|p2a: Pincurchin
|-damage|p2a: Pincurchin|69/100
|-fieldend|move: Electric Terrain
|
|upkeep
|turn|10
|
|t:|1779959781
|switch|p2a: Iron Treads|Iron Treads|100/100
|-activate|p2a: Iron Treads|move: Sticky Web
|-unboost|p2a: Iron Treads|spe|1
|move|p1a: Great Tusk|Headlong Rush|p2a: Iron Treads
|-supereffective|p2a: Iron Treads
|-damage|p2a: Iron Treads|27/100
|-unboost|p1a: Great Tusk|def|1
|-unboost|p1a: Great Tusk|spd|1
|
|-heal|p2a: Iron Treads|33/100|[from] item: Leftovers
|upkeep
|turn|11
|
|t:|1779959798
|move|p1a: Great Tusk|Headlong Rush|p2a: Iron Treads
|-supereffective|p2a: Iron Treads
|-damage|p2a: Iron Treads|0 fnt
|-unboost|p1a: Great Tusk|def|1
|-unboost|p1a: Great Tusk|spd|1
|faint|p2a: Iron Treads
|-end|p2a: Iron Treads|Quark Drive|[silent]
|
|upkeep
|
|t:|1779959805
|switch|p2a: Pincurchin|Pincurchin, F|69/100
|-activate|p2a: Pincurchin|move: Sticky Web
|-unboost|p2a: Pincurchin|spe|1
|-fieldstart|move: Electric Terrain|[from] ability: Electric Surge|[of] p2a: Pincurchin
|turn|12
|
|t:|1779959816
|move|p1a: Great Tusk|Ice Spinner|p2a: Pincurchin
|-damage|p2a: Pincurchin|40/100
|-fieldend|move: Electric Terrain
|move|p2a: Pincurchin|Memento|p1a: Great Tusk
|-unboost|p1a: Great Tusk|atk|2
|-unboost|p1a: Great Tusk|spa|2
|faint|p2a: Pincurchin
|
|upkeep
|
|t:|1779959829
|switch|p2a: Iron Leaves|Iron Leaves|68/100
|-activate|p2a: Iron Leaves|move: Sticky Web
|-unboost|p2a: Iron Leaves|spe|1
|turn|13
|
|t:|1779959842
|-end|p1a: Great Tusk|Protosynthesis|[silent]
|switch|p1a: Hatterene|Hatterene, F|100/100
|move|p2a: Iron Leaves|Psyblade|p1a: Hatterene
|-resisted|p1a: Hatterene
|-damage|p1a: Hatterene|79/100
|
|-heal|p1a: Hatterene|85/100|[from] item: Leftovers
|upkeep
|turn|14
|-message|hxhjn forfeited.
|
|win|wtvdd
|raw|wtvdd's rating: 1115 &rarr; <strong>1139</strong><br />(+24 for winning)
|raw|hxhjn's rating: 1101 &rarr; <strong>1077</strong><br />(-24 for losing)
|l|☆hxhjn
|player|p2|
|c|☆wtvdd|ggs
|l|☆wtvdd
|player|p1|
