|j|☆elementalbalance
|j|☆Doloris114
|t:|1779884128
|gametype|singles
|player|p1|elementalbalance|ghetsis|1109
|player|p2|Doloris114|101|1115
|gen|9
|tier|[Gen 9] OU
|rated|
|rule|HP Percentage Mod: HP is shown in percentages
|rule|Endless Battle Clause: Forcing endless battles is banned
|rule|Species Clause: Limit one of each Pokémon
|rule|OHKO Clause: OHKO moves are banned
|rule|Evasion Items Clause: Evasion items are banned
|rule|Evasion Moves Clause: Evasion moves are banned
|rule|Evasion Abilities Clause: Evasion abilities are banned
|rule|Sleep Moves Clause: Sleep-inducing moves are banned
|clearpoke
|poke|p1|Scrafty, F|
|poke|p1|Slowbro-Galar, F|
|poke|p1|Maushold-Four|
|poke|p1|Gliscor, F|
|poke|p1|Comfey, F|
|poke|p1|Clodsire, F|
|poke|p2|Sylveon, M|
|poke|p2|Weezing-Galar, F|
|poke|p2|Meowstic, M|
|poke|p2|Overqwil, F|
|poke|p2|Pelipper, F|
|poke|p2|Greninja-*, F|
|teampreview
|
|t:|1779884141
|teamsize|p1|6
|teamsize|p2|6
|start
|switch|p1a: Maushold|Maushold-Four|100/100
|switch|p2a: Weezing|Weezing-Galar, F|100/100
|-ability|p2a: Weezing|Neutralizing Gas
|turn|1
|
|t:|1779884151
|move|p1a: Maushold|Tidy Up|p1a: Maushold
|-boost|p1a: Maushold|atk|1
|-boost|p1a: Maushold|spe|1
|move|p2a: Weezing|Toxic|p1a: Maushold
|-status|p1a: Maushold|tox
|
|-damage|p1a: Maushold|94/100 tox|[from] psn
|upkeep
|turn|2
|
|t:|1779884160
|move|p1a: Maushold|Encore|p2a: Weezing
|-start|p2a: Weezing|Encore
|move|p2a: Weezing|Toxic|p1a: Maushold
|-fail|p1a: Maushold|tox
|
|-damage|p1a: Maushold|82/100 tox|[from] psn
|upkeep
|turn|3
|
|t:|1779884169
|-end|p2a: Weezing|ability: Neutralizing Gas
|switch|p2a: Pelipper|Pelipper, F|100/100
|-weather|RainDance|[from] ability: Drizzle|[of] p2a: Pelipper
|move|p1a: Maushold|Population Bomb|p2a: Pelipper
|-damage|p2a: Pelipper|84/100
|-damage|p2a: Pelipper|65/100
|-damage|p2a: Pelipper|46/100
|-damage|p2a: Pelipper|29/100
|-damage|p2a: Pelipper|13/100
|-damage|p2a: Pelipper|0 fnt
|faint|p2a: Pelipper
|-hitcount|p2: Pelipper|6
|
|-weather|RainDance|[upkeep]
|-damage|p1a: Maushold|63/100 tox|[from] psn
|upkeep
|
|t:|1779884187
|switch|p2a: Overqwil|Overqwil, F, shiny|100/100
|turn|4
|
|t:|1779884193
|move|p2a: Overqwil|Barb Barrage|p1a: Maushold
|-damage|p1a: Maushold|0 fnt
|faint|p1a: Maushold
|
|-weather|RainDance|[upkeep]
|upkeep
|
|t:|1779884203
|switch|p1a: Clodsire|Clodsire, F|100/100
|turn|5
|
|t:|1779884212
|switch|p2a: Sylveon|Sylveon, M|100/100
|move|p1a: Clodsire|Earthquake|p2a: Sylveon
|-damage|p2a: Sylveon|71/100
|
|-weather|RainDance|[upkeep]
|upkeep
|turn|6
|
|t:|1779884222
|move|p2a: Sylveon|Substitute|p2a: Sylveon
|-start|p2a: Sylveon|Substitute
|-damage|p2a: Sylveon|46/100
|move|p1a: Clodsire|Toxic||[still]
|-fail|p1a: Clodsire
|
|-weather|RainDance|[upkeep]
|upkeep
|turn|7
|
|t:|1779884231
|move|p2a: Sylveon|Calm Mind|p2a: Sylveon
|-boost|p2a: Sylveon|spa|1
|-boost|p2a: Sylveon|spd|1
|move|p1a: Clodsire|Earthquake|p2a: Sylveon
|-end|p2a: Sylveon|Substitute
|
|-weather|RainDance|[upkeep]
|upkeep
|turn|8
|
|t:|1779884249
|move|p2a: Sylveon|Hyper Voice|p1a: Clodsire
|-resisted|p1a: Clodsire
|-damage|p1a: Clodsire|79/100
|move|p1a: Clodsire|Earthquake|p2a: Sylveon
|-damage|p2a: Sylveon|16/100
|
|-weather|RainDance|[upkeep]
|-heal|p1a: Clodsire|85/100|[from] item: Leftovers
|upkeep
|turn|9
|
|t:|1779884258
|move|p2a: Sylveon|Weather Ball|p1a: Clodsire
|-heal|p1a: Clodsire|100/100|[from] ability: Water Absorb|[of] p2a: Sylveon
|move|p1a: Clodsire|Earthquake|p2a: Sylveon
|-damage|p2a: Sylveon|0 fnt
|faint|p2a: Sylveon
|
|-weather|RainDance|[upkeep]
|upkeep
|
|t:|1779884269
|switch|p2a: Overqwil|Overqwil, F, shiny|100/100
|turn|10
|
|t:|1779884285
|-terastallize|p2a: Overqwil|Dark
|move|p2a: Overqwil|Throat Chop|p1a: Clodsire
|-damage|p1a: Clodsire|6/100
|-start|p1a: Clodsire|Throat Chop|[silent]
|move|p1a: Clodsire|Earthquake|p2a: Overqwil
|-damage|p2a: Overqwil|71/100
|
|-weather|none
|-heal|p1a: Clodsire|12/100|[from] item: Leftovers
|upkeep
|turn|11
|
|t:|1779884296
|switch|p1a: Scrafty|Scrafty, F|100/100
|move|p2a: Overqwil|Throat Chop|p1a: Scrafty
|-resisted|p1a: Scrafty
|-damage|p1a: Scrafty|79/100
|-start|p1a: Scrafty|Throat Chop|[silent]
|
|upkeep
|turn|12
|
|t:|1779884306
|switch|p2a: Meowstic|Meowstic, M|100/100
|move|p1a: Scrafty|High Jump Kick|p2a: Meowstic
|-resisted|p2a: Meowstic
|-damage|p2a: Meowstic|73/100
|
|-heal|p2a: Meowstic|79/100|[from] item: Leftovers
|-end|p1a: Scrafty|Throat Chop|[silent]
|upkeep
|turn|13
|
|t:|1779884316
|move|p2a: Meowstic|Fake Out|p1a: Scrafty
|-damage|p1a: Scrafty|73/100
|cant|p1a: Scrafty|flinch
|
|-heal|p2a: Meowstic|86/100|[from] item: Leftovers
|upkeep
|turn|14
|
|t:|1779884347
|move|p2a: Meowstic|Reflect|p2a: Meowstic
|-sidestart|p2: Doloris114|Reflect
|move|p1a: Scrafty|Crunch|p2a: Meowstic
|-supereffective|p2a: Meowstic
|-damage|p2a: Meowstic|54/100
|
|-heal|p2a: Meowstic|60/100|[from] item: Leftovers
|upkeep
|turn|15
|
|t:|1779884355
|move|p2a: Meowstic|Thunder Wave|p1a: Scrafty
|-hint|Since gen 7, Dark is immune to Prankster moves.
|-immune|p1a: Scrafty
|move|p1a: Scrafty|Dragon Dance|p1a: Scrafty
|-boost|p1a: Scrafty|atk|1
|-boost|p1a: Scrafty|spe|1
|
|-heal|p2a: Meowstic|67/100|[from] item: Leftovers
|upkeep
|turn|16
|
|t:|1779884369
|switch|p2a: Weezing|Weezing-Galar, F|100/100
|-ability|p2a: Weezing|Neutralizing Gas
|move|p1a: Scrafty|Dragon Dance|p1a: Scrafty
|-boost|p1a: Scrafty|atk|1
|-boost|p1a: Scrafty|spe|1
|
|upkeep
|turn|17
|
|t:|1779884380
|move|p1a: Scrafty|Stone Edge|p2a: Weezing
|-damage|p2a: Weezing|81/100
|move|p2a: Weezing|Strange Steam|p1a: Scrafty
|-supereffective|p1a: Scrafty
|-damage|p1a: Scrafty|0 fnt
|faint|p1a: Scrafty
|
|-heal|p2a: Weezing|87/100|[from] item: Leftovers
|upkeep
|
|t:|1779884393
|switch|p1a: Gliscor|Gliscor, F|100/100
|turn|18
|
|t:|1779884400
|move|p1a: Gliscor|Protect|p1a: Gliscor
|-singleturn|p1a: Gliscor|Protect
|move|p2a: Weezing|Strange Steam|p1a: Gliscor
|-activate|p1a: Gliscor|move: Protect
|
|-heal|p2a: Weezing|93/100|[from] item: Leftovers
|-sideend|p2: Doloris114|Reflect
|-status|p1a: Gliscor|tox|[from] item: Toxic Orb
|upkeep
|turn|19
|
|t:|1779884419
|move|p1a: Gliscor|Swords Dance|p1a: Gliscor
|-boost|p1a: Gliscor|atk|2
|move|p2a: Weezing|Strange Steam|p1a: Gliscor
|-damage|p1a: Gliscor|73/100 tox
|-start|p1a: Gliscor|confusion
|
|-heal|p2a: Weezing|99/100|[from] item: Leftovers
|-damage|p1a: Gliscor|67/100 tox|[from] psn
|upkeep
|turn|20
|
|t:|1779884430
|-terastallize|p1a: Gliscor|Normal
|-activate|p1a: Gliscor|confusion
|move|p1a: Gliscor|Facade|p2a: Weezing
|-damage|p2a: Weezing|44/100
|move|p2a: Weezing|Strange Steam|p1a: Gliscor
|-damage|p1a: Gliscor|40/100 tox
|
|-heal|p2a: Weezing|50/100|[from] item: Leftovers
|-damage|p1a: Gliscor|27/100 tox|[from] psn
|upkeep
|turn|21
|
|t:|1779884444
|-activate|p1a: Gliscor|confusion
|-damage|p1a: Gliscor|13/100 tox|[from] confusion
|move|p2a: Weezing|Strange Steam|p1a: Gliscor
|-damage|p1a: Gliscor|0 fnt
|faint|p1a: Gliscor
|
|-heal|p2a: Weezing|56/100|[from] item: Leftovers
|upkeep
|
|t:|1779884458
|switch|p1a: Clodsire|Clodsire, F|12/100
|turn|22
|
|t:|1779884462
|move|p2a: Weezing|Strange Steam|p1a: Clodsire|[miss]
|-miss|p2a: Weezing|p1a: Clodsire
|move|p1a: Clodsire|Recover|p1a: Clodsire
|-heal|p1a: Clodsire|62/100
|
|-heal|p2a: Weezing|62/100|[from] item: Leftovers
|-heal|p1a: Clodsire|68/100|[from] item: Leftovers
|upkeep
|turn|23
|
|t:|1779884473
|move|p2a: Weezing|Strange Steam|p1a: Clodsire
|-resisted|p1a: Clodsire
|-damage|p1a: Clodsire|61/100
|move|p1a: Clodsire|Recover|p1a: Clodsire
|-heal|p1a: Clodsire|100/100
|
|-heal|p2a: Weezing|68/100|[from] item: Leftovers
|upkeep
|turn|24
|
|t:|1779884484
|move|p2a: Weezing|Pain Split|p1a: Clodsire
|-sethp|p1a: Clodsire|75/100|[from] move: Pain Split|[silent]
|-sethp|p2a: Weezing|100/100|[from] move: Pain Split
|move|p1a: Clodsire|Earthquake|p2a: Weezing
|-supereffective|p2a: Weezing
|-damage|p2a: Weezing|66/100
|
|-heal|p2a: Weezing|72/100|[from] item: Leftovers
|-heal|p1a: Clodsire|81/100|[from] item: Leftovers
|upkeep
|turn|25
|
|t:|1779884496
|-end|p2a: Weezing|ability: Neutralizing Gas
|switch|p2a: Meowstic|Meowstic, M|67/100
|move|p1a: Clodsire|Earthquake|p2a: Meowstic
|-damage|p2a: Meowstic|39/100
|
|-heal|p2a: Meowstic|46/100|[from] item: Leftovers
|-heal|p1a: Clodsire|87/100|[from] item: Leftovers
|upkeep
|turn|26
|
|t:|1779884507
|move|p2a: Meowstic|Reflect|p2a: Meowstic
|-sidestart|p2: Doloris114|Reflect
|move|p1a: Clodsire|Toxic|p2a: Meowstic
|-status|p2a: Meowstic|tox
|
|-heal|p2a: Meowstic|52/100 tox|[from] item: Leftovers
|-heal|p1a: Clodsire|93/100|[from] item: Leftovers
|-damage|p2a: Meowstic|46/100 tox|[from] psn
|upkeep
|turn|27
|
|t:|1779884517
|switch|p2a: Overqwil|Overqwil, F, shiny, tera:Dark|71/100
|switch|p1a: Slowbro|Slowbro-Galar, F|100/100
|
|upkeep
|turn|28
|j| Richard Papen
|
|t:|1779884545
|move|p2a: Overqwil|Throat Chop|p1a: Slowbro
|-supereffective|p1a: Slowbro
|-damage|p1a: Slowbro|0 fnt
|-damage|p2a: Overqwil|55/100|[from] item: Rocky Helmet|[of] p1a: Slowbro
|faint|p1a: Slowbro
|
|upkeep
|
|t:|1779884548
|switch|p1a: Comfey|Comfey, F|100/100
|turn|29
|
|t:|1779884561
|switch|p2a: Meowstic|Meowstic, M|46/100 tox
|move|p1a: Comfey|Draining Kiss|p2a: Meowstic
|-damage|p2a: Meowstic|26/100 tox
|
|-heal|p2a: Meowstic|32/100 tox|[from] item: Leftovers
|-damage|p2a: Meowstic|26/100 tox|[from] psn
|upkeep
|turn|30
|
|t:|1779884574
|move|p2a: Meowstic|Light Screen|p2a: Meowstic
|-sidestart|p2: Doloris114|move: Light Screen
|move|p1a: Comfey|Calm Mind|p1a: Comfey
|-boost|p1a: Comfey|spa|1
|-boost|p1a: Comfey|spd|1
|
|-heal|p2a: Meowstic|32/100 tox|[from] item: Leftovers
|-damage|p2a: Meowstic|20/100 tox|[from] psn
|-sideend|p2: Doloris114|Reflect
|upkeep
|turn|31
|
|t:|1779884584
|move|p1a: Comfey|Draining Kiss|p2a: Meowstic
|-damage|p2a: Meowstic|6/100 tox
|move|p2a: Meowstic|Thunder Wave|p1a: Comfey
|-status|p1a: Comfey|par
|
|-heal|p2a: Meowstic|12/100 tox|[from] item: Leftovers
|-damage|p2a: Meowstic|0 fnt|[from] psn
|faint|p2a: Meowstic
|upkeep
|
|t:|1779884595
|switch|p2a: Overqwil|Overqwil, F, shiny, tera:Dark|55/100
|turn|32
|
|t:|1779884626
|cant|p1a: Comfey|par
|move|p2a: Overqwil|Barb Barrage|p1a: Comfey
|-supereffective|p1a: Comfey
|-damage|p1a: Comfey|0 fnt
|faint|p1a: Comfey
|
|upkeep
|
|t:|1779884630
|switch|p1a: Clodsire|Clodsire, F|93/100
|turn|33
|
|t:|1779884640
|switch|p2a: Greninja|Greninja, F|100/100
|move|p1a: Clodsire|Toxic|p2a: Greninja
|-status|p2a: Greninja|tox
|
|-heal|p1a: Clodsire|99/100|[from] item: Leftovers
|-damage|p2a: Greninja|95/100 tox|[from] psn
|upkeep
|turn|34
|
|t:|1779884692
|move|p2a: Greninja|Ice Beam|p1a: Clodsire
|-supereffective|p1a: Clodsire
|-damage|p1a: Clodsire|75/100
|move|p1a: Clodsire|Earthquake|p2a: Greninja
|-damage|p2a: Greninja|47/100 tox
|
|-heal|p1a: Clodsire|81/100|[from] item: Leftovers
|-damage|p2a: Greninja|35/100 tox|[from] psn
|-sideend|p2: Doloris114|move: Light Screen
|upkeep
|turn|35
|
|t:|1779884703
|move|p2a: Greninja|Ice Beam|p1a: Clodsire
|-supereffective|p1a: Clodsire
|-damage|p1a: Clodsire|57/100
|move|p1a: Clodsire|Earthquake|p2a: Greninja
|-damage|p2a: Greninja|0 fnt
|faint|p2a: Greninja
|
|-heal|p1a: Clodsire|63/100|[from] item: Leftovers
|upkeep
|
|t:|1779884713
|switch|p2a: Overqwil|Overqwil, F, shiny, tera:Dark|55/100
|turn|36
|
|t:|1779884717
|move|p2a: Overqwil|Throat Chop|p1a: Clodsire
|-crit|p1a: Clodsire
|-damage|p1a: Clodsire|0 fnt
|faint|p1a: Clodsire
|
|win|Doloris114
|raw|elementalbalance's rating: 1163 &rarr; <strong>1135</strong><br />(-28 for losing)
|raw|Doloris114's rating: 1115 &rarr; <strong>1143</strong><br />(+28 for winning)
|l|☆elementalbalance
|player|p1|
|l|☆Doloris114
|player|p2|
|l| Richard Papen
