|j|☆capitolg
|j|☆claudechamp
|t:|1779908658
|gametype|singles
|player|p1|capitolg|bellelba|1175
|player|p2|claudechamp|169|1164
|gen|9
|tier|[Gen 9] OU
|rated|
|rule|HP Percentage Mod: HP is shown in percentages
|rule|Endless Battle Clause: Forcing endless battles is banned
|rule|Species Clause: Limit one of each Pokémon
|rule|OHKO Clause: OHKO moves are banned
|rule|Evasion Items Clause: Evasion items are banned
|rule|Evasion Moves Clause: Evasion moves are banned
|rule|Evasion Abilities Clause: Evasion abilities are banned
|rule|Sleep Moves Clause: Sleep-inducing moves are banned
|clearpoke
|poke|p1|Ribombee, M|
|poke|p1|Serperior, M|
|poke|p1|Kingambit, F|
|poke|p1|Skeledirge, M|
|poke|p1|Milotic, M|
|poke|p1|Cinderace, M|
|poke|p2|Gliscor, M|
|poke|p2|Gholdengo|
|poke|p2|Zamazenta-*|
|poke|p2|Blissey, F|
|poke|p2|Skarmory, M|
|poke|p2|Pecharunt|
|teampreview
|c|☆claudechamp|hf
|inactive|Battle timer is ON: inactive players will automatically lose when time's up. (requested by claudechamp)
|
|t:|1779908660
|teamsize|p1|6
|teamsize|p2|6
|start
|switch|p1a: Ribombee|Ribombee, M|100/100
|switch|p2a: Skarmory|Skarmory, M|100/100
|turn|1
|
|t:|1779908668
|move|p1a: Ribombee|Sticky Web|p2a: Skarmory
|-sidestart|p2: claudechamp|move: Sticky Web
|move|p2a: Skarmory|Spikes|p1a: Ribombee
|-sidestart|p1: capitolg|Spikes
|
|upkeep
|turn|2
|
|t:|1779908675
|switch|p1a: Skeledirge|Skeledirge, M|100/100
|-item|p1a: Skeledirge|Air Balloon
|move|p2a: Skarmory|Spikes|p1a: Skeledirge
|-sidestart|p1: capitolg|Spikes
|
|upkeep
|turn|3
|
|t:|1779908677
|switch|p2a: Blissey|Blissey, F|100/100
|move|p1a: Skeledirge|Torch Song|p2a: Blissey
|-damage|p2a: Blissey|87/100
|-boost|p1a: Skeledirge|spa|1
|
|upkeep
|turn|4
|
|t:|1779908680
|move|p1a: Skeledirge|Torch Song|p2a: Blissey
|-damage|p2a: Blissey|68/100
|-boost|p1a: Skeledirge|spa|1
|move|p2a: Blissey|Shadow Ball|p1a: Skeledirge
|-supereffective|p1a: Skeledirge
|-damage|p1a: Skeledirge|72/100
|-enditem|p1a: Skeledirge|Air Balloon
|
|upkeep
|turn|5
|
|t:|1779908683
|move|p1a: Skeledirge|Torch Song|p2a: Blissey
|-damage|p2a: Blissey|44/100
|-boost|p1a: Skeledirge|spa|1
|move|p2a: Blissey|Shadow Ball|p1a: Skeledirge
|-supereffective|p1a: Skeledirge
|-damage|p1a: Skeledirge|43/100
|
|upkeep
|turn|6
|
|t:|1779908685
|move|p1a: Skeledirge|Torch Song|p2a: Blissey
|-damage|p2a: Blissey|15/100
|-boost|p1a: Skeledirge|spa|1
|move|p2a: Blissey|Soft-Boiled|p2a: Blissey
|-heal|p2a: Blissey|65/100
|
|upkeep
|turn|7
|
|t:|1779908688
|move|p1a: Skeledirge|Torch Song|p2a: Blissey
|-damage|p2a: Blissey|26/100
|-boost|p1a: Skeledirge|spa|1
|move|p2a: Blissey|Shadow Ball|p1a: Skeledirge
|-supereffective|p1a: Skeledirge
|-damage|p1a: Skeledirge|14/100
|
|upkeep
|turn|8
|
|t:|1779908693
|switch|p2a: Skarmory|Skarmory, M|100/100
|move|p1a: Skeledirge|Torch Song|p2a: Skarmory
|-supereffective|p2a: Skarmory
|-ability|p2a: Skarmory|Sturdy
|-damage|p2a: Skarmory|1/100
|-boost|p1a: Skeledirge|spa|1
|
|upkeep
|turn|9
|
|t:|1779908697
|move|p1a: Skeledirge|Torch Song|p2a: Skarmory
|-supereffective|p2a: Skarmory
|-damage|p2a: Skarmory|0 fnt
|faint|p2a: Skarmory
|
|upkeep
|
|t:|1779908700
|switch|p2a: Gliscor|Gliscor, M|100/100
|turn|10
|
|t:|1779908708
|move|p2a: Gliscor|Earthquake|p1a: Skeledirge
|-supereffective|p1a: Skeledirge
|-damage|p1a: Skeledirge|0 fnt
|faint|p1a: Skeledirge
|
|-status|p2a: Gliscor|tox|[from] item: Toxic Orb
|upkeep
|
|t:|1779908713
|switch|p1a: Cinderace|Cinderace, M|100/100
|turn|11
|
|t:|1779908723
|move|p1a: Cinderace|Court Change|p1a: Cinderace
|-start|p1a: Cinderace|typechange|Normal|[from] ability: Libero
|-swapsideconditions
|-activate|p1a: Cinderace|move: Court Change
|move|p2a: Gliscor|Swords Dance|p2a: Gliscor
|-boost|p2a: Gliscor|atk|2
|
|upkeep
|turn|12
|
|t:|1779908727
|move|p1a: Cinderace|Taunt|p2a: Gliscor
|-start|p2a: Gliscor|move: Taunt
|move|p2a: Gliscor|Earthquake|p1a: Cinderace
|-damage|p1a: Cinderace|8/100
|
|upkeep
|turn|13
|
|t:|1779908736
|move|p1a: Cinderace|Sucker Punch|p2a: Gliscor
|-damage|p2a: Gliscor|81/100 tox
|move|p2a: Gliscor|Earthquake|p1a: Cinderace
|-damage|p1a: Cinderace|0 fnt
|faint|p1a: Cinderace
|
|-heal|p2a: Gliscor|93/100 tox|[from] ability: Poison Heal
|upkeep
|
|t:|1779908738
|switch|p1a: Ribombee|Ribombee, M|100/100
|-activate|p1a: Ribombee|move: Sticky Web
|-unboost|p1a: Ribombee|spe|1
|turn|14
|
|t:|1779908748
|move|p1a: Ribombee|Skill Swap|p2a: Gliscor
|-activate|p1a: Ribombee|Skill Swap|Poison Heal|Shield Dust|[of] p2a: Gliscor
|move|p2a: Gliscor|Earthquake|p1a: Ribombee
|-resisted|p1a: Ribombee
|-damage|p1a: Ribombee|33/100
|
|-damage|p2a: Gliscor|68/100 tox|[from] psn
|-end|p2a: Gliscor|move: Taunt
|upkeep
|turn|15
|
|t:|1779908767
|switch|p2a: Blissey|Blissey, F|26/100
|move|p1a: Ribombee|Moonblast|p2a: Blissey
|-damage|p2a: Blissey|13/100
|
|upkeep
|turn|16
|
|t:|1779908779
|move|p1a: Ribombee|Moonblast|p2a: Blissey
|-damage|p2a: Blissey|0 fnt
|faint|p2a: Blissey
|
|upkeep
|
|t:|1779908794
|switch|p2a: Gliscor|Gliscor, M|68/100 tox
|turn|17
|
|t:|1779908800
|move|p1a: Ribombee|Skill Swap|p2a: Gliscor
|-activate|p1a: Ribombee|Skill Swap|Poison Heal|Poison Heal|[of] p2a: Gliscor
|move|p2a: Gliscor|Swords Dance|p2a: Gliscor
|-boost|p2a: Gliscor|atk|2
|
|-heal|p2a: Gliscor|81/100 tox|[from] ability: Poison Heal
|upkeep
|turn|18
|
|t:|1779908812
|move|p1a: Ribombee|Moonblast|p2a: Gliscor
|-damage|p2a: Gliscor|46/100 tox
|move|p2a: Gliscor|Knock Off|p1a: Ribombee
|-resisted|p1a: Ribombee
|-damage|p1a: Ribombee|0 fnt
|-enditem|p1a: Ribombee|Focus Sash|[from] move: Knock Off|[of] p2a: Gliscor
|faint|p1a: Ribombee
|
|-heal|p2a: Gliscor|58/100 tox|[from] ability: Poison Heal
|upkeep
|
|t:|1779908816
|switch|p1a: Serperior|Serperior, M|100/100
|-activate|p1a: Serperior|move: Sticky Web
|-boost|p1a: Serperior|spe|1
|turn|19
|
|t:|1779908830
|move|p1a: Serperior|Substitute|p1a: Serperior
|-start|p1a: Serperior|Substitute
|-damage|p1a: Serperior|76/100
|move|p2a: Gliscor|Earthquake|p1a: Serperior
|-resisted|p1a: Serperior
|-end|p1a: Serperior|Substitute
|
|-heal|p1a: Serperior|82/100|[from] item: Leftovers
|-heal|p2a: Gliscor|71/100 tox|[from] ability: Poison Heal
|upkeep
|turn|20
|
|t:|1779908843
|-terastallize|p2a: Gliscor|Dark
|move|p1a: Serperior|Leaf Storm|p2a: Gliscor
|-damage|p2a: Gliscor|25/100 tox
|-boost|p1a: Serperior|spa|2
|move|p2a: Gliscor|Knock Off|p1a: Serperior
|-damage|p1a: Serperior|7/100
|-enditem|p1a: Serperior|Leftovers|[from] move: Knock Off|[of] p2a: Gliscor
|
|-heal|p2a: Gliscor|38/100 tox|[from] ability: Poison Heal
|upkeep
|turn|21
|
|t:|1779908850
|move|p1a: Serperior|Leaf Storm|p2a: Gliscor
|-damage|p2a: Gliscor|0 fnt
|-boost|p1a: Serperior|spa|2
|faint|p2a: Gliscor
|
|upkeep
|
|t:|1779908856
|switch|p2a: Pecharunt|Pecharunt|100/100
|turn|22
|
|t:|1779908862
|move|p1a: Serperior|Glare|p2a: Pecharunt
|-status|p2a: Pecharunt|par
|move|p2a: Pecharunt|Shadow Ball|p1a: Serperior
|-damage|p1a: Serperior|0 fnt
|faint|p1a: Serperior
|
|upkeep
|
|t:|1779908864
|switch|p1a: Kingambit|Kingambit, F|100/100
|-activate|p1a: Kingambit|move: Sticky Web
|-unboost|p1a: Kingambit|spe|1
|-ability|p1a: Kingambit|Defiant|boost
|-boost|p1a: Kingambit|atk|2
|turn|23
|
|t:|1779908871
|switch|p2a: Zamazenta|Zamazenta|100/100
|-ability|p2a: Zamazenta|Dauntless Shield|boost
|-boost|p2a: Zamazenta|def|1
|move|p1a: Kingambit|Throat Chop|p2a: Zamazenta
|-resisted|p2a: Zamazenta
|-damage|p2a: Zamazenta|74/100
|-start|p2a: Zamazenta|Throat Chop|[silent]
|
|upkeep
|turn|24
|
|t:|1779908874
|switch|p1a: Milotic|Milotic, M|100/100
|-activate|p1a: Milotic|move: Sticky Web
|-unboost|p1a: Milotic|spe|1
|-ability|p1a: Milotic|Competitive|boost
|-boost|p1a: Milotic|spa|2
|move|p2a: Zamazenta|Close Combat|p1a: Milotic
|-crit|p1a: Milotic
|-damage|p1a: Milotic|20/100
|-unboost|p2a: Zamazenta|def|1
|-unboost|p2a: Zamazenta|spd|1
|
|-end|p2a: Zamazenta|Throat Chop|[silent]
|upkeep
|turn|25
|
|t:|1779908882
|move|p2a: Zamazenta|Close Combat|p1a: Milotic
|-damage|p1a: Milotic|0 fnt
|-unboost|p2a: Zamazenta|def|1
|-unboost|p2a: Zamazenta|spd|1
|faint|p1a: Milotic
|
|upkeep
|
|t:|1779908884
|switch|p1a: Kingambit|Kingambit, F|100/100
|-activate|p1a: Kingambit|move: Sticky Web
|-unboost|p1a: Kingambit|spe|1
|-ability|p1a: Kingambit|Defiant|boost
|-boost|p1a: Kingambit|atk|2
|turn|26
|
|t:|1779908886
|-terastallize|p1a: Kingambit|Flying
|move|p2a: Zamazenta|Close Combat|p1a: Kingambit
|-resisted|p1a: Kingambit
|-damage|p1a: Kingambit|76/100
|-unboost|p2a: Zamazenta|def|1
|-unboost|p2a: Zamazenta|spd|1
|move|p1a: Kingambit|Throat Chop|p2a: Zamazenta
|-resisted|p2a: Zamazenta
|-damage|p2a: Zamazenta|0 fnt
|faint|p2a: Zamazenta
|
|upkeep
|
|t:|1779908895
|switch|p2a: Pecharunt|Pecharunt|100/100 par
|turn|27
|
|t:|1779908906
|move|p2a: Pecharunt|Shadow Ball|p1a: Kingambit
|-damage|p1a: Kingambit|60/100
|move|p1a: Kingambit|Throat Chop|p2a: Pecharunt
|-supereffective|p2a: Pecharunt
|-damage|p2a: Pecharunt|10/100 par
|-start|p2a: Pecharunt|Throat Chop|[silent]
|
|upkeep
|turn|28
|
|t:|1779908917
|move|p1a: Kingambit|Sucker Punch|p2a: Pecharunt
|-supereffective|p2a: Pecharunt
|-damage|p2a: Pecharunt|0 fnt
|faint|p2a: Pecharunt
|
|upkeep
|
|t:|1779908929
|switch|p2a: Gholdengo|Gholdengo|100/100
|-damage|p2a: Gholdengo|84/100|[from] Spikes
|turn|29
|
|t:|1779908939
|move|p2a: Gholdengo|Hex|p1a: Kingambit
|-damage|p1a: Kingambit|43/100
|move|p1a: Kingambit|Throat Chop|p2a: Gholdengo
|-supereffective|p2a: Gholdengo
|-damage|p2a: Gholdengo|0 fnt
|faint|p2a: Gholdengo
|
|win|capitolg
|raw|capitolg's rating: 1175 &rarr; <strong>1199</strong><br />(+24 for winning)
|raw|claudechamp's rating: 1163 &rarr; <strong>1139</strong><br />(-24 for losing)
|c|☆claudechamp|gg
|l|☆capitolg
|player|p1|
