|j|☆diddlediddle
|j|☆Lano Del Rey2
|t:|1779958986
|gametype|singles
|player|p1|diddlediddle|swimmerf|1329
|player|p2|Lano Del Rey2|swimmer-gen4dp|1344
|gen|9
|tier|[Gen 9] OU
|rated|
|rule|HP Percentage Mod: HP is shown in percentages
|rule|Endless Battle Clause: Forcing endless battles is banned
|rule|Species Clause: Limit one of each Pokémon
|rule|OHKO Clause: OHKO moves are banned
|rule|Evasion Items Clause: Evasion items are banned
|rule|Evasion Moves Clause: Evasion moves are banned
|rule|Evasion Abilities Clause: Evasion abilities are banned
|rule|Sleep Moves Clause: Sleep-inducing moves are banned
|clearpoke
|poke|p1|Cacturne, M|
|poke|p1|Sandy Shocks|
|poke|p1|Jirachi|
|poke|p1|Zoroark-Hisui, M|
|poke|p1|Heatran, F|
|poke|p1|Maushold-Four|
|poke|p2|Clefable, F|
|poke|p2|Araquanid, F|
|poke|p2|Glimmora, F|
|poke|p2|Dragonite, M|
|poke|p2|Skarmory, F|
|poke|p2|Sinistcha-Masterpiece|
|teampreview
|inactive|Battle timer is ON: inactive players will automatically lose when time's up. (requested by diddlediddle)
|inactive|Lano Del Rey2 also wants the timer to be on.
|j| ParticlezZ
|
|t:|1779959005
|teamsize|p1|6
|teamsize|p2|6
|start
|switch|p1a: Cacturne|Cacturne, M|100/100
|switch|p2a: Araquanid|Araquanid, F, shiny|100/100
|turn|1
|
|t:|1779959017
|move|p1a: Cacturne|Swords Dance|p1a: Cacturne
|-boost|p1a: Cacturne|atk|2
|move|p2a: Araquanid|Sticky Web|p1a: Cacturne
|-sidestart|p1: diddlediddle|move: Sticky Web
|
|upkeep
|turn|2
|
|t:|1779959024
|move|p2a: Araquanid|Lunge|p1a: Cacturne
|-supereffective|p1a: Cacturne
|-enditem|p1a: Cacturne|Focus Sash
|-damage|p1a: Cacturne|1/100
|-unboost|p1a: Cacturne|atk|1
|move|p1a: Cacturne|Counter|p2a: Araquanid
|-damage|p2a: Araquanid|0 fnt
|faint|p2a: Araquanid
|
|upkeep
|
|t:|1779959035
|switch|p2a: Skarmory|Skarmory, F, shiny|100/100
|turn|3
|
|t:|1779959040
|move|p1a: Cacturne|Swords Dance|p1a: Cacturne
|-boost|p1a: Cacturne|atk|2
|move|p2a: Skarmory|Stealth Rock|p1a: Cacturne
|-sidestart|p1: diddlediddle|move: Stealth Rock
|
|upkeep
|turn|4
|
|t:|1779959046
|move|p1a: Cacturne|Sucker Punch||[still]
|-fail|p1a: Cacturne
|move|p2a: Skarmory|Whirlwind|p1a: Cacturne
|drag|p1a: Live by the flinch|Jirachi|100/100
|-activate|p1a: Live by the flinch|move: Sticky Web
|-unboost|p1a: Live by the flinch|spe|1
|-damage|p1a: Live by the flinch|94/100|[from] Stealth Rock
|
|upkeep
|turn|5
|
|t:|1779959058
|switch|p2a: A&W|Glimmora, F, shiny|100/100
|move|p1a: Live by the flinch|Body Slam|p2a: A&W
|-resisted|p2a: A&W
|-damage|p2a: A&W|87/100
|-activate|p2a: A&W|ability: Toxic Debris
|-sidestart|p1: diddlediddle|move: Toxic Spikes
|
|-heal|p2a: A&W|93/100|[from] item: Leftovers
|upkeep
|turn|6
|
|t:|1779959068
|move|p1a: Live by the flinch|Body Slam|p2a: A&W
|-resisted|p2a: A&W
|-damage|p2a: A&W|79/100
|-status|p2a: A&W|par
|-activate|p2a: A&W|ability: Toxic Debris
|-sidestart|p1: diddlediddle|move: Toxic Spikes
|move|p2a: A&W|Earth Power|p1a: Live by the flinch
|-supereffective|p1a: Live by the flinch
|-damage|p1a: Live by the flinch|27/100
|-unboost|p1a: Live by the flinch|spd|1
|
|-heal|p2a: A&W|85/100 par|[from] item: Leftovers
|upkeep
|turn|7
|
|t:|1779959083
|switch|p1a: Maushold|Maushold-Four|100/100
|-activate|p1a: Maushold|move: Sticky Web
|-unboost|p1a: Maushold|spe|1
|-damage|p1a: Maushold|88/100|[from] Stealth Rock
|-status|p1a: Maushold|tox
|cant|p2a: A&W|par
|
|-heal|p2a: A&W|91/100 par|[from] item: Leftovers
|-damage|p1a: Maushold|82/100 tox|[from] psn
|upkeep
|turn|8
|
|t:|1779959100
|move|p1a: Maushold|Tidy Up|p1a: Maushold
|-sideend|p1: diddlediddle|Toxic Spikes
|-sideend|p1: diddlediddle|Stealth Rock
|-sideend|p1: diddlediddle|Sticky Web
|-activate|p1a: Maushold|move: Tidy Up
|-boost|p1a: Maushold|atk|1
|-boost|p1a: Maushold|spe|1
|move|p2a: A&W|Sludge Wave|p1a: Maushold
|-damage|p1a: Maushold|0 fnt
|faint|p1a: Maushold
|
|-heal|p2a: A&W|97/100 par|[from] item: Leftovers
|upkeep
|
|t:|1779959113
|switch|p1a: Sandy Shocks|Sandy Shocks|100/100
|-enditem|p1a: Sandy Shocks|Booster Energy
|-activate|p1a: Sandy Shocks|ability: Protosynthesis|[fromitem]
|-start|p1a: Sandy Shocks|protosynthesisspe
|turn|9
|inactive|Lano Del Rey2 has 120 seconds left.
|
|t:|1779959145
|-terastallize|p2a: A&W|Ghost
|move|p1a: Sandy Shocks|Earth Power|p2a: A&W
|-damage|p2a: A&W|44/100 par
|move|p2a: A&W|Earth Power|p1a: Sandy Shocks
|-supereffective|p1a: Sandy Shocks
|-damage|p1a: Sandy Shocks|21/100
|
|-heal|p2a: A&W|50/100 par|[from] item: Leftovers
|upkeep
|turn|10
|inactive|Lano Del Rey2 has 120 seconds left.
|
|t:|1779959157
|move|p1a: Sandy Shocks|Thunderbolt|p2a: A&W
|-damage|p2a: A&W|0 fnt
|faint|p2a: A&W
|
|upkeep
|
|t:|1779959161
|switch|p2a: White Feather Hawk|Dragonite, M|100/100
|turn|11
|
|t:|1779959167
|move|p1a: Sandy Shocks|Thunderbolt|p2a: White Feather Hawk
|-damage|p2a: White Feather Hawk|81/100
|move|p2a: White Feather Hawk|Ice Punch|p1a: Sandy Shocks
|-supereffective|p1a: Sandy Shocks
|-damage|p1a: Sandy Shocks|0 fnt
|faint|p1a: Sandy Shocks
|-end|p1a: Sandy Shocks|Protosynthesis|[silent]
|
|upkeep
|
|t:|1779959173
|switch|p1a: Heatran|Heatran, F|100/100
|turn|12
|
|t:|1779959181
|-terastallize|p1a: Heatran|Fairy
|move|p1a: Heatran|Bitter Malice|p2a: White Feather Hawk
|-damage|p2a: White Feather Hawk|25/100
|-unboost|p2a: White Feather Hawk|atk|1
|move|p2a: White Feather Hawk|Earthquake|p1a: Heatran
|-damage|p1a: Heatran|45/100
|replace|p1a: Zoroark|Zoroark-Hisui, M
|-end|p1a: Zoroark|Illusion
|
|upkeep
|turn|13
|
|t:|1779959193
|switch|p2a: Venice Bitch|Clefable, F, shiny|100/100
|move|p1a: Zoroark|Bitter Malice|p2a: Venice Bitch
|-damage|p2a: Venice Bitch|45/100
|-unboost|p2a: Venice Bitch|atk|1
|
|upkeep
|turn|14
|
|t:|1779959203
|move|p1a: Zoroark|Bitter Malice|p2a: Venice Bitch
|-damage|p2a: Venice Bitch|0 fnt
|faint|p2a: Venice Bitch
|
|upkeep
|
|t:|1779959210
|switch|p2a: Skarmory|Skarmory, F, shiny|100/100
|turn|15
|
|t:|1779959225
|move|p1a: Zoroark|Bitter Malice|p2a: Skarmory
|-crit|p2a: Skarmory
|-ability|p2a: Skarmory|Sturdy
|-damage|p2a: Skarmory|1/100
|-unboost|p2a: Skarmory|atk|1
|move|p2a: Skarmory|Whirlwind|p1a: Zoroark
|drag|p1a: Cacturne|Cacturne, M|1/100
|
|upkeep
|turn|16
|
|t:|1779959235
|move|p1a: Cacturne|Seed Bomb|p2a: Skarmory
|-resisted|p2a: Skarmory
|-damage|p2a: Skarmory|0 fnt
|faint|p2a: Skarmory
|
|upkeep
|
|t:|1779959249
|switch|p2a: White Feather Hawk|Dragonite, M|25/100
|turn|17
|
|t:|1779959255
|move|p1a: Cacturne|Sucker Punch||[still]
|-fail|p1a: Cacturne
|move|p2a: White Feather Hawk|Roost|p2a: White Feather Hawk
|-heal|p2a: White Feather Hawk|75/100
|-singleturn|p2a: White Feather Hawk|move: Roost
|
|upkeep
|turn|18
|
|t:|1779959261
|move|p2a: White Feather Hawk|Dragon Dance|p2a: White Feather Hawk
|-boost|p2a: White Feather Hawk|atk|1
|-boost|p2a: White Feather Hawk|spe|1
|move|p1a: Cacturne|Swords Dance|p1a: Cacturne
|-boost|p1a: Cacturne|atk|2
|
|upkeep
|turn|19
|
|t:|1779959269
|move|p1a: Cacturne|Sucker Punch||[still]
|-fail|p1a: Cacturne
|move|p2a: White Feather Hawk|Roost|p2a: White Feather Hawk
|-heal|p2a: White Feather Hawk|100/100
|-singleturn|p2a: White Feather Hawk|move: Roost
|
|upkeep
|turn|20
|
|t:|1779959276
|switch|p1a: Live by the flinch|Jirachi|27/100
|move|p2a: White Feather Hawk|Ice Punch|p1a: Live by the flinch
|-resisted|p1a: Live by the flinch
|-damage|p1a: Live by the flinch|8/100
|
|upkeep
|turn|21
|
|t:|1779959283
|move|p1a: Live by the flinch|Body Slam|p2a: White Feather Hawk
|-damage|p2a: White Feather Hawk|89/100
|move|p2a: White Feather Hawk|Ice Punch|p1a: Live by the flinch
|-resisted|p1a: Live by the flinch
|-crit|p1a: Live by the flinch
|-damage|p1a: Live by the flinch|0 fnt
|faint|p1a: Live by the flinch
|
|upkeep
|
|t:|1779959289
|switch|p1a: Heatran|Heatran, F|100/100
|turn|22
|
|t:|1779959293
|move|p1a: Heatran|Will-O-Wisp|p2a: White Feather Hawk
|-status|p2a: White Feather Hawk|brn
|move|p2a: White Feather Hawk|Earthquake|p1a: Heatran
|-supereffective|p1a: Heatran
|-damage|p1a: Heatran|0 fnt
|faint|p1a: Heatran
|
|-damage|p2a: White Feather Hawk|82/100 brn|[from] brn
|upkeep
|
|t:|1779959304
|switch|p1a: Cacturne|Cacturne, M, tera:Fairy|45/100
|turn|23
|
|t:|1779959309
|move|p1a: Cacturne|Bitter Malice|p2a: White Feather Hawk
|-damage|p2a: White Feather Hawk|30/100 brn
|-unboost|p2a: White Feather Hawk|atk|1
|move|p2a: White Feather Hawk|Earthquake|p1a: Cacturne
|-damage|p1a: Cacturne|3/100
|replace|p1a: Zoroark|Zoroark-Hisui, M
|-end|p1a: Zoroark|Illusion
|
|-damage|p2a: White Feather Hawk|24/100 brn|[from] brn
|upkeep
|turn|24
|c|☆diddlediddle|GG
|
|t:|1779959321
|move|p1a: Zoroark|Bitter Malice|p2a: White Feather Hawk
|-damage|p2a: White Feather Hawk|0 fnt
|faint|p2a: White Feather Hawk
|
|upkeep
|
|t:|1779959327
|switch|p2a: Art Deco|Sinistcha-Masterpiece, shiny|100/100
|turn|25
|
|t:|1779959332
|move|p1a: Zoroark|Bitter Malice|p2a: Art Deco
|-supereffective|p2a: Art Deco
|-damage|p2a: Art Deco|0 fnt
|faint|p2a: Art Deco
|
|win|diddlediddle
|raw|diddlediddle's rating: 1329 &rarr; <strong>1350</strong><br />(+21 for winning)
|raw|Lano Del Rey2's rating: 1344 &rarr; <strong>1323</strong><br />(-21 for losing)
|l| ParticlezZ
|c|☆diddlediddle|All those hazards for nothing
|l|☆Lano Del Rey2
|player|p2|
|l|☆diddlediddle
|player|p1|
