|j|☆cpapi123
|j|☆bignys900
|t:|1779803932
|gametype|singles
|player|p1|cpapi123|alder|1103
|player|p2|bignys900|psychicf-gen4|1165
|gen|9
|tier|[Gen 9] OU
|rated|
|rule|HP Percentage Mod: HP is shown in percentages
|rule|Endless Battle Clause: Forcing endless battles is banned
|rule|Species Clause: Limit one of each Pokémon
|rule|OHKO Clause: OHKO moves are banned
|rule|Evasion Items Clause: Evasion items are banned
|rule|Evasion Moves Clause: Evasion moves are banned
|rule|Evasion Abilities Clause: Evasion abilities are banned
|rule|Sleep Moves Clause: Sleep-inducing moves are banned
|clearpoke
|poke|p1|Gliscor, F|
|poke|p1|Thundurus, M|
|poke|p1|Gholdengo|
|poke|p1|Tyranitar, F|
|poke|p1|Clefable, M|
|poke|p1|Garchomp, M|
|poke|p2|Mamoswine, M|
|poke|p2|Blaziken, M|
|poke|p2|Clefable, M|
|poke|p2|Lumineon, F|
|poke|p2|Kilowattrel, M|
|poke|p2|Scizor, F|
|teampreview
|inactive|Battle timer is ON: inactive players will automatically lose when time's up. (requested by bignys900)
|
|t:|1779803937
|teamsize|p1|6
|teamsize|p2|6
|start
|switch|p1a: Gliscor|Gliscor, F, shiny|100/100
|switch|p2a: Scizor|Scizor, F|100/100
|turn|1
|
|t:|1779803951
|move|p1a: Gliscor|Toxic Spikes|p2a: Scizor
|-sidestart|p2: bignys900|move: Toxic Spikes
|move|p2a: Scizor|Swords Dance|p2a: Scizor
|-boost|p2a: Scizor|atk|2
|
|-status|p1a: Gliscor|tox|[from] item: Toxic Orb
|upkeep
|turn|2
|
|t:|1779803959
|move|p1a: Gliscor|Toxic Spikes|p2a: Scizor
|-sidestart|p2: bignys900|move: Toxic Spikes
|move|p2a: Scizor|Swords Dance|p2a: Scizor
|-boost|p2a: Scizor|atk|2
|
|upkeep
|turn|3
|
|t:|1779803965
|move|p1a: Gliscor|Earthquake|p2a: Scizor
|-damage|p2a: Scizor|59/100
|move|p2a: Scizor|Swords Dance|p2a: Scizor
|-boost|p2a: Scizor|atk|2
|
|upkeep
|turn|4
|
|t:|1779803976
|move|p2a: Scizor|Bullet Punch|p1a: Gliscor
|-damage|p1a: Gliscor|0 fnt
|faint|p1a: Gliscor
|
|upkeep
|
|t:|1779803992
|switch|p1a: Clefable|Clefable, M|100/100
|turn|5
|
|t:|1779803998
|move|p2a: Scizor|Bullet Punch|p1a: Clefable
|-supereffective|p1a: Clefable
|-damage|p1a: Clefable|19/100
|move|p1a: Clefable|Reflect|p1a: Clefable
|-sidestart|p1: cpapi123|Reflect
|
|-heal|p1a: Clefable|25/100|[from] item: Leftovers
|upkeep
|turn|6
|
|t:|1779804005
|move|p2a: Scizor|Bullet Punch|p1a: Clefable
|-supereffective|p1a: Clefable
|-damage|p1a: Clefable|0 fnt
|faint|p1a: Clefable
|
|upkeep
|
|t:|1779804016
|switch|p1a: Gholdengo|Gholdengo|100/100
|turn|7
|
|t:|1779804028
|move|p2a: Scizor|Bullet Punch|p1a: Gholdengo
|-resisted|p1a: Gholdengo
|-damage|p1a: Gholdengo|71/100
|move|p1a: Gholdengo|Nasty Plot|p1a: Gholdengo
|-boost|p1a: Gholdengo|spa|2
|
|upkeep
|turn|8
|
|t:|1779804033
|move|p2a: Scizor|Bullet Punch|p1a: Gholdengo
|-resisted|p1a: Gholdengo
|-damage|p1a: Gholdengo|41/100
|move|p1a: Gholdengo|Shadow Ball|p2a: Scizor
|-damage|p2a: Scizor|0 fnt
|faint|p2a: Scizor
|-damage|p1a: Gholdengo|31/100|[from] item: Life Orb
|
|upkeep
|
|t:|1779804042
|switch|p2a: Clefable|Clefable, M|100/100
|-status|p2a: Clefable|tox
|turn|9
|
|t:|1779804056
|move|p1a: Gholdengo|Make It Rain|p2a: Clefable
|-supereffective|p2a: Clefable
|-damage|p2a: Clefable|0 fnt
|-unboost|p1a: Gholdengo|spa|1
|faint|p2a: Clefable
|-damage|p1a: Gholdengo|21/100|[from] item: Life Orb
|
|-sideend|p1: cpapi123|Reflect
|upkeep
|
|t:|1779804070
|switch|p2a: Kilowattrel|Kilowattrel, M|100/100
|turn|10
|
|t:|1779804081
|switch|p1a: Garchomp|Garchomp, M|100/100
|move|p2a: Kilowattrel|Charge Beam|p1a: Garchomp
|-immune|p1a: Garchomp
|
|upkeep
|turn|11
|
|t:|1779804090
|switch|p2a: Lumineon|Lumineon, F|100/100
|-status|p2a: Lumineon|tox
|move|p1a: Garchomp|Swords Dance|p1a: Garchomp
|-boost|p1a: Garchomp|atk|2
|
|-damage|p2a: Lumineon|94/100 tox|[from] psn
|upkeep
|turn|12
|
|t:|1779804102
|move|p1a: Garchomp|Dragon Claw|p2a: Lumineon
|-damage|p2a: Lumineon|0 fnt
|faint|p2a: Lumineon
|
|upkeep
|
|t:|1779804105
|switch|p2a: Mamoswine|Mamoswine, M, shiny|100/100
|-status|p2a: Mamoswine|tox
|turn|13
|
|t:|1779804115
|move|p1a: Garchomp|Dragon Claw|p2a: Mamoswine
|-damage|p2a: Mamoswine|2/100 tox
|move|p2a: Mamoswine|Ice Fang|p1a: Garchomp
|-supereffective|p1a: Garchomp
|-damage|p1a: Garchomp|0 fnt
|-damage|p2a: Mamoswine|0 fnt|[from] ability: Rough Skin|[of] p1a: Garchomp
|faint|p1a: Garchomp
|faint|p2a: Mamoswine
|
|upkeep
|
|t:|1779804130
|switch|p1a: Tyranitar|Tyranitar, F|100/100
|switch|p2a: Blaziken|Blaziken, M, shiny|100/100
|-status|p2a: Blaziken|tox
|-weather|Sandstorm|[from] ability: Sand Stream|[of] p1a: Tyranitar
|-item|p1a: Tyranitar|Air Balloon
|turn|14
|
|t:|1779804158
|-terastallize|p1a: Tyranitar|Ground
|move|p2a: Blaziken|Blaze Kick|p1a: Tyranitar
|-damage|p1a: Tyranitar|63/100
|-enditem|p1a: Tyranitar|Air Balloon
|move|p1a: Tyranitar|Earthquake|p2a: Blaziken
|-supereffective|p2a: Blaziken
|-enditem|p2a: Blaziken|Focus Sash
|-damage|p2a: Blaziken|1/100 tox
|
|-weather|Sandstorm|[upkeep]
|-damage|p2a: Blaziken|0 fnt|[from] Sandstorm
|faint|p2a: Blaziken
|upkeep
|inactive|bignys900 has 120 seconds left.
|
|t:|1779804169
|switch|p2a: Kilowattrel|Kilowattrel, M|100/100
|turn|15
|inactive|bignys900 has 120 seconds left.
|
|t:|1779804180
|-terastallize|p2a: Kilowattrel|Fighting
|move|p2a: Kilowattrel|Hurricane|p1a: Tyranitar
|-damage|p1a: Tyranitar|4/100
|-damage|p2a: Kilowattrel|91/100|[from] item: Life Orb
|move|p1a: Tyranitar|Rock Slide|p2a: Kilowattrel
|-resisted|p2a: Kilowattrel
|-damage|p2a: Kilowattrel|51/100
|
|-weather|Sandstorm|[upkeep]
|-damage|p2a: Kilowattrel|45/100|[from] Sandstorm
|upkeep
|turn|16
|
|t:|1779804191
|move|p2a: Kilowattrel|Air Slash|p1a: Tyranitar
|-damage|p1a: Tyranitar|0 fnt
|faint|p1a: Tyranitar
|-damage|p2a: Kilowattrel|35/100|[from] item: Life Orb
|
|-weather|Sandstorm|[upkeep]
|-damage|p2a: Kilowattrel|29/100|[from] Sandstorm
|upkeep
|
|t:|1779804194
|switch|p1a: Thundurus|Thundurus, M|100/100
|turn|17
|
|t:|1779804201
|move|p2a: Kilowattrel|Charge Beam|p1a: Thundurus
|-damage|p1a: Thundurus|56/100
|-boost|p2a: Kilowattrel|spa|1
|-damage|p2a: Kilowattrel|19/100|[from] item: Life Orb
|move|p1a: Thundurus|Psychic|p2a: Kilowattrel
|-supereffective|p2a: Kilowattrel
|-damage|p2a: Kilowattrel|0 fnt
|faint|p2a: Kilowattrel
|
|win|cpapi123
|raw|cpapi123's rating: 1103 &rarr; <strong>1132</strong><br />(+29 for winning)
|raw|bignys900's rating: 1165 &rarr; <strong>1136</strong><br />(-29 for losing)
|l|☆bignys900
|player|p2|
|l|☆cpapi123
|player|p1|
