|j|☆VaporeonUser
|j|☆AxKnwsLittl
|t:|1779910336
|gametype|singles
|player|p1|VaporeonUser|volkner|1537
|player|p2|AxKnwsLittl|lucas-gen4pt|1475
|gen|9
|tier|[Gen 9] OU
|rated|
|rule|HP Percentage Mod: HP is shown in percentages
|rule|Endless Battle Clause: Forcing endless battles is banned
|rule|Species Clause: Limit one of each Pokémon
|rule|OHKO Clause: OHKO moves are banned
|rule|Evasion Items Clause: Evasion items are banned
|rule|Evasion Moves Clause: Evasion moves are banned
|rule|Evasion Abilities Clause: Evasion abilities are banned
|rule|Sleep Moves Clause: Sleep-inducing moves are banned
|clearpoke
|poke|p1|Zapdos|
|poke|p1|Iron Treads|
|poke|p1|Samurott-Hisui, F|
|poke|p1|Ceruledge, M|
|poke|p1|Gholdengo|
|poke|p1|Kingambit, M|
|poke|p2|Hydrapple, M|
|poke|p2|Tyranitar, F|
|poke|p2|Moltres|
|poke|p2|Zamazenta-*|
|poke|p2|Slowking-Galar, F|
|poke|p2|Excadrill, F|
|teampreview
|inactive|Battle timer is ON: inactive players will automatically lose when time's up. (requested by AxKnwsLittl)
|
|t:|1779910345
|teamsize|p1|6
|teamsize|p2|6
|start
|switch|p1a: Samurott|Samurott-Hisui, F|100/100
|switch|p2a: Hydrapple|Hydrapple, M|100/100
|turn|1
|
|t:|1779910349
|switch|p1a: Zapdos|Zapdos|100/100
|move|p2a: Hydrapple|Giga Drain|p1a: Zapdos
|-resisted|p1a: Zapdos
|-crit|p1a: Zapdos
|-damage|p1a: Zapdos|75/100
|
|upkeep
|turn|2
|
|t:|1779910353
|move|p1a: Zapdos|Thunder Wave|p2a: Hydrapple
|-status|p2a: Hydrapple|par
|move|p2a: Hydrapple|Fickle Beam|p1a: Zapdos
|-damage|p1a: Zapdos|43/100
|
|upkeep
|turn|3
|
|t:|1779910358
|switch|p2a: Tyranitar|Tyranitar, F|100/100
|-weather|Sandstorm|[from] ability: Sand Stream|[of] p2a: Tyranitar
|move|p1a: Zapdos|Roost|p1a: Zapdos
|-heal|p1a: Zapdos|93/100
|-singleturn|p1a: Zapdos|move: Roost
|
|-weather|Sandstorm|[upkeep]
|-damage|p1a: Zapdos|87/100|[from] Sandstorm
|upkeep
|turn|4
|
|t:|1779910360
|move|p1a: Zapdos|Volt Switch|p2a: Tyranitar
|-damage|p2a: Tyranitar|88/100
|
|t:|1779910363
|switch|p1a: Iron Treads|Iron Treads|100/100|[from] Volt Switch
|move|p2a: Tyranitar|Stealth Rock|p1a: Iron Treads
|-sidestart|p1: VaporeonUser|move: Stealth Rock
|
|-weather|Sandstorm|[upkeep]
|upkeep
|turn|5
|
|t:|1779910366
|move|p1a: Iron Treads|Earthquake|p2a: Tyranitar
|-supereffective|p2a: Tyranitar
|-damage|p2a: Tyranitar|15/100
|move|p2a: Tyranitar|Knock Off|p1a: Iron Treads
|-damage|p1a: Iron Treads|64/100
|-enditem|p1a: Iron Treads|Leftovers|[from] move: Knock Off|[of] p2a: Tyranitar
|
|-weather|Sandstorm|[upkeep]
|upkeep
|turn|6
|
|t:|1779910372
|switch|p2a: Moltres|Moltres|100/100
|move|p1a: Iron Treads|Rapid Spin|p2a: Moltres
|-damage|p2a: Moltres|90/100
|-boost|p1a: Iron Treads|spe|1
|-sideend|p1: VaporeonUser|Stealth Rock|[from] move: Rapid Spin|[of] p1a: Iron Treads
|
|-weather|Sandstorm|[upkeep]
|-damage|p2a: Moltres|84/100|[from] Sandstorm
|upkeep
|turn|7
|
|t:|1779910376
|-end|p1a: Iron Treads|Quark Drive|[silent]
|switch|p1a: Samurott|Samurott-Hisui, F|100/100
|move|p2a: Moltres|Flamethrower|p1a: Samurott
|-resisted|p1a: Samurott
|-damage|p1a: Samurott|86/100
|
|-weather|Sandstorm|[upkeep]
|-damage|p1a: Samurott|80/100|[from] Sandstorm
|-damage|p2a: Moltres|78/100|[from] Sandstorm
|upkeep
|turn|8
|
|t:|1779910382
|move|p2a: Moltres|Roost|p2a: Moltres
|-heal|p2a: Moltres|100/100
|-singleturn|p2a: Moltres|move: Roost
|move|p1a: Samurott|Ceaseless Edge|p2a: Moltres
|-damage|p2a: Moltres|71/100
|-status|p1a: Samurott|brn|[from] ability: Flame Body|[of] p2a: Moltres
|-sidestart|p2: AxKnwsLittl|Spikes
|
|-weather|Sandstorm|[upkeep]
|-damage|p2a: Moltres|65/100|[from] Sandstorm
|-damage|p1a: Samurott|74/100 brn|[from] Sandstorm
|-damage|p1a: Samurott|68/100 brn|[from] brn
|upkeep
|turn|9
|
|t:|1779910385
|move|p2a: Moltres|U-turn|p1a: Samurott
|-supereffective|p1a: Samurott
|-damage|p1a: Samurott|35/100 brn
|
|t:|1779910387
|switch|p2a: Hydrapple|Hydrapple, M|100/100 par|[from] U-turn
|move|p1a: Samurott|Ceaseless Edge|p2a: Hydrapple
|-damage|p2a: Hydrapple|87/100 par
|-sidestart|p2: AxKnwsLittl|Spikes
|
|-weather|Sandstorm|[upkeep]
|-damage|p1a: Samurott|29/100 brn|[from] Sandstorm
|-damage|p2a: Hydrapple|81/100 par|[from] Sandstorm
|-damage|p1a: Samurott|23/100 brn|[from] brn
|upkeep
|turn|10
|j| AKGD
|
|t:|1779910397
|switch|p1a: Ceruledge|Ceruledge, M|100/100
|move|p2a: Hydrapple|Fickle Beam|p1a: Ceruledge
|-damage|p1a: Ceruledge|69/100
|
|-weather|none
|upkeep
|turn|11
|
|t:|1779910401
|switch|p1a: Zapdos|Zapdos|87/100
|cant|p2a: Hydrapple|par
|
|upkeep
|turn|12
|
|t:|1779910410
|switch|p2a: Excadrill|Excadrill, F|100/100
|-item|p2a: Excadrill|Air Balloon
|move|p1a: Zapdos|Hurricane|p2a: Excadrill|[miss]
|-miss|p1a: Zapdos|p2a: Excadrill
|
|upkeep
|turn|13
|
|t:|1779910412
|switch|p1a: Gholdengo|Gholdengo|100/100
|-item|p1a: Gholdengo|Air Balloon
|move|p2a: Excadrill|Swords Dance|p2a: Excadrill
|-boost|p2a: Excadrill|atk|2
|
|upkeep
|turn|14
|
|t:|1779910415
|move|p2a: Excadrill|Iron Head|p1a: Gholdengo
|-resisted|p1a: Gholdengo
|-damage|p1a: Gholdengo|71/100
|-enditem|p1a: Gholdengo|Air Balloon
|move|p1a: Gholdengo|Focus Blast|p2a: Excadrill|[miss]
|-miss|p1a: Gholdengo|p2a: Excadrill
|
|upkeep
|turn|15
|
|t:|1779910426
|move|p2a: Excadrill|Earthquake|p1a: Gholdengo
|-supereffective|p1a: Gholdengo
|-damage|p1a: Gholdengo|0 fnt
|faint|p1a: Gholdengo
|
|upkeep
|
|t:|1779910428
|switch|p1a: Kingambit|Kingambit, M|100/100
|-activate|p1a: Kingambit|ability: Supreme Overlord
|-start|p1a: Kingambit|fallen1|[silent]
|turn|16
|
|t:|1779910433
|-terastallize|p1a: Kingambit|Fighting
|move|p2a: Excadrill|Earthquake|p1a: Kingambit
|-damage|p1a: Kingambit|2/100
|move|p1a: Kingambit|Swords Dance|p1a: Kingambit
|-boost|p1a: Kingambit|atk|2
|
|-heal|p1a: Kingambit|8/100|[from] item: Leftovers
|upkeep
|turn|17
|
|t:|1779910442
|switch|p2a: Zamazenta|Zamazenta|100/100
|-damage|p2a: Zamazenta|84/100|[from] Spikes
|-ability|p2a: Zamazenta|Dauntless Shield|boost
|-boost|p2a: Zamazenta|def|1
|move|p1a: Kingambit|Sucker Punch||[still]
|-fail|p1a: Kingambit
|
|-heal|p2a: Zamazenta|90/100|[from] item: Leftovers
|-heal|p1a: Kingambit|14/100|[from] item: Leftovers
|upkeep
|turn|18
|
|t:|1779910446
|-end|p1a: Kingambit|fallen1|[silent]
|switch|p1a: Zapdos|Zapdos|87/100
|move|p2a: Zamazenta|Body Press|p1a: Zapdos
|-resisted|p1a: Zapdos
|-crit|p1a: Zapdos
|-damage|p1a: Zapdos|58/100
|
|-heal|p2a: Zamazenta|96/100|[from] item: Leftovers
|upkeep
|turn|19
|
|t:|1779910451
|switch|p2a: Tyranitar|Tyranitar, F|15/100
|-damage|p2a: Tyranitar|0 fnt|[from] Spikes
|faint|p2a: Tyranitar
|move|p1a: Zapdos|Roost|p1a: Zapdos
|-heal|p1a: Zapdos|100/100
|-singleturn|p1a: Zapdos|move: Roost
|
|upkeep
|
|t:|1779910458
|switch|p2a: Slowking|Slowking-Galar, F|100/100
|-damage|p2a: Slowking|84/100|[from] Spikes
|turn|20
|
|t:|1779910464
|move|p1a: Zapdos|Volt Switch|p2a: Slowking
|-damage|p2a: Slowking|69/100
|
|t:|1779910467
|switch|p1a: Iron Treads|Iron Treads|64/100|[from] Volt Switch
|move|p2a: Slowking|Psyshock|p1a: Iron Treads
|-resisted|p1a: Iron Treads
|-damage|p1a: Iron Treads|51/100
|
|upkeep
|turn|21
|
|t:|1779910472
|move|p1a: Iron Treads|Knock Off|p2a: Slowking
|-supereffective|p2a: Slowking
|-damage|p2a: Slowking|19/100
|-enditem|p2a: Slowking|Assault Vest|[from] move: Knock Off|[of] p1a: Iron Treads
|move|p2a: Slowking|Flamethrower|p1a: Iron Treads
|-supereffective|p1a: Iron Treads
|-damage|p1a: Iron Treads|0 fnt
|faint|p1a: Iron Treads
|-end|p1a: Iron Treads|Quark Drive|[silent]
|
|upkeep
|
|t:|1779910476
|switch|p1a: Ceruledge|Ceruledge, M|69/100
|turn|22
|
|t:|1779910479
|move|p1a: Ceruledge|Swords Dance|p1a: Ceruledge
|-boost|p1a: Ceruledge|atk|2
|move|p2a: Slowking|Psyshock|p1a: Ceruledge
|-damage|p1a: Ceruledge|35/100
|
|upkeep
|turn|23
|
|t:|1779910482
|switch|p2a: Zamazenta|Zamazenta|96/100
|-damage|p2a: Zamazenta|80/100|[from] Spikes
|move|p1a: Ceruledge|Bitter Blade|p2a: Zamazenta
|-damage|p2a: Zamazenta|0 fnt
|-heal|p1a: Ceruledge|72/100|[from] drain|[of] p2a: Zamazenta
|faint|p2a: Zamazenta
|
|upkeep
|
|t:|1779910488
|switch|p2a: Excadrill|Excadrill, F|100/100
|-item|p2a: Excadrill|Air Balloon
|turn|24
|
|t:|1779910493
|switch|p1a: Zapdos|Zapdos|100/100
|move|p2a: Excadrill|Earthquake|p1a: Zapdos
|-immune|p1a: Zapdos
|
|upkeep
|turn|25
|
|t:|1779910500
|switch|p2a: Moltres|Moltres|65/100
|move|p1a: Zapdos|Hurricane|p2a: Moltres|[miss]
|-miss|p1a: Zapdos|p2a: Moltres
|
|upkeep
|turn|26
|
|t:|1779910504
|move|p1a: Zapdos|Volt Switch|p2a: Moltres
|-supereffective|p2a: Moltres
|-damage|p2a: Moltres|2/100
|
|t:|1779910506
|switch|p1a: Ceruledge|Ceruledge, M|72/100|[from] Volt Switch
|move|p2a: Moltres|U-turn|p1a: Ceruledge
|-resisted|p1a: Ceruledge
|-damage|p1a: Ceruledge|68/100
|-ability|p1a: Ceruledge|Weak Armor|boost
|-unboost|p1a: Ceruledge|def|1
|-boost|p1a: Ceruledge|spe|2
|
|t:|1779910511
|switch|p2a: Hydrapple|Hydrapple, M|100/100 par|[from] U-turn
|
|upkeep
|turn|27
|
|t:|1779910524
|switch|p1a: Zapdos|Zapdos|100/100
|move|p2a: Hydrapple|Earth Power|p1a: Zapdos
|-immune|p1a: Zapdos
|
|upkeep
|turn|28
|
|t:|1779910528
|move|p1a: Zapdos|Hurricane|p2a: Hydrapple
|-supereffective|p2a: Hydrapple
|-damage|p2a: Hydrapple|2/100 par
|-start|p2a: Hydrapple|confusion
|-activate|p2a: Hydrapple|confusion
|move|p2a: Hydrapple|Fickle Beam|p1a: Zapdos
|-damage|p1a: Zapdos|69/100
|
|upkeep
|turn|29
|
|t:|1779910531
|switch|p2a: Excadrill|Excadrill, F|100/100
|-item|p2a: Excadrill|Air Balloon
|move|p1a: Zapdos|Volt Switch|p2a: Excadrill
|-immune|p2a: Excadrill
|
|upkeep
|turn|30
|
|t:|1779910533
|move|p2a: Excadrill|Swords Dance|p2a: Excadrill
|-boost|p2a: Excadrill|atk|2
|move|p1a: Zapdos|Hurricane|p2a: Excadrill
|-resisted|p2a: Excadrill
|-damage|p2a: Excadrill|68/100
|-enditem|p2a: Excadrill|Air Balloon
|
|upkeep
|turn|31
|
|t:|1779910542
|switch|p1a: Samurott|Samurott-Hisui, F|23/100 brn
|move|p2a: Excadrill|Rapid Spin|p1a: Samurott
|-damage|p1a: Samurott|0 fnt
|-boost|p2a: Excadrill|spe|1
|-sideend|p2: AxKnwsLittl|Spikes|[from] move: Rapid Spin|[of] p2a: Excadrill
|faint|p1a: Samurott
|
|upkeep
|
|t:|1779910544
|switch|p1a: Kingambit|Kingambit, M, tera:Fighting|14/100
|-activate|p1a: Kingambit|ability: Supreme Overlord
|-start|p1a: Kingambit|fallen3|[silent]
|turn|32
|
|t:|1779910547
|move|p1a: Kingambit|Sucker Punch|p2a: Excadrill
|-damage|p2a: Excadrill|2/100
|move|p2a: Excadrill|Rapid Spin|p1a: Kingambit
|-damage|p1a: Kingambit|0 fnt
|-boost|p2a: Excadrill|spe|1
|faint|p1a: Kingambit
|-end|p1a: Kingambit|fallen3|[silent]
|
|upkeep
|
|t:|1779910549
|switch|p1a: Ceruledge|Ceruledge, M|68/100
|turn|33
|
|t:|1779910551
|move|p1a: Ceruledge|Shadow Sneak|p2a: Excadrill
|-damage|p2a: Excadrill|0 fnt
|faint|p2a: Excadrill
|
|upkeep
|
|t:|1779910554
|switch|p2a: Moltres|Moltres|2/100
|turn|34
|
|t:|1779910558
|move|p2a: Moltres|Roost|p2a: Moltres
|-heal|p2a: Moltres|52/100
|-singleturn|p2a: Moltres|move: Roost
|move|p1a: Ceruledge|Bitter Blade|p2a: Moltres
|-resisted|p2a: Moltres
|-damage|p2a: Moltres|34/100
|-heal|p1a: Ceruledge|78/100|[from] drain|[of] p2a: Moltres
|
|upkeep
|turn|35
|
|t:|1779910561
|move|p2a: Moltres|Roost|p2a: Moltres
|-heal|p2a: Moltres|84/100
|-singleturn|p2a: Moltres|move: Roost
|move|p1a: Ceruledge|Swords Dance|p1a: Ceruledge
|-boost|p1a: Ceruledge|atk|2
|
|upkeep
|turn|36
|
|t:|1779910567
|move|p1a: Ceruledge|Poltergeist|p2a: Moltres
|-activate|p2a: Moltres|move: Poltergeist|Heavy-Duty Boots
|-damage|p2a: Moltres|3/100
|move|p2a: Moltres|Roar|p1a: Ceruledge
|drag|p1a: Zapdos|Zapdos|69/100
|
|upkeep
|turn|37
|
|t:|1779910573
|switch|p2a: Hydrapple|Hydrapple, M|36/100 par
|move|p1a: Zapdos|Volt Switch|p2a: Hydrapple
|-resisted|p2a: Hydrapple
|-damage|p2a: Hydrapple|28/100 par
|
|t:|1779910574
|switch|p1a: Ceruledge|Ceruledge, M|78/100|[from] Volt Switch
|
|upkeep
|turn|38
|
|t:|1779910581
|move|p1a: Ceruledge|Poltergeist|p2a: Hydrapple
|-activate|p2a: Hydrapple|move: Poltergeist|Heavy-Duty Boots
|-damage|p2a: Hydrapple|0 fnt
|faint|p2a: Hydrapple
|
|upkeep
|
|t:|1779910582
|switch|p2a: Moltres|Moltres|3/100
|turn|39
|
|t:|1779910584
|move|p1a: Ceruledge|Shadow Sneak|p2a: Moltres
|-damage|p2a: Moltres|0 fnt
|faint|p2a: Moltres
|
|upkeep
|
|t:|1779910585
|switch|p2a: Slowking|Slowking-Galar, F|53/100
|turn|40
|
|t:|1779910588
|-terastallize|p2a: Slowking|Grass
|move|p1a: Ceruledge|Bitter Blade|p2a: Slowking
|-supereffective|p2a: Slowking
|-damage|p2a: Slowking|0 fnt
|-heal|p1a: Ceruledge|100/100|[from] drain|[of] p2a: Slowking
|faint|p2a: Slowking
|
|win|VaporeonUser
|raw|VaporeonUser's rating: 1537 &rarr; <strong>1553</strong><br />(+16 for winning)
|raw|AxKnwsLittl's rating: 1475 &rarr; <strong>1459</strong><br />(-16 for losing)
|l|☆AxKnwsLittl
|player|p2|
|l|☆VaporeonUser
|player|p1|
