|j|☆FelixTheLoser
|j|☆frvgmvgmb
|t:|1779881737
|gametype|singles
|player|p1|FelixTheLoser|170|1098
|player|p2|frvgmvgmb|169|1117
|gen|9
|tier|[Gen 9] OU
|rated|
|rule|HP Percentage Mod: HP is shown in percentages
|rule|Endless Battle Clause: Forcing endless battles is banned
|rule|Species Clause: Limit one of each Pokémon
|rule|OHKO Clause: OHKO moves are banned
|rule|Evasion Items Clause: Evasion items are banned
|rule|Evasion Moves Clause: Evasion moves are banned
|rule|Evasion Abilities Clause: Evasion abilities are banned
|rule|Sleep Moves Clause: Sleep-inducing moves are banned
|clearpoke
|poke|p1|Weezing-Galar, M|
|poke|p1|Ninetales-Alola, F|
|poke|p1|Ogerpon-Wellspring, F|
|poke|p1|Raging Bolt|
|poke|p1|Landorus-Therian, M|
|poke|p1|Lokix, M|
|poke|p2|Latias, F|
|poke|p2|Samurott-Hisui, M|
|poke|p2|Kommo-o, F|
|poke|p2|Ogerpon-Wellspring, F|
|poke|p2|Iron Moth|
|poke|p2|Weezing-Galar, M|
|teampreview
|
|t:|1779881745
|teamsize|p1|6
|teamsize|p2|6
|start
|switch|p1a: Chester Cheetah|Raging Bolt|100/100
|switch|p2a: Samurott|Samurott-Hisui, M|100/100
|turn|1
|inactive|Battle timer is ON: inactive players will automatically lose when time's up. (requested by FelixTheLoser)
|
|t:|1779881752
|move|p2a: Samurott|Ceaseless Edge|p1a: Chester Cheetah
|-damage|p1a: Chester Cheetah|62/100
|-sidestart|p1: FelixTheLoser|Spikes
|move|p1a: Chester Cheetah|Volt Switch|p2a: Samurott
|-supereffective|p2a: Samurott
|-enditem|p2a: Samurott|Focus Sash
|-damage|p2a: Samurott|1/100
|
|t:|1779881760
|-end|p1a: Chester Cheetah|Protosynthesis|[silent]
|switch|p1a: Late Capitalism|Weezing-Galar, M|100/100|[from] Volt Switch
|-ability|p1a: Late Capitalism|Neutralizing Gas
|
|upkeep
|turn|2
|
|t:|1779881768
|move|p2a: Samurott|Taunt|p1a: Late Capitalism
|-start|p1a: Late Capitalism|move: Taunt
|move|p1a: Late Capitalism|Strange Steam|p2a: Samurott
|-supereffective|p2a: Samurott
|-damage|p2a: Samurott|0 fnt
|faint|p2a: Samurott
|
|upkeep
|
|t:|1779881775
|switch|p2a: Latias|Latias, F|100/100
|turn|3
|
|t:|1779881779
|move|p2a: Latias|Agility|p2a: Latias
|-boost|p2a: Latias|spe|2
|move|p1a: Late Capitalism|Strange Steam|p2a: Latias
|-supereffective|p2a: Latias
|-damage|p2a: Latias|51/100
|-enditem|p2a: Latias|Weakness Policy
|-boost|p2a: Latias|atk|2|[from] item: Weakness Policy
|-boost|p2a: Latias|spa|2|[from] item: Weakness Policy
|
|upkeep
|turn|4
|
|t:|1779881788
|move|p2a: Latias|Stored Power|p1a: Late Capitalism
|-supereffective|p1a: Late Capitalism
|-damage|p1a: Late Capitalism|0 fnt
|faint|p1a: Late Capitalism
|-end|p1a: Late Capitalism|ability: Neutralizing Gas
|
|upkeep
|
|t:|1779881793
|switch|p1a: Shari|Ninetales-Alola, F|100/100
|-damage|p1a: Shari|88/100|[from] Spikes
|-weather|Snowscape|[from] ability: Snow Warning|[of] p1a: Shari
|turn|5
|
|t:|1779881802
|switch|p1a: Star-Man|Lokix, M, shiny|100/100
|-damage|p1a: Star-Man|88/100|[from] Spikes
|move|p2a: Latias|Stored Power|p1a: Star-Man
|-immune|p1a: Star-Man
|
|-weather|Snowscape|[upkeep]
|upkeep
|turn|6
|
|t:|1779881816
|-terastallize|p2a: Latias|Steel
|move|p1a: Star-Man|First Impression|p2a: Latias
|-resisted|p2a: Latias
|-damage|p2a: Latias|1/100
|-damage|p1a: Star-Man|78/100|[from] item: Life Orb
|move|p2a: Latias|Aura Sphere|p1a: Star-Man
|-damage|p1a: Star-Man|7/100
|
|-weather|Snowscape|[upkeep]
|upkeep
|turn|7
|
|t:|1779881827
|move|p1a: Star-Man|Sucker Punch|p2a: Latias
|-damage|p2a: Latias|0 fnt
|faint|p2a: Latias
|-damage|p1a: Star-Man|0 fnt|[from] item: Life Orb
|faint|p1a: Star-Man
|
|-weather|Snowscape|[upkeep]
|upkeep
|
|t:|1779881839
|switch|p2a: Ogerpon|Ogerpon-Wellspring, F|100/100
|switch|p1a: Land-how-rus|Landorus-Therian, M|100/100
|-ability|p1a: Land-how-rus|Intimidate|boost
|-unboost|p2a: Ogerpon|atk|1
|turn|8
|
|t:|1779881847
|move|p2a: Ogerpon|U-turn|p1a: Land-how-rus
|-resisted|p1a: Land-how-rus
|-damage|p1a: Land-how-rus|90/100
|-damage|p2a: Ogerpon|84/100|[from] item: Rocky Helmet|[of] p1a: Land-how-rus
|
|t:|1779881852
|switch|p2a: Weezing|Weezing-Galar, M|100/100|[from] U-turn
|move|p1a: Land-how-rus|U-turn|p2a: Weezing
|-resisted|p2a: Weezing
|-damage|p2a: Weezing|97/100
|
|t:|1779881869
|switch|p1a: Ranni|Ogerpon-Wellspring, F|100/100|[from] U-turn
|-damage|p1a: Ranni|88/100|[from] Spikes
|
|-weather|Snowscape|[upkeep]
|-heal|p2a: Weezing|100/100|[from] item: Black Sludge
|upkeep
|turn|9
|
|t:|1779881876
|-terastallize|p1a: Ranni|Water
|detailschange|p1a: Ranni|Ogerpon-Wellspring-Tera, F, tera:Water
|-ability|p1a: Ranni|Embody Aspect (Wellspring)|boost
|-boost|p1a: Ranni|spd|1
|move|p1a: Ranni|Ivy Cudgel|p2a: Weezing|[anim] Ivy Cudgel Water
|-damage|p2a: Weezing|41/100
|move|p2a: Weezing|Sludge Bomb|p1a: Ranni
|-damage|p1a: Ranni|68/100
|-status|p1a: Ranni|psn
|
|-weather|none
|-heal|p2a: Weezing|47/100|[from] item: Black Sludge
|-damage|p1a: Ranni|56/100 psn|[from] psn
|upkeep
|turn|10
|
|t:|1779881890
|switch|p2a: Ogerpon|Ogerpon-Wellspring, F|84/100
|move|p1a: Ranni|Horn Leech|p2a: Ogerpon
|-crit|p2a: Ogerpon
|-damage|p2a: Ogerpon|0 fnt
|-heal|p1a: Ranni|98/100 psn|[from] drain|[of] p2a: Ogerpon
|faint|p2a: Ogerpon
|
|-damage|p1a: Ranni|86/100 psn|[from] psn
|upkeep
|
|t:|1779881904
|switch|p2a: Kommo-o|Kommo-o, F|100/100
|turn|11
|
|t:|1779881908
|move|p1a: Ranni|Play Rough|p2a: Kommo-o
|-supereffective|p2a: Kommo-o
|-damage|p2a: Kommo-o|0 fnt
|faint|p2a: Kommo-o
|
|-damage|p1a: Ranni|73/100 psn|[from] psn
|upkeep
|
|t:|1779881915
|switch|p2a: Iron Moth|Iron Moth|100/100
|-enditem|p2a: Iron Moth|Booster Energy
|-activate|p2a: Iron Moth|ability: Quark Drive|[fromitem]
|-start|p2a: Iron Moth|quarkdrivespa
|turn|12
|
|t:|1779881920
|move|p2a: Iron Moth|Sludge Wave|p1a: Ranni
|-damage|p1a: Ranni|15/100 psn
|move|p1a: Ranni|Ivy Cudgel|p2a: Iron Moth|[anim] Ivy Cudgel Water
|-supereffective|p2a: Iron Moth
|-damage|p2a: Iron Moth|0 fnt
|faint|p2a: Iron Moth
|-end|p2a: Iron Moth|Quark Drive|[silent]
|
|-damage|p1a: Ranni|3/100 psn|[from] psn
|upkeep
|-message|frvgmvgmb forfeited.
|
|win|FelixTheLoser
|raw|FelixTheLoser's rating: 1098 &rarr; <strong>1125</strong><br />(+27 for winning)
|raw|frvgmvgmb's rating: 1117 &rarr; <strong>1091</strong><br />(-26 for losing)
|l|☆frvgmvgmb
|player|p2|
