|j|☆katholikon
|j|☆kooopooolooo
|t:|1779884865
|gametype|singles
|player|p1|katholikon|102|1623
|player|p2|kooopooolooo|169|1619
|gen|9
|tier|[Gen 9] OU
|rated|
|rule|HP Percentage Mod: HP is shown in percentages
|rule|Endless Battle Clause: Forcing endless battles is banned
|rule|Species Clause: Limit one of each Pokémon
|rule|OHKO Clause: OHKO moves are banned
|rule|Evasion Items Clause: Evasion items are banned
|rule|Evasion Moves Clause: Evasion moves are banned
|rule|Evasion Abilities Clause: Evasion abilities are banned
|rule|Sleep Moves Clause: Sleep-inducing moves are banned
|clearpoke
|poke|p1|Iron Boulder|
|poke|p1|Dragapult, M|
|poke|p1|Raging Bolt|
|poke|p1|Great Tusk|
|poke|p1|Ting-Lu|
|poke|p1|Corviknight, M|
|poke|p2|Tyranitar, F|
|poke|p2|Alomomola, M|
|poke|p2|Pecharunt|
|poke|p2|Tornadus-Therian, M|
|poke|p2|Rillaboom, F|
|poke|p2|Iron Treads|
|teampreview
|
|t:|1779884873
|teamsize|p1|6
|teamsize|p2|6
|start
|switch|p1a: Dragapult|Dragapult, M|100/100
|switch|p2a: Tornadus|Tornadus-Therian, M|100/100
|turn|1
|
|t:|1779884878
|move|p1a: Dragapult|U-turn|p2a: Tornadus
|-resisted|p2a: Tornadus
|-damage|p2a: Tornadus|91/100
|
|t:|1779884880
|switch|p1a: Ting-Lu|Ting-Lu|100/100|[from] U-turn
|-ability|p1a: Ting-Lu|Vessel of Ruin
|move|p2a: Tornadus|U-turn|p1a: Ting-Lu
|-supereffective|p1a: Ting-Lu
|-damage|p1a: Ting-Lu|84/100
|
|t:|1779884884
|switch|p2a: Rillaboom|Rillaboom, F|100/100|[from] U-turn
|-fieldstart|move: Grassy Terrain|[from] ability: Grassy Surge|[of] p2a: Rillaboom
|
|-heal|p1a: Ting-Lu|90/100|[from] Grassy Terrain
|-heal|p1a: Ting-Lu|96/100|[from] item: Leftovers
|upkeep
|turn|2
|
|t:|1779884887
|switch|p1a: Corviknight|Corviknight, M|100/100
|-ability|p1a: Corviknight|Pressure
|move|p2a: Rillaboom|Knock Off|p1a: Corviknight
|-damage|p1a: Corviknight|63/100
|-damage|p2a: Rillaboom|84/100|[from] item: Rocky Helmet|[of] p1a: Corviknight
|-enditem|p1a: Corviknight|Rocky Helmet|[from] move: Knock Off|[of] p2a: Rillaboom
|
|-heal|p2a: Rillaboom|90/100|[from] Grassy Terrain
|upkeep
|turn|3
|
|t:|1779884895
|switch|p2a: Hank|Alomomola, M|100/100
|move|p1a: Corviknight|Roost|p1a: Corviknight
|-heal|p1a: Corviknight|100/100
|-singleturn|p1a: Corviknight|move: Roost
|
|upkeep
|turn|4
|
|t:|1779884899
|move|p1a: Corviknight|U-turn|p2a: Hank
|-damage|p2a: Hank|93/100
|-damage|p1a: Corviknight|84/100|[from] item: Rocky Helmet|[of] p2a: Hank
|
|t:|1779884901
|switch|p1a: Raging Bolt|Raging Bolt|100/100|[from] U-turn
|move|p2a: Hank|Scald|p1a: Raging Bolt
|-resisted|p1a: Raging Bolt
|-damage|p1a: Raging Bolt|94/100
|
|-heal|p1a: Raging Bolt|99/100|[from] Grassy Terrain
|-heal|p2a: Hank|99/100|[from] Grassy Terrain
|upkeep
|turn|5
|
|t:|1779884905
|-end|p1a: Raging Bolt|Protosynthesis|[silent]
|switch|p1a: Great Tusk|Great Tusk|100/100
|move|p2a: Hank|Protect||[still]
|-fail|p2a: Hank
|
|-heal|p2a: Hank|100/100|[from] Grassy Terrain
|-fieldend|move: Grassy Terrain
|upkeep
|turn|6
|
|t:|1779884912
|move|p1a: Great Tusk|Knock Off|p2a: Hank
|-damage|p2a: Hank|72/100
|-damage|p1a: Great Tusk|84/100|[from] item: Rocky Helmet|[of] p2a: Hank
|-enditem|p2a: Hank|Rocky Helmet|[from] move: Knock Off|[of] p1a: Great Tusk
|move|p2a: Hank|Scald|p1a: Great Tusk
|-supereffective|p1a: Great Tusk
|-damage|p1a: Great Tusk|46/100
|
|upkeep
|turn|7
|
|t:|1779884920
|-end|p1a: Great Tusk|Protosynthesis|[silent]
|switch|p1a: Raging Bolt|Raging Bolt|99/100
|move|p2a: Hank|Scald|p1a: Raging Bolt
|-resisted|p1a: Raging Bolt
|-damage|p1a: Raging Bolt|94/100
|-status|p1a: Raging Bolt|brn
|
|-damage|p1a: Raging Bolt|88/100 brn|[from] brn
|upkeep
|turn|8
|
|t:|1779884923
|move|p2a: Hank|Protect|p2a: Hank
|-singleturn|p2a: Hank|Protect
|move|p1a: Raging Bolt|Draco Meteor|p2a: Hank
|-activate|p2a: Hank|move: Protect
|
|-damage|p1a: Raging Bolt|82/100 brn|[from] brn
|upkeep
|turn|9
|
|t:|1779884929
|-end|p1a: Raging Bolt|Protosynthesis|[silent]
|switch|p1a: Great Tusk|Great Tusk|46/100
|switch|p2a: OU Forever|Tyranitar, F|100/100
|-weather|Sandstorm|[from] ability: Sand Stream|[of] p2a: OU Forever
|
|-weather|Sandstorm|[upkeep]
|upkeep
|turn|10
|
|t:|1779884935
|switch|p2a: Hank|Alomomola, M|100/100
|move|p1a: Great Tusk|Close Combat|p2a: Hank
|-damage|p2a: Hank|50/100
|-unboost|p1a: Great Tusk|def|1
|-unboost|p1a: Great Tusk|spd|1
|
|-weather|Sandstorm|[upkeep]
|-damage|p2a: Hank|44/100|[from] Sandstorm
|upkeep
|turn|11
|
|t:|1779884943
|-end|p1a: Great Tusk|Protosynthesis|[silent]
|switch|p1a: Dragapult|Dragapult, M|100/100
|switch|p2a: Pecharunt|Pecharunt|100/100
|
|-weather|Sandstorm|[upkeep]
|-damage|p1a: Dragapult|95/100|[from] Sandstorm
|-damage|p2a: Pecharunt|94/100|[from] Sandstorm
|upkeep
|turn|12
|
|t:|1779884946
|switch|p2a: OU Forever|Tyranitar, F|100/100
|move|p1a: Dragapult|U-turn|p2a: OU Forever
|-supereffective|p2a: OU Forever
|-damage|p2a: OU Forever|72/100
|
|t:|1779884948
|switch|p1a: Great Tusk|Great Tusk|46/100|[from] U-turn
|
|-weather|Sandstorm|[upkeep]
|upkeep
|turn|13
|
|t:|1779884953
|switch|p2a: Tornadus|Tornadus-Therian, M|100/100
|move|p1a: Great Tusk|Headlong Rush|p2a: Tornadus
|-immune|p2a: Tornadus
|
|-weather|none
|upkeep
|turn|14
|
|t:|1779884957
|-end|p1a: Great Tusk|Protosynthesis|[silent]
|switch|p1a: Corviknight|Corviknight, M|84/100
|-ability|p1a: Corviknight|Pressure
|move|p2a: Tornadus|U-turn|p1a: Corviknight
|-resisted|p1a: Corviknight
|-damage|p1a: Corviknight|81/100
|
|t:|1779884960
|switch|p2a: Iron Treads|Iron Treads|100/100|[from] U-turn
|
|upkeep
|turn|15
|
|t:|1779884963
|switch|p1a: Ting-Lu|Ting-Lu|96/100
|-ability|p1a: Ting-Lu|Vessel of Ruin
|move|p2a: Iron Treads|Volt Switch|p1a: Ting-Lu
|-immune|p1a: Ting-Lu
|
|-heal|p1a: Ting-Lu|100/100|[from] item: Leftovers
|upkeep
|turn|16
|
|t:|1779884968
|-end|p2a: Iron Treads|Quark Drive|[silent]
|switch|p2a: Rillaboom|Rillaboom, F|90/100
|-fieldstart|move: Grassy Terrain|[from] ability: Grassy Surge|[of] p2a: Rillaboom
|move|p1a: Ting-Lu|Stealth Rock|p2a: Rillaboom
|-sidestart|p2: kooopooolooo|move: Stealth Rock
|
|-heal|p2a: Rillaboom|96/100|[from] Grassy Terrain
|upkeep
|turn|17
|
|t:|1779884989
|switch|p1a: Corviknight|Corviknight, M|81/100
|-ability|p1a: Corviknight|Pressure
|move|p2a: Rillaboom|U-turn|p1a: Corviknight
|-resisted|p1a: Corviknight
|-damage|p1a: Corviknight|74/100
|
|t:|1779884992
|switch|p2a: Iron Treads|Iron Treads|100/100|[from] U-turn
|
|upkeep
|turn|18
|
|t:|1779884996
|move|p2a: Iron Treads|Stealth Rock|p1a: Corviknight
|-sidestart|p1: katholikon|move: Stealth Rock
|move|p1a: Corviknight|U-turn|p2a: Iron Treads
|-resisted|p2a: Iron Treads
|-crit|p2a: Iron Treads
|-damage|p2a: Iron Treads|91/100
|
|t:|1779885000
|switch|p1a: Dragapult|Dragapult, M|95/100|[from] U-turn
|-damage|p1a: Dragapult|82/100|[from] Stealth Rock
|
|-heal|p1a: Dragapult|88/100|[from] Grassy Terrain
|-heal|p2a: Iron Treads|97/100|[from] Grassy Terrain
|upkeep
|turn|19
|
|t:|1779885009
|move|p1a: Dragapult|Flamethrower|p2a: Iron Treads
|-supereffective|p2a: Iron Treads
|-damage|p2a: Iron Treads|20/100
|move|p2a: Iron Treads|Volt Switch|p1a: Dragapult
|-resisted|p1a: Dragapult
|-damage|p1a: Dragapult|78/100
|
|t:|1779885012
|-end|p2a: Iron Treads|Quark Drive|[silent]
|switch|p2a: OU Forever|Tyranitar, F|72/100|[from] Volt Switch
|-damage|p2a: OU Forever|60/100|[from] Stealth Rock
|-weather|Sandstorm|[from] ability: Sand Stream|[of] p2a: OU Forever
|
|-weather|Sandstorm|[upkeep]
|-damage|p1a: Dragapult|72/100|[from] Sandstorm
|-heal|p1a: Dragapult|78/100|[from] Grassy Terrain
|-heal|p2a: OU Forever|66/100|[from] Grassy Terrain
|upkeep
|turn|20
|
|t:|1779885016
|switch|p1a: Ting-Lu|Ting-Lu|100/100
|-damage|p1a: Ting-Lu|94/100|[from] Stealth Rock
|-ability|p1a: Ting-Lu|Vessel of Ruin
|move|p2a: OU Forever|Ice Beam|p1a: Ting-Lu
|-supereffective|p1a: Ting-Lu
|-damage|p1a: Ting-Lu|76/100
|
|-weather|Sandstorm|[upkeep]
|-heal|p2a: OU Forever|72/100|[from] Grassy Terrain
|-heal|p1a: Ting-Lu|83/100|[from] Grassy Terrain
|-heal|p1a: Ting-Lu|89/100|[from] item: Leftovers
|-fieldend|move: Grassy Terrain
|upkeep
|turn|21
|
|t:|1779885023
|move|p2a: OU Forever|Knock Off|p1a: Ting-Lu
|-resisted|p1a: Ting-Lu
|-damage|p1a: Ting-Lu|75/100
|-enditem|p1a: Ting-Lu|Leftovers|[from] move: Knock Off|[of] p2a: OU Forever
|move|p1a: Ting-Lu|Spikes|p2a: OU Forever
|-sidestart|p2: kooopooolooo|Spikes
|
|-weather|Sandstorm|[upkeep]
|upkeep
|turn|22
|
|t:|1779885025
|move|p2a: OU Forever|Low Kick|p1a: Ting-Lu
|-supereffective|p1a: Ting-Lu
|-damage|p1a: Ting-Lu|29/100
|move|p1a: Ting-Lu|Spikes|p2a: OU Forever
|-sidestart|p2: kooopooolooo|Spikes
|
|-weather|Sandstorm|[upkeep]
|upkeep
|turn|23
|
|t:|1779885028
|switch|p1a: Dragapult|Dragapult, M|78/100
|-damage|p1a: Dragapult|66/100|[from] Stealth Rock
|move|p2a: OU Forever|Low Kick|p1a: Dragapult
|-immune|p1a: Dragapult
|
|-weather|none
|upkeep
|turn|24
|
|t:|1779885041
|move|p1a: Dragapult|U-turn|p2a: OU Forever
|-supereffective|p2a: OU Forever
|-damage|p2a: OU Forever|43/100
|
|t:|1779885043
|switch|p1a: Corviknight|Corviknight, M|74/100|[from] U-turn
|-damage|p1a: Corviknight|62/100|[from] Stealth Rock
|-ability|p1a: Corviknight|Pressure
|move|p2a: OU Forever|Knock Off|p1a: Corviknight
|-crit|p1a: Corviknight
|-damage|p1a: Corviknight|27/100
|
|upkeep
|turn|25
|
|t:|1779885053
|move|p2a: OU Forever|Fire Blast|p1a: Corviknight
|-supereffective|p1a: Corviknight
|-damage|p1a: Corviknight|0 fnt
|faint|p1a: Corviknight
|
|upkeep
|
|t:|1779885055
|switch|p1a: Great Tusk|Great Tusk|46/100
|-damage|p1a: Great Tusk|43/100|[from] Stealth Rock
|turn|26
|
|t:|1779885063
|switch|p2a: Pecharunt|Pecharunt|94/100
|move|p1a: Great Tusk|Close Combat|p2a: Pecharunt
|-immune|p2a: Pecharunt
|
|upkeep
|turn|27
|
|t:|1779885071
|-end|p1a: Great Tusk|Protosynthesis|[silent]
|switch|p1a: Ting-Lu|Ting-Lu|29/100
|-damage|p1a: Ting-Lu|23/100|[from] Stealth Rock
|-ability|p1a: Ting-Lu|Vessel of Ruin
|move|p2a: Pecharunt|Parting Shot|p1a: Ting-Lu
|-unboost|p1a: Ting-Lu|atk|1
|-unboost|p1a: Ting-Lu|spa|1
|
|t:|1779885075
|switch|p2a: Rillaboom|Rillaboom, F|96/100|[from] Parting Shot
|-damage|p2a: Rillaboom|84/100|[from] Stealth Rock
|-damage|p2a: Rillaboom|68/100|[from] Spikes
|-fieldstart|move: Grassy Terrain|[from] ability: Grassy Surge|[of] p2a: Rillaboom
|
|-heal|p2a: Rillaboom|74/100|[from] Grassy Terrain
|-heal|p1a: Ting-Lu|29/100|[from] Grassy Terrain
|upkeep
|turn|28
|
|t:|1779885080
|move|p2a: Rillaboom|Wood Hammer|p1a: Ting-Lu
|-supereffective|p1a: Ting-Lu
|-damage|p1a: Ting-Lu|0 fnt
|faint|p1a: Ting-Lu
|-damage|p2a: Rillaboom|59/100|[from] Recoil
|
|-heal|p2a: Rillaboom|66/100|[from] Grassy Terrain
|upkeep
|
|t:|1779885083
|switch|p1a: Dragapult|Dragapult, M|66/100
|-damage|p1a: Dragapult|54/100|[from] Stealth Rock
|turn|29
|j| NoirSoumission
|
|t:|1779885089
|switch|p2a: Pecharunt|Pecharunt|94/100
|move|p1a: Dragapult|U-turn|p2a: Pecharunt
|-resisted|p2a: Pecharunt
|-damage|p2a: Pecharunt|93/100
|
|t:|1779885092
|switch|p1a: Raging Bolt|Raging Bolt|82/100 brn|[from] U-turn
|-damage|p1a: Raging Bolt|69/100 brn|[from] Stealth Rock
|
|-heal|p1a: Raging Bolt|75/100 brn|[from] Grassy Terrain
|-heal|p2a: Pecharunt|99/100|[from] Grassy Terrain
|-damage|p1a: Raging Bolt|69/100 brn|[from] brn
|upkeep
|turn|30
|
|t:|1779885099
|move|p1a: Raging Bolt|Draco Meteor|p2a: Pecharunt
|-damage|p2a: Pecharunt|0 fnt
|-unboost|p1a: Raging Bolt|spa|2
|faint|p2a: Pecharunt
|
|-heal|p1a: Raging Bolt|75/100 brn|[from] Grassy Terrain
|-damage|p1a: Raging Bolt|69/100 brn|[from] brn
|upkeep
|
|t:|1779885102
|switch|p2a: Iron Treads|Iron Treads|20/100
|turn|31
|
|t:|1779885119
|-end|p1a: Raging Bolt|Protosynthesis|[silent]
|switch|p1a: Dragapult|Dragapult, M|54/100
|-damage|p1a: Dragapult|42/100|[from] Stealth Rock
|move|p2a: Iron Treads|Rapid Spin|p1a: Dragapult
|-immune|p1a: Dragapult
|
|-heal|p1a: Dragapult|48/100|[from] Grassy Terrain
|-heal|p2a: Iron Treads|26/100|[from] Grassy Terrain
|-fieldend|move: Grassy Terrain
|upkeep
|turn|32
|
|t:|1779885128
|-end|p2a: Iron Treads|Quark Drive|[silent]
|switch|p2a: Tornadus|Tornadus-Therian, M|100/100
|-damage|p2a: Tornadus|76/100|[from] Stealth Rock
|move|p1a: Dragapult|Shadow Ball|p2a: Tornadus
|-damage|p2a: Tornadus|40/100
|
|upkeep
|turn|33
|
|t:|1779885138
|move|p1a: Dragapult|Shadow Ball|p2a: Tornadus
|-damage|p2a: Tornadus|2/100
|move|p2a: Tornadus|U-turn|p1a: Dragapult
|-resisted|p1a: Dragapult
|-damage|p1a: Dragapult|37/100
|
|t:|1779885140
|switch|p2a: OU Forever|Tyranitar, F|43/100|[from] U-turn
|-damage|p2a: OU Forever|30/100|[from] Stealth Rock
|-damage|p2a: OU Forever|14/100|[from] Spikes
|-weather|Sandstorm|[from] ability: Sand Stream|[of] p2a: OU Forever
|
|-weather|Sandstorm|[upkeep]
|-damage|p1a: Dragapult|31/100|[from] Sandstorm
|upkeep
|turn|34
|
|t:|1779885145
|move|p1a: Dragapult|Shadow Ball|p2a: OU Forever
|-resisted|p2a: OU Forever
|-damage|p2a: OU Forever|5/100
|move|p2a: OU Forever|Ice Beam|p1a: Dragapult
|-supereffective|p1a: Dragapult
|-damage|p1a: Dragapult|0 fnt
|faint|p1a: Dragapult
|
|-weather|Sandstorm|[upkeep]
|upkeep
|
|t:|1779885153
|switch|p1a: Great Tusk|Great Tusk|43/100
|-damage|p1a: Great Tusk|40/100|[from] Stealth Rock
|turn|35
|
|t:|1779885157
|move|p1a: Great Tusk|Knock Off|p2a: OU Forever
|-resisted|p2a: OU Forever
|-damage|p2a: OU Forever|0 fnt
|-enditem|p2a: OU Forever|Assault Vest|[from] move: Knock Off|[of] p1a: Great Tusk
|faint|p2a: OU Forever
|
|-weather|Sandstorm|[upkeep]
|upkeep
|
|t:|1779885160
|switch|p2a: Tornadus|Tornadus-Therian, M|35/100
|-damage|p2a: Tornadus|10/100|[from] Stealth Rock
|turn|36
|
|t:|1779885166
|move|p2a: Tornadus|U-turn|p1a: Great Tusk
|-resisted|p1a: Great Tusk
|-damage|p1a: Great Tusk|35/100
|
|t:|1779885169
|switch|p2a: Hank|Alomomola, M|77/100|[from] U-turn
|-damage|p2a: Hank|65/100|[from] Stealth Rock
|-damage|p2a: Hank|48/100|[from] Spikes
|move|p1a: Great Tusk|Knock Off|p2a: Hank
|-crit|p2a: Hank
|-damage|p2a: Hank|19/100
|
|-weather|Sandstorm|[upkeep]
|-damage|p2a: Hank|12/100|[from] Sandstorm
|upkeep
|turn|37
|
|t:|1779885175
|move|p1a: Great Tusk|Knock Off|p2a: Hank
|-damage|p2a: Hank|0 fnt
|faint|p2a: Hank
|
|-weather|none
|upkeep
|
|t:|1779885178
|switch|p2a: Rillaboom|Rillaboom, F|66/100
|-damage|p2a: Rillaboom|53/100|[from] Stealth Rock
|-damage|p2a: Rillaboom|37/100|[from] Spikes
|-fieldstart|move: Grassy Terrain|[from] ability: Grassy Surge|[of] p2a: Rillaboom
|turn|38
|
|t:|1779885186
|move|p2a: Rillaboom|Grassy Glide|p1a: Great Tusk
|-supereffective|p1a: Great Tusk
|-damage|p1a: Great Tusk|0 fnt
|faint|p1a: Great Tusk
|-end|p1a: Great Tusk|Protosynthesis|[silent]
|
|-heal|p2a: Rillaboom|43/100|[from] Grassy Terrain
|upkeep
|
|t:|1779885188
|switch|p1a: Raging Bolt|Raging Bolt|69/100 brn
|-damage|p1a: Raging Bolt|57/100 brn|[from] Stealth Rock
|turn|39
|
|t:|1779885194
|switch|p2a: Tornadus|Tornadus-Therian, M|43/100
|-damage|p2a: Tornadus|18/100|[from] Stealth Rock
|move|p1a: Raging Bolt|Draco Meteor|p2a: Tornadus
|-crit|p2a: Tornadus
|-damage|p2a: Tornadus|0 fnt
|-unboost|p1a: Raging Bolt|spa|2
|faint|p2a: Tornadus
|
|-heal|p1a: Raging Bolt|63/100 brn|[from] Grassy Terrain
|-damage|p1a: Raging Bolt|57/100 brn|[from] brn
|upkeep
|
|t:|1779885198
|switch|p2a: Iron Treads|Iron Treads|26/100
|turn|40
|
|t:|1779885202
|-end|p1a: Raging Bolt|Protosynthesis|[silent]
|switch|p1a: Iron Boulder|Iron Boulder|100/100
|-damage|p1a: Iron Boulder|88/100|[from] Stealth Rock
|-enditem|p1a: Iron Boulder|Booster Energy
|-activate|p1a: Iron Boulder|ability: Quark Drive|[fromitem]
|-start|p1a: Iron Boulder|quarkdrivespe
|move|p2a: Iron Treads|Rapid Spin|p1a: Iron Boulder
|-resisted|p1a: Iron Boulder
|-damage|p1a: Iron Boulder|81/100
|-boost|p2a: Iron Treads|spe|1
|-sideend|p2: kooopooolooo|Spikes|[from] move: Rapid Spin|[of] p2a: Iron Treads
|-sideend|p2: kooopooolooo|Stealth Rock|[from] move: Rapid Spin|[of] p2a: Iron Treads
|
|-heal|p1a: Iron Boulder|88/100|[from] Grassy Terrain
|-heal|p2a: Iron Treads|32/100|[from] Grassy Terrain
|upkeep
|turn|41
|
|t:|1779885211
|move|p1a: Iron Boulder|Close Combat|p2a: Iron Treads
|-supereffective|p2a: Iron Treads
|-damage|p2a: Iron Treads|0 fnt
|-unboost|p1a: Iron Boulder|def|1
|-unboost|p1a: Iron Boulder|spd|1
|faint|p2a: Iron Treads
|-end|p2a: Iron Treads|Quark Drive|[silent]
|
|-heal|p1a: Iron Boulder|94/100|[from] Grassy Terrain
|upkeep
|
|t:|1779885214
|switch|p2a: Rillaboom|Rillaboom, F|43/100
|turn|42
|
|t:|1779885217
|move|p2a: Rillaboom|Grassy Glide|p1a: Iron Boulder
|-supereffective|p1a: Iron Boulder
|-damage|p1a: Iron Boulder|0 fnt
|faint|p1a: Iron Boulder
|-end|p1a: Iron Boulder|Quark Drive|[silent]
|
|-heal|p2a: Rillaboom|49/100|[from] Grassy Terrain
|-fieldend|move: Grassy Terrain
|upkeep
|
|t:|1779885219
|switch|p1a: Raging Bolt|Raging Bolt|57/100 brn
|-damage|p1a: Raging Bolt|44/100 brn|[from] Stealth Rock
|turn|43
|
|t:|1779885223
|-terastallize|p2a: Rillaboom|Grass
|move|p2a: Rillaboom|Grassy Glide|p1a: Raging Bolt
|-resisted|p1a: Raging Bolt
|-damage|p1a: Raging Bolt|11/100 brn
|move|p1a: Raging Bolt|Draco Meteor|p2a: Rillaboom
|-damage|p2a: Rillaboom|0 fnt
|-unboost|p1a: Raging Bolt|spa|2
|faint|p2a: Rillaboom
|
|win|katholikon
|raw|katholikon's rating: 1623 &rarr; <strong>1643</strong><br />(+20 for winning)
|raw|kooopooolooo's rating: 1619 &rarr; <strong>1599</strong><br />(-20 for losing)
|l|☆kooopooolooo
|player|p2|
|l| NoirSoumission
|l|☆katholikon
|player|p1|
