|j|☆kuraiyagare
|j|☆TsekaiAndIncognito
|t:|1779885292
|gametype|singles
|player|p1|kuraiyagare|pokemonranger-gen4|1409
|player|p2|TsekaiAndIncognito|2|1430
|gen|9
|tier|[Gen 9] OU
|rated|
|rule|HP Percentage Mod: HP is shown in percentages
|rule|Endless Battle Clause: Forcing endless battles is banned
|rule|Species Clause: Limit one of each Pokémon
|rule|OHKO Clause: OHKO moves are banned
|rule|Evasion Items Clause: Evasion items are banned
|rule|Evasion Moves Clause: Evasion moves are banned
|rule|Evasion Abilities Clause: Evasion abilities are banned
|rule|Sleep Moves Clause: Sleep-inducing moves are banned
|clearpoke
|poke|p1|Breloom, F|
|poke|p1|Gardevoir, F|
|poke|p1|Talonflame, F|
|poke|p1|Magnezone|
|poke|p1|Drifblim, M|
|poke|p1|Zangoose, F|
|poke|p2|Heatran, F|
|poke|p2|Iron Hands|
|poke|p2|Kingambit, F|
|poke|p2|Dragapult, F|
|poke|p2|Hoopa-Unbound|
|poke|p2|Zapdos|
|teampreview
|
|t:|1779885301
|teamsize|p1|6
|teamsize|p2|6
|start
|switch|p1a: Drastenie|Breloom, F|100/100
|switch|p2a: Heatran|Heatran, F|100/100
|turn|1
|
|t:|1779885305
|move|p2a: Heatran|Magma Storm|p1a: Drastenie|[miss]
|-miss|p2a: Heatran|p1a: Drastenie
|move|p1a: Drastenie|Bulldoze|p2a: Heatran
|-supereffective|p2a: Heatran
|-damage|p2a: Heatran|0 fnt
|faint|p2a: Heatran
|
|upkeep
|inactive|Battle timer is ON: inactive players will automatically lose when time's up. (requested by kuraiyagare)
|
|t:|1779885309
|switch|p2a: Hoopa|Hoopa-Unbound|100/100
|turn|2
|
|t:|1779885316
|move|p2a: Hoopa|Zen Headbutt|p1a: Drastenie
|-supereffective|p1a: Drastenie
|-enditem|p1a: Drastenie|Focus Sash
|-damage|p1a: Drastenie|1/100
|cant|p1a: Drastenie|flinch
|
|upkeep
|turn|3
|
|t:|1779885319
|move|p1a: Drastenie|Mach Punch|p2a: Hoopa
|-damage|p2a: Hoopa|37/100
|move|p2a: Hoopa|Zen Headbutt|p1a: Drastenie
|-supereffective|p1a: Drastenie
|-damage|p1a: Drastenie|0 fnt
|faint|p1a: Drastenie
|
|upkeep
|
|t:|1779885322
|switch|p1a: Zangoose|Zangoose, F|100/100
|turn|4
|
|t:|1779885325
|move|p1a: Zangoose|Knock Off|p2a: Hoopa
|-damage|p2a: Hoopa|0 fnt
|-enditem|p2a: Hoopa|Choice Band|[from] move: Knock Off|[of] p1a: Zangoose
|faint|p2a: Hoopa
|
|upkeep
|
|t:|1779885327
|switch|p2a: Zapdos|Zapdos|100/100
|turn|5
|
|t:|1779885333
|move|p1a: Zangoose|Knock Off|p2a: Zapdos
|-damage|p2a: Zapdos|74/100
|-damage|p1a: Zangoose|84/100|[from] item: Rocky Helmet|[of] p2a: Zapdos
|-status|p1a: Zangoose|par|[from] ability: Static|[of] p2a: Zapdos
|-enditem|p2a: Zapdos|Rocky Helmet|[from] move: Knock Off|[of] p1a: Zangoose
|move|p2a: Zapdos|U-turn|p1a: Zangoose
|-damage|p1a: Zangoose|58/100 par
|
|t:|1779885335
|switch|p2a: Iron Hands|Iron Hands|100/100|[from] U-turn
|-enditem|p2a: Iron Hands|Booster Energy
|-activate|p2a: Iron Hands|ability: Quark Drive|[fromitem]
|-start|p2a: Iron Hands|quarkdriveatk
|
|upkeep
|turn|6
|
|t:|1779885342
|cant|p1a: Zangoose|par
|move|p2a: Iron Hands|Swords Dance|p2a: Iron Hands
|-boost|p2a: Iron Hands|atk|2
|
|upkeep
|turn|7
|
|t:|1779885351
|move|p1a: Zangoose|Endeavor|p2a: Iron Hands
|-damage|p2a: Iron Hands|35/100
|move|p2a: Iron Hands|Drain Punch|p1a: Zangoose
|-supereffective|p1a: Zangoose
|-damage|p1a: Zangoose|0 fnt
|-heal|p2a: Iron Hands|53/100|[from] drain|[of] p1a: Zangoose
|faint|p1a: Zangoose
|
|upkeep
|
|t:|1779885355
|switch|p1a: Gardenia|Gardevoir, F|100/100
|turn|8
|
|t:|1779885358
|move|p1a: Gardenia|Moonblast|p2a: Iron Hands
|-supereffective|p2a: Iron Hands
|-damage|p2a: Iron Hands|0 fnt
|faint|p2a: Iron Hands
|-end|p2a: Iron Hands|Quark Drive|[silent]
|
|upkeep
|
|t:|1779885360
|switch|p2a: Kingambit|Kingambit, F|100/100
|-ability|p1a: Gardenia|Supreme Overlord|Trace|[from] ability: Trace|[of] p2a: Kingambit
|-activate|p1a: Gardenia|ability: Supreme Overlord
|-start|p1a: Gardenia|fallen2|[silent]
|-activate|p2a: Kingambit|ability: Supreme Overlord
|-start|p2a: Kingambit|fallen3|[silent]
|turn|9
|
|t:|1779885365
|move|p1a: Gardenia|Moonblast|p2a: Kingambit
|-damage|p2a: Kingambit|31/100
|move|p2a: Kingambit|Swords Dance|p2a: Kingambit
|-boost|p2a: Kingambit|atk|2
|
|upkeep
|turn|10
|
|t:|1779885368
|move|p1a: Gardenia|Vacuum Wave|p2a: Kingambit
|-supereffective|p2a: Kingambit
|-damage|p2a: Kingambit|0 fnt
|faint|p2a: Kingambit
|-end|p2a: Kingambit|fallen3|[silent]
|
|upkeep
|
|t:|1779885370
|switch|p2a: Dragapult|Dragapult, F|100/100
|turn|11
|
|t:|1779885372
|move|p2a: Dragapult|Shadow Ball|p1a: Gardenia
|-supereffective|p1a: Gardenia
|-enditem|p1a: Gardenia|Focus Sash
|-damage|p1a: Gardenia|1/100
|move|p1a: Gardenia|Moonblast|p2a: Dragapult
|-supereffective|p2a: Dragapult
|-damage|p2a: Dragapult|0 fnt
|faint|p2a: Dragapult
|
|upkeep
|
|t:|1779885375
|switch|p2a: Zapdos|Zapdos|74/100
|turn|12
|
|t:|1779885377
|move|p1a: Gardenia|Destiny Bond|p1a: Gardenia
|-singlemove|p1a: Gardenia|Destiny Bond
|move|p2a: Zapdos|Roost|p2a: Zapdos
|-heal|p2a: Zapdos|100/100
|-singleturn|p2a: Zapdos|move: Roost
|
|upkeep
|turn|13
|
|t:|1779885384
|move|p1a: Gardenia|Moonblast|p2a: Zapdos
|-damage|p2a: Zapdos|39/100
|move|p2a: Zapdos|Discharge|p1a: Gardenia
|-damage|p1a: Gardenia|0 fnt
|faint|p1a: Gardenia
|-end|p1a: Gardenia|fallen2|[silent]
|
|upkeep
|
|t:|1779885393
|switch|p1a: hax = skill|Magnezone|100/100
|turn|14
|
|t:|1779885398
|move|p2a: Zapdos|Roost|p2a: Zapdos
|-heal|p2a: Zapdos|89/100
|-singleturn|p2a: Zapdos|move: Roost
|move|p1a: hax = skill|Thunderbolt|p2a: Zapdos
|-resisted|p2a: Zapdos
|-damage|p2a: Zapdos|65/100
|
|upkeep
|turn|15
|
|t:|1779885404
|move|p2a: Zapdos|Hurricane|p1a: hax = skill|[miss]
|-miss|p2a: Zapdos|p1a: hax = skill
|move|p1a: hax = skill|Mirror Coat||[still]
|-fail|p1a: hax = skill
|
|upkeep
|turn|16
|
|t:|1779885408
|move|p2a: Zapdos|Hurricane|p1a: hax = skill|[miss]
|-miss|p2a: Zapdos|p1a: hax = skill
|move|p1a: hax = skill|Thunderbolt|p2a: Zapdos
|-damage|p2a: Zapdos|11/100
|
|upkeep
|turn|17
|
|t:|1779885413
|move|p2a: Zapdos|Roost|p2a: Zapdos
|-heal|p2a: Zapdos|62/100
|-singleturn|p2a: Zapdos|move: Roost
|move|p1a: hax = skill|Thunderbolt|p2a: Zapdos
|-resisted|p2a: Zapdos
|-damage|p2a: Zapdos|37/100
|
|upkeep
|turn|18
|
|t:|1779885415
|move|p2a: Zapdos|Roost|p2a: Zapdos
|-heal|p2a: Zapdos|87/100
|-singleturn|p2a: Zapdos|move: Roost
|move|p1a: hax = skill|Thunderbolt|p2a: Zapdos
|-resisted|p2a: Zapdos
|-damage|p2a: Zapdos|61/100
|
|upkeep
|turn|19
|
|t:|1779885416
|move|p2a: Zapdos|Roost|p2a: Zapdos
|-heal|p2a: Zapdos|100/100
|-singleturn|p2a: Zapdos|move: Roost
|move|p1a: hax = skill|Thunderbolt|p2a: Zapdos
|-resisted|p2a: Zapdos
|-damage|p2a: Zapdos|76/100
|
|upkeep
|turn|20
|
|t:|1779885417
|move|p2a: Zapdos|Hurricane|p1a: hax = skill|[miss]
|-miss|p2a: Zapdos|p1a: hax = skill
|move|p1a: hax = skill|Thunderbolt|p2a: Zapdos
|-damage|p2a: Zapdos|25/100
|
|upkeep
|turn|21
|
|t:|1779885419
|move|p2a: Zapdos|Hurricane|p1a: hax = skill
|-resisted|p1a: hax = skill
|-damage|p1a: hax = skill|88/100
|move|p1a: hax = skill|Thunderbolt|p2a: Zapdos
|-damage|p2a: Zapdos|0 fnt
|faint|p2a: Zapdos
|
|win|kuraiyagare
|raw|kuraiyagare's rating: 1409 &rarr; <strong>1430</strong><br />(+21 for winning)
|raw|TsekaiAndIncognito's rating: 1430 &rarr; <strong>1409</strong><br />(-21 for losing)
|l|☆TsekaiAndIncognito
|player|p2|
|l|☆kuraiyagare
|player|p1|
