|j|☆I hate my pokemon.
|j|☆fifodrummer
|t:|1779958159
|gametype|singles
|player|p1|I hate my pokemon.|ghetsis-gen5bw|1421
|player|p2|fifodrummer|pokemaniac|1484
|gen|9
|tier|[Gen 9] OU
|rated|
|rule|HP Percentage Mod: HP is shown in percentages
|rule|Endless Battle Clause: Forcing endless battles is banned
|rule|Species Clause: Limit one of each Pokémon
|rule|OHKO Clause: OHKO moves are banned
|rule|Evasion Items Clause: Evasion items are banned
|rule|Evasion Moves Clause: Evasion moves are banned
|rule|Evasion Abilities Clause: Evasion abilities are banned
|rule|Sleep Moves Clause: Sleep-inducing moves are banned
|clearpoke
|poke|p1|Braviary-Hisui, M|
|poke|p1|Zamazenta-*|
|poke|p1|Raging Bolt|
|poke|p1|Hatterene, F|
|poke|p1|Gholdengo|
|poke|p1|Darkrai|
|poke|p2|Pelipper, M|
|poke|p2|Raging Bolt|
|poke|p2|Overqwil, M|
|poke|p2|Ogerpon-Wellspring, F|
|poke|p2|Scizor, M|
|poke|p2|Kingdra, F|
|teampreview
|inactive|Battle timer is ON: inactive players will automatically lose when time's up. (requested by fifodrummer)
|
|t:|1779958172
|teamsize|p1|6
|teamsize|p2|6
|start
|switch|p1a: Gholdengo|Gholdengo|100/100
|switch|p2a: High AF|Raging Bolt|100/100
|turn|1
|
|t:|1779958190
|switch|p1a: Raging Bolt|Raging Bolt|100/100
|-enditem|p1a: Raging Bolt|Booster Energy
|-activate|p1a: Raging Bolt|ability: Protosynthesis|[fromitem]
|-start|p1a: Raging Bolt|protosynthesisspa
|move|p2a: High AF|Volt Switch|p1a: Raging Bolt
|-resisted|p1a: Raging Bolt
|-damage|p1a: Raging Bolt|91/100
|
|t:|1779958201
|-end|p2a: High AF|Protosynthesis|[silent]
|switch|p2a: Nigel|Pelipper, M|100/100|[from] Volt Switch
|-weather|RainDance|[from] ability: Drizzle|[of] p2a: Nigel
|
|-weather|RainDance|[upkeep]
|upkeep
|turn|2
|
|t:|1779958209
|-terastallize|p2a: Nigel|Ground
|move|p1a: Raging Bolt|Thunderbolt|p2a: Nigel
|-immune|p2a: Nigel
|move|p2a: Nigel|Ice Beam|p1a: Raging Bolt
|-supereffective|p1a: Raging Bolt
|-damage|p1a: Raging Bolt|55/100
|
|-weather|RainDance|[upkeep]
|upkeep
|turn|3
|
|t:|1779958219
|move|p1a: Raging Bolt|Dragon Pulse|p2a: Nigel
|-crit|p2a: Nigel
|-damage|p2a: Nigel|0 fnt
|faint|p2a: Nigel
|
|-weather|RainDance|[upkeep]
|upkeep
|
|t:|1779958226
|switch|p2a: Spike|Overqwil, M, shiny|100/100
|turn|4
|
|t:|1779958229
|move|p1a: Raging Bolt|Thunderclap|p2a: Spike
|-damage|p2a: Spike|19/100
|move|p2a: Spike|Poison Jab|p1a: Raging Bolt
|-damage|p1a: Raging Bolt|1/100
|-damage|p2a: Spike|9/100|[from] item: Life Orb
|
|-weather|RainDance|[upkeep]
|upkeep
|turn|5
|
|t:|1779958238
|switch|p2a: Iron Claw|Scizor, M, shiny|100/100
|move|p1a: Raging Bolt|Thunderclap||[still]
|-fail|p1a: Raging Bolt
|
|-weather|RainDance|[upkeep]
|upkeep
|turn|6
|
|t:|1779958245
|-end|p1a: Raging Bolt|Protosynthesis|[silent]
|switch|p1a: Zamazenta|Zamazenta|100/100
|-ability|p1a: Zamazenta|Dauntless Shield|boost
|-boost|p1a: Zamazenta|def|1
|move|p2a: Iron Claw|Bullet Punch|p1a: Zamazenta
|-damage|p1a: Zamazenta|82/100
|
|-weather|RainDance|[upkeep]
|upkeep
|turn|7
|
|t:|1779958254
|move|p1a: Zamazenta|Reflect|p1a: Zamazenta
|-sidestart|p1: I hate my pokemon.|Reflect
|move|p2a: Iron Claw|Dual Wingbeat|p1a: Zamazenta
|-supereffective|p1a: Zamazenta
|-damage|p1a: Zamazenta|71/100
|-supereffective|p1a: Zamazenta
|-damage|p1a: Zamazenta|60/100
|-hitcount|p1a: Zamazenta|2
|
|-weather|RainDance|[upkeep]
|upkeep
|turn|8
|
|t:|1779958263
|move|p1a: Zamazenta|Light Screen|p1a: Zamazenta
|-sidestart|p1: I hate my pokemon.|move: Light Screen
|move|p2a: Iron Claw|Defog|p1a: Zamazenta
|-unboost|p1a: Zamazenta|evasion|1
|-sideend|p1: I hate my pokemon.|Reflect
|-sideend|p1: I hate my pokemon.|move: Light Screen
|
|-weather|none
|upkeep
|turn|9
|
|t:|1779958270
|move|p1a: Zamazenta|Reflect|p1a: Zamazenta
|-sidestart|p1: I hate my pokemon.|Reflect
|move|p2a: Iron Claw|Swords Dance|p2a: Iron Claw
|-boost|p2a: Iron Claw|atk|2
|
|upkeep
|turn|10
|
|t:|1779958275
|move|p2a: Iron Claw|Defog|p1a: Zamazenta
|-unboost|p1a: Zamazenta|evasion|1
|-sideend|p1: I hate my pokemon.|Reflect
|move|p1a: Zamazenta|Roar|p2a: Iron Claw
|drag|p2a: The Mask|Ogerpon-Wellspring, F|100/100
|
|upkeep
|turn|11
|
|t:|1779958286
|move|p1a: Zamazenta|Reflect|p1a: Zamazenta
|-sidestart|p1: I hate my pokemon.|Reflect
|move|p2a: The Mask|Ivy Cudgel|p1a: Zamazenta|[anim] Ivy Cudgel Water
|-damage|p1a: Zamazenta|44/100
|
|upkeep
|turn|12
|
|t:|1779958291
|move|p1a: Zamazenta|Light Screen|p1a: Zamazenta
|-sidestart|p1: I hate my pokemon.|move: Light Screen
|move|p2a: The Mask|Ivy Cudgel|p1a: Zamazenta|[anim] Ivy Cudgel Water
|-damage|p1a: Zamazenta|29/100
|
|upkeep
|turn|13
|
|t:|1779958299
|switch|p1a: Xerxes|Braviary-Hisui, M, shiny|100/100
|move|p2a: The Mask|Ivy Cudgel|p1a: Xerxes|[anim] Ivy Cudgel Water
|-damage|p1a: Xerxes|78/100
|
|upkeep
|turn|14
|
|t:|1779958307
|switch|p2a: High AF|Raging Bolt|100/100
|move|p1a: Xerxes|Calm Mind|p1a: Xerxes
|-boost|p1a: Xerxes|spa|1
|-boost|p1a: Xerxes|spd|1
|
|upkeep
|turn|15
|
|t:|1779958314
|move|p2a: High AF|Volt Switch|p1a: Xerxes
|-supereffective|p1a: Xerxes
|-damage|p1a: Xerxes|52/100
|
|t:|1779958318
|-end|p2a: High AF|Protosynthesis|[silent]
|switch|p2a: Iron Claw|Scizor, M, shiny|100/100|[from] Volt Switch
|move|p1a: Xerxes|Calm Mind|p1a: Xerxes
|-boost|p1a: Xerxes|spa|1
|-boost|p1a: Xerxes|spd|1
|
|upkeep
|turn|16
|
|t:|1779958333
|-terastallize|p1a: Xerxes|Fighting
|move|p1a: Xerxes|Roost|p1a: Xerxes
|-heal|p1a: Xerxes|100/100
|move|p2a: Iron Claw|Defog|p1a: Xerxes
|-unboost|p1a: Xerxes|evasion|1
|-sideend|p1: I hate my pokemon.|Reflect
|-sideend|p1: I hate my pokemon.|move: Light Screen
|
|upkeep
|turn|17
|
|t:|1779958341
|move|p1a: Xerxes|Vacuum Wave|p2a: Iron Claw
|-damage|p2a: Iron Claw|59/100
|move|p2a: Iron Claw|Dual Wingbeat|p1a: Xerxes
|-supereffective|p1a: Xerxes
|-damage|p1a: Xerxes|63/100
|-supereffective|p1a: Xerxes
|-damage|p1a: Xerxes|28/100
|-hitcount|p1a: Xerxes|2
|
|upkeep
|turn|18
|
|t:|1779958350
|move|p1a: Xerxes|Vacuum Wave|p2a: Iron Claw
|-damage|p2a: Iron Claw|13/100
|move|p2a: Iron Claw|Bullet Punch|p1a: Xerxes
|-damage|p1a: Xerxes|1/100
|
|upkeep
|turn|19
|
|t:|1779958356
|move|p1a: Xerxes|Vacuum Wave|p2a: Iron Claw
|-damage|p2a: Iron Claw|0 fnt
|faint|p2a: Iron Claw
|
|upkeep
|
|t:|1779958360
|switch|p2a: The Mask|Ogerpon-Wellspring, F|100/100
|turn|20
|
|t:|1779958364
|move|p2a: The Mask|Quick Attack|p1a: Xerxes
|-damage|p1a: Xerxes|0 fnt
|faint|p1a: Xerxes
|
|upkeep
|
|t:|1779958370
|switch|p1a: Zamazenta|Zamazenta|29/100
|turn|21
|
|t:|1779958379
|move|p1a: Zamazenta|Reflect|p1a: Zamazenta
|-sidestart|p1: I hate my pokemon.|Reflect
|move|p2a: The Mask|Swords Dance|p2a: The Mask
|-boost|p2a: The Mask|atk|2
|
|upkeep
|turn|22
|
|t:|1779958387
|move|p1a: Zamazenta|Light Screen|p1a: Zamazenta
|-sidestart|p1: I hate my pokemon.|move: Light Screen
|move|p2a: The Mask|Ivy Cudgel|p1a: Zamazenta|[anim] Ivy Cudgel Water
|-damage|p1a: Zamazenta|0 fnt
|faint|p1a: Zamazenta
|
|upkeep
|
|t:|1779958391
|switch|p1a: Darkrai|Darkrai|100/100
|turn|23
|
|t:|1779958396
|move|p1a: Darkrai|Sludge Bomb|p2a: The Mask
|-supereffective|p2a: The Mask
|-damage|p2a: The Mask|31/100
|move|p2a: The Mask|Ivy Cudgel|p1a: Darkrai|[anim] Ivy Cudgel Water
|-crit|p1a: Darkrai
|-damage|p1a: Darkrai|0 fnt
|faint|p1a: Darkrai
|
|upkeep
|
|t:|1779958402
|switch|p1a: Gholdengo|Gholdengo|100/100
|turn|24
|
|t:|1779958407
|move|p2a: The Mask|Ivy Cudgel|p1a: Gholdengo|[anim] Ivy Cudgel Water
|-damage|p1a: Gholdengo|37/100
|move|p1a: Gholdengo|Thunderbolt|p2a: The Mask
|-damage|p2a: The Mask|0 fnt
|faint|p2a: The Mask
|
|upkeep
|
|t:|1779958421
|switch|p2a: Spike|Overqwil, M, shiny|9/100
|turn|25
|
|t:|1779958436
|move|p2a: Spike|Crunch|p1a: Gholdengo
|-supereffective|p1a: Gholdengo
|-damage|p1a: Gholdengo|0 fnt
|faint|p1a: Gholdengo
|-damage|p2a: Spike|0 fnt|[from] item: Life Orb
|faint|p2a: Spike
|
|upkeep
|
|t:|1779958446
|switch|p2a: High AF|Raging Bolt|100/100
|switch|p1a: Hatterene|Hatterene, F|100/100
|turn|26
|
|t:|1779958451
|move|p2a: High AF|Volt Switch|p1a: Hatterene
|-damage|p1a: Hatterene|82/100
|
|t:|1779958454
|-end|p2a: High AF|Protosynthesis|[silent]
|switch|p2a: I'm a Dragon!?|Kingdra, F|100/100|[from] Volt Switch
|move|p1a: Hatterene|Calm Mind|p1a: Hatterene
|-boost|p1a: Hatterene|spa|1
|-boost|p1a: Hatterene|spd|1
|
|-heal|p1a: Hatterene|88/100|[from] item: Leftovers
|upkeep
|turn|27
|
|t:|1779958465
|move|p2a: I'm a Dragon!?|Flip Turn|p1a: Hatterene
|-damage|p1a: Hatterene|79/100
|
|t:|1779958468
|switch|p2a: High AF|Raging Bolt|100/100|[from] Flip Turn
|move|p1a: Hatterene|Draining Kiss|p2a: High AF
|-supereffective|p2a: High AF
|-damage|p2a: High AF|31/100
|-heal|p1a: Hatterene|100/100|[from] drain|[of] p2a: High AF
|
|upkeep
|turn|28
|
|t:|1779958476
|move|p2a: High AF|Thunder|p1a: Hatterene
|-damage|p1a: Hatterene|78/100
|move|p1a: Hatterene|Calm Mind|p1a: Hatterene
|-boost|p1a: Hatterene|spa|1
|-boost|p1a: Hatterene|spd|1
|
|-heal|p1a: Hatterene|84/100|[from] item: Leftovers
|-sideend|p1: I hate my pokemon.|Reflect
|upkeep
|turn|29
|
|t:|1779958485
|move|p2a: High AF|Thunder|p1a: Hatterene|[miss]
|-miss|p2a: High AF|p1a: Hatterene
|move|p1a: Hatterene|Draining Kiss|p2a: High AF
|-supereffective|p2a: High AF
|-damage|p2a: High AF|0 fnt
|-heal|p1a: Hatterene|100/100|[from] drain|[of] p2a: High AF
|faint|p2a: High AF
|-end|p2a: High AF|Protosynthesis|[silent]
|
|-sideend|p1: I hate my pokemon.|move: Light Screen
|upkeep
|c|☆fifodrummer|Ggs
|
|t:|1779958495
|switch|p2a: I'm a Dragon!?|Kingdra, F|100/100
|turn|30
|
|t:|1779958499
|move|p2a: I'm a Dragon!?|Surf|p1a: Hatterene
|-damage|p1a: Hatterene|71/100
|move|p1a: Hatterene|Draining Kiss|p2a: I'm a Dragon!?
|-supereffective|p2a: I'm a Dragon!?
|-damage|p2a: I'm a Dragon!?|0 fnt
|-heal|p1a: Hatterene|100/100|[from] drain|[of] p2a: I'm a Dragon!?
|faint|p2a: I'm a Dragon!?
|
|win|I hate my pokemon.
|raw|I hate my pokemon.'s rating: 1421 &rarr; <strong>1445</strong><br />(+24 for winning)
|raw|fifodrummer's rating: 1484 &rarr; <strong>1460</strong><br />(-24 for losing)
|c|☆I hate my pokemon.|GG
|l|☆I hate my pokemon.
|player|p1|
