|j|☆gardevoirandvapo
|j|☆red griphon
|t:|1779876772
|gametype|singles
|player|p1|gardevoirandvapo|170|1063
|player|p2|red griphon|101|1122
|gen|9
|tier|[Gen 9] OU
|rated|
|rule|HP Percentage Mod: HP is shown in percentages
|rule|Endless Battle Clause: Forcing endless battles is banned
|rule|Species Clause: Limit one of each Pokémon
|rule|OHKO Clause: OHKO moves are banned
|rule|Evasion Items Clause: Evasion items are banned
|rule|Evasion Moves Clause: Evasion moves are banned
|rule|Evasion Abilities Clause: Evasion abilities are banned
|rule|Sleep Moves Clause: Sleep-inducing moves are banned
|clearpoke
|poke|p1|Tinkaton, F|
|poke|p1|Smeargle, M|
|poke|p1|Mismagius, F|
|poke|p1|Arbok, M|
|poke|p1|Fezandipiti, M|
|poke|p1|Entei|
|poke|p2|Torkoal, M|
|poke|p2|Venusaur, F|
|poke|p2|Primarina, M|
|poke|p2|Gliscor, F|
|poke|p2|Weavile, M|
|poke|p2|Dragapult, F|
|teampreview
|inactive|Battle timer is ON: inactive players will automatically lose when time's up. (requested by gardevoirandvapo)
|
|t:|1779876788
|teamsize|p1|6
|teamsize|p2|6
|start
|switch|p1a: Smeargle|Smeargle, M|100/100
|switch|p2a: Torkoal|Torkoal, M|100/100
|-weather|SunnyDay|[from] ability: Drought|[of] p2a: Torkoal
|-item|p2a: Torkoal|Air Balloon
|turn|1
|
|t:|1779876796
|move|p1a: Smeargle|Taunt|p2a: Torkoal
|-start|p2a: Torkoal|move: Taunt
|move|p2a: Torkoal|Body Press|p1a: Smeargle
|-supereffective|p1a: Smeargle
|-damage|p1a: Smeargle|0 fnt
|faint|p1a: Smeargle
|
|-weather|SunnyDay|[upkeep]
|upkeep
|
|t:|1779876811
|switch|p1a: Entei|Entei|100/100
|turn|2
|
|t:|1779876834
|switch|p2a: Gliscor|Gliscor, F|100/100
|move|p1a: Entei|Substitute|p1a: Entei
|-start|p1a: Entei|Substitute
|-damage|p1a: Entei|76/100
|
|-weather|SunnyDay|[upkeep]
|-status|p2a: Gliscor|tox|[from] item: Toxic Orb
|upkeep
|turn|3
|
|t:|1779876842
|move|p2a: Gliscor|Earthquake|p1a: Entei
|-supereffective|p1a: Entei
|-end|p1a: Entei|Substitute
|move|p1a: Entei|Sacred Fire|p2a: Gliscor
|-damage|p2a: Gliscor|50/100 tox
|
|-weather|SunnyDay|[upkeep]
|-heal|p2a: Gliscor|63/100 tox|[from] ability: Poison Heal
|upkeep
|turn|4
|
|t:|1779876871
|switch|p1a: Mismagius|Mismagius, F, shiny|100/100
|move|p2a: Gliscor|Knock Off|p1a: Mismagius
|-supereffective|p1a: Mismagius
|-damage|p1a: Mismagius|20/100
|-enditem|p1a: Mismagius|Choice Specs|[from] move: Knock Off|[of] p2a: Gliscor
|
|-weather|SunnyDay|[upkeep]
|-heal|p2a: Gliscor|75/100 tox|[from] ability: Poison Heal
|upkeep
|turn|5
|
|t:|1779876900
|move|p1a: Mismagius|Hex|p2a: Gliscor
|-damage|p2a: Gliscor|10/100 tox
|move|p2a: Gliscor|Knock Off|p1a: Mismagius
|-supereffective|p1a: Mismagius
|-damage|p1a: Mismagius|0 fnt
|faint|p1a: Mismagius
|
|-weather|none
|-heal|p2a: Gliscor|22/100 tox|[from] ability: Poison Heal
|upkeep
|
|t:|1779876907
|switch|p1a: Entei|Entei|76/100
|turn|6
|
|t:|1779876912
|switch|p2a: Primarina|Primarina, M|100/100
|move|p1a: Entei|Extreme Speed|p2a: Primarina
|-damage|p2a: Primarina|68/100
|
|-heal|p2a: Primarina|74/100|[from] item: Leftovers
|upkeep
|turn|7
|
|t:|1779876922
|-terastallize|p1a: Entei|Normal
|move|p1a: Entei|Extreme Speed|p2a: Primarina
|-damage|p2a: Primarina|27/100
|move|p2a: Primarina|Calm Mind|p2a: Primarina
|-boost|p2a: Primarina|spa|1
|-boost|p2a: Primarina|spd|1
|
|-heal|p2a: Primarina|33/100|[from] item: Leftovers
|upkeep
|turn|8
|
|t:|1779876933
|move|p1a: Entei|Extreme Speed|p2a: Primarina
|-damage|p2a: Primarina|0 fnt
|faint|p2a: Primarina
|
|upkeep
|
|t:|1779876951
|switch|p2a: Weavile|Weavile, M|100/100
|turn|9
|
|t:|1779876962
|move|p2a: Weavile|Swords Dance|p2a: Weavile
|-boost|p2a: Weavile|atk|2
|move|p1a: Entei|Sacred Fire|p2a: Weavile
|-supereffective|p2a: Weavile
|-enditem|p2a: Weavile|Focus Sash
|-damage|p2a: Weavile|1/100
|
|upkeep
|turn|10
|
|t:|1779876971
|move|p1a: Entei|Extreme Speed|p2a: Weavile
|-damage|p2a: Weavile|0 fnt
|faint|p2a: Weavile
|
|upkeep
|
|t:|1779876981
|switch|p2a: Dragapult|Dragapult, F|100/100
|turn|11
|
|t:|1779876989
|move|p2a: Dragapult|Dragon Dance|p2a: Dragapult
|-boost|p2a: Dragapult|atk|1
|-boost|p2a: Dragapult|spe|1
|move|p1a: Entei|Sacred Fire|p2a: Dragapult
|-resisted|p2a: Dragapult
|-damage|p2a: Dragapult|66/100
|-status|p2a: Dragapult|brn
|
|-damage|p2a: Dragapult|60/100 brn|[from] brn
|upkeep
|turn|12
|
|t:|1779877011
|move|p2a: Dragapult|Dragon Dance|p2a: Dragapult
|-boost|p2a: Dragapult|atk|1
|-boost|p2a: Dragapult|spe|1
|move|p1a: Entei|Substitute|p1a: Entei
|-start|p1a: Entei|Substitute
|-damage|p1a: Entei|51/100
|
|-damage|p2a: Dragapult|54/100 brn|[from] brn
|upkeep
|turn|13
|
|t:|1779877020
|move|p2a: Dragapult|Dragon Claw|p1a: Entei
|-end|p1a: Entei|Substitute
|move|p1a: Entei|Sacred Fire|p2a: Dragapult
|-resisted|p2a: Dragapult
|-damage|p2a: Dragapult|20/100 brn
|
|-damage|p2a: Dragapult|14/100 brn|[from] brn
|upkeep
|turn|14
|inactive|gardevoirandvapo has 120 seconds left.
|
|t:|1779877068
|move|p2a: Dragapult|Sucker Punch|p1a: Entei
|-crit|p1a: Entei
|-damage|p1a: Entei|18/100
|-enditem|p1a: Entei|Sitrus Berry|[eat]
|-heal|p1a: Entei|43/100|[from] item: Sitrus Berry
|move|p1a: Entei|Sacred Fire|p2a: Dragapult
|-resisted|p2a: Dragapult
|-damage|p2a: Dragapult|0 fnt
|faint|p2a: Dragapult
|
|upkeep
|inactive|red griphon has 120 seconds left.
|inactive|red griphon has 90 seconds left.
|inactive|red griphon has 60 seconds left.
|inactive|red griphon has 30 seconds left.
|inactive|red griphon has 20 seconds left.
|inactive|red griphon has 15 seconds left.
|inactive|red griphon has 10 seconds left.
|inactive|red griphon has 5 seconds left.
|-message|red griphon lost due to inactivity.
|
|win|gardevoirandvapo
|raw|gardevoirandvapo's rating: 1063 &rarr; <strong>1099</strong><br />(+36 for winning)
|raw|red griphon's rating: 1122 &rarr; <strong>1093</strong><br />(-29 for losing)
|l|☆red griphon
|player|p2|
