|j|☆erjuanzas
|j|☆inoutofink
|t:|1779965810
|gametype|singles
|player|p1|erjuanzas|linebacker|1367
|player|p2|inoutofink|hoopster|1394
|gen|9
|tier|[Gen 9] OU
|rated|
|rule|HP Percentage Mod: HP is shown in percentages
|rule|Endless Battle Clause: Forcing endless battles is banned
|rule|Species Clause: Limit one of each Pokémon
|rule|OHKO Clause: OHKO moves are banned
|rule|Evasion Items Clause: Evasion items are banned
|rule|Evasion Moves Clause: Evasion moves are banned
|rule|Evasion Abilities Clause: Evasion abilities are banned
|rule|Sleep Moves Clause: Sleep-inducing moves are banned
|clearpoke
|poke|p1|Pelipper, M|
|poke|p1|Ludicolo, M|
|poke|p1|Iron Treads|
|poke|p1|Landorus-Therian, M|
|poke|p1|Barraskewda, M|
|poke|p1|Basculegion-F, F|
|poke|p2|Zamazenta-*|
|poke|p2|Landorus-Therian, M|
|poke|p2|Dondozo, F|
|poke|p2|Weezing-Galar, M|
|poke|p2|Arcanine-Hisui, M|
|poke|p2|Gholdengo|
|teampreview
|inactive|Battle timer is ON: inactive players will automatically lose when time's up. (requested by inoutofink)
|
|t:|1779965841
|teamsize|p1|6
|teamsize|p2|6
|start
|switch|p1a: Chanao|Iron Treads, shiny|100/100
|switch|p2a: Gholdengo|Gholdengo|100/100
|turn|1
|
|t:|1779965849
|switch|p2a: Weezing|Weezing-Galar, M|100/100
|move|p1a: Chanao|Volt Switch|p2a: Weezing
|-damage|p2a: Weezing|86/100
|
|t:|1779965854
|-end|p1a: Chanao|Quark Drive|[silent]
|switch|p1a: Pelipas|Pelipper, M, shiny|100/100|[from] Volt Switch
|-weather|RainDance|[from] ability: Drizzle|[of] p1a: Pelipas
|
|-weather|RainDance|[upkeep]
|upkeep
|turn|2
|
|t:|1779965860
|switch|p1a: Chanao|Iron Treads, shiny|100/100
|move|p2a: Weezing|Toxic|p1a: Chanao
|-immune|p1a: Chanao
|
|-weather|RainDance|[upkeep]
|upkeep
|turn|3
|
|t:|1779965866
|-end|p1a: Chanao|Quark Drive|[silent]
|switch|p1a: La cabra|Barraskewda, M|100/100
|switch|p2a: Landorus|Landorus-Therian, M|100/100
|-ability|p2a: Landorus|Intimidate|boost
|-unboost|p1a: La cabra|atk|1
|
|-weather|RainDance|[upkeep]
|upkeep
|turn|4
|
|t:|1779965876
|switch|p2a: Dondozo|Dondozo, F|100/100
|-terastallize|p1a: La cabra|Water
|move|p1a: La cabra|Flip Turn|p2a: Dondozo
|-resisted|p2a: Dondozo
|-damage|p2a: Dondozo|71/100
|-damage|p1a: La cabra|84/100|[from] item: Rocky Helmet|[of] p2a: Dondozo
|
|t:|1779965879
|switch|p1a: Loco|Ludicolo, M, shiny|100/100|[from] Flip Turn
|
|-weather|RainDance|[upkeep]
|upkeep
|turn|5
|
|t:|1779965895
|switch|p2a: Gholdengo|Gholdengo|100/100
|move|p1a: Loco|Surf|p2a: Gholdengo
|-damage|p2a: Gholdengo|5/100
|-damage|p1a: Loco|91/100|[from] item: Life Orb
|
|-weather|RainDance|[upkeep]
|upkeep
|turn|6
|
|t:|1779965905
|move|p1a: Loco|Giga Drain|p2a: Gholdengo
|-resisted|p2a: Gholdengo
|-damage|p2a: Gholdengo|0 fnt
|-heal|p1a: Loco|93/100|[from] drain|[of] p2a: Gholdengo
|faint|p2a: Gholdengo
|-damage|p1a: Loco|83/100|[from] item: Life Orb
|
|-weather|RainDance|[upkeep]
|upkeep
|
|t:|1779965919
|switch|p2a: Weezing|Weezing-Galar, M|86/100
|turn|7
|
|t:|1779965924
|switch|p1a: Chanao|Iron Treads, shiny|100/100
|switch|p2a: Zamazenta|Zamazenta|100/100
|-ability|p2a: Zamazenta|Dauntless Shield|boost
|-boost|p2a: Zamazenta|def|1
|
|-weather|RainDance|[upkeep]
|upkeep
|turn|8
|
|t:|1779965930
|move|p2a: Zamazenta|Iron Defense|p2a: Zamazenta
|-boost|p2a: Zamazenta|def|2
|move|p1a: Chanao|Volt Switch|p2a: Zamazenta
|-crit|p2a: Zamazenta
|-damage|p2a: Zamazenta|85/100
|
|t:|1779965935
|-end|p1a: Chanao|Quark Drive|[silent]
|switch|p1a: Miauni|Basculegion-F, F, shiny|100/100|[from] Volt Switch
|
|-weather|none
|-heal|p2a: Zamazenta|91/100|[from] item: Leftovers
|upkeep
|turn|9
|
|t:|1779965943
|switch|p1a: Pelipas|Pelipper, M, shiny|100/100
|-weather|RainDance|[from] ability: Drizzle|[of] p1a: Pelipas
|move|p2a: Zamazenta|Crunch|p1a: Pelipas
|-damage|p1a: Pelipas|83/100
|
|-weather|RainDance|[upkeep]
|-heal|p2a: Zamazenta|97/100|[from] item: Leftovers
|upkeep
|turn|10
|
|t:|1779965953
|-terastallize|p2a: Zamazenta|Steel
|move|p2a: Zamazenta|Body Press|p1a: Pelipas
|-resisted|p1a: Pelipas
|-damage|p1a: Pelipas|50/100
|move|p1a: Pelipas|Hurricane|p2a: Zamazenta
|-resisted|p2a: Zamazenta
|-damage|p2a: Zamazenta|80/100
|
|-weather|RainDance|[upkeep]
|-heal|p2a: Zamazenta|86/100|[from] item: Leftovers
|upkeep
|turn|11
|
|t:|1779965960
|move|p2a: Zamazenta|Iron Defense|p2a: Zamazenta
|-boost|p2a: Zamazenta|def|2
|move|p1a: Pelipas|Roost|p1a: Pelipas
|-heal|p1a: Pelipas|99/100
|-singleturn|p1a: Pelipas|move: Roost
|
|-weather|RainDance|[upkeep]
|-heal|p2a: Zamazenta|92/100|[from] item: Leftovers
|upkeep
|turn|12
|
|t:|1779965966
|switch|p1a: Miauni|Basculegion-F, F, shiny|100/100
|move|p2a: Zamazenta|Body Press|p1a: Miauni
|-immune|p1a: Miauni
|
|-weather|RainDance|[upkeep]
|-heal|p2a: Zamazenta|98/100|[from] item: Leftovers
|upkeep
|turn|13
|
|t:|1779965970
|move|p1a: Miauni|Hydro Pump|p2a: Zamazenta
|-crit|p2a: Zamazenta
|-damage|p2a: Zamazenta|0 fnt
|faint|p2a: Zamazenta
|-damage|p1a: Miauni|91/100|[from] item: Life Orb
|
|-weather|RainDance|[upkeep]
|upkeep
|-message|inoutofink forfeited.
|
|win|erjuanzas
|raw|erjuanzas's rating: 1367 &rarr; <strong>1387</strong><br />(+20 for winning)
|raw|inoutofink's rating: 1372 &rarr; <strong>1352</strong><br />(-20 for losing)
|l|☆inoutofink
|player|p2|
|l|☆erjuanzas
|player|p1|
