|j|☆stootic
|j|☆gatorskk
|t:|1779961183
|gametype|singles
|player|p1|stootic|volkner|1488
|player|p2|gatorskk|1|1545
|gen|9
|tier|[Gen 9] OU
|rated|
|rule|HP Percentage Mod: HP is shown in percentages
|rule|Endless Battle Clause: Forcing endless battles is banned
|rule|Species Clause: Limit one of each Pokémon
|rule|OHKO Clause: OHKO moves are banned
|rule|Evasion Items Clause: Evasion items are banned
|rule|Evasion Moves Clause: Evasion moves are banned
|rule|Evasion Abilities Clause: Evasion abilities are banned
|rule|Sleep Moves Clause: Sleep-inducing moves are banned
|clearpoke
|poke|p1|Iron Moth|
|poke|p1|Gliscor, F|
|poke|p1|Hatterene, F|
|poke|p1|Ogerpon-Wellspring, F|
|poke|p1|Raging Bolt|
|poke|p1|Zamazenta-*|
|poke|p2|Hawlucha, M|
|poke|p2|Samurott-Hisui, F|
|poke|p2|Rillaboom, F|
|poke|p2|Gholdengo|
|poke|p2|Kyurem|
|poke|p2|Landorus-Therian, M|
|teampreview
|inactive|Battle timer is ON: inactive players will automatically lose when time's up. (requested by stootic)
|inactive|gatorskk also wants the timer to be on.
|
|t:|1779961202
|teamsize|p1|6
|teamsize|p2|6
|start
|switch|p1a: Zamazenta|Zamazenta|100/100
|switch|p2a: Samurott|Samurott-Hisui, F|100/100
|-ability|p1a: Zamazenta|Dauntless Shield|boost
|-boost|p1a: Zamazenta|def|1
|turn|1
|
|t:|1779961225
|switch|p2a: Landorus|Landorus-Therian, M|100/100
|-ability|p2a: Landorus|Intimidate|boost
|-unboost|p1a: Zamazenta|atk|1
|move|p1a: Zamazenta|Reflect|p1a: Zamazenta
|-sidestart|p1: stootic|Reflect
|
|upkeep
|turn|2
|
|t:|1779961240
|move|p1a: Zamazenta|Light Screen|p1a: Zamazenta
|-sidestart|p1: stootic|move: Light Screen
|move|p2a: Landorus|Taunt|p1a: Zamazenta
|-start|p1a: Zamazenta|move: Taunt
|
|upkeep
|turn|3
|
|t:|1779961246
|switch|p1a: Gliscor|Gliscor, F|100/100
|move|p2a: Landorus|U-turn|p1a: Gliscor
|-resisted|p1a: Gliscor
|-damage|p1a: Gliscor|96/100
|
|t:|1779961259
|switch|p2a: Samurott|Samurott-Hisui, F|100/100|[from] U-turn
|
|-status|p1a: Gliscor|tox|[from] item: Toxic Orb
|upkeep
|turn|4
|
|t:|1779961264
|switch|p1a: Ogerpon|Ogerpon-Wellspring, F|100/100
|move|p2a: Samurott|Ceaseless Edge|p1a: Ogerpon
|-damage|p1a: Ogerpon|74/100
|-sidestart|p1: stootic|Spikes
|
|upkeep
|turn|5
|
|t:|1779961276
|switch|p2a: Rillaboom|Rillaboom, F|100/100
|-fieldstart|move: Grassy Terrain|[from] ability: Grassy Surge|[of] p2a: Rillaboom
|move|p1a: Ogerpon|Swords Dance|p1a: Ogerpon
|-boost|p1a: Ogerpon|atk|2
|
|-heal|p1a: Ogerpon|80/100|[from] Grassy Terrain
|upkeep
|turn|6
|
|t:|1779961288
|move|p1a: Ogerpon|Ivy Cudgel|p2a: Rillaboom|[anim] Ivy Cudgel Water
|-resisted|p2a: Rillaboom
|-damage|p2a: Rillaboom|40/100
|move|p2a: Rillaboom|Wood Hammer|p1a: Ogerpon
|-damage|p1a: Ogerpon|27/100
|-damage|p2a: Rillaboom|26/100|[from] Recoil
|
|-heal|p1a: Ogerpon|33/100|[from] Grassy Terrain
|-heal|p2a: Rillaboom|32/100|[from] Grassy Terrain
|upkeep
|turn|7
|
|t:|1779961297
|move|p2a: Rillaboom|Grassy Glide|p1a: Ogerpon
|-damage|p1a: Ogerpon|7/100
|move|p1a: Ogerpon|Ivy Cudgel|p2a: Rillaboom|[anim] Ivy Cudgel Water
|-resisted|p2a: Rillaboom
|-damage|p2a: Rillaboom|0 fnt
|faint|p2a: Rillaboom
|
|-heal|p1a: Ogerpon|13/100|[from] Grassy Terrain
|upkeep
|
|t:|1779961324
|switch|p2a: Hawlucha|Hawlucha, M|100/100
|-enditem|p2a: Hawlucha|Grassy Seed
|-boost|p2a: Hawlucha|def|1|[from] item: Grassy Seed
|turn|8
|
|t:|1779961334
|move|p2a: Hawlucha|Acrobatics|p1a: Ogerpon
|-supereffective|p1a: Ogerpon
|-damage|p1a: Ogerpon|0 fnt
|faint|p1a: Ogerpon
|
|-sideend|p1: stootic|Reflect
|upkeep
|
|t:|1779961337
|switch|p1a: Raging Bolt|Raging Bolt|100/100
|-damage|p1a: Raging Bolt|88/100|[from] Spikes
|-enditem|p1a: Raging Bolt|Booster Energy
|-activate|p1a: Raging Bolt|ability: Protosynthesis|[fromitem]
|-start|p1a: Raging Bolt|protosynthesisspa
|turn|9
|
|t:|1779961346
|-terastallize|p2a: Hawlucha|Steel
|move|p2a: Hawlucha|Low Kick|p1a: Raging Bolt
|-damage|p1a: Raging Bolt|38/100
|move|p1a: Raging Bolt|Calm Mind|p1a: Raging Bolt
|-boost|p1a: Raging Bolt|spa|1
|-boost|p1a: Raging Bolt|spd|1
|
|-heal|p1a: Raging Bolt|44/100|[from] Grassy Terrain
|-sideend|p1: stootic|move: Light Screen
|-fieldend|move: Grassy Terrain
|upkeep
|turn|10
|
|t:|1779961354
|-terastallize|p1a: Raging Bolt|Ghost
|move|p2a: Hawlucha|Low Kick|p1a: Raging Bolt
|-immune|p1a: Raging Bolt
|move|p1a: Raging Bolt|Thunderbolt|p2a: Hawlucha
|-damage|p2a: Hawlucha|0 fnt
|faint|p2a: Hawlucha
|
|upkeep
|
|t:|1779961379
|switch|p2a: Gholdengo|Gholdengo|100/100
|turn|11
|
|t:|1779961383
|move|p1a: Raging Bolt|Thunderclap|p2a: Gholdengo
|-damage|p2a: Gholdengo|3/100
|move|p2a: Gholdengo|Shadow Ball|p1a: Raging Bolt
|-supereffective|p1a: Raging Bolt
|-damage|p1a: Raging Bolt|0 fnt
|faint|p1a: Raging Bolt
|-end|p1a: Raging Bolt|Protosynthesis|[silent]
|
|upkeep
|
|t:|1779961386
|switch|p1a: Iron Moth|Iron Moth|100/100
|-damage|p1a: Iron Moth|88/100|[from] Spikes
|-enditem|p1a: Iron Moth|Booster Energy
|-activate|p1a: Iron Moth|ability: Quark Drive|[fromitem]
|-start|p1a: Iron Moth|quarkdrivespe
|turn|12
|
|t:|1779961393
|switch|p2a: Samurott|Samurott-Hisui, F|100/100
|move|p1a: Iron Moth|Fiery Dance|p2a: Samurott
|-resisted|p2a: Samurott
|-damage|p2a: Samurott|87/100
|-boost|p1a: Iron Moth|spa|1
|
|upkeep
|turn|13
|
|t:|1779961403
|move|p1a: Iron Moth|Sludge Wave|p2a: Samurott
|-damage|p2a: Samurott|36/100
|move|p2a: Samurott|Ceaseless Edge|p1a: Iron Moth
|-damage|p1a: Iron Moth|20/100
|-sidestart|p1: stootic|Spikes
|
|upkeep
|turn|14
|
|t:|1779961409
|move|p2a: Samurott|Sucker Punch||[still]
|-fail|p2a: Samurott
|move|p1a: Iron Moth|Toxic Spikes|p2a: Samurott
|-sidestart|p2: gatorskk|move: Toxic Spikes
|
|upkeep
|turn|15
|
|t:|1779961415
|move|p2a: Samurott|Sucker Punch|p1a: Iron Moth
|-damage|p1a: Iron Moth|0 fnt
|faint|p1a: Iron Moth
|-end|p1a: Iron Moth|Quark Drive|[silent]
|
|upkeep
|
|t:|1779961419
|switch|p1a: Gliscor|Gliscor, F|96/100 tox
|turn|16
|
|t:|1779961431
|move|p1a: Gliscor|Facade|p2a: Samurott
|-damage|p2a: Samurott|0 fnt
|faint|p2a: Samurott
|
|-heal|p1a: Gliscor|100/100 tox|[from] ability: Poison Heal
|upkeep
|
|t:|1779961439
|switch|p2a: Kyurem|Kyurem|100/100
|-status|p2a: Kyurem|psn
|-ability|p2a: Kyurem|Pressure
|turn|17
|
|t:|1779961447
|switch|p1a: Zamazenta|Zamazenta|100/100
|-damage|p1a: Zamazenta|84/100|[from] Spikes
|move|p2a: Kyurem|Ice Beam|p1a: Zamazenta
|-damage|p1a: Zamazenta|49/100
|
|-damage|p2a: Kyurem|88/100 psn|[from] psn
|upkeep
|turn|18
|
|t:|1779961453
|switch|p2a: Landorus|Landorus-Therian, M|100/100
|-ability|p2a: Landorus|Intimidate|boost
|-unboost|p1a: Zamazenta|atk|1
|move|p1a: Zamazenta|Light Screen|p1a: Zamazenta
|-sidestart|p1: stootic|move: Light Screen
|
|upkeep
|turn|19
|
|t:|1779961461
|move|p1a: Zamazenta|Reflect|p1a: Zamazenta
|-sidestart|p1: stootic|Reflect
|move|p2a: Landorus|Stealth Rock|p1a: Zamazenta
|-sidestart|p1: stootic|move: Stealth Rock
|
|upkeep
|turn|20
|
|t:|1779961473
|move|p1a: Zamazenta|Ice Fang|p2a: Landorus
|-supereffective|p2a: Landorus
|-damage|p2a: Landorus|51/100
|-damage|p1a: Zamazenta|32/100|[from] item: Rocky Helmet|[of] p2a: Landorus
|move|p2a: Landorus|Earth Power|p1a: Zamazenta
|-crit|p1a: Zamazenta
|-damage|p1a: Zamazenta|0 fnt
|faint|p1a: Zamazenta
|
|upkeep
|
|t:|1779961480
|switch|p1a: Gliscor|Gliscor, F|100/100 tox
|-damage|p1a: Gliscor|88/100 tox|[from] Stealth Rock
|turn|21
|
|t:|1779961485
|move|p2a: Landorus|Taunt|p1a: Gliscor
|-start|p1a: Gliscor|move: Taunt
|cant|p1a: Gliscor|move: Taunt|Agility
|
|-heal|p1a: Gliscor|100/100 tox|[from] ability: Poison Heal
|upkeep
|turn|22
|
|t:|1779961514
|move|p2a: Landorus|U-turn|p1a: Gliscor
|-resisted|p1a: Gliscor
|-damage|p1a: Gliscor|96/100 tox
|
|t:|1779961515
|switch|p2a: Kyurem|Kyurem|88/100 psn|[from] U-turn
|-ability|p2a: Kyurem|Pressure
|move|p1a: Gliscor|Facade|p2a: Kyurem
|-damage|p2a: Kyurem|45/100 psn
|
|-damage|p2a: Kyurem|32/100 psn|[from] psn
|-heal|p1a: Gliscor|100/100 tox|[from] ability: Poison Heal
|upkeep
|turn|23
|
|t:|1779961532
|move|p2a: Kyurem|Ice Beam|p1a: Gliscor
|-supereffective|p1a: Gliscor
|-damage|p1a: Gliscor|0 fnt
|faint|p1a: Gliscor
|
|-damage|p2a: Kyurem|20/100 psn|[from] psn
|upkeep
|
|t:|1779961535
|switch|p1a: Hatterene|Hatterene, F|100/100
|-damage|p1a: Hatterene|84/100|[from] Spikes
|-damage|p1a: Hatterene|72/100|[from] Stealth Rock
|turn|24
|
|t:|1779961539
|move|p2a: Kyurem|Ice Beam|p1a: Hatterene
|-damage|p1a: Hatterene|50/100
|move|p1a: Hatterene|Calm Mind|p1a: Hatterene
|-boost|p1a: Hatterene|spa|1
|-boost|p1a: Hatterene|spd|1
|
|-heal|p1a: Hatterene|56/100|[from] item: Leftovers
|-damage|p2a: Kyurem|8/100 psn|[from] psn
|upkeep
|turn|25
|
|t:|1779961555
|move|p2a: Kyurem|Ice Beam|p1a: Hatterene
|-damage|p1a: Hatterene|41/100
|-status|p1a: Hatterene|frz
|cant|p1a: Hatterene|frz
|
|-heal|p1a: Hatterene|47/100 frz|[from] item: Leftovers
|-damage|p2a: Kyurem|0 fnt|[from] psn
|faint|p2a: Kyurem
|-sideend|p1: stootic|move: Light Screen
|upkeep
|
|t:|1779961560
|switch|p2a: Gholdengo|Gholdengo|3/100
|turn|26
|
|t:|1779961562
|move|p2a: Gholdengo|Make It Rain|p1a: Hatterene
|-supereffective|p1a: Hatterene
|-damage|p1a: Hatterene|0 fnt
|-unboost|p2a: Gholdengo|spa|1
|faint|p1a: Hatterene
|
|win|gatorskk
|raw|stootic's rating: 1488 &rarr; <strong>1471</strong><br />(-17 for losing)
|raw|gatorskk's rating: 1545 &rarr; <strong>1562</strong><br />(+17 for winning)
|l|☆stootic
|player|p1|
|l|☆gatorskk
|player|p2|
