|j|☆tokiwakano
|j|☆UltraBallzz
|t:|1779933870
|gametype|singles
|player|p1|tokiwakano|acetrainerf|1676
|player|p2|UltraBallzz|#splxbigs|1681
|gen|9
|tier|[Gen 9] OU
|rated|
|rule|HP Percentage Mod: HP is shown in percentages
|rule|Endless Battle Clause: Forcing endless battles is banned
|rule|Species Clause: Limit one of each Pokémon
|rule|OHKO Clause: OHKO moves are banned
|rule|Evasion Items Clause: Evasion items are banned
|rule|Evasion Moves Clause: Evasion moves are banned
|rule|Evasion Abilities Clause: Evasion abilities are banned
|rule|Sleep Moves Clause: Sleep-inducing moves are banned
|clearpoke
|poke|p1|Excadrill, M|
|poke|p1|Tyranitar, F|
|poke|p1|Enamorus, F|
|poke|p1|Hydrapple, F|
|poke|p1|Alomomola, M|
|poke|p1|Garganacl, F|
|poke|p2|Iron Treads|
|poke|p2|Moltres|
|poke|p2|Dragapult, M|
|poke|p2|Samurott-Hisui, F|
|poke|p2|Ogerpon, F|
|poke|p2|Iron Valiant|
|teampreview
|inactive|Battle timer is ON: inactive players will automatically lose when time's up. (requested by tokiwakano)
|
|t:|1779933878
|teamsize|p1|6
|teamsize|p2|6
|start
|switch|p1a: Enamorus|Enamorus, F|100/100
|switch|p2a: Iron Treads|Iron Treads|100/100
|turn|1
|
|t:|1779933884
|switch|p1a: Hydrapple|Hydrapple, F|100/100
|move|p2a: Iron Treads|Stealth Rock|p1a: Hydrapple
|-sidestart|p1: tokiwakano|move: Stealth Rock
|
|upkeep
|turn|2
|
|t:|1779933889
|-end|p2a: Iron Treads|Quark Drive|[silent]
|switch|p2a: Moltres|Moltres|100/100
|move|p1a: Hydrapple|Earth Power|p2a: Moltres
|-immune|p2a: Moltres
|
|upkeep
|turn|3
|
|t:|1779933893
|switch|p1a: Alomomola|Alomomola, M|100/100
|-damage|p1a: Alomomola|88/100|[from] Stealth Rock
|move|p2a: Moltres|Will-O-Wisp|p1a: Alomomola
|-status|p1a: Alomomola|brn
|
|-damage|p1a: Alomomola|82/100 brn|[from] brn
|upkeep
|turn|4
|
|t:|1779933897
|move|p2a: Moltres|U-turn|p1a: Alomomola
|-damage|p1a: Alomomola|72/100 brn
|
|t:|1779933900
|switch|p2a: Ogerpon|Ogerpon, F|100/100|[from] U-turn
|move|p1a: Alomomola|Scald|p2a: Ogerpon
|-resisted|p2a: Ogerpon
|-damage|p2a: Ogerpon|92/100
|
|-damage|p1a: Alomomola|66/100 brn|[from] brn
|upkeep
|turn|5
|
|t:|1779933908
|switch|p1a: Hydrapple|Hydrapple, F|100/100
|-damage|p1a: Hydrapple|88/100|[from] Stealth Rock
|move|p2a: Ogerpon|U-turn|p1a: Hydrapple
|-supereffective|p1a: Hydrapple
|-damage|p1a: Hydrapple|53/100
|-damage|p2a: Ogerpon|76/100|[from] item: Rocky Helmet|[of] p1a: Hydrapple
|
|t:|1779933915
|switch|p2a: Dragapult|Dragapult, M|100/100|[from] U-turn
|
|upkeep
|turn|6
|
|t:|1779933920
|switch|p1a: Garganacl|Garganacl, F|100/100
|-damage|p1a: Garganacl|88/100|[from] Stealth Rock
|move|p2a: Dragapult|Dragon Darts|p1a: Garganacl
|-damage|p1a: Garganacl|75/100
|-anim|p2a: Dragapult|Dragon Darts|p1a: Garganacl
|-damage|p1a: Garganacl|63/100
|
|-heal|p1a: Garganacl|69/100|[from] item: Leftovers
|upkeep
|turn|7
|
|t:|1779933928
|move|p2a: Dragapult|U-turn|p1a: Garganacl
|-damage|p1a: Garganacl|57/100
|
|t:|1779933930
|switch|p2a: Samurott|Samurott-Hisui, F|100/100|[from] U-turn
|move|p1a: Garganacl|Salt Cure|p2a: Samurott
|-damage|p2a: Samurott|85/100
|-start|p2a: Samurott|Salt Cure
|
|-heal|p1a: Garganacl|63/100|[from] item: Leftovers
|-damage|p2a: Samurott|60/100|[from] Salt Cure
|upkeep
|turn|8
|
|t:|1779933935
|switch|p2a: Ogerpon|Ogerpon, F|76/100
|move|p1a: Garganacl|Protect||[still]
|-fail|p1a: Garganacl
|
|-heal|p1a: Garganacl|69/100|[from] item: Leftovers
|upkeep
|turn|9
|
|t:|1779933939
|move|p1a: Garganacl|Protect|p1a: Garganacl
|-singleturn|p1a: Garganacl|Protect
|move|p2a: Ogerpon|Ivy Cudgel|p1a: Garganacl
|-activate|p1a: Garganacl|move: Protect
|
|-heal|p1a: Garganacl|76/100|[from] item: Leftovers
|upkeep
|turn|10
|
|t:|1779933947
|switch|p2a: Dragapult|Dragapult, M|100/100
|switch|p1a: Hydrapple|Hydrapple, F|86/100
|-damage|p1a: Hydrapple|74/100|[from] Stealth Rock
|
|upkeep
|turn|11
|
|t:|1779933952
|move|p2a: Dragapult|Dragon Darts|p1a: Hydrapple
|-supereffective|p1a: Hydrapple
|-damage|p1a: Hydrapple|52/100
|-anim|p2a: Dragapult|Dragon Darts|p1a: Hydrapple
|-supereffective|p1a: Hydrapple
|-damage|p1a: Hydrapple|30/100
|move|p1a: Hydrapple|Fickle Beam|p2a: Dragapult
|-supereffective|p2a: Dragapult
|-damage|p2a: Dragapult|0 fnt
|faint|p2a: Dragapult
|
|upkeep
|
|t:|1779933960
|switch|p2a: Ogerpon|Ogerpon, F|76/100
|turn|12
|
|t:|1779933968
|switch|p1a: Enamorus|Enamorus, F|100/100
|-damage|p1a: Enamorus|76/100|[from] Stealth Rock
|move|p2a: Ogerpon|Ivy Cudgel|p1a: Enamorus
|-resisted|p1a: Enamorus
|-damage|p1a: Enamorus|20/100
|
|upkeep
|turn|13
|
|t:|1779933975
|switch|p1a: Hydrapple|Hydrapple, F|63/100
|-damage|p1a: Hydrapple|51/100|[from] Stealth Rock
|move|p2a: Ogerpon|Ivy Cudgel|p1a: Hydrapple
|-resisted|p1a: Hydrapple
|-damage|p1a: Hydrapple|41/100
|
|upkeep
|turn|14
|
|t:|1779933978
|switch|p2a: Moltres|Moltres|100/100
|move|p1a: Hydrapple|Fickle Beam|p2a: Moltres|[anim] Fickle Beam All Out
|-activate|p1a: Hydrapple|move: Fickle Beam
|-damage|p2a: Moltres|40/100
|
|upkeep
|turn|15
|
|t:|1779933984
|switch|p1a: Garganacl|Garganacl, F|76/100
|-damage|p1a: Garganacl|63/100|[from] Stealth Rock
|move|p2a: Moltres|U-turn|p1a: Garganacl
|-damage|p1a: Garganacl|54/100
|
|t:|1779933993
|switch|p2a: Iron Treads|Iron Treads|100/100|[from] U-turn
|
|-heal|p1a: Garganacl|60/100|[from] item: Leftovers
|upkeep
|turn|16
|
|t:|1779933996
|move|p1a: Garganacl|Protect|p1a: Garganacl
|-singleturn|p1a: Garganacl|Protect
|move|p2a: Iron Treads|Knock Off|p1a: Garganacl
|-activate|p1a: Garganacl|move: Protect
|
|-heal|p1a: Garganacl|66/100|[from] item: Leftovers
|upkeep
|turn|17
|
|t:|1779934010
|switch|p1a: Hydrapple|Hydrapple, F|74/100
|-damage|p1a: Hydrapple|62/100|[from] Stealth Rock
|move|p2a: Iron Treads|Knock Off|p1a: Hydrapple
|-damage|p1a: Hydrapple|48/100
|-damage|p2a: Iron Treads|84/100|[from] item: Rocky Helmet|[of] p1a: Hydrapple
|-enditem|p1a: Hydrapple|Rocky Helmet|[from] move: Knock Off|[of] p2a: Iron Treads
|
|-heal|p2a: Iron Treads|90/100|[from] item: Leftovers
|upkeep
|turn|18
|
|t:|1779934018
|-end|p2a: Iron Treads|Quark Drive|[silent]
|switch|p2a: Moltres|Moltres|40/100
|switch|p1a: Alomomola|Alomomola, M|99/100 brn
|-damage|p1a: Alomomola|87/100 brn|[from] Stealth Rock
|
|-damage|p1a: Alomomola|81/100 brn|[from] brn
|upkeep
|turn|19
|
|t:|1779934020
|move|p2a: Moltres|Roost|p2a: Moltres
|-heal|p2a: Moltres|90/100
|-singleturn|p2a: Moltres|move: Roost
|move|p1a: Alomomola|Flip Turn|p2a: Moltres
|-supereffective|p2a: Moltres
|-damage|p2a: Moltres|80/100
|
|t:|1779934023
|switch|p1a: Garganacl|Garganacl, F|66/100|[from] Flip Turn
|-damage|p1a: Garganacl|54/100|[from] Stealth Rock
|
|-heal|p1a: Garganacl|60/100|[from] item: Leftovers
|upkeep
|turn|20
|
|t:|1779934026
|move|p2a: Moltres|U-turn|p1a: Garganacl
|-damage|p1a: Garganacl|50/100
|
|t:|1779934030
|switch|p2a: Samurott|Samurott-Hisui, F|60/100|[from] U-turn
|move|p1a: Garganacl|Salt Cure|p2a: Samurott
|-damage|p2a: Samurott|44/100
|-start|p2a: Samurott|Salt Cure
|
|-heal|p1a: Garganacl|56/100|[from] item: Leftovers
|-damage|p2a: Samurott|19/100|[from] Salt Cure
|upkeep
|turn|21
|
|t:|1779934034
|switch|p2a: Ogerpon|Ogerpon, F|76/100
|move|p1a: Garganacl|Recover|p1a: Garganacl
|-heal|p1a: Garganacl|100/100
|
|upkeep
|turn|22
|
|t:|1779934038
|move|p1a: Garganacl|Protect|p1a: Garganacl
|-singleturn|p1a: Garganacl|Protect
|move|p2a: Ogerpon|Ivy Cudgel|p1a: Garganacl
|-activate|p1a: Garganacl|move: Protect
|
|upkeep
|turn|23
|
|t:|1779934045
|switch|p2a: Iron Valiant|Iron Valiant|100/100
|-enditem|p2a: Iron Valiant|Booster Energy
|-activate|p2a: Iron Valiant|ability: Quark Drive|[fromitem]
|-start|p2a: Iron Valiant|quarkdrivespe
|switch|p1a: Hydrapple|Hydrapple, F|82/100
|-damage|p1a: Hydrapple|69/100|[from] Stealth Rock
|
|upkeep
|turn|24
|
|t:|1779934050
|switch|p1a: Alomomola|Alomomola, M|100/100 brn
|-damage|p1a: Alomomola|88/100 brn|[from] Stealth Rock
|move|p2a: Iron Valiant|Calm Mind|p2a: Iron Valiant
|-boost|p2a: Iron Valiant|spa|1
|-boost|p2a: Iron Valiant|spd|1
|
|-damage|p1a: Alomomola|82/100 brn|[from] brn
|upkeep
|turn|25
|
|t:|1779934052
|move|p2a: Iron Valiant|Calm Mind|p2a: Iron Valiant
|-boost|p2a: Iron Valiant|spa|1
|-boost|p2a: Iron Valiant|spd|1
|move|p1a: Alomomola|Flip Turn|p2a: Iron Valiant
|-damage|p2a: Iron Valiant|89/100
|
|t:|1779934054
|switch|p1a: Tyranitar|Tyranitar, F|100/100|[from] Flip Turn
|-damage|p1a: Tyranitar|88/100|[from] Stealth Rock
|-weather|Sandstorm|[from] ability: Sand Stream|[of] p1a: Tyranitar
|
|-weather|Sandstorm|[upkeep]
|-damage|p2a: Iron Valiant|83/100|[from] Sandstorm
|upkeep
|turn|26
|
|t:|1779934061
|switch|p1a: Enamorus|Enamorus, F|20/100
|-damage|p1a: Enamorus|0 fnt|[from] Stealth Rock
|faint|p1a: Enamorus
|move|p2a: Iron Valiant|Aura Sphere|p1: Enamorus|[notarget]
|-fail|p2a: Iron Valiant
|
|-weather|Sandstorm|[upkeep]
|-damage|p2a: Iron Valiant|77/100|[from] Sandstorm
|upkeep
|
|t:|1779934062
|switch|p1a: Excadrill|Excadrill, M|100/100
|-damage|p1a: Excadrill|97/100|[from] Stealth Rock
|turn|27
|
|t:|1779934067
|-terastallize|p2a: Iron Valiant|Ghost
|move|p1a: Excadrill|Iron Head|p2a: Iron Valiant
|-damage|p2a: Iron Valiant|18/100
|cant|p2a: Iron Valiant|flinch
|
|-weather|Sandstorm|[upkeep]
|-damage|p2a: Iron Valiant|12/100|[from] Sandstorm
|-heal|p1a: Excadrill|100/100|[from] item: Leftovers
|upkeep
|turn|28
|c|☆UltraBallzz|Sweet
|
|t:|1779934077
|-end|p2a: Iron Valiant|Quark Drive|[silent]
|switch|p2a: Moltres|Moltres|80/100
|move|p1a: Excadrill|Earthquake|p2a: Moltres
|-immune|p2a: Moltres
|
|-weather|Sandstorm|[upkeep]
|-damage|p2a: Moltres|74/100|[from] Sandstorm
|upkeep
|turn|29
|c|☆tokiwakano|mb
|
|t:|1779934085
|move|p1a: Excadrill|Substitute|p1a: Excadrill
|-start|p1a: Excadrill|Substitute
|-damage|p1a: Excadrill|76/100
|move|p2a: Moltres|U-turn|p1a: Excadrill
|-resisted|p1a: Excadrill
|-activate|p1a: Excadrill|move: Substitute|[damage]
|c|☆UltraBallzz|Np
|
|t:|1779934091
|switch|p2a: Ogerpon|Ogerpon, F|76/100|[from] U-turn
|
|-weather|none
|-heal|p1a: Excadrill|82/100|[from] item: Leftovers
|upkeep
|turn|30
|
|t:|1779934095
|move|p2a: Ogerpon|Ivy Cudgel|p1a: Excadrill
|-end|p1a: Excadrill|Substitute
|move|p1a: Excadrill|Rapid Spin|p2a: Ogerpon
|-damage|p2a: Ogerpon|51/100
|-boost|p1a: Excadrill|spe|1
|-sideend|p1: tokiwakano|Stealth Rock|[from] move: Rapid Spin|[of] p1a: Excadrill
|
|-heal|p1a: Excadrill|88/100|[from] item: Leftovers
|upkeep
|turn|31
|
|t:|1779934106
|switch|p1a: Hydrapple|Hydrapple, F|100/100
|move|p2a: Ogerpon|Ivy Cudgel|p1a: Hydrapple
|-resisted|p1a: Hydrapple
|-damage|p1a: Hydrapple|90/100
|
|upkeep
|turn|32
|
|t:|1779934112
|switch|p2a: Iron Treads|Iron Treads|90/100
|move|p1a: Hydrapple|Nasty Plot|p1a: Hydrapple
|-boost|p1a: Hydrapple|spa|2
|
|-heal|p2a: Iron Treads|96/100|[from] item: Leftovers
|upkeep
|turn|33
|
|t:|1779934117
|move|p2a: Iron Treads|Stealth Rock|p1a: Hydrapple
|-sidestart|p1: tokiwakano|move: Stealth Rock
|move|p1a: Hydrapple|Earth Power|p2a: Iron Treads
|-supereffective|p2a: Iron Treads
|-damage|p2a: Iron Treads|0 fnt
|faint|p2a: Iron Treads
|-end|p2a: Iron Treads|Quark Drive|[silent]
|
|upkeep
|
|t:|1779934119
|switch|p2a: Iron Valiant|Iron Valiant, tera:Ghost|12/100
|turn|34
|
|t:|1779934125
|switch|p1a: Alomomola|Alomomola, M|100/100 brn
|-damage|p1a: Alomomola|88/100 brn|[from] Stealth Rock
|move|p2a: Iron Valiant|Moonblast|p1a: Alomomola
|-damage|p1a: Alomomola|63/100 brn
|
|-damage|p1a: Alomomola|57/100 brn|[from] brn
|upkeep
|turn|35
|
|t:|1779934132
|-end|p2a: Iron Valiant|Quark Drive|[silent]
|switch|p2a: Samurott|Samurott-Hisui, F|19/100
|move|p1a: Alomomola|Scald|p2a: Samurott
|-resisted|p2a: Samurott
|-damage|p2a: Samurott|15/100
|
|-damage|p1a: Alomomola|51/100 brn|[from] brn
|upkeep
|turn|36
|
|t:|1779934141
|switch|p1a: Hydrapple|Hydrapple, F|100/100
|-damage|p1a: Hydrapple|88/100|[from] Stealth Rock
|move|p2a: Samurott|Ceaseless Edge|p1a: Hydrapple
|-damage|p1a: Hydrapple|65/100
|-sidestart|p1: tokiwakano|Spikes
|
|upkeep
|turn|37
|
|t:|1779934149
|move|p2a: Samurott|Ceaseless Edge|p1a: Hydrapple
|-damage|p1a: Hydrapple|40/100
|-sidestart|p1: tokiwakano|Spikes
|move|p1a: Hydrapple|Giga Drain|p2a: Samurott
|-supereffective|p2a: Samurott
|-damage|p2a: Samurott|0 fnt
|-heal|p1a: Hydrapple|47/100|[from] drain|[of] p2a: Samurott
|faint|p2a: Samurott
|
|upkeep
|
|t:|1779934157
|switch|p2a: Iron Valiant|Iron Valiant, tera:Ghost|12/100
|turn|38
|
|t:|1779934161
|switch|p1a: Alomomola|Alomomola, M|84/100 brn
|-damage|p1a: Alomomola|72/100 brn|[from] Stealth Rock
|-damage|p1a: Alomomola|55/100 brn|[from] Spikes
|move|p2a: Iron Valiant|Moonblast|p1a: Alomomola
|-damage|p1a: Alomomola|28/100 brn
|-unboost|p1a: Alomomola|spa|1
|
|-damage|p1a: Alomomola|22/100 brn|[from] brn
|upkeep
|turn|39
|
|t:|1779934166
|move|p2a: Iron Valiant|Moonblast|p1a: Alomomola
|-damage|p1a: Alomomola|0 fnt
|faint|p1a: Alomomola
|
|upkeep
|
|t:|1779934172
|switch|p1a: Tyranitar|Tyranitar, F|88/100
|-damage|p1a: Tyranitar|76/100|[from] Stealth Rock
|-damage|p1a: Tyranitar|59/100|[from] Spikes
|-weather|Sandstorm|[from] ability: Sand Stream|[of] p1a: Tyranitar
|turn|40
|
|t:|1779934177
|move|p2a: Iron Valiant|Aura Sphere|p1a: Tyranitar
|-supereffective|p1a: Tyranitar
|-damage|p1a: Tyranitar|0 fnt
|faint|p1a: Tyranitar
|
|-weather|Sandstorm|[upkeep]
|-damage|p2a: Iron Valiant|6/100|[from] Sandstorm
|upkeep
|
|t:|1779934180
|switch|p1a: Excadrill|Excadrill, M|88/100
|-damage|p1a: Excadrill|85/100|[from] Stealth Rock
|-damage|p1a: Excadrill|68/100|[from] Spikes
|turn|41
|
|t:|1779934183
|-end|p2a: Iron Valiant|Quark Drive|[silent]
|switch|p2a: Moltres|Moltres|74/100
|move|p1a: Excadrill|Substitute|p1a: Excadrill
|-start|p1a: Excadrill|Substitute
|-damage|p1a: Excadrill|43/100
|
|-weather|Sandstorm|[upkeep]
|-damage|p2a: Moltres|68/100|[from] Sandstorm
|-heal|p1a: Excadrill|49/100|[from] item: Leftovers
|upkeep
|turn|42
|
|t:|1779934185
|move|p1a: Excadrill|Rapid Spin|p2a: Moltres
|-damage|p2a: Moltres|54/100
|-boost|p1a: Excadrill|spe|1
|-sideend|p1: tokiwakano|Spikes|[from] move: Rapid Spin|[of] p1a: Excadrill
|-sideend|p1: tokiwakano|Stealth Rock|[from] move: Rapid Spin|[of] p1a: Excadrill
|move|p2a: Moltres|Flamethrower|p1a: Excadrill
|-supereffective|p1a: Excadrill
|-end|p1a: Excadrill|Substitute
|
|-weather|Sandstorm|[upkeep]
|-damage|p2a: Moltres|48/100|[from] Sandstorm
|-heal|p1a: Excadrill|55/100|[from] item: Leftovers
|upkeep
|turn|43
|
|t:|1779934192
|switch|p1a: Garganacl|Garganacl, F|100/100
|move|p2a: Moltres|Flamethrower|p1a: Garganacl
|-resisted|p1a: Garganacl
|-damage|p1a: Garganacl|92/100
|
|-weather|Sandstorm|[upkeep]
|-damage|p2a: Moltres|42/100|[from] Sandstorm
|-heal|p1a: Garganacl|98/100|[from] item: Leftovers
|upkeep
|turn|44
|
|t:|1779934196
|move|p2a: Moltres|Roost|p2a: Moltres
|-heal|p2a: Moltres|92/100
|-singleturn|p2a: Moltres|move: Roost
|move|p1a: Garganacl|Salt Cure|p2a: Moltres
|-supereffective|p2a: Moltres
|-damage|p2a: Moltres|72/100
|-start|p2a: Moltres|Salt Cure
|
|-weather|none
|-heal|p1a: Garganacl|100/100|[from] item: Leftovers
|-damage|p2a: Moltres|60/100|[from] Salt Cure
|upkeep
|turn|45
|
|t:|1779934202
|move|p2a: Moltres|U-turn|p1a: Garganacl
|-damage|p1a: Garganacl|91/100
|
|t:|1779934203
|switch|p2a: Ogerpon|Ogerpon, F|51/100|[from] U-turn
|move|p1a: Garganacl|Salt Cure|p2a: Ogerpon
|-damage|p2a: Ogerpon|31/100
|-start|p2a: Ogerpon|Salt Cure
|
|-heal|p1a: Garganacl|97/100|[from] item: Leftovers
|-damage|p2a: Ogerpon|18/100|[from] Salt Cure
|upkeep
|turn|46
|
|t:|1779934211
|move|p1a: Garganacl|Protect|p1a: Garganacl
|-singleturn|p1a: Garganacl|Protect
|move|p2a: Ogerpon|Ivy Cudgel|p1a: Garganacl
|-activate|p1a: Garganacl|move: Protect
|
|-heal|p1a: Garganacl|100/100|[from] item: Leftovers
|-damage|p2a: Ogerpon|6/100|[from] Salt Cure
|upkeep
|turn|47
|
|t:|1779934216
|switch|p2a: Iron Valiant|Iron Valiant, tera:Ghost|6/100
|move|p1a: Garganacl|Stealth Rock|p2a: Iron Valiant
|-sidestart|p2: UltraBallzz|move: Stealth Rock
|
|upkeep
|turn|48
|
|t:|1779934221
|move|p2a: Iron Valiant|Aura Sphere|p1a: Garganacl
|-supereffective|p1a: Garganacl
|-damage|p1a: Garganacl|46/100
|move|p1a: Garganacl|Salt Cure|p2a: Iron Valiant
|-damage|p2a: Iron Valiant|0 fnt
|faint|p2a: Iron Valiant
|-end|p2a: Iron Valiant|Quark Drive|[silent]
|
|-heal|p1a: Garganacl|53/100|[from] item: Leftovers
|upkeep
|-message|UltraBallzz forfeited.
|
|win|tokiwakano
|raw|tokiwakano's rating: 1676 &rarr; <strong>1696</strong><br />(+20 for winning)
|raw|UltraBallzz's rating: 1681 &rarr; <strong>1661</strong><br />(-20 for losing)
|l|☆UltraBallzz
|player|p2|
|l|☆tokiwakano
|player|p1|
