|j|☆suntt1
|j|☆slotx
|t:|1779960490
|gametype|singles
|player|p1|suntt1|265|1355
|player|p2|slotx|1|1317
|gen|9
|tier|[Gen 9] OU
|rated|
|rule|HP Percentage Mod: HP is shown in percentages
|rule|Endless Battle Clause: Forcing endless battles is banned
|rule|Species Clause: Limit one of each Pokémon
|rule|OHKO Clause: OHKO moves are banned
|rule|Evasion Items Clause: Evasion items are banned
|rule|Evasion Moves Clause: Evasion moves are banned
|rule|Evasion Abilities Clause: Evasion abilities are banned
|rule|Sleep Moves Clause: Sleep-inducing moves are banned
|clearpoke
|poke|p1|Torkoal, M|
|poke|p1|Slither Wing|
|poke|p1|Great Tusk|
|poke|p1|Walking Wake|
|poke|p1|Lilligant-Hisui, F|
|poke|p1|Heatran, F|
|poke|p2|Kingambit, M|
|poke|p2|Iron Valiant|
|poke|p2|Great Tusk|
|poke|p2|Meowscarada, F|
|poke|p2|Slowking-Galar, M|
|poke|p2|Dragapult, M|
|teampreview
|
|t:|1779960502
|teamsize|p1|6
|teamsize|p2|6
|start
|switch|p1a: Torkoal|Torkoal, M|100/100
|switch|p2a: Meowscarada|Meowscarada, F|100/100
|-weather|SunnyDay|[from] ability: Drought|[of] p1a: Torkoal
|turn|1
|
|t:|1779960519
|switch|p1a: Heatran|Heatran, F|100/100
|move|p2a: Meowscarada|U-turn|p1a: Heatran
|-start|p2a: Meowscarada|typechange|Bug|[from] ability: Protean
|-resisted|p1a: Heatran
|-damage|p1a: Heatran|94/100
|
|t:|1779960529
|switch|p2a: Slowking|Slowking-Galar, M|100/100|[from] U-turn
|
|-weather|SunnyDay|[upkeep]
|upkeep
|turn|2
|
|t:|1779960536
|move|p1a: Heatran|Taunt|p2a: Slowking
|-start|p2a: Slowking|move: Taunt
|move|p2a: Slowking|Future Sight|p1a: Heatran
|-start|p2a: Slowking|move: Future Sight
|
|-weather|SunnyDay|[upkeep]
|upkeep
|turn|3
|
|t:|1779960578
|switch|p2a: Iron Valiant|Iron Valiant|100/100
|-enditem|p2a: Iron Valiant|Booster Energy
|-activate|p2a: Iron Valiant|ability: Quark Drive|[fromitem]
|-start|p2a: Iron Valiant|quarkdrivespe
|move|p1a: Heatran|Lava Plume|p2a: Iron Valiant
|-crit|p2a: Iron Valiant
|-damage|p2a: Iron Valiant|0 fnt
|faint|p2a: Iron Valiant
|-end|p2a: Iron Valiant|Quark Drive|[silent]
|
|-weather|SunnyDay|[upkeep]
|upkeep
|c|☆slotx|uh
|
|t:|1779960595
|switch|p2a: Great Tusk|Great Tusk|100/100
|-activate|p2a: Great Tusk|ability: Protosynthesis
|-start|p2a: Great Tusk|protosynthesisdef
|turn|4
|
|t:|1779960605
|move|p2a: Great Tusk|Headlong Rush|p1a: Heatran
|-supereffective|p1a: Heatran
|-damage|p1a: Heatran|0 fnt
|-unboost|p2a: Great Tusk|def|1
|-unboost|p2a: Great Tusk|spd|1
|faint|p1a: Heatran
|
|-weather|SunnyDay|[upkeep]
|-hint|Future Sight did not hit because the target is fainted.
|upkeep
|
|t:|1779960610
|switch|p1a: Walking Wake|Walking Wake|100/100
|-activate|p1a: Walking Wake|ability: Protosynthesis
|-start|p1a: Walking Wake|protosynthesisspa
|turn|5
|
|t:|1779960627
|-terastallize|p2a: Great Tusk|Steel
|move|p1a: Walking Wake|Hydro Steam|p2a: Great Tusk
|-damage|p2a: Great Tusk|0 fnt
|faint|p2a: Great Tusk
|-end|p2a: Great Tusk|Protosynthesis|[silent]
|
|-weather|SunnyDay|[upkeep]
|upkeep
|
|t:|1779960638
|switch|p2a: Meowscarada|Meowscarada, F|100/100
|turn|6
|
|t:|1779960644
|-end|p1a: Walking Wake|Protosynthesis|[silent]
|switch|p1a: Slither Wing|Slither Wing|100/100
|-activate|p1a: Slither Wing|ability: Protosynthesis
|-start|p1a: Slither Wing|protosynthesisatk
|move|p2a: Meowscarada|Flower Trick|p1a: Slither Wing
|-start|p2a: Meowscarada|typechange|Grass|[from] ability: Protean
|-resisted|p1a: Slither Wing
|-crit|p1a: Slither Wing
|-damage|p1a: Slither Wing|81/100
|
|-weather|SunnyDay|[upkeep]
|upkeep
|turn|7
|
|t:|1779960658
|switch|p2a: Dragapult|Dragapult, M|100/100
|move|p1a: Slither Wing|U-turn|p2a: Dragapult
|-resisted|p2a: Dragapult
|-damage|p2a: Dragapult|74/100
|
|t:|1779960666
|-end|p1a: Slither Wing|Protosynthesis|[silent]
|switch|p1a: Lilligant|Lilligant-Hisui, F|100/100|[from] U-turn
|
|-weather|SunnyDay|[upkeep]
|upkeep
|turn|8
|
|t:|1779960674
|move|p1a: Lilligant|Triple Axel|p2a: Dragapult
|-supereffective|p2a: Dragapult
|-damage|p2a: Dragapult|51/100
|-supereffective|p2a: Dragapult
|-damage|p2a: Dragapult|5/100
|-supereffective|p2a: Dragapult
|-crit|p2a: Dragapult
|-damage|p2a: Dragapult|0 fnt
|faint|p2a: Dragapult
|-hitcount|p2: Dragapult|3
|-damage|p1a: Lilligant|91/100|[from] item: Life Orb
|
|-weather|none
|upkeep
|
|t:|1779960690
|switch|p2a: Slowking|Slowking-Galar, M|100/100
|turn|9
|
|t:|1779960706
|switch|p1a: Torkoal|Torkoal, M|100/100
|-weather|SunnyDay|[from] ability: Drought|[of] p1a: Torkoal
|move|p2a: Slowking|Future Sight|p1a: Torkoal
|-start|p2a: Slowking|move: Future Sight
|
|-weather|SunnyDay|[upkeep]
|upkeep
|turn|10
|
|t:|1779960713
|move|p2a: Slowking|Sludge Bomb|p1a: Torkoal
|-damage|p1a: Torkoal|45/100
|move|p1a: Torkoal|Sunny Day||[still]
|-fail|p1a: Torkoal
|
|-weather|SunnyDay|[upkeep]
|upkeep
|turn|11
|
|t:|1779960719
|move|p2a: Slowking|Sludge Bomb|p1a: Torkoal
|-damage|p1a: Torkoal|0 fnt
|faint|p1a: Torkoal
|
|-weather|SunnyDay|[upkeep]
|-hint|Future Sight did not hit because the target is fainted.
|upkeep
|
|t:|1779960725
|switch|p1a: Walking Wake|Walking Wake|100/100
|-activate|p1a: Walking Wake|ability: Protosynthesis
|-start|p1a: Walking Wake|protosynthesisspa
|turn|12
|
|t:|1779960732
|-terastallize|p1a: Walking Wake|Water
|move|p1a: Walking Wake|Hydro Steam|p2a: Slowking
|-damage|p2a: Slowking|11/100
|move|p2a: Slowking|Future Sight|p1a: Walking Wake
|-start|p2a: Slowking|move: Future Sight
|
|-weather|SunnyDay|[upkeep]
|upkeep
|turn|13
|
|t:|1779960739
|move|p1a: Walking Wake|Hydro Steam|p2a: Slowking
|-damage|p2a: Slowking|0 fnt
|faint|p2a: Slowking
|
|-weather|SunnyDay|[upkeep]
|upkeep
|
|t:|1779960744
|switch|p2a: Meowscarada|Meowscarada, F|100/100
|turn|14
|
|t:|1779960769
|move|p2a: Meowscarada|Triple Axel|p1a: Walking Wake
|-start|p2a: Meowscarada|typechange|Ice|[from] ability: Protean
|-resisted|p1a: Walking Wake
|-damage|p1a: Walking Wake|95/100
|-resisted|p1a: Walking Wake
|-damage|p1a: Walking Wake|85/100
|-resisted|p1a: Walking Wake
|-damage|p1a: Walking Wake|71/100
|-hitcount|p1a: Walking Wake|3
|move|p1a: Walking Wake|Hydro Steam|p2a: Meowscarada
|-damage|p2a: Meowscarada|0 fnt
|faint|p2a: Meowscarada
|
|-weather|SunnyDay|[upkeep]
|-end|p1a: Walking Wake|move: Future Sight
|-damage|p1a: Walking Wake|0 fnt
|faint|p1a: Walking Wake
|-end|p1a: Walking Wake|Protosynthesis|[silent]
|upkeep
|
|t:|1779960784
|switch|p2a: Kingambit|Kingambit, M|100/100
|switch|p1a: Slither Wing|Slither Wing|81/100
|-activate|p2a: Kingambit|ability: Supreme Overlord
|-start|p2a: Kingambit|fallen5|[silent]
|-activate|p1a: Slither Wing|ability: Protosynthesis
|-start|p1a: Slither Wing|protosynthesisatk
|turn|15
|
|t:|1779960809
|move|p1a: Slither Wing|Will-O-Wisp|p2a: Kingambit|[miss]
|-miss|p1a: Slither Wing|p2a: Kingambit
|move|p2a: Kingambit|Iron Head|p1a: Slither Wing
|-damage|p1a: Slither Wing|31/100
|-damage|p2a: Kingambit|84/100|[from] item: Rocky Helmet|[of] p1a: Slither Wing
|
|-weather|SunnyDay|[upkeep]
|upkeep
|turn|16
|
|t:|1779960824
|move|p1a: Slither Wing|Will-O-Wisp|p2a: Kingambit
|-status|p2a: Kingambit|brn
|move|p2a: Kingambit|Iron Head|p1a: Slither Wing
|-damage|p1a: Slither Wing|2/100
|-damage|p2a: Kingambit|67/100 brn|[from] item: Rocky Helmet|[of] p1a: Slither Wing
|
|-weather|none
|-end|p1a: Slither Wing|Protosynthesis
|-damage|p2a: Kingambit|61/100 brn|[from] brn
|upkeep
|turn|17
|
|t:|1779960833
|move|p2a: Kingambit|Sucker Punch||[still]
|-fail|p2a: Kingambit
|move|p1a: Slither Wing|Morning Sun|p1a: Slither Wing
|-heal|p1a: Slither Wing|52/100
|
|-damage|p2a: Kingambit|55/100 brn|[from] brn
|upkeep
|turn|18
|-message|slotx forfeited.
|
|win|suntt1
|raw|suntt1's rating: 1355 &rarr; <strong>1373</strong><br />(+18 for winning)
|raw|slotx's rating: 1317 &rarr; <strong>1299</strong><br />(-18 for losing)
|l|☆slotx
|player|p2|
|l|☆suntt1
|player|p1|
