|j|☆noob5445
|j|☆Davy12345
|t:|1779950736
|gametype|singles
|player|p1|noob5445|hilbert|1519
|player|p2|Davy12345|drayden|1558
|gen|9
|tier|[Gen 9] OU
|rated|
|rule|HP Percentage Mod: HP is shown in percentages
|rule|Endless Battle Clause: Forcing endless battles is banned
|rule|Species Clause: Limit one of each Pokémon
|rule|OHKO Clause: OHKO moves are banned
|rule|Evasion Items Clause: Evasion items are banned
|rule|Evasion Moves Clause: Evasion moves are banned
|rule|Evasion Abilities Clause: Evasion abilities are banned
|rule|Sleep Moves Clause: Sleep-inducing moves are banned
|clearpoke
|poke|p1|Gholdengo|
|poke|p1|Darkrai|
|poke|p1|Clefable, F|
|poke|p1|Ting-Lu|
|poke|p1|Dragonite, F|
|poke|p1|Pecharunt|
|poke|p2|Great Tusk|
|poke|p2|Raging Bolt|
|poke|p2|Walking Wake|
|poke|p2|Kingambit, M|
|poke|p2|Ninetales, M|
|poke|p2|Venusaur, M|
|teampreview
|inactive|Battle timer is ON: inactive players will automatically lose when time's up. (requested by noob5445)
|inactive|Davy12345 also wants the timer to be on.
|
|t:|1779950746
|teamsize|p1|6
|teamsize|p2|6
|start
|switch|p1a: Ting-Lu|Ting-Lu|100/100
|switch|p2a: Ninetales|Ninetales, M|100/100
|-weather|SunnyDay|[from] ability: Drought|[of] p2a: Ninetales
|-ability|p1a: Ting-Lu|Vessel of Ruin
|turn|1
|
|t:|1779950755
|move|p2a: Ninetales|Will-O-Wisp|p1a: Ting-Lu|[miss]
|-miss|p2a: Ninetales|p1a: Ting-Lu
|move|p1a: Ting-Lu|Stealth Rock|p2a: Ninetales
|-sidestart|p2: Davy12345|move: Stealth Rock
|
|-weather|SunnyDay|[upkeep]
|upkeep
|turn|2
|
|t:|1779950758
|move|p2a: Ninetales|Encore|p1a: Ting-Lu
|-start|p1a: Ting-Lu|Encore
|move|p1a: Ting-Lu|Stealth Rock||[still]
|-fail|p1a: Ting-Lu
|
|-weather|SunnyDay|[upkeep]
|upkeep
|turn|3
|
|t:|1779950763
|switch|p2a: Great Tusk|Great Tusk|100/100
|-damage|p2a: Great Tusk|98/100|[from] Stealth Rock
|-activate|p2a: Great Tusk|ability: Protosynthesis
|-start|p2a: Great Tusk|protosynthesisatk
|switch|p1a: Pecharunt|Pecharunt|100/100
|
|-weather|SunnyDay|[upkeep]
|upkeep
|turn|4
|
|t:|1779950769
|-terastallize|p1a: Pecharunt|Ghost
|move|p1a: Pecharunt|Malignant Chain|p2a: Great Tusk
|-resisted|p2a: Great Tusk
|-damage|p2a: Great Tusk|83/100
|-status|p2a: Great Tusk|tox
|-start|p2a: Great Tusk|confusion|[from] ability: Poison Puppeteer|[of] p1a: Pecharunt
|-activate|p2a: Great Tusk|confusion
|-damage|p2a: Great Tusk|74/100 tox|[from] confusion
|
|-weather|SunnyDay|[upkeep]
|-damage|p2a: Great Tusk|68/100 tox|[from] psn
|upkeep
|turn|5
|
|t:|1779950784
|-end|p2a: Great Tusk|Protosynthesis|[silent]
|switch|p2a: Kingambit|Kingambit, M|100/100
|-damage|p2a: Kingambit|94/100|[from] Stealth Rock
|-item|p2a: Kingambit|Air Balloon
|move|p1a: Pecharunt|Shadow Ball|p2a: Kingambit
|-resisted|p2a: Kingambit
|-damage|p2a: Kingambit|75/100
|-unboost|p2a: Kingambit|spd|1
|-enditem|p2a: Kingambit|Air Balloon
|
|-weather|SunnyDay|[upkeep]
|upkeep
|turn|6
|
|t:|1779950796
|switch|p1a: Ting-Lu|Ting-Lu|100/100
|-ability|p1a: Ting-Lu|Vessel of Ruin
|move|p2a: Kingambit|Low Kick|p1a: Ting-Lu
|-supereffective|p1a: Ting-Lu
|-damage|p1a: Ting-Lu|57/100
|-enditem|p1a: Ting-Lu|Red Card|[of] p2a: Kingambit
|-end|p2a: Kingambit|fallenundefined|[silent]
|drag|p2a: Walking Wake|Walking Wake|100/100
|-damage|p2a: Walking Wake|88/100|[from] Stealth Rock
|-activate|p2a: Walking Wake|ability: Protosynthesis
|-start|p2a: Walking Wake|protosynthesisspe
|
|-weather|SunnyDay|[upkeep]
|upkeep
|turn|7
|
|t:|1779950807
|move|p2a: Walking Wake|Hydro Steam|p1a: Ting-Lu
|-supereffective|p1a: Ting-Lu
|-damage|p1a: Ting-Lu|0 fnt
|faint|p1a: Ting-Lu
|
|-weather|SunnyDay|[upkeep]
|upkeep
|
|t:|1779950811
|switch|p1a: Dragonite|Dragonite, F|100/100
|turn|8
|
|t:|1779950814
|move|p1a: Dragonite|Extreme Speed|p2a: Walking Wake
|-crit|p2a: Walking Wake
|-damage|p2a: Walking Wake|37/100
|move|p2a: Walking Wake|Draco Meteor|p1a: Dragonite
|-supereffective|p1a: Dragonite
|-damage|p1a: Dragonite|21/100
|-unboost|p2a: Walking Wake|spa|2
|
|-weather|none
|-end|p2a: Walking Wake|Protosynthesis
|upkeep
|turn|9
|
|t:|1779950825
|switch|p1a: Clefable|Clefable, F|100/100
|-terastallize|p2a: Walking Wake|Ghost
|move|p2a: Walking Wake|Draco Meteor|p1a: Clefable
|-immune|p1a: Clefable
|
|upkeep
|turn|10
|
|t:|1779950836
|move|p2a: Walking Wake|Flip Turn|p1a: Clefable
|-damage|p1a: Clefable|83/100
|
|t:|1779950842
|-end|p2a: Walking Wake|Protosynthesis|[silent]
|switch|p2a: Kingambit|Kingambit, M|75/100|[from] Flip Turn
|-damage|p2a: Kingambit|69/100|[from] Stealth Rock
|move|p1a: Clefable|Moonblast|p2a: Kingambit
|-damage|p2a: Kingambit|21/100
|-unboost|p2a: Kingambit|spa|1
|
|upkeep
|turn|11
|
|t:|1779950854
|move|p1a: Clefable|Moonblast|p2a: Kingambit
|-damage|p2a: Kingambit|0 fnt
|faint|p2a: Kingambit
|-end|p2a: Kingambit|fallenundefined|[silent]
|
|upkeep
|
|t:|1779950859
|switch|p2a: Ninetales|Ninetales, M|100/100
|-damage|p2a: Ninetales|76/100|[from] Stealth Rock
|-weather|SunnyDay|[from] ability: Drought|[of] p2a: Ninetales
|turn|12
|
|t:|1779950866
|move|p2a: Ninetales|Weather Ball|p1a: Clefable
|-damage|p1a: Clefable|42/100
|move|p1a: Clefable|Moonblast|p2a: Ninetales
|-resisted|p2a: Ninetales
|-damage|p2a: Ninetales|52/100
|
|-weather|SunnyDay|[upkeep]
|upkeep
|turn|13
|
|t:|1779950878
|switch|p1a: Darkrai|Darkrai|100/100
|move|p2a: Ninetales|Weather Ball|p1a: Darkrai
|-damage|p1a: Darkrai|41/100
|
|-weather|SunnyDay|[upkeep]
|upkeep
|turn|14
|
|t:|1779950886
|switch|p2a: Great Tusk|Great Tusk|68/100 tox
|-damage|p2a: Great Tusk|65/100 tox|[from] Stealth Rock
|-activate|p2a: Great Tusk|ability: Protosynthesis
|-start|p2a: Great Tusk|protosynthesisatk
|move|p1a: Darkrai|Thunder Wave|p2a: Great Tusk
|-immune|p2a: Great Tusk
|
|-weather|SunnyDay|[upkeep]
|-damage|p2a: Great Tusk|59/100 tox|[from] psn
|upkeep
|turn|15
|
|t:|1779950891
|move|p1a: Darkrai|Ice Beam|p2a: Great Tusk
|-supereffective|p2a: Great Tusk
|-damage|p2a: Great Tusk|0 fnt
|faint|p2a: Great Tusk
|-end|p2a: Great Tusk|Protosynthesis|[silent]
|
|-weather|SunnyDay|[upkeep]
|upkeep
|
|t:|1779950894
|switch|p2a: Venusaur|Venusaur, M|100/100
|-damage|p2a: Venusaur|88/100|[from] Stealth Rock
|turn|16
|
|t:|1779950898
|move|p2a: Venusaur|Sludge Bomb|p1a: Darkrai
|-damage|p1a: Darkrai|0 fnt
|faint|p1a: Darkrai
|-damage|p2a: Venusaur|78/100|[from] item: Life Orb
|
|-weather|SunnyDay|[upkeep]
|upkeep
|
|t:|1779950902
|switch|p1a: Dragonite|Dragonite, F|21/100
|turn|17
|
|t:|1779950909
|switch|p1a: Gholdengo|Gholdengo|100/100
|move|p2a: Venusaur|Sludge Bomb|p1a: Gholdengo
|-immune|p1a: Gholdengo
|
|-weather|SunnyDay|[upkeep]
|upkeep
|turn|18
|
|t:|1779950914
|move|p2a: Venusaur|Weather Ball|p1a: Gholdengo
|-supereffective|p1a: Gholdengo
|-crit|p1a: Gholdengo
|-damage|p1a: Gholdengo|0 fnt
|faint|p1a: Gholdengo
|-damage|p2a: Venusaur|68/100|[from] item: Life Orb
|
|-weather|SunnyDay|[upkeep]
|upkeep
|
|t:|1779950919
|switch|p1a: Pecharunt|Pecharunt, tera:Ghost|100/100
|turn|19
|
|t:|1779950932
|move|p2a: Venusaur|Sludge Bomb|p1a: Pecharunt
|-resisted|p1a: Pecharunt
|-damage|p1a: Pecharunt|75/100
|-damage|p2a: Venusaur|58/100|[from] item: Life Orb
|move|p1a: Pecharunt|Shadow Ball|p2a: Venusaur
|-damage|p2a: Venusaur|22/100
|
|-weather|none
|upkeep
|turn|20
|
|t:|1779950941
|move|p1a: Pecharunt|Shadow Ball|p2a: Venusaur
|-damage|p2a: Venusaur|0 fnt
|faint|p2a: Venusaur
|
|upkeep
|
|t:|1779950944
|switch|p2a: Raging Bolt|Raging Bolt|100/100
|-damage|p2a: Raging Bolt|88/100|[from] Stealth Rock
|-item|p2a: Raging Bolt|Air Balloon
|turn|21
|
|t:|1779950951
|move|p1a: Pecharunt|Malignant Chain|p2a: Raging Bolt
|-damage|p2a: Raging Bolt|57/100
|-enditem|p2a: Raging Bolt|Air Balloon
|move|p2a: Raging Bolt|Thunderbolt|p1a: Pecharunt
|-damage|p1a: Pecharunt|17/100
|
|upkeep
|turn|22
|
|t:|1779950958
|move|p1a: Pecharunt|Recover|p1a: Pecharunt
|-heal|p1a: Pecharunt|67/100
|move|p2a: Raging Bolt|Thunderbolt|p1a: Pecharunt
|-damage|p1a: Pecharunt|13/100
|-status|p1a: Pecharunt|par
|
|upkeep
|turn|23
|
|t:|1779950963
|move|p2a: Raging Bolt|Thunderbolt|p1a: Pecharunt
|-damage|p1a: Pecharunt|0 fnt
|faint|p1a: Pecharunt
|
|upkeep
|
|t:|1779950965
|switch|p1a: Dragonite|Dragonite, F|21/100
|turn|24
|
|t:|1779950971
|move|p2a: Raging Bolt|Thunderclap||[still]
|-fail|p2a: Raging Bolt
|move|p1a: Dragonite|Roost|p1a: Dragonite
|-heal|p1a: Dragonite|71/100
|-singleturn|p1a: Dragonite|move: Roost
|
|upkeep
|turn|25
|
|t:|1779950977
|move|p1a: Dragonite|Earthquake|p2a: Raging Bolt
|-supereffective|p2a: Raging Bolt
|-damage|p2a: Raging Bolt|0 fnt
|faint|p2a: Raging Bolt
|-end|p2a: Raging Bolt|Protosynthesis|[silent]
|
|upkeep
|
|t:|1779950979
|switch|p2a: Ninetales|Ninetales, M|52/100
|-damage|p2a: Ninetales|27/100|[from] Stealth Rock
|-weather|SunnyDay|[from] ability: Drought|[of] p2a: Ninetales
|turn|26
|
|t:|1779950984
|move|p1a: Dragonite|Extreme Speed|p2a: Ninetales
|-damage|p2a: Ninetales|0 fnt
|faint|p2a: Ninetales
|
|-weather|SunnyDay|[upkeep]
|upkeep
|
|t:|1779950986
|switch|p2a: Walking Wake|Walking Wake, tera:Ghost|37/100
|-damage|p2a: Walking Wake|25/100|[from] Stealth Rock
|-activate|p2a: Walking Wake|ability: Protosynthesis
|-start|p2a: Walking Wake|protosynthesisspe
|turn|27
|
|t:|1779950990
|move|p2a: Walking Wake|Draco Meteor|p1a: Dragonite|[miss]
|-miss|p2a: Walking Wake|p1a: Dragonite
|move|p1a: Dragonite|Earthquake|p2a: Walking Wake
|-damage|p2a: Walking Wake|0 fnt
|faint|p2a: Walking Wake
|-end|p2a: Walking Wake|Protosynthesis|[silent]
|
|win|noob5445
|raw|noob5445's rating: 1519 &rarr; <strong>1541</strong><br />(+22 for winning)
|raw|Davy12345's rating: 1558 &rarr; <strong>1536</strong><br />(-22 for losing)
|l|☆Davy12345
|player|p2|
|l|☆noob5445
|player|p1|
|j| desderat
