|j|☆llachiee
|j|☆Team10thPlanett
|t:|1779951170
|gametype|singles
|player|p1|llachiee|1|1687
|player|p2|Team10thPlanett|veteran|1609
|gen|9
|tier|[Gen 9] OU
|rated|
|rule|HP Percentage Mod: HP is shown in percentages
|rule|Endless Battle Clause: Forcing endless battles is banned
|rule|Species Clause: Limit one of each Pokémon
|rule|OHKO Clause: OHKO moves are banned
|rule|Evasion Items Clause: Evasion items are banned
|rule|Evasion Moves Clause: Evasion moves are banned
|rule|Evasion Abilities Clause: Evasion abilities are banned
|rule|Sleep Moves Clause: Sleep-inducing moves are banned
|clearpoke
|poke|p1|Gliscor, F|
|poke|p1|Blissey, F|
|poke|p1|Clefable, F|
|poke|p1|Toxapex, F|
|poke|p1|Dondozo, F|
|poke|p1|Corviknight, F|
|poke|p2|Zamazenta-*|
|poke|p2|Dragonite, M|
|poke|p2|Araquanid, M|
|poke|p2|Iron Treads|
|poke|p2|Raikou|
|poke|p2|Iron Valiant|
|teampreview
|
|t:|1779951176
|teamsize|p1|6
|teamsize|p2|6
|start
|switch|p1a: Adder|Gliscor, F|100/100
|switch|p2a: Iron Treads|Iron Treads|100/100
|-enditem|p2a: Iron Treads|Booster Energy
|-activate|p2a: Iron Treads|ability: Quark Drive|[fromitem]
|-start|p2a: Iron Treads|quarkdrivespe
|turn|1
|
|t:|1779951184
|move|p1a: Adder|Protect|p1a: Adder
|-singleturn|p1a: Adder|Protect
|move|p2a: Iron Treads|Knock Off|p1a: Adder
|-activate|p1a: Adder|move: Protect
|
|-status|p1a: Adder|tox|[from] item: Toxic Orb
|upkeep
|turn|2
|
|t:|1779951198
|move|p2a: Iron Treads|Knock Off|p1a: Adder
|-damage|p1a: Adder|83/100 tox
|-enditem|p1a: Adder|Toxic Orb|[from] move: Knock Off|[of] p2a: Iron Treads
|move|p1a: Adder|Knock Off|p2a: Iron Treads
|-damage|p2a: Iron Treads|87/100
|
|-heal|p1a: Adder|96/100 tox|[from] ability: Poison Heal
|upkeep
|turn|3
|
|t:|1779951208
|switch|p1a: Nell|Clefable, F|100/100
|move|p2a: Iron Treads|Knock Off|p1a: Nell
|-resisted|p1a: Nell
|-damage|p1a: Nell|89/100
|
|-damage|p2a: Iron Treads|75/100|[from] item: Sticky Barb
|upkeep
|turn|4
|
|t:|1779951218
|switch|p1a: Adder|Gliscor, F|96/100 tox
|move|p2a: Iron Treads|Earthquake|p1a: Adder
|-immune|p1a: Adder
|
|-heal|p1a: Adder|100/100 tox|[from] ability: Poison Heal
|-damage|p2a: Iron Treads|62/100|[from] item: Sticky Barb
|upkeep
|turn|5
|
|t:|1779951228
|move|p2a: Iron Treads|Endeavor|p1a: Adder
|-damage|p1a: Adder|57/100 tox
|move|p1a: Adder|Spikes|p2a: Iron Treads
|-sidestart|p2: Team10thPlanett|Spikes
|
|-heal|p1a: Adder|69/100 tox|[from] ability: Poison Heal
|-damage|p2a: Iron Treads|50/100|[from] item: Sticky Barb
|upkeep
|turn|6
|c|☆llachiee|yeah no
|
|t:|1779951242
|-terastallize|p1a: Adder|Ghost
|move|p2a: Iron Treads|Rapid Spin|p1a: Adder
|-immune|p1a: Adder
|move|p1a: Adder|Spikes|p2a: Iron Treads
|-sidestart|p2: Team10thPlanett|Spikes
|
|-heal|p1a: Adder|82/100 tox|[from] ability: Poison Heal
|-damage|p2a: Iron Treads|37/100|[from] item: Sticky Barb
|upkeep
|turn|7
|inactive|Battle timer is ON: inactive players will automatically lose when time's up. (requested by llachiee)
|
|t:|1779951256
|move|p2a: Iron Treads|Knock Off|p1a: Adder
|-supereffective|p1a: Adder
|-damage|p1a: Adder|56/100 tox
|move|p1a: Adder|Spikes|p2a: Iron Treads
|-sidestart|p2: Team10thPlanett|Spikes
|
|-heal|p1a: Adder|69/100 tox|[from] ability: Poison Heal
|-damage|p2a: Iron Treads|25/100|[from] item: Sticky Barb
|upkeep
|turn|8
|
|t:|1779951265
|move|p1a: Adder|Protect|p1a: Adder
|-singleturn|p1a: Adder|Protect
|move|p2a: Iron Treads|Knock Off|p1a: Adder
|-activate|p1a: Adder|move: Protect
|
|-heal|p1a: Adder|81/100 tox|[from] ability: Poison Heal
|-damage|p2a: Iron Treads|12/100|[from] item: Sticky Barb
|upkeep
|turn|9
|
|t:|1779951275
|move|p2a: Iron Treads|Knock Off|p1a: Adder
|-supereffective|p1a: Adder
|-crit|p1a: Adder
|-damage|p1a: Adder|45/100 tox
|move|p1a: Adder|Spikes||[still]
|-fail|p1a: Adder
|
|-heal|p1a: Adder|58/100 tox|[from] ability: Poison Heal
|-damage|p2a: Iron Treads|0 fnt|[from] item: Sticky Barb
|faint|p2a: Iron Treads
|-end|p2a: Iron Treads|Quark Drive|[silent]
|upkeep
|
|t:|1779951292
|switch|p2a: Diego ⚡️|Raikou|100/100
|-damage|p2a: Diego ⚡️|76/100|[from] Spikes
|-ability|p2a: Diego ⚡️|Pressure
|turn|10
|
|t:|1779951301
|switch|p1a: Flesh Tutu|Blissey, F|100/100
|-terastallize|p2a: Diego ⚡️|Electric
|move|p2a: Diego ⚡️|Thunderbolt|p1a: Flesh Tutu
|-damage|p1a: Flesh Tutu|76/100
|
|upkeep
|turn|11
|
|t:|1779951310
|move|p2a: Diego ⚡️|Thunderbolt|p1a: Flesh Tutu
|-damage|p1a: Flesh Tutu|48/100
|move|p1a: Flesh Tutu|Seismic Toss|p2a: Diego ⚡️
|-damage|p2a: Diego ⚡️|44/100
|
|upkeep
|turn|12
|
|t:|1779951317
|move|p2a: Diego ⚡️|Thunderbolt|p1a: Flesh Tutu
|-damage|p1a: Flesh Tutu|25/100
|move|p1a: Flesh Tutu|Soft-Boiled|p1a: Flesh Tutu
|-heal|p1a: Flesh Tutu|75/100
|
|upkeep
|turn|13
|
|t:|1779951324
|move|p2a: Diego ⚡️|Thunderbolt|p1a: Flesh Tutu
|-damage|p1a: Flesh Tutu|48/100
|move|p1a: Flesh Tutu|Calm Mind|p1a: Flesh Tutu
|-boost|p1a: Flesh Tutu|spa|1
|-boost|p1a: Flesh Tutu|spd|1
|
|upkeep
|turn|14
|
|t:|1779951348
|move|p2a: Diego ⚡️|Thunderbolt|p1a: Flesh Tutu
|-damage|p1a: Flesh Tutu|32/100
|move|p1a: Flesh Tutu|Soft-Boiled|p1a: Flesh Tutu
|-heal|p1a: Flesh Tutu|82/100
|
|upkeep
|turn|15
|
|t:|1779951355
|switch|p2a: Fat Boy|Dragonite, M, shiny|100/100
|move|p1a: Flesh Tutu|Seismic Toss|p2a: Fat Boy
|-damage|p2a: Fat Boy|75/100
|
|upkeep
|turn|16
|
|t:|1779951367
|switch|p1a: Jugger|Dondozo, F, shiny|100/100
|move|p2a: Fat Boy|Earthquake|p1a: Jugger
|-damage|p1a: Jugger|75/100
|
|upkeep
|turn|17
|
|t:|1779951386
|switch|p2a: Diego ⚡️|Raikou, tera:Electric|44/100
|-damage|p2a: Diego ⚡️|20/100|[from] Spikes
|-ability|p2a: Diego ⚡️|Pressure
|move|p1a: Jugger|Avalanche|p2a: Diego ⚡️
|-damage|p2a: Diego ⚡️|2/100
|
|upkeep
|turn|18
|
|t:|1779951397
|switch|p1a: Flesh Tutu|Blissey, F|82/100
|move|p2a: Diego ⚡️|Thunderbolt|p1a: Flesh Tutu
|-damage|p1a: Flesh Tutu|57/100
|
|upkeep
|turn|19
|
|t:|1779951403
|move|p2a: Diego ⚡️|Thunderbolt|p1a: Flesh Tutu
|-damage|p1a: Flesh Tutu|31/100
|move|p1a: Flesh Tutu|Soft-Boiled|p1a: Flesh Tutu
|-heal|p1a: Flesh Tutu|82/100
|
|upkeep
|turn|20
|
|t:|1779951409
|move|p2a: Diego ⚡️|Thunderbolt|p1a: Flesh Tutu
|-crit|p1a: Flesh Tutu
|-damage|p1a: Flesh Tutu|46/100
|move|p1a: Flesh Tutu|Shadow Ball|p2a: Diego ⚡️
|-damage|p2a: Diego ⚡️|0 fnt
|faint|p2a: Diego ⚡️
|
|upkeep
|inactive|Team10thPlanett has 120 seconds left.
|j| nepturee
|inactive|Team10thPlanett has 90 seconds left.
|
|t:|1779951480
|switch|p2a: Zamazenta|Zamazenta|100/100
|-damage|p2a: Zamazenta|76/100|[from] Spikes
|-ability|p2a: Zamazenta|Dauntless Shield|boost
|-boost|p2a: Zamazenta|def|1
|turn|21
|
|t:|1779951488
|switch|p1a: Lash|Toxapex, F, shiny|100/100
|move|p2a: Zamazenta|Heavy Slam|p1a: Lash
|-resisted|p1a: Lash
|-damage|p1a: Lash|78/100
|
|upkeep
|turn|22
|inactive|Team10thPlanett has 90 seconds left.
|-message|Team10thPlanett forfeited.
|
|win|llachiee
|raw|llachiee's rating: 1687 &rarr; <strong>1703</strong><br />(+16 for winning)
|raw|Team10thPlanett's rating: 1609 &rarr; <strong>1593</strong><br />(-16 for losing)
|l|☆llachiee
|player|p1|
|l| nepturee
