|j|☆canardviivant
|j|☆l5king
|t:|1779965578
|gametype|singles
|player|p1|canardviivant|ethan|1310
|player|p2|l5king|palmer|1305
|gen|9
|tier|[Gen 9] OU
|rated|
|rule|HP Percentage Mod: HP is shown in percentages
|rule|Endless Battle Clause: Forcing endless battles is banned
|rule|Species Clause: Limit one of each Pokémon
|rule|OHKO Clause: OHKO moves are banned
|rule|Evasion Items Clause: Evasion items are banned
|rule|Evasion Moves Clause: Evasion moves are banned
|rule|Evasion Abilities Clause: Evasion abilities are banned
|rule|Sleep Moves Clause: Sleep-inducing moves are banned
|clearpoke
|poke|p1|Shiftry, F|
|poke|p1|Brambleghast, F|
|poke|p1|Raging Bolt|
|poke|p1|Glaceon, F|
|poke|p1|Tornadus, M|
|poke|p1|Iron Treads|
|poke|p2|Thundurus-Therian, M|
|poke|p2|Garchomp, F|
|poke|p2|Blaziken, F|
|poke|p2|Cloyster, M|
|poke|p2|Raging Bolt|
|poke|p2|Excadrill, M|
|teampreview
|inactive|Battle timer is ON: inactive players will automatically lose when time's up. (requested by canardviivant)
|
|t:|1779965597
|teamsize|p1|6
|teamsize|p2|6
|start
|switch|p1a: Iron Treads|Iron Treads|100/100
|switch|p2a: Excadrill|Excadrill, M|100/100
|-ability|p2a: Excadrill|Mold Breaker
|turn|1
|
|t:|1779965605
|move|p1a: Iron Treads|Earthquake|p2a: Excadrill
|-supereffective|p2a: Excadrill
|-damage|p2a: Excadrill|0 fnt
|faint|p2a: Excadrill
|
|upkeep
|
|t:|1779965615
|switch|p2a: Blaziken|Blaziken, F|100/100
|turn|2
|
|t:|1779965618
|move|p1a: Iron Treads|Stealth Rock|p2a: Blaziken
|-sidestart|p2: l5king|move: Stealth Rock
|move|p2a: Blaziken|Swords Dance|p2a: Blaziken
|-boost|p2a: Blaziken|atk|2
|
|-ability|p2a: Blaziken|Speed Boost|boost
|-boost|p2a: Blaziken|spe|1
|upkeep
|turn|3
|
|t:|1779965629
|move|p2a: Blaziken|Swords Dance|p2a: Blaziken
|-boost|p2a: Blaziken|atk|2
|move|p1a: Iron Treads|Earthquake|p2a: Blaziken
|-supereffective|p2a: Blaziken
|-enditem|p2a: Blaziken|Focus Sash
|-damage|p2a: Blaziken|1/100
|
|-ability|p2a: Blaziken|Speed Boost|boost
|-boost|p2a: Blaziken|spe|1
|upkeep
|turn|4
|
|t:|1779965638
|move|p2a: Blaziken|Close Combat|p1a: Iron Treads
|-supereffective|p1a: Iron Treads
|-enditem|p1a: Iron Treads|Focus Sash
|-damage|p1a: Iron Treads|1/100
|-unboost|p2a: Blaziken|def|1
|-unboost|p2a: Blaziken|spd|1
|move|p1a: Iron Treads|Earthquake|p2a: Blaziken
|-supereffective|p2a: Blaziken
|-damage|p2a: Blaziken|0 fnt
|faint|p2a: Blaziken
|
|upkeep
|
|t:|1779965651
|switch|p2a: Thundurus|Thundurus-Therian, M|100/100
|-damage|p2a: Thundurus|76/100|[from] Stealth Rock
|turn|5
|
|t:|1779965659
|move|p1a: Iron Treads|Iron Head|p2a: Thundurus
|-resisted|p2a: Thundurus
|-damage|p2a: Thundurus|47/100
|move|p2a: Thundurus|Grass Knot|p1a: Iron Treads
|-damage|p1a: Iron Treads|0 fnt
|faint|p1a: Iron Treads
|-end|p1a: Iron Treads|Quark Drive|[silent]
|
|upkeep
|
|t:|1779965668
|switch|p1a: Glaceon|Glaceon, F|100/100
|turn|6
|
|t:|1779965679
|switch|p2a: Cloyster|Cloyster, M|100/100
|-damage|p2a: Cloyster|76/100|[from] Stealth Rock
|move|p1a: Glaceon|Freeze-Dry|p2a: Cloyster
|-damage|p2a: Cloyster|0 fnt
|faint|p2a: Cloyster
|
|upkeep
|-message|l5king forfeited.
|
|win|canardviivant
|raw|canardviivant's rating: 1310 &rarr; <strong>1330</strong><br />(+20 for winning)
|raw|l5king's rating: 1305 &rarr; <strong>1285</strong><br />(-20 for losing)
|l|☆l5king
|player|p2|
|l|☆canardviivant
|player|p1|
