|j|☆sdgdgsadgs
|j|☆Psyduck is stupid
|t:|1779952835
|gametype|singles
|player|p1|sdgdgsadgs|102|1314
|player|p2|Psyduck is stupid|266|1295
|gen|9
|tier|[Gen 9] OU
|rated|
|rule|HP Percentage Mod: HP is shown in percentages
|rule|Endless Battle Clause: Forcing endless battles is banned
|rule|Species Clause: Limit one of each Pokémon
|rule|OHKO Clause: OHKO moves are banned
|rule|Evasion Items Clause: Evasion items are banned
|rule|Evasion Moves Clause: Evasion moves are banned
|rule|Evasion Abilities Clause: Evasion abilities are banned
|rule|Sleep Moves Clause: Sleep-inducing moves are banned
|clearpoke
|poke|p1|Dragonite, M|
|poke|p1|Great Tusk|
|poke|p1|Deoxys-Speed|
|poke|p1|Gholdengo|
|poke|p1|Zamazenta-*|
|poke|p1|Iron Valiant|
|poke|p2|Garganacl, F|
|poke|p2|Slowking-Galar, F|
|poke|p2|Porygon2|
|poke|p2|Clefable, F|
|poke|p2|Torkoal, F|
|poke|p2|Trevenant, F|
|teampreview
|
|t:|1779952841
|teamsize|p1|6
|teamsize|p2|6
|start
|switch|p1a: Deoxys|Deoxys-Speed|100/100
|switch|p2a: Clefable with hat|Slowking-Galar, F|100/100
|-ability|p1a: Deoxys|Pressure
|turn|1
|
|t:|1779952857
|move|p1a: Deoxys|Taunt|p2a: Clefable with hat
|-start|p2a: Clefable with hat|move: Taunt
|cant|p2a: Clefable with hat|move: Taunt|Trick Room
|
|upkeep
|turn|2
|
|t:|1779952863
|move|p1a: Deoxys|Stealth Rock|p2a: Clefable with hat
|-sidestart|p2: Psyduck is stupid|move: Stealth Rock
|move|p2a: Clefable with hat|Sludge Bomb|p1a: Deoxys
|-damage|p1a: Deoxys|33/100
|-status|p1a: Deoxys|psn
|-damage|p2a: Clefable with hat|91/100|[from] item: Life Orb
|
|-damage|p1a: Deoxys|21/100 psn|[from] psn
|upkeep
|turn|3
|
|t:|1779952871
|move|p1a: Deoxys|Spikes|p2a: Clefable with hat
|-sidestart|p2: Psyduck is stupid|Spikes
|move|p2a: Clefable with hat|Flamethrower|p1a: Deoxys
|-crit|p1a: Deoxys
|-damage|p1a: Deoxys|0 fnt
|faint|p1a: Deoxys
|-damage|p2a: Clefable with hat|81/100|[from] item: Life Orb
|
|-end|p2a: Clefable with hat|move: Taunt
|upkeep
|
|t:|1779952892
|switch|p1a: Great Tusk|Great Tusk|100/100
|-enditem|p1a: Great Tusk|Booster Energy
|-activate|p1a: Great Tusk|ability: Protosynthesis|[fromitem]
|-start|p1a: Great Tusk|protosynthesisspe
|turn|4
|
|t:|1779952904
|-terastallize|p2a: Clefable with hat|Ice
|move|p1a: Great Tusk|Taunt|p2a: Clefable with hat
|-start|p2a: Clefable with hat|move: Taunt
|cant|p2a: Clefable with hat|move: Taunt|Trick Room
|
|upkeep
|turn|5
|
|t:|1779952915
|switch|p2a: Tree with feet|Trevenant, F|100/100
|-damage|p2a: Tree with feet|88/100|[from] Stealth Rock
|-damage|p2a: Tree with feet|76/100|[from] Spikes
|-terastallize|p1a: Great Tusk|Ghost
|move|p1a: Great Tusk|Bulk Up|p1a: Great Tusk
|-boost|p1a: Great Tusk|atk|1
|-boost|p1a: Great Tusk|def|1
|
|upkeep
|turn|6
|
|t:|1779952926
|move|p1a: Great Tusk|Ice Spinner|p2a: Tree with feet
|-supereffective|p2a: Tree with feet
|-damage|p2a: Tree with feet|0 fnt
|faint|p2a: Tree with feet
|
|upkeep
|
|t:|1779952931
|switch|p2a: Fat pink Pikachu|Clefable, F|100/100
|-damage|p2a: Fat pink Pikachu|88/100|[from] Stealth Rock
|-damage|p2a: Fat pink Pikachu|76/100|[from] Spikes
|turn|7
|
|t:|1779952936
|move|p1a: Great Tusk|Taunt|p2a: Fat pink Pikachu
|-start|p2a: Fat pink Pikachu|move: Taunt
|cant|p2a: Fat pink Pikachu|move: Taunt|Trick
|
|upkeep
|turn|8
|
|t:|1779952941
|move|p1a: Great Tusk|Headlong Rush|p2a: Fat pink Pikachu
|-damage|p2a: Fat pink Pikachu|21/100
|-unboost|p1a: Great Tusk|def|1
|-unboost|p1a: Great Tusk|spd|1
|move|p2a: Fat pink Pikachu|Moonblast|p1a: Great Tusk
|-damage|p1a: Great Tusk|10/100
|
|upkeep
|turn|9
|
|t:|1779952950
|move|p1a: Great Tusk|Headlong Rush|p2a: Fat pink Pikachu
|-damage|p2a: Fat pink Pikachu|0 fnt
|-unboost|p1a: Great Tusk|def|1
|-unboost|p1a: Great Tusk|spd|1
|faint|p2a: Fat pink Pikachu
|
|upkeep
|
|t:|1779952956
|switch|p2a: Psyduck Gigamax|Porygon2|100/100
|-damage|p2a: Psyduck Gigamax|88/100|[from] Stealth Rock
|-damage|p2a: Psyduck Gigamax|75/100|[from] Spikes
|-ability|p2a: Psyduck Gigamax|Download|boost
|-boost|p2a: Psyduck Gigamax|spa|1
|turn|10
|
|t:|1779952961
|move|p1a: Great Tusk|Taunt|p2a: Psyduck Gigamax
|-start|p2a: Psyduck Gigamax|move: Taunt
|move|p2a: Psyduck Gigamax|Shadow Ball|p1a: Great Tusk
|-supereffective|p1a: Great Tusk
|-damage|p1a: Great Tusk|0 fnt
|faint|p1a: Great Tusk
|-end|p1a: Great Tusk|Protosynthesis|[silent]
|
|upkeep
|
|t:|1779952969
|switch|p1a: Zamazenta|Zamazenta|100/100
|-ability|p1a: Zamazenta|Dauntless Shield|boost
|-boost|p1a: Zamazenta|def|1
|turn|11
|
|t:|1779952974
|move|p1a: Zamazenta|Close Combat|p2a: Psyduck Gigamax
|-supereffective|p2a: Psyduck Gigamax
|-damage|p2a: Psyduck Gigamax|0 fnt
|-unboost|p1a: Zamazenta|def|1
|-unboost|p1a: Zamazenta|spd|1
|faint|p2a: Psyduck Gigamax
|-damage|p1a: Zamazenta|91/100|[from] item: Life Orb
|
|upkeep
|
|t:|1779952980
|switch|p2a: Clefable with hat|Slowking-Galar, F, tera:Ice|100/100
|-damage|p2a: Clefable with hat|76/100|[from] Stealth Rock
|-damage|p2a: Clefable with hat|63/100|[from] Spikes
|turn|12
|
|t:|1779952983
|move|p1a: Zamazenta|Close Combat|p2a: Clefable with hat
|-supereffective|p2a: Clefable with hat
|-damage|p2a: Clefable with hat|0 fnt
|-unboost|p1a: Zamazenta|def|1
|-unboost|p1a: Zamazenta|spd|1
|faint|p2a: Clefable with hat
|-damage|p1a: Zamazenta|81/100|[from] item: Life Orb
|
|upkeep
|
|t:|1779952988
|switch|p2a: Useless turtle|Torkoal, F|100/100
|-damage|p2a: Useless turtle|75/100|[from] Stealth Rock
|-damage|p2a: Useless turtle|63/100|[from] Spikes
|-weather|SunnyDay|[from] ability: Drought|[of] p2a: Useless turtle
|turn|13
|c|☆sdgdgsadgs|cool team tho man
|
|t:|1779953006
|switch|p1a: Dragonite|Dragonite, M|100/100
|move|p2a: Useless turtle|Flamethrower|p1a: Dragonite
|-resisted|p1a: Dragonite
|-damage|p1a: Dragonite|82/100
|-damage|p2a: Useless turtle|53/100|[from] item: Life Orb
|
|-weather|SunnyDay|[upkeep]
|upkeep
|turn|14
|c|☆Psyduck is stupid|it's a fake stall team
|
|t:|1779953022
|switch|p2a: Rock|Garganacl, F|100/100
|-damage|p2a: Rock|88/100|[from] Stealth Rock
|-damage|p2a: Rock|76/100|[from] Spikes
|move|p1a: Dragonite|Dragon Dance|p1a: Dragonite
|-boost|p1a: Dragonite|atk|1
|-boost|p1a: Dragonite|spe|1
|
|-weather|SunnyDay|[upkeep]
|upkeep
|turn|15
|
|t:|1779953031
|move|p1a: Dragonite|Outrage|p2a: Rock
|-damage|p2a: Rock|0 fnt
|faint|p2a: Rock
|-damage|p1a: Dragonite|72/100|[from] item: Life Orb
|
|-weather|SunnyDay|[upkeep]
|upkeep
|c|☆sdgdgsadgs|ahhh I see
|-message|Psyduck is stupid forfeited.
|
|win|sdgdgsadgs
|raw|sdgdgsadgs's rating: 1314 &rarr; <strong>1333</strong><br />(+19 for winning)
|raw|Psyduck is stupid's rating: 1295 &rarr; <strong>1271</strong><br />(-24 for losing)
|l|☆Psyduck is stupid
|player|p2|
|l|☆sdgdgsadgs
|player|p1|
