|j|☆spaofrep
|j|☆Beedrill dddd
|t:|1779942796
|gametype|singles
|player|p1|spaofrep|policeman|1320
|player|p2|Beedrill dddd|169|1357
|gen|9
|tier|[Gen 9] OU
|rated|
|rule|HP Percentage Mod: HP is shown in percentages
|rule|Endless Battle Clause: Forcing endless battles is banned
|rule|Species Clause: Limit one of each Pokémon
|rule|OHKO Clause: OHKO moves are banned
|rule|Evasion Items Clause: Evasion items are banned
|rule|Evasion Moves Clause: Evasion moves are banned
|rule|Evasion Abilities Clause: Evasion abilities are banned
|rule|Sleep Moves Clause: Sleep-inducing moves are banned
|clearpoke
|poke|p1|Regieleki|
|poke|p1|Landorus-Therian, M|
|poke|p1|Pecharunt|
|poke|p1|Iron Moth|
|poke|p1|Primarina, M|
|poke|p1|Kingambit, F|
|poke|p2|Raging Bolt|
|poke|p2|Ribombee, M|
|poke|p2|Gholdengo|
|poke|p2|Great Tusk|
|poke|p2|Ogerpon-Cornerstone, F|
|poke|p2|Ceruledge, F|
|teampreview
|inactive|Battle timer is ON: inactive players will automatically lose when time's up. (requested by spaofrep)
|
|t:|1779942802
|teamsize|p1|6
|teamsize|p2|6
|start
|switch|p1a: Landorus|Landorus-Therian, M|100/100
|switch|p2a: Ribombee|Ribombee, M, shiny|100/100
|-ability|p1a: Landorus|Intimidate|boost
|-unboost|p2a: Ribombee|atk|1
|turn|1
|
|t:|1779942805
|move|p2a: Ribombee|Sticky Web|p1a: Landorus
|-sidestart|p1: spaofrep|move: Sticky Web
|move|p1a: Landorus|Stone Edge|p2a: Ribombee|[miss]
|-miss|p1a: Landorus|p2a: Ribombee
|
|upkeep
|turn|2
|
|t:|1779942810
|move|p2a: Ribombee|Stun Spore|p1a: Landorus
|-status|p1a: Landorus|par
|move|p1a: Landorus|Stone Edge|p2a: Ribombee
|-supereffective|p2a: Ribombee
|-enditem|p2a: Ribombee|Focus Sash
|-damage|p2a: Ribombee|1/100
|-damage|p1a: Landorus|91/100 par|[from] item: Life Orb
|
|upkeep
|turn|3
|
|t:|1779942814
|move|p2a: Ribombee|Moonblast|p1a: Landorus
|-damage|p1a: Landorus|37/100 par
|move|p1a: Landorus|U-turn|p2a: Ribombee
|-resisted|p2a: Ribombee
|-damage|p2a: Ribombee|0 fnt
|faint|p2a: Ribombee
|-damage|p1a: Landorus|27/100 par|[from] item: Life Orb
|
|t:|1779942817
|switch|p1a: Regieleki|Regieleki|100/100|[from] U-turn
|
|upkeep
|
|t:|1779942822
|switch|p2a: Great Tusk|Great Tusk, shiny|100/100
|-enditem|p2a: Great Tusk|Booster Energy
|-activate|p2a: Great Tusk|ability: Protosynthesis|[fromitem]
|-start|p2a: Great Tusk|protosynthesisatk
|turn|4
|
|t:|1779942827
|switch|p1a: Landorus|Landorus-Therian, M|27/100 par
|-ability|p1a: Landorus|Intimidate|boost
|-unboost|p2a: Great Tusk|atk|1
|move|p2a: Great Tusk|Headlong Rush|p1a: Landorus
|-immune|p1a: Landorus
|
|upkeep
|turn|5
|
|t:|1779942832
|move|p2a: Great Tusk|Ice Spinner|p1a: Landorus
|-supereffective|p1a: Landorus
|-damage|p1a: Landorus|0 fnt
|faint|p1a: Landorus
|
|upkeep
|
|t:|1779942838
|switch|p1a: Primarina|Primarina, M|100/100
|-activate|p1a: Primarina|move: Sticky Web
|-unboost|p1a: Primarina|spe|1
|turn|6
|
|t:|1779942844
|move|p2a: Great Tusk|Headlong Rush|p1a: Primarina
|-damage|p1a: Primarina|30/100
|-unboost|p2a: Great Tusk|def|1
|-unboost|p2a: Great Tusk|spd|1
|move|p1a: Primarina|Hyper Voice|p2a: Great Tusk
|-supereffective|p2a: Great Tusk
|-damage|p2a: Great Tusk|0 fnt
|faint|p2a: Great Tusk
|-end|p2a: Great Tusk|Protosynthesis|[silent]
|
|-heal|p1a: Primarina|36/100|[from] item: Leftovers
|upkeep
|
|t:|1779942853
|switch|p2a: Ogerpon|Ogerpon-Cornerstone, F|100/100
|turn|7
|
|t:|1779942859
|move|p2a: Ogerpon|Ivy Cudgel|p1a: Primarina|[anim] Ivy Cudgel Rock
|-damage|p1a: Primarina|0 fnt
|faint|p1a: Primarina
|
|upkeep
|
|t:|1779942862
|switch|p1a: Regieleki|Regieleki|100/100
|turn|8
|
|t:|1779942867
|switch|p2a: Gholdengo|Gholdengo, shiny|100/100
|-item|p2a: Gholdengo|Air Balloon
|move|p1a: Regieleki|Rapid Spin|p2a: Gholdengo
|-immune|p2a: Gholdengo
|
|upkeep
|turn|9
|
|t:|1779942875
|move|p1a: Regieleki|Volt Switch|p2a: Gholdengo
|-damage|p2a: Gholdengo|55/100
|-enditem|p2a: Gholdengo|Air Balloon
|
|t:|1779942880
|switch|p1a: Pecharunt|Pecharunt|100/100|[from] Volt Switch
|-activate|p1a: Pecharunt|move: Sticky Web
|-unboost|p1a: Pecharunt|spe|1
|move|p2a: Gholdengo|Nasty Plot|p2a: Gholdengo
|-boost|p2a: Gholdengo|spa|2
|
|upkeep
|turn|10
|
|t:|1779942883
|-terastallize|p1a: Pecharunt|Normal
|move|p2a: Gholdengo|Psyshock|p1a: Pecharunt
|-damage|p1a: Pecharunt|63/100
|move|p1a: Pecharunt|Shadow Ball|p2a: Gholdengo
|-supereffective|p2a: Gholdengo
|-damage|p2a: Gholdengo|0 fnt
|faint|p2a: Gholdengo
|
|-damage|p1a: Pecharunt|50/100|[from] item: Black Sludge
|upkeep
|
|t:|1779942903
|switch|p2a: Ogerpon|Ogerpon-Cornerstone, F|100/100
|turn|11
|
|t:|1779942913
|move|p2a: Ogerpon|Ivy Cudgel|p1a: Pecharunt|[anim] Ivy Cudgel Rock
|-crit|p1a: Pecharunt
|-damage|p1a: Pecharunt|0 fnt
|faint|p1a: Pecharunt
|
|upkeep
|
|t:|1779942918
|switch|p1a: Kingambit|Kingambit, F|100/100
|-activate|p1a: Kingambit|move: Sticky Web
|-unboost|p1a: Kingambit|spe|1
|-activate|p1a: Kingambit|ability: Supreme Overlord
|-start|p1a: Kingambit|fallen3|[silent]
|turn|12
|
|t:|1779942922
|move|p2a: Ogerpon|Low Kick|p1a: Kingambit
|-supereffective|p1a: Kingambit
|-damage|p1a: Kingambit|0 fnt
|faint|p1a: Kingambit
|-end|p1a: Kingambit|fallen3|[silent]
|
|upkeep
|
|t:|1779942924
|switch|p1a: Iron Moth|Iron Moth|100/100
|-activate|p1a: Iron Moth|move: Sticky Web
|-unboost|p1a: Iron Moth|spe|1
|turn|13
|
|t:|1779942928
|move|p2a: Ogerpon|Ivy Cudgel|p1a: Iron Moth|[anim] Ivy Cudgel Rock
|-supereffective|p1a: Iron Moth
|-damage|p1a: Iron Moth|0 fnt
|faint|p1a: Iron Moth
|-end|p1a: Iron Moth|Quark Drive|[silent]
|
|upkeep
|c|☆spaofrep|Ggwp
|c|☆spaofrep|He
|c|☆spaofrep|Hf
|c|☆spaofrep|Gg
|
|t:|1779942941
|switch|p1a: Regieleki|Regieleki|100/100
|turn|14
|
|t:|1779942943
|move|p1a: Regieleki|Explosion|p2a: Ogerpon
|-resisted|p2a: Ogerpon
|-damage|p2a: Ogerpon|63/100
|faint|p1a: Regieleki
|
|win|Beedrill dddd
|raw|spaofrep's rating: 1320 &rarr; <strong>1302</strong><br />(-18 for losing)
|raw|Beedrill dddd's rating: 1357 &rarr; <strong>1375</strong><br />(+18 for winning)
|l|☆Beedrill dddd
|player|p2|
|l|☆spaofrep
|player|p1|
