|j|☆fregene97
|j|☆jimborri
|t:|1779808587
|gametype|singles
|player|p1|fregene97|169|1371
|player|p2|jimborri|fisherman-gen4|1404
|gen|9
|tier|[Gen 9] OU
|rated|
|rule|HP Percentage Mod: HP is shown in percentages
|rule|Endless Battle Clause: Forcing endless battles is banned
|rule|Species Clause: Limit one of each Pokémon
|rule|OHKO Clause: OHKO moves are banned
|rule|Evasion Items Clause: Evasion items are banned
|rule|Evasion Moves Clause: Evasion moves are banned
|rule|Evasion Abilities Clause: Evasion abilities are banned
|rule|Sleep Moves Clause: Sleep-inducing moves are banned
|clearpoke
|poke|p1|Regieleki|
|poke|p1|Haxorus, M|
|poke|p1|Ogerpon-Cornerstone, F|
|poke|p1|Iron Moth|
|poke|p1|Greninja-*, M|
|poke|p1|Hoopa-Unbound|
|poke|p2|Hitmonlee, M|
|poke|p2|Hydrapple, F|
|poke|p2|Forretress, M|
|poke|p2|Jolteon, F|
|poke|p2|Skeledirge, F|
|poke|p2|Cloyster, M|
|teampreview
|inactive|Battle timer is ON: inactive players will automatically lose when time's up. (requested by fregene97)
|
|t:|1779808602
|teamsize|p1|6
|teamsize|p2|6
|start
|switch|p1a: Iron Moth|Iron Moth|100/100
|switch|p2a: Forretress|Forretress, M|100/100
|-enditem|p1a: Iron Moth|Booster Energy
|-activate|p1a: Iron Moth|ability: Quark Drive|[fromitem]
|-start|p1a: Iron Moth|quarkdrivespe
|turn|1
|inactive|fregene97 has 120 seconds left.
|
|t:|1779808641
|move|p1a: Iron Moth|Fiery Dance|p2a: Forretress
|-supereffective|p2a: Forretress
|-ability|p2a: Forretress|Sturdy
|-damage|p2a: Forretress|1/100
|move|p2a: Forretress|Thunder Wave|p1a: Iron Moth
|-status|p1a: Iron Moth|par
|
|upkeep
|turn|2
|inactive|fregene97 has 120 seconds left.
|inactive|fregene97 has 90 seconds left.
|
|t:|1779808700
|move|p1a: Iron Moth|Fiery Dance|p2a: Forretress
|-supereffective|p2a: Forretress
|-damage|p2a: Forretress|0 fnt
|faint|p2a: Forretress
|
|upkeep
|
|t:|1779808705
|switch|p2a: Hydrapple|Hydrapple, F|100/100
|turn|3
|
|t:|1779808707
|move|p1a: Iron Moth|Fiery Dance|p2a: Hydrapple
|-damage|p2a: Hydrapple|76/100
|move|p2a: Hydrapple|Earth Power|p1a: Iron Moth
|-supereffective|p1a: Iron Moth
|-damage|p1a: Iron Moth|0 fnt
|faint|p1a: Iron Moth
|-end|p1a: Iron Moth|Quark Drive|[silent]
|
|upkeep
|
|t:|1779808711
|switch|p1a: Haxorus|Haxorus, M|100/100
|-ability|p1a: Haxorus|Mold Breaker
|turn|4
|
|t:|1779808730
|switch|p2a: Skeledirge|Skeledirge, F|100/100
|-terastallize|p1a: Haxorus|Dragon
|move|p1a: Haxorus|Outrage|p2a: Skeledirge
|-damage|p2a: Skeledirge|0 fnt
|faint|p2a: Skeledirge
|
|upkeep
|
|t:|1779808735
|switch|p2a: Jolteon|Jolteon, F|100/100
|turn|5
|
|t:|1779808742
|-terastallize|p2a: Jolteon|Fairy
|move|p2a: Jolteon|Substitute|p2a: Jolteon
|-start|p2a: Jolteon|Substitute
|-damage|p2a: Jolteon|76/100
|move|p1a: Haxorus|Outrage|p2a: Jolteon|[from] lockedmove
|-immune|p2a: Jolteon
|-start|p1a: Haxorus|confusion|[fatigue]
|
|-heal|p2a: Jolteon|82/100|[from] item: Leftovers
|upkeep
|turn|6
|
|t:|1779808761
|switch|p1a: Regieleki|Regieleki|100/100
|move|p2a: Jolteon|Calm Mind|p2a: Jolteon
|-boost|p2a: Jolteon|spa|1
|-boost|p2a: Jolteon|spd|1
|
|-heal|p2a: Jolteon|88/100|[from] item: Leftovers
|upkeep
|turn|7
|
|t:|1779808771
|move|p1a: Regieleki|Explosion|p2a: Jolteon
|-end|p2a: Jolteon|Substitute
|faint|p1a: Regieleki
|move|p2a: Jolteon|Calm Mind|p2a: Jolteon
|-boost|p2a: Jolteon|spa|1
|-boost|p2a: Jolteon|spd|1
|
|-heal|p2a: Jolteon|93/100|[from] item: Leftovers
|upkeep
|
|t:|1779808773
|switch|p1a: Ogerpon|Ogerpon-Cornerstone, F|100/100
|turn|8
|
|t:|1779808778
|move|p2a: Jolteon|Alluring Voice|p1a: Ogerpon
|-damage|p1a: Ogerpon|4/100
|move|p1a: Ogerpon|Ivy Cudgel|p2a: Jolteon|[anim] Ivy Cudgel Rock
|-damage|p2a: Jolteon|0 fnt
|faint|p2a: Jolteon
|
|upkeep
|
|t:|1779808787
|switch|p2a: Hitmonlee|Hitmonlee, M|100/100
|turn|9
|
|t:|1779808801
|move|p2a: Hitmonlee|Endure|p2a: Hitmonlee
|-singleturn|p2a: Hitmonlee|move: Endure
|move|p1a: Ogerpon|Swords Dance|p1a: Ogerpon
|-boost|p1a: Ogerpon|atk|2
|
|upkeep
|turn|10
|
|t:|1779808803
|move|p2a: Hitmonlee|Endure||[still]
|-fail|p2a: Hitmonlee
|move|p1a: Ogerpon|Ivy Cudgel|p2a: Hitmonlee|[anim] Ivy Cudgel Rock
|-resisted|p2a: Hitmonlee
|-crit|p2a: Hitmonlee
|-damage|p2a: Hitmonlee|0 fnt
|faint|p2a: Hitmonlee
|
|upkeep
|
|t:|1779808806
|switch|p2a: Cloyster|Cloyster, M|100/100
|turn|11
|
|t:|1779808810
|move|p1a: Ogerpon|Power Whip|p2a: Cloyster
|-supereffective|p2a: Cloyster
|-enditem|p2a: Cloyster|Focus Sash
|-damage|p2a: Cloyster|1/100
|move|p2a: Cloyster|Shell Smash|p2a: Cloyster
|-unboost|p2a: Cloyster|def|1
|-unboost|p2a: Cloyster|spd|1
|-boost|p2a: Cloyster|atk|2
|-boost|p2a: Cloyster|spa|2
|-boost|p2a: Cloyster|spe|2
|
|upkeep
|turn|12
|
|t:|1779808814
|move|p2a: Cloyster|Icicle Spear|p1a: Ogerpon
|-supereffective|p1a: Ogerpon
|-damage|p1a: Ogerpon|0 fnt
|faint|p1a: Ogerpon
|-hitcount|p1: Ogerpon|1
|
|upkeep
|
|t:|1779808815
|switch|p1a: Greninja|Greninja, M|100/100
|turn|13
|
|t:|1779808817
|move|p2a: Cloyster|Ice Shard|p1a: Greninja
|-resisted|p1a: Greninja
|-damage|p1a: Greninja|71/100
|move|p1a: Greninja|Water Shuriken|p2a: Cloyster
|-resisted|p2a: Cloyster
|-damage|p2a: Cloyster|0 fnt
|faint|p2a: Cloyster
|-ability|p1a: Greninja|Battle Bond|boost
|-boost|p1a: Greninja|atk|1
|-boost|p1a: Greninja|spa|1
|-boost|p1a: Greninja|spe|1
|-activate|p1a: Greninja|ability: Battle Bond
|-hitcount|p2: Cloyster|1
|-damage|p1a: Greninja|61/100|[from] item: Life Orb
|
|upkeep
|
|t:|1779808820
|switch|p2a: Hydrapple|Hydrapple, F|100/100
|turn|14
|
|t:|1779808822
|move|p1a: Greninja|Ice Beam|p2a: Hydrapple
|-supereffective|p2a: Hydrapple
|-damage|p2a: Hydrapple|0 fnt
|faint|p2a: Hydrapple
|-damage|p1a: Greninja|51/100|[from] item: Life Orb
|
|win|fregene97
|raw|fregene97's rating: 1347 &rarr; <strong>1370</strong><br />(+23 for winning)
|raw|jimborri's rating: 1404 &rarr; <strong>1381</strong><br />(-23 for losing)
|l|☆fregene97
|player|p1|
|l|☆jimborri
|player|p2|
