|j|☆IdkImScared
|j|☆GilgameshxLeonora
|t:|1779933525
|gametype|singles
|player|p1|IdkImScared|workerice|1365
|player|p2|GilgameshxLeonora|nate|1421
|gen|9
|tier|[Gen 9] OU
|rated|
|rule|HP Percentage Mod: HP is shown in percentages
|rule|Endless Battle Clause: Forcing endless battles is banned
|rule|Species Clause: Limit one of each Pokémon
|rule|OHKO Clause: OHKO moves are banned
|rule|Evasion Items Clause: Evasion items are banned
|rule|Evasion Moves Clause: Evasion moves are banned
|rule|Evasion Abilities Clause: Evasion abilities are banned
|rule|Sleep Moves Clause: Sleep-inducing moves are banned
|clearpoke
|poke|p1|Kingambit, M|
|poke|p1|Iron Valiant|
|poke|p1|Gholdengo|
|poke|p1|Araquanid, F|
|poke|p1|Great Tusk|
|poke|p1|Porygon-Z|
|poke|p2|Tyranitar, F|
|poke|p2|Iron Boulder|
|poke|p2|Rotom-Wash|
|poke|p2|Mandibuzz, F|
|poke|p2|Garganacl, M|
|poke|p2|Heatran, M|
|teampreview
|inactive|Battle timer is ON: inactive players will automatically lose when time's up. (requested by GilgameshxLeonora)
|inactive|IdkImScared has 120 seconds left.
|
|t:|1779933564
|teamsize|p1|6
|teamsize|p2|6
|start
|switch|p1a: idk bruh|Araquanid, F, shiny|100/100
|switch|p2a: Rotom|Rotom-Wash|100/100
|turn|1
|
|t:|1779933578
|move|p2a: Rotom|Volt Switch|p1a: idk bruh
|-supereffective|p1a: idk bruh
|-damage|p1a: idk bruh|49/100
|
|t:|1779933583
|switch|p2a: Mandibuzz|Mandibuzz, F|100/100|[from] Volt Switch
|move|p1a: idk bruh|Sticky Web|p2a: Mandibuzz
|-sidestart|p2: GilgameshxLeonora|move: Sticky Web
|
|upkeep
|turn|2
|
|t:|1779933590
|switch|p1a: Ghengo|Gholdengo|100/100
|-item|p1a: Ghengo|Air Balloon
|move|p2a: Mandibuzz|Foul Play|p1a: Ghengo
|-supereffective|p1a: Ghengo
|-damage|p1a: Ghengo|77/100
|-enditem|p1a: Ghengo|Air Balloon
|
|upkeep
|turn|3
|
|t:|1779933599
|switch|p2a: Heatran|Heatran, M|100/100
|-activate|p2a: Heatran|move: Sticky Web
|-unboost|p2a: Heatran|spe|1
|move|p1a: Ghengo|Nasty Plot|p1a: Ghengo
|-boost|p1a: Ghengo|spa|2
|
|upkeep
|turn|4
|
|t:|1779933620
|move|p1a: Ghengo|Shadow Ball|p2a: Heatran
|-damage|p2a: Heatran|40/100
|move|p2a: Heatran|Magma Storm|p1a: Ghengo
|-supereffective|p1a: Ghengo
|-damage|p1a: Ghengo|0 fnt
|faint|p1a: Ghengo
|
|-heal|p2a: Heatran|46/100|[from] item: Leftovers
|upkeep
|
|t:|1779933634
|switch|p1a: Iron Violent|Iron Valiant|100/100
|-enditem|p1a: Iron Violent|Booster Energy
|-activate|p1a: Iron Violent|ability: Quark Drive|[fromitem]
|-start|p1a: Iron Violent|quarkdrivespe
|turn|5
|
|t:|1779933638
|switch|p2a: Tyranitar|Tyranitar, F|100/100
|-activate|p2a: Tyranitar|move: Sticky Web
|-unboost|p2a: Tyranitar|spe|1
|-weather|Sandstorm|[from] ability: Sand Stream|[of] p2a: Tyranitar
|move|p1a: Iron Violent|Close Combat|p2a: Tyranitar
|-supereffective|p2a: Tyranitar
|-crit|p2a: Tyranitar
|-damage|p2a: Tyranitar|0 fnt
|-unboost|p1a: Iron Violent|def|1
|-unboost|p1a: Iron Violent|spd|1
|faint|p2a: Tyranitar
|
|-weather|Sandstorm|[upkeep]
|-damage|p1a: Iron Violent|94/100|[from] Sandstorm
|upkeep
|
|t:|1779933643
|switch|p2a: Mandibuzz|Mandibuzz, F|100/100
|turn|6
|
|t:|1779933649
|move|p1a: Iron Violent|Moonblast|p2a: Mandibuzz
|-supereffective|p2a: Mandibuzz
|-damage|p2a: Mandibuzz|27/100
|-unboost|p2a: Mandibuzz|spa|1
|move|p2a: Mandibuzz|Defog|p1a: Iron Violent
|-unboost|p1a: Iron Violent|evasion|1
|-sideend|p2: GilgameshxLeonora|Sticky Web|[from] move: Defog|[of] p2a: Mandibuzz
|
|-weather|Sandstorm|[upkeep]
|-damage|p1a: Iron Violent|88/100|[from] Sandstorm
|upkeep
|turn|7
|
|t:|1779933659
|move|p1a: Iron Violent|Moonblast|p2a: Mandibuzz
|-supereffective|p2a: Mandibuzz
|-damage|p2a: Mandibuzz|0 fnt
|faint|p2a: Mandibuzz
|
|-weather|Sandstorm|[upkeep]
|-damage|p1a: Iron Violent|82/100|[from] Sandstorm
|upkeep
|
|t:|1779933662
|switch|p2a: Iron Boulder|Iron Boulder|100/100
|-enditem|p2a: Iron Boulder|Booster Energy
|-activate|p2a: Iron Boulder|ability: Quark Drive|[fromitem]
|-start|p2a: Iron Boulder|quarkdrivespe
|turn|8
|
|t:|1779933675
|-end|p1a: Iron Violent|Quark Drive|[silent]
|switch|p1a: idk bruh|Araquanid, F, shiny|49/100
|move|p2a: Iron Boulder|Psycho Cut|p1a: idk bruh
|-damage|p1a: idk bruh|7/100
|
|-weather|Sandstorm|[upkeep]
|-damage|p1a: idk bruh|1/100|[from] Sandstorm
|upkeep
|turn|9
|-enditem|p1a: idk bruh|Custap Berry|[eat]
|-activate|p1a: idk bruh|item: Custap Berry|[consumed]
|
|t:|1779933684
|move|p1a: idk bruh|Liquidation|p2a: Iron Boulder
|-supereffective|p2a: Iron Boulder
|-damage|p2a: Iron Boulder|0 fnt
|faint|p2a: Iron Boulder
|-end|p2a: Iron Boulder|Quark Drive|[silent]
|
|-weather|none
|upkeep
|
|t:|1779933688
|switch|p2a: Rotom|Rotom-Wash|100/100
|turn|10
|
|t:|1779933698
|move|p2a: Rotom|Hydro Pump|p1a: idk bruh
|-resisted|p1a: idk bruh
|-damage|p1a: idk bruh|0 fnt
|faint|p1a: idk bruh
|
|upkeep
|inactive|IdkImScared has 120 seconds left.
|
|t:|1779933735
|switch|p1a: Iron Violent|Iron Valiant|82/100
|turn|11
|
|t:|1779933738
|move|p2a: Rotom|Hydro Pump|p1a: Iron Violent|[miss]
|-miss|p2a: Rotom|p1a: Iron Violent
|move|p1a: Iron Violent|Knock Off|p2a: Rotom
|-damage|p2a: Rotom|65/100
|-enditem|p2a: Rotom|Choice Scarf|[from] move: Knock Off|[of] p1a: Iron Violent
|
|upkeep
|turn|12
|
|t:|1779933745
|move|p1a: Iron Violent|Close Combat|p2a: Rotom
|-damage|p2a: Rotom|0 fnt
|-unboost|p1a: Iron Violent|def|1
|-unboost|p1a: Iron Violent|spd|1
|faint|p2a: Rotom
|
|upkeep
|
|t:|1779933748
|switch|p2a: Garganacl|Garganacl, M|100/100
|turn|13
|
|t:|1779933755
|-terastallize|p2a: Garganacl|Ghost
|move|p1a: Iron Violent|Knock Off|p2a: Garganacl
|-supereffective|p2a: Garganacl
|-damage|p2a: Garganacl|65/100
|-enditem|p2a: Garganacl|Leftovers|[from] move: Knock Off|[of] p1a: Iron Violent
|move|p2a: Garganacl|Salt Cure|p1a: Iron Violent
|-resisted|p1a: Iron Violent
|-damage|p1a: Iron Violent|68/100
|-start|p1a: Iron Violent|Salt Cure
|
|-damage|p1a: Iron Violent|56/100|[from] Salt Cure
|upkeep
|turn|14
|
|t:|1779933764
|move|p1a: Iron Violent|Moonblast|p2a: Garganacl
|-damage|p2a: Garganacl|24/100
|-unboost|p2a: Garganacl|spa|1
|move|p2a: Garganacl|Iron Defense|p2a: Garganacl
|-boost|p2a: Garganacl|def|2
|
|-damage|p1a: Iron Violent|43/100|[from] Salt Cure
|upkeep
|turn|15
|
|t:|1779933770
|move|p1a: Iron Violent|Encore|p2a: Garganacl
|-start|p2a: Garganacl|Encore
|move|p2a: Garganacl|Iron Defense|p2a: Garganacl
|-boost|p2a: Garganacl|def|2
|
|-damage|p1a: Iron Violent|31/100|[from] Salt Cure
|upkeep
|turn|16
|
|t:|1779933778
|switch|p2a: Heatran|Heatran, M|46/100
|move|p1a: Iron Violent|Moonblast|p2a: Heatran
|-resisted|p2a: Heatran
|-damage|p2a: Heatran|37/100
|
|-heal|p2a: Heatran|43/100|[from] item: Leftovers
|-damage|p1a: Iron Violent|18/100|[from] Salt Cure
|upkeep
|turn|17
|
|t:|1779933784
|switch|p2a: Garganacl|Garganacl, M, tera:Ghost|24/100
|move|p1a: Iron Violent|Knock Off|p2a: Garganacl
|-supereffective|p2a: Garganacl
|-damage|p2a: Garganacl|3/100
|
|-damage|p1a: Iron Violent|6/100|[from] Salt Cure
|upkeep
|turn|18
|
|t:|1779933792
|move|p1a: Iron Violent|Knock Off|p2a: Garganacl
|-supereffective|p2a: Garganacl
|-damage|p2a: Garganacl|0 fnt
|faint|p2a: Garganacl
|
|-damage|p1a: Iron Violent|0 fnt|[from] Salt Cure
|faint|p1a: Iron Violent
|-end|p1a: Iron Violent|Quark Drive|[silent]
|upkeep
|
|t:|1779933799
|switch|p1a: Gusk|Great Tusk|100/100
|switch|p2a: Heatran|Heatran, M|43/100
|-enditem|p1a: Gusk|Booster Energy
|-activate|p1a: Gusk|ability: Protosynthesis|[fromitem]
|-start|p1a: Gusk|protosynthesisatk
|turn|19
|
|t:|1779933804
|move|p1a: Gusk|Headlong Rush|p2a: Heatran
|-supereffective|p2a: Heatran
|-damage|p2a: Heatran|0 fnt
|-unboost|p1a: Gusk|def|1
|-unboost|p1a: Gusk|spd|1
|faint|p2a: Heatran
|
|win|IdkImScared
|raw|IdkImScared's rating: 1365 &rarr; <strong>1388</strong><br />(+23 for winning)
|raw|GilgameshxLeonora's rating: 1421 &rarr; <strong>1398</strong><br />(-23 for losing)
|l|☆GilgameshxLeonora
|player|p2|
|c|☆IdkImScared|Ggwp
