|j|☆Cdopara
|j|☆pantagruel46
|t:|1779842076
|gametype|singles
|player|p1|Cdopara|169|1101
|player|p2|pantagruel46|linebacker|1117
|gen|9
|tier|[Gen 9] OU
|rated|
|rule|HP Percentage Mod: HP is shown in percentages
|rule|Endless Battle Clause: Forcing endless battles is banned
|rule|Species Clause: Limit one of each Pokémon
|rule|OHKO Clause: OHKO moves are banned
|rule|Evasion Items Clause: Evasion items are banned
|rule|Evasion Moves Clause: Evasion moves are banned
|rule|Evasion Abilities Clause: Evasion abilities are banned
|rule|Sleep Moves Clause: Sleep-inducing moves are banned
|clearpoke
|poke|p1|Minior-Indigo|
|poke|p1|Incineroar, F|
|poke|p1|Ninetales-Alola, F|
|poke|p1|Spidops, F|
|poke|p1|Cloyster, F|
|poke|p1|Murkrow, M|
|poke|p2|Regieleki|
|poke|p2|Kingambit, M|
|poke|p2|Amoonguss, M|
|poke|p2|Toxapex, F|
|poke|p2|Latios, M|
|poke|p2|Weavile, M|
|teampreview
|
|t:|1779842084
|teamsize|p1|6
|teamsize|p2|6
|start
|switch|p1a: Spidops|Spidops, F|100/100
|switch|p2a: Toxapex|Toxapex, F, shiny|100/100
|turn|1
|
|t:|1779842090
|move|p1a: Spidops|Sticky Web|p2a: Toxapex
|-sidestart|p2: pantagruel46|move: Sticky Web
|move|p2a: Toxapex|Toxic Spikes|p1a: Spidops
|-sidestart|p1: Cdopara|move: Toxic Spikes
|
|upkeep
|turn|2
|
|t:|1779842094
|move|p1a: Spidops|Toxic Spikes|p2a: Toxapex
|-sidestart|p2: pantagruel46|move: Toxic Spikes
|move|p2a: Toxapex|Toxic Spikes|p1a: Spidops
|-sidestart|p1: Cdopara|move: Toxic Spikes
|
|upkeep
|turn|3
|inactive|Battle timer is ON: inactive players will automatically lose when time's up. (requested by pantagruel46)
|
|t:|1779842127
|move|p1a: Spidops|U-turn|p2a: Toxapex
|-resisted|p2a: Toxapex
|-damage|p2a: Toxapex|93/100
|
|t:|1779842132
|switch|p1a: Murkrow|Murkrow, M|100/100|[from] U-turn
|move|p2a: Toxapex|Poison Jab|p1a: Murkrow
|-damage|p1a: Murkrow|57/100
|
|upkeep
|turn|4
|
|t:|1779842142
|move|p2a: Toxapex|Baneful Bunker|p2a: Toxapex
|-singleturn|p2a: Toxapex|move: Protect
|move|p1a: Murkrow|Whirlwind|p2a: Toxapex
|drag|p2a: Weavile|Weavile, M|100/100
|-activate|p2a: Weavile|move: Sticky Web
|-unboost|p2a: Weavile|spe|1
|-status|p2a: Weavile|psn
|-ability|p2a: Weavile|Pressure
|
|-damage|p2a: Weavile|88/100 psn|[from] psn
|upkeep
|turn|5
|
|t:|1779842158
|move|p1a: Murkrow|Tailwind|p1a: Murkrow
|-sidestart|p1: Cdopara|move: Tailwind
|move|p2a: Weavile|Triple Axel|p1a: Murkrow|[miss]
|-miss|p2a: Weavile|p1a: Murkrow
|
|-damage|p2a: Weavile|76/100 psn|[from] psn
|upkeep
|turn|6
|
|t:|1779842172
|move|p2a: Weavile|Triple Axel|p1a: Murkrow
|-supereffective|p1a: Murkrow
|-damage|p1a: Murkrow|23/100
|-supereffective|p1a: Murkrow
|-damage|p1a: Murkrow|0 fnt
|faint|p1a: Murkrow
|-hitcount|p1: Murkrow|2
|
|-damage|p2a: Weavile|63/100 psn|[from] psn
|upkeep
|
|t:|1779842180
|switch|p1a: Minior|Minior-Indigo|100/100
|-formechange|p1a: Minior|Minior-Meteor||[from] ability: Shields Down
|turn|7
|
|t:|1779842184
|switch|p2a: Regieleki|Regieleki|100/100
|-activate|p2a: Regieleki|move: Sticky Web
|-unboost|p2a: Regieleki|spe|1
|-status|p2a: Regieleki|psn
|move|p1a: Minior|Shell Smash|p1a: Minior
|-unboost|p1a: Minior|def|1
|-unboost|p1a: Minior|spd|1
|-boost|p1a: Minior|atk|2
|-boost|p1a: Minior|spa|2
|-boost|p1a: Minior|spe|2
|-enditem|p1a: Minior|White Herb
|-clearnegativeboost|p1a: Minior|[silent]
|
|-damage|p2a: Regieleki|88/100 psn|[from] psn
|upkeep
|turn|8
|
|t:|1779842198
|move|p1a: Minior|Earthquake|p2a: Regieleki
|-supereffective|p2a: Regieleki
|-damage|p2a: Regieleki|0 fnt
|faint|p2a: Regieleki
|
|-sideend|p1: Cdopara|move: Tailwind
|upkeep
|
|t:|1779842208
|switch|p2a: Toxapex|Toxapex, F, shiny|93/100
|-activate|p2a: Toxapex|move: Sticky Web
|-unboost|p2a: Toxapex|spe|1
|-sideend|p2: pantagruel46|move: Toxic Spikes|[of] p2a: Toxapex
|turn|9
|
|t:|1779842216
|move|p1a: Minior|Earthquake|p2a: Toxapex
|-supereffective|p2a: Toxapex
|-damage|p2a: Toxapex|17/100
|move|p2a: Toxapex|Liquidation|p1a: Minior
|-supereffective|p1a: Minior
|-damage|p1a: Minior|1/100
|
|-formechange|p1a: Minior|Minior-Indigo||[from] ability: Shields Down
|upkeep
|turn|10
|
|t:|1779842229
|move|p2a: Toxapex|Baneful Bunker|p2a: Toxapex
|-singleturn|p2a: Toxapex|move: Protect
|move|p1a: Minior|Earthquake|p2a: Toxapex
|-activate|p2a: Toxapex|move: Protect
|
|upkeep
|turn|11
|
|t:|1779842237
|move|p1a: Minior|Earthquake|p2a: Toxapex
|-supereffective|p2a: Toxapex
|-damage|p2a: Toxapex|0 fnt
|faint|p2a: Toxapex
|
|upkeep
|
|t:|1779842244
|switch|p2a: Latios|Latios, M|100/100
|turn|12
|
|t:|1779842259
|move|p1a: Minior|Acrobatics|p2a: Latios
|-damage|p2a: Latios|0 fnt
|faint|p2a: Latios
|
|upkeep
|
|t:|1779842264
|switch|p2a: Amoonguss|Amoonguss, M|100/100
|-activate|p2a: Amoonguss|move: Sticky Web
|-unboost|p2a: Amoonguss|spe|1
|turn|13
|
|t:|1779842271
|move|p1a: Minior|Acrobatics|p2a: Amoonguss
|-supereffective|p2a: Amoonguss
|-damage|p2a: Amoonguss|0 fnt
|faint|p2a: Amoonguss
|
|upkeep
|
|t:|1779842276
|switch|p2a: Weavile|Weavile, M|63/100 psn
|-activate|p2a: Weavile|move: Sticky Web
|-unboost|p2a: Weavile|spe|1
|-ability|p2a: Weavile|Pressure
|turn|14
|
|t:|1779842286
|move|p1a: Minior|Power Gem|p2a: Weavile
|-supereffective|p2a: Weavile
|-damage|p2a: Weavile|0 fnt
|faint|p2a: Weavile
|
|upkeep
|
|t:|1779842290
|switch|p2a: Kingambit|Kingambit, M|100/100
|-activate|p2a: Kingambit|move: Sticky Web
|-unboost|p2a: Kingambit|spe|1
|-activate|p2a: Kingambit|ability: Supreme Overlord
|-start|p2a: Kingambit|fallen5|[silent]
|turn|15
|
|t:|1779842296
|move|p2a: Kingambit|Sucker Punch|p1a: Minior
|-damage|p1a: Minior|0 fnt
|faint|p1a: Minior
|
|upkeep
|
|t:|1779842305
|switch|p1a: Incineroar|Incineroar, F|100/100
|-status|p1a: Incineroar|tox
|-ability|p1a: Incineroar|Intimidate|boost
|-unboost|p2a: Kingambit|atk|1
|turn|16
|
|t:|1779842316
|move|p1a: Incineroar|Fake Out|p2a: Kingambit
|-resisted|p2a: Kingambit
|-damage|p2a: Kingambit|96/100
|cant|p2a: Kingambit|flinch
|
|-damage|p1a: Incineroar|94/100 tox|[from] psn
|upkeep
|turn|17
|
|t:|1779842323
|move|p1a: Incineroar|Parting Shot|p2a: Kingambit
|-unboost|p2a: Kingambit|atk|1
|-unboost|p2a: Kingambit|spa|1
|
|t:|1779842331
|switch|p1a: Ninetales|Ninetales-Alola, F|100/100|[from] Parting Shot
|-status|p1a: Ninetales|tox
|-weather|Snowscape|[from] ability: Snow Warning|[of] p1a: Ninetales
|move|p2a: Kingambit|Poison Jab|p1a: Ninetales
|-supereffective|p1a: Ninetales
|-damage|p1a: Ninetales|50/100 tox
|
|-weather|Snowscape|[upkeep]
|-damage|p1a: Ninetales|44/100 tox|[from] psn
|upkeep
|turn|18
|
|t:|1779842347
|move|p1a: Ninetales|Aurora Veil|p1a: Ninetales
|-sidestart|p1: Cdopara|move: Aurora Veil
|move|p2a: Kingambit|Iron Head|p1a: Ninetales
|-supereffective|p1a: Ninetales
|-damage|p1a: Ninetales|0 fnt
|faint|p1a: Ninetales
|
|-weather|Snowscape|[upkeep]
|upkeep
|
|t:|1779842357
|switch|p1a: Incineroar|Incineroar, F|94/100 tox
|-ability|p1a: Incineroar|Intimidate|boost
|-unboost|p2a: Kingambit|atk|1
|turn|19
|
|t:|1779842367
|-terastallize|p1a: Incineroar|Fire
|move|p1a: Incineroar|Flare Blitz|p2a: Kingambit
|-supereffective|p2a: Kingambit
|-crit|p2a: Kingambit
|-damage|p2a: Kingambit|0 fnt
|faint|p2a: Kingambit
|-end|p2a: Kingambit|fallen5|[silent]
|-damage|p1a: Incineroar|62/100 tox|[from] Recoil
|
|win|Cdopara
|raw|Cdopara's rating: 1101 &rarr; <strong>1127</strong><br />(+26 for winning)
|raw|pantagruel46's rating: 1117 &rarr; <strong>1091</strong><br />(-26 for losing)
|l|☆Cdopara
|player|p1|
|l|☆pantagruel46
|player|p2|
