|j|☆gymplacek123
|j|☆Mewvoli
|t:|1779963746
|gametype|singles
|player|p1|gymplacek123|giovanni|1117
|player|p2|Mewvoli|lucas|1214
|gen|9
|tier|[Gen 9] OU
|rated|
|rule|HP Percentage Mod: HP is shown in percentages
|rule|Endless Battle Clause: Forcing endless battles is banned
|rule|Species Clause: Limit one of each Pokémon
|rule|OHKO Clause: OHKO moves are banned
|rule|Evasion Items Clause: Evasion items are banned
|rule|Evasion Moves Clause: Evasion moves are banned
|rule|Evasion Abilities Clause: Evasion abilities are banned
|rule|Sleep Moves Clause: Sleep-inducing moves are banned
|clearpoke
|poke|p1|Arbok, F|
|poke|p1|Gengar, M|
|poke|p1|Snorlax, M|
|poke|p1|Blaziken, M|
|poke|p1|Dragonite, F|
|poke|p1|Weezing, F|
|poke|p2|Gholdengo|
|poke|p2|Moltres|
|poke|p2|Kyurem|
|poke|p2|Ogerpon-Wellspring, F|
|poke|p2|Great Tusk|
|poke|p2|Slowking-Galar, F|
|teampreview
|
|t:|1779963755
|teamsize|p1|6
|teamsize|p2|6
|start
|switch|p1a: Weezing|Weezing, F|100/100
|switch|p2a: Kyurem|Kyurem|100/100
|-ability|p2a: Kyurem|Pressure
|turn|1
|
|t:|1779963768
|move|p2a: Kyurem|Earth Power|p1a: Weezing
|-immune|p1a: Weezing|[from] ability: Levitate
|move|p1a: Weezing|Toxic|p2a: Kyurem
|-status|p2a: Kyurem|tox
|
|-damage|p2a: Kyurem|94/100 tox|[from] psn
|upkeep
|turn|2
|
|t:|1779963776
|switch|p2a: Slowking|Slowking-Galar, F|100/100
|move|p1a: Weezing|Protect||[still]
|-fail|p1a: Weezing
|
|upkeep
|turn|3
|
|t:|1779963784
|move|p1a: Weezing|Clear Smog|p2a: Slowking
|-resisted|p2a: Slowking
|-damage|p2a: Slowking|96/100
|-clearboost|p2a: Slowking
|move|p2a: Slowking|Thunder Wave|p1a: Weezing
|-status|p1a: Weezing|par
|
|upkeep
|turn|4
|
|t:|1779963793
|switch|p1a: Snorlax|Snorlax, M|100/100
|move|p2a: Slowking|Future Sight|p1a: Snorlax
|-start|p2a: Slowking|move: Future Sight
|
|upkeep
|turn|5
|
|t:|1779963800
|move|p1a: Snorlax|Crunch|p2a: Slowking
|-supereffective|p2a: Slowking
|-damage|p2a: Slowking|58/100
|-unboost|p2a: Slowking|def|1
|move|p2a: Slowking|Thunder Wave|p1a: Snorlax|[miss]
|-miss|p2a: Slowking|p1a: Snorlax
|
|upkeep
|turn|6
|
|t:|1779963809
|switch|p2a: Great Tusk|Great Tusk|100/100
|move|p1a: Snorlax|Protect||[still]
|-fail|p1a: Snorlax
|
|-end|p1a: Snorlax|move: Future Sight
|-damage|p1a: Snorlax|72/100
|upkeep
|turn|7
|
|t:|1779963823
|move|p2a: Great Tusk|Ice Spinner|p1a: Snorlax
|-damage|p1a: Snorlax|52/100
|-damage|p2a: Great Tusk|84/100|[from] item: Rocky Helmet|[of] p1a: Snorlax
|move|p1a: Snorlax|Zen Headbutt|p2a: Great Tusk
|-supereffective|p2a: Great Tusk
|-damage|p2a: Great Tusk|57/100
|
|upkeep
|turn|8
|
|t:|1779963836
|-end|p2a: Great Tusk|Protosynthesis|[silent]
|switch|p2a: Moltres|Moltres|100/100
|move|p1a: Snorlax|Zen Headbutt|p2a: Moltres
|-damage|p2a: Moltres|86/100
|
|upkeep
|turn|9
|
|t:|1779963843
|switch|p1a: Dragonite|Dragonite, F|100/100
|move|p2a: Moltres|Flamethrower|p1a: Dragonite
|-resisted|p1a: Dragonite
|-damage|p1a: Dragonite|83/100
|
|upkeep
|turn|10
|
|t:|1779963850
|move|p2a: Moltres|U-turn|p1a: Dragonite
|-resisted|p1a: Dragonite
|-damage|p1a: Dragonite|76/100
|-damage|p2a: Moltres|70/100|[from] item: Rocky Helmet|[of] p1a: Dragonite
|
|t:|1779963857
|switch|p2a: Kyurem|Kyurem|94/100 tox|[from] U-turn
|-ability|p2a: Kyurem|Pressure
|move|p1a: Dragonite|Aqua Tail|p2a: Kyurem
|-resisted|p2a: Kyurem
|-damage|p2a: Kyurem|80/100 tox
|
|-damage|p2a: Kyurem|74/100 tox|[from] psn
|upkeep
|turn|11
|
|t:|1779963866
|move|p2a: Kyurem|Ice Beam|p1a: Dragonite
|-supereffective|p1a: Dragonite
|-damage|p1a: Dragonite|0 fnt
|faint|p1a: Dragonite
|
|-damage|p2a: Kyurem|62/100 tox|[from] psn
|upkeep
|
|t:|1779963876
|switch|p1a: Blaziken|Blaziken, M|100/100
|turn|12
|
|t:|1779963881
|switch|p2a: Moltres|Moltres|70/100
|move|p1a: Blaziken|Flame Charge|p2a: Moltres
|-resisted|p2a: Moltres
|-damage|p2a: Moltres|63/100
|-boost|p1a: Blaziken|spe|1
|
|upkeep
|turn|13
|
|t:|1779963891
|switch|p1a: Snorlax|Snorlax, M|52/100
|move|p2a: Moltres|Roar|p1a: Snorlax
|drag|p1a: Blaziken|Blaziken, M|100/100
|
|upkeep
|turn|14
|
|t:|1779963902
|switch|p1a: buřt|Arbok, F, shiny|100/100
|-ability|p1a: buřt|Intimidate|boost
|-unboost|p2a: Moltres|atk|1
|move|p2a: Moltres|U-turn|p1a: buřt
|-resisted|p1a: buřt
|-damage|p1a: buřt|94/100
|
|t:|1779963914
|switch|p2a: Great Tusk|Great Tusk|57/100|[from] U-turn
|
|upkeep
|turn|15
|
|t:|1779963920
|move|p2a: Great Tusk|Headlong Rush|p1a: buřt
|-supereffective|p1a: buřt
|-damage|p1a: buřt|0 fnt
|-unboost|p2a: Great Tusk|def|1
|-unboost|p2a: Great Tusk|spd|1
|faint|p1a: buřt
|
|upkeep
|
|t:|1779963933
|switch|p1a: Weezing|Weezing, F|100/100 par
|turn|16
|
|t:|1779963939
|move|p2a: Great Tusk|Stealth Rock|p1a: Weezing
|-sidestart|p1: gymplacek123|move: Stealth Rock
|move|p1a: Weezing|Toxic|p2a: Great Tusk
|-status|p2a: Great Tusk|tox
|
|-damage|p2a: Great Tusk|51/100 tox|[from] psn
|upkeep
|turn|17
|
|t:|1779963949
|-end|p2a: Great Tusk|Protosynthesis|[silent]
|switch|p2a: Slowking|Slowking-Galar, F|91/100
|move|p1a: Weezing|Toxic Spikes|p2a: Slowking
|-sidestart|p2: Mewvoli|move: Toxic Spikes
|
|upkeep
|turn|18
|
|t:|1779963960
|switch|p1a: Snorlax|Snorlax, M|52/100
|-damage|p1a: Snorlax|40/100|[from] Stealth Rock
|move|p2a: Slowking|Future Sight|p1a: Snorlax
|-start|p2a: Slowking|move: Future Sight
|
|upkeep
|turn|19
|
|t:|1779963968
|move|p1a: Snorlax|Crunch|p2a: Slowking
|-supereffective|p2a: Slowking
|-damage|p2a: Slowking|50/100
|-unboost|p2a: Slowking|def|1
|move|p2a: Slowking|Sludge Bomb|p1a: Snorlax
|-damage|p1a: Snorlax|20/100
|
|upkeep
|turn|20
|
|t:|1779963977
|switch|p2a: Great Tusk|Great Tusk|51/100 tox
|move|p1a: Snorlax|Rest|p1a: Snorlax
|-status|p1a: Snorlax|slp|[from] move: Rest
|-heal|p1a: Snorlax|100/100 slp|[silent]
|
|-end|p1a: Snorlax|move: Future Sight
|-damage|p1a: Snorlax|72/100 slp
|-damage|p2a: Great Tusk|45/100 tox|[from] psn
|upkeep
|turn|21
|
|t:|1779963988
|move|p2a: Great Tusk|Headlong Rush|p1a: Snorlax
|-damage|p1a: Snorlax|27/100 slp
|-unboost|p2a: Great Tusk|def|1
|-unboost|p2a: Great Tusk|spd|1
|-damage|p2a: Great Tusk|28/100 tox|[from] item: Rocky Helmet|[of] p1a: Snorlax
|cant|p1a: Snorlax|slp
|
|-damage|p2a: Great Tusk|16/100 tox|[from] psn
|upkeep
|turn|22
|
|t:|1779963997
|cant|p1a: Snorlax|slp
|move|p2a: Great Tusk|Rapid Spin|p1a: Snorlax
|-damage|p1a: Snorlax|16/100 slp
|-boost|p2a: Great Tusk|spe|1
|-damage|p2a: Great Tusk|0 fnt|[from] item: Rocky Helmet|[of] p1a: Snorlax
|faint|p2a: Great Tusk
|-end|p2a: Great Tusk|Protosynthesis|[silent]
|
|upkeep
|
|t:|1779964004
|switch|p2a: Slowking|Slowking-Galar, F|84/100
|-sideend|p2: Mewvoli|move: Toxic Spikes|[of] p2a: Slowking
|turn|23
|
|t:|1779964010
|-curestatus|p1a: Snorlax|slp|[msg]
|move|p1a: Snorlax|Protect|p1a: Snorlax
|-singleturn|p1a: Snorlax|Protect
|move|p2a: Slowking|Future Sight|p1a: Snorlax
|-start|p2a: Slowking|move: Future Sight
|
|upkeep
|turn|24
|
|t:|1779964016
|move|p1a: Snorlax|Rest|p1a: Snorlax
|-status|p1a: Snorlax|slp|[from] move: Rest
|-heal|p1a: Snorlax|100/100 slp|[silent]
|move|p2a: Slowking|Sludge Bomb|p1a: Snorlax
|-damage|p1a: Snorlax|79/100 slp
|
|upkeep
|turn|25
|
|t:|1779964024
|cant|p1a: Snorlax|slp
|move|p2a: Slowking|Sludge Bomb|p1a: Snorlax
|-damage|p1a: Snorlax|58/100 slp
|
|-end|p1a: Snorlax|move: Future Sight
|-crit|p1a: Snorlax
|-damage|p1a: Snorlax|17/100 slp
|upkeep
|turn|26
|
|t:|1779964031
|cant|p1a: Snorlax|slp
|move|p2a: Slowking|Sludge Bomb|p1a: Snorlax
|-damage|p1a: Snorlax|0 fnt
|faint|p1a: Snorlax
|
|upkeep
|
|t:|1779964040
|switch|p1a: Blaziken|Blaziken, M|100/100
|-damage|p1a: Blaziken|88/100|[from] Stealth Rock
|turn|27
|
|t:|1779964044
|move|p1a: Blaziken|Earthquake|p2a: Slowking
|-supereffective|p2a: Slowking
|-damage|p2a: Slowking|32/100
|move|p2a: Slowking|Thunder Wave|p1a: Blaziken
|-status|p1a: Blaziken|par
|
|upkeep
|turn|28
|
|t:|1779964050
|switch|p2a: Moltres|Moltres|63/100
|move|p1a: Blaziken|Swords Dance|p1a: Blaziken
|-boost|p1a: Blaziken|atk|2
|
|upkeep
|turn|29
|
|t:|1779964061
|switch|p1a: Weezing|Weezing, F|100/100 par
|-damage|p1a: Weezing|88/100 par|[from] Stealth Rock
|move|p2a: Moltres|Flamethrower|p1a: Weezing
|-damage|p1a: Weezing|40/100 par
|
|-heal|p1a: Weezing|46/100 par|[from] item: Leftovers
|upkeep
|turn|30
|
|t:|1779964069
|move|p2a: Moltres|U-turn|p1a: Weezing
|-resisted|p1a: Weezing
|-damage|p1a: Weezing|40/100 par
|
|t:|1779964074
|switch|p2a: Slowking|Slowking-Galar, F|65/100|[from] U-turn
|move|p1a: Weezing|Toxic|p2a: Slowking
|-immune|p2a: Slowking
|
|-heal|p1a: Weezing|46/100 par|[from] item: Leftovers
|upkeep
|turn|31
|
|t:|1779964091
|switch|p1a: Gengar|Gengar, M|100/100
|-damage|p1a: Gengar|88/100|[from] Stealth Rock
|-prepare|p2a: Slowking|Chilly Reception|[premajor]
|move|p2a: Slowking|Chilly Reception|p2a: Slowking
|-weather|Snowscape
|
|t:|1779964100
|switch|p2a: Kyurem|Kyurem|62/100 tox|[from] Chilly Reception
|-ability|p2a: Kyurem|Pressure
|
|-weather|Snowscape|[upkeep]
|-damage|p2a: Kyurem|55/100 tox|[from] psn
|upkeep
|turn|32
|
|t:|1779964116
|move|p2a: Kyurem|Draco Meteor|p1a: Gengar
|-damage|p1a: Gengar|0 fnt
|-unboost|p2a: Kyurem|spa|2
|faint|p1a: Gengar
|
|-weather|Snowscape|[upkeep]
|-damage|p2a: Kyurem|43/100 tox|[from] psn
|upkeep
|
|t:|1779964123
|switch|p1a: Blaziken|Blaziken, M|88/100 par
|-damage|p1a: Blaziken|76/100 par|[from] Stealth Rock
|turn|33
|
|t:|1779964128
|switch|p2a: Ogerpon|Ogerpon-Wellspring, F|100/100
|cant|p1a: Blaziken|par
|
|-weather|Snowscape|[upkeep]
|upkeep
|turn|34
|
|t:|1779964134
|move|p2a: Ogerpon|Ivy Cudgel|p1a: Blaziken|[anim] Ivy Cudgel Water
|-supereffective|p1a: Blaziken
|-damage|p1a: Blaziken|0 fnt
|faint|p1a: Blaziken
|
|-weather|Snowscape|[upkeep]
|upkeep
|
|t:|1779964140
|switch|p1a: Weezing|Weezing, F|46/100 par
|-damage|p1a: Weezing|34/100 par|[from] Stealth Rock
|turn|35
|
|t:|1779964144
|move|p2a: Ogerpon|Ivy Cudgel|p1a: Weezing|[anim] Ivy Cudgel Water
|-damage|p1a: Weezing|0 fnt
|faint|p1a: Weezing
|
|win|Mewvoli
|raw|gymplacek123's rating: 1117 &rarr; <strong>1099</strong><br />(-18 for losing)
|raw|Mewvoli's rating: 1214 &rarr; <strong>1232</strong><br />(+18 for winning)
|l|☆Mewvoli
|player|p2|
|l|☆gymplacek123
|player|p1|
