|j|☆chris676
|j|☆alalu
|t:|1779909692
|gametype|singles
|player|p1|chris676|brock|1392
|player|p2|alalu|2|1410
|gen|9
|tier|[Gen 9] OU
|rated|
|rule|HP Percentage Mod: HP is shown in percentages
|rule|Endless Battle Clause: Forcing endless battles is banned
|rule|Species Clause: Limit one of each Pokémon
|rule|OHKO Clause: OHKO moves are banned
|rule|Evasion Items Clause: Evasion items are banned
|rule|Evasion Moves Clause: Evasion moves are banned
|rule|Evasion Abilities Clause: Evasion abilities are banned
|rule|Sleep Moves Clause: Sleep-inducing moves are banned
|clearpoke
|poke|p1|Zapdos|
|poke|p1|Ogerpon-Cornerstone, F|
|poke|p1|Scizor, F|
|poke|p1|Heatran, F|
|poke|p1|Primarina, F|
|poke|p1|Zarude-Dada|
|poke|p2|Quaquaval, M|
|poke|p2|Ting-Lu|
|poke|p2|Scizor, M|
|poke|p2|Raging Bolt|
|poke|p2|Weezing-Galar, F|
|poke|p2|Ceruledge, M|
|teampreview
|c|☆chris676|glhf
|inactive|Battle timer is ON: inactive players will automatically lose when time's up. (requested by alalu)
|
|t:|1779909716
|teamsize|p1|6
|teamsize|p2|6
|start
|switch|p1a: Zarude|Zarude-Dada|100/100
|switch|p2a: Weezing|Weezing-Galar, F, shiny|100/100
|turn|1
|
|t:|1779909725
|move|p1a: Zarude|Knock Off|p2a: Weezing
|-resisted|p2a: Weezing
|-damage|p2a: Weezing|83/100
|-enditem|p2a: Weezing|Leftovers|[from] move: Knock Off|[of] p1a: Zarude
|move|p2a: Weezing|Flamethrower|p1a: Zarude
|-supereffective|p1a: Zarude
|-damage|p1a: Zarude|69/100
|
|upkeep
|turn|2
|
|t:|1779909735
|switch|p1a: Heatran|Heatran, F|100/100
|move|p2a: Weezing|Strange Steam|p1a: Heatran
|-resisted|p1a: Heatran
|-damage|p1a: Heatran|96/100
|
|-heal|p1a: Heatran|100/100|[from] item: Leftovers
|upkeep
|turn|3
|
|t:|1779909755
|switch|p2a: Ting-Lu|Ting-Lu, shiny|100/100
|-ability|p2a: Ting-Lu|Vessel of Ruin
|move|p1a: Heatran|Stealth Rock|p2a: Ting-Lu
|-sidestart|p2: alalu|move: Stealth Rock
|
|upkeep
|turn|4
|
|t:|1779909769
|switch|p1a: Zarude|Zarude-Dada|69/100
|move|p2a: Ting-Lu|Stealth Rock|p1a: Zarude
|-sidestart|p1: chris676|move: Stealth Rock
|
|upkeep
|turn|5
|
|t:|1779909780
|switch|p2a: Weezing|Weezing-Galar, F, shiny|83/100
|-damage|p2a: Weezing|71/100|[from] Stealth Rock
|move|p1a: Zarude|U-turn|p2a: Weezing
|-resisted|p2a: Weezing
|-damage|p2a: Weezing|67/100
|
|t:|1779909789
|switch|p1a: Heatran|Heatran, F|100/100|[from] U-turn
|-damage|p1a: Heatran|88/100|[from] Stealth Rock
|
|-heal|p1a: Heatran|94/100|[from] item: Leftovers
|upkeep
|turn|6
|
|t:|1779909798
|switch|p2a: Ting-Lu|Ting-Lu, shiny|100/100
|-damage|p2a: Ting-Lu|94/100|[from] Stealth Rock
|-ability|p2a: Ting-Lu|Vessel of Ruin
|move|p1a: Heatran|Magma Storm|p2a: Ting-Lu
|-damage|p2a: Ting-Lu|73/100
|-activate|p2a: Ting-Lu|move: Magma Storm|[of] p1a: Heatran
|
|-heal|p1a: Heatran|100/100|[from] item: Leftovers
|-heal|p2a: Ting-Lu|79/100|[from] item: Leftovers
|-damage|p2a: Ting-Lu|67/100|[from] move: Magma Storm|[partiallytrapped]
|upkeep
|turn|7
|
|t:|1779909813
|-terastallize|p1a: Heatran|Grass
|move|p1a: Heatran|Magma Storm|p2a: Ting-Lu
|-damage|p2a: Ting-Lu|49/100
|move|p2a: Ting-Lu|Whirlwind|p1a: Heatran
|drag|p1a: Zapdos|Zapdos|100/100
|
|-heal|p2a: Ting-Lu|55/100|[from] item: Leftovers
|-end|p2a: Ting-Lu|Magma Storm|[partiallytrapped]|[silent]
|upkeep
|turn|8
|
|t:|1779909823
|move|p1a: Zapdos|Hurricane|p2a: Ting-Lu
|-damage|p2a: Ting-Lu|29/100
|move|p2a: Ting-Lu|Spikes|p1a: Zapdos
|-sidestart|p1: chris676|Spikes
|
|-heal|p2a: Ting-Lu|36/100|[from] item: Leftovers
|upkeep
|turn|9
|l|☆alalu
|inactive|alalu disconnected and has a minute to reconnect!
|player|p2|
|inactive|alalu has 30 seconds to reconnect!
|j|☆alalu
|inactive|alalu reconnected and has 105 seconds left.
|player|p2|alalu|2|
|inactive|alalu has 90 seconds left.
|c|☆alalu|Gl sorry i am on f phone
|
|t:|1779909889
|move|p1a: Zapdos|Hurricane|p2a: Ting-Lu|[miss]
|-miss|p1a: Zapdos|p2a: Ting-Lu
|move|p2a: Ting-Lu|Whirlwind|p1a: Zapdos
|drag|p1a: Scizor|Scizor, F|100/100
|-damage|p1a: Scizor|88/100|[from] Stealth Rock
|-damage|p1a: Scizor|75/100|[from] Spikes
|
|-heal|p2a: Ting-Lu|42/100|[from] item: Leftovers
|upkeep
|turn|10
|inactive|alalu has 90 seconds left.
|c|☆chris676|ah gtocha no worries
|
|t:|1779909912
|move|p1a: Scizor|Close Combat|p2a: Ting-Lu
|-supereffective|p2a: Ting-Lu
|-damage|p2a: Ting-Lu|0 fnt
|-unboost|p1a: Scizor|def|1
|-unboost|p1a: Scizor|spd|1
|faint|p2a: Ting-Lu
|-damage|p1a: Scizor|66/100|[from] item: Life Orb
|
|upkeep
|
|t:|1779909919
|switch|p2a: Quaquaval|Quaquaval, M, shiny|100/100
|turn|11
|
|t:|1779909930
|switch|p1a: Zapdos|Zapdos|100/100
|move|p2a: Quaquaval|Rapid Spin|p1a: Zapdos
|-damage|p1a: Zapdos|85/100
|-boost|p2a: Quaquaval|spe|1
|-sideend|p2: alalu|Stealth Rock|[from] move: Rapid Spin|[of] p2a: Quaquaval
|
|upkeep
|turn|12
|
|t:|1779909940
|switch|p2a: Ragie|Raging Bolt|100/100
|-enditem|p2a: Ragie|Booster Energy
|-activate|p2a: Ragie|ability: Protosynthesis|[fromitem]
|-start|p2a: Ragie|protosynthesisspa
|move|p1a: Zapdos|Discharge|p2a: Ragie
|-resisted|p2a: Ragie
|-crit|p2a: Ragie
|-damage|p2a: Ragie|88/100
|
|upkeep
|turn|13
|
|t:|1779909958
|switch|p1a: Scizor|Scizor, F|66/100
|-damage|p1a: Scizor|53/100|[from] Stealth Rock
|-damage|p1a: Scizor|41/100|[from] Spikes
|move|p2a: Ragie|Thunderbolt|p1a: Scizor
|-damage|p1a: Scizor|0 fnt
|faint|p1a: Scizor
|
|upkeep
|
|t:|1779909974
|switch|p1a: Heatran|Heatran, F, tera:Grass|100/100
|-damage|p1a: Heatran|88/100|[from] Stealth Rock
|-damage|p1a: Heatran|76/100|[from] Spikes
|turn|14
|
|t:|1779909988
|move|p1a: Heatran|Earth Power|p2a: Ragie
|-supereffective|p2a: Ragie
|-damage|p2a: Ragie|44/100
|move|p2a: Ragie|Draco Meteor|p1a: Heatran
|-damage|p1a: Heatran|7/100
|-unboost|p2a: Ragie|spa|2
|
|-heal|p1a: Heatran|13/100|[from] item: Leftovers
|upkeep
|turn|15
|l|☆alalu
|inactive|alalu disconnected and has a minute to reconnect!
|player|p2|
|j|☆alalu
|inactive|alalu reconnected and has 90 seconds left.
|player|p2|alalu|2|
|
|t:|1779910019
|move|p2a: Ragie|Thunderclap||[still]
|-fail|p2a: Ragie
|move|p1a: Heatran|Stealth Rock|p2a: Ragie
|-sidestart|p2: alalu|move: Stealth Rock
|
|-heal|p1a: Heatran|19/100|[from] item: Leftovers
|upkeep
|turn|16
|inactive|alalu has 90 seconds left.
|
|t:|1779910033
|move|p1a: Heatran|Protect|p1a: Heatran
|-singleturn|p1a: Heatran|Protect
|move|p2a: Ragie|Draco Meteor|p1a: Heatran
|-activate|p1a: Heatran|move: Protect
|
|-heal|p1a: Heatran|26/100|[from] item: Leftovers
|upkeep
|turn|17
|inactive|alalu has 90 seconds left.
|
|t:|1779910045
|move|p1a: Heatran|Earth Power|p2a: Ragie
|-supereffective|p2a: Ragie
|-damage|p2a: Ragie|0 fnt
|faint|p2a: Ragie
|-end|p2a: Ragie|Protosynthesis|[silent]
|
|-heal|p1a: Heatran|32/100|[from] item: Leftovers
|upkeep
|
|t:|1779910047
|switch|p2a: Quaquaval|Quaquaval, M, shiny|100/100
|turn|18
|
|t:|1779910071
|switch|p1a: Zapdos|Zapdos|85/100
|move|p2a: Quaquaval|Rapid Spin|p1a: Zapdos
|-crit|p1a: Zapdos
|-damage|p1a: Zapdos|61/100
|-boost|p2a: Quaquaval|spe|1
|-sideend|p2: alalu|Stealth Rock|[from] move: Rapid Spin|[of] p2a: Quaquaval
|
|upkeep
|turn|19
|l|☆alalu
|inactive|alalu disconnected and has a minute to reconnect!
|player|p2|
|j|☆alalu
|inactive|alalu reconnected and has 105 seconds left.
|player|p2|alalu|2|
|inactive|alalu has 90 seconds left.
|
|t:|1779910096
|switch|p2a: Weezing|Weezing-Galar, F, shiny|67/100
|move|p1a: Zapdos|Roost|p1a: Zapdos
|-heal|p1a: Zapdos|100/100
|-singleturn|p1a: Zapdos|move: Roost
|
|upkeep
|turn|20
|
|t:|1779910109
|move|p1a: Zapdos|Discharge|p2a: Weezing
|-damage|p2a: Weezing|8/100
|move|p2a: Weezing|Toxic|p1a: Zapdos
|-status|p1a: Zapdos|tox
|
|-damage|p1a: Zapdos|94/100 tox|[from] psn
|upkeep
|turn|21
|
|t:|1779910121
|move|p1a: Zapdos|Discharge|p2a: Weezing
|-damage|p2a: Weezing|0 fnt
|faint|p2a: Weezing
|
|-damage|p1a: Zapdos|82/100 tox|[from] psn
|upkeep
|inactive|alalu has 90 seconds left.
|
|t:|1779910136
|switch|p2a: Ceruledge|Ceruledge, M, shiny|100/100
|-item|p2a: Ceruledge|Air Balloon
|turn|22
|
|t:|1779910145
|move|p2a: Ceruledge|Swords Dance|p2a: Ceruledge
|-boost|p2a: Ceruledge|atk|2
|move|p1a: Zapdos|Discharge|p2a: Ceruledge
|-crit|p2a: Ceruledge
|-damage|p2a: Ceruledge|20/100
|-status|p2a: Ceruledge|par
|-enditem|p2a: Ceruledge|Air Balloon
|
|-damage|p1a: Zapdos|64/100 tox|[from] psn
|upkeep
|turn|23
|
|t:|1779910160
|switch|p1a: Zarude|Zarude-Dada|69/100
|-damage|p1a: Zarude|56/100|[from] Stealth Rock
|-damage|p1a: Zarude|44/100|[from] Spikes
|move|p2a: Ceruledge|Bitter Blade|p1a: Zarude
|-supereffective|p1a: Zarude
|-damage|p1a: Zarude|0 fnt
|-heal|p2a: Ceruledge|49/100 par|[from] drain|[of] p1a: Zarude
|faint|p1a: Zarude
|
|upkeep
|
|t:|1779910173
|switch|p1a: Ogerpon|Ogerpon-Cornerstone, F|100/100
|-damage|p1a: Ogerpon|88/100|[from] Stealth Rock
|-damage|p1a: Ogerpon|76/100|[from] Spikes
|turn|24
|
|t:|1779910186
|move|p1a: Ogerpon|Ivy Cudgel|p2a: Ceruledge|[anim] Ivy Cudgel Rock
|-supereffective|p2a: Ceruledge
|-damage|p2a: Ceruledge|0 fnt
|faint|p2a: Ceruledge
|
|upkeep
|
|t:|1779910191
|switch|p2a: Scizor|Scizor, M, shiny|100/100
|turn|25
|
|t:|1779910203
|move|p1a: Ogerpon|Ivy Cudgel|p2a: Scizor|[anim] Ivy Cudgel Rock
|-damage|p2a: Scizor|43/100
|move|p2a: Scizor|Swords Dance|p2a: Scizor
|-boost|p2a: Scizor|atk|2
|
|upkeep
|turn|26
|inactive|alalu has 120 seconds left.
|
|t:|1779910212
|move|p2a: Scizor|Bullet Punch|p1a: Ogerpon
|-supereffective|p1a: Ogerpon
|-damage|p1a: Ogerpon|0 fnt
|faint|p1a: Ogerpon
|
|upkeep
|
|t:|1779910215
|switch|p1a: Zapdos|Zapdos|64/100 tox
|turn|27
|
|t:|1779910226
|-terastallize|p2a: Scizor|Steel
|move|p2a: Scizor|Bullet Punch|p1a: Zapdos
|-resisted|p1a: Zapdos
|-damage|p1a: Zapdos|15/100 tox
|move|p1a: Zapdos|Hurricane|p2a: Scizor|[miss]
|-miss|p1a: Zapdos|p2a: Scizor
|
|-damage|p1a: Zapdos|9/100 tox|[from] psn
|upkeep
|turn|28
|
|t:|1779910237
|move|p2a: Scizor|Bullet Punch|p1a: Zapdos
|-resisted|p1a: Zapdos
|-damage|p1a: Zapdos|0 fnt
|-status|p2a: Scizor|par|[from] ability: Static|[of] p1a: Zapdos
|faint|p1a: Zapdos
|
|upkeep
|
|t:|1779910243
|switch|p1a: Primarina|Primarina, F|100/100
|-damage|p1a: Primarina|88/100|[from] Stealth Rock
|-damage|p1a: Primarina|76/100|[from] Spikes
|turn|29
|
|t:|1779910250
|move|p2a: Scizor|Bullet Punch|p1a: Primarina
|-damage|p1a: Primarina|0 fnt
|faint|p1a: Primarina
|
|upkeep
|c|☆chris676|gg
|
|t:|1779910256
|switch|p1a: Heatran|Heatran, F, tera:Grass|32/100
|-damage|p1a: Heatran|19/100|[from] Stealth Rock
|-damage|p1a: Heatran|7/100|[from] Spikes
|turn|30
|c|☆alalu|G
|
|t:|1779910266
|cant|p2a: Scizor|par
|move|p1a: Heatran|Earth Power|p2a: Scizor
|-supereffective|p2a: Scizor
|-damage|p2a: Scizor|0 fnt
|faint|p2a: Scizor
|
|-heal|p1a: Heatran|13/100|[from] item: Leftovers
|upkeep
|
|t:|1779910268
|switch|p2a: Quaquaval|Quaquaval, M, shiny|100/100
|turn|31
|
|t:|1779910271
|move|p1a: Heatran|Protect|p1a: Heatran
|-singleturn|p1a: Heatran|Protect
|move|p2a: Quaquaval|Ice Spinner|p1a: Heatran
|-activate|p1a: Heatran|move: Protect
|
|-heal|p1a: Heatran|19/100|[from] item: Leftovers
|upkeep
|turn|32
|
|t:|1779910275
|move|p2a: Quaquaval|Ice Spinner|p1a: Heatran
|-supereffective|p1a: Heatran
|-damage|p1a: Heatran|0 fnt
|faint|p1a: Heatran
|
|win|alalu
|raw|chris676's rating: 1392 &rarr; <strong>1373</strong><br />(-19 for losing)
|raw|alalu's rating: 1410 &rarr; <strong>1429</strong><br />(+19 for winning)
|l|☆alalu
|player|p2|
|l|☆chris676
|player|p1|
