|j|☆thebodyswapper
|j|☆Comeslayer
|t:|1779893295
|gametype|singles
|player|p1|thebodyswapper|pokemonbreederf-gen4|1130
|player|p2|Comeslayer|101|1096
|gen|9
|tier|[Gen 9] OU
|rated|
|rule|HP Percentage Mod: HP is shown in percentages
|rule|Endless Battle Clause: Forcing endless battles is banned
|rule|Species Clause: Limit one of each Pokémon
|rule|OHKO Clause: OHKO moves are banned
|rule|Evasion Items Clause: Evasion items are banned
|rule|Evasion Moves Clause: Evasion moves are banned
|rule|Evasion Abilities Clause: Evasion abilities are banned
|rule|Sleep Moves Clause: Sleep-inducing moves are banned
|clearpoke
|poke|p1|Mew|
|poke|p1|Ditto|
|poke|p1|Hoopa-Unbound|
|poke|p1|Rotom-Wash|
|poke|p1|Blissey, F|
|poke|p1|Iron Valiant|
|poke|p2|Gyarados, F|
|poke|p2|Ceruledge, F|
|poke|p2|Lucario, M|
|poke|p2|Regieleki|
|poke|p2|Appletun, M|
|poke|p2|Primarina, F|
|teampreview
|inactive|Battle timer is ON: inactive players will automatically lose when time's up. (requested by Comeslayer)
|l|☆Comeslayer
|inactive|Comeslayer disconnected and has a minute to reconnect!
|player|p2|
|j|☆Comeslayer
|inactive|Comeslayer reconnected and has 140 seconds left.
|player|p2|Comeslayer|101|
|l|☆Comeslayer
|inactive|Comeslayer disconnected and has a minute to reconnect!
|player|p2|
|j|☆Comeslayer
|inactive|Comeslayer reconnected and has 130 seconds left.
|player|p2|Comeslayer|101|
|inactive|Comeslayer has 120 seconds left.
|
|t:|1779893329
|teamsize|p1|6
|teamsize|p2|6
|start
|switch|p1a: Rotom|Rotom-Wash|100/100
|switch|p2a: Ceruledge|Ceruledge, F|100/100
|turn|1
|
|t:|1779893340
|move|p1a: Rotom|Trick|p2a: Ceruledge
|-activate|p1a: Rotom|move: Trick|[of] p2a: Ceruledge
|-item|p2a: Ceruledge|Choice Scarf|[from] move: Trick
|-item|p1a: Rotom|Focus Sash|[from] move: Trick
|move|p2a: Ceruledge|Swords Dance|p2a: Ceruledge
|-boost|p2a: Ceruledge|atk|2
|
|upkeep
|turn|2
|
|t:|1779893350
|switch|p2a: Appletun|Appletun, M|100/100
|move|p1a: Rotom|Hydro Pump|p2a: Appletun|[miss]
|-miss|p1a: Rotom|p2a: Appletun
|
|upkeep
|turn|3
|
|t:|1779893357
|move|p1a: Rotom|Will-O-Wisp|p2a: Appletun
|-status|p2a: Appletun|brn
|move|p2a: Appletun|Leech Seed|p1a: Rotom
|-start|p1a: Rotom|move: Leech Seed
|
|-damage|p1a: Rotom|88/100|[from] Leech Seed|[of] p2a: Appletun
|-damage|p2a: Appletun|94/100 brn|[from] brn
|upkeep
|turn|4
|
|t:|1779893367
|switch|p1a: Ditto|Ditto|100/100
|-transform|p1a: Ditto|p2a: Appletun|[from] ability: Imposter
|move|p2a: Appletun|Apple Acid|p1a: Ditto
|-resisted|p1a: Ditto
|-damage|p1a: Ditto|94/100
|-unboost|p1a: Ditto|spd|1
|
|-heal|p2a: Appletun|100/100 brn|[from] item: Leftovers
|-damage|p2a: Appletun|94/100 brn|[from] brn
|upkeep
|turn|5
|
|t:|1779893384
|move|p1a: Ditto|Leech Seed|p2a: Appletun
|-immune|p2a: Appletun
|move|p2a: Appletun|Apple Acid|p1a: Ditto
|-resisted|p1a: Ditto
|-damage|p1a: Ditto|84/100
|-unboost|p1a: Ditto|spd|1
|
|-heal|p2a: Appletun|100/100 brn|[from] item: Leftovers
|-damage|p2a: Appletun|94/100 brn|[from] brn
|upkeep
|turn|6
|
|t:|1779893395
|switch|p1a: Blissey|Blissey, F|100/100
|move|p2a: Appletun|Apple Acid|p1a: Blissey
|-damage|p1a: Blissey|89/100
|-unboost|p1a: Blissey|spd|1
|
|-heal|p2a: Appletun|100/100 brn|[from] item: Leftovers
|-damage|p2a: Appletun|94/100 brn|[from] brn
|-damage|p1a: Blissey|77/100|[from] item: Sticky Barb
|upkeep
|turn|7
|
|t:|1779893406
|move|p1a: Blissey|Trick|p2a: Appletun
|-activate|p1a: Blissey|move: Trick|[of] p2a: Appletun
|-item|p2a: Appletun|Sticky Barb|[from] move: Trick
|-item|p1a: Blissey|Leftovers|[from] move: Trick
|move|p2a: Appletun|Leech Seed|p1a: Blissey
|-start|p1a: Blissey|move: Leech Seed
|
|-heal|p1a: Blissey|83/100|[from] item: Leftovers
|-damage|p1a: Blissey|71/100|[from] Leech Seed|[of] p2a: Appletun
|-heal|p2a: Appletun|100/100 brn|[silent]
|-damage|p2a: Appletun|94/100 brn|[from] brn
|-damage|p2a: Appletun|82/100 brn|[from] item: Sticky Barb
|upkeep
|turn|8
|
|t:|1779893423
|move|p1a: Blissey|Soft-Boiled|p1a: Blissey
|-heal|p1a: Blissey|100/100
|move|p2a: Appletun|Recover|p2a: Appletun
|-heal|p2a: Appletun|100/100 brn
|
|-damage|p1a: Blissey|88/100|[from] Leech Seed|[of] p2a: Appletun
|-damage|p2a: Appletun|94/100 brn|[from] brn
|-damage|p2a: Appletun|82/100 brn|[from] item: Sticky Barb
|upkeep
|turn|9
|
|t:|1779893433
|switch|p1a: Ditto|Ditto|84/100
|-transform|p1a: Ditto|p2a: Appletun|[from] ability: Imposter
|move|p2a: Appletun|Apple Acid|p1a: Ditto
|-resisted|p1a: Ditto
|-damage|p1a: Ditto|77/100
|-unboost|p1a: Ditto|spd|1
|
|-damage|p2a: Appletun|76/100 brn|[from] brn
|-damage|p2a: Appletun|63/100 brn|[from] item: Sticky Barb
|upkeep
|turn|10
|
|t:|1779893446
|switch|p2a: Ceruledge|Ceruledge, F|100/100
|move|p1a: Ditto|Apple Acid|p2a: Ceruledge
|-resisted|p2a: Ceruledge
|-damage|p2a: Ceruledge|83/100
|-unboost|p2a: Ceruledge|spd|1
|
|upkeep
|turn|11
|
|t:|1779893455
|switch|p1a: Rotom|Rotom-Wash|88/100
|move|p2a: Ceruledge|Bitter Blade|p1a: Rotom
|-resisted|p1a: Rotom
|-damage|p1a: Rotom|64/100
|-heal|p2a: Ceruledge|95/100|[from] drain|[of] p1a: Rotom
|
|upkeep
|turn|12
|
|t:|1779893463
|switch|p2a: Appletun|Appletun, M|63/100 brn
|move|p1a: Rotom|Volt Switch|p2a: Appletun
|-resisted|p2a: Appletun
|-damage|p2a: Appletun|59/100 brn
|
|t:|1779893468
|switch|p1a: Ditto|Ditto|77/100|[from] Volt Switch
|-transform|p1a: Ditto|p2a: Appletun|[from] ability: Imposter
|
|-damage|p2a: Appletun|53/100 brn|[from] brn
|-damage|p2a: Appletun|40/100 brn|[from] item: Sticky Barb
|upkeep
|turn|13
|
|t:|1779893477
|move|p1a: Ditto|Apple Acid|p2a: Appletun
|-resisted|p2a: Appletun
|-damage|p2a: Appletun|36/100 brn
|-unboost|p2a: Appletun|spd|1
|move|p2a: Appletun|Recover|p2a: Appletun
|-heal|p2a: Appletun|86/100 brn
|
|-damage|p2a: Appletun|80/100 brn|[from] brn
|-damage|p2a: Appletun|67/100 brn|[from] item: Sticky Barb
|upkeep
|turn|14
|
|t:|1779893489
|switch|p2a: Regieleki|Regieleki|100/100
|-item|p2a: Regieleki|Air Balloon
|move|p1a: Ditto|Apple Acid|p2a: Regieleki
|-damage|p2a: Regieleki|44/100
|-unboost|p2a: Regieleki|spd|1
|-enditem|p2a: Regieleki|Air Balloon
|
|upkeep
|turn|15
|
|t:|1779893499
|move|p2a: Regieleki|Thunder Cage|p1a: Ditto|[miss]
|-miss|p2a: Regieleki|p1a: Ditto
|move|p1a: Ditto|Apple Acid|p2a: Regieleki
|-damage|p2a: Regieleki|0 fnt
|faint|p2a: Regieleki
|
|upkeep
|
|t:|1779893507
|switch|p2a: Primarina|Primarina, F|100/100
|turn|16
|
|t:|1779893514
|move|p2a: Primarina|Alluring Voice|p1a: Ditto
|-supereffective|p1a: Ditto
|-damage|p1a: Ditto|0 fnt
|faint|p1a: Ditto
|
|upkeep
|
|t:|1779893521
|switch|p1a: Rotom|Rotom-Wash|64/100
|turn|17
|l|☆Comeslayer
|inactive|Comeslayer disconnected and has a minute to reconnect!
|player|p2|
|j|☆Comeslayer
|inactive|Comeslayer reconnected and has 120 seconds left.
|player|p2|Comeslayer|101|
|
|t:|1779893563
|move|p1a: Rotom|Volt Switch|p2a: Primarina
|-supereffective|p2a: Primarina
|-damage|p2a: Primarina|59/100
|
|t:|1779893567
|switch|p1a: Blissey|Blissey, F|88/100|[from] Volt Switch
|move|p2a: Primarina|Alluring Voice|p1a: Blissey
|-damage|p1a: Blissey|71/100
|
|-heal|p1a: Blissey|77/100|[from] item: Leftovers
|upkeep
|turn|18
|inactive|Comeslayer has 120 seconds left.
|
|t:|1779893583
|switch|p2a: Appletun|Appletun, M|67/100 brn
|move|p1a: Blissey|Thunder Wave||[still]
|-fail|p1a: Blissey
|
|-heal|p1a: Blissey|83/100|[from] item: Leftovers
|-damage|p2a: Appletun|61/100 brn|[from] brn
|-damage|p2a: Appletun|49/100 brn|[from] item: Sticky Barb
|upkeep
|turn|19
|inactive|Comeslayer has 120 seconds left.
|
|t:|1779893594
|move|p1a: Blissey|Seismic Toss|p2a: Appletun
|-damage|p2a: Appletun|25/100 brn
|move|p2a: Appletun|Leech Seed|p1a: Blissey
|-start|p1a: Blissey|move: Leech Seed
|
|-heal|p1a: Blissey|89/100|[from] item: Leftovers
|-damage|p1a: Blissey|77/100|[from] Leech Seed|[of] p2a: Appletun
|-heal|p2a: Appletun|46/100 brn|[silent]
|-damage|p2a: Appletun|40/100 brn|[from] brn
|-damage|p2a: Appletun|27/100 brn|[from] item: Sticky Barb
|upkeep
|turn|20
|inactive|Comeslayer has 120 seconds left.
|
|t:|1779893605
|move|p1a: Blissey|Seismic Toss|p2a: Appletun
|-damage|p2a: Appletun|4/100 brn
|move|p2a: Appletun|Recover|p2a: Appletun
|-heal|p2a: Appletun|54/100 brn
|
|-heal|p1a: Blissey|83/100|[from] item: Leftovers
|-damage|p1a: Blissey|71/100|[from] Leech Seed|[of] p2a: Appletun
|-heal|p2a: Appletun|75/100 brn|[silent]
|-damage|p2a: Appletun|69/100 brn|[from] brn
|-damage|p2a: Appletun|56/100 brn|[from] item: Sticky Barb
|upkeep
|turn|21
|inactive|Comeslayer has 120 seconds left.
|
|t:|1779893618
|switch|p1a: Hoopa|Hoopa-Unbound|100/100
|move|p2a: Appletun|Recover|p2a: Appletun
|-heal|p2a: Appletun|100/100 brn
|
|-damage|p2a: Appletun|94/100 brn|[from] brn
|-damage|p2a: Appletun|82/100 brn|[from] item: Sticky Barb
|upkeep
|turn|22
|inactive|Comeslayer has 120 seconds left.
|
|t:|1779893628
|move|p1a: Hoopa|Psychic Noise|p2a: Appletun
|-damage|p2a: Appletun|35/100 brn
|-start|p2a: Appletun|move: Heal Block
|move|p2a: Appletun|Leech Seed|p1a: Hoopa
|-start|p1a: Hoopa|move: Leech Seed
|
|-damage|p1a: Hoopa|88/100|[from] Leech Seed|[of] p2a: Appletun
|-damage|p2a: Appletun|29/100 brn|[from] brn
|-damage|p2a: Appletun|17/100 brn|[from] item: Sticky Barb
|upkeep
|turn|23
|inactive|Comeslayer has 120 seconds left.
|
|t:|1779893640
|move|p1a: Hoopa|Psychic Noise|p2a: Appletun
|-damage|p2a: Appletun|0 fnt
|faint|p2a: Appletun
|
|upkeep
|inactive|Comeslayer has 120 seconds left.
|
|t:|1779893646
|switch|p2a: Ceruledge|Ceruledge, F|95/100
|turn|24
|
|t:|1779893652
|switch|p2a: Lucario|Lucario, M|100/100
|move|p1a: Hoopa|Psychic Noise|p2a: Lucario
|-crit|p2a: Lucario
|-damage|p2a: Lucario|0 fnt
|faint|p2a: Lucario
|
|upkeep
|
|t:|1779893662
|switch|p2a: Ceruledge|Ceruledge, F|95/100
|turn|25
|
|t:|1779893665
|move|p2a: Ceruledge|Bitter Blade|p1a: Hoopa
|-damage|p1a: Hoopa|7/100
|-heal|p2a: Ceruledge|100/100|[from] drain|[of] p1a: Hoopa
|move|p1a: Hoopa|Psychic Noise|p2a: Ceruledge
|-damage|p2a: Ceruledge|19/100
|-start|p2a: Ceruledge|move: Heal Block
|
|-damage|p1a: Hoopa|0 fnt|[from] Leech Seed|[of] p2a: Ceruledge
|faint|p1a: Hoopa
|upkeep
|
|t:|1779893678
|switch|p1a: Rotom|Rotom-Wash|64/100
|turn|26
|
|t:|1779893687
|switch|p2a: Primarina|Primarina, F|59/100
|move|p1a: Rotom|Volt Switch|p2a: Primarina
|-supereffective|p2a: Primarina
|-damage|p2a: Primarina|18/100
|
|t:|1779893693
|switch|p1a: Blissey|Blissey, F|71/100|[from] Volt Switch
|
|-heal|p1a: Blissey|77/100|[from] item: Leftovers
|upkeep
|turn|27
|
|t:|1779893708
|move|p2a: Primarina|Alluring Voice|p1a: Blissey
|-damage|p1a: Blissey|59/100
|move|p1a: Blissey|Thunder Wave|p2a: Primarina|[miss]
|-miss|p1a: Blissey|p2a: Primarina
|
|-heal|p1a: Blissey|65/100|[from] item: Leftovers
|upkeep
|turn|28
|
|t:|1779893717
|move|p2a: Primarina|Sparkling Aria|p1a: Blissey
|-damage|p1a: Blissey|36/100
|move|p1a: Blissey|Seismic Toss|p2a: Primarina
|-damage|p2a: Primarina|0 fnt
|faint|p2a: Primarina
|
|-heal|p1a: Blissey|42/100|[from] item: Leftovers
|upkeep
|
|t:|1779893727
|switch|p2a: Ceruledge|Ceruledge, F|19/100
|turn|29
|
|t:|1779893733
|move|p2a: Ceruledge|Bitter Blade|p1a: Blissey
|-damage|p1a: Blissey|6/100
|-heal|p2a: Ceruledge|64/100|[from] drain|[of] p1a: Blissey
|move|p1a: Blissey|Thunder Wave|p2a: Ceruledge
|-status|p2a: Ceruledge|par
|
|-heal|p1a: Blissey|12/100|[from] item: Leftovers
|upkeep
|turn|30
|
|t:|1779893743
|move|p2a: Ceruledge|Bitter Blade|p1a: Blissey
|-crit|p1a: Blissey
|-damage|p1a: Blissey|0 fnt
|-heal|p2a: Ceruledge|78/100 par|[from] drain|[of] p1a: Blissey
|faint|p1a: Blissey
|
|upkeep
|
|t:|1779893749
|switch|p1a: Rotom|Rotom-Wash|64/100
|turn|31
|
|t:|1779893754
|move|p1a: Rotom|Volt Switch|p2a: Ceruledge
|-damage|p2a: Ceruledge|49/100 par
|
|t:|1779893758
|switch|p1a: Mew|Mew|100/100|[from] Volt Switch
|move|p2a: Ceruledge|Bitter Blade|p1a: Mew
|-damage|p1a: Mew|59/100
|-heal|p2a: Ceruledge|78/100 par|[from] drain|[of] p1a: Mew
|
|upkeep
|turn|32
|
|t:|1779893775
|move|p1a: Mew|Life Dew|p1a: Mew
|-heal|p1a: Mew|84/100
|move|p2a: Ceruledge|Bitter Blade|p1a: Mew
|-damage|p1a: Mew|44/100
|-heal|p2a: Ceruledge|100/100 par|[from] drain|[of] p1a: Mew
|
|upkeep
|turn|33
|
|t:|1779893783
|move|p1a: Mew|Life Dew|p1a: Mew
|-heal|p1a: Mew|69/100
|move|p2a: Ceruledge|Bitter Blade|p1a: Mew
|-damage|p1a: Mew|29/100
|
|upkeep
|turn|34
|l|☆Comeslayer
|inactive|Comeslayer disconnected and has a minute to reconnect!
|player|p2|
|j|☆Comeslayer
|inactive|Comeslayer reconnected and has 115 seconds left.
|player|p2|Comeslayer|101|
|
|t:|1779893819
|move|p1a: Mew|Life Dew|p1a: Mew
|-heal|p1a: Mew|54/100
|move|p2a: Ceruledge|Bitter Blade|p1a: Mew
|-damage|p1a: Mew|14/100
|
|upkeep
|turn|35
|inactive|Comeslayer has 120 seconds left.
|
|t:|1779893825
|move|p1a: Mew|Life Dew|p1a: Mew
|-heal|p1a: Mew|39/100
|move|p2a: Ceruledge|Bitter Blade|p1a: Mew
|-damage|p1a: Mew|0 fnt
|faint|p1a: Mew
|
|upkeep
|
|t:|1779893830
|switch|p1a: Iron Valiant|Iron Valiant|100/100
|-enditem|p1a: Iron Valiant|Booster Energy
|-activate|p1a: Iron Valiant|ability: Quark Drive|[fromitem]
|-start|p1a: Iron Valiant|quarkdrivespe
|turn|36
|
|t:|1779893837
|move|p1a: Iron Valiant|Knock Off|p2a: Ceruledge
|-supereffective|p2a: Ceruledge
|-damage|p2a: Ceruledge|10/100 par
|-ability|p2a: Ceruledge|Weak Armor|boost
|-unboost|p2a: Ceruledge|def|1
|-boost|p2a: Ceruledge|spe|2
|-enditem|p2a: Ceruledge|Choice Scarf|[from] move: Knock Off|[of] p1a: Iron Valiant
|move|p2a: Ceruledge|Bitter Blade|p1a: Iron Valiant
|-damage|p1a: Iron Valiant|41/100
|-heal|p2a: Ceruledge|39/100 par|[from] drain|[of] p1a: Iron Valiant
|
|upkeep
|turn|37
|
|t:|1779893849
|cant|p2a: Ceruledge|par
|move|p1a: Iron Valiant|Knock Off|p2a: Ceruledge
|-supereffective|p2a: Ceruledge
|-damage|p2a: Ceruledge|0 fnt
|faint|p2a: Ceruledge
|
|upkeep
|
|t:|1779893856
|switch|p2a: Gyarados|Gyarados, F|100/100
|turn|38
|
|t:|1779893866
|move|p1a: Iron Valiant|Moonblast|p2a: Gyarados
|-damage|p2a: Gyarados|59/100
|-unboost|p2a: Gyarados|spa|1
|move|p2a: Gyarados|Earthquake|p1a: Iron Valiant
|-damage|p1a: Iron Valiant|0 fnt
|faint|p1a: Iron Valiant
|-end|p1a: Iron Valiant|Quark Drive|[silent]
|-ability|p2a: Gyarados|Moxie|boost
|-boost|p2a: Gyarados|atk|1
|
|-heal|p2a: Gyarados|65/100|[from] item: Leftovers
|upkeep
|
|t:|1779893872
|switch|p1a: Rotom|Rotom-Wash|64/100
|turn|39
|
|t:|1779893880
|-terastallize|p2a: Gyarados|Water
|move|p1a: Rotom|Volt Switch|p2a: Gyarados
|-supereffective|p2a: Gyarados
|-damage|p2a: Gyarados|8/100
|move|p2a: Gyarados|Earthquake|p1a: Rotom
|-immune|p1a: Rotom|[from] ability: Levitate
|
|-heal|p2a: Gyarados|14/100|[from] item: Leftovers
|upkeep
|turn|40
|
|t:|1779893892
|move|p1a: Rotom|Volt Switch|p2a: Gyarados
|-supereffective|p2a: Gyarados
|-damage|p2a: Gyarados|0 fnt
|faint|p2a: Gyarados
|
|win|thebodyswapper
|raw|thebodyswapper's rating: 1130 &rarr; <strong>1153</strong><br />(+23 for winning)
|raw|Comeslayer's rating: 1096 &rarr; <strong>1074</strong><br />(-22 for losing)
|l|☆thebodyswapper
|player|p1|
|l|☆Comeslayer
|player|p2|
