|j|☆iamverykarpy
|j|☆adil
|t:|1779889743
|gametype|singles
|player|p1|iamverykarpy|colress|1720
|player|p2|adil|102|1808
|gen|9
|tier|[Gen 9] OU
|rated|
|rule|HP Percentage Mod: HP is shown in percentages
|rule|Endless Battle Clause: Forcing endless battles is banned
|rule|Species Clause: Limit one of each Pokémon
|rule|OHKO Clause: OHKO moves are banned
|rule|Evasion Items Clause: Evasion items are banned
|rule|Evasion Moves Clause: Evasion moves are banned
|rule|Evasion Abilities Clause: Evasion abilities are banned
|rule|Sleep Moves Clause: Sleep-inducing moves are banned
|clearpoke
|poke|p1|Cetitan, F|
|poke|p1|Slowking-Galar, M|
|poke|p1|Kyurem|
|poke|p1|Rillaboom, F|
|poke|p1|Alomomola, F|
|poke|p1|Great Tusk|
|poke|p2|Kyurem|
|poke|p2|Corviknight, F|
|poke|p2|Ting-Lu|
|poke|p2|Dondozo, M|
|poke|p2|Slowking-Galar, M|
|poke|p2|Cinderace, M|
|teampreview
|inactive|Battle timer is ON: inactive players will automatically lose when time's up. (requested by iamverykarpy)
|
|t:|1779889770
|teamsize|p1|6
|teamsize|p2|6
|start
|switch|p1a: Great Tusk|Great Tusk|100/100
|switch|p2a: Cinderace|Cinderace, M|100/100
|turn|1
|
|t:|1779889776
|move|p2a: Cinderace|Will-O-Wisp|p1a: Great Tusk
|-status|p1a: Great Tusk|brn
|move|p1a: Great Tusk|Headlong Rush|p2a: Cinderace
|-supereffective|p2a: Cinderace
|-damage|p2a: Cinderace|28/100
|-unboost|p1a: Great Tusk|def|1
|-unboost|p1a: Great Tusk|spd|1
|
|-damage|p1a: Great Tusk|94/100 brn|[from] brn
|upkeep
|turn|2
|
|t:|1779889800
|move|p2a: Cinderace|U-turn|p1a: Great Tusk
|-resisted|p1a: Great Tusk
|-damage|p1a: Great Tusk|85/100 brn
|
|t:|1779889804
|switch|p2a: Kyurem|Kyurem|100/100|[from] U-turn
|-ability|p2a: Kyurem|Pressure
|move|p1a: Great Tusk|Knock Off|p2a: Kyurem
|-damage|p2a: Kyurem|86/100
|-enditem|p2a: Kyurem|Leftovers|[from] move: Knock Off|[of] p1a: Great Tusk
|
|-heal|p1a: Great Tusk|91/100 brn|[from] item: Leftovers
|-damage|p1a: Great Tusk|85/100 brn|[from] brn
|upkeep
|turn|3
|
|t:|1779889814
|-end|p1a: Great Tusk|Protosynthesis|[silent]
|switch|p1a: Cetitan|Cetitan, F, shiny|100/100
|move|p2a: Kyurem|Earth Power|p1a: Cetitan
|-damage|p1a: Cetitan|67/100
|
|upkeep
|turn|4
|
|t:|1779889817
|move|p2a: Kyurem|Earth Power|p1a: Cetitan
|-damage|p1a: Cetitan|37/100
|-enditem|p1a: Cetitan|Sitrus Berry|[eat]
|-heal|p1a: Cetitan|62/100|[from] item: Sitrus Berry
|move|p1a: Cetitan|Ice Spinner|p2a: Kyurem
|-damage|p2a: Kyurem|45/100
|
|upkeep
|turn|5
|
|t:|1779889827
|switch|p2a: Corviknight|Corviknight, F|100/100
|-ability|p2a: Corviknight|Pressure
|move|p1a: Cetitan|Ice Spinner|p2a: Corviknight
|-damage|p2a: Corviknight|76/100
|
|-heal|p2a: Corviknight|82/100|[from] item: Leftovers
|upkeep
|turn|6
|
|t:|1779889834
|switch|p1a: Great Tusk|Great Tusk|85/100 brn
|move|p2a: Corviknight|U-turn|p1a: Great Tusk
|-resisted|p1a: Great Tusk
|-damage|p1a: Great Tusk|80/100 brn
|
|t:|1779889838
|switch|p2a: Kyurem|Kyurem|45/100|[from] U-turn
|-ability|p2a: Kyurem|Pressure
|
|-heal|p1a: Great Tusk|86/100 brn|[from] item: Leftovers
|-damage|p1a: Great Tusk|80/100 brn|[from] brn
|upkeep
|turn|7
|
|t:|1779889842
|-end|p1a: Great Tusk|Protosynthesis|[silent]
|switch|p1a: Slowking|Slowking-Galar, M, shiny|100/100
|move|p2a: Kyurem|Freeze-Dry|p1a: Slowking
|-damage|p1a: Slowking|78/100
|
|upkeep
|turn|8
|
|t:|1779889847
|move|p2a: Kyurem|Earth Power|p1a: Slowking
|-supereffective|p1a: Slowking
|-damage|p1a: Slowking|45/100
|move|p1a: Slowking|Future Sight|p2a: Kyurem
|-start|p1a: Slowking|move: Future Sight
|
|upkeep
|turn|9
|
|t:|1779889852
|move|p2a: Kyurem|Earth Power|p1a: Slowking
|-supereffective|p1a: Slowking
|-damage|p1a: Slowking|10/100
|move|p1a: Slowking|Sludge Bomb|p2a: Kyurem
|-damage|p2a: Kyurem|15/100
|
|upkeep
|turn|10
|
|t:|1779889857
|move|p2a: Kyurem|Freeze-Dry|p1a: Slowking
|-damage|p1a: Slowking|0 fnt
|faint|p1a: Slowking
|
|-end|p2a: Kyurem|move: Future Sight
|-crit|p2a: Kyurem
|-damage|p2a: Kyurem|0 fnt
|faint|p2a: Kyurem
|upkeep
|
|t:|1779889865
|switch|p2a: Cinderace|Cinderace, M|28/100
|switch|p1a: Rillaboom|Rillaboom, F|100/100
|-fieldstart|move: Grassy Terrain|[from] ability: Grassy Surge|[of] p1a: Rillaboom
|turn|11
|
|t:|1779889870
|switch|p2a: Corviknight|Corviknight, F|82/100
|-ability|p2a: Corviknight|Pressure
|move|p1a: Rillaboom|Knock Off|p2a: Corviknight
|-damage|p2a: Corviknight|51/100
|-enditem|p2a: Corviknight|Leftovers|[from] move: Knock Off|[of] p1a: Rillaboom
|
|upkeep
|turn|12
|
|t:|1779889880
|switch|p1a: Alomomola|Alomomola, F|100/100
|move|p2a: Corviknight|Roost|p2a: Corviknight
|-heal|p2a: Corviknight|100/100
|-singleturn|p2a: Corviknight|move: Roost
|
|upkeep
|turn|13
|
|t:|1779889884
|move|p2a: Corviknight|U-turn|p1a: Alomomola
|-damage|p1a: Alomomola|93/100
|-damage|p2a: Corviknight|84/100|[from] item: Rocky Helmet|[of] p1a: Alomomola
|
|t:|1779889889
|switch|p2a: Ting-Lu|Ting-Lu|100/100|[from] U-turn
|-ability|p2a: Ting-Lu|Vessel of Ruin
|move|p1a: Alomomola|Wish|p1a: Alomomola
|
|-heal|p1a: Alomomola|99/100|[from] Grassy Terrain
|upkeep
|turn|14
|
|t:|1779889897
|move|p2a: Ting-Lu|Stealth Rock|p1a: Alomomola
|-sidestart|p1: iamverykarpy|move: Stealth Rock
|move|p1a: Alomomola|Flip Turn|p2a: Ting-Lu
|-supereffective|p2a: Ting-Lu
|-damage|p2a: Ting-Lu|84/100
|
|t:|1779889900
|switch|p1a: Rillaboom|Rillaboom, F|100/100|[from] Flip Turn
|-damage|p1a: Rillaboom|88/100|[from] Stealth Rock
|
|-heal|p1a: Rillaboom|100/100|[from] move: Wish|[wisher] Alomomola
|-heal|p2a: Ting-Lu|90/100|[from] Grassy Terrain
|-heal|p2a: Ting-Lu|96/100|[from] item: Leftovers
|upkeep
|turn|15
|
|t:|1779889903
|switch|p2a: Corviknight|Corviknight, F|84/100
|-ability|p2a: Corviknight|Pressure
|move|p1a: Rillaboom|U-turn|p2a: Corviknight
|-resisted|p2a: Corviknight
|-damage|p2a: Corviknight|78/100
|
|t:|1779889909
|switch|p1a: Great Tusk|Great Tusk|80/100 brn|[from] U-turn
|-damage|p1a: Great Tusk|77/100 brn|[from] Stealth Rock
|
|-heal|p1a: Great Tusk|83/100 brn|[from] Grassy Terrain
|-heal|p1a: Great Tusk|89/100 brn|[from] item: Leftovers
|-damage|p1a: Great Tusk|83/100 brn|[from] brn
|-fieldend|move: Grassy Terrain
|upkeep
|turn|16
|
|t:|1779889911
|move|p1a: Great Tusk|Rapid Spin|p2a: Corviknight
|-resisted|p2a: Corviknight
|-damage|p2a: Corviknight|76/100
|-boost|p1a: Great Tusk|spe|1
|-sideend|p1: iamverykarpy|Stealth Rock|[from] move: Rapid Spin|[of] p1a: Great Tusk
|move|p2a: Corviknight|Brave Bird|p1a: Great Tusk
|-supereffective|p1a: Great Tusk
|-damage|p1a: Great Tusk|35/100 brn
|-damage|p2a: Corviknight|60/100|[from] Recoil
|
|-heal|p1a: Great Tusk|41/100 brn|[from] item: Leftovers
|-damage|p1a: Great Tusk|35/100 brn|[from] brn
|upkeep
|turn|17
|
|t:|1779889917
|-end|p1a: Great Tusk|Protosynthesis|[silent]
|switch|p1a: Alomomola|Alomomola, F|100/100
|move|p2a: Corviknight|U-turn|p1a: Alomomola
|-damage|p1a: Alomomola|93/100
|-damage|p2a: Corviknight|44/100|[from] item: Rocky Helmet|[of] p1a: Alomomola
|
|t:|1779889920
|switch|p2a: Slowking|Slowking-Galar, M|100/100|[from] U-turn
|
|upkeep
|turn|18
|
|t:|1779889925
|move|p1a: Alomomola|Flip Turn|p2a: Slowking
|-damage|p2a: Slowking|85/100
|
|t:|1779889928
|switch|p1a: Cetitan|Cetitan, F, shiny|62/100|[from] Flip Turn
|move|p2a: Slowking|Toxic|p1a: Cetitan
|-status|p1a: Cetitan|tox
|
|-damage|p1a: Cetitan|56/100 tox|[from] psn
|upkeep
|turn|19
|
|t:|1779889937
|switch|p2a: Dondozo|Dondozo, M|100/100
|move|p1a: Cetitan|Ice Spinner|p2a: Dondozo
|-resisted|p2a: Dondozo
|-damage|p2a: Dondozo|89/100
|
|-heal|p2a: Dondozo|95/100|[from] item: Leftovers
|-damage|p1a: Cetitan|44/100 tox|[from] psn
|upkeep
|turn|20
|
|t:|1779889947
|switch|p1a: Kyurem|Kyurem, shiny|100/100
|-ability|p1a: Kyurem|Pressure
|switch|p2a: Corviknight|Corviknight, F|44/100
|-ability|p2a: Corviknight|Pressure
|
|upkeep
|turn|21
|
|t:|1779889950
|switch|p2a: Slowking|Slowking-Galar, M|100/100
|move|p1a: Kyurem|Ice Beam|p2a: Slowking
|-damage|p2a: Slowking|62/100
|
|upkeep
|turn|22
|
|t:|1779889966
|switch|p1a: Cetitan|Cetitan, F, shiny|44/100 tox
|switch|p2a: Dondozo|Dondozo, M|95/100
|
|-heal|p2a: Dondozo|100/100|[from] item: Leftovers
|-damage|p1a: Cetitan|37/100 tox|[from] psn
|upkeep
|turn|23
|
|t:|1779889976
|switch|p1a: Alomomola|Alomomola, F|100/100
|move|p2a: Dondozo|Curse|p2a: Dondozo
|-unboost|p2a: Dondozo|spe|1
|-boost|p2a: Dondozo|atk|1
|-boost|p2a: Dondozo|def|1
|
|upkeep
|turn|24
|
|t:|1779889987
|move|p1a: Alomomola|Wish|p1a: Alomomola
|move|p2a: Dondozo|Curse|p2a: Dondozo
|-unboost|p2a: Dondozo|spe|1
|-boost|p2a: Dondozo|atk|1
|-boost|p2a: Dondozo|def|1
|
|upkeep
|turn|25
|
|t:|1779889992
|move|p1a: Alomomola|Flip Turn|p2a: Dondozo
|-resisted|p2a: Dondozo
|-damage|p2a: Dondozo|98/100
|
|t:|1779889995
|switch|p1a: Kyurem|Kyurem, shiny|100/100|[from] Flip Turn
|-ability|p1a: Kyurem|Pressure
|move|p2a: Dondozo|Curse|p2a: Dondozo
|-unboost|p2a: Dondozo|spe|1
|-boost|p2a: Dondozo|atk|1
|-boost|p2a: Dondozo|def|1
|
|-heal|p2a: Dondozo|100/100|[from] item: Leftovers
|upkeep
|turn|26
|
|t:|1779890001
|move|p1a: Kyurem|Draco Meteor|p2a: Dondozo
|-damage|p2a: Dondozo|35/100
|-unboost|p1a: Kyurem|spa|2
|move|p2a: Dondozo|Body Press|p1a: Kyurem
|-supereffective|p1a: Kyurem
|-damage|p1a: Kyurem|0 fnt
|faint|p1a: Kyurem
|
|-heal|p2a: Dondozo|41/100|[from] item: Leftovers
|upkeep
|
|t:|1779890009
|switch|p1a: Rillaboom|Rillaboom, F|100/100
|-fieldstart|move: Grassy Terrain|[from] ability: Grassy Surge|[of] p1a: Rillaboom
|turn|27
|
|t:|1779890020
|-terastallize|p1a: Rillaboom|Grass
|-terastallize|p2a: Dondozo|Dark
|move|p1a: Rillaboom|Grassy Glide|p2a: Dondozo
|-damage|p2a: Dondozo|22/100
|move|p2a: Dondozo|Rest|p2a: Dondozo
|-status|p2a: Dondozo|slp|[from] move: Rest
|-heal|p2a: Dondozo|100/100 slp|[silent]
|
|upkeep
|turn|28
|
|t:|1779890026
|switch|p1a: Alomomola|Alomomola, F|100/100
|cant|p2a: Dondozo|slp
|
|upkeep
|turn|29
|-message|iamverykarpy forfeited.
|
|win|adil
|raw|iamverykarpy's rating: 1720 &rarr; <strong>1705</strong><br />(-15 for losing)
|raw|adil's rating: 1808 &rarr; <strong>1823</strong><br />(+15 for winning)
|l|☆adil
|player|p2|
|l|☆iamverykarpy
|player|p1|
