|j|☆alienxdefault
|j|☆PlasmaProphet
|t:|1779864576
|gametype|singles
|player|p1|alienxdefault|alder|1126
|player|p2|PlasmaProphet|erika|1165
|gen|9
|tier|[Gen 9] OU
|rated|
|rule|HP Percentage Mod: HP is shown in percentages
|rule|Endless Battle Clause: Forcing endless battles is banned
|rule|Species Clause: Limit one of each Pokémon
|rule|OHKO Clause: OHKO moves are banned
|rule|Evasion Items Clause: Evasion items are banned
|rule|Evasion Moves Clause: Evasion moves are banned
|rule|Evasion Abilities Clause: Evasion abilities are banned
|rule|Sleep Moves Clause: Sleep-inducing moves are banned
|clearpoke
|poke|p1|Blaziken, F|
|poke|p1|Ninetales, F|
|poke|p1|Venusaur, M|
|poke|p1|Hatterene, F|
|poke|p1|Great Tusk|
|poke|p1|Walking Wake|
|poke|p2|Iron Leaves|
|poke|p2|Hatterene, F|
|poke|p2|Great Tusk|
|poke|p2|Glimmora, F|
|poke|p2|Iron Valiant|
|poke|p2|Kingambit, M|
|teampreview
|inactive|Battle timer is ON: inactive players will automatically lose when time's up. (requested by alienxdefault)
|
|t:|1779864584
|teamsize|p1|6
|teamsize|p2|6
|start
|switch|p1a: Ninetales|Ninetales, F, shiny|100/100
|switch|p2a: Great Tusk|Great Tusk|100/100
|-weather|SunnyDay|[from] ability: Drought|[of] p1a: Ninetales
|-activate|p2a: Great Tusk|ability: Protosynthesis
|-start|p2a: Great Tusk|protosynthesisatk
|turn|1
|
|t:|1779864594
|move|p1a: Ninetales|Will-O-Wisp|p2a: Great Tusk|[miss]
|-miss|p1a: Ninetales|p2a: Great Tusk
|move|p2a: Great Tusk|Headlong Rush|p1a: Ninetales
|-supereffective|p1a: Ninetales
|-damage|p1a: Ninetales|0 fnt
|-unboost|p2a: Great Tusk|def|1
|-unboost|p2a: Great Tusk|spd|1
|faint|p1a: Ninetales
|
|-weather|SunnyDay|[upkeep]
|upkeep
|
|t:|1779864611
|switch|p1a: Hatterene|Hatterene, F, shiny|100/100
|turn|2
|
|t:|1779864616
|-end|p2a: Great Tusk|Protosynthesis|[silent]
|switch|p2a: Kingambit|Kingambit, M|100/100
|move|p1a: Hatterene|Psychic Noise|p2a: Kingambit
|-immune|p2a: Kingambit
|
|-weather|SunnyDay|[upkeep]
|upkeep
|turn|3
|
|t:|1779864645
|switch|p1a: Blaziken|Blaziken, F, shiny|100/100
|move|p2a: Kingambit|Swords Dance|p2a: Kingambit
|-boost|p2a: Kingambit|atk|2
|
|-weather|SunnyDay|[upkeep]
|upkeep
|turn|4
|
|t:|1779864651
|move|p2a: Kingambit|Sucker Punch|p1a: Blaziken
|-resisted|p1a: Blaziken
|-damage|p1a: Blaziken|13/100
|move|p1a: Blaziken|Close Combat|p2a: Kingambit
|-supereffective|p2a: Kingambit
|-damage|p2a: Kingambit|0 fnt
|-unboost|p1a: Blaziken|def|1
|-unboost|p1a: Blaziken|spd|1
|faint|p2a: Kingambit
|-end|p2a: Kingambit|fallenundefined|[silent]
|
|-weather|SunnyDay|[upkeep]
|-ability|p1a: Blaziken|Speed Boost|boost
|-boost|p1a: Blaziken|spe|1
|upkeep
|
|t:|1779864654
|switch|p2a: Glimmora|Glimmora, F|100/100
|turn|5
|
|t:|1779864665
|move|p1a: Blaziken|Close Combat|p2a: Glimmora
|-damage|p2a: Glimmora|43/100
|-unboost|p1a: Blaziken|def|1
|-unboost|p1a: Blaziken|spd|1
|-activate|p2a: Glimmora|ability: Toxic Debris
|-sidestart|p1: alienxdefault|move: Toxic Spikes
|move|p2a: Glimmora|Power Gem|p1a: Blaziken
|-damage|p1a: Blaziken|0 fnt
|faint|p1a: Blaziken
|
|-weather|SunnyDay|[upkeep]
|upkeep
|
|t:|1779864673
|switch|p1a: Walking Wake|Walking Wake|100/100
|-status|p1a: Walking Wake|psn
|-activate|p1a: Walking Wake|ability: Protosynthesis
|-start|p1a: Walking Wake|protosynthesisspe
|turn|6
|
|t:|1779864677
|move|p1a: Walking Wake|Hydro Steam|p2a: Glimmora
|-supereffective|p2a: Glimmora
|-damage|p2a: Glimmora|0 fnt
|faint|p2a: Glimmora
|
|-weather|SunnyDay|[upkeep]
|-damage|p1a: Walking Wake|88/100 psn|[from] psn
|upkeep
|
|t:|1779864684
|switch|p2a: Iron Valiant|Iron Valiant|100/100
|-enditem|p2a: Iron Valiant|Booster Energy
|-activate|p2a: Iron Valiant|ability: Quark Drive|[fromitem]
|-start|p2a: Iron Valiant|quarkdrivespe
|turn|7
|
|t:|1779864693
|-end|p1a: Walking Wake|Protosynthesis|[silent]
|switch|p1a: Hatterene|Hatterene, F, shiny|100/100
|-status|p1a: Hatterene|psn
|move|p2a: Iron Valiant|Moonblast|p1a: Hatterene
|-damage|p1a: Hatterene|58/100 psn
|-enditem|p1a: Hatterene|Eject Button
|
|t:|1779864696
|switch|p1a: Venusaur|Venusaur, M|100/100
|-sideend|p1: alienxdefault|move: Toxic Spikes|[of] p1a: Venusaur
|
|-weather|SunnyDay|[upkeep]
|upkeep
|turn|8
|
|t:|1779864708
|move|p1a: Venusaur|Sludge Bomb|p2a: Iron Valiant
|-supereffective|p2a: Iron Valiant
|-damage|p2a: Iron Valiant|0 fnt
|faint|p2a: Iron Valiant
|-end|p2a: Iron Valiant|Quark Drive|[silent]
|-damage|p1a: Venusaur|91/100|[from] item: Life Orb
|
|-weather|none
|upkeep
|
|t:|1779864711
|switch|p2a: Iron Leaves|Iron Leaves|100/100
|turn|9
|
|t:|1779864717
|move|p2a: Iron Leaves|Psyblade|p1a: Venusaur
|-supereffective|p1a: Venusaur
|-damage|p1a: Venusaur|0 fnt
|faint|p1a: Venusaur
|
|upkeep
|
|t:|1779864722
|switch|p1a: Hatterene|Hatterene, F, shiny|58/100 psn
|turn|10
|
|t:|1779864726
|move|p2a: Iron Leaves|Psyblade|p1a: Hatterene
|-resisted|p1a: Hatterene
|-damage|p1a: Hatterene|39/100 psn
|move|p1a: Hatterene|Healing Wish|p1a: Hatterene
|faint|p1a: Hatterene
|
|upkeep
|
|t:|1779864730
|switch|p1a: Walking Wake|Walking Wake|88/100 psn
|-heal|p1a: Walking Wake|100/100|[from] move: Healing Wish
|turn|11
|
|t:|1779864740
|-end|p2a: Iron Leaves|Quark Drive|[silent]
|switch|p2a: Hatterene|Hatterene, F|100/100
|move|p1a: Walking Wake|Flamethrower|p2a: Hatterene
|-damage|p2a: Hatterene|69/100
|
|upkeep
|turn|12
|
|t:|1779864751
|-terastallize|p1a: Walking Wake|Water
|move|p1a: Walking Wake|Flamethrower|p2a: Hatterene
|-damage|p2a: Hatterene|38/100
|move|p2a: Hatterene|Draining Kiss|p1a: Walking Wake
|-damage|p1a: Walking Wake|68/100
|-heal|p2a: Hatterene|63/100|[from] drain|[of] p1a: Walking Wake
|
|upkeep
|turn|13
|
|t:|1779864755
|move|p1a: Walking Wake|Flamethrower|p2a: Hatterene
|-damage|p2a: Hatterene|34/100
|move|p2a: Hatterene|Nuzzle|p1a: Walking Wake
|-supereffective|p1a: Walking Wake
|-damage|p1a: Walking Wake|59/100
|-status|p1a: Walking Wake|par
|
|upkeep
|turn|14
|
|t:|1779864760
|move|p1a: Walking Wake|Flamethrower|p2a: Hatterene
|-damage|p2a: Hatterene|0 fnt
|faint|p2a: Hatterene
|
|upkeep
|
|t:|1779864762
|switch|p2a: Iron Leaves|Iron Leaves|100/100
|turn|15
|
|t:|1779864766
|move|p2a: Iron Leaves|Leaf Blade|p1a: Walking Wake
|-supereffective|p1a: Walking Wake
|-crit|p1a: Walking Wake
|-damage|p1a: Walking Wake|0 fnt
|faint|p1a: Walking Wake
|-end|p1a: Walking Wake|Protosynthesis|[silent]
|
|upkeep
|
|t:|1779864769
|switch|p1a: Great Tusk|Great Tusk|100/100
|turn|16
|
|t:|1779864773
|move|p2a: Iron Leaves|Leaf Blade|p1a: Great Tusk
|-supereffective|p1a: Great Tusk
|-damage|p1a: Great Tusk|26/100
|move|p1a: Great Tusk|Ice Spinner|p2a: Iron Leaves
|-supereffective|p2a: Iron Leaves
|-damage|p2a: Iron Leaves|37/100
|
|upkeep
|turn|17
|
|t:|1779864779
|move|p2a: Iron Leaves|Leaf Blade|p1a: Great Tusk
|-supereffective|p1a: Great Tusk
|-damage|p1a: Great Tusk|0 fnt
|faint|p1a: Great Tusk
|-end|p1a: Great Tusk|Protosynthesis|[silent]
|
|win|PlasmaProphet
|raw|alienxdefault's rating: 1126 &rarr; <strong>1104</strong><br />(-22 for losing)
|raw|PlasmaProphet's rating: 1165 &rarr; <strong>1187</strong><br />(+22 for winning)
|l|☆PlasmaProphet
|player|p2|
|l|☆alienxdefault
|player|p1|
