|j|☆showbiz_carton
|j|☆2dixjohnson
|t:|1779816804
|gametype|singles
|player|p1|showbiz_carton|hugh|1366
|player|p2|2dixjohnson|bertha|1339
|gen|9
|tier|[Gen 9] OU
|rated|
|rule|HP Percentage Mod: HP is shown in percentages
|rule|Endless Battle Clause: Forcing endless battles is banned
|rule|Species Clause: Limit one of each Pokémon
|rule|OHKO Clause: OHKO moves are banned
|rule|Evasion Items Clause: Evasion items are banned
|rule|Evasion Moves Clause: Evasion moves are banned
|rule|Evasion Abilities Clause: Evasion abilities are banned
|rule|Sleep Moves Clause: Sleep-inducing moves are banned
|clearpoke
|poke|p1|Infernape, M|
|poke|p1|Gholdengo|
|poke|p1|Slowking-Galar, M|
|poke|p1|Dragonite, F|
|poke|p1|Ribombee, F|
|poke|p1|Great Tusk|
|poke|p2|Zapdos|
|poke|p2|Iron Treads|
|poke|p2|Samurott-Hisui, M|
|poke|p2|Ceruledge, M|
|poke|p2|Gholdengo|
|poke|p2|Kingambit, M|
|teampreview
|inactive|Battle timer is ON: inactive players will automatically lose when time's up. (requested by 2dixjohnson)
|
|t:|1779816811
|teamsize|p1|6
|teamsize|p2|6
|start
|switch|p1a: Amile|Ribombee, F, shiny|100/100
|switch|p2a: Samurott|Samurott-Hisui, M|100/100
|turn|1
|
|t:|1779816830
|move|p1a: Amile|Sticky Web|p2a: Samurott
|-sidestart|p2: 2dixjohnson|move: Sticky Web
|move|p2a: Samurott|Razor Shell|p1a: Amile
|-damage|p1a: Amile|14/100
|
|upkeep
|turn|2
|inactive|showbiz_carton has 120 seconds left.
|
|t:|1779816867
|move|p1a: Amile|Moonblast|p2a: Samurott
|-supereffective|p2a: Samurott
|-damage|p2a: Samurott|55/100
|-unboost|p2a: Samurott|spa|1
|move|p2a: Samurott|Ceaseless Edge|p1a: Amile
|-resisted|p1a: Amile
|-damage|p1a: Amile|0 fnt
|-sidestart|p1: showbiz_carton|Spikes
|faint|p1a: Amile
|
|upkeep
|
|t:|1779816877
|switch|p1a: Zuko|Infernape, M, shiny|100/100
|-damage|p1a: Zuko|88/100|[from] Spikes
|turn|3
|
|t:|1779816884
|switch|p2a: Gholdengo|Gholdengo|100/100
|-item|p2a: Gholdengo|Air Balloon
|move|p1a: Zuko|Mach Punch|p2a: Gholdengo
|-immune|p2a: Gholdengo
|
|upkeep
|turn|4
|inactive|showbiz_carton has 120 seconds left.
|
|t:|1779816891
|move|p1a: Zuko|Flare Blitz|p2a: Gholdengo
|-supereffective|p2a: Gholdengo
|-damage|p2a: Gholdengo|29/100
|-enditem|p2a: Gholdengo|Air Balloon
|-damage|p1a: Zuko|58/100|[from] Recoil
|move|p2a: Gholdengo|Thunder Wave|p1a: Zuko
|-status|p1a: Zuko|par
|
|upkeep
|turn|5
|
|t:|1779816901
|move|p2a: Gholdengo|Hex|p1a: Zuko
|-damage|p1a: Zuko|0 fnt
|faint|p1a: Zuko
|
|upkeep
|
|t:|1779816908
|switch|p1a: Gholdengo|Gholdengo|100/100
|-item|p1a: Gholdengo|Air Balloon
|turn|6
|
|t:|1779816912
|move|p1a: Gholdengo|Shadow Ball|p2a: Gholdengo
|-supereffective|p2a: Gholdengo
|-damage|p2a: Gholdengo|0 fnt
|faint|p2a: Gholdengo
|
|upkeep
|
|t:|1779816915
|switch|p2a: Iron Treads|Iron Treads|100/100
|-activate|p2a: Iron Treads|move: Sticky Web
|-unboost|p2a: Iron Treads|spe|1
|turn|7
|
|t:|1779816930
|move|p1a: Gholdengo|Nasty Plot|p1a: Gholdengo
|-boost|p1a: Gholdengo|spa|2
|move|p2a: Iron Treads|Knock Off|p1a: Gholdengo
|-supereffective|p1a: Gholdengo
|-damage|p1a: Gholdengo|32/100
|-enditem|p1a: Gholdengo|Air Balloon
|
|upkeep
|turn|8
|
|t:|1779816940
|-end|p2a: Iron Treads|Quark Drive|[silent]
|switch|p2a: Zapdos|Zapdos|100/100
|move|p1a: Gholdengo|Shadow Ball|p2a: Zapdos
|-damage|p2a: Zapdos|9/100
|
|upkeep
|turn|9
|
|t:|1779816949
|move|p1a: Gholdengo|Shadow Ball|p2a: Zapdos
|-damage|p2a: Zapdos|0 fnt
|faint|p2a: Zapdos
|
|upkeep
|
|t:|1779816954
|switch|p2a: Ceruledge|Ceruledge, M|100/100
|turn|10
|
|t:|1779816959
|move|p2a: Ceruledge|Shadow Sneak|p1a: Gholdengo
|-supereffective|p1a: Gholdengo
|-damage|p1a: Gholdengo|0 fnt
|faint|p1a: Gholdengo
|
|upkeep
|
|t:|1779816964
|switch|p1a: Stringbean|Dragonite, F, shiny|100/100
|turn|11
|
|t:|1779816973
|move|p2a: Ceruledge|Swords Dance|p2a: Ceruledge
|-boost|p2a: Ceruledge|atk|2
|move|p1a: Stringbean|Dragon Dance|p1a: Stringbean
|-boost|p1a: Stringbean|atk|1
|-boost|p1a: Stringbean|spe|1
|
|upkeep
|turn|12
|
|t:|1779816980
|-terastallize|p1a: Stringbean|Normal
|-terastallize|p2a: Ceruledge|Fairy
|move|p1a: Stringbean|Scale Shot|p2a: Ceruledge
|-immune|p2a: Ceruledge
|move|p2a: Ceruledge|Poltergeist|p1a: Stringbean
|-immune|p1a: Stringbean
|
|upkeep
|turn|13
|
|t:|1779816992
|move|p1a: Stringbean|Extreme Speed|p2a: Ceruledge
|-damage|p2a: Ceruledge|17/100
|-ability|p2a: Ceruledge|Weak Armor|boost
|-unboost|p2a: Ceruledge|def|1
|-boost|p2a: Ceruledge|spe|2
|move|p2a: Ceruledge|Bitter Blade|p1a: Stringbean
|-damage|p1a: Stringbean|60/100
|-heal|p2a: Ceruledge|36/100|[from] drain|[of] p1a: Stringbean
|
|upkeep
|turn|14
|
|t:|1779817011
|switch|p2a: Samurott|Samurott-Hisui, M|55/100
|-activate|p2a: Samurott|move: Sticky Web
|-unboost|p2a: Samurott|spe|1
|move|p1a: Stringbean|Extreme Speed|p2a: Samurott
|-damage|p2a: Samurott|0 fnt
|faint|p2a: Samurott
|
|upkeep
|
|t:|1779817014
|switch|p2a: Kingambit|Kingambit, M|100/100
|-activate|p2a: Kingambit|move: Sticky Web
|-unboost|p2a: Kingambit|spe|1
|-activate|p2a: Kingambit|ability: Supreme Overlord
|-start|p2a: Kingambit|fallen3|[silent]
|turn|15
|
|t:|1779817027
|move|p1a: Stringbean|Earthquake|p2a: Kingambit
|-supereffective|p2a: Kingambit
|-damage|p2a: Kingambit|2/100
|move|p2a: Kingambit|Low Kick|p1a: Stringbean
|-supereffective|p1a: Stringbean
|-damage|p1a: Stringbean|0 fnt
|faint|p1a: Stringbean
|
|-heal|p2a: Kingambit|8/100|[from] item: Leftovers
|upkeep
|
|t:|1779817036
|switch|p1a: Great Tusk|Great Tusk|100/100
|-damage|p1a: Great Tusk|88/100|[from] Spikes
|turn|16
|
|t:|1779817055
|-end|p2a: Kingambit|fallen3|[silent]
|switch|p2a: Ceruledge|Ceruledge, M, tera:Fairy|36/100
|move|p1a: Great Tusk|Rapid Spin|p2a: Ceruledge
|-damage|p2a: Ceruledge|17/100
|-boost|p1a: Great Tusk|spe|1
|-ability|p2a: Ceruledge|Weak Armor|boost
|-unboost|p2a: Ceruledge|def|1
|-boost|p2a: Ceruledge|spe|2
|-sideend|p1: showbiz_carton|Spikes|[from] move: Rapid Spin|[of] p1a: Great Tusk
|
|upkeep
|turn|17
|inactive|showbiz_carton has 120 seconds left.
|
|t:|1779817086
|move|p2a: Ceruledge|Poltergeist|p1a: Great Tusk
|-activate|p1a: Great Tusk|move: Poltergeist|Rocky Helmet
|-damage|p1a: Great Tusk|54/100
|move|p1a: Great Tusk|Rapid Spin|p2a: Ceruledge
|-damage|p2a: Ceruledge|0 fnt
|-boost|p1a: Great Tusk|spe|1
|faint|p2a: Ceruledge
|
|upkeep
|
|t:|1779817095
|switch|p2a: Iron Treads|Iron Treads|100/100
|-activate|p2a: Iron Treads|move: Sticky Web
|-unboost|p2a: Iron Treads|spe|1
|turn|18
|
|t:|1779817102
|move|p1a: Great Tusk|Close Combat|p2a: Iron Treads
|-supereffective|p2a: Iron Treads
|-damage|p2a: Iron Treads|0 fnt
|-unboost|p1a: Great Tusk|def|1
|-unboost|p1a: Great Tusk|spd|1
|faint|p2a: Iron Treads
|-end|p2a: Iron Treads|Quark Drive|[silent]
|
|upkeep
|
|t:|1779817105
|switch|p2a: Kingambit|Kingambit, M|8/100
|-activate|p2a: Kingambit|move: Sticky Web
|-unboost|p2a: Kingambit|spe|1
|-activate|p2a: Kingambit|ability: Supreme Overlord
|-start|p2a: Kingambit|fallen5|[silent]
|turn|19
|
|t:|1779817115
|move|p2a: Kingambit|Sucker Punch|p1a: Great Tusk
|-resisted|p1a: Great Tusk
|-damage|p1a: Great Tusk|31/100
|-damage|p2a: Kingambit|0 fnt|[from] item: Rocky Helmet|[of] p1a: Great Tusk
|faint|p2a: Kingambit
|-end|p2a: Kingambit|fallen5|[silent]
|
|win|showbiz_carton
|raw|showbiz_carton's rating: 1366 &rarr; <strong>1384</strong><br />(+18 for winning)
|raw|2dixjohnson's rating: 1339 &rarr; <strong>1321</strong><br />(-18 for losing)
|l|☆2dixjohnson
|player|p2|
|l|☆showbiz_carton
|player|p1|
