|j|☆Techuszaza007
|j|☆Santipokemaster
|t:|1779892304
|gametype|singles
|player|p1|Techuszaza007|2|1106
|player|p2|Santipokemaster|red|1126
|gen|9
|tier|[Gen 9] OU
|rated|
|rule|HP Percentage Mod: HP is shown in percentages
|rule|Endless Battle Clause: Forcing endless battles is banned
|rule|Species Clause: Limit one of each Pokémon
|rule|OHKO Clause: OHKO moves are banned
|rule|Evasion Items Clause: Evasion items are banned
|rule|Evasion Moves Clause: Evasion moves are banned
|rule|Evasion Abilities Clause: Evasion abilities are banned
|rule|Sleep Moves Clause: Sleep-inducing moves are banned
|clearpoke
|poke|p1|Lokix, F|
|poke|p1|Corviknight, M|
|poke|p1|Gholdengo|
|poke|p1|Rotom-Wash|
|poke|p1|Dragonite, M|
|poke|p1|Greninja-*, F|
|poke|p2|Corviknight, F|
|poke|p2|Kilowattrel, M|
|poke|p2|Toucannon, M|
|poke|p2|Staraptor, M|
|poke|p2|Pelipper, M|
|poke|p2|Talonflame, M|
|teampreview
|
|t:|1779892311
|teamsize|p1|6
|teamsize|p2|6
|start
|switch|p1a: Rotom|Rotom-Wash|100/100
|switch|p2a: Talonflame|Talonflame, M|100/100
|turn|1
|c|☆Techuszaza007|That's lot of birds
|
|t:|1779892324
|move|p2a: Talonflame|U-turn|p1a: Rotom
|-damage|p1a: Rotom|78/100
|
|t:|1779892328
|switch|p2a: Kilowattrel|Kilowattrel, M|100/100|[from] U-turn
|move|p1a: Rotom|Trick|p2a: Kilowattrel
|-activate|p1a: Rotom|move: Trick|[of] p2a: Kilowattrel
|-item|p2a: Kilowattrel|Black Sludge|[from] move: Trick
|-item|p1a: Rotom|Leftovers|[from] move: Trick
|
|-damage|p2a: Kilowattrel|88/100|[from] item: Black Sludge
|-heal|p1a: Rotom|85/100|[from] item: Leftovers
|upkeep
|turn|2
|
|t:|1779892341
|-terastallize|p2a: Kilowattrel|Electric
|move|p2a: Kilowattrel|Thunder|p1a: Rotom
|-crit|p1a: Rotom
|-damage|p1a: Rotom|0 fnt
|faint|p1a: Rotom
|
|-damage|p2a: Kilowattrel|76/100|[from] item: Black Sludge
|upkeep
|
|t:|1779892351
|switch|p1a: Zeztz|Lokix, F|100/100
|turn|3
|
|t:|1779892355
|-terastallize|p1a: Zeztz|Bug
|move|p1a: Zeztz|First Impression|p2a: Kilowattrel
|-damage|p2a: Kilowattrel|0 fnt
|faint|p2a: Kilowattrel
|
|upkeep
|
|t:|1779892361
|switch|p2a: Pelipper|Pelipper, M|100/100
|-weather|RainDance|[from] ability: Drizzle|[of] p2a: Pelipper
|turn|4
|
|t:|1779892366
|switch|p1a: Corviknight|Corviknight, M|100/100
|move|p2a: Pelipper|Tailwind|p2a: Pelipper
|-sidestart|p2: Santipokemaster|move: Tailwind
|
|-weather|RainDance|[upkeep]
|upkeep
|turn|5
|
|t:|1779892374
|move|p2a: Pelipper|Hydro Pump|p1a: Corviknight
|-damage|p1a: Corviknight|33/100
|move|p1a: Corviknight|Iron Defense|p1a: Corviknight
|-boost|p1a: Corviknight|def|2
|
|-weather|RainDance|[upkeep]
|upkeep
|turn|6
|
|t:|1779892388
|switch|p1a: Zeztz|Lokix, F, tera:Bug|100/100
|move|p2a: Pelipper|Hurricane|p1a: Zeztz
|-supereffective|p1a: Zeztz
|-damage|p1a: Zeztz|0 fnt
|faint|p1a: Zeztz
|
|-weather|RainDance|[upkeep]
|upkeep
|
|t:|1779892393
|switch|p1a: Greninja|Greninja, F|100/100
|turn|7
|
|t:|1779892399
|move|p1a: Greninja|Ice Beam|p2a: Pelipper
|-start|p1a: Greninja|typechange|Ice|[from] ability: Protean
|-damage|p2a: Pelipper|18/100
|move|p2a: Pelipper|Hurricane|p1a: Greninja
|-damage|p1a: Greninja|24/100
|-start|p1a: Greninja|confusion
|
|-weather|RainDance|[upkeep]
|-heal|p2a: Pelipper|24/100|[from] item: Leftovers
|-sideend|p2: Santipokemaster|move: Tailwind
|upkeep
|turn|8
|
|t:|1779892412
|-activate|p1a: Greninja|confusion
|-damage|p1a: Greninja|11/100|[from] confusion
|move|p2a: Pelipper|Hurricane|p1a: Greninja
|-damage|p1a: Greninja|0 fnt
|faint|p1a: Greninja
|
|-weather|none
|-heal|p2a: Pelipper|30/100|[from] item: Leftovers
|upkeep
|
|t:|1779892418
|switch|p1a: Corviknight|Corviknight, M|33/100
|turn|9
|
|t:|1779892424
|move|p1a: Corviknight|Iron Defense|p1a: Corviknight
|-boost|p1a: Corviknight|def|2
|move|p2a: Pelipper|Ice Beam|p1a: Corviknight
|-damage|p1a: Corviknight|10/100
|
|-heal|p2a: Pelipper|36/100|[from] item: Leftovers
|upkeep
|turn|10
|
|t:|1779892432
|move|p1a: Corviknight|Body Press|p2a: Pelipper
|-resisted|p2a: Pelipper
|-damage|p2a: Pelipper|11/100
|move|p2a: Pelipper|Ice Beam|p1a: Corviknight
|-damage|p1a: Corviknight|0 fnt
|faint|p1a: Corviknight
|
|-heal|p2a: Pelipper|17/100|[from] item: Leftovers
|upkeep
|
|t:|1779892439
|switch|p1a: Dragonite|Dragonite, M|100/100
|turn|11
|
|t:|1779892444
|move|p1a: Dragonite|Extreme Speed|p2a: Pelipper
|-damage|p2a: Pelipper|0 fnt
|faint|p2a: Pelipper
|
|upkeep
|
|t:|1779892449
|switch|p2a: Corviknight|Corviknight, F, shiny|100/100
|turn|12
|
|t:|1779892454
|move|p1a: Dragonite|Dragon Dance|p1a: Dragonite
|-boost|p1a: Dragonite|atk|1
|-boost|p1a: Dragonite|spe|1
|move|p2a: Corviknight|Reflect|p2a: Corviknight
|-sidestart|p2: Santipokemaster|Reflect
|
|upkeep
|turn|13
|
|t:|1779892480
|switch|p2a: Talonflame|Talonflame, M|100/100
|move|p1a: Dragonite|Fire Punch|p2a: Talonflame
|-resisted|p2a: Talonflame
|-damage|p2a: Talonflame|85/100
|
|upkeep
|turn|14
|
|t:|1779892493
|move|p1a: Dragonite|Dragon Dance|p1a: Dragonite
|-boost|p1a: Dragonite|atk|1
|-boost|p1a: Dragonite|spe|1
|move|p2a: Talonflame|Brave Bird|p1a: Dragonite
|-damage|p1a: Dragonite|66/100
|-damage|p2a: Talonflame|72/100|[from] Recoil
|
|upkeep
|turn|15
|
|t:|1779892500
|move|p1a: Dragonite|Dragon Dance|p1a: Dragonite
|-boost|p1a: Dragonite|atk|1
|-boost|p1a: Dragonite|spe|1
|move|p2a: Talonflame|Brave Bird|p1a: Dragonite
|-damage|p1a: Dragonite|0 fnt
|faint|p1a: Dragonite
|-damage|p2a: Talonflame|49/100|[from] Recoil
|
|upkeep
|
|t:|1779892506
|switch|p1a: Gholdengo|Gholdengo|100/100
|turn|16
|
|t:|1779892512
|switch|p2a: Corviknight|Corviknight, F, shiny|100/100
|move|p1a: Gholdengo|Nasty Plot|p1a: Gholdengo
|-boost|p1a: Gholdengo|spa|2
|
|-sideend|p2: Santipokemaster|Reflect
|upkeep
|turn|17
|
|t:|1779892519
|move|p1a: Gholdengo|Shadow Ball|p2a: Corviknight
|-damage|p2a: Corviknight|17/100
|move|p2a: Corviknight|Light Screen|p2a: Corviknight
|-sidestart|p2: Santipokemaster|move: Light Screen
|
|upkeep
|turn|18
|
|t:|1779892527
|move|p1a: Gholdengo|Nasty Plot|p1a: Gholdengo
|-boost|p1a: Gholdengo|spa|2
|move|p2a: Corviknight|Roost|p2a: Corviknight
|-heal|p2a: Corviknight|67/100
|-singleturn|p2a: Corviknight|move: Roost
|
|upkeep
|turn|19
|
|t:|1779892534
|switch|p2a: Toucannon|Toucannon, M, shiny|100/100
|move|p1a: Gholdengo|Shadow Ball|p2a: Toucannon
|-immune|p2a: Toucannon
|
|upkeep
|turn|20
|
|t:|1779892542
|move|p1a: Gholdengo|Make It Rain|p2a: Toucannon
|-damage|p2a: Toucannon|0 fnt
|-unboost|p1a: Gholdengo|spa|1
|faint|p2a: Toucannon
|
|upkeep
|
|t:|1779892548
|switch|p2a: Talonflame|Talonflame, M|49/100
|turn|21
|
|t:|1779892554
|move|p2a: Talonflame|Flare Blitz|p1a: Gholdengo
|-supereffective|p1a: Gholdengo
|-damage|p1a: Gholdengo|0 fnt
|faint|p1a: Gholdengo
|-damage|p2a: Talonflame|14/100|[from] Recoil
|
|win|Santipokemaster
|raw|Techuszaza007's rating: 1106 &rarr; <strong>1082</strong><br />(-24 for losing)
|raw|Santipokemaster's rating: 1126 &rarr; <strong>1150</strong><br />(+24 for winning)
|l|☆Techuszaza007
|player|p1|
|l|☆Santipokemaster
|player|p2|
