|j|☆rowlet13tb
|j|‽cnlp
|t:|1779857318
|gametype|singles
|player|p1|rowlet13tb|2|1360
|player|p2|cnlp|265|1367
|gen|9
|tier|[Gen 9] OU
|rated|
|rule|HP Percentage Mod: HP is shown in percentages
|rule|Endless Battle Clause: Forcing endless battles is banned
|rule|Species Clause: Limit one of each Pokémon
|rule|OHKO Clause: OHKO moves are banned
|rule|Evasion Items Clause: Evasion items are banned
|rule|Evasion Moves Clause: Evasion moves are banned
|rule|Evasion Abilities Clause: Evasion abilities are banned
|rule|Sleep Moves Clause: Sleep-inducing moves are banned
|clearpoke
|poke|p1|Blastoise, M|
|poke|p1|Heatran, M|
|poke|p1|Great Tusk|
|poke|p1|Alcremie, F|
|poke|p1|Salamence, F|
|poke|p1|Sinistcha-Masterpiece|
|poke|p2|Cinderace, M|
|poke|p2|Ogerpon-Wellspring, F|
|poke|p2|Garganacl, F|
|poke|p2|Slowking-Galar, F|
|poke|p2|Weavile, F|
|poke|p2|Gholdengo|
|teampreview
|inactive|Battle timer is ON: inactive players will automatically lose when time's up. (requested by rowlet13tb)
|inactive|cnlp has 120 seconds left.
|
|t:|1779857367
|teamsize|p1|6
|teamsize|p2|6
|start
|switch|p1a: Heatran|Heatran, M|100/100
|switch|p2a: Weavile|Weavile, F|100/100
|-ability|p2a: Weavile|Pressure
|turn|1
|
|t:|1779857382
|move|p2a: Weavile|Knock Off|p1a: Heatran
|-damage|p1a: Heatran|46/100
|-enditem|p1a: Heatran|Leftovers|[from] move: Knock Off|[of] p2a: Weavile
|-damage|p2a: Weavile|91/100|[from] item: Life Orb
|move|p1a: Heatran|Will-O-Wisp|p2a: Weavile
|-status|p2a: Weavile|brn
|
|-damage|p2a: Weavile|84/100 brn|[from] brn
|upkeep
|turn|2
|
|t:|1779857394
|switch|p2a: Cinderace|Cinderace, M|100/100
|move|p1a: Heatran|Stealth Rock|p2a: Cinderace
|-sidestart|p2: cnlp|move: Stealth Rock
|
|upkeep
|turn|3
|
|t:|1779857400
|move|p2a: Cinderace|Court Change|p2a: Cinderace
|-start|p2a: Cinderace|typechange|Normal|[from] ability: Libero
|-swapsideconditions
|-activate|p2a: Cinderace|move: Court Change
|move|p1a: Heatran|Will-O-Wisp|p2a: Cinderace
|-status|p2a: Cinderace|brn
|
|-damage|p2a: Cinderace|95/100 brn|[from] brn
|upkeep
|turn|4
|
|t:|1779857411
|move|p2a: Cinderace|Sucker Punch||[still]
|-fail|p2a: Cinderace
|move|p1a: Heatran|Stealth Rock|p2a: Cinderace
|-sidestart|p2: cnlp|move: Stealth Rock
|
|-damage|p2a: Cinderace|89/100 brn|[from] brn
|upkeep
|turn|5
|
|t:|1779857419
|move|p2a: Cinderace|U-turn|p1a: Heatran
|-resisted|p1a: Heatran
|-damage|p1a: Heatran|44/100
|
|t:|1779857427
|switch|p2a: Weavile|Weavile, F|84/100 brn|[from] U-turn
|-damage|p2a: Weavile|60/100 brn|[from] Stealth Rock
|-ability|p2a: Weavile|Pressure
|move|p1a: Heatran|Flamethrower|p2a: Weavile
|-supereffective|p2a: Weavile
|-damage|p2a: Weavile|0 fnt
|faint|p2a: Weavile
|
|upkeep
|
|t:|1779857431
|switch|p2a: Ogerpon|Ogerpon-Wellspring, F|100/100
|-damage|p2a: Ogerpon|88/100|[from] Stealth Rock
|turn|6
|
|t:|1779857445
|-terastallize|p1a: Heatran|Steel
|move|p2a: Ogerpon|Ivy Cudgel|p1a: Heatran|[anim] Ivy Cudgel Water
|-crit|p1a: Heatran
|-damage|p1a: Heatran|0 fnt
|faint|p1a: Heatran
|
|upkeep
|
|t:|1779857453
|switch|p1a: Salamence|Salamence, F|100/100
|-damage|p1a: Salamence|76/100|[from] Stealth Rock
|turn|7
|
|t:|1779857468
|switch|p2a: Slowking|Slowking-Galar, F|100/100
|-damage|p2a: Slowking|88/100|[from] Stealth Rock
|move|p1a: Salamence|Dragon Dance|p1a: Salamence
|-boost|p1a: Salamence|atk|1
|-boost|p1a: Salamence|spe|1
|
|upkeep
|turn|8
|
|t:|1779857481
|move|p1a: Salamence|Dragon Dance|p1a: Salamence
|-boost|p1a: Salamence|atk|1
|-boost|p1a: Salamence|spe|1
|move|p2a: Slowking|Ice Beam|p1a: Salamence
|-supereffective|p1a: Salamence
|-damage|p1a: Salamence|0 fnt
|faint|p1a: Salamence
|
|upkeep
|
|t:|1779857491
|switch|p1a: Blastoise|Blastoise, M|100/100
|-damage|p1a: Blastoise|88/100|[from] Stealth Rock
|turn|9
|
|t:|1779857504
|move|p1a: Blastoise|Shell Smash|p1a: Blastoise
|-unboost|p1a: Blastoise|def|1
|-unboost|p1a: Blastoise|spd|1
|-boost|p1a: Blastoise|atk|2
|-boost|p1a: Blastoise|spa|2
|-boost|p1a: Blastoise|spe|2
|-enditem|p1a: Blastoise|White Herb
|-clearnegativeboost|p1a: Blastoise|[silent]
|move|p2a: Slowking|Psychic|p1a: Blastoise
|-damage|p1a: Blastoise|48/100
|
|upkeep
|turn|10
|
|t:|1779857515
|move|p1a: Blastoise|Surf|p2a: Slowking
|-damage|p2a: Slowking|44/100
|move|p2a: Slowking|Psychic|p1a: Blastoise
|-damage|p1a: Blastoise|5/100
|-unboost|p1a: Blastoise|spd|1
|
|upkeep
|turn|11
|
|t:|1779857526
|move|p1a: Blastoise|Surf|p2a: Slowking
|-damage|p2a: Slowking|0 fnt
|faint|p2a: Slowking
|
|upkeep
|
|t:|1779857547
|switch|p2a: Cinderace|Cinderace, M|89/100 brn
|turn|12
|
|t:|1779857553
|move|p2a: Cinderace|Sucker Punch|p1a: Blastoise
|-start|p2a: Cinderace|typechange|Dark|[from] ability: Libero
|-damage|p1a: Blastoise|0 fnt
|faint|p1a: Blastoise
|
|-damage|p2a: Cinderace|83/100 brn|[from] brn
|upkeep
|
|t:|1779857562
|switch|p1a: Great Tusk|Great Tusk|100/100
|-damage|p1a: Great Tusk|98/100|[from] Stealth Rock
|turn|13
|
|t:|1779857566
|move|p2a: Cinderace|Will-O-Wisp|p1a: Great Tusk
|-status|p1a: Great Tusk|brn
|move|p1a: Great Tusk|Rapid Spin|p2a: Cinderace
|-damage|p2a: Cinderace|68/100 brn
|-boost|p1a: Great Tusk|spe|1
|-sideend|p1: rowlet13tb|Stealth Rock|[from] move: Rapid Spin|[of] p1a: Great Tusk
|
|-heal|p1a: Great Tusk|100/100 brn|[from] item: Leftovers
|-damage|p2a: Cinderace|62/100 brn|[from] brn
|-damage|p1a: Great Tusk|94/100 brn|[from] brn
|upkeep
|turn|14
|
|t:|1779857578
|move|p2a: Cinderace|Court Change|p2a: Cinderace
|-swapsideconditions
|-activate|p2a: Cinderace|move: Court Change
|move|p1a: Great Tusk|Bulk Up|p1a: Great Tusk
|-boost|p1a: Great Tusk|atk|1
|-boost|p1a: Great Tusk|def|1
|
|-heal|p1a: Great Tusk|100/100 brn|[from] item: Leftovers
|-damage|p2a: Cinderace|56/100 brn|[from] brn
|-damage|p1a: Great Tusk|94/100 brn|[from] brn
|upkeep
|turn|15
|
|t:|1779857588
|move|p2a: Cinderace|U-turn|p1a: Great Tusk
|-resisted|p1a: Great Tusk
|-damage|p1a: Great Tusk|92/100 brn
|
|t:|1779857600
|switch|p2a: Gholdengo|Gholdengo|100/100|[from] U-turn
|move|p1a: Great Tusk|Rapid Spin|p2a: Gholdengo
|-immune|p2a: Gholdengo
|
|-heal|p1a: Great Tusk|98/100 brn|[from] item: Leftovers
|-damage|p1a: Great Tusk|92/100 brn|[from] brn
|upkeep
|turn|16
|
|t:|1779857618
|move|p2a: Gholdengo|Psychic|p1a: Great Tusk
|-supereffective|p1a: Great Tusk
|-damage|p1a: Great Tusk|15/100 brn
|-unboost|p1a: Great Tusk|spd|1
|move|p1a: Great Tusk|Earthquake|p2a: Gholdengo
|-supereffective|p2a: Gholdengo
|-damage|p2a: Gholdengo|2/100
|
|-heal|p1a: Great Tusk|22/100 brn|[from] item: Leftovers
|-damage|p1a: Great Tusk|15/100 brn|[from] brn
|upkeep
|turn|17
|
|t:|1779857631
|move|p2a: Gholdengo|Psychic|p1a: Great Tusk
|-supereffective|p1a: Great Tusk
|-damage|p1a: Great Tusk|0 fnt
|faint|p1a: Great Tusk
|-end|p1a: Great Tusk|Protosynthesis|[silent]
|
|upkeep
|
|t:|1779857637
|switch|p1a: Alcremie|Alcremie, F|100/100
|-damage|p1a: Alcremie|88/100|[from] Stealth Rock
|turn|18
|
|t:|1779857649
|switch|p2a: Cinderace|Cinderace, M|56/100 brn
|move|p1a: Alcremie|Draining Kiss|p2a: Cinderace
|-resisted|p2a: Cinderace
|-damage|p2a: Cinderace|40/100 brn
|-heal|p1a: Alcremie|99/100|[from] drain|[of] p2a: Cinderace
|
|-heal|p1a: Alcremie|100/100|[from] item: Leftovers
|-damage|p2a: Cinderace|34/100 brn|[from] brn
|upkeep
|turn|19
|
|t:|1779857660
|move|p2a: Cinderace|Will-O-Wisp|p1a: Alcremie
|-status|p1a: Alcremie|brn
|move|p1a: Alcremie|Acid Armor|p1a: Alcremie
|-boost|p1a: Alcremie|def|2
|
|-damage|p2a: Cinderace|28/100 brn|[from] brn
|-damage|p1a: Alcremie|95/100 brn|[from] brn
|upkeep
|turn|20
|
|t:|1779857671
|move|p2a: Cinderace|U-turn|p1a: Alcremie
|-start|p2a: Cinderace|typechange|Bug|[from] ability: Libero
|-resisted|p1a: Alcremie
|-damage|p1a: Alcremie|91/100 brn
|
|t:|1779857675
|switch|p2a: Ogerpon|Ogerpon-Wellspring, F|88/100|[from] U-turn
|move|p1a: Alcremie|Calm Mind|p1a: Alcremie
|-boost|p1a: Alcremie|spa|1
|-boost|p1a: Alcremie|spd|1
|
|-heal|p1a: Alcremie|97/100 brn|[from] item: Leftovers
|-damage|p1a: Alcremie|91/100 brn|[from] brn
|upkeep
|turn|21
|
|t:|1779857688
|-terastallize|p2a: Ogerpon|Water
|detailschange|p2a: Ogerpon|Ogerpon-Wellspring-Tera, F, tera:Water
|-ability|p2a: Ogerpon|Embody Aspect (Wellspring)|boost
|-boost|p2a: Ogerpon|spd|1
|move|p2a: Ogerpon|Ivy Cudgel|p1a: Alcremie|[anim] Ivy Cudgel Water
|-damage|p1a: Alcremie|46/100 brn
|move|p1a: Alcremie|Draining Kiss|p2a: Ogerpon
|-damage|p2a: Ogerpon|62/100
|-heal|p1a: Alcremie|63/100 brn|[from] drain|[of] p2a: Ogerpon
|
|-heal|p1a: Alcremie|69/100 brn|[from] item: Leftovers
|-damage|p1a: Alcremie|63/100 brn|[from] brn
|upkeep
|turn|22
|
|t:|1779857703
|move|p2a: Ogerpon|Swords Dance|p2a: Ogerpon
|-boost|p2a: Ogerpon|atk|2
|move|p1a: Alcremie|Draining Kiss|p2a: Ogerpon
|-damage|p2a: Ogerpon|37/100
|-heal|p1a: Alcremie|80/100 brn|[from] drain|[of] p2a: Ogerpon
|
|-heal|p1a: Alcremie|86/100 brn|[from] item: Leftovers
|-damage|p1a: Alcremie|80/100 brn|[from] brn
|upkeep
|turn|23
|
|t:|1779857714
|move|p2a: Ogerpon|Swords Dance|p2a: Ogerpon
|-boost|p2a: Ogerpon|atk|2
|move|p1a: Alcremie|Stored Power|p2a: Ogerpon
|-damage|p2a: Ogerpon|4/100
|
|-heal|p1a: Alcremie|86/100 brn|[from] item: Leftovers
|-damage|p1a: Alcremie|80/100 brn|[from] brn
|upkeep
|turn|24
|
|t:|1779857723
|move|p2a: Ogerpon|Ivy Cudgel|p1a: Alcremie|[anim] Ivy Cudgel Water
|-damage|p1a: Alcremie|0 fnt
|faint|p1a: Alcremie
|
|upkeep
|
|t:|1779857729
|switch|p1a: Sinistcha|Sinistcha-Masterpiece|100/100
|-damage|p1a: Sinistcha|88/100|[from] Stealth Rock
|turn|25
|
|t:|1779857735
|move|p2a: Ogerpon|U-turn|p1a: Sinistcha
|-damage|p1a: Sinistcha|15/100
|
|t:|1779857738
|switch|p2a: Cinderace|Cinderace, M|28/100 brn|[from] U-turn
|move|p1a: Sinistcha|Strength Sap|p2a: Cinderace
|-unboost|p2a: Cinderace|atk|1
|-heal|p1a: Sinistcha|100/100
|
|-damage|p2a: Cinderace|22/100 brn|[from] brn
|upkeep
|turn|26
|
|t:|1779857750
|move|p2a: Cinderace|Sucker Punch||[still]
|-fail|p2a: Cinderace
|move|p1a: Sinistcha|Calm Mind|p1a: Sinistcha
|-boost|p1a: Sinistcha|spa|1
|-boost|p1a: Sinistcha|spd|1
|
|-damage|p2a: Cinderace|16/100 brn|[from] brn
|upkeep
|turn|27
|
|t:|1779857759
|move|p2a: Cinderace|Will-O-Wisp|p1a: Sinistcha
|-status|p1a: Sinistcha|brn
|move|p1a: Sinistcha|Matcha Gotcha|p2a: Cinderace|[miss]
|-miss|p1a: Sinistcha|p2a: Cinderace
|
|-damage|p2a: Cinderace|10/100 brn|[from] brn
|-damage|p1a: Sinistcha|98/100 brn|[from] brn
|upkeep
|turn|28
|
|t:|1779857772
|move|p2a: Cinderace|U-turn|p1a: Sinistcha
|-start|p2a: Cinderace|typechange|Bug|[from] ability: Libero
|-damage|p1a: Sinistcha|88/100 brn
|
|t:|1779857777
|switch|p2a: Garganacl|Garganacl, F|100/100|[from] U-turn
|move|p1a: Sinistcha|Calm Mind|p1a: Sinistcha
|-boost|p1a: Sinistcha|spa|1
|-boost|p1a: Sinistcha|spd|1
|
|-damage|p1a: Sinistcha|85/100 brn|[from] brn
|upkeep
|turn|29
|
|t:|1779857787
|move|p1a: Sinistcha|Matcha Gotcha|p2a: Garganacl
|-supereffective|p2a: Garganacl
|-damage|p2a: Garganacl|0 fnt
|-heal|p1a: Sinistcha|100/100 brn|[from] drain|[of] p2a: Garganacl
|faint|p2a: Garganacl
|
|-damage|p1a: Sinistcha|98/100 brn|[from] brn
|upkeep
|
|t:|1779857796
|switch|p2a: Gholdengo|Gholdengo|2/100
|turn|30
|
|t:|1779857805
|move|p2a: Gholdengo|Shadow Ball|p1a: Sinistcha
|-supereffective|p1a: Sinistcha
|-damage|p1a: Sinistcha|44/100 brn
|-enditem|p1a: Sinistcha|Weakness Policy
|-boost|p1a: Sinistcha|atk|2|[from] item: Weakness Policy
|-boost|p1a: Sinistcha|spa|2|[from] item: Weakness Policy
|move|p1a: Sinistcha|Shadow Ball|p2a: Gholdengo
|-supereffective|p2a: Gholdengo
|-damage|p2a: Gholdengo|0 fnt
|faint|p2a: Gholdengo
|
|-damage|p1a: Sinistcha|41/100 brn|[from] brn
|upkeep
|
|t:|1779857829
|switch|p2a: Ogerpon|Ogerpon-Wellspring-Tera, F, tera:Water|4/100
|-ability|p2a: Ogerpon|Embody Aspect (Wellspring)|boost
|-boost|p2a: Ogerpon|spd|1
|turn|31
|
|t:|1779857834
|move|p2a: Ogerpon|U-turn|p1a: Sinistcha
|-damage|p1a: Sinistcha|16/100 brn
|
|t:|1779857838
|switch|p2a: Cinderace|Cinderace, M|10/100 brn|[from] U-turn
|move|p1a: Sinistcha|Strength Sap|p2a: Cinderace
|-unboost|p2a: Cinderace|atk|1
|-heal|p1a: Sinistcha|100/100 brn
|
|-damage|p2a: Cinderace|4/100 brn|[from] brn
|-damage|p1a: Sinistcha|98/100 brn|[from] brn
|upkeep
|turn|32
|
|t:|1779857850
|move|p2a: Cinderace|Sucker Punch||[still]
|-fail|p2a: Cinderace
|move|p1a: Sinistcha|Strength Sap|p2a: Cinderace
|-unboost|p2a: Cinderace|atk|1
|-heal|p1a: Sinistcha|100/100 brn
|
|-damage|p2a: Cinderace|0 fnt|[from] brn
|faint|p2a: Cinderace
|-damage|p1a: Sinistcha|98/100 brn|[from] brn
|upkeep
|
|t:|1779857852
|switch|p2a: Ogerpon|Ogerpon-Wellspring-Tera, F, tera:Water|4/100
|-ability|p2a: Ogerpon|Embody Aspect (Wellspring)|boost
|-boost|p2a: Ogerpon|spd|1
|turn|33
|
|t:|1779857865
|move|p2a: Ogerpon|Swords Dance|p2a: Ogerpon
|-boost|p2a: Ogerpon|atk|2
|move|p1a: Sinistcha|Shadow Ball|p2a: Ogerpon
|-damage|p2a: Ogerpon|0 fnt
|faint|p2a: Ogerpon
|detailschange|p2: Ogerpon|Ogerpon-Wellspring, F|[silent]
|
|win|rowlet13tb
|raw|rowlet13tb's rating: 1360 &rarr; <strong>1380</strong><br />(+20 for winning)
|raw|cnlp's rating: 1367 &rarr; <strong>1347</strong><br />(-20 for losing)
|l|‽cnlp
|player|p2|
|l|☆rowlet13tb
|player|p1|
