|j|☆Walvis Timmy
|j|☆Slopslop no Midren
|t:|1779815415
|gametype|singles
|player|p1|Walvis Timmy|1|1583
|player|p2|Slopslop no Midren|102|1632
|gen|9
|tier|[Gen 9] OU
|rated|
|rule|HP Percentage Mod: HP is shown in percentages
|rule|Endless Battle Clause: Forcing endless battles is banned
|rule|Species Clause: Limit one of each Pokémon
|rule|OHKO Clause: OHKO moves are banned
|rule|Evasion Items Clause: Evasion items are banned
|rule|Evasion Moves Clause: Evasion moves are banned
|rule|Evasion Abilities Clause: Evasion abilities are banned
|rule|Sleep Moves Clause: Sleep-inducing moves are banned
|clearpoke
|poke|p1|Cramorant, M|
|poke|p1|Gallade, M|
|poke|p1|Kingambit, M|
|poke|p1|Iron Moth|
|poke|p1|Enamorus, F|
|poke|p1|Ogerpon-Cornerstone, F|
|poke|p2|Magnezone|
|poke|p2|Dragonite, M|
|poke|p2|Great Tusk|
|poke|p2|Iron Valiant|
|poke|p2|Samurott-Hisui, F|
|poke|p2|Slowking-Galar, F|
|teampreview
|inactive|Battle timer is ON: inactive players will automatically lose when time's up. (requested by Slopslop no Midren)
|inactive|Walvis Timmy has 120 seconds left.
|
|t:|1779815459
|teamsize|p1|6
|teamsize|p2|6
|start
|switch|p1a: Gallade|Gallade, M|100/100
|switch|p2a: Magnezone|Magnezone|100/100
|turn|1
|
|t:|1779815478
|switch|p2a: Great Tusk|Great Tusk|100/100
|move|p1a: Gallade|Sacred Sword|p2a: Great Tusk
|-damage|p2a: Great Tusk|62/100
|-damage|p1a: Gallade|84/100|[from] item: Rocky Helmet|[of] p2a: Great Tusk
|
|upkeep
|turn|2
|
|t:|1779815491
|-end|p2a: Great Tusk|Protosynthesis|[silent]
|switch|p2a: Samurott|Samurott-Hisui, F|100/100
|move|p1a: Gallade|Psycho Cut|p2a: Samurott
|-immune|p2a: Samurott
|
|upkeep
|turn|3
|
|t:|1779815496
|move|p2a: Samurott|Razor Shell|p1a: Gallade|[miss]
|-miss|p2a: Samurott|p1a: Gallade
|move|p1a: Gallade|Sacred Sword|p2a: Samurott
|-supereffective|p2a: Samurott
|-damage|p2a: Samurott|0 fnt
|faint|p2a: Samurott
|
|upkeep
|
|t:|1779815503
|switch|p2a: Great Tusk|Great Tusk|62/100
|turn|4
|
|t:|1779815506
|switch|p1a: Enamorus|Enamorus, F|100/100
|move|p2a: Great Tusk|Headlong Rush|p1a: Enamorus
|-immune|p1a: Enamorus
|
|upkeep
|turn|5
|
|t:|1779815512
|-end|p2a: Great Tusk|Protosynthesis|[silent]
|switch|p2a: Slowking|Slowking-Galar, F|100/100
|move|p1a: Enamorus|Earth Power|p2a: Slowking
|-supereffective|p2a: Slowking
|-damage|p2a: Slowking|64/100
|
|upkeep
|turn|6
|
|t:|1779815517
|switch|p1a: Kingambit|Kingambit, M|100/100
|move|p2a: Slowking|Sludge Bomb|p1a: Kingambit
|-immune|p1a: Kingambit
|
|upkeep
|turn|7
|
|t:|1779815527
|switch|p2a: Great Tusk|Great Tusk|62/100
|move|p1a: Kingambit|Low Kick|p2a: Great Tusk
|-damage|p2a: Great Tusk|26/100
|-damage|p1a: Kingambit|84/100|[from] item: Rocky Helmet|[of] p2a: Great Tusk
|-damage|p1a: Kingambit|74/100|[from] item: Life Orb
|
|upkeep
|turn|8
|
|t:|1779815535
|-end|p1a: Kingambit|fallenundefined|[silent]
|switch|p1a: Cramorant|Cramorant, M, shiny|100/100
|move|p2a: Great Tusk|Stealth Rock|p1a: Cramorant
|-sidestart|p1: Walvis Timmy|move: Stealth Rock
|
|upkeep
|turn|9
|
|t:|1779815540
|-end|p2a: Great Tusk|Protosynthesis|[silent]
|switch|p2a: Slowking|Slowking-Galar, F|98/100
|move|p1a: Cramorant|Tailwind|p1a: Cramorant
|-sidestart|p1: Walvis Timmy|move: Tailwind
|
|upkeep
|turn|10
|
|t:|1779815546
|move|p1a: Cramorant|Defog|p2a: Slowking
|-unboost|p2a: Slowking|evasion|1
|-sideend|p1: Walvis Timmy|Stealth Rock|[from] move: Defog|[of] p1a: Cramorant
|move|p2a: Slowking|Thunder Wave|p1a: Cramorant
|-status|p1a: Cramorant|par
|
|upkeep
|turn|11
|
|t:|1779815552
|switch|p1a: Gallade|Gallade, M|84/100
|move|p2a: Slowking|Future Sight|p1a: Gallade
|-start|p2a: Slowking|move: Future Sight
|
|upkeep
|turn|12
|
|t:|1779815561
|move|p1a: Gallade|Swords Dance|p1a: Gallade
|-boost|p1a: Gallade|atk|2
|-prepare|p2a: Slowking|Chilly Reception|[premajor]
|move|p2a: Slowking|Chilly Reception|p2a: Slowking
|-weather|Snowscape
|
|t:|1779815564
|switch|p2a: Great Tusk|Great Tusk|26/100|[from] Chilly Reception
|
|-weather|Snowscape|[upkeep]
|-sideend|p1: Walvis Timmy|move: Tailwind
|upkeep
|turn|13
|
|t:|1779815567
|move|p2a: Great Tusk|Headlong Rush|p1a: Gallade
|-crit|p1a: Gallade
|-damage|p1a: Gallade|0 fnt
|-unboost|p2a: Great Tusk|def|1
|-unboost|p2a: Great Tusk|spd|1
|faint|p1a: Gallade
|
|-weather|Snowscape|[upkeep]
|-hint|Future Sight did not hit because the target is fainted.
|upkeep
|j| invmenot
|
|t:|1779815579
|switch|p1a: Ogerpon|Ogerpon-Cornerstone, F|100/100
|turn|14
|
|t:|1779815585
|-end|p2a: Great Tusk|Protosynthesis|[silent]
|switch|p2a: Magnezone|Magnezone|100/100
|move|p1a: Ogerpon|Trailblaze|p2a: Magnezone
|-resisted|p2a: Magnezone
|-damage|p2a: Magnezone|84/100
|-boost|p1a: Ogerpon|spe|1
|
|-weather|Snowscape|[upkeep]
|upkeep
|turn|15
|j| PCCWVictorMa
|
|t:|1779815601
|switch|p1a: Enamorus|Enamorus, F|100/100
|move|p2a: Magnezone|Flash Cannon|p1a: Enamorus
|-supereffective|p1a: Enamorus
|-enditem|p1a: Enamorus|Focus Sash
|-damage|p1a: Enamorus|1/100
|
|-weather|Snowscape|[upkeep]
|upkeep
|turn|16
|
|t:|1779815605
|-terastallize|p2a: Magnezone|Flying
|move|p1a: Enamorus|Earth Power|p2a: Magnezone
|-immune|p2a: Magnezone
|move|p2a: Magnezone|Flash Cannon|p1a: Enamorus
|-supereffective|p1a: Enamorus
|-damage|p1a: Enamorus|0 fnt
|faint|p1a: Enamorus
|
|-weather|none
|upkeep
|
|t:|1779815617
|switch|p1a: Iron Moth|Iron Moth|100/100
|-enditem|p1a: Iron Moth|Booster Energy
|-activate|p1a: Iron Moth|ability: Quark Drive|[fromitem]
|-start|p1a: Iron Moth|quarkdrivespe
|turn|17
|
|t:|1779815626
|move|p1a: Iron Moth|Fiery Dance|p2a: Magnezone
|-damage|p2a: Magnezone|34/100
|-boost|p1a: Iron Moth|spa|1
|move|p2a: Magnezone|Volt Switch|p1a: Iron Moth
|-damage|p1a: Iron Moth|52/100
|l| invmenot
|
|t:|1779815639
|switch|p2a: Slowking|Slowking-Galar, F|100/100|[from] Volt Switch
|
|upkeep
|turn|18
|
|t:|1779815645
|move|p1a: Iron Moth|Fiery Dance|p2a: Slowking
|-damage|p2a: Slowking|66/100
|-boost|p1a: Iron Moth|spa|1
|move|p2a: Slowking|Thunder Wave|p1a: Iron Moth
|-status|p1a: Iron Moth|par
|
|upkeep
|turn|19
|
|t:|1779815650
|move|p1a: Iron Moth|Fiery Dance|p2a: Slowking
|-damage|p2a: Slowking|20/100
|-boost|p1a: Iron Moth|spa|1
|-prepare|p2a: Slowking|Chilly Reception|[premajor]
|move|p2a: Slowking|Chilly Reception|p2a: Slowking
|-weather|Snowscape
|
|t:|1779815656
|switch|p2a: Great Tusk|Great Tusk|26/100|[from] Chilly Reception
|
|-weather|Snowscape|[upkeep]
|upkeep
|turn|20
|
|t:|1779815661
|-end|p1a: Iron Moth|Quark Drive|[silent]
|switch|p1a: Cramorant|Cramorant, M, shiny|100/100 par
|move|p2a: Great Tusk|Headlong Rush|p1a: Cramorant
|-immune|p1a: Cramorant
|
|-weather|Snowscape|[upkeep]
|upkeep
|turn|21
|
|t:|1779815665
|-end|p2a: Great Tusk|Protosynthesis|[silent]
|switch|p2a: Slowking|Slowking-Galar, F|54/100
|move|p1a: Cramorant|Surf|p2a: Slowking
|-formechange|p1a: Cramorant|Cramorant-Gulping|
|-damage|p2a: Slowking|31/100
|
|-weather|Snowscape|[upkeep]
|upkeep
|turn|22
|
|t:|1779815672
|cant|p1a: Cramorant|par
|move|p2a: Slowking|Future Sight|p1a: Cramorant
|-start|p2a: Slowking|move: Future Sight
|
|-weather|Snowscape|[upkeep]
|upkeep
|turn|23
|
|t:|1779815675
|move|p1a: Cramorant|Surf|p2a: Slowking
|-damage|p2a: Slowking|10/100
|-prepare|p2a: Slowking|Chilly Reception|[premajor]
|move|p2a: Slowking|Chilly Reception|p2a: Slowking
|
|t:|1779815681
|switch|p2a: Magnezone|Magnezone, tera:Flying|34/100|[from] Chilly Reception
|
|-weather|none
|upkeep
|turn|24
|
|t:|1779815686
|move|p2a: Magnezone|Volt Switch|p1a: Cramorant
|-supereffective|p1a: Cramorant
|-enditem|p1a: Cramorant|Focus Sash
|-damage|p1a: Cramorant|1/100 par
|-damage|p2a: Magnezone|9/100|[from] ability: Gulp Missile|[of] p1a: Cramorant
|-unboost|p2a: Magnezone|def|1
|-formechange|p1a: Cramorant|Cramorant|
|
|t:|1779815690
|switch|p2a: Slowking|Slowking-Galar, F|44/100|[from] Volt Switch
|move|p1a: Cramorant|Surf|p2a: Slowking
|-formechange|p1a: Cramorant|Cramorant-Gorging|
|-damage|p2a: Slowking|23/100
|
|-end|p1a: Cramorant|move: Future Sight
|-damage|p1a: Cramorant|0 fnt
|-damage|p2a: Slowking|0 fnt|[from] ability: Gulp Missile|[of] p1a: Cramorant
|-formechange|p1a: Cramorant|Cramorant|
|faint|p1a: Cramorant
|faint|p2a: Slowking
|upkeep
|
|t:|1779815704
|switch|p1a: Ogerpon|Ogerpon-Cornerstone, F|100/100
|switch|p2a: Great Tusk|Great Tusk|26/100
|turn|25
|
|t:|1779815710
|move|p1a: Ogerpon|Trailblaze|p2a: Great Tusk
|-supereffective|p2a: Great Tusk
|-damage|p2a: Great Tusk|0 fnt
|-boost|p1a: Ogerpon|spe|1
|-damage|p1a: Ogerpon|84/100|[from] item: Rocky Helmet|[of] p2a: Great Tusk
|faint|p2a: Great Tusk
|-end|p2a: Great Tusk|Protosynthesis|[silent]
|
|upkeep
|
|t:|1779815712
|switch|p2a: Dragonite|Dragonite, M|100/100
|turn|26
|
|t:|1779815718
|move|p1a: Ogerpon|Ivy Cudgel|p2a: Dragonite|[anim] Ivy Cudgel Rock
|-supereffective|p2a: Dragonite
|-damage|p2a: Dragonite|41/100
|move|p2a: Dragonite|Ice Spinner|p1a: Ogerpon
|-supereffective|p1a: Ogerpon
|-damage|p1a: Ogerpon|0 fnt
|faint|p1a: Ogerpon
|
|upkeep
|
|t:|1779815722
|switch|p1a: Kingambit|Kingambit, M|74/100
|-activate|p1a: Kingambit|ability: Supreme Overlord
|-start|p1a: Kingambit|fallen4|[silent]
|turn|27
|
|t:|1779815728
|move|p2a: Dragonite|Earthquake|p1a: Kingambit
|-supereffective|p1a: Kingambit
|-damage|p1a: Kingambit|1/100
|move|p1a: Kingambit|Iron Head|p2a: Dragonite
|-damage|p2a: Dragonite|0 fnt
|faint|p2a: Dragonite
|-damage|p1a: Kingambit|0 fnt|[from] item: Life Orb
|faint|p1a: Kingambit
|-end|p1a: Kingambit|fallen4|[silent]
|
|upkeep
|-message|Walvis Timmy forfeited.
|
|win|Slopslop no Midren
|raw|Walvis Timmy's rating: 1583 &rarr; <strong>1566</strong><br />(-17 for losing)
|raw|Slopslop no Midren's rating: 1632 &rarr; <strong>1649</strong><br />(+17 for winning)
|l|☆Walvis Timmy
|player|p1|
|l|☆Slopslop no Midren
|player|p2|
|j| invmenot
|l| invmenot
|j| invmenot
