|j|☆abraham_305
|j|☆kakabre
|t:|1779924754
|gametype|singles
|player|p1|abraham_305|266|1396
|player|p2|kakabre|169|1426
|gen|9
|tier|[Gen 9] OU
|rated|
|rule|HP Percentage Mod: HP is shown in percentages
|rule|Endless Battle Clause: Forcing endless battles is banned
|rule|Species Clause: Limit one of each Pokémon
|rule|OHKO Clause: OHKO moves are banned
|rule|Evasion Items Clause: Evasion items are banned
|rule|Evasion Moves Clause: Evasion moves are banned
|rule|Evasion Abilities Clause: Evasion abilities are banned
|rule|Sleep Moves Clause: Sleep-inducing moves are banned
|clearpoke
|poke|p1|Ninetales-Alola, F|
|poke|p1|Grimmsnarl, M|
|poke|p1|Glimmora, F|
|poke|p1|Zapdos|
|poke|p1|Dondozo, F|
|poke|p1|Primarina, F|
|poke|p2|Iron Crown|
|poke|p2|Dragonite, M|
|poke|p2|Raging Bolt|
|poke|p2|Corviknight, M|
|poke|p2|Landorus-Therian, M|
|poke|p2|Primarina, M|
|teampreview
|inactive|Battle timer is ON: inactive players will automatically lose when time's up. (requested by abraham_305)
|
|t:|1779924760
|teamsize|p1|6
|teamsize|p2|6
|start
|switch|p1a: Grimmsnarl|Grimmsnarl, M|100/100
|switch|p2a: horsey|Iron Crown|100/100
|turn|1
|
|t:|1779924768
|move|p1a: Grimmsnarl|Sucker Punch|p2a: horsey
|-supereffective|p2a: horsey
|-damage|p2a: horsey|0 fnt
|faint|p2a: horsey
|-end|p2a: horsey|Quark Drive|[silent]
|
|upkeep
|
|t:|1779924781
|switch|p2a: gorl|Primarina, M|100/100
|turn|2
|
|t:|1779924786
|switch|p1a: Ninetales|Ninetales-Alola, F, shiny|100/100
|-weather|Snowscape|[from] ability: Snow Warning|[of] p1a: Ninetales
|move|p2a: gorl|Moonblast|p1a: Ninetales
|-damage|p1a: Ninetales|40/100
|
|-weather|Snowscape|[upkeep]
|upkeep
|turn|3
|
|t:|1779924790
|move|p1a: Ninetales|Aurora Veil|p1a: Ninetales
|-sidestart|p1: abraham_305|move: Aurora Veil
|move|p2a: gorl|Moonblast|p1a: Ninetales
|-damage|p1a: Ninetales|12/100
|
|-weather|Snowscape|[upkeep]
|upkeep
|turn|4
|
|t:|1779924793
|move|p1a: Ninetales|Freeze-Dry|p2a: gorl
|-supereffective|p2a: gorl
|-damage|p2a: gorl|76/100
|move|p2a: gorl|Moonblast|p1a: Ninetales
|-crit|p1a: Ninetales
|-damage|p1a: Ninetales|0 fnt
|faint|p1a: Ninetales
|
|-weather|Snowscape|[upkeep]
|upkeep
|
|t:|1779924800
|switch|p1a: Glimmora|Glimmora, F|100/100
|turn|5
|
|t:|1779924823
|move|p1a: Glimmora|Toxic|p2a: gorl
|-status|p2a: gorl|tox
|move|p2a: gorl|Sparkling Aria|p1a: Glimmora
|-supereffective|p1a: Glimmora
|-damage|p1a: Glimmora|29/100
|
|-weather|Snowscape|[upkeep]
|-damage|p2a: gorl|69/100 tox|[from] psn
|upkeep
|turn|6
|
|t:|1779924832
|move|p1a: Glimmora|Sludge Bomb|p2a: gorl
|-supereffective|p2a: gorl
|-damage|p2a: gorl|26/100 tox
|move|p2a: gorl|Sparkling Aria|p1a: Glimmora
|-supereffective|p1a: Glimmora
|-damage|p1a: Glimmora|0 fnt
|faint|p1a: Glimmora
|
|-weather|none
|-damage|p2a: gorl|13/100 tox|[from] psn
|upkeep
|
|t:|1779924841
|switch|p1a: Zapdos|Zapdos|100/100
|turn|7
|
|t:|1779924858
|move|p1a: Zapdos|Heat Wave|p2a: gorl
|-resisted|p2a: gorl
|-damage|p2a: gorl|1/100 tox
|move|p2a: gorl|Moonblast|p1a: Zapdos
|-damage|p1a: Zapdos|74/100
|
|-damage|p2a: gorl|0 fnt|[from] psn
|faint|p2a: gorl
|upkeep
|inactive|kakabre has 120 seconds left.
|
|t:|1779924880
|switch|p2a: grumpy|Landorus-Therian, M|100/100
|-ability|p2a: grumpy|Intimidate|boost
|-unboost|p1a: Zapdos|atk|1
|turn|8
|inactive|kakabre has 120 seconds left.
|
|t:|1779924891
|move|p1a: Zapdos|Heat Wave|p2a: grumpy
|-damage|p2a: grumpy|42/100
|move|p2a: grumpy|Stone Edge|p1a: Zapdos
|-supereffective|p1a: Zapdos
|-damage|p1a: Zapdos|27/100
|
|upkeep
|turn|9
|inactive|kakabre has 120 seconds left.
|
|t:|1779924912
|switch|p2a: hi|Dragonite, M|100/100
|move|p1a: Zapdos|Heat Wave|p2a: hi
|-resisted|p2a: hi
|-damage|p2a: hi|91/100
|
|upkeep
|turn|10
|
|t:|1779924929
|switch|p1a: Primarina|Primarina, F|100/100
|-terastallize|p2a: hi|Normal
|move|p2a: hi|Extreme Speed|p1a: Primarina
|-damage|p1a: Primarina|71/100
|
|-sideend|p1: abraham_305|move: Aurora Veil
|upkeep
|turn|11
|
|t:|1779924940
|switch|p2a: glizzy gobbler|Corviknight, M|100/100
|move|p1a: Primarina|Hyper Voice|p2a: glizzy gobbler
|-crit|p2a: glizzy gobbler
|-damage|p2a: glizzy gobbler|0 fnt
|faint|p2a: glizzy gobbler
|
|upkeep
|
|t:|1779924952
|switch|p2a: tall boi|Raging Bolt|100/100
|turn|12
|
|t:|1779924963
|switch|p1a: Zapdos|Zapdos|27/100
|move|p2a: tall boi|Thunderbolt|p1a: Zapdos
|-damage|p1a: Zapdos|0 fnt
|faint|p1a: Zapdos
|
|upkeep
|
|t:|1779924968
|switch|p1a: Grimmsnarl|Grimmsnarl, M|100/100
|turn|13
|inactive|kakabre has 120 seconds left.
|
|t:|1779924993
|move|p2a: tall boi|Volt Switch|p1a: Grimmsnarl
|-damage|p1a: Grimmsnarl|58/100
|
|t:|1779924994
|-end|p2a: tall boi|Protosynthesis|[silent]
|switch|p2a: grumpy|Landorus-Therian, M|42/100|[from] Volt Switch
|-ability|p2a: grumpy|Intimidate|boost
|-unboost|p1a: Grimmsnarl|atk|1
|move|p1a: Grimmsnarl|Play Rough|p2a: grumpy
|-damage|p2a: grumpy|0 fnt
|-damage|p1a: Grimmsnarl|41/100|[from] item: Rocky Helmet|[of] p2a: grumpy
|faint|p2a: grumpy
|
|upkeep
|
|t:|1779925012
|switch|p2a: hi|Dragonite, M, tera:Normal|91/100
|turn|14
|
|t:|1779925018
|switch|p1a: Primarina|Primarina, F|71/100
|move|p2a: hi|Extreme Speed|p1a: Primarina
|-damage|p1a: Primarina|14/100
|
|upkeep
|turn|15
|
|t:|1779925024
|move|p2a: hi|Extreme Speed|p1a: Primarina
|-damage|p1a: Primarina|0 fnt
|faint|p1a: Primarina
|
|upkeep
|
|t:|1779925026
|switch|p1a: Dondozo|Dondozo, F, shiny|100/100
|turn|16
|
|t:|1779925037
|move|p1a: Dondozo|Curse|p1a: Dondozo
|-unboost|p1a: Dondozo|spe|1
|-boost|p1a: Dondozo|atk|1
|-boost|p1a: Dondozo|def|1
|move|p2a: hi|Dragon Tail|p1a: Dondozo|[miss]
|-miss|p2a: hi|p1a: Dondozo
|
|upkeep
|turn|17
|
|t:|1779925043
|move|p1a: Dondozo|Body Press|p2a: hi
|-supereffective|p2a: hi
|-damage|p2a: hi|37/100
|move|p2a: hi|Dragon Tail|p1a: Dondozo
|-damage|p1a: Dondozo|85/100
|drag|p1a: Grimmsnarl|Grimmsnarl, M|41/100
|
|upkeep
|turn|18
|
|t:|1779925052
|switch|p1a: Dondozo|Dondozo, F, shiny|85/100
|move|p2a: hi|Extreme Speed|p1a: Dondozo
|-damage|p1a: Dondozo|56/100
|
|-heal|p1a: Dondozo|62/100|[from] item: Leftovers
|upkeep
|turn|19
|
|t:|1779925055
|switch|p2a: tall boi|Raging Bolt|100/100
|move|p1a: Dondozo|Body Press|p2a: tall boi
|-damage|p2a: tall boi|84/100
|
|-heal|p1a: Dondozo|68/100|[from] item: Leftovers
|upkeep
|turn|20
|
|t:|1779925069
|-terastallize|p1a: Dondozo|Dragon
|move|p2a: tall boi|Volt Switch|p1a: Dondozo
|-resisted|p1a: Dondozo
|-damage|p1a: Dondozo|50/100
|
|t:|1779925073
|-end|p2a: tall boi|Protosynthesis|[silent]
|switch|p2a: hi|Dragonite, M, tera:Normal|37/100|[from] Volt Switch
|move|p1a: Dondozo|Earthquake|p2a: hi
|-damage|p2a: hi|8/100
|
|-heal|p1a: Dondozo|56/100|[from] item: Leftovers
|upkeep
|turn|21
|inactive|kakabre has 120 seconds left.
|
|t:|1779925116
|switch|p2a: tall boi|Raging Bolt|84/100
|move|p1a: Dondozo|Earthquake|p2a: tall boi
|-supereffective|p2a: tall boi
|-damage|p2a: tall boi|32/100
|
|-heal|p1a: Dondozo|62/100|[from] item: Leftovers
|upkeep
|turn|22
|
|t:|1779925122
|switch|p1a: Grimmsnarl|Grimmsnarl, M|41/100
|move|p2a: tall boi|Draco Meteor|p1a: Grimmsnarl
|-immune|p1a: Grimmsnarl
|
|upkeep
|turn|23
|inactive|kakabre has 120 seconds left.
|
|t:|1779925131
|move|p1a: Grimmsnarl|Trick|p2a: tall boi
|-activate|p1a: Grimmsnarl|move: Trick|[of] p2a: tall boi
|-item|p2a: tall boi|Choice Band|[from] move: Trick
|-item|p1a: Grimmsnarl|Heavy-Duty Boots|[from] move: Trick
|move|p2a: tall boi|Thunderbolt|p1a: Grimmsnarl
|-damage|p1a: Grimmsnarl|0 fnt
|faint|p1a: Grimmsnarl
|
|upkeep
|
|t:|1779925136
|switch|p1a: Dondozo|Dondozo, F, shiny, tera:Dragon|62/100
|turn|24
|
|t:|1779925144
|move|p2a: tall boi|Thunderbolt|p1a: Dondozo
|-resisted|p1a: Dondozo
|-damage|p1a: Dondozo|38/100
|move|p1a: Dondozo|Earthquake|p2a: tall boi
|-supereffective|p2a: tall boi
|-damage|p2a: tall boi|0 fnt
|faint|p2a: tall boi
|-end|p2a: tall boi|Protosynthesis|[silent]
|
|-heal|p1a: Dondozo|44/100|[from] item: Leftovers
|upkeep
|
|t:|1779925146
|switch|p2a: hi|Dragonite, M, tera:Normal|8/100
|turn|25
|
|t:|1779925150
|move|p2a: hi|Roost|p2a: hi
|-heal|p2a: hi|58/100
|move|p1a: Dondozo|Body Press|p2a: hi
|-supereffective|p2a: hi
|-damage|p2a: hi|22/100
|
|-heal|p1a: Dondozo|50/100|[from] item: Leftovers
|upkeep
|turn|26
|
|t:|1779925154
|move|p2a: hi|Roost|p2a: hi
|-heal|p2a: hi|72/100
|move|p1a: Dondozo|Curse|p1a: Dondozo
|-unboost|p1a: Dondozo|spe|1
|-boost|p1a: Dondozo|atk|1
|-boost|p1a: Dondozo|def|1
|
|-heal|p1a: Dondozo|56/100|[from] item: Leftovers
|upkeep
|turn|27
|
|t:|1779925158
|move|p1a: Dondozo|Body Press|p2a: hi
|-supereffective|p2a: hi
|-damage|p2a: hi|18/100
|move|p2a: hi|Dragon Tail|p1a: Dondozo
|-supereffective|p1a: Dondozo
|-damage|p1a: Dondozo|27/100
|
|-heal|p1a: Dondozo|33/100|[from] item: Leftovers
|upkeep
|turn|28
|
|t:|1779925161
|move|p1a: Dondozo|Body Press|p2a: hi
|-supereffective|p2a: hi
|-damage|p2a: hi|0 fnt
|faint|p2a: hi
|
|win|abraham_305
|raw|abraham_305's rating: 1396 &rarr; <strong>1418</strong><br />(+22 for winning)
|raw|kakabre's rating: 1426 &rarr; <strong>1404</strong><br />(-22 for losing)
|l|☆kakabre
|player|p2|
