|j|☆psygoat12
|j|☆i_love_lulu
|t:|1779804399
|gametype|singles
|player|p1|psygoat12|chuck|1316
|player|p2|i_love_lulu|169|1349
|gen|9
|tier|[Gen 9] OU
|rated|
|rule|HP Percentage Mod: HP is shown in percentages
|rule|Endless Battle Clause: Forcing endless battles is banned
|rule|Species Clause: Limit one of each Pokémon
|rule|OHKO Clause: OHKO moves are banned
|rule|Evasion Items Clause: Evasion items are banned
|rule|Evasion Moves Clause: Evasion moves are banned
|rule|Evasion Abilities Clause: Evasion abilities are banned
|rule|Sleep Moves Clause: Sleep-inducing moves are banned
|clearpoke
|poke|p1|Pelipper, M|
|poke|p1|Iron Treads|
|poke|p1|Zapdos|
|poke|p1|Kingdra, F|
|poke|p1|Kingambit, F|
|poke|p1|Hariyama, M|
|poke|p2|Gliscor, M|
|poke|p2|Clodsire, F|
|poke|p2|Kingambit, F|
|poke|p2|Great Tusk|
|poke|p2|Dragapult, F|
|poke|p2|Heatran, F|
|teampreview
|
|t:|1779804430
|teamsize|p1|6
|teamsize|p2|6
|start
|switch|p1a: Hariyama|Hariyama, M|100/100
|switch|p2a: Clodsire|Clodsire, F|100/100
|turn|1
|inactive|Battle timer is ON: inactive players will automatically lose when time's up. (requested by i_love_lulu)
|
|t:|1779804459
|switch|p1a: Iron Treads|Iron Treads|100/100
|-enditem|p1a: Iron Treads|Booster Energy
|-activate|p1a: Iron Treads|ability: Quark Drive|[fromitem]
|-start|p1a: Iron Treads|quarkdrivespe
|move|p2a: Clodsire|Stealth Rock|p1a: Iron Treads
|-sidestart|p1: psygoat12|move: Stealth Rock
|
|upkeep
|turn|2
|
|t:|1779804468
|switch|p2a: Great Tusk|Great Tusk|100/100
|move|p1a: Iron Treads|Earthquake|p2a: Great Tusk
|-damage|p2a: Great Tusk|72/100
|
|upkeep
|turn|3
|
|t:|1779804480
|-end|p1a: Iron Treads|Quark Drive|[silent]
|switch|p1a: Zapdos|Zapdos|100/100
|-damage|p1a: Zapdos|76/100|[from] Stealth Rock
|move|p2a: Great Tusk|Headlong Rush|p1a: Zapdos
|-immune|p1a: Zapdos
|
|upkeep
|turn|4
|inactive|i_love_lulu has 120 seconds left.
|
|t:|1779804523
|-end|p2a: Great Tusk|Protosynthesis|[silent]
|switch|p2a: Clodsire|Clodsire, F|100/100
|move|p1a: Zapdos|Hurricane|p2a: Clodsire
|-damage|p2a: Clodsire|56/100
|
|-heal|p2a: Clodsire|62/100|[from] item: Leftovers
|upkeep
|turn|5
|
|t:|1779804542
|switch|p1a: Iron Treads|Iron Treads|100/100
|-damage|p1a: Iron Treads|98/100|[from] Stealth Rock
|move|p2a: Clodsire|Poison Jab|p1a: Iron Treads
|-immune|p1a: Iron Treads
|
|-heal|p2a: Clodsire|68/100|[from] item: Leftovers
|upkeep
|turn|6
|inactive|i_love_lulu has 120 seconds left.
|inactive|i_love_lulu has 90 seconds left.
|inactive|i_love_lulu has 60 seconds left.
|c|☆psygoat12|you switch tusk or pult tf is taking so long
|
|t:|1779804626
|move|p1a: Iron Treads|Stealth Rock|p2a: Clodsire
|-sidestart|p2: i_love_lulu|move: Stealth Rock
|move|p2a: Clodsire|Earthquake|p1a: Iron Treads
|-supereffective|p1a: Iron Treads
|-damage|p1a: Iron Treads|57/100
|
|-heal|p2a: Clodsire|75/100|[from] item: Leftovers
|upkeep
|turn|7
|c|☆i_love_lulu|bruh chill i'm at work
|
|t:|1779804641
|move|p1a: Iron Treads|Earthquake|p2a: Clodsire
|-supereffective|p2a: Clodsire
|-damage|p2a: Clodsire|0 fnt
|faint|p2a: Clodsire
|
|upkeep
|
|t:|1779804644
|switch|p2a: Great Tusk|Great Tusk|72/100
|-damage|p2a: Great Tusk|69/100|[from] Stealth Rock
|turn|8
|
|t:|1779804652
|-terastallize|p1a: Iron Treads|Ghost
|move|p2a: Great Tusk|Knock Off|p1a: Iron Treads
|-supereffective|p1a: Iron Treads
|-damage|p1a: Iron Treads|22/100
|move|p1a: Iron Treads|Rapid Spin|p2a: Great Tusk
|-damage|p2a: Great Tusk|59/100
|-boost|p1a: Iron Treads|spe|1
|-damage|p1a: Iron Treads|5/100|[from] item: Rocky Helmet|[of] p2a: Great Tusk
|-sideend|p1: psygoat12|Stealth Rock|[from] move: Rapid Spin|[of] p1a: Iron Treads
|
|upkeep
|turn|9
|
|t:|1779804662
|-end|p1a: Iron Treads|Quark Drive|[silent]
|switch|p1a: Zapdos|Zapdos|76/100
|move|p2a: Great Tusk|Knock Off|p1a: Zapdos
|-damage|p1a: Zapdos|36/100
|-enditem|p1a: Zapdos|Choice Specs|[from] move: Knock Off|[of] p2a: Great Tusk
|
|upkeep
|turn|10
|
|t:|1779804666
|move|p1a: Zapdos|Hurricane|p2a: Great Tusk
|-supereffective|p2a: Great Tusk
|-damage|p2a: Great Tusk|0 fnt
|faint|p2a: Great Tusk
|-end|p2a: Great Tusk|Protosynthesis|[silent]
|
|upkeep
|
|t:|1779804672
|switch|p2a: Gliscor|Gliscor, M|100/100
|-damage|p2a: Gliscor|88/100|[from] Stealth Rock
|turn|11
|
|t:|1779804684
|switch|p1a: Iron Treads|Iron Treads, tera:Ghost|5/100
|move|p2a: Gliscor|Toxic Spikes|p1a: Iron Treads
|-sidestart|p1: psygoat12|move: Toxic Spikes
|
|-status|p2a: Gliscor|tox|[from] item: Toxic Orb
|upkeep
|turn|12
|inactive|i_love_lulu has 90 seconds left.
|inactive|i_love_lulu has 60 seconds left.
|
|t:|1779804741
|-end|p1a: Iron Treads|Quark Drive|[silent]
|switch|p1a: Pelipper|Pelipper, M|100/100
|-weather|RainDance|[from] ability: Drizzle|[of] p1a: Pelipper
|move|p2a: Gliscor|Protect||[still]
|-fail|p2a: Gliscor
|
|-weather|RainDance|[upkeep]
|-heal|p2a: Gliscor|100/100 tox|[from] ability: Poison Heal
|upkeep
|turn|13
|
|t:|1779804748
|move|p2a: Gliscor|Knock Off|p1a: Pelipper
|-damage|p1a: Pelipper|85/100
|-enditem|p1a: Pelipper|Damp Rock|[from] move: Knock Off|[of] p2a: Gliscor
|move|p1a: Pelipper|Weather Ball|p2a: Gliscor
|-supereffective|p2a: Gliscor
|-crit|p2a: Gliscor
|-damage|p2a: Gliscor|0 fnt
|faint|p2a: Gliscor
|
|-weather|RainDance|[upkeep]
|upkeep
|c|☆i_love_lulu|gg
|-message|i_love_lulu forfeited.
|
|win|psygoat12
|raw|psygoat12's rating: 1316 &rarr; <strong>1338</strong><br />(+22 for winning)
|raw|i_love_lulu's rating: 1349 &rarr; <strong>1327</strong><br />(-22 for losing)
|l|☆i_love_lulu
|player|p2|
|l|☆psygoat12
|player|p1|
