|j|☆dadzweq
|j|☆eduardo cheeze
|t:|1779959653
|gametype|singles
|player|p1|dadzweq|1|1299
|player|p2|eduardo cheeze|170|1299
|gen|9
|tier|[Gen 9] OU
|rated|
|rule|HP Percentage Mod: HP is shown in percentages
|rule|Endless Battle Clause: Forcing endless battles is banned
|rule|Species Clause: Limit one of each Pokémon
|rule|OHKO Clause: OHKO moves are banned
|rule|Evasion Items Clause: Evasion items are banned
|rule|Evasion Moves Clause: Evasion moves are banned
|rule|Evasion Abilities Clause: Evasion abilities are banned
|rule|Sleep Moves Clause: Sleep-inducing moves are banned
|clearpoke
|poke|p1|Weezing-Galar, M|
|poke|p1|Ogerpon, F|
|poke|p1|Skarmory, M|
|poke|p1|Alomomola, M|
|poke|p1|Clodsire, M|
|poke|p1|Hydreigon, M|
|poke|p2|Ting-Lu|
|poke|p2|Pecharunt|
|poke|p2|Skarmory, F|
|poke|p2|Latios, M|
|poke|p2|Reuniclus, M|
|poke|p2|Zamazenta-*|
|teampreview
|
|t:|1779959675
|teamsize|p1|6
|teamsize|p2|6
|start
|switch|p1a: Raptor|Skarmory, M, shiny|100/100
|switch|p2a: Skarmory|Skarmory, F|100/100
|turn|1
|
|t:|1779959679
|move|p1a: Raptor|Taunt|p2a: Skarmory
|-start|p2a: Skarmory|move: Taunt
|cant|p2a: Skarmory|move: Taunt|Spikes
|
|upkeep
|turn|2
|
|t:|1779959686
|switch|p2a: Reuniclus|Reuniclus, M|100/100
|move|p1a: Raptor|Spikes|p2a: Reuniclus
|-sidestart|p2: eduardo cheeze|Spikes
|
|upkeep
|turn|3
|
|t:|1779959693
|move|p1a: Raptor|Spikes|p2a: Reuniclus
|-sidestart|p2: eduardo cheeze|Spikes
|move|p2a: Reuniclus|Knock Off|p1a: Raptor
|-damage|p1a: Raptor|89/100
|-enditem|p1a: Raptor|Rocky Helmet|[from] move: Knock Off|[of] p2a: Reuniclus
|
|upkeep
|turn|4
|
|t:|1779959699
|move|p1a: Raptor|Spikes|p2a: Reuniclus
|-sidestart|p2: eduardo cheeze|Spikes
|move|p2a: Reuniclus|Focus Blast|p1a: Raptor
|-damage|p1a: Raptor|0 fnt
|faint|p1a: Raptor
|
|upkeep
|
|t:|1779959710
|switch|p1a: Anonymous|Ogerpon, F|100/100
|turn|5
|
|t:|1779959716
|switch|p2a: Skarmory|Skarmory, F|100/100
|move|p1a: Anonymous|Knock Off|p2a: Skarmory
|-damage|p2a: Skarmory|74/100
|-damage|p1a: Anonymous|84/100|[from] item: Rocky Helmet|[of] p2a: Skarmory
|-enditem|p2a: Skarmory|Rocky Helmet|[from] move: Knock Off|[of] p1a: Anonymous
|
|upkeep
|turn|6
|
|t:|1779959731
|switch|p1a: Hybrid|Hydreigon, M, shiny|100/100
|move|p2a: Skarmory|Spikes|p1a: Hybrid
|-sidestart|p1: dadzweq|Spikes
|
|upkeep
|turn|7
|
|t:|1779959735
|switch|p2a: Ting-Lu|Ting-Lu|100/100
|-damage|p2a: Ting-Lu|76/100|[from] Spikes
|-ability|p2a: Ting-Lu|Vessel of Ruin
|move|p1a: Hybrid|Dark Pulse|p2a: Ting-Lu
|-resisted|p2a: Ting-Lu
|-damage|p2a: Ting-Lu|62/100
|
|-heal|p2a: Ting-Lu|68/100|[from] item: Leftovers
|upkeep
|turn|8
|
|t:|1779959741
|switch|p1a: Pisces|Alomomola, M, shiny|100/100
|-damage|p1a: Pisces|88/100|[from] Spikes
|move|p2a: Ting-Lu|Stealth Rock|p1a: Pisces
|-sidestart|p1: dadzweq|move: Stealth Rock
|
|-heal|p2a: Ting-Lu|75/100|[from] item: Leftovers
|upkeep
|turn|9
|
|t:|1779959747
|switch|p2a: Latios|Latios, M|100/100
|move|p1a: Pisces|Flip Turn|p2a: Latios
|-resisted|p2a: Latios
|-damage|p2a: Latios|91/100
|
|t:|1779959757
|switch|p1a: Anonymous|Ogerpon, F|84/100|[from] Flip Turn
|-damage|p1a: Anonymous|72/100|[from] Spikes
|-damage|p1a: Anonymous|59/100|[from] Stealth Rock
|
|upkeep
|turn|10
|
|t:|1779959761
|switch|p2a: Skarmory|Skarmory, F|74/100
|-terastallize|p1a: Anonymous|Grass
|detailschange|p1a: Anonymous|Ogerpon-Teal-Tera, F, tera:Grass
|-ability|p1a: Anonymous|Embody Aspect (Teal)|boost
|-boost|p1a: Anonymous|spe|1
|move|p1a: Anonymous|U-turn|p2a: Skarmory
|-resisted|p2a: Skarmory
|-damage|p2a: Skarmory|68/100
|
|t:|1779959768
|switch|p1a: Sentinel|Weezing-Galar, M, shiny|100/100|[from] U-turn
|-ability|p1a: Sentinel|Neutralizing Gas
|
|upkeep
|turn|11
|
|t:|1779959772
|switch|p2a: Reuniclus|Reuniclus, M|100/100
|-damage|p2a: Reuniclus|75/100|[from] Spikes
|move|p1a: Sentinel|Defog|p2a: Reuniclus
|-unboost|p2a: Reuniclus|evasion|1
|-sideend|p2: eduardo cheeze|Spikes|[from] move: Defog|[of] p1a: Sentinel
|-sideend|p1: dadzweq|Spikes|[from] move: Defog|[of] p1a: Sentinel
|-sideend|p1: dadzweq|Stealth Rock|[from] move: Defog|[of] p1a: Sentinel
|
|upkeep
|turn|12
|
|t:|1779959784
|move|p1a: Sentinel|Will-O-Wisp|p2a: Reuniclus
|-status|p2a: Reuniclus|brn
|move|p2a: Reuniclus|Focus Blast|p1a: Sentinel|[miss]
|-miss|p2a: Reuniclus|p1a: Sentinel
|
|-damage|p2a: Reuniclus|69/100 brn|[from] brn
|upkeep
|turn|13
|
|t:|1779959791
|-end|p1a: Sentinel|ability: Neutralizing Gas
|switch|p1a: Pisces|Alomomola, M, shiny|100/100
|move|p2a: Reuniclus|Psychic Noise|p1a: Pisces
|-damage|p1a: Pisces|73/100
|-start|p1a: Pisces|move: Heal Block
|
|upkeep
|turn|14
|
|t:|1779959799
|move|p1a: Pisces|Play Rough|p2a: Reuniclus
|-damage|p2a: Reuniclus|51/100 brn
|move|p2a: Reuniclus|Focus Blast|p1a: Pisces
|-damage|p1a: Pisces|46/100
|
|-end|p1a: Pisces|move: Heal Block
|upkeep
|turn|15
|
|t:|1779959804
|move|p1a: Pisces|Flip Turn|p2a: Reuniclus
|-damage|p2a: Reuniclus|33/100 brn
|
|t:|1779959816
|switch|p1a: Hybrid|Hydreigon, M, shiny|100/100|[from] Flip Turn
|move|p2a: Reuniclus|Recover|p2a: Reuniclus
|-heal|p2a: Reuniclus|83/100 brn
|
|upkeep
|turn|16
|
|t:|1779959821
|switch|p2a: Ting-Lu|Ting-Lu|75/100
|-ability|p2a: Ting-Lu|Vessel of Ruin
|move|p1a: Hybrid|Draco Meteor|p2a: Ting-Lu
|-damage|p2a: Ting-Lu|34/100
|-unboost|p1a: Hybrid|spa|2
|
|-heal|p2a: Ting-Lu|40/100|[from] item: Leftovers
|upkeep
|turn|17
|
|t:|1779959830
|switch|p1a: Sentinel|Weezing-Galar, M, shiny|100/100
|-ability|p1a: Sentinel|Neutralizing Gas
|move|p2a: Ting-Lu|Stealth Rock|p1a: Sentinel
|-sidestart|p1: dadzweq|move: Stealth Rock
|
|-heal|p2a: Ting-Lu|47/100|[from] item: Leftovers
|upkeep
|turn|18
|
|t:|1779959834
|switch|p2a: Reuniclus|Reuniclus, M|83/100 brn
|move|p1a: Sentinel|Will-O-Wisp|p2a: Reuniclus
|-fail|p2a: Reuniclus|brn
|
|-damage|p2a: Reuniclus|77/100 brn|[from] brn
|upkeep
|turn|19
|
|t:|1779959839
|move|p1a: Sentinel|Defog|p2a: Reuniclus
|-unboost|p2a: Reuniclus|evasion|1
|-sideend|p1: dadzweq|Stealth Rock|[from] move: Defog|[of] p1a: Sentinel
|move|p2a: Reuniclus|Knock Off|p1a: Sentinel
|-resisted|p1a: Sentinel
|-damage|p1a: Sentinel|98/100
|-enditem|p1a: Sentinel|Heavy-Duty Boots|[from] move: Knock Off|[of] p2a: Reuniclus
|-damage|p2a: Reuniclus|67/100 brn|[from] item: Life Orb
|
|-damage|p2a: Reuniclus|61/100 brn|[from] brn
|upkeep
|turn|20
|
|t:|1779959844
|move|p1a: Sentinel|Sludge Bomb|p2a: Reuniclus
|-damage|p2a: Reuniclus|34/100 brn
|move|p2a: Reuniclus|Recover|p2a: Reuniclus
|-heal|p2a: Reuniclus|84/100 brn
|
|-damage|p2a: Reuniclus|78/100 brn|[from] brn
|upkeep
|turn|21
|
|t:|1779959848
|move|p1a: Sentinel|Sludge Bomb|p2a: Reuniclus
|-damage|p2a: Reuniclus|51/100 brn
|move|p2a: Reuniclus|Focus Blast|p1a: Sentinel|[miss]
|-miss|p2a: Reuniclus|p1a: Sentinel
|
|-damage|p2a: Reuniclus|45/100 brn|[from] brn
|upkeep
|turn|22
|
|t:|1779959853
|move|p1a: Sentinel|Sludge Bomb|p2a: Reuniclus
|-damage|p2a: Reuniclus|21/100 brn
|move|p2a: Reuniclus|Recover|p2a: Reuniclus
|-heal|p2a: Reuniclus|71/100 brn
|
|-damage|p2a: Reuniclus|65/100 brn|[from] brn
|upkeep
|turn|23
|
|t:|1779959858
|move|p1a: Sentinel|Sludge Bomb|p2a: Reuniclus
|-damage|p2a: Reuniclus|40/100 brn
|move|p2a: Reuniclus|Psychic Noise|p1a: Sentinel
|-supereffective|p1a: Sentinel
|-damage|p1a: Sentinel|0 fnt
|faint|p1a: Sentinel
|-end|p1a: Sentinel|ability: Neutralizing Gas
|
|upkeep
|
|t:|1779959861
|switch|p1a: Anonymous|Ogerpon-Teal-Tera, F, tera:Grass|59/100
|-ability|p1a: Anonymous|Embody Aspect (Teal)|boost
|-boost|p1a: Anonymous|spe|1
|turn|24
|
|t:|1779959865
|switch|p2a: Skarmory|Skarmory, F|68/100
|move|p1a: Anonymous|Ivy Cudgel|p2a: Skarmory
|-resisted|p2a: Skarmory
|-damage|p2a: Skarmory|53/100
|
|upkeep
|turn|25
|
|t:|1779959871
|switch|p1a: Pisces|Alomomola, M, shiny|80/100
|move|p2a: Skarmory|Roost|p2a: Skarmory
|-heal|p2a: Skarmory|100/100
|-singleturn|p2a: Skarmory|move: Roost
|
|upkeep
|turn|26
|
|t:|1779959875
|move|p2a: Skarmory|Spikes|p1a: Pisces
|-sidestart|p1: dadzweq|Spikes
|move|p1a: Pisces|Flip Turn|p2a: Skarmory
|-damage|p2a: Skarmory|91/100
|
|t:|1779959881
|switch|p1a: Anonymous|Ogerpon-Teal-Tera, F, tera:Grass|59/100|[from] Flip Turn
|-damage|p1a: Anonymous|47/100|[from] Spikes
|-ability|p1a: Anonymous|Embody Aspect (Teal)|boost
|-boost|p1a: Anonymous|spe|1
|
|upkeep
|turn|27
|
|t:|1779959885
|move|p1a: Anonymous|Rock Tomb|p2a: Skarmory
|-damage|p2a: Skarmory|71/100
|-unboost|p2a: Skarmory|spe|1
|move|p2a: Skarmory|Spikes|p1a: Anonymous
|-sidestart|p1: dadzweq|Spikes
|
|upkeep
|turn|28
|
|t:|1779959889
|move|p1a: Anonymous|Rock Tomb|p2a: Skarmory
|-damage|p2a: Skarmory|52/100
|-unboost|p2a: Skarmory|spe|1
|move|p2a: Skarmory|Spikes|p1a: Anonymous
|-sidestart|p1: dadzweq|Spikes
|
|upkeep
|turn|29
|-message|dadzweq forfeited.
|
|win|eduardo cheeze
|raw|dadzweq's rating: 1299 &rarr; <strong>1274</strong><br />(-25 for losing)
|raw|eduardo cheeze's rating: 1299 &rarr; <strong>1324</strong><br />(+25 for winning)
|l|☆dadzweq
|player|p1|
|l|☆eduardo cheeze
|player|p2|
