|j|☆glimpseman
|j|☆its tetover
|t:|1779943882
|gametype|singles
|player|p1|glimpseman|#wcor2025canada|1558
|player|p2|its tetover|gardenia|1576
|gen|9
|tier|[Gen 9] OU
|rated|
|rule|HP Percentage Mod: HP is shown in percentages
|rule|Endless Battle Clause: Forcing endless battles is banned
|rule|Species Clause: Limit one of each Pokémon
|rule|OHKO Clause: OHKO moves are banned
|rule|Evasion Items Clause: Evasion items are banned
|rule|Evasion Moves Clause: Evasion moves are banned
|rule|Evasion Abilities Clause: Evasion abilities are banned
|rule|Sleep Moves Clause: Sleep-inducing moves are banned
|clearpoke
|poke|p1|Toxtricity, M|
|poke|p1|Gholdengo|
|poke|p1|Ting-Lu|
|poke|p1|Glimmora, M|
|poke|p1|Iron Valiant|
|poke|p1|Rillaboom, F|
|poke|p2|Ribombee, F|
|poke|p2|Brambleghast, F|
|poke|p2|Pawmot, F|
|poke|p2|Kyurem|
|poke|p2|Ursaluna, F|
|poke|p2|Tornadus, M|
|teampreview
|inactive|Battle timer is ON: inactive players will automatically lose when time's up. (requested by glimpseman)
|
|t:|1779943898
|teamsize|p1|6
|teamsize|p2|6
|start
|switch|p1a: Glimmora|Glimmora, M|100/100
|switch|p2a: Tornadus|Tornadus, M|100/100
|turn|1
|
|t:|1779943905
|move|p2a: Tornadus|Tailwind|p2a: Tornadus
|-sidestart|p2: its tetover|move: Tailwind
|move|p1a: Glimmora|Power Gem|p2a: Tornadus
|-supereffective|p2a: Tornadus
|-damage|p2a: Tornadus|15/100
|-enditem|p2a: Tornadus|Eject Button
|
|t:|1779943908
|switch|p2a: Ursaluna|Ursaluna, F|100/100
|
|-status|p2a: Ursaluna|brn|[from] item: Flame Orb
|upkeep
|turn|2
|
|t:|1779943915
|switch|p1a: Rillaboom|Rillaboom, F|100/100
|-fieldstart|move: Grassy Terrain|[from] ability: Grassy Surge|[of] p1a: Rillaboom
|move|p2a: Ursaluna|Facade|p1a: Rillaboom
|-damage|p1a: Rillaboom|0 fnt
|faint|p1a: Rillaboom
|
|-damage|p2a: Ursaluna|94/100 brn|[from] brn
|upkeep
|
|t:|1779943919
|switch|p1a: Iron Valiant|Iron Valiant|100/100
|-enditem|p1a: Iron Valiant|Booster Energy
|-activate|p1a: Iron Valiant|ability: Quark Drive|[fromitem]
|-start|p1a: Iron Valiant|quarkdrivespe
|turn|3
|
|t:|1779943929
|switch|p2a: Brambleghast|Brambleghast, F|100/100
|-ability|p2a: Brambleghast|Wind Rider|boost
|-boost|p2a: Brambleghast|atk|1
|move|p1a: Iron Valiant|Close Combat|p2a: Brambleghast
|-immune|p2a: Brambleghast
|
|upkeep
|turn|4
|j| KIRAXX200
|
|t:|1779943944
|move|p2a: Brambleghast|Power Whip|p1a: Iron Valiant
|-damage|p1a: Iron Valiant|0 fnt
|faint|p1a: Iron Valiant
|-end|p1a: Iron Valiant|Quark Drive|[silent]
|-damage|p2a: Brambleghast|91/100|[from] item: Life Orb
|
|-heal|p2a: Brambleghast|97/100|[from] Grassy Terrain
|-sideend|p2: its tetover|move: Tailwind
|upkeep
|
|t:|1779943952
|switch|p1a: Gholdengo|Gholdengo|100/100
|-enditem|p1a: Gholdengo|Grassy Seed
|-boost|p1a: Gholdengo|def|1|[from] item: Grassy Seed
|turn|5
|
|t:|1779943970
|switch|p2a: Ursaluna|Ursaluna, F|94/100 brn
|move|p1a: Gholdengo|Nasty Plot|p1a: Gholdengo
|-boost|p1a: Gholdengo|spa|2
|
|-heal|p2a: Ursaluna|100/100 brn|[from] Grassy Terrain
|-damage|p2a: Ursaluna|94/100 brn|[from] brn
|upkeep
|turn|6
|
|t:|1779943975
|move|p1a: Gholdengo|Make It Rain|p2a: Ursaluna
|-crit|p2a: Ursaluna
|-damage|p2a: Ursaluna|0 fnt
|-unboost|p1a: Gholdengo|spa|1
|faint|p2a: Ursaluna
|
|-fieldend|move: Grassy Terrain
|upkeep
|
|t:|1779943979
|switch|p2a: Tornadus|Tornadus, M|15/100
|turn|7
|
|t:|1779943984
|move|p2a: Tornadus|Heat Wave|p1a: Gholdengo|[miss]
|-miss|p2a: Tornadus|p1a: Gholdengo
|move|p1a: Gholdengo|Nasty Plot|p1a: Gholdengo
|-boost|p1a: Gholdengo|spa|2
|
|upkeep
|turn|8
|
|t:|1779943987
|move|p2a: Tornadus|Heat Wave|p1a: Gholdengo
|-supereffective|p1a: Gholdengo
|-damage|p1a: Gholdengo|59/100
|move|p1a: Gholdengo|Shadow Ball|p2a: Tornadus
|-damage|p2a: Tornadus|0 fnt
|faint|p2a: Tornadus
|
|upkeep
|
|t:|1779943990
|switch|p2a: Pawmot|Pawmot, F|100/100
|turn|9
|
|t:|1779943995
|-terastallize|p2a: Pawmot|Electric
|move|p2a: Pawmot|Double Shock|p1a: Gholdengo
|-damage|p1a: Gholdengo|1/100
|-start|p2a: Pawmot|typechange|Electric|[from] move: Double Shock
|-damage|p2a: Pawmot|91/100|[from] item: Life Orb
|move|p1a: Gholdengo|Recover|p1a: Gholdengo
|-heal|p1a: Gholdengo|51/100
|
|upkeep
|turn|10
|inactive|its tetover has 120 seconds left.
|
|t:|1779944027
|switch|p1a: Ting-Lu|Ting-Lu|100/100
|-ability|p1a: Ting-Lu|Vessel of Ruin
|move|p2a: Pawmot|Double Shock|p1a: Ting-Lu
|-immune|p1a: Ting-Lu
|
|upkeep
|turn|11
|inactive|its tetover has 120 seconds left.
|
|t:|1779944038
|switch|p2a: Brambleghast|Brambleghast, F|97/100
|move|p1a: Ting-Lu|Stomping Tantrum|p2a: Brambleghast
|-resisted|p2a: Brambleghast
|-damage|p2a: Brambleghast|59/100
|
|upkeep
|turn|12
|
|t:|1779944051
|switch|p1a: Gholdengo|Gholdengo|51/100
|move|p2a: Brambleghast|Power Whip|p1a: Gholdengo
|-resisted|p1a: Gholdengo
|-damage|p1a: Gholdengo|16/100
|-damage|p2a: Brambleghast|50/100|[from] item: Life Orb
|
|upkeep
|turn|13
|
|t:|1779944058
|move|p2a: Brambleghast|Shadow Sneak|p1a: Gholdengo
|-supereffective|p1a: Gholdengo
|-damage|p1a: Gholdengo|0 fnt
|faint|p1a: Gholdengo
|-damage|p2a: Brambleghast|40/100|[from] item: Life Orb
|
|upkeep
|
|t:|1779944064
|switch|p1a: Glimmora|Glimmora, M|100/100
|turn|14
|
|t:|1779944090
|move|p2a: Brambleghast|Power Whip|p1a: Glimmora|[miss]
|-miss|p2a: Brambleghast|p1a: Glimmora
|move|p1a: Glimmora|Power Gem|p2a: Brambleghast
|-damage|p2a: Brambleghast|0 fnt
|faint|p2a: Brambleghast
|
|upkeep
|
|t:|1779944094
|switch|p2a: Ribombee|Ribombee, F|100/100
|turn|15
|
|t:|1779944099
|move|p2a: Ribombee|Sticky Web|p1a: Glimmora
|-sidestart|p1: glimpseman|move: Sticky Web
|move|p1a: Glimmora|Mortal Spin|p2a: Ribombee
|-supereffective|p2a: Ribombee
|-damage|p2a: Ribombee|82/100
|-sideend|p1: glimpseman|Sticky Web|[from] move: Mortal Spin|[of] p1a: Glimmora
|
|upkeep
|turn|16
|
|t:|1779944107
|move|p2a: Ribombee|Tailwind|p2a: Ribombee
|-sidestart|p2: its tetover|move: Tailwind
|move|p1a: Glimmora|Mortal Spin|p2a: Ribombee
|-supereffective|p2a: Ribombee
|-damage|p2a: Ribombee|63/100
|
|upkeep
|turn|17
|
|t:|1779944111
|switch|p2a: Kyurem|Kyurem|100/100
|-ability|p2a: Kyurem|Pressure
|move|p1a: Glimmora|Power Gem|p2a: Kyurem
|-supereffective|p2a: Kyurem
|-damage|p2a: Kyurem|59/100
|
|upkeep
|turn|18
|
|t:|1779944125
|-terastallize|p1a: Glimmora|Flying
|move|p2a: Kyurem|Ice Beam|p1a: Glimmora
|-supereffective|p1a: Glimmora
|-damage|p1a: Glimmora|0 fnt
|faint|p1a: Glimmora
|
|upkeep
|
|t:|1779944132
|switch|p1a: Moshpit been toxic|Toxtricity, M, shiny|100/100
|turn|19
|
|t:|1779944138
|move|p2a: Kyurem|Earth Power|p1a: Moshpit been toxic
|-supereffective|p1a: Moshpit been toxic
|-enditem|p1a: Moshpit been toxic|Focus Sash
|-damage|p1a: Moshpit been toxic|1/100
|move|p1a: Moshpit been toxic|Shift Gear|p1a: Moshpit been toxic
|-boost|p1a: Moshpit been toxic|spe|2
|-boost|p1a: Moshpit been toxic|atk|1
|
|-sideend|p2: its tetover|move: Tailwind
|upkeep
|turn|20
|
|t:|1779944145
|switch|p2a: Ribombee|Ribombee, F|63/100
|move|p1a: Moshpit been toxic|Boomburst|p2a: Ribombee
|-damage|p2a: Ribombee|0 fnt
|faint|p2a: Ribombee
|
|upkeep
|
|t:|1779944148
|switch|p2a: Pawmot|Pawmot, F, tera:Electric|91/100
|turn|21
|
|t:|1779944152
|move|p2a: Pawmot|Mach Punch|p1a: Moshpit been toxic
|-resisted|p1a: Moshpit been toxic
|-damage|p1a: Moshpit been toxic|0 fnt
|faint|p1a: Moshpit been toxic
|-damage|p2a: Pawmot|81/100|[from] item: Life Orb
|
|upkeep
|
|t:|1779944154
|switch|p1a: Ting-Lu|Ting-Lu|100/100
|-ability|p1a: Ting-Lu|Vessel of Ruin
|turn|22
|
|t:|1779944168
|move|p2a: Pawmot|Close Combat|p1a: Ting-Lu
|-supereffective|p1a: Ting-Lu
|-damage|p1a: Ting-Lu|18/100
|-unboost|p2a: Pawmot|def|1
|-unboost|p2a: Pawmot|spd|1
|-damage|p2a: Pawmot|71/100|[from] item: Life Orb
|move|p1a: Ting-Lu|Stomping Tantrum|p2a: Pawmot
|-supereffective|p2a: Pawmot
|-damage|p2a: Pawmot|0 fnt
|faint|p2a: Pawmot
|
|-heal|p1a: Ting-Lu|24/100|[from] item: Leftovers
|upkeep
|
|t:|1779944169
|switch|p2a: Kyurem|Kyurem|59/100
|-ability|p2a: Kyurem|Pressure
|turn|23
|-message|glimpseman forfeited.
|
|win|its tetover
|raw|glimpseman's rating: 1558 &rarr; <strong>1539</strong><br />(-19 for losing)
|raw|its tetover's rating: 1576 &rarr; <strong>1595</strong><br />(+19 for winning)
|l|☆glimpseman
|player|p1|
|l| KIRAXX200
