|j|☆duli2010
|j|☆TenRolf
|t:|1779886081
|gametype|singles
|player|p1|duli2010|bugcatcher-gen4dp|1369
|player|p2|TenRolf|riley|1448
|gen|9
|tier|[Gen 9] OU
|rated|
|rule|HP Percentage Mod: HP is shown in percentages
|rule|Endless Battle Clause: Forcing endless battles is banned
|rule|Species Clause: Limit one of each Pokémon
|rule|OHKO Clause: OHKO moves are banned
|rule|Evasion Items Clause: Evasion items are banned
|rule|Evasion Moves Clause: Evasion moves are banned
|rule|Evasion Abilities Clause: Evasion abilities are banned
|rule|Sleep Moves Clause: Sleep-inducing moves are banned
|clearpoke
|poke|p1|Muk-Alola, F|
|poke|p1|Goodra, M|
|poke|p1|Hydrapple, M|
|poke|p1|Sylveon, F|
|poke|p1|Weezing-Galar, F|
|poke|p1|Iron Hands|
|poke|p2|Landorus-Therian, M|
|poke|p2|Great Tusk|
|poke|p2|Ogerpon-Wellspring, F|
|poke|p2|Kingambit, F|
|poke|p2|Slowking-Galar, M|
|poke|p2|Raging Bolt|
|teampreview
|inactive|Battle timer is ON: inactive players will automatically lose when time's up. (requested by duli2010)
|
|t:|1779886098
|teamsize|p1|6
|teamsize|p2|6
|start
|switch|p1a: Weezing|Weezing-Galar, F|100/100
|switch|p2a: Great Tusk|Great Tusk|100/100
|turn|1
|
|t:|1779886106
|-end|p2a: Great Tusk|Protosynthesis|[silent]
|switch|p2a: Slowking|Slowking-Galar, M|100/100
|move|p1a: Weezing|Will-O-Wisp|p2a: Slowking
|-status|p2a: Slowking|brn
|
|-damage|p2a: Slowking|94/100 brn|[from] brn
|upkeep
|turn|2
|
|t:|1779886118
|switch|p1a: Muk|Muk-Alola, F|100/100
|move|p2a: Slowking|Future Sight|p1a: Muk
|-start|p2a: Slowking|move: Future Sight
|
|-damage|p2a: Slowking|88/100 brn|[from] brn
|upkeep
|turn|3
|
|t:|1779886130
|switch|p2a: Great Tusk|Great Tusk|100/100
|move|p1a: Muk|Knock Off|p2a: Great Tusk
|-resisted|p2a: Great Tusk
|-damage|p2a: Great Tusk|85/100
|-damage|p1a: Muk|84/100|[from] item: Rocky Helmet|[of] p2a: Great Tusk
|-enditem|p2a: Great Tusk|Rocky Helmet|[from] move: Knock Off|[of] p1a: Muk
|
|upkeep
|turn|4
|
|t:|1779886153
|move|p1a: Muk|Shadow Sneak|p2a: Great Tusk
|-damage|p2a: Great Tusk|76/100
|-status|p2a: Great Tusk|psn|[from] ability: Poison Touch|[of] p1a: Muk
|move|p2a: Great Tusk|Knock Off|p1a: Muk
|-resisted|p1a: Muk
|-damage|p1a: Muk|69/100
|-enditem|p1a: Muk|Assault Vest|[from] move: Knock Off|[of] p2a: Great Tusk
|
|-end|p1a: Muk|move: Future Sight
|-immune|p1a: Muk
|-damage|p2a: Great Tusk|64/100 psn|[from] psn
|upkeep
|turn|5
|inactive|TenRolf has 120 seconds left.
|
|t:|1779886178
|-end|p2a: Great Tusk|Protosynthesis|[silent]
|switch|p2a: Kingambit|Kingambit, F|100/100
|switch|p1a: Hydrapple|Hydrapple, M, shiny|100/100
|
|upkeep
|turn|6
|inactive|TenRolf has 120 seconds left.
|
|t:|1779886191
|-end|p2a: Kingambit|fallenundefined|[silent]
|switch|p2a: Landorus|Landorus-Therian, M|100/100
|-ability|p2a: Landorus|Intimidate|boost
|-unboost|p1a: Hydrapple|atk|1
|move|p1a: Hydrapple|Nasty Plot|p1a: Hydrapple
|-boost|p1a: Hydrapple|spa|2
|
|upkeep
|turn|7
|inactive|TenRolf has 120 seconds left.
|
|t:|1779886202
|move|p2a: Landorus|U-turn|p1a: Hydrapple
|-supereffective|p1a: Hydrapple
|-damage|p1a: Hydrapple|72/100
|
|t:|1779886206
|switch|p2a: Slowking|Slowking-Galar, M|100/100 brn|[from] U-turn
|move|p1a: Hydrapple|Giga Drain|p2a: Slowking
|-resisted|p2a: Slowking
|-damage|p2a: Slowking|78/100 brn
|-heal|p1a: Hydrapple|83/100|[from] drain|[of] p2a: Slowking
|
|-heal|p1a: Hydrapple|89/100|[from] item: Leftovers
|-damage|p2a: Slowking|72/100 brn|[from] brn
|upkeep
|turn|8
|
|t:|1779886223
|switch|p1a: Iron Hands|Iron Hands|100/100
|move|p2a: Slowking|Sludge Bomb|p1a: Iron Hands
|-damage|p1a: Iron Hands|58/100
|
|-damage|p2a: Slowking|66/100 brn|[from] brn
|upkeep
|turn|9
|
|t:|1779886237
|switch|p2a: Landorus|Landorus-Therian, M|100/100
|-ability|p2a: Landorus|Intimidate|boost
|-unboost|p1a: Iron Hands|atk|1
|move|p1a: Iron Hands|Ice Punch|p2a: Landorus
|-supereffective|p2a: Landorus
|-damage|p2a: Landorus|0 fnt
|-damage|p1a: Iron Hands|42/100|[from] item: Rocky Helmet|[of] p2a: Landorus
|faint|p2a: Landorus
|-damage|p1a: Iron Hands|32/100|[from] item: Life Orb
|
|upkeep
|inactive|TenRolf has 120 seconds left.
|
|t:|1779886256
|switch|p2a: Ogerpon|Ogerpon-Wellspring, F|100/100
|turn|10
|inactive|TenRolf has 120 seconds left.
|
|t:|1779886273
|switch|p2a: Slowking|Slowking-Galar, M|99/100 brn
|-end|p1a: Iron Hands|Quark Drive|[silent]
|switch|p1a: Weezing|Weezing-Galar, F|100/100
|
|-damage|p2a: Slowking|93/100 brn|[from] brn
|upkeep
|turn|11
|
|t:|1779886293
|switch|p1a: Iron Hands|Iron Hands|32/100
|move|p2a: Slowking|Future Sight|p1a: Iron Hands
|-start|p2a: Slowking|move: Future Sight
|
|-damage|p2a: Slowking|87/100 brn|[from] brn
|upkeep
|turn|12
|
|t:|1779886308
|move|p1a: Iron Hands|Earthquake|p2a: Slowking
|-supereffective|p2a: Slowking
|-damage|p2a: Slowking|5/100 brn
|-damage|p1a: Iron Hands|22/100|[from] item: Life Orb
|move|p2a: Slowking|Psyshock|p1a: Iron Hands
|-supereffective|p1a: Iron Hands
|-damage|p1a: Iron Hands|0 fnt
|faint|p1a: Iron Hands
|-end|p1a: Iron Hands|Quark Drive|[silent]
|
|-damage|p2a: Slowking|0 fnt|[from] brn
|faint|p2a: Slowking
|upkeep
|
|t:|1779886326
|switch|p1a: Goodra|Goodra, M|100/100
|switch|p2a: Great Tusk|Great Tusk|64/100 psn
|turn|13
|
|t:|1779886338
|move|p2a: Great Tusk|Headlong Rush|p1a: Goodra
|-damage|p1a: Goodra|35/100
|-unboost|p2a: Great Tusk|def|1
|-unboost|p2a: Great Tusk|spd|1
|move|p1a: Goodra|Ice Beam|p2a: Great Tusk
|-supereffective|p2a: Great Tusk
|-damage|p2a: Great Tusk|0 fnt
|faint|p2a: Great Tusk
|-end|p2a: Great Tusk|Protosynthesis|[silent]
|
|-end|p1a: Goodra|move: Future Sight
|-damage|p1a: Goodra|14/100
|upkeep
|inactive|TenRolf has 90 seconds left.
|
|t:|1779886360
|switch|p2a: Raging Bolt|Raging Bolt|100/100
|-enditem|p2a: Raging Bolt|Booster Energy
|-activate|p2a: Raging Bolt|ability: Protosynthesis|[fromitem]
|-start|p2a: Raging Bolt|protosynthesisspa
|turn|14
|
|t:|1779886368
|switch|p1a: Sylveon|Sylveon, F|100/100
|move|p2a: Raging Bolt|Thunderbolt|p1a: Sylveon
|-damage|p1a: Sylveon|65/100
|
|upkeep
|turn|15
|
|t:|1779886377
|-end|p2a: Raging Bolt|Protosynthesis|[silent]
|switch|p2a: Kingambit|Kingambit, F|100/100
|-activate|p2a: Kingambit|ability: Supreme Overlord
|-start|p2a: Kingambit|fallen3|[silent]
|move|p1a: Sylveon|Hyper Voice|p2a: Kingambit
|-damage|p2a: Kingambit|42/100
|
|-heal|p2a: Kingambit|49/100|[from] item: Leftovers
|upkeep
|turn|16
|
|t:|1779886394
|-end|p2a: Kingambit|fallen3|[silent]
|switch|p2a: Ogerpon|Ogerpon-Wellspring, F|100/100
|switch|p1a: Hydrapple|Hydrapple, M, shiny|100/100
|
|upkeep
|turn|17
|
|t:|1779886406
|switch|p2a: Raging Bolt|Raging Bolt|100/100
|move|p1a: Hydrapple|Fickle Beam|p2a: Raging Bolt
|-supereffective|p2a: Raging Bolt
|-damage|p2a: Raging Bolt|23/100
|
|upkeep
|turn|18
|
|t:|1779886419
|switch|p1a: Goodra|Goodra, M|14/100
|move|p2a: Raging Bolt|Thunderbolt|p1a: Goodra
|-resisted|p1a: Goodra
|-damage|p1a: Goodra|3/100
|
|upkeep
|turn|19
|
|t:|1779886429
|move|p2a: Raging Bolt|Thunderbolt|p1a: Goodra
|-resisted|p1a: Goodra
|-damage|p1a: Goodra|0 fnt
|faint|p1a: Goodra
|
|upkeep
|
|t:|1779886434
|switch|p1a: Sylveon|Sylveon, F|65/100
|turn|20
|
|t:|1779886448
|-end|p2a: Raging Bolt|Protosynthesis|[silent]
|switch|p2a: Kingambit|Kingambit, F|49/100
|-activate|p2a: Kingambit|ability: Supreme Overlord
|-start|p2a: Kingambit|fallen3|[silent]
|move|p1a: Sylveon|Hyper Voice|p2a: Kingambit
|-damage|p2a: Kingambit|0 fnt
|faint|p2a: Kingambit
|-end|p2a: Kingambit|fallen3|[silent]
|
|upkeep
|
|t:|1779886457
|switch|p2a: Ogerpon|Ogerpon-Wellspring, F|100/100
|turn|21
|
|t:|1779886476
|switch|p2a: Raging Bolt|Raging Bolt|23/100
|switch|p1a: Weezing|Weezing-Galar, F|100/100
|
|upkeep
|turn|22
|
|t:|1779886491
|switch|p1a: Muk|Muk-Alola, F|69/100
|move|p2a: Raging Bolt|Thunderbolt|p1a: Muk
|-damage|p1a: Muk|26/100
|
|upkeep
|turn|23
|
|t:|1779886498
|move|p2a: Raging Bolt|Thunderclap|p1a: Muk
|-damage|p1a: Muk|0 fnt
|faint|p1a: Muk
|
|upkeep
|
|t:|1779886502
|switch|p1a: Sylveon|Sylveon, F|65/100
|turn|24
|
|t:|1779886512
|-end|p2a: Raging Bolt|Protosynthesis|[silent]
|switch|p2a: Ogerpon|Ogerpon-Wellspring, F|100/100
|move|p1a: Sylveon|Hyper Voice|p2a: Ogerpon
|-damage|p2a: Ogerpon|34/100
|
|upkeep
|turn|25
|
|t:|1779886519
|switch|p1a: Hydrapple|Hydrapple, M, shiny|100/100
|-terastallize|p2a: Ogerpon|Water
|detailschange|p2a: Ogerpon|Ogerpon-Wellspring-Tera, F, tera:Water
|-ability|p2a: Ogerpon|Embody Aspect (Wellspring)|boost
|-boost|p2a: Ogerpon|spd|1
|move|p2a: Ogerpon|Ivy Cudgel|p1a: Hydrapple|[anim] Ivy Cudgel Water
|-resisted|p1a: Hydrapple
|-damage|p1a: Hydrapple|86/100
|
|-heal|p1a: Hydrapple|93/100|[from] item: Leftovers
|upkeep
|turn|26
|inactive|TenRolf has 120 seconds left.
|
|t:|1779886539
|-terastallize|p1a: Hydrapple|Grass
|move|p2a: Ogerpon|Ivy Cudgel|p1a: Hydrapple|[anim] Ivy Cudgel Water
|-resisted|p1a: Hydrapple
|-damage|p1a: Hydrapple|67/100
|move|p1a: Hydrapple|Giga Drain|p2a: Ogerpon
|-supereffective|p2a: Ogerpon
|-damage|p2a: Ogerpon|0 fnt
|-heal|p1a: Hydrapple|80/100|[from] drain|[of] p2a: Ogerpon
|faint|p2a: Ogerpon
|detailschange|p2: Ogerpon|Ogerpon-Wellspring, F|[silent]
|
|-heal|p1a: Hydrapple|86/100|[from] item: Leftovers
|upkeep
|
|t:|1779886551
|switch|p2a: Raging Bolt|Raging Bolt|23/100
|turn|27
|
|t:|1779886555
|move|p2a: Raging Bolt|Dragon Pulse|p1a: Hydrapple
|-damage|p1a: Hydrapple|30/100
|move|p1a: Hydrapple|Fickle Beam|p2a: Raging Bolt
|-supereffective|p2a: Raging Bolt
|-damage|p2a: Raging Bolt|0 fnt
|faint|p2a: Raging Bolt
|-end|p2a: Raging Bolt|Protosynthesis|[silent]
|
|win|duli2010
|raw|duli2010's rating: 1369 &rarr; <strong>1393</strong><br />(+24 for winning)
|raw|TenRolf's rating: 1448 &rarr; <strong>1424</strong><br />(-24 for losing)
|c|☆duli2010|gg
|l|☆TenRolf
|player|p2|
|l|☆duli2010
|player|p1|
