|j|☆misterfitness
|j|☆FlexTheDork
|t:|1779882840
|gametype|singles
|player|p1|misterfitness|chuck|1032
|player|p2|FlexTheDork|169|1000
|gen|9
|tier|[Gen 9] OU
|rated|
|rule|HP Percentage Mod: HP is shown in percentages
|rule|Endless Battle Clause: Forcing endless battles is banned
|rule|Species Clause: Limit one of each Pokémon
|rule|OHKO Clause: OHKO moves are banned
|rule|Evasion Items Clause: Evasion items are banned
|rule|Evasion Moves Clause: Evasion moves are banned
|rule|Evasion Abilities Clause: Evasion abilities are banned
|rule|Sleep Moves Clause: Sleep-inducing moves are banned
|clearpoke
|poke|p1|Hariyama, F|
|poke|p1|Dragonite, M|
|poke|p1|Gallade, M|
|poke|p1|Conkeldurr, M|
|poke|p1|Scizor, F|
|poke|p1|Iron Hands|
|poke|p2|Iron Moth|
|poke|p2|Gliscor, M|
|poke|p2|Hatterene, F|
|poke|p2|Ogerpon-Wellspring, F|
|poke|p2|Raging Bolt|
|poke|p2|Zamazenta-*|
|teampreview
|inactive|Battle timer is ON: inactive players will automatically lose when time's up. (requested by FlexTheDork)
|
|t:|1779882852
|teamsize|p1|6
|teamsize|p2|6
|start
|switch|p1a: Gallade|Gallade, M|100/100
|switch|p2a: Zamazenta|Zamazenta|100/100
|-ability|p2a: Zamazenta|Dauntless Shield|boost
|-boost|p2a: Zamazenta|def|1
|turn|1
|
|t:|1779882866
|move|p2a: Zamazenta|Reflect|p2a: Zamazenta
|-sidestart|p2: FlexTheDork|Reflect
|move|p1a: Gallade|Psycho Cut|p2a: Zamazenta
|-supereffective|p2a: Zamazenta
|-damage|p2a: Zamazenta|53/100
|
|upkeep
|turn|2
|
|t:|1779882873
|switch|p2a: Hatterene|Hatterene, F|100/100
|move|p1a: Gallade|Psycho Cut|p2a: Hatterene
|-resisted|p2a: Hatterene
|-damage|p2a: Hatterene|82/100
|
|-heal|p2a: Hatterene|88/100|[from] item: Leftovers
|upkeep
|turn|3
|
|t:|1779882889
|switch|p1a: Scizor|Scizor, F|100/100
|move|p2a: Hatterene|Calm Mind|p2a: Hatterene
|-boost|p2a: Hatterene|spa|1
|-boost|p2a: Hatterene|spd|1
|
|-heal|p2a: Hatterene|94/100|[from] item: Leftovers
|upkeep
|turn|4
|
|t:|1779882900
|move|p1a: Scizor|Bullet Punch|p2a: Hatterene
|-supereffective|p2a: Hatterene
|-damage|p2a: Hatterene|62/100
|move|p2a: Hatterene|Mystical Fire|p1a: Scizor
|-supereffective|p1a: Scizor
|-damage|p1a: Scizor|0 fnt
|faint|p1a: Scizor
|
|-heal|p2a: Hatterene|68/100|[from] item: Leftovers
|upkeep
|
|t:|1779882915
|switch|p1a: Dragonite|Dragonite, M|100/100
|turn|5
|
|t:|1779882926
|move|p1a: Dragonite|Wing Attack|p2a: Hatterene
|-damage|p2a: Hatterene|54/100
|move|p2a: Hatterene|Draining Kiss|p1a: Dragonite
|-supereffective|p1a: Dragonite
|-damage|p1a: Dragonite|72/100
|-heal|p2a: Hatterene|80/100|[from] drain|[of] p1a: Dragonite
|
|-heal|p2a: Hatterene|86/100|[from] item: Leftovers
|upkeep
|turn|6
|
|t:|1779882937
|move|p1a: Dragonite|Extreme Speed|p2a: Hatterene
|-damage|p2a: Hatterene|73/100
|move|p2a: Hatterene|Calm Mind|p2a: Hatterene
|-boost|p2a: Hatterene|spa|1
|-boost|p2a: Hatterene|spd|1
|
|-heal|p2a: Hatterene|79/100|[from] item: Leftovers
|upkeep
|turn|7
|
|t:|1779882962
|switch|p1a: Hariyama|Hariyama, F|100/100
|move|p2a: Hatterene|Draining Kiss|p1a: Hariyama
|-supereffective|p1a: Hariyama
|-damage|p1a: Hariyama|10/100
|-heal|p2a: Hatterene|100/100|[from] drain|[of] p1a: Hariyama
|
|upkeep
|turn|8
|
|t:|1779882971
|move|p1a: Hariyama|Bullet Punch|p2a: Hatterene
|-supereffective|p2a: Hatterene
|-damage|p2a: Hatterene|87/100
|move|p2a: Hatterene|Draining Kiss|p1a: Hariyama
|-supereffective|p1a: Hariyama
|-damage|p1a: Hariyama|0 fnt
|-heal|p2a: Hatterene|98/100|[from] drain|[of] p1a: Hariyama
|faint|p1a: Hariyama
|
|-heal|p2a: Hatterene|100/100|[from] item: Leftovers
|-sideend|p2: FlexTheDork|Reflect
|upkeep
|inactive|misterfitness has 120 seconds left.
|
|t:|1779882995
|switch|p1a: Conkeldurr|Conkeldurr, M|100/100
|turn|9
|inactive|misterfitness has 120 seconds left.
|
|t:|1779883005
|move|p1a: Conkeldurr|Ice Punch|p2a: Hatterene
|-damage|p2a: Hatterene|74/100
|move|p2a: Hatterene|Draining Kiss|p1a: Conkeldurr
|-supereffective|p1a: Conkeldurr
|-damage|p1a: Conkeldurr|5/100
|-heal|p2a: Hatterene|100/100|[from] drain|[of] p1a: Conkeldurr
|
|upkeep
|turn|10
|
|t:|1779883014
|move|p1a: Conkeldurr|Mach Punch|p2a: Hatterene
|-resisted|p2a: Hatterene
|-damage|p2a: Hatterene|95/100
|move|p2a: Hatterene|Draining Kiss|p1a: Conkeldurr
|-supereffective|p1a: Conkeldurr
|-damage|p1a: Conkeldurr|0 fnt
|-heal|p2a: Hatterene|99/100|[from] drain|[of] p1a: Conkeldurr
|faint|p1a: Conkeldurr
|
|-heal|p2a: Hatterene|100/100|[from] item: Leftovers
|upkeep
|-message|misterfitness forfeited.
|
|win|FlexTheDork
|raw|misterfitness's rating: 1032 &rarr; <strong>1016</strong><br />(-16 for losing)
|raw|FlexTheDork's rating: 1000 &rarr; <strong>1044</strong><br />(+44 for winning)
|l|☆misterfitness
|player|p1|
