|j|☆black giovvain
|j|☆Brandnewheree
|t:|1779819321
|gametype|singles
|player|p1|black giovvain|marshal|1451
|player|p2|Brandnewheree|265|1409
|gen|9
|tier|[Gen 9] OU
|rated|
|rule|HP Percentage Mod: HP is shown in percentages
|rule|Endless Battle Clause: Forcing endless battles is banned
|rule|Species Clause: Limit one of each Pokémon
|rule|OHKO Clause: OHKO moves are banned
|rule|Evasion Items Clause: Evasion items are banned
|rule|Evasion Moves Clause: Evasion moves are banned
|rule|Evasion Abilities Clause: Evasion abilities are banned
|rule|Sleep Moves Clause: Sleep-inducing moves are banned
|clearpoke
|poke|p1|Hydrapple, M|
|poke|p1|Tornadus-Therian, M|
|poke|p1|Cinderace, F|
|poke|p1|Garganacl, M|
|poke|p1|Darkrai|
|poke|p1|Swampert, F|
|poke|p2|Raging Bolt|
|poke|p2|Darkrai|
|poke|p2|Hatterene, F|
|poke|p2|Iron Crown|
|poke|p2|Great Tusk|
|poke|p2|Gholdengo|
|teampreview
|inactive|Battle timer is ON: inactive players will automatically lose when time's up. (requested by Brandnewheree)
|inactive|black giovvain has 120 seconds left.
|inactive|Brandnewheree has 120 seconds left.
|inactive|black giovvain has 90 seconds left.
|
|t:|1779819390
|teamsize|p1|6
|teamsize|p2|6
|start
|switch|p1a: Cinderace|Cinderace, F|100/100
|switch|p2a: Great Tusk|Great Tusk|100/100
|turn|1
|
|t:|1779819398
|-end|p2a: Great Tusk|Protosynthesis|[silent]
|switch|p2a: Hatterene|Hatterene, F|100/100
|move|p1a: Cinderace|U-turn|p2a: Hatterene
|-damage|p2a: Hatterene|84/100
|-damage|p1a: Cinderace|84/100|[from] item: Rocky Helmet|[of] p2a: Hatterene
|inactive|black giovvain has 120 seconds left.
|
|t:|1779819431
|switch|p1a: Darkrai|Darkrai|100/100|[from] U-turn
|
|upkeep
|turn|2
|
|t:|1779819445
|move|p1a: Darkrai|Sludge Bomb|p2a: Hatterene
|-supereffective|p2a: Hatterene
|-damage|p2a: Hatterene|0 fnt
|faint|p2a: Hatterene
|
|upkeep
|
|t:|1779819454
|switch|p2a: Gholdengo|Gholdengo|100/100
|turn|3
|inactive|black giovvain has 120 seconds left.
|inactive|black giovvain has 90 seconds left.
|
|t:|1779819511
|switch|p1a: Swampert|Swampert, F|100/100
|move|p2a: Gholdengo|Make It Rain|p1a: Swampert
|-resisted|p1a: Swampert
|-damage|p1a: Swampert|68/100
|-unboost|p2a: Gholdengo|spa|1
|
|-heal|p1a: Swampert|74/100|[from] item: Leftovers
|upkeep
|turn|4
|inactive|black giovvain has 90 seconds left.
|
|t:|1779819521
|switch|p2a: Great Tusk|Great Tusk|100/100
|move|p1a: Swampert|Stealth Rock|p2a: Great Tusk
|-sidestart|p2: Brandnewheree|move: Stealth Rock
|
|-heal|p1a: Swampert|80/100|[from] item: Leftovers
|upkeep
|turn|5
|
|t:|1779819529
|move|p2a: Great Tusk|Stealth Rock|p1a: Swampert
|-sidestart|p1: black giovvain|move: Stealth Rock
|move|p1a: Swampert|Knock Off|p2a: Great Tusk
|-resisted|p2a: Great Tusk
|-damage|p2a: Great Tusk|93/100
|-enditem|p2a: Great Tusk|Heavy-Duty Boots|[from] move: Knock Off|[of] p1a: Swampert
|
|-heal|p1a: Swampert|86/100|[from] item: Leftovers
|upkeep
|turn|6
|
|t:|1779819533
|move|p2a: Great Tusk|Rapid Spin|p1a: Swampert
|-damage|p1a: Swampert|72/100
|-boost|p2a: Great Tusk|spe|1
|-sideend|p2: Brandnewheree|Stealth Rock|[from] move: Rapid Spin|[of] p2a: Great Tusk
|move|p1a: Swampert|Flip Turn|p2a: Great Tusk
|-supereffective|p2a: Great Tusk
|-damage|p2a: Great Tusk|61/100
|
|t:|1779819538
|switch|p1a: Tornadus|Tornadus-Therian, M|100/100|[from] Flip Turn
|
|upkeep
|turn|7
|
|t:|1779819548
|-end|p2a: Great Tusk|Protosynthesis|[silent]
|switch|p2a: Raging Bolt|Raging Bolt|100/100
|-enditem|p2a: Raging Bolt|Booster Energy
|-activate|p2a: Raging Bolt|ability: Protosynthesis|[fromitem]
|-start|p2a: Raging Bolt|protosynthesisspa
|move|p1a: Tornadus|Bleakwind Storm|p2a: Raging Bolt
|-resisted|p2a: Raging Bolt
|-damage|p2a: Raging Bolt|79/100
|
|upkeep
|turn|8
|inactive|black giovvain has 120 seconds left.
|
|t:|1779819567
|switch|p1a: Swampert|Swampert, F|72/100
|-damage|p1a: Swampert|66/100|[from] Stealth Rock
|move|p2a: Raging Bolt|Calm Mind|p2a: Raging Bolt
|-boost|p2a: Raging Bolt|spa|1
|-boost|p2a: Raging Bolt|spd|1
|
|-heal|p1a: Swampert|72/100|[from] item: Leftovers
|upkeep
|turn|9
|
|t:|1779819572
|-terastallize|p1a: Swampert|Steel
|move|p2a: Raging Bolt|Dragon Pulse|p1a: Swampert
|-resisted|p1a: Swampert
|-damage|p1a: Swampert|36/100
|move|p1a: Swampert|Earthquake|p2a: Raging Bolt
|-supereffective|p2a: Raging Bolt
|-damage|p2a: Raging Bolt|4/100
|
|-heal|p1a: Swampert|42/100|[from] item: Leftovers
|upkeep
|turn|10
|inactive|black giovvain has 120 seconds left.
|
|t:|1779819592
|switch|p1a: Hydrapple|Hydrapple, M|100/100
|-damage|p1a: Hydrapple|88/100|[from] Stealth Rock
|move|p2a: Raging Bolt|Thunderbolt|p1a: Hydrapple
|-resisted|p1a: Hydrapple
|-damage|p1a: Hydrapple|72/100
|
|upkeep
|turn|11
|inactive|black giovvain has 120 seconds left.
|
|t:|1779819602
|switch|p1a: Swampert|Swampert, F, tera:Steel|42/100
|-damage|p1a: Swampert|36/100|[from] Stealth Rock
|move|p2a: Raging Bolt|Dragon Pulse|p1a: Swampert
|-resisted|p1a: Swampert
|-damage|p1a: Swampert|1/100
|
|-heal|p1a: Swampert|7/100|[from] item: Leftovers
|upkeep
|turn|12
|
|t:|1779819606
|move|p2a: Raging Bolt|Dragon Pulse|p1a: Swampert
|-resisted|p1a: Swampert
|-damage|p1a: Swampert|0 fnt
|faint|p1a: Swampert
|
|upkeep
|
|t:|1779819608
|switch|p1a: Darkrai|Darkrai|100/100
|-damage|p1a: Darkrai|88/100|[from] Stealth Rock
|turn|13
|
|t:|1779819611
|move|p2a: Raging Bolt|Thunderclap||[still]
|-fail|p2a: Raging Bolt
|move|p1a: Darkrai|Trick|p2a: Raging Bolt
|-activate|p1a: Darkrai|move: Trick|[of] p2a: Raging Bolt
|-item|p2a: Raging Bolt|Choice Specs|[from] move: Trick
|-enditem|p1a: Darkrai|Choice Specs|[silent]|[from] move: Trick
|
|upkeep
|turn|14
|
|t:|1779819618
|switch|p1a: Cinderace|Cinderace, F|84/100
|move|p2a: Raging Bolt|Thunderclap||[still]
|-fail|p2a: Raging Bolt
|
|upkeep
|turn|15
|inactive|Brandnewheree has 120 seconds left.
|inactive|Brandnewheree has 90 seconds left.
|
|t:|1779819699
|-end|p2a: Raging Bolt|Protosynthesis|[silent]
|switch|p2a: Great Tusk|Great Tusk|61/100
|move|p1a: Cinderace|Will-O-Wisp|p2a: Great Tusk|[miss]
|-miss|p1a: Cinderace|p2a: Great Tusk
|
|upkeep
|turn|16
|inactive|black giovvain has 120 seconds left.
|inactive|black giovvain has 90 seconds left.
|inactive|black giovvain has 60 seconds left.
|inactive|black giovvain has 30 seconds left.
|inactive|black giovvain has 20 seconds left.
|inactive|black giovvain has 15 seconds left.
|inactive|black giovvain has 10 seconds left.
|inactive|black giovvain has 5 seconds left.
|-message|black giovvain lost due to inactivity.
|
|win|Brandnewheree
|raw|black giovvain's rating: 1451 &rarr; <strong>1429</strong><br />(-22 for losing)
|raw|Brandnewheree's rating: 1409 &rarr; <strong>1431</strong><br />(+22 for winning)
|l|☆Brandnewheree
|player|p2|
|l|☆black giovvain
|player|p1|
