|j|☆Rubicouss
|j|☆tyrisu
|t:|1779948483
|gametype|singles
|player|p1|Rubicouss|gambler|1367
|player|p2|tyrisu|102|1416
|gen|9
|tier|[Gen 9] OU
|rated|
|rule|HP Percentage Mod: HP is shown in percentages
|rule|Endless Battle Clause: Forcing endless battles is banned
|rule|Species Clause: Limit one of each Pokémon
|rule|OHKO Clause: OHKO moves are banned
|rule|Evasion Items Clause: Evasion items are banned
|rule|Evasion Moves Clause: Evasion moves are banned
|rule|Evasion Abilities Clause: Evasion abilities are banned
|rule|Sleep Moves Clause: Sleep-inducing moves are banned
|clearpoke
|poke|p1|Empoleon, M|
|poke|p1|Spidops, M|
|poke|p1|Sinistcha|
|poke|p1|Cinderace, M|
|poke|p1|Bisharp, F|
|poke|p1|Rotom-Wash|
|poke|p2|Raging Bolt|
|poke|p2|Ribombee, M|
|poke|p2|Gholdengo|
|poke|p2|Great Tusk|
|poke|p2|Ogerpon-Cornerstone, F|
|poke|p2|Ceruledge, F|
|teampreview
|inactive|Battle timer is ON: inactive players will automatically lose when time's up. (requested by Rubicouss)
|
|t:|1779948514
|teamsize|p1|6
|teamsize|p2|6
|start
|switch|p1a: Spidops|Spidops, M|100/100
|switch|p2a: Ribombee|Ribombee, M, shiny|100/100
|turn|1
|
|t:|1779948520
|move|p2a: Ribombee|Sticky Web|p1a: Spidops
|-sidestart|p1: Rubicouss|move: Sticky Web
|move|p1a: Spidops|Sticky Web|p2a: Ribombee
|-sidestart|p2: tyrisu|move: Sticky Web
|
|upkeep
|turn|2
|
|t:|1779948525
|move|p2a: Ribombee|Moonblast|p1a: Spidops
|-crit|p1a: Spidops
|-damage|p1a: Spidops|23/100
|-enditem|p1a: Spidops|Red Card|[of] p2a: Ribombee
|drag|p2a: Ogerpon|Ogerpon-Cornerstone, F|100/100
|-activate|p2a: Ogerpon|move: Sticky Web
|-unboost|p2a: Ogerpon|spe|1
|move|p1a: Spidops|Knock Off|p2a: Ogerpon
|-damage|p2a: Ogerpon|51/100
|
|upkeep
|turn|3
|
|t:|1779948536
|move|p2a: Ogerpon|Ivy Cudgel|p1a: Spidops|[anim] Ivy Cudgel Rock
|-supereffective|p1a: Spidops
|-damage|p1a: Spidops|0 fnt
|faint|p1a: Spidops
|
|upkeep
|
|t:|1779948553
|switch|p1a: Rotom|Rotom-Wash|100/100
|turn|4
|
|t:|1779948564
|move|p1a: Rotom|Hydro Pump|p2a: Ogerpon|[miss]
|-miss|p1a: Rotom|p2a: Ogerpon
|move|p2a: Ogerpon|Power Whip|p1a: Rotom
|-supereffective|p1a: Rotom
|-damage|p1a: Rotom|0 fnt
|faint|p1a: Rotom
|
|upkeep
|
|t:|1779948585
|switch|p1a: Bisharp|Bisharp, F|100/100
|-activate|p1a: Bisharp|move: Sticky Web
|-unboost|p1a: Bisharp|spe|1
|-ability|p1a: Bisharp|Defiant|boost
|-boost|p1a: Bisharp|atk|2
|turn|5
|
|t:|1779948589
|move|p2a: Ogerpon|Low Kick|p1a: Bisharp
|-supereffective|p1a: Bisharp
|-damage|p1a: Bisharp|6/100
|move|p1a: Bisharp|Swords Dance|p1a: Bisharp
|-boost|p1a: Bisharp|atk|2
|
|upkeep
|turn|6
|
|t:|1779948599
|switch|p2a: Ribombee|Ribombee, M, shiny|100/100
|-activate|p2a: Ribombee|move: Sticky Web
|-unboost|p2a: Ribombee|spe|1
|move|p1a: Bisharp|Sucker Punch||[still]
|-fail|p1a: Bisharp
|
|upkeep
|turn|7
|
|t:|1779948604
|move|p1a: Bisharp|Sucker Punch|p2a: Ribombee
|-resisted|p2a: Ribombee
|-enditem|p2a: Ribombee|Focus Sash
|-damage|p2a: Ribombee|1/100
|move|p2a: Ribombee|Moonblast|p1a: Bisharp
|-damage|p1a: Bisharp|0 fnt
|faint|p1a: Bisharp
|
|upkeep
|
|t:|1779948613
|switch|p1a: Empoleon|Empoleon, M|100/100
|-activate|p1a: Empoleon|move: Sticky Web
|-unboost|p1a: Empoleon|spe|1
|-ability|p1a: Empoleon|Competitive|boost
|-boost|p1a: Empoleon|spa|2
|-enditem|p1a: Empoleon|White Herb
|-clearnegativeboost|p1a: Empoleon|[silent]
|turn|8
|
|t:|1779948625
|move|p2a: Ribombee|Stun Spore|p1a: Empoleon
|-status|p1a: Empoleon|par
|move|p1a: Empoleon|Agility|p1a: Empoleon
|-boost|p1a: Empoleon|spe|2
|
|upkeep
|turn|9
|
|t:|1779948633
|switch|p2a: Raging Bolt|Raging Bolt|100/100
|-activate|p2a: Raging Bolt|move: Sticky Web
|-unboost|p2a: Raging Bolt|spe|1
|-enditem|p2a: Raging Bolt|Booster Energy
|-activate|p2a: Raging Bolt|ability: Protosynthesis|[fromitem]
|-start|p2a: Raging Bolt|protosynthesisspa
|move|p1a: Empoleon|Agility|p1a: Empoleon
|-boost|p1a: Empoleon|spe|2
|
|upkeep
|turn|10
|
|t:|1779948648
|-terastallize|p1a: Empoleon|Bug
|move|p2a: Raging Bolt|Thunderclap||[still]
|-fail|p2a: Raging Bolt
|cant|p1a: Empoleon|par
|
|upkeep
|turn|11
|
|t:|1779948658
|-terastallize|p2a: Raging Bolt|Ghost
|move|p1a: Empoleon|Agility|p1a: Empoleon
|-boost|p1a: Empoleon|spe|2
|move|p2a: Raging Bolt|Thunderbolt|p1a: Empoleon
|-damage|p1a: Empoleon|29/100 par
|
|upkeep
|turn|12
|-message|Rubicouss forfeited.
|
|win|tyrisu
|raw|Rubicouss's rating: 1367 &rarr; <strong>1350</strong><br />(-17 for losing)
|raw|tyrisu's rating: 1416 &rarr; <strong>1433</strong><br />(+17 for winning)
|l|☆Rubicouss
|player|p1|
|l|☆tyrisu
|player|p2|
