|j|☆bird_198
|j|☆TumitirangEngineer
|t:|1779962286
|gametype|singles
|player|p1|bird_198|pokemaniac|1111
|player|p2|TumitirangEngineer|pokemaniac|1123
|gen|9
|tier|[Gen 9] OU
|rated|
|rule|HP Percentage Mod: HP is shown in percentages
|rule|Endless Battle Clause: Forcing endless battles is banned
|rule|Species Clause: Limit one of each Pokémon
|rule|OHKO Clause: OHKO moves are banned
|rule|Evasion Items Clause: Evasion items are banned
|rule|Evasion Moves Clause: Evasion moves are banned
|rule|Evasion Abilities Clause: Evasion abilities are banned
|rule|Sleep Moves Clause: Sleep-inducing moves are banned
|clearpoke
|poke|p1|Cramorant, F|
|poke|p1|Shaymin|
|poke|p1|Pawmot, F|
|poke|p1|Flapple, F|
|poke|p1|Kingambit, M|
|poke|p1|Tsareena, F|
|poke|p2|Pawmot, F|
|poke|p2|Ogerpon-Wellspring, F|
|poke|p2|Dragonite, M|
|poke|p2|Pecharunt|
|poke|p2|Ambipom, M|
|poke|p2|Blaziken, F|
|teampreview
|
|t:|1779962301
|teamsize|p1|6
|teamsize|p2|6
|start
|switch|p1a: Kingambit|Kingambit, M|100/100
|switch|p2a: 24 Chicken|Blaziken, F|100/100
|turn|1
|
|t:|1779962308
|-end|p1a: Kingambit|fallenundefined|[silent]
|switch|p1a: Cramorant|Cramorant, F|100/100
|move|p2a: 24 Chicken|Aura Sphere|p1a: Cramorant
|-resisted|p1a: Cramorant
|-damage|p1a: Cramorant|81/100
|
|-ability|p2a: 24 Chicken|Speed Boost|boost
|-boost|p2a: 24 Chicken|spe|1
|upkeep
|turn|2
|
|t:|1779962315
|move|p2a: 24 Chicken|Protect|p2a: 24 Chicken
|-singleturn|p2a: 24 Chicken|Protect
|move|p1a: Cramorant|Surf|p2a: 24 Chicken
|-activate|p2a: 24 Chicken|move: Protect
|
|-ability|p2a: 24 Chicken|Speed Boost|boost
|-boost|p2a: 24 Chicken|spe|1
|upkeep
|turn|3
|
|t:|1779962323
|switch|p2a: NlGGA|Ogerpon-Wellspring, F|100/100
|move|p1a: Cramorant|Surf|p2a: NlGGA
|-immune|p2a: NlGGA|[from] ability: Water Absorb
|
|upkeep
|turn|4
|
|t:|1779962330
|move|p2a: NlGGA|Power Whip|p1a: Cramorant
|-damage|p1a: Cramorant|0 fnt
|-damage|p2a: NlGGA|84/100|[from] item: Rocky Helmet|[of] p1a: Cramorant
|faint|p1a: Cramorant
|
|upkeep
|
|t:|1779962336
|switch|p1a: Shaymin|Shaymin|100/100
|turn|5
|
|t:|1779962343
|switch|p2a: Child Predator|Ambipom, M|100/100
|move|p1a: Shaymin|Seed Flare|p2a: Child Predator
|-damage|p2a: Child Predator|6/100
|
|upkeep
|turn|6
|
|t:|1779962350
|move|p2a: Child Predator|Fake Out|p1a: Shaymin
|-damage|p1a: Shaymin|78/100
|cant|p1a: Shaymin|flinch
|
|-heal|p1a: Shaymin|84/100|[from] item: Leftovers
|upkeep
|turn|7
|
|t:|1779962358
|move|p2a: Child Predator|U-turn|p1a: Shaymin
|-supereffective|p1a: Shaymin
|-damage|p1a: Shaymin|48/100
|
|t:|1779962364
|switch|p2a: Mansangas|Pecharunt|100/100|[from] U-turn
|move|p1a: Shaymin|Seed Flare|p2a: Mansangas
|-resisted|p2a: Mansangas
|-damage|p2a: Mansangas|70/100
|-unboost|p2a: Mansangas|spd|2
|
|-heal|p1a: Shaymin|54/100|[from] item: Leftovers
|upkeep
|turn|8
|
|t:|1779962373
|move|p1a: Shaymin|Earth Power|p2a: Mansangas
|-supereffective|p2a: Mansangas
|-damage|p2a: Mansangas|0 fnt
|faint|p2a: Mansangas
|
|-heal|p1a: Shaymin|60/100|[from] item: Leftovers
|upkeep
|
|t:|1779962376
|switch|p2a: Child Predator|Ambipom, M|6/100
|turn|9
|
|t:|1779962380
|move|p1a: Shaymin|Protect|p1a: Shaymin
|-singleturn|p1a: Shaymin|Protect
|move|p2a: Child Predator|Fake Out|p1a: Shaymin
|-activate|p1a: Shaymin|move: Protect
|
|-heal|p1a: Shaymin|67/100|[from] item: Leftovers
|upkeep
|turn|10
|
|t:|1779962387
|move|p2a: Child Predator|U-turn|p1a: Shaymin
|-supereffective|p1a: Shaymin
|-damage|p1a: Shaymin|32/100
|
|t:|1779962391
|switch|p2a: Scramble Tomboy|Dragonite, M|100/100|[from] U-turn
|move|p1a: Shaymin|Leech Seed|p2a: Scramble Tomboy
|-start|p2a: Scramble Tomboy|move: Leech Seed
|
|-heal|p1a: Shaymin|38/100|[from] item: Leftovers
|-damage|p2a: Scramble Tomboy|88/100|[from] Leech Seed|[of] p1a: Shaymin
|-heal|p1a: Shaymin|48/100|[silent]
|upkeep
|turn|11
|
|t:|1779962403
|switch|p1a: Tsareena|Tsareena, F|100/100
|move|p2a: Scramble Tomboy|Ice Spinner|p1a: Tsareena
|-supereffective|p1a: Tsareena
|-damage|p1a: Tsareena|38/100
|
|-damage|p2a: Scramble Tomboy|76/100|[from] Leech Seed|[of] p1a: Tsareena
|-heal|p1a: Tsareena|49/100|[silent]
|upkeep
|turn|12
|
|t:|1779962415
|switch|p2a: 24 Chicken|Blaziken, F|100/100
|move|p1a: Tsareena|Triple Axel|p2a: 24 Chicken
|-resisted|p2a: 24 Chicken
|-damage|p2a: 24 Chicken|94/100
|-resisted|p2a: 24 Chicken
|-damage|p2a: 24 Chicken|82/100
|-resisted|p2a: 24 Chicken
|-damage|p2a: 24 Chicken|64/100
|-hitcount|p2a: 24 Chicken|3
|
|upkeep
|turn|13
|
|t:|1779962430
|switch|p1a: Flapple|Flapple, F, shiny|100/100
|move|p2a: 24 Chicken|Focus Energy|p2a: 24 Chicken
|-start|p2a: 24 Chicken|move: Focus Energy
|
|-ability|p2a: 24 Chicken|Speed Boost|boost
|-boost|p2a: 24 Chicken|spe|1
|upkeep
|turn|14
|
|t:|1779962441
|-terastallize|p2a: 24 Chicken|Fire
|move|p1a: Flapple|Outrage|p2a: 24 Chicken
|-damage|p2a: 24 Chicken|0 fnt
|faint|p2a: 24 Chicken
|
|upkeep
|
|t:|1779962448
|switch|p2a: Pikajew|Pawmot, F|100/100
|turn|15
|
|t:|1779962453
|move|p1a: Flapple|Outrage|p2a: Pikajew|[from] lockedmove
|-damage|p2a: Pikajew|0 fnt
|faint|p2a: Pikajew
|
|upkeep
|
|t:|1779962457
|switch|p2a: Child Predator|Ambipom, M|6/100
|turn|16
|
|t:|1779962466
|move|p2a: Child Predator|Fake Out|p1a: Flapple
|-damage|p1a: Flapple|61/100
|cant|p1a: Flapple|flinch
|
|-start|p1a: Flapple|confusion|[fatigue]
|upkeep
|turn|17
|
|t:|1779962473
|switch|p1a: Shaymin|Shaymin|48/100
|move|p2a: Child Predator|U-turn|p1a: Shaymin
|-supereffective|p1a: Shaymin
|-damage|p1a: Shaymin|12/100
|
|t:|1779962478
|switch|p2a: Scramble Tomboy|Dragonite, M|76/100|[from] U-turn
|
|-heal|p1a: Shaymin|19/100|[from] item: Leftovers
|upkeep
|turn|18
|
|t:|1779962482
|move|p2a: Scramble Tomboy|Extreme Speed|p1a: Shaymin
|-damage|p1a: Shaymin|0 fnt
|faint|p1a: Shaymin
|
|upkeep
|
|t:|1779962490
|switch|p1a: Peak-Chu|Pawmot, F|100/100
|turn|19
|
|t:|1779962499
|move|p1a: Peak-Chu|Revival Blessing|p1a: Peak-Chu
|-enditem|p1a: Peak-Chu|Leppa Berry|[eat]
|-activate|p1a: Peak-Chu|item: Leppa Berry|Revival Blessing|[consumed]
|
|t:|1779962502
|-heal|p1: Shaymin|50/100|[from] move: Revival Blessing
|move|p2a: Scramble Tomboy|Earthquake|p1a: Peak-Chu
|-supereffective|p1a: Peak-Chu
|-damage|p1a: Peak-Chu|0 fnt
|faint|p1a: Peak-Chu
|
|upkeep
|
|t:|1779962509
|switch|p1a: Kingambit|Kingambit, M|100/100
|-activate|p1a: Kingambit|ability: Supreme Overlord
|-start|p1a: Kingambit|fallen3|[silent]
|turn|20
|
|t:|1779962515
|move|p2a: Scramble Tomboy|Low Kick|p1a: Kingambit
|-supereffective|p1a: Kingambit
|-damage|p1a: Kingambit|0 fnt
|faint|p1a: Kingambit
|-end|p1a: Kingambit|fallen3|[silent]
|
|upkeep
|
|t:|1779962521
|switch|p1a: Shaymin|Shaymin|50/100
|turn|21
|
|t:|1779962527
|move|p1a: Shaymin|Protect|p1a: Shaymin
|-singleturn|p1a: Shaymin|Protect
|move|p2a: Scramble Tomboy|Extreme Speed|p1a: Shaymin
|-activate|p1a: Shaymin|move: Protect
|
|-heal|p1a: Shaymin|57/100|[from] item: Leftovers
|upkeep
|turn|22
|
|t:|1779962533
|move|p2a: Scramble Tomboy|Extreme Speed|p1a: Shaymin
|-crit|p1a: Shaymin
|-damage|p1a: Shaymin|18/100
|move|p1a: Shaymin|Leech Seed|p2a: Scramble Tomboy
|-start|p2a: Scramble Tomboy|move: Leech Seed
|
|-heal|p1a: Shaymin|24/100|[from] item: Leftovers
|-damage|p2a: Scramble Tomboy|63/100|[from] Leech Seed|[of] p1a: Shaymin
|-heal|p1a: Shaymin|34/100|[silent]
|upkeep
|turn|23
|
|t:|1779962541
|switch|p2a: Child Predator|Ambipom, M|6/100
|move|p1a: Shaymin|Protect||[still]
|-fail|p1a: Shaymin
|
|-heal|p1a: Shaymin|40/100|[from] item: Leftovers
|upkeep
|turn|24
|
|t:|1779962549
|switch|p1a: Flapple|Flapple, F, shiny|61/100
|move|p2a: Child Predator|U-turn|p1a: Flapple
|-supereffective|p1a: Flapple
|-damage|p1a: Flapple|2/100
|
|t:|1779962555
|switch|p2a: Scramble Tomboy|Dragonite, M|63/100|[from] U-turn
|
|upkeep
|turn|25
|
|t:|1779962561
|move|p2a: Scramble Tomboy|Extreme Speed|p1a: Flapple
|-damage|p1a: Flapple|0 fnt
|faint|p1a: Flapple
|
|upkeep
|
|t:|1779962566
|switch|p1a: Shaymin|Shaymin|40/100
|turn|26
|
|t:|1779962573
|move|p1a: Shaymin|Protect|p1a: Shaymin
|-singleturn|p1a: Shaymin|Protect
|move|p2a: Scramble Tomboy|Ice Spinner|p1a: Shaymin
|-activate|p1a: Shaymin|move: Protect
|
|-heal|p1a: Shaymin|46/100|[from] item: Leftovers
|upkeep
|turn|27
|
|t:|1779962580
|move|p2a: Scramble Tomboy|Extreme Speed|p1a: Shaymin
|-damage|p1a: Shaymin|20/100
|move|p1a: Shaymin|Leech Seed|p2a: Scramble Tomboy
|-start|p2a: Scramble Tomboy|move: Leech Seed
|
|-heal|p1a: Shaymin|26/100|[from] item: Leftovers
|-damage|p2a: Scramble Tomboy|51/100|[from] Leech Seed|[of] p1a: Shaymin
|-heal|p1a: Shaymin|36/100|[silent]
|upkeep
|turn|28
|
|t:|1779962599
|switch|p2a: Child Predator|Ambipom, M|6/100
|move|p1a: Shaymin|Protect||[still]
|-fail|p1a: Shaymin
|
|-heal|p1a: Shaymin|42/100|[from] item: Leftovers
|upkeep
|turn|29
|
|t:|1779962607
|-terastallize|p1a: Shaymin|Water
|move|p1a: Shaymin|Protect|p1a: Shaymin
|-singleturn|p1a: Shaymin|Protect
|move|p2a: Child Predator|U-turn|p1a: Shaymin
|-activate|p1a: Shaymin|move: Protect
|
|-heal|p1a: Shaymin|48/100|[from] item: Leftovers
|upkeep
|turn|30
|
|t:|1779962617
|move|p2a: Child Predator|Knock Off|p1a: Shaymin
|-damage|p1a: Shaymin|24/100
|-enditem|p1a: Shaymin|Leftovers|[from] move: Knock Off|[of] p2a: Child Predator
|move|p1a: Shaymin|Seed Flare|p2a: Child Predator|[miss]
|-miss|p1a: Shaymin|p2a: Child Predator
|
|upkeep
|turn|31
|
|t:|1779962625
|move|p2a: Child Predator|U-turn|p1a: Shaymin
|-crit|p1a: Shaymin
|-damage|p1a: Shaymin|0 fnt
|faint|p1a: Shaymin
|
|t:|1779962630
|switch|p2a: Scramble Tomboy|Dragonite, M|51/100|[from] U-turn
|
|upkeep
|c|☆bird_198|omg you are so lucky
|-message|bird_198 forfeited.
|
|win|TumitirangEngineer
|raw|bird_198's rating: 1111 &rarr; <strong>1087</strong><br />(-24 for losing)
|raw|TumitirangEngineer's rating: 1123 &rarr; <strong>1147</strong><br />(+24 for winning)
|l|☆bird_198
|player|p1|
|c|☆TumitirangEngineer|u were going to lose anyway
|l|☆TumitirangEngineer
|player|p2|
