|j|☆lethalwolf
|j|‽benm4556
|t:|1779819451
|gametype|singles
|player|p1|lethalwolf|ethan|1372
|player|p2|benm4556|169|1365
|gen|9
|tier|[Gen 9] OU
|rated|
|rule|HP Percentage Mod: HP is shown in percentages
|rule|Endless Battle Clause: Forcing endless battles is banned
|rule|Species Clause: Limit one of each Pokémon
|rule|OHKO Clause: OHKO moves are banned
|rule|Evasion Items Clause: Evasion items are banned
|rule|Evasion Moves Clause: Evasion moves are banned
|rule|Evasion Abilities Clause: Evasion abilities are banned
|rule|Sleep Moves Clause: Sleep-inducing moves are banned
|clearpoke
|poke|p1|Pelipper, F|
|poke|p1|Crawdaunt, M|
|poke|p1|Ludicolo, F|
|poke|p1|Zapdos|
|poke|p1|Volcanion|
|poke|p1|Duraludon, F|
|poke|p2|Glimmora, F|
|poke|p2|Cinderace, M|
|poke|p2|Dragapult, F|
|poke|p2|Great Tusk|
|poke|p2|Rillaboom, F|
|poke|p2|Hatterene, F|
|teampreview
|inactive|Battle timer is ON: inactive players will automatically lose when time's up. (requested by lethalwolf)
|
|t:|1779819468
|teamsize|p1|6
|teamsize|p2|6
|start
|switch|p1a: Duraludon|Duraludon, F|100/100
|switch|p2a: Dragapult|Dragapult, F|100/100
|turn|1
|
|t:|1779819489
|move|p2a: Dragapult|Draco Meteor|p1a: Duraludon|[miss]
|-miss|p2a: Dragapult|p1a: Duraludon
|move|p1a: Duraludon|Flash Cannon|p2a: Dragapult
|-damage|p2a: Dragapult|39/100
|
|upkeep
|turn|2
|
|t:|1779819495
|move|p2a: Dragapult|Draco Meteor|p1a: Duraludon
|-damage|p1a: Duraludon|0 fnt
|-unboost|p2a: Dragapult|spa|2
|faint|p1a: Duraludon
|
|upkeep
|
|t:|1779819505
|switch|p1a: Pelipper|Pelipper, F|100/100
|-weather|RainDance|[from] ability: Drizzle|[of] p1a: Pelipper
|turn|3
|
|t:|1779819514
|switch|p2a: Rillaboom|Rillaboom, F|100/100
|-fieldstart|move: Grassy Terrain|[from] ability: Grassy Surge|[of] p2a: Rillaboom
|move|p1a: Pelipper|Hurricane|p2a: Rillaboom
|-supereffective|p2a: Rillaboom
|-damage|p2a: Rillaboom|0 fnt
|faint|p2a: Rillaboom
|
|-weather|RainDance|[upkeep]
|upkeep
|
|t:|1779819523
|switch|p2a: Dragapult|Dragapult, F|39/100
|turn|4
|
|t:|1779819535
|move|p2a: Dragapult|Thunder|p1a: Pelipper
|-supereffective|p1a: Pelipper
|-damage|p1a: Pelipper|0 fnt
|faint|p1a: Pelipper
|
|-weather|RainDance|[upkeep]
|-heal|p2a: Dragapult|45/100|[from] Grassy Terrain
|upkeep
|
|t:|1779819545
|switch|p1a: Ludicolo|Ludicolo, F, shiny|100/100
|turn|5
|
|t:|1779819549
|move|p1a: Ludicolo|Ice Beam|p2a: Dragapult
|-supereffective|p2a: Dragapult
|-damage|p2a: Dragapult|0 fnt
|faint|p2a: Dragapult
|-damage|p1a: Ludicolo|91/100|[from] item: Life Orb
|
|-weather|RainDance|[upkeep]
|-heal|p1a: Ludicolo|97/100|[from] Grassy Terrain
|upkeep
|
|t:|1779819567
|switch|p2a: Hatterene|Hatterene, F|100/100
|turn|6
|
|t:|1779819577
|-terastallize|p2a: Hatterene|Water
|move|p1a: Ludicolo|Surf|p2a: Hatterene
|-resisted|p2a: Hatterene
|-damage|p2a: Hatterene|57/100
|-damage|p1a: Ludicolo|87/100|[from] item: Life Orb
|move|p2a: Hatterene|Mystical Fire|p1a: Ludicolo
|-damage|p1a: Ludicolo|72/100
|-unboost|p1a: Ludicolo|spa|1
|
|-weather|RainDance|[upkeep]
|-heal|p1a: Ludicolo|78/100|[from] Grassy Terrain
|-heal|p2a: Hatterene|63/100|[from] Grassy Terrain
|-heal|p2a: Hatterene|69/100|[from] item: Leftovers
|upkeep
|turn|7
|
|t:|1779819589
|move|p1a: Ludicolo|Giga Drain|p2a: Hatterene
|-supereffective|p2a: Hatterene
|-damage|p2a: Hatterene|0 fnt
|-heal|p1a: Ludicolo|100/100|[from] drain|[of] p2a: Hatterene
|faint|p2a: Hatterene
|-damage|p1a: Ludicolo|91/100|[from] item: Life Orb
|
|-weather|RainDance|[upkeep]
|-heal|p1a: Ludicolo|97/100|[from] Grassy Terrain
|-fieldend|move: Grassy Terrain
|upkeep
|-message|benm4556 forfeited.
|
|win|lethalwolf
|raw|lethalwolf's rating: 1372 &rarr; <strong>1392</strong><br />(+20 for winning)
|raw|benm4556's rating: 1365 &rarr; <strong>1345</strong><br />(-20 for losing)
|l|‽benm4556
|player|p2|
|l|☆lethalwolf
|player|p1|
