|j|☆tummy girl
|j|☆Rubicouss
|t:|1779860349
|gametype|singles
|player|p1|tummy girl|pokemonrangerf|1286
|player|p2|Rubicouss|gambler|1352
|gen|9
|tier|[Gen 9] OU
|rated|
|rule|HP Percentage Mod: HP is shown in percentages
|rule|Endless Battle Clause: Forcing endless battles is banned
|rule|Species Clause: Limit one of each Pokémon
|rule|OHKO Clause: OHKO moves are banned
|rule|Evasion Items Clause: Evasion items are banned
|rule|Evasion Moves Clause: Evasion moves are banned
|rule|Evasion Abilities Clause: Evasion abilities are banned
|rule|Sleep Moves Clause: Sleep-inducing moves are banned
|clearpoke
|poke|p1|Garganacl, F|
|poke|p1|Darkrai|
|poke|p1|Great Tusk|
|poke|p1|Hatterene, F|
|poke|p1|Tornadus-Therian, M|
|poke|p1|Dragonite, M|
|poke|p2|Glimmora, F|
|poke|p2|Spidops, F|
|poke|p2|Gholdengo|
|poke|p2|Great Tusk|
|poke|p2|Dondozo, F|
|poke|p2|Kingambit, M|
|teampreview
|c|☆tummy girl|is that who i think it is
|
|t:|1779860380
|teamsize|p1|6
|teamsize|p2|6
|start
|switch|p1a: Tornadus|Tornadus-Therian, M|100/100
|switch|p2a: Glimmora|Glimmora, F|100/100
|turn|1
|
|t:|1779860391
|switch|p1a: Dragonite|Dragonite, M|100/100
|move|p2a: Glimmora|Power Gem|p1a: Dragonite
|-supereffective|p1a: Dragonite
|-damage|p1a: Dragonite|60/100
|
|upkeep
|turn|2
|
|t:|1779860397
|move|p2a: Glimmora|Power Gem|p1a: Dragonite
|-supereffective|p1a: Dragonite
|-damage|p1a: Dragonite|0 fnt
|faint|p1a: Dragonite
|
|upkeep
|
|t:|1779860402
|switch|p1a: Great Tusk|Great Tusk|100/100
|-enditem|p1a: Great Tusk|Booster Energy
|-activate|p1a: Great Tusk|ability: Protosynthesis|[fromitem]
|-start|p1a: Great Tusk|protosynthesisatk
|turn|3
|
|t:|1779860408
|switch|p2a: Spidops|Spidops, F|100/100
|move|p1a: Great Tusk|Headlong Rush|p2a: Spidops
|-resisted|p2a: Spidops
|-damage|p2a: Spidops|53/100
|-unboost|p1a: Great Tusk|def|1
|-unboost|p1a: Great Tusk|spd|1
|-enditem|p2a: Spidops|Red Card|[of] p1a: Great Tusk
|-end|p1a: Great Tusk|Protosynthesis|[silent]
|drag|p1a: Tornadus|Tornadus-Therian, M|100/100
|
|upkeep
|turn|4
|inactive|Battle timer is ON: inactive players will automatically lose when time's up. (requested by tummy girl)
|
|t:|1779860424
|switch|p2a: Dondozo|Dondozo, F|100/100
|move|p1a: Tornadus|Heat Wave|p2a: Dondozo
|-resisted|p2a: Dondozo
|-damage|p2a: Dondozo|93/100
|
|upkeep
|turn|5
|
|t:|1779860431
|move|p1a: Tornadus|Knock Off|p2a: Dondozo
|-damage|p2a: Dondozo|80/100
|-enditem|p2a: Dondozo|Chesto Berry|[from] move: Knock Off|[of] p1a: Tornadus
|move|p2a: Dondozo|Liquidation|p1a: Tornadus
|-damage|p1a: Tornadus|68/100
|
|upkeep
|turn|6
|
|t:|1779860439
|move|p1a: Tornadus|Bleakwind Storm|p2a: Dondozo
|-damage|p2a: Dondozo|57/100
|move|p2a: Dondozo|Liquidation|p1a: Tornadus
|-damage|p1a: Tornadus|35/100
|
|upkeep
|turn|7
|
|t:|1779860444
|switch|p2a: Glimmora|Glimmora, F|100/100
|move|p1a: Tornadus|U-turn|p2a: Glimmora
|-resisted|p2a: Glimmora
|-damage|p2a: Glimmora|92/100
|-activate|p2a: Glimmora|ability: Toxic Debris
|-sidestart|p1: tummy girl|move: Toxic Spikes
|inactive|tummy girl has 120 seconds left.
|
|t:|1779860481
|switch|p1a: Garganacl|Garganacl, F|100/100|[from] U-turn
|
|upkeep
|turn|8
|
|t:|1779860498
|move|p2a: Glimmora|Stealth Rock|p1a: Garganacl
|-sidestart|p1: tummy girl|move: Stealth Rock
|move|p1a: Garganacl|Stealth Rock|p2a: Glimmora
|-sidestart|p2: Rubicouss|move: Stealth Rock
|
|upkeep
|turn|9
|
|t:|1779860505
|move|p2a: Glimmora|Earth Power|p1a: Garganacl
|-supereffective|p1a: Garganacl
|-damage|p1a: Garganacl|58/100
|move|p1a: Garganacl|Salt Cure|p2a: Glimmora
|-damage|p2a: Glimmora|76/100
|-start|p2a: Glimmora|Salt Cure
|-activate|p2a: Glimmora|ability: Toxic Debris
|-sidestart|p1: tummy girl|move: Toxic Spikes
|
|-heal|p1a: Garganacl|65/100|[from] item: Leftovers
|-damage|p2a: Glimmora|64/100|[from] Salt Cure
|upkeep
|turn|10
|
|t:|1779860520
|move|p2a: Glimmora|Earth Power|p1a: Garganacl
|-supereffective|p1a: Garganacl
|-damage|p1a: Garganacl|25/100
|move|p1a: Garganacl|Recover|p1a: Garganacl
|-heal|p1a: Garganacl|75/100
|
|-heal|p1a: Garganacl|81/100|[from] item: Leftovers
|-damage|p2a: Glimmora|52/100|[from] Salt Cure
|upkeep
|turn|11
|
|t:|1779860528
|switch|p2a: Great Tusk|Great Tusk|100/100
|move|p1a: Garganacl|Recover|p1a: Garganacl
|-heal|p1a: Garganacl|100/100
|
|upkeep
|turn|12
|
|t:|1779860533
|move|p2a: Great Tusk|Rapid Spin|p1a: Garganacl
|-resisted|p1a: Garganacl
|-damage|p1a: Garganacl|95/100
|-boost|p2a: Great Tusk|spe|1
|-sideend|p2: Rubicouss|Stealth Rock|[from] move: Rapid Spin|[of] p2a: Great Tusk
|move|p1a: Garganacl|Salt Cure|p2a: Great Tusk
|-resisted|p2a: Great Tusk
|-damage|p2a: Great Tusk|98/100
|-start|p2a: Great Tusk|Salt Cure
|
|-heal|p1a: Garganacl|100/100|[from] item: Leftovers
|-damage|p2a: Great Tusk|86/100|[from] Salt Cure
|upkeep
|turn|13
|
|t:|1779860542
|-end|p2a: Great Tusk|Protosynthesis|[silent]
|switch|p2a: Spidops|Spidops, F|53/100
|move|p1a: Garganacl|Protect||[still]
|-fail|p1a: Garganacl
|
|upkeep
|turn|14
|
|t:|1779860547
|move|p1a: Garganacl|Stealth Rock|p2a: Spidops
|-sidestart|p2: Rubicouss|move: Stealth Rock
|move|p2a: Spidops|Sticky Web|p1a: Garganacl
|-sidestart|p1: tummy girl|move: Sticky Web
|
|upkeep
|turn|15
|
|t:|1779860553
|move|p1a: Garganacl|Salt Cure|p2a: Spidops
|-supereffective|p2a: Spidops
|-damage|p2a: Spidops|22/100
|-start|p2a: Spidops|Salt Cure
|move|p2a: Spidops|Circle Throw|p1a: Garganacl
|-supereffective|p1a: Garganacl
|-damage|p1a: Garganacl|79/100
|drag|p1a: Tornadus|Tornadus-Therian, M|68/100
|-damage|p1a: Tornadus|43/100|[from] Stealth Rock
|
|-damage|p2a: Spidops|9/100|[from] Salt Cure
|upkeep
|turn|16
|
|t:|1779860563
|move|p1a: Tornadus|U-turn|p2a: Spidops
|-damage|p2a: Spidops|0 fnt
|faint|p2a: Spidops
|
|t:|1779860567
|switch|p1a: Garganacl|Garganacl, F|79/100|[from] U-turn
|-damage|p1a: Garganacl|66/100|[from] Stealth Rock
|-activate|p1a: Garganacl|move: Sticky Web
|-unboost|p1a: Garganacl|spe|1
|
|-heal|p1a: Garganacl|73/100|[from] item: Leftovers
|upkeep
|
|t:|1779860577
|switch|p2a: Gholdengo|Gholdengo|100/100
|-damage|p2a: Gholdengo|94/100|[from] Stealth Rock
|-item|p2a: Gholdengo|Air Balloon
|turn|17
|
|t:|1779860581
|-terastallize|p1a: Garganacl|Water
|move|p2a: Gholdengo|Make It Rain|p1a: Garganacl
|-resisted|p1a: Garganacl
|-damage|p1a: Garganacl|51/100
|-unboost|p2a: Gholdengo|spa|1
|move|p1a: Garganacl|Salt Cure|p2a: Gholdengo
|-resisted|p2a: Gholdengo
|-damage|p2a: Gholdengo|87/100
|-start|p2a: Gholdengo|Salt Cure
|-enditem|p2a: Gholdengo|Air Balloon
|
|-heal|p1a: Garganacl|57/100|[from] item: Leftovers
|-damage|p2a: Gholdengo|62/100|[from] Salt Cure
|upkeep
|turn|18
|
|t:|1779860601
|switch|p2a: Glimmora|Glimmora, F|52/100
|-damage|p2a: Glimmora|39/100|[from] Stealth Rock
|move|p1a: Garganacl|Salt Cure|p2a: Glimmora
|-damage|p2a: Glimmora|22/100
|-start|p2a: Glimmora|Salt Cure
|
|-heal|p1a: Garganacl|63/100|[from] item: Leftovers
|-damage|p2a: Glimmora|10/100|[from] Salt Cure
|upkeep
|turn|19
|
|t:|1779860607
|move|p1a: Garganacl|Protect|p1a: Garganacl
|-singleturn|p1a: Garganacl|Protect
|move|p2a: Glimmora|Sludge Wave|p1a: Garganacl
|-activate|p1a: Garganacl|move: Protect
|
|-heal|p1a: Garganacl|70/100|[from] item: Leftovers
|-damage|p2a: Glimmora|0 fnt|[from] Salt Cure
|faint|p2a: Glimmora
|upkeep
|
|t:|1779860613
|switch|p2a: Gholdengo|Gholdengo|62/100
|-damage|p2a: Gholdengo|56/100|[from] Stealth Rock
|turn|20
|
|t:|1779860625
|move|p2a: Gholdengo|Nasty Plot|p2a: Gholdengo
|-boost|p2a: Gholdengo|spa|2
|move|p1a: Garganacl|Recover|p1a: Garganacl
|-heal|p1a: Garganacl|100/100
|
|upkeep
|turn|21
|
|t:|1779860634
|move|p2a: Gholdengo|Shadow Ball|p1a: Garganacl
|-damage|p1a: Garganacl|72/100
|move|p1a: Garganacl|Salt Cure|p2a: Gholdengo
|-resisted|p2a: Gholdengo
|-damage|p2a: Gholdengo|48/100
|-start|p2a: Gholdengo|Salt Cure
|
|-heal|p1a: Garganacl|78/100|[from] item: Leftovers
|-damage|p2a: Gholdengo|24/100|[from] Salt Cure
|upkeep
|turn|22
|
|t:|1779860642
|move|p2a: Gholdengo|Dazzling Gleam|p1a: Garganacl
|-damage|p1a: Garganacl|39/100
|move|p1a: Garganacl|Recover|p1a: Garganacl
|-heal|p1a: Garganacl|89/100
|
|-heal|p1a: Garganacl|95/100|[from] item: Leftovers
|-damage|p2a: Gholdengo|0 fnt|[from] Salt Cure
|faint|p2a: Gholdengo
|upkeep
|
|t:|1779860658
|switch|p2a: Great Tusk|Great Tusk|86/100
|turn|23
|
|t:|1779860662
|move|p2a: Great Tusk|Rapid Spin|p1a: Garganacl
|-damage|p1a: Garganacl|82/100
|-boost|p2a: Great Tusk|spe|1
|-sideend|p2: Rubicouss|Stealth Rock|[from] move: Rapid Spin|[of] p2a: Great Tusk
|move|p1a: Garganacl|Salt Cure|p2a: Great Tusk
|-resisted|p2a: Great Tusk
|-damage|p2a: Great Tusk|83/100
|-start|p2a: Great Tusk|Salt Cure
|
|-heal|p1a: Garganacl|89/100|[from] item: Leftovers
|-damage|p2a: Great Tusk|71/100|[from] Salt Cure
|upkeep
|turn|24
|
|t:|1779860668
|-end|p2a: Great Tusk|Protosynthesis|[silent]
|switch|p2a: Kingambit|Kingambit, M|100/100
|-activate|p2a: Kingambit|ability: Supreme Overlord
|-start|p2a: Kingambit|fallen3|[silent]
|move|p1a: Garganacl|Stealth Rock|p2a: Kingambit
|-sidestart|p2: Rubicouss|move: Stealth Rock
|
|-heal|p1a: Garganacl|95/100|[from] item: Leftovers
|upkeep
|turn|25
|
|t:|1779860674
|move|p2a: Kingambit|Swords Dance|p2a: Kingambit
|-boost|p2a: Kingambit|atk|2
|move|p1a: Garganacl|Salt Cure|p2a: Kingambit
|-resisted|p2a: Kingambit
|-damage|p2a: Kingambit|96/100
|-start|p2a: Kingambit|Salt Cure
|
|-heal|p2a: Kingambit|100/100|[from] item: Leftovers
|-heal|p1a: Garganacl|100/100|[from] item: Leftovers
|-damage|p2a: Kingambit|75/100|[from] Salt Cure
|upkeep
|turn|26
|
|t:|1779860682
|move|p2a: Kingambit|Swords Dance|p2a: Kingambit
|-boost|p2a: Kingambit|atk|2
|move|p1a: Garganacl|Salt Cure|p2a: Kingambit
|-resisted|p2a: Kingambit
|-damage|p2a: Kingambit|71/100
|
|-heal|p2a: Kingambit|77/100|[from] item: Leftovers
|-damage|p2a: Kingambit|52/100|[from] Salt Cure
|upkeep
|turn|27
|
|t:|1779860690
|move|p1a: Garganacl|Protect|p1a: Garganacl
|-singleturn|p1a: Garganacl|Protect
|move|p2a: Kingambit|Kowtow Cleave|p1a: Garganacl
|-activate|p1a: Garganacl|move: Protect
|
|-heal|p2a: Kingambit|58/100|[from] item: Leftovers
|-damage|p2a: Kingambit|33/100|[from] Salt Cure
|upkeep
|turn|28
|
|t:|1779860703
|switch|p1a: Great Tusk|Great Tusk|100/100
|-status|p1a: Great Tusk|tox
|-damage|p1a: Great Tusk|98/100 tox|[from] Stealth Rock
|-activate|p1a: Great Tusk|move: Sticky Web
|-unboost|p1a: Great Tusk|spe|1
|move|p2a: Kingambit|Kowtow Cleave|p1a: Great Tusk
|-resisted|p1a: Great Tusk
|-damage|p1a: Great Tusk|26/100 tox
|
|-heal|p2a: Kingambit|39/100|[from] item: Leftovers
|-damage|p1a: Great Tusk|19/100 tox|[from] psn
|-damage|p2a: Kingambit|14/100|[from] Salt Cure
|upkeep
|turn|29
|
|t:|1779860712
|move|p2a: Kingambit|Sucker Punch|p1a: Great Tusk
|-resisted|p1a: Great Tusk
|-damage|p1a: Great Tusk|0 fnt
|faint|p1a: Great Tusk
|-end|p1a: Great Tusk|Protosynthesis|[silent]
|
|-heal|p2a: Kingambit|20/100|[from] item: Leftovers
|-damage|p2a: Kingambit|0 fnt|[from] Salt Cure
|faint|p2a: Kingambit
|-end|p2a: Kingambit|fallen3|[silent]
|upkeep
|
|t:|1779860732
|switch|p1a: Garganacl|Garganacl, F, tera:Water|100/100
|switch|p2a: Great Tusk|Great Tusk|71/100
|-damage|p1a: Garganacl|88/100|[from] Stealth Rock
|-activate|p1a: Garganacl|move: Sticky Web
|-unboost|p1a: Garganacl|spe|1
|turn|30
|
|t:|1779860741
|move|p2a: Great Tusk|Headlong Rush|p1a: Garganacl
|-damage|p1a: Garganacl|47/100
|-unboost|p2a: Great Tusk|def|1
|-unboost|p2a: Great Tusk|spd|1
|move|p1a: Garganacl|Salt Cure|p2a: Great Tusk
|-resisted|p2a: Great Tusk
|-damage|p2a: Great Tusk|67/100
|-start|p2a: Great Tusk|Salt Cure
|
|-heal|p1a: Garganacl|53/100|[from] item: Leftovers
|-damage|p2a: Great Tusk|55/100|[from] Salt Cure
|upkeep
|turn|31
|
|t:|1779860751
|move|p1a: Garganacl|Protect|p1a: Garganacl
|-singleturn|p1a: Garganacl|Protect
|move|p2a: Great Tusk|Headlong Rush|p1a: Garganacl
|-activate|p1a: Garganacl|move: Protect
|
|-heal|p1a: Garganacl|59/100|[from] item: Leftovers
|-damage|p2a: Great Tusk|42/100|[from] Salt Cure
|upkeep
|turn|32
|
|t:|1779860758
|move|p2a: Great Tusk|Headlong Rush|p1a: Garganacl
|-damage|p1a: Garganacl|17/100
|-unboost|p2a: Great Tusk|def|1
|-unboost|p2a: Great Tusk|spd|1
|move|p1a: Garganacl|Recover|p1a: Garganacl
|-heal|p1a: Garganacl|67/100
|
|-heal|p1a: Garganacl|73/100|[from] item: Leftovers
|-damage|p2a: Great Tusk|30/100|[from] Salt Cure
|upkeep
|turn|33
|
|t:|1779860768
|move|p2a: Great Tusk|Headlong Rush|p1a: Garganacl
|-damage|p1a: Garganacl|33/100
|-unboost|p2a: Great Tusk|def|1
|-unboost|p2a: Great Tusk|spd|1
|move|p1a: Garganacl|Recover|p1a: Garganacl
|-heal|p1a: Garganacl|83/100
|
|-heal|p1a: Garganacl|89/100|[from] item: Leftovers
|-damage|p2a: Great Tusk|17/100|[from] Salt Cure
|upkeep
|turn|34
|
|t:|1779860789
|move|p1a: Garganacl|Protect|p1a: Garganacl
|-singleturn|p1a: Garganacl|Protect
|move|p2a: Great Tusk|Rapid Spin|p1a: Garganacl
|-activate|p1a: Garganacl|move: Protect
|
|-heal|p1a: Garganacl|95/100|[from] item: Leftovers
|-damage|p2a: Great Tusk|5/100|[from] Salt Cure
|upkeep
|turn|35
|
|t:|1779860793
|move|p2a: Great Tusk|Rapid Spin|p1a: Garganacl
|-damage|p1a: Garganacl|83/100
|-boost|p2a: Great Tusk|spe|1
|-sideend|p2: Rubicouss|Stealth Rock|[from] move: Rapid Spin|[of] p2a: Great Tusk
|move|p1a: Garganacl|Recover|p1a: Garganacl
|-heal|p1a: Garganacl|100/100
|
|-damage|p2a: Great Tusk|0 fnt|[from] Salt Cure
|faint|p2a: Great Tusk
|-end|p2a: Great Tusk|Protosynthesis|[silent]
|upkeep
|
|t:|1779860796
|switch|p2a: Dondozo|Dondozo, F|57/100
|turn|36
|
|t:|1779860801
|-terastallize|p2a: Dondozo|Grass
|move|p2a: Dondozo|Curse|p2a: Dondozo
|-unboost|p2a: Dondozo|spe|1
|-boost|p2a: Dondozo|atk|1
|-boost|p2a: Dondozo|def|1
|move|p1a: Garganacl|Salt Cure|p2a: Dondozo
|-damage|p2a: Dondozo|52/100
|-start|p2a: Dondozo|Salt Cure
|
|-damage|p2a: Dondozo|39/100|[from] Salt Cure
|upkeep
|turn|37
|
|t:|1779860813
|switch|p1a: Hatterene|Hatterene, F|100/100
|-status|p1a: Hatterene|tox
|-damage|p1a: Hatterene|88/100 tox|[from] Stealth Rock
|-activate|p1a: Hatterene|move: Sticky Web
|-unboost|p1a: Hatterene|spe|1
|move|p2a: Dondozo|Curse|p2a: Dondozo
|-unboost|p2a: Dondozo|spe|1
|-boost|p2a: Dondozo|atk|1
|-boost|p2a: Dondozo|def|1
|
|-damage|p1a: Hatterene|82/100 tox|[from] psn
|-damage|p2a: Dondozo|27/100|[from] Salt Cure
|upkeep
|turn|38
|
|t:|1779860819
|move|p2a: Dondozo|Rest|p2a: Dondozo
|-status|p2a: Dondozo|slp|[from] move: Rest
|-heal|p2a: Dondozo|100/100 slp|[silent]
|move|p1a: Hatterene|Dazzling Gleam|p2a: Dondozo
|-damage|p2a: Dondozo|77/100 slp
|
|-damage|p1a: Hatterene|70/100 tox|[from] psn
|-damage|p2a: Dondozo|65/100 slp|[from] Salt Cure
|upkeep
|turn|39
|
|t:|1779860832
|cant|p2a: Dondozo|slp
|move|p1a: Hatterene|Future Sight|p2a: Dondozo
|-start|p1a: Hatterene|move: Future Sight
|
|-damage|p1a: Hatterene|52/100 tox|[from] psn
|-damage|p2a: Dondozo|52/100 slp|[from] Salt Cure
|upkeep
|turn|40
|
|t:|1779860839
|cant|p2a: Dondozo|slp
|move|p1a: Hatterene|Dazzling Gleam|p2a: Dondozo
|-damage|p2a: Dondozo|28/100 slp
|
|-damage|p1a: Hatterene|28/100 tox|[from] psn
|-damage|p2a: Dondozo|16/100 slp|[from] Salt Cure
|upkeep
|turn|41
|
|t:|1779860852
|-curestatus|p2a: Dondozo|slp|[msg]
|move|p2a: Dondozo|Rest|p2a: Dondozo
|-status|p2a: Dondozo|slp|[from] move: Rest
|-heal|p2a: Dondozo|100/100 slp|[silent]
|move|p1a: Hatterene|Pain Split|p2a: Dondozo
|-sethp|p2a: Dondozo|59/100 slp|[from] move: Pain Split|[silent]
|-sethp|p1a: Hatterene|94/100 tox|[from] move: Pain Split
|
|-end|p2a: Dondozo|move: Future Sight
|-damage|p2a: Dondozo|26/100 slp
|-damage|p1a: Hatterene|64/100 tox|[from] psn
|-damage|p2a: Dondozo|14/100 slp|[from] Salt Cure
|upkeep
|turn|42
|c|☆tummy girl|gg
|
|t:|1779860865
|cant|p2a: Dondozo|slp
|move|p1a: Hatterene|Dazzling Gleam|p2a: Dondozo
|-damage|p2a: Dondozo|0 fnt
|faint|p2a: Dondozo
|
|win|tummy girl
|raw|tummy girl's rating: 1286 &rarr; <strong>1316</strong><br />(+30 for winning)
|raw|Rubicouss's rating: 1352 &rarr; <strong>1328</strong><br />(-24 for losing)
|l|☆Rubicouss
|player|p2|
|l|☆tummy girl
|player|p1|
