|j|☆BrokenSand
|j|☆EvermerryTea
|t:|1779928002
|gametype|singles
|player|p1|BrokenSand|102|1098
|player|p2|EvermerryTea|cyclistf|1091
|gen|9
|tier|[Gen 9] OU
|rated|
|rule|HP Percentage Mod: HP is shown in percentages
|rule|Endless Battle Clause: Forcing endless battles is banned
|rule|Species Clause: Limit one of each Pokémon
|rule|OHKO Clause: OHKO moves are banned
|rule|Evasion Items Clause: Evasion items are banned
|rule|Evasion Moves Clause: Evasion moves are banned
|rule|Evasion Abilities Clause: Evasion abilities are banned
|rule|Sleep Moves Clause: Sleep-inducing moves are banned
|clearpoke
|poke|p1|Seviper, F|
|poke|p1|Arbok, F|
|poke|p1|Serperior, M|
|poke|p1|Sandaconda, F|
|poke|p1|Milotic, M|
|poke|p1|Eelektross, M|
|poke|p2|Ninetales, F|
|poke|p2|Azumarill, F|
|poke|p2|Milotic, F|
|poke|p2|Vespiquen, F|
|poke|p2|Chandelure, F|
|poke|p2|Sylveon, F|
|teampreview
|
|t:|1779928022
|teamsize|p1|6
|teamsize|p2|6
|start
|switch|p1a: Eelektross|Eelektross, M|100/100
|switch|p2a: Milotic|Milotic, F|100/100
|turn|1
|
|t:|1779928035
|-terastallize|p2a: Milotic|Ground
|move|p2a: Milotic|Ice Beam|p1a: Eelektross
|-damage|p1a: Eelektross|81/100
|move|p1a: Eelektross|Volt Switch|p2a: Milotic
|-immune|p2a: Milotic
|
|upkeep
|turn|2
|
|t:|1779928046
|move|p2a: Milotic|Flip Turn|p1a: Eelektross
|-damage|p1a: Eelektross|66/100
|
|t:|1779928056
|switch|p2a: Ninetales|Ninetales, F|100/100|[from] Flip Turn
|-weather|SunnyDay|[from] ability: Drought|[of] p2a: Ninetales
|move|p1a: Eelektross|Giga Drain|p2a: Ninetales
|-resisted|p2a: Ninetales
|-damage|p2a: Ninetales|91/100
|-heal|p1a: Eelektross|70/100|[from] drain|[of] p2a: Ninetales
|
|-weather|SunnyDay|[upkeep]
|upkeep
|turn|3
|
|t:|1779928071
|move|p2a: Ninetales|Weather Ball|p1a: Eelektross
|-damage|p1a: Eelektross|31/100
|move|p1a: Eelektross|Knock Off|p2a: Ninetales
|-damage|p2a: Ninetales|51/100
|-enditem|p2a: Ninetales|Assault Vest|[from] move: Knock Off|[of] p1a: Eelektross
|
|-weather|SunnyDay|[upkeep]
|upkeep
|turn|4
|
|t:|1779928084
|move|p2a: Ninetales|Weather Ball|p1a: Eelektross
|-damage|p1a: Eelektross|0 fnt
|faint|p1a: Eelektross
|
|-weather|SunnyDay|[upkeep]
|upkeep
|
|t:|1779928101
|switch|p1a: Milotic|Milotic, M|100/100
|turn|5
|
|t:|1779928109
|switch|p2a: Vespiquen|Vespiquen, F|100/100
|-ability|p2a: Vespiquen|Pressure
|move|p1a: Milotic|Scald|p2a: Vespiquen
|-damage|p2a: Vespiquen|92/100
|
|-weather|SunnyDay|[upkeep]
|-status|p1a: Milotic|brn|[from] item: Flame Orb
|upkeep
|turn|6
|
|t:|1779928123
|move|p1a: Milotic|Ice Beam|p2a: Vespiquen
|-supereffective|p2a: Vespiquen
|-damage|p2a: Vespiquen|61/100
|move|p2a: Vespiquen|Spikes|p1a: Milotic
|-sidestart|p1: BrokenSand|Spikes
|
|-weather|none
|-damage|p1a: Milotic|94/100 brn|[from] brn
|upkeep
|turn|7
|
|t:|1779928130
|move|p1a: Milotic|Ice Beam|p2a: Vespiquen
|-supereffective|p2a: Vespiquen
|-damage|p2a: Vespiquen|29/100
|-status|p2a: Vespiquen|frz
|cant|p2a: Vespiquen|frz
|
|-damage|p1a: Milotic|88/100 brn|[from] brn
|upkeep
|turn|8
|
|t:|1779928138
|move|p1a: Milotic|Ice Beam|p2a: Vespiquen
|-supereffective|p2a: Vespiquen
|-damage|p2a: Vespiquen|0 fnt
|faint|p2a: Vespiquen
|
|-damage|p1a: Milotic|82/100 brn|[from] brn
|upkeep
|
|t:|1779928146
|switch|p2a: Azumarill|Azumarill, F|100/100
|turn|9
|
|t:|1779928153
|move|p1a: Milotic|Scald|p2a: Azumarill
|-resisted|p2a: Azumarill
|-damage|p2a: Azumarill|87/100
|move|p2a: Azumarill|Belly Drum|p2a: Azumarill
|-damage|p2a: Azumarill|37/100
|-setboost|p2a: Azumarill|atk|6|[from] move: Belly Drum
|-enditem|p2a: Azumarill|Sitrus Berry|[eat]
|-heal|p2a: Azumarill|62/100|[from] item: Sitrus Berry
|
|-damage|p1a: Milotic|76/100 brn|[from] brn
|upkeep
|turn|10
|
|t:|1779928165
|move|p2a: Azumarill|Aqua Jet|p1a: Milotic
|-resisted|p1a: Milotic
|-damage|p1a: Milotic|51/100 brn
|move|p1a: Milotic|Haze|p1a: Milotic
|-clearallboost
|
|-damage|p1a: Milotic|45/100 brn|[from] brn
|upkeep
|turn|11
|
|t:|1779928173
|move|p1a: Milotic|Scald|p2a: Azumarill
|-resisted|p2a: Azumarill
|-damage|p2a: Azumarill|47/100
|move|p2a: Azumarill|Knock Off|p1a: Milotic
|-damage|p1a: Milotic|26/100 brn
|-enditem|p1a: Milotic|Flame Orb|[from] move: Knock Off|[of] p2a: Azumarill
|
|-damage|p1a: Milotic|20/100 brn|[from] brn
|upkeep
|turn|12
|
|t:|1779928182
|move|p1a: Milotic|Scald|p2a: Azumarill
|-resisted|p2a: Azumarill
|-damage|p2a: Azumarill|34/100
|-status|p2a: Azumarill|brn
|move|p2a: Azumarill|Play Rough|p1a: Milotic
|-damage|p1a: Milotic|7/100 brn
|-unboost|p1a: Milotic|atk|1
|
|-damage|p1a: Milotic|0 fnt|[from] brn
|faint|p1a: Milotic
|-damage|p2a: Azumarill|28/100 brn|[from] brn
|upkeep
|
|t:|1779928194
|switch|p1a: Serperior|Serperior, M|100/100
|-damage|p1a: Serperior|88/100|[from] Spikes
|turn|13
|
|t:|1779928199
|move|p2a: Azumarill|Aqua Jet|p1a: Serperior
|-resisted|p1a: Serperior
|-damage|p1a: Serperior|81/100
|move|p1a: Serperior|Leaf Storm|p2a: Azumarill
|-supereffective|p2a: Azumarill
|-damage|p2a: Azumarill|0 fnt
|-boost|p1a: Serperior|spa|2
|faint|p2a: Azumarill
|
|-heal|p1a: Serperior|87/100|[from] item: Leftovers
|upkeep
|
|t:|1779928209
|switch|p2a: Sylveon|Sylveon, F|100/100
|turn|14
|
|t:|1779928215
|move|p1a: Serperior|Leaf Storm|p2a: Sylveon
|-damage|p2a: Sylveon|51/100
|-boost|p1a: Serperior|spa|2
|move|p2a: Sylveon|Roar|p1a: Serperior
|drag|p1a: Sandaconda|Sandaconda, F|100/100
|-damage|p1a: Sandaconda|88/100|[from] Spikes
|
|upkeep
|turn|15
|
|t:|1779928224
|move|p1a: Sandaconda|Glare|p2a: Sylveon
|-status|p2a: Sylveon|par
|cant|p2a: Sylveon|par
|
|upkeep
|turn|16
|
|t:|1779928230
|move|p1a: Sandaconda|Stealth Rock|p2a: Sylveon
|-sidestart|p2: EvermerryTea|move: Stealth Rock
|cant|p2a: Sylveon|par
|
|upkeep
|turn|17
|
|t:|1779928234
|move|p1a: Sandaconda|Rock Tomb|p2a: Sylveon|[miss]
|-miss|p1a: Sandaconda|p2a: Sylveon
|move|p2a: Sylveon|Wish|p2a: Sylveon
|
|upkeep
|turn|18
|
|t:|1779928240
|move|p2a: Sylveon|Protect|p2a: Sylveon
|-singleturn|p2a: Sylveon|Protect
|move|p1a: Sandaconda|Glare|p2a: Sylveon
|-activate|p2a: Sylveon|move: Protect
|
|-heal|p2a: Sylveon|100/100 par|[from] move: Wish|[wisher] Sylveon
|upkeep
|turn|19
|
|t:|1779928252
|move|p1a: Sandaconda|Rock Tomb|p2a: Sylveon
|-damage|p2a: Sylveon|83/100 par
|-unboost|p2a: Sylveon|spe|1
|move|p2a: Sylveon|Hyper Voice|p1a: Sandaconda
|-damage|p1a: Sandaconda|31/100
|
|upkeep
|turn|20
|
|t:|1779928260
|move|p1a: Sandaconda|Rock Tomb|p2a: Sylveon
|-crit|p2a: Sylveon
|-damage|p2a: Sylveon|55/100 par
|-unboost|p2a: Sylveon|spe|1
|move|p2a: Sylveon|Hyper Voice|p1a: Sandaconda
|-damage|p1a: Sandaconda|0 fnt
|faint|p1a: Sandaconda
|
|upkeep
|
|t:|1779928280
|switch|p1a: Arbok|Arbok, F|100/100
|-damage|p1a: Arbok|88/100|[from] Spikes
|-ability|p1a: Arbok|Intimidate|boost
|-unboost|p2a: Sylveon|atk|1
|turn|21
|
|t:|1779928291
|switch|p2a: Milotic|Milotic, F, tera:Ground|100/100
|move|p1a: Arbok|Gunk Shot|p2a: Milotic
|-resisted|p2a: Milotic
|-damage|p2a: Milotic|63/100
|-status|p2a: Milotic|psn
|
|-heal|p1a: Arbok|94/100|[from] item: Black Sludge
|-damage|p2a: Milotic|51/100 psn|[from] psn
|upkeep
|turn|22
|
|t:|1779928303
|move|p2a: Milotic|Ice Beam|p1a: Arbok
|-damage|p1a: Arbok|53/100
|move|p1a: Arbok|Gunk Shot|p2a: Milotic|[miss]
|-miss|p1a: Arbok|p2a: Milotic
|
|-heal|p1a: Arbok|59/100|[from] item: Black Sludge
|-damage|p2a: Milotic|39/100 psn|[from] psn
|upkeep
|turn|23
|
|t:|1779928313
|move|p2a: Milotic|Ice Beam|p1a: Arbok
|-damage|p1a: Arbok|17/100
|move|p1a: Arbok|Coil|p1a: Arbok
|-boost|p1a: Arbok|atk|1
|-boost|p1a: Arbok|def|1
|-boost|p1a: Arbok|accuracy|1
|
|-heal|p1a: Arbok|23/100|[from] item: Black Sludge
|-damage|p2a: Milotic|26/100 psn|[from] psn
|upkeep
|turn|24
|
|t:|1779928322
|move|p2a: Milotic|Ice Beam|p1a: Arbok
|-damage|p1a: Arbok|0 fnt
|faint|p1a: Arbok
|
|-damage|p2a: Milotic|14/100 psn|[from] psn
|upkeep
|
|t:|1779928327
|switch|p1a: Serperior|Serperior, M|87/100
|-damage|p1a: Serperior|75/100|[from] Spikes
|turn|25
|
|t:|1779928332
|move|p1a: Serperior|Leaf Storm|p2a: Milotic
|-supereffective|p2a: Milotic
|-damage|p2a: Milotic|0 fnt
|-boost|p1a: Serperior|spa|2
|faint|p2a: Milotic
|
|-heal|p1a: Serperior|81/100|[from] item: Leftovers
|upkeep
|
|t:|1779928344
|switch|p2a: Sylveon|Sylveon, F|55/100 par
|turn|26
|
|t:|1779928347
|move|p1a: Serperior|Leaf Storm|p2a: Sylveon|[miss]
|-miss|p1a: Serperior|p2a: Sylveon
|move|p2a: Sylveon|Roar|p1a: Serperior
|drag|p1a: Seviper|Seviper, F|100/100
|-damage|p1a: Seviper|88/100|[from] Spikes
|
|upkeep
|turn|27
|
|t:|1779928357
|switch|p2a: Chandelure|Chandelure, F|100/100
|move|p1a: Seviper|Switcheroo|p2a: Chandelure
|-activate|p1a: Seviper|move: Trick|[of] p2a: Chandelure
|-item|p2a: Chandelure|Choice Scarf|[from] move: Switcheroo
|-item|p1a: Seviper|Heavy-Duty Boots|[from] move: Switcheroo
|
|upkeep
|turn|28
|
|t:|1779928369
|-terastallize|p1a: Seviper|Fire
|move|p2a: Chandelure|Flamethrower|p1a: Seviper
|-resisted|p1a: Seviper
|-damage|p1a: Seviper|33/100
|move|p1a: Seviper|Dark Pulse|p2a: Chandelure
|-supereffective|p2a: Chandelure
|-damage|p2a: Chandelure|51/100
|
|upkeep
|turn|29
|
|t:|1779928377
|move|p2a: Chandelure|Flamethrower|p1a: Seviper
|-resisted|p1a: Seviper
|-damage|p1a: Seviper|0 fnt
|faint|p1a: Seviper
|
|upkeep
|
|t:|1779928382
|switch|p1a: Serperior|Serperior, M|81/100
|-damage|p1a: Serperior|69/100|[from] Spikes
|turn|30
|
|t:|1779928386
|move|p1a: Serperior|Dragon Pulse|p2a: Chandelure
|-damage|p2a: Chandelure|27/100
|move|p2a: Chandelure|Flamethrower|p1a: Serperior
|-supereffective|p1a: Serperior
|-damage|p1a: Serperior|0 fnt
|faint|p1a: Serperior
|
|win|EvermerryTea
|raw|BrokenSand's rating: 1098 &rarr; <strong>1073</strong><br />(-25 for losing)
|raw|EvermerryTea's rating: 1091 &rarr; <strong>1118</strong><br />(+27 for winning)
|l|☆BrokenSand
|player|p1|
|l|☆EvermerryTea
|player|p2|
