|j|☆uncle brown
|j|☆Yullei
|t:|1779877095
|gametype|singles
|player|p1|uncle brown|266|1561
|player|p2|Yullei|zinnia|1581
|gen|9
|tier|[Gen 9] OU
|rated|
|rule|HP Percentage Mod: HP is shown in percentages
|rule|Endless Battle Clause: Forcing endless battles is banned
|rule|Species Clause: Limit one of each Pokémon
|rule|OHKO Clause: OHKO moves are banned
|rule|Evasion Items Clause: Evasion items are banned
|rule|Evasion Moves Clause: Evasion moves are banned
|rule|Evasion Abilities Clause: Evasion abilities are banned
|rule|Sleep Moves Clause: Sleep-inducing moves are banned
|clearpoke
|poke|p1|Ogerpon, F|
|poke|p1|Deoxys-Speed|
|poke|p1|Dragonite, F|
|poke|p1|Zamazenta-*|
|poke|p1|Iron Treads|
|poke|p1|Hatterene, F|
|poke|p2|Pelipper, M|
|poke|p2|Raging Bolt|
|poke|p2|Overqwil, M|
|poke|p2|Barraskewda, M|
|poke|p2|Iron Treads|
|poke|p2|Kingambit, M|
|teampreview
|inactive|Battle timer is ON: inactive players will automatically lose when time's up. (requested by Yullei)
|
|t:|1779877121
|teamsize|p1|6
|teamsize|p2|6
|start
|switch|p1a: Deoxys|Deoxys-Speed|100/100
|switch|p2a: man|Iron Treads|100/100
|-ability|p1a: Deoxys|Pressure
|-enditem|p2a: man|Booster Energy
|-activate|p2a: man|ability: Quark Drive|[fromitem]
|-start|p2a: man|quarkdrivespe
|turn|1
|
|t:|1779877143
|switch|p1a: Hatterene|Hatterene, F|100/100
|move|p2a: man|Rapid Spin|p1a: Hatterene
|-damage|p1a: Hatterene|92/100
|-boost|p2a: man|spe|1
|
|upkeep
|turn|2
|
|t:|1779877153
|switch|p1a: Deoxys|Deoxys-Speed|100/100
|-ability|p1a: Deoxys|Pressure
|move|p2a: man|Steel Beam|p1a: Deoxys
|-damage|p1a: Deoxys|38/100
|-damage|p2a: man|50/100|[from] steelbeam
|-enditem|p1a: Deoxys|Red Card|[of] p2a: man
|-end|p2a: man|Quark Drive|[silent]
|drag|p2a: dog|Overqwil, M|100/100
|
|upkeep
|turn|3
|
|t:|1779877162
|switch|p2a: man|Iron Treads|50/100
|move|p1a: Deoxys|Stealth Rock|p2a: man
|-sidestart|p2: Yullei|move: Stealth Rock
|
|upkeep
|turn|4
|
|t:|1779877169
|-terastallize|p1a: Deoxys|Ghost
|move|p1a: Deoxys|Spikes|p2a: man
|-sidestart|p2: Yullei|Spikes
|move|p2a: man|Rapid Spin|p1a: Deoxys
|-immune|p1a: Deoxys
|
|upkeep
|turn|5
|
|t:|1779877176
|move|p1a: Deoxys|Taunt|p2a: man
|-start|p2a: man|move: Taunt
|move|p2a: man|Earth Power|p1a: Deoxys
|-damage|p1a: Deoxys|0 fnt
|faint|p1a: Deoxys
|
|upkeep
|
|t:|1779877181
|switch|p1a: Ogerpon|Ogerpon, F|100/100
|turn|6
|
|t:|1779877185
|-end|p2a: man|Quark Drive|[silent]
|switch|p2a: cat|Pelipper, M|100/100
|-damage|p2a: cat|76/100|[from] Stealth Rock
|-weather|RainDance|[from] ability: Drizzle|[of] p2a: cat
|move|p1a: Ogerpon|Ivy Cudgel|p2a: cat
|-damage|p2a: cat|23/100
|-damage|p1a: Ogerpon|91/100|[from] item: Life Orb
|
|-weather|RainDance|[upkeep]
|upkeep
|turn|7
|
|t:|1779877190
|move|p1a: Ogerpon|Knock Off|p2a: cat
|-damage|p2a: cat|0 fnt
|-enditem|p2a: cat|Damp Rock|[from] move: Knock Off|[of] p1a: Ogerpon
|faint|p2a: cat
|-damage|p1a: Ogerpon|81/100|[from] item: Life Orb
|
|-weather|RainDance|[upkeep]
|upkeep
|
|t:|1779877195
|switch|p2a: e e|Barraskewda, M|100/100
|-damage|p2a: e e|88/100|[from] Stealth Rock
|-damage|p2a: e e|75/100|[from] Spikes
|turn|8
|
|t:|1779877204
|move|p2a: e e|Liquidation|p1a: Ogerpon
|-resisted|p1a: Ogerpon
|-damage|p1a: Ogerpon|7/100
|move|p1a: Ogerpon|Ivy Cudgel|p2a: e e
|-supereffective|p2a: e e
|-damage|p2a: e e|0 fnt
|faint|p2a: e e
|-damage|p1a: Ogerpon|0 fnt|[from] item: Life Orb
|faint|p1a: Ogerpon
|
|-weather|RainDance|[upkeep]
|upkeep
|
|t:|1779877212
|switch|p2a: man|Iron Treads|50/100
|switch|p1a: Iron Treads|Iron Treads|100/100
|-item|p1a: Iron Treads|Air Balloon
|-damage|p2a: man|47/100|[from] Stealth Rock
|-damage|p2a: man|35/100|[from] Spikes
|turn|9
|
|t:|1779877216
|move|p1a: Iron Treads|Earthquake|p2a: man
|-supereffective|p2a: man
|-damage|p2a: man|0 fnt
|faint|p2a: man
|-end|p2a: man|Quark Drive|[silent]
|
|-weather|RainDance|[upkeep]
|upkeep
|
|t:|1779877222
|switch|p2a: dog|Overqwil, M|100/100
|-damage|p2a: dog|88/100|[from] Stealth Rock
|-damage|p2a: dog|76/100|[from] Spikes
|turn|10
|
|t:|1779877225
|-end|p1a: Iron Treads|Quark Drive|[silent]
|switch|p1a: Hatterene|Hatterene, F|92/100
|move|p2a: dog|Liquidation|p1a: Hatterene
|-damage|p1a: Hatterene|47/100
|-damage|p2a: dog|66/100|[from] item: Life Orb
|
|-weather|RainDance|[upkeep]
|upkeep
|turn|11
|
|t:|1779877229
|move|p2a: dog|Gunk Shot|p1a: Hatterene
|-supereffective|p1a: Hatterene
|-damage|p1a: Hatterene|0 fnt
|faint|p1a: Hatterene
|-damage|p2a: dog|56/100|[from] item: Life Orb
|
|-weather|RainDance|[upkeep]
|upkeep
|
|t:|1779877233
|switch|p1a: Dragonite|Dragonite, F|100/100
|turn|12
|
|t:|1779877236
|move|p2a: dog|Gunk Shot|p1a: Dragonite
|-damage|p1a: Dragonite|57/100
|-damage|p2a: dog|47/100|[from] item: Life Orb
|move|p1a: Dragonite|Dragon Dance|p1a: Dragonite
|-boost|p1a: Dragonite|atk|1
|-boost|p1a: Dragonite|spe|1
|
|-weather|RainDance|[upkeep]
|upkeep
|turn|13
|
|t:|1779877240
|move|p1a: Dragonite|Extreme Speed|p2a: dog
|-damage|p2a: dog|0 fnt
|faint|p2a: dog
|-damage|p1a: Dragonite|47/100|[from] item: Life Orb
|
|-weather|none
|upkeep
|
|t:|1779877246
|switch|p2a: woman|Kingambit, M, shiny|100/100
|-damage|p2a: woman|94/100|[from] Stealth Rock
|-damage|p2a: woman|82/100|[from] Spikes
|-activate|p2a: woman|ability: Supreme Overlord
|-start|p2a: woman|fallen4|[silent]
|turn|14
|
|t:|1779877249
|move|p1a: Dragonite|Fire Punch|p2a: woman
|-supereffective|p2a: woman
|-damage|p2a: woman|0 fnt
|faint|p2a: woman
|-end|p2a: woman|fallen4|[silent]
|-damage|p1a: Dragonite|37/100|[from] item: Life Orb
|
|upkeep
|
|t:|1779877254
|switch|p2a: rabbit|Raging Bolt|100/100
|-damage|p2a: rabbit|88/100|[from] Stealth Rock
|-damage|p2a: rabbit|76/100|[from] Spikes
|-enditem|p2a: rabbit|Booster Energy
|-activate|p2a: rabbit|ability: Protosynthesis|[fromitem]
|-start|p2a: rabbit|protosynthesisspa
|turn|15
|j| foxi4
|
|t:|1779877258
|-terastallize|p2a: rabbit|Fairy
|move|p1a: Dragonite|Extreme Speed|p2a: rabbit
|-damage|p2a: rabbit|27/100
|-damage|p1a: Dragonite|28/100|[from] item: Life Orb
|move|p2a: rabbit|Thunder|p1a: Dragonite|[miss]
|-miss|p2a: rabbit|p1a: Dragonite
|
|upkeep
|turn|16
|-message|Yullei forfeited.
|
|win|uncle brown
|raw|uncle brown's rating: 1561 &rarr; <strong>1582</strong><br />(+21 for winning)
|raw|Yullei's rating: 1581 &rarr; <strong>1560</strong><br />(-21 for losing)
|l|☆Yullei
|player|p2|
|c|☆uncle brown|gg
|l| foxi4
