|j|☆storm__brw
|j|☆Mouu'D
|t:|1779822182
|gametype|singles
|player|p1|storm__brw|n|1394
|player|p2|Mouu'D|youngster-gen4dp|1417
|gen|9
|tier|[Gen 9] OU
|rated|
|rule|HP Percentage Mod: HP is shown in percentages
|rule|Endless Battle Clause: Forcing endless battles is banned
|rule|Species Clause: Limit one of each Pokémon
|rule|OHKO Clause: OHKO moves are banned
|rule|Evasion Items Clause: Evasion items are banned
|rule|Evasion Moves Clause: Evasion moves are banned
|rule|Evasion Abilities Clause: Evasion abilities are banned
|rule|Sleep Moves Clause: Sleep-inducing moves are banned
|clearpoke
|poke|p1|Jirachi|
|poke|p1|Great Tusk|
|poke|p1|Zamazenta-*|
|poke|p1|Kyurem|
|poke|p1|Moltres|
|poke|p1|Raging Bolt|
|poke|p2|Deoxys-Defense|
|poke|p2|Diancie|
|poke|p2|Glastrier|
|poke|p2|Ursaluna, M|
|poke|p2|Exeggutor-Alola, M|
|poke|p2|Conkeldurr, M|
|teampreview
|inactive|Battle timer is ON: inactive players will automatically lose when time's up. (requested by storm__brw)
|
|t:|1779822217
|teamsize|p1|6
|teamsize|p2|6
|start
|switch|p1a: Jirachi|Jirachi, shiny|100/100
|switch|p2a: Vegapunk 03|Deoxys-Defense, shiny|100/100
|-ability|p2a: Vegapunk 03|Pressure
|turn|1
|l|☆Mouu'D
|inactive|Mouu'D disconnected and has a minute to reconnect!
|player|p2|
|j|☆Mouu'D
|inactive|Mouu'D reconnected and has 130 seconds left.
|player|p2|Mouu'D|youngster-gen4dp|
|
|t:|1779822244
|move|p1a: Jirachi|Doom Desire|p2a: Vegapunk 03
|-start|p1a: Jirachi|Doom Desire
|move|p2a: Vegapunk 03|Trick Room|p2a: Vegapunk 03
|-fieldstart|move: Trick Room|[of] p2a: Vegapunk 03
|
|upkeep
|turn|2
|inactive|Mouu'D has 120 seconds left.
|
|t:|1779822273
|switch|p2a: Luffy gear 4th|Conkeldurr, M|100/100
|move|p1a: Jirachi|U-turn|p2a: Luffy gear 4th
|-resisted|p2a: Luffy gear 4th
|-damage|p2a: Luffy gear 4th|94/100
|inactive|storm__brw has 120 seconds left.
|
|t:|1779822302
|switch|p1a: Raging Bolt|Raging Bolt|100/100|[from] U-turn
|
|-status|p2a: Luffy gear 4th|brn|[from] item: Flame Orb
|upkeep
|turn|3
|inactive|Mouu'D has 120 seconds left.
|
|t:|1779822324
|move|p2a: Luffy gear 4th|Ice Punch|p1a: Raging Bolt
|-supereffective|p1a: Raging Bolt
|-damage|p1a: Raging Bolt|21/100
|move|p1a: Raging Bolt|Dragon Pulse|p2a: Luffy gear 4th
|-damage|p2a: Luffy gear 4th|34/100 brn
|
|-end|p2a: Luffy gear 4th|move: Doom Desire
|-damage|p2a: Luffy gear 4th|0 fnt
|faint|p2a: Luffy gear 4th
|-heal|p1a: Raging Bolt|27/100|[from] item: Leftovers
|upkeep
|
|t:|1779822332
|switch|p2a: Stronger|Glastrier|100/100
|turn|4
|
|t:|1779822339
|switch|p2a: Kuma|Ursaluna, M|100/100
|move|p1a: Raging Bolt|Thunderbolt|p2a: Kuma
|-immune|p2a: Kuma
|
|-heal|p1a: Raging Bolt|33/100|[from] item: Leftovers
|-status|p2a: Kuma|brn|[from] item: Flame Orb
|upkeep
|turn|5
|inactive|Mouu'D has 120 seconds left.
|
|t:|1779822350
|move|p2a: Kuma|Facade|p1a: Raging Bolt
|-damage|p1a: Raging Bolt|0 fnt
|faint|p1a: Raging Bolt
|-end|p1a: Raging Bolt|Protosynthesis|[silent]
|
|-damage|p2a: Kuma|94/100 brn|[from] brn
|-fieldend|move: Trick Room
|upkeep
|
|t:|1779822360
|switch|p1a: Zamazenta|Zamazenta, shiny|100/100
|-ability|p1a: Zamazenta|Dauntless Shield|boost
|-boost|p1a: Zamazenta|def|1
|turn|6
|
|t:|1779822363
|switch|p2a: Vegapunk 03|Deoxys-Defense, shiny|100/100
|-ability|p2a: Vegapunk 03|Pressure
|move|p1a: Zamazenta|Crunch|p2a: Vegapunk 03
|-supereffective|p2a: Vegapunk 03
|-crit|p2a: Vegapunk 03
|-enditem|p2a: Vegapunk 03|Colbur Berry|[eat]
|-enditem|p2a: Vegapunk 03|Colbur Berry|[weaken]
|-damage|p2a: Vegapunk 03|73/100
|
|upkeep
|turn|7
|
|t:|1779822374
|move|p1a: Zamazenta|Crunch|p2a: Vegapunk 03
|-supereffective|p2a: Vegapunk 03
|-damage|p2a: Vegapunk 03|31/100
|move|p2a: Vegapunk 03|Trick Room|p2a: Vegapunk 03
|-fieldstart|move: Trick Room|[of] p2a: Vegapunk 03
|
|upkeep
|turn|8
|
|t:|1779822379
|move|p2a: Vegapunk 03|Psycho Boost|p1a: Zamazenta
|-supereffective|p1a: Zamazenta
|-damage|p1a: Zamazenta|33/100
|-unboost|p2a: Vegapunk 03|spa|2
|move|p1a: Zamazenta|Iron Defense|p1a: Zamazenta
|-boost|p1a: Zamazenta|def|2
|
|-heal|p1a: Zamazenta|40/100|[from] item: Leftovers
|upkeep
|turn|9
|
|t:|1779822390
|-terastallize|p1a: Zamazenta|Dark
|move|p2a: Vegapunk 03|Psycho Boost|p1a: Zamazenta
|-immune|p1a: Zamazenta
|move|p1a: Zamazenta|Iron Defense|p1a: Zamazenta
|-boost|p1a: Zamazenta|def|2
|
|-heal|p1a: Zamazenta|46/100|[from] item: Leftovers
|upkeep
|turn|10
|
|t:|1779822402
|move|p2a: Vegapunk 03|Focus Blast|p1a: Zamazenta|[miss]
|-miss|p2a: Vegapunk 03|p1a: Zamazenta
|move|p1a: Zamazenta|Crunch|p2a: Vegapunk 03
|-supereffective|p2a: Vegapunk 03
|-damage|p2a: Vegapunk 03|0 fnt
|faint|p2a: Vegapunk 03
|
|-heal|p1a: Zamazenta|52/100|[from] item: Leftovers
|upkeep
|
|t:|1779822407
|switch|p2a: Joz|Diancie|100/100
|turn|11
|
|t:|1779822415
|move|p2a: Joz|Moonblast|p1a: Zamazenta
|-supereffective|p1a: Zamazenta
|-damage|p1a: Zamazenta|0 fnt
|faint|p1a: Zamazenta
|
|-fieldend|move: Trick Room
|upkeep
|
|t:|1779822420
|switch|p1a: Jirachi|Jirachi, shiny|100/100
|turn|12
|
|t:|1779822432
|move|p1a: Jirachi|Doom Desire|p2a: Joz
|-start|p1a: Jirachi|Doom Desire
|move|p2a: Joz|Trick Room|p2a: Joz
|-fieldstart|move: Trick Room|[of] p2a: Joz
|
|upkeep
|turn|13
|
|t:|1779822445
|switch|p2a: Sodom|Exeggutor-Alola, M, shiny|100/100
|move|p1a: Jirachi|Iron Head|p2a: Sodom
|-damage|p2a: Sodom|74/100
|
|upkeep
|turn|14
|
|t:|1779822453
|move|p2a: Sodom|Flamethrower|p1a: Jirachi
|-supereffective|p1a: Jirachi
|-damage|p1a: Jirachi|40/100
|move|p1a: Jirachi|U-turn|p2a: Sodom
|-supereffective|p2a: Sodom
|-crit|p2a: Sodom
|-damage|p2a: Sodom|28/100
|-enditem|p2a: Sodom|Sitrus Berry|[eat]
|-heal|p2a: Sodom|53/100|[from] item: Sitrus Berry
|
|t:|1779822466
|switch|p1a: Great Tusk|Great Tusk, shiny|100/100|[from] U-turn
|
|-end|p2a: Sodom|move: Doom Desire
|-crit|p2a: Sodom
|-damage|p2a: Sodom|0 fnt
|faint|p2a: Sodom
|upkeep
|
|t:|1779822475
|switch|p2a: Joz|Diancie|100/100
|turn|15
|
|t:|1779822484
|-end|p1a: Great Tusk|Protosynthesis|[silent]
|switch|p1a: Jirachi|Jirachi, shiny|40/100
|move|p2a: Joz|Moonblast|p1a: Jirachi
|-resisted|p1a: Jirachi
|-damage|p1a: Jirachi|20/100
|-unboost|p1a: Jirachi|spa|1
|
|-heal|p1a: Jirachi|26/100|[from] item: Leftovers
|upkeep
|turn|16
|
|t:|1779822492
|move|p2a: Joz|Earth Power|p1a: Jirachi
|-supereffective|p1a: Jirachi
|-damage|p1a: Jirachi|0 fnt
|faint|p1a: Jirachi
|
|-fieldend|move: Trick Room
|upkeep
|
|t:|1779822497
|switch|p1a: Great Tusk|Great Tusk, shiny|100/100
|turn|17
|
|t:|1779822505
|-terastallize|p2a: Joz|Flying
|move|p1a: Great Tusk|Headlong Rush|p2a: Joz
|-immune|p2a: Joz
|move|p2a: Joz|Trick Room|p2a: Joz
|-fieldstart|move: Trick Room|[of] p2a: Joz
|
|upkeep
|turn|18
|
|t:|1779822512
|-end|p1a: Great Tusk|Protosynthesis|[silent]
|switch|p1a: Moltres|Moltres, shiny|100/100
|move|p2a: Joz|Moonblast|p1a: Moltres
|-resisted|p1a: Moltres
|-damage|p1a: Moltres|76/100
|
|upkeep
|turn|19
|
|t:|1779822520
|switch|p2a: Kuma|Ursaluna, M|94/100 brn
|move|p1a: Moltres|U-turn|p2a: Kuma
|-damage|p2a: Kuma|84/100 brn
|
|t:|1779822526
|switch|p1a: Great Tusk|Great Tusk, shiny|100/100|[from] U-turn
|
|-damage|p2a: Kuma|78/100 brn|[from] brn
|upkeep
|turn|20
|
|t:|1779822537
|move|p2a: Kuma|Facade|p1a: Great Tusk
|-damage|p1a: Great Tusk|12/100
|move|p1a: Great Tusk|Close Combat|p2a: Kuma
|-supereffective|p2a: Kuma
|-damage|p2a: Kuma|0 fnt
|-unboost|p1a: Great Tusk|def|1
|-unboost|p1a: Great Tusk|spd|1
|faint|p2a: Kuma
|
|upkeep
|
|t:|1779822544
|switch|p2a: Stronger|Glastrier|100/100
|turn|21
|
|t:|1779822551
|move|p2a: Stronger|Stomping Tantrum|p1a: Great Tusk
|-damage|p1a: Great Tusk|0 fnt
|faint|p1a: Great Tusk
|-end|p1a: Great Tusk|Protosynthesis|[silent]
|-ability|p2a: Stronger|Chilling Neigh|boost
|-boost|p2a: Stronger|atk|1
|
|-fieldend|move: Trick Room
|upkeep
|
|t:|1779822555
|switch|p1a: Moltres|Moltres, shiny|76/100
|turn|22
|
|t:|1779822574
|move|p1a: Moltres|U-turn|p2a: Stronger
|-damage|p2a: Stronger|91/100
|
|t:|1779822577
|switch|p1a: Kyurem|Kyurem, shiny|100/100|[from] U-turn
|-ability|p1a: Kyurem|Pressure
|move|p2a: Stronger|Crunch|p1a: Kyurem
|-damage|p1a: Kyurem|57/100
|
|upkeep
|turn|23
|
|t:|1779822592
|move|p1a: Kyurem|Draco Meteor|p2a: Stronger|[miss]
|-miss|p1a: Kyurem|p2a: Stronger
|move|p2a: Stronger|Avalanche|p1a: Kyurem
|-damage|p1a: Kyurem|4/100
|
|upkeep
|turn|24
|
|t:|1779822599
|switch|p1a: Moltres|Moltres, shiny|76/100
|move|p2a: Stronger|Avalanche|p1a: Moltres
|-damage|p1a: Moltres|39/100
|-status|p2a: Stronger|brn|[from] ability: Flame Body|[of] p1a: Moltres
|
|-damage|p2a: Stronger|85/100 brn|[from] brn
|upkeep
|turn|25
|
|t:|1779822607
|move|p1a: Moltres|Roost|p1a: Moltres
|-heal|p1a: Moltres|89/100
|-singleturn|p1a: Moltres|move: Roost
|move|p2a: Stronger|Avalanche|p1a: Moltres
|-resisted|p1a: Moltres
|-damage|p1a: Moltres|79/100
|
|-damage|p2a: Stronger|78/100 brn|[from] brn
|upkeep
|turn|26
|l|☆Mouu'D
|inactive|Mouu'D disconnected and has a minute to reconnect!
|player|p2|
|j|☆Mouu'D
|inactive|Mouu'D reconnected and has 115 seconds left.
|player|p2|Mouu'D|youngster-gen4dp|
|
|t:|1779822647
|move|p1a: Moltres|Flamethrower|p2a: Stronger
|-supereffective|p2a: Stronger
|-damage|p2a: Stronger|38/100 brn
|move|p2a: Stronger|Avalanche|p1a: Moltres
|-damage|p1a: Moltres|38/100
|
|-damage|p2a: Stronger|32/100 brn|[from] brn
|upkeep
|turn|27
|inactive|Mouu'D has 120 seconds left.
|
|t:|1779822657
|move|p1a: Moltres|Roost|p1a: Moltres
|-heal|p1a: Moltres|88/100
|-singleturn|p1a: Moltres|move: Roost
|move|p2a: Stronger|Avalanche|p1a: Moltres
|-resisted|p1a: Moltres
|-damage|p1a: Moltres|79/100
|
|-damage|p2a: Stronger|25/100 brn|[from] brn
|upkeep
|turn|28
|inactive|Mouu'D has 120 seconds left.
|l|☆Mouu'D
|inactive|Mouu'D disconnected and has a minute to reconnect!
|player|p2|
|
|t:|1779822678
|move|p1a: Moltres|Will-O-Wisp|p2a: Stronger
|-fail|p2a: Stronger|brn
|move|p2a: Stronger|Avalanche|p1a: Moltres
|-damage|p1a: Moltres|58/100
|
|-damage|p2a: Stronger|19/100 brn|[from] brn
|upkeep
|turn|29
|j|☆Mouu'D
|inactive|Mouu'D reconnected and has 125 seconds left.
|player|p2|Mouu'D|youngster-gen4dp|
|inactive|Mouu'D has 120 seconds left.
|
|t:|1779822693
|move|p1a: Moltres|Will-O-Wisp|p2a: Stronger
|-fail|p2a: Stronger|brn
|move|p2a: Stronger|Stomping Tantrum|p1a: Moltres
|-immune|p1a: Moltres
|
|-damage|p2a: Stronger|13/100 brn|[from] brn
|upkeep
|turn|30
|
|t:|1779822701
|move|p1a: Moltres|Roost|p1a: Moltres
|-heal|p1a: Moltres|100/100
|-singleturn|p1a: Moltres|move: Roost
|move|p2a: Stronger|Avalanche|p1a: Moltres
|-resisted|p1a: Moltres
|-damage|p1a: Moltres|90/100
|
|-damage|p2a: Stronger|7/100 brn|[from] brn
|upkeep
|turn|31
|l|☆Mouu'D
|inactive|Mouu'D disconnected and has a minute to reconnect!
|player|p2|
|inactive|Mouu'D has 30 seconds to reconnect!
|j|☆Mouu'D
|inactive|Mouu'D reconnected and has 90 seconds left.
|player|p2|Mouu'D|youngster-gen4dp|
|
|t:|1779822749
|move|p1a: Moltres|U-turn|p2a: Stronger
|-damage|p2a: Stronger|0 fnt
|faint|p2a: Stronger
|
|t:|1779822752
|switch|p1a: Kyurem|Kyurem, shiny|4/100|[from] U-turn
|-ability|p1a: Kyurem|Pressure
|
|upkeep
|
|t:|1779822755
|switch|p2a: Joz|Diancie, tera:Flying|100/100
|turn|32
|
|t:|1779822759
|move|p1a: Kyurem|Ice Beam|p2a: Joz
|-supereffective|p2a: Joz
|-enditem|p2a: Joz|Focus Sash
|-damage|p2a: Joz|1/100
|move|p2a: Joz|Trick Room|p2a: Joz
|-fieldstart|move: Trick Room|[of] p2a: Joz
|
|upkeep
|turn|33
|
|t:|1779822767
|move|p2a: Joz|Moonblast|p1a: Kyurem
|-supereffective|p1a: Kyurem
|-crit|p1a: Kyurem
|-damage|p1a: Kyurem|0 fnt
|faint|p1a: Kyurem
|
|upkeep
|
|t:|1779822769
|switch|p1a: Moltres|Moltres, shiny|90/100
|turn|34
|
|t:|1779822775
|move|p2a: Joz|Endeavor|p1a: Moltres
|-damage|p1a: Moltres|1/100
|move|p1a: Moltres|Flamethrower|p2a: Joz
|-damage|p2a: Joz|0 fnt
|faint|p2a: Joz
|
|win|storm__brw
|raw|storm__brw's rating: 1394 &rarr; <strong>1415</strong><br />(+21 for winning)
|raw|Mouu&apos;D's rating: 1417 &rarr; <strong>1396</strong><br />(-21 for losing)
|l|☆Mouu'D
|player|p2|
|j|☆Mouu'D
|player|p2|Mouu'D|youngster-gen4dp|
|l|☆Mouu'D
|player|p2|
