|j|☆rashoppppp
|j|☆webgamblinadv
|t:|1779804488
|gametype|singles
|player|p1|rashoppppp|clerk|1110
|player|p2|webgamblinadv|brycen|1082
|gen|9
|tier|[Gen 9] OU
|rated|
|rule|HP Percentage Mod: HP is shown in percentages
|rule|Endless Battle Clause: Forcing endless battles is banned
|rule|Species Clause: Limit one of each Pokémon
|rule|OHKO Clause: OHKO moves are banned
|rule|Evasion Items Clause: Evasion items are banned
|rule|Evasion Moves Clause: Evasion moves are banned
|rule|Evasion Abilities Clause: Evasion abilities are banned
|rule|Sleep Moves Clause: Sleep-inducing moves are banned
|clearpoke
|poke|p1|Gholdengo|
|poke|p1|Garchomp, M|
|poke|p1|Ting-Lu|
|poke|p1|Corviknight, F|
|poke|p1|Kingambit, F|
|poke|p1|Milotic, M|
|poke|p2|Abomasnow, M|
|poke|p2|Cloyster, F|
|poke|p2|Krookodile, M|
|poke|p2|Blastoise, M|
|poke|p2|Toxtricity, M|
|poke|p2|Thundurus-Therian, M|
|teampreview
|inactive|Battle timer is ON: inactive players will automatically lose when time's up. (requested by webgamblinadv)
|inactive|webgamblinadv has 120 seconds left.
|
|t:|1779804526
|teamsize|p1|6
|teamsize|p2|6
|start
|switch|p1a: Milotic|Milotic, M|100/100
|switch|p2a: Abomasnow|Abomasnow, M|100/100
|-weather|Snowscape|[from] ability: Snow Warning|[of] p2a: Abomasnow
|turn|1
|
|t:|1779804536
|move|p1a: Milotic|Scald|p2a: Abomasnow
|-resisted|p2a: Abomasnow
|-damage|p2a: Abomasnow|87/100
|move|p2a: Abomasnow|Aurora Veil|p2a: Abomasnow
|-sidestart|p2: webgamblinadv|move: Aurora Veil
|
|-weather|Snowscape|[upkeep]
|upkeep
|turn|2
|
|t:|1779804565
|switch|p2a: Toxtricity|Toxtricity, M|100/100
|move|p1a: Milotic|Scald|p2a: Toxtricity
|-damage|p2a: Toxtricity|76/100
|
|-weather|Snowscape|[upkeep]
|upkeep
|turn|3
|inactive|rashoppppp has 120 seconds left.
|
|t:|1779804581
|switch|p1a: Ting-Lu|Ting-Lu|100/100
|-ability|p1a: Ting-Lu|Vessel of Ruin
|move|p2a: Toxtricity|Shift Gear|p2a: Toxtricity
|-boost|p2a: Toxtricity|spe|2
|-boost|p2a: Toxtricity|atk|1
|
|-weather|Snowscape|[upkeep]
|upkeep
|turn|4
|inactive|rashoppppp has 120 seconds left.
|
|t:|1779804598
|move|p2a: Toxtricity|Drain Punch|p1a: Ting-Lu
|-supereffective|p1a: Ting-Lu
|-damage|p1a: Ting-Lu|61/100
|-heal|p2a: Toxtricity|100/100|[from] drain|[of] p1a: Ting-Lu
|-damage|p2a: Toxtricity|91/100|[from] item: Life Orb
|move|p1a: Ting-Lu|Spikes|p2a: Toxtricity
|-sidestart|p2: webgamblinadv|Spikes
|
|-weather|Snowscape|[upkeep]
|-heal|p1a: Ting-Lu|67/100|[from] item: Leftovers
|upkeep
|turn|5
|inactive|rashoppppp has 120 seconds left.
|
|t:|1779804618
|-terastallize|p2a: Toxtricity|Fighting
|move|p2a: Toxtricity|Drain Punch|p1a: Ting-Lu
|-supereffective|p1a: Ting-Lu
|-damage|p1a: Ting-Lu|3/100
|-heal|p2a: Toxtricity|100/100|[from] drain|[of] p1a: Ting-Lu
|-damage|p2a: Toxtricity|91/100|[from] item: Life Orb
|move|p1a: Ting-Lu|Spikes|p2a: Toxtricity
|-sidestart|p2: webgamblinadv|Spikes
|
|-weather|none
|-heal|p1a: Ting-Lu|10/100|[from] item: Leftovers
|upkeep
|turn|6
|inactive|rashoppppp has 90 seconds left.
|inactive|webgamblinadv has 120 seconds left.
|
|t:|1779804657
|move|p2a: Toxtricity|Drain Punch|p1a: Ting-Lu
|-supereffective|p1a: Ting-Lu
|-damage|p1a: Ting-Lu|0 fnt
|-heal|p2a: Toxtricity|99/100|[from] drain|[of] p1a: Ting-Lu
|faint|p1a: Ting-Lu
|-damage|p2a: Toxtricity|89/100|[from] item: Life Orb
|
|upkeep
|
|t:|1779804670
|switch|p1a: Milotic|Milotic, M|100/100
|turn|7
|
|t:|1779804679
|move|p2a: Toxtricity|Overdrive|p1a: Milotic
|-supereffective|p1a: Milotic
|-damage|p1a: Milotic|1/100
|-damage|p2a: Toxtricity|79/100|[from] item: Life Orb
|move|p1a: Milotic|Haze|p1a: Milotic
|-clearallboost
|
|-heal|p1a: Milotic|7/100|[from] item: Leftovers
|upkeep
|turn|8
|inactive|rashoppppp has 90 seconds left.
|
|t:|1779804693
|move|p2a: Toxtricity|Shift Gear|p2a: Toxtricity
|-boost|p2a: Toxtricity|spe|2
|-boost|p2a: Toxtricity|atk|1
|move|p1a: Milotic|Haze|p1a: Milotic
|-clearallboost
|
|-heal|p1a: Milotic|13/100|[from] item: Leftovers
|-sideend|p2: webgamblinadv|move: Aurora Veil
|upkeep
|turn|9
|inactive|rashoppppp has 90 seconds left.
|
|t:|1779804704
|move|p2a: Toxtricity|Drain Punch|p1a: Milotic
|-damage|p1a: Milotic|0 fnt
|-heal|p2a: Toxtricity|87/100|[from] drain|[of] p1a: Milotic
|faint|p1a: Milotic
|-damage|p2a: Toxtricity|77/100|[from] item: Life Orb
|
|upkeep
|inactive|rashoppppp has 90 seconds left.
|
|t:|1779804711
|switch|p1a: Garchomp|Garchomp, M|100/100
|turn|10
|inactive|rashoppppp has 90 seconds left.
|
|t:|1779804724
|move|p2a: Toxtricity|Boomburst|p1a: Garchomp
|-damage|p1a: Garchomp|28/100
|-damage|p2a: Toxtricity|68/100|[from] item: Life Orb
|move|p1a: Garchomp|Dragon Tail|p2a: Toxtricity
|-damage|p2a: Toxtricity|29/100
|drag|p2a: Abomasnow|Abomasnow, M|87/100
|-damage|p2a: Abomasnow|71/100|[from] Spikes
|-weather|Snowscape|[from] ability: Snow Warning|[of] p2a: Abomasnow
|
|-weather|Snowscape|[upkeep]
|upkeep
|turn|11
|inactive|rashoppppp has 90 seconds left.
|
|t:|1779804738
|move|p1a: Garchomp|Stealth Rock|p2a: Abomasnow
|-sidestart|p2: webgamblinadv|move: Stealth Rock
|move|p2a: Abomasnow|Aurora Veil|p2a: Abomasnow
|-sidestart|p2: webgamblinadv|move: Aurora Veil
|
|-weather|Snowscape|[upkeep]
|upkeep
|turn|12
|
|t:|1779804745
|move|p2a: Abomasnow|Ice Shard|p1a: Garchomp
|-supereffective|p1a: Garchomp
|-crit|p1a: Garchomp
|-damage|p1a: Garchomp|0 fnt
|faint|p1a: Garchomp
|
|-weather|Snowscape|[upkeep]
|upkeep
|
|t:|1779804753
|switch|p1a: Kingambit|Kingambit, F|100/100
|-activate|p1a: Kingambit|ability: Supreme Overlord
|-start|p1a: Kingambit|fallen3|[silent]
|turn|13
|
|t:|1779804760
|move|p1a: Kingambit|Sucker Punch|p2a: Abomasnow
|-damage|p2a: Abomasnow|46/100
|move|p2a: Abomasnow|Earth Power|p1a: Kingambit
|-supereffective|p1a: Kingambit
|-damage|p1a: Kingambit|52/100
|
|-weather|Snowscape|[upkeep]
|upkeep
|turn|14
|
|t:|1779804774
|move|p1a: Kingambit|Iron Head|p2a: Abomasnow
|-supereffective|p2a: Abomasnow
|-damage|p2a: Abomasnow|0 fnt
|faint|p2a: Abomasnow
|
|-weather|none
|upkeep
|
|t:|1779804799
|switch|p2a: Cloyster|Cloyster, F|100/100
|-damage|p2a: Cloyster|84/100|[from] Spikes
|-damage|p2a: Cloyster|59/100|[from] Stealth Rock
|turn|15
|
|t:|1779804821
|move|p2a: Cloyster|Shell Smash|p2a: Cloyster
|-unboost|p2a: Cloyster|def|1
|-unboost|p2a: Cloyster|spd|1
|-boost|p2a: Cloyster|atk|2
|-boost|p2a: Cloyster|spa|2
|-boost|p2a: Cloyster|spe|2
|-enditem|p2a: Cloyster|White Herb
|-clearnegativeboost|p2a: Cloyster|[silent]
|move|p1a: Kingambit|Swords Dance|p1a: Kingambit
|-boost|p1a: Kingambit|atk|2
|
|upkeep
|turn|16
|inactive|webgamblinadv has 120 seconds left.
|
|t:|1779804847
|move|p1a: Kingambit|Sucker Punch||[still]
|-fail|p1a: Kingambit
|move|p2a: Cloyster|Substitute|p2a: Cloyster
|-start|p2a: Cloyster|Substitute
|-damage|p2a: Cloyster|35/100
|
|upkeep
|turn|17
|
|t:|1779804859
|-end|p1a: Kingambit|fallen3|[silent]
|switch|p1a: Gholdengo|Gholdengo|100/100
|-item|p1a: Gholdengo|Air Balloon
|move|p2a: Cloyster|Shell Smash|p2a: Cloyster
|-unboost|p2a: Cloyster|def|1
|-unboost|p2a: Cloyster|spd|1
|-boost|p2a: Cloyster|atk|2
|-boost|p2a: Cloyster|spa|2
|-boost|p2a: Cloyster|spe|2
|
|upkeep
|turn|18
|inactive|rashoppppp has 90 seconds left.
|
|t:|1779804876
|move|p2a: Cloyster|Icicle Spear|p1a: Gholdengo
|-resisted|p1a: Gholdengo
|-damage|p1a: Gholdengo|80/100
|-enditem|p1a: Gholdengo|Air Balloon
|-resisted|p1a: Gholdengo
|-damage|p1a: Gholdengo|61/100
|-resisted|p1a: Gholdengo
|-damage|p1a: Gholdengo|40/100
|-resisted|p1a: Gholdengo
|-damage|p1a: Gholdengo|21/100
|-resisted|p1a: Gholdengo
|-damage|p1a: Gholdengo|2/100
|-hitcount|p1a: Gholdengo|5
|move|p1a: Gholdengo|Make It Rain|p2a: Cloyster
|-end|p2a: Cloyster|Substitute
|-unboost|p1a: Gholdengo|spa|1
|
|-sideend|p2: webgamblinadv|move: Aurora Veil
|upkeep
|turn|19
|inactive|rashoppppp has 90 seconds left.
|
|t:|1779804894
|move|p2a: Cloyster|Icicle Spear|p1a: Gholdengo
|-resisted|p1a: Gholdengo
|-damage|p1a: Gholdengo|0 fnt
|faint|p1a: Gholdengo
|-hitcount|p1: Gholdengo|1
|
|upkeep
|
|t:|1779804903
|switch|p1a: Corviknight|Corviknight, F|100/100
|-ability|p1a: Corviknight|Pressure
|turn|20
|inactive|rashoppppp has 90 seconds left.
|
|t:|1779804914
|move|p2a: Cloyster|Icicle Spear|p1a: Corviknight
|-damage|p1a: Corviknight|74/100
|-damage|p1a: Corviknight|50/100
|-damage|p1a: Corviknight|26/100
|-damage|p1a: Corviknight|1/100
|-damage|p1a: Corviknight|0 fnt
|faint|p1a: Corviknight
|-hitcount|p1: Corviknight|5
|
|upkeep
|
|t:|1779804926
|switch|p1a: Kingambit|Kingambit, F|52/100
|-activate|p1a: Kingambit|ability: Supreme Overlord
|-start|p1a: Kingambit|fallen5|[silent]
|turn|21
|
|t:|1779804932
|move|p1a: Kingambit|Sucker Punch|p2a: Cloyster
|-crit|p2a: Cloyster
|-damage|p2a: Cloyster|0 fnt
|faint|p2a: Cloyster
|
|upkeep
|
|t:|1779804942
|switch|p2a: Krookodile|Krookodile, M|100/100
|-damage|p2a: Krookodile|84/100|[from] Spikes
|-damage|p2a: Krookodile|78/100|[from] Stealth Rock
|turn|22
|
|t:|1779804950
|move|p2a: Krookodile|Earthquake|p1a: Kingambit
|-supereffective|p1a: Kingambit
|-crit|p1a: Kingambit
|-damage|p1a: Kingambit|0 fnt
|faint|p1a: Kingambit
|-end|p1a: Kingambit|fallen5|[silent]
|
|win|webgamblinadv
|raw|rashoppppp's rating: 1110 &rarr; <strong>1083</strong><br />(-27 for losing)
|raw|webgamblinadv's rating: 1082 &rarr; <strong>1112</strong><br />(+30 for winning)
|c|☆webgamblinadv|gg
|l|☆webgamblinadv
|player|p2|
|l|☆rashoppppp
|player|p1|
