|j|☆davespekkie
|j|☆drybeater36
|t:|1779970586
|gametype|singles
|player|p1|davespekkie|265|1170
|player|p2|drybeater36|n|1189
|gen|9
|tier|[Gen 9] OU
|rated|
|rule|HP Percentage Mod: HP is shown in percentages
|rule|Endless Battle Clause: Forcing endless battles is banned
|rule|Species Clause: Limit one of each Pokémon
|rule|OHKO Clause: OHKO moves are banned
|rule|Evasion Items Clause: Evasion items are banned
|rule|Evasion Moves Clause: Evasion moves are banned
|rule|Evasion Abilities Clause: Evasion abilities are banned
|rule|Sleep Moves Clause: Sleep-inducing moves are banned
|clearpoke
|poke|p1|Rotom-Wash|
|poke|p1|Iron Valiant|
|poke|p1|Landorus-Therian, M|
|poke|p1|Polteageist|
|poke|p1|Corviknight, F|
|poke|p1|Meowscarada, F|
|poke|p2|Drifblim, F|
|poke|p2|Rillaboom, F|
|poke|p2|Ogerpon-Cornerstone, F|
|poke|p2|Kyurem|
|poke|p2|Gholdengo|
|poke|p2|Great Tusk|
|teampreview
|inactive|Battle timer is ON: inactive players will automatically lose when time's up. (requested by davespekkie)
|
|t:|1779970601
|teamsize|p1|6
|teamsize|p2|6
|start
|switch|p1a: Polteageist|Polteageist|100/100
|switch|p2a: Gholdengo|Gholdengo|100/100
|turn|1
|
|t:|1779970614
|-terastallize|p1a: Polteageist|Fighting
|move|p2a: Gholdengo|Shadow Ball|p1a: Polteageist
|-damage|p1a: Polteageist|51/100
|move|p1a: Polteageist|Shell Smash|p1a: Polteageist
|-unboost|p1a: Polteageist|def|1
|-unboost|p1a: Polteageist|spd|1
|-boost|p1a: Polteageist|atk|2
|-boost|p1a: Polteageist|spa|2
|-boost|p1a: Polteageist|spe|2
|-enditem|p1a: Polteageist|White Herb
|-clearnegativeboost|p1a: Polteageist|[silent]
|
|upkeep
|turn|2
|
|t:|1779970630
|switch|p2a: Rillaboom|Rillaboom, F|100/100
|-fieldstart|move: Grassy Terrain|[from] ability: Grassy Surge|[of] p2a: Rillaboom
|move|p1a: Polteageist|Shadow Ball|p2a: Rillaboom
|-damage|p2a: Rillaboom|0 fnt
|faint|p2a: Rillaboom
|
|-heal|p1a: Polteageist|57/100|[from] Grassy Terrain
|upkeep
|
|t:|1779970637
|switch|p2a: Ogerpon|Ogerpon-Cornerstone, F|100/100
|turn|3
|
|t:|1779970649
|move|p1a: Polteageist|Giga Drain|p2a: Ogerpon
|-damage|p2a: Ogerpon|17/100
|-heal|p1a: Polteageist|100/100|[from] drain|[of] p2a: Ogerpon
|move|p2a: Ogerpon|Swords Dance|p2a: Ogerpon
|-boost|p2a: Ogerpon|atk|2
|
|-heal|p2a: Ogerpon|23/100|[from] Grassy Terrain
|upkeep
|turn|4
|
|t:|1779970657
|move|p2a: Ogerpon|Grassy Glide|p1a: Polteageist
|-crit|p1a: Polteageist
|-damage|p1a: Polteageist|0 fnt
|-start|p2a: Ogerpon|Disable|Grassy Glide|[from] ability: Cursed Body|[of] p1a: Polteageist
|faint|p1a: Polteageist
|
|-heal|p2a: Ogerpon|29/100|[from] Grassy Terrain
|upkeep
|c|☆drybeater36|ou shi
|
|t:|1779970672
|switch|p1a: Corviknight|Corviknight, F|100/100
|-ability|p1a: Corviknight|Unnerve
|turn|5
|
|t:|1779970688
|switch|p2a: Drifblim|Drifblim, F|100/100
|-enditem|p2a: Drifblim|Grassy Seed
|-boost|p2a: Drifblim|def|1|[from] item: Grassy Seed
|move|p1a: Corviknight|Iron Head|p2a: Drifblim
|-damage|p2a: Drifblim|81/100
|
|upkeep
|turn|6
|
|t:|1779970702
|move|p2a: Drifblim|Will-O-Wisp|p1a: Corviknight
|-status|p1a: Corviknight|brn
|move|p1a: Corviknight|U-turn|p2a: Drifblim
|-resisted|p2a: Drifblim
|-damage|p2a: Drifblim|79/100
|
|t:|1779970711
|switch|p1a: Meowscarada|Meowscarada, F|100/100|[from] U-turn
|
|-fieldend|move: Grassy Terrain
|upkeep
|turn|7
|
|t:|1779970732
|-terastallize|p2a: Drifblim|Electric
|move|p2a: Drifblim|Will-O-Wisp|p1a: Meowscarada
|-status|p1a: Meowscarada|brn
|move|p1a: Meowscarada|Triple Axel|p2a: Drifblim|[miss]
|-start|p1a: Meowscarada|typechange|Ice|[from] ability: Protean
|-miss|p1a: Meowscarada|p2a: Drifblim
|
|-damage|p1a: Meowscarada|94/100 brn|[from] brn
|upkeep
|turn|8
|c|☆davespekkie|how fast is drifblim?
|inactive|drybeater36 has 120 seconds left.
|
|t:|1779970755
|switch|p1a: Landorus|Landorus-Therian, M|100/100
|-ability|p1a: Landorus|Intimidate|boost
|-unboost|p2a: Drifblim|atk|1
|move|p2a: Drifblim|Calm Mind|p2a: Drifblim
|-boost|p2a: Drifblim|spa|1
|-boost|p2a: Drifblim|spd|1
|
|upkeep
|turn|9
|c|☆drybeater36|unburden boost ill give you that
|inactive|drybeater36 has 120 seconds left.
|c|☆davespekkie|aha
|
|t:|1779970770
|move|p2a: Drifblim|Shadow Ball|p1a: Landorus
|-damage|p1a: Landorus|41/100
|-unboost|p1a: Landorus|spd|1
|move|p1a: Landorus|Earthquake|p2a: Drifblim
|-supereffective|p2a: Drifblim
|-damage|p2a: Drifblim|0 fnt
|faint|p2a: Drifblim
|
|upkeep
|c|☆davespekkie|didnt know it had that
|
|t:|1779970788
|switch|p2a: Ogerpon|Ogerpon-Cornerstone, F|29/100
|turn|10
|
|t:|1779970794
|switch|p1a: Corviknight|Corviknight, F|100/100 brn
|-ability|p1a: Corviknight|Unnerve
|move|p2a: Ogerpon|Horn Leech|p1a: Corviknight
|-resisted|p1a: Corviknight
|-damage|p1a: Corviknight|91/100 brn
|-heal|p2a: Ogerpon|35/100|[from] drain|[of] p1a: Corviknight
|
|-heal|p1a: Corviknight|97/100 brn|[from] item: Leftovers
|-damage|p1a: Corviknight|91/100 brn|[from] brn
|upkeep
|turn|11
|
|t:|1779970811
|switch|p2a: Gholdengo|Gholdengo|100/100
|move|p1a: Corviknight|Iron Head|p2a: Gholdengo
|-resisted|p2a: Gholdengo
|-damage|p2a: Gholdengo|94/100
|
|-heal|p1a: Corviknight|97/100 brn|[from] item: Leftovers
|-damage|p1a: Corviknight|91/100 brn|[from] brn
|upkeep
|turn|12
|
|t:|1779970822
|move|p2a: Gholdengo|Shadow Ball|p1a: Corviknight
|-damage|p1a: Corviknight|63/100 brn
|move|p1a: Corviknight|U-turn|p2a: Gholdengo
|-resisted|p2a: Gholdengo
|-crit|p2a: Gholdengo
|-damage|p2a: Gholdengo|91/100
|
|t:|1779970842
|switch|p1a: Meowscarada|Meowscarada, F|94/100 brn|[from] U-turn
|
|-damage|p1a: Meowscarada|88/100 brn|[from] brn
|upkeep
|turn|13
|
|t:|1779970860
|switch|p2a: Great Tusk|Great Tusk|100/100
|move|p1a: Meowscarada|Knock Off|p2a: Great Tusk
|-start|p1a: Meowscarada|typechange|Dark|[from] ability: Protean
|-resisted|p2a: Great Tusk
|-damage|p2a: Great Tusk|93/100
|-enditem|p2a: Great Tusk|Heavy-Duty Boots|[from] move: Knock Off|[of] p1a: Meowscarada
|
|-damage|p1a: Meowscarada|82/100 brn|[from] brn
|upkeep
|turn|14
|
|t:|1779970870
|move|p1a: Meowscarada|U-turn|p2a: Great Tusk
|-resisted|p2a: Great Tusk
|-damage|p2a: Great Tusk|89/100
|
|t:|1779970880
|switch|p1a: Landorus|Landorus-Therian, M|41/100|[from] U-turn
|-ability|p1a: Landorus|Intimidate|boost
|-unboost|p2a: Great Tusk|atk|1
|move|p2a: Great Tusk|Headlong Rush|p1a: Landorus
|-immune|p1a: Landorus
|
|upkeep
|turn|15
|inactive|drybeater36 has 120 seconds left.
|
|t:|1779970890
|move|p2a: Great Tusk|Ice Spinner|p1a: Landorus
|-supereffective|p1a: Landorus
|-damage|p1a: Landorus|0 fnt
|-damage|p2a: Great Tusk|73/100|[from] item: Rocky Helmet|[of] p1a: Landorus
|faint|p1a: Landorus
|
|upkeep
|c|☆drybeater36|defensive?
|
|t:|1779970904
|switch|p1a: Rotom|Rotom-Wash|100/100
|turn|16
|inactive|drybeater36 has 120 seconds left.
|
|t:|1779970920
|-end|p2a: Great Tusk|Protosynthesis|[silent]
|switch|p2a: Kyurem|Kyurem, shiny|100/100
|-ability|p2a: Kyurem|Pressure
|move|p1a: Rotom|Hydro Pump|p2a: Kyurem
|-resisted|p2a: Kyurem
|-damage|p2a: Kyurem|80/100
|
|upkeep
|turn|17
|inactive|drybeater36 has 120 seconds left.
|
|t:|1779970940
|switch|p1a: Corviknight|Corviknight, F|63/100 brn
|-ability|p1a: Corviknight|Unnerve
|move|p2a: Kyurem|Freeze-Dry|p1a: Corviknight
|-damage|p1a: Corviknight|25/100 brn
|
|-heal|p1a: Corviknight|32/100 brn|[from] item: Leftovers
|-damage|p1a: Corviknight|25/100 brn|[from] brn
|upkeep
|turn|18
|
|t:|1779970949
|move|p2a: Kyurem|Freeze-Dry|p1a: Corviknight
|-damage|p1a: Corviknight|0 fnt
|faint|p1a: Corviknight
|
|upkeep
|
|t:|1779970955
|switch|p1a: Iron Valiant|Iron Valiant, shiny|100/100
|-enditem|p1a: Iron Valiant|Booster Energy
|-activate|p1a: Iron Valiant|ability: Quark Drive|[fromitem]
|-start|p1a: Iron Valiant|quarkdrivespe
|turn|19
|
|t:|1779970972
|switch|p2a: Gholdengo|Gholdengo|91/100
|move|p1a: Iron Valiant|Calm Mind|p1a: Iron Valiant
|-boost|p1a: Iron Valiant|spa|1
|-boost|p1a: Iron Valiant|spd|1
|
|upkeep
|turn|20
|
|t:|1779970984
|move|p1a: Iron Valiant|Moonblast|p2a: Gholdengo
|-resisted|p2a: Gholdengo
|-damage|p2a: Gholdengo|47/100
|move|p2a: Gholdengo|Make It Rain|p1a: Iron Valiant
|-supereffective|p1a: Iron Valiant
|-damage|p1a: Iron Valiant|0 fnt
|-unboost|p2a: Gholdengo|spa|1
|faint|p1a: Iron Valiant
|-end|p1a: Iron Valiant|Quark Drive|[silent]
|
|upkeep
|
|t:|1779970993
|switch|p1a: Meowscarada|Meowscarada, F|82/100 brn
|turn|21
|c|☆drybeater36|sb had a chance to kill
|
|t:|1779971007
|switch|p2a: Ogerpon|Ogerpon-Cornerstone, F|35/100
|move|p1a: Meowscarada|Flower Trick|p2a: Ogerpon
|-start|p1a: Meowscarada|typechange|Grass|[from] ability: Protean
|-crit|p2a: Ogerpon
|-damage|p2a: Ogerpon|1/100
|
|-damage|p1a: Meowscarada|76/100 brn|[from] brn
|upkeep
|turn|22
|
|t:|1779971034
|move|p1a: Meowscarada|Triple Axel|p2a: Ogerpon
|-supereffective|p2a: Ogerpon
|-damage|p2a: Ogerpon|0 fnt
|faint|p2a: Ogerpon
|-hitcount|p2: Ogerpon|1
|
|-damage|p1a: Meowscarada|70/100 brn|[from] brn
|upkeep
|
|t:|1779971040
|switch|p2a: Kyurem|Kyurem, shiny|80/100
|-ability|p2a: Kyurem|Pressure
|turn|23
|
|t:|1779971045
|move|p1a: Meowscarada|U-turn|p2a: Kyurem
|-damage|p2a: Kyurem|69/100
|
|t:|1779971047
|switch|p1a: Rotom|Rotom-Wash|100/100|[from] U-turn
|move|p2a: Kyurem|Freeze-Dry|p1a: Rotom
|-supereffective|p1a: Rotom
|-damage|p1a: Rotom|0 fnt
|faint|p1a: Rotom
|
|upkeep
|-message|davespekkie forfeited.
|
|win|drybeater36
|raw|davespekkie's rating: 1170 &rarr; <strong>1146</strong><br />(-24 for losing)
|raw|drybeater36's rating: 1189 &rarr; <strong>1213</strong><br />(+24 for winning)
|l|☆davespekkie
|player|p1|
|l|☆drybeater36
|player|p2|
