|j|☆surprised head
|j|☆dogegod 89
|inactive|Battle timer is ON: inactive players will automatically lose when time's up.
|t:|1779887629
|gametype|singles
|player|p1|surprised head|169|
|player|p2|dogegod 89|ethan|
|gen|9
|tier|[Gen 9] OU
|rated|Tournament battle
|rule|HP Percentage Mod: HP is shown in percentages
|rule|Endless Battle Clause: Forcing endless battles is banned
|rule|Species Clause: Limit one of each Pokémon
|rule|OHKO Clause: OHKO moves are banned
|rule|Evasion Items Clause: Evasion items are banned
|rule|Evasion Moves Clause: Evasion moves are banned
|rule|Evasion Abilities Clause: Evasion abilities are banned
|rule|Sleep Moves Clause: Sleep-inducing moves are banned
|clearpoke
|poke|p1|Ogerpon-Wellspring, F|
|poke|p1|Zamazenta-*|
|poke|p1|Gliscor, F|
|poke|p1|Gholdengo|
|poke|p1|Slowking-Galar, F|
|poke|p1|Cinderace, F|
|poke|p2|Darkrai|
|poke|p2|Samurott-Hisui, M|
|poke|p2|Dragapult, M|
|poke|p2|Cloyster, F|
|poke|p2|Iron Valiant|
|poke|p2|Landorus-Therian, M|
|teampreview
|c|☆dogegod 89|glhf
|c|☆surprised head|glhf
|c|☆dogegod 89|Get ready for the ball team
|c|☆surprised head|uh oh
|
|t:|1779887648
|teamsize|p1|6
|teamsize|p2|6
|start
|switch|p1a: Ogerpon|Ogerpon-Wellspring, F|100/100
|switch|p2a: Baller|Cloyster, F, shiny|100/100
|turn|1
|
|t:|1779887657
|move|p1a: Ogerpon|U-turn|p2a: Baller
|-damage|p2a: Baller|76/100
|
|t:|1779887658
|switch|p1a: Zamazenta|Zamazenta|100/100|[from] U-turn
|-ability|p1a: Zamazenta|Dauntless Shield|boost
|-boost|p1a: Zamazenta|def|1
|move|p2a: Baller|Shell Smash|p2a: Baller
|-unboost|p2a: Baller|def|1
|-unboost|p2a: Baller|spd|1
|-boost|p2a: Baller|atk|2
|-boost|p2a: Baller|spa|2
|-boost|p2a: Baller|spe|2
|
|upkeep
|turn|2
|
|t:|1779887663
|-terastallize|p2a: Baller|Ghost
|move|p2a: Baller|Shell Smash|p2a: Baller
|-unboost|p2a: Baller|def|1
|-unboost|p2a: Baller|spd|1
|-boost|p2a: Baller|atk|2
|-boost|p2a: Baller|spa|2
|-boost|p2a: Baller|spe|2
|move|p1a: Zamazenta|Close Combat|p2a: Baller
|-immune|p2a: Baller
|
|upkeep
|turn|3
|j|#Setsu
|
|t:|1779887667
|move|p2a: Baller|Icicle Spear|p1a: Zamazenta
|-damage|p1a: Zamazenta|77/100
|-damage|p1a: Zamazenta|56/100
|-damage|p1a: Zamazenta|34/100
|-damage|p1a: Zamazenta|12/100
|-damage|p1a: Zamazenta|0 fnt
|faint|p1a: Zamazenta
|-hitcount|p1: Zamazenta|5
|
|upkeep
|c|☆dogegod 89|He he
|inactive|surprised head has 120 seconds left.
|
|t:|1779887708
|switch|p1a: Gholdengo|Gholdengo|100/100
|turn|4
|
|t:|1779887718
|-terastallize|p1a: Gholdengo|Fairy
|move|p2a: Baller|Razor Shell|p1a: Gholdengo
|-damage|p1a: Gholdengo|25/100
|-unboost|p1a: Gholdengo|def|1
|move|p1a: Gholdengo|Shadow Ball|p2a: Baller
|-supereffective|p2a: Baller
|-damage|p2a: Baller|0 fnt
|faint|p2a: Baller
|
|upkeep
|c|☆dogegod 89|fah
|c|☆dogegod 89|didn't think about tera
|
|t:|1779887729
|switch|p2a: Luka Dončić|Landorus-Therian, M|100/100
|-ability|p2a: Luka Dončić|Intimidate|boost
|-unboost|p1a: Gholdengo|atk|1
|turn|5
|
|t:|1779887735
|switch|p1a: Gliscor|Gliscor, F|100/100
|move|p2a: Luka Dončić|Earthquake|p1a: Gliscor
|-immune|p1a: Gliscor
|
|-status|p1a: Gliscor|tox|[from] item: Toxic Orb
|upkeep
|turn|6
|
|t:|1779887743
|switch|p2a: Dih slicer|Samurott-Hisui, M, shiny|100/100
|move|p1a: Gliscor|Stealth Rock|p2a: Dih slicer
|-sidestart|p2: dogegod 89|move: Stealth Rock
|
|upkeep
|turn|7
|
|t:|1779887748
|move|p2a: Dih slicer|Knock Off|p1a: Gliscor
|-damage|p1a: Gliscor|63/100 tox
|-enditem|p1a: Gliscor|Toxic Orb|[from] move: Knock Off|[of] p2a: Dih slicer
|move|p1a: Gliscor|Earthquake|p2a: Dih slicer
|-damage|p2a: Dih slicer|58/100
|
|-heal|p1a: Gliscor|75/100 tox|[from] ability: Poison Heal
|upkeep
|turn|8
|
|t:|1779887753
|move|p1a: Gliscor|Protect|p1a: Gliscor
|-singleturn|p1a: Gliscor|Protect
|move|p2a: Dih slicer|Aqua Cutter|p1a: Gliscor
|-activate|p1a: Gliscor|move: Protect
|
|-heal|p1a: Gliscor|88/100 tox|[from] ability: Poison Heal
|upkeep
|turn|9
|
|t:|1779887756
|switch|p1a: Ogerpon|Ogerpon-Wellspring, F|100/100
|move|p2a: Dih slicer|Aqua Cutter|p1a: Ogerpon
|-immune|p1a: Ogerpon|[from] ability: Water Absorb
|
|upkeep
|turn|10
|
|t:|1779887759
|move|p1a: Ogerpon|U-turn|p2a: Dih slicer
|-supereffective|p2a: Dih slicer
|-damage|p2a: Dih slicer|0 fnt
|faint|p2a: Dih slicer
|
|t:|1779887763
|switch|p1a: Gliscor|Gliscor, F|88/100 tox|[from] U-turn
|
|-heal|p1a: Gliscor|99/100 tox|[from] ability: Poison Heal
|upkeep
|
|t:|1779887767
|switch|p2a: Wet Dream|Darkrai, shiny|100/100
|-damage|p2a: Wet Dream|88/100|[from] Stealth Rock
|turn|11
|
|t:|1779887777
|move|p1a: Gliscor|Protect|p1a: Gliscor
|-singleturn|p1a: Gliscor|Protect
|move|p2a: Wet Dream|Nasty Plot|p2a: Wet Dream
|-boost|p2a: Wet Dream|spa|2
|
|-heal|p2a: Wet Dream|94/100|[from] item: Leftovers
|-heal|p1a: Gliscor|100/100 tox|[from] ability: Poison Heal
|upkeep
|turn|12
|c|☆dogegod 89|thanks
|c|☆surprised head|yw
|
|t:|1779887787
|switch|p1a: Gholdengo|Gholdengo, tera:Fairy|25/100
|move|p2a: Wet Dream|Dark Pulse|p1a: Gholdengo
|-resisted|p1a: Gholdengo
|-damage|p1a: Gholdengo|0 fnt
|faint|p1a: Gholdengo
|
|-heal|p2a: Wet Dream|99/100|[from] item: Leftovers
|upkeep
|
|t:|1779887791
|switch|p1a: Slowking|Slowking-Galar, F|100/100
|turn|13
|
|t:|1779887795
|move|p2a: Wet Dream|Dark Pulse|p1a: Slowking
|-supereffective|p1a: Slowking
|-damage|p1a: Slowking|4/100
|move|p1a: Slowking|Thunder Wave|p2a: Wet Dream
|-status|p2a: Wet Dream|par
|
|-heal|p2a: Wet Dream|100/100 par|[from] item: Leftovers
|upkeep
|turn|14
|
|t:|1779887798
|cant|p2a: Wet Dream|par
|move|p1a: Slowking|Sludge Bomb|p2a: Wet Dream
|-damage|p2a: Wet Dream|58/100 par
|
|-heal|p2a: Wet Dream|64/100 par|[from] item: Leftovers
|upkeep
|turn|15
|c|☆dogegod 89|No T_T
|c|☆dogegod 89|wait what
|
|t:|1779887808
|move|p2a: Wet Dream|Dark Pulse|p1a: Slowking
|-supereffective|p1a: Slowking
|-damage|p1a: Slowking|0 fnt
|faint|p1a: Slowking
|
|-heal|p2a: Wet Dream|70/100 par|[from] item: Leftovers
|upkeep
|c|☆dogegod 89|how do I out speed while para
|c|☆dogegod 89|I know its called SLOWking but I didn't think it was THAT slow
|inactive|surprised head has 120 seconds left.
|
|t:|1779887840
|switch|p1a: Ogerpon|Ogerpon-Wellspring, F|100/100
|turn|16
|c|☆surprised head|wow
|
|t:|1779887846
|move|p1a: Ogerpon|Ivy Cudgel|p2a: Wet Dream|[anim] Ivy Cudgel Water
|-damage|p2a: Wet Dream|0 fnt
|faint|p2a: Wet Dream
|
|upkeep
|
|t:|1779887852
|switch|p2a: Ball Locker|Dragapult, M|100/100
|-damage|p2a: Ball Locker|88/100|[from] Stealth Rock
|turn|17
|
|t:|1779887861
|move|p2a: Ball Locker|Draco Meteor|p1a: Ogerpon
|-damage|p1a: Ogerpon|4/100
|-unboost|p2a: Ball Locker|spa|2
|move|p1a: Ogerpon|Knock Off|p2a: Ball Locker
|-supereffective|p2a: Ball Locker
|-damage|p2a: Ball Locker|0 fnt
|-enditem|p2a: Ball Locker|Choice Specs|[from] move: Knock Off|[of] p1a: Ogerpon
|faint|p2a: Ball Locker
|
|upkeep
|
|t:|1779887865
|switch|p2a: Balls|Iron Valiant, shiny|100/100
|-damage|p2a: Balls|94/100|[from] Stealth Rock
|-enditem|p2a: Balls|Booster Energy
|-activate|p2a: Balls|ability: Quark Drive|[fromitem]
|-start|p2a: Balls|quarkdrivespe
|turn|18
|
|t:|1779887869
|switch|p1a: Cinderace|Cinderace, F|100/100
|move|p2a: Balls|Poison Jab|p1a: Cinderace
|-damage|p1a: Cinderace|69/100
|
|upkeep
|turn|19
|c|☆dogegod 89|ggs
|
|t:|1779887873
|move|p2a: Balls|Swords Dance|p2a: Balls
|-boost|p2a: Balls|atk|2
|move|p1a: Cinderace|Pyro Ball|p2a: Balls
|-damage|p2a: Balls|37/100
|
|upkeep
|turn|20
|
|t:|1779887879
|move|p2a: Balls|Brick Break|p1a: Cinderace
|-crit|p1a: Cinderace
|-damage|p1a: Cinderace|0 fnt
|faint|p1a: Cinderace
|
|upkeep
|
|t:|1779887882
|switch|p1a: Gliscor|Gliscor, F|100/100 tox
|turn|21
|c|☆dogegod 89|I think you won
|
|t:|1779887886
|move|p2a: Balls|Psycho Cut|p1a: Gliscor
|-damage|p1a: Gliscor|60/100 tox
|move|p1a: Gliscor|Earthquake|p2a: Balls
|-damage|p2a: Balls|0 fnt
|faint|p2a: Balls
|-end|p2a: Balls|Quark Drive|[silent]
|
|-heal|p1a: Gliscor|72/100 tox|[from] ability: Poison Heal
|upkeep
|
|t:|1779887889
|switch|p2a: Luka Dončić|Landorus-Therian, M|100/100
|-damage|p2a: Luka Dončić|88/100|[from] Stealth Rock
|-ability|p2a: Luka Dončić|Intimidate|boost
|-unboost|p1a: Gliscor|atk|1
|turn|22
|
|t:|1779887892
|switch|p1a: Ogerpon|Ogerpon-Wellspring, F|4/100
|move|p2a: Luka Dončić|Crunch|p1a: Ogerpon
|-damage|p1a: Ogerpon|0 fnt
|faint|p1a: Ogerpon
|
|upkeep
|c|☆dogegod 89|yeh ggs
|
|t:|1779887895
|switch|p1a: Gliscor|Gliscor, F|72/100 tox
|turn|23
|
|t:|1779887898
|move|p2a: Luka Dončić|Crunch|p1a: Gliscor
|-damage|p1a: Gliscor|49/100 tox
|move|p1a: Gliscor|Toxic|p2a: Luka Dončić
|-status|p2a: Luka Dončić|tox
|
|-damage|p2a: Luka Dončić|82/100 tox|[from] psn
|-heal|p1a: Gliscor|61/100 tox|[from] ability: Poison Heal
|upkeep
|turn|24
|
|t:|1779887902
|move|p1a: Gliscor|Protect|p1a: Gliscor
|-singleturn|p1a: Gliscor|Protect
|move|p2a: Luka Dončić|Crunch|p1a: Gliscor
|-activate|p1a: Gliscor|move: Protect
|
|-damage|p2a: Luka Dončić|70/100 tox|[from] psn
|-heal|p1a: Gliscor|74/100 tox|[from] ability: Poison Heal
|upkeep
|turn|25
|
|t:|1779887905
|move|p2a: Luka Dončić|Crunch|p1a: Gliscor
|-damage|p1a: Gliscor|48/100 tox
|move|p1a: Gliscor|Earthquake|p2a: Luka Dončić
|-immune|p2a: Luka Dončić
|
|-damage|p2a: Luka Dončić|53/100 tox|[from] psn
|-heal|p1a: Gliscor|61/100 tox|[from] ability: Poison Heal
|upkeep
|turn|26
|
|t:|1779887914
|move|p1a: Gliscor|Protect|p1a: Gliscor
|-singleturn|p1a: Gliscor|Protect
|move|p2a: Luka Dončić|Crunch|p1a: Gliscor
|-activate|p1a: Gliscor|move: Protect
|
|-damage|p2a: Luka Dončić|29/100 tox|[from] psn
|-heal|p1a: Gliscor|73/100 tox|[from] ability: Poison Heal
|upkeep
|turn|27
|c|☆dogegod 89|Is glicsor considered stall?
|
|t:|1779887926
|move|p1a: Gliscor|Protect|p1a: Gliscor
|-singleturn|p1a: Gliscor|Protect
|move|p2a: Luka Dončić|Crunch|p1a: Gliscor
|-activate|p1a: Gliscor|move: Protect
|
|-damage|p2a: Luka Dončić|0 fnt|[from] psn
|faint|p2a: Luka Dončić
|
|win|surprised head
|n|☆surprised head|surprisedhead
|n|☆dogegod 89|dogegod89
|n|~Setsu|setsu
|c|☆dogegod 89|ggs bro
|c|☆surprised head|gg
