|j|☆funnygames(1997)
|j|☆Avitross
|t:|1779912282
|gametype|singles
|player|p1|funnygames(1997)|cameraman|1642
|player|p2|Avitross|2|1682
|gen|9
|tier|[Gen 9] OU
|rated|
|rule|HP Percentage Mod: HP is shown in percentages
|rule|Endless Battle Clause: Forcing endless battles is banned
|rule|Species Clause: Limit one of each Pokémon
|rule|OHKO Clause: OHKO moves are banned
|rule|Evasion Items Clause: Evasion items are banned
|rule|Evasion Moves Clause: Evasion moves are banned
|rule|Evasion Abilities Clause: Evasion abilities are banned
|rule|Sleep Moves Clause: Sleep-inducing moves are banned
|clearpoke
|poke|p1|Ting-Lu|
|poke|p1|Hatterene, F|
|poke|p1|Great Tusk|
|poke|p1|Ceruledge, M|
|poke|p1|Dragonite, M|
|poke|p1|Kyurem|
|poke|p2|Krookodile, M|
|poke|p2|Great Tusk|
|poke|p2|Corviknight, F|
|poke|p2|Ogerpon-Wellspring, F|
|poke|p2|Glimmora, F|
|poke|p2|Dragapult, M|
|teampreview
|
|t:|1779912296
|teamsize|p1|6
|teamsize|p2|6
|start
|switch|p1a: Kyurem|Kyurem|100/100
|switch|p2a: Glimmora|Glimmora, F|100/100
|-ability|p1a: Kyurem|Pressure
|-item|p2a: Glimmora|Air Balloon
|turn|1
|
|t:|1779912301
|move|p1a: Kyurem|Draco Meteor|p2a: Glimmora
|-damage|p2a: Glimmora|0 fnt
|-unboost|p1a: Kyurem|spa|2
|-enditem|p2a: Glimmora|Air Balloon
|faint|p2a: Glimmora
|
|upkeep
|
|t:|1779912318
|switch|p2a: Great Tusk|Great Tusk|100/100
|turn|2
|
|t:|1779912325
|switch|p1a: Great Tusk|Great Tusk|100/100
|move|p2a: Great Tusk|Headlong Rush|p1a: Great Tusk
|-damage|p1a: Great Tusk|68/100
|-unboost|p2a: Great Tusk|def|1
|-unboost|p2a: Great Tusk|spd|1
|-damage|p2a: Great Tusk|84/100|[from] item: Rocky Helmet|[of] p1a: Great Tusk
|
|upkeep
|turn|3
|
|t:|1779912334
|-end|p2a: Great Tusk|Protosynthesis|[silent]
|switch|p2a: Corviknight|Corviknight, F|100/100
|-ability|p2a: Corviknight|Pressure
|move|p1a: Great Tusk|Knock Off|p2a: Corviknight
|-damage|p2a: Corviknight|83/100
|-damage|p1a: Great Tusk|52/100|[from] item: Rocky Helmet|[of] p2a: Corviknight
|-enditem|p2a: Corviknight|Rocky Helmet|[from] move: Knock Off|[of] p1a: Great Tusk
|
|upkeep
|turn|4
|
|t:|1779912341
|-end|p1a: Great Tusk|Protosynthesis|[silent]
|switch|p1a: Ceruledge|Ceruledge, M|100/100
|move|p2a: Corviknight|Brave Bird|p1a: Ceruledge
|-damage|p1a: Ceruledge|49/100
|-ability|p1a: Ceruledge|Weak Armor|boost
|-unboost|p1a: Ceruledge|def|1
|-boost|p1a: Ceruledge|spe|2
|-damage|p2a: Corviknight|70/100|[from] Recoil
|
|upkeep
|turn|5
|
|t:|1779912350
|move|p1a: Ceruledge|Bitter Blade|p2a: Corviknight
|-supereffective|p2a: Corviknight
|-damage|p2a: Corviknight|10/100
|-heal|p1a: Ceruledge|91/100|[from] drain|[of] p2a: Corviknight
|move|p2a: Corviknight|Brave Bird|p1a: Ceruledge
|-damage|p1a: Ceruledge|11/100
|-ability|p1a: Ceruledge|Weak Armor|boost
|-unboost|p1a: Ceruledge|def|1
|-boost|p1a: Ceruledge|spe|2
|-damage|p2a: Corviknight|0 fnt|[from] Recoil
|faint|p2a: Corviknight
|
|upkeep
|
|t:|1779912367
|switch|p2a: Great Tusk|Great Tusk|84/100
|turn|6
|
|t:|1779912391
|switch|p1a: Great Tusk|Great Tusk|52/100
|move|p2a: Great Tusk|Knock Off|p1a: Great Tusk
|-resisted|p1a: Great Tusk
|-damage|p1a: Great Tusk|43/100
|-damage|p2a: Great Tusk|68/100|[from] item: Rocky Helmet|[of] p1a: Great Tusk
|-enditem|p1a: Great Tusk|Rocky Helmet|[from] move: Knock Off|[of] p2a: Great Tusk
|
|upkeep
|turn|7
|
|t:|1779912401
|-end|p2a: Great Tusk|Protosynthesis|[silent]
|switch|p2a: Dragapult|Dragapult, M|100/100
|move|p1a: Great Tusk|Knock Off|p2a: Dragapult
|-supereffective|p2a: Dragapult
|-enditem|p2a: Dragapult|Colbur Berry|[eat]
|-enditem|p2a: Dragapult|Colbur Berry|[weaken]
|-damage|p2a: Dragapult|62/100
|
|upkeep
|turn|8
|
|t:|1779912413
|-end|p1a: Great Tusk|Protosynthesis|[silent]
|switch|p1a: Ting-Lu|Ting-Lu|100/100
|-ability|p1a: Ting-Lu|Vessel of Ruin
|move|p2a: Dragapult|Will-O-Wisp|p1a: Ting-Lu
|-status|p1a: Ting-Lu|brn
|
|-damage|p1a: Ting-Lu|94/100 brn|[from] brn
|upkeep
|turn|9
|
|t:|1779912418
|move|p2a: Dragapult|U-turn|p1a: Ting-Lu
|-supereffective|p1a: Ting-Lu
|-damage|p1a: Ting-Lu|74/100 brn
|
|t:|1779912438
|switch|p2a: Great Tusk|Great Tusk|68/100|[from] U-turn
|move|p1a: Ting-Lu|Stealth Rock|p2a: Great Tusk
|-sidestart|p2: Avitross|move: Stealth Rock
|
|-heal|p1a: Ting-Lu|81/100 brn|[from] item: Leftovers
|-damage|p1a: Ting-Lu|74/100 brn|[from] brn
|upkeep
|turn|10
|
|t:|1779912447
|switch|p1a: Ceruledge|Ceruledge, M|11/100
|move|p2a: Great Tusk|Rapid Spin|p1a: Ceruledge
|-immune|p1a: Ceruledge
|
|upkeep
|turn|11
|
|t:|1779912466
|move|p1a: Ceruledge|Shadow Sneak|p2a: Great Tusk
|-damage|p2a: Great Tusk|51/100
|move|p2a: Great Tusk|Knock Off|p1a: Ceruledge
|-supereffective|p1a: Ceruledge
|-damage|p1a: Ceruledge|0 fnt
|-enditem|p1a: Ceruledge|Focus Sash|[from] move: Knock Off|[of] p2a: Great Tusk
|faint|p1a: Ceruledge
|
|upkeep
|
|t:|1779912470
|switch|p1a: Kyurem|Kyurem|100/100
|-ability|p1a: Kyurem|Pressure
|turn|12
|
|t:|1779912485
|move|p1a: Kyurem|Freeze-Dry|p2a: Great Tusk
|-supereffective|p2a: Great Tusk
|-damage|p2a: Great Tusk|0 fnt
|faint|p2a: Great Tusk
|-end|p2a: Great Tusk|Protosynthesis|[silent]
|
|upkeep
|
|t:|1779912499
|switch|p2a: Dragapult|Dragapult, M|62/100
|-damage|p2a: Dragapult|50/100|[from] Stealth Rock
|turn|13
|
|t:|1779912505
|switch|p1a: Great Tusk|Great Tusk|43/100
|move|p2a: Dragapult|Dragon Darts|p1a: Great Tusk
|-damage|p1a: Great Tusk|32/100
|-anim|p2a: Dragapult|Dragon Darts|p1a: Great Tusk
|-damage|p1a: Great Tusk|22/100
|
|upkeep
|turn|14
|j| Lowladderubersnoob
|l| Lowladderubersnoob
|
|t:|1779912519
|move|p2a: Dragapult|Hex|p1a: Great Tusk
|-damage|p1a: Great Tusk|0 fnt
|faint|p1a: Great Tusk
|-end|p1a: Great Tusk|Protosynthesis|[silent]
|
|upkeep
|
|t:|1779912526
|switch|p1a: Hatterene|Hatterene, F|100/100
|turn|15
|
|t:|1779912531
|move|p2a: Dragapult|Hex|p1a: Hatterene
|-supereffective|p1a: Hatterene
|-damage|p1a: Hatterene|59/100
|move|p1a: Hatterene|Draining Kiss|p2a: Dragapult
|-supereffective|p2a: Dragapult
|-damage|p2a: Dragapult|0 fnt
|-heal|p1a: Hatterene|96/100|[from] drain|[of] p2a: Dragapult
|faint|p2a: Dragapult
|
|upkeep
|
|t:|1779912540
|switch|p2a: Ogerpon|Ogerpon-Wellspring, F|100/100
|-damage|p2a: Ogerpon|88/100|[from] Stealth Rock
|turn|16
|
|t:|1779912542
|move|p2a: Ogerpon|Ivy Cudgel|p1a: Hatterene|[anim] Ivy Cudgel Water
|-damage|p1a: Hatterene|40/100
|move|p1a: Hatterene|Nuzzle|p2a: Ogerpon
|-damage|p2a: Ogerpon|83/100
|-status|p2a: Ogerpon|par
|
|upkeep
|turn|17
|
|t:|1779912550
|move|p2a: Ogerpon|Swords Dance|p2a: Ogerpon
|-boost|p2a: Ogerpon|atk|2
|move|p1a: Hatterene|Draining Kiss|p2a: Ogerpon
|-damage|p2a: Ogerpon|53/100 par
|-heal|p1a: Hatterene|61/100|[from] drain|[of] p2a: Ogerpon
|
|upkeep
|turn|18
|
|t:|1779912568
|-terastallize|p1a: Hatterene|Steel
|move|p2a: Ogerpon|Ivy Cudgel|p1a: Hatterene|[anim] Ivy Cudgel Water
|-damage|p1a: Hatterene|0 fnt
|faint|p1a: Hatterene
|
|upkeep
|
|t:|1779912573
|switch|p1a: Kyurem|Kyurem|100/100
|-ability|p1a: Kyurem|Pressure
|turn|19
|
|t:|1779912577
|move|p1a: Kyurem|Freeze-Dry|p2a: Ogerpon
|-supereffective|p2a: Ogerpon
|-damage|p2a: Ogerpon|0 fnt
|faint|p2a: Ogerpon
|
|upkeep
|
|t:|1779912580
|switch|p2a: Mr. Krook|Krookodile, M|100/100
|-damage|p2a: Mr. Krook|94/100|[from] Stealth Rock
|turn|20
|
|t:|1779912586
|-terastallize|p2a: Mr. Krook|Ghost
|move|p1a: Kyurem|Freeze-Dry|p2a: Mr. Krook
|-damage|p2a: Mr. Krook|18/100
|move|p2a: Mr. Krook|Scale Shot|p1a: Kyurem
|-supereffective|p1a: Kyurem
|-damage|p1a: Kyurem|86/100
|-supereffective|p1a: Kyurem
|-damage|p1a: Kyurem|69/100
|-supereffective|p1a: Kyurem
|-damage|p1a: Kyurem|54/100
|-supereffective|p1a: Kyurem
|-damage|p1a: Kyurem|38/100
|-hitcount|p1a: Kyurem|4
|-unboost|p2a: Mr. Krook|def|1
|-boost|p2a: Mr. Krook|spe|1
|
|upkeep
|turn|21
|
|t:|1779912603
|move|p2a: Mr. Krook|Scale Shot|p1a: Kyurem
|-supereffective|p1a: Kyurem
|-damage|p1a: Kyurem|23/100
|-supereffective|p1a: Kyurem
|-damage|p1a: Kyurem|7/100
|-supereffective|p1a: Kyurem
|-damage|p1a: Kyurem|0 fnt
|faint|p1a: Kyurem
|-ability|p2a: Mr. Krook|Moxie|boost
|-boost|p2a: Mr. Krook|atk|1
|-hitcount|p1: Kyurem|3
|-unboost|p2a: Mr. Krook|def|1
|-boost|p2a: Mr. Krook|spe|1
|
|upkeep
|
|t:|1779912608
|switch|p1a: Ting-Lu|Ting-Lu|74/100 brn
|-ability|p1a: Ting-Lu|Vessel of Ruin
|turn|22
|
|t:|1779912613
|move|p2a: Mr. Krook|Earthquake|p1a: Ting-Lu
|-damage|p1a: Ting-Lu|34/100 brn
|move|p1a: Ting-Lu|Earthquake|p2a: Mr. Krook
|-damage|p2a: Mr. Krook|0 fnt
|faint|p2a: Mr. Krook
|
|win|funnygames(1997)
|raw|funnygames(1997)'s rating: 1642 &rarr; <strong>1664</strong><br />(+22 for winning)
|raw|Avitross's rating: 1682 &rarr; <strong>1660</strong><br />(-22 for losing)
|l|☆Avitross
|player|p2|
|l|☆funnygames(1997)
|player|p1|
