|j|☆yunibobonai
|j|☆JohnButters
|t:|1779809374
|gametype|singles
|player|p1|yunibobonai|roughneck-gen4|1126
|player|p2|JohnButters|102|1130
|gen|9
|tier|[Gen 9] OU
|rated|
|rule|HP Percentage Mod: HP is shown in percentages
|rule|Endless Battle Clause: Forcing endless battles is banned
|rule|Species Clause: Limit one of each Pokémon
|rule|OHKO Clause: OHKO moves are banned
|rule|Evasion Items Clause: Evasion items are banned
|rule|Evasion Moves Clause: Evasion moves are banned
|rule|Evasion Abilities Clause: Evasion abilities are banned
|rule|Sleep Moves Clause: Sleep-inducing moves are banned
|clearpoke
|poke|p1|Clefable, F|
|poke|p1|Toxapex, M|
|poke|p1|Slowking-Galar, M|
|poke|p1|Corviknight, M|
|poke|p1|Gliscor, F|
|poke|p1|Venusaur, F|
|poke|p2|Delphox, M|
|poke|p2|Sableye, F|
|poke|p2|Toxapex, F|
|poke|p2|Dragonite, F|
|poke|p2|Great Tusk|
|poke|p2|Scizor, M|
|teampreview
|inactive|Battle timer is ON: inactive players will automatically lose when time's up. (requested by yunibobonai)
|
|t:|1779809390
|teamsize|p1|6
|teamsize|p2|6
|start
|switch|p1a: Gliscor|Gliscor, F|100/100
|switch|p2a: Toxapex|Toxapex, F|100/100
|turn|1
|
|t:|1779809400
|move|p1a: Gliscor|Earthquake|p2a: Toxapex
|-supereffective|p2a: Toxapex
|-damage|p2a: Toxapex|43/100
|move|p2a: Toxapex|Liquidation|p1a: Gliscor
|-supereffective|p1a: Gliscor
|-damage|p1a: Gliscor|59/100
|
|-heal|p2a: Toxapex|49/100|[from] item: Black Sludge
|-status|p1a: Gliscor|tox|[from] item: Toxic Orb
|upkeep
|turn|2
|
|t:|1779809409
|move|p2a: Toxapex|Baneful Bunker|p2a: Toxapex
|-singleturn|p2a: Toxapex|move: Protect
|move|p1a: Gliscor|Knock Off|p2a: Toxapex
|-activate|p2a: Toxapex|move: Protect
|
|-heal|p2a: Toxapex|55/100|[from] item: Black Sludge
|-heal|p1a: Gliscor|71/100 tox|[from] ability: Poison Heal
|upkeep
|turn|3
|
|t:|1779809424
|switch|p2a: Scizor|Scizor, M, shiny|100/100
|move|p1a: Gliscor|Earthquake|p2a: Scizor
|-damage|p2a: Scizor|54/100
|
|-heal|p1a: Gliscor|83/100 tox|[from] ability: Poison Heal
|upkeep
|turn|4
|
|t:|1779809442
|move|p2a: Scizor|Bullet Punch|p1a: Gliscor
|-damage|p1a: Gliscor|48/100 tox
|move|p1a: Gliscor|Swords Dance|p1a: Gliscor
|-boost|p1a: Gliscor|atk|2
|
|-heal|p1a: Gliscor|61/100 tox|[from] ability: Poison Heal
|upkeep
|turn|5
|
|t:|1779809462
|move|p1a: Gliscor|Earthquake|p2a: Scizor
|-damage|p2a: Scizor|0 fnt
|faint|p2a: Scizor
|
|-heal|p1a: Gliscor|73/100 tox|[from] ability: Poison Heal
|upkeep
|
|t:|1779809473
|switch|p2a: Dragonite|Dragonite, F|100/100
|turn|6
|
|t:|1779809481
|switch|p1a: Clefable|Clefable, F|100/100
|move|p2a: Dragonite|Aqua Tail|p1a: Clefable
|-damage|p1a: Clefable|52/100
|
|-heal|p1a: Clefable|58/100|[from] item: Leftovers
|upkeep
|turn|7
|
|t:|1779809494
|switch|p2a: Great Tusk|Great Tusk|100/100
|move|p1a: Clefable|Moonblast|p2a: Great Tusk
|-supereffective|p2a: Great Tusk
|-damage|p2a: Great Tusk|0 fnt
|faint|p2a: Great Tusk
|-end|p2a: Great Tusk|Protosynthesis|[silent]
|
|-heal|p1a: Clefable|64/100|[from] item: Leftovers
|upkeep
|inactive|JohnButters has 120 seconds left.
|
|t:|1779809515
|switch|p2a: Delphox|Delphox, M|100/100
|turn|8
|inactive|JohnButters has 120 seconds left.
|
|t:|1779809525
|move|p2a: Delphox|Flamethrower|p1a: Clefable
|-damage|p1a: Clefable|23/100
|move|p1a: Clefable|Calm Mind|p1a: Clefable
|-boost|p1a: Clefable|spa|1
|-boost|p1a: Clefable|spd|1
|
|-heal|p1a: Clefable|30/100|[from] item: Leftovers
|upkeep
|turn|9
|inactive|JohnButters has 120 seconds left.
|
|t:|1779809538
|move|p2a: Delphox|Flamethrower|p1a: Clefable
|-damage|p1a: Clefable|2/100
|-status|p1a: Clefable|brn
|move|p1a: Clefable|Moonlight|p1a: Clefable
|-heal|p1a: Clefable|52/100 brn
|
|-heal|p1a: Clefable|58/100 brn|[from] item: Leftovers
|upkeep
|turn|10
|inactive|JohnButters has 120 seconds left.
|
|t:|1779809548
|move|p2a: Delphox|Psychic|p1a: Clefable
|-damage|p1a: Clefable|33/100 brn
|-unboost|p1a: Clefable|spd|1
|move|p1a: Clefable|Calm Mind|p1a: Clefable
|-boost|p1a: Clefable|spa|1
|-boost|p1a: Clefable|spd|1
|
|-heal|p1a: Clefable|39/100 brn|[from] item: Leftovers
|upkeep
|turn|11
|inactive|JohnButters has 120 seconds left.
|
|t:|1779809561
|move|p2a: Delphox|Psychic|p1a: Clefable
|-damage|p1a: Clefable|15/100 brn
|move|p1a: Clefable|Moonlight|p1a: Clefable
|-heal|p1a: Clefable|65/100 brn
|
|-heal|p1a: Clefable|71/100 brn|[from] item: Leftovers
|upkeep
|turn|12
|inactive|JohnButters has 120 seconds left.
|
|t:|1779809573
|move|p2a: Delphox|Psychic|p1a: Clefable
|-damage|p1a: Clefable|47/100 brn
|move|p1a: Clefable|Calm Mind|p1a: Clefable
|-boost|p1a: Clefable|spa|1
|-boost|p1a: Clefable|spd|1
|
|-heal|p1a: Clefable|53/100 brn|[from] item: Leftovers
|upkeep
|turn|13
|inactive|JohnButters has 120 seconds left.
|
|t:|1779809610
|move|p2a: Delphox|Calm Mind|p2a: Delphox
|-boost|p2a: Delphox|spa|1
|-boost|p2a: Delphox|spd|1
|move|p1a: Clefable|Moonblast|p2a: Delphox
|-resisted|p2a: Delphox
|-damage|p2a: Delphox|69/100
|
|-heal|p1a: Clefable|59/100 brn|[from] item: Leftovers
|upkeep
|turn|14
|
|t:|1779809621
|switch|p1a: Gliscor|Gliscor, F|73/100 tox
|move|p2a: Delphox|Calm Mind|p2a: Delphox
|-boost|p2a: Delphox|spa|1
|-boost|p2a: Delphox|spd|1
|
|-heal|p1a: Gliscor|85/100 tox|[from] ability: Poison Heal
|upkeep
|turn|15
|
|t:|1779809629
|move|p2a: Delphox|Psychic|p1a: Gliscor
|-damage|p1a: Gliscor|0 fnt
|faint|p1a: Gliscor
|
|upkeep
|-message|yunibobonai forfeited.
|
|win|JohnButters
|raw|yunibobonai's rating: 1126 &rarr; <strong>1101</strong><br />(-25 for losing)
|raw|JohnButters's rating: 1130 &rarr; <strong>1155</strong><br />(+25 for winning)
|l|☆yunibobonai
|player|p1|
|l|☆JohnButters
|player|p2|
