|j|☆AnonymousJon
|j|☆Acastillo631
|t:|1779888174
|gametype|singles
|player|p1|AnonymousJon|workerice|1613
|player|p2|Acastillo631|silver|1673
|gen|9
|tier|[Gen 9] OU
|rated|
|rule|HP Percentage Mod: HP is shown in percentages
|rule|Endless Battle Clause: Forcing endless battles is banned
|rule|Species Clause: Limit one of each Pokémon
|rule|OHKO Clause: OHKO moves are banned
|rule|Evasion Items Clause: Evasion items are banned
|rule|Evasion Moves Clause: Evasion moves are banned
|rule|Evasion Abilities Clause: Evasion abilities are banned
|rule|Sleep Moves Clause: Sleep-inducing moves are banned
|clearpoke
|poke|p1|Great Tusk|
|poke|p1|Ogerpon-Cornerstone, F|
|poke|p1|Rillaboom, F|
|poke|p1|Tyranitar, F|
|poke|p1|Corviknight, M|
|poke|p1|Dragapult, M|
|poke|p2|Iron Valiant|
|poke|p2|Sinistcha|
|poke|p2|Tyranitar, M|
|poke|p2|Klefki, F|
|poke|p2|Swampert, M|
|poke|p2|Talonflame, M|
|teampreview
|inactive|Battle timer is ON: inactive players will automatically lose when time's up. (requested by AnonymousJon)
|
|t:|1779888201
|teamsize|p1|6
|teamsize|p2|6
|start
|switch|p1a: Tyranitar|Tyranitar, F|100/100
|switch|p2a: Redips|Klefki, F|100/100
|-weather|Sandstorm|[from] ability: Sand Stream|[of] p1a: Tyranitar
|turn|1
|
|t:|1779888207
|move|p2a: Redips|Dazzling Gleam|p1a: Tyranitar
|-supereffective|p1a: Tyranitar
|-damage|p1a: Tyranitar|82/100
|move|p1a: Tyranitar|Knock Off|p2a: Redips
|-resisted|p2a: Redips
|-damage|p2a: Redips|82/100
|-damage|p1a: Tyranitar|66/100|[from] item: Rocky Helmet|[of] p2a: Redips
|-enditem|p2a: Redips|Rocky Helmet|[from] move: Knock Off|[of] p1a: Tyranitar
|
|-weather|Sandstorm|[upkeep]
|-heal|p1a: Tyranitar|72/100|[from] item: Leftovers
|upkeep
|turn|2
|
|t:|1779888210
|move|p2a: Redips|Spikes|p1a: Tyranitar
|-sidestart|p1: AnonymousJon|Spikes
|move|p1a: Tyranitar|Stealth Rock|p2a: Redips
|-sidestart|p2: Acastillo631|move: Stealth Rock
|
|-weather|Sandstorm|[upkeep]
|-heal|p1a: Tyranitar|78/100|[from] item: Leftovers
|upkeep
|turn|3
|
|t:|1779888218
|switch|p1a: Great Tusk|Great Tusk|100/100
|-damage|p1a: Great Tusk|88/100|[from] Spikes
|move|p2a: Redips|Spikes|p1a: Great Tusk
|-sidestart|p1: AnonymousJon|Spikes
|
|-weather|Sandstorm|[upkeep]
|upkeep
|turn|4
|
|t:|1779888222
|-end|p1a: Great Tusk|Protosynthesis|[silent]
|switch|p1a: Dragapult|Dragapult, M|100/100
|-damage|p1a: Dragapult|84/100|[from] Spikes
|switch|p2a: Wire Sponge|Sinistcha|100/100
|
|-weather|Sandstorm|[upkeep]
|-damage|p1a: Dragapult|78/100|[from] Sandstorm
|-damage|p2a: Wire Sponge|94/100|[from] Sandstorm
|-heal|p1a: Dragapult|84/100|[from] item: Leftovers
|upkeep
|turn|5
|
|t:|1779888229
|switch|p2a: Duff Mcwhalen|Swampert, M|100/100
|-damage|p2a: Duff Mcwhalen|94/100|[from] Stealth Rock
|move|p1a: Dragapult|Substitute|p1a: Dragapult
|-start|p1a: Dragapult|Substitute
|-damage|p1a: Dragapult|59/100
|
|-weather|none
|-heal|p1a: Dragapult|65/100|[from] item: Leftovers
|-heal|p2a: Duff Mcwhalen|100/100|[from] item: Leftovers
|upkeep
|turn|6
|
|t:|1779888231
|move|p1a: Dragapult|Will-O-Wisp|p2a: Duff Mcwhalen
|-status|p2a: Duff Mcwhalen|brn
|move|p2a: Duff Mcwhalen|Knock Off|p1a: Dragapult
|-supereffective|p1a: Dragapult
|-end|p1a: Dragapult|Substitute
|
|-heal|p1a: Dragapult|72/100|[from] item: Leftovers
|-damage|p2a: Duff Mcwhalen|94/100 brn|[from] brn
|upkeep
|turn|7
|
|t:|1779888237
|switch|p1a: Ogerpon|Ogerpon-Cornerstone, F|100/100
|-damage|p1a: Ogerpon|84/100|[from] Spikes
|move|p2a: Duff Mcwhalen|Stealth Rock|p1a: Ogerpon
|-sidestart|p1: AnonymousJon|move: Stealth Rock
|
|-heal|p2a: Duff Mcwhalen|100/100 brn|[from] item: Leftovers
|-damage|p2a: Duff Mcwhalen|94/100 brn|[from] brn
|upkeep
|turn|8
|
|t:|1779888241
|switch|p2a: Redips|Klefki, F|82/100
|-damage|p2a: Redips|76/100|[from] Stealth Rock
|move|p1a: Ogerpon|Swords Dance|p1a: Ogerpon
|-boost|p1a: Ogerpon|atk|2
|
|upkeep
|turn|9
|
|t:|1779888243
|move|p2a: Redips|Thunder Wave|p1a: Ogerpon
|-status|p1a: Ogerpon|par
|move|p1a: Ogerpon|Horn Leech|p2a: Redips
|-resisted|p2a: Redips
|-damage|p2a: Redips|41/100
|-heal|p1a: Ogerpon|100/100 par|[from] drain|[of] p2a: Redips
|
|upkeep
|turn|10
|
|t:|1779888258
|switch|p2a: Wire Sponge|Sinistcha|94/100
|move|p1a: Ogerpon|Ivy Cudgel|p2a: Wire Sponge|[anim] Ivy Cudgel Rock
|-damage|p2a: Wire Sponge|12/100
|
|upkeep
|turn|11
|
|t:|1779888262
|move|p2a: Wire Sponge|Strength Sap|p1a: Ogerpon
|-unboost|p1a: Ogerpon|atk|1
|-heal|p2a: Wire Sponge|100/100
|move|p1a: Ogerpon|Swords Dance|p1a: Ogerpon
|-boost|p1a: Ogerpon|atk|2
|
|upkeep
|turn|12
|
|t:|1779888269
|move|p2a: Wire Sponge|Shadow Ball|p1a: Ogerpon
|-damage|p1a: Ogerpon|60/100 par
|cant|p1a: Ogerpon|par
|
|upkeep
|turn|13
|
|t:|1779888294
|switch|p2a: Redips|Klefki, F|41/100
|-damage|p2a: Redips|35/100|[from] Stealth Rock
|move|p1a: Ogerpon|Ivy Cudgel|p2a: Redips|[anim] Ivy Cudgel Rock
|-resisted|p2a: Redips
|-damage|p2a: Redips|0 fnt
|faint|p2a: Redips
|
|upkeep
|
|t:|1779888296
|switch|p2a: Sage Harpuia|Iron Valiant|100/100
|-damage|p2a: Sage Harpuia|94/100|[from] Stealth Rock
|-enditem|p2a: Sage Harpuia|Booster Energy
|-activate|p2a: Sage Harpuia|ability: Quark Drive|[fromitem]
|-start|p2a: Sage Harpuia|quarkdrivespe
|turn|14
|
|t:|1779888305
|switch|p1a: Corviknight|Corviknight, M|100/100
|-damage|p1a: Corviknight|88/100|[from] Stealth Rock
|-ability|p1a: Corviknight|Pressure
|move|p2a: Sage Harpuia|Close Combat|p1a: Corviknight
|-damage|p1a: Corviknight|55/100
|-unboost|p2a: Sage Harpuia|def|1
|-unboost|p2a: Sage Harpuia|spd|1
|-damage|p2a: Sage Harpuia|78/100|[from] item: Rocky Helmet|[of] p1a: Corviknight
|
|upkeep
|turn|15
|
|t:|1779888311
|-end|p2a: Sage Harpuia|Quark Drive|[silent]
|switch|p2a: Wire Sponge|Sinistcha|100/100
|move|p1a: Corviknight|Roost|p1a: Corviknight
|-heal|p1a: Corviknight|100/100
|-singleturn|p1a: Corviknight|move: Roost
|
|upkeep
|turn|16
|
|t:|1779888314
|move|p2a: Wire Sponge|Calm Mind|p2a: Wire Sponge
|-boost|p2a: Wire Sponge|spa|1
|-boost|p2a: Wire Sponge|spd|1
|move|p1a: Corviknight|Brave Bird|p2a: Wire Sponge
|-supereffective|p2a: Wire Sponge
|-damage|p2a: Wire Sponge|51/100
|-damage|p1a: Corviknight|86/100|[from] Recoil
|
|upkeep
|turn|17
|
|t:|1779888316
|move|p2a: Wire Sponge|Strength Sap|p1a: Corviknight
|-unboost|p1a: Corviknight|atk|1
|-heal|p2a: Wire Sponge|100/100
|move|p1a: Corviknight|Brave Bird|p2a: Wire Sponge
|-supereffective|p2a: Wire Sponge
|-damage|p2a: Wire Sponge|62/100
|-damage|p1a: Corviknight|75/100|[from] Recoil
|
|upkeep
|turn|18
|
|t:|1779888319
|move|p2a: Wire Sponge|Shadow Ball|p1a: Corviknight
|-damage|p1a: Corviknight|30/100
|move|p1a: Corviknight|Brave Bird|p2a: Wire Sponge
|-supereffective|p2a: Wire Sponge
|-damage|p2a: Wire Sponge|25/100
|-damage|p1a: Corviknight|20/100|[from] Recoil
|
|upkeep
|turn|19
|
|t:|1779888326
|move|p2a: Wire Sponge|Strength Sap|p1a: Corviknight
|-unboost|p1a: Corviknight|atk|1
|-heal|p2a: Wire Sponge|66/100
|move|p1a: Corviknight|Brave Bird|p2a: Wire Sponge
|-supereffective|p2a: Wire Sponge
|-damage|p2a: Wire Sponge|37/100
|-damage|p1a: Corviknight|12/100|[from] Recoil
|
|upkeep
|turn|20
|
|t:|1779888336
|move|p2a: Wire Sponge|Shadow Ball|p1a: Corviknight
|-damage|p1a: Corviknight|0 fnt
|faint|p1a: Corviknight
|
|upkeep
|
|t:|1779888342
|switch|p1a: Great Tusk|Great Tusk|88/100
|-damage|p1a: Great Tusk|72/100|[from] Spikes
|-damage|p1a: Great Tusk|69/100|[from] Stealth Rock
|turn|21
|
|t:|1779888352
|-terastallize|p2a: Wire Sponge|Poison
|move|p1a: Great Tusk|Ice Spinner|p2a: Wire Sponge
|-crit|p2a: Wire Sponge
|-damage|p2a: Wire Sponge|7/100
|move|p2a: Wire Sponge|Strength Sap|p1a: Great Tusk
|-unboost|p1a: Great Tusk|atk|1
|-heal|p2a: Wire Sponge|100/100
|
|upkeep
|turn|22
|
|t:|1779888355
|move|p1a: Great Tusk|Rapid Spin|p2a: Wire Sponge
|-damage|p2a: Wire Sponge|92/100
|-boost|p1a: Great Tusk|spe|1
|-sideend|p1: AnonymousJon|Spikes|[from] move: Rapid Spin|[of] p1a: Great Tusk
|-sideend|p1: AnonymousJon|Stealth Rock|[from] move: Rapid Spin|[of] p1a: Great Tusk
|move|p2a: Wire Sponge|Matcha Gotcha|p1a: Great Tusk
|-supereffective|p1a: Great Tusk
|-damage|p1a: Great Tusk|1/100
|-heal|p2a: Wire Sponge|100/100|[from] drain|[of] p1a: Great Tusk
|
|upkeep
|turn|23
|
|t:|1779888359
|-end|p1a: Great Tusk|Protosynthesis|[silent]
|switch|p1a: Tyranitar|Tyranitar, F|78/100
|-weather|Sandstorm|[from] ability: Sand Stream|[of] p1a: Tyranitar
|move|p2a: Wire Sponge|Strength Sap|p1a: Tyranitar
|-unboost|p1a: Tyranitar|atk|1
|
|-weather|Sandstorm|[upkeep]
|-damage|p2a: Wire Sponge|94/100|[from] Sandstorm
|-heal|p1a: Tyranitar|84/100|[from] item: Leftovers
|upkeep
|turn|24
|
|t:|1779888366
|move|p2a: Wire Sponge|Matcha Gotcha|p1a: Tyranitar
|-supereffective|p1a: Tyranitar
|-crit|p1a: Tyranitar
|-damage|p1a: Tyranitar|30/100
|-heal|p2a: Wire Sponge|100/100|[from] drain|[of] p1a: Tyranitar
|move|p1a: Tyranitar|Knock Off|p2a: Wire Sponge
|-damage|p2a: Wire Sponge|78/100
|-enditem|p2a: Wire Sponge|Heavy-Duty Boots|[from] move: Knock Off|[of] p1a: Tyranitar
|
|-weather|Sandstorm|[upkeep]
|-damage|p2a: Wire Sponge|72/100|[from] Sandstorm
|-heal|p1a: Tyranitar|36/100|[from] item: Leftovers
|upkeep
|turn|25
|
|t:|1779888373
|move|p2a: Wire Sponge|Matcha Gotcha|p1a: Tyranitar
|-supereffective|p1a: Tyranitar
|-damage|p1a: Tyranitar|0 fnt
|-heal|p2a: Wire Sponge|93/100|[from] drain|[of] p1a: Tyranitar
|faint|p1a: Tyranitar
|
|-weather|Sandstorm|[upkeep]
|-damage|p2a: Wire Sponge|87/100|[from] Sandstorm
|upkeep
|
|t:|1779888375
|switch|p1a: Great Tusk|Great Tusk|1/100
|turn|26
|
|t:|1779888383
|switch|p2a: Talonflame|Talonflame, M|100/100
|move|p1a: Great Tusk|Headlong Rush|p2a: Talonflame
|-immune|p2a: Talonflame
|
|-weather|Sandstorm|[upkeep]
|-damage|p2a: Talonflame|94/100|[from] Sandstorm
|upkeep
|turn|27
|
|t:|1779888386
|-end|p1a: Great Tusk|Protosynthesis|[silent]
|switch|p1a: Ogerpon|Ogerpon-Cornerstone, F|60/100 par
|move|p2a: Talonflame|Flamethrower|p1a: Ogerpon
|-damage|p1a: Ogerpon|40/100 par
|
|-weather|none
|upkeep
|turn|28
|
|t:|1779888391
|switch|p2a: Wire Sponge|Sinistcha, tera:Poison|87/100
|-damage|p2a: Wire Sponge|74/100|[from] Stealth Rock
|move|p1a: Ogerpon|Ivy Cudgel|p2a: Wire Sponge|[anim] Ivy Cudgel Rock
|-damage|p2a: Wire Sponge|33/100
|
|upkeep
|turn|29
|
|t:|1779888394
|move|p2a: Wire Sponge|Strength Sap|p1a: Ogerpon
|-unboost|p1a: Ogerpon|atk|1
|-heal|p2a: Wire Sponge|100/100
|cant|p1a: Ogerpon|par
|
|upkeep
|turn|30
|
|t:|1779888398
|move|p2a: Wire Sponge|Shadow Ball|p1a: Ogerpon
|-damage|p1a: Ogerpon|4/100 par
|move|p1a: Ogerpon|Ivy Cudgel|p2a: Wire Sponge|[anim] Ivy Cudgel Rock
|-damage|p2a: Wire Sponge|74/100
|
|upkeep
|turn|31
|
|t:|1779888405
|move|p2a: Wire Sponge|Strength Sap|p1a: Ogerpon
|-unboost|p1a: Ogerpon|atk|1
|-heal|p2a: Wire Sponge|100/100
|move|p1a: Ogerpon|Ivy Cudgel|p2a: Wire Sponge|[anim] Ivy Cudgel Rock
|-damage|p2a: Wire Sponge|80/100
|
|upkeep
|turn|32
|
|t:|1779888407
|move|p2a: Wire Sponge|Shadow Ball|p1a: Ogerpon
|-damage|p1a: Ogerpon|0 fnt
|faint|p1a: Ogerpon
|
|upkeep
|
|t:|1779888409
|switch|p1a: Great Tusk|Great Tusk|1/100
|turn|33
|
|t:|1779888413
|-end|p1a: Great Tusk|Protosynthesis|[silent]
|switch|p1a: Dragapult|Dragapult, M|72/100
|switch|p2a: Talonflame|Talonflame, M|94/100
|
|-heal|p1a: Dragapult|78/100|[from] item: Leftovers
|upkeep
|turn|34
|
|t:|1779888419
|switch|p2a: Eregion|Tyranitar, M|100/100
|-damage|p2a: Eregion|88/100|[from] Stealth Rock
|-weather|Sandstorm|[from] ability: Sand Stream|[of] p2a: Eregion
|move|p1a: Dragapult|Substitute|p1a: Dragapult
|-start|p1a: Dragapult|Substitute
|-damage|p1a: Dragapult|53/100
|
|-weather|Sandstorm|[upkeep]
|-damage|p1a: Dragapult|47/100|[from] Sandstorm
|-heal|p1a: Dragapult|53/100|[from] item: Leftovers
|-heal|p2a: Eregion|94/100|[from] item: Leftovers
|upkeep
|turn|35
|
|t:|1779888425
|move|p1a: Dragapult|Will-O-Wisp|p2a: Eregion
|-status|p2a: Eregion|brn
|move|p2a: Eregion|Knock Off|p1a: Dragapult
|-supereffective|p1a: Dragapult
|-end|p1a: Dragapult|Substitute
|
|-weather|Sandstorm|[upkeep]
|-damage|p1a: Dragapult|47/100|[from] Sandstorm
|-heal|p1a: Dragapult|53/100|[from] item: Leftovers
|-heal|p2a: Eregion|100/100 brn|[from] item: Leftovers
|-damage|p2a: Eregion|94/100 brn|[from] brn
|upkeep
|turn|36
|
|t:|1779888427
|switch|p1a: Rillaboom|Rillaboom, F|100/100
|-fieldstart|move: Grassy Terrain|[from] ability: Grassy Surge|[of] p1a: Rillaboom
|move|p2a: Eregion|Knock Off|p1a: Rillaboom
|-damage|p1a: Rillaboom|79/100
|-enditem|p1a: Rillaboom|Choice Band|[from] move: Knock Off|[of] p2a: Eregion
|
|-weather|Sandstorm|[upkeep]
|-damage|p1a: Rillaboom|73/100|[from] Sandstorm
|-heal|p1a: Rillaboom|79/100|[from] Grassy Terrain
|-heal|p2a: Eregion|100/100 brn|[from] Grassy Terrain
|-damage|p2a: Eregion|94/100 brn|[from] brn
|upkeep
|turn|37
|
|t:|1779888432
|switch|p2a: Talonflame|Talonflame, M|94/100
|move|p1a: Rillaboom|Wood Hammer|p2a: Talonflame
|-resisted|p2a: Talonflame
|-damage|p2a: Talonflame|69/100
|-damage|p1a: Rillaboom|70/100|[from] Recoil
|
|-weather|Sandstorm|[upkeep]
|-damage|p2a: Talonflame|63/100|[from] Sandstorm
|-damage|p1a: Rillaboom|64/100|[from] Sandstorm
|-heal|p1a: Rillaboom|70/100|[from] Grassy Terrain
|upkeep
|turn|38
|
|t:|1779888434
|move|p2a: Talonflame|Flamethrower|p1a: Rillaboom
|-supereffective|p1a: Rillaboom
|-damage|p1a: Rillaboom|6/100
|move|p1a: Rillaboom|Knock Off|p2a: Talonflame
|-damage|p2a: Talonflame|19/100
|-enditem|p2a: Talonflame|Heavy-Duty Boots|[from] move: Knock Off|[of] p1a: Rillaboom
|
|-weather|none
|-heal|p1a: Rillaboom|13/100|[from] Grassy Terrain
|upkeep
|turn|39
|
|t:|1779888438
|switch|p1a: Dragapult|Dragapult, M|53/100
|move|p2a: Talonflame|Flamethrower|p1a: Dragapult
|-resisted|p1a: Dragapult
|-damage|p1a: Dragapult|36/100
|
|-heal|p1a: Dragapult|42/100|[from] Grassy Terrain
|-heal|p1a: Dragapult|48/100|[from] item: Leftovers
|upkeep
|turn|40
|
|t:|1779888444
|move|p1a: Dragapult|Substitute|p1a: Dragapult
|-start|p1a: Dragapult|Substitute
|-damage|p1a: Dragapult|23/100
|move|p2a: Talonflame|Defog|p1a: Dragapult
|-sideend|p2: Acastillo631|Stealth Rock|[from] move: Defog|[of] p2a: Talonflame
|-fieldend|move: Grassy Terrain
|
|-heal|p1a: Dragapult|29/100|[from] item: Leftovers
|upkeep
|turn|41
|
|t:|1779888448
|switch|p2a: Eregion|Tyranitar, M|94/100 brn
|-weather|Sandstorm|[from] ability: Sand Stream|[of] p2a: Eregion
|move|p1a: Dragapult|Dragon Darts|p2a: Eregion
|-damage|p2a: Eregion|79/100 brn
|-anim|p1a: Dragapult|Dragon Darts|p2a: Eregion
|-damage|p2a: Eregion|63/100 brn
|
|-weather|Sandstorm|[upkeep]
|-damage|p1a: Dragapult|23/100|[from] Sandstorm
|-heal|p1a: Dragapult|29/100|[from] item: Leftovers
|-heal|p2a: Eregion|69/100 brn|[from] item: Leftovers
|-damage|p2a: Eregion|63/100 brn|[from] brn
|upkeep
|turn|42
|
|t:|1779888450
|move|p1a: Dragapult|Dragon Darts|p2a: Eregion
|-damage|p2a: Eregion|49/100 brn
|-anim|p1a: Dragapult|Dragon Darts|p2a: Eregion
|-damage|p2a: Eregion|33/100 brn
|move|p2a: Eregion|Knock Off|p1a: Dragapult
|-supereffective|p1a: Dragapult
|-end|p1a: Dragapult|Substitute
|
|-weather|Sandstorm|[upkeep]
|-damage|p1a: Dragapult|23/100|[from] Sandstorm
|-heal|p1a: Dragapult|29/100|[from] item: Leftovers
|-heal|p2a: Eregion|40/100 brn|[from] item: Leftovers
|-damage|p2a: Eregion|33/100 brn|[from] brn
|upkeep
|turn|43
|
|t:|1779888455
|move|p1a: Dragapult|Dragon Darts|p2a: Eregion
|-crit|p2a: Eregion
|-damage|p2a: Eregion|8/100 brn
|-anim|p1a: Dragapult|Dragon Darts|p2a: Eregion
|-damage|p2a: Eregion|0 fnt
|faint|p2a: Eregion
|
|-weather|Sandstorm|[upkeep]
|-damage|p1a: Dragapult|23/100|[from] Sandstorm
|-heal|p1a: Dragapult|29/100|[from] item: Leftovers
|upkeep
|
|t:|1779888459
|switch|p2a: Wire Sponge|Sinistcha, tera:Poison|80/100
|turn|44
|
|t:|1779888469
|-terastallize|p1a: Dragapult|Ghost
|move|p1a: Dragapult|Hex|p2a: Wire Sponge
|-damage|p2a: Wire Sponge|37/100
|move|p2a: Wire Sponge|Shadow Ball|p1a: Dragapult
|-supereffective|p1a: Dragapult
|-damage|p1a: Dragapult|0 fnt
|faint|p1a: Dragapult
|
|-weather|Sandstorm|[upkeep]
|-damage|p2a: Wire Sponge|31/100|[from] Sandstorm
|upkeep
|
|t:|1779888474
|switch|p1a: Rillaboom|Rillaboom, F|13/100
|-fieldstart|move: Grassy Terrain|[from] ability: Grassy Surge|[of] p1a: Rillaboom
|turn|45
|
|t:|1779888482
|move|p1a: Rillaboom|Wood Hammer|p2a: Wire Sponge
|-resisted|p2a: Wire Sponge
|-damage|p2a: Wire Sponge|0 fnt
|faint|p2a: Wire Sponge
|-damage|p1a: Rillaboom|2/100|[from] Recoil
|
|-weather|none
|-heal|p1a: Rillaboom|8/100|[from] Grassy Terrain
|upkeep
|
|t:|1779888488
|switch|p2a: Talonflame|Talonflame, M|19/100
|turn|46
|
|t:|1779888494
|move|p1a: Rillaboom|Grassy Glide|p2a: Talonflame
|-resisted|p2a: Talonflame
|-damage|p2a: Talonflame|7/100
|-status|p1a: Rillaboom|brn|[from] ability: Flame Body|[of] p2a: Talonflame
|move|p2a: Talonflame|Flamethrower|p1a: Rillaboom
|-supereffective|p1a: Rillaboom
|-damage|p1a: Rillaboom|0 fnt
|faint|p1a: Rillaboom
|
|upkeep
|-message|AnonymousJon forfeited.
|
|win|Acastillo631
|raw|AnonymousJon's rating: 1613 &rarr; <strong>1596</strong><br />(-17 for losing)
|raw|Acastillo631's rating: 1673 &rarr; <strong>1690</strong><br />(+17 for winning)
|l|☆AnonymousJon
|player|p1|
|l|☆Acastillo631
|player|p2|
