|j|☆santhanam
|j|☆tyuog
|t:|1779963564
|gametype|singles
|player|p1|santhanam|102|1256
|player|p2|tyuog|101|1299
|gen|9
|tier|[Gen 9] OU
|rated|
|rule|HP Percentage Mod: HP is shown in percentages
|rule|Endless Battle Clause: Forcing endless battles is banned
|rule|Species Clause: Limit one of each Pokémon
|rule|OHKO Clause: OHKO moves are banned
|rule|Evasion Items Clause: Evasion items are banned
|rule|Evasion Moves Clause: Evasion moves are banned
|rule|Evasion Abilities Clause: Evasion abilities are banned
|rule|Sleep Moves Clause: Sleep-inducing moves are banned
|clearpoke
|poke|p1|Dragapult, M|
|poke|p1|Gholdengo|
|poke|p1|Regieleki|
|poke|p1|Regidrago|
|poke|p1|Great Tusk|
|poke|p1|Kingambit, M|
|poke|p2|Corviknight, F|
|poke|p2|Heatran, F|
|poke|p2|Landorus-Therian, M|
|poke|p2|Dondozo, M|
|poke|p2|Ting-Lu|
|poke|p2|Great Tusk|
|teampreview
|inactive|Battle timer is ON: inactive players will automatically lose when time's up. (requested by tyuog)
|
|t:|1779963574
|teamsize|p1|6
|teamsize|p2|6
|start
|switch|p1a: Regieleki|Regieleki|100/100
|switch|p2a: Landorus|Landorus-Therian, M|100/100
|-ability|p2a: Landorus|Intimidate|boost
|-unboost|p1a: Regieleki|atk|1
|turn|1
|inactive|santhanam has 120 seconds left.
|
|t:|1779963604
|switch|p1a: Great Tusk|Great Tusk|100/100
|move|p2a: Landorus|Stealth Rock|p1a: Great Tusk
|-sidestart|p1: santhanam|move: Stealth Rock
|
|upkeep
|turn|2
|inactive|santhanam has 120 seconds left.
|
|t:|1779963618
|switch|p2a: Corviknight|Corviknight, F, shiny|100/100
|-ability|p2a: Corviknight|Pressure
|move|p1a: Great Tusk|Stealth Rock|p2a: Corviknight
|-sidestart|p2: tyuog|move: Stealth Rock
|
|upkeep
|turn|3
|
|t:|1779963627
|move|p1a: Great Tusk|Rapid Spin|p2a: Corviknight
|-resisted|p2a: Corviknight
|-damage|p2a: Corviknight|95/100
|-boost|p1a: Great Tusk|spe|1
|-damage|p1a: Great Tusk|84/100|[from] item: Rocky Helmet|[of] p2a: Corviknight
|-sideend|p1: santhanam|Stealth Rock|[from] move: Rapid Spin|[of] p1a: Great Tusk
|move|p2a: Corviknight|Defog|p1a: Great Tusk
|-unboost|p1a: Great Tusk|evasion|1
|-sideend|p2: tyuog|Stealth Rock|[from] move: Defog|[of] p2a: Corviknight
|
|-heal|p1a: Great Tusk|90/100|[from] item: Leftovers
|upkeep
|turn|4
|inactive|santhanam has 120 seconds left.
|
|t:|1779963645
|-end|p1a: Great Tusk|Protosynthesis|[silent]
|switch|p1a: Dragapult|Dragapult, M|100/100
|move|p2a: Corviknight|Bulk Up|p2a: Corviknight
|-boost|p2a: Corviknight|atk|1
|-boost|p2a: Corviknight|def|1
|
|upkeep
|turn|5
|inactive|santhanam has 120 seconds left.
|
|t:|1779963662
|switch|p2a: Ting-Lu|Ting-Lu|100/100
|-ability|p2a: Ting-Lu|Vessel of Ruin
|move|p1a: Dragapult|Phantom Force||[still]
|-prepare|p1a: Dragapult|Phantom Force
|
|upkeep
|turn|6
|inactive|santhanam has 120 seconds left.
|
|t:|1779963671
|move|p1a: Dragapult|Phantom Force|p2a: Ting-Lu|[from] lockedmove
|-resisted|p2a: Ting-Lu
|-damage|p2a: Ting-Lu|89/100
|move|p2a: Ting-Lu|Throat Chop|p1a: Dragapult
|-supereffective|p1a: Dragapult
|-damage|p1a: Dragapult|9/100
|-start|p1a: Dragapult|Throat Chop|[silent]
|
|upkeep
|turn|7
|inactive|santhanam has 120 seconds left.
|
|t:|1779963698
|switch|p1a: Regidrago|Regidrago|100/100
|move|p2a: Ting-Lu|Throat Chop|p1a: Regidrago
|-damage|p1a: Regidrago|64/100
|-start|p1a: Regidrago|Throat Chop|[silent]
|
|upkeep
|turn|8
|
|t:|1779963713
|move|p1a: Regidrago|Dragon Energy|p2a: Ting-Lu
|-damage|p2a: Ting-Lu|60/100
|move|p2a: Ting-Lu|Earthquake|p1a: Regidrago
|-damage|p1a: Regidrago|21/100
|
|-end|p1a: Regidrago|Throat Chop|[silent]
|upkeep
|turn|9
|
|t:|1779963719
|move|p1a: Regidrago|Dragon Energy|p2a: Ting-Lu
|-damage|p2a: Ting-Lu|51/100
|move|p2a: Ting-Lu|Earthquake|p1a: Regidrago
|-damage|p1a: Regidrago|0 fnt
|faint|p1a: Regidrago
|
|upkeep
|
|t:|1779963730
|switch|p1a: Great Tusk|Great Tusk|90/100
|turn|10
|
|t:|1779963738
|switch|p2a: Corviknight|Corviknight, F, shiny|95/100
|-ability|p2a: Corviknight|Pressure
|move|p1a: Great Tusk|Headlong Rush|p2a: Corviknight
|-immune|p2a: Corviknight
|
|-heal|p1a: Great Tusk|96/100|[from] item: Leftovers
|upkeep
|turn|11
|
|t:|1779963749
|move|p1a: Great Tusk|Knock Off|p2a: Corviknight
|-damage|p2a: Corviknight|74/100
|-damage|p1a: Great Tusk|80/100|[from] item: Rocky Helmet|[of] p2a: Corviknight
|-enditem|p2a: Corviknight|Rocky Helmet|[from] move: Knock Off|[of] p1a: Great Tusk
|move|p2a: Corviknight|Dual Wingbeat|p1a: Great Tusk
|-supereffective|p1a: Great Tusk
|-damage|p1a: Great Tusk|61/100
|-supereffective|p1a: Great Tusk
|-damage|p1a: Great Tusk|41/100
|-hitcount|p1a: Great Tusk|2
|
|-heal|p1a: Great Tusk|47/100|[from] item: Leftovers
|upkeep
|turn|12
|
|t:|1779963764
|-end|p1a: Great Tusk|Protosynthesis|[silent]
|switch|p1a: Gholdengo|Gholdengo|100/100
|move|p2a: Corviknight|Roost|p2a: Corviknight
|-heal|p2a: Corviknight|100/100
|-singleturn|p2a: Corviknight|move: Roost
|
|upkeep
|turn|13
|inactive|santhanam has 90 seconds left.
|
|t:|1779963806
|switch|p2a: Heatran|Heatran, F|100/100
|-item|p2a: Heatran|Air Balloon
|move|p1a: Gholdengo|Shadow Ball|p2a: Heatran
|-damage|p2a: Heatran|59/100
|-enditem|p2a: Heatran|Air Balloon
|
|upkeep
|turn|14
|
|t:|1779963824
|switch|p1a: Great Tusk|Great Tusk|47/100
|move|p2a: Heatran|Earth Power|p1a: Great Tusk
|-damage|p1a: Great Tusk|0 fnt
|faint|p1a: Great Tusk
|-end|p1a: Great Tusk|Protosynthesis|[silent]
|
|upkeep
|
|t:|1779963833
|switch|p1a: Dragapult|Dragapult, M|9/100
|turn|15
|
|t:|1779963842
|switch|p2a: Dondozo|Dondozo, M|100/100
|move|p1a: Dragapult|Phantom Force||[still]
|-prepare|p1a: Dragapult|Phantom Force
|
|upkeep
|turn|16
|
|t:|1779963847
|move|p1a: Dragapult|Phantom Force|p2a: Dondozo|[from] lockedmove
|-damage|p2a: Dondozo|79/100
|-damage|p1a: Dragapult|0 fnt|[from] item: Rocky Helmet|[of] p2a: Dondozo
|faint|p1a: Dragapult
|move|p2a: Dondozo|Curse|p2a: Dondozo
|-unboost|p2a: Dondozo|spe|1
|-boost|p2a: Dondozo|atk|1
|-boost|p2a: Dondozo|def|1
|
|upkeep
|
|t:|1779963861
|switch|p1a: Regieleki|Regieleki|100/100
|turn|17
|
|t:|1779963867
|switch|p2a: Ting-Lu|Ting-Lu|51/100
|-ability|p2a: Ting-Lu|Vessel of Ruin
|move|p1a: Regieleki|Volt Switch|p2a: Ting-Lu
|-immune|p2a: Ting-Lu
|
|upkeep
|turn|18
|
|t:|1779963875
|switch|p1a: Gholdengo|Gholdengo|100/100
|move|p2a: Ting-Lu|Earthquake|p1a: Gholdengo
|-supereffective|p1a: Gholdengo
|-damage|p1a: Gholdengo|32/100
|
|upkeep
|turn|19
|inactive|santhanam has 90 seconds left.
|
|t:|1779963892
|-terastallize|p1a: Gholdengo|Steel
|move|p1a: Gholdengo|Make It Rain|p2a: Ting-Lu
|-damage|p2a: Ting-Lu|23/100
|-unboost|p1a: Gholdengo|spa|1
|move|p2a: Ting-Lu|Earthquake|p1a: Gholdengo
|-supereffective|p1a: Gholdengo
|-damage|p1a: Gholdengo|0 fnt
|faint|p1a: Gholdengo
|
|upkeep
|l|☆santhanam
|inactive|santhanam disconnected and has a minute to reconnect!
|player|p1|
|inactive|santhanam has 30 seconds to reconnect!
|inactive|santhanam has 20 seconds to reconnect!
|inactive|santhanam has 15 seconds to reconnect!
|inactive|santhanam has 10 seconds to reconnect!
|inactive|santhanam has 5 seconds to reconnect!
|-message|santhanam lost due to inactivity.
|
|win|tyuog
|raw|santhanam's rating: 1256 &rarr; <strong>1234</strong><br />(-22 for losing)
|raw|tyuog's rating: 1299 &rarr; <strong>1321</strong><br />(+22 for winning)
|l|☆tyuog
|player|p2|
|j|☆tyuog
|player|p2|tyuog|101|
