|j|☆draconotmeteor
|j|☆karothis
|t:|1779865035
|gametype|singles
|player|p1|draconotmeteor|shauntal|1365
|player|p2|karothis|102|1326
|gen|9
|tier|[Gen 9] OU
|rated|
|rule|HP Percentage Mod: HP is shown in percentages
|rule|Endless Battle Clause: Forcing endless battles is banned
|rule|Species Clause: Limit one of each Pokémon
|rule|OHKO Clause: OHKO moves are banned
|rule|Evasion Items Clause: Evasion items are banned
|rule|Evasion Moves Clause: Evasion moves are banned
|rule|Evasion Abilities Clause: Evasion abilities are banned
|rule|Sleep Moves Clause: Sleep-inducing moves are banned
|clearpoke
|poke|p1|Cinderace, M|
|poke|p1|Gliscor, F|
|poke|p1|Pecharunt|
|poke|p1|Ting-Lu|
|poke|p1|Clefable, F|
|poke|p1|Ogerpon, F|
|poke|p2|Quagsire, F|
|poke|p2|Toxapex, M|
|poke|p2|Blissey, F|
|poke|p2|Corviknight, F|
|poke|p2|Clefable, M|
|poke|p2|Hydrapple, F|
|teampreview
|
|t:|1779865041
|teamsize|p1|6
|teamsize|p2|6
|start
|switch|p1a: Gliscor|Gliscor, F|100/100
|switch|p2a: Hydrapple|Hydrapple, F|100/100
|turn|1
|
|t:|1779865045
|move|p1a: Gliscor|Knock Off|p2a: Hydrapple
|-damage|p2a: Hydrapple|84/100
|-enditem|p2a: Hydrapple|Choice Specs|[from] move: Knock Off|[of] p1a: Gliscor
|move|p2a: Hydrapple|Leaf Storm|p1a: Gliscor
|-damage|p1a: Gliscor|44/100
|-unboost|p2a: Hydrapple|spa|2
|
|-status|p1a: Gliscor|tox|[from] item: Toxic Orb
|upkeep
|turn|2
|
|t:|1779865055
|move|p1a: Gliscor|Knock Off|p2a: Hydrapple
|-damage|p2a: Hydrapple|73/100
|move|p2a: Hydrapple|Leaf Storm|p1a: Gliscor
|-damage|p1a: Gliscor|12/100 tox
|-unboost|p2a: Hydrapple|spa|2
|
|-heal|p1a: Gliscor|24/100 tox|[from] ability: Poison Heal
|upkeep
|turn|3
|
|t:|1779865062
|move|p1a: Gliscor|Protect|p1a: Gliscor
|-singleturn|p1a: Gliscor|Protect
|move|p2a: Hydrapple|Hydro Pump|p1a: Gliscor
|-activate|p1a: Gliscor|move: Protect
|
|-heal|p1a: Gliscor|37/100 tox|[from] ability: Poison Heal
|upkeep
|turn|4
|
|t:|1779865069
|switch|p1a: Clefable|Clefable, F|100/100
|switch|p2a: Blissey|Blissey, F|100/100
|
|upkeep
|turn|5
|
|t:|1779865074
|move|p1a: Clefable|Stealth Rock|p2a: Blissey
|-sidestart|p2: karothis|move: Stealth Rock
|move|p2a: Blissey|Stealth Rock|p1a: Clefable
|-sidestart|p1: draconotmeteor|move: Stealth Rock
|
|upkeep
|turn|6
|
|t:|1779865086
|switch|p1a: Gliscor|Gliscor, F|37/100 tox
|-damage|p1a: Gliscor|24/100 tox|[from] Stealth Rock
|switch|p2a: Corviknight|Corviknight, F|100/100
|
|-heal|p1a: Gliscor|37/100 tox|[from] ability: Poison Heal
|upkeep
|turn|7
|
|t:|1779865089
|move|p1a: Gliscor|Knock Off|p2a: Corviknight
|-damage|p2a: Corviknight|86/100
|-enditem|p2a: Corviknight|Heavy-Duty Boots|[from] move: Knock Off|[of] p1a: Gliscor
|move|p2a: Corviknight|Defog|p1a: Gliscor
|-unboost|p1a: Gliscor|evasion|1
|-sideend|p1: draconotmeteor|Stealth Rock|[from] move: Defog|[of] p2a: Corviknight
|-sideend|p2: karothis|Stealth Rock|[from] move: Defog|[of] p2a: Corviknight
|
|-heal|p1a: Gliscor|49/100 tox|[from] ability: Poison Heal
|upkeep
|turn|8
|
|t:|1779865093
|move|p1a: Gliscor|Protect|p1a: Gliscor
|-singleturn|p1a: Gliscor|Protect
|move|p2a: Corviknight|Brave Bird|p1a: Gliscor
|-activate|p1a: Gliscor|move: Protect
|
|-heal|p1a: Gliscor|62/100 tox|[from] ability: Poison Heal
|upkeep
|turn|9
|
|t:|1779865095
|switch|p1a: Clefable|Clefable, F|100/100
|move|p2a: Corviknight|Brave Bird|p1a: Clefable
|-damage|p1a: Clefable|74/100
|-damage|p2a: Corviknight|77/100|[from] Recoil
|
|-heal|p1a: Clefable|80/100|[from] item: Leftovers
|upkeep
|turn|10
|
|t:|1779865098
|switch|p2a: Blissey|Blissey, F|100/100
|move|p1a: Clefable|Stealth Rock|p2a: Blissey
|-sidestart|p2: karothis|move: Stealth Rock
|
|-heal|p1a: Clefable|87/100|[from] item: Leftovers
|upkeep
|turn|11
|
|t:|1779865101
|switch|p1a: Ting-Lu|Ting-Lu|100/100
|-ability|p1a: Ting-Lu|Vessel of Ruin
|move|p2a: Blissey|Stealth Rock|p1a: Ting-Lu
|-sidestart|p1: draconotmeteor|move: Stealth Rock
|
|upkeep
|turn|12
|
|t:|1779865105
|switch|p2a: Hydrapple|Hydrapple, F|100/100
|-damage|p2a: Hydrapple|88/100|[from] Stealth Rock
|move|p1a: Ting-Lu|Spikes|p2a: Hydrapple
|-sidestart|p2: karothis|Spikes
|
|upkeep
|turn|13
|
|t:|1779865111
|switch|p1a: Pecharunt|Pecharunt|100/100
|move|p2a: Hydrapple|Leaf Storm|p1a: Pecharunt
|-resisted|p1a: Pecharunt
|-damage|p1a: Pecharunt|68/100
|-unboost|p2a: Hydrapple|spa|2
|
|upkeep
|turn|14
|
|t:|1779865116
|-terastallize|p2a: Hydrapple|Steel
|move|p1a: Pecharunt|Parting Shot|p2a: Hydrapple
|-unboost|p2a: Hydrapple|atk|1
|-unboost|p2a: Hydrapple|spa|1
|
|t:|1779865120
|switch|p1a: Gliscor|Gliscor, F|62/100 tox|[from] Parting Shot
|-damage|p1a: Gliscor|49/100 tox|[from] Stealth Rock
|move|p2a: Hydrapple|Earth Power|p1a: Gliscor
|-immune|p1a: Gliscor
|
|-heal|p1a: Gliscor|62/100 tox|[from] ability: Poison Heal
|upkeep
|turn|15
|
|t:|1779865125
|switch|p2a: Corviknight|Corviknight, F|77/100
|-damage|p2a: Corviknight|65/100|[from] Stealth Rock
|move|p1a: Gliscor|Swords Dance|p1a: Gliscor
|-boost|p1a: Gliscor|atk|2
|
|-heal|p1a: Gliscor|74/100 tox|[from] ability: Poison Heal
|upkeep
|turn|16
|
|t:|1779865130
|switch|p1a: Ogerpon|Ogerpon, F|100/100
|move|p2a: Corviknight|Defog|p1a: Ogerpon
|-unboost|p1a: Ogerpon|evasion|1
|-ability|p1a: Ogerpon|Defiant|boost
|-boost|p1a: Ogerpon|atk|2
|-sideend|p1: draconotmeteor|Stealth Rock|[from] move: Defog|[of] p2a: Corviknight
|-sideend|p2: karothis|Spikes|[from] move: Defog|[of] p2a: Corviknight
|-sideend|p2: karothis|Stealth Rock|[from] move: Defog|[of] p2a: Corviknight
|
|upkeep
|turn|17
|
|t:|1779865138
|switch|p2a: Quagsire|Quagsire, F|100/100
|move|p1a: Ogerpon|Encore||[still]
|-fail|p1a: Ogerpon
|
|upkeep
|turn|18
|
|t:|1779865145
|move|p1a: Ogerpon|Ivy Cudgel|p2a: Quagsire
|-supereffective|p2a: Quagsire
|-enditem|p2a: Quagsire|Rindo Berry|[eat]
|-enditem|p2a: Quagsire|Rindo Berry|[weaken]
|-damage|p2a: Quagsire|18/100
|move|p2a: Quagsire|Toxic|p1a: Ogerpon
|-status|p1a: Ogerpon|tox
|
|-damage|p1a: Ogerpon|95/100 tox|[from] psn
|upkeep
|turn|19
|
|t:|1779865153
|move|p1a: Ogerpon|Knock Off|p2a: Quagsire
|-damage|p2a: Quagsire|2/100
|move|p2a: Quagsire|Recover|p2a: Quagsire
|-heal|p2a: Quagsire|52/100
|
|-damage|p1a: Ogerpon|83/100 tox|[from] psn
|upkeep
|turn|20
|
|t:|1779865160
|switch|p2a: Hydrapple|Hydrapple, F, tera:Steel|100/100
|move|p1a: Ogerpon|Knock Off|p2a: Hydrapple
|-damage|p2a: Hydrapple|70/100
|
|-damage|p1a: Ogerpon|65/100 tox|[from] psn
|upkeep
|turn|21
|
|t:|1779865166
|move|p1a: Ogerpon|U-turn|p2a: Hydrapple
|-resisted|p2a: Hydrapple
|-damage|p2a: Hydrapple|53/100
|
|t:|1779865169
|switch|p1a: Clefable|Clefable, F|87/100|[from] U-turn
|move|p2a: Hydrapple|Draco Meteor|p1a: Clefable
|-immune|p1a: Clefable
|
|-heal|p1a: Clefable|93/100|[from] item: Leftovers
|upkeep
|turn|22
|
|t:|1779865173
|move|p1a: Clefable|Stealth Rock|p2a: Hydrapple
|-sidestart|p2: karothis|move: Stealth Rock
|move|p2a: Hydrapple|Leaf Storm|p1a: Clefable
|-damage|p1a: Clefable|30/100
|-unboost|p2a: Hydrapple|spa|2
|
|-heal|p1a: Clefable|36/100|[from] item: Leftovers
|upkeep
|turn|23
|
|t:|1779865179
|switch|p2a: Blissey|Blissey, F|100/100
|-damage|p2a: Blissey|88/100|[from] Stealth Rock
|move|p1a: Clefable|Moonlight|p1a: Clefable
|-heal|p1a: Clefable|86/100
|
|-heal|p1a: Clefable|92/100|[from] item: Leftovers
|upkeep
|turn|24
|
|t:|1779865187
|switch|p1a: Ting-Lu|Ting-Lu|100/100
|-ability|p1a: Ting-Lu|Vessel of Ruin
|move|p2a: Blissey|Seismic Toss|p1a: Ting-Lu
|-damage|p1a: Ting-Lu|81/100
|
|-heal|p1a: Ting-Lu|87/100|[from] item: Leftovers
|upkeep
|turn|25
|
|t:|1779865194
|switch|p2a: Corviknight|Corviknight, F|65/100
|-damage|p2a: Corviknight|53/100|[from] Stealth Rock
|move|p1a: Ting-Lu|Spikes|p2a: Corviknight
|-sidestart|p2: karothis|Spikes
|
|-heal|p1a: Ting-Lu|93/100|[from] item: Leftovers
|upkeep
|turn|26
|
|t:|1779865196
|switch|p1a: Cinderace|Cinderace, M|100/100
|move|p2a: Corviknight|Defog|p1a: Cinderace
|-unboost|p1a: Cinderace|evasion|1
|-sideend|p2: karothis|Spikes|[from] move: Defog|[of] p2a: Corviknight
|-sideend|p2: karothis|Stealth Rock|[from] move: Defog|[of] p2a: Corviknight
|
|upkeep
|turn|27
|
|t:|1779865206
|switch|p2a: Toxapex|Toxapex, M|100/100
|move|p1a: Cinderace|Will-O-Wisp|p2a: Toxapex
|-status|p2a: Toxapex|brn
|
|-damage|p2a: Toxapex|94/100 brn|[from] brn
|upkeep
|turn|28
|
|t:|1779865210
|switch|p1a: Gliscor|Gliscor, F|74/100 tox
|move|p2a: Toxapex|Toxic|p1a: Gliscor
|-fail|p1a: Gliscor|tox
|
|-heal|p2a: Toxapex|100/100 brn|[from] item: Black Sludge
|-heal|p1a: Gliscor|87/100 tox|[from] ability: Poison Heal
|-damage|p2a: Toxapex|94/100 brn|[from] brn
|upkeep
|turn|29
|
|t:|1779865213
|move|p1a: Gliscor|Swords Dance|p1a: Gliscor
|-boost|p1a: Gliscor|atk|2
|move|p2a: Toxapex|Body Slam|p1a: Gliscor
|-damage|p1a: Gliscor|81/100 tox
|
|-heal|p2a: Toxapex|100/100 brn|[from] item: Black Sludge
|-heal|p1a: Gliscor|94/100 tox|[from] ability: Poison Heal
|-damage|p2a: Toxapex|94/100 brn|[from] brn
|upkeep
|turn|30
|
|t:|1779865216
|switch|p2a: Clefable|Clefable, M|100/100
|-terastallize|p1a: Gliscor|Normal
|move|p1a: Gliscor|Facade|p2a: Clefable
|-damage|p2a: Clefable|59/100
|
|-heal|p2a: Clefable|65/100|[from] item: Leftovers
|-heal|p1a: Gliscor|100/100 tox|[from] ability: Poison Heal
|upkeep
|turn|31
|
|t:|1779865221
|move|p1a: Gliscor|Knock Off|p2a: Clefable
|-resisted|p2a: Clefable
|-damage|p2a: Clefable|55/100
|-enditem|p2a: Clefable|Leftovers|[from] move: Knock Off|[of] p1a: Gliscor
|move|p2a: Clefable|Moonlight|p2a: Clefable
|-heal|p2a: Clefable|100/100
|
|upkeep
|turn|32
|
|t:|1779865227
|move|p1a: Gliscor|Swords Dance|p1a: Gliscor
|-boost|p1a: Gliscor|atk|2
|move|p2a: Clefable|Calm Mind|p2a: Clefable
|-boost|p2a: Clefable|spa|1
|-boost|p2a: Clefable|spd|1
|
|upkeep
|turn|33
|
|t:|1779865233
|switch|p1a: Ogerpon|Ogerpon, F|65/100 tox
|move|p2a: Clefable|Moonblast|p1a: Ogerpon
|-damage|p1a: Ogerpon|7/100 tox
|
|-damage|p1a: Ogerpon|1/100 tox|[from] psn
|upkeep
|turn|34
|
|t:|1779865239
|switch|p2a: Hydrapple|Hydrapple, F, tera:Steel|86/100
|move|p1a: Ogerpon|Encore||[still]
|-fail|p1a: Ogerpon
|
|-damage|p1a: Ogerpon|0 fnt|[from] psn
|faint|p1a: Ogerpon
|upkeep
|
|t:|1779865242
|switch|p1a: Cinderace|Cinderace, M|100/100
|turn|35
|
|t:|1779865244
|switch|p2a: Toxapex|Toxapex, M|100/100 brn
|move|p1a: Cinderace|Pyro Ball|p2a: Toxapex|[miss]
|-miss|p1a: Cinderace|p2a: Toxapex
|
|-damage|p2a: Toxapex|94/100 brn|[from] brn
|upkeep
|turn|36
|
|t:|1779865249
|switch|p2a: Hydrapple|Hydrapple, F, tera:Steel|100/100
|move|p1a: Cinderace|U-turn|p2a: Hydrapple
|-start|p1a: Cinderace|typechange|Bug|[from] ability: Libero
|-resisted|p2a: Hydrapple
|-damage|p2a: Hydrapple|88/100
|
|t:|1779865253
|switch|p1a: Gliscor|Gliscor, F, tera:Normal|100/100 tox|[from] U-turn
|
|upkeep
|turn|37
|
|t:|1779865257
|move|p1a: Gliscor|Swords Dance|p1a: Gliscor
|-boost|p1a: Gliscor|atk|2
|move|p2a: Hydrapple|Hydro Pump|p1a: Gliscor
|-damage|p1a: Gliscor|67/100 tox
|
|-heal|p1a: Gliscor|80/100 tox|[from] ability: Poison Heal
|upkeep
|turn|38
|
|t:|1779865263
|switch|p2a: Corviknight|Corviknight, F|53/100
|move|p1a: Gliscor|Protect||[still]
|-fail|p1a: Gliscor
|
|-heal|p1a: Gliscor|92/100 tox|[from] ability: Poison Heal
|upkeep
|turn|39
|
|t:|1779865264
|move|p1a: Gliscor|Swords Dance|p1a: Gliscor
|-boost|p1a: Gliscor|atk|2
|move|p2a: Corviknight|Roost|p2a: Corviknight
|-heal|p2a: Corviknight|100/100
|-singleturn|p2a: Corviknight|move: Roost
|
|-heal|p1a: Gliscor|100/100 tox|[from] ability: Poison Heal
|upkeep
|turn|40
|
|t:|1779865267
|move|p1a: Gliscor|Facade|p2a: Corviknight
|-resisted|p2a: Corviknight
|-crit|p2a: Corviknight
|-damage|p2a: Corviknight|38/100
|move|p2a: Corviknight|Body Press|p1a: Gliscor
|-supereffective|p1a: Gliscor
|-damage|p1a: Gliscor|61/100 tox
|
|-heal|p1a: Gliscor|73/100 tox|[from] ability: Poison Heal
|upkeep
|turn|41
|
|t:|1779865273
|move|p1a: Gliscor|Knock Off|p2a: Corviknight
|-damage|p2a: Corviknight|9/100
|move|p2a: Corviknight|Roost|p2a: Corviknight
|-heal|p2a: Corviknight|59/100
|-singleturn|p2a: Corviknight|move: Roost
|
|-heal|p1a: Gliscor|86/100 tox|[from] ability: Poison Heal
|upkeep
|turn|42
|
|t:|1779865279
|move|p1a: Gliscor|Swords Dance|p1a: Gliscor
|-boost|p1a: Gliscor|atk|2
|move|p2a: Corviknight|Roost|p2a: Corviknight
|-heal|p2a: Corviknight|100/100
|-singleturn|p2a: Corviknight|move: Roost
|
|-heal|p1a: Gliscor|98/100 tox|[from] ability: Poison Heal
|upkeep
|turn|43
|
|t:|1779865283
|switch|p2a: Clefable|Clefable, M|100/100
|move|p1a: Gliscor|Facade|p2a: Clefable
|-damage|p2a: Clefable|54/100
|
|-heal|p1a: Gliscor|100/100 tox|[from] ability: Poison Heal
|upkeep
|turn|44
|
|t:|1779865286
|move|p1a: Gliscor|Facade|p2a: Clefable
|-damage|p2a: Clefable|12/100
|move|p2a: Clefable|Moonlight|p2a: Clefable
|-heal|p2a: Clefable|62/100
|
|upkeep
|turn|45
|
|t:|1779865288
|move|p1a: Gliscor|Facade|p2a: Clefable
|-damage|p2a: Clefable|15/100
|move|p2a: Clefable|Moonlight|p2a: Clefable
|-heal|p2a: Clefable|65/100
|
|upkeep
|turn|46
|
|t:|1779865290
|move|p1a: Gliscor|Facade|p2a: Clefable
|-damage|p2a: Clefable|22/100
|move|p2a: Clefable|Moonlight|p2a: Clefable
|-heal|p2a: Clefable|72/100
|
|upkeep
|turn|47
|
|t:|1779865291
|move|p1a: Gliscor|Facade|p2a: Clefable
|-damage|p2a: Clefable|23/100
|move|p2a: Clefable|Moonlight|p2a: Clefable
|-heal|p2a: Clefable|73/100
|
|upkeep
|turn|48
|
|t:|1779865293
|move|p1a: Gliscor|Facade|p2a: Clefable
|-damage|p2a: Clefable|29/100
|move|p2a: Clefable|Moonlight|p2a: Clefable
|-heal|p2a: Clefable|79/100
|
|upkeep
|turn|49
|
|t:|1779865295
|move|p1a: Gliscor|Facade|p2a: Clefable
|-damage|p2a: Clefable|34/100
|move|p2a: Clefable|Moonlight|p2a: Clefable
|-heal|p2a: Clefable|84/100
|
|upkeep
|turn|50
|
|t:|1779865300
|move|p1a: Gliscor|Facade|p2a: Clefable
|-damage|p2a: Clefable|41/100
|move|p2a: Clefable|Moonlight|p2a: Clefable
|-heal|p2a: Clefable|91/100
|
|upkeep
|turn|51
|
|t:|1779865302
|move|p1a: Gliscor|Facade|p2a: Clefable
|-damage|p2a: Clefable|49/100
|move|p2a: Clefable|Calm Mind|p2a: Clefable
|-boost|p2a: Clefable|spa|1
|-boost|p2a: Clefable|spd|1
|
|upkeep
|turn|52
|
|t:|1779865304
|move|p1a: Gliscor|Facade|p2a: Clefable
|-damage|p2a: Clefable|6/100
|move|p2a: Clefable|Calm Mind|p2a: Clefable
|-boost|p2a: Clefable|spa|1
|-boost|p2a: Clefable|spd|1
|
|upkeep
|turn|53
|-message|karothis forfeited.
|
|win|draconotmeteor
|raw|draconotmeteor's rating: 1365 &rarr; <strong>1383</strong><br />(+18 for winning)
|raw|karothis's rating: 1326 &rarr; <strong>1308</strong><br />(-18 for losing)
|l|☆karothis
|player|p2|
