|j|☆PheonixOfRa
|j|☆Chicken don't
|t:|1779964022
|gametype|singles
|player|p1|PheonixOfRa|dawn-gen4pt|1488
|player|p2|Chicken don't|winona|1505
|gen|9
|tier|[Gen 9] OU
|rated|
|rule|HP Percentage Mod: HP is shown in percentages
|rule|Endless Battle Clause: Forcing endless battles is banned
|rule|Species Clause: Limit one of each Pokémon
|rule|OHKO Clause: OHKO moves are banned
|rule|Evasion Items Clause: Evasion items are banned
|rule|Evasion Moves Clause: Evasion moves are banned
|rule|Evasion Abilities Clause: Evasion abilities are banned
|rule|Sleep Moves Clause: Sleep-inducing moves are banned
|clearpoke
|poke|p1|Necrozma|
|poke|p1|Ogerpon-Wellspring, F|
|poke|p1|Corviknight, M|
|poke|p1|Great Tusk|
|poke|p1|Garganacl, M|
|poke|p1|Zapdos|
|poke|p2|Raging Bolt|
|poke|p2|Rillaboom, M|
|poke|p2|Kyurem|
|poke|p2|Great Tusk|
|poke|p2|Alomomola, M|
|poke|p2|Kingambit, M|
|teampreview
|inactive|Battle timer is ON: inactive players will automatically lose when time's up. (requested by Chicken don't)
|inactive|PheonixOfRa has 120 seconds left.
|
|t:|1779964080
|teamsize|p1|6
|teamsize|p2|6
|start
|switch|p1a: Corviknight|Corviknight, M|100/100
|switch|p2a: Rillaboom|Rillaboom, M|100/100
|-fieldstart|move: Grassy Terrain|[from] ability: Grassy Surge|[of] p2a: Rillaboom
|-ability|p1a: Corviknight|Pressure
|turn|1
|
|t:|1779964090
|move|p2a: Rillaboom|U-turn|p1a: Corviknight
|-resisted|p1a: Corviknight
|-damage|p1a: Corviknight|94/100
|
|t:|1779964100
|switch|p2a: Kyurem|Kyurem|100/100|[from] U-turn
|-ability|p2a: Kyurem|Pressure
|move|p1a: Corviknight|Light Screen|p1a: Corviknight
|-sidestart|p1: PheonixOfRa|move: Light Screen
|
|upkeep
|turn|2
|
|t:|1779964111
|switch|p1a: Garganacl|Garganacl, M|100/100
|move|p2a: Kyurem|Ice Beam|p1a: Garganacl
|-damage|p1a: Garganacl|77/100
|
|-heal|p1a: Garganacl|83/100|[from] Grassy Terrain
|-heal|p1a: Garganacl|89/100|[from] item: Leftovers
|upkeep
|turn|3
|
|t:|1779964121
|switch|p2a: Raging Bolt|Raging Bolt|100/100
|move|p1a: Garganacl|Salt Cure|p2a: Raging Bolt
|-damage|p2a: Raging Bolt|87/100
|-start|p2a: Raging Bolt|Salt Cure
|
|-heal|p2a: Raging Bolt|93/100|[from] Grassy Terrain
|-heal|p1a: Garganacl|95/100|[from] Grassy Terrain
|-heal|p1a: Garganacl|100/100|[from] item: Leftovers
|-damage|p2a: Raging Bolt|81/100|[from] Salt Cure
|upkeep
|turn|4
|
|t:|1779964137
|move|p2a: Raging Bolt|Volt Switch|p1a: Garganacl
|-damage|p1a: Garganacl|85/100
|
|t:|1779964141
|-end|p2a: Raging Bolt|Protosynthesis|[silent]
|switch|p2a: Alomomola|Alomomola, M|100/100|[from] Volt Switch
|move|p1a: Garganacl|Iron Defense|p1a: Garganacl
|-boost|p1a: Garganacl|def|2
|
|-heal|p1a: Garganacl|92/100|[from] Grassy Terrain
|-heal|p1a: Garganacl|98/100|[from] item: Leftovers
|upkeep
|turn|5
|
|t:|1779964152
|move|p2a: Alomomola|Flip Turn|p1a: Garganacl
|-supereffective|p1a: Garganacl
|-damage|p1a: Garganacl|87/100
|
|t:|1779964161
|switch|p2a: Rillaboom|Rillaboom, M|100/100|[from] Flip Turn
|move|p1a: Garganacl|Salt Cure|p2a: Rillaboom
|-damage|p2a: Rillaboom|85/100
|-start|p2a: Rillaboom|Salt Cure
|
|-heal|p2a: Rillaboom|91/100|[from] Grassy Terrain
|-heal|p1a: Garganacl|94/100|[from] Grassy Terrain
|-heal|p1a: Garganacl|99/100|[from] item: Leftovers
|-damage|p2a: Rillaboom|79/100|[from] Salt Cure
|-fieldend|move: Grassy Terrain
|upkeep
|turn|6
|
|t:|1779964178
|switch|p1a: Zapdos|Zapdos|100/100
|move|p2a: Rillaboom|Knock Off|p1a: Zapdos
|-damage|p1a: Zapdos|62/100
|-enditem|p1a: Zapdos|Heavy-Duty Boots|[from] move: Knock Off|[of] p2a: Rillaboom
|
|-damage|p2a: Rillaboom|66/100|[from] Salt Cure
|upkeep
|turn|7
|
|t:|1779964192
|switch|p2a: Raging Bolt|Raging Bolt|81/100
|move|p1a: Zapdos|Roost|p1a: Zapdos
|-heal|p1a: Zapdos|100/100
|-singleturn|p1a: Zapdos|move: Roost
|
|upkeep
|turn|8
|
|t:|1779964200
|move|p2a: Raging Bolt|Draco Meteor|p1a: Zapdos
|-damage|p1a: Zapdos|63/100
|-unboost|p2a: Raging Bolt|spa|2
|move|p1a: Zapdos|U-turn|p2a: Raging Bolt
|-damage|p2a: Raging Bolt|67/100
|inactive|PheonixOfRa has 120 seconds left.
|inactive|PheonixOfRa has 90 seconds left.
|
|t:|1779964255
|switch|p1a: Garganacl|Garganacl, M|99/100|[from] U-turn
|
|-heal|p1a: Garganacl|100/100|[from] item: Leftovers
|-sideend|p1: PheonixOfRa|move: Light Screen
|upkeep
|turn|9
|
|t:|1779964266
|move|p2a: Raging Bolt|Volt Switch|p1a: Garganacl
|-damage|p1a: Garganacl|85/100
|
|t:|1779964268
|-end|p2a: Raging Bolt|Protosynthesis|[silent]
|switch|p2a: Rillaboom|Rillaboom, M|66/100|[from] Volt Switch
|-fieldstart|move: Grassy Terrain|[from] ability: Grassy Surge|[of] p2a: Rillaboom
|move|p1a: Garganacl|Salt Cure|p2a: Rillaboom
|-damage|p2a: Rillaboom|52/100
|-start|p2a: Rillaboom|Salt Cure
|
|-heal|p2a: Rillaboom|58/100|[from] Grassy Terrain
|-heal|p1a: Garganacl|91/100|[from] Grassy Terrain
|-heal|p1a: Garganacl|97/100|[from] item: Leftovers
|-damage|p2a: Rillaboom|46/100|[from] Salt Cure
|upkeep
|turn|10
|
|t:|1779964277
|switch|p2a: Kyurem|Kyurem|100/100
|-ability|p2a: Kyurem|Pressure
|switch|p1a: Zapdos|Zapdos|63/100
|
|upkeep
|turn|11
|
|t:|1779964291
|switch|p1a: Corviknight|Corviknight, M|94/100
|-ability|p1a: Corviknight|Pressure
|move|p2a: Kyurem|Ice Beam|p1a: Corviknight
|-damage|p1a: Corviknight|48/100
|
|upkeep
|turn|12
|inactive|PheonixOfRa has 120 seconds left.
|
|t:|1779964302
|-terastallize|p2a: Kyurem|Ice
|move|p2a: Kyurem|Ice Beam|p1a: Corviknight
|-damage|p1a: Corviknight|0 fnt
|faint|p1a: Corviknight
|
|upkeep
|inactive|PheonixOfRa has 90 seconds left.
|
|t:|1779964348
|switch|p1a: Ogerpon|Ogerpon-Wellspring, F|100/100
|turn|13
|
|t:|1779964364
|switch|p2a: Raging Bolt|Raging Bolt|67/100
|-terastallize|p1a: Ogerpon|Water
|detailschange|p1a: Ogerpon|Ogerpon-Wellspring-Tera, F, tera:Water
|-ability|p1a: Ogerpon|Embody Aspect (Wellspring)|boost
|-boost|p1a: Ogerpon|spd|1
|move|p1a: Ogerpon|Ivy Cudgel|p2a: Raging Bolt|[anim] Ivy Cudgel Water
|-resisted|p2a: Raging Bolt
|-damage|p2a: Raging Bolt|32/100
|
|-heal|p2a: Raging Bolt|38/100|[from] Grassy Terrain
|-fieldend|move: Grassy Terrain
|upkeep
|turn|14
|
|t:|1779964391
|switch|p1a: Great Tusk|Great Tusk|100/100
|move|p2a: Raging Bolt|Thunderclap||[still]
|-fail|p2a: Raging Bolt
|
|upkeep
|turn|15
|
|t:|1779964402
|-end|p2a: Raging Bolt|Protosynthesis|[silent]
|switch|p2a: Alomomola|Alomomola, M|100/100
|move|p1a: Great Tusk|Stealth Rock|p2a: Alomomola
|-sidestart|p2: Chicken don't|move: Stealth Rock
|
|upkeep
|turn|16
|
|t:|1779964414
|-end|p1a: Great Tusk|Protosynthesis|[silent]
|switch|p1a: Zapdos|Zapdos|63/100
|move|p2a: Alomomola|Body Slam|p1a: Zapdos
|-damage|p1a: Zapdos|53/100
|-status|p2a: Alomomola|par|[from] ability: Static|[of] p1a: Zapdos
|
|upkeep
|turn|17
|
|t:|1779964423
|move|p1a: Zapdos|Roost|p1a: Zapdos
|-heal|p1a: Zapdos|100/100
|-singleturn|p1a: Zapdos|move: Roost
|cant|p2a: Alomomola|par
|
|upkeep
|turn|18
|
|t:|1779964430
|move|p1a: Zapdos|Discharge|p2a: Alomomola
|-supereffective|p2a: Alomomola
|-damage|p2a: Alomomola|64/100 par
|move|p2a: Alomomola|Body Slam|p1a: Zapdos
|-damage|p1a: Zapdos|89/100
|
|upkeep
|turn|19
|
|t:|1779964441
|switch|p2a: Great Tusk|Great Tusk|100/100
|-damage|p2a: Great Tusk|98/100|[from] Stealth Rock
|move|p1a: Zapdos|Hurricane|p2a: Great Tusk|[miss]
|-miss|p1a: Zapdos|p2a: Great Tusk
|
|upkeep
|turn|20
|
|t:|1779964447
|-end|p2a: Great Tusk|Protosynthesis|[silent]
|switch|p2a: Alomomola|Alomomola, M|97/100 par
|-damage|p2a: Alomomola|85/100 par|[from] Stealth Rock
|move|p1a: Zapdos|Hurricane|p2a: Alomomola|[miss]
|-miss|p1a: Zapdos|p2a: Alomomola
|
|upkeep
|turn|21
|
|t:|1779964453
|move|p1a: Zapdos|Discharge|p2a: Alomomola
|-supereffective|p2a: Alomomola
|-damage|p2a: Alomomola|48/100 par
|move|p2a: Alomomola|Mirror Coat|p1a: Zapdos
|-damage|p1a: Zapdos|0 fnt
|faint|p1a: Zapdos
|
|upkeep
|
|t:|1779964475
|switch|p1a: Ogerpon|Ogerpon-Wellspring-Tera, F, tera:Water|100/100
|-ability|p1a: Ogerpon|Embody Aspect (Wellspring)|boost
|-boost|p1a: Ogerpon|spd|1
|turn|22
|
|t:|1779964503
|switch|p2a: Great Tusk|Great Tusk|98/100
|-damage|p2a: Great Tusk|95/100|[from] Stealth Rock
|move|p1a: Ogerpon|Spikes|p2a: Great Tusk
|-sidestart|p2: Chicken don't|Spikes
|
|upkeep
|turn|23
|
|t:|1779964509
|move|p1a: Ogerpon|Ivy Cudgel|p2a: Great Tusk|[anim] Ivy Cudgel Water
|-supereffective|p2a: Great Tusk
|-damage|p2a: Great Tusk|0 fnt
|faint|p2a: Great Tusk
|-end|p2a: Great Tusk|Protosynthesis|[silent]
|
|upkeep
|
|t:|1779964513
|switch|p2a: Rillaboom|Rillaboom, M|46/100
|-damage|p2a: Rillaboom|34/100|[from] Stealth Rock
|-damage|p2a: Rillaboom|21/100|[from] Spikes
|-fieldstart|move: Grassy Terrain|[from] ability: Grassy Surge|[of] p2a: Rillaboom
|turn|24
|inactive|PheonixOfRa has 90 seconds left.
|
|t:|1779964544
|switch|p1a: Garganacl|Garganacl, M|97/100
|move|p2a: Rillaboom|Grassy Glide|p1a: Garganacl
|-supereffective|p1a: Garganacl
|-damage|p1a: Garganacl|26/100
|
|-heal|p2a: Rillaboom|27/100|[from] Grassy Terrain
|-heal|p1a: Garganacl|32/100|[from] Grassy Terrain
|-heal|p1a: Garganacl|38/100|[from] item: Leftovers
|upkeep
|turn|25
|
|t:|1779964555
|move|p2a: Rillaboom|Grassy Glide|p1a: Garganacl
|-supereffective|p1a: Garganacl
|-damage|p1a: Garganacl|0 fnt
|faint|p1a: Garganacl
|
|-heal|p2a: Rillaboom|34/100|[from] Grassy Terrain
|upkeep
|inactive|PheonixOfRa has 60 seconds left.
|
|t:|1779964565
|switch|p1a: Great Tusk|Great Tusk|100/100
|turn|26
|
|t:|1779964587
|switch|p2a: Alomomola|Alomomola, M|81/100 par
|-damage|p2a: Alomomola|69/100 par|[from] Stealth Rock
|-damage|p2a: Alomomola|57/100 par|[from] Spikes
|move|p1a: Great Tusk|Ice Spinner|p2a: Alomomola
|-resisted|p2a: Alomomola
|-crit|p2a: Alomomola
|-damage|p2a: Alomomola|42/100 par
|-fieldend|move: Grassy Terrain
|
|upkeep
|turn|27
|inactive|PheonixOfRa has 60 seconds left.
|
|t:|1779964608
|-end|p1a: Great Tusk|Protosynthesis|[silent]
|switch|p1a: Necrozma|Necrozma|100/100
|move|p2a: Alomomola|Flip Turn|p1a: Necrozma
|-damage|p1a: Necrozma|86/100
|
|t:|1779964612
|switch|p2a: Kingambit|Kingambit, M|100/100|[from] Flip Turn
|-damage|p2a: Kingambit|94/100|[from] Stealth Rock
|-damage|p2a: Kingambit|82/100|[from] Spikes
|-activate|p2a: Kingambit|ability: Supreme Overlord
|-start|p2a: Kingambit|fallen1|[silent]
|
|-heal|p2a: Kingambit|88/100|[from] item: Leftovers
|upkeep
|turn|28
|
|t:|1779964622
|switch|p1a: Great Tusk|Great Tusk|100/100
|move|p2a: Kingambit|Iron Head|p1a: Great Tusk
|-damage|p1a: Great Tusk|61/100
|
|-heal|p2a: Kingambit|94/100|[from] item: Leftovers
|upkeep
|turn|29
|
|t:|1779964629
|-end|p2a: Kingambit|fallen1|[silent]
|switch|p2a: Alomomola|Alomomola, M|75/100 par
|-damage|p2a: Alomomola|63/100 par|[from] Stealth Rock
|-damage|p2a: Alomomola|51/100 par|[from] Spikes
|move|p1a: Great Tusk|Headlong Rush|p2a: Alomomola
|-damage|p2a: Alomomola|11/100 par
|-unboost|p1a: Great Tusk|def|1
|-unboost|p1a: Great Tusk|spd|1
|
|upkeep
|turn|30
|
|t:|1779964642
|-end|p1a: Great Tusk|Protosynthesis|[silent]
|switch|p1a: Ogerpon|Ogerpon-Wellspring-Tera, F, tera:Water|100/100
|-ability|p1a: Ogerpon|Embody Aspect (Wellspring)|boost
|-boost|p1a: Ogerpon|spd|1
|move|p2a: Alomomola|Flip Turn|p1a: Ogerpon
|-resisted|p1a: Ogerpon
|-damage|p1a: Ogerpon|89/100
|
|t:|1779964645
|switch|p2a: Rillaboom|Rillaboom, M|34/100|[from] Flip Turn
|-damage|p2a: Rillaboom|21/100|[from] Stealth Rock
|-damage|p2a: Rillaboom|9/100|[from] Spikes
|-fieldstart|move: Grassy Terrain|[from] ability: Grassy Surge|[of] p2a: Rillaboom
|
|-heal|p1a: Ogerpon|95/100|[from] Grassy Terrain
|-heal|p2a: Rillaboom|15/100|[from] Grassy Terrain
|upkeep
|turn|31
|-message|PheonixOfRa forfeited.
|
|win|Chicken don't
|raw|PheonixOfRa's rating: 1488 &rarr; <strong>1469</strong><br />(-19 for losing)
|raw|Chicken don&apos;t's rating: 1505 &rarr; <strong>1524</strong><br />(+19 for winning)
|l|☆PheonixOfRa
|player|p1|
|l|☆Chicken don't
|player|p2|
