|j|☆Kanehusky13
|j|☆Faithful Sherriff
|t:|1779908537
|gametype|singles
|player|p1|Kanehusky13|acetrainer-gen4dp|1312
|player|p2|Faithful Sherriff|roxanne|1336
|gen|9
|tier|[Gen 9] OU
|rated|
|rule|HP Percentage Mod: HP is shown in percentages
|rule|Endless Battle Clause: Forcing endless battles is banned
|rule|Species Clause: Limit one of each Pokémon
|rule|OHKO Clause: OHKO moves are banned
|rule|Evasion Items Clause: Evasion items are banned
|rule|Evasion Moves Clause: Evasion moves are banned
|rule|Evasion Abilities Clause: Evasion abilities are banned
|rule|Sleep Moves Clause: Sleep-inducing moves are banned
|clearpoke
|poke|p1|Blaziken, F|
|poke|p1|Ninetales, M|
|poke|p1|Venusaur, M|
|poke|p1|Hatterene, F|
|poke|p1|Great Tusk|
|poke|p1|Walking Wake|
|poke|p2|Cinderace, F|
|poke|p2|Okidogi, M|
|poke|p2|Landorus-Therian, M|
|poke|p2|Zamazenta-*|
|poke|p2|Goodra-Hisui, F|
|poke|p2|Latios, M|
|teampreview
|inactive|Battle timer is ON: inactive players will automatically lose when time's up. (requested by Faithful Sherriff)
|
|t:|1779908555
|teamsize|p1|6
|teamsize|p2|6
|start
|switch|p1a: Ninetales|Ninetales, M|100/100
|switch|p2a: Okidogi|Okidogi, M|100/100
|-weather|SunnyDay|[from] ability: Drought|[of] p1a: Ninetales
|turn|1
|inactive|Faithful Sherriff has 120 seconds left.
|
|t:|1779908595
|move|p1a: Ninetales|Will-O-Wisp|p2a: Okidogi
|-status|p2a: Okidogi|brn
|move|p2a: Okidogi|Knock Off|p1a: Ninetales
|-damage|p1a: Ninetales|80/100
|-status|p1a: Ninetales|tox|[from] ability: Toxic Chain|[of] p2a: Okidogi
|-enditem|p1a: Ninetales|Heat Rock|[from] move: Knock Off|[of] p2a: Okidogi
|
|-weather|SunnyDay|[upkeep]
|-damage|p1a: Ninetales|74/100 tox|[from] psn
|-damage|p2a: Okidogi|94/100 brn|[from] brn
|upkeep
|turn|2
|inactive|Faithful Sherriff has 120 seconds left.
|
|t:|1779908607
|switch|p1a: Hatterene|Hatterene, F|100/100
|move|p2a: Okidogi|Knock Off|p1a: Hatterene
|-damage|p1a: Hatterene|84/100
|-status|p1a: Hatterene|tox|[from] ability: Toxic Chain|[of] p2a: Okidogi
|-enditem|p1a: Hatterene|Eject Button|[from] move: Knock Off|[of] p2a: Okidogi
|
|-weather|SunnyDay|[upkeep]
|-heal|p2a: Okidogi|100/100 brn|[from] item: Leftovers
|-damage|p1a: Hatterene|78/100 tox|[from] psn
|-damage|p2a: Okidogi|94/100 brn|[from] brn
|upkeep
|turn|3
|inactive|Faithful Sherriff has 120 seconds left.
|
|t:|1779908616
|switch|p2a: Landorus|Landorus-Therian, M|100/100
|-ability|p2a: Landorus|Intimidate|boost
|-unboost|p1a: Hatterene|atk|1
|switch|p1a: Great Tusk|Great Tusk|100/100
|-activate|p1a: Great Tusk|ability: Protosynthesis
|-start|p1a: Great Tusk|protosynthesisatk
|
|-weather|SunnyDay|[upkeep]
|upkeep
|turn|4
|inactive|Faithful Sherriff has 120 seconds left.
|
|t:|1779908637
|move|p2a: Landorus|Earthquake|p1a: Great Tusk
|-damage|p1a: Great Tusk|59/100
|move|p1a: Great Tusk|Stealth Rock|p2a: Landorus
|-sidestart|p2: Faithful Sherriff|move: Stealth Rock
|
|-weather|SunnyDay|[upkeep]
|upkeep
|turn|5
|
|t:|1779908642
|switch|p2a: Cinderace|Cinderace, F, shiny|100/100
|move|p1a: Great Tusk|Ice Spinner|p2a: Cinderace
|-resisted|p2a: Cinderace
|-damage|p2a: Cinderace|72/100
|
|-weather|SunnyDay|[upkeep]
|upkeep
|turn|6
|
|t:|1779908646
|move|p2a: Cinderace|Pyro Ball|p1a: Great Tusk
|-damage|p1a: Great Tusk|0 fnt
|faint|p1a: Great Tusk
|-end|p1a: Great Tusk|Protosynthesis|[silent]
|
|-weather|SunnyDay|[upkeep]
|upkeep
|
|t:|1779908650
|switch|p1a: Walking Wake|Walking Wake|100/100
|-activate|p1a: Walking Wake|ability: Protosynthesis
|-start|p1a: Walking Wake|protosynthesisspe
|turn|7
|
|t:|1779908656
|switch|p2a: Goodra|Goodra-Hisui, F, shiny|100/100
|-damage|p2a: Goodra|94/100|[from] Stealth Rock
|move|p1a: Walking Wake|Draco Meteor|p2a: Goodra
|-damage|p2a: Goodra|51/100
|-unboost|p1a: Walking Wake|spa|2
|
|-weather|SunnyDay|[upkeep]
|upkeep
|turn|8
|
|t:|1779908666
|-end|p1a: Walking Wake|Protosynthesis|[silent]
|switch|p1a: Hatterene|Hatterene, F|78/100 tox
|move|p2a: Goodra|Fire Blast|p1a: Hatterene
|-damage|p1a: Hatterene|23/100 tox
|
|-weather|none
|-damage|p1a: Hatterene|17/100 tox|[from] psn
|upkeep
|turn|9
|
|t:|1779908671
|move|p2a: Goodra|Flash Cannon|p1a: Hatterene
|-supereffective|p1a: Hatterene
|-damage|p1a: Hatterene|0 fnt
|faint|p1a: Hatterene
|
|upkeep
|
|t:|1779908676
|switch|p1a: Ninetales|Ninetales, M|74/100 tox
|-weather|SunnyDay|[from] ability: Drought|[of] p1a: Ninetales
|turn|10
|
|t:|1779908681
|move|p1a: Ninetales|Memento|p2a: Goodra
|-unboost|p2a: Goodra|atk|2
|-unboost|p2a: Goodra|spa|2
|faint|p1a: Ninetales
|move|p2a: Goodra|Earthquake|p1: Ninetales|[notarget]
|-fail|p2a: Goodra
|
|-weather|SunnyDay|[upkeep]
|upkeep
|
|t:|1779908684
|switch|p1a: Blaziken|Blaziken, F|100/100
|turn|11
|
|t:|1779908690
|switch|p2a: Landorus|Landorus-Therian, M|100/100
|-damage|p2a: Landorus|88/100|[from] Stealth Rock
|-ability|p2a: Landorus|Intimidate|boost
|-unboost|p1a: Blaziken|atk|1
|move|p1a: Blaziken|Focus Energy|p1a: Blaziken
|-start|p1a: Blaziken|move: Focus Energy
|
|-weather|SunnyDay|[upkeep]
|-ability|p1a: Blaziken|Speed Boost|boost
|-boost|p1a: Blaziken|spe|1
|upkeep
|turn|12
|
|t:|1779908699
|switch|p1a: Venusaur|Venusaur, M|100/100
|move|p2a: Landorus|Earthquake|p1a: Venusaur
|-damage|p1a: Venusaur|16/100
|
|-weather|SunnyDay|[upkeep]
|upkeep
|turn|13
|
|t:|1779908707
|switch|p2a: Goodra|Goodra-Hisui, F, shiny|51/100
|-damage|p2a: Goodra|45/100|[from] Stealth Rock
|move|p1a: Venusaur|Giga Drain|p2a: Goodra
|-ability|p2a: Goodra|Sap Sipper|boost
|-boost|p2a: Goodra|atk|1
|
|-weather|SunnyDay|[upkeep]
|upkeep
|turn|14
|-message|Kanehusky13 forfeited.
|
|win|Faithful Sherriff
|raw|Kanehusky13's rating: 1312 &rarr; <strong>1293</strong><br />(-19 for losing)
|raw|Faithful Sherriff's rating: 1336 &rarr; <strong>1355</strong><br />(+19 for winning)
|l|☆Kanehusky13
|player|p1|
