|j|☆tinyp
|j|☆dior on ice
|t:|1779819248
|gametype|singles
|player|p1|tinyp|265|1376
|player|p2|dior on ice|swimmerf|1358
|gen|9
|tier|[Gen 9] OU
|rated|
|rule|HP Percentage Mod: HP is shown in percentages
|rule|Endless Battle Clause: Forcing endless battles is banned
|rule|Species Clause: Limit one of each Pokémon
|rule|OHKO Clause: OHKO moves are banned
|rule|Evasion Items Clause: Evasion items are banned
|rule|Evasion Moves Clause: Evasion moves are banned
|rule|Evasion Abilities Clause: Evasion abilities are banned
|rule|Sleep Moves Clause: Sleep-inducing moves are banned
|clearpoke
|poke|p1|Great Tusk|
|poke|p1|Zapdos|
|poke|p1|Meowscarada, F|
|poke|p1|Kingambit, F|
|poke|p1|Dragapult, F|
|poke|p1|Clefable, F|
|poke|p2|Araquanid, F|
|poke|p2|Raging Bolt|
|poke|p2|Iron Moth|
|poke|p2|Great Tusk|
|poke|p2|Gholdengo|
|poke|p2|Kingambit, F|
|teampreview
|inactive|Battle timer is ON: inactive players will automatically lose when time's up. (requested by dior on ice)
|
|t:|1779819277
|teamsize|p1|6
|teamsize|p2|6
|start
|switch|p1a: Dragapult|Dragapult, F|100/100
|switch|p2a: Araquanid|Araquanid, F, shiny|100/100
|turn|1
|
|t:|1779819284
|move|p1a: Dragapult|Substitute|p1a: Dragapult
|-start|p1a: Dragapult|Substitute
|-damage|p1a: Dragapult|76/100
|move|p2a: Araquanid|Mirror Coat||[still]
|-fail|p2a: Araquanid
|
|-heal|p1a: Dragapult|82/100|[from] item: Leftovers
|upkeep
|turn|2
|
|t:|1779819293
|move|p1a: Dragapult|Thunder Wave|p2a: Araquanid
|-status|p2a: Araquanid|par
|move|p2a: Araquanid|Sticky Web|p1a: Dragapult
|-sidestart|p1: tinyp|move: Sticky Web
|
|-heal|p1a: Dragapult|88/100|[from] item: Leftovers
|upkeep
|turn|3
|
|t:|1779819304
|switch|p2a: Great Tusk|Great Tusk, shiny|100/100
|-enditem|p2a: Great Tusk|Booster Energy
|-activate|p2a: Great Tusk|ability: Protosynthesis|[fromitem]
|-start|p2a: Great Tusk|protosynthesisatk
|move|p1a: Dragapult|Dragon Darts|p2a: Great Tusk
|-crit|p2a: Great Tusk
|-damage|p2a: Great Tusk|78/100
|-anim|p1a: Dragapult|Dragon Darts|p2a: Great Tusk
|-damage|p2a: Great Tusk|63/100
|
|-heal|p1a: Dragapult|94/100|[from] item: Leftovers
|upkeep
|turn|4
|
|t:|1779819320
|move|p1a: Dragapult|Dragon Darts|p2a: Great Tusk
|-damage|p2a: Great Tusk|47/100
|-anim|p1a: Dragapult|Dragon Darts|p2a: Great Tusk
|-damage|p2a: Great Tusk|33/100
|move|p2a: Great Tusk|Ice Spinner|p1a: Dragapult
|-supereffective|p1a: Dragapult
|-end|p1a: Dragapult|Substitute
|
|-heal|p1a: Dragapult|99/100|[from] item: Leftovers
|upkeep
|turn|5
|
|t:|1779819334
|switch|p1a: Zapdos|Zapdos|100/100
|move|p2a: Great Tusk|Ice Spinner|p1a: Zapdos
|-supereffective|p1a: Zapdos
|-damage|p1a: Zapdos|31/100
|
|upkeep
|turn|6
|
|t:|1779819343
|move|p1a: Zapdos|Roost|p1a: Zapdos
|-heal|p1a: Zapdos|81/100
|-singleturn|p1a: Zapdos|move: Roost
|move|p2a: Great Tusk|Rapid Spin|p1a: Zapdos
|-damage|p1a: Zapdos|59/100
|-boost|p2a: Great Tusk|spe|1
|
|upkeep
|turn|7
|
|t:|1779819354
|move|p2a: Great Tusk|Ice Spinner|p1a: Zapdos
|-supereffective|p1a: Zapdos
|-damage|p1a: Zapdos|0 fnt
|faint|p1a: Zapdos
|
|upkeep
|
|t:|1779819359
|switch|p1a: Great Tusk|Great Tusk|100/100
|turn|8
|
|t:|1779819363
|-terastallize|p2a: Great Tusk|Ice
|move|p2a: Great Tusk|Ice Spinner|p1a: Great Tusk
|-supereffective|p1a: Great Tusk
|-damage|p1a: Great Tusk|28/100
|move|p1a: Great Tusk|Rapid Spin|p2a: Great Tusk
|-damage|p2a: Great Tusk|21/100
|-boost|p1a: Great Tusk|spe|1
|-sideend|p1: tinyp|Sticky Web|[from] move: Rapid Spin|[of] p1a: Great Tusk
|
|upkeep
|turn|9
|
|t:|1779819376
|move|p2a: Great Tusk|Rapid Spin|p1a: Great Tusk
|-damage|p1a: Great Tusk|12/100
|-boost|p2a: Great Tusk|spe|1
|move|p1a: Great Tusk|Temper Flare|p2a: Great Tusk
|-supereffective|p2a: Great Tusk
|-damage|p2a: Great Tusk|0 fnt
|faint|p2a: Great Tusk
|-end|p2a: Great Tusk|Protosynthesis|[silent]
|
|upkeep
|
|t:|1779819381
|switch|p2a: Iron Moth|Iron Moth, shiny|100/100
|turn|10
|
|t:|1779819388
|-end|p2a: Iron Moth|Quark Drive|[silent]
|switch|p2a: Araquanid|Araquanid, F, shiny|100/100 par
|move|p1a: Great Tusk|Headlong Rush|p2a: Araquanid
|-resisted|p2a: Araquanid
|-damage|p2a: Araquanid|69/100 par
|-unboost|p1a: Great Tusk|def|1
|-unboost|p1a: Great Tusk|spd|1
|
|upkeep
|turn|11
|
|t:|1779819398
|-end|p1a: Great Tusk|Protosynthesis|[silent]
|switch|p1a: Dragapult|Dragapult, F|99/100
|move|p2a: Araquanid|Liquidation|p1a: Dragapult
|-resisted|p1a: Dragapult
|-damage|p1a: Dragapult|68/100
|-unboost|p1a: Dragapult|def|1
|
|-heal|p1a: Dragapult|74/100|[from] item: Leftovers
|upkeep
|turn|12
|
|t:|1779819408
|move|p1a: Dragapult|Hex|p2a: Araquanid
|-damage|p2a: Araquanid|32/100 par
|cant|p2a: Araquanid|par
|
|-heal|p1a: Dragapult|80/100|[from] item: Leftovers
|upkeep
|turn|13
|
|t:|1779819417
|move|p1a: Dragapult|Hex|p2a: Araquanid
|-damage|p2a: Araquanid|0 fnt
|faint|p2a: Araquanid
|
|-heal|p1a: Dragapult|86/100|[from] item: Leftovers
|upkeep
|
|t:|1779819430
|switch|p2a: Kingambit|Kingambit, F, shiny|100/100
|-activate|p2a: Kingambit|ability: Supreme Overlord
|-start|p2a: Kingambit|fallen2|[silent]
|turn|14
|
|t:|1779819450
|switch|p1a: Meowscarada|Meowscarada, F|100/100
|move|p2a: Kingambit|Iron Head|p1a: Meowscarada
|-damage|p1a: Meowscarada|23/100
|
|upkeep
|turn|15
|
|t:|1779819462
|-end|p2a: Kingambit|fallen2|[silent]
|switch|p2a: Iron Moth|Iron Moth, shiny|100/100
|move|p1a: Meowscarada|U-turn|p2a: Iron Moth
|-start|p1a: Meowscarada|typechange|Bug|[from] ability: Protean
|-resisted|p2a: Iron Moth
|-damage|p2a: Iron Moth|80/100
|
|t:|1779819472
|switch|p1a: Dragapult|Dragapult, F|86/100|[from] U-turn
|
|-heal|p1a: Dragapult|92/100|[from] item: Leftovers
|upkeep
|turn|16
|
|t:|1779819479
|move|p1a: Dragapult|Thunder Wave|p2a: Iron Moth
|-status|p2a: Iron Moth|par
|move|p2a: Iron Moth|Dazzling Gleam|p1a: Dragapult
|-supereffective|p1a: Dragapult
|-damage|p1a: Dragapult|0 fnt
|faint|p1a: Dragapult
|-damage|p2a: Iron Moth|70/100 par|[from] item: Life Orb
|
|upkeep
|
|t:|1779819488
|switch|p1a: Great Tusk|Great Tusk|12/100
|turn|17
|
|t:|1779819493
|move|p1a: Great Tusk|Headlong Rush|p2a: Iron Moth
|-supereffective|p2a: Iron Moth
|-damage|p2a: Iron Moth|0 fnt
|-unboost|p1a: Great Tusk|def|1
|-unboost|p1a: Great Tusk|spd|1
|faint|p2a: Iron Moth
|-end|p2a: Iron Moth|Quark Drive|[silent]
|
|upkeep
|
|t:|1779819505
|switch|p2a: Gholdengo|Gholdengo, shiny|100/100
|-item|p2a: Gholdengo|Air Balloon
|turn|18
|
|t:|1779819510
|-end|p1a: Great Tusk|Protosynthesis|[silent]
|switch|p1a: Kingambit|Kingambit, F|100/100
|-activate|p1a: Kingambit|ability: Supreme Overlord
|-start|p1a: Kingambit|fallen2|[silent]
|-item|p1a: Kingambit|Air Balloon
|move|p2a: Gholdengo|Dazzling Gleam|p1a: Kingambit
|-damage|p1a: Kingambit|68/100
|-enditem|p1a: Kingambit|Air Balloon
|
|upkeep
|turn|19
|
|t:|1779819522
|move|p2a: Gholdengo|Dazzling Gleam|p1a: Kingambit
|-damage|p1a: Kingambit|35/100
|move|p1a: Kingambit|Kowtow Cleave|p2a: Gholdengo
|-supereffective|p2a: Gholdengo
|-damage|p2a: Gholdengo|0 fnt
|-enditem|p2a: Gholdengo|Air Balloon
|faint|p2a: Gholdengo
|
|upkeep
|
|t:|1779819527
|switch|p2a: Raging Bolt|Raging Bolt|100/100
|turn|20
|
|t:|1779819534
|move|p2a: Raging Bolt|Dragon Pulse|p1a: Kingambit
|-resisted|p1a: Kingambit
|-damage|p1a: Kingambit|9/100
|move|p1a: Kingambit|Kowtow Cleave|p2a: Raging Bolt
|-damage|p2a: Raging Bolt|45/100
|
|upkeep
|turn|21
|
|t:|1779819544
|move|p2a: Raging Bolt|Thunderclap|p1a: Kingambit
|-damage|p1a: Kingambit|0 fnt
|faint|p1a: Kingambit
|-end|p1a: Kingambit|fallen2|[silent]
|
|upkeep
|
|t:|1779819549
|switch|p1a: Great Tusk|Great Tusk|12/100
|turn|22
|
|t:|1779819553
|move|p1a: Great Tusk|Headlong Rush|p2a: Raging Bolt
|-supereffective|p2a: Raging Bolt
|-damage|p2a: Raging Bolt|0 fnt
|-unboost|p1a: Great Tusk|def|1
|-unboost|p1a: Great Tusk|spd|1
|faint|p2a: Raging Bolt
|-end|p2a: Raging Bolt|Protosynthesis|[silent]
|
|upkeep
|
|t:|1779819556
|switch|p2a: Kingambit|Kingambit, F, shiny|100/100
|-activate|p2a: Kingambit|ability: Supreme Overlord
|-start|p2a: Kingambit|fallen5|[silent]
|turn|23
|
|t:|1779819563
|move|p2a: Kingambit|Sucker Punch|p1a: Great Tusk
|-resisted|p1a: Great Tusk
|-damage|p1a: Great Tusk|0 fnt
|faint|p1a: Great Tusk
|-end|p1a: Great Tusk|Protosynthesis|[silent]
|
|upkeep
|
|t:|1779819570
|switch|p1a: Clefable|Clefable, F|100/100
|turn|24
|
|t:|1779819576
|-terastallize|p1a: Clefable|Water
|move|p2a: Kingambit|Swords Dance|p2a: Kingambit
|-boost|p2a: Kingambit|atk|2
|move|p1a: Clefable|Thunder Wave|p2a: Kingambit|[miss]
|-miss|p1a: Clefable|p2a: Kingambit
|
|upkeep
|turn|25
|
|t:|1779819589
|move|p2a: Kingambit|Swords Dance|p2a: Kingambit
|-boost|p2a: Kingambit|atk|2
|move|p1a: Clefable|Thunder Wave|p2a: Kingambit
|-status|p2a: Kingambit|par
|-enditem|p2a: Kingambit|Lum Berry|[eat]
|-curestatus|p2a: Kingambit|par|[msg]
|
|upkeep
|turn|26
|
|t:|1779819602
|move|p2a: Kingambit|Iron Head|p1a: Clefable
|-resisted|p1a: Clefable
|-damage|p1a: Clefable|0 fnt
|faint|p1a: Clefable
|
|upkeep
|-message|tinyp forfeited.
|
|win|dior on ice
|raw|tinyp's rating: 1376 &rarr; <strong>1355</strong><br />(-21 for losing)
|raw|dior on ice's rating: 1358 &rarr; <strong>1379</strong><br />(+21 for winning)
|l|☆tinyp
|player|p1|
