|j|‽adeedt
|j|☆SpinnMaster65
|t:|1779810938
|gametype|singles
|player|p1|adeedt|ash-kalos|1124
|player|p2|SpinnMaster65|1|1119
|gen|9
|tier|[Gen 9] OU
|rated|
|rule|HP Percentage Mod: HP is shown in percentages
|rule|Endless Battle Clause: Forcing endless battles is banned
|rule|Species Clause: Limit one of each Pokémon
|rule|OHKO Clause: OHKO moves are banned
|rule|Evasion Items Clause: Evasion items are banned
|rule|Evasion Moves Clause: Evasion moves are banned
|rule|Evasion Abilities Clause: Evasion abilities are banned
|rule|Sleep Moves Clause: Sleep-inducing moves are banned
|clearpoke
|poke|p1|Greninja-*, F|
|poke|p1|Garchomp, M|
|poke|p1|Corviknight, F|
|poke|p1|Goodra-Hisui, F|
|poke|p1|Deoxys-Speed|
|poke|p1|Ogerpon, F|
|poke|p2|Clefable, M|
|poke|p2|Oricorio-Pom-Pom, F|
|poke|p2|Scizor, F|
|poke|p2|Rotom-Wash|
|poke|p2|Serperior, F|
|poke|p2|Skeledirge, F|
|teampreview
|
|t:|1779810960
|teamsize|p1|6
|teamsize|p2|6
|start
|switch|p1a: Deoxys|Deoxys-Speed|100/100
|switch|p2a: Serperior|Serperior, F|100/100
|-ability|p1a: Deoxys|Pressure
|turn|1
|
|t:|1779810970
|switch|p2a: Scizor|Scizor, F|100/100
|move|p1a: Deoxys|Thunder Wave|p2a: Scizor
|-status|p2a: Scizor|par
|
|upkeep
|turn|2
|
|t:|1779810978
|move|p1a: Deoxys|Stealth Rock|p2a: Scizor
|-sidestart|p2: SpinnMaster65|move: Stealth Rock
|cant|p2a: Scizor|par
|
|upkeep
|turn|3
|
|t:|1779810989
|switch|p2a: Rotom|Rotom-Wash|100/100
|-damage|p2a: Rotom|88/100|[from] Stealth Rock
|move|p1a: Deoxys|Spikes|p2a: Rotom
|-sidestart|p2: SpinnMaster65|Spikes
|
|-heal|p2a: Rotom|94/100|[from] item: Leftovers
|upkeep
|turn|4
|
|t:|1779810998
|move|p1a: Deoxys|Spikes|p2a: Rotom
|-sidestart|p2: SpinnMaster65|Spikes
|move|p2a: Rotom|Hydro Pump|p1a: Deoxys
|-damage|p1a: Deoxys|15/100
|
|-heal|p2a: Rotom|100/100|[from] item: Leftovers
|upkeep
|turn|5
|
|t:|1779811004
|move|p1a: Deoxys|Spikes|p2a: Rotom
|-sidestart|p2: SpinnMaster65|Spikes
|move|p2a: Rotom|Volt Switch|p1a: Deoxys
|-damage|p1a: Deoxys|0 fnt
|faint|p1a: Deoxys
|
|t:|1779811011
|switch|p2a: Serperior|Serperior, F|100/100|[from] Volt Switch
|
|upkeep
|
|t:|1779811015
|switch|p1a: Ogerpon|Ogerpon, F|100/100
|turn|6
|
|t:|1779811022
|switch|p2a: Scizor|Scizor, F|100/100 par
|-damage|p2a: Scizor|88/100 par|[from] Stealth Rock
|-damage|p2a: Scizor|63/100 par|[from] Spikes
|move|p1a: Ogerpon|Swords Dance|p1a: Ogerpon
|-boost|p1a: Ogerpon|atk|2
|
|-heal|p2a: Scizor|69/100 par|[from] item: Leftovers
|upkeep
|turn|7
|
|t:|1779811034
|move|p1a: Ogerpon|Knock Off|p2a: Scizor
|-damage|p2a: Scizor|6/100 par
|-enditem|p2a: Scizor|Leftovers|[from] move: Knock Off|[of] p1a: Ogerpon
|move|p2a: Scizor|Knock Off|p1a: Ogerpon
|-damage|p1a: Ogerpon|53/100
|-enditem|p1a: Ogerpon|Focus Sash|[from] move: Knock Off|[of] p2a: Scizor
|
|upkeep
|turn|8
|
|t:|1779811047
|move|p2a: Scizor|Bullet Punch|p1a: Ogerpon
|-crit|p1a: Ogerpon
|-damage|p1a: Ogerpon|0 fnt
|faint|p1a: Ogerpon
|
|upkeep
|
|t:|1779811054
|switch|p1a: Corviknight|Corviknight, F|100/100
|turn|9
|
|t:|1779811060
|move|p1a: Corviknight|Body Press|p2a: Scizor
|-damage|p2a: Scizor|0 fnt
|faint|p2a: Scizor
|
|upkeep
|
|t:|1779811075
|switch|p2a: Skeledirge|Skeledirge, F, shiny|100/100
|turn|10
|
|t:|1779811086
|switch|p1a: Greninja|Greninja, F|100/100
|move|p2a: Skeledirge|Torch Song|p1a: Greninja
|-resisted|p1a: Greninja
|-damage|p1a: Greninja|68/100
|-boost|p2a: Skeledirge|spa|1
|
|upkeep
|turn|11
|
|t:|1779811098
|switch|p2a: Rotom|Rotom-Wash|100/100
|-damage|p2a: Rotom|88/100|[from] Stealth Rock
|move|p1a: Greninja|Surf|p2a: Rotom
|-start|p1a: Greninja|typechange|Water|[from] ability: Protean
|-resisted|p2a: Rotom
|-damage|p2a: Rotom|58/100
|
|-heal|p2a: Rotom|65/100|[from] item: Leftovers
|upkeep
|turn|12
|
|t:|1779811114
|switch|p1a: Goodra|Goodra-Hisui, F|100/100
|move|p2a: Rotom|Will-O-Wisp|p1a: Goodra
|-status|p1a: Goodra|brn
|
|-heal|p2a: Rotom|71/100|[from] item: Leftovers
|-damage|p1a: Goodra|94/100 brn|[from] brn
|upkeep
|turn|13
|
|t:|1779811126
|move|p2a: Rotom|Pain Split|p1a: Goodra
|-sethp|p1a: Goodra|78/100 brn|[from] move: Pain Split|[silent]
|-sethp|p2a: Rotom|90/100|[from] move: Pain Split
|move|p1a: Goodra|Acid Armor|p1a: Goodra
|-boost|p1a: Goodra|def|2
|
|-heal|p2a: Rotom|97/100|[from] item: Leftovers
|-heal|p1a: Goodra|84/100 brn|[from] item: Leftovers
|-damage|p1a: Goodra|78/100 brn|[from] brn
|upkeep
|turn|14
|inactive|Battle timer is ON: inactive players will automatically lose when time's up. (requested by adeedt)
|
|t:|1779811141
|move|p2a: Rotom|Hydro Pump|p1a: Goodra
|-resisted|p1a: Goodra
|-damage|p1a: Goodra|60/100 brn
|move|p1a: Goodra|Acid Armor|p1a: Goodra
|-boost|p1a: Goodra|def|2
|
|-heal|p2a: Rotom|100/100|[from] item: Leftovers
|-heal|p1a: Goodra|66/100 brn|[from] item: Leftovers
|-damage|p1a: Goodra|60/100 brn|[from] brn
|upkeep
|turn|15
|
|t:|1779811155
|move|p2a: Rotom|Volt Switch|p1a: Goodra
|-resisted|p1a: Goodra
|-damage|p1a: Goodra|49/100 brn
|
|t:|1779811166
|switch|p2a: Serperior|Serperior, F|100/100|[from] Volt Switch
|move|p1a: Goodra|Acid Armor|p1a: Goodra
|-boost|p1a: Goodra|def|2
|
|-heal|p1a: Goodra|55/100 brn|[from] item: Leftovers
|-damage|p1a: Goodra|49/100 brn|[from] brn
|upkeep
|turn|16
|
|t:|1779811188
|move|p2a: Serperior|Dragon Pulse|p1a: Goodra
|-damage|p1a: Goodra|35/100 brn
|move|p1a: Goodra|Heavy Slam|p2a: Serperior
|-damage|p2a: Serperior|74/100
|
|-heal|p1a: Goodra|41/100 brn|[from] item: Leftovers
|-damage|p1a: Goodra|35/100 brn|[from] brn
|upkeep
|turn|17
|
|t:|1779811197
|move|p1a: Goodra|Protect|p1a: Goodra
|-singleturn|p1a: Goodra|Protect
|move|p2a: Serperior|Leech Seed|p1a: Goodra
|-activate|p1a: Goodra|move: Protect
|
|-heal|p1a: Goodra|41/100 brn|[from] item: Leftovers
|-damage|p1a: Goodra|35/100 brn|[from] brn
|upkeep
|turn|18
|
|t:|1779811207
|move|p2a: Serperior|Leech Seed|p1a: Goodra
|-start|p1a: Goodra|move: Leech Seed
|move|p1a: Goodra|Body Press|p2a: Serperior
|-damage|p2a: Serperior|16/100
|
|-heal|p1a: Goodra|41/100 brn|[from] item: Leftovers
|-damage|p1a: Goodra|29/100 brn|[from] Leech Seed|[of] p2a: Serperior
|-heal|p2a: Serperior|31/100|[silent]
|-damage|p1a: Goodra|23/100 brn|[from] brn
|upkeep
|turn|19
|
|t:|1779811221
|move|p2a: Serperior|Leaf Storm|p1a: Goodra
|-resisted|p1a: Goodra
|-damage|p1a: Goodra|14/100 brn
|-boost|p2a: Serperior|spa|2
|move|p1a: Goodra|Body Press|p2a: Serperior
|-damage|p2a: Serperior|0 fnt
|faint|p2a: Serperior
|
|-heal|p1a: Goodra|20/100 brn|[from] item: Leftovers
|-damage|p1a: Goodra|14/100 brn|[from] brn
|upkeep
|inactive|SpinnMaster65 has 120 seconds left.
|
|t:|1779811253
|switch|p2a: Skeledirge|Skeledirge, F, shiny|100/100
|turn|20
|inactive|SpinnMaster65 has 120 seconds left.
|
|t:|1779811267
|switch|p1a: Greninja|Greninja, F|68/100
|move|p2a: Skeledirge|Torch Song|p1a: Greninja
|-resisted|p1a: Greninja
|-damage|p1a: Greninja|34/100
|-boost|p2a: Skeledirge|spa|1
|
|upkeep
|turn|21
|inactive|SpinnMaster65 has 120 seconds left.
|
|t:|1779811281
|switch|p2a: Clefable|Clefable, M|100/100
|move|p1a: Greninja|Dark Pulse|p2a: Clefable
|-start|p1a: Greninja|typechange|Dark|[from] ability: Protean
|-resisted|p2a: Clefable
|-damage|p2a: Clefable|76/100
|
|upkeep
|turn|22
|inactive|SpinnMaster65 has 120 seconds left.
|
|t:|1779811295
|switch|p1a: Goodra|Goodra-Hisui, F|14/100 brn
|move|p2a: Clefable|Moonblast|p1a: Goodra
|-damage|p1a: Goodra|0 fnt
|faint|p1a: Goodra
|
|upkeep
|
|t:|1779811304
|switch|p1a: Greninja|Greninja, F|34/100
|turn|23
|
|t:|1779811310
|move|p1a: Greninja|Sludge Wave|p2a: Clefable
|-start|p1a: Greninja|typechange|Poison|[from] ability: Protean
|-supereffective|p2a: Clefable
|-damage|p2a: Clefable|0 fnt
|faint|p2a: Clefable
|
|upkeep
|inactive|SpinnMaster65 has 120 seconds left.
|
|t:|1779811326
|switch|p2a: Rotom|Rotom-Wash|100/100
|-damage|p2a: Rotom|88/100|[from] Stealth Rock
|turn|24
|
|t:|1779811332
|switch|p1a: Garchomp|Garchomp, M|100/100
|move|p2a: Rotom|Volt Switch|p1a: Garchomp
|-immune|p1a: Garchomp
|
|-heal|p2a: Rotom|94/100|[from] item: Leftovers
|upkeep
|turn|25
|
|t:|1779811340
|move|p1a: Garchomp|Dragon Claw|p2a: Rotom
|-damage|p2a: Rotom|51/100
|move|p2a: Rotom|Will-O-Wisp|p1a: Garchomp
|-status|p1a: Garchomp|brn
|
|-heal|p2a: Rotom|57/100|[from] item: Leftovers
|-damage|p1a: Garchomp|94/100 brn|[from] brn
|upkeep
|turn|26
|
|t:|1779811349
|move|p1a: Garchomp|Dragon Claw|p2a: Rotom
|-damage|p2a: Rotom|34/100
|move|p2a: Rotom|Pain Split|p1a: Garchomp
|-sethp|p1a: Garchomp|62/100 brn|[from] move: Pain Split|[silent]
|-sethp|p2a: Rotom|73/100|[from] move: Pain Split
|
|-heal|p2a: Rotom|79/100|[from] item: Leftovers
|-damage|p1a: Garchomp|56/100 brn|[from] brn
|upkeep
|turn|27
|
|t:|1779811359
|move|p1a: Garchomp|Dragon Claw|p2a: Rotom
|-damage|p2a: Rotom|57/100
|move|p2a: Rotom|Hydro Pump|p1a: Garchomp
|-damage|p1a: Garchomp|0 fnt
|faint|p1a: Garchomp
|
|-heal|p2a: Rotom|63/100|[from] item: Leftovers
|upkeep
|
|t:|1779811365
|switch|p1a: Greninja|Greninja, F|34/100
|turn|28
|
|t:|1779811370
|move|p1a: Greninja|Sludge Wave|p2a: Rotom
|-start|p1a: Greninja|typechange|Poison|[from] ability: Protean
|-damage|p2a: Rotom|0 fnt
|faint|p2a: Rotom
|
|upkeep
|
|t:|1779811377
|switch|p2a: Oricorio|Oricorio-Pom-Pom, F|100/100
|turn|29
|
|t:|1779811399
|switch|p1a: Corviknight|Corviknight, F|100/100
|move|p2a: Oricorio|Quiver Dance|p2a: Oricorio
|-boost|p2a: Oricorio|spa|1
|-boost|p2a: Oricorio|spd|1
|-boost|p2a: Oricorio|spe|1
|
|upkeep
|turn|30
|
|t:|1779811411
|move|p2a: Oricorio|Taunt|p1a: Corviknight
|-start|p1a: Corviknight|move: Taunt
|move|p1a: Corviknight|Body Press|p2a: Oricorio
|-resisted|p2a: Oricorio
|-damage|p2a: Oricorio|91/100
|
|upkeep
|turn|31
|
|t:|1779811420
|move|p2a: Oricorio|Air Slash|p1a: Corviknight
|-resisted|p1a: Corviknight
|-damage|p1a: Corviknight|86/100
|cant|p1a: Corviknight|flinch
|
|upkeep
|turn|32
|
|t:|1779811428
|move|p2a: Oricorio|Quiver Dance|p2a: Oricorio
|-boost|p2a: Oricorio|spa|1
|-boost|p2a: Oricorio|spd|1
|-boost|p2a: Oricorio|spe|1
|move|p1a: Corviknight|Body Press|p2a: Oricorio
|-resisted|p2a: Oricorio
|-damage|p2a: Oricorio|83/100
|
|-end|p1a: Corviknight|move: Taunt
|upkeep
|turn|33
|
|t:|1779811452
|move|p2a: Oricorio|Air Slash|p1a: Corviknight
|-resisted|p1a: Corviknight
|-damage|p1a: Corviknight|69/100
|cant|p1a: Corviknight|flinch
|
|upkeep
|turn|34
|
|t:|1779811459
|move|p2a: Oricorio|Air Slash|p1a: Corviknight
|-resisted|p1a: Corviknight
|-damage|p1a: Corviknight|52/100
|cant|p1a: Corviknight|flinch
|
|upkeep
|turn|35
|
|t:|1779811466
|move|p2a: Oricorio|Air Slash|p1a: Corviknight
|-resisted|p1a: Corviknight
|-damage|p1a: Corviknight|35/100
|move|p1a: Corviknight|Roost|p1a: Corviknight
|-heal|p1a: Corviknight|85/100
|-singleturn|p1a: Corviknight|move: Roost
|
|upkeep
|turn|36
|
|t:|1779811475
|move|p2a: Oricorio|Taunt|p1a: Corviknight
|-start|p1a: Corviknight|move: Taunt
|move|p1a: Corviknight|Body Press|p2a: Oricorio
|-resisted|p2a: Oricorio
|-damage|p2a: Oricorio|75/100
|
|upkeep
|turn|37
|
|t:|1779811483
|switch|p2a: Skeledirge|Skeledirge, F, shiny|100/100
|move|p1a: Corviknight|Body Press|p2a: Skeledirge
|-immune|p2a: Skeledirge
|
|upkeep
|turn|38
|
|t:|1779811492
|switch|p1a: Greninja|Greninja, F|34/100
|move|p2a: Skeledirge|Torch Song|p1a: Greninja
|-resisted|p1a: Greninja
|-damage|p1a: Greninja|0 fnt
|-boost|p2a: Skeledirge|spa|1
|faint|p1a: Greninja
|
|upkeep
|-message|adeedt forfeited.
|
|win|SpinnMaster65
|raw|adeedt's rating: 1145 &rarr; <strong>1118</strong><br />(-27 for losing)
|raw|SpinnMaster65's rating: 1119 &rarr; <strong>1146</strong><br />(+27 for winning)
|l|‽adeedt
|player|p1|
|l|☆SpinnMaster65
|player|p2|
