|j|☆tommytt22
|j|☆Phrostie
|t:|1779858545
|gametype|singles
|player|p1|tommytt22|drayden|1502
|player|p2|Phrostie|grimsley-masters|1441
|gen|9
|tier|[Gen 9] OU
|rated|
|rule|HP Percentage Mod: HP is shown in percentages
|rule|Endless Battle Clause: Forcing endless battles is banned
|rule|Species Clause: Limit one of each Pokémon
|rule|OHKO Clause: OHKO moves are banned
|rule|Evasion Items Clause: Evasion items are banned
|rule|Evasion Moves Clause: Evasion moves are banned
|rule|Evasion Abilities Clause: Evasion abilities are banned
|rule|Sleep Moves Clause: Sleep-inducing moves are banned
|clearpoke
|poke|p1|Iron Treads|
|poke|p1|Iron Leaves|
|poke|p1|Iron Hands|
|poke|p1|Iron Valiant|
|poke|p1|Zamazenta-*|
|poke|p1|Cinderace, M|
|poke|p2|Dragonite, F|
|poke|p2|Samurott-Hisui, F|
|poke|p2|Gholdengo|
|poke|p2|Iron Crown|
|poke|p2|Walking Wake|
|poke|p2|Ting-Lu|
|teampreview
|
|t:|1779858584
|teamsize|p1|6
|teamsize|p2|6
|start
|switch|p1a: Iron Treads|Iron Treads|100/100
|switch|p2a: Walking Wake|Walking Wake|100/100
|turn|1
|inactive|Battle timer is ON: inactive players will automatically lose when time's up. (requested by tommytt22)
|inactive|tommytt22 has 120 seconds left.
|
|t:|1779858619
|-end|p1a: Iron Treads|Quark Drive|[silent]
|switch|p1a: Iron Leaves|Iron Leaves|100/100
|move|p2a: Walking Wake|Surf|p1a: Iron Leaves
|-resisted|p1a: Iron Leaves
|-damage|p1a: Iron Leaves|80/100
|
|upkeep
|turn|2
|
|t:|1779858647
|-end|p1a: Iron Leaves|Quark Drive|[silent]
|switch|p1a: Iron Treads|Iron Treads|100/100
|move|p2a: Walking Wake|Flip Turn|p1a: Iron Treads
|-supereffective|p1a: Iron Treads
|-damage|p1a: Iron Treads|77/100
|inactive|Phrostie has 120 seconds left.
|
|t:|1779858659
|-end|p2a: Walking Wake|Protosynthesis|[silent]
|switch|p2a: Ting-Lu|Ting-Lu|100/100|[from] Flip Turn
|-ability|p2a: Ting-Lu|Vessel of Ruin
|
|upkeep
|turn|3
|
|t:|1779858665
|move|p1a: Iron Treads|Electric Terrain|p1a: Iron Treads
|-fieldstart|move: Electric Terrain
|-activate|p1a: Iron Treads|ability: Quark Drive
|-start|p1a: Iron Treads|quarkdrivespe
|move|p2a: Ting-Lu|Earthquake|p1a: Iron Treads
|-supereffective|p1a: Iron Treads
|-damage|p1a: Iron Treads|19/100
|
|upkeep
|turn|4
|inactive|Phrostie has 120 seconds left.
|
|t:|1779858689
|-end|p1a: Iron Treads|Quark Drive|[silent]
|switch|p1a: Iron Leaves|Iron Leaves|80/100
|-activate|p1a: Iron Leaves|ability: Quark Drive
|-start|p1a: Iron Leaves|quarkdrivespe
|move|p2a: Ting-Lu|Earthquake|p1a: Iron Leaves
|-resisted|p1a: Iron Leaves
|-damage|p1a: Iron Leaves|60/100
|
|upkeep
|turn|5
|
|t:|1779858696
|switch|p2a: Iron Crown|Iron Crown|100/100
|-activate|p2a: Iron Crown|ability: Quark Drive
|-start|p2a: Iron Crown|quarkdrivespe
|move|p1a: Iron Leaves|Leaf Blade|p2a: Iron Crown
|-resisted|p2a: Iron Crown
|-damage|p2a: Iron Crown|79/100
|
|upkeep
|turn|6
|inactive|Phrostie has 120 seconds left.
|
|t:|1779858719
|move|p1a: Iron Leaves|Swords Dance|p1a: Iron Leaves
|-boost|p1a: Iron Leaves|atk|2
|move|p2a: Iron Crown|Tachyon Cutter|p1a: Iron Leaves
|-damage|p1a: Iron Leaves|38/100
|-damage|p1a: Iron Leaves|16/100
|-hitcount|p1a: Iron Leaves|2
|
|upkeep
|turn|7
|inactive|Phrostie has 120 seconds left.
|
|t:|1779858726
|move|p1a: Iron Leaves|Close Combat|p2a: Iron Crown
|-damage|p2a: Iron Crown|0 fnt
|-unboost|p1a: Iron Leaves|def|1
|-unboost|p1a: Iron Leaves|spd|1
|faint|p2a: Iron Crown
|-end|p2a: Iron Crown|Quark Drive|[silent]
|
|upkeep
|
|t:|1779858730
|switch|p2a: Dragonite|Dragonite, F|100/100
|turn|8
|
|t:|1779858734
|move|p2a: Dragonite|Extreme Speed|p1a: Iron Leaves
|-damage|p1a: Iron Leaves|0 fnt
|faint|p1a: Iron Leaves
|-end|p1a: Iron Leaves|Quark Drive|[silent]
|
|upkeep
|
|t:|1779858747
|switch|p1a: Iron Hands|Iron Hands|100/100
|-activate|p1a: Iron Hands|ability: Quark Drive
|-start|p1a: Iron Hands|quarkdriveatk
|turn|9
|
|t:|1779858777
|move|p2a: Dragonite|Extreme Speed|p1a: Iron Hands
|-damage|p1a: Iron Hands|82/100
|move|p1a: Iron Hands|Ice Punch|p2a: Dragonite
|-supereffective|p2a: Dragonite
|-damage|p2a: Dragonite|32/100
|
|-heal|p1a: Iron Hands|88/100|[from] item: Leftovers
|upkeep
|turn|10
|inactive|Phrostie has 120 seconds left.
|
|t:|1779858812
|move|p2a: Dragonite|Extreme Speed|p1a: Iron Hands
|-damage|p1a: Iron Hands|67/100
|move|p1a: Iron Hands|Swords Dance|p1a: Iron Hands
|-boost|p1a: Iron Hands|atk|2
|
|-heal|p1a: Iron Hands|73/100|[from] item: Leftovers
|-fieldend|move: Electric Terrain
|-end|p1a: Iron Hands|Quark Drive
|upkeep
|turn|11
|
|t:|1779858818
|move|p2a: Dragonite|Extreme Speed|p1a: Iron Hands
|-damage|p1a: Iron Hands|52/100
|move|p1a: Iron Hands|Drain Punch|p2a: Dragonite
|-resisted|p2a: Dragonite
|-damage|p2a: Dragonite|0 fnt
|-heal|p1a: Iron Hands|65/100|[from] drain|[of] p2a: Dragonite
|faint|p2a: Dragonite
|
|-heal|p1a: Iron Hands|71/100|[from] item: Leftovers
|upkeep
|
|t:|1779858822
|switch|p2a: Walking Wake|Walking Wake|100/100
|turn|12
|
|t:|1779858845
|move|p2a: Walking Wake|Draco Meteor|p1a: Iron Hands
|-damage|p1a: Iron Hands|3/100
|-unboost|p2a: Walking Wake|spa|2
|move|p1a: Iron Hands|Drain Punch|p2a: Walking Wake
|-damage|p2a: Walking Wake|7/100
|-heal|p1a: Iron Hands|36/100|[from] drain|[of] p2a: Walking Wake
|
|-heal|p1a: Iron Hands|42/100|[from] item: Leftovers
|upkeep
|turn|13
|
|t:|1779858855
|move|p2a: Walking Wake|Draco Meteor|p1a: Iron Hands
|-damage|p1a: Iron Hands|12/100
|-unboost|p2a: Walking Wake|spa|2
|move|p1a: Iron Hands|Thunder Punch|p2a: Walking Wake
|-damage|p2a: Walking Wake|0 fnt
|faint|p2a: Walking Wake
|-end|p2a: Walking Wake|Protosynthesis|[silent]
|
|-heal|p1a: Iron Hands|18/100|[from] item: Leftovers
|upkeep
|
|t:|1779858857
|switch|p2a: Gholdengo|Gholdengo|100/100
|turn|14
|
|t:|1779858860
|move|p2a: Gholdengo|Shadow Ball|p1a: Iron Hands
|-damage|p1a: Iron Hands|0 fnt
|faint|p1a: Iron Hands
|-end|p1a: Iron Hands|Quark Drive|[silent]
|
|upkeep
|
|t:|1779858869
|switch|p1a: Cinderace|Cinderace, M|100/100
|turn|15
|
|t:|1779858876
|switch|p2a: Ting-Lu|Ting-Lu|100/100
|-ability|p2a: Ting-Lu|Vessel of Ruin
|move|p1a: Cinderace|Will-O-Wisp|p2a: Ting-Lu
|-status|p2a: Ting-Lu|brn
|
|-damage|p2a: Ting-Lu|94/100 brn|[from] brn
|upkeep
|turn|16
|
|t:|1779858884
|move|p1a: Cinderace|U-turn|p2a: Ting-Lu
|-supereffective|p2a: Ting-Lu
|-damage|p2a: Ting-Lu|74/100 brn
|
|t:|1779858890
|switch|p1a: Zamazenta|Zamazenta|100/100|[from] U-turn
|-ability|p1a: Zamazenta|Dauntless Shield|boost
|-boost|p1a: Zamazenta|def|1
|move|p2a: Ting-Lu|Ruination|p1a: Zamazenta
|-damage|p1a: Zamazenta|51/100
|
|-heal|p2a: Ting-Lu|80/100 brn|[from] item: Leftovers
|-damage|p2a: Ting-Lu|74/100 brn|[from] brn
|upkeep
|turn|17
|
|t:|1779858896
|move|p1a: Zamazenta|Close Combat|p2a: Ting-Lu
|-supereffective|p2a: Ting-Lu
|-damage|p2a: Ting-Lu|14/100 brn
|-unboost|p1a: Zamazenta|def|1
|-unboost|p1a: Zamazenta|spd|1
|move|p2a: Ting-Lu|Whirlwind|p1a: Zamazenta
|drag|p1a: Iron Valiant|Iron Valiant|100/100
|
|-heal|p2a: Ting-Lu|20/100 brn|[from] item: Leftovers
|-damage|p2a: Ting-Lu|14/100 brn|[from] brn
|upkeep
|turn|18
|
|t:|1779858905
|-end|p1a: Iron Valiant|Quark Drive|[silent]
|switch|p1a: Iron Treads|Iron Treads|19/100
|move|p2a: Ting-Lu|Ruination|p1a: Iron Treads|[miss]
|-miss|p2a: Ting-Lu|p1a: Iron Treads
|
|-heal|p2a: Ting-Lu|20/100 brn|[from] item: Leftovers
|-damage|p2a: Ting-Lu|14/100 brn|[from] brn
|upkeep
|turn|19
|
|t:|1779858913
|move|p1a: Iron Treads|Electric Terrain|p1a: Iron Treads
|-fieldstart|move: Electric Terrain
|-activate|p1a: Iron Treads|ability: Quark Drive
|-start|p1a: Iron Treads|quarkdrivespe
|move|p2a: Ting-Lu|Earthquake|p1a: Iron Treads
|-supereffective|p1a: Iron Treads
|-damage|p1a: Iron Treads|0 fnt
|faint|p1a: Iron Treads
|-end|p1a: Iron Treads|Quark Drive|[silent]
|
|-heal|p2a: Ting-Lu|20/100 brn|[from] item: Leftovers
|-damage|p2a: Ting-Lu|14/100 brn|[from] brn
|upkeep
|
|t:|1779858932
|switch|p1a: Zamazenta|Zamazenta|51/100
|turn|20
|
|t:|1779858937
|move|p1a: Zamazenta|Close Combat|p2a: Ting-Lu
|-supereffective|p2a: Ting-Lu
|-damage|p2a: Ting-Lu|0 fnt
|-unboost|p1a: Zamazenta|def|1
|-unboost|p1a: Zamazenta|spd|1
|faint|p2a: Ting-Lu
|
|upkeep
|
|t:|1779858943
|switch|p2a: Gholdengo|Gholdengo|100/100
|turn|21
|
|t:|1779858947
|move|p2a: Gholdengo|Shadow Ball|p1a: Zamazenta
|-damage|p1a: Zamazenta|0 fnt
|faint|p1a: Zamazenta
|
|upkeep
|
|t:|1779858950
|switch|p1a: Cinderace|Cinderace, M|100/100
|turn|22
|inactive|Phrostie has 120 seconds left.
|
|t:|1779859000
|move|p2a: Gholdengo|Shadow Ball|p1a: Cinderace
|-damage|p1a: Cinderace|54/100
|move|p1a: Cinderace|U-turn|p2a: Gholdengo
|-resisted|p2a: Gholdengo
|-damage|p2a: Gholdengo|95/100
|
|t:|1779859015
|switch|p1a: Iron Valiant|Iron Valiant|100/100|[from] U-turn
|-activate|p1a: Iron Valiant|ability: Quark Drive
|-start|p1a: Iron Valiant|quarkdrivespe
|
|upkeep
|turn|23
|
|t:|1779859023
|move|p1a: Iron Valiant|Calm Mind|p1a: Iron Valiant
|-boost|p1a: Iron Valiant|spa|1
|-boost|p1a: Iron Valiant|spd|1
|move|p2a: Gholdengo|Shadow Ball|p1a: Iron Valiant
|-crit|p1a: Iron Valiant
|-damage|p1a: Iron Valiant|0 fnt
|faint|p1a: Iron Valiant
|-end|p1a: Iron Valiant|Quark Drive|[silent]
|
|upkeep
|c|☆tommytt22|Aight GG
|c|☆Phrostie|gg
|-message|tommytt22 forfeited.
|
|win|Phrostie
|raw|tommytt22's rating: 1502 &rarr; <strong>1479</strong><br />(-23 for losing)
|raw|Phrostie's rating: 1441 &rarr; <strong>1464</strong><br />(+23 for winning)
|l|☆tommytt22
|player|p1|
|l|☆Phrostie
|player|p2|
