|j|☆capedknight69
|j|☆Lelouch101322
|t:|1779954790
|gametype|singles
|player|p1|capedknight69|hilbert|
|player|p2|Lelouch101322|riley|
|gen|9
|tier|[Gen 9] OU
|rule|HP Percentage Mod: HP is shown in percentages
|rule|Endless Battle Clause: Forcing endless battles is banned
|rule|Species Clause: Limit one of each Pokémon
|rule|OHKO Clause: OHKO moves are banned
|rule|Evasion Items Clause: Evasion items are banned
|rule|Evasion Moves Clause: Evasion moves are banned
|rule|Evasion Abilities Clause: Evasion abilities are banned
|rule|Sleep Moves Clause: Sleep-inducing moves are banned
|clearpoke
|poke|p1|Kyurem|
|poke|p1|Garchomp, F|
|poke|p1|Dragapult, F|
|poke|p1|Thundurus, M|
|poke|p1|Gyarados, F|
|poke|p1|Skeledirge, M|
|poke|p2|Ceruledge, M|
|poke|p2|Landorus-Therian, M|
|poke|p2|Corviknight, F|
|poke|p2|Samurott-Hisui, F|
|poke|p2|Gliscor, F|
|poke|p2|Mew|
|teampreview
|
|t:|1779954795
|teamsize|p1|6
|teamsize|p2|6
|start
|switch|p1a: Gyarados|Gyarados, F|100/100
|switch|p2a: Mew|Mew|100/100
|-ability|p1a: Gyarados|Intimidate|boost
|-unboost|p2a: Mew|atk|1
|turn|1
|
|t:|1779954808
|move|p1a: Gyarados|Scald|p2a: Mew
|-damage|p2a: Mew|84/100
|move|p2a: Mew|Imprison|p2a: Mew
|-start|p2a: Mew|move: Imprison
|
|upkeep
|turn|2
|
|t:|1779954816
|move|p1a: Gyarados|Scald|p2a: Mew
|-damage|p2a: Mew|68/100
|-status|p2a: Mew|brn
|-activate|p2a: Mew|ability: Synchronize
|-status|p1a: Gyarados|brn
|move|p2a: Mew|Transform|p1a: Gyarados
|-transform|p2a: Mew|p1a: Gyarados
|-ability|p2a: Mew|Intimidate|boost
|-unboost|p1a: Gyarados|atk|1
|
|-damage|p1a: Gyarados|94/100 brn|[from] brn
|-damage|p2a: Mew|62/100 brn|[from] brn
|upkeep
|turn|3
|
|t:|1779954831
|-activate|p1a: Gyarados|move: Struggle
|move|p1a: Gyarados|Struggle|p2a: Mew
|-damage|p2a: Mew|57/100 brn
|-damage|p1a: Gyarados|69/100 brn|[from] recoil
|move|p2a: Mew|Hydro Pump|p1a: Gyarados|[miss]
|-miss|p2a: Mew|p1a: Gyarados
|
|-heal|p1a: Gyarados|75/100 brn|[from] item: Leftovers
|-damage|p1a: Gyarados|69/100 brn|[from] brn
|-damage|p2a: Mew|51/100 brn|[from] brn
|upkeep
|turn|4
|
|t:|1779954844
|-activate|p1a: Gyarados|move: Struggle
|move|p1a: Gyarados|Struggle|p2a: Mew
|-damage|p2a: Mew|46/100 brn
|-damage|p1a: Gyarados|44/100 brn|[from] recoil
|move|p2a: Mew|Surf|p1a: Gyarados
|-resisted|p1a: Gyarados
|-damage|p1a: Gyarados|35/100 brn
|
|-heal|p1a: Gyarados|41/100 brn|[from] item: Leftovers
|-damage|p1a: Gyarados|35/100 brn|[from] brn
|-damage|p2a: Mew|40/100 brn|[from] brn
|upkeep
|turn|5
|
|t:|1779954874
|move|p2a: Mew|Hydro Pump|p1a: Gyarados|[miss]
|-miss|p2a: Mew|p1a: Gyarados
|-activate|p1a: Gyarados|move: Struggle
|move|p1a: Gyarados|Struggle|p2a: Mew
|-damage|p2a: Mew|35/100 brn
|-damage|p1a: Gyarados|9/100 brn|[from] recoil
|
|-heal|p1a: Gyarados|15/100 brn|[from] item: Leftovers
|-damage|p2a: Mew|29/100 brn|[from] brn
|-damage|p1a: Gyarados|9/100 brn|[from] brn
|upkeep
|turn|6
|
|t:|1779954887
|switch|p1a: Kyurem|Kyurem|100/100
|-ability|p1a: Kyurem|Pressure
|move|p2a: Mew|Hydro Pump|p1a: Kyurem
|-resisted|p1a: Kyurem
|-damage|p1a: Kyurem|88/100
|
|-heal|p1a: Kyurem|94/100|[from] item: Leftovers
|-damage|p2a: Mew|23/100 brn|[from] brn
|upkeep
|turn|7
|
|t:|1779954907
|switch|p2a: Landorus|Landorus-Therian, M|100/100
|-ability|p2a: Landorus|Intimidate|boost
|-unboost|p1a: Kyurem|atk|1
|move|p1a: Kyurem|Draco Meteor|p2a: Landorus
|-damage|p2a: Landorus|31/100
|-unboost|p1a: Kyurem|spa|2
|
|-heal|p1a: Kyurem|100/100|[from] item: Leftovers
|upkeep
|turn|8
|
|t:|1779954920
|move|p1a: Kyurem|Blizzard|p2a: Landorus
|-supereffective|p2a: Landorus
|-damage|p2a: Landorus|0 fnt
|faint|p2a: Landorus
|
|upkeep
|
|t:|1779954927
|switch|p2a: Gliscor|Gliscor, F, shiny|100/100
|turn|9
|
|t:|1779954936
|move|p1a: Kyurem|Ice Beam|p2a: Gliscor
|-supereffective|p2a: Gliscor
|-damage|p2a: Gliscor|0 fnt
|faint|p2a: Gliscor
|
|upkeep
|
|t:|1779954942
|switch|p2a: Corviknight|Corviknight, F|100/100
|turn|10
|
|t:|1779954950
|move|p1a: Kyurem|Ice Beam|p2a: Corviknight
|-damage|p2a: Corviknight|79/100
|-status|p2a: Corviknight|frz
|-curestatus|p2a: Corviknight|frz|[msg]
|move|p2a: Corviknight|Steel Wing|p1a: Kyurem
|-supereffective|p1a: Kyurem
|-damage|p1a: Kyurem|66/100
|
|-heal|p1a: Kyurem|72/100|[from] item: Leftovers
|upkeep
|turn|11
|
|t:|1779954964
|move|p1a: Kyurem|Draco Meteor|p2a: Corviknight
|-resisted|p2a: Corviknight
|-damage|p2a: Corviknight|66/100
|-unboost|p1a: Kyurem|spa|2
|move|p2a: Corviknight|Roost|p2a: Corviknight
|-heal|p2a: Corviknight|100/100
|-singleturn|p2a: Corviknight|move: Roost
|
|-heal|p1a: Kyurem|79/100|[from] item: Leftovers
|upkeep
|turn|12
|
|t:|1779954979
|switch|p1a: Skeledirge|Skeledirge, M|100/100
|move|p2a: Corviknight|Steel Wing|p1a: Skeledirge
|-resisted|p1a: Skeledirge
|-damage|p1a: Skeledirge|90/100
|
|-heal|p1a: Skeledirge|96/100|[from] item: Leftovers
|upkeep
|turn|13
|
|t:|1779954993
|switch|p2a: Samurott|Samurott-Hisui, F|100/100
|move|p1a: Skeledirge|Protect||[still]
|-fail|p1a: Skeledirge
|
|-heal|p1a: Skeledirge|100/100|[from] item: Leftovers
|upkeep
|turn|14
|
|t:|1779955006
|switch|p1a: Thundurus|Thundurus, M|100/100
|move|p2a: Samurott|Dark Pulse|p1a: Thundurus
|-damage|p1a: Thundurus|65/100
|
|-heal|p1a: Thundurus|71/100|[from] item: Leftovers
|upkeep
|turn|15
|
|t:|1779955023
|move|p1a: Thundurus|Wildbolt Storm|p2a: Samurott
|-supereffective|p2a: Samurott
|-damage|p2a: Samurott|0 fnt
|faint|p2a: Samurott
|
|-heal|p1a: Thundurus|78/100|[from] item: Leftovers
|upkeep
|
|t:|1779955032
|switch|p2a: Ceruledge|Ceruledge, M|100/100
|turn|16
|
|t:|1779955043
|move|p2a: Ceruledge|Destiny Bond|p2a: Ceruledge
|-singlemove|p2a: Ceruledge|Destiny Bond
|move|p1a: Thundurus|Substitute|p1a: Thundurus
|-start|p1a: Thundurus|Substitute
|-damage|p1a: Thundurus|53/100
|
|-heal|p1a: Thundurus|59/100|[from] item: Leftovers
|upkeep
|turn|17
|
|t:|1779955054
|switch|p1a: Skeledirge|Skeledirge, M|100/100
|move|p2a: Ceruledge|Destiny Bond||[still]
|-fail|p2a: Ceruledge
|
|upkeep
|turn|18
|
|t:|1779955064
|move|p2a: Ceruledge|Destiny Bond|p2a: Ceruledge
|-singlemove|p2a: Ceruledge|Destiny Bond
|move|p1a: Skeledirge|Crunch|p2a: Ceruledge
|-supereffective|p2a: Ceruledge
|-damage|p2a: Ceruledge|58/100
|
|upkeep
|turn|19
|
|t:|1779955071
|move|p2a: Ceruledge|Destiny Bond||[still]
|-fail|p2a: Ceruledge
|move|p1a: Skeledirge|Crunch|p2a: Ceruledge
|-supereffective|p2a: Ceruledge
|-damage|p2a: Ceruledge|17/100
|-unboost|p2a: Ceruledge|def|1
|
|upkeep
|turn|20
|
|t:|1779955079
|move|p2a: Ceruledge|Destiny Bond|p2a: Ceruledge
|-singlemove|p2a: Ceruledge|Destiny Bond
|move|p1a: Skeledirge|Crunch|p2a: Ceruledge
|-supereffective|p2a: Ceruledge
|-damage|p2a: Ceruledge|0 fnt
|faint|p2a: Ceruledge
|-activate|p2a: Ceruledge|move: Destiny Bond
|faint|p1a: Skeledirge
|
|upkeep
|
|t:|1779955093
|switch|p2a: Corviknight|Corviknight, F|100/100
|switch|p1a: Thundurus|Thundurus, M|59/100
|turn|21
|
|t:|1779955099
|move|p1a: Thundurus|Thunderbolt|p2a: Corviknight
|-supereffective|p2a: Corviknight
|-damage|p2a: Corviknight|20/100
|move|p2a: Corviknight|Body Press|p1a: Thundurus
|-resisted|p1a: Thundurus
|-damage|p1a: Thundurus|45/100
|
|-heal|p1a: Thundurus|51/100|[from] item: Leftovers
|upkeep
|turn|22
|
|t:|1779955110
|move|p1a: Thundurus|Thunderbolt|p2a: Corviknight
|-supereffective|p2a: Corviknight
|-damage|p2a: Corviknight|0 fnt
|faint|p2a: Corviknight
|
|-heal|p1a: Thundurus|57/100|[from] item: Leftovers
|upkeep
|
|t:|1779955119
|switch|p2a: Mew|Mew|23/100 brn
|turn|23
|
|t:|1779955124
|move|p1a: Thundurus|Protect|p1a: Thundurus
|-singleturn|p1a: Thundurus|Protect
|move|p2a: Mew|Ice Beam|p1a: Thundurus
|-activate|p1a: Thundurus|move: Protect
|
|-heal|p1a: Thundurus|63/100|[from] item: Leftovers
|-damage|p2a: Mew|16/100 brn|[from] brn
|upkeep
|turn|24
|
|t:|1779955136
|switch|p1a: Garchomp|Garchomp, F|100/100
|move|p2a: Mew|Earthquake|p1a: Garchomp
|-damage|p1a: Garchomp|89/100
|
|-damage|p2a: Mew|10/100 brn|[from] brn
|upkeep
|turn|25
|
|t:|1779955148
|move|p1a: Garchomp|Fire Blast|p2a: Mew
|-damage|p2a: Mew|0 fnt
|faint|p2a: Mew
|
|win|capedknight69
|l|☆Lelouch101322
|player|p2|
