|j|☆metallettuce52
|j|☆claudechamp
|t:|1779820145
|gametype|singles
|player|p1|metallettuce52|elesa|1164
|player|p2|claudechamp|265|1202
|gen|9
|tier|[Gen 9] OU
|rated|
|rule|HP Percentage Mod: HP is shown in percentages
|rule|Endless Battle Clause: Forcing endless battles is banned
|rule|Species Clause: Limit one of each Pokémon
|rule|OHKO Clause: OHKO moves are banned
|rule|Evasion Items Clause: Evasion items are banned
|rule|Evasion Moves Clause: Evasion moves are banned
|rule|Evasion Abilities Clause: Evasion abilities are banned
|rule|Sleep Moves Clause: Sleep-inducing moves are banned
|clearpoke
|poke|p1|Oricorio-Sensu, M|
|poke|p1|Alomomola, F|
|poke|p1|Glimmora, M|
|poke|p1|Meowscarada, M|
|poke|p1|Cloyster, M|
|poke|p1|Arcanine-Hisui, M|
|poke|p2|Gliscor, F|
|poke|p2|Gholdengo|
|poke|p2|Zamazenta-*|
|poke|p2|Blissey, F|
|poke|p2|Skarmory, F|
|poke|p2|Pecharunt|
|teampreview
|inactive|Battle timer is ON: inactive players will automatically lose when time's up. (requested by metallettuce52)
|c|☆claudechamp|hf
|
|t:|1779820153
|teamsize|p1|6
|teamsize|p2|6
|start
|switch|p1a: Asmongold|Glimmora, M|100/100
|switch|p2a: Skarmory|Skarmory, F|100/100
|turn|1
|inactive|claudechamp also wants the timer to be on.
|
|t:|1779820171
|move|p1a: Asmongold|Stealth Rock|p2a: Skarmory
|-sidestart|p2: claudechamp|move: Stealth Rock
|move|p2a: Skarmory|Spikes|p1a: Asmongold
|-sidestart|p1: metallettuce52|Spikes
|
|upkeep
|turn|2
|
|t:|1779820188
|move|p1a: Asmongold|Power Gem|p2a: Skarmory
|-crit|p2a: Skarmory
|-damage|p2a: Skarmory|20/100
|move|p2a: Skarmory|Spikes|p1a: Asmongold
|-sidestart|p1: metallettuce52|Spikes
|
|upkeep
|turn|3
|
|t:|1779820205
|switch|p2a: Gliscor|Gliscor, F|100/100
|-damage|p2a: Gliscor|88/100|[from] Stealth Rock
|move|p1a: Asmongold|Power Gem|p2a: Gliscor
|-damage|p2a: Gliscor|51/100
|
|-status|p2a: Gliscor|tox|[from] item: Toxic Orb
|upkeep
|turn|4
|c|☆metallettuce52|what does hf mean
|inactive|claudechamp has 120 seconds left.
|
|t:|1779820223
|move|p1a: Asmongold|Mortal Spin|p2a: Gliscor
|-resisted|p2a: Gliscor
|-damage|p2a: Gliscor|49/100 tox
|-sideend|p1: metallettuce52|Spikes|[from] move: Mortal Spin|[of] p1a: Asmongold
|move|p2a: Gliscor|Earthquake|p1a: Asmongold
|-supereffective|p1a: Asmongold
|-enditem|p1a: Asmongold|Focus Sash
|-damage|p1a: Asmongold|1/100
|-activate|p1a: Asmongold|ability: Toxic Debris
|-sidestart|p2: claudechamp|move: Toxic Spikes
|
|-heal|p2a: Gliscor|61/100 tox|[from] ability: Poison Heal
|upkeep
|turn|5
|inactive|claudechamp has 120 seconds left.
|
|t:|1779820238
|move|p1a: Asmongold|Power Gem|p2a: Gliscor
|-damage|p2a: Gliscor|19/100 tox
|move|p2a: Gliscor|Swords Dance|p2a: Gliscor
|-boost|p2a: Gliscor|atk|2
|
|-heal|p2a: Gliscor|32/100 tox|[from] ability: Poison Heal
|upkeep
|turn|6
|
|t:|1779820249
|move|p2a: Gliscor|Protect|p2a: Gliscor
|-singleturn|p2a: Gliscor|Protect
|move|p1a: Asmongold|Power Gem|p2a: Gliscor
|-activate|p2a: Gliscor|move: Protect
|
|-heal|p2a: Gliscor|44/100 tox|[from] ability: Poison Heal
|upkeep
|turn|7
|
|t:|1779820259
|move|p1a: Asmongold|Power Gem|p2a: Gliscor
|-damage|p2a: Gliscor|6/100 tox
|move|p2a: Gliscor|Knock Off|p1a: Asmongold
|-damage|p1a: Asmongold|0 fnt
|-activate|p1a: Asmongold|ability: Toxic Debris
|-sidestart|p2: claudechamp|move: Toxic Spikes
|faint|p1a: Asmongold
|
|-heal|p2a: Gliscor|18/100 tox|[from] ability: Poison Heal
|upkeep
|
|t:|1779820273
|switch|p1a: Flesh|Cloyster, M|100/100
|turn|8
|
|t:|1779820296
|move|p1a: Flesh|Ice Shard|p2a: Gliscor
|-supereffective|p2a: Gliscor
|-damage|p2a: Gliscor|0 fnt
|faint|p2a: Gliscor
|
|upkeep
|
|t:|1779820300
|switch|p2a: Blissey|Blissey, F|100/100
|turn|9
|
|t:|1779820315
|move|p1a: Flesh|Shell Smash|p1a: Flesh
|-unboost|p1a: Flesh|def|1
|-unboost|p1a: Flesh|spd|1
|-boost|p1a: Flesh|atk|2
|-boost|p1a: Flesh|spa|2
|-boost|p1a: Flesh|spe|2
|-enditem|p1a: Flesh|White Herb
|-clearnegativeboost|p1a: Flesh|[silent]
|move|p2a: Blissey|Stealth Rock|p1a: Flesh
|-sidestart|p1: metallettuce52|move: Stealth Rock
|
|upkeep
|turn|10
|
|t:|1779820325
|switch|p2a: Zamazenta|Zamazenta|100/100
|-ability|p2a: Zamazenta|Dauntless Shield|boost
|-boost|p2a: Zamazenta|def|1
|move|p1a: Flesh|Icicle Spear|p2a: Zamazenta
|-damage|p2a: Zamazenta|87/100
|-damage|p2a: Zamazenta|72/100
|-damage|p2a: Zamazenta|58/100
|-damage|p2a: Zamazenta|43/100
|-damage|p2a: Zamazenta|29/100
|-hitcount|p2a: Zamazenta|5
|
|upkeep
|turn|11
|
|t:|1779820342
|-terastallize|p2a: Zamazenta|Ice
|move|p1a: Flesh|Icicle Spear|p2a: Zamazenta
|-resisted|p2a: Zamazenta
|-damage|p2a: Zamazenta|22/100
|-resisted|p2a: Zamazenta
|-damage|p2a: Zamazenta|15/100
|-resisted|p2a: Zamazenta
|-damage|p2a: Zamazenta|8/100
|-resisted|p2a: Zamazenta
|-damage|p2a: Zamazenta|1/100
|-resisted|p2a: Zamazenta
|-damage|p2a: Zamazenta|0 fnt
|faint|p2a: Zamazenta
|-hitcount|p2: Zamazenta|5
|
|upkeep
|
|t:|1779820355
|switch|p2a: Gholdengo|Gholdengo|100/100
|-damage|p2a: Gholdengo|94/100|[from] Stealth Rock
|turn|12
|
|t:|1779820367
|move|p1a: Flesh|Icicle Spear|p2a: Gholdengo
|-resisted|p2a: Gholdengo
|-damage|p2a: Gholdengo|87/100
|-resisted|p2a: Gholdengo
|-damage|p2a: Gholdengo|79/100
|-resisted|p2a: Gholdengo
|-damage|p2a: Gholdengo|70/100
|-resisted|p2a: Gholdengo
|-damage|p2a: Gholdengo|62/100
|-resisted|p2a: Gholdengo
|-damage|p2a: Gholdengo|53/100
|-hitcount|p2a: Gholdengo|5
|move|p2a: Gholdengo|Hex|p1a: Flesh
|-damage|p1a: Flesh|20/100
|
|upkeep
|turn|13
|
|t:|1779820382
|move|p1a: Flesh|Waterfall|p2a: Gholdengo
|-damage|p2a: Gholdengo|0 fnt
|faint|p2a: Gholdengo
|
|upkeep
|
|t:|1779820392
|switch|p2a: Pecharunt|Pecharunt|100/100
|-sideend|p2: claudechamp|move: Toxic Spikes|[of] p2a: Pecharunt
|turn|14
|
|t:|1779820404
|move|p1a: Flesh|Icicle Spear|p2a: Pecharunt
|-damage|p2a: Pecharunt|89/100
|-damage|p2a: Pecharunt|77/100
|-damage|p2a: Pecharunt|67/100
|-damage|p2a: Pecharunt|55/100
|-damage|p2a: Pecharunt|44/100
|-hitcount|p2a: Pecharunt|5
|move|p2a: Pecharunt|Shadow Ball|p1a: Flesh
|-damage|p1a: Flesh|0 fnt
|faint|p1a: Flesh
|
|upkeep
|
|t:|1779820417
|switch|p1a: The Bouncer|Meowscarada, M|100/100
|-damage|p1a: The Bouncer|88/100|[from] Stealth Rock
|turn|15
|
|t:|1779820426
|move|p1a: The Bouncer|Sucker Punch||[still]
|-fail|p1a: The Bouncer
|move|p2a: Pecharunt|Recover|p2a: Pecharunt
|-heal|p2a: Pecharunt|94/100
|
|upkeep
|turn|16
|
|t:|1779820435
|move|p1a: The Bouncer|Sucker Punch||[still]
|-fail|p1a: The Bouncer
|move|p2a: Pecharunt|Toxic|p1a: The Bouncer
|-status|p1a: The Bouncer|tox
|-start|p1a: The Bouncer|confusion|[from] ability: Poison Puppeteer|[of] p2a: Pecharunt
|
|-damage|p1a: The Bouncer|82/100 tox|[from] psn
|upkeep
|turn|17
|
|t:|1779820453
|switch|p2a: Skarmory|Skarmory, F|20/100
|-activate|p1a: The Bouncer|confusion
|move|p1a: The Bouncer|Sucker Punch||[still]
|-fail|p1a: The Bouncer
|
|-damage|p1a: The Bouncer|70/100 tox|[from] psn
|upkeep
|turn|18
|
|t:|1779820464
|switch|p1a: Fih|Alomomola, F|100/100
|-damage|p1a: Fih|88/100|[from] Stealth Rock
|move|p2a: Skarmory|Roost|p2a: Skarmory
|-heal|p2a: Skarmory|70/100
|-singleturn|p2a: Skarmory|move: Roost
|
|-heal|p1a: Fih|94/100|[from] item: Leftovers
|upkeep
|turn|19
|
|t:|1779820482
|move|p2a: Skarmory|Spikes|p1a: Fih
|-sidestart|p1: metallettuce52|Spikes
|move|p1a: Fih|Whirlpool|p2a: Skarmory
|-damage|p2a: Skarmory|62/100
|-activate|p2a: Skarmory|move: Whirlpool|[of] p1a: Fih
|
|-heal|p1a: Fih|100/100|[from] item: Leftovers
|-damage|p2a: Skarmory|50/100|[from] move: Whirlpool|[partiallytrapped]
|upkeep
|turn|20
|
|t:|1779820499
|move|p2a: Skarmory|Roost|p2a: Skarmory
|-heal|p2a: Skarmory|99/100
|-singleturn|p2a: Skarmory|move: Roost
|move|p1a: Fih|Aqua Ring|p1a: Fih
|-start|p1a: Fih|Aqua Ring
|
|-damage|p2a: Skarmory|88/100|[from] move: Whirlpool|[partiallytrapped]
|upkeep
|turn|21
|
|t:|1779820509
|move|p2a: Skarmory|Spikes|p1a: Fih
|-sidestart|p1: metallettuce52|Spikes
|move|p1a: Fih|Scald|p2a: Skarmory
|-damage|p2a: Skarmory|71/100
|
|-damage|p2a: Skarmory|58/100|[from] move: Whirlpool|[partiallytrapped]
|upkeep
|turn|22
|
|t:|1779820527
|move|p1a: Fih|Scald|p2a: Skarmory
|-damage|p2a: Skarmory|40/100
|-status|p2a: Skarmory|brn
|move|p2a: Skarmory|Whirlwind|p1a: Fih
|drag|p1a: Doug|Arcanine-Hisui, M|100/100
|-damage|p1a: Doug|75/100|[from] Stealth Rock
|-damage|p1a: Doug|59/100|[from] Spikes
|
|-damage|p2a: Skarmory|34/100 brn|[from] brn
|-end|p2a: Skarmory|Whirlpool|[partiallytrapped]|[silent]
|upkeep
|turn|23
|
|t:|1779820541
|move|p1a: Doug|Flare Blitz|p2a: Skarmory
|-supereffective|p2a: Skarmory
|-damage|p2a: Skarmory|0 fnt
|faint|p2a: Skarmory
|
|upkeep
|
|t:|1779820558
|switch|p2a: Pecharunt|Pecharunt|94/100
|turn|24
|
|t:|1779820576
|move|p1a: Doug|Flare Blitz|p2a: Pecharunt
|-damage|p2a: Pecharunt|52/100
|move|p2a: Pecharunt|Toxic|p1a: Doug
|-status|p1a: Doug|tox
|-start|p1a: Doug|confusion|[from] ability: Poison Puppeteer|[of] p2a: Pecharunt
|
|-damage|p1a: Doug|53/100 tox|[from] psn
|upkeep
|turn|25
|
|t:|1779820590
|-activate|p1a: Doug|confusion
|-damage|p1a: Doug|36/100 tox|[from] confusion
|move|p2a: Pecharunt|Recover|p2a: Pecharunt
|-heal|p2a: Pecharunt|100/100
|
|-damage|p1a: Doug|24/100 tox|[from] psn
|upkeep
|turn|26
|
|t:|1779820602
|-activate|p1a: Doug|confusion
|move|p1a: Doug|Flare Blitz|p2a: Pecharunt
|-damage|p2a: Pecharunt|58/100
|move|p2a: Pecharunt|Shadow Ball|p1a: Doug
|-damage|p1a: Doug|0 fnt
|faint|p1a: Doug
|
|upkeep
|
|t:|1779820610
|switch|p1a: Assreaper|Oricorio-Sensu, M|100/100
|-damage|p1a: Assreaper|76/100|[from] Stealth Rock
|turn|27
|
|t:|1779820619
|move|p1a: Assreaper|Revelation Dance|p2a: Pecharunt
|-supereffective|p2a: Pecharunt
|-damage|p2a: Pecharunt|0 fnt
|faint|p2a: Pecharunt
|
|upkeep
|
|t:|1779820627
|switch|p2a: Blissey|Blissey, F|100/100
|turn|28
|
|t:|1779820634
|move|p1a: Assreaper|Quiver Dance|p1a: Assreaper
|-boost|p1a: Assreaper|spa|1
|-boost|p1a: Assreaper|spd|1
|-boost|p1a: Assreaper|spe|1
|move|p2a: Blissey|Calm Mind|p2a: Blissey
|-boost|p2a: Blissey|spa|1
|-boost|p2a: Blissey|spd|1
|
|upkeep
|turn|29
|
|t:|1779820644
|move|p1a: Assreaper|Quiver Dance|p1a: Assreaper
|-boost|p1a: Assreaper|spa|1
|-boost|p1a: Assreaper|spd|1
|-boost|p1a: Assreaper|spe|1
|move|p2a: Blissey|Shadow Ball|p1a: Assreaper
|-supereffective|p1a: Assreaper
|-damage|p1a: Assreaper|49/100
|
|upkeep
|turn|30
|
|t:|1779820652
|move|p1a: Assreaper|Roost|p1a: Assreaper
|-heal|p1a: Assreaper|99/100
|-singleturn|p1a: Assreaper|move: Roost
|move|p2a: Blissey|Shadow Ball|p1a: Assreaper
|-supereffective|p1a: Assreaper
|-damage|p1a: Assreaper|69/100
|
|upkeep
|turn|31
|
|t:|1779820671
|move|p1a: Assreaper|Hurricane|p2a: Blissey|[miss]
|-miss|p1a: Assreaper|p2a: Blissey
|move|p2a: Blissey|Shadow Ball|p1a: Assreaper
|-supereffective|p1a: Assreaper
|-damage|p1a: Assreaper|39/100
|
|upkeep
|turn|32
|
|t:|1779820683
|move|p1a: Assreaper|Hurricane|p2a: Blissey
|-damage|p2a: Blissey|85/100
|move|p2a: Blissey|Shadow Ball|p1a: Assreaper
|-supereffective|p1a: Assreaper
|-damage|p1a: Assreaper|9/100
|
|upkeep
|turn|33
|
|t:|1779820695
|move|p1a: Assreaper|Roost|p1a: Assreaper
|-heal|p1a: Assreaper|59/100
|-singleturn|p1a: Assreaper|move: Roost
|move|p2a: Blissey|Calm Mind|p2a: Blissey
|-boost|p2a: Blissey|spa|1
|-boost|p2a: Blissey|spd|1
|
|upkeep
|turn|34
|
|t:|1779820708
|move|p1a: Assreaper|Hurricane|p2a: Blissey
|-damage|p2a: Blissey|74/100
|-start|p2a: Blissey|confusion
|-activate|p2a: Blissey|confusion
|move|p2a: Blissey|Shadow Ball|p1a: Assreaper
|-supereffective|p1a: Assreaper
|-damage|p1a: Assreaper|23/100
|
|upkeep
|turn|35
|
|t:|1779820717
|move|p1a: Assreaper|Roost|p1a: Assreaper
|-heal|p1a: Assreaper|73/100
|-singleturn|p1a: Assreaper|move: Roost
|-activate|p2a: Blissey|confusion
|-damage|p2a: Blissey|73/100|[from] confusion
|
|upkeep
|turn|36
|
|t:|1779820733
|move|p1a: Assreaper|Quiver Dance|p1a: Assreaper
|-boost|p1a: Assreaper|spa|1
|-boost|p1a: Assreaper|spd|1
|-boost|p1a: Assreaper|spe|1
|-end|p2a: Blissey|confusion
|move|p2a: Blissey|Calm Mind|p2a: Blissey
|-boost|p2a: Blissey|spa|1
|-boost|p2a: Blissey|spd|1
|
|upkeep
|turn|37
|
|t:|1779820747
|move|p1a: Assreaper|Quiver Dance|p1a: Assreaper
|-boost|p1a: Assreaper|spa|1
|-boost|p1a: Assreaper|spd|1
|-boost|p1a: Assreaper|spe|1
|move|p2a: Blissey|Shadow Ball|p1a: Assreaper
|-supereffective|p1a: Assreaper
|-damage|p1a: Assreaper|41/100
|
|upkeep
|turn|38
|
|t:|1779820756
|move|p1a: Assreaper|Hurricane|p2a: Blissey|[miss]
|-miss|p1a: Assreaper|p2a: Blissey
|move|p2a: Blissey|Shadow Ball|p1a: Assreaper
|-supereffective|p1a: Assreaper
|-damage|p1a: Assreaper|9/100
|
|upkeep
|turn|39
|
|t:|1779820776
|move|p1a: Assreaper|Roost|p1a: Assreaper
|-heal|p1a: Assreaper|59/100
|-singleturn|p1a: Assreaper|move: Roost
|move|p2a: Blissey|Calm Mind|p2a: Blissey
|-boost|p2a: Blissey|spa|1
|-boost|p2a: Blissey|spd|1
|
|upkeep
|turn|40
|
|t:|1779820787
|move|p1a: Assreaper|Hurricane|p2a: Blissey|[miss]
|-miss|p1a: Assreaper|p2a: Blissey
|move|p2a: Blissey|Shadow Ball|p1a: Assreaper
|-supereffective|p1a: Assreaper
|-damage|p1a: Assreaper|22/100
|
|upkeep
|turn|41
|
|t:|1779820803
|move|p1a: Assreaper|Roost|p1a: Assreaper
|-heal|p1a: Assreaper|72/100
|-singleturn|p1a: Assreaper|move: Roost
|move|p2a: Blissey|Shadow Ball|p1a: Assreaper
|-supereffective|p1a: Assreaper
|-crit|p1a: Assreaper
|-damage|p1a: Assreaper|0 fnt
|faint|p1a: Assreaper
|
|upkeep
|
|t:|1779820821
|switch|p1a: The Bouncer|Meowscarada, M|70/100 tox
|-damage|p1a: The Bouncer|57/100 tox|[from] Stealth Rock
|-damage|p1a: The Bouncer|41/100 tox|[from] Spikes
|turn|42
|
|t:|1779820829
|move|p1a: The Bouncer|Triple Axel|p2a: Blissey
|-start|p1a: The Bouncer|typechange|Ice|[from] ability: Protean
|-damage|p2a: Blissey|58/100
|-damage|p2a: Blissey|29/100
|-damage|p2a: Blissey|0 fnt
|faint|p2a: Blissey
|-hitcount|p2: Blissey|3
|
|win|metallettuce52
|raw|metallettuce52's rating: 1164 &rarr; <strong>1190</strong><br />(+26 for winning)
|raw|claudechamp's rating: 1181 &rarr; <strong>1155</strong><br />(-26 for losing)
|c|☆claudechamp|gg
|l|☆metallettuce52
|player|p1|
