|j|☆fr0ggers
|j|☆llr6236
|t:|1779933981
|gametype|singles
|player|p1|fr0ggers|skierf-gen4dp|1214
|player|p2|llr6236|allister|1190
|gen|9
|tier|[Gen 9] OU
|rated|
|rule|HP Percentage Mod: HP is shown in percentages
|rule|Endless Battle Clause: Forcing endless battles is banned
|rule|Species Clause: Limit one of each Pokémon
|rule|OHKO Clause: OHKO moves are banned
|rule|Evasion Items Clause: Evasion items are banned
|rule|Evasion Moves Clause: Evasion moves are banned
|rule|Evasion Abilities Clause: Evasion abilities are banned
|rule|Sleep Moves Clause: Sleep-inducing moves are banned
|clearpoke
|poke|p1|Hydrapple, M|
|poke|p1|Tyranitar, F|
|poke|p1|Moltres|
|poke|p1|Zamazenta-*|
|poke|p1|Slowking-Galar, M|
|poke|p1|Excadrill, F|
|poke|p2|Chandelure, F|
|poke|p2|Ceruledge, F|
|poke|p2|Oricorio-Sensu, M|
|poke|p2|Drifblim, M|
|poke|p2|Zoroark-Hisui, F|
|poke|p2|Dragapult, F|
|teampreview
|inactive|Battle timer is ON: inactive players will automatically lose when time's up. (requested by llr6236)
|
|t:|1779934007
|teamsize|p1|6
|teamsize|p2|6
|start
|switch|p1a: Tyranitar|Tyranitar, F|100/100
|switch|p2a: Houdini👻|Dragapult, F|100/100
|-weather|Sandstorm|[from] ability: Sand Stream|[of] p1a: Tyranitar
|turn|1
|
|t:|1779934020
|move|p2a: Houdini👻|Dragon Dance|p2a: Houdini👻
|-boost|p2a: Houdini👻|atk|1
|-boost|p2a: Houdini👻|spe|1
|move|p1a: Tyranitar|Knock Off|p2a: Houdini👻
|-supereffective|p2a: Houdini👻
|-damage|p2a: Houdini👻|0 fnt
|-enditem|p2a: Houdini👻|Life Orb|[from] move: Knock Off|[of] p1a: Tyranitar
|faint|p2a: Houdini👻
|
|-weather|Sandstorm|[upkeep]
|upkeep
|
|t:|1779934028
|switch|p2a: Emo😎|Ceruledge, F|100/100
|turn|2
|
|t:|1779934041
|move|p2a: Emo😎|Close Combat|p1a: Tyranitar
|-supereffective|p1a: Tyranitar
|-damage|p1a: Tyranitar|0 fnt
|-unboost|p2a: Emo😎|def|1
|-unboost|p2a: Emo😎|spd|1
|faint|p1a: Tyranitar
|
|-weather|Sandstorm|[upkeep]
|-damage|p2a: Emo😎|94/100|[from] Sandstorm
|upkeep
|
|t:|1779934051
|switch|p1a: Excadrill|Excadrill, F|100/100
|-item|p1a: Excadrill|Air Balloon
|turn|3
|
|t:|1779934070
|switch|p2a: Hot Air🎈|Drifblim, M|100/100
|move|p1a: Excadrill|Earthquake|p2a: Hot Air🎈
|-immune|p2a: Hot Air🎈
|
|-weather|Sandstorm|[upkeep]
|-damage|p2a: Hot Air🎈|94/100|[from] Sandstorm
|upkeep
|turn|4
|
|t:|1779934087
|switch|p1a: Slowking|Slowking-Galar, M|100/100
|move|p2a: Hot Air🎈|Shadow Ball|p1a: Slowking
|-supereffective|p1a: Slowking
|-damage|p1a: Slowking|71/100
|
|-weather|Sandstorm|[upkeep]
|-damage|p2a: Hot Air🎈|88/100|[from] Sandstorm
|-damage|p1a: Slowking|65/100|[from] Sandstorm
|upkeep
|turn|5
|
|t:|1779934095
|move|p2a: Hot Air🎈|Shadow Ball|p1a: Slowking
|-supereffective|p1a: Slowking
|-damage|p1a: Slowking|36/100
|move|p1a: Slowking|Ice Beam|p2a: Hot Air🎈
|-supereffective|p2a: Hot Air🎈
|-damage|p2a: Hot Air🎈|54/100
|
|-weather|Sandstorm|[upkeep]
|-damage|p2a: Hot Air🎈|48/100|[from] Sandstorm
|-damage|p1a: Slowking|30/100|[from] Sandstorm
|upkeep
|turn|6
|inactive|fr0ggers has 120 seconds left.
|
|t:|1779934128
|switch|p1a: Excadrill|Excadrill, F|100/100
|-item|p1a: Excadrill|Air Balloon
|move|p2a: Hot Air🎈|Shadow Ball|p1a: Excadrill
|-crit|p1a: Excadrill
|-damage|p1a: Excadrill|45/100
|-unboost|p1a: Excadrill|spd|1
|-enditem|p1a: Excadrill|Air Balloon
|
|-weather|Sandstorm|[upkeep]
|-damage|p2a: Hot Air🎈|42/100|[from] Sandstorm
|upkeep
|turn|7
|
|t:|1779934139
|move|p1a: Excadrill|Iron Head|p2a: Hot Air🎈
|-damage|p2a: Hot Air🎈|1/100
|cant|p2a: Hot Air🎈|flinch
|
|-weather|Sandstorm|[upkeep]
|-damage|p2a: Hot Air🎈|0 fnt|[from] Sandstorm
|faint|p2a: Hot Air🎈
|upkeep
|
|t:|1779934147
|switch|p2a: Emo😎|Ceruledge, F|94/100
|turn|8
|inactive|fr0ggers has 120 seconds left.
|
|t:|1779934154
|move|p2a: Emo😎|Endure|p2a: Emo😎
|-singleturn|p2a: Emo😎|move: Endure
|move|p1a: Excadrill|Earthquake|p2a: Emo😎
|-supereffective|p2a: Emo😎
|-crit|p2a: Emo😎
|-activate|p2a: Emo😎|move: Endure
|-damage|p2a: Emo😎|1/100
|-ability|p2a: Emo😎|Weak Armor|boost
|-unboost|p2a: Emo😎|def|1
|-boost|p2a: Emo😎|spe|2
|-enditem|p2a: Emo😎|Weakness Policy
|-boost|p2a: Emo😎|atk|2|[from] item: Weakness Policy
|-boost|p2a: Emo😎|spa|2|[from] item: Weakness Policy
|
|-weather|none
|upkeep
|turn|9
|
|t:|1779934163
|switch|p1a: Slowking|Slowking-Galar, M|63/100
|move|p2a: Emo😎|Bitter Blade|p1a: Slowking
|-damage|p1a: Slowking|0 fnt
|-heal|p2a: Emo😎|43/100|[from] drain|[of] p1a: Slowking
|faint|p1a: Slowking
|
|upkeep
|inactive|fr0ggers has 120 seconds left.
|
|t:|1779934176
|switch|p1a: Moltres|Moltres|100/100
|turn|10
|inactive|fr0ggers has 120 seconds left.
|
|t:|1779934191
|move|p2a: Emo😎|Poltergeist|p1a: Moltres
|-activate|p1a: Moltres|move: Poltergeist|Heavy-Duty Boots
|-damage|p1a: Moltres|20/100
|move|p1a: Moltres|Roar|p2a: Emo😎
|drag|p2a: FromTheChandelier|Chandelure, F|100/100
|
|upkeep
|turn|11
|inactive|fr0ggers has 120 seconds left.
|
|t:|1779934225
|switch|p1a: Zamazenta|Zamazenta|100/100
|-ability|p1a: Zamazenta|Dauntless Shield|boost
|-boost|p1a: Zamazenta|def|1
|move|p2a: FromTheChandelier|Shadow Ball|p1a: Zamazenta
|-damage|p1a: Zamazenta|57/100
|-unboost|p1a: Zamazenta|spd|1
|
|-heal|p1a: Zamazenta|63/100|[from] item: Leftovers
|upkeep
|turn|12
|
|t:|1779934232
|move|p2a: FromTheChandelier|Shadow Ball|p1a: Zamazenta
|-damage|p1a: Zamazenta|5/100
|move|p1a: Zamazenta|Crunch|p2a: FromTheChandelier
|-supereffective|p2a: FromTheChandelier
|-damage|p2a: FromTheChandelier|43/100
|
|-heal|p1a: Zamazenta|11/100|[from] item: Leftovers
|upkeep
|turn|13
|
|t:|1779934248
|move|p2a: FromTheChandelier|Shadow Ball|p1a: Zamazenta
|-damage|p1a: Zamazenta|0 fnt
|faint|p1a: Zamazenta
|
|upkeep
|inactive|fr0ggers has 90 seconds left.
|
|t:|1779934260
|switch|p1a: Hydrapple|Hydrapple, M|100/100
|turn|14
|inactive|fr0ggers has 90 seconds left.
|
|t:|1779934271
|move|p2a: FromTheChandelier|Shadow Ball|p1a: Hydrapple
|-damage|p1a: Hydrapple|57/100
|move|p1a: Hydrapple|Earth Power|p2a: FromTheChandelier
|-supereffective|p2a: FromTheChandelier
|-damage|p2a: FromTheChandelier|0 fnt
|faint|p2a: FromTheChandelier
|
|upkeep
|
|t:|1779934277
|switch|p2a: Emo😎|Ceruledge, F|43/100
|turn|15
|inactive|fr0ggers has 90 seconds left.
|
|t:|1779934298
|-terastallize|p1a: Hydrapple|Poison
|move|p2a: Emo😎|Bitter Blade|p1a: Hydrapple
|-damage|p1a: Hydrapple|27/100
|-heal|p2a: Emo😎|64/100|[from] drain|[of] p1a: Hydrapple
|move|p1a: Hydrapple|Fickle Beam|p2a: Emo😎|[anim] Fickle Beam All Out
|-activate|p1a: Hydrapple|move: Fickle Beam
|-damage|p2a: Emo😎|0 fnt
|faint|p2a: Emo😎
|
|upkeep
|
|t:|1779934315
|switch|p2a: Ghost Dancer🪭|Oricorio-Sensu, M|100/100
|turn|16
|
|t:|1779934323
|move|p2a: Ghost Dancer🪭|Revelation Dance|p1a: Hydrapple
|-damage|p1a: Hydrapple|0 fnt
|faint|p1a: Hydrapple
|
|upkeep
|inactive|fr0ggers has 90 seconds left.
|
|t:|1779934335
|switch|p1a: Excadrill|Excadrill, F|45/100
|turn|17
|
|t:|1779934340
|move|p1a: Excadrill|Iron Head|p2a: Ghost Dancer🪭
|-damage|p2a: Ghost Dancer🪭|39/100
|move|p2a: Ghost Dancer🪭|Revelation Dance|p1a: Excadrill
|-damage|p1a: Excadrill|0 fnt
|faint|p1a: Excadrill
|
|-heal|p2a: Ghost Dancer🪭|45/100|[from] item: Leftovers
|upkeep
|
|t:|1779934342
|switch|p1a: Moltres|Moltres|20/100
|turn|18
|
|t:|1779934346
|move|p2a: Ghost Dancer🪭|Revelation Dance|p1a: Moltres
|-damage|p1a: Moltres|0 fnt
|faint|p1a: Moltres
|
|win|llr6236
|raw|fr0ggers's rating: 1214 &rarr; <strong>1187</strong><br />(-27 for losing)
|raw|llr6236's rating: 1190 &rarr; <strong>1217</strong><br />(+27 for winning)
|l|☆fr0ggers
|player|p1|
|l|☆llr6236
|player|p2|
