|j|☆Regina dei Fiori
|j|☆technogiri
|t:|1779872727
|gametype|singles
|player|p1|Regina dei Fiori|roxanne-masters|1271
|player|p2|technogiri|170|1266
|gen|9
|tier|[Gen 9] OU
|rated|
|rule|HP Percentage Mod: HP is shown in percentages
|rule|Endless Battle Clause: Forcing endless battles is banned
|rule|Species Clause: Limit one of each Pokémon
|rule|OHKO Clause: OHKO moves are banned
|rule|Evasion Items Clause: Evasion items are banned
|rule|Evasion Moves Clause: Evasion moves are banned
|rule|Evasion Abilities Clause: Evasion abilities are banned
|rule|Sleep Moves Clause: Sleep-inducing moves are banned
|clearpoke
|poke|p1|Emboar, M|
|poke|p1|Corviknight, F|
|poke|p1|Toxapex, F|
|poke|p1|Great Tusk|
|poke|p1|Rillaboom, M|
|poke|p1|Dragonite, F|
|poke|p2|Maushold|
|poke|p2|Grimmsnarl, M|
|poke|p2|Clefable, M|
|poke|p2|Darkrai|
|poke|p2|Gyarados, M|
|poke|p2|Skeledirge, M|
|teampreview
|inactive|Battle timer is ON: inactive players will automatically lose when time's up. (requested by technogiri)
|
|t:|1779872742
|teamsize|p1|6
|teamsize|p2|6
|start
|switch|p1a: Emboar|Emboar, M|100/100
|switch|p2a: Grimmsnarl|Grimmsnarl, M|100/100
|turn|1
|
|t:|1779872746
|move|p2a: Grimmsnarl|Reflect|p2a: Grimmsnarl
|-sidestart|p2: technogiri|Reflect
|move|p1a: Emboar|Flare Blitz|p2a: Grimmsnarl
|-damage|p2a: Grimmsnarl|49/100
|-damage|p1a: Emboar|83/100|[from] Recoil
|
|upkeep
|turn|2
|
|t:|1779872754
|move|p2a: Grimmsnarl|Parting Shot|p1a: Emboar
|-unboost|p1a: Emboar|atk|1
|-unboost|p1a: Emboar|spa|1
|
|t:|1779872757
|switch|p2a: Skeledirge|Skeledirge, M|100/100|[from] Parting Shot
|move|p1a: Emboar|Scald|p2a: Skeledirge
|-supereffective|p2a: Skeledirge
|-damage|p2a: Skeledirge|74/100
|
|upkeep
|turn|3
|
|t:|1779872767
|switch|p1a: Toxapex|Toxapex, F|100/100
|move|p2a: Skeledirge|Torch Song|p1a: Toxapex
|-resisted|p1a: Toxapex
|-crit|p1a: Toxapex
|-damage|p1a: Toxapex|85/100
|-boost|p2a: Skeledirge|spa|1
|
|upkeep
|turn|4
|
|t:|1779872772
|move|p2a: Skeledirge|Will-O-Wisp|p1a: Toxapex
|-status|p1a: Toxapex|brn
|move|p1a: Toxapex|Toxic|p2a: Skeledirge
|-status|p2a: Skeledirge|tox
|
|-damage|p2a: Skeledirge|68/100 tox|[from] psn
|-damage|p1a: Toxapex|79/100 brn|[from] brn
|upkeep
|turn|5
|
|t:|1779872779
|move|p2a: Skeledirge|Hex|p1a: Toxapex
|-damage|p1a: Toxapex|34/100 brn
|move|p1a: Toxapex|Haze|p1a: Toxapex
|-clearallboost
|
|-damage|p2a: Skeledirge|55/100 tox|[from] psn
|-damage|p1a: Toxapex|28/100 brn|[from] brn
|upkeep
|turn|6
|
|t:|1779872787
|switch|p1a: Emboar|Emboar, M|83/100
|move|p2a: Skeledirge|Torch Song|p1a: Emboar
|-resisted|p1a: Emboar
|-damage|p1a: Emboar|69/100
|-boost|p2a: Skeledirge|spa|1
|
|-damage|p2a: Skeledirge|37/100 tox|[from] psn
|upkeep
|turn|7
|
|t:|1779872791
|move|p1a: Emboar|Scald|p2a: Skeledirge
|-supereffective|p2a: Skeledirge
|-damage|p2a: Skeledirge|10/100 tox
|move|p2a: Skeledirge|Hex|p1a: Emboar
|-damage|p1a: Emboar|36/100
|
|-damage|p2a: Skeledirge|0 fnt|[from] psn
|faint|p2a: Skeledirge
|upkeep
|
|t:|1779872797
|switch|p2a: Maushold|Maushold|100/100
|turn|8
|
|t:|1779872807
|-terastallize|p2a: Maushold|Ghost
|move|p2a: Maushold|Tidy Up|p2a: Maushold
|-boost|p2a: Maushold|atk|1
|-boost|p2a: Maushold|spe|1
|move|p1a: Emboar|Close Combat|p2a: Maushold
|-immune|p2a: Maushold
|
|-sideend|p2: technogiri|Reflect
|upkeep
|turn|9
|
|t:|1779872817
|move|p2a: Maushold|Encore|p1a: Emboar
|-start|p1a: Emboar|Encore
|move|p1a: Emboar|Close Combat|p2a: Maushold
|-immune|p2a: Maushold
|
|upkeep
|turn|10
|
|t:|1779872823
|switch|p1a: Rillaboom|Rillaboom, M|100/100
|-fieldstart|move: Grassy Terrain|[from] ability: Grassy Surge|[of] p1a: Rillaboom
|move|p2a: Maushold|Tidy Up|p2a: Maushold
|-boost|p2a: Maushold|atk|1
|-boost|p2a: Maushold|spe|1
|
|upkeep
|turn|11
|
|t:|1779872828
|-terastallize|p1a: Rillaboom|Grass
|move|p1a: Rillaboom|Grassy Glide|p2a: Maushold
|-damage|p2a: Maushold|0 fnt
|faint|p2a: Maushold
|
|upkeep
|-message|technogiri forfeited.
|
|win|Regina dei Fiori
|raw|Regina dei Fiori's rating: 1245 &rarr; <strong>1272</strong><br />(+27 for winning)
|raw|technogiri's rating: 1266 &rarr; <strong>1239</strong><br />(-27 for losing)
|l|☆technogiri
|player|p2|
