|j|☆ThiefYT
|j|☆Devrai
|t:|1779941625
|gametype|singles
|player|p1|ThiefYT|dawn|1384
|player|p2|Devrai|zinnia|1364
|gen|9
|tier|[Gen 9] OU
|rated|
|rule|HP Percentage Mod: HP is shown in percentages
|rule|Endless Battle Clause: Forcing endless battles is banned
|rule|Species Clause: Limit one of each Pokémon
|rule|OHKO Clause: OHKO moves are banned
|rule|Evasion Items Clause: Evasion items are banned
|rule|Evasion Moves Clause: Evasion moves are banned
|rule|Evasion Abilities Clause: Evasion abilities are banned
|rule|Sleep Moves Clause: Sleep-inducing moves are banned
|clearpoke
|poke|p1|Great Tusk|
|poke|p1|Pecharunt|
|poke|p1|Iron Valiant|
|poke|p1|Iron Crown|
|poke|p1|Samurott-Hisui, F|
|poke|p1|Minior-Indigo|
|poke|p2|Braviary-Hisui, M|
|poke|p2|Skeledirge, F|
|poke|p2|Iron Treads|
|poke|p2|Ninetales-Alola, F|
|poke|p2|Okidogi, M|
|poke|p2|Darkrai|
|teampreview
|
|t:|1779941630
|teamsize|p1|6
|teamsize|p2|6
|start
|switch|p1a: Iron Crown|Iron Crown|100/100
|switch|p2a: Eun|Ninetales-Alola, F, shiny|100/100
|-weather|Snowscape|[from] ability: Snow Warning|[of] p2a: Eun
|turn|1
|
|t:|1779941637
|move|p2a: Eun|Aurora Veil|p2a: Eun
|-sidestart|p2: Devrai|move: Aurora Veil
|move|p1a: Iron Crown|Tachyon Cutter|p2a: Eun
|-supereffective|p2a: Eun
|-damage|p2a: Eun|42/100
|-supereffective|p2a: Eun
|-damage|p2a: Eun|0 fnt
|faint|p2a: Eun
|-hitcount|p2: Eun|2
|
|-weather|Snowscape|[upkeep]
|upkeep
|
|t:|1779941640
|switch|p2a: Shinigami|Darkrai, shiny|100/100
|turn|2
|
|t:|1779941648
|move|p2a: Shinigami|Nasty Plot|p2a: Shinigami
|-boost|p2a: Shinigami|spa|2
|move|p1a: Iron Crown|Volt Switch|p2a: Shinigami
|-damage|p2a: Shinigami|87/100
|
|t:|1779941661
|-end|p1a: Iron Crown|Quark Drive|[silent]
|switch|p1a: The GSOAT|Iron Valiant|100/100|[from] Volt Switch
|-enditem|p1a: The GSOAT|Booster Energy
|-activate|p1a: The GSOAT|ability: Quark Drive|[fromitem]
|-start|p1a: The GSOAT|quarkdrivespe
|
|-weather|Snowscape|[upkeep]
|-heal|p2a: Shinigami|94/100|[from] item: Leftovers
|upkeep
|turn|3
|
|t:|1779941666
|move|p1a: The GSOAT|Moonblast|p2a: Shinigami
|-supereffective|p2a: Shinigami
|-damage|p2a: Shinigami|40/100
|move|p2a: Shinigami|Sludge Bomb|p1a: The GSOAT
|-supereffective|p1a: The GSOAT
|-damage|p1a: The GSOAT|0 fnt
|faint|p1a: The GSOAT
|-end|p1a: The GSOAT|Quark Drive|[silent]
|
|-weather|Snowscape|[upkeep]
|-heal|p2a: Shinigami|46/100|[from] item: Leftovers
|upkeep
|
|t:|1779941681
|switch|p1a: Samurott|Samurott-Hisui, F|100/100
|turn|4
|
|t:|1779941685
|move|p2a: Shinigami|Sludge Bomb|p1a: Samurott
|-damage|p1a: Samurott|17/100
|move|p1a: Samurott|Knock Off|p2a: Shinigami
|-resisted|p2a: Shinigami
|-damage|p2a: Shinigami|31/100
|-enditem|p2a: Shinigami|Leftovers|[from] move: Knock Off|[of] p1a: Samurott
|
|-weather|Snowscape|[upkeep]
|upkeep
|turn|5
|
|t:|1779941693
|switch|p1a: Iron Crown|Iron Crown|100/100
|move|p2a: Shinigami|Dark Pulse|p1a: Iron Crown
|-supereffective|p1a: Iron Crown
|-damage|p1a: Iron Crown|3/100
|
|-weather|none
|upkeep
|turn|6
|
|t:|1779941696
|move|p2a: Shinigami|Dark Pulse|p1a: Iron Crown
|-supereffective|p1a: Iron Crown
|-crit|p1a: Iron Crown
|-damage|p1a: Iron Crown|0 fnt
|faint|p1a: Iron Crown
|-end|p1a: Iron Crown|Quark Drive|[silent]
|
|upkeep
|
|t:|1779941703
|switch|p1a: Samurott|Samurott-Hisui, F|17/100
|turn|7
|
|t:|1779941705
|move|p1a: Samurott|Sucker Punch|p2a: Shinigami
|-resisted|p2a: Shinigami
|-crit|p2a: Shinigami
|-damage|p2a: Shinigami|0 fnt
|faint|p2a: Shinigami
|
|upkeep
|
|t:|1779941711
|switch|p2a: Dogecoin|Okidogi, M|100/100
|turn|8
|c|☆ThiefYT|Ty showdown 🙏
|
|t:|1779941717
|move|p1a: Samurott|Ceaseless Edge|p2a: Dogecoin
|-resisted|p2a: Dogecoin
|-damage|p2a: Dogecoin|89/100
|-sidestart|p2: Devrai|Spikes
|move|p2a: Dogecoin|Bulk Up|p2a: Dogecoin
|-boost|p2a: Dogecoin|atk|1
|-boost|p2a: Dogecoin|def|1
|
|-heal|p2a: Dogecoin|95/100|[from] item: Leftovers
|-sideend|p2: Devrai|move: Aurora Veil
|upkeep
|turn|9
|
|t:|1779941723
|move|p1a: Samurott|Knock Off|p2a: Dogecoin
|-resisted|p2a: Dogecoin
|-damage|p2a: Dogecoin|79/100
|-enditem|p2a: Dogecoin|Leftovers|[from] move: Knock Off|[of] p1a: Samurott
|move|p2a: Dogecoin|Bulk Up|p2a: Dogecoin
|-boost|p2a: Dogecoin|atk|1
|-boost|p2a: Dogecoin|def|1
|
|upkeep
|turn|10
|
|t:|1779941731
|move|p1a: Samurott|Flip Turn|p2a: Dogecoin
|-damage|p2a: Dogecoin|65/100
|
|t:|1779941733
|switch|p1a: Pecharunt|Pecharunt|100/100|[from] Flip Turn
|move|p2a: Dogecoin|Bulk Up|p2a: Dogecoin
|-boost|p2a: Dogecoin|atk|1
|-boost|p2a: Dogecoin|def|1
|
|upkeep
|turn|11
|
|t:|1779941736
|move|p1a: Pecharunt|Shadow Ball|p2a: Dogecoin
|-damage|p2a: Dogecoin|45/100
|move|p2a: Dogecoin|Knock Off|p1a: Pecharunt
|-supereffective|p1a: Pecharunt
|-damage|p1a: Pecharunt|31/100
|-damage|p2a: Dogecoin|29/100|[from] item: Rocky Helmet|[of] p1a: Pecharunt
|-enditem|p1a: Pecharunt|Rocky Helmet|[from] move: Knock Off|[of] p2a: Dogecoin
|
|upkeep
|turn|12
|
|t:|1779941741
|move|p1a: Pecharunt|Shadow Ball|p2a: Dogecoin
|-damage|p2a: Dogecoin|9/100
|move|p2a: Dogecoin|Knock Off|p1a: Pecharunt
|-supereffective|p1a: Pecharunt
|-damage|p1a: Pecharunt|0 fnt
|faint|p1a: Pecharunt
|
|upkeep
|
|t:|1779941750
|switch|p1a: Samurott|Samurott-Hisui, F|17/100
|turn|13
|
|t:|1779941753
|move|p1a: Samurott|Ceaseless Edge|p2a: Dogecoin
|-resisted|p2a: Dogecoin
|-damage|p2a: Dogecoin|0 fnt
|-sidestart|p2: Devrai|Spikes
|faint|p2a: Dogecoin
|
|upkeep
|
|t:|1779941755
|switch|p2a: Treadmill|Iron Treads, shiny|100/100
|turn|14
|
|t:|1779941762
|move|p1a: Samurott|Sucker Punch|p2a: Treadmill
|-damage|p2a: Treadmill|69/100
|move|p2a: Treadmill|Rapid Spin|p1a: Samurott
|-damage|p1a: Samurott|0 fnt
|-boost|p2a: Treadmill|spe|1
|-sideend|p2: Devrai|Spikes|[from] move: Rapid Spin|[of] p2a: Treadmill
|faint|p1a: Samurott
|
|upkeep
|
|t:|1779941770
|switch|p1a: ZU Menace|Minior-Indigo|100/100
|-formechange|p1a: ZU Menace|Minior-Meteor||[from] ability: Shields Down
|turn|15
|
|t:|1779941773
|move|p2a: Treadmill|Knock Off|p1a: ZU Menace
|-damage|p1a: ZU Menace|61/100
|-enditem|p1a: ZU Menace|White Herb|[from] move: Knock Off|[of] p2a: Treadmill
|move|p1a: ZU Menace|Shell Smash|p1a: ZU Menace
|-unboost|p1a: ZU Menace|def|1
|-unboost|p1a: ZU Menace|spd|1
|-boost|p1a: ZU Menace|atk|2
|-boost|p1a: ZU Menace|spa|2
|-boost|p1a: ZU Menace|spe|2
|
|upkeep
|turn|16
|
|t:|1779941778
|move|p2a: Treadmill|Rapid Spin|p1a: ZU Menace
|-resisted|p1a: ZU Menace
|-damage|p1a: ZU Menace|46/100
|-boost|p2a: Treadmill|spe|1
|move|p1a: ZU Menace|Earthquake|p2a: Treadmill
|-supereffective|p2a: Treadmill
|-damage|p2a: Treadmill|0 fnt
|faint|p2a: Treadmill
|-end|p2a: Treadmill|Quark Drive|[silent]
|
|-formechange|p1a: ZU Menace|Minior-Indigo||[from] ability: Shields Down
|upkeep
|
|t:|1779941783
|switch|p2a: King Gator|Skeledirge, F, shiny|100/100
|turn|17
|
|t:|1779941787
|move|p1a: ZU Menace|Stone Edge|p2a: King Gator
|-supereffective|p2a: King Gator
|-damage|p2a: King Gator|20/100
|move|p2a: King Gator|Torch Song|p1a: ZU Menace
|-resisted|p1a: ZU Menace
|-damage|p1a: ZU Menace|13/100
|-boost|p2a: King Gator|spa|1
|
|-heal|p2a: King Gator|26/100|[from] item: Leftovers
|upkeep
|turn|18
|
|t:|1779941797
|move|p1a: ZU Menace|Acrobatics|p2a: King Gator
|-damage|p2a: King Gator|0 fnt
|faint|p2a: King Gator
|
|upkeep
|-message|Devrai forfeited.
|
|win|ThiefYT
|raw|ThiefYT's rating: 1384 &rarr; <strong>1403</strong><br />(+19 for winning)
|raw|Devrai's rating: 1364 &rarr; <strong>1345</strong><br />(-19 for losing)
|l|☆Devrai
|player|p2|
|l|☆ThiefYT
|player|p1|
