|j|☆arnoldtheseventh
|j|☆sicns
|t:|1779946103
|gametype|singles
|player|p1|arnoldtheseventh|cynthia-masters4|1401
|player|p2|sicns|cynthia-gen4|1441
|gen|9
|tier|[Gen 9] OU
|rated|
|rule|HP Percentage Mod: HP is shown in percentages
|rule|Endless Battle Clause: Forcing endless battles is banned
|rule|Species Clause: Limit one of each Pokémon
|rule|OHKO Clause: OHKO moves are banned
|rule|Evasion Items Clause: Evasion items are banned
|rule|Evasion Moves Clause: Evasion moves are banned
|rule|Evasion Abilities Clause: Evasion abilities are banned
|rule|Sleep Moves Clause: Sleep-inducing moves are banned
|clearpoke
|poke|p1|Kingambit, F|
|poke|p1|Raging Bolt|
|poke|p1|Tornadus-Therian, M|
|poke|p1|Iron Valiant|
|poke|p1|Great Tusk|
|poke|p1|Gholdengo|
|poke|p2|Samurott-Hisui, M|
|poke|p2|Zapdos|
|poke|p2|Iron Treads|
|poke|p2|Ceruledge, M|
|poke|p2|Gholdengo|
|poke|p2|Kingambit, M|
|teampreview
|inactive|Battle timer is ON: inactive players will automatically lose when time's up. (requested by arnoldtheseventh)
|
|t:|1779946113
|teamsize|p1|6
|teamsize|p2|6
|start
|switch|p1a: Kākāpō?|Tornadus-Therian, M|100/100
|switch|p2a: Zapdos|Zapdos|100/100
|turn|1
|
|t:|1779946120
|move|p1a: Kākāpō?|Knock Off|p2a: Zapdos
|-damage|p2a: Zapdos|85/100
|-enditem|p2a: Zapdos|Heavy-Duty Boots|[from] move: Knock Off|[of] p1a: Kākāpō?
|move|p2a: Zapdos|Hurricane|p1a: Kākāpō?
|-damage|p1a: Kākāpō?|70/100
|
|upkeep
|turn|2
|
|t:|1779946127
|move|p1a: Kākāpō?|U-turn|p2a: Zapdos
|-resisted|p2a: Zapdos
|-damage|p2a: Zapdos|80/100
|
|t:|1779946131
|switch|p1a: Donphan (old)|Great Tusk|100/100|[from] U-turn
|move|p2a: Zapdos|Thunder Wave|p1a: Donphan (old)
|-immune|p1a: Donphan (old)
|
|upkeep
|turn|3
|
|t:|1779946137
|-end|p1a: Donphan (old)|Protosynthesis|[silent]
|switch|p1a: Kākāpō?|Tornadus-Therian, M|100/100
|move|p2a: Zapdos|Hurricane|p1a: Kākāpō?|[miss]
|-miss|p2a: Zapdos|p1a: Kākāpō?
|
|upkeep
|turn|4
|
|t:|1779946144
|move|p1a: Kākāpō?|Heat Wave|p2a: Zapdos
|-damage|p2a: Zapdos|55/100
|move|p2a: Zapdos|Thunder Wave|p1a: Kākāpō?
|-status|p1a: Kākāpō?|par
|
|upkeep
|turn|5
|
|t:|1779946150
|move|p2a: Zapdos|Roost|p2a: Zapdos
|-heal|p2a: Zapdos|100/100
|-singleturn|p2a: Zapdos|move: Roost
|move|p1a: Kākāpō?|Heat Wave|p2a: Zapdos
|-damage|p2a: Zapdos|78/100
|
|upkeep
|turn|6
|
|t:|1779946159
|move|p2a: Zapdos|Volt Switch|p1a: Kākāpō?
|-supereffective|p1a: Kākāpō?
|-damage|p1a: Kākāpō?|64/100 par
|c|☆arnoldtheseventh|no way youre flash fire bro
|
|t:|1779946170
|switch|p2a: Samurott|Samurott-Hisui, M|100/100|[from] Volt Switch
|move|p1a: Kākāpō?|Heat Wave|p2a: Samurott
|-resisted|p2a: Samurott
|-damage|p2a: Samurott|92/100
|
|upkeep
|turn|7
|
|t:|1779946179
|switch|p1a: Donphan (old)|Great Tusk|100/100
|move|p2a: Samurott|Ceaseless Edge|p1a: Donphan (old)
|-resisted|p1a: Donphan (old)
|-damage|p1a: Donphan (old)|88/100
|-damage|p2a: Samurott|76/100|[from] item: Rocky Helmet|[of] p1a: Donphan (old)
|-sidestart|p1: arnoldtheseventh|Spikes
|
|upkeep
|turn|8
|
|t:|1779946191
|switch|p2a: Zapdos|Zapdos|78/100
|move|p1a: Donphan (old)|Stealth Rock|p2a: Zapdos
|-sidestart|p2: sicns|move: Stealth Rock
|
|upkeep
|turn|9
|
|t:|1779946196
|-terastallize|p1a: Donphan (old)|Steel
|move|p1a: Donphan (old)|Rapid Spin|p2a: Zapdos
|-damage|p2a: Zapdos|68/100
|-boost|p1a: Donphan (old)|spe|1
|-sideend|p1: arnoldtheseventh|Spikes|[from] move: Rapid Spin|[of] p1a: Donphan (old)
|move|p2a: Zapdos|Hurricane|p1a: Donphan (old)|[miss]
|-miss|p2a: Zapdos|p1a: Donphan (old)
|
|upkeep
|turn|10
|
|t:|1779946204
|move|p1a: Donphan (old)|Ice Spinner|p2a: Zapdos
|-supereffective|p2a: Zapdos
|-damage|p2a: Zapdos|34/100
|-status|p1a: Donphan (old)|par|[from] ability: Static|[of] p2a: Zapdos
|move|p2a: Zapdos|Thunder Wave|p1a: Donphan (old)
|-fail|p1a: Donphan (old)|par
|
|upkeep
|turn|11
|
|t:|1779946214
|move|p2a: Zapdos|Roost|p2a: Zapdos
|-heal|p2a: Zapdos|85/100
|-singleturn|p2a: Zapdos|move: Roost
|move|p1a: Donphan (old)|Ice Spinner|p2a: Zapdos
|-damage|p2a: Zapdos|68/100
|
|upkeep
|turn|12
|
|t:|1779946224
|-end|p1a: Donphan (old)|Protosynthesis|[silent]
|switch|p1a: Aegislash part 2|Gholdengo|100/100
|move|p2a: Zapdos|Volt Switch|p1a: Aegislash part 2
|-damage|p1a: Aegislash part 2|70/100
|
|t:|1779946231
|switch|p2a: Iron Treads|Iron Treads|100/100|[from] Volt Switch
|-damage|p2a: Iron Treads|97/100|[from] Stealth Rock
|
|-heal|p2a: Iron Treads|100/100|[from] item: Leftovers
|upkeep
|turn|13
|
|t:|1779946237
|switch|p1a: Kākāpō?|Tornadus-Therian, M|97/100 par
|move|p2a: Iron Treads|Knock Off|p1a: Kākāpō?
|-damage|p1a: Kākāpō?|62/100 par
|-enditem|p1a: Kākāpō?|Assault Vest|[from] move: Knock Off|[of] p2a: Iron Treads
|
|upkeep
|turn|14
|
|t:|1779946247
|move|p2a: Iron Treads|Rapid Spin|p1a: Kākāpō?
|-damage|p1a: Kākāpō?|44/100 par
|-boost|p2a: Iron Treads|spe|1
|-sideend|p2: sicns|Stealth Rock|[from] move: Rapid Spin|[of] p2a: Iron Treads
|move|p1a: Kākāpō?|U-turn|p2a: Iron Treads
|-resisted|p2a: Iron Treads
|-crit|p2a: Iron Treads
|-damage|p2a: Iron Treads|91/100
|
|t:|1779946254
|switch|p1a: Donphan (old)|Great Tusk, tera:Steel|88/100 par|[from] U-turn
|
|-heal|p2a: Iron Treads|97/100|[from] item: Leftovers
|upkeep
|turn|15
|
|t:|1779946264
|move|p2a: Iron Treads|Earthquake|p1a: Donphan (old)
|-supereffective|p1a: Donphan (old)
|-damage|p1a: Donphan (old)|25/100 par
|move|p1a: Donphan (old)|Headlong Rush|p2a: Iron Treads
|-supereffective|p2a: Iron Treads
|-damage|p2a: Iron Treads|0 fnt
|-unboost|p1a: Donphan (old)|def|1
|-unboost|p1a: Donphan (old)|spd|1
|faint|p2a: Iron Treads
|-end|p2a: Iron Treads|Quark Drive|[silent]
|
|upkeep
|
|t:|1779946277
|switch|p2a: Ceruledge|Ceruledge, M|100/100
|turn|16
|
|t:|1779946280
|move|p2a: Ceruledge|Bitter Blade|p1a: Donphan (old)
|-supereffective|p1a: Donphan (old)
|-damage|p1a: Donphan (old)|0 fnt
|-damage|p2a: Ceruledge|84/100|[from] item: Rocky Helmet|[of] p1a: Donphan (old)
|faint|p1a: Donphan (old)
|-end|p1a: Donphan (old)|Protosynthesis|[silent]
|
|upkeep
|
|t:|1779946284
|switch|p1a: Long Neck Tiger|Raging Bolt|100/100
|-enditem|p1a: Long Neck Tiger|Booster Energy
|-activate|p1a: Long Neck Tiger|ability: Protosynthesis|[fromitem]
|-start|p1a: Long Neck Tiger|protosynthesisspa
|turn|17
|c|☆arnoldtheseventh|tbolt so free
|c|☆sicns|fk
|c|☆sicns|i needed to save treads for this
|inactive|sicns has 120 seconds left.
|c|☆arnoldtheseventh|thats why you dont kill treads in front of a tusk
|
|t:|1779946330
|move|p2a: Ceruledge|Shadow Sneak|p1a: Long Neck Tiger
|-damage|p1a: Long Neck Tiger|82/100
|move|p1a: Long Neck Tiger|Thunderbolt|p2a: Ceruledge
|-damage|p2a: Ceruledge|19/100
|
|upkeep
|turn|18
|
|t:|1779946347
|move|p2a: Ceruledge|Poltergeist||[still]
|-fail|p2a: Ceruledge
|move|p1a: Long Neck Tiger|Thunderbolt|p2a: Ceruledge
|-damage|p2a: Ceruledge|0 fnt
|faint|p2a: Ceruledge
|
|upkeep
|inactive|sicns has 90 seconds left.
|
|t:|1779946364
|switch|p2a: Samurott|Samurott-Hisui, M|76/100
|turn|19
|c|☆arnoldtheseventh|bitter blade was your best move to click as i wouldnt go for tclap cos shadow sneak existed but the amount of extra damage is tiny so doesnt rlly matter
|
|t:|1779946389
|move|p2a: Samurott|Ceaseless Edge|p1a: Long Neck Tiger
|-damage|p1a: Long Neck Tiger|44/100
|-sidestart|p1: arnoldtheseventh|Spikes
|move|p1a: Long Neck Tiger|Thunderbolt|p2a: Samurott
|-supereffective|p2a: Samurott
|-damage|p2a: Samurott|0 fnt
|faint|p2a: Samurott
|
|upkeep
|inactive|sicns has 90 seconds left.
|
|t:|1779946411
|switch|p2a: Kingambit|Kingambit, M|100/100
|-activate|p2a: Kingambit|ability: Supreme Overlord
|-start|p2a: Kingambit|fallen3|[silent]
|turn|20
|
|t:|1779946416
|move|p2a: Kingambit|Swords Dance|p2a: Kingambit
|-boost|p2a: Kingambit|atk|2
|move|p1a: Long Neck Tiger|Thunderbolt|p2a: Kingambit
|-damage|p2a: Kingambit|15/100
|
|-heal|p2a: Kingambit|21/100|[from] item: Leftovers
|upkeep
|turn|21
|
|t:|1779946423
|move|p2a: Kingambit|Sucker Punch|p1a: Long Neck Tiger
|-damage|p1a: Long Neck Tiger|0 fnt
|faint|p1a: Long Neck Tiger
|-end|p1a: Long Neck Tiger|Protosynthesis|[silent]
|
|-heal|p2a: Kingambit|27/100|[from] item: Leftovers
|upkeep
|c|☆arnoldtheseventh|OHHH
|c|☆arnoldtheseventh|that means youre jolly max speed
|inactive|arnoldtheseventh has 120 seconds left.
|
|t:|1779946456
|switch|p1a: The Queen|Kingambit, F, shiny|100/100
|-activate|p1a: The Queen|ability: Supreme Overlord
|-start|p1a: The Queen|fallen2|[silent]
|-item|p1a: The Queen|Air Balloon
|turn|22
|
|t:|1779946462
|-terastallize|p2a: Kingambit|Fighting
|move|p2a: Kingambit|Low Kick|p1a: The Queen
|-supereffective|p1a: The Queen
|-damage|p1a: The Queen|0 fnt
|-enditem|p1a: The Queen|Air Balloon
|faint|p1a: The Queen
|-end|p1a: The Queen|fallen2|[silent]
|
|-heal|p2a: Kingambit|33/100|[from] item: Leftovers
|upkeep
|c|☆arnoldtheseventh|i was a bit confused for a sec
|c|☆arnoldtheseventh|lol
|inactive|arnoldtheseventh has 120 seconds left.
|c|☆arnoldtheseventh|ofc its low kick if max speed
|
|t:|1779946481
|switch|p1a: Mega Gardevoir|Iron Valiant, shiny|100/100
|-damage|p1a: Mega Gardevoir|88/100|[from] Spikes
|-enditem|p1a: Mega Gardevoir|Booster Energy
|-activate|p1a: Mega Gardevoir|ability: Quark Drive|[fromitem]
|-start|p1a: Mega Gardevoir|quarkdrivespe
|turn|23
|inactive|sicns has 120 seconds left.
|inactive|arnoldtheseventh has 120 seconds left.
|c|☆sicns|are you kiwi ?
|c|☆arnoldtheseventh|wdym
|c|☆arnoldtheseventh|no
|c|☆sicns|kakapo
|inactive|arnoldtheseventh has 90 seconds left.
|c|☆arnoldtheseventh|i am not a kiwi
|c|☆arnoldtheseventh|i am a human
|c|☆sicns|:v
|
|t:|1779946535
|-end|p2a: Kingambit|fallen3|[silent]
|switch|p2a: Gholdengo|Gholdengo|100/100
|-item|p2a: Gholdengo|Air Balloon
|move|p1a: Mega Gardevoir|Swords Dance|p1a: Mega Gardevoir
|-boost|p1a: Mega Gardevoir|atk|2
|
|upkeep
|turn|24
|inactive|sicns has 120 seconds left.
|c|☆arnoldtheseventh|but like
|c|☆arnoldtheseventh|green bird
|
|t:|1779946550
|move|p1a: Mega Gardevoir|Knock Off|p2a: Gholdengo
|-supereffective|p2a: Gholdengo
|-damage|p2a: Gholdengo|0 fnt
|-enditem|p2a: Gholdengo|Air Balloon
|faint|p2a: Gholdengo
|
|upkeep
|inactive|sicns has 120 seconds left.
|
|t:|1779946556
|switch|p2a: Zapdos|Zapdos|68/100
|turn|25
|
|t:|1779946559
|move|p1a: Mega Gardevoir|Ice Punch|p2a: Zapdos
|-supereffective|p2a: Zapdos
|-damage|p2a: Zapdos|0 fnt
|faint|p2a: Zapdos
|
|upkeep
|
|t:|1779946564
|switch|p2a: Kingambit|Kingambit, M, tera:Fighting|33/100
|-activate|p2a: Kingambit|ability: Supreme Overlord
|-start|p2a: Kingambit|fallen5|[silent]
|turn|26
|
|t:|1779946570
|move|p2a: Kingambit|Sucker Punch|p1a: Mega Gardevoir
|-resisted|p1a: Mega Gardevoir
|-damage|p1a: Mega Gardevoir|69/100
|move|p1a: Mega Gardevoir|Close Combat|p2a: Kingambit
|-damage|p2a: Kingambit|0 fnt
|-unboost|p1a: Mega Gardevoir|def|1
|-unboost|p1a: Mega Gardevoir|spd|1
|faint|p2a: Kingambit
|-end|p2a: Kingambit|fallen5|[silent]
|
|win|arnoldtheseventh
|raw|arnoldtheseventh's rating: 1401 &rarr; <strong>1423</strong><br />(+22 for winning)
|raw|sicns's rating: 1441 &rarr; <strong>1419</strong><br />(-22 for losing)
|c|☆sicns|ggs
|c|☆arnoldtheseventh|gg
|l|☆sicns
|player|p2|
