|j|☆claudechamp
|j|☆rainy day 00
|t:|1779824440
|gametype|singles
|player|p1|claudechamp|265|1144
|player|p2|rainy day 00|clair|1192
|gen|9
|tier|[Gen 9] OU
|rated|
|rule|HP Percentage Mod: HP is shown in percentages
|rule|Endless Battle Clause: Forcing endless battles is banned
|rule|Species Clause: Limit one of each Pokémon
|rule|OHKO Clause: OHKO moves are banned
|rule|Evasion Items Clause: Evasion items are banned
|rule|Evasion Moves Clause: Evasion moves are banned
|rule|Evasion Abilities Clause: Evasion abilities are banned
|rule|Sleep Moves Clause: Sleep-inducing moves are banned
|clearpoke
|poke|p1|Gliscor, F|
|poke|p1|Gholdengo|
|poke|p1|Zamazenta-*|
|poke|p1|Blissey, F|
|poke|p1|Skarmory, F|
|poke|p1|Pecharunt|
|poke|p2|Scizor, M|
|poke|p2|Umbreon, M|
|poke|p2|Gengar, F|
|poke|p2|Bellibolt, M|
|poke|p2|Tsareena, F|
|poke|p2|Slowbro, M|
|teampreview
|c|☆claudechamp|hf
|inactive|Battle timer is ON: inactive players will automatically lose when time's up. (requested by claudechamp)
|inactive|rainy day 00 has 120 seconds left.
|
|t:|1779824493
|teamsize|p1|6
|teamsize|p2|6
|start
|switch|p1a: Skarmory|Skarmory, F|100/100
|switch|p2a: Umbreon|Umbreon, M, shiny|100/100
|turn|1
|
|t:|1779824506
|switch|p2a: Scizor|Scizor, M|100/100
|move|p1a: Skarmory|Spikes|p2a: Scizor
|-sidestart|p2: rainy day 00|Spikes
|
|upkeep
|turn|2
|
|t:|1779824520
|move|p1a: Skarmory|Spikes|p2a: Scizor
|-sidestart|p2: rainy day 00|Spikes
|move|p2a: Scizor|Swords Dance|p2a: Scizor
|-boost|p2a: Scizor|atk|2
|
|upkeep
|turn|3
|
|t:|1779824531
|move|p2a: Scizor|Knock Off|p1a: Skarmory
|-damage|p1a: Skarmory|53/100
|-enditem|p1a: Skarmory|Heavy-Duty Boots|[from] move: Knock Off|[of] p2a: Scizor
|move|p1a: Skarmory|Whirlwind|p2a: Scizor
|drag|p2a: Tsareena|Tsareena, F|100/100
|-damage|p2a: Tsareena|84/100|[from] Spikes
|
|upkeep
|turn|4
|
|t:|1779824546
|move|p1a: Skarmory|Spikes|p2a: Tsareena
|-sidestart|p2: rainy day 00|Spikes
|move|p2a: Tsareena|Rapid Spin|p1a: Skarmory
|-resisted|p1a: Skarmory
|-damage|p1a: Skarmory|47/100
|-boost|p2a: Tsareena|spe|1
|-sideend|p2: rainy day 00|Spikes|[from] move: Rapid Spin|[of] p2a: Tsareena
|
|upkeep
|turn|5
|inactive|rainy day 00 has 120 seconds left.
|
|t:|1779824578
|move|p2a: Tsareena|Triple Axel|p1a: Skarmory
|-damage|p1a: Skarmory|42/100
|-damage|p1a: Skarmory|34/100
|-damage|p1a: Skarmory|21/100
|-hitcount|p1a: Skarmory|3
|move|p1a: Skarmory|Roost|p1a: Skarmory
|-heal|p1a: Skarmory|71/100
|-singleturn|p1a: Skarmory|move: Roost
|
|upkeep
|turn|6
|inactive|rainy day 00 has 120 seconds left.
|
|t:|1779824592
|move|p2a: Tsareena|High Jump Kick|p1a: Skarmory|[miss]
|-miss|p2a: Tsareena|p1a: Skarmory
|-damage|p2a: Tsareena|34/100|[from] highjumpkick
|move|p1a: Skarmory|Whirlwind|p2a: Tsareena
|drag|p2a: Umbreon|Umbreon, M, shiny|100/100
|
|upkeep
|turn|7
|inactive|rainy day 00 has 120 seconds left.
|
|t:|1779824607
|move|p1a: Skarmory|Spikes|p2a: Umbreon
|-sidestart|p2: rainy day 00|Spikes
|move|p2a: Umbreon|Foul Play|p1a: Skarmory
|-damage|p1a: Skarmory|57/100
|
|upkeep
|turn|8
|
|t:|1779824614
|move|p1a: Skarmory|Spikes|p2a: Umbreon
|-sidestart|p2: rainy day 00|Spikes
|move|p2a: Umbreon|Wish|p2a: Umbreon
|
|upkeep
|turn|9
|
|t:|1779824627
|switch|p2a: Tsareena|Tsareena, F|34/100
|-damage|p2a: Tsareena|17/100|[from] Spikes
|move|p1a: Skarmory|Roost|p1a: Skarmory
|-heal|p1a: Skarmory|100/100
|-singleturn|p1a: Skarmory|move: Roost
|
|-heal|p2a: Tsareena|74/100|[from] move: Wish|[wisher] Umbreon
|upkeep
|turn|10
|
|t:|1779824637
|switch|p1a: Gholdengo|Gholdengo|100/100
|move|p2a: Tsareena|Rapid Spin|p1a: Gholdengo
|-immune|p1a: Gholdengo
|
|upkeep
|turn|11
|
|t:|1779824650
|switch|p2a: Scizor|Scizor, M|100/100
|-damage|p2a: Scizor|84/100|[from] Spikes
|move|p1a: Gholdengo|Thunder Wave|p2a: Scizor
|-status|p2a: Scizor|par
|
|upkeep
|turn|12
|inactive|rainy day 00 has 120 seconds left.
|
|t:|1779824684
|move|p1a: Gholdengo|Hex|p2a: Scizor
|-damage|p2a: Scizor|15/100 par
|move|p2a: Scizor|Knock Off|p1a: Gholdengo
|-supereffective|p1a: Gholdengo
|-damage|p1a: Gholdengo|36/100
|-enditem|p1a: Gholdengo|Ability Shield|[from] move: Knock Off|[of] p2a: Scizor
|
|upkeep
|turn|13
|inactive|rainy day 00 has 120 seconds left.
|
|t:|1779824692
|move|p2a: Scizor|Bullet Punch|p1a: Gholdengo
|-resisted|p1a: Gholdengo
|-damage|p1a: Gholdengo|23/100
|move|p1a: Gholdengo|Hex|p2a: Scizor
|-damage|p2a: Scizor|0 fnt
|faint|p2a: Scizor
|
|upkeep
|inactive|rainy day 00 has 120 seconds left.
|
|t:|1779824707
|switch|p2a: Umbreon|Umbreon, M, shiny|100/100
|-damage|p2a: Umbreon|84/100|[from] Spikes
|turn|14
|inactive|rainy day 00 has 120 seconds left.
|
|t:|1779824718
|move|p1a: Gholdengo|Recover|p1a: Gholdengo
|-heal|p1a: Gholdengo|73/100
|move|p2a: Umbreon|Foul Play|p1a: Gholdengo
|-supereffective|p1a: Gholdengo
|-damage|p1a: Gholdengo|52/100
|
|-heal|p2a: Umbreon|90/100|[from] item: Leftovers
|upkeep
|turn|15
|inactive|rainy day 00 has 120 seconds left.
|
|t:|1779824737
|move|p1a: Gholdengo|Recover|p1a: Gholdengo
|-heal|p1a: Gholdengo|100/100
|move|p2a: Umbreon|Wish|p2a: Umbreon
|
|-heal|p2a: Umbreon|96/100|[from] item: Leftovers
|upkeep
|turn|16
|
|t:|1779824748
|move|p1a: Gholdengo|Nasty Plot|p1a: Gholdengo
|-boost|p1a: Gholdengo|spa|2
|move|p2a: Umbreon|Foul Play|p1a: Gholdengo
|-supereffective|p1a: Gholdengo
|-damage|p1a: Gholdengo|77/100
|
|-heal|p2a: Umbreon|100/100|[from] move: Wish|[wisher] Umbreon
|upkeep
|turn|17
|
|t:|1779824756
|switch|p2a: Gengar|Gengar, F|100/100
|-damage|p2a: Gengar|84/100|[from] Spikes
|move|p1a: Gholdengo|Nasty Plot|p1a: Gholdengo
|-boost|p1a: Gholdengo|spa|2
|
|upkeep
|turn|18
|inactive|rainy day 00 has 120 seconds left.
|
|t:|1779824767
|move|p2a: Gengar|Shadow Ball|p1a: Gholdengo
|-supereffective|p1a: Gholdengo
|-damage|p1a: Gholdengo|0 fnt
|faint|p1a: Gholdengo
|
|upkeep
|
|t:|1779824770
|switch|p1a: Gliscor|Gliscor, F|100/100
|turn|19
|
|t:|1779824779
|switch|p2a: Umbreon|Umbreon, M, shiny|100/100
|-damage|p2a: Umbreon|84/100|[from] Spikes
|move|p1a: Gliscor|Swords Dance|p1a: Gliscor
|-boost|p1a: Gliscor|atk|2
|
|-heal|p2a: Umbreon|90/100|[from] item: Leftovers
|-status|p1a: Gliscor|tox|[from] item: Toxic Orb
|upkeep
|turn|20
|
|t:|1779824792
|move|p1a: Gliscor|Earthquake|p2a: Umbreon
|-damage|p2a: Umbreon|40/100
|move|p2a: Umbreon|Foul Play|p1a: Gliscor
|-damage|p1a: Gliscor|51/100 tox
|
|-heal|p2a: Umbreon|46/100|[from] item: Leftovers
|-heal|p1a: Gliscor|63/100 tox|[from] ability: Poison Heal
|upkeep
|turn|21
|
|t:|1779824801
|move|p1a: Gliscor|Earthquake|p2a: Umbreon
|-damage|p2a: Umbreon|0 fnt
|faint|p2a: Umbreon
|
|-heal|p1a: Gliscor|76/100 tox|[from] ability: Poison Heal
|upkeep
|
|t:|1779824809
|switch|p2a: Tsareena|Tsareena, F|74/100
|-damage|p2a: Tsareena|57/100|[from] Spikes
|turn|22
|
|t:|1779824818
|-terastallize|p1a: Gliscor|Dark
|move|p1a: Gliscor|Knock Off|p2a: Tsareena
|-damage|p2a: Tsareena|0 fnt
|-enditem|p2a: Tsareena|Assault Vest|[from] move: Knock Off|[of] p1a: Gliscor
|faint|p2a: Tsareena
|
|-heal|p1a: Gliscor|88/100 tox|[from] ability: Poison Heal
|upkeep
|
|t:|1779824827
|switch|p2a: Gengar|Gengar, F|84/100
|-damage|p2a: Gengar|68/100|[from] Spikes
|turn|23
|
|t:|1779824832
|move|p2a: Gengar|Focus Blast|p1a: Gliscor
|-supereffective|p1a: Gliscor
|-damage|p1a: Gliscor|11/100 tox
|move|p1a: Gliscor|Knock Off|p2a: Gengar
|-supereffective|p2a: Gengar
|-damage|p2a: Gengar|0 fnt
|-start|p1a: Gliscor|Disable|Knock Off|[from] ability: Cursed Body|[of] p2a: Gengar
|-enditem|p2a: Gengar|Choice Scarf|[from] move: Knock Off|[of] p1a: Gliscor
|faint|p2a: Gengar
|
|-heal|p1a: Gliscor|24/100 tox|[from] ability: Poison Heal
|upkeep
|
|t:|1779824849
|switch|p2a: Bellibolt|Bellibolt, M|100/100
|-damage|p2a: Bellibolt|84/100|[from] Spikes
|turn|24
|
|t:|1779824857
|move|p1a: Gliscor|Earthquake|p2a: Bellibolt
|-supereffective|p2a: Bellibolt
|-damage|p2a: Bellibolt|0 fnt
|faint|p2a: Bellibolt
|
|-heal|p1a: Gliscor|36/100 tox|[from] ability: Poison Heal
|upkeep
|l|☆rainy day 00
|inactive|rainy day 00 disconnected and has a minute to reconnect!
|player|p2|
|inactive|rainy day 00 has 30 seconds to reconnect!
|inactive|rainy day 00 has 20 seconds to reconnect!
|inactive|rainy day 00 has 15 seconds to reconnect!
|inactive|rainy day 00 has 10 seconds to reconnect!
|inactive|rainy day 00 has 5 seconds to reconnect!
|-message|rainy day 00 lost due to inactivity.
|
|win|claudechamp
|raw|claudechamp's rating: 1119 &rarr; <strong>1149</strong><br />(+30 for winning)
|raw|rainy day 00's rating: 1192 &rarr; <strong>1162</strong><br />(-30 for losing)
|c|☆claudechamp|gg
