|j|☆GruesomeLovelies
|j|☆mjdj
|t:|1779822414
|gametype|singles
|player|p1|GruesomeLovelies|will|
|player|p2|mjdj|heroine2-conquest|
|gen|9
|tier|[Gen 9] OU
|rule|HP Percentage Mod: HP is shown in percentages
|rule|Endless Battle Clause: Forcing endless battles is banned
|rule|Species Clause: Limit one of each Pokémon
|rule|OHKO Clause: OHKO moves are banned
|rule|Evasion Items Clause: Evasion items are banned
|rule|Evasion Moves Clause: Evasion moves are banned
|rule|Evasion Abilities Clause: Evasion abilities are banned
|rule|Sleep Moves Clause: Sleep-inducing moves are banned
|clearpoke
|poke|p1|Pecharunt|
|poke|p1|Manaphy|
|poke|p1|Heatran, M|
|poke|p1|Slowking, M|
|poke|p1|Weezing-Galar, F|
|poke|p1|Darkrai|
|poke|p2|Umbreon, F|
|poke|p2|Vaporeon, F|
|poke|p2|Jolteon, F|
|poke|p2|Sylveon, M|
|poke|p2|Espeon, F|
|poke|p2|Leafeon, M|
|teampreview
|
|t:|1779822487
|teamsize|p1|6
|teamsize|p2|6
|start
|switch|p1a: Darkrai|Darkrai|100/100
|switch|p2a: Umbreon|Umbreon, F|100/100
|turn|1
|
|t:|1779822512
|move|p1a: Darkrai|Knock Off|p2a: Umbreon
|-resisted|p2a: Umbreon
|-damage|p2a: Umbreon|88/100
|-enditem|p2a: Umbreon|Leftovers|[from] move: Knock Off|[of] p1a: Darkrai
|move|p2a: Umbreon|Foul Play|p1a: Darkrai
|-resisted|p1a: Darkrai
|-damage|p1a: Darkrai|79/100
|
|-heal|p1a: Darkrai|85/100|[from] item: Leftovers
|upkeep
|turn|2
|
|t:|1779822521
|switch|p1a: Weezing|Weezing-Galar, F|100/100
|move|p2a: Umbreon|Toxic|p1a: Weezing
|-immune|p1a: Weezing
|
|upkeep
|turn|3
|
|t:|1779822564
|switch|p2a: Vaporeon|Vaporeon, F|100/100
|move|p1a: Weezing|Toxic Spikes|p2a: Vaporeon
|-sidestart|p2: mjdj|move: Toxic Spikes
|
|upkeep
|turn|4
|
|t:|1779822580
|move|p2a: Vaporeon|Scald|p1a: Weezing
|-crit|p1a: Weezing
|-damage|p1a: Weezing|61/100
|move|p1a: Weezing|Toxic Spikes|p2a: Vaporeon
|-sidestart|p2: mjdj|move: Toxic Spikes
|
|-heal|p1a: Weezing|67/100|[from] item: Leftovers
|upkeep
|turn|5
|
|t:|1779822594
|move|p2a: Vaporeon|Wish|p2a: Vaporeon
|move|p1a: Weezing|Strange Steam|p2a: Vaporeon
|-damage|p2a: Vaporeon|79/100
|
|-heal|p1a: Weezing|73/100|[from] item: Leftovers
|upkeep
|turn|6
|
|t:|1779822603
|move|p2a: Vaporeon|Scald|p1a: Weezing
|-damage|p1a: Weezing|44/100
|move|p1a: Weezing|Strange Steam|p2a: Vaporeon|[miss]
|-miss|p1a: Weezing|p2a: Vaporeon
|
|-heal|p2a: Vaporeon|100/100|[from] move: Wish|[wisher] Vaporeon
|-heal|p1a: Weezing|50/100|[from] item: Leftovers
|upkeep
|turn|7
|
|t:|1779822612
|switch|p1a: Manaphy|Manaphy|100/100
|move|p2a: Vaporeon|Wish|p2a: Vaporeon
|
|upkeep
|turn|8
|
|t:|1779822625
|switch|p2a: Umbreon|Umbreon, F|88/100
|-status|p2a: Umbreon|tox
|move|p1a: Manaphy|Tail Glow|p1a: Manaphy
|-boost|p1a: Manaphy|spa|3
|
|-heal|p2a: Umbreon|100/100 tox|[from] move: Wish|[wisher] Vaporeon
|-damage|p2a: Umbreon|94/100 tox|[from] psn
|upkeep
|turn|9
|
|t:|1779822638
|move|p1a: Manaphy|Surf|p2a: Umbreon
|-damage|p2a: Umbreon|45/100 tox
|move|p2a: Umbreon|Toxic|p1a: Manaphy
|-status|p1a: Manaphy|tox
|
|-damage|p1a: Manaphy|94/100 tox|[from] psn
|-damage|p2a: Umbreon|32/100 tox|[from] psn
|upkeep
|turn|10
|
|t:|1779822650
|-terastallize|p2a: Umbreon|Poison
|move|p2a: Umbreon|Protect|p2a: Umbreon
|-singleturn|p2a: Umbreon|Protect
|move|p1a: Manaphy|Calm Mind|p1a: Manaphy
|-boost|p1a: Manaphy|spa|1
|-boost|p1a: Manaphy|spd|1
|
|-heal|p1a: Manaphy|100/100 tox|[from] item: Leftovers
|-damage|p1a: Manaphy|88/100 tox|[from] psn
|-damage|p2a: Umbreon|14/100 tox|[from] psn
|upkeep
|turn|11
|
|t:|1779822660
|switch|p2a: Vaporeon|Vaporeon, F|100/100
|move|p1a: Manaphy|Calm Mind|p1a: Manaphy
|-boost|p1a: Manaphy|spa|1
|-boost|p1a: Manaphy|spd|1
|
|-heal|p1a: Manaphy|94/100 tox|[from] item: Leftovers
|-damage|p1a: Manaphy|76/100 tox|[from] psn
|upkeep
|turn|12
|
|t:|1779822670
|move|p1a: Manaphy|Surf|p2a: Vaporeon
|-immune|p2a: Vaporeon|[from] ability: Water Absorb
|move|p2a: Vaporeon|Wish|p2a: Vaporeon
|
|-heal|p1a: Manaphy|82/100 tox|[from] item: Leftovers
|-damage|p1a: Manaphy|57/100 tox|[from] psn
|upkeep
|turn|13
|
|t:|1779822684
|switch|p1a: Slowking|Slowking, M|100/100
|move|p2a: Vaporeon|Ice Beam|p1a: Slowking
|-resisted|p1a: Slowking
|-damage|p1a: Slowking|93/100
|
|-heal|p1a: Slowking|99/100|[from] item: Leftovers
|upkeep
|turn|14
|
|t:|1779822691
|switch|p2a: Umbreon|Umbreon, F, tera:Poison|14/100 tox
|-sideend|p2: mjdj|move: Toxic Spikes|[of] p2a: Umbreon
|move|p1a: Slowking|Thunder Wave||[still]
|-fail|p1a: Slowking
|
|-heal|p1a: Slowking|100/100|[from] item: Leftovers
|-damage|p2a: Umbreon|8/100 tox|[from] psn
|upkeep
|turn|15
|
|t:|1779822712
|switch|p2a: Jolteon|Jolteon, F|100/100
|-terastallize|p1a: Slowking|Water
|move|p1a: Slowking|Psychic Noise|p2a: Jolteon
|-damage|p2a: Jolteon|55/100
|-start|p2a: Jolteon|move: Heal Block
|
|upkeep
|turn|16
|
|t:|1779822730
|move|p2a: Jolteon|Thunderbolt|p1a: Slowking
|-supereffective|p1a: Slowking
|-damage|p1a: Slowking|15/100
|move|p1a: Slowking|Psychic Noise|p2a: Jolteon
|-damage|p2a: Jolteon|15/100
|
|-heal|p1a: Slowking|21/100|[from] item: Leftovers
|-end|p2a: Jolteon|move: Heal Block
|upkeep
|turn|17
|
|t:|1779822763
|move|p2a: Jolteon|Thunderbolt|p1a: Slowking
|-supereffective|p1a: Slowking
|-damage|p1a: Slowking|0 fnt
|faint|p1a: Slowking
|
|upkeep
|
|t:|1779822793
|switch|p1a: Weezing|Weezing-Galar, F|50/100
|turn|18
|
|t:|1779822800
|move|p2a: Jolteon|Thunderbolt|p1a: Weezing
|-damage|p1a: Weezing|0 fnt
|faint|p1a: Weezing
|
|upkeep
|
|t:|1779822802
|switch|p1a: Heatran|Heatran, M|100/100
|turn|19
|
|t:|1779822811
|switch|p2a: Vaporeon|Vaporeon, F|100/100
|move|p1a: Heatran|Magma Storm|p2a: Vaporeon
|-resisted|p2a: Vaporeon
|-damage|p2a: Vaporeon|85/100
|-activate|p2a: Vaporeon|move: Magma Storm|[of] p1a: Heatran
|
|-damage|p2a: Vaporeon|72/100|[from] move: Magma Storm|[partiallytrapped]
|upkeep
|turn|20
|
|t:|1779822852
|switch|p1a: Manaphy|Manaphy|57/100 tox
|move|p2a: Vaporeon|Scald|p1a: Manaphy
|-resisted|p1a: Manaphy
|-damage|p1a: Manaphy|42/100 tox
|
|-heal|p1a: Manaphy|48/100 tox|[from] item: Leftovers
|-damage|p1a: Manaphy|42/100 tox|[from] psn
|-end|p2a: Vaporeon|Magma Storm|[partiallytrapped]|[silent]
|upkeep
|turn|21
|
|t:|1779822862
|move|p1a: Manaphy|Tail Glow|p1a: Manaphy
|-boost|p1a: Manaphy|spa|3
|move|p2a: Vaporeon|Wish|p2a: Vaporeon
|
|-heal|p1a: Manaphy|48/100 tox|[from] item: Leftovers
|-damage|p1a: Manaphy|36/100 tox|[from] psn
|upkeep
|turn|22
|
|t:|1779822878
|switch|p2a: Umbreon|Umbreon, F, tera:Poison|8/100 tox
|move|p1a: Manaphy|Surf|p2a: Umbreon
|-damage|p2a: Umbreon|0 fnt
|faint|p2a: Umbreon
|
|-heal|p1a: Manaphy|42/100 tox|[from] item: Leftovers
|-damage|p1a: Manaphy|24/100 tox|[from] psn
|upkeep
|
|t:|1779822887
|switch|p2a: Vaporeon|Vaporeon, F|72/100
|turn|23
|
|t:|1779822893
|move|p1a: Manaphy|Surf|p2a: Vaporeon
|-heal|p2a: Vaporeon|97/100|[from] ability: Water Absorb|[of] p1a: Manaphy
|move|p2a: Vaporeon|Wish|p2a: Vaporeon
|
|-heal|p1a: Manaphy|30/100 tox|[from] item: Leftovers
|-damage|p1a: Manaphy|5/100 tox|[from] psn
|upkeep
|turn|24
|
|t:|1779822902
|move|p1a: Manaphy|Surf|p2a: Vaporeon
|-heal|p2a: Vaporeon|100/100|[from] ability: Water Absorb|[of] p1a: Manaphy
|move|p2a: Vaporeon|Ice Beam|p1a: Manaphy
|-resisted|p1a: Manaphy
|-damage|p1a: Manaphy|0 fnt
|faint|p1a: Manaphy
|
|upkeep
|
|t:|1779822904
|switch|p1a: Pecharunt|Pecharunt|100/100
|turn|25
|
|t:|1779822921
|move|p1a: Pecharunt|Malignant Chain|p2a: Vaporeon
|-damage|p2a: Vaporeon|78/100
|-status|p2a: Vaporeon|tox
|-start|p2a: Vaporeon|confusion|[from] ability: Poison Puppeteer|[of] p1a: Pecharunt
|-activate|p2a: Vaporeon|confusion
|move|p2a: Vaporeon|Ice Beam|p1a: Pecharunt
|-damage|p1a: Pecharunt|84/100
|
|-damage|p2a: Vaporeon|72/100 tox|[from] psn
|upkeep
|turn|26
|
|t:|1779822935
|move|p1a: Pecharunt|Shadow Ball|p2a: Vaporeon
|-damage|p2a: Vaporeon|52/100 tox
|-unboost|p2a: Vaporeon|spd|1
|-activate|p2a: Vaporeon|confusion
|move|p2a: Vaporeon|Wish|p2a: Vaporeon
|
|-damage|p2a: Vaporeon|40/100 tox|[from] psn
|upkeep
|turn|27
|
|t:|1779822944
|switch|p2a: Espeon|Espeon, F|100/100
|move|p1a: Pecharunt|Malignant Chain|p2a: Espeon
|-damage|p2a: Espeon|70/100
|-status|p2a: Espeon|tox
|-start|p2a: Espeon|confusion|[from] ability: Poison Puppeteer|[of] p1a: Pecharunt
|
|-heal|p2a: Espeon|100/100 tox|[from] move: Wish|[wisher] Vaporeon
|-damage|p2a: Espeon|95/100 tox|[from] psn
|upkeep
|turn|28
|
|t:|1779822961
|switch|p1a: Heatran|Heatran, M|100/100
|-activate|p2a: Espeon|confusion
|-damage|p2a: Espeon|86/100 tox|[from] confusion
|
|-damage|p2a: Espeon|74/100 tox|[from] psn
|upkeep
|turn|29
|
|t:|1779822976
|-activate|p2a: Espeon|confusion
|move|p2a: Espeon|Light Screen|p2a: Espeon
|-sidestart|p2: mjdj|move: Light Screen
|move|p1a: Heatran|Earth Power|p2a: Espeon
|-damage|p2a: Espeon|60/100 tox
|
|-damage|p2a: Espeon|42/100 tox|[from] psn
|upkeep
|turn|30
|
|t:|1779822983
|switch|p2a: Vaporeon|Vaporeon, F|40/100 tox
|move|p1a: Heatran|Stealth Rock|p2a: Vaporeon
|-sidestart|p2: mjdj|move: Stealth Rock
|
|-damage|p2a: Vaporeon|33/100 tox|[from] psn
|upkeep
|turn|31
|
|t:|1779822995
|switch|p1a: Pecharunt|Pecharunt|84/100
|move|p2a: Vaporeon|Wish|p2a: Vaporeon
|
|-damage|p2a: Vaporeon|21/100 tox|[from] psn
|upkeep
|turn|32
|
|t:|1779823001
|move|p2a: Vaporeon|Protect|p2a: Vaporeon
|-singleturn|p2a: Vaporeon|Protect
|move|p1a: Pecharunt|Shadow Ball|p2a: Vaporeon
|-activate|p2a: Vaporeon|move: Protect
|
|-heal|p2a: Vaporeon|71/100 tox|[from] move: Wish|[wisher] Vaporeon
|-damage|p2a: Vaporeon|52/100 tox|[from] psn
|upkeep
|turn|33
|
|t:|1779823011
|move|p1a: Pecharunt|Shadow Ball|p2a: Vaporeon
|-damage|p2a: Vaporeon|43/100 tox
|move|p2a: Vaporeon|Scald|p1a: Pecharunt
|-damage|p1a: Pecharunt|62/100
|
|-damage|p2a: Vaporeon|18/100 tox|[from] psn
|upkeep
|turn|34
|
|t:|1779823019
|move|p1a: Pecharunt|Recover|p1a: Pecharunt
|-heal|p1a: Pecharunt|100/100
|move|p2a: Vaporeon|Wish|p2a: Vaporeon
|
|-damage|p2a: Vaporeon|0 fnt|[from] psn
|faint|p2a: Vaporeon
|upkeep
|
|t:|1779823025
|switch|p2a: Espeon|Espeon, F|42/100 tox
|-damage|p2a: Espeon|30/100 tox|[from] Stealth Rock
|turn|35
|
|t:|1779823032
|move|p2a: Espeon|Psychic|p1a: Pecharunt
|-supereffective|p1a: Pecharunt
|-damage|p1a: Pecharunt|46/100
|move|p1a: Pecharunt|Shadow Ball|p2a: Espeon
|-supereffective|p2a: Espeon
|-damage|p2a: Espeon|3/100 tox
|
|-heal|p2a: Espeon|73/100 tox|[from] move: Wish|[wisher] Vaporeon
|-damage|p2a: Espeon|67/100 tox|[from] psn
|upkeep
|turn|36
|
|t:|1779823054
|switch|p1a: Heatran|Heatran, M|100/100
|move|p2a: Espeon|Psychic|p1a: Heatran
|-resisted|p1a: Heatran
|-damage|p1a: Heatran|84/100
|
|-heal|p1a: Heatran|90/100|[from] item: Leftovers
|-damage|p2a: Espeon|55/100 tox|[from] psn
|-sideend|p2: mjdj|move: Light Screen
|upkeep
|turn|37
|
|t:|1779823067
|move|p2a: Espeon|Light Screen|p2a: Espeon
|-sidestart|p2: mjdj|move: Light Screen
|move|p1a: Heatran|Magma Storm|p2a: Espeon
|-damage|p2a: Espeon|32/100 tox
|-activate|p2a: Espeon|move: Magma Storm|[of] p1a: Heatran
|
|-heal|p1a: Heatran|97/100|[from] item: Leftovers
|-damage|p2a: Espeon|14/100 tox|[from] psn
|-damage|p2a: Espeon|2/100 tox|[from] move: Magma Storm|[partiallytrapped]
|upkeep
|turn|38
|
|t:|1779823091
|move|p2a: Espeon|Reflect|p2a: Espeon
|-sidestart|p2: mjdj|Reflect
|move|p1a: Heatran|Earth Power|p2a: Espeon
|-damage|p2a: Espeon|0 fnt
|faint|p2a: Espeon
|
|-heal|p1a: Heatran|100/100|[from] item: Leftovers
|upkeep
|
|t:|1779823107
|switch|p2a: Sylveon|Sylveon, M|100/100
|-damage|p2a: Sylveon|88/100|[from] Stealth Rock
|turn|39
|
|t:|1779823122
|move|p1a: Heatran|Magma Storm|p2a: Sylveon|[miss]
|-miss|p1a: Heatran|p2a: Sylveon
|move|p2a: Sylveon|Calm Mind|p2a: Sylveon
|-boost|p2a: Sylveon|spa|1
|-boost|p2a: Sylveon|spd|1
|
|-heal|p2a: Sylveon|94/100|[from] item: Leftovers
|upkeep
|turn|40
|
|t:|1779823129
|move|p1a: Heatran|Magma Storm|p2a: Sylveon
|-crit|p2a: Sylveon
|-damage|p2a: Sylveon|52/100
|-activate|p2a: Sylveon|move: Magma Storm|[of] p1a: Heatran
|move|p2a: Sylveon|Calm Mind|p2a: Sylveon
|-boost|p2a: Sylveon|spa|1
|-boost|p2a: Sylveon|spd|1
|
|-heal|p2a: Sylveon|58/100|[from] item: Leftovers
|-damage|p2a: Sylveon|46/100|[from] move: Magma Storm|[partiallytrapped]
|upkeep
|turn|41
|
|t:|1779823139
|move|p1a: Heatran|Magma Storm|p2a: Sylveon
|-damage|p2a: Sylveon|39/100
|move|p2a: Sylveon|Draining Kiss|p1a: Heatran
|-resisted|p1a: Heatran
|-damage|p1a: Heatran|89/100
|-heal|p2a: Sylveon|47/100|[from] drain|[of] p1a: Heatran
|
|-heal|p1a: Heatran|95/100|[from] item: Leftovers
|-heal|p2a: Sylveon|53/100|[from] item: Leftovers
|-damage|p2a: Sylveon|41/100|[from] move: Magma Storm|[partiallytrapped]
|upkeep
|turn|42
|
|t:|1779823154
|move|p1a: Heatran|Magma Storm|p2a: Sylveon
|-damage|p2a: Sylveon|33/100
|move|p2a: Sylveon|Calm Mind|p2a: Sylveon
|-boost|p2a: Sylveon|spa|1
|-boost|p2a: Sylveon|spd|1
|
|-heal|p1a: Heatran|100/100|[from] item: Leftovers
|-heal|p2a: Sylveon|39/100|[from] item: Leftovers
|-damage|p2a: Sylveon|27/100|[from] move: Magma Storm|[partiallytrapped]
|upkeep
|turn|43
|
|t:|1779823164
|switch|p1a: Darkrai|Darkrai|85/100
|move|p2a: Sylveon|Draining Kiss|p1a: Darkrai
|-supereffective|p1a: Darkrai
|-damage|p1a: Darkrai|0 fnt
|-heal|p2a: Sylveon|72/100|[from] drain|[of] p1a: Darkrai
|faint|p1a: Darkrai
|
|-heal|p2a: Sylveon|78/100|[from] item: Leftovers
|-end|p2a: Sylveon|Magma Storm|[partiallytrapped]|[silent]
|upkeep
|
|t:|1779823170
|switch|p1a: Pecharunt|Pecharunt|46/100
|turn|44
|
|t:|1779823179
|move|p1a: Pecharunt|Recover|p1a: Pecharunt
|-heal|p1a: Pecharunt|96/100
|move|p2a: Sylveon|Draining Kiss|p1a: Pecharunt
|-resisted|p1a: Pecharunt
|-damage|p1a: Pecharunt|72/100
|-heal|p2a: Sylveon|96/100|[from] drain|[of] p1a: Pecharunt
|-damage|p2a: Sylveon|79/100|[from] item: Rocky Helmet|[of] p1a: Pecharunt
|
|-heal|p2a: Sylveon|85/100|[from] item: Leftovers
|-sideend|p2: mjdj|move: Light Screen
|upkeep
|turn|45
|
|t:|1779823188
|move|p1a: Pecharunt|Malignant Chain|p2a: Sylveon
|-supereffective|p2a: Sylveon
|-damage|p2a: Sylveon|68/100
|move|p2a: Sylveon|Calm Mind|p2a: Sylveon
|-boost|p2a: Sylveon|spa|1
|-boost|p2a: Sylveon|spd|1
|
|-heal|p2a: Sylveon|74/100|[from] item: Leftovers
|-sideend|p2: mjdj|Reflect
|upkeep
|turn|46
|
|t:|1779823197
|move|p2a: Sylveon|Protect|p2a: Sylveon
|-singleturn|p2a: Sylveon|Protect
|move|p1a: Pecharunt|Malignant Chain|p2a: Sylveon
|-activate|p2a: Sylveon|move: Protect
|
|-heal|p2a: Sylveon|80/100|[from] item: Leftovers
|upkeep
|turn|47
|
|t:|1779823205
|move|p1a: Pecharunt|Malignant Chain|p2a: Sylveon
|-supereffective|p2a: Sylveon
|-damage|p2a: Sylveon|65/100
|move|p2a: Sylveon|Draining Kiss|p1a: Pecharunt
|-resisted|p1a: Pecharunt
|-damage|p1a: Pecharunt|43/100
|-heal|p2a: Sylveon|86/100|[from] drain|[of] p1a: Pecharunt
|-damage|p2a: Sylveon|70/100|[from] item: Rocky Helmet|[of] p1a: Pecharunt
|
|-heal|p2a: Sylveon|76/100|[from] item: Leftovers
|upkeep
|turn|48
|
|t:|1779823216
|move|p2a: Sylveon|Protect|p2a: Sylveon
|-singleturn|p2a: Sylveon|Protect
|move|p1a: Pecharunt|Malignant Chain|p2a: Sylveon
|-activate|p2a: Sylveon|move: Protect
|
|-heal|p2a: Sylveon|82/100|[from] item: Leftovers
|upkeep
|turn|49
|
|t:|1779823223
|move|p1a: Pecharunt|Recover|p1a: Pecharunt
|-heal|p1a: Pecharunt|93/100
|move|p2a: Sylveon|Calm Mind|p2a: Sylveon
|-boost|p2a: Sylveon|spa|1
|-boost|p2a: Sylveon|spd|1
|
|-heal|p2a: Sylveon|88/100|[from] item: Leftovers
|upkeep
|turn|50
|
|t:|1779823230
|move|p2a: Sylveon|Protect|p2a: Sylveon
|-singleturn|p2a: Sylveon|Protect
|move|p1a: Pecharunt|Malignant Chain|p2a: Sylveon
|-activate|p2a: Sylveon|move: Protect
|
|-heal|p2a: Sylveon|94/100|[from] item: Leftovers
|upkeep
|turn|51
|
|t:|1779823241
|move|p1a: Pecharunt|Malignant Chain|p2a: Sylveon
|-supereffective|p2a: Sylveon
|-damage|p2a: Sylveon|80/100
|move|p2a: Sylveon|Calm Mind|p2a: Sylveon
|-boost|p2a: Sylveon|spa|1
|-boost|p2a: Sylveon|spd|1
|
|-heal|p2a: Sylveon|86/100|[from] item: Leftovers
|upkeep
|turn|52
|
|t:|1779823256
|move|p1a: Pecharunt|Parting Shot|p2a: Sylveon
|-unboost|p2a: Sylveon|atk|1
|-unboost|p2a: Sylveon|spa|1
|
|t:|1779823259
|switch|p1a: Heatran|Heatran, M|100/100|[from] Parting Shot
|move|p2a: Sylveon|Draining Kiss|p1a: Heatran
|-resisted|p1a: Heatran
|-damage|p1a: Heatran|83/100
|-heal|p2a: Sylveon|99/100|[from] drain|[of] p1a: Heatran
|
|-heal|p1a: Heatran|90/100|[from] item: Leftovers
|-heal|p2a: Sylveon|100/100|[from] item: Leftovers
|upkeep
|turn|53
|
|t:|1779823274
|move|p1a: Heatran|Will-O-Wisp|p2a: Sylveon
|-status|p2a: Sylveon|brn
|move|p2a: Sylveon|Hyper Voice|p1a: Heatran
|-resisted|p1a: Heatran
|-damage|p1a: Heatran|52/100
|
|-heal|p1a: Heatran|58/100|[from] item: Leftovers
|-damage|p2a: Sylveon|94/100 brn|[from] brn
|upkeep
|turn|54
|
|t:|1779823285
|move|p1a: Heatran|Magma Storm|p2a: Sylveon
|-crit|p2a: Sylveon
|-damage|p2a: Sylveon|49/100 brn
|-activate|p2a: Sylveon|move: Magma Storm|[of] p1a: Heatran
|move|p2a: Sylveon|Hyper Voice|p1a: Heatran
|-resisted|p1a: Heatran
|-damage|p1a: Heatran|18/100
|
|-heal|p1a: Heatran|24/100|[from] item: Leftovers
|-heal|p2a: Sylveon|55/100 brn|[from] item: Leftovers
|-damage|p2a: Sylveon|49/100 brn|[from] brn
|-damage|p2a: Sylveon|36/100 brn|[from] move: Magma Storm|[partiallytrapped]
|upkeep
|turn|55
|
|t:|1779823300
|move|p1a: Heatran|Magma Storm|p2a: Sylveon
|-damage|p2a: Sylveon|29/100 brn
|move|p2a: Sylveon|Draining Kiss|p1a: Heatran
|-resisted|p1a: Heatran
|-damage|p1a: Heatran|7/100
|-heal|p2a: Sylveon|42/100 brn|[from] drain|[of] p1a: Heatran
|
|-heal|p1a: Heatran|13/100|[from] item: Leftovers
|-heal|p2a: Sylveon|48/100 brn|[from] item: Leftovers
|-damage|p2a: Sylveon|42/100 brn|[from] brn
|-damage|p2a: Sylveon|29/100 brn|[from] move: Magma Storm|[partiallytrapped]
|upkeep
|turn|56
|
|t:|1779823312
|move|p1a: Heatran|Earth Power|p2a: Sylveon
|-damage|p2a: Sylveon|24/100 brn
|move|p2a: Sylveon|Hyper Voice|p1a: Heatran
|-resisted|p1a: Heatran
|-damage|p1a: Heatran|0 fnt
|faint|p1a: Heatran
|
|-heal|p2a: Sylveon|30/100 brn|[from] item: Leftovers
|-damage|p2a: Sylveon|24/100 brn|[from] brn
|-end|p2a: Sylveon|Magma Storm|[partiallytrapped]|[silent]
|upkeep
|
|t:|1779823316
|switch|p1a: Pecharunt|Pecharunt|93/100
|turn|57
|
|t:|1779823323
|move|p1a: Pecharunt|Shadow Ball|p2a: Sylveon
|-damage|p2a: Sylveon|20/100 brn
|move|p2a: Sylveon|Draining Kiss|p1a: Pecharunt
|-resisted|p1a: Pecharunt
|-damage|p1a: Pecharunt|64/100
|-heal|p2a: Sylveon|41/100 brn|[from] drain|[of] p1a: Pecharunt
|-damage|p2a: Sylveon|24/100 brn|[from] item: Rocky Helmet|[of] p1a: Pecharunt
|
|-heal|p2a: Sylveon|30/100 brn|[from] item: Leftovers
|-damage|p2a: Sylveon|24/100 brn|[from] brn
|upkeep
|turn|58
|
|t:|1779823334
|move|p1a: Pecharunt|Shadow Ball|p2a: Sylveon
|-damage|p2a: Sylveon|20/100 brn
|-unboost|p2a: Sylveon|spd|1
|move|p2a: Sylveon|Draining Kiss|p1a: Pecharunt
|-resisted|p1a: Pecharunt
|-damage|p1a: Pecharunt|33/100
|-heal|p2a: Sylveon|43/100 brn|[from] drain|[of] p1a: Pecharunt
|-damage|p2a: Sylveon|26/100 brn|[from] item: Rocky Helmet|[of] p1a: Pecharunt
|
|-heal|p2a: Sylveon|32/100 brn|[from] item: Leftovers
|-damage|p2a: Sylveon|26/100 brn|[from] brn
|upkeep
|turn|59
|
|t:|1779823346
|move|p1a: Pecharunt|Shadow Ball|p2a: Sylveon
|-damage|p2a: Sylveon|21/100 brn
|move|p2a: Sylveon|Hyper Voice|p1a: Pecharunt
|-resisted|p1a: Pecharunt
|-crit|p1a: Pecharunt
|-damage|p1a: Pecharunt|0 fnt
|faint|p1a: Pecharunt
|
|win|mjdj
|l|☆GruesomeLovelies
|player|p1|
|j|☆GruesomeLovelies
|player|p1|GruesomeLovelies|will|
