|j|☆erjtsers
|j|☆Acastillo631
|t:|1779885803
|gametype|singles
|player|p1|erjtsers|pokemonbreeder|1660
|player|p2|Acastillo631|silver|1632
|gen|9
|tier|[Gen 9] OU
|rated|
|rule|HP Percentage Mod: HP is shown in percentages
|rule|Endless Battle Clause: Forcing endless battles is banned
|rule|Species Clause: Limit one of each Pokémon
|rule|OHKO Clause: OHKO moves are banned
|rule|Evasion Items Clause: Evasion items are banned
|rule|Evasion Moves Clause: Evasion moves are banned
|rule|Evasion Abilities Clause: Evasion abilities are banned
|rule|Sleep Moves Clause: Sleep-inducing moves are banned
|clearpoke
|poke|p1|Cinderace, F|
|poke|p1|Alomomola, M|
|poke|p1|Great Tusk|
|poke|p1|Iron Valiant|
|poke|p1|Pecharunt|
|poke|p1|Ogerpon-Cornerstone, F|
|poke|p2|Iron Valiant|
|poke|p2|Sinistcha|
|poke|p2|Tyranitar, M|
|poke|p2|Klefki, F|
|poke|p2|Swampert, M|
|poke|p2|Talonflame, M|
|teampreview
|
|t:|1779885839
|teamsize|p1|6
|teamsize|p2|6
|start
|switch|p1a: Cinderace|Cinderace, F|100/100
|switch|p2a: Duff Mcwhalen|Swampert, M|100/100
|turn|1
|
|t:|1779885857
|move|p1a: Cinderace|U-turn|p2a: Duff Mcwhalen
|-start|p1a: Cinderace|typechange|Bug|[from] ability: Libero
|-damage|p2a: Duff Mcwhalen|50/100
|
|t:|1779885861
|switch|p1a: Alomomola|Alomomola, M, shiny|100/100|[from] U-turn
|move|p2a: Duff Mcwhalen|Stealth Rock|p1a: Alomomola
|-sidestart|p1: erjtsers|move: Stealth Rock
|
|-heal|p2a: Duff Mcwhalen|56/100|[from] item: Leftovers
|upkeep
|turn|2
|
|t:|1779885878
|move|p2a: Duff Mcwhalen|Knock Off|p1a: Alomomola
|-damage|p1a: Alomomola|84/100
|-enditem|p1a: Alomomola|Assault Vest|[from] move: Knock Off|[of] p2a: Duff Mcwhalen
|move|p1a: Alomomola|Flip Turn|p2a: Duff Mcwhalen
|-damage|p2a: Duff Mcwhalen|40/100
|
|t:|1779885884
|switch|p1a: Great Tusk|Great Tusk, shiny|100/100|[from] Flip Turn
|
|-heal|p2a: Duff Mcwhalen|46/100|[from] item: Leftovers
|upkeep
|turn|3
|
|t:|1779885888
|switch|p2a: Wire Sponge|Sinistcha|100/100
|move|p1a: Great Tusk|Ice Spinner|p2a: Wire Sponge
|-supereffective|p2a: Wire Sponge
|-damage|p2a: Wire Sponge|56/100
|
|upkeep
|turn|4
|
|t:|1779885894
|-end|p1a: Great Tusk|Protosynthesis|[silent]
|switch|p1a: Cinderace|Cinderace, F|100/100
|-damage|p1a: Cinderace|76/100|[from] Stealth Rock
|move|p2a: Wire Sponge|Strength Sap|p1a: Cinderace
|-unboost|p1a: Cinderace|atk|1
|-heal|p2a: Wire Sponge|100/100
|
|upkeep
|turn|5
|
|t:|1779885902
|move|p1a: Cinderace|U-turn|p2a: Wire Sponge
|-start|p1a: Cinderace|typechange|Bug|[from] ability: Libero
|-damage|p2a: Wire Sponge|74/100
|
|t:|1779885905
|switch|p1a: Alomomola|Alomomola, M, shiny|100/100|[from] U-turn
|-damage|p1a: Alomomola|88/100|[from] Stealth Rock
|move|p2a: Wire Sponge|Shadow Ball|p1a: Alomomola
|-damage|p1a: Alomomola|66/100
|
|upkeep
|turn|6
|
|t:|1779885913
|move|p2a: Wire Sponge|Strength Sap|p1a: Alomomola
|-unboost|p1a: Alomomola|atk|1
|-heal|p2a: Wire Sponge|100/100
|move|p1a: Alomomola|Mirror Coat||[still]
|-fail|p1a: Alomomola
|
|upkeep
|turn|7
|
|t:|1779885918
|move|p2a: Wire Sponge|Calm Mind|p2a: Wire Sponge
|-boost|p2a: Wire Sponge|spa|1
|-boost|p2a: Wire Sponge|spd|1
|move|p1a: Alomomola|Flip Turn|p2a: Wire Sponge
|-resisted|p2a: Wire Sponge
|-damage|p2a: Wire Sponge|96/100
|
|t:|1779885921
|switch|p1a: Cinderace|Cinderace, F|76/100|[from] Flip Turn
|-damage|p1a: Cinderace|51/100|[from] Stealth Rock
|
|upkeep
|turn|8
|
|t:|1779885939
|move|p1a: Cinderace|Pyro Ball|p2a: Wire Sponge
|-supereffective|p2a: Wire Sponge
|-damage|p2a: Wire Sponge|37/100
|move|p2a: Wire Sponge|Strength Sap|p1a: Cinderace
|-unboost|p1a: Cinderace|atk|1
|-heal|p2a: Wire Sponge|100/100
|
|upkeep
|turn|9
|
|t:|1779885945
|switch|p1a: Iron Valiant|Iron Valiant|100/100
|-damage|p1a: Iron Valiant|94/100|[from] Stealth Rock
|move|p2a: Wire Sponge|Shadow Ball|p1a: Iron Valiant
|-damage|p1a: Iron Valiant|10/100
|
|upkeep
|turn|10
|
|t:|1779885958
|switch|p2a: Redips|Klefki, F|100/100
|-terastallize|p1a: Iron Valiant|Ghost
|move|p1a: Iron Valiant|Shadow Ball|p2a: Redips
|-damage|p2a: Redips|33/100
|
|upkeep
|turn|11
|
|t:|1779885963
|switch|p2a: Eregion|Tyranitar, M|100/100
|-weather|Sandstorm|[from] ability: Sand Stream|[of] p2a: Eregion
|move|p1a: Iron Valiant|Shadow Ball|p2a: Eregion
|-resisted|p2a: Eregion
|-damage|p2a: Eregion|89/100
|-unboost|p2a: Eregion|spd|1
|
|-weather|Sandstorm|[upkeep]
|-damage|p1a: Iron Valiant|4/100|[from] Sandstorm
|-heal|p2a: Eregion|96/100|[from] item: Leftovers
|upkeep
|turn|12
|
|t:|1779885967
|-end|p1a: Iron Valiant|Quark Drive|[silent]
|switch|p1a: Great Tusk|Great Tusk, shiny|100/100
|move|p2a: Eregion|Roar|p1a: Great Tusk
|-end|p1a: Great Tusk|Protosynthesis|[silent]
|drag|p1a: Alomomola|Alomomola, M, shiny|99/100
|-damage|p1a: Alomomola|87/100|[from] Stealth Rock
|
|-weather|Sandstorm|[upkeep]
|-damage|p1a: Alomomola|81/100|[from] Sandstorm
|-heal|p2a: Eregion|100/100|[from] item: Leftovers
|upkeep
|turn|13
|
|t:|1779885985
|move|p2a: Eregion|Stone Edge|p1a: Alomomola
|-damage|p1a: Alomomola|47/100
|move|p1a: Alomomola|Flip Turn|p2a: Eregion
|-supereffective|p2a: Eregion
|-damage|p2a: Eregion|76/100
|
|t:|1779885990
|switch|p1a: Great Tusk|Great Tusk, shiny|100/100|[from] Flip Turn
|
|-weather|Sandstorm|[upkeep]
|-heal|p2a: Eregion|82/100|[from] item: Leftovers
|upkeep
|turn|14
|
|t:|1779885997
|switch|p2a: Wire Sponge|Sinistcha|100/100
|move|p1a: Great Tusk|Ice Spinner|p2a: Wire Sponge
|-supereffective|p2a: Wire Sponge
|-damage|p2a: Wire Sponge|59/100
|
|-weather|Sandstorm|[upkeep]
|-damage|p2a: Wire Sponge|53/100|[from] Sandstorm
|upkeep
|turn|15
|
|t:|1779886003
|-end|p1a: Great Tusk|Protosynthesis|[silent]
|switch|p1a: Pecharunt|Pecharunt|100/100
|-damage|p1a: Pecharunt|88/100|[from] Stealth Rock
|move|p2a: Wire Sponge|Strength Sap|p1a: Pecharunt
|-unboost|p1a: Pecharunt|atk|1
|-heal|p2a: Wire Sponge|99/100
|
|-weather|none
|upkeep
|turn|16
|
|t:|1779886012
|switch|p2a: Duff Mcwhalen|Swampert, M|46/100
|move|p1a: Pecharunt|Malignant Chain|p2a: Duff Mcwhalen
|-resisted|p2a: Duff Mcwhalen
|-damage|p2a: Duff Mcwhalen|37/100
|
|-heal|p2a: Duff Mcwhalen|43/100|[from] item: Leftovers
|upkeep
|turn|17
|
|t:|1779886024
|move|p1a: Pecharunt|Parting Shot|p2a: Duff Mcwhalen
|-unboost|p2a: Duff Mcwhalen|atk|1
|-unboost|p2a: Duff Mcwhalen|spa|1
|
|t:|1779886026
|switch|p1a: Alomomola|Alomomola, M, shiny|80/100|[from] Parting Shot
|-damage|p1a: Alomomola|68/100|[from] Stealth Rock
|move|p2a: Duff Mcwhalen|Flip Turn|p1a: Alomomola
|-resisted|p1a: Alomomola
|-damage|p1a: Alomomola|63/100
|
|t:|1779886036
|switch|p2a: Redips|Klefki, F|33/100|[from] Flip Turn
|
|upkeep
|turn|18
|
|t:|1779886038
|move|p2a: Redips|Spikes|p1a: Alomomola
|-sidestart|p1: erjtsers|Spikes
|move|p1a: Alomomola|Flip Turn|p2a: Redips
|-damage|p2a: Redips|18/100
|-damage|p1a: Alomomola|46/100|[from] item: Rocky Helmet|[of] p2a: Redips
|
|t:|1779886044
|switch|p1a: Great Tusk|Great Tusk, shiny|100/100|[from] Flip Turn
|
|upkeep
|turn|19
|
|t:|1779886050
|switch|p2a: Wire Sponge|Sinistcha|99/100
|move|p1a: Great Tusk|Ice Spinner|p2a: Wire Sponge
|-supereffective|p2a: Wire Sponge
|-damage|p2a: Wire Sponge|57/100
|
|upkeep
|turn|20
|
|t:|1779886062
|-end|p1a: Great Tusk|Protosynthesis|[silent]
|switch|p1a: Alomomola|Alomomola, M, shiny|79/100
|-damage|p1a: Alomomola|67/100|[from] Stealth Rock
|-damage|p1a: Alomomola|55/100|[from] Spikes
|move|p2a: Wire Sponge|Strength Sap|p1a: Alomomola
|-unboost|p1a: Alomomola|atk|1
|-heal|p2a: Wire Sponge|100/100
|
|upkeep
|turn|21
|
|t:|1779886066
|move|p2a: Wire Sponge|Calm Mind|p2a: Wire Sponge
|-boost|p2a: Wire Sponge|spa|1
|-boost|p2a: Wire Sponge|spd|1
|move|p1a: Alomomola|Flip Turn|p2a: Wire Sponge
|-resisted|p2a: Wire Sponge
|-damage|p2a: Wire Sponge|96/100
|
|t:|1779886076
|switch|p1a: Pecharunt|Pecharunt|88/100|[from] Flip Turn
|-damage|p1a: Pecharunt|76/100|[from] Stealth Rock
|-damage|p1a: Pecharunt|63/100|[from] Spikes
|
|upkeep
|turn|22
|
|t:|1779886091
|switch|p2a: Eregion|Tyranitar, M|82/100
|-weather|Sandstorm|[from] ability: Sand Stream|[of] p2a: Eregion
|move|p1a: Pecharunt|Malignant Chain|p2a: Eregion
|-resisted|p2a: Eregion
|-damage|p2a: Eregion|76/100
|-status|p2a: Eregion|tox
|-start|p2a: Eregion|confusion|[from] ability: Poison Puppeteer|[of] p1a: Pecharunt
|
|-weather|Sandstorm|[upkeep]
|-damage|p1a: Pecharunt|57/100|[from] Sandstorm
|-heal|p2a: Eregion|83/100 tox|[from] item: Leftovers
|-damage|p2a: Eregion|76/100 tox|[from] psn
|upkeep
|turn|23
|
|t:|1779886099
|switch|p1a: Great Tusk|Great Tusk, shiny|100/100
|switch|p2a: Duff Mcwhalen|Swampert, M|43/100
|
|-weather|Sandstorm|[upkeep]
|-heal|p2a: Duff Mcwhalen|49/100|[from] item: Leftovers
|upkeep
|turn|24
|
|t:|1779886106
|move|p1a: Great Tusk|Ice Spinner|p2a: Duff Mcwhalen
|-damage|p2a: Duff Mcwhalen|22/100
|move|p2a: Duff Mcwhalen|Flip Turn|p1a: Great Tusk
|-supereffective|p1a: Great Tusk
|-damage|p1a: Great Tusk|50/100
|
|t:|1779886112
|switch|p2a: Wire Sponge|Sinistcha|96/100|[from] Flip Turn
|
|-weather|Sandstorm|[upkeep]
|-damage|p2a: Wire Sponge|90/100|[from] Sandstorm
|upkeep
|turn|25
|
|t:|1779886117
|-end|p1a: Great Tusk|Protosynthesis|[silent]
|switch|p1a: Alomomola|Alomomola, M, shiny|88/100
|-damage|p1a: Alomomola|76/100|[from] Stealth Rock
|-damage|p1a: Alomomola|63/100|[from] Spikes
|move|p2a: Wire Sponge|Matcha Gotcha|p1a: Alomomola
|-supereffective|p1a: Alomomola
|-damage|p1a: Alomomola|16/100
|-heal|p2a: Wire Sponge|100/100|[from] drain|[of] p1a: Alomomola
|
|-weather|Sandstorm|[upkeep]
|-damage|p2a: Wire Sponge|94/100|[from] Sandstorm
|-damage|p1a: Alomomola|9/100|[from] Sandstorm
|upkeep
|turn|26
|
|t:|1779886143
|switch|p1a: Pecharunt|Pecharunt|57/100
|-damage|p1a: Pecharunt|45/100|[from] Stealth Rock
|-damage|p1a: Pecharunt|33/100|[from] Spikes
|move|p2a: Wire Sponge|Shadow Ball|p1a: Pecharunt
|-supereffective|p1a: Pecharunt
|-damage|p1a: Pecharunt|0 fnt
|faint|p1a: Pecharunt
|
|-weather|none
|upkeep
|
|t:|1779886173
|switch|p1a: Alomomola|Alomomola, M, shiny|43/100
|-damage|p1a: Alomomola|30/100|[from] Stealth Rock
|-damage|p1a: Alomomola|18/100|[from] Spikes
|turn|27
|
|t:|1779886179
|switch|p1a: Ogerpon|Ogerpon-Cornerstone, F|100/100
|-damage|p1a: Ogerpon|88/100|[from] Stealth Rock
|-damage|p1a: Ogerpon|76/100|[from] Spikes
|move|p2a: Wire Sponge|Shadow Ball|p1a: Ogerpon
|-damage|p1a: Ogerpon|40/100
|-unboost|p1a: Ogerpon|spd|1
|
|upkeep
|turn|28
|
|t:|1779886187
|move|p1a: Ogerpon|Swords Dance|p1a: Ogerpon
|-boost|p1a: Ogerpon|atk|2
|move|p2a: Wire Sponge|Shadow Ball|p1a: Ogerpon
|-damage|p1a: Ogerpon|0 fnt
|faint|p1a: Ogerpon
|
|upkeep
|-message|erjtsers forfeited.
|
|win|Acastillo631
|raw|erjtsers's rating: 1660 &rarr; <strong>1638</strong><br />(-22 for losing)
|raw|Acastillo631's rating: 1632 &rarr; <strong>1654</strong><br />(+22 for winning)
|l|☆erjtsers
|player|p1|
|c|☆Acastillo631|Gg
|l|☆Acastillo631
|player|p2|
