|j|☆tommytt22
|j|☆RandumbRaccoon
|t:|1779943074
|gametype|singles
|player|p1|tommytt22|drayden|1394
|player|p2|RandumbRaccoon|ingo|1387
|gen|9
|tier|[Gen 9] OU
|rated|
|rule|HP Percentage Mod: HP is shown in percentages
|rule|Endless Battle Clause: Forcing endless battles is banned
|rule|Species Clause: Limit one of each Pokémon
|rule|OHKO Clause: OHKO moves are banned
|rule|Evasion Items Clause: Evasion items are banned
|rule|Evasion Moves Clause: Evasion moves are banned
|rule|Evasion Abilities Clause: Evasion abilities are banned
|rule|Sleep Moves Clause: Sleep-inducing moves are banned
|clearpoke
|poke|p1|Iron Treads|
|poke|p1|Iron Leaves|
|poke|p1|Iron Hands|
|poke|p1|Iron Valiant|
|poke|p1|Kingambit, F|
|poke|p1|Cinderace, M|
|poke|p2|Zamazenta-*|
|poke|p2|Iron Hands|
|poke|p2|Ceruledge, F|
|poke|p2|Iron Valiant|
|poke|p2|Deoxys-Speed|
|poke|p2|Glimmora, F|
|teampreview
|inactive|Battle timer is ON: inactive players will automatically lose when time's up. (requested by RandumbRaccoon)
|
|t:|1779943083
|teamsize|p1|6
|teamsize|p2|6
|start
|switch|p1a: Iron Treads|Iron Treads|100/100
|switch|p2a: Deoxys|Deoxys-Speed|100/100
|-ability|p2a: Deoxys|Pressure
|turn|1
|
|t:|1779943093
|move|p2a: Deoxys|Taunt|p1a: Iron Treads
|-start|p1a: Iron Treads|move: Taunt
|move|p1a: Iron Treads|Earthquake|p2a: Deoxys
|-damage|p2a: Deoxys|52/100
|
|upkeep
|turn|2
|
|t:|1779943098
|move|p2a: Deoxys|Reflect|p2a: Deoxys
|-sidestart|p2: RandumbRaccoon|Reflect
|move|p1a: Iron Treads|Earthquake|p2a: Deoxys
|-damage|p2a: Deoxys|27/100
|
|upkeep
|turn|3
|
|t:|1779943101
|move|p2a: Deoxys|Light Screen|p2a: Deoxys
|-sidestart|p2: RandumbRaccoon|move: Light Screen
|move|p1a: Iron Treads|Earthquake|p2a: Deoxys
|-crit|p2a: Deoxys
|-damage|p2a: Deoxys|0 fnt
|faint|p2a: Deoxys
|
|-end|p1a: Iron Treads|move: Taunt
|upkeep
|
|t:|1779943109
|switch|p2a: Glimmora|Glimmora, F|100/100
|turn|4
|
|t:|1779943116
|move|p1a: Iron Treads|Electric Terrain|p1a: Iron Treads
|-fieldstart|move: Electric Terrain
|-activate|p1a: Iron Treads|ability: Quark Drive
|-start|p1a: Iron Treads|quarkdrivespe
|move|p2a: Glimmora|Stealth Rock|p1a: Iron Treads
|-sidestart|p1: tommytt22|move: Stealth Rock
|
|upkeep
|turn|5
|
|t:|1779943129
|move|p1a: Iron Treads|Volt Switch|p2a: Glimmora
|-damage|p2a: Glimmora|93/100
|-enditem|p2a: Glimmora|Red Card|[of] p1a: Iron Treads
|-end|p1a: Iron Treads|Quark Drive|[silent]
|drag|p1a: Iron Leaves|Iron Leaves|100/100
|-damage|p1a: Iron Leaves|88/100|[from] Stealth Rock
|-activate|p1a: Iron Leaves|ability: Quark Drive
|-start|p1a: Iron Leaves|quarkdrivespe
|move|p2a: Glimmora|Spikes|p1a: Iron Leaves
|-sidestart|p1: tommytt22|Spikes
|
|upkeep
|turn|6
|
|t:|1779943143
|move|p1a: Iron Leaves|Swords Dance|p1a: Iron Leaves
|-boost|p1a: Iron Leaves|atk|2
|move|p2a: Glimmora|Mortal Spin|p1a: Iron Leaves
|-supereffective|p1a: Iron Leaves
|-damage|p1a: Iron Leaves|76/100
|-status|p1a: Iron Leaves|psn
|-enditem|p1a: Iron Leaves|Lum Berry|[eat]
|-curestatus|p1a: Iron Leaves|psn|[msg]
|
|upkeep
|turn|7
|
|t:|1779943149
|move|p1a: Iron Leaves|Psyblade|p2a: Glimmora
|-supereffective|p2a: Glimmora
|-damage|p2a: Glimmora|3/100
|-activate|p2a: Glimmora|ability: Toxic Debris
|-sidestart|p1: tommytt22|move: Toxic Spikes
|move|p2a: Glimmora|Mortal Spin|p1a: Iron Leaves
|-supereffective|p1a: Iron Leaves
|-damage|p1a: Iron Leaves|63/100
|-status|p1a: Iron Leaves|psn
|
|-damage|p1a: Iron Leaves|51/100 psn|[from] psn
|upkeep
|turn|8
|
|t:|1779943160
|move|p1a: Iron Leaves|Psyblade|p2a: Glimmora
|-supereffective|p2a: Glimmora
|-damage|p2a: Glimmora|0 fnt
|-activate|p2a: Glimmora|ability: Toxic Debris
|-sidestart|p1: tommytt22|move: Toxic Spikes
|faint|p2a: Glimmora
|
|-damage|p1a: Iron Leaves|38/100 psn|[from] psn
|upkeep
|
|t:|1779943165
|switch|p2a: Iron Valiant|Iron Valiant|100/100
|-activate|p2a: Iron Valiant|ability: Quark Drive
|-start|p2a: Iron Valiant|quarkdrivespe
|turn|9
|
|t:|1779943190
|move|p2a: Iron Valiant|Moonblast|p1a: Iron Leaves
|-damage|p1a: Iron Leaves|0 fnt
|faint|p1a: Iron Leaves
|-end|p1a: Iron Leaves|Quark Drive|[silent]
|
|-sideend|p2: RandumbRaccoon|Reflect
|upkeep
|
|t:|1779943194
|switch|p1a: Cinderace|Cinderace, M|100/100
|turn|10
|
|t:|1779943202
|-end|p2a: Iron Valiant|Quark Drive|[silent]
|switch|p2a: Iron Hands|Iron Hands|100/100
|-activate|p2a: Iron Hands|ability: Quark Drive
|-start|p2a: Iron Hands|quarkdriveatk
|move|p1a: Cinderace|Court Change|p1a: Cinderace
|-swapsideconditions
|-activate|p1a: Cinderace|move: Court Change
|
|-sideend|p1: tommytt22|move: Light Screen
|upkeep
|turn|11
|
|t:|1779943209
|move|p1a: Cinderace|Will-O-Wisp|p2a: Iron Hands
|-status|p2a: Iron Hands|brn
|move|p2a: Iron Hands|Close Combat|p1a: Cinderace
|-damage|p1a: Cinderace|49/100
|-unboost|p2a: Iron Hands|def|1
|-unboost|p2a: Iron Hands|spd|1
|
|-damage|p2a: Iron Hands|94/100 brn|[from] brn
|-fieldend|move: Electric Terrain
|-end|p2a: Iron Hands|Quark Drive
|upkeep
|-enditem|p2a: Iron Hands|Booster Energy
|-activate|p2a: Iron Hands|ability: Quark Drive|[fromitem]
|-start|p2a: Iron Hands|quarkdriveatk
|turn|12
|
|t:|1779943218
|move|p1a: Cinderace|Pyro Ball|p2a: Iron Hands
|-damage|p2a: Iron Hands|45/100 brn
|move|p2a: Iron Hands|Supercell Slam|p1a: Cinderace
|-damage|p1a: Cinderace|6/100
|
|-damage|p2a: Iron Hands|38/100 brn|[from] brn
|upkeep
|turn|13
|
|t:|1779943224
|move|p1a: Cinderace|Pyro Ball|p2a: Iron Hands
|-damage|p2a: Iron Hands|0 fnt
|faint|p2a: Iron Hands
|-end|p2a: Iron Hands|Quark Drive|[silent]
|
|upkeep
|
|t:|1779943230
|switch|p2a: Ceruledge|Ceruledge, F|100/100
|-damage|p2a: Ceruledge|76/100|[from] Stealth Rock
|-damage|p2a: Ceruledge|63/100|[from] Spikes
|-status|p2a: Ceruledge|tox
|turn|14
|
|t:|1779943241
|move|p1a: Cinderace|U-turn|p2a: Ceruledge
|-resisted|p2a: Ceruledge
|-damage|p2a: Ceruledge|58/100 tox
|-ability|p2a: Ceruledge|Weak Armor|boost
|-unboost|p2a: Ceruledge|def|1
|-boost|p2a: Ceruledge|spe|2
|
|t:|1779943248
|switch|p1a: Kingambit|Kingambit, F|100/100|[from] U-turn
|-activate|p1a: Kingambit|ability: Supreme Overlord
|-start|p1a: Kingambit|fallen1|[silent]
|move|p2a: Ceruledge|Swords Dance|p2a: Ceruledge
|-boost|p2a: Ceruledge|atk|2
|
|-damage|p2a: Ceruledge|51/100 tox|[from] psn
|upkeep
|turn|15
|
|t:|1779943255
|move|p1a: Kingambit|Sucker Punch|p2a: Ceruledge
|-supereffective|p2a: Ceruledge
|-damage|p2a: Ceruledge|0 fnt
|faint|p2a: Ceruledge
|
|upkeep
|
|t:|1779943261
|switch|p2a: Zamazenta|Zamazenta|100/100
|-damage|p2a: Zamazenta|94/100|[from] Stealth Rock
|-damage|p2a: Zamazenta|82/100|[from] Spikes
|-status|p2a: Zamazenta|tox
|-ability|p2a: Zamazenta|Dauntless Shield|boost
|-boost|p2a: Zamazenta|def|1
|turn|16
|
|t:|1779943274
|move|p2a: Zamazenta|Iron Defense|p2a: Zamazenta
|-boost|p2a: Zamazenta|def|2
|move|p1a: Kingambit|Iron Head|p2a: Zamazenta
|-damage|p2a: Zamazenta|64/100 tox
|
|-heal|p2a: Zamazenta|71/100 tox|[from] item: Leftovers
|-damage|p2a: Zamazenta|64/100 tox|[from] psn
|upkeep
|turn|17
|
|t:|1779943277
|move|p1a: Kingambit|Sucker Punch|p2a: Zamazenta
|-resisted|p2a: Zamazenta
|-damage|p2a: Zamazenta|56/100 tox
|move|p2a: Zamazenta|Body Press|p1a: Kingambit
|-supereffective|p1a: Kingambit
|-damage|p1a: Kingambit|0 fnt
|faint|p1a: Kingambit
|-end|p1a: Kingambit|fallen1|[silent]
|
|-heal|p2a: Zamazenta|62/100 tox|[from] item: Leftovers
|-damage|p2a: Zamazenta|49/100 tox|[from] psn
|upkeep
|
|t:|1779943289
|switch|p1a: Iron Hands|Iron Hands|100/100
|turn|18
|
|t:|1779943295
|move|p2a: Zamazenta|Body Press|p1a: Iron Hands
|-damage|p1a: Iron Hands|33/100
|move|p1a: Iron Hands|Drain Punch|p2a: Zamazenta
|-damage|p2a: Zamazenta|35/100 tox
|-heal|p1a: Iron Hands|38/100|[from] drain|[of] p2a: Zamazenta
|
|-heal|p2a: Zamazenta|41/100 tox|[from] item: Leftovers
|-heal|p1a: Iron Hands|44/100|[from] item: Leftovers
|-damage|p2a: Zamazenta|22/100 tox|[from] psn
|upkeep
|turn|19
|
|t:|1779943299
|move|p2a: Zamazenta|Body Press|p1a: Iron Hands
|-damage|p1a: Iron Hands|0 fnt
|faint|p1a: Iron Hands
|-end|p1a: Iron Hands|Quark Drive|[silent]
|
|-heal|p2a: Zamazenta|28/100 tox|[from] item: Leftovers
|-damage|p2a: Zamazenta|4/100 tox|[from] psn
|upkeep
|inactive|tommytt22 has 120 seconds left.
|
|t:|1779943332
|switch|p1a: Cinderace|Cinderace, M|6/100
|turn|20
|
|t:|1779943335
|move|p2a: Zamazenta|Body Press|p1a: Cinderace
|-damage|p1a: Cinderace|0 fnt
|faint|p1a: Cinderace
|
|-heal|p2a: Zamazenta|10/100 tox|[from] item: Leftovers
|-damage|p2a: Zamazenta|0 fnt|[from] psn
|faint|p2a: Zamazenta
|upkeep
|
|t:|1779943344
|switch|p2a: Iron Valiant|Iron Valiant|100/100
|switch|p1a: Iron Treads|Iron Treads|100/100
|-damage|p2a: Iron Valiant|94/100|[from] Stealth Rock
|-damage|p2a: Iron Valiant|82/100|[from] Spikes
|-status|p2a: Iron Valiant|tox
|-enditem|p2a: Iron Valiant|Booster Energy
|-activate|p2a: Iron Valiant|ability: Quark Drive|[fromitem]
|-start|p2a: Iron Valiant|quarkdrivespe
|turn|21
|
|t:|1779943349
|-terastallize|p1a: Iron Treads|Ground
|move|p2a: Iron Valiant|Focus Blast|p1a: Iron Treads
|-damage|p1a: Iron Treads|26/100
|move|p1a: Iron Treads|Earthquake|p2a: Iron Valiant
|-damage|p2a: Iron Valiant|20/100 tox
|
|-damage|p2a: Iron Valiant|14/100 tox|[from] psn
|upkeep
|turn|22
|inactive|tommytt22 has 120 seconds left.
|
|t:|1779943386
|move|p2a: Iron Valiant|Moonblast|p1a: Iron Treads
|-damage|p1a: Iron Treads|0 fnt
|faint|p1a: Iron Treads
|-end|p1a: Iron Treads|Quark Drive|[silent]
|
|-damage|p2a: Iron Valiant|2/100 tox|[from] psn
|upkeep
|
|t:|1779943388
|switch|p1a: Iron Valiant|Iron Valiant|100/100
|turn|23
|
|t:|1779943391
|move|p2a: Iron Valiant|Moonblast|p1a: Iron Valiant
|-supereffective|p1a: Iron Valiant
|-damage|p1a: Iron Valiant|0 fnt
|faint|p1a: Iron Valiant
|-end|p1a: Iron Valiant|Quark Drive|[silent]
|
|win|RandumbRaccoon
|raw|tommytt22's rating: 1394 &rarr; <strong>1374</strong><br />(-20 for losing)
|raw|RandumbRaccoon's rating: 1387 &rarr; <strong>1407</strong><br />(+20 for winning)
|l|☆tommytt22
|player|p1|
|l|☆RandumbRaccoon
|player|p2|
