|j|☆claudechamp
|j|☆finchz
|t:|1779811591
|gametype|singles
|player|p1|claudechamp|265|1303
|player|p2|finchz|1|1278
|gen|9
|tier|[Gen 9] OU
|rated|
|rule|HP Percentage Mod: HP is shown in percentages
|rule|Endless Battle Clause: Forcing endless battles is banned
|rule|Species Clause: Limit one of each Pokémon
|rule|OHKO Clause: OHKO moves are banned
|rule|Evasion Items Clause: Evasion items are banned
|rule|Evasion Moves Clause: Evasion moves are banned
|rule|Evasion Abilities Clause: Evasion abilities are banned
|rule|Sleep Moves Clause: Sleep-inducing moves are banned
|clearpoke
|poke|p1|Corviknight, F|
|poke|p1|Ting-Lu|
|poke|p1|Kyurem|
|poke|p1|Dondozo, F|
|poke|p1|Slowking-Galar, F|
|poke|p1|Cinderace, M|
|poke|p2|Tyranitar, F|
|poke|p2|Excadrill, F|
|poke|p2|Rotom-Wash|
|poke|p2|Reuniclus, F|
|poke|p2|Pecharunt|
|poke|p2|Slither Wing|
|teampreview
|c|☆claudechamp|hf
|c|☆finchz|you too
|inactive|Battle timer is ON: inactive players will automatically lose when time's up. (requested by claudechamp)
|
|t:|1779811605
|teamsize|p1|6
|teamsize|p2|6
|start
|switch|p1a: Cinderace|Cinderace, M|100/100
|switch|p2a: Rotom|Rotom-Wash|100/100
|turn|1
|
|t:|1779811613
|move|p1a: Cinderace|Pyro Ball|p2a: Rotom
|-resisted|p2a: Rotom
|-damage|p2a: Rotom|81/100
|move|p2a: Rotom|Hydro Pump|p1a: Cinderace|[miss]
|-miss|p2a: Rotom|p1a: Cinderace
|
|-heal|p2a: Rotom|87/100|[from] item: Leftovers
|upkeep
|turn|2
|
|t:|1779811620
|switch|p1a: Kyurem|Kyurem|100/100
|-ability|p1a: Kyurem|Pressure
|move|p2a: Rotom|Hydro Pump|p1a: Kyurem
|-resisted|p1a: Kyurem
|-damage|p1a: Kyurem|82/100
|
|-heal|p1a: Kyurem|88/100|[from] item: Leftovers
|-heal|p2a: Rotom|93/100|[from] item: Leftovers
|upkeep
|turn|3
|
|t:|1779811629
|move|p1a: Kyurem|Freeze-Dry|p2a: Rotom
|-supereffective|p2a: Rotom
|-damage|p2a: Rotom|12/100
|move|p2a: Rotom|Will-O-Wisp|p1a: Kyurem
|-status|p1a: Kyurem|brn
|
|-heal|p1a: Kyurem|94/100 brn|[from] item: Leftovers
|-heal|p2a: Rotom|19/100|[from] item: Leftovers
|-damage|p1a: Kyurem|88/100 brn|[from] brn
|upkeep
|turn|4
|
|t:|1779811639
|switch|p2a: Tyranitar|Tyranitar, F|100/100
|-weather|Sandstorm|[from] ability: Sand Stream|[of] p2a: Tyranitar
|move|p1a: Kyurem|Freeze-Dry|p2a: Tyranitar
|-damage|p2a: Tyranitar|75/100
|
|-weather|Sandstorm|[upkeep]
|-damage|p1a: Kyurem|82/100 brn|[from] Sandstorm
|-heal|p1a: Kyurem|88/100 brn|[from] item: Leftovers
|-damage|p1a: Kyurem|82/100 brn|[from] brn
|upkeep
|turn|5
|
|t:|1779811653
|switch|p1a: Ting-Lu|Ting-Lu|100/100
|-ability|p1a: Ting-Lu|Vessel of Ruin
|move|p2a: Tyranitar|Low Kick|p1a: Ting-Lu
|-supereffective|p1a: Ting-Lu
|-damage|p1a: Ting-Lu|25/100
|
|-weather|Sandstorm|[upkeep]
|-heal|p1a: Ting-Lu|31/100|[from] item: Leftovers
|upkeep
|turn|6
|
|t:|1779811667
|switch|p1a: Corviknight|Corviknight, F|100/100
|-ability|p1a: Corviknight|Pressure
|move|p2a: Tyranitar|Low Kick|p1a: Corviknight
|-damage|p1a: Corviknight|73/100
|-damage|p2a: Tyranitar|59/100|[from] item: Rocky Helmet|[of] p1a: Corviknight
|
|-weather|Sandstorm|[upkeep]
|upkeep
|turn|7
|
|t:|1779811676
|switch|p2a: Pecharunt|Pecharunt|100/100
|move|p1a: Corviknight|Roost|p1a: Corviknight
|-heal|p1a: Corviknight|100/100
|-singleturn|p1a: Corviknight|move: Roost
|
|-weather|Sandstorm|[upkeep]
|-damage|p2a: Pecharunt|94/100|[from] Sandstorm
|upkeep
|turn|8
|
|t:|1779811684
|move|p2a: Pecharunt|Shadow Ball|p1a: Corviknight
|-damage|p1a: Corviknight|77/100
|move|p1a: Corviknight|U-turn|p2a: Pecharunt
|-resisted|p2a: Pecharunt
|-damage|p2a: Pecharunt|93/100
|-damage|p1a: Corviknight|60/100|[from] item: Rocky Helmet|[of] p2a: Pecharunt
|
|t:|1779811693
|switch|p1a: Kyurem|Kyurem|82/100 brn|[from] U-turn
|-ability|p1a: Kyurem|Pressure
|
|-weather|none
|-heal|p1a: Kyurem|88/100 brn|[from] item: Leftovers
|-damage|p1a: Kyurem|82/100 brn|[from] brn
|upkeep
|turn|9
|
|t:|1779811704
|move|p1a: Kyurem|Freeze-Dry|p2a: Pecharunt
|-damage|p2a: Pecharunt|55/100
|move|p2a: Pecharunt|Parting Shot|p1a: Kyurem
|-unboost|p1a: Kyurem|atk|1
|-unboost|p1a: Kyurem|spa|1
|
|t:|1779811710
|switch|p2a: Slither Wing|Slither Wing|100/100|[from] Parting Shot
|
|-heal|p1a: Kyurem|88/100 brn|[from] item: Leftovers
|-damage|p1a: Kyurem|82/100 brn|[from] brn
|upkeep
|turn|10
|
|t:|1779811716
|move|p1a: Kyurem|Earth Power|p2a: Slither Wing
|-resisted|p2a: Slither Wing
|-damage|p2a: Slither Wing|93/100
|move|p2a: Slither Wing|Close Combat|p1a: Kyurem
|-supereffective|p1a: Kyurem
|-damage|p1a: Kyurem|0 fnt
|-unboost|p2a: Slither Wing|def|1
|-unboost|p2a: Slither Wing|spd|1
|faint|p1a: Kyurem
|
|upkeep
|
|t:|1779811725
|switch|p1a: Cinderace|Cinderace, M|100/100
|turn|11
|
|t:|1779811736
|move|p1a: Cinderace|Pyro Ball|p2a: Slither Wing
|-supereffective|p2a: Slither Wing
|-damage|p2a: Slither Wing|0 fnt
|faint|p2a: Slither Wing
|-end|p2a: Slither Wing|Protosynthesis|[silent]
|
|upkeep
|
|t:|1779811747
|switch|p2a: Rotom|Rotom-Wash|19/100
|turn|12
|
|t:|1779811757
|move|p1a: Cinderace|Pyro Ball|p2a: Rotom
|-resisted|p2a: Rotom
|-damage|p2a: Rotom|0 fnt
|faint|p2a: Rotom
|
|upkeep
|
|t:|1779811761
|switch|p2a: Reuniclus|Reuniclus, F|100/100
|turn|13
|
|t:|1779811770
|move|p1a: Cinderace|Pyro Ball|p2a: Reuniclus
|-damage|p2a: Reuniclus|59/100
|move|p2a: Reuniclus|Psychic Noise|p1a: Cinderace
|-damage|p1a: Cinderace|48/100
|-start|p1a: Cinderace|move: Heal Block
|
|upkeep
|turn|14
|
|t:|1779811784
|move|p1a: Cinderace|U-turn|p2a: Reuniclus
|-supereffective|p2a: Reuniclus
|-damage|p2a: Reuniclus|29/100
|
|t:|1779811792
|switch|p1a: Ting-Lu|Ting-Lu|31/100|[from] U-turn
|-ability|p1a: Ting-Lu|Vessel of Ruin
|move|p2a: Reuniclus|Recover|p2a: Reuniclus
|-heal|p2a: Reuniclus|79/100
|
|-heal|p1a: Ting-Lu|37/100|[from] item: Leftovers
|upkeep
|turn|15
|
|t:|1779811800
|move|p1a: Ting-Lu|Earthquake|p2a: Reuniclus
|-damage|p2a: Reuniclus|49/100
|move|p2a: Reuniclus|Focus Blast|p1a: Ting-Lu|[miss]
|-miss|p2a: Reuniclus|p1a: Ting-Lu
|
|-heal|p1a: Ting-Lu|44/100|[from] item: Leftovers
|upkeep
|turn|16
|
|t:|1779811811
|move|p1a: Ting-Lu|Rest|p1a: Ting-Lu
|-status|p1a: Ting-Lu|slp|[from] move: Rest
|-heal|p1a: Ting-Lu|100/100 slp|[silent]
|move|p2a: Reuniclus|Recover|p2a: Reuniclus
|-heal|p2a: Reuniclus|99/100
|
|upkeep
|turn|17
|
|t:|1779811817
|cant|p1a: Ting-Lu|slp
|move|p1a: Ting-Lu|Sleep Talk|p1a: Ting-Lu
|move|p1a: Ting-Lu|Payback|p2a: Reuniclus|[from] move: Sleep Talk
|-supereffective|p2a: Reuniclus
|-damage|p2a: Reuniclus|65/100
|move|p2a: Reuniclus|Calm Mind|p2a: Reuniclus
|-boost|p2a: Reuniclus|spa|1
|-boost|p2a: Reuniclus|spd|1
|
|upkeep
|turn|18
|
|t:|1779811825
|cant|p1a: Ting-Lu|slp
|move|p2a: Reuniclus|Calm Mind|p2a: Reuniclus
|-boost|p2a: Reuniclus|spa|1
|-boost|p2a: Reuniclus|spd|1
|
|upkeep
|turn|19
|
|t:|1779811835
|-curestatus|p1a: Ting-Lu|slp|[msg]
|move|p1a: Ting-Lu|Payback|p2a: Reuniclus
|-supereffective|p2a: Reuniclus
|-damage|p2a: Reuniclus|31/100
|move|p2a: Reuniclus|Calm Mind|p2a: Reuniclus
|-boost|p2a: Reuniclus|spa|1
|-boost|p2a: Reuniclus|spd|1
|
|upkeep
|turn|20
|
|t:|1779811846
|-terastallize|p2a: Reuniclus|Fairy
|move|p1a: Ting-Lu|Earthquake|p2a: Reuniclus
|-damage|p2a: Reuniclus|0 fnt
|faint|p2a: Reuniclus
|
|upkeep
|
|t:|1779811854
|switch|p2a: Tyranitar|Tyranitar, F|59/100
|-weather|Sandstorm|[from] ability: Sand Stream|[of] p2a: Tyranitar
|turn|21
|c|☆finchz|you know what
|c|☆finchz|i give up
|
|t:|1779811873
|move|p2a: Tyranitar|Knock Off|p1a: Ting-Lu
|-resisted|p1a: Ting-Lu
|-damage|p1a: Ting-Lu|78/100
|-enditem|p1a: Ting-Lu|Leftovers|[from] move: Knock Off|[of] p2a: Tyranitar
|move|p1a: Ting-Lu|Earthquake|p2a: Tyranitar
|-supereffective|p2a: Tyranitar
|-damage|p2a: Tyranitar|0 fnt
|faint|p2a: Tyranitar
|
|-weather|Sandstorm|[upkeep]
|upkeep
|
|t:|1779811882
|switch|p2a: Simon|Excadrill, F|100/100
|-item|p2a: Simon|Air Balloon
|turn|22
|
|t:|1779811887
|move|p2a: Simon|Swords Dance|p2a: Simon
|-boost|p2a: Simon|atk|2
|move|p1a: Ting-Lu|Payback|p2a: Simon
|-damage|p2a: Simon|44/100
|-enditem|p2a: Simon|Air Balloon
|
|-weather|Sandstorm|[upkeep]
|upkeep
|turn|23
|
|t:|1779811897
|move|p2a: Simon|Earthquake|p1a: Ting-Lu
|-damage|p1a: Ting-Lu|19/100
|move|p1a: Ting-Lu|Payback|p2a: Simon
|-crit|p2a: Simon
|-damage|p2a: Simon|0 fnt
|faint|p2a: Simon
|
|-weather|Sandstorm|[upkeep]
|upkeep
|
|t:|1779811904
|switch|p2a: Pecharunt|Pecharunt|55/100
|turn|24
|
|t:|1779811917
|move|p2a: Pecharunt|Malignant Chain|p1a: Ting-Lu
|-resisted|p1a: Ting-Lu
|-damage|p1a: Ting-Lu|13/100
|move|p1a: Ting-Lu|Earthquake|p2a: Pecharunt
|-supereffective|p2a: Pecharunt
|-damage|p2a: Pecharunt|21/100
|
|-weather|Sandstorm|[upkeep]
|-damage|p2a: Pecharunt|15/100|[from] Sandstorm
|upkeep
|turn|25
|
|t:|1779811929
|-terastallize|p1a: Ting-Lu|Water
|move|p2a: Pecharunt|Malignant Chain|p1a: Ting-Lu
|-damage|p1a: Ting-Lu|0 fnt
|faint|p1a: Ting-Lu
|
|-weather|none
|upkeep
|
|t:|1779811941
|switch|p1a: Slowking|Slowking-Galar, F|100/100
|turn|26
|
|t:|1779811955
|move|p2a: Pecharunt|Shadow Ball|p1a: Slowking
|-supereffective|p1a: Slowking
|-damage|p1a: Slowking|62/100
|move|p1a: Slowking|Future Sight|p2a: Pecharunt
|-start|p1a: Slowking|move: Future Sight
|
|upkeep
|turn|27
|c|☆finchz|gg
|
|t:|1779811967
|move|p2a: Pecharunt|Shadow Ball|p1a: Slowking
|-supereffective|p1a: Slowking
|-damage|p1a: Slowking|20/100
|-prepare|p1a: Slowking|Chilly Reception|[premajor]
|move|p1a: Slowking|Chilly Reception|p1a: Slowking
|-weather|Snowscape
|
|t:|1779811975
|switch|p1a: Dondozo|Dondozo, F|100/100|[from] Chilly Reception
|
|-weather|Snowscape|[upkeep]
|upkeep
|turn|28
|
|t:|1779811984
|move|p2a: Pecharunt|Malignant Chain|p1a: Dondozo
|-damage|p1a: Dondozo|82/100
|move|p1a: Dondozo|Curse|p1a: Dondozo
|-unboost|p1a: Dondozo|spe|1
|-boost|p1a: Dondozo|atk|1
|-boost|p1a: Dondozo|def|1
|
|-weather|Snowscape|[upkeep]
|-end|p2a: Pecharunt|move: Future Sight
|-supereffective|p2a: Pecharunt
|-damage|p2a: Pecharunt|0 fnt
|faint|p2a: Pecharunt
|
|win|claudechamp
|raw|claudechamp's rating: 1284 &rarr; <strong>1309</strong><br />(+25 for winning)
|raw|finchz's rating: 1278 &rarr; <strong>1253</strong><br />(-25 for losing)
|c|☆claudechamp|gg
|l|☆finchz
|player|p2|
