|j|☆mayankreddy_8
|j|☆TianBing
|t:|1779857614
|gametype|singles
|player|p1|mayankreddy_8|red|1258
|player|p2|TianBing|cynthia|1214
|gen|9
|tier|[Gen 9] OU
|rated|
|rule|HP Percentage Mod: HP is shown in percentages
|rule|Endless Battle Clause: Forcing endless battles is banned
|rule|Species Clause: Limit one of each Pokémon
|rule|OHKO Clause: OHKO moves are banned
|rule|Evasion Items Clause: Evasion items are banned
|rule|Evasion Moves Clause: Evasion moves are banned
|rule|Evasion Abilities Clause: Evasion abilities are banned
|rule|Sleep Moves Clause: Sleep-inducing moves are banned
|clearpoke
|poke|p1|Kingambit, F|
|poke|p1|Cinderace, M|
|poke|p1|Garchomp, M|
|poke|p1|Metagross|
|poke|p1|Iron Valiant|
|poke|p1|Moltres|
|poke|p2|Pelipper, M|
|poke|p2|Tornadus-Therian, M|
|poke|p2|Iron Treads|
|poke|p2|Dragapult, M|
|poke|p2|Keldeo-Resolute|
|poke|p2|Raging Bolt|
|teampreview
|
|t:|1779857630
|teamsize|p1|6
|teamsize|p2|6
|start
|switch|p1a: Metagross|Metagross, shiny|100/100
|switch|p2a: Dragapult|Dragapult, M|100/100
|turn|1
|
|t:|1779857638
|move|p2a: Dragapult|U-turn|p1a: Metagross
|-damage|p1a: Metagross|72/100
|
|t:|1779857641
|switch|p2a: Pelipper|Pelipper, M|100/100|[from] U-turn
|-weather|RainDance|[from] ability: Drizzle|[of] p2a: Pelipper
|move|p1a: Metagross|Ice Punch|p2a: Pelipper
|-damage|p2a: Pelipper|78/100
|
|-weather|RainDance|[upkeep]
|upkeep
|turn|2
|
|t:|1779857652
|move|p1a: Metagross|Psychic Fangs|p2a: Pelipper
|-damage|p2a: Pelipper|39/100
|move|p2a: Pelipper|Surf|p1a: Metagross
|-damage|p1a: Metagross|34/100
|
|-weather|RainDance|[upkeep]
|upkeep
|turn|3
|
|t:|1779857659
|move|p1a: Metagross|Psychic Fangs|p2a: Pelipper
|-crit|p2a: Pelipper
|-damage|p2a: Pelipper|0 fnt
|faint|p2a: Pelipper
|
|-weather|RainDance|[upkeep]
|upkeep
|
|t:|1779857665
|switch|p2a: Tornadus|Tornadus-Therian, M|100/100
|turn|4
|
|t:|1779857670
|move|p2a: Tornadus|Weather Ball|p1a: Metagross
|-damage|p1a: Metagross|0 fnt
|faint|p1a: Metagross
|
|-weather|RainDance|[upkeep]
|upkeep
|inactive|Battle timer is ON: inactive players will automatically lose when time's up. (requested by mayankreddy_8)
|
|t:|1779857687
|switch|p1a: Kingambit|Kingambit, F, shiny|100/100
|-activate|p1a: Kingambit|ability: Supreme Overlord
|-start|p1a: Kingambit|fallen1|[silent]
|turn|5
|
|t:|1779857698
|move|p2a: Tornadus|Weather Ball|p1a: Kingambit
|-damage|p1a: Kingambit|35/100
|move|p1a: Kingambit|Kowtow Cleave|p2a: Tornadus
|-damage|p2a: Tornadus|22/100
|
|-weather|RainDance|[upkeep]
|-heal|p1a: Kingambit|41/100|[from] item: Leftovers
|upkeep
|turn|6
|
|t:|1779857706
|move|p1a: Kingambit|Sucker Punch|p2a: Tornadus
|-damage|p2a: Tornadus|0 fnt
|faint|p2a: Tornadus
|
|-weather|RainDance|[upkeep]
|-heal|p1a: Kingambit|47/100|[from] item: Leftovers
|upkeep
|
|t:|1779857717
|switch|p2a: Keldeo|Keldeo-Resolute|100/100
|turn|7
|
|t:|1779857724
|-end|p1a: Kingambit|fallen1|[silent]
|switch|p1a: Moltres|Moltres, shiny|100/100
|move|p2a: Keldeo|Surf|p1a: Moltres
|-supereffective|p1a: Moltres
|-damage|p1a: Moltres|0 fnt
|faint|p1a: Moltres
|
|-weather|RainDance|[upkeep]
|upkeep
|
|t:|1779857733
|switch|p1a: Garchomp|Garchomp, M|100/100
|turn|8
|
|t:|1779857742
|-terastallize|p2a: Keldeo|Water
|move|p2a: Keldeo|Surf|p1a: Garchomp
|-damage|p1a: Garchomp|0 fnt
|faint|p1a: Garchomp
|
|-weather|none
|upkeep
|
|t:|1779857748
|switch|p1a: Iron Valiant|Iron Valiant|100/100
|-enditem|p1a: Iron Valiant|Booster Energy
|-activate|p1a: Iron Valiant|ability: Quark Drive|[fromitem]
|-start|p1a: Iron Valiant|quarkdrivespe
|turn|9
|
|t:|1779857756
|switch|p2a: Iron Treads|Iron Treads|100/100
|move|p1a: Iron Valiant|Spirit Break|p2a: Iron Treads
|-resisted|p2a: Iron Treads
|-damage|p2a: Iron Treads|86/100
|-unboost|p2a: Iron Treads|spa|1
|
|-heal|p2a: Iron Treads|92/100|[from] item: Leftovers
|upkeep
|turn|10
|
|t:|1779857767
|move|p1a: Iron Valiant|Drain Punch|p2a: Iron Treads
|-supereffective|p2a: Iron Treads
|-damage|p2a: Iron Treads|37/100
|move|p2a: Iron Treads|Knock Off|p1a: Iron Valiant
|-resisted|p1a: Iron Valiant
|-damage|p1a: Iron Valiant|96/100
|
|-heal|p2a: Iron Treads|43/100|[from] item: Leftovers
|upkeep
|turn|11
|
|t:|1779857780
|-end|p2a: Iron Treads|Quark Drive|[silent]
|switch|p2a: Keldeo|Keldeo-Resolute, tera:Water|100/100
|move|p1a: Iron Valiant|Drain Punch|p2a: Keldeo
|-damage|p2a: Keldeo|56/100
|-heal|p1a: Iron Valiant|100/100|[from] drain|[of] p2a: Keldeo
|
|upkeep
|turn|12
|inactive|TianBing has 120 seconds left.
|
|t:|1779857821
|move|p1a: Iron Valiant|Spirit Break|p2a: Keldeo
|-damage|p2a: Keldeo|6/100
|-unboost|p2a: Keldeo|spa|1
|move|p2a: Keldeo|Surf|p1a: Iron Valiant
|-damage|p1a: Iron Valiant|0 fnt
|faint|p1a: Iron Valiant
|-end|p1a: Iron Valiant|Quark Drive|[silent]
|
|upkeep
|inactive|mayankreddy_8 has 120 seconds left.
|
|t:|1779857859
|switch|p1a: Cinderace|Cinderace, M, shiny|100/100
|turn|13
|inactive|mayankreddy_8 has 120 seconds left.
|
|t:|1779857865
|switch|p2a: Iron Treads|Iron Treads|43/100
|move|p1a: Cinderace|Pyro Ball|p2a: Iron Treads
|-supereffective|p2a: Iron Treads
|-crit|p2a: Iron Treads
|-damage|p2a: Iron Treads|0 fnt
|faint|p2a: Iron Treads
|-end|p2a: Iron Treads|Quark Drive|[silent]
|
|upkeep
|
|t:|1779857874
|switch|p2a: Raging Bolt|Raging Bolt|100/100
|-enditem|p2a: Raging Bolt|Booster Energy
|-activate|p2a: Raging Bolt|ability: Protosynthesis|[fromitem]
|-start|p2a: Raging Bolt|protosynthesisspa
|turn|14
|
|t:|1779857880
|move|p2a: Raging Bolt|Thunderclap|p1a: Cinderace
|-damage|p1a: Cinderace|22/100
|move|p1a: Cinderace|High Jump Kick|p2a: Raging Bolt
|-start|p1a: Cinderace|typechange|Fighting|[from] ability: Libero
|-damage|p2a: Raging Bolt|40/100
|
|upkeep
|turn|15
|
|t:|1779857890
|move|p2a: Raging Bolt|Thunderclap||[still]
|-fail|p2a: Raging Bolt
|move|p1a: Cinderace|Will-O-Wisp|p2a: Raging Bolt
|-status|p2a: Raging Bolt|brn
|
|-damage|p2a: Raging Bolt|34/100 brn|[from] brn
|upkeep
|turn|16
|
|t:|1779857898
|move|p2a: Raging Bolt|Thunderclap|p1a: Cinderace
|-damage|p1a: Cinderace|0 fnt
|faint|p1a: Cinderace
|
|-damage|p2a: Raging Bolt|28/100 brn|[from] brn
|upkeep
|
|t:|1779857903
|switch|p1a: Kingambit|Kingambit, F, shiny|47/100
|-activate|p1a: Kingambit|ability: Supreme Overlord
|-start|p1a: Kingambit|fallen5|[silent]
|turn|17
|
|t:|1779857907
|move|p2a: Raging Bolt|Thunderclap||[still]
|-fail|p2a: Raging Bolt
|move|p1a: Kingambit|Swords Dance|p1a: Kingambit
|-boost|p1a: Kingambit|atk|2
|
|-heal|p1a: Kingambit|53/100|[from] item: Leftovers
|-damage|p2a: Raging Bolt|22/100 brn|[from] brn
|upkeep
|turn|18
|
|t:|1779857917
|move|p2a: Raging Bolt|Dragon Pulse|p1a: Kingambit
|-resisted|p1a: Kingambit
|-damage|p1a: Kingambit|21/100
|move|p1a: Kingambit|Swords Dance|p1a: Kingambit
|-boost|p1a: Kingambit|atk|2
|
|-heal|p1a: Kingambit|27/100|[from] item: Leftovers
|-damage|p2a: Raging Bolt|16/100 brn|[from] brn
|upkeep
|turn|19
|
|t:|1779857926
|move|p2a: Raging Bolt|Thunderclap|p1a: Kingambit
|-damage|p1a: Kingambit|0 fnt
|faint|p1a: Kingambit
|-end|p1a: Kingambit|fallen5|[silent]
|
|win|TianBing
|raw|mayankreddy_8's rating: 1258 &rarr; <strong>1230</strong><br />(-28 for losing)
|raw|TianBing's rating: 1214 &rarr; <strong>1242</strong><br />(+28 for winning)
|l|☆mayankreddy_8
|player|p1|
|c|☆TianBing|gg
