|j|☆RoryAnimatez
|j|☆jkreyes1
|t:|1779845807
|gametype|singles
|player|p1|RoryAnimatez|lucas-gen4pt|1490
|player|p2|jkreyes1|volkner|1448
|gen|9
|tier|[Gen 9] OU
|rated|
|rule|HP Percentage Mod: HP is shown in percentages
|rule|Endless Battle Clause: Forcing endless battles is banned
|rule|Species Clause: Limit one of each Pokémon
|rule|OHKO Clause: OHKO moves are banned
|rule|Evasion Items Clause: Evasion items are banned
|rule|Evasion Moves Clause: Evasion moves are banned
|rule|Evasion Abilities Clause: Evasion abilities are banned
|rule|Sleep Moves Clause: Sleep-inducing moves are banned
|clearpoke
|poke|p1|Alomomola, M|
|poke|p1|Landorus-Therian, M|
|poke|p1|Slowking-Galar, M|
|poke|p1|Dragapult, F|
|poke|p1|Darkrai|
|poke|p1|Scizor, M|
|poke|p2|Gastrodon-East, M|
|poke|p2|Hippowdon, F|
|poke|p2|Landorus-Therian, M|
|poke|p2|Tyranitar, M|
|poke|p2|Zapdos|
|poke|p2|Excadrill, M|
|teampreview
|inactive|Battle timer is ON: inactive players will automatically lose when time's up. (requested by jkreyes1)
|
|t:|1779845825
|teamsize|p1|6
|teamsize|p2|6
|start
|switch|p1a: Dragapult|Dragapult, F|100/100
|switch|p2a: Landorus|Landorus-Therian, M, shiny|100/100
|-ability|p2a: Landorus|Intimidate|boost
|-unboost|p1a: Dragapult|atk|1
|turn|1
|
|t:|1779845836
|move|p1a: Dragapult|U-turn|p2a: Landorus
|-resisted|p2a: Landorus
|-damage|p2a: Landorus|94/100
|
|t:|1779845840
|switch|p1a: Alomomola|Alomomola, M|100/100|[from] U-turn
|move|p2a: Landorus|U-turn|p1a: Alomomola
|-damage|p1a: Alomomola|84/100
|-damage|p2a: Landorus|78/100|[from] item: Rocky Helmet|[of] p1a: Alomomola
|
|t:|1779845847
|switch|p2a: Zapdos|Zapdos, shiny|100/100|[from] U-turn
|
|upkeep
|turn|2
|
|t:|1779845853
|switch|p1a: Slowking|Slowking-Galar, M|100/100
|move|p2a: Zapdos|Hurricane|p1a: Slowking|[miss]
|-miss|p2a: Zapdos|p1a: Slowking
|
|upkeep
|turn|3
|
|t:|1779845864
|move|p2a: Zapdos|Hurricane|p1a: Slowking
|-damage|p1a: Slowking|65/100
|move|p1a: Slowking|Psychic|p2a: Zapdos
|-damage|p2a: Zapdos|60/100
|
|-heal|p2a: Zapdos|66/100|[from] item: Leftovers
|upkeep
|turn|4
|
|t:|1779845881
|move|p2a: Zapdos|Volt Switch|p1a: Slowking
|-damage|p1a: Slowking|43/100
|
|t:|1779845883
|switch|p2a: Tyranitar|Tyranitar, M, shiny|100/100|[from] Volt Switch
|-weather|Sandstorm|[from] ability: Sand Stream|[of] p2a: Tyranitar
|move|p1a: Slowking|Sludge Wave|p2a: Tyranitar
|-resisted|p2a: Tyranitar
|-damage|p2a: Tyranitar|88/100
|
|-weather|Sandstorm|[upkeep]
|-damage|p1a: Slowking|37/100|[from] Sandstorm
|upkeep
|turn|5
|
|t:|1779845893
|switch|p1a: Alomomola|Alomomola, M|100/100
|move|p2a: Tyranitar|Knock Off|p1a: Alomomola
|-damage|p1a: Alomomola|77/100
|-damage|p2a: Tyranitar|72/100|[from] item: Rocky Helmet|[of] p1a: Alomomola
|-enditem|p1a: Alomomola|Rocky Helmet|[from] move: Knock Off|[of] p2a: Tyranitar
|
|-weather|Sandstorm|[upkeep]
|-damage|p1a: Alomomola|71/100|[from] Sandstorm
|upkeep
|turn|6
|
|t:|1779845902
|switch|p2a: Gastrodon|Gastrodon-East, M, shiny|100/100
|move|p1a: Alomomola|Wish|p1a: Alomomola
|
|-weather|Sandstorm|[upkeep]
|-damage|p1a: Alomomola|64/100|[from] Sandstorm
|upkeep
|turn|7
|
|t:|1779845912
|switch|p1a: Dragapult|Dragapult, F|100/100
|move|p2a: Gastrodon|Spikes|p1a: Dragapult
|-sidestart|p1: RoryAnimatez|Spikes
|
|-weather|Sandstorm|[upkeep]
|-damage|p1a: Dragapult|95/100|[from] Sandstorm
|-heal|p1a: Dragapult|100/100|[from] move: Wish|[wisher] Alomomola
|upkeep
|turn|8
|
|t:|1779845920
|move|p1a: Dragapult|Draco Meteor|p2a: Gastrodon
|-crit|p2a: Gastrodon
|-damage|p2a: Gastrodon|0 fnt
|-unboost|p1a: Dragapult|spa|2
|faint|p2a: Gastrodon
|
|-weather|Sandstorm|[upkeep]
|-damage|p1a: Dragapult|95/100|[from] Sandstorm
|upkeep
|
|t:|1779845924
|switch|p2a: Excadrill|Excadrill, M, shiny|100/100
|turn|9
|
|t:|1779845934
|switch|p1a: Alomomola|Alomomola, M|98/100
|-damage|p1a: Alomomola|85/100|[from] Spikes
|move|p2a: Excadrill|Swords Dance|p2a: Excadrill
|-boost|p2a: Excadrill|atk|2
|
|-weather|Sandstorm|[upkeep]
|-damage|p1a: Alomomola|79/100|[from] Sandstorm
|upkeep
|turn|10
|
|t:|1779845951
|move|p2a: Excadrill|Earthquake|p1a: Alomomola
|-damage|p1a: Alomomola|4/100
|-damage|p2a: Excadrill|91/100|[from] item: Life Orb
|move|p1a: Alomomola|Flip Turn|p2a: Excadrill
|-supereffective|p2a: Excadrill
|-damage|p2a: Excadrill|42/100
|
|t:|1779845958
|switch|p1a: Dragapult|Dragapult, F|95/100|[from] Flip Turn
|-damage|p1a: Dragapult|82/100|[from] Spikes
|
|-weather|Sandstorm|[upkeep]
|-damage|p1a: Dragapult|76/100|[from] Sandstorm
|upkeep
|turn|11
|
|t:|1779845967
|switch|p1a: Landorus|Landorus-Therian, M|100/100
|-ability|p1a: Landorus|Intimidate|boost
|-unboost|p2a: Excadrill|atk|1
|move|p2a: Excadrill|Iron Head|p1a: Landorus
|-damage|p1a: Landorus|13/100
|-damage|p2a: Excadrill|32/100|[from] item: Life Orb
|
|-weather|none
|-heal|p1a: Landorus|19/100|[from] item: Leftovers
|upkeep
|turn|12
|
|t:|1779845987
|switch|p1a: Scizor|Scizor, M|100/100
|-terastallize|p2a: Excadrill|Flying
|move|p2a: Excadrill|Iron Head|p1a: Scizor
|-resisted|p1a: Scizor
|-damage|p1a: Scizor|57/100
|-damage|p2a: Excadrill|22/100|[from] item: Life Orb
|
|upkeep
|turn|13
|
|t:|1779846000
|switch|p2a: Hippowdon|Hippowdon, F, shiny|100/100
|-weather|Sandstorm|[from] ability: Sand Stream|[of] p2a: Hippowdon
|move|p1a: Scizor|Bullet Punch|p2a: Hippowdon
|-damage|p2a: Hippowdon|84/100
|-damage|p1a: Scizor|40/100|[from] item: Rocky Helmet|[of] p2a: Hippowdon
|
|-weather|Sandstorm|[upkeep]
|upkeep
|turn|14
|
|t:|1779846009
|switch|p1a: Alomomola|Alomomola, M|37/100
|-damage|p1a: Alomomola|25/100|[from] Spikes
|move|p2a: Hippowdon|Stealth Rock|p1a: Alomomola
|-sidestart|p1: RoryAnimatez|move: Stealth Rock
|
|-weather|Sandstorm|[upkeep]
|-damage|p1a: Alomomola|18/100|[from] Sandstorm
|upkeep
|turn|15
|
|t:|1779846020
|move|p2a: Hippowdon|Earthquake|p1a: Alomomola
|-damage|p1a: Alomomola|0 fnt
|faint|p1a: Alomomola
|
|-weather|Sandstorm|[upkeep]
|upkeep
|
|t:|1779846026
|switch|p1a: Scizor|Scizor, M|40/100
|turn|16
|
|t:|1779846029
|move|p1a: Scizor|Defog|p2a: Hippowdon
|-unboost|p2a: Hippowdon|evasion|1
|-sideend|p1: RoryAnimatez|Spikes|[from] move: Defog|[of] p1a: Scizor
|-sideend|p1: RoryAnimatez|Stealth Rock|[from] move: Defog|[of] p1a: Scizor
|move|p2a: Hippowdon|Earthquake|p1a: Scizor
|-damage|p1a: Scizor|6/100
|
|-weather|Sandstorm|[upkeep]
|upkeep
|turn|17
|
|t:|1779846038
|move|p1a: Scizor|U-turn|p2a: Hippowdon
|-damage|p2a: Hippowdon|64/100
|-damage|p1a: Scizor|0 fnt|[from] item: Rocky Helmet|[of] p2a: Hippowdon
|faint|p1a: Scizor
|move|p2a: Hippowdon|Stealth Rock|p1: Scizor
|-sidestart|p1: RoryAnimatez|move: Stealth Rock
|
|-weather|none
|upkeep
|
|t:|1779846045
|switch|p1a: Darkrai|Darkrai|100/100
|-damage|p1a: Darkrai|88/100|[from] Stealth Rock
|turn|18
|
|t:|1779846051
|switch|p2a: Tyranitar|Tyranitar, M, shiny|72/100
|-weather|Sandstorm|[from] ability: Sand Stream|[of] p2a: Tyranitar
|move|p1a: Darkrai|Ice Beam|p2a: Tyranitar
|-damage|p2a: Tyranitar|49/100
|-damage|p1a: Darkrai|78/100|[from] item: Life Orb
|
|-weather|Sandstorm|[upkeep]
|-damage|p1a: Darkrai|72/100|[from] Sandstorm
|upkeep
|turn|19
|
|t:|1779846069
|switch|p1a: Dragapult|Dragapult, F|76/100
|-damage|p1a: Dragapult|64/100|[from] Stealth Rock
|move|p2a: Tyranitar|Knock Off|p1a: Dragapult
|-supereffective|p1a: Dragapult
|-damage|p1a: Dragapult|0 fnt
|-enditem|p1a: Dragapult|Choice Specs|[from] move: Knock Off|[of] p2a: Tyranitar
|faint|p1a: Dragapult
|
|-weather|Sandstorm|[upkeep]
|upkeep
|-message|RoryAnimatez forfeited.
|
|win|jkreyes1
|raw|RoryAnimatez's rating: 1490 &rarr; <strong>1468</strong><br />(-22 for losing)
|raw|jkreyes1's rating: 1448 &rarr; <strong>1470</strong><br />(+22 for winning)
|l|☆RoryAnimatez
|player|p1|
