|j|☆Angeboii
|j|☆tyrisu
|t:|1779948042
|gametype|singles
|player|p1|Angeboii|pokekid|1378
|player|p2|tyrisu|102|1460
|gen|9
|tier|[Gen 9] OU
|rated|
|rule|HP Percentage Mod: HP is shown in percentages
|rule|Endless Battle Clause: Forcing endless battles is banned
|rule|Species Clause: Limit one of each Pokémon
|rule|OHKO Clause: OHKO moves are banned
|rule|Evasion Items Clause: Evasion items are banned
|rule|Evasion Moves Clause: Evasion moves are banned
|rule|Evasion Abilities Clause: Evasion abilities are banned
|rule|Sleep Moves Clause: Sleep-inducing moves are banned
|clearpoke
|poke|p1|Weezing-Galar, M|
|poke|p1|Great Tusk|
|poke|p1|Weavile, F|
|poke|p1|Primarina, F|
|poke|p1|Tsareena, F|
|poke|p1|Kilowattrel, F|
|poke|p2|Raging Bolt|
|poke|p2|Ribombee, M|
|poke|p2|Gholdengo|
|poke|p2|Great Tusk|
|poke|p2|Ogerpon-Cornerstone, F|
|poke|p2|Ceruledge, F|
|teampreview
|
|t:|1779948067
|teamsize|p1|6
|teamsize|p2|6
|start
|switch|p1a: Supreme Bob|Tsareena, F|100/100
|switch|p2a: Ribombee|Ribombee, M, shiny|100/100
|turn|1
|
|t:|1779948084
|move|p2a: Ribombee|Sticky Web|p1a: Supreme Bob
|-sidestart|p1: Angeboii|move: Sticky Web
|move|p1a: Supreme Bob|Rapid Spin|p2a: Ribombee
|-damage|p2a: Ribombee|69/100
|-boost|p1a: Supreme Bob|spe|1
|-sideend|p1: Angeboii|Sticky Web|[from] move: Rapid Spin|[of] p1a: Supreme Bob
|
|upkeep
|turn|2
|
|t:|1779948097
|move|p2a: Ribombee|Moonblast|p1a: Supreme Bob
|-damage|p1a: Supreme Bob|74/100
|-unboost|p1a: Supreme Bob|spa|1
|move|p1a: Supreme Bob|Triple Axel|p2a: Ribombee
|-damage|p2a: Ribombee|55/100
|-damage|p2a: Ribombee|27/100
|-damage|p2a: Ribombee|0 fnt
|faint|p2a: Ribombee
|-hitcount|p2: Ribombee|3
|
|upkeep
|
|t:|1779948108
|switch|p2a: Ceruledge|Ceruledge, F, shiny|100/100
|turn|3
|
|t:|1779948115
|move|p1a: Supreme Bob|Trop Kick|p2a: Ceruledge
|-resisted|p2a: Ceruledge
|-damage|p2a: Ceruledge|77/100
|-unboost|p2a: Ceruledge|atk|1
|-ability|p2a: Ceruledge|Weak Armor|boost
|-unboost|p2a: Ceruledge|def|1
|-boost|p2a: Ceruledge|spe|2
|move|p2a: Ceruledge|Swords Dance|p2a: Ceruledge
|-boost|p2a: Ceruledge|atk|2
|
|upkeep
|turn|4
|
|t:|1779948125
|move|p2a: Ceruledge|Poltergeist|p1a: Supreme Bob
|-activate|p1a: Supreme Bob|move: Poltergeist|Assault Vest
|-damage|p1a: Supreme Bob|0 fnt
|faint|p1a: Supreme Bob
|
|upkeep
|
|t:|1779948130
|switch|p1a: Furious Bob|Weavile, F, shiny|100/100
|turn|5
|
|t:|1779948134
|move|p2a: Ceruledge|Close Combat|p1a: Furious Bob
|-supereffective|p1a: Furious Bob
|-enditem|p1a: Furious Bob|Focus Sash
|-damage|p1a: Furious Bob|1/100
|-unboost|p2a: Ceruledge|def|1
|-unboost|p2a: Ceruledge|spd|1
|-enditem|p2a: Ceruledge|Focus Sash|[silent]|[from] ability: Pickpocket|[of] p2a: Ceruledge
|-item|p1a: Furious Bob|Focus Sash|[from] ability: Pickpocket|[of] p2a: Ceruledge
|move|p1a: Furious Bob|Throat Chop|p2a: Ceruledge
|-supereffective|p2a: Ceruledge
|-damage|p2a: Ceruledge|0 fnt
|faint|p2a: Ceruledge
|
|upkeep
|
|t:|1779948149
|switch|p2a: Raging Bolt|Raging Bolt|100/100
|-enditem|p2a: Raging Bolt|Booster Energy
|-activate|p2a: Raging Bolt|ability: Protosynthesis|[fromitem]
|-start|p2a: Raging Bolt|protosynthesisspa
|turn|6
|
|t:|1779948152
|move|p1a: Furious Bob|Ice Shard|p2a: Raging Bolt
|-supereffective|p2a: Raging Bolt
|-damage|p2a: Raging Bolt|62/100
|move|p2a: Raging Bolt|Thunderclap||[still]
|-fail|p2a: Raging Bolt
|
|upkeep
|turn|7
|inactive|Battle timer is ON: inactive players will automatically lose when time's up. (requested by tyrisu)
|
|t:|1779948162
|move|p1a: Furious Bob|Icicle Crash|p2a: Raging Bolt
|-supereffective|p2a: Raging Bolt
|-damage|p2a: Raging Bolt|0 fnt
|faint|p2a: Raging Bolt
|-end|p2a: Raging Bolt|Protosynthesis|[silent]
|
|upkeep
|
|t:|1779948180
|switch|p2a: Gholdengo|Gholdengo, shiny|100/100
|-item|p2a: Gholdengo|Air Balloon
|turn|8
|
|t:|1779948186
|move|p1a: Furious Bob|Throat Chop|p2a: Gholdengo
|-supereffective|p2a: Gholdengo
|-damage|p2a: Gholdengo|23/100
|-start|p2a: Gholdengo|Throat Chop|[silent]
|-enditem|p2a: Gholdengo|Air Balloon
|move|p2a: Gholdengo|Dazzling Gleam|p1a: Furious Bob
|-supereffective|p1a: Furious Bob
|-damage|p1a: Furious Bob|0 fnt
|faint|p1a: Furious Bob
|
|upkeep
|
|t:|1779948192
|switch|p1a: Airborne Bob|Kilowattrel, F|100/100
|turn|9
|
|t:|1779948196
|switch|p2a: Great Tusk|Great Tusk, shiny|100/100
|-enditem|p2a: Great Tusk|Booster Energy
|-activate|p2a: Great Tusk|ability: Protosynthesis|[fromitem]
|-start|p2a: Great Tusk|protosynthesisatk
|move|p1a: Airborne Bob|Air Slash|p2a: Great Tusk
|-supereffective|p2a: Great Tusk
|-damage|p2a: Great Tusk|0 fnt
|faint|p2a: Great Tusk
|-end|p2a: Great Tusk|Protosynthesis|[silent]
|
|upkeep
|
|t:|1779948199
|switch|p2a: Ogerpon|Ogerpon-Cornerstone, F|100/100
|turn|10
|
|t:|1779948205
|-terastallize|p2a: Ogerpon|Rock
|detailschange|p2a: Ogerpon|Ogerpon-Cornerstone-Tera, F, tera:Rock
|-ability|p2a: Ogerpon|Embody Aspect (Cornerstone)|boost
|-boost|p2a: Ogerpon|def|1
|move|p1a: Airborne Bob|Air Slash|p2a: Ogerpon
|-resisted|p2a: Ogerpon
|-damage|p2a: Ogerpon|72/100
|move|p2a: Ogerpon|Ivy Cudgel|p1a: Airborne Bob|[anim] Ivy Cudgel Rock
|-supereffective|p1a: Airborne Bob
|-damage|p1a: Airborne Bob|0 fnt
|faint|p1a: Airborne Bob
|
|upkeep
|
|t:|1779948221
|switch|p1a: Big Ol' Bob|Weezing-Galar, M|100/100
|-ability|p1a: Big Ol' Bob|Neutralizing Gas
|-item|p1a: Big Ol' Bob|Air Balloon
|turn|11
|
|t:|1779948226
|move|p2a: Ogerpon|Ivy Cudgel|p1a: Big Ol' Bob|[anim] Ivy Cudgel Rock
|-damage|p1a: Big Ol' Bob|30/100
|-enditem|p1a: Big Ol' Bob|Air Balloon
|move|p1a: Big Ol' Bob|Will-O-Wisp|p2a: Ogerpon|[miss]
|-miss|p1a: Big Ol' Bob|p2a: Ogerpon
|
|upkeep
|turn|12
|
|t:|1779948233
|move|p2a: Ogerpon|Ivy Cudgel|p1a: Big Ol' Bob|[anim] Ivy Cudgel Rock
|-damage|p1a: Big Ol' Bob|0 fnt
|faint|p1a: Big Ol' Bob
|-end|p1a: Big Ol' Bob|ability: Neutralizing Gas
|
|upkeep
|
|t:|1779948238
|switch|p1a: Singin' Bob|Primarina, F|100/100
|turn|13
|
|t:|1779948241
|move|p2a: Ogerpon|Power Whip|p1a: Singin' Bob
|-supereffective|p1a: Singin' Bob
|-damage|p1a: Singin' Bob|0 fnt
|faint|p1a: Singin' Bob
|
|upkeep
|
|t:|1779948244
|switch|p1a: Great Bob|Great Tusk|100/100
|-enditem|p1a: Great Bob|Booster Energy
|-activate|p1a: Great Bob|ability: Protosynthesis|[fromitem]
|-start|p1a: Great Bob|protosynthesisatk
|turn|14
|
|t:|1779948247
|move|p2a: Ogerpon|Power Whip|p1a: Great Bob|[miss]
|-miss|p2a: Ogerpon|p1a: Great Bob
|move|p1a: Great Bob|Headlong Rush|p2a: Ogerpon
|-supereffective|p2a: Ogerpon
|-crit|p2a: Ogerpon
|-damage|p2a: Ogerpon|0 fnt
|-unboost|p1a: Great Bob|def|1
|-unboost|p1a: Great Bob|spd|1
|faint|p2a: Ogerpon
|detailschange|p2: Ogerpon|Ogerpon-Cornerstone, F|[silent]
|
|upkeep
|
|t:|1779948248
|switch|p2a: Gholdengo|Gholdengo, shiny|23/100
|turn|15
|
|t:|1779948258
|move|p1a: Great Bob|Headlong Rush|p2a: Gholdengo
|-supereffective|p2a: Gholdengo
|-crit|p2a: Gholdengo
|-damage|p2a: Gholdengo|0 fnt
|-unboost|p1a: Great Bob|def|1
|-unboost|p1a: Great Bob|spd|1
|faint|p2a: Gholdengo
|
|win|Angeboii
|raw|Angeboii's rating: 1378 &rarr; <strong>1403</strong><br />(+25 for winning)
|raw|tyrisu's rating: 1460 &rarr; <strong>1435</strong><br />(-25 for losing)
|l|☆Angeboii
|player|p1|
|l|☆tyrisu
|player|p2|
