|j|☆Dearaurora
|j|☆hat_fm
|t:|1779931428
|gametype|singles
|player|p1|Dearaurora|gwynn|1364
|player|p2|hat_fm|pilot|1397
|gen|9
|tier|[Gen 9] OU
|rated|
|rule|HP Percentage Mod: HP is shown in percentages
|rule|Endless Battle Clause: Forcing endless battles is banned
|rule|Species Clause: Limit one of each Pokémon
|rule|OHKO Clause: OHKO moves are banned
|rule|Evasion Items Clause: Evasion items are banned
|rule|Evasion Moves Clause: Evasion moves are banned
|rule|Evasion Abilities Clause: Evasion abilities are banned
|rule|Sleep Moves Clause: Sleep-inducing moves are banned
|clearpoke
|poke|p1|Darkrai|
|poke|p1|Great Tusk|
|poke|p1|Moltres|
|poke|p1|Dragapult, M|
|poke|p1|Ogerpon-Wellspring, F|
|poke|p1|Kingambit, F|
|poke|p2|Zamazenta-*|
|poke|p2|Ceruledge, M|
|poke|p2|Scizor, M|
|poke|p2|Donphan, F|
|poke|p2|Lycanroc-Dusk, F|
|poke|p2|Florges, F|
|teampreview
|inactive|Battle timer is ON: inactive players will automatically lose when time's up. (requested by Dearaurora)
|
|t:|1779931432
|teamsize|p1|6
|teamsize|p2|6
|start
|switch|p1a: Dragapult|Dragapult, M|100/100
|switch|p2a: Donphan|Donphan, F|100/100
|turn|1
|
|t:|1779931440
|move|p1a: Dragapult|Will-O-Wisp|p2a: Donphan|[miss]
|-miss|p1a: Dragapult|p2a: Donphan
|move|p2a: Donphan|Knock Off|p1a: Dragapult
|-supereffective|p1a: Dragapult
|-damage|p1a: Dragapult|31/100
|-enditem|p1a: Dragapult|Heavy-Duty Boots|[from] move: Knock Off|[of] p2a: Donphan
|
|upkeep
|turn|2
|
|t:|1779931445
|move|p1a: Dragapult|Will-O-Wisp|p2a: Donphan
|-status|p2a: Donphan|brn
|move|p2a: Donphan|Stealth Rock|p1a: Dragapult
|-sidestart|p1: Dearaurora|move: Stealth Rock
|
|-damage|p2a: Donphan|94/100 brn|[from] brn
|upkeep
|turn|3
|
|t:|1779931448
|move|p1a: Dragapult|U-turn|p2a: Donphan
|-damage|p2a: Donphan|85/100 brn
|-damage|p1a: Dragapult|15/100|[from] item: Rocky Helmet|[of] p2a: Donphan
|
|t:|1779931453
|switch|p1a: Great Tusk|Great Tusk|100/100|[from] U-turn
|-damage|p1a: Great Tusk|97/100|[from] Stealth Rock
|move|p2a: Donphan|Earthquake|p1a: Great Tusk
|-damage|p1a: Great Tusk|84/100
|
|-damage|p2a: Donphan|78/100 brn|[from] brn
|upkeep
|turn|4
|inactive|hat_fm has 120 seconds left.
|
|t:|1779931504
|move|p1a: Great Tusk|Rapid Spin|p2a: Donphan
|-damage|p2a: Donphan|70/100 brn
|-boost|p1a: Great Tusk|spe|1
|-damage|p1a: Great Tusk|67/100|[from] item: Rocky Helmet|[of] p2a: Donphan
|-sideend|p1: Dearaurora|Stealth Rock|[from] move: Rapid Spin|[of] p1a: Great Tusk
|move|p2a: Donphan|Earthquake|p1a: Great Tusk
|-damage|p1a: Great Tusk|54/100
|
|-damage|p2a: Donphan|63/100 brn|[from] brn
|upkeep
|turn|5
|
|t:|1779931510
|move|p1a: Great Tusk|Ice Spinner|p2a: Donphan
|-supereffective|p2a: Donphan
|-damage|p2a: Donphan|36/100 brn
|-damage|p1a: Great Tusk|38/100|[from] item: Rocky Helmet|[of] p2a: Donphan
|move|p2a: Donphan|Stealth Rock|p1a: Great Tusk
|-sidestart|p1: Dearaurora|move: Stealth Rock
|
|-damage|p2a: Donphan|30/100 brn|[from] brn
|upkeep
|turn|6
|
|t:|1779931523
|move|p1a: Great Tusk|Rapid Spin|p2a: Donphan
|-damage|p2a: Donphan|21/100 brn
|-boost|p1a: Great Tusk|spe|1
|-damage|p1a: Great Tusk|21/100|[from] item: Rocky Helmet|[of] p2a: Donphan
|-sideend|p1: Dearaurora|Stealth Rock|[from] move: Rapid Spin|[of] p1a: Great Tusk
|move|p2a: Donphan|Stealth Rock|p1a: Great Tusk
|-sidestart|p1: Dearaurora|move: Stealth Rock
|
|-damage|p2a: Donphan|15/100 brn|[from] brn
|upkeep
|turn|7
|
|t:|1779931533
|move|p1a: Great Tusk|Ice Spinner|p2a: Donphan
|-supereffective|p2a: Donphan
|-damage|p2a: Donphan|0 fnt
|-damage|p1a: Great Tusk|5/100|[from] item: Rocky Helmet|[of] p2a: Donphan
|faint|p2a: Donphan
|
|upkeep
|
|t:|1779931542
|switch|p2a: Ceruledge|Ceruledge, M|100/100
|turn|8
|
|t:|1779931544
|move|p2a: Ceruledge|Shadow Sneak|p1a: Great Tusk
|-damage|p1a: Great Tusk|0 fnt
|faint|p1a: Great Tusk
|-end|p1a: Great Tusk|Protosynthesis|[silent]
|
|upkeep
|
|t:|1779931550
|switch|p1a: Ogerpon|Ogerpon-Wellspring, F|100/100
|-damage|p1a: Ogerpon|88/100|[from] Stealth Rock
|turn|9
|
|t:|1779931553
|move|p1a: Ogerpon|Ivy Cudgel|p2a: Ceruledge|[anim] Ivy Cudgel Water
|-supereffective|p2a: Ceruledge
|-crit|p2a: Ceruledge
|-enditem|p2a: Ceruledge|Focus Sash
|-damage|p2a: Ceruledge|1/100
|-ability|p2a: Ceruledge|Weak Armor|boost
|-unboost|p2a: Ceruledge|def|1
|-boost|p2a: Ceruledge|spe|2
|move|p2a: Ceruledge|Swords Dance|p2a: Ceruledge
|-boost|p2a: Ceruledge|atk|2
|
|upkeep
|turn|10
|
|t:|1779931564
|move|p2a: Ceruledge|Poltergeist|p1a: Ogerpon
|-activate|p1a: Ogerpon|move: Poltergeist|Wellspring Mask
|-damage|p1a: Ogerpon|0 fnt
|faint|p1a: Ogerpon
|
|upkeep
|
|t:|1779931573
|switch|p1a: Moltres|Moltres|100/100
|turn|11
|
|t:|1779931581
|move|p2a: Ceruledge|Poltergeist|p1a: Moltres
|-activate|p1a: Moltres|move: Poltergeist|Heavy-Duty Boots
|-damage|p1a: Moltres|24/100
|move|p1a: Moltres|Flamethrower|p2a: Ceruledge
|-resisted|p2a: Ceruledge
|-damage|p2a: Ceruledge|0 fnt
|faint|p2a: Ceruledge
|
|upkeep
|
|t:|1779931590
|switch|p2a: Lycanroc|Lycanroc-Dusk, F|100/100
|turn|12
|
|t:|1779931596
|move|p2a: Lycanroc|Stone Edge|p1a: Moltres
|-supereffective|p1a: Moltres
|-damage|p1a: Moltres|0 fnt
|faint|p1a: Moltres
|-damage|p2a: Lycanroc|91/100|[from] item: Life Orb
|
|upkeep
|
|t:|1779931602
|switch|p1a: Darkrai|Darkrai|100/100
|-damage|p1a: Darkrai|88/100|[from] Stealth Rock
|turn|13
|
|t:|1779931605
|move|p2a: Lycanroc|Accelerock|p1a: Darkrai
|-damage|p1a: Darkrai|41/100
|-damage|p2a: Lycanroc|81/100|[from] item: Life Orb
|move|p1a: Darkrai|Dark Pulse|p2a: Lycanroc
|-crit|p2a: Lycanroc
|-damage|p2a: Lycanroc|0 fnt
|faint|p2a: Lycanroc
|
|upkeep
|
|t:|1779931609
|switch|p2a: Zamazenta|Zamazenta|100/100
|-ability|p2a: Zamazenta|Dauntless Shield|boost
|-boost|p2a: Zamazenta|def|1
|turn|14
|
|t:|1779931621
|switch|p1a: Dragapult|Dragapult, M|15/100
|-damage|p1a: Dragapult|2/100|[from] Stealth Rock
|move|p2a: Zamazenta|Body Press|p1a: Dragapult
|-immune|p1a: Dragapult
|
|upkeep
|turn|15
|
|t:|1779931628
|switch|p2a: Scizor|Scizor, M|100/100
|move|p1a: Dragapult|Will-O-Wisp|p2a: Scizor|[miss]
|-miss|p1a: Dragapult|p2a: Scizor
|
|upkeep
|turn|16
|
|t:|1779931634
|move|p2a: Scizor|Bullet Punch|p1a: Dragapult
|-damage|p1a: Dragapult|0 fnt
|faint|p1a: Dragapult
|-damage|p2a: Scizor|91/100|[from] item: Life Orb
|
|upkeep
|
|t:|1779931639
|switch|p1a: Kingambit|Kingambit, F|100/100
|-damage|p1a: Kingambit|94/100|[from] Stealth Rock
|-activate|p1a: Kingambit|ability: Supreme Overlord
|-start|p1a: Kingambit|fallen4|[silent]
|turn|17
|
|t:|1779931645
|move|p2a: Scizor|U-turn|p1a: Kingambit
|-damage|p1a: Kingambit|54/100
|-damage|p2a: Scizor|81/100|[from] item: Life Orb
|
|t:|1779931652
|switch|p2a: Florges|Florges, F|100/100|[from] U-turn
|move|p1a: Kingambit|Swords Dance|p1a: Kingambit
|-boost|p1a: Kingambit|atk|2
|
|-heal|p1a: Kingambit|61/100|[from] item: Leftovers
|upkeep
|turn|18
|
|t:|1779931656
|move|p2a: Florges|Moonblast|p1a: Kingambit
|-damage|p1a: Kingambit|13/100
|move|p1a: Kingambit|Swords Dance|p1a: Kingambit
|-boost|p1a: Kingambit|atk|2
|
|-heal|p1a: Kingambit|19/100|[from] item: Leftovers
|upkeep
|turn|19
|
|t:|1779931663
|move|p1a: Kingambit|Sucker Punch|p2a: Florges
|-resisted|p2a: Florges
|-damage|p2a: Florges|0 fnt
|faint|p2a: Florges
|
|-heal|p1a: Kingambit|25/100|[from] item: Leftovers
|upkeep
|
|t:|1779931665
|switch|p2a: Zamazenta|Zamazenta|100/100
|turn|20
|
|t:|1779931671
|-terastallize|p1a: Kingambit|Flying
|move|p1a: Kingambit|Iron Head|p2a: Zamazenta
|-damage|p2a: Zamazenta|0 fnt
|faint|p2a: Zamazenta
|
|-heal|p1a: Kingambit|32/100|[from] item: Leftovers
|upkeep
|
|t:|1779931680
|switch|p2a: Scizor|Scizor, M|81/100
|turn|21
|
|t:|1779931682
|-terastallize|p2a: Scizor|Steel
|move|p2a: Scizor|Bullet Punch|p1a: Kingambit
|-damage|p1a: Kingambit|0 fnt
|faint|p1a: Kingambit
|-end|p1a: Kingambit|fallen4|[silent]
|-damage|p2a: Scizor|71/100|[from] item: Life Orb
|
|upkeep
|
|t:|1779931687
|switch|p1a: Darkrai|Darkrai|41/100
|-damage|p1a: Darkrai|28/100|[from] Stealth Rock
|turn|22
|
|t:|1779931689
|move|p2a: Scizor|Bullet Punch|p1a: Darkrai
|-damage|p1a: Darkrai|0 fnt
|faint|p1a: Darkrai
|-damage|p2a: Scizor|61/100|[from] item: Life Orb
|
|win|hat_fm
|raw|Dearaurora's rating: 1364 &rarr; <strong>1346</strong><br />(-18 for losing)
|raw|hat_fm's rating: 1397 &rarr; <strong>1415</strong><br />(+18 for winning)
|l|☆Dearaurora
|player|p1|
|l|☆hat_fm
|player|p2|
