|j|☆shark05
|j|☆pineapplefred2
|t:|1779859421
|gametype|singles
|player|p1|shark05|bugsy|1321
|player|p2|pineapplefred2|red|1349
|gen|9
|tier|[Gen 9] OU
|rated|
|rule|HP Percentage Mod: HP is shown in percentages
|rule|Endless Battle Clause: Forcing endless battles is banned
|rule|Species Clause: Limit one of each Pokémon
|rule|OHKO Clause: OHKO moves are banned
|rule|Evasion Items Clause: Evasion items are banned
|rule|Evasion Moves Clause: Evasion moves are banned
|rule|Evasion Abilities Clause: Evasion abilities are banned
|rule|Sleep Moves Clause: Sleep-inducing moves are banned
|clearpoke
|poke|p1|Kleavor, M|
|poke|p1|Weezing-Galar, F|
|poke|p1|Mamoswine, F|
|poke|p1|Lokix, M|
|poke|p1|Tinkaton, F|
|poke|p1|Zapdos-Galar|
|poke|p2|Kyurem|
|poke|p2|Slowking-Galar, F|
|poke|p2|Dragapult, M|
|poke|p2|Kingambit, M|
|poke|p2|Great Tusk|
|poke|p2|Moltres|
|teampreview
|inactive|Battle timer is ON: inactive players will automatically lose when time's up. (requested by shark05)
|inactive|pineapplefred2 has 120 seconds left.
|
|t:|1779859482
|teamsize|p1|6
|teamsize|p2|6
|start
|switch|p1a: Tinkaton|Tinkaton, F|100/100
|switch|p2a: Great Tusk|Great Tusk|100/100
|-item|p1a: Tinkaton|Air Balloon
|turn|1
|
|t:|1779859498
|-end|p2a: Great Tusk|Protosynthesis|[silent]
|switch|p2a: Moltres|Moltres|100/100
|move|p1a: Tinkaton|Stealth Rock|p2a: Moltres
|-sidestart|p2: pineapplefred2|move: Stealth Rock
|
|upkeep
|turn|2
|
|t:|1779859510
|switch|p1a: Weezing|Weezing-Galar, F|100/100
|-ability|p1a: Weezing|Neutralizing Gas
|move|p2a: Moltres|Will-O-Wisp|p1a: Weezing
|-status|p1a: Weezing|brn
|
|-damage|p1a: Weezing|95/100 brn|[from] brn
|upkeep
|turn|3
|
|t:|1779859525
|move|p2a: Moltres|Flamethrower|p1a: Weezing
|-damage|p1a: Weezing|47/100 brn
|move|p1a: Weezing|Pain Split|p2a: Moltres
|-sethp|p2a: Moltres|71/100|[from] move: Pain Split|[silent]
|-sethp|p1a: Weezing|81/100 brn|[from] move: Pain Split
|
|-heal|p1a: Weezing|87/100 brn|[from] item: Leftovers
|-damage|p1a: Weezing|81/100 brn|[from] brn
|upkeep
|turn|4
|
|t:|1779859536
|move|p2a: Moltres|U-turn|p1a: Weezing
|-resisted|p1a: Weezing
|-damage|p1a: Weezing|79/100 brn
|
|t:|1779859539
|switch|p2a: Great Tusk|Great Tusk|100/100|[from] U-turn
|-damage|p2a: Great Tusk|98/100|[from] Stealth Rock
|move|p1a: Weezing|Pain Split|p2a: Great Tusk
|-sethp|p2a: Great Tusk|84/100|[from] move: Pain Split|[silent]
|-sethp|p1a: Weezing|94/100 brn|[from] move: Pain Split
|
|-heal|p2a: Great Tusk|91/100|[from] item: Leftovers
|-heal|p1a: Weezing|99/100 brn|[from] item: Leftovers
|-damage|p1a: Weezing|94/100 brn|[from] brn
|upkeep
|turn|5
|inactive|shark05 has 120 seconds left.
|
|t:|1779859571
|-end|p1a: Weezing|ability: Neutralizing Gas
|switch|p1a: Zapdos|Zapdos-Galar|100/100
|move|p2a: Great Tusk|Rapid Spin|p1a: Zapdos
|-damage|p1a: Zapdos|79/100
|-boost|p2a: Great Tusk|spe|1
|-sideend|p2: pineapplefred2|Stealth Rock|[from] move: Rapid Spin|[of] p2a: Great Tusk
|
|-heal|p2a: Great Tusk|97/100|[from] item: Leftovers
|upkeep
|turn|6
|inactive|shark05 has 120 seconds left.
|
|t:|1779859584
|move|p1a: Zapdos|Brave Bird|p2a: Great Tusk
|-supereffective|p2a: Great Tusk
|-damage|p2a: Great Tusk|11/100
|-damage|p1a: Zapdos|46/100|[from] Recoil
|move|p2a: Great Tusk|Ice Spinner|p1a: Zapdos
|-supereffective|p1a: Zapdos
|-damage|p1a: Zapdos|0 fnt
|faint|p1a: Zapdos
|
|-heal|p2a: Great Tusk|17/100|[from] item: Leftovers
|upkeep
|
|t:|1779859602
|switch|p1a: Tinkaton|Tinkaton, F|100/100
|-item|p1a: Tinkaton|Air Balloon
|turn|7
|
|t:|1779859613
|move|p2a: Great Tusk|Stealth Rock|p1a: Tinkaton
|-sidestart|p1: shark05|move: Stealth Rock
|move|p1a: Tinkaton|Gigaton Hammer|p2a: Great Tusk
|-damage|p2a: Great Tusk|0 fnt
|faint|p2a: Great Tusk
|-end|p2a: Great Tusk|Protosynthesis|[silent]
|
|upkeep
|
|t:|1779859624
|switch|p2a: Moltres|Moltres|71/100
|turn|8
|inactive|shark05 has 120 seconds left.
|
|t:|1779859639
|switch|p1a: Weezing|Weezing-Galar, F|94/100 brn
|-ability|p1a: Weezing|Neutralizing Gas
|-damage|p1a: Weezing|81/100 brn|[from] Stealth Rock
|move|p2a: Moltres|Will-O-Wisp|p1a: Weezing
|-fail|p1a: Weezing|brn
|
|-heal|p1a: Weezing|87/100 brn|[from] item: Leftovers
|-damage|p1a: Weezing|81/100 brn|[from] brn
|upkeep
|turn|9
|
|t:|1779859650
|move|p2a: Moltres|Flamethrower|p1a: Weezing
|-damage|p1a: Weezing|32/100 brn
|move|p1a: Weezing|Defog|p2a: Moltres
|-unboost|p2a: Moltres|evasion|1
|-sideend|p1: shark05|Stealth Rock|[from] move: Defog|[of] p1a: Weezing
|
|-heal|p1a: Weezing|38/100 brn|[from] item: Leftovers
|-damage|p1a: Weezing|32/100 brn|[from] brn
|upkeep
|turn|10
|
|t:|1779859659
|move|p2a: Moltres|Flamethrower|p1a: Weezing
|-damage|p1a: Weezing|0 fnt
|faint|p1a: Weezing
|-end|p1a: Weezing|ability: Neutralizing Gas
|
|upkeep
|
|t:|1779859664
|switch|p1a: Kleavor|Kleavor, M|100/100
|turn|11
|inactive|pineapplefred2 has 120 seconds left.
|
|t:|1779859699
|switch|p2a: Slowking|Slowking-Galar, F|100/100
|move|p1a: Kleavor|Stone Axe|p2a: Slowking
|-damage|p2a: Slowking|51/100
|-sidestart|p2: pineapplefred2|move: Stealth Rock
|
|upkeep
|turn|12
|
|t:|1779859712
|move|p1a: Kleavor|X-Scissor|p2a: Slowking
|-damage|p2a: Slowking|0 fnt
|faint|p2a: Slowking
|
|upkeep
|
|t:|1779859716
|switch|p2a: Dragapult|Dragapult, M|100/100
|turn|13
|
|t:|1779859730
|switch|p1a: Tinkaton|Tinkaton, F|100/100
|-item|p1a: Tinkaton|Air Balloon
|move|p2a: Dragapult|Will-O-Wisp|p1a: Tinkaton
|-status|p1a: Tinkaton|brn
|
|-damage|p1a: Tinkaton|94/100 brn|[from] brn
|upkeep
|turn|14
|
|t:|1779859740
|switch|p2a: Moltres|Moltres|71/100
|move|p1a: Tinkaton|Knock Off|p2a: Moltres
|-damage|p2a: Moltres|64/100
|-enditem|p2a: Moltres|Heavy-Duty Boots|[from] move: Knock Off|[of] p1a: Tinkaton
|
|-damage|p1a: Tinkaton|88/100 brn|[from] brn
|upkeep
|turn|15
|
|t:|1779859752
|switch|p1a: Mamoswine|Mamoswine, F|100/100
|move|p2a: Moltres|Roost|p2a: Moltres
|-heal|p2a: Moltres|100/100
|-singleturn|p2a: Moltres|move: Roost
|
|upkeep
|turn|16
|
|t:|1779859768
|-terastallize|p2a: Moltres|Dragon
|move|p1a: Mamoswine|Icicle Crash|p2a: Moltres
|-supereffective|p2a: Moltres
|-damage|p2a: Moltres|32/100
|move|p2a: Moltres|Will-O-Wisp|p1a: Mamoswine
|-status|p1a: Mamoswine|brn
|
|-damage|p1a: Mamoswine|94/100 brn|[from] brn
|upkeep
|turn|17
|inactive|pineapplefred2 has 120 seconds left.
|
|t:|1779859818
|move|p1a: Mamoswine|Icicle Crash|p2a: Moltres
|-supereffective|p2a: Moltres
|-damage|p2a: Moltres|0 fnt
|faint|p2a: Moltres
|
|-heal|p1a: Mamoswine|100/100 brn|[from] item: Leftovers
|-damage|p1a: Mamoswine|94/100 brn|[from] brn
|upkeep
|inactive|pineapplefred2 has 90 seconds left.
|
|t:|1779859835
|switch|p2a: Kingambit|Kingambit, M|100/100
|-damage|p2a: Kingambit|94/100|[from] Stealth Rock
|-activate|p2a: Kingambit|ability: Supreme Overlord
|-start|p2a: Kingambit|fallen3|[silent]
|turn|18
|
|t:|1779859852
|move|p1a: Mamoswine|Earthquake|p2a: Kingambit
|-supereffective|p2a: Kingambit
|-damage|p2a: Kingambit|53/100
|move|p2a: Kingambit|Iron Head|p1a: Mamoswine
|-supereffective|p1a: Mamoswine
|-damage|p1a: Mamoswine|0 fnt
|faint|p1a: Mamoswine
|
|-heal|p2a: Kingambit|59/100|[from] item: Leftovers
|upkeep
|inactive|shark05 has 120 seconds left.
|
|t:|1779859881
|switch|p1a: Kleavor|Kleavor, M|100/100
|turn|19
|
|t:|1779859889
|move|p1a: Kleavor|X-Scissor|p2a: Kingambit
|-damage|p2a: Kingambit|12/100
|move|p2a: Kingambit|Iron Head|p1a: Kleavor
|-supereffective|p1a: Kleavor
|-enditem|p1a: Kleavor|Focus Sash
|-damage|p1a: Kleavor|1/100
|
|-heal|p2a: Kingambit|18/100|[from] item: Leftovers
|upkeep
|turn|20
|inactive|shark05 has 120 seconds left.
|
|t:|1779859898
|move|p2a: Kingambit|Sucker Punch|p1a: Kleavor
|-damage|p1a: Kleavor|0 fnt
|faint|p1a: Kleavor
|
|-heal|p2a: Kingambit|24/100|[from] item: Leftovers
|upkeep
|inactive|shark05 has 120 seconds left.
|
|t:|1779859907
|switch|p1a: Lokix|Lokix, M|100/100
|turn|21
|
|t:|1779859914
|move|p1a: Lokix|U-turn|p2a: Kingambit
|-damage|p2a: Kingambit|0 fnt
|faint|p2a: Kingambit
|-end|p2a: Kingambit|fallen3|[silent]
|
|t:|1779859917
|switch|p1a: Tinkaton|Tinkaton, F|88/100 brn|[from] U-turn
|-item|p1a: Tinkaton|Air Balloon
|
|-damage|p1a: Tinkaton|82/100 brn|[from] brn
|upkeep
|inactive|pineapplefred2 has 120 seconds left.
|
|t:|1779859935
|switch|p2a: Dragapult|Dragapult, M|100/100
|turn|22
|
|t:|1779859951
|move|p2a: Dragapult|U-turn|p1a: Tinkaton
|-resisted|p1a: Tinkaton
|-damage|p1a: Tinkaton|77/100 brn
|-enditem|p1a: Tinkaton|Air Balloon
|-enditem|p2a: Dragapult|Heavy-Duty Boots|[silent]|[from] ability: Pickpocket|[of] p2a: Dragapult
|-item|p1a: Tinkaton|Heavy-Duty Boots|[from] ability: Pickpocket|[of] p2a: Dragapult
|
|t:|1779859958
|switch|p2a: Kyurem|Kyurem|100/100|[from] U-turn
|-damage|p2a: Kyurem|76/100|[from] Stealth Rock
|-ability|p2a: Kyurem|Pressure
|move|p1a: Tinkaton|Knock Off|p2a: Kyurem
|-damage|p2a: Kyurem|68/100
|-enditem|p2a: Kyurem|Choice Scarf|[from] move: Knock Off|[of] p1a: Tinkaton
|
|-damage|p1a: Tinkaton|71/100 brn|[from] brn
|upkeep
|turn|23
|
|t:|1779859979
|move|p2a: Kyurem|Earth Power|p1a: Tinkaton
|-supereffective|p1a: Tinkaton
|-damage|p1a: Tinkaton|16/100 brn
|move|p1a: Tinkaton|Gigaton Hammer|p2a: Kyurem
|-supereffective|p2a: Kyurem
|-damage|p2a: Kyurem|24/100
|
|-damage|p1a: Tinkaton|10/100 brn|[from] brn
|upkeep
|turn|24
|
|t:|1779859990
|move|p2a: Kyurem|Earth Power|p1a: Tinkaton
|-supereffective|p1a: Tinkaton
|-damage|p1a: Tinkaton|0 fnt
|faint|p1a: Tinkaton
|
|upkeep
|
|t:|1779859999
|switch|p1a: Lokix|Lokix, M|100/100
|turn|25
|
|t:|1779860010
|move|p1a: Lokix|First Impression|p2a: Kyurem
|-damage|p2a: Kyurem|0 fnt
|faint|p2a: Kyurem
|
|upkeep
|
|t:|1779860013
|switch|p2a: Dragapult|Dragapult, M|100/100
|-damage|p2a: Dragapult|88/100|[from] Stealth Rock
|turn|26
|inactive|shark05 has 120 seconds left.
|
|t:|1779860037
|move|p2a: Dragapult|Will-O-Wisp|p1a: Lokix
|-status|p1a: Lokix|brn
|move|p1a: Lokix|Knock Off|p2a: Dragapult
|-supereffective|p2a: Dragapult
|-damage|p2a: Dragapult|45/100
|
|-damage|p1a: Lokix|94/100 brn|[from] brn
|upkeep
|turn|27
|
|t:|1779860047
|move|p1a: Lokix|Sucker Punch|p2a: Dragapult
|-supereffective|p2a: Dragapult
|-damage|p2a: Dragapult|0 fnt
|faint|p2a: Dragapult
|
|win|shark05
|raw|shark05's rating: 1321 &rarr; <strong>1343</strong><br />(+22 for winning)
|raw|pineapplefred2's rating: 1349 &rarr; <strong>1327</strong><br />(-22 for losing)
|l|☆pineapplefred2
|player|p2|
|l|☆shark05
|player|p1|
