|j|☆Senpai_4884
|j|☆claudechamp
|t:|1779820872
|gametype|singles
|player|p1|Senpai_4884|1|1130
|player|p2|claudechamp|265|1155
|gen|9
|tier|[Gen 9] OU
|rated|
|rule|HP Percentage Mod: HP is shown in percentages
|rule|Endless Battle Clause: Forcing endless battles is banned
|rule|Species Clause: Limit one of each Pokémon
|rule|OHKO Clause: OHKO moves are banned
|rule|Evasion Items Clause: Evasion items are banned
|rule|Evasion Moves Clause: Evasion moves are banned
|rule|Evasion Abilities Clause: Evasion abilities are banned
|rule|Sleep Moves Clause: Sleep-inducing moves are banned
|clearpoke
|poke|p1|Corviknight, M|
|poke|p1|Cinderace, M|
|poke|p1|Comfey, M|
|poke|p1|Tauros-Paldea-Blaze, M|
|poke|p1|Zamazenta-*|
|poke|p1|Iron Boulder|
|poke|p2|Gliscor, F|
|poke|p2|Gholdengo|
|poke|p2|Zamazenta-*|
|poke|p2|Blissey, F|
|poke|p2|Skarmory, F|
|poke|p2|Pecharunt|
|teampreview
|c|☆claudechamp|hf
|inactive|Battle timer is ON: inactive players will automatically lose when time's up. (requested by claudechamp)
|
|t:|1779820878
|teamsize|p1|6
|teamsize|p2|6
|start
|switch|p1a: Zamazenta|Zamazenta|100/100
|switch|p2a: Skarmory|Skarmory, F|100/100
|-ability|p1a: Zamazenta|Dauntless Shield|boost
|-boost|p1a: Zamazenta|def|1
|turn|1
|
|t:|1779820895
|move|p1a: Zamazenta|Thunder Fang|p2a: Skarmory
|-supereffective|p2a: Skarmory
|-damage|p2a: Skarmory|62/100
|-damage|p1a: Zamazenta|91/100|[from] item: Life Orb
|cant|p2a: Skarmory|flinch
|
|upkeep
|turn|2
|
|t:|1779820905
|move|p1a: Zamazenta|Thunder Fang|p2a: Skarmory
|-supereffective|p2a: Skarmory
|-damage|p2a: Skarmory|24/100
|-damage|p1a: Zamazenta|81/100|[from] item: Life Orb
|move|p2a: Skarmory|Roost|p2a: Skarmory
|-heal|p2a: Skarmory|74/100
|-singleturn|p2a: Skarmory|move: Roost
|
|upkeep
|turn|3
|inactive|Senpai_4884 has 120 seconds left.
|
|t:|1779820940
|switch|p1a: Tauros|Tauros-Paldea-Blaze, M|100/100
|-ability|p1a: Tauros|Intimidate|boost
|-unboost|p2a: Skarmory|atk|1
|move|p2a: Skarmory|Spikes|p1a: Tauros
|-sidestart|p1: Senpai_4884|Spikes
|
|upkeep
|turn|4
|inactive|Senpai_4884 has 120 seconds left.
|
|t:|1779820950
|switch|p2a: Pecharunt|Pecharunt|100/100
|move|p1a: Tauros|Wild Charge|p2a: Pecharunt
|-damage|p2a: Pecharunt|88/100
|-damage|p1a: Tauros|96/100|[from] Recoil
|
|upkeep
|turn|5
|
|t:|1779820959
|move|p1a: Tauros|Drill Run|p2a: Pecharunt
|-supereffective|p2a: Pecharunt
|-damage|p2a: Pecharunt|61/100
|move|p2a: Pecharunt|Shadow Ball|p1a: Tauros
|-damage|p1a: Tauros|55/100
|-unboost|p1a: Tauros|spd|1
|
|upkeep
|turn|6
|
|t:|1779820970
|move|p1a: Tauros|Lash Out|p2a: Pecharunt
|-supereffective|p2a: Pecharunt
|-damage|p2a: Pecharunt|36/100
|move|p2a: Pecharunt|Shadow Ball|p1a: Tauros
|-damage|p1a: Tauros|0 fnt
|faint|p1a: Tauros
|
|upkeep
|
|t:|1779820983
|switch|p1a: Zamazenta|Zamazenta|81/100
|-damage|p1a: Zamazenta|68/100|[from] Spikes
|turn|7
|
|t:|1779820987
|move|p1a: Zamazenta|Psychic Fangs|p2a: Pecharunt
|-supereffective|p2a: Pecharunt
|-damage|p2a: Pecharunt|1/100
|-damage|p1a: Zamazenta|59/100|[from] item: Life Orb
|move|p2a: Pecharunt|Recover|p2a: Pecharunt
|-heal|p2a: Pecharunt|51/100
|
|upkeep
|turn|8
|
|t:|1779820993
|move|p1a: Zamazenta|Psychic Fangs|p2a: Pecharunt
|-supereffective|p2a: Pecharunt
|-damage|p2a: Pecharunt|15/100
|-damage|p1a: Zamazenta|49/100|[from] item: Life Orb
|move|p2a: Pecharunt|Recover|p2a: Pecharunt
|-heal|p2a: Pecharunt|65/100
|
|upkeep
|turn|9
|
|t:|1779820997
|move|p1a: Zamazenta|Psychic Fangs|p2a: Pecharunt
|-supereffective|p2a: Pecharunt
|-damage|p2a: Pecharunt|24/100
|-damage|p1a: Zamazenta|39/100|[from] item: Life Orb
|move|p2a: Pecharunt|Recover|p2a: Pecharunt
|-heal|p2a: Pecharunt|74/100
|
|upkeep
|turn|10
|
|t:|1779821001
|switch|p2a: Gliscor|Gliscor, F|100/100
|move|p1a: Zamazenta|Psychic Fangs|p2a: Gliscor
|-damage|p2a: Gliscor|68/100
|-damage|p1a: Zamazenta|29/100|[from] item: Life Orb
|
|-status|p2a: Gliscor|tox|[from] item: Toxic Orb
|upkeep
|turn|11
|
|t:|1779821008
|move|p1a: Zamazenta|Ice Fang|p2a: Gliscor
|-supereffective|p2a: Gliscor
|-damage|p2a: Gliscor|0 fnt
|faint|p2a: Gliscor
|-damage|p1a: Zamazenta|19/100|[from] item: Life Orb
|
|upkeep
|
|t:|1779821016
|switch|p2a: Gholdengo|Gholdengo|100/100
|turn|12
|
|t:|1779821030
|move|p1a: Zamazenta|Thunder Fang|p2a: Gholdengo
|-damage|p2a: Gholdengo|77/100
|-damage|p1a: Zamazenta|9/100|[from] item: Life Orb
|move|p2a: Gholdengo|Hex|p1a: Zamazenta
|-damage|p1a: Zamazenta|0 fnt
|faint|p1a: Zamazenta
|
|upkeep
|inactive|Senpai_4884 has 120 seconds left.
|
|t:|1779821060
|switch|p1a: Cinderace|Cinderace, M|100/100
|turn|13
|
|t:|1779821082
|switch|p2a: Pecharunt|Pecharunt|74/100
|move|p1a: Cinderace|Court Change|p1a: Cinderace
|-start|p1a: Cinderace|typechange|Normal|[from] ability: Libero
|-swapsideconditions
|-activate|p1a: Cinderace|move: Court Change
|
|upkeep
|turn|14
|
|t:|1779821093
|switch|p1a: Corviknight|Corviknight, M|100/100
|move|p2a: Pecharunt|Toxic|p1a: Corviknight
|-immune|p1a: Corviknight
|
|upkeep
|turn|15
|
|t:|1779821111
|move|p2a: Pecharunt|Shadow Ball|p1a: Corviknight
|-damage|p1a: Corviknight|72/100
|move|p1a: Corviknight|Iron Defense|p1a: Corviknight
|-boost|p1a: Corviknight|def|2
|
|-heal|p1a: Corviknight|78/100|[from] item: Leftovers
|upkeep
|turn|16
|
|t:|1779821129
|-terastallize|p2a: Pecharunt|Fairy
|move|p2a: Pecharunt|Shadow Ball|p1a: Corviknight
|-damage|p1a: Corviknight|49/100
|-ability|p1a: Corviknight|Mirror Armor
|-unboost|p2a: Pecharunt|spd|1
|move|p1a: Corviknight|Iron Defense|p1a: Corviknight
|-boost|p1a: Corviknight|def|2
|
|-heal|p1a: Corviknight|55/100|[from] item: Leftovers
|upkeep
|turn|17
|
|t:|1779821142
|move|p2a: Pecharunt|Recover|p2a: Pecharunt
|-heal|p2a: Pecharunt|100/100
|move|p1a: Corviknight|Heavy Slam|p2a: Pecharunt
|-supereffective|p2a: Pecharunt
|-damage|p2a: Pecharunt|57/100
|
|-heal|p1a: Corviknight|61/100|[from] item: Leftovers
|upkeep
|turn|18
|
|t:|1779821159
|move|p2a: Pecharunt|Shadow Ball|p1a: Corviknight
|-damage|p1a: Corviknight|31/100
|move|p1a: Corviknight|Heavy Slam|p2a: Pecharunt
|-supereffective|p2a: Pecharunt
|-damage|p2a: Pecharunt|12/100
|
|-heal|p1a: Corviknight|37/100|[from] item: Leftovers
|upkeep
|turn|19
|
|t:|1779821174
|move|p2a: Pecharunt|Recover|p2a: Pecharunt
|-heal|p2a: Pecharunt|62/100
|move|p1a: Corviknight|Heavy Slam|p2a: Pecharunt
|-supereffective|p2a: Pecharunt
|-damage|p2a: Pecharunt|16/100
|
|-heal|p1a: Corviknight|43/100|[from] item: Leftovers
|upkeep
|turn|20
|
|t:|1779821189
|switch|p2a: Skarmory|Skarmory, F|74/100
|move|p1a: Corviknight|Heavy Slam|p2a: Skarmory
|-resisted|p2a: Skarmory
|-damage|p2a: Skarmory|68/100
|
|-heal|p1a: Corviknight|49/100|[from] item: Leftovers
|upkeep
|turn|21
|
|t:|1779821200
|move|p2a: Skarmory|Roost|p2a: Skarmory
|-heal|p2a: Skarmory|100/100
|-singleturn|p2a: Skarmory|move: Roost
|move|p1a: Corviknight|Body Press|p2a: Skarmory
|-supereffective|p2a: Skarmory
|-damage|p2a: Skarmory|11/100
|
|-heal|p1a: Corviknight|56/100|[from] item: Leftovers
|upkeep
|turn|22
|
|t:|1779821210
|move|p2a: Skarmory|Body Press|p1a: Corviknight
|-damage|p1a: Corviknight|48/100
|move|p1a: Corviknight|Body Press|p2a: Skarmory
|-damage|p2a: Skarmory|0 fnt
|faint|p2a: Skarmory
|
|-heal|p1a: Corviknight|55/100|[from] item: Leftovers
|upkeep
|
|t:|1779821214
|switch|p2a: Gholdengo|Gholdengo|77/100
|-damage|p2a: Gholdengo|65/100|[from] Spikes
|turn|23
|
|t:|1779821218
|move|p2a: Gholdengo|Thunder Wave|p1a: Corviknight
|-status|p1a: Corviknight|par
|move|p1a: Corviknight|Power Trip|p2a: Gholdengo
|-supereffective|p2a: Gholdengo
|-damage|p2a: Gholdengo|27/100
|
|-heal|p1a: Corviknight|61/100 par|[from] item: Leftovers
|upkeep
|turn|24
|
|t:|1779821233
|move|p2a: Gholdengo|Hex|p1a: Corviknight
|-damage|p1a: Corviknight|0 fnt
|faint|p1a: Corviknight
|
|upkeep
|
|t:|1779821245
|switch|p1a: Cinderace|Cinderace, M|100/100
|turn|25
|
|t:|1779821251
|move|p1a: Cinderace|Fire Punch|p2a: Gholdengo
|-supereffective|p2a: Gholdengo
|-damage|p2a: Gholdengo|0 fnt
|faint|p2a: Gholdengo
|
|upkeep
|
|t:|1779821257
|switch|p2a: Zamazenta|Zamazenta|100/100
|-ability|p2a: Zamazenta|Dauntless Shield|boost
|-boost|p2a: Zamazenta|def|1
|turn|26
|
|t:|1779821272
|move|p2a: Zamazenta|Close Combat|p1a: Cinderace
|-damage|p1a: Cinderace|13/100
|-unboost|p2a: Zamazenta|def|1
|-unboost|p2a: Zamazenta|spd|1
|move|p1a: Cinderace|High Jump Kick|p2a: Zamazenta
|-start|p1a: Cinderace|typechange|Fighting|[from] ability: Libero
|-damage|p2a: Zamazenta|46/100
|
|upkeep
|turn|27
|
|t:|1779821283
|move|p2a: Zamazenta|Heavy Slam|p1a: Cinderace
|-damage|p1a: Cinderace|0 fnt
|faint|p1a: Cinderace
|
|upkeep
|
|t:|1779821289
|switch|p1a: Iron Boulder|Iron Boulder|100/100
|turn|28
|
|t:|1779821300
|move|p2a: Zamazenta|Heavy Slam|p1a: Iron Boulder
|-supereffective|p1a: Iron Boulder
|-crit|p1a: Iron Boulder
|-damage|p1a: Iron Boulder|46/100
|move|p1a: Iron Boulder|Psycho Cut|p2a: Zamazenta
|-supereffective|p2a: Zamazenta
|-damage|p2a: Zamazenta|0 fnt
|faint|p2a: Zamazenta
|
|upkeep
|
|t:|1779821311
|switch|p2a: Blissey|Blissey, F|100/100
|turn|29
|
|t:|1779821325
|move|p1a: Iron Boulder|Mighty Cleave|p2a: Blissey
|-damage|p2a: Blissey|43/100
|move|p2a: Blissey|Shadow Ball|p1a: Iron Boulder
|-supereffective|p1a: Iron Boulder
|-damage|p1a: Iron Boulder|24/100
|
|upkeep
|turn|30
|
|t:|1779821333
|-terastallize|p1a: Iron Boulder|Rock
|move|p1a: Iron Boulder|Mighty Cleave|p2a: Blissey
|-damage|p2a: Blissey|0 fnt
|faint|p2a: Blissey
|
|upkeep
|
|t:|1779821339
|switch|p2a: Pecharunt|Pecharunt, tera:Fairy|16/100
|turn|31
|
|t:|1779821346
|move|p1a: Iron Boulder|Earthquake|p2a: Pecharunt
|-damage|p2a: Pecharunt|0 fnt
|faint|p2a: Pecharunt
|
|win|Senpai_4884
|raw|Senpai_4884's rating: 1130 &rarr; <strong>1154</strong><br />(+24 for winning)
|raw|claudechamp's rating: 1115 &rarr; <strong>1091</strong><br />(-24 for losing)
|c|☆claudechamp|gg
|c|☆Senpai_4884|Gg
