|j|☆Salmonela231
|j|☆claudechamp
|t:|1779821847
|gametype|singles
|player|p1|Salmonela231|gambler|1062
|player|p2|claudechamp|265|1110
|gen|9
|tier|[Gen 9] OU
|rated|
|rule|HP Percentage Mod: HP is shown in percentages
|rule|Endless Battle Clause: Forcing endless battles is banned
|rule|Species Clause: Limit one of each Pokémon
|rule|OHKO Clause: OHKO moves are banned
|rule|Evasion Items Clause: Evasion items are banned
|rule|Evasion Moves Clause: Evasion moves are banned
|rule|Evasion Abilities Clause: Evasion abilities are banned
|rule|Sleep Moves Clause: Sleep-inducing moves are banned
|clearpoke
|poke|p1|Alomomola, M|
|poke|p1|Araquanid, F|
|poke|p1|Zapdos-Galar|
|poke|p1|Pecharunt|
|poke|p1|Primarina, M|
|poke|p1|Haxorus, M|
|poke|p2|Corviknight, F|
|poke|p2|Ting-Lu|
|poke|p2|Kyurem|
|poke|p2|Dondozo, M|
|poke|p2|Slowking-Galar, M|
|poke|p2|Cinderace, F|
|teampreview
|c|☆claudechamp|hf
|inactive|Battle timer is ON: inactive players will automatically lose when time's up. (requested by Salmonela231)
|inactive|claudechamp also wants the timer to be on.
|
|t:|1779821851
|teamsize|p1|6
|teamsize|p2|6
|start
|switch|p1a: Araquanid|Araquanid, F|100/100
|switch|p2a: Corviknight|Corviknight, F|100/100
|-ability|p2a: Corviknight|Pressure
|turn|1
|
|t:|1779821857
|switch|p2a: Kyurem|Kyurem|100/100
|-ability|p2a: Kyurem|Pressure
|move|p1a: Araquanid|Sticky Web|p2a: Kyurem
|-sidestart|p2: claudechamp|move: Sticky Web
|
|upkeep
|turn|2
|
|t:|1779821873
|switch|p2a: Cinderace|Cinderace, F|100/100
|move|p1a: Araquanid|Poison Jab|p2a: Cinderace
|-damage|p2a: Cinderace|75/100
|
|upkeep
|turn|3
|
|t:|1779821879
|move|p2a: Cinderace|Pyro Ball|p1a: Araquanid
|-damage|p1a: Araquanid|73/100
|move|p1a: Araquanid|Liquidation|p2a: Cinderace
|-supereffective|p2a: Cinderace
|-damage|p2a: Cinderace|0 fnt
|faint|p2a: Cinderace
|
|-heal|p1a: Araquanid|79/100|[from] item: Leftovers
|upkeep
|
|t:|1779821881
|switch|p2a: Corviknight|Corviknight, F|100/100
|-ability|p2a: Corviknight|Pressure
|turn|4
|
|t:|1779821892
|move|p2a: Corviknight|Brave Bird|p1a: Araquanid
|-supereffective|p1a: Araquanid
|-damage|p1a: Araquanid|4/100
|-damage|p2a: Corviknight|79/100|[from] Recoil
|move|p1a: Araquanid|Liquidation|p2a: Corviknight
|-damage|p2a: Corviknight|40/100
|-unboost|p2a: Corviknight|def|1
|-damage|p1a: Araquanid|0 fnt|[from] item: Rocky Helmet|[of] p2a: Corviknight
|faint|p1a: Araquanid
|
|upkeep
|
|t:|1779821912
|switch|p1a: Haxorus|Haxorus, M|100/100
|-ability|p1a: Haxorus|Mold Breaker
|turn|5
|
|t:|1779821921
|move|p1a: Haxorus|First Impression|p2a: Corviknight
|-resisted|p2a: Corviknight
|-damage|p2a: Corviknight|33/100
|-damage|p1a: Haxorus|84/100|[from] item: Rocky Helmet|[of] p2a: Corviknight
|move|p2a: Corviknight|Roost|p2a: Corviknight
|-heal|p2a: Corviknight|83/100
|-singleturn|p2a: Corviknight|move: Roost
|
|upkeep
|turn|6
|
|t:|1779821927
|switch|p1a: Pecharunt|Pecharunt|100/100
|move|p2a: Corviknight|Defog|p1a: Pecharunt
|-unboost|p1a: Pecharunt|evasion|1
|-sideend|p2: claudechamp|Sticky Web|[from] move: Defog|[of] p2a: Corviknight
|
|upkeep
|turn|7
|
|t:|1779821942
|switch|p2a: Kyurem|Kyurem|100/100
|-ability|p2a: Kyurem|Pressure
|move|p1a: Pecharunt|Foul Play|p2a: Kyurem
|-damage|p2a: Kyurem|81/100
|
|-heal|p2a: Kyurem|87/100|[from] item: Leftovers
|upkeep
|turn|8
|
|t:|1779821955
|move|p2a: Kyurem|Freeze-Dry|p1a: Pecharunt
|-damage|p1a: Pecharunt|67/100
|move|p1a: Pecharunt|Parting Shot|p2a: Kyurem
|-unboost|p2a: Kyurem|atk|1
|-unboost|p2a: Kyurem|spa|1
|
|t:|1779821960
|switch|p1a: Primarina|Primarina, M|100/100|[from] Parting Shot
|
|-heal|p2a: Kyurem|93/100|[from] item: Leftovers
|upkeep
|turn|9
|
|t:|1779821968
|move|p2a: Kyurem|Freeze-Dry|p1a: Primarina
|-supereffective|p1a: Primarina
|-damage|p1a: Primarina|62/100
|move|p1a: Primarina|Moonblast|p2a: Kyurem
|-supereffective|p2a: Kyurem
|-damage|p2a: Kyurem|0 fnt
|faint|p2a: Kyurem
|
|upkeep
|
|t:|1779821971
|switch|p2a: Slowking|Slowking-Galar, M|100/100
|turn|10
|
|t:|1779821981
|switch|p1a: Alomomola|Alomomola, M|100/100
|move|p2a: Slowking|Future Sight|p1a: Alomomola
|-start|p2a: Slowking|move: Future Sight
|
|upkeep
|turn|11
|
|t:|1779821998
|move|p1a: Alomomola|Scald|p2a: Slowking
|-damage|p2a: Slowking|90/100
|move|p2a: Slowking|Ice Beam|p1a: Alomomola
|-resisted|p1a: Alomomola
|-damage|p1a: Alomomola|88/100
|-status|p1a: Alomomola|frz
|
|upkeep
|turn|12
|
|t:|1779822007
|-curestatus|p1a: Alomomola|frz|[msg]
|move|p1a: Alomomola|Protect|p1a: Alomomola
|-singleturn|p1a: Alomomola|Protect
|move|p2a: Slowking|Sludge Bomb|p1a: Alomomola
|-activate|p1a: Alomomola|move: Protect
|
|-end|p1a: Alomomola|move: Future Sight
|-damage|p1a: Alomomola|38/100
|upkeep
|turn|13
|
|t:|1779822028
|move|p1a: Alomomola|Flip Turn|p2a: Slowking
|-damage|p2a: Slowking|80/100
|
|t:|1779822032
|switch|p1a: Haxorus|Haxorus, M|84/100|[from] Flip Turn
|-ability|p1a: Haxorus|Mold Breaker
|move|p2a: Slowking|Future Sight|p1a: Haxorus
|-start|p2a: Slowking|move: Future Sight
|
|upkeep
|turn|14
|
|t:|1779822045
|move|p1a: Haxorus|Earthquake|p2a: Slowking
|-supereffective|p2a: Slowking
|-enditem|p2a: Slowking|Shuca Berry|[eat]
|-enditem|p2a: Slowking|Shuca Berry|[weaken]
|-damage|p2a: Slowking|52/100
|move|p2a: Slowking|Sludge Bomb|p1a: Haxorus
|-damage|p1a: Haxorus|27/100
|-status|p1a: Haxorus|psn
|-enditem|p1a: Haxorus|Sitrus Berry|[eat]
|-heal|p1a: Haxorus|52/100 psn|[from] item: Sitrus Berry
|
|-damage|p1a: Haxorus|40/100 psn|[from] psn
|upkeep
|turn|15
|
|t:|1779822053
|switch|p2a: Corviknight|Corviknight, F|83/100
|-ability|p2a: Corviknight|Pressure
|move|p1a: Haxorus|Earthquake|p2a: Corviknight
|-immune|p2a: Corviknight
|
|-end|p1a: Haxorus|move: Future Sight
|-damage|p1a: Haxorus|0 fnt
|faint|p1a: Haxorus
|upkeep
|
|t:|1779822063
|switch|p1a: Zapdos|Zapdos-Galar|100/100
|turn|16
|
|t:|1779822069
|move|p1a: Zapdos|Close Combat|p2a: Corviknight
|-damage|p2a: Corviknight|44/100
|-unboost|p1a: Zapdos|def|1
|-unboost|p1a: Zapdos|spd|1
|-damage|p1a: Zapdos|84/100|[from] item: Rocky Helmet|[of] p2a: Corviknight
|move|p2a: Corviknight|Brave Bird|p1a: Zapdos
|-supereffective|p1a: Zapdos
|-damage|p1a: Zapdos|0 fnt
|faint|p1a: Zapdos
|-damage|p2a: Corviknight|22/100|[from] Recoil
|
|upkeep
|
|t:|1779822073
|switch|p1a: Pecharunt|Pecharunt|67/100
|turn|17
|
|t:|1779822076
|move|p1a: Pecharunt|Foul Play|p2a: Corviknight
|-damage|p2a: Corviknight|10/100
|-damage|p1a: Pecharunt|51/100|[from] item: Rocky Helmet|[of] p2a: Corviknight
|move|p2a: Corviknight|Roost|p2a: Corviknight
|-heal|p2a: Corviknight|60/100
|-singleturn|p2a: Corviknight|move: Roost
|
|upkeep
|turn|18
|
|t:|1779822085
|move|p1a: Pecharunt|Recover|p1a: Pecharunt
|-heal|p1a: Pecharunt|100/100
|move|p2a: Corviknight|Roost|p2a: Corviknight
|-heal|p2a: Corviknight|100/100
|-singleturn|p2a: Corviknight|move: Roost
|
|upkeep
|turn|19
|-message|Salmonela231 forfeited.
|
|win|claudechamp
|raw|Salmonela231's rating: 1062 &rarr; <strong>1048</strong><br />(-14 for losing)
|raw|claudechamp's rating: 1153 &rarr; <strong>1172</strong><br />(+19 for winning)
|c|☆claudechamp|gg
|l|☆Salmonela231
|player|p1|
