|j|☆c u soon boi
|j|☆phyism
|t:|1779905316
|gametype|singles
|player|p1|c u soon boi|265|1377
|player|p2|phyism|ingo|1341
|gen|9
|tier|[Gen 9] OU
|rated|
|rule|HP Percentage Mod: HP is shown in percentages
|rule|Endless Battle Clause: Forcing endless battles is banned
|rule|Species Clause: Limit one of each Pokémon
|rule|OHKO Clause: OHKO moves are banned
|rule|Evasion Items Clause: Evasion items are banned
|rule|Evasion Moves Clause: Evasion moves are banned
|rule|Evasion Abilities Clause: Evasion abilities are banned
|rule|Sleep Moves Clause: Sleep-inducing moves are banned
|clearpoke
|poke|p1|Toxtricity, M|
|poke|p1|Rillaboom, M|
|poke|p1|Volcanion|
|poke|p1|Maushold-Four|
|poke|p1|Dragonite, M|
|poke|p1|Iron Treads|
|poke|p2|Charizard, F|
|poke|p2|Torkoal, M|
|poke|p2|Great Tusk|
|poke|p2|Walking Wake|
|poke|p2|Hatterene, F|
|poke|p2|Slither Wing|
|teampreview
|
|t:|1779905326
|teamsize|p1|6
|teamsize|p2|6
|start
|switch|p1a: Iron Treads|Iron Treads|100/100
|switch|p2a: Slither Wing|Slither Wing|100/100
|-enditem|p1a: Iron Treads|Booster Energy
|-activate|p1a: Iron Treads|ability: Quark Drive|[fromitem]
|-start|p1a: Iron Treads|quarkdrivespe
|turn|1
|
|t:|1779905339
|move|p1a: Iron Treads|Stealth Rock|p2a: Slither Wing
|-sidestart|p2: phyism|move: Stealth Rock
|move|p2a: Slither Wing|Close Combat|p1a: Iron Treads
|-supereffective|p1a: Iron Treads
|-damage|p1a: Iron Treads|0 fnt
|-unboost|p2a: Slither Wing|def|1
|-unboost|p2a: Slither Wing|spd|1
|faint|p1a: Iron Treads
|-end|p1a: Iron Treads|Quark Drive|[silent]
|
|upkeep
|
|t:|1779905349
|switch|p1a: Toxtricity|Toxtricity, M|100/100
|turn|2
|
|t:|1779905353
|move|p2a: Slither Wing|Earthquake|p1a: Toxtricity
|-supereffective|p1a: Toxtricity
|-damage|p1a: Toxtricity|0 fnt
|faint|p1a: Toxtricity
|
|upkeep
|
|t:|1779905369
|switch|p1a: Maushold|Maushold-Four|100/100
|turn|3
|
|t:|1779905374
|move|p1a: Maushold|Tidy Up|p1a: Maushold
|-sideend|p2: phyism|Stealth Rock
|-activate|p1a: Maushold|move: Tidy Up
|-boost|p1a: Maushold|atk|1
|-boost|p1a: Maushold|spe|1
|move|p2a: Slither Wing|U-turn|p1a: Maushold
|-damage|p1a: Maushold|37/100
|
|t:|1779905377
|-end|p2a: Slither Wing|Protosynthesis|[silent]
|switch|p2a: Great Tusk|Great Tusk|100/100|[from] U-turn
|
|upkeep
|turn|4
|
|t:|1779905384
|move|p1a: Maushold|Population Bomb|p2a: Great Tusk|[miss]
|-miss|p1a: Maushold|p2a: Great Tusk
|move|p2a: Great Tusk|Rapid Spin|p1a: Maushold
|-damage|p1a: Maushold|11/100
|-boost|p2a: Great Tusk|spe|1
|
|upkeep
|turn|5
|
|t:|1779905391
|move|p1a: Maushold|Population Bomb|p2a: Great Tusk
|-damage|p2a: Great Tusk|92/100
|-damage|p1a: Maushold|0 fnt|[from] item: Rocky Helmet|[of] p2a: Great Tusk
|faint|p1a: Maushold
|-hitcount|p2a: Great Tusk|1
|move|p2a: Great Tusk|Rapid Spin|p1: Maushold|[notarget]
|-fail|p2a: Great Tusk
|
|upkeep
|l|☆c u soon boi
|player|p1|
|inactive|Battle timer is ON: inactive players will automatically lose when time's up. (requested by phyism)
|inactive|c u soon boi has 30 seconds to reconnect!
|inactive|c u soon boi has 20 seconds to reconnect!
|inactive|c u soon boi has 15 seconds to reconnect!
|inactive|c u soon boi has 10 seconds to reconnect!
|inactive|c u soon boi has 5 seconds to reconnect!
|-message|c u soon boi lost due to inactivity.
|
|win|phyism
|raw|c u soon boi's rating: 1377 &rarr; <strong>1355</strong><br />(-22 for losing)
|raw|phyism's rating: 1341 &rarr; <strong>1363</strong><br />(+22 for winning)
