|j|☆Slashutu
|j|☆0c3an m4n
|t:|1779913875
|gametype|singles
|player|p1|Slashutu|265|1667
|player|p2|0c3an m4n|marlon|1607
|gen|9
|tier|[Gen 9] OU
|rated|
|rule|HP Percentage Mod: HP is shown in percentages
|rule|Endless Battle Clause: Forcing endless battles is banned
|rule|Species Clause: Limit one of each Pokémon
|rule|OHKO Clause: OHKO moves are banned
|rule|Evasion Items Clause: Evasion items are banned
|rule|Evasion Moves Clause: Evasion moves are banned
|rule|Evasion Abilities Clause: Evasion abilities are banned
|rule|Sleep Moves Clause: Sleep-inducing moves are banned
|clearpoke
|poke|p1|Hatterene, F|
|poke|p1|Ursaluna, M|
|poke|p1|Porygon2|
|poke|p1|Cresselia, F|
|poke|p1|Iron Hands|
|poke|p1|Volcanion|
|poke|p2|Quaquaval, M|
|poke|p2|Barraskewda, F|
|poke|p2|Pelipper, M|
|poke|p2|Slither Wing|
|poke|p2|Hatterene, F|
|poke|p2|Crawdaunt, F|
|teampreview
|
|t:|1779913881
|teamsize|p1|6
|teamsize|p2|6
|start
|switch|p1a: Saturn|Volcanion|100/100
|switch|p2a: El papu|Slither Wing, shiny|100/100
|turn|1
|
|t:|1779913884
|move|p2a: El papu|Earthquake|p1a: Saturn
|-supereffective|p1a: Saturn
|-damage|p1a: Saturn|13/100
|move|p1a: Saturn|Steam Eruption|p2a: El papu
|-damage|p2a: El papu|18/100
|
|upkeep
|turn|2
|
|t:|1779913892
|-end|p2a: El papu|Protosynthesis|[silent]
|switch|p2a: Apernao 🔥|Crawdaunt, F, shiny|100/100
|switch|p1a: Miller|Cresselia, F, shiny|100/100
|
|upkeep
|turn|3
|j| Couchthulhu
|
|t:|1779913898
|switch|p1a: CASE|Iron Hands|100/100
|-enditem|p1a: CASE|Booster Energy
|-activate|p1a: CASE|ability: Quark Drive|[fromitem]
|-start|p1a: CASE|quarkdriveatk
|move|p2a: Apernao 🔥|Swords Dance|p2a: Apernao 🔥
|-boost|p2a: Apernao 🔥|atk|2
|
|upkeep
|turn|4
|
|t:|1779913903
|move|p2a: Apernao 🔥|Crabhammer|p1a: CASE|[miss]
|-miss|p2a: Apernao 🔥|p1a: CASE
|move|p1a: CASE|Wild Charge|p2a: Apernao 🔥
|-supereffective|p2a: Apernao 🔥
|-enditem|p2a: Apernao 🔥|Focus Sash
|-damage|p2a: Apernao 🔥|1/100
|-damage|p1a: CASE|87/100|[from] Recoil
|
|upkeep
|turn|5
|
|t:|1779913913
|move|p2a: Apernao 🔥|Crabhammer|p1a: CASE
|-damage|p1a: CASE|0 fnt
|faint|p1a: CASE
|-end|p1a: CASE|Quark Drive|[silent]
|
|upkeep
|
|t:|1779913917
|switch|p1a: Brand|Hatterene, F, shiny|100/100
|turn|6
|
|t:|1779913921
|move|p2a: Apernao 🔥|Knock Off|p1a: Brand
|-enditem|p1a: Brand|Focus Sash
|-damage|p1a: Brand|1/100
|move|p1a: Brand|Trick Room|p1a: Brand
|-fieldstart|move: Trick Room|[of] p1a: Brand
|
|upkeep
|turn|7
|
|t:|1779913926
|switch|p1a: Saturn|Volcanion|13/100
|move|p2a: Apernao 🔥|Aqua Jet|p1a: Saturn
|-heal|p1a: Saturn|38/100|[from] ability: Water Absorb|[of] p2a: Apernao 🔥
|
|upkeep
|turn|8
|
|t:|1779913950
|switch|p2a: Risk of what?|Pelipper, M, shiny|100/100
|-weather|RainDance|[from] ability: Drizzle|[of] p2a: Risk of what?
|-terastallize|p1a: Saturn|Water
|move|p1a: Saturn|Steam Eruption|p2a: Risk of what?
|-resisted|p2a: Risk of what?
|-damage|p2a: Risk of what?|0 fnt
|faint|p2a: Risk of what?
|
|-weather|RainDance|[upkeep]
|upkeep
|
|t:|1779913956
|switch|p2a: El papu|Slither Wing, shiny|18/100
|turn|9
|
|t:|1779913962
|switch|p1a: Brand|Hatterene, F, shiny|1/100
|-terastallize|p2a: El papu|Bug
|move|p2a: El papu|First Impression|p1a: Brand
|-damage|p1a: Brand|0 fnt
|faint|p1a: Brand
|
|-weather|RainDance|[upkeep]
|upkeep
|
|t:|1779913967
|switch|p1a: Saturn|Volcanion, tera:Water|38/100
|turn|10
|
|t:|1779914008
|-end|p2a: El papu|Protosynthesis|[silent]
|switch|p2a: Sphyraena (Fih) 🐟|Barraskewda, F, shiny|100/100
|move|p1a: Saturn|Steam Eruption|p2a: Sphyraena (Fih) 🐟
|-resisted|p2a: Sphyraena (Fih) 🐟
|-damage|p2a: Sphyraena (Fih) 🐟|0 fnt
|faint|p2a: Sphyraena (Fih) 🐟
|
|-weather|RainDance|[upkeep]
|-fieldend|move: Trick Room
|upkeep
|
|t:|1779914016
|switch|p2a: Apernao 🔥|Crawdaunt, F, shiny|1/100
|turn|11
|
|t:|1779914028
|switch|p1a: Mann|Ursaluna, M|100/100
|move|p2a: Apernao 🔥|Knock Off|p1a: Mann
|-damage|p1a: Mann|55/100
|-enditem|p1a: Mann|Flame Orb|[from] move: Knock Off|[of] p2a: Apernao 🔥
|
|-weather|RainDance|[upkeep]
|upkeep
|turn|12
|
|t:|1779914045
|move|p1a: Mann|Protect|p1a: Mann
|-singleturn|p1a: Mann|Protect
|move|p2a: Apernao 🔥|Swords Dance|p2a: Apernao 🔥
|-boost|p2a: Apernao 🔥|atk|2
|
|-weather|RainDance|[upkeep]
|upkeep
|turn|13
|
|t:|1779914049
|move|p2a: Apernao 🔥|Knock Off|p1a: Mann
|-damage|p1a: Mann|0 fnt
|faint|p1a: Mann
|
|-weather|RainDance|[upkeep]
|upkeep
|
|t:|1779914051
|switch|p1a: TARS|Porygon2|100/100
|-ability|p1a: TARS|Download|boost
|-boost|p1a: TARS|spa|1
|turn|14
|
|t:|1779914055
|move|p2a: Apernao 🔥|Knock Off|p1a: TARS
|-damage|p1a: TARS|6/100
|-enditem|p1a: TARS|Eviolite|[from] move: Knock Off|[of] p2a: Apernao 🔥
|move|p1a: TARS|Tri Attack|p2a: Apernao 🔥
|-damage|p2a: Apernao 🔥|0 fnt
|faint|p2a: Apernao 🔥
|
|-weather|RainDance|[upkeep]
|upkeep
|
|t:|1779914061
|switch|p2a: Berdly|Quaquaval, M, shiny|100/100
|turn|15
|
|t:|1779914063
|move|p2a: Berdly|Aqua Step|p1a: TARS
|-damage|p1a: TARS|0 fnt
|-boost|p2a: Berdly|spe|1
|faint|p1a: TARS
|-ability|p2a: Berdly|Moxie|boost
|-boost|p2a: Berdly|atk|1
|
|-weather|none
|upkeep
|
|t:|1779914067
|switch|p1a: Miller|Cresselia, F, shiny|100/100
|turn|16
|
|t:|1779914069
|move|p2a: Berdly|Aqua Step|p1a: Miller
|-damage|p1a: Miller|69/100
|-boost|p2a: Berdly|spe|1
|move|p1a: Miller|Trick Room|p1a: Miller
|-fieldstart|move: Trick Room|[of] p1a: Miller
|
|upkeep
|turn|17
|
|t:|1779914075
|move|p1a: Miller|Psychic|p2a: Berdly
|-supereffective|p2a: Berdly
|-damage|p2a: Berdly|27/100
|move|p2a: Berdly|Swords Dance|p2a: Berdly
|-boost|p2a: Berdly|atk|2
|
|upkeep
|turn|18
|
|t:|1779914082
|move|p1a: Miller|Lunar Dance|p1a: Miller
|faint|p1a: Miller
|move|p2a: Berdly|Aqua Step|p1: Miller|[notarget]
|-fail|p2a: Berdly
|
|upkeep
|
|t:|1779914084
|switch|p1a: Saturn|Volcanion, tera:Water|38/100
|-heal|p1a: Saturn|100/100|[from] move: Lunar Dance
|turn|19
|
|t:|1779914088
|move|p1a: Saturn|Steam Eruption|p2a: Berdly
|-resisted|p2a: Berdly
|-damage|p2a: Berdly|0 fnt
|faint|p2a: Berdly
|
|upkeep
|
|t:|1779914091
|switch|p2a: Si|Hatterene, F, shiny|100/100
|turn|20
|
|t:|1779914094
|move|p2a: Si|Psychic|p1a: Saturn
|-damage|p1a: Saturn|45/100
|move|p1a: Saturn|Steam Eruption|p2a: Si|[miss]
|-miss|p1a: Saturn|p2a: Si
|
|-fieldend|move: Trick Room
|upkeep
|turn|21
|
|t:|1779914097
|move|p1a: Saturn|Steam Eruption|p2a: Si
|-damage|p2a: Si|16/100
|-status|p2a: Si|brn
|move|p2a: Si|Psychic|p1a: Saturn
|-damage|p1a: Saturn|0 fnt
|faint|p1a: Saturn
|
|win|0c3an m4n
|raw|Slashutu's rating: 1667 &rarr; <strong>1644</strong><br />(-23 for losing)
|raw|0c3an m4n's rating: 1607 &rarr; <strong>1630</strong><br />(+23 for winning)
|l|☆Slashutu
|player|p1|
|l| Couchthulhu
