|j|☆zu l8r feraligatr
|j|☆Witherfan
|t:|1779870832
|gametype|singles
|player|p1|zu l8r feraligatr|roughneck|1418
|player|p2|Witherfan|falkner|1459
|gen|9
|tier|[Gen 9] OU
|rated|
|rule|HP Percentage Mod: HP is shown in percentages
|rule|Endless Battle Clause: Forcing endless battles is banned
|rule|Species Clause: Limit one of each Pokémon
|rule|OHKO Clause: OHKO moves are banned
|rule|Evasion Items Clause: Evasion items are banned
|rule|Evasion Moves Clause: Evasion moves are banned
|rule|Evasion Abilities Clause: Evasion abilities are banned
|rule|Sleep Moves Clause: Sleep-inducing moves are banned
|clearpoke
|poke|p1|Incineroar, F|
|poke|p1|Azelf|
|poke|p1|Okidogi, M|
|poke|p1|Garchomp, F|
|poke|p1|Chansey, F|
|poke|p1|Decidueye, F|
|poke|p2|Weezing-Galar, M|
|poke|p2|Ogerpon, F|
|poke|p2|Skarmory, M|
|poke|p2|Alomomola, M|
|poke|p2|Clodsire, M|
|poke|p2|Hydreigon, M|
|teampreview
|inactive|Battle timer is ON: inactive players will automatically lose when time's up. (requested by zu l8r feraligatr)
|inactive|Witherfan has 120 seconds left.
|inactive|Witherfan has 90 seconds left.
|
|t:|1779870900
|teamsize|p1|6
|teamsize|p2|6
|start
|switch|p1a: Incineroar|Incineroar, F|100/100
|switch|p2a: Ogerpon|Ogerpon, F|100/100
|-ability|p1a: Incineroar|Intimidate|boost
|-unboost|p2a: Ogerpon|atk|1
|-ability|p2a: Ogerpon|Defiant|boost
|-boost|p2a: Ogerpon|atk|2
|turn|1
|
|t:|1779870927
|move|p2a: Ogerpon|U-turn|p1a: Incineroar
|-crit|p1a: Incineroar
|-damage|p1a: Incineroar|15/100
|inactive|Witherfan has 120 seconds left.
|
|t:|1779870942
|switch|p2a: Weezing|Weezing-Galar, M, shiny|100/100|[from] U-turn
|-ability|p2a: Weezing|Neutralizing Gas
|move|p1a: Incineroar|Flame Charge|p2a: Weezing
|-damage|p2a: Weezing|85/100
|-boost|p1a: Incineroar|spe|1
|
|-heal|p1a: Incineroar|21/100|[from] item: Leftovers
|upkeep
|turn|2
|
|t:|1779870950
|move|p1a: Incineroar|Taunt|p2a: Weezing
|-start|p2a: Weezing|move: Taunt
|move|p2a: Weezing|Sludge Bomb|p1a: Incineroar
|-damage|p1a: Incineroar|0 fnt
|faint|p1a: Incineroar
|
|upkeep
|
|t:|1779870954
|switch|p1a: Azelf|Azelf|100/100
|turn|3
|
|t:|1779870957
|-end|p2a: Weezing|ability: Neutralizing Gas
|switch|p2a: Alomomola|Alomomola, M, shiny|100/100
|move|p1a: Azelf|Calm Mind|p1a: Azelf
|-boost|p1a: Azelf|spa|1
|-boost|p1a: Azelf|spd|1
|
|upkeep
|turn|4
|
|t:|1779870967
|move|p1a: Azelf|Calm Mind|p1a: Azelf
|-boost|p1a: Azelf|spa|1
|-boost|p1a: Azelf|spd|1
|move|p2a: Alomomola|Flip Turn|p1a: Azelf
|-damage|p1a: Azelf|76/100
|
|t:|1779870969
|switch|p2a: Ogerpon|Ogerpon, F|100/100|[from] Flip Turn
|
|upkeep
|turn|5
|
|t:|1779870988
|switch|p1a: Okidogi|Okidogi, M|100/100
|-terastallize|p2a: Ogerpon|Grass
|detailschange|p2a: Ogerpon|Ogerpon-Teal-Tera, F, tera:Grass
|-ability|p2a: Ogerpon|Embody Aspect (Teal)|boost
|-boost|p2a: Ogerpon|spe|1
|move|p2a: Ogerpon|Ivy Cudgel|p1a: Okidogi
|-resisted|p1a: Okidogi
|-damage|p1a: Okidogi|70/100
|
|-heal|p1a: Okidogi|76/100|[from] item: Black Sludge
|upkeep
|turn|6
|
|t:|1779871000
|switch|p2a: Skarmory|Skarmory, M, shiny|100/100
|move|p1a: Okidogi|Knock Off|p2a: Skarmory
|-damage|p2a: Skarmory|82/100
|-damage|p1a: Okidogi|59/100|[from] item: Rocky Helmet|[of] p2a: Skarmory
|-enditem|p2a: Skarmory|Rocky Helmet|[from] move: Knock Off|[of] p1a: Okidogi
|
|-heal|p1a: Okidogi|65/100|[from] item: Black Sludge
|upkeep
|turn|7
|
|t:|1779871014
|move|p2a: Skarmory|Spikes|p1a: Okidogi
|-sidestart|p1: zu l8r feraligatr|Spikes
|move|p1a: Okidogi|Bulk Up|p1a: Okidogi
|-boost|p1a: Okidogi|atk|1
|-boost|p1a: Okidogi|def|1
|
|-heal|p1a: Okidogi|71/100|[from] item: Black Sludge
|upkeep
|turn|8
|
|t:|1779871020
|move|p2a: Skarmory|Taunt|p1a: Okidogi
|-start|p1a: Okidogi|move: Taunt
|move|p1a: Okidogi|Drain Punch|p2a: Skarmory
|-damage|p2a: Skarmory|54/100
|-heal|p1a: Okidogi|83/100|[from] drain|[of] p2a: Skarmory
|
|-heal|p1a: Okidogi|89/100|[from] item: Black Sludge
|upkeep
|turn|9
|
|t:|1779871033
|switch|p2a: Weezing|Weezing-Galar, M, shiny|85/100
|-ability|p2a: Weezing|Neutralizing Gas
|move|p1a: Okidogi|Drain Punch|p2a: Weezing
|-resisted|p2a: Weezing
|-damage|p2a: Weezing|77/100
|-heal|p1a: Okidogi|93/100|[from] drain|[of] p2a: Weezing
|
|-heal|p1a: Okidogi|99/100|[from] item: Black Sludge
|upkeep
|turn|10
|
|t:|1779871041
|switch|p1a: Chansey|Chansey, F|100/100
|-damage|p1a: Chansey|88/100|[from] Spikes
|move|p2a: Weezing|Will-O-Wisp|p1a: Chansey
|-status|p1a: Chansey|brn
|
|-damage|p1a: Chansey|82/100 brn|[from] brn
|upkeep
|turn|11
|
|t:|1779871053
|-end|p2a: Weezing|ability: Neutralizing Gas
|switch|p2a: Clodsire|Clodsire, M, shiny|100/100
|move|p1a: Chansey|Thunder Wave|p2a: Clodsire
|-immune|p2a: Clodsire
|
|-damage|p1a: Chansey|75/100 brn|[from] brn
|upkeep
|turn|12
|
|t:|1779871059
|move|p1a: Chansey|Seismic Toss|p2a: Clodsire
|-damage|p2a: Clodsire|79/100
|move|p2a: Clodsire|Stealth Rock|p1a: Chansey
|-sidestart|p1: zu l8r feraligatr|move: Stealth Rock
|
|-damage|p1a: Chansey|69/100 brn|[from] brn
|upkeep
|turn|13
|
|t:|1779871066
|move|p1a: Chansey|Seismic Toss|p2a: Clodsire
|-damage|p2a: Clodsire|57/100
|move|p2a: Clodsire|Recover|p2a: Clodsire
|-heal|p2a: Clodsire|100/100
|
|-damage|p1a: Chansey|63/100 brn|[from] brn
|upkeep
|turn|14
|
|t:|1779871074
|move|p1a: Chansey|Soft-Boiled|p1a: Chansey
|-heal|p1a: Chansey|100/100 brn
|move|p2a: Clodsire|Earthquake|p1a: Chansey
|-damage|p1a: Chansey|83/100 brn
|
|-damage|p1a: Chansey|77/100 brn|[from] brn
|upkeep
|turn|15
|
|t:|1779871080
|move|p1a: Chansey|Seismic Toss|p2a: Clodsire
|-damage|p2a: Clodsire|79/100
|move|p2a: Clodsire|Earthquake|p1a: Chansey
|-damage|p1a: Chansey|58/100 brn
|
|-damage|p1a: Chansey|52/100 brn|[from] brn
|upkeep
|turn|16
|
|t:|1779871083
|move|p1a: Chansey|Seismic Toss|p2a: Clodsire
|-damage|p2a: Clodsire|57/100
|move|p2a: Clodsire|Earthquake|p1a: Chansey
|-damage|p1a: Chansey|34/100 brn
|
|-damage|p1a: Chansey|28/100 brn|[from] brn
|upkeep
|turn|17
|
|t:|1779871088
|move|p1a: Chansey|Soft-Boiled|p1a: Chansey
|-heal|p1a: Chansey|78/100 brn
|move|p2a: Clodsire|Earthquake|p1a: Chansey
|-damage|p1a: Chansey|59/100 brn
|
|-damage|p1a: Chansey|53/100 brn|[from] brn
|upkeep
|turn|18
|
|t:|1779871090
|move|p1a: Chansey|Seismic Toss|p2a: Clodsire
|-damage|p2a: Clodsire|36/100
|move|p2a: Clodsire|Recover|p2a: Clodsire
|-heal|p2a: Clodsire|86/100
|
|-damage|p1a: Chansey|47/100 brn|[from] brn
|upkeep
|turn|19
|
|t:|1779871093
|move|p1a: Chansey|Soft-Boiled|p1a: Chansey
|-heal|p1a: Chansey|97/100 brn
|move|p2a: Clodsire|Earthquake|p1a: Chansey
|-damage|p1a: Chansey|78/100 brn
|
|-damage|p1a: Chansey|72/100 brn|[from] brn
|upkeep
|turn|20
|
|t:|1779871095
|move|p1a: Chansey|Seismic Toss|p2a: Clodsire
|-damage|p2a: Clodsire|64/100
|move|p2a: Clodsire|Earthquake|p1a: Chansey
|-damage|p1a: Chansey|54/100 brn
|
|-damage|p1a: Chansey|48/100 brn|[from] brn
|upkeep
|turn|21
|
|t:|1779871100
|switch|p2a: Ogerpon|Ogerpon-Teal-Tera, F, tera:Grass|100/100
|-ability|p2a: Ogerpon|Embody Aspect (Teal)|boost
|-boost|p2a: Ogerpon|spe|1
|move|p1a: Chansey|Seismic Toss|p2a: Ogerpon
|-damage|p2a: Ogerpon|67/100
|
|-damage|p1a: Chansey|41/100 brn|[from] brn
|upkeep
|turn|22
|
|t:|1779871111
|-curestatus|p1a: Chansey|brn|[from] ability: Natural Cure|[silent]
|switch|p1a: Garchomp|Garchomp, F|100/100
|-damage|p1a: Garchomp|88/100|[from] Spikes
|-damage|p1a: Garchomp|82/100|[from] Stealth Rock
|move|p2a: Ogerpon|Knock Off|p1a: Garchomp
|-damage|p1a: Garchomp|54/100
|-damage|p2a: Ogerpon|55/100|[from] ability: Rough Skin|[of] p1a: Garchomp
|-damage|p2a: Ogerpon|38/100|[from] item: Rocky Helmet|[of] p1a: Garchomp
|-enditem|p1a: Garchomp|Rocky Helmet|[from] move: Knock Off|[of] p2a: Ogerpon
|
|upkeep
|turn|23
|
|t:|1779871122
|switch|p2a: Skarmory|Skarmory, M, shiny|54/100
|move|p1a: Garchomp|Stealth Rock|p2a: Skarmory
|-sidestart|p2: Witherfan|move: Stealth Rock
|
|upkeep
|turn|24
|
|t:|1779871129
|move|p2a: Skarmory|Roost|p2a: Skarmory
|-heal|p2a: Skarmory|100/100
|-singleturn|p2a: Skarmory|move: Roost
|move|p1a: Garchomp|Dragon Tail|p2a: Skarmory
|-resisted|p2a: Skarmory
|-damage|p2a: Skarmory|93/100
|drag|p2a: Clodsire|Clodsire, M, shiny|64/100
|-damage|p2a: Clodsire|58/100|[from] Stealth Rock
|
|upkeep
|turn|25
|
|t:|1779871138
|switch|p2a: Skarmory|Skarmory, M, shiny|93/100
|-damage|p2a: Skarmory|81/100|[from] Stealth Rock
|move|p1a: Garchomp|Earthquake|p2a: Skarmory
|-immune|p2a: Skarmory
|
|upkeep
|turn|26
|
|t:|1779871144
|move|p1a: Garchomp|Spikes|p2a: Skarmory
|-sidestart|p2: Witherfan|Spikes
|move|p2a: Skarmory|Body Press|p1a: Garchomp
|-damage|p1a: Garchomp|34/100
|-damage|p2a: Skarmory|68/100|[from] ability: Rough Skin|[of] p1a: Garchomp
|
|upkeep
|turn|27
|
|t:|1779871149
|move|p1a: Garchomp|Spikes|p2a: Skarmory
|-sidestart|p2: Witherfan|Spikes
|move|p2a: Skarmory|Body Press|p1a: Garchomp
|-damage|p1a: Garchomp|15/100
|-damage|p2a: Skarmory|56/100|[from] ability: Rough Skin|[of] p1a: Garchomp
|
|upkeep
|turn|28
|
|t:|1779871153
|move|p1a: Garchomp|Spikes|p2a: Skarmory
|-sidestart|p2: Witherfan|Spikes
|move|p2a: Skarmory|Body Press|p1a: Garchomp
|-damage|p1a: Garchomp|0 fnt
|-damage|p2a: Skarmory|44/100|[from] ability: Rough Skin|[of] p1a: Garchomp
|faint|p1a: Garchomp
|
|upkeep
|
|t:|1779871161
|switch|p1a: Decidueye|Decidueye, F|100/100
|-damage|p1a: Decidueye|88/100|[from] Spikes
|-damage|p1a: Decidueye|76/100|[from] Stealth Rock
|turn|29
|
|t:|1779871186
|switch|p2a: Weezing|Weezing-Galar, M, shiny|77/100
|-ability|p2a: Weezing|Neutralizing Gas
|-terastallize|p1a: Decidueye|Ghost
|move|p1a: Decidueye|Spirit Shackle|p2a: Weezing
|-damage|p2a: Weezing|20/100
|-activate|p2a: Weezing|trapped
|
|upkeep
|turn|30
|
|t:|1779871196
|move|p1a: Decidueye|Spirit Shackle|p2a: Weezing
|-damage|p2a: Weezing|0 fnt
|faint|p2a: Weezing
|-end|p2a: Weezing|ability: Neutralizing Gas
|
|upkeep
|inactive|Witherfan has 120 seconds left.
|
|t:|1779871239
|switch|p2a: Hydreigon|Hydreigon, M, shiny|100/100
|-damage|p2a: Hydreigon|88/100|[from] Stealth Rock
|turn|31
|
|t:|1779871245
|move|p2a: Hydreigon|Dark Pulse|p1a: Decidueye
|-supereffective|p1a: Decidueye
|-damage|p1a: Decidueye|0 fnt
|faint|p1a: Decidueye
|
|upkeep
|
|t:|1779871246
|switch|p1a: Chansey|Chansey, F|41/100
|-damage|p1a: Chansey|29/100|[from] Spikes
|-damage|p1a: Chansey|16/100|[from] Stealth Rock
|turn|32
|
|t:|1779871249
|move|p2a: Hydreigon|Dark Pulse|p1a: Chansey
|-crit|p1a: Chansey
|-damage|p1a: Chansey|0 fnt
|faint|p1a: Chansey
|
|upkeep
|-message|zu l8r feraligatr forfeited.
|
|win|Witherfan
|raw|zu l8r feraligatr's rating: 1418 &rarr; <strong>1400</strong><br />(-18 for losing)
|raw|Witherfan's rating: 1459 &rarr; <strong>1477</strong><br />(+18 for winning)
|l|☆zu l8r feraligatr
|player|p1|
|l|☆Witherfan
|player|p2|
