|j|☆omari p
|j|☆p$ychopath
|t:|1779823732
|gametype|singles
|player|p1|omari p|pokemonrangerf|1603
|player|p2|p$ychopath|psychic-lgpe|1714
|gen|9
|tier|[Gen 9] OU
|rated|
|rule|HP Percentage Mod: HP is shown in percentages
|rule|Endless Battle Clause: Forcing endless battles is banned
|rule|Species Clause: Limit one of each Pokémon
|rule|OHKO Clause: OHKO moves are banned
|rule|Evasion Items Clause: Evasion items are banned
|rule|Evasion Moves Clause: Evasion moves are banned
|rule|Evasion Abilities Clause: Evasion abilities are banned
|rule|Sleep Moves Clause: Sleep-inducing moves are banned
|clearpoke
|poke|p1|Ceruledge, F|
|poke|p1|Torkoal, F|
|poke|p1|Rillaboom, F|
|poke|p1|Darkrai|
|poke|p1|Great Tusk|
|poke|p1|Armarouge, M|
|poke|p2|Iron Jugulis|
|poke|p2|Iron Valiant|
|poke|p2|Iron Moth|
|poke|p2|Great Tusk|
|poke|p2|Scizor, F|
|poke|p2|Samurott-Hisui, M|
|teampreview
|inactive|Battle timer is ON: inactive players will automatically lose when time's up. (requested by p$ychopath)
|inactive|omari p has 120 seconds left.
|
|t:|1779823789
|teamsize|p1|6
|teamsize|p2|6
|start
|switch|p1a: Torkoal|Torkoal, F|100/100
|switch|p2a: Iron Mugulis|Iron Jugulis|100/100
|-weather|SunnyDay|[from] ability: Drought|[of] p1a: Torkoal
|-enditem|p2a: Iron Mugulis|Booster Energy
|-activate|p2a: Iron Mugulis|ability: Quark Drive|[fromitem]
|-start|p2a: Iron Mugulis|quarkdrivespe
|turn|1
|
|t:|1779823795
|move|p2a: Iron Mugulis|Taunt|p1a: Torkoal
|-start|p1a: Torkoal|move: Taunt
|move|p1a: Torkoal|Lava Plume|p2a: Iron Mugulis
|-damage|p2a: Iron Mugulis|40/100
|
|-weather|SunnyDay|[upkeep]
|upkeep
|turn|2
|
|t:|1779823799
|move|p2a: Iron Mugulis|Dark Pulse|p1a: Torkoal
|-damage|p1a: Torkoal|45/100
|move|p1a: Torkoal|Lava Plume|p2a: Iron Mugulis
|-damage|p2a: Iron Mugulis|0 fnt
|faint|p2a: Iron Mugulis
|-end|p2a: Iron Mugulis|Quark Drive|[silent]
|
|-weather|SunnyDay|[upkeep]
|upkeep
|j| kanaete onegai
|
|t:|1779823805
|switch|p2a: Iron Moth|Iron Moth|100/100
|-enditem|p2a: Iron Moth|Booster Energy
|-activate|p2a: Iron Moth|ability: Quark Drive|[fromitem]
|-start|p2a: Iron Moth|quarkdrivespe
|turn|3
|
|t:|1779823813
|switch|p1a: Ceruledge|Ceruledge, F|100/100
|move|p2a: Iron Moth|Fiery Dance|p1a: Ceruledge
|-start|p1a: Ceruledge|ability: Flash Fire
|
|-weather|SunnyDay|[upkeep]
|upkeep
|turn|4
|
|t:|1779823816
|move|p2a: Iron Moth|Sludge Wave|p1a: Ceruledge
|-resisted|p1a: Ceruledge
|-damage|p1a: Ceruledge|76/100
|move|p1a: Ceruledge|Bitter Blade|p2a: Iron Moth
|-resisted|p2a: Iron Moth
|-damage|p2a: Iron Moth|12/100
|-heal|p1a: Ceruledge|100/100|[from] drain|[of] p2a: Iron Moth
|
|-weather|SunnyDay|[upkeep]
|upkeep
|turn|5
|
|t:|1779823819
|move|p1a: Ceruledge|Shadow Sneak|p2a: Iron Moth
|-damage|p2a: Iron Moth|0 fnt
|faint|p2a: Iron Moth
|-end|p2a: Iron Moth|Quark Drive|[silent]
|
|-weather|SunnyDay|[upkeep]
|upkeep
|
|t:|1779823823
|switch|p2a: Samurott-Emo|Samurott-Hisui, M|100/100
|turn|6
|
|t:|1779823828
|-end|p1a: Ceruledge|ability: Flash Fire|[silent]
|switch|p1a: Haku|Great Tusk, shiny|100/100
|-activate|p1a: Haku|ability: Protosynthesis
|-start|p1a: Haku|protosynthesisatk
|move|p2a: Samurott-Emo|Ceaseless Edge|p1a: Haku
|-resisted|p1a: Haku
|-damage|p1a: Haku|81/100
|-sidestart|p1: omari p|Spikes
|
|-weather|SunnyDay|[upkeep]
|upkeep
|turn|7
|
|t:|1779823837
|switch|p2a: Great Tusk|Great Tusk|100/100
|-activate|p2a: Great Tusk|ability: Protosynthesis
|-start|p2a: Great Tusk|protosynthesisspe
|move|p1a: Haku|Headlong Rush|p2a: Great Tusk
|-damage|p2a: Great Tusk|47/100
|-unboost|p1a: Haku|def|1
|-unboost|p1a: Haku|spd|1
|
|-weather|SunnyDay|[upkeep]
|upkeep
|turn|8
|
|t:|1779823841
|move|p2a: Great Tusk|Bulk Up|p2a: Great Tusk
|-boost|p2a: Great Tusk|atk|1
|-boost|p2a: Great Tusk|def|1
|move|p1a: Haku|Headlong Rush|p2a: Great Tusk
|-damage|p2a: Great Tusk|9/100
|-unboost|p1a: Haku|def|1
|-unboost|p1a: Haku|spd|1
|
|-weather|none
|-end|p2a: Great Tusk|Protosynthesis
|-end|p1a: Haku|Protosynthesis
|upkeep
|-enditem|p2a: Great Tusk|Booster Energy
|-activate|p2a: Great Tusk|ability: Protosynthesis|[fromitem]
|-start|p2a: Great Tusk|protosynthesisatk
|turn|9
|
|t:|1779823844
|-end|p1a: Haku|Protosynthesis|[silent]
|switch|p1a: Torkoal|Torkoal, F|45/100
|-damage|p1a: Torkoal|33/100|[from] Spikes
|-weather|SunnyDay|[from] ability: Drought|[of] p1a: Torkoal
|move|p2a: Great Tusk|Headlong Rush|p1a: Torkoal
|-supereffective|p1a: Torkoal
|-damage|p1a: Torkoal|0 fnt
|-unboost|p2a: Great Tusk|def|1
|-unboost|p2a: Great Tusk|spd|1
|faint|p1a: Torkoal
|
|-weather|SunnyDay|[upkeep]
|upkeep
|
|t:|1779823849
|switch|p1a: Rillaboom|Rillaboom, F|100/100
|-damage|p1a: Rillaboom|88/100|[from] Spikes
|-fieldstart|move: Grassy Terrain|[from] ability: Grassy Surge|[of] p1a: Rillaboom
|turn|10
|
|t:|1779823853
|move|p1a: Rillaboom|Grassy Glide|p2a: Great Tusk
|-supereffective|p2a: Great Tusk
|-damage|p2a: Great Tusk|0 fnt
|faint|p2a: Great Tusk
|-end|p2a: Great Tusk|Protosynthesis|[silent]
|-damage|p1a: Rillaboom|78/100|[from] item: Life Orb
|
|-weather|SunnyDay|[upkeep]
|-heal|p1a: Rillaboom|84/100|[from] Grassy Terrain
|upkeep
|
|t:|1779823858
|switch|p2a: Scizor|Scizor, F|100/100
|turn|11
|
|t:|1779823864
|move|p1a: Rillaboom|Knock Off|p2a: Scizor
|-damage|p2a: Scizor|49/100
|-enditem|p2a: Scizor|Life Orb|[from] move: Knock Off|[of] p1a: Rillaboom
|-damage|p1a: Rillaboom|74/100|[from] item: Life Orb
|move|p2a: Scizor|Knock Off|p1a: Rillaboom
|-damage|p1a: Rillaboom|35/100
|-enditem|p1a: Rillaboom|Life Orb|[from] move: Knock Off|[of] p2a: Scizor
|
|-weather|SunnyDay|[upkeep]
|-heal|p1a: Rillaboom|41/100|[from] Grassy Terrain
|-heal|p2a: Scizor|55/100|[from] Grassy Terrain
|upkeep
|turn|12
|
|t:|1779823872
|switch|p1a: Haku|Great Tusk, shiny|81/100
|-damage|p1a: Haku|68/100|[from] Spikes
|-activate|p1a: Haku|ability: Protosynthesis
|-start|p1a: Haku|protosynthesisatk
|move|p2a: Scizor|Swords Dance|p2a: Scizor
|-boost|p2a: Scizor|atk|2
|
|-weather|SunnyDay|[upkeep]
|-heal|p1a: Haku|75/100|[from] Grassy Terrain
|-heal|p2a: Scizor|61/100|[from] Grassy Terrain
|upkeep
|turn|13
|
|t:|1779823876
|move|p2a: Scizor|Bullet Punch|p1a: Haku
|-damage|p1a: Haku|24/100
|move|p1a: Haku|Headlong Rush|p2a: Scizor
|-damage|p2a: Scizor|0 fnt
|-unboost|p1a: Haku|def|1
|-unboost|p1a: Haku|spd|1
|faint|p2a: Scizor
|
|-weather|SunnyDay|[upkeep]
|-heal|p1a: Haku|31/100|[from] Grassy Terrain
|upkeep
|l| kanaeteonegai
|
|t:|1779823884
|switch|p2a: Iron Valiant|Iron Valiant|100/100
|-enditem|p2a: Iron Valiant|Booster Energy
|-activate|p2a: Iron Valiant|ability: Quark Drive|[fromitem]
|-start|p2a: Iron Valiant|quarkdrivespe
|turn|14
|
|t:|1779823890
|move|p2a: Iron Valiant|Close Combat|p1a: Haku
|-damage|p1a: Haku|0 fnt
|-unboost|p2a: Iron Valiant|def|1
|-unboost|p2a: Iron Valiant|spd|1
|faint|p1a: Haku
|-end|p1a: Haku|Protosynthesis|[silent]
|
|-weather|SunnyDay|[upkeep]
|-fieldend|move: Grassy Terrain
|upkeep
|
|t:|1779823894
|switch|p1a: Armarouge|Armarouge, M, shiny|100/100
|-damage|p1a: Armarouge|88/100|[from] Spikes
|turn|15
|
|t:|1779823898
|move|p2a: Iron Valiant|Swords Dance|p2a: Iron Valiant
|-boost|p2a: Iron Valiant|atk|2
|move|p1a: Armarouge|Armor Cannon|p2a: Iron Valiant
|-damage|p2a: Iron Valiant|0 fnt
|-unboost|p1a: Armarouge|def|1
|-unboost|p1a: Armarouge|spd|1
|faint|p2a: Iron Valiant
|-end|p2a: Iron Valiant|Quark Drive|[silent]
|
|-weather|SunnyDay|[upkeep]
|upkeep
|
|t:|1779823900
|switch|p2a: Samurott-Emo|Samurott-Hisui, M|100/100
|turn|16
|
|t:|1779823905
|move|p2a: Samurott-Emo|Swords Dance|p2a: Samurott-Emo
|-boost|p2a: Samurott-Emo|atk|2
|move|p1a: Armarouge|Armor Cannon|p2a: Samurott-Emo
|-resisted|p2a: Samurott-Emo
|-damage|p2a: Samurott-Emo|0 fnt
|-unboost|p1a: Armarouge|def|1
|-unboost|p1a: Armarouge|spd|1
|faint|p2a: Samurott-Emo
|
|win|omari p
|raw|omari p's rating: 1603 &rarr; <strong>1629</strong><br />(+26 for winning)
|raw|p$ychopath's rating: 1714 &rarr; <strong>1688</strong><br />(-26 for losing)
|l|☆p$ychopath
|player|p2|
