|j|☆browoo42
|j|☆Winterchillz
|t:|1779805836
|gametype|singles
|player|p1|browoo42|265|1518
|player|p2|Winterchillz|wallace|1538
|gen|9
|tier|[Gen 9] OU
|rated|
|rule|HP Percentage Mod: HP is shown in percentages
|rule|Endless Battle Clause: Forcing endless battles is banned
|rule|Species Clause: Limit one of each Pokémon
|rule|OHKO Clause: OHKO moves are banned
|rule|Evasion Items Clause: Evasion items are banned
|rule|Evasion Moves Clause: Evasion moves are banned
|rule|Evasion Abilities Clause: Evasion abilities are banned
|rule|Sleep Moves Clause: Sleep-inducing moves are banned
|clearpoke
|poke|p1|Jirachi|
|poke|p1|Dragonite, M|
|poke|p1|Crawdaunt, F|
|poke|p1|Mew|
|poke|p1|Corviknight, M|
|poke|p1|Cinderace, F|
|poke|p2|Heatran, M|
|poke|p2|Ogerpon-Wellspring, F|
|poke|p2|Weezing-Galar, M|
|poke|p2|Kyurem|
|poke|p2|Rillaboom, F|
|poke|p2|Garganacl, F|
|teampreview
|inactive|Battle timer is ON: inactive players will automatically lose when time's up. (requested by Winterchillz)
|inactive|Winterchillz has 120 seconds left.
|
|t:|1779805881
|teamsize|p1|6
|teamsize|p2|6
|start
|switch|p1a: Crawdaunt|Crawdaunt, F|100/100
|switch|p2a: Ogerpon|Ogerpon-Wellspring, F|100/100
|turn|1
|
|t:|1779805888
|switch|p1a: Corviknight|Corviknight, M|100/100
|move|p2a: Ogerpon|Knock Off|p1a: Corviknight
|-crit|p1a: Corviknight
|-damage|p1a: Corviknight|68/100
|-damage|p2a: Ogerpon|84/100|[from] item: Rocky Helmet|[of] p1a: Corviknight
|-enditem|p1a: Corviknight|Rocky Helmet|[from] move: Knock Off|[of] p2a: Ogerpon
|
|upkeep
|turn|2
|
|t:|1779805897
|switch|p2a: Heatran|Heatran, M|100/100
|move|p1a: Corviknight|U-turn|p2a: Heatran
|-resisted|p2a: Heatran
|-damage|p2a: Heatran|98/100
|
|t:|1779805905
|switch|p1a: Crawdaunt|Crawdaunt, F|100/100|[from] U-turn
|
|-heal|p2a: Heatran|100/100|[from] item: Leftovers
|upkeep
|turn|3
|
|t:|1779805911
|move|p2a: Heatran|Protect|p2a: Heatran
|-singleturn|p2a: Heatran|Protect
|move|p1a: Crawdaunt|Knock Off|p2a: Heatran
|-activate|p2a: Heatran|move: Protect
|
|upkeep
|turn|4
|
|t:|1779805917
|move|p1a: Crawdaunt|Crabhammer|p2a: Heatran
|-supereffective|p2a: Heatran
|-crit|p2a: Heatran
|-damage|p2a: Heatran|0 fnt
|faint|p2a: Heatran
|
|upkeep
|
|t:|1779805920
|switch|p2a: Rillaboom|Rillaboom, F|100/100
|-fieldstart|move: Grassy Terrain|[from] ability: Grassy Surge|[of] p2a: Rillaboom
|turn|5
|
|t:|1779805941
|switch|p1a: Corviknight|Corviknight, M|68/100
|move|p2a: Rillaboom|U-turn|p1a: Corviknight
|-resisted|p1a: Corviknight
|-damage|p1a: Corviknight|63/100
|
|t:|1779805943
|switch|p2a: Ogerpon|Ogerpon-Wellspring, F|84/100|[from] U-turn
|
|-heal|p2a: Ogerpon|90/100|[from] Grassy Terrain
|upkeep
|turn|6
|
|t:|1779805951
|move|p2a: Ogerpon|Ivy Cudgel|p1a: Corviknight|[anim] Ivy Cudgel Water
|-damage|p1a: Corviknight|30/100
|move|p1a: Corviknight|U-turn|p2a: Ogerpon
|-supereffective|p2a: Ogerpon
|-damage|p2a: Ogerpon|53/100
|
|t:|1779805957
|switch|p1a: Cinderace|Cinderace, F|100/100|[from] U-turn
|
|-heal|p2a: Ogerpon|59/100|[from] Grassy Terrain
|upkeep
|turn|7
|
|t:|1779805963
|move|p2a: Ogerpon|Spiky Shield|p2a: Ogerpon
|-singleturn|p2a: Ogerpon|move: Protect
|move|p1a: Cinderace|U-turn|p2a: Ogerpon
|-start|p1a: Cinderace|typechange|Bug|[from] ability: Libero
|-activate|p2a: Ogerpon|move: Protect
|-damage|p1a: Cinderace|88/100|[from] Spiky Shield|[of] p2a: Ogerpon
|
|-heal|p1a: Cinderace|94/100|[from] Grassy Terrain
|-heal|p2a: Ogerpon|65/100|[from] Grassy Terrain
|upkeep
|turn|8
|
|t:|1779805974
|switch|p2a: Weezing|Weezing-Galar, M|100/100
|-ability|p2a: Weezing|Neutralizing Gas
|move|p1a: Cinderace|U-turn|p2a: Weezing
|-resisted|p2a: Weezing
|-damage|p2a: Weezing|95/100
|
|t:|1779805988
|switch|p1a: Jirachi|Jirachi|100/100|[from] U-turn
|
|-heal|p2a: Weezing|100/100|[from] Grassy Terrain
|upkeep
|turn|9
|
|t:|1779805999
|switch|p1a: Cinderace|Cinderace, F|94/100
|move|p2a: Weezing|Will-O-Wisp|p1a: Cinderace
|-immune|p1a: Cinderace
|
|-heal|p1a: Cinderace|99/100|[from] Grassy Terrain
|-fieldend|move: Grassy Terrain
|upkeep
|turn|10
|
|t:|1779806008
|-end|p2a: Weezing|ability: Neutralizing Gas
|switch|p2a: Garganacl|Garganacl, F|100/100
|move|p1a: Cinderace|Pyro Ball|p2a: Garganacl
|-resisted|p2a: Garganacl
|-damage|p2a: Garganacl|82/100
|
|-heal|p2a: Garganacl|88/100|[from] item: Leftovers
|upkeep
|turn|11
|
|t:|1779806018
|move|p1a: Cinderace|U-turn|p2a: Garganacl
|-start|p1a: Cinderace|typechange|Bug|[from] ability: Libero
|-damage|p2a: Garganacl|68/100
|
|t:|1779806034
|switch|p1a: Mew|Mew|100/100|[from] U-turn
|move|p2a: Garganacl|Salt Cure|p1a: Mew
|-damage|p1a: Mew|86/100
|-start|p1a: Mew|Salt Cure
|
|-heal|p2a: Garganacl|74/100|[from] item: Leftovers
|-damage|p1a: Mew|74/100|[from] Salt Cure
|upkeep
|turn|12
|
|t:|1779806047
|move|p1a: Mew|Earth Power|p2a: Garganacl
|-supereffective|p2a: Garganacl
|-damage|p2a: Garganacl|28/100
|-damage|p1a: Mew|64/100|[from] item: Life Orb
|move|p2a: Garganacl|Stealth Rock|p1a: Mew
|-sidestart|p1: browoo42|move: Stealth Rock
|
|-heal|p2a: Garganacl|35/100|[from] item: Leftovers
|-damage|p1a: Mew|52/100|[from] Salt Cure
|upkeep
|turn|13
|
|t:|1779806057
|move|p2a: Garganacl|Protect|p2a: Garganacl
|-singleturn|p2a: Garganacl|Protect
|move|p1a: Mew|Volt Switch|p2a: Garganacl
|-activate|p2a: Garganacl|move: Protect
|
|-heal|p2a: Garganacl|41/100|[from] item: Leftovers
|-damage|p1a: Mew|40/100|[from] Salt Cure
|upkeep
|turn|14
|
|t:|1779806067
|switch|p2a: Rillaboom|Rillaboom, F|100/100
|-fieldstart|move: Grassy Terrain|[from] ability: Grassy Surge|[of] p2a: Rillaboom
|-terastallize|p1a: Mew|Ground
|move|p1a: Mew|Earth Power|p2a: Rillaboom
|-resisted|p2a: Rillaboom
|-damage|p2a: Rillaboom|64/100
|-damage|p1a: Mew|30/100|[from] item: Life Orb
|
|-heal|p1a: Mew|36/100|[from] Grassy Terrain
|-heal|p2a: Rillaboom|70/100|[from] Grassy Terrain
|-damage|p1a: Mew|23/100|[from] Salt Cure
|upkeep
|turn|15
|
|t:|1779806082
|switch|p1a: Cinderace|Cinderace, F|99/100
|move|p2a: Rillaboom|U-turn|p1a: Cinderace
|-resisted|p1a: Cinderace
|-damage|p1a: Cinderace|73/100
|
|t:|1779806097
|switch|p2a: Ogerpon|Ogerpon-Wellspring, F|65/100|[from] U-turn
|
|-heal|p1a: Cinderace|79/100|[from] Grassy Terrain
|-heal|p2a: Ogerpon|71/100|[from] Grassy Terrain
|upkeep
|turn|16
|
|t:|1779806103
|move|p2a: Ogerpon|Spiky Shield|p2a: Ogerpon
|-singleturn|p2a: Ogerpon|move: Protect
|move|p1a: Cinderace|Pyro Ball|p2a: Ogerpon
|-activate|p2a: Ogerpon|move: Protect
|
|-heal|p1a: Cinderace|85/100|[from] Grassy Terrain
|-heal|p2a: Ogerpon|77/100|[from] Grassy Terrain
|upkeep
|turn|17
|
|t:|1779806113
|-terastallize|p2a: Ogerpon|Water
|detailschange|p2a: Ogerpon|Ogerpon-Wellspring-Tera, F, tera:Water
|-ability|p2a: Ogerpon|Embody Aspect (Wellspring)|boost
|-boost|p2a: Ogerpon|spd|1
|move|p1a: Cinderace|U-turn|p2a: Ogerpon
|-start|p1a: Cinderace|typechange|Bug|[from] ability: Libero
|-damage|p2a: Ogerpon|34/100
|
|t:|1779806124
|switch|p1a: Mew|Mew, tera:Ground|23/100|[from] U-turn
|-damage|p1a: Mew|17/100|[from] Stealth Rock
|move|p2a: Ogerpon|Ivy Cudgel|p1a: Mew|[anim] Ivy Cudgel Water
|-supereffective|p1a: Mew
|-damage|p1a: Mew|0 fnt
|faint|p1a: Mew
|
|-heal|p2a: Ogerpon|40/100|[from] Grassy Terrain
|upkeep
|inactive|browoo42 has 120 seconds left.
|
|t:|1779806154
|switch|p1a: Dragonite|Dragonite, M|100/100
|-damage|p1a: Dragonite|76/100|[from] Stealth Rock
|turn|18
|inactive|browoo42 has 120 seconds left.
|
|t:|1779806171
|switch|p2a: Kyurem|Kyurem|100/100
|-ability|p2a: Kyurem|Pressure
|move|p1a: Dragonite|Extreme Speed|p2a: Kyurem
|-damage|p2a: Kyurem|59/100
|
|-heal|p2a: Kyurem|66/100|[from] Grassy Terrain
|-heal|p2a: Kyurem|72/100|[from] item: Leftovers
|-fieldend|move: Grassy Terrain
|upkeep
|turn|19
|inactive|browoo42 has 120 seconds left.
|
|t:|1779806183
|switch|p1a: Jirachi|Jirachi|100/100
|-damage|p1a: Jirachi|94/100|[from] Stealth Rock
|move|p2a: Kyurem|Substitute|p2a: Kyurem
|-start|p2a: Kyurem|Substitute
|-damage|p2a: Kyurem|47/100
|
|-heal|p2a: Kyurem|53/100|[from] item: Leftovers
|upkeep
|turn|20
|
|t:|1779806192
|move|p2a: Kyurem|Protect|p2a: Kyurem
|-singleturn|p2a: Kyurem|Protect
|move|p1a: Jirachi|Iron Head|p2a: Kyurem
|-activate|p2a: Kyurem|move: Protect
|
|-heal|p2a: Kyurem|59/100|[from] item: Leftovers
|upkeep
|turn|21
|
|t:|1779806200
|move|p1a: Jirachi|Iron Head|p2a: Kyurem
|-supereffective|p2a: Kyurem
|-end|p2a: Kyurem|Substitute
|move|p2a: Kyurem|Earth Power|p1a: Jirachi
|-supereffective|p1a: Jirachi
|-damage|p1a: Jirachi|34/100
|
|-heal|p2a: Kyurem|65/100|[from] item: Leftovers
|upkeep
|turn|22
|
|t:|1779806210
|move|p2a: Kyurem|Protect|p2a: Kyurem
|-singleturn|p2a: Kyurem|Protect
|move|p1a: Jirachi|Iron Head|p2a: Kyurem
|-activate|p2a: Kyurem|move: Protect
|
|-heal|p2a: Kyurem|72/100|[from] item: Leftovers
|upkeep
|turn|23
|
|t:|1779806220
|switch|p1a: Dragonite|Dragonite, M|76/100
|-damage|p1a: Dragonite|51/100|[from] Stealth Rock
|switch|p2a: Rillaboom|Rillaboom, F|70/100
|-fieldstart|move: Grassy Terrain|[from] ability: Grassy Surge|[of] p2a: Rillaboom
|
|-heal|p2a: Rillaboom|76/100|[from] Grassy Terrain
|upkeep
|turn|24
|
|t:|1779806231
|move|p2a: Rillaboom|U-turn|p1a: Dragonite
|-resisted|p1a: Dragonite
|-damage|p1a: Dragonite|29/100
|
|t:|1779806234
|switch|p2a: Weezing|Weezing-Galar, M|100/100|[from] U-turn
|-ability|p2a: Weezing|Neutralizing Gas
|move|p1a: Dragonite|Fire Punch|p2a: Weezing
|-damage|p2a: Weezing|74/100
|
|-heal|p2a: Weezing|80/100|[from] Grassy Terrain
|-heal|p2a: Weezing|86/100|[from] item: Leftovers
|upkeep
|turn|25
|-message|browoo42 forfeited.
|
|win|Winterchillz
|raw|browoo42's rating: 1518 &rarr; <strong>1499</strong><br />(-19 for losing)
|raw|Winterchillz's rating: 1538 &rarr; <strong>1557</strong><br />(+19 for winning)
|l|☆browoo42
|player|p1|
|l|☆Winterchillz
|player|p2|
