|j|☆cachowcapow
|j|☆sickofme
|t:|1779880426
|gametype|singles
|player|p1|cachowcapow|101|1494
|player|p2|sickofme|miku-water|1594
|gen|9
|tier|[Gen 9] OU
|rated|
|rule|HP Percentage Mod: HP is shown in percentages
|rule|Endless Battle Clause: Forcing endless battles is banned
|rule|Species Clause: Limit one of each Pokémon
|rule|OHKO Clause: OHKO moves are banned
|rule|Evasion Items Clause: Evasion items are banned
|rule|Evasion Moves Clause: Evasion moves are banned
|rule|Evasion Abilities Clause: Evasion abilities are banned
|rule|Sleep Moves Clause: Sleep-inducing moves are banned
|clearpoke
|poke|p1|Hydrapple, F|
|poke|p1|Slowking-Galar, M|
|poke|p1|Darkrai|
|poke|p1|Alomomola, M|
|poke|p1|Cinderace, M|
|poke|p1|Gardevoir, M|
|poke|p2|Alomomola, L99, F|
|poke|p2|Landorus-Therian, M|
|poke|p2|Kyurem|
|poke|p2|Great Tusk|
|poke|p2|Slowking-Galar, M|
|poke|p2|Heatran, M|
|teampreview
|inactive|Battle timer is ON: inactive players will automatically lose when time's up. (requested by sickofme)
|
|t:|1779880454
|teamsize|p1|6
|teamsize|p2|6
|start
|switch|p1a: Alomomola|Alomomola, M|100/100
|switch|p2a: Kyurem|Kyurem|100/100
|-ability|p2a: Kyurem|Pressure
|turn|1
|inactive|sickofme has 120 seconds left.
|
|t:|1779880484
|-terastallize|p2a: Kyurem|Ice
|move|p2a: Kyurem|Freeze-Dry|p1a: Alomomola
|-supereffective|p1a: Alomomola
|-damage|p1a: Alomomola|20/100
|move|p1a: Alomomola|Flip Turn|p2a: Kyurem
|-damage|p2a: Kyurem|86/100
|
|t:|1779880504
|switch|p1a: Cinderace|Cinderace, M|100/100|[from] Flip Turn
|
|upkeep
|turn|2
|
|t:|1779880515
|switch|p2a: Alomomola|Alomomola, L99, F|100/100
|move|p1a: Cinderace|U-turn|p2a: Alomomola
|-start|p1a: Cinderace|typechange|Bug|[from] ability: Libero
|-damage|p2a: Alomomola|73/100
|
|t:|1779880530
|switch|p1a: Alomomola|Alomomola, M|54/100|[from] U-turn
|
|upkeep
|turn|3
|
|t:|1779880540
|move|p1a: Alomomola|Flip Turn|p2a: Alomomola
|-resisted|p2a: Alomomola
|-damage|p2a: Alomomola|66/100
|
|t:|1779880550
|switch|p1a: Darkrai|Darkrai|100/100|[from] Flip Turn
|move|p2a: Alomomola|Flip Turn|p1a: Darkrai
|-damage|p1a: Darkrai|84/100
|
|t:|1779880562
|switch|p2a: Landorus|Landorus-Therian, M|100/100|[from] Flip Turn
|-ability|p2a: Landorus|Intimidate|boost
|-unboost|p1a: Darkrai|atk|1
|
|-heal|p1a: Darkrai|90/100|[from] item: Leftovers
|upkeep
|turn|4
|
|t:|1779880581
|switch|p1a: Alomomola|Alomomola, M|87/100
|move|p2a: Landorus|U-turn|p1a: Alomomola
|-damage|p1a: Alomomola|68/100
|
|t:|1779880590
|switch|p2a: Kyurem|Kyurem, tera:Ice|86/100|[from] U-turn
|-ability|p2a: Kyurem|Pressure
|
|upkeep
|turn|5
|inactive|cachowcapow has 120 seconds left.
|
|t:|1779880632
|-terastallize|p1a: Alomomola|Steel
|move|p2a: Kyurem|Freeze-Dry|p1a: Alomomola
|-resisted|p1a: Alomomola
|-damage|p1a: Alomomola|49/100
|move|p1a: Alomomola|Mirror Coat|p2a: Kyurem
|-damage|p2a: Kyurem|37/100
|
|upkeep
|turn|6
|
|t:|1779880641
|switch|p2a: Heatran|Heatran, M|100/100
|move|p1a: Alomomola|Flip Turn|p2a: Heatran
|-supereffective|p2a: Heatran
|-damage|p2a: Heatran|71/100
|inactive|cachowcapow has 120 seconds left.
|
|t:|1779880650
|switch|p1a: Slowking|Slowking-Galar, M|100/100|[from] Flip Turn
|
|-heal|p2a: Heatran|77/100|[from] item: Leftovers
|upkeep
|turn|7
|
|t:|1779880662
|move|p2a: Heatran|Magma Storm|p1a: Slowking|[miss]
|-miss|p2a: Heatran|p1a: Slowking
|-prepare|p1a: Slowking|Chilly Reception|[premajor]
|move|p1a: Slowking|Chilly Reception|p1a: Slowking
|-weather|Snowscape
|
|t:|1779880670
|switch|p1a: Alomomola|Alomomola, M, tera:Steel|83/100|[from] Chilly Reception
|
|-weather|Snowscape|[upkeep]
|-heal|p2a: Heatran|83/100|[from] item: Leftovers
|upkeep
|turn|8
|
|t:|1779880674
|move|p2a: Heatran|Taunt|p1a: Alomomola
|-start|p1a: Alomomola|move: Taunt
|move|p1a: Alomomola|Flip Turn|p2a: Heatran
|-supereffective|p2a: Heatran
|-damage|p2a: Heatran|55/100
|
|t:|1779880685
|switch|p1a: Gardevoir|Gardevoir, M|100/100|[from] Flip Turn
|-ability|p1a: Gardevoir|Flash Fire|Trace|[from] ability: Trace|[of] p2a: Heatran
|
|-weather|Snowscape|[upkeep]
|-heal|p2a: Heatran|61/100|[from] item: Leftovers
|upkeep
|turn|9
|
|t:|1779880694
|switch|p2a: Slowking|Slowking-Galar, M|100/100
|move|p1a: Gardevoir|Shadow Ball|p2a: Slowking
|-supereffective|p2a: Slowking
|-damage|p2a: Slowking|35/100
|-unboost|p2a: Slowking|spd|1
|
|-weather|Snowscape|[upkeep]
|upkeep
|turn|10
|
|t:|1779880699
|switch|p2a: Alomomola|Alomomola, L99, F|99/100
|move|p1a: Gardevoir|Shadow Ball|p2a: Alomomola
|-damage|p2a: Alomomola|69/100
|
|-weather|Snowscape|[upkeep]
|upkeep
|turn|11
|
|t:|1779880707
|switch|p1a: Hydrapple|Hydrapple, F|100/100
|move|p2a: Alomomola|Flip Turn|p1a: Hydrapple
|-resisted|p1a: Hydrapple
|-damage|p1a: Hydrapple|98/100
|-damage|p2a: Alomomola|52/100|[from] item: Rocky Helmet|[of] p1a: Hydrapple
|
|t:|1779880711
|switch|p2a: Kyurem|Kyurem, tera:Ice|37/100|[from] Flip Turn
|-ability|p2a: Kyurem|Pressure
|
|-weather|none
|upkeep
|turn|12
|
|t:|1779880715
|switch|p1a: Alomomola|Alomomola, M, tera:Steel|100/100
|move|p2a: Kyurem|Ice Beam|p1a: Alomomola
|-resisted|p1a: Alomomola
|-damage|p1a: Alomomola|75/100
|
|upkeep
|turn|13
|
|t:|1779880722
|move|p2a: Kyurem|Ice Beam|p1a: Alomomola
|-resisted|p1a: Alomomola
|-damage|p1a: Alomomola|51/100
|move|p1a: Alomomola|Flip Turn|p2a: Kyurem
|-damage|p2a: Kyurem|21/100
|
|t:|1779880728
|switch|p1a: Cinderace|Cinderace, M|100/100|[from] Flip Turn
|
|upkeep
|turn|14
|
|t:|1779880733
|switch|p2a: Alomomola|Alomomola, L99, F|86/100
|move|p1a: Cinderace|Will-O-Wisp|p2a: Alomomola
|-status|p2a: Alomomola|brn
|
|-damage|p2a: Alomomola|79/100 brn|[from] brn
|upkeep
|turn|15
|
|t:|1779880742
|move|p1a: Cinderace|U-turn|p2a: Alomomola
|-start|p1a: Cinderace|typechange|Bug|[from] ability: Libero
|-damage|p2a: Alomomola|51/100 brn
|
|t:|1779880760
|switch|p1a: Darkrai|Darkrai|90/100|[from] U-turn
|move|p2a: Alomomola|Wish|p2a: Alomomola
|
|-heal|p1a: Darkrai|96/100|[from] item: Leftovers
|-damage|p2a: Alomomola|45/100 brn|[from] brn
|upkeep
|turn|16
|
|t:|1779880775
|switch|p2a: Heatran|Heatran, M|61/100
|move|p1a: Darkrai|Dark Pulse|p2a: Heatran
|-damage|p2a: Heatran|33/100
|
|-heal|p2a: Heatran|100/100|[from] move: Wish|[wisher] Alomomola
|-heal|p1a: Darkrai|100/100|[from] item: Leftovers
|upkeep
|turn|17
|
|t:|1779880785
|switch|p2a: Alomomola|Alomomola, L99, F|79/100 brn
|move|p1a: Darkrai|Thunder Wave||[still]
|-fail|p1a: Darkrai
|
|-damage|p2a: Alomomola|72/100 brn|[from] brn
|upkeep
|turn|18
|j| samurajen
|
|t:|1779880796
|switch|p1a: Slowking|Slowking-Galar, M|100/100
|move|p2a: Alomomola|Flip Turn|p1a: Slowking
|-damage|p1a: Slowking|94/100
|
|t:|1779880805
|switch|p2a: Heatran|Heatran, M|100/100|[from] Flip Turn
|
|upkeep
|turn|19
|
|t:|1779880809
|move|p2a: Heatran|Taunt|p1a: Slowking
|-start|p1a: Slowking|move: Taunt
|-prepare|p1a: Slowking|Chilly Reception|[premajor]
|cant|p1a: Slowking|move: Taunt|Chilly Reception
|
|upkeep
|turn|20
|
|t:|1779880813
|switch|p1a: Gardevoir|Gardevoir, M|100/100
|-ability|p1a: Gardevoir|Flash Fire|Trace|[from] ability: Trace|[of] p2a: Heatran
|move|p2a: Heatran|Magma Storm|p1a: Gardevoir
|-start|p1a: Gardevoir|ability: Flash Fire
|
|upkeep
|turn|21
|
|t:|1779880827
|switch|p2a: Alomomola|Alomomola, L99, F|100/100 brn
|move|p1a: Gardevoir|Shadow Ball|p2a: Alomomola
|-damage|p2a: Alomomola|68/100 brn
|
|-damage|p2a: Alomomola|61/100 brn|[from] brn
|upkeep
|turn|22
|
|t:|1779880834
|-end|p1a: Gardevoir|ability: Flash Fire|[silent]
|switch|p1a: Slowking|Slowking-Galar, M|100/100
|move|p2a: Alomomola|Flip Turn|p1a: Slowking
|-damage|p1a: Slowking|94/100
|
|t:|1779880841
|switch|p2a: Landorus|Landorus-Therian, M|100/100|[from] Flip Turn
|-ability|p2a: Landorus|Intimidate|boost
|-unboost|p1a: Slowking|atk|1
|
|upkeep
|turn|23
|
|t:|1779880845
|switch|p1a: Hydrapple|Hydrapple, F|100/100
|move|p2a: Landorus|Stealth Rock|p1a: Hydrapple
|-sidestart|p1: cachowcapow|move: Stealth Rock
|
|upkeep
|turn|24
|
|t:|1779880850
|switch|p2a: Slowking|Slowking-Galar, M|68/100
|move|p1a: Hydrapple|Earth Power|p2a: Slowking
|-supereffective|p2a: Slowking
|-damage|p2a: Slowking|28/100
|
|upkeep
|turn|25
|
|t:|1779880858
|switch|p2a: Alomomola|Alomomola, L99, F|95/100 brn
|move|p1a: Hydrapple|Earth Power|p2a: Alomomola
|-damage|p2a: Alomomola|75/100 brn
|
|-damage|p2a: Alomomola|69/100 brn|[from] brn
|upkeep
|turn|26
|
|t:|1779880868
|switch|p2a: Heatran|Heatran, M|100/100
|move|p1a: Hydrapple|Giga Drain|p2a: Heatran
|-resisted|p2a: Heatran
|-damage|p2a: Heatran|95/100
|
|-heal|p2a: Heatran|100/100|[from] item: Leftovers
|upkeep
|turn|27
|
|t:|1779880875
|switch|p2a: Slowking|Slowking-Galar, M|61/100
|move|p1a: Hydrapple|Earth Power|p2a: Slowking
|-supereffective|p2a: Slowking
|-damage|p2a: Slowking|23/100
|
|upkeep
|turn|28
|
|t:|1779880881
|switch|p2a: Landorus|Landorus-Therian, M|100/100
|-ability|p2a: Landorus|Intimidate|boost
|-unboost|p1a: Hydrapple|atk|1
|move|p1a: Hydrapple|Fickle Beam|p2a: Landorus
|-damage|p2a: Landorus|56/100
|
|upkeep
|turn|29
|
|t:|1779880889
|move|p2a: Landorus|U-turn|p1a: Hydrapple
|-supereffective|p1a: Hydrapple
|-damage|p1a: Hydrapple|72/100
|-damage|p2a: Landorus|39/100|[from] item: Rocky Helmet|[of] p1a: Hydrapple
|
|t:|1779880894
|switch|p2a: Great Tusk|Great Tusk|100/100|[from] U-turn
|move|p1a: Hydrapple|Earth Power|p2a: Great Tusk
|-damage|p2a: Great Tusk|65/100
|
|upkeep
|turn|30
|
|t:|1779880910
|switch|p1a: Cinderace|Cinderace, M|100/100
|move|p2a: Great Tusk|Ice Spinner|p1a: Cinderace
|-resisted|p1a: Cinderace
|-damage|p1a: Cinderace|80/100
|
|upkeep
|turn|31
|
|t:|1779880918
|move|p1a: Cinderace|U-turn|p2a: Great Tusk
|-start|p1a: Cinderace|typechange|Bug|[from] ability: Libero
|-resisted|p2a: Great Tusk
|-damage|p2a: Great Tusk|52/100
|
|t:|1779880922
|switch|p1a: Hydrapple|Hydrapple, F|100/100|[from] U-turn
|-damage|p1a: Hydrapple|88/100|[from] Stealth Rock
|move|p2a: Great Tusk|Rapid Spin|p1a: Hydrapple
|-damage|p1a: Hydrapple|78/100
|-boost|p2a: Great Tusk|spe|1
|-damage|p2a: Great Tusk|35/100|[from] item: Rocky Helmet|[of] p1a: Hydrapple
|
|upkeep
|turn|32
|
|t:|1779880928
|move|p2a: Great Tusk|Ice Spinner|p1a: Hydrapple
|-supereffective|p1a: Hydrapple
|-damage|p1a: Hydrapple|7/100
|-damage|p2a: Great Tusk|19/100|[from] item: Rocky Helmet|[of] p1a: Hydrapple
|move|p1a: Hydrapple|Giga Drain|p2a: Great Tusk
|-supereffective|p2a: Great Tusk
|-damage|p2a: Great Tusk|0 fnt
|-heal|p1a: Hydrapple|15/100|[from] drain|[of] p2a: Great Tusk
|faint|p2a: Great Tusk
|-end|p2a: Great Tusk|Protosynthesis|[silent]
|
|upkeep
|
|t:|1779880932
|switch|p2a: Kyurem|Kyurem, tera:Ice|21/100
|-ability|p2a: Kyurem|Pressure
|turn|33
|
|t:|1779880943
|switch|p1a: Alomomola|Alomomola, M, tera:Steel|85/100
|-damage|p1a: Alomomola|78/100|[from] Stealth Rock
|move|p2a: Kyurem|Earth Power|p1a: Alomomola
|-supereffective|p1a: Alomomola
|-damage|p1a: Alomomola|28/100
|
|upkeep
|turn|34
|
|t:|1779880948
|switch|p1a: Hydrapple|Hydrapple, F|48/100
|-damage|p1a: Hydrapple|36/100|[from] Stealth Rock
|move|p2a: Kyurem|Earth Power|p1a: Hydrapple
|-resisted|p1a: Hydrapple
|-damage|p1a: Hydrapple|11/100
|
|upkeep
|turn|35
|
|t:|1779880956
|switch|p1a: Darkrai|Darkrai|100/100
|-damage|p1a: Darkrai|88/100|[from] Stealth Rock
|move|p2a: Kyurem|Earth Power|p1a: Darkrai
|-damage|p1a: Darkrai|28/100
|
|-heal|p1a: Darkrai|34/100|[from] item: Leftovers
|upkeep
|turn|36
|
|t:|1779880976
|switch|p2a: Heatran|Heatran, M|100/100
|move|p1a: Darkrai|Dark Pulse|p2a: Heatran
|-damage|p2a: Heatran|76/100
|
|-heal|p1a: Darkrai|40/100|[from] item: Leftovers
|-heal|p2a: Heatran|82/100|[from] item: Leftovers
|upkeep
|turn|37
|
|t:|1779880981
|move|p1a: Darkrai|Thunder Wave|p2a: Heatran
|-status|p2a: Heatran|par
|move|p2a: Heatran|Magma Storm|p1a: Darkrai|[miss]
|-miss|p2a: Heatran|p1a: Darkrai
|
|-heal|p1a: Darkrai|46/100|[from] item: Leftovers
|-heal|p2a: Heatran|88/100 par|[from] item: Leftovers
|upkeep
|turn|38
|
|t:|1779880984
|move|p1a: Darkrai|Dark Pulse|p2a: Heatran
|-damage|p2a: Heatran|64/100 par
|move|p2a: Heatran|Magma Storm|p1a: Darkrai
|-damage|p1a: Darkrai|1/100
|-activate|p1a: Darkrai|move: Magma Storm|[of] p2a: Heatran
|
|-heal|p1a: Darkrai|7/100|[from] item: Leftovers
|-heal|p2a: Heatran|70/100 par|[from] item: Leftovers
|-damage|p1a: Darkrai|0 fnt|[from] move: Magma Storm|[partiallytrapped]
|faint|p1a: Darkrai
|upkeep
|
|t:|1779881006
|switch|p1a: Cinderace|Cinderace, M|80/100
|turn|39
|
|t:|1779881013
|move|p1a: Cinderace|Court Change|p1a: Cinderace
|-start|p1a: Cinderace|typechange|Normal|[from] ability: Libero
|-swapsideconditions
|-activate|p1a: Cinderace|move: Court Change
|move|p2a: Heatran|Magma Storm|p1a: Cinderace
|-damage|p1a: Cinderace|24/100
|-activate|p1a: Cinderace|move: Magma Storm|[of] p2a: Heatran
|
|-heal|p2a: Heatran|76/100 par|[from] item: Leftovers
|-damage|p1a: Cinderace|12/100|[from] move: Magma Storm|[partiallytrapped]
|upkeep
|turn|40
|
|t:|1779881021
|cant|p2a: Heatran|par
|move|p1a: Cinderace|U-turn|p2a: Heatran
|-resisted|p2a: Heatran
|-damage|p2a: Heatran|71/100 par
|
|t:|1779881026
|switch|p1a: Alomomola|Alomomola, M, tera:Steel|61/100|[from] U-turn
|
|-heal|p2a: Heatran|78/100 par|[from] item: Leftovers
|upkeep
|turn|41
|
|t:|1779881030
|move|p1a: Alomomola|Flip Turn|p2a: Heatran
|-supereffective|p2a: Heatran
|-damage|p2a: Heatran|51/100 par
|
|t:|1779881033
|switch|p1a: Gardevoir|Gardevoir, M|100/100|[from] Flip Turn
|-ability|p1a: Gardevoir|Flash Fire|Trace|[from] ability: Trace|[of] p2a: Heatran
|cant|p2a: Heatran|par
|
|-heal|p2a: Heatran|57/100 par|[from] item: Leftovers
|upkeep
|turn|42
|
|t:|1779881041
|switch|p1a: Alomomola|Alomomola, M, tera:Steel|95/100
|switch|p2a: Kyurem|Kyurem, tera:Ice|21/100
|-damage|p2a: Kyurem|0 fnt|[from] Stealth Rock
|faint|p2a: Kyurem
|
|upkeep
|
|t:|1779881050
|switch|p2a: Heatran|Heatran, M|57/100 par
|-damage|p2a: Heatran|44/100 par|[from] Stealth Rock
|turn|43
|
|t:|1779881060
|move|p2a: Heatran|Earth Power|p1a: Alomomola
|-supereffective|p1a: Alomomola
|-crit|p1a: Alomomola
|-damage|p1a: Alomomola|54/100
|move|p1a: Alomomola|Mirror Coat|p2a: Heatran
|-damage|p2a: Heatran|0 fnt
|faint|p2a: Heatran
|
|upkeep
|
|t:|1779881067
|switch|p2a: Landorus|Landorus-Therian, M|39/100
|-damage|p2a: Landorus|27/100|[from] Stealth Rock
|-ability|p2a: Landorus|Intimidate|boost
|-unboost|p1a: Alomomola|atk|1
|turn|44
|
|t:|1779881072
|switch|p1a: Cinderace|Cinderace, M|12/100
|move|p2a: Landorus|Earthquake|p1a: Cinderace
|-supereffective|p1a: Cinderace
|-damage|p1a: Cinderace|0 fnt
|faint|p1a: Cinderace
|
|upkeep
|
|t:|1779881076
|switch|p1a: Hydrapple|Hydrapple, F|44/100
|turn|45
|
|t:|1779881085
|switch|p2a: Alomomola|Alomomola, L99, F|100/100 brn
|move|p1a: Hydrapple|Earth Power|p2a: Alomomola
|-crit|p2a: Alomomola
|-damage|p2a: Alomomola|75/100 brn
|
|-damage|p2a: Alomomola|69/100 brn|[from] brn
|upkeep
|turn|46
|
|t:|1779881097
|switch|p1a: Alomomola|Alomomola, M, tera:Steel|88/100
|move|p2a: Alomomola|Healing Wish|p2a: Alomomola
|faint|p2a: Alomomola
|
|upkeep
|inactive|sickofme has 120 seconds left.
|
|t:|1779881131
|switch|p2a: Landorus|Landorus-Therian, M|27/100
|-heal|p2a: Landorus|100/100|[from] move: Healing Wish
|-damage|p2a: Landorus|88/100|[from] Stealth Rock
|-ability|p2a: Landorus|Intimidate|boost
|-unboost|p1a: Alomomola|atk|1
|turn|47
|
|t:|1779881138
|switch|p1a: Hydrapple|Hydrapple, F|77/100
|move|p2a: Landorus|Earthquake|p1a: Hydrapple
|-resisted|p1a: Hydrapple
|-damage|p1a: Hydrapple|61/100
|
|upkeep
|turn|48
|-message|sickofme forfeited.
|
|win|cachowcapow
|raw|cachowcapow's rating: 1477 &rarr; <strong>1503</strong><br />(+26 for winning)
|raw|sickofme's rating: 1594 &rarr; <strong>1568</strong><br />(-26 for losing)
|l|☆sickofme
|player|p2|
|l|☆cachowcapow
|player|p1|
