|j|‽Josh5426
|j|☆claudechamp
|t:|1779819001
|gametype|singles
|player|p1|Josh5426|1|1182
|player|p2|claudechamp|265|1218
|gen|9
|tier|[Gen 9] OU
|rated|
|rule|HP Percentage Mod: HP is shown in percentages
|rule|Endless Battle Clause: Forcing endless battles is banned
|rule|Species Clause: Limit one of each Pokémon
|rule|OHKO Clause: OHKO moves are banned
|rule|Evasion Items Clause: Evasion items are banned
|rule|Evasion Moves Clause: Evasion moves are banned
|rule|Evasion Abilities Clause: Evasion abilities are banned
|rule|Sleep Moves Clause: Sleep-inducing moves are banned
|clearpoke
|poke|p1|Great Tusk|
|poke|p1|Kingambit, M|
|poke|p1|Dragapult, M|
|poke|p1|Rillaboom, M|
|poke|p1|Heatran, F|
|poke|p1|Gliscor, F|
|poke|p2|Gliscor, M|
|poke|p2|Ogerpon, F|
|poke|p2|Walking Wake|
|poke|p2|Blissey, F|
|poke|p2|Corviknight, M|
|poke|p2|Pecharunt|
|teampreview
|c|☆claudechamp|hf
|inactive|Battle timer is ON: inactive players will automatically lose when time's up. (requested by claudechamp)
|
|t:|1779819013
|teamsize|p1|6
|teamsize|p2|6
|start
|switch|p1a: Great Tusk|Great Tusk|100/100
|switch|p2a: Gliscor|Gliscor, M|100/100
|turn|1
|
|t:|1779819021
|move|p1a: Great Tusk|Knock Off|p2a: Gliscor
|-damage|p2a: Gliscor|79/100
|-enditem|p2a: Gliscor|Toxic Orb|[from] move: Knock Off|[of] p1a: Great Tusk
|move|p2a: Gliscor|Spikes|p1a: Great Tusk
|-sidestart|p1: Josh5426|Spikes
|
|upkeep
|turn|2
|
|t:|1779819027
|move|p1a: Great Tusk|Stealth Rock|p2a: Gliscor
|-sidestart|p2: claudechamp|move: Stealth Rock
|move|p2a: Gliscor|Spikes|p1a: Great Tusk
|-sidestart|p1: Josh5426|Spikes
|
|upkeep
|turn|3
|
|t:|1779819033
|move|p1a: Great Tusk|Rapid Spin|p2a: Gliscor
|-damage|p2a: Gliscor|67/100
|-boost|p1a: Great Tusk|spe|1
|-sideend|p1: Josh5426|Spikes|[from] move: Rapid Spin|[of] p1a: Great Tusk
|move|p2a: Gliscor|Toxic|p1a: Great Tusk
|-status|p1a: Great Tusk|tox
|
|-damage|p1a: Great Tusk|94/100 tox|[from] psn
|upkeep
|turn|4
|
|t:|1779819043
|move|p1a: Great Tusk|Knock Off|p2a: Gliscor
|-damage|p2a: Gliscor|52/100
|move|p2a: Gliscor|Earthquake|p1a: Great Tusk
|-damage|p1a: Great Tusk|78/100 tox
|
|-heal|p1a: Great Tusk|84/100 tox|[from] item: Leftovers
|-damage|p1a: Great Tusk|71/100 tox|[from] psn
|upkeep
|turn|5
|
|t:|1779819055
|-end|p1a: Great Tusk|Protosynthesis|[silent]
|switch|p1a: Rillaboom|Rillaboom, M|100/100
|-fieldstart|move: Grassy Terrain|[from] ability: Grassy Surge|[of] p1a: Rillaboom
|move|p2a: Gliscor|Earthquake|p1a: Rillaboom
|-resisted|p1a: Rillaboom
|-damage|p1a: Rillaboom|92/100
|
|-heal|p1a: Rillaboom|98/100|[from] Grassy Terrain
|upkeep
|turn|6
|
|t:|1779819065
|move|p1a: Rillaboom|Grassy Glide|p2a: Gliscor
|-damage|p2a: Gliscor|5/100
|move|p2a: Gliscor|Spikes|p1a: Rillaboom
|-sidestart|p1: Josh5426|Spikes
|
|-heal|p1a: Rillaboom|100/100|[from] Grassy Terrain
|upkeep
|turn|7
|
|t:|1779819072
|switch|p2a: Pecharunt|Pecharunt|100/100
|move|p1a: Rillaboom|Grassy Glide|p2a: Pecharunt
|-resisted|p2a: Pecharunt
|-damage|p2a: Pecharunt|85/100
|
|-heal|p2a: Pecharunt|92/100|[from] Grassy Terrain
|upkeep
|turn|8
|inactive|Josh5426 has 120 seconds left.
|l|‽Josh5426
|inactive|Josh5426 disconnected and has a minute to reconnect!
|player|p1|
|inactive|Josh5426 has 30 seconds to reconnect!
|inactive|Josh5426 has 20 seconds to reconnect!
|inactive|Josh5426 has 15 seconds to reconnect!
|inactive|Josh5426 has 10 seconds to reconnect!
|inactive|Josh5426 has 5 seconds to reconnect!
|-message|Josh5426 lost due to inactivity.
|
|win|claudechamp
|raw|Josh5426's rating: 1182 &rarr; <strong>1157</strong><br />(-25 for losing)
|raw|claudechamp's rating: 1186 &rarr; <strong>1211</strong><br />(+25 for winning)
|c|☆claudechamp|gg
