|j|☆slowlyfadingaway
|j|☆choispecs ironmoth
|t:|1779963364
|gametype|singles
|player|p1|slowlyfadingaway|veteran|1534
|player|p2|choispecs ironmoth|lucas|1484
|gen|9
|tier|[Gen 9] OU
|rated|
|rule|HP Percentage Mod: HP is shown in percentages
|rule|Endless Battle Clause: Forcing endless battles is banned
|rule|Species Clause: Limit one of each Pokémon
|rule|OHKO Clause: OHKO moves are banned
|rule|Evasion Items Clause: Evasion items are banned
|rule|Evasion Moves Clause: Evasion moves are banned
|rule|Evasion Abilities Clause: Evasion abilities are banned
|rule|Sleep Moves Clause: Sleep-inducing moves are banned
|clearpoke
|poke|p1|Greninja-*, M|
|poke|p1|Forretress, M|
|poke|p1|Samurott-Hisui, F|
|poke|p1|Garchomp, F|
|poke|p1|Scizor, M|
|poke|p1|Diancie|
|poke|p2|Kyurem|
|poke|p2|Cinderace, F|
|poke|p2|Kingambit, F|
|poke|p2|Landorus-Therian, M|
|poke|p2|Iron Valiant|
|poke|p2|Slowking-Galar, M|
|teampreview
|inactive|Battle timer is ON: inactive players will automatically lose when time's up. (requested by slowlyfadingaway)
|
|t:|1779963372
|teamsize|p1|6
|teamsize|p2|6
|start
|switch|p1a: Greninja|Greninja, M|100/100
|switch|p2a: Kyurem|Kyurem|100/100
|-ability|p2a: Kyurem|Pressure
|turn|1
|
|t:|1779963377
|switch|p1a: Scizor|Scizor, M|100/100
|move|p2a: Kyurem|Freeze-Dry|p1a: Scizor
|-resisted|p1a: Scizor
|-damage|p1a: Scizor|80/100
|
|upkeep
|turn|2
|
|t:|1779963382
|switch|p2a: Landorus|Landorus-Therian, M|100/100
|-ability|p2a: Landorus|Intimidate|boost
|-unboost|p1a: Scizor|atk|1
|move|p1a: Scizor|U-turn|p2a: Landorus
|-resisted|p2a: Landorus
|-damage|p2a: Landorus|86/100
|-damage|p1a: Scizor|63/100|[from] item: Rocky Helmet|[of] p2a: Landorus
|-damage|p1a: Scizor|53/100|[from] item: Life Orb
|
|t:|1779963386
|switch|p1a: Greninja|Greninja, M|100/100|[from] U-turn
|
|upkeep
|turn|3
|
|t:|1779963391
|switch|p2a: Kyurem|Kyurem|100/100
|-ability|p2a: Kyurem|Pressure
|move|p1a: Greninja|Water Shuriken|p2a: Kyurem
|-resisted|p2a: Kyurem
|-damage|p2a: Kyurem|98/100
|-resisted|p2a: Kyurem
|-damage|p2a: Kyurem|96/100
|-resisted|p2a: Kyurem
|-damage|p2a: Kyurem|94/100
|-resisted|p2a: Kyurem
|-damage|p2a: Kyurem|92/100
|-resisted|p2a: Kyurem
|-damage|p2a: Kyurem|90/100
|-hitcount|p2a: Kyurem|5
|
|upkeep
|turn|4
|j| Almirante Matthew
|
|t:|1779963399
|switch|p1a: Diancie|Diancie|100/100
|move|p2a: Kyurem|Freeze-Dry|p1a: Diancie
|-damage|p1a: Diancie|64/100
|
|upkeep
|turn|5
|
|t:|1779963408
|move|p2a: Kyurem|Earth Power|p1a: Diancie
|-supereffective|p1a: Diancie
|-damage|p1a: Diancie|0 fnt
|faint|p1a: Diancie
|
|upkeep
|
|t:|1779963411
|switch|p1a: Scizor|Scizor, M|53/100
|turn|6
|
|t:|1779963415
|switch|p2a: Landorus|Landorus-Therian, M|86/100
|-ability|p2a: Landorus|Intimidate|boost
|-unboost|p1a: Scizor|atk|1
|move|p1a: Scizor|Bullet Punch|p2a: Landorus
|-crit|p2a: Landorus
|-damage|p2a: Landorus|27/100
|-damage|p1a: Scizor|36/100|[from] item: Rocky Helmet|[of] p2a: Landorus
|-damage|p1a: Scizor|26/100|[from] item: Life Orb
|
|upkeep
|turn|7
|
|t:|1779963423
|move|p1a: Scizor|Bullet Punch|p2a: Landorus
|-damage|p2a: Landorus|0 fnt
|-damage|p1a: Scizor|10/100|[from] item: Rocky Helmet|[of] p2a: Landorus
|faint|p2a: Landorus
|-damage|p1a: Scizor|0 fnt|[from] item: Life Orb
|faint|p1a: Scizor
|
|upkeep
|
|t:|1779963430
|switch|p2a: Slowking|Slowking-Galar, M|100/100
|switch|p1a: Samurott|Samurott-Hisui, F|100/100
|turn|8
|
|t:|1779963433
|move|p1a: Samurott|Ceaseless Edge|p2a: Slowking
|-supereffective|p2a: Slowking
|-damage|p2a: Slowking|13/100
|-sidestart|p2: choispecs ironmoth|Spikes
|-prepare|p2a: Slowking|Chilly Reception|[premajor]
|move|p2a: Slowking|Chilly Reception|p2a: Slowking
|-weather|Snowscape
|
|t:|1779963438
|switch|p2a: Kyurem|Kyurem|90/100|[from] Chilly Reception
|-damage|p2a: Kyurem|78/100|[from] Spikes
|-ability|p2a: Kyurem|Pressure
|
|-weather|Snowscape|[upkeep]
|upkeep
|turn|9
|
|t:|1779963441
|move|p1a: Samurott|Ceaseless Edge|p2a: Kyurem
|-damage|p2a: Kyurem|58/100
|-sidestart|p2: choispecs ironmoth|Spikes
|move|p2a: Kyurem|Freeze-Dry|p1a: Samurott
|-supereffective|p1a: Samurott
|-enditem|p1a: Samurott|Focus Sash
|-damage|p1a: Samurott|1/100
|
|-weather|Snowscape|[upkeep]
|upkeep
|turn|10
|
|t:|1779963445
|move|p1a: Samurott|Ceaseless Edge|p2a: Kyurem|[miss]
|-miss|p1a: Samurott|p2a: Kyurem
|move|p2a: Kyurem|Freeze-Dry|p1a: Samurott
|-supereffective|p1a: Samurott
|-damage|p1a: Samurott|0 fnt
|faint|p1a: Samurott
|
|-weather|Snowscape|[upkeep]
|upkeep
|
|t:|1779963447
|switch|p1a: Garchomp|Garchomp, F|100/100
|turn|11
|
|t:|1779963450
|move|p1a: Garchomp|Scale Shot|p2a: Kyurem
|-supereffective|p2a: Kyurem
|-damage|p2a: Kyurem|45/100
|-supereffective|p2a: Kyurem
|-damage|p2a: Kyurem|30/100
|-supereffective|p2a: Kyurem
|-damage|p2a: Kyurem|18/100
|-supereffective|p2a: Kyurem
|-damage|p2a: Kyurem|3/100
|-supereffective|p2a: Kyurem
|-damage|p2a: Kyurem|0 fnt
|faint|p2a: Kyurem
|-hitcount|p2: Kyurem|5
|-unboost|p1a: Garchomp|def|1
|-boost|p1a: Garchomp|spe|1
|
|-weather|Snowscape|[upkeep]
|upkeep
|
|t:|1779963459
|switch|p2a: Iron Valiant|Iron Valiant|100/100
|-damage|p2a: Iron Valiant|84/100|[from] Spikes
|-enditem|p2a: Iron Valiant|Booster Energy
|-activate|p2a: Iron Valiant|ability: Quark Drive|[fromitem]
|-start|p2a: Iron Valiant|quarkdrivespe
|turn|12
|
|t:|1779963463
|switch|p1a: Forretress|Forretress, M|100/100
|move|p2a: Iron Valiant|Moonblast|p1a: Forretress
|-resisted|p1a: Forretress
|-damage|p1a: Forretress|69/100
|
|-weather|none
|upkeep
|turn|13
|
|t:|1779963468
|-end|p2a: Iron Valiant|Quark Drive|[silent]
|switch|p2a: Slowking|Slowking-Galar, M|46/100
|move|p1a: Forretress|Stealth Rock|p2a: Slowking
|-sidestart|p2: choispecs ironmoth|move: Stealth Rock
|
|upkeep
|turn|14
|
|t:|1779963472
|move|p1a: Forretress|Volt Switch|p2a: Slowking
|-damage|p2a: Slowking|40/100
|
|t:|1779963475
|switch|p1a: Greninja|Greninja, M|100/100|[from] Volt Switch
|-prepare|p2a: Slowking|Chilly Reception|[premajor]
|move|p2a: Slowking|Chilly Reception|p2a: Slowking
|-weather|Snowscape
|
|t:|1779963480
|switch|p2a: Kingambit|Kingambit, F|100/100|[from] Chilly Reception
|-damage|p2a: Kingambit|84/100|[from] Spikes
|-damage|p2a: Kingambit|78/100|[from] Stealth Rock
|-activate|p2a: Kingambit|ability: Supreme Overlord
|-start|p2a: Kingambit|fallen2|[silent]
|
|-weather|Snowscape|[upkeep]
|-heal|p2a: Kingambit|84/100|[from] item: Leftovers
|upkeep
|turn|15
|
|t:|1779963482
|move|p1a: Greninja|U-turn|p2a: Kingambit
|-damage|p2a: Kingambit|71/100
|
|t:|1779963485
|switch|p1a: Forretress|Forretress, M|69/100|[from] U-turn
|move|p2a: Kingambit|Low Kick|p1a: Forretress
|-damage|p1a: Forretress|45/100
|
|-weather|Snowscape|[upkeep]
|-heal|p2a: Kingambit|77/100|[from] item: Leftovers
|upkeep
|turn|16
|
|t:|1779963491
|move|p2a: Kingambit|Swords Dance|p2a: Kingambit
|-boost|p2a: Kingambit|atk|2
|move|p1a: Forretress|Body Press|p2a: Kingambit
|-supereffective|p2a: Kingambit
|-damage|p2a: Kingambit|0 fnt
|faint|p2a: Kingambit
|-end|p2a: Kingambit|fallen2|[silent]
|
|-weather|Snowscape|[upkeep]
|upkeep
|
|t:|1779963496
|switch|p2a: Cinderace|Cinderace, F|100/100
|turn|17
|
|t:|1779963500
|move|p2a: Cinderace|Pyro Ball|p1a: Forretress
|-supereffective|p1a: Forretress
|-damage|p1a: Forretress|0 fnt
|faint|p1a: Forretress
|
|-weather|Snowscape|[upkeep]
|upkeep
|
|t:|1779963503
|switch|p1a: Garchomp|Garchomp, F|100/100
|turn|18
|
|t:|1779963506
|move|p2a: Cinderace|Court Change|p2a: Cinderace
|-start|p2a: Cinderace|typechange|Normal|[from] ability: Libero
|-swapsideconditions
|-activate|p2a: Cinderace|move: Court Change
|move|p1a: Garchomp|Scale Shot|p2a: Cinderace|[miss]
|-miss|p1a: Garchomp|p2a: Cinderace
|
|-weather|none
|upkeep
|turn|19
|
|t:|1779963510
|move|p2a: Cinderace|U-turn|p1a: Garchomp
|-damage|p1a: Garchomp|76/100
|-damage|p2a: Cinderace|88/100|[from] ability: Rough Skin|[of] p1a: Garchomp
|
|t:|1779963512
|switch|p2a: Iron Valiant|Iron Valiant|84/100|[from] U-turn
|move|p1a: Garchomp|Earthquake|p2a: Iron Valiant
|-crit|p2a: Iron Valiant
|-damage|p2a: Iron Valiant|0 fnt
|faint|p2a: Iron Valiant
|-end|p2a: Iron Valiant|Quark Drive|[silent]
|
|upkeep
|
|t:|1779963516
|switch|p2a: Cinderace|Cinderace, F|88/100
|turn|20
|
|t:|1779963518
|move|p2a: Cinderace|High Jump Kick|p1a: Garchomp
|-start|p2a: Cinderace|typechange|Fighting|[from] ability: Libero
|-damage|p1a: Garchomp|13/100
|-damage|p2a: Cinderace|76/100|[from] ability: Rough Skin|[of] p1a: Garchomp
|move|p1a: Garchomp|Scale Shot|p2a: Cinderace
|-damage|p2a: Cinderace|57/100
|-damage|p2a: Cinderace|39/100
|-damage|p2a: Cinderace|20/100
|-damage|p2a: Cinderace|1/100
|-hitcount|p2a: Cinderace|4
|-unboost|p1a: Garchomp|def|1
|-boost|p1a: Garchomp|spe|1
|
|upkeep
|turn|21
|
|t:|1779963525
|-terastallize|p2a: Cinderace|Flying
|move|p1a: Garchomp|Earthquake|p2a: Cinderace
|-immune|p2a: Cinderace
|move|p2a: Cinderace|High Jump Kick|p1a: Garchomp|[miss]
|-miss|p2a: Cinderace|p1a: Garchomp
|-damage|p2a: Cinderace|0 fnt|[from] highjumpkick
|faint|p2a: Cinderace
|
|upkeep
|c|☆slowlyfadingaway|thank you iron
|-message|choispecs ironmoth forfeited.
|
|win|slowlyfadingaway
|raw|slowlyfadingaway's rating: 1534 &rarr; <strong>1551</strong><br />(+17 for winning)
|raw|choispecs ironmoth's rating: 1484 &rarr; <strong>1467</strong><br />(-17 for losing)
|l|☆choispecs ironmoth
|player|p2|
|c|☆slowlyfadingaway|for i am full
|l|☆slowlyfadingaway
|player|p1|
|l| Almirante Matthew
