|j|☆Chooir
|j|☆clouddaearth
|t:|1779842153
|gametype|singles
|player|p1|Chooir|bruno|1289
|player|p2|clouddaearth|1|1344
|gen|9
|tier|[Gen 9] OU
|rated|
|rule|HP Percentage Mod: HP is shown in percentages
|rule|Endless Battle Clause: Forcing endless battles is banned
|rule|Species Clause: Limit one of each Pokémon
|rule|OHKO Clause: OHKO moves are banned
|rule|Evasion Items Clause: Evasion items are banned
|rule|Evasion Moves Clause: Evasion moves are banned
|rule|Evasion Abilities Clause: Evasion abilities are banned
|rule|Sleep Moves Clause: Sleep-inducing moves are banned
|clearpoke
|poke|p1|Iron Moth|
|poke|p1|Gliscor, M|
|poke|p1|Hatterene, F|
|poke|p1|Ogerpon-Wellspring, F|
|poke|p1|Raging Bolt|
|poke|p1|Zamazenta-*|
|poke|p2|Hippowdon, M|
|poke|p2|Houndstone, F|
|poke|p2|Tentacruel, M|
|poke|p2|Vikavolt, M|
|poke|p2|Clefable, F|
|poke|p2|Tauros-Paldea-Blaze, M|
|teampreview
|inactive|Battle timer is ON: inactive players will automatically lose when time's up. (requested by Chooir)
|inactive|Chooir has 120 seconds left.
|
|t:|1779842207
|teamsize|p1|6
|teamsize|p2|6
|start
|switch|p1a: Zamazenta|Zamazenta|100/100
|switch|p2a: Vikavolt|Vikavolt, M|100/100
|-ability|p1a: Zamazenta|Dauntless Shield|boost
|-boost|p1a: Zamazenta|def|1
|turn|1
|
|t:|1779842213
|move|p1a: Zamazenta|Light Screen|p1a: Zamazenta
|-sidestart|p1: Chooir|move: Light Screen
|move|p2a: Vikavolt|Energy Ball|p1a: Zamazenta
|-damage|p1a: Zamazenta|85/100
|
|upkeep
|turn|2
|
|t:|1779842231
|move|p1a: Zamazenta|Reflect|p1a: Zamazenta
|-sidestart|p1: Chooir|Reflect
|move|p2a: Vikavolt|Volt Switch|p1a: Zamazenta
|-damage|p1a: Zamazenta|67/100
|
|t:|1779842240
|switch|p2a: Houndstone|Houndstone, F|100/100|[from] Volt Switch
|
|upkeep
|turn|3
|
|t:|1779842251
|switch|p1a: Raging Bolt|Raging Bolt|100/100
|-enditem|p1a: Raging Bolt|Booster Energy
|-activate|p1a: Raging Bolt|ability: Protosynthesis|[fromitem]
|-start|p1a: Raging Bolt|protosynthesisspa
|move|p2a: Houndstone|Will-O-Wisp|p1a: Raging Bolt
|-status|p1a: Raging Bolt|brn
|
|-damage|p1a: Raging Bolt|94/100 brn|[from] brn
|upkeep
|turn|4
|
|t:|1779842266
|switch|p2a: Clefable|Clefable, F|100/100
|move|p1a: Raging Bolt|Thunderbolt|p2a: Clefable
|-damage|p2a: Clefable|31/100
|
|-heal|p2a: Clefable|37/100|[from] item: Leftovers
|-damage|p1a: Raging Bolt|88/100 brn|[from] brn
|upkeep
|turn|5
|
|t:|1779842275
|switch|p2a: Hippowdon|Hippowdon, M|100/100
|-weather|Sandstorm|[from] ability: Sand Stream|[of] p2a: Hippowdon
|move|p1a: Raging Bolt|Thunderbolt|p2a: Hippowdon
|-immune|p2a: Hippowdon
|
|-weather|Sandstorm|[upkeep]
|-damage|p1a: Raging Bolt|82/100 brn|[from] Sandstorm
|-damage|p1a: Raging Bolt|76/100 brn|[from] brn
|upkeep
|turn|6
|
|t:|1779842286
|switch|p2a: Clefable|Clefable, F|37/100
|move|p1a: Raging Bolt|Dragon Pulse|p2a: Clefable
|-immune|p2a: Clefable
|
|-weather|Sandstorm|[upkeep]
|-damage|p1a: Raging Bolt|70/100 brn|[from] Sandstorm
|-damage|p2a: Clefable|31/100|[from] Sandstorm
|-heal|p2a: Clefable|37/100|[from] item: Leftovers
|-damage|p1a: Raging Bolt|64/100 brn|[from] brn
|upkeep
|turn|7
|
|t:|1779842297
|switch|p2a: Hippowdon|Hippowdon, M|100/100
|move|p1a: Raging Bolt|Thunderbolt|p2a: Hippowdon
|-immune|p2a: Hippowdon
|
|-weather|Sandstorm|[upkeep]
|-damage|p1a: Raging Bolt|58/100 brn|[from] Sandstorm
|-damage|p1a: Raging Bolt|51/100 brn|[from] brn
|upkeep
|turn|8
|
|t:|1779842306
|move|p1a: Raging Bolt|Dragon Pulse|p2a: Hippowdon
|-damage|p2a: Hippowdon|28/100
|move|p2a: Hippowdon|Earthquake|p1a: Raging Bolt
|-supereffective|p1a: Raging Bolt
|-damage|p1a: Raging Bolt|5/100 brn
|
|-weather|Sandstorm|[upkeep]
|-damage|p1a: Raging Bolt|0 fnt|[from] Sandstorm
|faint|p1a: Raging Bolt
|-end|p1a: Raging Bolt|Protosynthesis|[silent]
|-sideend|p1: Chooir|move: Light Screen
|upkeep
|
|t:|1779842319
|switch|p1a: Zamazenta|Zamazenta|67/100
|turn|9
|
|t:|1779842322
|switch|p2a: Houndstone|Houndstone, F|100/100
|move|p1a: Zamazenta|Ice Fang|p2a: Houndstone
|-crit|p2a: Houndstone
|-damage|p2a: Houndstone|67/100
|
|-weather|none
|-sideend|p1: Chooir|Reflect
|upkeep
|turn|10
|
|t:|1779842331
|switch|p1a: Iron Moth|Iron Moth|100/100
|-enditem|p1a: Iron Moth|Booster Energy
|-activate|p1a: Iron Moth|ability: Quark Drive|[fromitem]
|-start|p1a: Iron Moth|quarkdrivespe
|move|p2a: Houndstone|Play Rough|p1a: Iron Moth
|-resisted|p1a: Iron Moth
|-damage|p1a: Iron Moth|87/100
|-damage|p2a: Houndstone|57/100|[from] item: Life Orb
|
|upkeep
|turn|11
|
|t:|1779842346
|switch|p2a: Tentacruel|Tentacruel, M|100/100
|move|p1a: Iron Moth|Toxic Spikes|p2a: Tentacruel
|-sidestart|p2: clouddaearth|move: Toxic Spikes
|
|upkeep
|turn|12
|
|t:|1779842372
|-terastallize|p1a: Iron Moth|Ghost
|move|p2a: Tentacruel|Surf|p1a: Iron Moth
|-damage|p1a: Iron Moth|57/100
|move|p1a: Iron Moth|Whirlwind|p2a: Tentacruel
|drag|p2a: Hippowdon|Hippowdon, M|28/100
|-status|p2a: Hippowdon|psn
|-enditem|p2a: Hippowdon|Lum Berry|[eat]
|-curestatus|p2a: Hippowdon|psn|[msg]
|-weather|Sandstorm|[from] ability: Sand Stream|[of] p2a: Hippowdon
|
|-weather|Sandstorm|[upkeep]
|-damage|p1a: Iron Moth|51/100|[from] Sandstorm
|upkeep
|turn|13
|
|t:|1779842388
|switch|p2a: Tentacruel|Tentacruel, M|100/100
|-sideend|p2: clouddaearth|move: Toxic Spikes|[of] p2a: Tentacruel
|move|p1a: Iron Moth|Fiery Dance|p2a: Tentacruel
|-resisted|p2a: Tentacruel
|-damage|p2a: Tentacruel|80/100
|
|-weather|Sandstorm|[upkeep]
|-damage|p1a: Iron Moth|45/100|[from] Sandstorm
|-damage|p2a: Tentacruel|74/100|[from] Sandstorm
|upkeep
|turn|14
|
|t:|1779842401
|-end|p1a: Iron Moth|Quark Drive|[silent]
|switch|p1a: Zamazenta|Zamazenta|67/100
|move|p2a: Tentacruel|Sludge Bomb|p1a: Zamazenta
|-damage|p1a: Zamazenta|42/100
|
|-weather|Sandstorm|[upkeep]
|-damage|p1a: Zamazenta|36/100|[from] Sandstorm
|-damage|p2a: Tentacruel|68/100|[from] Sandstorm
|upkeep
|turn|15
|
|t:|1779842407
|move|p1a: Zamazenta|Light Screen|p1a: Zamazenta
|-sidestart|p1: Chooir|move: Light Screen
|move|p2a: Tentacruel|Sludge Bomb|p1a: Zamazenta
|-damage|p1a: Zamazenta|22/100
|
|-weather|Sandstorm|[upkeep]
|-damage|p1a: Zamazenta|16/100|[from] Sandstorm
|-damage|p2a: Tentacruel|62/100|[from] Sandstorm
|upkeep
|turn|16
|
|t:|1779842419
|switch|p1a: Gliscor|Gliscor, M|100/100
|move|p2a: Tentacruel|Toxic Spikes|p1a: Gliscor
|-sidestart|p1: Chooir|move: Toxic Spikes
|
|-weather|none
|-status|p1a: Gliscor|tox|[from] item: Toxic Orb
|upkeep
|turn|17
|
|t:|1779842424
|move|p2a: Tentacruel|Toxic Spikes|p1a: Gliscor
|-sidestart|p1: Chooir|move: Toxic Spikes
|move|p1a: Gliscor|Swords Dance|p1a: Gliscor
|-boost|p1a: Gliscor|atk|2
|
|upkeep
|turn|18
|
|t:|1779842438
|switch|p2a: Vikavolt|Vikavolt, M|100/100
|move|p1a: Gliscor|Earthquake|p2a: Vikavolt
|-immune|p2a: Vikavolt|[from] ability: Levitate
|
|upkeep
|turn|19
|
|t:|1779842445
|move|p1a: Gliscor|Facade|p2a: Vikavolt
|-damage|p2a: Vikavolt|14/100
|-enditem|p2a: Vikavolt|Sitrus Berry|[eat]
|-heal|p2a: Vikavolt|39/100|[from] item: Sitrus Berry
|move|p2a: Vikavolt|Energy Ball|p1a: Gliscor
|-damage|p1a: Gliscor|77/100 tox
|
|-heal|p1a: Gliscor|89/100 tox|[from] ability: Poison Heal
|upkeep
|turn|20
|
|t:|1779842456
|switch|p2a: Houndstone|Houndstone, F|57/100
|move|p1a: Gliscor|Facade|p2a: Houndstone
|-immune|p2a: Houndstone
|
|-heal|p1a: Gliscor|100/100 tox|[from] ability: Poison Heal
|upkeep
|turn|21
|
|t:|1779842465
|switch|p2a: Vikavolt|Vikavolt, M|39/100
|move|p1a: Gliscor|Earthquake|p2a: Vikavolt
|-immune|p2a: Vikavolt|[from] ability: Levitate
|
|upkeep
|turn|22
|
|t:|1779842475
|switch|p2a: Houndstone|Houndstone, F|57/100
|move|p1a: Gliscor|Facade|p2a: Houndstone
|-immune|p2a: Houndstone
|
|-sideend|p1: Chooir|move: Light Screen
|upkeep
|turn|23
|
|t:|1779842483
|switch|p2a: Vikavolt|Vikavolt, M|39/100
|move|p1a: Gliscor|Earthquake|p2a: Vikavolt
|-immune|p2a: Vikavolt|[from] ability: Levitate
|
|upkeep
|turn|24
|
|t:|1779842509
|move|p1a: Gliscor|Facade|p2a: Vikavolt
|-damage|p2a: Vikavolt|0 fnt
|faint|p2a: Vikavolt
|
|upkeep
|
|t:|1779842515
|switch|p2a: Tentacruel|Tentacruel, M|62/100
|turn|25
|
|t:|1779842519
|move|p2a: Tentacruel|Surf|p1a: Gliscor
|-supereffective|p1a: Gliscor
|-damage|p1a: Gliscor|11/100 tox
|move|p1a: Gliscor|Earthquake|p2a: Tentacruel
|-supereffective|p2a: Tentacruel
|-damage|p2a: Tentacruel|0 fnt
|faint|p2a: Tentacruel
|
|-heal|p1a: Gliscor|23/100 tox|[from] ability: Poison Heal
|upkeep
|
|t:|1779842530
|switch|p2a: Tauros|Tauros-Paldea-Blaze, M|100/100
|-ability|p2a: Tauros|Intimidate|boost
|-unboost|p1a: Gliscor|atk|1
|turn|26
|
|t:|1779842540
|switch|p1a: Hatterene|Hatterene, F|100/100
|-status|p1a: Hatterene|tox
|move|p2a: Tauros|Raging Bull|p1a: Hatterene
|-damage|p1a: Hatterene|66/100 tox
|
|-heal|p1a: Hatterene|72/100 tox|[from] item: Leftovers
|-damage|p1a: Hatterene|66/100 tox|[from] psn
|upkeep
|turn|27
|
|t:|1779842548
|switch|p2a: Hippowdon|Hippowdon, M|28/100
|-weather|Sandstorm|[from] ability: Sand Stream|[of] p2a: Hippowdon
|move|p1a: Hatterene|Draining Kiss|p2a: Hippowdon
|-damage|p2a: Hippowdon|2/100
|-heal|p1a: Hatterene|92/100 tox|[from] drain|[of] p2a: Hippowdon
|
|-weather|Sandstorm|[upkeep]
|-damage|p1a: Hatterene|86/100 tox|[from] Sandstorm
|-heal|p1a: Hatterene|92/100 tox|[from] item: Leftovers
|-damage|p1a: Hatterene|80/100 tox|[from] psn
|upkeep
|turn|28
|
|t:|1779842556
|move|p2a: Hippowdon|Earthquake|p1a: Hatterene
|-damage|p1a: Hatterene|33/100 tox
|move|p1a: Hatterene|Draining Kiss|p2a: Hippowdon
|-damage|p2a: Hippowdon|0 fnt
|-heal|p1a: Hatterene|35/100 tox|[from] drain|[of] p2a: Hippowdon
|faint|p2a: Hippowdon
|
|-weather|Sandstorm|[upkeep]
|-damage|p1a: Hatterene|29/100 tox|[from] Sandstorm
|-heal|p1a: Hatterene|35/100 tox|[from] item: Leftovers
|-damage|p1a: Hatterene|17/100 tox|[from] psn
|upkeep
|
|t:|1779842560
|switch|p2a: Houndstone|Houndstone, F|57/100
|turn|29
|
|t:|1779842566
|move|p2a: Houndstone|Shadow Sneak|p1a: Hatterene
|-supereffective|p1a: Hatterene
|-damage|p1a: Hatterene|0 fnt
|faint|p1a: Hatterene
|-damage|p2a: Houndstone|48/100|[from] item: Life Orb
|
|-weather|Sandstorm|[upkeep]
|upkeep
|inactive|Chooir has 120 seconds left.
|
|t:|1779842598
|switch|p1a: Ogerpon|Ogerpon-Wellspring, F|100/100
|-status|p1a: Ogerpon|tox
|turn|30
|
|t:|1779842603
|-terastallize|p2a: Houndstone|Ghost
|move|p2a: Houndstone|Poltergeist|p1a: Ogerpon
|-activate|p1a: Ogerpon|move: Poltergeist|Wellspring Mask
|-damage|p1a: Ogerpon|0 fnt
|faint|p1a: Ogerpon
|-damage|p2a: Houndstone|38/100|[from] item: Life Orb
|
|-weather|Sandstorm|[upkeep]
|upkeep
|
|t:|1779842617
|switch|p1a: Zamazenta|Zamazenta|16/100
|-status|p1a: Zamazenta|tox
|turn|31
|
|t:|1779842627
|move|p2a: Houndstone|Play Rough|p1a: Zamazenta
|-supereffective|p1a: Zamazenta
|-damage|p1a: Zamazenta|0 fnt
|faint|p1a: Zamazenta
|-damage|p2a: Houndstone|28/100|[from] item: Life Orb
|
|-weather|none
|upkeep
|
|t:|1779842632
|switch|p1a: Iron Moth|Iron Moth, tera:Ghost|45/100
|-status|p1a: Iron Moth|tox
|turn|32
|
|t:|1779842640
|move|p2a: Houndstone|Shadow Sneak|p1a: Iron Moth
|-supereffective|p1a: Iron Moth
|-damage|p1a: Iron Moth|0 fnt
|faint|p1a: Iron Moth
|-end|p1a: Iron Moth|Quark Drive|[silent]
|-damage|p2a: Houndstone|18/100|[from] item: Life Orb
|
|upkeep
|
|t:|1779842645
|switch|p1a: Gliscor|Gliscor, M|23/100 tox
|turn|33
|
|t:|1779842651
|move|p2a: Houndstone|Shadow Sneak|p1a: Gliscor
|-damage|p1a: Gliscor|0 fnt
|faint|p1a: Gliscor
|-damage|p2a: Houndstone|8/100|[from] item: Life Orb
|
|win|clouddaearth
|raw|Chooir's rating: 1289 &rarr; <strong>1268</strong><br />(-21 for losing)
|raw|clouddaearth's rating: 1344 &rarr; <strong>1361</strong><br />(+17 for winning)
|l|☆Chooir
|player|p1|
