|j|☆dooozdzdz
|j|☆summerenaissance
|t:|1779821577
|gametype|singles
|player|p1|dooozdzdz|tate|1683
|player|p2|summerenaissance|iris-gen5bw2|1653
|gen|9
|tier|[Gen 9] OU
|rated|
|rule|HP Percentage Mod: HP is shown in percentages
|rule|Endless Battle Clause: Forcing endless battles is banned
|rule|Species Clause: Limit one of each Pokémon
|rule|OHKO Clause: OHKO moves are banned
|rule|Evasion Items Clause: Evasion items are banned
|rule|Evasion Moves Clause: Evasion moves are banned
|rule|Evasion Abilities Clause: Evasion abilities are banned
|rule|Sleep Moves Clause: Sleep-inducing moves are banned
|clearpoke
|poke|p1|Hoopa-Unbound|
|poke|p1|Zamazenta-*|
|poke|p1|Pecharunt|
|poke|p1|Iron Treads|
|poke|p1|Primarina, F|
|poke|p1|Dragonite, F|
|poke|p2|Munkidori, M|
|poke|p2|Slither Wing|
|poke|p2|Ting-Lu|
|poke|p2|Cinderace, M|
|poke|p2|Dragapult, F|
|poke|p2|Alomomola, M|
|teampreview
|
|t:|1779821589
|teamsize|p1|6
|teamsize|p2|6
|start
|switch|p1a: Iron Treads|Iron Treads|100/100
|switch|p2a: Munkidori|Munkidori, M|100/100
|turn|1
|
|t:|1779821594
|switch|p2a: Slither Wing|Slither Wing|100/100
|move|p1a: Iron Treads|Earthquake|p2a: Slither Wing
|-resisted|p2a: Slither Wing
|-damage|p2a: Slither Wing|79/100
|
|upkeep
|turn|2
|
|t:|1779821598
|-end|p1a: Iron Treads|Quark Drive|[silent]
|switch|p1a: Pecharunt|Pecharunt|100/100
|move|p2a: Slither Wing|Will-O-Wisp|p1a: Pecharunt
|-status|p1a: Pecharunt|brn
|
|-damage|p1a: Pecharunt|94/100 brn|[from] brn
|upkeep
|turn|3
|
|t:|1779821607
|-end|p2a: Slither Wing|Protosynthesis|[silent]
|switch|p2a: Munkidori|Munkidori, M|100/100
|move|p1a: Pecharunt|Malignant Chain|p2a: Munkidori
|-resisted|p2a: Munkidori
|-damage|p2a: Munkidori|83/100
|
|-heal|p2a: Munkidori|89/100|[from] item: Black Sludge
|-damage|p1a: Pecharunt|88/100 brn|[from] brn
|upkeep
|turn|4
|
|t:|1779821615
|switch|p1a: Primarina|Primarina, F|100/100
|move|p2a: Munkidori|Psychic Noise|p1a: Primarina
|-damage|p1a: Primarina|75/100
|-start|p1a: Primarina|move: Heal Block
|
|-heal|p2a: Munkidori|95/100|[from] item: Black Sludge
|upkeep
|turn|5
|
|t:|1779821619
|move|p2a: Munkidori|Sludge Bomb|p1a: Primarina
|-supereffective|p1a: Primarina
|-damage|p1a: Primarina|22/100
|move|p1a: Primarina|Flip Turn|p2a: Munkidori
|-damage|p2a: Munkidori|56/100
|
|t:|1779821623
|switch|p1a: Dragonite|Dragonite, F|100/100|[from] Flip Turn
|
|-heal|p2a: Munkidori|62/100|[from] item: Black Sludge
|upkeep
|turn|6
|
|t:|1779821627
|move|p2a: Munkidori|U-turn|p1a: Dragonite
|-resisted|p1a: Dragonite
|-damage|p1a: Dragonite|97/100
|-status|p1a: Dragonite|tox|[from] ability: Toxic Chain|[of] p2a: Munkidori
|
|t:|1779821632
|switch|p2a: Slither Wing|Slither Wing|79/100|[from] U-turn
|move|p1a: Dragonite|Earthquake|p2a: Slither Wing
|-resisted|p2a: Slither Wing
|-crit|p2a: Slither Wing
|-damage|p2a: Slither Wing|57/100
|
|-damage|p1a: Dragonite|91/100 tox|[from] psn
|upkeep
|turn|7
|
|t:|1779821635
|move|p1a: Dragonite|Dragon Dance|p1a: Dragonite
|-boost|p1a: Dragonite|atk|1
|-boost|p1a: Dragonite|spe|1
|move|p2a: Slither Wing|Morning Sun|p2a: Slither Wing
|-heal|p2a: Slither Wing|100/100
|
|-damage|p1a: Dragonite|79/100 tox|[from] psn
|upkeep
|turn|8
|
|t:|1779821637
|move|p1a: Dragonite|Dragon Dance|p1a: Dragonite
|-boost|p1a: Dragonite|atk|1
|-boost|p1a: Dragonite|spe|1
|move|p2a: Slither Wing|U-turn|p1a: Dragonite
|-resisted|p1a: Dragonite
|-damage|p1a: Dragonite|63/100 tox
|
|t:|1779821639
|-end|p2a: Slither Wing|Protosynthesis|[silent]
|switch|p2a: Munkidori|Munkidori, M|62/100|[from] U-turn
|
|-heal|p2a: Munkidori|68/100|[from] item: Black Sludge
|-damage|p1a: Dragonite|45/100 tox|[from] psn
|upkeep
|turn|9
|
|t:|1779821642
|move|p2a: Munkidori|Fake Out|p1a: Dragonite
|-crit|p1a: Dragonite
|-damage|p1a: Dragonite|34/100 tox
|cant|p1a: Dragonite|flinch
|
|-heal|p2a: Munkidori|74/100|[from] item: Black Sludge
|-damage|p1a: Dragonite|10/100 tox|[from] psn
|upkeep
|turn|10
|
|t:|1779821647
|switch|p2a: Slither Wing|Slither Wing|100/100
|move|p1a: Dragonite|Earthquake|p2a: Slither Wing
|-resisted|p2a: Slither Wing
|-damage|p2a: Slither Wing|69/100
|
|-damage|p1a: Dragonite|0 fnt|[from] psn
|faint|p1a: Dragonite
|upkeep
|
|t:|1779821664
|switch|p1a: Hoopa|Hoopa-Unbound|100/100
|turn|11
|
|t:|1779821669
|move|p2a: Slither Wing|First Impression|p1a: Hoopa
|-supereffective|p1a: Hoopa
|-damage|p1a: Hoopa|0 fnt
|faint|p1a: Hoopa
|
|upkeep
|inactive|Battle timer is ON: inactive players will automatically lose when time's up. (requested by summerenaissance)
|
|t:|1779821675
|switch|p1a: Zamazenta|Zamazenta|100/100
|-ability|p1a: Zamazenta|Dauntless Shield|boost
|-boost|p1a: Zamazenta|def|1
|turn|12
|
|t:|1779821678
|move|p1a: Zamazenta|Iron Defense|p1a: Zamazenta
|-boost|p1a: Zamazenta|def|2
|move|p2a: Slither Wing|Will-O-Wisp|p1a: Zamazenta|[miss]
|-miss|p2a: Slither Wing|p1a: Zamazenta
|
|upkeep
|turn|13
|
|t:|1779821681
|move|p1a: Zamazenta|Iron Defense|p1a: Zamazenta
|-boost|p1a: Zamazenta|def|2
|move|p2a: Slither Wing|Will-O-Wisp|p1a: Zamazenta
|-status|p1a: Zamazenta|brn
|
|-damage|p1a: Zamazenta|94/100 brn|[from] brn
|upkeep
|turn|14
|
|t:|1779821686
|move|p1a: Zamazenta|Body Press|p2a: Slither Wing
|-resisted|p2a: Slither Wing
|-damage|p2a: Slither Wing|47/100
|move|p2a: Slither Wing|U-turn|p1a: Zamazenta
|-resisted|p1a: Zamazenta
|-damage|p1a: Zamazenta|91/100 brn
|j| rexa2
|
|t:|1779821689
|-end|p2a: Slither Wing|Protosynthesis|[silent]
|switch|p2a: Dragapult|Dragapult, F|100/100|[from] U-turn
|
|-heal|p1a: Zamazenta|97/100 brn|[from] item: Leftovers
|-damage|p1a: Zamazenta|91/100 brn|[from] brn
|upkeep
|turn|15
|
|t:|1779821692
|move|p2a: Dragapult|Hex|p1a: Zamazenta
|-damage|p1a: Zamazenta|45/100 brn
|move|p1a: Zamazenta|Crunch|p2a: Dragapult
|-supereffective|p2a: Dragapult
|-damage|p2a: Dragapult|70/100
|
|-heal|p1a: Zamazenta|51/100 brn|[from] item: Leftovers
|-damage|p1a: Zamazenta|45/100 brn|[from] brn
|upkeep
|turn|16
|-message|dooozdzdz forfeited.
|
|win|summerenaissance
|raw|dooozdzdz's rating: 1683 &rarr; <strong>1661</strong><br />(-22 for losing)
|raw|summerenaissance's rating: 1653 &rarr; <strong>1675</strong><br />(+22 for winning)
|l|☆dooozdzdz
|player|p1|
|l| rexa2
|l|☆summerenaissance
|player|p2|
