|j|☆chillface_noob
|j|☆randomcan42
|t:|1779891842
|gametype|singles
|player|p1|chillface_noob|2|1501
|player|p2|randomcan42|1|1411
|gen|9
|tier|[Gen 9] OU
|rated|
|rule|HP Percentage Mod: HP is shown in percentages
|rule|Endless Battle Clause: Forcing endless battles is banned
|rule|Species Clause: Limit one of each Pokémon
|rule|OHKO Clause: OHKO moves are banned
|rule|Evasion Items Clause: Evasion items are banned
|rule|Evasion Moves Clause: Evasion moves are banned
|rule|Evasion Abilities Clause: Evasion abilities are banned
|rule|Sleep Moves Clause: Sleep-inducing moves are banned
|clearpoke
|poke|p1|Dragapult, M|
|poke|p1|Corviknight, M|
|poke|p1|Blissey, F|
|poke|p1|Raging Bolt|
|poke|p1|Gengar, F|
|poke|p1|Gholdengo|
|poke|p2|Hatterene, F|
|poke|p2|Dragonite, M|
|poke|p2|Alomomola, M|
|poke|p2|Raichu, F|
|poke|p2|Dragapult, M|
|poke|p2|Great Tusk|
|teampreview
|inactive|Battle timer is ON: inactive players will automatically lose when time's up. (requested by chillface_noob)
|
|t:|1779891862
|teamsize|p1|6
|teamsize|p2|6
|start
|switch|p1a: Gengar|Gengar, F|100/100
|switch|p2a: Great Tusk|Great Tusk|100/100
|turn|1
|
|t:|1779891867
|move|p1a: Gengar|Shadow Ball|p2a: Great Tusk
|-damage|p2a: Great Tusk|63/100
|move|p2a: Great Tusk|Knock Off|p1a: Gengar
|-supereffective|p1a: Gengar
|-enditem|p1a: Gengar|Focus Sash
|-damage|p1a: Gengar|1/100
|
|upkeep
|turn|2
|
|t:|1779891872
|move|p1a: Gengar|Destiny Bond|p1a: Gengar
|-singlemove|p1a: Gengar|Destiny Bond
|move|p2a: Great Tusk|Ice Spinner|p1a: Gengar
|-crit|p1a: Gengar
|-damage|p1a: Gengar|0 fnt
|-start|p2a: Great Tusk|Disable|Ice Spinner|[from] ability: Cursed Body|[of] p1a: Gengar
|faint|p1a: Gengar
|-activate|p1a: Gengar|move: Destiny Bond
|faint|p2a: Great Tusk
|-end|p2a: Great Tusk|Protosynthesis|[silent]
|
|upkeep
|
|t:|1779891877
|switch|p1a: Blissey|Blissey, F|100/100
|switch|p2a: Raichu|Raichu, F|100/100
|turn|3
|
|t:|1779891882
|move|p2a: Raichu|Volt Switch|p1a: Blissey
|-damage|p1a: Blissey|84/100
|
|t:|1779891886
|switch|p2a: Hatterene|Hatterene, F, shiny|100/100|[from] Volt Switch
|move|p1a: Blissey|Seismic Toss|p2a: Hatterene
|-damage|p2a: Hatterene|69/100
|
|-heal|p1a: Blissey|90/100|[from] item: Leftovers
|-heal|p2a: Hatterene|75/100|[from] item: Leftovers
|upkeep
|turn|4
|
|t:|1779891889
|move|p1a: Blissey|Seismic Toss|p2a: Hatterene
|-damage|p2a: Hatterene|44/100
|move|p2a: Hatterene|Calm Mind|p2a: Hatterene
|-boost|p2a: Hatterene|spa|1
|-boost|p2a: Hatterene|spd|1
|
|-heal|p1a: Blissey|96/100|[from] item: Leftovers
|-heal|p2a: Hatterene|50/100|[from] item: Leftovers
|upkeep
|turn|5
|
|t:|1779891892
|move|p1a: Blissey|Seismic Toss|p2a: Hatterene
|-damage|p2a: Hatterene|18/100
|move|p2a: Hatterene|Nuzzle|p1a: Blissey
|-damage|p1a: Blissey|92/100
|-status|p1a: Blissey|par
|
|-heal|p2a: Hatterene|24/100|[from] item: Leftovers
|-heal|p1a: Blissey|99/100 par|[from] item: Leftovers
|upkeep
|turn|6
|
|t:|1779891894
|move|p2a: Hatterene|Draining Kiss|p1a: Blissey
|-crit|p1a: Blissey
|-damage|p1a: Blissey|81/100 par
|-heal|p2a: Hatterene|54/100|[from] drain|[of] p1a: Blissey
|move|p1a: Blissey|Seismic Toss|p2a: Hatterene
|-damage|p2a: Hatterene|23/100
|
|-heal|p2a: Hatterene|28/100|[from] item: Leftovers
|-heal|p1a: Blissey|87/100 par|[from] item: Leftovers
|upkeep
|turn|7
|
|t:|1779891899
|move|p2a: Hatterene|Draining Kiss|p1a: Blissey
|-damage|p1a: Blissey|74/100 par
|-heal|p2a: Hatterene|51/100|[from] drain|[of] p1a: Blissey
|move|p1a: Blissey|Seismic Toss|p2a: Hatterene
|-damage|p2a: Hatterene|19/100
|
|-heal|p2a: Hatterene|25/100|[from] item: Leftovers
|-heal|p1a: Blissey|80/100 par|[from] item: Leftovers
|upkeep
|turn|8
|
|t:|1779891903
|-curestatus|p1a: Blissey|par|[from] ability: Natural Cure|[silent]
|switch|p1a: Gholdengo|Gholdengo|100/100
|move|p2a: Hatterene|Draining Kiss|p1a: Gholdengo
|-resisted|p1a: Gholdengo
|-damage|p1a: Gholdengo|80/100
|-heal|p2a: Hatterene|40/100|[from] drain|[of] p1a: Gholdengo
|
|-heal|p2a: Hatterene|46/100|[from] item: Leftovers
|upkeep
|turn|9
|
|t:|1779891910
|move|p1a: Gholdengo|Shadow Ball|p2a: Hatterene
|-supereffective|p2a: Hatterene
|-damage|p2a: Hatterene|0 fnt
|faint|p2a: Hatterene
|
|upkeep
|
|t:|1779891912
|switch|p2a: Dragonite|Dragonite, M|100/100
|turn|10
|
|t:|1779891916
|switch|p1a: Dragapult|Dragapult, M|100/100
|move|p2a: Dragonite|Dragon Dance|p2a: Dragonite
|-boost|p2a: Dragonite|atk|1
|-boost|p2a: Dragonite|spe|1
|
|upkeep
|turn|11
|
|t:|1779891931
|move|p1a: Dragapult|Will-O-Wisp|p2a: Dragonite
|-status|p2a: Dragonite|brn
|move|p2a: Dragonite|Dragon Dance|p2a: Dragonite
|-boost|p2a: Dragonite|atk|1
|-boost|p2a: Dragonite|spe|1
|
|-damage|p2a: Dragonite|94/100 brn|[from] brn
|upkeep
|turn|12
|inactive|randomcan42 has 120 seconds left.
|l|☆chillface_noob
|inactive|chillface_noob disconnected and has a minute to reconnect!
|player|p1|
|inactive|randomcan42 has 90 seconds left.
|
|t:|1779891992
|switch|p1a: Corviknight|Corviknight, M|100/100
|-ability|p1a: Corviknight|Pressure
|move|p2a: Dragonite|Dragon Dance|p2a: Dragonite
|-boost|p2a: Dragonite|atk|1
|-boost|p2a: Dragonite|spe|1
|
|-heal|p2a: Dragonite|100/100 brn|[from] item: Leftovers
|-damage|p2a: Dragonite|94/100 brn|[from] brn
|upkeep
|turn|13
|j|☆chillface_noob
|inactive|chillface_noob reconnected and has 150 seconds left.
|player|p1|chillface_noob|2|
|
|t:|1779891998
|move|p2a: Dragonite|Dragon Dance|p2a: Dragonite
|-boost|p2a: Dragonite|atk|1
|-boost|p2a: Dragonite|spe|1
|move|p1a: Corviknight|Body Press|p2a: Dragonite
|-resisted|p2a: Dragonite
|-damage|p2a: Dragonite|84/100 brn
|
|-heal|p2a: Dragonite|90/100 brn|[from] item: Leftovers
|-damage|p2a: Dragonite|84/100 brn|[from] brn
|upkeep
|turn|14
|
|t:|1779892001
|move|p2a: Dragonite|Dragon Dance|p2a: Dragonite
|-boost|p2a: Dragonite|atk|1
|-boost|p2a: Dragonite|spe|1
|move|p1a: Corviknight|Body Press|p2a: Dragonite
|-resisted|p2a: Dragonite
|-damage|p2a: Dragonite|75/100 brn
|
|-heal|p2a: Dragonite|81/100 brn|[from] item: Leftovers
|-damage|p2a: Dragonite|75/100 brn|[from] brn
|upkeep
|turn|15
|
|t:|1779892005
|move|p2a: Dragonite|Dragon Dance|p2a: Dragonite
|-boost|p2a: Dragonite|atk|1
|-boost|p2a: Dragonite|spe|1
|move|p1a: Corviknight|U-turn|p2a: Dragonite
|-resisted|p2a: Dragonite
|-damage|p2a: Dragonite|69/100 brn
|
|t:|1779892006
|switch|p1a: Raging Bolt|Raging Bolt|100/100|[from] U-turn
|
|-heal|p2a: Dragonite|75/100 brn|[from] item: Leftovers
|-damage|p2a: Dragonite|69/100 brn|[from] brn
|upkeep
|turn|16
|
|t:|1779892009
|-terastallize|p1a: Raging Bolt|Fairy
|move|p2a: Dragonite|Earthquake|p1a: Raging Bolt
|-damage|p1a: Raging Bolt|52/100
|move|p1a: Raging Bolt|Draco Meteor|p2a: Dragonite
|-supereffective|p2a: Dragonite
|-damage|p2a: Dragonite|0 fnt
|-unboost|p1a: Raging Bolt|spa|2
|faint|p2a: Dragonite
|
|-heal|p1a: Raging Bolt|58/100|[from] item: Leftovers
|upkeep
|
|t:|1779892013
|switch|p2a: Raichu|Raichu, F|100/100
|turn|17
|
|t:|1779892020
|-end|p1a: Raging Bolt|Protosynthesis|[silent]
|switch|p1a: Blissey|Blissey, F|80/100
|move|p2a: Raichu|Volt Switch|p1a: Blissey
|-damage|p1a: Blissey|62/100
|
|t:|1779892022
|switch|p2a: Dragapult|Dragapult, M|100/100|[from] Volt Switch
|
|-heal|p1a: Blissey|69/100|[from] item: Leftovers
|upkeep
|turn|18
|
|t:|1779892025
|switch|p1a: Corviknight|Corviknight, M|100/100
|-ability|p1a: Corviknight|Pressure
|move|p2a: Dragapult|U-turn|p1a: Corviknight
|-resisted|p1a: Corviknight
|-damage|p1a: Corviknight|95/100
|-damage|p2a: Dragapult|84/100|[from] item: Rocky Helmet|[of] p1a: Corviknight
|
|t:|1779892027
|switch|p2a: Raichu|Raichu, F|100/100|[from] U-turn
|
|upkeep
|turn|19
|
|t:|1779892031
|switch|p1a: Dragapult|Dragapult, M|100/100
|move|p2a: Raichu|Volt Switch|p1a: Dragapult
|-resisted|p1a: Dragapult
|-damage|p1a: Dragapult|66/100
|
|t:|1779892034
|switch|p2a: Dragapult|Dragapult, M|84/100|[from] Volt Switch
|
|upkeep
|turn|20
|
|t:|1779892036
|move|p2a: Dragapult|Dragon Darts|p1a: Dragapult
|-supereffective|p1a: Dragapult
|-damage|p1a: Dragapult|0 fnt
|faint|p1a: Dragapult
|
|upkeep
|
|t:|1779892039
|switch|p1a: Gholdengo|Gholdengo|80/100
|turn|21
|
|t:|1779892041
|switch|p2a: Alomomola|Alomomola, M|100/100
|move|p1a: Gholdengo|Shadow Ball|p2a: Alomomola
|-damage|p2a: Alomomola|47/100
|
|upkeep
|turn|22
|
|t:|1779892046
|move|p1a: Gholdengo|Shadow Ball|p2a: Alomomola
|-damage|p2a: Alomomola|0 fnt
|faint|p2a: Alomomola
|
|upkeep
|
|t:|1779892048
|switch|p2a: Raichu|Raichu, F|100/100
|turn|23
|
|t:|1779892055
|switch|p1a: Blissey|Blissey, F|69/100
|move|p2a: Raichu|Thunderbolt|p1a: Blissey
|-crit|p1a: Blissey
|-damage|p1a: Blissey|34/100
|
|-heal|p1a: Blissey|40/100|[from] item: Leftovers
|upkeep
|turn|24
|
|t:|1779892059
|switch|p2a: Dragapult|Dragapult, M|84/100
|move|p1a: Blissey|Soft-Boiled|p1a: Blissey
|-heal|p1a: Blissey|90/100
|
|-heal|p1a: Blissey|96/100|[from] item: Leftovers
|upkeep
|turn|25
|
|t:|1779892063
|move|p2a: Dragapult|Dragon Darts|p1a: Blissey
|-damage|p1a: Blissey|62/100
|-anim|p2a: Dragapult|Dragon Darts|p1a: Blissey
|-damage|p1a: Blissey|28/100
|move|p1a: Blissey|Thunder Wave|p2a: Dragapult
|-status|p2a: Dragapult|par
|
|-heal|p1a: Blissey|34/100|[from] item: Leftovers
|upkeep
|turn|26
|
|t:|1779892066
|switch|p1a: Raging Bolt|Raging Bolt, tera:Fairy|58/100
|move|p2a: Dragapult|Dragon Darts|p1a: Raging Bolt
|-immune|p1a: Raging Bolt
|
|-heal|p1a: Raging Bolt|64/100|[from] item: Leftovers
|upkeep
|turn|27
|-message|randomcan42 forfeited.
|
|win|chillface_noob
|raw|chillface_noob's rating: 1501 &rarr; <strong>1516</strong><br />(+15 for winning)
|raw|randomcan42's rating: 1411 &rarr; <strong>1396</strong><br />(-15 for losing)
|l|☆randomcan42
|player|p2|
|l|☆chillface_noob
|player|p1|
