|j|☆lynebron123
|j|☆PocketMonsterBlitz
|t:|1779852443
|gametype|singles
|player|p1|lynebron123|169|1186
|player|p2|PocketMonsterBlitz|265|1172
|gen|9
|tier|[Gen 9] OU
|rated|
|rule|HP Percentage Mod: HP is shown in percentages
|rule|Endless Battle Clause: Forcing endless battles is banned
|rule|Species Clause: Limit one of each Pokémon
|rule|OHKO Clause: OHKO moves are banned
|rule|Evasion Items Clause: Evasion items are banned
|rule|Evasion Moves Clause: Evasion moves are banned
|rule|Evasion Abilities Clause: Evasion abilities are banned
|rule|Sleep Moves Clause: Sleep-inducing moves are banned
|clearpoke
|poke|p1|Gliscor, F|
|poke|p1|Kingambit, F|
|poke|p1|Zamazenta-*|
|poke|p1|Volcanion|
|poke|p1|Grimmsnarl, M|
|poke|p1|Chimecho, M|
|poke|p2|Arcanine-Hisui, M|
|poke|p2|Inteleon, M|
|poke|p2|Corviknight, M|
|poke|p2|Hydrapple, F|
|poke|p2|Iron Valiant|
|poke|p2|Clodsire, M|
|teampreview
|inactive|Battle timer is ON: inactive players will automatically lose when time's up. (requested by lynebron123)
|
|t:|1779852472
|teamsize|p1|6
|teamsize|p2|6
|start
|switch|p1a: Grimmsnarl|Grimmsnarl, M|100/100
|switch|p2a: Inteleon|Inteleon, M|100/100
|turn|1
|
|t:|1779852483
|move|p1a: Grimmsnarl|Light Screen|p1a: Grimmsnarl
|-sidestart|p1: lynebron123|move: Light Screen
|move|p2a: Inteleon|Snipe Shot|p1a: Grimmsnarl
|-crit|p1a: Grimmsnarl
|-damage|p1a: Grimmsnarl|3/100
|
|upkeep
|turn|2
|
|t:|1779852492
|move|p1a: Grimmsnarl|Parting Shot|p2a: Inteleon
|-unboost|p2a: Inteleon|atk|1
|-unboost|p2a: Inteleon|spa|1
|
|t:|1779852499
|switch|p1a: Volcanion|Volcanion|100/100|[from] Parting Shot
|move|p2a: Inteleon|Ice Beam|p1a: Volcanion
|-resisted|p1a: Volcanion
|-damage|p1a: Volcanion|99/100
|-status|p1a: Volcanion|frz
|
|upkeep
|turn|3
|c|☆PocketMonsterBlitz|Heh...
|
|t:|1779852510
|switch|p2a: Arcanine|Arcanine-Hisui, M|100/100
|cant|p1a: Volcanion|frz
|
|upkeep
|turn|4
|
|t:|1779852522
|switch|p1a: Zamazenta|Zamazenta|100/100
|-ability|p1a: Zamazenta|Dauntless Shield|boost
|-boost|p1a: Zamazenta|def|1
|move|p2a: Arcanine|Head Smash|p1a: Zamazenta|[miss]
|-miss|p2a: Arcanine|p1a: Zamazenta
|
|upkeep
|turn|5
|
|t:|1779852532
|switch|p2a: Clodsire|Clodsire, M|100/100
|move|p1a: Zamazenta|Iron Defense|p1a: Zamazenta
|-boost|p1a: Zamazenta|def|2
|
|upkeep
|turn|6
|
|t:|1779852545
|-terastallize|p1a: Zamazenta|Steel
|move|p1a: Zamazenta|Iron Defense|p1a: Zamazenta
|-boost|p1a: Zamazenta|def|2
|move|p2a: Clodsire|Toxic|p1a: Zamazenta
|-immune|p1a: Zamazenta
|
|upkeep
|turn|7
|
|t:|1779852556
|move|p1a: Zamazenta|Iron Defense|p1a: Zamazenta
|-boost|p1a: Zamazenta|def|1
|move|p2a: Clodsire|Earthquake|p1a: Zamazenta
|-supereffective|p1a: Zamazenta
|-damage|p1a: Zamazenta|62/100
|
|upkeep
|turn|8
|
|t:|1779852567
|switch|p1a: Gliscor|Gliscor, F, shiny|100/100
|move|p2a: Clodsire|Earthquake|p1a: Gliscor
|-immune|p1a: Gliscor
|
|-sideend|p1: lynebron123|move: Light Screen
|-status|p1a: Gliscor|tox|[from] item: Toxic Orb
|upkeep
|turn|9
|
|t:|1779852577
|switch|p2a: Inteleon|Inteleon, M|100/100
|move|p1a: Gliscor|Tailwind|p1a: Gliscor
|-sidestart|p1: lynebron123|move: Tailwind
|
|upkeep
|turn|10
|
|t:|1779852586
|switch|p1a: Volcanion|Volcanion|99/100 frz
|move|p2a: Inteleon|Snipe Shot|p1a: Volcanion
|-heal|p1a: Volcanion|100/100 frz|[from] ability: Water Absorb|[of] p2a: Inteleon
|
|upkeep
|turn|11
|
|t:|1779852595
|cant|p1a: Volcanion|frz
|move|p2a: Inteleon|Air Slash|p1a: Volcanion|[miss]
|-miss|p2a: Inteleon|p1a: Volcanion
|
|upkeep
|turn|12
|
|t:|1779852603
|cant|p1a: Volcanion|frz
|move|p2a: Inteleon|Air Slash|p1a: Volcanion
|-crit|p1a: Volcanion
|-damage|p1a: Volcanion|49/100 frz
|
|-sideend|p1: lynebron123|move: Tailwind
|upkeep
|turn|13
|
|t:|1779852615
|switch|p1a: Kingambit|Kingambit, F, shiny|100/100
|move|p2a: Inteleon|Air Slash|p1a: Kingambit
|-resisted|p1a: Kingambit
|-damage|p1a: Kingambit|92/100
|
|upkeep
|turn|14
|
|t:|1779852626
|move|p1a: Kingambit|Sucker Punch|p2a: Inteleon
|-damage|p2a: Inteleon|33/100
|move|p2a: Inteleon|Snipe Shot|p1a: Kingambit
|-damage|p1a: Kingambit|62/100
|
|upkeep
|turn|15
|
|t:|1779852635
|switch|p2a: Arcanine|Arcanine-Hisui, M|100/100
|move|p1a: Kingambit|Kowtow Cleave|p2a: Arcanine
|-damage|p2a: Arcanine|49/100
|
|upkeep
|turn|16
|
|t:|1779852646
|-end|p1a: Kingambit|fallenundefined|[silent]
|switch|p1a: Volcanion|Volcanion|49/100 frz
|move|p2a: Arcanine|Flare Blitz|p1a: Volcanion
|-resisted|p1a: Volcanion
|-damage|p1a: Volcanion|31/100 frz
|-curestatus|p1a: Volcanion|frz|[msg]
|
|upkeep
|turn|17
|
|t:|1779852658
|switch|p2a: Inteleon|Inteleon, M|33/100
|switch|p1a: Zamazenta|Zamazenta, tera:Steel|62/100
|
|upkeep
|turn|18
|
|t:|1779852669
|move|p2a: Inteleon|Air Slash|p1a: Zamazenta
|-resisted|p1a: Zamazenta
|-crit|p1a: Zamazenta
|-damage|p1a: Zamazenta|39/100
|cant|p1a: Zamazenta|flinch
|
|upkeep
|turn|19
|
|t:|1779852676
|move|p2a: Inteleon|Air Slash|p1a: Zamazenta
|-resisted|p1a: Zamazenta
|-crit|p1a: Zamazenta
|-damage|p1a: Zamazenta|17/100
|cant|p1a: Zamazenta|flinch
|
|upkeep
|turn|20
|c|☆PocketMonsterBlitz|Bruh
|
|t:|1779852693
|move|p2a: Inteleon|Dark Pulse|p1a: Zamazenta
|-damage|p1a: Zamazenta|0 fnt
|faint|p1a: Zamazenta
|
|upkeep
|
|t:|1779852700
|switch|p1a: Grimmsnarl|Grimmsnarl, M|3/100
|turn|21
|
|t:|1779852710
|move|p1a: Grimmsnarl|Reflect|p1a: Grimmsnarl
|-sidestart|p1: lynebron123|Reflect
|move|p2a: Inteleon|Ice Beam|p1a: Grimmsnarl
|-damage|p1a: Grimmsnarl|0 fnt
|faint|p1a: Grimmsnarl
|
|upkeep
|
|t:|1779852721
|switch|p1a: Volcanion|Volcanion|31/100
|turn|22
|
|t:|1779852727
|move|p2a: Inteleon|Air Slash|p1a: Volcanion
|-damage|p1a: Volcanion|10/100
|move|p1a: Volcanion|Sludge Bomb|p2a: Inteleon
|-damage|p2a: Inteleon|0 fnt
|faint|p2a: Inteleon
|
|upkeep
|
|t:|1779852744
|switch|p2a: Iron Valiant|Iron Valiant|100/100
|-enditem|p2a: Iron Valiant|Booster Energy
|-activate|p2a: Iron Valiant|ability: Quark Drive|[fromitem]
|-start|p2a: Iron Valiant|quarkdrivespa
|turn|23
|
|t:|1779852757
|move|p2a: Iron Valiant|Vacuum Wave|p1a: Volcanion
|-damage|p1a: Volcanion|0 fnt
|faint|p1a: Volcanion
|
|upkeep
|inactive|lynebron123 has 120 seconds left.
|
|t:|1779852803
|switch|p1a: Chimecho|Chimecho, M|100/100
|turn|24
|
|t:|1779852812
|move|p2a: Iron Valiant|Shadow Ball|p1a: Chimecho
|-supereffective|p1a: Chimecho
|-damage|p1a: Chimecho|19/100
|move|p1a: Chimecho|Cosmic Power|p1a: Chimecho
|-boost|p1a: Chimecho|def|1
|-boost|p1a: Chimecho|spd|1
|
|-heal|p1a: Chimecho|26/100|[from] item: Leftovers
|upkeep
|turn|25
|
|t:|1779852824
|switch|p1a: Kingambit|Kingambit, F, shiny|62/100
|-activate|p1a: Kingambit|ability: Supreme Overlord
|-start|p1a: Kingambit|fallen3|[silent]
|move|p2a: Iron Valiant|Moonblast|p1a: Kingambit
|-crit|p1a: Kingambit
|-damage|p1a: Kingambit|0 fnt
|faint|p1a: Kingambit
|-end|p1a: Kingambit|fallen3|[silent]
|
|upkeep
|-message|lynebron123 forfeited.
|
|win|PocketMonsterBlitz
|raw|lynebron123's rating: 1186 &rarr; <strong>1160</strong><br />(-26 for losing)
|raw|PocketMonsterBlitz's rating: 1172 &rarr; <strong>1198</strong><br />(+26 for winning)
|l|☆lynebron123
|player|p1|
