|j|☆Blampert
|j|☆claudechamp
|t:|1779823365
|gametype|singles
|player|p1|Blampert|hilbert|1239
|player|p2|claudechamp|265|1188
|gen|9
|tier|[Gen 9] OU
|rated|
|rule|HP Percentage Mod: HP is shown in percentages
|rule|Endless Battle Clause: Forcing endless battles is banned
|rule|Species Clause: Limit one of each Pokémon
|rule|OHKO Clause: OHKO moves are banned
|rule|Evasion Items Clause: Evasion items are banned
|rule|Evasion Moves Clause: Evasion moves are banned
|rule|Evasion Abilities Clause: Evasion abilities are banned
|rule|Sleep Moves Clause: Sleep-inducing moves are banned
|clearpoke
|poke|p1|Sableye, F|
|poke|p1|Cinderace, M|
|poke|p1|Ogerpon-Wellspring, F|
|poke|p1|Dragapult, M|
|poke|p1|Garganacl, M|
|poke|p1|Chansey, F|
|poke|p2|Gliscor, F|
|poke|p2|Ogerpon, F|
|poke|p2|Walking Wake|
|poke|p2|Blissey, F|
|poke|p2|Corviknight, M|
|poke|p2|Pecharunt|
|teampreview
|inactive|Battle timer is ON: inactive players will automatically lose when time's up. (requested by Blampert)
|c|☆claudechamp|hf
|
|t:|1779823380
|teamsize|p1|6
|teamsize|p2|6
|start
|switch|p1a: Dragapult|Dragapult, M|100/100
|switch|p2a: Gliscor|Gliscor, F|100/100
|turn|1
|inactive|claudechamp also wants the timer to be on.
|
|t:|1779823410
|move|p1a: Dragapult|Shadow Ball|p2a: Gliscor
|-damage|p2a: Gliscor|69/100
|move|p2a: Gliscor|Spikes|p1a: Dragapult
|-sidestart|p1: Blampert|Spikes
|
|-status|p2a: Gliscor|tox|[from] item: Toxic Orb
|upkeep
|turn|2
|
|t:|1779823419
|move|p1a: Dragapult|Shadow Ball|p2a: Gliscor
|-damage|p2a: Gliscor|38/100 tox
|move|p2a: Gliscor|Earthquake|p1a: Dragapult
|-damage|p1a: Dragapult|55/100
|
|-heal|p2a: Gliscor|50/100 tox|[from] ability: Poison Heal
|upkeep
|turn|3
|
|t:|1779823430
|move|p1a: Dragapult|Draco Meteor|p2a: Gliscor
|-damage|p2a: Gliscor|4/100 tox
|-unboost|p1a: Dragapult|spa|2
|move|p2a: Gliscor|Earthquake|p1a: Dragapult
|-damage|p1a: Dragapult|13/100
|
|-heal|p2a: Gliscor|16/100 tox|[from] ability: Poison Heal
|upkeep
|turn|4
|
|t:|1779823438
|move|p2a: Gliscor|Protect|p2a: Gliscor
|-singleturn|p2a: Gliscor|Protect
|move|p1a: Dragapult|Shadow Ball|p2a: Gliscor
|-activate|p2a: Gliscor|move: Protect
|
|-heal|p2a: Gliscor|28/100 tox|[from] ability: Poison Heal
|upkeep
|turn|5
|
|t:|1779823452
|move|p1a: Dragapult|Draco Meteor|p2a: Gliscor
|-damage|p2a: Gliscor|3/100 tox
|-unboost|p1a: Dragapult|spa|2
|move|p2a: Gliscor|Spikes|p1a: Dragapult
|-sidestart|p1: Blampert|Spikes
|
|-heal|p2a: Gliscor|15/100 tox|[from] ability: Poison Heal
|upkeep
|turn|6
|
|t:|1779823459
|move|p2a: Gliscor|Protect|p2a: Gliscor
|-singleturn|p2a: Gliscor|Protect
|move|p1a: Dragapult|U-turn|p2a: Gliscor
|-activate|p2a: Gliscor|move: Protect
|
|-heal|p2a: Gliscor|28/100 tox|[from] ability: Poison Heal
|upkeep
|turn|7
|
|t:|1779823465
|move|p1a: Dragapult|U-turn|p2a: Gliscor
|-resisted|p2a: Gliscor
|-damage|p2a: Gliscor|21/100 tox
|
|t:|1779823476
|switch|p1a: Sableye|Sableye, F|100/100|[from] U-turn
|-damage|p1a: Sableye|84/100|[from] Spikes
|move|p2a: Gliscor|Spikes|p1a: Sableye
|-sidestart|p1: Blampert|Spikes
|
|-heal|p1a: Sableye|90/100|[from] item: Leftovers
|-heal|p2a: Gliscor|34/100 tox|[from] ability: Poison Heal
|upkeep
|turn|8
|
|t:|1779823481
|move|p2a: Gliscor|Toxic|p1a: Sableye
|-status|p1a: Sableye|tox
|move|p1a: Sableye|Night Shade|p2a: Gliscor
|-damage|p2a: Gliscor|5/100 tox
|
|-heal|p1a: Sableye|97/100 tox|[from] item: Leftovers
|-heal|p2a: Gliscor|18/100 tox|[from] ability: Poison Heal
|-damage|p1a: Sableye|90/100 tox|[from] psn
|upkeep
|turn|9
|
|t:|1779823493
|switch|p2a: Blissey|Blissey, F|100/100
|move|p1a: Sableye|Night Shade|p2a: Blissey
|-immune|p2a: Blissey
|
|-heal|p1a: Sableye|97/100 tox|[from] item: Leftovers
|-damage|p1a: Sableye|84/100 tox|[from] psn
|upkeep
|turn|10
|
|t:|1779823503
|move|p2a: Blissey|Stealth Rock|p1a: Sableye
|-sidestart|p1: Blampert|move: Stealth Rock
|move|p1a: Sableye|Knock Off|p2a: Blissey
|-damage|p2a: Blissey|74/100
|-enditem|p2a: Blissey|Heavy-Duty Boots|[from] move: Knock Off|[of] p1a: Sableye
|
|-heal|p1a: Sableye|90/100 tox|[from] item: Leftovers
|-damage|p1a: Sableye|72/100 tox|[from] psn
|upkeep
|turn|11
|
|t:|1779823519
|move|p1a: Sableye|Will-O-Wisp|p2a: Blissey
|-status|p2a: Blissey|brn
|move|p2a: Blissey|Soft-Boiled|p2a: Blissey
|-heal|p2a: Blissey|100/100 brn
|
|-heal|p1a: Sableye|78/100 tox|[from] item: Leftovers
|-damage|p1a: Sableye|53/100 tox|[from] psn
|-damage|p2a: Blissey|94/100 brn|[from] brn
|upkeep
|turn|12
|
|t:|1779823532
|-curestatus|p2a: Blissey|brn|[from] ability: Natural Cure|[silent]
|switch|p2a: Pecharunt|Pecharunt|100/100
|switch|p1a: Cinderace|Cinderace, M|100/100
|
|upkeep
|turn|13
|
|t:|1779823544
|move|p1a: Cinderace|Court Change|p1a: Cinderace
|-start|p1a: Cinderace|typechange|Normal|[from] ability: Libero
|-swapsideconditions
|-activate|p1a: Cinderace|move: Court Change
|move|p2a: Pecharunt|Malignant Chain|p1a: Cinderace
|-crit|p1a: Cinderace
|-damage|p1a: Cinderace|39/100
|-status|p1a: Cinderace|tox
|-start|p1a: Cinderace|confusion|[from] ability: Poison Puppeteer|[of] p2a: Pecharunt
|
|-damage|p1a: Cinderace|33/100 tox|[from] psn
|upkeep
|turn|14
|
|t:|1779823556
|-activate|p1a: Cinderace|confusion
|move|p1a: Cinderace|Pyro Ball|p2a: Pecharunt
|-damage|p2a: Pecharunt|83/100
|move|p2a: Pecharunt|Foul Play|p1a: Cinderace
|-damage|p1a: Cinderace|0 fnt
|faint|p1a: Cinderace
|
|upkeep
|
|t:|1779823565
|switch|p1a: Dragapult|Dragapult, M|13/100
|turn|15
|
|t:|1779823577
|move|p1a: Dragapult|Shadow Ball|p2a: Pecharunt
|-supereffective|p2a: Pecharunt
|-damage|p2a: Pecharunt|12/100
|-unboost|p2a: Pecharunt|spd|1
|move|p2a: Pecharunt|Recover|p2a: Pecharunt
|-heal|p2a: Pecharunt|62/100
|
|upkeep
|turn|16
|
|t:|1779823588
|switch|p2a: Blissey|Blissey, F|94/100
|-damage|p2a: Blissey|69/100|[from] Spikes
|-damage|p2a: Blissey|57/100|[from] Stealth Rock
|move|p1a: Dragapult|U-turn|p2a: Blissey
|-damage|p2a: Blissey|41/100
|
|t:|1779823598
|switch|p1a: Ogerpon|Ogerpon-Wellspring, F|100/100|[from] U-turn
|
|upkeep
|turn|17
|
|t:|1779823610
|move|p1a: Ogerpon|Swords Dance|p1a: Ogerpon
|-boost|p1a: Ogerpon|atk|2
|move|p2a: Blissey|Seismic Toss|p1a: Ogerpon
|-damage|p1a: Ogerpon|67/100
|
|upkeep
|turn|18
|
|t:|1779823622
|move|p1a: Ogerpon|Horn Leech|p2a: Blissey
|-damage|p2a: Blissey|0 fnt
|-heal|p1a: Ogerpon|100/100|[from] drain|[of] p2a: Blissey
|faint|p2a: Blissey
|
|upkeep
|
|t:|1779823635
|switch|p2a: Ogerpon|Ogerpon, F|100/100
|turn|19
|
|t:|1779823647
|move|p1a: Ogerpon|Knock Off|p2a: Ogerpon
|-damage|p2a: Ogerpon|6/100
|-enditem|p2a: Ogerpon|Heavy-Duty Boots|[from] move: Knock Off|[of] p1a: Ogerpon
|move|p2a: Ogerpon|Ivy Cudgel|p1a: Ogerpon
|-damage|p1a: Ogerpon|32/100
|
|upkeep
|turn|20
|
|t:|1779823660
|move|p2a: Ogerpon|Ivy Cudgel|p1a: Ogerpon
|-damage|p1a: Ogerpon|0 fnt
|faint|p1a: Ogerpon
|
|upkeep
|
|t:|1779823664
|switch|p1a: Dragapult|Dragapult, M|13/100
|turn|21
|
|t:|1779823683
|move|p1a: Dragapult|Shadow Ball|p2a: Ogerpon
|-damage|p2a: Ogerpon|0 fnt
|faint|p2a: Ogerpon
|
|upkeep
|
|t:|1779823689
|switch|p2a: Corviknight|Corviknight, M|100/100
|-ability|p2a: Corviknight|Pressure
|turn|22
|
|t:|1779823709
|-terastallize|p1a: Dragapult|Fire
|move|p1a: Dragapult|Flamethrower|p2a: Corviknight
|-supereffective|p2a: Corviknight
|-damage|p2a: Corviknight|13/100
|-status|p2a: Corviknight|brn
|move|p2a: Corviknight|Thief|p1a: Dragapult
|-damage|p1a: Dragapult|5/100
|
|-damage|p2a: Corviknight|7/100 brn|[from] brn
|upkeep
|turn|23
|
|t:|1779823724
|move|p1a: Dragapult|Flamethrower|p2a: Corviknight
|-supereffective|p2a: Corviknight
|-damage|p2a: Corviknight|0 fnt
|faint|p2a: Corviknight
|
|upkeep
|
|t:|1779823732
|switch|p2a: Pecharunt|Pecharunt|62/100
|turn|24
|
|t:|1779823740
|-terastallize|p2a: Pecharunt|Dark
|move|p1a: Dragapult|Shadow Ball|p2a: Pecharunt
|-resisted|p2a: Pecharunt
|-damage|p2a: Pecharunt|45/100
|move|p2a: Pecharunt|Foul Play|p1a: Dragapult
|-damage|p1a: Dragapult|0 fnt
|faint|p1a: Dragapult
|
|upkeep
|
|t:|1779823746
|switch|p1a: Sableye|Sableye, F|53/100 tox
|turn|25
|
|t:|1779823762
|move|p1a: Sableye|Will-O-Wisp|p2a: Pecharunt
|-hint|Since gen 7, Dark is immune to Prankster moves.
|-immune|p2a: Pecharunt
|move|p2a: Pecharunt|Foul Play|p1a: Sableye
|-damage|p1a: Sableye|17/100 tox
|
|-heal|p1a: Sableye|24/100 tox|[from] item: Leftovers
|-damage|p1a: Sableye|17/100 tox|[from] psn
|upkeep
|turn|26
|
|t:|1779823771
|move|p2a: Pecharunt|Malignant Chain|p1a: Sableye
|-resisted|p1a: Sableye
|-damage|p1a: Sableye|0 fnt
|faint|p1a: Sableye
|
|upkeep
|
|t:|1779823775
|switch|p1a: Garganacl|Garganacl, M|100/100
|turn|27
|
|t:|1779823781
|switch|p2a: Gliscor|Gliscor, F|18/100 tox
|-damage|p2a: Gliscor|5/100 tox|[from] Stealth Rock
|move|p1a: Garganacl|Salt Cure|p2a: Gliscor
|-damage|p2a: Gliscor|0 fnt
|faint|p2a: Gliscor
|
|upkeep
|
|t:|1779823794
|switch|p2a: Pecharunt|Pecharunt, tera:Dark|45/100
|turn|28
|
|t:|1779823799
|move|p2a: Pecharunt|Recover|p2a: Pecharunt
|-heal|p2a: Pecharunt|95/100
|move|p1a: Garganacl|Salt Cure|p2a: Pecharunt
|-damage|p2a: Pecharunt|89/100
|-start|p2a: Pecharunt|Salt Cure
|
|-damage|p2a: Pecharunt|76/100|[from] Salt Cure
|upkeep
|turn|29
|
|t:|1779823805
|move|p2a: Pecharunt|Foul Play|p1a: Garganacl
|-damage|p1a: Garganacl|82/100
|move|p1a: Garganacl|Body Press|p2a: Pecharunt
|-supereffective|p2a: Pecharunt
|-damage|p2a: Pecharunt|49/100
|
|-heal|p1a: Garganacl|89/100|[from] item: Leftovers
|-damage|p2a: Pecharunt|37/100|[from] Salt Cure
|upkeep
|turn|30
|
|t:|1779823815
|move|p2a: Pecharunt|Recover|p2a: Pecharunt
|-heal|p2a: Pecharunt|87/100
|move|p1a: Garganacl|Body Press|p2a: Pecharunt
|-supereffective|p2a: Pecharunt
|-damage|p2a: Pecharunt|60/100
|
|-heal|p1a: Garganacl|95/100|[from] item: Leftovers
|-damage|p2a: Pecharunt|48/100|[from] Salt Cure
|upkeep
|turn|31
|
|t:|1779823828
|move|p2a: Pecharunt|Parting Shot|p1a: Garganacl
|-unboost|p1a: Garganacl|atk|1
|-unboost|p1a: Garganacl|spa|1
|
|t:|1779823839
|switch|p2a: Walking Wake|Walking Wake|100/100|[from] Parting Shot
|move|p1a: Garganacl|Body Press|p2a: Walking Wake
|-damage|p2a: Walking Wake|67/100
|
|-heal|p1a: Garganacl|100/100|[from] item: Leftovers
|upkeep
|turn|32
|
|t:|1779823850
|move|p1a: Garganacl|Protect|p1a: Garganacl
|-singleturn|p1a: Garganacl|Protect
|move|p2a: Walking Wake|Surf|p1a: Garganacl
|-activate|p1a: Garganacl|move: Protect
|
|upkeep
|turn|33
|
|t:|1779823863
|-end|p2a: Walking Wake|Protosynthesis|[silent]
|switch|p2a: Pecharunt|Pecharunt, tera:Dark|48/100
|switch|p1a: Chansey|Chansey, F|100/100
|
|upkeep
|turn|34
|
|t:|1779823870
|move|p2a: Pecharunt|Parting Shot|p1a: Chansey
|-unboost|p1a: Chansey|atk|1
|-unboost|p1a: Chansey|spa|1
|
|t:|1779823875
|switch|p2a: Walking Wake|Walking Wake|67/100|[from] Parting Shot
|move|p1a: Chansey|Thunder Wave|p2a: Walking Wake
|-status|p2a: Walking Wake|par
|
|upkeep
|turn|35
|
|t:|1779823883
|move|p2a: Walking Wake|Surf|p1a: Chansey
|-damage|p1a: Chansey|87/100
|move|p1a: Chansey|Seismic Toss|p2a: Walking Wake
|-damage|p2a: Walking Wake|37/100 par
|
|upkeep
|turn|36
|
|t:|1779823891
|move|p2a: Walking Wake|Knock Off|p1a: Chansey
|-crit|p1a: Chansey
|-damage|p1a: Chansey|70/100
|-enditem|p1a: Chansey|Eviolite|[from] move: Knock Off|[of] p2a: Walking Wake
|move|p1a: Chansey|Seismic Toss|p2a: Walking Wake
|-damage|p2a: Walking Wake|8/100 par
|
|upkeep
|turn|37
|
|t:|1779823901
|move|p2a: Walking Wake|Surf|p1a: Chansey
|-damage|p1a: Chansey|49/100
|move|p1a: Chansey|Seismic Toss|p2a: Walking Wake
|-damage|p2a: Walking Wake|0 fnt
|faint|p2a: Walking Wake
|-end|p2a: Walking Wake|Protosynthesis|[silent]
|
|upkeep
|
|t:|1779823908
|switch|p2a: Pecharunt|Pecharunt, tera:Dark|48/100
|turn|38
|
|t:|1779823917
|move|p2a: Pecharunt|Recover|p2a: Pecharunt
|-heal|p2a: Pecharunt|98/100
|move|p1a: Chansey|Soft-Boiled|p1a: Chansey
|-heal|p1a: Chansey|99/100
|
|upkeep
|turn|39
|
|t:|1779823925
|move|p2a: Pecharunt|Malignant Chain|p1a: Chansey
|-damage|p1a: Chansey|85/100
|move|p1a: Chansey|Thunder Wave|p2a: Pecharunt
|-status|p2a: Pecharunt|par
|
|upkeep
|turn|40
|c|☆Blampert|FF
|
|t:|1779823935
|move|p1a: Chansey|Seismic Toss|p2a: Pecharunt
|-damage|p2a: Pecharunt|72/100 par
|move|p2a: Pecharunt|Foul Play|p1a: Chansey
|-damage|p1a: Chansey|84/100
|
|upkeep
|turn|41
|
|t:|1779823944
|move|p1a: Chansey|Seismic Toss|p2a: Pecharunt
|-damage|p2a: Pecharunt|45/100 par
|move|p2a: Pecharunt|Recover|p2a: Pecharunt
|-heal|p2a: Pecharunt|95/100 par
|
|upkeep
|turn|42
|
|t:|1779823954
|move|p1a: Chansey|Seismic Toss|p2a: Pecharunt
|-damage|p2a: Pecharunt|69/100 par
|move|p2a: Pecharunt|Foul Play|p1a: Chansey
|-damage|p1a: Chansey|83/100
|
|upkeep
|turn|43
|
|t:|1779823962
|move|p1a: Chansey|Seismic Toss|p2a: Pecharunt
|-damage|p2a: Pecharunt|43/100 par
|move|p2a: Pecharunt|Recover|p2a: Pecharunt
|-heal|p2a: Pecharunt|93/100 par
|
|upkeep
|turn|44
|
|t:|1779823969
|switch|p1a: Garganacl|Garganacl, M|100/100
|cant|p2a: Pecharunt|par
|
|upkeep
|turn|45
|
|t:|1779823974
|cant|p2a: Pecharunt|par
|move|p1a: Garganacl|Salt Cure|p2a: Pecharunt
|-damage|p2a: Pecharunt|86/100 par
|-start|p2a: Pecharunt|Salt Cure
|
|-damage|p2a: Pecharunt|74/100 par|[from] Salt Cure
|upkeep
|turn|46
|
|t:|1779823981
|cant|p2a: Pecharunt|par
|move|p1a: Garganacl|Body Press|p2a: Pecharunt
|-supereffective|p2a: Pecharunt
|-damage|p2a: Pecharunt|44/100 par
|
|-damage|p2a: Pecharunt|32/100 par|[from] Salt Cure
|upkeep
|turn|47
|c|☆Blampert|FF??
|
|t:|1779823993
|switch|p1a: Chansey|Chansey, F|83/100
|cant|p2a: Pecharunt|par
|
|-damage|p2a: Pecharunt|19/100 par|[from] Salt Cure
|upkeep
|turn|48
|
|t:|1779823999
|move|p1a: Chansey|Seismic Toss|p2a: Pecharunt
|-damage|p2a: Pecharunt|0 fnt
|faint|p2a: Pecharunt
|
|win|Blampert
|raw|Blampert's rating: 1239 &rarr; <strong>1259</strong><br />(+20 for winning)
|raw|claudechamp's rating: 1166 &rarr; <strong>1146</strong><br />(-20 for losing)
|c|☆claudechamp|gg
|l|☆Blampert
|player|p1|
