|j|☆forever_FRESH
|j|☆danishombre
|t:|1779800838
|gametype|singles
|player|p1|forever_FRESH|marlon|1101
|player|p2|danishombre|hilbert|1151
|gen|9
|tier|[Gen 9] OU
|rated|
|rule|HP Percentage Mod: HP is shown in percentages
|rule|Endless Battle Clause: Forcing endless battles is banned
|rule|Species Clause: Limit one of each Pokémon
|rule|OHKO Clause: OHKO moves are banned
|rule|Evasion Items Clause: Evasion items are banned
|rule|Evasion Moves Clause: Evasion moves are banned
|rule|Evasion Abilities Clause: Evasion abilities are banned
|rule|Sleep Moves Clause: Sleep-inducing moves are banned
|clearpoke
|poke|p1|Pelipper, F|
|poke|p1|Crawdaunt, M|
|poke|p1|Volcanion|
|poke|p1|Krookodile, M|
|poke|p1|Serperior, F|
|poke|p1|Primeape, M|
|poke|p2|Dragapult, F|
|poke|p2|Kingambit, M|
|poke|p2|Rotom-Wash|
|poke|p2|Iron Valiant|
|poke|p2|Great Tusk|
|poke|p2|Gholdengo|
|teampreview
|inactive|Battle timer is ON: inactive players will automatically lose when time's up. (requested by danishombre)
|
|t:|1779800852
|teamsize|p1|6
|teamsize|p2|6
|start
|switch|p1a: wenona|Serperior, F|100/100
|switch|p2a: Rotom|Rotom-Wash|100/100
|turn|1
|
|t:|1779800870
|switch|p2a: Dragapult|Dragapult, F|100/100
|move|p1a: wenona|Leaf Storm|p2a: Dragapult
|-resisted|p2a: Dragapult
|-damage|p2a: Dragapult|78/100
|-boost|p1a: wenona|spa|2
|
|upkeep
|turn|2
|
|t:|1779800880
|move|p2a: Dragapult|Flamethrower|p1a: wenona
|-supereffective|p1a: wenona
|-damage|p1a: wenona|23/100
|move|p1a: wenona|Glare|p2a: Dragapult
|-status|p2a: Dragapult|par
|
|-heal|p1a: wenona|29/100|[from] item: Leftovers
|upkeep
|turn|3
|inactive|forever_FRESH has 120 seconds left.
|
|t:|1779800926
|move|p1a: wenona|Leaf Storm|p2a: Dragapult
|-resisted|p2a: Dragapult
|-damage|p2a: Dragapult|30/100 par
|-boost|p1a: wenona|spa|2
|move|p2a: Dragapult|Flamethrower|p1a: wenona
|-supereffective|p1a: wenona
|-damage|p1a: wenona|0 fnt
|faint|p1a: wenona
|
|upkeep
|
|t:|1779800929
|switch|p1a: NBA Young Boil|Crawdaunt, M|100/100
|turn|4
|
|t:|1779800942
|switch|p2a: Rotom|Rotom-Wash|100/100
|move|p1a: NBA Young Boil|Dragon Dance|p1a: NBA Young Boil
|-boost|p1a: NBA Young Boil|atk|1
|-boost|p1a: NBA Young Boil|spe|1
|
|upkeep
|turn|5
|inactive|forever_FRESH has 120 seconds left.
|
|t:|1779800960
|move|p1a: NBA Young Boil|Brick Break|p2a: Rotom
|-damage|p2a: Rotom|61/100
|move|p2a: Rotom|Will-O-Wisp|p1a: NBA Young Boil
|-status|p1a: NBA Young Boil|brn
|
|-heal|p2a: Rotom|67/100|[from] item: Leftovers
|-damage|p1a: NBA Young Boil|95/100 brn|[from] brn
|upkeep
|turn|6
|inactive|forever_FRESH has 120 seconds left.
|
|t:|1779800971
|switch|p1a: buzzball|Pelipper, F|100/100
|-weather|RainDance|[from] ability: Drizzle|[of] p1a: buzzball
|move|p2a: Rotom|Pain Split|p1a: buzzball
|-sethp|p1a: buzzball|82/100|[from] move: Pain Split|[silent]
|-sethp|p2a: Rotom|87/100|[from] move: Pain Split
|
|-weather|RainDance|[upkeep]
|-heal|p2a: Rotom|93/100|[from] item: Leftovers
|upkeep
|turn|7
|inactive|forever_FRESH has 120 seconds left.
|
|t:|1779800981
|move|p2a: Rotom|Volt Switch|p1a: buzzball
|-supereffective|p1a: buzzball
|-damage|p1a: buzzball|0 fnt
|faint|p1a: buzzball
|
|t:|1779800991
|switch|p2a: Dragapult|Dragapult, F|30/100 par|[from] Volt Switch
|
|-weather|RainDance|[upkeep]
|upkeep
|
|t:|1779800996
|switch|p1a: NBA Young Boil|Crawdaunt, M|95/100 brn
|turn|8
|
|t:|1779801001
|move|p1a: NBA Young Boil|Aqua Jet|p2a: Dragapult
|-resisted|p2a: Dragapult
|-damage|p2a: Dragapult|12/100 par
|move|p2a: Dragapult|U-turn|p1a: NBA Young Boil
|-supereffective|p1a: NBA Young Boil
|-damage|p1a: NBA Young Boil|36/100 brn
|
|t:|1779801008
|switch|p2a: Rotom|Rotom-Wash|93/100|[from] U-turn
|
|-weather|RainDance|[upkeep]
|-heal|p2a: Rotom|99/100|[from] item: Leftovers
|-damage|p1a: NBA Young Boil|30/100 brn|[from] brn
|upkeep
|turn|9
|
|t:|1779801014
|move|p2a: Rotom|Will-O-Wisp|p1a: NBA Young Boil
|-fail|p1a: NBA Young Boil|brn
|move|p1a: NBA Young Boil|Crabhammer|p2a: Rotom
|-resisted|p2a: Rotom
|-damage|p2a: Rotom|70/100
|
|-weather|RainDance|[upkeep]
|-heal|p2a: Rotom|76/100|[from] item: Leftovers
|-damage|p1a: NBA Young Boil|24/100 brn|[from] brn
|upkeep
|turn|10
|
|t:|1779801023
|move|p2a: Rotom|Volt Switch|p1a: NBA Young Boil
|-supereffective|p1a: NBA Young Boil
|-damage|p1a: NBA Young Boil|0 fnt
|faint|p1a: NBA Young Boil
|
|t:|1779801028
|switch|p2a: Iron Valiant|Iron Valiant|100/100|[from] Volt Switch
|-enditem|p2a: Iron Valiant|Booster Energy
|-activate|p2a: Iron Valiant|ability: Quark Drive|[fromitem]
|-start|p2a: Iron Valiant|quarkdrivespe
|
|-weather|RainDance|[upkeep]
|upkeep
|
|t:|1779801032
|switch|p1a: coolmath games|Volcanion|100/100
|turn|11
|
|t:|1779801036
|move|p2a: Iron Valiant|Encore||[still]
|-fail|p2a: Iron Valiant
|move|p1a: coolmath games|Steam Eruption|p2a: Iron Valiant
|-damage|p2a: Iron Valiant|0 fnt
|faint|p2a: Iron Valiant
|-end|p2a: Iron Valiant|Quark Drive|[silent]
|
|-weather|RainDance|[upkeep]
|upkeep
|
|t:|1779801047
|switch|p2a: Rotom|Rotom-Wash|76/100
|turn|12
|
|t:|1779801054
|-terastallize|p1a: coolmath games|Ground
|move|p2a: Rotom|Volt Switch|p1a: coolmath games
|-immune|p1a: coolmath games
|move|p1a: coolmath games|Steam Eruption|p2a: Rotom
|-resisted|p2a: Rotom
|-damage|p2a: Rotom|30/100
|
|-weather|RainDance|[upkeep]
|-heal|p2a: Rotom|36/100|[from] item: Leftovers
|upkeep
|turn|13
|
|t:|1779801063
|move|p2a: Rotom|Pain Split|p1a: coolmath games
|-sethp|p1a: coolmath games|65/100|[from] move: Pain Split|[silent]
|-sethp|p2a: Rotom|78/100|[from] move: Pain Split
|move|p1a: coolmath games|Steam Eruption|p2a: Rotom
|-resisted|p2a: Rotom
|-damage|p2a: Rotom|25/100
|
|-weather|none
|-heal|p2a: Rotom|31/100|[from] item: Leftovers
|-heal|p1a: coolmath games|71/100|[from] item: Leftovers
|upkeep
|turn|14
|
|t:|1779801074
|move|p2a: Rotom|Pain Split|p1a: coolmath games
|-sethp|p1a: coolmath games|49/100|[from] move: Pain Split|[silent]
|-sethp|p2a: Rotom|58/100|[from] move: Pain Split
|move|p1a: coolmath games|Roar|p2a: Rotom
|drag|p2a: Kingambit|Kingambit, M|100/100
|-activate|p2a: Kingambit|ability: Supreme Overlord
|-start|p2a: Kingambit|fallen1|[silent]
|
|-heal|p1a: coolmath games|55/100|[from] item: Leftovers
|upkeep
|turn|15
|
|t:|1779801084
|move|p1a: coolmath games|Flamethrower|p2a: Kingambit
|-supereffective|p2a: Kingambit
|-damage|p2a: Kingambit|0 fnt
|faint|p2a: Kingambit
|-end|p2a: Kingambit|fallen1|[silent]
|
|-heal|p1a: coolmath games|61/100|[from] item: Leftovers
|upkeep
|
|t:|1779801088
|switch|p2a: Rotom|Rotom-Wash|58/100
|turn|16
|
|t:|1779801103
|move|p2a: Rotom|Hydro Pump|p1a: coolmath games
|-heal|p1a: coolmath games|86/100|[from] ability: Water Absorb|[of] p2a: Rotom
|move|p1a: coolmath games|Roar|p2a: Rotom
|drag|p2a: Dragapult|Dragapult, F|12/100 par
|
|-heal|p1a: coolmath games|92/100|[from] item: Leftovers
|upkeep
|turn|17
|
|t:|1779801120
|move|p2a: Dragapult|Draco Meteor|p1a: coolmath games
|-damage|p1a: coolmath games|6/100
|-unboost|p2a: Dragapult|spa|2
|move|p1a: coolmath games|Steam Eruption|p2a: Dragapult
|-resisted|p2a: Dragapult
|-damage|p2a: Dragapult|0 fnt
|faint|p2a: Dragapult
|
|-heal|p1a: coolmath games|12/100|[from] item: Leftovers
|upkeep
|
|t:|1779801127
|switch|p2a: Gholdengo|Gholdengo|100/100
|-item|p2a: Gholdengo|Air Balloon
|turn|18
|
|t:|1779801137
|move|p2a: Gholdengo|Nasty Plot|p2a: Gholdengo
|-boost|p2a: Gholdengo|spa|2
|move|p1a: coolmath games|Flamethrower|p2a: Gholdengo
|-supereffective|p2a: Gholdengo
|-damage|p2a: Gholdengo|0 fnt
|-enditem|p2a: Gholdengo|Air Balloon
|faint|p2a: Gholdengo
|
|-heal|p1a: coolmath games|18/100|[from] item: Leftovers
|upkeep
|
|t:|1779801144
|switch|p2a: Great Tusk|Great Tusk|100/100
|turn|19
|
|t:|1779801149
|move|p2a: Great Tusk|Earthquake|p1a: coolmath games
|-damage|p1a: coolmath games|0 fnt
|faint|p1a: coolmath games
|
|upkeep
|
|t:|1779801152
|switch|p1a: star fox 64|Primeape, M|100/100
|turn|20
|
|t:|1779801158
|move|p1a: star fox 64|Bulk Up|p1a: star fox 64
|-boost|p1a: star fox 64|atk|1
|-boost|p1a: star fox 64|def|1
|move|p2a: Great Tusk|Earthquake|p1a: star fox 64
|-damage|p1a: star fox 64|70/100
|
|upkeep
|turn|21
|
|t:|1779801168
|-end|p2a: Great Tusk|Protosynthesis|[silent]
|switch|p2a: Rotom|Rotom-Wash|58/100
|move|p1a: star fox 64|Drain Punch|p2a: Rotom
|-damage|p2a: Rotom|8/100
|-heal|p1a: star fox 64|93/100|[from] drain|[of] p2a: Rotom
|
|-heal|p2a: Rotom|14/100|[from] item: Leftovers
|upkeep
|turn|22
|
|t:|1779801179
|move|p1a: star fox 64|Drain Punch|p2a: Rotom
|-damage|p2a: Rotom|0 fnt
|-heal|p1a: star fox 64|99/100|[from] drain|[of] p2a: Rotom
|faint|p2a: Rotom
|
|upkeep
|
|t:|1779801181
|switch|p2a: Great Tusk|Great Tusk|100/100
|turn|23
|
|t:|1779801184
|move|p1a: star fox 64|Drain Punch|p2a: Great Tusk
|-damage|p2a: Great Tusk|73/100
|-heal|p1a: star fox 64|100/100|[from] drain|[of] p2a: Great Tusk
|move|p2a: Great Tusk|Rapid Spin|p1a: star fox 64
|-damage|p1a: star fox 64|90/100
|-boost|p2a: Great Tusk|spe|1
|
|-heal|p2a: Great Tusk|79/100|[from] item: Leftovers
|upkeep
|turn|24
|
|t:|1779801190
|move|p2a: Great Tusk|Rapid Spin|p1a: star fox 64
|-damage|p1a: star fox 64|80/100
|-boost|p2a: Great Tusk|spe|1
|move|p1a: star fox 64|Bulk Up|p1a: star fox 64
|-boost|p1a: star fox 64|atk|1
|-boost|p1a: star fox 64|def|1
|
|-heal|p2a: Great Tusk|85/100|[from] item: Leftovers
|upkeep
|turn|25
|
|t:|1779801199
|move|p2a: Great Tusk|Close Combat|p1a: star fox 64
|-damage|p1a: star fox 64|51/100
|-unboost|p2a: Great Tusk|def|1
|-unboost|p2a: Great Tusk|spd|1
|move|p1a: star fox 64|Rage Fist|p2a: Great Tusk
|-damage|p2a: Great Tusk|0 fnt
|faint|p2a: Great Tusk
|-end|p2a: Great Tusk|Protosynthesis|[silent]
|
|win|forever_FRESH
|raw|forever_FRESH's rating: 1101 &rarr; <strong>1130</strong><br />(+29 for winning)
|raw|danishombre's rating: 1151 &rarr; <strong>1122</strong><br />(-29 for losing)
|l|☆danishombre
|player|p2|
|l|☆forever_FRESH
|player|p1|
