|j|☆goodnightnite
|j|☆watch cats 2
|inactive|Battle timer is ON: inactive players will automatically lose when time's up.
|t:|1779811514
|gametype|singles
|player|p1|goodnightnite|miku-water|
|player|p2|watch cats 2|169|
|gen|9
|tier|[Gen 9] OU
|rated|Tournament battle
|rule|HP Percentage Mod: HP is shown in percentages
|rule|Endless Battle Clause: Forcing endless battles is banned
|rule|Species Clause: Limit one of each Pokémon
|rule|OHKO Clause: OHKO moves are banned
|rule|Evasion Items Clause: Evasion items are banned
|rule|Evasion Moves Clause: Evasion moves are banned
|rule|Evasion Abilities Clause: Evasion abilities are banned
|rule|Sleep Moves Clause: Sleep-inducing moves are banned
|clearpoke
|poke|p1|Weezing-Galar, M|
|poke|p1|Alomomola, F|
|poke|p1|Iron Treads|
|poke|p1|Tornadus-Therian, M|
|poke|p1|Zamazenta-*|
|poke|p1|Lokix, F|
|poke|p2|Toxapex, F|
|poke|p2|Gliscor, F|
|poke|p2|Blissey, F|
|poke|p2|Dondozo, F|
|poke|p2|Clodsire, F|
|poke|p2|Alomomola, F|
|teampreview
|inactive|watch cats 2 also wants the timer to be on.
|inactive|goodnightnite also wants the timer to be on.
|
|t:|1779811521
|teamsize|p1|6
|teamsize|p2|6
|start
|switch|p1a: Tornadus|Tornadus-Therian, M|100/100
|switch|p2a: Gliscor|Gliscor, F, shiny|100/100
|turn|1
|
|t:|1779811527
|switch|p1a: Weezing|Weezing-Galar, M|100/100
|-ability|p1a: Weezing|Neutralizing Gas
|move|p2a: Gliscor|Protect||[still]
|-fail|p2a: Gliscor
|
|-status|p2a: Gliscor|tox|[from] item: Toxic Orb
|upkeep
|turn|2
|
|t:|1779811534
|move|p1a: Weezing|Protect|p1a: Weezing
|-singleturn|p1a: Weezing|Protect
|move|p2a: Gliscor|Knock Off|p1a: Weezing
|-activate|p1a: Weezing|move: Protect
|
|-damage|p2a: Gliscor|94/100 tox|[from] psn
|upkeep
|turn|3
|
|t:|1779811544
|-end|p1a: Weezing|ability: Neutralizing Gas
|switch|p1a: Tornadus|Tornadus-Therian, M|100/100
|move|p2a: Gliscor|Knock Off|p1a: Tornadus
|-damage|p1a: Tornadus|79/100
|-enditem|p1a: Tornadus|Assault Vest|[from] move: Knock Off|[of] p2a: Gliscor
|
|-heal|p2a: Gliscor|100/100 tox|[from] ability: Poison Heal
|upkeep
|turn|4
|j| AbrarS
|
|t:|1779811557
|switch|p1a: Weezing|Weezing-Galar, M|100/100
|-ability|p1a: Weezing|Neutralizing Gas
|move|p2a: Gliscor|Knock Off|p1a: Weezing
|-resisted|p1a: Weezing
|-damage|p1a: Weezing|93/100
|-enditem|p1a: Weezing|Leftovers|[from] move: Knock Off|[of] p2a: Gliscor
|
|-damage|p2a: Gliscor|82/100 tox|[from] psn
|upkeep
|turn|5
|
|t:|1779811566
|switch|p2a: Toxapex|Toxapex, F, shiny|100/100
|move|p1a: Weezing|Toxic|p2a: Toxapex
|-immune|p2a: Toxapex
|
|upkeep
|turn|6
|
|t:|1779811571
|move|p1a: Weezing|Will-O-Wisp|p2a: Toxapex|[miss]
|-miss|p1a: Weezing|p2a: Toxapex
|move|p2a: Toxapex|Infestation|p1a: Weezing
|-resisted|p1a: Weezing
|-damage|p1a: Weezing|92/100
|-activate|p1a: Weezing|move: Infestation|[of] p2a: Toxapex
|
|-damage|p1a: Weezing|80/100|[from] move: Infestation|[partiallytrapped]
|upkeep
|turn|7
|j| feebasgaming
|
|t:|1779811575
|move|p1a: Weezing|Will-O-Wisp|p2a: Toxapex
|-status|p2a: Toxapex|brn
|move|p2a: Toxapex|Infestation|p1a: Weezing
|-resisted|p1a: Weezing
|-damage|p1a: Weezing|79/100
|
|-damage|p2a: Toxapex|95/100 brn|[from] brn
|-damage|p1a: Weezing|67/100|[from] move: Infestation|[partiallytrapped]
|upkeep
|turn|8
|l| feebasgaming
|
|t:|1779811581
|move|p1a: Weezing|Protect|p1a: Weezing
|-singleturn|p1a: Weezing|Protect
|move|p2a: Toxapex|Infestation|p1a: Weezing
|-activate|p1a: Weezing|move: Protect
|
|-damage|p2a: Toxapex|89/100 brn|[from] brn
|-damage|p1a: Weezing|55/100|[from] move: Infestation|[partiallytrapped]
|upkeep
|turn|9
|
|t:|1779811587
|move|p1a: Weezing|Defog|p2a: Toxapex
|-unboost|p2a: Toxapex|evasion|1
|move|p2a: Toxapex|Infestation|p1a: Weezing
|-resisted|p1a: Weezing
|-damage|p1a: Weezing|54/100
|
|-damage|p2a: Toxapex|83/100 brn|[from] brn
|-damage|p1a: Weezing|41/100|[from] move: Infestation|[partiallytrapped]
|upkeep
|turn|10
|
|t:|1779811596
|move|p1a: Weezing|Protect|p1a: Weezing
|-singleturn|p1a: Weezing|Protect
|move|p2a: Toxapex|Infestation|p1a: Weezing
|-activate|p1a: Weezing|move: Protect
|
|-damage|p2a: Toxapex|77/100 brn|[from] brn
|-end|p1a: Weezing|Infestation|[partiallytrapped]
|upkeep
|turn|11
|
|t:|1779811600
|-end|p1a: Weezing|ability: Neutralizing Gas
|switch|p1a: Alomomola|Alomomola, F|100/100
|move|p2a: Toxapex|Infestation|p1a: Alomomola
|-damage|p1a: Alomomola|98/100
|-activate|p1a: Alomomola|move: Infestation|[of] p2a: Toxapex
|-damage|p2a: Toxapex|60/100 brn|[from] item: Rocky Helmet|[of] p1a: Alomomola
|
|-damage|p2a: Toxapex|54/100 brn|[from] brn
|-damage|p1a: Alomomola|86/100|[from] move: Infestation|[partiallytrapped]
|upkeep
|turn|12
|
|t:|1779811616
|move|p1a: Alomomola|Wish|p1a: Alomomola
|move|p2a: Toxapex|Toxic|p1a: Alomomola
|-status|p1a: Alomomola|tox
|
|-damage|p1a: Alomomola|80/100 tox|[from] psn
|-damage|p2a: Toxapex|48/100 brn|[from] brn
|-damage|p1a: Alomomola|67/100 tox|[from] move: Infestation|[partiallytrapped]
|upkeep
|turn|13
|
|t:|1779811621
|move|p2a: Toxapex|Baneful Bunker|p2a: Toxapex
|-singleturn|p2a: Toxapex|move: Protect
|move|p1a: Alomomola|Flip Turn|p2a: Toxapex
|-activate|p2a: Toxapex|move: Protect
|
|-heal|p1a: Alomomola|100/100 tox|[from] move: Wish|[wisher] Alomomola
|-damage|p1a: Alomomola|88/100 tox|[from] psn
|-damage|p2a: Toxapex|42/100 brn|[from] brn
|-damage|p1a: Alomomola|76/100 tox|[from] move: Infestation|[partiallytrapped]
|upkeep
|turn|14
|
|t:|1779811625
|move|p1a: Alomomola|Flip Turn|p2a: Toxapex
|-resisted|p2a: Toxapex
|-damage|p2a: Toxapex|37/100 brn
|
|t:|1779811628
|switch|p1a: Iron Treads|Iron Treads|100/100|[from] Flip Turn
|move|p2a: Toxapex|Recover|p2a: Toxapex
|-heal|p2a: Toxapex|87/100 brn
|
|-damage|p2a: Toxapex|81/100 brn|[from] brn
|upkeep
|turn|15
|
|t:|1779811634
|-end|p1a: Iron Treads|Quark Drive|[silent]
|switch|p1a: Alomomola|Alomomola, F|100/100 tox
|switch|p2a: Clodsire|Clodsire, F, shiny|100/100
|
|-damage|p1a: Alomomola|94/100 tox|[from] psn
|upkeep
|turn|16
|
|t:|1779811642
|switch|p2a: Toxapex|Toxapex, F, shiny|100/100 brn
|move|p1a: Alomomola|Wish|p1a: Alomomola
|
|-damage|p1a: Alomomola|82/100 tox|[from] psn
|-damage|p2a: Toxapex|95/100 brn|[from] brn
|upkeep
|turn|17
|
|t:|1779811645
|switch|p1a: Weezing|Weezing-Galar, M|41/100
|-ability|p1a: Weezing|Neutralizing Gas
|move|p2a: Toxapex|Infestation|p1a: Weezing
|-resisted|p1a: Weezing
|-damage|p1a: Weezing|40/100
|-activate|p1a: Weezing|move: Infestation|[of] p2a: Toxapex
|
|-heal|p1a: Weezing|100/100|[from] move: Wish|[wisher] Alomomola
|-damage|p2a: Toxapex|89/100 brn|[from] brn
|-damage|p1a: Weezing|88/100|[from] move: Infestation|[partiallytrapped]
|upkeep
|turn|18
|
|t:|1779811656
|move|p1a: Weezing|Protect|p1a: Weezing
|-singleturn|p1a: Weezing|Protect
|move|p2a: Toxapex|Infestation|p1a: Weezing
|-activate|p1a: Weezing|move: Protect
|
|-damage|p2a: Toxapex|83/100 brn|[from] brn
|-damage|p1a: Weezing|76/100|[from] move: Infestation|[partiallytrapped]
|upkeep
|turn|19
|
|t:|1779811662
|move|p1a: Weezing|Defog|p2a: Toxapex
|-unboost|p2a: Toxapex|evasion|1
|move|p2a: Toxapex|Infestation|p1a: Weezing
|-resisted|p1a: Weezing
|-damage|p1a: Weezing|75/100
|
|-damage|p2a: Toxapex|77/100 brn|[from] brn
|-damage|p1a: Weezing|63/100|[from] move: Infestation|[partiallytrapped]
|upkeep
|turn|20
|
|t:|1779811665
|move|p1a: Weezing|Protect|p1a: Weezing
|-singleturn|p1a: Weezing|Protect
|move|p2a: Toxapex|Infestation|p1a: Weezing
|-activate|p1a: Weezing|move: Protect
|
|-damage|p2a: Toxapex|71/100 brn|[from] brn
|-damage|p1a: Weezing|50/100|[from] move: Infestation|[partiallytrapped]
|upkeep
|turn|21
|
|t:|1779811670
|move|p1a: Weezing|Defog|p2a: Toxapex
|-unboost|p2a: Toxapex|evasion|1
|move|p2a: Toxapex|Infestation|p1a: Weezing
|-resisted|p1a: Weezing
|-damage|p1a: Weezing|50/100
|
|-damage|p2a: Toxapex|65/100 brn|[from] brn
|-end|p1a: Weezing|Infestation|[partiallytrapped]
|upkeep
|turn|22
|j| Epic_Robotboy
|
|t:|1779811674
|-end|p1a: Weezing|ability: Neutralizing Gas
|switch|p1a: Tornadus|Tornadus-Therian, M|100/100
|move|p2a: Toxapex|Infestation|p1a: Tornadus
|-resisted|p1a: Tornadus
|-damage|p1a: Tornadus|99/100
|-activate|p1a: Tornadus|move: Infestation|[of] p2a: Toxapex
|
|-damage|p2a: Toxapex|59/100 brn|[from] brn
|-damage|p1a: Tornadus|87/100|[from] move: Infestation|[partiallytrapped]
|upkeep
|turn|23
|
|t:|1779811678
|move|p2a: Toxapex|Baneful Bunker|p2a: Toxapex
|-singleturn|p2a: Toxapex|move: Protect
|move|p1a: Tornadus|Knock Off|p2a: Toxapex
|-activate|p2a: Toxapex|move: Protect
|-status|p1a: Tornadus|psn
|
|-damage|p1a: Tornadus|74/100 psn|[from] psn
|-damage|p2a: Toxapex|53/100 brn|[from] brn
|-damage|p1a: Tornadus|62/100 psn|[from] move: Infestation|[partiallytrapped]
|upkeep
|turn|24
|l| AbrarS
|
|t:|1779811688
|switch|p2a: Gliscor|Gliscor, F, shiny|82/100 tox
|move|p1a: Tornadus|U-turn|p2a: Gliscor
|-resisted|p2a: Gliscor
|-damage|p2a: Gliscor|78/100 tox
|
|t:|1779811691
|switch|p1a: Weezing|Weezing-Galar, M|50/100|[from] U-turn
|-ability|p1a: Weezing|Neutralizing Gas
|
|-damage|p2a: Gliscor|72/100 tox|[from] psn
|upkeep
|turn|25
|
|t:|1779811695
|switch|p2a: Toxapex|Toxapex, F, shiny|86/100 brn
|-end|p1a: Weezing|ability: Neutralizing Gas
|switch|p1a: Alomomola|Alomomola, F|100/100 tox
|
|-damage|p1a: Alomomola|94/100 tox|[from] psn
|-damage|p2a: Toxapex|80/100 brn|[from] brn
|upkeep
|turn|26
|
|t:|1779811700
|switch|p1a: Tornadus|Tornadus-Therian, M|95/100 psn
|move|p2a: Toxapex|Infestation|p1a: Tornadus
|-resisted|p1a: Tornadus
|-damage|p1a: Tornadus|94/100 psn
|-activate|p1a: Tornadus|move: Infestation|[of] p2a: Toxapex
|
|-damage|p1a: Tornadus|81/100 psn|[from] psn
|-damage|p2a: Toxapex|74/100 brn|[from] brn
|-damage|p1a: Tornadus|69/100 psn|[from] move: Infestation|[partiallytrapped]
|upkeep
|turn|27
|
|t:|1779811704
|move|p2a: Toxapex|Baneful Bunker|p2a: Toxapex
|-singleturn|p2a: Toxapex|move: Protect
|move|p1a: Tornadus|Bleakwind Storm|p2a: Toxapex
|-activate|p2a: Toxapex|move: Protect
|
|-damage|p1a: Tornadus|56/100 psn|[from] psn
|-damage|p2a: Toxapex|68/100 brn|[from] brn
|-damage|p1a: Tornadus|44/100 psn|[from] move: Infestation|[partiallytrapped]
|upkeep
|turn|28
|
|t:|1779811709
|move|p1a: Tornadus|U-turn|p2a: Toxapex
|-resisted|p2a: Toxapex
|-damage|p2a: Toxapex|64/100 brn
|
|t:|1779811712
|switch|p1a: Iron Treads|Iron Treads|100/100|[from] U-turn
|move|p2a: Toxapex|Recover|p2a: Toxapex
|-heal|p2a: Toxapex|100/100 brn
|
|-damage|p2a: Toxapex|95/100 brn|[from] brn
|upkeep
|turn|29
|
|t:|1779811717
|move|p1a: Iron Treads|Stealth Rock|p2a: Toxapex
|-sidestart|p2: watch cats 2|move: Stealth Rock
|move|p2a: Toxapex|Infestation|p1a: Iron Treads
|-resisted|p1a: Iron Treads
|-damage|p1a: Iron Treads|99/100
|-activate|p1a: Iron Treads|move: Infestation|[of] p2a: Toxapex
|
|-heal|p1a: Iron Treads|100/100|[from] item: Leftovers
|-damage|p2a: Toxapex|89/100 brn|[from] brn
|-damage|p1a: Iron Treads|88/100|[from] move: Infestation|[partiallytrapped]
|upkeep
|turn|30
|
|t:|1779811725
|switch|p2a: Gliscor|Gliscor, F, shiny|72/100 tox
|-damage|p2a: Gliscor|59/100 tox|[from] Stealth Rock
|move|p1a: Iron Treads|Stealth Rock||[still]
|-fail|p1a: Iron Treads
|
|-heal|p1a: Iron Treads|94/100|[from] item: Leftovers
|-heal|p2a: Gliscor|72/100 tox|[from] ability: Poison Heal
|-end|p1a: Iron Treads|Infestation|[partiallytrapped]|[silent]
|upkeep
|turn|31
|
|t:|1779811732
|switch|p2a: Alomomola|Alomomola, F, shiny|100/100
|move|p1a: Iron Treads|Ice Spinner|p2a: Alomomola
|-resisted|p2a: Alomomola
|-damage|p2a: Alomomola|95/100
|
|-heal|p1a: Iron Treads|99/100|[from] item: Leftovers
|upkeep
|turn|32
|
|t:|1779811738
|-end|p1a: Iron Treads|Quark Drive|[silent]
|switch|p1a: Alomomola|Alomomola, F|100/100 tox
|move|p2a: Alomomola|Wish|p2a: Alomomola
|
|-damage|p1a: Alomomola|94/100 tox|[from] psn
|upkeep
|turn|33
|
|t:|1779811745
|switch|p2a: Gliscor|Gliscor, F, shiny|72/100 tox
|-damage|p2a: Gliscor|59/100 tox|[from] Stealth Rock
|move|p1a: Alomomola|Flip Turn|p2a: Gliscor
|-supereffective|p2a: Gliscor
|-damage|p2a: Gliscor|40/100 tox
|
|t:|1779811749
|switch|p1a: Iron Treads|Iron Treads|99/100|[from] Flip Turn
|
|-heal|p2a: Gliscor|100/100 tox|[from] move: Wish|[wisher] Alomomola
|-heal|p1a: Iron Treads|100/100|[from] item: Leftovers
|upkeep
|turn|34
|
|t:|1779811757
|-end|p1a: Iron Treads|Quark Drive|[silent]
|switch|p1a: Alomomola|Alomomola, F|100/100 tox
|switch|p2a: Alomomola|Alomomola, F, shiny|100/100
|
|-damage|p1a: Alomomola|94/100 tox|[from] psn
|upkeep
|turn|35
|
|t:|1779811762
|move|p1a: Alomomola|Wish|p1a: Alomomola
|move|p2a: Alomomola|Flip Turn|p1a: Alomomola
|-resisted|p1a: Alomomola
|-damage|p1a: Alomomola|89/100 tox
|-damage|p2a: Alomomola|84/100|[from] item: Rocky Helmet|[of] p1a: Alomomola
|
|t:|1779811765
|switch|p2a: Toxapex|Toxapex, F, shiny|100/100 brn|[from] Flip Turn
|
|-damage|p1a: Alomomola|77/100 tox|[from] psn
|-damage|p2a: Toxapex|95/100 brn|[from] brn
|upkeep
|turn|36
|
|t:|1779811769
|switch|p1a: Weezing|Weezing-Galar, M|50/100
|-ability|p1a: Weezing|Neutralizing Gas
|move|p2a: Toxapex|Infestation|p1a: Weezing
|-resisted|p1a: Weezing
|-damage|p1a: Weezing|49/100
|-activate|p1a: Weezing|move: Infestation|[of] p2a: Toxapex
|
|-heal|p1a: Weezing|100/100|[from] move: Wish|[wisher] Alomomola
|-damage|p2a: Toxapex|89/100 brn|[from] brn
|-damage|p1a: Weezing|88/100|[from] move: Infestation|[partiallytrapped]
|upkeep
|turn|37
|
|t:|1779811779
|move|p1a: Weezing|Protect|p1a: Weezing
|-singleturn|p1a: Weezing|Protect
|move|p2a: Toxapex|Baneful Bunker||[still]
|-fail|p2a: Toxapex
|
|-damage|p2a: Toxapex|83/100 brn|[from] brn
|-damage|p1a: Weezing|76/100|[from] move: Infestation|[partiallytrapped]
|upkeep
|turn|38
|
|t:|1779811781
|move|p1a: Weezing|Toxic||[still]
|-fail|p1a: Weezing
|move|p2a: Toxapex|Infestation|p1a: Weezing
|-resisted|p1a: Weezing
|-damage|p1a: Weezing|75/100
|
|-damage|p2a: Toxapex|77/100 brn|[from] brn
|-damage|p1a: Weezing|63/100|[from] move: Infestation|[partiallytrapped]
|upkeep
|turn|39
|
|t:|1779811790
|move|p1a: Weezing|Protect|p1a: Weezing
|-singleturn|p1a: Weezing|Protect
|move|p2a: Toxapex|Infestation|p1a: Weezing
|-activate|p1a: Weezing|move: Protect
|
|-damage|p2a: Toxapex|71/100 brn|[from] brn
|-damage|p1a: Weezing|50/100|[from] move: Infestation|[partiallytrapped]
|upkeep
|turn|40
|
|t:|1779811793
|move|p1a: Weezing|Toxic||[still]
|-fail|p1a: Weezing
|move|p2a: Toxapex|Infestation|p1a: Weezing
|-resisted|p1a: Weezing
|-crit|p1a: Weezing
|-damage|p1a: Weezing|49/100
|
|-damage|p2a: Toxapex|65/100 brn|[from] brn
|-damage|p1a: Weezing|37/100|[from] move: Infestation|[partiallytrapped]
|upkeep
|turn|41
|
|t:|1779811804
|move|p1a: Weezing|Protect|p1a: Weezing
|-singleturn|p1a: Weezing|Protect
|move|p2a: Toxapex|Toxic|p1a: Weezing
|-activate|p1a: Weezing|move: Protect
|
|-damage|p2a: Toxapex|59/100 brn|[from] brn
|-end|p1a: Weezing|Infestation|[partiallytrapped]
|upkeep
|turn|42
|
|t:|1779811811
|-end|p1a: Weezing|ability: Neutralizing Gas
|switch|p1a: Iron Treads|Iron Treads|100/100
|move|p2a: Toxapex|Infestation|p1a: Iron Treads
|-resisted|p1a: Iron Treads
|-damage|p1a: Iron Treads|99/100
|-activate|p1a: Iron Treads|move: Infestation|[of] p2a: Toxapex
|
|-heal|p1a: Iron Treads|100/100|[from] item: Leftovers
|-damage|p2a: Toxapex|53/100 brn|[from] brn
|-damage|p1a: Iron Treads|88/100|[from] move: Infestation|[partiallytrapped]
|upkeep
|turn|43
|
|t:|1779811816
|switch|p2a: Alomomola|Alomomola, F, shiny|100/100
|move|p1a: Iron Treads|Earthquake|p2a: Alomomola
|-damage|p2a: Alomomola|77/100
|
|-heal|p1a: Iron Treads|94/100|[from] item: Leftovers
|-end|p1a: Iron Treads|Infestation|[partiallytrapped]|[silent]
|upkeep
|turn|44
|
|t:|1779811822
|-end|p1a: Iron Treads|Quark Drive|[silent]
|switch|p1a: Weezing|Weezing-Galar, M|37/100
|-ability|p1a: Weezing|Neutralizing Gas
|move|p2a: Alomomola|Flip Turn|p1a: Weezing
|-damage|p1a: Weezing|26/100
|
|t:|1779811826
|switch|p2a: Blissey|Blissey, F, shiny|100/100|[from] Flip Turn
|
|upkeep
|turn|45
|
|t:|1779811830
|-end|p1a: Weezing|ability: Neutralizing Gas
|switch|p1a: Alomomola|Alomomola, F|100/100 tox
|move|p2a: Blissey|Seismic Toss|p1a: Alomomola
|-damage|p1a: Alomomola|79/100 tox
|-damage|p2a: Blissey|84/100|[from] item: Rocky Helmet|[of] p1a: Alomomola
|
|-damage|p1a: Alomomola|73/100 tox|[from] psn
|upkeep
|turn|46
|
|t:|1779811834
|move|p2a: Blissey|Stealth Rock|p1a: Alomomola
|-sidestart|p1: goodnightnite|move: Stealth Rock
|move|p1a: Alomomola|Wish|p1a: Alomomola
|
|-damage|p1a: Alomomola|61/100 tox|[from] psn
|upkeep
|turn|47
|
|t:|1779811843
|switch|p2a: Toxapex|Toxapex, F, shiny|86/100 brn
|move|p1a: Alomomola|Flip Turn|p2a: Toxapex
|-resisted|p2a: Toxapex
|-damage|p2a: Toxapex|81/100 brn
|
|t:|1779811846
|switch|p1a: Weezing|Weezing-Galar, M|26/100|[from] Flip Turn
|-ability|p1a: Weezing|Neutralizing Gas
|-damage|p1a: Weezing|14/100|[from] Stealth Rock
|
|-heal|p1a: Weezing|85/100|[from] move: Wish|[wisher] Alomomola
|-damage|p2a: Toxapex|75/100 brn|[from] brn
|upkeep
|turn|48
|
|t:|1779811851
|-end|p1a: Weezing|ability: Neutralizing Gas
|switch|p1a: Iron Treads|Iron Treads|94/100
|-damage|p1a: Iron Treads|91/100|[from] Stealth Rock
|move|p2a: Toxapex|Infestation|p1a: Iron Treads
|-resisted|p1a: Iron Treads
|-damage|p1a: Iron Treads|90/100
|-activate|p1a: Iron Treads|move: Infestation|[of] p2a: Toxapex
|
|-heal|p1a: Iron Treads|96/100|[from] item: Leftovers
|-damage|p2a: Toxapex|69/100 brn|[from] brn
|-damage|p1a: Iron Treads|83/100|[from] move: Infestation|[partiallytrapped]
|upkeep
|turn|49
|
|t:|1779811855
|switch|p2a: Alomomola|Alomomola, F, shiny|77/100
|move|p1a: Iron Treads|Earthquake|p2a: Alomomola
|-damage|p2a: Alomomola|54/100
|
|-heal|p1a: Iron Treads|89/100|[from] item: Leftovers
|-end|p1a: Iron Treads|Infestation|[partiallytrapped]|[silent]
|upkeep
|turn|50
|
|t:|1779811859
|-end|p1a: Iron Treads|Quark Drive|[silent]
|switch|p1a: Weezing|Weezing-Galar, M|85/100
|-ability|p1a: Weezing|Neutralizing Gas
|-damage|p1a: Weezing|73/100|[from] Stealth Rock
|move|p2a: Alomomola|Flip Turn|p1a: Weezing
|-damage|p1a: Weezing|61/100
|
|t:|1779811867
|switch|p2a: Toxapex|Toxapex, F, shiny|100/100 brn|[from] Flip Turn
|
|-damage|p2a: Toxapex|95/100 brn|[from] brn
|upkeep
|turn|51
|
|t:|1779811870
|-end|p1a: Weezing|ability: Neutralizing Gas
|switch|p1a: Iron Treads|Iron Treads|89/100
|-damage|p1a: Iron Treads|86/100|[from] Stealth Rock
|switch|p2a: Alomomola|Alomomola, F, shiny|54/100
|
|-heal|p1a: Iron Treads|92/100|[from] item: Leftovers
|upkeep
|turn|52
|
|t:|1779811875
|-end|p1a: Iron Treads|Quark Drive|[silent]
|switch|p1a: Weezing|Weezing-Galar, M|61/100
|-ability|p1a: Weezing|Neutralizing Gas
|-damage|p1a: Weezing|49/100|[from] Stealth Rock
|move|p2a: Alomomola|Flip Turn|p1a: Weezing
|-damage|p1a: Weezing|37/100
|
|t:|1779811877
|switch|p2a: Toxapex|Toxapex, F, shiny|100/100 brn|[from] Flip Turn
|
|-damage|p2a: Toxapex|95/100 brn|[from] brn
|upkeep
|turn|53
|
|t:|1779811881
|-end|p1a: Weezing|ability: Neutralizing Gas
|switch|p1a: Iron Treads|Iron Treads|92/100
|-damage|p1a: Iron Treads|89/100|[from] Stealth Rock
|move|p2a: Toxapex|Infestation|p1a: Iron Treads
|-resisted|p1a: Iron Treads
|-damage|p1a: Iron Treads|88/100
|-activate|p1a: Iron Treads|move: Infestation|[of] p2a: Toxapex
|
|-heal|p1a: Iron Treads|94/100|[from] item: Leftovers
|-damage|p2a: Toxapex|89/100 brn|[from] brn
|-damage|p1a: Iron Treads|82/100|[from] move: Infestation|[partiallytrapped]
|upkeep
|turn|54
|
|t:|1779811884
|switch|p2a: Alomomola|Alomomola, F, shiny|54/100
|move|p1a: Iron Treads|Earthquake|p2a: Alomomola
|-damage|p2a: Alomomola|31/100
|
|-heal|p1a: Iron Treads|88/100|[from] item: Leftovers
|-end|p1a: Iron Treads|Infestation|[partiallytrapped]|[silent]
|upkeep
|turn|55
|
|t:|1779811895
|-end|p1a: Iron Treads|Quark Drive|[silent]
|switch|p1a: Alomomola|Alomomola, F|94/100 tox
|-damage|p1a: Alomomola|82/100 tox|[from] Stealth Rock
|switch|p2a: Gliscor|Gliscor, F, shiny|100/100 tox
|-damage|p2a: Gliscor|88/100 tox|[from] Stealth Rock
|
|-heal|p2a: Gliscor|100/100 tox|[from] ability: Poison Heal
|-damage|p1a: Alomomola|76/100 tox|[from] psn
|upkeep
|turn|56
|
|t:|1779811897
|move|p2a: Gliscor|Spikes|p1a: Alomomola
|-sidestart|p1: goodnightnite|Spikes
|move|p1a: Alomomola|Wish|p1a: Alomomola
|
|-damage|p1a: Alomomola|64/100 tox|[from] psn
|upkeep
|turn|57
|
|t:|1779811901
|switch|p1a: Weezing|Weezing-Galar, M|37/100
|-ability|p1a: Weezing|Neutralizing Gas
|-damage|p1a: Weezing|25/100|[from] Stealth Rock
|-damage|p1a: Weezing|12/100|[from] Spikes
|move|p2a: Gliscor|Protect||[still]
|-fail|p2a: Gliscor
|
|-heal|p1a: Weezing|83/100|[from] move: Wish|[wisher] Alomomola
|-damage|p2a: Gliscor|82/100 tox|[from] psn
|upkeep
|turn|58
|
|t:|1779811904
|switch|p2a: Toxapex|Toxapex, F, shiny|100/100 brn
|move|p1a: Weezing|Defog|p2a: Toxapex
|-unboost|p2a: Toxapex|evasion|1
|-sideend|p2: watch cats 2|Stealth Rock|[from] move: Defog|[of] p1a: Weezing
|-sideend|p1: goodnightnite|Spikes|[from] move: Defog|[of] p1a: Weezing
|-sideend|p1: goodnightnite|Stealth Rock|[from] move: Defog|[of] p1a: Weezing
|
|-damage|p2a: Toxapex|95/100 brn|[from] brn
|upkeep
|turn|59
|
|t:|1779811910
|-end|p1a: Weezing|ability: Neutralizing Gas
|switch|p1a: Iron Treads|Iron Treads|88/100
|switch|p2a: Alomomola|Alomomola, F, shiny|64/100
|
|-heal|p1a: Iron Treads|94/100|[from] item: Leftovers
|upkeep
|turn|60
|
|t:|1779811914
|move|p1a: Iron Treads|Stealth Rock|p2a: Alomomola
|-sidestart|p2: watch cats 2|move: Stealth Rock
|move|p2a: Alomomola|Flip Turn|p1a: Iron Treads
|-supereffective|p1a: Iron Treads
|-damage|p1a: Iron Treads|67/100
|
|t:|1779811917
|switch|p2a: Gliscor|Gliscor, F, shiny|82/100 tox|[from] Flip Turn
|-damage|p2a: Gliscor|69/100 tox|[from] Stealth Rock
|
|-heal|p1a: Iron Treads|73/100|[from] item: Leftovers
|-heal|p2a: Gliscor|82/100 tox|[from] ability: Poison Heal
|upkeep
|turn|61
|
|t:|1779811921
|-end|p1a: Iron Treads|Quark Drive|[silent]
|switch|p1a: Tornadus|Tornadus-Therian, M|77/100 psn
|switch|p2a: Alomomola|Alomomola, F, shiny|97/100
|
|-damage|p1a: Tornadus|64/100 psn|[from] psn
|upkeep
|turn|62
|
|t:|1779811925
|switch|p2a: Toxapex|Toxapex, F, shiny|100/100 brn
|move|p1a: Tornadus|Knock Off|p2a: Toxapex
|-damage|p2a: Toxapex|87/100 brn
|-enditem|p2a: Toxapex|Heavy-Duty Boots|[from] move: Knock Off|[of] p1a: Tornadus
|
|-damage|p1a: Tornadus|52/100 psn|[from] psn
|-damage|p2a: Toxapex|81/100 brn|[from] brn
|upkeep
|turn|63
|
|t:|1779811934
|switch|p1a: Iron Treads|Iron Treads|73/100
|move|p2a: Toxapex|Infestation|p1a: Iron Treads
|-resisted|p1a: Iron Treads
|-damage|p1a: Iron Treads|71/100
|-activate|p1a: Iron Treads|move: Infestation|[of] p2a: Toxapex
|
|-heal|p1a: Iron Treads|77/100|[from] item: Leftovers
|-damage|p2a: Toxapex|75/100 brn|[from] brn
|-damage|p1a: Iron Treads|65/100|[from] move: Infestation|[partiallytrapped]
|upkeep
|turn|64
|
|t:|1779811938
|switch|p2a: Alomomola|Alomomola, F, shiny|100/100
|move|p1a: Iron Treads|Earthquake|p2a: Alomomola
|-damage|p2a: Alomomola|76/100
|
|-heal|p1a: Iron Treads|71/100|[from] item: Leftovers
|-end|p1a: Iron Treads|Infestation|[partiallytrapped]|[silent]
|upkeep
|turn|65
|
|t:|1779811943
|-end|p1a: Iron Treads|Quark Drive|[silent]
|switch|p1a: Alomomola|Alomomola, F|97/100 tox
|move|p2a: Alomomola|Flip Turn|p1a: Alomomola
|-resisted|p1a: Alomomola
|-damage|p1a: Alomomola|92/100 tox
|-damage|p2a: Alomomola|59/100|[from] item: Rocky Helmet|[of] p1a: Alomomola
|
|t:|1779811945
|switch|p2a: Blissey|Blissey, F, shiny|84/100|[from] Flip Turn
|
|-damage|p1a: Alomomola|86/100 tox|[from] psn
|upkeep
|turn|66
|
|t:|1779811951
|move|p2a: Blissey|Stealth Rock|p1a: Alomomola
|-sidestart|p1: goodnightnite|move: Stealth Rock
|move|p1a: Alomomola|Wish|p1a: Alomomola
|
|-damage|p1a: Alomomola|74/100 tox|[from] psn
|upkeep
|turn|67
|
|t:|1779811957
|switch|p2a: Toxapex|Toxapex, F, shiny|100/100 brn
|-damage|p2a: Toxapex|88/100 brn|[from] Stealth Rock
|move|p1a: Alomomola|Flip Turn|p2a: Toxapex
|-resisted|p2a: Toxapex
|-damage|p2a: Toxapex|83/100 brn
|
|t:|1779811960
|switch|p1a: Iron Treads|Iron Treads|71/100|[from] Flip Turn
|-damage|p1a: Iron Treads|68/100|[from] Stealth Rock
|
|-heal|p1a: Iron Treads|100/100|[from] move: Wish|[wisher] Alomomola
|-damage|p2a: Toxapex|77/100 brn|[from] brn
|upkeep
|turn|68
|j| RedemptiveSketch
|
|t:|1779811964
|switch|p2a: Alomomola|Alomomola, F, shiny|92/100
|move|p1a: Iron Treads|Earthquake|p2a: Alomomola
|-damage|p2a: Alomomola|67/100
|
|upkeep
|turn|69
|l| RedemptiveSketch
|
|t:|1779811968
|-end|p1a: Iron Treads|Quark Drive|[silent]
|switch|p1a: Weezing|Weezing-Galar, M|83/100
|-ability|p1a: Weezing|Neutralizing Gas
|-damage|p1a: Weezing|71/100|[from] Stealth Rock
|move|p2a: Alomomola|Flip Turn|p1a: Weezing
|-damage|p1a: Weezing|59/100
|
|t:|1779811977
|switch|p2a: Toxapex|Toxapex, F, shiny|100/100 brn|[from] Flip Turn
|-damage|p2a: Toxapex|88/100 brn|[from] Stealth Rock
|
|-damage|p2a: Toxapex|82/100 brn|[from] brn
|upkeep
|turn|70
|
|t:|1779811984
|-end|p1a: Weezing|ability: Neutralizing Gas
|switch|p1a: Iron Treads|Iron Treads|100/100
|-damage|p1a: Iron Treads|97/100|[from] Stealth Rock
|switch|p2a: Gliscor|Gliscor, F, shiny|82/100 tox
|-damage|p2a: Gliscor|69/100 tox|[from] Stealth Rock
|
|-heal|p1a: Iron Treads|100/100|[from] item: Leftovers
|-heal|p2a: Gliscor|82/100 tox|[from] ability: Poison Heal
|upkeep
|turn|71
|j| yuureisuisei
|
|t:|1779811988
|move|p1a: Iron Treads|Ice Spinner|p2a: Gliscor
|-supereffective|p2a: Gliscor
|-damage|p2a: Gliscor|25/100 tox
|move|p2a: Gliscor|Knock Off|p1a: Iron Treads
|-damage|p1a: Iron Treads|83/100
|-enditem|p1a: Iron Treads|Leftovers|[from] move: Knock Off|[of] p2a: Gliscor
|
|-heal|p2a: Gliscor|37/100 tox|[from] ability: Poison Heal
|upkeep
|turn|72
|
|t:|1779811997
|-end|p1a: Iron Treads|Quark Drive|[silent]
|switch|p1a: Zamazenta|Zamazenta|100/100
|-damage|p1a: Zamazenta|94/100|[from] Stealth Rock
|-ability|p1a: Zamazenta|Dauntless Shield|boost
|-boost|p1a: Zamazenta|def|1
|switch|p2a: Alomomola|Alomomola, F, shiny|67/100
|
|upkeep
|turn|73
|
|t:|1779812001
|move|p1a: Zamazenta|Close Combat|p2a: Alomomola
|-damage|p2a: Alomomola|8/100
|-unboost|p1a: Zamazenta|def|1
|-unboost|p1a: Zamazenta|spd|1
|move|p2a: Alomomola|Wish|p2a: Alomomola
|
|upkeep
|turn|74
|
|t:|1779812013
|switch|p1a: Weezing|Weezing-Galar, M|59/100
|-ability|p1a: Weezing|Neutralizing Gas
|-damage|p1a: Weezing|47/100|[from] Stealth Rock
|move|p2a: Alomomola|Protect||[still]
|-fail|p2a: Alomomola
|
|-heal|p2a: Alomomola|57/100|[from] move: Wish|[wisher] Alomomola
|upkeep
|turn|75
|
|t:|1779812018
|-end|p1a: Weezing|ability: Neutralizing Gas
|switch|p1a: Iron Treads|Iron Treads|83/100
|-damage|p1a: Iron Treads|80/100|[from] Stealth Rock
|switch|p2a: Toxapex|Toxapex, F, shiny|100/100 brn
|-damage|p2a: Toxapex|88/100 brn|[from] Stealth Rock
|
|-damage|p2a: Toxapex|82/100 brn|[from] brn
|upkeep
|turn|76
|
|t:|1779812022
|switch|p2a: Alomomola|Alomomola, F, shiny|91/100
|move|p1a: Iron Treads|Earthquake|p2a: Alomomola
|-damage|p2a: Alomomola|67/100
|
|upkeep
|turn|77
|
|t:|1779812025
|-end|p1a: Iron Treads|Quark Drive|[silent]
|switch|p1a: Weezing|Weezing-Galar, M|47/100
|-ability|p1a: Weezing|Neutralizing Gas
|-damage|p1a: Weezing|35/100|[from] Stealth Rock
|move|p2a: Alomomola|Wish|p2a: Alomomola
|
|upkeep
|turn|78
|
|t:|1779812030
|switch|p2a: Gliscor|Gliscor, F, shiny|37/100 tox
|-damage|p2a: Gliscor|25/100 tox|[from] Stealth Rock
|move|p1a: Weezing|Toxic|p2a: Gliscor
|-fail|p2a: Gliscor|tox
|
|-heal|p2a: Gliscor|92/100 tox|[from] move: Wish|[wisher] Alomomola
|-damage|p2a: Gliscor|85/100 tox|[from] psn
|upkeep
|turn|79
|
|t:|1779812038
|switch|p2a: Toxapex|Toxapex, F, shiny|100/100 brn
|-damage|p2a: Toxapex|88/100 brn|[from] Stealth Rock
|move|p1a: Weezing|Protect||[still]
|-fail|p1a: Weezing
|
|-damage|p2a: Toxapex|82/100 brn|[from] brn
|upkeep
|turn|80
|
|t:|1779812043
|-end|p1a: Weezing|ability: Neutralizing Gas
|switch|p1a: Iron Treads|Iron Treads|80/100
|-damage|p1a: Iron Treads|77/100|[from] Stealth Rock
|move|p2a: Toxapex|Infestation|p1a: Iron Treads
|-resisted|p1a: Iron Treads
|-damage|p1a: Iron Treads|75/100
|-activate|p1a: Iron Treads|move: Infestation|[of] p2a: Toxapex
|
|-damage|p2a: Toxapex|76/100 brn|[from] brn
|-damage|p1a: Iron Treads|63/100|[from] move: Infestation|[partiallytrapped]
|upkeep
|turn|81
|
|t:|1779812049
|move|p2a: Toxapex|Baneful Bunker|p2a: Toxapex
|-singleturn|p2a: Toxapex|move: Protect
|move|p1a: Iron Treads|Earthquake|p2a: Toxapex
|-activate|p2a: Toxapex|move: Protect
|
|-damage|p2a: Toxapex|70/100 brn|[from] brn
|-damage|p1a: Iron Treads|50/100|[from] move: Infestation|[partiallytrapped]
|upkeep
|turn|82
|
|t:|1779812053
|switch|p2a: Alomomola|Alomomola, F, shiny|67/100
|move|p1a: Iron Treads|Rapid Spin|p2a: Alomomola
|-damage|p2a: Alomomola|59/100
|-boost|p1a: Iron Treads|spe|1
|-sideend|p1: goodnightnite|Stealth Rock|[from] move: Rapid Spin|[of] p1a: Iron Treads
|-end|p1a: Iron Treads|Infestation|[partiallytrapped]
|
|upkeep
|turn|83
|
|t:|1779812058
|-end|p1a: Iron Treads|Quark Drive|[silent]
|switch|p1a: Alomomola|Alomomola, F|100/100 tox
|move|p2a: Alomomola|Wish|p2a: Alomomola
|
|-damage|p1a: Alomomola|94/100 tox|[from] psn
|upkeep
|turn|84
|
|t:|1779812062
|move|p1a: Alomomola|Wish|p1a: Alomomola
|move|p2a: Alomomola|Flip Turn|p1a: Alomomola
|-resisted|p1a: Alomomola
|-damage|p1a: Alomomola|90/100 tox
|-damage|p2a: Alomomola|43/100|[from] item: Rocky Helmet|[of] p1a: Alomomola
|
|t:|1779812064
|switch|p2a: Gliscor|Gliscor, F, shiny|85/100 tox|[from] Flip Turn
|-damage|p2a: Gliscor|73/100 tox|[from] Stealth Rock
|
|-heal|p2a: Gliscor|100/100 tox|[from] move: Wish|[wisher] Alomomola
|-damage|p1a: Alomomola|78/100 tox|[from] psn
|upkeep
|turn|85
|
|t:|1779812068
|switch|p1a: Weezing|Weezing-Galar, M|35/100
|-ability|p1a: Weezing|Neutralizing Gas
|move|p2a: Gliscor|Spikes|p1a: Weezing
|-sidestart|p1: goodnightnite|Spikes
|
|-heal|p1a: Weezing|100/100|[from] move: Wish|[wisher] Alomomola
|-damage|p2a: Gliscor|88/100 tox|[from] psn
|upkeep
|turn|86
|
|t:|1779812071
|switch|p2a: Toxapex|Toxapex, F, shiny|100/100 brn
|-damage|p2a: Toxapex|88/100 brn|[from] Stealth Rock
|-end|p1a: Weezing|ability: Neutralizing Gas
|switch|p1a: Lokix|Lokix, F|100/100
|-damage|p1a: Lokix|88/100|[from] Spikes
|
|-damage|p2a: Toxapex|82/100 brn|[from] brn
|upkeep
|turn|87
|
|t:|1779812079
|-terastallize|p1a: Lokix|Bug
|move|p2a: Toxapex|Baneful Bunker|p2a: Toxapex
|-singleturn|p2a: Toxapex|move: Protect
|move|p1a: Lokix|Leech Life|p2a: Toxapex
|-activate|p2a: Toxapex|move: Protect
|-status|p1a: Lokix|psn
|
|-damage|p1a: Lokix|76/100 psn|[from] psn
|-damage|p2a: Toxapex|76/100 brn|[from] brn
|upkeep
|turn|88
|
|t:|1779812086
|move|p1a: Lokix|Leech Life|p2a: Toxapex
|-resisted|p2a: Toxapex
|-damage|p2a: Toxapex|27/100 brn
|-heal|p1a: Lokix|100/100 psn|[from] drain|[of] p2a: Toxapex
|move|p2a: Toxapex|Infestation|p1a: Lokix
|-damage|p1a: Lokix|96/100 psn
|-activate|p1a: Lokix|move: Infestation|[of] p2a: Toxapex
|
|-damage|p1a: Lokix|83/100 psn|[from] psn
|-damage|p2a: Toxapex|21/100 brn|[from] brn
|-damage|p1a: Lokix|71/100 psn|[from] move: Infestation|[partiallytrapped]
|upkeep
|turn|89
|
|t:|1779812101
|move|p2a: Toxapex|Baneful Bunker|p2a: Toxapex
|-singleturn|p2a: Toxapex|move: Protect
|move|p1a: Lokix|Leech Life|p2a: Toxapex
|-activate|p2a: Toxapex|move: Protect
|
|-damage|p1a: Lokix|58/100 psn|[from] psn
|-damage|p2a: Toxapex|15/100 brn|[from] brn
|-damage|p1a: Lokix|46/100 psn|[from] move: Infestation|[partiallytrapped]
|upkeep
|turn|90
|
|t:|1779812111
|switch|p2a: Alomomola|Alomomola, F, shiny|76/100
|move|p1a: Lokix|Leech Life|p2a: Alomomola
|-damage|p2a: Alomomola|27/100
|-heal|p1a: Lokix|86/100 psn|[from] drain|[of] p2a: Alomomola
|
|-damage|p1a: Lokix|74/100 psn|[from] psn
|-end|p1a: Lokix|Infestation|[partiallytrapped]|[silent]
|upkeep
|turn|91
|
|t:|1779812115
|switch|p1a: Weezing|Weezing-Galar, M|100/100
|-ability|p1a: Weezing|Neutralizing Gas
|-damage|p1a: Weezing|88/100|[from] Spikes
|move|p2a: Alomomola|Protect||[still]
|-fail|p2a: Alomomola
|
|upkeep
|turn|92
|
|t:|1779812119
|switch|p2a: Toxapex|Toxapex, F, shiny|48/100 brn
|-damage|p2a: Toxapex|36/100 brn|[from] Stealth Rock
|move|p1a: Weezing|Toxic||[still]
|-fail|p1a: Weezing
|
|-damage|p2a: Toxapex|30/100 brn|[from] brn
|upkeep
|turn|93
|
|t:|1779812123
|-end|p1a: Weezing|ability: Neutralizing Gas
|switch|p1a: Lokix|Lokix, F, tera:Bug|74/100 psn
|-damage|p1a: Lokix|62/100 psn|[from] Spikes
|move|p2a: Toxapex|Recover|p2a: Toxapex
|-heal|p2a: Toxapex|80/100 brn
|
|-damage|p1a: Lokix|49/100 psn|[from] psn
|-damage|p2a: Toxapex|74/100 brn|[from] brn
|upkeep
|turn|94
|
|t:|1779812126
|move|p2a: Toxapex|Baneful Bunker|p2a: Toxapex
|-singleturn|p2a: Toxapex|move: Protect
|move|p1a: Lokix|Leech Life|p2a: Toxapex
|-activate|p2a: Toxapex|move: Protect
|
|-damage|p1a: Lokix|37/100 psn|[from] psn
|-damage|p2a: Toxapex|68/100 brn|[from] brn
|upkeep
|turn|95
|
|t:|1779812132
|move|p1a: Lokix|Leech Life|p2a: Toxapex
|-resisted|p2a: Toxapex
|-damage|p2a: Toxapex|20/100 brn
|-heal|p1a: Lokix|63/100 psn|[from] drain|[of] p2a: Toxapex
|move|p2a: Toxapex|Infestation|p1a: Lokix
|-crit|p1a: Lokix
|-damage|p1a: Lokix|55/100 psn
|-activate|p1a: Lokix|move: Infestation|[of] p2a: Toxapex
|
|-damage|p1a: Lokix|43/100 psn|[from] psn
|-damage|p2a: Toxapex|14/100 brn|[from] brn
|-damage|p1a: Lokix|31/100 psn|[from] move: Infestation|[partiallytrapped]
|upkeep
|turn|96
|
|t:|1779812137
|move|p2a: Toxapex|Baneful Bunker|p2a: Toxapex
|-singleturn|p2a: Toxapex|move: Protect
|move|p1a: Lokix|Leech Life|p2a: Toxapex
|-activate|p2a: Toxapex|move: Protect
|
|-damage|p1a: Lokix|18/100 psn|[from] psn
|-damage|p2a: Toxapex|8/100 brn|[from] brn
|-damage|p1a: Lokix|6/100 psn|[from] move: Infestation|[partiallytrapped]
|upkeep
|turn|97
|
|t:|1779812146
|switch|p2a: Gliscor|Gliscor, F, shiny|88/100 tox
|-damage|p2a: Gliscor|75/100 tox|[from] Stealth Rock
|move|p1a: Lokix|Leech Life|p2a: Gliscor
|-resisted|p2a: Gliscor
|-damage|p2a: Gliscor|27/100 tox
|-heal|p1a: Lokix|36/100 psn|[from] drain|[of] p2a: Gliscor
|
|-damage|p1a: Lokix|24/100 psn|[from] psn
|-heal|p2a: Gliscor|39/100 tox|[from] ability: Poison Heal
|-end|p1a: Lokix|Infestation|[partiallytrapped]|[silent]
|upkeep
|turn|98
|
|t:|1779812152
|move|p2a: Gliscor|Protect|p2a: Gliscor
|-singleturn|p2a: Gliscor|Protect
|move|p1a: Lokix|Leech Life|p2a: Gliscor
|-activate|p2a: Gliscor|move: Protect
|
|-damage|p1a: Lokix|11/100 psn|[from] psn
|-heal|p2a: Gliscor|52/100 tox|[from] ability: Poison Heal
|upkeep
|turn|99
|
|t:|1779812160
|move|p1a: Lokix|Leech Life|p2a: Gliscor
|-resisted|p2a: Gliscor
|-damage|p2a: Gliscor|3/100 tox
|-heal|p1a: Lokix|41/100 psn|[from] drain|[of] p2a: Gliscor
|move|p2a: Gliscor|Knock Off|p1a: Lokix
|-damage|p1a: Lokix|8/100 psn
|-enditem|p1a: Lokix|Choice Band|[from] move: Knock Off|[of] p2a: Gliscor
|
|-damage|p1a: Lokix|0 fnt|[from] psn
|faint|p1a: Lokix
|-heal|p2a: Gliscor|16/100 tox|[from] ability: Poison Heal
|upkeep
|
|t:|1779812168
|switch|p1a: Zamazenta|Zamazenta|94/100
|-damage|p1a: Zamazenta|82/100|[from] Spikes
|turn|100
|
|t:|1779812177
|switch|p1a: Weezing|Weezing-Galar, M|88/100
|-ability|p1a: Weezing|Neutralizing Gas
|-damage|p1a: Weezing|76/100|[from] Spikes
|switch|p2a: Dondozo|Dondozo, F, shiny|100/100
|
|upkeep
|turn|101
|
|t:|1779812182
|switch|p2a: Toxapex|Toxapex, F, shiny|42/100 brn
|-damage|p2a: Toxapex|30/100 brn|[from] Stealth Rock
|move|p1a: Weezing|Will-O-Wisp|p2a: Toxapex
|-fail|p2a: Toxapex|brn
|
|-damage|p2a: Toxapex|24/100 brn|[from] brn
|upkeep
|turn|102
|-message|goodnightnite forfeited.
|
|win|watch cats 2
|n|☆goodnightnite|goodnightnite
|n|☆watch cats 2|watchcats2
|n| Epic_Robotboy|epicrobotboy
|n| yuureisuisei|yuureisuisei
|l|☆goodnightnite
|player|p1|
