|j|‽WiLDfan4
|j|☆iblameJoshua
|t:|1779951246
|gametype|singles
|player|p1|WiLDfan4|265|1109
|player|p2|iblameJoshua|n|1096
|gen|9
|tier|[Gen 9] OU
|rated|
|rule|HP Percentage Mod: HP is shown in percentages
|rule|Endless Battle Clause: Forcing endless battles is banned
|rule|Species Clause: Limit one of each Pokémon
|rule|OHKO Clause: OHKO moves are banned
|rule|Evasion Items Clause: Evasion items are banned
|rule|Evasion Moves Clause: Evasion moves are banned
|rule|Evasion Abilities Clause: Evasion abilities are banned
|rule|Sleep Moves Clause: Sleep-inducing moves are banned
|clearpoke
|poke|p1|Tyranitar, M|
|poke|p1|Talonflame, M|
|poke|p1|Tinkaton, F|
|poke|p1|Toxapex, M|
|poke|p1|Torterra, M|
|poke|p1|Tauros, M|
|poke|p2|Hoopa|
|poke|p2|Cinderace, M|
|poke|p2|Mandibuzz, F|
|poke|p2|Manaphy|
|poke|p2|Ting-Lu|
|poke|p2|Noivern, F|
|teampreview
|inactive|Battle timer is ON: inactive players will automatically lose when time's up. (requested by WiLDfan4)
|
|t:|1779951259
|teamsize|p1|6
|teamsize|p2|6
|start
|switch|p1a: Toxapex|Toxapex, M|100/100
|switch|p2a: Cinderace|Cinderace, M|100/100
|turn|1
|
|t:|1779951271
|move|p2a: Cinderace|U-turn|p1a: Toxapex
|-start|p2a: Cinderace|typechange|Bug|[from] ability: Libero
|-resisted|p1a: Toxapex
|-damage|p1a: Toxapex|91/100
|
|t:|1779951276
|switch|p2a: Hoopa|Hoopa|100/100|[from] U-turn
|move|p1a: Toxapex|Toxic|p2a: Hoopa
|-status|p2a: Hoopa|tox
|
|-heal|p1a: Toxapex|97/100|[from] item: Black Sludge
|-damage|p2a: Hoopa|94/100 tox|[from] psn
|upkeep
|turn|2
|
|t:|1779951288
|move|p1a: Toxapex|Baneful Bunker|p1a: Toxapex
|-singleturn|p1a: Toxapex|move: Protect
|move|p2a: Hoopa|Calm Mind|p2a: Hoopa
|-boost|p2a: Hoopa|spa|1
|-boost|p2a: Hoopa|spd|1
|
|-heal|p1a: Toxapex|100/100|[from] item: Black Sludge
|-damage|p2a: Hoopa|82/100 tox|[from] psn
|upkeep
|turn|3
|
|t:|1779951297
|move|p2a: Hoopa|Calm Mind|p2a: Hoopa
|-boost|p2a: Hoopa|spa|1
|-boost|p2a: Hoopa|spd|1
|move|p1a: Toxapex|Haze|p1a: Toxapex
|-clearallboost
|
|-damage|p2a: Hoopa|64/100 tox|[from] psn
|upkeep
|turn|4
|
|t:|1779951306
|switch|p1a: Tyranitar|Tyranitar, M|100/100
|-weather|Sandstorm|[from] ability: Sand Stream|[of] p1a: Tyranitar
|move|p2a: Hoopa|Shadow Ball|p1a: Tyranitar
|-resisted|p1a: Tyranitar
|-damage|p1a: Tyranitar|94/100
|-unboost|p1a: Tyranitar|spd|1
|
|-weather|Sandstorm|[upkeep]
|-damage|p2a: Hoopa|58/100 tox|[from] Sandstorm
|-damage|p2a: Hoopa|34/100 tox|[from] psn
|upkeep
|turn|5
|
|t:|1779951319
|switch|p1a: Tauros|Tauros, M|100/100
|move|p2a: Hoopa|Focus Blast|p1a: Tauros
|-supereffective|p1a: Tauros
|-enditem|p1a: Tauros|Focus Sash
|-damage|p1a: Tauros|1/100
|
|-weather|Sandstorm|[upkeep]
|-damage|p1a: Tauros|0 fnt|[from] Sandstorm
|-damage|p2a: Hoopa|28/100 tox|[from] Sandstorm
|faint|p1a: Tauros
|-damage|p2a: Hoopa|0 fnt|[from] psn
|faint|p2a: Hoopa
|upkeep
|
|t:|1779951334
|switch|p1a: Torterra|Torterra, M|100/100
|switch|p2a: Mandibuzz|Mandibuzz, F, shiny|100/100
|turn|6
|
|t:|1779951341
|move|p2a: Mandibuzz|Toxic|p1a: Torterra
|-status|p1a: Torterra|tox
|move|p1a: Torterra|Leech Seed|p2a: Mandibuzz
|-start|p2a: Mandibuzz|move: Leech Seed
|
|-weather|Sandstorm|[upkeep]
|-damage|p2a: Mandibuzz|88/100|[from] Leech Seed|[of] p1a: Torterra
|-damage|p1a: Torterra|94/100 tox|[from] psn
|upkeep
|turn|7
|
|t:|1779951355
|switch|p1a: Toxapex|Toxapex, M|100/100
|move|p2a: Mandibuzz|Foul Play|p1a: Toxapex
|-crit|p1a: Toxapex
|-damage|p1a: Toxapex|84/100
|
|-weather|Sandstorm|[upkeep]
|-damage|p1a: Toxapex|78/100|[from] Sandstorm
|-heal|p1a: Toxapex|84/100|[from] item: Black Sludge
|-damage|p2a: Mandibuzz|76/100|[from] Leech Seed|[of] p1a: Toxapex
|-heal|p1a: Toxapex|100/100|[silent]
|upkeep
|turn|8
|
|t:|1779951369
|switch|p2a: Ting-Lu|Ting-Lu|100/100
|-ability|p2a: Ting-Lu|Vessel of Ruin
|move|p1a: Toxapex|Baneful Bunker||[still]
|-fail|p1a: Toxapex
|
|-weather|none
|upkeep
|turn|9
|
|t:|1779951378
|move|p2a: Ting-Lu|Stealth Rock|p1a: Toxapex
|-sidestart|p1: WiLDfan4|move: Stealth Rock
|move|p1a: Toxapex|Toxic|p2a: Ting-Lu
|-status|p2a: Ting-Lu|tox
|
|-damage|p2a: Ting-Lu|94/100 tox|[from] psn
|upkeep
|turn|10
|
|t:|1779951386
|move|p1a: Toxapex|Baneful Bunker|p1a: Toxapex
|-singleturn|p1a: Toxapex|move: Protect
|move|p2a: Ting-Lu|Earthquake|p1a: Toxapex
|-activate|p1a: Toxapex|move: Protect
|
|-damage|p2a: Ting-Lu|82/100 tox|[from] psn
|upkeep
|turn|11
|
|t:|1779951394
|switch|p1a: Talonflame|Talonflame, M|100/100
|move|p2a: Ting-Lu|Earthquake|p1a: Talonflame
|-immune|p1a: Talonflame
|
|-damage|p2a: Ting-Lu|63/100 tox|[from] psn
|upkeep
|turn|12
|
|t:|1779951403
|move|p1a: Talonflame|Defog|p2a: Ting-Lu
|-unboost|p2a: Ting-Lu|evasion|1
|-sideend|p1: WiLDfan4|Stealth Rock|[from] move: Defog|[of] p1a: Talonflame
|move|p2a: Ting-Lu|Stone Edge|p1a: Talonflame
|-supereffective|p1a: Talonflame
|-crit|p1a: Talonflame
|-damage|p1a: Talonflame|0 fnt
|faint|p1a: Talonflame
|
|-damage|p2a: Ting-Lu|39/100 tox|[from] psn
|upkeep
|
|t:|1779951414
|switch|p1a: Tinkaton|Tinkaton, F|100/100
|-ability|p1a: Tinkaton|Mold Breaker
|turn|13
|
|t:|1779951420
|move|p1a: Tinkaton|Play Rough|p2a: Ting-Lu
|-supereffective|p2a: Ting-Lu
|-damage|p2a: Ting-Lu|0 fnt
|faint|p2a: Ting-Lu
|
|upkeep
|
|t:|1779951425
|switch|p2a: Manaphy|Manaphy|100/100
|turn|14
|
|t:|1779951433
|switch|p1a: Toxapex|Toxapex, M|100/100
|move|p2a: Manaphy|Tail Glow|p2a: Manaphy
|-boost|p2a: Manaphy|spa|3
|
|upkeep
|turn|15
|
|t:|1779951443
|move|p2a: Manaphy|Scald|p1a: Toxapex
|-resisted|p1a: Toxapex
|-damage|p1a: Toxapex|72/100
|move|p1a: Toxapex|Haze|p1a: Toxapex
|-clearallboost
|
|-heal|p1a: Toxapex|78/100|[from] item: Black Sludge
|upkeep
|turn|16
|
|t:|1779951456
|move|p2a: Manaphy|Alluring Voice|p1a: Toxapex
|-resisted|p1a: Toxapex
|-damage|p1a: Toxapex|70/100
|move|p1a: Toxapex|Toxic|p2a: Manaphy
|-status|p2a: Manaphy|tox
|
|-heal|p1a: Toxapex|76/100|[from] item: Black Sludge
|-damage|p2a: Manaphy|94/100 tox|[from] psn
|upkeep
|turn|17
|
|t:|1779951465
|move|p1a: Toxapex|Baneful Bunker|p1a: Toxapex
|-singleturn|p1a: Toxapex|move: Protect
|move|p2a: Manaphy|Take Heart|p2a: Manaphy
|-boost|p2a: Manaphy|spa|1
|-boost|p2a: Manaphy|spd|1
|-curestatus|p2a: Manaphy|tox|[msg]
|
|-heal|p2a: Manaphy|100/100|[from] item: Leftovers
|-heal|p1a: Toxapex|82/100|[from] item: Black Sludge
|upkeep
|turn|18
|
|t:|1779951476
|move|p2a: Manaphy|Scald|p1a: Toxapex
|-resisted|p1a: Toxapex
|-damage|p1a: Toxapex|64/100
|-status|p1a: Toxapex|brn
|move|p1a: Toxapex|Haze|p1a: Toxapex
|-clearallboost
|
|-heal|p1a: Toxapex|70/100 brn|[from] item: Black Sludge
|-damage|p1a: Toxapex|64/100 brn|[from] brn
|upkeep
|turn|19
|
|t:|1779951488
|switch|p2a: Noivern|Noivern, F, shiny|100/100
|switch|p1a: Torterra|Torterra, M|94/100 tox
|
|-damage|p1a: Torterra|88/100 tox|[from] psn
|upkeep
|turn|20
|
|t:|1779951498
|switch|p1a: Tyranitar|Tyranitar, M|94/100
|-weather|Sandstorm|[from] ability: Sand Stream|[of] p1a: Tyranitar
|move|p2a: Noivern|Flamethrower|p1a: Tyranitar
|-resisted|p1a: Tyranitar
|-damage|p1a: Tyranitar|91/100
|
|-weather|Sandstorm|[upkeep]
|-damage|p2a: Noivern|94/100|[from] Sandstorm
|upkeep
|turn|21
|
|t:|1779951510
|move|p2a: Noivern|Draco Meteor|p1a: Tyranitar
|-damage|p1a: Tyranitar|75/100
|-unboost|p2a: Noivern|spa|2
|move|p1a: Tyranitar|Avalanche|p2a: Noivern
|-supereffective|p2a: Noivern
|-damage|p2a: Noivern|0 fnt
|faint|p2a: Noivern
|
|-weather|Sandstorm|[upkeep]
|upkeep
|
|t:|1779951517
|switch|p2a: Manaphy|Manaphy|100/100
|turn|22
|
|t:|1779951525
|switch|p1a: Torterra|Torterra, M|88/100 tox
|move|p2a: Manaphy|Tail Glow|p2a: Manaphy
|-boost|p2a: Manaphy|spa|3
|
|-weather|Sandstorm|[upkeep]
|-damage|p2a: Manaphy|94/100|[from] Sandstorm
|-heal|p2a: Manaphy|100/100|[from] item: Leftovers
|-damage|p1a: Torterra|82/100 tox|[from] psn
|upkeep
|turn|23
|
|t:|1779951538
|move|p2a: Manaphy|Alluring Voice|p1a: Torterra
|-damage|p1a: Torterra|32/100 tox
|move|p1a: Torterra|Leech Seed|p2a: Manaphy
|-start|p2a: Manaphy|move: Leech Seed
|
|-weather|Sandstorm|[upkeep]
|-damage|p2a: Manaphy|94/100|[from] Sandstorm
|-heal|p2a: Manaphy|100/100|[from] item: Leftovers
|-damage|p2a: Manaphy|88/100|[from] Leech Seed|[of] p1a: Torterra
|-heal|p1a: Torterra|49/100 tox|[silent]
|-damage|p1a: Torterra|36/100 tox|[from] psn
|upkeep
|turn|24
|
|t:|1779951550
|switch|p1a: Tyranitar|Tyranitar, M|75/100
|move|p2a: Manaphy|Take Heart|p2a: Manaphy
|-boost|p2a: Manaphy|spa|1
|-boost|p2a: Manaphy|spd|1
|
|-weather|none
|-heal|p2a: Manaphy|94/100|[from] item: Leftovers
|-damage|p2a: Manaphy|82/100|[from] Leech Seed|[of] p1a: Tyranitar
|-heal|p1a: Tyranitar|88/100|[silent]
|upkeep
|turn|25
|
|t:|1779951564
|move|p2a: Manaphy|Scald|p1a: Tyranitar
|-supereffective|p1a: Tyranitar
|-damage|p1a: Tyranitar|22/100
|move|p1a: Tyranitar|Crunch|p2a: Manaphy
|-damage|p2a: Manaphy|54/100
|-unboost|p2a: Manaphy|def|1
|
|-heal|p2a: Manaphy|60/100|[from] item: Leftovers
|-damage|p2a: Manaphy|48/100|[from] Leech Seed|[of] p1a: Tyranitar
|-heal|p1a: Tyranitar|35/100|[silent]
|upkeep
|turn|26
|
|t:|1779951577
|move|p2a: Manaphy|Alluring Voice|p1a: Tyranitar
|-supereffective|p1a: Tyranitar
|-damage|p1a: Tyranitar|0 fnt
|faint|p1a: Tyranitar
|
|-heal|p2a: Manaphy|54/100|[from] item: Leftovers
|upkeep
|
|t:|1779951584
|switch|p1a: Tinkaton|Tinkaton, F|100/100
|-ability|p1a: Tinkaton|Mold Breaker
|turn|27
|
|t:|1779951591
|-terastallize|p1a: Tinkaton|Dark
|move|p1a: Tinkaton|Knock Off|p2a: Manaphy
|-damage|p2a: Manaphy|10/100
|-enditem|p2a: Manaphy|Leftovers|[from] move: Knock Off|[of] p1a: Tinkaton
|move|p2a: Manaphy|Scald|p1a: Tinkaton
|-damage|p1a: Tinkaton|16/100
|
|-heal|p1a: Tinkaton|22/100|[from] item: Leftovers
|-damage|p2a: Manaphy|0 fnt|[from] Leech Seed|[of] p1a: Tinkaton
|-heal|p1a: Tinkaton|34/100|[silent]
|faint|p2a: Manaphy
|upkeep
|
|t:|1779951603
|switch|p2a: Cinderace|Cinderace, M|100/100
|turn|28
|
|t:|1779951608
|move|p2a: Cinderace|High Jump Kick|p1a: Tinkaton
|-start|p2a: Cinderace|typechange|Fighting|[from] ability: Libero
|-supereffective|p1a: Tinkaton
|-damage|p1a: Tinkaton|0 fnt
|faint|p1a: Tinkaton
|
|upkeep
|
|t:|1779951615
|switch|p1a: Toxapex|Toxapex, M|97/100 brn
|turn|29
|
|t:|1779951630
|switch|p2a: Mandibuzz|Mandibuzz, F, shiny|76/100
|move|p1a: Toxapex|Toxic|p2a: Mandibuzz
|-status|p2a: Mandibuzz|tox
|
|-heal|p1a: Toxapex|100/100 brn|[from] item: Black Sludge
|-damage|p2a: Mandibuzz|70/100 tox|[from] psn
|-damage|p1a: Toxapex|95/100 brn|[from] brn
|upkeep
|turn|30
|
|t:|1779951643
|move|p1a: Toxapex|Baneful Bunker|p1a: Toxapex
|-singleturn|p1a: Toxapex|move: Protect
|move|p2a: Mandibuzz|Defog|p1a: Toxapex
|-activate|p1a: Toxapex|move: Protect
|
|-heal|p1a: Toxapex|100/100 brn|[from] item: Black Sludge
|-damage|p2a: Mandibuzz|58/100 tox|[from] psn
|-damage|p1a: Toxapex|95/100 brn|[from] brn
|upkeep
|turn|31
|
|t:|1779951655
|switch|p1a: Torterra|Torterra, M|36/100 tox
|move|p2a: Mandibuzz|Roost|p2a: Mandibuzz
|-heal|p2a: Mandibuzz|100/100 tox
|-singleturn|p2a: Mandibuzz|move: Roost
|
|-damage|p2a: Mandibuzz|82/100 tox|[from] psn
|-damage|p1a: Torterra|30/100 tox|[from] psn
|upkeep
|turn|32
|
|t:|1779951666
|move|p2a: Mandibuzz|Foul Play|p1a: Torterra
|-damage|p1a: Torterra|8/100 tox
|move|p1a: Torterra|Leech Seed|p2a: Mandibuzz
|-start|p2a: Mandibuzz|move: Leech Seed
|
|-damage|p2a: Mandibuzz|70/100 tox|[from] Leech Seed|[of] p1a: Torterra
|-heal|p1a: Torterra|25/100 tox|[silent]
|-damage|p2a: Mandibuzz|46/100 tox|[from] psn
|-damage|p1a: Torterra|12/100 tox|[from] psn
|upkeep
|turn|33
|
|t:|1779951675
|switch|p1a: Toxapex|Toxapex, M|100/100 brn
|move|p2a: Mandibuzz|Roost|p2a: Mandibuzz
|-heal|p2a: Mandibuzz|96/100 tox
|-singleturn|p2a: Mandibuzz|move: Roost
|
|-damage|p2a: Mandibuzz|84/100 tox|[from] Leech Seed|[of] p1a: Toxapex
|-damage|p2a: Mandibuzz|53/100 tox|[from] psn
|-damage|p1a: Toxapex|95/100 brn|[from] brn
|upkeep
|turn|34
|
|t:|1779951688
|move|p1a: Toxapex|Baneful Bunker|p1a: Toxapex
|-singleturn|p1a: Toxapex|move: Protect
|move|p2a: Mandibuzz|Foul Play|p1a: Toxapex
|-activate|p1a: Toxapex|move: Protect
|
|-heal|p1a: Toxapex|100/100 brn|[from] item: Black Sludge
|-damage|p2a: Mandibuzz|41/100 tox|[from] Leech Seed|[of] p1a: Toxapex
|-damage|p2a: Mandibuzz|5/100 tox|[from] psn
|-damage|p1a: Toxapex|95/100 brn|[from] brn
|upkeep
|turn|35
|
|t:|1779951700
|switch|p1a: Torterra|Torterra, M|12/100 tox
|move|p2a: Mandibuzz|Roost|p2a: Mandibuzz
|-heal|p2a: Mandibuzz|55/100 tox
|-singleturn|p2a: Mandibuzz|move: Roost
|
|-damage|p2a: Mandibuzz|43/100 tox|[from] Leech Seed|[of] p1a: Torterra
|-heal|p1a: Torterra|29/100 tox|[silent]
|-damage|p2a: Mandibuzz|0 fnt|[from] psn
|faint|p2a: Mandibuzz
|-damage|p1a: Torterra|23/100 tox|[from] psn
|upkeep
|
|t:|1779951711
|switch|p2a: Cinderace|Cinderace, M|100/100
|turn|36
|
|t:|1779951717
|move|p2a: Cinderace|High Jump Kick|p1a: Torterra
|-start|p2a: Cinderace|typechange|Fighting|[from] ability: Libero
|-damage|p1a: Torterra|0 fnt
|faint|p1a: Torterra
|
|upkeep
|
|t:|1779951724
|switch|p1a: Toxapex|Toxapex, M|100/100 brn
|turn|37
|
|t:|1779951730
|move|p2a: Cinderace|High Jump Kick|p1a: Toxapex
|-resisted|p1a: Toxapex
|-damage|p1a: Toxapex|82/100 brn
|move|p1a: Toxapex|Toxic|p2a: Cinderace
|-status|p2a: Cinderace|tox
|
|-heal|p1a: Toxapex|88/100 brn|[from] item: Black Sludge
|-damage|p2a: Cinderace|95/100 tox|[from] psn
|-damage|p1a: Toxapex|82/100 brn|[from] brn
|upkeep
|turn|38
|
|t:|1779951750
|move|p1a: Toxapex|Baneful Bunker|p1a: Toxapex
|-singleturn|p1a: Toxapex|move: Protect
|move|p2a: Cinderace|Pyro Ball|p1a: Toxapex
|-activate|p1a: Toxapex|move: Protect
|
|-heal|p1a: Toxapex|88/100 brn|[from] item: Black Sludge
|-damage|p2a: Cinderace|83/100 tox|[from] psn
|-damage|p1a: Toxapex|82/100 brn|[from] brn
|upkeep
|turn|39
|c|☆iblameJoshua|GG
|
|t:|1779951765
|move|p2a: Cinderace|Pyro Ball|p1a: Toxapex
|-resisted|p1a: Toxapex
|-damage|p1a: Toxapex|68/100 brn
|move|p1a: Toxapex|Recover|p1a: Toxapex
|-heal|p1a: Toxapex|100/100 brn
|
|-damage|p2a: Cinderace|65/100 tox|[from] psn
|-damage|p1a: Toxapex|95/100 brn|[from] brn
|upkeep
|turn|40
|
|t:|1779951775
|move|p1a: Toxapex|Baneful Bunker|p1a: Toxapex
|-singleturn|p1a: Toxapex|move: Protect
|move|p2a: Cinderace|High Jump Kick|p1a: Toxapex
|-activate|p1a: Toxapex|move: Protect
|-damage|p2a: Cinderace|15/100 tox|[from] highjumpkick
|
|-heal|p1a: Toxapex|100/100 brn|[from] item: Black Sludge
|-damage|p2a: Cinderace|0 fnt|[from] psn
|faint|p2a: Cinderace
|
|win|WiLDfan4
|raw|WiLDfan4's rating: 1109 &rarr; <strong>1133</strong><br />(+24 for winning)
|raw|iblameJoshua's rating: 1096 &rarr; <strong>1073</strong><br />(-23 for losing)
|l|☆iblameJoshua
|player|p2|
|l|‽WiLDfan4
|player|p1|
