|j|☆npctypebeat
|j|☆Ziggytear
|t:|1779936448
|gametype|singles
|player|p1|npctypebeat|102|1095
|player|p2|Ziggytear|1|1165
|gen|9
|tier|[Gen 9] OU
|rated|
|rule|HP Percentage Mod: HP is shown in percentages
|rule|Endless Battle Clause: Forcing endless battles is banned
|rule|Species Clause: Limit one of each Pokémon
|rule|OHKO Clause: OHKO moves are banned
|rule|Evasion Items Clause: Evasion items are banned
|rule|Evasion Moves Clause: Evasion moves are banned
|rule|Evasion Abilities Clause: Evasion abilities are banned
|rule|Sleep Moves Clause: Sleep-inducing moves are banned
|clearpoke
|poke|p1|Gliscor, M|
|poke|p1|Gholdengo|
|poke|p1|Zamazenta-*|
|poke|p1|Blissey, F|
|poke|p1|Skarmory, F|
|poke|p1|Pecharunt|
|poke|p2|Zapdos-Galar|
|poke|p2|Espeon, F|
|poke|p2|Iron Moth|
|poke|p2|Volcanion|
|poke|p2|Gengar, F|
|poke|p2|Serperior, M|
|teampreview
|c|☆npctypebeat|hf
|inactive|Battle timer is ON: inactive players will automatically lose when time's up. (requested by npctypebeat)
|
|t:|1779936457
|teamsize|p1|6
|teamsize|p2|6
|start
|switch|p1a: Skarmory|Skarmory, F|100/100
|switch|p2a: Espeon|Espeon, F|100/100
|turn|1
|
|t:|1779936465
|switch|p1a: Gliscor|Gliscor, M|100/100
|move|p2a: Espeon|Reflect|p2a: Espeon
|-sidestart|p2: Ziggytear|Reflect
|
|-status|p1a: Gliscor|tox|[from] item: Toxic Orb
|upkeep
|turn|2
|
|t:|1779936473
|move|p2a: Espeon|Light Screen|p2a: Espeon
|-sidestart|p2: Ziggytear|move: Light Screen
|move|p1a: Gliscor|Earthquake|p2a: Espeon
|-damage|p2a: Espeon|72/100
|
|upkeep
|turn|3
|
|t:|1779936482
|move|p2a: Espeon|Future Sight|p1a: Gliscor
|-start|p2a: Espeon|move: Future Sight
|move|p1a: Gliscor|Earthquake|p2a: Espeon
|-damage|p2a: Espeon|42/100
|
|upkeep
|turn|4
|
|t:|1779936489
|move|p2a: Espeon|Draining Kiss|p1a: Gliscor
|-damage|p1a: Gliscor|84/100 tox
|-heal|p2a: Espeon|58/100|[from] drain|[of] p1a: Gliscor
|move|p1a: Gliscor|Swords Dance|p1a: Gliscor
|-boost|p1a: Gliscor|atk|2
|
|-heal|p1a: Gliscor|96/100 tox|[from] ability: Poison Heal
|upkeep
|turn|5
|
|t:|1779936493
|move|p2a: Espeon|Draining Kiss|p1a: Gliscor
|-damage|p1a: Gliscor|77/100 tox
|-heal|p2a: Espeon|77/100|[from] drain|[of] p1a: Gliscor
|move|p1a: Gliscor|Earthquake|p2a: Espeon
|-damage|p2a: Espeon|12/100
|
|-end|p1a: Gliscor|move: Future Sight
|-damage|p1a: Gliscor|19/100 tox
|-heal|p1a: Gliscor|31/100 tox|[from] ability: Poison Heal
|-sideend|p2: Ziggytear|Reflect
|upkeep
|turn|6
|
|t:|1779936501
|move|p2a: Espeon|Future Sight|p1a: Gliscor
|-start|p2a: Espeon|move: Future Sight
|move|p1a: Gliscor|Earthquake|p2a: Espeon
|-damage|p2a: Espeon|0 fnt
|faint|p2a: Espeon
|
|-heal|p1a: Gliscor|44/100 tox|[from] ability: Poison Heal
|-sideend|p2: Ziggytear|move: Light Screen
|upkeep
|
|t:|1779936507
|switch|p2a: Serperior|Serperior, M|100/100
|turn|7
|
|t:|1779936514
|move|p2a: Serperior|Leaf Storm|p1a: Gliscor
|-damage|p1a: Gliscor|3/100 tox
|-boost|p2a: Serperior|spa|2
|move|p1a: Gliscor|Earthquake|p2a: Serperior
|-resisted|p2a: Serperior
|-damage|p2a: Serperior|59/100
|
|-heal|p1a: Gliscor|16/100 tox|[from] ability: Poison Heal
|upkeep
|turn|8
|
|t:|1779936529
|move|p2a: Serperior|Glare||[still]
|-fail|p2a: Serperior
|move|p1a: Gliscor|Earthquake|p2a: Serperior
|-resisted|p2a: Serperior
|-damage|p2a: Serperior|20/100
|
|-end|p1a: Gliscor|move: Future Sight
|-damage|p1a: Gliscor|0 fnt
|faint|p1a: Gliscor
|upkeep
|
|t:|1779936534
|switch|p1a: Zamazenta|Zamazenta|100/100
|-ability|p1a: Zamazenta|Dauntless Shield|boost
|-boost|p1a: Zamazenta|def|1
|turn|9
|
|t:|1779936537
|move|p1a: Zamazenta|Close Combat|p2a: Serperior
|-damage|p2a: Serperior|0 fnt
|-unboost|p1a: Zamazenta|def|1
|-unboost|p1a: Zamazenta|spd|1
|faint|p2a: Serperior
|
|upkeep
|
|t:|1779936540
|switch|p2a: Gengar|Gengar, F|100/100
|turn|10
|
|t:|1779936542
|move|p1a: Zamazenta|Ice Fang|p2a: Gengar
|-damage|p2a: Gengar|60/100
|move|p2a: Gengar|Will-O-Wisp|p1a: Zamazenta|[miss]
|-miss|p2a: Gengar|p1a: Zamazenta
|
|upkeep
|turn|11
|
|t:|1779936546
|move|p1a: Zamazenta|Heavy Slam|p2a: Gengar
|-damage|p2a: Gengar|0 fnt
|faint|p2a: Gengar
|
|upkeep
|
|t:|1779936552
|switch|p2a: Zapdos|Zapdos-Galar|100/100
|turn|12
|
|t:|1779936554
|move|p1a: Zamazenta|Close Combat|p2a: Zapdos
|-resisted|p2a: Zapdos
|-damage|p2a: Zapdos|67/100
|-unboost|p1a: Zamazenta|def|1
|-unboost|p1a: Zamazenta|spd|1
|move|p2a: Zapdos|Trailblaze|p1a: Zamazenta
|-damage|p1a: Zamazenta|73/100
|-boost|p2a: Zapdos|spe|1
|
|upkeep
|turn|13
|
|t:|1779936560
|move|p2a: Zapdos|Knock Off|p1a: Zamazenta
|-resisted|p1a: Zamazenta
|-damage|p1a: Zamazenta|49/100
|-enditem|p1a: Zamazenta|Heavy-Duty Boots|[from] move: Knock Off|[of] p2a: Zapdos
|move|p1a: Zamazenta|Close Combat|p2a: Zapdos
|-resisted|p2a: Zapdos
|-damage|p2a: Zapdos|32/100
|-unboost|p1a: Zamazenta|def|1
|-unboost|p1a: Zamazenta|spd|1
|
|upkeep
|turn|14
|
|t:|1779936566
|move|p2a: Zapdos|Thunderous Kick|p1a: Zamazenta
|-damage|p1a: Zamazenta|0 fnt
|faint|p1a: Zamazenta
|
|upkeep
|
|t:|1779936571
|switch|p1a: Gholdengo|Gholdengo|100/100
|turn|15
|
|t:|1779936576
|move|p2a: Zapdos|Knock Off|p1a: Gholdengo
|-supereffective|p1a: Gholdengo
|-damage|p1a: Gholdengo|44/100
|-enditem|p1a: Gholdengo|Ability Shield|[from] move: Knock Off|[of] p2a: Zapdos
|move|p1a: Gholdengo|Hex|p2a: Zapdos
|-damage|p2a: Zapdos|0 fnt
|faint|p2a: Zapdos
|
|upkeep
|
|t:|1779936591
|switch|p2a: Iron Moth|Iron Moth|100/100
|-enditem|p2a: Iron Moth|Booster Energy
|-activate|p2a: Iron Moth|ability: Quark Drive|[fromitem]
|-start|p2a: Iron Moth|quarkdrivespe
|turn|16
|
|t:|1779936595
|switch|p1a: Blissey|Blissey, F|100/100
|move|p2a: Iron Moth|Fiery Dance|p1a: Blissey
|-damage|p1a: Blissey|88/100
|
|upkeep
|turn|17
|
|t:|1779936603
|move|p2a: Iron Moth|Acid Spray|p1a: Blissey
|-damage|p1a: Blissey|81/100
|-unboost|p1a: Blissey|spd|2
|move|p1a: Blissey|Calm Mind|p1a: Blissey
|-boost|p1a: Blissey|spa|1
|-boost|p1a: Blissey|spd|1
|
|upkeep
|turn|18
|
|t:|1779936616
|move|p2a: Iron Moth|Acid Spray|p1a: Blissey
|-damage|p1a: Blissey|72/100
|-unboost|p1a: Blissey|spd|2
|move|p1a: Blissey|Soft-Boiled|p1a: Blissey
|-heal|p1a: Blissey|100/100
|
|upkeep
|turn|19
|
|t:|1779936630
|move|p2a: Iron Moth|Acid Spray|p1a: Blissey
|-damage|p1a: Blissey|86/100
|-unboost|p1a: Blissey|spd|2
|move|p1a: Blissey|Calm Mind|p1a: Blissey
|-boost|p1a: Blissey|spa|1
|-boost|p1a: Blissey|spd|1
|
|upkeep
|turn|20
|
|t:|1779936645
|move|p2a: Iron Moth|Acid Spray|p1a: Blissey
|-damage|p1a: Blissey|66/100
|-unboost|p1a: Blissey|spd|2
|move|p1a: Blissey|Soft-Boiled|p1a: Blissey
|-heal|p1a: Blissey|100/100
|
|upkeep
|turn|21
|
|t:|1779936657
|switch|p1a: Gholdengo|Gholdengo|44/100
|move|p2a: Iron Moth|Acid Spray|p1a: Gholdengo
|-immune|p1a: Gholdengo
|
|upkeep
|turn|22
|
|t:|1779936667
|switch|p1a: Blissey|Blissey, F|100/100
|move|p2a: Iron Moth|Fiery Dance|p1a: Blissey
|-damage|p1a: Blissey|87/100
|-boost|p2a: Iron Moth|spa|1
|
|upkeep
|turn|23
|
|t:|1779936683
|move|p2a: Iron Moth|Acid Spray|p1a: Blissey
|-damage|p1a: Blissey|79/100
|-unboost|p1a: Blissey|spd|2
|move|p1a: Blissey|Shadow Ball|p2a: Iron Moth
|-damage|p2a: Iron Moth|85/100
|
|upkeep
|turn|24
|
|t:|1779936692
|move|p2a: Iron Moth|Acid Spray|p1a: Blissey
|-damage|p1a: Blissey|59/100
|-unboost|p1a: Blissey|spd|2
|move|p1a: Blissey|Shadow Ball|p2a: Iron Moth
|-damage|p2a: Iron Moth|69/100
|-unboost|p2a: Iron Moth|spd|1
|
|upkeep
|turn|25
|
|t:|1779936706
|move|p2a: Iron Moth|Acid Spray|p1a: Blissey
|-damage|p1a: Blissey|29/100
|-unboost|p1a: Blissey|spd|2
|move|p1a: Blissey|Shadow Ball|p2a: Iron Moth
|-damage|p2a: Iron Moth|47/100
|-unboost|p2a: Iron Moth|spd|1
|
|upkeep
|turn|26
|
|t:|1779936719
|switch|p1a: Pecharunt|Pecharunt|100/100
|move|p2a: Iron Moth|Acid Spray|p1a: Pecharunt
|-resisted|p1a: Pecharunt
|-damage|p1a: Pecharunt|93/100
|-unboost|p1a: Pecharunt|spd|2
|
|upkeep
|turn|27
|
|t:|1779936731
|switch|p1a: Blissey|Blissey, F|29/100
|move|p2a: Iron Moth|Fiery Dance|p1a: Blissey
|-damage|p1a: Blissey|11/100
|
|upkeep
|turn|28
|
|t:|1779936740
|move|p2a: Iron Moth|Fiery Dance|p1a: Blissey
|-damage|p1a: Blissey|0 fnt
|-boost|p2a: Iron Moth|spa|1
|faint|p1a: Blissey
|
|upkeep
|
|t:|1779936746
|switch|p1a: Pecharunt|Pecharunt|93/100
|turn|29
|
|t:|1779936758
|move|p2a: Iron Moth|Fiery Dance|p1a: Pecharunt
|-damage|p1a: Pecharunt|5/100
|-boost|p2a: Iron Moth|spa|1
|move|p1a: Pecharunt|Shadow Ball|p2a: Iron Moth
|-damage|p2a: Iron Moth|0 fnt
|faint|p2a: Iron Moth
|-end|p2a: Iron Moth|Quark Drive|[silent]
|
|upkeep
|
|t:|1779936761
|switch|p2a: Volcanion|Volcanion|100/100
|turn|30
|
|t:|1779936770
|move|p2a: Volcanion|Flame Charge|p1a: Pecharunt
|-damage|p1a: Pecharunt|0 fnt
|-boost|p2a: Volcanion|spe|1
|faint|p1a: Pecharunt
|
|upkeep
|
|t:|1779936785
|switch|p1a: Gholdengo|Gholdengo|44/100
|turn|31
|
|t:|1779936797
|-terastallize|p2a: Volcanion|Ground
|move|p2a: Volcanion|Scorching Sands|p1a: Gholdengo
|-supereffective|p1a: Gholdengo
|-damage|p1a: Gholdengo|0 fnt
|faint|p1a: Gholdengo
|
|upkeep
|
|t:|1779936804
|switch|p1a: Skarmory|Skarmory, F|100/100
|turn|32
|
|t:|1779936820
|move|p2a: Volcanion|Steam Eruption|p1a: Skarmory
|-damage|p1a: Skarmory|25/100
|-status|p1a: Skarmory|brn
|move|p1a: Skarmory|Whirlwind||[still]
|-fail|p1a: Skarmory
|
|-damage|p1a: Skarmory|19/100 brn|[from] brn
|upkeep
|turn|33
|
|t:|1779936837
|move|p2a: Volcanion|Steam Eruption|p1a: Skarmory|[miss]
|-miss|p2a: Volcanion|p1a: Skarmory
|move|p1a: Skarmory|Roost|p1a: Skarmory
|-heal|p1a: Skarmory|69/100 brn
|-singleturn|p1a: Skarmory|move: Roost
|
|-damage|p1a: Skarmory|63/100 brn|[from] brn
|upkeep
|turn|34
|
|t:|1779936852
|move|p2a: Volcanion|Steam Eruption|p1a: Skarmory
|-damage|p1a: Skarmory|0 fnt
|faint|p1a: Skarmory
|
|win|Ziggytear
|raw|npctypebeat's rating: 1095 &rarr; <strong>1076</strong><br />(-19 for losing)
|raw|Ziggytear's rating: 1165 &rarr; <strong>1185</strong><br />(+20 for winning)
|c|☆npctypebeat|gg
