|j|☆WiiShopMusic
|j|☆55tyhg4
|t:|1779905199
|gametype|singles
|player|p1|WiiShopMusic|102|1356
|player|p2|55tyhg4|170|1302
|gen|9
|tier|[Gen 9] OU
|rated|
|rule|HP Percentage Mod: HP is shown in percentages
|rule|Endless Battle Clause: Forcing endless battles is banned
|rule|Species Clause: Limit one of each Pokémon
|rule|OHKO Clause: OHKO moves are banned
|rule|Evasion Items Clause: Evasion items are banned
|rule|Evasion Moves Clause: Evasion moves are banned
|rule|Evasion Abilities Clause: Evasion abilities are banned
|rule|Sleep Moves Clause: Sleep-inducing moves are banned
|clearpoke
|poke|p1|Ninetales-Alola, M|
|poke|p1|Sandslash-Alola, M|
|poke|p1|Cetitan, F|
|poke|p1|Toxapex, F|
|poke|p1|Pawmot, F|
|poke|p1|Beartic, F|
|poke|p2|Ditto|
|poke|p2|Clefable, M|
|poke|p2|Toxapex, F|
|poke|p2|Garganacl, F|
|poke|p2|Mew|
|poke|p2|Rotom-Wash|
|teampreview
|inactive|Battle timer is ON: inactive players will automatically lose when time's up. (requested by 55tyhg4)
|
|t:|1779905215
|teamsize|p1|6
|teamsize|p2|6
|start
|switch|p1a: Ninetales|Ninetales-Alola, M|100/100
|switch|p2a: Rotom|Rotom-Wash|100/100
|-weather|Snowscape|[from] ability: Snow Warning|[of] p1a: Ninetales
|turn|1
|inactive|WiiShopMusic has 120 seconds left.
|
|t:|1779905246
|switch|p1a: Cetitan|Cetitan, F|100/100
|move|p2a: Rotom|Trick|p1a: Cetitan
|-activate|p2a: Rotom|move: Trick|[of] p1a: Cetitan
|-item|p1a: Cetitan|Choice Scarf|[from] move: Trick
|-item|p2a: Rotom|Sitrus Berry|[from] move: Trick
|
|-weather|Snowscape|[upkeep]
|upkeep
|turn|2
|inactive|WiiShopMusic has 120 seconds left.
|
|t:|1779905259
|move|p1a: Cetitan|Ice Spinner|p2a: Rotom
|-resisted|p2a: Rotom
|-damage|p2a: Rotom|78/100
|move|p2a: Rotom|Will-O-Wisp|p1a: Cetitan
|-status|p1a: Cetitan|brn
|
|-weather|Snowscape|[upkeep]
|-damage|p1a: Cetitan|94/100 brn|[from] brn
|upkeep
|turn|3
|
|t:|1779905271
|switch|p2a: Mew|Mew|100/100
|move|p1a: Cetitan|Ice Spinner|p2a: Mew
|-damage|p2a: Mew|85/100
|
|-weather|Snowscape|[upkeep]
|-damage|p1a: Cetitan|88/100 brn|[from] brn
|upkeep
|turn|4
|
|t:|1779905279
|switch|p1a: Beartic|Beartic, F|100/100
|move|p2a: Mew|Stealth Rock|p1a: Beartic
|-sidestart|p1: WiiShopMusic|move: Stealth Rock
|
|-weather|Snowscape|[upkeep]
|upkeep
|turn|5
|
|t:|1779905289
|switch|p2a: Toxapex|Toxapex, F|100/100
|move|p1a: Beartic|Icicle Spear|p2a: Toxapex
|-resisted|p2a: Toxapex
|-damage|p2a: Toxapex|97/100
|-resisted|p2a: Toxapex
|-damage|p2a: Toxapex|92/100
|-resisted|p2a: Toxapex
|-damage|p2a: Toxapex|88/100
|-resisted|p2a: Toxapex
|-damage|p2a: Toxapex|83/100
|-hitcount|p2a: Toxapex|4
|
|-weather|Snowscape|[upkeep]
|-heal|p2a: Toxapex|90/100|[from] item: Black Sludge
|upkeep
|turn|6
|
|t:|1779905293
|move|p1a: Beartic|Earthquake|p2a: Toxapex
|-supereffective|p2a: Toxapex
|-damage|p2a: Toxapex|41/100
|move|p2a: Toxapex|Toxic|p1a: Beartic
|-status|p1a: Beartic|tox
|
|-weather|Snowscape|[upkeep]
|-heal|p2a: Toxapex|47/100|[from] item: Black Sludge
|-damage|p1a: Beartic|94/100 tox|[from] psn
|upkeep
|turn|7
|
|t:|1779905299
|switch|p2a: Rotom|Rotom-Wash|78/100
|move|p1a: Beartic|Swords Dance|p1a: Beartic
|-boost|p1a: Beartic|atk|2
|
|-weather|Snowscape|[upkeep]
|-damage|p1a: Beartic|82/100 tox|[from] psn
|upkeep
|turn|8
|
|t:|1779905305
|move|p1a: Beartic|Close Combat|p2a: Rotom
|-damage|p2a: Rotom|0 fnt
|-unboost|p1a: Beartic|def|1
|-unboost|p1a: Beartic|spd|1
|faint|p2a: Rotom
|
|-weather|none
|-damage|p1a: Beartic|64/100 tox|[from] psn
|upkeep
|
|t:|1779905308
|switch|p2a: Ditto|Ditto|100/100
|-transform|p2a: Ditto|p1a: Beartic|[from] ability: Imposter
|turn|9
|
|t:|1779905314
|move|p2a: Ditto|Close Combat|p1a: Beartic
|-supereffective|p1a: Beartic
|-damage|p1a: Beartic|0 fnt
|-unboost|p2a: Ditto|def|1
|-unboost|p2a: Ditto|spd|1
|faint|p1a: Beartic
|
|upkeep
|
|t:|1779905316
|switch|p1a: Toxapex|Toxapex, F|100/100
|-damage|p1a: Toxapex|88/100|[from] Stealth Rock
|turn|10
|
|t:|1779905324
|switch|p2a: Mew|Mew|85/100
|move|p1a: Toxapex|Surf|p2a: Mew
|-damage|p2a: Mew|71/100
|
|upkeep
|turn|11
|
|t:|1779905332
|switch|p1a: Cetitan|Cetitan, F|88/100 brn
|-damage|p1a: Cetitan|63/100 brn|[from] Stealth Rock
|move|p2a: Mew|Trick|p1a: Cetitan
|-activate|p2a: Mew|move: Trick|[of] p1a: Cetitan
|-item|p1a: Cetitan|Choice Scarf|[from] move: Trick
|-item|p2a: Mew|Choice Scarf|[from] move: Trick
|
|-damage|p1a: Cetitan|57/100 brn|[from] brn
|upkeep
|turn|12
|
|t:|1779905338
|switch|p2a: Toxapex|Toxapex, F|80/100
|move|p1a: Cetitan|Ice Spinner|p2a: Toxapex
|-resisted|p2a: Toxapex
|-damage|p2a: Toxapex|74/100
|
|-heal|p2a: Toxapex|80/100|[from] item: Black Sludge
|-damage|p1a: Cetitan|50/100 brn|[from] brn
|upkeep
|turn|13
|
|t:|1779905344
|switch|p1a: Toxapex|Toxapex, F|100/100
|-damage|p1a: Toxapex|88/100|[from] Stealth Rock
|move|p2a: Toxapex|Liquidation|p1a: Toxapex
|-resisted|p1a: Toxapex
|-damage|p1a: Toxapex|81/100
|-enditem|p1a: Toxapex|Eject Button
|
|t:|1779905348
|switch|p1a: Sandslash|Sandslash-Alola, M|100/100
|-damage|p1a: Sandslash|88/100|[from] Stealth Rock
|
|-heal|p2a: Toxapex|87/100|[from] item: Black Sludge
|upkeep
|turn|14
|
|t:|1779905351
|move|p1a: Sandslash|Rapid Spin|p2a: Toxapex
|-damage|p2a: Toxapex|75/100
|-boost|p1a: Sandslash|spe|1
|-sideend|p1: WiiShopMusic|Stealth Rock|[from] move: Rapid Spin|[of] p1a: Sandslash
|-damage|p1a: Sandslash|78/100|[from] item: Life Orb
|move|p2a: Toxapex|Liquidation|p1a: Sandslash
|-damage|p1a: Sandslash|58/100
|
|-heal|p2a: Toxapex|81/100|[from] item: Black Sludge
|upkeep
|turn|15
|
|t:|1779905361
|move|p1a: Sandslash|Earthquake|p2a: Toxapex
|-supereffective|p2a: Toxapex
|-crit|p2a: Toxapex
|-damage|p2a: Toxapex|15/100
|-damage|p1a: Sandslash|48/100|[from] item: Life Orb
|move|p2a: Toxapex|Liquidation|p1a: Sandslash
|-damage|p1a: Sandslash|27/100
|
|-heal|p2a: Toxapex|21/100|[from] item: Black Sludge
|upkeep
|turn|16
|
|t:|1779905366
|switch|p2a: Mew|Mew|71/100
|move|p1a: Sandslash|Earthquake|p2a: Mew
|-damage|p2a: Mew|44/100
|-damage|p1a: Sandslash|17/100|[from] item: Life Orb
|
|upkeep
|turn|17
|
|t:|1779905376
|switch|p1a: Cetitan|Cetitan, F|50/100 brn
|move|p2a: Mew|Will-O-Wisp|p1a: Cetitan
|-fail|p1a: Cetitan|brn
|
|-damage|p1a: Cetitan|44/100 brn|[from] brn
|upkeep
|turn|18
|
|t:|1779905382
|switch|p2a: Toxapex|Toxapex, F|54/100
|move|p1a: Cetitan|Earthquake|p2a: Toxapex
|-supereffective|p2a: Toxapex
|-damage|p2a: Toxapex|34/100
|
|-heal|p2a: Toxapex|41/100|[from] item: Black Sludge
|-damage|p1a: Cetitan|38/100 brn|[from] brn
|upkeep
|turn|19
|
|t:|1779905387
|move|p1a: Cetitan|Earthquake|p2a: Toxapex
|-supereffective|p2a: Toxapex
|-damage|p2a: Toxapex|21/100
|move|p2a: Toxapex|Recover|p2a: Toxapex
|-heal|p2a: Toxapex|71/100
|
|-heal|p2a: Toxapex|77/100|[from] item: Black Sludge
|-damage|p1a: Cetitan|32/100 brn|[from] brn
|upkeep
|turn|20
|
|t:|1779905394
|move|p1a: Cetitan|Earthquake|p2a: Toxapex
|-supereffective|p2a: Toxapex
|-damage|p2a: Toxapex|56/100
|move|p2a: Toxapex|Liquidation|p1a: Cetitan
|-damage|p1a: Cetitan|12/100 brn
|
|-heal|p2a: Toxapex|62/100|[from] item: Black Sludge
|-damage|p1a: Cetitan|5/100 brn|[from] brn
|upkeep
|turn|21
|
|t:|1779905404
|switch|p1a: Pawmot|Pawmot, F|100/100
|move|p2a: Toxapex|Recover|p2a: Toxapex
|-heal|p2a: Toxapex|100/100
|
|upkeep
|turn|22
|
|t:|1779905408
|move|p1a: Pawmot|Revival Blessing|p1a: Pawmot
|-enditem|p1a: Pawmot|Leppa Berry|[eat]
|-activate|p1a: Pawmot|item: Leppa Berry|Revival Blessing|[consumed]
|
|t:|1779905410
|-heal|p1: Beartic|50/100|[from] move: Revival Blessing
|move|p2a: Toxapex|Toxic|p1a: Pawmot
|-status|p1a: Pawmot|tox
|
|-damage|p1a: Pawmot|94/100 tox|[from] psn
|upkeep
|turn|23
|
|t:|1779905415
|move|p1a: Pawmot|Nuzzle|p2a: Toxapex
|-supereffective|p2a: Toxapex
|-damage|p2a: Toxapex|91/100
|-status|p2a: Toxapex|par
|move|p2a: Toxapex|Liquidation|p1a: Pawmot
|-damage|p1a: Pawmot|69/100 tox
|-unboost|p1a: Pawmot|def|1
|
|-heal|p2a: Toxapex|97/100 par|[from] item: Black Sludge
|-damage|p1a: Pawmot|57/100 tox|[from] psn
|upkeep
|turn|24
|
|t:|1779905427
|switch|p1a: Cetitan|Cetitan, F|5/100 brn
|move|p2a: Toxapex|Liquidation|p1a: Cetitan
|-damage|p1a: Cetitan|0 fnt
|faint|p1a: Cetitan
|
|-heal|p2a: Toxapex|100/100 par|[from] item: Black Sludge
|upkeep
|
|t:|1779905429
|switch|p1a: Pawmot|Pawmot, F|57/100 tox
|turn|25
|
|t:|1779905432
|move|p1a: Pawmot|Revival Blessing|p1a: Pawmot
|
|t:|1779905434
|-heal|p1: Cetitan|50/100|[from] move: Revival Blessing
|cant|p2a: Toxapex|par
|
|-damage|p1a: Pawmot|51/100 tox|[from] psn
|upkeep
|turn|26
|
|t:|1779905440
|switch|p1a: Toxapex|Toxapex, F|100/100
|cant|p2a: Toxapex|par
|
|upkeep
|turn|27
|
|t:|1779905447
|switch|p2a: Garganacl|Garganacl, F|100/100
|move|p1a: Toxapex|Surf|p2a: Garganacl
|-supereffective|p2a: Garganacl
|-damage|p2a: Garganacl|74/100
|
|-heal|p2a: Garganacl|80/100|[from] item: Leftovers
|upkeep
|turn|28
|
|t:|1779905455
|switch|p1a: Sandslash|Sandslash-Alola, M|17/100
|move|p2a: Garganacl|Salt Cure|p1a: Sandslash
|-damage|p1a: Sandslash|3/100
|-start|p1a: Sandslash|Salt Cure
|
|-heal|p2a: Garganacl|86/100|[from] item: Leftovers
|-damage|p1a: Sandslash|0 fnt|[from] Salt Cure
|faint|p1a: Sandslash
|upkeep
|
|t:|1779905461
|switch|p1a: Beartic|Beartic, F|50/100
|turn|29
|
|t:|1779905464
|switch|p2a: Toxapex|Toxapex, F|100/100 par
|-terastallize|p1a: Beartic|Fighting
|move|p1a: Beartic|Close Combat|p2a: Toxapex
|-resisted|p2a: Toxapex
|-damage|p2a: Toxapex|79/100 par
|-unboost|p1a: Beartic|def|1
|-unboost|p1a: Beartic|spd|1
|
|-heal|p2a: Toxapex|85/100 par|[from] item: Black Sludge
|upkeep
|turn|30
|
|t:|1779905472
|move|p1a: Beartic|Earthquake|p2a: Toxapex
|-supereffective|p2a: Toxapex
|-damage|p2a: Toxapex|40/100 par
|move|p2a: Toxapex|Liquidation|p1a: Beartic
|-damage|p1a: Beartic|15/100
|
|-heal|p2a: Toxapex|47/100 par|[from] item: Black Sludge
|upkeep
|turn|31
|
|t:|1779905478
|switch|p2a: Mew|Mew|44/100
|move|p1a: Beartic|Earthquake|p2a: Mew
|-damage|p2a: Mew|21/100
|
|upkeep
|turn|32
|
|t:|1779905485
|move|p2a: Mew|Stealth Rock|p1a: Beartic
|-sidestart|p1: WiiShopMusic|move: Stealth Rock
|move|p1a: Beartic|Earthquake|p2a: Mew
|-damage|p2a: Mew|0 fnt
|faint|p2a: Mew
|
|upkeep
|
|t:|1779905488
|switch|p2a: Ditto|Ditto|100/100
|-transform|p2a: Ditto|p1a: Beartic|[from] ability: Imposter
|-start|p2a: Ditto|typechange|Ice|[silent]
|turn|33
|
|t:|1779905494
|switch|p1a: Pawmot|Pawmot, F|51/100 tox
|-damage|p1a: Pawmot|45/100 tox|[from] Stealth Rock
|move|p2a: Ditto|Earthquake|p1a: Pawmot
|-supereffective|p1a: Pawmot
|-damage|p1a: Pawmot|0 fnt
|faint|p1a: Pawmot
|
|upkeep
|
|t:|1779905506
|switch|p1a: Ninetales|Ninetales-Alola, M|100/100
|-damage|p1a: Ninetales|76/100|[from] Stealth Rock
|-weather|Snowscape|[from] ability: Snow Warning|[of] p1a: Ninetales
|turn|34
|
|t:|1779905516
|switch|p2a: Toxapex|Toxapex, F|80/100 par
|switch|p1a: Beartic|Beartic, F, tera:Fighting|15/100
|-damage|p1a: Beartic|9/100|[from] Stealth Rock
|
|-weather|Snowscape|[upkeep]
|-heal|p2a: Toxapex|86/100 par|[from] item: Black Sludge
|upkeep
|turn|35
|
|t:|1779905519
|move|p1a: Beartic|Earthquake|p2a: Toxapex
|-supereffective|p2a: Toxapex
|-damage|p2a: Toxapex|41/100 par
|cant|p2a: Toxapex|par
|
|-weather|Snowscape|[upkeep]
|-heal|p2a: Toxapex|47/100 par|[from] item: Black Sludge
|upkeep
|turn|36
|
|t:|1779905535
|move|p1a: Beartic|Earthquake|p2a: Toxapex
|-supereffective|p2a: Toxapex
|-damage|p2a: Toxapex|3/100 par
|move|p2a: Toxapex|Toxic|p1a: Beartic
|-status|p1a: Beartic|tox
|
|-weather|Snowscape|[upkeep]
|-heal|p2a: Toxapex|10/100 par|[from] item: Black Sludge
|-damage|p1a: Beartic|3/100 tox|[from] psn
|upkeep
|turn|37
|
|t:|1779905545
|switch|p2a: Ditto|Ditto|100/100
|-transform|p2a: Ditto|p1a: Beartic|[from] ability: Imposter
|move|p1a: Beartic|Close Combat|p2a: Ditto
|-supereffective|p2a: Ditto
|-damage|p2a: Ditto|0 fnt
|-unboost|p1a: Beartic|def|1
|-unboost|p1a: Beartic|spd|1
|faint|p2a: Ditto
|
|-weather|Snowscape|[upkeep]
|-damage|p1a: Beartic|0 fnt|[from] psn
|faint|p1a: Beartic
|upkeep
|
|t:|1779905554
|switch|p2a: Garganacl|Garganacl, F|86/100
|switch|p1a: Cetitan|Cetitan, F|50/100
|-damage|p1a: Cetitan|25/100|[from] Stealth Rock
|turn|38
|
|t:|1779905558
|move|p1a: Cetitan|Earthquake|p2a: Garganacl
|-supereffective|p2a: Garganacl
|-damage|p2a: Garganacl|44/100
|move|p2a: Garganacl|Salt Cure|p1a: Cetitan
|-supereffective|p1a: Cetitan
|-damage|p1a: Cetitan|7/100
|-start|p1a: Cetitan|Salt Cure
|
|-weather|Snowscape|[upkeep]
|-heal|p2a: Garganacl|50/100|[from] item: Leftovers
|-damage|p1a: Cetitan|0 fnt|[from] Salt Cure
|faint|p1a: Cetitan
|upkeep
|
|t:|1779905564
|switch|p1a: Ninetales|Ninetales-Alola, M|76/100
|-damage|p1a: Ninetales|51/100|[from] Stealth Rock
|turn|39
|
|t:|1779905566
|move|p1a: Ninetales|Blizzard|p2a: Garganacl
|-damage|p2a: Garganacl|21/100
|move|p2a: Garganacl|Recover|p2a: Garganacl
|-heal|p2a: Garganacl|71/100
|
|-weather|Snowscape|[upkeep]
|-heal|p2a: Garganacl|77/100|[from] item: Leftovers
|upkeep
|turn|40
|-message|WiiShopMusic forfeited.
|
|win|55tyhg4
|raw|WiiShopMusic's rating: 1356 &rarr; <strong>1333</strong><br />(-23 for losing)
|raw|55tyhg4's rating: 1302 &rarr; <strong>1325</strong><br />(+23 for winning)
|l|☆WiiShopMusic
|player|p1|
