|j|☆junepie
|j|☆slashist
|t:|1779918358
|gametype|singles
|player|p1|junepie|169|1080
|player|p2|slashist|lucas-gen4pt|1095
|gen|9
|tier|[Gen 9] OU
|rated|
|rule|HP Percentage Mod: HP is shown in percentages
|rule|Endless Battle Clause: Forcing endless battles is banned
|rule|Species Clause: Limit one of each Pokémon
|rule|OHKO Clause: OHKO moves are banned
|rule|Evasion Items Clause: Evasion items are banned
|rule|Evasion Moves Clause: Evasion moves are banned
|rule|Evasion Abilities Clause: Evasion abilities are banned
|rule|Sleep Moves Clause: Sleep-inducing moves are banned
|clearpoke
|poke|p1|Spiritomb, M|
|poke|p1|Mimikyu, F|
|poke|p1|Dusclops, F|
|poke|p1|Gengar, M|
|poke|p1|Gliscor, F|
|poke|p1|Inteleon, M|
|poke|p2|Deoxys-Speed|
|poke|p2|Slowking-Galar, F|
|poke|p2|Kyurem|
|poke|p2|Garganacl, M|
|poke|p2|Gholdengo|
|poke|p2|Kingambit, F|
|teampreview
|inactive|Battle timer is ON: inactive players will automatically lose when time's up. (requested by slashist)
|inactive|junepie has 120 seconds left.
|inactive|junepie has 90 seconds left.
|inactive|junepie has 60 seconds left.
|
|t:|1779918502
|teamsize|p1|6
|teamsize|p2|6
|start
|switch|p1a: Spiritomb|Spiritomb, M|100/100
|switch|p2a: Slowking|Slowking-Galar, F|100/100
|turn|1
|inactive|junepie has 120 seconds left.
|
|t:|1779918515
|move|p1a: Spiritomb|Will-O-Wisp|p2a: Slowking
|-status|p2a: Slowking|brn
|-prepare|p2a: Slowking|Chilly Reception|[premajor]
|move|p2a: Slowking|Chilly Reception|p2a: Slowking
|-weather|Snowscape
|
|t:|1779918520
|switch|p2a: Kyurem|Kyurem|100/100|[from] Chilly Reception
|-ability|p2a: Kyurem|Pressure
|
|-weather|Snowscape|[upkeep]
|upkeep
|turn|2
|
|t:|1779918533
|move|p2a: Kyurem|Blizzard|p1a: Spiritomb
|-damage|p1a: Spiritomb|19/100
|-damage|p2a: Kyurem|91/100|[from] item: Life Orb
|move|p1a: Spiritomb|Will-O-Wisp|p2a: Kyurem
|-status|p2a: Kyurem|brn
|
|-weather|Snowscape|[upkeep]
|-heal|p1a: Spiritomb|25/100|[from] item: Leftovers
|-damage|p2a: Kyurem|84/100 brn|[from] brn
|upkeep
|turn|3
|
|t:|1779918546
|move|p2a: Kyurem|Blizzard|p1a: Spiritomb
|-crit|p1a: Spiritomb
|-damage|p1a: Spiritomb|0 fnt
|faint|p1a: Spiritomb
|-damage|p2a: Kyurem|74/100 brn|[from] item: Life Orb
|
|-weather|Snowscape|[upkeep]
|-damage|p2a: Kyurem|68/100 brn|[from] brn
|upkeep
|inactive|junepie has 120 seconds left.
|
|t:|1779918557
|switch|p1a: Mimikyu|Mimikyu, F|100/100
|turn|4
|
|t:|1779918564
|move|p2a: Kyurem|Blizzard|p1a: Mimikyu
|-activate|p1a: Mimikyu|ability: Disguise
|-damage|p1a: Mimikyu|100/100
|detailschange|p1a: Mimikyu|Mimikyu-Busted, F
|-damage|p1a: Mimikyu|88/100|[from] pokemon: Mimikyu-Busted
|-damage|p2a: Kyurem|58/100 brn|[from] item: Life Orb
|move|p1a: Mimikyu|Swords Dance|p1a: Mimikyu
|-boost|p1a: Mimikyu|atk|2
|
|-weather|Snowscape|[upkeep]
|-damage|p2a: Kyurem|52/100 brn|[from] brn
|upkeep
|turn|5
|
|t:|1779918582
|move|p2a: Kyurem|Blizzard|p1a: Mimikyu
|-damage|p1a: Mimikyu|0 fnt
|faint|p1a: Mimikyu
|-damage|p2a: Kyurem|42/100 brn|[from] item: Life Orb
|
|-weather|none
|-damage|p2a: Kyurem|36/100 brn|[from] brn
|upkeep
|inactive|junepie has 120 seconds left.
|
|t:|1779918593
|switch|p1a: Inteleon|Inteleon, M|100/100
|turn|6
|
|t:|1779918602
|move|p1a: Inteleon|Dark Pulse|p2a: Kyurem
|-crit|p2a: Kyurem
|-damage|p2a: Kyurem|0 fnt
|faint|p2a: Kyurem
|
|upkeep
|
|t:|1779918612
|switch|p2a: Garganacl|Garganacl, M|100/100
|turn|7
|
|t:|1779918621
|switch|p1a: Dusclops|Dusclops, F|100/100
|-ability|p1a: Dusclops|Pressure
|move|p2a: Garganacl|Salt Cure|p1a: Dusclops
|-damage|p1a: Dusclops|91/100
|-start|p1a: Dusclops|Salt Cure
|
|-damage|p1a: Dusclops|79/100|[from] Salt Cure
|upkeep
|turn|8
|
|t:|1779918637
|move|p2a: Garganacl|Iron Defense|p2a: Garganacl
|-boost|p2a: Garganacl|def|2
|move|p1a: Dusclops|Curse|p2a: Garganacl
|-start|p2a: Garganacl|Curse|[of] p1a: Dusclops
|-damage|p1a: Dusclops|29/100
|
|-damage|p2a: Garganacl|75/100|[from] Curse
|-damage|p1a: Dusclops|16/100|[from] Salt Cure
|upkeep
|turn|9
|
|t:|1779918654
|switch|p2a: Kingambit|Kingambit, F|100/100
|-activate|p2a: Kingambit|ability: Supreme Overlord
|-start|p2a: Kingambit|fallen1|[silent]
|move|p1a: Dusclops|Rest|p1a: Dusclops
|-status|p1a: Dusclops|slp|[from] move: Rest
|-heal|p1a: Dusclops|100/100 slp|[silent]
|
|-damage|p1a: Dusclops|88/100 slp|[from] Salt Cure
|upkeep
|turn|10
|
|t:|1779918672
|move|p2a: Kingambit|Swords Dance|p2a: Kingambit
|-boost|p2a: Kingambit|atk|2
|cant|p1a: Dusclops|slp
|move|p1a: Dusclops|Sleep Talk|p1a: Dusclops
|move|p1a: Dusclops|Curse|p2a: Kingambit|[from] move: Sleep Talk
|-start|p2a: Kingambit|Curse|[of] p1a: Dusclops
|-damage|p1a: Dusclops|38/100 slp
|
|-damage|p2a: Kingambit|76/100|[from] Curse
|-damage|p1a: Dusclops|26/100 slp|[from] Salt Cure
|upkeep
|turn|11
|
|t:|1779918685
|-end|p2a: Kingambit|fallen1|[silent]
|switch|p2a: Garganacl|Garganacl, M|75/100
|cant|p1a: Dusclops|slp
|move|p1a: Dusclops|Sleep Talk|p1a: Dusclops
|move|p1a: Dusclops|Night Shade|p2a: Garganacl|[from] move: Sleep Talk
|-damage|p2a: Garganacl|51/100
|
|-heal|p2a: Garganacl|57/100|[from] item: Leftovers
|-damage|p1a: Dusclops|14/100 slp|[from] Salt Cure
|upkeep
|turn|12
|
|t:|1779918698
|move|p2a: Garganacl|Recover|p2a: Garganacl
|-heal|p2a: Garganacl|100/100
|-curestatus|p1a: Dusclops|slp|[msg]
|move|p1a: Dusclops|Curse|p2a: Garganacl
|-start|p2a: Garganacl|Curse|[of] p1a: Dusclops
|-damage|p1a: Dusclops|0 fnt
|faint|p1a: Dusclops
|
|-damage|p2a: Garganacl|75/100|[from] Curse
|upkeep
|
|t:|1779918720
|switch|p1a: Inteleon|Inteleon, M|100/100
|turn|13
|
|t:|1779918736
|move|p1a: Inteleon|Hydro Pump|p2a: Garganacl
|-supereffective|p2a: Garganacl
|-damage|p2a: Garganacl|0 fnt
|faint|p2a: Garganacl
|
|upkeep
|inactive|slashist has 120 seconds left.
|
|t:|1779918752
|switch|p2a: Slowking|Slowking-Galar, F|100/100 brn
|turn|14
|
|t:|1779918756
|move|p1a: Inteleon|Hydro Pump|p2a: Slowking
|-crit|p2a: Slowking
|-damage|p2a: Slowking|0 fnt
|faint|p2a: Slowking
|
|upkeep
|inactive|slashist has 120 seconds left.
|
|t:|1779918767
|switch|p2a: Deoxys|Deoxys-Speed|100/100
|-ability|p2a: Deoxys|Pressure
|turn|15
|
|t:|1779918775
|move|p2a: Deoxys|Psycho Boost|p1a: Inteleon
|-damage|p1a: Inteleon|0 fnt
|-unboost|p2a: Deoxys|spa|2
|faint|p1a: Inteleon
|-damage|p2a: Deoxys|91/100|[from] item: Life Orb
|
|upkeep
|
|t:|1779918786
|switch|p1a: Gengar|Gengar, M|100/100
|turn|16
|
|t:|1779918795
|switch|p2a: Kingambit|Kingambit, F|76/100
|-activate|p2a: Kingambit|ability: Supreme Overlord
|-start|p2a: Kingambit|fallen3|[silent]
|move|p1a: Gengar|Nasty Plot|p1a: Gengar
|-boost|p1a: Gengar|spa|2
|
|upkeep
|turn|17
|
|t:|1779918817
|move|p1a: Gengar|Dazzling Gleam|p2a: Kingambit
|-damage|p2a: Kingambit|0 fnt
|faint|p2a: Kingambit
|-end|p2a: Kingambit|fallen3|[silent]
|-damage|p1a: Gengar|91/100|[from] item: Life Orb
|
|upkeep
|
|t:|1779918825
|switch|p2a: Gholdengo|Gholdengo|100/100
|turn|18
|
|t:|1779918836
|-terastallize|p2a: Gholdengo|Steel
|move|p1a: Gengar|Shadow Ball|p2a: Gholdengo
|-damage|p2a: Gholdengo|0 fnt
|faint|p2a: Gholdengo
|-damage|p1a: Gengar|81/100|[from] item: Life Orb
|
|upkeep
|
|t:|1779918842
|switch|p2a: Deoxys|Deoxys-Speed|91/100
|-ability|p2a: Deoxys|Pressure
|turn|19
|
|t:|1779918850
|move|p2a: Deoxys|Psyshock|p1a: Gengar
|-supereffective|p1a: Gengar
|-damage|p1a: Gengar|0 fnt
|faint|p1a: Gengar
|-damage|p2a: Deoxys|81/100|[from] item: Life Orb
|
|upkeep
|
|t:|1779918857
|switch|p1a: Gliscor|Gliscor, F|100/100
|turn|20
|
|t:|1779918864
|move|p2a: Deoxys|Psycho Boost|p1a: Gliscor
|-damage|p1a: Gliscor|4/100
|-unboost|p2a: Deoxys|spa|2
|-damage|p2a: Deoxys|71/100|[from] item: Life Orb
|move|p1a: Gliscor|Toxic|p2a: Deoxys
|-status|p2a: Deoxys|tox
|
|-damage|p2a: Deoxys|64/100 tox|[from] psn
|-status|p1a: Gliscor|tox|[from] item: Toxic Orb
|upkeep
|turn|21
|c|☆slashist|gg
|
|t:|1779918879
|move|p1a: Gliscor|Protect|p1a: Gliscor
|-singleturn|p1a: Gliscor|Protect
|move|p2a: Deoxys|Psycho Boost|p1a: Gliscor
|-activate|p1a: Gliscor|move: Protect
|
|-damage|p2a: Deoxys|52/100 tox|[from] psn
|-heal|p1a: Gliscor|16/100 tox|[from] ability: Poison Heal
|upkeep
|turn|22
|
|t:|1779918898
|move|p2a: Deoxys|Psycho Boost|p1a: Gliscor|[miss]
|-miss|p2a: Deoxys|p1a: Gliscor
|move|p1a: Gliscor|Substitute|p1a: Gliscor
|-fail|p1a: Gliscor|move: Substitute|[weak]
|
|-damage|p2a: Deoxys|33/100 tox|[from] psn
|-heal|p1a: Gliscor|28/100 tox|[from] ability: Poison Heal
|upkeep
|turn|23
|
|t:|1779918909
|move|p1a: Gliscor|Protect|p1a: Gliscor
|-singleturn|p1a: Gliscor|Protect
|move|p2a: Deoxys|Future Sight|p1a: Gliscor
|-start|p2a: Deoxys|move: Future Sight
|
|-damage|p2a: Deoxys|8/100 tox|[from] psn
|-heal|p1a: Gliscor|41/100 tox|[from] ability: Poison Heal
|upkeep
|turn|24
|
|t:|1779918918
|move|p2a: Deoxys|Psycho Boost|p1a: Gliscor
|-damage|p1a: Gliscor|0 fnt
|-unboost|p2a: Deoxys|spa|2
|faint|p1a: Gliscor
|-damage|p2a: Deoxys|0 fnt|[from] item: Life Orb
|faint|p2a: Deoxys
|
|win|slashist
|raw|junepie's rating: 1080 &rarr; <strong>1059</strong><br />(-21 for losing)
|raw|slashist's rating: 1095 &rarr; <strong>1120</strong><br />(+25 for winning)
|l|☆junepie
|player|p1|
