|j|☆ScolipedeIsGreat
|j|☆dalucu23
|t:|1779892204
|gametype|singles
|player|p1|ScolipedeIsGreat|dragontamer|1190
|player|p2|dalucu23|biker|1211
|gen|9
|tier|[Gen 9] OU
|rated|
|rule|HP Percentage Mod: HP is shown in percentages
|rule|Endless Battle Clause: Forcing endless battles is banned
|rule|Species Clause: Limit one of each Pokémon
|rule|OHKO Clause: OHKO moves are banned
|rule|Evasion Items Clause: Evasion items are banned
|rule|Evasion Moves Clause: Evasion moves are banned
|rule|Evasion Abilities Clause: Evasion abilities are banned
|rule|Sleep Moves Clause: Sleep-inducing moves are banned
|clearpoke
|poke|p1|Walking Wake|
|poke|p1|Iron Valiant|
|poke|p1|Ursaluna, M|
|poke|p1|Iron Treads|
|poke|p1|Iron Moth|
|poke|p1|Moltres-Galar|
|poke|p2|Kingdra, M|
|poke|p2|Pelipper, M|
|poke|p2|Barraskewda, M|
|poke|p2|Iron Treads|
|poke|p2|Dragapult, M|
|poke|p2|Sableye, M|
|teampreview
|inactive|Battle timer is ON: inactive players will automatically lose when time's up. (requested by dalucu23)
|inactive|ScolipedeIsGreat also wants the timer to be on.
|inactive|dalucu23 has 120 seconds left.
|
|t:|1779892241
|teamsize|p1|6
|teamsize|p2|6
|start
|switch|p1a: Freak Emote|Moltres-Galar|100/100
|switch|p2a: Pelipper|Pelipper, M|100/100
|-weather|RainDance|[from] ability: Drizzle|[of] p2a: Pelipper
|turn|1
|
|t:|1779892259
|switch|p2a: Barraskewda|Barraskewda, M|100/100
|move|p1a: Freak Emote|Agility|p1a: Freak Emote
|-boost|p1a: Freak Emote|spe|2
|
|-weather|RainDance|[upkeep]
|upkeep
|turn|2
|
|t:|1779892266
|move|p2a: Barraskewda|Flip Turn|p1a: Freak Emote
|-damage|p1a: Freak Emote|10/100
|-ability|p1a: Freak Emote|Berserk|boost
|-boost|p1a: Freak Emote|spa|1
|-enditem|p1a: Freak Emote|Sitrus Berry|[eat]
|-heal|p1a: Freak Emote|35/100|[from] item: Sitrus Berry
|inactive|dalucu23 has 120 seconds left.
|inactive|dalucu23 has 90 seconds left.
|
|t:|1779892349
|switch|p2a: Kingdra|Kingdra, M|100/100|[from] Flip Turn
|move|p1a: Freak Emote|Fiery Wrath|p2a: Kingdra
|-damage|p2a: Kingdra|25/100
|
|-weather|RainDance|[upkeep]
|upkeep
|turn|3
|
|t:|1779892359
|move|p1a: Freak Emote|Agility|p1a: Freak Emote
|-boost|p1a: Freak Emote|spe|2
|move|p2a: Kingdra|Hurricane|p1a: Freak Emote
|-damage|p1a: Freak Emote|0 fnt
|faint|p1a: Freak Emote
|-damage|p2a: Kingdra|15/100|[from] item: Life Orb
|
|-weather|RainDance|[upkeep]
|upkeep
|
|t:|1779892366
|switch|p1a: Sol|Iron Moth|100/100
|-enditem|p1a: Sol|Booster Energy
|-activate|p1a: Sol|ability: Quark Drive|[fromitem]
|-start|p1a: Sol|quarkdrivespe
|turn|4
|
|t:|1779892375
|-terastallize|p1a: Sol|Grass
|move|p2a: Kingdra|Surf|p1a: Sol
|-resisted|p1a: Sol
|-damage|p1a: Sol|62/100
|-damage|p2a: Kingdra|5/100|[from] item: Life Orb
|move|p1a: Sol|Energy Ball|p2a: Kingdra
|-damage|p2a: Kingdra|0 fnt
|faint|p2a: Kingdra
|
|-weather|RainDance|[upkeep]
|upkeep
|
|t:|1779892384
|switch|p2a: Barraskewda|Barraskewda, M|100/100
|turn|5
|inactive|dalucu23 has 90 seconds left.
|
|t:|1779892390
|move|p2a: Barraskewda|Close Combat|p1a: Sol
|-damage|p1a: Sol|0 fnt
|-unboost|p2a: Barraskewda|def|1
|-unboost|p2a: Barraskewda|spd|1
|faint|p1a: Sol
|-end|p1a: Sol|Quark Drive|[silent]
|
|-weather|RainDance|[upkeep]
|upkeep
|
|t:|1779892397
|switch|p1a: Iron Reds|Iron Treads|100/100
|turn|6
|
|t:|1779892402
|switch|p2a: Sableye|Sableye, M|100/100
|move|p1a: Iron Reds|Supercell Slam|p2a: Sableye
|-damage|p2a: Sableye|67/100
|
|-weather|RainDance|[upkeep]
|-heal|p2a: Sableye|73/100|[from] item: Leftovers
|upkeep
|turn|7
|
|t:|1779892416
|move|p1a: Iron Reds|Iron Head|p2a: Sableye
|-damage|p2a: Sableye|31/100
|cant|p2a: Sableye|flinch
|
|-weather|RainDance|[upkeep]
|-heal|p2a: Sableye|37/100|[from] item: Leftovers
|upkeep
|turn|8
|
|t:|1779892421
|move|p2a: Sableye|Recover|p2a: Sableye
|-heal|p2a: Sableye|87/100
|move|p1a: Iron Reds|Iron Head|p2a: Sableye
|-damage|p2a: Sableye|41/100
|
|-weather|none
|-heal|p2a: Sableye|47/100|[from] item: Leftovers
|upkeep
|turn|9
|
|t:|1779892428
|move|p2a: Sableye|Recover|p2a: Sableye
|-heal|p2a: Sableye|97/100
|move|p1a: Iron Reds|Supercell Slam|p2a: Sableye
|-damage|p2a: Sableye|63/100
|
|-heal|p2a: Sableye|69/100|[from] item: Leftovers
|upkeep
|turn|10
|
|t:|1779892435
|move|p2a: Sableye|Encore|p1a: Iron Reds
|-start|p1a: Iron Reds|Encore
|move|p1a: Iron Reds|Supercell Slam|p2a: Sableye
|-damage|p2a: Sableye|31/100
|
|-heal|p2a: Sableye|37/100|[from] item: Leftovers
|upkeep
|turn|11
|
|t:|1779892440
|move|p2a: Sableye|Recover|p2a: Sableye
|-heal|p2a: Sableye|87/100
|move|p1a: Iron Reds|Supercell Slam|p2a: Sableye
|-damage|p2a: Sableye|52/100
|
|-heal|p2a: Sableye|58/100|[from] item: Leftovers
|upkeep
|turn|12
|
|t:|1779892447
|switch|p2a: Iron Treads|Iron Treads|100/100
|-enditem|p2a: Iron Treads|Booster Energy
|-activate|p2a: Iron Treads|ability: Quark Drive|[fromitem]
|-start|p2a: Iron Treads|quarkdrivespe
|move|p1a: Iron Reds|Supercell Slam|p2a: Iron Treads
|-immune|p2a: Iron Treads
|-damage|p1a: Iron Reds|51/100|[from] supercellslam
|
|-end|p1a: Iron Reds|Encore
|upkeep
|turn|13
|
|t:|1779892457
|-end|p1a: Iron Reds|Quark Drive|[silent]
|switch|p1a: Luna|Ursaluna, M|100/100
|move|p2a: Iron Treads|Earthquake|p1a: Luna
|-damage|p1a: Luna|65/100
|
|-status|p1a: Luna|brn|[from] item: Flame Orb
|upkeep
|turn|14
|
|t:|1779892471
|-end|p2a: Iron Treads|Quark Drive|[silent]
|switch|p2a: Pelipper|Pelipper, M|100/100
|-weather|RainDance|[from] ability: Drizzle|[of] p2a: Pelipper
|move|p1a: Luna|Drain Punch|p2a: Pelipper
|-resisted|p2a: Pelipper
|-damage|p2a: Pelipper|82/100
|-heal|p1a: Luna|71/100 brn|[from] drain|[of] p2a: Pelipper
|
|-weather|RainDance|[upkeep]
|-damage|p1a: Luna|64/100 brn|[from] brn
|upkeep
|turn|15
|
|t:|1779892479
|switch|p2a: Sableye|Sableye, M|58/100
|move|p1a: Luna|Facade|p2a: Sableye
|-immune|p2a: Sableye
|
|-weather|RainDance|[upkeep]
|-heal|p2a: Sableye|64/100|[from] item: Leftovers
|-damage|p1a: Luna|58/100 brn|[from] brn
|upkeep
|turn|16
|
|t:|1779892484
|move|p2a: Sableye|Encore|p1a: Luna
|-start|p1a: Luna|Encore
|move|p1a: Luna|Facade|p2a: Sableye
|-immune|p2a: Sableye
|
|-weather|RainDance|[upkeep]
|-heal|p2a: Sableye|70/100|[from] item: Leftovers
|-damage|p1a: Luna|52/100 brn|[from] brn
|upkeep
|turn|17
|
|t:|1779892488
|switch|p1a: Iron Valiant|Iron Valiant|100/100
|-enditem|p1a: Iron Valiant|Booster Energy
|-activate|p1a: Iron Valiant|ability: Quark Drive|[fromitem]
|-start|p1a: Iron Valiant|quarkdrivespe
|switch|p2a: Dragapult|Dragapult, M|100/100
|
|-weather|RainDance|[upkeep]
|upkeep
|turn|18
|
|t:|1779892507
|move|p1a: Iron Valiant|Spirit Break|p2a: Dragapult
|-supereffective|p2a: Dragapult
|-damage|p2a: Dragapult|0 fnt
|faint|p2a: Dragapult
|
|-weather|RainDance|[upkeep]
|upkeep
|
|t:|1779892513
|switch|p2a: Barraskewda|Barraskewda, M|100/100
|turn|19
|
|t:|1779892521
|move|p2a: Barraskewda|Flip Turn|p1a: Iron Valiant
|-damage|p1a: Iron Valiant|3/100
|
|t:|1779892530
|switch|p2a: Sableye|Sableye, M|70/100|[from] Flip Turn
|move|p1a: Iron Valiant|Close Combat|p2a: Sableye
|-immune|p2a: Sableye
|
|-weather|RainDance|[upkeep]
|-heal|p2a: Sableye|75/100|[from] item: Leftovers
|upkeep
|turn|20
|
|t:|1779892536
|-end|p1a: Iron Valiant|Quark Drive|[silent]
|switch|p1a: Luna|Ursaluna, M|52/100 brn
|move|p2a: Sableye|Encore||[still]
|-fail|p2a: Sableye
|
|-weather|RainDance|[upkeep]
|-heal|p2a: Sableye|81/100|[from] item: Leftovers
|-damage|p1a: Luna|46/100 brn|[from] brn
|upkeep
|turn|21
|
|t:|1779892542
|move|p1a: Luna|Earthquake|p2a: Sableye
|-damage|p2a: Sableye|0 fnt
|faint|p2a: Sableye
|
|-weather|none
|-damage|p1a: Luna|40/100 brn|[from] brn
|upkeep
|
|t:|1779892550
|switch|p2a: Barraskewda|Barraskewda, M|100/100
|turn|22
|
|t:|1779892554
|switch|p1a: Temu Squirtle|Walking Wake|100/100
|-enditem|p1a: Temu Squirtle|Booster Energy
|-activate|p1a: Temu Squirtle|ability: Protosynthesis|[fromitem]
|-start|p1a: Temu Squirtle|protosynthesisspa
|move|p2a: Barraskewda|Flip Turn|p1a: Temu Squirtle
|-resisted|p1a: Temu Squirtle
|-damage|p1a: Temu Squirtle|88/100
|
|t:|1779892563
|switch|p2a: Pelipper|Pelipper, M|82/100|[from] Flip Turn
|-weather|RainDance|[from] ability: Drizzle|[of] p2a: Pelipper
|
|-weather|RainDance|[upkeep]
|upkeep
|turn|23
|
|t:|1779892568
|move|p1a: Temu Squirtle|Scald|p2a: Pelipper
|-resisted|p2a: Pelipper
|-damage|p2a: Pelipper|29/100
|move|p2a: Pelipper|Tailwind|p2a: Pelipper
|-sidestart|p2: dalucu23|move: Tailwind
|
|-weather|RainDance|[upkeep]
|upkeep
|turn|24
|
|t:|1779892571
|move|p1a: Temu Squirtle|Scald|p2a: Pelipper
|-resisted|p2a: Pelipper
|-damage|p2a: Pelipper|0 fnt
|faint|p2a: Pelipper
|
|-weather|RainDance|[upkeep]
|upkeep
|
|t:|1779892575
|switch|p2a: Iron Treads|Iron Treads|100/100
|turn|25
|
|t:|1779892579
|move|p2a: Iron Treads|Earthquake|p1a: Temu Squirtle
|-damage|p1a: Temu Squirtle|32/100
|move|p1a: Temu Squirtle|Scald|p2a: Iron Treads
|-supereffective|p2a: Iron Treads
|-damage|p2a: Iron Treads|0 fnt
|faint|p2a: Iron Treads
|-end|p2a: Iron Treads|Quark Drive|[silent]
|
|-weather|RainDance|[upkeep]
|upkeep
|
|t:|1779892584
|switch|p2a: Barraskewda|Barraskewda, M|100/100
|turn|26
|
|t:|1779892592
|move|p2a: Barraskewda|Waterfall|p1a: Temu Squirtle
|-resisted|p1a: Temu Squirtle
|-damage|p1a: Temu Squirtle|4/100
|cant|p1a: Temu Squirtle|flinch
|
|-weather|RainDance|[upkeep]
|-sideend|p2: dalucu23|move: Tailwind
|upkeep
|turn|27
|
|t:|1779892597
|move|p2a: Barraskewda|Waterfall|p1a: Temu Squirtle
|-resisted|p1a: Temu Squirtle
|-damage|p1a: Temu Squirtle|0 fnt
|faint|p1a: Temu Squirtle
|-end|p1a: Temu Squirtle|Protosynthesis|[silent]
|
|-weather|RainDance|[upkeep]
|upkeep
|
|t:|1779892599
|switch|p1a: Iron Valiant|Iron Valiant|3/100
|turn|28
|
|t:|1779892601
|move|p2a: Barraskewda|Waterfall|p1a: Iron Valiant
|-damage|p1a: Iron Valiant|0 fnt
|faint|p1a: Iron Valiant
|-end|p1a: Iron Valiant|Quark Drive|[silent]
|
|-weather|RainDance|[upkeep]
|upkeep
|
|t:|1779892603
|switch|p1a: Iron Reds|Iron Treads|51/100
|turn|29
|
|t:|1779892604
|move|p2a: Barraskewda|Waterfall|p1a: Iron Reds
|-supereffective|p1a: Iron Reds
|-damage|p1a: Iron Reds|0 fnt
|faint|p1a: Iron Reds
|-end|p1a: Iron Reds|Quark Drive|[silent]
|
|-weather|none
|upkeep
|
|t:|1779892606
|switch|p1a: Luna|Ursaluna, M|40/100 brn
|turn|30
|
|t:|1779892608
|move|p2a: Barraskewda|Waterfall|p1a: Luna
|-supereffective|p1a: Luna
|-damage|p1a: Luna|0 fnt
|faint|p1a: Luna
|
|win|dalucu23
|raw|ScolipedeIsGreat's rating: 1190 &rarr; <strong>1167</strong><br />(-23 for losing)
|raw|dalucu23's rating: 1211 &rarr; <strong>1234</strong><br />(+23 for winning)
|c|☆dalucu23|Gg
|l|☆ScolipedeIsGreat
|player|p1|
