|j|☆tecerdo
|j|☆thatguytnomas
|t:|1779859762
|gametype|singles
|player|p1|tecerdo|gentleman-gen4dp|1447
|player|p2|thatguytnomas|ingo-hisui|1524
|gen|9
|tier|[Gen 9] OU
|rated|
|rule|HP Percentage Mod: HP is shown in percentages
|rule|Endless Battle Clause: Forcing endless battles is banned
|rule|Species Clause: Limit one of each Pokémon
|rule|OHKO Clause: OHKO moves are banned
|rule|Evasion Items Clause: Evasion items are banned
|rule|Evasion Moves Clause: Evasion moves are banned
|rule|Evasion Abilities Clause: Evasion abilities are banned
|rule|Sleep Moves Clause: Sleep-inducing moves are banned
|clearpoke
|poke|p1|Pelipper, M|
|poke|p1|Beartic, M|
|poke|p1|Barraskewda, M|
|poke|p1|Bellibolt, M|
|poke|p1|Toxicroak, F|
|poke|p1|Iron Treads|
|poke|p2|Meowscarada, F|
|poke|p2|Raging Bolt|
|poke|p2|Great Tusk|
|poke|p2|Alomomola, F|
|poke|p2|Dragonite, F|
|poke|p2|Corviknight, F|
|teampreview
|inactive|Battle timer is ON: inactive players will automatically lose when time's up. (requested by tecerdo)
|
|t:|1779859808
|teamsize|p1|6
|teamsize|p2|6
|start
|switch|p1a: Iron Treads|Iron Treads|100/100
|switch|p2a: Raging Bolt|Raging Bolt|100/100
|turn|1
|inactive|thatguytnomas has 120 seconds left.
|
|t:|1779859838
|-end|p2a: Raging Bolt|Protosynthesis|[silent]
|switch|p2a: Great Tusk|Great Tusk|100/100
|move|p1a: Iron Treads|Knock Off|p2a: Great Tusk
|-resisted|p2a: Great Tusk
|-damage|p2a: Great Tusk|93/100
|-enditem|p2a: Great Tusk|Heavy-Duty Boots|[from] move: Knock Off|[of] p1a: Iron Treads
|
|upkeep
|turn|2
|inactive|thatguytnomas has 120 seconds left.
|
|t:|1779859853
|-end|p1a: Iron Treads|Quark Drive|[silent]
|switch|p1a: Pelipper|Pelipper, M|100/100
|-weather|RainDance|[from] ability: Drizzle|[of] p1a: Pelipper
|move|p2a: Great Tusk|Stealth Rock|p1a: Pelipper
|-sidestart|p1: tecerdo|move: Stealth Rock
|
|-weather|RainDance|[upkeep]
|upkeep
|turn|3
|inactive|thatguytnomas has 120 seconds left.
|
|t:|1779859873
|-end|p2a: Great Tusk|Protosynthesis|[silent]
|switch|p2a: Corviknight|Corviknight, F|100/100
|-ability|p2a: Corviknight|Pressure
|move|p1a: Pelipper|U-turn|p2a: Corviknight
|-resisted|p2a: Corviknight
|-damage|p2a: Corviknight|99/100
|-damage|p1a: Pelipper|84/100|[from] item: Rocky Helmet|[of] p2a: Corviknight
|
|t:|1779859881
|switch|p1a: Iron Treads|Iron Treads|100/100|[from] U-turn
|
|-weather|RainDance|[upkeep]
|upkeep
|turn|4
|inactive|thatguytnomas has 120 seconds left.
|inactive|thatguytnomas has 90 seconds left.
|
|t:|1779859925
|move|p1a: Iron Treads|Rapid Spin|p2a: Corviknight
|-resisted|p2a: Corviknight
|-damage|p2a: Corviknight|95/100
|-boost|p1a: Iron Treads|spe|1
|-damage|p1a: Iron Treads|84/100|[from] item: Rocky Helmet|[of] p2a: Corviknight
|-sideend|p1: tecerdo|Stealth Rock|[from] move: Rapid Spin|[of] p1a: Iron Treads
|move|p2a: Corviknight|U-turn|p1a: Iron Treads
|-resisted|p1a: Iron Treads
|-damage|p1a: Iron Treads|77/100
|inactive|thatguytnomas has 90 seconds left.
|
|t:|1779859947
|switch|p2a: Wish Fish <3|Alomomola, F|100/100|[from] U-turn
|
|-weather|RainDance|[upkeep]
|upkeep
|turn|5
|
|t:|1779859951
|-end|p1a: Iron Treads|Quark Drive|[silent]
|switch|p1a: Toxicroak|Toxicroak, F|100/100
|move|p2a: Wish Fish <3|Scald|p1a: Toxicroak
|-immune|p1a: Toxicroak|[from] ability: Dry Skin
|
|-weather|RainDance|[upkeep]
|upkeep
|turn|6
|inactive|thatguytnomas has 90 seconds left.
|
|t:|1779859960
|switch|p2a: Corviknight|Corviknight, F|95/100
|-ability|p2a: Corviknight|Pressure
|move|p1a: Toxicroak|Toxic|p2a: Corviknight
|-immune|p2a: Corviknight
|
|-weather|RainDance|[upkeep]
|upkeep
|turn|7
|inactive|thatguytnomas has 90 seconds left.
|
|t:|1779859971
|switch|p1a: Bellibolt|Bellibolt, M|100/100
|move|p2a: Corviknight|U-turn|p1a: Bellibolt
|-damage|p1a: Bellibolt|87/100
|-start|p1a: Bellibolt|Charge|U-turn|[from] ability: Electromorphosis
|inactive|thatguytnomas has 90 seconds left.
|
|t:|1779859981
|switch|p2a: Raging Bolt|Raging Bolt|100/100|[from] U-turn
|
|-weather|RainDance|[upkeep]
|upkeep
|turn|8
|
|t:|1779859984
|move|p2a: Raging Bolt|Draco Meteor|p1a: Bellibolt
|-damage|p1a: Bellibolt|25/100
|-unboost|p2a: Raging Bolt|spa|2
|-start|p1a: Bellibolt|Charge|Draco Meteor|[from] ability: Electromorphosis
|move|p1a: Bellibolt|Volt Switch|p2a: Raging Bolt
|-resisted|p2a: Raging Bolt
|-crit|p2a: Raging Bolt
|-damage|p2a: Raging Bolt|78/100
|-end|p1a: Bellibolt|Charge|[silent]
|
|t:|1779859989
|switch|p1a: Beartic|Beartic, M|100/100|[from] Volt Switch
|
|-weather|RainDance|[upkeep]
|upkeep
|turn|9
|inactive|thatguytnomas has 90 seconds left.
|
|t:|1779860027
|-end|p2a: Raging Bolt|Protosynthesis|[silent]
|switch|p2a: Corviknight|Corviknight, F|95/100
|-ability|p2a: Corviknight|Pressure
|move|p1a: Beartic|Earthquake|p2a: Corviknight
|-immune|p2a: Corviknight
|
|-weather|none
|upkeep
|turn|10
|
|t:|1779860041
|switch|p1a: Pelipper|Pelipper, M|84/100
|-weather|RainDance|[from] ability: Drizzle|[of] p1a: Pelipper
|move|p2a: Corviknight|Body Press|p1a: Pelipper
|-resisted|p1a: Pelipper
|-damage|p1a: Pelipper|74/100
|
|-weather|RainDance|[upkeep]
|upkeep
|turn|11
|
|t:|1779860051
|move|p2a: Corviknight|U-turn|p1a: Pelipper
|-resisted|p1a: Pelipper
|-damage|p1a: Pelipper|69/100
|
|t:|1779860057
|switch|p2a: Wish Fish <3|Alomomola, F|100/100|[from] U-turn
|move|p1a: Pelipper|U-turn|p2a: Wish Fish <3
|-damage|p2a: Wish Fish <3|94/100
|
|t:|1779860064
|switch|p1a: Toxicroak|Toxicroak, F|100/100|[from] U-turn
|
|-weather|RainDance|[upkeep]
|upkeep
|turn|12
|inactive|thatguytnomas has 90 seconds left.
|
|t:|1779860070
|switch|p2a: Corviknight|Corviknight, F|95/100
|-ability|p2a: Corviknight|Pressure
|move|p1a: Toxicroak|Knock Off|p2a: Corviknight
|-damage|p2a: Corviknight|82/100
|-damage|p1a: Toxicroak|84/100|[from] item: Rocky Helmet|[of] p2a: Corviknight
|-enditem|p2a: Corviknight|Rocky Helmet|[from] move: Knock Off|[of] p1a: Toxicroak
|
|-weather|RainDance|[upkeep]
|-heal|p1a: Toxicroak|96/100|[from] ability: Dry Skin
|upkeep
|turn|13
|inactive|thatguytnomas has 90 seconds left.
|
|t:|1779860082
|move|p1a: Toxicroak|Drain Punch|p2a: Corviknight
|-damage|p2a: Corviknight|67/100
|-heal|p1a: Toxicroak|100/100|[from] drain|[of] p2a: Corviknight
|move|p2a: Corviknight|U-turn|p1a: Toxicroak
|-resisted|p1a: Toxicroak
|-damage|p1a: Toxicroak|98/100
|-damage|p2a: Corviknight|51/100|[from] item: Rocky Helmet|[of] p1a: Toxicroak
|inactive|thatguytnomas has 90 seconds left.
|
|t:|1779860097
|switch|p2a: Raging Bolt|Raging Bolt|78/100|[from] U-turn
|
|-weather|RainDance|[upkeep]
|-heal|p1a: Toxicroak|100/100|[from] ability: Dry Skin
|upkeep
|turn|14
|
|t:|1779860102
|switch|p1a: Bellibolt|Bellibolt, M|25/100
|move|p2a: Raging Bolt|Draco Meteor|p1a: Bellibolt
|-damage|p1a: Bellibolt|0 fnt
|-unboost|p2a: Raging Bolt|spa|2
|faint|p1a: Bellibolt
|
|-weather|RainDance|[upkeep]
|upkeep
|
|t:|1779860104
|switch|p1a: Beartic|Beartic, M|100/100
|turn|15
|
|t:|1779860112
|-end|p2a: Raging Bolt|Protosynthesis|[silent]
|switch|p2a: Wish Fish <3|Alomomola, F|100/100
|move|p1a: Beartic|Icicle Spear|p2a: Wish Fish <3
|-resisted|p2a: Wish Fish <3
|-damage|p2a: Wish Fish <3|95/100
|-resisted|p2a: Wish Fish <3
|-damage|p2a: Wish Fish <3|90/100
|-resisted|p2a: Wish Fish <3
|-damage|p2a: Wish Fish <3|85/100
|-resisted|p2a: Wish Fish <3
|-damage|p2a: Wish Fish <3|79/100
|-resisted|p2a: Wish Fish <3
|-damage|p2a: Wish Fish <3|75/100
|-hitcount|p2a: Wish Fish <3|5
|
|-weather|RainDance|[upkeep]
|upkeep
|turn|16
|inactive|thatguytnomas has 90 seconds left.
|
|t:|1779860143
|switch|p1a: Toxicroak|Toxicroak, F|100/100
|switch|p2a: Corviknight|Corviknight, F|51/100
|-ability|p2a: Corviknight|Pressure
|
|-weather|RainDance|[upkeep]
|upkeep
|turn|17
|
|t:|1779860147
|move|p1a: Toxicroak|Drain Punch|p2a: Corviknight
|-damage|p2a: Corviknight|34/100
|move|p2a: Corviknight|Roost|p2a: Corviknight
|-heal|p2a: Corviknight|84/100
|-singleturn|p2a: Corviknight|move: Roost
|
|-weather|none
|upkeep
|turn|18
|
|t:|1779860155
|move|p1a: Toxicroak|Drain Punch|p2a: Corviknight
|-damage|p2a: Corviknight|67/100
|move|p2a: Corviknight|U-turn|p1a: Toxicroak
|-resisted|p1a: Toxicroak
|-damage|p1a: Toxicroak|98/100
|-damage|p2a: Corviknight|50/100|[from] item: Rocky Helmet|[of] p1a: Toxicroak
|
|t:|1779860165
|switch|p2a: Raging Bolt|Raging Bolt|78/100|[from] U-turn
|
|upkeep
|turn|19
|
|t:|1779860168
|switch|p1a: Iron Treads|Iron Treads|77/100
|move|p2a: Raging Bolt|Draco Meteor|p1a: Iron Treads
|-resisted|p1a: Iron Treads
|-damage|p1a: Iron Treads|12/100
|-unboost|p2a: Raging Bolt|spa|2
|
|upkeep
|turn|20
|
|t:|1779860182
|-end|p2a: Raging Bolt|Protosynthesis|[silent]
|switch|p2a: Corviknight|Corviknight, F|50/100
|-ability|p2a: Corviknight|Pressure
|move|p1a: Iron Treads|Stealth Rock|p2a: Corviknight
|-sidestart|p2: thatguytnomas|move: Stealth Rock
|
|upkeep
|turn|21
|
|t:|1779860188
|-end|p1a: Iron Treads|Quark Drive|[silent]
|switch|p1a: Pelipper|Pelipper, M|69/100
|-weather|RainDance|[from] ability: Drizzle|[of] p1a: Pelipper
|move|p2a: Corviknight|Roost|p2a: Corviknight
|-heal|p2a: Corviknight|99/100
|-singleturn|p2a: Corviknight|move: Roost
|
|-weather|RainDance|[upkeep]
|upkeep
|turn|22
|
|t:|1779860195
|move|p2a: Corviknight|Defog|p1a: Pelipper
|-unboost|p1a: Pelipper|evasion|1
|-sideend|p2: thatguytnomas|Stealth Rock|[from] move: Defog|[of] p2a: Corviknight
|move|p1a: Pelipper|U-turn|p2a: Corviknight
|-resisted|p2a: Corviknight
|-damage|p2a: Corviknight|99/100
|
|t:|1779860215
|switch|p1a: Barraskewda|Barraskewda, M|100/100|[from] U-turn
|
|-weather|RainDance|[upkeep]
|upkeep
|turn|23
|inactive|thatguytnomas has 120 seconds left.
|
|t:|1779860228
|-terastallize|p1a: Barraskewda|Water
|move|p1a: Barraskewda|Liquidation|p2a: Corviknight
|-damage|p2a: Corviknight|18/100
|-unboost|p2a: Corviknight|def|1
|move|p2a: Corviknight|U-turn|p1a: Barraskewda
|-damage|p1a: Barraskewda|71/100
|inactive|thatguytnomas has 120 seconds left.
|
|t:|1779860242
|switch|p2a: Raging Bolt|Raging Bolt|78/100|[from] U-turn
|
|-weather|RainDance|[upkeep]
|upkeep
|turn|24
|
|t:|1779860246
|switch|p1a: Iron Treads|Iron Treads|12/100
|move|p2a: Raging Bolt|Thunderclap||[still]
|-fail|p2a: Raging Bolt
|
|-weather|RainDance|[upkeep]
|upkeep
|turn|25
|
|t:|1779860260
|-end|p2a: Raging Bolt|Protosynthesis|[silent]
|switch|p2a: Great Tusk|Great Tusk|93/100
|move|p1a: Iron Treads|Stealth Rock|p2a: Great Tusk
|-sidestart|p2: thatguytnomas|move: Stealth Rock
|
|-weather|RainDance|[upkeep]
|upkeep
|turn|26
|
|t:|1779860268
|move|p1a: Iron Treads|Earthquake|p2a: Great Tusk
|-damage|p2a: Great Tusk|68/100
|move|p2a: Great Tusk|Rapid Spin|p1a: Iron Treads
|-resisted|p1a: Iron Treads
|-damage|p1a: Iron Treads|5/100
|-boost|p2a: Great Tusk|spe|1
|-sideend|p2: thatguytnomas|Stealth Rock|[from] move: Rapid Spin|[of] p2a: Great Tusk
|
|-weather|RainDance|[upkeep]
|upkeep
|turn|27
|
|t:|1779860283
|move|p2a: Great Tusk|Rapid Spin|p1a: Iron Treads
|-resisted|p1a: Iron Treads
|-damage|p1a: Iron Treads|0 fnt
|-boost|p2a: Great Tusk|spe|1
|faint|p1a: Iron Treads
|-end|p1a: Iron Treads|Quark Drive|[silent]
|
|-weather|RainDance|[upkeep]
|upkeep
|
|t:|1779860285
|switch|p1a: Barraskewda|Barraskewda, M, tera:Water|71/100
|turn|28
|
|t:|1779860301
|-end|p2a: Great Tusk|Protosynthesis|[silent]
|switch|p2a: Wish Fish <3|Alomomola, F|100/100
|move|p1a: Barraskewda|Liquidation|p2a: Wish Fish <3
|-resisted|p2a: Wish Fish <3
|-damage|p2a: Wish Fish <3|51/100
|-unboost|p2a: Wish Fish <3|def|1
|
|-weather|none
|upkeep
|turn|29
|inactive|thatguytnomas has 120 seconds left.
|
|t:|1779860330
|switch|p2a: Raging Bolt|Raging Bolt|78/100
|move|p1a: Barraskewda|Liquidation|p2a: Raging Bolt
|-resisted|p2a: Raging Bolt
|-damage|p2a: Raging Bolt|33/100
|
|upkeep
|turn|30
|
|t:|1779860337
|switch|p1a: Pelipper|Pelipper, M|69/100
|-weather|RainDance|[from] ability: Drizzle|[of] p1a: Pelipper
|move|p2a: Raging Bolt|Thunderclap||[still]
|-fail|p2a: Raging Bolt
|
|-weather|RainDance|[upkeep]
|upkeep
|turn|31
|
|t:|1779860349
|switch|p1a: Toxicroak|Toxicroak, F|98/100
|move|p2a: Raging Bolt|Thunderclap||[still]
|-fail|p2a: Raging Bolt
|
|-weather|RainDance|[upkeep]
|-heal|p1a: Toxicroak|100/100|[from] ability: Dry Skin
|upkeep
|turn|32
|
|t:|1779860360
|-end|p2a: Raging Bolt|Protosynthesis|[silent]
|switch|p2a: Great Tusk|Great Tusk|68/100
|move|p1a: Toxicroak|Drain Punch|p2a: Great Tusk
|-damage|p2a: Great Tusk|51/100
|
|-weather|RainDance|[upkeep]
|upkeep
|turn|33
|
|t:|1779860371
|move|p2a: Great Tusk|Stealth Rock|p1a: Toxicroak
|-sidestart|p1: tecerdo|move: Stealth Rock
|move|p1a: Toxicroak|Toxic|p2a: Great Tusk
|-status|p2a: Great Tusk|tox
|
|-weather|RainDance|[upkeep]
|-damage|p2a: Great Tusk|45/100 tox|[from] psn
|upkeep
|turn|34
|
|t:|1779860378
|switch|p1a: Pelipper|Pelipper, M|69/100
|-damage|p1a: Pelipper|44/100|[from] Stealth Rock
|move|p2a: Great Tusk|Headlong Rush|p1a: Pelipper
|-immune|p1a: Pelipper
|
|-weather|RainDance|[upkeep]
|-damage|p2a: Great Tusk|33/100 tox|[from] psn
|upkeep
|turn|35
|
|t:|1779860386
|-end|p2a: Great Tusk|Protosynthesis|[silent]
|switch|p2a: Wish Fish <3|Alomomola, F|84/100
|move|p1a: Pelipper|Roost|p1a: Pelipper
|-heal|p1a: Pelipper|94/100
|-singleturn|p1a: Pelipper|move: Roost
|
|-weather|RainDance|[upkeep]
|upkeep
|turn|36
|
|t:|1779860401
|switch|p2a: Raging Bolt|Raging Bolt|33/100
|move|p1a: Pelipper|U-turn|p2a: Raging Bolt
|-damage|p2a: Raging Bolt|26/100
|
|t:|1779860405
|switch|p1a: Beartic|Beartic, M|100/100|[from] U-turn
|-damage|p1a: Beartic|76/100|[from] Stealth Rock
|
|-weather|RainDance|[upkeep]
|upkeep
|turn|37
|
|t:|1779860423
|move|p2a: Raging Bolt|Thunderclap|p1a: Beartic
|-damage|p1a: Beartic|0 fnt
|faint|p1a: Beartic
|
|-weather|none
|upkeep
|
|t:|1779860426
|switch|p1a: Pelipper|Pelipper, M|94/100
|-damage|p1a: Pelipper|70/100|[from] Stealth Rock
|-weather|RainDance|[from] ability: Drizzle|[of] p1a: Pelipper
|turn|38
|
|t:|1779860446
|-end|p2a: Raging Bolt|Protosynthesis|[silent]
|switch|p2a: Wish Fish <3|Alomomola, F|100/100
|switch|p1a: Toxicroak|Toxicroak, F|100/100
|-damage|p1a: Toxicroak|94/100|[from] Stealth Rock
|
|-weather|RainDance|[upkeep]
|-heal|p1a: Toxicroak|100/100|[from] ability: Dry Skin
|upkeep
|turn|39
|
|t:|1779860460
|move|p1a: Toxicroak|Drain Punch|p2a: Wish Fish <3
|-damage|p2a: Wish Fish <3|81/100
|move|p2a: Wish Fish <3|Scald|p1a: Toxicroak
|-immune|p1a: Toxicroak|[from] ability: Dry Skin
|
|-weather|RainDance|[upkeep]
|upkeep
|turn|40
|
|t:|1779860468
|switch|p2a: Great Tusk|Great Tusk|33/100 tox
|move|p1a: Toxicroak|Gunk Shot|p2a: Great Tusk
|-resisted|p2a: Great Tusk
|-damage|p2a: Great Tusk|19/100 tox
|
|-weather|RainDance|[upkeep]
|-damage|p2a: Great Tusk|13/100 tox|[from] psn
|upkeep
|turn|41
|
|t:|1779860479
|switch|p1a: Pelipper|Pelipper, M|70/100
|-damage|p1a: Pelipper|45/100|[from] Stealth Rock
|move|p2a: Great Tusk|Headlong Rush|p1a: Pelipper
|-immune|p1a: Pelipper
|
|-weather|RainDance|[upkeep]
|-damage|p2a: Great Tusk|0 fnt|[from] psn
|faint|p2a: Great Tusk
|-end|p2a: Great Tusk|Protosynthesis|[silent]
|upkeep
|
|t:|1779860492
|switch|p2a: Meowscarada|Meowscarada, F|100/100
|turn|42
|
|t:|1779860496
|switch|p1a: Toxicroak|Toxicroak, F|100/100
|-damage|p1a: Toxicroak|94/100|[from] Stealth Rock
|move|p2a: Meowscarada|Knock Off|p1a: Toxicroak
|-start|p2a: Meowscarada|typechange|Dark|[from] ability: Protean
|-resisted|p1a: Toxicroak
|-damage|p1a: Toxicroak|64/100
|-damage|p2a: Meowscarada|84/100|[from] item: Rocky Helmet|[of] p1a: Toxicroak
|-enditem|p1a: Toxicroak|Rocky Helmet|[from] move: Knock Off|[of] p2a: Meowscarada
|
|-weather|RainDance|[upkeep]
|-heal|p1a: Toxicroak|77/100|[from] ability: Dry Skin
|upkeep
|turn|43
|
|t:|1779860517
|switch|p2a: Wish Fish <3|Alomomola, F|100/100
|move|p1a: Toxicroak|Drain Punch|p2a: Wish Fish <3
|-damage|p2a: Wish Fish <3|79/100
|-heal|p1a: Toxicroak|92/100|[from] drain|[of] p2a: Wish Fish <3
|
|-weather|RainDance|[upkeep]
|-heal|p1a: Toxicroak|100/100|[from] ability: Dry Skin
|upkeep
|turn|44
|
|t:|1779860528
|move|p1a: Toxicroak|Toxic|p2a: Wish Fish <3
|-status|p2a: Wish Fish <3|tox
|move|p2a: Wish Fish <3|Scald|p1a: Toxicroak
|-immune|p1a: Toxicroak|[from] ability: Dry Skin
|
|-weather|RainDance|[upkeep]
|-damage|p2a: Wish Fish <3|73/100 tox|[from] psn
|upkeep
|turn|45
|
|t:|1779860537
|move|p1a: Toxicroak|Drain Punch|p2a: Wish Fish <3
|-damage|p2a: Wish Fish <3|51/100 tox
|move|p2a: Wish Fish <3|Scald|p1a: Toxicroak
|-immune|p1a: Toxicroak|[from] ability: Dry Skin
|
|-weather|none
|-damage|p2a: Wish Fish <3|38/100 tox|[from] psn
|upkeep
|turn|46
|
|t:|1779860556
|switch|p2a: Corviknight|Corviknight, F|18/100
|-ability|p2a: Corviknight|Pressure
|move|p1a: Toxicroak|Gunk Shot|p2a: Corviknight
|-immune|p2a: Corviknight
|
|upkeep
|turn|47
|
|t:|1779860566
|move|p1a: Toxicroak|Drain Punch|p2a: Corviknight
|-damage|p2a: Corviknight|1/100
|move|p2a: Corviknight|Roost|p2a: Corviknight
|-heal|p2a: Corviknight|51/100
|-singleturn|p2a: Corviknight|move: Roost
|
|upkeep
|turn|48
|
|t:|1779860570
|move|p1a: Toxicroak|Drain Punch|p2a: Corviknight
|-damage|p2a: Corviknight|35/100
|move|p2a: Corviknight|Roost|p2a: Corviknight
|-heal|p2a: Corviknight|85/100
|-singleturn|p2a: Corviknight|move: Roost
|
|upkeep
|turn|49
|
|t:|1779860581
|switch|p1a: Pelipper|Pelipper, M|45/100
|-damage|p1a: Pelipper|20/100|[from] Stealth Rock
|-weather|RainDance|[from] ability: Drizzle|[of] p1a: Pelipper
|move|p2a: Corviknight|U-turn|p1a: Pelipper
|-resisted|p1a: Pelipper
|-damage|p1a: Pelipper|14/100
|
|t:|1779860598
|switch|p2a: Meowscarada|Meowscarada, F|84/100|[from] U-turn
|
|-weather|RainDance|[upkeep]
|upkeep
|turn|50
|
|t:|1779860603
|switch|p1a: Toxicroak|Toxicroak, F|100/100
|-damage|p1a: Toxicroak|94/100|[from] Stealth Rock
|move|p2a: Meowscarada|U-turn|p1a: Toxicroak
|-start|p2a: Meowscarada|typechange|Bug|[from] ability: Protean
|-resisted|p1a: Toxicroak
|-damage|p1a: Toxicroak|83/100
|
|t:|1779860612
|switch|p2a: Raging Bolt|Raging Bolt|26/100|[from] U-turn
|
|-weather|RainDance|[upkeep]
|-heal|p1a: Toxicroak|96/100|[from] ability: Dry Skin
|upkeep
|turn|51
|
|t:|1779860621
|move|p2a: Raging Bolt|Thunderbolt|p1a: Toxicroak
|-damage|p1a: Toxicroak|0 fnt
|faint|p1a: Toxicroak
|
|-weather|RainDance|[upkeep]
|upkeep
|
|t:|1779860625
|switch|p1a: Barraskewda|Barraskewda, M, tera:Water|71/100
|-damage|p1a: Barraskewda|59/100|[from] Stealth Rock
|turn|52
|
|t:|1779860634
|-end|p2a: Raging Bolt|Protosynthesis|[silent]
|switch|p2a: Wish Fish <3|Alomomola, F|72/100 tox
|move|p1a: Barraskewda|Aqua Jet|p2a: Wish Fish <3
|-resisted|p2a: Wish Fish <3
|-damage|p2a: Wish Fish <3|48/100 tox
|
|-weather|RainDance|[upkeep]
|-damage|p2a: Wish Fish <3|42/100 tox|[from] psn
|upkeep
|turn|53
|-message|tecerdo forfeited.
|
|win|thatguytnomas
|raw|tecerdo's rating: 1447 &rarr; <strong>1431</strong><br />(-16 for losing)
|raw|thatguytnomas's rating: 1524 &rarr; <strong>1540</strong><br />(+16 for winning)
|l|☆tecerdo
|player|p1|
