|j|☆izzycut
|j|☆gardevoirandvapo
|t:|1779952640
|gametype|singles
|player|p1|izzycut|102|1345
|player|p2|gardevoirandvapo|101|1310
|gen|9
|tier|[Gen 9] OU
|rated|
|rule|HP Percentage Mod: HP is shown in percentages
|rule|Endless Battle Clause: Forcing endless battles is banned
|rule|Species Clause: Limit one of each Pokémon
|rule|OHKO Clause: OHKO moves are banned
|rule|Evasion Items Clause: Evasion items are banned
|rule|Evasion Moves Clause: Evasion moves are banned
|rule|Evasion Abilities Clause: Evasion abilities are banned
|rule|Sleep Moves Clause: Sleep-inducing moves are banned
|clearpoke
|poke|p1|Slowking-Galar, M|
|poke|p1|Meowscarada, M|
|poke|p1|Hatterene, F|
|poke|p1|Corviknight, F|
|poke|p1|Iron Valiant|
|poke|p1|Raging Bolt|
|poke|p2|Tinkaton, F|
|poke|p2|Smeargle, F|
|poke|p2|Mismagius, M|
|poke|p2|Fezandipiti, M|
|poke|p2|Sandaconda, M|
|poke|p2|Darkrai|
|teampreview
|inactive|Battle timer is ON: inactive players will automatically lose when time's up. (requested by gardevoirandvapo)
|inactive|gardevoirandvapo has 120 seconds left.
|
|t:|1779952677
|teamsize|p1|6
|teamsize|p2|6
|start
|switch|p1a: Meowscarada|Meowscarada, M|100/100
|switch|p2a: Starey|Sandaconda, M|100/100
|turn|1
|
|t:|1779952698
|switch|p2a: Tinkywinkypinky|Tinkaton, F|100/100
|-ability|p2a: Tinkywinkypinky|Mold Breaker
|move|p1a: Meowscarada|Flower Trick|p2a: Tinkywinkypinky
|-start|p1a: Meowscarada|typechange|Grass|[from] ability: Protean
|-resisted|p2a: Tinkywinkypinky
|-crit|p2a: Tinkywinkypinky
|-damage|p2a: Tinkywinkypinky|68/100
|
|-heal|p2a: Tinkywinkypinky|74/100|[from] item: Leftovers
|upkeep
|turn|2
|inactive|izzycut has 120 seconds left.
|
|t:|1779952730
|switch|p1a: Corviknight|Corviknight, F|100/100
|-ability|p1a: Corviknight|Pressure
|move|p2a: Tinkywinkypinky|Thunder Wave|p1a: Corviknight
|-status|p1a: Corviknight|par
|
|-heal|p2a: Tinkywinkypinky|80/100|[from] item: Leftovers
|upkeep
|turn|3
|
|t:|1779952737
|switch|p1a: Hatterene|Hatterene, F|100/100
|move|p2a: Tinkywinkypinky|Knock Off|p1a: Hatterene
|-damage|p1a: Hatterene|79/100
|-enditem|p1a: Hatterene|Assault Vest|[from] move: Knock Off|[of] p2a: Tinkywinkypinky
|
|-heal|p2a: Tinkywinkypinky|86/100|[from] item: Leftovers
|upkeep
|turn|4
|
|t:|1779952746
|move|p2a: Tinkywinkypinky|Gigaton Hammer|p1a: Hatterene
|-supereffective|p1a: Hatterene
|-damage|p1a: Hatterene|0 fnt
|faint|p1a: Hatterene
|
|-heal|p2a: Tinkywinkypinky|92/100|[from] item: Leftovers
|upkeep
|inactive|izzycut has 120 seconds left.
|
|t:|1779952768
|switch|p1a: Iron Valiant|Iron Valiant|100/100
|turn|5
|
|t:|1779952773
|move|p1a: Iron Valiant|Close Combat|p2a: Tinkywinkypinky
|-damage|p2a: Tinkywinkypinky|30/100
|-unboost|p1a: Iron Valiant|def|1
|-unboost|p1a: Iron Valiant|spd|1
|move|p2a: Tinkywinkypinky|Thunder Wave|p1a: Iron Valiant
|-status|p1a: Iron Valiant|par
|
|-heal|p2a: Tinkywinkypinky|37/100|[from] item: Leftovers
|upkeep
|turn|6
|-message|izzycut forfeited.
|
|win|gardevoirandvapo
|raw|izzycut's rating: 1345 &rarr; <strong>1323</strong><br />(-22 for losing)
|raw|gardevoirandvapo's rating: 1310 &rarr; <strong>1332</strong><br />(+22 for winning)
|l|☆izzycut
|player|p1|
|c|☆gardevoirandvapo|Gg
|l|☆gardevoirandvapo
|player|p2|
