|j|‽maxcondones
|j|☆nwalesu
|t:|1779877821
|gametype|singles
|player|p1|maxcondones|102|1526
|player|p2|nwalesu|pokemaniac|1539
|gen|9
|tier|[Gen 9] OU
|rated|
|rule|HP Percentage Mod: HP is shown in percentages
|rule|Endless Battle Clause: Forcing endless battles is banned
|rule|Species Clause: Limit one of each Pokémon
|rule|OHKO Clause: OHKO moves are banned
|rule|Evasion Items Clause: Evasion items are banned
|rule|Evasion Moves Clause: Evasion moves are banned
|rule|Evasion Abilities Clause: Evasion abilities are banned
|rule|Sleep Moves Clause: Sleep-inducing moves are banned
|clearpoke
|poke|p1|Excadrill, F|
|poke|p1|Landorus-Therian, M|
|poke|p1|Deoxys-Speed|
|poke|p1|Tyranitar, M|
|poke|p1|Tornadus-Therian, M|
|poke|p1|Hippowdon, F|
|poke|p2|Dragapult, M|
|poke|p2|Rotom-Heat|
|poke|p2|Clodsire, M|
|poke|p2|Mandibuzz, F|
|poke|p2|Dragonite, F|
|poke|p2|Iron Valiant|
|teampreview
|inactive|Battle timer is ON: inactive players will automatically lose when time's up. (requested by nwalesu)
|inactive|maxcondones has 120 seconds left.
|
|t:|1779877855
|teamsize|p1|6
|teamsize|p2|6
|start
|switch|p1a: Deoxys|Deoxys-Speed|100/100
|switch|p2a: Mandibuzz|Mandibuzz, F|100/100
|-ability|p1a: Deoxys|Pressure
|turn|1
|
|t:|1779877859
|move|p1a: Deoxys|Ice Beam|p2a: Mandibuzz
|-supereffective|p2a: Mandibuzz
|-damage|p2a: Mandibuzz|57/100
|-status|p2a: Mandibuzz|frz
|cant|p2a: Mandibuzz|frz
|
|upkeep
|turn|2
|c|☆nwalesu|bruh
|l|‽maxcondones
|inactive|maxcondones disconnected and has a minute to reconnect!
|player|p1|
|j|☆maxcondones
|inactive|maxcondones reconnected and has 125 seconds left.
|player|p1|maxcondones|102|
|inactive|maxcondones has 120 seconds left.
|c|☆maxcondones|mb
|
|t:|1779877893
|switch|p2a: Cookie maker|Rotom-Heat|100/100
|move|p1a: Deoxys|Ice Beam|p2a: Cookie maker
|-resisted|p2a: Cookie maker
|-damage|p2a: Cookie maker|88/100
|
|upkeep
|turn|3
|
|t:|1779877901
|move|p1a: Deoxys|Psycho Boost|p2a: Cookie maker
|-damage|p2a: Cookie maker|26/100
|-unboost|p1a: Deoxys|spa|2
|-enditem|p1a: Deoxys|Eject Pack
|
|t:|1779877907
|switch|p1a: Tyranitar|Tyranitar, M|100/100
|-weather|Sandstorm|[from] ability: Sand Stream|[of] p1a: Tyranitar
|move|p2a: Cookie maker|Discharge|p1a: Tyranitar
|-damage|p1a: Tyranitar|83/100
|-status|p1a: Tyranitar|par
|-enditem|p1a: Tyranitar|Eject Button
|inactive|maxcondones has 120 seconds left.
|
|t:|1779877924
|switch|p1a: Excadrill|Excadrill, F|100/100
|
|-weather|Sandstorm|[upkeep]
|-damage|p2a: Cookie maker|20/100|[from] Sandstorm
|upkeep
|turn|4
|
|t:|1779877933
|switch|p2a: Drippy|Dragapult, M|100/100
|move|p1a: Excadrill|Iron Head|p2a: Drippy
|-damage|p2a: Drippy|0 fnt
|faint|p2a: Drippy
|
|-weather|Sandstorm|[upkeep]
|upkeep
|
|t:|1779877952
|switch|p2a: Mandibuzz|Mandibuzz, F|57/100 frz
|turn|5
|
|t:|1779877956
|move|p1a: Excadrill|Iron Head|p2a: Mandibuzz
|-damage|p2a: Mandibuzz|16/100 frz
|cant|p2a: Mandibuzz|frz
|
|-weather|Sandstorm|[upkeep]
|upkeep
|turn|6
|
|t:|1779877962
|move|p1a: Excadrill|Iron Head|p2a: Mandibuzz
|-damage|p2a: Mandibuzz|0 fnt
|faint|p2a: Mandibuzz
|
|-weather|Sandstorm|[upkeep]
|upkeep
|
|t:|1779877966
|switch|p2a: Dragonite|Dragonite, F|100/100
|turn|7
|
|t:|1779877976
|move|p1a: Excadrill|Iron Head|p2a: Dragonite
|-damage|p2a: Dragonite|65/100
|cant|p2a: Dragonite|flinch
|
|-weather|none
|upkeep
|turn|8
|c|☆maxcondones|mb
|
|t:|1779877983
|switch|p1a: Hippowdon|Hippowdon, F|100/100
|-weather|Sandstorm|[from] ability: Sand Stream|[of] p1a: Hippowdon
|move|p2a: Dragonite|Dragon Dance|p2a: Dragonite
|-boost|p2a: Dragonite|atk|1
|-boost|p2a: Dragonite|spe|1
|
|-weather|Sandstorm|[upkeep]
|-damage|p2a: Dragonite|59/100|[from] Sandstorm
|upkeep
|turn|9
|
|t:|1779877989
|move|p2a: Dragonite|Fire Punch|p1a: Hippowdon
|-damage|p1a: Hippowdon|78/100
|-enditem|p1a: Hippowdon|Eject Button
|
|t:|1779877992
|switch|p1a: Excadrill|Excadrill, F|100/100
|
|-weather|Sandstorm|[upkeep]
|-damage|p2a: Dragonite|53/100|[from] Sandstorm
|upkeep
|turn|10
|
|t:|1779877998
|move|p1a: Excadrill|Iron Head|p2a: Dragonite
|-damage|p2a: Dragonite|0 fnt
|faint|p2a: Dragonite
|
|-weather|Sandstorm|[upkeep]
|upkeep
|-message|nwalesu forfeited.
|
|win|maxcondones
|raw|maxcondones's rating: 1526 &rarr; <strong>1547</strong><br />(+21 for winning)
|raw|nwalesu's rating: 1539 &rarr; <strong>1518</strong><br />(-21 for losing)
|l|☆nwalesu
|player|p2|
