|j|☆2dxy
|j|☆haitianprinc3
|t:|1779907029
|gametype|singles
|player|p1|2dxy|1|1446
|player|p2|haitianprinc3|marlon|1438
|gen|9
|tier|[Gen 9] OU
|rated|
|rule|HP Percentage Mod: HP is shown in percentages
|rule|Endless Battle Clause: Forcing endless battles is banned
|rule|Species Clause: Limit one of each Pokémon
|rule|OHKO Clause: OHKO moves are banned
|rule|Evasion Items Clause: Evasion items are banned
|rule|Evasion Moves Clause: Evasion moves are banned
|rule|Evasion Abilities Clause: Evasion abilities are banned
|rule|Sleep Moves Clause: Sleep-inducing moves are banned
|clearpoke
|poke|p1|Fezandipiti, M|
|poke|p1|Ninetales-Alola, F|
|poke|p1|Ceruledge, M|
|poke|p1|Dragonite, F|
|poke|p1|Regieleki|
|poke|p1|Kingambit, F|
|poke|p2|Politoed, F|
|poke|p2|Landorus-Therian, M|
|poke|p2|Kingdra, M|
|poke|p2|Azumarill, F|
|poke|p2|Volcanion|
|poke|p2|Hoopa-Unbound|
|teampreview
|inactive|Battle timer is ON: inactive players will automatically lose when time's up. (requested by haitianprinc3)
|
|t:|1779907047
|teamsize|p1|6
|teamsize|p2|6
|start
|switch|p1a: Ninetales|Ninetales-Alola, F|100/100
|switch|p2a: Azumarill|Azumarill, F|100/100
|-weather|Snowscape|[from] ability: Snow Warning|[of] p1a: Ninetales
|turn|1
|
|t:|1779907059
|move|p1a: Ninetales|Aurora Veil|p1a: Ninetales
|-sidestart|p1: 2dxy|move: Aurora Veil
|move|p2a: Azumarill|Play Rough|p1a: Ninetales
|-damage|p1a: Ninetales|78/100
|
|-weather|Snowscape|[upkeep]
|upkeep
|turn|2
|
|t:|1779907071
|switch|p1a: Fezandipiti|Fezandipiti, M|100/100
|move|p2a: Azumarill|Play Rough|p1a: Fezandipiti|[miss]
|-miss|p2a: Azumarill|p1a: Fezandipiti
|
|-weather|Snowscape|[upkeep]
|upkeep
|turn|3
|
|t:|1779907082
|move|p1a: Fezandipiti|Nasty Plot|p1a: Fezandipiti
|-boost|p1a: Fezandipiti|spa|2
|move|p2a: Azumarill|Waterfall|p1a: Fezandipiti
|-damage|p1a: Fezandipiti|77/100
|
|-weather|Snowscape|[upkeep]
|-heal|p1a: Fezandipiti|83/100|[from] item: Leftovers
|upkeep
|turn|4
|
|t:|1779907096
|switch|p2a: Politoed|Politoed, F, shiny|100/100
|-weather|RainDance|[from] ability: Drizzle|[of] p2a: Politoed
|move|p1a: Fezandipiti|Nasty Plot|p1a: Fezandipiti
|-boost|p1a: Fezandipiti|spa|2
|
|-weather|RainDance|[upkeep]
|-heal|p1a: Fezandipiti|89/100|[from] item: Leftovers
|upkeep
|turn|5
|
|t:|1779907121
|move|p1a: Fezandipiti|Moonblast|p2a: Politoed
|-damage|p2a: Politoed|32/100
|-unboost|p2a: Politoed|spa|1
|-status|p2a: Politoed|tox|[from] ability: Toxic Chain|[of] p1a: Fezandipiti
|move|p2a: Politoed|Encore|p1a: Fezandipiti
|-start|p1a: Fezandipiti|Encore
|
|-weather|RainDance|[upkeep]
|-heal|p1a: Fezandipiti|95/100|[from] item: Leftovers
|-damage|p2a: Politoed|26/100 tox|[from] psn
|upkeep
|turn|6
|
|t:|1779907131
|switch|p2a: Volcanion|Volcanion|100/100
|move|p1a: Fezandipiti|Moonblast|p2a: Volcanion
|-resisted|p2a: Volcanion
|-damage|p2a: Volcanion|60/100
|-unboost|p2a: Volcanion|spa|1
|
|-weather|RainDance|[upkeep]
|-heal|p1a: Fezandipiti|100/100|[from] item: Leftovers
|upkeep
|turn|7
|
|t:|1779907140
|move|p1a: Fezandipiti|Moonblast|p2a: Volcanion
|-resisted|p2a: Volcanion
|-damage|p2a: Volcanion|26/100
|-unboost|p2a: Volcanion|spa|1
|move|p2a: Volcanion|Steam Eruption|p1a: Fezandipiti
|-damage|p1a: Fezandipiti|83/100
|
|-weather|RainDance|[upkeep]
|-heal|p1a: Fezandipiti|89/100|[from] item: Leftovers
|upkeep
|turn|8
|
|t:|1779907150
|move|p1a: Fezandipiti|Moonblast|p2a: Volcanion
|-resisted|p2a: Volcanion
|-crit|p2a: Volcanion
|-damage|p2a: Volcanion|0 fnt
|faint|p2a: Volcanion
|
|-weather|RainDance|[upkeep]
|-heal|p1a: Fezandipiti|95/100|[from] item: Leftovers
|-end|p1a: Fezandipiti|Encore
|-sideend|p1: 2dxy|move: Aurora Veil
|upkeep
|
|t:|1779907157
|switch|p2a: Kingdra|Kingdra, M, shiny|100/100
|turn|9
|
|t:|1779907168
|-terastallize|p2a: Kingdra|Water
|move|p2a: Kingdra|Surf|p1a: Fezandipiti
|-damage|p1a: Fezandipiti|0 fnt
|faint|p1a: Fezandipiti
|
|-weather|RainDance|[upkeep]
|upkeep
|
|t:|1779907175
|switch|p1a: Ninetales|Ninetales-Alola, F|78/100
|-weather|Snowscape|[from] ability: Snow Warning|[of] p1a: Ninetales
|turn|10
|
|t:|1779907183
|switch|p2a: Politoed|Politoed, F, shiny|26/100 tox
|-weather|RainDance|[from] ability: Drizzle|[of] p2a: Politoed
|move|p1a: Ninetales|Aurora Veil||[still]
|-fail|p1a: Ninetales
|
|-weather|RainDance|[upkeep]
|-damage|p2a: Politoed|20/100 tox|[from] psn
|upkeep
|turn|11
|
|t:|1779907192
|switch|p2a: Kingdra|Kingdra, M, shiny, tera:Water|100/100
|move|p1a: Ninetales|Snowscape|p1a: Ninetales
|-weather|Snowscape
|
|-weather|Snowscape|[upkeep]
|upkeep
|turn|12
|
|t:|1779907198
|switch|p2a: Politoed|Politoed, F, shiny|20/100 tox
|-weather|RainDance|[from] ability: Drizzle|[of] p2a: Politoed
|move|p1a: Ninetales|Aurora Veil||[still]
|-fail|p1a: Ninetales
|
|-weather|RainDance|[upkeep]
|-damage|p2a: Politoed|14/100 tox|[from] psn
|upkeep
|turn|13
|
|t:|1779907204
|move|p1a: Ninetales|Snowscape|p1a: Ninetales
|-weather|Snowscape
|move|p2a: Politoed|Rain Dance|p2a: Politoed
|-weather|RainDance
|
|-weather|RainDance|[upkeep]
|-damage|p2a: Politoed|2/100 tox|[from] psn
|upkeep
|turn|14
|c|☆2dxy|alright bro
|
|t:|1779907216
|switch|p2a: Azumarill|Azumarill, F|100/100
|move|p1a: Ninetales|Encore||[still]
|-fail|p1a: Ninetales
|
|-weather|RainDance|[upkeep]
|upkeep
|turn|15
|
|t:|1779907227
|switch|p1a: Dragonite|Dragonite, F|100/100
|move|p2a: Azumarill|Waterfall|p1a: Dragonite
|-resisted|p1a: Dragonite
|-crit|p1a: Dragonite
|-damage|p1a: Dragonite|72/100
|
|-weather|RainDance|[upkeep]
|upkeep
|turn|16
|
|t:|1779907237
|move|p1a: Dragonite|Encore|p2a: Azumarill
|-start|p2a: Azumarill|Encore
|move|p2a: Azumarill|Waterfall|p1a: Dragonite
|-resisted|p1a: Dragonite
|-damage|p1a: Dragonite|26/100
|
|-weather|RainDance|[upkeep]
|upkeep
|turn|17
|
|t:|1779907258
|move|p1a: Dragonite|Fire Punch|p2a: Azumarill
|-resisted|p2a: Azumarill
|-damage|p2a: Azumarill|93/100
|move|p2a: Azumarill|Waterfall|p1a: Dragonite
|-resisted|p1a: Dragonite
|-damage|p1a: Dragonite|0 fnt
|faint|p1a: Dragonite
|
|-weather|RainDance|[upkeep]
|upkeep
|
|t:|1779907263
|switch|p1a: Ninetales|Ninetales-Alola, F|78/100
|-weather|Snowscape|[from] ability: Snow Warning|[of] p1a: Ninetales
|turn|18
|
|t:|1779907269
|switch|p2a: Politoed|Politoed, F, shiny|2/100 tox
|-weather|RainDance|[from] ability: Drizzle|[of] p2a: Politoed
|move|p1a: Ninetales|Snowscape|p1a: Ninetales
|-weather|Snowscape
|
|-weather|Snowscape|[upkeep]
|-damage|p2a: Politoed|0 fnt|[from] psn
|faint|p2a: Politoed
|upkeep
|
|t:|1779907289
|switch|p2a: Kingdra|Kingdra, M, shiny, tera:Water|100/100
|turn|19
|
|t:|1779907294
|move|p1a: Ninetales|Aurora Veil|p1a: Ninetales
|-sidestart|p1: 2dxy|move: Aurora Veil
|move|p2a: Kingdra|Surf|p1a: Ninetales
|-damage|p1a: Ninetales|40/100
|
|-weather|Snowscape|[upkeep]
|upkeep
|turn|20
|
|t:|1779907298
|move|p1a: Ninetales|Freeze-Dry|p2a: Kingdra
|-supereffective|p2a: Kingdra
|-damage|p2a: Kingdra|53/100
|move|p2a: Kingdra|Surf|p1a: Ninetales
|-damage|p1a: Ninetales|0 fnt
|faint|p1a: Ninetales
|
|-weather|Snowscape|[upkeep]
|upkeep
|
|t:|1779907306
|switch|p1a: Kingambit|Kingambit, F|100/100
|-activate|p1a: Kingambit|ability: Supreme Overlord
|-start|p1a: Kingambit|fallen3|[silent]
|-item|p1a: Kingambit|Air Balloon
|turn|21
|
|t:|1779907313
|switch|p2a: Landorus|Landorus-Therian, M|100/100
|-ability|p2a: Landorus|Intimidate|boost
|-unboost|p1a: Kingambit|atk|1
|move|p1a: Kingambit|Kowtow Cleave|p2a: Landorus
|-damage|p2a: Landorus|53/100
|
|-weather|Snowscape|[upkeep]
|upkeep
|turn|22
|
|t:|1779907319
|move|p2a: Landorus|Hammer Arm|p1a: Kingambit
|-supereffective|p1a: Kingambit
|-crit|p1a: Kingambit
|-damage|p1a: Kingambit|0 fnt
|-unboost|p2a: Landorus|spe|1
|-enditem|p1a: Kingambit|Air Balloon
|faint|p1a: Kingambit
|-end|p1a: Kingambit|fallen3|[silent]
|
|-weather|none
|upkeep
|c|☆haitianprinc3|L
|c|☆2dxy|sonion
|
|t:|1779907336
|switch|p1a: Ceruledge|Ceruledge, M|100/100
|turn|23
|
|t:|1779907341
|switch|p2a: Azumarill|Azumarill, F|93/100
|-terastallize|p1a: Ceruledge|Bug
|move|p1a: Ceruledge|Bulk Up|p1a: Ceruledge
|-boost|p1a: Ceruledge|atk|1
|-boost|p1a: Ceruledge|def|1
|
|upkeep
|turn|24
|
|t:|1779907349
|move|p1a: Ceruledge|Bulk Up|p1a: Ceruledge
|-boost|p1a: Ceruledge|atk|1
|-boost|p1a: Ceruledge|def|1
|move|p2a: Azumarill|Waterfall|p1a: Ceruledge
|-damage|p1a: Ceruledge|84/100
|
|-heal|p1a: Ceruledge|91/100|[from] item: Leftovers
|upkeep
|turn|25
|
|t:|1779907358
|switch|p2a: Kingdra|Kingdra, M, shiny, tera:Water|53/100
|move|p1a: Ceruledge|Bulk Up|p1a: Ceruledge
|-boost|p1a: Ceruledge|atk|1
|-boost|p1a: Ceruledge|def|1
|
|-heal|p1a: Ceruledge|97/100|[from] item: Leftovers
|upkeep
|turn|26
|
|t:|1779907363
|move|p2a: Kingdra|Surf|p1a: Ceruledge
|-damage|p1a: Ceruledge|65/100
|move|p1a: Ceruledge|Bitter Blade|p2a: Kingdra
|-resisted|p2a: Kingdra
|-damage|p2a: Kingdra|0 fnt
|-heal|p1a: Ceruledge|87/100|[from] drain|[of] p2a: Kingdra
|faint|p2a: Kingdra
|
|-heal|p1a: Ceruledge|93/100|[from] item: Leftovers
|-sideend|p1: 2dxy|move: Aurora Veil
|upkeep
|
|t:|1779907375
|switch|p2a: Landorus|Landorus-Therian, M|53/100
|-ability|p2a: Landorus|Intimidate|boost
|-unboost|p1a: Ceruledge|atk|1
|turn|27
|
|t:|1779907383
|move|p2a: Landorus|Stone Edge|p1a: Ceruledge
|-supereffective|p1a: Ceruledge
|-crit|p1a: Ceruledge
|-damage|p1a: Ceruledge|0 fnt
|faint|p1a: Ceruledge
|
|upkeep
|c|☆haitianprinc3|L
|
|t:|1779907390
|switch|p1a: Regieleki|Regieleki|100/100
|turn|28
|c|☆2dxy|gg
|c|☆haitianprinc3|bg
|-message|2dxy forfeited.
|
|win|haitianprinc3
|raw|2dxy's rating: 1446 &rarr; <strong>1426</strong><br />(-20 for losing)
|raw|haitianprinc3's rating: 1438 &rarr; <strong>1458</strong><br />(+20 for winning)
|l|☆2dxy
|player|p1|
|l|☆haitianprinc3
|player|p2|
