|j|☆Avv2121
|j|☆RandumbRaccoon
|t:|1779858183
|gametype|singles
|player|p1|Avv2121|janine|1285
|player|p2|RandumbRaccoon|ingo|1333
|gen|9
|tier|[Gen 9] OU
|rated|
|rule|HP Percentage Mod: HP is shown in percentages
|rule|Endless Battle Clause: Forcing endless battles is banned
|rule|Species Clause: Limit one of each Pokémon
|rule|OHKO Clause: OHKO moves are banned
|rule|Evasion Items Clause: Evasion items are banned
|rule|Evasion Moves Clause: Evasion moves are banned
|rule|Evasion Abilities Clause: Evasion abilities are banned
|rule|Sleep Moves Clause: Sleep-inducing moves are banned
|clearpoke
|poke|p1|Garganacl, M|
|poke|p1|Dragapult, M|
|poke|p1|Kingambit, M|
|poke|p1|Iron Moth|
|poke|p1|Corviknight, M|
|poke|p1|Meowstic-F, F|
|poke|p2|Ogerpon-Wellspring, F|
|poke|p2|Garganacl, F|
|poke|p2|Great Tusk|
|poke|p2|Dragonite, F|
|poke|p2|Moltres|
|poke|p2|Darkrai|
|teampreview
|inactive|Battle timer is ON: inactive players will automatically lose when time's up. (requested by RandumbRaccoon)
|inactive|Avv2121 also wants the timer to be on.
|
|t:|1779858197
|teamsize|p1|6
|teamsize|p2|6
|start
|switch|p1a: Dragapult|Dragapult, M|100/100
|switch|p2a: Darkrai|Darkrai|100/100
|turn|1
|
|t:|1779858200
|move|p2a: Darkrai|Dark Pulse|p1a: Dragapult
|-supereffective|p1a: Dragapult
|-damage|p1a: Dragapult|0 fnt
|faint|p1a: Dragapult
|
|upkeep
|
|t:|1779858207
|switch|p1a: Corviknight|Corviknight, M|100/100
|turn|2
|
|t:|1779858210
|switch|p2a: Moltres|Moltres|100/100
|move|p1a: Corviknight|Brave Bird|p2a: Moltres
|-damage|p2a: Moltres|73/100
|-damage|p1a: Corviknight|92/100|[from] Recoil
|
|upkeep
|turn|3
|
|t:|1779858216
|switch|p1a: Garganacl|Garganacl, M|100/100
|move|p2a: Moltres|Will-O-Wisp|p1a: Garganacl
|-immune|p1a: Garganacl|[from] ability: Purifying Salt
|
|upkeep
|turn|4
|
|t:|1779858222
|switch|p2a: Garganacl|Garganacl, F|100/100
|move|p1a: Garganacl|Salt Cure|p2a: Garganacl
|-damage|p2a: Garganacl|92/100
|-start|p2a: Garganacl|Salt Cure
|
|-heal|p2a: Garganacl|98/100|[from] item: Leftovers
|-damage|p2a: Garganacl|86/100|[from] Salt Cure
|upkeep
|turn|5
|
|t:|1779858228
|switch|p1a: Meowstic|Meowstic-F, F|100/100
|move|p2a: Garganacl|Salt Cure|p1a: Meowstic
|-damage|p1a: Meowstic|79/100
|-start|p1a: Meowstic|Salt Cure
|
|-heal|p2a: Garganacl|92/100|[from] item: Leftovers
|-damage|p1a: Meowstic|66/100|[from] Salt Cure
|-damage|p2a: Garganacl|80/100|[from] Salt Cure
|upkeep
|turn|6
|
|t:|1779858238
|move|p1a: Meowstic|Trick|p2a: Garganacl
|-activate|p1a: Meowstic|move: Trick|[of] p2a: Garganacl
|-item|p2a: Garganacl|Choice Scarf|[from] move: Trick
|-item|p1a: Meowstic|Leftovers|[from] move: Trick
|move|p2a: Garganacl|Stealth Rock|p1a: Meowstic
|-sidestart|p1: Avv2121|move: Stealth Rock
|
|-heal|p1a: Meowstic|72/100|[from] item: Leftovers
|-damage|p1a: Meowstic|60/100|[from] Salt Cure
|-damage|p2a: Garganacl|67/100|[from] Salt Cure
|upkeep
|turn|7
|
|t:|1779858247
|switch|p2a: Darkrai|Darkrai|100/100
|move|p1a: Meowstic|Role Play|p2a: Darkrai
|-ability|p1a: Meowstic|Bad Dreams|Infiltrator|[from] move: Role Play|[of] p2a: Darkrai
|
|-heal|p1a: Meowstic|66/100|[from] item: Leftovers
|-damage|p1a: Meowstic|54/100|[from] Salt Cure
|upkeep
|turn|8
|
|t:|1779858254
|switch|p1a: Corviknight|Corviknight, M|92/100
|-damage|p1a: Corviknight|79/100|[from] Stealth Rock
|move|p2a: Darkrai|Dark Pulse|p1a: Corviknight
|-damage|p1a: Corviknight|49/100
|
|upkeep
|turn|9
|
|t:|1779858259
|move|p2a: Darkrai|Dark Pulse|p1a: Corviknight
|-damage|p1a: Corviknight|22/100
|move|p1a: Corviknight|Roost|p1a: Corviknight
|-heal|p1a: Corviknight|72/100
|-singleturn|p1a: Corviknight|move: Roost
|
|upkeep
|turn|10
|
|t:|1779858264
|switch|p2a: Garganacl|Garganacl, F|67/100
|move|p1a: Corviknight|Defog|p2a: Garganacl
|-unboost|p2a: Garganacl|evasion|1
|-sideend|p1: Avv2121|Stealth Rock|[from] move: Defog|[of] p1a: Corviknight
|
|upkeep
|turn|11
|
|t:|1779858270
|move|p1a: Corviknight|U-turn|p2a: Garganacl
|-damage|p2a: Garganacl|58/100
|
|t:|1779858275
|switch|p1a: Meowstic|Meowstic-F, F|54/100|[from] U-turn
|move|p2a: Garganacl|Salt Cure|p1a: Meowstic
|-damage|p1a: Meowstic|34/100
|-start|p1a: Meowstic|Salt Cure
|
|-heal|p1a: Meowstic|40/100|[from] item: Leftovers
|-damage|p1a: Meowstic|28/100|[from] Salt Cure
|upkeep
|turn|12
|
|t:|1779858288
|switch|p1a: Corviknight|Corviknight, M|72/100
|switch|p2a: Darkrai|Darkrai|100/100
|
|upkeep
|turn|13
|
|t:|1779858291
|move|p2a: Darkrai|Trick|p1a: Corviknight
|-activate|p2a: Darkrai|move: Trick|[of] p1a: Corviknight
|-item|p1a: Corviknight|Choice Scarf|[from] move: Trick
|-item|p2a: Darkrai|Rocky Helmet|[from] move: Trick
|move|p1a: Corviknight|Brave Bird|p2a: Darkrai
|-crit|p2a: Darkrai
|-damage|p2a: Darkrai|23/100
|-damage|p1a: Corviknight|56/100|[from] item: Rocky Helmet|[of] p2a: Darkrai
|-damage|p1a: Corviknight|38/100|[from] Recoil
|
|upkeep
|turn|14
|
|t:|1779858298
|switch|p2a: Moltres|Moltres|73/100
|move|p1a: Corviknight|Brave Bird|p2a: Moltres
|-damage|p2a: Moltres|44/100
|-damage|p1a: Corviknight|28/100|[from] Recoil
|
|upkeep
|turn|15
|
|t:|1779858302
|switch|p1a: Garganacl|Garganacl, M|100/100
|move|p2a: Moltres|Roost|p2a: Moltres
|-heal|p2a: Moltres|94/100
|-singleturn|p2a: Moltres|move: Roost
|
|upkeep
|turn|16
|
|t:|1779858316
|switch|p2a: Darkrai|Darkrai|23/100
|move|p1a: Garganacl|Curse|p1a: Garganacl
|-unboost|p1a: Garganacl|spe|1
|-boost|p1a: Garganacl|atk|1
|-boost|p1a: Garganacl|def|1
|
|upkeep
|turn|17
|
|t:|1779858322
|move|p1a: Garganacl|Protect|p1a: Garganacl
|-singleturn|p1a: Garganacl|Protect
|move|p2a: Darkrai|Dark Pulse|p1a: Garganacl
|-activate|p1a: Garganacl|move: Protect
|
|upkeep
|turn|18
|
|t:|1779858324
|move|p2a: Darkrai|Dark Pulse|p1a: Garganacl
|-damage|p1a: Garganacl|67/100
|move|p1a: Garganacl|Salt Cure|p2a: Darkrai
|-damage|p2a: Darkrai|0 fnt
|faint|p2a: Darkrai
|
|-heal|p1a: Garganacl|73/100|[from] item: Leftovers
|upkeep
|
|t:|1779858330
|switch|p2a: Garganacl|Garganacl, F|58/100
|turn|19
|
|t:|1779858334
|move|p2a: Garganacl|Salt Cure|p1a: Garganacl
|-damage|p1a: Garganacl|68/100
|-start|p1a: Garganacl|Salt Cure
|move|p1a: Garganacl|Salt Cure|p2a: Garganacl
|-damage|p2a: Garganacl|45/100
|-start|p2a: Garganacl|Salt Cure
|
|-heal|p1a: Garganacl|74/100|[from] item: Leftovers
|-damage|p2a: Garganacl|32/100|[from] Salt Cure
|-damage|p1a: Garganacl|62/100|[from] Salt Cure
|upkeep
|turn|20
|
|t:|1779858341
|switch|p2a: Great Tusk|Great Tusk|100/100
|move|p1a: Garganacl|Recover|p1a: Garganacl
|-heal|p1a: Garganacl|100/100
|
|-damage|p1a: Garganacl|88/100|[from] Salt Cure
|upkeep
|turn|21
|
|t:|1779858344
|move|p2a: Great Tusk|Knock Off|p1a: Garganacl
|-damage|p1a: Garganacl|76/100
|-enditem|p1a: Garganacl|Leftovers|[from] move: Knock Off|[of] p2a: Great Tusk
|move|p1a: Garganacl|Salt Cure|p2a: Great Tusk
|-resisted|p2a: Great Tusk
|-damage|p2a: Great Tusk|96/100
|-start|p2a: Great Tusk|Salt Cure
|
|-damage|p2a: Great Tusk|84/100|[from] Salt Cure
|-damage|p1a: Garganacl|64/100|[from] Salt Cure
|upkeep
|turn|22
|
|t:|1779858356
|-end|p2a: Great Tusk|Protosynthesis|[silent]
|switch|p2a: Ogerpon|Ogerpon-Wellspring, F|100/100
|move|p1a: Garganacl|Recover|p1a: Garganacl
|-heal|p1a: Garganacl|100/100
|
|-damage|p1a: Garganacl|88/100|[from] Salt Cure
|upkeep
|turn|23
|
|t:|1779858361
|-terastallize|p2a: Ogerpon|Water
|detailschange|p2a: Ogerpon|Ogerpon-Wellspring-Tera, F, tera:Water
|-ability|p2a: Ogerpon|Embody Aspect (Wellspring)|boost
|-boost|p2a: Ogerpon|spd|1
|move|p2a: Ogerpon|Ivy Cudgel|p1a: Garganacl|[anim] Ivy Cudgel Water
|-supereffective|p1a: Garganacl
|-crit|p1a: Garganacl
|-damage|p1a: Garganacl|0 fnt
|faint|p1a: Garganacl
|
|upkeep
|
|t:|1779858368
|switch|p1a: Corviknight|Corviknight, M|28/100
|turn|24
|
|t:|1779858373
|switch|p2a: Moltres|Moltres|94/100
|move|p1a: Corviknight|Brave Bird|p2a: Moltres
|-damage|p2a: Moltres|68/100
|-status|p1a: Corviknight|brn|[from] ability: Flame Body|[of] p2a: Moltres
|-damage|p1a: Corviknight|20/100 brn|[from] Recoil
|
|-damage|p1a: Corviknight|14/100 brn|[from] brn
|upkeep
|turn|25
|
|t:|1779858376
|move|p1a: Corviknight|Brave Bird|p2a: Moltres
|-damage|p2a: Moltres|53/100
|-damage|p1a: Corviknight|9/100 brn|[from] Recoil
|move|p2a: Moltres|Roost|p2a: Moltres
|-heal|p2a: Moltres|100/100
|-singleturn|p2a: Moltres|move: Roost
|
|-damage|p1a: Corviknight|3/100 brn|[from] brn
|upkeep
|turn|26
|
|t:|1779858383
|move|p1a: Corviknight|Brave Bird|p2a: Moltres
|-damage|p2a: Moltres|86/100
|-damage|p1a: Corviknight|0 fnt|[from] Recoil
|faint|p1a: Corviknight
|move|p2a: Moltres|Flamethrower|p1: Corviknight|[notarget]
|-fail|p2a: Moltres
|
|upkeep
|
|t:|1779858385
|switch|p1a: Meowstic|Meowstic-F, F|28/100
|turn|27
|
|t:|1779858396
|move|p1a: Meowstic|Thunder Wave|p2a: Moltres
|-status|p2a: Moltres|par
|cant|p2a: Moltres|par
|
|-heal|p1a: Meowstic|34/100|[from] item: Leftovers
|upkeep
|turn|28
|
|t:|1779858401
|move|p1a: Meowstic|Psychic Noise|p2a: Moltres
|-damage|p2a: Moltres|57/100 par
|-start|p2a: Moltres|move: Heal Block
|move|p2a: Moltres|Flamethrower|p1a: Meowstic
|-damage|p1a: Meowstic|0 fnt
|faint|p1a: Meowstic
|
|upkeep
|
|t:|1779858408
|switch|p1a: Iron Moth|Iron Moth|100/100
|-enditem|p1a: Iron Moth|Booster Energy
|-activate|p1a: Iron Moth|ability: Quark Drive|[fromitem]
|-start|p1a: Iron Moth|quarkdrivespe
|turn|29
|
|t:|1779858413
|switch|p2a: Ogerpon|Ogerpon-Wellspring-Tera, F, tera:Water|100/100
|-ability|p2a: Ogerpon|Embody Aspect (Wellspring)|boost
|-boost|p2a: Ogerpon|spd|1
|move|p1a: Iron Moth|Sludge Wave|p2a: Ogerpon
|-damage|p2a: Ogerpon|64/100
|
|upkeep
|turn|30
|
|t:|1779858419
|move|p1a: Iron Moth|Energy Ball|p2a: Ogerpon
|-supereffective|p2a: Ogerpon
|-damage|p2a: Ogerpon|16/100
|move|p2a: Ogerpon|Ivy Cudgel|p1a: Iron Moth|[anim] Ivy Cudgel Water
|-supereffective|p1a: Iron Moth
|-damage|p1a: Iron Moth|0 fnt
|faint|p1a: Iron Moth
|-end|p1a: Iron Moth|Quark Drive|[silent]
|
|upkeep
|
|t:|1779858422
|switch|p1a: Kingambit|Kingambit, M|100/100
|-activate|p1a: Kingambit|ability: Supreme Overlord
|-start|p1a: Kingambit|fallen5|[silent]
|turn|31
|
|t:|1779858426
|move|p2a: Ogerpon|Knock Off|p1a: Kingambit
|-resisted|p1a: Kingambit
|-damage|p1a: Kingambit|85/100
|-enditem|p1a: Kingambit|Black Glasses|[from] move: Knock Off|[of] p2a: Ogerpon
|move|p1a: Kingambit|Swords Dance|p1a: Kingambit
|-boost|p1a: Kingambit|atk|2
|
|upkeep
|turn|32
|
|t:|1779858431
|move|p1a: Kingambit|Sucker Punch||[still]
|-fail|p1a: Kingambit
|move|p2a: Ogerpon|Spikes|p1a: Kingambit
|-sidestart|p1: Avv2121|Spikes
|
|upkeep
|turn|33
|
|t:|1779858436
|move|p1a: Kingambit|Sucker Punch||[still]
|-fail|p1a: Kingambit
|move|p2a: Ogerpon|Spikes|p1a: Kingambit
|-sidestart|p1: Avv2121|Spikes
|
|upkeep
|turn|34
|
|t:|1779858439
|move|p1a: Kingambit|Sucker Punch|p2a: Ogerpon
|-crit|p2a: Ogerpon
|-damage|p2a: Ogerpon|0 fnt
|faint|p2a: Ogerpon
|detailschange|p2: Ogerpon|Ogerpon-Wellspring, F|[silent]
|
|upkeep
|
|t:|1779858441
|switch|p2a: Moltres|Moltres|57/100 par
|turn|35
|
|t:|1779858448
|move|p1a: Kingambit|Kowtow Cleave|p2a: Moltres
|-damage|p2a: Moltres|0 fnt
|faint|p2a: Moltres
|
|upkeep
|
|t:|1779858455
|switch|p2a: Great Tusk|Great Tusk|84/100
|turn|36
|
|t:|1779858458
|move|p1a: Kingambit|Sucker Punch|p2a: Great Tusk
|-resisted|p2a: Great Tusk
|-damage|p2a: Great Tusk|39/100
|move|p2a: Great Tusk|Headlong Rush|p1a: Kingambit
|-supereffective|p1a: Kingambit
|-damage|p1a: Kingambit|0 fnt
|-unboost|p2a: Great Tusk|def|1
|-unboost|p2a: Great Tusk|spd|1
|faint|p1a: Kingambit
|-end|p1a: Kingambit|fallen5|[silent]
|
|win|RandumbRaccoon
|raw|Avv2121's rating: 1285 &rarr; <strong>1263</strong><br />(-22 for losing)
|raw|RandumbRaccoon's rating: 1333 &rarr; <strong>1350</strong><br />(+17 for winning)
|l|☆Avv2121
|player|p1|
|l|☆RandumbRaccoon
|player|p2|
