|j|☆Hike Mawk
|j|‽thecasualgamer911
|t:|1779809051
|gametype|singles
|player|p1|Hike Mawk|riley|1297
|player|p2|thecasualgamer911|265|1240
|gen|9
|tier|[Gen 9] OU
|rated|
|rule|HP Percentage Mod: HP is shown in percentages
|rule|Endless Battle Clause: Forcing endless battles is banned
|rule|Species Clause: Limit one of each Pokémon
|rule|OHKO Clause: OHKO moves are banned
|rule|Evasion Items Clause: Evasion items are banned
|rule|Evasion Moves Clause: Evasion moves are banned
|rule|Evasion Abilities Clause: Evasion abilities are banned
|rule|Sleep Moves Clause: Sleep-inducing moves are banned
|clearpoke
|poke|p1|Gliscor, M|
|poke|p1|Clefable, F|
|poke|p1|Corviknight, M|
|poke|p1|Blissey, F|
|poke|p1|Forretress, F|
|poke|p1|Garganacl, F|
|poke|p2|Blaziken, M|
|poke|p2|Landorus-Therian, M|
|poke|p2|Kingambit, F|
|poke|p2|Great Tusk|
|poke|p2|Dragonite, F|
|poke|p2|Primarina, M|
|teampreview
|inactive|Battle timer is ON: inactive players will automatically lose when time's up. (requested by Hike Mawk)
|j| bbriskett
|
|t:|1779809058
|teamsize|p1|6
|teamsize|p2|6
|start
|switch|p1a: Rocki|Garganacl, F, shiny|100/100
|switch|p2a: Landorus|Landorus-Therian, M|100/100
|-ability|p2a: Landorus|Intimidate|boost
|-unboost|p1a: Rocki|atk|1
|turn|1
|
|t:|1779809063
|move|p2a: Landorus|Earthquake|p1a: Rocki
|-supereffective|p1a: Rocki
|-damage|p1a: Rocki|24/100
|-enditem|p1a: Rocki|Sitrus Berry|[eat]
|-heal|p1a: Rocki|49/100|[from] item: Sitrus Berry
|move|p1a: Rocki|Salt Cure|p2a: Landorus
|-damage|p2a: Landorus|85/100
|-start|p2a: Landorus|Salt Cure
|
|-damage|p2a: Landorus|73/100|[from] Salt Cure
|upkeep
|turn|2
|
|t:|1779809066
|switch|p1a: Azulor|Gliscor, M, shiny|100/100
|move|p2a: Landorus|Earthquake|p1a: Azulor
|-immune|p1a: Azulor
|
|-damage|p2a: Landorus|61/100|[from] Salt Cure
|-status|p1a: Azulor|tox|[from] item: Toxic Orb
|upkeep
|turn|3
|
|t:|1779809069
|move|p2a: Landorus|Stealth Rock|p1a: Azulor
|-sidestart|p1: Hike Mawk|move: Stealth Rock
|move|p1a: Azulor|Fling|p2a: Landorus
|-damage|p2a: Landorus|50/100
|-status|p2a: Landorus|tox
|-enditem|p1a: Azulor|Toxic Orb|[from] move: Fling
|
|-damage|p2a: Landorus|44/100 tox|[from] psn
|-damage|p2a: Landorus|32/100 tox|[from] Salt Cure
|upkeep
|turn|4
|
|t:|1779809074
|move|p2a: Landorus|Stone Edge|p1a: Azulor|[miss]
|-miss|p2a: Landorus|p1a: Azulor
|move|p1a: Azulor|Acrobatics|p2a: Landorus
|-damage|p2a: Landorus|0 fnt
|-damage|p1a: Azulor|84/100 tox|[from] item: Rocky Helmet|[of] p2a: Landorus
|faint|p2a: Landorus
|
|-heal|p1a: Azulor|96/100 tox|[from] ability: Poison Heal
|upkeep
|
|t:|1779809080
|switch|p2a: Dragonite|Dragonite, F|100/100
|turn|5
|
|t:|1779809093
|switch|p1a: Rookidon|Corviknight, M|100/100
|-damage|p1a: Rookidon|88/100|[from] Stealth Rock
|move|p2a: Dragonite|Ice Spinner|p1a: Rookidon
|-damage|p1a: Rookidon|52/100
|
|upkeep
|turn|6
|
|t:|1779809103
|move|p2a: Dragonite|Ice Spinner|p1a: Rookidon
|-damage|p1a: Rookidon|16/100
|move|p1a: Rookidon|Roost|p1a: Rookidon
|-heal|p1a: Rookidon|66/100
|-singleturn|p1a: Rookidon|move: Roost
|
|upkeep
|turn|7
|
|t:|1779809108
|switch|p2a: Primarina|Primarina, M|100/100
|move|p1a: Rookidon|Roost|p1a: Rookidon
|-heal|p1a: Rookidon|100/100
|-singleturn|p1a: Rookidon|move: Roost
|
|upkeep
|turn|8
|
|t:|1779809115
|switch|p1a: Zira|Blissey, F|100/100
|-damage|p1a: Zira|88/100|[from] Stealth Rock
|move|p2a: Primarina|Surf|p1a: Zira
|-damage|p1a: Zira|69/100
|
|upkeep
|turn|9
|
|t:|1779809120
|move|p2a: Primarina|Moonblast|p1a: Zira
|-damage|p1a: Zira|50/100
|-unboost|p1a: Zira|spa|1
|move|p1a: Zira|Ice Beam|p2a: Primarina
|-resisted|p2a: Primarina
|-damage|p2a: Primarina|95/100
|
|upkeep
|turn|10
|
|t:|1779809140
|switch|p2a: Blaziken|Blaziken, M|100/100
|move|p1a: Zira|Soft-Boiled|p1a: Zira
|-heal|p1a: Zira|99/100
|
|upkeep
|turn|11
|
|t:|1779809146
|switch|p1a: Azulor|Gliscor, M, shiny|96/100 tox
|-damage|p1a: Azulor|84/100 tox|[from] Stealth Rock
|move|p2a: Blaziken|Swords Dance|p2a: Blaziken
|-boost|p2a: Blaziken|atk|2
|
|-heal|p1a: Azulor|96/100 tox|[from] ability: Poison Heal
|-ability|p2a: Blaziken|Speed Boost|boost
|-boost|p2a: Blaziken|spe|1
|upkeep
|turn|12
|
|t:|1779809152
|move|p2a: Blaziken|Flare Blitz|p1a: Azulor
|-damage|p1a: Azulor|0 fnt
|faint|p1a: Azulor
|-damage|p2a: Blaziken|69/100|[from] Recoil
|-damage|p2a: Blaziken|59/100|[from] item: Life Orb
|
|-ability|p2a: Blaziken|Speed Boost|boost
|-boost|p2a: Blaziken|spe|1
|upkeep
|
|t:|1779809157
|switch|p1a: Cleffairable|Clefable, F, shiny|100/100
|turn|13
|
|t:|1779809163
|-terastallize|p1a: Cleffairable|Fire
|move|p2a: Blaziken|Flare Blitz|p1a: Cleffairable
|-resisted|p1a: Cleffairable
|-damage|p1a: Cleffairable|58/100
|-damage|p2a: Blaziken|43/100|[from] Recoil
|-damage|p2a: Blaziken|33/100|[from] item: Life Orb
|move|p1a: Cleffairable|Moonblast|p2a: Blaziken
|-damage|p2a: Blaziken|0 fnt
|faint|p2a: Blaziken
|
|upkeep
|
|t:|1779809166
|switch|p2a: Primarina|Primarina, M|95/100
|turn|14
|
|t:|1779809176
|switch|p1a: Zira|Blissey, F|99/100
|-damage|p1a: Zira|88/100|[from] Stealth Rock
|move|p2a: Primarina|Surf|p1a: Zira
|-damage|p1a: Zira|70/100
|
|upkeep
|turn|15
|
|t:|1779809179
|move|p2a: Primarina|Surf|p1a: Zira
|-damage|p1a: Zira|52/100
|move|p1a: Zira|Calm Mind|p1a: Zira
|-boost|p1a: Zira|spa|1
|-boost|p1a: Zira|spd|1
|
|upkeep
|turn|16
|
|t:|1779809183
|move|p2a: Primarina|Surf|p1a: Zira
|-damage|p1a: Zira|40/100
|move|p1a: Zira|Thunderbolt|p2a: Primarina
|-supereffective|p2a: Primarina
|-damage|p2a: Primarina|40/100
|-status|p2a: Primarina|par
|
|upkeep
|turn|17
|
|t:|1779809190
|move|p1a: Zira|Soft-Boiled|p1a: Zira
|-heal|p1a: Zira|90/100
|move|p2a: Primarina|Surf|p1a: Zira
|-damage|p1a: Zira|78/100
|
|upkeep
|turn|18
|
|t:|1779809194
|switch|p2a: Great Tusk|Great Tusk|100/100
|-enditem|p2a: Great Tusk|Booster Energy
|-activate|p2a: Great Tusk|ability: Protosynthesis|[fromitem]
|-start|p2a: Great Tusk|protosynthesisspe
|move|p1a: Zira|Ice Beam|p2a: Great Tusk
|-supereffective|p2a: Great Tusk
|-crit|p2a: Great Tusk
|-damage|p2a: Great Tusk|0 fnt
|faint|p2a: Great Tusk
|-end|p2a: Great Tusk|Protosynthesis|[silent]
|
|upkeep
|
|t:|1779809197
|switch|p2a: Dragonite|Dragonite, F|100/100
|turn|19
|
|t:|1779809204
|switch|p1a: Goldenuke|Forretress, F, shiny|100/100
|-terastallize|p2a: Dragonite|Normal
|move|p2a: Dragonite|Extreme Speed|p1a: Goldenuke
|-resisted|p1a: Goldenuke
|-damage|p1a: Goldenuke|80/100
|
|upkeep
|turn|20
|
|t:|1779809210
|switch|p2a: Kingambit|Kingambit, F|100/100
|-activate|p2a: Kingambit|ability: Supreme Overlord
|-start|p2a: Kingambit|fallen3|[silent]
|move|p1a: Goldenuke|Iron Defense|p1a: Goldenuke
|-boost|p1a: Goldenuke|def|2
|
|upkeep
|turn|21
|
|t:|1779809216
|move|p2a: Kingambit|Swords Dance|p2a: Kingambit
|-boost|p2a: Kingambit|atk|2
|move|p1a: Goldenuke|Body Press|p2a: Kingambit
|-supereffective|p2a: Kingambit
|-damage|p2a: Kingambit|0 fnt
|faint|p2a: Kingambit
|-end|p2a: Kingambit|fallen3|[silent]
|
|upkeep
|
|t:|1779809220
|switch|p2a: Dragonite|Dragonite, F, tera:Normal|100/100
|turn|22
|
|t:|1779809223
|move|p2a: Dragonite|Fire Punch|p1a: Goldenuke
|-supereffective|p1a: Goldenuke
|-damage|p1a: Goldenuke|32/100
|-status|p1a: Goldenuke|brn
|move|p1a: Goldenuke|Body Press|p2a: Dragonite
|-supereffective|p2a: Dragonite
|-damage|p2a: Dragonite|65/100
|
|-damage|p1a: Goldenuke|26/100 brn|[from] brn
|upkeep
|turn|23
|
|t:|1779809226
|move|p2a: Dragonite|Fire Punch|p1a: Goldenuke
|-supereffective|p1a: Goldenuke
|-damage|p1a: Goldenuke|0 fnt
|faint|p1a: Goldenuke
|
|upkeep
|
|t:|1779809234
|switch|p1a: Rocki|Garganacl, F, shiny|49/100
|-damage|p1a: Rocki|36/100|[from] Stealth Rock
|turn|24
|
|t:|1779809237
|switch|p2a: Primarina|Primarina, M|40/100 par
|move|p1a: Rocki|Salt Cure|p2a: Primarina
|-damage|p2a: Primarina|15/100 par
|-start|p2a: Primarina|Salt Cure
|
|-damage|p2a: Primarina|0 fnt|[from] Salt Cure
|faint|p2a: Primarina
|upkeep
|
|t:|1779809239
|switch|p2a: Dragonite|Dragonite, F, tera:Normal|65/100
|turn|25
|
|t:|1779809244
|move|p2a: Dragonite|Outrage|p1a: Rocki
|-damage|p1a: Rocki|0 fnt
|faint|p1a: Rocki
|
|upkeep
|
|t:|1779809247
|switch|p1a: Rookidon|Corviknight, M|100/100
|-damage|p1a: Rookidon|88/100|[from] Stealth Rock
|turn|26
|
|t:|1779809251
|move|p2a: Dragonite|Outrage|p1a: Rookidon|[from] lockedmove
|-resisted|p1a: Rookidon
|-damage|p1a: Rookidon|48/100
|move|p1a: Rookidon|Bulk Up|p1a: Rookidon
|-boost|p1a: Rookidon|atk|1
|-boost|p1a: Rookidon|def|1
|
|upkeep
|turn|27
|
|t:|1779809255
|move|p2a: Dragonite|Outrage|p1a: Rookidon|[from] lockedmove
|-resisted|p1a: Rookidon
|-damage|p1a: Rookidon|17/100
|-start|p2a: Dragonite|confusion|[fatigue]
|move|p1a: Rookidon|Roost|p1a: Rookidon
|-heal|p1a: Rookidon|67/100
|-singleturn|p1a: Rookidon|move: Roost
|
|upkeep
|turn|28
|
|t:|1779809260
|-activate|p2a: Dragonite|confusion
|-damage|p2a: Dragonite|49/100|[from] confusion
|move|p1a: Rookidon|Roost|p1a: Rookidon
|-heal|p1a: Rookidon|100/100
|-singleturn|p1a: Rookidon|move: Roost
|
|upkeep
|turn|29
|
|t:|1779809264
|-end|p2a: Dragonite|confusion
|move|p2a: Dragonite|Outrage|p1a: Rookidon
|-resisted|p1a: Rookidon
|-damage|p1a: Rookidon|73/100
|move|p1a: Rookidon|Bulk Up|p1a: Rookidon
|-boost|p1a: Rookidon|atk|1
|-boost|p1a: Rookidon|def|1
|
|upkeep
|turn|30
|
|t:|1779809272
|move|p2a: Dragonite|Outrage|p1a: Rookidon|[from] lockedmove
|-resisted|p1a: Rookidon
|-damage|p1a: Rookidon|51/100
|move|p1a: Rookidon|Power Trip|p2a: Dragonite
|-damage|p2a: Dragonite|0 fnt
|faint|p2a: Dragonite
|
|win|Hike Mawk
|raw|Hike Mawk's rating: 1297 &rarr; <strong>1318</strong><br />(+21 for winning)
|raw|thecasualgamer911's rating: 1240 &rarr; <strong>1219</strong><br />(-21 for losing)
|c|☆Hike Mawk|GGs
|l|‽thecasualgamer911
|player|p2|
