|j|☆sunkiasvoris
|j|☆enzonied
|t:|1779957331
|gametype|singles
|player|p1|sunkiasvoris|ginter|1403
|player|p2|enzonied|pokekid|1429
|gen|9
|tier|[Gen 9] OU
|rated|
|rule|HP Percentage Mod: HP is shown in percentages
|rule|Endless Battle Clause: Forcing endless battles is banned
|rule|Species Clause: Limit one of each Pokémon
|rule|OHKO Clause: OHKO moves are banned
|rule|Evasion Items Clause: Evasion items are banned
|rule|Evasion Moves Clause: Evasion moves are banned
|rule|Evasion Abilities Clause: Evasion abilities are banned
|rule|Sleep Moves Clause: Sleep-inducing moves are banned
|clearpoke
|poke|p1|Gholdengo|
|poke|p1|Great Tusk|
|poke|p1|Iron Moth|
|poke|p1|Glimmora, F|
|poke|p1|Tyranitar, M|
|poke|p1|Swampert, M|
|poke|p2|Ting-Lu|
|poke|p2|Toxapex, F|
|poke|p2|Gholdengo|
|poke|p2|Primarina, M|
|poke|p2|Corviknight, M|
|poke|p2|Enamorus, F|
|teampreview
|inactive|Battle timer is ON: inactive players will automatically lose when time's up. (requested by sunkiasvoris)
|inactive|sunkiasvoris has 120 seconds left.
|
|t:|1779957370
|teamsize|p1|6
|teamsize|p2|6
|start
|switch|p1a: Swampert|Swampert, M|100/100
|switch|p2a: Gholdengo|Gholdengo, shiny|100/100
|turn|1
|
|t:|1779957384
|switch|p2a: Corviknight|Corviknight, M, shiny|100/100
|-ability|p2a: Corviknight|Pressure
|move|p1a: Swampert|Knock Off|p2a: Corviknight
|-damage|p2a: Corviknight|73/100
|-damage|p1a: Swampert|84/100|[from] item: Rocky Helmet|[of] p2a: Corviknight
|-enditem|p2a: Corviknight|Rocky Helmet|[from] move: Knock Off|[of] p1a: Swampert
|
|upkeep
|turn|2
|
|t:|1779957399
|switch|p1a: Glimmora|Glimmora, F|100/100
|move|p2a: Corviknight|U-turn|p1a: Glimmora
|-resisted|p1a: Glimmora
|-damage|p1a: Glimmora|92/100
|-activate|p1a: Glimmora|ability: Toxic Debris
|-sidestart|p2: enzonied|move: Toxic Spikes
|
|t:|1779957407
|switch|p2a: Gholdengo|Gholdengo, shiny|100/100|[from] U-turn
|
|upkeep
|turn|3
|
|t:|1779957431
|switch|p1a: Gholdengo|Gholdengo|100/100
|-item|p1a: Gholdengo|Air Balloon
|move|p2a: Gholdengo|Make It Rain|p1a: Gholdengo
|-resisted|p1a: Gholdengo
|-crit|p1a: Gholdengo
|-damage|p1a: Gholdengo|56/100
|-unboost|p2a: Gholdengo|spa|1
|-enditem|p1a: Gholdengo|Air Balloon
|
|upkeep
|turn|4
|
|t:|1779957449
|switch|p2a: Corviknight|Corviknight, M, shiny|73/100
|-ability|p2a: Corviknight|Pressure
|move|p1a: Gholdengo|Recover|p1a: Gholdengo
|-heal|p1a: Gholdengo|100/100
|
|upkeep
|turn|5
|
|t:|1779957457
|move|p1a: Gholdengo|Nasty Plot|p1a: Gholdengo
|-boost|p1a: Gholdengo|spa|2
|move|p2a: Corviknight|Defog|p1a: Gholdengo
|-immune|p1a: Gholdengo|[from] ability: Good as Gold
|
|upkeep
|turn|6
|
|t:|1779957464
|move|p1a: Gholdengo|Nasty Plot|p1a: Gholdengo
|-boost|p1a: Gholdengo|spa|2
|move|p2a: Corviknight|U-turn|p1a: Gholdengo
|-resisted|p1a: Gholdengo
|-damage|p1a: Gholdengo|97/100
|
|t:|1779957470
|switch|p2a: Gholdengo|Gholdengo, shiny|100/100|[from] U-turn
|
|upkeep
|turn|7
|
|t:|1779957476
|switch|p1a: Tyranitar|Tyranitar, M|100/100
|-weather|Sandstorm|[from] ability: Sand Stream|[of] p1a: Tyranitar
|move|p2a: Gholdengo|Shadow Ball|p1a: Tyranitar
|-resisted|p1a: Tyranitar
|-damage|p1a: Tyranitar|87/100
|
|-weather|Sandstorm|[upkeep]
|upkeep
|turn|8
|
|t:|1779957496
|switch|p2a: Corviknight|Corviknight, M, shiny|73/100
|-ability|p2a: Corviknight|Pressure
|move|p1a: Tyranitar|Dragon Dance|p1a: Tyranitar
|-boost|p1a: Tyranitar|atk|1
|-boost|p1a: Tyranitar|spe|1
|
|-weather|Sandstorm|[upkeep]
|upkeep
|turn|9
|
|t:|1779957505
|switch|p1a: Gholdengo|Gholdengo|97/100
|move|p2a: Corviknight|Defog|p1a: Gholdengo
|-immune|p1a: Gholdengo|[from] ability: Good as Gold
|
|-weather|Sandstorm|[upkeep]
|upkeep
|turn|10
|
|t:|1779957512
|move|p1a: Gholdengo|Shadow Ball|p2a: Corviknight
|-damage|p2a: Corviknight|29/100
|move|p2a: Corviknight|U-turn|p1a: Gholdengo
|-resisted|p1a: Gholdengo
|-damage|p1a: Gholdengo|94/100
|
|t:|1779957518
|switch|p2a: Gholdengo|Gholdengo, shiny|100/100|[from] U-turn
|
|-weather|Sandstorm|[upkeep]
|upkeep
|turn|11
|
|t:|1779957531
|move|p2a: Gholdengo|Focus Blast|p1a: Gholdengo
|-immune|p1a: Gholdengo
|move|p1a: Gholdengo|Shadow Ball|p2a: Gholdengo
|-supereffective|p2a: Gholdengo
|-damage|p2a: Gholdengo|1/100
|-unboost|p2a: Gholdengo|spd|1
|
|-weather|none
|upkeep
|turn|12
|
|t:|1779957552
|switch|p2a: Toxapex|Toxapex, F, shiny|100/100
|-sideend|p2: enzonied|move: Toxic Spikes|[of] p2a: Toxapex
|move|p1a: Gholdengo|Shadow Ball|p2a: Toxapex
|-damage|p2a: Toxapex|62/100
|
|-heal|p2a: Toxapex|68/100|[from] item: Black Sludge
|upkeep
|turn|13
|
|t:|1779957560
|move|p1a: Gholdengo|Shadow Ball|p2a: Toxapex
|-damage|p2a: Toxapex|31/100
|move|p2a: Toxapex|Chilling Water|p1a: Gholdengo
|-damage|p1a: Gholdengo|83/100
|-unboost|p1a: Gholdengo|atk|1
|
|-heal|p2a: Toxapex|37/100|[from] item: Black Sludge
|upkeep
|turn|14
|
|t:|1779957570
|switch|p2a: Corviknight|Corviknight, M, shiny|29/100
|-ability|p2a: Corviknight|Pressure
|move|p1a: Gholdengo|Shadow Ball|p2a: Corviknight
|-damage|p2a: Corviknight|0 fnt
|faint|p2a: Corviknight
|
|upkeep
|
|t:|1779957579
|switch|p2a: Gholdengo|Gholdengo, shiny|1/100
|turn|15
|
|t:|1779957589
|switch|p1a: Tyranitar|Tyranitar, M|87/100
|-weather|Sandstorm|[from] ability: Sand Stream|[of] p1a: Tyranitar
|move|p2a: Gholdengo|Focus Blast|p1a: Tyranitar|[miss]
|-miss|p2a: Gholdengo|p1a: Tyranitar
|
|-weather|Sandstorm|[upkeep]
|upkeep
|turn|16
|
|t:|1779957597
|switch|p1a: Gholdengo|Gholdengo|83/100
|move|p2a: Gholdengo|Focus Blast|p1a: Gholdengo
|-immune|p1a: Gholdengo
|
|-weather|Sandstorm|[upkeep]
|upkeep
|turn|17
|
|t:|1779957606
|switch|p2a: Toxapex|Toxapex, F, shiny|70/100
|move|p1a: Gholdengo|Shadow Ball|p2a: Toxapex
|-damage|p2a: Toxapex|33/100
|
|-weather|Sandstorm|[upkeep]
|-damage|p2a: Toxapex|27/100|[from] Sandstorm
|-heal|p2a: Toxapex|33/100|[from] item: Black Sludge
|upkeep
|turn|18
|
|t:|1779957616
|switch|p2a: Ting-Lu|Ting-Lu, shiny|100/100
|-ability|p2a: Ting-Lu|Vessel of Ruin
|move|p1a: Gholdengo|Shadow Ball|p2a: Ting-Lu
|-resisted|p2a: Ting-Lu
|-damage|p2a: Ting-Lu|91/100
|
|-weather|Sandstorm|[upkeep]
|-heal|p2a: Ting-Lu|97/100|[from] item: Leftovers
|upkeep
|turn|19
|
|t:|1779957626
|switch|p1a: Swampert|Swampert, M|84/100
|move|p2a: Ting-Lu|Stealth Rock|p1a: Swampert
|-sidestart|p1: sunkiasvoris|move: Stealth Rock
|
|-weather|none
|-heal|p2a: Ting-Lu|100/100|[from] item: Leftovers
|upkeep
|turn|20
|
|t:|1779957634
|move|p1a: Swampert|Stealth Rock|p2a: Ting-Lu
|-sidestart|p2: enzonied|move: Stealth Rock
|move|p2a: Ting-Lu|Spikes|p1a: Swampert
|-sidestart|p1: sunkiasvoris|Spikes
|
|upkeep
|turn|21
|
|t:|1779957643
|switch|p1a: Glimmora|Glimmora, F|92/100
|-damage|p1a: Glimmora|80/100|[from] Stealth Rock
|-damage|p1a: Glimmora|68/100|[from] Spikes
|move|p2a: Ting-Lu|Spikes|p1a: Glimmora
|-sidestart|p1: sunkiasvoris|Spikes
|
|upkeep
|turn|22
|
|t:|1779957650
|move|p1a: Glimmora|Spikes|p2a: Ting-Lu
|-sidestart|p2: enzonied|Spikes
|move|p2a: Ting-Lu|Spikes|p1a: Glimmora
|-sidestart|p1: sunkiasvoris|Spikes
|
|upkeep
|turn|23
|
|t:|1779957656
|move|p1a: Glimmora|Spikes|p2a: Ting-Lu
|-sidestart|p2: enzonied|Spikes
|move|p2a: Ting-Lu|Whirlwind|p1a: Glimmora
|drag|p1a: Great Tusk|Great Tusk|100/100
|
|upkeep
|turn|24
|
|t:|1779957666
|move|p1a: Great Tusk|Rapid Spin|p2a: Ting-Lu
|-damage|p2a: Ting-Lu|90/100
|-boost|p1a: Great Tusk|spe|1
|-sideend|p1: sunkiasvoris|Spikes|[from] move: Rapid Spin|[of] p1a: Great Tusk
|-sideend|p1: sunkiasvoris|Stealth Rock|[from] move: Rapid Spin|[of] p1a: Great Tusk
|move|p2a: Ting-Lu|Whirlwind|p1a: Great Tusk
|-end|p1a: Great Tusk|Protosynthesis|[silent]
|drag|p1a: Tyranitar|Tyranitar, M|87/100
|-weather|Sandstorm|[from] ability: Sand Stream|[of] p1a: Tyranitar
|
|-weather|Sandstorm|[upkeep]
|-heal|p2a: Ting-Lu|97/100|[from] item: Leftovers
|upkeep
|turn|25
|-message|enzonied forfeited.
|
|win|sunkiasvoris
|raw|sunkiasvoris's rating: 1403 &rarr; <strong>1424</strong><br />(+21 for winning)
|raw|enzonied's rating: 1429 &rarr; <strong>1408</strong><br />(-21 for losing)
|l|☆enzonied
|player|p2|
