|j|☆zxczxc101
|j|☆Buvez de leau
|t:|1779865028
|gametype|singles
|player|p1|zxczxc101|cheren-gen5bw2|1085
|player|p2|Buvez de leau|marlon|1092
|gen|9
|tier|[Gen 9] OU
|rated|
|rule|HP Percentage Mod: HP is shown in percentages
|rule|Endless Battle Clause: Forcing endless battles is banned
|rule|Species Clause: Limit one of each Pokémon
|rule|OHKO Clause: OHKO moves are banned
|rule|Evasion Items Clause: Evasion items are banned
|rule|Evasion Moves Clause: Evasion moves are banned
|rule|Evasion Abilities Clause: Evasion abilities are banned
|rule|Sleep Moves Clause: Sleep-inducing moves are banned
|clearpoke
|poke|p1|Gardevoir, F|
|poke|p1|Iron Valiant|
|poke|p1|Latios, M|
|poke|p1|Ninetales-Alola, F|
|poke|p1|Serperior, F|
|poke|p1|Ditto|
|poke|p2|Deoxys-Defense|
|poke|p2|Quaquaval, F|
|poke|p2|Zapdos-Galar|
|poke|p2|Galvantula, M|
|poke|p2|Zoroark-Hisui, M|
|poke|p2|Skarmory, F|
|teampreview
|l|☆zxczxc101
|player|p1|
|j|☆zxczxc101
|player|p1|zxczxc101|cheren-gen5bw2|
|
|t:|1779865088
|teamsize|p1|6
|teamsize|p2|6
|start
|switch|p1a: Ditto|Ditto|100/100
|switch|p2a: Tyler|Galvantula, M|100/100
|-transform|p1a: Ditto|p2a: Tyler|[from] ability: Imposter
|turn|1
|
|t:|1779865098
|move|p1a: Ditto|Sticky Web|p2a: Tyler
|-sidestart|p2: Buvez de leau|move: Sticky Web
|move|p2a: Tyler|Sticky Web|p1a: Ditto
|-sidestart|p1: zxczxc101|move: Sticky Web
|
|upkeep
|turn|2
|
|t:|1779865117
|switch|p1a: Ninetales|Ninetales-Alola, F|100/100
|-activate|p1a: Ninetales|move: Sticky Web
|-unboost|p1a: Ninetales|spe|1
|-weather|Snowscape|[from] ability: Snow Warning|[of] p1a: Ninetales
|move|p2a: Tyler|Volt Switch|p1a: Ninetales
|-damage|p1a: Ninetales|79/100
|
|t:|1779865139
|switch|p2a: Airbus|Skarmory, F|100/100|[from] Volt Switch
|-activate|p2a: Airbus|move: Sticky Web
|-unboost|p2a: Airbus|spe|1
|
|-weather|Snowscape|[upkeep]
|upkeep
|turn|3
|
|t:|1779865155
|move|p2a: Airbus|Poltergeist|p1a: Ninetales
|-activate|p1a: Ninetales|move: Poltergeist|Light Clay
|-damage|p1a: Ninetales|29/100
|move|p1a: Ninetales|Aurora Veil|p1a: Ninetales
|-sidestart|p1: zxczxc101|move: Aurora Veil
|
|-weather|Snowscape|[upkeep]
|upkeep
|turn|4
|
|t:|1779865175
|move|p2a: Airbus|Poltergeist|p1a: Ninetales
|-activate|p1a: Ninetales|move: Poltergeist|Light Clay
|-damage|p1a: Ninetales|4/100
|move|p1a: Ninetales|Encore|p2a: Airbus
|-start|p2a: Airbus|Encore
|
|-weather|Snowscape|[upkeep]
|upkeep
|turn|5
|l|☆zxczxc101
|player|p1|
|
|t:|1779865203
|switch|p2a: FastAFBoiiii|Zapdos-Galar|100/100
|move|p1a: Ninetales|Moonblast|p2a: FastAFBoiiii
|-supereffective|p2a: FastAFBoiiii
|-damage|p2a: FastAFBoiiii|16/100
|
|-weather|Snowscape|[upkeep]
|upkeep
|turn|6
|j|☆zxczxc101
|player|p1|zxczxc101|cheren-gen5bw2|
|
|t:|1779865227
|move|p2a: FastAFBoiiii|U-turn|p1a: Ninetales
|-resisted|p1a: Ninetales
|-damage|p1a: Ninetales|0 fnt
|faint|p1a: Ninetales
|l|☆zxczxc101
|player|p1|
|j|☆zxczxc101
|player|p1|zxczxc101|cheren-gen5bw2|
|inactive|Battle timer is ON: inactive players will automatically lose when time's up. (requested by Buvez de leau)
|c|☆zxczxc101|？
|c|☆zxczxc101|你倒是动啊
|c|☆Buvez de leau|mb
|
|t:|1779865310
|switch|p2a: Airbus|Skarmory, F|100/100|[from] U-turn
|
|-weather|none
|upkeep
|
|t:|1779865323
|switch|p1a: Latios|Latios, M|100/100
|turn|7
|
|t:|1779865342
|move|p1a: Latios|Simple Beam|p2a: Airbus
|-ability|p2a: Airbus|Simple|Weak Armor|[from] move: Simple Beam
|move|p2a: Airbus|Roar|p1a: Latios
|drag|p1a: Serperior|Serperior, F|100/100
|-activate|p1a: Serperior|move: Sticky Web
|-boost|p1a: Serperior|spe|1
|
|upkeep
|turn|8
|
|t:|1779865375
|switch|p1a: Ditto|Ditto|100/100
|-activate|p1a: Ditto|move: Sticky Web
|-unboost|p1a: Ditto|spe|1
|-transform|p1a: Ditto|p2a: Airbus|[from] ability: Imposter
|move|p2a: Airbus|Brave Bird|p1a: Ditto
|-resisted|p1a: Ditto
|-damage|p1a: Ditto|95/100
|-damage|p2a: Airbus|99/100|[from] Recoil
|
|-heal|p2a: Airbus|100/100|[from] item: Leftovers
|upkeep
|turn|9
|inactive|Buvez de leau has 120 seconds left.
|
|t:|1779865396
|move|p1a: Ditto|Roar|p2a: Airbus
|drag|p2a: FastAFBoiiii|Zapdos-Galar|16/100
|
|upkeep
|turn|10
|inactive|Buvez de leau has 120 seconds left.
|
|t:|1779865427
|switch|p1a: Latios|Latios, M|100/100
|move|p2a: FastAFBoiiii|U-turn|p1a: Latios
|-supereffective|p1a: Latios
|-damage|p1a: Latios|65/100
|inactive|Buvez de leau has 90 seconds left.
|
|t:|1779865438
|switch|p2a: Tyler|Galvantula, M|100/100|[from] U-turn
|
|-sideend|p1: zxczxc101|move: Aurora Veil
|upkeep
|turn|11
|
|t:|1779865444
|move|p1a: Latios|Simple Beam|p2a: Tyler
|-ability|p2a: Tyler|Simple|Compound Eyes|[from] move: Simple Beam
|move|p2a: Tyler|Bug Buzz|p1a: Latios
|-supereffective|p1a: Latios
|-damage|p1a: Latios|2/100
|
|upkeep
|turn|12
|
|t:|1779865457
|move|p1a: Latios|Reflect|p1a: Latios
|-sidestart|p1: zxczxc101|Reflect
|move|p2a: Tyler|Volt Switch|p1a: Latios
|-resisted|p1a: Latios
|-damage|p1a: Latios|0 fnt
|faint|p1a: Latios
|
|t:|1779865464
|switch|p2a: FastAFBoiiii|Zapdos-Galar|16/100|[from] Volt Switch
|
|upkeep
|
|t:|1779865469
|switch|p1a: Gardevoir|Gardevoir, F|100/100
|-activate|p1a: Gardevoir|move: Sticky Web
|-unboost|p1a: Gardevoir|spe|1
|-ability|p1a: Gardevoir|Defiant|Trace|[from] ability: Trace|[of] p2a: FastAFBoiiii
|turn|13
|
|t:|1779865483
|move|p2a: FastAFBoiiii|U-turn|p1a: Gardevoir
|-damage|p1a: Gardevoir|80/100
|inactive|Buvez de leau has 90 seconds left.
|inactive|Buvez de leau has 60 seconds left.
|
|t:|1779865534
|switch|p2a: Tyler|Galvantula, M|100/100|[from] U-turn
|move|p1a: Gardevoir|Draining Kiss|p2a: Tyler
|-damage|p2a: Tyler|59/100
|-heal|p1a: Gardevoir|100/100|[from] drain|[of] p2a: Tyler
|
|upkeep
|turn|14
|
|t:|1779865547
|move|p2a: Tyler|Thunder Wave|p1a: Gardevoir
|-status|p1a: Gardevoir|par
|move|p1a: Gardevoir|Calm Mind|p1a: Gardevoir
|-boost|p1a: Gardevoir|spa|1
|-boost|p1a: Gardevoir|spd|1
|
|upkeep
|turn|15
|
|t:|1779865554
|move|p2a: Tyler|Bug Buzz|p1a: Gardevoir
|-damage|p1a: Gardevoir|77/100 par
|move|p1a: Gardevoir|Mystical Fire|p2a: Tyler
|-supereffective|p2a: Tyler
|-damage|p2a: Tyler|0 fnt
|faint|p2a: Tyler
|
|upkeep
|
|t:|1779865558
|switch|p2a: Airbus|Skarmory, F|100/100
|-activate|p2a: Airbus|move: Sticky Web
|-unboost|p2a: Airbus|spe|1
|turn|16
|
|t:|1779865567
|move|p2a: Airbus|Poltergeist|p1a: Gardevoir|[miss]
|-miss|p2a: Airbus|p1a: Gardevoir
|move|p1a: Gardevoir|Mystical Fire|p2a: Airbus
|-damage|p2a: Airbus|26/100
|-unboost|p2a: Airbus|spa|1
|replace|p2a: badJeffrey|Zoroark-Hisui, M
|-end|p2a: badJeffrey|Illusion
|
|upkeep
|turn|17
|inactive|Buvez de leau has 90 seconds left.
|
|t:|1779865583
|move|p2a: badJeffrey|Shadow Sneak|p1a: Gardevoir
|-supereffective|p1a: Gardevoir
|-damage|p1a: Gardevoir|42/100 par
|move|p1a: Gardevoir|Mystical Fire|p2a: badJeffrey
|-damage|p2a: badJeffrey|0 fnt
|faint|p2a: badJeffrey
|
|upkeep
|
|t:|1779865596
|switch|p2a: DuBRAZIIIL|Quaquaval, F|100/100
|-activate|p2a: DuBRAZIIIL|move: Sticky Web
|-unboost|p2a: DuBRAZIIIL|spe|1
|turn|18
|
|t:|1779865603
|move|p2a: DuBRAZIIIL|Ice Spinner|p1a: Gardevoir
|-damage|p1a: Gardevoir|9/100 par
|move|p1a: Gardevoir|Draining Kiss|p2a: DuBRAZIIIL
|-supereffective|p2a: DuBRAZIIIL
|-damage|p2a: DuBRAZIIIL|0 fnt
|-heal|p1a: Gardevoir|93/100 par|[from] drain|[of] p2a: DuBRAZIIIL
|faint|p2a: DuBRAZIIIL
|
|upkeep
|inactive|Buvez de leau has 90 seconds left.
|
|t:|1779865609
|switch|p2a: FastAFBoiiii|Zapdos-Galar|16/100
|turn|19
|inactive|Buvez de leau has 90 seconds left.
|
|t:|1779865624
|move|p2a: FastAFBoiiii|Brave Bird|p1a: Gardevoir
|-damage|p1a: Gardevoir|41/100 par
|-damage|p2a: FastAFBoiiii|1/100|[from] Recoil
|cant|p1a: Gardevoir|par
|
|-sideend|p1: zxczxc101|Reflect
|upkeep
|turn|20
|
|t:|1779865641
|move|p2a: FastAFBoiiii|Brave Bird|p1a: Gardevoir
|-damage|p1a: Gardevoir|0 fnt
|faint|p1a: Gardevoir
|-damage|p2a: FastAFBoiiii|0 fnt|[from] Recoil
|faint|p2a: FastAFBoiiii
|
|upkeep
|
|t:|1779865649
|switch|p2a: Airbus|Skarmory, F|100/100
|switch|p1a: Ditto|Ditto|95/100
|-activate|p1a: Ditto|move: Sticky Web
|-unboost|p1a: Ditto|spe|1
|-transform|p1a: Ditto|p2a: Airbus|[from] ability: Imposter
|turn|21
|
|t:|1779865654
|switch|p2a: DD|Deoxys-Defense|100/100
|-activate|p2a: DD|move: Sticky Web
|-unboost|p2a: DD|spe|1
|-ability|p2a: DD|Pressure
|move|p1a: Ditto|Roost|p1a: Ditto
|-heal|p1a: Ditto|100/100
|-singleturn|p1a: Ditto|move: Roost
|
|upkeep
|turn|22
|
|t:|1779865669
|switch|p1a: Iron Valiant|Iron Valiant|100/100
|-activate|p1a: Iron Valiant|move: Sticky Web
|-unboost|p1a: Iron Valiant|spe|1
|move|p2a: DD|Focus Blast|p1a: Iron Valiant|[miss]
|-miss|p2a: DD|p1a: Iron Valiant
|
|upkeep
|turn|23
|
|t:|1779865680
|move|p1a: Iron Valiant|Knock Off|p2a: DD
|-supereffective|p2a: DD
|-damage|p2a: DD|49/100
|-enditem|p2a: DD|Leftovers|[from] move: Knock Off|[of] p1a: Iron Valiant
|move|p2a: DD|Psychic Noise|p1a: Iron Valiant
|-supereffective|p1a: Iron Valiant
|-damage|p1a: Iron Valiant|30/100
|-start|p1a: Iron Valiant|move: Heal Block
|
|upkeep
|turn|24
|
|t:|1779865690
|move|p2a: DD|Protect|p2a: DD
|-singleturn|p2a: DD|Protect
|move|p1a: Iron Valiant|Destiny Bond|p1a: Iron Valiant
|-singlemove|p1a: Iron Valiant|Destiny Bond
|
|-end|p1a: Iron Valiant|move: Heal Block
|upkeep
|turn|25
|
|t:|1779865707
|switch|p2a: Airbus|Skarmory, F|100/100
|move|p1a: Iron Valiant|Moonblast|p2a: Airbus
|-resisted|p2a: Airbus
|-damage|p2a: Airbus|72/100
|-unboost|p2a: Airbus|spa|1
|
|-heal|p2a: Airbus|78/100|[from] item: Leftovers
|upkeep
|turn|26
|inactive|Buvez de leau has 120 seconds left.
|
|t:|1779865727
|move|p1a: Iron Valiant|Close Combat|p2a: Airbus
|-damage|p2a: Airbus|41/100
|-unboost|p1a: Iron Valiant|def|1
|-unboost|p1a: Iron Valiant|spd|1
|-ability|p2a: Airbus|Weak Armor|boost
|-unboost|p2a: Airbus|def|1
|-boost|p2a: Airbus|spe|2
|move|p2a: Airbus|Brave Bird|p1a: Iron Valiant
|-supereffective|p1a: Iron Valiant
|-damage|p1a: Iron Valiant|0 fnt
|faint|p1a: Iron Valiant
|-end|p1a: Iron Valiant|Quark Drive|[silent]
|-damage|p2a: Airbus|33/100|[from] Recoil
|
|-heal|p2a: Airbus|39/100|[from] item: Leftovers
|upkeep
|
|t:|1779865744
|switch|p1a: Ditto|Ditto|100/100
|-activate|p1a: Ditto|move: Sticky Web
|-unboost|p1a: Ditto|spe|1
|-transform|p1a: Ditto|p2a: Airbus|[from] ability: Imposter
|turn|27
|
|t:|1779865756
|move|p1a: Ditto|Brave Bird|p2a: Airbus
|-resisted|p2a: Airbus
|-damage|p2a: Airbus|24/100
|-ability|p2a: Airbus|Weak Armor|boost
|-unboost|p2a: Airbus|def|1
|-boost|p2a: Airbus|spe|2
|-damage|p1a: Ditto|95/100|[from] Recoil
|move|p2a: Airbus|Roost|p2a: Airbus
|-heal|p2a: Airbus|74/100
|-singleturn|p2a: Airbus|move: Roost
|
|-heal|p2a: Airbus|80/100|[from] item: Leftovers
|upkeep
|turn|28
|
|t:|1779865773
|switch|p2a: DD|Deoxys-Defense|49/100
|-activate|p2a: DD|move: Sticky Web
|-unboost|p2a: DD|spe|1
|-ability|p2a: DD|Pressure
|move|p1a: Ditto|Brave Bird|p2a: DD
|-damage|p2a: DD|25/100
|-damage|p1a: Ditto|87/100|[from] Recoil
|
|upkeep
|turn|29
|
|t:|1779865776
|move|p2a: DD|Protect|p2a: DD
|-singleturn|p2a: DD|Protect
|move|p1a: Ditto|Brave Bird|p2a: DD
|-activate|p2a: DD|move: Protect
|
|upkeep
|turn|30
|
|t:|1779865785
|switch|p1a: Serperior|Serperior, F|100/100
|-activate|p1a: Serperior|move: Sticky Web
|-boost|p1a: Serperior|spe|1
|move|p2a: DD|Recover|p2a: DD
|-heal|p2a: DD|75/100
|
|upkeep
|turn|31
|
|t:|1779865798
|move|p1a: Serperior|Leaf Storm|p2a: DD
|-damage|p2a: DD|53/100
|-boost|p1a: Serperior|spa|2
|move|p2a: DD|Psychic Noise|p1a: Serperior
|-damage|p1a: Serperior|78/100
|-start|p1a: Serperior|move: Heal Block
|
|upkeep
|turn|32
|
|t:|1779865807
|switch|p2a: Airbus|Skarmory, F|80/100
|move|p1a: Serperior|Leaf Storm|p2a: Airbus
|-resisted|p2a: Airbus
|-damage|p2a: Airbus|57/100
|-boost|p1a: Serperior|spa|2
|
|-heal|p2a: Airbus|63/100|[from] item: Leftovers
|-end|p1a: Serperior|move: Heal Block
|upkeep
|turn|33
|
|t:|1779865817
|move|p1a: Serperior|Leaf Storm|p2a: Airbus
|-resisted|p2a: Airbus
|-damage|p2a: Airbus|26/100
|-boost|p1a: Serperior|spa|2
|move|p2a: Airbus|Roar|p1a: Serperior
|drag|p1a: Ditto|Ditto|87/100
|-activate|p1a: Ditto|move: Sticky Web
|-unboost|p1a: Ditto|spe|1
|-transform|p1a: Ditto|p2a: Airbus|[from] ability: Imposter
|
|-heal|p2a: Airbus|32/100|[from] item: Leftovers
|upkeep
|turn|34
|
|t:|1779865826
|move|p1a: Ditto|Roost|p1a: Ditto
|-heal|p1a: Ditto|100/100
|-singleturn|p1a: Ditto|move: Roost
|move|p2a: Airbus|Roost|p2a: Airbus
|-heal|p2a: Airbus|82/100
|-singleturn|p2a: Airbus|move: Roost
|
|-heal|p2a: Airbus|88/100|[from] item: Leftovers
|upkeep
|turn|35
|
|t:|1779865839
|switch|p1a: Serperior|Serperior, F|78/100
|-activate|p1a: Serperior|move: Sticky Web
|-boost|p1a: Serperior|spe|1
|move|p2a: Airbus|Roar|p1a: Serperior
|drag|p1a: Ditto|Ditto|100/100
|-activate|p1a: Ditto|move: Sticky Web
|-unboost|p1a: Ditto|spe|1
|-transform|p1a: Ditto|p2a: Airbus|[from] ability: Imposter
|
|-heal|p2a: Airbus|94/100|[from] item: Leftovers
|upkeep
|turn|36
|
|t:|1779865853
|move|p2a: Airbus|Brave Bird|p1a: Ditto
|-resisted|p1a: Ditto
|-damage|p1a: Ditto|89/100
|-ability|p1a: Ditto|Weak Armor|boost
|-unboost|p1a: Ditto|def|1
|-boost|p1a: Ditto|spe|2
|-damage|p2a: Airbus|90/100|[from] Recoil
|move|p1a: Ditto|Roar|p2a: Airbus
|drag|p2a: DD|Deoxys-Defense|53/100
|-activate|p2a: DD|move: Sticky Web
|-unboost|p2a: DD|spe|1
|-ability|p2a: DD|Pressure
|
|upkeep
|turn|37
|
|t:|1779865860
|switch|p1a: Serperior|Serperior, F|78/100
|-activate|p1a: Serperior|move: Sticky Web
|-boost|p1a: Serperior|spe|1
|move|p2a: DD|Recover|p2a: DD
|-heal|p2a: DD|100/100
|
|upkeep
|turn|38
|
|t:|1779865866
|move|p2a: DD|Protect|p2a: DD
|-singleturn|p2a: DD|Protect
|move|p1a: Serperior|Leaf Storm|p2a: DD
|-activate|p2a: DD|move: Protect
|
|upkeep
|turn|39
|
|t:|1779865870
|switch|p2a: Airbus|Skarmory, F|90/100
|move|p1a: Serperior|Synthesis|p1a: Serperior
|-heal|p1a: Serperior|100/100
|
|-heal|p2a: Airbus|96/100|[from] item: Leftovers
|upkeep
|turn|40
|
|t:|1779865876
|move|p1a: Serperior|Substitute|p1a: Serperior
|-start|p1a: Serperior|Substitute
|-damage|p1a: Serperior|75/100
|move|p2a: Airbus|Roar|p1a: Serperior
|drag|p1a: Ditto|Ditto|89/100
|-activate|p1a: Ditto|move: Sticky Web
|-unboost|p1a: Ditto|spe|1
|-transform|p1a: Ditto|p2a: Airbus|[from] ability: Imposter
|
|-heal|p2a: Airbus|100/100|[from] item: Leftovers
|upkeep
|turn|41
|
|t:|1779865892
|move|p1a: Ditto|Roost|p1a: Ditto
|-heal|p1a: Ditto|100/100
|-singleturn|p1a: Ditto|move: Roost
|move|p2a: Airbus|Iron Head|p1a: Ditto
|-resisted|p1a: Ditto
|-damage|p1a: Ditto|93/100
|-ability|p1a: Ditto|Weak Armor|boost
|-unboost|p1a: Ditto|def|1
|-boost|p1a: Ditto|spe|2
|
|upkeep
|turn|42
|
|t:|1779865905
|move|p1a: Ditto|Roost|p1a: Ditto
|-heal|p1a: Ditto|100/100
|-singleturn|p1a: Ditto|move: Roost
|move|p2a: Airbus|Roar|p1a: Ditto
|drag|p1a: Serperior|Serperior, F|75/100
|-activate|p1a: Serperior|move: Sticky Web
|-boost|p1a: Serperior|spe|1
|
|upkeep
|turn|43
|
|t:|1779865920
|move|p1a: Serperior|Dragon Pulse|p2a: Airbus
|-resisted|p2a: Airbus
|-damage|p2a: Airbus|91/100
|move|p2a: Airbus|Brave Bird|p1a: Serperior
|-supereffective|p1a: Serperior
|-crit|p1a: Serperior
|-damage|p1a: Serperior|0 fnt
|faint|p1a: Serperior
|-damage|p2a: Airbus|69/100|[from] Recoil
|
|-heal|p2a: Airbus|75/100|[from] item: Leftovers
|upkeep
|
|t:|1779865923
|switch|p1a: Ditto|Ditto|100/100
|-activate|p1a: Ditto|move: Sticky Web
|-unboost|p1a: Ditto|spe|1
|-transform|p1a: Ditto|p2a: Airbus|[from] ability: Imposter
|turn|44
|
|t:|1779865944
|move|p1a: Ditto|Iron Head|p2a: Airbus
|-resisted|p2a: Airbus
|-damage|p2a: Airbus|68/100
|-ability|p2a: Airbus|Weak Armor|boost
|-unboost|p2a: Airbus|def|1
|-boost|p2a: Airbus|spe|2
|move|p2a: Airbus|Brave Bird|p1a: Ditto
|-resisted|p1a: Ditto
|-damage|p1a: Ditto|88/100
|-ability|p1a: Ditto|Weak Armor|boost
|-unboost|p1a: Ditto|def|1
|-boost|p1a: Ditto|spe|2
|-damage|p2a: Airbus|65/100|[from] Recoil
|
|-heal|p2a: Airbus|71/100|[from] item: Leftovers
|upkeep
|turn|45
|
|t:|1779865959
|switch|p2a: DD|Deoxys-Defense|100/100
|-activate|p2a: DD|move: Sticky Web
|-unboost|p2a: DD|spe|1
|-ability|p2a: DD|Pressure
|move|p1a: Ditto|Iron Head|p2a: DD
|-damage|p2a: DD|83/100
|
|upkeep
|turn|46
|inactive|Buvez de leau has 120 seconds left.
|
|t:|1779866002
|move|p1a: Ditto|Iron Head|p2a: DD
|-damage|p2a: DD|67/100
|move|p2a: DD|Focus Blast|p1a: Ditto|[miss]
|-miss|p2a: DD|p1a: Ditto
|
|upkeep
|turn|47
|
|t:|1779866009
|-activate|p1a: Ditto|move: Struggle
|move|p1a: Ditto|Struggle|p2a: DD
|-damage|p2a: DD|59/100
|-damage|p1a: Ditto|63/100|[from] recoil
|move|p2a: DD|Focus Blast|p1a: Ditto
|-damage|p1a: Ditto|33/100
|
|upkeep
|turn|48
|
|t:|1779866018
|-activate|p1a: Ditto|move: Struggle
|move|p1a: Ditto|Struggle|p2a: DD
|-damage|p2a: DD|52/100
|-damage|p1a: Ditto|8/100|[from] recoil
|move|p2a: DD|Recover|p2a: DD
|-heal|p2a: DD|100/100
|
|upkeep
|turn|49
|
|t:|1779866027
|move|p2a: DD|Protect|p2a: DD
|-singleturn|p2a: DD|Protect
|-activate|p1a: Ditto|move: Struggle
|move|p1a: Ditto|Struggle|p2a: DD
|-activate|p2a: DD|move: Protect
|
|upkeep
|turn|50
|
|t:|1779866034
|-activate|p1a: Ditto|move: Struggle
|move|p1a: Ditto|Struggle|p2a: DD
|-damage|p2a: DD|93/100
|-damage|p1a: Ditto|0 fnt|[from] recoil
|faint|p1a: Ditto
|
|win|Buvez de leau
|raw|zxczxc101's rating: 1085 &rarr; <strong>1063</strong><br />(-22 for losing)
|raw|Buvez de leau's rating: 1092 &rarr; <strong>1118</strong><br />(+26 for winning)
|l|☆zxczxc101
|player|p1|
|l|☆Buvez de leau
|player|p2|
