|j|☆momoLFT
|j|☆Kamrin98
|t:|1779902049
|gametype|singles
|player|p1|momoLFT|265|1354
|player|p2|Kamrin98|265|1280
|gen|9
|tier|[Gen 9] OU
|rated|
|rule|HP Percentage Mod: HP is shown in percentages
|rule|Endless Battle Clause: Forcing endless battles is banned
|rule|Species Clause: Limit one of each Pokémon
|rule|OHKO Clause: OHKO moves are banned
|rule|Evasion Items Clause: Evasion items are banned
|rule|Evasion Moves Clause: Evasion moves are banned
|rule|Evasion Abilities Clause: Evasion abilities are banned
|rule|Sleep Moves Clause: Sleep-inducing moves are banned
|clearpoke
|poke|p1|Darkrai|
|poke|p1|Moltres|
|poke|p1|Iron Treads|
|poke|p1|Sinistcha|
|poke|p1|Ogerpon-Wellspring, F|
|poke|p1|Medicham, F|
|poke|p2|Darkrai|
|poke|p2|Great Tusk|
|poke|p2|Gholdengo|
|poke|p2|Zamazenta-*|
|poke|p2|Slowking-Galar, F|
|poke|p2|Kingambit, M|
|teampreview
|inactive|Battle timer is ON: inactive players will automatically lose when time's up. (requested by Kamrin98)
|
|t:|1779902068
|teamsize|p1|6
|teamsize|p2|6
|start
|switch|p1a: Medicham|Medicham, F|100/100
|switch|p2a: Darkrai|Darkrai|100/100
|turn|1
|
|t:|1779902073
|move|p1a: Medicham|Close Combat|p2a: Darkrai
|-supereffective|p2a: Darkrai
|-damage|p2a: Darkrai|0 fnt
|-unboost|p1a: Medicham|def|1
|-unboost|p1a: Medicham|spd|1
|faint|p2a: Darkrai
|
|upkeep
|
|t:|1779902079
|switch|p2a: Gholdengo|Gholdengo|100/100
|-item|p2a: Gholdengo|Air Balloon
|turn|2
|
|t:|1779902082
|switch|p1a: Iron Treads|Iron Treads|100/100
|move|p2a: Gholdengo|Nasty Plot|p2a: Gholdengo
|-boost|p2a: Gholdengo|spa|2
|
|upkeep
|turn|3
|
|t:|1779902089
|move|p1a: Iron Treads|Iron Head|p2a: Gholdengo
|-resisted|p2a: Gholdengo
|-damage|p2a: Gholdengo|83/100
|-enditem|p2a: Gholdengo|Air Balloon
|move|p2a: Gholdengo|Shadow Ball|p1a: Iron Treads
|-damage|p1a: Iron Treads|43/100
|
|upkeep
|turn|4
|
|t:|1779902100
|switch|p2a: Great Tusk|Great Tusk|100/100
|move|p1a: Iron Treads|Earthquake|p2a: Great Tusk
|-damage|p2a: Great Tusk|83/100
|
|upkeep
|turn|5
|
|t:|1779902113
|-end|p1a: Iron Treads|Quark Drive|[silent]
|switch|p1a: Sinistcha|Sinistcha|100/100
|move|p2a: Great Tusk|Stealth Rock|p1a: Sinistcha
|-sidestart|p1: momoLFT|move: Stealth Rock
|
|upkeep
|turn|6
|
|t:|1779902120
|-end|p2a: Great Tusk|Protosynthesis|[silent]
|switch|p2a: Slowking|Slowking-Galar, F|100/100
|move|p1a: Sinistcha|Energy Ball|p2a: Slowking
|-resisted|p2a: Slowking
|-damage|p2a: Slowking|85/100
|
|-heal|p2a: Slowking|91/100|[from] item: Leftovers
|upkeep
|turn|7
|
|t:|1779902131
|switch|p1a: Iron Treads|Iron Treads|43/100
|-damage|p1a: Iron Treads|40/100|[from] Stealth Rock
|move|p2a: Slowking|Future Sight|p1a: Iron Treads
|-start|p2a: Slowking|move: Future Sight
|
|-heal|p2a: Slowking|97/100|[from] item: Leftovers
|upkeep
|turn|8
|
|t:|1779902137
|move|p1a: Iron Treads|Earthquake|p2a: Slowking
|-supereffective|p2a: Slowking
|-damage|p2a: Slowking|13/100
|move|p2a: Slowking|Flamethrower|p1a: Iron Treads
|-supereffective|p1a: Iron Treads
|-damage|p1a: Iron Treads|0 fnt
|faint|p1a: Iron Treads
|-end|p1a: Iron Treads|Quark Drive|[silent]
|
|-heal|p2a: Slowking|20/100|[from] item: Leftovers
|upkeep
|
|t:|1779902143
|switch|p1a: Darkrai|Darkrai|100/100
|-damage|p1a: Darkrai|88/100|[from] Stealth Rock
|turn|9
|
|t:|1779902151
|switch|p2a: Kingambit|Kingambit, M|100/100
|-activate|p2a: Kingambit|ability: Supreme Overlord
|-start|p2a: Kingambit|fallen1|[silent]
|move|p1a: Darkrai|Dark Pulse|p2a: Kingambit
|-resisted|p2a: Kingambit
|-damage|p2a: Kingambit|69/100
|
|-end|p1a: Darkrai|move: Future Sight
|-immune|p1a: Darkrai
|upkeep
|turn|10
|
|t:|1779902159
|switch|p1a: Moltres|Moltres|100/100
|move|p2a: Kingambit|Kowtow Cleave|p1a: Moltres
|-damage|p1a: Moltres|53/100
|-status|p2a: Kingambit|brn|[from] ability: Flame Body|[of] p1a: Moltres
|
|-damage|p2a: Kingambit|63/100 brn|[from] brn
|upkeep
|turn|11
|
|t:|1779902168
|-end|p2a: Kingambit|fallen1|[silent]
|switch|p2a: Slowking|Slowking-Galar, F|53/100
|move|p1a: Moltres|Flamethrower|p2a: Slowking
|-damage|p2a: Slowking|22/100
|-status|p2a: Slowking|brn
|
|-heal|p2a: Slowking|28/100 brn|[from] item: Leftovers
|-damage|p2a: Slowking|22/100 brn|[from] brn
|upkeep
|turn|12
|
|t:|1779902174
|switch|p2a: Kingambit|Kingambit, M|63/100 brn
|-activate|p2a: Kingambit|ability: Supreme Overlord
|-start|p2a: Kingambit|fallen1|[silent]
|move|p1a: Moltres|Flamethrower|p2a: Kingambit
|-supereffective|p2a: Kingambit
|-crit|p2a: Kingambit
|-damage|p2a: Kingambit|0 fnt
|faint|p2a: Kingambit
|-end|p2a: Kingambit|fallen1|[silent]
|
|upkeep
|
|t:|1779902177
|switch|p2a: Gholdengo|Gholdengo|83/100
|turn|13
|
|t:|1779902186
|-terastallize|p2a: Gholdengo|Water
|move|p2a: Gholdengo|Shadow Ball|p1a: Moltres
|-damage|p1a: Moltres|10/100
|move|p1a: Moltres|Flamethrower|p2a: Gholdengo
|-resisted|p2a: Gholdengo
|-damage|p2a: Gholdengo|63/100
|
|upkeep
|turn|14
|
|t:|1779902204
|move|p2a: Gholdengo|Shadow Ball|p1a: Moltres
|-damage|p1a: Moltres|0 fnt
|faint|p1a: Moltres
|
|upkeep
|
|t:|1779902207
|switch|p1a: Ogerpon|Ogerpon-Wellspring, F|100/100
|-damage|p1a: Ogerpon|88/100|[from] Stealth Rock
|turn|15
|
|t:|1779902214
|switch|p2a: Slowking|Slowking-Galar, F|55/100 brn
|move|p1a: Ogerpon|Power Whip|p2a: Slowking
|-resisted|p2a: Slowking
|-damage|p2a: Slowking|21/100 brn
|
|-heal|p2a: Slowking|27/100 brn|[from] item: Leftovers
|-damage|p2a: Slowking|21/100 brn|[from] brn
|upkeep
|turn|16
|
|t:|1779902221
|switch|p2a: Gholdengo|Gholdengo, tera:Water|63/100
|move|p1a: Ogerpon|Ivy Cudgel|p2a: Gholdengo|[anim] Ivy Cudgel Water
|-resisted|p2a: Gholdengo
|-damage|p2a: Gholdengo|31/100
|
|upkeep
|turn|17
|
|t:|1779902227
|move|p1a: Ogerpon|Ivy Cudgel|p2a: Gholdengo|[anim] Ivy Cudgel Water
|-resisted|p2a: Gholdengo
|-damage|p2a: Gholdengo|0 fnt
|faint|p2a: Gholdengo
|
|upkeep
|
|t:|1779902231
|switch|p2a: Zamazenta|Zamazenta|100/100
|-ability|p2a: Zamazenta|Dauntless Shield|boost
|-boost|p2a: Zamazenta|def|1
|turn|18
|
|t:|1779902235
|switch|p1a: Sinistcha|Sinistcha|100/100
|-damage|p1a: Sinistcha|88/100|[from] Stealth Rock
|move|p2a: Zamazenta|Close Combat|p1a: Sinistcha
|-immune|p1a: Sinistcha
|
|-heal|p1a: Sinistcha|94/100|[from] item: Leftovers
|upkeep
|turn|19
|l|☆Kamrin98
|inactive|Kamrin98 disconnected and has a minute to reconnect!
|player|p2|
|inactive|Kamrin98 has 30 seconds to reconnect!
|inactive|Kamrin98 has 20 seconds to reconnect!
|inactive|Kamrin98 has 15 seconds to reconnect!
|inactive|Kamrin98 has 10 seconds to reconnect!
|inactive|Kamrin98 has 5 seconds to reconnect!
|-message|Kamrin98 lost due to inactivity.
|
|win|momoLFT
|raw|momoLFT's rating: 1354 &rarr; <strong>1370</strong><br />(+16 for winning)
|raw|Kamrin98's rating: 1280 &rarr; <strong>1260</strong><br />(-20 for losing)
|l|☆momoLFT
|player|p1|
