|j|☆retsewe
|j|☆CopiumBathTub
|t:|1779907441
|gametype|singles
|player|p1|retsewe|102|1515
|player|p2|CopiumBathTub|psychic-gen4|1524
|gen|9
|tier|[Gen 9] OU
|rated|
|rule|HP Percentage Mod: HP is shown in percentages
|rule|Endless Battle Clause: Forcing endless battles is banned
|rule|Species Clause: Limit one of each Pokémon
|rule|OHKO Clause: OHKO moves are banned
|rule|Evasion Items Clause: Evasion items are banned
|rule|Evasion Moves Clause: Evasion moves are banned
|rule|Evasion Abilities Clause: Evasion abilities are banned
|rule|Sleep Moves Clause: Sleep-inducing moves are banned
|clearpoke
|poke|p1|Kyurem|
|poke|p1|Grimmsnarl, M|
|poke|p1|Gyarados, M|
|poke|p1|Dragonite, M|
|poke|p1|Hatterene, F|
|poke|p1|Heatran, M|
|poke|p2|Hoopa-Unbound|
|poke|p2|Araquanid, M|
|poke|p2|Gholdengo|
|poke|p2|Great Tusk|
|poke|p2|Dragapult, M|
|poke|p2|Moltres|
|teampreview
|
|t:|1779907446
|teamsize|p1|6
|teamsize|p2|6
|start
|switch|p1a: Hatterene|Hatterene, F|100/100
|switch|p2a: Araquanid|Araquanid, M|100/100
|turn|1
|
|t:|1779907453
|move|p2a: Araquanid|Liquidation|p1a: Hatterene
|-damage|p1a: Hatterene|37/100
|move|p1a: Hatterene|Nuzzle|p2a: Araquanid
|-supereffective|p2a: Araquanid
|-damage|p2a: Araquanid|92/100
|-status|p2a: Araquanid|par
|
|-heal|p1a: Hatterene|43/100|[from] item: Leftovers
|upkeep
|turn|2
|
|t:|1779907466
|move|p1a: Hatterene|Draining Kiss|p2a: Araquanid
|-damage|p2a: Araquanid|71/100 par
|-heal|p1a: Hatterene|60/100|[from] drain|[of] p2a: Araquanid
|move|p2a: Araquanid|Liquidation|p1a: Hatterene
|-damage|p1a: Hatterene|0 fnt
|faint|p1a: Hatterene
|
|upkeep
|
|t:|1779907476
|switch|p1a: Kyurem|Kyurem|100/100
|-ability|p1a: Kyurem|Pressure
|turn|3
|
|t:|1779907485
|move|p1a: Kyurem|Substitute|p1a: Kyurem
|-start|p1a: Kyurem|Substitute
|-damage|p1a: Kyurem|76/100
|move|p2a: Araquanid|Sticky Web|p1a: Kyurem
|-sidestart|p1: retsewe|move: Sticky Web
|
|upkeep
|turn|4
|
|t:|1779907491
|switch|p2a: Moltres|Moltres|100/100
|move|p1a: Kyurem|Freeze-Dry|p2a: Moltres
|-damage|p2a: Moltres|61/100
|
|upkeep
|turn|5
|j| kamtong94
|
|t:|1779907499
|move|p1a: Kyurem|Ice Beam|p2a: Moltres
|-damage|p2a: Moltres|13/100
|move|p2a: Moltres|Roar|p1a: Kyurem
|drag|p1a: Gyarados|Gyarados, M|100/100
|
|upkeep
|turn|6
|
|t:|1779907512
|move|p1a: Gyarados|Dragon Dance|p1a: Gyarados
|-boost|p1a: Gyarados|atk|1
|-boost|p1a: Gyarados|spe|1
|move|p2a: Moltres|Roost|p2a: Moltres
|-heal|p2a: Moltres|63/100
|-singleturn|p2a: Moltres|move: Roost
|
|upkeep
|turn|7
|
|t:|1779907520
|-terastallize|p2a: Moltres|Fairy
|move|p1a: Gyarados|Waterfall|p2a: Moltres
|-damage|p2a: Moltres|19/100
|-status|p1a: Gyarados|brn|[from] ability: Flame Body|[of] p2a: Moltres
|move|p2a: Moltres|Roar|p1a: Gyarados
|drag|p1a: Heatran|Heatran, M|100/100
|-activate|p1a: Heatran|move: Sticky Web
|-unboost|p1a: Heatran|spe|1
|
|upkeep
|turn|8
|
|t:|1779907537
|move|p1a: Heatran|Flamethrower|p2a: Moltres
|-damage|p2a: Moltres|0 fnt
|faint|p2a: Moltres
|
|upkeep
|
|t:|1779907539
|switch|p2a: Hoopa|Hoopa-Unbound|100/100
|turn|9
|
|t:|1779907549
|move|p2a: Hoopa|Hyperspace Fury|p1a: Heatran
|-damage|p1a: Heatran|13/100
|-unboost|p2a: Hoopa|def|1
|move|p1a: Heatran|Flamethrower|p2a: Hoopa
|-crit|p2a: Hoopa
|-damage|p2a: Hoopa|36/100
|-status|p2a: Hoopa|brn
|
|-damage|p2a: Hoopa|30/100 brn|[from] brn
|upkeep
|turn|10
|
|t:|1779907564
|move|p2a: Hoopa|Hyperspace Fury|p1a: Heatran
|-damage|p1a: Heatran|0 fnt
|-unboost|p2a: Hoopa|def|1
|faint|p1a: Heatran
|
|-damage|p2a: Hoopa|24/100 brn|[from] brn
|upkeep
|
|t:|1779907572
|switch|p1a: Grimmsnarl|Grimmsnarl, M, shiny|100/100
|-activate|p1a: Grimmsnarl|move: Sticky Web
|-unboost|p1a: Grimmsnarl|spe|1
|turn|11
|
|t:|1779907578
|switch|p2a: Gholdengo|Gholdengo|100/100
|-item|p2a: Gholdengo|Air Balloon
|move|p1a: Grimmsnarl|Bulk Up|p1a: Grimmsnarl
|-boost|p1a: Grimmsnarl|atk|1
|-boost|p1a: Grimmsnarl|def|1
|
|upkeep
|turn|12
|j| himejijou
|
|t:|1779907599
|-terastallize|p1a: Grimmsnarl|Dark
|move|p1a: Grimmsnarl|Bulk Up|p1a: Grimmsnarl
|-boost|p1a: Grimmsnarl|atk|1
|-boost|p1a: Grimmsnarl|def|1
|move|p2a: Gholdengo|Make It Rain|p1a: Grimmsnarl
|-crit|p1a: Grimmsnarl
|-damage|p1a: Grimmsnarl|13/100
|-unboost|p2a: Gholdengo|spa|1
|
|-heal|p1a: Grimmsnarl|19/100|[from] item: Leftovers
|upkeep
|turn|13
|l| himejijou
|
|t:|1779907612
|switch|p2a: Hoopa|Hoopa-Unbound|24/100 brn
|move|p1a: Grimmsnarl|Sucker Punch||[still]
|-fail|p1a: Grimmsnarl
|
|-heal|p1a: Grimmsnarl|25/100|[from] item: Leftovers
|-damage|p2a: Hoopa|18/100 brn|[from] brn
|upkeep
|turn|14
|
|t:|1779907621
|move|p1a: Grimmsnarl|Sucker Punch|p2a: Hoopa
|-damage|p2a: Hoopa|0 fnt
|faint|p2a: Hoopa
|
|-heal|p1a: Grimmsnarl|31/100|[from] item: Leftovers
|upkeep
|
|t:|1779907625
|switch|p2a: Great Tusk|Great Tusk|100/100
|turn|15
|
|t:|1779907633
|move|p2a: Great Tusk|Headlong Rush|p1a: Grimmsnarl
|-damage|p1a: Grimmsnarl|0 fnt
|-unboost|p2a: Great Tusk|def|1
|-unboost|p2a: Great Tusk|spd|1
|faint|p1a: Grimmsnarl
|
|upkeep
|
|t:|1779907641
|switch|p1a: Gyarados|Gyarados, M|100/100 brn
|turn|16
|
|t:|1779907648
|move|p2a: Great Tusk|Knock Off|p1a: Gyarados
|-damage|p1a: Gyarados|55/100 brn
|-enditem|p1a: Gyarados|Expert Belt|[from] move: Knock Off|[of] p2a: Great Tusk
|move|p1a: Gyarados|Dragon Dance|p1a: Gyarados
|-boost|p1a: Gyarados|atk|1
|-boost|p1a: Gyarados|spe|1
|
|-damage|p1a: Gyarados|49/100 brn|[from] brn
|upkeep
|turn|17
|
|t:|1779907657
|-end|p2a: Great Tusk|Protosynthesis|[silent]
|switch|p2a: Araquanid|Araquanid, M|71/100 par
|move|p1a: Gyarados|Waterfall|p2a: Araquanid
|-resisted|p2a: Araquanid
|-damage|p2a: Araquanid|54/100 par
|
|-damage|p1a: Gyarados|43/100 brn|[from] brn
|upkeep
|turn|18
|
|t:|1779907669
|move|p1a: Gyarados|Waterfall|p2a: Araquanid
|-resisted|p2a: Araquanid
|-damage|p2a: Araquanid|36/100 par
|cant|p2a: Araquanid|par
|
|-damage|p1a: Gyarados|37/100 brn|[from] brn
|upkeep
|turn|19
|
|t:|1779907677
|move|p1a: Gyarados|Waterfall|p2a: Araquanid
|-resisted|p2a: Araquanid
|-damage|p2a: Araquanid|18/100 par
|move|p2a: Araquanid|Liquidation|p1a: Gyarados
|-resisted|p1a: Gyarados
|-damage|p1a: Gyarados|1/100 brn
|
|-damage|p1a: Gyarados|0 fnt|[from] brn
|faint|p1a: Gyarados
|upkeep
|
|t:|1779907689
|switch|p1a: Kyurem|Kyurem|76/100
|-activate|p1a: Kyurem|move: Sticky Web
|-unboost|p1a: Kyurem|spe|1
|-ability|p1a: Kyurem|Pressure
|turn|20
|-enditem|p2a: Araquanid|Custap Berry|[eat]
|-activate|p2a: Araquanid|item: Custap Berry|[consumed]
|
|t:|1779907696
|cant|p2a: Araquanid|par
|move|p1a: Kyurem|Substitute|p1a: Kyurem
|-start|p1a: Kyurem|Substitute
|-damage|p1a: Kyurem|51/100
|
|upkeep
|turn|21
|
|t:|1779907705
|move|p1a: Kyurem|Freeze-Dry|p2a: Araquanid
|-supereffective|p2a: Araquanid
|-damage|p2a: Araquanid|0 fnt
|faint|p2a: Araquanid
|
|upkeep
|
|t:|1779907707
|switch|p2a: Dragapult|Dragapult, M|100/100
|turn|22
|
|t:|1779907721
|move|p2a: Dragapult|Dragon Darts|p1a: Kyurem
|-supereffective|p1a: Kyurem
|-end|p1a: Kyurem|Substitute
|-anim|p2a: Dragapult|Dragon Darts|p1a: Kyurem
|-supereffective|p1a: Kyurem
|-damage|p1a: Kyurem|1/100
|-damage|p2a: Dragapult|91/100|[from] item: Life Orb
|move|p1a: Kyurem|Ice Beam|p2a: Dragapult
|-supereffective|p2a: Dragapult
|-damage|p2a: Dragapult|0 fnt
|faint|p2a: Dragapult
|
|upkeep
|
|t:|1779907724
|switch|p2a: Great Tusk|Great Tusk|100/100
|turn|23
|
|t:|1779907735
|move|p2a: Great Tusk|Rapid Spin|p1a: Kyurem
|-damage|p1a: Kyurem|0 fnt
|-boost|p2a: Great Tusk|spe|1
|faint|p1a: Kyurem
|
|upkeep
|
|t:|1779907741
|switch|p1a: Dragonite|Dragonite, M|100/100
|turn|24
|
|t:|1779907747
|move|p2a: Great Tusk|Ice Spinner|p1a: Dragonite
|-supereffective|p1a: Dragonite
|-damage|p1a: Dragonite|36/100
|move|p1a: Dragonite|Hurricane|p2a: Great Tusk|[miss]
|-miss|p1a: Dragonite|p2a: Great Tusk
|
|upkeep
|turn|25
|-message|retsewe forfeited.
|
|win|CopiumBathTub
|raw|retsewe's rating: 1515 &rarr; <strong>1496</strong><br />(-19 for losing)
|raw|CopiumBathTub's rating: 1524 &rarr; <strong>1543</strong><br />(+19 for winning)
|l|☆retsewe
|player|p1|
|l|☆CopiumBathTub
|player|p2|
