|j|☆npctypebeat
|j|☆binhnguiachay
|t:|1779938884
|gametype|singles
|player|p1|npctypebeat|102|1065
|player|p2|binhnguiachay|benga|1060
|gen|9
|tier|[Gen 9] OU
|rated|
|rule|HP Percentage Mod: HP is shown in percentages
|rule|Endless Battle Clause: Forcing endless battles is banned
|rule|Species Clause: Limit one of each Pokémon
|rule|OHKO Clause: OHKO moves are banned
|rule|Evasion Items Clause: Evasion items are banned
|rule|Evasion Moves Clause: Evasion moves are banned
|rule|Evasion Abilities Clause: Evasion abilities are banned
|rule|Sleep Moves Clause: Sleep-inducing moves are banned
|clearpoke
|poke|p1|Gliscor, F|
|poke|p1|Gholdengo|
|poke|p1|Zamazenta-*|
|poke|p1|Blissey, F|
|poke|p1|Skarmory, M|
|poke|p1|Pecharunt|
|poke|p2|Orthworm, M|
|poke|p2|Whimsicott, M|
|poke|p2|Mimikyu, M|
|poke|p2|Tatsugiri, M|
|poke|p2|Ceruledge, M|
|teampreview
|inactive|Battle timer is ON: inactive players will automatically lose when time's up. (requested by binhnguiachay)
|c|☆npctypebeat|hf
|inactive|npctypebeat also wants the timer to be on.
|
|t:|1779938897
|teamsize|p1|6
|teamsize|p2|5
|start
|switch|p1a: Skarmory|Skarmory, M|100/100
|switch|p2a: Whimsicott|Whimsicott, M|100/100
|turn|1
|
|t:|1779938902
|move|p2a: Whimsicott|Tailwind|p2a: Whimsicott
|-sidestart|p2: binhnguiachay|move: Tailwind
|move|p1a: Skarmory|Spikes|p2a: Whimsicott
|-sidestart|p2: binhnguiachay|Spikes
|
|upkeep
|turn|2
|
|t:|1779938911
|move|p2a: Whimsicott|Taunt|p1a: Skarmory
|-start|p1a: Skarmory|move: Taunt
|cant|p1a: Skarmory|move: Taunt|Spikes
|
|upkeep
|turn|3
|
|t:|1779938920
|switch|p1a: Zamazenta|Zamazenta|100/100
|-ability|p1a: Zamazenta|Dauntless Shield|boost
|-boost|p1a: Zamazenta|def|1
|move|p2a: Whimsicott|Stun Spore|p1a: Zamazenta
|-status|p1a: Zamazenta|par
|
|upkeep
|turn|4
|
|t:|1779938949
|move|p2a: Whimsicott|U-turn|p1a: Zamazenta
|-resisted|p1a: Zamazenta
|-damage|p1a: Zamazenta|97/100 par
|
|t:|1779938955
|switch|p2a: Orthworm|Orthworm, M|100/100|[from] U-turn
|-damage|p2a: Orthworm|88/100|[from] Spikes
|move|p1a: Zamazenta|Heavy Slam|p2a: Orthworm
|-resisted|p2a: Orthworm
|-damage|p2a: Orthworm|83/100
|
|-sideend|p2: binhnguiachay|move: Tailwind
|upkeep
|turn|5
|
|t:|1779938967
|move|p1a: Zamazenta|Heavy Slam|p2a: Orthworm
|-resisted|p2a: Orthworm
|-damage|p2a: Orthworm|79/100
|move|p2a: Orthworm|Coil|p2a: Orthworm
|-boost|p2a: Orthworm|atk|1
|-boost|p2a: Orthworm|def|1
|-boost|p2a: Orthworm|accuracy|1
|
|upkeep
|turn|6
|c|☆binhnguiachay|hi
|
|t:|1779938977
|move|p1a: Zamazenta|Close Combat|p2a: Orthworm
|-supereffective|p2a: Orthworm
|-damage|p2a: Orthworm|21/100
|-unboost|p1a: Zamazenta|def|1
|-unboost|p1a: Zamazenta|spd|1
|move|p2a: Orthworm|Coil|p2a: Orthworm
|-boost|p2a: Orthworm|atk|1
|-boost|p2a: Orthworm|def|1
|-boost|p2a: Orthworm|accuracy|1
|
|upkeep
|turn|7
|
|t:|1779938986
|move|p1a: Zamazenta|Close Combat|p2a: Orthworm
|-supereffective|p2a: Orthworm
|-crit|p2a: Orthworm
|-damage|p2a: Orthworm|0 fnt
|-unboost|p1a: Zamazenta|def|1
|-unboost|p1a: Zamazenta|spd|1
|faint|p2a: Orthworm
|
|upkeep
|
|t:|1779938995
|switch|p2a: Mimikyu|Mimikyu, M|100/100
|-damage|p2a: Mimikyu|88/100|[from] Spikes
|turn|8
|
|t:|1779939014
|move|p2a: Mimikyu|Swords Dance|p2a: Mimikyu
|-boost|p2a: Mimikyu|atk|2
|move|p1a: Zamazenta|Heavy Slam|p2a: Mimikyu
|-activate|p2a: Mimikyu|ability: Disguise
|-damage|p2a: Mimikyu|88/100
|detailschange|p2a: Mimikyu|Mimikyu-Busted, M
|-damage|p2a: Mimikyu|76/100|[from] pokemon: Mimikyu-Busted
|
|upkeep
|turn|9
|
|t:|1779939030
|move|p2a: Mimikyu|Play Rough|p1a: Zamazenta
|-supereffective|p1a: Zamazenta
|-damage|p1a: Zamazenta|0 fnt
|faint|p1a: Zamazenta
|
|upkeep
|
|t:|1779939045
|switch|p1a: Pecharunt|Pecharunt|100/100
|turn|10
|
|t:|1779939056
|-terastallize|p2a: Mimikyu|Ghost
|move|p2a: Mimikyu|Shadow Claw|p1a: Pecharunt
|-supereffective|p1a: Pecharunt
|-damage|p1a: Pecharunt|24/100
|move|p1a: Pecharunt|Shadow Ball|p2a: Mimikyu
|-supereffective|p2a: Mimikyu
|-damage|p2a: Mimikyu|8/100
|-enditem|p2a: Mimikyu|Sitrus Berry|[eat]
|-heal|p2a: Mimikyu|33/100|[from] item: Sitrus Berry
|
|upkeep
|turn|11
|
|t:|1779939065
|move|p2a: Mimikyu|Shadow Claw|p1a: Pecharunt
|-supereffective|p1a: Pecharunt
|-damage|p1a: Pecharunt|0 fnt
|faint|p1a: Pecharunt
|
|upkeep
|
|t:|1779939068
|switch|p1a: Gliscor|Gliscor, F|100/100
|turn|12
|
|t:|1779939083
|move|p2a: Mimikyu|Swords Dance|p2a: Mimikyu
|-boost|p2a: Mimikyu|atk|2
|move|p1a: Gliscor|Earthquake|p2a: Mimikyu
|-damage|p2a: Mimikyu|0 fnt
|faint|p2a: Mimikyu
|
|-status|p1a: Gliscor|tox|[from] item: Toxic Orb
|upkeep
|
|t:|1779939093
|switch|p2a: Tatsugiri|Tatsugiri, M|100/100
|-damage|p2a: Tatsugiri|88/100|[from] Spikes
|turn|13
|
|t:|1779939099
|move|p1a: Gliscor|Swords Dance|p1a: Gliscor
|-boost|p1a: Gliscor|atk|2
|move|p2a: Tatsugiri|Icy Wind|p1a: Gliscor
|-supereffective|p1a: Gliscor
|-damage|p1a: Gliscor|48/100 tox
|-unboost|p1a: Gliscor|spe|1
|
|-heal|p2a: Tatsugiri|94/100|[from] item: Leftovers
|-heal|p1a: Gliscor|61/100 tox|[from] ability: Poison Heal
|upkeep
|turn|14
|
|t:|1779939108
|move|p1a: Gliscor|Protect|p1a: Gliscor
|-singleturn|p1a: Gliscor|Protect
|move|p2a: Tatsugiri|Icy Wind|p1a: Gliscor
|-activate|p1a: Gliscor|move: Protect
|
|-heal|p2a: Tatsugiri|100/100|[from] item: Leftovers
|-heal|p1a: Gliscor|73/100 tox|[from] ability: Poison Heal
|upkeep
|turn|15
|
|t:|1779939117
|switch|p1a: Gholdengo|Gholdengo|100/100
|move|p2a: Tatsugiri|Icy Wind|p1a: Gholdengo
|-resisted|p1a: Gholdengo
|-damage|p1a: Gholdengo|93/100
|-unboost|p1a: Gholdengo|spe|1
|
|upkeep
|turn|16
|
|t:|1779939133
|move|p2a: Tatsugiri|Surf|p1a: Gholdengo
|-damage|p1a: Gholdengo|57/100
|move|p1a: Gholdengo|Nasty Plot|p1a: Gholdengo
|-boost|p1a: Gholdengo|spa|2
|
|upkeep
|turn|17
|
|t:|1779939141
|move|p2a: Tatsugiri|Memento|p1a: Gholdengo
|-immune|p1a: Gholdengo|[from] ability: Good as Gold
|move|p1a: Gholdengo|Thunder Wave|p2a: Tatsugiri
|-status|p2a: Tatsugiri|par
|
|upkeep
|turn|18
|
|t:|1779939150
|move|p1a: Gholdengo|Hex|p2a: Tatsugiri
|-damage|p2a: Tatsugiri|0 fnt
|faint|p2a: Tatsugiri
|
|upkeep
|
|t:|1779939154
|switch|p2a: Ceruledge|Ceruledge, M|100/100
|-damage|p2a: Ceruledge|88/100|[from] Spikes
|turn|19
|
|t:|1779939161
|move|p2a: Ceruledge|Bitter Blade|p1a: Gholdengo
|-supereffective|p1a: Gholdengo
|-damage|p1a: Gholdengo|0 fnt
|-heal|p2a: Ceruledge|100/100|[from] drain|[of] p1a: Gholdengo
|faint|p1a: Gholdengo
|
|upkeep
|
|t:|1779939168
|switch|p1a: Gliscor|Gliscor, F|73/100 tox
|turn|20
|
|t:|1779939179
|move|p2a: Ceruledge|Shadow Claw|p1a: Gliscor
|-damage|p1a: Gliscor|45/100 tox
|move|p1a: Gliscor|Swords Dance|p1a: Gliscor
|-boost|p1a: Gliscor|atk|2
|
|-heal|p1a: Gliscor|57/100 tox|[from] ability: Poison Heal
|upkeep
|turn|21
|
|t:|1779939198
|switch|p2a: Whimsicott|Whimsicott, M|100/100
|-damage|p2a: Whimsicott|88/100|[from] Spikes
|move|p1a: Gliscor|Protect||[still]
|-fail|p1a: Gliscor
|
|-heal|p1a: Gliscor|70/100 tox|[from] ability: Poison Heal
|upkeep
|turn|22
|
|t:|1779939212
|move|p2a: Whimsicott|Taunt|p1a: Gliscor
|-start|p1a: Gliscor|move: Taunt
|move|p1a: Gliscor|Earthquake|p2a: Whimsicott
|-resisted|p2a: Whimsicott
|-damage|p2a: Whimsicott|55/100
|
|-heal|p1a: Gliscor|82/100 tox|[from] ability: Poison Heal
|upkeep
|turn|23
|
|t:|1779939223
|move|p2a: Whimsicott|Tailwind|p2a: Whimsicott
|-sidestart|p2: binhnguiachay|move: Tailwind
|move|p1a: Gliscor|Earthquake|p2a: Whimsicott
|-resisted|p2a: Whimsicott
|-damage|p2a: Whimsicott|18/100
|
|-heal|p1a: Gliscor|95/100 tox|[from] ability: Poison Heal
|upkeep
|turn|24
|
|t:|1779939235
|move|p2a: Whimsicott|U-turn|p1a: Gliscor
|-resisted|p1a: Gliscor
|-damage|p1a: Gliscor|91/100 tox
|
|t:|1779939238
|switch|p2a: Ceruledge|Ceruledge, M|100/100|[from] U-turn
|-damage|p2a: Ceruledge|88/100|[from] Spikes
|move|p1a: Gliscor|Earthquake|p2a: Ceruledge
|-supereffective|p2a: Ceruledge
|-damage|p2a: Ceruledge|0 fnt
|faint|p2a: Ceruledge
|
|-heal|p1a: Gliscor|100/100 tox|[from] ability: Poison Heal
|-end|p1a: Gliscor|move: Taunt
|upkeep
|
|t:|1779939252
|switch|p2a: Whimsicott|Whimsicott, M|18/100
|-damage|p2a: Whimsicott|5/100|[from] Spikes
|turn|25
|-message|binhnguiachay forfeited.
|
|win|npctypebeat
|raw|npctypebeat's rating: 1091 &rarr; <strong>1115</strong><br />(+24 for winning)
|raw|binhnguiachay's rating: 1060 &rarr; <strong>1043</strong><br />(-17 for losing)
|l|☆binhnguiachay
|player|p2|
|c|☆npctypebeat|gg
