|j|☆ffdatagen
|j|☆riarley
|t:|1779913467
|gametype|singles
|player|p1|ffdatagen|wallace-gen3|1129
|player|p2|riarley|169|1177
|gen|9
|tier|[Gen 9] OU
|rated|
|rule|HP Percentage Mod: HP is shown in percentages
|rule|Endless Battle Clause: Forcing endless battles is banned
|rule|Species Clause: Limit one of each Pokémon
|rule|OHKO Clause: OHKO moves are banned
|rule|Evasion Items Clause: Evasion items are banned
|rule|Evasion Moves Clause: Evasion moves are banned
|rule|Evasion Abilities Clause: Evasion abilities are banned
|rule|Sleep Moves Clause: Sleep-inducing moves are banned
|clearpoke
|poke|p1|Torkoal, M|
|poke|p1|Hatterene, F|
|poke|p1|Porygon2|
|poke|p1|Ursaluna, F|
|poke|p1|Iron Hands|
|poke|p1|Brute Bonnet|
|poke|p2|Corviknight, F|
|poke|p2|Slowking-Galar, M|
|poke|p2|Blissey, F|
|poke|p2|Dondozo, M|
|poke|p2|Kyurem|
|poke|p2|Great Tusk|
|teampreview
|
|t:|1779913486
|teamsize|p1|6
|teamsize|p2|6
|start
|switch|p1a: Porygon2|Porygon2|100/100
|switch|p2a: Slowking|Slowking-Galar, M|100/100
|-ability|p1a: Porygon2|Download|boost
|-boost|p1a: Porygon2|atk|1
|turn|1
|
|t:|1779913499
|move|p1a: Porygon2|Shadow Ball|p2a: Slowking
|-supereffective|p2a: Slowking
|-damage|p2a: Slowking|69/100
|move|p2a: Slowking|Toxic|p1a: Porygon2
|-status|p1a: Porygon2|tox
|
|-damage|p1a: Porygon2|94/100 tox|[from] psn
|upkeep
|turn|2
|
|t:|1779913506
|switch|p2a: Blissey|Blissey, F|100/100
|move|p1a: Porygon2|Trick Room|p1a: Porygon2
|-fieldstart|move: Trick Room|[of] p1a: Porygon2
|
|-damage|p1a: Porygon2|82/100 tox|[from] psn
|upkeep
|turn|3
|
|t:|1779913517
|switch|p1a: Ursaluna|Ursaluna, F|100/100
|move|p2a: Blissey|Seismic Toss|p1a: Ursaluna
|-damage|p1a: Ursaluna|79/100
|
|-status|p1a: Ursaluna|brn|[from] item: Flame Orb
|upkeep
|turn|4
|
|t:|1779913525
|switch|p2a: Corviknight|Corviknight, F|100/100
|-ability|p2a: Corviknight|Pressure
|move|p1a: Ursaluna|Swords Dance|p1a: Ursaluna
|-boost|p1a: Ursaluna|atk|2
|
|-damage|p1a: Ursaluna|73/100 brn|[from] brn
|upkeep
|turn|5
|
|t:|1779913540
|move|p1a: Ursaluna|Fire Punch|p2a: Corviknight
|-supereffective|p2a: Corviknight
|-damage|p2a: Corviknight|0 fnt
|-damage|p1a: Ursaluna|56/100 brn|[from] item: Rocky Helmet|[of] p2a: Corviknight
|faint|p2a: Corviknight
|
|-damage|p1a: Ursaluna|50/100 brn|[from] brn
|upkeep
|
|t:|1779913545
|switch|p2a: Dondozo|Dondozo, M|100/100
|turn|6
|
|t:|1779913551
|move|p1a: Ursaluna|Facade|p2a: Dondozo
|-damage|p2a: Dondozo|36/100
|move|p2a: Dondozo|Waterfall|p1a: Ursaluna
|-supereffective|p1a: Ursaluna
|-damage|p1a: Ursaluna|14/100 brn
|
|-heal|p2a: Dondozo|42/100|[from] item: Leftovers
|-damage|p1a: Ursaluna|8/100 brn|[from] brn
|-fieldend|move: Trick Room
|upkeep
|turn|7
|
|t:|1779913567
|switch|p1a: Porygon2|Porygon2|82/100 tox
|-ability|p1a: Porygon2|Download|boost
|-boost|p1a: Porygon2|spa|1
|move|p2a: Dondozo|Waterfall|p1a: Porygon2
|-damage|p1a: Porygon2|63/100 tox
|
|-heal|p2a: Dondozo|48/100|[from] item: Leftovers
|-damage|p1a: Porygon2|57/100 tox|[from] psn
|upkeep
|turn|8
|
|t:|1779913578
|move|p1a: Porygon2|Thunderbolt|p2a: Dondozo
|-supereffective|p2a: Dondozo
|-damage|p2a: Dondozo|0 fnt
|faint|p2a: Dondozo
|
|-damage|p1a: Porygon2|44/100 tox|[from] psn
|upkeep
|
|t:|1779913584
|switch|p2a: Kyurem|Kyurem|100/100
|-ability|p2a: Kyurem|Pressure
|turn|9
|
|t:|1779913590
|move|p2a: Kyurem|Ice Beam|p1a: Porygon2
|-damage|p1a: Porygon2|0 fnt
|faint|p1a: Porygon2
|
|upkeep
|
|t:|1779913594
|switch|p1a: Hatterene|Hatterene, F|100/100
|turn|10
|
|t:|1779913602
|move|p2a: Kyurem|Ice Beam|p1a: Hatterene
|-damage|p1a: Hatterene|22/100
|move|p1a: Hatterene|Trick Room|p1a: Hatterene
|-fieldstart|move: Trick Room|[of] p1a: Hatterene
|
|upkeep
|turn|11
|
|t:|1779913607
|-terastallize|p2a: Kyurem|Fairy
|move|p1a: Hatterene|Healing Wish|p1a: Hatterene
|faint|p1a: Hatterene
|move|p2a: Kyurem|Ice Beam|p1: Hatterene|[notarget]
|-fail|p2a: Kyurem
|
|upkeep
|
|t:|1779913613
|switch|p1a: Ursaluna|Ursaluna, F|8/100 brn
|-heal|p1a: Ursaluna|100/100|[from] move: Healing Wish
|turn|12
|
|t:|1779913628
|switch|p2a: Blissey|Blissey, F|100/100
|-terastallize|p1a: Ursaluna|Normal
|move|p1a: Ursaluna|Swords Dance|p1a: Ursaluna
|-boost|p1a: Ursaluna|atk|2
|
|-status|p1a: Ursaluna|brn|[from] item: Flame Orb
|upkeep
|turn|13
|
|t:|1779913636
|move|p1a: Ursaluna|Facade|p2a: Blissey
|-damage|p2a: Blissey|0 fnt
|faint|p2a: Blissey
|
|-damage|p1a: Ursaluna|94/100 brn|[from] brn
|upkeep
|
|t:|1779913640
|switch|p2a: Slowking|Slowking-Galar, M|100/100
|turn|14
|
|t:|1779913644
|move|p1a: Ursaluna|Headlong Rush|p2a: Slowking
|-supereffective|p2a: Slowking
|-damage|p2a: Slowking|0 fnt
|-unboost|p1a: Ursaluna|def|1
|-unboost|p1a: Ursaluna|spd|1
|faint|p2a: Slowking
|
|-damage|p1a: Ursaluna|88/100 brn|[from] brn
|-fieldend|move: Trick Room
|upkeep
|
|t:|1779913647
|switch|p2a: Great Tusk|Great Tusk|100/100
|turn|15
|
|t:|1779913657
|move|p2a: Great Tusk|Close Combat|p1a: Ursaluna
|-supereffective|p1a: Ursaluna
|-damage|p1a: Ursaluna|0 fnt
|-unboost|p2a: Great Tusk|def|1
|-unboost|p2a: Great Tusk|spd|1
|faint|p1a: Ursaluna
|
|upkeep
|j| kanitanku
|
|t:|1779913666
|switch|p1a: Torkoal|Torkoal, M|100/100
|-weather|SunnyDay|[from] ability: Drought|[of] p1a: Torkoal
|-activate|p2a: Great Tusk|ability: Protosynthesis
|-start|p2a: Great Tusk|protosynthesisatk
|turn|16
|
|t:|1779913672
|switch|p1a: Brute Bonnet|Brute Bonnet|100/100
|-activate|p1a: Brute Bonnet|ability: Protosynthesis
|-start|p1a: Brute Bonnet|protosynthesisatk
|move|p2a: Great Tusk|Headlong Rush|p1a: Brute Bonnet
|-resisted|p1a: Brute Bonnet
|-damage|p1a: Brute Bonnet|70/100
|-unboost|p2a: Great Tusk|def|1
|-unboost|p2a: Great Tusk|spd|1
|
|-weather|SunnyDay|[upkeep]
|upkeep
|turn|17
|
|t:|1779913684
|move|p2a: Great Tusk|Close Combat|p1a: Brute Bonnet
|-supereffective|p1a: Brute Bonnet
|-damage|p1a: Brute Bonnet|0 fnt
|-unboost|p2a: Great Tusk|def|1
|-unboost|p2a: Great Tusk|spd|1
|faint|p1a: Brute Bonnet
|-end|p1a: Brute Bonnet|Protosynthesis|[silent]
|
|-weather|SunnyDay|[upkeep]
|upkeep
|
|t:|1779913691
|switch|p1a: Iron Hands|Iron Hands|100/100
|-enditem|p1a: Iron Hands|Booster Energy
|-activate|p1a: Iron Hands|ability: Quark Drive|[fromitem]
|-start|p1a: Iron Hands|quarkdriveatk
|turn|18
|l| kanitanku
|
|t:|1779913697
|move|p2a: Great Tusk|Headlong Rush|p1a: Iron Hands
|-supereffective|p1a: Iron Hands
|-damage|p1a: Iron Hands|6/100
|-unboost|p2a: Great Tusk|def|1
|-unboost|p2a: Great Tusk|spd|1
|move|p1a: Iron Hands|Ice Punch|p2a: Great Tusk
|-supereffective|p2a: Great Tusk
|-damage|p2a: Great Tusk|0 fnt
|faint|p2a: Great Tusk
|-end|p2a: Great Tusk|Protosynthesis|[silent]
|
|-weather|SunnyDay|[upkeep]
|upkeep
|
|t:|1779913700
|switch|p2a: Kyurem|Kyurem, tera:Fairy|100/100
|-ability|p2a: Kyurem|Pressure
|turn|19
|j| kanitanku
|l| kanitanku
|inactive|Battle timer is ON: inactive players will automatically lose when time's up. (requested by riarley)
|j| kanitanku
|
|t:|1779913715
|move|p2a: Kyurem|Earth Power|p1a: Iron Hands
|-supereffective|p1a: Iron Hands
|-damage|p1a: Iron Hands|0 fnt
|faint|p1a: Iron Hands
|-end|p1a: Iron Hands|Quark Drive|[silent]
|
|-weather|SunnyDay|[upkeep]
|upkeep
|
|t:|1779913720
|switch|p1a: Torkoal|Torkoal, M|100/100
|turn|20
|l| kanitanku
|
|t:|1779913728
|move|p2a: Kyurem|Earth Power|p1a: Torkoal
|-supereffective|p1a: Torkoal
|-damage|p1a: Torkoal|0 fnt
|faint|p1a: Torkoal
|
|win|riarley
|raw|ffdatagen's rating: 1129 &rarr; <strong>1107</strong><br />(-22 for losing)
|raw|riarley's rating: 1177 &rarr; <strong>1199</strong><br />(+22 for winning)
|j| kanitanku
|l|☆riarley
|player|p2|
|c|☆ffdatagen|FUCK
|c|☆ffdatagen|ggs
