|j|☆shiro0101010101
|j|☆MrRodeo
|t:|1779958034
|gametype|singles
|player|p1|shiro0101010101|n|1083
|player|p2|MrRodeo|lance|1137
|gen|9
|tier|[Gen 9] OU
|rated|
|rule|HP Percentage Mod: HP is shown in percentages
|rule|Endless Battle Clause: Forcing endless battles is banned
|rule|Species Clause: Limit one of each Pokémon
|rule|OHKO Clause: OHKO moves are banned
|rule|Evasion Items Clause: Evasion items are banned
|rule|Evasion Moves Clause: Evasion moves are banned
|rule|Evasion Abilities Clause: Evasion abilities are banned
|rule|Sleep Moves Clause: Sleep-inducing moves are banned
|clearpoke
|poke|p1|Vaporeon, F|
|poke|p1|Umbreon, M|
|poke|p1|Espeon, F|
|poke|p1|Leafeon, F|
|poke|p1|Sylveon, F|
|poke|p1|Glaceon, F|
|poke|p2|Hawlucha, F|
|poke|p2|Rillaboom, F|
|poke|p2|Gliscor, F|
|poke|p2|Volcanion|
|poke|p2|Gholdengo|
|poke|p2|Grimmsnarl, M|
|teampreview
|
|t:|1779958049
|teamsize|p1|6
|teamsize|p2|6
|start
|switch|p1a: Espeon|Espeon, F|100/100
|switch|p2a: Please just work|Gliscor, F|100/100
|turn|1
|
|t:|1779958061
|move|p1a: Espeon|Trick|p2a: Please just work
|-activate|p1a: Espeon|move: Trick|[of] p2a: Please just work
|-item|p2a: Please just work|Choice Scarf|[from] move: Trick
|-item|p1a: Espeon|Toxic Orb|[from] move: Trick
|move|p2a: Please just work|Spikes|p1a: Espeon
|move|p1a: Espeon|Spikes|p2a: Please just work|[from] ability: Magic Bounce
|-sidestart|p2: MrRodeo|Spikes
|
|-status|p1a: Espeon|tox|[from] item: Toxic Orb
|upkeep
|turn|2
|
|t:|1779958078
|switch|p2a: dnd rogue|Grimmsnarl, M|100/100
|-damage|p2a: dnd rogue|88/100|[from] Spikes
|move|p1a: Espeon|Psychic|p2a: dnd rogue
|-immune|p2a: dnd rogue
|
|-heal|p2a: dnd rogue|94/100|[from] item: Leftovers
|-damage|p1a: Espeon|95/100 tox|[from] psn
|upkeep
|turn|3
|
|t:|1779958093
|move|p2a: dnd rogue|Sucker Punch|p1a: Espeon
|-supereffective|p1a: Espeon
|-damage|p1a: Espeon|0 fnt
|faint|p1a: Espeon
|
|-heal|p2a: dnd rogue|99/100|[from] item: Leftovers
|upkeep
|
|t:|1779958097
|switch|p1a: Umbreon|Umbreon, M, shiny|100/100
|turn|4
|
|t:|1779958104
|move|p1a: Umbreon|Toxic|p2a: dnd rogue
|-status|p2a: dnd rogue|tox
|move|p2a: dnd rogue|Play Rough|p1a: Umbreon
|-supereffective|p1a: Umbreon
|-damage|p1a: Umbreon|48/100
|
|-heal|p1a: Umbreon|54/100|[from] item: Leftovers
|-heal|p2a: dnd rogue|100/100 tox|[from] item: Leftovers
|-damage|p2a: dnd rogue|94/100 tox|[from] psn
|upkeep
|turn|5
|
|t:|1779958116
|move|p1a: Umbreon|Wish|p1a: Umbreon
|move|p2a: dnd rogue|Play Rough|p1a: Umbreon
|-supereffective|p1a: Umbreon
|-damage|p1a: Umbreon|7/100
|
|-heal|p1a: Umbreon|13/100|[from] item: Leftovers
|-heal|p2a: dnd rogue|100/100 tox|[from] item: Leftovers
|-damage|p2a: dnd rogue|88/100 tox|[from] psn
|upkeep
|turn|6
|
|t:|1779958125
|move|p1a: Umbreon|Protect|p1a: Umbreon
|-singleturn|p1a: Umbreon|Protect
|move|p2a: dnd rogue|Play Rough|p1a: Umbreon
|-activate|p1a: Umbreon|move: Protect
|
|-heal|p1a: Umbreon|63/100|[from] move: Wish|[wisher] Umbreon
|-heal|p1a: Umbreon|69/100|[from] item: Leftovers
|-heal|p2a: dnd rogue|94/100 tox|[from] item: Leftovers
|-damage|p2a: dnd rogue|76/100 tox|[from] psn
|upkeep
|turn|7
|
|t:|1779958137
|move|p1a: Umbreon|Wish|p1a: Umbreon
|move|p2a: dnd rogue|Play Rough|p1a: Umbreon
|-supereffective|p1a: Umbreon
|-damage|p1a: Umbreon|20/100
|
|-heal|p1a: Umbreon|26/100|[from] item: Leftovers
|-heal|p2a: dnd rogue|82/100 tox|[from] item: Leftovers
|-damage|p2a: dnd rogue|58/100 tox|[from] psn
|upkeep
|turn|8
|
|t:|1779958170
|switch|p2a: Clyde|Rillaboom, F|100/100
|-damage|p2a: Clyde|88/100|[from] Spikes
|-fieldstart|move: Grassy Terrain|[from] ability: Grassy Surge|[of] p2a: Clyde
|move|p1a: Umbreon|Foul Play|p2a: Clyde
|-damage|p2a: Clyde|27/100
|
|-heal|p1a: Umbreon|76/100|[from] move: Wish|[wisher] Umbreon
|-heal|p2a: Clyde|33/100|[from] Grassy Terrain
|-heal|p1a: Umbreon|82/100|[from] Grassy Terrain
|-heal|p1a: Umbreon|88/100|[from] item: Leftovers
|upkeep
|turn|9
|inactive|Battle timer is ON: inactive players will automatically lose when time's up. (requested by shiro0101010101)
|
|t:|1779958184
|move|p2a: Clyde|U-turn|p1a: Umbreon
|-supereffective|p1a: Umbreon
|-damage|p1a: Umbreon|34/100
|
|t:|1779958188
|switch|p2a: Best boi|Hawlucha, F|100/100|[from] U-turn
|-enditem|p2a: Best boi|Grassy Seed
|-boost|p2a: Best boi|def|1|[from] item: Grassy Seed
|move|p1a: Umbreon|Foul Play|p2a: Best boi
|-resisted|p2a: Best boi
|-damage|p2a: Best boi|81/100
|
|-heal|p1a: Umbreon|40/100|[from] Grassy Terrain
|-heal|p1a: Umbreon|46/100|[from] item: Leftovers
|upkeep
|turn|10
|
|t:|1779958200
|switch|p1a: Leafeon|Leafeon, F, shiny|100/100
|move|p2a: Best boi|Swords Dance|p2a: Best boi
|-boost|p2a: Best boi|atk|2
|
|upkeep
|turn|11
|
|t:|1779958208
|move|p2a: Best boi|Acrobatics|p1a: Leafeon
|-supereffective|p1a: Leafeon
|-damage|p1a: Leafeon|0 fnt
|-damage|p2a: Best boi|64/100|[from] item: Rocky Helmet|[of] p1a: Leafeon
|faint|p1a: Leafeon
|
|upkeep
|
|t:|1779958211
|switch|p1a: Vaporeon|Vaporeon, F|100/100
|turn|12
|
|t:|1779958219
|move|p2a: Best boi|Close Combat|p1a: Vaporeon
|-damage|p1a: Vaporeon|17/100
|-unboost|p2a: Best boi|def|1
|-unboost|p2a: Best boi|spd|1
|move|p1a: Vaporeon|Acid Armor|p1a: Vaporeon
|-boost|p1a: Vaporeon|def|2
|
|-heal|p1a: Vaporeon|23/100|[from] Grassy Terrain
|-fieldend|move: Grassy Terrain
|upkeep
|turn|13
|
|t:|1779958231
|switch|p1a: Sylveon|Sylveon, F, shiny|100/100
|move|p2a: Best boi|Close Combat|p1a: Sylveon
|-resisted|p1a: Sylveon
|-damage|p1a: Sylveon|41/100
|-unboost|p2a: Best boi|def|1
|-unboost|p2a: Best boi|spd|1
|
|upkeep
|turn|14
|
|t:|1779958245
|switch|p2a: WHY|Volcanion|100/100
|-damage|p2a: WHY|88/100|[from] Spikes
|move|p1a: Sylveon|Hyper Voice|p2a: WHY
|-resisted|p2a: WHY
|-damage|p2a: WHY|62/100
|
|upkeep
|turn|15
|
|t:|1779958254
|switch|p1a: Vaporeon|Vaporeon, F|23/100
|move|p2a: WHY|Sludge Bomb|p1a: Vaporeon
|-damage|p1a: Vaporeon|0 fnt
|faint|p1a: Vaporeon
|
|upkeep
|
|t:|1779958258
|switch|p1a: Umbreon|Umbreon, M, shiny|46/100
|turn|16
|
|t:|1779958279
|switch|p2a: dnd rogue|Grimmsnarl, M|58/100 tox
|-damage|p2a: dnd rogue|45/100 tox|[from] Spikes
|move|p1a: Umbreon|Wish|p1a: Umbreon
|
|-heal|p1a: Umbreon|53/100|[from] item: Leftovers
|-heal|p2a: dnd rogue|52/100 tox|[from] item: Leftovers
|-damage|p2a: dnd rogue|45/100 tox|[from] psn
|upkeep
|turn|17
|
|t:|1779958291
|move|p1a: Umbreon|Protect|p1a: Umbreon
|-singleturn|p1a: Umbreon|Protect
|move|p2a: dnd rogue|Thunder Wave|p1a: Umbreon
|-activate|p1a: Umbreon|move: Protect
|
|-heal|p1a: Umbreon|100/100|[from] move: Wish|[wisher] Umbreon
|-heal|p2a: dnd rogue|52/100 tox|[from] item: Leftovers
|-damage|p2a: dnd rogue|39/100 tox|[from] psn
|upkeep
|turn|18
|
|t:|1779958302
|move|p1a: Umbreon|Wish|p1a: Umbreon
|move|p2a: dnd rogue|Play Rough|p1a: Umbreon
|-supereffective|p1a: Umbreon
|-damage|p1a: Umbreon|48/100
|
|-heal|p1a: Umbreon|54/100|[from] item: Leftovers
|-heal|p2a: dnd rogue|45/100 tox|[from] item: Leftovers
|-damage|p2a: dnd rogue|27/100 tox|[from] psn
|upkeep
|turn|19
|
|t:|1779958313
|move|p2a: dnd rogue|Parting Shot|p1a: Umbreon
|-hint|Since gen 7, Dark is immune to Prankster moves.
|-immune|p1a: Umbreon
|move|p1a: Umbreon|Foul Play|p2a: dnd rogue
|-resisted|p2a: dnd rogue
|-damage|p2a: dnd rogue|15/100 tox
|
|-heal|p1a: Umbreon|100/100|[from] move: Wish|[wisher] Umbreon
|-heal|p2a: dnd rogue|21/100 tox|[from] item: Leftovers
|-damage|p2a: dnd rogue|0 fnt|[from] psn
|faint|p2a: dnd rogue
|upkeep
|
|t:|1779958325
|switch|p2a: Best boi|Hawlucha, F|64/100
|turn|20
|
|t:|1779958336
|-terastallize|p1a: Umbreon|Poison
|move|p2a: Best boi|Close Combat|p1a: Umbreon
|-resisted|p1a: Umbreon
|-damage|p1a: Umbreon|81/100
|-unboost|p2a: Best boi|def|1
|-unboost|p2a: Best boi|spd|1
|move|p1a: Umbreon|Wish|p1a: Umbreon
|
|-heal|p1a: Umbreon|87/100|[from] item: Leftovers
|upkeep
|turn|21
|
|t:|1779958352
|switch|p2a: WHY|Volcanion|62/100
|-damage|p2a: WHY|50/100|[from] Spikes
|move|p1a: Umbreon|Toxic|p2a: WHY
|-status|p2a: WHY|tox
|
|-heal|p1a: Umbreon|100/100|[from] move: Wish|[wisher] Umbreon
|-damage|p2a: WHY|44/100 tox|[from] psn
|upkeep
|turn|22
|
|t:|1779958364
|move|p2a: WHY|Earth Power|p1a: Umbreon
|-supereffective|p1a: Umbreon
|-damage|p1a: Umbreon|40/100
|move|p1a: Umbreon|Foul Play|p2a: WHY
|-damage|p2a: WHY|23/100 tox
|
|-heal|p1a: Umbreon|46/100|[from] item: Leftovers
|-damage|p2a: WHY|11/100 tox|[from] psn
|upkeep
|turn|23
|
|t:|1779958374
|move|p1a: Umbreon|Protect|p1a: Umbreon
|-singleturn|p1a: Umbreon|Protect
|move|p2a: WHY|Earth Power|p1a: Umbreon
|-activate|p1a: Umbreon|move: Protect
|
|-heal|p1a: Umbreon|52/100|[from] item: Leftovers
|-damage|p2a: WHY|0 fnt|[from] psn
|faint|p2a: WHY
|upkeep
|inactive|MrRodeo has 120 seconds left.
|
|t:|1779958387
|switch|p2a: Moneyyyyy|Gholdengo|100/100
|-item|p2a: Moneyyyyy|Air Balloon
|turn|24
|
|t:|1779958396
|move|p2a: Moneyyyyy|Shadow Ball|p1a: Umbreon
|-damage|p1a: Umbreon|27/100
|move|p1a: Umbreon|Wish|p1a: Umbreon
|
|-heal|p1a: Umbreon|33/100|[from] item: Leftovers
|upkeep
|turn|25
|
|t:|1779958404
|move|p1a: Umbreon|Protect|p1a: Umbreon
|-singleturn|p1a: Umbreon|Protect
|move|p2a: Moneyyyyy|Nasty Plot|p2a: Moneyyyyy
|-boost|p2a: Moneyyyyy|spa|2
|
|-heal|p1a: Umbreon|83/100|[from] move: Wish|[wisher] Umbreon
|-heal|p1a: Umbreon|89/100|[from] item: Leftovers
|upkeep
|turn|26
|
|t:|1779958414
|move|p2a: Moneyyyyy|Make It Rain|p1a: Umbreon
|-damage|p1a: Umbreon|13/100
|-unboost|p2a: Moneyyyyy|spa|1
|move|p1a: Umbreon|Foul Play|p2a: Moneyyyyy
|-supereffective|p2a: Moneyyyyy
|-damage|p2a: Moneyyyyy|64/100
|-enditem|p2a: Moneyyyyy|Air Balloon
|
|-heal|p1a: Umbreon|19/100|[from] item: Leftovers
|upkeep
|turn|27
|
|t:|1779958431
|switch|p1a: Glaceon|Glaceon, F, shiny|100/100
|move|p2a: Moneyyyyy|Shadow Ball|p1a: Glaceon
|-damage|p1a: Glaceon|29/100
|
|upkeep
|turn|28
|
|t:|1779958441
|move|p2a: Moneyyyyy|Make It Rain|p1a: Glaceon
|-supereffective|p1a: Glaceon
|-damage|p1a: Glaceon|0 fnt
|-unboost|p2a: Moneyyyyy|spa|1
|faint|p1a: Glaceon
|
|upkeep
|
|t:|1779958448
|switch|p1a: Sylveon|Sylveon, F, shiny|41/100
|turn|29
|
|t:|1779958453
|move|p2a: Moneyyyyy|Make It Rain|p1a: Sylveon
|-supereffective|p1a: Sylveon
|-damage|p1a: Sylveon|0 fnt
|-unboost|p2a: Moneyyyyy|spa|1
|faint|p1a: Sylveon
|
|upkeep
|
|t:|1779958459
|switch|p1a: Umbreon|Umbreon, M, shiny, tera:Poison|19/100
|turn|30
|
|t:|1779958465
|move|p2a: Moneyyyyy|Nasty Plot|p2a: Moneyyyyy
|-boost|p2a: Moneyyyyy|spa|2
|move|p1a: Umbreon|Foul Play|p2a: Moneyyyyy
|-supereffective|p2a: Moneyyyyy
|-damage|p2a: Moneyyyyy|31/100
|
|-heal|p1a: Umbreon|25/100|[from] item: Leftovers
|upkeep
|turn|31
|
|t:|1779958474
|move|p2a: Moneyyyyy|Recover|p2a: Moneyyyyy
|-heal|p2a: Moneyyyyy|81/100
|move|p1a: Umbreon|Foul Play|p2a: Moneyyyyy
|-supereffective|p2a: Moneyyyyy
|-damage|p2a: Moneyyyyy|43/100
|
|-heal|p1a: Umbreon|31/100|[from] item: Leftovers
|upkeep
|turn|32
|
|t:|1779958483
|move|p2a: Moneyyyyy|Shadow Ball|p1a: Umbreon
|-damage|p1a: Umbreon|0 fnt
|faint|p1a: Umbreon
|
|win|MrRodeo
|raw|shiro0101010101's rating: 1083 &rarr; <strong>1064</strong><br />(-19 for losing)
|raw|MrRodeo's rating: 1137 &rarr; <strong>1158</strong><br />(+21 for winning)
|l|☆shiro0101010101
|player|p1|
|l|☆MrRodeo
|player|p2|
