|j|☆xxxduqi
|j|☆bunweh's ass
|t:|1779856687
|gametype|singles
|player|p1|xxxduqi|miku-flying|1523
|player|p2|bunweh's ass|169|1559
|gen|9
|tier|[Gen 9] OU
|rated|
|rule|HP Percentage Mod: HP is shown in percentages
|rule|Endless Battle Clause: Forcing endless battles is banned
|rule|Species Clause: Limit one of each Pokémon
|rule|OHKO Clause: OHKO moves are banned
|rule|Evasion Items Clause: Evasion items are banned
|rule|Evasion Moves Clause: Evasion moves are banned
|rule|Evasion Abilities Clause: Evasion abilities are banned
|rule|Sleep Moves Clause: Sleep-inducing moves are banned
|clearpoke
|poke|p1|Zapdos-Galar|
|poke|p1|Blissey, F|
|poke|p1|Darkrai|
|poke|p1|Gliscor, F|
|poke|p1|Skarmory, M|
|poke|p1|Pecharunt|
|poke|p2|Meowscarada, F|
|poke|p2|Kingambit, M|
|poke|p2|Ogerpon-Wellspring, F|
|poke|p2|Pelipper, M|
|poke|p2|Barraskewda, M|
|poke|p2|Iron Valiant|
|teampreview
|inactive|Battle timer is ON: inactive players will automatically lose when time's up. (requested by xxxduqi)
|j| winnie2
|
|t:|1779856695
|teamsize|p1|6
|teamsize|p2|6
|start
|switch|p1a: Zapdos|Zapdos-Galar|100/100
|switch|p2a: Meowscarada|Meowscarada, F|100/100
|turn|1
|
|t:|1779856703
|switch|p1a: Skarmory|Skarmory, M|100/100
|move|p2a: Meowscarada|Triple Axel|p1a: Skarmory|[miss]
|-start|p2a: Meowscarada|typechange|Ice|[from] ability: Protean
|-miss|p2a: Meowscarada|p1a: Skarmory
|
|upkeep
|turn|2
|
|t:|1779856711
|switch|p2a: Pelipper|Pelipper, M|100/100
|-weather|RainDance|[from] ability: Drizzle|[of] p2a: Pelipper
|move|p1a: Skarmory|Spikes|p2a: Pelipper
|-sidestart|p2: bunweh's ass|Spikes
|
|-weather|RainDance|[upkeep]
|upkeep
|turn|3
|
|t:|1779856716
|move|p2a: Pelipper|Knock Off|p1a: Skarmory
|-damage|p1a: Skarmory|92/100
|-damage|p2a: Pelipper|84/100|[from] item: Rocky Helmet|[of] p1a: Skarmory
|-enditem|p1a: Skarmory|Rocky Helmet|[from] move: Knock Off|[of] p2a: Pelipper
|move|p1a: Skarmory|Whirlwind|p2a: Pelipper
|drag|p2a: Kingambit|Kingambit, M|100/100
|-damage|p2a: Kingambit|88/100|[from] Spikes
|
|-weather|RainDance|[upkeep]
|upkeep
|turn|4
|
|t:|1779856732
|-end|p2a: Kingambit|fallenundefined|[silent]
|switch|p2a: Barraskewda|Barraskewda, M|100/100
|-damage|p2a: Barraskewda|88/100|[from] Spikes
|move|p1a: Skarmory|Body Press|p2a: Barraskewda
|-damage|p2a: Barraskewda|24/100
|
|-weather|RainDance|[upkeep]
|upkeep
|turn|5
|
|t:|1779856738
|move|p2a: Barraskewda|Liquidation|p1a: Skarmory
|-damage|p1a: Skarmory|33/100
|-damage|p2a: Barraskewda|14/100|[from] item: Life Orb
|move|p1a: Skarmory|Roost|p1a: Skarmory
|-heal|p1a: Skarmory|83/100
|-singleturn|p1a: Skarmory|move: Roost
|
|-weather|RainDance|[upkeep]
|upkeep
|turn|6
|
|t:|1779856756
|switch|p2a: Ogerpon|Ogerpon-Wellspring, F|100/100
|-damage|p2a: Ogerpon|88/100|[from] Spikes
|move|p1a: Skarmory|Roost|p1a: Skarmory
|-heal|p1a: Skarmory|100/100
|-singleturn|p1a: Skarmory|move: Roost
|
|-weather|RainDance|[upkeep]
|upkeep
|turn|7
|
|t:|1779856764
|-terastallize|p1a: Skarmory|Dragon
|move|p2a: Ogerpon|Ivy Cudgel|p1a: Skarmory|[anim] Ivy Cudgel Water
|-resisted|p1a: Skarmory
|-damage|p1a: Skarmory|70/100
|move|p1a: Skarmory|Whirlwind|p2a: Ogerpon
|drag|p2a: Pelipper|Pelipper, M|84/100
|
|-weather|RainDance|[upkeep]
|upkeep
|turn|8
|
|t:|1779856772
|move|p1a: Skarmory|Roost|p1a: Skarmory
|-heal|p1a: Skarmory|100/100
|move|p2a: Pelipper|Hurricane|p1a: Skarmory
|-damage|p1a: Skarmory|53/100
|-start|p1a: Skarmory|confusion
|
|-weather|RainDance|[upkeep]
|upkeep
|turn|9
|
|t:|1779856779
|switch|p1a: Blissey|Blissey, F|100/100
|move|p2a: Pelipper|Hurricane|p1a: Blissey
|-damage|p1a: Blissey|89/100
|-start|p1a: Blissey|confusion
|
|-weather|none
|upkeep
|turn|10
|
|t:|1779856783
|move|p2a: Pelipper|U-turn|p1a: Blissey
|-damage|p1a: Blissey|80/100
|
|t:|1779856786
|switch|p2a: Meowscarada|Meowscarada, F|100/100|[from] U-turn
|-damage|p2a: Meowscarada|88/100|[from] Spikes
|-activate|p1a: Blissey|confusion
|move|p1a: Blissey|Stealth Rock|p2a: Meowscarada
|-sidestart|p2: bunweh's ass|move: Stealth Rock
|
|upkeep
|turn|11
|
|t:|1779856798
|switch|p1a: Pecharunt|Pecharunt|100/100
|-item|p1a: Pecharunt|Air Balloon
|move|p2a: Meowscarada|Triple Axel|p1a: Pecharunt
|-start|p2a: Meowscarada|typechange|Ice|[from] ability: Protean
|-damage|p1a: Pecharunt|92/100
|-enditem|p1a: Pecharunt|Air Balloon
|-hitcount|p1a: Pecharunt|1
|
|upkeep
|turn|12
|
|t:|1779856812
|move|p2a: Meowscarada|Triple Axel|p1a: Pecharunt
|-damage|p1a: Pecharunt|82/100
|-damage|p1a: Pecharunt|67/100
|-hitcount|p1a: Pecharunt|2
|move|p1a: Pecharunt|Parting Shot|p2a: Meowscarada
|-unboost|p2a: Meowscarada|atk|1
|-unboost|p2a: Meowscarada|spa|1
|
|t:|1779856821
|switch|p1a: Blissey|Blissey, F|80/100|[from] Parting Shot
|
|upkeep
|turn|13
|
|t:|1779856826
|switch|p2a: Pelipper|Pelipper, M|84/100
|-damage|p2a: Pelipper|59/100|[from] Stealth Rock
|-weather|RainDance|[from] ability: Drizzle|[of] p2a: Pelipper
|move|p1a: Blissey|Thunder Wave|p2a: Pelipper
|-status|p2a: Pelipper|par
|
|-weather|RainDance|[upkeep]
|upkeep
|turn|14
|
|t:|1779856833
|move|p1a: Blissey|Soft-Boiled|p1a: Blissey
|-heal|p1a: Blissey|100/100
|move|p2a: Pelipper|U-turn|p1a: Blissey
|-damage|p1a: Blissey|90/100
|
|t:|1779856838
|switch|p2a: Ogerpon|Ogerpon-Wellspring, F|88/100|[from] U-turn
|-damage|p2a: Ogerpon|76/100|[from] Spikes
|-damage|p2a: Ogerpon|64/100|[from] Stealth Rock
|
|-weather|RainDance|[upkeep]
|upkeep
|turn|15
|
|t:|1779856843
|move|p2a: Ogerpon|Ivy Cudgel|p1a: Blissey|[anim] Ivy Cudgel Water
|-damage|p1a: Blissey|0 fnt
|faint|p1a: Blissey
|
|-weather|RainDance|[upkeep]
|upkeep
|
|t:|1779856847
|switch|p1a: Darkrai|Darkrai|100/100
|turn|16
|l| winnie2
|
|t:|1779856855
|-terastallize|p2a: Ogerpon|Water
|detailschange|p2a: Ogerpon|Ogerpon-Wellspring-Tera, F, tera:Water
|-ability|p2a: Ogerpon|Embody Aspect (Wellspring)|boost
|-boost|p2a: Ogerpon|spd|1
|move|p1a: Darkrai|Will-O-Wisp|p2a: Ogerpon
|-status|p2a: Ogerpon|brn
|move|p2a: Ogerpon|Trailblaze|p1a: Darkrai
|-damage|p1a: Darkrai|79/100
|-boost|p2a: Ogerpon|spe|1
|
|-weather|RainDance|[upkeep]
|-damage|p2a: Ogerpon|58/100 brn|[from] brn
|upkeep
|turn|17
|
|t:|1779856865
|move|p2a: Ogerpon|Play Rough|p1a: Darkrai
|-supereffective|p1a: Darkrai
|-damage|p1a: Darkrai|29/100
|move|p1a: Darkrai|Dark Pulse|p2a: Ogerpon
|-damage|p2a: Ogerpon|28/100 brn
|
|-weather|RainDance|[upkeep]
|-damage|p2a: Ogerpon|22/100 brn|[from] brn
|upkeep
|turn|18
|j| Supervisor
|
|t:|1779856873
|switch|p1a: Gliscor|Gliscor, F|100/100
|move|p2a: Ogerpon|Ivy Cudgel|p1a: Gliscor|[anim] Ivy Cudgel Water
|-supereffective|p1a: Gliscor
|-damage|p1a: Gliscor|0 fnt
|faint|p1a: Gliscor
|
|-weather|RainDance|[upkeep]
|-damage|p2a: Ogerpon|16/100 brn|[from] brn
|upkeep
|
|t:|1779856876
|switch|p1a: Darkrai|Darkrai|29/100
|turn|19
|
|t:|1779856885
|move|p2a: Ogerpon|Ivy Cudgel|p1a: Darkrai|[anim] Ivy Cudgel Water
|-damage|p1a: Darkrai|0 fnt
|faint|p1a: Darkrai
|
|-weather|RainDance|[upkeep]
|-damage|p2a: Ogerpon|10/100 brn|[from] brn
|upkeep
|
|t:|1779856889
|switch|p1a: Pecharunt|Pecharunt|67/100
|turn|20
|
|t:|1779856892
|move|p2a: Ogerpon|Ivy Cudgel|p1a: Pecharunt|[anim] Ivy Cudgel Water
|-damage|p1a: Pecharunt|28/100
|move|p1a: Pecharunt|Recover|p1a: Pecharunt
|-heal|p1a: Pecharunt|78/100
|
|-weather|none
|-damage|p2a: Ogerpon|4/100 brn|[from] brn
|upkeep
|turn|21
|
|t:|1779856911
|move|p2a: Ogerpon|Ivy Cudgel|p1a: Pecharunt|[anim] Ivy Cudgel Water
|-crit|p1a: Pecharunt
|-damage|p1a: Pecharunt|40/100
|move|p1a: Pecharunt|Recover|p1a: Pecharunt
|-heal|p1a: Pecharunt|90/100
|
|-damage|p2a: Ogerpon|0 fnt|[from] brn
|faint|p2a: Ogerpon
|detailschange|p2: Ogerpon|Ogerpon-Wellspring, F|[silent]
|upkeep
|
|t:|1779856923
|switch|p2a: Barraskewda|Barraskewda, M|14/100
|-damage|p2a: Barraskewda|2/100|[from] Spikes
|-damage|p2a: Barraskewda|0 fnt|[from] Stealth Rock
|faint|p2a: Barraskewda
|
|t:|1779856929
|switch|p2a: Pelipper|Pelipper, M|59/100 par
|-damage|p2a: Pelipper|35/100 par|[from] Stealth Rock
|-weather|RainDance|[from] ability: Drizzle|[of] p2a: Pelipper
|turn|22
|
|t:|1779856932
|move|p1a: Pecharunt|Malignant Chain|p2a: Pelipper
|-damage|p2a: Pelipper|0 fnt
|faint|p2a: Pelipper
|
|-weather|RainDance|[upkeep]
|upkeep
|
|t:|1779856941
|switch|p2a: Meowscarada|Meowscarada, F|88/100
|-damage|p2a: Meowscarada|76/100|[from] Spikes
|-damage|p2a: Meowscarada|64/100|[from] Stealth Rock
|turn|23
|
|t:|1779856955
|switch|p1a: Zapdos|Zapdos-Galar|100/100
|move|p2a: Meowscarada|Triple Axel|p1a: Zapdos
|-start|p2a: Meowscarada|typechange|Ice|[from] ability: Protean
|-supereffective|p1a: Zapdos
|-damage|p1a: Zapdos|66/100
|-supereffective|p1a: Zapdos
|-damage|p1a: Zapdos|6/100
|-supereffective|p1a: Zapdos
|-damage|p1a: Zapdos|0 fnt
|faint|p1a: Zapdos
|-hitcount|p1: Zapdos|3
|
|-weather|RainDance|[upkeep]
|upkeep
|
|t:|1779856963
|switch|p1a: Pecharunt|Pecharunt|90/100
|turn|24
|
|t:|1779856973
|move|p2a: Meowscarada|Triple Axel|p1a: Pecharunt
|-damage|p1a: Pecharunt|82/100
|-damage|p1a: Pecharunt|65/100
|-crit|p1a: Pecharunt
|-damage|p1a: Pecharunt|28/100
|-hitcount|p1a: Pecharunt|3
|move|p1a: Pecharunt|Parting Shot|p2a: Meowscarada
|-unboost|p2a: Meowscarada|atk|1
|-unboost|p2a: Meowscarada|spa|1
|
|t:|1779856977
|switch|p1a: Skarmory|Skarmory, M, tera:Dragon|53/100|[from] Parting Shot
|
|-weather|RainDance|[upkeep]
|upkeep
|turn|25
|
|t:|1779856981
|switch|p1a: Pecharunt|Pecharunt|28/100
|move|p2a: Meowscarada|Triple Axel|p1a: Pecharunt
|-damage|p1a: Pecharunt|22/100
|-damage|p1a: Pecharunt|11/100
|-damage|p1a: Pecharunt|0 fnt
|faint|p1a: Pecharunt
|-hitcount|p1: Pecharunt|3
|
|-weather|RainDance|[upkeep]
|upkeep
|
|t:|1779856985
|switch|p1a: Skarmory|Skarmory, M, tera:Dragon|53/100
|turn|26
|
|t:|1779856988
|move|p2a: Meowscarada|Triple Axel|p1a: Skarmory
|-supereffective|p1a: Skarmory
|-damage|p1a: Skarmory|41/100
|-supereffective|p1a: Skarmory
|-damage|p1a: Skarmory|16/100
|-supereffective|p1a: Skarmory
|-damage|p1a: Skarmory|0 fnt
|faint|p1a: Skarmory
|-hitcount|p1: Skarmory|3
|
|win|bunweh's ass
|raw|xxxduqi's rating: 1523 &rarr; <strong>1505</strong><br />(-18 for losing)
|raw|bunweh&apos;s ass's rating: 1559 &rarr; <strong>1577</strong><br />(+18 for winning)
|c|☆bunweh's ass|gg
|l|☆xxxduqi
|player|p1|
|l|☆bunweh's ass
|player|p2|
|l| Supervisor
