|j|☆rujjtrainer
|j|‽hugo93110
|t:|1779866519
|gametype|singles
|player|p1|rujjtrainer|winona|1355
|player|p2|hugo93110|colress|1327
|gen|9
|tier|[Gen 9] OU
|rated|
|rule|HP Percentage Mod: HP is shown in percentages
|rule|Endless Battle Clause: Forcing endless battles is banned
|rule|Species Clause: Limit one of each Pokémon
|rule|OHKO Clause: OHKO moves are banned
|rule|Evasion Items Clause: Evasion items are banned
|rule|Evasion Moves Clause: Evasion moves are banned
|rule|Evasion Abilities Clause: Evasion abilities are banned
|rule|Sleep Moves Clause: Sleep-inducing moves are banned
|clearpoke
|poke|p1|Sinistcha-Masterpiece|
|poke|p1|Gastrodon, F|
|poke|p1|Braviary, M|
|poke|p1|Lucario, M|
|poke|p1|Ceruledge, M|
|poke|p1|Hydreigon, M|
|poke|p2|Glimmora, F|
|poke|p2|Kingambit, F|
|poke|p2|Darkrai|
|poke|p2|Zamazenta-*|
|poke|p2|Dragonite, M|
|poke|p2|Iron Valiant|
|teampreview
|inactive|Battle timer is ON: inactive players will automatically lose when time's up. (requested by hugo93110)
|inactive|rujjtrainer has 120 seconds left.
|
|t:|1779866590
|teamsize|p1|6
|teamsize|p2|6
|start
|switch|p1a: Sinistcha|Sinistcha-Masterpiece|100/100
|switch|p2a: Glimmora|Glimmora, F, shiny|100/100
|turn|1
|
|t:|1779866598
|move|p2a: Glimmora|Stealth Rock|p1a: Sinistcha
|-sidestart|p1: rujjtrainer|move: Stealth Rock
|move|p1a: Sinistcha|Scald|p2a: Glimmora
|-supereffective|p2a: Glimmora
|-damage|p2a: Glimmora|37/100
|
|upkeep
|turn|2
|
|t:|1779866605
|move|p2a: Glimmora|Mortal Spin|p1a: Sinistcha
|-damage|p1a: Sinistcha|95/100
|-status|p1a: Sinistcha|psn
|move|p1a: Sinistcha|Shadow Ball|p2a: Glimmora
|-damage|p2a: Glimmora|0 fnt
|faint|p2a: Glimmora
|
|-damage|p1a: Sinistcha|82/100 psn|[from] psn
|upkeep
|
|t:|1779866620
|switch|p2a: Darkrai|Darkrai|100/100
|turn|3
|
|t:|1779866630
|move|p2a: Darkrai|Ice Beam|p1a: Sinistcha
|-supereffective|p1a: Sinistcha
|-damage|p1a: Sinistcha|21/100 psn
|move|p1a: Sinistcha|Matcha Gotcha|p2a: Darkrai|[miss]
|-miss|p1a: Sinistcha|p2a: Darkrai
|
|-damage|p1a: Sinistcha|8/100 psn|[from] psn
|upkeep
|turn|4
|
|t:|1779866638
|move|p2a: Darkrai|Ice Beam|p1a: Sinistcha
|-supereffective|p1a: Sinistcha
|-damage|p1a: Sinistcha|0 fnt
|faint|p1a: Sinistcha
|
|upkeep
|
|t:|1779866643
|switch|p1a: Hydreigon|Hydreigon, M|100/100
|-damage|p1a: Hydreigon|88/100|[from] Stealth Rock
|turn|5
|
|t:|1779866649
|move|p2a: Darkrai|Ice Beam|p1a: Hydreigon
|-supereffective|p1a: Hydreigon
|-damage|p1a: Hydreigon|16/100
|move|p1a: Hydreigon|Draco Meteor|p2a: Darkrai|[miss]
|-miss|p1a: Hydreigon|p2a: Darkrai
|
|upkeep
|turn|6
|
|t:|1779866656
|move|p2a: Darkrai|Ice Beam|p1a: Hydreigon
|-supereffective|p1a: Hydreigon
|-damage|p1a: Hydreigon|0 fnt
|faint|p1a: Hydreigon
|
|upkeep
|
|t:|1779866666
|switch|p1a: Lucario|Lucario, M|100/100
|-damage|p1a: Lucario|98/100|[from] Stealth Rock
|turn|7
|
|t:|1779866674
|switch|p2a: Zamazenta|Zamazenta|100/100
|-ability|p2a: Zamazenta|Dauntless Shield|boost
|-boost|p2a: Zamazenta|def|1
|move|p1a: Lucario|Aura Sphere|p2a: Zamazenta
|-damage|p2a: Zamazenta|60/100
|-damage|p1a: Lucario|88/100|[from] item: Life Orb
|
|-heal|p2a: Zamazenta|66/100|[from] item: Leftovers
|upkeep
|turn|8
|
|t:|1779866685
|move|p2a: Zamazenta|Iron Defense|p2a: Zamazenta
|-boost|p2a: Zamazenta|def|2
|move|p1a: Lucario|Flash Cannon|p2a: Zamazenta
|-damage|p2a: Zamazenta|26/100
|-damage|p1a: Lucario|78/100|[from] item: Life Orb
|
|-heal|p2a: Zamazenta|32/100|[from] item: Leftovers
|upkeep
|turn|9
|
|t:|1779866693
|-terastallize|p1a: Lucario|Fairy
|move|p2a: Zamazenta|Body Press|p1a: Lucario
|-resisted|p1a: Lucario
|-damage|p1a: Lucario|12/100
|move|p1a: Lucario|Flash Cannon|p2a: Zamazenta
|-damage|p2a: Zamazenta|0 fnt
|faint|p2a: Zamazenta
|-damage|p1a: Lucario|2/100|[from] item: Life Orb
|
|upkeep
|
|t:|1779866703
|switch|p2a: Dragonite|Dragonite, M, shiny|100/100
|turn|10
|
|t:|1779866706
|move|p1a: Lucario|Flash Cannon|p2a: Dragonite
|-damage|p2a: Dragonite|75/100
|-damage|p1a: Lucario|0 fnt|[from] item: Life Orb
|faint|p1a: Lucario
|move|p2a: Dragonite|Dragon Dance|p2a: Dragonite
|-boost|p2a: Dragonite|atk|1
|-boost|p2a: Dragonite|spe|1
|
|upkeep
|
|t:|1779866714
|switch|p1a: Gastrodon|Gastrodon, F|100/100
|-damage|p1a: Gastrodon|94/100|[from] Stealth Rock
|turn|11
|
|t:|1779866726
|move|p2a: Dragonite|Dragon Dance|p2a: Dragonite
|-boost|p2a: Dragonite|atk|1
|-boost|p2a: Dragonite|spe|1
|move|p1a: Gastrodon|Ice Beam|p2a: Dragonite
|-supereffective|p2a: Dragonite
|-damage|p2a: Dragonite|0 fnt
|faint|p2a: Dragonite
|
|upkeep
|
|t:|1779866742
|switch|p2a: Kingambit|Kingambit, F, shiny|100/100
|-activate|p2a: Kingambit|ability: Supreme Overlord
|-start|p2a: Kingambit|fallen3|[silent]
|turn|12
|
|t:|1779866749
|move|p2a: Kingambit|Swords Dance|p2a: Kingambit
|-boost|p2a: Kingambit|atk|2
|move|p1a: Gastrodon|Earth Power|p2a: Kingambit
|-supereffective|p2a: Kingambit
|-damage|p2a: Kingambit|0 fnt
|faint|p2a: Kingambit
|-end|p2a: Kingambit|fallen3|[silent]
|
|upkeep
|
|t:|1779866756
|switch|p2a: Darkrai|Darkrai|100/100
|turn|13
|
|t:|1779866760
|move|p2a: Darkrai|Dark Pulse|p1a: Gastrodon
|-damage|p1a: Gastrodon|63/100
|move|p1a: Gastrodon|Earth Power|p2a: Darkrai
|-crit|p2a: Darkrai
|-damage|p2a: Darkrai|19/100
|
|upkeep
|turn|14
|
|t:|1779866767
|move|p2a: Darkrai|Dark Pulse|p1a: Gastrodon
|-damage|p1a: Gastrodon|31/100
|move|p1a: Gastrodon|Surf|p2a: Darkrai
|-damage|p2a: Darkrai|0 fnt
|faint|p2a: Darkrai
|
|upkeep
|
|t:|1779866773
|switch|p2a: Iron Valiant|Iron Valiant|100/100
|-enditem|p2a: Iron Valiant|Booster Energy
|-activate|p2a: Iron Valiant|ability: Quark Drive|[fromitem]
|-start|p2a: Iron Valiant|quarkdrivespe
|turn|15
|
|t:|1779866778
|move|p2a: Iron Valiant|Calm Mind|p2a: Iron Valiant
|-boost|p2a: Iron Valiant|spa|1
|-boost|p2a: Iron Valiant|spd|1
|move|p1a: Gastrodon|Sludge Wave|p2a: Iron Valiant
|-supereffective|p2a: Iron Valiant
|-damage|p2a: Iron Valiant|34/100
|
|upkeep
|turn|16
|
|t:|1779866785
|move|p2a: Iron Valiant|Vacuum Wave|p1a: Gastrodon
|-damage|p1a: Gastrodon|12/100
|move|p1a: Gastrodon|Sludge Wave|p2a: Iron Valiant
|-supereffective|p2a: Iron Valiant
|-damage|p2a: Iron Valiant|0 fnt
|faint|p2a: Iron Valiant
|-end|p2a: Iron Valiant|Quark Drive|[silent]
|
|win|rujjtrainer
|raw|rujjtrainer's rating: 1355 &rarr; <strong>1373</strong><br />(+18 for winning)
|raw|hugo93110's rating: 1327 &rarr; <strong>1309</strong><br />(-18 for losing)
|l|‽hugo93110
|player|p2|
|l|☆rujjtrainer
|player|p1|
