|j|☆TumitirangEngineer
|j|☆4uu33ub3br
|t:|1779960495
|gametype|singles
|player|p1|TumitirangEngineer|pokemaniac|1194
|player|p2|4uu33ub3br|1|1212
|gen|9
|tier|[Gen 9] OU
|rated|
|rule|HP Percentage Mod: HP is shown in percentages
|rule|Endless Battle Clause: Forcing endless battles is banned
|rule|Species Clause: Limit one of each Pokémon
|rule|OHKO Clause: OHKO moves are banned
|rule|Evasion Items Clause: Evasion items are banned
|rule|Evasion Moves Clause: Evasion moves are banned
|rule|Evasion Abilities Clause: Evasion abilities are banned
|rule|Sleep Moves Clause: Sleep-inducing moves are banned
|clearpoke
|poke|p1|Pawmot, F|
|poke|p1|Ogerpon-Wellspring, F|
|poke|p1|Dragonite, M|
|poke|p1|Pecharunt|
|poke|p1|Ambipom, M|
|poke|p1|Blaziken, F|
|poke|p2|Ditto|
|poke|p2|Clefable, F|
|poke|p2|Toxapex, F|
|poke|p2|Garganacl, F|
|poke|p2|Mew|
|poke|p2|Rotom-Wash|
|teampreview
|inactive|Battle timer is ON: inactive players will automatically lose when time's up. (requested by 4uu33ub3br)
|
|t:|1779960512
|teamsize|p1|6
|teamsize|p2|6
|start
|switch|p1a: Child Predator|Ambipom, M|100/100
|switch|p2a: Rotom|Rotom-Wash|100/100
|turn|1
|
|t:|1779960526
|move|p1a: Child Predator|Fake Out|p2a: Rotom
|-damage|p2a: Rotom|71/100
|cant|p2a: Rotom|flinch
|
|upkeep
|turn|2
|
|t:|1779960533
|move|p1a: Child Predator|Knock Off|p2a: Rotom
|-damage|p2a: Rotom|38/100
|-enditem|p2a: Rotom|Choice Scarf|[from] move: Knock Off|[of] p1a: Child Predator
|move|p2a: Rotom|Will-O-Wisp|p1a: Child Predator
|-status|p1a: Child Predator|brn
|
|-damage|p1a: Child Predator|94/100 brn|[from] brn
|upkeep
|turn|3
|
|t:|1779960541
|move|p1a: Child Predator|U-turn|p2a: Rotom
|-damage|p2a: Rotom|28/100
|
|t:|1779960544
|switch|p1a: NlGGA|Ogerpon-Wellspring, F|100/100|[from] U-turn
|move|p2a: Rotom|Volt Switch|p1a: NlGGA
|-damage|p1a: NlGGA|73/100
|
|t:|1779960550
|switch|p2a: Toxapex|Toxapex, F|100/100|[from] Volt Switch
|
|upkeep
|turn|4
|
|t:|1779960563
|move|p1a: NlGGA|Swords Dance|p1a: NlGGA
|-boost|p1a: NlGGA|atk|2
|move|p2a: Toxapex|Toxic|p1a: NlGGA
|-status|p1a: NlGGA|tox
|
|-damage|p1a: NlGGA|67/100 tox|[from] psn
|upkeep
|turn|5
|
|t:|1779960570
|move|p1a: NlGGA|Swords Dance|p1a: NlGGA
|-boost|p1a: NlGGA|atk|2
|move|p2a: Toxapex|Haze|p2a: Toxapex
|-clearallboost
|
|-damage|p1a: NlGGA|55/100 tox|[from] psn
|upkeep
|turn|6
|
|t:|1779960581
|switch|p2a: Mew|Mew|100/100
|move|p1a: NlGGA|Power Whip|p2a: Mew
|-damage|p2a: Mew|56/100
|
|-damage|p1a: NlGGA|37/100 tox|[from] psn
|upkeep
|turn|7
|
|t:|1779960590
|move|p2a: Mew|Stealth Rock|p1a: NlGGA
|-sidestart|p1: TumitirangEngineer|move: Stealth Rock
|move|p1a: NlGGA|Ivy Cudgel|p2a: Mew|[anim] Ivy Cudgel Water
|-damage|p2a: Mew|13/100
|
|-damage|p1a: NlGGA|13/100 tox|[from] psn
|upkeep
|turn|8
|
|t:|1779960599
|switch|p2a: Toxapex|Toxapex, F|100/100
|move|p1a: NlGGA|Ivy Cudgel|p2a: Toxapex|[anim] Ivy Cudgel Water
|-resisted|p2a: Toxapex
|-damage|p2a: Toxapex|82/100
|
|-heal|p2a: Toxapex|88/100|[from] item: Black Sludge
|-damage|p1a: NlGGA|0 fnt|[from] psn
|faint|p1a: NlGGA
|upkeep
|
|t:|1779960605
|switch|p1a: Pikajew|Pawmot, F|100/100
|-damage|p1a: Pikajew|94/100|[from] Stealth Rock
|turn|9
|
|t:|1779960611
|move|p1a: Pikajew|Double Shock|p2a: Toxapex
|-supereffective|p2a: Toxapex
|-damage|p2a: Toxapex|17/100
|-start|p1a: Pikajew|typechange|???/Fighting|[from] move: Double Shock
|move|p2a: Toxapex|Toxic|p1a: Pikajew
|-status|p1a: Pikajew|tox
|
|-heal|p2a: Toxapex|23/100|[from] item: Black Sludge
|-damage|p1a: Pikajew|88/100 tox|[from] psn
|upkeep
|turn|10
|
|t:|1779960618
|switch|p2a: Ditto|Ditto|100/100
|-transform|p2a: Ditto|p1a: Pikajew|[from] ability: Imposter
|move|p1a: Pikajew|Revival Blessing|p1a: Pikajew
|-enditem|p1a: Pikajew|Leppa Berry|[eat]
|-activate|p1a: Pikajew|item: Leppa Berry|Revival Blessing|[consumed]
|
|t:|1779960625
|-heal|p1: NlGGA|50/100|[from] move: Revival Blessing
|
|-damage|p1a: Pikajew|76/100 tox|[from] psn
|upkeep
|turn|11
|
|t:|1779960638
|switch|p2a: Toxapex|Toxapex, F|56/100
|switch|p1a: Mansangas|Pecharunt|100/100
|
|-heal|p2a: Toxapex|62/100|[from] item: Black Sludge
|upkeep
|turn|12
|
|t:|1779960649
|switch|p1a: Scramble Tomboy|Dragonite, M|100/100
|switch|p2a: Rotom|Rotom-Wash|28/100
|
|upkeep
|turn|13
|
|t:|1779960656
|move|p1a: Scramble Tomboy|Extreme Speed|p2a: Rotom
|-damage|p2a: Rotom|0 fnt
|faint|p2a: Rotom
|
|upkeep
|
|t:|1779960659
|switch|p2a: Toxapex|Toxapex, F|96/100
|turn|14
|
|t:|1779960662
|move|p1a: Scramble Tomboy|Earthquake|p2a: Toxapex
|-supereffective|p2a: Toxapex
|-damage|p2a: Toxapex|49/100
|move|p2a: Toxapex|Toxic|p1a: Scramble Tomboy
|-status|p1a: Scramble Tomboy|tox
|
|-heal|p2a: Toxapex|55/100|[from] item: Black Sludge
|-damage|p1a: Scramble Tomboy|94/100 tox|[from] psn
|upkeep
|turn|15
|
|t:|1779960671
|move|p1a: Scramble Tomboy|Earthquake|p2a: Toxapex
|-supereffective|p2a: Toxapex
|-damage|p2a: Toxapex|8/100
|move|p2a: Toxapex|Recover|p2a: Toxapex
|-heal|p2a: Toxapex|58/100
|
|-heal|p2a: Toxapex|64/100|[from] item: Black Sludge
|-damage|p1a: Scramble Tomboy|82/100 tox|[from] psn
|upkeep
|turn|16
|
|t:|1779960680
|switch|p1a: Pikajew|Pawmot, F|76/100 tox
|-damage|p1a: Pikajew|70/100 tox|[from] Stealth Rock
|move|p2a: Toxapex|Recover|p2a: Toxapex
|-heal|p2a: Toxapex|100/100
|
|-damage|p1a: Pikajew|64/100 tox|[from] psn
|upkeep
|turn|17
|
|t:|1779960682
|move|p1a: Pikajew|Double Shock|p2a: Toxapex
|-supereffective|p2a: Toxapex
|-damage|p2a: Toxapex|35/100
|-start|p1a: Pikajew|typechange|???/Fighting|[from] move: Double Shock
|move|p2a: Toxapex|Liquidation|p1a: Pikajew
|-damage|p1a: Pikajew|33/100 tox
|
|-heal|p2a: Toxapex|41/100|[from] item: Black Sludge
|-damage|p1a: Pikajew|21/100 tox|[from] psn
|upkeep
|turn|18
|
|t:|1779960695
|switch|p1a: Scramble Tomboy|Dragonite, M|82/100 tox
|switch|p2a: Garganacl|Garganacl, F|100/100
|
|-damage|p1a: Scramble Tomboy|76/100 tox|[from] psn
|upkeep
|turn|19
|
|t:|1779960700
|move|p1a: Scramble Tomboy|Earthquake|p2a: Garganacl
|-supereffective|p2a: Garganacl
|-damage|p2a: Garganacl|49/100
|move|p2a: Garganacl|Salt Cure|p1a: Scramble Tomboy
|-supereffective|p1a: Scramble Tomboy
|-damage|p1a: Scramble Tomboy|48/100 tox
|-start|p1a: Scramble Tomboy|Salt Cure
|
|-heal|p2a: Garganacl|55/100|[from] item: Leftovers
|-damage|p1a: Scramble Tomboy|35/100 tox|[from] psn
|-damage|p1a: Scramble Tomboy|23/100 tox|[from] Salt Cure
|upkeep
|turn|20
|
|t:|1779960710
|move|p1a: Scramble Tomboy|Low Kick|p2a: Garganacl
|-supereffective|p2a: Garganacl
|-damage|p2a: Garganacl|0 fnt
|faint|p2a: Garganacl
|
|-damage|p1a: Scramble Tomboy|5/100 tox|[from] psn
|-damage|p1a: Scramble Tomboy|0 fnt|[from] Salt Cure
|faint|p1a: Scramble Tomboy
|upkeep
|
|t:|1779960714
|switch|p1a: Pikajew|Pawmot, F|21/100 tox
|switch|p2a: Toxapex|Toxapex, F|74/100
|-damage|p1a: Pikajew|15/100 tox|[from] Stealth Rock
|turn|21
|
|t:|1779960719
|move|p1a: Pikajew|Revival Blessing|p1a: Pikajew
|
|t:|1779960721
|-heal|p1: Scramble Tomboy|50/100|[from] move: Revival Blessing
|move|p2a: Toxapex|Recover|p2a: Toxapex
|-heal|p2a: Toxapex|100/100
|
|-damage|p1a: Pikajew|9/100 tox|[from] psn
|upkeep
|turn|22
|
|t:|1779960728
|move|p1a: Pikajew|Double Shock|p2a: Toxapex
|-supereffective|p2a: Toxapex
|-damage|p2a: Toxapex|37/100
|-start|p1a: Pikajew|typechange|???/Fighting|[from] move: Double Shock
|move|p2a: Toxapex|Liquidation|p1a: Pikajew
|-damage|p1a: Pikajew|0 fnt
|faint|p1a: Pikajew
|
|-heal|p2a: Toxapex|43/100|[from] item: Black Sludge
|upkeep
|
|t:|1779960731
|switch|p1a: Scramble Tomboy|Dragonite, M|50/100
|turn|23
|
|t:|1779960737
|switch|p2a: Ditto|Ditto|100/100
|-transform|p2a: Ditto|p1a: Scramble Tomboy|[from] ability: Imposter
|move|p1a: Scramble Tomboy|Earthquake|p2a: Ditto
|-immune|p2a: Ditto
|
|upkeep
|turn|24
|
|t:|1779960744
|move|p2a: Ditto|Ice Spinner|p1a: Scramble Tomboy
|-supereffective|p1a: Scramble Tomboy
|-damage|p1a: Scramble Tomboy|0 fnt
|faint|p1a: Scramble Tomboy
|
|upkeep
|
|t:|1779960748
|switch|p1a: 24 Chicken|Blaziken, F|100/100
|-damage|p1a: 24 Chicken|88/100|[from] Stealth Rock
|turn|25
|
|t:|1779960759
|switch|p2a: Toxapex|Toxapex, F|76/100
|move|p1a: 24 Chicken|Protect||[still]
|-fail|p1a: 24 Chicken
|
|-heal|p2a: Toxapex|82/100|[from] item: Black Sludge
|-ability|p1a: 24 Chicken|Speed Boost|boost
|-boost|p1a: 24 Chicken|spe|1
|upkeep
|turn|26
|
|t:|1779960767
|move|p1a: 24 Chicken|Focus Energy|p1a: 24 Chicken
|-start|p1a: 24 Chicken|move: Focus Energy
|move|p2a: Toxapex|Toxic|p1a: 24 Chicken
|-status|p1a: 24 Chicken|tox
|
|-heal|p2a: Toxapex|89/100|[from] item: Black Sludge
|-damage|p1a: 24 Chicken|82/100 tox|[from] psn
|-ability|p1a: 24 Chicken|Speed Boost|boost
|-boost|p1a: 24 Chicken|spe|1
|upkeep
|turn|27
|
|t:|1779960773
|-terastallize|p1a: 24 Chicken|Fire
|move|p1a: 24 Chicken|Overheat|p2a: Toxapex
|-resisted|p2a: Toxapex
|-crit|p2a: Toxapex
|-damage|p2a: Toxapex|35/100
|-unboost|p1a: 24 Chicken|spa|2
|move|p2a: Toxapex|Liquidation|p1a: 24 Chicken
|-supereffective|p1a: 24 Chicken
|-damage|p1a: 24 Chicken|12/100 tox
|
|-heal|p2a: Toxapex|42/100|[from] item: Black Sludge
|-damage|p1a: 24 Chicken|0 fnt|[from] psn
|faint|p1a: 24 Chicken
|upkeep
|
|t:|1779960782
|switch|p1a: Mansangas|Pecharunt|100/100
|turn|28
|
|t:|1779960789
|move|p1a: Mansangas|Malignant Chain|p2a: Toxapex
|-resisted|p2a: Toxapex
|-damage|p2a: Toxapex|30/100
|move|p2a: Toxapex|Recover|p2a: Toxapex
|-heal|p2a: Toxapex|80/100
|
|-heal|p2a: Toxapex|86/100|[from] item: Black Sludge
|upkeep
|turn|29
|
|t:|1779960801
|switch|p1a: Child Predator|Ambipom, M|94/100 brn
|switch|p2a: Mew|Mew|13/100
|
|-damage|p1a: Child Predator|88/100 brn|[from] brn
|upkeep
|turn|30
|
|t:|1779960807
|switch|p2a: Toxapex|Toxapex, F|100/100
|move|p1a: Child Predator|U-turn|p2a: Toxapex
|-resisted|p2a: Toxapex
|-damage|p2a: Toxapex|98/100
|
|t:|1779960812
|switch|p1a: NlGGA|Ogerpon-Wellspring, F|50/100|[from] U-turn
|-damage|p1a: NlGGA|38/100|[from] Stealth Rock
|
|-heal|p2a: Toxapex|100/100|[from] item: Black Sludge
|upkeep
|turn|31
|
|t:|1779960817
|move|p1a: NlGGA|Swords Dance|p1a: NlGGA
|-boost|p1a: NlGGA|atk|2
|move|p2a: Toxapex|Toxic|p1a: NlGGA
|-status|p1a: NlGGA|tox
|
|-damage|p1a: NlGGA|32/100 tox|[from] psn
|upkeep
|turn|32
|
|t:|1779960826
|move|p1a: NlGGA|Power Whip|p2a: Toxapex
|-damage|p2a: Toxapex|8/100
|move|p2a: Toxapex|Haze|p2a: Toxapex
|-clearallboost
|
|-heal|p2a: Toxapex|15/100|[from] item: Black Sludge
|-damage|p1a: NlGGA|20/100 tox|[from] psn
|upkeep
|turn|33
|
|t:|1779960836
|switch|p2a: Mew|Mew|13/100
|move|p1a: NlGGA|Power Whip|p2a: Mew
|-damage|p2a: Mew|0 fnt
|faint|p2a: Mew
|
|-damage|p1a: NlGGA|2/100 tox|[from] psn
|upkeep
|
|t:|1779960846
|switch|p2a: Ditto|Ditto|100/100
|-transform|p2a: Ditto|p1a: NlGGA|[from] ability: Imposter
|turn|34
|
|t:|1779960856
|move|p2a: Ditto|Play Rough|p1a: NlGGA|[miss]
|-miss|p2a: Ditto|p1a: NlGGA
|move|p1a: NlGGA|Power Whip|p2a: Ditto
|-damage|p2a: Ditto|4/100
|
|-damage|p1a: NlGGA|0 fnt|[from] psn
|faint|p1a: NlGGA
|upkeep
|
|t:|1779960863
|switch|p1a: Child Predator|Ambipom, M|88/100 brn
|turn|35
|
|t:|1779960868
|switch|p2a: Toxapex|Toxapex, F|48/100
|move|p1a: Child Predator|Knock Off|p2a: Toxapex
|-damage|p2a: Toxapex|39/100
|-enditem|p2a: Toxapex|Black Sludge|[from] move: Knock Off|[of] p1a: Child Predator
|
|-damage|p1a: Child Predator|82/100 brn|[from] brn
|upkeep
|turn|36
|
|t:|1779960876
|move|p1a: Child Predator|Triple Axel|p2a: Toxapex
|-resisted|p2a: Toxapex
|-damage|p2a: Toxapex|38/100
|-resisted|p2a: Toxapex
|-damage|p2a: Toxapex|35/100
|-resisted|p2a: Toxapex
|-damage|p2a: Toxapex|31/100
|-hitcount|p2a: Toxapex|3
|move|p2a: Toxapex|Recover|p2a: Toxapex
|-heal|p2a: Toxapex|81/100
|
|-damage|p1a: Child Predator|76/100 brn|[from] brn
|upkeep
|turn|37
|-message|TumitirangEngineer forfeited.
|
|win|4uu33ub3br
|raw|TumitirangEngineer's rating: 1194 &rarr; <strong>1170</strong><br />(-24 for losing)
|raw|4uu33ub3br's rating: 1212 &rarr; <strong>1236</strong><br />(+24 for winning)
|l|☆TumitirangEngineer
|player|p1|
|l|☆4uu33ub3br
|player|p2|
