|j|☆Pavel17g
|j|☆sturdy gengar
|t:|1779913914
|gametype|singles
|player|p1|Pavel17g|266|1174
|player|p2|sturdy gengar|101|1239
|gen|9
|tier|[Gen 9] OU
|rated|
|rule|HP Percentage Mod: HP is shown in percentages
|rule|Endless Battle Clause: Forcing endless battles is banned
|rule|Species Clause: Limit one of each Pokémon
|rule|OHKO Clause: OHKO moves are banned
|rule|Evasion Items Clause: Evasion items are banned
|rule|Evasion Moves Clause: Evasion moves are banned
|rule|Evasion Abilities Clause: Evasion abilities are banned
|rule|Sleep Moves Clause: Sleep-inducing moves are banned
|clearpoke
|poke|p1|Glimmora, F|
|poke|p1|Dragapult, F|
|poke|p1|Incineroar, F|
|poke|p1|Corviknight, F|
|poke|p1|Rillaboom, F|
|poke|p1|Milotic, M|
|poke|p2|Azumarill, F|
|poke|p2|Dragonite, F|
|poke|p2|Rotom-Wash|
|poke|p2|Gloom, M|
|poke|p2|Alomomola, M|
|poke|p2|Heatran, M|
|teampreview
|inactive|Battle timer is ON: inactive players will automatically lose when time's up. (requested by Pavel17g)
|
|t:|1779913924
|teamsize|p1|6
|teamsize|p2|6
|start
|switch|p1a: Curry|Incineroar, F|100/100
|switch|p2a: Heatran|Heatran, M|100/100
|-ability|p1a: Curry|Intimidate|boost
|-unboost|p2a: Heatran|atk|1
|turn|1
|l|☆Pavel17g
|inactive|Pavel17g disconnected and has a minute to reconnect!
|player|p1|
|j|☆Pavel17g
|inactive|Pavel17g reconnected and has 135 seconds left.
|player|p1|Pavel17g|266|
|
|t:|1779913946
|move|p2a: Heatran|Magma Storm|p1a: Curry
|-resisted|p1a: Curry
|-damage|p1a: Curry|78/100
|-activate|p1a: Curry|move: Magma Storm|[of] p2a: Heatran
|move|p1a: Curry|Knock Off|p2a: Heatran
|-damage|p2a: Heatran|47/100
|-enditem|p2a: Heatran|Assault Vest|[from] move: Knock Off|[of] p1a: Curry
|
|-heal|p1a: Curry|84/100|[from] item: Leftovers
|-damage|p1a: Curry|71/100|[from] move: Magma Storm|[partiallytrapped]
|upkeep
|turn|2
|
|t:|1779913968
|move|p2a: Heatran|Magma Storm|p1a: Curry|[miss]
|-miss|p2a: Heatran|p1a: Curry
|move|p1a: Curry|Parting Shot|p2a: Heatran
|-unboost|p2a: Heatran|atk|1
|-unboost|p2a: Heatran|spa|1
|
|t:|1779913979
|switch|p1a: Paco|Glimmora, F|100/100|[from] Parting Shot
|
|upkeep
|turn|3
|l|☆Pavel17g
|inactive|Pavel17g disconnected and has a minute to reconnect!
|player|p1|
|j|☆Pavel17g
|inactive|Pavel17g reconnected and has 125 seconds left.
|player|p1|Pavel17g|266|
|inactive|Pavel17g has 120 seconds left.
|
|t:|1779914003
|switch|p2a: Rotom|Rotom-Wash|100/100
|move|p1a: Paco|Stealth Rock|p2a: Rotom
|-sidestart|p2: sturdy gengar|move: Stealth Rock
|
|upkeep
|turn|4
|
|t:|1779914012
|switch|p1a: Dragapult|Dragapult, F|100/100
|move|p2a: Rotom|Will-O-Wisp|p1a: Dragapult
|-status|p1a: Dragapult|brn
|
|-damage|p1a: Dragapult|95/100 brn|[from] brn
|upkeep
|turn|5
|l|☆Pavel17g
|inactive|Pavel17g disconnected and has a minute to reconnect!
|player|p1|
|inactive|Pavel17g has 30 seconds to reconnect!
|inactive|Pavel17g has 20 seconds to reconnect!
|j|☆Pavel17g
|inactive|Pavel17g reconnected and has 90 seconds left.
|player|p1|Pavel17g|266|
|
|t:|1779914060
|switch|p2a: Alomomola|Alomomola, M|100/100
|-damage|p2a: Alomomola|88/100|[from] Stealth Rock
|move|p1a: Dragapult|Dragon Dance|p1a: Dragapult
|-boost|p1a: Dragapult|atk|1
|-boost|p1a: Dragapult|spe|1
|
|-damage|p1a: Dragapult|89/100 brn|[from] brn
|upkeep
|turn|6
|
|t:|1779914069
|move|p1a: Dragapult|Dragon Dance|p1a: Dragapult
|-boost|p1a: Dragapult|atk|1
|-boost|p1a: Dragapult|spe|1
|move|p2a: Alomomola|Wish|p2a: Alomomola
|
|-damage|p1a: Dragapult|83/100 brn|[from] brn
|upkeep
|turn|7
|inactive|sturdy gengar has 120 seconds left.
|
|t:|1779914104
|move|p1a: Dragapult|Dragon Dance|p1a: Dragapult
|-boost|p1a: Dragapult|atk|1
|-boost|p1a: Dragapult|spe|1
|move|p2a: Alomomola|Flip Turn|p1a: Dragapult
|-resisted|p1a: Dragapult
|-damage|p1a: Dragapult|72/100 brn
|
|t:|1779914111
|switch|p2a: Heatran|Heatran, M|47/100|[from] Flip Turn
|-damage|p2a: Heatran|34/100|[from] Stealth Rock
|
|-heal|p2a: Heatran|100/100|[from] move: Wish|[wisher] Alomomola
|-damage|p1a: Dragapult|66/100 brn|[from] brn
|upkeep
|turn|8
|
|t:|1779914124
|move|p1a: Dragapult|Phantom Force||[still]
|-prepare|p1a: Dragapult|Phantom Force
|move|p2a: Heatran|Dragon Pulse|p1a: Dragapult|[miss]
|-miss|p2a: Heatran|p1a: Dragapult
|
|-damage|p1a: Dragapult|60/100 brn|[from] brn
|upkeep
|turn|9
|
|t:|1779914131
|move|p1a: Dragapult|Phantom Force|p2a: Heatran|[from] lockedmove
|-damage|p2a: Heatran|16/100
|-damage|p1a: Dragapult|50/100 brn|[from] item: Life Orb
|move|p2a: Heatran|Dragon Pulse|p1a: Dragapult
|-supereffective|p1a: Dragapult
|-damage|p1a: Dragapult|0 fnt
|faint|p1a: Dragapult
|
|upkeep
|
|t:|1779914150
|switch|p1a: Curry|Incineroar, F|71/100
|-ability|p1a: Curry|Intimidate|boost
|-unboost|p2a: Heatran|atk|1
|turn|10
|
|t:|1779914157
|switch|p2a: Alomomola|Alomomola, M|100/100
|-damage|p2a: Alomomola|88/100|[from] Stealth Rock
|move|p1a: Curry|Knock Off|p2a: Alomomola
|-damage|p2a: Alomomola|59/100
|-damage|p1a: Curry|55/100|[from] item: Rocky Helmet|[of] p2a: Alomomola
|-enditem|p2a: Alomomola|Rocky Helmet|[from] move: Knock Off|[of] p1a: Curry
|
|-heal|p1a: Curry|61/100|[from] item: Leftovers
|upkeep
|turn|11
|inactive|Pavel17g has 120 seconds left.
|
|t:|1779914167
|move|p2a: Alomomola|Wish|p2a: Alomomola
|move|p1a: Curry|Parting Shot|p2a: Alomomola
|-unboost|p2a: Alomomola|atk|1
|-unboost|p2a: Alomomola|spa|1
|
|t:|1779914170
|switch|p1a: Jorge|Milotic, M|100/100|[from] Parting Shot
|
|upkeep
|turn|12
|
|t:|1779914175
|move|p1a: Jorge|Scald|p2a: Alomomola
|-resisted|p2a: Alomomola
|-crit|p2a: Alomomola
|-damage|p2a: Alomomola|33/100
|-status|p2a: Alomomola|brn
|move|p2a: Alomomola|Flip Turn|p1a: Jorge
|-resisted|p1a: Jorge
|-damage|p1a: Jorge|99/100
|
|t:|1779914184
|switch|p2a: Heatran|Heatran, M|16/100|[from] Flip Turn
|-damage|p2a: Heatran|4/100|[from] Stealth Rock
|
|-heal|p2a: Heatran|86/100|[from] move: Wish|[wisher] Alomomola
|-heal|p1a: Jorge|100/100|[from] item: Leftovers
|upkeep
|turn|13
|
|t:|1779914203
|switch|p2a: Gloom|Gloom, M|100/100
|-damage|p2a: Gloom|88/100|[from] Stealth Rock
|move|p1a: Jorge|Scald|p2a: Gloom
|-resisted|p2a: Gloom
|-damage|p2a: Gloom|78/100
|
|upkeep
|turn|14
|
|t:|1779914226
|switch|p1a: Roger|Rillaboom, F|100/100
|-fieldstart|move: Grassy Terrain|[from] ability: Grassy Surge|[of] p1a: Roger
|move|p2a: Gloom|Leech Seed|p1a: Roger
|-immune|p1a: Roger
|
|-heal|p2a: Gloom|84/100|[from] Grassy Terrain
|upkeep
|turn|15
|
|t:|1779914236
|move|p1a: Roger|Fake Out|p2a: Gloom
|-damage|p2a: Gloom|72/100
|cant|p2a: Gloom|flinch
|
|-heal|p2a: Gloom|78/100|[from] Grassy Terrain
|upkeep
|turn|16
|
|t:|1779914248
|move|p1a: Roger|U-turn|p2a: Gloom
|-damage|p2a: Gloom|55/100
|
|t:|1779914256
|switch|p1a: Corviknight|Corviknight, F|100/100|[from] U-turn
|move|p2a: Gloom|Sludge Bomb|p1a: Corviknight
|-immune|p1a: Corviknight
|
|-heal|p2a: Gloom|61/100|[from] Grassy Terrain
|upkeep
|turn|17
|
|t:|1779914266
|move|p1a: Corviknight|Brave Bird|p2a: Gloom
|-supereffective|p2a: Gloom
|-damage|p2a: Gloom|0 fnt
|faint|p2a: Gloom
|-damage|p1a: Corviknight|85/100|[from] Recoil
|
|upkeep
|
|t:|1779914273
|switch|p2a: Heatran|Heatran, M|86/100
|-damage|p2a: Heatran|74/100|[from] Stealth Rock
|turn|18
|
|t:|1779914279
|switch|p1a: Jorge|Milotic, M|100/100
|move|p2a: Heatran|Magma Storm|p1a: Jorge
|-resisted|p1a: Jorge
|-damage|p1a: Jorge|81/100
|-activate|p1a: Jorge|move: Magma Storm|[of] p2a: Heatran
|
|-heal|p2a: Heatran|80/100|[from] Grassy Terrain
|-heal|p1a: Jorge|87/100|[from] Grassy Terrain
|-heal|p1a: Jorge|93/100|[from] item: Leftovers
|-damage|p1a: Jorge|80/100|[from] move: Magma Storm|[partiallytrapped]
|-fieldend|move: Grassy Terrain
|upkeep
|turn|19
|
|t:|1779914292
|switch|p2a: Azumarill|Azumarill, F|100/100
|-damage|p2a: Azumarill|88/100|[from] Stealth Rock
|move|p1a: Jorge|Scald|p2a: Azumarill
|-resisted|p2a: Azumarill
|-damage|p2a: Azumarill|78/100
|
|-heal|p1a: Jorge|87/100|[from] item: Leftovers
|-heal|p2a: Azumarill|84/100|[from] item: Leftovers
|-end|p1a: Jorge|Magma Storm|[partiallytrapped]|[silent]
|upkeep
|turn|20
|
|t:|1779914318
|move|p1a: Jorge|Scald|p2a: Azumarill
|-resisted|p2a: Azumarill
|-damage|p2a: Azumarill|75/100
|move|p2a: Azumarill|Whirlpool|p1a: Jorge
|-resisted|p1a: Jorge
|-damage|p1a: Jorge|83/100
|-activate|p1a: Jorge|move: Whirlpool|[of] p2a: Azumarill
|
|-heal|p1a: Jorge|89/100|[from] item: Leftovers
|-heal|p2a: Azumarill|81/100|[from] item: Leftovers
|-damage|p1a: Jorge|77/100|[from] move: Whirlpool|[partiallytrapped]
|upkeep
|turn|21
|
|t:|1779914328
|move|p1a: Jorge|Scald|p2a: Azumarill
|-resisted|p2a: Azumarill
|-damage|p2a: Azumarill|72/100
|move|p2a: Azumarill|Perish Song|p2a: Azumarill
|-start|p1a: Jorge|perish3|[silent]
|-start|p2a: Azumarill|perish3|[silent]
|-fieldactivate|move: Perish Song
|
|-heal|p1a: Jorge|83/100|[from] item: Leftovers
|-heal|p2a: Azumarill|78/100|[from] item: Leftovers
|-damage|p1a: Jorge|71/100|[from] move: Whirlpool|[partiallytrapped]
|-start|p1a: Jorge|perish3
|-start|p2a: Azumarill|perish3
|upkeep
|turn|22
|
|t:|1779914347
|move|p1a: Jorge|Scald|p2a: Azumarill
|-resisted|p2a: Azumarill
|-damage|p2a: Azumarill|68/100
|move|p2a: Azumarill|Whirlpool|p1a: Jorge
|-resisted|p1a: Jorge
|-damage|p1a: Jorge|68/100
|
|-heal|p1a: Jorge|74/100|[from] item: Leftovers
|-heal|p2a: Azumarill|75/100|[from] item: Leftovers
|-damage|p1a: Jorge|61/100|[from] move: Whirlpool|[partiallytrapped]
|-start|p1a: Jorge|perish2
|-start|p2a: Azumarill|perish2
|upkeep
|turn|23
|
|t:|1779914362
|move|p2a: Azumarill|Protect|p2a: Azumarill
|-singleturn|p2a: Azumarill|Protect
|move|p1a: Jorge|Recover|p1a: Jorge
|-heal|p1a: Jorge|100/100
|
|-heal|p2a: Azumarill|81/100|[from] item: Leftovers
|-damage|p1a: Jorge|88/100|[from] move: Whirlpool|[partiallytrapped]
|-start|p1a: Jorge|perish1
|-start|p2a: Azumarill|perish1
|upkeep
|turn|24
|
|t:|1779914373
|switch|p2a: Alomomola|Alomomola, M|66/100 brn
|-damage|p2a: Alomomola|53/100 brn|[from] Stealth Rock
|move|p1a: Jorge|Scald|p2a: Alomomola
|-resisted|p2a: Alomomola
|-damage|p2a: Alomomola|38/100 brn
|
|-heal|p1a: Jorge|94/100|[from] item: Leftovers
|-damage|p2a: Alomomola|32/100 brn|[from] brn
|-end|p1a: Jorge|Whirlpool|[partiallytrapped]|[silent]
|-start|p1a: Jorge|perish0
|upkeep
|faint|p1a: Jorge
|
|t:|1779914377
|switch|p1a: Roger|Rillaboom, F|100/100
|-fieldstart|move: Grassy Terrain|[from] ability: Grassy Surge|[of] p1a: Roger
|turn|25
|
|t:|1779914386
|switch|p2a: Azumarill|Azumarill, F|81/100
|-damage|p2a: Azumarill|68/100|[from] Stealth Rock
|move|p1a: Roger|Wood Hammer|p2a: Azumarill
|-ability|p2a: Azumarill|Sap Sipper|boost
|-boost|p2a: Azumarill|atk|1
|
|-heal|p2a: Azumarill|75/100|[from] Grassy Terrain
|-heal|p2a: Azumarill|81/100|[from] item: Leftovers
|upkeep
|turn|26
|-message|Pavel17g forfeited.
|
|win|sturdy gengar
|raw|Pavel17g's rating: 1174 &rarr; <strong>1154</strong><br />(-20 for losing)
|raw|sturdy gengar's rating: 1239 &rarr; <strong>1259</strong><br />(+20 for winning)
|l|☆Pavel17g
|player|p1|
|l|☆sturdy gengar
|player|p2|
