|j|☆UnderbiteBob
|j|‽HuntingHawk112
|t:|1779855932
|gametype|singles
|player|p1|UnderbiteBob|266|1056
|player|p2|HuntingHawk112|102|1079
|gen|9
|tier|[Gen 9] OU
|rated|
|rule|HP Percentage Mod: HP is shown in percentages
|rule|Endless Battle Clause: Forcing endless battles is banned
|rule|Species Clause: Limit one of each Pokémon
|rule|OHKO Clause: OHKO moves are banned
|rule|Evasion Items Clause: Evasion items are banned
|rule|Evasion Moves Clause: Evasion moves are banned
|rule|Evasion Abilities Clause: Evasion abilities are banned
|rule|Sleep Moves Clause: Sleep-inducing moves are banned
|clearpoke
|poke|p1|Dragapult, F|
|poke|p1|Ceruledge, M|
|poke|p1|Corviknight, F|
|poke|p1|Deoxys-Speed|
|poke|p1|Rillaboom, F|
|poke|p1|Gholdengo|
|poke|p2|Moltres-Galar|
|poke|p2|Articuno-Galar|
|poke|p2|Zamazenta-*|
|poke|p2|Iron Treads|
|poke|p2|Alomomola, M|
|poke|p2|Slowking-Galar, F|
|teampreview
|inactive|Battle timer is ON: inactive players will automatically lose when time's up. (requested by HuntingHawk112)
|
|t:|1779855980
|teamsize|p1|6
|teamsize|p2|6
|start
|switch|p1a: Dragapult|Dragapult, F|100/100
|switch|p2a: Articuno|Articuno-Galar|100/100
|turn|1
|
|t:|1779855992
|switch|p2a: Moltres|Moltres-Galar|100/100
|move|p1a: Dragapult|Thunder|p2a: Moltres
|-supereffective|p2a: Moltres
|-damage|p2a: Moltres|53/100
|
|upkeep
|turn|2
|
|t:|1779856004
|move|p1a: Dragapult|Thunder|p2a: Moltres
|-supereffective|p2a: Moltres
|-damage|p2a: Moltres|6/100
|-status|p2a: Moltres|par
|-ability|p2a: Moltres|Berserk|boost
|-boost|p2a: Moltres|spa|1
|cant|p2a: Moltres|par
|
|upkeep
|turn|3
|
|t:|1779856013
|switch|p2a: Iron Treads|Iron Treads|100/100
|move|p1a: Dragapult|Sucker Punch||[still]
|-fail|p1a: Dragapult
|
|upkeep
|turn|4
|
|t:|1779856026
|switch|p1a: Rillaboom|Rillaboom, F|100/100
|-fieldstart|move: Grassy Terrain|[from] ability: Grassy Surge|[of] p1a: Rillaboom
|move|p2a: Iron Treads|Heavy Slam|p1a: Rillaboom
|-damage|p1a: Rillaboom|67/100
|
|-heal|p1a: Rillaboom|73/100|[from] Grassy Terrain
|upkeep
|turn|5
|
|t:|1779856030
|move|p2a: Iron Treads|Ice Spinner|p1a: Rillaboom
|-supereffective|p1a: Rillaboom
|-damage|p1a: Rillaboom|16/100
|-fieldend|move: Grassy Terrain
|move|p1a: Rillaboom|High Horsepower|p2a: Iron Treads
|-supereffective|p2a: Iron Treads
|-damage|p2a: Iron Treads|30/100
|-damage|p1a: Rillaboom|6/100|[from] item: Life Orb
|
|upkeep
|turn|6
|
|t:|1779856040
|-end|p2a: Iron Treads|Quark Drive|[silent]
|switch|p2a: Articuno|Articuno-Galar|100/100
|move|p1a: Rillaboom|High Horsepower|p2a: Articuno
|-immune|p2a: Articuno
|
|upkeep
|turn|7
|
|t:|1779856048
|switch|p1a: Dragapult|Dragapult, F|100/100
|move|p2a: Articuno|Calm Mind|p2a: Articuno
|-boost|p2a: Articuno|spa|1
|-boost|p2a: Articuno|spd|1
|
|upkeep
|turn|8
|
|t:|1779856063
|-terastallize|p2a: Articuno|Ghost
|move|p1a: Dragapult|Thunder|p2a: Articuno
|-damage|p2a: Articuno|84/100
|move|p2a: Articuno|Shadow Ball|p1a: Dragapult
|-supereffective|p1a: Dragapult
|-damage|p1a: Dragapult|0 fnt
|faint|p1a: Dragapult
|
|upkeep
|
|t:|1779856070
|switch|p1a: Ceruledge|Ceruledge, M|100/100
|turn|9
|
|t:|1779856073
|move|p2a: Articuno|Shadow Ball|p1a: Ceruledge
|-supereffective|p1a: Ceruledge
|-enditem|p1a: Ceruledge|Focus Sash
|-damage|p1a: Ceruledge|1/100
|move|p1a: Ceruledge|Poltergeist|p2a: Articuno
|-activate|p2a: Articuno|move: Poltergeist|Weakness Policy
|-supereffective|p2a: Articuno
|-damage|p2a: Articuno|0 fnt
|faint|p2a: Articuno
|
|upkeep
|
|t:|1779856086
|switch|p2a: Alomomola|Alomomola, M|100/100
|turn|10
|
|t:|1779856098
|-terastallize|p1a: Ceruledge|Water
|move|p1a: Ceruledge|Close Combat|p2a: Alomomola
|-damage|p2a: Alomomola|70/100
|-unboost|p1a: Ceruledge|def|1
|-unboost|p1a: Ceruledge|spd|1
|-damage|p1a: Ceruledge|0 fnt|[from] item: Rocky Helmet|[of] p2a: Alomomola
|faint|p1a: Ceruledge
|move|p2a: Alomomola|Wish|p2a: Alomomola
|
|upkeep
|
|t:|1779856110
|switch|p1a: Deoxys|Deoxys-Speed|100/100
|-ability|p1a: Deoxys|Pressure
|turn|11
|
|t:|1779856115
|move|p1a: Deoxys|Psycho Boost|p2a: Alomomola
|-damage|p2a: Alomomola|26/100
|-unboost|p1a: Deoxys|spa|2
|-enditem|p1a: Deoxys|Eject Pack
|
|t:|1779856130
|switch|p1a: Corviknight|Corviknight, F|100/100
|-ability|p1a: Corviknight|Pressure
|move|p2a: Alomomola|Flip Turn|p1a: Corviknight
|-damage|p1a: Corviknight|88/100
|-damage|p2a: Alomomola|9/100|[from] item: Rocky Helmet|[of] p1a: Corviknight
|
|t:|1779856135
|switch|p2a: Moltres|Moltres-Galar|6/100 par|[from] Flip Turn
|
|-heal|p2a: Moltres|90/100 par|[from] move: Wish|[wisher] Alomomola
|upkeep
|turn|12
|
|t:|1779856143
|move|p1a: Corviknight|Brave Bird|p2a: Moltres
|-damage|p2a: Moltres|50/100 par
|-damage|p1a: Corviknight|77/100|[from] Recoil
|-ability|p2a: Moltres|Berserk|boost
|-boost|p2a: Moltres|spa|1
|move|p2a: Moltres|Fiery Wrath|p1a: Corviknight
|-damage|p1a: Corviknight|45/100
|
|upkeep
|turn|13
|
|t:|1779856152
|move|p1a: Corviknight|Brave Bird|p2a: Moltres
|-damage|p2a: Moltres|13/100 par
|-damage|p1a: Corviknight|35/100|[from] Recoil
|move|p2a: Moltres|Fiery Wrath|p1a: Corviknight
|-damage|p1a: Corviknight|0 fnt
|faint|p1a: Corviknight
|
|upkeep
|
|t:|1779856158
|switch|p1a: Deoxys|Deoxys-Speed|100/100
|-ability|p1a: Deoxys|Pressure
|turn|14
|
|t:|1779856163
|switch|p2a: Slowking|Slowking-Galar, F|100/100
|move|p1a: Deoxys|Superpower|p2a: Slowking
|-resisted|p2a: Slowking
|-damage|p2a: Slowking|96/100
|-unboost|p1a: Deoxys|atk|1
|-unboost|p1a: Deoxys|def|1
|
|-heal|p2a: Slowking|100/100|[from] item: Black Sludge
|upkeep
|turn|15
|
|t:|1779856175
|switch|p1a: Gholdengo|Gholdengo|100/100
|move|p2a: Slowking|Future Sight|p1a: Gholdengo
|-start|p2a: Slowking|move: Future Sight
|
|upkeep
|turn|16
|
|t:|1779856187
|switch|p2a: Zamazenta|Zamazenta|100/100
|-ability|p2a: Zamazenta|Dauntless Shield|boost
|-boost|p2a: Zamazenta|def|1
|move|p1a: Gholdengo|Make It Rain|p2a: Zamazenta
|-damage|p2a: Zamazenta|55/100
|-unboost|p1a: Gholdengo|spa|1
|
|upkeep
|turn|17
|
|t:|1779856199
|move|p2a: Zamazenta|Crunch|p1a: Gholdengo
|-supereffective|p1a: Gholdengo
|-damage|p1a: Gholdengo|41/100
|move|p1a: Gholdengo|Make It Rain|p2a: Zamazenta
|-damage|p2a: Zamazenta|27/100
|-unboost|p1a: Gholdengo|spa|1
|
|-end|p1a: Gholdengo|move: Future Sight
|-resisted|p1a: Gholdengo
|-damage|p1a: Gholdengo|21/100
|upkeep
|turn|18
|
|t:|1779856216
|switch|p2a: Moltres|Moltres-Galar|13/100 par
|move|p1a: Gholdengo|Nasty Plot|p1a: Gholdengo
|-boost|p1a: Gholdengo|spa|2
|
|upkeep
|turn|19
|
|t:|1779856221
|move|p1a: Gholdengo|Thunderbolt|p2a: Moltres
|-supereffective|p2a: Moltres
|-damage|p2a: Moltres|0 fnt
|faint|p2a: Moltres
|
|upkeep
|
|t:|1779856228
|switch|p2a: Slowking|Slowking-Galar, F|100/100
|turn|20
|
|t:|1779856233
|move|p1a: Gholdengo|Thunderbolt|p2a: Slowking
|-damage|p2a: Slowking|70/100
|-status|p2a: Slowking|par
|move|p2a: Slowking|Ice Beam|p1a: Gholdengo
|-resisted|p1a: Gholdengo
|-damage|p1a: Gholdengo|10/100
|-status|p1a: Gholdengo|frz
|
|-heal|p2a: Slowking|76/100 par|[from] item: Black Sludge
|upkeep
|turn|21
|
|t:|1779856238
|cant|p1a: Gholdengo|frz
|cant|p2a: Slowking|par
|
|-heal|p2a: Slowking|82/100 par|[from] item: Black Sludge
|upkeep
|turn|22
|
|t:|1779856242
|cant|p1a: Gholdengo|frz
|move|p2a: Slowking|Ice Beam|p1a: Gholdengo
|-resisted|p1a: Gholdengo
|-crit|p1a: Gholdengo
|-damage|p1a: Gholdengo|0 fnt
|faint|p1a: Gholdengo
|
|-heal|p2a: Slowking|88/100 par|[from] item: Black Sludge
|upkeep
|
|t:|1779856246
|switch|p1a: Deoxys|Deoxys-Speed|100/100
|-ability|p1a: Deoxys|Pressure
|turn|23
|
|t:|1779856256
|move|p1a: Deoxys|Dark Pulse|p2a: Slowking
|-supereffective|p2a: Slowking
|-damage|p2a: Slowking|55/100 par
|move|p2a: Slowking|Trick|p1a: Deoxys
|-activate|p2a: Slowking|move: Trick|[of] p1a: Deoxys
|-item|p1a: Deoxys|Black Sludge|[from] move: Trick
|-enditem|p2a: Slowking|Black Sludge|[silent]|[from] move: Trick
|
|-damage|p1a: Deoxys|88/100|[from] item: Black Sludge
|upkeep
|turn|24
|
|t:|1779856263
|move|p1a: Deoxys|Dark Pulse|p2a: Slowking
|-supereffective|p2a: Slowking
|-damage|p2a: Slowking|22/100 par
|cant|p2a: Slowking|flinch
|
|-damage|p1a: Deoxys|76/100|[from] item: Black Sludge
|upkeep
|turn|25
|
|t:|1779856269
|switch|p2a: Alomomola|Alomomola, M|42/100
|move|p1a: Deoxys|Dark Pulse|p2a: Alomomola
|-damage|p2a: Alomomola|26/100
|
|-damage|p1a: Deoxys|63/100|[from] item: Black Sludge
|upkeep
|turn|26
|
|t:|1779856283
|move|p2a: Alomomola|Protect|p2a: Alomomola
|-singleturn|p2a: Alomomola|Protect
|move|p1a: Deoxys|Superpower|p2a: Alomomola
|-activate|p2a: Alomomola|move: Protect
|
|-damage|p1a: Deoxys|51/100|[from] item: Black Sludge
|upkeep
|turn|27
|
|t:|1779856289
|switch|p2a: Slowking|Slowking-Galar, F|55/100 par
|move|p1a: Deoxys|Superpower|p2a: Slowking
|-resisted|p2a: Slowking
|-damage|p2a: Slowking|50/100 par
|-unboost|p1a: Deoxys|atk|1
|-unboost|p1a: Deoxys|def|1
|
|-damage|p1a: Deoxys|38/100|[from] item: Black Sludge
|upkeep
|turn|28
|
|t:|1779856294
|switch|p2a: Alomomola|Alomomola, M|59/100
|move|p1a: Deoxys|Dark Pulse|p2a: Alomomola
|-damage|p2a: Alomomola|41/100
|
|-damage|p1a: Deoxys|26/100|[from] item: Black Sludge
|upkeep
|turn|29
|
|t:|1779856299
|switch|p2a: Slowking|Slowking-Galar, F|83/100 par
|move|p1a: Deoxys|Dark Pulse|p2a: Slowking
|-supereffective|p2a: Slowking
|-damage|p2a: Slowking|49/100 par
|
|-damage|p1a: Deoxys|13/100|[from] item: Black Sludge
|upkeep
|turn|30
|
|t:|1779856313
|switch|p2a: Alomomola|Alomomola, M|74/100
|move|p1a: Deoxys|Expanding Force|p2a: Alomomola
|-damage|p2a: Alomomola|45/100
|
|-damage|p1a: Deoxys|1/100|[from] item: Black Sludge
|upkeep
|turn|31
|
|t:|1779856318
|move|p1a: Deoxys|Dark Pulse|p2a: Alomomola
|-damage|p2a: Alomomola|26/100
|move|p2a: Alomomola|Wish|p2a: Alomomola
|
|-damage|p1a: Deoxys|0 fnt|[from] item: Black Sludge
|faint|p1a: Deoxys
|upkeep
|
|t:|1779856324
|switch|p1a: Rillaboom|Rillaboom, F|6/100
|-fieldstart|move: Grassy Terrain|[from] ability: Grassy Surge|[of] p1a: Rillaboom
|turn|32
|
|t:|1779856327
|switch|p2a: Slowking|Slowking-Galar, F|82/100 par
|move|p1a: Rillaboom|Grassy Glide|p2a: Slowking
|-resisted|p2a: Slowking
|-damage|p2a: Slowking|67/100 par
|-damage|p1a: Rillaboom|0 fnt|[from] item: Life Orb
|faint|p1a: Rillaboom
|
|win|HuntingHawk112
|raw|UnderbiteBob's rating: 1056 &rarr; <strong>1039</strong><br />(-17 for losing)
|raw|HuntingHawk112's rating: 1079 &rarr; <strong>1105</strong><br />(+26 for winning)
|l|‽HuntingHawk112
|player|p2|
|l|☆UnderbiteBob
|player|p1|
