|j|☆claudechamp
|j|☆Jules93
|t:|1779839337
|gametype|singles
|player|p1|claudechamp|265|1199
|player|p2|Jules93|hilbert|1257
|gen|9
|tier|[Gen 9] OU
|rated|
|rule|HP Percentage Mod: HP is shown in percentages
|rule|Endless Battle Clause: Forcing endless battles is banned
|rule|Species Clause: Limit one of each Pokémon
|rule|OHKO Clause: OHKO moves are banned
|rule|Evasion Items Clause: Evasion items are banned
|rule|Evasion Moves Clause: Evasion moves are banned
|rule|Evasion Abilities Clause: Evasion abilities are banned
|rule|Sleep Moves Clause: Sleep-inducing moves are banned
|clearpoke
|poke|p1|Gliscor, M|
|poke|p1|Gholdengo|
|poke|p1|Zamazenta-*|
|poke|p1|Blissey, F|
|poke|p1|Skarmory, F|
|poke|p1|Pecharunt|
|poke|p2|Gothitelle, M|
|poke|p2|Mandibuzz, F|
|poke|p2|Zebstrika, M|
|poke|p2|Mienshao, F|
|poke|p2|Serperior, F|
|poke|p2|Chandelure, F|
|teampreview
|c|☆claudechamp|hf
|
|t:|1779839346
|teamsize|p1|6
|teamsize|p2|6
|start
|switch|p1a: Skarmory|Skarmory, F|100/100
|switch|p2a: Gothitelle|Gothitelle, M|100/100
|turn|1
|inactive|Battle timer is ON: inactive players will automatically lose when time's up. (requested by claudechamp)
|
|t:|1779839370
|move|p1a: Skarmory|Spikes|p2a: Gothitelle
|-sidestart|p2: Jules93|Spikes
|move|p2a: Gothitelle|Thunder Wave|p1a: Skarmory
|-status|p1a: Skarmory|par
|
|upkeep
|turn|2
|
|t:|1779839382
|move|p2a: Gothitelle|Nasty Plot|p2a: Gothitelle
|-boost|p2a: Gothitelle|spa|2
|cant|p1a: Skarmory|par
|
|upkeep
|turn|3
|
|t:|1779839392
|move|p2a: Gothitelle|Substitute|p2a: Gothitelle
|-start|p2a: Gothitelle|Substitute
|-damage|p2a: Gothitelle|75/100
|cant|p1a: Skarmory|par
|
|-heal|p2a: Gothitelle|82/100|[from] item: Leftovers
|upkeep
|turn|4
|
|t:|1779839399
|move|p2a: Gothitelle|Nasty Plot|p2a: Gothitelle
|-boost|p2a: Gothitelle|spa|2
|move|p1a: Skarmory|Body Press|p2a: Gothitelle
|-resisted|p2a: Gothitelle
|-activate|p2a: Gothitelle|move: Substitute|[damage]
|
|-heal|p2a: Gothitelle|88/100|[from] item: Leftovers
|upkeep
|turn|5
|
|t:|1779839412
|move|p2a: Gothitelle|Nasty Plot|p2a: Gothitelle
|-boost|p2a: Gothitelle|spa|2
|cant|p1a: Skarmory|par
|
|-heal|p2a: Gothitelle|94/100|[from] item: Leftovers
|upkeep
|turn|6
|
|t:|1779839431
|move|p2a: Gothitelle|Psychic|p1a: Skarmory
|-resisted|p1a: Skarmory
|-damage|p1a: Skarmory|15/100 par
|move|p1a: Skarmory|Body Press|p2a: Gothitelle
|-resisted|p2a: Gothitelle
|-end|p2a: Gothitelle|Substitute
|
|-heal|p2a: Gothitelle|99/100|[from] item: Leftovers
|upkeep
|turn|7
|
|t:|1779839438
|move|p2a: Gothitelle|Substitute|p2a: Gothitelle
|-start|p2a: Gothitelle|Substitute
|-damage|p2a: Gothitelle|75/100
|move|p1a: Skarmory|Whirlwind|p2a: Gothitelle
|drag|p2a: Mienshao|Mienshao, F|100/100
|-damage|p2a: Mienshao|88/100|[from] Spikes
|
|upkeep
|turn|8
|
|t:|1779839456
|switch|p1a: Gliscor|Gliscor, M|100/100
|move|p2a: Mienshao|Ice Spinner|p1a: Gliscor
|-supereffective|p1a: Gliscor
|-damage|p1a: Gliscor|12/100
|
|-status|p1a: Gliscor|tox|[from] item: Toxic Orb
|upkeep
|turn|9
|
|t:|1779839464
|switch|p1a: Gholdengo|Gholdengo|100/100
|move|p2a: Mienshao|Swords Dance|p2a: Mienshao
|-boost|p2a: Mienshao|atk|2
|
|upkeep
|turn|10
|
|t:|1779839470
|move|p2a: Mienshao|Ice Spinner|p1a: Gholdengo
|-resisted|p1a: Gholdengo
|-damage|p1a: Gholdengo|81/100
|move|p1a: Gholdengo|Hex|p2a: Mienshao
|-damage|p2a: Mienshao|36/100
|
|upkeep
|turn|11
|
|t:|1779839475
|move|p2a: Mienshao|Ice Spinner|p1a: Gholdengo
|-resisted|p1a: Gholdengo
|-damage|p1a: Gholdengo|62/100
|move|p1a: Gholdengo|Hex|p2a: Mienshao
|-damage|p2a: Mienshao|0 fnt
|faint|p2a: Mienshao
|
|upkeep
|
|t:|1779839483
|switch|p2a: Gothitelle|Gothitelle, M|75/100
|-damage|p2a: Gothitelle|62/100|[from] Spikes
|turn|12
|
|t:|1779839495
|move|p1a: Gholdengo|Hex|p2a: Gothitelle
|-supereffective|p2a: Gothitelle
|-damage|p2a: Gothitelle|25/100
|move|p2a: Gothitelle|Substitute|p2a: Gothitelle
|-fail|p2a: Gothitelle|move: Substitute|[weak]
|
|-heal|p2a: Gothitelle|31/100|[from] item: Leftovers
|upkeep
|turn|13
|
|t:|1779839503
|move|p1a: Gholdengo|Hex|p2a: Gothitelle
|-supereffective|p2a: Gothitelle
|-damage|p2a: Gothitelle|0 fnt
|faint|p2a: Gothitelle
|
|upkeep
|
|t:|1779839507
|switch|p2a: Mandibuzz|Mandibuzz, F|100/100
|turn|14
|
|t:|1779839510
|move|p1a: Gholdengo|Hex|p2a: Mandibuzz
|-resisted|p2a: Mandibuzz
|-damage|p2a: Mandibuzz|89/100
|move|p2a: Mandibuzz|Knock Off|p1a: Gholdengo
|-supereffective|p1a: Gholdengo
|-damage|p1a: Gholdengo|29/100
|-enditem|p1a: Gholdengo|Ability Shield|[from] move: Knock Off|[of] p2a: Mandibuzz
|
|upkeep
|turn|15
|
|t:|1779839529
|move|p1a: Gholdengo|Recover|p1a: Gholdengo
|-heal|p1a: Gholdengo|79/100
|move|p2a: Mandibuzz|Knock Off|p1a: Gholdengo
|-supereffective|p1a: Gholdengo
|-damage|p1a: Gholdengo|55/100
|
|upkeep
|turn|16
|
|t:|1779839542
|move|p1a: Gholdengo|Recover|p1a: Gholdengo
|-heal|p1a: Gholdengo|100/100
|move|p2a: Mandibuzz|Knock Off|p1a: Gholdengo
|-supereffective|p1a: Gholdengo
|-damage|p1a: Gholdengo|75/100
|
|upkeep
|turn|17
|
|t:|1779839556
|move|p1a: Gholdengo|Nasty Plot|p1a: Gholdengo
|-boost|p1a: Gholdengo|spa|2
|move|p2a: Mandibuzz|Knock Off|p1a: Gholdengo
|-supereffective|p1a: Gholdengo
|-damage|p1a: Gholdengo|51/100
|
|upkeep
|turn|18
|
|t:|1779839565
|move|p1a: Gholdengo|Recover|p1a: Gholdengo
|-heal|p1a: Gholdengo|100/100
|move|p2a: Mandibuzz|Knock Off|p1a: Gholdengo
|-supereffective|p1a: Gholdengo
|-damage|p1a: Gholdengo|78/100
|
|upkeep
|turn|19
|
|t:|1779839575
|move|p1a: Gholdengo|Thunder Wave|p2a: Mandibuzz
|-status|p2a: Mandibuzz|par
|move|p2a: Mandibuzz|Knock Off|p1a: Gholdengo
|-supereffective|p1a: Gholdengo
|-damage|p1a: Gholdengo|53/100
|
|upkeep
|turn|20
|
|t:|1779839585
|move|p1a: Gholdengo|Hex|p2a: Mandibuzz
|-resisted|p2a: Mandibuzz
|-damage|p2a: Mandibuzz|46/100 par
|move|p2a: Mandibuzz|Knock Off|p1a: Gholdengo
|-supereffective|p1a: Gholdengo
|-damage|p1a: Gholdengo|29/100
|
|upkeep
|turn|21
|
|t:|1779839597
|move|p1a: Gholdengo|Hex|p2a: Mandibuzz
|-resisted|p2a: Mandibuzz
|-damage|p2a: Mandibuzz|2/100 par
|move|p2a: Mandibuzz|Roost|p2a: Mandibuzz
|-heal|p2a: Mandibuzz|52/100 par
|-singleturn|p2a: Mandibuzz|move: Roost
|
|upkeep
|turn|22
|
|t:|1779839617
|move|p1a: Gholdengo|Hex|p2a: Mandibuzz
|-resisted|p2a: Mandibuzz
|-damage|p2a: Mandibuzz|6/100 par
|move|p2a: Mandibuzz|Knock Off|p1a: Gholdengo
|-supereffective|p1a: Gholdengo
|-crit|p1a: Gholdengo
|-damage|p1a: Gholdengo|0 fnt
|faint|p1a: Gholdengo
|
|upkeep
|
|t:|1779839619
|switch|p1a: Pecharunt|Pecharunt|100/100
|turn|23
|
|t:|1779839628
|move|p1a: Pecharunt|Shadow Ball|p2a: Mandibuzz
|-resisted|p2a: Mandibuzz
|-damage|p2a: Mandibuzz|0 fnt
|faint|p2a: Mandibuzz
|
|upkeep
|
|t:|1779839633
|switch|p2a: Zebstrika|Zebstrika, M|100/100
|turn|24
|
|t:|1779839651
|switch|p1a: Gliscor|Gliscor, M|12/100 tox
|move|p2a: Zebstrika|Flame Charge|p1a: Gliscor
|-damage|p1a: Gliscor|0 fnt
|-boost|p2a: Zebstrika|spe|1
|faint|p1a: Gliscor
|
|upkeep
|inactive|claudechamp has 120 seconds left.
|
|t:|1779839671
|switch|p1a: Zamazenta|Zamazenta|100/100
|-ability|p1a: Zamazenta|Dauntless Shield|boost
|-boost|p1a: Zamazenta|def|1
|turn|25
|
|t:|1779839687
|move|p2a: Zebstrika|Body Slam|p1a: Zamazenta
|-damage|p1a: Zamazenta|82/100
|-status|p1a: Zamazenta|par
|move|p1a: Zamazenta|Close Combat|p2a: Zebstrika
|-damage|p2a: Zebstrika|3/100
|-unboost|p1a: Zamazenta|def|1
|-unboost|p1a: Zamazenta|spd|1
|
|upkeep
|turn|26
|
|t:|1779839696
|move|p2a: Zebstrika|Wild Charge|p1a: Zamazenta
|-damage|p1a: Zamazenta|39/100 par
|-damage|p2a: Zebstrika|0 fnt|[from] Recoil
|faint|p2a: Zebstrika
|move|p1a: Zamazenta|Crunch|p2: Zebstrika|[notarget]
|-fail|p1a: Zamazenta
|
|upkeep
|
|t:|1779839713
|switch|p2a: Serperior|Serperior, F|100/100
|-damage|p2a: Serperior|88/100|[from] Spikes
|turn|27
|
|t:|1779839718
|move|p2a: Serperior|Leaf Storm|p1a: Zamazenta
|-damage|p1a: Zamazenta|0 fnt
|-boost|p2a: Serperior|spa|2
|faint|p1a: Zamazenta
|
|-heal|p2a: Serperior|94/100|[from] item: Leftovers
|upkeep
|
|t:|1779839730
|switch|p1a: Blissey|Blissey, F|100/100
|turn|28
|
|t:|1779839743
|-terastallize|p1a: Blissey|Dark
|move|p2a: Serperior|Leaf Storm|p1a: Blissey|[miss]
|-miss|p2a: Serperior|p1a: Blissey
|move|p1a: Blissey|Calm Mind|p1a: Blissey
|-boost|p1a: Blissey|spa|1
|-boost|p1a: Blissey|spd|1
|
|-heal|p2a: Serperior|100/100|[from] item: Leftovers
|upkeep
|turn|29
|
|t:|1779839754
|move|p2a: Serperior|Leaf Storm|p1a: Blissey
|-damage|p1a: Blissey|80/100
|-boost|p2a: Serperior|spa|2
|move|p1a: Blissey|Shadow Ball|p2a: Serperior
|-damage|p2a: Serperior|72/100
|
|-heal|p2a: Serperior|78/100|[from] item: Leftovers
|upkeep
|turn|30
|
|t:|1779839769
|move|p2a: Serperior|Leaf Storm|p1a: Blissey
|-damage|p1a: Blissey|53/100
|-boost|p2a: Serperior|spa|2
|move|p1a: Blissey|Shadow Ball|p2a: Serperior
|-damage|p2a: Serperior|54/100
|-boost|p2a: Serperior|spd|1
|
|-heal|p2a: Serperior|60/100|[from] item: Leftovers
|upkeep
|turn|31
|inactive|claudechamp has 120 seconds left.
|
|t:|1779839799
|switch|p1a: Pecharunt|Pecharunt|100/100
|move|p2a: Serperior|Giga Drain|p1a: Pecharunt
|-resisted|p1a: Pecharunt
|-damage|p1a: Pecharunt|45/100
|-heal|p2a: Serperior|96/100|[from] drain|[of] p1a: Pecharunt
|
|-heal|p2a: Serperior|100/100|[from] item: Leftovers
|upkeep
|turn|32
|inactive|claudechamp has 120 seconds left.
|
|t:|1779839817
|move|p2a: Serperior|Giga Drain|p1a: Pecharunt
|-resisted|p1a: Pecharunt
|-crit|p1a: Pecharunt
|-damage|p1a: Pecharunt|0 fnt
|faint|p1a: Pecharunt
|
|upkeep
|
|t:|1779839823
|switch|p1a: Blissey|Blissey, F, tera:Dark|53/100
|turn|33
|inactive|claudechamp has 120 seconds left.
|
|t:|1779839831
|switch|p1a: Skarmory|Skarmory, F|15/100 par
|move|p2a: Serperior|Giga Drain|p1a: Skarmory
|-resisted|p1a: Skarmory
|-damage|p1a: Skarmory|0 fnt
|faint|p1a: Skarmory
|
|upkeep
|inactive|claudechamp has 120 seconds left.
|
|t:|1779839837
|switch|p1a: Blissey|Blissey, F, tera:Dark|53/100
|turn|34
|inactive|Jules93 has 120 seconds left.
|
|t:|1779839868
|move|p2a: Serperior|Giga Drain|p1a: Blissey
|-damage|p1a: Blissey|23/100
|move|p1a: Blissey|Shadow Ball|p2a: Serperior
|-damage|p2a: Serperior|89/100
|-boost|p2a: Serperior|spd|1
|
|-heal|p2a: Serperior|95/100|[from] item: Leftovers
|upkeep
|turn|35
|
|t:|1779839880
|move|p2a: Serperior|Giga Drain|p1a: Blissey
|-damage|p1a: Blissey|0 fnt
|-heal|p2a: Serperior|100/100|[from] drain|[of] p1a: Blissey
|faint|p1a: Blissey
|
|win|Jules93
|raw|claudechamp's rating: 1199 &rarr; <strong>1178</strong><br />(-21 for losing)
|raw|Jules93's rating: 1257 &rarr; <strong>1278</strong><br />(+21 for winning)
|c|☆claudechamp|gg
|c|☆Jules93|gg
|l|☆Jules93
|player|p2|
