|j|☆Cheesefriezz
|j|☆Snorrrrrlax1
|t:|1779864173
|gametype|singles
|player|p1|Cheesefriezz|n|1220
|player|p2|Snorrrrrlax1|maid|1104
|gen|9
|tier|[Gen 9] OU
|rated|
|rule|HP Percentage Mod: HP is shown in percentages
|rule|Endless Battle Clause: Forcing endless battles is banned
|rule|Species Clause: Limit one of each Pokémon
|rule|OHKO Clause: OHKO moves are banned
|rule|Evasion Items Clause: Evasion items are banned
|rule|Evasion Moves Clause: Evasion moves are banned
|rule|Evasion Abilities Clause: Evasion abilities are banned
|rule|Sleep Moves Clause: Sleep-inducing moves are banned
|clearpoke
|poke|p1|Samurott-Hisui, M|
|poke|p1|Leafeon, M|
|poke|p1|Moltres|
|poke|p1|Ninetales, F|
|poke|p1|Kommo-o, M|
|poke|p1|Glimmora, F|
|poke|p2|Swampert, M|
|poke|p2|Snorlax, M|
|poke|p2|Meowscarada, M|
|poke|p2|Polteageist|
|poke|p2|Ditto|
|poke|p2|Oricorio-Pom-Pom, F|
|teampreview
|
|t:|1779864182
|teamsize|p1|6
|teamsize|p2|6
|start
|switch|p1a: Glimmora|Glimmora, F|100/100
|switch|p2a: Oricorio|Oricorio-Pom-Pom, F|100/100
|turn|1
|
|t:|1779864191
|move|p1a: Glimmora|Stealth Rock|p2a: Oricorio
|-sidestart|p2: Snorrrrrlax1|move: Stealth Rock
|move|p2a: Oricorio|Quiver Dance|p2a: Oricorio
|-boost|p2a: Oricorio|spa|1
|-boost|p2a: Oricorio|spd|1
|-boost|p2a: Oricorio|spe|1
|
|upkeep
|turn|2
|
|t:|1779864196
|move|p2a: Oricorio|Quiver Dance|p2a: Oricorio
|-boost|p2a: Oricorio|spa|1
|-boost|p2a: Oricorio|spd|1
|-boost|p2a: Oricorio|spe|1
|move|p1a: Glimmora|Power Gem|p2a: Oricorio
|-supereffective|p2a: Oricorio
|-damage|p2a: Oricorio|33/100
|
|upkeep
|turn|3
|
|t:|1779864214
|move|p2a: Oricorio|Revelation Dance|p1a: Glimmora
|-enditem|p1a: Glimmora|Focus Sash
|-damage|p1a: Glimmora|1/100
|move|p1a: Glimmora|Power Gem|p2a: Oricorio
|-supereffective|p2a: Oricorio
|-damage|p2a: Oricorio|0 fnt
|faint|p2a: Oricorio
|
|upkeep
|
|t:|1779864230
|switch|p2a: Meowscarada|Meowscarada, M|100/100
|-damage|p2a: Meowscarada|88/100|[from] Stealth Rock
|turn|4
|
|t:|1779864236
|move|p2a: Meowscarada|Sucker Punch|p1a: Glimmora
|-start|p2a: Meowscarada|typechange|Dark|[from] ability: Protean
|-damage|p1a: Glimmora|0 fnt
|-activate|p1a: Glimmora|ability: Toxic Debris
|-sidestart|p2: Snorrrrrlax1|move: Toxic Spikes
|faint|p1a: Glimmora
|
|upkeep
|
|t:|1779864241
|switch|p1a: Iggy|Kommo-o, M|100/100
|turn|5
|
|t:|1779864248
|switch|p2a: Snorlax|Snorlax, M|100/100
|-damage|p2a: Snorlax|88/100|[from] Stealth Rock
|-status|p2a: Snorlax|psn
|move|p1a: Iggy|Aura Sphere|p2a: Snorlax
|-supereffective|p2a: Snorlax
|-damage|p2a: Snorlax|54/100 psn
|
|-damage|p2a: Snorlax|42/100 psn|[from] psn
|upkeep
|turn|6
|
|t:|1779864259
|-terastallize|p2a: Snorlax|Ghost
|move|p1a: Iggy|Clangorous Soul|p1a: Iggy
|-boost|p1a: Iggy|atk|1
|-boost|p1a: Iggy|def|1
|-boost|p1a: Iggy|spa|1
|-boost|p1a: Iggy|spd|1
|-boost|p1a: Iggy|spe|1
|-damage|p1a: Iggy|68/100
|-enditem|p1a: Iggy|Throat Spray
|-boost|p1a: Iggy|spa|1|[from] item: Throat Spray
|move|p2a: Snorlax|Curse|p1a: Iggy
|-start|p1a: Iggy|Curse|[of] p2a: Snorlax
|-damage|p2a: Snorlax|0 fnt
|faint|p2a: Snorlax
|
|-damage|p1a: Iggy|43/100|[from] Curse
|upkeep
|
|t:|1779864280
|switch|p2a: Ditto|Ditto|100/100
|-damage|p2a: Ditto|88/100|[from] Stealth Rock
|-status|p2a: Ditto|psn
|-transform|p2a: Ditto|p1a: Iggy|[from] ability: Imposter
|turn|7
|
|t:|1779864290
|move|p2a: Ditto|Clanging Scales|p1a: Iggy
|-immune|p1a: Iggy|[from] ability: Soundproof
|move|p1a: Iggy|Clanging Scales|p2a: Ditto
|-immune|p2a: Ditto|[from] ability: Soundproof
|
|-damage|p2a: Ditto|76/100 psn|[from] psn
|-damage|p1a: Iggy|18/100|[from] Curse
|upkeep
|turn|8
|
|t:|1779864305
|move|p2a: Ditto|Clanging Scales|p1a: Iggy
|-immune|p1a: Iggy|[from] ability: Soundproof
|move|p1a: Iggy|Aura Sphere|p2a: Ditto
|-damage|p2a: Ditto|26/100 psn
|
|-damage|p2a: Ditto|13/100 psn|[from] psn
|-damage|p1a: Iggy|0 fnt|[from] Curse
|faint|p1a: Iggy
|upkeep
|
|t:|1779864318
|switch|p1a: six tails|Ninetales, F, shiny|100/100
|-weather|SunnyDay|[from] ability: Drought|[of] p1a: six tails
|turn|9
|
|t:|1779864324
|move|p2a: Ditto|Clanging Scales|p1a: six tails
|-damage|p1a: six tails|0 fnt
|faint|p1a: six tails
|-unboost|p2a: Ditto|def|1
|
|-weather|SunnyDay|[upkeep]
|-damage|p2a: Ditto|1/100 psn|[from] psn
|upkeep
|
|t:|1779864328
|switch|p1a: Melo|Leafeon, M, shiny|100/100
|turn|10
|
|t:|1779864333
|move|p2a: Ditto|Clanging Scales|p1a: Melo
|-damage|p1a: Melo|0 fnt
|faint|p1a: Melo
|-unboost|p2a: Ditto|def|1
|
|-weather|SunnyDay|[upkeep]
|-damage|p2a: Ditto|0 fnt|[from] psn
|faint|p2a: Ditto
|upkeep
|
|t:|1779864343
|switch|p1a: Supa Hot Fire|Moltres|100/100
|switch|p2a: Swampert|Swampert, M|100/100
|-damage|p2a: Swampert|94/100|[from] Stealth Rock
|-status|p2a: Swampert|psn
|turn|11
|
|t:|1779864351
|move|p2a: Swampert|Flip Turn|p1a: Supa Hot Fire
|-supereffective|p1a: Supa Hot Fire
|-damage|p1a: Supa Hot Fire|58/100
|
|t:|1779864355
|switch|p2a: Polteageist|Polteageist|100/100|[from] Flip Turn
|-damage|p2a: Polteageist|88/100|[from] Stealth Rock
|-status|p2a: Polteageist|psn
|move|p1a: Supa Hot Fire|Air Slash|p2a: Polteageist
|-damage|p2a: Polteageist|42/100 psn
|
|-weather|SunnyDay|[upkeep]
|-damage|p2a: Polteageist|30/100 psn|[from] psn
|upkeep
|turn|12
|
|t:|1779864366
|move|p2a: Polteageist|Shadow Ball|p1a: Supa Hot Fire
|-damage|p1a: Supa Hot Fire|12/100
|move|p1a: Supa Hot Fire|Roost|p1a: Supa Hot Fire
|-heal|p1a: Supa Hot Fire|62/100
|-singleturn|p1a: Supa Hot Fire|move: Roost
|
|-weather|SunnyDay|[upkeep]
|-damage|p2a: Polteageist|17/100 psn|[from] psn
|upkeep
|turn|13
|
|t:|1779864378
|move|p2a: Polteageist|Shell Smash|p2a: Polteageist
|-unboost|p2a: Polteageist|def|1
|-unboost|p2a: Polteageist|spd|1
|-boost|p2a: Polteageist|atk|2
|-boost|p2a: Polteageist|spa|2
|-boost|p2a: Polteageist|spe|2
|move|p1a: Supa Hot Fire|Roost|p1a: Supa Hot Fire
|-heal|p1a: Supa Hot Fire|100/100
|-singleturn|p1a: Supa Hot Fire|move: Roost
|
|-weather|SunnyDay|[upkeep]
|-damage|p2a: Polteageist|5/100 psn|[from] psn
|upkeep
|turn|14
|
|t:|1779864391
|move|p2a: Polteageist|Stored Power|p1a: Supa Hot Fire
|-damage|p1a: Supa Hot Fire|0 fnt
|faint|p1a: Supa Hot Fire
|
|-weather|SunnyDay|[upkeep]
|-damage|p2a: Polteageist|0 fnt|[from] psn
|faint|p2a: Polteageist
|upkeep
|
|t:|1779864397
|switch|p2a: Meowscarada|Meowscarada, M|88/100
|switch|p1a: Ima dive in|Samurott-Hisui, M|100/100
|-damage|p2a: Meowscarada|76/100|[from] Stealth Rock
|-status|p2a: Meowscarada|psn
|turn|15
|
|t:|1779864408
|-terastallize|p1a: Ima dive in|Poison
|move|p2a: Meowscarada|Flower Trick|p1a: Ima dive in
|-start|p2a: Meowscarada|typechange|Grass|[from] ability: Protean
|-resisted|p1a: Ima dive in
|-crit|p1a: Ima dive in
|-damage|p1a: Ima dive in|52/100
|move|p1a: Ima dive in|Ceaseless Edge|p2a: Meowscarada
|-damage|p2a: Meowscarada|1/100 psn
|-sidestart|p2: Snorrrrrlax1|Spikes
|
|-weather|SunnyDay|[upkeep]
|-damage|p2a: Meowscarada|0 fnt|[from] psn
|faint|p2a: Meowscarada
|upkeep
|
|t:|1779864420
|switch|p2a: Swampert|Swampert, M|94/100 psn
|-damage|p2a: Swampert|88/100 psn|[from] Stealth Rock
|-damage|p2a: Swampert|76/100 psn|[from] Spikes
|turn|16
|
|t:|1779864428
|move|p1a: Ima dive in|Razor Shell|p2a: Swampert
|-damage|p2a: Swampert|48/100 psn
|-unboost|p2a: Swampert|def|1
|move|p2a: Swampert|Earthquake|p1a: Ima dive in
|-supereffective|p1a: Ima dive in
|-damage|p1a: Ima dive in|0 fnt
|faint|p1a: Ima dive in
|
|win|Snorrrrrlax1
|raw|Cheesefriezz's rating: 1220 &rarr; <strong>1187</strong><br />(-33 for losing)
|raw|Snorrrrrlax1's rating: 1104 &rarr; <strong>1137</strong><br />(+33 for winning)
|l|☆Cheesefriezz
|player|p1|
|l|☆Snorrrrrlax1
|player|p2|
