|j|☆CaptainMoulebite
|j|☆claudechamp
|t:|1779880025
|gametype|singles
|player|p1|CaptainMoulebite|drayden|1315
|player|p2|claudechamp|169|1296
|gen|9
|tier|[Gen 9] OU
|rated|
|rule|HP Percentage Mod: HP is shown in percentages
|rule|Endless Battle Clause: Forcing endless battles is banned
|rule|Species Clause: Limit one of each Pokémon
|rule|OHKO Clause: OHKO moves are banned
|rule|Evasion Items Clause: Evasion items are banned
|rule|Evasion Moves Clause: Evasion moves are banned
|rule|Evasion Abilities Clause: Evasion abilities are banned
|rule|Sleep Moves Clause: Sleep-inducing moves are banned
|clearpoke
|poke|p1|Garganacl, F|
|poke|p1|Gliscor, M|
|poke|p1|Clefable, F|
|poke|p1|Zamazenta-*|
|poke|p1|Gholdengo|
|poke|p1|Samurott-Hisui, F|
|poke|p2|Gliscor, M|
|poke|p2|Ogerpon, F|
|poke|p2|Walking Wake|
|poke|p2|Blissey, F|
|poke|p2|Corviknight, M|
|poke|p2|Pecharunt|
|teampreview
|c|☆claudechamp|hf
|inactive|Battle timer is ON: inactive players will automatically lose when time's up. (requested by claudechamp)
|
|t:|1779880034
|teamsize|p1|6
|teamsize|p2|6
|start
|switch|p1a: Samurott|Samurott-Hisui, F|100/100
|switch|p2a: Gliscor|Gliscor, M|100/100
|turn|1
|
|t:|1779880050
|switch|p1a: Gliscor|Gliscor, M|100/100
|switch|p2a: Ogerpon|Ogerpon, F|100/100
|
|-status|p1a: Gliscor|tox|[from] item: Toxic Orb
|upkeep
|turn|2
|
|t:|1779880059
|switch|p1a: Zamazenta|Zamazenta|100/100
|-ability|p1a: Zamazenta|Dauntless Shield|boost
|-boost|p1a: Zamazenta|def|1
|move|p2a: Ogerpon|Ivy Cudgel|p1a: Zamazenta
|-damage|p1a: Zamazenta|72/100
|
|upkeep
|turn|3
|
|t:|1779880071
|move|p1a: Zamazenta|Ice Fang|p2a: Ogerpon
|-supereffective|p2a: Ogerpon
|-damage|p2a: Ogerpon|48/100
|move|p2a: Ogerpon|Ivy Cudgel|p1a: Zamazenta
|-damage|p1a: Zamazenta|41/100
|
|upkeep
|turn|4
|
|t:|1779880079
|switch|p2a: Pecharunt|Pecharunt|100/100
|move|p1a: Zamazenta|Ice Fang|p2a: Pecharunt
|-damage|p2a: Pecharunt|90/100
|
|upkeep
|turn|5
|
|t:|1779880089
|switch|p1a: Samurott|Samurott-Hisui, F|100/100
|move|p2a: Pecharunt|Malignant Chain|p1a: Samurott
|-damage|p1a: Samurott|60/100
|
|upkeep
|turn|6
|
|t:|1779880099
|switch|p2a: Walking Wake|Walking Wake|100/100
|move|p1a: Samurott|Ceaseless Edge|p2a: Walking Wake
|-damage|p2a: Walking Wake|53/100
|-sidestart|p2: claudechamp|Spikes
|
|upkeep
|turn|7
|
|t:|1779880109
|move|p2a: Walking Wake|Draco Meteor|p1a: Samurott|[miss]
|-miss|p2a: Walking Wake|p1a: Samurott
|move|p1a: Samurott|Knock Off|p2a: Walking Wake
|-damage|p2a: Walking Wake|10/100
|-enditem|p2a: Walking Wake|Heavy-Duty Boots|[from] move: Knock Off|[of] p1a: Samurott
|
|upkeep
|turn|8
|
|t:|1779880131
|switch|p1a: Clefable|Clefable, F|100/100
|move|p2a: Walking Wake|Draco Meteor|p1a: Clefable
|-immune|p1a: Clefable
|
|upkeep
|turn|9
|
|t:|1779880140
|move|p2a: Walking Wake|Surf|p1a: Clefable
|-damage|p1a: Clefable|58/100
|move|p1a: Clefable|Stealth Rock|p2a: Walking Wake
|-sidestart|p2: claudechamp|move: Stealth Rock
|
|upkeep
|turn|10
|
|t:|1779880153
|move|p2a: Walking Wake|Surf|p1a: Clefable
|-damage|p1a: Clefable|16/100
|move|p1a: Clefable|Moonlight|p1a: Clefable
|-heal|p1a: Clefable|66/100
|
|upkeep
|turn|11
|
|t:|1779880163
|move|p2a: Walking Wake|Knock Off|p1a: Clefable
|-resisted|p1a: Clefable
|-damage|p1a: Clefable|60/100
|-damage|p2a: Walking Wake|0 fnt|[from] item: Rocky Helmet|[of] p1a: Clefable
|faint|p2a: Walking Wake
|-end|p2a: Walking Wake|Protosynthesis|[silent]
|move|p1a: Clefable|Moonlight|p1a: Clefable
|-heal|p1a: Clefable|100/100
|
|upkeep
|
|t:|1779880169
|switch|p2a: Gliscor|Gliscor, M|100/100
|-damage|p2a: Gliscor|88/100|[from] Stealth Rock
|turn|12
|
|t:|1779880182
|move|p2a: Gliscor|Spikes|p1a: Clefable
|-sidestart|p1: CaptainMoulebite|Spikes
|move|p1a: Clefable|Knock Off|p2a: Gliscor
|-damage|p2a: Gliscor|77/100
|-enditem|p2a: Gliscor|Toxic Orb|[from] move: Knock Off|[of] p1a: Clefable
|
|upkeep
|turn|13
|
|t:|1779880196
|switch|p1a: Samurott|Samurott-Hisui, F|60/100
|move|p2a: Gliscor|Spikes|p1a: Samurott
|-sidestart|p1: CaptainMoulebite|Spikes
|
|upkeep
|turn|14
|
|t:|1779880211
|move|p1a: Samurott|Aqua Cutter|p2a: Gliscor
|-supereffective|p2a: Gliscor
|-crit|p2a: Gliscor
|-damage|p2a: Gliscor|0 fnt
|faint|p2a: Gliscor
|
|upkeep
|
|t:|1779880214
|switch|p2a: Ogerpon|Ogerpon, F|48/100
|turn|15
|
|t:|1779880224
|switch|p1a: Zamazenta|Zamazenta|41/100
|move|p2a: Ogerpon|Ivy Cudgel|p1a: Zamazenta
|-damage|p1a: Zamazenta|0 fnt
|faint|p1a: Zamazenta
|
|upkeep
|
|t:|1779880235
|switch|p1a: Gholdengo|Gholdengo|100/100
|turn|16
|
|t:|1779880239
|move|p2a: Ogerpon|Ivy Cudgel|p1a: Gholdengo
|-resisted|p1a: Gholdengo
|-crit|p1a: Gholdengo
|-damage|p1a: Gholdengo|75/100
|move|p1a: Gholdengo|Nasty Plot|p1a: Gholdengo
|-boost|p1a: Gholdengo|spa|2
|
|upkeep
|turn|17
|
|t:|1779880245
|move|p2a: Ogerpon|Ivy Cudgel|p1a: Gholdengo
|-resisted|p1a: Gholdengo
|-damage|p1a: Gholdengo|55/100
|move|p1a: Gholdengo|Shadow Ball|p2a: Ogerpon
|-damage|p2a: Ogerpon|0 fnt
|faint|p2a: Ogerpon
|
|upkeep
|
|t:|1779880248
|switch|p2a: Blissey|Blissey, F|100/100
|turn|18
|
|t:|1779880261
|switch|p2a: Corviknight|Corviknight, M|100/100
|-ability|p2a: Corviknight|Pressure
|move|p1a: Gholdengo|Nasty Plot|p1a: Gholdengo
|-boost|p1a: Gholdengo|spa|2
|
|upkeep
|turn|19
|
|t:|1779880266
|switch|p2a: Blissey|Blissey, F|100/100
|move|p1a: Gholdengo|Shadow Ball|p2a: Blissey
|-immune|p2a: Blissey
|
|upkeep
|turn|20
|
|t:|1779880273
|-terastallize|p2a: Blissey|Dark
|move|p1a: Gholdengo|Nasty Plot|p1a: Gholdengo
|-boost|p1a: Gholdengo|spa|2
|move|p2a: Blissey|Seismic Toss|p1a: Gholdengo
|-immune|p1a: Gholdengo
|
|upkeep
|turn|21
|
|t:|1779880282
|switch|p2a: Corviknight|Corviknight, M|100/100
|-ability|p2a: Corviknight|Pressure
|move|p1a: Gholdengo|Dazzling Gleam|p2a: Corviknight
|-resisted|p2a: Corviknight
|-damage|p2a: Corviknight|47/100
|
|upkeep
|turn|22
|
|t:|1779880288
|switch|p2a: Blissey|Blissey, F, tera:Dark|100/100
|move|p1a: Gholdengo|Shadow Ball|p2a: Blissey
|-resisted|p2a: Blissey
|-damage|p2a: Blissey|79/100
|-unboost|p2a: Blissey|spd|1
|
|upkeep
|turn|23
|
|t:|1779880295
|switch|p2a: Corviknight|Corviknight, M|47/100
|-ability|p2a: Corviknight|Pressure
|move|p1a: Gholdengo|Dazzling Gleam|p2a: Corviknight
|-resisted|p2a: Corviknight
|-damage|p2a: Corviknight|0 fnt
|faint|p2a: Corviknight
|
|upkeep
|
|t:|1779880301
|switch|p2a: Blissey|Blissey, F, tera:Dark|79/100
|turn|24
|
|t:|1779880307
|switch|p2a: Pecharunt|Pecharunt|90/100
|move|p1a: Gholdengo|Dazzling Gleam|p2a: Pecharunt
|-resisted|p2a: Pecharunt
|-damage|p2a: Pecharunt|40/100
|
|upkeep
|turn|25
|
|t:|1779880315
|move|p1a: Gholdengo|Shadow Ball|p2a: Pecharunt
|-supereffective|p2a: Pecharunt
|-damage|p2a: Pecharunt|0 fnt
|faint|p2a: Pecharunt
|
|upkeep
|
|t:|1779880322
|switch|p2a: Blissey|Blissey, F, tera:Dark|79/100
|turn|26
|
|t:|1779880328
|move|p1a: Gholdengo|Dazzling Gleam|p2a: Blissey
|-supereffective|p2a: Blissey
|-damage|p2a: Blissey|25/100
|move|p2a: Blissey|Soft-Boiled|p2a: Blissey
|-heal|p2a: Blissey|75/100
|
|upkeep
|turn|27
|
|t:|1779880337
|move|p1a: Gholdengo|Recover|p1a: Gholdengo
|-heal|p1a: Gholdengo|100/100
|move|p2a: Blissey|Soft-Boiled|p2a: Blissey
|-heal|p2a: Blissey|100/100
|
|upkeep
|turn|28
|
|t:|1779880344
|move|p1a: Gholdengo|Shadow Ball|p2a: Blissey
|-resisted|p2a: Blissey
|-damage|p2a: Blissey|80/100
|move|p2a: Blissey|Calm Mind|p2a: Blissey
|-boost|p2a: Blissey|spa|1
|-boost|p2a: Blissey|spd|1
|
|upkeep
|turn|29
|
|t:|1779880352
|move|p1a: Gholdengo|Dazzling Gleam|p2a: Blissey
|-supereffective|p2a: Blissey
|-damage|p2a: Blissey|42/100
|move|p2a: Blissey|Soft-Boiled|p2a: Blissey
|-heal|p2a: Blissey|92/100
|
|upkeep
|turn|30
|
|t:|1779880365
|switch|p1a: Garganacl|Garganacl, F|100/100
|move|p2a: Blissey|Calm Mind|p2a: Blissey
|-boost|p2a: Blissey|spa|1
|-boost|p2a: Blissey|spd|1
|
|upkeep
|turn|31
|
|t:|1779880372
|move|p2a: Blissey|Seismic Toss|p1a: Garganacl
|-damage|p1a: Garganacl|76/100
|move|p1a: Garganacl|Salt Cure|p2a: Blissey
|-damage|p2a: Blissey|77/100
|-start|p2a: Blissey|Salt Cure
|
|-damage|p2a: Blissey|65/100|[from] Salt Cure
|upkeep
|turn|32
|
|t:|1779880384
|move|p2a: Blissey|Soft-Boiled|p2a: Blissey
|-heal|p2a: Blissey|100/100
|move|p1a: Garganacl|Iron Defense|p1a: Garganacl
|-boost|p1a: Garganacl|def|2
|
|-damage|p2a: Blissey|88/100|[from] Salt Cure
|upkeep
|turn|33
|
|t:|1779880396
|move|p2a: Blissey|Seismic Toss|p1a: Garganacl
|-damage|p1a: Garganacl|51/100
|move|p1a: Garganacl|Iron Defense|p1a: Garganacl
|-boost|p1a: Garganacl|def|2
|
|-damage|p2a: Blissey|76/100|[from] Salt Cure
|upkeep
|turn|34
|
|t:|1779880406
|move|p2a: Blissey|Seismic Toss|p1a: Garganacl
|-damage|p1a: Garganacl|26/100
|move|p1a: Garganacl|Body Press|p2a: Blissey
|-supereffective|p2a: Blissey
|-damage|p2a: Blissey|0 fnt
|faint|p2a: Blissey
|
|win|CaptainMoulebite
|raw|CaptainMoulebite's rating: 1315 &rarr; <strong>1334</strong><br />(+19 for winning)
|raw|claudechamp's rating: 1304 &rarr; <strong>1285</strong><br />(-19 for losing)
|c|☆claudechamp|gg
|c|☆CaptainMoulebite|Gg
