|j|☆paralekz
|j|☆delacroixxx
|t:|1779949579
|gametype|singles
|player|p1|paralekz|skyla|1363
|player|p2|delacroixxx|az|1430
|gen|9
|tier|[Gen 9] OU
|rated|
|rule|HP Percentage Mod: HP is shown in percentages
|rule|Endless Battle Clause: Forcing endless battles is banned
|rule|Species Clause: Limit one of each Pokémon
|rule|OHKO Clause: OHKO moves are banned
|rule|Evasion Items Clause: Evasion items are banned
|rule|Evasion Moves Clause: Evasion moves are banned
|rule|Evasion Abilities Clause: Evasion abilities are banned
|rule|Sleep Moves Clause: Sleep-inducing moves are banned
|clearpoke
|poke|p1|Grimmsnarl, M|
|poke|p1|Zamazenta-*|
|poke|p1|Iron Crown|
|poke|p1|Raging Bolt|
|poke|p1|Ogerpon-Wellspring, F|
|poke|p1|Glimmora, F|
|poke|p2|Maushold|
|poke|p2|Azumarill, F|
|poke|p2|Kingambit, F|
|poke|p2|Dragapult, M|
|poke|p2|Great Tusk|
|poke|p2|Eiscue, M|
|teampreview
|inactive|Battle timer is ON: inactive players will automatically lose when time's up. (requested by paralekz)
|
|t:|1779949585
|teamsize|p1|6
|teamsize|p2|6
|start
|switch|p1a: Glimmora|Glimmora, F|100/100
|switch|p2a: Dragapult|Dragapult, M|100/100
|turn|1
|
|t:|1779949594
|move|p2a: Dragapult|Thunder Wave|p1a: Glimmora
|-status|p1a: Glimmora|par
|move|p1a: Glimmora|Stealth Rock|p2a: Dragapult
|-sidestart|p2: delacroixxx|move: Stealth Rock
|
|upkeep
|turn|2
|
|t:|1779949602
|move|p2a: Dragapult|Hex|p1a: Glimmora
|-damage|p1a: Glimmora|45/100 par
|-enditem|p1a: Glimmora|Red Card|[of] p2a: Dragapult
|drag|p2a: Eiscue|Eiscue, M, shiny|100/100
|-damage|p2a: Eiscue|76/100|[from] Stealth Rock
|move|p1a: Glimmora|Mortal Spin|p2a: Eiscue
|-activate|p2a: Eiscue|ability: Ice Face
|-damage|p2a: Eiscue|76/100
|-status|p2a: Eiscue|psn
|detailschange|p2a: Eiscue|Eiscue-Noice, M, shiny
|
|-damage|p2a: Eiscue|63/100 psn|[from] psn
|upkeep
|turn|3
|
|t:|1779949622
|move|p2a: Eiscue|Liquidation|p1a: Glimmora
|-supereffective|p1a: Glimmora
|-damage|p1a: Glimmora|16/100 par
|-activate|p1a: Glimmora|ability: Toxic Debris
|-sidestart|p2: delacroixxx|move: Toxic Spikes
|move|p1a: Glimmora|Spikes|p2a: Eiscue
|-sidestart|p2: delacroixxx|Spikes
|
|-damage|p2a: Eiscue|51/100 psn|[from] psn
|upkeep
|turn|4
|
|t:|1779949633
|move|p2a: Eiscue|Liquidation|p1a: Glimmora
|-supereffective|p1a: Glimmora
|-crit|p1a: Glimmora
|-damage|p1a: Glimmora|0 fnt
|-activate|p1a: Glimmora|ability: Toxic Debris
|-sidestart|p2: delacroixxx|move: Toxic Spikes
|faint|p1a: Glimmora
|
|-damage|p2a: Eiscue|39/100 psn|[from] psn
|upkeep
|-enditem|p2a: Eiscue|Sitrus Berry|[eat]
|-heal|p2a: Eiscue|63/100 psn|[from] item: Sitrus Berry
|
|t:|1779949641
|switch|p1a: Ogerpon|Ogerpon-Wellspring, F|100/100
|turn|5
|
|t:|1779949648
|move|p2a: Eiscue|Belly Drum|p2a: Eiscue
|-damage|p2a: Eiscue|14/100 psn
|-setboost|p2a: Eiscue|atk|6|[from] move: Belly Drum
|move|p1a: Ogerpon|Swords Dance|p1a: Ogerpon
|-boost|p1a: Ogerpon|atk|2
|
|-damage|p2a: Eiscue|1/100 psn|[from] psn
|upkeep
|turn|6
|
|t:|1779949668
|move|p2a: Eiscue|Ice Spinner|p1a: Ogerpon
|-damage|p1a: Ogerpon|0 fnt
|faint|p1a: Ogerpon
|
|-damage|p2a: Eiscue|0 fnt|[from] psn
|faint|p2a: Eiscue
|upkeep
|
|t:|1779949672
|switch|p2a: Great Tusk|Great Tusk|100/100
|switch|p1a: Grimmsnarl|Grimmsnarl, M|100/100
|-damage|p2a: Great Tusk|98/100|[from] Stealth Rock
|-status|p2a: Great Tusk|tox
|-damage|p2a: Great Tusk|85/100 tox|[from] Spikes
|turn|7
|
|t:|1779949688
|move|p1a: Grimmsnarl|Taunt|p2a: Great Tusk
|-start|p2a: Great Tusk|move: Taunt
|move|p2a: Great Tusk|Rapid Spin|p1a: Grimmsnarl
|-damage|p1a: Grimmsnarl|85/100
|-boost|p2a: Great Tusk|spe|1
|-sideend|p2: delacroixxx|Spikes|[from] move: Rapid Spin|[of] p2a: Great Tusk
|-sideend|p2: delacroixxx|Toxic Spikes|[from] move: Rapid Spin|[of] p2a: Great Tusk
|-sideend|p2: delacroixxx|Stealth Rock|[from] move: Rapid Spin|[of] p2a: Great Tusk
|
|-damage|p2a: Great Tusk|79/100 tox|[from] psn
|upkeep
|turn|8
|
|t:|1779949693
|move|p1a: Grimmsnarl|Reflect|p1a: Grimmsnarl
|-sidestart|p1: paralekz|Reflect
|move|p2a: Great Tusk|Headlong Rush|p1a: Grimmsnarl
|-damage|p1a: Grimmsnarl|58/100
|-unboost|p2a: Great Tusk|def|1
|-unboost|p2a: Great Tusk|spd|1
|-enditem|p2a: Great Tusk|Eject Pack
|
|t:|1779949699
|-end|p2a: Great Tusk|Protosynthesis|[silent]
|switch|p2a: Dragapult|Dragapult, M|100/100
|
|upkeep
|turn|9
|
|t:|1779949706
|move|p1a: Grimmsnarl|Light Screen|p1a: Grimmsnarl
|-sidestart|p1: paralekz|move: Light Screen
|move|p2a: Dragapult|Thunder Wave|p1a: Grimmsnarl
|-status|p1a: Grimmsnarl|par
|
|upkeep
|turn|10
|
|t:|1779949709
|move|p1a: Grimmsnarl|Parting Shot|p2a: Dragapult
|-unboost|p2a: Dragapult|atk|1
|-unboost|p2a: Dragapult|spa|1
|
|t:|1779949718
|switch|p1a: Zamazenta|Zamazenta|100/100|[from] Parting Shot
|-ability|p1a: Zamazenta|Dauntless Shield|boost
|-boost|p1a: Zamazenta|def|1
|move|p2a: Dragapult|Hex|p1a: Zamazenta
|-damage|p1a: Zamazenta|84/100
|
|upkeep
|turn|11
|
|t:|1779949722
|move|p2a: Dragapult|Will-O-Wisp|p1a: Zamazenta|[miss]
|-miss|p2a: Dragapult|p1a: Zamazenta
|move|p1a: Zamazenta|Crunch|p2a: Dragapult
|-supereffective|p2a: Dragapult
|-damage|p2a: Dragapult|41/100
|-unboost|p2a: Dragapult|def|1
|
|upkeep
|turn|12
|
|t:|1779949728
|move|p2a: Dragapult|Will-O-Wisp|p1a: Zamazenta
|-status|p1a: Zamazenta|brn
|move|p1a: Zamazenta|Crunch|p2a: Dragapult
|-supereffective|p2a: Dragapult
|-damage|p2a: Dragapult|0 fnt
|faint|p2a: Dragapult
|
|-damage|p1a: Zamazenta|77/100 brn|[from] brn
|upkeep
|
|t:|1779949738
|switch|p2a: Great Tusk|Great Tusk|79/100 tox
|turn|13
|
|t:|1779949742
|move|p1a: Zamazenta|Iron Defense|p1a: Zamazenta
|-boost|p1a: Zamazenta|def|2
|move|p2a: Great Tusk|Bulk Up|p2a: Great Tusk
|-boost|p2a: Great Tusk|atk|1
|-boost|p2a: Great Tusk|def|1
|
|-damage|p2a: Great Tusk|73/100 tox|[from] psn
|-damage|p1a: Zamazenta|71/100 brn|[from] brn
|upkeep
|turn|14
|
|t:|1779949750
|move|p1a: Zamazenta|Iron Defense|p1a: Zamazenta
|-boost|p1a: Zamazenta|def|2
|move|p2a: Great Tusk|Close Combat|p1a: Zamazenta
|-damage|p1a: Zamazenta|61/100 brn
|-unboost|p2a: Great Tusk|def|1
|-unboost|p2a: Great Tusk|spd|1
|
|-damage|p2a: Great Tusk|60/100 tox|[from] psn
|-damage|p1a: Zamazenta|55/100 brn|[from] brn
|upkeep
|turn|15
|
|t:|1779949755
|move|p1a: Zamazenta|Body Press|p2a: Great Tusk
|-damage|p2a: Great Tusk|9/100 tox
|move|p2a: Great Tusk|Close Combat|p1a: Zamazenta
|-damage|p1a: Zamazenta|45/100 brn
|-unboost|p2a: Great Tusk|def|1
|-unboost|p2a: Great Tusk|spd|1
|
|-damage|p2a: Great Tusk|0 fnt|[from] psn
|faint|p2a: Great Tusk
|-end|p2a: Great Tusk|Protosynthesis|[silent]
|-damage|p1a: Zamazenta|39/100 brn|[from] brn
|-sideend|p1: paralekz|Reflect
|upkeep
|
|t:|1779949761
|switch|p2a: Tandemauss|Maushold, shiny|100/100
|turn|16
|
|t:|1779949765
|-terastallize|p2a: Tandemauss|Ghost
|move|p1a: Zamazenta|Body Press|p2a: Tandemauss
|-immune|p2a: Tandemauss
|move|p2a: Tandemauss|Tidy Up|p2a: Tandemauss
|-boost|p2a: Tandemauss|atk|1
|-boost|p2a: Tandemauss|spe|1
|
|-damage|p1a: Zamazenta|32/100 brn|[from] brn
|-sideend|p1: paralekz|move: Light Screen
|upkeep
|turn|17
|
|t:|1779949779
|move|p2a: Tandemauss|Population Bomb|p1a: Zamazenta
|-damage|p1a: Zamazenta|29/100 brn
|-damage|p1a: Zamazenta|25/100 brn
|-damage|p1a: Zamazenta|21/100 brn
|-damage|p1a: Zamazenta|17/100 brn
|-damage|p1a: Zamazenta|13/100 brn
|-damage|p1a: Zamazenta|10/100 brn
|-damage|p1a: Zamazenta|6/100 brn
|-damage|p1a: Zamazenta|2/100 brn
|-damage|p1a: Zamazenta|0 fnt
|faint|p1a: Zamazenta
|-hitcount|p1: Zamazenta|9
|
|upkeep
|
|t:|1779949782
|switch|p1a: Grimmsnarl|Grimmsnarl, M|58/100 par
|turn|18
|
|t:|1779949789
|move|p1a: Grimmsnarl|Taunt|p2a: Tandemauss
|-start|p2a: Tandemauss|move: Taunt
|cant|p2a: Tandemauss|move: Taunt|Tidy Up
|
|upkeep
|turn|19
|
|t:|1779949793
|move|p1a: Grimmsnarl|Reflect|p1a: Grimmsnarl
|-sidestart|p1: paralekz|Reflect
|move|p2a: Tandemauss|Population Bomb|p1a: Grimmsnarl
|-damage|p1a: Grimmsnarl|51/100 par
|-damage|p1a: Grimmsnarl|43/100 par
|-damage|p1a: Grimmsnarl|36/100 par
|-damage|p1a: Grimmsnarl|27/100 par
|-damage|p1a: Grimmsnarl|20/100 par
|-damage|p1a: Grimmsnarl|13/100 par
|-damage|p1a: Grimmsnarl|6/100 par
|-damage|p1a: Grimmsnarl|0 fnt
|faint|p1a: Grimmsnarl
|-hitcount|p1: Grimmsnarl|8
|
|upkeep
|
|t:|1779949798
|switch|p1a: Iron Crown|Iron Crown|100/100
|-enditem|p1a: Iron Crown|Booster Energy
|-activate|p1a: Iron Crown|ability: Quark Drive|[fromitem]
|-start|p1a: Iron Crown|quarkdrivespe
|turn|20
|
|t:|1779949806
|move|p2a: Tandemauss|Bite|p1a: Iron Crown
|-supereffective|p1a: Iron Crown
|-damage|p1a: Iron Crown|72/100
|move|p1a: Iron Crown|Iron Defense|p1a: Iron Crown
|-boost|p1a: Iron Crown|def|2
|
|-end|p2a: Tandemauss|move: Taunt
|upkeep
|turn|21
|
|t:|1779949811
|move|p2a: Tandemauss|Encore|p1a: Iron Crown
|-start|p1a: Iron Crown|Encore
|move|p1a: Iron Crown|Iron Defense|p1a: Iron Crown
|-boost|p1a: Iron Crown|def|2
|
|upkeep
|turn|22
|
|t:|1779949815
|move|p2a: Tandemauss|Tidy Up|p2a: Tandemauss
|-boost|p2a: Tandemauss|atk|1
|-boost|p2a: Tandemauss|spe|1
|move|p1a: Iron Crown|Iron Defense|p1a: Iron Crown
|-boost|p1a: Iron Crown|def|2
|
|upkeep
|turn|23
|
|t:|1779949817
|move|p2a: Tandemauss|Tidy Up|p2a: Tandemauss
|-boost|p2a: Tandemauss|atk|1
|-boost|p2a: Tandemauss|spe|1
|move|p1a: Iron Crown|Iron Defense|p1a: Iron Crown
|-boost|p1a: Iron Crown|def|0
|
|-end|p1a: Iron Crown|Encore
|upkeep
|turn|24
|
|t:|1779949825
|move|p2a: Tandemauss|Encore|p1a: Iron Crown
|-start|p1a: Iron Crown|Encore
|move|p1a: Iron Crown|Iron Defense|p1a: Iron Crown
|-boost|p1a: Iron Crown|def|0
|
|upkeep
|turn|25
|
|t:|1779949827
|move|p2a: Tandemauss|Tidy Up|p2a: Tandemauss
|-boost|p2a: Tandemauss|atk|1
|-boost|p2a: Tandemauss|spe|1
|move|p1a: Iron Crown|Iron Defense|p1a: Iron Crown
|-boost|p1a: Iron Crown|def|0
|
|upkeep
|turn|26
|
|t:|1779949835
|-end|p1a: Iron Crown|Quark Drive|[silent]
|switch|p1a: Raging Bolt|Raging Bolt|100/100
|-enditem|p1a: Raging Bolt|Booster Energy
|-activate|p1a: Raging Bolt|ability: Protosynthesis|[fromitem]
|-start|p1a: Raging Bolt|protosynthesisspa
|move|p2a: Tandemauss|Tidy Up|p2a: Tandemauss
|-boost|p2a: Tandemauss|atk|1
|-boost|p2a: Tandemauss|spe|1
|
|-sideend|p1: paralekz|Reflect
|upkeep
|turn|27
|
|t:|1779949841
|move|p2a: Tandemauss|Population Bomb|p1a: Raging Bolt
|-damage|p1a: Raging Bolt|68/100
|-damage|p1a: Raging Bolt|38/100
|-damage|p1a: Raging Bolt|5/100
|-damage|p1a: Raging Bolt|0 fnt
|faint|p1a: Raging Bolt
|-end|p1a: Raging Bolt|Protosynthesis|[silent]
|-hitcount|p1: Raging Bolt|4
|
|upkeep
|
|t:|1779949844
|switch|p1a: Iron Crown|Iron Crown|72/100
|turn|28
|
|t:|1779949852
|move|p2a: Tandemauss|Bite|p1a: Iron Crown
|-supereffective|p1a: Iron Crown
|-damage|p1a: Iron Crown|0 fnt
|faint|p1a: Iron Crown
|-end|p1a: Iron Crown|Quark Drive|[silent]
|
|win|delacroixxx
|raw|paralekz's rating: 1338 &rarr; <strong>1323</strong><br />(-15 for losing)
|raw|delacroixxx's rating: 1430 &rarr; <strong>1445</strong><br />(+15 for winning)
|c|☆delacroixxx|gg
|l|☆delacroixxx
|player|p2|
