|j|☆claudechamp
|j|☆MimosaMan
|t:|1779865429
|gametype|singles
|player|p1|claudechamp|169|1297
|player|p2|MimosaMan|169|1324
|gen|9
|tier|[Gen 9] OU
|rated|
|rule|HP Percentage Mod: HP is shown in percentages
|rule|Endless Battle Clause: Forcing endless battles is banned
|rule|Species Clause: Limit one of each Pokémon
|rule|OHKO Clause: OHKO moves are banned
|rule|Evasion Items Clause: Evasion items are banned
|rule|Evasion Moves Clause: Evasion moves are banned
|rule|Evasion Abilities Clause: Evasion abilities are banned
|rule|Sleep Moves Clause: Sleep-inducing moves are banned
|clearpoke
|poke|p1|Gliscor, M|
|poke|p1|Gholdengo|
|poke|p1|Zamazenta-*|
|poke|p1|Blissey, F|
|poke|p1|Skarmory, M|
|poke|p1|Pecharunt|
|poke|p2|Great Tusk|
|poke|p2|Ceruledge, M|
|poke|p2|Hatterene, F|
|poke|p2|Raging Bolt|
|poke|p2|Walking Wake|
|poke|p2|Torkoal, M|
|teampreview
|c|☆claudechamp|hf
|inactive|Battle timer is ON: inactive players will automatically lose when time's up. (requested by claudechamp)
|
|t:|1779865435
|teamsize|p1|6
|teamsize|p2|6
|start
|switch|p1a: Skarmory|Skarmory, M|100/100
|switch|p2a: Torkoal|Torkoal, M|100/100
|-weather|SunnyDay|[from] ability: Drought|[of] p2a: Torkoal
|turn|1
|c|☆MimosaMan|ut
|
|t:|1779865444
|switch|p1a: Gliscor|Gliscor, M|100/100
|move|p2a: Torkoal|Lava Plume|p1a: Gliscor
|-damage|p1a: Gliscor|67/100
|
|-weather|SunnyDay|[upkeep]
|-status|p1a: Gliscor|tox|[from] item: Toxic Orb
|upkeep
|turn|2
|
|t:|1779865455
|switch|p2a: Great Tusk|Great Tusk|100/100
|-activate|p2a: Great Tusk|ability: Protosynthesis
|-start|p2a: Great Tusk|protosynthesisspe
|move|p1a: Gliscor|Swords Dance|p1a: Gliscor
|-boost|p1a: Gliscor|atk|2
|
|-weather|SunnyDay|[upkeep]
|-heal|p1a: Gliscor|79/100 tox|[from] ability: Poison Heal
|upkeep
|turn|3
|
|t:|1779865465
|move|p2a: Great Tusk|Bulk Up|p2a: Great Tusk
|-boost|p2a: Great Tusk|atk|1
|-boost|p2a: Great Tusk|def|1
|move|p1a: Gliscor|Earthquake|p2a: Great Tusk
|-damage|p2a: Great Tusk|74/100
|
|-weather|SunnyDay|[upkeep]
|-heal|p2a: Great Tusk|80/100|[from] item: Leftovers
|-heal|p1a: Gliscor|92/100 tox|[from] ability: Poison Heal
|upkeep
|turn|4
|
|t:|1779865473
|switch|p1a: Skarmory|Skarmory, M|100/100
|move|p2a: Great Tusk|Ice Spinner|p1a: Skarmory
|-damage|p1a: Skarmory|78/100
|
|-weather|SunnyDay|[upkeep]
|-heal|p2a: Great Tusk|86/100|[from] item: Leftovers
|upkeep
|turn|5
|
|t:|1779865480
|move|p2a: Great Tusk|Bulk Up|p2a: Great Tusk
|-boost|p2a: Great Tusk|atk|1
|-boost|p2a: Great Tusk|def|1
|move|p1a: Skarmory|Whirlwind|p2a: Great Tusk
|-end|p2a: Great Tusk|Protosynthesis|[silent]
|drag|p2a: Hatterene|Hatterene, F|100/100
|
|-weather|SunnyDay|[upkeep]
|upkeep
|turn|6
|
|t:|1779865488
|switch|p2a: Walking Wake|Walking Wake|100/100
|-activate|p2a: Walking Wake|ability: Protosynthesis
|-start|p2a: Walking Wake|protosynthesisspe
|move|p1a: Skarmory|Roost|p1a: Skarmory
|-heal|p1a: Skarmory|100/100
|-singleturn|p1a: Skarmory|move: Roost
|
|-weather|SunnyDay|[upkeep]
|upkeep
|turn|7
|
|t:|1779865500
|-end|p2a: Walking Wake|Protosynthesis|[silent]
|switch|p2a: Great Tusk|Great Tusk|86/100
|-activate|p2a: Great Tusk|ability: Protosynthesis
|-start|p2a: Great Tusk|protosynthesisspe
|move|p1a: Skarmory|Spikes|p2a: Great Tusk
|-sidestart|p2: MimosaMan|Spikes
|
|-weather|SunnyDay|[upkeep]
|-heal|p2a: Great Tusk|92/100|[from] item: Leftovers
|upkeep
|turn|8
|
|t:|1779865510
|move|p2a: Great Tusk|Bulk Up|p2a: Great Tusk
|-boost|p2a: Great Tusk|atk|1
|-boost|p2a: Great Tusk|def|1
|move|p1a: Skarmory|Whirlwind|p2a: Great Tusk
|-end|p2a: Great Tusk|Protosynthesis|[silent]
|drag|p2a: Walking Wake|Walking Wake|100/100
|-damage|p2a: Walking Wake|88/100|[from] Spikes
|-activate|p2a: Walking Wake|ability: Protosynthesis
|-start|p2a: Walking Wake|protosynthesisspe
|
|-weather|none
|-end|p2a: Walking Wake|Protosynthesis
|upkeep
|turn|9
|
|t:|1779865520
|-terastallize|p2a: Walking Wake|Water
|move|p2a: Walking Wake|Hydro Steam|p1a: Skarmory
|-ability|p1a: Skarmory|Sturdy
|-damage|p1a: Skarmory|1/100
|move|p1a: Skarmory|Spikes|p2a: Walking Wake
|-sidestart|p2: MimosaMan|Spikes
|
|upkeep
|turn|10
|
|t:|1779865529
|-end|p2a: Walking Wake|Protosynthesis|[silent]
|switch|p2a: Great Tusk|Great Tusk|92/100
|-damage|p2a: Great Tusk|76/100|[from] Spikes
|switch|p1a: Blissey|Blissey, F|100/100
|
|-heal|p2a: Great Tusk|82/100|[from] item: Leftovers
|upkeep
|turn|11
|
|t:|1779865538
|move|p2a: Great Tusk|Rapid Spin|p1a: Blissey
|-damage|p1a: Blissey|85/100
|-boost|p2a: Great Tusk|spe|1
|-sideend|p2: MimosaMan|Spikes|[from] move: Rapid Spin|[of] p2a: Great Tusk
|move|p1a: Blissey|Stealth Rock|p2a: Great Tusk
|-sidestart|p2: MimosaMan|move: Stealth Rock
|
|-heal|p2a: Great Tusk|88/100|[from] item: Leftovers
|upkeep
|turn|12
|
|t:|1779865548
|switch|p1a: Pecharunt|Pecharunt|100/100
|move|p2a: Great Tusk|Rapid Spin|p1a: Pecharunt
|-immune|p1a: Pecharunt
|
|-heal|p2a: Great Tusk|94/100|[from] item: Leftovers
|upkeep
|turn|13
|
|t:|1779865558
|-end|p2a: Great Tusk|Protosynthesis|[silent]
|switch|p2a: Hatterene|Hatterene, F|100/100
|-damage|p2a: Hatterene|88/100|[from] Stealth Rock
|move|p1a: Pecharunt|Shadow Ball|p2a: Hatterene
|-supereffective|p2a: Hatterene
|-damage|p2a: Hatterene|46/100
|-enditem|p2a: Hatterene|Eject Button
|
|t:|1779865567
|switch|p2a: Walking Wake|Walking Wake, tera:Water|88/100
|-damage|p2a: Walking Wake|76/100|[from] Stealth Rock
|
|upkeep
|turn|14
|
|t:|1779865575
|switch|p1a: Blissey|Blissey, F|85/100
|move|p2a: Walking Wake|Hydro Steam|p1a: Blissey
|-damage|p1a: Blissey|61/100
|
|upkeep
|turn|15
|
|t:|1779865582
|-end|p2a: Walking Wake|Protosynthesis|[silent]
|switch|p2a: Great Tusk|Great Tusk|94/100
|-damage|p2a: Great Tusk|91/100|[from] Stealth Rock
|move|p1a: Blissey|Soft-Boiled|p1a: Blissey
|-heal|p1a: Blissey|100/100
|
|-heal|p2a: Great Tusk|98/100|[from] item: Leftovers
|upkeep
|turn|16
|
|t:|1779865591
|move|p2a: Great Tusk|Headlong Rush|p1a: Blissey
|-damage|p1a: Blissey|44/100
|-unboost|p2a: Great Tusk|def|1
|-unboost|p2a: Great Tusk|spd|1
|move|p1a: Blissey|Shadow Ball|p2a: Great Tusk
|-damage|p2a: Great Tusk|71/100
|
|-heal|p2a: Great Tusk|77/100|[from] item: Leftovers
|upkeep
|turn|17
|
|t:|1779865607
|-end|p2a: Great Tusk|Protosynthesis|[silent]
|switch|p2a: Ceruledge|Ceruledge, M|100/100
|-damage|p2a: Ceruledge|76/100|[from] Stealth Rock
|move|p1a: Blissey|Shadow Ball|p2a: Ceruledge
|-supereffective|p2a: Ceruledge
|-damage|p2a: Ceruledge|40/100
|
|upkeep
|turn|18
|
|t:|1779865615
|move|p2a: Ceruledge|Bitter Blade|p1a: Blissey
|-damage|p1a: Blissey|0 fnt
|-heal|p2a: Ceruledge|88/100|[from] drain|[of] p1a: Blissey
|faint|p1a: Blissey
|
|upkeep
|
|t:|1779865624
|switch|p1a: Pecharunt|Pecharunt|100/100
|turn|19
|
|t:|1779865632
|move|p2a: Ceruledge|Bitter Blade|p1a: Pecharunt
|-damage|p1a: Pecharunt|77/100
|-heal|p2a: Ceruledge|100/100|[from] drain|[of] p1a: Pecharunt
|move|p1a: Pecharunt|Toxic|p2a: Ceruledge
|-status|p2a: Ceruledge|tox
|-start|p2a: Ceruledge|confusion|[from] ability: Poison Puppeteer|[of] p1a: Pecharunt
|
|-damage|p2a: Ceruledge|94/100 tox|[from] psn
|upkeep
|turn|20
|
|t:|1779865647
|-activate|p2a: Ceruledge|confusion
|-damage|p2a: Ceruledge|75/100 tox|[from] confusion
|move|p1a: Pecharunt|Parting Shot|p2a: Ceruledge
|-unboost|p2a: Ceruledge|atk|1
|-unboost|p2a: Ceruledge|spa|1
|
|t:|1779865654
|switch|p1a: Zamazenta|Zamazenta|100/100|[from] Parting Shot
|-ability|p1a: Zamazenta|Dauntless Shield|boost
|-boost|p1a: Zamazenta|def|1
|
|-damage|p2a: Ceruledge|63/100 tox|[from] psn
|upkeep
|turn|21
|
|t:|1779865663
|-terastallize|p1a: Zamazenta|Ice
|move|p1a: Zamazenta|Ice Fang|p2a: Ceruledge
|-resisted|p2a: Ceruledge
|-damage|p2a: Ceruledge|42/100 tox
|-ability|p2a: Ceruledge|Weak Armor|boost
|-unboost|p2a: Ceruledge|def|1
|-boost|p2a: Ceruledge|spe|2
|cant|p2a: Ceruledge|flinch
|
|-damage|p2a: Ceruledge|24/100 tox|[from] psn
|upkeep
|turn|22
|
|t:|1779865674
|-activate|p2a: Ceruledge|confusion
|move|p2a: Ceruledge|Bitter Blade|p1a: Zamazenta
|-supereffective|p1a: Zamazenta
|-damage|p1a: Zamazenta|62/100
|-heal|p2a: Ceruledge|45/100 tox|[from] drain|[of] p1a: Zamazenta
|move|p1a: Zamazenta|Crunch|p2a: Ceruledge
|-supereffective|p2a: Ceruledge
|-damage|p2a: Ceruledge|0 fnt
|faint|p2a: Ceruledge
|
|upkeep
|
|t:|1779865688
|switch|p2a: Torkoal|Torkoal, M|100/100
|-damage|p2a: Torkoal|76/100|[from] Stealth Rock
|-weather|SunnyDay|[from] ability: Drought|[of] p2a: Torkoal
|turn|23
|
|t:|1779865697
|switch|p1a: Pecharunt|Pecharunt|77/100
|move|p2a: Torkoal|Lava Plume|p1a: Pecharunt
|-damage|p1a: Pecharunt|43/100
|
|-weather|SunnyDay|[upkeep]
|upkeep
|turn|24
|
|t:|1779865710
|switch|p2a: Hatterene|Hatterene, F|46/100
|-damage|p2a: Hatterene|34/100|[from] Stealth Rock
|move|p1a: Pecharunt|Toxic|p2a: Hatterene
|move|p2a: Hatterene|Toxic|p1a: Pecharunt|[from] ability: Magic Bounce
|-immune|p1a: Pecharunt
|
|-weather|SunnyDay|[upkeep]
|upkeep
|turn|25
|
|t:|1779865718
|move|p1a: Pecharunt|Shadow Ball|p2a: Hatterene
|-supereffective|p2a: Hatterene
|-damage|p2a: Hatterene|0 fnt
|faint|p2a: Hatterene
|
|-weather|SunnyDay|[upkeep]
|upkeep
|
|t:|1779865724
|switch|p2a: Walking Wake|Walking Wake, tera:Water|76/100
|-damage|p2a: Walking Wake|63/100|[from] Stealth Rock
|-activate|p2a: Walking Wake|ability: Protosynthesis
|-start|p2a: Walking Wake|protosynthesisspe
|turn|26
|
|t:|1779865734
|move|p2a: Walking Wake|Hydro Steam|p1a: Pecharunt
|-damage|p1a: Pecharunt|0 fnt
|faint|p1a: Pecharunt
|
|-weather|SunnyDay|[upkeep]
|upkeep
|
|t:|1779865744
|switch|p1a: Zamazenta|Zamazenta, tera:Ice|62/100
|turn|27
|
|t:|1779865756
|move|p2a: Walking Wake|Hydro Steam|p1a: Zamazenta
|-damage|p1a: Zamazenta|0 fnt
|faint|p1a: Zamazenta
|
|-weather|SunnyDay|[upkeep]
|upkeep
|
|t:|1779865762
|switch|p1a: Gliscor|Gliscor, M|92/100 tox
|turn|28
|
|t:|1779865774
|move|p1a: Gliscor|Protect|p1a: Gliscor
|-singleturn|p1a: Gliscor|Protect
|move|p2a: Walking Wake|Hydro Steam|p1a: Gliscor
|-activate|p1a: Gliscor|move: Protect
|
|-weather|SunnyDay|[upkeep]
|-heal|p1a: Gliscor|100/100 tox|[from] ability: Poison Heal
|upkeep
|turn|29
|
|t:|1779865783
|move|p2a: Walking Wake|Hydro Steam|p1a: Gliscor
|-supereffective|p1a: Gliscor
|-damage|p1a: Gliscor|0 fnt
|faint|p1a: Gliscor
|
|-weather|SunnyDay|[upkeep]
|upkeep
|
|t:|1779865788
|switch|p1a: Gholdengo|Gholdengo|100/100
|turn|30
|
|t:|1779865793
|move|p2a: Walking Wake|Hydro Steam|p1a: Gholdengo
|-damage|p1a: Gholdengo|0 fnt
|faint|p1a: Gholdengo
|
|-weather|none
|-end|p2a: Walking Wake|Protosynthesis
|upkeep
|
|t:|1779865797
|switch|p1a: Skarmory|Skarmory, M|1/100
|turn|31
|
|t:|1779865800
|move|p2a: Walking Wake|Hydro Steam|p1a: Skarmory
|-damage|p1a: Skarmory|0 fnt
|faint|p1a: Skarmory
|
|win|MimosaMan
|raw|claudechamp's rating: 1243 &rarr; <strong>1224</strong><br />(-19 for losing)
|raw|MimosaMan's rating: 1324 &rarr; <strong>1339</strong><br />(+15 for winning)
|c|☆claudechamp|gg
|c|☆MimosaMan|gg
