|j|☆RDBazryth
|j|☆Jairojorge
|t:|1779802849
|gametype|singles
|player|p1|RDBazryth|benga|1205
|player|p2|Jairojorge|hilbert|1187
|gen|9
|tier|[Gen 9] OU
|rated|
|rule|HP Percentage Mod: HP is shown in percentages
|rule|Endless Battle Clause: Forcing endless battles is banned
|rule|Species Clause: Limit one of each Pokémon
|rule|OHKO Clause: OHKO moves are banned
|rule|Evasion Items Clause: Evasion items are banned
|rule|Evasion Moves Clause: Evasion moves are banned
|rule|Evasion Abilities Clause: Evasion abilities are banned
|rule|Sleep Moves Clause: Sleep-inducing moves are banned
|clearpoke
|poke|p1|Zoroark-Hisui, F|
|poke|p1|Kingambit, M|
|poke|p1|Enamorus-Therian, F|
|poke|p1|Conkeldurr, F|
|poke|p1|Raging Bolt|
|poke|p1|Landorus-Therian, M|
|poke|p2|Samurott-Hisui, M|
|poke|p2|Dragapult, F|
|poke|p2|Kingambit, F|
|poke|p2|Great Tusk|
|poke|p2|Slowking-Galar, F|
|poke|p2|Ogerpon-Wellspring, F|
|teampreview
|inactive|Battle timer is ON: inactive players will automatically lose when time's up. (requested by RDBazryth)
|
|t:|1779802861
|teamsize|p1|6
|teamsize|p2|6
|start
|switch|p1a: Landorus|Landorus-Therian, M|100/100
|switch|p2a: Samurott|Samurott-Hisui, M|100/100
|-ability|p1a: Landorus|Intimidate|boost
|-unboost|p2a: Samurott|atk|1
|turn|1
|
|t:|1779802865
|move|p1a: Landorus|U-turn|p2a: Samurott
|-supereffective|p2a: Samurott
|-damage|p2a: Samurott|34/100
|inactive|RDBazryth has 120 seconds left.
|
|t:|1779802899
|switch|p1a: Enamorus|Enamorus-Therian, F|100/100|[from] U-turn
|move|p2a: Samurott|Ceaseless Edge|p1a: Enamorus
|-resisted|p1a: Enamorus
|-damage|p1a: Enamorus|87/100
|-sidestart|p1: RDBazryth|Spikes
|
|upkeep
|turn|2
|
|t:|1779802908
|move|p2a: Samurott|Ceaseless Edge|p1a: Enamorus
|-resisted|p1a: Enamorus
|-damage|p1a: Enamorus|73/100
|-sidestart|p1: RDBazryth|Spikes
|move|p1a: Enamorus|Springtide Storm|p2a: Samurott
|-supereffective|p2a: Samurott
|-damage|p2a: Samurott|0 fnt
|faint|p2a: Samurott
|
|upkeep
|
|t:|1779802929
|switch|p2a: Slowking|Slowking-Galar, F|100/100
|turn|3
|
|t:|1779802935
|move|p1a: Enamorus|Earth Power|p2a: Slowking
|-supereffective|p2a: Slowking
|-damage|p2a: Slowking|60/100
|move|p2a: Slowking|Sludge Bomb|p1a: Enamorus
|-supereffective|p1a: Enamorus
|-damage|p1a: Enamorus|6/100
|
|upkeep
|turn|4
|
|t:|1779802944
|switch|p1a: Kingambit|Kingambit, M|100/100
|-damage|p1a: Kingambit|84/100|[from] Spikes
|move|p2a: Slowking|Sludge Bomb|p1a: Kingambit
|-immune|p1a: Kingambit
|
|-heal|p1a: Kingambit|90/100|[from] item: Leftovers
|upkeep
|turn|5
|
|t:|1779802952
|move|p1a: Kingambit|Swords Dance|p1a: Kingambit
|-boost|p1a: Kingambit|atk|2
|move|p2a: Slowking|Flamethrower|p1a: Kingambit
|-supereffective|p1a: Kingambit
|-crit|p1a: Kingambit
|-damage|p1a: Kingambit|12/100
|
|-heal|p1a: Kingambit|18/100|[from] item: Leftovers
|upkeep
|turn|6
|
|t:|1779802958
|move|p1a: Kingambit|Sucker Punch|p2a: Slowking
|-supereffective|p2a: Slowking
|-damage|p2a: Slowking|0 fnt
|faint|p2a: Slowking
|
|-heal|p1a: Kingambit|24/100|[from] item: Leftovers
|upkeep
|
|t:|1779802962
|switch|p2a: Great Tusk|Great Tusk|100/100
|turn|7
|
|t:|1779802969
|-terastallize|p1a: Kingambit|Ghost
|move|p2a: Great Tusk|Earthquake|p1a: Kingambit
|-damage|p1a: Kingambit|0 fnt
|faint|p1a: Kingambit
|-end|p1a: Kingambit|fallenundefined|[silent]
|
|upkeep
|
|t:|1779802984
|switch|p1a: Conkeldurr|Conkeldurr, F, shiny|100/100
|-damage|p1a: Conkeldurr|84/100|[from] Spikes
|turn|8
|
|t:|1779802988
|move|p2a: Great Tusk|Earthquake|p1a: Conkeldurr
|-damage|p1a: Conkeldurr|44/100
|move|p1a: Conkeldurr|Ice Punch|p2a: Great Tusk
|-supereffective|p2a: Great Tusk
|-damage|p2a: Great Tusk|71/100
|-status|p2a: Great Tusk|frz
|
|-heal|p2a: Great Tusk|77/100 frz|[from] item: Leftovers
|-status|p1a: Conkeldurr|brn|[from] item: Flame Orb
|upkeep
|turn|9
|
|t:|1779802999
|cant|p2a: Great Tusk|frz
|move|p1a: Conkeldurr|Ice Punch|p2a: Great Tusk
|-supereffective|p2a: Great Tusk
|-damage|p2a: Great Tusk|32/100 frz
|
|-heal|p2a: Great Tusk|38/100 frz|[from] item: Leftovers
|-damage|p1a: Conkeldurr|38/100 brn|[from] brn
|upkeep
|turn|10
|
|t:|1779803004
|cant|p2a: Great Tusk|frz
|move|p1a: Conkeldurr|Ice Punch|p2a: Great Tusk
|-supereffective|p2a: Great Tusk
|-damage|p2a: Great Tusk|0 fnt
|faint|p2a: Great Tusk
|-end|p2a: Great Tusk|Protosynthesis|[silent]
|
|-damage|p1a: Conkeldurr|32/100 brn|[from] brn
|upkeep
|
|t:|1779803008
|switch|p2a: Ogerpon|Ogerpon-Wellspring, F|100/100
|turn|11
|inactive|RDBazryth has 120 seconds left.
|
|t:|1779803047
|move|p2a: Ogerpon|Ivy Cudgel|p1a: Conkeldurr|[anim] Ivy Cudgel Water
|-damage|p1a: Conkeldurr|0 fnt
|faint|p1a: Conkeldurr
|
|upkeep
|
|t:|1779803051
|switch|p1a: Landorus|Landorus-Therian, M|100/100
|-ability|p1a: Landorus|Intimidate|boost
|-unboost|p2a: Ogerpon|atk|1
|turn|12
|
|t:|1779803057
|switch|p2a: Dragapult|Dragapult, F|100/100
|move|p1a: Landorus|U-turn|p2a: Dragapult
|-resisted|p2a: Dragapult
|-damage|p2a: Dragapult|82/100
|
|t:|1779803065
|switch|p1a: Enamorus|Enamorus-Therian, F|100/100|[from] U-turn
|-damage|p1a: Enamorus|84/100|[from] Spikes
|
|upkeep
|turn|13
|
|t:|1779803083
|move|p2a: Dragapult|Shadow Ball|p1a: Enamorus
|-immune|p1a: Enamorus
|move|p1a: Enamorus|Bitter Malice|p2a: Dragapult
|-supereffective|p2a: Dragapult
|-damage|p2a: Dragapult|0 fnt
|faint|p2a: Dragapult
|
|upkeep
|
|t:|1779803089
|switch|p2a: Ogerpon|Ogerpon-Wellspring, F|100/100
|turn|14
|
|t:|1779803099
|move|p2a: Ogerpon|Swords Dance|p2a: Ogerpon
|-boost|p2a: Ogerpon|atk|2
|move|p1a: Enamorus|Bitter Malice|p2a: Ogerpon
|-damage|p2a: Ogerpon|54/100
|-unboost|p2a: Ogerpon|atk|1
|
|upkeep
|turn|15
|
|t:|1779803108
|move|p2a: Ogerpon|Ivy Cudgel|p1a: Enamorus|[anim] Ivy Cudgel Water
|-damage|p1a: Enamorus|0 fnt
|replace|p1a: Zoroark|Zoroark-Hisui, F
|-end|p1a: Zoroark|Illusion
|faint|p1a: Zoroark
|
|upkeep
|
|t:|1779803113
|switch|p1a: Landorus|Landorus-Therian, M|100/100
|-ability|p1a: Landorus|Intimidate|boost
|-unboost|p2a: Ogerpon|atk|1
|turn|16
|
|t:|1779803116
|move|p1a: Landorus|U-turn|p2a: Ogerpon
|-supereffective|p2a: Ogerpon
|-damage|p2a: Ogerpon|0 fnt
|faint|p2a: Ogerpon
|
|t:|1779803124
|switch|p1a: Enamorus|Enamorus-Therian, F|6/100|[from] U-turn
|
|upkeep
|
|t:|1779803127
|switch|p2a: Kingambit|Kingambit, F|100/100
|-activate|p2a: Kingambit|ability: Supreme Overlord
|-start|p2a: Kingambit|fallen5|[silent]
|turn|17
|-enditem|p1a: Enamorus|Custap Berry|[eat]
|-activate|p1a: Enamorus|item: Custap Berry|[consumed]
|
|t:|1779803130
|move|p2a: Kingambit|Sucker Punch|p1a: Enamorus
|-resisted|p1a: Enamorus
|-damage|p1a: Enamorus|0 fnt
|faint|p1a: Enamorus
|-damage|p2a: Kingambit|91/100|[from] item: Life Orb
|
|upkeep
|
|t:|1779803143
|switch|p1a: Landorus|Landorus-Therian, M|100/100
|-ability|p1a: Landorus|Intimidate|boost
|-unboost|p2a: Kingambit|atk|1
|turn|18
|
|t:|1779803146
|move|p2a: Kingambit|Sucker Punch|p1a: Landorus
|-damage|p1a: Landorus|36/100
|-damage|p2a: Kingambit|81/100|[from] item: Life Orb
|move|p1a: Landorus|Earthquake|p2a: Kingambit
|-supereffective|p2a: Kingambit
|-damage|p2a: Kingambit|2/100
|
|upkeep
|turn|19
|
|t:|1779803151
|move|p2a: Kingambit|Sucker Punch|p1a: Landorus
|-damage|p1a: Landorus|0 fnt
|faint|p1a: Landorus
|-damage|p2a: Kingambit|0 fnt|[from] item: Life Orb
|faint|p2a: Kingambit
|-end|p2a: Kingambit|fallen5|[silent]
|
|win|RDBazryth
|raw|RDBazryth's rating: 1205 &rarr; <strong>1229</strong><br />(+24 for winning)
|raw|Jairojorge's rating: 1187 &rarr; <strong>1163</strong><br />(-24 for losing)
|l|☆Jairojorge
|player|p2|
|l|☆RDBazryth
|player|p1|
