|j|☆BananeTTV
|j|☆blooflazh
|t:|1779847021
|gametype|singles
|player|p1|BananeTTV|plasmagruntf|1180
|player|p2|blooflazh|rood|1162
|gen|9
|tier|[Gen 9] OU
|rated|
|rule|HP Percentage Mod: HP is shown in percentages
|rule|Endless Battle Clause: Forcing endless battles is banned
|rule|Species Clause: Limit one of each Pokémon
|rule|OHKO Clause: OHKO moves are banned
|rule|Evasion Items Clause: Evasion items are banned
|rule|Evasion Moves Clause: Evasion moves are banned
|rule|Evasion Abilities Clause: Evasion abilities are banned
|rule|Sleep Moves Clause: Sleep-inducing moves are banned
|clearpoke
|poke|p1|Great Tusk|
|poke|p1|Gliscor, M|
|poke|p1|Darkrai|
|poke|p1|Gholdengo|
|poke|p1|Kyurem|
|poke|p1|Zamazenta-*|
|poke|p2|Scyther, M|
|poke|p2|Shelgon, F|
|poke|p2|Porygon2|
|poke|p2|Metang|
|poke|p2|Cryogonal|
|poke|p2|Magmar, F|
|teampreview
|inactive|Battle timer is ON: inactive players will automatically lose when time's up. (requested by BananeTTV)
|
|t:|1779847032
|teamsize|p1|6
|teamsize|p2|6
|start
|switch|p1a: Gliscor|Gliscor, M, shiny|100/100
|switch|p2a: Cryogonal|Cryogonal|100/100
|turn|1
|
|t:|1779847046
|switch|p1a: Kyurem|Kyurem, shiny|100/100
|-ability|p1a: Kyurem|Pressure
|move|p2a: Cryogonal|Freeze-Dry|p1a: Kyurem
|-damage|p1a: Kyurem|75/100
|
|upkeep
|turn|2
|
|t:|1779847057
|move|p2a: Cryogonal|Reflect|p2a: Cryogonal
|-sidestart|p2: blooflazh|Reflect
|move|p1a: Kyurem|Dragon Dance|p1a: Kyurem
|-boost|p1a: Kyurem|atk|1
|-boost|p1a: Kyurem|spe|1
|
|upkeep
|turn|3
|
|t:|1779847062
|move|p1a: Kyurem|Dragon Dance|p1a: Kyurem
|-boost|p1a: Kyurem|atk|1
|-boost|p1a: Kyurem|spe|1
|move|p2a: Cryogonal|Haze|p2a: Cryogonal
|-clearallboost
|
|upkeep
|turn|4
|
|t:|1779847072
|move|p2a: Cryogonal|Freeze-Dry|p1a: Kyurem
|-damage|p1a: Kyurem|48/100
|move|p1a: Kyurem|Earth Power|p2a: Cryogonal
|-immune|p2a: Cryogonal|[from] ability: Levitate
|
|upkeep
|turn|5
|c|☆blooflazh|LOL
|
|t:|1779847098
|move|p2a: Cryogonal|Freeze-Dry|p1a: Kyurem
|-damage|p1a: Kyurem|24/100
|move|p1a: Kyurem|Dragon Dance|p1a: Kyurem
|-boost|p1a: Kyurem|atk|1
|-boost|p1a: Kyurem|spe|1
|
|upkeep
|turn|6
|
|t:|1779847112
|move|p1a: Kyurem|Icicle Spear|p2a: Cryogonal
|-resisted|p2a: Cryogonal
|-damage|p2a: Cryogonal|94/100
|-resisted|p2a: Cryogonal
|-damage|p2a: Cryogonal|87/100
|-resisted|p2a: Cryogonal
|-damage|p2a: Cryogonal|80/100
|-resisted|p2a: Cryogonal
|-damage|p2a: Cryogonal|73/100
|-resisted|p2a: Cryogonal
|-damage|p2a: Cryogonal|66/100
|-hitcount|p2a: Cryogonal|5
|move|p2a: Cryogonal|Freeze-Dry|p1a: Kyurem
|-damage|p1a: Kyurem|0 fnt
|faint|p1a: Kyurem
|
|upkeep
|
|t:|1779847130
|switch|p1a: Gholdengo|Gholdengo|100/100
|turn|7
|
|t:|1779847144
|switch|p2a: duc|Magmar, F|100/100
|move|p1a: Gholdengo|Nasty Plot|p1a: Gholdengo
|-boost|p1a: Gholdengo|spa|2
|
|upkeep
|turn|8
|
|t:|1779847154
|move|p2a: duc|Overheat|p1a: Gholdengo
|-supereffective|p1a: Gholdengo
|-damage|p1a: Gholdengo|0 fnt
|-unboost|p2a: duc|spa|2
|faint|p1a: Gholdengo
|
|upkeep
|c|☆blooflazh|duc
|
|t:|1779847165
|switch|p1a: Gliscor|Gliscor, M, shiny|100/100
|turn|9
|
|t:|1779847170
|move|p2a: duc|Knock Off|p1a: Gliscor
|-damage|p1a: Gliscor|80/100
|-enditem|p1a: Gliscor|Toxic Orb|[from] move: Knock Off|[of] p2a: duc
|move|p1a: Gliscor|Toxic|p2a: duc
|-status|p2a: duc|tox
|
|-damage|p2a: duc|95/100 tox|[from] psn
|-sideend|p2: blooflazh|Reflect
|upkeep
|turn|10
|
|t:|1779847180
|switch|p2a: Cryogonal|Cryogonal|66/100
|move|p1a: Gliscor|Spikes|p2a: Cryogonal
|-sidestart|p2: blooflazh|Spikes
|
|upkeep
|turn|11
|
|t:|1779847186
|move|p1a: Gliscor|Protect|p1a: Gliscor
|-singleturn|p1a: Gliscor|Protect
|move|p2a: Cryogonal|Reflect|p2a: Cryogonal
|-sidestart|p2: blooflazh|Reflect
|
|upkeep
|turn|12
|
|t:|1779847198
|move|p2a: Cryogonal|Freeze-Dry|p1a: Gliscor
|-supereffective|p1a: Gliscor
|-damage|p1a: Gliscor|0 fnt
|faint|p1a: Gliscor
|
|upkeep
|
|t:|1779847200
|switch|p1a: Zamazenta|Zamazenta, shiny|100/100
|-ability|p1a: Zamazenta|Dauntless Shield|boost
|-boost|p1a: Zamazenta|def|1
|turn|13
|
|t:|1779847208
|move|p1a: Zamazenta|Iron Defense|p1a: Zamazenta
|-boost|p1a: Zamazenta|def|2
|move|p2a: Cryogonal|Haze|p2a: Cryogonal
|-clearallboost
|
|upkeep
|turn|14
|
|t:|1779847215
|move|p1a: Zamazenta|Iron Defense|p1a: Zamazenta
|-boost|p1a: Zamazenta|def|2
|move|p2a: Cryogonal|Rapid Spin|p1a: Zamazenta
|-damage|p1a: Zamazenta|98/100
|-boost|p2a: Cryogonal|spe|1
|-sideend|p2: blooflazh|Spikes|[from] move: Rapid Spin|[of] p2a: Cryogonal
|
|upkeep
|turn|15
|
|t:|1779847219
|move|p2a: Cryogonal|Haze|p2a: Cryogonal
|-clearallboost
|move|p1a: Zamazenta|Body Press|p2a: Cryogonal
|-supereffective|p2a: Cryogonal
|-damage|p2a: Cryogonal|9/100
|
|upkeep
|turn|16
|
|t:|1779847225
|move|p1a: Zamazenta|Body Press|p2a: Cryogonal
|-supereffective|p2a: Cryogonal
|-damage|p2a: Cryogonal|0 fnt
|faint|p2a: Cryogonal
|
|upkeep
|
|t:|1779847229
|switch|p2a: Scyther|Scyther, M, shiny|100/100
|turn|17
|
|t:|1779847246
|-terastallize|p1a: Zamazenta|Dark
|move|p1a: Zamazenta|Crunch|p2a: Scyther
|-damage|p2a: Scyther|83/100
|-unboost|p2a: Scyther|def|1
|move|p2a: Scyther|Swords Dance|p2a: Scyther
|-boost|p2a: Scyther|atk|2
|
|upkeep
|turn|18
|
|t:|1779847259
|move|p1a: Zamazenta|Crunch|p2a: Scyther
|-damage|p2a: Scyther|60/100
|move|p2a: Scyther|Trailblaze|p1a: Zamazenta
|-damage|p1a: Zamazenta|61/100
|-boost|p2a: Scyther|spe|1
|
|-sideend|p2: blooflazh|Reflect
|upkeep
|turn|19
|
|t:|1779847266
|move|p2a: Scyther|Close Combat|p1a: Zamazenta
|-supereffective|p1a: Zamazenta
|-damage|p1a: Zamazenta|0 fnt
|-unboost|p2a: Scyther|def|1
|-unboost|p2a: Scyther|spd|1
|faint|p1a: Zamazenta
|
|upkeep
|
|t:|1779847270
|switch|p1a: Great Tusk|Great Tusk|100/100
|turn|20
|c|☆blooflazh|ggbrih
|
|t:|1779847284
|move|p2a: Scyther|Dual Wingbeat|p1a: Great Tusk
|-supereffective|p1a: Great Tusk
|-damage|p1a: Great Tusk|13/100
|-supereffective|p1a: Great Tusk
|-damage|p1a: Great Tusk|0 fnt
|faint|p1a: Great Tusk
|-end|p1a: Great Tusk|Protosynthesis|[silent]
|-hitcount|p1: Great Tusk|2
|
|upkeep
|
|t:|1779847288
|switch|p1a: Darkrai|Darkrai, shiny|100/100
|turn|21
|
|t:|1779847295
|move|p1a: Darkrai|Trick|p2a: Scyther
|-activate|p1a: Darkrai|move: Trick|[of] p2a: Scyther
|-item|p2a: Scyther|Choice Scarf|[from] move: Trick
|-item|p1a: Darkrai|Eviolite|[from] move: Trick
|move|p2a: Scyther|Close Combat|p1a: Darkrai
|-supereffective|p1a: Darkrai
|-damage|p1a: Darkrai|0 fnt
|-unboost|p2a: Scyther|def|1
|-unboost|p2a: Scyther|spd|1
|faint|p1a: Darkrai
|
|win|blooflazh
|raw|BananeTTV's rating: 1180 &rarr; <strong>1154</strong><br />(-26 for losing)
|raw|blooflazh's rating: 1162 &rarr; <strong>1188</strong><br />(+26 for winning)
|l|☆blooflazh
|player|p2|
|l|☆BananeTTV
|player|p1|
