|j|☆4axes
|j|☆its tetover
|t:|1779944207
|gametype|singles
|player|p1|4axes|workerice|1566
|player|p2|its tetover|gardenia|1595
|gen|9
|tier|[Gen 9] OU
|rated|
|rule|HP Percentage Mod: HP is shown in percentages
|rule|Endless Battle Clause: Forcing endless battles is banned
|rule|Species Clause: Limit one of each Pokémon
|rule|OHKO Clause: OHKO moves are banned
|rule|Evasion Items Clause: Evasion items are banned
|rule|Evasion Moves Clause: Evasion moves are banned
|rule|Evasion Abilities Clause: Evasion abilities are banned
|rule|Sleep Moves Clause: Sleep-inducing moves are banned
|clearpoke
|poke|p1|Zapdos|
|poke|p1|Cinderace, M|
|poke|p1|Great Tusk|
|poke|p1|Tinkaton, F|
|poke|p1|Arcanine-Hisui, M|
|poke|p1|Slowking-Galar, M|
|poke|p2|Ribombee, F|
|poke|p2|Brambleghast, F|
|poke|p2|Pawmot, F|
|poke|p2|Kyurem|
|poke|p2|Ursaluna, F|
|poke|p2|Tornadus, M|
|teampreview
|inactive|Battle timer is ON: inactive players will automatically lose when time's up. (requested by 4axes)
|
|t:|1779944227
|teamsize|p1|6
|teamsize|p2|6
|start
|switch|p1a: Tinkaton|Tinkaton, F|100/100
|switch|p2a: Tornadus|Tornadus, M|100/100
|-item|p1a: Tinkaton|Air Balloon
|turn|1
|
|t:|1779944235
|move|p2a: Tornadus|Taunt|p1a: Tinkaton
|-start|p1a: Tinkaton|move: Taunt
|cant|p1a: Tinkaton|move: Taunt|Stealth Rock
|
|upkeep
|turn|2
|
|t:|1779944244
|move|p2a: Tornadus|Tailwind|p2a: Tornadus
|-sidestart|p2: its tetover|move: Tailwind
|move|p1a: Tinkaton|Gigaton Hammer|p2a: Tornadus
|-damage|p2a: Tornadus|46/100
|-enditem|p2a: Tornadus|Eject Button
|
|t:|1779944255
|switch|p2a: Ursaluna|Ursaluna, F|100/100
|
|-status|p2a: Ursaluna|brn|[from] item: Flame Orb
|upkeep
|turn|3
|
|t:|1779944284
|switch|p1a: Great Tusk|Great Tusk|100/100
|move|p2a: Ursaluna|Swords Dance|p2a: Ursaluna
|-boost|p2a: Ursaluna|atk|2
|
|-damage|p2a: Ursaluna|94/100 brn|[from] brn
|upkeep
|turn|4
|j| Eepsilon
|inactive|4axes has 120 seconds left.
|
|t:|1779944321
|move|p2a: Ursaluna|Facade|p1a: Great Tusk
|-damage|p1a: Great Tusk|0 fnt
|faint|p1a: Great Tusk
|-end|p1a: Great Tusk|Protosynthesis|[silent]
|
|-damage|p2a: Ursaluna|88/100 brn|[from] brn
|upkeep
|inactive|4axes has 90 seconds left.
|j| testingrainteam1
|c|☆4axes|what?
|inactive|4axes has 60 seconds left.
|c|☆4axes|how did that happen
|l| testingrainteam1
|c|☆4axes|ohh
|c| Eepsilon|tailwind lol
|
|t:|1779944395
|switch|p1a: Zapdos|Zapdos|100/100
|turn|5
|j| testingrainteam1
|
|t:|1779944414
|switch|p1a: Tinkaton|Tinkaton, F|100/100
|-item|p1a: Tinkaton|Air Balloon
|move|p2a: Ursaluna|Facade|p1a: Tinkaton
|-resisted|p1a: Tinkaton
|-damage|p1a: Tinkaton|0 fnt
|-enditem|p1a: Tinkaton|Air Balloon
|faint|p1a: Tinkaton
|
|-damage|p2a: Ursaluna|82/100 brn|[from] brn
|-sideend|p2: its tetover|move: Tailwind
|upkeep
|l| testingrainteam1
|
|t:|1779944425
|switch|p1a: Arcanine|Arcanine-Hisui, M|100/100
|turn|6
|
|t:|1779944437
|move|p1a: Arcanine|Close Combat|p2a: Ursaluna
|-supereffective|p2a: Ursaluna
|-damage|p2a: Ursaluna|0 fnt
|-unboost|p1a: Arcanine|def|1
|-unboost|p1a: Arcanine|spd|1
|faint|p2a: Ursaluna
|
|upkeep
|
|t:|1779944443
|switch|p2a: Tornadus|Tornadus, M|46/100
|turn|7
|
|t:|1779944449
|switch|p1a: Slowking|Slowking-Galar, M|100/100
|move|p2a: Tornadus|Tailwind|p2a: Tornadus
|-sidestart|p2: its tetover|move: Tailwind
|
|upkeep
|turn|8
|
|t:|1779944464
|move|p2a: Tornadus|Taunt|p1a: Slowking
|-start|p1a: Slowking|move: Taunt
|move|p1a: Slowking|Future Sight|p2a: Tornadus
|-start|p1a: Slowking|move: Future Sight
|
|upkeep
|turn|9
|
|t:|1779944472
|switch|p2a: Kyurem|Kyurem|100/100
|-ability|p2a: Kyurem|Pressure
|switch|p1a: Cinderace|Cinderace, M|100/100
|
|upkeep
|turn|10
|
|t:|1779944486
|switch|p1a: Zapdos|Zapdos|100/100
|move|p2a: Kyurem|Earth Power|p1a: Zapdos
|-immune|p1a: Zapdos
|
|-end|p2a: Kyurem|move: Future Sight
|-damage|p2a: Kyurem|77/100
|-sideend|p2: its tetover|move: Tailwind
|upkeep
|turn|11
|
|t:|1779944511
|switch|p1a: Slowking|Slowking-Galar, M|100/100
|move|p2a: Kyurem|Ice Beam|p1a: Slowking
|-damage|p1a: Slowking|69/100
|
|upkeep
|turn|12
|
|t:|1779944517
|move|p2a: Kyurem|Earth Power|p1a: Slowking
|-supereffective|p1a: Slowking
|-enditem|p1a: Slowking|Shuca Berry|[eat]
|-enditem|p1a: Slowking|Shuca Berry|[weaken]
|-damage|p1a: Slowking|50/100
|move|p1a: Slowking|Future Sight|p2a: Kyurem
|-start|p1a: Slowking|move: Future Sight
|
|upkeep
|turn|13
|inactive|its tetover has 120 seconds left.
|
|t:|1779944548
|move|p2a: Kyurem|Ice Beam|p1a: Slowking
|-damage|p1a: Slowking|18/100
|-status|p1a: Slowking|frz
|-prepare|p1a: Slowking|Chilly Reception|[premajor]
|cant|p1a: Slowking|frz
|
|upkeep
|turn|14
|
|t:|1779944559
|move|p2a: Kyurem|Earth Power|p1a: Slowking
|-supereffective|p1a: Slowking
|-damage|p1a: Slowking|0 fnt
|faint|p1a: Slowking
|
|-end|p2a: Kyurem|move: Future Sight
|-damage|p2a: Kyurem|50/100
|upkeep
|
|t:|1779944569
|switch|p1a: Arcanine|Arcanine-Hisui, M|100/100
|turn|15
|inactive|its tetover has 120 seconds left.
|
|t:|1779944608
|-terastallize|p1a: Arcanine|Normal
|move|p1a: Arcanine|Flare Blitz|p2a: Kyurem
|-damage|p2a: Kyurem|0 fnt
|faint|p2a: Kyurem
|
|upkeep
|
|t:|1779944611
|switch|p2a: Tornadus|Tornadus, M|46/100
|turn|16
|
|t:|1779944617
|switch|p1a: Zapdos|Zapdos|100/100
|move|p2a: Tornadus|Tailwind|p2a: Tornadus
|-sidestart|p2: its tetover|move: Tailwind
|
|upkeep
|turn|17
|
|t:|1779944620
|move|p2a: Tornadus|Taunt|p1a: Zapdos
|-start|p1a: Zapdos|move: Taunt
|move|p1a: Zapdos|Hurricane|p2a: Tornadus
|-crit|p2a: Tornadus
|-damage|p2a: Tornadus|0 fnt
|faint|p2a: Tornadus
|
|upkeep
|
|t:|1779944624
|switch|p2a: Brambleghast|Brambleghast, F|100/100
|-ability|p2a: Brambleghast|Wind Rider|boost
|-boost|p2a: Brambleghast|atk|1
|turn|18
|
|t:|1779944630
|move|p2a: Brambleghast|Poltergeist|p1a: Zapdos
|-activate|p1a: Zapdos|move: Poltergeist|Heavy-Duty Boots
|-damage|p1a: Zapdos|23/100
|-damage|p2a: Brambleghast|91/100|[from] item: Life Orb
|move|p1a: Zapdos|Volt Switch|p2a: Brambleghast
|-resisted|p2a: Brambleghast
|-damage|p2a: Brambleghast|64/100
|
|t:|1779944634
|switch|p1a: Cinderace|Cinderace, M|100/100|[from] Volt Switch
|
|upkeep
|turn|19
|
|t:|1779944645
|move|p2a: Brambleghast|Shadow Sneak|p1a: Cinderace
|-damage|p1a: Cinderace|50/100
|-damage|p2a: Brambleghast|54/100|[from] item: Life Orb
|move|p1a: Cinderace|Pyro Ball|p2a: Brambleghast
|-supereffective|p2a: Brambleghast
|-damage|p2a: Brambleghast|0 fnt
|faint|p2a: Brambleghast
|
|-sideend|p2: its tetover|move: Tailwind
|upkeep
|
|t:|1779944650
|switch|p2a: Ribombee|Ribombee, F|100/100
|turn|20
|
|t:|1779944658
|move|p2a: Ribombee|Moonblast|p1a: Cinderace
|-resisted|p1a: Cinderace
|-damage|p1a: Cinderace|26/100
|move|p1a: Cinderace|Pyro Ball|p2a: Ribombee
|-supereffective|p2a: Ribombee
|-enditem|p2a: Ribombee|Focus Sash
|-damage|p2a: Ribombee|1/100
|
|upkeep
|turn|21
|inactive|4axes has 120 seconds left.
|
|t:|1779944691
|move|p2a: Ribombee|Tailwind|p2a: Ribombee
|-sidestart|p2: its tetover|move: Tailwind
|move|p1a: Cinderace|Pyro Ball|p2a: Ribombee
|-supereffective|p2a: Ribombee
|-damage|p2a: Ribombee|0 fnt
|faint|p2a: Ribombee
|
|upkeep
|
|t:|1779944694
|switch|p2a: Pawmot|Pawmot, F|100/100
|turn|22
|
|t:|1779944707
|move|p2a: Pawmot|Mach Punch|p1a: Cinderace
|-damage|p1a: Cinderace|0 fnt
|faint|p1a: Cinderace
|-damage|p2a: Pawmot|91/100|[from] item: Life Orb
|
|upkeep
|
|t:|1779944712
|switch|p1a: Arcanine|Arcanine-Hisui, M, tera:Normal|100/100
|turn|23
|
|t:|1779944715
|switch|p1a: Zapdos|Zapdos|23/100
|-terastallize|p2a: Pawmot|Electric
|move|p2a: Pawmot|Double Shock|p1a: Zapdos
|-damage|p1a: Zapdos|0 fnt
|-start|p2a: Pawmot|typechange|Electric|[from] move: Double Shock
|faint|p1a: Zapdos
|-damage|p2a: Pawmot|81/100|[from] item: Life Orb
|
|upkeep
|
|t:|1779944721
|switch|p1a: Arcanine|Arcanine-Hisui, M, tera:Normal|100/100
|turn|24
|
|t:|1779944723
|move|p1a: Arcanine|Extreme Speed|p2a: Pawmot
|-damage|p2a: Pawmot|0 fnt
|faint|p2a: Pawmot
|
|win|4axes
|raw|4axes's rating: 1566 &rarr; <strong>1585</strong><br />(+19 for winning)
|raw|its tetover's rating: 1554 &rarr; <strong>1535</strong><br />(-19 for losing)
|l|☆4axes
|player|p1|
