|j|☆GreninjaMyFav
|j|☆goodnightnite
|t:|1779857909
|gametype|singles
|player|p1|GreninjaMyFav|skyla|1751
|player|p2|goodnightnite|miku-water|1708
|gen|9
|tier|[Gen 9] OU
|rated|
|rule|HP Percentage Mod: HP is shown in percentages
|rule|Endless Battle Clause: Forcing endless battles is banned
|rule|Species Clause: Limit one of each Pokémon
|rule|OHKO Clause: OHKO moves are banned
|rule|Evasion Items Clause: Evasion items are banned
|rule|Evasion Moves Clause: Evasion moves are banned
|rule|Evasion Abilities Clause: Evasion abilities are banned
|rule|Sleep Moves Clause: Sleep-inducing moves are banned
|clearpoke
|poke|p1|Greninja-*, M|
|poke|p1|Raging Bolt|
|poke|p1|Kingambit, F|
|poke|p1|Great Tusk|
|poke|p1|Corviknight, F|
|poke|p1|Slowking-Galar, F|
|poke|p2|Primarina, M|
|poke|p2|Zamazenta-*|
|poke|p2|Gholdengo|
|poke|p2|Rillaboom, M|
|poke|p2|Glimmora, M|
|poke|p2|Hydreigon, M|
|teampreview
|inactive|Battle timer is ON: inactive players will automatically lose when time's up. (requested by goodnightnite)
|
|t:|1779857928
|teamsize|p1|6
|teamsize|p2|6
|start
|switch|p1a: Slowking|Slowking-Galar, F|100/100
|switch|p2a: Hybrid|Hydreigon, M, shiny|100/100
|turn|1
|
|t:|1779857939
|switch|p1a: Kingambit|Kingambit, F|100/100
|move|p2a: Hybrid|Dark Pulse|p1a: Kingambit
|-resisted|p1a: Kingambit
|-damage|p1a: Kingambit|69/100
|
|upkeep
|turn|2
|
|t:|1779857943
|-end|p1a: Kingambit|fallenundefined|[silent]
|switch|p1a: Slowking|Slowking-Galar, F|100/100
|move|p2a: Hybrid|Dark Pulse|p1a: Slowking
|-supereffective|p1a: Slowking
|-damage|p1a: Slowking|27/100
|
|upkeep
|turn|3
|
|t:|1779857951
|switch|p1a: Greninja|Greninja, M|100/100
|move|p2a: Hybrid|Dark Pulse|p1a: Greninja
|-resisted|p1a: Greninja
|-damage|p1a: Greninja|52/100
|
|upkeep
|turn|4
|
|t:|1779857958
|switch|p2a: Celestine|Primarina, M, shiny|100/100
|move|p1a: Greninja|Sludge Wave|p2a: Celestine
|-start|p1a: Greninja|typechange|Poison|[from] ability: Protean
|-supereffective|p2a: Celestine
|-damage|p2a: Celestine|31/100
|-status|p2a: Celestine|psn
|
|-damage|p2a: Celestine|19/100 psn|[from] psn
|upkeep
|turn|5
|
|t:|1779857965
|move|p1a: Greninja|Sludge Wave|p2a: Celestine
|-supereffective|p2a: Celestine
|-damage|p2a: Celestine|0 fnt
|faint|p2a: Celestine
|
|upkeep
|
|t:|1779857973
|switch|p2a: Kong|Rillaboom, M, shiny|100/100
|-fieldstart|move: Grassy Terrain|[from] ability: Grassy Surge|[of] p2a: Kong
|turn|6
|
|t:|1779857980
|move|p1a: Greninja|Sludge Wave|p2a: Kong
|-supereffective|p2a: Kong
|-damage|p2a: Kong|0 fnt
|faint|p2a: Kong
|
|-heal|p1a: Greninja|58/100|[from] Grassy Terrain
|upkeep
|
|t:|1779857983
|switch|p2a: Spirit Rush|Gholdengo, shiny|100/100
|-enditem|p2a: Spirit Rush|Grassy Seed
|-boost|p2a: Spirit Rush|def|1|[from] item: Grassy Seed
|turn|7
|
|t:|1779857988
|switch|p1a: Kingambit|Kingambit, F|69/100
|move|p2a: Spirit Rush|Nasty Plot|p2a: Spirit Rush
|-boost|p2a: Spirit Rush|spa|2
|
|-heal|p1a: Kingambit|75/100|[from] Grassy Terrain
|upkeep
|turn|8
|
|t:|1779857992
|move|p1a: Kingambit|Sucker Punch||[still]
|-fail|p1a: Kingambit
|move|p2a: Spirit Rush|Nasty Plot|p2a: Spirit Rush
|-boost|p2a: Spirit Rush|spa|2
|
|-heal|p1a: Kingambit|81/100|[from] Grassy Terrain
|upkeep
|turn|9
|
|t:|1779857995
|move|p1a: Kingambit|Sucker Punch|p2a: Spirit Rush
|-supereffective|p2a: Spirit Rush
|-damage|p2a: Spirit Rush|34/100
|move|p2a: Spirit Rush|Make It Rain|p1a: Kingambit
|-resisted|p1a: Kingambit
|-damage|p1a: Kingambit|0 fnt
|-unboost|p2a: Spirit Rush|spa|1
|faint|p1a: Kingambit
|-end|p1a: Kingambit|fallenundefined|[silent]
|
|-heal|p2a: Spirit Rush|40/100|[from] Grassy Terrain
|upkeep
|
|t:|1779857999
|switch|p1a: Greninja|Greninja, M|58/100
|turn|10
|
|t:|1779858004
|switch|p2a: Bullet|Glimmora, M, shiny|100/100
|move|p1a: Greninja|Hydro Pump|p2a: Bullet
|-start|p1a: Greninja|typechange|Water|[from] ability: Protean
|-supereffective|p2a: Bullet
|-damage|p2a: Bullet|0 fnt
|faint|p2a: Bullet
|
|-heal|p1a: Greninja|64/100|[from] Grassy Terrain
|-fieldend|move: Grassy Terrain
|upkeep
|
|t:|1779858016
|switch|p2a: Hybrid|Hydreigon, M, shiny|100/100
|turn|11
|
|t:|1779858035
|switch|p1a: Raging Bolt|Raging Bolt|100/100
|move|p2a: Hybrid|Dark Pulse|p1a: Raging Bolt
|-damage|p1a: Raging Bolt|40/100
|
|upkeep
|turn|12
|
|t:|1779858042
|-terastallize|p1a: Raging Bolt|Fairy
|move|p2a: Hybrid|Dark Pulse|p1a: Raging Bolt
|-resisted|p1a: Raging Bolt
|-damage|p1a: Raging Bolt|10/100
|move|p1a: Raging Bolt|Draco Meteor|p2a: Hybrid
|-supereffective|p2a: Hybrid
|-damage|p2a: Hybrid|0 fnt
|-unboost|p1a: Raging Bolt|spa|2
|faint|p2a: Hybrid
|
|upkeep
|
|t:|1779858048
|switch|p2a: Trojan|Zamazenta, shiny|100/100
|-ability|p2a: Trojan|Dauntless Shield|boost
|-boost|p2a: Trojan|def|1
|turn|13
|
|t:|1779858052
|-end|p1a: Raging Bolt|Protosynthesis|[silent]
|switch|p1a: Corviknight|Corviknight, F|100/100
|-ability|p1a: Corviknight|Pressure
|move|p2a: Trojan|Iron Defense|p2a: Trojan
|-boost|p2a: Trojan|def|2
|
|upkeep
|turn|14
|
|t:|1779858058
|move|p2a: Trojan|Substitute|p2a: Trojan
|-start|p2a: Trojan|Substitute
|-damage|p2a: Trojan|76/100
|move|p1a: Corviknight|U-turn|p2a: Trojan
|-resisted|p2a: Trojan
|-activate|p2a: Trojan|move: Substitute|[damage]
|
|t:|1779858061
|switch|p1a: Slowking|Slowking-Galar, F|60/100|[from] U-turn
|
|-heal|p2a: Trojan|82/100|[from] item: Leftovers
|upkeep
|turn|15
|
|t:|1779858063
|move|p2a: Trojan|Iron Defense|p2a: Trojan
|-boost|p2a: Trojan|def|2
|move|p1a: Slowking|Psychic Noise|p2a: Trojan
|-supereffective|p2a: Trojan
|-damage|p2a: Trojan|41/100
|-start|p2a: Trojan|move: Heal Block
|
|upkeep
|turn|16
|
|t:|1779858068
|-terastallize|p2a: Trojan|Electric
|move|p2a: Trojan|Crunch|p1a: Slowking
|-supereffective|p1a: Slowking
|-damage|p1a: Slowking|19/100
|move|p1a: Slowking|Psychic Noise|p2a: Trojan
|-damage|p2a: Trojan|22/100
|
|-end|p2a: Trojan|move: Heal Block
|upkeep
|turn|17
|
|t:|1779858075
|switch|p1a: Corviknight|Corviknight, F|100/100
|-ability|p1a: Corviknight|Pressure
|move|p2a: Trojan|Body Press|p1a: Corviknight
|-damage|p1a: Corviknight|37/100
|-damage|p2a: Trojan|6/100|[from] item: Rocky Helmet|[of] p1a: Corviknight
|
|-heal|p2a: Trojan|12/100|[from] item: Leftovers
|upkeep
|turn|18
|
|t:|1779858079
|move|p2a: Trojan|Body Press|p1a: Corviknight
|-damage|p1a: Corviknight|0 fnt
|-damage|p2a: Trojan|0 fnt|[from] item: Rocky Helmet|[of] p1a: Corviknight
|faint|p1a: Corviknight
|faint|p2a: Trojan
|
|upkeep
|-message|goodnightnite forfeited.
|
|win|GreninjaMyFav
|raw|GreninjaMyFav's rating: 1751 &rarr; <strong>1769</strong><br />(+18 for winning)
|raw|goodnightnite's rating: 1708 &rarr; <strong>1690</strong><br />(-18 for losing)
|l|☆goodnightnite
|player|p2|
|l|☆GreninjaMyFav
|player|p1|
