|j|☆assoumoulorenzo
|j|☆Psyduck is stupid
|t:|1779969733
|gametype|singles
|player|p1|assoumoulorenzo|unknown|1266
|player|p2|Psyduck is stupid|169|1296
|gen|9
|tier|[Gen 9] OU
|rated|
|rule|HP Percentage Mod: HP is shown in percentages
|rule|Endless Battle Clause: Forcing endless battles is banned
|rule|Species Clause: Limit one of each Pokémon
|rule|OHKO Clause: OHKO moves are banned
|rule|Evasion Items Clause: Evasion items are banned
|rule|Evasion Moves Clause: Evasion moves are banned
|rule|Evasion Abilities Clause: Evasion abilities are banned
|rule|Sleep Moves Clause: Sleep-inducing moves are banned
|clearpoke
|poke|p1|Zamazenta-*|
|poke|p1|Slowking-Galar, M|
|poke|p1|Great Tusk|
|poke|p1|Dragapult, M|
|poke|p1|Zapdos|
|poke|p1|Kingambit, F|
|poke|p2|Garganacl, M|
|poke|p2|Slowking-Galar, M|
|poke|p2|Porygon2|
|poke|p2|Porygon|
|poke|p2|Torkoal, M|
|poke|p2|Trevenant, F|
|teampreview
|
|t:|1779969748
|teamsize|p1|6
|teamsize|p2|6
|start
|switch|p1a: Great Tusk|Great Tusk|100/100
|switch|p2a: Clefable with hat|Slowking-Galar, M|100/100
|turn|1
|
|t:|1779969758
|-terastallize|p2a: Clefable with hat|Ice
|move|p1a: Great Tusk|Headlong Rush|p2a: Clefable with hat
|-damage|p2a: Clefable with hat|47/100
|-unboost|p1a: Great Tusk|def|1
|-unboost|p1a: Great Tusk|spd|1
|move|p2a: Clefable with hat|Trick Room|p2a: Clefable with hat
|-fieldstart|move: Trick Room|[of] p2a: Clefable with hat
|
|upkeep
|turn|2
|
|t:|1779969767
|-end|p1a: Great Tusk|Protosynthesis|[silent]
|switch|p1a: Slowking|Slowking-Galar, M|100/100
|move|p2a: Clefable with hat|Ice Beam|p1a: Slowking
|-damage|p1a: Slowking|73/100
|-damage|p2a: Clefable with hat|37/100|[from] item: Life Orb
|
|upkeep
|turn|3
|
|t:|1779969782
|move|p2a: Clefable with hat|Ice Beam|p1a: Slowking
|-damage|p1a: Slowking|45/100
|-status|p1a: Slowking|frz
|-damage|p2a: Clefable with hat|27/100|[from] item: Life Orb
|cant|p1a: Slowking|frz
|
|upkeep
|turn|4
|c|☆Psyduck is stupid|we did it
|
|t:|1779969794
|switch|p2a: Useless turtle|Torkoal, M|100/100
|-weather|SunnyDay|[from] ability: Drought|[of] p2a: Useless turtle
|-curestatus|p1a: Slowking|frz|[msg]
|move|p1a: Slowking|Flamethrower|p2a: Useless turtle
|-resisted|p2a: Useless turtle
|-damage|p2a: Useless turtle|73/100
|
|-weather|SunnyDay|[upkeep]
|upkeep
|turn|5
|
|t:|1779969808
|switch|p1a: Zamazenta|Zamazenta|100/100
|-ability|p1a: Zamazenta|Dauntless Shield|boost
|-boost|p1a: Zamazenta|def|1
|move|p2a: Useless turtle|Eruption|p1a: Zamazenta
|-damage|p1a: Zamazenta|23/100
|-damage|p2a: Useless turtle|63/100|[from] item: Life Orb
|
|-weather|SunnyDay|[upkeep]
|-fieldend|move: Trick Room
|upkeep
|turn|6
|
|t:|1779969825
|move|p1a: Zamazenta|Crunch|p2a: Useless turtle
|-damage|p2a: Useless turtle|45/100
|move|p2a: Useless turtle|Lava Plume|p1a: Zamazenta
|-damage|p1a: Zamazenta|0 fnt
|faint|p1a: Zamazenta
|-damage|p2a: Useless turtle|35/100|[from] item: Life Orb
|
|-weather|SunnyDay|[upkeep]
|upkeep
|
|t:|1779969835
|switch|p1a: Slowking|Slowking-Galar, M|78/100
|turn|7
|
|t:|1779969846
|move|p1a: Slowking|Future Sight|p2a: Useless turtle
|-start|p1a: Slowking|move: Future Sight
|move|p2a: Useless turtle|Lava Plume|p1a: Slowking
|-damage|p1a: Slowking|42/100
|-status|p1a: Slowking|brn
|-damage|p2a: Useless turtle|25/100|[from] item: Life Orb
|
|-weather|SunnyDay|[upkeep]
|-damage|p1a: Slowking|36/100 brn|[from] brn
|upkeep
|turn|8
|
|t:|1779969857
|switch|p1a: Great Tusk|Great Tusk|100/100
|-activate|p1a: Great Tusk|ability: Protosynthesis
|-start|p1a: Great Tusk|protosynthesisdef
|move|p2a: Useless turtle|Lava Plume|p1a: Great Tusk
|-damage|p1a: Great Tusk|20/100
|-status|p1a: Great Tusk|brn
|-damage|p2a: Useless turtle|15/100|[from] item: Life Orb
|
|-weather|none
|-end|p1a: Great Tusk|Protosynthesis
|-damage|p1a: Great Tusk|14/100 brn|[from] brn
|upkeep
|turn|9
|
|t:|1779969869
|move|p1a: Great Tusk|Headlong Rush|p2a: Useless turtle
|-supereffective|p2a: Useless turtle
|-damage|p2a: Useless turtle|0 fnt
|-unboost|p1a: Great Tusk|def|1
|-unboost|p1a: Great Tusk|spd|1
|faint|p2a: Useless turtle
|
|-hint|Future Sight did not hit because the target is fainted.
|-damage|p1a: Great Tusk|8/100 brn|[from] brn
|upkeep
|
|t:|1779969879
|switch|p2a: Psyduck Gigamax|Porygon2|100/100
|-ability|p2a: Psyduck Gigamax|Download|boost
|-boost|p2a: Psyduck Gigamax|spa|1
|turn|10
|
|t:|1779969884
|move|p1a: Great Tusk|Stealth Rock|p2a: Psyduck Gigamax
|-sidestart|p2: Psyduck is stupid|move: Stealth Rock
|move|p2a: Psyduck Gigamax|Trick Room|p2a: Psyduck Gigamax
|-fieldstart|move: Trick Room|[of] p2a: Psyduck Gigamax
|
|-damage|p1a: Great Tusk|1/100 brn|[from] brn
|upkeep
|turn|11
|
|t:|1779969893
|move|p2a: Psyduck Gigamax|Tri Attack|p1a: Great Tusk
|-damage|p1a: Great Tusk|0 fnt
|faint|p1a: Great Tusk
|-end|p1a: Great Tusk|Protosynthesis|[silent]
|
|upkeep
|
|t:|1779969901
|switch|p1a: Slowking|Slowking-Galar, M|70/100 brn
|turn|12
|
|t:|1779969925
|move|p1a: Slowking|Sludge Bomb|p2a: Psyduck Gigamax
|-damage|p2a: Psyduck Gigamax|69/100
|move|p2a: Psyduck Gigamax|Shadow Ball|p1a: Slowking
|-supereffective|p1a: Slowking
|-damage|p1a: Slowking|31/100 brn
|
|-damage|p1a: Slowking|25/100 brn|[from] brn
|upkeep
|turn|13
|inactive|Battle timer is ON: inactive players will automatically lose when time's up. (requested by assoumoulorenzo)
|
|t:|1779969935
|switch|p1a: Kingambit|Kingambit, F|100/100
|-activate|p1a: Kingambit|ability: Supreme Overlord
|-start|p1a: Kingambit|fallen2|[silent]
|move|p2a: Psyduck Gigamax|Shadow Ball|p1a: Kingambit
|-resisted|p1a: Kingambit
|-damage|p1a: Kingambit|79/100
|
|-heal|p1a: Kingambit|85/100|[from] item: Leftovers
|upkeep
|turn|14
|
|t:|1779969948
|move|p2a: Psyduck Gigamax|Tri Attack|p1a: Kingambit
|-resisted|p1a: Kingambit
|-damage|p1a: Kingambit|53/100
|move|p1a: Kingambit|Kowtow Cleave|p2a: Psyduck Gigamax
|-damage|p2a: Psyduck Gigamax|32/100
|
|-heal|p1a: Kingambit|59/100|[from] item: Leftovers
|-fieldend|move: Trick Room
|upkeep
|turn|15
|
|t:|1779969958
|move|p1a: Kingambit|Swords Dance|p1a: Kingambit
|-boost|p1a: Kingambit|atk|2
|move|p2a: Psyduck Gigamax|Tri Attack|p1a: Kingambit
|-resisted|p1a: Kingambit
|-damage|p1a: Kingambit|29/100
|
|-heal|p1a: Kingambit|35/100|[from] item: Leftovers
|upkeep
|turn|16
|
|t:|1779969967
|move|p1a: Kingambit|Sucker Punch|p2a: Psyduck Gigamax
|-damage|p2a: Psyduck Gigamax|0 fnt
|faint|p2a: Psyduck Gigamax
|
|-heal|p1a: Kingambit|41/100|[from] item: Leftovers
|upkeep
|
|t:|1779969979
|switch|p2a: Fake Psyduck|Porygon|100/100
|-damage|p2a: Fake Psyduck|88/100|[from] Stealth Rock
|-ability|p2a: Fake Psyduck|Download|boost
|-boost|p2a: Fake Psyduck|spa|1
|turn|17
|
|t:|1779969990
|move|p1a: Kingambit|Kowtow Cleave|p2a: Fake Psyduck
|-damage|p2a: Fake Psyduck|0 fnt
|faint|p2a: Fake Psyduck
|
|-heal|p1a: Kingambit|48/100|[from] item: Leftovers
|upkeep
|
|t:|1779970002
|switch|p2a: Rock|Garganacl, M|100/100
|-damage|p2a: Rock|88/100|[from] Stealth Rock
|turn|18
|
|t:|1779970018
|move|p1a: Kingambit|Iron Head|p2a: Rock
|-supereffective|p2a: Rock
|-damage|p2a: Rock|0 fnt
|faint|p2a: Rock
|
|-heal|p1a: Kingambit|54/100|[from] item: Leftovers
|upkeep
|-message|Psyduck is stupid forfeited.
|
|win|assoumoulorenzo
|raw|assoumoulorenzo's rating: 1266 &rarr; <strong>1293</strong><br />(+27 for winning)
|raw|Psyduck is stupid's rating: 1296 &rarr; <strong>1269</strong><br />(-27 for losing)
|l|☆Psyduck is stupid
|player|p2|
|l|☆assoumoulorenzo
|player|p1|
