|j|☆idonteatpets
|j|☆Aaapinhen02
|t:|1779880436
|gametype|singles
|player|p1|idonteatpets|265|1404
|player|p2|Aaapinhen02|marlon|1452
|gen|9
|tier|[Gen 9] OU
|rated|
|rule|HP Percentage Mod: HP is shown in percentages
|rule|Endless Battle Clause: Forcing endless battles is banned
|rule|Species Clause: Limit one of each Pokémon
|rule|OHKO Clause: OHKO moves are banned
|rule|Evasion Items Clause: Evasion items are banned
|rule|Evasion Moves Clause: Evasion moves are banned
|rule|Evasion Abilities Clause: Evasion abilities are banned
|rule|Sleep Moves Clause: Sleep-inducing moves are banned
|clearpoke
|poke|p1|Glimmora, F|
|poke|p1|Darkrai|
|poke|p1|Dragonite, M|
|poke|p1|Great Tusk|
|poke|p1|Gholdengo|
|poke|p1|Kingambit, M|
|poke|p2|Pelipper, F|
|poke|p2|Tornadus-Therian, M|
|poke|p2|Iron Treads|
|poke|p2|Decidueye-Hisui, M|
|poke|p2|Barraskewda, M|
|poke|p2|Raging Bolt|
|teampreview
|inactive|Battle timer is ON: inactive players will automatically lose when time's up. (requested by Aaapinhen02)
|
|t:|1779880447
|teamsize|p1|6
|teamsize|p2|6
|start
|switch|p1a: Glimmora|Glimmora, F|100/100
|switch|p2a: Iron Treads|Iron Treads|100/100
|turn|1
|
|t:|1779880475
|switch|p1a: Gholdengo|Gholdengo|100/100
|-item|p1a: Gholdengo|Air Balloon
|move|p2a: Iron Treads|Rapid Spin|p1a: Gholdengo
|-immune|p1a: Gholdengo
|
|upkeep
|turn|2
|
|t:|1779880484
|move|p2a: Iron Treads|Knock Off|p1a: Gholdengo
|-supereffective|p1a: Gholdengo
|-damage|p1a: Gholdengo|51/100
|-enditem|p1a: Gholdengo|Air Balloon
|move|p1a: Gholdengo|Shadow Ball|p2a: Iron Treads
|-damage|p2a: Iron Treads|61/100
|
|-heal|p2a: Iron Treads|67/100|[from] item: Leftovers
|upkeep
|turn|3
|inactive|idonteatpets has 120 seconds left.
|
|t:|1779880523
|-end|p2a: Iron Treads|Quark Drive|[silent]
|switch|p2a: Pelipper|Pelipper, F|100/100
|-weather|RainDance|[from] ability: Drizzle|[of] p2a: Pelipper
|move|p1a: Gholdengo|Recover|p1a: Gholdengo
|-heal|p1a: Gholdengo|100/100
|
|-weather|RainDance|[upkeep]
|upkeep
|turn|4
|
|t:|1779880534
|move|p1a: Gholdengo|Thunder Wave|p2a: Pelipper
|-status|p2a: Pelipper|par
|cant|p2a: Pelipper|par
|
|-weather|RainDance|[upkeep]
|upkeep
|turn|5
|inactive|idonteatpets has 120 seconds left.
|
|t:|1779880542
|switch|p2a: Raging Bolt|Raging Bolt|100/100
|move|p1a: Gholdengo|Shadow Ball|p2a: Raging Bolt
|-damage|p2a: Raging Bolt|70/100
|
|-weather|RainDance|[upkeep]
|upkeep
|turn|6
|inactive|idonteatpets has 120 seconds left.
|inactive|idonteatpets has 90 seconds left.
|
|t:|1779880587
|move|p2a: Raging Bolt|Weather Ball|p1a: Gholdengo
|-damage|p1a: Gholdengo|42/100
|move|p1a: Gholdengo|Shadow Ball|p2a: Raging Bolt
|-damage|p2a: Raging Bolt|43/100
|
|-weather|RainDance|[upkeep]
|upkeep
|turn|7
|inactive|idonteatpets has 90 seconds left.
|
|t:|1779880594
|switch|p1a: Kingambit|Kingambit, M|100/100
|move|p2a: Raging Bolt|Weather Ball|p1a: Kingambit
|-damage|p1a: Kingambit|44/100
|
|-weather|RainDance|[upkeep]
|upkeep
|turn|8
|-activate|p1a: Kingambit|item: Quick Claw
|
|t:|1779880603
|-end|p2a: Raging Bolt|Protosynthesis|[silent]
|switch|p2a: Decidueye|Decidueye-Hisui, M|100/100
|move|p1a: Kingambit|Kowtow Cleave|p2a: Decidueye
|-resisted|p2a: Decidueye
|-damage|p2a: Decidueye|81/100
|-damage|p1a: Kingambit|28/100|[from] item: Rocky Helmet|[of] p2a: Decidueye
|
|-weather|RainDance|[upkeep]
|upkeep
|turn|9
|c|☆idonteatpets|wow
|c|☆idonteatpets|why didn tu weather me again
|
|t:|1779880615
|-end|p1a: Kingambit|fallenundefined|[silent]
|switch|p1a: Glimmora|Glimmora, F|100/100
|move|p2a: Decidueye|U-turn|p1a: Glimmora
|-resisted|p1a: Glimmora
|-damage|p1a: Glimmora|90/100
|-activate|p1a: Glimmora|ability: Toxic Debris
|-sidestart|p2: Aaapinhen02|move: Toxic Spikes
|inactive|Aaapinhen02 has 120 seconds left.
|l|☆Aaapinhen02
|inactive|Aaapinhen02 disconnected and has a minute to reconnect!
|player|p2|
|inactive|Aaapinhen02 has 30 seconds to reconnect!
|inactive|Aaapinhen02 has 20 seconds to reconnect!
|inactive|Aaapinhen02 has 15 seconds to reconnect!
|inactive|Aaapinhen02 has 10 seconds to reconnect!
|inactive|Aaapinhen02 has 5 seconds to reconnect!
|-message|Aaapinhen02 lost due to inactivity.
|
|win|idonteatpets
|raw|idonteatpets's rating: 1404 &rarr; <strong>1427</strong><br />(+23 for winning)
|raw|Aaapinhen02's rating: 1452 &rarr; <strong>1429</strong><br />(-23 for losing)
