|j|☆ataiks
|j|☆kabutopzboy
|t:|1779880249
|gametype|singles
|player|p1|ataiks|ghetsis|1345
|player|p2|kabutopzboy|cyrus|1316
|gen|9
|tier|[Gen 9] OU
|rated|
|rule|HP Percentage Mod: HP is shown in percentages
|rule|Endless Battle Clause: Forcing endless battles is banned
|rule|Species Clause: Limit one of each Pokémon
|rule|OHKO Clause: OHKO moves are banned
|rule|Evasion Items Clause: Evasion items are banned
|rule|Evasion Moves Clause: Evasion moves are banned
|rule|Evasion Abilities Clause: Evasion abilities are banned
|rule|Sleep Moves Clause: Sleep-inducing moves are banned
|clearpoke
|poke|p1|Glimmora, F|
|poke|p1|Landorus-Therian, M|
|poke|p1|Moltres|
|poke|p1|Gholdengo|
|poke|p1|Dragapult, M|
|poke|p1|Zamazenta-*|
|poke|p2|Great Tusk|
|poke|p2|Pelipper, F|
|poke|p2|Magcargo, M|
|poke|p2|Toxicroak, M|
|poke|p2|Dragapult, M|
|poke|p2|Zapdos|
|teampreview
|
|t:|1779880258
|teamsize|p1|6
|teamsize|p2|6
|start
|switch|p1a: Dragapult|Dragapult, M|100/100
|switch|p2a: Great Tusk|Great Tusk|100/100
|-enditem|p2a: Great Tusk|Booster Energy
|-activate|p2a: Great Tusk|ability: Protosynthesis|[fromitem]
|-start|p2a: Great Tusk|protosynthesisspe
|turn|1
|
|t:|1779880270
|-terastallize|p1a: Dragapult|Dragon
|move|p2a: Great Tusk|Ice Spinner|p1a: Dragapult
|-supereffective|p1a: Dragapult
|-damage|p1a: Dragapult|34/100
|move|p1a: Dragapult|Draco Meteor|p2a: Great Tusk
|-damage|p2a: Great Tusk|0 fnt
|-unboost|p1a: Dragapult|spa|2
|faint|p2a: Great Tusk
|-end|p2a: Great Tusk|Protosynthesis|[silent]
|
|upkeep
|
|t:|1779880295
|switch|p2a: Pelipper|Pelipper, F|100/100
|-weather|RainDance|[from] ability: Drizzle|[of] p2a: Pelipper
|turn|2
|
|t:|1779880301
|switch|p1a: Hehe c:|Gholdengo|100/100
|move|p2a: Pelipper|Surf|p1a: Hehe c:
|-damage|p1a: Hehe c:|0 fnt
|faint|p1a: Hehe c:
|
|-weather|RainDance|[upkeep]
|upkeep
|
|t:|1779880304
|switch|p1a: Dragapult|Dragapult, M, tera:Dragon|34/100
|turn|3
|
|t:|1779880313
|switch|p2a: Magcargo|Magcargo, M|100/100
|move|p1a: Dragapult|Thunderbolt|p2a: Magcargo
|-damage|p2a: Magcargo|62/100
|
|-weather|RainDance|[upkeep]
|upkeep
|turn|4
|
|t:|1779880321
|switch|p1a: Moltres|Moltres|100/100
|move|p2a: Magcargo|Stealth Rock|p1a: Moltres
|-sidestart|p1: ataiks|move: Stealth Rock
|
|-weather|RainDance|[upkeep]
|upkeep
|turn|5
|
|t:|1779880328
|switch|p2a: Zapp|Zapdos|100/100
|move|p1a: Moltres|U-turn|p2a: Zapp
|-resisted|p2a: Zapp
|-damage|p2a: Zapp|91/100
|-status|p1a: Moltres|par|[from] ability: Static|[of] p2a: Zapp
|
|t:|1779880334
|switch|p1a: Glimmora|Glimmora, F|100/100|[from] U-turn
|-damage|p1a: Glimmora|88/100|[from] Stealth Rock
|
|-weather|RainDance|[upkeep]
|upkeep
|turn|6
|
|t:|1779880340
|move|p2a: Zapp|Weather Ball|p1a: Glimmora
|-supereffective|p1a: Glimmora
|-damage|p1a: Glimmora|0 fnt
|faint|p1a: Glimmora
|
|-weather|none
|upkeep
|
|t:|1779880345
|switch|p1a: Dragapult|Dragapult, M, tera:Dragon|34/100
|-damage|p1a: Dragapult|22/100|[from] Stealth Rock
|turn|7
|
|t:|1779880350
|switch|p2a: Magcargo|Magcargo, M|62/100
|move|p1a: Dragapult|Draco Meteor|p2a: Magcargo
|-damage|p2a: Magcargo|0 fnt
|-unboost|p1a: Dragapult|spa|2
|faint|p2a: Magcargo
|
|upkeep
|
|t:|1779880357
|switch|p2a: Pelipper|Pelipper, F|100/100
|-weather|RainDance|[from] ability: Drizzle|[of] p2a: Pelipper
|turn|8
|
|t:|1779880361
|switch|p1a: Moltres|Moltres|100/100 par
|move|p2a: Pelipper|Surf|p1a: Moltres
|-supereffective|p1a: Moltres
|-damage|p1a: Moltres|0 fnt
|faint|p1a: Moltres
|
|-weather|RainDance|[upkeep]
|upkeep
|
|t:|1779880363
|switch|p1a: Landorus|Landorus-Therian, M|100/100
|-damage|p1a: Landorus|88/100|[from] Stealth Rock
|-ability|p1a: Landorus|Intimidate|boost
|-unboost|p2a: Pelipper|atk|1
|turn|9
|
|t:|1779880375
|-terastallize|p2a: Pelipper|Ground
|move|p1a: Landorus|Stone Edge|p2a: Pelipper
|-resisted|p2a: Pelipper
|-damage|p2a: Pelipper|75/100
|move|p2a: Pelipper|Surf|p1a: Landorus
|-supereffective|p1a: Landorus
|-damage|p1a: Landorus|0 fnt
|faint|p1a: Landorus
|
|-weather|RainDance|[upkeep]
|upkeep
|
|t:|1779880380
|switch|p1a: Dragapult|Dragapult, M, tera:Dragon|22/100
|-damage|p1a: Dragapult|10/100|[from] Stealth Rock
|turn|10
|
|t:|1779880389
|switch|p2a: Toxicroak|Toxicroak, M|100/100
|move|p1a: Dragapult|Draco Meteor|p2a: Toxicroak
|-damage|p2a: Toxicroak|0 fnt
|-unboost|p1a: Dragapult|spa|2
|faint|p2a: Toxicroak
|
|-weather|RainDance|[upkeep]
|upkeep
|
|t:|1779880398
|switch|p2a: Zapp|Zapdos|91/100
|turn|11
|
|t:|1779880401
|move|p1a: Dragapult|Draco Meteor|p2a: Zapp|[miss]
|-miss|p1a: Dragapult|p2a: Zapp
|move|p2a: Zapp|Hurricane|p1a: Dragapult
|-damage|p1a: Dragapult|0 fnt
|faint|p1a: Dragapult
|
|-weather|RainDance|[upkeep]
|upkeep
|
|t:|1779880403
|switch|p1a: Zamazenta|Zamazenta|100/100
|-damage|p1a: Zamazenta|94/100|[from] Stealth Rock
|-ability|p1a: Zamazenta|Dauntless Shield|boost
|-boost|p1a: Zamazenta|def|1
|turn|12
|
|t:|1779880412
|move|p1a: Zamazenta|Iron Defense|p1a: Zamazenta
|-boost|p1a: Zamazenta|def|2
|move|p2a: Zapp|Hurricane|p1a: Zamazenta
|-supereffective|p1a: Zamazenta
|-damage|p1a: Zamazenta|0 fnt
|faint|p1a: Zamazenta
|
|win|kabutopzboy
|raw|ataiks's rating: 1345 &rarr; <strong>1323</strong><br />(-22 for losing)
|raw|kabutopzboy's rating: 1316 &rarr; <strong>1338</strong><br />(+22 for winning)
|l|☆ataiks
|player|p1|
|l|☆kabutopzboy
|player|p2|
