|j|☆npctypebeat
|j|☆Godo1
|t:|1779935585
|gametype|singles
|player|p1|npctypebeat|102|1084
|player|p2|Godo1|169|1156
|gen|9
|tier|[Gen 9] OU
|rated|
|rule|HP Percentage Mod: HP is shown in percentages
|rule|Endless Battle Clause: Forcing endless battles is banned
|rule|Species Clause: Limit one of each Pokémon
|rule|OHKO Clause: OHKO moves are banned
|rule|Evasion Items Clause: Evasion items are banned
|rule|Evasion Moves Clause: Evasion moves are banned
|rule|Evasion Abilities Clause: Evasion abilities are banned
|rule|Sleep Moves Clause: Sleep-inducing moves are banned
|clearpoke
|poke|p1|Gliscor, M|
|poke|p1|Ogerpon, F|
|poke|p1|Walking Wake|
|poke|p1|Blissey, F|
|poke|p1|Corviknight, F|
|poke|p1|Pecharunt|
|poke|p2|Deoxys-Speed|
|poke|p2|Tyranitar, M|
|poke|p2|Gliscor, F|
|poke|p2|Raging Bolt|
|poke|p2|Gholdengo|
|poke|p2|Corviknight, M|
|teampreview
|c|☆npctypebeat|hf
|inactive|Battle timer is ON: inactive players will automatically lose when time's up. (requested by npctypebeat)
|
|t:|1779935606
|teamsize|p1|6
|teamsize|p2|6
|start
|switch|p1a: Gliscor|Gliscor, M|100/100
|switch|p2a: Deoxys|Deoxys-Speed|100/100
|-ability|p2a: Deoxys|Pressure
|turn|1
|
|t:|1779935611
|switch|p1a: Blissey|Blissey, F|100/100
|move|p2a: Deoxys|Ice Beam|p1a: Blissey
|-damage|p1a: Blissey|91/100
|-damage|p2a: Deoxys|91/100|[from] item: Life Orb
|
|upkeep
|turn|2
|
|t:|1779935625
|move|p2a: Deoxys|Knock Off|p1a: Blissey
|-damage|p1a: Blissey|58/100
|-enditem|p1a: Blissey|Heavy-Duty Boots|[from] move: Knock Off|[of] p2a: Deoxys
|-damage|p2a: Deoxys|81/100|[from] item: Life Orb
|move|p1a: Blissey|Seismic Toss|p2a: Deoxys
|-damage|p2a: Deoxys|39/100
|
|upkeep
|turn|3
|
|t:|1779935636
|move|p2a: Deoxys|Superpower|p1a: Blissey
|-supereffective|p1a: Blissey
|-damage|p1a: Blissey|0 fnt
|-unboost|p2a: Deoxys|atk|1
|-unboost|p2a: Deoxys|def|1
|faint|p1a: Blissey
|-damage|p2a: Deoxys|29/100|[from] item: Life Orb
|
|upkeep
|
|t:|1779935639
|switch|p1a: Corviknight|Corviknight, F|100/100
|-ability|p1a: Corviknight|Pressure
|turn|4
|
|t:|1779935645
|switch|p2a: Raging Bolt|Raging Bolt|100/100
|-enditem|p2a: Raging Bolt|Booster Energy
|-activate|p2a: Raging Bolt|ability: Protosynthesis|[fromitem]
|-start|p2a: Raging Bolt|protosynthesisspa
|move|p1a: Corviknight|U-turn|p2a: Raging Bolt
|-damage|p2a: Raging Bolt|88/100
|
|t:|1779935655
|switch|p1a: Gliscor|Gliscor, M|100/100|[from] U-turn
|
|-status|p1a: Gliscor|tox|[from] item: Toxic Orb
|upkeep
|turn|5
|
|t:|1779935670
|move|p1a: Gliscor|Earthquake|p2a: Raging Bolt
|-supereffective|p2a: Raging Bolt
|-damage|p2a: Raging Bolt|38/100
|move|p2a: Raging Bolt|Dragon Pulse|p1a: Gliscor
|-damage|p1a: Gliscor|44/100 tox
|
|-heal|p1a: Gliscor|57/100 tox|[from] ability: Poison Heal
|upkeep
|turn|6
|inactive|Godo1 has 120 seconds left.
|
|t:|1779935697
|-end|p2a: Raging Bolt|Protosynthesis|[silent]
|switch|p2a: Deoxys|Deoxys-Speed|29/100
|-ability|p2a: Deoxys|Pressure
|move|p1a: Gliscor|Earthquake|p2a: Deoxys
|-damage|p2a: Deoxys|0 fnt
|faint|p2a: Deoxys
|
|-heal|p1a: Gliscor|69/100 tox|[from] ability: Poison Heal
|upkeep
|inactive|Godo1 has 120 seconds left.
|
|t:|1779935719
|switch|p2a: Tyranitar|Tyranitar, M|100/100
|-weather|Sandstorm|[from] ability: Sand Stream|[of] p2a: Tyranitar
|turn|7
|
|t:|1779935724
|move|p1a: Gliscor|Earthquake|p2a: Tyranitar
|-supereffective|p2a: Tyranitar
|-damage|p2a: Tyranitar|49/100
|move|p2a: Tyranitar|Ice Fang|p1a: Gliscor
|-supereffective|p1a: Gliscor
|-damage|p1a: Gliscor|0 fnt
|faint|p1a: Gliscor
|
|-weather|Sandstorm|[upkeep]
|upkeep
|
|t:|1779935735
|switch|p1a: Ogerpon|Ogerpon, F|100/100
|turn|8
|
|t:|1779935743
|switch|p2a: Corviknight|Corviknight, M|100/100
|-ability|p2a: Corviknight|Pressure
|move|p1a: Ogerpon|Ivy Cudgel|p2a: Corviknight
|-resisted|p2a: Corviknight
|-damage|p2a: Corviknight|92/100
|
|-weather|Sandstorm|[upkeep]
|-damage|p1a: Ogerpon|95/100|[from] Sandstorm
|upkeep
|turn|9
|
|t:|1779935757
|switch|p1a: Pecharunt|Pecharunt|100/100
|move|p2a: Corviknight|U-turn|p1a: Pecharunt
|-resisted|p1a: Pecharunt
|-damage|p1a: Pecharunt|99/100
|inactive|Godo1 has 120 seconds left.
|
|t:|1779935770
|switch|p2a: Gholdengo|Gholdengo|100/100|[from] U-turn
|
|-weather|Sandstorm|[upkeep]
|-damage|p1a: Pecharunt|93/100|[from] Sandstorm
|upkeep
|turn|10
|
|t:|1779935779
|move|p1a: Pecharunt|Foul Play|p2a: Gholdengo
|-supereffective|p2a: Gholdengo
|-damage|p2a: Gholdengo|81/100
|move|p2a: Gholdengo|Shadow Ball|p1a: Pecharunt
|-supereffective|p1a: Pecharunt
|-damage|p1a: Pecharunt|0 fnt
|faint|p1a: Pecharunt
|
|-weather|Sandstorm|[upkeep]
|upkeep
|
|t:|1779935788
|switch|p1a: Walking Wake|Walking Wake|100/100
|turn|11
|
|t:|1779935810
|move|p1a: Walking Wake|Surf|p2a: Gholdengo
|-damage|p2a: Gholdengo|36/100
|move|p2a: Gholdengo|Shadow Ball|p1a: Walking Wake
|-damage|p1a: Walking Wake|14/100
|
|-weather|Sandstorm|[upkeep]
|-damage|p1a: Walking Wake|8/100|[from] Sandstorm
|upkeep
|turn|12
|
|t:|1779935823
|switch|p2a: Raging Bolt|Raging Bolt|38/100
|move|p1a: Walking Wake|Surf|p2a: Raging Bolt
|-resisted|p2a: Raging Bolt
|-damage|p2a: Raging Bolt|18/100
|
|-weather|Sandstorm|[upkeep]
|-damage|p1a: Walking Wake|1/100|[from] Sandstorm
|-damage|p2a: Raging Bolt|12/100|[from] Sandstorm
|upkeep
|turn|13
|
|t:|1779935832
|move|p2a: Raging Bolt|Thunderclap|p1a: Walking Wake
|-crit|p1a: Walking Wake
|-damage|p1a: Walking Wake|0 fnt
|faint|p1a: Walking Wake
|-end|p1a: Walking Wake|Protosynthesis|[silent]
|
|-weather|Sandstorm|[upkeep]
|-damage|p2a: Raging Bolt|6/100|[from] Sandstorm
|upkeep
|
|t:|1779935842
|switch|p1a: Ogerpon|Ogerpon, F|95/100
|turn|14
|
|t:|1779935846
|-end|p2a: Raging Bolt|Protosynthesis|[silent]
|switch|p2a: Corviknight|Corviknight, M|92/100
|-ability|p2a: Corviknight|Pressure
|move|p1a: Ogerpon|Ivy Cudgel|p2a: Corviknight
|-resisted|p2a: Corviknight
|-damage|p2a: Corviknight|83/100
|
|-weather|none
|upkeep
|turn|15
|
|t:|1779935858
|switch|p1a: Corviknight|Corviknight, F|100/100
|-ability|p1a: Corviknight|Pressure
|move|p2a: Corviknight|Brave Bird|p1a: Corviknight
|-resisted|p1a: Corviknight
|-damage|p1a: Corviknight|88/100
|-damage|p2a: Corviknight|79/100|[from] Recoil
|
|upkeep
|turn|16
|
|t:|1779935869
|move|p1a: Corviknight|Roost|p1a: Corviknight
|-heal|p1a: Corviknight|100/100
|-singleturn|p1a: Corviknight|move: Roost
|move|p2a: Corviknight|U-turn|p1a: Corviknight
|-resisted|p1a: Corviknight
|-damage|p1a: Corviknight|95/100
|
|t:|1779935873
|switch|p2a: Raging Bolt|Raging Bolt|6/100|[from] U-turn
|
|upkeep
|turn|17
|
|t:|1779935888
|switch|p1a: Ogerpon|Ogerpon, F|95/100
|move|p2a: Raging Bolt|Volt Switch|p1a: Ogerpon
|-resisted|p1a: Ogerpon
|-damage|p1a: Ogerpon|72/100
|
|t:|1779935902
|-end|p2a: Raging Bolt|Protosynthesis|[silent]
|switch|p2a: Gliscor|Gliscor, F|100/100|[from] Volt Switch
|
|-status|p2a: Gliscor|tox|[from] item: Toxic Orb
|upkeep
|turn|18
|
|t:|1779935916
|move|p1a: Ogerpon|Knock Off|p2a: Gliscor
|-damage|p2a: Gliscor|79/100 tox
|-enditem|p2a: Gliscor|Toxic Orb|[from] move: Knock Off|[of] p1a: Ogerpon
|move|p2a: Gliscor|Knock Off|p1a: Ogerpon
|-damage|p1a: Ogerpon|42/100
|-enditem|p1a: Ogerpon|Heavy-Duty Boots|[from] move: Knock Off|[of] p2a: Gliscor
|
|-heal|p2a: Gliscor|91/100 tox|[from] ability: Poison Heal
|upkeep
|turn|19
|
|t:|1779935927
|move|p1a: Ogerpon|Knock Off|p2a: Gliscor
|-damage|p2a: Gliscor|79/100 tox
|move|p2a: Gliscor|Toxic|p1a: Ogerpon
|-status|p1a: Ogerpon|tox
|
|-damage|p1a: Ogerpon|36/100 tox|[from] psn
|-heal|p2a: Gliscor|91/100 tox|[from] ability: Poison Heal
|upkeep
|turn|20
|
|t:|1779935945
|switch|p2a: Corviknight|Corviknight, M|79/100
|-ability|p2a: Corviknight|Pressure
|move|p1a: Ogerpon|Knock Off|p2a: Corviknight
|-damage|p2a: Corviknight|55/100
|-damage|p1a: Ogerpon|20/100 tox|[from] item: Rocky Helmet|[of] p2a: Corviknight
|-enditem|p2a: Corviknight|Rocky Helmet|[from] move: Knock Off|[of] p1a: Ogerpon
|
|-damage|p1a: Ogerpon|8/100 tox|[from] psn
|upkeep
|turn|21
|
|t:|1779935963
|switch|p1a: Corviknight|Corviknight, F|95/100
|-ability|p1a: Corviknight|Pressure
|move|p2a: Corviknight|U-turn|p1a: Corviknight
|-resisted|p1a: Corviknight
|-damage|p1a: Corviknight|93/100
|
|t:|1779935967
|switch|p2a: Raging Bolt|Raging Bolt|6/100|[from] U-turn
|
|upkeep
|turn|22
|
|t:|1779935972
|move|p1a: Corviknight|Roost|p1a: Corviknight
|-heal|p1a: Corviknight|100/100
|-singleturn|p1a: Corviknight|move: Roost
|move|p2a: Raging Bolt|Volt Switch|p1a: Corviknight
|-damage|p1a: Corviknight|60/100
|
|t:|1779935982
|-end|p2a: Raging Bolt|Protosynthesis|[silent]
|switch|p2a: Gholdengo|Gholdengo|36/100|[from] Volt Switch
|
|upkeep
|turn|23
|
|t:|1779936000
|move|p2a: Gholdengo|Shadow Ball|p1a: Corviknight
|-damage|p1a: Corviknight|0 fnt
|faint|p1a: Corviknight
|
|upkeep
|
|t:|1779936010
|switch|p1a: Ogerpon|Ogerpon, F|8/100 tox
|turn|24
|
|t:|1779936018
|move|p1a: Ogerpon|Knock Off|p2a: Gholdengo
|-supereffective|p2a: Gholdengo
|-damage|p2a: Gholdengo|0 fnt
|-enditem|p2a: Gholdengo|Choice Specs|[from] move: Knock Off|[of] p1a: Ogerpon
|faint|p2a: Gholdengo
|
|-damage|p1a: Ogerpon|2/100 tox|[from] psn
|upkeep
|
|t:|1779936027
|switch|p2a: Corviknight|Corviknight, M|55/100
|-ability|p2a: Corviknight|Pressure
|turn|25
|
|t:|1779936034
|move|p1a: Ogerpon|Ivy Cudgel|p2a: Corviknight
|-resisted|p2a: Corviknight
|-damage|p2a: Corviknight|46/100
|move|p2a: Corviknight|U-turn|p1a: Ogerpon
|-supereffective|p1a: Ogerpon
|-damage|p1a: Ogerpon|0 fnt
|faint|p1a: Ogerpon
|
|win|Godo1
|raw|npctypebeat's rating: 1110 &rarr; <strong>1088</strong><br />(-22 for losing)
|raw|Godo1's rating: 1156 &rarr; <strong>1178</strong><br />(+22 for winning)
|c|☆npctypebeat|gg
|c|☆Godo1|Gg
|l|☆Godo1
|player|p2|
