|j|☆blazingshadow46
|j|‽Leap Call
|t:|1779800230
|gametype|singles
|player|p1|blazingshadow46|byron|1451
|player|p2|Leap Call|265|1446
|gen|9
|tier|[Gen 9] OU
|rated|
|rule|HP Percentage Mod: HP is shown in percentages
|rule|Endless Battle Clause: Forcing endless battles is banned
|rule|Species Clause: Limit one of each Pokémon
|rule|OHKO Clause: OHKO moves are banned
|rule|Evasion Items Clause: Evasion items are banned
|rule|Evasion Moves Clause: Evasion moves are banned
|rule|Evasion Abilities Clause: Evasion abilities are banned
|rule|Sleep Moves Clause: Sleep-inducing moves are banned
|clearpoke
|poke|p1|Garchomp, F|
|poke|p1|Sableye, F|
|poke|p1|Cyclizar, M|
|poke|p1|Scizor, F|
|poke|p1|Reuniclus, F|
|poke|p1|Salamence, M|
|poke|p2|Pelipper, M|
|poke|p2|Lokix, F|
|poke|p2|Raging Bolt|
|poke|p2|Overqwil, M|
|poke|p2|Iron Treads|
|poke|p2|Serperior, F|
|teampreview
|inactive|Battle timer is ON: inactive players will automatically lose when time's up. (requested by blazingshadow46)
|
|t:|1779800256
|teamsize|p1|6
|teamsize|p2|6
|start
|switch|p1a: Reuniclus|Reuniclus, F|100/100
|switch|p2a: Serperior|Serperior, F, shiny|100/100
|turn|1
|
|t:|1779800259
|move|p2a: Serperior|Substitute|p2a: Serperior
|-start|p2a: Serperior|Substitute
|-damage|p2a: Serperior|76/100
|move|p1a: Reuniclus|Future Sight|p2a: Serperior
|-start|p1a: Reuniclus|move: Future Sight
|
|-heal|p2a: Serperior|82/100|[from] item: Leftovers
|upkeep
|turn|2
|
|t:|1779800263
|move|p2a: Serperior|Knock Off|p1a: Reuniclus
|-supereffective|p1a: Reuniclus
|-damage|p1a: Reuniclus|68/100
|-enditem|p1a: Reuniclus|Life Orb|[from] move: Knock Off|[of] p2a: Serperior
|move|p1a: Reuniclus|Knock Off|p2a: Serperior
|-activate|p2a: Serperior|move: Substitute|[damage]
|
|-heal|p2a: Serperior|88/100|[from] item: Leftovers
|upkeep
|turn|3
|
|t:|1779800271
|move|p2a: Serperior|Glare|p1a: Reuniclus
|-status|p1a: Reuniclus|par
|move|p1a: Reuniclus|Focus Blast|p2a: Serperior
|-end|p2a: Serperior|Substitute
|
|-end|p2a: Serperior|move: Future Sight
|-damage|p2a: Serperior|13/100
|-heal|p2a: Serperior|19/100|[from] item: Leftovers
|upkeep
|turn|4
|
|t:|1779800277
|switch|p2a: Iron Treads|Iron Treads|100/100
|-enditem|p2a: Iron Treads|Booster Energy
|-activate|p2a: Iron Treads|ability: Quark Drive|[fromitem]
|-start|p2a: Iron Treads|quarkdrivespe
|move|p1a: Reuniclus|Future Sight|p2a: Iron Treads
|-start|p1a: Reuniclus|move: Future Sight
|
|upkeep
|turn|5
|
|t:|1779800282
|move|p2a: Iron Treads|Stealth Rock|p1a: Reuniclus
|-sidestart|p1: blazingshadow46|move: Stealth Rock
|cant|p1a: Reuniclus|par
|
|upkeep
|turn|6
|
|t:|1779800286
|move|p2a: Iron Treads|High Horsepower|p1a: Reuniclus
|-crit|p1a: Reuniclus
|-damage|p1a: Reuniclus|2/100 par
|cant|p1a: Reuniclus|par
|
|-end|p2a: Iron Treads|move: Future Sight
|-resisted|p2a: Iron Treads
|-damage|p2a: Iron Treads|57/100
|upkeep
|turn|7
|c|☆blazingshadow46|dude
|
|t:|1779800295
|move|p2a: Iron Treads|Rapid Spin|p1a: Reuniclus
|-damage|p1a: Reuniclus|0 fnt
|-boost|p2a: Iron Treads|spe|1
|faint|p1a: Reuniclus
|
|upkeep
|
|t:|1779800298
|switch|p1a: Cyclizar|Cyclizar, M, shiny|100/100
|-damage|p1a: Cyclizar|88/100|[from] Stealth Rock
|turn|8
|
|t:|1779800306
|move|p2a: Iron Treads|High Horsepower|p1a: Cyclizar
|-damage|p1a: Cyclizar|29/100
|move|p1a: Cyclizar|Rapid Spin|p2a: Iron Treads
|-resisted|p2a: Iron Treads
|-damage|p2a: Iron Treads|50/100
|-boost|p1a: Cyclizar|spe|1
|-sideend|p1: blazingshadow46|Stealth Rock|[from] move: Rapid Spin|[of] p1a: Cyclizar
|
|upkeep
|turn|9
|
|t:|1779800315
|move|p2a: Iron Treads|High Horsepower|p1a: Cyclizar
|-damage|p1a: Cyclizar|0 fnt
|faint|p1a: Cyclizar
|
|upkeep
|
|t:|1779800320
|switch|p1a: Sableye|Sableye, F|100/100
|turn|10
|
|t:|1779800322
|move|p1a: Sableye|Encore|p2a: Iron Treads
|-start|p2a: Iron Treads|Encore
|move|p2a: Iron Treads|High Horsepower|p1a: Sableye
|-damage|p1a: Sableye|33/100
|
|upkeep
|turn|11
|
|t:|1779800326
|-end|p2a: Iron Treads|Quark Drive|[silent]
|switch|p2a: Pelipper|Pelipper, M, shiny|100/100
|-weather|RainDance|[from] ability: Drizzle|[of] p2a: Pelipper
|switch|p1a: Salamence|Salamence, M|100/100
|
|-weather|RainDance|[upkeep]
|upkeep
|turn|12
|
|t:|1779800331
|move|p1a: Salamence|Dragon Dance|p1a: Salamence
|-boost|p1a: Salamence|atk|1
|-boost|p1a: Salamence|spe|1
|move|p2a: Pelipper|U-turn|p1a: Salamence
|-resisted|p1a: Salamence
|-damage|p1a: Salamence|95/100
|
|t:|1779800338
|switch|p2a: Raging Bolt|Raging Bolt|100/100|[from] U-turn
|
|-weather|RainDance|[upkeep]
|upkeep
|turn|13
|
|t:|1779800343
|-terastallize|p1a: Salamence|Steel
|-terastallize|p2a: Raging Bolt|Fairy
|move|p1a: Salamence|Dragon Dance|p1a: Salamence
|-boost|p1a: Salamence|atk|1
|-boost|p1a: Salamence|spe|1
|move|p2a: Raging Bolt|Thunder|p1a: Salamence
|-damage|p1a: Salamence|14/100
|
|-weather|RainDance|[upkeep]
|upkeep
|turn|14
|
|t:|1779800350
|move|p1a: Salamence|Iron Head|p2a: Raging Bolt
|-supereffective|p2a: Raging Bolt
|-damage|p2a: Raging Bolt|0 fnt
|faint|p2a: Raging Bolt
|-end|p2a: Raging Bolt|Protosynthesis|[silent]
|-ability|p1a: Salamence|Moxie|boost
|-boost|p1a: Salamence|atk|1
|
|-weather|RainDance|[upkeep]
|upkeep
|
|t:|1779800353
|switch|p2a: Lokix|Lokix, F, shiny|100/100
|turn|15
|
|t:|1779800355
|switch|p1a: Garchomp|Garchomp, F|100/100
|move|p2a: Lokix|First Impression|p1a: Garchomp
|-damage|p1a: Garchomp|63/100
|-damage|p2a: Lokix|88/100|[from] ability: Rough Skin|[of] p1a: Garchomp
|-damage|p2a: Lokix|72/100|[from] item: Rocky Helmet|[of] p1a: Garchomp
|
|-weather|RainDance|[upkeep]
|upkeep
|turn|16
|
|t:|1779800364
|switch|p2a: Iron Treads|Iron Treads|50/100
|move|p1a: Garchomp|Stealth Rock|p2a: Iron Treads
|-sidestart|p2: Leap Call|move: Stealth Rock
|
|-weather|RainDance|[upkeep]
|upkeep
|turn|17
|
|t:|1779800367
|move|p2a: Iron Treads|Ice Spinner|p1a: Garchomp
|-supereffective|p1a: Garchomp
|-damage|p1a: Garchomp|3/100
|-damage|p2a: Iron Treads|38/100|[from] ability: Rough Skin|[of] p1a: Garchomp
|-damage|p2a: Iron Treads|21/100|[from] item: Rocky Helmet|[of] p1a: Garchomp
|move|p1a: Garchomp|Earthquake|p2a: Iron Treads
|-supereffective|p2a: Iron Treads
|-damage|p2a: Iron Treads|0 fnt
|faint|p2a: Iron Treads
|-end|p2a: Iron Treads|Quark Drive|[silent]
|
|-weather|RainDance|[upkeep]
|upkeep
|
|t:|1779800381
|switch|p2a: Overqwil|Overqwil, M|100/100
|-damage|p2a: Overqwil|88/100|[from] Stealth Rock
|turn|18
|
|t:|1779800387
|move|p2a: Overqwil|Gunk Shot|p1a: Garchomp|[miss]
|-miss|p2a: Overqwil|p1a: Garchomp
|move|p1a: Garchomp|Earthquake|p2a: Overqwil
|-supereffective|p2a: Overqwil
|-damage|p2a: Overqwil|0 fnt
|faint|p2a: Overqwil
|
|-weather|none
|upkeep
|
|t:|1779800389
|switch|p2a: Pelipper|Pelipper, M, shiny|100/100
|-damage|p2a: Pelipper|76/100|[from] Stealth Rock
|-weather|RainDance|[from] ability: Drizzle|[of] p2a: Pelipper
|turn|19
|
|t:|1779800392
|move|p1a: Garchomp|Spikes|p2a: Pelipper
|-sidestart|p2: Leap Call|Spikes
|move|p2a: Pelipper|Surf|p1a: Garchomp
|-damage|p1a: Garchomp|0 fnt
|faint|p1a: Garchomp
|
|-weather|RainDance|[upkeep]
|upkeep
|
|t:|1779800397
|switch|p1a: Salamence|Salamence, M, tera:Steel|14/100
|turn|20
|
|t:|1779800400
|move|p1a: Salamence|Dual Wingbeat|p2a: Pelipper
|-damage|p2a: Pelipper|51/100
|-damage|p2a: Pelipper|28/100
|-hitcount|p2a: Pelipper|2
|move|p2a: Pelipper|Surf|p1a: Salamence
|-damage|p1a: Salamence|0 fnt
|faint|p1a: Salamence
|
|-weather|RainDance|[upkeep]
|upkeep
|
|t:|1779800407
|switch|p1a: Scizor|Scizor, F|100/100
|turn|21
|
|t:|1779800409
|move|p1a: Scizor|Swords Dance|p1a: Scizor
|-boost|p1a: Scizor|atk|2
|move|p2a: Pelipper|Surf|p1a: Scizor
|-damage|p1a: Scizor|49/100
|
|-weather|RainDance|[upkeep]
|-heal|p1a: Scizor|56/100|[from] item: Leftovers
|upkeep
|turn|22
|
|t:|1779800412
|move|p1a: Scizor|Bullet Punch|p2a: Pelipper
|-resisted|p2a: Pelipper
|-damage|p2a: Pelipper|0 fnt
|faint|p2a: Pelipper
|
|-weather|RainDance|[upkeep]
|-heal|p1a: Scizor|62/100|[from] item: Leftovers
|upkeep
|
|t:|1779800416
|switch|p2a: Lokix|Lokix, F, shiny|72/100
|-damage|p2a: Lokix|47/100|[from] Stealth Rock
|-damage|p2a: Lokix|34/100|[from] Spikes
|turn|23
|
|t:|1779800420
|switch|p1a: Sableye|Sableye, F|33/100
|move|p2a: Lokix|First Impression|p1a: Sableye
|-damage|p1a: Sableye|0 fnt
|faint|p1a: Sableye
|
|-weather|RainDance|[upkeep]
|upkeep
|
|t:|1779800425
|switch|p1a: Scizor|Scizor, F|62/100
|turn|24
|
|t:|1779800427
|switch|p2a: Serperior|Serperior, F, shiny|19/100
|-damage|p2a: Serperior|7/100|[from] Stealth Rock
|-damage|p2a: Serperior|0 fnt|[from] Spikes
|faint|p2a: Serperior
|move|p1a: Scizor|Swords Dance|p1a: Scizor
|-boost|p1a: Scizor|atk|2
|
|-weather|RainDance|[upkeep]
|-heal|p1a: Scizor|68/100|[from] item: Leftovers
|upkeep
|
|t:|1779800429
|switch|p2a: Lokix|Lokix, F, shiny|34/100
|-damage|p2a: Lokix|10/100|[from] Stealth Rock
|-damage|p2a: Lokix|0 fnt|[from] Spikes
|faint|p2a: Lokix
|
|win|blazingshadow46
|raw|blazingshadow46's rating: 1451 &rarr; <strong>1471</strong><br />(+20 for winning)
|raw|Leap Call's rating: 1446 &rarr; <strong>1426</strong><br />(-20 for losing)
|l|‽Leap Call
|player|p2|
|c|☆blazingshadow46|gg
|l|☆blazingshadow46
|player|p1|
