|j|☆lord_brains
|j|☆hgjgfjyg
|t:|1779918338
|gametype|singles
|player|p1|lord_brains|nate|1285
|player|p2|hgjgfjyg|collector|1393
|gen|9
|tier|[Gen 9] OU
|rated|
|rule|HP Percentage Mod: HP is shown in percentages
|rule|Endless Battle Clause: Forcing endless battles is banned
|rule|Species Clause: Limit one of each Pokémon
|rule|OHKO Clause: OHKO moves are banned
|rule|Evasion Items Clause: Evasion items are banned
|rule|Evasion Moves Clause: Evasion moves are banned
|rule|Evasion Abilities Clause: Evasion abilities are banned
|rule|Sleep Moves Clause: Sleep-inducing moves are banned
|clearpoke
|poke|p1|Scizor, M|
|poke|p1|Great Tusk|
|poke|p1|Kyurem|
|poke|p1|Glimmora, M|
|poke|p1|Registeel|
|poke|p1|Chandelure, F|
|poke|p2|Pelipper, F|
|poke|p2|Samurott-Hisui, M|
|poke|p2|Iron Treads|
|poke|p2|Barraskewda, M|
|poke|p2|Porygon-Z|
|poke|p2|Toxicroak, F|
|teampreview
|inactive|Battle timer is ON: inactive players will automatically lose when time's up. (requested by hgjgfjyg)
|c|☆lord_brains|glhf
|
|t:|1779918353
|teamsize|p1|6
|teamsize|p2|6
|start
|switch|p1a: Kyurem|Kyurem|100/100
|switch|p2a: Bey blade|Iron Treads|100/100
|-ability|p1a: Kyurem|Pressure
|turn|1
|
|t:|1779918363
|move|p2a: Bey blade|Stealth Rock|p1a: Kyurem
|-sidestart|p1: lord_brains|move: Stealth Rock
|move|p1a: Kyurem|Earth Power|p2a: Bey blade
|-supereffective|p2a: Bey blade
|-damage|p2a: Bey blade|0 fnt
|faint|p2a: Bey blade
|-end|p2a: Bey blade|Quark Drive|[silent]
|
|upkeep
|
|t:|1779918380
|switch|p2a: Spike factory|Samurott-Hisui, M|100/100
|turn|2
|
|t:|1779918386
|switch|p1a: Great Tusk|Great Tusk|100/100
|-damage|p1a: Great Tusk|97/100|[from] Stealth Rock
|move|p2a: Spike factory|Ceaseless Edge|p1a: Great Tusk
|-resisted|p1a: Great Tusk
|-damage|p1a: Great Tusk|83/100
|-sidestart|p1: lord_brains|Spikes
|
|-heal|p1a: Great Tusk|89/100|[from] item: Leftovers
|upkeep
|turn|3
|c|☆lord_brains|do you mean sike factory from BTD6?
|
|t:|1779918407
|-terastallize|p2a: Spike factory|Ghost
|move|p2a: Spike factory|Ceaseless Edge|p1a: Great Tusk
|-resisted|p1a: Great Tusk
|-damage|p1a: Great Tusk|73/100
|-sidestart|p1: lord_brains|Spikes
|move|p1a: Great Tusk|Rapid Spin|p2a: Spike factory
|-immune|p2a: Spike factory
|
|-heal|p1a: Great Tusk|79/100|[from] item: Leftovers
|upkeep
|turn|4
|
|t:|1779918415
|move|p2a: Spike factory|Ceaseless Edge|p1a: Great Tusk
|-resisted|p1a: Great Tusk
|-crit|p1a: Great Tusk
|-damage|p1a: Great Tusk|56/100
|-sidestart|p1: lord_brains|Spikes
|move|p1a: Great Tusk|Headlong Rush|p2a: Spike factory
|-damage|p2a: Spike factory|26/100
|-unboost|p1a: Great Tusk|def|1
|-unboost|p1a: Great Tusk|spd|1
|
|-heal|p1a: Great Tusk|63/100|[from] item: Leftovers
|upkeep
|turn|5
|
|t:|1779918424
|-end|p1a: Great Tusk|Protosynthesis|[silent]
|switch|p1a: Scizor|Scizor, M|100/100
|-damage|p1a: Scizor|88/100|[from] Stealth Rock
|-damage|p1a: Scizor|63/100|[from] Spikes
|move|p2a: Spike factory|Ceaseless Edge|p1a: Scizor
|-damage|p1a: Scizor|21/100
|
|upkeep
|turn|6
|
|t:|1779918432
|move|p1a: Scizor|Bullet Punch|p2a: Spike factory
|-damage|p2a: Spike factory|0 fnt
|faint|p2a: Spike factory
|
|upkeep
|
|t:|1779918443
|switch|p2a: Toxicroak|Toxicroak, F|100/100
|turn|7
|
|t:|1779918446
|move|p1a: Scizor|Bullet Punch|p2a: Toxicroak
|-damage|p2a: Toxicroak|18/100
|move|p2a: Toxicroak|Close Combat|p1a: Scizor
|-damage|p1a: Scizor|0 fnt
|-unboost|p2a: Toxicroak|def|1
|-unboost|p2a: Toxicroak|spd|1
|faint|p1a: Scizor
|
|-heal|p2a: Toxicroak|25/100|[from] item: Leftovers
|upkeep
|
|t:|1779918455
|switch|p1a: Great Tusk|Great Tusk|63/100
|-damage|p1a: Great Tusk|59/100|[from] Stealth Rock
|-damage|p1a: Great Tusk|35/100|[from] Spikes
|turn|8
|
|t:|1779918462
|move|p2a: Toxicroak|Protect|p2a: Toxicroak
|-singleturn|p2a: Toxicroak|Protect
|move|p1a: Great Tusk|Rapid Spin|p2a: Toxicroak
|-activate|p2a: Toxicroak|move: Protect
|
|-heal|p1a: Great Tusk|41/100|[from] item: Leftovers
|-heal|p2a: Toxicroak|31/100|[from] item: Leftovers
|upkeep
|turn|9
|
|t:|1779918475
|move|p1a: Great Tusk|Rapid Spin|p2a: Toxicroak
|-damage|p2a: Toxicroak|0 fnt
|-boost|p1a: Great Tusk|spe|1
|-sideend|p1: lord_brains|Spikes|[from] move: Rapid Spin|[of] p1a: Great Tusk
|-sideend|p1: lord_brains|Stealth Rock|[from] move: Rapid Spin|[of] p1a: Great Tusk
|faint|p2a: Toxicroak
|
|-heal|p1a: Great Tusk|47/100|[from] item: Leftovers
|upkeep
|
|t:|1779918477
|switch|p2a: Pelipper|Pelipper, F|100/100
|-weather|RainDance|[from] ability: Drizzle|[of] p2a: Pelipper
|turn|10
|
|t:|1779918486
|-end|p1a: Great Tusk|Protosynthesis|[silent]
|switch|p1a: Kyurem|Kyurem|100/100
|-ability|p1a: Kyurem|Pressure
|move|p2a: Pelipper|Weather Ball|p1a: Kyurem
|-resisted|p1a: Kyurem
|-damage|p1a: Kyurem|76/100
|
|-weather|RainDance|[upkeep]
|upkeep
|turn|11
|
|t:|1779918494
|move|p1a: Kyurem|Freeze-Dry|p2a: Pelipper
|-supereffective|p2a: Pelipper
|-damage|p2a: Pelipper|0 fnt
|faint|p2a: Pelipper
|
|-weather|RainDance|[upkeep]
|upkeep
|
|t:|1779918497
|switch|p2a: Barraskewda|Barraskewda, M|100/100
|turn|12
|
|t:|1779918502
|move|p2a: Barraskewda|Close Combat|p1a: Kyurem
|-supereffective|p1a: Kyurem
|-damage|p1a: Kyurem|0 fnt
|-unboost|p2a: Barraskewda|def|1
|-unboost|p2a: Barraskewda|spd|1
|faint|p1a: Kyurem
|-damage|p2a: Barraskewda|91/100|[from] item: Life Orb
|
|-weather|RainDance|[upkeep]
|upkeep
|
|t:|1779918510
|switch|p1a: Glimmora|Glimmora, M|100/100
|turn|13
|
|t:|1779918513
|move|p2a: Barraskewda|Liquidation|p1a: Glimmora
|-supereffective|p1a: Glimmora
|-enditem|p1a: Glimmora|Focus Sash
|-damage|p1a: Glimmora|1/100
|-activate|p1a: Glimmora|ability: Toxic Debris
|-sidestart|p2: hgjgfjyg|move: Toxic Spikes
|-damage|p2a: Barraskewda|81/100|[from] item: Life Orb
|move|p1a: Glimmora|Power Gem|p2a: Barraskewda
|-damage|p2a: Barraskewda|0 fnt
|faint|p2a: Barraskewda
|
|-weather|RainDance|[upkeep]
|upkeep
|
|t:|1779918515
|switch|p2a: Nuclear bomb|Porygon-Z|100/100
|-status|p2a: Nuclear bomb|psn
|-ability|p2a: Nuclear bomb|Download|boost
|-boost|p2a: Nuclear bomb|spa|1
|turn|14
|c|☆lord_brains|gg
|
|t:|1779918528
|move|p2a: Nuclear bomb|Shadow Ball|p1a: Glimmora
|-damage|p1a: Glimmora|0 fnt
|faint|p1a: Glimmora
|-damage|p2a: Nuclear bomb|91/100 psn|[from] item: Life Orb
|
|-weather|RainDance|[upkeep]
|-damage|p2a: Nuclear bomb|78/100 psn|[from] psn
|upkeep
|
|t:|1779918537
|switch|p1a: Registeel|Registeel|100/100
|turn|15
|
|t:|1779918541
|move|p2a: Nuclear bomb|Thunder|p1a: Registeel
|-damage|p1a: Registeel|62/100
|-damage|p2a: Nuclear bomb|68/100 psn|[from] item: Life Orb
|move|p1a: Registeel|Body Press|p2a: Nuclear bomb
|-supereffective|p2a: Nuclear bomb
|-damage|p2a: Nuclear bomb|0 fnt
|faint|p2a: Nuclear bomb
|
|win|lord_brains
|raw|lord_brains's rating: 1285 &rarr; <strong>1318</strong><br />(+33 for winning)
|raw|hgjgfjyg's rating: 1393 &rarr; <strong>1367</strong><br />(-26 for losing)
|l|☆hgjgfjyg
|player|p2|
|l|☆lord_brains
|player|p1|
