|j|☆Le soleil dance
|j|☆Zovafire
|t:|1779811259
|gametype|singles
|player|p1|Le soleil dance|fisherman-gen4|1441
|player|p2|Zovafire|mina-masters|1568
|gen|9
|tier|[Gen 9] OU
|rated|
|rule|HP Percentage Mod: HP is shown in percentages
|rule|Endless Battle Clause: Forcing endless battles is banned
|rule|Species Clause: Limit one of each Pokémon
|rule|OHKO Clause: OHKO moves are banned
|rule|Evasion Items Clause: Evasion items are banned
|rule|Evasion Moves Clause: Evasion moves are banned
|rule|Evasion Abilities Clause: Evasion abilities are banned
|rule|Sleep Moves Clause: Sleep-inducing moves are banned
|clearpoke
|poke|p1|Slowking-Galar, F|
|poke|p1|Gholdengo|
|poke|p1|Samurott-Hisui, F|
|poke|p1|Scizor, M|
|poke|p1|Hatterene, F|
|poke|p1|Landorus-Therian, M|
|poke|p2|Tornadus-Therian, M|
|poke|p2|Great Tusk|
|poke|p2|Kingambit, M|
|poke|p2|Pecharunt|
|poke|p2|Latios, M|
|poke|p2|Iron Valiant|
|teampreview
|inactive|Battle timer is ON: inactive players will automatically lose when time's up. (requested by Zovafire)
|inactive|Le soleil dance has 120 seconds left.
|
|t:|1779811299
|teamsize|p1|6
|teamsize|p2|6
|start
|switch|p1a: Samurott|Samurott-Hisui, F|100/100
|switch|p2a: Tornadus|Tornadus-Therian, M|100/100
|turn|1
|
|t:|1779811304
|move|p2a: Tornadus|Focus Blast|p1a: Samurott
|-supereffective|p1a: Samurott
|-damage|p1a: Samurott|10/100
|move|p1a: Samurott|Ceaseless Edge|p2a: Tornadus|[miss]
|-miss|p1a: Samurott|p2a: Tornadus
|
|upkeep
|turn|2
|
|t:|1779811311
|switch|p1a: Slowking|Slowking-Galar, F|100/100
|move|p2a: Tornadus|U-turn|p1a: Slowking
|-crit|p1a: Slowking
|-damage|p1a: Slowking|82/100
|
|t:|1779811313
|switch|p2a: Great Tusk|Great Tusk|100/100|[from] U-turn
|
|upkeep
|turn|3
|
|t:|1779811323
|switch|p1a: Landorus|Landorus-Therian, M|100/100
|-ability|p1a: Landorus|Intimidate|boost
|-unboost|p2a: Great Tusk|atk|1
|move|p2a: Great Tusk|Ice Spinner|p1a: Landorus
|-supereffective|p1a: Landorus
|-damage|p1a: Landorus|30/100
|-damage|p2a: Great Tusk|84/100|[from] item: Rocky Helmet|[of] p1a: Landorus
|
|upkeep
|turn|4
|
|t:|1779811331
|move|p1a: Landorus|U-turn|p2a: Great Tusk
|-resisted|p2a: Great Tusk
|-damage|p2a: Great Tusk|77/100
|
|t:|1779811341
|switch|p1a: Hatterene|Hatterene, F|100/100|[from] U-turn
|move|p2a: Great Tusk|Ice Spinner|p1a: Hatterene
|-damage|p1a: Hatterene|84/100
|
|upkeep
|turn|5
|
|t:|1779811349
|-end|p2a: Great Tusk|Protosynthesis|[silent]
|switch|p2a: Tornadus|Tornadus-Therian, M|100/100
|move|p1a: Hatterene|Nuzzle|p2a: Tornadus
|-supereffective|p2a: Tornadus
|-damage|p2a: Tornadus|90/100
|-status|p2a: Tornadus|par
|
|upkeep
|turn|6
|
|t:|1779811364
|move|p2a: Tornadus|Knock Off|p1a: Hatterene
|-damage|p1a: Hatterene|64/100
|-enditem|p1a: Hatterene|Assault Vest|[from] move: Knock Off|[of] p2a: Tornadus
|move|p1a: Hatterene|Psyshock|p2a: Tornadus
|-damage|p2a: Tornadus|50/100 par
|
|upkeep
|turn|7
|
|t:|1779811379
|move|p2a: Tornadus|U-turn|p1a: Hatterene
|-damage|p1a: Hatterene|50/100
|
|t:|1779811380
|switch|p2a: Kingambit|Kingambit, M|100/100|[from] U-turn
|move|p1a: Hatterene|Draining Kiss|p2a: Kingambit
|-damage|p2a: Kingambit|78/100
|-heal|p1a: Hatterene|71/100|[from] drain|[of] p2a: Kingambit
|
|-heal|p2a: Kingambit|84/100|[from] item: Leftovers
|upkeep
|turn|8
|
|t:|1779811388
|switch|p1a: Landorus|Landorus-Therian, M|30/100
|-ability|p1a: Landorus|Intimidate|boost
|-unboost|p2a: Kingambit|atk|1
|move|p2a: Kingambit|Kowtow Cleave|p1a: Landorus
|-damage|p1a: Landorus|0 fnt
|-damage|p2a: Kingambit|68/100|[from] item: Rocky Helmet|[of] p1a: Landorus
|faint|p1a: Landorus
|
|-heal|p2a: Kingambit|74/100|[from] item: Leftovers
|upkeep
|
|t:|1779811394
|switch|p1a: Scizor|Scizor, M|100/100
|turn|9
|
|t:|1779811403
|-end|p2a: Kingambit|fallenundefined|[silent]
|switch|p2a: Tornadus|Tornadus-Therian, M|83/100 par
|move|p1a: Scizor|U-turn|p2a: Tornadus
|-resisted|p2a: Tornadus
|-damage|p2a: Tornadus|59/100 par
|
|t:|1779811407
|switch|p1a: Samurott|Samurott-Hisui, F|10/100|[from] U-turn
|
|upkeep
|turn|10
|
|t:|1779811410
|move|p1a: Samurott|Ceaseless Edge|p2a: Tornadus
|-damage|p2a: Tornadus|0 fnt
|-sidestart|p2: Zovafire|Spikes
|faint|p2a: Tornadus
|
|upkeep
|
|t:|1779811413
|switch|p2a: Great Tusk|Great Tusk|77/100
|turn|11
|
|t:|1779811423
|-terastallize|p1a: Samurott|Ghost
|move|p2a: Great Tusk|Ice Spinner|p1a: Samurott
|-damage|p1a: Samurott|0 fnt
|faint|p1a: Samurott
|
|upkeep
|
|t:|1779811431
|switch|p1a: Gholdengo|Gholdengo|100/100
|turn|12
|
|t:|1779811439
|move|p2a: Great Tusk|Stealth Rock|p1a: Gholdengo
|-sidestart|p1: Le soleil dance|move: Stealth Rock
|move|p1a: Gholdengo|Focus Blast|p2a: Great Tusk
|-crit|p2a: Great Tusk
|-damage|p2a: Great Tusk|0 fnt
|faint|p2a: Great Tusk
|-end|p2a: Great Tusk|Protosynthesis|[silent]
|
|upkeep
|
|t:|1779811445
|switch|p2a: Pecharunt|Pecharunt|100/100
|-item|p2a: Pecharunt|Air Balloon
|turn|13
|
|t:|1779811449
|switch|p1a: Scizor|Scizor, M|100/100
|move|p2a: Pecharunt|Nasty Plot|p2a: Pecharunt
|-boost|p2a: Pecharunt|spa|2
|
|upkeep
|turn|14
|
|t:|1779811457
|move|p2a: Pecharunt|Shadow Ball|p1a: Scizor
|-damage|p1a: Scizor|42/100
|move|p1a: Scizor|U-turn|p2a: Pecharunt
|-resisted|p2a: Pecharunt
|-damage|p2a: Pecharunt|94/100
|-enditem|p2a: Pecharunt|Air Balloon
|
|t:|1779811460
|switch|p1a: Gholdengo|Gholdengo|100/100|[from] U-turn
|-damage|p1a: Gholdengo|94/100|[from] Stealth Rock
|
|upkeep
|turn|15
|
|t:|1779811463
|move|p2a: Pecharunt|Shadow Ball|p1a: Gholdengo
|-supereffective|p1a: Gholdengo
|-damage|p1a: Gholdengo|0 fnt
|faint|p1a: Gholdengo
|
|upkeep
|-message|Le soleil dance forfeited.
|
|win|Zovafire
|raw|Le soleil dance's rating: 1441 &rarr; <strong>1428</strong><br />(-13 for losing)
|raw|Zovafire's rating: 1568 &rarr; <strong>1581</strong><br />(+13 for winning)
|l|☆Le soleil dance
|player|p1|
