|j|☆wubbybubbyjr
|j|☆blake-mamba
|t:|1779943276
|gametype|singles
|player|p1|wubbybubbyjr|preschooler|1605
|player|p2|blake-mamba|lance|1548
|gen|9
|tier|[Gen 9] OU
|rated|
|rule|HP Percentage Mod: HP is shown in percentages
|rule|Endless Battle Clause: Forcing endless battles is banned
|rule|Species Clause: Limit one of each Pokémon
|rule|OHKO Clause: OHKO moves are banned
|rule|Evasion Items Clause: Evasion items are banned
|rule|Evasion Moves Clause: Evasion moves are banned
|rule|Evasion Abilities Clause: Evasion abilities are banned
|rule|Sleep Moves Clause: Sleep-inducing moves are banned
|clearpoke
|poke|p1|Darkrai|
|poke|p1|Deoxys-Speed|
|poke|p1|Gholdengo|
|poke|p1|Great Tusk|
|poke|p1|Ogerpon-Wellspring, F|
|poke|p1|Dragonite, M|
|poke|p2|Kleavor, M|
|poke|p2|Glimmora, F|
|poke|p2|Iron Boulder|
|poke|p2|Arcanine-Hisui, M|
|poke|p2|Ogerpon-Cornerstone, F|
|poke|p2|Minior|
|teampreview
|inactive|Battle timer is ON: inactive players will automatically lose when time's up. (requested by wubbybubbyjr)
|
|t:|1779943301
|teamsize|p1|6
|teamsize|p2|6
|start
|switch|p1a: Great Tusk|Great Tusk|100/100
|switch|p2a: Iron Boulder|Iron Boulder|100/100
|-enditem|p2a: Iron Boulder|Booster Energy
|-activate|p2a: Iron Boulder|ability: Quark Drive|[fromitem]
|-start|p2a: Iron Boulder|quarkdrivespe
|turn|1
|
|t:|1779943313
|-terastallize|p2a: Iron Boulder|Fighting
|move|p2a: Iron Boulder|Swords Dance|p2a: Iron Boulder
|-boost|p2a: Iron Boulder|atk|2
|move|p1a: Great Tusk|Headlong Rush|p2a: Iron Boulder
|-crit|p2a: Iron Boulder
|-damage|p2a: Iron Boulder|0 fnt
|-unboost|p1a: Great Tusk|def|1
|-unboost|p1a: Great Tusk|spd|1
|faint|p2a: Iron Boulder
|-end|p2a: Iron Boulder|Quark Drive|[silent]
|
|upkeep
|
|t:|1779943325
|switch|p2a: Minior|Minior|100/100
|-formechange|p2a: Minior|Minior-Meteor||[from] ability: Shields Down
|turn|2
|
|t:|1779943333
|move|p1a: Great Tusk|Knock Off|p2a: Minior
|-damage|p2a: Minior|54/100
|-enditem|p2a: Minior|White Herb|[from] move: Knock Off|[of] p1a: Great Tusk
|move|p2a: Minior|Shell Smash|p2a: Minior
|-unboost|p2a: Minior|def|1
|-unboost|p2a: Minior|spd|1
|-boost|p2a: Minior|atk|2
|-boost|p2a: Minior|spa|2
|-boost|p2a: Minior|spe|2
|
|upkeep
|turn|3
|
|t:|1779943343
|-end|p1a: Great Tusk|Protosynthesis|[silent]
|switch|p1a: Deoxys|Deoxys-Speed|100/100
|-ability|p1a: Deoxys|Pressure
|move|p2a: Minior|Acrobatics|p1a: Deoxys
|-enditem|p1a: Deoxys|Focus Sash
|-damage|p1a: Deoxys|1/100
|
|upkeep
|turn|4
|
|t:|1779943352
|move|p1a: Deoxys|Psycho Boost|p2a: Minior
|-damage|p2a: Minior|0 fnt
|-unboost|p1a: Deoxys|spa|2
|faint|p2a: Minior
|
|upkeep
|
|t:|1779943360
|switch|p2a: Ogerpon|Ogerpon-Cornerstone, F|100/100
|turn|5
|
|t:|1779943364
|move|p1a: Deoxys|Taunt|p2a: Ogerpon
|-start|p2a: Ogerpon|move: Taunt
|move|p2a: Ogerpon|Ivy Cudgel|p1a: Deoxys|[anim] Ivy Cudgel Rock
|-damage|p1a: Deoxys|0 fnt
|faint|p1a: Deoxys
|
|upkeep
|
|t:|1779943376
|switch|p1a: Gholdengo|Gholdengo|100/100
|turn|6
|
|t:|1779943383
|switch|p2a: Arcanine|Arcanine-Hisui, M|100/100
|move|p1a: Gholdengo|Shadow Ball|p2a: Arcanine
|-damage|p2a: Arcanine|51/100
|
|upkeep
|turn|7
|
|t:|1779943390
|move|p1a: Gholdengo|Shadow Ball|p2a: Arcanine
|-damage|p2a: Arcanine|1/100
|move|p2a: Arcanine|Flame Charge|p1a: Gholdengo
|-supereffective|p1a: Gholdengo
|-damage|p1a: Gholdengo|25/100
|-boost|p2a: Arcanine|spe|1
|-damage|p2a: Arcanine|0 fnt|[from] item: Life Orb
|faint|p2a: Arcanine
|
|upkeep
|
|t:|1779943401
|switch|p2a: Kleavor|Kleavor, M|100/100
|turn|8
|
|t:|1779943410
|move|p1a: Gholdengo|Shadow Ball|p2a: Kleavor
|-damage|p2a: Kleavor|34/100
|-unboost|p2a: Kleavor|spd|1
|move|p2a: Kleavor|Stone Axe|p1a: Gholdengo
|-resisted|p1a: Gholdengo
|-damage|p1a: Gholdengo|0 fnt
|-sidestart|p1: wubbybubbyjr|move: Stealth Rock
|faint|p1a: Gholdengo
|
|upkeep
|
|t:|1779943420
|switch|p1a: Ogerpon|Ogerpon-Wellspring, F|100/100
|-damage|p1a: Ogerpon|88/100|[from] Stealth Rock
|turn|9
|
|t:|1779943424
|move|p2a: Kleavor|Stone Axe|p1a: Ogerpon
|-damage|p1a: Ogerpon|17/100
|move|p1a: Ogerpon|Ivy Cudgel|p2a: Kleavor|[anim] Ivy Cudgel Water
|-supereffective|p2a: Kleavor
|-damage|p2a: Kleavor|0 fnt
|faint|p2a: Kleavor
|
|upkeep
|
|t:|1779943433
|switch|p2a: Ogerpon|Ogerpon-Cornerstone, F|100/100
|turn|10
|
|t:|1779943437
|move|p1a: Ogerpon|Ivy Cudgel|p2a: Ogerpon|[anim] Ivy Cudgel Water
|-damage|p2a: Ogerpon|22/100
|move|p2a: Ogerpon|Trailblaze|p1a: Ogerpon
|-damage|p1a: Ogerpon|0 fnt
|-boost|p2a: Ogerpon|spe|1
|faint|p1a: Ogerpon
|
|upkeep
|
|t:|1779943448
|switch|p1a: Great Tusk|Great Tusk|100/100
|turn|11
|
|t:|1779943453
|-terastallize|p1a: Great Tusk|Steel
|move|p2a: Ogerpon|Trailblaze|p1a: Great Tusk
|-resisted|p1a: Great Tusk
|-damage|p1a: Great Tusk|90/100
|-boost|p2a: Ogerpon|spe|1
|move|p1a: Great Tusk|Headlong Rush|p2a: Ogerpon
|-damage|p2a: Ogerpon|0 fnt
|-unboost|p1a: Great Tusk|def|1
|-unboost|p1a: Great Tusk|spd|1
|faint|p2a: Ogerpon
|
|upkeep
|
|t:|1779943465
|switch|p2a: Glimmora|Glimmora, F|100/100
|turn|12
|
|t:|1779943469
|move|p1a: Great Tusk|Headlong Rush|p2a: Glimmora
|-supereffective|p2a: Glimmora
|-damage|p2a: Glimmora|0 fnt
|-unboost|p1a: Great Tusk|def|1
|-unboost|p1a: Great Tusk|spd|1
|-activate|p2a: Glimmora|ability: Toxic Debris
|-sidestart|p1: wubbybubbyjr|move: Toxic Spikes
|faint|p2a: Glimmora
|
|win|wubbybubbyjr
|raw|wubbybubbyjr's rating: 1605 &rarr; <strong>1622</strong><br />(+17 for winning)
|raw|blake-mamba's rating: 1548 &rarr; <strong>1531</strong><br />(-17 for losing)
|l|☆wubbybubbyjr
|player|p1|
