|j|☆klopkik
|j|☆facyblurre
|t:|1779887341
|gametype|singles
|player|p1|klopkik|101|1575
|player|p2|facyblurre|lucas|1603
|gen|9
|tier|[Gen 9] OU
|rated|
|rule|HP Percentage Mod: HP is shown in percentages
|rule|Endless Battle Clause: Forcing endless battles is banned
|rule|Species Clause: Limit one of each Pokémon
|rule|OHKO Clause: OHKO moves are banned
|rule|Evasion Items Clause: Evasion items are banned
|rule|Evasion Moves Clause: Evasion moves are banned
|rule|Evasion Abilities Clause: Evasion abilities are banned
|rule|Sleep Moves Clause: Sleep-inducing moves are banned
|clearpoke
|poke|p1|Ursaluna, F|
|poke|p1|Dragonite, M|
|poke|p1|Toxapex, M|
|poke|p1|Heatran, F|
|poke|p1|Hydreigon, M|
|poke|p1|Hatterene, F|
|poke|p2|Zapdos|
|poke|p2|Iron Treads|
|poke|p2|Samurott-Hisui, F|
|poke|p2|Ceruledge, M|
|poke|p2|Gholdengo|
|poke|p2|Kingambit, M|
|teampreview
|inactive|Battle timer is ON: inactive players will automatically lose when time's up. (requested by facyblurre)
|inactive|klopkik has 120 seconds left.
|
|t:|1779887378
|teamsize|p1|6
|teamsize|p2|6
|start
|switch|p1a: Hydreigon|Hydreigon, M|100/100
|switch|p2a: Samurott|Samurott-Hisui, F|100/100
|turn|1
|
|t:|1779887385
|move|p1a: Hydreigon|Draco Meteor|p2a: Samurott
|-damage|p2a: Samurott|32/100
|-unboost|p1a: Hydreigon|spa|2
|move|p2a: Samurott|Knock Off|p1a: Hydreigon
|-resisted|p1a: Hydreigon
|-damage|p1a: Hydreigon|75/100
|-enditem|p1a: Hydreigon|Choice Specs|[from] move: Knock Off|[of] p2a: Samurott
|
|upkeep
|turn|2
|
|t:|1779887404
|move|p1a: Hydreigon|Draco Meteor|p2a: Samurott|[miss]
|-miss|p1a: Hydreigon|p2a: Samurott
|move|p2a: Samurott|Ceaseless Edge|p1a: Hydreigon
|-resisted|p1a: Hydreigon
|-damage|p1a: Hydreigon|50/100
|-sidestart|p1: klopkik|Spikes
|
|upkeep
|turn|3
|
|t:|1779887408
|move|p1a: Hydreigon|Draco Meteor|p2a: Samurott
|-damage|p2a: Samurott|10/100
|-unboost|p1a: Hydreigon|spa|2
|move|p2a: Samurott|Ceaseless Edge|p1a: Hydreigon
|-resisted|p1a: Hydreigon
|-damage|p1a: Hydreigon|24/100
|-sidestart|p1: klopkik|Spikes
|
|upkeep
|turn|4
|
|t:|1779887418
|move|p1a: Hydreigon|Draco Meteor|p2a: Samurott
|-damage|p2a: Samurott|0 fnt
|-unboost|p1a: Hydreigon|spa|2
|faint|p2a: Samurott
|
|upkeep
|
|t:|1779887427
|switch|p2a: Ceruledge|Ceruledge, M|100/100
|turn|5
|
|t:|1779887432
|switch|p1a: Toxapex|Toxapex, M|100/100
|-damage|p1a: Toxapex|84/100|[from] Spikes
|move|p2a: Ceruledge|Swords Dance|p2a: Ceruledge
|-boost|p2a: Ceruledge|atk|2
|
|upkeep
|turn|6
|
|t:|1779887440
|switch|p1a: Ursaluna|Ursaluna, F|100/100
|-damage|p1a: Ursaluna|84/100|[from] Spikes
|move|p2a: Ceruledge|Poltergeist|p1a: Ursaluna
|-immune|p1a: Ursaluna
|
|-status|p1a: Ursaluna|brn|[from] item: Flame Orb
|upkeep
|turn|7
|
|t:|1779887447
|switch|p2a: Gholdengo|Gholdengo|100/100
|-item|p2a: Gholdengo|Air Balloon
|switch|p1a: Toxapex|Toxapex, M|100/100
|-damage|p1a: Toxapex|84/100|[from] Spikes
|
|upkeep
|turn|8
|
|t:|1779887454
|move|p2a: Gholdengo|Thunder Wave|p1a: Toxapex
|-status|p1a: Toxapex|par
|move|p1a: Toxapex|Haze|p1a: Toxapex
|-clearallboost
|
|upkeep
|turn|9
|
|t:|1779887461
|switch|p2a: Iron Treads|Iron Treads|100/100
|cant|p1a: Toxapex|par
|
|upkeep
|turn|10
|
|t:|1779887468
|move|p2a: Iron Treads|Earthquake|p1a: Toxapex
|-supereffective|p1a: Toxapex
|-damage|p1a: Toxapex|6/100 par
|-enditem|p1a: Toxapex|Eject Button
|
|t:|1779887478
|switch|p1a: Heatran|Heatran, F|100/100
|-item|p1a: Heatran|Air Balloon
|
|upkeep
|turn|11
|
|t:|1779887482
|-end|p2a: Iron Treads|Quark Drive|[silent]
|switch|p2a: Zapdos|Zapdos|100/100
|move|p1a: Heatran|Magma Storm|p2a: Zapdos
|-damage|p2a: Zapdos|59/100
|-activate|p2a: Zapdos|move: Magma Storm|[of] p1a: Heatran
|
|-damage|p2a: Zapdos|46/100|[from] move: Magma Storm|[partiallytrapped]
|upkeep
|turn|12
|
|t:|1779887492
|switch|p1a: Ursaluna|Ursaluna, F|84/100 brn
|-damage|p1a: Ursaluna|67/100 brn|[from] Spikes
|move|p2a: Zapdos|Roost|p2a: Zapdos
|-heal|p2a: Zapdos|97/100
|-singleturn|p2a: Zapdos|move: Roost
|
|-damage|p1a: Ursaluna|61/100 brn|[from] brn
|-end|p2a: Zapdos|Magma Storm|[partiallytrapped]|[silent]
|upkeep
|turn|13
|
|t:|1779887503
|move|p2a: Zapdos|Hurricane|p1a: Ursaluna
|-damage|p1a: Ursaluna|14/100 brn
|move|p1a: Ursaluna|Crunch|p2a: Zapdos
|-damage|p2a: Zapdos|61/100
|
|-damage|p1a: Ursaluna|7/100 brn|[from] brn
|upkeep
|turn|14
|
|t:|1779887511
|move|p2a: Zapdos|Hurricane|p1a: Ursaluna
|-damage|p1a: Ursaluna|0 fnt
|faint|p1a: Ursaluna
|
|upkeep
|
|t:|1779887519
|switch|p1a: Hydreigon|Hydreigon, M|24/100
|turn|15
|
|t:|1779887523
|switch|p2a: Iron Treads|Iron Treads|100/100
|move|p1a: Hydreigon|Draco Meteor|p2a: Iron Treads|[miss]
|-miss|p1a: Hydreigon|p2a: Iron Treads
|
|upkeep
|turn|16
|
|t:|1779887529
|move|p2a: Iron Treads|Knock Off|p1a: Hydreigon
|-resisted|p1a: Hydreigon
|-damage|p1a: Hydreigon|12/100
|move|p1a: Hydreigon|Earth Power|p2a: Iron Treads
|-supereffective|p2a: Iron Treads
|-damage|p2a: Iron Treads|9/100
|
|-heal|p2a: Iron Treads|15/100|[from] item: Leftovers
|upkeep
|turn|17
|
|t:|1779887543
|move|p2a: Iron Treads|Rapid Spin|p1a: Hydreigon
|-damage|p1a: Hydreigon|0 fnt
|-boost|p2a: Iron Treads|spe|1
|faint|p1a: Hydreigon
|
|-heal|p2a: Iron Treads|21/100|[from] item: Leftovers
|upkeep
|
|t:|1779887548
|switch|p1a: Dragonite|Dragonite, M|100/100
|turn|18
|
|t:|1779887556
|-end|p2a: Iron Treads|Quark Drive|[silent]
|switch|p2a: Gholdengo|Gholdengo|100/100
|-item|p2a: Gholdengo|Air Balloon
|move|p1a: Dragonite|Dragon Dance|p1a: Dragonite
|-boost|p1a: Dragonite|atk|1
|-boost|p1a: Dragonite|spe|1
|
|upkeep
|turn|19
|
|t:|1779887563
|switch|p1a: Heatran|Heatran, F|100/100
|-item|p1a: Heatran|Air Balloon
|move|p2a: Gholdengo|Thunder Wave|p1a: Heatran
|-status|p1a: Heatran|par
|
|upkeep
|turn|20
|
|t:|1779887569
|switch|p2a: Ceruledge|Ceruledge, M|100/100
|move|p1a: Heatran|Magma Storm|p2a: Ceruledge
|-resisted|p2a: Ceruledge
|-damage|p2a: Ceruledge|79/100
|-activate|p2a: Ceruledge|move: Magma Storm|[of] p1a: Heatran
|
|-damage|p2a: Ceruledge|67/100|[from] move: Magma Storm|[partiallytrapped]
|upkeep
|turn|21
|
|t:|1779887576
|switch|p1a: Toxapex|Toxapex, M|39/100 par
|-damage|p1a: Toxapex|23/100 par|[from] Spikes
|move|p2a: Ceruledge|Poltergeist||[still]
|-fail|p2a: Ceruledge
|
|-end|p2a: Ceruledge|Magma Storm|[partiallytrapped]|[silent]
|upkeep
|turn|22
|
|t:|1779887586
|switch|p2a: Iron Treads|Iron Treads|21/100
|cant|p1a: Toxapex|par
|
|-heal|p2a: Iron Treads|28/100|[from] item: Leftovers
|upkeep
|turn|23
|
|t:|1779887598
|switch|p1a: Dragonite|Dragonite, M|100/100
|move|p2a: Iron Treads|Stealth Rock|p1a: Dragonite
|-sidestart|p1: klopkik|move: Stealth Rock
|
|-heal|p2a: Iron Treads|34/100|[from] item: Leftovers
|upkeep
|turn|24
|
|t:|1779887613
|-end|p2a: Iron Treads|Quark Drive|[silent]
|switch|p2a: Gholdengo|Gholdengo|100/100
|-item|p2a: Gholdengo|Air Balloon
|move|p1a: Dragonite|Low Kick|p2a: Gholdengo
|-immune|p2a: Gholdengo
|
|upkeep
|turn|25
|
|t:|1779887623
|switch|p1a: Toxapex|Toxapex, M|56/100 par
|-damage|p1a: Toxapex|40/100 par|[from] Spikes
|-damage|p1a: Toxapex|28/100 par|[from] Stealth Rock
|move|p2a: Gholdengo|Hex|p1a: Toxapex
|-damage|p1a: Toxapex|0 fnt
|faint|p1a: Toxapex
|
|upkeep
|
|t:|1779887627
|switch|p1a: Hatterene|Hatterene, F|100/100
|-damage|p1a: Hatterene|84/100|[from] Spikes
|-damage|p1a: Hatterene|72/100|[from] Stealth Rock
|turn|26
|
|t:|1779887631
|-terastallize|p1a: Hatterene|Water
|move|p2a: Gholdengo|Hex|p1a: Hatterene
|-damage|p1a: Hatterene|39/100
|move|p1a: Hatterene|Calm Mind|p1a: Hatterene
|-boost|p1a: Hatterene|spa|1
|-boost|p1a: Hatterene|spd|1
|
|-heal|p1a: Hatterene|45/100|[from] item: Leftovers
|upkeep
|turn|27
|
|t:|1779887642
|switch|p2a: Iron Treads|Iron Treads|34/100
|move|p1a: Hatterene|Draining Kiss|p2a: Iron Treads
|-resisted|p2a: Iron Treads
|-damage|p2a: Iron Treads|11/100
|-heal|p1a: Hatterene|62/100|[from] drain|[of] p2a: Iron Treads
|
|-heal|p2a: Iron Treads|17/100|[from] item: Leftovers
|-heal|p1a: Hatterene|68/100|[from] item: Leftovers
|upkeep
|turn|28
|
|t:|1779887645
|move|p2a: Iron Treads|Earthquake|p1a: Hatterene
|-damage|p1a: Hatterene|34/100
|move|p1a: Hatterene|Draining Kiss|p2a: Iron Treads
|-resisted|p2a: Iron Treads
|-damage|p2a: Iron Treads|0 fnt
|-heal|p1a: Hatterene|46/100|[from] drain|[of] p2a: Iron Treads
|faint|p2a: Iron Treads
|-end|p2a: Iron Treads|Quark Drive|[silent]
|
|-heal|p1a: Hatterene|52/100|[from] item: Leftovers
|upkeep
|
|t:|1779887648
|switch|p2a: Ceruledge|Ceruledge, M|67/100
|turn|29
|
|t:|1779887657
|switch|p1a: Heatran|Heatran, F|100/100 par
|-damage|p1a: Heatran|88/100 par|[from] Stealth Rock
|-item|p1a: Heatran|Air Balloon
|move|p2a: Ceruledge|Poltergeist|p1a: Heatran
|-activate|p1a: Heatran|move: Poltergeist|Air Balloon
|-damage|p1a: Heatran|31/100 par
|-enditem|p1a: Heatran|Air Balloon
|
|upkeep
|turn|30
|
|t:|1779887663
|move|p2a: Ceruledge|Shadow Sneak|p1a: Heatran
|-damage|p1a: Heatran|10/100 par
|cant|p1a: Heatran|par
|
|upkeep
|turn|31
|
|t:|1779887667
|move|p2a: Ceruledge|Shadow Sneak|p1a: Heatran
|-damage|p1a: Heatran|0 fnt
|faint|p1a: Heatran
|
|upkeep
|-message|klopkik forfeited.
|
|win|facyblurre
|raw|klopkik's rating: 1575 &rarr; <strong>1557</strong><br />(-18 for losing)
|raw|facyblurre's rating: 1603 &rarr; <strong>1621</strong><br />(+18 for winning)
|l|☆klopkik
|player|p1|
|l|☆facyblurre
|player|p2|
