|j|☆GO Rocket Grunt
|j|☆Vkjoggers
|t:|1779915921
|gametype|singles
|player|p1|GO Rocket Grunt|rocketgrunt|1197
|player|p2|Vkjoggers|102|1267
|gen|9
|tier|[Gen 9] OU
|rated|
|rule|HP Percentage Mod: HP is shown in percentages
|rule|Endless Battle Clause: Forcing endless battles is banned
|rule|Species Clause: Limit one of each Pokémon
|rule|OHKO Clause: OHKO moves are banned
|rule|Evasion Items Clause: Evasion items are banned
|rule|Evasion Moves Clause: Evasion moves are banned
|rule|Evasion Abilities Clause: Evasion abilities are banned
|rule|Sleep Moves Clause: Sleep-inducing moves are banned
|clearpoke
|poke|p1|Primarina, F|
|poke|p1|Scizor, F|
|poke|p1|Great Tusk|
|poke|p1|Garchomp, M|
|poke|p1|Iron Valiant|
|poke|p1|Rotom-Wash|
|poke|p2|Tatsugiri-Droopy, M|
|poke|p2|Goodra-Hisui, F|
|poke|p2|Swampert, F|
|poke|p2|Dragonite, F|
|poke|p2|Alomomola, F|
|poke|p2|Skeledirge, M|
|teampreview
|inactive|Battle timer is ON: inactive players will automatically lose when time's up. (requested by Vkjoggers)
|
|t:|1779915930
|teamsize|p1|6
|teamsize|p2|6
|start
|switch|p1a: Steeled Heart|Iron Valiant, shiny|100/100
|switch|p2a: Tatsugiri|Tatsugiri-Droopy, M, shiny|100/100
|turn|1
|
|t:|1779915943
|switch|p2a: Goodra|Goodra-Hisui, F|100/100
|move|p1a: Steeled Heart|Moonblast|p2a: Goodra
|-damage|p2a: Goodra|69/100
|
|upkeep
|turn|2
|
|t:|1779915950
|-end|p1a: Steeled Heart|Quark Drive|[silent]
|switch|p1a: Loxodonta|Great Tusk|100/100
|move|p2a: Goodra|Ice Beam|p1a: Loxodonta
|-supereffective|p1a: Loxodonta
|-damage|p1a: Loxodonta|5/100
|
|upkeep
|turn|3
|
|t:|1779915958
|switch|p2a: Alomomola|Alomomola, F|100/100
|move|p1a: Loxodonta|Earthquake|p2a: Alomomola
|-damage|p2a: Alomomola|72/100
|
|upkeep
|turn|4
|
|t:|1779915964
|-end|p1a: Loxodonta|Protosynthesis|[silent]
|switch|p1a: Tide|Rotom-Wash|100/100
|move|p2a: Alomomola|Flip Turn|p1a: Tide
|-resisted|p1a: Tide
|-damage|p1a: Tide|91/100
|
|t:|1779915976
|switch|p2a: Tatsugiri|Tatsugiri-Droopy, M, shiny|100/100|[from] Flip Turn
|
|-heal|p1a: Tide|98/100|[from] item: Leftovers
|upkeep
|turn|5
|
|t:|1779915983
|move|p2a: Tatsugiri|Taunt|p1a: Tide
|-start|p1a: Tide|move: Taunt
|move|p1a: Tide|Volt Switch|p2a: Tatsugiri
|-damage|p2a: Tatsugiri|69/100
|
|t:|1779915990
|switch|p1a: Mako|Garchomp, M|100/100|[from] Volt Switch
|
|upkeep
|turn|6
|
|t:|1779915999
|switch|p2a: Alomomola|Alomomola, F|100/100
|move|p1a: Mako|Earthquake|p2a: Alomomola
|-damage|p2a: Alomomola|67/100
|
|upkeep
|turn|7
|
|t:|1779916017
|switch|p1a: Steeled Heart|Iron Valiant, shiny|100/100
|move|p2a: Alomomola|Flip Turn|p1a: Steeled Heart
|-damage|p1a: Steeled Heart|80/100
|
|t:|1779916019
|switch|p2a: Swampert|Swampert, F|100/100|[from] Flip Turn
|
|upkeep
|turn|8
|
|t:|1779916026
|move|p1a: Steeled Heart|Trick|p2a: Swampert
|-activate|p1a: Steeled Heart|move: Trick|[of] p2a: Swampert
|-item|p2a: Swampert|Choice Specs|[from] move: Trick
|-item|p1a: Steeled Heart|Leftovers|[from] move: Trick
|move|p2a: Swampert|Stealth Rock|p1a: Steeled Heart
|-sidestart|p1: GO Rocket Grunt|move: Stealth Rock
|
|-heal|p1a: Steeled Heart|87/100|[from] item: Leftovers
|upkeep
|turn|9
|
|t:|1779916038
|switch|p2a: Alomomola|Alomomola, F|100/100
|move|p1a: Steeled Heart|Moonblast|p2a: Alomomola
|-damage|p2a: Alomomola|43/100
|
|-heal|p1a: Steeled Heart|93/100|[from] item: Leftovers
|upkeep
|turn|10
|
|t:|1779916047
|switch|p2a: Skeledirge|Skeledirge, M|100/100
|move|p1a: Steeled Heart|Moonblast|p2a: Skeledirge
|-resisted|p2a: Skeledirge
|-damage|p2a: Skeledirge|84/100
|-unboost|p2a: Skeledirge|spa|1
|
|-heal|p1a: Steeled Heart|99/100|[from] item: Leftovers
|upkeep
|turn|11
|
|t:|1779916057
|-end|p1a: Steeled Heart|Quark Drive|[silent]
|switch|p1a: Mako|Garchomp, M|100/100
|-damage|p1a: Mako|94/100|[from] Stealth Rock
|move|p2a: Skeledirge|Torch Song|p1a: Mako
|-resisted|p1a: Mako
|-damage|p1a: Mako|84/100
|-boost|p2a: Skeledirge|spa|1
|
|upkeep
|turn|12
|
|t:|1779916066
|-terastallize|p2a: Skeledirge|Fairy
|move|p1a: Mako|Dragon Claw|p2a: Skeledirge
|-immune|p2a: Skeledirge
|move|p2a: Skeledirge|Will-O-Wisp|p1a: Mako
|-status|p1a: Mako|brn
|
|-damage|p1a: Mako|78/100 brn|[from] brn
|upkeep
|turn|13
|inactive|GO Rocket Grunt has 120 seconds left.
|inactive|GO Rocket Grunt has 90 seconds left.
|inactive|GO Rocket Grunt has 60 seconds left.
|l|☆GO Rocket Grunt
|inactive|GO Rocket Grunt disconnected and has a minute to reconnect!
|player|p1|
|inactive|GO Rocket Grunt has 30 seconds left.
|inactive|GO Rocket Grunt has 20 seconds left.
|inactive|GO Rocket Grunt has 15 seconds left.
|inactive|GO Rocket Grunt has 10 seconds left.
|inactive|GO Rocket Grunt has 5 seconds left.
|-message|GO Rocket Grunt lost due to inactivity.
|
|win|Vkjoggers
|raw|GO Rocket Grunt's rating: 1197 &rarr; <strong>1177</strong><br />(-20 for losing)
|raw|Vkjoggers's rating: 1267 &rarr; <strong>1287</strong><br />(+20 for winning)
|l|☆Vkjoggers
|player|p2|
