|j|☆AmadanNaBrion
|j|☆ikthoizzykil
|t:|1779918460
|gametype|singles
|player|p1|AmadanNaBrion|medium|1415
|player|p2|ikthoizzykil|pokemaniac-gen3rs|1423
|gen|9
|tier|[Gen 9] OU
|rated|
|rule|HP Percentage Mod: HP is shown in percentages
|rule|Endless Battle Clause: Forcing endless battles is banned
|rule|Species Clause: Limit one of each Pokémon
|rule|OHKO Clause: OHKO moves are banned
|rule|Evasion Items Clause: Evasion items are banned
|rule|Evasion Moves Clause: Evasion moves are banned
|rule|Evasion Abilities Clause: Evasion abilities are banned
|rule|Sleep Moves Clause: Sleep-inducing moves are banned
|clearpoke
|poke|p1|Tyranitar, F|
|poke|p1|Great Tusk|
|poke|p1|Zapdos|
|poke|p1|Pecharunt|
|poke|p1|Kingambit, M|
|poke|p1|Zamazenta-*|
|poke|p2|Metagross|
|poke|p2|Rillaboom, F|
|poke|p2|Braviary, M|
|poke|p2|Great Tusk|
|poke|p2|Darkrai|
|poke|p2|Primarina, F|
|teampreview
|inactive|Battle timer is ON: inactive players will automatically lose when time's up. (requested by ikthoizzykil)
|inactive|AmadanNaBrion has 120 seconds left.
|inactive|ikthoizzykil has 120 seconds left.
|inactive|AmadanNaBrion has 90 seconds left.
|
|t:|1779918536
|teamsize|p1|6
|teamsize|p2|6
|start
|switch|p1a: Tyranitar|Tyranitar, F|100/100
|switch|p2a: Metagross|Metagross|100/100
|-weather|Sandstorm|[from] ability: Sand Stream|[of] p1a: Tyranitar
|turn|1
|
|t:|1779918556
|switch|p1a: Great Tusk|Great Tusk|100/100
|move|p2a: Metagross|Hammer Arm|p1a: Great Tusk
|-damage|p1a: Great Tusk|68/100
|-unboost|p2a: Metagross|spe|1
|
|-weather|Sandstorm|[upkeep]
|upkeep
|turn|2
|inactive|AmadanNaBrion has 120 seconds left.
|
|t:|1779918581
|switch|p2a: Rillaboom|Rillaboom, F|100/100
|-fieldstart|move: Grassy Terrain|[from] ability: Grassy Surge|[of] p2a: Rillaboom
|move|p1a: Great Tusk|Close Combat|p2a: Rillaboom
|-damage|p2a: Rillaboom|40/100
|-unboost|p1a: Great Tusk|def|1
|-unboost|p1a: Great Tusk|spd|1
|-enditem|p1a: Great Tusk|Eject Pack
|inactive|AmadanNaBrion has 120 seconds left.
|inactive|AmadanNaBrion has 90 seconds left.
|
|t:|1779918627
|-end|p1a: Great Tusk|Protosynthesis|[silent]
|switch|p1a: Zamazenta|Zamazenta|100/100
|-ability|p1a: Zamazenta|Dauntless Shield|boost
|-boost|p1a: Zamazenta|def|1
|
|-weather|Sandstorm|[upkeep]
|-damage|p1a: Zamazenta|94/100|[from] Sandstorm
|-damage|p2a: Rillaboom|33/100|[from] Sandstorm
|-heal|p1a: Zamazenta|100/100|[from] Grassy Terrain
|-heal|p2a: Rillaboom|40/100|[from] Grassy Terrain
|upkeep
|turn|3
|
|t:|1779918646
|switch|p2a: Primarina|Primarina, F|100/100
|move|p1a: Zamazenta|Stone Edge|p2a: Primarina
|-damage|p2a: Primarina|62/100
|
|-weather|Sandstorm|[upkeep]
|-damage|p1a: Zamazenta|94/100|[from] Sandstorm
|-damage|p2a: Primarina|56/100|[from] Sandstorm
|-heal|p1a: Zamazenta|100/100|[from] Grassy Terrain
|-heal|p2a: Primarina|62/100|[from] Grassy Terrain
|-heal|p2a: Primarina|68/100|[from] item: Leftovers
|upkeep
|turn|4
|inactive|AmadanNaBrion has 60 seconds left.
|
|t:|1779918677
|switch|p1a: Zapdos|Zapdos|100/100
|move|p2a: Primarina|Draining Kiss|p1a: Zapdos
|-damage|p1a: Zapdos|80/100
|-heal|p2a: Primarina|84/100|[from] drain|[of] p1a: Zapdos
|-status|p2a: Primarina|par|[from] ability: Static|[of] p1a: Zapdos
|
|-weather|Sandstorm|[upkeep]
|-damage|p1a: Zapdos|74/100|[from] Sandstorm
|-damage|p2a: Primarina|78/100 par|[from] Sandstorm
|-heal|p2a: Primarina|84/100 par|[from] Grassy Terrain
|-heal|p2a: Primarina|90/100 par|[from] item: Leftovers
|upkeep
|turn|5
|inactive|AmadanNaBrion has 60 seconds left.
|
|t:|1779918692
|switch|p2a: Great Tusk|Great Tusk|100/100
|move|p1a: Zapdos|Volt Switch|p2a: Great Tusk
|-immune|p2a: Great Tusk
|
|-weather|Sandstorm|[upkeep]
|-damage|p1a: Zapdos|68/100|[from] Sandstorm
|upkeep
|turn|6
|inactive|AmadanNaBrion has 60 seconds left.
|
|t:|1779918704
|move|p2a: Great Tusk|Stealth Rock|p1a: Zapdos
|-sidestart|p1: AmadanNaBrion|move: Stealth Rock
|move|p1a: Zapdos|Hurricane|p2a: Great Tusk|[miss]
|-miss|p1a: Zapdos|p2a: Great Tusk
|
|-weather|Sandstorm|[upkeep]
|-damage|p1a: Zapdos|62/100|[from] Sandstorm
|-fieldend|move: Grassy Terrain
|upkeep
|turn|7
|
|t:|1779918717
|-end|p2a: Great Tusk|Protosynthesis|[silent]
|switch|p2a: Metagross|Metagross|100/100
|move|p1a: Zapdos|Volt Switch|p2a: Metagross
|-damage|p2a: Metagross|68/100
|inactive|AmadanNaBrion has 60 seconds left.
|
|t:|1779918733
|switch|p1a: Great Tusk|Great Tusk|68/100|[from] Volt Switch
|-damage|p1a: Great Tusk|65/100|[from] Stealth Rock
|
|-weather|Sandstorm|[upkeep]
|upkeep
|turn|8
|inactive|AmadanNaBrion has 60 seconds left.
|
|t:|1779918744
|switch|p2a: Primarina|Primarina, F|90/100 par
|move|p1a: Great Tusk|Headlong Rush|p2a: Primarina
|-damage|p2a: Primarina|35/100 par
|-unboost|p1a: Great Tusk|def|1
|-unboost|p1a: Great Tusk|spd|1
|
|-weather|none
|-heal|p2a: Primarina|42/100 par|[from] item: Leftovers
|upkeep
|turn|9
|
|t:|1779918753
|move|p1a: Great Tusk|Headlong Rush|p2a: Primarina
|-damage|p2a: Primarina|0 fnt
|-unboost|p1a: Great Tusk|def|1
|-unboost|p1a: Great Tusk|spd|1
|faint|p2a: Primarina
|
|upkeep
|
|t:|1779918758
|switch|p2a: Braviary|Braviary, M|100/100
|turn|10
|
|t:|1779918769
|-end|p1a: Great Tusk|Protosynthesis|[silent]
|switch|p1a: Tyranitar|Tyranitar, F|100/100
|-damage|p1a: Tyranitar|88/100|[from] Stealth Rock
|-weather|Sandstorm|[from] ability: Sand Stream|[of] p1a: Tyranitar
|move|p2a: Braviary|Bulk Up|p2a: Braviary
|-boost|p2a: Braviary|atk|1
|-boost|p2a: Braviary|def|1
|
|-weather|Sandstorm|[upkeep]
|-damage|p2a: Braviary|94/100|[from] Sandstorm
|upkeep
|turn|11
|inactive|AmadanNaBrion has 60 seconds left.
|inactive|ikthoizzykil has 120 seconds left.
|
|t:|1779918826
|-terastallize|p2a: Braviary|Normal
|move|p2a: Braviary|Bulk Up|p2a: Braviary
|-boost|p2a: Braviary|atk|1
|-boost|p2a: Braviary|def|1
|move|p1a: Tyranitar|Roar|p2a: Braviary
|drag|p2a: Metagross|Metagross|68/100
|
|-weather|Sandstorm|[upkeep]
|upkeep
|turn|12
|
|t:|1779918840
|switch|p1a: Zapdos|Zapdos|62/100
|move|p2a: Metagross|Meteor Mash|p1a: Zapdos
|-resisted|p1a: Zapdos
|-crit|p1a: Zapdos
|-damage|p1a: Zapdos|31/100
|
|-weather|Sandstorm|[upkeep]
|-damage|p1a: Zapdos|25/100|[from] Sandstorm
|upkeep
|turn|13
|
|t:|1779918848
|move|p1a: Zapdos|Roost|p1a: Zapdos
|-heal|p1a: Zapdos|75/100
|-singleturn|p1a: Zapdos|move: Roost
|move|p2a: Metagross|Psychic Fangs|p1a: Zapdos
|-damage|p1a: Zapdos|37/100
|-status|p2a: Metagross|par|[from] ability: Static|[of] p1a: Zapdos
|
|-weather|Sandstorm|[upkeep]
|-damage|p1a: Zapdos|31/100|[from] Sandstorm
|upkeep
|turn|14
|inactive|ikthoizzykil has 120 seconds left.
|
|t:|1779918857
|move|p1a: Zapdos|Roost|p1a: Zapdos
|-heal|p1a: Zapdos|81/100
|-singleturn|p1a: Zapdos|move: Roost
|move|p2a: Metagross|Meteor Mash|p1a: Zapdos
|-resisted|p1a: Zapdos
|-damage|p1a: Zapdos|59/100
|
|-weather|Sandstorm|[upkeep]
|-damage|p1a: Zapdos|53/100|[from] Sandstorm
|upkeep
|turn|15
|inactive|AmadanNaBrion has 60 seconds left.
|
|t:|1779918869
|move|p1a: Zapdos|Roost|p1a: Zapdos
|-heal|p1a: Zapdos|100/100
|-singleturn|p1a: Zapdos|move: Roost
|cant|p2a: Metagross|par
|
|-weather|Sandstorm|[upkeep]
|-damage|p1a: Zapdos|94/100|[from] Sandstorm
|upkeep
|turn|16
|inactive|AmadanNaBrion has 60 seconds left.
|-message|ikthoizzykil forfeited.
|
|win|AmadanNaBrion
|raw|AmadanNaBrion's rating: 1415 &rarr; <strong>1435</strong><br />(+20 for winning)
|raw|ikthoizzykil's rating: 1423 &rarr; <strong>1403</strong><br />(-20 for losing)
|l|☆ikthoizzykil
|player|p2|
|l|☆AmadanNaBrion
|player|p1|
