|j|☆yath111
|j|☆censoredorb
|t:|1779970405
|gametype|singles
|player|p1|yath111|265|1152
|player|p2|censoredorb|102|1119
|gen|9
|tier|[Gen 9] OU
|rated|
|rule|HP Percentage Mod: HP is shown in percentages
|rule|Endless Battle Clause: Forcing endless battles is banned
|rule|Species Clause: Limit one of each Pokémon
|rule|OHKO Clause: OHKO moves are banned
|rule|Evasion Items Clause: Evasion items are banned
|rule|Evasion Moves Clause: Evasion moves are banned
|rule|Evasion Abilities Clause: Evasion abilities are banned
|rule|Sleep Moves Clause: Sleep-inducing moves are banned
|clearpoke
|poke|p1|Cinccino, F|
|poke|p1|Heatran, F|
|poke|p1|Gliscor, F|
|poke|p1|Great Tusk|
|poke|p1|Darkrai|
|poke|p1|Alomomola, M|
|poke|p2|Honchkrow, F|
|poke|p2|Zoroark, F|
|poke|p2|Zamazenta-*|
|poke|p2|Kingambit, F|
|poke|p2|Darkrai|
|poke|p2|Tyranitar, F|
|teampreview
|
|t:|1779970418
|teamsize|p1|6
|teamsize|p2|6
|start
|switch|p1a: Heatran|Heatran, F|100/100
|switch|p2a: Zamazenta|Zamazenta|100/100
|turn|1
|inactive|Battle timer is ON: inactive players will automatically lose when time's up. (requested by yath111)
|
|t:|1779970443
|move|p2a: Zamazenta|Flamethrower|p1a: Heatran
|-start|p1a: Heatran|ability: Flash Fire
|move|p1a: Heatran|Stealth Rock|p2a: Zamazenta
|-sidestart|p2: censoredorb|move: Stealth Rock
|
|upkeep
|turn|2
|c|☆yath111|flamethrower zamazenta??
|
|t:|1779970466
|switch|p2a: Tyranitar|Tyranitar, F|100/100
|-damage|p2a: Tyranitar|88/100|[from] Stealth Rock
|-weather|Sandstorm|[from] ability: Sand Stream|[of] p2a: Tyranitar
|move|p1a: Heatran|Will-O-Wisp|p2a: Tyranitar
|-status|p2a: Tyranitar|brn
|
|-weather|Sandstorm|[upkeep]
|-damage|p2a: Tyranitar|82/100 brn|[from] brn
|upkeep
|turn|3
|
|t:|1779970479
|move|p1a: Heatran|Flash Cannon|p2a: Tyranitar
|-supereffective|p2a: Tyranitar
|-damage|p2a: Tyranitar|55/100 brn
|move|p2a: Tyranitar|Earthquake|p1a: Heatran
|-supereffective|p1a: Heatran
|-damage|p1a: Heatran|34/100
|
|-weather|Sandstorm|[upkeep]
|-damage|p2a: Tyranitar|49/100 brn|[from] brn
|upkeep
|turn|4
|
|t:|1779970489
|-end|p1a: Heatran|ability: Flash Fire|[silent]
|switch|p1a: Alomomola|Alomomola, M|100/100
|move|p2a: Tyranitar|Earthquake|p1a: Alomomola
|-damage|p1a: Alomomola|90/100
|
|-weather|Sandstorm|[upkeep]
|-damage|p1a: Alomomola|84/100|[from] Sandstorm
|-heal|p1a: Alomomola|90/100|[from] item: Leftovers
|-damage|p2a: Tyranitar|42/100 brn|[from] brn
|upkeep
|turn|5
|
|t:|1779970506
|move|p1a: Alomomola|Wish|p1a: Alomomola
|move|p2a: Tyranitar|Double-Edge|p1a: Alomomola
|-damage|p1a: Alomomola|78/100
|-damage|p2a: Tyranitar|37/100 brn|[from] Recoil
|
|-weather|Sandstorm|[upkeep]
|-damage|p1a: Alomomola|71/100|[from] Sandstorm
|-heal|p1a: Alomomola|78/100|[from] item: Leftovers
|-damage|p2a: Tyranitar|31/100 brn|[from] brn
|upkeep
|turn|6
|
|t:|1779970520
|move|p1a: Alomomola|Flip Turn|p2a: Tyranitar
|-supereffective|p2a: Tyranitar
|-damage|p2a: Tyranitar|5/100 brn
|
|t:|1779970529
|switch|p1a: Heatran|Heatran, F|34/100|[from] Flip Turn
|move|p2a: Tyranitar|Double-Edge|p1a: Heatran
|-resisted|p1a: Heatran
|-damage|p1a: Heatran|24/100
|-damage|p2a: Tyranitar|2/100 brn|[from] Recoil
|
|-weather|none
|-heal|p1a: Heatran|93/100|[from] move: Wish|[wisher] Alomomola
|-damage|p2a: Tyranitar|0 fnt|[from] brn
|faint|p2a: Tyranitar
|upkeep
|
|t:|1779970542
|switch|p2a: Zamazenta|Zamazenta|100/100
|-damage|p2a: Zamazenta|94/100|[from] Stealth Rock
|-ability|p2a: Zamazenta|Dauntless Shield|boost
|-boost|p2a: Zamazenta|def|1
|turn|7
|
|t:|1779970556
|-terastallize|p1a: Heatran|Ghost
|move|p2a: Zamazenta|Body Press|p1a: Heatran
|-immune|p1a: Heatran
|move|p1a: Heatran|Will-O-Wisp|p2a: Zamazenta
|-status|p2a: Zamazenta|brn
|
|-damage|p2a: Zamazenta|88/100 brn|[from] brn
|upkeep
|turn|8
|inactive|censoredorb has 120 seconds left.
|
|t:|1779970594
|switch|p2a: Honchkrow|Honchkrow, F|100/100
|-damage|p2a: Honchkrow|75/100|[from] Stealth Rock
|move|p1a: Heatran|Heat Wave|p2a: Honchkrow
|-damage|p2a: Honchkrow|18/100
|
|-heal|p2a: Honchkrow|25/100|[from] item: Leftovers
|upkeep
|turn|9
|
|t:|1779970604
|switch|p1a: Gliscor|Gliscor, F|100/100
|move|p2a: Honchkrow|Sucker Punch||[still]
|-fail|p2a: Honchkrow
|
|-heal|p2a: Honchkrow|31/100|[from] item: Leftovers
|-status|p1a: Gliscor|tox|[from] item: Toxic Orb
|upkeep
|turn|10
|-message|censoredorb forfeited.
|
|win|yath111
|raw|yath111's rating: 1152 &rarr; <strong>1175</strong><br />(+23 for winning)
|raw|censoredorb's rating: 1119 &rarr; <strong>1096</strong><br />(-23 for losing)
|l|☆censoredorb
|player|p2|
|l|☆yath111
|player|p1|
