|j|☆JotaroTheGreat
|j|☆p$ychopath
|t:|1779801588
|gametype|singles
|player|p1|JotaroTheGreat|101|1606
|player|p2|p$ychopath|psychic-lgpe|1730
|gen|9
|tier|[Gen 9] OU
|rated|
|rule|HP Percentage Mod: HP is shown in percentages
|rule|Endless Battle Clause: Forcing endless battles is banned
|rule|Species Clause: Limit one of each Pokémon
|rule|OHKO Clause: OHKO moves are banned
|rule|Evasion Items Clause: Evasion items are banned
|rule|Evasion Moves Clause: Evasion moves are banned
|rule|Evasion Abilities Clause: Evasion abilities are banned
|rule|Sleep Moves Clause: Sleep-inducing moves are banned
|clearpoke
|poke|p1|Ceruledge, M|
|poke|p1|Great Tusk|
|poke|p1|Ting-Lu|
|poke|p1|Gholdengo|
|poke|p1|Dragonite, M|
|poke|p1|Kyurem|
|poke|p2|Zamazenta-*|
|poke|p2|Arcanine-Hisui, M|
|poke|p2|Iron Jugulis|
|poke|p2|Iron Valiant|
|poke|p2|Iron Moth|
|poke|p2|Great Tusk|
|teampreview
|inactive|Battle timer is ON: inactive players will automatically lose when time's up. (requested by p$ychopath)
|j| 0RickMountStrong
|inactive|p$ychopath has 120 seconds left.
|
|t:|1779801623
|teamsize|p1|6
|teamsize|p2|6
|start
|switch|p1a: Silver chariot|Ceruledge, M|100/100
|switch|p2a: Iron Jugulis|Iron Jugulis|100/100
|-enditem|p2a: Iron Jugulis|Booster Energy
|-activate|p2a: Iron Jugulis|ability: Quark Drive|[fromitem]
|-start|p2a: Iron Jugulis|quarkdrivespe
|turn|1
|c|☆JotaroTheGreat|Don’t wanna be offensive but
|c|☆JotaroTheGreat|your name is corny
|inactive|JotaroTheGreat has 120 seconds left.
|
|t:|1779801658
|switch|p1a: WAMMU|Ting-Lu|100/100
|-ability|p1a: WAMMU|Vessel of Ruin
|move|p2a: Iron Jugulis|Hurricane|p1a: WAMMU
|-damage|p1a: WAMMU|72/100
|
|-heal|p1a: WAMMU|78/100|[from] item: Leftovers
|upkeep
|turn|2
|
|t:|1779801668
|move|p2a: Iron Jugulis|Taunt|p1a: WAMMU
|-start|p1a: WAMMU|move: Taunt
|cant|p1a: WAMMU|move: Taunt|Stealth Rock
|
|-heal|p1a: WAMMU|84/100|[from] item: Leftovers
|upkeep
|turn|3
|
|t:|1779801675
|switch|p1a: VANILITE|Kyurem|100/100
|-ability|p1a: VANILITE|Pressure
|move|p2a: Iron Jugulis|Hurricane|p1a: VANILITE
|-damage|p1a: VANILITE|49/100
|-start|p1a: VANILITE|confusion
|
|upkeep
|turn|4
|
|t:|1779801684
|move|p2a: Iron Jugulis|Hurricane|p1a: VANILITE|[miss]
|-miss|p2a: Iron Jugulis|p1a: VANILITE
|-activate|p1a: VANILITE|confusion
|-damage|p1a: VANILITE|40/100|[from] confusion
|
|upkeep
|turn|5
|
|t:|1779801690
|move|p2a: Iron Jugulis|Hurricane|p1a: VANILITE|[miss]
|-miss|p2a: Iron Jugulis|p1a: VANILITE
|-activate|p1a: VANILITE|confusion
|move|p1a: VANILITE|Ice Beam|p2a: Iron Jugulis
|-supereffective|p2a: Iron Jugulis
|-damage|p2a: Iron Jugulis|0 fnt
|faint|p2a: Iron Jugulis
|-end|p2a: Iron Jugulis|Quark Drive|[silent]
|
|upkeep
|c| 0RickMountStrong|eh
|c| 0RickMountStrong|sry
|
|t:|1779801700
|switch|p2a: Iron Moth|Iron Moth|100/100
|-enditem|p2a: Iron Moth|Booster Energy
|-activate|p2a: Iron Moth|ability: Quark Drive|[fromitem]
|-start|p2a: Iron Moth|quarkdrivespe
|turn|6
|
|t:|1779801706
|move|p2a: Iron Moth|Dazzling Gleam|p1a: VANILITE
|-supereffective|p1a: VANILITE
|-damage|p1a: VANILITE|0 fnt
|faint|p1a: VANILITE
|
|upkeep
|
|t:|1779801718
|switch|p1a: WAMMU|Ting-Lu|84/100
|-ability|p1a: WAMMU|Vessel of Ruin
|turn|7
|
|t:|1779801723
|move|p2a: Iron Moth|Dazzling Gleam|p1a: WAMMU
|-supereffective|p1a: WAMMU
|-damage|p1a: WAMMU|57/100
|move|p1a: WAMMU|Earthquake|p2a: Iron Moth
|-supereffective|p2a: Iron Moth
|-damage|p2a: Iron Moth|0 fnt
|faint|p2a: Iron Moth
|-end|p2a: Iron Moth|Quark Drive|[silent]
|
|-heal|p1a: WAMMU|63/100|[from] item: Leftovers
|upkeep
|
|t:|1779801728
|switch|p2a: Zamazenta|Zamazenta|100/100
|-ability|p2a: Zamazenta|Dauntless Shield|boost
|-boost|p2a: Zamazenta|def|1
|turn|8
|
|t:|1779801733
|move|p2a: Zamazenta|Howl|p2a: Zamazenta
|-boost|p2a: Zamazenta|atk|1
|move|p1a: WAMMU|Whirlwind|p2a: Zamazenta
|drag|p2a: Arcanine|Arcanine-Hisui, M|100/100
|
|-heal|p1a: WAMMU|70/100|[from] item: Leftovers
|upkeep
|turn|9
|
|t:|1779801739
|switch|p2a: Zamazenta|Zamazenta|100/100
|move|p1a: WAMMU|Earthquake|p2a: Zamazenta
|-damage|p2a: Zamazenta|67/100
|
|-heal|p1a: WAMMU|76/100|[from] item: Leftovers
|upkeep
|turn|10
|
|t:|1779801749
|move|p2a: Zamazenta|Close Combat|p1a: WAMMU
|-supereffective|p1a: WAMMU
|-damage|p1a: WAMMU|21/100
|-unboost|p2a: Zamazenta|def|1
|-unboost|p2a: Zamazenta|spd|1
|move|p1a: WAMMU|Stealth Rock|p2a: Zamazenta
|-sidestart|p2: p$ychopath|move: Stealth Rock
|
|-heal|p1a: WAMMU|27/100|[from] item: Leftovers
|upkeep
|turn|11
|
|t:|1779801758
|move|p2a: Zamazenta|Close Combat|p1a: WAMMU
|-supereffective|p1a: WAMMU
|-damage|p1a: WAMMU|0 fnt
|-unboost|p2a: Zamazenta|def|1
|-unboost|p2a: Zamazenta|spd|1
|faint|p1a: WAMMU
|
|upkeep
|
|t:|1779801760
|switch|p1a: Silver chariot|Ceruledge, M|100/100
|turn|12
|
|t:|1779801766
|move|p2a: Zamazenta|Crunch|p1a: Silver chariot
|-supereffective|p1a: Silver chariot
|-damage|p1a: Silver chariot|31/100
|-ability|p1a: Silver chariot|Weak Armor|boost
|-unboost|p1a: Silver chariot|def|1
|-boost|p1a: Silver chariot|spe|2
|move|p1a: Silver chariot|Swords Dance|p1a: Silver chariot
|-boost|p1a: Silver chariot|atk|2
|
|upkeep
|turn|13
|
|t:|1779801769
|move|p1a: Silver chariot|Bitter Blade|p2a: Zamazenta
|-damage|p2a: Zamazenta|0 fnt
|-heal|p1a: Silver chariot|68/100|[from] drain|[of] p2a: Zamazenta
|faint|p2a: Zamazenta
|
|upkeep
|
|t:|1779801773
|switch|p2a: Arcanine|Arcanine-Hisui, M|100/100
|-damage|p2a: Arcanine|76/100|[from] Stealth Rock
|turn|14
|
|t:|1779801779
|-terastallize|p2a: Arcanine|Normal
|move|p1a: Silver chariot|Close Combat|p2a: Arcanine
|-supereffective|p2a: Arcanine
|-damage|p2a: Arcanine|0 fnt
|-unboost|p1a: Silver chariot|def|1
|-unboost|p1a: Silver chariot|spd|1
|faint|p2a: Arcanine
|
|upkeep
|-message|p$ychopath forfeited.
|
|win|JotaroTheGreat
|raw|JotaroTheGreat's rating: 1606 &rarr; <strong>1633</strong><br />(+27 for winning)
|raw|p$ychopath's rating: 1730 &rarr; <strong>1703</strong><br />(-27 for losing)
|l|☆p$ychopath
|player|p2|
|c|☆JotaroTheGreat|Gg
|c|☆JotaroTheGreat|U played well
|l| 0RickMountStrong
|c|☆JotaroTheGreat|Rude
|l|☆JotaroTheGreat
|player|p1|
