|j|☆claudechamp
|j|☆Tsuki Shion CCC
|t:|1779874922
|gametype|singles
|player|p1|claudechamp|169|1244
|player|p2|Tsuki Shion CCC|102|1210
|gen|9
|tier|[Gen 9] OU
|rated|
|rule|HP Percentage Mod: HP is shown in percentages
|rule|Endless Battle Clause: Forcing endless battles is banned
|rule|Species Clause: Limit one of each Pokémon
|rule|OHKO Clause: OHKO moves are banned
|rule|Evasion Items Clause: Evasion items are banned
|rule|Evasion Moves Clause: Evasion moves are banned
|rule|Evasion Abilities Clause: Evasion abilities are banned
|rule|Sleep Moves Clause: Sleep-inducing moves are banned
|clearpoke
|poke|p1|Gliscor, M|
|poke|p1|Ogerpon, F|
|poke|p1|Walking Wake|
|poke|p1|Blissey, F|
|poke|p1|Corviknight, M|
|poke|p1|Pecharunt|
|poke|p2|Gengar, F|
|poke|p2|Glimmora, F|
|poke|p2|Corviknight, M|
|poke|p2|Heatran, F|
|poke|p2|Alomomola, F|
|poke|p2|Enamorus, F|
|teampreview
|c|☆claudechamp|hf
|inactive|Battle timer is ON: inactive players will automatically lose when time's up. (requested by claudechamp)
|
|t:|1779874927
|teamsize|p1|6
|teamsize|p2|6
|start
|switch|p1a: Gliscor|Gliscor, M|100/100
|switch|p2a: Glimmora|Glimmora, F|100/100
|turn|1
|
|t:|1779874937
|move|p2a: Glimmora|Stealth Rock|p1a: Gliscor
|-sidestart|p1: claudechamp|move: Stealth Rock
|move|p1a: Gliscor|Spikes|p2a: Glimmora
|-sidestart|p2: Tsuki Shion CCC|Spikes
|
|-status|p1a: Gliscor|tox|[from] item: Toxic Orb
|upkeep
|turn|2
|
|t:|1779874944
|move|p2a: Glimmora|Power Gem|p1a: Gliscor
|-damage|p1a: Gliscor|66/100 tox
|move|p1a: Gliscor|Spikes|p2a: Glimmora
|-sidestart|p2: Tsuki Shion CCC|Spikes
|
|-heal|p1a: Gliscor|79/100 tox|[from] ability: Poison Heal
|upkeep
|turn|3
|
|t:|1779874949
|move|p2a: Glimmora|Power Gem|p1a: Gliscor
|-crit|p1a: Gliscor
|-damage|p1a: Gliscor|20/100 tox
|move|p1a: Gliscor|Earthquake|p2a: Glimmora
|-supereffective|p2a: Glimmora
|-enditem|p2a: Glimmora|Focus Sash
|-damage|p2a: Glimmora|1/100
|-activate|p2a: Glimmora|ability: Toxic Debris
|-sidestart|p1: claudechamp|move: Toxic Spikes
|
|-heal|p1a: Gliscor|32/100 tox|[from] ability: Poison Heal
|upkeep
|turn|4
|
|t:|1779874957
|move|p1a: Gliscor|Protect|p1a: Gliscor
|-singleturn|p1a: Gliscor|Protect
|move|p2a: Glimmora|Mortal Spin|p1a: Gliscor
|-activate|p1a: Gliscor|move: Protect
|
|-heal|p1a: Gliscor|45/100 tox|[from] ability: Poison Heal
|upkeep
|turn|5
|
|t:|1779874962
|move|p2a: Glimmora|Mortal Spin|p1a: Gliscor
|-resisted|p1a: Gliscor
|-damage|p1a: Gliscor|43/100 tox
|-sideend|p2: Tsuki Shion CCC|Spikes|[from] move: Mortal Spin|[of] p2a: Glimmora
|move|p1a: Gliscor|Earthquake|p2a: Glimmora
|-supereffective|p2a: Glimmora
|-damage|p2a: Glimmora|0 fnt
|-activate|p2a: Glimmora|ability: Toxic Debris
|-sidestart|p1: claudechamp|move: Toxic Spikes
|faint|p2a: Glimmora
|
|-heal|p1a: Gliscor|55/100 tox|[from] ability: Poison Heal
|upkeep
|
|t:|1779874969
|switch|p2a: Gengar|Gengar, F|100/100
|turn|6
|
|t:|1779874976
|move|p2a: Gengar|Shadow Ball|p1a: Gliscor
|-damage|p1a: Gliscor|0 fnt
|faint|p1a: Gliscor
|
|upkeep
|
|t:|1779874981
|switch|p1a: Blissey|Blissey, F|100/100
|turn|7
|
|t:|1779874986
|switch|p2a: Corviknight|Corviknight, M|100/100
|-ability|p2a: Corviknight|Pressure
|move|p1a: Blissey|Stealth Rock|p2a: Corviknight
|-sidestart|p2: Tsuki Shion CCC|move: Stealth Rock
|
|upkeep
|turn|8
|
|t:|1779875000
|move|p2a: Corviknight|Body Press|p1a: Blissey
|-supereffective|p1a: Blissey
|-damage|p1a: Blissey|41/100
|move|p1a: Blissey|Calm Mind|p1a: Blissey
|-boost|p1a: Blissey|spa|1
|-boost|p1a: Blissey|spd|1
|
|upkeep
|turn|9
|
|t:|1779875008
|switch|p1a: Pecharunt|Pecharunt|100/100
|-sideend|p1: claudechamp|move: Toxic Spikes|[of] p1a: Pecharunt
|move|p2a: Corviknight|Body Press|p1a: Pecharunt
|-immune|p1a: Pecharunt
|
|upkeep
|turn|10
|
|t:|1779875013
|move|p1a: Pecharunt|Parting Shot|p2a: Corviknight
|-unboost|p2a: Corviknight|atk|1
|-unboost|p2a: Corviknight|spa|1
|
|t:|1779875018
|switch|p1a: Walking Wake|Walking Wake|100/100|[from] Parting Shot
|move|p2a: Corviknight|U-turn|p1a: Walking Wake
|-damage|p1a: Walking Wake|90/100
|
|t:|1779875024
|switch|p2a: Alomomola|Alomomola, F|100/100|[from] U-turn
|-damage|p2a: Alomomola|88/100|[from] Stealth Rock
|
|upkeep
|turn|11
|
|t:|1779875029
|-terastallize|p1a: Walking Wake|Water
|move|p1a: Walking Wake|Surf|p2a: Alomomola
|-resisted|p2a: Alomomola
|-damage|p2a: Alomomola|72/100
|move|p2a: Alomomola|Mirror Coat|p1a: Walking Wake
|-damage|p1a: Walking Wake|40/100
|
|upkeep
|turn|12
|
|t:|1779875036
|move|p1a: Walking Wake|Knock Off|p2a: Alomomola
|-damage|p2a: Alomomola|59/100
|-enditem|p2a: Alomomola|Assault Vest|[from] move: Knock Off|[of] p1a: Walking Wake
|move|p2a: Alomomola|Flip Turn|p1a: Walking Wake
|-resisted|p1a: Walking Wake
|-damage|p1a: Walking Wake|31/100
|
|t:|1779875044
|switch|p2a: Gengar|Gengar, F|100/100|[from] Flip Turn
|-damage|p2a: Gengar|88/100|[from] Stealth Rock
|
|upkeep
|turn|13
|
|t:|1779875048
|-end|p1a: Walking Wake|Protosynthesis|[silent]
|switch|p1a: Blissey|Blissey, F|41/100
|move|p2a: Gengar|Sludge Bomb|p1a: Blissey
|-damage|p1a: Blissey|20/100
|-status|p1a: Blissey|psn
|
|-damage|p1a: Blissey|8/100 psn|[from] psn
|upkeep
|turn|14
|
|t:|1779875056
|move|p2a: Gengar|Sludge Bomb|p1a: Blissey
|-damage|p1a: Blissey|0 fnt
|faint|p1a: Blissey
|
|upkeep
|
|t:|1779875058
|switch|p1a: Pecharunt|Pecharunt|100/100
|turn|15
|
|t:|1779875066
|switch|p2a: Alomomola|Alomomola, F|93/100
|-damage|p2a: Alomomola|80/100|[from] Stealth Rock
|move|p1a: Pecharunt|Parting Shot|p2a: Alomomola
|-unboost|p2a: Alomomola|atk|1
|-unboost|p2a: Alomomola|spa|1
|
|t:|1779875072
|switch|p1a: Ogerpon|Ogerpon, F|100/100|[from] Parting Shot
|
|upkeep
|turn|16
|
|t:|1779875076
|move|p1a: Ogerpon|Ivy Cudgel|p2a: Alomomola
|-supereffective|p2a: Alomomola
|-damage|p2a: Alomomola|5/100
|move|p2a: Alomomola|Flip Turn|p1a: Ogerpon
|-resisted|p1a: Ogerpon
|-damage|p1a: Ogerpon|94/100
|
|t:|1779875081
|switch|p2a: Corviknight|Corviknight, M|100/100|[from] Flip Turn
|-damage|p2a: Corviknight|88/100|[from] Stealth Rock
|-ability|p2a: Corviknight|Pressure
|
|upkeep
|turn|17
|
|t:|1779875095
|switch|p1a: Walking Wake|Walking Wake, tera:Water|31/100
|move|p2a: Corviknight|U-turn|p1a: Walking Wake
|-damage|p1a: Walking Wake|15/100
|
|t:|1779875101
|switch|p2a: Gengar|Gengar, F|88/100|[from] U-turn
|-damage|p2a: Gengar|76/100|[from] Stealth Rock
|
|upkeep
|turn|18
|
|t:|1779875110
|move|p2a: Gengar|Shadow Ball|p1a: Walking Wake
|-damage|p1a: Walking Wake|0 fnt
|faint|p1a: Walking Wake
|-end|p1a: Walking Wake|Protosynthesis|[silent]
|
|upkeep
|
|t:|1779875117
|switch|p1a: Ogerpon|Ogerpon, F|94/100
|turn|19
|
|t:|1779875123
|move|p2a: Gengar|Shadow Ball|p1a: Ogerpon
|-damage|p1a: Ogerpon|17/100
|move|p1a: Ogerpon|Knock Off|p2a: Gengar
|-supereffective|p2a: Gengar
|-damage|p2a: Gengar|0 fnt
|-enditem|p2a: Gengar|Choice Specs|[from] move: Knock Off|[of] p1a: Ogerpon
|faint|p2a: Gengar
|
|upkeep
|
|t:|1779875133
|switch|p2a: Corviknight|Corviknight, M|88/100
|-damage|p2a: Corviknight|76/100|[from] Stealth Rock
|-ability|p2a: Corviknight|Pressure
|turn|20
|
|t:|1779875146
|switch|p1a: Pecharunt|Pecharunt|100/100
|move|p2a: Corviknight|U-turn|p1a: Pecharunt
|-resisted|p1a: Pecharunt
|-damage|p1a: Pecharunt|99/100
|
|t:|1779875153
|switch|p2a: Heatran|Heatran, F|100/100|[from] U-turn
|-damage|p2a: Heatran|88/100|[from] Stealth Rock
|-item|p2a: Heatran|Air Balloon
|
|upkeep
|turn|21
|
|t:|1779875163
|move|p1a: Pecharunt|Parting Shot|p2a: Heatran
|-unboost|p2a: Heatran|atk|1
|-unboost|p2a: Heatran|spa|1
|
|t:|1779875170
|switch|p1a: Ogerpon|Ogerpon, F|17/100|[from] Parting Shot
|move|p2a: Heatran|Will-O-Wisp|p1a: Ogerpon
|-status|p1a: Ogerpon|brn
|
|-damage|p1a: Ogerpon|11/100 brn|[from] brn
|upkeep
|turn|22
|
|t:|1779875179
|move|p2a: Heatran|Protect|p2a: Heatran
|-singleturn|p2a: Heatran|Protect
|move|p1a: Ogerpon|Knock Off|p2a: Heatran
|-activate|p2a: Heatran|move: Protect
|
|-damage|p1a: Ogerpon|5/100 brn|[from] brn
|upkeep
|turn|23
|
|t:|1779875186
|switch|p2a: Alomomola|Alomomola, F|38/100
|-damage|p2a: Alomomola|26/100|[from] Stealth Rock
|move|p1a: Ogerpon|Knock Off|p2a: Alomomola
|-crit|p2a: Alomomola
|-damage|p2a: Alomomola|13/100
|
|-damage|p1a: Ogerpon|0 fnt|[from] brn
|faint|p1a: Ogerpon
|upkeep
|
|t:|1779875190
|switch|p1a: Pecharunt|Pecharunt|99/100
|turn|24
|
|t:|1779875195
|move|p1a: Pecharunt|Parting Shot|p2a: Alomomola
|-unboost|p2a: Alomomola|atk|1
|-unboost|p2a: Alomomola|spa|1
|
|t:|1779875207
|switch|p1a: Corviknight|Corviknight, M|100/100|[from] Parting Shot
|-ability|p1a: Corviknight|Pressure
|move|p2a: Alomomola|Flip Turn|p1a: Corviknight
|-damage|p1a: Corviknight|94/100
|
|t:|1779875216
|switch|p2a: Heatran|Heatran, F|88/100|[from] Flip Turn
|-damage|p2a: Heatran|76/100|[from] Stealth Rock
|-item|p2a: Heatran|Air Balloon
|
|upkeep
|turn|25
|
|t:|1779875228
|move|p1a: Corviknight|U-turn|p2a: Heatran
|-resisted|p2a: Heatran
|-damage|p2a: Heatran|73/100
|-enditem|p2a: Heatran|Air Balloon
|
|t:|1779875235
|switch|p1a: Pecharunt|Pecharunt|99/100|[from] U-turn
|move|p2a: Heatran|Will-O-Wisp|p1a: Pecharunt|[miss]
|-miss|p2a: Heatran|p1a: Pecharunt
|
|upkeep
|turn|26
|
|t:|1779875241
|move|p1a: Pecharunt|Parting Shot|p2a: Heatran
|-unboost|p2a: Heatran|atk|1
|-unboost|p2a: Heatran|spa|1
|
|t:|1779875246
|switch|p1a: Corviknight|Corviknight, M|94/100|[from] Parting Shot
|-ability|p1a: Corviknight|Pressure
|move|p2a: Heatran|Will-O-Wisp|p1a: Corviknight
|-status|p1a: Corviknight|brn
|
|-damage|p1a: Corviknight|88/100 brn|[from] brn
|upkeep
|turn|27
|
|t:|1779875256
|move|p1a: Corviknight|Roost|p1a: Corviknight
|-heal|p1a: Corviknight|100/100 brn
|-singleturn|p1a: Corviknight|move: Roost
|move|p2a: Heatran|Magma Storm|p1a: Corviknight|[miss]
|-miss|p2a: Heatran|p1a: Corviknight
|
|-damage|p1a: Corviknight|94/100 brn|[from] brn
|upkeep
|turn|28
|
|t:|1779875262
|move|p1a: Corviknight|U-turn|p2a: Heatran
|-resisted|p2a: Heatran
|-damage|p2a: Heatran|71/100
|
|t:|1779875268
|switch|p1a: Pecharunt|Pecharunt|99/100|[from] U-turn
|move|p2a: Heatran|Magma Storm|p1a: Pecharunt|[miss]
|-miss|p2a: Heatran|p1a: Pecharunt
|
|upkeep
|turn|29
|
|t:|1779875273
|switch|p2a: Alomomola|Alomomola, F|47/100
|-damage|p2a: Alomomola|34/100|[from] Stealth Rock
|move|p1a: Pecharunt|Foul Play|p2a: Alomomola
|-damage|p2a: Alomomola|20/100
|
|upkeep
|turn|30
|
|t:|1779875280
|move|p1a: Pecharunt|Foul Play|p2a: Alomomola
|-damage|p2a: Alomomola|5/100
|move|p2a: Alomomola|Flip Turn|p1a: Pecharunt
|-damage|p1a: Pecharunt|91/100
|
|t:|1779875284
|switch|p2a: Enamorus|Enamorus, F|100/100|[from] Flip Turn
|-damage|p2a: Enamorus|76/100|[from] Stealth Rock
|
|upkeep
|turn|31
|
|t:|1779875289
|-terastallize|p2a: Enamorus|Ground
|move|p2a: Enamorus|Earth Power|p1a: Pecharunt
|-supereffective|p1a: Pecharunt
|-damage|p1a: Pecharunt|0 fnt
|faint|p1a: Pecharunt
|
|upkeep
|
|t:|1779875294
|switch|p1a: Corviknight|Corviknight, M|94/100 brn
|-ability|p1a: Corviknight|Pressure
|turn|32
|
|t:|1779875299
|switch|p2a: Corviknight|Corviknight, M|76/100
|-damage|p2a: Corviknight|64/100|[from] Stealth Rock
|-ability|p2a: Corviknight|Pressure
|move|p1a: Corviknight|Body Press|p2a: Corviknight
|-damage|p2a: Corviknight|56/100
|-damage|p1a: Corviknight|78/100 brn|[from] item: Rocky Helmet|[of] p2a: Corviknight
|
|-damage|p1a: Corviknight|72/100 brn|[from] brn
|upkeep
|turn|33
|
|t:|1779875307
|move|p1a: Corviknight|Body Press|p2a: Corviknight
|-damage|p2a: Corviknight|48/100
|-damage|p1a: Corviknight|55/100 brn|[from] item: Rocky Helmet|[of] p2a: Corviknight
|move|p2a: Corviknight|Roost|p2a: Corviknight
|-heal|p2a: Corviknight|98/100
|-singleturn|p2a: Corviknight|move: Roost
|
|-damage|p1a: Corviknight|49/100 brn|[from] brn
|upkeep
|turn|34
|
|t:|1779875312
|move|p1a: Corviknight|Body Press|p2a: Corviknight
|-damage|p2a: Corviknight|90/100
|-damage|p1a: Corviknight|33/100 brn|[from] item: Rocky Helmet|[of] p2a: Corviknight
|move|p2a: Corviknight|Iron Defense|p2a: Corviknight
|-boost|p2a: Corviknight|def|2
|
|-damage|p1a: Corviknight|26/100 brn|[from] brn
|upkeep
|turn|35
|
|t:|1779875320
|move|p1a: Corviknight|U-turn|p2a: Corviknight
|-resisted|p2a: Corviknight
|-damage|p2a: Corviknight|89/100
|-damage|p1a: Corviknight|10/100 brn|[from] item: Rocky Helmet|[of] p2a: Corviknight
|move|p2a: Corviknight|Iron Defense|p2a: Corviknight
|-boost|p2a: Corviknight|def|2
|
|-damage|p1a: Corviknight|4/100 brn|[from] brn
|upkeep
|turn|36
|
|t:|1779875334
|move|p1a: Corviknight|U-turn|p2a: Corviknight
|-resisted|p2a: Corviknight
|-damage|p2a: Corviknight|89/100
|-damage|p1a: Corviknight|0 fnt|[from] item: Rocky Helmet|[of] p2a: Corviknight
|faint|p1a: Corviknight
|
|win|Tsuki Shion CCC
|raw|claudechamp's rating: 1278 &rarr; <strong>1248</strong><br />(-30 for losing)
|raw|Tsuki Shion CCC's rating: 1210 &rarr; <strong>1240</strong><br />(+30 for winning)
|c|☆claudechamp|gg
|l|☆Tsuki Shion CCC
|player|p2|
