|j|☆fortnieter
|j|☆vincent 2011
|t:|1779801400
|gametype|singles
|player|p1|fortnieter|169|1185
|player|p2|vincent 2011|101|1137
|gen|9
|tier|[Gen 9] OU
|rated|
|rule|HP Percentage Mod: HP is shown in percentages
|rule|Endless Battle Clause: Forcing endless battles is banned
|rule|Species Clause: Limit one of each Pokémon
|rule|OHKO Clause: OHKO moves are banned
|rule|Evasion Items Clause: Evasion items are banned
|rule|Evasion Moves Clause: Evasion moves are banned
|rule|Evasion Abilities Clause: Evasion abilities are banned
|rule|Sleep Moves Clause: Sleep-inducing moves are banned
|clearpoke
|poke|p1|Torkoal, F|
|poke|p1|Magmortar, M|
|poke|p1|Uxie|
|poke|p1|Walking Wake|
|poke|p1|Lilligant-Hisui, F|
|poke|p1|Slither Wing|
|poke|p2|Glimmora, F|
|poke|p2|Dragapult, M|
|poke|p2|Great Tusk|
|poke|p2|Cinderace, F|
|poke|p2|Garganacl, M|
|poke|p2|Kingambit, F|
|teampreview
|inactive|Battle timer is ON: inactive players will automatically lose when time's up. (requested by vincent 2011)
|
|t:|1779801412
|teamsize|p1|6
|teamsize|p2|6
|start
|switch|p1a: Slither Wing|Slither Wing|100/100
|switch|p2a: Glimmora|Glimmora, F|100/100
|turn|1
|
|t:|1779801417
|move|p2a: Glimmora|Stealth Rock|p1a: Slither Wing
|-sidestart|p1: fortnieter|move: Stealth Rock
|move|p1a: Slither Wing|Earthquake|p2a: Glimmora
|-supereffective|p2a: Glimmora
|-crit|p2a: Glimmora
|-enditem|p2a: Glimmora|Focus Sash
|-damage|p2a: Glimmora|1/100
|-activate|p2a: Glimmora|ability: Toxic Debris
|-sidestart|p1: fortnieter|move: Toxic Spikes
|
|upkeep
|turn|2
|
|t:|1779801425
|move|p2a: Glimmora|Memento|p1a: Slither Wing
|-unboost|p1a: Slither Wing|atk|2
|-unboost|p1a: Slither Wing|spa|2
|faint|p2a: Glimmora
|move|p1a: Slither Wing|U-turn|p2: Glimmora|[notarget]
|-fail|p1a: Slither Wing
|
|upkeep
|
|t:|1779801432
|switch|p2a: Dragapult|Dragapult, M|100/100
|turn|3
|
|t:|1779801436
|move|p2a: Dragapult|Dragon Dance|p2a: Dragapult
|-boost|p2a: Dragapult|atk|1
|-boost|p2a: Dragapult|spe|1
|move|p1a: Slither Wing|U-turn|p2a: Dragapult
|-resisted|p2a: Dragapult
|-damage|p2a: Dragapult|87/100
|
|t:|1779801445
|-end|p1a: Slither Wing|Protosynthesis|[silent]
|switch|p1a: Torkoal|Torkoal, F|100/100|[from] U-turn
|-damage|p1a: Torkoal|76/100|[from] Stealth Rock
|-status|p1a: Torkoal|psn
|-weather|SunnyDay|[from] ability: Drought|[of] p1a: Torkoal
|
|-weather|SunnyDay|[upkeep]
|-heal|p2a: Dragapult|93/100|[from] item: Leftovers
|-damage|p1a: Torkoal|63/100 psn|[from] psn
|upkeep
|turn|4
|
|t:|1779801456
|-terastallize|p2a: Dragapult|Dragon
|move|p2a: Dragapult|Dragon Darts|p1a: Torkoal
|-damage|p1a: Torkoal|22/100 psn
|-anim|p2a: Dragapult|Dragon Darts|p1a: Torkoal
|-damage|p1a: Torkoal|0 fnt
|faint|p1a: Torkoal
|
|-weather|SunnyDay|[upkeep]
|-heal|p2a: Dragapult|99/100|[from] item: Leftovers
|upkeep
|
|t:|1779801464
|switch|p1a: Lilligant|Lilligant-Hisui, F|100/100
|-damage|p1a: Lilligant|94/100|[from] Stealth Rock
|-status|p1a: Lilligant|psn
|turn|5
|
|t:|1779801472
|move|p1a: Lilligant|Triple Axel|p2a: Dragapult
|-supereffective|p2a: Dragapult
|-damage|p2a: Dragapult|76/100
|-supereffective|p2a: Dragapult
|-damage|p2a: Dragapult|34/100
|-supereffective|p2a: Dragapult
|-damage|p2a: Dragapult|0 fnt
|faint|p2a: Dragapult
|-hitcount|p2: Dragapult|3
|-damage|p1a: Lilligant|85/100 psn|[from] item: Life Orb
|
|-weather|SunnyDay|[upkeep]
|-damage|p1a: Lilligant|72/100 psn|[from] psn
|upkeep
|
|t:|1779801485
|switch|p2a: Great Tusk|Great Tusk|100/100
|-activate|p2a: Great Tusk|ability: Protosynthesis
|-start|p2a: Great Tusk|protosynthesisatk
|turn|6
|
|t:|1779801507
|move|p1a: Lilligant|Solar Blade||[still]
|-prepare|p1a: Lilligant|Solar Blade
|-anim|p1a: Lilligant|Solar Blade|p2a: Great Tusk
|-supereffective|p2a: Great Tusk
|-damage|p2a: Great Tusk|0 fnt
|faint|p2a: Great Tusk
|-end|p2a: Great Tusk|Protosynthesis|[silent]
|-damage|p1a: Lilligant|62/100 psn|[from] item: Life Orb
|
|-weather|SunnyDay|[upkeep]
|-damage|p1a: Lilligant|50/100 psn|[from] psn
|upkeep
|
|t:|1779801516
|switch|p2a: Cinderace|Cinderace, F|100/100
|turn|7
|
|t:|1779801533
|move|p1a: Lilligant|Close Combat|p2a: Cinderace
|-damage|p2a: Cinderace|3/100
|-unboost|p1a: Lilligant|def|1
|-unboost|p1a: Lilligant|spd|1
|-damage|p1a: Lilligant|40/100 psn|[from] item: Life Orb
|move|p2a: Cinderace|Pyro Ball|p1a: Lilligant
|-supereffective|p1a: Lilligant
|-damage|p1a: Lilligant|0 fnt
|faint|p1a: Lilligant
|
|-weather|SunnyDay|[upkeep]
|upkeep
|
|t:|1779801540
|switch|p1a: Slither Wing|Slither Wing|100/100
|-damage|p1a: Slither Wing|88/100|[from] Stealth Rock
|-status|p1a: Slither Wing|psn
|-activate|p1a: Slither Wing|ability: Protosynthesis
|-start|p1a: Slither Wing|protosynthesisatk
|turn|8
|
|t:|1779801549
|move|p1a: Slither Wing|First Impression|p2a: Cinderace
|-resisted|p2a: Cinderace
|-damage|p2a: Cinderace|0 fnt
|faint|p2a: Cinderace
|
|-weather|SunnyDay|[upkeep]
|-damage|p1a: Slither Wing|76/100 psn|[from] psn
|upkeep
|
|t:|1779801556
|switch|p2a: Garganacl|Garganacl, M|100/100
|turn|9
|
|t:|1779801562
|move|p1a: Slither Wing|Close Combat|p2a: Garganacl
|-supereffective|p2a: Garganacl
|-damage|p2a: Garganacl|15/100
|-unboost|p1a: Slither Wing|def|1
|-unboost|p1a: Slither Wing|spd|1
|move|p2a: Garganacl|Block|p1a: Slither Wing
|-activate|p1a: Slither Wing|trapped
|
|-weather|SunnyDay|[upkeep]
|-heal|p2a: Garganacl|22/100|[from] item: Leftovers
|-damage|p1a: Slither Wing|63/100 psn|[from] psn
|upkeep
|turn|10
|
|t:|1779801572
|move|p1a: Slither Wing|Close Combat|p2a: Garganacl
|-supereffective|p2a: Garganacl
|-damage|p2a: Garganacl|0 fnt
|-unboost|p1a: Slither Wing|def|1
|-unboost|p1a: Slither Wing|spd|1
|faint|p2a: Garganacl
|
|-weather|none
|-end|p1a: Slither Wing|Protosynthesis
|-damage|p1a: Slither Wing|51/100 psn|[from] psn
|upkeep
|
|t:|1779801581
|switch|p2a: Kingambit|Kingambit, F|100/100
|-activate|p2a: Kingambit|ability: Supreme Overlord
|-start|p2a: Kingambit|fallen5|[silent]
|turn|11
|
|t:|1779801585
|move|p2a: Kingambit|Sucker Punch|p1a: Slither Wing
|-resisted|p1a: Slither Wing
|-damage|p1a: Slither Wing|0 fnt
|faint|p1a: Slither Wing
|-end|p1a: Slither Wing|Protosynthesis|[silent]
|
|upkeep
|
|t:|1779801589
|switch|p1a: Magmortar|Magmortar, M, shiny|100/100
|-damage|p1a: Magmortar|76/100|[from] Stealth Rock
|-status|p1a: Magmortar|psn
|turn|12
|
|t:|1779801594
|-terastallize|p1a: Magmortar|Fire
|move|p2a: Kingambit|Sucker Punch|p1a: Magmortar
|-damage|p1a: Magmortar|0 fnt
|faint|p1a: Magmortar
|
|upkeep
|
|t:|1779801607
|switch|p1a: Uxie|Uxie|100/100
|-damage|p1a: Uxie|88/100|[from] Stealth Rock
|turn|13
|
|t:|1779801611
|move|p1a: Uxie|Knock Off|p2a: Kingambit
|-resisted|p2a: Kingambit
|-damage|p2a: Kingambit|95/100
|-enditem|p2a: Kingambit|Black Glasses|[from] move: Knock Off|[of] p1a: Uxie
|move|p2a: Kingambit|Swords Dance|p2a: Kingambit
|-boost|p2a: Kingambit|atk|2
|
|-heal|p1a: Uxie|94/100|[from] item: Leftovers
|upkeep
|turn|14
|
|t:|1779801619
|move|p1a: Uxie|Encore|p2a: Kingambit
|-start|p2a: Kingambit|Encore
|move|p2a: Kingambit|Swords Dance|p2a: Kingambit
|-boost|p2a: Kingambit|atk|2
|
|-heal|p1a: Uxie|100/100|[from] item: Leftovers
|upkeep
|turn|15
|
|t:|1779801626
|move|p1a: Uxie|U-turn|p2a: Kingambit
|-damage|p2a: Kingambit|86/100
|
|t:|1779801628
|switch|p1a: Walking Wake|Walking Wake|100/100|[from] U-turn
|move|p2a: Kingambit|Swords Dance|p2a: Kingambit
|-boost|p2a: Kingambit|atk|2
|
|upkeep
|turn|16
|
|t:|1779801633
|move|p1a: Walking Wake|Draco Meteor|p2a: Kingambit
|-resisted|p2a: Kingambit
|-damage|p2a: Kingambit|54/100
|-unboost|p1a: Walking Wake|spa|2
|move|p2a: Kingambit|Swords Dance|p2a: Kingambit
|-boost|p2a: Kingambit|atk|0
|
|-end|p2a: Kingambit|Encore
|upkeep
|turn|17
|-message|fortnieter forfeited.
|
|win|vincent 2011
|raw|fortnieter's rating: 1185 &rarr; <strong>1157</strong><br />(-28 for losing)
|raw|vincent 2011's rating: 1137 &rarr; <strong>1165</strong><br />(+28 for winning)
|l|☆fortnieter
|player|p1|
|l|☆vincent 2011
|player|p2|
