|j|☆mrweston
|j|☆samylc
|t:|1779807111
|gametype|singles
|player|p1|mrweston|policeman-gen4|1416
|player|p2|samylc|steven|1403
|gen|9
|tier|[Gen 9] OU
|rated|
|rule|HP Percentage Mod: HP is shown in percentages
|rule|Endless Battle Clause: Forcing endless battles is banned
|rule|Species Clause: Limit one of each Pokémon
|rule|OHKO Clause: OHKO moves are banned
|rule|Evasion Items Clause: Evasion items are banned
|rule|Evasion Moves Clause: Evasion moves are banned
|rule|Evasion Abilities Clause: Evasion abilities are banned
|rule|Sleep Moves Clause: Sleep-inducing moves are banned
|clearpoke
|poke|p1|Hawlucha, F|
|poke|p1|Blaziken, F|
|poke|p1|Magnezone|
|poke|p1|Haunter, F|
|poke|p1|Donphan, M|
|poke|p1|Latios, M|
|poke|p2|Cresselia, F|
|poke|p2|Hatterene, F|
|poke|p2|Iron Hands|
|poke|p2|Ursaluna, M|
|poke|p2|Torkoal, F|
|poke|p2|Scream Tail|
|teampreview
|inactive|Battle timer is ON: inactive players will automatically lose when time's up. (requested by samylc)
|inactive|mrweston also wants the timer to be on.
|
|t:|1779807134
|teamsize|p1|6
|teamsize|p2|6
|start
|switch|p1a: Donphan|Donphan, M|100/100
|switch|p2a: Hatterene|Hatterene, F, shiny|100/100
|turn|1
|
|t:|1779807151
|move|p1a: Donphan|Knock Off|p2a: Hatterene
|-damage|p2a: Hatterene|61/100
|-enditem|p2a: Hatterene|Focus Sash|[from] move: Knock Off|[of] p1a: Donphan
|move|p2a: Hatterene|Trick Room|p2a: Hatterene
|-fieldstart|move: Trick Room|[of] p2a: Hatterene
|
|upkeep
|turn|2
|
|t:|1779807154
|move|p2a: Hatterene|Misty Explosion|p1a: Donphan
|-ability|p1a: Donphan|Sturdy
|-damage|p1a: Donphan|1/100
|faint|p2a: Hatterene
|move|p1a: Donphan|Earthquake|p2: Hatterene|[notarget]
|-fail|p1a: Donphan
|
|upkeep
|
|t:|1779807160
|switch|p2a: Torkoal|Torkoal, F, shiny|100/100
|-weather|SunnyDay|[from] ability: Drought|[of] p2a: Torkoal
|turn|3
|
|t:|1779807163
|move|p2a: Torkoal|Eruption|p1a: Donphan
|-damage|p1a: Donphan|0 fnt
|faint|p1a: Donphan
|
|-weather|SunnyDay|[upkeep]
|upkeep
|
|t:|1779807167
|switch|p1a: Haunter|Haunter, F|100/100
|turn|4
|
|t:|1779807182
|move|p2a: Torkoal|Eruption|p1a: Haunter
|-enditem|p1a: Haunter|Focus Sash
|-damage|p1a: Haunter|1/100
|move|p1a: Haunter|Sludge Wave|p2a: Torkoal
|-damage|p2a: Torkoal|45/100
|
|-weather|SunnyDay|[upkeep]
|upkeep
|turn|5
|
|t:|1779807188
|switch|p1a: Latios|Latios, M|100/100
|move|p2a: Torkoal|Eruption|p1a: Latios
|-resisted|p1a: Latios
|-damage|p1a: Latios|68/100
|
|-weather|SunnyDay|[upkeep]
|-fieldend|move: Trick Room
|upkeep
|turn|6
|
|t:|1779807194
|switch|p2a: Scream Tail|Scream Tail|100/100
|-activate|p2a: Scream Tail|ability: Protosynthesis
|-start|p2a: Scream Tail|protosynthesisspd
|move|p1a: Latios|Luster Purge|p2a: Scream Tail
|-resisted|p2a: Scream Tail
|-damage|p2a: Scream Tail|87/100
|-unboost|p2a: Scream Tail|spd|1
|
|-weather|SunnyDay|[upkeep]
|upkeep
|turn|7
|
|t:|1779807204
|switch|p1a: Magnezone|Magnezone, shiny|100/100
|move|p2a: Scream Tail|Stealth Rock|p1a: Magnezone
|-sidestart|p1: mrweston|move: Stealth Rock
|
|-weather|none
|-end|p2a: Scream Tail|Protosynthesis
|upkeep
|turn|8
|
|t:|1779807209
|move|p1a: Magnezone|Volt Switch|p2a: Scream Tail
|-damage|p2a: Scream Tail|63/100
|
|t:|1779807212
|switch|p1a: Hawlucha|Hawlucha, F, shiny|100/100|[from] Volt Switch
|-damage|p1a: Hawlucha|88/100|[from] Stealth Rock
|-ability|p1a: Hawlucha|Mold Breaker
|move|p2a: Scream Tail|Trick Room|p2a: Scream Tail
|-fieldstart|move: Trick Room|[of] p2a: Scream Tail
|
|upkeep
|turn|9
|
|t:|1779807216
|move|p2a: Scream Tail|Misty Explosion|p1a: Hawlucha
|-supereffective|p1a: Hawlucha
|-damage|p1a: Hawlucha|7/100
|faint|p2a: Scream Tail
|-end|p2a: Scream Tail|Protosynthesis|[silent]
|move|p1a: Hawlucha|Defog|p2: Scream Tail|[notarget]
|-fail|p1a: Hawlucha
|
|upkeep
|
|t:|1779807222
|switch|p2a: Ursaluna|Ursaluna, M|100/100
|turn|10
|
|t:|1779807228
|switch|p1a: Magnezone|Magnezone, shiny|100/100
|-damage|p1a: Magnezone|94/100|[from] Stealth Rock
|move|p2a: Ursaluna|Fire Punch|p1a: Magnezone
|-supereffective|p1a: Magnezone
|-damage|p1a: Magnezone|47/100
|-status|p1a: Magnezone|brn
|
|-damage|p1a: Magnezone|41/100 brn|[from] brn
|-status|p2a: Ursaluna|brn|[from] item: Flame Orb
|upkeep
|turn|11
|
|t:|1779807232
|move|p2a: Ursaluna|Fire Punch|p1a: Magnezone
|-supereffective|p1a: Magnezone
|-damage|p1a: Magnezone|0 fnt
|faint|p1a: Magnezone
|
|-damage|p2a: Ursaluna|94/100 brn|[from] brn
|upkeep
|
|t:|1779807239
|switch|p1a: Latios|Latios, M|68/100
|-damage|p1a: Latios|56/100|[from] Stealth Rock
|turn|12
|
|t:|1779807243
|switch|p1a: Hawlucha|Hawlucha, F, shiny|7/100
|-damage|p1a: Hawlucha|0 fnt|[from] Stealth Rock
|faint|p1a: Hawlucha
|move|p2a: Ursaluna|Facade|p1: Hawlucha|[notarget]
|-fail|p2a: Ursaluna
|
|-damage|p2a: Ursaluna|88/100 brn|[from] brn
|-fieldend|move: Trick Room
|upkeep
|
|t:|1779807247
|switch|p1a: Latios|Latios, M|56/100
|-damage|p1a: Latios|44/100|[from] Stealth Rock
|turn|13
|
|t:|1779807252
|-terastallize|p1a: Latios|Dragon
|move|p1a: Latios|Draco Meteor|p2a: Ursaluna
|-damage|p2a: Ursaluna|0 fnt
|-unboost|p1a: Latios|spa|2
|faint|p2a: Ursaluna
|
|upkeep
|
|t:|1779807256
|switch|p2a: Cresselia|Cresselia, F, shiny|100/100
|turn|14
|
|t:|1779807259
|switch|p1a: Haunter|Haunter, F|1/100
|-damage|p1a: Haunter|0 fnt|[from] Stealth Rock
|faint|p1a: Haunter
|move|p2a: Cresselia|Trick Room|p2a: Cresselia
|-fieldstart|move: Trick Room|[of] p2a: Cresselia
|
|upkeep
|
|t:|1779807267
|switch|p1a: Latios|Latios, M, tera:Dragon|44/100
|-damage|p1a: Latios|31/100|[from] Stealth Rock
|turn|15
|
|t:|1779807271
|move|p2a: Cresselia|Psychic|p1a: Latios
|-damage|p1a: Latios|4/100
|move|p1a: Latios|Luster Purge|p2a: Cresselia
|-resisted|p2a: Cresselia
|-damage|p2a: Cresselia|84/100
|
|upkeep
|turn|16
|
|t:|1779807274
|move|p2a: Cresselia|Psychic|p1a: Latios
|-damage|p1a: Latios|0 fnt
|faint|p1a: Latios
|
|upkeep
|
|t:|1779807276
|switch|p1a: Blaziken|Blaziken, F|100/100
|-damage|p1a: Blaziken|88/100|[from] Stealth Rock
|turn|17
|
|t:|1779807280
|move|p2a: Cresselia|Psychic Terrain|p2a: Cresselia
|-fieldstart|move: Psychic Terrain
|move|p1a: Blaziken|Swords Dance|p1a: Blaziken
|-boost|p1a: Blaziken|atk|2
|
|-ability|p1a: Blaziken|Speed Boost|boost
|-boost|p1a: Blaziken|spe|1
|upkeep
|turn|18
|
|t:|1779807285
|move|p2a: Cresselia|Psychic|p1a: Blaziken
|-supereffective|p1a: Blaziken
|-damage|p1a: Blaziken|16/100
|move|p1a: Blaziken|Swords Dance|p1a: Blaziken
|-boost|p1a: Blaziken|atk|2
|
|-fieldend|move: Trick Room
|-ability|p1a: Blaziken|Speed Boost|boost
|-boost|p1a: Blaziken|spe|1
|upkeep
|turn|19
|
|t:|1779807291
|move|p1a: Blaziken|Temper Flare|p2a: Cresselia
|-damage|p2a: Cresselia|12/100
|move|p2a: Cresselia|Trick Room|p2a: Cresselia
|-fieldstart|move: Trick Room|[of] p2a: Cresselia
|
|-ability|p1a: Blaziken|Speed Boost|boost
|-boost|p1a: Blaziken|spe|1
|upkeep
|turn|20
|c|☆mrweston|downsides of no running a recoil move i guess
|
|t:|1779807311
|move|p2a: Cresselia|Lunar Dance|p2a: Cresselia
|faint|p2a: Cresselia
|move|p1a: Blaziken|Temper Flare|p2: Cresselia|[notarget]
|-fail|p1a: Blaziken
|
|-ability|p1a: Blaziken|Speed Boost|boost
|-boost|p1a: Blaziken|spe|1
|upkeep
|
|t:|1779807321
|switch|p2a: Torkoal|Torkoal, F, shiny|45/100
|-heal|p2a: Torkoal|100/100|[from] move: Lunar Dance
|-weather|SunnyDay|[from] ability: Drought|[of] p2a: Torkoal
|turn|21
|
|t:|1779807326
|move|p2a: Torkoal|Weather Ball|p1a: Blaziken
|-resisted|p1a: Blaziken
|-damage|p1a: Blaziken|0 fnt
|faint|p1a: Blaziken
|
|win|samylc
|raw|mrweston's rating: 1416 &rarr; <strong>1395</strong><br />(-21 for losing)
|raw|samylc's rating: 1403 &rarr; <strong>1424</strong><br />(+21 for winning)
|l|☆mrweston
|player|p1|
|c|☆samylc|gg
|l|☆samylc
|player|p2|
