|j|☆isa2381
|j|☆veronyl
|t:|1779908649
|gametype|singles
|player|p1|isa2381|lady|1329
|player|p2|veronyl|palmer|1310
|gen|9
|tier|[Gen 9] OU
|rated|
|rule|HP Percentage Mod: HP is shown in percentages
|rule|Endless Battle Clause: Forcing endless battles is banned
|rule|Species Clause: Limit one of each Pokémon
|rule|OHKO Clause: OHKO moves are banned
|rule|Evasion Items Clause: Evasion items are banned
|rule|Evasion Moves Clause: Evasion moves are banned
|rule|Evasion Abilities Clause: Evasion abilities are banned
|rule|Sleep Moves Clause: Sleep-inducing moves are banned
|clearpoke
|poke|p1|Skeledirge, F|
|poke|p1|Corviknight, F|
|poke|p1|Ogerpon-Wellspring, F|
|poke|p1|Slowking-Galar, F|
|poke|p1|Tyranitar, M|
|poke|p1|Iron Valiant|
|poke|p2|Glaceon, F|
|poke|p2|Ninetales-Alola, F|
|poke|p2|Basculegion-F, F|
|poke|p2|Ogerpon-Wellspring, F|
|poke|p2|Iron Treads|
|poke|p2|Weavile, F|
|teampreview
|inactive|Battle timer is ON: inactive players will automatically lose when time's up. (requested by veronyl)
|
|t:|1779908678
|teamsize|p1|6
|teamsize|p2|6
|start
|switch|p1a: Tyranitar|Tyranitar, M|100/100
|switch|p2a: Ogerpon|Ogerpon-Wellspring, F|100/100
|-weather|Sandstorm|[from] ability: Sand Stream|[of] p1a: Tyranitar
|turn|1
|
|t:|1779908700
|switch|p1a: Ogerpon|Ogerpon-Wellspring, F|100/100
|move|p2a: Ogerpon|Horn Leech|p1a: Ogerpon
|-damage|p1a: Ogerpon|41/100
|
|-weather|Sandstorm|[upkeep]
|-damage|p2a: Ogerpon|95/100|[from] Sandstorm
|-damage|p1a: Ogerpon|35/100|[from] Sandstorm
|upkeep
|turn|2
|
|t:|1779908710
|switch|p1a: Corviknight|Corviknight, F|100/100
|-ability|p1a: Corviknight|Pressure
|move|p2a: Ogerpon|Horn Leech|p1a: Corviknight
|-resisted|p1a: Corviknight
|-crit|p1a: Corviknight
|-damage|p1a: Corviknight|90/100
|-heal|p2a: Ogerpon|100/100|[from] drain|[of] p1a: Corviknight
|-damage|p2a: Ogerpon|84/100|[from] item: Rocky Helmet|[of] p1a: Corviknight
|
|-weather|Sandstorm|[upkeep]
|-damage|p2a: Ogerpon|78/100|[from] Sandstorm
|upkeep
|turn|3
|
|t:|1779908722
|switch|p2a: Basculegion|Basculegion-F, F|100/100
|move|p1a: Corviknight|U-turn|p2a: Basculegion
|-resisted|p2a: Basculegion
|-crit|p2a: Basculegion
|-damage|p2a: Basculegion|87/100
|inactive|isa2381 has 120 seconds left.
|
|t:|1779908740
|switch|p1a: Ogerpon|Ogerpon-Wellspring, F|35/100|[from] U-turn
|
|-weather|Sandstorm|[upkeep]
|-damage|p2a: Basculegion|81/100|[from] Sandstorm
|-damage|p1a: Ogerpon|29/100|[from] Sandstorm
|upkeep
|turn|4
|
|t:|1779908747
|move|p2a: Basculegion|Shadow Ball|p1a: Ogerpon
|-damage|p1a: Ogerpon|0 fnt
|faint|p1a: Ogerpon
|
|-weather|Sandstorm|[upkeep]
|-damage|p2a: Basculegion|75/100|[from] Sandstorm
|upkeep
|
|t:|1779908756
|switch|p1a: Tyranitar|Tyranitar, M|100/100
|turn|5
|
|t:|1779908761
|switch|p2a: Weavile|Weavile, F|100/100
|-ability|p2a: Weavile|Pressure
|move|p1a: Tyranitar|Knock Off|p2a: Weavile
|-resisted|p2a: Weavile
|-damage|p2a: Weavile|54/100
|-enditem|p2a: Weavile|Heavy-Duty Boots|[from] move: Knock Off|[of] p1a: Tyranitar
|
|-weather|none
|upkeep
|turn|6
|
|t:|1779908772
|switch|p1a: Corviknight|Corviknight, F|90/100
|-ability|p1a: Corviknight|Pressure
|move|p2a: Weavile|Low Kick|p1a: Corviknight
|-damage|p1a: Corviknight|75/100
|-damage|p2a: Weavile|38/100|[from] item: Rocky Helmet|[of] p1a: Corviknight
|
|upkeep
|turn|7
|
|t:|1779908781
|move|p2a: Weavile|Knock Off|p1a: Corviknight
|-damage|p1a: Corviknight|46/100
|-damage|p2a: Weavile|21/100|[from] item: Rocky Helmet|[of] p1a: Corviknight
|-enditem|p1a: Corviknight|Rocky Helmet|[from] move: Knock Off|[of] p2a: Weavile
|move|p1a: Corviknight|U-turn|p2a: Weavile
|-supereffective|p2a: Weavile
|-damage|p2a: Weavile|0 fnt
|faint|p2a: Weavile
|
|t:|1779908791
|switch|p1a: Skeledirge|Skeledirge, F|100/100|[from] U-turn
|
|upkeep
|
|t:|1779908796
|switch|p2a: Basculegion|Basculegion-F, F|75/100
|turn|8
|
|t:|1779908812
|switch|p1a: Tyranitar|Tyranitar, M|100/100
|-weather|Sandstorm|[from] ability: Sand Stream|[of] p1a: Tyranitar
|move|p2a: Basculegion|Shadow Ball|p1a: Tyranitar
|-resisted|p1a: Tyranitar
|-damage|p1a: Tyranitar|86/100
|
|-weather|Sandstorm|[upkeep]
|-damage|p2a: Basculegion|68/100|[from] Sandstorm
|upkeep
|turn|9
|inactive|isa2381 has 120 seconds left.
|
|t:|1779908844
|switch|p2a: Ninetales|Ninetales-Alola, F|100/100
|-weather|Snowscape|[from] ability: Snow Warning|[of] p2a: Ninetales
|move|p1a: Tyranitar|Knock Off|p2a: Ninetales
|-resisted|p2a: Ninetales
|-damage|p2a: Ninetales|80/100
|-enditem|p2a: Ninetales|Light Clay|[from] move: Knock Off|[of] p1a: Tyranitar
|
|-weather|Snowscape|[upkeep]
|upkeep
|turn|10
|inactive|isa2381 has 120 seconds left.
|
|t:|1779908869
|switch|p1a: Corviknight|Corviknight, F|46/100
|-ability|p1a: Corviknight|Pressure
|move|p2a: Ninetales|Aurora Veil|p2a: Ninetales
|-sidestart|p2: veronyl|move: Aurora Veil
|
|-weather|Snowscape|[upkeep]
|upkeep
|turn|11
|
|t:|1779908875
|switch|p2a: Basculegion|Basculegion-F, F|68/100
|move|p1a: Corviknight|Roost|p1a: Corviknight
|-heal|p1a: Corviknight|96/100
|-singleturn|p1a: Corviknight|move: Roost
|
|-weather|Snowscape|[upkeep]
|upkeep
|turn|12
|
|t:|1779908883
|move|p2a: Basculegion|Surf|p1a: Corviknight
|-damage|p1a: Corviknight|45/100
|move|p1a: Corviknight|U-turn|p2a: Basculegion
|-resisted|p2a: Basculegion
|-damage|p2a: Basculegion|64/100
|
|t:|1779908899
|switch|p1a: Tyranitar|Tyranitar, M|86/100|[from] U-turn
|-weather|Sandstorm|[from] ability: Sand Stream|[of] p1a: Tyranitar
|
|-weather|Sandstorm|[upkeep]
|-damage|p2a: Basculegion|58/100|[from] Sandstorm
|upkeep
|turn|13
|
|t:|1779908916
|move|p2a: Basculegion|Surf|p1a: Tyranitar
|-supereffective|p1a: Tyranitar
|-crit|p1a: Tyranitar
|-damage|p1a: Tyranitar|0 fnt
|faint|p1a: Tyranitar
|
|-weather|Sandstorm|[upkeep]
|-damage|p2a: Basculegion|52/100|[from] Sandstorm
|upkeep
|inactive|isa2381 has 90 seconds left.
|
|t:|1779908930
|switch|p1a: Skeledirge|Skeledirge, F|100/100
|turn|14
|inactive|isa2381 has 90 seconds left.
|
|t:|1779908943
|-terastallize|p1a: Skeledirge|Fairy
|move|p2a: Basculegion|Surf|p1a: Skeledirge
|-damage|p1a: Skeledirge|60/100
|move|p1a: Skeledirge|Hex|p2a: Basculegion
|-supereffective|p2a: Basculegion
|-damage|p2a: Basculegion|26/100
|
|-weather|Sandstorm|[upkeep]
|-damage|p2a: Basculegion|20/100|[from] Sandstorm
|-damage|p1a: Skeledirge|54/100|[from] Sandstorm
|-sideend|p2: veronyl|move: Aurora Veil
|upkeep
|turn|15
|
|t:|1779908952
|move|p2a: Basculegion|Surf|p1a: Skeledirge
|-damage|p1a: Skeledirge|19/100
|move|p1a: Skeledirge|Slack Off|p1a: Skeledirge
|-heal|p1a: Skeledirge|69/100
|
|-weather|Sandstorm|[upkeep]
|-damage|p2a: Basculegion|14/100|[from] Sandstorm
|-damage|p1a: Skeledirge|63/100|[from] Sandstorm
|upkeep
|turn|16
|
|t:|1779908959
|move|p2a: Basculegion|Surf|p1a: Skeledirge
|-damage|p1a: Skeledirge|26/100
|move|p1a: Skeledirge|Slack Off|p1a: Skeledirge
|-heal|p1a: Skeledirge|76/100
|
|-weather|none
|upkeep
|turn|17
|
|t:|1779908967
|move|p2a: Basculegion|Surf|p1a: Skeledirge
|-damage|p1a: Skeledirge|40/100
|move|p1a: Skeledirge|Slack Off|p1a: Skeledirge
|-heal|p1a: Skeledirge|90/100
|
|upkeep
|turn|18
|
|t:|1779908975
|switch|p1a: Slowking|Slowking-Galar, F|100/100
|move|p2a: Basculegion|Surf|p1a: Slowking
|-damage|p1a: Slowking|75/100
|
|upkeep
|turn|19
|
|t:|1779908982
|switch|p2a: Ninetales|Ninetales-Alola, F|80/100
|-weather|Snowscape|[from] ability: Snow Warning|[of] p2a: Ninetales
|move|p1a: Slowking|Psychic Noise|p2a: Ninetales
|-damage|p2a: Ninetales|48/100
|-start|p2a: Ninetales|move: Heal Block
|
|-weather|Snowscape|[upkeep]
|upkeep
|turn|20
|inactive|isa2381 has 120 seconds left.
|
|t:|1779908992
|move|p2a: Ninetales|Aurora Veil|p2a: Ninetales
|-sidestart|p2: veronyl|move: Aurora Veil
|move|p1a: Slowking|Sludge Bomb|p2a: Ninetales
|-supereffective|p2a: Ninetales
|-damage|p2a: Ninetales|8/100
|
|-weather|Snowscape|[upkeep]
|-end|p2a: Ninetales|move: Heal Block
|upkeep
|turn|21
|inactive|isa2381 has 120 seconds left.
|
|t:|1779909023
|switch|p2a: Iron Treads|Iron Treads|100/100
|-enditem|p2a: Iron Treads|Booster Energy
|-activate|p2a: Iron Treads|ability: Quark Drive|[fromitem]
|-start|p2a: Iron Treads|quarkdriveatk
|move|p1a: Slowking|Flamethrower|p2a: Iron Treads
|-supereffective|p2a: Iron Treads
|-damage|p2a: Iron Treads|57/100
|
|-weather|Snowscape|[upkeep]
|upkeep
|turn|22
|
|t:|1779909040
|switch|p1a: Corviknight|Corviknight, F|45/100
|-ability|p1a: Corviknight|Pressure
|move|p2a: Iron Treads|Ice Spinner|p1a: Corviknight
|-damage|p1a: Corviknight|25/100
|
|-weather|Snowscape|[upkeep]
|upkeep
|turn|23
|
|t:|1779909058
|-end|p2a: Iron Treads|Quark Drive|[silent]
|switch|p2a: Glaceon|Glaceon, F|100/100
|move|p1a: Corviknight|Roost|p1a: Corviknight
|-heal|p1a: Corviknight|75/100
|-singleturn|p1a: Corviknight|move: Roost
|
|-weather|none
|upkeep
|turn|24
|
|t:|1779909065
|move|p1a: Corviknight|Defog|p2a: Glaceon
|-unboost|p2a: Glaceon|evasion|1
|-sideend|p2: veronyl|move: Aurora Veil
|move|p2a: Glaceon|Blizzard|p1a: Corviknight
|-crit|p1a: Corviknight
|-damage|p1a: Corviknight|0 fnt
|faint|p1a: Corviknight
|
|upkeep
|
|t:|1779909079
|switch|p1a: Skeledirge|Skeledirge, F, tera:Fairy|90/100
|turn|25
|
|t:|1779909091
|switch|p2a: Ninetales|Ninetales-Alola, F|8/100
|-weather|Snowscape|[from] ability: Snow Warning|[of] p2a: Ninetales
|move|p1a: Skeledirge|Will-O-Wisp|p2a: Ninetales
|-status|p2a: Ninetales|brn
|
|-weather|Snowscape|[upkeep]
|-damage|p2a: Ninetales|2/100 brn|[from] brn
|upkeep
|turn|26
|inactive|isa2381 has 120 seconds left.
|
|t:|1779909101
|move|p2a: Ninetales|Aurora Veil|p2a: Ninetales
|-sidestart|p2: veronyl|move: Aurora Veil
|move|p1a: Skeledirge|Hex|p2a: Ninetales
|-damage|p2a: Ninetales|0 fnt
|faint|p2a: Ninetales
|
|-weather|Snowscape|[upkeep]
|upkeep
|
|t:|1779909105
|switch|p2a: Iron Treads|Iron Treads|57/100
|turn|27
|
|t:|1779909108
|move|p2a: Iron Treads|Heavy Slam|p1a: Skeledirge
|-supereffective|p1a: Skeledirge
|-damage|p1a: Skeledirge|55/100
|move|p1a: Skeledirge|Torch Song|p2a: Iron Treads
|-supereffective|p2a: Iron Treads
|-damage|p2a: Iron Treads|16/100
|-boost|p1a: Skeledirge|spa|1
|
|-weather|Snowscape|[upkeep]
|upkeep
|turn|28
|
|t:|1779909117
|move|p2a: Iron Treads|Earthquake|p1a: Skeledirge
|-damage|p1a: Skeledirge|14/100
|move|p1a: Skeledirge|Slack Off|p1a: Skeledirge
|-heal|p1a: Skeledirge|64/100
|
|-weather|Snowscape|[upkeep]
|upkeep
|turn|29
|
|t:|1779909124
|move|p2a: Iron Treads|Earthquake|p1a: Skeledirge
|-damage|p1a: Skeledirge|20/100
|move|p1a: Skeledirge|Will-O-Wisp|p2a: Iron Treads
|-status|p2a: Iron Treads|brn
|
|-weather|none
|-damage|p2a: Iron Treads|10/100 brn|[from] brn
|upkeep
|turn|30
|
|t:|1779909138
|switch|p1a: Slowking|Slowking-Galar, F|100/100
|move|p2a: Iron Treads|Earthquake|p1a: Slowking
|-supereffective|p1a: Slowking
|-damage|p1a: Slowking|44/100
|
|-damage|p2a: Iron Treads|3/100 brn|[from] brn
|-sideend|p2: veronyl|move: Aurora Veil
|upkeep
|turn|31
|
|t:|1779909148
|move|p2a: Iron Treads|Earthquake|p1a: Slowking
|-supereffective|p1a: Slowking
|-damage|p1a: Slowking|0 fnt
|faint|p1a: Slowking
|
|-damage|p2a: Iron Treads|0 fnt|[from] brn
|faint|p2a: Iron Treads
|-end|p2a: Iron Treads|Quark Drive|[silent]
|upkeep
|
|t:|1779909155
|switch|p2a: Basculegion|Basculegion-F, F|14/100
|switch|p1a: Skeledirge|Skeledirge, F, tera:Fairy|20/100
|turn|32
|
|t:|1779909160
|move|p2a: Basculegion|Surf|p1a: Skeledirge
|-crit|p1a: Skeledirge
|-damage|p1a: Skeledirge|0 fnt
|faint|p1a: Skeledirge
|
|upkeep
|
|t:|1779909163
|switch|p1a: Iron Valiant|Iron Valiant|100/100
|-enditem|p1a: Iron Valiant|Booster Energy
|-activate|p1a: Iron Valiant|ability: Quark Drive|[fromitem]
|-start|p1a: Iron Valiant|quarkdrivespe
|turn|33
|
|t:|1779909169
|move|p1a: Iron Valiant|Knock Off|p2a: Basculegion
|-supereffective|p2a: Basculegion
|-damage|p2a: Basculegion|0 fnt
|-enditem|p2a: Basculegion|Choice Scarf|[from] move: Knock Off|[of] p1a: Iron Valiant
|faint|p2a: Basculegion
|
|upkeep
|
|t:|1779909172
|switch|p2a: Glaceon|Glaceon, F|100/100
|turn|34
|
|t:|1779909176
|-terastallize|p2a: Glaceon|Fairy
|move|p1a: Iron Valiant|Close Combat|p2a: Glaceon
|-resisted|p2a: Glaceon
|-damage|p2a: Glaceon|77/100
|-unboost|p1a: Iron Valiant|def|1
|-unboost|p1a: Iron Valiant|spd|1
|move|p2a: Glaceon|Alluring Voice|p1a: Iron Valiant
|-supereffective|p1a: Iron Valiant
|-damage|p1a: Iron Valiant|0 fnt
|faint|p1a: Iron Valiant
|-end|p1a: Iron Valiant|Quark Drive|[silent]
|
|win|veronyl
|raw|isa2381's rating: 1329 &rarr; <strong>1308</strong><br />(-21 for losing)
|raw|veronyl's rating: 1310 &rarr; <strong>1331</strong><br />(+21 for winning)
|l|☆veronyl
|player|p2|
