|j|☆ikthoizzykil
|j|☆rowlet13tb
|t:|1779941701
|gametype|singles
|player|p1|ikthoizzykil|pokemaniac-gen3rs|1379
|player|p2|rowlet13tb|101|1356
|gen|9
|tier|[Gen 9] OU
|rated|
|rule|HP Percentage Mod: HP is shown in percentages
|rule|Endless Battle Clause: Forcing endless battles is banned
|rule|Species Clause: Limit one of each Pokémon
|rule|OHKO Clause: OHKO moves are banned
|rule|Evasion Items Clause: Evasion items are banned
|rule|Evasion Moves Clause: Evasion moves are banned
|rule|Evasion Abilities Clause: Evasion abilities are banned
|rule|Sleep Moves Clause: Sleep-inducing moves are banned
|clearpoke
|poke|p1|Metagross|
|poke|p1|Rillaboom, M|
|poke|p1|Braviary, M|
|poke|p1|Great Tusk|
|poke|p1|Darkrai|
|poke|p1|Primarina, F|
|poke|p2|Blastoise, M|
|poke|p2|Heatran, M|
|poke|p2|Great Tusk|
|poke|p2|Alcremie, F|
|poke|p2|Salamence, F|
|poke|p2|Sinistcha-Masterpiece|
|teampreview
|inactive|Battle timer is ON: inactive players will automatically lose when time's up. (requested by ikthoizzykil)
|inactive|rowlet13tb also wants the timer to be on.
|
|t:|1779941712
|teamsize|p1|6
|teamsize|p2|6
|start
|switch|p1a: Darkrai|Darkrai|100/100
|switch|p2a: Heatran|Heatran, M|100/100
|turn|1
|
|t:|1779941723
|move|p1a: Darkrai|Dark Pulse|p2a: Heatran
|-damage|p2a: Heatran|72/100
|cant|p2a: Heatran|flinch
|
|-heal|p2a: Heatran|78/100|[from] item: Leftovers
|upkeep
|turn|2
|
|t:|1779941731
|move|p1a: Darkrai|Dark Pulse|p2a: Heatran
|-damage|p2a: Heatran|48/100
|move|p2a: Heatran|Stealth Rock|p1a: Darkrai
|-sidestart|p1: ikthoizzykil|move: Stealth Rock
|
|-heal|p2a: Heatran|54/100|[from] item: Leftovers
|upkeep
|turn|3
|
|t:|1779941740
|move|p1a: Darkrai|Dark Pulse|p2a: Heatran
|-damage|p2a: Heatran|26/100
|cant|p2a: Heatran|flinch
|
|-heal|p2a: Heatran|32/100|[from] item: Leftovers
|upkeep
|turn|4
|
|t:|1779941748
|move|p1a: Darkrai|Dark Pulse|p2a: Heatran
|-damage|p2a: Heatran|6/100
|move|p2a: Heatran|Flamethrower|p1a: Darkrai
|-damage|p1a: Darkrai|54/100
|
|-heal|p2a: Heatran|12/100|[from] item: Leftovers
|upkeep
|turn|5
|
|t:|1779941758
|move|p1a: Darkrai|Dark Pulse|p2a: Heatran
|-damage|p2a: Heatran|0 fnt
|faint|p2a: Heatran
|
|upkeep
|
|t:|1779941763
|switch|p2a: Salamence|Salamence, F|100/100
|turn|6
|
|t:|1779941769
|switch|p1a: Primarina|Primarina, F|100/100
|-damage|p1a: Primarina|88/100|[from] Stealth Rock
|move|p2a: Salamence|Dragon Dance|p2a: Salamence
|-boost|p2a: Salamence|atk|1
|-boost|p2a: Salamence|spe|1
|
|-heal|p1a: Primarina|94/100|[from] item: Leftovers
|upkeep
|turn|7
|
|t:|1779941780
|move|p2a: Salamence|Dual Wingbeat|p1a: Primarina
|-damage|p1a: Primarina|69/100
|-damage|p1a: Primarina|39/100
|-hitcount|p1a: Primarina|2
|move|p1a: Primarina|Draining Kiss|p2a: Salamence
|-supereffective|p2a: Salamence
|-damage|p2a: Salamence|63/100
|-heal|p1a: Primarina|70/100|[from] drain|[of] p2a: Salamence
|
|-heal|p1a: Primarina|76/100|[from] item: Leftovers
|upkeep
|turn|8
|
|t:|1779941792
|move|p2a: Salamence|Dual Wingbeat|p1a: Primarina
|-damage|p1a: Primarina|48/100
|-damage|p1a: Primarina|21/100
|-hitcount|p1a: Primarina|2
|move|p1a: Primarina|Draining Kiss|p2a: Salamence
|-supereffective|p2a: Salamence
|-damage|p2a: Salamence|22/100
|-heal|p1a: Primarina|54/100|[from] drain|[of] p2a: Salamence
|
|-heal|p1a: Primarina|60/100|[from] item: Leftovers
|upkeep
|turn|9
|
|t:|1779941807
|move|p2a: Salamence|Dual Wingbeat|p1a: Primarina
|-damage|p1a: Primarina|33/100
|-damage|p1a: Primarina|4/100
|-hitcount|p1a: Primarina|2
|move|p1a: Primarina|Draining Kiss|p2a: Salamence
|-supereffective|p2a: Salamence
|-damage|p2a: Salamence|0 fnt
|-heal|p1a: Primarina|21/100|[from] drain|[of] p2a: Salamence
|faint|p2a: Salamence
|
|-heal|p1a: Primarina|27/100|[from] item: Leftovers
|upkeep
|
|t:|1779941820
|switch|p2a: Sinistcha|Sinistcha-Masterpiece|100/100
|turn|10
|
|t:|1779941828
|move|p2a: Sinistcha|Calm Mind|p2a: Sinistcha
|-boost|p2a: Sinistcha|spa|1
|-boost|p2a: Sinistcha|spd|1
|move|p1a: Primarina|Psychic Noise|p2a: Sinistcha
|-resisted|p2a: Sinistcha
|-damage|p2a: Sinistcha|88/100
|-start|p2a: Sinistcha|move: Heal Block
|
|-heal|p1a: Primarina|33/100|[from] item: Leftovers
|upkeep
|turn|11
|
|t:|1779941839
|move|p2a: Sinistcha|Calm Mind|p2a: Sinistcha
|-boost|p2a: Sinistcha|spa|1
|-boost|p2a: Sinistcha|spd|1
|move|p1a: Primarina|Draining Kiss|p2a: Sinistcha
|-damage|p2a: Sinistcha|74/100
|-heal|p1a: Primarina|43/100|[from] drain|[of] p2a: Sinistcha
|
|-heal|p1a: Primarina|49/100|[from] item: Leftovers
|-end|p2a: Sinistcha|move: Heal Block
|upkeep
|turn|12
|inactive|ikthoizzykil has 120 seconds left.
|
|t:|1779941877
|move|p2a: Sinistcha|Calm Mind|p2a: Sinistcha
|-boost|p2a: Sinistcha|spa|1
|-boost|p2a: Sinistcha|spd|1
|move|p1a: Primarina|Calm Mind|p1a: Primarina
|-boost|p1a: Primarina|spa|1
|-boost|p1a: Primarina|spd|1
|
|-heal|p1a: Primarina|55/100|[from] item: Leftovers
|upkeep
|turn|13
|inactive|ikthoizzykil has 120 seconds left.
|
|t:|1779941886
|move|p2a: Sinistcha|Matcha Gotcha|p1a: Primarina
|-supereffective|p1a: Primarina
|-damage|p1a: Primarina|0 fnt
|-heal|p2a: Sinistcha|100/100|[from] drain|[of] p1a: Primarina
|faint|p1a: Primarina
|
|upkeep
|inactive|ikthoizzykil has 120 seconds left.
|
|t:|1779941895
|switch|p1a: Rillaboom|Rillaboom, M|100/100
|-damage|p1a: Rillaboom|88/100|[from] Stealth Rock
|-fieldstart|move: Grassy Terrain|[from] ability: Grassy Surge|[of] p1a: Rillaboom
|turn|14
|
|t:|1779941902
|move|p1a: Rillaboom|Knock Off|p2a: Sinistcha
|-supereffective|p2a: Sinistcha
|-damage|p2a: Sinistcha|0 fnt
|-enditem|p2a: Sinistcha|Weakness Policy|[from] move: Knock Off|[of] p1a: Rillaboom
|faint|p2a: Sinistcha
|
|-heal|p1a: Rillaboom|94/100|[from] Grassy Terrain
|upkeep
|
|t:|1779941910
|switch|p2a: Alcremie|Alcremie, F|100/100
|turn|15
|
|t:|1779941914
|switch|p1a: Metagross|Metagross|100/100
|-damage|p1a: Metagross|94/100|[from] Stealth Rock
|move|p2a: Alcremie|Acid Armor|p2a: Alcremie
|-boost|p2a: Alcremie|def|2
|
|-heal|p1a: Metagross|100/100|[from] Grassy Terrain
|upkeep
|turn|16
|
|t:|1779941923
|move|p1a: Metagross|Meteor Mash|p2a: Alcremie
|-supereffective|p2a: Alcremie
|-damage|p2a: Alcremie|39/100
|move|p2a: Alcremie|Acid Armor|p2a: Alcremie
|-boost|p2a: Alcremie|def|2
|
|-heal|p2a: Alcremie|45/100|[from] Grassy Terrain
|-heal|p2a: Alcremie|51/100|[from] item: Leftovers
|upkeep
|turn|17
|
|t:|1779941935
|-terastallize|p2a: Alcremie|Psychic
|move|p1a: Metagross|Meteor Mash|p2a: Alcremie
|-damage|p2a: Alcremie|31/100
|move|p2a: Alcremie|Calm Mind|p2a: Alcremie
|-boost|p2a: Alcremie|spa|1
|-boost|p2a: Alcremie|spd|1
|
|-heal|p2a: Alcremie|37/100|[from] Grassy Terrain
|-heal|p2a: Alcremie|43/100|[from] item: Leftovers
|upkeep
|turn|18
|
|t:|1779941947
|switch|p1a: Darkrai|Darkrai|54/100
|-damage|p1a: Darkrai|42/100|[from] Stealth Rock
|move|p2a: Alcremie|Draining Kiss|p1a: Darkrai
|-supereffective|p1a: Darkrai
|-damage|p1a: Darkrai|0 fnt
|-heal|p2a: Alcremie|71/100|[from] drain|[of] p1a: Darkrai
|faint|p1a: Darkrai
|
|-heal|p2a: Alcremie|77/100|[from] Grassy Terrain
|-heal|p2a: Alcremie|83/100|[from] item: Leftovers
|-fieldend|move: Grassy Terrain
|upkeep
|
|t:|1779941959
|switch|p1a: Great Tusk|Great Tusk|100/100
|turn|19
|
|t:|1779941963
|move|p1a: Great Tusk|Rapid Spin|p2a: Alcremie
|-damage|p2a: Alcremie|77/100
|-boost|p1a: Great Tusk|spe|1
|-sideend|p1: ikthoizzykil|Stealth Rock|[from] move: Rapid Spin|[of] p1a: Great Tusk
|move|p2a: Alcremie|Draining Kiss|p1a: Great Tusk
|-supereffective|p1a: Great Tusk
|-damage|p1a: Great Tusk|8/100
|-heal|p2a: Alcremie|100/100|[from] drain|[of] p1a: Great Tusk
|
|upkeep
|turn|20
|
|t:|1779941973
|move|p1a: Great Tusk|Headlong Rush|p2a: Alcremie
|-damage|p2a: Alcremie|79/100
|-unboost|p1a: Great Tusk|def|1
|-unboost|p1a: Great Tusk|spd|1
|move|p2a: Alcremie|Calm Mind|p2a: Alcremie
|-boost|p2a: Alcremie|spa|1
|-boost|p2a: Alcremie|spd|1
|
|-heal|p2a: Alcremie|85/100|[from] item: Leftovers
|upkeep
|turn|21
|
|t:|1779941985
|move|p1a: Great Tusk|Headlong Rush|p2a: Alcremie
|-damage|p2a: Alcremie|64/100
|-unboost|p1a: Great Tusk|def|1
|-unboost|p1a: Great Tusk|spd|1
|move|p2a: Alcremie|Acid Armor|p2a: Alcremie
|-boost|p2a: Alcremie|def|2
|
|-heal|p2a: Alcremie|70/100|[from] item: Leftovers
|upkeep
|turn|22
|
|t:|1779941995
|move|p1a: Great Tusk|Headlong Rush|p2a: Alcremie
|-damage|p2a: Alcremie|53/100
|-unboost|p1a: Great Tusk|def|1
|-unboost|p1a: Great Tusk|spd|1
|move|p2a: Alcremie|Draining Kiss|p1a: Great Tusk
|-supereffective|p1a: Great Tusk
|-damage|p1a: Great Tusk|0 fnt
|-heal|p2a: Alcremie|59/100|[from] drain|[of] p1a: Great Tusk
|faint|p1a: Great Tusk
|-end|p1a: Great Tusk|Protosynthesis|[silent]
|
|-heal|p2a: Alcremie|65/100|[from] item: Leftovers
|upkeep
|
|t:|1779942006
|switch|p1a: Braviary|Braviary, M|100/100
|turn|23
|
|t:|1779942013
|move|p1a: Braviary|Bulk Up|p1a: Braviary
|-boost|p1a: Braviary|atk|1
|-boost|p1a: Braviary|def|1
|move|p2a: Alcremie|Draining Kiss|p1a: Braviary
|-damage|p1a: Braviary|68/100
|-heal|p2a: Alcremie|94/100|[from] drain|[of] p1a: Braviary
|
|-heal|p2a: Alcremie|99/100|[from] item: Leftovers
|upkeep
|turn|24
|
|t:|1779942025
|move|p1a: Braviary|Bulk Up|p1a: Braviary
|-boost|p1a: Braviary|atk|1
|-boost|p1a: Braviary|def|1
|move|p2a: Alcremie|Stored Power|p1a: Braviary
|-damage|p1a: Braviary|0 fnt
|faint|p1a: Braviary
|
|-heal|p2a: Alcremie|100/100|[from] item: Leftovers
|upkeep
|-message|ikthoizzykil forfeited.
|
|win|rowlet13tb
|raw|ikthoizzykil's rating: 1379 &rarr; <strong>1358</strong><br />(-21 for losing)
|raw|rowlet13tb's rating: 1356 &rarr; <strong>1377</strong><br />(+21 for winning)
|l|☆ikthoizzykil
|player|p1|
|l|☆rowlet13tb
|player|p2|
