|j|☆Mortifi
|j|☆six10lol
|t:|1779812866
|gametype|singles
|player|p1|Mortifi|pokemaniac|1591
|player|p2|six10lol|102|1549
|gen|9
|tier|[Gen 9] OU
|rated|
|rule|HP Percentage Mod: HP is shown in percentages
|rule|Endless Battle Clause: Forcing endless battles is banned
|rule|Species Clause: Limit one of each Pokémon
|rule|OHKO Clause: OHKO moves are banned
|rule|Evasion Items Clause: Evasion items are banned
|rule|Evasion Moves Clause: Evasion moves are banned
|rule|Evasion Abilities Clause: Evasion abilities are banned
|rule|Sleep Moves Clause: Sleep-inducing moves are banned
|clearpoke
|poke|p1|Zapdos-Galar|
|poke|p1|Slowking-Galar, F|
|poke|p1|Alomomola, M|
|poke|p1|Great Tusk|
|poke|p1|Weavile, F|
|poke|p1|Skarmory, M|
|poke|p2|Hatterene, F|
|poke|p2|Zamazenta-*|
|poke|p2|Diancie|
|poke|p2|Cresselia, F|
|poke|p2|Volcanion|
|poke|p2|Ursaluna, M|
|teampreview
|inactive|Battle timer is ON: inactive players will automatically lose when time's up. (requested by six10lol)
|
|t:|1779812887
|teamsize|p1|6
|teamsize|p2|6
|start
|switch|p1a: Slowking|Slowking-Galar, F|100/100
|switch|p2a: Edmunds|Diancie|100/100
|turn|1
|
|t:|1779812897
|move|p2a: Edmunds|Meteor Beam||[still]
|-prepare|p2a: Edmunds|Meteor Beam
|-boost|p2a: Edmunds|spa|1
|-enditem|p2a: Edmunds|Power Herb
|-anim|p2a: Edmunds|Meteor Beam|p1a: Slowking|[miss]
|-miss|p2a: Edmunds|p1a: Slowking
|move|p1a: Slowking|Sludge Bomb|p2a: Edmunds
|-damage|p2a: Edmunds|76/100
|
|upkeep
|turn|2
|
|t:|1779812907
|move|p2a: Edmunds|Earth Power|p1a: Slowking
|-supereffective|p1a: Slowking
|-damage|p1a: Slowking|54/100
|move|p1a: Slowking|Sludge Bomb|p2a: Edmunds
|-damage|p2a: Edmunds|50/100
|-status|p2a: Edmunds|psn
|
|-damage|p2a: Edmunds|37/100 psn|[from] psn
|upkeep
|turn|3
|
|t:|1779812917
|move|p1a: Slowking|Sludge Bomb|p2a: Edmunds
|-damage|p2a: Edmunds|11/100 psn
|move|p2a: Edmunds|Trick Room|p2a: Edmunds
|-fieldstart|move: Trick Room|[of] p2a: Edmunds
|
|-damage|p2a: Edmunds|0 fnt|[from] psn
|faint|p2a: Edmunds
|upkeep
|
|t:|1779812922
|switch|p2a: Mann|Ursaluna, M|100/100
|turn|4
|
|t:|1779812935
|-prepare|p1a: Slowking|Chilly Reception|[premajor]
|move|p1a: Slowking|Chilly Reception|p1a: Slowking
|-weather|Snowscape
|
|t:|1779812938
|switch|p1a: Skarmory|Skarmory, M|100/100|[from] Chilly Reception
|move|p2a: Mann|Supercell Slam|p1a: Skarmory
|-supereffective|p1a: Skarmory
|-damage|p1a: Skarmory|57/100
|-damage|p2a: Mann|84/100|[from] item: Rocky Helmet|[of] p1a: Skarmory
|
|-weather|Snowscape|[upkeep]
|-status|p2a: Mann|brn|[from] item: Flame Orb
|upkeep
|turn|5
|
|t:|1779812952
|switch|p1a: Great Tusk|Great Tusk|100/100
|move|p2a: Mann|Facade|p1a: Great Tusk
|-damage|p1a: Great Tusk|10/100
|
|-weather|Snowscape|[upkeep]
|-damage|p2a: Mann|78/100 brn|[from] brn
|upkeep
|turn|6
|
|t:|1779812967
|-end|p1a: Great Tusk|Protosynthesis|[silent]
|switch|p1a: Alomomola|Alomomola, M|100/100
|move|p2a: Mann|Facade|p1a: Alomomola
|-damage|p1a: Alomomola|19/100
|
|-weather|Snowscape|[upkeep]
|-damage|p2a: Mann|72/100 brn|[from] brn
|upkeep
|turn|7
|
|t:|1779812974
|switch|p1a: Skarmory|Skarmory, M|57/100
|move|p2a: Mann|Facade|p1a: Skarmory
|-resisted|p1a: Skarmory
|-damage|p1a: Skarmory|22/100
|-damage|p2a: Mann|55/100 brn|[from] item: Rocky Helmet|[of] p1a: Skarmory
|
|-weather|Snowscape|[upkeep]
|-damage|p2a: Mann|49/100 brn|[from] brn
|-fieldend|move: Trick Room
|upkeep
|turn|8
|
|t:|1779812984
|move|p1a: Skarmory|Roost|p1a: Skarmory
|-heal|p1a: Skarmory|72/100
|-singleturn|p1a: Skarmory|move: Roost
|move|p2a: Mann|Headlong Rush|p1a: Skarmory
|-supereffective|p1a: Skarmory
|-damage|p1a: Skarmory|0 fnt
|-unboost|p2a: Mann|def|1
|-unboost|p2a: Mann|spd|1
|-damage|p2a: Mann|32/100 brn|[from] item: Rocky Helmet|[of] p1a: Skarmory
|faint|p1a: Skarmory
|
|-weather|none
|-damage|p2a: Mann|26/100 brn|[from] brn
|upkeep
|
|t:|1779812996
|switch|p1a: Zapdos|Zapdos-Galar|100/100
|turn|9
|
|t:|1779813003
|switch|p2a: Miller|Cresselia, F, shiny|100/100
|move|p1a: Zapdos|Thunderous Kick|p2a: Miller
|-resisted|p2a: Miller
|-damage|p2a: Miller|89/100
|-unboost|p2a: Miller|def|1
|
|upkeep
|turn|10
|
|t:|1779813012
|move|p1a: Zapdos|Knock Off|p2a: Miller
|-supereffective|p2a: Miller
|-damage|p2a: Miller|35/100
|-enditem|p2a: Miller|Light Clay|[from] move: Knock Off|[of] p1a: Zapdos
|move|p2a: Miller|Reflect|p2a: Miller
|-sidestart|p2: six10lol|Reflect
|
|upkeep
|turn|11
|
|t:|1779813024
|move|p1a: Zapdos|Thunderous Kick|p2a: Miller
|-resisted|p2a: Miller
|-damage|p2a: Miller|26/100
|-unboost|p2a: Miller|def|1
|move|p2a: Miller|Trick Room|p2a: Miller
|-fieldstart|move: Trick Room|[of] p2a: Miller
|
|upkeep
|turn|12
|
|t:|1779813036
|move|p2a: Miller|Lunar Dance|p2a: Miller
|faint|p2a: Miller
|move|p1a: Zapdos|U-turn|p2: Miller|[notarget]
|-fail|p1a: Zapdos
|
|upkeep
|j| wyjmjl
|
|t:|1779813047
|switch|p2a: Mann|Ursaluna, M|26/100 brn
|-heal|p2a: Mann|100/100|[from] move: Lunar Dance
|turn|13
|
|t:|1779813053
|switch|p1a: Great Tusk|Great Tusk|10/100
|move|p2a: Mann|Protect||[still]
|-fail|p2a: Mann
|
|-status|p2a: Mann|brn|[from] item: Flame Orb
|upkeep
|turn|14
|
|t:|1779813062
|move|p2a: Mann|Facade|p1a: Great Tusk
|-damage|p1a: Great Tusk|0 fnt
|faint|p1a: Great Tusk
|-end|p1a: Great Tusk|Protosynthesis|[silent]
|
|-damage|p2a: Mann|94/100 brn|[from] brn
|-sideend|p2: six10lol|Reflect
|upkeep
|
|t:|1779813068
|switch|p1a: Alomomola|Alomomola, M|52/100
|turn|15
|
|t:|1779813075
|move|p1a: Alomomola|Protect|p1a: Alomomola
|-singleturn|p1a: Alomomola|Protect
|move|p2a: Mann|Facade|p1a: Alomomola
|-activate|p1a: Alomomola|move: Protect
|
|-damage|p2a: Mann|88/100 brn|[from] brn
|-fieldend|move: Trick Room
|upkeep
|turn|16
|
|t:|1779813083
|move|p1a: Alomomola|Flip Turn|p2a: Mann
|-supereffective|p2a: Mann
|-crit|p2a: Mann
|-damage|p2a: Mann|51/100 brn
|
|t:|1779813088
|switch|p1a: Weavile|Weavile, F|100/100|[from] Flip Turn
|-ability|p1a: Weavile|Pressure
|move|p2a: Mann|Facade|p1a: Weavile
|-damage|p1a: Weavile|0 fnt
|faint|p1a: Weavile
|
|-damage|p2a: Mann|45/100 brn|[from] brn
|upkeep
|
|t:|1779813097
|switch|p1a: Zapdos|Zapdos-Galar|100/100
|turn|17
|l|☆six10lol
|inactive|six10lol disconnected and has a minute to reconnect!
|player|p2|
|j|☆six10lol
|inactive|six10lol reconnected and has 140 seconds left.
|player|p2|six10lol|102|
|
|t:|1779813109
|switch|p2a: Saturn|Volcanion|100/100
|move|p1a: Zapdos|Thunderous Kick|p2a: Saturn
|-damage|p2a: Saturn|62/100
|-unboost|p2a: Saturn|def|1
|
|upkeep
|turn|18
|
|t:|1779813132
|move|p1a: Zapdos|Brave Bird|p2a: Saturn
|-damage|p2a: Saturn|0 fnt
|faint|p2a: Saturn
|-damage|p1a: Zapdos|77/100|[from] Recoil
|
|upkeep
|
|t:|1779813142
|switch|p2a: Brand|Hatterene, F, shiny|100/100
|turn|19
|
|t:|1779813151
|switch|p2a: Mann|Ursaluna, M|45/100 brn
|-terastallize|p1a: Zapdos|Flying
|move|p1a: Zapdos|Brave Bird|p2a: Mann
|-damage|p2a: Mann|0 fnt
|faint|p2a: Mann
|-damage|p1a: Zapdos|56/100|[from] Recoil
|
|upkeep
|
|t:|1779813156
|switch|p2a: Shield|Zamazenta, shiny|100/100
|-ability|p2a: Shield|Dauntless Shield|boost
|-boost|p2a: Shield|def|1
|turn|20
|
|t:|1779813164
|switch|p1a: Alomomola|Alomomola, M|85/100
|move|p2a: Shield|Ice Fang|p1a: Alomomola|[miss]
|-miss|p2a: Shield|p1a: Alomomola
|
|upkeep
|turn|21
|
|t:|1779813173
|move|p2a: Shield|Close Combat|p1a: Alomomola
|-damage|p1a: Alomomola|42/100
|-unboost|p2a: Shield|def|1
|-unboost|p2a: Shield|spd|1
|-damage|p2a: Shield|91/100|[from] item: Life Orb
|move|p1a: Alomomola|Acrobatics|p2a: Shield
|-supereffective|p2a: Shield
|-damage|p2a: Shield|56/100
|
|upkeep
|turn|22
|
|t:|1779813183
|switch|p1a: Slowking|Slowking-Galar, F|88/100
|move|p2a: Shield|Close Combat|p1a: Slowking
|-resisted|p1a: Slowking
|-damage|p1a: Slowking|66/100
|-unboost|p2a: Shield|def|1
|-unboost|p2a: Shield|spd|1
|-damage|p2a: Shield|46/100|[from] item: Life Orb
|
|upkeep
|turn|23
|
|t:|1779813192
|switch|p2a: Brand|Hatterene, F, shiny|100/100
|switch|p1a: Alomomola|Alomomola, M|75/100
|
|upkeep
|turn|24
|
|t:|1779813198
|switch|p1a: Slowking|Slowking-Galar, F|99/100
|move|p2a: Brand|Psychic Noise|p1a: Slowking
|-damage|p1a: Slowking|75/100
|-start|p1a: Slowking|move: Heal Block
|
|upkeep
|turn|25
|
|t:|1779813213
|move|p1a: Slowking|Sludge Bomb|p2a: Brand
|-supereffective|p2a: Brand
|-damage|p2a: Brand|29/100
|-status|p2a: Brand|psn
|move|p2a: Brand|Healing Wish|p2a: Brand
|faint|p2a: Brand
|
|-end|p1a: Slowking|move: Heal Block
|upkeep
|
|t:|1779813215
|switch|p2a: Shield|Zamazenta, shiny|46/100
|-heal|p2a: Shield|100/100|[from] move: Healing Wish
|turn|26
|
|t:|1779813224
|switch|p1a: Alomomola|Alomomola, M|100/100
|-terastallize|p2a: Shield|Steel
|move|p2a: Shield|Crunch|p1a: Alomomola
|-damage|p1a: Alomomola|80/100
|-damage|p2a: Shield|91/100|[from] item: Life Orb
|
|upkeep
|turn|27
|l| wyjmjl
|
|t:|1779813233
|move|p2a: Shield|Close Combat|p1a: Alomomola
|-damage|p1a: Alomomola|32/100
|-unboost|p2a: Shield|def|1
|-unboost|p2a: Shield|spd|1
|-damage|p2a: Shield|81/100|[from] item: Life Orb
|move|p1a: Alomomola|Wish|p1a: Alomomola
|
|upkeep
|turn|28
|
|t:|1779813244
|move|p1a: Alomomola|Protect|p1a: Alomomola
|-singleturn|p1a: Alomomola|Protect
|move|p2a: Shield|Crunch|p1a: Alomomola
|-activate|p1a: Alomomola|move: Protect
|
|-heal|p1a: Alomomola|82/100|[from] move: Wish|[wisher] Alomomola
|upkeep
|turn|29
|
|t:|1779813251
|move|p2a: Shield|Close Combat|p1a: Alomomola
|-crit|p1a: Alomomola
|-damage|p1a: Alomomola|13/100
|-unboost|p2a: Shield|def|1
|-unboost|p2a: Shield|spd|1
|-damage|p2a: Shield|71/100|[from] item: Life Orb
|move|p1a: Alomomola|Wish|p1a: Alomomola
|
|upkeep
|turn|30
|
|t:|1779813258
|move|p1a: Alomomola|Protect|p1a: Alomomola
|-singleturn|p1a: Alomomola|Protect
|move|p2a: Shield|Crunch|p1a: Alomomola
|-activate|p1a: Alomomola|move: Protect
|
|-heal|p1a: Alomomola|63/100|[from] move: Wish|[wisher] Alomomola
|upkeep
|turn|31
|
|t:|1779813266
|move|p2a: Shield|Crunch|p1a: Alomomola
|-damage|p1a: Alomomola|41/100
|-damage|p2a: Shield|61/100|[from] item: Life Orb
|move|p1a: Alomomola|Wish|p1a: Alomomola
|
|upkeep
|turn|32
|-message|six10lol forfeited.
|
|win|Mortifi
|raw|Mortifi's rating: 1591 &rarr; <strong>1609</strong><br />(+18 for winning)
|raw|six10lol's rating: 1549 &rarr; <strong>1531</strong><br />(-18 for losing)
|l|☆six10lol
|player|p2|
|l|☆Mortifi
|player|p1|
