|j|☆MBlas2002
|j|☆iosoyio
|t:|1779866705
|gametype|singles
|player|p1|MBlas2002|volkner|1335
|player|p2|iosoyio|102|1319
|gen|9
|tier|[Gen 9] OU
|rated|
|rule|HP Percentage Mod: HP is shown in percentages
|rule|Endless Battle Clause: Forcing endless battles is banned
|rule|Species Clause: Limit one of each Pokémon
|rule|OHKO Clause: OHKO moves are banned
|rule|Evasion Items Clause: Evasion items are banned
|rule|Evasion Moves Clause: Evasion moves are banned
|rule|Evasion Abilities Clause: Evasion abilities are banned
|rule|Sleep Moves Clause: Sleep-inducing moves are banned
|clearpoke
|poke|p1|Tornadus-Therian, M|
|poke|p1|Landorus-Therian, M|
|poke|p1|Chandelure, F|
|poke|p1|Scizor, M|
|poke|p1|Sylveon, F|
|poke|p1|Toxapex, F|
|poke|p2|Torkoal, F|
|poke|p2|Skeledirge, M|
|poke|p2|Walking Wake|
|poke|p2|Lilligant-Hisui, F|
|poke|p2|Grafaiai, M|
|poke|p2|Sandy Shocks|
|teampreview
|inactive|Battle timer is ON: inactive players will automatically lose when time's up. (requested by MBlas2002)
|
|t:|1779866724
|teamsize|p1|6
|teamsize|p2|6
|start
|switch|p1a: Irene|Chandelure, F, shiny|100/100
|switch|p2a: Grafaiai|Grafaiai, M|100/100
|turn|1
|
|t:|1779866732
|switch|p1a: Almogávar|Scizor, M|100/100
|move|p2a: Grafaiai|Knock Off|p1a: Almogávar
|-crit|p1a: Almogávar
|-damage|p1a: Almogávar|68/100
|-damage|p2a: Grafaiai|84/100|[from] item: Rocky Helmet|[of] p1a: Almogávar
|-enditem|p1a: Almogávar|Rocky Helmet|[from] move: Knock Off|[of] p2a: Grafaiai
|
|-heal|p2a: Grafaiai|90/100|[from] item: Black Sludge
|upkeep
|turn|2
|
|t:|1779866738
|move|p2a: Grafaiai|Taunt|p1a: Almogávar
|-start|p1a: Almogávar|move: Taunt
|move|p1a: Almogávar|Knock Off|p2a: Grafaiai
|-damage|p2a: Grafaiai|37/100
|-enditem|p2a: Grafaiai|Black Sludge|[from] move: Knock Off|[of] p1a: Almogávar
|
|upkeep
|turn|3
|
|t:|1779866743
|switch|p2a: Torkoal|Torkoal, F|100/100
|-weather|SunnyDay|[from] ability: Drought|[of] p2a: Torkoal
|move|p1a: Almogávar|Bullet Punch|p2a: Torkoal
|-resisted|p2a: Torkoal
|-damage|p2a: Torkoal|88/100
|
|-weather|SunnyDay|[upkeep]
|upkeep
|turn|4
|
|t:|1779866749
|move|p1a: Almogávar|U-turn|p2a: Torkoal
|-resisted|p2a: Torkoal
|-damage|p2a: Torkoal|74/100
|
|t:|1779866754
|switch|p1a: Irene|Chandelure, F, shiny|100/100|[from] U-turn
|move|p2a: Torkoal|Stealth Rock|p1a: Irene
|-sidestart|p1: MBlas2002|move: Stealth Rock
|
|-weather|SunnyDay|[upkeep]
|upkeep
|turn|5
|
|t:|1779866760
|switch|p2a: Walking Wake|Walking Wake|100/100
|-activate|p2a: Walking Wake|ability: Protosynthesis
|-start|p2a: Walking Wake|protosynthesisspe
|move|p1a: Irene|Flamethrower|p2a: Walking Wake
|-resisted|p2a: Walking Wake
|-damage|p2a: Walking Wake|66/100
|
|-weather|SunnyDay|[upkeep]
|upkeep
|turn|6
|
|t:|1779866766
|switch|p1a: Toxica|Toxapex, F, shiny|100/100
|-damage|p1a: Toxica|88/100|[from] Stealth Rock
|move|p2a: Walking Wake|Draco Meteor|p1a: Toxica
|-damage|p1a: Toxica|11/100
|-unboost|p2a: Walking Wake|spa|2
|
|-weather|SunnyDay|[upkeep]
|-heal|p1a: Toxica|17/100|[from] item: Black Sludge
|upkeep
|turn|7
|
|t:|1779866774
|switch|p1a: The G.O.A.T.|Sylveon, F, shiny|100/100
|-damage|p1a: The G.O.A.T.|88/100|[from] Stealth Rock
|move|p2a: Walking Wake|Draco Meteor|p1a: The G.O.A.T.
|-immune|p1a: The G.O.A.T.
|
|-weather|SunnyDay|[upkeep]
|-heal|p1a: The G.O.A.T.|94/100|[from] item: Leftovers
|upkeep
|turn|8
|
|t:|1779866778
|-end|p2a: Walking Wake|Protosynthesis|[silent]
|switch|p2a: Grafaiai|Grafaiai, M|37/100
|move|p1a: The G.O.A.T.|Wish|p1a: The G.O.A.T.
|
|-weather|SunnyDay|[upkeep]
|-heal|p1a: The G.O.A.T.|99/100|[from] item: Leftovers
|upkeep
|turn|9
|
|t:|1779866787
|switch|p1a: Almogávar|Scizor, M|68/100
|-damage|p1a: Almogávar|55/100|[from] Stealth Rock
|move|p2a: Grafaiai|Taunt|p1a: Almogávar
|-start|p1a: Almogávar|move: Taunt
|
|-weather|SunnyDay|[upkeep]
|-heal|p1a: Almogávar|100/100|[from] move: Wish|[wisher] The G.O.A.T.
|upkeep
|turn|10
|
|t:|1779866796
|switch|p2a: Skeledirge|Skeledirge, M|100/100
|move|p1a: Almogávar|Knock Off|p2a: Skeledirge
|-supereffective|p2a: Skeledirge
|-damage|p2a: Skeledirge|35/100
|-enditem|p2a: Skeledirge|Heavy-Duty Boots|[from] move: Knock Off|[of] p1a: Almogávar
|
|-weather|none
|upkeep
|turn|11
|
|t:|1779866809
|switch|p1a: Cierzo|Tornadus-Therian, M|100/100
|-damage|p1a: Cierzo|75/100|[from] Stealth Rock
|move|p2a: Skeledirge|Slack Off|p2a: Skeledirge
|-heal|p2a: Skeledirge|85/100
|
|upkeep
|turn|12
|
|t:|1779866818
|move|p1a: Cierzo|Bleakwind Storm|p2a: Skeledirge
|-damage|p2a: Skeledirge|33/100
|-unboost|p2a: Skeledirge|spe|1
|move|p2a: Skeledirge|Torch Song|p1a: Cierzo
|-damage|p1a: Cierzo|27/100
|-boost|p2a: Skeledirge|spa|1
|-enditem|p1a: Cierzo|Eject Button
|
|t:|1779866834
|switch|p1a: Chocolate|Landorus-Therian, M|100/100
|-ability|p1a: Chocolate|Intimidate|boost
|-unboost|p2a: Skeledirge|atk|1
|
|upkeep
|turn|13
|
|t:|1779866849
|move|p1a: Chocolate|Earthquake|p2a: Skeledirge
|-supereffective|p2a: Skeledirge
|-damage|p2a: Skeledirge|0 fnt
|faint|p2a: Skeledirge
|
|upkeep
|
|t:|1779866853
|switch|p2a: Lilligant|Lilligant-Hisui, F, shiny|100/100
|turn|14
|
|t:|1779866860
|switch|p1a: Almogávar|Scizor, M|100/100
|-damage|p1a: Almogávar|88/100|[from] Stealth Rock
|move|p2a: Lilligant|Victory Dance|p2a: Lilligant
|-boost|p2a: Lilligant|atk|1
|-boost|p2a: Lilligant|def|1
|-boost|p2a: Lilligant|spe|1
|
|upkeep
|turn|15
|
|t:|1779866872
|move|p2a: Lilligant|Close Combat|p1a: Almogávar
|-damage|p1a: Almogávar|0 fnt
|-unboost|p2a: Lilligant|def|1
|-unboost|p2a: Lilligant|spd|1
|faint|p1a: Almogávar
|-damage|p2a: Lilligant|91/100|[from] item: Life Orb
|
|upkeep
|
|t:|1779866881
|switch|p1a: Toxica|Toxapex, F, shiny|50/100
|-damage|p1a: Toxica|38/100|[from] Stealth Rock
|turn|16
|
|t:|1779866887
|switch|p2a: Torkoal|Torkoal, F|74/100
|-weather|SunnyDay|[from] ability: Drought|[of] p2a: Torkoal
|move|p1a: Toxica|Haze|p1a: Toxica
|-clearallboost
|
|-weather|SunnyDay|[upkeep]
|-heal|p1a: Toxica|44/100|[from] item: Black Sludge
|upkeep
|turn|17
|
|t:|1779866904
|switch|p2a: Sandy Shocks|Sandy Shocks|100/100
|-activate|p2a: Sandy Shocks|ability: Protosynthesis
|-start|p2a: Sandy Shocks|protosynthesisspe
|move|p1a: Toxica|Toxic|p2a: Sandy Shocks
|-status|p2a: Sandy Shocks|tox
|
|-weather|SunnyDay|[upkeep]
|-heal|p1a: Toxica|50/100|[from] item: Black Sludge
|-damage|p2a: Sandy Shocks|94/100 tox|[from] psn
|upkeep
|turn|18
|
|t:|1779866913
|switch|p1a: Chocolate|Landorus-Therian, M|100/100
|-ability|p1a: Chocolate|Intimidate|boost
|-unboost|p2a: Sandy Shocks|atk|1
|move|p2a: Sandy Shocks|Volt Switch|p1a: Chocolate
|-immune|p1a: Chocolate
|
|-weather|SunnyDay|[upkeep]
|-damage|p2a: Sandy Shocks|82/100 tox|[from] psn
|upkeep
|turn|19
|
|t:|1779866920
|-end|p2a: Sandy Shocks|Protosynthesis|[silent]
|switch|p2a: Lilligant|Lilligant-Hisui, F, shiny|91/100
|move|p1a: Chocolate|Earthquake|p2a: Lilligant
|-resisted|p2a: Lilligant
|-damage|p2a: Lilligant|46/100
|
|-weather|SunnyDay|[upkeep]
|upkeep
|turn|20
|
|t:|1779866927
|move|p2a: Lilligant|Ice Spinner|p1a: Chocolate
|-supereffective|p1a: Chocolate
|-damage|p1a: Chocolate|0 fnt
|faint|p1a: Chocolate
|-damage|p2a: Lilligant|36/100|[from] item: Life Orb
|
|-weather|SunnyDay|[upkeep]
|upkeep
|
|t:|1779866943
|switch|p1a: Toxica|Toxapex, F, shiny|84/100
|-damage|p1a: Toxica|71/100|[from] Stealth Rock
|turn|21
|
|t:|1779866947
|move|p2a: Lilligant|Solar Blade||[still]
|-prepare|p2a: Lilligant|Solar Blade
|-anim|p2a: Lilligant|Solar Blade|p1a: Toxica
|-damage|p1a: Toxica|24/100
|-damage|p2a: Lilligant|26/100|[from] item: Life Orb
|move|p1a: Toxica|Toxic|p2a: Lilligant
|-status|p2a: Lilligant|tox
|
|-weather|SunnyDay|[upkeep]
|-heal|p1a: Toxica|30/100|[from] item: Black Sludge
|-damage|p2a: Lilligant|20/100 tox|[from] psn
|upkeep
|turn|22
|
|t:|1779866968
|move|p2a: Lilligant|Solar Blade||[still]
|-prepare|p2a: Lilligant|Solar Blade
|-anim|p2a: Lilligant|Solar Blade|p1a: Toxica
|-damage|p1a: Toxica|0 fnt
|faint|p1a: Toxica
|-damage|p2a: Lilligant|10/100 tox|[from] item: Life Orb
|
|-weather|SunnyDay|[upkeep]
|-damage|p2a: Lilligant|0 fnt|[from] psn
|faint|p2a: Lilligant
|upkeep
|inactive|MBlas2002 has 120 seconds left.
|
|t:|1779866987
|switch|p2a: Grafaiai|Grafaiai, M|37/100
|switch|p1a: The G.O.A.T.|Sylveon, F, shiny|99/100
|-damage|p1a: The G.O.A.T.|88/100|[from] Stealth Rock
|turn|23
|
|t:|1779866991
|move|p2a: Grafaiai|Gunk Shot|p1a: The G.O.A.T.|[miss]
|-miss|p2a: Grafaiai|p1a: The G.O.A.T.
|move|p1a: The G.O.A.T.|Psyshock|p2a: Grafaiai
|-supereffective|p2a: Grafaiai
|-damage|p2a: Grafaiai|0 fnt
|faint|p2a: Grafaiai
|
|-weather|none
|-heal|p1a: The G.O.A.T.|94/100|[from] item: Leftovers
|upkeep
|
|t:|1779867001
|switch|p2a: Sandy Shocks|Sandy Shocks|82/100 tox
|turn|24
|
|t:|1779867007
|move|p2a: Sandy Shocks|Flash Cannon|p1a: The G.O.A.T.
|-supereffective|p1a: The G.O.A.T.
|-damage|p1a: The G.O.A.T.|61/100
|-damage|p2a: Sandy Shocks|72/100 tox|[from] item: Life Orb
|move|p1a: The G.O.A.T.|Hyper Voice|p2a: Sandy Shocks
|-damage|p2a: Sandy Shocks|25/100 tox
|
|-heal|p1a: The G.O.A.T.|67/100|[from] item: Leftovers
|-damage|p2a: Sandy Shocks|18/100 tox|[from] psn
|upkeep
|turn|25
|
|t:|1779867016
|move|p2a: Sandy Shocks|Volt Switch|p1a: The G.O.A.T.
|-damage|p1a: The G.O.A.T.|43/100
|-damage|p2a: Sandy Shocks|9/100 tox|[from] item: Life Orb
|
|t:|1779867020
|-end|p2a: Sandy Shocks|Protosynthesis|[silent]
|switch|p2a: Torkoal|Torkoal, F|74/100|[from] Volt Switch
|-weather|SunnyDay|[from] ability: Drought|[of] p2a: Torkoal
|move|p1a: The G.O.A.T.|Hyper Voice|p2a: Torkoal
|-resisted|p2a: Torkoal
|-damage|p2a: Torkoal|49/100
|
|-weather|SunnyDay|[upkeep]
|-heal|p1a: The G.O.A.T.|49/100|[from] item: Leftovers
|upkeep
|turn|26
|
|t:|1779867025
|move|p1a: The G.O.A.T.|Wish|p1a: The G.O.A.T.
|move|p2a: Torkoal|Weather Ball|p1a: The G.O.A.T.
|-damage|p1a: The G.O.A.T.|21/100
|
|-weather|SunnyDay|[upkeep]
|-heal|p1a: The G.O.A.T.|27/100|[from] item: Leftovers
|upkeep
|turn|27
|
|t:|1779867030
|move|p1a: The G.O.A.T.|Protect|p1a: The G.O.A.T.
|-singleturn|p1a: The G.O.A.T.|Protect
|move|p2a: Torkoal|Protect||[still]
|-fail|p2a: Torkoal
|
|-weather|SunnyDay|[upkeep]
|-heal|p1a: The G.O.A.T.|77/100|[from] move: Wish|[wisher] The G.O.A.T.
|-heal|p1a: The G.O.A.T.|83/100|[from] item: Leftovers
|upkeep
|turn|28
|
|t:|1779867035
|move|p1a: The G.O.A.T.|Wish|p1a: The G.O.A.T.
|move|p2a: Torkoal|Weather Ball|p1a: The G.O.A.T.
|-damage|p1a: The G.O.A.T.|55/100
|
|-weather|SunnyDay|[upkeep]
|-heal|p1a: The G.O.A.T.|61/100|[from] item: Leftovers
|upkeep
|turn|29
|
|t:|1779867039
|switch|p2a: Sandy Shocks|Sandy Shocks|9/100 tox
|-activate|p2a: Sandy Shocks|ability: Protosynthesis
|-start|p2a: Sandy Shocks|protosynthesisspe
|move|p1a: The G.O.A.T.|Hyper Voice|p2a: Sandy Shocks
|-damage|p2a: Sandy Shocks|0 fnt
|faint|p2a: Sandy Shocks
|-end|p2a: Sandy Shocks|Protosynthesis|[silent]
|
|-weather|SunnyDay|[upkeep]
|-heal|p1a: The G.O.A.T.|100/100|[from] move: Wish|[wisher] The G.O.A.T.
|upkeep
|
|t:|1779867041
|switch|p2a: Walking Wake|Walking Wake|66/100
|-activate|p2a: Walking Wake|ability: Protosynthesis
|-start|p2a: Walking Wake|protosynthesisspe
|turn|30
|
|t:|1779867045
|-terastallize|p2a: Walking Wake|Fairy
|move|p2a: Walking Wake|Hydro Steam|p1a: The G.O.A.T.
|-damage|p1a: The G.O.A.T.|56/100
|move|p1a: The G.O.A.T.|Hyper Voice|p2a: Walking Wake
|-damage|p2a: Walking Wake|22/100
|
|-weather|SunnyDay|[upkeep]
|-heal|p1a: The G.O.A.T.|62/100|[from] item: Leftovers
|upkeep
|turn|31
|
|t:|1779867056
|move|p2a: Walking Wake|Hydro Steam|p1a: The G.O.A.T.
|-damage|p1a: The G.O.A.T.|14/100
|move|p1a: The G.O.A.T.|Hyper Voice|p2a: Walking Wake
|-damage|p2a: Walking Wake|0 fnt
|faint|p2a: Walking Wake
|-end|p2a: Walking Wake|Protosynthesis|[silent]
|
|-weather|SunnyDay|[upkeep]
|-heal|p1a: The G.O.A.T.|20/100|[from] item: Leftovers
|upkeep
|
|t:|1779867059
|switch|p2a: Torkoal|Torkoal, F|49/100
|turn|32
|
|t:|1779867064
|move|p1a: The G.O.A.T.|Hyper Voice|p2a: Torkoal
|-resisted|p2a: Torkoal
|-damage|p2a: Torkoal|25/100
|move|p2a: Torkoal|Weather Ball|p1a: The G.O.A.T.
|-damage|p1a: The G.O.A.T.|0 fnt
|faint|p1a: The G.O.A.T.
|
|-weather|none
|upkeep
|
|t:|1779867067
|switch|p1a: Irene|Chandelure, F, shiny|100/100
|-damage|p1a: Irene|76/100|[from] Stealth Rock
|turn|33
|
|t:|1779867071
|move|p1a: Irene|Shadow Ball|p2a: Torkoal
|-damage|p2a: Torkoal|0 fnt
|faint|p2a: Torkoal
|
|win|MBlas2002
|raw|MBlas2002's rating: 1335 &rarr; <strong>1354</strong><br />(+19 for winning)
|raw|iosoyio's rating: 1319 &rarr; <strong>1300</strong><br />(-19 for losing)
|l|☆iosoyio
|player|p2|
|c|☆MBlas2002|GG
