|j|☆erjtsers
|j|☆ace46534653
|t:|1779897545
|gametype|singles
|player|p1|erjtsers|pokemonbreeder|1637
|player|p2|ace46534653|cynthia-gen4|1550
|gen|9
|tier|[Gen 9] OU
|rated|
|rule|HP Percentage Mod: HP is shown in percentages
|rule|Endless Battle Clause: Forcing endless battles is banned
|rule|Species Clause: Limit one of each Pokémon
|rule|OHKO Clause: OHKO moves are banned
|rule|Evasion Items Clause: Evasion items are banned
|rule|Evasion Moves Clause: Evasion moves are banned
|rule|Evasion Abilities Clause: Evasion abilities are banned
|rule|Sleep Moves Clause: Sleep-inducing moves are banned
|clearpoke
|poke|p1|Cinderace, M|
|poke|p1|Alomomola, M|
|poke|p1|Great Tusk|
|poke|p1|Iron Valiant|
|poke|p1|Pecharunt|
|poke|p1|Ogerpon-Cornerstone, F|
|poke|p2|Slowking-Galar, M|
|poke|p2|Great Tusk|
|poke|p2|Arcanine-Hisui, M|
|poke|p2|Corviknight, F|
|poke|p2|Dragapult, F|
|poke|p2|Kingambit, F|
|teampreview
|
|t:|1779897552
|teamsize|p1|6
|teamsize|p2|6
|start
|switch|p1a: Alomomola|Alomomola, M, shiny|100/100
|switch|p2a: Dragapult|Dragapult, F|100/100
|turn|1
|
|t:|1779897560
|move|p2a: Dragapult|U-turn|p1a: Alomomola
|-damage|p1a: Alomomola|87/100
|
|t:|1779897562
|switch|p2a: Corviknight|Corviknight, F|100/100|[from] U-turn
|-ability|p2a: Corviknight|Pressure
|move|p1a: Alomomola|Flip Turn|p2a: Corviknight
|-damage|p2a: Corviknight|90/100
|-damage|p1a: Alomomola|70/100|[from] item: Rocky Helmet|[of] p2a: Corviknight
|
|t:|1779897567
|switch|p1a: Cinderace|Cinderace, M|100/100|[from] Flip Turn
|
|upkeep
|turn|2
|
|t:|1779897574
|switch|p2a: Great Tusk|Great Tusk|100/100
|move|p1a: Cinderace|Pyro Ball|p2a: Great Tusk
|-damage|p2a: Great Tusk|43/100
|
|upkeep
|turn|3
|
|t:|1779897580
|-end|p2a: Great Tusk|Protosynthesis|[silent]
|switch|p2a: Arcanine|Arcanine-Hisui, M|100/100
|move|p1a: Cinderace|Pyro Ball|p2a: Arcanine
|-resisted|p2a: Arcanine
|-damage|p2a: Arcanine|75/100
|
|upkeep
|turn|4
|
|t:|1779897591
|switch|p1a: Alomomola|Alomomola, M, shiny|100/100
|switch|p2a: Great Tusk|Great Tusk|43/100
|
|upkeep
|turn|5
|
|t:|1779897594
|move|p2a: Great Tusk|Stealth Rock|p1a: Alomomola
|-sidestart|p1: erjtsers|move: Stealth Rock
|move|p1a: Alomomola|Flip Turn|p2a: Great Tusk
|-supereffective|p2a: Great Tusk
|-damage|p2a: Great Tusk|19/100
|
|t:|1779897598
|switch|p1a: Great Tusk|Great Tusk, shiny|100/100|[from] Flip Turn
|
|upkeep
|turn|6
|
|t:|1779897603
|-end|p2a: Great Tusk|Protosynthesis|[silent]
|switch|p2a: Dragapult|Dragapult, F|100/100
|move|p1a: Great Tusk|Headlong Rush|p2a: Dragapult
|-damage|p2a: Dragapult|8/100
|-unboost|p1a: Great Tusk|def|1
|-unboost|p1a: Great Tusk|spd|1
|
|upkeep
|turn|7
|
|t:|1779897609
|-end|p1a: Great Tusk|Protosynthesis|[silent]
|switch|p1a: Alomomola|Alomomola, M, shiny|100/100
|-damage|p1a: Alomomola|88/100|[from] Stealth Rock
|move|p2a: Dragapult|Draco Meteor|p1a: Alomomola
|-damage|p1a: Alomomola|46/100
|-unboost|p2a: Dragapult|spa|2
|
|upkeep
|turn|8
|
|t:|1779897617
|switch|p2a: Corviknight|Corviknight, F|90/100
|-ability|p2a: Corviknight|Pressure
|move|p1a: Alomomola|Flip Turn|p2a: Corviknight
|-damage|p2a: Corviknight|80/100
|-damage|p1a: Alomomola|30/100|[from] item: Rocky Helmet|[of] p2a: Corviknight
|j| Lowladderubersnoob
|
|t:|1779897626
|switch|p1a: Cinderace|Cinderace, M|100/100|[from] Flip Turn
|-damage|p1a: Cinderace|76/100|[from] Stealth Rock
|
|upkeep
|turn|9
|l| Lowladderubersnoob
|
|t:|1779897648
|move|p1a: Cinderace|Pyro Ball|p2a: Corviknight
|-supereffective|p2a: Corviknight
|-damage|p2a: Corviknight|0 fnt
|faint|p2a: Corviknight
|
|upkeep
|
|t:|1779897655
|switch|p2a: Arcanine|Arcanine-Hisui, M|75/100
|turn|10
|
|t:|1779897659
|switch|p1a: Pecharunt|Pecharunt|100/100
|-damage|p1a: Pecharunt|88/100|[from] Stealth Rock
|move|p2a: Arcanine|Head Smash|p1a: Pecharunt
|-damage|p1a: Pecharunt|35/100
|-damage|p2a: Arcanine|59/100|[from] item: Rocky Helmet|[of] p1a: Pecharunt
|
|upkeep
|turn|11
|
|t:|1779897676
|switch|p1a: Great Tusk|Great Tusk, shiny|100/100
|move|p2a: Arcanine|Head Smash|p1a: Great Tusk
|-resisted|p1a: Great Tusk
|-damage|p1a: Great Tusk|78/100
|
|upkeep
|turn|12
|
|t:|1779897700
|switch|p2a: Great Tusk|Great Tusk|19/100
|move|p1a: Great Tusk|Headlong Rush|p2a: Great Tusk
|-damage|p2a: Great Tusk|0 fnt
|-unboost|p1a: Great Tusk|def|1
|-unboost|p1a: Great Tusk|spd|1
|faint|p2a: Great Tusk
|-end|p2a: Great Tusk|Protosynthesis|[silent]
|
|upkeep
|
|t:|1779897704
|switch|p2a: Dragapult|Dragapult, F|8/100
|turn|13
|
|t:|1779897708
|-end|p1a: Great Tusk|Protosynthesis|[silent]
|switch|p1a: Alomomola|Alomomola, M, shiny|63/100
|-damage|p1a: Alomomola|51/100|[from] Stealth Rock
|move|p2a: Dragapult|Shadow Ball|p1a: Alomomola
|-damage|p1a: Alomomola|26/100
|
|upkeep
|turn|14
|
|t:|1779897710
|move|p1a: Alomomola|Aqua Jet|p2a: Dragapult
|-resisted|p2a: Dragapult
|-damage|p2a: Dragapult|1/100
|move|p2a: Dragapult|Shadow Ball|p1a: Alomomola
|-damage|p1a: Alomomola|1/100
|
|upkeep
|turn|15
|
|t:|1779897718
|switch|p2a: Kingambit|Kingambit, F|100/100
|-activate|p2a: Kingambit|ability: Supreme Overlord
|-start|p2a: Kingambit|fallen2|[silent]
|move|p1a: Alomomola|Aqua Jet|p2a: Kingambit
|-damage|p2a: Kingambit|92/100
|
|-heal|p2a: Kingambit|98/100|[from] item: Leftovers
|upkeep
|turn|16
|
|t:|1779897729
|switch|p1a: Pecharunt|Pecharunt|35/100
|-damage|p1a: Pecharunt|23/100|[from] Stealth Rock
|move|p2a: Kingambit|Swords Dance|p2a: Kingambit
|-boost|p2a: Kingambit|atk|2
|
|-heal|p2a: Kingambit|100/100|[from] item: Leftovers
|upkeep
|turn|17
|
|t:|1779897734
|-terastallize|p1a: Pecharunt|Dark
|move|p1a: Pecharunt|Recover|p1a: Pecharunt
|-heal|p1a: Pecharunt|73/100
|move|p2a: Kingambit|Kowtow Cleave|p1a: Pecharunt
|-resisted|p1a: Pecharunt
|-damage|p1a: Pecharunt|47/100
|-damage|p2a: Kingambit|84/100|[from] item: Rocky Helmet|[of] p1a: Pecharunt
|
|-heal|p2a: Kingambit|90/100|[from] item: Leftovers
|upkeep
|turn|18
|
|t:|1779897738
|move|p1a: Pecharunt|Recover|p1a: Pecharunt
|-heal|p1a: Pecharunt|97/100
|move|p2a: Kingambit|Iron Head|p1a: Pecharunt
|-damage|p1a: Pecharunt|45/100
|-damage|p2a: Kingambit|73/100|[from] item: Rocky Helmet|[of] p1a: Pecharunt
|
|-heal|p2a: Kingambit|80/100|[from] item: Leftovers
|upkeep
|turn|19
|
|t:|1779897744
|move|p1a: Pecharunt|Recover|p1a: Pecharunt
|-heal|p1a: Pecharunt|95/100
|move|p2a: Kingambit|Swords Dance|p2a: Kingambit
|-boost|p2a: Kingambit|atk|2
|
|-heal|p2a: Kingambit|86/100|[from] item: Leftovers
|upkeep
|turn|20
|
|t:|1779897749
|move|p1a: Pecharunt|Foul Play|p2a: Kingambit
|-resisted|p2a: Kingambit
|-damage|p2a: Kingambit|27/100
|move|p2a: Kingambit|Iron Head|p1a: Pecharunt
|-damage|p1a: Pecharunt|23/100
|-damage|p2a: Kingambit|10/100|[from] item: Rocky Helmet|[of] p1a: Pecharunt
|
|-heal|p2a: Kingambit|17/100|[from] item: Leftovers
|upkeep
|turn|21
|
|t:|1779897757
|move|p2a: Kingambit|Sucker Punch|p1a: Pecharunt
|-resisted|p1a: Pecharunt
|-damage|p1a: Pecharunt|0 fnt
|-damage|p2a: Kingambit|0 fnt|[from] item: Rocky Helmet|[of] p1a: Pecharunt
|faint|p1a: Pecharunt
|faint|p2a: Kingambit
|-end|p2a: Kingambit|fallen2|[silent]
|
|upkeep
|
|t:|1779897765
|switch|p1a: Alomomola|Alomomola, M, shiny|34/100
|switch|p2a: Dragapult|Dragapult, F|1/100
|-damage|p1a: Alomomola|22/100|[from] Stealth Rock
|turn|22
|
|t:|1779897769
|switch|p2a: Slowking|Slowking-Galar, M|100/100
|move|p1a: Alomomola|Aqua Jet|p2a: Slowking
|-damage|p2a: Slowking|88/100
|
|upkeep
|turn|23
|
|t:|1779897778
|move|p1a: Alomomola|Flip Turn|p2a: Slowking
|-damage|p2a: Slowking|70/100
|
|t:|1779897781
|switch|p1a: Cinderace|Cinderace, M|76/100|[from] Flip Turn
|-damage|p1a: Cinderace|51/100|[from] Stealth Rock
|move|p2a: Slowking|Future Sight|p1a: Cinderace
|-start|p2a: Slowking|move: Future Sight
|
|upkeep
|turn|24
|
|t:|1779897787
|-terastallize|p2a: Slowking|Water
|move|p1a: Cinderace|Pyro Ball|p2a: Slowking
|-resisted|p2a: Slowking
|-damage|p2a: Slowking|25/100
|move|p2a: Slowking|Sludge Bomb|p1a: Cinderace
|-damage|p1a: Cinderace|6/100
|
|upkeep
|turn|25
|
|t:|1779897792
|move|p1a: Cinderace|Pyro Ball|p2a: Slowking
|-resisted|p2a: Slowking
|-damage|p2a: Slowking|0 fnt
|faint|p2a: Slowking
|
|-end|p1a: Cinderace|move: Future Sight
|-crit|p1a: Cinderace
|-damage|p1a: Cinderace|0 fnt
|faint|p1a: Cinderace
|upkeep
|
|t:|1779897797
|switch|p1a: Alomomola|Alomomola, M, shiny|55/100
|switch|p2a: Arcanine|Arcanine-Hisui, M|59/100
|-damage|p1a: Alomomola|42/100|[from] Stealth Rock
|turn|26
|
|t:|1779897801
|move|p1a: Alomomola|Aqua Jet|p2a: Arcanine
|-supereffective|p2a: Arcanine
|-damage|p2a: Arcanine|0 fnt
|faint|p2a: Arcanine
|
|upkeep
|-message|ace46534653 forfeited.
|
|win|erjtsers
|raw|erjtsers's rating: 1637 &rarr; <strong>1652</strong><br />(+15 for winning)
|raw|ace46534653's rating: 1550 &rarr; <strong>1535</strong><br />(-15 for losing)
|l|☆ace46534653
|player|p2|
