|j|☆Titanosaurus
|j|☆Wembles
|t:|1779906691
|gametype|singles
|player|p1|Titanosaurus|byron|1416
|player|p2|Wembles|blaine|1454
|gen|9
|tier|[Gen 9] OU
|rated|
|rule|HP Percentage Mod: HP is shown in percentages
|rule|Endless Battle Clause: Forcing endless battles is banned
|rule|Species Clause: Limit one of each Pokémon
|rule|OHKO Clause: OHKO moves are banned
|rule|Evasion Items Clause: Evasion items are banned
|rule|Evasion Moves Clause: Evasion moves are banned
|rule|Evasion Abilities Clause: Evasion abilities are banned
|rule|Sleep Moves Clause: Sleep-inducing moves are banned
|clearpoke
|poke|p1|Dunsparce, F|
|poke|p1|Lokix, M|
|poke|p1|Galvantula, F|
|poke|p1|Hatterene, F|
|poke|p1|Ogerpon-Cornerstone, F|
|poke|p1|Cinderace, F|
|poke|p2|Gholdengo|
|poke|p2|Darkrai|
|poke|p2|Rillaboom, M|
|poke|p2|Slowking, F|
|poke|p2|Heatran, M|
|poke|p2|Landorus-Therian, M|
|teampreview
|inactive|Battle timer is ON: inactive players will automatically lose when time's up. (requested by Wembles)
|
|t:|1779906703
|teamsize|p1|6
|teamsize|p2|6
|start
|switch|p1a: Dunsparce|Dunsparce, F|100/100
|switch|p2a: Darkrai|Darkrai|100/100
|turn|1
|
|t:|1779906719
|move|p2a: Darkrai|Dark Pulse|p1a: Dunsparce
|-damage|p1a: Dunsparce|73/100
|cant|p1a: Dunsparce|flinch
|
|upkeep
|turn|2
|
|t:|1779906725
|move|p2a: Darkrai|Knock Off|p1a: Dunsparce
|-damage|p1a: Dunsparce|47/100
|-enditem|p1a: Dunsparce|Eviolite|[from] move: Knock Off|[of] p2a: Darkrai
|move|p1a: Dunsparce|Glare|p2a: Darkrai
|-status|p2a: Darkrai|par
|
|upkeep
|turn|3
|
|t:|1779906730
|move|p2a: Darkrai|Dark Pulse|p1a: Dunsparce
|-damage|p1a: Dunsparce|5/100
|move|p1a: Dunsparce|Roost|p1a: Dunsparce
|-heal|p1a: Dunsparce|55/100
|-singleturn|p1a: Dunsparce|move: Roost
|
|upkeep
|turn|4
|
|t:|1779906743
|switch|p2a: Gholdengo|Gholdengo, shiny|100/100
|move|p1a: Dunsparce|Roost|p1a: Dunsparce
|-heal|p1a: Dunsparce|100/100
|-singleturn|p1a: Dunsparce|move: Roost
|
|upkeep
|turn|5
|
|t:|1779906746
|move|p2a: Gholdengo|Nasty Plot|p2a: Gholdengo
|-boost|p2a: Gholdengo|spa|2
|move|p1a: Dunsparce|Shadow Ball|p2a: Gholdengo
|-supereffective|p2a: Gholdengo
|-damage|p2a: Gholdengo|73/100
|
|upkeep
|turn|6
|
|t:|1779906752
|move|p2a: Gholdengo|Dazzling Gleam|p1a: Dunsparce
|-damage|p1a: Dunsparce|59/100
|move|p1a: Dunsparce|Shadow Ball|p2a: Gholdengo
|-supereffective|p2a: Gholdengo
|-damage|p2a: Gholdengo|49/100
|-unboost|p2a: Gholdengo|spd|1
|
|upkeep
|turn|7
|
|t:|1779906762
|switch|p2a: Heatran|Heatran, M|100/100
|-item|p2a: Heatran|Air Balloon
|move|p1a: Dunsparce|Shadow Ball|p2a: Heatran
|-damage|p2a: Heatran|90/100
|-unboost|p2a: Heatran|spd|1
|-enditem|p2a: Heatran|Air Balloon
|
|upkeep
|turn|8
|
|t:|1779906765
|move|p2a: Heatran|Taunt|p1a: Dunsparce
|-start|p1a: Dunsparce|move: Taunt
|cant|p1a: Dunsparce|move: Taunt|Glare
|
|upkeep
|turn|9
|
|t:|1779906768
|move|p2a: Heatran|Magma Storm|p1a: Dunsparce|[miss]
|-miss|p2a: Heatran|p1a: Dunsparce
|move|p1a: Dunsparce|Body Slam|p2a: Heatran
|-resisted|p2a: Heatran
|-damage|p2a: Heatran|81/100
|-status|p2a: Heatran|par
|
|upkeep
|turn|10
|
|t:|1779906775
|switch|p1a: Cinderace|Cinderace, F|100/100
|cant|p2a: Heatran|par
|
|upkeep
|turn|11
|
|t:|1779906781
|move|p1a: Cinderace|U-turn|p2a: Heatran
|-start|p1a: Cinderace|typechange|Bug|[from] ability: Libero
|-resisted|p2a: Heatran
|-damage|p2a: Heatran|74/100 par
|
|t:|1779906786
|switch|p1a: Dunsparce|Dunsparce, F|59/100|[from] U-turn
|move|p2a: Heatran|Will-O-Wisp|p1a: Dunsparce
|-status|p1a: Dunsparce|brn
|
|-damage|p1a: Dunsparce|53/100 brn|[from] brn
|upkeep
|turn|12
|
|t:|1779906791
|cant|p2a: Heatran|par
|move|p1a: Dunsparce|Roost|p1a: Dunsparce
|-heal|p1a: Dunsparce|100/100 brn
|-singleturn|p1a: Dunsparce|move: Roost
|
|-damage|p1a: Dunsparce|94/100 brn|[from] brn
|upkeep
|turn|13
|
|t:|1779906794
|move|p2a: Heatran|Magma Storm|p1a: Dunsparce|[miss]
|-miss|p2a: Heatran|p1a: Dunsparce
|move|p1a: Dunsparce|Shadow Ball|p2a: Heatran
|-damage|p2a: Heatran|58/100 par
|-unboost|p2a: Heatran|spd|1
|
|-damage|p1a: Dunsparce|88/100 brn|[from] brn
|upkeep
|turn|14
|
|t:|1779906796
|cant|p2a: Heatran|par
|move|p1a: Dunsparce|Shadow Ball|p2a: Heatran
|-damage|p2a: Heatran|38/100 par
|-unboost|p2a: Heatran|spd|1
|
|-damage|p1a: Dunsparce|82/100 brn|[from] brn
|upkeep
|turn|15
|
|t:|1779906799
|cant|p2a: Heatran|par
|move|p1a: Dunsparce|Shadow Ball|p2a: Heatran
|-damage|p2a: Heatran|14/100 par
|
|-damage|p1a: Dunsparce|76/100 brn|[from] brn
|upkeep
|turn|16
|
|t:|1779906802
|move|p2a: Heatran|Magma Storm|p1a: Dunsparce
|-damage|p1a: Dunsparce|33/100 brn
|-activate|p1a: Dunsparce|move: Magma Storm|[of] p2a: Heatran
|move|p1a: Dunsparce|Shadow Ball|p2a: Heatran
|-crit|p2a: Heatran
|-damage|p2a: Heatran|0 fnt
|faint|p2a: Heatran
|
|-damage|p1a: Dunsparce|27/100 brn|[from] brn
|-end|p1a: Dunsparce|Magma Storm|[partiallytrapped]|[silent]
|upkeep
|
|t:|1779906808
|switch|p2a: Landorus|Landorus-Therian, M|100/100
|-ability|p2a: Landorus|Intimidate|boost
|-unboost|p1a: Dunsparce|atk|1
|turn|17
|
|t:|1779906813
|move|p2a: Landorus|Earth Power|p1a: Dunsparce
|-damage|p1a: Dunsparce|0 fnt
|faint|p1a: Dunsparce
|
|upkeep
|
|t:|1779906816
|switch|p1a: Galvantula|Galvantula, F|100/100
|turn|18
|
|t:|1779906820
|move|p1a: Galvantula|Sticky Web|p2a: Landorus
|-sidestart|p2: Wembles|move: Sticky Web
|move|p2a: Landorus|Stealth Rock|p1a: Galvantula
|-sidestart|p1: Titanosaurus|move: Stealth Rock
|
|upkeep
|turn|19
|
|t:|1779906824
|move|p1a: Galvantula|Energy Ball|p2a: Landorus
|-damage|p2a: Landorus|73/100
|move|p2a: Landorus|U-turn|p1a: Galvantula
|-damage|p1a: Galvantula|65/100
|
|t:|1779906832
|switch|p2a: Slowking|Slowking, F|100/100|[from] U-turn
|
|upkeep
|turn|20
|
|t:|1779906835
|switch|p2a: Landorus|Landorus-Therian, M|73/100
|-ability|p2a: Landorus|Intimidate|boost
|-unboost|p1a: Galvantula|atk|1
|move|p1a: Galvantula|Thunder Wave|p2a: Landorus
|-immune|p2a: Landorus
|
|upkeep
|turn|21
|
|t:|1779906838
|move|p1a: Galvantula|Energy Ball|p2a: Landorus
|-damage|p2a: Landorus|45/100
|move|p2a: Landorus|Earth Power|p1a: Galvantula
|-damage|p1a: Galvantula|7/100
|-unboost|p1a: Galvantula|spd|1
|
|upkeep
|turn|22
|
|t:|1779906843
|move|p1a: Galvantula|Energy Ball|p2a: Landorus
|-damage|p2a: Landorus|15/100
|-unboost|p2a: Landorus|spd|1
|move|p2a: Landorus|U-turn|p1a: Galvantula
|-damage|p1a: Galvantula|0 fnt
|faint|p1a: Galvantula
|
|t:|1779906850
|switch|p2a: Slowking|Slowking, F|100/100|[from] U-turn
|
|upkeep
|
|t:|1779906857
|switch|p1a: Lokix|Lokix, M|100/100
|turn|23
|
|t:|1779906860
|switch|p2a: Landorus|Landorus-Therian, M|15/100
|-ability|p2a: Landorus|Intimidate|boost
|-unboost|p1a: Lokix|atk|1
|move|p1a: Lokix|U-turn|p2a: Landorus
|-resisted|p2a: Landorus
|-damage|p2a: Landorus|0 fnt
|-damage|p1a: Lokix|84/100|[from] item: Rocky Helmet|[of] p2a: Landorus
|faint|p2a: Landorus
|
|t:|1779906866
|switch|p1a: Cinderace|Cinderace, F|100/100|[from] U-turn
|
|upkeep
|
|t:|1779906874
|switch|p2a: Slowking|Slowking, F|100/100
|turn|24
|
|t:|1779906878
|move|p1a: Cinderace|U-turn|p2a: Slowking
|-start|p1a: Cinderace|typechange|Bug|[from] ability: Libero
|-supereffective|p2a: Slowking
|-damage|p2a: Slowking|30/100
|
|t:|1779906882
|switch|p1a: Hatterene|Hatterene, F|100/100|[from] U-turn
|-damage|p1a: Hatterene|88/100|[from] Stealth Rock
|move|p2a: Slowking|Thunder Wave|p1a: Hatterene
|move|p1a: Hatterene|Thunder Wave|p2a: Slowking|[from] ability: Magic Bounce
|-status|p2a: Slowking|par
|
|upkeep
|turn|25
|
|t:|1779906889
|move|p1a: Hatterene|Shadow Ball|p2a: Slowking
|-supereffective|p2a: Slowking
|-damage|p2a: Slowking|0 fnt
|faint|p2a: Slowking
|
|upkeep
|
|t:|1779906895
|switch|p2a: Rillaboom|Rillaboom, M|100/100
|-activate|p2a: Rillaboom|move: Sticky Web
|-unboost|p2a: Rillaboom|spe|1
|-fieldstart|move: Grassy Terrain|[from] ability: Grassy Surge|[of] p2a: Rillaboom
|turn|26
|
|t:|1779906901
|move|p2a: Rillaboom|U-turn|p1a: Hatterene
|-damage|p1a: Hatterene|53/100
|-damage|p2a: Rillaboom|91/100|[from] item: Life Orb
|
|t:|1779906921
|switch|p2a: Gholdengo|Gholdengo, shiny|49/100|[from] U-turn
|-activate|p2a: Gholdengo|move: Sticky Web
|-unboost|p2a: Gholdengo|spe|1
|-enditem|p2a: Gholdengo|Grassy Seed
|-boost|p2a: Gholdengo|def|1|[from] item: Grassy Seed
|move|p1a: Hatterene|Shadow Ball|p2a: Gholdengo
|-supereffective|p2a: Gholdengo
|-damage|p2a: Gholdengo|0 fnt
|faint|p2a: Gholdengo
|
|-heal|p1a: Hatterene|59/100|[from] Grassy Terrain
|upkeep
|
|t:|1779906930
|switch|p2a: Darkrai|Darkrai|100/100 par
|-activate|p2a: Darkrai|move: Sticky Web
|-unboost|p2a: Darkrai|spe|1
|turn|27
|
|t:|1779906937
|cant|p2a: Darkrai|par
|move|p1a: Hatterene|Shadow Ball|p2a: Darkrai
|-resisted|p2a: Darkrai
|-damage|p2a: Darkrai|65/100 par
|
|-heal|p2a: Darkrai|71/100 par|[from] Grassy Terrain
|-heal|p1a: Hatterene|65/100|[from] Grassy Terrain
|upkeep
|turn|28
|
|t:|1779906941
|move|p2a: Darkrai|Sucker Punch|p1a: Hatterene
|-damage|p1a: Hatterene|32/100
|move|p1a: Hatterene|Shadow Ball|p2a: Darkrai
|-resisted|p2a: Darkrai
|-damage|p2a: Darkrai|34/100 par
|
|-heal|p2a: Darkrai|40/100 par|[from] Grassy Terrain
|-heal|p1a: Hatterene|38/100|[from] Grassy Terrain
|upkeep
|turn|29
|
|t:|1779906945
|move|p2a: Darkrai|Dark Pulse|p1a: Hatterene
|-damage|p1a: Hatterene|0 fnt
|faint|p1a: Hatterene
|
|-heal|p2a: Darkrai|46/100 par|[from] Grassy Terrain
|upkeep
|
|t:|1779906948
|switch|p1a: Lokix|Lokix, M|84/100
|turn|30
|-message|Wembles forfeited.
|
|win|Titanosaurus
|raw|Titanosaurus's rating: 1416 &rarr; <strong>1438</strong><br />(+22 for winning)
|raw|Wembles's rating: 1454 &rarr; <strong>1432</strong><br />(-22 for losing)
|l|☆Wembles
|player|p2|
|l|☆Titanosaurus
|player|p1|
