|j|‽Doug Douglasson
|j|‽ElectivireGoat
|t:|1779968656
|gametype|singles
|player|p1|Doug Douglasson|hiker-gen4|1303
|player|p2|ElectivireGoat|volkner|1344
|gen|9
|tier|[Gen 9] OU
|rated|
|rule|HP Percentage Mod: HP is shown in percentages
|rule|Endless Battle Clause: Forcing endless battles is banned
|rule|Species Clause: Limit one of each Pokémon
|rule|OHKO Clause: OHKO moves are banned
|rule|Evasion Items Clause: Evasion items are banned
|rule|Evasion Moves Clause: Evasion moves are banned
|rule|Evasion Abilities Clause: Evasion abilities are banned
|rule|Sleep Moves Clause: Sleep-inducing moves are banned
|clearpoke
|poke|p1|Iron Moth|
|poke|p1|Gliscor, F|
|poke|p1|Hatterene, F|
|poke|p1|Ogerpon-Wellspring, F|
|poke|p1|Raging Bolt|
|poke|p1|Zamazenta-*|
|poke|p2|Araquanid, M|
|poke|p2|Electivire, F|
|poke|p2|Volcanion|
|poke|p2|Gholdengo|
|poke|p2|Latias, F|
|poke|p2|Great Tusk|
|teampreview
|inactive|Battle timer is ON: inactive players will automatically lose when time's up. (requested by Doug Douglasson)
|
|t:|1779968664
|teamsize|p1|6
|teamsize|p2|6
|start
|switch|p1a: Zamazenta|Zamazenta|100/100
|switch|p2a: Araquanid|Araquanid, M, shiny|100/100
|-ability|p1a: Zamazenta|Dauntless Shield|boost
|-boost|p1a: Zamazenta|def|1
|turn|1
|
|t:|1779968682
|move|p1a: Zamazenta|Reflect|p1a: Zamazenta
|-sidestart|p1: Doug Douglasson|Reflect
|move|p2a: Araquanid|Lunge|p1a: Zamazenta
|-resisted|p1a: Zamazenta
|-crit|p1a: Zamazenta
|-damage|p1a: Zamazenta|81/100
|-unboost|p1a: Zamazenta|atk|1
|
|upkeep
|turn|2
|
|t:|1779968690
|move|p1a: Zamazenta|Light Screen|p1a: Zamazenta
|-sidestart|p1: Doug Douglasson|move: Light Screen
|move|p2a: Araquanid|Lunge|p1a: Zamazenta
|-resisted|p1a: Zamazenta
|-damage|p1a: Zamazenta|77/100
|-unboost|p1a: Zamazenta|atk|1
|
|upkeep
|turn|3
|
|t:|1779968709
|switch|p1a: Gliscor|Gliscor, F|100/100
|move|p2a: Araquanid|Lunge|p1a: Gliscor
|-resisted|p1a: Gliscor
|-damage|p1a: Gliscor|95/100
|-unboost|p1a: Gliscor|atk|1
|
|-status|p1a: Gliscor|tox|[from] item: Toxic Orb
|upkeep
|turn|4
|
|t:|1779968719
|switch|p1a: Ogerpon|Ogerpon-Wellspring, F|100/100
|move|p2a: Araquanid|Liquidation|p1a: Ogerpon
|-immune|p1a: Ogerpon|[from] ability: Water Absorb
|
|upkeep
|turn|5
|
|t:|1779968730
|move|p1a: Ogerpon|Encore|p2a: Araquanid
|-start|p2a: Araquanid|Encore
|move|p2a: Araquanid|Liquidation|p1a: Ogerpon
|-immune|p1a: Ogerpon|[from] ability: Water Absorb
|
|upkeep
|turn|6
|
|t:|1779968741
|switch|p2a: Volcanion|Volcanion|100/100
|move|p1a: Ogerpon|Trailblaze|p2a: Volcanion
|-damage|p2a: Volcanion|76/100
|-boost|p1a: Ogerpon|spe|1
|
|-heal|p2a: Volcanion|82/100|[from] item: Leftovers
|upkeep
|turn|7
|
|t:|1779968762
|switch|p1a: Zamazenta|Zamazenta|77/100
|move|p2a: Volcanion|Will-O-Wisp|p1a: Zamazenta
|-status|p1a: Zamazenta|brn
|
|-heal|p2a: Volcanion|88/100|[from] item: Leftovers
|-damage|p1a: Zamazenta|71/100 brn|[from] brn
|upkeep
|turn|8
|
|t:|1779968771
|switch|p2a: Gholdengo|Gholdengo|100/100
|-item|p2a: Gholdengo|Air Balloon
|move|p1a: Zamazenta|Close Combat|p2a: Gholdengo
|-immune|p2a: Gholdengo
|
|-damage|p1a: Zamazenta|65/100 brn|[from] brn
|-sideend|p1: Doug Douglasson|Reflect
|upkeep
|turn|9
|
|t:|1779968775
|move|p1a: Zamazenta|Ice Fang|p2a: Gholdengo
|-resisted|p2a: Gholdengo
|-damage|p2a: Gholdengo|97/100
|-enditem|p2a: Gholdengo|Air Balloon
|move|p2a: Gholdengo|Thunder Wave||[still]
|-fail|p2a: Gholdengo
|
|-damage|p1a: Zamazenta|59/100 brn|[from] brn
|-sideend|p1: Doug Douglasson|move: Light Screen
|upkeep
|turn|10
|
|t:|1779968785
|move|p1a: Zamazenta|Reflect|p1a: Zamazenta
|-sidestart|p1: Doug Douglasson|Reflect
|move|p2a: Gholdengo|Hex|p1a: Zamazenta
|-damage|p1a: Zamazenta|6/100 brn
|
|-damage|p1a: Zamazenta|0 fnt|[from] brn
|faint|p1a: Zamazenta
|upkeep
|
|t:|1779968796
|switch|p1a: Hatterene|Hatterene, F|100/100
|turn|11
|
|t:|1779968800
|move|p2a: Gholdengo|Make It Rain|p1a: Hatterene
|-supereffective|p1a: Hatterene
|-damage|p1a: Hatterene|0 fnt
|-unboost|p2a: Gholdengo|spa|1
|faint|p1a: Hatterene
|
|upkeep
|
|t:|1779968805
|switch|p1a: Iron Moth|Iron Moth|100/100
|-enditem|p1a: Iron Moth|Booster Energy
|-activate|p1a: Iron Moth|ability: Quark Drive|[fromitem]
|-start|p1a: Iron Moth|quarkdrivespe
|turn|12
|
|t:|1779968810
|-terastallize|p2a: Gholdengo|Water
|move|p1a: Iron Moth|Fiery Dance|p2a: Gholdengo
|-resisted|p2a: Gholdengo
|-damage|p2a: Gholdengo|72/100
|-boost|p1a: Iron Moth|spa|1
|move|p2a: Gholdengo|Thunder Wave|p1a: Iron Moth
|-status|p1a: Iron Moth|par
|
|upkeep
|turn|13
|
|t:|1779968823
|cant|p1a: Iron Moth|par
|move|p2a: Gholdengo|Hex|p1a: Iron Moth
|-damage|p1a: Iron Moth|56/100 par
|
|upkeep
|turn|14
|
|t:|1779968828
|cant|p1a: Iron Moth|par
|move|p2a: Gholdengo|Hex|p1a: Iron Moth
|-damage|p1a: Iron Moth|10/100 par
|
|upkeep
|turn|15
|
|t:|1779968834
|move|p1a: Iron Moth|Sludge Wave|p2a: Gholdengo
|-damage|p2a: Gholdengo|0 fnt
|faint|p2a: Gholdengo
|
|upkeep
|
|t:|1779968839
|switch|p2a: Great Tusk|Great Tusk|100/100
|turn|16
|
|t:|1779968860
|move|p2a: Great Tusk|Earthquake|p1a: Iron Moth
|-supereffective|p1a: Iron Moth
|-crit|p1a: Iron Moth
|-damage|p1a: Iron Moth|0 fnt
|faint|p1a: Iron Moth
|-end|p1a: Iron Moth|Quark Drive|[silent]
|
|upkeep
|
|t:|1779968869
|switch|p1a: Gliscor|Gliscor, F|95/100 tox
|turn|17
|
|t:|1779968879
|-end|p2a: Great Tusk|Protosynthesis|[silent]
|switch|p2a: Electivire|Electivire, F|100/100
|move|p1a: Gliscor|Swords Dance|p1a: Gliscor
|-boost|p1a: Gliscor|atk|2
|
|-heal|p1a: Gliscor|100/100 tox|[from] ability: Poison Heal
|-sideend|p1: Doug Douglasson|Reflect
|upkeep
|turn|18
|
|t:|1779968895
|move|p2a: Electivire|Ice Punch|p1a: Gliscor
|-supereffective|p1a: Gliscor
|-damage|p1a: Gliscor|0 fnt
|faint|p1a: Gliscor
|-damage|p2a: Electivire|91/100|[from] item: Life Orb
|
|upkeep
|
|t:|1779968903
|switch|p1a: Raging Bolt|Raging Bolt|100/100
|-enditem|p1a: Raging Bolt|Booster Energy
|-activate|p1a: Raging Bolt|ability: Protosynthesis|[fromitem]
|-start|p1a: Raging Bolt|protosynthesisspa
|turn|19
|
|t:|1779968908
|move|p2a: Electivire|Ice Punch|p1a: Raging Bolt
|-supereffective|p1a: Raging Bolt
|-damage|p1a: Raging Bolt|38/100
|-damage|p2a: Electivire|81/100|[from] item: Life Orb
|move|p1a: Raging Bolt|Calm Mind|p1a: Raging Bolt
|-boost|p1a: Raging Bolt|spa|1
|-boost|p1a: Raging Bolt|spd|1
|
|upkeep
|turn|20
|
|t:|1779968914
|move|p2a: Electivire|Ice Punch|p1a: Raging Bolt
|-supereffective|p1a: Raging Bolt
|-damage|p1a: Raging Bolt|0 fnt
|faint|p1a: Raging Bolt
|-end|p1a: Raging Bolt|Protosynthesis|[silent]
|-damage|p2a: Electivire|71/100|[from] item: Life Orb
|
|upkeep
|
|t:|1779968917
|switch|p1a: Ogerpon|Ogerpon-Wellspring, F|100/100
|turn|21
|
|t:|1779968925
|switch|p2a: Araquanid|Araquanid, M, shiny|100/100
|move|p1a: Ogerpon|Encore||[still]
|-fail|p1a: Ogerpon
|
|upkeep
|turn|22
|
|t:|1779968933
|-terastallize|p1a: Ogerpon|Water
|detailschange|p1a: Ogerpon|Ogerpon-Wellspring-Tera, F, tera:Water
|-ability|p1a: Ogerpon|Embody Aspect (Wellspring)|boost
|-boost|p1a: Ogerpon|spd|1
|move|p1a: Ogerpon|Trailblaze|p2a: Araquanid
|-damage|p2a: Araquanid|63/100
|-boost|p1a: Ogerpon|spe|1
|move|p2a: Araquanid|Lunge|p1a: Ogerpon
|-damage|p1a: Ogerpon|63/100
|-unboost|p1a: Ogerpon|atk|1
|
|upkeep
|turn|23
|
|t:|1779968944
|move|p1a: Ogerpon|Swords Dance|p1a: Ogerpon
|-boost|p1a: Ogerpon|atk|2
|move|p2a: Araquanid|Lunge|p1a: Ogerpon
|-damage|p1a: Ogerpon|22/100
|-unboost|p1a: Ogerpon|atk|1
|
|upkeep
|turn|24
|
|t:|1779968949
|move|p1a: Ogerpon|Ivy Cudgel|p2a: Araquanid|[anim] Ivy Cudgel Water
|-resisted|p2a: Araquanid
|-damage|p2a: Araquanid|18/100
|move|p2a: Araquanid|Lunge|p1a: Ogerpon
|-damage|p1a: Ogerpon|0 fnt
|faint|p1a: Ogerpon
|detailschange|p1: Ogerpon|Ogerpon-Wellspring, F|[silent]
|
|win|ElectivireGoat
|raw|Doug Douglasson's rating: 1303 &rarr; <strong>1285</strong><br />(-18 for losing)
|raw|ElectivireGoat's rating: 1344 &rarr; <strong>1362</strong><br />(+18 for winning)
|l|‽Doug Douglasson
|player|p1|
