|j|‽squid3011
|j|☆sawyerrja31
|t:|1779861614
|gametype|singles
|player|p1|squid3011|benga|1163
|player|p2|sawyerrja31|crasherwake|1127
|gen|9
|tier|[Gen 9] OU
|rated|
|rule|HP Percentage Mod: HP is shown in percentages
|rule|Endless Battle Clause: Forcing endless battles is banned
|rule|Species Clause: Limit one of each Pokémon
|rule|OHKO Clause: OHKO moves are banned
|rule|Evasion Items Clause: Evasion items are banned
|rule|Evasion Moves Clause: Evasion moves are banned
|rule|Evasion Abilities Clause: Evasion abilities are banned
|rule|Sleep Moves Clause: Sleep-inducing moves are banned
|clearpoke
|poke|p1|Kyurem|
|poke|p1|Hatterene, F|
|poke|p1|Dragonite, M|
|poke|p1|Great Tusk|
|poke|p1|Weavile, F|
|poke|p1|Minior-Green|
|poke|p2|Scyther, F|
|poke|p2|Scizor, M|
|poke|p2|Meowscarada, M|
|poke|p2|Sinistcha-Masterpiece|
|poke|p2|Glimmora, M|
|poke|p2|Arcanine-Hisui, F|
|teampreview
|inactive|Battle timer is ON: inactive players will automatically lose when time's up. (requested by sawyerrja31)
|inactive|squid3011 has 120 seconds left.
|inactive|squid3011 has 90 seconds left.
|inactive|squid3011 has 60 seconds left.
|inactive|squid3011 has 30 seconds left.
|inactive|squid3011 has 20 seconds left.
|
|t:|1779861745
|teamsize|p1|6
|teamsize|p2|6
|start
|switch|p1a: Minior|Minior-Green|100/100
|switch|p2a: Glimmora|Glimmora, M|100/100
|-formechange|p1a: Minior|Minior-Meteor||[from] ability: Shields Down
|turn|1
|
|t:|1779861755
|move|p1a: Minior|Shell Smash|p1a: Minior
|-unboost|p1a: Minior|def|1
|-unboost|p1a: Minior|spd|1
|-boost|p1a: Minior|atk|2
|-boost|p1a: Minior|spa|2
|-boost|p1a: Minior|spe|2
|-enditem|p1a: Minior|White Herb
|-clearnegativeboost|p1a: Minior|[silent]
|move|p2a: Glimmora|Power Gem|p1a: Minior
|-supereffective|p1a: Minior
|-damage|p1a: Minior|6/100
|
|-formechange|p1a: Minior|Minior-Green||[from] ability: Shields Down
|upkeep
|turn|2
|inactive|squid3011 has 90 seconds left.
|
|t:|1779861772
|move|p1a: Minior|Iron Head|p2a: Glimmora
|-supereffective|p2a: Glimmora
|-damage|p2a: Glimmora|4/100
|-damage|p1a: Minior|0 fnt|[from] item: Rocky Helmet|[of] p2a: Glimmora
|-activate|p2a: Glimmora|ability: Toxic Debris
|-sidestart|p1: squid3011|move: Toxic Spikes
|faint|p1a: Minior
|cant|p2a: Glimmora|flinch
|
|upkeep
|
|t:|1779861779
|switch|p1a: Dragonite|Dragonite, M|100/100
|turn|3
|
|t:|1779861783
|move|p1a: Dragonite|Dragon Dance|p1a: Dragonite
|-boost|p1a: Dragonite|atk|1
|-boost|p1a: Dragonite|spe|1
|move|p2a: Glimmora|Stealth Rock|p1a: Dragonite
|-sidestart|p1: squid3011|move: Stealth Rock
|
|upkeep
|turn|4
|
|t:|1779861790
|move|p1a: Dragonite|Dragon Dance|p1a: Dragonite
|-boost|p1a: Dragonite|atk|1
|-boost|p1a: Dragonite|spe|1
|move|p2a: Glimmora|Power Gem|p1a: Dragonite
|-supereffective|p1a: Dragonite
|-damage|p1a: Dragonite|62/100
|-enditem|p1a: Dragonite|Weakness Policy
|-boost|p1a: Dragonite|atk|2|[from] item: Weakness Policy
|-boost|p1a: Dragonite|spa|2|[from] item: Weakness Policy
|
|upkeep
|turn|5
|inactive|squid3011 has 90 seconds left.
|inactive|squid3011 has 60 seconds left.
|
|t:|1779861864
|move|p1a: Dragonite|Extreme Speed|p2a: Glimmora
|-resisted|p2a: Glimmora
|-damage|p2a: Glimmora|0 fnt
|-damage|p1a: Dragonite|46/100|[from] item: Rocky Helmet|[of] p2a: Glimmora
|-activate|p2a: Glimmora|ability: Toxic Debris
|-sidestart|p1: squid3011|move: Toxic Spikes
|faint|p2a: Glimmora
|
|upkeep
|
|t:|1779861878
|switch|p2a: Arcanine|Arcanine-Hisui, F|100/100
|turn|6
|
|t:|1779861889
|move|p2a: Arcanine|Extreme Speed|p1a: Dragonite
|-damage|p1a: Dragonite|7/100
|move|p1a: Dragonite|Earthquake|p2a: Arcanine
|-supereffective|p2a: Arcanine
|-damage|p2a: Arcanine|0 fnt
|faint|p2a: Arcanine
|
|upkeep
|
|t:|1779861898
|switch|p2a: Meowscarada|Meowscarada, M|100/100
|turn|7
|inactive|squid3011 has 60 seconds left.
|
|t:|1779861913
|move|p1a: Dragonite|Extreme Speed|p2a: Meowscarada
|-damage|p2a: Meowscarada|0 fnt
|faint|p2a: Meowscarada
|
|upkeep
|-message|sawyerrja31 forfeited.
|
|win|squid3011
|raw|squid3011's rating: 1163 &rarr; <strong>1185</strong><br />(+22 for winning)
|raw|sawyerrja31's rating: 1127 &rarr; <strong>1105</strong><br />(-22 for losing)
|l|☆sawyerrja31
|player|p2|
|l|‽squid3011
|player|p1|
