|j|☆PoemGoatNot
|j|☆venus1904
|t:|1779965692
|gametype|singles
|player|p1|PoemGoatNot|hiker-gen4|1118
|player|p2|venus1904|will|1167
|gen|9
|tier|[Gen 9] OU
|rated|
|rule|HP Percentage Mod: HP is shown in percentages
|rule|Endless Battle Clause: Forcing endless battles is banned
|rule|Species Clause: Limit one of each Pokémon
|rule|OHKO Clause: OHKO moves are banned
|rule|Evasion Items Clause: Evasion items are banned
|rule|Evasion Moves Clause: Evasion moves are banned
|rule|Evasion Abilities Clause: Evasion abilities are banned
|rule|Sleep Moves Clause: Sleep-inducing moves are banned
|clearpoke
|poke|p1|Corviknight, M|
|poke|p1|Gliscor, M|
|poke|p1|Suicune|
|poke|p1|Blissey, F|
|poke|p1|Dondozo, F|
|poke|p1|Toxapex, F|
|poke|p2|Tauros, M|
|poke|p2|Cloyster, M|
|poke|p2|Zapdos|
|poke|p2|Gengar, M|
|poke|p2|Hitmonlee, M|
|poke|p2|Arcanine, M|
|teampreview
|inactive|Battle timer is ON: inactive players will automatically lose when time's up. (requested by PoemGoatNot)
|
|t:|1779965718
|teamsize|p1|6
|teamsize|p2|6
|start
|switch|p1a: Toxapex|Toxapex, F|100/100
|switch|p2a: Tauros|Tauros, M|100/100
|turn|1
|
|t:|1779965726
|move|p2a: Tauros|Zen Headbutt|p1a: Toxapex
|-supereffective|p1a: Toxapex
|-damage|p1a: Toxapex|46/100
|move|p1a: Toxapex|Sludge Bomb|p2a: Tauros
|-damage|p2a: Tauros|73/100
|
|-heal|p1a: Toxapex|52/100|[from] item: Black Sludge
|upkeep
|turn|2
|
|t:|1779965735
|switch|p1a: Corviknight|Corviknight, M|100/100
|-ability|p1a: Corviknight|Pressure
|move|p2a: Tauros|Zen Headbutt|p1a: Corviknight
|-resisted|p1a: Corviknight
|-damage|p1a: Corviknight|89/100
|
|-heal|p1a: Corviknight|95/100|[from] item: Leftovers
|upkeep
|turn|3
|
|t:|1779965751
|switch|p2a: Zapdos|Zapdos|100/100
|switch|p1a: Gliscor|Gliscor, M|100/100
|
|-status|p1a: Gliscor|tox|[from] item: Toxic Orb
|upkeep
|turn|4
|
|t:|1779965761
|move|p2a: Zapdos|Hurricane|p1a: Gliscor|[miss]
|-miss|p2a: Zapdos|p1a: Gliscor
|move|p1a: Gliscor|Knock Off|p2a: Zapdos
|-damage|p2a: Zapdos|79/100
|-damage|p1a: Gliscor|84/100 tox|[from] item: Rocky Helmet|[of] p2a: Zapdos
|-enditem|p2a: Zapdos|Rocky Helmet|[from] move: Knock Off|[of] p1a: Gliscor
|
|-heal|p1a: Gliscor|97/100 tox|[from] ability: Poison Heal
|upkeep
|turn|5
|
|t:|1779965765
|move|p2a: Zapdos|Hurricane|p1a: Gliscor|[miss]
|-miss|p2a: Zapdos|p1a: Gliscor
|move|p1a: Gliscor|Stealth Rock|p2a: Zapdos
|-sidestart|p2: venus1904|move: Stealth Rock
|
|-heal|p1a: Gliscor|100/100 tox|[from] ability: Poison Heal
|upkeep
|turn|6
|
|t:|1779965770
|switch|p1a: Corviknight|Corviknight, M|95/100
|-ability|p1a: Corviknight|Pressure
|move|p2a: Zapdos|Hurricane|p1a: Corviknight
|-resisted|p1a: Corviknight
|-damage|p1a: Corviknight|66/100
|-start|p1a: Corviknight|confusion
|
|-heal|p1a: Corviknight|72/100|[from] item: Leftovers
|upkeep
|turn|7
|
|t:|1779965775
|switch|p1a: Suicune|Suicune|100/100
|-ability|p1a: Suicune|Pressure
|move|p2a: Zapdos|Thunderbolt|p1a: Suicune
|-supereffective|p1a: Suicune
|-damage|p1a: Suicune|41/100
|
|-heal|p1a: Suicune|47/100|[from] item: Leftovers
|upkeep
|turn|8
|
|t:|1779965781
|-terastallize|p1a: Suicune|Ground
|move|p2a: Zapdos|Thunderbolt|p1a: Suicune
|-immune|p1a: Suicune
|move|p1a: Suicune|Calm Mind|p1a: Suicune
|-boost|p1a: Suicune|spa|1
|-boost|p1a: Suicune|spd|1
|
|-heal|p1a: Suicune|53/100|[from] item: Leftovers
|upkeep
|turn|9
|
|t:|1779965786
|move|p2a: Zapdos|Hurricane|p1a: Suicune|[miss]
|-miss|p2a: Zapdos|p1a: Suicune
|move|p1a: Suicune|Calm Mind|p1a: Suicune
|-boost|p1a: Suicune|spa|1
|-boost|p1a: Suicune|spd|1
|
|-heal|p1a: Suicune|60/100|[from] item: Leftovers
|upkeep
|turn|10
|c|☆PoemGoatNot|my b bro
|c|☆PoemGoatNot|That crap ain't that inaccurate
|
|t:|1779965802
|move|p2a: Zapdos|Hurricane|p1a: Suicune
|-damage|p1a: Suicune|40/100
|-start|p1a: Suicune|confusion
|-activate|p1a: Suicune|confusion
|move|p1a: Suicune|Calm Mind|p1a: Suicune
|-boost|p1a: Suicune|spa|1
|-boost|p1a: Suicune|spd|1
|
|-heal|p1a: Suicune|46/100|[from] item: Leftovers
|upkeep
|turn|11
|
|t:|1779965807
|switch|p2a: Cloyster|Cloyster, M|100/100
|-damage|p2a: Cloyster|76/100|[from] Stealth Rock
|-activate|p1a: Suicune|confusion
|move|p1a: Suicune|Rest|p1a: Suicune
|-status|p1a: Suicune|slp|[from] move: Rest
|-heal|p1a: Suicune|100/100 slp|[silent]
|
|upkeep
|turn|12
|
|t:|1779965815
|switch|p1a: Dondozo|Dondozo, F|100/100
|move|p2a: Cloyster|Shell Smash|p2a: Cloyster
|-unboost|p2a: Cloyster|def|1
|-unboost|p2a: Cloyster|spd|1
|-boost|p2a: Cloyster|atk|2
|-boost|p2a: Cloyster|spa|2
|-boost|p2a: Cloyster|spe|2
|
|upkeep
|turn|13
|
|t:|1779965818
|move|p2a: Cloyster|Rock Blast|p1a: Dondozo|[miss]
|-miss|p2a: Cloyster|p1a: Dondozo
|move|p1a: Dondozo|Curse|p1a: Dondozo
|-unboost|p1a: Dondozo|spe|1
|-boost|p1a: Dondozo|atk|1
|-boost|p1a: Dondozo|def|1
|
|upkeep
|turn|14
|
|t:|1779965821
|move|p2a: Cloyster|Rock Blast|p1a: Dondozo
|-damage|p1a: Dondozo|98/100
|-damage|p1a: Dondozo|96/100
|-damage|p1a: Dondozo|93/100
|-damage|p1a: Dondozo|90/100
|-damage|p1a: Dondozo|88/100
|-hitcount|p1a: Dondozo|5
|move|p1a: Dondozo|Curse|p1a: Dondozo
|-unboost|p1a: Dondozo|spe|1
|-boost|p1a: Dondozo|atk|1
|-boost|p1a: Dondozo|def|1
|
|-heal|p1a: Dondozo|94/100|[from] item: Leftovers
|upkeep
|turn|15
|
|t:|1779965825
|switch|p2a: Zapdos|Zapdos|79/100
|-damage|p2a: Zapdos|54/100|[from] Stealth Rock
|move|p1a: Dondozo|Crunch|p2a: Zapdos
|-damage|p2a: Zapdos|20/100
|
|-heal|p1a: Dondozo|99/100|[from] item: Leftovers
|upkeep
|turn|16
|
|t:|1779965829
|switch|p1a: Suicune|Suicune, tera:Ground|100/100 slp
|-ability|p1a: Suicune|Pressure
|move|p2a: Zapdos|Hurricane|p1a: Suicune
|-damage|p1a: Suicune|60/100 slp
|-start|p1a: Suicune|confusion
|
|-heal|p1a: Suicune|66/100 slp|[from] item: Leftovers
|upkeep
|turn|17
|
|t:|1779965836
|switch|p1a: Blissey|Blissey, F|100/100
|move|p2a: Zapdos|Hurricane|p1a: Blissey
|-damage|p1a: Blissey|80/100
|
|upkeep
|turn|18
|
|t:|1779965840
|move|p2a: Zapdos|Roost|p2a: Zapdos
|-heal|p2a: Zapdos|70/100
|-singleturn|p2a: Zapdos|move: Roost
|move|p1a: Blissey|Ice Beam|p2a: Zapdos
|-damage|p2a: Zapdos|55/100
|
|upkeep
|turn|19
|
|t:|1779965845
|switch|p1a: Gliscor|Gliscor, M|100/100 tox
|move|p2a: Zapdos|Roost|p2a: Zapdos
|-heal|p2a: Zapdos|100/100
|-singleturn|p2a: Zapdos|move: Roost
|
|upkeep
|turn|20
|
|t:|1779965849
|move|p2a: Zapdos|Hurricane|p1a: Gliscor
|-damage|p1a: Gliscor|59/100 tox
|move|p1a: Gliscor|Knock Off|p2a: Zapdos
|-crit|p2a: Zapdos
|-damage|p2a: Zapdos|82/100
|
|-heal|p1a: Gliscor|72/100 tox|[from] ability: Poison Heal
|upkeep
|turn|21
|
|t:|1779965855
|move|p2a: Zapdos|Hurricane|p1a: Gliscor|[miss]
|-miss|p2a: Zapdos|p1a: Gliscor
|move|p1a: Gliscor|Knock Off|p2a: Zapdos
|-damage|p2a: Zapdos|68/100
|
|-heal|p1a: Gliscor|84/100 tox|[from] ability: Poison Heal
|upkeep
|turn|22
|
|t:|1779965857
|move|p1a: Gliscor|Protect|p1a: Gliscor
|-singleturn|p1a: Gliscor|Protect
|move|p2a: Zapdos|Hurricane|p1a: Gliscor
|-activate|p1a: Gliscor|move: Protect
|
|-heal|p1a: Gliscor|97/100 tox|[from] ability: Poison Heal
|upkeep
|turn|23
|
|t:|1779965859
|move|p2a: Zapdos|Heat Wave|p1a: Gliscor
|-damage|p1a: Gliscor|72/100 tox
|move|p1a: Gliscor|Knock Off|p2a: Zapdos
|-damage|p2a: Zapdos|55/100
|
|-heal|p1a: Gliscor|85/100 tox|[from] ability: Poison Heal
|upkeep
|turn|24
|
|t:|1779965862
|switch|p1a: Suicune|Suicune, tera:Ground|66/100 slp
|-ability|p1a: Suicune|Pressure
|move|p2a: Zapdos|Hurricane|p1a: Suicune
|-damage|p1a: Suicune|29/100 slp
|-start|p1a: Suicune|confusion
|
|-heal|p1a: Suicune|35/100 slp|[from] item: Leftovers
|upkeep
|turn|25
|
|t:|1779965866
|move|p2a: Zapdos|Heat Wave|p1a: Suicune
|-damage|p1a: Suicune|13/100 slp
|cant|p1a: Suicune|slp
|
|-heal|p1a: Suicune|20/100 slp|[from] item: Leftovers
|upkeep
|turn|26
|
|t:|1779965869
|move|p2a: Zapdos|Heat Wave|p1a: Suicune
|-damage|p1a: Suicune|0 fnt
|faint|p1a: Suicune
|
|upkeep
|
|t:|1779965873
|switch|p1a: Toxapex|Toxapex, F|85/100
|turn|27
|
|t:|1779965876
|move|p2a: Zapdos|Thunderbolt|p1a: Toxapex
|-supereffective|p1a: Toxapex
|-damage|p1a: Toxapex|29/100
|move|p1a: Toxapex|Sludge Bomb|p2a: Zapdos
|-damage|p2a: Zapdos|39/100
|-status|p2a: Zapdos|psn
|
|-heal|p1a: Toxapex|36/100|[from] item: Black Sludge
|-damage|p2a: Zapdos|26/100 psn|[from] psn
|upkeep
|turn|28
|
|t:|1779965882
|switch|p1a: Blissey|Blissey, F|80/100
|move|p2a: Zapdos|Roost|p2a: Zapdos
|-heal|p2a: Zapdos|77/100 psn
|-singleturn|p2a: Zapdos|move: Roost
|
|-damage|p2a: Zapdos|64/100 psn|[from] psn
|upkeep
|turn|29
|
|t:|1779965890
|switch|p2a: Gengar|Gengar, M|100/100
|-damage|p2a: Gengar|88/100|[from] Stealth Rock
|move|p1a: Blissey|Trick|p2a: Gengar
|-activate|p1a: Blissey|move: Trick|[of] p2a: Gengar
|-item|p2a: Gengar|Choice Scarf|[from] move: Trick
|-item|p1a: Blissey|Choice Specs|[from] move: Trick
|
|upkeep
|turn|30
|
|t:|1779965900
|switch|p1a: Toxapex|Toxapex, F|69/100
|move|p2a: Gengar|Sludge Wave|p1a: Toxapex
|-resisted|p1a: Toxapex
|-damage|p1a: Toxapex|51/100
|
|-heal|p1a: Toxapex|58/100|[from] item: Black Sludge
|upkeep
|turn|31
|
|t:|1779965907
|switch|p2a: Arcanine|Arcanine, M|100/100
|-damage|p2a: Arcanine|76/100|[from] Stealth Rock
|-ability|p2a: Arcanine|Intimidate|boost
|-unboost|p1a: Toxapex|atk|1
|switch|p1a: Blissey|Blissey, F|80/100
|
|upkeep
|turn|32
|
|t:|1779965910
|move|p2a: Arcanine|Close Combat|p1a: Blissey
|-supereffective|p1a: Blissey
|-damage|p1a: Blissey|12/100
|-unboost|p2a: Arcanine|def|1
|-unboost|p2a: Arcanine|spd|1
|move|p1a: Blissey|Trick|p2a: Arcanine
|-activate|p1a: Blissey|move: Trick|[of] p2a: Arcanine
|-item|p2a: Arcanine|Choice Specs|[from] move: Trick
|-item|p1a: Blissey|Assault Vest|[from] move: Trick
|
|upkeep
|turn|33
|
|t:|1779965919
|move|p2a: Arcanine|Heat Crash|p1a: Blissey
|-damage|p1a: Blissey|0 fnt
|faint|p1a: Blissey
|
|upkeep
|
|t:|1779965920
|switch|p1a: Gliscor|Gliscor, M|85/100 tox
|turn|34
|
|t:|1779965934
|switch|p2a: Tauros|Tauros, M|73/100
|-damage|p2a: Tauros|61/100|[from] Stealth Rock
|move|p1a: Gliscor|Earthquake|p2a: Tauros
|-damage|p2a: Tauros|21/100
|
|-heal|p1a: Gliscor|97/100 tox|[from] ability: Poison Heal
|upkeep
|turn|35
|
|t:|1779965940
|-terastallize|p2a: Tauros|Normal
|move|p1a: Gliscor|Protect|p1a: Gliscor
|-singleturn|p1a: Gliscor|Protect
|move|p2a: Tauros|Body Slam|p1a: Gliscor
|-activate|p1a: Gliscor|move: Protect
|
|-heal|p1a: Gliscor|100/100 tox|[from] ability: Poison Heal
|upkeep
|turn|36
|
|t:|1779965945
|move|p2a: Tauros|Body Slam|p1a: Gliscor
|-damage|p1a: Gliscor|32/100 tox
|move|p1a: Gliscor|Earthquake|p2a: Tauros
|-damage|p2a: Tauros|0 fnt
|faint|p2a: Tauros
|
|-heal|p1a: Gliscor|44/100 tox|[from] ability: Poison Heal
|upkeep
|
|t:|1779965948
|switch|p2a: Cloyster|Cloyster, M|76/100
|-damage|p2a: Cloyster|51/100|[from] Stealth Rock
|turn|37
|
|t:|1779965952
|move|p1a: Gliscor|Protect|p1a: Gliscor
|-singleturn|p1a: Gliscor|Protect
|move|p2a: Cloyster|Shell Smash|p2a: Cloyster
|-unboost|p2a: Cloyster|def|1
|-unboost|p2a: Cloyster|spd|1
|-boost|p2a: Cloyster|atk|2
|-boost|p2a: Cloyster|spa|2
|-boost|p2a: Cloyster|spe|2
|
|-heal|p1a: Gliscor|57/100 tox|[from] ability: Poison Heal
|upkeep
|turn|38
|
|t:|1779965956
|switch|p1a: Dondozo|Dondozo, F|99/100
|move|p2a: Cloyster|Icicle Spear|p1a: Dondozo
|-resisted|p1a: Dondozo
|-damage|p1a: Dondozo|97/100
|-resisted|p1a: Dondozo
|-damage|p1a: Dondozo|94/100
|-resisted|p1a: Dondozo
|-damage|p1a: Dondozo|92/100
|-resisted|p1a: Dondozo
|-damage|p1a: Dondozo|89/100
|-resisted|p1a: Dondozo
|-damage|p1a: Dondozo|86/100
|-hitcount|p1a: Dondozo|5
|
|-heal|p1a: Dondozo|93/100|[from] item: Leftovers
|upkeep
|turn|39
|
|t:|1779965960
|move|p2a: Cloyster|Rock Blast|p1a: Dondozo|[miss]
|-miss|p2a: Cloyster|p1a: Dondozo
|move|p1a: Dondozo|Crunch|p2a: Cloyster
|-damage|p2a: Cloyster|36/100
|-unboost|p2a: Cloyster|def|1
|
|-heal|p1a: Dondozo|99/100|[from] item: Leftovers
|upkeep
|turn|40
|
|t:|1779965962
|move|p2a: Cloyster|Rock Blast|p1a: Dondozo
|-damage|p1a: Dondozo|95/100
|-damage|p1a: Dondozo|92/100
|-damage|p1a: Dondozo|88/100
|-damage|p1a: Dondozo|85/100
|-damage|p1a: Dondozo|81/100
|-hitcount|p1a: Dondozo|5
|move|p1a: Dondozo|Crunch|p2a: Cloyster
|-damage|p2a: Cloyster|21/100
|
|-heal|p1a: Dondozo|87/100|[from] item: Leftovers
|upkeep
|turn|41
|
|t:|1779965970
|move|p2a: Cloyster|Rock Blast|p1a: Dondozo
|-damage|p1a: Dondozo|84/100
|-damage|p1a: Dondozo|80/100
|-damage|p1a: Dondozo|76/100
|-damage|p1a: Dondozo|73/100
|-damage|p1a: Dondozo|69/100
|-hitcount|p1a: Dondozo|5
|move|p1a: Dondozo|Crunch|p2a: Cloyster
|-damage|p2a: Cloyster|5/100
|
|-heal|p1a: Dondozo|76/100|[from] item: Leftovers
|upkeep
|turn|42
|
|t:|1779965973
|move|p2a: Cloyster|Rock Blast|p1a: Dondozo
|-damage|p1a: Dondozo|72/100
|-damage|p1a: Dondozo|68/100
|-damage|p1a: Dondozo|65/100
|-damage|p1a: Dondozo|61/100
|-damage|p1a: Dondozo|58/100
|-hitcount|p1a: Dondozo|5
|move|p1a: Dondozo|Crunch|p2a: Cloyster
|-damage|p2a: Cloyster|0 fnt
|faint|p2a: Cloyster
|
|-heal|p1a: Dondozo|64/100|[from] item: Leftovers
|upkeep
|
|t:|1779965978
|switch|p2a: Gengar|Gengar, M|88/100
|-damage|p2a: Gengar|76/100|[from] Stealth Rock
|turn|43
|
|t:|1779965999
|switch|p1a: Toxapex|Toxapex, F|91/100
|move|p2a: Gengar|Energy Ball|p1a: Toxapex
|-damage|p1a: Toxapex|68/100
|
|-heal|p1a: Toxapex|75/100|[from] item: Black Sludge
|upkeep
|turn|44
|
|t:|1779966008
|switch|p2a: Zapdos|Zapdos|64/100 psn
|-damage|p2a: Zapdos|39/100 psn|[from] Stealth Rock
|move|p1a: Toxapex|Toxic Spikes|p2a: Zapdos
|-sidestart|p2: venus1904|move: Toxic Spikes
|
|-heal|p1a: Toxapex|81/100|[from] item: Black Sludge
|-damage|p2a: Zapdos|27/100 psn|[from] psn
|upkeep
|turn|45
|
|t:|1779966013
|move|p2a: Zapdos|Roost|p2a: Zapdos
|-heal|p2a: Zapdos|77/100 psn
|-singleturn|p2a: Zapdos|move: Roost
|move|p1a: Toxapex|Toxic Spikes|p2a: Zapdos
|-sidestart|p2: venus1904|move: Toxic Spikes
|
|-heal|p1a: Toxapex|87/100|[from] item: Black Sludge
|-damage|p2a: Zapdos|64/100 psn|[from] psn
|upkeep
|turn|46
|
|t:|1779966016
|move|p2a: Zapdos|Thunderbolt|p1a: Toxapex
|-supereffective|p1a: Toxapex
|-damage|p1a: Toxapex|27/100
|move|p1a: Toxapex|Sludge Bomb|p2a: Zapdos
|-damage|p2a: Zapdos|48/100 psn
|
|-heal|p1a: Toxapex|33/100|[from] item: Black Sludge
|-damage|p2a: Zapdos|36/100 psn|[from] psn
|upkeep
|turn|47
|
|t:|1779966023
|switch|p1a: Gliscor|Gliscor, M|57/100 tox
|move|p2a: Zapdos|Roost|p2a: Zapdos
|-heal|p2a: Zapdos|86/100 psn
|-singleturn|p2a: Zapdos|move: Roost
|
|-damage|p2a: Zapdos|74/100 psn|[from] psn
|-heal|p1a: Gliscor|69/100 tox|[from] ability: Poison Heal
|upkeep
|turn|48
|
|t:|1779966026
|move|p1a: Gliscor|Protect|p1a: Gliscor
|-singleturn|p1a: Gliscor|Protect
|move|p2a: Zapdos|Heat Wave|p1a: Gliscor
|-activate|p1a: Gliscor|move: Protect
|
|-damage|p2a: Zapdos|61/100 psn|[from] psn
|-heal|p1a: Gliscor|82/100 tox|[from] ability: Poison Heal
|upkeep
|turn|49
|
|t:|1779966028
|move|p2a: Zapdos|Heat Wave|p1a: Gliscor
|-damage|p1a: Gliscor|58/100 tox
|move|p1a: Gliscor|Knock Off|p2a: Zapdos
|-damage|p2a: Zapdos|47/100 psn
|
|-damage|p2a: Zapdos|34/100 psn|[from] psn
|-heal|p1a: Gliscor|71/100 tox|[from] ability: Poison Heal
|upkeep
|turn|50
|
|t:|1779966030
|move|p1a: Gliscor|Protect|p1a: Gliscor
|-singleturn|p1a: Gliscor|Protect
|move|p2a: Zapdos|Heat Wave|p1a: Gliscor
|-activate|p1a: Gliscor|move: Protect
|
|-damage|p2a: Zapdos|22/100 psn|[from] psn
|-heal|p1a: Gliscor|83/100 tox|[from] ability: Poison Heal
|upkeep
|turn|51
|-message|venus1904 forfeited.
|
|win|PoemGoatNot
|raw|PoemGoatNot's rating: 1118 &rarr; <strong>1147</strong><br />(+29 for winning)
|raw|venus1904's rating: 1167 &rarr; <strong>1138</strong><br />(-29 for losing)
|l|☆venus1904
|player|p2|
|c|☆PoemGoatNot|gg
|l|☆PoemGoatNot
|player|p1|
