|j|☆sharkerthantheteal
|j|☆Roliix
|t:|1779859884
|gametype|singles
|player|p1|sharkerthantheteal|nessa-masters|1089
|player|p2|Roliix|266|1099
|gen|9
|tier|[Gen 9] OU
|rated|
|rule|HP Percentage Mod: HP is shown in percentages
|rule|Endless Battle Clause: Forcing endless battles is banned
|rule|Species Clause: Limit one of each Pokémon
|rule|OHKO Clause: OHKO moves are banned
|rule|Evasion Items Clause: Evasion items are banned
|rule|Evasion Moves Clause: Evasion moves are banned
|rule|Evasion Abilities Clause: Evasion abilities are banned
|rule|Sleep Moves Clause: Sleep-inducing moves are banned
|clearpoke
|poke|p1|Cetitan, M|
|poke|p1|Ninetales-Alola, M|
|poke|p1|Hariyama, F|
|poke|p1|Dragapult, F|
|poke|p1|Breloom, M|
|poke|p1|Heatran, F|
|poke|p2|Sandaconda, F|
|poke|p2|Morpeko, F|
|poke|p2|Empoleon, F|
|poke|p2|Skeledirge, F|
|poke|p2|Okidogi, M|
|poke|p2|Iron Leaves|
|teampreview
|
|t:|1779859895
|teamsize|p1|6
|teamsize|p2|6
|start
|switch|p1a: Heatran|Heatran, F|100/100
|switch|p2a: Morpeko|Morpeko, F|100/100
|turn|1
|j| GruesomeLovelies
|
|t:|1779859901
|move|p2a: Morpeko|Volt Switch|p1a: Heatran
|-damage|p1a: Heatran|86/100
|-damage|p2a: Morpeko|91/100|[from] item: Life Orb
|
|t:|1779859909
|switch|p2a: Empoleon|Empoleon, F|100/100|[from] Volt Switch
|move|p1a: Heatran|Magma Storm|p2a: Empoleon
|-damage|p2a: Empoleon|70/100
|-activate|p2a: Empoleon|move: Magma Storm|[of] p1a: Heatran
|
|-heal|p1a: Heatran|92/100|[from] item: Leftovers
|-damage|p2a: Empoleon|58/100|[from] move: Magma Storm|[partiallytrapped]
|upkeep
|turn|2
|
|t:|1779859918
|move|p1a: Heatran|Protect|p1a: Heatran
|-singleturn|p1a: Heatran|Protect
|move|p2a: Empoleon|Surf|p1a: Heatran
|-activate|p1a: Heatran|move: Protect
|
|-heal|p1a: Heatran|98/100|[from] item: Leftovers
|-damage|p2a: Empoleon|46/100|[from] move: Magma Storm|[partiallytrapped]
|upkeep
|turn|3
|
|t:|1779859925
|move|p1a: Heatran|Earth Power|p2a: Empoleon
|-supereffective|p2a: Empoleon
|-damage|p2a: Empoleon|12/100
|move|p2a: Empoleon|Roost|p2a: Empoleon
|-heal|p2a: Empoleon|62/100
|-singleturn|p2a: Empoleon|move: Roost
|
|-heal|p1a: Heatran|100/100|[from] item: Leftovers
|-damage|p2a: Empoleon|50/100|[from] move: Magma Storm|[partiallytrapped]
|upkeep
|turn|4
|
|t:|1779859936
|move|p1a: Heatran|Earth Power|p2a: Empoleon
|-supereffective|p2a: Empoleon
|-damage|p2a: Empoleon|13/100
|move|p2a: Empoleon|Roost|p2a: Empoleon
|-heal|p2a: Empoleon|63/100
|-singleturn|p2a: Empoleon|move: Roost
|
|-damage|p2a: Empoleon|51/100|[from] move: Magma Storm|[partiallytrapped]
|upkeep
|turn|5
|
|t:|1779859943
|move|p1a: Heatran|Taunt|p2a: Empoleon
|-start|p2a: Empoleon|move: Taunt
|move|p2a: Empoleon|Surf|p1a: Heatran
|-supereffective|p1a: Heatran
|-damage|p1a: Heatran|57/100
|
|-heal|p1a: Heatran|63/100|[from] item: Leftovers
|-damage|p2a: Empoleon|39/100|[from] move: Magma Storm|[partiallytrapped]
|upkeep
|turn|6
|
|t:|1779859951
|move|p1a: Heatran|Earth Power|p2a: Empoleon
|-supereffective|p2a: Empoleon
|-damage|p2a: Empoleon|4/100
|move|p2a: Empoleon|Surf|p1a: Heatran
|-supereffective|p1a: Heatran
|-damage|p1a: Heatran|19/100
|
|-heal|p1a: Heatran|25/100|[from] item: Leftovers
|-end|p2a: Empoleon|Magma Storm|[partiallytrapped]
|upkeep
|turn|7
|
|t:|1779859964
|switch|p2a: Okidogi|Okidogi, M|100/100
|move|p1a: Heatran|Earth Power|p2a: Okidogi
|-supereffective|p2a: Okidogi
|-damage|p2a: Okidogi|38/100
|
|-heal|p1a: Heatran|32/100|[from] item: Leftovers
|upkeep
|turn|8
|
|t:|1779859972
|move|p1a: Heatran|Protect|p1a: Heatran
|-singleturn|p1a: Heatran|Protect
|move|p2a: Okidogi|Drain Punch|p1a: Heatran
|-activate|p1a: Heatran|move: Protect
|
|-heal|p1a: Heatran|38/100|[from] item: Leftovers
|upkeep
|turn|9
|
|t:|1779859980
|switch|p2a: Sandaconda|Sandaconda, F|100/100
|switch|p1a: Dragapult|Dragapult, F|100/100
|
|upkeep
|turn|10
|
|t:|1779859989
|-terastallize|p1a: Dragapult|Ghost
|move|p1a: Dragapult|Shadow Ball|p2a: Sandaconda
|-damage|p2a: Sandaconda|5/100
|move|p2a: Sandaconda|Glare|p1a: Dragapult
|-status|p1a: Dragapult|par
|
|-heal|p2a: Sandaconda|11/100|[from] item: Leftovers
|upkeep
|turn|11
|
|t:|1779859999
|cant|p1a: Dragapult|par
|move|p2a: Sandaconda|Earthquake|p1a: Dragapult
|-damage|p1a: Dragapult|28/100 par
|
|-heal|p2a: Sandaconda|17/100|[from] item: Leftovers
|upkeep
|turn|12
|
|t:|1779860005
|cant|p1a: Dragapult|par
|move|p2a: Sandaconda|Earthquake|p1a: Dragapult
|-damage|p1a: Dragapult|0 fnt
|faint|p1a: Dragapult
|
|-heal|p2a: Sandaconda|23/100|[from] item: Leftovers
|upkeep
|c|☆sharkerthantheteal|cooked
|c|☆sharkerthantheteal|lol
|c|☆sharkerthantheteal|gg
|l|☆sharkerthantheteal
|player|p1|
|j|☆sharkerthantheteal
|player|p1|sharkerthantheteal|nessa-masters|
|
|t:|1779860023
|switch|p1a: Breloom|Breloom, M|100/100
|turn|13
|
|t:|1779860027
|move|p1a: Breloom|Bullet Seed|p2a: Sandaconda
|-supereffective|p2a: Sandaconda
|-damage|p2a: Sandaconda|0 fnt
|faint|p2a: Sandaconda
|-hitcount|p2: Sandaconda|1
|
|upkeep
|
|t:|1779860032
|switch|p2a: Iron Leaves|Iron Leaves|100/100
|-enditem|p2a: Iron Leaves|Booster Energy
|-activate|p2a: Iron Leaves|ability: Quark Drive|[fromitem]
|-start|p2a: Iron Leaves|quarkdriveatk
|turn|14
|
|t:|1779860039
|switch|p1a: Heatran|Heatran, F|38/100
|move|p2a: Iron Leaves|Psyblade|p1a: Heatran
|-resisted|p1a: Heatran
|-damage|p1a: Heatran|17/100
|
|-heal|p1a: Heatran|23/100|[from] item: Leftovers
|upkeep
|turn|15
|
|t:|1779860046
|move|p1a: Heatran|Protect|p1a: Heatran
|-singleturn|p1a: Heatran|Protect
|move|p2a: Iron Leaves|Sacred Sword|p1a: Heatran
|-activate|p1a: Heatran|move: Protect
|
|-heal|p1a: Heatran|29/100|[from] item: Leftovers
|upkeep
|turn|16
|
|t:|1779860061
|move|p2a: Iron Leaves|Sacred Sword|p1a: Heatran
|-supereffective|p1a: Heatran
|-crit|p1a: Heatran
|-damage|p1a: Heatran|0 fnt
|faint|p1a: Heatran
|
|upkeep
|
|t:|1779860066
|switch|p1a: Ninetales|Ninetales-Alola, M|100/100
|-weather|Snowscape|[from] ability: Snow Warning|[of] p1a: Ninetales
|turn|17
|
|t:|1779860075
|-end|p2a: Iron Leaves|Quark Drive|[silent]
|switch|p2a: Empoleon|Empoleon, F|4/100
|move|p1a: Ninetales|Aurora Veil|p1a: Ninetales
|-sidestart|p1: sharkerthantheteal|move: Aurora Veil
|
|-weather|Snowscape|[upkeep]
|upkeep
|turn|18
|
|t:|1779860084
|move|p1a: Ninetales|Freeze-Dry|p2a: Empoleon
|-damage|p2a: Empoleon|0 fnt
|faint|p2a: Empoleon
|
|-weather|Snowscape|[upkeep]
|upkeep
|
|t:|1779860086
|switch|p2a: Skeledirge|Skeledirge, F|100/100
|turn|19
|
|t:|1779860103
|switch|p1a: Cetitan|Cetitan, M|100/100
|move|p2a: Skeledirge|Torch Song|p1a: Cetitan
|-supereffective|p1a: Cetitan
|-damage|p1a: Cetitan|68/100
|-boost|p2a: Skeledirge|spa|1
|
|-weather|Snowscape|[upkeep]
|upkeep
|turn|20
|
|t:|1779860111
|move|p1a: Cetitan|Earthquake|p2a: Skeledirge
|-supereffective|p2a: Skeledirge
|-damage|p2a: Skeledirge|52/100
|move|p2a: Skeledirge|Will-O-Wisp|p1a: Cetitan
|-status|p1a: Cetitan|brn
|
|-weather|Snowscape|[upkeep]
|-heal|p2a: Skeledirge|59/100|[from] item: Leftovers
|-damage|p1a: Cetitan|62/100 brn|[from] brn
|upkeep
|turn|21
|
|t:|1779860120
|move|p1a: Cetitan|Earthquake|p2a: Skeledirge
|-supereffective|p2a: Skeledirge
|-damage|p2a: Skeledirge|30/100
|move|p2a: Skeledirge|Slack Off|p2a: Skeledirge
|-heal|p2a: Skeledirge|80/100
|
|-weather|none
|-heal|p2a: Skeledirge|86/100|[from] item: Leftovers
|-damage|p1a: Cetitan|55/100 brn|[from] brn
|upkeep
|turn|22
|
|t:|1779860128
|move|p1a: Cetitan|Earthquake|p2a: Skeledirge
|-supereffective|p2a: Skeledirge
|-damage|p2a: Skeledirge|60/100
|move|p2a: Skeledirge|Torch Song|p1a: Cetitan
|-supereffective|p1a: Cetitan
|-damage|p1a: Cetitan|8/100 brn
|-boost|p2a: Skeledirge|spa|1
|-enditem|p1a: Cetitan|Sitrus Berry|[eat]
|-heal|p1a: Cetitan|33/100 brn|[from] item: Sitrus Berry
|
|-heal|p2a: Skeledirge|66/100|[from] item: Leftovers
|-damage|p1a: Cetitan|27/100 brn|[from] brn
|upkeep
|turn|23
|
|t:|1779860140
|move|p1a: Cetitan|Earthquake|p2a: Skeledirge
|-supereffective|p2a: Skeledirge
|-damage|p2a: Skeledirge|39/100
|move|p2a: Skeledirge|Slack Off|p2a: Skeledirge
|-heal|p2a: Skeledirge|89/100
|
|-heal|p2a: Skeledirge|95/100|[from] item: Leftovers
|-damage|p1a: Cetitan|20/100 brn|[from] brn
|upkeep
|turn|24
|
|t:|1779860148
|move|p1a: Cetitan|Earthquake|p2a: Skeledirge
|-supereffective|p2a: Skeledirge
|-damage|p2a: Skeledirge|69/100
|move|p2a: Skeledirge|Torch Song|p1a: Cetitan
|-supereffective|p1a: Cetitan
|-damage|p1a: Cetitan|0 fnt
|-boost|p2a: Skeledirge|spa|1
|faint|p1a: Cetitan
|
|-heal|p2a: Skeledirge|75/100|[from] item: Leftovers
|-sideend|p1: sharkerthantheteal|move: Aurora Veil
|upkeep
|inactive|Battle timer is ON: inactive players will automatically lose when time's up. (requested by Roliix)
|
|t:|1779860158
|switch|p1a: Hariyama|Hariyama, F|100/100
|turn|25
|
|t:|1779860165
|move|p1a: Hariyama|Bullet Punch|p2a: Skeledirge
|-resisted|p2a: Skeledirge
|-damage|p2a: Skeledirge|69/100
|move|p2a: Skeledirge|Will-O-Wisp|p1a: Hariyama
|-status|p1a: Hariyama|brn
|
|-heal|p2a: Skeledirge|75/100|[from] item: Leftovers
|-damage|p1a: Hariyama|94/100 brn|[from] brn
|upkeep
|turn|26
|
|t:|1779860174
|move|p1a: Hariyama|Bullet Punch|p2a: Skeledirge
|-resisted|p2a: Skeledirge
|-damage|p2a: Skeledirge|66/100
|move|p2a: Skeledirge|Hex|p1a: Hariyama
|-damage|p1a: Hariyama|0 fnt
|faint|p1a: Hariyama
|
|-heal|p2a: Skeledirge|72/100|[from] item: Leftovers
|upkeep
|
|t:|1779860181
|switch|p1a: Breloom|Breloom, M|100/100
|turn|27
|
|t:|1779860186
|move|p1a: Breloom|Rock Tomb|p2a: Skeledirge
|-supereffective|p2a: Skeledirge
|-damage|p2a: Skeledirge|16/100
|-unboost|p2a: Skeledirge|spe|1
|move|p2a: Skeledirge|Will-O-Wisp|p1a: Breloom
|-status|p1a: Breloom|brn
|
|-heal|p2a: Skeledirge|22/100|[from] item: Leftovers
|-damage|p1a: Breloom|94/100 brn|[from] brn
|upkeep
|turn|28
|
|t:|1779860196
|move|p1a: Breloom|Rock Tomb|p2a: Skeledirge
|-supereffective|p2a: Skeledirge
|-damage|p2a: Skeledirge|0 fnt
|faint|p2a: Skeledirge
|
|-damage|p1a: Breloom|88/100 brn|[from] brn
|upkeep
|
|t:|1779860206
|switch|p2a: Okidogi|Okidogi, M|38/100
|turn|29
|
|t:|1779860212
|move|p2a: Okidogi|Ice Punch|p1a: Breloom
|-supereffective|p1a: Breloom
|-damage|p1a: Breloom|0 fnt
|faint|p1a: Breloom
|
|upkeep
|
|t:|1779860216
|switch|p1a: Ninetales|Ninetales-Alola, M|100/100
|-weather|Snowscape|[from] ability: Snow Warning|[of] p1a: Ninetales
|turn|30
|c|☆sharkerthantheteal|welp
|
|t:|1779860225
|switch|p2a: Morpeko|Morpeko, F|91/100
|move|p1a: Ninetales|Aurora Veil|p1a: Ninetales
|-sidestart|p1: sharkerthantheteal|move: Aurora Veil
|
|-weather|Snowscape|[upkeep]
|-formechange|p2a: Morpeko|Morpeko-Hangry||[from] ability: Hunger Switch
|upkeep
|turn|31
|
|t:|1779860232
|move|p2a: Morpeko|Protect|p2a: Morpeko
|-singleturn|p2a: Morpeko|Protect
|move|p1a: Ninetales|Moonblast|p2a: Morpeko
|-activate|p2a: Morpeko|move: Protect
|
|-weather|Snowscape|[upkeep]
|-formechange|p2a: Morpeko|Morpeko||[from] ability: Hunger Switch
|upkeep
|turn|32
|
|t:|1779860243
|move|p1a: Ninetales|Moonblast|p2a: Morpeko
|-supereffective|p2a: Morpeko
|-damage|p2a: Morpeko|0 fnt
|faint|p2a: Morpeko
|
|-weather|Snowscape|[upkeep]
|upkeep
|
|t:|1779860250
|switch|p2a: Okidogi|Okidogi, M|38/100
|turn|33
|
|t:|1779860253
|move|p1a: Ninetales|Freeze-Dry|p2a: Okidogi
|-damage|p2a: Okidogi|12/100
|move|p2a: Okidogi|Knock Off|p1a: Ninetales
|-resisted|p1a: Ninetales
|-damage|p1a: Ninetales|91/100
|-enditem|p1a: Ninetales|Light Clay|[from] move: Knock Off|[of] p2a: Okidogi
|
|-weather|Snowscape|[upkeep]
|upkeep
|turn|34
|
|t:|1779860264
|move|p1a: Ninetales|Freeze-Dry|p2a: Okidogi
|-damage|p2a: Okidogi|0 fnt
|faint|p2a: Okidogi
|
|-weather|none
|upkeep
|
|t:|1779860265
|switch|p2a: Iron Leaves|Iron Leaves|100/100
|turn|35
|
|t:|1779860273
|move|p1a: Ninetales|Freeze-Dry|p2a: Iron Leaves
|-supereffective|p2a: Iron Leaves
|-damage|p2a: Iron Leaves|61/100
|move|p2a: Iron Leaves|Psyblade|p1a: Ninetales
|-damage|p1a: Ninetales|66/100
|
|upkeep
|turn|36
|
|t:|1779860281
|move|p1a: Ninetales|Freeze-Dry|p2a: Iron Leaves
|-supereffective|p2a: Iron Leaves
|-damage|p2a: Iron Leaves|16/100
|move|p2a: Iron Leaves|Psyblade|p1a: Ninetales
|-damage|p1a: Ninetales|42/100
|
|upkeep
|turn|37
|
|t:|1779860286
|move|p1a: Ninetales|Freeze-Dry|p2a: Iron Leaves
|-supereffective|p2a: Iron Leaves
|-damage|p2a: Iron Leaves|0 fnt
|faint|p2a: Iron Leaves
|-end|p2a: Iron Leaves|Quark Drive|[silent]
|
|win|sharkerthantheteal
|raw|sharkerthantheteal's rating: 1089 &rarr; <strong>1116</strong><br />(+27 for winning)
|raw|Roliix's rating: 1099 &rarr; <strong>1073</strong><br />(-26 for losing)
|l|☆Roliix
|player|p2|
|c|☆sharkerthantheteal|somehow
|c|☆sharkerthantheteal|i win
