|j|☆hat40
|j|☆goodnightnite
|t:|1779803823
|gametype|singles
|player|p1|hat40|101|1586
|player|p2|goodnightnite|miku-water|1653
|gen|9
|tier|[Gen 9] OU
|rated|
|rule|HP Percentage Mod: HP is shown in percentages
|rule|Endless Battle Clause: Forcing endless battles is banned
|rule|Species Clause: Limit one of each Pokémon
|rule|OHKO Clause: OHKO moves are banned
|rule|Evasion Items Clause: Evasion items are banned
|rule|Evasion Moves Clause: Evasion moves are banned
|rule|Evasion Abilities Clause: Evasion abilities are banned
|rule|Sleep Moves Clause: Sleep-inducing moves are banned
|clearpoke
|poke|p1|Pelipper, F|
|poke|p1|Manaphy|
|poke|p1|Bruxish, M|
|poke|p1|Overqwil, F|
|poke|p1|Iron Treads|
|poke|p1|Raging Bolt|
|poke|p2|Primarina, M|
|poke|p2|Zamazenta-*|
|poke|p2|Gholdengo|
|poke|p2|Rillaboom, M|
|poke|p2|Glimmora, M|
|poke|p2|Hydreigon, M|
|teampreview
|inactive|Battle timer is ON: inactive players will automatically lose when time's up. (requested by goodnightnite)
|
|t:|1779803835
|teamsize|p1|6
|teamsize|p2|6
|start
|switch|p1a: Pelipper|Pelipper, F|100/100
|switch|p2a: Celestine|Primarina, M, shiny|100/100
|-weather|RainDance|[from] ability: Drizzle|[of] p1a: Pelipper
|turn|1
|
|t:|1779803842
|move|p1a: Pelipper|U-turn|p2a: Celestine
|-resisted|p2a: Celestine
|-damage|p2a: Celestine|95/100
|
|t:|1779803844
|switch|p1a: Overqwil|Overqwil, F|100/100|[from] U-turn
|move|p2a: Celestine|Moonblast|p1a: Overqwil
|-damage|p1a: Overqwil|13/100
|
|-weather|RainDance|[upkeep]
|upkeep
|turn|2
|
|t:|1779803851
|switch|p2a: Bullet|Glimmora, M, shiny|100/100
|move|p1a: Overqwil|Gunk Shot|p2a: Bullet|[miss]
|-miss|p1a: Overqwil|p2a: Bullet
|
|-weather|RainDance|[upkeep]
|upkeep
|turn|3
|
|t:|1779803857
|switch|p2a: Kong|Rillaboom, M, shiny|100/100
|-fieldstart|move: Grassy Terrain|[from] ability: Grassy Surge|[of] p2a: Kong
|move|p1a: Overqwil|Liquidation|p2a: Kong
|-resisted|p2a: Kong
|-damage|p2a: Kong|71/100
|-damage|p1a: Overqwil|3/100|[from] item: Life Orb
|
|-weather|RainDance|[upkeep]
|-heal|p1a: Overqwil|10/100|[from] Grassy Terrain
|-heal|p2a: Kong|78/100|[from] Grassy Terrain
|upkeep
|turn|4
|
|t:|1779803872
|switch|p1a: Bruxish|Bruxish, M|100/100
|move|p2a: Kong|Grassy Glide||[still]
|cant|p1a: Bruxish|ability: Dazzling|Grassy Glide|[of] p2a: Kong
|
|-weather|RainDance|[upkeep]
|-heal|p2a: Kong|84/100|[from] Grassy Terrain
|upkeep
|turn|5
|
|t:|1779803877
|move|p1a: Bruxish|Flip Turn|p2a: Kong
|-resisted|p2a: Kong
|-damage|p2a: Kong|64/100
|
|t:|1779803885
|switch|p1a: Raging Bolt|Raging Bolt|100/100|[from] Flip Turn
|-enditem|p1a: Raging Bolt|Booster Energy
|-activate|p1a: Raging Bolt|ability: Protosynthesis|[fromitem]
|-start|p1a: Raging Bolt|protosynthesisspa
|move|p2a: Kong|Knock Off|p1a: Raging Bolt
|-damage|p1a: Raging Bolt|75/100
|-damage|p2a: Kong|54/100|[from] item: Life Orb
|
|-weather|RainDance|[upkeep]
|-heal|p2a: Kong|60/100|[from] Grassy Terrain
|-heal|p1a: Raging Bolt|81/100|[from] Grassy Terrain
|upkeep
|turn|6
|
|t:|1779803892
|move|p2a: Kong|High Horsepower|p1a: Raging Bolt
|-supereffective|p1a: Raging Bolt
|-damage|p1a: Raging Bolt|5/100
|-damage|p2a: Kong|50/100|[from] item: Life Orb
|move|p1a: Raging Bolt|Dragon Pulse|p2a: Kong
|-damage|p2a: Kong|0 fnt
|faint|p2a: Kong
|
|-weather|RainDance|[upkeep]
|-heal|p1a: Raging Bolt|11/100|[from] Grassy Terrain
|upkeep
|
|t:|1779803901
|switch|p2a: Spirit Rush|Gholdengo, shiny|100/100
|-enditem|p2a: Spirit Rush|Grassy Seed
|-boost|p2a: Spirit Rush|def|1|[from] item: Grassy Seed
|turn|7
|
|t:|1779803912
|move|p1a: Raging Bolt|Thunderclap||[still]
|-fail|p1a: Raging Bolt
|move|p2a: Spirit Rush|Nasty Plot|p2a: Spirit Rush
|-boost|p2a: Spirit Rush|spa|2
|
|-weather|RainDance|[upkeep]
|-heal|p1a: Raging Bolt|17/100|[from] Grassy Terrain
|-fieldend|move: Grassy Terrain
|upkeep
|turn|8
|
|t:|1779803918
|move|p1a: Raging Bolt|Thunderbolt|p2a: Spirit Rush
|-damage|p2a: Spirit Rush|50/100
|move|p2a: Spirit Rush|Shadow Ball|p1a: Raging Bolt
|-damage|p1a: Raging Bolt|0 fnt
|faint|p1a: Raging Bolt
|-end|p1a: Raging Bolt|Protosynthesis|[silent]
|
|-weather|none
|upkeep
|
|t:|1779803924
|switch|p1a: Overqwil|Overqwil, F|10/100
|turn|9
|
|t:|1779803929
|-terastallize|p2a: Spirit Rush|Water
|move|p1a: Overqwil|Crunch|p2a: Spirit Rush
|-damage|p2a: Spirit Rush|15/100
|-damage|p1a: Overqwil|0 fnt|[from] item: Life Orb
|faint|p1a: Overqwil
|move|p2a: Spirit Rush|Recover|p2a: Spirit Rush
|-heal|p2a: Spirit Rush|65/100
|
|upkeep
|
|t:|1779803936
|switch|p1a: Manaphy|Manaphy|100/100
|turn|10
|
|t:|1779803939
|move|p1a: Manaphy|Energy Ball|p2a: Spirit Rush
|-supereffective|p2a: Spirit Rush
|-damage|p2a: Spirit Rush|26/100
|move|p2a: Spirit Rush|Shadow Ball|p1a: Manaphy
|-damage|p1a: Manaphy|30/100
|
|upkeep
|turn|11
|
|t:|1779803943
|switch|p2a: Hybrid|Hydreigon, M, shiny|100/100
|move|p1a: Manaphy|Energy Ball|p2a: Hybrid
|-resisted|p2a: Hybrid
|-damage|p2a: Hybrid|86/100
|
|upkeep
|turn|12
|
|t:|1779803949
|switch|p2a: Celestine|Primarina, M, shiny|95/100
|move|p1a: Manaphy|Ice Beam|p2a: Celestine
|-resisted|p2a: Celestine
|-damage|p2a: Celestine|88/100
|
|upkeep
|turn|13
|
|t:|1779803954
|move|p1a: Manaphy|Energy Ball|p2a: Celestine
|-supereffective|p2a: Celestine
|-damage|p2a: Celestine|62/100
|move|p2a: Celestine|Moonblast|p1a: Manaphy
|-damage|p1a: Manaphy|0 fnt
|faint|p1a: Manaphy
|
|upkeep
|
|t:|1779803959
|switch|p1a: Iron Treads|Iron Treads|100/100
|-enditem|p1a: Iron Treads|Booster Energy
|-activate|p1a: Iron Treads|ability: Quark Drive|[fromitem]
|-start|p1a: Iron Treads|quarkdrivespe
|turn|14
|
|t:|1779803963
|move|p1a: Iron Treads|Earthquake|p2a: Celestine
|-damage|p2a: Celestine|20/100
|move|p2a: Celestine|Psychic Noise|p1a: Iron Treads
|-supereffective|p1a: Iron Treads
|-damage|p1a: Iron Treads|27/100
|-start|p1a: Iron Treads|move: Heal Block
|
|upkeep
|turn|15
|
|t:|1779803970
|move|p1a: Iron Treads|Earthquake|p2a: Celestine
|-damage|p2a: Celestine|0 fnt
|faint|p2a: Celestine
|
|-end|p1a: Iron Treads|move: Heal Block
|upkeep
|
|t:|1779803977
|switch|p2a: Trojan|Zamazenta, shiny|100/100
|-ability|p2a: Trojan|Dauntless Shield|boost
|-boost|p2a: Trojan|def|1
|turn|16
|
|t:|1779803982
|move|p1a: Iron Treads|Knock Off|p2a: Trojan
|-resisted|p2a: Trojan
|-damage|p2a: Trojan|94/100
|-enditem|p2a: Trojan|Leftovers|[from] move: Knock Off|[of] p1a: Iron Treads
|move|p2a: Trojan|Iron Defense|p2a: Trojan
|-boost|p2a: Trojan|def|2
|
|upkeep
|turn|17
|
|t:|1779803986
|move|p1a: Iron Treads|Stealth Rock|p2a: Trojan
|-sidestart|p2: goodnightnite|move: Stealth Rock
|move|p2a: Trojan|Body Press|p1a: Iron Treads
|-supereffective|p1a: Iron Treads
|-damage|p1a: Iron Treads|0 fnt
|faint|p1a: Iron Treads
|-end|p1a: Iron Treads|Quark Drive|[silent]
|
|upkeep
|
|t:|1779803988
|switch|p1a: Pelipper|Pelipper, F|100/100
|-weather|RainDance|[from] ability: Drizzle|[of] p1a: Pelipper
|turn|18
|
|t:|1779803993
|move|p2a: Trojan|Body Press|p1a: Pelipper
|-resisted|p1a: Pelipper
|-damage|p1a: Pelipper|69/100
|move|p1a: Pelipper|Hurricane|p2a: Trojan
|-supereffective|p2a: Trojan
|-damage|p2a: Trojan|39/100
|
|-weather|RainDance|[upkeep]
|upkeep
|turn|19
|
|t:|1779804000
|move|p2a: Trojan|Substitute|p2a: Trojan
|-start|p2a: Trojan|Substitute
|-damage|p2a: Trojan|14/100
|move|p1a: Pelipper|Roost|p1a: Pelipper
|-heal|p1a: Pelipper|100/100
|-singleturn|p1a: Pelipper|move: Roost
|
|-weather|RainDance|[upkeep]
|upkeep
|turn|20
|
|t:|1779804005
|move|p2a: Trojan|Body Press|p1a: Pelipper
|-resisted|p1a: Pelipper
|-damage|p1a: Pelipper|72/100
|move|p1a: Pelipper|Hurricane|p2a: Trojan
|-supereffective|p2a: Trojan
|-end|p2a: Trojan|Substitute
|
|-weather|RainDance|[upkeep]
|upkeep
|turn|21
|
|t:|1779804009
|move|p2a: Trojan|Body Press|p1a: Pelipper
|-resisted|p1a: Pelipper
|-damage|p1a: Pelipper|44/100
|move|p1a: Pelipper|Roost|p1a: Pelipper
|-heal|p1a: Pelipper|94/100
|-singleturn|p1a: Pelipper|move: Roost
|
|-weather|RainDance|[upkeep]
|upkeep
|turn|22
|
|t:|1779804013
|move|p2a: Trojan|Body Press|p1a: Pelipper
|-resisted|p1a: Pelipper
|-damage|p1a: Pelipper|64/100
|move|p1a: Pelipper|Roost|p1a: Pelipper
|-heal|p1a: Pelipper|100/100
|-singleturn|p1a: Pelipper|move: Roost
|
|-weather|RainDance|[upkeep]
|upkeep
|turn|23
|
|t:|1779804017
|move|p2a: Trojan|Body Press|p1a: Pelipper
|-resisted|p1a: Pelipper
|-damage|p1a: Pelipper|69/100
|move|p1a: Pelipper|Hurricane|p2a: Trojan
|-supereffective|p2a: Trojan
|-crit|p2a: Trojan
|-damage|p2a: Trojan|0 fnt
|faint|p2a: Trojan
|
|-weather|RainDance|[upkeep]
|upkeep
|
|t:|1779804029
|switch|p2a: Hybrid|Hydreigon, M, shiny|86/100
|-damage|p2a: Hybrid|74/100|[from] Stealth Rock
|turn|24
|
|t:|1779804033
|move|p2a: Hybrid|Dark Pulse|p1a: Pelipper
|-damage|p1a: Pelipper|0 fnt
|faint|p1a: Pelipper
|
|-weather|RainDance|[upkeep]
|upkeep
|
|t:|1779804036
|switch|p1a: Bruxish|Bruxish, M|100/100
|turn|25
|
|t:|1779804040
|-terastallize|p1a: Bruxish|Water
|move|p1a: Bruxish|Wave Crash|p2a: Hybrid
|-resisted|p2a: Hybrid
|-damage|p2a: Hybrid|11/100
|-damage|p1a: Bruxish|76/100|[from] Recoil
|move|p2a: Hybrid|Dark Pulse|p1a: Bruxish
|-damage|p1a: Bruxish|0 fnt
|faint|p1a: Bruxish
|
|win|goodnightnite
|raw|hat40's rating: 1586 &rarr; <strong>1570</strong><br />(-16 for losing)
|raw|goodnightnite's rating: 1653 &rarr; <strong>1669</strong><br />(+16 for winning)
|l|☆goodnightnite
|player|p2|
|l|☆hat40
|player|p1|
