|j|☆claudechamp
|j|☆ae12345
|t:|1779823490
|gametype|singles
|player|p1|claudechamp|265|1219
|player|p2|ae12345|ghetsis|1188
|gen|9
|tier|[Gen 9] OU
|rated|
|rule|HP Percentage Mod: HP is shown in percentages
|rule|Endless Battle Clause: Forcing endless battles is banned
|rule|Species Clause: Limit one of each Pokémon
|rule|OHKO Clause: OHKO moves are banned
|rule|Evasion Items Clause: Evasion items are banned
|rule|Evasion Moves Clause: Evasion moves are banned
|rule|Evasion Abilities Clause: Evasion abilities are banned
|rule|Sleep Moves Clause: Sleep-inducing moves are banned
|clearpoke
|poke|p1|Gliscor, F|
|poke|p1|Gholdengo|
|poke|p1|Zamazenta-*|
|poke|p1|Blissey, F|
|poke|p1|Skarmory, F|
|poke|p1|Pecharunt|
|poke|p2|Great Tusk|
|poke|p2|Gholdengo|
|poke|p2|Kingambit, F|
|poke|p2|Iron Valiant|
|poke|p2|Corviknight, M|
|poke|p2|Ogerpon-Wellspring, F|
|teampreview
|c|☆claudechamp|hf
|inactive|Battle timer is ON: inactive players will automatically lose when time's up. (requested by claudechamp)
|
|t:|1779823500
|teamsize|p1|6
|teamsize|p2|6
|start
|switch|p1a: Skarmory|Skarmory, F|100/100
|switch|p2a: Kingambit|Kingambit, F|100/100
|-item|p2a: Kingambit|Air Balloon
|turn|1
|
|t:|1779823519
|move|p1a: Skarmory|Spikes|p2a: Kingambit
|-sidestart|p2: ae12345|Spikes
|move|p2a: Kingambit|Kowtow Cleave|p1a: Skarmory
|-damage|p1a: Skarmory|72/100
|
|upkeep
|turn|2
|
|t:|1779823539
|-end|p2a: Kingambit|fallenundefined|[silent]
|switch|p2a: Gholdengo|Gholdengo|100/100
|-item|p2a: Gholdengo|Air Balloon
|move|p1a: Skarmory|Spikes|p2a: Gholdengo
|-sidestart|p2: ae12345|Spikes
|
|upkeep
|turn|3
|
|t:|1779823552
|switch|p1a: Blissey|Blissey, F|100/100
|move|p2a: Gholdengo|Nasty Plot|p2a: Gholdengo
|-boost|p2a: Gholdengo|spa|2
|
|upkeep
|turn|4
|
|t:|1779823561
|move|p2a: Gholdengo|Nasty Plot|p2a: Gholdengo
|-boost|p2a: Gholdengo|spa|2
|move|p1a: Blissey|Shadow Ball|p2a: Gholdengo
|-supereffective|p2a: Gholdengo
|-damage|p2a: Gholdengo|74/100
|-enditem|p2a: Gholdengo|Air Balloon
|
|upkeep
|turn|5
|
|t:|1779823573
|move|p2a: Gholdengo|Make It Rain|p1a: Blissey
|-damage|p1a: Blissey|40/100
|-unboost|p2a: Gholdengo|spa|1
|move|p1a: Blissey|Shadow Ball|p2a: Gholdengo
|-supereffective|p2a: Gholdengo
|-damage|p2a: Gholdengo|44/100
|
|upkeep
|turn|6
|
|t:|1779823585
|switch|p1a: Zamazenta|Zamazenta|100/100
|-ability|p1a: Zamazenta|Dauntless Shield|boost
|-boost|p1a: Zamazenta|def|1
|move|p2a: Gholdengo|Make It Rain|p1a: Zamazenta
|-damage|p1a: Zamazenta|0 fnt
|-unboost|p2a: Gholdengo|spa|1
|faint|p1a: Zamazenta
|
|upkeep
|
|t:|1779823589
|switch|p1a: Blissey|Blissey, F|40/100
|turn|7
|
|t:|1779823604
|move|p2a: Gholdengo|Recover|p2a: Gholdengo
|-heal|p2a: Gholdengo|94/100
|move|p1a: Blissey|Shadow Ball|p2a: Gholdengo
|-supereffective|p2a: Gholdengo
|-damage|p2a: Gholdengo|64/100
|
|upkeep
|turn|8
|
|t:|1779823614
|switch|p1a: Skarmory|Skarmory, F|72/100
|move|p2a: Gholdengo|Make It Rain|p1a: Skarmory
|-resisted|p1a: Skarmory
|-damage|p1a: Skarmory|0 fnt
|-unboost|p2a: Gholdengo|spa|1
|faint|p1a: Skarmory
|
|upkeep
|
|t:|1779823627
|switch|p1a: Blissey|Blissey, F|40/100
|turn|9
|
|t:|1779823640
|move|p2a: Gholdengo|Nasty Plot|p2a: Gholdengo
|-boost|p2a: Gholdengo|spa|2
|move|p1a: Blissey|Shadow Ball|p2a: Gholdengo
|-supereffective|p2a: Gholdengo
|-damage|p2a: Gholdengo|38/100
|
|upkeep
|turn|10
|
|t:|1779823653
|switch|p1a: Gliscor|Gliscor, F|100/100
|move|p2a: Gholdengo|Make It Rain|p1a: Gliscor
|-damage|p1a: Gliscor|0 fnt
|-unboost|p2a: Gholdengo|spa|1
|faint|p1a: Gliscor
|
|upkeep
|
|t:|1779823662
|switch|p1a: Blissey|Blissey, F|40/100
|turn|11
|
|t:|1779823676
|move|p2a: Gholdengo|Make It Rain|p1a: Blissey
|-damage|p1a: Blissey|0 fnt
|-unboost|p2a: Gholdengo|spa|1
|faint|p1a: Blissey
|
|upkeep
|
|t:|1779823686
|switch|p1a: Pecharunt|Pecharunt|100/100
|turn|12
|
|t:|1779823702
|-terastallize|p1a: Pecharunt|Fairy
|-terastallize|p2a: Gholdengo|Water
|move|p1a: Pecharunt|Recover||[still]
|-fail|p1a: Pecharunt|heal
|move|p2a: Gholdengo|Shadow Ball|p1a: Pecharunt
|-damage|p1a: Pecharunt|34/100
|
|upkeep
|turn|13
|
|t:|1779823716
|move|p1a: Pecharunt|Shadow Ball|p2a: Gholdengo
|-damage|p2a: Gholdengo|14/100
|move|p2a: Gholdengo|Shadow Ball|p1a: Pecharunt
|-damage|p1a: Pecharunt|0 fnt
|faint|p1a: Pecharunt
|
|upkeep
|inactive|claudechamp has 120 seconds left.
|
|t:|1779823729
|switch|p1a: Gholdengo|Gholdengo|100/100
|turn|14
|
|t:|1779823736
|move|p1a: Gholdengo|Hex|p2a: Gholdengo
|-damage|p2a: Gholdengo|0 fnt
|faint|p2a: Gholdengo
|
|upkeep
|
|t:|1779823741
|switch|p2a: Kingambit|Kingambit, F|100/100
|-activate|p2a: Kingambit|ability: Supreme Overlord
|-start|p2a: Kingambit|fallen1|[silent]
|-item|p2a: Kingambit|Air Balloon
|turn|15
|
|t:|1779823754
|move|p1a: Gholdengo|Thunder Wave|p2a: Kingambit
|-status|p2a: Kingambit|par
|move|p2a: Kingambit|Kowtow Cleave|p1a: Gholdengo
|-supereffective|p1a: Gholdengo
|-damage|p1a: Gholdengo|25/100
|
|upkeep
|turn|16
|
|t:|1779823776
|move|p1a: Gholdengo|Recover|p1a: Gholdengo
|-heal|p1a: Gholdengo|75/100
|move|p2a: Kingambit|Kowtow Cleave|p1a: Gholdengo
|-supereffective|p1a: Gholdengo
|-damage|p1a: Gholdengo|0 fnt
|faint|p1a: Gholdengo
|
|win|ae12345
|raw|claudechamp's rating: 1219 &rarr; <strong>1192</strong><br />(-27 for losing)
|raw|ae12345's rating: 1188 &rarr; <strong>1215</strong><br />(+27 for winning)
|l|☆ae12345
|player|p2|
|c|☆claudechamp|gg
