|j|☆Yoshertdoo
|j|☆DerpGod69
|t:|1779849771
|gametype|singles
|player|p1|Yoshertdoo|lucas|1126
|player|p2|DerpGod69|swimmerf-gen4|1060
|gen|9
|tier|[Gen 9] OU
|rated|
|rule|HP Percentage Mod: HP is shown in percentages
|rule|Endless Battle Clause: Forcing endless battles is banned
|rule|Species Clause: Limit one of each Pokémon
|rule|OHKO Clause: OHKO moves are banned
|rule|Evasion Items Clause: Evasion items are banned
|rule|Evasion Moves Clause: Evasion moves are banned
|rule|Evasion Abilities Clause: Evasion abilities are banned
|rule|Sleep Moves Clause: Sleep-inducing moves are banned
|clearpoke
|poke|p1|Gliscor, M|
|poke|p1|Garchomp, M|
|poke|p1|Infernape, M|
|poke|p1|Talonflame, F|
|poke|p1|Rotom|
|poke|p1|Bastiodon, M|
|poke|p2|Mimikyu, F|
|poke|p2|Toxapex, M|
|poke|p2|Hatterene, F|
|poke|p2|Slowking, M|
|poke|p2|Regieleki|
|poke|p2|Manaphy|
|teampreview
|
|t:|1779849779
|teamsize|p1|6
|teamsize|p2|6
|start
|switch|p1a: Talonflame|Talonflame, F|100/100
|switch|p2a: Regieleki|Regieleki|100/100
|turn|1
|
|t:|1779849787
|move|p1a: Talonflame|Tailwind|p1a: Talonflame
|-sidestart|p1: Yoshertdoo|move: Tailwind
|move|p2a: Regieleki|Light Screen|p2a: Regieleki
|-sidestart|p2: DerpGod69|move: Light Screen
|
|upkeep
|turn|2
|
|t:|1779849794
|switch|p1a: Gliscor|Gliscor, M|100/100
|move|p2a: Regieleki|Reflect|p2a: Regieleki
|-sidestart|p2: DerpGod69|Reflect
|
|-status|p1a: Gliscor|tox|[from] item: Toxic Orb
|upkeep
|turn|3
|
|t:|1779849805
|move|p1a: Gliscor|Psychic Fangs|p2a: Regieleki
|-sideend|p2: DerpGod69|Reflect
|-sideend|p2: DerpGod69|move: Light Screen
|-damage|p2a: Regieleki|61/100
|move|p2a: Regieleki|Rapid Spin|p1a: Gliscor
|-damage|p1a: Gliscor|90/100 tox
|-boost|p2a: Regieleki|spe|1
|
|-heal|p1a: Gliscor|100/100 tox|[from] ability: Poison Heal
|upkeep
|turn|4
|
|t:|1779849821
|switch|p2a: Toxapex|Toxapex, M, shiny|100/100
|move|p1a: Gliscor|Knock Off|p2a: Toxapex
|-damage|p2a: Toxapex|81/100
|-damage|p1a: Gliscor|84/100 tox|[from] item: Rocky Helmet|[of] p2a: Toxapex
|-enditem|p2a: Toxapex|Rocky Helmet|[from] move: Knock Off|[of] p1a: Gliscor
|
|-heal|p1a: Gliscor|96/100 tox|[from] ability: Poison Heal
|-sideend|p1: Yoshertdoo|move: Tailwind
|upkeep
|turn|5
|
|t:|1779849842
|move|p1a: Gliscor|Facade|p2a: Toxapex
|-damage|p2a: Toxapex|54/100
|move|p2a: Toxapex|Infestation|p1a: Gliscor
|-resisted|p1a: Gliscor
|-damage|p1a: Gliscor|94/100 tox
|-activate|p1a: Gliscor|move: Infestation|[of] p2a: Toxapex
|
|-heal|p1a: Gliscor|100/100 tox|[from] ability: Poison Heal
|-damage|p1a: Gliscor|88/100 tox|[from] move: Infestation|[partiallytrapped]
|upkeep
|turn|6
|
|t:|1779849854
|move|p1a: Gliscor|U-turn|p2a: Toxapex
|-resisted|p2a: Toxapex
|-damage|p2a: Toxapex|47/100
|
|t:|1779849860
|switch|p1a: Bastiodon|Bastiodon, M|100/100|[from] U-turn
|move|p2a: Toxapex|Recover|p2a: Toxapex
|-heal|p2a: Toxapex|97/100
|
|upkeep
|turn|7
|
|t:|1779849874
|move|p1a: Bastiodon|Iron Defense|p1a: Bastiodon
|-boost|p1a: Bastiodon|def|2
|move|p2a: Toxapex|Infestation|p1a: Bastiodon
|-resisted|p1a: Bastiodon
|-damage|p1a: Bastiodon|99/100
|-activate|p1a: Bastiodon|move: Infestation|[of] p2a: Toxapex
|
|-damage|p1a: Bastiodon|87/100|[from] move: Infestation|[partiallytrapped]
|upkeep
|turn|8
|
|t:|1779849883
|move|p2a: Toxapex|Baneful Bunker|p2a: Toxapex
|-singleturn|p2a: Toxapex|move: Protect
|move|p1a: Bastiodon|Iron Defense|p1a: Bastiodon
|-boost|p1a: Bastiodon|def|2
|
|-damage|p1a: Bastiodon|75/100|[from] move: Infestation|[partiallytrapped]
|upkeep
|turn|9
|
|t:|1779849891
|move|p1a: Bastiodon|Iron Defense|p1a: Bastiodon
|-boost|p1a: Bastiodon|def|2
|move|p2a: Toxapex|Recover|p2a: Toxapex
|-heal|p2a: Toxapex|100/100
|
|-damage|p1a: Bastiodon|63/100|[from] move: Infestation|[partiallytrapped]
|upkeep
|turn|10
|
|t:|1779849899
|move|p1a: Bastiodon|Body Press|p2a: Toxapex
|-resisted|p2a: Toxapex
|-damage|p2a: Toxapex|64/100
|move|p2a: Toxapex|Infestation|p1a: Bastiodon
|-resisted|p1a: Bastiodon
|-damage|p1a: Bastiodon|62/100
|
|-damage|p1a: Bastiodon|50/100|[from] move: Infestation|[partiallytrapped]
|upkeep
|-enditem|p1a: Bastiodon|Sitrus Berry|[eat]
|-heal|p1a: Bastiodon|75/100|[from] item: Sitrus Berry
|turn|11
|
|t:|1779849912
|switch|p2a: Hatterene|Hatterene, F|100/100
|move|p1a: Bastiodon|Body Press|p2a: Hatterene
|-resisted|p2a: Hatterene
|-damage|p2a: Hatterene|72/100
|
|-heal|p2a: Hatterene|78/100|[from] item: Leftovers
|-end|p1a: Bastiodon|Infestation|[partiallytrapped]|[silent]
|upkeep
|turn|12
|
|t:|1779849930
|switch|p1a: Talonflame|Talonflame, F|100/100
|-terastallize|p2a: Hatterene|Psychic
|move|p2a: Hatterene|Nuzzle|p1a: Talonflame
|-supereffective|p1a: Talonflame
|-damage|p1a: Talonflame|88/100
|-status|p1a: Talonflame|par
|
|-heal|p2a: Hatterene|84/100|[from] item: Leftovers
|upkeep
|turn|13
|
|t:|1779849946
|cant|p1a: Talonflame|par
|move|p2a: Hatterene|Calm Mind|p2a: Hatterene
|-boost|p2a: Hatterene|spa|1
|-boost|p2a: Hatterene|spd|1
|
|-heal|p2a: Hatterene|90/100|[from] item: Leftovers
|upkeep
|turn|14
|
|t:|1779849954
|move|p1a: Talonflame|Taunt|p2a: Hatterene
|move|p2a: Hatterene|Taunt|p1a: Talonflame|[from] ability: Magic Bounce
|-start|p1a: Talonflame|move: Taunt
|move|p2a: Hatterene|Calm Mind|p2a: Hatterene
|-boost|p2a: Hatterene|spa|1
|-boost|p2a: Hatterene|spd|1
|
|-heal|p2a: Hatterene|96/100|[from] item: Leftovers
|upkeep
|turn|15
|
|t:|1779849967
|move|p1a: Talonflame|Acrobatics|p2a: Hatterene
|-damage|p2a: Hatterene|62/100
|move|p2a: Hatterene|Calm Mind|p2a: Hatterene
|-boost|p2a: Hatterene|spa|1
|-boost|p2a: Hatterene|spd|1
|
|-heal|p2a: Hatterene|68/100|[from] item: Leftovers
|upkeep
|turn|16
|
|t:|1779849976
|move|p1a: Talonflame|Acrobatics|p2a: Hatterene
|-damage|p2a: Hatterene|38/100
|move|p2a: Hatterene|Draining Kiss|p1a: Talonflame
|-resisted|p1a: Talonflame
|-damage|p1a: Talonflame|50/100 par
|-heal|p2a: Hatterene|70/100|[from] drain|[of] p1a: Talonflame
|
|-heal|p2a: Hatterene|76/100|[from] item: Leftovers
|upkeep
|turn|17
|
|t:|1779849986
|move|p1a: Talonflame|Acrobatics|p2a: Hatterene
|-damage|p2a: Hatterene|43/100
|move|p2a: Hatterene|Draining Kiss|p1a: Talonflame
|-resisted|p1a: Talonflame
|-damage|p1a: Talonflame|12/100 par
|-heal|p2a: Hatterene|76/100|[from] drain|[of] p1a: Talonflame
|
|-heal|p2a: Hatterene|82/100|[from] item: Leftovers
|-end|p1a: Talonflame|move: Taunt
|upkeep
|turn|18
|
|t:|1779849999
|cant|p1a: Talonflame|par
|move|p2a: Hatterene|Draining Kiss|p1a: Talonflame
|-resisted|p1a: Talonflame
|-damage|p1a: Talonflame|0 fnt
|-heal|p2a: Hatterene|91/100|[from] drain|[of] p1a: Talonflame
|faint|p1a: Talonflame
|
|-heal|p2a: Hatterene|97/100|[from] item: Leftovers
|upkeep
|
|t:|1779850003
|switch|p1a: Gliscor|Gliscor, M|88/100 tox
|turn|19
|
|t:|1779850008
|move|p1a: Gliscor|Knock Off|p2a: Hatterene
|-supereffective|p2a: Hatterene
|-damage|p2a: Hatterene|47/100
|-enditem|p2a: Hatterene|Leftovers|[from] move: Knock Off|[of] p1a: Gliscor
|move|p2a: Hatterene|Draining Kiss|p1a: Gliscor
|-damage|p1a: Gliscor|0 fnt
|-heal|p2a: Hatterene|100/100|[from] drain|[of] p1a: Gliscor
|faint|p1a: Gliscor
|
|upkeep
|
|t:|1779850020
|switch|p1a: Rotom|Rotom|100/100
|turn|20
|
|t:|1779850029
|-terastallize|p1a: Rotom|Flying
|move|p1a: Rotom|Dark Pulse|p2a: Hatterene
|-supereffective|p2a: Hatterene
|-damage|p2a: Hatterene|85/100
|move|p2a: Hatterene|Draining Kiss|p1a: Rotom
|-damage|p1a: Rotom|4/100
|-heal|p2a: Hatterene|100/100|[from] drain|[of] p1a: Rotom
|
|-status|p1a: Rotom|brn|[from] item: Flame Orb
|upkeep
|turn|21
|
|t:|1779850043
|move|p1a: Rotom|Trick|p2a: Hatterene
|-activate|p1a: Rotom|move: Trick|[of] p2a: Hatterene
|-item|p2a: Hatterene|Flame Orb|[from] move: Trick
|-enditem|p1a: Rotom|Flame Orb|[silent]|[from] move: Trick
|move|p2a: Hatterene|Draining Kiss|p1a: Rotom
|-damage|p1a: Rotom|0 fnt
|faint|p1a: Rotom
|
|-status|p2a: Hatterene|brn|[from] item: Flame Orb
|upkeep
|
|t:|1779850055
|switch|p1a: Garchomp|Garchomp, M|100/100
|turn|22
|
|t:|1779850066
|move|p1a: Garchomp|Earthquake|p2a: Hatterene
|-damage|p2a: Hatterene|53/100 brn
|move|p2a: Hatterene|Draining Kiss|p1a: Garchomp
|-supereffective|p1a: Garchomp
|-enditem|p1a: Garchomp|Focus Sash
|-damage|p1a: Garchomp|1/100
|-heal|p2a: Hatterene|100/100 brn|[from] drain|[of] p1a: Garchomp
|-damage|p2a: Hatterene|88/100 brn|[from] ability: Rough Skin|[of] p1a: Garchomp
|
|-damage|p2a: Hatterene|82/100 brn|[from] brn
|upkeep
|turn|23
|
|t:|1779850086
|move|p1a: Garchomp|Iron Head|p2a: Hatterene
|-damage|p2a: Hatterene|53/100 brn
|move|p2a: Hatterene|Draining Kiss|p1a: Garchomp
|-supereffective|p1a: Garchomp
|-damage|p1a: Garchomp|0 fnt
|-heal|p2a: Hatterene|53/100 brn|[from] drain|[of] p1a: Garchomp
|-damage|p2a: Hatterene|41/100 brn|[from] ability: Rough Skin|[of] p1a: Garchomp
|faint|p1a: Garchomp
|
|-damage|p2a: Hatterene|35/100 brn|[from] brn
|upkeep
|
|t:|1779850098
|switch|p1a: Infernape|Infernape, M|100/100
|turn|24
|
|t:|1779850104
|move|p1a: Infernape|Fire Punch|p2a: Hatterene
|-damage|p2a: Hatterene|0 fnt
|faint|p2a: Hatterene
|
|upkeep
|
|t:|1779850112
|switch|p2a: Manaphy|Manaphy|100/100
|turn|25
|
|t:|1779850117
|switch|p1a: Bastiodon|Bastiodon, M|75/100
|move|p2a: Manaphy|Tail Glow|p2a: Manaphy
|-boost|p2a: Manaphy|spa|3
|
|upkeep
|turn|26
|
|t:|1779850125
|move|p2a: Manaphy|Surf|p1a: Bastiodon
|-supereffective|p1a: Bastiodon
|-damage|p1a: Bastiodon|0 fnt
|faint|p1a: Bastiodon
|
|upkeep
|
|t:|1779850131
|switch|p1a: Infernape|Infernape, M|100/100
|turn|27
|
|t:|1779850134
|move|p1a: Infernape|Thunder Punch|p2a: Manaphy
|-supereffective|p2a: Manaphy
|-damage|p2a: Manaphy|17/100
|move|p2a: Manaphy|Surf|p1a: Infernape
|-supereffective|p1a: Infernape
|-damage|p1a: Infernape|0 fnt
|faint|p1a: Infernape
|
|win|DerpGod69
|raw|Yoshertdoo's rating: 1126 &rarr; <strong>1096</strong><br />(-30 for losing)
|raw|DerpGod69's rating: 1060 &rarr; <strong>1097</strong><br />(+37 for winning)
|l|☆Yoshertdoo
|player|p1|
|l|☆DerpGod69
|player|p2|
