|j|☆JeromeBobatang
|j|☆EmX_14
|t:|1779815727
|gametype|singles
|player|p1|JeromeBobatang|steven|1210
|player|p2|EmX_14|1|1173
|gen|9
|tier|[Gen 9] OU
|rated|
|rule|HP Percentage Mod: HP is shown in percentages
|rule|Endless Battle Clause: Forcing endless battles is banned
|rule|Species Clause: Limit one of each Pokémon
|rule|OHKO Clause: OHKO moves are banned
|rule|Evasion Items Clause: Evasion items are banned
|rule|Evasion Moves Clause: Evasion moves are banned
|rule|Evasion Abilities Clause: Evasion abilities are banned
|rule|Sleep Moves Clause: Sleep-inducing moves are banned
|clearpoke
|poke|p1|Corviknight, M|
|poke|p1|Venusaur, M|
|poke|p1|Ninetales, M|
|poke|p1|Dragonite, M|
|poke|p1|Blaziken, M|
|poke|p1|Toxapex, F|
|poke|p2|Dragapult, M|
|poke|p2|Wo-Chien|
|poke|p2|Alomomola, F|
|poke|p2|Enamorus-Therian, F|
|poke|p2|Great Tusk|
|poke|p2|Landorus-Therian, M|
|teampreview
|inactive|Battle timer is ON: inactive players will automatically lose when time's up. (requested by EmX_14)
|
|t:|1779815740
|teamsize|p1|6
|teamsize|p2|6
|start
|switch|p1a: Blaziken|Blaziken, M|100/100
|switch|p2a: Landorus|Landorus-Therian, M|100/100
|-ability|p2a: Landorus|Intimidate|boost
|-unboost|p1a: Blaziken|atk|1
|turn|1
|
|t:|1779815748
|switch|p1a: Corviknight|Corviknight, M|100/100
|move|p2a: Landorus|Earthquake|p1a: Corviknight
|-immune|p1a: Corviknight
|
|upkeep
|turn|2
|
|t:|1779815757
|switch|p2a: Enamorus|Enamorus-Therian, F|100/100
|move|p1a: Corviknight|Defog|p2a: Enamorus
|-unboost|p2a: Enamorus|evasion|1
|
|upkeep
|turn|3
|
|t:|1779815765
|switch|p1a: Toxapex|Toxapex, F|100/100
|move|p2a: Enamorus|Substitute|p2a: Enamorus
|-start|p2a: Enamorus|Substitute
|-damage|p2a: Enamorus|76/100
|
|-heal|p2a: Enamorus|82/100|[from] item: Leftovers
|upkeep
|turn|4
|
|t:|1779815774
|switch|p1a: Ninetales|Ninetales, M|100/100
|-weather|SunnyDay|[from] ability: Drought|[of] p1a: Ninetales
|move|p2a: Enamorus|Calm Mind|p2a: Enamorus
|-boost|p2a: Enamorus|spa|1
|-boost|p2a: Enamorus|spd|1
|
|-weather|SunnyDay|[upkeep]
|-heal|p2a: Enamorus|88/100|[from] item: Leftovers
|upkeep
|turn|5
|
|t:|1779815784
|move|p2a: Enamorus|Mystical Fire|p1a: Ninetales
|-resisted|p1a: Ninetales
|-damage|p1a: Ninetales|70/100
|-unboost|p1a: Ninetales|spa|1
|move|p1a: Ninetales|Roar|p2a: Enamorus
|drag|p2a: Great Tusk|Great Tusk, shiny|100/100
|-activate|p2a: Great Tusk|ability: Protosynthesis
|-start|p2a: Great Tusk|protosynthesisdef
|
|-weather|SunnyDay|[upkeep]
|upkeep
|turn|6
|inactive|JeromeBobatang has 120 seconds left.
|
|t:|1779815818
|move|p1a: Ninetales|Will-O-Wisp|p2a: Great Tusk
|-status|p2a: Great Tusk|brn
|move|p2a: Great Tusk|Headlong Rush|p1a: Ninetales
|-supereffective|p1a: Ninetales
|-damage|p1a: Ninetales|0 fnt
|-unboost|p2a: Great Tusk|def|1
|-unboost|p2a: Great Tusk|spd|1
|faint|p1a: Ninetales
|
|-weather|SunnyDay|[upkeep]
|-damage|p2a: Great Tusk|94/100 brn|[from] brn
|upkeep
|inactive|JeromeBobatang has 120 seconds left.
|
|t:|1779815830
|switch|p1a: Venusaur|Venusaur, M|100/100
|turn|7
|
|t:|1779815835
|-end|p2a: Great Tusk|Protosynthesis|[silent]
|switch|p2a: Wo-Chien|Wo-Chien|100/100
|-ability|p2a: Wo-Chien|Tablets of Ruin
|move|p1a: Venusaur|Solar Beam||[still]
|-prepare|p1a: Venusaur|Solar Beam
|-anim|p1a: Venusaur|Solar Beam|p2a: Wo-Chien
|-resisted|p2a: Wo-Chien
|-damage|p2a: Wo-Chien|80/100
|-damage|p1a: Venusaur|91/100|[from] item: Life Orb
|
|-weather|SunnyDay|[upkeep]
|-heal|p2a: Wo-Chien|86/100|[from] item: Leftovers
|upkeep
|turn|8
|
|t:|1779815848
|move|p2a: Wo-Chien|Protect|p2a: Wo-Chien
|-singleturn|p2a: Wo-Chien|Protect
|move|p1a: Venusaur|Weather Ball|p2a: Wo-Chien
|-activate|p2a: Wo-Chien|move: Protect
|
|-weather|SunnyDay|[upkeep]
|-heal|p2a: Wo-Chien|92/100|[from] item: Leftovers
|upkeep
|turn|9
|
|t:|1779815857
|switch|p2a: Enamorus|Enamorus-Therian, F|88/100
|move|p1a: Venusaur|Weather Ball|p2a: Enamorus
|-damage|p2a: Enamorus|26/100
|-damage|p1a: Venusaur|81/100|[from] item: Life Orb
|
|-weather|SunnyDay|[upkeep]
|-heal|p2a: Enamorus|32/100|[from] item: Leftovers
|upkeep
|turn|10
|
|t:|1779815867
|move|p1a: Venusaur|Weather Ball|p2a: Enamorus
|-damage|p2a: Enamorus|0 fnt
|faint|p2a: Enamorus
|-damage|p1a: Venusaur|71/100|[from] item: Life Orb
|
|-weather|SunnyDay|[upkeep]
|upkeep
|
|t:|1779815872
|switch|p2a: Landorus|Landorus-Therian, M|100/100
|-ability|p2a: Landorus|Intimidate|boost
|-unboost|p1a: Venusaur|atk|1
|turn|11
|
|t:|1779815879
|move|p1a: Venusaur|Solar Beam||[still]
|-prepare|p1a: Venusaur|Solar Beam
|-anim|p1a: Venusaur|Solar Beam|p2a: Landorus
|-damage|p2a: Landorus|7/100
|-damage|p1a: Venusaur|61/100|[from] item: Life Orb
|move|p2a: Landorus|U-turn|p1a: Venusaur
|-damage|p1a: Venusaur|23/100
|
|t:|1779815895
|switch|p2a: Wo-Chien|Wo-Chien|92/100|[from] U-turn
|-ability|p2a: Wo-Chien|Tablets of Ruin
|
|-weather|none
|-heal|p2a: Wo-Chien|98/100|[from] item: Leftovers
|upkeep
|turn|12
|
|t:|1779815907
|move|p2a: Wo-Chien|Protect|p2a: Wo-Chien
|-singleturn|p2a: Wo-Chien|Protect
|move|p1a: Venusaur|Earth Power|p2a: Wo-Chien
|-activate|p2a: Wo-Chien|move: Protect
|
|-heal|p2a: Wo-Chien|100/100|[from] item: Leftovers
|upkeep
|turn|13
|
|t:|1779815916
|switch|p2a: Dragapult|Dragapult, M, shiny|100/100
|move|p1a: Venusaur|Earth Power|p2a: Dragapult
|-damage|p2a: Dragapult|45/100
|-damage|p1a: Venusaur|13/100|[from] item: Life Orb
|
|upkeep
|turn|14
|
|t:|1779815923
|move|p2a: Dragapult|Thunderbolt|p1a: Venusaur
|-resisted|p1a: Venusaur
|-damage|p1a: Venusaur|0 fnt
|faint|p1a: Venusaur
|
|upkeep
|
|t:|1779815934
|switch|p1a: Toxapex|Toxapex, F|100/100
|turn|15
|
|t:|1779815943
|-terastallize|p2a: Dragapult|Electric
|-terastallize|p1a: Toxapex|Ground
|move|p2a: Dragapult|Thunderbolt|p1a: Toxapex
|-immune|p1a: Toxapex
|move|p1a: Toxapex|Toxic|p2a: Dragapult
|-status|p2a: Dragapult|tox
|
|-damage|p2a: Dragapult|39/100 tox|[from] psn
|upkeep
|turn|16
|
|t:|1779815957
|switch|p2a: Landorus|Landorus-Therian, M|7/100
|-ability|p2a: Landorus|Intimidate|boost
|-unboost|p1a: Toxapex|atk|1
|move|p1a: Toxapex|Toxic Spikes|p2a: Landorus
|-sidestart|p2: EmX_14|move: Toxic Spikes
|
|upkeep
|turn|17
|
|t:|1779815964
|move|p2a: Landorus|Earthquake|p1a: Toxapex
|-damage|p1a: Toxapex|52/100
|move|p1a: Toxapex|Toxic|p2a: Landorus
|-status|p2a: Landorus|tox
|
|-heal|p1a: Toxapex|58/100|[from] item: Leftovers
|-damage|p2a: Landorus|1/100 tox|[from] psn
|upkeep
|turn|18
|
|t:|1779815976
|switch|p2a: Dragapult|Dragapult, M, shiny, tera:Electric|39/100 tox
|move|p1a: Toxapex|Toxic Spikes|p2a: Dragapult
|-sidestart|p2: EmX_14|move: Toxic Spikes
|
|-heal|p1a: Toxapex|65/100|[from] item: Leftovers
|-damage|p2a: Dragapult|34/100 tox|[from] psn
|upkeep
|turn|19
|
|t:|1779815984
|move|p1a: Toxapex|Baneful Bunker|p1a: Toxapex
|-singleturn|p1a: Toxapex|move: Protect
|move|p2a: Dragapult|Shadow Ball|p1a: Toxapex
|-activate|p1a: Toxapex|move: Protect
|
|-heal|p1a: Toxapex|71/100|[from] item: Leftovers
|-damage|p2a: Dragapult|22/100 tox|[from] psn
|upkeep
|turn|20
|
|t:|1779815994
|move|p2a: Dragapult|Shadow Ball|p1a: Toxapex
|-damage|p1a: Toxapex|26/100
|move|p1a: Toxapex|Recover|p1a: Toxapex
|-heal|p1a: Toxapex|76/100
|
|-heal|p1a: Toxapex|82/100|[from] item: Leftovers
|-damage|p2a: Dragapult|4/100 tox|[from] psn
|upkeep
|turn|21
|l|☆EmX_14
|inactive|EmX_14 disconnected and has a minute to reconnect!
|player|p2|
|inactive|EmX_14 has 30 seconds to reconnect!
|inactive|EmX_14 has 20 seconds to reconnect!
|inactive|EmX_14 has 15 seconds to reconnect!
|inactive|EmX_14 has 10 seconds to reconnect!
|inactive|EmX_14 has 5 seconds to reconnect!
|-message|EmX_14 lost due to inactivity.
|
|win|JeromeBobatang
|raw|JeromeBobatang's rating: 1210 &rarr; <strong>1232</strong><br />(+22 for winning)
|raw|EmX_14's rating: 1173 &rarr; <strong>1151</strong><br />(-22 for losing)
|l|☆JeromeBobatang
|player|p1|
|j|☆JeromeBobatang
|player|p1|JeromeBobatang|steven|
