|j|☆teapause
|j|☆ikthoizzykil
|t:|1779879129
|gametype|singles
|player|p1|teapause|waiter|1421
|player|p2|ikthoizzykil|pokemaniac-gen3rs|1400
|gen|9
|tier|[Gen 9] OU
|rated|
|rule|HP Percentage Mod: HP is shown in percentages
|rule|Endless Battle Clause: Forcing endless battles is banned
|rule|Species Clause: Limit one of each Pokémon
|rule|OHKO Clause: OHKO moves are banned
|rule|Evasion Items Clause: Evasion items are banned
|rule|Evasion Moves Clause: Evasion moves are banned
|rule|Evasion Abilities Clause: Evasion abilities are banned
|rule|Sleep Moves Clause: Sleep-inducing moves are banned
|clearpoke
|poke|p1|Lanturn, F|
|poke|p1|Ninetales-Alola, M|
|poke|p1|Slowking-Galar, F|
|poke|p1|Corviknight, F|
|poke|p1|Garchomp, F|
|poke|p1|Ceruledge, F|
|poke|p2|Braviary, M|
|poke|p2|Great Tusk|
|poke|p2|Rillaboom, M|
|poke|p2|Primarina, M|
|poke|p2|Kingambit, F|
|poke|p2|Raging Bolt|
|teampreview
|inactive|Battle timer is ON: inactive players will automatically lose when time's up. (requested by ikthoizzykil)
|inactive|teapause also wants the timer to be on.
|
|t:|1779879136
|teamsize|p1|6
|teamsize|p2|6
|start
|switch|p1a: Garchomp|Garchomp, F|100/100
|switch|p2a: Kingambit|Kingambit, F|100/100
|turn|1
|
|t:|1779879145
|-end|p2a: Kingambit|fallenundefined|[silent]
|switch|p2a: Rillaboom|Rillaboom, M|100/100
|-fieldstart|move: Grassy Terrain|[from] ability: Grassy Surge|[of] p2a: Rillaboom
|move|p1a: Garchomp|Earthquake|p2a: Rillaboom
|-resisted|p2a: Rillaboom
|-damage|p2a: Rillaboom|87/100
|
|-heal|p2a: Rillaboom|93/100|[from] Grassy Terrain
|upkeep
|turn|2
|
|t:|1779879156
|move|p1a: Garchomp|Stealth Rock|p2a: Rillaboom
|-sidestart|p2: ikthoizzykil|move: Stealth Rock
|move|p2a: Rillaboom|Knock Off|p1a: Garchomp
|-damage|p1a: Garchomp|51/100
|-damage|p2a: Rillaboom|81/100|[from] ability: Rough Skin|[of] p1a: Garchomp
|-enditem|p1a: Garchomp|Red Card|[from] move: Knock Off|[of] p2a: Rillaboom
|
|-heal|p1a: Garchomp|58/100|[from] Grassy Terrain
|-heal|p2a: Rillaboom|87/100|[from] Grassy Terrain
|upkeep
|turn|3
|
|t:|1779879166
|switch|p2a: Great Tusk|Great Tusk|100/100
|move|p1a: Garchomp|Spikes|p2a: Great Tusk
|-sidestart|p2: ikthoizzykil|Spikes
|
|-heal|p1a: Garchomp|64/100|[from] Grassy Terrain
|upkeep
|turn|4
|
|t:|1779879178
|move|p2a: Great Tusk|Rapid Spin|p1a: Garchomp
|-damage|p1a: Garchomp|49/100
|-boost|p2a: Great Tusk|spe|1
|-damage|p2a: Great Tusk|88/100|[from] ability: Rough Skin|[of] p1a: Garchomp
|-sideend|p2: ikthoizzykil|Spikes|[from] move: Rapid Spin|[of] p2a: Great Tusk
|-sideend|p2: ikthoizzykil|Stealth Rock|[from] move: Rapid Spin|[of] p2a: Great Tusk
|move|p1a: Garchomp|Liquidation|p2a: Great Tusk
|-supereffective|p2a: Great Tusk
|-damage|p2a: Great Tusk|38/100
|
|-heal|p2a: Great Tusk|44/100|[from] Grassy Terrain
|-heal|p1a: Garchomp|56/100|[from] Grassy Terrain
|upkeep
|turn|5
|
|t:|1779879198
|move|p2a: Great Tusk|Ice Spinner|p1a: Garchomp
|-supereffective|p1a: Garchomp
|-damage|p1a: Garchomp|0 fnt
|-damage|p2a: Great Tusk|32/100|[from] ability: Rough Skin|[of] p1a: Garchomp
|-fieldend|move: Grassy Terrain
|faint|p1a: Garchomp
|
|upkeep
|
|t:|1779879208
|switch|p1a: Ninetales|Ninetales-Alola, M|100/100
|-weather|Snowscape|[from] ability: Snow Warning|[of] p1a: Ninetales
|turn|6
|
|t:|1779879215
|-end|p2a: Great Tusk|Protosynthesis|[silent]
|switch|p2a: Kingambit|Kingambit, F|100/100
|move|p1a: Ninetales|Calm Mind|p1a: Ninetales
|-boost|p1a: Ninetales|spa|1
|-boost|p1a: Ninetales|spd|1
|
|-weather|Snowscape|[upkeep]
|upkeep
|turn|7
|
|t:|1779879235
|switch|p1a: Corviknight|Corviknight, F|100/100
|-ability|p1a: Corviknight|Pressure
|move|p2a: Kingambit|Swords Dance|p2a: Kingambit
|-boost|p2a: Kingambit|atk|2
|
|-weather|Snowscape|[upkeep]
|upkeep
|turn|8
|
|t:|1779879251
|-end|p2a: Kingambit|fallenundefined|[silent]
|switch|p2a: Primarina|Primarina, M|100/100
|move|p1a: Corviknight|Body Press|p2a: Primarina
|-resisted|p2a: Primarina
|-damage|p2a: Primarina|89/100
|
|-weather|Snowscape|[upkeep]
|-heal|p2a: Primarina|95/100|[from] item: Leftovers
|upkeep
|turn|9
|
|t:|1779879265
|switch|p1a: Slowking|Slowking-Galar, F|100/100
|switch|p2a: Braviary|Braviary, M|100/100
|
|-weather|Snowscape|[upkeep]
|upkeep
|turn|10
|
|t:|1779879275
|move|p2a: Braviary|Bulk Up|p2a: Braviary
|-boost|p2a: Braviary|atk|1
|-boost|p2a: Braviary|def|1
|move|p1a: Slowking|Toxic Spikes|p2a: Braviary
|-sidestart|p2: ikthoizzykil|move: Toxic Spikes
|
|-weather|none
|upkeep
|turn|11
|
|t:|1779879284
|move|p2a: Braviary|Bulk Up|p2a: Braviary
|-boost|p2a: Braviary|atk|1
|-boost|p2a: Braviary|def|1
|-prepare|p1a: Slowking|Chilly Reception|[premajor]
|move|p1a: Slowking|Chilly Reception|p1a: Slowking
|-weather|Snowscape
|
|t:|1779879291
|switch|p1a: Ninetales|Ninetales-Alola, M|100/100|[from] Chilly Reception
|
|-weather|Snowscape|[upkeep]
|upkeep
|turn|12
|
|t:|1779879299
|-terastallize|p2a: Braviary|Normal
|move|p1a: Ninetales|Freeze-Dry|p2a: Braviary
|-damage|p2a: Braviary|80/100
|move|p2a: Braviary|Body Slam|p1a: Ninetales
|-crit|p1a: Ninetales
|-damage|p1a: Ninetales|0 fnt
|faint|p1a: Ninetales
|
|-weather|Snowscape|[upkeep]
|upkeep
|
|t:|1779879312
|switch|p1a: Ceruledge|Ceruledge, F|100/100
|-item|p1a: Ceruledge|Air Balloon
|turn|13
|
|t:|1779879317
|move|p1a: Ceruledge|Will-O-Wisp|p2a: Braviary
|-status|p2a: Braviary|brn
|move|p2a: Braviary|Iron Head|p1a: Ceruledge
|-resisted|p1a: Ceruledge
|-damage|p1a: Ceruledge|74/100
|-enditem|p1a: Ceruledge|Air Balloon
|
|-weather|Snowscape|[upkeep]
|-damage|p2a: Braviary|74/100 brn|[from] brn
|upkeep
|turn|14
|
|t:|1779879328
|move|p1a: Ceruledge|Swords Dance|p1a: Ceruledge
|-boost|p1a: Ceruledge|atk|2
|move|p2a: Braviary|Bulk Up|p2a: Braviary
|-boost|p2a: Braviary|atk|1
|-boost|p2a: Braviary|def|1
|
|-weather|Snowscape|[upkeep]
|-damage|p2a: Braviary|68/100 brn|[from] brn
|upkeep
|turn|15
|
|t:|1779879349
|move|p1a: Ceruledge|Bitter Blade|p2a: Braviary
|-damage|p2a: Braviary|34/100 brn
|-heal|p1a: Ceruledge|97/100|[from] drain|[of] p2a: Braviary
|move|p2a: Braviary|Iron Head|p1a: Ceruledge
|-resisted|p1a: Ceruledge
|-damage|p1a: Ceruledge|62/100
|
|-weather|none
|-damage|p2a: Braviary|28/100 brn|[from] brn
|upkeep
|turn|16
|
|t:|1779879360
|move|p1a: Ceruledge|Bitter Blade|p2a: Braviary
|-crit|p2a: Braviary
|-damage|p2a: Braviary|0 fnt
|-heal|p1a: Ceruledge|81/100|[from] drain|[of] p2a: Braviary
|faint|p2a: Braviary
|
|upkeep
|
|t:|1779879376
|switch|p2a: Raging Bolt|Raging Bolt|100/100
|-status|p2a: Raging Bolt|psn
|turn|17
|
|t:|1779879387
|move|p2a: Raging Bolt|Draco Meteor|p1a: Ceruledge
|-damage|p1a: Ceruledge|5/100
|-unboost|p2a: Raging Bolt|spa|2
|move|p1a: Ceruledge|Bitter Blade|p2a: Raging Bolt
|-resisted|p2a: Raging Bolt
|-damage|p2a: Raging Bolt|65/100 psn
|-heal|p1a: Ceruledge|29/100|[from] drain|[of] p2a: Raging Bolt
|
|-damage|p2a: Raging Bolt|53/100 psn|[from] psn
|upkeep
|turn|18
|
|t:|1779879401
|move|p2a: Raging Bolt|Draco Meteor|p1a: Ceruledge
|-damage|p1a: Ceruledge|0 fnt
|-unboost|p2a: Raging Bolt|spa|2
|faint|p1a: Ceruledge
|
|-damage|p2a: Raging Bolt|41/100 psn|[from] psn
|upkeep
|
|t:|1779879411
|switch|p1a: Slowking|Slowking-Galar, F|100/100
|turn|19
|
|t:|1779879418
|-end|p2a: Raging Bolt|Protosynthesis|[silent]
|switch|p2a: Great Tusk|Great Tusk|32/100
|move|p1a: Slowking|Toxic Spikes|p2a: Great Tusk
|-sidestart|p2: ikthoizzykil|move: Toxic Spikes
|
|upkeep
|turn|20
|
|t:|1779879425
|move|p2a: Great Tusk|Rapid Spin|p1a: Slowking
|-damage|p1a: Slowking|81/100
|-boost|p2a: Great Tusk|spe|1
|-damage|p2a: Great Tusk|15/100|[from] item: Rocky Helmet|[of] p1a: Slowking
|-sideend|p2: ikthoizzykil|Toxic Spikes|[from] move: Rapid Spin|[of] p2a: Great Tusk
|move|p1a: Slowking|Eerie Spell|p2a: Great Tusk
|-supereffective|p2a: Great Tusk
|-damage|p2a: Great Tusk|0 fnt
|faint|p2a: Great Tusk
|-end|p2a: Great Tusk|Protosynthesis|[silent]
|
|upkeep
|
|t:|1779879433
|switch|p2a: Kingambit|Kingambit, F|100/100
|-activate|p2a: Kingambit|ability: Supreme Overlord
|-start|p2a: Kingambit|fallen2|[silent]
|turn|21
|
|t:|1779879440
|-terastallize|p1a: Slowking|Fire
|move|p2a: Kingambit|Kowtow Cleave|p1a: Slowking
|-damage|p1a: Slowking|3/100
|-damage|p2a: Kingambit|84/100|[from] item: Rocky Helmet|[of] p1a: Slowking
|move|p1a: Slowking|Flamethrower|p2a: Kingambit
|-supereffective|p2a: Kingambit
|-damage|p2a: Kingambit|20/100
|-status|p2a: Kingambit|brn
|
|-damage|p2a: Kingambit|13/100 brn|[from] brn
|upkeep
|turn|22
|
|t:|1779879454
|move|p2a: Kingambit|Kowtow Cleave|p1a: Slowking
|-crit|p1a: Slowking
|-damage|p1a: Slowking|0 fnt
|-damage|p2a: Kingambit|0 fnt|[from] item: Rocky Helmet|[of] p1a: Slowking
|faint|p1a: Slowking
|faint|p2a: Kingambit
|-end|p2a: Kingambit|fallen2|[silent]
|
|upkeep
|
|t:|1779879463
|switch|p2a: Raging Bolt|Raging Bolt|41/100 psn
|switch|p1a: Lanturn|Lanturn, F|100/100
|turn|23
|
|t:|1779879471
|-end|p2a: Raging Bolt|Protosynthesis|[silent]
|switch|p2a: Rillaboom|Rillaboom, M|87/100
|-fieldstart|move: Grassy Terrain|[from] ability: Grassy Surge|[of] p2a: Rillaboom
|move|p1a: Lanturn|Blizzard|p2a: Rillaboom
|-supereffective|p2a: Rillaboom
|-damage|p2a: Rillaboom|12/100
|
|-heal|p2a: Rillaboom|19/100|[from] Grassy Terrain
|upkeep
|turn|24
|
|t:|1779879483
|switch|p1a: Corviknight|Corviknight, F|100/100
|-ability|p1a: Corviknight|Pressure
|move|p2a: Rillaboom|Grassy Glide|p1a: Corviknight
|-resisted|p1a: Corviknight
|-damage|p1a: Corviknight|91/100
|
|-heal|p2a: Rillaboom|25/100|[from] Grassy Terrain
|-heal|p1a: Corviknight|98/100|[from] item: Leftovers
|upkeep
|turn|25
|
|t:|1779879500
|switch|p2a: Primarina|Primarina, M|95/100
|move|p1a: Corviknight|Body Press|p2a: Primarina
|-resisted|p2a: Primarina
|-damage|p2a: Primarina|83/100
|
|-heal|p1a: Corviknight|100/100|[from] item: Leftovers
|-heal|p2a: Primarina|89/100|[from] Grassy Terrain
|-heal|p2a: Primarina|95/100|[from] item: Leftovers
|upkeep
|turn|26
|
|t:|1779879512
|switch|p1a: Lanturn|Lanturn, F|100/100
|move|p2a: Primarina|Calm Mind|p2a: Primarina
|-boost|p2a: Primarina|spa|1
|-boost|p2a: Primarina|spd|1
|
|-heal|p2a: Primarina|100/100|[from] Grassy Terrain
|upkeep
|turn|27
|
|t:|1779879521
|move|p1a: Lanturn|Thunder|p2a: Primarina
|-supereffective|p2a: Primarina
|-damage|p2a: Primarina|54/100
|move|p2a: Primarina|Calm Mind|p2a: Primarina
|-boost|p2a: Primarina|spa|1
|-boost|p2a: Primarina|spd|1
|
|-heal|p2a: Primarina|60/100|[from] Grassy Terrain
|-heal|p2a: Primarina|66/100|[from] item: Leftovers
|-fieldend|move: Grassy Terrain
|upkeep
|turn|28
|
|t:|1779879532
|move|p1a: Lanturn|Thunder|p2a: Primarina
|-supereffective|p2a: Primarina
|-crit|p2a: Primarina
|-damage|p2a: Primarina|0 fnt
|faint|p2a: Primarina
|
|upkeep
|
|t:|1779879541
|switch|p2a: Raging Bolt|Raging Bolt|41/100 psn
|turn|29
|
|t:|1779879546
|move|p2a: Raging Bolt|Draco Meteor|p1a: Lanturn
|-damage|p1a: Lanturn|38/100
|-unboost|p2a: Raging Bolt|spa|2
|move|p1a: Lanturn|Soak|p2a: Raging Bolt
|-start|p2a: Raging Bolt|typechange|Water
|
|-damage|p2a: Raging Bolt|28/100 psn|[from] psn
|upkeep
|turn|30
|
|t:|1779879557
|-end|p2a: Raging Bolt|Protosynthesis|[silent]
|switch|p2a: Rillaboom|Rillaboom, M|25/100
|-fieldstart|move: Grassy Terrain|[from] ability: Grassy Surge|[of] p2a: Rillaboom
|move|p1a: Lanturn|Rest|p1a: Lanturn
|-status|p1a: Lanturn|slp|[from] move: Rest
|-heal|p1a: Lanturn|100/100 slp|[silent]
|-enditem|p1a: Lanturn|Chesto Berry|[eat]
|-curestatus|p1a: Lanturn|slp|[msg]
|
|-heal|p2a: Rillaboom|31/100|[from] Grassy Terrain
|upkeep
|turn|31
|
|t:|1779879569
|switch|p1a: Corviknight|Corviknight, F|100/100
|-ability|p1a: Corviknight|Pressure
|move|p2a: Rillaboom|U-turn|p1a: Corviknight
|-resisted|p1a: Corviknight
|-damage|p1a: Corviknight|94/100
|
|t:|1779879576
|switch|p2a: Raging Bolt|Raging Bolt|28/100 psn|[from] U-turn
|
|-heal|p2a: Raging Bolt|35/100 psn|[from] Grassy Terrain
|-heal|p1a: Corviknight|100/100|[from] item: Leftovers
|-damage|p2a: Raging Bolt|22/100 psn|[from] psn
|upkeep
|turn|32
|
|t:|1779879586
|switch|p1a: Lanturn|Lanturn, F|100/100
|move|p2a: Raging Bolt|Thunderbolt|p1a: Lanturn
|-immune|p1a: Lanturn|[from] ability: Volt Absorb
|
|-heal|p2a: Raging Bolt|28/100 psn|[from] Grassy Terrain
|-damage|p2a: Raging Bolt|16/100 psn|[from] psn
|upkeep
|turn|33
|c|☆ikthoizzykil|that crit was wild but gg
|
|t:|1779879600
|-end|p2a: Raging Bolt|Protosynthesis|[silent]
|switch|p2a: Rillaboom|Rillaboom, M|31/100
|move|p1a: Lanturn|Blizzard|p2a: Rillaboom
|-supereffective|p2a: Rillaboom
|-damage|p2a: Rillaboom|0 fnt
|faint|p2a: Rillaboom
|
|upkeep
|j| LXXIN
|-message|ikthoizzykil forfeited.
|
|win|teapause
|raw|teapause's rating: 1421 &rarr; <strong>1440</strong><br />(+19 for winning)
|raw|ikthoizzykil's rating: 1400 &rarr; <strong>1381</strong><br />(-19 for losing)
|l|☆ikthoizzykil
|player|p2|
|l|☆teapause
|player|p1|
|l| LXXIN
