|j|☆danishombre
|j|☆femboywild
|t:|1779959701
|gametype|singles
|player|p1|danishombre|hilbert|1130
|player|p2|femboywild|flint|1107
|gen|9
|tier|[Gen 9] OU
|rated|
|rule|HP Percentage Mod: HP is shown in percentages
|rule|Endless Battle Clause: Forcing endless battles is banned
|rule|Species Clause: Limit one of each Pokémon
|rule|OHKO Clause: OHKO moves are banned
|rule|Evasion Items Clause: Evasion items are banned
|rule|Evasion Moves Clause: Evasion moves are banned
|rule|Evasion Abilities Clause: Evasion abilities are banned
|rule|Sleep Moves Clause: Sleep-inducing moves are banned
|clearpoke
|poke|p1|Dragapult, M|
|poke|p1|Kingambit, F|
|poke|p1|Rotom-Wash|
|poke|p1|Iron Valiant|
|poke|p1|Great Tusk|
|poke|p1|Gholdengo|
|poke|p2|Charizard, M|
|poke|p2|Ninetales, M|
|poke|p2|Arcanine-Hisui, F|
|poke|p2|Talonflame, M|
|poke|p2|Infernape, F|
|poke|p2|Blaziken, F|
|teampreview
|inactive|Battle timer is ON: inactive players will automatically lose when time's up. (requested by danishombre)
|
|t:|1779959710
|teamsize|p1|6
|teamsize|p2|6
|start
|switch|p1a: Great Tusk|Great Tusk|100/100
|switch|p2a: Rockpup|Arcanine-Hisui, F|100/100
|turn|1
|
|t:|1779959718
|move|p2a: Rockpup|Stealth Rock|p1a: Great Tusk
|-sidestart|p1: danishombre|move: Stealth Rock
|move|p1a: Great Tusk|Earthquake|p2a: Rockpup
|-supereffective|p2a: Rockpup
|-enditem|p2a: Rockpup|Focus Sash
|-damage|p2a: Rockpup|1/100
|
|upkeep
|turn|2
|
|t:|1779959725
|move|p2a: Rockpup|Flare Blitz|p1a: Great Tusk
|-damage|p1a: Great Tusk|67/100
|move|p1a: Great Tusk|Rapid Spin|p2a: Rockpup
|-resisted|p2a: Rockpup
|-damage|p2a: Rockpup|0 fnt
|-boost|p1a: Great Tusk|spe|1
|-sideend|p1: danishombre|Stealth Rock|[from] move: Rapid Spin|[of] p1a: Great Tusk
|faint|p2a: Rockpup
|
|-heal|p1a: Great Tusk|73/100|[from] item: Leftovers
|upkeep
|
|t:|1779959739
|switch|p2a: Defog Slave|Talonflame, M|100/100
|turn|3
|
|t:|1779959743
|move|p2a: Defog Slave|Tailwind|p2a: Defog Slave
|-sidestart|p2: femboywild|move: Tailwind
|move|p1a: Great Tusk|Stealth Rock|p2a: Defog Slave
|-sidestart|p2: femboywild|move: Stealth Rock
|
|-heal|p1a: Great Tusk|79/100|[from] item: Leftovers
|upkeep
|turn|4
|
|t:|1779959751
|-end|p1a: Great Tusk|Protosynthesis|[silent]
|switch|p1a: Rotom|Rotom-Wash|100/100
|move|p2a: Defog Slave|Defog|p1a: Rotom
|-unboost|p1a: Rotom|evasion|1
|-sideend|p2: femboywild|Stealth Rock|[from] move: Defog|[of] p2a: Defog Slave
|
|upkeep
|turn|5
|
|t:|1779959757
|move|p2a: Defog Slave|U-turn|p1a: Rotom
|-damage|p1a: Rotom|82/100
|
|t:|1779959760
|switch|p2a: Tamamo no Mae|Ninetales, M|100/100|[from] U-turn
|-weather|SunnyDay|[from] ability: Drought|[of] p2a: Tamamo no Mae
|move|p1a: Rotom|Hydro Pump|p2a: Tamamo no Mae
|-supereffective|p2a: Tamamo no Mae
|-damage|p2a: Tamamo no Mae|56/100
|
|-weather|SunnyDay|[upkeep]
|-heal|p1a: Rotom|88/100|[from] item: Leftovers
|upkeep
|turn|6
|
|t:|1779959770
|move|p2a: Tamamo no Mae|Solar Beam||[still]
|-prepare|p2a: Tamamo no Mae|Solar Beam
|-anim|p2a: Tamamo no Mae|Solar Beam|p1a: Rotom
|-supereffective|p1a: Rotom
|-damage|p1a: Rotom|20/100
|move|p1a: Rotom|Hydro Pump|p2a: Tamamo no Mae
|-supereffective|p2a: Tamamo no Mae
|-damage|p2a: Tamamo no Mae|10/100
|
|-weather|SunnyDay|[upkeep]
|-heal|p1a: Rotom|26/100|[from] item: Leftovers
|-sideend|p2: femboywild|move: Tailwind
|upkeep
|turn|7
|
|t:|1779959777
|switch|p1a: Iron Valiant|Iron Valiant|100/100
|-enditem|p1a: Iron Valiant|Booster Energy
|-activate|p1a: Iron Valiant|ability: Quark Drive|[fromitem]
|-start|p1a: Iron Valiant|quarkdrivespe
|move|p2a: Tamamo no Mae|Solar Beam||[still]
|-prepare|p2a: Tamamo no Mae|Solar Beam
|-anim|p2a: Tamamo no Mae|Solar Beam|p1a: Iron Valiant
|-damage|p1a: Iron Valiant|61/100
|
|-weather|SunnyDay|[upkeep]
|upkeep
|turn|8
|
|t:|1779959792
|move|p1a: Iron Valiant|Thunderbolt|p2a: Tamamo no Mae
|-damage|p2a: Tamamo no Mae|0 fnt
|faint|p2a: Tamamo no Mae
|
|-weather|SunnyDay|[upkeep]
|upkeep
|
|t:|1779959794
|switch|p2a: Defog Slave|Talonflame, M|100/100
|turn|9
|
|t:|1779959797
|move|p2a: Defog Slave|Tailwind|p2a: Defog Slave
|-sidestart|p2: femboywild|move: Tailwind
|move|p1a: Iron Valiant|Thunderbolt|p2a: Defog Slave
|-supereffective|p2a: Defog Slave
|-damage|p2a: Defog Slave|10/100
|
|-weather|SunnyDay|[upkeep]
|upkeep
|turn|10
|
|t:|1779959803
|move|p2a: Defog Slave|Steel Wing|p1a: Iron Valiant
|-supereffective|p1a: Iron Valiant
|-damage|p1a: Iron Valiant|6/100
|move|p1a: Iron Valiant|Thunderbolt|p2a: Defog Slave
|-supereffective|p2a: Defog Slave
|-damage|p2a: Defog Slave|0 fnt
|faint|p2a: Defog Slave
|
|-weather|SunnyDay|[upkeep]
|upkeep
|
|t:|1779959807
|switch|p2a: Monke|Infernape, F|100/100
|turn|11
|
|t:|1779959810
|move|p2a: Monke|Mach Punch|p1a: Iron Valiant
|-resisted|p1a: Iron Valiant
|-damage|p1a: Iron Valiant|0 fnt
|faint|p1a: Iron Valiant
|-end|p1a: Iron Valiant|Quark Drive|[silent]
|
|-weather|SunnyDay|[upkeep]
|upkeep
|
|t:|1779959815
|switch|p1a: Gholdengo|Gholdengo|100/100
|-item|p1a: Gholdengo|Air Balloon
|turn|12
|
|t:|1779959820
|move|p2a: Monke|Fire Punch|p1a: Gholdengo
|-supereffective|p1a: Gholdengo
|-damage|p1a: Gholdengo|0 fnt
|-enditem|p1a: Gholdengo|Air Balloon
|faint|p1a: Gholdengo
|
|-weather|none
|-sideend|p2: femboywild|move: Tailwind
|upkeep
|
|t:|1779959823
|switch|p1a: Great Tusk|Great Tusk|79/100
|turn|13
|
|t:|1779959827
|move|p2a: Monke|Fire Punch|p1a: Great Tusk
|-damage|p1a: Great Tusk|54/100
|-status|p1a: Great Tusk|brn
|move|p1a: Great Tusk|Earthquake|p2a: Monke
|-supereffective|p2a: Monke
|-damage|p2a: Monke|34/100
|
|-heal|p1a: Great Tusk|60/100 brn|[from] item: Leftovers
|-damage|p1a: Great Tusk|54/100 brn|[from] brn
|upkeep
|turn|14
|
|t:|1779959834
|move|p2a: Monke|Drain Punch|p1a: Great Tusk
|-damage|p1a: Great Tusk|28/100 brn
|-heal|p2a: Monke|53/100|[from] drain|[of] p1a: Great Tusk
|move|p1a: Great Tusk|Earthquake|p2a: Monke
|-supereffective|p2a: Monke
|-damage|p2a: Monke|0 fnt
|faint|p2a: Monke
|
|-heal|p1a: Great Tusk|34/100 brn|[from] item: Leftovers
|-damage|p1a: Great Tusk|28/100 brn|[from] brn
|upkeep
|
|t:|1779959845
|switch|p2a: Chicken Nugget|Blaziken, F|100/100
|turn|15
|
|t:|1779959848
|move|p2a: Chicken Nugget|Detect|p2a: Chicken Nugget
|-singleturn|p2a: Chicken Nugget|Protect
|move|p1a: Great Tusk|Earthquake|p2a: Chicken Nugget
|-activate|p2a: Chicken Nugget|move: Protect
|
|-heal|p1a: Great Tusk|34/100 brn|[from] item: Leftovers
|-damage|p1a: Great Tusk|28/100 brn|[from] brn
|-ability|p2a: Chicken Nugget|Speed Boost|boost
|-boost|p2a: Chicken Nugget|spe|1
|upkeep
|turn|16
|
|t:|1779959860
|move|p2a: Chicken Nugget|Fire Punch|p1a: Great Tusk
|-damage|p1a: Great Tusk|8/100 brn
|move|p1a: Great Tusk|Earthquake|p2a: Chicken Nugget
|-supereffective|p2a: Chicken Nugget
|-damage|p2a: Chicken Nugget|35/100
|
|-heal|p1a: Great Tusk|14/100 brn|[from] item: Leftovers
|-damage|p1a: Great Tusk|8/100 brn|[from] brn
|-ability|p2a: Chicken Nugget|Speed Boost|boost
|-boost|p2a: Chicken Nugget|spe|1
|upkeep
|turn|17
|
|t:|1779959869
|move|p2a: Chicken Nugget|Detect|p2a: Chicken Nugget
|-singleturn|p2a: Chicken Nugget|Protect
|move|p1a: Great Tusk|Earthquake|p2a: Chicken Nugget
|-activate|p2a: Chicken Nugget|move: Protect
|
|-heal|p1a: Great Tusk|14/100 brn|[from] item: Leftovers
|-damage|p1a: Great Tusk|8/100 brn|[from] brn
|-ability|p2a: Chicken Nugget|Speed Boost|boost
|-boost|p2a: Chicken Nugget|spe|1
|upkeep
|turn|18
|
|t:|1779959873
|move|p2a: Chicken Nugget|Fire Punch|p1a: Great Tusk
|-damage|p1a: Great Tusk|0 fnt
|faint|p1a: Great Tusk
|-end|p1a: Great Tusk|Protosynthesis|[silent]
|
|-ability|p2a: Chicken Nugget|Speed Boost|boost
|-boost|p2a: Chicken Nugget|spe|1
|upkeep
|
|t:|1779959880
|switch|p1a: Kingambit|Kingambit, F|100/100
|-activate|p1a: Kingambit|ability: Supreme Overlord
|-start|p1a: Kingambit|fallen3|[silent]
|turn|19
|
|t:|1779959885
|move|p1a: Kingambit|Sucker Punch|p2a: Chicken Nugget
|-resisted|p2a: Chicken Nugget
|-damage|p2a: Chicken Nugget|0 fnt
|faint|p2a: Chicken Nugget
|
|upkeep
|
|t:|1779959888
|switch|p2a: Bad Dragon|Charizard, M|100/100
|turn|20
|
|t:|1779959892
|move|p2a: Bad Dragon|Flamethrower|p1a: Kingambit
|-supereffective|p1a: Kingambit
|-damage|p1a: Kingambit|8/100
|move|p1a: Kingambit|Kowtow Cleave|p2a: Bad Dragon
|-damage|p2a: Bad Dragon|0 fnt
|faint|p2a: Bad Dragon
|
|win|danishombre
|raw|danishombre's rating: 1130 &rarr; <strong>1153</strong><br />(+23 for winning)
|raw|femboywild's rating: 1107 &rarr; <strong>1084</strong><br />(-23 for losing)
|l|☆danishombre
|player|p1|
|l|☆femboywild
|player|p2|
