|j|☆jsmikelol
|j|☆Ti Hee
|t:|1779913667
|gametype|singles
|player|p1|jsmikelol|ninjaboy|1054
|player|p2|Ti Hee|twins-gen4dp|1000
|gen|9
|tier|[Gen 9] OU
|rated|
|rule|HP Percentage Mod: HP is shown in percentages
|rule|Endless Battle Clause: Forcing endless battles is banned
|rule|Species Clause: Limit one of each Pokémon
|rule|OHKO Clause: OHKO moves are banned
|rule|Evasion Items Clause: Evasion items are banned
|rule|Evasion Moves Clause: Evasion moves are banned
|rule|Evasion Abilities Clause: Evasion abilities are banned
|rule|Sleep Moves Clause: Sleep-inducing moves are banned
|clearpoke
|poke|p1|Masquerain, M|
|poke|p1|Dragapult, F|
|poke|p1|Breloom, M|
|poke|p1|Gholdengo|
|poke|p1|Kingambit, F|
|poke|p1|Azumarill, M|
|poke|p2|Manaphy|
|poke|p2|Alcremie-Caramel-Swirl, F|
|poke|p2|Diancie|
|poke|p2|Lilligant, F|
|poke|p2|Hoopa-Unbound|
|poke|p2|Weavile, M|
|teampreview
|inactive|Battle timer is ON: inactive players will automatically lose when time's up. (requested by jsmikelol)
|
|t:|1779913673
|teamsize|p1|6
|teamsize|p2|6
|start
|switch|p1a: Sticky|Masquerain, M|100/100
|switch|p2a: Sunny|Lilligant, F|100/100
|-ability|p1a: Sticky|Intimidate|boost
|-fail|p2a: Sunny|unboost|Attack|[from] ability: Own Tempo|[of] p2a: Sunny
|turn|1
|
|t:|1779913694
|move|p1a: Sticky|Sticky Web|p2a: Sunny
|-sidestart|p2: Ti Hee|move: Sticky Web
|move|p2a: Sunny|Leech Seed|p1a: Sticky
|-start|p1a: Sticky|move: Leech Seed
|
|-damage|p1a: Sticky|88/100|[from] Leech Seed|[of] p2a: Sunny
|upkeep
|turn|2
|
|t:|1779913703
|move|p1a: Sticky|Bug Buzz|p2a: Sunny
|-supereffective|p2a: Sunny
|-damage|p2a: Sunny|30/100
|move|p2a: Sunny|Stun Spore|p1a: Sticky
|-status|p1a: Sticky|par
|
|-damage|p1a: Sticky|76/100 par|[from] Leech Seed|[of] p2a: Sunny
|-heal|p2a: Sunny|42/100|[silent]
|upkeep
|turn|3
|
|t:|1779913715
|move|p2a: Sunny|Giga Drain|p1a: Sticky
|-resisted|p1a: Sticky
|-damage|p1a: Sticky|67/100 par
|-heal|p2a: Sunny|47/100|[from] drain|[of] p1a: Sticky
|move|p1a: Sticky|Bug Buzz|p2a: Sunny
|-supereffective|p2a: Sunny
|-damage|p2a: Sunny|0 fnt
|faint|p2a: Sunny
|
|upkeep
|
|t:|1779913725
|switch|p2a: Girlie Pop|Hoopa-Unbound|100/100
|-activate|p2a: Girlie Pop|move: Sticky Web
|-unboost|p2a: Girlie Pop|spe|1
|turn|4
|
|t:|1779913734
|-terastallize|p1a: Sticky|Ghost
|move|p2a: Girlie Pop|Fire Punch|p1a: Sticky
|-damage|p1a: Sticky|29/100 par
|-item|p2a: Girlie Pop|Heavy-Duty Boots|[from] ability: Magician|[of] p1a: Sticky
|move|p1a: Sticky|Bug Buzz|p2a: Girlie Pop
|-supereffective|p2a: Girlie Pop
|-damage|p2a: Girlie Pop|1/100
|-unboost|p2a: Girlie Pop|spd|1
|
|-damage|p1a: Sticky|17/100 par|[from] Leech Seed|[of] p2a: Girlie Pop
|-heal|p2a: Girlie Pop|13/100|[silent]
|upkeep
|turn|5
|
|t:|1779913755
|move|p2a: Girlie Pop|Future Sight|p1a: Sticky
|-start|p2a: Girlie Pop|move: Future Sight
|move|p1a: Sticky|Bug Buzz|p2a: Girlie Pop
|-supereffective|p2a: Girlie Pop
|-damage|p2a: Girlie Pop|0 fnt
|faint|p2a: Girlie Pop
|
|upkeep
|
|t:|1779913765
|switch|p2a: Mina|Manaphy, shiny|100/100
|turn|6
|
|t:|1779913772
|move|p2a: Mina|U-turn|p1a: Sticky
|-resisted|p1a: Sticky
|-crit|p1a: Sticky
|-damage|p1a: Sticky|0 fnt
|faint|p1a: Sticky
|
|t:|1779913777
|switch|p2a: Diancie|Diancie|100/100|[from] U-turn
|-activate|p2a: Diancie|move: Sticky Web
|-fail|p2a: Diancie|unboost|[from] ability: Clear Body|[of] p2a: Diancie
|
|upkeep
|
|t:|1779913786
|switch|p1a: Ase|Gholdengo|100/100
|turn|7
|
|t:|1779913796
|switch|p2a: Mina|Manaphy, shiny|100/100
|move|p1a: Ase|Make It Rain|p2a: Mina
|-resisted|p2a: Mina
|-damage|p2a: Mina|76/100
|-unboost|p1a: Ase|spa|1
|
|-end|p1a: Ase|move: Future Sight
|-resisted|p1a: Ase
|-damage|p1a: Ase|68/100
|upkeep
|turn|8
|
|t:|1779913811
|move|p2a: Mina|Heart Swap|p1a: Ase
|-immune|p1a: Ase|[from] ability: Good as Gold
|move|p1a: Ase|Shadow Ball|p2a: Mina
|-damage|p2a: Mina|54/100
|
|upkeep
|turn|9
|
|t:|1779913821
|move|p2a: Mina|Waterfall|p1a: Ase
|-damage|p1a: Ase|38/100
|move|p1a: Ase|Recover|p1a: Ase
|-heal|p1a: Ase|88/100
|
|upkeep
|turn|10
|
|t:|1779913830
|move|p2a: Mina|Scald|p1a: Ase
|-damage|p1a: Ase|60/100
|move|p1a: Ase|Nasty Plot|p1a: Ase
|-boost|p1a: Ase|spa|2
|
|upkeep
|turn|11
|
|t:|1779913839
|move|p2a: Mina|Waterfall|p1a: Ase
|-damage|p1a: Ase|29/100
|move|p1a: Ase|Shadow Ball|p2a: Mina
|-damage|p2a: Mina|6/100
|
|upkeep
|turn|12
|
|t:|1779913851
|move|p2a: Mina|Waterfall|p1a: Ase
|-damage|p1a: Ase|2/100
|move|p1a: Ase|Recover|p1a: Ase
|-heal|p1a: Ase|52/100
|
|upkeep
|turn|13
|
|t:|1779913858
|move|p2a: Mina|Waterfall|p1a: Ase
|-damage|p1a: Ase|23/100
|move|p1a: Ase|Shadow Ball|p2a: Mina
|-damage|p2a: Mina|0 fnt
|faint|p2a: Mina
|
|upkeep
|
|t:|1779913868
|switch|p2a: Weavile|Weavile, M|100/100
|-ability|p2a: Weavile|Pressure
|turn|14
|
|t:|1779913881
|move|p2a: Weavile|Lash Out|p1a: Ase
|-supereffective|p1a: Ase
|-damage|p1a: Ase|0 fnt
|faint|p1a: Ase
|
|upkeep
|
|t:|1779913892
|switch|p1a: Massacre|Azumarill, M|100/100
|turn|15
|
|t:|1779913896
|move|p2a: Weavile|Poison Jab|p1a: Massacre
|-supereffective|p1a: Massacre
|-damage|p1a: Massacre|50/100
|move|p1a: Massacre|Superpower|p2a: Weavile
|-supereffective|p2a: Weavile
|-damage|p2a: Weavile|0 fnt
|-unboost|p1a: Massacre|atk|1
|-unboost|p1a: Massacre|def|1
|faint|p2a: Weavile
|
|upkeep
|
|t:|1779913907
|switch|p2a: Clarabelle|Alcremie-Caramel-Swirl, F|100/100
|-activate|p2a: Clarabelle|move: Sticky Web
|-unboost|p2a: Clarabelle|spe|1
|turn|16
|
|t:|1779913917
|move|p1a: Massacre|Superpower|p2a: Clarabelle
|-resisted|p2a: Clarabelle
|-damage|p2a: Clarabelle|75/100
|-unboost|p1a: Massacre|atk|1
|-unboost|p1a: Massacre|def|1
|move|p2a: Clarabelle|Giga Drain|p1a: Massacre
|-supereffective|p1a: Massacre
|-damage|p1a: Massacre|6/100
|-heal|p2a: Clarabelle|99/100|[from] drain|[of] p1a: Massacre
|
|upkeep
|turn|17
|-activate|p2a: Clarabelle|item: Quick Claw
|
|t:|1779913929
|move|p2a: Clarabelle|Sweet Kiss|p1a: Massacre|[miss]
|-miss|p2a: Clarabelle|p1a: Massacre
|move|p1a: Massacre|Superpower|p2a: Clarabelle
|-resisted|p2a: Clarabelle
|-damage|p2a: Clarabelle|81/100
|-unboost|p1a: Massacre|atk|1
|-unboost|p1a: Massacre|def|1
|
|upkeep
|turn|18
|
|t:|1779913940
|move|p1a: Massacre|Superpower|p2a: Clarabelle
|-resisted|p2a: Clarabelle
|-damage|p2a: Clarabelle|67/100
|-unboost|p1a: Massacre|atk|1
|-unboost|p1a: Massacre|def|1
|move|p2a: Clarabelle|Draining Kiss|p1a: Massacre
|-damage|p1a: Massacre|0 fnt
|-heal|p2a: Clarabelle|72/100|[from] drain|[of] p1a: Massacre
|faint|p1a: Massacre
|
|upkeep
|
|t:|1779913952
|switch|p1a: Thuggapult|Dragapult, F|100/100
|turn|19
|-activate|p2a: Clarabelle|item: Quick Claw
|
|t:|1779913960
|move|p2a: Clarabelle|Draining Kiss|p1a: Thuggapult
|-supereffective|p1a: Thuggapult
|-damage|p1a: Thuggapult|44/100
|-heal|p2a: Clarabelle|100/100|[from] drain|[of] p1a: Thuggapult
|move|p1a: Thuggapult|Shadow Ball|p2a: Clarabelle
|-damage|p2a: Clarabelle|54/100
|
|upkeep
|turn|20
|
|t:|1779913970
|switch|p1a: Conqueror's Haki|Kingambit, F|100/100
|-activate|p1a: Conqueror's Haki|ability: Supreme Overlord
|-start|p1a: Conqueror's Haki|fallen3|[silent]
|move|p2a: Clarabelle|Draining Kiss|p1a: Conqueror's Haki
|-damage|p1a: Conqueror's Haki|77/100
|-heal|p2a: Clarabelle|74/100|[from] drain|[of] p1a: Conqueror's Haki
|
|upkeep
|turn|21
|
|t:|1779913979
|move|p1a: Conqueror's Haki|Iron Head|p2a: Clarabelle
|-supereffective|p2a: Clarabelle
|-damage|p2a: Clarabelle|0 fnt
|faint|p2a: Clarabelle
|
|upkeep
|
|t:|1779913985
|switch|p2a: Diancie|Diancie|100/100
|-activate|p2a: Diancie|move: Sticky Web
|-fail|p2a: Diancie|unboost|[from] ability: Clear Body|[of] p2a: Diancie
|turn|22
|
|t:|1779913994
|move|p1a: Conqueror's Haki|Iron Head|p2a: Diancie
|-supereffective|p2a: Diancie
|-damage|p2a: Diancie|0 fnt
|faint|p2a: Diancie
|
|win|jsmikelol
|raw|jsmikelol's rating: 1054 &rarr; <strong>1081</strong><br />(+27 for winning)
|raw|Ti Hee's rating: 1000 &rarr; <strong>1000</strong><br />(+0 for losing)
|l|☆Ti Hee
|player|p2|
