|j|☆HercuLeon
|j|☆blackeggking
|t:|1779962480
|gametype|singles
|player|p1|HercuLeon|blue|1091
|player|p2|blackeggking|1|1115
|gen|9
|tier|[Gen 9] OU
|rated|
|rule|HP Percentage Mod: HP is shown in percentages
|rule|Endless Battle Clause: Forcing endless battles is banned
|rule|Species Clause: Limit one of each Pokémon
|rule|OHKO Clause: OHKO moves are banned
|rule|Evasion Items Clause: Evasion items are banned
|rule|Evasion Moves Clause: Evasion moves are banned
|rule|Evasion Abilities Clause: Evasion abilities are banned
|rule|Sleep Moves Clause: Sleep-inducing moves are banned
|clearpoke
|poke|p1|Kleavor, M|
|poke|p1|Blaziken, M|
|poke|p1|Orthworm, F|
|poke|p1|Clodsire, M|
|poke|p1|Blastoise, F|
|poke|p1|Enamorus-Therian, F|
|poke|p2|Gastrodon, M|
|poke|p2|Gliscor, F|
|poke|p2|Chansey, F|
|poke|p2|Weezing-Galar, F|
|poke|p2|Corviknight, M|
|poke|p2|Alomomola, M|
|teampreview
|inactive|Battle timer is ON: inactive players will automatically lose when time's up. (requested by HercuLeon)
|
|t:|1779962491
|teamsize|p1|6
|teamsize|p2|6
|start
|switch|p1a: Blastoise|Blastoise, F|100/100
|switch|p2a: Chansey|Chansey, F|100/100
|turn|1
|
|t:|1779962502
|switch|p1a: Kleavor|Kleavor, M|100/100
|move|p2a: Chansey|Stealth Rock|p1a: Kleavor
|-sidestart|p1: HercuLeon|move: Stealth Rock
|
|upkeep
|turn|2
|inactive|blackeggking has 120 seconds left.
|
|t:|1779962535
|switch|p2a: Alomomola|Alomomola, M|100/100
|move|p1a: Kleavor|Stone Axe|p2a: Alomomola
|-damage|p2a: Alomomola|61/100
|-damage|p1a: Kleavor|84/100|[from] item: Rocky Helmet|[of] p2a: Alomomola
|-sidestart|p2: blackeggking|move: Stealth Rock
|
|upkeep
|turn|3
|inactive|blackeggking has 120 seconds left.
|
|t:|1779962548
|move|p1a: Kleavor|U-turn|p2a: Alomomola
|-damage|p2a: Alomomola|31/100
|-damage|p1a: Kleavor|68/100|[from] item: Rocky Helmet|[of] p2a: Alomomola
|
|t:|1779962552
|switch|p1a: Clodsire|Clodsire, M|100/100|[from] U-turn
|-damage|p1a: Clodsire|94/100|[from] Stealth Rock
|move|p2a: Alomomola|Wish|p2a: Alomomola
|
|-heal|p1a: Clodsire|100/100|[from] item: Leftovers
|upkeep
|turn|4
|
|t:|1779962565
|switch|p2a: Corviknight|Corviknight, M|100/100
|-damage|p2a: Corviknight|88/100|[from] Stealth Rock
|move|p1a: Clodsire|Toxic Spikes|p2a: Corviknight
|-sidestart|p2: blackeggking|move: Toxic Spikes
|
|-heal|p2a: Corviknight|100/100|[from] move: Wish|[wisher] Alomomola
|upkeep
|turn|5
|
|t:|1779962582
|move|p2a: Corviknight|Defog|p1a: Clodsire
|-unboost|p1a: Clodsire|evasion|1
|-sideend|p1: HercuLeon|Stealth Rock|[from] move: Defog|[of] p2a: Corviknight
|-sideend|p2: blackeggking|Toxic Spikes|[from] move: Defog|[of] p2a: Corviknight
|-sideend|p2: blackeggking|Stealth Rock|[from] move: Defog|[of] p2a: Corviknight
|move|p1a: Clodsire|Toxic Spikes|p2a: Corviknight
|-sidestart|p2: blackeggking|move: Toxic Spikes
|
|upkeep
|turn|6
|
|t:|1779962593
|switch|p1a: Orthworm|Orthworm, F|100/100
|move|p2a: Corviknight|Iron Defense|p2a: Corviknight
|-boost|p2a: Corviknight|def|2
|
|upkeep
|turn|7
|
|t:|1779962602
|move|p2a: Corviknight|Body Press|p1a: Orthworm
|-supereffective|p1a: Orthworm
|-damage|p1a: Orthworm|25/100
|-damage|p2a: Corviknight|84/100|[from] item: Rocky Helmet|[of] p1a: Orthworm
|move|p1a: Orthworm|Coil|p1a: Orthworm
|-boost|p1a: Orthworm|atk|1
|-boost|p1a: Orthworm|def|1
|-boost|p1a: Orthworm|accuracy|1
|
|upkeep
|turn|8
|
|t:|1779962613
|switch|p1a: Clodsire|Clodsire, M|100/100
|move|p2a: Corviknight|Iron Defense|p2a: Corviknight
|-boost|p2a: Corviknight|def|2
|
|upkeep
|turn|9
|
|t:|1779962620
|move|p2a: Corviknight|Iron Defense|p2a: Corviknight
|-boost|p2a: Corviknight|def|2
|move|p1a: Clodsire|Haze|p1a: Clodsire
|-clearallboost
|
|upkeep
|turn|10
|
|t:|1779962628
|move|p2a: Corviknight|Defog|p1a: Clodsire
|-unboost|p1a: Clodsire|evasion|1
|-sideend|p2: blackeggking|Toxic Spikes|[from] move: Defog|[of] p2a: Corviknight
|move|p1a: Clodsire|Toxic Spikes|p2a: Corviknight
|-sidestart|p2: blackeggking|move: Toxic Spikes
|
|upkeep
|turn|11
|
|t:|1779962638
|move|p2a: Corviknight|Body Press|p1a: Clodsire
|-resisted|p1a: Clodsire
|-damage|p1a: Clodsire|85/100
|move|p1a: Clodsire|Toxic Spikes|p2a: Corviknight
|-sidestart|p2: blackeggking|move: Toxic Spikes
|
|-heal|p1a: Clodsire|91/100|[from] item: Leftovers
|upkeep
|turn|12
|
|t:|1779962652
|switch|p1a: Enamorus|Enamorus-Therian, F|100/100
|move|p2a: Corviknight|Defog|p1a: Enamorus
|-unboost|p1a: Enamorus|evasion|1
|-sideend|p2: blackeggking|Toxic Spikes|[from] move: Defog|[of] p2a: Corviknight
|
|upkeep
|turn|13
|
|t:|1779962666
|switch|p2a: Gliscor|Gliscor, F|100/100
|move|p1a: Enamorus|Mystical Fire|p2a: Gliscor
|-damage|p2a: Gliscor|67/100
|-unboost|p2a: Gliscor|spa|1
|
|-status|p2a: Gliscor|tox|[from] item: Toxic Orb
|upkeep
|turn|14
|
|t:|1779962677
|move|p2a: Gliscor|Toxic|p1a: Enamorus
|-status|p1a: Enamorus|tox
|move|p1a: Enamorus|Springtide Storm|p2a: Gliscor
|-damage|p2a: Gliscor|0 fnt
|faint|p2a: Gliscor
|
|-damage|p1a: Enamorus|95/100 tox|[from] psn
|upkeep
|
|t:|1779962692
|switch|p2a: Gastrodon|Gastrodon, M|100/100
|turn|15
|
|t:|1779962699
|move|p1a: Enamorus|Mystical Fire|p2a: Gastrodon
|-resisted|p2a: Gastrodon
|-damage|p2a: Gastrodon|90/100
|-unboost|p2a: Gastrodon|spa|1
|move|p2a: Gastrodon|Stealth Rock|p1a: Enamorus
|-sidestart|p1: HercuLeon|move: Stealth Rock
|
|-damage|p1a: Enamorus|83/100 tox|[from] psn
|upkeep
|turn|16
|inactive|blackeggking has 120 seconds left.
|
|t:|1779962726
|switch|p1a: Blastoise|Blastoise, F|100/100
|-damage|p1a: Blastoise|88/100|[from] Stealth Rock
|switch|p2a: Alomomola|Alomomola, M|65/100
|
|upkeep
|turn|17
|
|t:|1779962735
|switch|p2a: Gastrodon|Gastrodon, M|90/100
|move|p1a: Blastoise|Rapid Spin|p2a: Gastrodon
|-damage|p2a: Gastrodon|80/100
|-boost|p1a: Blastoise|spe|1
|-damage|p1a: Blastoise|72/100|[from] item: Rocky Helmet|[of] p2a: Gastrodon
|-sideend|p1: HercuLeon|Stealth Rock|[from] move: Rapid Spin|[of] p1a: Blastoise
|
|upkeep
|turn|18
|
|t:|1779962745
|move|p1a: Blastoise|Shell Smash|p1a: Blastoise
|-unboost|p1a: Blastoise|def|1
|-unboost|p1a: Blastoise|spd|1
|-boost|p1a: Blastoise|atk|2
|-boost|p1a: Blastoise|spa|2
|-boost|p1a: Blastoise|spe|2
|-enditem|p1a: Blastoise|White Herb
|-clearnegativeboost|p1a: Blastoise|[silent]
|move|p2a: Gastrodon|Recover|p2a: Gastrodon
|-heal|p2a: Gastrodon|100/100
|
|upkeep
|turn|19
|
|t:|1779962757
|move|p1a: Blastoise|Ice Beam|p2a: Gastrodon
|-damage|p2a: Gastrodon|66/100
|move|p2a: Gastrodon|Stealth Rock|p1a: Blastoise
|-sidestart|p1: HercuLeon|move: Stealth Rock
|
|upkeep
|turn|20
|
|t:|1779962764
|move|p1a: Blastoise|Ice Beam|p2a: Gastrodon
|-damage|p2a: Gastrodon|33/100
|move|p2a: Gastrodon|Recover|p2a: Gastrodon
|-heal|p2a: Gastrodon|83/100
|
|upkeep
|turn|21
|
|t:|1779962774
|move|p2a: Gastrodon|Protect|p2a: Gastrodon
|-singleturn|p2a: Gastrodon|Protect
|move|p1a: Blastoise|Ice Beam|p2a: Gastrodon
|-activate|p2a: Gastrodon|move: Protect
|
|upkeep
|turn|22
|
|t:|1779962787
|switch|p2a: Alomomola|Alomomola, M|98/100
|move|p1a: Blastoise|Ice Beam|p2a: Alomomola
|-resisted|p2a: Alomomola
|-damage|p2a: Alomomola|80/100
|
|upkeep
|turn|23
|
|t:|1779962798
|move|p1a: Blastoise|Surf|p2a: Alomomola
|-resisted|p2a: Alomomola
|-damage|p2a: Alomomola|51/100
|move|p2a: Alomomola|Wish|p2a: Alomomola
|
|upkeep
|turn|24
|
|t:|1779962805
|move|p1a: Blastoise|Ice Beam|p2a: Alomomola
|-resisted|p2a: Alomomola
|-damage|p2a: Alomomola|33/100
|-status|p2a: Alomomola|frz
|cant|p2a: Alomomola|frz
|
|-heal|p2a: Alomomola|83/100 frz|[from] move: Wish|[wisher] Alomomola
|upkeep
|turn|25
|
|t:|1779962821
|switch|p2a: Corviknight|Corviknight, M|84/100
|move|p1a: Blastoise|Rapid Spin|p2a: Corviknight
|-resisted|p2a: Corviknight
|-damage|p2a: Corviknight|79/100
|-boost|p1a: Blastoise|spe|1
|-damage|p1a: Blastoise|55/100|[from] item: Rocky Helmet|[of] p2a: Corviknight
|-sideend|p1: HercuLeon|Stealth Rock|[from] move: Rapid Spin|[of] p1a: Blastoise
|
|upkeep
|turn|26
|
|t:|1779962830
|move|p1a: Blastoise|Surf|p2a: Corviknight
|-crit|p2a: Corviknight
|-damage|p2a: Corviknight|0 fnt
|faint|p2a: Corviknight
|
|upkeep
|
|t:|1779962837
|switch|p2a: Weezing|Weezing-Galar, F|100/100
|-ability|p2a: Weezing|Neutralizing Gas
|turn|27
|
|t:|1779962844
|move|p1a: Blastoise|Surf|p2a: Weezing
|-damage|p2a: Weezing|0 fnt
|faint|p2a: Weezing
|-end|p2a: Weezing|ability: Neutralizing Gas
|
|upkeep
|
|t:|1779962848
|switch|p2a: Chansey|Chansey, F|100/100
|turn|28
|
|t:|1779962852
|move|p1a: Blastoise|Surf|p2a: Chansey
|-damage|p2a: Chansey|78/100
|move|p2a: Chansey|Seismic Toss|p1a: Blastoise
|-damage|p1a: Blastoise|22/100
|
|upkeep
|turn|29
|
|t:|1779962859
|move|p1a: Blastoise|Ice Beam|p2a: Chansey
|-damage|p2a: Chansey|63/100
|move|p2a: Chansey|Stealth Rock|p1a: Blastoise
|-sidestart|p1: HercuLeon|move: Stealth Rock
|
|upkeep
|turn|30
|
|t:|1779962864
|move|p1a: Blastoise|Rapid Spin|p2a: Chansey
|-damage|p2a: Chansey|51/100
|-boost|p1a: Blastoise|spe|1
|-sideend|p1: HercuLeon|Stealth Rock|[from] move: Rapid Spin|[of] p1a: Blastoise
|move|p2a: Chansey|Light Screen|p2a: Chansey
|-sidestart|p2: blackeggking|move: Light Screen
|
|upkeep
|turn|31
|
|t:|1779962871
|move|p1a: Blastoise|Rapid Spin|p2a: Chansey
|-damage|p2a: Chansey|40/100
|-boost|p1a: Blastoise|spe|1
|move|p2a: Chansey|Seismic Toss|p1a: Blastoise
|-damage|p1a: Blastoise|0 fnt
|faint|p1a: Blastoise
|
|upkeep
|
|t:|1779962882
|switch|p1a: Blaziken|Blaziken, M|100/100
|turn|32
|
|t:|1779962889
|move|p1a: Blaziken|Knock Off|p2a: Chansey
|-damage|p2a: Chansey|15/100
|-enditem|p2a: Chansey|Eviolite|[from] move: Knock Off|[of] p1a: Blaziken
|move|p2a: Chansey|Soft-Boiled|p2a: Chansey
|-heal|p2a: Chansey|65/100
|
|-ability|p1a: Blaziken|Speed Boost|boost
|-boost|p1a: Blaziken|spe|1
|upkeep
|turn|33
|
|t:|1779962901
|move|p1a: Blaziken|Rock Slide|p2a: Chansey
|-crit|p2a: Chansey
|-damage|p2a: Chansey|24/100
|cant|p2a: Chansey|flinch
|
|-ability|p1a: Blaziken|Speed Boost|boost
|-boost|p1a: Blaziken|spe|1
|upkeep
|turn|34
|
|t:|1779962910
|move|p1a: Blaziken|Vacuum Wave|p2a: Chansey
|-supereffective|p2a: Chansey
|-damage|p2a: Chansey|17/100
|move|p2a: Chansey|Soft-Boiled|p2a: Chansey
|-heal|p2a: Chansey|67/100
|
|-sideend|p2: blackeggking|move: Light Screen
|-ability|p1a: Blaziken|Speed Boost|boost
|-boost|p1a: Blaziken|spe|1
|upkeep
|turn|35
|
|t:|1779962923
|-terastallize|p2a: Chansey|Flying
|move|p1a: Blaziken|Rock Slide|p2a: Chansey
|-supereffective|p2a: Chansey
|-damage|p2a: Chansey|17/100
|move|p2a: Chansey|Stealth Rock|p1a: Blaziken
|-sidestart|p1: HercuLeon|move: Stealth Rock
|
|-ability|p1a: Blaziken|Speed Boost|boost
|-boost|p1a: Blaziken|spe|1
|upkeep
|turn|36
|
|t:|1779962937
|switch|p2a: Gastrodon|Gastrodon, M|83/100
|move|p1a: Blaziken|Rock Slide|p2a: Gastrodon
|-resisted|p2a: Gastrodon
|-damage|p2a: Gastrodon|68/100
|
|-ability|p1a: Blaziken|Speed Boost|boost
|-boost|p1a: Blaziken|spe|1
|upkeep
|turn|37
|
|t:|1779962947
|move|p1a: Blaziken|Knock Off|p2a: Gastrodon
|-damage|p2a: Gastrodon|27/100
|-damage|p1a: Blaziken|84/100|[from] item: Rocky Helmet|[of] p2a: Gastrodon
|-enditem|p2a: Gastrodon|Rocky Helmet|[from] move: Knock Off|[of] p1a: Blaziken
|move|p2a: Gastrodon|Stealth Rock||[still]
|-fail|p2a: Gastrodon
|
|-ability|p1a: Blaziken|Speed Boost|boost
|-boost|p1a: Blaziken|spe|1
|upkeep
|turn|38
|-message|blackeggking forfeited.
|
|win|HercuLeon
|raw|HercuLeon's rating: 1091 &rarr; <strong>1119</strong><br />(+28 for winning)
|raw|blackeggking's rating: 1115 &rarr; <strong>1088</strong><br />(-27 for losing)
|l|☆blackeggking
|player|p2|
|l|☆HercuLeon
|player|p1|
