|badge|p2|bronze|gen9ou|100-9
|uhtml|medal-msg|<div class="broadcast-blue">Curious what those medals under the avatar are? PS now has Ladder Seasons! For more information, check out the <a href="https://www.smogon.com/forums/threads/3740067/">thread on Smogon.</a></div>
|j|☆3T6
|j|☆Auburn Hills
|t:|1779922533
|gametype|singles
|player|p1|3T6|lance|1674
|player|p2|Auburn Hills|alder|1804
|gen|9
|tier|[Gen 9] OU
|rated|
|rule|HP Percentage Mod: HP is shown in percentages
|rule|Endless Battle Clause: Forcing endless battles is banned
|rule|Species Clause: Limit one of each Pokémon
|rule|OHKO Clause: OHKO moves are banned
|rule|Evasion Items Clause: Evasion items are banned
|rule|Evasion Moves Clause: Evasion moves are banned
|rule|Evasion Abilities Clause: Evasion abilities are banned
|rule|Sleep Moves Clause: Sleep-inducing moves are banned
|clearpoke
|poke|p1|Zapdos|
|poke|p1|Iron Treads|
|poke|p1|Samurott-Hisui, F|
|poke|p1|Ceruledge, M|
|poke|p1|Gholdengo|
|poke|p1|Kingambit, M|
|poke|p2|Iron Moth|
|poke|p2|Umbreon, M|
|poke|p2|Garchomp, F|
|poke|p2|Glimmora, M|
|poke|p2|Gholdengo|
|poke|p2|Dragonite, M|
|teampreview
|inactive|Battle timer is ON: inactive players will automatically lose when time's up. (requested by 3T6)
|
|t:|1779922548
|teamsize|p1|6
|teamsize|p2|6
|start
|switch|p1a: Samurott|Samurott-Hisui, F|100/100
|switch|p2a: Julia Jacklin|Glimmora, M|100/100
|turn|1
|
|t:|1779922554
|move|p2a: Julia Jacklin|Sludge Wave|p1a: Samurott
|-damage|p1a: Samurott|62/100
|move|p1a: Samurott|Ceaseless Edge|p2a: Julia Jacklin|[miss]
|-miss|p1a: Samurott|p2a: Julia Jacklin
|
|upkeep
|turn|2
|
|t:|1779922558
|move|p2a: Julia Jacklin|Sludge Wave|p1a: Samurott
|-damage|p1a: Samurott|28/100
|move|p1a: Samurott|Ceaseless Edge|p2a: Julia Jacklin
|-damage|p2a: Julia Jacklin|49/100
|-activate|p2a: Julia Jacklin|ability: Toxic Debris
|-sidestart|p1: 3T6|move: Toxic Spikes
|-sidestart|p2: Auburn Hills|Spikes
|
|upkeep
|turn|3
|
|t:|1779922563
|switch|p1a: Iron Treads|Iron Treads|100/100
|move|p2a: Julia Jacklin|Stealth Rock|p1a: Iron Treads
|-sidestart|p1: 3T6|move: Stealth Rock
|
|upkeep
|turn|4
|
|t:|1779922568
|move|p1a: Iron Treads|Earthquake|p2a: Julia Jacklin
|-supereffective|p2a: Julia Jacklin
|-damage|p2a: Julia Jacklin|0 fnt
|-activate|p2a: Julia Jacklin|ability: Toxic Debris
|-sidestart|p1: 3T6|move: Toxic Spikes
|faint|p2a: Julia Jacklin
|
|upkeep
|
|t:|1779922570
|switch|p2a: Smino|Gholdengo|100/100
|-damage|p2a: Smino|88/100|[from] Spikes
|turn|5
|
|t:|1779922576
|move|p2a: Smino|Shadow Ball|p1a: Iron Treads
|-damage|p1a: Iron Treads|41/100
|move|p1a: Iron Treads|Earthquake|p2a: Smino
|-supereffective|p2a: Smino
|-damage|p2a: Smino|0 fnt
|faint|p2a: Smino
|
|-heal|p1a: Iron Treads|48/100|[from] item: Leftovers
|upkeep
|
|t:|1779922581
|switch|p2a: Carly Rae|Iron Moth|100/100
|-damage|p2a: Carly Rae|88/100|[from] Spikes
|-enditem|p2a: Carly Rae|Booster Energy
|-activate|p2a: Carly Rae|ability: Quark Drive|[fromitem]
|-start|p2a: Carly Rae|quarkdrivespe
|turn|6
|
|t:|1779922584
|-end|p1a: Iron Treads|Quark Drive|[silent]
|switch|p1a: Samurott|Samurott-Hisui, F|28/100
|-status|p1a: Samurott|tox
|-damage|p1a: Samurott|15/100 tox|[from] Stealth Rock
|move|p2a: Carly Rae|Fiery Dance|p1a: Samurott
|-resisted|p1a: Samurott
|-damage|p1a: Samurott|1/100 tox
|-boost|p2a: Carly Rae|spa|1
|
|-damage|p1a: Samurott|0 fnt|[from] psn
|faint|p1a: Samurott
|upkeep
|
|t:|1779922602
|switch|p1a: Ceruledge|Ceruledge, M|100/100
|turn|7
|
|t:|1779922609
|move|p2a: Carly Rae|Discharge|p1a: Ceruledge
|-damage|p1a: Ceruledge|62/100
|move|p1a: Ceruledge|Bitter Blade|p2a: Carly Rae
|-resisted|p2a: Carly Rae
|-damage|p2a: Carly Rae|53/100
|-heal|p1a: Ceruledge|77/100|[from] drain|[of] p2a: Carly Rae
|
|upkeep
|turn|8
|
|t:|1779922621
|move|p2a: Carly Rae|Discharge|p1a: Ceruledge
|-damage|p1a: Ceruledge|40/100
|move|p1a: Ceruledge|Bitter Blade|p2a: Carly Rae
|-resisted|p2a: Carly Rae
|-damage|p2a: Carly Rae|16/100
|-heal|p1a: Ceruledge|56/100|[from] drain|[of] p2a: Carly Rae
|
|upkeep
|turn|9
|
|t:|1779922626
|move|p1a: Ceruledge|Shadow Sneak|p2a: Carly Rae
|-damage|p2a: Carly Rae|0 fnt
|faint|p2a: Carly Rae
|-end|p2a: Carly Rae|Quark Drive|[silent]
|
|upkeep
|
|t:|1779922627
|switch|p2a: Elucid|Dragonite, M|100/100
|turn|10
|
|t:|1779922631
|switch|p1a: Zapdos|Zapdos|100/100
|move|p2a: Elucid|Dragon Dance|p2a: Elucid
|-boost|p2a: Elucid|atk|1
|-boost|p2a: Elucid|spe|1
|
|upkeep
|turn|11
|
|t:|1779922634
|move|p2a: Elucid|Dragon Dance|p2a: Elucid
|-boost|p2a: Elucid|atk|1
|-boost|p2a: Elucid|spe|1
|move|p1a: Zapdos|Thunder Wave|p2a: Elucid
|-status|p2a: Elucid|par
|
|upkeep
|turn|12
|
|t:|1779922637
|cant|p2a: Elucid|par
|move|p1a: Zapdos|Volt Switch|p2a: Elucid
|-damage|p2a: Elucid|84/100 par
|
|t:|1779922638
|switch|p1a: Iron Treads|Iron Treads|48/100|[from] Volt Switch
|-damage|p1a: Iron Treads|44/100|[from] Stealth Rock
|
|-heal|p1a: Iron Treads|51/100|[from] item: Leftovers
|upkeep
|turn|13
|
|t:|1779922642
|move|p1a: Iron Treads|Rapid Spin|p2a: Elucid
|-damage|p2a: Elucid|66/100 par
|-boost|p1a: Iron Treads|spe|1
|-sideend|p1: 3T6|Toxic Spikes|[from] move: Rapid Spin|[of] p1a: Iron Treads
|-sideend|p1: 3T6|Stealth Rock|[from] move: Rapid Spin|[of] p1a: Iron Treads
|move|p2a: Elucid|Earthquake|p1a: Iron Treads
|-supereffective|p1a: Iron Treads
|-damage|p1a: Iron Treads|0 fnt
|faint|p1a: Iron Treads
|-end|p1a: Iron Treads|Quark Drive|[silent]
|
|upkeep
|
|t:|1779922649
|switch|p1a: Gholdengo|Gholdengo|100/100
|-item|p1a: Gholdengo|Air Balloon
|turn|14
|
|t:|1779922662
|move|p2a: Elucid|Ice Spinner|p1a: Gholdengo
|-resisted|p1a: Gholdengo
|-damage|p1a: Gholdengo|80/100
|-enditem|p1a: Gholdengo|Air Balloon
|move|p1a: Gholdengo|Hex|p2a: Elucid
|-damage|p2a: Elucid|5/100 par
|
|upkeep
|turn|15
|
|t:|1779922667
|switch|p1a: Zapdos|Zapdos|100/100
|move|p2a: Elucid|Earthquake|p1a: Zapdos
|-immune|p1a: Zapdos
|
|upkeep
|turn|16
|
|t:|1779922670
|move|p2a: Elucid|Ice Spinner|p1a: Zapdos
|-supereffective|p1a: Zapdos
|-damage|p1a: Zapdos|15/100
|move|p1a: Zapdos|Volt Switch|p2a: Elucid
|-damage|p2a: Elucid|0 fnt
|faint|p2a: Elucid
|
|t:|1779922685
|switch|p1a: Gholdengo|Gholdengo|80/100|[from] Volt Switch
|
|upkeep
|
|t:|1779922688
|switch|p2a: Rat Tally|Garchomp, F|100/100
|-damage|p2a: Rat Tally|88/100|[from] Spikes
|turn|17
|
|t:|1779922697
|move|p2a: Rat Tally|Earthquake|p1a: Gholdengo
|-supereffective|p1a: Gholdengo
|-damage|p1a: Gholdengo|11/100
|move|p1a: Gholdengo|Hex|p2a: Rat Tally
|-damage|p2a: Rat Tally|50/100
|
|upkeep
|turn|18
|
|t:|1779922701
|move|p2a: Rat Tally|Earthquake|p1a: Gholdengo
|-supereffective|p1a: Gholdengo
|-damage|p1a: Gholdengo|0 fnt
|faint|p1a: Gholdengo
|
|upkeep
|
|t:|1779922710
|switch|p1a: Ceruledge|Ceruledge, M|56/100
|turn|19
|
|t:|1779922722
|-terastallize|p1a: Ceruledge|Fairy
|move|p2a: Rat Tally|Scale Shot|p1a: Ceruledge
|-immune|p1a: Ceruledge
|move|p1a: Ceruledge|Swords Dance|p1a: Ceruledge
|-boost|p1a: Ceruledge|atk|2
|
|upkeep
|turn|20
|
|t:|1779922729
|move|p2a: Rat Tally|Poison Jab|p1a: Ceruledge
|-supereffective|p1a: Ceruledge
|-damage|p1a: Ceruledge|0 fnt
|faint|p1a: Ceruledge
|
|upkeep
|
|t:|1779922735
|switch|p1a: Zapdos|Zapdos|15/100
|turn|21
|
|t:|1779922749
|move|p2a: Rat Tally|Poison Jab|p1a: Zapdos
|-damage|p1a: Zapdos|0 fnt
|faint|p1a: Zapdos
|
|upkeep
|
|t:|1779922751
|switch|p1a: Kingambit|Kingambit, M|100/100
|-activate|p1a: Kingambit|ability: Supreme Overlord
|-start|p1a: Kingambit|fallen5|[silent]
|turn|22
|
|t:|1779922755
|move|p1a: Kingambit|Sucker Punch|p2a: Rat Tally
|-damage|p2a: Rat Tally|0 fnt
|-damage|p1a: Kingambit|88/100|[from] ability: Rough Skin|[of] p2a: Rat Tally
|faint|p2a: Rat Tally
|
|-heal|p1a: Kingambit|94/100|[from] item: Leftovers
|upkeep
|
|t:|1779922757
|switch|p2a: Alvvays|Umbreon, M|100/100
|-damage|p2a: Alvvays|88/100|[from] Spikes
|turn|23
|
|t:|1779922761
|move|p1a: Kingambit|Low Kick|p2a: Alvvays
|-supereffective|p2a: Alvvays
|-damage|p2a: Alvvays|39/100
|move|p2a: Alvvays|Thunder Wave|p1a: Kingambit
|-status|p1a: Kingambit|par
|
|-heal|p2a: Alvvays|45/100|[from] item: Leftovers
|-heal|p1a: Kingambit|100/100 par|[from] item: Leftovers
|upkeep
|turn|24
|
|t:|1779922765
|move|p2a: Alvvays|Protect|p2a: Alvvays
|-singleturn|p2a: Alvvays|Protect
|move|p1a: Kingambit|Low Kick|p2a: Alvvays
|-activate|p2a: Alvvays|move: Protect
|
|-heal|p2a: Alvvays|51/100|[from] item: Leftovers
|upkeep
|turn|25
|
|t:|1779922770
|move|p2a: Alvvays|Wish|p2a: Alvvays
|move|p1a: Kingambit|Low Kick|p2a: Alvvays
|-supereffective|p2a: Alvvays
|-damage|p2a: Alvvays|0 fnt
|faint|p2a: Alvvays
|
|win|3T6
|raw|3T6's rating: 1674 &rarr; <strong>1701</strong><br />(+27 for winning)
|raw|Auburn Hills's rating: 1804 &rarr; <strong>1777</strong><br />(-27 for losing)
|l|☆Auburn Hills
|player|p2|
|l|☆3T6
|player|p1|
