|j|☆katholikon
|j|☆COLFOFLOW
|t:|1779883552
|gametype|singles
|player|p1|katholikon|102|1590
|player|p2|COLFOFLOW|volkner|1544
|gen|9
|tier|[Gen 9] OU
|rated|
|rule|HP Percentage Mod: HP is shown in percentages
|rule|Endless Battle Clause: Forcing endless battles is banned
|rule|Species Clause: Limit one of each Pokémon
|rule|OHKO Clause: OHKO moves are banned
|rule|Evasion Items Clause: Evasion items are banned
|rule|Evasion Moves Clause: Evasion moves are banned
|rule|Evasion Abilities Clause: Evasion abilities are banned
|rule|Sleep Moves Clause: Sleep-inducing moves are banned
|clearpoke
|poke|p1|Iron Boulder|
|poke|p1|Dragapult, M|
|poke|p1|Raging Bolt|
|poke|p1|Great Tusk|
|poke|p1|Ting-Lu|
|poke|p1|Corviknight, M|
|poke|p2|Darkrai|
|poke|p2|Clodsire, M|
|poke|p2|Suicune|
|poke|p2|Lokix, M|
|poke|p2|Pecharunt|
|poke|p2|Corviknight, F|
|teampreview
|j| cachowcapow
|inactive|Battle timer is ON: inactive players will automatically lose when time's up. (requested by katholikon)
|
|t:|1779883567
|teamsize|p1|6
|teamsize|p2|6
|start
|switch|p1a: Dragapult|Dragapult, M|100/100
|switch|p2a: Lokix|Lokix, M|100/100
|turn|1
|
|t:|1779883572
|switch|p1a: Corviknight|Corviknight, M|100/100
|-ability|p1a: Corviknight|Pressure
|-terastallize|p2a: Lokix|Bug
|move|p2a: Lokix|First Impression|p1a: Corviknight
|-resisted|p1a: Corviknight
|-damage|p1a: Corviknight|72/100
|-damage|p2a: Lokix|84/100|[from] item: Rocky Helmet|[of] p1a: Corviknight
|
|upkeep
|turn|2
|
|t:|1779883580
|switch|p2a: Darkrai|Darkrai|100/100
|move|p1a: Corviknight|U-turn|p2a: Darkrai
|-supereffective|p2a: Darkrai
|-damage|p2a: Darkrai|59/100
|
|t:|1779883585
|switch|p1a: Ting-Lu|Ting-Lu|100/100|[from] U-turn
|-ability|p1a: Ting-Lu|Vessel of Ruin
|
|upkeep
|turn|3
|
|t:|1779883591
|switch|p2a: Lokix|Lokix, M, tera:Bug|84/100
|move|p1a: Ting-Lu|Stealth Rock|p2a: Lokix
|-sidestart|p2: COLFOFLOW|move: Stealth Rock
|
|upkeep
|turn|4
|
|t:|1779883595
|switch|p1a: Corviknight|Corviknight, M|72/100
|-ability|p1a: Corviknight|Pressure
|move|p2a: Lokix|Knock Off|p1a: Corviknight
|-damage|p1a: Corviknight|21/100
|-damage|p2a: Lokix|67/100|[from] item: Rocky Helmet|[of] p1a: Corviknight
|-enditem|p1a: Corviknight|Rocky Helmet|[from] move: Knock Off|[of] p2a: Lokix
|
|upkeep
|turn|5
|
|t:|1779883598
|move|p2a: Lokix|Knock Off|p1a: Corviknight
|-damage|p1a: Corviknight|0 fnt
|faint|p1a: Corviknight
|
|upkeep
|
|t:|1779883600
|switch|p1a: Dragapult|Dragapult, M|100/100
|turn|6
|
|t:|1779883608
|switch|p2a: Corviknight|Corviknight, F|100/100
|-damage|p2a: Corviknight|88/100|[from] Stealth Rock
|-ability|p2a: Corviknight|Pressure
|move|p1a: Dragapult|U-turn|p2a: Corviknight
|-resisted|p2a: Corviknight
|-damage|p2a: Corviknight|85/100
|-damage|p1a: Dragapult|84/100|[from] item: Rocky Helmet|[of] p2a: Corviknight
|
|t:|1779883611
|switch|p1a: Raging Bolt|Raging Bolt|100/100|[from] U-turn
|
|upkeep
|turn|7
|
|t:|1779883614
|-end|p1a: Raging Bolt|Protosynthesis|[silent]
|switch|p1a: Great Tusk|Great Tusk|100/100
|switch|p2a: Clodsire|Clodsire, M|100/100
|-damage|p2a: Clodsire|94/100|[from] Stealth Rock
|
|-heal|p2a: Clodsire|100/100|[from] item: Black Sludge
|upkeep
|turn|8
|
|t:|1779883623
|switch|p2a: Corviknight|Corviknight, F|85/100
|-damage|p2a: Corviknight|73/100|[from] Stealth Rock
|-ability|p2a: Corviknight|Pressure
|move|p1a: Great Tusk|Ice Spinner|p2a: Corviknight
|-damage|p2a: Corviknight|47/100
|-damage|p1a: Great Tusk|84/100|[from] item: Rocky Helmet|[of] p2a: Corviknight
|
|upkeep
|turn|9
|
|t:|1779883629
|-end|p1a: Great Tusk|Protosynthesis|[silent]
|switch|p1a: Raging Bolt|Raging Bolt|100/100
|move|p2a: Corviknight|Roost|p2a: Corviknight
|-heal|p2a: Corviknight|97/100
|-singleturn|p2a: Corviknight|move: Roost
|
|upkeep
|turn|10
|
|t:|1779883648
|switch|p2a: Clodsire|Clodsire, M|100/100
|-damage|p2a: Clodsire|94/100|[from] Stealth Rock
|move|p1a: Raging Bolt|Draco Meteor|p2a: Clodsire
|-damage|p2a: Clodsire|36/100
|-unboost|p1a: Raging Bolt|spa|2
|
|-heal|p2a: Clodsire|43/100|[from] item: Black Sludge
|upkeep
|turn|11
|
|t:|1779883656
|-end|p1a: Raging Bolt|Protosynthesis|[silent]
|switch|p1a: Great Tusk|Great Tusk|84/100
|move|p2a: Clodsire|Recover|p2a: Clodsire
|-heal|p2a: Clodsire|93/100
|
|-heal|p2a: Clodsire|99/100|[from] item: Black Sludge
|upkeep
|turn|12
|
|t:|1779883661
|switch|p2a: Corviknight|Corviknight, F|97/100
|-damage|p2a: Corviknight|85/100|[from] Stealth Rock
|-ability|p2a: Corviknight|Pressure
|move|p1a: Great Tusk|Knock Off|p2a: Corviknight
|-damage|p2a: Corviknight|52/100
|-damage|p1a: Great Tusk|68/100|[from] item: Rocky Helmet|[of] p2a: Corviknight
|-enditem|p2a: Corviknight|Rocky Helmet|[from] move: Knock Off|[of] p1a: Great Tusk
|
|upkeep
|turn|13
|
|t:|1779883664
|-end|p1a: Great Tusk|Protosynthesis|[silent]
|switch|p1a: Raging Bolt|Raging Bolt|100/100
|move|p2a: Corviknight|Roost|p2a: Corviknight
|-heal|p2a: Corviknight|100/100
|-singleturn|p2a: Corviknight|move: Roost
|
|upkeep
|turn|14
|
|t:|1779883670
|switch|p2a: Clodsire|Clodsire, M|99/100
|-damage|p2a: Clodsire|93/100|[from] Stealth Rock
|move|p1a: Raging Bolt|Thunderbolt|p2a: Clodsire
|-immune|p2a: Clodsire
|
|-heal|p2a: Clodsire|99/100|[from] item: Black Sludge
|upkeep
|turn|15
|
|t:|1779883673
|-end|p1a: Raging Bolt|Protosynthesis|[silent]
|switch|p1a: Great Tusk|Great Tusk|68/100
|move|p2a: Clodsire|Toxic|p1a: Great Tusk
|-status|p1a: Great Tusk|tox
|
|-heal|p2a: Clodsire|100/100|[from] item: Black Sludge
|-damage|p1a: Great Tusk|61/100 tox|[from] psn
|upkeep
|turn|16
|
|t:|1779883682
|switch|p2a: Corviknight|Corviknight, F|100/100
|-damage|p2a: Corviknight|88/100|[from] Stealth Rock
|-ability|p2a: Corviknight|Pressure
|move|p1a: Great Tusk|Close Combat|p2a: Corviknight
|-damage|p2a: Corviknight|27/100
|-unboost|p1a: Great Tusk|def|1
|-unboost|p1a: Great Tusk|spd|1
|
|-damage|p1a: Great Tusk|49/100 tox|[from] psn
|upkeep
|turn|17
|
|t:|1779883697
|-end|p1a: Great Tusk|Protosynthesis|[silent]
|switch|p1a: Raging Bolt|Raging Bolt|100/100
|move|p2a: Corviknight|Defog|p1a: Raging Bolt
|-unboost|p1a: Raging Bolt|evasion|1
|-sideend|p2: COLFOFLOW|Stealth Rock|[from] move: Defog|[of] p2a: Corviknight
|
|upkeep
|turn|18
|
|t:|1779883705
|switch|p2a: Clodsire|Clodsire, M|100/100
|move|p1a: Raging Bolt|Draco Meteor|p2a: Clodsire|[miss]
|-miss|p1a: Raging Bolt|p2a: Clodsire
|
|upkeep
|turn|19
|
|t:|1779883714
|-end|p1a: Raging Bolt|Protosynthesis|[silent]
|switch|p1a: Ting-Lu|Ting-Lu|100/100
|-ability|p1a: Ting-Lu|Vessel of Ruin
|move|p2a: Clodsire|Stealth Rock|p1a: Ting-Lu
|-sidestart|p1: katholikon|move: Stealth Rock
|
|upkeep
|turn|20
|
|t:|1779883719
|move|p1a: Ting-Lu|Stealth Rock|p2a: Clodsire
|-sidestart|p2: COLFOFLOW|move: Stealth Rock
|move|p2a: Clodsire|Toxic|p1a: Ting-Lu
|-status|p1a: Ting-Lu|tox
|
|-damage|p1a: Ting-Lu|94/100 tox|[from] psn
|upkeep
|turn|21
|
|t:|1779883721
|switch|p2a: Corviknight|Corviknight, F|27/100
|-damage|p2a: Corviknight|15/100|[from] Stealth Rock
|-ability|p2a: Corviknight|Pressure
|move|p1a: Ting-Lu|Spikes|p2a: Corviknight
|-sidestart|p2: COLFOFLOW|Spikes
|
|-heal|p1a: Ting-Lu|100/100 tox|[from] item: Leftovers
|-damage|p1a: Ting-Lu|88/100 tox|[from] psn
|upkeep
|turn|22
|
|t:|1779883725
|switch|p1a: Dragapult|Dragapult, M|84/100
|-damage|p1a: Dragapult|72/100|[from] Stealth Rock
|move|p2a: Corviknight|Defog|p1a: Dragapult
|-unboost|p1a: Dragapult|evasion|1
|-sideend|p1: katholikon|Stealth Rock|[from] move: Defog|[of] p2a: Corviknight
|-sideend|p2: COLFOFLOW|Spikes|[from] move: Defog|[of] p2a: Corviknight
|-sideend|p2: COLFOFLOW|Stealth Rock|[from] move: Defog|[of] p2a: Corviknight
|
|upkeep
|turn|23
|
|t:|1779883747
|switch|p2a: Suicune|Suicune|100/100
|-ability|p2a: Suicune|Pressure
|move|p1a: Dragapult|Shadow Ball|p2a: Suicune
|-damage|p2a: Suicune|60/100
|
|-heal|p2a: Suicune|67/100|[from] item: Leftovers
|upkeep
|turn|24
|
|t:|1779883753
|switch|p1a: Ting-Lu|Ting-Lu|88/100 tox
|-ability|p1a: Ting-Lu|Vessel of Ruin
|move|p2a: Suicune|Calm Mind|p2a: Suicune
|-boost|p2a: Suicune|spa|1
|-boost|p2a: Suicune|spd|1
|
|-heal|p2a: Suicune|73/100|[from] item: Leftovers
|-heal|p1a: Ting-Lu|94/100 tox|[from] item: Leftovers
|-damage|p1a: Ting-Lu|88/100 tox|[from] psn
|upkeep
|turn|25
|
|t:|1779883758
|switch|p2a: Corviknight|Corviknight, F|15/100
|-ability|p2a: Corviknight|Pressure
|-terastallize|p1a: Ting-Lu|Poison
|move|p1a: Ting-Lu|Stealth Rock|p2a: Corviknight
|-sidestart|p2: COLFOFLOW|move: Stealth Rock
|
|-heal|p1a: Ting-Lu|94/100 tox|[from] item: Leftovers
|-damage|p1a: Ting-Lu|82/100 tox|[from] psn
|upkeep
|turn|26
|
|t:|1779883765
|switch|p1a: Dragapult|Dragapult, M|72/100
|move|p2a: Corviknight|Roost|p2a: Corviknight
|-heal|p2a: Corviknight|65/100
|-singleturn|p2a: Corviknight|move: Roost
|
|upkeep
|turn|27
|
|t:|1779883777
|move|p1a: Dragapult|Flamethrower|p2a: Corviknight
|-supereffective|p2a: Corviknight
|-damage|p2a: Corviknight|0 fnt
|faint|p2a: Corviknight
|
|upkeep
|
|t:|1779883786
|switch|p2a: Suicune|Suicune|73/100
|-damage|p2a: Suicune|60/100|[from] Stealth Rock
|-ability|p2a: Suicune|Pressure
|turn|28
|
|t:|1779883797
|switch|p1a: Ting-Lu|Ting-Lu, tera:Poison|82/100 tox
|-ability|p1a: Ting-Lu|Vessel of Ruin
|switch|p2a: Lokix|Lokix, M, tera:Bug|67/100
|-damage|p2a: Lokix|43/100|[from] Stealth Rock
|
|-heal|p1a: Ting-Lu|88/100 tox|[from] item: Leftovers
|-damage|p1a: Ting-Lu|82/100 tox|[from] psn
|upkeep
|turn|29
|
|t:|1779883806
|move|p2a: Lokix|Leech Life|p1a: Ting-Lu
|-resisted|p1a: Ting-Lu
|-damage|p1a: Ting-Lu|41/100 tox
|-heal|p2a: Lokix|80/100|[from] drain|[of] p1a: Ting-Lu
|move|p1a: Ting-Lu|Spikes|p2a: Lokix
|-sidestart|p2: COLFOFLOW|Spikes
|
|-heal|p1a: Ting-Lu|47/100 tox|[from] item: Leftovers
|-damage|p1a: Ting-Lu|35/100 tox|[from] psn
|upkeep
|turn|30
|
|t:|1779883810
|move|p2a: Lokix|Leech Life|p1a: Ting-Lu
|-resisted|p1a: Ting-Lu
|-damage|p1a: Ting-Lu|0 fnt
|-heal|p2a: Lokix|100/100|[from] drain|[of] p1a: Ting-Lu
|faint|p1a: Ting-Lu
|
|upkeep
|
|t:|1779883812
|switch|p1a: Dragapult|Dragapult, M|72/100
|turn|31
|
|t:|1779883818
|switch|p2a: Clodsire|Clodsire, M|100/100
|-damage|p2a: Clodsire|94/100|[from] Stealth Rock
|-damage|p2a: Clodsire|82/100|[from] Spikes
|move|p1a: Dragapult|Draco Meteor|p2a: Clodsire|[miss]
|-miss|p1a: Dragapult|p2a: Clodsire
|
|-heal|p2a: Clodsire|88/100|[from] item: Black Sludge
|upkeep
|turn|32
|
|t:|1779883826
|switch|p1a: Great Tusk|Great Tusk|49/100 tox
|move|p2a: Clodsire|Stealth Rock|p1a: Great Tusk
|-sidestart|p1: katholikon|move: Stealth Rock
|
|-heal|p2a: Clodsire|94/100|[from] item: Black Sludge
|-damage|p1a: Great Tusk|43/100 tox|[from] psn
|upkeep
|turn|33
|
|t:|1779883830
|switch|p2a: Pecharunt|Pecharunt|100/100
|-damage|p2a: Pecharunt|88/100|[from] Stealth Rock
|-damage|p2a: Pecharunt|76/100|[from] Spikes
|move|p1a: Great Tusk|Headlong Rush|p2a: Pecharunt
|-supereffective|p2a: Pecharunt
|-damage|p2a: Pecharunt|0 fnt
|-unboost|p1a: Great Tusk|def|1
|-unboost|p1a: Great Tusk|spd|1
|faint|p2a: Pecharunt
|
|-damage|p1a: Great Tusk|30/100 tox|[from] psn
|upkeep
|
|t:|1779883833
|switch|p2a: Darkrai|Darkrai|59/100
|-damage|p2a: Darkrai|47/100|[from] Stealth Rock
|-damage|p2a: Darkrai|34/100|[from] Spikes
|turn|34
|
|t:|1779883841
|-end|p1a: Great Tusk|Protosynthesis|[silent]
|switch|p1a: Raging Bolt|Raging Bolt|100/100
|-damage|p1a: Raging Bolt|88/100|[from] Stealth Rock
|move|p2a: Darkrai|Dark Pulse|p1a: Raging Bolt
|-damage|p1a: Raging Bolt|27/100
|
|upkeep
|turn|35
|
|t:|1779883845
|move|p1a: Raging Bolt|Thunderclap|p2a: Darkrai
|-damage|p2a: Darkrai|0 fnt
|faint|p2a: Darkrai
|
|upkeep
|
|t:|1779883848
|switch|p2a: Lokix|Lokix, M, tera:Bug|100/100
|-damage|p2a: Lokix|76/100|[from] Stealth Rock
|-damage|p2a: Lokix|63/100|[from] Spikes
|turn|36
|
|t:|1779883851
|move|p2a: Lokix|First Impression|p1a: Raging Bolt
|-damage|p1a: Raging Bolt|0 fnt
|faint|p1a: Raging Bolt
|-end|p1a: Raging Bolt|Protosynthesis|[silent]
|
|upkeep
|
|t:|1779883859
|switch|p1a: Dragapult|Dragapult, M|72/100
|-damage|p1a: Dragapult|59/100|[from] Stealth Rock
|turn|37
|
|t:|1779883862
|switch|p1a: Great Tusk|Great Tusk|30/100 tox
|-damage|p1a: Great Tusk|27/100 tox|[from] Stealth Rock
|switch|p2a: Clodsire|Clodsire, M|94/100
|-damage|p2a: Clodsire|88/100|[from] Stealth Rock
|-damage|p2a: Clodsire|75/100|[from] Spikes
|
|-heal|p2a: Clodsire|82/100|[from] item: Black Sludge
|-damage|p1a: Great Tusk|21/100 tox|[from] psn
|upkeep
|turn|38
|
|t:|1779883867
|switch|p2a: Suicune|Suicune|60/100
|-damage|p2a: Suicune|48/100|[from] Stealth Rock
|-damage|p2a: Suicune|36/100|[from] Spikes
|-ability|p2a: Suicune|Pressure
|move|p1a: Great Tusk|Headlong Rush|p2a: Suicune
|-damage|p2a: Suicune|0 fnt
|-unboost|p1a: Great Tusk|def|1
|-unboost|p1a: Great Tusk|spd|1
|faint|p2a: Suicune
|
|-damage|p1a: Great Tusk|9/100 tox|[from] psn
|upkeep
|j| Zero Faction
|
|t:|1779883874
|switch|p2a: Clodsire|Clodsire, M|82/100
|-damage|p2a: Clodsire|75/100|[from] Stealth Rock
|-damage|p2a: Clodsire|63/100|[from] Spikes
|turn|39
|
|t:|1779883876
|move|p1a: Great Tusk|Headlong Rush|p2a: Clodsire
|-supereffective|p2a: Clodsire
|-damage|p2a: Clodsire|0 fnt
|-unboost|p1a: Great Tusk|def|1
|-unboost|p1a: Great Tusk|spd|1
|faint|p2a: Clodsire
|
|-damage|p1a: Great Tusk|0 fnt|[from] psn
|faint|p1a: Great Tusk
|-end|p1a: Great Tusk|Protosynthesis|[silent]
|upkeep
|
|t:|1779883880
|switch|p1a: Iron Boulder|Iron Boulder|100/100
|switch|p2a: Lokix|Lokix, M, tera:Bug|63/100
|-damage|p1a: Iron Boulder|88/100|[from] Stealth Rock
|-damage|p2a: Lokix|39/100|[from] Stealth Rock
|-damage|p2a: Lokix|26/100|[from] Spikes
|-enditem|p1a: Iron Boulder|Booster Energy
|-activate|p1a: Iron Boulder|ability: Quark Drive|[fromitem]
|-start|p1a: Iron Boulder|quarkdrivespe
|turn|40
|
|t:|1779883887
|move|p1a: Iron Boulder|Swords Dance|p1a: Iron Boulder
|-boost|p1a: Iron Boulder|atk|2
|move|p2a: Lokix|Leech Life|p1a: Iron Boulder
|-supereffective|p1a: Iron Boulder
|-damage|p1a: Iron Boulder|0 fnt
|-heal|p2a: Lokix|76/100|[from] drain|[of] p1a: Iron Boulder
|faint|p1a: Iron Boulder
|-end|p1a: Iron Boulder|Quark Drive|[silent]
|
|upkeep
|
|t:|1779883889
|switch|p1a: Dragapult|Dragapult, M|59/100
|-damage|p1a: Dragapult|47/100|[from] Stealth Rock
|turn|41
|
|t:|1779883892
|move|p1a: Dragapult|Flamethrower|p2a: Lokix
|-supereffective|p2a: Lokix
|-damage|p2a: Lokix|0 fnt
|faint|p2a: Lokix
|
|win|katholikon
|raw|katholikon's rating: 1590 &rarr; <strong>1607</strong><br />(+17 for winning)
|raw|COLFOFLOW's rating: 1544 &rarr; <strong>1527</strong><br />(-17 for losing)
|l|☆COLFOFLOW
|player|p2|
|l|☆katholikon
|player|p1|
