|j|☆brorca
|j|☆info_cntrl
|t:|1779874714
|gametype|singles
|player|p1|brorca|101|1167
|player|p2|info_cntrl|hugh|1218
|gen|9
|tier|[Gen 9] OU
|rated|
|rule|HP Percentage Mod: HP is shown in percentages
|rule|Endless Battle Clause: Forcing endless battles is banned
|rule|Species Clause: Limit one of each Pokémon
|rule|OHKO Clause: OHKO moves are banned
|rule|Evasion Items Clause: Evasion items are banned
|rule|Evasion Moves Clause: Evasion moves are banned
|rule|Evasion Abilities Clause: Evasion abilities are banned
|rule|Sleep Moves Clause: Sleep-inducing moves are banned
|clearpoke
|poke|p1|Kleavor, M|
|poke|p1|Gliscor, F|
|poke|p1|Great Tusk|
|poke|p1|Gholdengo|
|poke|p1|Ogerpon-Wellspring, F|
|poke|p1|Clefable, F|
|poke|p2|Gliscor, M|
|poke|p2|Thundurus, M|
|poke|p2|Hatterene, F|
|poke|p2|Kommo-o, M|
|poke|p2|Toxapex, F|
|poke|p2|Ambipom, M|
|teampreview
|inactive|Battle timer is ON: inactive players will automatically lose when time's up. (requested by brorca)
|
|t:|1779874735
|teamsize|p1|6
|teamsize|p2|6
|start
|switch|p1a: Kleavor|Kleavor, M|100/100
|switch|p2a: Charlie Kwerk|Ambipom, M|100/100
|turn|1
|
|t:|1779874746
|switch|p1a: Gholdengo|Gholdengo|100/100
|move|p2a: Charlie Kwerk|Fake Out|p1a: Gholdengo
|-immune|p1a: Gholdengo
|
|upkeep
|turn|2
|
|t:|1779874753
|switch|p2a: Adieu|Hatterene, F|100/100
|switch|p1a: Kleavor|Kleavor, M|100/100
|
|upkeep
|turn|3
|
|t:|1779874760
|move|p1a: Kleavor|X-Scissor|p2a: Adieu
|-damage|p2a: Adieu|40/100
|move|p2a: Adieu|Reflect|p2a: Adieu
|-sidestart|p2: info_cntrl|Reflect
|
|upkeep
|turn|4
|
|t:|1779874766
|switch|p2a: Your Ex|Toxapex, F|100/100
|move|p1a: Kleavor|Stone Axe|p2a: Your Ex
|-damage|p2a: Your Ex|88/100
|-sidestart|p2: info_cntrl|move: Stealth Rock
|
|-heal|p2a: Your Ex|94/100|[from] item: Black Sludge
|upkeep
|turn|5
|
|t:|1779874773
|switch|p1a: Gliscor|Gliscor, F, shiny|100/100
|move|p2a: Your Ex|Liquidation|p1a: Gliscor
|-supereffective|p1a: Gliscor
|-damage|p1a: Gliscor|70/100
|
|-heal|p2a: Your Ex|99/100|[from] item: Black Sludge
|-status|p1a: Gliscor|tox|[from] item: Toxic Orb
|upkeep
|turn|6
|
|t:|1779874781
|move|p1a: Gliscor|Knock Off|p2a: Your Ex
|-damage|p2a: Your Ex|94/100
|-enditem|p2a: Your Ex|Black Sludge|[from] move: Knock Off|[of] p1a: Gliscor
|move|p2a: Your Ex|Liquidation|p1a: Gliscor
|-supereffective|p1a: Gliscor
|-damage|p1a: Gliscor|41/100 tox
|
|-heal|p1a: Gliscor|53/100 tox|[from] ability: Poison Heal
|upkeep
|turn|7
|
|t:|1779874793
|switch|p2a: Adieu|Hatterene, F|40/100
|-damage|p2a: Adieu|28/100|[from] Stealth Rock
|move|p1a: Gliscor|Protect||[still]
|-fail|p1a: Gliscor
|
|-heal|p1a: Gliscor|65/100 tox|[from] ability: Poison Heal
|upkeep
|turn|8
|
|t:|1779874798
|move|p1a: Gliscor|Knock Off|p2a: Adieu
|-damage|p2a: Adieu|17/100
|-enditem|p2a: Adieu|Light Clay|[from] move: Knock Off|[of] p1a: Gliscor
|move|p2a: Adieu|Pain Split|p1a: Gliscor
|-sethp|p1a: Gliscor|40/100 tox|[from] move: Pain Split|[silent]
|-sethp|p2a: Adieu|45/100|[from] move: Pain Split
|
|-heal|p1a: Gliscor|53/100 tox|[from] ability: Poison Heal
|upkeep
|turn|9
|
|t:|1779874809
|move|p1a: Gliscor|Earthquake|p2a: Adieu
|-damage|p2a: Adieu|26/100
|move|p2a: Adieu|Pain Split|p1a: Gliscor
|-sethp|p1a: Gliscor|38/100 tox|[from] move: Pain Split|[silent]
|-sethp|p2a: Adieu|42/100|[from] move: Pain Split
|
|-heal|p1a: Gliscor|50/100 tox|[from] ability: Poison Heal
|upkeep
|turn|10
|
|t:|1779874817
|move|p1a: Gliscor|Protect|p1a: Gliscor
|-singleturn|p1a: Gliscor|Protect
|move|p2a: Adieu|Pain Split|p1a: Gliscor
|-activate|p1a: Gliscor|move: Protect
|
|-heal|p1a: Gliscor|63/100 tox|[from] ability: Poison Heal
|-sideend|p2: info_cntrl|Reflect
|upkeep
|turn|11
|
|t:|1779874826
|move|p1a: Gliscor|Earthquake|p2a: Adieu
|-damage|p2a: Adieu|6/100
|move|p2a: Adieu|Reflect|p2a: Adieu
|-sidestart|p2: info_cntrl|Reflect
|
|-heal|p1a: Gliscor|75/100 tox|[from] ability: Poison Heal
|upkeep
|turn|12
|
|t:|1779874834
|move|p1a: Gliscor|Earthquake|p2a: Adieu
|-damage|p2a: Adieu|0 fnt
|faint|p2a: Adieu
|
|-heal|p1a: Gliscor|88/100 tox|[from] ability: Poison Heal
|upkeep
|
|t:|1779874836
|switch|p2a: Charlie Kwerk|Ambipom, M|100/100
|turn|13
|
|t:|1779874843
|move|p1a: Gliscor|Protect|p1a: Gliscor
|-singleturn|p1a: Gliscor|Protect
|move|p2a: Charlie Kwerk|Fake Out|p1a: Gliscor
|-activate|p1a: Gliscor|move: Protect
|
|-heal|p1a: Gliscor|99/100 tox|[from] ability: Poison Heal
|upkeep
|turn|14
|
|t:|1779874854
|move|p2a: Charlie Kwerk|Triple Axel|p1a: Gliscor
|-supereffective|p1a: Gliscor
|-damage|p1a: Gliscor|74/100 tox
|-supereffective|p1a: Gliscor
|-damage|p1a: Gliscor|15/100 tox
|-supereffective|p1a: Gliscor
|-crit|p1a: Gliscor
|-damage|p1a: Gliscor|0 fnt
|faint|p1a: Gliscor
|-hitcount|p1: Gliscor|3
|
|upkeep
|
|t:|1779874863
|switch|p1a: Kleavor|Kleavor, M|100/100
|turn|15
|
|t:|1779874866
|switch|p2a: Your Ex|Toxapex, F|100/100
|-damage|p2a: Your Ex|88/100|[from] Stealth Rock
|move|p1a: Kleavor|Stone Axe|p2a: Your Ex
|-crit|p2a: Your Ex
|-damage|p2a: Your Ex|50/100
|
|-sideend|p2: info_cntrl|Reflect
|upkeep
|turn|16
|
|t:|1779874879
|switch|p1a: Gholdengo|Gholdengo|100/100
|move|p2a: Your Ex|Baneful Bunker||[still]
|-fail|p2a: Your Ex
|
|upkeep
|turn|17
|
|t:|1779874883
|move|p1a: Gholdengo|Trick|p2a: Your Ex
|-activate|p1a: Gholdengo|move: Trick|[of] p2a: Your Ex
|-item|p2a: Your Ex|Choice Specs|[from] move: Trick
|-enditem|p1a: Gholdengo|Choice Specs|[silent]|[from] move: Trick
|move|p2a: Your Ex|Liquidation|p1a: Gholdengo
|-damage|p1a: Gholdengo|77/100
|
|upkeep
|turn|18
|
|t:|1779874904
|switch|p2a: Florida Keys|Kommo-o, M|100/100
|-damage|p2a: Florida Keys|94/100|[from] Stealth Rock
|move|p1a: Gholdengo|Shadow Ball|p2a: Florida Keys
|-immune|p2a: Florida Keys|[from] ability: Bulletproof
|
|upkeep
|turn|19
|
|t:|1779874916
|switch|p1a: Great Tusk|Great Tusk|100/100
|move|p2a: Florida Keys|Clangorous Soul|p2a: Florida Keys
|-boost|p2a: Florida Keys|atk|1
|-boost|p2a: Florida Keys|def|1
|-boost|p2a: Florida Keys|spa|1
|-boost|p2a: Florida Keys|spd|1
|-boost|p2a: Florida Keys|spe|1
|-damage|p2a: Florida Keys|61/100
|-enditem|p2a: Florida Keys|Throat Spray
|-boost|p2a: Florida Keys|spa|1|[from] item: Throat Spray
|
|upkeep
|turn|20
|
|t:|1779874922
|-terastallize|p2a: Florida Keys|Steel
|move|p2a: Florida Keys|Boomburst|p1a: Great Tusk
|-damage|p1a: Great Tusk|37/100
|move|p1a: Great Tusk|Ice Spinner|p2a: Florida Keys
|-resisted|p2a: Florida Keys
|-damage|p2a: Florida Keys|53/100
|
|upkeep
|turn|21
|
|t:|1779874930
|move|p2a: Florida Keys|Clanging Scales|p1a: Great Tusk
|-damage|p1a: Great Tusk|0 fnt
|faint|p1a: Great Tusk
|-end|p1a: Great Tusk|Protosynthesis|[silent]
|-unboost|p2a: Florida Keys|def|1
|
|upkeep
|
|t:|1779874949
|switch|p1a: Clefable|Clefable, F|100/100
|turn|22
|
|t:|1779874954
|-terastallize|p1a: Clefable|Ghost
|move|p2a: Florida Keys|Boomburst|p1a: Clefable
|-immune|p1a: Clefable
|move|p1a: Clefable|Thunderbolt|p2a: Florida Keys
|-damage|p2a: Florida Keys|37/100
|
|upkeep
|turn|23
|
|t:|1779874964
|move|p2a: Florida Keys|Clanging Scales|p1a: Clefable
|-damage|p1a: Clefable|30/100
|-unboost|p2a: Florida Keys|def|1
|move|p1a: Clefable|Future Sight|p2a: Florida Keys
|-start|p1a: Clefable|move: Future Sight
|
|-heal|p1a: Clefable|36/100|[from] item: Leftovers
|upkeep
|turn|24
|
|t:|1779874973
|switch|p1a: Gholdengo|Gholdengo|77/100
|move|p2a: Florida Keys|Clanging Scales|p1a: Gholdengo
|-resisted|p1a: Gholdengo
|-damage|p1a: Gholdengo|22/100
|-unboost|p2a: Florida Keys|def|1
|
|upkeep
|turn|25
|
|t:|1779874984
|move|p2a: Florida Keys|Clanging Scales|p1a: Gholdengo
|-resisted|p1a: Gholdengo
|-damage|p1a: Gholdengo|0 fnt
|faint|p1a: Gholdengo
|-unboost|p2a: Florida Keys|def|1
|
|-end|p2a: Florida Keys|move: Future Sight
|-resisted|p2a: Florida Keys
|-damage|p2a: Florida Keys|28/100
|upkeep
|
|t:|1779874993
|switch|p1a: Ogerpon|Ogerpon-Wellspring, F|100/100
|turn|26
|
|t:|1779874998
|move|p2a: Florida Keys|Boomburst|p1a: Ogerpon
|-damage|p1a: Ogerpon|16/100
|move|p1a: Ogerpon|Horn Leech|p2a: Florida Keys
|-resisted|p2a: Florida Keys
|-damage|p2a: Florida Keys|0 fnt
|-heal|p1a: Ogerpon|28/100|[from] drain|[of] p2a: Florida Keys
|faint|p2a: Florida Keys
|
|upkeep
|
|t:|1779875006
|switch|p2a: Charlie Kwerk|Ambipom, M|100/100
|turn|27
|
|t:|1779875012
|switch|p1a: Kleavor|Kleavor, M|100/100
|move|p2a: Charlie Kwerk|Fake Out|p1a: Kleavor
|-resisted|p1a: Kleavor
|-damage|p1a: Kleavor|89/100
|
|upkeep
|turn|28
|
|t:|1779875022
|switch|p2a: Your Ex|Toxapex, F|84/100
|-damage|p2a: Your Ex|71/100|[from] Stealth Rock
|move|p1a: Kleavor|X-Scissor|p2a: Your Ex
|-resisted|p2a: Your Ex
|-damage|p2a: Your Ex|56/100
|
|upkeep
|turn|29
|
|t:|1779875032
|switch|p1a: Clefable|Clefable, F, tera:Ghost|36/100
|move|p2a: Your Ex|Toxic|p1a: Clefable
|-status|p1a: Clefable|tox
|
|-heal|p1a: Clefable|42/100 tox|[from] item: Leftovers
|upkeep
|turn|30
|
|t:|1779875037
|switch|p2a: Settle|Gliscor, M|100/100
|-damage|p2a: Settle|88/100|[from] Stealth Rock
|move|p1a: Clefable|Wish|p1a: Clefable
|
|-heal|p1a: Clefable|48/100 tox|[from] item: Leftovers
|-status|p2a: Settle|tox|[from] item: Toxic Orb
|upkeep
|turn|31
|
|t:|1779875044
|move|p2a: Settle|Earthquake|p1a: Clefable
|-damage|p1a: Clefable|9/100 tox
|move|p1a: Clefable|Future Sight|p2a: Settle
|-start|p1a: Clefable|move: Future Sight
|
|-heal|p1a: Clefable|59/100 tox|[from] move: Wish|[wisher] Clefable
|-heal|p1a: Clefable|65/100 tox|[from] item: Leftovers
|-heal|p2a: Settle|100/100 tox|[from] ability: Poison Heal
|upkeep
|turn|32
|
|t:|1779875053
|move|p2a: Settle|Knock Off|p1a: Clefable
|-supereffective|p1a: Clefable
|-damage|p1a: Clefable|7/100 tox
|-enditem|p1a: Clefable|Leftovers|[from] move: Knock Off|[of] p2a: Settle
|move|p1a: Clefable|Moonblast|p2a: Settle
|-crit|p2a: Settle
|-damage|p2a: Settle|27/100 tox
|
|-heal|p2a: Settle|40/100 tox|[from] ability: Poison Heal
|upkeep
|turn|33
|
|t:|1779875062
|switch|p1a: Kleavor|Kleavor, M|89/100
|move|p2a: Settle|Earthquake|p1a: Kleavor
|-damage|p1a: Kleavor|50/100
|
|-end|p2a: Settle|move: Future Sight
|-damage|p2a: Settle|2/100 tox
|-heal|p2a: Settle|15/100 tox|[from] ability: Poison Heal
|upkeep
|turn|34
|
|t:|1779875066
|move|p2a: Settle|Earthquake|p1a: Kleavor
|-damage|p1a: Kleavor|11/100
|move|p1a: Kleavor|Stone Axe|p2a: Settle
|-damage|p2a: Settle|0 fnt
|faint|p2a: Settle
|
|upkeep
|
|t:|1779875075
|switch|p2a: Charlie Kwerk|Ambipom, M|100/100
|turn|35
|
|t:|1779875079
|switch|p1a: Clefable|Clefable, F, tera:Ghost|7/100 tox
|move|p2a: Charlie Kwerk|Trailblaze|p1a: Clefable
|-damage|p1a: Clefable|0 fnt
|-boost|p2a: Charlie Kwerk|spe|1
|faint|p1a: Clefable
|
|upkeep
|
|t:|1779875087
|switch|p1a: Ogerpon|Ogerpon-Wellspring, F|28/100
|turn|36
|
|t:|1779875089
|move|p2a: Charlie Kwerk|Trailblaze|p1a: Ogerpon
|-damage|p1a: Ogerpon|1/100
|-boost|p2a: Charlie Kwerk|spe|1
|move|p1a: Ogerpon|Horn Leech|p2a: Charlie Kwerk
|-damage|p2a: Charlie Kwerk|21/100
|-heal|p1a: Ogerpon|37/100|[from] drain|[of] p2a: Charlie Kwerk
|
|upkeep
|turn|37
|
|t:|1779875096
|move|p2a: Charlie Kwerk|Trailblaze|p1a: Ogerpon
|-damage|p1a: Ogerpon|11/100
|-boost|p2a: Charlie Kwerk|spe|1
|move|p1a: Ogerpon|Horn Leech|p2a: Charlie Kwerk
|-damage|p2a: Charlie Kwerk|0 fnt
|-heal|p1a: Ogerpon|21/100|[from] drain|[of] p2a: Charlie Kwerk
|faint|p2a: Charlie Kwerk
|
|upkeep
|
|t:|1779875100
|switch|p2a: Thundurus|Thundurus, M|100/100
|turn|38
|
|t:|1779875108
|move|p2a: Thundurus|Volt Switch|p1a: Ogerpon
|-damage|p1a: Ogerpon|0 fnt
|faint|p1a: Ogerpon
|-message|brorca forfeited.
|
|win|info_cntrl
|raw|brorca's rating: 1167 &rarr; <strong>1146</strong><br />(-21 for losing)
|raw|info_cntrl's rating: 1218 &rarr; <strong>1239</strong><br />(+21 for winning)
|l|☆brorca
|player|p1|
|c|☆info_cntrl|Gg
|l|☆info_cntrl
|player|p2|
