|j|☆Almighty astraeus
|j|☆LFGM157
|t:|1779966235
|gametype|singles
|player|p1|Almighty astraeus|2|1362
|player|p2|LFGM157|volkner|1413
|gen|9
|tier|[Gen 9] OU
|rated|
|rule|HP Percentage Mod: HP is shown in percentages
|rule|Endless Battle Clause: Forcing endless battles is banned
|rule|Species Clause: Limit one of each Pokémon
|rule|OHKO Clause: OHKO moves are banned
|rule|Evasion Items Clause: Evasion items are banned
|rule|Evasion Moves Clause: Evasion moves are banned
|rule|Evasion Abilities Clause: Evasion abilities are banned
|rule|Sleep Moves Clause: Sleep-inducing moves are banned
|clearpoke
|poke|p1|Araquanid, M|
|poke|p1|Lokix, F|
|poke|p1|Galvantula, M|
|poke|p1|Excadrill, M|
|poke|p1|Noivern, M|
|poke|p1|Arcanine-Hisui, M|
|poke|p2|Gliscor, M|
|poke|p2|Gholdengo|
|poke|p2|Dragonite, M|
|poke|p2|Ting-Lu|
|poke|p2|Darkrai|
|poke|p2|Zamazenta-*|
|teampreview
|inactive|Battle timer is ON: inactive players will automatically lose when time's up. (requested by Almighty astraeus)
|
|t:|1779966252
|teamsize|p1|6
|teamsize|p2|6
|start
|switch|p1a: Faba|Araquanid, M, shiny|100/100
|switch|p2a: Gliscor|Gliscor, M|100/100
|turn|1
|
|t:|1779966258
|switch|p2a: Gholdengo|Gholdengo|100/100
|move|p1a: Faba|Liquidation|p2a: Gholdengo
|-damage|p2a: Gholdengo|0 fnt
|faint|p2a: Gholdengo
|
|upkeep
|
|t:|1779966264
|switch|p2a: Dragonite|Dragonite, M|100/100
|turn|2
|
|t:|1779966271
|move|p2a: Dragonite|Dragon Dance|p2a: Dragonite
|-boost|p2a: Dragonite|atk|1
|-boost|p2a: Dragonite|spe|1
|move|p1a: Faba|Liquidation|p2a: Dragonite
|-resisted|p2a: Dragonite
|-damage|p2a: Dragonite|76/100
|
|upkeep
|turn|3
|
|t:|1779966280
|move|p2a: Dragonite|Extreme Speed|p1a: Faba
|-damage|p1a: Faba|52/100
|move|p1a: Faba|Liquidation|p2a: Dragonite
|-resisted|p2a: Dragonite
|-damage|p2a: Dragonite|27/100
|
|upkeep
|turn|4
|
|t:|1779966283
|move|p2a: Dragonite|Extreme Speed|p1a: Faba
|-damage|p1a: Faba|0 fnt
|faint|p1a: Faba
|
|upkeep
|
|t:|1779966289
|switch|p1a: PR|Lokix, F|100/100
|turn|5
|
|t:|1779966294
|-terastallize|p2a: Dragonite|Normal
|move|p2a: Dragonite|Extreme Speed|p1a: PR
|-damage|p1a: PR|0 fnt
|faint|p1a: PR
|
|upkeep
|
|t:|1779966302
|switch|p1a: Spike|Arcanine-Hisui, M|100/100
|turn|6
|
|t:|1779966310
|switch|p2a: Ting-Lu|Ting-Lu|100/100
|-ability|p2a: Ting-Lu|Vessel of Ruin
|move|p1a: Spike|Extreme Speed|p2a: Ting-Lu
|-damage|p2a: Ting-Lu|86/100
|
|-heal|p2a: Ting-Lu|92/100|[from] item: Leftovers
|upkeep
|turn|7
|
|t:|1779966316
|switch|p1a: Dick|Noivern, M|100/100
|move|p2a: Ting-Lu|Earthquake|p1a: Dick
|-immune|p1a: Dick
|
|-heal|p2a: Ting-Lu|98/100|[from] item: Leftovers
|upkeep
|turn|8
|
|t:|1779966322
|move|p1a: Dick|Boomburst|p2a: Ting-Lu
|-damage|p2a: Ting-Lu|80/100
|-enditem|p1a: Dick|Throat Spray
|-boost|p1a: Dick|spa|1|[from] item: Throat Spray
|move|p2a: Ting-Lu|Stealth Rock|p1a: Dick
|-sidestart|p1: Almighty astraeus|move: Stealth Rock
|
|-heal|p2a: Ting-Lu|86/100|[from] item: Leftovers
|upkeep
|turn|9
|
|t:|1779966331
|switch|p1a: Simon|Excadrill, M, shiny|100/100
|-ability|p1a: Simon|Mold Breaker
|move|p2a: Ting-Lu|Ruination|p1a: Simon|[miss]
|-miss|p2a: Ting-Lu|p1a: Simon
|
|-heal|p2a: Ting-Lu|93/100|[from] item: Leftovers
|upkeep
|turn|10
|
|t:|1779966337
|move|p1a: Simon|Rapid Spin|p2a: Ting-Lu
|-crit|p2a: Ting-Lu
|-damage|p2a: Ting-Lu|79/100
|-boost|p1a: Simon|spe|1
|-sideend|p1: Almighty astraeus|Stealth Rock|[from] move: Rapid Spin|[of] p1a: Simon
|move|p2a: Ting-Lu|Earthquake|p1a: Simon
|-supereffective|p1a: Simon
|-damage|p1a: Simon|0 fnt
|faint|p1a: Simon
|
|-heal|p2a: Ting-Lu|85/100|[from] item: Leftovers
|upkeep
|
|t:|1779966343
|switch|p1a: Zpidy|Galvantula, M, shiny|100/100
|turn|11
|
|t:|1779966351
|move|p1a: Zpidy|Bug Buzz|p2a: Ting-Lu
|-supereffective|p2a: Ting-Lu
|-damage|p2a: Ting-Lu|35/100
|move|p2a: Ting-Lu|Stealth Rock|p1a: Zpidy
|-sidestart|p1: Almighty astraeus|move: Stealth Rock
|
|-heal|p2a: Ting-Lu|41/100|[from] item: Leftovers
|upkeep
|turn|12
|
|t:|1779966367
|switch|p1a: Dick|Noivern, M|100/100
|-damage|p1a: Dick|76/100|[from] Stealth Rock
|move|p2a: Ting-Lu|Earthquake|p1a: Dick
|-immune|p1a: Dick
|
|-heal|p2a: Ting-Lu|47/100|[from] item: Leftovers
|upkeep
|turn|13
|
|t:|1779966374
|move|p1a: Dick|Draco Meteor|p2a: Ting-Lu
|-damage|p2a: Ting-Lu|24/100
|-unboost|p1a: Dick|spa|2
|move|p2a: Ting-Lu|Ruination|p1a: Dick
|-damage|p1a: Dick|38/100
|
|-heal|p2a: Ting-Lu|30/100|[from] item: Leftovers
|upkeep
|turn|14
|
|t:|1779966392
|switch|p1a: Zpidy|Galvantula, M, shiny|100/100
|-damage|p1a: Zpidy|76/100|[from] Stealth Rock
|switch|p2a: Gliscor|Gliscor, M|100/100
|
|-status|p2a: Gliscor|tox|[from] item: Toxic Orb
|upkeep
|turn|15
|
|t:|1779966396
|move|p1a: Zpidy|Energy Ball|p2a: Gliscor
|-damage|p2a: Gliscor|56/100 tox
|move|p2a: Gliscor|Earthquake|p1a: Zpidy
|-damage|p1a: Zpidy|12/100
|
|-heal|p2a: Gliscor|68/100 tox|[from] ability: Poison Heal
|upkeep
|turn|16
|
|t:|1779966402
|move|p2a: Gliscor|Protect|p2a: Gliscor
|-singleturn|p2a: Gliscor|Protect
|move|p1a: Zpidy|Energy Ball|p2a: Gliscor
|-activate|p2a: Gliscor|move: Protect
|
|-heal|p2a: Gliscor|81/100 tox|[from] ability: Poison Heal
|upkeep
|turn|17
|
|t:|1779966405
|move|p1a: Zpidy|Energy Ball|p2a: Gliscor
|-damage|p2a: Gliscor|31/100 tox
|move|p2a: Gliscor|Earthquake|p1a: Zpidy
|-damage|p1a: Zpidy|0 fnt
|faint|p1a: Zpidy
|
|-heal|p2a: Gliscor|44/100 tox|[from] ability: Poison Heal
|upkeep
|
|t:|1779966412
|switch|p1a: Spike|Arcanine-Hisui, M|100/100
|-damage|p1a: Spike|76/100|[from] Stealth Rock
|turn|18
|
|t:|1779966416
|move|p2a: Gliscor|Protect|p2a: Gliscor
|-singleturn|p2a: Gliscor|Protect
|move|p1a: Spike|Flare Blitz|p2a: Gliscor
|-activate|p2a: Gliscor|move: Protect
|
|-heal|p2a: Gliscor|56/100 tox|[from] ability: Poison Heal
|upkeep
|turn|19
|
|t:|1779966440
|move|p1a: Spike|Flare Blitz|p2a: Gliscor
|-damage|p2a: Gliscor|22/100 tox
|move|p2a: Gliscor|Earthquake|p1a: Spike
|-supereffective|p1a: Spike
|-damage|p1a: Spike|0 fnt
|faint|p1a: Spike
|
|-heal|p2a: Gliscor|35/100 tox|[from] ability: Poison Heal
|upkeep
|
|t:|1779966443
|switch|p1a: Dick|Noivern, M|38/100
|-damage|p1a: Dick|13/100|[from] Stealth Rock
|turn|20
|
|t:|1779966446
|-terastallize|p1a: Dick|Normal
|move|p2a: Gliscor|Protect|p2a: Gliscor
|-singleturn|p2a: Gliscor|Protect
|move|p1a: Dick|Boomburst|p2a: Gliscor
|-activate|p2a: Gliscor|move: Protect
|
|-heal|p2a: Gliscor|47/100 tox|[from] ability: Poison Heal
|upkeep
|turn|21
|
|t:|1779966449
|move|p1a: Dick|Boomburst|p2a: Gliscor
|-damage|p2a: Gliscor|0 fnt
|faint|p2a: Gliscor
|
|upkeep
|
|t:|1779966451
|switch|p2a: Zamazenta|Zamazenta|100/100
|-ability|p2a: Zamazenta|Dauntless Shield|boost
|-boost|p2a: Zamazenta|def|1
|turn|22
|
|t:|1779966454
|move|p2a: Zamazenta|Close Combat|p1a: Dick
|-supereffective|p1a: Dick
|-damage|p1a: Dick|0 fnt
|-unboost|p2a: Zamazenta|def|1
|-unboost|p2a: Zamazenta|spd|1
|faint|p1a: Dick
|
|win|LFGM157
|raw|Almighty astraeus's rating: 1362 &rarr; <strong>1345</strong><br />(-17 for losing)
|raw|LFGM157's rating: 1413 &rarr; <strong>1430</strong><br />(+17 for winning)
|l|☆Almighty astraeus
|player|p1|
|l|☆LFGM157
|player|p2|
