|j|☆killerfas
|j|☆itstheboyjay
|t:|1779811983
|gametype|singles
|player|p1|killerfas|dragontamer|1121
|player|p2|itstheboyjay|palmer|1137
|gen|9
|tier|[Gen 9] OU
|rated|
|rule|HP Percentage Mod: HP is shown in percentages
|rule|Endless Battle Clause: Forcing endless battles is banned
|rule|Species Clause: Limit one of each Pokémon
|rule|OHKO Clause: OHKO moves are banned
|rule|Evasion Items Clause: Evasion items are banned
|rule|Evasion Moves Clause: Evasion moves are banned
|rule|Evasion Abilities Clause: Evasion abilities are banned
|rule|Sleep Moves Clause: Sleep-inducing moves are banned
|clearpoke
|poke|p1|Garganacl, M|
|poke|p1|Toxapex, F|
|poke|p1|Kingambit, M|
|poke|p1|Mandibuzz, F|
|poke|p1|Greninja-*, F|
|poke|p1|Grimmsnarl, M|
|poke|p2|Jolteon, M|
|poke|p2|Rhydon, M|
|poke|p2|Blastoise, F|
|poke|p2|Gengar, M|
|poke|p2|Arcanine, F|
|poke|p2|Exeggutor, F|
|teampreview
|
|t:|1779811996
|teamsize|p1|6
|teamsize|p2|6
|start
|switch|p1a: Garganacl|Garganacl, M, shiny|100/100
|switch|p2a: Gengar|Gengar, M, shiny|100/100
|turn|1
|
|t:|1779812003
|move|p2a: Gengar|Trick|p1a: Garganacl
|-activate|p2a: Gengar|move: Trick|[of] p1a: Garganacl
|-item|p1a: Garganacl|Choice Specs|[from] move: Trick
|-item|p2a: Gengar|Leftovers|[from] move: Trick
|move|p1a: Garganacl|Salt Cure|p2a: Gengar
|-damage|p2a: Gengar|74/100
|-start|p2a: Gengar|Salt Cure
|
|-heal|p2a: Gengar|80/100|[from] item: Leftovers
|-damage|p2a: Gengar|68/100|[from] Salt Cure
|upkeep
|turn|2
|
|t:|1779812014
|switch|p2a: Exeggutor|Exeggutor, F, shiny|100/100
|move|p1a: Garganacl|Salt Cure|p2a: Exeggutor
|-damage|p2a: Exeggutor|88/100
|-start|p2a: Exeggutor|Salt Cure
|
|-damage|p2a: Exeggutor|75/100|[from] Salt Cure
|upkeep
|turn|3
|
|t:|1779812024
|switch|p1a: Mandibuzz|Mandibuzz, F|100/100
|move|p2a: Exeggutor|Leech Seed|p1a: Mandibuzz
|-start|p1a: Mandibuzz|move: Leech Seed
|
|-damage|p1a: Mandibuzz|88/100|[from] Leech Seed|[of] p2a: Exeggutor
|-heal|p2a: Exeggutor|90/100|[silent]
|-damage|p2a: Exeggutor|77/100|[from] Salt Cure
|upkeep
|turn|4
|
|t:|1779812035
|move|p1a: Mandibuzz|Knock Off|p2a: Exeggutor
|-supereffective|p2a: Exeggutor
|-damage|p2a: Exeggutor|35/100
|-enditem|p2a: Exeggutor|Sitrus Berry|[from] move: Knock Off|[of] p1a: Mandibuzz
|move|p2a: Exeggutor|Substitute|p2a: Exeggutor
|-start|p2a: Exeggutor|Substitute
|-damage|p2a: Exeggutor|10/100
|
|-damage|p1a: Mandibuzz|76/100|[from] Leech Seed|[of] p2a: Exeggutor
|-heal|p2a: Exeggutor|25/100|[silent]
|-damage|p2a: Exeggutor|12/100|[from] Salt Cure
|upkeep
|turn|5
|
|t:|1779812047
|move|p1a: Mandibuzz|U-turn|p2a: Exeggutor
|-supereffective|p2a: Exeggutor
|-end|p2a: Exeggutor|Substitute
|
|t:|1779812051
|switch|p1a: Toxapex|Toxapex, F|100/100|[from] U-turn
|move|p2a: Exeggutor|Leech Seed|p1a: Toxapex|[miss]
|-miss|p2a: Exeggutor|p1a: Toxapex
|
|-damage|p2a: Exeggutor|0 fnt|[from] Salt Cure
|faint|p2a: Exeggutor
|upkeep
|
|t:|1779812063
|switch|p2a: Jolteon|Jolteon, M|100/100
|turn|6
|
|t:|1779812073
|move|p1a: Toxapex|Baneful Bunker|p1a: Toxapex
|-singleturn|p1a: Toxapex|move: Protect
|move|p2a: Jolteon|Calm Mind|p2a: Jolteon
|-boost|p2a: Jolteon|spa|1
|-boost|p2a: Jolteon|spd|1
|
|upkeep
|turn|7
|
|t:|1779812080
|move|p2a: Jolteon|Thunder|p1a: Toxapex
|-supereffective|p1a: Toxapex
|-damage|p1a: Toxapex|0 fnt
|faint|p1a: Toxapex
|
|upkeep
|
|t:|1779812085
|switch|p1a: Grimmsnarl|Grimmsnarl, M|100/100
|turn|8
|
|t:|1779812089
|move|p1a: Grimmsnarl|Light Screen|p1a: Grimmsnarl
|-sidestart|p1: killerfas|move: Light Screen
|move|p2a: Jolteon|Calm Mind|p2a: Jolteon
|-boost|p2a: Jolteon|spa|1
|-boost|p2a: Jolteon|spd|1
|
|upkeep
|turn|9
|
|t:|1779812095
|move|p1a: Grimmsnarl|Parting Shot|p2a: Jolteon
|-unboost|p2a: Jolteon|atk|1
|-unboost|p2a: Jolteon|spa|1
|
|t:|1779812098
|switch|p1a: Garganacl|Garganacl, M, shiny|100/100|[from] Parting Shot
|move|p2a: Jolteon|Calm Mind|p2a: Jolteon
|-boost|p2a: Jolteon|spa|1
|-boost|p2a: Jolteon|spd|1
|
|upkeep
|turn|10
|
|t:|1779812107
|move|p2a: Jolteon|Rain Dance|p2a: Jolteon
|-weather|RainDance
|move|p1a: Garganacl|Salt Cure|p2a: Jolteon
|-damage|p2a: Jolteon|76/100
|-start|p2a: Jolteon|Salt Cure
|
|-weather|RainDance|[upkeep]
|-damage|p2a: Jolteon|64/100|[from] Salt Cure
|upkeep
|turn|11
|
|t:|1779812115
|switch|p1a: Grimmsnarl|Grimmsnarl, M|100/100
|move|p2a: Jolteon|Calm Mind|p2a: Jolteon
|-boost|p2a: Jolteon|spa|1
|-boost|p2a: Jolteon|spd|1
|
|-weather|RainDance|[upkeep]
|-damage|p2a: Jolteon|51/100|[from] Salt Cure
|upkeep
|turn|12
|
|t:|1779812124
|move|p1a: Grimmsnarl|Sucker Punch|p2a: Jolteon
|-damage|p2a: Jolteon|0 fnt
|faint|p2a: Jolteon
|
|-weather|RainDance|[upkeep]
|-sideend|p1: killerfas|move: Light Screen
|upkeep
|
|t:|1779812134
|switch|p2a: Rhydon|Rhydon, M, shiny|100/100
|turn|13
|
|t:|1779812139
|move|p1a: Grimmsnarl|Reflect|p1a: Grimmsnarl
|-sidestart|p1: killerfas|Reflect
|move|p2a: Rhydon|Rock Polish|p2a: Rhydon
|-boost|p2a: Rhydon|spe|2
|
|-weather|RainDance|[upkeep]
|upkeep
|turn|14
|
|t:|1779812146
|move|p1a: Grimmsnarl|Parting Shot|p2a: Rhydon
|-unboost|p2a: Rhydon|atk|1
|-unboost|p2a: Rhydon|spa|1
|
|t:|1779812158
|switch|p1a: Greninja|Greninja, F|100/100|[from] Parting Shot
|move|p2a: Rhydon|Supercell Slam|p1a: Greninja
|-supereffective|p1a: Greninja
|-damage|p1a: Greninja|37/100
|-damage|p2a: Rhydon|91/100|[from] item: Life Orb
|
|-weather|RainDance|[upkeep]
|upkeep
|turn|15
|
|t:|1779812176
|switch|p2a: Blastoise|Blastoise, F, shiny|100/100
|move|p1a: Greninja|Water Shuriken|p2a: Blastoise
|-start|p1a: Greninja|typechange|Water|[from] ability: Protean
|-resisted|p2a: Blastoise
|-damage|p2a: Blastoise|96/100
|-resisted|p2a: Blastoise
|-damage|p2a: Blastoise|91/100
|-resisted|p2a: Blastoise
|-crit|p2a: Blastoise
|-damage|p2a: Blastoise|83/100
|-resisted|p2a: Blastoise
|-damage|p2a: Blastoise|78/100
|-hitcount|p2a: Blastoise|4
|
|-weather|RainDance|[upkeep]
|upkeep
|turn|16
|
|t:|1779812193
|switch|p1a: Grimmsnarl|Grimmsnarl, M|100/100
|move|p2a: Blastoise|Hydro Pump|p1a: Grimmsnarl
|-damage|p1a: Grimmsnarl|48/100
|
|-weather|RainDance|[upkeep]
|upkeep
|turn|17
|
|t:|1779812201
|move|p1a: Grimmsnarl|Light Screen|p1a: Grimmsnarl
|-sidestart|p1: killerfas|move: Light Screen
|move|p2a: Blastoise|Aqua Ring|p2a: Blastoise
|-start|p2a: Blastoise|Aqua Ring
|
|-weather|none
|-heal|p2a: Blastoise|84/100|[from] Aqua Ring
|-sideend|p1: killerfas|Reflect
|upkeep
|turn|18
|
|t:|1779812209
|move|p1a: Grimmsnarl|Parting Shot|p2a: Blastoise
|-unboost|p2a: Blastoise|atk|1
|-unboost|p2a: Blastoise|spa|1
|
|t:|1779812215
|switch|p1a: Mandibuzz|Mandibuzz, F|76/100|[from] Parting Shot
|move|p2a: Blastoise|Iron Defense|p2a: Blastoise
|-boost|p2a: Blastoise|def|2
|
|-heal|p2a: Blastoise|90/100|[from] Aqua Ring
|upkeep
|turn|19
|
|t:|1779812229
|move|p1a: Mandibuzz|Knock Off|p2a: Blastoise
|-damage|p2a: Blastoise|82/100
|-enditem|p2a: Blastoise|Heavy-Duty Boots|[from] move: Knock Off|[of] p1a: Mandibuzz
|move|p2a: Blastoise|Hydro Pump|p1a: Mandibuzz|[miss]
|-miss|p2a: Blastoise|p1a: Mandibuzz
|
|-heal|p2a: Blastoise|88/100|[from] Aqua Ring
|upkeep
|turn|20
|
|t:|1779812244
|switch|p2a: Rhydon|Rhydon, M, shiny|91/100
|move|p1a: Mandibuzz|U-turn|p2a: Rhydon
|-damage|p2a: Rhydon|80/100
|
|t:|1779812250
|switch|p1a: Kingambit|Kingambit, M|100/100|[from] U-turn
|-activate|p1a: Kingambit|ability: Supreme Overlord
|-start|p1a: Kingambit|fallen1|[silent]
|
|upkeep
|turn|21
|
|t:|1779812257
|move|p2a: Rhydon|Earthquake|p1a: Kingambit
|-supereffective|p1a: Kingambit
|-damage|p1a: Kingambit|0 fnt
|faint|p1a: Kingambit
|-end|p1a: Kingambit|fallen1|[silent]
|-damage|p2a: Rhydon|70/100|[from] item: Life Orb
|
|-sideend|p1: killerfas|move: Light Screen
|upkeep
|
|t:|1779812261
|switch|p1a: Greninja|Greninja, F|37/100
|turn|22
|
|t:|1779812268
|switch|p2a: Blastoise|Blastoise, F, shiny|88/100
|move|p1a: Greninja|Water Shuriken|p2a: Blastoise
|-start|p1a: Greninja|typechange|Water|[from] ability: Protean
|-resisted|p2a: Blastoise
|-damage|p2a: Blastoise|85/100
|-resisted|p2a: Blastoise
|-damage|p2a: Blastoise|81/100
|-resisted|p2a: Blastoise
|-damage|p2a: Blastoise|78/100
|-resisted|p2a: Blastoise
|-damage|p2a: Blastoise|74/100
|-resisted|p2a: Blastoise
|-damage|p2a: Blastoise|71/100
|-hitcount|p2a: Blastoise|5
|
|upkeep
|turn|23
|
|t:|1779812290
|switch|p1a: Garganacl|Garganacl, M, shiny|100/100
|move|p2a: Blastoise|Hydro Pump|p1a: Garganacl
|-supereffective|p1a: Garganacl
|-damage|p1a: Garganacl|46/100
|
|upkeep
|turn|24
|
|t:|1779812298
|-terastallize|p1a: Garganacl|Flying
|move|p2a: Blastoise|Hydro Pump|p1a: Garganacl
|-damage|p1a: Garganacl|20/100
|move|p1a: Garganacl|Salt Cure|p2a: Blastoise
|-damage|p2a: Blastoise|62/100
|-start|p2a: Blastoise|Salt Cure
|
|-damage|p2a: Blastoise|37/100|[from] Salt Cure
|upkeep
|turn|25
|
|t:|1779812311
|switch|p2a: Gengar|Gengar, M, shiny|68/100
|switch|p1a: Grimmsnarl|Grimmsnarl, M|48/100
|
|-heal|p2a: Gengar|74/100|[from] item: Leftovers
|upkeep
|turn|26
|
|t:|1779812327
|switch|p2a: Arcanine|Arcanine, F, shiny|100/100
|-ability|p2a: Arcanine|Intimidate|boost
|-unboost|p1a: Grimmsnarl|atk|1
|move|p1a: Grimmsnarl|Sucker Punch||[still]
|-fail|p1a: Grimmsnarl
|
|upkeep
|turn|27
|
|t:|1779812338
|move|p1a: Grimmsnarl|Reflect|p1a: Grimmsnarl
|-sidestart|p1: killerfas|Reflect
|move|p2a: Arcanine|Fire Spin|p1a: Grimmsnarl
|-damage|p1a: Grimmsnarl|37/100
|-activate|p1a: Grimmsnarl|move: Fire Spin|[of] p2a: Arcanine
|
|-damage|p1a: Grimmsnarl|24/100|[from] move: Fire Spin|[partiallytrapped]
|upkeep
|-enditem|p1a: Grimmsnarl|Aguav Berry|[eat]
|-heal|p1a: Grimmsnarl|58/100|[from] item: Aguav Berry
|turn|28
|
|t:|1779812354
|move|p1a: Grimmsnarl|Sucker Punch||[still]
|-fail|p1a: Grimmsnarl
|move|p2a: Arcanine|Will-O-Wisp|p1a: Grimmsnarl
|-status|p1a: Grimmsnarl|brn
|
|-damage|p1a: Grimmsnarl|51/100 brn|[from] brn
|-damage|p1a: Grimmsnarl|39/100 brn|[from] move: Fire Spin|[partiallytrapped]
|upkeep
|turn|29
|
|t:|1779812366
|move|p2a: Arcanine|Extreme Speed|p1a: Grimmsnarl
|-damage|p1a: Grimmsnarl|28/100 brn
|move|p1a: Grimmsnarl|Parting Shot|p2a: Arcanine
|-unboost|p2a: Arcanine|atk|1
|-unboost|p2a: Arcanine|spa|1
|
|t:|1779812369
|switch|p1a: Garganacl|Garganacl, M, shiny, tera:Flying|20/100|[from] Parting Shot
|
|upkeep
|turn|30
|
|t:|1779812378
|switch|p2a: Rhydon|Rhydon, M, shiny|70/100
|move|p1a: Garganacl|Recover|p1a: Garganacl
|-heal|p1a: Garganacl|70/100
|
|upkeep
|turn|31
|
|t:|1779812385
|move|p2a: Rhydon|Rock Polish|p2a: Rhydon
|-boost|p2a: Rhydon|spe|2
|move|p1a: Garganacl|Recover|p1a: Garganacl
|-heal|p1a: Garganacl|100/100
|
|-sideend|p1: killerfas|Reflect
|upkeep
|turn|32
|
|t:|1779812394
|switch|p1a: Greninja|Greninja, F|37/100
|move|p2a: Rhydon|Supercell Slam|p1a: Greninja
|-supereffective|p1a: Greninja
|-damage|p1a: Greninja|0 fnt
|faint|p1a: Greninja
|-damage|p2a: Rhydon|60/100|[from] item: Life Orb
|
|upkeep
|
|t:|1779812402
|switch|p1a: Mandibuzz|Mandibuzz, F|76/100
|turn|33
|
|t:|1779812407
|move|p2a: Rhydon|Supercell Slam|p1a: Mandibuzz
|-supereffective|p1a: Mandibuzz
|-damage|p1a: Mandibuzz|7/100
|-damage|p2a: Rhydon|50/100|[from] item: Life Orb
|move|p1a: Mandibuzz|Knock Off|p2a: Rhydon
|-damage|p2a: Rhydon|28/100
|-enditem|p2a: Rhydon|Life Orb|[from] move: Knock Off|[of] p1a: Mandibuzz
|
|upkeep
|turn|34
|
|t:|1779812417
|move|p2a: Rhydon|Ice Punch|p1a: Mandibuzz
|-supereffective|p1a: Mandibuzz
|-crit|p1a: Mandibuzz
|-damage|p1a: Mandibuzz|0 fnt
|faint|p1a: Mandibuzz
|
|upkeep
|
|t:|1779812420
|switch|p1a: Garganacl|Garganacl, M, shiny, tera:Flying|100/100
|turn|35
|
|t:|1779812426
|move|p2a: Rhydon|Supercell Slam|p1a: Garganacl
|-supereffective|p1a: Garganacl
|-damage|p1a: Garganacl|48/100
|move|p1a: Garganacl|Salt Cure|p2a: Rhydon
|-resisted|p2a: Rhydon
|-damage|p2a: Rhydon|22/100
|-start|p2a: Rhydon|Salt Cure
|
|-damage|p2a: Rhydon|9/100|[from] Salt Cure
|upkeep
|turn|36
|-message|killerfas forfeited.
|
|win|itstheboyjay
|raw|killerfas's rating: 1121 &rarr; <strong>1099</strong><br />(-22 for losing)
|raw|itstheboyjay's rating: 1167 &rarr; <strong>1189</strong><br />(+22 for winning)
|l|☆killerfas
|player|p1|
|l|☆itstheboyjay
|player|p2|
