|j|☆DPPlato
|j|☆bleedingcadaver
|t:|1779865909
|gametype|singles
|player|p1|DPPlato|265|1364
|player|p2|bleedingcadaver|miku-psychic|1361
|gen|9
|tier|[Gen 9] OU
|rated|
|rule|HP Percentage Mod: HP is shown in percentages
|rule|Endless Battle Clause: Forcing endless battles is banned
|rule|Species Clause: Limit one of each Pokémon
|rule|OHKO Clause: OHKO moves are banned
|rule|Evasion Items Clause: Evasion items are banned
|rule|Evasion Moves Clause: Evasion moves are banned
|rule|Evasion Abilities Clause: Evasion abilities are banned
|rule|Sleep Moves Clause: Sleep-inducing moves are banned
|clearpoke
|poke|p1|Landorus-Therian, M|
|poke|p1|Rillaboom, F|
|poke|p1|Hatterene, F|
|poke|p1|Serperior, M|
|poke|p1|Zamazenta-*|
|poke|p1|Talonflame, F|
|poke|p2|Breloom, M|
|poke|p2|Gliscor, M|
|poke|p2|Moltres|
|poke|p2|Great Tusk|
|poke|p2|Hariyama, M|
|poke|p2|Weavile, M|
|teampreview
|
|t:|1779865924
|teamsize|p1|6
|teamsize|p2|6
|start
|switch|p1a: Landorus|Landorus-Therian, M|100/100
|switch|p2a: Hariyama|Hariyama, M|100/100
|-ability|p1a: Landorus|Intimidate|boost
|-unboost|p2a: Hariyama|atk|1
|turn|1
|
|t:|1779865929
|move|p2a: Hariyama|Fake Out|p1a: Landorus
|-crit|p1a: Landorus
|-damage|p1a: Landorus|80/100
|-damage|p2a: Hariyama|84/100|[from] item: Rocky Helmet|[of] p1a: Landorus
|cant|p1a: Landorus|flinch
|
|-heal|p2a: Hariyama|90/100|[from] item: Leftovers
|upkeep
|turn|2
|
|t:|1779865942
|move|p1a: Landorus|Stealth Rock|p2a: Hariyama
|-sidestart|p2: bleedingcadaver|move: Stealth Rock
|move|p2a: Hariyama|Knock Off|p1a: Landorus
|-damage|p1a: Landorus|60/100
|-damage|p2a: Hariyama|73/100|[from] item: Rocky Helmet|[of] p1a: Landorus
|-enditem|p1a: Landorus|Rocky Helmet|[from] move: Knock Off|[of] p2a: Hariyama
|
|-heal|p2a: Hariyama|79/100|[from] item: Leftovers
|upkeep
|turn|3
|
|t:|1779865950
|switch|p2a: Great Tusk|Great Tusk|100/100
|-damage|p2a: Great Tusk|97/100|[from] Stealth Rock
|move|p1a: Landorus|Earth Power|p2a: Great Tusk
|-damage|p2a: Great Tusk|54/100
|
|-heal|p2a: Great Tusk|60/100|[from] item: Leftovers
|upkeep
|turn|4
|
|t:|1779865957
|switch|p1a: Rillaboom|Rillaboom, F|100/100
|-fieldstart|move: Grassy Terrain|[from] ability: Grassy Surge|[of] p1a: Rillaboom
|move|p2a: Great Tusk|Rapid Spin|p1a: Rillaboom
|-damage|p1a: Rillaboom|87/100
|-boost|p2a: Great Tusk|spe|1
|-sideend|p2: bleedingcadaver|Stealth Rock|[from] move: Rapid Spin|[of] p2a: Great Tusk
|
|-heal|p2a: Great Tusk|66/100|[from] Grassy Terrain
|-heal|p2a: Great Tusk|73/100|[from] item: Leftovers
|-heal|p1a: Rillaboom|94/100|[from] Grassy Terrain
|upkeep
|turn|5
|
|t:|1779865979
|-end|p2a: Great Tusk|Protosynthesis|[silent]
|switch|p2a: Moltres|Moltres|100/100
|move|p1a: Rillaboom|Grassy Glide|p2a: Moltres
|-resisted|p2a: Moltres
|-damage|p2a: Moltres|93/100
|
|-heal|p1a: Rillaboom|99/100|[from] Grassy Terrain
|upkeep
|turn|6
|
|t:|1779865997
|move|p1a: Rillaboom|Knock Off|p2a: Moltres
|-damage|p2a: Moltres|65/100
|-enditem|p2a: Moltres|Heavy-Duty Boots|[from] move: Knock Off|[of] p1a: Rillaboom
|move|p2a: Moltres|U-turn|p1a: Rillaboom
|-supereffective|p1a: Rillaboom
|-damage|p1a: Rillaboom|72/100
|
|t:|1779866020
|switch|p2a: Hariyama|Hariyama, M|79/100|[from] U-turn
|
|-heal|p1a: Rillaboom|78/100|[from] Grassy Terrain
|-heal|p2a: Hariyama|85/100|[from] Grassy Terrain
|-heal|p2a: Hariyama|92/100|[from] item: Leftovers
|upkeep
|turn|7
|
|t:|1779866026
|switch|p1a: Landorus|Landorus-Therian, M|60/100
|-ability|p1a: Landorus|Intimidate|boost
|-unboost|p2a: Hariyama|atk|1
|move|p2a: Hariyama|Fake Out|p1a: Landorus
|-damage|p1a: Landorus|51/100
|
|-heal|p2a: Hariyama|98/100|[from] Grassy Terrain
|-heal|p2a: Hariyama|100/100|[from] item: Leftovers
|upkeep
|turn|8
|
|t:|1779866037
|switch|p2a: Moltres|Moltres|65/100
|move|p1a: Landorus|Stealth Rock|p2a: Moltres
|-sidestart|p2: bleedingcadaver|move: Stealth Rock
|
|upkeep
|turn|9
|
|t:|1779866042
|move|p1a: Landorus|Taunt|p2a: Moltres
|-start|p2a: Moltres|move: Taunt
|cant|p2a: Moltres|move: Taunt|Will-O-Wisp
|
|upkeep
|turn|10
|
|t:|1779866052
|switch|p1a: Zamazenta|Zamazenta|100/100
|-ability|p1a: Zamazenta|Dauntless Shield|boost
|-boost|p1a: Zamazenta|def|1
|move|p2a: Moltres|Fire Blast|p1a: Zamazenta
|-damage|p1a: Zamazenta|60/100
|-status|p1a: Zamazenta|brn
|
|-heal|p1a: Zamazenta|67/100 brn|[from] Grassy Terrain
|-damage|p1a: Zamazenta|60/100 brn|[from] brn
|upkeep
|turn|11
|
|t:|1779866059
|move|p1a: Zamazenta|Stone Edge|p2a: Moltres
|-supereffective|p2a: Moltres
|-damage|p2a: Moltres|0 fnt
|faint|p2a: Moltres
|-damage|p1a: Zamazenta|51/100 brn|[from] item: Life Orb
|
|-heal|p1a: Zamazenta|57/100 brn|[from] Grassy Terrain
|-damage|p1a: Zamazenta|51/100 brn|[from] brn
|-fieldend|move: Grassy Terrain
|upkeep
|
|t:|1779866062
|switch|p2a: Great Tusk|Great Tusk|73/100
|-damage|p2a: Great Tusk|69/100|[from] Stealth Rock
|turn|12
|
|t:|1779866070
|switch|p1a: Hatterene|Hatterene, F|100/100
|move|p2a: Great Tusk|Rapid Spin|p1a: Hatterene
|-damage|p1a: Hatterene|89/100
|-boost|p2a: Great Tusk|spe|1
|-sideend|p2: bleedingcadaver|Stealth Rock|[from] move: Rapid Spin|[of] p2a: Great Tusk
|
|-heal|p2a: Great Tusk|76/100|[from] item: Leftovers
|upkeep
|turn|13
|
|t:|1779866080
|switch|p1a: Landorus|Landorus-Therian, M|51/100
|-ability|p1a: Landorus|Intimidate|boost
|-unboost|p2a: Great Tusk|atk|1
|move|p2a: Great Tusk|Headlong Rush|p1a: Landorus
|-immune|p1a: Landorus
|
|-heal|p2a: Great Tusk|82/100|[from] item: Leftovers
|upkeep
|turn|14
|
|t:|1779866084
|move|p2a: Great Tusk|Ice Spinner|p1a: Landorus
|-supereffective|p1a: Landorus
|-damage|p1a: Landorus|0 fnt
|faint|p1a: Landorus
|
|-heal|p2a: Great Tusk|88/100|[from] item: Leftovers
|upkeep
|
|t:|1779866088
|switch|p1a: Rillaboom|Rillaboom, F|78/100
|-fieldstart|move: Grassy Terrain|[from] ability: Grassy Surge|[of] p1a: Rillaboom
|turn|15
|
|t:|1779866092
|-terastallize|p2a: Great Tusk|Fighting
|move|p1a: Rillaboom|Grassy Glide|p2a: Great Tusk
|-damage|p2a: Great Tusk|64/100
|move|p2a: Great Tusk|Bulk Up|p2a: Great Tusk
|-boost|p2a: Great Tusk|atk|1
|-boost|p2a: Great Tusk|def|1
|
|-heal|p2a: Great Tusk|70/100|[from] Grassy Terrain
|-heal|p2a: Great Tusk|76/100|[from] item: Leftovers
|-heal|p1a: Rillaboom|84/100|[from] Grassy Terrain
|upkeep
|turn|16
|
|t:|1779866096
|switch|p1a: Hatterene|Hatterene, F|89/100
|-enditem|p1a: Hatterene|Grassy Seed
|-boost|p1a: Hatterene|def|1|[from] item: Grassy Seed
|move|p2a: Great Tusk|Bulk Up|p2a: Great Tusk
|-boost|p2a: Great Tusk|atk|1
|-boost|p2a: Great Tusk|def|1
|
|-heal|p2a: Great Tusk|82/100|[from] Grassy Terrain
|-heal|p2a: Great Tusk|88/100|[from] item: Leftovers
|-heal|p1a: Hatterene|95/100|[from] Grassy Terrain
|upkeep
|turn|17
|
|t:|1779866100
|move|p2a: Great Tusk|Headlong Rush|p1a: Hatterene
|-damage|p1a: Hatterene|50/100
|-unboost|p2a: Great Tusk|def|1
|-unboost|p2a: Great Tusk|spd|1
|move|p1a: Hatterene|Calm Mind|p1a: Hatterene
|-boost|p1a: Hatterene|spa|1
|-boost|p1a: Hatterene|spd|1
|
|-heal|p2a: Great Tusk|94/100|[from] Grassy Terrain
|-heal|p2a: Great Tusk|100/100|[from] item: Leftovers
|-heal|p1a: Hatterene|56/100|[from] Grassy Terrain
|upkeep
|turn|18
|
|t:|1779866106
|move|p2a: Great Tusk|Headlong Rush|p1a: Hatterene
|-damage|p1a: Hatterene|13/100
|-unboost|p2a: Great Tusk|def|1
|-unboost|p2a: Great Tusk|spd|1
|move|p1a: Hatterene|Draining Kiss|p2a: Great Tusk
|-supereffective|p2a: Great Tusk
|-damage|p2a: Great Tusk|0 fnt
|-heal|p1a: Hatterene|100/100|[from] drain|[of] p2a: Great Tusk
|faint|p2a: Great Tusk
|-end|p2a: Great Tusk|Protosynthesis|[silent]
|
|upkeep
|
|t:|1779866118
|switch|p2a: Weavile|Weavile, M|100/100
|-ability|p2a: Weavile|Pressure
|turn|19
|
|t:|1779866127
|move|p2a: Weavile|Poison Jab|p1a: Hatterene
|-supereffective|p1a: Hatterene
|-damage|p1a: Hatterene|67/100
|move|p1a: Hatterene|Draining Kiss|p2a: Weavile
|-supereffective|p2a: Weavile
|-damage|p2a: Weavile|0 fnt
|-heal|p1a: Hatterene|100/100|[from] drain|[of] p2a: Weavile
|faint|p2a: Weavile
|
|upkeep
|-message|bleedingcadaver forfeited.
|
|win|DPPlato
|raw|DPPlato's rating: 1364 &rarr; <strong>1384</strong><br />(+20 for winning)
|raw|bleedingcadaver's rating: 1361 &rarr; <strong>1341</strong><br />(-20 for losing)
|l|☆bleedingcadaver
|player|p2|
|l|☆DPPlato
|player|p1|
|j|☆DPPlato
|player|p1|DPPlato|265|
|l|☆DPPlato
|player|p1|
