|j|☆Eiyuro
|j|☆xnl
|t:|1779943536
|gametype|singles
|player|p1|Eiyuro|lance|1342
|player|p2|xnl|depotagent|1317
|gen|9
|tier|[Gen 9] OU
|rated|
|rule|HP Percentage Mod: HP is shown in percentages
|rule|Endless Battle Clause: Forcing endless battles is banned
|rule|Species Clause: Limit one of each Pokémon
|rule|OHKO Clause: OHKO moves are banned
|rule|Evasion Items Clause: Evasion items are banned
|rule|Evasion Moves Clause: Evasion moves are banned
|rule|Evasion Abilities Clause: Evasion abilities are banned
|rule|Sleep Moves Clause: Sleep-inducing moves are banned
|clearpoke
|poke|p1|Great Tusk|
|poke|p1|Ogerpon-Wellspring, F|
|poke|p1|Dragapult, F|
|poke|p1|Corviknight, F|
|poke|p1|Gholdengo|
|poke|p1|Raging Bolt|
|poke|p2|Corviknight, M|
|poke|p2|Kyurem|
|poke|p2|Moltres|
|poke|p2|Raikou|
|poke|p2|Weavile, F|
|poke|p2|Suicune|
|teampreview
|inactive|Battle timer is ON: inactive players will automatically lose when time's up. (requested by Eiyuro)
|
|t:|1779943547
|teamsize|p1|6
|teamsize|p2|6
|start
|switch|p1a: Raging Bolt|Raging Bolt|100/100
|switch|p2a: Weavile|Weavile, F|100/100
|-ability|p2a: Weavile|Pressure
|-enditem|p1a: Raging Bolt|Booster Energy
|-activate|p1a: Raging Bolt|ability: Protosynthesis|[fromitem]
|-start|p1a: Raging Bolt|protosynthesisspa
|turn|1
|
|t:|1779943563
|-terastallize|p1a: Raging Bolt|Electric
|move|p1a: Raging Bolt|Thunderclap||[still]
|-fail|p1a: Raging Bolt
|move|p2a: Weavile|Substitute|p2a: Weavile
|-start|p2a: Weavile|Substitute
|-damage|p2a: Weavile|75/100
|
|-heal|p2a: Weavile|82/100|[from] item: Leftovers
|upkeep
|turn|2
|
|t:|1779943573
|move|p2a: Weavile|Protect|p2a: Weavile
|-singleturn|p2a: Weavile|Protect
|move|p1a: Raging Bolt|Dragon Pulse|p2a: Weavile
|-activate|p2a: Weavile|move: Protect
|
|-heal|p2a: Weavile|88/100|[from] item: Leftovers
|upkeep
|turn|3
|
|t:|1779943581
|move|p2a: Weavile|Icicle Spear|p1a: Raging Bolt
|-damage|p1a: Raging Bolt|92/100
|-damage|p1a: Raging Bolt|84/100
|-hitcount|p1a: Raging Bolt|2
|move|p1a: Raging Bolt|Dragon Pulse|p2a: Weavile
|-end|p2a: Weavile|Substitute
|
|-heal|p2a: Weavile|94/100|[from] item: Leftovers
|upkeep
|turn|4
|
|t:|1779943591
|move|p2a: Weavile|Protect|p2a: Weavile
|-singleturn|p2a: Weavile|Protect
|move|p1a: Raging Bolt|Dragon Pulse|p2a: Weavile
|-activate|p2a: Weavile|move: Protect
|
|-heal|p2a: Weavile|99/100|[from] item: Leftovers
|upkeep
|turn|5
|
|t:|1779943599
|move|p2a: Weavile|Substitute|p2a: Weavile
|-start|p2a: Weavile|Substitute
|-damage|p2a: Weavile|75/100
|move|p1a: Raging Bolt|Dragon Pulse|p2a: Weavile
|-end|p2a: Weavile|Substitute
|
|-heal|p2a: Weavile|81/100|[from] item: Leftovers
|upkeep
|turn|6
|
|t:|1779943608
|move|p2a: Weavile|Substitute|p2a: Weavile
|-start|p2a: Weavile|Substitute
|-damage|p2a: Weavile|56/100
|move|p1a: Raging Bolt|Calm Mind|p1a: Raging Bolt
|-boost|p1a: Raging Bolt|spa|1
|-boost|p1a: Raging Bolt|spd|1
|
|-heal|p2a: Weavile|62/100|[from] item: Leftovers
|upkeep
|turn|7
|
|t:|1779943616
|move|p2a: Weavile|Protect|p2a: Weavile
|-singleturn|p2a: Weavile|Protect
|move|p1a: Raging Bolt|Dragon Pulse|p2a: Weavile
|-activate|p2a: Weavile|move: Protect
|
|-heal|p2a: Weavile|68/100|[from] item: Leftovers
|upkeep
|turn|8
|
|t:|1779943625
|move|p2a: Weavile|Icicle Spear|p1a: Raging Bolt
|-damage|p1a: Raging Bolt|76/100
|-damage|p1a: Raging Bolt|68/100
|-damage|p1a: Raging Bolt|60/100
|-hitcount|p1a: Raging Bolt|3
|move|p1a: Raging Bolt|Dragon Pulse|p2a: Weavile
|-end|p2a: Weavile|Substitute
|
|-heal|p2a: Weavile|74/100|[from] item: Leftovers
|upkeep
|turn|9
|
|t:|1779943636
|move|p2a: Weavile|Protect|p2a: Weavile
|-singleturn|p2a: Weavile|Protect
|move|p1a: Raging Bolt|Dragon Pulse|p2a: Weavile
|-activate|p2a: Weavile|move: Protect
|
|-heal|p2a: Weavile|80/100|[from] item: Leftovers
|upkeep
|turn|10
|
|t:|1779943644
|move|p2a: Weavile|Substitute|p2a: Weavile
|-start|p2a: Weavile|Substitute
|-damage|p2a: Weavile|55/100
|move|p1a: Raging Bolt|Dragon Pulse|p2a: Weavile
|-end|p2a: Weavile|Substitute
|
|-heal|p2a: Weavile|62/100|[from] item: Leftovers
|upkeep
|turn|11
|
|t:|1779943654
|move|p2a: Weavile|Substitute|p2a: Weavile
|-start|p2a: Weavile|Substitute
|-damage|p2a: Weavile|37/100
|move|p1a: Raging Bolt|Hyper Voice|p2a: Weavile
|-damage|p2a: Weavile|0 fnt
|faint|p2a: Weavile
|
|upkeep
|
|t:|1779943665
|switch|p2a: Corviknight|Corviknight, M|100/100
|-ability|p2a: Corviknight|Pressure
|turn|12
|
|t:|1779943669
|move|p1a: Raging Bolt|Hyper Voice|p2a: Corviknight
|-resisted|p2a: Corviknight
|-damage|p2a: Corviknight|76/100
|move|p2a: Corviknight|Iron Defense|p2a: Corviknight
|-boost|p2a: Corviknight|def|2
|
|-heal|p2a: Corviknight|82/100|[from] item: Leftovers
|upkeep
|turn|13
|
|t:|1779943680
|-end|p1a: Raging Bolt|Protosynthesis|[silent]
|switch|p1a: Dragapult|Dragapult, F, shiny|100/100
|move|p2a: Corviknight|Iron Defense|p2a: Corviknight
|-boost|p2a: Corviknight|def|2
|
|-heal|p2a: Corviknight|88/100|[from] item: Leftovers
|upkeep
|turn|14
|
|t:|1779943689
|move|p1a: Dragapult|Will-O-Wisp|p2a: Corviknight
|-status|p2a: Corviknight|brn
|move|p2a: Corviknight|Roost|p2a: Corviknight
|-heal|p2a: Corviknight|100/100 brn
|-singleturn|p2a: Corviknight|move: Roost
|
|-damage|p2a: Corviknight|94/100 brn|[from] brn
|upkeep
|turn|15
|
|t:|1779943699
|move|p1a: Dragapult|Flamethrower|p2a: Corviknight
|-supereffective|p2a: Corviknight
|-damage|p2a: Corviknight|39/100 brn
|-damage|p1a: Dragapult|91/100|[from] item: Life Orb
|move|p2a: Corviknight|Iron Defense|p2a: Corviknight
|-boost|p2a: Corviknight|def|2
|
|-heal|p2a: Corviknight|45/100 brn|[from] item: Leftovers
|-damage|p2a: Corviknight|39/100 brn|[from] brn
|upkeep
|turn|16
|
|t:|1779943710
|switch|p2a: Suicune|Suicune|100/100
|-ability|p2a: Suicune|Pressure
|move|p1a: Dragapult|Flamethrower|p2a: Suicune
|-resisted|p2a: Suicune
|-damage|p2a: Suicune|88/100
|-damage|p1a: Dragapult|81/100|[from] item: Life Orb
|
|-heal|p2a: Suicune|94/100|[from] item: Leftovers
|upkeep
|turn|17
|
|t:|1779943723
|move|p1a: Dragapult|Dragon Pulse|p2a: Suicune
|-crit|p2a: Suicune
|-damage|p2a: Suicune|36/100
|-damage|p1a: Dragapult|71/100|[from] item: Life Orb
|move|p2a: Suicune|Calm Mind|p2a: Suicune
|-boost|p2a: Suicune|spa|1
|-boost|p2a: Suicune|spd|1
|
|-heal|p2a: Suicune|42/100|[from] item: Leftovers
|upkeep
|turn|18
|
|t:|1779943735
|move|p1a: Dragapult|Dragon Pulse|p2a: Suicune
|-damage|p2a: Suicune|19/100
|-damage|p1a: Dragapult|62/100|[from] item: Life Orb
|move|p2a: Suicune|Rest|p2a: Suicune
|-status|p2a: Suicune|slp|[from] move: Rest
|-heal|p2a: Suicune|100/100 slp|[silent]
|
|upkeep
|turn|19
|
|t:|1779943749
|switch|p1a: Ogerpon|Ogerpon-Wellspring, F|100/100
|cant|p2a: Suicune|slp
|move|p2a: Suicune|Sleep Talk|p2a: Suicune
|move|p2a: Suicune|Calm Mind|p2a: Suicune|[from] move: Sleep Talk
|-boost|p2a: Suicune|spa|1
|-boost|p2a: Suicune|spd|1
|
|upkeep
|turn|20
|
|t:|1779943761
|switch|p2a: Raikou|Raikou|100/100
|-ability|p2a: Raikou|Pressure
|move|p1a: Ogerpon|Swords Dance|p1a: Ogerpon
|-boost|p1a: Ogerpon|atk|2
|
|upkeep
|turn|21
|
|t:|1779943768
|move|p1a: Ogerpon|Ivy Cudgel|p2a: Raikou|[anim] Ivy Cudgel Water
|-damage|p2a: Raikou|0 fnt
|faint|p2a: Raikou
|
|upkeep
|-message|xnl forfeited.
|
|win|Eiyuro
|raw|Eiyuro's rating: 1342 &rarr; <strong>1361</strong><br />(+19 for winning)
|raw|xnl's rating: 1317 &rarr; <strong>1298</strong><br />(-19 for losing)
|l|☆xnl
|player|p2|
|l|☆Eiyuro
|player|p1|
