|j|☆amiruae
|j|‽Ponponstar5
|t:|1779905652
|gametype|singles
|player|p1|amiruae|acetrainercouple|1408
|player|p2|Ponponstar5|harlequin|1407
|gen|9
|tier|[Gen 9] OU
|rated|
|rule|HP Percentage Mod: HP is shown in percentages
|rule|Endless Battle Clause: Forcing endless battles is banned
|rule|Species Clause: Limit one of each Pokémon
|rule|OHKO Clause: OHKO moves are banned
|rule|Evasion Items Clause: Evasion items are banned
|rule|Evasion Moves Clause: Evasion moves are banned
|rule|Evasion Abilities Clause: Evasion abilities are banned
|rule|Sleep Moves Clause: Sleep-inducing moves are banned
|clearpoke
|poke|p1|Samurott-Hisui, M|
|poke|p1|Zamazenta-*|
|poke|p1|Greninja-*, M|
|poke|p1|Salamence, M|
|poke|p1|Porygon-Z|
|poke|p1|Volcanion|
|poke|p2|Torkoal, M|
|poke|p2|Lilligant-Hisui, F|
|poke|p2|Walking Wake|
|poke|p2|Ninetales, M|
|poke|p2|Raging Bolt|
|poke|p2|Great Tusk|
|teampreview
|inactive|Battle timer is ON: inactive players will automatically lose when time's up. (requested by Ponponstar5)
|
|t:|1779905657
|teamsize|p1|6
|teamsize|p2|6
|start
|switch|p1a: Porygon-Z|Porygon-Z|100/100
|switch|p2a: Torkoal|Torkoal, M, shiny|100/100
|-weather|SunnyDay|[from] ability: Drought|[of] p2a: Torkoal
|turn|1
|inactive|Ponponstar5 has 120 seconds left.
|inactive|Ponponstar5 has 90 seconds left.
|
|t:|1779905744
|move|p1a: Porygon-Z|Tri Attack|p2a: Torkoal
|-damage|p2a: Torkoal|45/100
|move|p2a: Torkoal|Stealth Rock|p1a: Porygon-Z
|-sidestart|p1: amiruae|move: Stealth Rock
|
|-weather|SunnyDay|[upkeep]
|upkeep
|turn|2
|
|t:|1779905752
|move|p1a: Porygon-Z|Tri Attack|p2a: Torkoal
|-damage|p2a: Torkoal|0 fnt
|faint|p2a: Torkoal
|
|-weather|SunnyDay|[upkeep]
|upkeep
|
|t:|1779905759
|switch|p2a: Walking Wake|Walking Wake|100/100
|-activate|p2a: Walking Wake|ability: Protosynthesis
|-start|p2a: Walking Wake|protosynthesisspe
|turn|3
|
|t:|1779905763
|move|p2a: Walking Wake|Hydro Steam|p1a: Porygon-Z
|-damage|p1a: Porygon-Z|0 fnt
|faint|p1a: Porygon-Z
|
|-weather|SunnyDay|[upkeep]
|upkeep
|
|t:|1779905775
|switch|p1a: Volcanion|Volcanion|100/100
|-damage|p1a: Volcanion|75/100|[from] Stealth Rock
|turn|4
|inactive|Ponponstar5 has 90 seconds left.
|
|t:|1779905784
|-end|p2a: Walking Wake|Protosynthesis|[silent]
|switch|p2a: Raging Bolt|Raging Bolt|100/100
|-activate|p2a: Raging Bolt|ability: Protosynthesis
|-start|p2a: Raging Bolt|protosynthesisspa
|move|p1a: Volcanion|Earth Power|p2a: Raging Bolt
|-supereffective|p2a: Raging Bolt
|-damage|p2a: Raging Bolt|40/100
|
|-weather|SunnyDay|[upkeep]
|-heal|p2a: Raging Bolt|46/100|[from] item: Leftovers
|upkeep
|turn|5
|inactive|Ponponstar5 has 90 seconds left.
|
|t:|1779905801
|-terastallize|p1a: Volcanion|Ground
|move|p2a: Raging Bolt|Thunderclap|p1a: Volcanion
|-immune|p1a: Volcanion
|move|p1a: Volcanion|Earth Power|p2a: Raging Bolt
|-supereffective|p2a: Raging Bolt
|-damage|p2a: Raging Bolt|0 fnt
|faint|p2a: Raging Bolt
|-end|p2a: Raging Bolt|Protosynthesis|[silent]
|
|-weather|SunnyDay|[upkeep]
|upkeep
|
|t:|1779905811
|switch|p2a: Lilligant|Lilligant-Hisui, F, shiny|100/100
|turn|6
|
|t:|1779905822
|move|p2a: Lilligant|Victory Dance|p2a: Lilligant
|-boost|p2a: Lilligant|atk|1
|-boost|p2a: Lilligant|def|1
|-boost|p2a: Lilligant|spe|1
|move|p1a: Volcanion|Flamethrower|p2a: Lilligant
|-supereffective|p2a: Lilligant
|-damage|p2a: Lilligant|0 fnt
|faint|p2a: Lilligant
|
|-weather|SunnyDay|[upkeep]
|upkeep
|
|t:|1779905839
|switch|p2a: Walking Wake|Walking Wake|100/100
|-activate|p2a: Walking Wake|ability: Protosynthesis
|-start|p2a: Walking Wake|protosynthesisspe
|turn|7
|
|t:|1779905845
|move|p2a: Walking Wake|Weather Ball|p1a: Volcanion
|-damage|p1a: Volcanion|26/100
|move|p1a: Volcanion|Sludge Bomb|p2a: Walking Wake
|-damage|p2a: Walking Wake|63/100
|-status|p2a: Walking Wake|psn
|
|-weather|SunnyDay|[upkeep]
|-damage|p2a: Walking Wake|51/100 psn|[from] psn
|upkeep
|turn|8
|
|t:|1779905869
|move|p2a: Walking Wake|Weather Ball|p1a: Volcanion
|-damage|p1a: Volcanion|0 fnt
|faint|p1a: Volcanion
|
|-weather|none
|-end|p2a: Walking Wake|Protosynthesis
|-damage|p2a: Walking Wake|39/100 psn|[from] psn
|upkeep
|
|t:|1779905892
|switch|p1a: Greninja|Greninja, M|100/100
|-damage|p1a: Greninja|88/100|[from] Stealth Rock
|turn|9
|
|t:|1779905904
|-end|p2a: Walking Wake|Protosynthesis|[silent]
|switch|p2a: Ninetales|Ninetales, M|100/100
|-weather|SunnyDay|[from] ability: Drought|[of] p2a: Ninetales
|move|p1a: Greninja|Dark Pulse|p2a: Ninetales
|-start|p1a: Greninja|typechange|Dark|[from] ability: Protean
|-damage|p2a: Ninetales|45/100
|
|-weather|SunnyDay|[upkeep]
|upkeep
|turn|10
|
|t:|1779905915
|move|p1a: Greninja|Dark Pulse|p2a: Ninetales
|-damage|p2a: Ninetales|0 fnt
|faint|p2a: Ninetales
|
|-weather|SunnyDay|[upkeep]
|upkeep
|
|t:|1779905923
|switch|p2a: Walking Wake|Walking Wake|39/100 psn
|-activate|p2a: Walking Wake|ability: Protosynthesis
|-start|p2a: Walking Wake|protosynthesisspe
|turn|11
|inactive|Ponponstar5 has 60 seconds left.
|l|‽Ponponstar5
|inactive|Ponponstar5 disconnected and has a minute to reconnect!
|player|p2|
|inactive|Ponponstar5 has 30 seconds left.
|inactive|Ponponstar5 has 20 seconds left.
|inactive|Ponponstar5 has 15 seconds left.
|inactive|Ponponstar5 has 10 seconds left.
|inactive|Ponponstar5 has 5 seconds left.
|-message|Ponponstar5 lost due to inactivity.
|
|win|amiruae
|raw|amiruae's rating: 1408 &rarr; <strong>1428</strong><br />(+20 for winning)
|raw|Ponponstar5's rating: 1407 &rarr; <strong>1387</strong><br />(-20 for losing)
