|j|☆odebasmadoss
|j|☆ryanman7
|t:|1779970334
|gametype|singles
|player|p1|odebasmadoss|266|1310
|player|p2|ryanman7|skier|1306
|gen|9
|tier|[Gen 9] OU
|rated|
|rule|HP Percentage Mod: HP is shown in percentages
|rule|Endless Battle Clause: Forcing endless battles is banned
|rule|Species Clause: Limit one of each Pokémon
|rule|OHKO Clause: OHKO moves are banned
|rule|Evasion Items Clause: Evasion items are banned
|rule|Evasion Moves Clause: Evasion moves are banned
|rule|Evasion Abilities Clause: Evasion abilities are banned
|rule|Sleep Moves Clause: Sleep-inducing moves are banned
|clearpoke
|poke|p1|Blaziken, M|
|poke|p1|Ninetales, M|
|poke|p1|Venusaur, M|
|poke|p1|Hatterene, F|
|poke|p1|Great Tusk|
|poke|p1|Walking Wake|
|poke|p2|Weavile, F|
|poke|p2|Iron Crown|
|poke|p2|Cobalion|
|poke|p2|Scyther, M|
|poke|p2|Great Tusk|
|poke|p2|Primarina, M|
|teampreview
|
|t:|1779970339
|teamsize|p1|6
|teamsize|p2|6
|start
|switch|p1a: Ninetales|Ninetales, M|100/100
|switch|p2a: Primarina|Primarina, M|100/100
|-weather|SunnyDay|[from] ability: Drought|[of] p1a: Ninetales
|turn|1
|
|t:|1779970351
|switch|p1a: Venusaur|Venusaur, M|100/100
|move|p2a: Primarina|Substitute|p2a: Primarina
|-start|p2a: Primarina|Substitute
|-damage|p2a: Primarina|75/100
|
|-weather|SunnyDay|[upkeep]
|-heal|p2a: Primarina|82/100|[from] item: Leftovers
|upkeep
|turn|2
|
|t:|1779970359
|move|p1a: Venusaur|Growth|p1a: Venusaur
|-boost|p1a: Venusaur|atk|2
|-boost|p1a: Venusaur|spa|2
|move|p2a: Primarina|Psychic Noise|p1a: Venusaur
|-resisted|p1a: Venusaur
|-damage|p1a: Venusaur|92/100
|-start|p1a: Venusaur|move: Heal Block
|
|-weather|SunnyDay|[upkeep]
|-heal|p2a: Primarina|88/100|[from] item: Leftovers
|upkeep
|turn|3
|
|t:|1779970374
|move|p1a: Venusaur|Sludge Bomb|p2a: Primarina
|-supereffective|p2a: Primarina
|-end|p2a: Primarina|Substitute
|-damage|p1a: Venusaur|82/100|[from] item: Life Orb
|move|p2a: Primarina|Draining Kiss|p1a: Venusaur
|-resisted|p1a: Venusaur
|-damage|p1a: Venusaur|69/100
|-heal|p2a: Primarina|96/100|[from] drain|[of] p1a: Venusaur
|
|-weather|SunnyDay|[upkeep]
|-heal|p2a: Primarina|100/100|[from] item: Leftovers
|-end|p1a: Venusaur|move: Heal Block
|upkeep
|turn|4
|inactive|Battle timer is ON: inactive players will automatically lose when time's up. (requested by odebasmadoss)
|
|t:|1779970402
|switch|p2a: Cobalion|Cobalion|100/100
|move|p1a: Venusaur|Giga Drain|p2a: Cobalion
|-resisted|p2a: Cobalion
|-damage|p2a: Cobalion|45/100
|-heal|p1a: Venusaur|100/100|[from] drain|[of] p2a: Cobalion
|-damage|p1a: Venusaur|91/100|[from] item: Life Orb
|
|-weather|SunnyDay|[upkeep]
|upkeep
|turn|5
|
|t:|1779970412
|move|p1a: Venusaur|Weather Ball|p2a: Cobalion
|-supereffective|p2a: Cobalion
|-damage|p2a: Cobalion|0 fnt
|faint|p2a: Cobalion
|-damage|p1a: Venusaur|81/100|[from] item: Life Orb
|
|-weather|SunnyDay|[upkeep]
|upkeep
|
|t:|1779970422
|switch|p2a: Weavile|Weavile, F|100/100
|-ability|p2a: Weavile|Pressure
|turn|6
|
|t:|1779970427
|move|p2a: Weavile|Ice Shard|p1a: Venusaur
|-supereffective|p1a: Venusaur
|-damage|p1a: Venusaur|30/100
|move|p1a: Venusaur|Giga Drain|p2a: Weavile
|-damage|p2a: Weavile|0 fnt
|-heal|p1a: Venusaur|77/100|[from] drain|[of] p2a: Weavile
|faint|p2a: Weavile
|-damage|p1a: Venusaur|67/100|[from] item: Life Orb
|
|-weather|SunnyDay|[upkeep]
|upkeep
|
|t:|1779970440
|switch|p2a: Scyther|Scyther, M|100/100
|turn|7
|
|t:|1779970444
|-terastallize|p2a: Scyther|Dark
|move|p1a: Venusaur|Weather Ball|p2a: Scyther
|-damage|p2a: Scyther|0 fnt
|faint|p2a: Scyther
|-damage|p1a: Venusaur|57/100|[from] item: Life Orb
|
|-weather|SunnyDay|[upkeep]
|upkeep
|-message|ryanman7 forfeited.
|
|win|odebasmadoss
|raw|odebasmadoss's rating: 1310 &rarr; <strong>1330</strong><br />(+20 for winning)
|raw|ryanman7's rating: 1306 &rarr; <strong>1286</strong><br />(-20 for losing)
|l|☆ryanman7
|player|p2|
|l|☆odebasmadoss
|player|p1|
