|j|☆phanxflame
|j|☆JuanCaGonzalez
|t:|1779852400
|gametype|singles
|player|p1|phanxflame|266|1173
|player|p2|JuanCaGonzalez|169|1196
|gen|9
|tier|[Gen 9] OU
|rated|
|rule|HP Percentage Mod: HP is shown in percentages
|rule|Endless Battle Clause: Forcing endless battles is banned
|rule|Species Clause: Limit one of each Pokémon
|rule|OHKO Clause: OHKO moves are banned
|rule|Evasion Items Clause: Evasion items are banned
|rule|Evasion Moves Clause: Evasion moves are banned
|rule|Evasion Abilities Clause: Evasion abilities are banned
|rule|Sleep Moves Clause: Sleep-inducing moves are banned
|clearpoke
|poke|p1|Gengar, M|
|poke|p1|Cinderace, M|
|poke|p1|Krookodile, F|
|poke|p1|Pelipper, F|
|poke|p1|Hatterene, F|
|poke|p1|Rampardos, F|
|poke|p2|Darkrai|
|poke|p2|Toxapex, F|
|poke|p2|Primarina, F|
|poke|p2|Moltres|
|poke|p2|Dragapult, F|
|poke|p2|Meowscarada, F|
|teampreview
|
|t:|1779852437
|teamsize|p1|6
|teamsize|p2|6
|start
|switch|p1a: Krookodile|Krookodile, F|100/100
|switch|p2a: Toxapex|Toxapex, F, shiny|100/100
|-ability|p1a: Krookodile|Intimidate|boost
|-unboost|p2a: Toxapex|atk|1
|turn|1
|inactive|Battle timer is ON: inactive players will automatically lose when time's up. (requested by JuanCaGonzalez)
|
|t:|1779852444
|move|p1a: Krookodile|Knock Off|p2a: Toxapex
|-damage|p2a: Toxapex|66/100
|-enditem|p2a: Toxapex|Leftovers|[from] move: Knock Off|[of] p1a: Krookodile
|move|p2a: Toxapex|Toxic Spikes|p1a: Krookodile
|-sidestart|p1: phanxflame|move: Toxic Spikes
|
|upkeep
|turn|2
|
|t:|1779852451
|move|p1a: Krookodile|Earthquake|p2a: Toxapex
|-supereffective|p2a: Toxapex
|-damage|p2a: Toxapex|0 fnt
|faint|p2a: Toxapex
|
|upkeep
|
|t:|1779852458
|switch|p2a: Darkrai|Darkrai, shiny|100/100
|turn|3
|
|t:|1779852481
|move|p2a: Darkrai|Focus Blast|p1a: Krookodile
|-supereffective|p1a: Krookodile
|-damage|p1a: Krookodile|0 fnt
|faint|p1a: Krookodile
|-damage|p2a: Darkrai|91/100|[from] item: Life Orb
|
|upkeep
|
|t:|1779852494
|switch|p1a: Gengar|Gengar, M|100/100
|-sideend|p1: phanxflame|move: Toxic Spikes|[of] p1a: Gengar
|turn|4
|
|t:|1779852503
|-terastallize|p2a: Darkrai|Poison
|move|p1a: Gengar|Encore|p2a: Darkrai
|-start|p2a: Darkrai|Encore
|move|p2a: Darkrai|Focus Blast|p1a: Gengar
|-immune|p1a: Gengar
|
|upkeep
|turn|5
|
|t:|1779852522
|switch|p1a: Pelipper|Pelipper, F|100/100
|-weather|RainDance|[from] ability: Drizzle|[of] p1a: Pelipper
|switch|p2a: Jorge|Meowscarada, F, shiny|100/100
|
|-weather|RainDance|[upkeep]
|upkeep
|turn|6
|
|t:|1779852538
|move|p2a: Jorge|Knock Off|p1a: Pelipper
|-start|p2a: Jorge|typechange|Dark|[from] ability: Protean
|-damage|p1a: Pelipper|53/100
|-enditem|p1a: Pelipper|Choice Specs|[from] move: Knock Off|[of] p2a: Jorge
|move|p1a: Pelipper|Hurricane|p2a: Jorge
|-crit|p2a: Jorge
|-damage|p2a: Jorge|0 fnt
|faint|p2a: Jorge
|
|-weather|RainDance|[upkeep]
|upkeep
|
|t:|1779852550
|switch|p2a: Dragapult|Dragapult, F|100/100
|turn|7
|
|t:|1779852568
|move|p2a: Dragapult|Protect|p2a: Dragapult
|-singleturn|p2a: Dragapult|Protect
|move|p1a: Pelipper|Hurricane|p2a: Dragapult
|-activate|p2a: Dragapult|move: Protect
|
|-weather|RainDance|[upkeep]
|upkeep
|turn|8
|
|t:|1779852575
|move|p2a: Dragapult|Draco Meteor|p1a: Pelipper
|-damage|p1a: Pelipper|0 fnt
|-unboost|p2a: Dragapult|spa|2
|faint|p1a: Pelipper
|-damage|p2a: Dragapult|91/100|[from] item: Life Orb
|
|-weather|RainDance|[upkeep]
|upkeep
|
|t:|1779852578
|switch|p1a: Hatterene|Hatterene, F|100/100
|turn|9
|
|t:|1779852590
|switch|p2a: Darkrai|Darkrai, shiny, tera:Poison|91/100
|move|p1a: Hatterene|Trick Room|p1a: Hatterene
|-fieldstart|move: Trick Room|[of] p1a: Hatterene
|
|-weather|none
|upkeep
|turn|10
|
|t:|1779852598
|move|p1a: Hatterene|Future Sight|p2a: Darkrai
|-start|p1a: Hatterene|move: Future Sight
|move|p2a: Darkrai|Sludge Bomb|p1a: Hatterene
|-supereffective|p1a: Hatterene
|-enditem|p1a: Hatterene|Focus Sash
|-damage|p1a: Hatterene|1/100
|-damage|p2a: Darkrai|81/100|[from] item: Life Orb
|
|upkeep
|turn|11
|
|t:|1779852606
|move|p1a: Hatterene|Healing Wish|p1a: Hatterene
|faint|p1a: Hatterene
|move|p2a: Darkrai|Sludge Bomb|p1: Hatterene|[notarget]
|-fail|p2a: Darkrai
|
|upkeep
|
|t:|1779852610
|switch|p1a: Rampardos|Rampardos, F|100/100
|turn|12
|
|t:|1779852615
|move|p1a: Rampardos|Stone Edge|p2a: Darkrai
|-damage|p2a: Darkrai|0 fnt
|faint|p2a: Darkrai
|
|-hint|Future Sight did not hit because the target is fainted.
|upkeep
|
|t:|1779852641
|switch|p2a: Moltres|Moltres|100/100
|turn|13
|
|t:|1779852653
|move|p1a: Rampardos|Stone Edge|p2a: Moltres|[miss]
|-miss|p1a: Rampardos|p2a: Moltres
|move|p2a: Moltres|Will-O-Wisp|p1a: Rampardos
|-status|p1a: Rampardos|brn
|
|-damage|p1a: Rampardos|94/100 brn|[from] brn
|-fieldend|move: Trick Room
|upkeep
|turn|14
|
|t:|1779852668
|switch|p2a: Primarina|Primarina, F|100/100
|move|p1a: Rampardos|Stone Edge|p2a: Primarina
|-damage|p2a: Primarina|58/100
|
|-damage|p1a: Rampardos|88/100 brn|[from] brn
|upkeep
|turn|15
|
|t:|1779852679
|switch|p1a: Gengar|Gengar, M|100/100
|move|p2a: Primarina|Psychic Noise|p1a: Gengar
|-damage|p1a: Gengar|48/100
|-start|p1a: Gengar|move: Heal Block
|-start|p2a: Primarina|Disable|Psychic Noise|[from] ability: Cursed Body|[of] p1a: Gengar
|
|upkeep
|turn|16
|
|t:|1779852695
|move|p1a: Gengar|Encore|p2a: Primarina
|-start|p2a: Primarina|Encore
|cant|p2a: Primarina|Disable|Psychic Noise
|
|-end|p1a: Gengar|move: Heal Block
|upkeep
|turn|17
|
|t:|1779852705
|switch|p1a: Rampardos|Rampardos, F|88/100 brn
|-heal|p1a: Rampardos|100/100|[from] move: Healing Wish
|switch|p2a: Dragapult|Dragapult, F|91/100
|
|upkeep
|turn|18
|
|t:|1779852714
|-terastallize|p1a: Rampardos|Fairy
|move|p2a: Dragapult|Draco Meteor|p1a: Rampardos
|-immune|p1a: Rampardos
|move|p1a: Rampardos|Stone Edge|p2a: Dragapult
|-damage|p2a: Dragapult|5/100
|
|upkeep
|turn|19
|
|t:|1779852723
|move|p2a: Dragapult|Protect|p2a: Dragapult
|-singleturn|p2a: Dragapult|Protect
|move|p1a: Rampardos|Iron Head|p2a: Dragapult
|-activate|p2a: Dragapult|move: Protect
|
|upkeep
|turn|20
|
|t:|1779852741
|switch|p2a: Moltres|Moltres|100/100
|switch|p1a: Gengar|Gengar, M|48/100
|
|upkeep
|turn|21
|
|t:|1779852754
|move|p1a: Gengar|Shadow Ball|p2a: Moltres
|-damage|p2a: Moltres|63/100
|move|p2a: Moltres|Flamethrower|p1a: Gengar
|-damage|p1a: Gengar|0 fnt
|-start|p2a: Moltres|Disable|Flamethrower|[from] ability: Cursed Body|[of] p1a: Gengar
|faint|p1a: Gengar
|
|upkeep
|
|t:|1779852767
|switch|p1a: Rampardos|Rampardos, F, tera:Fairy|100/100
|turn|22
|
|t:|1779852775
|move|p2a: Moltres|Will-O-Wisp|p1a: Rampardos
|-status|p1a: Rampardos|brn
|move|p1a: Rampardos|Stone Edge|p2a: Moltres
|-supereffective|p2a: Moltres
|-damage|p2a: Moltres|0 fnt
|faint|p2a: Moltres
|
|-damage|p1a: Rampardos|94/100 brn|[from] brn
|upkeep
|
|t:|1779852784
|switch|p2a: Primarina|Primarina, F|58/100
|turn|23
|
|t:|1779852792
|move|p2a: Primarina|Flip Turn|p1a: Rampardos
|-damage|p1a: Rampardos|75/100 brn
|
|t:|1779852795
|switch|p2a: Dragapult|Dragapult, F|5/100|[from] Flip Turn
|move|p1a: Rampardos|Stone Edge|p2a: Dragapult
|-crit|p2a: Dragapult
|-damage|p2a: Dragapult|0 fnt
|faint|p2a: Dragapult
|
|-damage|p1a: Rampardos|69/100 brn|[from] brn
|upkeep
|
|t:|1779852803
|switch|p2a: Primarina|Primarina, F|58/100
|turn|24
|
|t:|1779852808
|move|p2a: Primarina|Moonblast|p1a: Rampardos
|-damage|p1a: Rampardos|0 fnt
|faint|p1a: Rampardos
|
|upkeep
|
|t:|1779852810
|switch|p1a: Cinderace|Cinderace, M|100/100
|turn|25
|
|t:|1779852819
|move|p1a: Cinderace|High Jump Kick|p2a: Primarina
|-start|p1a: Cinderace|typechange|Fighting|[from] ability: Libero
|-resisted|p2a: Primarina
|-damage|p2a: Primarina|26/100
|move|p2a: Primarina|Psychic Noise|p1a: Cinderace
|-damage|p1a: Cinderace|43/100
|-start|p1a: Cinderace|move: Heal Block
|
|upkeep
|turn|26
|
|t:|1779852838
|move|p1a: Cinderace|High Jump Kick|p2a: Primarina
|-resisted|p2a: Primarina
|-damage|p2a: Primarina|0 fnt
|faint|p2a: Primarina
|
|win|phanxflame
|raw|phanxflame's rating: 1173 &rarr; <strong>1200</strong><br />(+27 for winning)
|raw|JuanCaGonzalez's rating: 1196 &rarr; <strong>1169</strong><br />(-27 for losing)
|l|☆phanxflame
|player|p1|
|l|☆JuanCaGonzalez
|player|p2|
