|j|☆sigmundtuff41
|j|☆bababablackmareep
|t:|1779847803
|gametype|singles
|player|p1|sigmundtuff41|roxie|1152
|player|p2|bababablackmareep|blue|1185
|gen|9
|tier|[Gen 9] OU
|rated|
|rule|HP Percentage Mod: HP is shown in percentages
|rule|Endless Battle Clause: Forcing endless battles is banned
|rule|Species Clause: Limit one of each Pokémon
|rule|OHKO Clause: OHKO moves are banned
|rule|Evasion Items Clause: Evasion items are banned
|rule|Evasion Moves Clause: Evasion moves are banned
|rule|Evasion Abilities Clause: Evasion abilities are banned
|rule|Sleep Moves Clause: Sleep-inducing moves are banned
|clearpoke
|poke|p1|Raging Bolt|
|poke|p1|Glimmora, F|
|poke|p1|Blaziken, M|
|poke|p1|Manaphy|
|poke|p1|Cresselia, F|
|poke|p1|Iron Crown|
|poke|p2|Tyranitar, F|
|poke|p2|Azumarill, F|
|poke|p2|Meowscarada, F|
|poke|p2|Dragapult, F|
|poke|p2|Gliscor, F|
|poke|p2|Hatterene, F|
|teampreview
|
|t:|1779847823
|teamsize|p1|6
|teamsize|p2|6
|start
|switch|p1a: Glimmora|Glimmora, F|100/100
|switch|p2a: DA COUNT|Gliscor, F|100/100
|turn|1
|
|t:|1779847846
|move|p2a: DA COUNT|Earthquake|p1a: Glimmora
|-supereffective|p1a: Glimmora
|-damage|p1a: Glimmora|0 fnt
|-activate|p1a: Glimmora|ability: Toxic Debris
|-sidestart|p2: bababablackmareep|move: Toxic Spikes
|faint|p1a: Glimmora
|
|-status|p2a: DA COUNT|tox|[from] item: Toxic Orb
|upkeep
|
|t:|1779847858
|switch|p1a: Cresselia|Cresselia, F|100/100
|turn|2
|
|t:|1779847866
|move|p2a: DA COUNT|Knock Off|p1a: Cresselia
|-supereffective|p1a: Cresselia
|-damage|p1a: Cresselia|71/100
|-enditem|p1a: Cresselia|Leftovers|[from] move: Knock Off|[of] p2a: DA COUNT
|move|p1a: Cresselia|Reflect|p1a: Cresselia
|-sidestart|p1: sigmundtuff41|Reflect
|
|upkeep
|turn|3
|
|t:|1779847873
|move|p2a: DA COUNT|Stealth Rock|p1a: Cresselia
|-sidestart|p1: sigmundtuff41|move: Stealth Rock
|move|p1a: Cresselia|Light Screen|p1a: Cresselia
|-sidestart|p1: sigmundtuff41|move: Light Screen
|
|upkeep
|turn|4
|
|t:|1779847882
|switch|p1a: Manaphy|Manaphy|100/100
|-damage|p1a: Manaphy|88/100|[from] Stealth Rock
|move|p2a: DA COUNT|Protect||[still]
|-fail|p2a: DA COUNT
|
|upkeep
|turn|5
|
|t:|1779847903
|switch|p2a: Messi|Meowscarada, F, shiny|100/100
|-status|p2a: Messi|psn
|move|p1a: Manaphy|Ice Beam|p2a: Messi
|-supereffective|p2a: Messi
|-damage|p2a: Messi|12/100 psn
|
|-damage|p2a: Messi|0 fnt|[from] psn
|faint|p2a: Messi
|upkeep
|
|t:|1779847918
|switch|p2a: nu-uh!|Hatterene, F, shiny|100/100
|-status|p2a: nu-uh!|psn
|turn|6
|
|t:|1779847927
|move|p1a: Manaphy|Tail Glow|p1a: Manaphy
|-boost|p1a: Manaphy|spa|3
|move|p2a: nu-uh!|Psychic Noise|p1a: Manaphy
|-damage|p1a: Manaphy|65/100
|-start|p1a: Manaphy|move: Heal Block
|
|-damage|p2a: nu-uh!|88/100 psn|[from] psn
|-sideend|p1: sigmundtuff41|Reflect
|upkeep
|turn|7
|
|t:|1779847939
|move|p1a: Manaphy|Hydro Pump|p2a: nu-uh!
|-damage|p2a: nu-uh!|0 fnt
|faint|p2a: nu-uh!
|
|-end|p1a: Manaphy|move: Heal Block
|-sideend|p1: sigmundtuff41|move: Light Screen
|upkeep
|
|t:|1779847947
|switch|p2a: Ares|Dragapult, F|100/100
|-status|p2a: Ares|psn
|turn|8
|
|t:|1779847956
|move|p2a: Ares|Draco Meteor|p1a: Manaphy
|-damage|p1a: Manaphy|0 fnt
|-unboost|p2a: Ares|spa|2
|faint|p1a: Manaphy
|
|-damage|p2a: Ares|88/100 psn|[from] psn
|upkeep
|
|t:|1779847964
|switch|p1a: Raging Bolt|Raging Bolt|100/100
|-damage|p1a: Raging Bolt|88/100|[from] Stealth Rock
|-enditem|p1a: Raging Bolt|Booster Energy
|-activate|p1a: Raging Bolt|ability: Protosynthesis|[fromitem]
|-start|p1a: Raging Bolt|protosynthesisspa
|turn|9
|
|t:|1779847974
|-terastallize|p1a: Raging Bolt|Fairy
|move|p2a: Ares|Draco Meteor|p1a: Raging Bolt
|-immune|p1a: Raging Bolt
|move|p1a: Raging Bolt|Calm Mind|p1a: Raging Bolt
|-boost|p1a: Raging Bolt|spa|1
|-boost|p1a: Raging Bolt|spd|1
|
|-damage|p2a: Ares|76/100 psn|[from] psn
|upkeep
|turn|10
|
|t:|1779847990
|switch|p2a: DA COUNT|Gliscor, F|100/100 tox
|move|p1a: Raging Bolt|Dragon Pulse|p2a: DA COUNT
|-crit|p2a: DA COUNT
|-damage|p2a: DA COUNT|0 fnt
|faint|p2a: DA COUNT
|
|upkeep
|
|t:|1779848009
|switch|p2a: ANCHOR ARMS|Azumarill, F|100/100
|-status|p2a: ANCHOR ARMS|psn
|turn|11
|
|t:|1779848020
|switch|p2a: Thrashurassosaur|Tyranitar, F, shiny|100/100
|-status|p2a: Thrashurassosaur|psn
|-weather|Sandstorm|[from] ability: Sand Stream|[of] p2a: Thrashurassosaur
|move|p1a: Raging Bolt|Thunderbolt|p2a: Thrashurassosaur
|-damage|p2a: Thrashurassosaur|52/100 psn
|
|-weather|Sandstorm|[upkeep]
|-damage|p1a: Raging Bolt|82/100|[from] Sandstorm
|-damage|p2a: Thrashurassosaur|40/100 psn|[from] psn
|upkeep
|turn|12
|
|t:|1779848036
|move|p1a: Raging Bolt|Thunderclap|p2a: Thrashurassosaur
|-damage|p2a: Thrashurassosaur|2/100 psn
|move|p2a: Thrashurassosaur|Stone Edge|p1a: Raging Bolt
|-damage|p1a: Raging Bolt|15/100
|
|-weather|Sandstorm|[upkeep]
|-damage|p1a: Raging Bolt|9/100|[from] Sandstorm
|-damage|p2a: Thrashurassosaur|0 fnt|[from] psn
|faint|p2a: Thrashurassosaur
|upkeep
|
|t:|1779848044
|switch|p2a: ANCHOR ARMS|Azumarill, F|100/100 psn
|turn|13
|
|t:|1779848052
|move|p2a: ANCHOR ARMS|Aqua Jet|p1a: Raging Bolt
|-damage|p1a: Raging Bolt|0 fnt
|faint|p1a: Raging Bolt
|-end|p1a: Raging Bolt|Protosynthesis|[silent]
|
|-weather|Sandstorm|[upkeep]
|-damage|p2a: ANCHOR ARMS|94/100 psn|[from] Sandstorm
|-damage|p2a: ANCHOR ARMS|82/100 psn|[from] psn
|upkeep
|
|t:|1779848063
|switch|p1a: Iron Crown|Iron Crown|100/100
|-damage|p1a: Iron Crown|94/100|[from] Stealth Rock
|turn|14
|
|t:|1779848075
|-terastallize|p2a: ANCHOR ARMS|Steel
|move|p1a: Iron Crown|Volt Switch|p2a: ANCHOR ARMS
|-damage|p2a: ANCHOR ARMS|56/100 psn
|
|t:|1779848080
|-end|p1a: Iron Crown|Quark Drive|[silent]
|switch|p1a: Cresselia|Cresselia, F|71/100|[from] Volt Switch
|-damage|p1a: Cresselia|59/100|[from] Stealth Rock
|move|p2a: ANCHOR ARMS|Belly Drum|p2a: ANCHOR ARMS
|-damage|p2a: ANCHOR ARMS|6/100 psn
|-setboost|p2a: ANCHOR ARMS|atk|6|[from] move: Belly Drum
|-enditem|p2a: ANCHOR ARMS|Sitrus Berry|[eat]
|-heal|p2a: ANCHOR ARMS|31/100 psn|[from] item: Sitrus Berry
|
|-weather|Sandstorm|[upkeep]
|-damage|p1a: Cresselia|53/100|[from] Sandstorm
|-damage|p2a: ANCHOR ARMS|19/100 psn|[from] psn
|upkeep
|turn|15
|
|t:|1779848100
|move|p1a: Cresselia|Psychic|p2a: ANCHOR ARMS
|-resisted|p2a: ANCHOR ARMS
|-damage|p2a: ANCHOR ARMS|6/100 psn
|move|p2a: ANCHOR ARMS|Play Rough|p1a: Cresselia
|-damage|p1a: Cresselia|0 fnt
|faint|p1a: Cresselia
|
|-weather|none
|-damage|p2a: ANCHOR ARMS|0 fnt|[from] psn
|faint|p2a: ANCHOR ARMS
|upkeep
|
|t:|1779848112
|switch|p1a: Blaziken|Blaziken, M|100/100
|switch|p2a: Ares|Dragapult, F|76/100 psn
|turn|16
|
|t:|1779848126
|move|p2a: Ares|Shadow Ball|p1a: Blaziken
|-damage|p1a: Blaziken|21/100
|move|p1a: Blaziken|Shadow Claw|p2a: Ares
|-supereffective|p2a: Ares
|-damage|p2a: Ares|8/100 psn
|
|-damage|p2a: Ares|0 fnt|[from] psn
|faint|p2a: Ares
|
|win|sigmundtuff41
|raw|sigmundtuff41's rating: 1152 &rarr; <strong>1179</strong><br />(+27 for winning)
|raw|bababablackmareep's rating: 1185 &rarr; <strong>1158</strong><br />(-27 for losing)
|l|☆bababablackmareep
|player|p2|
