|j|☆Vestio_1
|j|☆aGellO
|t:|1779857163
|gametype|singles
|player|p1|Vestio_1|1|1182
|player|p2|aGellO|pokemonbreeder-gen4|1180
|gen|9
|tier|[Gen 9] OU
|rated|
|rule|HP Percentage Mod: HP is shown in percentages
|rule|Endless Battle Clause: Forcing endless battles is banned
|rule|Species Clause: Limit one of each Pokémon
|rule|OHKO Clause: OHKO moves are banned
|rule|Evasion Items Clause: Evasion items are banned
|rule|Evasion Moves Clause: Evasion moves are banned
|rule|Evasion Abilities Clause: Evasion abilities are banned
|rule|Sleep Moves Clause: Sleep-inducing moves are banned
|clearpoke
|poke|p1|Gholdengo|
|poke|p1|Ting-Lu|
|poke|p1|Dragapult, F|
|poke|p1|Kingambit, F|
|poke|p1|Gliscor, M|
|poke|p1|Zamazenta-*|
|poke|p2|Jolteon, M|
|poke|p2|Dragapult, F|
|poke|p2|Alomomola, F|
|poke|p2|Kingambit, F|
|poke|p2|Meowscarada, M|
|poke|p2|Moltres|
|teampreview
|inactive|Battle timer is ON: inactive players will automatically lose when time's up. (requested by aGellO)
|
|t:|1779857180
|teamsize|p1|6
|teamsize|p2|6
|start
|switch|p1a: Ting-Lu|Ting-Lu|100/100
|switch|p2a: Dragapult|Dragapult, F|100/100
|-ability|p1a: Ting-Lu|Vessel of Ruin
|turn|1
|
|t:|1779857186
|move|p2a: Dragapult|Will-O-Wisp|p1a: Ting-Lu
|-status|p1a: Ting-Lu|brn
|move|p1a: Ting-Lu|Spikes|p2a: Dragapult
|-sidestart|p2: aGellO|Spikes
|
|-damage|p1a: Ting-Lu|94/100 brn|[from] brn
|upkeep
|turn|2
|
|t:|1779857189
|move|p2a: Dragapult|U-turn|p1a: Ting-Lu
|-supereffective|p1a: Ting-Lu
|-damage|p1a: Ting-Lu|79/100 brn
|
|t:|1779857195
|switch|p2a: Meowscarada|Meowscarada, M|100/100|[from] U-turn
|-damage|p2a: Meowscarada|88/100|[from] Spikes
|move|p1a: Ting-Lu|Spikes|p2a: Meowscarada
|-sidestart|p2: aGellO|Spikes
|
|-heal|p1a: Ting-Lu|86/100 brn|[from] item: Leftovers
|-damage|p1a: Ting-Lu|79/100 brn|[from] brn
|upkeep
|turn|3
|
|t:|1779857203
|move|p2a: Meowscarada|Flower Trick|p1a: Ting-Lu
|-start|p2a: Meowscarada|typechange|Grass|[from] ability: Protean
|-supereffective|p1a: Ting-Lu
|-crit|p1a: Ting-Lu
|-damage|p1a: Ting-Lu|24/100 brn
|move|p1a: Ting-Lu|Stealth Rock|p2a: Meowscarada
|-sidestart|p2: aGellO|move: Stealth Rock
|
|-heal|p1a: Ting-Lu|30/100 brn|[from] item: Leftovers
|-damage|p1a: Ting-Lu|24/100 brn|[from] brn
|upkeep
|turn|4
|
|t:|1779857212
|move|p2a: Meowscarada|Flower Trick|p1a: Ting-Lu
|-supereffective|p1a: Ting-Lu
|-crit|p1a: Ting-Lu
|-damage|p1a: Ting-Lu|0 fnt
|faint|p1a: Ting-Lu
|
|upkeep
|
|t:|1779857220
|switch|p1a: Dragapult|Dragapult, F, shiny|100/100
|turn|5
|
|t:|1779857227
|switch|p2a: Kingambit|Kingambit, F|100/100
|-damage|p2a: Kingambit|84/100|[from] Spikes
|-damage|p2a: Kingambit|78/100|[from] Stealth Rock
|move|p1a: Dragapult|Shadow Ball|p2a: Kingambit
|-resisted|p2a: Kingambit
|-damage|p2a: Kingambit|50/100
|
|-heal|p2a: Kingambit|56/100|[from] item: Leftovers
|upkeep
|turn|6
|
|t:|1779857238
|switch|p1a: Zamazenta|Zamazenta|100/100
|-ability|p1a: Zamazenta|Dauntless Shield|boost
|-boost|p1a: Zamazenta|def|1
|move|p2a: Kingambit|Sucker Punch||[still]
|-fail|p2a: Kingambit
|
|-heal|p2a: Kingambit|62/100|[from] item: Leftovers
|upkeep
|turn|7
|
|t:|1779857247
|-end|p2a: Kingambit|fallenundefined|[silent]
|switch|p2a: Dragapult|Dragapult, F|100/100
|move|p1a: Zamazenta|Iron Defense|p1a: Zamazenta
|-boost|p1a: Zamazenta|def|2
|
|upkeep
|turn|8
|
|t:|1779857253
|move|p2a: Dragapult|Will-O-Wisp|p1a: Zamazenta
|-status|p1a: Zamazenta|brn
|move|p1a: Zamazenta|Crunch|p2a: Dragapult
|-supereffective|p2a: Dragapult
|-damage|p2a: Dragapult|73/100
|
|-damage|p1a: Zamazenta|94/100 brn|[from] brn
|upkeep
|turn|9
|
|t:|1779857260
|move|p2a: Dragapult|Hex|p1a: Zamazenta
|-damage|p1a: Zamazenta|59/100 brn
|move|p1a: Zamazenta|Crunch|p2a: Dragapult
|-supereffective|p2a: Dragapult
|-damage|p2a: Dragapult|41/100
|
|-heal|p1a: Zamazenta|65/100 brn|[from] item: Leftovers
|-damage|p1a: Zamazenta|59/100 brn|[from] brn
|upkeep
|turn|10
|
|t:|1779857267
|move|p2a: Dragapult|Hex|p1a: Zamazenta
|-damage|p1a: Zamazenta|28/100 brn
|move|p1a: Zamazenta|Crunch|p2a: Dragapult
|-supereffective|p2a: Dragapult
|-damage|p2a: Dragapult|10/100
|
|-heal|p1a: Zamazenta|34/100 brn|[from] item: Leftovers
|-damage|p1a: Zamazenta|28/100 brn|[from] brn
|upkeep
|turn|11
|
|t:|1779857276
|move|p2a: Dragapult|U-turn|p1a: Zamazenta
|-resisted|p1a: Zamazenta
|-damage|p1a: Zamazenta|25/100 brn
|
|t:|1779857284
|switch|p2a: Meowscarada|Meowscarada, M|88/100|[from] U-turn
|-damage|p2a: Meowscarada|72/100|[from] Spikes
|-damage|p2a: Meowscarada|60/100|[from] Stealth Rock
|move|p1a: Zamazenta|Crunch|p2a: Meowscarada
|-resisted|p2a: Meowscarada
|-damage|p2a: Meowscarada|51/100
|-unboost|p2a: Meowscarada|def|1
|
|-heal|p1a: Zamazenta|31/100 brn|[from] item: Leftovers
|-damage|p1a: Zamazenta|25/100 brn|[from] brn
|upkeep
|turn|12
|
|t:|1779857298
|move|p2a: Meowscarada|Flower Trick|p1a: Zamazenta
|-start|p2a: Meowscarada|typechange|Grass|[from] ability: Protean
|-crit|p1a: Zamazenta
|-damage|p1a: Zamazenta|0 fnt
|faint|p1a: Zamazenta
|
|upkeep
|
|t:|1779857306
|switch|p1a: Dragapult|Dragapult, F, shiny|100/100
|turn|13
|
|t:|1779857317
|switch|p2a: Alomomola|Alomomola, F|100/100
|move|p1a: Dragapult|Draco Meteor|p2a: Alomomola
|-damage|p2a: Alomomola|4/100
|-unboost|p1a: Dragapult|spa|2
|
|upkeep
|turn|14
|
|t:|1779857329
|switch|p2a: Moltres|Moltres|100/100
|move|p1a: Dragapult|Draco Meteor|p2a: Moltres
|-damage|p2a: Moltres|55/100
|-unboost|p1a: Dragapult|spa|2
|
|upkeep
|turn|15
|
|t:|1779857336
|switch|p1a: Gliscor|Gliscor, M, shiny|100/100
|move|p2a: Moltres|Roost|p2a: Moltres
|-heal|p2a: Moltres|100/100
|-singleturn|p2a: Moltres|move: Roost
|
|-status|p1a: Gliscor|tox|[from] item: Toxic Orb
|upkeep
|turn|16
|
|t:|1779857344
|move|p1a: Gliscor|Toxic|p2a: Moltres
|-status|p2a: Moltres|tox
|move|p2a: Moltres|U-turn|p1a: Gliscor
|-resisted|p1a: Gliscor
|-damage|p1a: Gliscor|96/100 tox
|
|t:|1779857353
|switch|p2a: Meowscarada|Meowscarada, M|51/100|[from] U-turn
|-damage|p2a: Meowscarada|35/100|[from] Spikes
|-damage|p2a: Meowscarada|23/100|[from] Stealth Rock
|
|-heal|p1a: Gliscor|100/100 tox|[from] ability: Poison Heal
|upkeep
|turn|17
|
|t:|1779857360
|move|p2a: Meowscarada|Triple Axel|p1a: Gliscor
|-start|p2a: Meowscarada|typechange|Ice|[from] ability: Protean
|-supereffective|p1a: Gliscor
|-damage|p1a: Gliscor|65/100 tox
|-supereffective|p1a: Gliscor
|-damage|p1a: Gliscor|0 fnt
|faint|p1a: Gliscor
|-hitcount|p1: Gliscor|2
|
|upkeep
|
|t:|1779857372
|switch|p1a: Dragapult|Dragapult, F, shiny|100/100
|turn|18
|
|t:|1779857375
|move|p1a: Dragapult|Shadow Ball|p2a: Meowscarada
|-damage|p2a: Meowscarada|0 fnt
|faint|p2a: Meowscarada
|
|upkeep
|
|t:|1779857382
|switch|p2a: Jolteon|Jolteon, M|100/100
|turn|19
|
|t:|1779857385
|-terastallize|p2a: Jolteon|Fairy
|move|p1a: Dragapult|Shadow Ball|p2a: Jolteon
|-damage|p2a: Jolteon|28/100
|move|p2a: Jolteon|Alluring Voice|p1a: Dragapult
|-supereffective|p1a: Dragapult
|-damage|p1a: Dragapult|6/100
|
|upkeep
|turn|20
|
|t:|1779857398
|switch|p2a: Kingambit|Kingambit, F|62/100
|-damage|p2a: Kingambit|46/100|[from] Spikes
|-damage|p2a: Kingambit|40/100|[from] Stealth Rock
|-activate|p2a: Kingambit|ability: Supreme Overlord
|-start|p2a: Kingambit|fallen1|[silent]
|move|p1a: Dragapult|Shadow Ball|p2a: Kingambit
|-resisted|p2a: Kingambit
|-damage|p2a: Kingambit|12/100
|-unboost|p2a: Kingambit|spd|1
|
|-heal|p2a: Kingambit|18/100|[from] item: Leftovers
|upkeep
|turn|21
|
|t:|1779857410
|switch|p1a: Gholdengo|Gholdengo, shiny|100/100
|move|p2a: Kingambit|Sucker Punch||[still]
|-fail|p2a: Kingambit
|
|-heal|p2a: Kingambit|24/100|[from] item: Leftovers
|upkeep
|turn|22
|
|t:|1779857416
|move|p2a: Kingambit|Sucker Punch||[still]
|-fail|p2a: Kingambit
|move|p1a: Gholdengo|Nasty Plot|p1a: Gholdengo
|-boost|p1a: Gholdengo|spa|2
|
|-heal|p2a: Kingambit|30/100|[from] item: Leftovers
|upkeep
|turn|23
|
|t:|1779857423
|move|p1a: Gholdengo|Shadow Ball|p2a: Kingambit
|-resisted|p2a: Kingambit
|-damage|p2a: Kingambit|0 fnt
|faint|p2a: Kingambit
|-end|p2a: Kingambit|fallen1|[silent]
|
|upkeep
|-message|aGellO forfeited.
|
|win|Vestio_1
|raw|Vestio_1's rating: 1182 &rarr; <strong>1207</strong><br />(+25 for winning)
|raw|aGellO's rating: 1180 &rarr; <strong>1155</strong><br />(-25 for losing)
|l|☆aGellO
|player|p2|
|l|☆Vestio_1
|player|p1|
