|j|☆Animal Stylez
|j|☆ataiks
|t:|1779867195
|gametype|singles
|player|p1|Animal Stylez|bugcatcher-gen4dp|1441
|player|p2|ataiks|ghetsis|1420
|gen|9
|tier|[Gen 9] OU
|rated|
|rule|HP Percentage Mod: HP is shown in percentages
|rule|Endless Battle Clause: Forcing endless battles is banned
|rule|Species Clause: Limit one of each Pokémon
|rule|OHKO Clause: OHKO moves are banned
|rule|Evasion Items Clause: Evasion items are banned
|rule|Evasion Moves Clause: Evasion moves are banned
|rule|Evasion Abilities Clause: Evasion abilities are banned
|rule|Sleep Moves Clause: Sleep-inducing moves are banned
|clearpoke
|poke|p1|Moltres-Galar|
|poke|p1|Gholdengo|
|poke|p1|Samurott-Hisui, F|
|poke|p1|Smeargle, F|
|poke|p1|Zamazenta-*|
|poke|p1|Deoxys-Speed|
|poke|p2|Glimmora, F|
|poke|p2|Landorus-Therian, M|
|poke|p2|Moltres|
|poke|p2|Gholdengo|
|poke|p2|Dragapult, F|
|poke|p2|Zamazenta-*|
|teampreview
|inactive|Battle timer is ON: inactive players will automatically lose when time's up. (requested by Animal Stylez)
|j| coolkidsurferdude
|
|t:|1779867211
|teamsize|p1|6
|teamsize|p2|6
|start
|switch|p1a: Deoxys|Deoxys-Speed|100/100
|switch|p2a: Hehe c:|Gholdengo|100/100
|-ability|p1a: Deoxys|Pressure
|turn|1
|
|t:|1779867216
|move|p1a: Deoxys|Light Screen|p1a: Deoxys
|-sidestart|p1: Animal Stylez|move: Light Screen
|move|p2a: Hehe c:|Shadow Ball|p1a: Deoxys
|-supereffective|p1a: Deoxys
|-damage|p1a: Deoxys|46/100
|
|upkeep
|turn|2
|
|t:|1779867222
|switch|p1a: Samurott|Samurott-Hisui, F|100/100
|move|p2a: Hehe c:|Shadow Ball|p1a: Samurott
|-resisted|p1a: Samurott
|-damage|p1a: Samurott|84/100
|-unboost|p1a: Samurott|spd|1
|
|upkeep
|turn|3
|
|t:|1779867233
|switch|p2a: Landorus|Landorus-Therian, M|100/100
|-ability|p2a: Landorus|Intimidate|boost
|-unboost|p1a: Samurott|atk|1
|move|p1a: Samurott|Ceaseless Edge|p2a: Landorus
|-damage|p2a: Landorus|64/100
|-damage|p1a: Samurott|67/100|[from] item: Rocky Helmet|[of] p2a: Landorus
|-sidestart|p2: ataiks|Spikes
|
|upkeep
|turn|4
|
|t:|1779867242
|move|p2a: Landorus|U-turn|p1a: Samurott
|-supereffective|p1a: Samurott
|-damage|p1a: Samurott|0 fnt
|faint|p1a: Samurott
|
|t:|1779867250
|switch|p2a: Glimmora|Glimmora, F|100/100|[from] U-turn
|-damage|p2a: Glimmora|88/100|[from] Spikes
|
|upkeep
|
|t:|1779867255
|switch|p1a: Gholdengo|Gholdengo|100/100
|turn|5
|
|t:|1779867258
|move|p1a: Gholdengo|Make It Rain|p2a: Glimmora
|-supereffective|p2a: Glimmora
|-damage|p2a: Glimmora|0 fnt
|-unboost|p1a: Gholdengo|spa|1
|faint|p2a: Glimmora
|
|upkeep
|
|t:|1779867262
|switch|p2a: Landorus|Landorus-Therian, M|64/100
|-ability|p2a: Landorus|Intimidate|boost
|-unboost|p1a: Gholdengo|atk|1
|turn|6
|
|t:|1779867265
|switch|p1a: Deoxys|Deoxys-Speed|46/100
|-ability|p1a: Deoxys|Pressure
|move|p2a: Landorus|Earthquake|p1a: Deoxys
|-damage|p1a: Deoxys|0 fnt
|faint|p1a: Deoxys
|
|upkeep
|
|t:|1779867271
|switch|p1a: Gholdengo|Gholdengo|100/100
|turn|7
|
|t:|1779867287
|move|p1a: Gholdengo|Trick|p2a: Landorus
|-activate|p1a: Gholdengo|move: Trick|[of] p2a: Landorus
|-item|p2a: Landorus|Choice Scarf|[from] move: Trick
|-item|p1a: Gholdengo|Rocky Helmet|[from] move: Trick
|move|p2a: Landorus|Earthquake|p1a: Gholdengo
|-supereffective|p1a: Gholdengo
|-damage|p1a: Gholdengo|0 fnt
|faint|p1a: Gholdengo
|
|upkeep
|
|t:|1779867290
|switch|p1a: Smeargle|Smeargle, F|100/100
|turn|8
|l| coolkidsurferdude
|
|t:|1779867309
|-terastallize|p1a: Smeargle|Flying
|move|p2a: Landorus|Earthquake|p1a: Smeargle
|-immune|p1a: Smeargle
|move|p1a: Smeargle|Jaw Lock|p2a: Landorus
|-damage|p2a: Landorus|49/100
|-activate|p1a: Smeargle|trapped
|-activate|p2a: Landorus|trapped
|
|-sideend|p1: Animal Stylez|move: Light Screen
|upkeep
|turn|9
|
|t:|1779867318
|move|p2a: Landorus|Earthquake|p1a: Smeargle
|-immune|p1a: Smeargle
|move|p1a: Smeargle|No Retreat|p1a: Smeargle
|-boost|p1a: Smeargle|atk|1
|-boost|p1a: Smeargle|def|1
|-boost|p1a: Smeargle|spa|1
|-boost|p1a: Smeargle|spd|1
|-boost|p1a: Smeargle|spe|1
|
|upkeep
|turn|10
|
|t:|1779867320
|move|p2a: Landorus|Earthquake|p1a: Smeargle
|-immune|p1a: Smeargle
|move|p1a: Smeargle|No Retreat|p1a: Smeargle
|-boost|p1a: Smeargle|atk|1
|-boost|p1a: Smeargle|def|1
|-boost|p1a: Smeargle|spa|1
|-boost|p1a: Smeargle|spd|1
|-boost|p1a: Smeargle|spe|1
|
|upkeep
|turn|11
|c|☆ataiks|Gg
|
|t:|1779867324
|move|p2a: Landorus|Earthquake|p1a: Smeargle
|-immune|p1a: Smeargle
|move|p1a: Smeargle|No Retreat|p1a: Smeargle
|-boost|p1a: Smeargle|atk|1
|-boost|p1a: Smeargle|def|1
|-boost|p1a: Smeargle|spa|1
|-boost|p1a: Smeargle|spd|1
|-boost|p1a: Smeargle|spe|1
|
|upkeep
|turn|12
|
|t:|1779867327
|move|p1a: Smeargle|No Retreat|p1a: Smeargle
|-boost|p1a: Smeargle|atk|1
|-boost|p1a: Smeargle|def|1
|-boost|p1a: Smeargle|spa|1
|-boost|p1a: Smeargle|spd|1
|-boost|p1a: Smeargle|spe|1
|move|p2a: Landorus|Earthquake|p1a: Smeargle
|-immune|p1a: Smeargle
|
|upkeep
|turn|13
|
|t:|1779867329
|move|p1a: Smeargle|No Retreat|p1a: Smeargle
|-boost|p1a: Smeargle|atk|1
|-boost|p1a: Smeargle|def|1
|-boost|p1a: Smeargle|spa|1
|-boost|p1a: Smeargle|spd|1
|-boost|p1a: Smeargle|spe|1
|move|p2a: Landorus|Earthquake|p1a: Smeargle
|-immune|p1a: Smeargle
|
|upkeep
|turn|14
|
|t:|1779867331
|move|p1a: Smeargle|No Retreat|p1a: Smeargle
|-boost|p1a: Smeargle|atk|1
|-boost|p1a: Smeargle|def|1
|-boost|p1a: Smeargle|spa|1
|-boost|p1a: Smeargle|spd|1
|-boost|p1a: Smeargle|spe|1
|move|p2a: Landorus|Earthquake|p1a: Smeargle
|-immune|p1a: Smeargle
|
|upkeep
|turn|15
|
|t:|1779867335
|move|p1a: Smeargle|Power Trip|p2a: Landorus
|-damage|p2a: Landorus|0 fnt
|faint|p2a: Landorus
|
|upkeep
|
|t:|1779867340
|switch|p2a: Moltres|Moltres|100/100
|turn|16
|
|t:|1779867344
|move|p1a: Smeargle|Power Trip|p2a: Moltres
|-crit|p2a: Moltres
|-damage|p2a: Moltres|0 fnt
|-status|p1a: Smeargle|brn|[from] ability: Flame Body|[of] p2a: Moltres
|faint|p2a: Moltres
|
|-damage|p1a: Smeargle|94/100 brn|[from] brn
|upkeep
|
|t:|1779867350
|switch|p2a: Zamazenta|Zamazenta|100/100
|-damage|p2a: Zamazenta|88/100|[from] Spikes
|-ability|p2a: Zamazenta|Dauntless Shield|boost
|-boost|p2a: Zamazenta|def|1
|turn|17
|
|t:|1779867366
|move|p1a: Smeargle|Population Bomb|p2a: Zamazenta
|-damage|p2a: Zamazenta|80/100
|-damage|p2a: Zamazenta|72/100
|-damage|p2a: Zamazenta|64/100
|-damage|p2a: Zamazenta|56/100
|-damage|p2a: Zamazenta|47/100
|-damage|p2a: Zamazenta|39/100
|-damage|p2a: Zamazenta|31/100
|-damage|p2a: Zamazenta|23/100
|-damage|p2a: Zamazenta|15/100
|-damage|p2a: Zamazenta|6/100
|-hitcount|p2a: Zamazenta|10
|move|p2a: Zamazenta|Crunch|p1a: Smeargle
|-damage|p1a: Smeargle|79/100 brn
|
|-heal|p2a: Zamazenta|12/100|[from] item: Leftovers
|-damage|p1a: Smeargle|73/100 brn|[from] brn
|upkeep
|turn|18
|
|t:|1779867380
|switch|p2a: Dragapult|Dragapult, F|100/100
|-damage|p2a: Dragapult|88/100|[from] Spikes
|move|p1a: Smeargle|Power Trip|p2a: Dragapult
|-supereffective|p2a: Dragapult
|-damage|p2a: Dragapult|0 fnt
|faint|p2a: Dragapult
|
|-damage|p1a: Smeargle|67/100 brn|[from] brn
|upkeep
|
|t:|1779867385
|switch|p2a: Hehe c:|Gholdengo|100/100
|-damage|p2a: Hehe c:|88/100|[from] Spikes
|turn|19
|
|t:|1779867392
|move|p1a: Smeargle|Power Trip|p2a: Hehe c:
|-supereffective|p2a: Hehe c:
|-damage|p2a: Hehe c:|0 fnt
|faint|p2a: Hehe c:
|
|-damage|p1a: Smeargle|61/100 brn|[from] brn
|upkeep
|
|t:|1779867394
|switch|p2a: Zamazenta|Zamazenta|12/100
|-damage|p2a: Zamazenta|0 fnt|[from] Spikes
|faint|p2a: Zamazenta
|
|win|Animal Stylez
|raw|Animal Stylez's rating: 1441 &rarr; <strong>1460</strong><br />(+19 for winning)
|raw|ataiks's rating: 1420 &rarr; <strong>1401</strong><br />(-19 for losing)
|l|☆ataiks
|player|p2|
