|j|☆hueehuuekkkk
|j|☆claudechamp
|t:|1779851028
|gametype|singles
|player|p1|hueehuuekkkk|steven|1233
|player|p2|claudechamp|169|1243
|gen|9
|tier|[Gen 9] OU
|rated|
|rule|HP Percentage Mod: HP is shown in percentages
|rule|Endless Battle Clause: Forcing endless battles is banned
|rule|Species Clause: Limit one of each Pokémon
|rule|OHKO Clause: OHKO moves are banned
|rule|Evasion Items Clause: Evasion items are banned
|rule|Evasion Moves Clause: Evasion moves are banned
|rule|Evasion Abilities Clause: Evasion abilities are banned
|rule|Sleep Moves Clause: Sleep-inducing moves are banned
|clearpoke
|poke|p1|Suicune|
|poke|p1|Dragonite, M|
|poke|p1|Cinderace, M|
|poke|p1|Zamazenta-*|
|poke|p1|Blaziken, F|
|poke|p1|Toxtricity-Low-Key, M|
|poke|p2|Gliscor, F|
|poke|p2|Gholdengo|
|poke|p2|Zamazenta-*|
|poke|p2|Blissey, F|
|poke|p2|Skarmory, M|
|poke|p2|Pecharunt|
|teampreview
|inactive|Battle timer is ON: inactive players will automatically lose when time's up. (requested by hueehuuekkkk)
|c|☆claudechamp|hf
|
|t:|1779851036
|teamsize|p1|6
|teamsize|p2|6
|start
|switch|p1a: Blaziken|Blaziken, F|100/100
|switch|p2a: Skarmory|Skarmory, M|100/100
|turn|1
|inactive|claudechamp also wants the timer to be on.
|
|t:|1779851046
|move|p1a: Blaziken|Swords Dance|p1a: Blaziken
|-boost|p1a: Blaziken|atk|2
|move|p2a: Skarmory|Spikes|p1a: Blaziken
|-sidestart|p1: hueehuuekkkk|Spikes
|
|-ability|p1a: Blaziken|Speed Boost|boost
|-boost|p1a: Blaziken|spe|1
|upkeep
|turn|2
|
|t:|1779851050
|move|p1a: Blaziken|Close Combat|p2a: Skarmory
|-damage|p2a: Skarmory|17/100
|-unboost|p1a: Blaziken|def|1
|-unboost|p1a: Blaziken|spd|1
|move|p2a: Skarmory|Whirlwind|p1a: Blaziken
|drag|p1a: Dragonite|Dragonite, M, shiny|100/100
|
|upkeep
|turn|3
|
|t:|1779851059
|move|p1a: Dragonite|Dragon Claw|p2a: Skarmory
|-resisted|p2a: Skarmory
|-damage|p2a: Skarmory|1/100
|move|p2a: Skarmory|Roost|p2a: Skarmory
|-heal|p2a: Skarmory|51/100
|-singleturn|p2a: Skarmory|move: Roost
|
|upkeep
|turn|4
|
|t:|1779851065
|switch|p1a: Cinderace|Cinderace, M|100/100
|-damage|p1a: Cinderace|88/100|[from] Spikes
|move|p2a: Skarmory|Spikes|p1a: Cinderace
|-sidestart|p1: hueehuuekkkk|Spikes
|
|upkeep
|turn|5
|
|t:|1779851070
|move|p1a: Cinderace|Pyro Ball|p2a: Skarmory
|-supereffective|p2a: Skarmory
|-damage|p2a: Skarmory|0 fnt
|faint|p2a: Skarmory
|
|upkeep
|
|t:|1779851078
|switch|p2a: Pecharunt|Pecharunt|100/100
|turn|6
|inactive|hueehuuekkkk has 120 seconds left.
|
|t:|1779851121
|move|p1a: Cinderace|Court Change|p1a: Cinderace
|-start|p1a: Cinderace|typechange|Normal|[from] ability: Libero
|-swapsideconditions
|-activate|p1a: Cinderace|move: Court Change
|move|p2a: Pecharunt|Toxic|p1a: Cinderace
|-status|p1a: Cinderace|tox
|-start|p1a: Cinderace|confusion|[from] ability: Poison Puppeteer|[of] p2a: Pecharunt
|
|-damage|p1a: Cinderace|82/100 tox|[from] psn
|upkeep
|turn|7
|
|t:|1779851132
|switch|p2a: Gliscor|Gliscor, F|100/100
|-activate|p1a: Cinderace|confusion
|-damage|p1a: Cinderace|64/100 tox|[from] confusion
|
|-damage|p1a: Cinderace|52/100 tox|[from] psn
|-status|p2a: Gliscor|tox|[from] item: Toxic Orb
|upkeep
|turn|8
|
|t:|1779851142
|switch|p1a: Suicune|Suicune, shiny|100/100
|-ability|p1a: Suicune|Pressure
|move|p2a: Gliscor|Swords Dance|p2a: Gliscor
|-boost|p2a: Gliscor|atk|2
|
|upkeep
|turn|9
|
|t:|1779851150
|move|p2a: Gliscor|Knock Off|p1a: Suicune
|-damage|p1a: Suicune|78/100
|-enditem|p1a: Suicune|Leftovers|[from] move: Knock Off|[of] p2a: Gliscor
|move|p1a: Suicune|Scald|p2a: Gliscor
|-supereffective|p2a: Gliscor
|-damage|p2a: Gliscor|53/100 tox
|
|-heal|p2a: Gliscor|65/100 tox|[from] ability: Poison Heal
|upkeep
|turn|10
|
|t:|1779851158
|move|p2a: Gliscor|Protect|p2a: Gliscor
|-singleturn|p2a: Gliscor|Protect
|move|p1a: Suicune|Calm Mind|p1a: Suicune
|-boost|p1a: Suicune|spa|1
|-boost|p1a: Suicune|spd|1
|
|-heal|p2a: Gliscor|78/100 tox|[from] ability: Poison Heal
|upkeep
|turn|11
|
|t:|1779851161
|-terastallize|p2a: Gliscor|Dark
|move|p2a: Gliscor|Earthquake|p1a: Suicune
|-damage|p1a: Suicune|42/100
|move|p1a: Suicune|Scald|p2a: Gliscor
|-damage|p2a: Gliscor|42/100 tox
|
|-heal|p2a: Gliscor|54/100 tox|[from] ability: Poison Heal
|upkeep
|turn|12
|
|t:|1779851175
|move|p2a: Gliscor|Earthquake|p1a: Suicune
|-damage|p1a: Suicune|7/100
|move|p1a: Suicune|Scald|p2a: Gliscor
|-damage|p2a: Gliscor|22/100 tox
|
|-heal|p2a: Gliscor|34/100 tox|[from] ability: Poison Heal
|upkeep
|turn|13
|
|t:|1779851185
|move|p2a: Gliscor|Earthquake|p1a: Suicune
|-damage|p1a: Suicune|0 fnt
|faint|p1a: Suicune
|
|-heal|p2a: Gliscor|47/100 tox|[from] ability: Poison Heal
|upkeep
|
|t:|1779851188
|switch|p1a: Zamazenta|Zamazenta|100/100
|-ability|p1a: Zamazenta|Dauntless Shield|boost
|-boost|p1a: Zamazenta|def|1
|turn|14
|
|t:|1779851196
|switch|p2a: Pecharunt|Pecharunt|100/100
|move|p1a: Zamazenta|Substitute|p1a: Zamazenta
|-start|p1a: Zamazenta|Substitute
|-damage|p1a: Zamazenta|76/100
|
|-heal|p1a: Zamazenta|82/100|[from] item: Leftovers
|upkeep
|turn|15
|
|t:|1779851199
|move|p1a: Zamazenta|Crunch|p2a: Pecharunt
|-supereffective|p2a: Pecharunt
|-damage|p2a: Pecharunt|82/100
|move|p2a: Pecharunt|Shadow Ball|p1a: Zamazenta
|-activate|p1a: Zamazenta|move: Substitute|[damage]
|
|-heal|p1a: Zamazenta|88/100|[from] item: Leftovers
|upkeep
|turn|16
|
|t:|1779851204
|move|p1a: Zamazenta|Crunch|p2a: Pecharunt
|-supereffective|p2a: Pecharunt
|-damage|p2a: Pecharunt|62/100
|move|p2a: Pecharunt|Shadow Ball|p1a: Zamazenta
|-end|p1a: Zamazenta|Substitute
|
|-heal|p1a: Zamazenta|94/100|[from] item: Leftovers
|upkeep
|turn|17
|
|t:|1779851208
|move|p1a: Zamazenta|Substitute|p1a: Zamazenta
|-start|p1a: Zamazenta|Substitute
|-damage|p1a: Zamazenta|69/100
|move|p2a: Pecharunt|Recover|p2a: Pecharunt
|-heal|p2a: Pecharunt|100/100
|
|-heal|p1a: Zamazenta|76/100|[from] item: Leftovers
|upkeep
|turn|18
|
|t:|1779851212
|move|p1a: Zamazenta|Crunch|p2a: Pecharunt
|-supereffective|p2a: Pecharunt
|-damage|p2a: Pecharunt|82/100
|move|p2a: Pecharunt|Shadow Ball|p1a: Zamazenta
|-activate|p1a: Zamazenta|move: Substitute|[damage]
|
|-heal|p1a: Zamazenta|82/100|[from] item: Leftovers
|upkeep
|turn|19
|
|t:|1779851220
|move|p1a: Zamazenta|Crunch|p2a: Pecharunt
|-supereffective|p2a: Pecharunt
|-damage|p2a: Pecharunt|63/100
|move|p2a: Pecharunt|Shadow Ball|p1a: Zamazenta
|-end|p1a: Zamazenta|Substitute
|
|-heal|p1a: Zamazenta|88/100|[from] item: Leftovers
|upkeep
|turn|20
|
|t:|1779851230
|move|p1a: Zamazenta|Substitute|p1a: Zamazenta
|-start|p1a: Zamazenta|Substitute
|-damage|p1a: Zamazenta|63/100
|move|p2a: Pecharunt|Recover|p2a: Pecharunt
|-heal|p2a: Pecharunt|100/100
|
|-heal|p1a: Zamazenta|69/100|[from] item: Leftovers
|upkeep
|turn|21
|
|t:|1779851236
|move|p1a: Zamazenta|Iron Defense|p1a: Zamazenta
|-boost|p1a: Zamazenta|def|2
|move|p2a: Pecharunt|Shadow Ball|p1a: Zamazenta
|-activate|p1a: Zamazenta|move: Substitute|[damage]
|
|-heal|p1a: Zamazenta|76/100|[from] item: Leftovers
|upkeep
|turn|22
|
|t:|1779851245
|move|p1a: Zamazenta|Crunch|p2a: Pecharunt
|-supereffective|p2a: Pecharunt
|-damage|p2a: Pecharunt|82/100
|-unboost|p2a: Pecharunt|def|1
|move|p2a: Pecharunt|Shadow Ball|p1a: Zamazenta
|-end|p1a: Zamazenta|Substitute
|
|-heal|p1a: Zamazenta|82/100|[from] item: Leftovers
|upkeep
|turn|23
|
|t:|1779851254
|move|p1a: Zamazenta|Substitute|p1a: Zamazenta
|-start|p1a: Zamazenta|Substitute
|-damage|p1a: Zamazenta|57/100
|move|p2a: Pecharunt|Shadow Ball|p1a: Zamazenta
|-activate|p1a: Zamazenta|move: Substitute|[damage]
|
|-heal|p1a: Zamazenta|63/100|[from] item: Leftovers
|upkeep
|turn|24
|
|t:|1779851265
|move|p1a: Zamazenta|Crunch|p2a: Pecharunt
|-supereffective|p2a: Pecharunt
|-damage|p2a: Pecharunt|50/100
|move|p2a: Pecharunt|Shadow Ball|p1a: Zamazenta
|-end|p1a: Zamazenta|Substitute
|
|-heal|p1a: Zamazenta|69/100|[from] item: Leftovers
|upkeep
|turn|25
|
|t:|1779851274
|move|p1a: Zamazenta|Substitute|p1a: Zamazenta
|-start|p1a: Zamazenta|Substitute
|-damage|p1a: Zamazenta|45/100
|move|p2a: Pecharunt|Recover|p2a: Pecharunt
|-heal|p2a: Pecharunt|99/100
|
|-heal|p1a: Zamazenta|51/100|[from] item: Leftovers
|upkeep
|turn|26
|
|t:|1779851282
|move|p1a: Zamazenta|Crunch|p2a: Pecharunt
|-supereffective|p2a: Pecharunt
|-damage|p2a: Pecharunt|72/100
|move|p2a: Pecharunt|Shadow Ball|p1a: Zamazenta
|-activate|p1a: Zamazenta|move: Substitute|[damage]
|
|-heal|p1a: Zamazenta|57/100|[from] item: Leftovers
|upkeep
|turn|27
|
|t:|1779851291
|switch|p2a: Gholdengo|Gholdengo|100/100
|-damage|p2a: Gholdengo|84/100|[from] Spikes
|move|p1a: Zamazenta|Crunch|p2a: Gholdengo
|-supereffective|p2a: Gholdengo
|-damage|p2a: Gholdengo|55/100
|-unboost|p2a: Gholdengo|def|1
|
|-heal|p1a: Zamazenta|63/100|[from] item: Leftovers
|upkeep
|turn|28
|
|t:|1779851298
|switch|p2a: Pecharunt|Pecharunt|72/100
|move|p1a: Zamazenta|Crunch|p2a: Pecharunt
|-supereffective|p2a: Pecharunt
|-damage|p2a: Pecharunt|52/100
|
|-heal|p1a: Zamazenta|69/100|[from] item: Leftovers
|upkeep
|turn|29
|
|t:|1779851306
|move|p1a: Zamazenta|Crunch|p2a: Pecharunt
|-supereffective|p2a: Pecharunt
|-damage|p2a: Pecharunt|33/100
|move|p2a: Pecharunt|Shadow Ball|p1a: Zamazenta
|-end|p1a: Zamazenta|Substitute
|
|-heal|p1a: Zamazenta|76/100|[from] item: Leftovers
|upkeep
|turn|30
|
|t:|1779851322
|move|p1a: Zamazenta|Substitute|p1a: Zamazenta
|-start|p1a: Zamazenta|Substitute
|-damage|p1a: Zamazenta|51/100
|move|p2a: Pecharunt|Recover|p2a: Pecharunt
|-heal|p2a: Pecharunt|83/100
|
|-heal|p1a: Zamazenta|57/100|[from] item: Leftovers
|upkeep
|turn|31
|
|t:|1779851340
|move|p1a: Zamazenta|Crunch|p2a: Pecharunt
|-supereffective|p2a: Pecharunt
|-damage|p2a: Pecharunt|63/100
|move|p2a: Pecharunt|Shadow Ball|p1a: Zamazenta
|-activate|p1a: Zamazenta|move: Substitute|[damage]
|
|-heal|p1a: Zamazenta|63/100|[from] item: Leftovers
|upkeep
|turn|32
|
|t:|1779851349
|-terastallize|p1a: Zamazenta|Dark
|move|p1a: Zamazenta|Crunch|p2a: Pecharunt
|-supereffective|p2a: Pecharunt
|-damage|p2a: Pecharunt|32/100
|move|p2a: Pecharunt|Shadow Ball|p1a: Zamazenta
|-resisted|p1a: Zamazenta
|-end|p1a: Zamazenta|Substitute
|
|-heal|p1a: Zamazenta|69/100|[from] item: Leftovers
|upkeep
|turn|33
|
|t:|1779851365
|move|p1a: Zamazenta|Substitute|p1a: Zamazenta
|-start|p1a: Zamazenta|Substitute
|-damage|p1a: Zamazenta|45/100
|move|p2a: Pecharunt|Recover|p2a: Pecharunt
|-heal|p2a: Pecharunt|82/100
|
|-heal|p1a: Zamazenta|51/100|[from] item: Leftovers
|upkeep
|turn|34
|
|t:|1779851380
|switch|p2a: Gliscor|Gliscor, F, tera:Dark|47/100 tox
|-damage|p2a: Gliscor|30/100 tox|[from] Spikes
|move|p1a: Zamazenta|Iron Defense|p1a: Zamazenta
|-boost|p1a: Zamazenta|def|2
|
|-heal|p1a: Zamazenta|57/100|[from] item: Leftovers
|-heal|p2a: Gliscor|43/100 tox|[from] ability: Poison Heal
|upkeep
|turn|35
|
|t:|1779851393
|move|p1a: Zamazenta|Body Press|p2a: Gliscor
|-supereffective|p2a: Gliscor
|-damage|p2a: Gliscor|0 fnt
|faint|p2a: Gliscor
|
|-heal|p1a: Zamazenta|63/100|[from] item: Leftovers
|upkeep
|inactive|claudechamp has 120 seconds left.
|
|t:|1779851417
|switch|p2a: Pecharunt|Pecharunt|82/100
|turn|36
|inactive|claudechamp has 120 seconds left.
|
|t:|1779851443
|move|p1a: Zamazenta|Crunch|p2a: Pecharunt
|-supereffective|p2a: Pecharunt
|-damage|p2a: Pecharunt|53/100
|move|p2a: Pecharunt|Shadow Ball|p1a: Zamazenta
|-resisted|p1a: Zamazenta
|-crit|p1a: Zamazenta
|-activate|p1a: Zamazenta|move: Substitute|[damage]
|
|-heal|p1a: Zamazenta|69/100|[from] item: Leftovers
|upkeep
|turn|37
|
|t:|1779851450
|move|p1a: Zamazenta|Iron Defense|p1a: Zamazenta
|-boost|p1a: Zamazenta|def|1
|move|p2a: Pecharunt|Parting Shot|p1a: Zamazenta
|-unboost|p1a: Zamazenta|atk|1
|-unboost|p1a: Zamazenta|spa|1
|inactive|claudechamp has 120 seconds left.
|
|t:|1779851471
|switch|p2a: Blissey|Blissey, F|100/100|[from] Parting Shot
|
|-heal|p1a: Zamazenta|76/100|[from] item: Leftovers
|upkeep
|turn|38
|
|t:|1779851483
|switch|p2a: Pecharunt|Pecharunt|53/100
|move|p1a: Zamazenta|Body Press|p2a: Pecharunt
|-immune|p2a: Pecharunt
|
|-heal|p1a: Zamazenta|82/100|[from] item: Leftovers
|upkeep
|turn|39
|
|t:|1779851502
|move|p1a: Zamazenta|Crunch|p2a: Pecharunt
|-supereffective|p2a: Pecharunt
|-damage|p2a: Pecharunt|34/100
|move|p2a: Pecharunt|Shadow Ball|p1a: Zamazenta
|-resisted|p1a: Zamazenta
|-activate|p1a: Zamazenta|move: Substitute|[damage]
|
|-heal|p1a: Zamazenta|88/100|[from] item: Leftovers
|upkeep
|turn|40
|inactive|hueehuuekkkk has 120 seconds left.
|
|t:|1779851548
|move|p1a: Zamazenta|Crunch|p2a: Pecharunt
|-supereffective|p2a: Pecharunt
|-damage|p2a: Pecharunt|15/100
|move|p2a: Pecharunt|Recover|p2a: Pecharunt
|-heal|p2a: Pecharunt|65/100
|
|-heal|p1a: Zamazenta|94/100|[from] item: Leftovers
|upkeep
|turn|41
|
|t:|1779851565
|move|p1a: Zamazenta|Crunch|p2a: Pecharunt
|-supereffective|p2a: Pecharunt
|-damage|p2a: Pecharunt|44/100
|move|p2a: Pecharunt|Shadow Ball|p1a: Zamazenta
|-resisted|p1a: Zamazenta
|-end|p1a: Zamazenta|Substitute
|
|-heal|p1a: Zamazenta|100/100|[from] item: Leftovers
|upkeep
|turn|42
|
|t:|1779851595
|move|p1a: Zamazenta|Substitute|p1a: Zamazenta
|-start|p1a: Zamazenta|Substitute
|-damage|p1a: Zamazenta|76/100
|move|p2a: Pecharunt|Recover|p2a: Pecharunt
|-heal|p2a: Pecharunt|94/100
|
|-heal|p1a: Zamazenta|82/100|[from] item: Leftovers
|upkeep
|turn|43
|inactive|claudechamp has 90 seconds left.
|
|t:|1779851611
|move|p1a: Zamazenta|Crunch|p2a: Pecharunt
|-supereffective|p2a: Pecharunt
|-damage|p2a: Pecharunt|72/100
|move|p2a: Pecharunt|Shadow Ball|p1a: Zamazenta
|-resisted|p1a: Zamazenta
|-activate|p1a: Zamazenta|move: Substitute|[damage]
|
|-heal|p1a: Zamazenta|88/100|[from] item: Leftovers
|upkeep
|turn|44
|
|t:|1779851619
|switch|p2a: Zamazenta|Zamazenta|100/100
|-ability|p2a: Zamazenta|Dauntless Shield|boost
|-boost|p2a: Zamazenta|def|1
|move|p1a: Zamazenta|Crunch|p2a: Zamazenta
|-resisted|p2a: Zamazenta
|-crit|p2a: Zamazenta
|-damage|p2a: Zamazenta|79/100
|
|-heal|p1a: Zamazenta|94/100|[from] item: Leftovers
|upkeep
|turn|45
|
|t:|1779851633
|move|p1a: Zamazenta|Body Press|p2a: Zamazenta
|-damage|p2a: Zamazenta|6/100
|move|p2a: Zamazenta|Close Combat|p1a: Zamazenta
|-supereffective|p1a: Zamazenta
|-end|p1a: Zamazenta|Substitute
|-unboost|p2a: Zamazenta|def|1
|-unboost|p2a: Zamazenta|spd|1
|
|-heal|p1a: Zamazenta|100/100|[from] item: Leftovers
|upkeep
|turn|46
|inactive|hueehuuekkkk has 120 seconds left.
|
|t:|1779851668
|switch|p2a: Pecharunt|Pecharunt|72/100
|move|p1a: Zamazenta|Body Press|p2a: Pecharunt
|-immune|p2a: Pecharunt
|
|upkeep
|turn|47
|
|t:|1779851677
|move|p1a: Zamazenta|Substitute|p1a: Zamazenta
|-start|p1a: Zamazenta|Substitute
|-damage|p1a: Zamazenta|76/100
|move|p2a: Pecharunt|Shadow Ball|p1a: Zamazenta
|-resisted|p1a: Zamazenta
|-activate|p1a: Zamazenta|move: Substitute|[damage]
|
|-heal|p1a: Zamazenta|82/100|[from] item: Leftovers
|upkeep
|turn|48
|
|t:|1779851686
|move|p1a: Zamazenta|Iron Defense|p1a: Zamazenta
|-boost|p1a: Zamazenta|def|0
|move|p2a: Pecharunt|Shadow Ball|p1a: Zamazenta
|-resisted|p1a: Zamazenta
|-activate|p1a: Zamazenta|move: Substitute|[damage]
|
|-heal|p1a: Zamazenta|88/100|[from] item: Leftovers
|upkeep
|turn|49
|
|t:|1779851700
|switch|p2a: Blissey|Blissey, F|100/100
|move|p1a: Zamazenta|Iron Defense|p1a: Zamazenta
|-boost|p1a: Zamazenta|def|0
|
|-heal|p1a: Zamazenta|94/100|[from] item: Leftovers
|upkeep
|turn|50
|
|t:|1779851711
|switch|p2a: Pecharunt|Pecharunt|72/100
|move|p1a: Zamazenta|Body Press|p2a: Pecharunt
|-immune|p2a: Pecharunt
|
|-heal|p1a: Zamazenta|100/100|[from] item: Leftovers
|upkeep
|turn|51
|
|t:|1779851723
|move|p1a: Zamazenta|Iron Defense|p1a: Zamazenta
|-boost|p1a: Zamazenta|def|0
|move|p2a: Pecharunt|Shadow Ball|p1a: Zamazenta
|-resisted|p1a: Zamazenta
|-end|p1a: Zamazenta|Substitute
|
|upkeep
|turn|52
|inactive|hueehuuekkkk has 120 seconds left.
|
|t:|1779851758
|switch|p1a: Toxtricity|Toxtricity-Low-Key, M|100/100
|move|p2a: Pecharunt|Parting Shot|p1a: Toxtricity
|-unboost|p1a: Toxtricity|atk|1
|-unboost|p1a: Toxtricity|spa|1
|
|t:|1779851764
|switch|p2a: Zamazenta|Zamazenta|6/100|[from] Parting Shot
|
|upkeep
|turn|53
|inactive|hueehuuekkkk has 120 seconds left.
|
|t:|1779851771
|move|p2a: Zamazenta|Close Combat|p1a: Toxtricity
|-resisted|p1a: Toxtricity
|-damage|p1a: Toxtricity|56/100
|-unboost|p2a: Zamazenta|def|1
|-unboost|p2a: Zamazenta|spd|1
|move|p1a: Toxtricity|Volt Switch|p2a: Zamazenta
|-damage|p2a: Zamazenta|0 fnt
|faint|p2a: Zamazenta
|inactive|hueehuuekkkk has 120 seconds left.
|
|t:|1779851782
|switch|p1a: Zamazenta|Zamazenta, tera:Dark|100/100|[from] Volt Switch
|
|upkeep
|inactive|claudechamp has 120 seconds left.
|
|t:|1779851790
|switch|p2a: Blissey|Blissey, F|100/100
|turn|54
|inactive|claudechamp has 120 seconds left.
|
|t:|1779851803
|move|p1a: Zamazenta|Substitute|p1a: Zamazenta
|-start|p1a: Zamazenta|Substitute
|-damage|p1a: Zamazenta|76/100
|move|p2a: Blissey|Stealth Rock|p1a: Zamazenta
|-sidestart|p1: hueehuuekkkk|move: Stealth Rock
|
|-heal|p1a: Zamazenta|82/100|[from] item: Leftovers
|upkeep
|turn|55
|inactive|hueehuuekkkk has 120 seconds left.
|
|t:|1779851845
|switch|p2a: Pecharunt|Pecharunt|72/100
|move|p1a: Zamazenta|Iron Defense|p1a: Zamazenta
|-boost|p1a: Zamazenta|def|2
|
|-heal|p1a: Zamazenta|88/100|[from] item: Leftovers
|upkeep
|turn|56
|
|t:|1779851855
|move|p1a: Zamazenta|Crunch|p2a: Pecharunt
|-supereffective|p2a: Pecharunt
|-damage|p2a: Pecharunt|43/100
|-unboost|p2a: Pecharunt|def|1
|move|p2a: Pecharunt|Parting Shot|p1a: Zamazenta
|-unboost|p1a: Zamazenta|atk|1
|-unboost|p1a: Zamazenta|spa|1
|inactive|claudechamp has 120 seconds left.
|
|t:|1779851869
|switch|p2a: Blissey|Blissey, F|100/100|[from] Parting Shot
|
|-heal|p1a: Zamazenta|94/100|[from] item: Leftovers
|upkeep
|turn|57
|inactive|hueehuuekkkk has 120 seconds left.
|inactive|claudechamp has 120 seconds left.
|
|t:|1779851882
|move|p1a: Zamazenta|Body Press|p2a: Blissey
|-supereffective|p2a: Blissey
|-damage|p2a: Blissey|0 fnt
|faint|p2a: Blissey
|
|-heal|p1a: Zamazenta|100/100|[from] item: Leftovers
|upkeep
|inactive|claudechamp has 120 seconds left.
|
|t:|1779851894
|switch|p2a: Pecharunt|Pecharunt|43/100
|turn|58
|inactive|claudechamp has 120 seconds left.
|
|t:|1779851905
|move|p1a: Zamazenta|Iron Defense|p1a: Zamazenta
|-boost|p1a: Zamazenta|def|2
|move|p2a: Pecharunt|Shadow Ball|p1a: Zamazenta
|-resisted|p1a: Zamazenta
|-activate|p1a: Zamazenta|move: Substitute|[damage]
|
|upkeep
|turn|59
|inactive|claudechamp has 120 seconds left.
|
|t:|1779851921
|switch|p2a: Gholdengo|Gholdengo|55/100
|-damage|p2a: Gholdengo|38/100|[from] Spikes
|move|p1a: Zamazenta|Crunch|p2a: Gholdengo
|-supereffective|p2a: Gholdengo
|-damage|p2a: Gholdengo|6/100
|-unboost|p2a: Gholdengo|def|1
|
|upkeep
|turn|60
|
|t:|1779851934
|move|p1a: Zamazenta|Crunch|p2a: Gholdengo
|-supereffective|p2a: Gholdengo
|-damage|p2a: Gholdengo|0 fnt
|faint|p2a: Gholdengo
|
|upkeep
|
|t:|1779851947
|switch|p2a: Pecharunt|Pecharunt|43/100
|turn|61
|
|t:|1779851960
|move|p1a: Zamazenta|Iron Defense|p1a: Zamazenta
|-boost|p1a: Zamazenta|def|2
|move|p2a: Pecharunt|Shadow Ball|p1a: Zamazenta
|-resisted|p1a: Zamazenta
|-activate|p1a: Zamazenta|move: Substitute|[damage]
|
|upkeep
|turn|62
|
|t:|1779851972
|move|p1a: Zamazenta|Iron Defense|p1a: Zamazenta
|-boost|p1a: Zamazenta|def|0
|move|p2a: Pecharunt|Shadow Ball|p1a: Zamazenta
|-resisted|p1a: Zamazenta
|-end|p1a: Zamazenta|Substitute
|
|upkeep
|turn|63
|
|t:|1779851981
|move|p1a: Zamazenta|Substitute|p1a: Zamazenta
|-start|p1a: Zamazenta|Substitute
|-damage|p1a: Zamazenta|76/100
|move|p2a: Pecharunt|Recover|p2a: Pecharunt
|-heal|p2a: Pecharunt|93/100
|
|-heal|p1a: Zamazenta|82/100|[from] item: Leftovers
|upkeep
|turn|64
|
|t:|1779851991
|move|p1a: Zamazenta|Iron Defense|p1a: Zamazenta
|-boost|p1a: Zamazenta|def|0
|move|p2a: Pecharunt|Shadow Ball|p1a: Zamazenta
|-resisted|p1a: Zamazenta
|-crit|p1a: Zamazenta
|-activate|p1a: Zamazenta|move: Substitute|[damage]
|
|-heal|p1a: Zamazenta|88/100|[from] item: Leftovers
|upkeep
|turn|65
|inactive|claudechamp has 120 seconds left.
|inactive|hueehuuekkkk has 120 seconds left.
|
|t:|1779852045
|move|p1a: Zamazenta|Iron Defense|p1a: Zamazenta
|-boost|p1a: Zamazenta|def|0
|move|p2a: Pecharunt|Parting Shot|p1a: Zamazenta
|-unboost|p1a: Zamazenta|atk|1
|-unboost|p1a: Zamazenta|spa|1
|
|-heal|p1a: Zamazenta|94/100|[from] item: Leftovers
|upkeep
|turn|66
|inactive|claudechamp has 120 seconds left.
|
|t:|1779852055
|move|p1a: Zamazenta|Iron Defense|p1a: Zamazenta
|-boost|p1a: Zamazenta|def|0
|move|p2a: Pecharunt|Shadow Ball|p1a: Zamazenta
|-resisted|p1a: Zamazenta
|-activate|p1a: Zamazenta|move: Substitute|[damage]
|
|-heal|p1a: Zamazenta|100/100|[from] item: Leftovers
|upkeep
|turn|67
|inactive|claudechamp has 120 seconds left.
|
|t:|1779852068
|switch|p1a: Toxtricity|Toxtricity-Low-Key, M|56/100
|-damage|p1a: Toxtricity|44/100|[from] Stealth Rock
|move|p2a: Pecharunt|Parting Shot|p1a: Toxtricity
|-unboost|p1a: Toxtricity|atk|1
|-unboost|p1a: Toxtricity|spa|1
|
|upkeep
|turn|68
|inactive|claudechamp has 120 seconds left.
|inactive|hueehuuekkkk has 120 seconds left.
|inactive|hueehuuekkkk has 90 seconds left.
|
|t:|1779852109
|move|p1a: Toxtricity|Overdrive|p2a: Pecharunt
|-damage|p2a: Pecharunt|37/100
|move|p2a: Pecharunt|Parting Shot|p1a: Toxtricity
|-unboost|p1a: Toxtricity|atk|1
|-unboost|p1a: Toxtricity|spa|1
|
|upkeep
|turn|69
|inactive|claudechamp has 120 seconds left.
|
|t:|1779852115
|move|p1a: Toxtricity|Overdrive|p2a: Pecharunt
|-damage|p2a: Pecharunt|0 fnt
|faint|p2a: Pecharunt
|
|win|hueehuuekkkk
|raw|hueehuuekkkk's rating: 1233 &rarr; <strong>1257</strong><br />(+24 for winning)
|raw|claudechamp's rating: 1222 &rarr; <strong>1198</strong><br />(-24 for losing)
|c|☆claudechamp|gg
|l|☆claudechamp
|player|p2|
