|j|☆Ti Hee
|j|☆claudechamp
|t:|1779830407
|gametype|singles
|player|p1|Ti Hee|101|1088
|player|p2|claudechamp|265|1137
|gen|9
|tier|[Gen 9] OU
|rated|
|rule|HP Percentage Mod: HP is shown in percentages
|rule|Endless Battle Clause: Forcing endless battles is banned
|rule|Species Clause: Limit one of each Pokémon
|rule|OHKO Clause: OHKO moves are banned
|rule|Evasion Items Clause: Evasion items are banned
|rule|Evasion Moves Clause: Evasion moves are banned
|rule|Evasion Abilities Clause: Evasion abilities are banned
|rule|Sleep Moves Clause: Sleep-inducing moves are banned
|clearpoke
|poke|p1|Indeedee-F, F|
|poke|p1|Diancie|
|poke|p1|Maushold-Four|
|poke|p1|Alcremie-Caramel-Swirl, F|
|poke|p1|Whimsicott, F|
|poke|p1|Salazzle, F|
|poke|p2|Corviknight, F|
|poke|p2|Ting-Lu|
|poke|p2|Kyurem|
|poke|p2|Dondozo, F|
|poke|p2|Slowking-Galar, F|
|poke|p2|Cinderace, M|
|teampreview
|c|☆claudechamp|hf
|inactive|Battle timer is ON: inactive players will automatically lose when time's up. (requested by claudechamp)
|
|t:|1779830412
|teamsize|p1|6
|teamsize|p2|6
|start
|switch|p1a: Salazzle|Salazzle, F|100/100
|switch|p2a: Corviknight|Corviknight, F|100/100
|-ability|p2a: Corviknight|Pressure
|turn|1
|
|t:|1779830421
|move|p1a: Salazzle|Will-O-Wisp|p2a: Corviknight|[miss]
|-miss|p1a: Salazzle|p2a: Corviknight
|move|p2a: Corviknight|Brave Bird|p1a: Salazzle
|-damage|p1a: Salazzle|56/100
|-damage|p2a: Corviknight|89/100|[from] Recoil
|
|upkeep
|turn|2
|-activate|p1a: Salazzle|item: Quick Claw
|
|t:|1779830429
|switch|p2a: Kyurem|Kyurem|100/100
|-ability|p2a: Kyurem|Pressure
|move|p1a: Salazzle|Toxic Spikes|p2a: Kyurem
|-sidestart|p2: claudechamp|move: Toxic Spikes
|
|upkeep
|turn|3
|
|t:|1779830439
|move|p2a: Kyurem|Earth Power|p1a: Salazzle
|-supereffective|p1a: Salazzle
|-damage|p1a: Salazzle|0 fnt
|faint|p1a: Salazzle
|
|upkeep
|
|t:|1779830449
|switch|p1a: Diancie|Diancie|100/100
|turn|4
|
|t:|1779830454
|move|p2a: Kyurem|Freeze-Dry|p1a: Diancie
|-damage|p1a: Diancie|75/100
|-status|p1a: Diancie|frz
|cant|p1a: Diancie|frz
|
|upkeep
|turn|5
|
|t:|1779830463
|move|p2a: Kyurem|Freeze-Dry|p1a: Diancie
|-damage|p1a: Diancie|46/100 frz
|cant|p1a: Diancie|frz
|
|upkeep
|turn|6
|-activate|p1a: Diancie|item: Quick Claw
|
|t:|1779830472
|-curestatus|p1a: Diancie|frz|[from] move: Scorching Sands
|move|p1a: Diancie|Scorching Sands|p2a: Kyurem
|-damage|p2a: Kyurem|81/100
|move|p2a: Kyurem|Freeze-Dry|p1a: Diancie
|-damage|p1a: Diancie|20/100
|
|-heal|p2a: Kyurem|87/100|[from] item: Leftovers
|upkeep
|turn|7
|
|t:|1779830485
|move|p2a: Kyurem|Earth Power|p1a: Diancie
|-supereffective|p1a: Diancie
|-damage|p1a: Diancie|0 fnt
|faint|p1a: Diancie
|
|-heal|p2a: Kyurem|93/100|[from] item: Leftovers
|upkeep
|
|t:|1779830497
|switch|p1a: Willow|Whimsicott, F|100/100
|turn|8
|
|t:|1779830508
|move|p2a: Kyurem|Freeze-Dry|p1a: Willow
|-supereffective|p1a: Willow
|-damage|p1a: Willow|9/100
|move|p1a: Willow|Leech Seed|p2a: Kyurem
|-start|p2a: Kyurem|move: Leech Seed
|
|-heal|p2a: Kyurem|99/100|[from] item: Leftovers
|-heal|p1a: Willow|15/100|[from] item: Leftovers
|-damage|p2a: Kyurem|87/100|[from] Leech Seed|[of] p1a: Willow
|-heal|p1a: Willow|32/100|[silent]
|upkeep
|turn|9
|
|t:|1779830524
|switch|p2a: Slowking|Slowking-Galar, F|100/100
|-sideend|p2: claudechamp|move: Toxic Spikes|[of] p2a: Slowking
|move|p1a: Willow|Giga Drain|p2a: Slowking
|-resisted|p2a: Slowking
|-damage|p2a: Slowking|91/100
|-heal|p1a: Willow|38/100|[from] drain|[of] p2a: Slowking
|
|-heal|p1a: Willow|44/100|[from] item: Leftovers
|upkeep
|turn|10
|
|t:|1779830542
|move|p1a: Willow|Moonblast|p2a: Slowking
|-resisted|p2a: Slowking
|-damage|p2a: Slowking|80/100
|move|p2a: Slowking|Sludge Bomb|p1a: Willow
|-supereffective|p1a: Willow
|-damage|p1a: Willow|0 fnt
|faint|p1a: Willow
|
|upkeep
|
|t:|1779830551
|switch|p1a: Indeedee|Indeedee-F, F|100/100
|turn|11
|
|t:|1779830555
|move|p1a: Indeedee|Psychic|p2a: Slowking
|-damage|p2a: Slowking|46/100
|move|p2a: Slowking|Sludge Bomb|p1a: Indeedee
|-damage|p1a: Indeedee|58/100
|
|upkeep
|turn|12
|
|t:|1779830568
|switch|p2a: Ting-Lu|Ting-Lu|100/100
|-ability|p2a: Ting-Lu|Vessel of Ruin
|move|p1a: Indeedee|Metronome|p1a: Indeedee
|move|p1a: Indeedee|Psyshield Bash|p2a: Ting-Lu|[from] move: Metronome
|-immune|p2a: Ting-Lu
|
|upkeep
|turn|13
|
|t:|1779830577
|move|p1a: Indeedee|Metronome|p1a: Indeedee
|move|p1a: Indeedee|Rapid Spin|p2a: Ting-Lu|[from] move: Metronome
|-damage|p2a: Ting-Lu|96/100
|-boost|p1a: Indeedee|spe|1
|move|p2a: Ting-Lu|Earthquake|p1a: Indeedee
|-damage|p1a: Indeedee|0 fnt
|faint|p1a: Indeedee
|
|-heal|p2a: Ting-Lu|100/100|[from] item: Leftovers
|upkeep
|
|t:|1779830589
|switch|p1a: Clarabelle|Alcremie-Caramel-Swirl, F|100/100
|turn|14
|-activate|p1a: Clarabelle|item: Quick Claw
|
|t:|1779830596
|move|p1a: Clarabelle|Sweet Kiss|p2a: Ting-Lu
|-start|p2a: Ting-Lu|confusion
|-activate|p2a: Ting-Lu|confusion
|move|p2a: Ting-Lu|Earthquake|p1a: Clarabelle
|-damage|p1a: Clarabelle|54/100
|
|upkeep
|turn|15
|
|t:|1779830609
|move|p1a: Clarabelle|Giga Drain|p2a: Ting-Lu
|-supereffective|p2a: Ting-Lu
|-damage|p2a: Ting-Lu|81/100
|-heal|p1a: Clarabelle|70/100|[from] drain|[of] p2a: Ting-Lu
|-activate|p2a: Ting-Lu|confusion
|move|p2a: Ting-Lu|Earthquake|p1a: Clarabelle
|-damage|p1a: Clarabelle|27/100
|
|-heal|p2a: Ting-Lu|87/100|[from] item: Leftovers
|upkeep
|turn|16
|
|t:|1779830629
|move|p1a: Clarabelle|Giga Drain|p2a: Ting-Lu
|-supereffective|p2a: Ting-Lu
|-damage|p2a: Ting-Lu|67/100
|-heal|p1a: Clarabelle|44/100|[from] drain|[of] p2a: Ting-Lu
|-activate|p2a: Ting-Lu|confusion
|-damage|p2a: Ting-Lu|61/100|[from] confusion
|
|-heal|p2a: Ting-Lu|67/100|[from] item: Leftovers
|upkeep
|turn|17
|-activate|p1a: Clarabelle|item: Quick Claw
|
|t:|1779830644
|switch|p2a: Slowking|Slowking-Galar, F|79/100
|move|p1a: Clarabelle|Draining Kiss|p2a: Slowking
|-resisted|p2a: Slowking
|-damage|p2a: Slowking|70/100
|-heal|p1a: Clarabelle|52/100|[from] drain|[of] p2a: Slowking
|
|upkeep
|turn|18
|
|t:|1779830655
|switch|p1a: Maushold|Maushold-Four, shiny|100/100
|move|p2a: Slowking|Sludge Bomb|p1a: Maushold
|-damage|p1a: Maushold|57/100
|
|upkeep
|turn|19
|
|t:|1779830666
|move|p1a: Maushold|Population Bomb|p2a: Slowking
|-damage|p2a: Slowking|65/100
|-damage|p2a: Slowking|60/100
|-damage|p2a: Slowking|55/100
|-damage|p2a: Slowking|50/100
|-damage|p2a: Slowking|46/100
|-damage|p2a: Slowking|41/100
|-damage|p2a: Slowking|36/100
|-damage|p2a: Slowking|31/100
|-damage|p2a: Slowking|26/100
|-damage|p2a: Slowking|22/100
|-hitcount|p2a: Slowking|10
|move|p2a: Slowking|Sludge Bomb|p1a: Maushold
|-damage|p1a: Maushold|17/100
|
|upkeep
|turn|20
|
|t:|1779830686
|switch|p2a: Cinderace|Cinderace, M|100/100
|move|p1a: Maushold|Play Rough|p2a: Cinderace
|-resisted|p2a: Cinderace
|-damage|p2a: Cinderace|90/100
|-unboost|p2a: Cinderace|atk|1
|
|upkeep
|turn|21
|
|t:|1779830699
|move|p2a: Cinderace|Pyro Ball|p1a: Maushold
|-damage|p1a: Maushold|0 fnt
|faint|p1a: Maushold
|
|upkeep
|
|t:|1779830704
|switch|p1a: Clarabelle|Alcremie-Caramel-Swirl, F|52/100
|turn|22
|
|t:|1779830711
|-terastallize|p2a: Cinderace|Fire
|move|p2a: Cinderace|Pyro Ball|p1a: Clarabelle
|-damage|p1a: Clarabelle|6/100
|move|p1a: Clarabelle|Sweet Kiss|p2a: Cinderace
|-start|p2a: Cinderace|confusion
|
|upkeep
|turn|23
|
|t:|1779830720
|switch|p2a: Corviknight|Corviknight, F|89/100
|-ability|p2a: Corviknight|Pressure
|move|p1a: Clarabelle|Draining Kiss|p2a: Corviknight
|-resisted|p2a: Corviknight
|-damage|p2a: Corviknight|78/100
|-heal|p1a: Clarabelle|17/100|[from] drain|[of] p2a: Corviknight
|-damage|p1a: Clarabelle|1/100|[from] item: Rocky Helmet|[of] p2a: Corviknight
|
|upkeep
|turn|24
|
|t:|1779830731
|move|p2a: Corviknight|U-turn|p1a: Clarabelle
|-resisted|p1a: Clarabelle
|-damage|p1a: Clarabelle|0 fnt
|faint|p1a: Clarabelle
|
|win|claudechamp
|raw|Ti Hee's rating: 1088 &rarr; <strong>1069</strong><br />(-19 for losing)
|raw|claudechamp's rating: 1156 &rarr; <strong>1176</strong><br />(+20 for winning)
|c|☆claudechamp|gg
|l|☆Ti Hee
|player|p1|
