|j|☆Miaw Gedhe
|j|‽ChudleyDw1irks67
|t:|1779799660
|gametype|singles
|player|p1|Miaw Gedhe|cynthia|1073
|player|p2|ChudleyDw1irks67|pokefan-gen4|1117
|gen|9
|tier|[Gen 9] OU
|rated|
|rule|HP Percentage Mod: HP is shown in percentages
|rule|Endless Battle Clause: Forcing endless battles is banned
|rule|Species Clause: Limit one of each Pokémon
|rule|OHKO Clause: OHKO moves are banned
|rule|Evasion Items Clause: Evasion items are banned
|rule|Evasion Moves Clause: Evasion moves are banned
|rule|Evasion Abilities Clause: Evasion abilities are banned
|rule|Sleep Moves Clause: Sleep-inducing moves are banned
|clearpoke
|poke|p1|Great Tusk|
|poke|p1|Gholdengo|
|poke|p1|Dragapult, M|
|poke|p1|Kingambit, M|
|poke|p1|Samurott-Hisui, F|
|poke|p1|Heatran, M|
|poke|p2|Exeggutor-Alola, M|
|poke|p2|Slowking-Galar, M|
|poke|p2|Torkoal, M|
|poke|p2|Ursaluna, F|
|poke|p2|Hatterene, F|
|poke|p2|Great Tusk|
|teampreview
|
|t:|1779799692
|teamsize|p1|6
|teamsize|p2|6
|start
|switch|p1a: Samurott|Samurott-Hisui, F, shiny|100/100
|switch|p2a: Slowking|Slowking-Galar, M|100/100
|turn|1
|
|t:|1779799701
|move|p1a: Samurott|Ceaseless Edge|p2a: Slowking
|-supereffective|p2a: Slowking
|-damage|p2a: Slowking|35/100
|-sidestart|p2: ChudleyDw1irks67|Spikes
|-prepare|p2a: Slowking|Chilly Reception|[premajor]
|move|p2a: Slowking|Chilly Reception|p2a: Slowking
|-weather|Snowscape
|
|t:|1779799716
|switch|p2a: Exeggutor|Exeggutor-Alola, M|100/100|[from] Chilly Reception
|-damage|p2a: Exeggutor|88/100|[from] Spikes
|
|-weather|Snowscape|[upkeep]
|upkeep
|turn|2
|
|t:|1779799754
|switch|p1a: Heatran|Heatran, M|100/100
|move|p2a: Exeggutor|Giga Drain|p1a: Heatran
|-resisted|p1a: Heatran
|-crit|p1a: Heatran
|-damage|p1a: Heatran|92/100
|-heal|p2a: Exeggutor|92/100|[from] drain|[of] p1a: Heatran
|
|-weather|Snowscape|[upkeep]
|-heal|p1a: Heatran|98/100|[from] item: Leftovers
|upkeep
|turn|3
|
|t:|1779799779
|switch|p2a: Hatterene|Hatterene, F|100/100
|-damage|p2a: Hatterene|88/100|[from] Spikes
|move|p1a: Heatran|Magma Storm|p2a: Hatterene|[miss]
|-miss|p1a: Heatran|p2a: Hatterene
|
|-weather|Snowscape|[upkeep]
|-heal|p1a: Heatran|100/100|[from] item: Leftovers
|-heal|p2a: Hatterene|94/100|[from] item: Leftovers
|upkeep
|turn|4
|
|t:|1779799791
|move|p1a: Heatran|Taunt|p2a: Hatterene
|move|p2a: Hatterene|Taunt|p1a: Heatran|[from] ability: Magic Bounce
|-start|p1a: Heatran|move: Taunt
|move|p2a: Hatterene|Draining Kiss|p1a: Heatran
|-resisted|p1a: Heatran
|-damage|p1a: Heatran|97/100
|-heal|p2a: Hatterene|98/100|[from] drain|[of] p1a: Heatran
|
|-weather|Snowscape|[upkeep]
|-heal|p1a: Heatran|100/100|[from] item: Leftovers
|-heal|p2a: Hatterene|100/100|[from] item: Leftovers
|upkeep
|turn|5
|inactive|Battle timer is ON: inactive players will automatically lose when time's up. (requested by ChudleyDw1irks67)
|
|t:|1779799823
|move|p1a: Heatran|Earth Power|p2a: Hatterene
|-damage|p2a: Hatterene|79/100
|move|p2a: Hatterene|Trick Room|p2a: Hatterene
|-fieldstart|move: Trick Room|[of] p2a: Hatterene
|
|-weather|none
|-heal|p2a: Hatterene|85/100|[from] item: Leftovers
|upkeep
|turn|6
|
|t:|1779799839
|switch|p2a: Ursaluna|Ursaluna, F|100/100
|-damage|p2a: Ursaluna|88/100|[from] Spikes
|move|p1a: Heatran|Magma Storm|p2a: Ursaluna
|-damage|p2a: Ursaluna|50/100
|-activate|p2a: Ursaluna|move: Magma Storm|[of] p1a: Heatran
|
|-damage|p2a: Ursaluna|37/100|[from] move: Magma Storm|[partiallytrapped]
|-status|p2a: Ursaluna|brn|[from] item: Flame Orb
|upkeep
|turn|7
|
|t:|1779799853
|move|p2a: Ursaluna|Headlong Rush|p1a: Heatran
|-supereffective|p1a: Heatran
|-damage|p1a: Heatran|0 fnt
|-unboost|p2a: Ursaluna|def|1
|-unboost|p2a: Ursaluna|spd|1
|faint|p1a: Heatran
|
|-damage|p2a: Ursaluna|31/100 brn|[from] brn
|-end|p2a: Ursaluna|Magma Storm|[partiallytrapped]|[silent]
|upkeep
|
|t:|1779799872
|switch|p1a: Kingambit|Kingambit, M, shiny|100/100
|-activate|p1a: Kingambit|ability: Supreme Overlord
|-start|p1a: Kingambit|fallen1|[silent]
|turn|8
|
|t:|1779799879
|move|p1a: Kingambit|Sucker Punch|p2a: Ursaluna
|-damage|p2a: Ursaluna|0 fnt
|faint|p2a: Ursaluna
|
|upkeep
|
|t:|1779799894
|switch|p2a: Hatterene|Hatterene, F|85/100
|-damage|p2a: Hatterene|73/100|[from] Spikes
|turn|9
|
|t:|1779799914
|-terastallize|p2a: Hatterene|Steel
|move|p2a: Hatterene|Draining Kiss|p1a: Kingambit
|-damage|p1a: Kingambit|78/100
|-heal|p2a: Hatterene|94/100|[from] drain|[of] p1a: Kingambit
|move|p1a: Kingambit|Iron Head|p2a: Hatterene
|-resisted|p2a: Hatterene
|-damage|p2a: Hatterene|64/100
|
|-heal|p2a: Hatterene|70/100|[from] item: Leftovers
|-fieldend|move: Trick Room
|upkeep
|turn|10
|inactive|Miaw Gedhe has 120 seconds left.
|
|t:|1779799930
|move|p1a: Kingambit|Kowtow Cleave|p2a: Hatterene
|-damage|p2a: Hatterene|2/100
|move|p2a: Hatterene|Draining Kiss|p1a: Kingambit
|-damage|p1a: Kingambit|57/100
|-heal|p2a: Hatterene|22/100|[from] drain|[of] p1a: Kingambit
|
|-heal|p2a: Hatterene|28/100|[from] item: Leftovers
|upkeep
|turn|11
|inactive|Miaw Gedhe has 120 seconds left.
|
|t:|1779799942
|switch|p2a: Great Tusk|Great Tusk|100/100
|-damage|p2a: Great Tusk|88/100|[from] Spikes
|move|p1a: Kingambit|Kowtow Cleave|p2a: Great Tusk
|-resisted|p2a: Great Tusk
|-damage|p2a: Great Tusk|66/100
|
|upkeep
|turn|12
|inactive|Miaw Gedhe has 120 seconds left.
|
|t:|1779799965
|-end|p1a: Kingambit|fallen1|[silent]
|switch|p1a: Dragapult|Dragapult, M|100/100
|move|p2a: Great Tusk|Headlong Rush|p1a: Dragapult
|-damage|p1a: Dragapult|0 fnt
|-unboost|p2a: Great Tusk|def|1
|-unboost|p2a: Great Tusk|spd|1
|faint|p1a: Dragapult
|
|upkeep
|
|t:|1779799980
|switch|p1a: Samurott|Samurott-Hisui, F, shiny|100/100
|turn|13
|
|t:|1779799991
|-end|p2a: Great Tusk|Protosynthesis|[silent]
|switch|p2a: Hatterene|Hatterene, F, tera:Steel|28/100
|-damage|p2a: Hatterene|16/100|[from] Spikes
|move|p1a: Samurott|Aqua Jet|p2a: Hatterene
|-crit|p2a: Hatterene
|-damage|p2a: Hatterene|0 fnt
|faint|p2a: Hatterene
|
|upkeep
|
|t:|1779799999
|switch|p2a: Exeggutor|Exeggutor-Alola, M|92/100
|-damage|p2a: Exeggutor|80/100|[from] Spikes
|turn|14
|
|t:|1779800018
|switch|p1a: Gholdengo|Gholdengo|100/100
|-item|p1a: Gholdengo|Air Balloon
|move|p2a: Exeggutor|Giga Drain|p1a: Gholdengo
|-resisted|p1a: Gholdengo
|-damage|p1a: Gholdengo|75/100
|-heal|p2a: Exeggutor|90/100|[from] drain|[of] p1a: Gholdengo
|-enditem|p1a: Gholdengo|Air Balloon
|
|upkeep
|turn|15
|
|t:|1779800034
|move|p1a: Gholdengo|Make It Rain|p2a: Exeggutor
|-damage|p2a: Exeggutor|23/100
|-unboost|p1a: Gholdengo|spa|1
|-enditem|p2a: Exeggutor|Sitrus Berry|[eat]
|-heal|p2a: Exeggutor|48/100|[from] item: Sitrus Berry
|move|p2a: Exeggutor|Flamethrower|p1a: Gholdengo
|-supereffective|p1a: Gholdengo
|-damage|p1a: Gholdengo|1/100
|
|upkeep
|turn|16
|
|t:|1779800048
|switch|p2a: Torkoal|Torkoal, M|100/100
|-damage|p2a: Torkoal|88/100|[from] Spikes
|-weather|SunnyDay|[from] ability: Drought|[of] p2a: Torkoal
|move|p1a: Gholdengo|Make It Rain|p2a: Torkoal
|-resisted|p2a: Torkoal
|-damage|p2a: Torkoal|60/100
|-unboost|p1a: Gholdengo|spa|1
|
|-weather|SunnyDay|[upkeep]
|upkeep
|turn|17
|
|t:|1779800066
|move|p1a: Gholdengo|Shadow Ball|p2a: Torkoal
|-damage|p2a: Torkoal|32/100
|move|p2a: Torkoal|Solar Beam||[still]
|-prepare|p2a: Torkoal|Solar Beam
|-anim|p2a: Torkoal|Solar Beam|p1a: Gholdengo
|-resisted|p1a: Gholdengo
|-damage|p1a: Gholdengo|0 fnt
|faint|p1a: Gholdengo
|
|-weather|SunnyDay|[upkeep]
|upkeep
|inactive|Miaw Gedhe has 90 seconds left.
|
|t:|1779800078
|switch|p1a: Great Tusk|Great Tusk|100/100
|-activate|p1a: Great Tusk|ability: Protosynthesis
|-start|p1a: Great Tusk|protosynthesisdef
|turn|18
|inactive|Miaw Gedhe has 90 seconds left.
|
|t:|1779800088
|move|p1a: Great Tusk|Knock Off|p2a: Torkoal
|-damage|p2a: Torkoal|9/100
|-enditem|p2a: Torkoal|Heat Rock|[from] move: Knock Off|[of] p1a: Great Tusk
|move|p2a: Torkoal|Rapid Spin|p1a: Great Tusk
|-damage|p1a: Great Tusk|97/100
|-boost|p2a: Torkoal|spe|1
|-sideend|p2: ChudleyDw1irks67|Spikes|[from] move: Rapid Spin|[of] p2a: Torkoal
|
|-weather|SunnyDay|[upkeep]
|-heal|p1a: Great Tusk|100/100|[from] item: Leftovers
|upkeep
|turn|19
|
|t:|1779800097
|move|p1a: Great Tusk|Knock Off|p2a: Torkoal
|-damage|p2a: Torkoal|0 fnt
|faint|p2a: Torkoal
|
|-weather|SunnyDay|[upkeep]
|upkeep
|
|t:|1779800106
|switch|p2a: Great Tusk|Great Tusk|66/100
|-activate|p2a: Great Tusk|ability: Protosynthesis
|-start|p2a: Great Tusk|protosynthesisatk
|turn|20
|
|t:|1779800119
|move|p2a: Great Tusk|Close Combat|p1a: Great Tusk
|-damage|p1a: Great Tusk|48/100
|-unboost|p2a: Great Tusk|def|1
|-unboost|p2a: Great Tusk|spd|1
|move|p1a: Great Tusk|Knock Off|p2a: Great Tusk
|-resisted|p2a: Great Tusk
|-damage|p2a: Great Tusk|52/100
|-enditem|p2a: Great Tusk|Choice Band|[from] move: Knock Off|[of] p1a: Great Tusk
|
|-weather|SunnyDay|[upkeep]
|-heal|p1a: Great Tusk|54/100|[from] item: Leftovers
|upkeep
|turn|21
|inactive|Miaw Gedhe has 90 seconds left.
|
|t:|1779800150
|-end|p2a: Great Tusk|Protosynthesis|[silent]
|switch|p2a: Exeggutor|Exeggutor-Alola, M|48/100
|move|p1a: Great Tusk|Rapid Spin|p2a: Exeggutor
|-damage|p2a: Exeggutor|35/100
|-boost|p1a: Great Tusk|spe|1
|
|-weather|SunnyDay|[upkeep]
|-heal|p1a: Great Tusk|60/100|[from] item: Leftovers
|-item|p2a: Exeggutor|Sitrus Berry|[from] ability: Harvest
|upkeep
|-enditem|p2a: Exeggutor|Sitrus Berry|[eat]
|-heal|p2a: Exeggutor|59/100|[from] item: Sitrus Berry
|turn|22
|
|t:|1779800175
|-end|p1a: Great Tusk|Protosynthesis|[silent]
|switch|p1a: Kingambit|Kingambit, M, shiny|57/100
|-activate|p1a: Kingambit|ability: Supreme Overlord
|-start|p1a: Kingambit|fallen3|[silent]
|move|p2a: Exeggutor|Giga Drain|p1a: Kingambit
|-resisted|p1a: Kingambit
|-damage|p1a: Kingambit|35/100
|-heal|p2a: Exeggutor|71/100|[from] drain|[of] p1a: Kingambit
|
|-weather|SunnyDay|[upkeep]
|-item|p2a: Exeggutor|Sitrus Berry|[from] ability: Harvest
|upkeep
|turn|23
|
|t:|1779800193
|move|p1a: Kingambit|Kowtow Cleave|p2a: Exeggutor
|-damage|p2a: Exeggutor|0 fnt
|faint|p2a: Exeggutor
|
|-weather|none
|upkeep
|
|t:|1779800197
|switch|p2a: Great Tusk|Great Tusk|52/100
|turn|24
|
|t:|1779800210
|move|p1a: Kingambit|Sucker Punch|p2a: Great Tusk
|-resisted|p2a: Great Tusk
|-damage|p2a: Great Tusk|28/100
|move|p2a: Great Tusk|Close Combat|p1a: Kingambit
|-supereffective|p1a: Kingambit
|-damage|p1a: Kingambit|0 fnt
|-unboost|p2a: Great Tusk|def|1
|-unboost|p2a: Great Tusk|spd|1
|faint|p1a: Kingambit
|-end|p1a: Kingambit|fallen3|[silent]
|
|upkeep
|
|t:|1779800220
|switch|p1a: Samurott|Samurott-Hisui, F, shiny|100/100
|turn|25
|
|t:|1779800232
|-end|p2a: Great Tusk|Protosynthesis|[silent]
|switch|p2a: Slowking|Slowking-Galar, M|68/100
|move|p1a: Samurott|Razor Shell|p2a: Slowking
|-damage|p2a: Slowking|29/100
|-unboost|p2a: Slowking|def|1
|
|-heal|p2a: Slowking|35/100|[from] item: Leftovers
|upkeep
|turn|26
|
|t:|1779800243
|move|p1a: Samurott|Ceaseless Edge|p2a: Slowking
|-supereffective|p2a: Slowking
|-damage|p2a: Slowking|0 fnt
|-sidestart|p2: ChudleyDw1irks67|Spikes
|faint|p2a: Slowking
|
|upkeep
|
|t:|1779800246
|switch|p2a: Great Tusk|Great Tusk|28/100
|-damage|p2a: Great Tusk|15/100|[from] Spikes
|turn|27
|
|t:|1779800251
|move|p1a: Samurott|Aqua Jet|p2a: Great Tusk
|-supereffective|p2a: Great Tusk
|-damage|p2a: Great Tusk|0 fnt
|faint|p2a: Great Tusk
|-end|p2a: Great Tusk|Protosynthesis|[silent]
|
|win|Miaw Gedhe
|raw|Miaw Gedhe's rating: 1073 &rarr; <strong>1106</strong><br />(+33 for winning)
|raw|ChudleyDw1irks67's rating: 1117 &rarr; <strong>1089</strong><br />(-28 for losing)
|l|‽ChudleyDw1irks67
|player|p2|
|l|☆Miaw Gedhe
|player|p1|
