|j|☆jbrunson
|j|‽Dragavian NTK
|t:|1779956341
|gametype|singles
|player|p1|jbrunson|buck|1417
|player|p2|Dragavian NTK|nurse|1365
|gen|9
|tier|[Gen 9] OU
|rated|
|rule|HP Percentage Mod: HP is shown in percentages
|rule|Endless Battle Clause: Forcing endless battles is banned
|rule|Species Clause: Limit one of each Pokémon
|rule|OHKO Clause: OHKO moves are banned
|rule|Evasion Items Clause: Evasion items are banned
|rule|Evasion Moves Clause: Evasion moves are banned
|rule|Evasion Abilities Clause: Evasion abilities are banned
|rule|Sleep Moves Clause: Sleep-inducing moves are banned
|clearpoke
|poke|p1|Iron Moth|
|poke|p1|Gliscor, F|
|poke|p1|Hatterene, F|
|poke|p1|Ogerpon-Wellspring, F|
|poke|p1|Raging Bolt|
|poke|p1|Zamazenta-*|
|poke|p2|Pelipper, F|
|poke|p2|Zapdos|
|poke|p2|Landorus-Therian, M|
|poke|p2|Raging Bolt|
|poke|p2|Kingdra, F|
|poke|p2|Grimmsnarl, M|
|teampreview
|
|t:|1779956348
|teamsize|p1|6
|teamsize|p2|6
|start
|switch|p1a: Zamazenta|Zamazenta|100/100
|switch|p2a: Landorus|Landorus-Therian, M|100/100
|-ability|p1a: Zamazenta|Dauntless Shield|boost
|-boost|p1a: Zamazenta|def|1
|-ability|p2a: Landorus|Intimidate|boost
|-unboost|p1a: Zamazenta|atk|1
|turn|1
|
|t:|1779956356
|move|p1a: Zamazenta|Reflect|p1a: Zamazenta
|-sidestart|p1: jbrunson|Reflect
|move|p2a: Landorus|Stealth Rock|p1a: Zamazenta
|-sidestart|p1: jbrunson|move: Stealth Rock
|
|upkeep
|turn|2
|
|t:|1779956363
|move|p1a: Zamazenta|Light Screen|p1a: Zamazenta
|-sidestart|p1: jbrunson|move: Light Screen
|move|p2a: Landorus|U-turn|p1a: Zamazenta
|-resisted|p1a: Zamazenta
|-damage|p1a: Zamazenta|97/100
|
|t:|1779956367
|switch|p2a: Pelipper|Pelipper, F|100/100|[from] U-turn
|-weather|RainDance|[from] ability: Drizzle|[of] p2a: Pelipper
|
|-weather|RainDance|[upkeep]
|upkeep
|turn|3
|
|t:|1779956393
|switch|p1a: Hatterene|Hatterene, F|100/100
|-damage|p1a: Hatterene|88/100|[from] Stealth Rock
|move|p2a: Pelipper|U-turn|p1a: Hatterene
|-damage|p1a: Hatterene|85/100
|
|t:|1779956402
|switch|p2a: Zapdos|Zapdos|100/100|[from] U-turn
|
|-weather|RainDance|[upkeep]
|-heal|p1a: Hatterene|91/100|[from] item: Leftovers
|upkeep
|turn|4
|
|t:|1779956410
|move|p2a: Zapdos|Thunder|p1a: Hatterene
|-damage|p1a: Hatterene|59/100
|move|p1a: Hatterene|Calm Mind|p1a: Hatterene
|-boost|p1a: Hatterene|spa|1
|-boost|p1a: Hatterene|spd|1
|
|-weather|RainDance|[upkeep]
|-heal|p1a: Hatterene|65/100|[from] item: Leftovers
|upkeep
|turn|5
|
|t:|1779956416
|move|p2a: Zapdos|Hurricane|p1a: Hatterene
|-damage|p1a: Hatterene|47/100
|-start|p1a: Hatterene|confusion
|-activate|p1a: Hatterene|confusion
|move|p1a: Hatterene|Draining Kiss|p2a: Zapdos
|-damage|p2a: Zapdos|64/100
|-heal|p1a: Hatterene|74/100|[from] drain|[of] p2a: Zapdos
|
|-weather|RainDance|[upkeep]
|-heal|p1a: Hatterene|80/100|[from] item: Leftovers
|upkeep
|turn|6
|
|t:|1779956431
|move|p2a: Zapdos|Weather Ball|p1a: Hatterene
|-damage|p1a: Hatterene|61/100
|-end|p1a: Hatterene|confusion
|move|p1a: Hatterene|Calm Mind|p1a: Hatterene
|-boost|p1a: Hatterene|spa|1
|-boost|p1a: Hatterene|spd|1
|
|-weather|RainDance|[upkeep]
|-heal|p1a: Hatterene|67/100|[from] item: Leftovers
|upkeep
|turn|7
|
|t:|1779956438
|move|p2a: Zapdos|Thunder|p1a: Hatterene
|-damage|p1a: Hatterene|52/100
|move|p1a: Hatterene|Draining Kiss|p2a: Zapdos
|-damage|p2a: Zapdos|15/100
|-heal|p1a: Hatterene|89/100|[from] drain|[of] p2a: Zapdos
|-status|p1a: Hatterene|par|[from] ability: Static|[of] p2a: Zapdos
|
|-weather|RainDance|[upkeep]
|-heal|p1a: Hatterene|95/100 par|[from] item: Leftovers
|upkeep
|turn|8
|
|t:|1779956445
|move|p2a: Zapdos|Thunder|p1a: Hatterene
|-damage|p1a: Hatterene|80/100 par
|move|p1a: Hatterene|Draining Kiss|p2a: Zapdos
|-damage|p2a: Zapdos|0 fnt
|-heal|p1a: Hatterene|90/100 par|[from] drain|[of] p2a: Zapdos
|faint|p2a: Zapdos
|
|-weather|RainDance|[upkeep]
|-heal|p1a: Hatterene|96/100 par|[from] item: Leftovers
|-sideend|p1: jbrunson|Reflect
|upkeep
|
|t:|1779956457
|switch|p2a: Landorus|Landorus-Therian, M|100/100
|-ability|p2a: Landorus|Intimidate|boost
|-unboost|p1a: Hatterene|atk|1
|turn|9
|
|t:|1779956462
|move|p2a: Landorus|Taunt|p1a: Hatterene
|move|p1a: Hatterene|Taunt|p2a: Landorus|[from] ability: Magic Bounce
|-start|p2a: Landorus|move: Taunt
|move|p1a: Hatterene|Stored Power|p2a: Landorus
|-damage|p2a: Landorus|0 fnt
|faint|p2a: Landorus
|
|-weather|none
|-heal|p1a: Hatterene|100/100 par|[from] item: Leftovers
|-sideend|p1: jbrunson|move: Light Screen
|upkeep
|
|t:|1779956472
|switch|p2a: Grimmsnarl|Grimmsnarl, M|100/100
|turn|10
|
|t:|1779956479
|move|p2a: Grimmsnarl|Parting Shot|p1a: Hatterene
|move|p1a: Hatterene|Parting Shot|p2a: Grimmsnarl|[from] ability: Magic Bounce
|-unboost|p2a: Grimmsnarl|atk|1
|-unboost|p2a: Grimmsnarl|spa|1
|
|t:|1779956486
|switch|p1a: Zamazenta|Zamazenta|97/100|[from] Parting Shot
|-damage|p1a: Zamazenta|91/100|[from] Stealth Rock
|
|upkeep
|turn|11
|
|t:|1779956492
|move|p2a: Grimmsnarl|Thunder Wave|p1a: Zamazenta
|-status|p1a: Zamazenta|par
|cant|p1a: Zamazenta|par
|
|upkeep
|turn|12
|
|t:|1779956497
|move|p2a: Grimmsnarl|Parting Shot|p1a: Zamazenta
|-unboost|p1a: Zamazenta|atk|1
|-unboost|p1a: Zamazenta|spa|1
|
|t:|1779956500
|switch|p2a: Pelipper|Pelipper, F|100/100|[from] Parting Shot
|-weather|RainDance|[from] ability: Drizzle|[of] p2a: Pelipper
|cant|p1a: Zamazenta|par
|
|-weather|RainDance|[upkeep]
|upkeep
|turn|13
|
|t:|1779956507
|cant|p1a: Zamazenta|par
|move|p2a: Pelipper|Hurricane|p1a: Zamazenta
|-supereffective|p1a: Zamazenta
|-damage|p1a: Zamazenta|12/100 par
|
|-weather|RainDance|[upkeep]
|upkeep
|turn|14
|
|t:|1779956517
|move|p1a: Zamazenta|Reflect|p1a: Zamazenta
|-sidestart|p1: jbrunson|Reflect
|move|p2a: Pelipper|Hurricane|p1a: Zamazenta
|-supereffective|p1a: Zamazenta
|-damage|p1a: Zamazenta|0 fnt
|faint|p1a: Zamazenta
|
|-weather|RainDance|[upkeep]
|upkeep
|
|t:|1779956530
|switch|p1a: Gliscor|Gliscor, F|100/100
|-damage|p1a: Gliscor|88/100|[from] Stealth Rock
|turn|15
|
|t:|1779956534
|-terastallize|p1a: Gliscor|Normal
|move|p1a: Gliscor|Agility|p1a: Gliscor
|-boost|p1a: Gliscor|spe|2
|move|p2a: Pelipper|Weather Ball|p1a: Gliscor
|-damage|p1a: Gliscor|10/100
|
|-weather|RainDance|[upkeep]
|-status|p1a: Gliscor|tox|[from] item: Toxic Orb
|upkeep
|turn|16
|
|t:|1779956547
|move|p1a: Gliscor|Facade|p2a: Pelipper
|-damage|p2a: Pelipper|34/100
|move|p2a: Pelipper|Weather Ball|p1a: Gliscor
|-damage|p1a: Gliscor|0 fnt
|faint|p1a: Gliscor
|
|-weather|RainDance|[upkeep]
|upkeep
|
|t:|1779956558
|switch|p1a: Ogerpon|Ogerpon-Wellspring, F|100/100
|-damage|p1a: Ogerpon|88/100|[from] Stealth Rock
|turn|17
|
|t:|1779956561
|move|p1a: Ogerpon|Ivy Cudgel|p2a: Pelipper|[anim] Ivy Cudgel Water
|-resisted|p2a: Pelipper
|-damage|p2a: Pelipper|0 fnt
|faint|p2a: Pelipper
|
|-weather|RainDance|[upkeep]
|upkeep
|
|t:|1779956566
|switch|p2a: Kingdra|Kingdra, F|100/100
|turn|18
|
|t:|1779956576
|move|p2a: Kingdra|Draco Meteor|p1a: Ogerpon
|-damage|p1a: Ogerpon|12/100
|-unboost|p2a: Kingdra|spa|2
|move|p1a: Ogerpon|Trailblaze|p2a: Kingdra
|-damage|p2a: Kingdra|64/100
|-boost|p1a: Ogerpon|spe|1
|
|-weather|RainDance|[upkeep]
|upkeep
|turn|19
|
|t:|1779956586
|move|p2a: Kingdra|Ice Beam|p1a: Ogerpon
|-damage|p1a: Ogerpon|0 fnt
|faint|p1a: Ogerpon
|
|-weather|none
|upkeep
|
|t:|1779956598
|switch|p1a: Raging Bolt|Raging Bolt|100/100
|-damage|p1a: Raging Bolt|88/100|[from] Stealth Rock
|-enditem|p1a: Raging Bolt|Booster Energy
|-activate|p1a: Raging Bolt|ability: Protosynthesis|[fromitem]
|-start|p1a: Raging Bolt|protosynthesisspa
|turn|20
|
|t:|1779956605
|move|p2a: Kingdra|Ice Beam|p1a: Raging Bolt
|-supereffective|p1a: Raging Bolt
|-damage|p1a: Raging Bolt|61/100
|-status|p1a: Raging Bolt|frz
|cant|p1a: Raging Bolt|frz
|
|upkeep
|turn|21
|
|t:|1779956616
|-end|p1a: Raging Bolt|Protosynthesis|[silent]
|switch|p1a: Iron Moth|Iron Moth|100/100
|-damage|p1a: Iron Moth|76/100|[from] Stealth Rock
|-enditem|p1a: Iron Moth|Booster Energy
|-activate|p1a: Iron Moth|ability: Quark Drive|[fromitem]
|-start|p1a: Iron Moth|quarkdrivespe
|move|p2a: Kingdra|Focus Energy|p2a: Kingdra
|-start|p2a: Kingdra|move: Focus Energy
|
|-sideend|p1: jbrunson|Reflect
|upkeep
|turn|22
|
|t:|1779956627
|move|p1a: Iron Moth|Sludge Wave|p2a: Kingdra
|-damage|p2a: Kingdra|2/100
|move|p2a: Kingdra|Draco Meteor|p1a: Iron Moth
|-crit|p1a: Iron Moth
|-damage|p1a: Iron Moth|0 fnt
|-unboost|p2a: Kingdra|spa|2
|faint|p1a: Iron Moth
|-end|p1a: Iron Moth|Quark Drive|[silent]
|
|upkeep
|-message|jbrunson forfeited.
|
|win|Dragavian NTK
|raw|jbrunson's rating: 1417 &rarr; <strong>1394</strong><br />(-23 for losing)
|raw|Dragavian NTK's rating: 1365 &rarr; <strong>1388</strong><br />(+23 for winning)
|l|☆jbrunson
|player|p1|
|l|‽Dragavian NTK
|player|p2|
