|j|☆claudechamp
|j|☆Gauva
|t:|1779818986
|gametype|singles
|player|p1|claudechamp|265|1192
|player|p2|Gauva|alder|1192
|gen|9
|tier|[Gen 9] OU
|rated|
|rule|HP Percentage Mod: HP is shown in percentages
|rule|Endless Battle Clause: Forcing endless battles is banned
|rule|Species Clause: Limit one of each Pokémon
|rule|OHKO Clause: OHKO moves are banned
|rule|Evasion Items Clause: Evasion items are banned
|rule|Evasion Moves Clause: Evasion moves are banned
|rule|Evasion Abilities Clause: Evasion abilities are banned
|rule|Sleep Moves Clause: Sleep-inducing moves are banned
|clearpoke
|poke|p1|Corviknight, F|
|poke|p1|Ting-Lu|
|poke|p1|Kyurem|
|poke|p1|Dondozo, F|
|poke|p1|Slowking-Galar, F|
|poke|p1|Cinderace, M|
|poke|p2|Tyranitar, F|
|poke|p2|Corviknight, M|
|poke|p2|Iron Crown|
|poke|p2|Ting-Lu|
|poke|p2|Deoxys-Speed|
|poke|p2|Primarina, M|
|teampreview
|c|☆claudechamp|hf
|inactive|Battle timer is ON: inactive players will automatically lose when time's up. (requested by claudechamp)
|
|t:|1779819013
|teamsize|p1|6
|teamsize|p2|6
|start
|switch|p1a: Cinderace|Cinderace, M|100/100
|switch|p2a: Guess|Primarina, M|100/100
|turn|1
|
|t:|1779819022
|move|p1a: Cinderace|Pyro Ball|p2a: Guess
|-resisted|p2a: Guess
|-damage|p2a: Guess|74/100
|move|p2a: Guess|Surf|p1a: Cinderace
|-supereffective|p1a: Cinderace
|-damage|p1a: Cinderace|0 fnt
|faint|p1a: Cinderace
|
|-heal|p2a: Guess|80/100|[from] item: Leftovers
|upkeep
|
|t:|1779819026
|switch|p1a: Ting-Lu|Ting-Lu|100/100
|-ability|p1a: Ting-Lu|Vessel of Ruin
|turn|2
|
|t:|1779819040
|move|p2a: Guess|Surf|p1a: Ting-Lu
|-supereffective|p1a: Ting-Lu
|-damage|p1a: Ting-Lu|62/100
|move|p1a: Ting-Lu|Earthquake|p2a: Guess
|-damage|p2a: Guess|34/100
|
|-heal|p2a: Guess|40/100|[from] item: Leftovers
|-heal|p1a: Ting-Lu|68/100|[from] item: Leftovers
|upkeep
|turn|3
|
|t:|1779819046
|move|p2a: Guess|Moonblast|p1a: Ting-Lu
|-supereffective|p1a: Ting-Lu
|-damage|p1a: Ting-Lu|20/100
|-unboost|p1a: Ting-Lu|spa|1
|move|p1a: Ting-Lu|Earthquake|p2a: Guess
|-crit|p2a: Guess
|-damage|p2a: Guess|0 fnt
|faint|p2a: Guess
|
|-heal|p1a: Ting-Lu|26/100|[from] item: Leftovers
|upkeep
|
|t:|1779819059
|switch|p2a: IM SCARED|Corviknight, M|100/100
|-ability|p2a: IM SCARED|Pressure
|turn|4
|
|t:|1779819064
|move|p2a: IM SCARED|Brave Bird|p1a: Ting-Lu
|-damage|p1a: Ting-Lu|5/100
|-damage|p2a: IM SCARED|91/100|[from] Recoil
|move|p1a: Ting-Lu|Rest|p1a: Ting-Lu
|-status|p1a: Ting-Lu|slp|[from] move: Rest
|-heal|p1a: Ting-Lu|100/100 slp|[silent]
|
|-heal|p2a: IM SCARED|98/100|[from] item: Leftovers
|upkeep
|turn|5
|
|t:|1779819070
|switch|p1a: Corviknight|Corviknight, F|100/100
|-ability|p1a: Corviknight|Pressure
|move|p2a: IM SCARED|U-turn|p1a: Corviknight
|-resisted|p1a: Corviknight
|-damage|p1a: Corviknight|98/100
|-damage|p2a: IM SCARED|81/100|[from] item: Rocky Helmet|[of] p1a: Corviknight
|
|t:|1779819083
|switch|p2a: LE HERO|Deoxys-Speed|100/100|[from] U-turn
|-ability|p2a: LE HERO|Pressure
|
|upkeep
|turn|6
|
|t:|1779819088
|move|p2a: LE HERO|Taunt|p1a: Corviknight
|-start|p1a: Corviknight|move: Taunt
|move|p1a: Corviknight|U-turn|p2a: LE HERO
|-supereffective|p2a: LE HERO
|-damage|p2a: LE HERO|54/100
|
|t:|1779819090
|switch|p1a: Kyurem|Kyurem|100/100|[from] U-turn
|-ability|p1a: Kyurem|Pressure
|
|upkeep
|turn|7
|
|t:|1779819095
|move|p1a: Kyurem|Freeze-Dry|p2a: LE HERO
|-damage|p2a: LE HERO|0 fnt
|faint|p2a: LE HERO
|
|upkeep
|
|t:|1779819104
|switch|p2a: BUTE ZAO|Iron Crown|100/100
|-enditem|p2a: BUTE ZAO|Booster Energy
|-activate|p2a: BUTE ZAO|ability: Quark Drive|[fromitem]
|-start|p2a: BUTE ZAO|quarkdrivespe
|turn|8
|
|t:|1779819108
|-terastallize|p1a: Kyurem|Ground
|move|p2a: BUTE ZAO|Calm Mind|p2a: BUTE ZAO
|-boost|p2a: BUTE ZAO|spa|1
|-boost|p2a: BUTE ZAO|spd|1
|move|p1a: Kyurem|Earth Power|p2a: BUTE ZAO
|-supereffective|p2a: BUTE ZAO
|-damage|p2a: BUTE ZAO|43/100
|
|upkeep
|turn|9
|
|t:|1779819122
|-terastallize|p2a: BUTE ZAO|Fighting
|move|p2a: BUTE ZAO|Focus Blast|p1a: Kyurem
|-damage|p1a: Kyurem|22/100
|move|p1a: Kyurem|Earth Power|p2a: BUTE ZAO
|-damage|p2a: BUTE ZAO|11/100
|
|-heal|p1a: Kyurem|28/100|[from] item: Leftovers
|upkeep
|turn|10
|
|t:|1779819132
|switch|p1a: Dondozo|Dondozo, F|100/100
|move|p2a: BUTE ZAO|Psyshock|p1a: Dondozo
|-damage|p1a: Dondozo|79/100
|
|-heal|p1a: Dondozo|85/100|[from] item: Leftovers
|upkeep
|turn|11
|
|t:|1779819137
|move|p2a: BUTE ZAO|Focus Blast|p1a: Dondozo|[miss]
|-miss|p2a: BUTE ZAO|p1a: Dondozo
|move|p1a: Dondozo|Waterfall|p2a: BUTE ZAO
|-damage|p2a: BUTE ZAO|0 fnt
|faint|p2a: BUTE ZAO
|-end|p2a: BUTE ZAO|Quark Drive|[silent]
|
|-heal|p1a: Dondozo|91/100|[from] item: Leftovers
|upkeep
|
|t:|1779819146
|switch|p2a: CHOSO|Ting-Lu|100/100
|-ability|p2a: CHOSO|Vessel of Ruin
|turn|12
|
|t:|1779819148
|move|p2a: CHOSO|Stealth Rock|p1a: Dondozo
|-sidestart|p1: claudechamp|move: Stealth Rock
|move|p1a: Dondozo|Curse|p1a: Dondozo
|-unboost|p1a: Dondozo|spe|1
|-boost|p1a: Dondozo|atk|1
|-boost|p1a: Dondozo|def|1
|
|-heal|p1a: Dondozo|98/100|[from] item: Leftovers
|upkeep
|turn|13
|
|t:|1779819152
|move|p1a: Dondozo|Curse|p1a: Dondozo
|-unboost|p1a: Dondozo|spe|1
|-boost|p1a: Dondozo|atk|1
|-boost|p1a: Dondozo|def|1
|move|p2a: CHOSO|Whirlwind|p1a: Dondozo
|drag|p1a: Corviknight|Corviknight, F|98/100
|-damage|p1a: Corviknight|86/100|[from] Stealth Rock
|-ability|p1a: Corviknight|Pressure
|
|upkeep
|turn|14
|
|t:|1779819160
|move|p1a: Corviknight|Defog|p2a: CHOSO
|-unboost|p2a: CHOSO|evasion|1
|-sideend|p1: claudechamp|Stealth Rock|[from] move: Defog|[of] p1a: Corviknight
|move|p2a: CHOSO|Ruination|p1a: Corviknight
|-damage|p1a: Corviknight|43/100
|
|upkeep
|turn|15
|
|t:|1779819165
|move|p1a: Corviknight|Roost|p1a: Corviknight
|-heal|p1a: Corviknight|93/100
|-singleturn|p1a: Corviknight|move: Roost
|move|p2a: CHOSO|Stealth Rock|p1a: Corviknight
|-sidestart|p1: claudechamp|move: Stealth Rock
|
|upkeep
|turn|16
|
|t:|1779819170
|move|p1a: Corviknight|U-turn|p2a: CHOSO
|-supereffective|p2a: CHOSO
|-damage|p2a: CHOSO|90/100
|
|t:|1779819174
|switch|p1a: Kyurem|Kyurem, tera:Ground|28/100|[from] U-turn
|-damage|p1a: Kyurem|22/100|[from] Stealth Rock
|-ability|p1a: Kyurem|Pressure
|move|p2a: CHOSO|Ruination|p1a: Kyurem
|-damage|p1a: Kyurem|11/100
|
|-heal|p1a: Kyurem|18/100|[from] item: Leftovers
|-heal|p2a: CHOSO|96/100|[from] item: Leftovers
|upkeep
|turn|17
|
|t:|1779819184
|move|p1a: Kyurem|Freeze-Dry|p2a: CHOSO
|-supereffective|p2a: CHOSO
|-damage|p2a: CHOSO|51/100
|move|p2a: CHOSO|Earthquake|p1a: Kyurem
|-damage|p1a: Kyurem|0 fnt
|faint|p1a: Kyurem
|
|-heal|p2a: CHOSO|58/100|[from] item: Leftovers
|upkeep
|
|t:|1779819185
|switch|p1a: Dondozo|Dondozo, F|98/100
|-damage|p1a: Dondozo|85/100|[from] Stealth Rock
|turn|18
|
|t:|1779819193
|move|p1a: Dondozo|Waterfall|p2a: CHOSO
|-supereffective|p2a: CHOSO
|-damage|p2a: CHOSO|36/100
|move|p2a: CHOSO|Whirlwind|p1a: Dondozo
|drag|p1a: Corviknight|Corviknight, F|93/100
|-damage|p1a: Corviknight|81/100|[from] Stealth Rock
|-ability|p1a: Corviknight|Pressure
|
|-heal|p2a: CHOSO|42/100|[from] item: Leftovers
|upkeep
|turn|19
|
|t:|1779819202
|move|p1a: Corviknight|U-turn|p2a: CHOSO
|-supereffective|p2a: CHOSO
|-damage|p2a: CHOSO|29/100
|
|t:|1779819211
|switch|p1a: Dondozo|Dondozo, F|85/100|[from] U-turn
|-damage|p1a: Dondozo|73/100|[from] Stealth Rock
|move|p2a: CHOSO|Ruination|p1a: Dondozo
|-damage|p1a: Dondozo|37/100
|
|-heal|p2a: CHOSO|35/100|[from] item: Leftovers
|-heal|p1a: Dondozo|43/100|[from] item: Leftovers
|upkeep
|turn|20
|
|t:|1779819220
|move|p1a: Dondozo|Waterfall|p2a: CHOSO
|-supereffective|p2a: CHOSO
|-damage|p2a: CHOSO|14/100
|move|p2a: CHOSO|Whirlwind|p1a: Dondozo
|drag|p1a: Ting-Lu|Ting-Lu|100/100 slp
|-damage|p1a: Ting-Lu|94/100 slp|[from] Stealth Rock
|-ability|p1a: Ting-Lu|Vessel of Ruin
|
|-heal|p1a: Ting-Lu|100/100 slp|[from] item: Leftovers
|-heal|p2a: CHOSO|20/100|[from] item: Leftovers
|upkeep
|turn|21
|
|t:|1779819230
|switch|p1a: Slowking|Slowking-Galar, F|100/100
|-damage|p1a: Slowking|88/100|[from] Stealth Rock
|move|p2a: CHOSO|Ruination|p1a: Slowking
|-damage|p1a: Slowking|44/100
|
|-heal|p2a: CHOSO|27/100|[from] item: Leftovers
|upkeep
|turn|22
|
|t:|1779819236
|move|p2a: CHOSO|Earthquake|p1a: Slowking
|-supereffective|p1a: Slowking
|-enditem|p1a: Slowking|Shuca Berry|[eat]
|-enditem|p1a: Slowking|Shuca Berry|[weaken]
|-damage|p1a: Slowking|19/100
|move|p1a: Slowking|Ice Beam|p2a: CHOSO
|-supereffective|p2a: CHOSO
|-damage|p2a: CHOSO|0 fnt
|faint|p2a: CHOSO
|
|upkeep
|
|t:|1779819243
|switch|p2a: LE RETOUR|Tyranitar, F, shiny|100/100
|-weather|Sandstorm|[from] ability: Sand Stream|[of] p2a: LE RETOUR
|turn|23
|
|t:|1779819256
|switch|p1a: Ting-Lu|Ting-Lu|100/100 slp
|-damage|p1a: Ting-Lu|94/100 slp|[from] Stealth Rock
|-ability|p1a: Ting-Lu|Vessel of Ruin
|move|p2a: LE RETOUR|Thunder Punch|p1a: Ting-Lu
|-immune|p1a: Ting-Lu
|
|-weather|Sandstorm|[upkeep]
|-heal|p1a: Ting-Lu|100/100 slp|[from] item: Leftovers
|upkeep
|turn|24
|
|t:|1779819263
|switch|p2a: IM SCARED|Corviknight, M|81/100
|-ability|p2a: IM SCARED|Pressure
|cant|p1a: Ting-Lu|slp
|move|p1a: Ting-Lu|Sleep Talk|p1a: Ting-Lu
|move|p1a: Ting-Lu|Rest||[from] move: Sleep Talk|[still]
|-fail|p1a: Ting-Lu
|
|-weather|Sandstorm|[upkeep]
|-heal|p2a: IM SCARED|87/100|[from] item: Leftovers
|upkeep
|turn|25
|
|t:|1779819275
|switch|p1a: Corviknight|Corviknight, F|81/100
|-damage|p1a: Corviknight|69/100|[from] Stealth Rock
|-ability|p1a: Corviknight|Pressure
|move|p2a: IM SCARED|U-turn|p1a: Corviknight
|-resisted|p1a: Corviknight
|-damage|p1a: Corviknight|67/100
|-damage|p2a: IM SCARED|71/100|[from] item: Rocky Helmet|[of] p1a: Corviknight
|
|t:|1779819280
|switch|p2a: LE RETOUR|Tyranitar, F, shiny|100/100|[from] U-turn
|
|-weather|Sandstorm|[upkeep]
|upkeep
|turn|26
|
|t:|1779819286
|move|p1a: Corviknight|Defog|p2a: LE RETOUR
|-unboost|p2a: LE RETOUR|evasion|1
|-sideend|p1: claudechamp|Stealth Rock|[from] move: Defog|[of] p1a: Corviknight
|move|p2a: LE RETOUR|Earthquake|p1a: Corviknight
|-immune|p1a: Corviknight
|
|-weather|Sandstorm|[upkeep]
|upkeep
|turn|27
|
|t:|1779819294
|switch|p2a: IM SCARED|Corviknight, M|71/100
|-ability|p2a: IM SCARED|Pressure
|move|p1a: Corviknight|U-turn|p2a: IM SCARED
|-resisted|p2a: IM SCARED
|-damage|p2a: IM SCARED|69/100
|
|t:|1779819306
|switch|p1a: Dondozo|Dondozo, F|43/100|[from] U-turn
|
|-weather|none
|-heal|p2a: IM SCARED|75/100|[from] item: Leftovers
|-heal|p1a: Dondozo|49/100|[from] item: Leftovers
|upkeep
|turn|28
|
|t:|1779819322
|move|p2a: IM SCARED|Brave Bird|p1a: Dondozo
|-damage|p1a: Dondozo|29/100
|-damage|p2a: IM SCARED|66/100|[from] Recoil
|move|p1a: Dondozo|Curse|p1a: Dondozo
|-unboost|p1a: Dondozo|spe|1
|-boost|p1a: Dondozo|atk|1
|-boost|p1a: Dondozo|def|1
|
|-heal|p2a: IM SCARED|73/100|[from] item: Leftovers
|-heal|p1a: Dondozo|35/100|[from] item: Leftovers
|upkeep
|turn|29
|
|t:|1779819331
|move|p2a: IM SCARED|U-turn|p1a: Dondozo
|-damage|p1a: Dondozo|29/100
|
|t:|1779819334
|switch|p2a: LE RETOUR|Tyranitar, F, shiny|100/100|[from] U-turn
|-weather|Sandstorm|[from] ability: Sand Stream|[of] p2a: LE RETOUR
|move|p1a: Dondozo|Curse|p1a: Dondozo
|-unboost|p1a: Dondozo|spe|1
|-boost|p1a: Dondozo|atk|1
|-boost|p1a: Dondozo|def|1
|
|-weather|Sandstorm|[upkeep]
|-damage|p1a: Dondozo|23/100|[from] Sandstorm
|-heal|p1a: Dondozo|29/100|[from] item: Leftovers
|upkeep
|turn|30
|
|t:|1779819345
|move|p2a: LE RETOUR|Crunch|p1a: Dondozo
|-damage|p1a: Dondozo|8/100
|move|p1a: Dondozo|Body Press|p2a: LE RETOUR
|-supereffective|p2a: LE RETOUR
|-damage|p2a: LE RETOUR|0 fnt
|faint|p2a: LE RETOUR
|
|-weather|Sandstorm|[upkeep]
|-damage|p1a: Dondozo|2/100|[from] Sandstorm
|-heal|p1a: Dondozo|8/100|[from] item: Leftovers
|upkeep
|
|t:|1779819350
|switch|p2a: IM SCARED|Corviknight, M|73/100
|-ability|p2a: IM SCARED|Pressure
|turn|31
|-message|Gauva forfeited.
|
|win|claudechamp
|raw|claudechamp's rating: 1211 &rarr; <strong>1235</strong><br />(+24 for winning)
|raw|Gauva's rating: 1192 &rarr; <strong>1168</strong><br />(-24 for losing)
|l|☆Gauva
|player|p2|
|c|☆claudechamp|gg
