|j|☆el metrallas
|j|☆smore98
|t:|1779893834
|gametype|singles
|player|p1|el metrallas|swimmerf-gen4|1356
|player|p2|smore98|giovanni|1406
|gen|9
|tier|[Gen 9] OU
|rated|
|rule|HP Percentage Mod: HP is shown in percentages
|rule|Endless Battle Clause: Forcing endless battles is banned
|rule|Species Clause: Limit one of each Pokémon
|rule|OHKO Clause: OHKO moves are banned
|rule|Evasion Items Clause: Evasion items are banned
|rule|Evasion Moves Clause: Evasion moves are banned
|rule|Evasion Abilities Clause: Evasion abilities are banned
|rule|Sleep Moves Clause: Sleep-inducing moves are banned
|clearpoke
|poke|p1|Hydreigon, M|
|poke|p1|Ribombee, M|
|poke|p1|Tauros-Paldea-Blaze, M|
|poke|p1|Clodsire, F|
|poke|p1|Mamoswine, M|
|poke|p1|Gholdengo|
|poke|p2|Glimmora, F|
|poke|p2|Gliscor, F|
|poke|p2|Pecharunt|
|poke|p2|Gholdengo|
|poke|p2|Samurott-Hisui, F|
|poke|p2|Iron Valiant|
|teampreview
|inactive|Battle timer is ON: inactive players will automatically lose when time's up. (requested by el metrallas)
|
|t:|1779893842
|teamsize|p1|6
|teamsize|p2|6
|start
|switch|p1a: Tuerta|Ribombee, M, shiny|100/100
|switch|p2a: Iron Valiant|Iron Valiant|100/100
|-enditem|p2a: Iron Valiant|Booster Energy
|-activate|p2a: Iron Valiant|ability: Quark Drive|[fromitem]
|-start|p2a: Iron Valiant|quarkdrivespe
|turn|1
|
|t:|1779893848
|move|p2a: Iron Valiant|Calm Mind|p2a: Iron Valiant
|-boost|p2a: Iron Valiant|spa|1
|-boost|p2a: Iron Valiant|spd|1
|move|p1a: Tuerta|Sticky Web|p2a: Iron Valiant
|-sidestart|p2: smore98|move: Sticky Web
|
|upkeep
|turn|2
|
|t:|1779893852
|move|p2a: Iron Valiant|Moonblast|p1a: Tuerta
|-enditem|p1a: Tuerta|Focus Sash
|-damage|p1a: Tuerta|1/100
|move|p1a: Tuerta|Moonblast|p2a: Iron Valiant
|-supereffective|p2a: Iron Valiant
|-damage|p2a: Iron Valiant|3/100
|
|upkeep
|turn|3
|
|t:|1779893860
|move|p2a: Iron Valiant|Moonblast|p1a: Tuerta
|-damage|p1a: Tuerta|0 fnt
|faint|p1a: Tuerta
|
|upkeep
|
|t:|1779893863
|switch|p1a: Mamuten|Mamoswine, M|100/100
|turn|4
|
|t:|1779893882
|move|p1a: Mamuten|Ice Shard|p2a: Iron Valiant
|-damage|p2a: Iron Valiant|0 fnt
|faint|p2a: Iron Valiant
|-end|p2a: Iron Valiant|Quark Drive|[silent]
|
|upkeep
|
|t:|1779893887
|switch|p2a: Pecharunt|Pecharunt|100/100
|turn|5
|
|t:|1779893890
|switch|p1a: Director|Clodsire, F, shiny|100/100
|move|p2a: Pecharunt|Toxic|p1a: Director
|-immune|p1a: Director
|
|upkeep
|turn|6
|
|t:|1779893895
|switch|p2a: Gliscor|Gliscor, F|100/100
|move|p1a: Director|Stealth Rock|p2a: Gliscor
|-sidestart|p2: smore98|move: Stealth Rock
|
|-status|p2a: Gliscor|tox|[from] item: Toxic Orb
|upkeep
|turn|7
|
|t:|1779893911
|switch|p1a: Collejas|Hydreigon, M|100/100
|move|p2a: Gliscor|Substitute|p2a: Gliscor
|-start|p2a: Gliscor|Substitute
|-damage|p2a: Gliscor|76/100 tox
|
|-heal|p2a: Gliscor|88/100 tox|[from] ability: Poison Heal
|upkeep
|turn|8
|
|t:|1779893916
|move|p1a: Collejas|Dark Pulse|p2a: Gliscor
|-end|p2a: Gliscor|Substitute
|move|p2a: Gliscor|Toxic|p1a: Collejas
|-status|p1a: Collejas|tox
|
|-damage|p1a: Collejas|94/100 tox|[from] psn
|-heal|p2a: Gliscor|100/100 tox|[from] ability: Poison Heal
|upkeep
|turn|9
|
|t:|1779893924
|move|p2a: Gliscor|Protect|p2a: Gliscor
|-singleturn|p2a: Gliscor|Protect
|move|p1a: Collejas|Dark Pulse|p2a: Gliscor
|-activate|p2a: Gliscor|move: Protect
|
|-damage|p1a: Collejas|82/100 tox|[from] psn
|upkeep
|turn|10
|
|t:|1779893927
|move|p1a: Collejas|Dark Pulse|p2a: Gliscor
|-damage|p2a: Gliscor|49/100 tox
|move|p2a: Gliscor|Substitute|p2a: Gliscor
|-start|p2a: Gliscor|Substitute
|-damage|p2a: Gliscor|25/100 tox
|
|-damage|p1a: Collejas|64/100 tox|[from] psn
|-heal|p2a: Gliscor|37/100 tox|[from] ability: Poison Heal
|upkeep
|turn|11
|
|t:|1779893933
|move|p2a: Gliscor|Protect|p2a: Gliscor
|-singleturn|p2a: Gliscor|Protect
|move|p1a: Collejas|Dark Pulse|p2a: Gliscor
|-activate|p2a: Gliscor|move: Protect
|
|-damage|p1a: Collejas|39/100 tox|[from] psn
|-heal|p2a: Gliscor|49/100 tox|[from] ability: Poison Heal
|upkeep
|turn|12
|
|t:|1779893942
|move|p1a: Collejas|Dark Pulse|p2a: Gliscor
|-end|p2a: Gliscor|Substitute
|move|p2a: Gliscor|Substitute|p2a: Gliscor
|-start|p2a: Gliscor|Substitute
|-damage|p2a: Gliscor|25/100 tox
|
|-damage|p1a: Collejas|8/100 tox|[from] psn
|-heal|p2a: Gliscor|37/100 tox|[from] ability: Poison Heal
|upkeep
|turn|13
|
|t:|1779893949
|switch|p1a: Mamuten|Mamoswine, M|100/100
|move|p2a: Gliscor|Protect||[still]
|-fail|p2a: Gliscor
|
|-heal|p2a: Gliscor|49/100 tox|[from] ability: Poison Heal
|upkeep
|turn|14
|
|t:|1779893956
|switch|p1a: Bombas|Gholdengo|100/100
|-item|p1a: Bombas|Air Balloon
|move|p2a: Gliscor|Toxic|p1a: Bombas
|-immune|p1a: Bombas|[from] ability: Good as Gold
|
|-heal|p2a: Gliscor|62/100 tox|[from] ability: Poison Heal
|upkeep
|turn|15
|
|t:|1779893963
|move|p1a: Bombas|Nasty Plot|p1a: Bombas
|-boost|p1a: Bombas|spa|2
|move|p2a: Gliscor|Knock Off|p1a: Bombas
|-supereffective|p1a: Bombas
|-damage|p1a: Bombas|52/100
|-enditem|p1a: Bombas|Air Balloon
|
|-heal|p2a: Gliscor|74/100 tox|[from] ability: Poison Heal
|upkeep
|turn|16
|
|t:|1779893969
|move|p1a: Bombas|Shadow Ball|p2a: Gliscor
|-end|p2a: Gliscor|Substitute
|move|p2a: Gliscor|Knock Off|p1a: Bombas
|-supereffective|p1a: Bombas
|-damage|p1a: Bombas|21/100
|
|-heal|p2a: Gliscor|87/100 tox|[from] ability: Poison Heal
|upkeep
|turn|17
|
|t:|1779893975
|move|p1a: Bombas|Shadow Ball|p2a: Gliscor
|-damage|p2a: Gliscor|10/100 tox
|move|p2a: Gliscor|Knock Off|p1a: Bombas
|-supereffective|p1a: Bombas
|-damage|p1a: Bombas|0 fnt
|faint|p1a: Bombas
|
|-heal|p2a: Gliscor|23/100 tox|[from] ability: Poison Heal
|upkeep
|
|t:|1779893986
|switch|p1a: Mamuten|Mamoswine, M|100/100
|turn|18
|
|t:|1779893991
|switch|p2a: Pecharunt|Pecharunt|100/100
|move|p1a: Mamuten|Icicle Crash|p2a: Pecharunt
|-damage|p2a: Pecharunt|78/100
|
|upkeep
|turn|19
|
|t:|1779893997
|switch|p1a: Director|Clodsire, F, shiny|100/100
|move|p2a: Pecharunt|Recover|p2a: Pecharunt
|-heal|p2a: Pecharunt|100/100
|
|upkeep
|turn|20
|
|t:|1779894004
|switch|p2a: Gholdengo|Gholdengo|100/100
|switch|p1a: Mamuten|Mamoswine, M|100/100
|
|upkeep
|turn|21
|
|t:|1779894016
|-terastallize|p2a: Gholdengo|Water
|move|p1a: Mamuten|Earthquake|p2a: Gholdengo
|-damage|p2a: Gholdengo|57/100
|move|p2a: Gholdengo|Make It Rain|p1a: Mamuten
|-supereffective|p1a: Mamuten
|-crit|p1a: Mamuten
|-damage|p1a: Mamuten|0 fnt
|-unboost|p2a: Gholdengo|spa|1
|faint|p1a: Mamuten
|
|upkeep
|
|t:|1779894027
|switch|p1a: Collejas|Hydreigon, M|8/100 tox
|turn|22
|
|t:|1779894033
|switch|p2a: Gliscor|Gliscor, F|23/100 tox
|-damage|p2a: Gliscor|10/100 tox|[from] Stealth Rock
|move|p1a: Collejas|Draco Meteor|p2a: Gliscor
|-damage|p2a: Gliscor|0 fnt
|-unboost|p1a: Collejas|spa|2
|faint|p2a: Gliscor
|
|-damage|p1a: Collejas|2/100 tox|[from] psn
|upkeep
|
|t:|1779894039
|switch|p2a: Glimmora|Glimmora, F, shiny|100/100
|-activate|p2a: Glimmora|move: Sticky Web
|-unboost|p2a: Glimmora|spe|1
|-damage|p2a: Glimmora|88/100|[from] Stealth Rock
|turn|23
|
|t:|1779894044
|move|p1a: Collejas|Draco Meteor|p2a: Glimmora
|-damage|p2a: Glimmora|36/100
|-unboost|p1a: Collejas|spa|2
|move|p2a: Glimmora|Substitute|p2a: Glimmora
|-start|p2a: Glimmora|Substitute
|-damage|p2a: Glimmora|11/100
|
|-heal|p2a: Glimmora|17/100|[from] item: Leftovers
|-damage|p1a: Collejas|0 fnt|[from] psn
|faint|p1a: Collejas
|upkeep
|
|t:|1779894053
|switch|p1a: Torete|Tauros-Paldea-Blaze, M, shiny|100/100
|-ability|p1a: Torete|Intimidate|boost
|-immune|p2a: Glimmora
|turn|24
|
|t:|1779894058
|move|p1a: Torete|Flare Blitz|p2a: Glimmora
|-resisted|p2a: Glimmora
|-end|p2a: Glimmora|Substitute
|-damage|p1a: Torete|90/100|[from] Recoil|[of] p2a: Glimmora
|-damage|p1a: Torete|80/100|[from] item: Life Orb
|move|p2a: Glimmora|Toxic|p1a: Torete
|-status|p1a: Torete|tox
|
|-heal|p2a: Glimmora|23/100|[from] item: Leftovers
|-damage|p1a: Torete|74/100 tox|[from] psn
|upkeep
|turn|25
|
|t:|1779894068
|move|p2a: Glimmora|Protect|p2a: Glimmora
|-singleturn|p2a: Glimmora|Protect
|move|p1a: Torete|Flare Blitz|p2a: Glimmora
|-activate|p2a: Glimmora|move: Protect
|
|-heal|p2a: Glimmora|30/100|[from] item: Leftovers
|-damage|p1a: Torete|62/100 tox|[from] psn
|upkeep
|turn|26
|
|t:|1779894074
|switch|p2a: Samurott|Samurott-Hisui, F|100/100
|-activate|p2a: Samurott|move: Sticky Web
|-unboost|p2a: Samurott|spe|1
|-damage|p2a: Samurott|88/100|[from] Stealth Rock
|move|p1a: Torete|Flare Blitz|p2a: Samurott
|-resisted|p2a: Samurott
|-damage|p2a: Samurott|46/100
|-damage|p1a: Torete|46/100 tox|[from] Recoil
|-damage|p1a: Torete|36/100 tox|[from] item: Life Orb
|
|-damage|p1a: Torete|18/100 tox|[from] psn
|upkeep
|turn|27
|
|t:|1779894081
|switch|p1a: Director|Clodsire, F, shiny|100/100
|move|p2a: Samurott|Sucker Punch||[still]
|-fail|p2a: Samurott
|
|upkeep
|turn|28
|
|t:|1779894086
|move|p2a: Samurott|Swords Dance|p2a: Samurott
|-boost|p2a: Samurott|atk|2
|move|p1a: Director|Earthquake|p2a: Samurott
|-damage|p2a: Samurott|13/100
|
|upkeep
|turn|29
|
|t:|1779894095
|switch|p1a: Torete|Tauros-Paldea-Blaze, M, shiny|18/100 tox
|-ability|p1a: Torete|Intimidate|boost
|-unboost|p2a: Samurott|atk|1
|move|p2a: Samurott|Ceaseless Edge|p1a: Torete
|-resisted|p1a: Torete
|-damage|p1a: Torete|0 fnt
|-sidestart|p1: el metrallas|Spikes
|faint|p1a: Torete
|
|upkeep
|
|t:|1779894102
|switch|p1a: Director|Clodsire, F, shiny|100/100
|-damage|p1a: Director|88/100|[from] Spikes
|turn|30
|
|t:|1779894105
|move|p2a: Samurott|Knock Off|p1a: Director
|-damage|p1a: Director|8/100
|-enditem|p1a: Director|Leftovers|[from] move: Knock Off|[of] p2a: Samurott
|move|p1a: Director|Earthquake|p2a: Samurott
|-damage|p2a: Samurott|0 fnt
|faint|p2a: Samurott
|
|upkeep
|
|t:|1779894115
|switch|p2a: Glimmora|Glimmora, F, shiny|30/100
|-activate|p2a: Glimmora|move: Sticky Web
|-unboost|p2a: Glimmora|spe|1
|-damage|p2a: Glimmora|17/100|[from] Stealth Rock
|turn|31
|
|t:|1779894127
|-terastallize|p1a: Director|Flying
|move|p2a: Glimmora|Earth Power|p1a: Director
|-immune|p1a: Director
|move|p1a: Director|Earthquake|p2a: Glimmora
|-supereffective|p2a: Glimmora
|-damage|p2a: Glimmora|0 fnt
|faint|p2a: Glimmora
|
|upkeep
|
|t:|1779894131
|switch|p2a: Pecharunt|Pecharunt|100/100
|turn|32
|
|t:|1779894134
|move|p1a: Director|Protect|p1a: Director
|-singleturn|p1a: Director|Protect
|move|p2a: Pecharunt|Malignant Chain|p1a: Director
|-activate|p1a: Director|move: Protect
|
|upkeep
|turn|33
|
|t:|1779894140
|move|p1a: Director|Protect||[still]
|-fail|p1a: Director
|move|p2a: Pecharunt|Malignant Chain|p1a: Director
|-damage|p1a: Director|0 fnt
|faint|p1a: Director
|
|win|smore98
|raw|el metrallas's rating: 1356 &rarr; <strong>1339</strong><br />(-17 for losing)
|raw|smore98's rating: 1406 &rarr; <strong>1423</strong><br />(+17 for winning)
|l|☆el metrallas
|player|p1|
