|j|‽Lano Del Rey2
|j|☆lolkingston
|t:|1779943653
|gametype|singles
|player|p1|Lano Del Rey2|swimmer-gen4dp|1416
|player|p2|lolkingston|102|1491
|gen|9
|tier|[Gen 9] OU
|rated|
|rule|HP Percentage Mod: HP is shown in percentages
|rule|Endless Battle Clause: Forcing endless battles is banned
|rule|Species Clause: Limit one of each Pokémon
|rule|OHKO Clause: OHKO moves are banned
|rule|Evasion Items Clause: Evasion items are banned
|rule|Evasion Moves Clause: Evasion moves are banned
|rule|Evasion Abilities Clause: Evasion abilities are banned
|rule|Sleep Moves Clause: Sleep-inducing moves are banned
|clearpoke
|poke|p1|Clefable, F|
|poke|p1|Araquanid, M|
|poke|p1|Glimmora, F|
|poke|p1|Dragonite, M|
|poke|p1|Skarmory, M|
|poke|p1|Sinistcha-Masterpiece|
|poke|p2|Regieleki|
|poke|p2|Raging Bolt|
|poke|p2|Overqwil, M|
|poke|p2|Greninja-*, M|
|poke|p2|Pelipper, M|
|poke|p2|Iron Treads|
|teampreview
|inactive|Battle timer is ON: inactive players will automatically lose when time's up. (requested by Lano Del Rey2)
|
|t:|1779943664
|teamsize|p1|6
|teamsize|p2|6
|start
|switch|p1a: Araquanid|Araquanid, M|100/100
|switch|p2a: Pelipper|Pelipper, M, shiny|100/100
|-weather|RainDance|[from] ability: Drizzle|[of] p2a: Pelipper
|turn|1
|
|t:|1779943680
|move|p2a: Pelipper|Hurricane|p1a: Araquanid
|-supereffective|p1a: Araquanid
|-damage|p1a: Araquanid|32/100
|move|p1a: Araquanid|Sticky Web|p2a: Pelipper
|-sidestart|p2: lolkingston|move: Sticky Web
|
|-weather|RainDance|[upkeep]
|-heal|p1a: Araquanid|38/100|[from] item: Leftovers
|upkeep
|turn|2
|
|t:|1779943698
|switch|p1a: Glimmora|Glimmora, F, shiny|100/100
|move|p2a: Pelipper|Hurricane|p1a: Glimmora
|-resisted|p1a: Glimmora
|-damage|p1a: Glimmora|69/100
|
|-weather|RainDance|[upkeep]
|-heal|p1a: Glimmora|75/100|[from] item: Leftovers
|upkeep
|turn|3
|
|t:|1779943708
|switch|p2a: Iron Treads|Iron Treads, shiny|100/100
|-activate|p2a: Iron Treads|move: Sticky Web
|-unboost|p2a: Iron Treads|spe|1
|-enditem|p2a: Iron Treads|Booster Energy
|-activate|p2a: Iron Treads|ability: Quark Drive|[fromitem]
|-start|p2a: Iron Treads|quarkdrivedef
|move|p1a: Glimmora|Mortal Spin|p2a: Iron Treads
|-immune|p2a: Iron Treads
|
|-weather|RainDance|[upkeep]
|-heal|p1a: Glimmora|81/100|[from] item: Leftovers
|upkeep
|turn|4
|
|t:|1779943719
|switch|p1a: Sinistcha|Sinistcha-Masterpiece, shiny|100/100
|move|p2a: Iron Treads|Rapid Spin|p1a: Sinistcha
|-immune|p1a: Sinistcha
|
|-weather|RainDance|[upkeep]
|-damage|p1a: Sinistcha|88/100|[from] item: Black Sludge
|upkeep
|turn|5
|
|t:|1779943740
|-end|p2a: Iron Treads|Quark Drive|[silent]
|switch|p2a: Pelipper|Pelipper, M, shiny|100/100
|move|p1a: Sinistcha|Giga Drain|p2a: Pelipper
|-damage|p2a: Pelipper|47/100
|-heal|p1a: Sinistcha|100/100|[from] drain|[of] p2a: Pelipper
|
|-weather|RainDance|[upkeep]
|-damage|p1a: Sinistcha|88/100|[from] item: Black Sludge
|upkeep
|turn|6
|
|t:|1779943753
|-terastallize|p2a: Pelipper|Grass
|-terastallize|p1a: Sinistcha|Poison
|move|p2a: Pelipper|Hurricane|p1a: Sinistcha
|-damage|p1a: Sinistcha|24/100
|move|p1a: Sinistcha|Giga Drain|p2a: Pelipper
|-resisted|p2a: Pelipper
|-damage|p2a: Pelipper|22/100
|-heal|p1a: Sinistcha|34/100|[from] drain|[of] p2a: Pelipper
|
|-weather|RainDance|[upkeep]
|-heal|p1a: Sinistcha|40/100|[from] item: Black Sludge
|upkeep
|turn|7
|inactive|Lano Del Rey2 has 120 seconds left.
|
|t:|1779943776
|move|p2a: Pelipper|Weather Ball|p1a: Sinistcha
|-damage|p1a: Sinistcha|0 fnt
|faint|p1a: Sinistcha
|
|-weather|RainDance|[upkeep]
|upkeep
|
|t:|1779943782
|switch|p1a: Dragonite|Dragonite, M|100/100
|turn|8
|
|t:|1779943788
|switch|p2a: Iron Treads|Iron Treads, shiny|100/100
|-activate|p2a: Iron Treads|move: Sticky Web
|-unboost|p2a: Iron Treads|spe|1
|move|p1a: Dragonite|Dragon Dance|p1a: Dragonite
|-boost|p1a: Dragonite|atk|1
|-boost|p1a: Dragonite|spe|1
|
|-weather|none
|upkeep
|turn|9
|
|t:|1779943796
|move|p1a: Dragonite|Earthquake|p2a: Iron Treads
|-supereffective|p2a: Iron Treads
|-damage|p2a: Iron Treads|0 fnt
|faint|p2a: Iron Treads
|-end|p2a: Iron Treads|Quark Drive|[silent]
|
|upkeep
|
|t:|1779943809
|switch|p2a: Pelipper|Pelipper, M, shiny, tera:Grass|22/100
|-activate|p2a: Pelipper|move: Sticky Web
|-unboost|p2a: Pelipper|spe|1
|-weather|RainDance|[from] ability: Drizzle|[of] p2a: Pelipper
|turn|10
|
|t:|1779943816
|move|p1a: Dragonite|Dragon Dance|p1a: Dragonite
|-boost|p1a: Dragonite|atk|1
|-boost|p1a: Dragonite|spe|1
|move|p2a: Pelipper|U-turn|p1a: Dragonite
|-resisted|p1a: Dragonite
|-damage|p1a: Dragonite|99/100
|
|t:|1779943838
|switch|p2a: Raging Bolt|Raging Bolt|100/100|[from] U-turn
|-activate|p2a: Raging Bolt|move: Sticky Web
|-unboost|p2a: Raging Bolt|spe|1
|-enditem|p2a: Raging Bolt|Booster Energy
|-activate|p2a: Raging Bolt|ability: Protosynthesis|[fromitem]
|-start|p2a: Raging Bolt|protosynthesisspa
|
|-weather|RainDance|[upkeep]
|upkeep
|turn|11
|
|t:|1779943847
|move|p2a: Raging Bolt|Thunderclap|p1a: Dragonite
|-damage|p1a: Dragonite|47/100
|move|p1a: Dragonite|Ice Punch|p2a: Raging Bolt
|-supereffective|p2a: Raging Bolt
|-damage|p2a: Raging Bolt|10/100
|
|-weather|RainDance|[upkeep]
|upkeep
|turn|12
|
|t:|1779943866
|move|p2a: Raging Bolt|Thunderclap|p1a: Dragonite
|-damage|p1a: Dragonite|0 fnt
|faint|p1a: Dragonite
|
|-weather|RainDance|[upkeep]
|upkeep
|
|t:|1779943875
|switch|p1a: Glimmora|Glimmora, F, shiny|81/100
|turn|13
|
|t:|1779943880
|move|p1a: Glimmora|Ancient Power|p2a: Raging Bolt
|-damage|p2a: Raging Bolt|0 fnt
|faint|p2a: Raging Bolt
|-end|p2a: Raging Bolt|Protosynthesis|[silent]
|
|-weather|RainDance|[upkeep]
|-heal|p1a: Glimmora|87/100|[from] item: Leftovers
|upkeep
|
|t:|1779943891
|switch|p2a: Greninja|Greninja, M|100/100
|-activate|p2a: Greninja|move: Sticky Web
|-unboost|p2a: Greninja|spe|1
|turn|14
|
|t:|1779943896
|switch|p1a: Araquanid|Araquanid, M|38/100
|move|p2a: Greninja|Water Shuriken|p1a: Araquanid
|-resisted|p1a: Araquanid
|-damage|p1a: Araquanid|33/100
|-resisted|p1a: Araquanid
|-damage|p1a: Araquanid|28/100
|-resisted|p1a: Araquanid
|-damage|p1a: Araquanid|24/100
|-resisted|p1a: Araquanid
|-damage|p1a: Araquanid|18/100
|-hitcount|p1a: Araquanid|4
|-damage|p2a: Greninja|91/100|[from] item: Life Orb
|
|-weather|RainDance|[upkeep]
|-heal|p1a: Araquanid|25/100|[from] item: Leftovers
|upkeep
|turn|15
|
|t:|1779943913
|switch|p2a: Overqwil|Overqwil, M, shiny|100/100
|-activate|p2a: Overqwil|move: Sticky Web
|-unboost|p2a: Overqwil|spe|1
|move|p1a: Araquanid|Lunge|p2a: Overqwil
|-damage|p2a: Overqwil|74/100
|-unboost|p2a: Overqwil|atk|1
|
|-weather|RainDance|[upkeep]
|-heal|p1a: Araquanid|31/100|[from] item: Leftovers
|upkeep
|turn|16
|
|t:|1779943923
|move|p2a: Overqwil|Crunch|p1a: Araquanid
|-damage|p1a: Araquanid|0 fnt
|faint|p1a: Araquanid
|-damage|p2a: Overqwil|64/100|[from] item: Life Orb
|
|-weather|RainDance|[upkeep]
|upkeep
|
|t:|1779943932
|switch|p1a: Glimmora|Glimmora, F, shiny|87/100
|turn|17
|
|t:|1779943943
|move|p2a: Overqwil|Liquidation|p1a: Glimmora
|-supereffective|p1a: Glimmora
|-damage|p1a: Glimmora|4/100
|-activate|p1a: Glimmora|ability: Toxic Debris
|-sidestart|p2: lolkingston|move: Toxic Spikes
|-damage|p2a: Overqwil|55/100|[from] item: Life Orb
|move|p1a: Glimmora|Ancient Power|p2a: Overqwil
|-damage|p2a: Overqwil|0 fnt
|faint|p2a: Overqwil
|
|-weather|none
|-heal|p1a: Glimmora|10/100|[from] item: Leftovers
|upkeep
|
|t:|1779943950
|switch|p2a: Regieleki|Regieleki, shiny|100/100
|-activate|p2a: Regieleki|move: Sticky Web
|-unboost|p2a: Regieleki|spe|1
|-status|p2a: Regieleki|psn
|turn|18
|
|t:|1779943968
|move|p2a: Regieleki|Rapid Spin|p1a: Glimmora
|-resisted|p1a: Glimmora
|-damage|p1a: Glimmora|5/100
|-boost|p2a: Regieleki|spe|1
|-activate|p1a: Glimmora|ability: Toxic Debris
|-sidestart|p2: lolkingston|move: Toxic Spikes
|-sideend|p2: lolkingston|Toxic Spikes|[from] move: Rapid Spin|[of] p2a: Regieleki
|-sideend|p2: lolkingston|Sticky Web|[from] move: Rapid Spin|[of] p2a: Regieleki
|move|p1a: Glimmora|Earth Power|p2a: Regieleki
|-supereffective|p2a: Regieleki
|-damage|p2a: Regieleki|0 fnt
|faint|p2a: Regieleki
|
|-heal|p1a: Glimmora|11/100|[from] item: Leftovers
|upkeep
|
|t:|1779943972
|switch|p2a: Pelipper|Pelipper, M, shiny, tera:Grass|22/100
|-weather|RainDance|[from] ability: Drizzle|[of] p2a: Pelipper
|turn|19
|
|t:|1779943984
|move|p2a: Pelipper|Weather Ball|p1a: Glimmora
|-supereffective|p1a: Glimmora
|-damage|p1a: Glimmora|0 fnt
|faint|p1a: Glimmora
|
|-weather|RainDance|[upkeep]
|upkeep
|
|t:|1779943992
|switch|p1a: Skarmory|Skarmory, M|100/100
|turn|20
|
|t:|1779943999
|move|p2a: Pelipper|Weather Ball|p1a: Skarmory
|-damage|p1a: Skarmory|3/100
|move|p1a: Skarmory|Body Press|p2a: Pelipper
|-damage|p2a: Pelipper|0 fnt
|faint|p2a: Pelipper
|
|-weather|RainDance|[upkeep]
|upkeep
|
|t:|1779944002
|switch|p2a: Greninja|Greninja, M|91/100
|turn|21
|
|t:|1779944011
|move|p2a: Greninja|Surf|p1a: Skarmory
|-damage|p1a: Skarmory|0 fnt
|faint|p1a: Skarmory
|-ability|p2a: Greninja|Battle Bond|boost
|-boost|p2a: Greninja|atk|1
|-boost|p2a: Greninja|spa|1
|-boost|p2a: Greninja|spe|1
|-activate|p2a: Greninja|ability: Battle Bond
|-damage|p2a: Greninja|81/100|[from] item: Life Orb
|
|-weather|RainDance|[upkeep]
|upkeep
|
|t:|1779944022
|switch|p1a: Clefable|Clefable, F, shiny|100/100
|turn|22
|
|t:|1779944025
|move|p2a: Greninja|Surf|p1a: Clefable
|-damage|p1a: Clefable|0 fnt
|faint|p1a: Clefable
|-damage|p2a: Greninja|71/100|[from] item: Life Orb
|
|win|lolkingston
|raw|Lano Del Rey2's rating: 1416 &rarr; <strong>1400</strong><br />(-16 for losing)
|raw|lolkingston's rating: 1491 &rarr; <strong>1507</strong><br />(+16 for winning)
|l|‽Lano Del Rey2
|player|p1|
