|j|☆milkmaster3001
|j|☆teapause
|t:|1779885468
|gametype|singles
|player|p1|milkmaster3001|chuck|1425
|player|p2|teapause|waiter|1422
|gen|9
|tier|[Gen 9] OU
|rated|
|rule|HP Percentage Mod: HP is shown in percentages
|rule|Endless Battle Clause: Forcing endless battles is banned
|rule|Species Clause: Limit one of each Pokémon
|rule|OHKO Clause: OHKO moves are banned
|rule|Evasion Items Clause: Evasion items are banned
|rule|Evasion Moves Clause: Evasion moves are banned
|rule|Evasion Abilities Clause: Evasion abilities are banned
|rule|Sleep Moves Clause: Sleep-inducing moves are banned
|clearpoke
|poke|p1|Zapdos|
|poke|p1|Slowking-Galar, F|
|poke|p1|Cetitan, M|
|poke|p1|Gholdengo|
|poke|p1|Ogerpon-Wellspring, F|
|poke|p1|Landorus-Therian, M|
|poke|p2|Tropius, M|
|poke|p2|Torkoal, M|
|poke|p2|Heatran, F|
|poke|p2|Clefable, F|
|poke|p2|Glimmora, M|
|poke|p2|Walking Wake|
|teampreview
|inactive|Battle timer is ON: inactive players will automatically lose when time's up. (requested by teapause)
|
|t:|1779885478
|teamsize|p1|6
|teamsize|p2|6
|start
|switch|p1a: Landorus|Landorus-Therian, M|100/100
|switch|p2a: Torkoal|Torkoal, M|100/100
|-ability|p1a: Landorus|Intimidate|boost
|-unboost|p2a: Torkoal|atk|1
|-weather|SunnyDay|[from] ability: Drought|[of] p2a: Torkoal
|turn|1
|
|t:|1779885488
|move|p1a: Landorus|Stealth Rock|p2a: Torkoal
|-sidestart|p2: teapause|move: Stealth Rock
|move|p2a: Torkoal|Will-O-Wisp|p1a: Landorus
|-status|p1a: Landorus|brn
|
|-weather|SunnyDay|[upkeep]
|-damage|p1a: Landorus|94/100 brn|[from] brn
|upkeep
|turn|2
|
|t:|1779885497
|move|p1a: Landorus|Earthquake|p2a: Torkoal
|-supereffective|p2a: Torkoal
|-damage|p2a: Torkoal|66/100
|move|p2a: Torkoal|Rapid Spin|p1a: Landorus
|-damage|p1a: Landorus|88/100 brn
|-boost|p2a: Torkoal|spe|1
|-damage|p2a: Torkoal|49/100|[from] item: Rocky Helmet|[of] p1a: Landorus
|-sideend|p2: teapause|Stealth Rock|[from] move: Rapid Spin|[of] p2a: Torkoal
|
|-weather|SunnyDay|[upkeep]
|-damage|p1a: Landorus|82/100 brn|[from] brn
|upkeep
|turn|3
|
|t:|1779885511
|switch|p2a: Glimmora|Glimmora, M|100/100
|move|p1a: Landorus|Stealth Rock|p2a: Glimmora
|-sidestart|p2: teapause|move: Stealth Rock
|
|-weather|SunnyDay|[upkeep]
|-damage|p1a: Landorus|76/100 brn|[from] brn
|upkeep
|turn|4
|
|t:|1779885521
|-terastallize|p2a: Glimmora|Ground
|move|p1a: Landorus|Taunt|p2a: Glimmora
|-start|p2a: Glimmora|move: Taunt
|cant|p2a: Glimmora|move: Taunt|Rock Polish
|
|-weather|SunnyDay|[upkeep]
|-damage|p1a: Landorus|70/100 brn|[from] brn
|upkeep
|turn|5
|
|t:|1779885548
|switch|p1a: Gholdengo|Gholdengo|100/100
|move|p2a: Glimmora|Meteor Beam||[still]
|-prepare|p2a: Glimmora|Meteor Beam
|-boost|p2a: Glimmora|spa|1
|-enditem|p2a: Glimmora|Power Herb
|-anim|p2a: Glimmora|Meteor Beam|p1a: Gholdengo
|-resisted|p1a: Gholdengo
|-damage|p1a: Gholdengo|40/100
|
|-weather|SunnyDay|[upkeep]
|upkeep
|turn|6
|
|t:|1779885560
|move|p1a: Gholdengo|Make It Rain|p2a: Glimmora
|-damage|p2a: Glimmora|15/100
|-unboost|p1a: Gholdengo|spa|1
|move|p2a: Glimmora|Earth Power|p1a: Gholdengo
|-supereffective|p1a: Gholdengo
|-damage|p1a: Gholdengo|0 fnt
|faint|p1a: Gholdengo
|
|-weather|SunnyDay|[upkeep]
|-end|p2a: Glimmora|move: Taunt
|upkeep
|inactive|milkmaster3001 has 120 seconds left.
|
|t:|1779885577
|switch|p1a: Ogerpon|Ogerpon-Wellspring, F|100/100
|turn|7
|
|t:|1779885584
|switch|p2a: Tropius|Tropius, M|100/100
|-damage|p2a: Tropius|76/100|[from] Stealth Rock
|move|p1a: Ogerpon|Ivy Cudgel|p2a: Tropius|[anim] Ivy Cudgel Water
|-resisted|p2a: Tropius
|-damage|p2a: Tropius|60/100
|
|-weather|SunnyDay|[upkeep]
|upkeep
|turn|8
|
|t:|1779885594
|switch|p1a: Slowking|Slowking-Galar, F|100/100
|move|p2a: Tropius|Substitute|p2a: Tropius
|-start|p2a: Tropius|Substitute
|-damage|p2a: Tropius|35/100
|
|-weather|none
|upkeep
|turn|9
|
|t:|1779885602
|move|p2a: Tropius|Leech Seed|p1a: Slowking|[miss]
|-miss|p2a: Tropius|p1a: Slowking
|move|p1a: Slowking|Psychic Noise|p2a: Tropius
|-damage|p2a: Tropius|15/100
|-start|p2a: Tropius|move: Heal Block
|-enditem|p2a: Tropius|Starf Berry|[eat]
|-boost|p2a: Tropius|spe|2|[from] item: Starf Berry
|
|upkeep
|turn|10
|
|t:|1779885615
|move|p2a: Tropius|Hurricane|p1a: Slowking|[miss]
|-miss|p2a: Tropius|p1a: Slowking
|move|p1a: Slowking|Psychic Noise|p2a: Tropius
|-damage|p2a: Tropius|0 fnt
|faint|p2a: Tropius
|
|upkeep
|
|t:|1779885625
|switch|p2a: Torkoal|Torkoal, M|49/100
|-damage|p2a: Torkoal|24/100|[from] Stealth Rock
|-weather|SunnyDay|[from] ability: Drought|[of] p2a: Torkoal
|turn|11
|
|t:|1779885635
|move|p1a: Slowking|Sludge Bomb|p2a: Torkoal
|-damage|p2a: Torkoal|0 fnt
|faint|p2a: Torkoal
|
|-weather|SunnyDay|[upkeep]
|upkeep
|
|t:|1779885642
|switch|p2a: Glimmora|Glimmora, M, tera:Ground|15/100
|-damage|p2a: Glimmora|9/100|[from] Stealth Rock
|turn|12
|
|t:|1779885652
|move|p2a: Glimmora|Earth Power|p1a: Slowking
|-supereffective|p1a: Slowking
|-damage|p1a: Slowking|36/100
|-prepare|p1a: Slowking|Chilly Reception|[premajor]
|move|p1a: Slowking|Chilly Reception|p1a: Slowking
|-weather|Snowscape
|
|t:|1779885656
|switch|p1a: Ogerpon|Ogerpon-Wellspring, F|100/100|[from] Chilly Reception
|
|-weather|Snowscape|[upkeep]
|upkeep
|turn|13
|
|t:|1779885663
|move|p1a: Ogerpon|Ivy Cudgel|p2a: Glimmora|[anim] Ivy Cudgel Water
|-supereffective|p2a: Glimmora
|-damage|p2a: Glimmora|0 fnt
|-activate|p2a: Glimmora|ability: Toxic Debris
|-sidestart|p1: milkmaster3001|move: Toxic Spikes
|faint|p2a: Glimmora
|
|-weather|Snowscape|[upkeep]
|upkeep
|
|t:|1779885672
|switch|p2a: Walking Wake|Walking Wake|100/100
|-damage|p2a: Walking Wake|88/100|[from] Stealth Rock
|turn|14
|
|t:|1779885677
|switch|p1a: Slowking|Slowking-Galar, F|69/100
|-sideend|p1: milkmaster3001|move: Toxic Spikes|[of] p1a: Slowking
|move|p2a: Walking Wake|Dragon Pulse|p1a: Slowking
|-damage|p1a: Slowking|42/100
|
|-weather|Snowscape|[upkeep]
|upkeep
|turn|15
|
|t:|1779885685
|move|p2a: Walking Wake|Dragon Pulse|p1a: Slowking
|-damage|p1a: Slowking|19/100
|move|p1a: Slowking|Sludge Bomb|p2a: Walking Wake
|-damage|p2a: Walking Wake|50/100
|
|-weather|Snowscape|[upkeep]
|upkeep
|turn|16
|
|t:|1779885692
|switch|p1a: Landorus|Landorus-Therian, M|70/100 brn
|-ability|p1a: Landorus|Intimidate|boost
|-unboost|p2a: Walking Wake|atk|1
|move|p2a: Walking Wake|Dragon Pulse|p1a: Landorus
|-damage|p1a: Landorus|22/100 brn
|
|-weather|none
|-damage|p1a: Landorus|16/100 brn|[from] brn
|upkeep
|turn|17
|
|t:|1779885702
|move|p2a: Walking Wake|Dragon Pulse|p1a: Landorus
|-damage|p1a: Landorus|0 fnt
|faint|p1a: Landorus
|
|upkeep
|
|t:|1779885706
|switch|p1a: Slowking|Slowking-Galar, F|52/100
|turn|18
|
|t:|1779885710
|move|p2a: Walking Wake|Dragon Pulse|p1a: Slowking
|-damage|p1a: Slowking|27/100
|-prepare|p1a: Slowking|Chilly Reception|[premajor]
|move|p1a: Slowking|Chilly Reception|p1a: Slowking
|-weather|Snowscape
|
|t:|1779885713
|switch|p1a: Cetitan|Cetitan, M|100/100|[from] Chilly Reception
|
|-weather|Snowscape|[upkeep]
|upkeep
|turn|19
|
|t:|1779885720
|move|p1a: Cetitan|Ice Spinner|p2a: Walking Wake
|-damage|p2a: Walking Wake|6/100
|move|p2a: Walking Wake|Dragon Pulse|p1a: Cetitan
|-damage|p1a: Cetitan|53/100
|
|-weather|Snowscape|[upkeep]
|upkeep
|turn|20
|
|t:|1779885728
|move|p1a: Cetitan|Ice Spinner|p2a: Walking Wake
|-damage|p2a: Walking Wake|0 fnt
|faint|p2a: Walking Wake
|-end|p2a: Walking Wake|Protosynthesis|[silent]
|
|-weather|Snowscape|[upkeep]
|upkeep
|
|t:|1779885736
|switch|p2a: Heatran|Heatran, F|100/100
|-damage|p2a: Heatran|88/100|[from] Stealth Rock
|turn|21
|
|t:|1779885742
|move|p1a: Cetitan|Earthquake|p2a: Heatran
|-supereffective|p2a: Heatran
|-damage|p2a: Heatran|0 fnt
|faint|p2a: Heatran
|
|-weather|Snowscape|[upkeep]
|upkeep
|-message|teapause forfeited.
|
|win|milkmaster3001
|raw|milkmaster3001's rating: 1425 &rarr; <strong>1445</strong><br />(+20 for winning)
|raw|teapause's rating: 1422 &rarr; <strong>1402</strong><br />(-20 for losing)
|l|☆teapause
|player|p2|
|l|☆milkmaster3001
|player|p1|
