|j|☆Rubicouss
|j|☆csasasdasdas
|t:|1779850884
|gametype|singles
|player|p1|Rubicouss|gambler|1411
|player|p2|csasasdasdas|170|1382
|gen|9
|tier|[Gen 9] OU
|rated|
|rule|HP Percentage Mod: HP is shown in percentages
|rule|Endless Battle Clause: Forcing endless battles is banned
|rule|Species Clause: Limit one of each Pokémon
|rule|OHKO Clause: OHKO moves are banned
|rule|Evasion Items Clause: Evasion items are banned
|rule|Evasion Moves Clause: Evasion moves are banned
|rule|Evasion Abilities Clause: Evasion abilities are banned
|rule|Sleep Moves Clause: Sleep-inducing moves are banned
|clearpoke
|poke|p1|Golem-Alola, M|
|poke|p1|Weezing-Galar, F|
|poke|p1|Staraptor, F|
|poke|p1|Azumarill, F|
|poke|p1|Talonflame, F|
|poke|p1|Kingambit, F|
|poke|p2|Volcanion|
|poke|p2|Ursaluna, F|
|poke|p2|Cresselia, F|
|poke|p2|Hatterene, F|
|poke|p2|Iron Hands|
|poke|p2|Porygon2|
|teampreview
|inactive|Battle timer is ON: inactive players will automatically lose when time's up. (requested by csasasdasdas)
|inactive|Rubicouss has 120 seconds left.
|
|t:|1779850930
|teamsize|p1|6
|teamsize|p2|6
|start
|switch|p1a: Golem|Golem-Alola, M|100/100
|switch|p2a: Volcanion|Volcanion|100/100
|turn|1
|inactive|csasasdasdas has 120 seconds left.
|
|t:|1779850965
|switch|p1a: Azumarill|Azumarill, F|100/100
|move|p2a: Volcanion|Steam Eruption|p1a: Azumarill
|-resisted|p1a: Azumarill
|-damage|p1a: Azumarill|66/100
|-status|p1a: Azumarill|brn
|
|-heal|p1a: Azumarill|73/100 brn|[from] item: Leftovers
|-damage|p1a: Azumarill|66/100 brn|[from] brn
|upkeep
|turn|2
|
|t:|1779850974
|move|p1a: Azumarill|Whirlpool|p2a: Volcanion
|-immune|p2a: Volcanion|[from] ability: Water Absorb
|move|p2a: Volcanion|Steam Eruption|p1a: Azumarill
|-resisted|p1a: Azumarill
|-damage|p1a: Azumarill|34/100 brn
|
|-heal|p1a: Azumarill|40/100 brn|[from] item: Leftovers
|-damage|p1a: Azumarill|34/100 brn|[from] brn
|upkeep
|turn|3
|
|t:|1779850982
|move|p1a: Azumarill|Protect|p1a: Azumarill
|-singleturn|p1a: Azumarill|Protect
|move|p2a: Volcanion|Steam Eruption|p1a: Azumarill
|-activate|p1a: Azumarill|move: Protect
|
|-heal|p1a: Azumarill|40/100 brn|[from] item: Leftovers
|-damage|p1a: Azumarill|34/100 brn|[from] brn
|upkeep
|turn|4
|
|t:|1779850990
|move|p1a: Azumarill|Perish Song|p1a: Azumarill
|-start|p1a: Azumarill|perish3|[silent]
|-start|p2a: Volcanion|perish3|[silent]
|-fieldactivate|move: Perish Song
|move|p2a: Volcanion|Steam Eruption|p1a: Azumarill
|-resisted|p1a: Azumarill
|-damage|p1a: Azumarill|0 fnt
|faint|p1a: Azumarill
|
|-start|p2a: Volcanion|perish3
|upkeep
|
|t:|1779850999
|switch|p1a: Staraptor|Staraptor, F|100/100
|-ability|p1a: Staraptor|Intimidate|boost
|-unboost|p2a: Volcanion|atk|1
|turn|5
|
|t:|1779851002
|move|p1a: Staraptor|Final Gambit|p2a: Volcanion
|-damage|p2a: Volcanion|0 fnt
|faint|p1a: Staraptor
|faint|p2a: Volcanion
|
|upkeep
|
|t:|1779851008
|switch|p1a: Golem|Golem-Alola, M|100/100
|switch|p2a: Ursaluna|Ursaluna, F|100/100
|turn|6
|
|t:|1779851014
|move|p2a: Ursaluna|Earthquake|p1a: Golem
|-supereffective|p1a: Golem
|-damage|p1a: Golem|0 fnt
|faint|p1a: Golem
|
|-status|p2a: Ursaluna|brn|[from] item: Flame Orb
|upkeep
|-message|Rubicouss forfeited.
|
|win|csasasdasdas
|raw|Rubicouss's rating: 1411 &rarr; <strong>1389</strong><br />(-22 for losing)
|raw|csasasdasdas's rating: 1382 &rarr; <strong>1404</strong><br />(+22 for winning)
|l|☆Rubicouss
|player|p1|
|l|☆csasasdasdas
|player|p2|
