|j|‽4swordstyleiyai
|j|☆DeathFool
|t:|1779964182
|gametype|singles
|player|p1|4swordstyleiyai|170|1117
|player|p2|DeathFool|youngster-gen4dp|1139
|gen|9
|tier|[Gen 9] OU
|rated|
|rule|HP Percentage Mod: HP is shown in percentages
|rule|Endless Battle Clause: Forcing endless battles is banned
|rule|Species Clause: Limit one of each Pokémon
|rule|OHKO Clause: OHKO moves are banned
|rule|Evasion Items Clause: Evasion items are banned
|rule|Evasion Moves Clause: Evasion moves are banned
|rule|Evasion Abilities Clause: Evasion abilities are banned
|rule|Sleep Moves Clause: Sleep-inducing moves are banned
|clearpoke
|poke|p1|Clefable, M|
|poke|p1|Glimmora, M|
|poke|p1|Indeedee-F, F|
|poke|p1|Polteageist-Antique|
|poke|p1|Ceruledge, F|
|poke|p1|Incineroar, F|
|poke|p2|Glimmora, M|
|poke|p2|Ting-Lu|
|poke|p2|Hatterene, F|
|poke|p2|Meowscarada, M|
|poke|p2|Iron Valiant|
|poke|p2|Gholdengo|
|teampreview
|
|t:|1779964193
|teamsize|p1|6
|teamsize|p2|6
|start
|switch|p1a: Glimmora|Glimmora, M|100/100
|switch|p2a: Glimmora|Glimmora, M|100/100
|turn|1
|
|t:|1779964202
|move|p1a: Glimmora|Stealth Rock|p2a: Glimmora
|-sidestart|p2: DeathFool|move: Stealth Rock
|move|p2a: Glimmora|Earth Power|p1a: Glimmora
|-supereffective|p1a: Glimmora
|-enditem|p1a: Glimmora|Focus Sash
|-damage|p1a: Glimmora|1/100
|-unboost|p1a: Glimmora|spd|1
|
|upkeep
|turn|2
|
|t:|1779964211
|move|p1a: Glimmora|Memento|p2a: Glimmora
|-unboost|p2a: Glimmora|atk|2
|-unboost|p2a: Glimmora|spa|2
|faint|p1a: Glimmora
|move|p2a: Glimmora|Mortal Spin|p1: Glimmora|[notarget]
|-fail|p2a: Glimmora
|
|upkeep
|inactive|Battle timer is ON: inactive players will automatically lose when time's up. (requested by DeathFool)
|
|t:|1779964220
|switch|p1a: Clefable|Clefable, M|100/100
|turn|3
|
|t:|1779964224
|move|p2a: Glimmora|Stealth Rock|p1a: Clefable
|-sidestart|p1: 4swordstyleiyai|move: Stealth Rock
|move|p1a: Clefable|Cosmic Power|p1a: Clefable
|-boost|p1a: Clefable|def|1
|-boost|p1a: Clefable|spd|1
|
|upkeep
|turn|4
|
|t:|1779964231
|move|p2a: Glimmora|Spikes|p1a: Clefable
|-sidestart|p1: 4swordstyleiyai|Spikes
|move|p1a: Clefable|Cosmic Power|p1a: Clefable
|-boost|p1a: Clefable|def|1
|-boost|p1a: Clefable|spd|1
|
|upkeep
|turn|5
|
|t:|1779964237
|move|p2a: Glimmora|Mortal Spin|p1a: Clefable
|-supereffective|p1a: Clefable
|-damage|p1a: Clefable|96/100
|-status|p1a: Clefable|psn
|-sideend|p2: DeathFool|Stealth Rock|[from] move: Mortal Spin|[of] p2a: Glimmora
|move|p1a: Clefable|Cosmic Power|p1a: Clefable
|-boost|p1a: Clefable|def|1
|-boost|p1a: Clefable|spd|1
|
|-heal|p1a: Clefable|100/100 psn|[from] item: Leftovers
|upkeep
|turn|6
|
|t:|1779964249
|move|p2a: Glimmora|Spikes|p1a: Clefable
|-sidestart|p1: 4swordstyleiyai|Spikes
|move|p1a: Clefable|Cosmic Power|p1a: Clefable
|-boost|p1a: Clefable|def|1
|-boost|p1a: Clefable|spd|1
|
|upkeep
|turn|7
|
|t:|1779964256
|switch|p2a: Ting-Lu|Ting-Lu|100/100
|-ability|p2a: Ting-Lu|Vessel of Ruin
|move|p1a: Clefable|Cosmic Power|p1a: Clefable
|-boost|p1a: Clefable|def|1
|-boost|p1a: Clefable|spd|1
|
|upkeep
|turn|8
|
|t:|1779964268
|move|p1a: Clefable|Cosmic Power|p1a: Clefable
|-boost|p1a: Clefable|def|1
|-boost|p1a: Clefable|spd|1
|move|p2a: Ting-Lu|Whirlwind|p1a: Clefable
|drag|p1a: Ceruledge|Ceruledge, F|100/100
|-damage|p1a: Ceruledge|75/100|[from] Stealth Rock
|-damage|p1a: Ceruledge|59/100|[from] Spikes
|
|upkeep
|turn|9
|
|t:|1779964278
|move|p1a: Ceruledge|Endure|p1a: Ceruledge
|-singleturn|p1a: Ceruledge|move: Endure
|move|p2a: Ting-Lu|Earthquake|p1a: Ceruledge
|-supereffective|p1a: Ceruledge
|-activate|p1a: Ceruledge|move: Endure
|-damage|p1a: Ceruledge|1/100
|-ability|p1a: Ceruledge|Weak Armor|boost
|-unboost|p1a: Ceruledge|def|1
|-boost|p1a: Ceruledge|spe|2
|-enditem|p1a: Ceruledge|Weakness Policy
|-boost|p1a: Ceruledge|atk|2|[from] item: Weakness Policy
|-boost|p1a: Ceruledge|spa|2|[from] item: Weakness Policy
|
|upkeep
|turn|10
|
|t:|1779964292
|move|p1a: Ceruledge|Close Combat|p2a: Ting-Lu
|-supereffective|p2a: Ting-Lu
|-damage|p2a: Ting-Lu|6/100
|-unboost|p1a: Ceruledge|def|1
|-unboost|p1a: Ceruledge|spd|1
|move|p2a: Ting-Lu|Whirlwind|p1a: Ceruledge
|drag|p1a: Clefable|Clefable, M|100/100 psn
|
|-heal|p2a: Ting-Lu|12/100|[from] item: Leftovers
|upkeep
|turn|11
|
|t:|1779964306
|move|p1a: Clefable|Cosmic Power|p1a: Clefable
|-boost|p1a: Clefable|def|1
|-boost|p1a: Clefable|spd|1
|move|p2a: Ting-Lu|Ruination|p1a: Clefable
|-damage|p1a: Clefable|50/100 psn
|
|-heal|p1a: Clefable|57/100 psn|[from] item: Leftovers
|-heal|p2a: Ting-Lu|18/100|[from] item: Leftovers
|upkeep
|turn|12
|
|t:|1779964317
|move|p1a: Clefable|Moonlight|p1a: Clefable
|-heal|p1a: Clefable|100/100 psn
|move|p2a: Ting-Lu|Whirlwind|p1a: Clefable
|drag|p1a: Polteageist|Polteageist-Antique|100/100
|-damage|p1a: Polteageist|88/100|[from] Stealth Rock
|-damage|p1a: Polteageist|72/100|[from] Spikes
|
|-heal|p2a: Ting-Lu|25/100|[from] item: Leftovers
|upkeep
|turn|13
|
|t:|1779964331
|move|p1a: Polteageist|Giga Drain|p2a: Ting-Lu
|-supereffective|p2a: Ting-Lu
|-damage|p2a: Ting-Lu|1/100
|-heal|p1a: Polteageist|95/100|[from] drain|[of] p2a: Ting-Lu
|move|p2a: Ting-Lu|Ruination|p1a: Polteageist
|-damage|p1a: Polteageist|48/100
|
|-heal|p2a: Ting-Lu|7/100|[from] item: Leftovers
|upkeep
|turn|14
|
|t:|1779964342
|move|p1a: Polteageist|Giga Drain|p2a: Ting-Lu
|-supereffective|p2a: Ting-Lu
|-damage|p2a: Ting-Lu|0 fnt
|-heal|p1a: Polteageist|54/100|[from] drain|[of] p2a: Ting-Lu
|faint|p2a: Ting-Lu
|
|upkeep
|
|t:|1779964349
|switch|p2a: Iron Valiant|Iron Valiant|100/100
|-enditem|p2a: Iron Valiant|Booster Energy
|-activate|p2a: Iron Valiant|ability: Quark Drive|[fromitem]
|-start|p2a: Iron Valiant|quarkdrivespe
|turn|15
|
|t:|1779964366
|-terastallize|p2a: Iron Valiant|Fairy
|-terastallize|p1a: Polteageist|Fairy
|move|p2a: Iron Valiant|Moonblast|p1a: Polteageist
|-damage|p1a: Polteageist|0 fnt
|faint|p1a: Polteageist
|
|upkeep
|
|t:|1779964378
|switch|p1a: Ceruledge|Ceruledge, F|1/100
|-damage|p1a: Ceruledge|0 fnt|[from] Stealth Rock
|faint|p1a: Ceruledge
|
|t:|1779964382
|switch|p1a: Indeedee|Indeedee-F, F|100/100
|-damage|p1a: Indeedee|88/100|[from] Stealth Rock
|-damage|p1a: Indeedee|71/100|[from] Spikes
|-fieldstart|move: Psychic Terrain|[from] ability: Psychic Surge|[of] p1a: Indeedee
|turn|16
|l|☆DeathFool
|inactive|DeathFool disconnected and has a minute to reconnect!
|player|p2|
|j|☆DeathFool
|inactive|DeathFool reconnected and has 135 seconds left.
|player|p2|DeathFool|youngster-gen4dp|
|
|t:|1779964408
|move|p2a: Iron Valiant|Moonblast|p1a: Indeedee
|-damage|p1a: Indeedee|13/100
|move|p1a: Indeedee|Light Screen|p1a: Indeedee
|-sidestart|p1: 4swordstyleiyai|move: Light Screen
|
|upkeep
|turn|17
|
|t:|1779964417
|move|p2a: Iron Valiant|Moonblast|p1a: Indeedee
|-damage|p1a: Indeedee|0 fnt
|faint|p1a: Indeedee
|
|upkeep
|
|t:|1779964423
|switch|p1a: Incineroar|Incineroar, F|100/100
|-damage|p1a: Incineroar|75/100|[from] Stealth Rock
|-damage|p1a: Incineroar|59/100|[from] Spikes
|-ability|p1a: Incineroar|Intimidate|boost
|-unboost|p2a: Iron Valiant|atk|1
|turn|18
|
|t:|1779964435
|move|p2a: Iron Valiant|Moonblast|p1a: Incineroar
|-damage|p1a: Incineroar|22/100
|move|p1a: Incineroar|Flame Charge|p2a: Iron Valiant
|-damage|p2a: Iron Valiant|70/100
|-boost|p1a: Incineroar|spe|1
|
|upkeep
|turn|19
|
|t:|1779964445
|move|p2a: Iron Valiant|Moonblast|p1a: Incineroar
|-damage|p1a: Incineroar|0 fnt
|faint|p1a: Incineroar
|
|upkeep
|
|t:|1779964450
|switch|p1a: Clefable|Clefable, M|100/100 psn
|turn|20
|
|t:|1779964472
|move|p2a: Iron Valiant|Moonblast|p1a: Clefable
|-damage|p1a: Clefable|71/100 psn
|-unboost|p1a: Clefable|spa|1
|move|p1a: Clefable|Cosmic Power|p1a: Clefable
|-boost|p1a: Clefable|def|1
|-boost|p1a: Clefable|spd|1
|
|-heal|p1a: Clefable|77/100 psn|[from] item: Leftovers
|-sideend|p1: 4swordstyleiyai|move: Light Screen
|upkeep
|turn|21
|
|t:|1779964484
|-end|p2a: Iron Valiant|Quark Drive|[silent]
|switch|p2a: Hatterene|Hatterene, F|100/100
|move|p1a: Clefable|Cosmic Power|p1a: Clefable
|-boost|p1a: Clefable|def|1
|-boost|p1a: Clefable|spd|1
|
|-heal|p1a: Clefable|83/100 psn|[from] item: Leftovers
|upkeep
|turn|22
|
|t:|1779964501
|move|p1a: Clefable|Cosmic Power|p1a: Clefable
|-boost|p1a: Clefable|def|1
|-boost|p1a: Clefable|spd|1
|move|p2a: Hatterene|Calm Mind|p2a: Hatterene
|-boost|p2a: Hatterene|spa|1
|-boost|p2a: Hatterene|spd|1
|
|-heal|p1a: Clefable|89/100 psn|[from] item: Leftovers
|upkeep
|turn|23
|
|t:|1779964514
|move|p1a: Clefable|Cosmic Power|p1a: Clefable
|-boost|p1a: Clefable|def|1
|-boost|p1a: Clefable|spd|1
|move|p2a: Hatterene|Calm Mind|p2a: Hatterene
|-boost|p2a: Hatterene|spa|1
|-boost|p2a: Hatterene|spd|1
|
|-heal|p1a: Clefable|95/100 psn|[from] item: Leftovers
|-fieldend|move: Psychic Terrain
|upkeep
|turn|24
|
|t:|1779964532
|move|p1a: Clefable|Cosmic Power|p1a: Clefable
|-boost|p1a: Clefable|def|1
|-boost|p1a: Clefable|spd|1
|move|p2a: Hatterene|Calm Mind|p2a: Hatterene
|-boost|p2a: Hatterene|spa|1
|-boost|p2a: Hatterene|spd|1
|
|-heal|p1a: Clefable|100/100 psn|[from] item: Leftovers
|upkeep
|turn|25
|
|t:|1779964542
|move|p1a: Clefable|Cosmic Power|p1a: Clefable
|-boost|p1a: Clefable|def|1
|-boost|p1a: Clefable|spd|1
|move|p2a: Hatterene|Psychic Noise|p1a: Clefable
|-damage|p1a: Clefable|78/100 psn
|-start|p1a: Clefable|move: Heal Block
|
|upkeep
|turn|26
|
|t:|1779964553
|move|p1a: Clefable|Charge Beam|p2a: Hatterene
|-damage|p2a: Hatterene|96/100
|-boost|p1a: Clefable|spa|1
|move|p2a: Hatterene|Calm Mind|p2a: Hatterene
|-boost|p2a: Hatterene|spa|1
|-boost|p2a: Hatterene|spd|1
|
|-heal|p2a: Hatterene|100/100|[from] item: Leftovers
|-end|p1a: Clefable|move: Heal Block
|upkeep
|turn|27
|
|t:|1779964568
|move|p1a: Clefable|Charge Beam|p2a: Hatterene
|-damage|p2a: Hatterene|95/100
|-boost|p1a: Clefable|spa|1
|move|p2a: Hatterene|Calm Mind|p2a: Hatterene
|-boost|p2a: Hatterene|spa|1
|-boost|p2a: Hatterene|spd|1
|
|-heal|p1a: Clefable|85/100 psn|[from] item: Leftovers
|-heal|p2a: Hatterene|100/100|[from] item: Leftovers
|upkeep
|turn|28
|
|t:|1779964579
|move|p1a: Clefable|Charge Beam|p2a: Hatterene|[miss]
|-miss|p1a: Clefable|p2a: Hatterene
|move|p2a: Hatterene|Calm Mind|p2a: Hatterene
|-boost|p2a: Hatterene|spa|1
|-boost|p2a: Hatterene|spd|1
|
|-heal|p1a: Clefable|91/100 psn|[from] item: Leftovers
|upkeep
|turn|29
|
|t:|1779964589
|move|p1a: Clefable|Charge Beam|p2a: Hatterene
|-damage|p2a: Hatterene|94/100
|move|p2a: Hatterene|Mystical Fire|p1a: Clefable
|-damage|p1a: Clefable|69/100 psn
|-unboost|p1a: Clefable|spa|1
|
|-heal|p1a: Clefable|75/100 psn|[from] item: Leftovers
|-heal|p2a: Hatterene|99/100|[from] item: Leftovers
|upkeep
|turn|30
|
|t:|1779964601
|move|p1a: Clefable|Stored Power|p2a: Hatterene
|-resisted|p2a: Hatterene
|-damage|p2a: Hatterene|90/100
|move|p2a: Hatterene|Mystical Fire|p1a: Clefable
|-damage|p1a: Clefable|54/100 psn
|-unboost|p1a: Clefable|spa|1
|
|-heal|p1a: Clefable|60/100 psn|[from] item: Leftovers
|-heal|p2a: Hatterene|96/100|[from] item: Leftovers
|upkeep
|turn|31
|
|t:|1779964612
|move|p1a: Clefable|Moonlight|p1a: Clefable
|-heal|p1a: Clefable|100/100 psn
|move|p2a: Hatterene|Mystical Fire|p1a: Clefable
|-damage|p1a: Clefable|77/100 psn
|-unboost|p1a: Clefable|spa|1
|
|-heal|p1a: Clefable|83/100 psn|[from] item: Leftovers
|-heal|p2a: Hatterene|100/100|[from] item: Leftovers
|upkeep
|turn|32
|
|t:|1779964622
|move|p1a: Clefable|Charge Beam|p2a: Hatterene
|-damage|p2a: Hatterene|98/100
|-boost|p1a: Clefable|spa|1
|move|p2a: Hatterene|Mystical Fire|p1a: Clefable
|-damage|p1a: Clefable|62/100 psn
|-unboost|p1a: Clefable|spa|1
|
|-heal|p1a: Clefable|69/100 psn|[from] item: Leftovers
|-heal|p2a: Hatterene|100/100|[from] item: Leftovers
|upkeep
|turn|33
|c|☆DeathFool|Lol
|
|t:|1779964635
|move|p1a: Clefable|Charge Beam|p2a: Hatterene
|-damage|p2a: Hatterene|98/100
|-boost|p1a: Clefable|spa|1
|move|p2a: Hatterene|Mystical Fire|p1a: Clefable
|-damage|p1a: Clefable|48/100 psn
|-unboost|p1a: Clefable|spa|1
|
|-heal|p1a: Clefable|54/100 psn|[from] item: Leftovers
|-heal|p2a: Hatterene|100/100|[from] item: Leftovers
|upkeep
|turn|34
|
|t:|1779964647
|move|p1a: Clefable|Moonlight|p1a: Clefable
|-heal|p1a: Clefable|100/100 psn
|move|p2a: Hatterene|Mystical Fire|p1a: Clefable
|-damage|p1a: Clefable|78/100 psn
|-unboost|p1a: Clefable|spa|1
|
|-heal|p1a: Clefable|84/100 psn|[from] item: Leftovers
|upkeep
|turn|35
|
|t:|1779964657
|move|p1a: Clefable|Charge Beam|p2a: Hatterene|[miss]
|-miss|p1a: Clefable|p2a: Hatterene
|move|p2a: Hatterene|Psychic Noise|p1a: Clefable
|-damage|p1a: Clefable|49/100 psn
|-start|p1a: Clefable|move: Heal Block
|
|upkeep
|turn|36
|
|t:|1779964666
|move|p1a: Clefable|Charge Beam|p2a: Hatterene
|-damage|p2a: Hatterene|99/100
|-boost|p1a: Clefable|spa|1
|move|p2a: Hatterene|Mystical Fire|p1a: Clefable
|-damage|p1a: Clefable|28/100 psn
|-unboost|p1a: Clefable|spa|1
|
|-heal|p2a: Hatterene|100/100|[from] item: Leftovers
|-end|p1a: Clefable|move: Heal Block
|upkeep
|turn|37
|
|t:|1779964678
|move|p1a: Clefable|Moonlight|p1a: Clefable
|-heal|p1a: Clefable|78/100 psn
|move|p2a: Hatterene|Psychic Noise|p1a: Clefable
|-damage|p1a: Clefable|44/100 psn
|-start|p1a: Clefable|move: Heal Block
|
|upkeep
|turn|38
|
|t:|1779964688
|move|p1a: Clefable|Charge Beam|p2a: Hatterene
|-damage|p2a: Hatterene|99/100
|-boost|p1a: Clefable|spa|1
|move|p2a: Hatterene|Psychic Noise|p1a: Clefable
|-damage|p1a: Clefable|12/100 psn
|
|-heal|p2a: Hatterene|100/100|[from] item: Leftovers
|-end|p1a: Clefable|move: Heal Block
|upkeep
|turn|39
|l|☆DeathFool
|inactive|DeathFool disconnected and has a minute to reconnect!
|player|p2|
|j|☆DeathFool
|inactive|DeathFool reconnected and has 110 seconds left.
|player|p2|DeathFool|youngster-gen4dp|
|
|t:|1779964734
|move|p1a: Clefable|Moonlight|p1a: Clefable
|-heal|p1a: Clefable|62/100 psn
|move|p2a: Hatterene|Psychic Noise|p1a: Clefable
|-damage|p1a: Clefable|29/100 psn
|-start|p1a: Clefable|move: Heal Block
|
|upkeep
|turn|40
|
|t:|1779964749
|move|p1a: Clefable|Charge Beam|p2a: Hatterene
|-damage|p2a: Hatterene|98/100
|move|p2a: Hatterene|Psychic Noise|p1a: Clefable
|-damage|p1a: Clefable|0 fnt
|faint|p1a: Clefable
|
|win|DeathFool
|raw|4swordstyleiyai's rating: 1117 &rarr; <strong>1094</strong><br />(-23 for losing)
|raw|DeathFool's rating: 1139 &rarr; <strong>1162</strong><br />(+23 for winning)
|l|‽4swordstyleiyai
|player|p1|
|l|☆DeathFool
|player|p2|
