|j|☆smoldracovish
|j|☆trndstta
|t:|1779870722
|gametype|singles
|player|p1|smoldracovish|102|1475
|player|p2|trndstta|170|1420
|gen|9
|tier|[Gen 9] OU
|rated|
|rule|HP Percentage Mod: HP is shown in percentages
|rule|Endless Battle Clause: Forcing endless battles is banned
|rule|Species Clause: Limit one of each Pokémon
|rule|OHKO Clause: OHKO moves are banned
|rule|Evasion Items Clause: Evasion items are banned
|rule|Evasion Moves Clause: Evasion moves are banned
|rule|Evasion Abilities Clause: Evasion abilities are banned
|rule|Sleep Moves Clause: Sleep-inducing moves are banned
|clearpoke
|poke|p1|Tinkaton, F|
|poke|p1|Ogerpon, F|
|poke|p1|Great Tusk|
|poke|p1|Pecharunt|
|poke|p1|Alomomola, F|
|poke|p1|Hydreigon, M|
|poke|p2|Blaziken, M|
|poke|p2|Ninetales, F|
|poke|p2|Venusaur, F|
|poke|p2|Hatterene, F|
|poke|p2|Great Tusk|
|poke|p2|Walking Wake|
|teampreview
|
|t:|1779870742
|teamsize|p1|6
|teamsize|p2|6
|start
|switch|p1a: Ogerpon|Ogerpon, F|100/100
|switch|p2a: Ninetales|Ninetales, F|100/100
|-weather|SunnyDay|[from] ability: Drought|[of] p2a: Ninetales
|turn|1
|
|t:|1779870754
|switch|p2a: Walking Wake|Walking Wake|100/100
|-activate|p2a: Walking Wake|ability: Protosynthesis
|-start|p2a: Walking Wake|protosynthesisspe
|move|p1a: Ogerpon|U-turn|p2a: Walking Wake
|-damage|p2a: Walking Wake|64/100
|
|t:|1779870756
|switch|p1a: Alomomola|Alomomola, F|100/100|[from] U-turn
|
|-weather|SunnyDay|[upkeep]
|upkeep
|turn|2
|
|t:|1779870761
|-end|p2a: Walking Wake|Protosynthesis|[silent]
|switch|p2a: Venusaur|Venusaur, F|100/100
|move|p1a: Alomomola|Flip Turn|p2a: Venusaur
|-resisted|p2a: Venusaur
|-damage|p2a: Venusaur|96/100
|
|t:|1779870767
|switch|p1a: Hydreigon|Hydreigon, M|100/100|[from] Flip Turn
|
|-weather|SunnyDay|[upkeep]
|upkeep
|turn|3
|
|t:|1779870770
|move|p2a: Venusaur|Sludge Bomb|p1a: Hydreigon
|-damage|p1a: Hydreigon|47/100
|-damage|p2a: Venusaur|86/100|[from] item: Life Orb
|move|p1a: Hydreigon|Dark Pulse|p2a: Venusaur
|-damage|p2a: Venusaur|12/100
|
|-weather|SunnyDay|[upkeep]
|upkeep
|turn|4
|
|t:|1779870785
|switch|p1a: Alomomola|Alomomola, F|100/100
|move|p2a: Venusaur|Sludge Bomb|p1a: Alomomola
|-damage|p1a: Alomomola|78/100
|-damage|p2a: Venusaur|2/100|[from] item: Life Orb
|
|-weather|SunnyDay|[upkeep]
|upkeep
|turn|5
|
|t:|1779870789
|move|p1a: Alomomola|Aqua Jet|p2a: Venusaur
|-resisted|p2a: Venusaur
|-damage|p2a: Venusaur|0 fnt
|faint|p2a: Venusaur
|
|-weather|SunnyDay|[upkeep]
|upkeep
|
|t:|1779870793
|switch|p2a: Great Tusk|Great Tusk|100/100
|-activate|p2a: Great Tusk|ability: Protosynthesis
|-start|p2a: Great Tusk|protosynthesisatk
|turn|6
|
|t:|1779870807
|switch|p1a: Hydreigon|Hydreigon, M|47/100
|move|p2a: Great Tusk|Stealth Rock|p1a: Hydreigon
|-sidestart|p1: smoldracovish|move: Stealth Rock
|
|-weather|SunnyDay|[upkeep]
|upkeep
|turn|7
|
|t:|1779870814
|move|p1a: Hydreigon|Draco Meteor|p2a: Great Tusk
|-crit|p2a: Great Tusk
|-damage|p2a: Great Tusk|0 fnt
|-unboost|p1a: Hydreigon|spa|2
|faint|p2a: Great Tusk
|-end|p2a: Great Tusk|Protosynthesis|[silent]
|
|-weather|SunnyDay|[upkeep]
|upkeep
|
|t:|1779870819
|switch|p2a: Hatterene|Hatterene, F|100/100
|turn|8
|
|t:|1779870823
|switch|p1a: Tinkaton|Tinkaton, F|100/100
|-damage|p1a: Tinkaton|94/100|[from] Stealth Rock
|-item|p1a: Tinkaton|Air Balloon
|move|p2a: Hatterene|Nuzzle|p1a: Tinkaton
|-damage|p1a: Tinkaton|89/100
|-status|p1a: Tinkaton|par
|-enditem|p1a: Tinkaton|Air Balloon
|-enditem|p2a: Hatterene|Eject Button|[silent]|[from] ability: Pickpocket|[of] p2a: Hatterene
|-item|p1a: Tinkaton|Eject Button|[from] ability: Pickpocket|[of] p2a: Hatterene
|
|-weather|none
|upkeep
|turn|9
|
|t:|1779870827
|switch|p2a: Ninetales|Ninetales, F|100/100
|-weather|SunnyDay|[from] ability: Drought|[of] p2a: Ninetales
|cant|p1a: Tinkaton|par
|
|-weather|SunnyDay|[upkeep]
|upkeep
|turn|10
|
|t:|1779870833
|switch|p2a: Blaziken|Blaziken, M|100/100
|switch|p1a: Alomomola|Alomomola, F|100/100
|-damage|p1a: Alomomola|88/100|[from] Stealth Rock
|
|-weather|SunnyDay|[upkeep]
|upkeep
|turn|11
|
|t:|1779870840
|move|p2a: Blaziken|Focus Energy|p2a: Blaziken
|-start|p2a: Blaziken|move: Focus Energy
|move|p1a: Alomomola|Flip Turn|p2a: Blaziken
|-supereffective|p2a: Blaziken
|-damage|p2a: Blaziken|72/100
|inactive|Battle timer is ON: inactive players will automatically lose when time's up. (requested by trndstta)
|
|t:|1779870860
|switch|p1a: Ogerpon|Ogerpon, F|100/100|[from] Flip Turn
|-damage|p1a: Ogerpon|88/100|[from] Stealth Rock
|
|-weather|SunnyDay|[upkeep]
|-ability|p2a: Blaziken|Speed Boost|boost
|-boost|p2a: Blaziken|spe|1
|upkeep
|turn|12
|
|t:|1779870867
|switch|p1a: Alomomola|Alomomola, F|100/100
|-damage|p1a: Alomomola|88/100|[from] Stealth Rock
|-terastallize|p2a: Blaziken|Fire
|move|p2a: Blaziken|Overheat|p1a: Alomomola
|-resisted|p1a: Alomomola
|-crit|p1a: Alomomola
|-damage|p1a: Alomomola|37/100
|-unboost|p2a: Blaziken|spa|2
|
|-weather|SunnyDay|[upkeep]
|-ability|p2a: Blaziken|Speed Boost|boost
|-boost|p2a: Blaziken|spe|1
|upkeep
|turn|13
|
|t:|1779870879
|switch|p1a: Tinkaton|Tinkaton, F|89/100 par
|-damage|p1a: Tinkaton|82/100 par|[from] Stealth Rock
|move|p2a: Blaziken|Close Combat|p1a: Tinkaton
|-crit|p1a: Tinkaton
|-damage|p1a: Tinkaton|0 fnt
|-unboost|p2a: Blaziken|def|1
|-unboost|p2a: Blaziken|spd|1
|faint|p1a: Tinkaton
|
|-weather|SunnyDay|[upkeep]
|-ability|p2a: Blaziken|Speed Boost|boost
|-boost|p2a: Blaziken|spe|1
|upkeep
|
|t:|1779870898
|switch|p1a: Alomomola|Alomomola, F|70/100
|-damage|p1a: Alomomola|58/100|[from] Stealth Rock
|turn|14
|
|t:|1779870901
|switch|p1a: Pecharunt|Pecharunt|100/100
|-damage|p1a: Pecharunt|88/100|[from] Stealth Rock
|move|p2a: Blaziken|Close Combat|p1a: Pecharunt
|-immune|p1a: Pecharunt
|
|-weather|SunnyDay|[upkeep]
|-ability|p2a: Blaziken|Speed Boost|boost
|-boost|p2a: Blaziken|spe|1
|upkeep
|turn|15
|
|t:|1779870906
|move|p2a: Blaziken|Close Combat|p1a: Pecharunt
|-immune|p1a: Pecharunt
|move|p1a: Pecharunt|Malignant Chain|p2a: Blaziken
|-damage|p2a: Blaziken|0 fnt
|faint|p2a: Blaziken
|
|-weather|SunnyDay|[upkeep]
|upkeep
|
|t:|1779870908
|switch|p2a: Walking Wake|Walking Wake|64/100
|-activate|p2a: Walking Wake|ability: Protosynthesis
|-start|p2a: Walking Wake|protosynthesisspe
|turn|16
|
|t:|1779870911
|switch|p1a: Alomomola|Alomomola, F|91/100
|-damage|p1a: Alomomola|78/100|[from] Stealth Rock
|move|p2a: Walking Wake|Hydro Steam|p1a: Alomomola
|-resisted|p1a: Alomomola
|-damage|p1a: Alomomola|58/100
|
|-weather|none
|-end|p2a: Walking Wake|Protosynthesis
|upkeep
|turn|17
|-message|trndstta forfeited.
|
|win|smoldracovish
|raw|smoldracovish's rating: 1475 &rarr; <strong>1492</strong><br />(+17 for winning)
|raw|trndstta's rating: 1420 &rarr; <strong>1403</strong><br />(-17 for losing)
|l|☆trndstta
|player|p2|
|l|☆smoldracovish
|player|p1|
