|j|☆Coolradguy
|j|☆StormIsNotOmega
|t:|1779864285
|gametype|singles
|player|p1|Coolradguy|102|1494
|player|p2|StormIsNotOmega|psychic-gen4|1474
|gen|9
|tier|[Gen 9] OU
|rated|
|rule|HP Percentage Mod: HP is shown in percentages
|rule|Endless Battle Clause: Forcing endless battles is banned
|rule|Species Clause: Limit one of each Pokémon
|rule|OHKO Clause: OHKO moves are banned
|rule|Evasion Items Clause: Evasion items are banned
|rule|Evasion Moves Clause: Evasion moves are banned
|rule|Evasion Abilities Clause: Evasion abilities are banned
|rule|Sleep Moves Clause: Sleep-inducing moves are banned
|clearpoke
|poke|p1|Cresselia, F|
|poke|p1|Slowking, F|
|poke|p1|Alomomola, F|
|poke|p1|Raging Bolt|
|poke|p1|Great Tusk|
|poke|p1|Okidogi, M|
|poke|p2|Moltres|
|poke|p2|Clodsire, F|
|poke|p2|Gliscor, M|
|poke|p2|Chansey, F|
|poke|p2|Dondozo, M|
|poke|p2|Weezing-Galar, M|
|teampreview
|inactive|Battle timer is ON: inactive players will automatically lose when time's up. (requested by StormIsNotOmega)
|inactive|Coolradguy has 120 seconds left.
|
|t:|1779864330
|teamsize|p1|6
|teamsize|p2|6
|start
|switch|p1a: Okidogi|Okidogi, M|100/100
|switch|p2a: Gliscor|Gliscor, M|100/100
|turn|1
|
|t:|1779864335
|move|p2a: Gliscor|Protect|p2a: Gliscor
|-singleturn|p2a: Gliscor|Protect
|move|p1a: Okidogi|Ice Punch|p2a: Gliscor
|-activate|p2a: Gliscor|move: Protect
|
|-status|p2a: Gliscor|tox|[from] item: Toxic Orb
|upkeep
|turn|2
|
|t:|1779864343
|-terastallize|p2a: Gliscor|Normal
|move|p2a: Gliscor|Knock Off|p1a: Okidogi
|-resisted|p1a: Okidogi
|-damage|p1a: Okidogi|91/100
|-enditem|p1a: Okidogi|Assault Vest|[from] move: Knock Off|[of] p2a: Gliscor
|move|p1a: Okidogi|Knock Off|p2a: Gliscor
|-damage|p2a: Gliscor|73/100 tox
|-enditem|p2a: Gliscor|Toxic Orb|[from] move: Knock Off|[of] p1a: Okidogi
|
|-heal|p2a: Gliscor|85/100 tox|[from] ability: Poison Heal
|upkeep
|turn|3
|
|t:|1779864353
|switch|p2a: Moltres|Moltres|100/100
|move|p1a: Okidogi|Drain Punch|p2a: Moltres
|-resisted|p2a: Moltres
|-damage|p2a: Moltres|86/100
|-heal|p1a: Okidogi|99/100|[from] drain|[of] p2a: Moltres
|
|upkeep
|turn|4
|
|t:|1779864364
|switch|p2a: Gliscor|Gliscor, M, tera:Normal|85/100 tox
|switch|p1a: Slowking|Slowking, F, shiny|100/100
|
|-heal|p2a: Gliscor|98/100 tox|[from] ability: Poison Heal
|upkeep
|turn|5
|
|t:|1779864372
|move|p2a: Gliscor|Swords Dance|p2a: Gliscor
|-boost|p2a: Gliscor|atk|2
|move|p1a: Slowking|Reflect|p1a: Slowking
|-sidestart|p1: Coolradguy|Reflect
|
|-heal|p2a: Gliscor|100/100 tox|[from] ability: Poison Heal
|upkeep
|turn|6
|
|t:|1779864379
|move|p2a: Gliscor|Swords Dance|p2a: Gliscor
|-boost|p2a: Gliscor|atk|2
|-prepare|p1a: Slowking|Chilly Reception|[premajor]
|move|p1a: Slowking|Chilly Reception|p1a: Slowking
|-weather|Snowscape
|
|t:|1779864409
|switch|p1a: Great Tusk|Great Tusk|100/100|[from] Chilly Reception
|
|-weather|Snowscape|[upkeep]
|upkeep
|turn|7
|
|t:|1779864415
|move|p2a: Gliscor|Protect|p2a: Gliscor
|-singleturn|p2a: Gliscor|Protect
|move|p1a: Great Tusk|Bulk Up|p1a: Great Tusk
|-boost|p1a: Great Tusk|atk|1
|-boost|p1a: Great Tusk|def|1
|
|-weather|Snowscape|[upkeep]
|upkeep
|turn|8
|
|t:|1779864422
|switch|p2a: Moltres|Moltres|86/100
|move|p1a: Great Tusk|Close Combat|p2a: Moltres
|-resisted|p2a: Moltres
|-damage|p2a: Moltres|49/100
|-unboost|p1a: Great Tusk|def|1
|-unboost|p1a: Great Tusk|spd|1
|
|-weather|Snowscape|[upkeep]
|upkeep
|turn|9
|
|t:|1779864437
|-end|p1a: Great Tusk|Protosynthesis|[silent]
|switch|p1a: Raging Bolt|Raging Bolt|100/100
|move|p2a: Moltres|Roost|p2a: Moltres
|-heal|p2a: Moltres|99/100
|-singleturn|p2a: Moltres|move: Roost
|
|-weather|Snowscape|[upkeep]
|upkeep
|turn|10
|
|t:|1779864452
|switch|p2a: Clodsire|Clodsire, F|100/100
|move|p1a: Raging Bolt|Thunderbolt|p2a: Clodsire
|-immune|p2a: Clodsire
|
|-weather|none
|upkeep
|turn|11
|
|t:|1779864463
|-end|p1a: Raging Bolt|Protosynthesis|[silent]
|switch|p1a: Okidogi|Okidogi, M|99/100
|switch|p2a: Moltres|Moltres|99/100
|
|upkeep
|turn|12
|
|t:|1779864468
|switch|p1a: Slowking|Slowking, F, shiny|100/100
|move|p2a: Moltres|Will-O-Wisp|p1a: Slowking
|-status|p1a: Slowking|brn
|
|-damage|p1a: Slowking|94/100 brn|[from] brn
|-sideend|p1: Coolradguy|Reflect
|upkeep
|turn|13
|
|t:|1779864477
|switch|p2a: Gliscor|Gliscor, M, tera:Normal|100/100 tox
|move|p1a: Slowking|Light Screen|p1a: Slowking
|-sidestart|p1: Coolradguy|move: Light Screen
|
|-damage|p1a: Slowking|88/100 brn|[from] brn
|upkeep
|turn|14
|
|t:|1779864483
|move|p2a: Gliscor|Knock Off|p1a: Slowking
|-supereffective|p1a: Slowking
|-damage|p1a: Slowking|42/100 brn
|-enditem|p1a: Slowking|Light Clay|[from] move: Knock Off|[of] p2a: Gliscor
|move|p1a: Slowking|Reflect|p1a: Slowking
|-sidestart|p1: Coolradguy|Reflect
|
|-damage|p1a: Slowking|36/100 brn|[from] brn
|upkeep
|turn|15
|
|t:|1779864490
|move|p2a: Gliscor|Facade|p1a: Slowking
|-damage|p1a: Slowking|13/100 brn
|-prepare|p1a: Slowking|Chilly Reception|[premajor]
|move|p1a: Slowking|Chilly Reception|p1a: Slowking
|-weather|Snowscape
|inactive|Coolradguy has 120 seconds left.
|
|t:|1779864526
|switch|p1a: Cresselia|Cresselia, F|100/100|[from] Chilly Reception
|
|-weather|Snowscape|[upkeep]
|upkeep
|turn|16
|
|t:|1779864531
|move|p2a: Gliscor|Knock Off|p1a: Cresselia
|-supereffective|p1a: Cresselia
|-damage|p1a: Cresselia|89/100
|-enditem|p1a: Cresselia|Leftovers|[from] move: Knock Off|[of] p2a: Gliscor
|move|p1a: Cresselia|Calm Mind|p1a: Cresselia
|-boost|p1a: Cresselia|spa|1
|-boost|p1a: Cresselia|spd|1
|
|-weather|Snowscape|[upkeep]
|upkeep
|turn|17
|
|t:|1779864538
|move|p2a: Gliscor|Swords Dance|p2a: Gliscor
|-boost|p2a: Gliscor|atk|2
|move|p1a: Cresselia|Calm Mind|p1a: Cresselia
|-boost|p1a: Cresselia|spa|1
|-boost|p1a: Cresselia|spd|1
|
|-weather|Snowscape|[upkeep]
|upkeep
|turn|18
|
|t:|1779864544
|move|p2a: Gliscor|Swords Dance|p2a: Gliscor
|-boost|p2a: Gliscor|atk|2
|move|p1a: Cresselia|Calm Mind|p1a: Cresselia
|-boost|p1a: Cresselia|spa|1
|-boost|p1a: Cresselia|spd|1
|
|-weather|Snowscape|[upkeep]
|-sideend|p1: Coolradguy|Reflect
|upkeep
|turn|19
|
|t:|1779864552
|move|p2a: Gliscor|Facade|p1a: Cresselia
|-damage|p1a: Cresselia|13/100
|move|p1a: Cresselia|Stored Power|p2a: Gliscor
|-crit|p2a: Gliscor
|-damage|p2a: Gliscor|0 fnt
|faint|p2a: Gliscor
|
|-weather|none
|upkeep
|-message|StormIsNotOmega forfeited.
|
|win|Coolradguy
|raw|Coolradguy's rating: 1494 &rarr; <strong>1513</strong><br />(+19 for winning)
|raw|StormIsNotOmega's rating: 1474 &rarr; <strong>1455</strong><br />(-19 for losing)
|l|☆StormIsNotOmega
|player|p2|
