|j|☆dooozdzdz
|j|☆fivetomatoes
|t:|1779823751
|gametype|singles
|player|p1|dooozdzdz|tate|1689
|player|p2|fivetomatoes|1|1760
|gen|9
|tier|[Gen 9] OU
|rated|
|rule|HP Percentage Mod: HP is shown in percentages
|rule|Endless Battle Clause: Forcing endless battles is banned
|rule|Species Clause: Limit one of each Pokémon
|rule|OHKO Clause: OHKO moves are banned
|rule|Evasion Items Clause: Evasion items are banned
|rule|Evasion Moves Clause: Evasion moves are banned
|rule|Evasion Abilities Clause: Evasion abilities are banned
|rule|Sleep Moves Clause: Sleep-inducing moves are banned
|clearpoke
|poke|p1|Ogerpon-Wellspring, F|
|poke|p1|Arcanine-Hisui, F|
|poke|p1|Corviknight, M|
|poke|p1|Hatterene, F|
|poke|p1|Ting-Lu|
|poke|p1|Okidogi, M|
|poke|p2|Rotom-Wash|
|poke|p2|Rillaboom, F|
|poke|p2|Glimmora, M|
|poke|p2|Garganacl, M|
|poke|p2|Dragapult, F|
|poke|p2|Gholdengo|
|teampreview
|inactive|Battle timer is ON: inactive players will automatically lose when time's up. (requested by fivetomatoes)
|inactive|dooozdzdz has 120 seconds left.
|inactive|fivetomatoes has 120 seconds left.
|
|t:|1779823794
|teamsize|p1|6
|teamsize|p2|6
|start
|switch|p1a: Ogerpon|Ogerpon-Wellspring, F|100/100
|switch|p2a: Rillaboom|Rillaboom, F|100/100
|-fieldstart|move: Grassy Terrain|[from] ability: Grassy Surge|[of] p2a: Rillaboom
|turn|1
|
|t:|1779823800
|move|p1a: Ogerpon|U-turn|p2a: Rillaboom
|-supereffective|p2a: Rillaboom
|-damage|p2a: Rillaboom|47/100
|j| kanaete onegai
|
|t:|1779823803
|switch|p1a: Corviknight|Corviknight, M|100/100|[from] U-turn
|-ability|p1a: Corviknight|Pressure
|move|p2a: Rillaboom|Knock Off|p1a: Corviknight
|-damage|p1a: Corviknight|70/100
|-damage|p2a: Rillaboom|30/100|[from] item: Rocky Helmet|[of] p1a: Corviknight
|-enditem|p1a: Corviknight|Rocky Helmet|[from] move: Knock Off|[of] p2a: Rillaboom
|-damage|p2a: Rillaboom|20/100|[from] item: Life Orb
|
|-heal|p2a: Rillaboom|26/100|[from] Grassy Terrain
|upkeep
|turn|2
|j| BallHolderBalls
|
|t:|1779823809
|switch|p2a: Glimmora|Glimmora, M|100/100
|move|p1a: Corviknight|U-turn|p2a: Glimmora
|-resisted|p2a: Glimmora
|-damage|p2a: Glimmora|95/100
|-activate|p2a: Glimmora|ability: Toxic Debris
|-sidestart|p1: dooozdzdz|move: Toxic Spikes
|
|t:|1779823813
|switch|p1a: Okidogi|Okidogi, M|100/100|[from] U-turn
|-sideend|p1: dooozdzdz|move: Toxic Spikes|[of] p1a: Okidogi
|
|-heal|p2a: Glimmora|100/100|[from] Grassy Terrain
|upkeep
|turn|3
|
|t:|1779823818
|switch|p1a: Hatterene|Hatterene, F|100/100
|move|p2a: Glimmora|Stealth Rock|p1a: Hatterene
|move|p1a: Hatterene|Stealth Rock|p2a: Glimmora|[from] ability: Magic Bounce
|-sidestart|p2: fivetomatoes|move: Stealth Rock
|
|upkeep
|turn|4
|
|t:|1779823824
|move|p2a: Glimmora|Mortal Spin|p1a: Hatterene
|-supereffective|p1a: Hatterene
|-damage|p1a: Hatterene|91/100
|-status|p1a: Hatterene|psn
|-damage|p2a: Glimmora|84/100|[from] item: Rocky Helmet|[of] p1a: Hatterene
|-sideend|p2: fivetomatoes|Stealth Rock|[from] move: Mortal Spin|[of] p2a: Glimmora
|move|p1a: Hatterene|Psychic Noise|p2a: Glimmora
|-supereffective|p2a: Glimmora
|-damage|p2a: Glimmora|6/100
|-start|p2a: Glimmora|move: Heal Block
|
|-heal|p1a: Hatterene|97/100 psn|[from] Grassy Terrain
|-damage|p1a: Hatterene|85/100 psn|[from] psn
|upkeep
|turn|5
|
|t:|1779823834
|switch|p2a: Gholdengo|Gholdengo|100/100
|move|p1a: Hatterene|Psychic Noise|p2a: Gholdengo
|-resisted|p2a: Gholdengo
|-damage|p2a: Gholdengo|82/100
|-start|p2a: Gholdengo|move: Heal Block
|
|-heal|p1a: Hatterene|91/100 psn|[from] Grassy Terrain
|-damage|p1a: Hatterene|78/100 psn|[from] psn
|-fieldend|move: Grassy Terrain
|upkeep
|turn|6
|
|t:|1779823852
|switch|p1a: Ting-Lu|Ting-Lu|100/100
|-ability|p1a: Ting-Lu|Vessel of Ruin
|move|p2a: Gholdengo|Trick|p1a: Ting-Lu
|-activate|p2a: Gholdengo|move: Trick|[of] p1a: Ting-Lu
|-item|p1a: Ting-Lu|Choice Scarf|[from] move: Trick
|-item|p2a: Gholdengo|Leftovers|[from] move: Trick
|
|-end|p2a: Gholdengo|move: Heal Block
|upkeep
|turn|7
|
|t:|1779823856
|move|p2a: Gholdengo|Dazzling Gleam|p1a: Ting-Lu
|-supereffective|p1a: Ting-Lu
|-damage|p1a: Ting-Lu|77/100
|move|p1a: Ting-Lu|Stealth Rock|p2a: Gholdengo
|-sidestart|p2: fivetomatoes|move: Stealth Rock
|
|-heal|p2a: Gholdengo|88/100|[from] item: Leftovers
|upkeep
|turn|8
|
|t:|1779823864
|switch|p1a: Corviknight|Corviknight, M|70/100
|-ability|p1a: Corviknight|Pressure
|move|p2a: Gholdengo|Shadow Ball|p1a: Corviknight
|-damage|p1a: Corviknight|32/100
|
|-heal|p2a: Gholdengo|94/100|[from] item: Leftovers
|upkeep
|turn|9
|
|t:|1779823867
|switch|p1a: Ting-Lu|Ting-Lu|77/100
|-ability|p1a: Ting-Lu|Vessel of Ruin
|move|p2a: Gholdengo|Shadow Ball|p1a: Ting-Lu
|-resisted|p1a: Ting-Lu
|-crit|p1a: Ting-Lu
|-damage|p1a: Ting-Lu|62/100
|
|-heal|p2a: Gholdengo|99/100|[from] item: Leftovers
|upkeep
|turn|10
|
|t:|1779823870
|switch|p2a: Rotom|Rotom-Wash|100/100
|-damage|p2a: Rotom|88/100|[from] Stealth Rock
|move|p1a: Ting-Lu|Ruination|p2a: Rotom
|-damage|p2a: Rotom|44/100
|
|upkeep
|turn|11
|l| BallHolderBalls
|
|t:|1779823878
|move|p2a: Rotom|Volt Switch|p1a: Ting-Lu
|-immune|p1a: Ting-Lu
|move|p1a: Ting-Lu|Ruination|p2a: Rotom
|-damage|p2a: Rotom|22/100
|
|upkeep
|turn|12
|l| kanaeteonegai
|
|t:|1779823884
|switch|p1a: Hatterene|Hatterene, F|78/100 psn
|move|p2a: Rotom|Volt Switch|p1a: Hatterene
|-crit|p1a: Hatterene
|-damage|p1a: Hatterene|28/100 psn
|
|t:|1779823892
|switch|p2a: Glimmora|Glimmora, M|6/100|[from] Volt Switch
|
|-damage|p1a: Hatterene|15/100 psn|[from] psn
|upkeep
|turn|13
|
|t:|1779823897
|move|p2a: Glimmora|Earth Power|p1a: Hatterene
|-damage|p1a: Hatterene|0 fnt
|faint|p1a: Hatterene
|
|upkeep
|
|t:|1779823904
|switch|p1a: Arcanine|Arcanine-Hisui, F|100/100
|turn|14
|
|t:|1779823908
|move|p2a: Glimmora|Spiky Shield|p2a: Glimmora
|-singleturn|p2a: Glimmora|move: Protect
|move|p1a: Arcanine|Head Smash|p2a: Glimmora
|-activate|p2a: Glimmora|move: Protect
|-damage|p1a: Arcanine|88/100|[from] Spiky Shield|[of] p2a: Glimmora
|
|upkeep
|turn|15
|
|t:|1779823912
|move|p1a: Arcanine|Head Smash|p2a: Glimmora
|-damage|p2a: Glimmora|0 fnt
|-activate|p2a: Glimmora|ability: Toxic Debris
|-sidestart|p1: dooozdzdz|move: Toxic Spikes
|faint|p2a: Glimmora
|
|upkeep
|
|t:|1779823927
|switch|p2a: Rotom|Rotom-Wash|22/100
|-damage|p2a: Rotom|10/100|[from] Stealth Rock
|turn|16
|
|t:|1779823934
|switch|p1a: Okidogi|Okidogi, M|100/100
|-sideend|p1: dooozdzdz|move: Toxic Spikes|[of] p1a: Okidogi
|move|p2a: Rotom|Hydro Pump|p1a: Okidogi
|-damage|p1a: Okidogi|63/100
|
|-heal|p1a: Okidogi|69/100|[from] item: Leftovers
|upkeep
|turn|17
|
|t:|1779823941
|switch|p1a: Ogerpon|Ogerpon-Wellspring, F|100/100
|move|p2a: Rotom|Hydro Pump|p1a: Ogerpon
|-immune|p1a: Ogerpon|[from] ability: Water Absorb
|
|upkeep
|turn|18
|
|t:|1779823948
|move|p2a: Rotom|Hydro Pump|p1a: Ogerpon
|-immune|p1a: Ogerpon|[from] ability: Water Absorb
|move|p1a: Ogerpon|Knock Off|p2a: Rotom
|-damage|p2a: Rotom|0 fnt
|-enditem|p2a: Rotom|Choice Scarf|[from] move: Knock Off|[of] p1a: Ogerpon
|faint|p2a: Rotom
|
|upkeep
|
|t:|1779823962
|switch|p2a: Rillaboom|Rillaboom, F|26/100
|-damage|p2a: Rillaboom|14/100|[from] Stealth Rock
|-fieldstart|move: Grassy Terrain|[from] ability: Grassy Surge|[of] p2a: Rillaboom
|turn|19
|
|t:|1779823967
|move|p2a: Rillaboom|Grassy Glide|p1a: Ogerpon
|-damage|p1a: Ogerpon|33/100
|-damage|p2a: Rillaboom|4/100|[from] item: Life Orb
|move|p1a: Ogerpon|U-turn|p2a: Rillaboom
|-supereffective|p2a: Rillaboom
|-damage|p2a: Rillaboom|0 fnt
|faint|p2a: Rillaboom
|
|t:|1779823972
|switch|p1a: Okidogi|Okidogi, M|69/100|[from] U-turn
|
|-heal|p1a: Okidogi|75/100|[from] Grassy Terrain
|-heal|p1a: Okidogi|82/100|[from] item: Leftovers
|upkeep
|
|t:|1779823977
|switch|p2a: Garganacl|Garganacl, M|100/100
|-damage|p2a: Garganacl|88/100|[from] Stealth Rock
|turn|20
|
|t:|1779823982
|move|p2a: Garganacl|Protect|p2a: Garganacl
|-singleturn|p2a: Garganacl|Protect
|move|p1a: Okidogi|Bulk Up|p1a: Okidogi
|-boost|p1a: Okidogi|atk|1
|-boost|p1a: Okidogi|def|1
|
|-heal|p1a: Okidogi|88/100|[from] Grassy Terrain
|-heal|p1a: Okidogi|94/100|[from] item: Leftovers
|-heal|p2a: Garganacl|94/100|[from] Grassy Terrain
|-heal|p2a: Garganacl|100/100|[from] item: Leftovers
|upkeep
|turn|21
|
|t:|1779823986
|move|p1a: Okidogi|Bulk Up|p1a: Okidogi
|-boost|p1a: Okidogi|atk|1
|-boost|p1a: Okidogi|def|1
|move|p2a: Garganacl|Curse|p2a: Garganacl
|-unboost|p2a: Garganacl|spe|1
|-boost|p2a: Garganacl|atk|1
|-boost|p2a: Garganacl|def|1
|
|-heal|p1a: Okidogi|99/100|[from] Grassy Terrain
|-heal|p1a: Okidogi|100/100|[from] item: Leftovers
|upkeep
|turn|22
|
|t:|1779823991
|move|p1a: Okidogi|Bulk Up|p1a: Okidogi
|-boost|p1a: Okidogi|atk|1
|-boost|p1a: Okidogi|def|1
|move|p2a: Garganacl|Curse|p2a: Garganacl
|-unboost|p2a: Garganacl|spe|1
|-boost|p2a: Garganacl|atk|1
|-boost|p2a: Garganacl|def|1
|
|upkeep
|turn|23
|
|t:|1779823992
|move|p1a: Okidogi|Bulk Up|p1a: Okidogi
|-boost|p1a: Okidogi|atk|1
|-boost|p1a: Okidogi|def|1
|move|p2a: Garganacl|Curse|p2a: Garganacl
|-unboost|p2a: Garganacl|spe|1
|-boost|p2a: Garganacl|atk|1
|-boost|p2a: Garganacl|def|1
|
|-fieldend|move: Grassy Terrain
|upkeep
|turn|24
|
|t:|1779823994
|move|p1a: Okidogi|Bulk Up|p1a: Okidogi
|-boost|p1a: Okidogi|atk|1
|-boost|p1a: Okidogi|def|1
|move|p2a: Garganacl|Curse|p2a: Garganacl
|-unboost|p2a: Garganacl|spe|1
|-boost|p2a: Garganacl|atk|1
|-boost|p2a: Garganacl|def|1
|
|upkeep
|turn|25
|
|t:|1779823995
|move|p1a: Okidogi|Bulk Up|p1a: Okidogi
|-boost|p1a: Okidogi|atk|1
|-boost|p1a: Okidogi|def|1
|move|p2a: Garganacl|Curse|p2a: Garganacl
|-unboost|p2a: Garganacl|spe|1
|-boost|p2a: Garganacl|atk|1
|-boost|p2a: Garganacl|def|1
|
|upkeep
|turn|26
|
|t:|1779823997
|move|p2a: Garganacl|Protect|p2a: Garganacl
|-singleturn|p2a: Garganacl|Protect
|move|p1a: Okidogi|Knock Off|p2a: Garganacl
|-activate|p2a: Garganacl|move: Protect
|
|upkeep
|turn|27
|
|t:|1779824003
|move|p1a: Okidogi|Knock Off|p2a: Garganacl
|-damage|p2a: Garganacl|84/100
|-enditem|p2a: Garganacl|Leftovers|[from] move: Knock Off|[of] p1a: Okidogi
|move|p2a: Garganacl|Salt Cure|p1a: Okidogi
|-resisted|p1a: Okidogi
|-damage|p1a: Okidogi|95/100
|-start|p1a: Okidogi|Salt Cure
|
|-heal|p1a: Okidogi|100/100|[from] item: Leftovers
|-damage|p1a: Okidogi|88/100|[from] Salt Cure
|upkeep
|turn|28
|
|t:|1779824009
|move|p2a: Garganacl|Protect|p2a: Garganacl
|-singleturn|p2a: Garganacl|Protect
|move|p1a: Okidogi|Knock Off|p2a: Garganacl
|-activate|p2a: Garganacl|move: Protect
|
|-heal|p1a: Okidogi|94/100|[from] item: Leftovers
|-damage|p1a: Okidogi|82/100|[from] Salt Cure
|upkeep
|turn|29
|
|t:|1779824014
|move|p1a: Okidogi|Drain Punch|p2a: Garganacl
|-supereffective|p2a: Garganacl
|-damage|p2a: Garganacl|43/100
|-heal|p1a: Okidogi|100/100|[from] drain|[of] p2a: Garganacl
|move|p2a: Garganacl|Curse|p2a: Garganacl
|-unboost|p2a: Garganacl|spe|1
|-boost|p2a: Garganacl|atk|1
|-boost|p2a: Garganacl|def|1
|
|-damage|p1a: Okidogi|88/100|[from] Salt Cure
|upkeep
|turn|30
|
|t:|1779824020
|move|p2a: Garganacl|Protect|p2a: Garganacl
|-singleturn|p2a: Garganacl|Protect
|move|p1a: Okidogi|Knock Off|p2a: Garganacl
|-activate|p2a: Garganacl|move: Protect
|
|-heal|p1a: Okidogi|94/100|[from] item: Leftovers
|-damage|p1a: Okidogi|82/100|[from] Salt Cure
|upkeep
|turn|31
|
|t:|1779824021
|move|p1a: Okidogi|Knock Off|p2a: Garganacl
|-damage|p2a: Garganacl|33/100
|move|p2a: Garganacl|Recover|p2a: Garganacl
|-heal|p2a: Garganacl|83/100
|
|-heal|p1a: Okidogi|88/100|[from] item: Leftovers
|-damage|p1a: Okidogi|75/100|[from] Salt Cure
|upkeep
|turn|32
|
|t:|1779824027
|move|p2a: Garganacl|Protect|p2a: Garganacl
|-singleturn|p2a: Garganacl|Protect
|move|p1a: Okidogi|Drain Punch|p2a: Garganacl
|-activate|p2a: Garganacl|move: Protect
|
|-heal|p1a: Okidogi|82/100|[from] item: Leftovers
|-damage|p1a: Okidogi|69/100|[from] Salt Cure
|upkeep
|turn|33
|
|t:|1779824033
|switch|p2a: Gholdengo|Gholdengo|99/100
|-damage|p2a: Gholdengo|94/100|[from] Stealth Rock
|move|p1a: Okidogi|Drain Punch|p2a: Gholdengo
|-immune|p2a: Gholdengo
|
|-heal|p2a: Gholdengo|99/100|[from] item: Leftovers
|-heal|p1a: Okidogi|75/100|[from] item: Leftovers
|-damage|p1a: Okidogi|63/100|[from] Salt Cure
|upkeep
|turn|34
|
|t:|1779824040
|-terastallize|p1a: Okidogi|Fire
|move|p2a: Gholdengo|Make It Rain|p1a: Okidogi
|-resisted|p1a: Okidogi
|-damage|p1a: Okidogi|38/100
|-unboost|p2a: Gholdengo|spa|1
|move|p1a: Okidogi|Knock Off|p2a: Gholdengo
|-supereffective|p2a: Gholdengo
|-damage|p2a: Gholdengo|0 fnt
|-enditem|p2a: Gholdengo|Leftovers|[from] move: Knock Off|[of] p1a: Okidogi
|faint|p2a: Gholdengo
|
|-heal|p1a: Okidogi|44/100|[from] item: Leftovers
|-damage|p1a: Okidogi|32/100|[from] Salt Cure
|upkeep
|
|t:|1779824047
|switch|p2a: Dragapult|Dragapult, F|100/100
|-damage|p2a: Dragapult|88/100|[from] Stealth Rock
|turn|35
|
|t:|1779824051
|move|p2a: Dragapult|Substitute|p2a: Dragapult
|-start|p2a: Dragapult|Substitute
|-damage|p2a: Dragapult|63/100
|move|p1a: Okidogi|Knock Off|p2a: Dragapult
|-supereffective|p2a: Dragapult
|-end|p2a: Dragapult|Substitute
|
|-heal|p2a: Dragapult|69/100|[from] item: Leftovers
|-heal|p1a: Okidogi|38/100|[from] item: Leftovers
|-damage|p1a: Okidogi|26/100|[from] Salt Cure
|upkeep
|turn|36
|
|t:|1779824053
|move|p2a: Dragapult|Dragon Darts|p1a: Okidogi
|-damage|p1a: Okidogi|22/100
|-anim|p2a: Dragapult|Dragon Darts|p1a: Okidogi
|-damage|p1a: Okidogi|17/100
|move|p1a: Okidogi|Knock Off|p2a: Dragapult
|-supereffective|p2a: Dragapult
|-damage|p2a: Dragapult|0 fnt
|-enditem|p2a: Dragapult|Leftovers|[from] move: Knock Off|[of] p1a: Okidogi
|faint|p2a: Dragapult
|
|-heal|p1a: Okidogi|23/100|[from] item: Leftovers
|-damage|p1a: Okidogi|11/100|[from] Salt Cure
|upkeep
|
|t:|1779824056
|switch|p2a: Garganacl|Garganacl, M|83/100
|-damage|p2a: Garganacl|71/100|[from] Stealth Rock
|turn|37
|
|t:|1779824060
|move|p2a: Garganacl|Protect|p2a: Garganacl
|-singleturn|p2a: Garganacl|Protect
|move|p1a: Okidogi|Drain Punch|p2a: Garganacl
|-activate|p2a: Garganacl|move: Protect
|
|-heal|p1a: Okidogi|17/100|[from] item: Leftovers
|-damage|p1a: Okidogi|5/100|[from] Salt Cure
|upkeep
|turn|38
|
|t:|1779824065
|move|p2a: Garganacl|Protect||[still]
|-fail|p2a: Garganacl
|move|p1a: Okidogi|Drain Punch|p2a: Garganacl
|-supereffective|p2a: Garganacl
|-damage|p2a: Garganacl|0 fnt
|-heal|p1a: Okidogi|42/100|[from] drain|[of] p2a: Garganacl
|faint|p2a: Garganacl
|
|win|dooozdzdz
|raw|dooozdzdz's rating: 1689 &rarr; <strong>1713</strong><br />(+24 for winning)
|raw|fivetomatoes's rating: 1760 &rarr; <strong>1736</strong><br />(-24 for losing)
|l|☆fivetomatoes
|player|p2|
|n| moodrandom|dooozdzdz
|l| moodrandom
