|j|‽aria4games
|j|☆Feci2000
|t:|1779970297
|gametype|singles
|player|p1|aria4games|baker|1393
|player|p2|Feci2000|fantina|1478
|gen|9
|tier|[Gen 9] OU
|rated|
|rule|HP Percentage Mod: HP is shown in percentages
|rule|Endless Battle Clause: Forcing endless battles is banned
|rule|Species Clause: Limit one of each Pokémon
|rule|OHKO Clause: OHKO moves are banned
|rule|Evasion Items Clause: Evasion items are banned
|rule|Evasion Moves Clause: Evasion moves are banned
|rule|Evasion Abilities Clause: Evasion abilities are banned
|rule|Sleep Moves Clause: Sleep-inducing moves are banned
|clearpoke
|poke|p1|Cinderace, M|
|poke|p1|Reuniclus, F|
|poke|p1|Kyurem|
|poke|p1|Raging Bolt|
|poke|p1|Darkrai|
|poke|p1|Keldeo-Resolute|
|poke|p2|Clefable, F|
|poke|p2|Gliscor, M|
|poke|p2|Dragapult, F|
|poke|p2|Great Tusk|
|poke|p2|Heatran, F|
|poke|p2|Scizor, F|
|teampreview
|inactive|Battle timer is ON: inactive players will automatically lose when time's up. (requested by Feci2000)
|
|t:|1779970313
|teamsize|p1|6
|teamsize|p2|6
|start
|switch|p1a: Reuniclus|Reuniclus, F, shiny|100/100
|switch|p2a: Scizor|Scizor, F|100/100
|turn|1
|
|t:|1779970316
|move|p2a: Scizor|U-turn|p1a: Reuniclus
|-supereffective|p1a: Reuniclus
|-damage|p1a: Reuniclus|12/100
|-damage|p2a: Scizor|84/100|[from] item: Rocky Helmet|[of] p1a: Reuniclus
|
|t:|1779970321
|switch|p2a: Heatran|Heatran, F|100/100|[from] U-turn
|move|p1a: Reuniclus|Knock Off|p2a: Heatran
|-damage|p2a: Heatran|86/100
|-enditem|p2a: Heatran|Leftovers|[from] move: Knock Off|[of] p1a: Reuniclus
|
|upkeep
|turn|2
|
|t:|1779970327
|switch|p1a: Keldeo|Keldeo-Resolute|100/100
|move|p2a: Heatran|Earth Power|p1a: Keldeo
|-damage|p1a: Keldeo|61/100
|
|upkeep
|turn|3
|
|t:|1779970334
|switch|p2a: Dragapult|Dragapult, F|100/100
|move|p1a: Keldeo|Surf|p2a: Dragapult
|-resisted|p2a: Dragapult
|-damage|p2a: Dragapult|63/100
|
|upkeep
|turn|4
|
|t:|1779970339
|move|p1a: Keldeo|Surf|p2a: Dragapult
|-resisted|p2a: Dragapult
|-damage|p2a: Dragapult|27/100
|move|p2a: Dragapult|U-turn|p1a: Keldeo
|-resisted|p1a: Keldeo
|-damage|p1a: Keldeo|52/100
|
|t:|1779970343
|switch|p2a: Clefable|Clefable, F|100/100|[from] U-turn
|
|upkeep
|turn|5
|
|t:|1779970347
|switch|p1a: Cinderace|Cinderace, M|100/100
|move|p2a: Clefable|Moonblast|p1a: Cinderace
|-resisted|p1a: Cinderace
|-damage|p1a: Cinderace|80/100
|-unboost|p1a: Cinderace|spa|1
|
|upkeep
|turn|6
|
|t:|1779970351
|move|p1a: Cinderace|Pyro Ball|p2a: Clefable
|-damage|p2a: Clefable|57/100
|move|p2a: Clefable|Knock Off|p1a: Cinderace
|-damage|p1a: Cinderace|61/100
|-enditem|p1a: Cinderace|Heavy-Duty Boots|[from] move: Knock Off|[of] p2a: Clefable
|
|-heal|p2a: Clefable|63/100|[from] item: Leftovers
|upkeep
|turn|7
|
|t:|1779970358
|move|p1a: Cinderace|Pyro Ball|p2a: Clefable
|-damage|p2a: Clefable|19/100
|move|p2a: Clefable|Moonlight|p2a: Clefable
|-heal|p2a: Clefable|69/100
|
|-heal|p2a: Clefable|75/100|[from] item: Leftovers
|upkeep
|turn|8
|
|t:|1779970364
|move|p1a: Cinderace|U-turn|p2a: Clefable
|-start|p1a: Cinderace|typechange|Bug|[from] ability: Libero
|-resisted|p2a: Clefable
|-damage|p2a: Clefable|62/100
|
|t:|1779970366
|switch|p1a: Raging Bolt|Raging Bolt|100/100|[from] U-turn
|-enditem|p1a: Raging Bolt|Booster Energy
|-activate|p1a: Raging Bolt|ability: Protosynthesis|[fromitem]
|-start|p1a: Raging Bolt|protosynthesisspa
|move|p2a: Clefable|Moonlight|p2a: Clefable
|-heal|p2a: Clefable|100/100
|
|upkeep
|turn|9
|
|t:|1779970370
|move|p1a: Raging Bolt|Calm Mind|p1a: Raging Bolt
|-boost|p1a: Raging Bolt|spa|1
|-boost|p1a: Raging Bolt|spd|1
|move|p2a: Clefable|Calm Mind|p2a: Clefable
|-boost|p2a: Clefable|spa|1
|-boost|p2a: Clefable|spd|1
|
|upkeep
|turn|10
|
|t:|1779970374
|move|p1a: Raging Bolt|Thunderbolt|p2a: Clefable
|-damage|p2a: Clefable|36/100
|move|p2a: Clefable|Calm Mind|p2a: Clefable
|-boost|p2a: Clefable|spa|1
|-boost|p2a: Clefable|spd|1
|
|-heal|p2a: Clefable|42/100|[from] item: Leftovers
|upkeep
|turn|11
|
|t:|1779970377
|move|p1a: Raging Bolt|Thunderbolt|p2a: Clefable
|-damage|p2a: Clefable|0 fnt
|faint|p2a: Clefable
|
|upkeep
|
|t:|1779970380
|switch|p2a: Great Tusk|Great Tusk|100/100
|turn|12
|
|t:|1779970384
|move|p2a: Great Tusk|Headlong Rush|p1a: Raging Bolt
|-supereffective|p1a: Raging Bolt
|-damage|p1a: Raging Bolt|17/100
|-unboost|p2a: Great Tusk|def|1
|-unboost|p2a: Great Tusk|spd|1
|move|p1a: Raging Bolt|Dragon Pulse|p2a: Great Tusk
|-damage|p2a: Great Tusk|0 fnt
|faint|p2a: Great Tusk
|-end|p2a: Great Tusk|Protosynthesis|[silent]
|
|upkeep
|
|t:|1779970389
|switch|p2a: Scizor|Scizor, F|84/100
|turn|13
|
|t:|1779970394
|move|p2a: Scizor|Bullet Punch|p1a: Raging Bolt
|-resisted|p1a: Raging Bolt
|-damage|p1a: Raging Bolt|0 fnt
|faint|p1a: Raging Bolt
|-end|p1a: Raging Bolt|Protosynthesis|[silent]
|
|upkeep
|
|t:|1779970402
|switch|p1a: Cinderace|Cinderace, M|61/100
|turn|14
|
|t:|1779970406
|switch|p2a: Heatran|Heatran, F|86/100
|move|p1a: Cinderace|Pyro Ball|p2a: Heatran
|-start|p2a: Heatran|ability: Flash Fire
|
|upkeep
|turn|15
|
|t:|1779970412
|move|p1a: Cinderace|U-turn|p2a: Heatran
|-start|p1a: Cinderace|typechange|Bug|[from] ability: Libero
|-resisted|p2a: Heatran
|-damage|p2a: Heatran|77/100
|
|t:|1779970415
|switch|p1a: Keldeo|Keldeo-Resolute|52/100|[from] U-turn
|move|p2a: Heatran|Magma Storm|p1a: Keldeo
|-resisted|p1a: Keldeo
|-damage|p1a: Keldeo|9/100
|-activate|p1a: Keldeo|move: Magma Storm|[of] p2a: Heatran
|
|-damage|p1a: Keldeo|0 fnt|[from] move: Magma Storm|[partiallytrapped]
|faint|p1a: Keldeo
|upkeep
|
|t:|1779970418
|switch|p1a: Kyurem|Kyurem, shiny|100/100
|-ability|p1a: Kyurem|Pressure
|turn|16
|
|t:|1779970424
|-end|p2a: Heatran|ability: Flash Fire|[silent]
|switch|p2a: Gliscor|Gliscor, M|100/100
|move|p1a: Kyurem|Earth Power|p2a: Gliscor
|-immune|p2a: Gliscor
|
|-status|p2a: Gliscor|tox|[from] item: Toxic Orb
|upkeep
|turn|17
|
|t:|1779970428
|move|p1a: Kyurem|Freeze-Dry|p2a: Gliscor
|-supereffective|p2a: Gliscor
|-damage|p2a: Gliscor|0 fnt
|faint|p2a: Gliscor
|
|upkeep
|
|t:|1779970431
|switch|p2a: Scizor|Scizor, F|84/100
|turn|18
|
|t:|1779970440
|switch|p1a: Reuniclus|Reuniclus, F, shiny|12/100
|-terastallize|p2a: Scizor|Steel
|move|p2a: Scizor|Bullet Punch|p1a: Reuniclus
|-damage|p1a: Reuniclus|0 fnt
|-damage|p2a: Scizor|68/100|[from] item: Rocky Helmet|[of] p1a: Reuniclus
|faint|p1a: Reuniclus
|
|upkeep
|
|t:|1779970448
|switch|p1a: Darkrai|Darkrai|100/100
|turn|19
|
|t:|1779970454
|switch|p2a: Heatran|Heatran, F|77/100
|move|p1a: Darkrai|Dark Pulse|p2a: Heatran
|-damage|p2a: Heatran|17/100
|
|upkeep
|turn|20
|
|t:|1779970459
|move|p1a: Darkrai|Dark Pulse|p2a: Heatran
|-damage|p2a: Heatran|0 fnt
|faint|p2a: Heatran
|
|upkeep
|
|t:|1779970460
|switch|p2a: Dragapult|Dragapult, F|27/100
|turn|21
|
|t:|1779970462
|move|p2a: Dragapult|Draco Meteor|p1a: Darkrai
|-damage|p1a: Darkrai|0 fnt
|-unboost|p2a: Dragapult|spa|2
|faint|p1a: Darkrai
|
|upkeep
|
|t:|1779970466
|switch|p1a: Cinderace|Cinderace, M|61/100
|turn|22
|
|t:|1779970469
|move|p1a: Cinderace|Sucker Punch|p2a: Dragapult
|-start|p1a: Cinderace|typechange|Dark|[from] ability: Libero
|-supereffective|p2a: Dragapult
|-damage|p2a: Dragapult|0 fnt
|faint|p2a: Dragapult
|
|upkeep
|
|t:|1779970471
|switch|p2a: Scizor|Scizor, F, tera:Steel|68/100
|turn|23
|
|t:|1779970474
|move|p1a: Cinderace|Sucker Punch|p2a: Scizor
|-damage|p2a: Scizor|28/100
|move|p2a: Scizor|Bullet Punch|p1a: Cinderace
|-damage|p1a: Cinderace|0 fnt
|faint|p1a: Cinderace
|
|upkeep
|
|t:|1779970477
|switch|p1a: Kyurem|Kyurem, shiny|100/100
|-ability|p1a: Kyurem|Pressure
|turn|24
|
|t:|1779970485
|-terastallize|p1a: Kyurem|Ground
|move|p2a: Scizor|Bullet Punch|p1a: Kyurem
|-damage|p1a: Kyurem|41/100
|move|p1a: Kyurem|Earth Power|p2a: Scizor
|-supereffective|p2a: Scizor
|-damage|p2a: Scizor|0 fnt
|faint|p2a: Scizor
|
|win|aria4games
|raw|aria4games's rating: 1393 &rarr; <strong>1418</strong><br />(+25 for winning)
|raw|Feci2000's rating: 1478 &rarr; <strong>1453</strong><br />(-25 for losing)
|l|‽aria4games
|player|p1|
|l|☆Feci2000
|player|p2|
