|j|☆lgchargers
|j|☆neomune
|t:|1779890969
|gametype|singles
|player|p1|lgchargers|linebacker|1265
|player|p2|neomune|pokemaniac|1290
|gen|9
|tier|[Gen 9] OU
|rated|
|rule|HP Percentage Mod: HP is shown in percentages
|rule|Endless Battle Clause: Forcing endless battles is banned
|rule|Species Clause: Limit one of each Pokémon
|rule|OHKO Clause: OHKO moves are banned
|rule|Evasion Items Clause: Evasion items are banned
|rule|Evasion Moves Clause: Evasion moves are banned
|rule|Evasion Abilities Clause: Evasion abilities are banned
|rule|Sleep Moves Clause: Sleep-inducing moves are banned
|clearpoke
|poke|p1|Enamorus, F|
|poke|p1|Iron Treads|
|poke|p1|Dragonite, F|
|poke|p1|Gholdengo|
|poke|p1|Iron Moth|
|poke|p1|Ogerpon-Wellspring, F|
|poke|p2|Ogerpon, F|
|poke|p2|Alomomola, M|
|poke|p2|Thundurus, M|
|poke|p2|Ceruledge, M|
|poke|p2|Great Tusk|
|poke|p2|Iron Valiant|
|teampreview
|inactive|Battle timer is ON: inactive players will automatically lose when time's up. (requested by lgchargers)
|
|t:|1779890976
|teamsize|p1|6
|teamsize|p2|6
|start
|switch|p1a: Enamorus|Enamorus, F|100/100
|switch|p2a: Thundurus|Thundurus, M|100/100
|turn|1
|
|t:|1779890986
|move|p2a: Thundurus|Thunder Wave|p1a: Enamorus
|-status|p1a: Enamorus|par
|move|p1a: Enamorus|Superpower|p2a: Thundurus
|-resisted|p2a: Thundurus
|-damage|p2a: Thundurus|69/100
|-boost|p1a: Enamorus|atk|1
|-boost|p1a: Enamorus|def|1
|
|upkeep
|turn|2
|
|t:|1779890996
|move|p2a: Thundurus|Wildbolt Storm|p1a: Enamorus
|-supereffective|p1a: Enamorus
|-enditem|p1a: Enamorus|Focus Sash
|-damage|p1a: Enamorus|1/100 par
|move|p1a: Enamorus|Rest|p1a: Enamorus
|-status|p1a: Enamorus|slp|[from] move: Rest
|-heal|p1a: Enamorus|100/100 slp|[silent]
|
|upkeep
|turn|3
|
|t:|1779891006
|move|p2a: Thundurus|Wildbolt Storm|p1a: Enamorus|[miss]
|-miss|p2a: Thundurus|p1a: Enamorus
|-enditem|p2a: Thundurus|Blunder Policy
|-boost|p2a: Thundurus|spe|2
|cant|p1a: Enamorus|slp
|move|p1a: Enamorus|Sleep Talk|p1a: Enamorus
|move|p1a: Enamorus|Rest||[from] move: Sleep Talk|[still]
|-fail|p1a: Enamorus
|
|upkeep
|turn|4
|
|t:|1779891017
|switch|p1a: Iron Treads|Iron Treads|100/100
|-enditem|p1a: Iron Treads|Booster Energy
|-activate|p1a: Iron Treads|ability: Quark Drive|[fromitem]
|-start|p1a: Iron Treads|quarkdrivespe
|move|p2a: Thundurus|Wildbolt Storm|p1a: Iron Treads
|-immune|p1a: Iron Treads
|
|upkeep
|turn|5
|
|t:|1779891025
|move|p2a: Thundurus|Focus Blast|p1a: Iron Treads
|-supereffective|p1a: Iron Treads
|-damage|p1a: Iron Treads|0 fnt
|faint|p1a: Iron Treads
|-end|p1a: Iron Treads|Quark Drive|[silent]
|
|upkeep
|
|t:|1779891032
|switch|p1a: Dragonite|Dragonite, F|100/100
|turn|6
|
|t:|1779891036
|move|p2a: Thundurus|Thunder Wave|p1a: Dragonite
|-status|p1a: Dragonite|par
|cant|p1a: Dragonite|par
|
|upkeep
|turn|7
|
|t:|1779891042
|move|p2a: Thundurus|Wildbolt Storm|p1a: Dragonite
|-damage|p1a: Dragonite|78/100 par
|move|p1a: Dragonite|Outrage|p2a: Thundurus
|-damage|p2a: Thundurus|0 fnt
|faint|p2a: Thundurus
|
|-heal|p1a: Dragonite|84/100 par|[from] item: Leftovers
|upkeep
|
|t:|1779891048
|switch|p2a: Iron Valiant|Iron Valiant|100/100
|-enditem|p2a: Iron Valiant|Booster Energy
|-activate|p2a: Iron Valiant|ability: Quark Drive|[fromitem]
|-start|p2a: Iron Valiant|quarkdrivespe
|turn|8
|
|t:|1779891054
|move|p2a: Iron Valiant|Calm Mind|p2a: Iron Valiant
|-boost|p2a: Iron Valiant|spa|1
|-boost|p2a: Iron Valiant|spd|1
|move|p1a: Dragonite|Outrage|p2a: Iron Valiant|[from] lockedmove
|-immune|p2a: Iron Valiant
|
|-heal|p1a: Dragonite|91/100 par|[from] item: Leftovers
|upkeep
|turn|9
|
|t:|1779891062
|-terastallize|p1a: Dragonite|Steel
|move|p2a: Iron Valiant|Moonblast|p1a: Dragonite
|-resisted|p1a: Dragonite
|-damage|p1a: Dragonite|63/100 par
|cant|p1a: Dragonite|par
|
|-heal|p1a: Dragonite|69/100 par|[from] item: Leftovers
|upkeep
|turn|10
|
|t:|1779891070
|move|p2a: Iron Valiant|Vacuum Wave|p1a: Dragonite
|-supereffective|p1a: Dragonite
|-damage|p1a: Dragonite|14/100 par
|move|p1a: Dragonite|Iron Head|p2a: Iron Valiant
|-supereffective|p2a: Iron Valiant
|-damage|p2a: Iron Valiant|0 fnt
|faint|p2a: Iron Valiant
|-end|p2a: Iron Valiant|Quark Drive|[silent]
|
|-heal|p1a: Dragonite|21/100 par|[from] item: Leftovers
|upkeep
|
|t:|1779891075
|switch|p2a: Ceruledge|Ceruledge, M|100/100
|turn|11
|
|t:|1779891080
|move|p2a: Ceruledge|Swords Dance|p2a: Ceruledge
|-boost|p2a: Ceruledge|atk|2
|cant|p1a: Dragonite|par
|
|-heal|p1a: Dragonite|27/100 par|[from] item: Leftovers
|upkeep
|turn|12
|
|t:|1779891091
|move|p2a: Ceruledge|Bitter Blade|p1a: Dragonite
|-supereffective|p1a: Dragonite
|-damage|p1a: Dragonite|0 fnt
|faint|p1a: Dragonite
|
|upkeep
|
|t:|1779891096
|switch|p1a: Ogerpon|Ogerpon-Wellspring, F|100/100
|turn|13
|
|t:|1779891101
|move|p1a: Ogerpon|Ivy Cudgel|p2a: Ceruledge|[anim] Ivy Cudgel Water
|-supereffective|p2a: Ceruledge
|-enditem|p2a: Ceruledge|Focus Sash
|-damage|p2a: Ceruledge|1/100
|-ability|p2a: Ceruledge|Weak Armor|boost
|-unboost|p2a: Ceruledge|def|1
|-boost|p2a: Ceruledge|spe|2
|move|p2a: Ceruledge|Bitter Blade|p1a: Ogerpon
|-damage|p1a: Ogerpon|0 fnt
|-heal|p2a: Ceruledge|53/100|[from] drain|[of] p1a: Ogerpon
|faint|p1a: Ogerpon
|
|upkeep
|
|t:|1779891117
|switch|p1a: Iron Moth|Iron Moth|100/100
|-enditem|p1a: Iron Moth|Booster Energy
|-activate|p1a: Iron Moth|ability: Quark Drive|[fromitem]
|-start|p1a: Iron Moth|quarkdrivespe
|turn|14
|
|t:|1779891139
|move|p2a: Ceruledge|Bitter Blade|p1a: Iron Moth
|-resisted|p1a: Iron Moth
|-damage|p1a: Iron Moth|18/100
|-heal|p2a: Ceruledge|96/100|[from] drain|[of] p1a: Iron Moth
|move|p1a: Iron Moth|Sludge Wave|p2a: Ceruledge
|-resisted|p2a: Ceruledge
|-damage|p2a: Ceruledge|67/100
|-status|p2a: Ceruledge|psn
|
|-damage|p2a: Ceruledge|54/100 psn|[from] psn
|upkeep
|turn|15
|
|t:|1779891153
|move|p2a: Ceruledge|Bitter Blade|p1a: Iron Moth
|-resisted|p1a: Iron Moth
|-damage|p1a: Iron Moth|0 fnt
|-heal|p2a: Ceruledge|63/100 psn|[from] drain|[of] p1a: Iron Moth
|faint|p1a: Iron Moth
|-end|p1a: Iron Moth|Quark Drive|[silent]
|
|-damage|p2a: Ceruledge|51/100 psn|[from] psn
|upkeep
|
|t:|1779891159
|switch|p1a: Gholdengo|Gholdengo|100/100
|turn|16
|
|t:|1779891177
|move|p2a: Ceruledge|Bitter Blade|p1a: Gholdengo
|-supereffective|p1a: Gholdengo
|-damage|p1a: Gholdengo|0 fnt
|-heal|p2a: Ceruledge|100/100 psn|[from] drain|[of] p1a: Gholdengo
|faint|p1a: Gholdengo
|
|-damage|p2a: Ceruledge|88/100 psn|[from] psn
|upkeep
|-message|lgchargers forfeited.
|
|win|neomune
|raw|lgchargers's rating: 1265 &rarr; <strong>1242</strong><br />(-23 for losing)
|raw|neomune's rating: 1290 &rarr; <strong>1313</strong><br />(+23 for winning)
|l|☆lgchargers
|player|p1|
|l|☆neomune
|player|p2|
