|j|☆jinmuyan000777
|j|☆claudechamp
|t:|1779900274
|gametype|singles
|player|p1|jinmuyan000777|veteran|1332
|player|p2|claudechamp|169|1274
|gen|9
|tier|[Gen 9] OU
|rated|
|rule|HP Percentage Mod: HP is shown in percentages
|rule|Endless Battle Clause: Forcing endless battles is banned
|rule|Species Clause: Limit one of each Pokémon
|rule|OHKO Clause: OHKO moves are banned
|rule|Evasion Items Clause: Evasion items are banned
|rule|Evasion Moves Clause: Evasion moves are banned
|rule|Evasion Abilities Clause: Evasion abilities are banned
|rule|Sleep Moves Clause: Sleep-inducing moves are banned
|clearpoke
|poke|p1|Heatran, M|
|poke|p1|Corviknight, F|
|poke|p1|Ogerpon-Wellspring, F|
|poke|p1|Great Tusk|
|poke|p1|Dragapult, M|
|poke|p1|Samurott-Hisui, F|
|poke|p2|Corviknight, F|
|poke|p2|Ting-Lu|
|poke|p2|Kyurem|
|poke|p2|Dondozo, F|
|poke|p2|Slowking-Galar, F|
|poke|p2|Cinderace, F|
|teampreview
|c|☆claudechamp|hf
|
|t:|1779900283
|teamsize|p1|6
|teamsize|p2|6
|start
|switch|p1a: Dragapult|Dragapult, M|100/100
|switch|p2a: Cinderace|Cinderace, F|100/100
|turn|1
|inactive|Battle timer is ON: inactive players will automatically lose when time's up. (requested by claudechamp)
|
|t:|1779900298
|switch|p2a: Kyurem|Kyurem|100/100
|-ability|p2a: Kyurem|Pressure
|move|p1a: Dragapult|Reflect|p1a: Dragapult
|-sidestart|p1: jinmuyan000777|Reflect
|
|upkeep
|turn|2
|
|t:|1779900313
|move|p1a: Dragapult|Dragon Darts|p2a: Kyurem
|-supereffective|p2a: Kyurem
|-damage|p2a: Kyurem|59/100
|-anim|p1a: Dragapult|Dragon Darts|p2a: Kyurem
|-supereffective|p2a: Kyurem
|-damage|p2a: Kyurem|13/100
|move|p2a: Kyurem|Freeze-Dry|p1a: Dragapult
|-supereffective|p1a: Dragapult
|-damage|p1a: Dragapult|2/100
|
|-heal|p2a: Kyurem|19/100|[from] item: Leftovers
|upkeep
|turn|3
|
|t:|1779900331
|switch|p2a: Slowking|Slowking-Galar, F|100/100
|move|p1a: Dragapult|Dragon Darts|p2a: Slowking
|-damage|p2a: Slowking|83/100
|-anim|p1a: Dragapult|Dragon Darts|p2a: Slowking
|-damage|p2a: Slowking|64/100
|
|upkeep
|turn|4
|
|t:|1779900341
|switch|p1a: Samurott|Samurott-Hisui, F|100/100
|move|p2a: Slowking|Ice Beam|p1a: Samurott
|-resisted|p1a: Samurott
|-damage|p1a: Samurott|87/100
|
|upkeep
|turn|5
|
|t:|1779900351
|move|p1a: Samurott|Ceaseless Edge|p2a: Slowking
|-supereffective|p2a: Slowking
|-damage|p2a: Slowking|0 fnt
|-sidestart|p2: claudechamp|Spikes
|faint|p2a: Slowking
|-damage|p1a: Samurott|77/100|[from] item: Life Orb
|
|upkeep
|
|t:|1779900361
|switch|p2a: Kyurem|Kyurem|19/100
|-damage|p2a: Kyurem|7/100|[from] Spikes
|-ability|p2a: Kyurem|Pressure
|turn|6
|
|t:|1779900370
|move|p1a: Samurott|Sucker Punch|p2a: Kyurem
|-damage|p2a: Kyurem|0 fnt
|faint|p2a: Kyurem
|-damage|p1a: Samurott|67/100|[from] item: Life Orb
|
|upkeep
|
|t:|1779900379
|switch|p2a: Cinderace|Cinderace, F|100/100
|turn|7
|inactive|jinmuyan000777 has 120 seconds left.
|
|t:|1779900410
|move|p2a: Cinderace|Court Change|p2a: Cinderace
|-swapsideconditions
|-activate|p2a: Cinderace|move: Court Change
|move|p1a: Samurott|Sacred Sword|p2a: Cinderace
|-damage|p2a: Cinderace|64/100
|-damage|p1a: Samurott|57/100|[from] item: Life Orb
|
|upkeep
|turn|8
|inactive|jinmuyan000777 has 120 seconds left.
|
|t:|1779900425
|move|p2a: Cinderace|U-turn|p1a: Samurott
|-supereffective|p1a: Samurott
|-damage|p1a: Samurott|17/100
|
|t:|1779900432
|switch|p2a: Corviknight|Corviknight, F|100/100|[from] U-turn
|-ability|p2a: Corviknight|Pressure
|move|p1a: Samurott|Sacred Sword|p2a: Corviknight
|-damage|p2a: Corviknight|83/100
|-damage|p1a: Samurott|1/100|[from] item: Rocky Helmet|[of] p2a: Corviknight
|-damage|p1a: Samurott|0 fnt|[from] item: Life Orb
|faint|p1a: Samurott
|
|-sideend|p2: claudechamp|Reflect
|upkeep
|l|☆jinmuyan000777
|inactive|jinmuyan000777 disconnected and has a minute to reconnect!
|player|p1|
|inactive|jinmuyan000777 has 30 seconds to reconnect!
|inactive|jinmuyan000777 has 20 seconds to reconnect!
|j|☆jinmuyan000777
|inactive|jinmuyan000777 reconnected and has 90 seconds left.
|player|p1|jinmuyan000777|veteran|
|
|t:|1779900480
|switch|p1a: Great Tusk|Great Tusk|100/100
|-damage|p1a: Great Tusk|88/100|[from] Spikes
|turn|9
|inactive|jinmuyan000777 has 90 seconds left.
|
|t:|1779900486
|move|p1a: Great Tusk|Rapid Spin|p2a: Corviknight
|-resisted|p2a: Corviknight
|-damage|p2a: Corviknight|78/100
|-boost|p1a: Great Tusk|spe|1
|-damage|p1a: Great Tusk|71/100|[from] item: Rocky Helmet|[of] p2a: Corviknight
|-sideend|p1: jinmuyan000777|Spikes|[from] move: Rapid Spin|[of] p1a: Great Tusk
|move|p2a: Corviknight|Brave Bird|p1a: Great Tusk
|-supereffective|p1a: Great Tusk
|-damage|p1a: Great Tusk|28/100
|-damage|p2a: Corviknight|63/100|[from] Recoil
|
|upkeep
|turn|10
|inactive|jinmuyan000777 has 90 seconds left.
|
|t:|1779900500
|move|p1a: Great Tusk|Knock Off|p2a: Corviknight
|-damage|p2a: Corviknight|40/100
|-damage|p1a: Great Tusk|12/100|[from] item: Rocky Helmet|[of] p2a: Corviknight
|-enditem|p2a: Corviknight|Rocky Helmet|[from] move: Knock Off|[of] p1a: Great Tusk
|move|p2a: Corviknight|Roost|p2a: Corviknight
|-heal|p2a: Corviknight|90/100
|-singleturn|p2a: Corviknight|move: Roost
|
|upkeep
|turn|11
|inactive|jinmuyan000777 has 90 seconds left.
|
|t:|1779900511
|move|p1a: Great Tusk|Ice Spinner|p2a: Corviknight
|-damage|p2a: Corviknight|71/100
|move|p2a: Corviknight|Brave Bird|p1a: Great Tusk
|-supereffective|p1a: Great Tusk
|-damage|p1a: Great Tusk|0 fnt
|faint|p1a: Great Tusk
|-end|p1a: Great Tusk|Protosynthesis|[silent]
|-damage|p2a: Corviknight|67/100|[from] Recoil
|
|upkeep
|inactive|jinmuyan000777 has 90 seconds left.
|l|☆jinmuyan000777
|inactive|jinmuyan000777 disconnected and has a minute to reconnect!
|player|p1|
|inactive|jinmuyan000777 has 30 seconds to reconnect!
|inactive|jinmuyan000777 has 20 seconds to reconnect!
|inactive|jinmuyan000777 has 15 seconds to reconnect!
|inactive|jinmuyan000777 has 10 seconds to reconnect!
|inactive|jinmuyan000777 has 5 seconds to reconnect!
|-message|jinmuyan000777 lost due to inactivity.
|
|win|claudechamp
|raw|jinmuyan000777's rating: 1332 &rarr; <strong>1309</strong><br />(-23 for losing)
|raw|claudechamp's rating: 1284 &rarr; <strong>1312</strong><br />(+28 for winning)
|c|☆claudechamp|gg
