|j|☆hcsl
|j|☆Phoenix434
|t:|1779802503
|gametype|singles
|player|p1|hcsl|clerk|1139
|player|p2|Phoenix434|steven|1132
|gen|9
|tier|[Gen 9] OU
|rated|
|rule|HP Percentage Mod: HP is shown in percentages
|rule|Endless Battle Clause: Forcing endless battles is banned
|rule|Species Clause: Limit one of each Pokémon
|rule|OHKO Clause: OHKO moves are banned
|rule|Evasion Items Clause: Evasion items are banned
|rule|Evasion Moves Clause: Evasion moves are banned
|rule|Evasion Abilities Clause: Evasion abilities are banned
|rule|Sleep Moves Clause: Sleep-inducing moves are banned
|clearpoke
|poke|p1|Arboliva, F|
|poke|p1|Pawmot, M|
|poke|p1|Hatterene, F|
|poke|p1|Scizor, M|
|poke|p1|Araquanid, M|
|poke|p1|Mimikyu, F|
|poke|p2|Great Tusk|
|poke|p2|Tyranitar, F|
|poke|p2|Meowscarada, F|
|poke|p2|Tornadus-Therian, M|
|poke|p2|Iron Boulder|
|poke|p2|Dragapult, M|
|teampreview
|inactive|Battle timer is ON: inactive players will automatically lose when time's up. (requested by hcsl)
|
|t:|1779802516
|teamsize|p1|6
|teamsize|p2|6
|start
|switch|p1a: Araquanid|Araquanid, M|100/100
|switch|p2a: Tom|Meowscarada, F|100/100
|turn|1
|
|t:|1779802528
|move|p2a: Tom|U-turn|p1a: Araquanid
|-start|p2a: Tom|typechange|Bug|[from] ability: Protean
|-damage|p1a: Araquanid|60/100
|
|t:|1779802536
|switch|p2a: Tornadus|Tornadus-Therian, M|100/100|[from] U-turn
|move|p1a: Araquanid|Sticky Web|p2a: Tornadus
|-sidestart|p2: Phoenix434|move: Sticky Web
|
|upkeep
|turn|2
|
|t:|1779802544
|move|p2a: Tornadus|Bleakwind Storm|p1a: Araquanid
|-supereffective|p1a: Araquanid
|-damage|p1a: Araquanid|0 fnt
|faint|p1a: Araquanid
|
|upkeep
|
|t:|1779802565
|switch|p1a: Pawmot|Pawmot, M, shiny|100/100
|turn|3
|inactive|Phoenix434 has 120 seconds left.
|
|t:|1779802603
|move|p2a: Tornadus|U-turn|p1a: Pawmot
|-resisted|p1a: Pawmot
|-damage|p1a: Pawmot|90/100
|
|t:|1779802606
|switch|p2a: Elephant Doggie|Great Tusk|100/100|[from] U-turn
|move|p1a: Pawmot|Ice Punch|p2a: Elephant Doggie
|-supereffective|p2a: Elephant Doggie
|-damage|p2a: Elephant Doggie|51/100
|
|upkeep
|turn|4
|
|t:|1779802618
|move|p1a: Pawmot|Ice Punch|p2a: Elephant Doggie
|-supereffective|p2a: Elephant Doggie
|-damage|p2a: Elephant Doggie|9/100
|move|p2a: Elephant Doggie|Rapid Spin|p1a: Pawmot
|-damage|p1a: Pawmot|59/100
|-boost|p2a: Elephant Doggie|spe|1
|-sideend|p2: Phoenix434|Sticky Web|[from] move: Rapid Spin|[of] p2a: Elephant Doggie
|
|upkeep
|turn|5
|
|t:|1779802634
|move|p2a: Elephant Doggie|Headlong Rush|p1a: Pawmot
|-supereffective|p1a: Pawmot
|-damage|p1a: Pawmot|0 fnt
|-unboost|p2a: Elephant Doggie|def|1
|-unboost|p2a: Elephant Doggie|spd|1
|faint|p1a: Pawmot
|
|upkeep
|
|t:|1779802638
|switch|p1a: Mimikyu|Mimikyu, F, shiny|100/100
|turn|6
|
|t:|1779802655
|-end|p2a: Elephant Doggie|Protosynthesis|[silent]
|switch|p2a: Tornadus|Tornadus-Therian, M|100/100
|move|p1a: Mimikyu|Swords Dance|p1a: Mimikyu
|-boost|p1a: Mimikyu|atk|2
|
|upkeep
|turn|7
|
|t:|1779802676
|move|p2a: Tornadus|Knock Off|p1a: Mimikyu
|-activate|p1a: Mimikyu|ability: Disguise
|-damage|p1a: Mimikyu|100/100
|-enditem|p1a: Mimikyu|Expert Belt|[from] move: Knock Off|[of] p2a: Tornadus
|detailschange|p1a: Mimikyu|Mimikyu-Busted, F, shiny
|-damage|p1a: Mimikyu|88/100|[from] pokemon: Mimikyu-Busted
|move|p1a: Mimikyu|Play Rough|p2a: Tornadus
|-damage|p2a: Tornadus|10/100
|
|upkeep
|turn|8
|inactive|Phoenix434 has 120 seconds left.
|
|t:|1779802702
|move|p1a: Mimikyu|Shadow Sneak|p2a: Tornadus
|-damage|p2a: Tornadus|0 fnt
|faint|p2a: Tornadus
|
|upkeep
|
|t:|1779802706
|switch|p2a: Tom|Meowscarada, F|100/100
|turn|9
|
|t:|1779802721
|-terastallize|p1a: Mimikyu|Fairy
|move|p2a: Tom|Flower Trick|p1a: Mimikyu
|-start|p2a: Tom|typechange|Grass|[from] ability: Protean
|-crit|p1a: Mimikyu
|-damage|p1a: Mimikyu|9/100
|move|p1a: Mimikyu|Drain Punch|p2a: Tom
|-damage|p2a: Tom|32/100
|-heal|p1a: Mimikyu|49/100|[from] drain|[of] p2a: Tom
|
|upkeep
|turn|10
|inactive|Phoenix434 has 120 seconds left.
|
|t:|1779802766
|move|p1a: Mimikyu|Shadow Sneak|p2a: Tom
|-damage|p2a: Tom|0 fnt
|faint|p2a: Tom
|
|upkeep
|
|t:|1779802772
|switch|p2a: Rescue Bots|Iron Boulder|100/100
|-enditem|p2a: Rescue Bots|Booster Energy
|-activate|p2a: Rescue Bots|ability: Quark Drive|[fromitem]
|-start|p2a: Rescue Bots|quarkdriveatk
|turn|11
|
|t:|1779802786
|move|p1a: Mimikyu|Shadow Sneak|p2a: Rescue Bots
|-supereffective|p2a: Rescue Bots
|-damage|p2a: Rescue Bots|6/100
|move|p2a: Rescue Bots|Mighty Cleave|p1a: Mimikyu
|-damage|p1a: Mimikyu|0 fnt
|faint|p1a: Mimikyu
|
|upkeep
|
|t:|1779802797
|switch|p1a: Scizor|Scizor, M|100/100
|turn|12
|
|t:|1779802812
|-end|p2a: Rescue Bots|Quark Drive|[silent]
|switch|p2a: Mama Tar|Tyranitar, F|100/100
|-weather|Sandstorm|[from] ability: Sand Stream|[of] p2a: Mama Tar
|move|p1a: Scizor|Bullet Punch|p2a: Mama Tar
|-supereffective|p2a: Mama Tar
|-damage|p2a: Mama Tar|50/100
|-damage|p1a: Scizor|84/100|[from] item: Rocky Helmet|[of] p2a: Mama Tar
|
|-weather|Sandstorm|[upkeep]
|upkeep
|turn|13
|
|t:|1779802817
|move|p1a: Scizor|Bullet Punch|p2a: Mama Tar
|-supereffective|p2a: Mama Tar
|-damage|p2a: Mama Tar|1/100
|-damage|p1a: Scizor|68/100|[from] item: Rocky Helmet|[of] p2a: Mama Tar
|move|p2a: Mama Tar|Thunder Wave|p1a: Scizor
|-status|p1a: Scizor|par
|
|-weather|Sandstorm|[upkeep]
|upkeep
|turn|14
|
|t:|1779802822
|cant|p1a: Scizor|par
|move|p2a: Mama Tar|Knock Off|p1a: Scizor
|-damage|p1a: Scizor|7/100 par
|-enditem|p1a: Scizor|Iron Plate|[from] move: Knock Off|[of] p2a: Mama Tar
|
|-weather|Sandstorm|[upkeep]
|upkeep
|turn|15
|
|t:|1779802825
|move|p1a: Scizor|Bullet Punch|p2a: Mama Tar
|-supereffective|p2a: Mama Tar
|-damage|p2a: Mama Tar|0 fnt
|-damage|p1a: Scizor|0 fnt|[from] item: Rocky Helmet|[of] p2a: Mama Tar
|faint|p2a: Mama Tar
|faint|p1a: Scizor
|
|-weather|Sandstorm|[upkeep]
|upkeep
|
|t:|1779802834
|switch|p1a: Arboliva|Arboliva, F, shiny|100/100
|switch|p2a: Smithers|Dragapult, M|100/100
|turn|16
|
|t:|1779802845
|move|p2a: Smithers|Dragon Darts|p1a: Arboliva
|-crit|p1a: Arboliva
|-damage|p1a: Arboliva|72/100
|-fieldstart|move: Grassy Terrain|[from] ability: Seed Sower|[of] p1a: Arboliva
|-anim|p2a: Smithers|Dragon Darts|p1a: Arboliva
|-damage|p1a: Arboliva|52/100
|move|p1a: Arboliva|Strength Sap|p2a: Smithers
|-unboost|p2a: Smithers|atk|1
|-heal|p1a: Arboliva|100/100
|
|-weather|none
|upkeep
|turn|17
|
|t:|1779802859
|move|p2a: Smithers|Will-O-Wisp|p1a: Arboliva|[miss]
|-miss|p2a: Smithers|p1a: Arboliva
|move|p1a: Arboliva|Alluring Voice|p2a: Smithers
|-supereffective|p2a: Smithers
|-damage|p2a: Smithers|20/100
|
|-heal|p2a: Smithers|26/100|[from] Grassy Terrain
|upkeep
|turn|18
|
|t:|1779802867
|move|p2a: Smithers|U-turn|p1a: Arboliva
|-supereffective|p1a: Arboliva
|-damage|p1a: Arboliva|73/100
|
|t:|1779802873
|switch|p2a: Elephant Doggie|Great Tusk|9/100|[from] U-turn
|move|p1a: Arboliva|Alluring Voice|p2a: Elephant Doggie
|-supereffective|p2a: Elephant Doggie
|-damage|p2a: Elephant Doggie|0 fnt
|faint|p2a: Elephant Doggie
|-end|p2a: Elephant Doggie|Protosynthesis|[silent]
|
|-heal|p1a: Arboliva|79/100|[from] Grassy Terrain
|upkeep
|
|t:|1779802877
|switch|p2a: Rescue Bots|Iron Boulder|6/100
|turn|19
|
|t:|1779802883
|move|p2a: Rescue Bots|Close Combat|p1a: Arboliva
|-supereffective|p1a: Arboliva
|-damage|p1a: Arboliva|0 fnt
|-unboost|p2a: Rescue Bots|def|1
|-unboost|p2a: Rescue Bots|spd|1
|faint|p1a: Arboliva
|
|-heal|p2a: Rescue Bots|13/100|[from] Grassy Terrain
|upkeep
|
|t:|1779802885
|switch|p1a: Hatterene|Hatterene, F, shiny|100/100
|turn|20
|
|t:|1779802893
|move|p2a: Rescue Bots|Mighty Cleave|p1a: Hatterene
|-damage|p1a: Hatterene|35/100
|move|p1a: Hatterene|Draining Kiss|p2a: Rescue Bots
|-damage|p2a: Rescue Bots|0 fnt
|-heal|p1a: Hatterene|50/100|[from] drain|[of] p2a: Rescue Bots
|faint|p2a: Rescue Bots
|-end|p2a: Rescue Bots|Quark Drive|[silent]
|
|-heal|p1a: Hatterene|56/100|[from] Grassy Terrain
|-fieldend|move: Grassy Terrain
|upkeep
|
|t:|1779802898
|switch|p2a: Smithers|Dragapult, M|26/100
|turn|21
|
|t:|1779802907
|move|p2a: Smithers|Hex|p1a: Hatterene
|-supereffective|p1a: Hatterene
|-damage|p1a: Hatterene|0 fnt
|faint|p1a: Hatterene
|
|win|Phoenix434
|raw|hcsl's rating: 1139 &rarr; <strong>1113</strong><br />(-26 for losing)
|raw|Phoenix434's rating: 1132 &rarr; <strong>1158</strong><br />(+26 for winning)
|c|☆hcsl|ggs
|l|☆hcsl
|player|p1|
|l|☆Phoenix434
|player|p2|
|j|☆Phoenix434
|player|p2|Phoenix434|steven|
|l|☆Phoenix434
|player|p2|
