|j|☆somsleep
|j|☆Tactical_foul
|t:|1779928406
|gametype|singles
|player|p1|somsleep|101|1532
|player|p2|Tactical_foul|101|1552
|gen|9
|tier|[Gen 9] OU
|rated|
|rule|HP Percentage Mod: HP is shown in percentages
|rule|Endless Battle Clause: Forcing endless battles is banned
|rule|Species Clause: Limit one of each Pokémon
|rule|OHKO Clause: OHKO moves are banned
|rule|Evasion Items Clause: Evasion items are banned
|rule|Evasion Moves Clause: Evasion moves are banned
|rule|Evasion Abilities Clause: Evasion abilities are banned
|rule|Sleep Moves Clause: Sleep-inducing moves are banned
|clearpoke
|poke|p1|Abomasnow, M|
|poke|p1|Cetitan, M|
|poke|p1|Rotom|
|poke|p1|Illumise, F|
|poke|p1|Keldeo-Resolute|
|poke|p1|Iron Treads|
|poke|p2|Iron Valiant|
|poke|p2|Excadrill, M|
|poke|p2|Tyranitar, M|
|poke|p2|Tornadus-Therian, M|
|poke|p2|Ogerpon-Cornerstone, F|
|poke|p2|Toxapex, M|
|teampreview
|inactive|Battle timer is ON: inactive players will automatically lose when time's up. (requested by somsleep)
|inactive|Tactical_foul has 120 seconds left.
|
|t:|1779928463
|teamsize|p1|6
|teamsize|p2|6
|start
|switch|p1a: Rotom|Rotom|100/100
|switch|p2a: Tyranitar|Tyranitar, M, shiny|100/100
|-weather|Sandstorm|[from] ability: Sand Stream|[of] p2a: Tyranitar
|turn|1
|
|t:|1779928472
|switch|p1a: Iron Treads|Iron Treads|100/100
|-enditem|p1a: Iron Treads|Booster Energy
|-activate|p1a: Iron Treads|ability: Quark Drive|[fromitem]
|-start|p1a: Iron Treads|quarkdrivespe
|move|p2a: Tyranitar|Stealth Rock|p1a: Iron Treads
|-sidestart|p1: somsleep|move: Stealth Rock
|
|-weather|Sandstorm|[upkeep]
|upkeep
|turn|2
|
|t:|1779928479
|move|p1a: Iron Treads|Rapid Spin|p2a: Tyranitar
|-resisted|p2a: Tyranitar
|-damage|p2a: Tyranitar|93/100
|-boost|p1a: Iron Treads|spe|1
|-sideend|p1: somsleep|Stealth Rock|[from] move: Rapid Spin|[of] p1a: Iron Treads
|move|p2a: Tyranitar|Low Kick|p1a: Iron Treads
|-supereffective|p1a: Iron Treads
|-damage|p1a: Iron Treads|8/100
|
|-weather|Sandstorm|[upkeep]
|upkeep
|turn|3
|
|t:|1779928485
|switch|p2a: Tornadus|Tornadus-Therian, M, shiny|100/100
|move|p1a: Iron Treads|Stealth Rock|p2a: Tornadus
|-sidestart|p2: Tactical_foul|move: Stealth Rock
|
|-weather|Sandstorm|[upkeep]
|-damage|p2a: Tornadus|94/100|[from] Sandstorm
|upkeep
|turn|4
|
|t:|1779928491
|move|p1a: Iron Treads|Iron Head|p2a: Tornadus
|-crit|p2a: Tornadus
|-damage|p2a: Tornadus|23/100
|move|p2a: Tornadus|Heat Wave|p1a: Iron Treads
|-supereffective|p1a: Iron Treads
|-damage|p1a: Iron Treads|0 fnt
|faint|p1a: Iron Treads
|-end|p1a: Iron Treads|Quark Drive|[silent]
|
|-weather|Sandstorm|[upkeep]
|-damage|p2a: Tornadus|17/100|[from] Sandstorm
|upkeep
|j| Clodmired
|l| Clodmired
|
|t:|1779928510
|switch|p1a: Rotom|Rotom|100/100
|turn|5
|
|t:|1779928517
|switch|p2a: Excadrill|Excadrill, M, shiny|100/100
|-damage|p2a: Excadrill|97/100|[from] Stealth Rock
|move|p1a: Rotom|Trick|p2a: Excadrill
|-activate|p1a: Rotom|move: Trick|[of] p2a: Excadrill
|-item|p2a: Excadrill|Choice Scarf|[from] move: Trick
|-item|p1a: Rotom|Leftovers|[from] move: Trick
|
|-weather|Sandstorm|[upkeep]
|-damage|p1a: Rotom|94/100|[from] Sandstorm
|-heal|p1a: Rotom|100/100|[from] item: Leftovers
|upkeep
|turn|6
|
|t:|1779928528
|switch|p1a: Illumise|Illumise, F|100/100
|move|p2a: Excadrill|Rock Slide|p1a: Illumise
|-supereffective|p1a: Illumise
|-damage|p1a: Illumise|41/100
|-enditem|p1a: Illumise|Eject Button
|
|t:|1779928540
|switch|p1a: Keldeo|Keldeo-Resolute|100/100
|
|-weather|Sandstorm|[upkeep]
|-damage|p1a: Keldeo|94/100|[from] Sandstorm
|-heal|p1a: Keldeo|100/100|[from] item: Leftovers
|upkeep
|turn|7
|
|t:|1779928545
|switch|p2a: Toxapex|Toxapex, M, shiny|100/100
|-damage|p2a: Toxapex|88/100|[from] Stealth Rock
|move|p1a: Keldeo|Surf|p2a: Toxapex
|-resisted|p2a: Toxapex
|-damage|p2a: Toxapex|72/100
|-enditem|p2a: Toxapex|Eject Button
|
|t:|1779928553
|switch|p2a: Iron Valiant|Iron Valiant, shiny|100/100
|-damage|p2a: Iron Valiant|94/100|[from] Stealth Rock
|
|-weather|Sandstorm|[upkeep]
|-damage|p2a: Iron Valiant|88/100|[from] Sandstorm
|-damage|p1a: Keldeo|94/100|[from] Sandstorm
|-heal|p1a: Keldeo|100/100|[from] item: Leftovers
|upkeep
|turn|8
|
|t:|1779928561
|switch|p1a: Rotom|Rotom|100/100
|move|p2a: Iron Valiant|Moonblast|p1a: Rotom
|-damage|p1a: Rotom|7/100
|-unboost|p1a: Rotom|spa|1
|
|-weather|none
|-heal|p1a: Rotom|13/100|[from] item: Leftovers
|upkeep
|turn|9
|
|t:|1779928571
|move|p2a: Iron Valiant|Moonblast|p1a: Rotom
|-damage|p1a: Rotom|0 fnt
|faint|p1a: Rotom
|
|upkeep
|j| Old Man Prof
|
|t:|1779928577
|switch|p1a: Abomasnow|Abomasnow, M, shiny|100/100
|-weather|Snowscape|[from] ability: Snow Warning|[of] p1a: Abomasnow
|turn|10
|
|t:|1779928591
|-end|p2a: Iron Valiant|Quark Drive|[silent]
|switch|p2a: Toxapex|Toxapex, M, shiny|100/100
|-damage|p2a: Toxapex|88/100|[from] Stealth Rock
|move|p1a: Abomasnow|Leaf Storm|p2a: Toxapex
|-damage|p2a: Toxapex|46/100
|-unboost|p1a: Abomasnow|spa|2
|-enditem|p1a: Abomasnow|Eject Pack
|
|t:|1779928601
|switch|p1a: Cetitan|Cetitan, M|100/100
|
|-weather|Snowscape|[upkeep]
|upkeep
|turn|11
|
|t:|1779928607
|move|p1a: Cetitan|Earthquake|p2a: Toxapex
|-supereffective|p2a: Toxapex
|-damage|p2a: Toxapex|0 fnt
|faint|p2a: Toxapex
|
|-weather|Snowscape|[upkeep]
|upkeep
|
|t:|1779928618
|switch|p2a: Excadrill|Excadrill, M, shiny|97/100
|-damage|p2a: Excadrill|94/100|[from] Stealth Rock
|turn|12
|
|t:|1779928629
|switch|p1a: Keldeo|Keldeo-Resolute|100/100
|-terastallize|p2a: Excadrill|Ground
|move|p2a: Excadrill|Rapid Spin|p1a: Keldeo
|-damage|p1a: Keldeo|79/100
|-boost|p2a: Excadrill|spe|1
|-sideend|p2: Tactical_foul|Stealth Rock|[from] move: Rapid Spin|[of] p2a: Excadrill
|
|-weather|Snowscape|[upkeep]
|-heal|p1a: Keldeo|86/100|[from] item: Leftovers
|upkeep
|turn|13
|
|t:|1779928646
|switch|p2a: Tyranitar|Tyranitar, M, shiny|93/100
|-weather|Sandstorm|[from] ability: Sand Stream|[of] p2a: Tyranitar
|move|p1a: Keldeo|Substitute|p1a: Keldeo
|-start|p1a: Keldeo|Substitute
|-damage|p1a: Keldeo|61/100
|
|-weather|Sandstorm|[upkeep]
|-damage|p1a: Keldeo|55/100|[from] Sandstorm
|-heal|p1a: Keldeo|61/100|[from] item: Leftovers
|upkeep
|turn|14
|
|t:|1779928660
|move|p1a: Keldeo|Secret Sword|p2a: Tyranitar
|-supereffective|p2a: Tyranitar
|-damage|p2a: Tyranitar|0 fnt
|faint|p2a: Tyranitar
|
|-weather|Sandstorm|[upkeep]
|-damage|p1a: Keldeo|55/100|[from] Sandstorm
|-heal|p1a: Keldeo|61/100|[from] item: Leftovers
|upkeep
|
|t:|1779928674
|switch|p2a: Iron Valiant|Iron Valiant, shiny|88/100
|turn|15
|
|t:|1779928678
|move|p2a: Iron Valiant|Moonblast|p1a: Keldeo
|-supereffective|p1a: Keldeo
|-end|p1a: Keldeo|Substitute
|move|p1a: Keldeo|Surf|p2a: Iron Valiant
|-damage|p2a: Iron Valiant|2/100
|
|-weather|Sandstorm|[upkeep]
|-damage|p2a: Iron Valiant|0 fnt|[from] Sandstorm
|-damage|p1a: Keldeo|55/100|[from] Sandstorm
|faint|p2a: Iron Valiant
|-end|p2a: Iron Valiant|Quark Drive|[silent]
|-heal|p1a: Keldeo|61/100|[from] item: Leftovers
|upkeep
|
|t:|1779928692
|switch|p2a: Excadrill|Excadrill, M, shiny, tera:Ground|94/100
|turn|16
|
|t:|1779928699
|switch|p1a: Abomasnow|Abomasnow, M, shiny|100/100
|-weather|Snowscape|[from] ability: Snow Warning|[of] p1a: Abomasnow
|move|p2a: Excadrill|Earthquake|p1a: Abomasnow
|-resisted|p1a: Abomasnow
|-damage|p1a: Abomasnow|67/100
|
|-weather|Snowscape|[upkeep]
|upkeep
|turn|17
|
|t:|1779928708
|move|p2a: Excadrill|Earthquake|p1a: Abomasnow
|-resisted|p1a: Abomasnow
|-damage|p1a: Abomasnow|28/100
|move|p1a: Abomasnow|Aurora Veil|p1a: Abomasnow
|-sidestart|p1: somsleep|move: Aurora Veil
|
|-weather|Snowscape|[upkeep]
|upkeep
|turn|18
|
|t:|1779928713
|move|p2a: Excadrill|Earthquake|p1a: Abomasnow
|-resisted|p1a: Abomasnow
|-damage|p1a: Abomasnow|11/100
|move|p1a: Abomasnow|Blizzard|p2a: Excadrill
|-supereffective|p2a: Excadrill
|-damage|p2a: Excadrill|0 fnt
|faint|p2a: Excadrill
|
|-weather|Snowscape|[upkeep]
|upkeep
|
|t:|1779928720
|switch|p2a: Ogerpon|Ogerpon-Cornerstone, F|100/100
|turn|19
|
|t:|1779928730
|move|p2a: Ogerpon|Ivy Cudgel|p1a: Abomasnow|[anim] Ivy Cudgel Rock
|-supereffective|p1a: Abomasnow
|-crit|p1a: Abomasnow
|-damage|p1a: Abomasnow|0 fnt
|faint|p1a: Abomasnow
|
|-weather|Snowscape|[upkeep]
|upkeep
|
|t:|1779928736
|switch|p1a: Illumise|Illumise, F|41/100
|turn|20
|
|t:|1779928742
|move|p1a: Illumise|Tailwind|p1a: Illumise
|-sidestart|p1: somsleep|move: Tailwind
|move|p2a: Ogerpon|Ivy Cudgel|p1a: Illumise|[anim] Ivy Cudgel Rock
|-supereffective|p1a: Illumise
|-damage|p1a: Illumise|0 fnt
|faint|p1a: Illumise
|
|-weather|none
|upkeep
|
|t:|1779928745
|switch|p1a: Keldeo|Keldeo-Resolute|61/100
|turn|21
|
|t:|1779928752
|-terastallize|p1a: Keldeo|Steel
|move|p1a: Keldeo|Secret Sword|p2a: Ogerpon
|-supereffective|p2a: Ogerpon
|-crit|p2a: Ogerpon
|-ability|p2a: Ogerpon|Sturdy
|-damage|p2a: Ogerpon|1/100
|move|p2a: Ogerpon|Power Whip|p1a: Keldeo
|-resisted|p1a: Keldeo
|-damage|p1a: Keldeo|39/100
|
|-heal|p1a: Keldeo|45/100|[from] item: Leftovers
|-sideend|p1: somsleep|move: Aurora Veil
|upkeep
|turn|22
|
|t:|1779928763
|switch|p2a: Tornadus|Tornadus-Therian, M, shiny|50/100
|move|p1a: Keldeo|Surf|p2a: Tornadus
|-damage|p2a: Tornadus|0 fnt
|faint|p2a: Tornadus
|
|-heal|p1a: Keldeo|52/100|[from] item: Leftovers
|upkeep
|
|t:|1779928765
|switch|p2a: Ogerpon|Ogerpon-Cornerstone, F|1/100
|turn|23
|
|t:|1779928767
|move|p1a: Keldeo|Surf|p2a: Ogerpon
|-damage|p2a: Ogerpon|0 fnt
|faint|p2a: Ogerpon
|
|win|somsleep
|raw|somsleep's rating: 1532 &rarr; <strong>1553</strong><br />(+21 for winning)
|raw|Tactical_foul's rating: 1552 &rarr; <strong>1531</strong><br />(-21 for losing)
|l|☆Tactical_foul
|player|p2|
|l|☆somsleep
|player|p1|
|l| Old Man Prof
