|j|☆Embid❤️mah
|j|☆MewEnRage
|t:|1779867105
|gametype|singles
|player|p1|Embid❤️mah|swimmer|1389
|player|p2|MewEnRage|falkner|1360
|gen|9
|tier|[Gen 9] OU
|rated|
|rule|HP Percentage Mod: HP is shown in percentages
|rule|Endless Battle Clause: Forcing endless battles is banned
|rule|Species Clause: Limit one of each Pokémon
|rule|OHKO Clause: OHKO moves are banned
|rule|Evasion Items Clause: Evasion items are banned
|rule|Evasion Moves Clause: Evasion moves are banned
|rule|Evasion Abilities Clause: Evasion abilities are banned
|rule|Sleep Moves Clause: Sleep-inducing moves are banned
|clearpoke
|poke|p1|Dragonite, F|
|poke|p1|Gholdengo|
|poke|p1|Iron Crown|
|poke|p1|Glimmora, M|
|poke|p1|Ting-Lu|
|poke|p1|Ogerpon-Wellspring, F|
|poke|p2|Kommo-o, M|
|poke|p2|Scizor, F|
|poke|p2|Moltres|
|poke|p2|Mamoswine, F|
|poke|p2|Regieleki|
|poke|p2|Primarina, M|
|teampreview
|inactive|Battle timer is ON: inactive players will automatically lose when time's up. (requested by Embid❤️mah)
|c|☆MewEnRage|gl hf
|j| coolkidsurferdude
|
|t:|1779867131
|teamsize|p1|6
|teamsize|p2|6
|start
|switch|p1a: Glimmora|Glimmora, M|100/100
|switch|p2a: Mamoswine|Mamoswine, F|100/100
|turn|1
|
|t:|1779867140
|move|p1a: Glimmora|Stealth Rock|p2a: Mamoswine
|-sidestart|p2: MewEnRage|move: Stealth Rock
|move|p2a: Mamoswine|Earthquake|p1a: Glimmora
|-supereffective|p1a: Glimmora
|-damage|p1a: Glimmora|0 fnt
|-activate|p1a: Glimmora|ability: Toxic Debris
|-sidestart|p2: MewEnRage|move: Toxic Spikes
|faint|p1a: Glimmora
|
|upkeep
|
|t:|1779867151
|switch|p1a: Ogerpon|Ogerpon-Wellspring, F|100/100
|turn|2
|
|t:|1779867161
|move|p1a: Ogerpon|Ivy Cudgel|p2a: Mamoswine|[anim] Ivy Cudgel Water
|-supereffective|p2a: Mamoswine
|-crit|p2a: Mamoswine
|-enditem|p2a: Mamoswine|Focus Sash
|-damage|p2a: Mamoswine|1/100
|move|p2a: Mamoswine|Icicle Crash|p1a: Ogerpon
|-damage|p1a: Ogerpon|38/100
|
|upkeep
|turn|3
|
|t:|1779867171
|switch|p1a: Ting-Lu|Ting-Lu|100/100
|-ability|p1a: Ting-Lu|Vessel of Ruin
|move|p2a: Mamoswine|Ice Shard|p1a: Ting-Lu
|-supereffective|p1a: Ting-Lu
|-damage|p1a: Ting-Lu|77/100
|
|upkeep
|turn|4
|
|t:|1779867186
|move|p2a: Mamoswine|Icicle Crash|p1a: Ting-Lu
|-supereffective|p1a: Ting-Lu
|-damage|p1a: Ting-Lu|29/100
|move|p1a: Ting-Lu|Spikes|p2a: Mamoswine
|-sidestart|p2: MewEnRage|Spikes
|
|upkeep
|turn|5
|
|t:|1779867193
|switch|p1a: Gholdengo|Gholdengo|100/100
|move|p2a: Mamoswine|Icicle Crash|p1a: Gholdengo
|-resisted|p1a: Gholdengo
|-damage|p1a: Gholdengo|85/100
|
|upkeep
|turn|6
|l| coolkidsurferdude
|
|t:|1779867202
|switch|p1a: Dragonite|Dragonite, F|100/100
|move|p2a: Mamoswine|Earthquake|p1a: Dragonite
|-immune|p1a: Dragonite
|
|upkeep
|turn|7
|
|t:|1779867206
|move|p1a: Dragonite|Extreme Speed|p2a: Mamoswine
|-damage|p2a: Mamoswine|0 fnt
|faint|p2a: Mamoswine
|
|upkeep
|
|t:|1779867215
|switch|p2a: Moltres|Moltres|100/100
|turn|8
|
|t:|1779867221
|switch|p1a: Ting-Lu|Ting-Lu|29/100
|-ability|p1a: Ting-Lu|Vessel of Ruin
|move|p2a: Moltres|Will-O-Wisp|p1a: Ting-Lu
|-status|p1a: Ting-Lu|brn
|
|-damage|p1a: Ting-Lu|23/100 brn|[from] brn
|upkeep
|turn|9
|
|t:|1779867231
|move|p2a: Moltres|Flamethrower|p1a: Ting-Lu
|-damage|p1a: Ting-Lu|8/100 brn
|move|p1a: Ting-Lu|Ruination|p2a: Moltres
|-damage|p2a: Moltres|51/100
|
|-damage|p1a: Ting-Lu|2/100 brn|[from] brn
|upkeep
|turn|10
|
|t:|1779867243
|move|p2a: Moltres|Flamethrower|p1a: Ting-Lu
|-damage|p1a: Ting-Lu|0 fnt
|faint|p1a: Ting-Lu
|
|upkeep
|
|t:|1779867244
|switch|p1a: Ogerpon|Ogerpon-Wellspring, F|38/100
|turn|11
|
|t:|1779867257
|move|p1a: Ogerpon|Ivy Cudgel|p2a: Moltres|[anim] Ivy Cudgel Water
|-supereffective|p2a: Moltres
|-damage|p2a: Moltres|0 fnt
|faint|p2a: Moltres
|
|upkeep
|
|t:|1779867260
|switch|p2a: Regieleki|Regieleki|100/100
|turn|12
|
|t:|1779867266
|switch|p1a: Gholdengo|Gholdengo|85/100
|move|p2a: Regieleki|Volt Switch|p1a: Gholdengo
|-damage|p1a: Gholdengo|45/100
|
|t:|1779867271
|switch|p2a: Scizor|Scizor, F|100/100|[from] Volt Switch
|-damage|p2a: Scizor|88/100|[from] Stealth Rock
|-damage|p2a: Scizor|76/100|[from] Spikes
|
|upkeep
|turn|13
|
|t:|1779867277
|move|p1a: Gholdengo|Recover|p1a: Gholdengo
|-heal|p1a: Gholdengo|95/100
|move|p2a: Scizor|Knock Off|p1a: Gholdengo
|-supereffective|p1a: Gholdengo
|-enditem|p1a: Gholdengo|Colbur Berry|[eat]
|-enditem|p1a: Gholdengo|Colbur Berry|[weaken]
|-damage|p1a: Gholdengo|55/100
|
|upkeep
|turn|14
|
|t:|1779867282
|move|p1a: Gholdengo|Thunder Wave|p2a: Scizor
|-status|p2a: Scizor|par
|move|p2a: Scizor|Knock Off|p1a: Gholdengo
|-supereffective|p1a: Gholdengo
|-damage|p1a: Gholdengo|7/100
|
|upkeep
|turn|15
|
|t:|1779867292
|switch|p2a: Regieleki|Regieleki|100/100
|move|p1a: Gholdengo|Recover|p1a: Gholdengo
|-heal|p1a: Gholdengo|57/100
|
|upkeep
|turn|16
|
|t:|1779867300
|move|p2a: Regieleki|Light Screen|p2a: Regieleki
|-sidestart|p2: MewEnRage|move: Light Screen
|move|p1a: Gholdengo|Hex|p2a: Regieleki
|-damage|p2a: Regieleki|67/100
|
|upkeep
|turn|17
|
|t:|1779867308
|move|p2a: Regieleki|Volt Switch|p1a: Gholdengo
|-damage|p1a: Gholdengo|13/100
|
|t:|1779867313
|switch|p2a: Scizor|Scizor, F|76/100 par|[from] Volt Switch
|-damage|p2a: Scizor|64/100 par|[from] Stealth Rock
|-damage|p2a: Scizor|52/100 par|[from] Spikes
|move|p1a: Gholdengo|Hex|p2a: Scizor
|-damage|p2a: Scizor|18/100 par
|
|upkeep
|turn|18
|
|t:|1779867322
|cant|p2a: Scizor|par
|move|p1a: Gholdengo|Recover|p1a: Gholdengo
|-heal|p1a: Gholdengo|63/100
|
|upkeep
|turn|19
|
|t:|1779867327
|move|p1a: Gholdengo|Hex|p2a: Scizor
|-damage|p2a: Scizor|0 fnt
|faint|p2a: Scizor
|
|upkeep
|
|t:|1779867331
|switch|p2a: Regieleki|Regieleki|67/100
|turn|20
|
|t:|1779867333
|move|p2a: Regieleki|Volt Switch|p1a: Gholdengo
|-damage|p1a: Gholdengo|18/100
|
|t:|1779867336
|switch|p2a: Primarina|Primarina, M|100/100|[from] Volt Switch
|-damage|p2a: Primarina|88/100|[from] Stealth Rock
|-status|p2a: Primarina|psn
|-damage|p2a: Primarina|76/100 psn|[from] Spikes
|move|p1a: Gholdengo|Hex|p2a: Primarina
|-damage|p2a: Primarina|61/100 psn
|
|-damage|p2a: Primarina|48/100 psn|[from] psn
|-sideend|p2: MewEnRage|move: Light Screen
|upkeep
|turn|21
|
|t:|1779867347
|switch|p1a: Ogerpon|Ogerpon-Wellspring, F|38/100
|move|p2a: Primarina|Surf|p1a: Ogerpon
|-heal|p1a: Ogerpon|63/100|[from] ability: Water Absorb|[of] p2a: Primarina
|
|-damage|p2a: Primarina|36/100 psn|[from] psn
|upkeep
|turn|22
|
|t:|1779867353
|move|p1a: Ogerpon|Horn Leech|p2a: Primarina
|-supereffective|p2a: Primarina
|-damage|p2a: Primarina|0 fnt
|-heal|p1a: Ogerpon|85/100|[from] drain|[of] p2a: Primarina
|faint|p2a: Primarina
|
|upkeep
|
|t:|1779867355
|switch|p2a: Regieleki|Regieleki|67/100
|turn|23
|
|t:|1779867362
|move|p2a: Regieleki|Rapid Spin|p1a: Ogerpon
|-damage|p1a: Ogerpon|69/100
|-boost|p2a: Regieleki|spe|1
|-sideend|p2: MewEnRage|Spikes|[from] move: Rapid Spin|[of] p2a: Regieleki
|-sideend|p2: MewEnRage|Toxic Spikes|[from] move: Rapid Spin|[of] p2a: Regieleki
|-sideend|p2: MewEnRage|Stealth Rock|[from] move: Rapid Spin|[of] p2a: Regieleki
|move|p1a: Ogerpon|U-turn|p2a: Regieleki
|-damage|p2a: Regieleki|12/100
|
|t:|1779867369
|switch|p1a: Dragonite|Dragonite, F|100/100|[from] U-turn
|
|upkeep
|turn|24
|
|t:|1779867373
|move|p1a: Dragonite|Extreme Speed|p2a: Regieleki
|-damage|p2a: Regieleki|0 fnt
|faint|p2a: Regieleki
|
|upkeep
|
|t:|1779867375
|switch|p2a: Kommo-o|Kommo-o, M|100/100
|turn|25
|
|t:|1779867381
|switch|p1a: Iron Crown|Iron Crown|100/100
|-enditem|p1a: Iron Crown|Booster Energy
|-activate|p1a: Iron Crown|ability: Quark Drive|[fromitem]
|-start|p1a: Iron Crown|quarkdrivespe
|move|p2a: Kommo-o|Clangorous Soul|p2a: Kommo-o
|-boost|p2a: Kommo-o|atk|1
|-boost|p2a: Kommo-o|def|1
|-boost|p2a: Kommo-o|spa|1
|-boost|p2a: Kommo-o|spd|1
|-boost|p2a: Kommo-o|spe|1
|-damage|p2a: Kommo-o|68/100
|
|-heal|p2a: Kommo-o|74/100|[from] item: Leftovers
|upkeep
|turn|26
|
|t:|1779867395
|-terastallize|p1a: Iron Crown|Fighting
|move|p1a: Iron Crown|Calm Mind|p1a: Iron Crown
|-boost|p1a: Iron Crown|spa|1
|-boost|p1a: Iron Crown|spd|1
|move|p2a: Kommo-o|Clangorous Soul|p2a: Kommo-o
|-boost|p2a: Kommo-o|atk|1
|-boost|p2a: Kommo-o|def|1
|-boost|p2a: Kommo-o|spa|1
|-boost|p2a: Kommo-o|spd|1
|-boost|p2a: Kommo-o|spe|1
|-damage|p2a: Kommo-o|41/100
|
|-heal|p2a: Kommo-o|47/100|[from] item: Leftovers
|upkeep
|turn|27
|
|t:|1779867403
|move|p2a: Kommo-o|Drain Punch|p1a: Iron Crown
|-damage|p1a: Iron Crown|27/100
|-heal|p2a: Kommo-o|90/100|[from] drain|[of] p1a: Iron Crown
|move|p1a: Iron Crown|Psyshock|p2a: Kommo-o
|-supereffective|p2a: Kommo-o
|-damage|p2a: Kommo-o|32/100
|
|-heal|p2a: Kommo-o|39/100|[from] item: Leftovers
|upkeep
|turn|28
|
|t:|1779867412
|move|p2a: Kommo-o|Drain Punch|p1a: Iron Crown
|-damage|p1a: Iron Crown|0 fnt
|-heal|p2a: Kommo-o|54/100|[from] drain|[of] p1a: Iron Crown
|faint|p1a: Iron Crown
|-end|p1a: Iron Crown|Quark Drive|[silent]
|
|-heal|p2a: Kommo-o|60/100|[from] item: Leftovers
|upkeep
|
|t:|1779867419
|switch|p1a: Gholdengo|Gholdengo|18/100
|turn|29
|
|t:|1779867421
|move|p2a: Kommo-o|Iron Head|p1a: Gholdengo
|-resisted|p1a: Gholdengo
|-damage|p1a: Gholdengo|2/100
|move|p1a: Gholdengo|Thunder Wave|p2a: Kommo-o
|-status|p2a: Kommo-o|par
|
|-heal|p2a: Kommo-o|66/100 par|[from] item: Leftovers
|upkeep
|turn|30
|
|t:|1779867428
|cant|p2a: Kommo-o|par
|move|p1a: Gholdengo|Hex|p2a: Kommo-o
|-damage|p2a: Kommo-o|36/100 par
|
|-heal|p2a: Kommo-o|42/100 par|[from] item: Leftovers
|upkeep
|turn|31
|
|t:|1779867430
|move|p2a: Kommo-o|Iron Head|p1a: Gholdengo
|-resisted|p1a: Gholdengo
|-damage|p1a: Gholdengo|0 fnt
|faint|p1a: Gholdengo
|
|-heal|p2a: Kommo-o|48/100 par|[from] item: Leftovers
|upkeep
|
|t:|1779867434
|switch|p1a: Dragonite|Dragonite, F|100/100
|turn|32
|
|t:|1779867442
|cant|p2a: Kommo-o|par
|move|p1a: Dragonite|Dragon Tail|p2a: Kommo-o
|-supereffective|p2a: Kommo-o
|-damage|p2a: Kommo-o|13/100 par
|
|-heal|p2a: Kommo-o|19/100 par|[from] item: Leftovers
|upkeep
|turn|33
|
|t:|1779867445
|cant|p2a: Kommo-o|par
|move|p1a: Dragonite|Dragon Tail|p2a: Kommo-o
|-supereffective|p2a: Kommo-o
|-damage|p2a: Kommo-o|0 fnt
|faint|p2a: Kommo-o
|
|win|Embid❤️mah
|raw|Embid❤️mah's rating: 1389 &rarr; <strong>1407</strong><br />(+18 for winning)
|raw|MewEnRage's rating: 1360 &rarr; <strong>1342</strong><br />(-18 for losing)
|l|☆MewEnRage
|player|p2|
|l|☆Embid❤️mah
|player|p1|
