|j|☆griffballfrenzy
|j|☆Glocksucker
|t:|1779908506
|gametype|singles
|player|p1|griffballfrenzy|2|1371
|player|p2|Glocksucker|1|1330
|gen|9
|tier|[Gen 9] OU
|rated|
|rule|HP Percentage Mod: HP is shown in percentages
|rule|Endless Battle Clause: Forcing endless battles is banned
|rule|Species Clause: Limit one of each Pokémon
|rule|OHKO Clause: OHKO moves are banned
|rule|Evasion Items Clause: Evasion items are banned
|rule|Evasion Moves Clause: Evasion moves are banned
|rule|Evasion Abilities Clause: Evasion abilities are banned
|rule|Sleep Moves Clause: Sleep-inducing moves are banned
|clearpoke
|poke|p1|Walking Wake|
|poke|p1|Great Tusk|
|poke|p1|Ninetales, M|
|poke|p1|Cresselia, F|
|poke|p1|Zarude|
|poke|p1|Ceruledge, M|
|poke|p2|Blissey, F|
|poke|p2|Gliscor, F|
|poke|p2|Corviknight, F|
|poke|p2|Dondozo, F|
|poke|p2|Clodsire, M|
|poke|p2|Toxapex, M|
|teampreview
|
|t:|1779908527
|teamsize|p1|6
|teamsize|p2|6
|start
|switch|p1a: Walking Wake|Walking Wake|100/100
|switch|p2a: Gliscor|Gliscor, F|100/100
|turn|1
|
|t:|1779908537
|move|p2a: Gliscor|Protect|p2a: Gliscor
|-singleturn|p2a: Gliscor|Protect
|move|p1a: Walking Wake|Dragon Tail|p2a: Gliscor
|-activate|p2a: Gliscor|move: Protect
|
|-status|p2a: Gliscor|tox|[from] item: Toxic Orb
|upkeep
|turn|2
|
|t:|1779908549
|move|p1a: Walking Wake|Hydro Steam|p2a: Gliscor
|-supereffective|p2a: Gliscor
|-damage|p2a: Gliscor|18/100 tox
|move|p2a: Gliscor|Toxic|p1a: Walking Wake
|-status|p1a: Walking Wake|tox
|
|-damage|p1a: Walking Wake|94/100 tox|[from] psn
|-heal|p2a: Gliscor|31/100 tox|[from] ability: Poison Heal
|upkeep
|turn|3
|
|t:|1779908561
|-end|p1a: Walking Wake|Protosynthesis|[silent]
|switch|p1a: Ninetales|Ninetales, M|100/100
|-weather|SunnyDay|[from] ability: Drought|[of] p1a: Ninetales
|move|p2a: Gliscor|Protect||[still]
|-fail|p2a: Gliscor
|
|-weather|SunnyDay|[upkeep]
|-heal|p2a: Gliscor|43/100 tox|[from] ability: Poison Heal
|upkeep
|turn|4
|
|t:|1779908570
|move|p1a: Ninetales|Will-O-Wisp|p2a: Gliscor|[miss]
|-miss|p1a: Ninetales|p2a: Gliscor
|move|p2a: Gliscor|Knock Off|p1a: Ninetales
|-damage|p1a: Ninetales|72/100
|-enditem|p1a: Ninetales|Heat Rock|[from] move: Knock Off|[of] p2a: Gliscor
|
|-weather|SunnyDay|[upkeep]
|-heal|p2a: Gliscor|56/100 tox|[from] ability: Poison Heal
|upkeep
|turn|5
|-message|griffballfrenzy forfeited.
|
|win|Glocksucker
|raw|griffballfrenzy's rating: 1371 &rarr; <strong>1349</strong><br />(-22 for losing)
|raw|Glocksucker's rating: 1330 &rarr; <strong>1352</strong><br />(+22 for winning)
|l|☆griffballfrenzy
|player|p1|
|c|☆Glocksucker|Lol
