|j|☆lostexits
|j|☆icewizardlair☃
|t:|1779887174
|gametype|singles
|player|p1|lostexits|170|1148
|player|p2|icewizardlair☃|lorelei-lgpe|1176
|gen|9
|tier|[Gen 9] OU
|rated|
|rule|HP Percentage Mod: HP is shown in percentages
|rule|Endless Battle Clause: Forcing endless battles is banned
|rule|Species Clause: Limit one of each Pokémon
|rule|OHKO Clause: OHKO moves are banned
|rule|Evasion Items Clause: Evasion items are banned
|rule|Evasion Moves Clause: Evasion moves are banned
|rule|Evasion Abilities Clause: Evasion abilities are banned
|rule|Sleep Moves Clause: Sleep-inducing moves are banned
|clearpoke
|poke|p1|Arcanine-Hisui, F|
|poke|p1|Noivern, M|
|poke|p1|Zoroark-Hisui, M|
|poke|p1|Ogerpon-Wellspring, F|
|poke|p1|Jolteon, F|
|poke|p1|Corviknight, F|
|poke|p2|Chesnaught, M|
|poke|p2|Ninetales-Alola, F|
|poke|p2|Kilowattrel, M|
|poke|p2|Flygon, F|
|poke|p2|Lurantis, M|
|poke|p2|Grafaiai, M|
|teampreview
|inactive|Battle timer is ON: inactive players will automatically lose when time's up. (requested by icewizardlair☃)
|
|t:|1779887183
|teamsize|p1|6
|teamsize|p2|6
|start
|switch|p1a: Jolteon|Jolteon, F|100/100
|switch|p2a: Flygon|Flygon, F|100/100
|turn|1
|
|t:|1779887189
|move|p1a: Jolteon|Alluring Voice|p2a: Flygon
|-supereffective|p2a: Flygon
|-damage|p2a: Flygon|12/100
|move|p2a: Flygon|Throat Chop|p1a: Jolteon
|-damage|p1a: Jolteon|38/100
|-start|p1a: Jolteon|Throat Chop|[silent]
|-damage|p2a: Flygon|2/100|[from] item: Life Orb
|
|upkeep
|turn|2
|
|t:|1779887203
|switch|p2a: Lurantis|Lurantis, M|100/100
|-activate|p1a: Jolteon|move: Struggle
|move|p1a: Jolteon|Struggle|p2a: Lurantis
|-damage|p2a: Lurantis|94/100
|-damage|p1a: Jolteon|13/100|[from] recoil
|
|-end|p1a: Jolteon|Throat Chop|[silent]
|upkeep
|turn|3
|
|t:|1779887211
|switch|p1a: Noivern|Noivern, M|100/100
|-item|p2a: Lurantis|Quick Claw|[from] ability: Frisk|[of] p1a: Noivern
|move|p2a: Lurantis|Superpower|p1a: Noivern
|-resisted|p1a: Noivern
|-damage|p1a: Noivern|75/100
|-boost|p2a: Lurantis|atk|1
|-boost|p2a: Lurantis|def|1
|
|upkeep
|turn|4
|
|t:|1779887232
|move|p1a: Noivern|Draco Meteor|p2a: Lurantis
|-damage|p2a: Lurantis|32/100
|-unboost|p1a: Noivern|spa|2
|move|p2a: Lurantis|Superpower|p1a: Noivern
|-resisted|p1a: Noivern
|-damage|p1a: Noivern|37/100
|-boost|p2a: Lurantis|atk|1
|-boost|p2a: Lurantis|def|1
|
|upkeep
|turn|5
|
|t:|1779887236
|move|p1a: Noivern|Psychic Noise|p2a: Lurantis
|-damage|p2a: Lurantis|21/100
|-start|p2a: Lurantis|move: Heal Block
|move|p2a: Lurantis|Superpower|p1a: Noivern
|-resisted|p1a: Noivern
|-damage|p1a: Noivern|0 fnt
|-boost|p2a: Lurantis|atk|1
|-boost|p2a: Lurantis|def|1
|faint|p1a: Noivern
|
|upkeep
|
|t:|1779887246
|switch|p1a: Jolteon|Jolteon, F|13/100
|turn|6
|
|t:|1779887253
|move|p1a: Jolteon|Volt Switch|p2a: Lurantis
|-resisted|p2a: Lurantis
|-damage|p2a: Lurantis|0 fnt
|faint|p2a: Lurantis
|
|t:|1779887257
|switch|p1a: Ogerpon|Ogerpon-Wellspring, F|100/100|[from] Volt Switch
|
|upkeep
|
|t:|1779887261
|switch|p2a: Flygon|Flygon, F|2/100
|turn|7
|
|t:|1779887266
|move|p2a: Flygon|First Impression|p1a: Ogerpon
|-resisted|p1a: Ogerpon
|-damage|p1a: Ogerpon|65/100
|replace|p1a: Zoroark|Zoroark-Hisui, M
|-end|p1a: Zoroark|Illusion
|-damage|p2a: Flygon|0 fnt|[from] item: Life Orb
|faint|p2a: Flygon
|move|p1a: Zoroark|Bitter Malice|p2: Flygon|[notarget]
|-fail|p1a: Zoroark
|
|upkeep
|
|t:|1779887287
|switch|p2a: Thunder Child|Kilowattrel, M|100/100
|turn|8
|
|t:|1779887294
|switch|p1a: Jolteon|Jolteon, F|13/100
|move|p2a: Thunder Child|Thunderbolt|p1a: Jolteon
|-heal|p1a: Jolteon|37/100|[from] ability: Volt Absorb|[of] p2a: Thunder Child
|
|upkeep
|turn|9
|
|t:|1779887301
|move|p1a: Jolteon|Shadow Ball|p2a: Thunder Child
|-damage|p2a: Thunder Child|13/100
|move|p2a: Thunder Child|Air Slash|p1a: Jolteon
|-resisted|p1a: Jolteon
|-damage|p1a: Jolteon|17/100
|
|upkeep
|turn|10
|
|t:|1779887307
|switch|p2a: Ninetales|Ninetales-Alola, F|100/100
|-weather|Snowscape|[from] ability: Snow Warning|[of] p2a: Ninetales
|move|p1a: Jolteon|Shadow Ball|p2a: Ninetales
|-damage|p2a: Ninetales|58/100
|
|-weather|Snowscape|[upkeep]
|upkeep
|turn|11
|
|t:|1779887314
|move|p1a: Jolteon|Shadow Ball|p2a: Ninetales
|-damage|p2a: Ninetales|16/100
|move|p2a: Ninetales|Blizzard|p1a: Jolteon
|-damage|p1a: Jolteon|0 fnt
|faint|p1a: Jolteon
|
|-weather|Snowscape|[upkeep]
|upkeep
|
|t:|1779887322
|switch|p1a: Ogerpon|Ogerpon-Wellspring, F|65/100
|turn|12
|
|t:|1779887327
|move|p1a: Ogerpon|Hyper Voice|p2a: Ninetales
|-damage|p2a: Ninetales|0 fnt
|faint|p2a: Ninetales
|
|-weather|Snowscape|[upkeep]
|upkeep
|
|t:|1779887330
|switch|p2a: Thunder Child|Kilowattrel, M|13/100
|turn|13
|
|t:|1779887337
|move|p2a: Thunder Child|Air Slash|p1a: Ogerpon
|-damage|p1a: Ogerpon|0 fnt
|replace|p1a: Zoroark|Zoroark-Hisui, M
|-end|p1a: Zoroark|Illusion
|faint|p1a: Zoroark
|
|-weather|Snowscape|[upkeep]
|upkeep
|
|t:|1779887340
|switch|p1a: Arcanine|Arcanine-Hisui, F|100/100
|-ability|p1a: Arcanine|Intimidate|boost
|-unboost|p2a: Thunder Child|atk|1
|turn|14
|
|t:|1779887344
|move|p1a: Arcanine|Extreme Speed|p2a: Thunder Child
|-damage|p2a: Thunder Child|0 fnt
|faint|p2a: Thunder Child
|-damage|p1a: Arcanine|91/100|[from] item: Life Orb
|
|-weather|none
|upkeep
|
|t:|1779887348
|switch|p2a: Grafaiai|Grafaiai, M|100/100
|turn|15
|
|t:|1779887351
|switch|p1a: Corviknight|Corviknight, F|100/100
|move|p2a: Grafaiai|Switcheroo|p1a: Corviknight
|-activate|p2a: Grafaiai|move: Trick|[of] p1a: Corviknight
|-item|p1a: Corviknight|Black Sludge|[from] move: Switcheroo
|-item|p2a: Grafaiai|Rocky Helmet|[from] move: Switcheroo
|
|-damage|p1a: Corviknight|88/100|[from] item: Black Sludge
|upkeep
|turn|16
|
|t:|1779887360
|switch|p1a: Arcanine|Arcanine-Hisui, F|91/100
|-ability|p1a: Arcanine|Intimidate|boost
|-unboost|p2a: Grafaiai|atk|1
|move|p2a: Grafaiai|Protect||[still]
|-fail|p2a: Grafaiai
|
|upkeep
|turn|17
|
|t:|1779887367
|move|p2a: Grafaiai|Toxic|p1a: Arcanine
|-status|p1a: Arcanine|tox
|move|p1a: Arcanine|Stone Edge|p2a: Grafaiai
|-damage|p2a: Grafaiai|4/100
|-damage|p1a: Arcanine|81/100 tox|[from] item: Life Orb
|
|-damage|p1a: Arcanine|75/100 tox|[from] psn
|upkeep
|turn|18
|
|t:|1779887374
|switch|p1a: Corviknight|Corviknight, F|88/100
|move|p2a: Grafaiai|Protect||[still]
|-fail|p2a: Grafaiai
|
|-damage|p1a: Corviknight|76/100|[from] item: Black Sludge
|upkeep
|turn|19
|
|t:|1779887381
|switch|p1a: Ogerpon|Ogerpon-Wellspring, F|100/100
|move|p2a: Grafaiai|Protect||[still]
|-fail|p2a: Grafaiai
|
|upkeep
|turn|20
|
|t:|1779887385
|move|p2a: Grafaiai|Protect|p2a: Grafaiai
|-singleturn|p2a: Grafaiai|Protect
|move|p1a: Ogerpon|Encore|p2a: Grafaiai
|-activate|p2a: Grafaiai|move: Protect
|
|upkeep
|turn|21
|
|t:|1779887398
|switch|p2a: Chesnaught|Chesnaught, M, shiny|100/100
|move|p1a: Ogerpon|Ivy Cudgel|p2a: Chesnaught|[anim] Ivy Cudgel Water
|-resisted|p2a: Chesnaught
|-damage|p2a: Chesnaught|73/100
|
|upkeep
|turn|22
|
|t:|1779887410
|switch|p1a: Corviknight|Corviknight, F|76/100
|move|p2a: Chesnaught|Belly Drum|p2a: Chesnaught
|-damage|p2a: Chesnaught|23/100
|-setboost|p2a: Chesnaught|atk|6|[from] move: Belly Drum
|-enditem|p2a: Chesnaught|Salac Berry|[eat]
|-boost|p2a: Chesnaught|spe|1|[from] item: Salac Berry
|
|-damage|p1a: Corviknight|64/100|[from] item: Black Sludge
|upkeep
|turn|23
|
|t:|1779887424
|-terastallize|p2a: Chesnaught|Rock
|move|p2a: Chesnaught|Rock Slide|p1a: Corviknight
|-damage|p1a: Corviknight|0 fnt
|faint|p1a: Corviknight
|
|upkeep
|
|t:|1779887431
|switch|p1a: Arcanine|Arcanine-Hisui, F|75/100 tox
|-ability|p1a: Arcanine|Intimidate|boost
|-unboost|p2a: Chesnaught|atk|1
|turn|24
|
|t:|1779887436
|-terastallize|p1a: Arcanine|Normal
|move|p1a: Arcanine|Extreme Speed|p2a: Chesnaught
|-resisted|p2a: Chesnaught
|-damage|p2a: Chesnaught|0 fnt
|faint|p2a: Chesnaught
|-damage|p1a: Arcanine|65/100 tox|[from] item: Life Orb
|
|-damage|p1a: Arcanine|59/100 tox|[from] psn
|upkeep
|
|t:|1779887440
|switch|p2a: Grafaiai|Grafaiai, M|4/100
|turn|25
|
|t:|1779887443
|move|p2a: Grafaiai|Protect|p2a: Grafaiai
|-singleturn|p2a: Grafaiai|Protect
|move|p1a: Arcanine|Extreme Speed|p2a: Grafaiai
|-activate|p2a: Grafaiai|move: Protect
|
|-damage|p1a: Arcanine|46/100 tox|[from] psn
|upkeep
|turn|26
|l|☆lostexits
|inactive|lostexits disconnected and has a minute to reconnect!
|player|p1|
|-message|icewizardlair☃ forfeited.
|
|win|lostexits
|raw|lostexits's rating: 1148 &rarr; <strong>1175</strong><br />(+27 for winning)
|raw|icewizardlair☃'s rating: 1176 &rarr; <strong>1149</strong><br />(-27 for losing)
|l|☆icewizardlair☃
|player|p2|
|j|☆lostexits
|player|p1|lostexits|170|
|l|☆lostexits
|player|p1|
