|j|☆midday suntana
|j|☆whimsicotthunter
|t:|1779923033
|gametype|singles
|player|p1|midday suntana|touristf|1085
|player|p2|whimsicotthunter|dawn|1047
|gen|9
|tier|[Gen 9] OU
|rated|
|rule|HP Percentage Mod: HP is shown in percentages
|rule|Endless Battle Clause: Forcing endless battles is banned
|rule|Species Clause: Limit one of each Pokémon
|rule|OHKO Clause: OHKO moves are banned
|rule|Evasion Items Clause: Evasion items are banned
|rule|Evasion Moves Clause: Evasion moves are banned
|rule|Evasion Abilities Clause: Evasion abilities are banned
|rule|Sleep Moves Clause: Sleep-inducing moves are banned
|clearpoke
|poke|p1|Umbreon, F|
|poke|p1|Mandibuzz, F|
|poke|p1|Clodsire, M|
|poke|p1|Hatterene, F|
|poke|p1|Slowking, M|
|poke|p1|Crocalor, F|
|poke|p2|Reuniclus, F|
|poke|p2|Zamazenta-*|
|poke|p2|Tyranitar, F|
|poke|p2|Excadrill, M|
|poke|p2|Alomomola, M|
|poke|p2|Moltres|
|teampreview
|inactive|Battle timer is ON: inactive players will automatically lose when time's up. (requested by midday suntana)
|
|t:|1779923050
|teamsize|p1|6
|teamsize|p2|6
|start
|switch|p1a: Checktung|Slowking, M|100/100
|switch|p2a: Tyranitar|Tyranitar, F|100/100
|-weather|Sandstorm|[from] ability: Sand Stream|[of] p2a: Tyranitar
|turn|1
|inactive|midday suntana has 120 seconds left.
|
|t:|1779923081
|move|p2a: Tyranitar|Knock Off|p1a: Checktung
|-supereffective|p1a: Checktung
|-damage|p1a: Checktung|42/100
|-enditem|p1a: Checktung|Choice Specs|[from] move: Knock Off|[of] p2a: Tyranitar
|-prepare|p1a: Checktung|Chilly Reception|[premajor]
|move|p1a: Checktung|Chilly Reception|p1a: Checktung
|-weather|Snowscape
|
|t:|1779923085
|switch|p1a: Checking|Mandibuzz, F|100/100|[from] Chilly Reception
|
|-weather|Snowscape|[upkeep]
|upkeep
|turn|2
|
|t:|1779923093
|move|p1a: Checking|Toxic|p2a: Tyranitar
|-status|p2a: Tyranitar|tox
|move|p2a: Tyranitar|Rock Blast|p1a: Checking
|-supereffective|p1a: Checking
|-damage|p1a: Checking|86/100
|-supereffective|p1a: Checking
|-damage|p1a: Checking|72/100
|-supereffective|p1a: Checking
|-damage|p1a: Checking|58/100
|-hitcount|p1a: Checking|3
|
|-weather|Snowscape|[upkeep]
|-damage|p2a: Tyranitar|94/100 tox|[from] psn
|upkeep
|turn|3
|inactive|midday suntana has 120 seconds left.
|
|t:|1779923120
|move|p1a: Checking|Roost|p1a: Checking
|-heal|p1a: Checking|100/100
|-singleturn|p1a: Checking|move: Roost
|move|p2a: Tyranitar|Stealth Rock|p1a: Checking
|-sidestart|p1: midday suntana|move: Stealth Rock
|
|-weather|Snowscape|[upkeep]
|-heal|p2a: Tyranitar|100/100 tox|[from] item: Leftovers
|-damage|p2a: Tyranitar|88/100 tox|[from] psn
|upkeep
|turn|4
|
|t:|1779923128
|switch|p2a: Zamazenta|Zamazenta|100/100
|-ability|p2a: Zamazenta|Dauntless Shield|boost
|-boost|p2a: Zamazenta|def|1
|move|p1a: Checking|Defog|p2a: Zamazenta
|-unboost|p2a: Zamazenta|evasion|1
|-sideend|p1: midday suntana|Stealth Rock|[from] move: Defog|[of] p1a: Checking
|
|-weather|Snowscape|[upkeep]
|upkeep
|turn|5
|inactive|midday suntana has 120 seconds left.
|inactive|whimsicotthunter has 120 seconds left.
|
|t:|1779923168
|switch|p2a: Reuniclus|Reuniclus, F|100/100
|move|p1a: Checking|Toxic|p2a: Reuniclus
|-status|p2a: Reuniclus|tox
|
|-weather|none
|upkeep
|turn|6
|
|t:|1779923177
|switch|p1a: Checktung|Slowking, M|75/100
|move|p2a: Reuniclus|Calm Mind|p2a: Reuniclus
|-boost|p2a: Reuniclus|spa|1
|-boost|p2a: Reuniclus|spd|1
|
|upkeep
|turn|7
|inactive|whimsicotthunter has 120 seconds left.
|
|t:|1779923183
|switch|p1a: Checkaloo|Crocalor, F|100/100
|move|p2a: Reuniclus|Psyshock|p1a: Checkaloo
|-damage|p1a: Checkaloo|79/100
|
|upkeep
|turn|8
|
|t:|1779923186
|switch|p2a: Alomomola|Alomomola, M|100/100
|move|p1a: Checkaloo|Fire Spin|p2a: Alomomola
|-resisted|p2a: Alomomola
|-damage|p2a: Alomomola|98/100
|-activate|p2a: Alomomola|move: Fire Spin|[of] p1a: Checkaloo
|
|-damage|p2a: Alomomola|85/100|[from] move: Fire Spin|[partiallytrapped]
|upkeep
|turn|9
|
|t:|1779923191
|move|p1a: Checkaloo|Flamethrower|p2a: Alomomola
|-resisted|p2a: Alomomola
|-damage|p2a: Alomomola|79/100
|move|p2a: Alomomola|Flip Turn|p1a: Checkaloo
|-supereffective|p1a: Checkaloo
|-damage|p1a: Checkaloo|59/100
|
|t:|1779923195
|switch|p2a: Excadrill|Excadrill, M|100/100|[from] Flip Turn
|-item|p2a: Excadrill|Air Balloon
|
|upkeep
|turn|10
|
|t:|1779923200
|switch|p2a: Alomomola|Alomomola, M|100/100
|-terastallize|p1a: Checkaloo|Flying
|move|p1a: Checkaloo|Will-O-Wisp|p2a: Alomomola
|-status|p2a: Alomomola|brn
|
|-damage|p2a: Alomomola|94/100 brn|[from] brn
|upkeep
|turn|11
|
|t:|1779923208
|move|p1a: Checkaloo|Slack Off|p1a: Checkaloo
|-heal|p1a: Checkaloo|100/100
|move|p2a: Alomomola|Scald|p1a: Checkaloo
|-damage|p1a: Checkaloo|86/100
|
|-damage|p2a: Alomomola|88/100 brn|[from] brn
|upkeep
|turn|12
|
|t:|1779923212
|move|p1a: Checkaloo|Fire Spin|p2a: Alomomola
|-resisted|p2a: Alomomola
|-damage|p2a: Alomomola|85/100 brn
|-activate|p2a: Alomomola|move: Fire Spin|[of] p1a: Checkaloo
|move|p2a: Alomomola|Scald|p1a: Checkaloo
|-damage|p1a: Checkaloo|73/100
|
|-damage|p2a: Alomomola|79/100 brn|[from] brn
|-damage|p2a: Alomomola|67/100 brn|[from] move: Fire Spin|[partiallytrapped]
|upkeep
|turn|13
|
|t:|1779923217
|move|p1a: Checkaloo|Flamethrower|p2a: Alomomola
|-resisted|p2a: Alomomola
|-damage|p2a: Alomomola|60/100 brn
|move|p2a: Alomomola|Flip Turn|p1a: Checkaloo
|-damage|p1a: Checkaloo|68/100
|
|t:|1779923222
|switch|p2a: Moltres|Moltres|100/100|[from] Flip Turn
|
|upkeep
|turn|14
|
|t:|1779923225
|switch|p1a: Checktung|Slowking, M|100/100
|move|p2a: Moltres|U-turn|p1a: Checktung
|-supereffective|p1a: Checktung
|-damage|p1a: Checktung|80/100
|
|t:|1779923251
|switch|p2a: Reuniclus|Reuniclus, F|100/100 tox|[from] U-turn
|
|upkeep
|turn|15
|inactive|midday suntana has 120 seconds left.
|
|t:|1779923287
|move|p2a: Reuniclus|Calm Mind|p2a: Reuniclus
|-boost|p2a: Reuniclus|spa|1
|-boost|p2a: Reuniclus|spd|1
|-prepare|p1a: Checktung|Chilly Reception|[premajor]
|move|p1a: Checktung|Chilly Reception|p1a: Checktung
|-weather|Snowscape
|
|t:|1779923289
|switch|p1a: Checkaloo|Crocalor, F, tera:Flying|68/100|[from] Chilly Reception
|
|-weather|Snowscape|[upkeep]
|upkeep
|turn|16
|
|t:|1779923296
|switch|p2a: Alomomola|Alomomola, M|93/100 brn
|move|p1a: Checkaloo|Flamethrower|p2a: Alomomola
|-resisted|p2a: Alomomola
|-crit|p2a: Alomomola
|-damage|p2a: Alomomola|83/100 brn
|
|-weather|Snowscape|[upkeep]
|-damage|p2a: Alomomola|77/100 brn|[from] brn
|upkeep
|turn|17
|
|t:|1779923300
|move|p1a: Checkaloo|Slack Off|p1a: Checkaloo
|-heal|p1a: Checkaloo|100/100
|move|p2a: Alomomola|Scald|p1a: Checkaloo
|-damage|p1a: Checkaloo|86/100
|-status|p1a: Checkaloo|brn
|
|-weather|Snowscape|[upkeep]
|-damage|p1a: Checkaloo|80/100 brn|[from] brn
|-damage|p2a: Alomomola|71/100 brn|[from] brn
|upkeep
|turn|18
|
|t:|1779923305
|move|p1a: Checkaloo|Fire Spin|p2a: Alomomola
|-resisted|p2a: Alomomola
|-damage|p2a: Alomomola|68/100 brn
|-activate|p2a: Alomomola|move: Fire Spin|[of] p1a: Checkaloo
|move|p2a: Alomomola|Flip Turn|p1a: Checkaloo
|-damage|p1a: Checkaloo|76/100 brn
|
|t:|1779923308
|switch|p2a: Moltres|Moltres|100/100|[from] Flip Turn
|
|-weather|Snowscape|[upkeep]
|-damage|p1a: Checkaloo|70/100 brn|[from] brn
|upkeep
|turn|19
|
|t:|1779923318
|switch|p2a: Alomomola|Alomomola, M|100/100 brn
|switch|p1a: Checktung|Slowking, M|100/100
|
|-weather|none
|-damage|p2a: Alomomola|94/100 brn|[from] brn
|upkeep
|turn|20
|
|t:|1779923324
|switch|p2a: Reuniclus|Reuniclus, F|100/100 tox
|-prepare|p1a: Checktung|Chilly Reception|[premajor]
|move|p1a: Checktung|Chilly Reception|p1a: Checktung
|-weather|Snowscape
|
|t:|1779923329
|switch|p1a: Check|Hatterene, F|100/100|[from] Chilly Reception
|
|-weather|Snowscape|[upkeep]
|upkeep
|turn|21
|
|t:|1779923336
|move|p2a: Reuniclus|Calm Mind|p2a: Reuniclus
|-boost|p2a: Reuniclus|spa|1
|-boost|p2a: Reuniclus|spd|1
|move|p1a: Check|Mystical Fire|p2a: Reuniclus
|-damage|p2a: Reuniclus|86/100 tox
|-unboost|p2a: Reuniclus|spa|1
|
|-weather|Snowscape|[upkeep]
|upkeep
|turn|22
|
|t:|1779923343
|switch|p2a: Alomomola|Alomomola, M|100/100 brn
|move|p1a: Check|Mystical Fire|p2a: Alomomola
|-resisted|p2a: Alomomola
|-damage|p2a: Alomomola|95/100 brn
|-unboost|p2a: Alomomola|spa|1
|
|-weather|Snowscape|[upkeep]
|-damage|p2a: Alomomola|89/100 brn|[from] brn
|upkeep
|turn|23
|
|t:|1779923348
|move|p2a: Alomomola|Flip Turn|p1a: Check
|-damage|p1a: Check|93/100
|
|t:|1779923349
|switch|p2a: Moltres|Moltres|100/100|[from] Flip Turn
|move|p1a: Check|Calm Mind|p1a: Check
|-boost|p1a: Check|spa|1
|-boost|p1a: Check|spd|1
|
|-weather|Snowscape|[upkeep]
|-heal|p1a: Check|99/100|[from] item: Leftovers
|upkeep
|turn|24
|
|t:|1779923365
|move|p2a: Moltres|U-turn|p1a: Check
|-damage|p1a: Check|87/100
|
|t:|1779923368
|switch|p2a: Tyranitar|Tyranitar, F|88/100 tox|[from] U-turn
|-weather|Sandstorm|[from] ability: Sand Stream|[of] p2a: Tyranitar
|move|p1a: Check|Psychic|p2a: Tyranitar
|-immune|p2a: Tyranitar
|
|-weather|Sandstorm|[upkeep]
|-damage|p1a: Check|81/100|[from] Sandstorm
|-heal|p2a: Tyranitar|94/100 tox|[from] item: Leftovers
|-heal|p1a: Check|87/100|[from] item: Leftovers
|-damage|p2a: Tyranitar|88/100 tox|[from] psn
|upkeep
|turn|25
|
|t:|1779923387
|switch|p2a: Excadrill|Excadrill, M|100/100
|-item|p2a: Excadrill|Air Balloon
|move|p1a: Check|Draining Kiss|p2a: Excadrill
|-resisted|p2a: Excadrill
|-damage|p2a: Excadrill|79/100
|-heal|p1a: Check|100/100|[from] drain|[of] p2a: Excadrill
|-enditem|p2a: Excadrill|Air Balloon
|
|-weather|Sandstorm|[upkeep]
|-damage|p1a: Check|95/100|[from] Sandstorm
|-heal|p1a: Check|100/100|[from] item: Leftovers
|upkeep
|turn|26
|
|t:|1779923394
|switch|p1a: Checkaloo|Crocalor, F, tera:Flying|70/100 brn
|move|p2a: Excadrill|Iron Head|p1a: Checkaloo
|-damage|p1a: Checkaloo|45/100 brn
|
|-weather|Sandstorm|[upkeep]
|-damage|p1a: Checkaloo|39/100 brn|[from] Sandstorm
|-damage|p1a: Checkaloo|33/100 brn|[from] brn
|upkeep
|turn|27
|
|t:|1779923403
|move|p2a: Excadrill|Iron Head|p1a: Checkaloo
|-damage|p1a: Checkaloo|8/100 brn
|move|p1a: Checkaloo|Slack Off|p1a: Checkaloo
|-heal|p1a: Checkaloo|58/100 brn
|
|-weather|Sandstorm|[upkeep]
|-damage|p1a: Checkaloo|52/100 brn|[from] Sandstorm
|-damage|p1a: Checkaloo|46/100 brn|[from] brn
|upkeep
|turn|28
|
|t:|1779923409
|move|p2a: Excadrill|Iron Head|p1a: Checkaloo
|-damage|p1a: Checkaloo|20/100 brn
|move|p1a: Checkaloo|Slack Off|p1a: Checkaloo
|-heal|p1a: Checkaloo|70/100 brn
|
|-weather|none
|-damage|p1a: Checkaloo|64/100 brn|[from] brn
|upkeep
|turn|29
|
|t:|1779923416
|switch|p2a: Alomomola|Alomomola, M|100/100 brn
|move|p1a: Checkaloo|Will-O-Wisp|p2a: Alomomola
|-fail|p2a: Alomomola|brn
|
|-damage|p1a: Checkaloo|58/100 brn|[from] brn
|-damage|p2a: Alomomola|94/100 brn|[from] brn
|upkeep
|turn|30
|
|t:|1779923421
|move|p1a: Checkaloo|Slack Off|p1a: Checkaloo
|-heal|p1a: Checkaloo|100/100 brn
|move|p2a: Alomomola|Scald|p1a: Checkaloo
|-damage|p1a: Checkaloo|87/100 brn
|
|-damage|p1a: Checkaloo|80/100 brn|[from] brn
|-damage|p2a: Alomomola|88/100 brn|[from] brn
|upkeep
|turn|31
|
|t:|1779923423
|switch|p1a: Checktung|Slowking, M|100/100
|move|p2a: Alomomola|Scald|p1a: Checktung
|-resisted|p1a: Checktung
|-damage|p1a: Checktung|94/100
|-status|p1a: Checktung|brn
|
|-damage|p2a: Alomomola|82/100 brn|[from] brn
|-damage|p1a: Checktung|88/100 brn|[from] brn
|upkeep
|turn|32
|
|t:|1779923435
|switch|p2a: Reuniclus|Reuniclus, F|86/100 tox
|-prepare|p1a: Checktung|Chilly Reception|[premajor]
|move|p1a: Checktung|Chilly Reception|p1a: Checktung
|-weather|Snowscape
|
|t:|1779923443
|switch|p1a: Checker|Umbreon, F|100/100|[from] Chilly Reception
|
|-weather|Snowscape|[upkeep]
|upkeep
|turn|33
|
|t:|1779923449
|switch|p2a: Alomomola|Alomomola, M|100/100 brn
|move|p1a: Checker|Foul Play|p2a: Alomomola
|-damage|p2a: Alomomola|82/100 brn
|
|-weather|Snowscape|[upkeep]
|-damage|p2a: Alomomola|76/100 brn|[from] brn
|upkeep
|turn|34
|
|t:|1779923455
|switch|p1a: Checktung|Slowking, M|100/100 brn
|move|p2a: Alomomola|Scald|p1a: Checktung
|-resisted|p1a: Checktung
|-damage|p1a: Checktung|95/100 brn
|
|-weather|Snowscape|[upkeep]
|-damage|p2a: Alomomola|70/100 brn|[from] brn
|-damage|p1a: Checktung|89/100 brn|[from] brn
|upkeep
|turn|35
|
|t:|1779923460
|switch|p2a: Reuniclus|Reuniclus, F|86/100 tox
|-prepare|p1a: Checktung|Chilly Reception|[premajor]
|move|p1a: Checktung|Chilly Reception|p1a: Checktung
|
|t:|1779923463
|switch|p1a: Checker|Umbreon, F|100/100|[from] Chilly Reception
|
|-weather|Snowscape|[upkeep]
|upkeep
|turn|36
|
|t:|1779923469
|move|p1a: Checker|Foul Play|p2a: Reuniclus
|-supereffective|p2a: Reuniclus
|-damage|p2a: Reuniclus|59/100 tox
|move|p2a: Reuniclus|Recover|p2a: Reuniclus
|-heal|p2a: Reuniclus|100/100 tox
|
|-weather|none
|upkeep
|turn|37
|
|t:|1779923476
|move|p1a: Checker|Foul Play|p2a: Reuniclus
|-supereffective|p2a: Reuniclus
|-damage|p2a: Reuniclus|76/100 tox
|move|p2a: Reuniclus|Focus Blast|p1a: Checker
|-supereffective|p1a: Checker
|-damage|p1a: Checker|52/100
|
|-heal|p1a: Checker|58/100|[from] item: Leftovers
|upkeep
|turn|38
|
|t:|1779923481
|switch|p2a: Alomomola|Alomomola, M|100/100 brn
|move|p1a: Checker|Wish|p1a: Checker
|
|-heal|p1a: Checker|64/100|[from] item: Leftovers
|-damage|p2a: Alomomola|94/100 brn|[from] brn
|upkeep
|turn|39
|
|t:|1779923490
|switch|p1a: Checkelung|Clodsire, M|100/100
|switch|p2a: Reuniclus|Reuniclus, F|76/100 tox
|
|upkeep
|turn|40
|
|t:|1779923498
|switch|p2a: Alomomola|Alomomola, M|100/100 brn
|switch|p1a: Checker|Umbreon, F|64/100
|
|-heal|p1a: Checker|70/100|[from] item: Leftovers
|-damage|p2a: Alomomola|94/100 brn|[from] brn
|upkeep
|turn|41
|
|t:|1779923503
|move|p1a: Checker|Wish|p1a: Checker
|move|p2a: Alomomola|Play Rough|p1a: Checker
|-supereffective|p1a: Checker
|-damage|p1a: Checker|58/100
|
|-heal|p1a: Checker|64/100|[from] item: Leftovers
|-damage|p2a: Alomomola|88/100 brn|[from] brn
|upkeep
|turn|42
|inactive|midday suntana has 120 seconds left.
|
|t:|1779923554
|switch|p1a: Checkelung|Clodsire, M|100/100
|move|p2a: Alomomola|Flip Turn|p1a: Checkelung
|-immune|p1a: Checkelung|[from] ability: Water Absorb
|
|-damage|p2a: Alomomola|82/100 brn|[from] brn
|upkeep
|turn|43
|
|t:|1779923561
|switch|p2a: Reuniclus|Reuniclus, F|76/100 tox
|move|p1a: Checkelung|Stealth Rock|p2a: Reuniclus
|-sidestart|p2: whimsicotthunter|move: Stealth Rock
|
|upkeep
|turn|44
|
|t:|1779923569
|switch|p2a: Excadrill|Excadrill, M|79/100
|-damage|p2a: Excadrill|76/100|[from] Stealth Rock
|switch|p1a: Check|Hatterene, F|100/100
|
|upkeep
|turn|45
|
|t:|1779923577
|switch|p1a: Checking|Mandibuzz, F|100/100
|move|p2a: Excadrill|Iron Head|p1a: Checking
|-damage|p1a: Checking|74/100
|
|upkeep
|turn|46
|
|t:|1779923581
|move|p2a: Excadrill|Rapid Spin|p1a: Checking
|-damage|p1a: Checking|63/100
|-boost|p2a: Excadrill|spe|1
|-sideend|p2: whimsicotthunter|Stealth Rock|[from] move: Rapid Spin|[of] p2a: Excadrill
|move|p1a: Checking|Foul Play|p2a: Excadrill
|-damage|p2a: Excadrill|0 fnt
|faint|p2a: Excadrill
|
|upkeep
|
|t:|1779923592
|switch|p2a: Reuniclus|Reuniclus, F|76/100 tox
|turn|47
|
|t:|1779923608
|switch|p1a: Checker|Umbreon, F|64/100
|move|p2a: Reuniclus|Calm Mind|p2a: Reuniclus
|-boost|p2a: Reuniclus|spa|1
|-boost|p2a: Reuniclus|spd|1
|
|-heal|p1a: Checker|70/100|[from] item: Leftovers
|upkeep
|turn|48
|
|t:|1779923617
|switch|p1a: Checkaloo|Crocalor, F, tera:Flying|80/100 brn
|move|p2a: Reuniclus|Focus Blast|p1a: Checkaloo
|-resisted|p1a: Checkaloo
|-damage|p1a: Checkaloo|60/100 brn
|-unboost|p1a: Checkaloo|spd|1
|
|-damage|p1a: Checkaloo|54/100 brn|[from] brn
|upkeep
|turn|49
|
|t:|1779923632
|move|p1a: Checkaloo|Slack Off|p1a: Checkaloo
|-heal|p1a: Checkaloo|100/100 brn
|move|p2a: Reuniclus|Psyshock|p1a: Checkaloo
|-damage|p1a: Checkaloo|78/100 brn
|
|-damage|p1a: Checkaloo|72/100 brn|[from] brn
|upkeep
|turn|50
|
|t:|1779923636
|switch|p2a: Alomomola|Alomomola, M|100/100 brn
|move|p1a: Checkaloo|Flamethrower|p2a: Alomomola
|-resisted|p2a: Alomomola
|-crit|p2a: Alomomola
|-damage|p2a: Alomomola|90/100 brn
|
|-damage|p1a: Checkaloo|66/100 brn|[from] brn
|-damage|p2a: Alomomola|84/100 brn|[from] brn
|upkeep
|turn|51
|
|t:|1779923642
|move|p1a: Checkaloo|Slack Off|p1a: Checkaloo
|-heal|p1a: Checkaloo|100/100 brn
|move|p2a: Alomomola|Flip Turn|p1a: Checkaloo
|-damage|p1a: Checkaloo|96/100 brn
|
|t:|1779923645
|switch|p2a: Tyranitar|Tyranitar, F|88/100 tox|[from] Flip Turn
|-weather|Sandstorm|[from] ability: Sand Stream|[of] p2a: Tyranitar
|
|-weather|Sandstorm|[upkeep]
|-damage|p1a: Checkaloo|90/100 brn|[from] Sandstorm
|-heal|p2a: Tyranitar|94/100 tox|[from] item: Leftovers
|-damage|p2a: Tyranitar|88/100 tox|[from] psn
|-damage|p1a: Checkaloo|84/100 brn|[from] brn
|upkeep
|turn|52
|
|t:|1779923654
|switch|p1a: Checkelung|Clodsire, M|100/100
|move|p2a: Tyranitar|Knock Off|p1a: Checkelung
|-damage|p1a: Checkelung|54/100
|-enditem|p1a: Checkelung|Leftovers|[from] move: Knock Off|[of] p2a: Tyranitar
|
|-weather|Sandstorm|[upkeep]
|-heal|p2a: Tyranitar|94/100 tox|[from] item: Leftovers
|-damage|p2a: Tyranitar|82/100 tox|[from] psn
|upkeep
|turn|53
|
|t:|1779923662
|move|p2a: Tyranitar|Stealth Rock|p1a: Checkelung
|-sidestart|p1: midday suntana|move: Stealth Rock
|move|p1a: Checkelung|Recover|p1a: Checkelung
|-heal|p1a: Checkelung|100/100
|
|-weather|Sandstorm|[upkeep]
|-heal|p2a: Tyranitar|88/100 tox|[from] item: Leftovers
|-damage|p2a: Tyranitar|70/100 tox|[from] psn
|upkeep
|turn|54
|
|t:|1779923668
|switch|p2a: Reuniclus|Reuniclus, F|76/100 tox
|move|p1a: Checkelung|Stealth Rock|p2a: Reuniclus
|-sidestart|p2: whimsicotthunter|move: Stealth Rock
|
|-weather|Sandstorm|[upkeep]
|upkeep
|turn|55
|
|t:|1779923676
|move|p2a: Reuniclus|Calm Mind|p2a: Reuniclus
|-boost|p2a: Reuniclus|spa|1
|-boost|p2a: Reuniclus|spd|1
|move|p1a: Checkelung|Earthquake|p2a: Reuniclus
|-damage|p2a: Reuniclus|49/100 tox
|
|-weather|none
|upkeep
|turn|56
|
|t:|1779923682
|switch|p1a: Checking|Mandibuzz, F|63/100
|move|p2a: Reuniclus|Recover|p2a: Reuniclus
|-heal|p2a: Reuniclus|99/100 tox
|
|upkeep
|turn|57
|
|t:|1779923688
|move|p1a: Checking|Defog|p2a: Reuniclus
|-unboost|p2a: Reuniclus|evasion|1
|-sideend|p2: whimsicotthunter|Stealth Rock|[from] move: Defog|[of] p1a: Checking
|-sideend|p1: midday suntana|Stealth Rock|[from] move: Defog|[of] p1a: Checking
|move|p2a: Reuniclus|Focus Blast|p1a: Checking
|-damage|p1a: Checking|10/100
|
|upkeep
|turn|58
|
|t:|1779923692
|move|p1a: Checking|Roost|p1a: Checking
|-heal|p1a: Checking|60/100
|-singleturn|p1a: Checking|move: Roost
|move|p2a: Reuniclus|Focus Blast|p1a: Checking|[miss]
|-miss|p2a: Reuniclus|p1a: Checking
|
|upkeep
|turn|59
|
|t:|1779923697
|switch|p1a: Checkaloo|Crocalor, F, tera:Flying|84/100 brn
|move|p2a: Reuniclus|Focus Blast|p1a: Checkaloo
|-resisted|p1a: Checkaloo
|-damage|p1a: Checkaloo|64/100 brn
|-unboost|p1a: Checkaloo|spd|1
|
|-damage|p1a: Checkaloo|58/100 brn|[from] brn
|upkeep
|turn|60
|
|t:|1779923702
|switch|p1a: Check|Hatterene, F|100/100
|switch|p2a: Alomomola|Alomomola, M|100/100 brn
|
|-damage|p2a: Alomomola|94/100 brn|[from] brn
|upkeep
|turn|61
|
|t:|1779923706
|move|p2a: Alomomola|Scald|p1a: Check
|-damage|p1a: Check|87/100
|move|p1a: Check|Calm Mind|p1a: Check
|-boost|p1a: Check|spa|1
|-boost|p1a: Check|spd|1
|
|-heal|p1a: Check|93/100|[from] item: Leftovers
|-damage|p2a: Alomomola|88/100 brn|[from] brn
|upkeep
|turn|62
|
|t:|1779923713
|move|p2a: Alomomola|Scald|p1a: Check
|-damage|p1a: Check|83/100
|move|p1a: Check|Calm Mind|p1a: Check
|-boost|p1a: Check|spa|1
|-boost|p1a: Check|spd|1
|
|-heal|p1a: Check|89/100|[from] item: Leftovers
|-damage|p2a: Alomomola|82/100 brn|[from] brn
|upkeep
|turn|63
|
|t:|1779923732
|move|p1a: Check|Calm Mind|p1a: Check
|-boost|p1a: Check|spa|1
|-boost|p1a: Check|spd|1
|move|p2a: Alomomola|Mirror Coat||[still]
|-fail|p2a: Alomomola
|
|-heal|p1a: Check|95/100|[from] item: Leftovers
|-damage|p2a: Alomomola|76/100 brn|[from] brn
|upkeep
|turn|64
|
|t:|1779923737
|move|p1a: Check|Calm Mind|p1a: Check
|-boost|p1a: Check|spa|1
|-boost|p1a: Check|spd|1
|move|p2a: Alomomola|Mirror Coat||[still]
|-fail|p2a: Alomomola
|
|-heal|p1a: Check|100/100|[from] item: Leftovers
|-damage|p2a: Alomomola|70/100 brn|[from] brn
|upkeep
|turn|65
|
|t:|1779923741
|move|p2a: Alomomola|Flip Turn|p1a: Check
|-damage|p1a: Check|94/100
|
|t:|1779923743
|switch|p2a: Tyranitar|Tyranitar, F|70/100 tox|[from] Flip Turn
|-weather|Sandstorm|[from] ability: Sand Stream|[of] p2a: Tyranitar
|move|p1a: Check|Calm Mind|p1a: Check
|-boost|p1a: Check|spa|1
|-boost|p1a: Check|spd|1
|
|-weather|Sandstorm|[upkeep]
|-damage|p1a: Check|88/100|[from] Sandstorm
|-heal|p2a: Tyranitar|76/100 tox|[from] item: Leftovers
|-heal|p1a: Check|94/100|[from] item: Leftovers
|-damage|p2a: Tyranitar|70/100 tox|[from] psn
|upkeep
|turn|66
|
|t:|1779923746
|move|p2a: Tyranitar|Knock Off|p1a: Check
|-damage|p1a: Check|57/100
|-enditem|p1a: Check|Leftovers|[from] move: Knock Off|[of] p2a: Tyranitar
|move|p1a: Check|Draining Kiss|p2a: Tyranitar
|-supereffective|p2a: Tyranitar
|-damage|p2a: Tyranitar|10/100 tox
|-heal|p1a: Check|100/100|[from] drain|[of] p2a: Tyranitar
|
|-weather|Sandstorm|[upkeep]
|-damage|p1a: Check|95/100|[from] Sandstorm
|-heal|p2a: Tyranitar|16/100 tox|[from] item: Leftovers
|-damage|p2a: Tyranitar|4/100 tox|[from] psn
|upkeep
|turn|67
|
|t:|1779923754
|move|p2a: Tyranitar|Rock Blast|p1a: Check
|-damage|p1a: Check|84/100
|-damage|p1a: Check|75/100
|-damage|p1a: Check|66/100
|-hitcount|p1a: Check|3
|move|p1a: Check|Draining Kiss|p2a: Tyranitar
|-supereffective|p2a: Tyranitar
|-damage|p2a: Tyranitar|0 fnt
|-heal|p1a: Check|69/100|[from] drain|[of] p2a: Tyranitar
|faint|p2a: Tyranitar
|
|-weather|Sandstorm|[upkeep]
|-damage|p1a: Check|63/100|[from] Sandstorm
|upkeep
|
|t:|1779923762
|switch|p2a: Alomomola|Alomomola, M|100/100 brn
|turn|68
|
|t:|1779923766
|move|p1a: Check|Draining Kiss|p2a: Alomomola
|-damage|p2a: Alomomola|64/100 brn
|-heal|p1a: Check|100/100|[from] drain|[of] p2a: Alomomola
|move|p2a: Alomomola|Mirror Coat|p1a: Check
|-damage|p1a: Check|0 fnt
|faint|p1a: Check
|
|-weather|Sandstorm|[upkeep]
|-damage|p2a: Alomomola|58/100 brn|[from] Sandstorm
|-damage|p2a: Alomomola|51/100 brn|[from] brn
|upkeep
|
|t:|1779923776
|switch|p1a: Checkelung|Clodsire, M|100/100
|turn|69
|
|t:|1779923779
|switch|p2a: Reuniclus|Reuniclus, F|99/100 tox
|move|p1a: Checkelung|Stealth Rock|p2a: Reuniclus
|-sidestart|p2: whimsicotthunter|move: Stealth Rock
|
|-weather|none
|upkeep
|turn|70
|
|t:|1779923787
|switch|p1a: Checking|Mandibuzz, F|60/100
|move|p2a: Reuniclus|Calm Mind|p2a: Reuniclus
|-boost|p2a: Reuniclus|spa|1
|-boost|p2a: Reuniclus|spd|1
|
|upkeep
|turn|71
|
|t:|1779923791
|move|p1a: Checking|Foul Play|p2a: Reuniclus
|-supereffective|p2a: Reuniclus
|-damage|p2a: Reuniclus|76/100 tox
|move|p2a: Reuniclus|Calm Mind|p2a: Reuniclus
|-boost|p2a: Reuniclus|spa|1
|-boost|p2a: Reuniclus|spd|1
|
|upkeep
|turn|72
|
|t:|1779923796
|move|p1a: Checking|Foul Play|p2a: Reuniclus
|-supereffective|p2a: Reuniclus
|-damage|p2a: Reuniclus|53/100 tox
|move|p2a: Reuniclus|Calm Mind|p2a: Reuniclus
|-boost|p2a: Reuniclus|spa|1
|-boost|p2a: Reuniclus|spd|1
|
|upkeep
|turn|73
|
|t:|1779923799
|move|p1a: Checking|Foul Play|p2a: Reuniclus
|-supereffective|p2a: Reuniclus
|-damage|p2a: Reuniclus|27/100 tox
|move|p2a: Reuniclus|Recover|p2a: Reuniclus
|-heal|p2a: Reuniclus|77/100 tox
|
|upkeep
|turn|74
|
|t:|1779923801
|move|p1a: Checking|Foul Play|p2a: Reuniclus
|-supereffective|p2a: Reuniclus
|-damage|p2a: Reuniclus|54/100 tox
|move|p2a: Reuniclus|Calm Mind|p2a: Reuniclus
|-boost|p2a: Reuniclus|spa|1
|-boost|p2a: Reuniclus|spd|1
|
|upkeep
|turn|75
|
|t:|1779923803
|move|p1a: Checking|Foul Play|p2a: Reuniclus
|-supereffective|p2a: Reuniclus
|-damage|p2a: Reuniclus|31/100 tox
|move|p2a: Reuniclus|Recover|p2a: Reuniclus
|-heal|p2a: Reuniclus|81/100 tox
|
|upkeep
|turn|76
|
|t:|1779923815
|-terastallize|p2a: Reuniclus|Fighting
|move|p1a: Checking|Foul Play|p2a: Reuniclus
|-resisted|p2a: Reuniclus
|-damage|p2a: Reuniclus|75/100 tox
|move|p2a: Reuniclus|Calm Mind|p2a: Reuniclus
|-boost|p2a: Reuniclus|spa|1
|-boost|p2a: Reuniclus|spd|1
|
|upkeep
|turn|77
|
|t:|1779923821
|move|p1a: Checking|Foul Play|p2a: Reuniclus
|-resisted|p2a: Reuniclus
|-damage|p2a: Reuniclus|69/100 tox
|move|p2a: Reuniclus|Calm Mind|p2a: Reuniclus
|-boost|p2a: Reuniclus|spa|1
|-boost|p2a: Reuniclus|spd|1
|
|upkeep
|turn|78
|
|t:|1779923824
|move|p1a: Checking|Foul Play|p2a: Reuniclus
|-resisted|p2a: Reuniclus
|-damage|p2a: Reuniclus|62/100 tox
|move|p2a: Reuniclus|Psyshock|p1a: Checking
|-immune|p1a: Checking
|
|upkeep
|turn|79
|
|t:|1779923827
|move|p1a: Checking|Roost|p1a: Checking
|-heal|p1a: Checking|100/100
|-singleturn|p1a: Checking|move: Roost
|move|p2a: Reuniclus|Recover|p2a: Reuniclus
|-heal|p2a: Reuniclus|100/100 tox
|
|upkeep
|turn|80
|
|t:|1779923829
|move|p1a: Checking|Foul Play|p2a: Reuniclus
|-resisted|p2a: Reuniclus
|-damage|p2a: Reuniclus|94/100 tox
|move|p2a: Reuniclus|Psyshock|p1a: Checking
|-immune|p1a: Checking
|
|upkeep
|turn|81
|
|t:|1779923831
|move|p1a: Checking|Foul Play|p2a: Reuniclus
|-resisted|p2a: Reuniclus
|-damage|p2a: Reuniclus|88/100 tox
|move|p2a: Reuniclus|Focus Blast|p1a: Checking
|-damage|p1a: Checking|0 fnt
|faint|p1a: Checking
|
|upkeep
|
|t:|1779923833
|switch|p1a: Checker|Umbreon, F|70/100
|turn|82
|
|t:|1779923839
|move|p1a: Checker|Protect|p1a: Checker
|-singleturn|p1a: Checker|Protect
|move|p2a: Reuniclus|Calm Mind|p2a: Reuniclus
|-boost|p2a: Reuniclus|spa|0
|-boost|p2a: Reuniclus|spd|0
|
|-heal|p1a: Checker|76/100|[from] item: Leftovers
|upkeep
|turn|83
|
|t:|1779923842
|switch|p1a: Checktung|Slowking, M|100/100 brn
|move|p2a: Reuniclus|Psyshock|p1a: Checktung
|-resisted|p1a: Checktung
|-damage|p1a: Checktung|41/100 brn
|
|-damage|p1a: Checktung|35/100 brn|[from] brn
|upkeep
|turn|84
|
|t:|1779923847
|move|p2a: Reuniclus|Psyshock|p1a: Checktung
|-resisted|p1a: Checktung
|-damage|p1a: Checktung|0 fnt
|faint|p1a: Checktung
|
|upkeep
|
|t:|1779923849
|switch|p1a: Checkaloo|Crocalor, F, tera:Flying|58/100 brn
|turn|85
|
|t:|1779923856
|move|p1a: Checkaloo|Slack Off|p1a: Checkaloo
|-heal|p1a: Checkaloo|100/100 brn
|move|p2a: Reuniclus|Psyshock|p1a: Checkaloo
|-damage|p1a: Checkaloo|76/100 brn
|
|-damage|p1a: Checkaloo|70/100 brn|[from] brn
|upkeep
|turn|86
|
|t:|1779923863
|move|p1a: Checkaloo|Flamethrower|p2a: Reuniclus
|-damage|p2a: Reuniclus|62/100 tox
|move|p2a: Reuniclus|Psyshock|p1a: Checkaloo
|-damage|p1a: Checkaloo|49/100 brn
|
|-damage|p1a: Checkaloo|43/100 brn|[from] brn
|upkeep
|turn|87
|
|t:|1779923866
|move|p1a: Checkaloo|Flamethrower|p2a: Reuniclus
|-damage|p2a: Reuniclus|38/100 tox
|move|p2a: Reuniclus|Recover|p2a: Reuniclus
|-heal|p2a: Reuniclus|88/100 tox
|
|-damage|p1a: Checkaloo|37/100 brn|[from] brn
|upkeep
|turn|88
|
|t:|1779923872
|move|p1a: Checkaloo|Flamethrower|p2a: Reuniclus
|-damage|p2a: Reuniclus|61/100 tox
|move|p2a: Reuniclus|Psyshock|p1a: Checkaloo
|-damage|p1a: Checkaloo|14/100 brn
|
|-damage|p1a: Checkaloo|8/100 brn|[from] brn
|upkeep
|turn|89
|
|t:|1779923874
|move|p1a: Checkaloo|Flamethrower|p2a: Reuniclus
|-damage|p2a: Reuniclus|34/100 tox
|move|p2a: Reuniclus|Recover|p2a: Reuniclus
|-heal|p2a: Reuniclus|84/100 tox
|
|-damage|p1a: Checkaloo|2/100 brn|[from] brn
|upkeep
|turn|90
|
|t:|1779923879
|move|p1a: Checkaloo|Flamethrower|p2a: Reuniclus
|-damage|p2a: Reuniclus|57/100 tox
|move|p2a: Reuniclus|Recover|p2a: Reuniclus
|-heal|p2a: Reuniclus|100/100 tox
|
|-damage|p1a: Checkaloo|0 fnt|[from] brn
|faint|p1a: Checkaloo
|upkeep
|
|t:|1779923882
|switch|p1a: Checker|Umbreon, F|76/100
|turn|91
|
|t:|1779923885
|move|p1a: Checker|Wish|p1a: Checker
|move|p2a: Reuniclus|Calm Mind|p2a: Reuniclus
|-boost|p2a: Reuniclus|spa|0
|-boost|p2a: Reuniclus|spd|0
|
|-heal|p1a: Checker|82/100|[from] item: Leftovers
|upkeep
|turn|92
|
|t:|1779923889
|move|p1a: Checker|Protect|p1a: Checker
|-singleturn|p1a: Checker|Protect
|move|p2a: Reuniclus|Psyshock|p1a: Checker
|-activate|p1a: Checker|move: Protect
|
|-heal|p1a: Checker|100/100|[from] move: Wish|[wisher] Checker
|upkeep
|turn|93
|
|t:|1779923893
|switch|p1a: Checkelung|Clodsire, M|100/100
|move|p2a: Reuniclus|Psyshock|p1a: Checkelung
|-supereffective|p1a: Checkelung
|-damage|p1a: Checkelung|0 fnt
|faint|p1a: Checkelung
|
|upkeep
|-message|midday suntana forfeited.
|
|win|whimsicotthunter
|raw|midday suntana's rating: 1118 &rarr; <strong>1088</strong><br />(-30 for losing)
|raw|whimsicotthunter's rating: 1047 &rarr; <strong>1087</strong><br />(+40 for winning)
|l|☆midday suntana
|player|p1|
