|j|☆El fundador
|j|☆claudechamp
|t:|1779868252
|gametype|singles
|player|p1|El fundador|rood|1169
|player|p2|claudechamp|169|1186
|gen|9
|tier|[Gen 9] OU
|rated|
|rule|HP Percentage Mod: HP is shown in percentages
|rule|Endless Battle Clause: Forcing endless battles is banned
|rule|Species Clause: Limit one of each Pokémon
|rule|OHKO Clause: OHKO moves are banned
|rule|Evasion Items Clause: Evasion items are banned
|rule|Evasion Moves Clause: Evasion moves are banned
|rule|Evasion Abilities Clause: Evasion abilities are banned
|rule|Sleep Moves Clause: Sleep-inducing moves are banned
|clearpoke
|poke|p1|Dragapult, F|
|poke|p1|Gliscor, M|
|poke|p1|Ogerpon-Wellspring, F|
|poke|p1|Iron Crown|
|poke|p1|Ting-Lu|
|poke|p1|Kingambit, F|
|poke|p2|Corviknight, F|
|poke|p2|Ting-Lu|
|poke|p2|Kyurem|
|poke|p2|Dondozo, M|
|poke|p2|Slowking-Galar, M|
|poke|p2|Cinderace, F|
|teampreview
|c|☆claudechamp|hf
|inactive|Battle timer is ON: inactive players will automatically lose when time's up. (requested by claudechamp)
|c|☆El fundador|Gl hf
|
|t:|1779868272
|teamsize|p1|6
|teamsize|p2|6
|start
|switch|p1a: Ting-Lu|Ting-Lu, shiny|100/100
|switch|p2a: Cinderace|Cinderace, F|100/100
|-ability|p1a: Ting-Lu|Vessel of Ruin
|turn|1
|
|t:|1779868278
|move|p2a: Cinderace|Pyro Ball|p1a: Ting-Lu
|-damage|p1a: Ting-Lu|71/100
|move|p1a: Ting-Lu|Stealth Rock|p2a: Cinderace
|-sidestart|p2: claudechamp|move: Stealth Rock
|
|upkeep
|turn|2
|
|t:|1779868293
|move|p2a: Cinderace|Court Change|p2a: Cinderace
|-swapsideconditions
|-activate|p2a: Cinderace|move: Court Change
|move|p1a: Ting-Lu|Taunt|p2a: Cinderace
|-start|p2a: Cinderace|move: Taunt
|
|upkeep
|turn|3
|
|t:|1779868301
|switch|p2a: Kyurem|Kyurem|100/100
|-ability|p2a: Kyurem|Pressure
|move|p1a: Ting-Lu|Stealth Rock|p2a: Kyurem
|-sidestart|p2: claudechamp|move: Stealth Rock
|
|upkeep
|turn|4
|
|t:|1779868321
|move|p2a: Kyurem|Freeze-Dry|p1a: Ting-Lu
|-supereffective|p1a: Ting-Lu
|-damage|p1a: Ting-Lu|34/100
|move|p1a: Ting-Lu|Heavy Slam|p2a: Kyurem
|-supereffective|p2a: Kyurem
|-damage|p2a: Kyurem|71/100
|
|-heal|p2a: Kyurem|77/100|[from] item: Leftovers
|upkeep
|turn|5
|
|t:|1779868330
|switch|p1a: Iron Crown|Iron Crown|100/100
|-damage|p1a: Iron Crown|94/100|[from] Stealth Rock
|-enditem|p1a: Iron Crown|Booster Energy
|-activate|p1a: Iron Crown|ability: Quark Drive|[fromitem]
|-start|p1a: Iron Crown|quarkdrivespe
|move|p2a: Kyurem|Freeze-Dry|p1a: Iron Crown
|-resisted|p1a: Iron Crown
|-crit|p1a: Iron Crown
|-damage|p1a: Iron Crown|70/100
|
|-heal|p2a: Kyurem|84/100|[from] item: Leftovers
|upkeep
|turn|6
|
|t:|1779868340
|-terastallize|p2a: Kyurem|Ground
|move|p1a: Iron Crown|Calm Mind|p1a: Iron Crown
|-boost|p1a: Iron Crown|spa|1
|-boost|p1a: Iron Crown|spd|1
|move|p2a: Kyurem|Earth Power|p1a: Iron Crown
|-supereffective|p1a: Iron Crown
|-damage|p1a: Iron Crown|10/100
|
|-heal|p2a: Kyurem|90/100|[from] item: Leftovers
|upkeep
|turn|7
|
|t:|1779868359
|move|p1a: Iron Crown|Tachyon Cutter|p2a: Kyurem
|-damage|p2a: Kyurem|56/100
|-damage|p2a: Kyurem|22/100
|-hitcount|p2a: Kyurem|2
|move|p2a: Kyurem|Earth Power|p1a: Iron Crown
|-supereffective|p1a: Iron Crown
|-damage|p1a: Iron Crown|0 fnt
|faint|p1a: Iron Crown
|-end|p1a: Iron Crown|Quark Drive|[silent]
|
|-heal|p2a: Kyurem|28/100|[from] item: Leftovers
|upkeep
|
|t:|1779868376
|switch|p1a: Dragapult|Dragapult, F, shiny|100/100
|turn|8
|
|t:|1779868382
|move|p1a: Dragapult|Dragon Darts|p2a: Kyurem
|-damage|p2a: Kyurem|8/100
|-anim|p1a: Dragapult|Dragon Darts|p2a: Kyurem
|-damage|p2a: Kyurem|0 fnt
|faint|p2a: Kyurem
|
|upkeep
|
|t:|1779868388
|switch|p2a: Slowking|Slowking-Galar, M|100/100
|-damage|p2a: Slowking|88/100|[from] Stealth Rock
|turn|9
|
|t:|1779868406
|move|p1a: Dragapult|Hex|p2a: Slowking
|-supereffective|p2a: Slowking
|-damage|p2a: Slowking|42/100
|move|p2a: Slowking|Ice Beam|p1a: Dragapult
|-supereffective|p1a: Dragapult
|-damage|p1a: Dragapult|30/100
|
|upkeep
|turn|10
|
|t:|1779868423
|switch|p2a: Ting-Lu|Ting-Lu|100/100
|-damage|p2a: Ting-Lu|94/100|[from] Stealth Rock
|-ability|p2a: Ting-Lu|Vessel of Ruin
|move|p1a: Dragapult|Hex|p2a: Ting-Lu
|-resisted|p2a: Ting-Lu
|-damage|p2a: Ting-Lu|89/100
|
|-heal|p2a: Ting-Lu|95/100|[from] item: Leftovers
|upkeep
|turn|11
|
|t:|1779868439
|move|p1a: Dragapult|Will-O-Wisp|p2a: Ting-Lu|[miss]
|-miss|p1a: Dragapult|p2a: Ting-Lu
|move|p2a: Ting-Lu|Earthquake|p1a: Dragapult
|-damage|p1a: Dragapult|0 fnt
|faint|p1a: Dragapult
|
|-heal|p2a: Ting-Lu|100/100|[from] item: Leftovers
|upkeep
|
|t:|1779868445
|switch|p1a: Ogerpon|Ogerpon-Wellspring, F|100/100
|-damage|p1a: Ogerpon|88/100|[from] Stealth Rock
|turn|12
|
|t:|1779868453
|move|p1a: Ogerpon|Ivy Cudgel|p2a: Ting-Lu|[anim] Ivy Cudgel Water
|-supereffective|p2a: Ting-Lu
|-damage|p2a: Ting-Lu|39/100
|move|p2a: Ting-Lu|Earthquake|p1a: Ogerpon
|-resisted|p1a: Ogerpon
|-damage|p1a: Ogerpon|64/100
|
|-heal|p2a: Ting-Lu|45/100|[from] item: Leftovers
|upkeep
|turn|13
|
|t:|1779868460
|switch|p2a: Dondozo|Dondozo, M|100/100
|-damage|p2a: Dondozo|88/100|[from] Stealth Rock
|move|p1a: Ogerpon|Ivy Cudgel|p2a: Dondozo|[anim] Ivy Cudgel Water
|-resisted|p2a: Dondozo
|-damage|p2a: Dondozo|69/100
|
|-heal|p2a: Dondozo|75/100|[from] item: Leftovers
|upkeep
|turn|14
|
|t:|1779868463
|move|p1a: Ogerpon|Taunt|p2a: Dondozo
|-start|p2a: Dondozo|move: Taunt
|cant|p2a: Dondozo|move: Taunt|Curse
|
|-heal|p2a: Dondozo|81/100|[from] item: Leftovers
|upkeep
|turn|15
|
|t:|1779868470
|move|p1a: Ogerpon|Knock Off|p2a: Dondozo
|-damage|p2a: Dondozo|58/100
|-enditem|p2a: Dondozo|Leftovers|[from] move: Knock Off|[of] p1a: Ogerpon
|move|p2a: Dondozo|Body Press|p1a: Ogerpon
|-damage|p1a: Ogerpon|36/100
|
|upkeep
|turn|16
|
|t:|1779868485
|move|p1a: Ogerpon|U-turn|p2a: Dondozo
|-damage|p2a: Dondozo|41/100
|
|t:|1779868490
|switch|p1a: Gliscor|Gliscor, M, shiny|100/100|[from] U-turn
|-damage|p1a: Gliscor|88/100|[from] Stealth Rock
|move|p2a: Dondozo|Body Press|p1a: Gliscor
|-resisted|p1a: Gliscor
|-damage|p1a: Gliscor|79/100
|
|-end|p2a: Dondozo|move: Taunt
|-status|p1a: Gliscor|tox|[from] item: Toxic Orb
|upkeep
|turn|17
|
|t:|1779868500
|move|p1a: Gliscor|Protect|p1a: Gliscor
|-singleturn|p1a: Gliscor|Protect
|move|p2a: Dondozo|Rest|p2a: Dondozo
|-status|p2a: Dondozo|slp|[from] move: Rest
|-heal|p2a: Dondozo|100/100 slp|[silent]
|
|-heal|p1a: Gliscor|92/100 tox|[from] ability: Poison Heal
|upkeep
|turn|18
|
|t:|1779868512
|switch|p1a: Kingambit|Kingambit, F, shiny|100/100
|-damage|p1a: Kingambit|94/100|[from] Stealth Rock
|-activate|p1a: Kingambit|ability: Supreme Overlord
|-start|p1a: Kingambit|fallen2|[silent]
|-item|p1a: Kingambit|Air Balloon
|cant|p2a: Dondozo|slp
|
|upkeep
|turn|19
|
|t:|1779868521
|move|p1a: Kingambit|Swords Dance|p1a: Kingambit
|-boost|p1a: Kingambit|atk|2
|cant|p2a: Dondozo|slp
|
|upkeep
|turn|20
|
|t:|1779868533
|move|p1a: Kingambit|Kowtow Cleave|p2a: Dondozo
|-damage|p2a: Dondozo|67/100 slp
|-curestatus|p2a: Dondozo|slp|[msg]
|move|p2a: Dondozo|Waterfall|p1a: Kingambit
|-crit|p1a: Kingambit
|-damage|p1a: Kingambit|59/100
|-enditem|p1a: Kingambit|Air Balloon
|
|upkeep
|turn|21
|
|t:|1779868553
|move|p1a: Kingambit|Kowtow Cleave|p2a: Dondozo
|-damage|p2a: Dondozo|35/100
|move|p2a: Dondozo|Body Press|p1a: Kingambit
|-supereffective|p1a: Kingambit
|-damage|p1a: Kingambit|0 fnt
|faint|p1a: Kingambit
|-end|p1a: Kingambit|fallen2|[silent]
|
|upkeep
|inactive|El fundador has 120 seconds left.
|-message|El fundador forfeited.
|
|win|claudechamp
|raw|El fundador's rating: 1169 &rarr; <strong>1143</strong><br />(-26 for losing)
|raw|claudechamp's rating: 1162 &rarr; <strong>1188</strong><br />(+26 for winning)
|l|☆El fundador
|player|p1|
|c|☆claudechamp|gg
