|j|☆Mkgaming5053
|j|☆Oieretxe1312
|t:|1779965031
|gametype|singles
|player|p1|Mkgaming5053|265|1155
|player|p2|Oieretxe1312|ghetsis|1251
|gen|9
|tier|[Gen 9] OU
|rated|
|rule|HP Percentage Mod: HP is shown in percentages
|rule|Endless Battle Clause: Forcing endless battles is banned
|rule|Species Clause: Limit one of each Pokémon
|rule|OHKO Clause: OHKO moves are banned
|rule|Evasion Items Clause: Evasion items are banned
|rule|Evasion Moves Clause: Evasion moves are banned
|rule|Evasion Abilities Clause: Evasion abilities are banned
|rule|Sleep Moves Clause: Sleep-inducing moves are banned
|clearpoke
|poke|p1|Salamence, F|
|poke|p1|Slowking-Galar, F|
|poke|p1|Landorus-Therian, M|
|poke|p1|Iron Valiant|
|poke|p1|Cinderace, F|
|poke|p1|Kingambit, F|
|poke|p2|Hitmonlee, M|
|poke|p2|Cloyster, M|
|poke|p2|Kingambit, F|
|poke|p2|Dragonite, F|
|poke|p2|Glimmora, F|
|poke|p2|Rotom-Wash|
|teampreview
|
|t:|1779965042
|teamsize|p1|6
|teamsize|p2|6
|start
|switch|p1a: Landorus|Landorus-Therian, M|100/100
|switch|p2a: Glimmora|Glimmora, F|100/100
|-ability|p1a: Landorus|Intimidate|boost
|-unboost|p2a: Glimmora|atk|1
|turn|1
|
|t:|1779965051
|move|p2a: Glimmora|Stealth Rock|p1a: Landorus
|-sidestart|p1: Mkgaming5053|move: Stealth Rock
|move|p1a: Landorus|Earth Power|p2a: Glimmora
|-supereffective|p2a: Glimmora
|-enditem|p2a: Glimmora|Focus Sash
|-damage|p2a: Glimmora|1/100
|
|upkeep
|turn|2
|
|t:|1779965060
|move|p2a: Glimmora|Power Gem|p1a: Landorus
|-damage|p1a: Landorus|54/100
|move|p1a: Landorus|U-turn|p2a: Glimmora
|-resisted|p2a: Glimmora
|-damage|p2a: Glimmora|0 fnt
|-activate|p2a: Glimmora|ability: Toxic Debris
|-sidestart|p1: Mkgaming5053|move: Toxic Spikes
|faint|p2a: Glimmora
|
|t:|1779965069
|switch|p1a: Salamence|Salamence, F|100/100|[from] U-turn
|
|upkeep
|
|t:|1779965075
|switch|p2a: Cloyster|Cloyster, M|100/100
|turn|3
|
|t:|1779965087
|switch|p1a: Iron Valiant|Iron Valiant|100/100
|-damage|p1a: Iron Valiant|94/100|[from] Stealth Rock
|-status|p1a: Iron Valiant|psn
|-enditem|p1a: Iron Valiant|Booster Energy
|-activate|p1a: Iron Valiant|ability: Quark Drive|[fromitem]
|-start|p1a: Iron Valiant|quarkdrivespe
|move|p2a: Cloyster|Icicle Spear|p1a: Iron Valiant
|-damage|p1a: Iron Valiant|80/100 psn
|-damage|p1a: Iron Valiant|66/100 psn
|-damage|p1a: Iron Valiant|51/100 psn
|-damage|p1a: Iron Valiant|38/100 psn
|-damage|p1a: Iron Valiant|23/100 psn
|-hitcount|p1a: Iron Valiant|5
|
|-damage|p1a: Iron Valiant|11/100 psn|[from] psn
|upkeep
|turn|4
|inactive|Battle timer is ON: inactive players will automatically lose when time's up. (requested by Oieretxe1312)
|
|t:|1779965113
|move|p2a: Cloyster|Ice Shard|p1a: Iron Valiant
|-damage|p1a: Iron Valiant|0 fnt
|faint|p1a: Iron Valiant
|-end|p1a: Iron Valiant|Quark Drive|[silent]
|
|upkeep
|
|t:|1779965119
|switch|p1a: Cinderace|Cinderace, F|100/100
|turn|5
|
|t:|1779965125
|move|p1a: Cinderace|Court Change|p1a: Cinderace
|-start|p1a: Cinderace|typechange|Normal|[from] ability: Libero
|-swapsideconditions
|-activate|p1a: Cinderace|move: Court Change
|move|p2a: Cloyster|Rock Blast|p1a: Cinderace
|-damage|p1a: Cinderace|91/100
|-damage|p1a: Cinderace|81/100
|-damage|p1a: Cinderace|70/100
|-damage|p1a: Cinderace|59/100
|-damage|p1a: Cinderace|49/100
|-hitcount|p1a: Cinderace|5
|
|upkeep
|turn|6
|
|t:|1779965139
|move|p1a: Cinderace|Pyro Ball|p2a: Cloyster
|-damage|p2a: Cloyster|70/100
|move|p2a: Cloyster|Rock Blast|p1a: Cinderace
|-damage|p1a: Cinderace|39/100
|-damage|p1a: Cinderace|28/100
|-damage|p1a: Cinderace|17/100
|-damage|p1a: Cinderace|8/100
|-damage|p1a: Cinderace|0 fnt
|faint|p1a: Cinderace
|-hitcount|p1: Cinderace|5
|
|upkeep
|
|t:|1779965152
|switch|p1a: Landorus|Landorus-Therian, M|54/100
|-ability|p1a: Landorus|Intimidate|boost
|-unboost|p2a: Cloyster|atk|1
|turn|7
|
|t:|1779965163
|move|p2a: Cloyster|Icicle Spear|p1a: Landorus
|-supereffective|p1a: Landorus
|-damage|p1a: Landorus|32/100
|-supereffective|p1a: Landorus
|-crit|p1a: Landorus
|-damage|p1a: Landorus|0 fnt
|faint|p1a: Landorus
|-hitcount|p1: Landorus|2
|
|upkeep
|
|t:|1779965172
|switch|p1a: Salamence|Salamence, F|100/100
|turn|8
|
|t:|1779965184
|-terastallize|p1a: Salamence|Fire
|move|p2a: Cloyster|Ice Shard|p1a: Salamence
|-resisted|p1a: Salamence
|-damage|p1a: Salamence|94/100
|move|p1a: Salamence|Dragon Dance|p1a: Salamence
|-boost|p1a: Salamence|atk|1
|-boost|p1a: Salamence|spe|1
|
|upkeep
|turn|9
|
|t:|1779965193
|move|p1a: Salamence|Temper Flare|p2a: Cloyster
|-damage|p2a: Cloyster|20/100
|move|p2a: Cloyster|Rock Blast|p1a: Salamence
|-supereffective|p1a: Salamence
|-damage|p1a: Salamence|81/100
|-supereffective|p1a: Salamence
|-damage|p1a: Salamence|68/100
|-supereffective|p1a: Salamence
|-damage|p1a: Salamence|55/100
|-supereffective|p1a: Salamence
|-damage|p1a: Salamence|44/100
|-supereffective|p1a: Salamence
|-damage|p1a: Salamence|31/100
|-hitcount|p1a: Salamence|5
|
|upkeep
|turn|10
|
|t:|1779965206
|move|p2a: Cloyster|Ice Shard|p1a: Salamence
|-resisted|p1a: Salamence
|-damage|p1a: Salamence|25/100
|move|p1a: Salamence|Temper Flare|p2a: Cloyster
|-damage|p2a: Cloyster|0 fnt
|faint|p2a: Cloyster
|-ability|p1a: Salamence|Moxie|boost
|-boost|p1a: Salamence|atk|1
|
|upkeep
|
|t:|1779965209
|switch|p2a: Dragonite|Dragonite, F|100/100
|turn|11
|
|t:|1779965220
|-terastallize|p2a: Dragonite|Normal
|move|p1a: Salamence|Outrage|p2a: Dragonite
|-damage|p2a: Dragonite|33/100
|move|p2a: Dragonite|Earthquake|p1a: Salamence
|-supereffective|p1a: Salamence
|-damage|p1a: Salamence|0 fnt
|faint|p1a: Salamence
|
|upkeep
|
|t:|1779965238
|switch|p1a: Slowking|Slowking-Galar, F|100/100
|turn|12
|
|t:|1779965248
|move|p2a: Dragonite|Earthquake|p1a: Slowking
|-supereffective|p1a: Slowking
|-damage|p1a: Slowking|26/100
|move|p1a: Slowking|Sludge Bomb|p2a: Dragonite
|-damage|p2a: Dragonite|0 fnt
|faint|p2a: Dragonite
|
|upkeep
|
|t:|1779965251
|switch|p2a: Hitmonlee|Hitmonlee, M|100/100
|-damage|p2a: Hitmonlee|94/100|[from] Stealth Rock
|-status|p2a: Hitmonlee|psn
|turn|13
|
|t:|1779965261
|move|p2a: Hitmonlee|Knock Off|p1a: Slowking
|-supereffective|p1a: Slowking
|-damage|p1a: Slowking|0 fnt
|-enditem|p1a: Slowking|Heavy-Duty Boots|[from] move: Knock Off|[of] p2a: Hitmonlee
|faint|p1a: Slowking
|
|-damage|p2a: Hitmonlee|82/100 psn|[from] psn
|upkeep
|
|t:|1779965269
|switch|p1a: Kingambit|Kingambit, F|100/100
|-activate|p1a: Kingambit|ability: Supreme Overlord
|-start|p1a: Kingambit|fallen5|[silent]
|turn|14
|
|t:|1779965277
|move|p2a: Hitmonlee|Upper Hand|p1a: Kingambit
|-supereffective|p1a: Kingambit
|-damage|p1a: Kingambit|0 fnt
|faint|p1a: Kingambit
|-end|p1a: Kingambit|fallen5|[silent]
|
|win|Oieretxe1312
|raw|Mkgaming5053's rating: 1155 &rarr; <strong>1137</strong><br />(-18 for losing)
|raw|Oieretxe1312's rating: 1251 &rarr; <strong>1269</strong><br />(+18 for winning)
|c|☆Oieretxe1312|gg
|l|☆Mkgaming5053
|player|p1|
|l|☆Oieretxe1312
|player|p2|
