|j|☆vergepureee
|j|☆ArchStanton47
|t:|1779802990
|gametype|singles
|player|p1|vergepureee|2|1410
|player|p2|ArchStanton47|ethan-pokeathlon|1422
|gen|9
|tier|[Gen 9] OU
|rated|
|rule|HP Percentage Mod: HP is shown in percentages
|rule|Endless Battle Clause: Forcing endless battles is banned
|rule|Species Clause: Limit one of each Pokémon
|rule|OHKO Clause: OHKO moves are banned
|rule|Evasion Items Clause: Evasion items are banned
|rule|Evasion Moves Clause: Evasion moves are banned
|rule|Evasion Abilities Clause: Evasion abilities are banned
|rule|Sleep Moves Clause: Sleep-inducing moves are banned
|clearpoke
|poke|p1|Cinderace, M|
|poke|p1|Darkrai|
|poke|p1|Landorus-Therian, M|
|poke|p1|Zamazenta-*|
|poke|p1|Pecharunt|
|poke|p1|Primarina, M|
|poke|p2|Weezing-Galar, F|
|poke|p2|Hitmonlee, M|
|poke|p2|Hydrapple, M|
|poke|p2|Landorus-Therian, M|
|poke|p2|Hatterene, F|
|poke|p2|Kyurem|
|teampreview
|
|t:|1779803005
|teamsize|p1|6
|teamsize|p2|6
|start
|switch|p1a: Landorus|Landorus-Therian, M|100/100
|switch|p2a: Weezing|Weezing-Galar, F|100/100
|-ability|p1a: Landorus|Intimidate|boost
|-unboost|p2a: Weezing|atk|1
|-fieldstart|move: Misty Terrain|[from] ability: Misty Surge|[of] p2a: Weezing
|turn|1
|
|t:|1779803015
|switch|p2a: Landorus|Landorus-Therian, M|100/100
|-ability|p2a: Landorus|Intimidate|boost
|-unboost|p1a: Landorus|atk|1
|move|p1a: Landorus|Earthquake|p2a: Landorus
|-immune|p2a: Landorus
|
|upkeep
|turn|2
|
|t:|1779803022
|switch|p1a: Primarina|Primarina, M|100/100
|move|p2a: Landorus|U-turn|p1a: Primarina
|-resisted|p1a: Primarina
|-damage|p1a: Primarina|83/100
|
|t:|1779803040
|switch|p2a: Hatterene|Hatterene, F|100/100|[from] U-turn
|
|upkeep
|turn|3
|
|t:|1779803043
|move|p1a: Primarina|Flip Turn|p2a: Hatterene
|-damage|p2a: Hatterene|84/100
|-enditem|p2a: Hatterene|Red Card|[of] p1a: Primarina
|drag|p1a: Pecharunt|Pecharunt|100/100
|move|p2a: Hatterene|Trick Room|p2a: Hatterene
|-fieldstart|move: Trick Room|[of] p2a: Hatterene
|
|upkeep
|turn|4
|inactive|Battle timer is ON: inactive players will automatically lose when time's up. (requested by vergepureee)
|
|t:|1779803065
|move|p2a: Hatterene|Draining Kiss|p1a: Pecharunt
|-resisted|p1a: Pecharunt
|-damage|p1a: Pecharunt|89/100
|-heal|p2a: Hatterene|94/100|[from] drain|[of] p1a: Pecharunt
|move|p1a: Pecharunt|Malignant Chain|p2a: Hatterene
|-supereffective|p2a: Hatterene
|-damage|p2a: Hatterene|44/100
|
|upkeep
|turn|5
|
|t:|1779803074
|move|p2a: Hatterene|Misty Explosion|p1a: Pecharunt
|-resisted|p1a: Pecharunt
|-damage|p1a: Pecharunt|58/100
|faint|p2a: Hatterene
|move|p1a: Pecharunt|Shadow Ball|p2: Hatterene|[notarget]
|-fail|p1a: Pecharunt
|
|upkeep
|
|t:|1779803085
|switch|p2a: Hydrapple|Hydrapple, M|100/100
|turn|6
|
|t:|1779803098
|move|p2a: Hydrapple|Earth Power|p1a: Pecharunt
|-supereffective|p1a: Pecharunt
|-damage|p1a: Pecharunt|0 fnt
|faint|p1a: Pecharunt
|
|upkeep
|
|t:|1779803104
|switch|p1a: Landorus|Landorus-Therian, M|100/100
|-ability|p1a: Landorus|Intimidate|boost
|-unboost|p2a: Hydrapple|atk|1
|-enditem|p2a: Hydrapple|Eject Pack
|
|t:|1779803111
|switch|p2a: Kyurem|Kyurem|100/100
|-ability|p2a: Kyurem|Pressure
|turn|7
|
|t:|1779803120
|switch|p1a: Cinderace|Cinderace, M|100/100
|move|p2a: Kyurem|Dragon Dance|p2a: Kyurem
|-boost|p2a: Kyurem|atk|1
|-boost|p2a: Kyurem|spe|1
|
|-fieldend|move: Trick Room
|upkeep
|turn|8
|
|t:|1779803144
|move|p2a: Kyurem|Icicle Spear|p1a: Cinderace
|-resisted|p1a: Cinderace
|-damage|p1a: Cinderace|85/100
|-resisted|p1a: Cinderace
|-damage|p1a: Cinderace|70/100
|-resisted|p1a: Cinderace
|-damage|p1a: Cinderace|56/100
|-resisted|p1a: Cinderace
|-damage|p1a: Cinderace|40/100
|-hitcount|p1a: Cinderace|4
|move|p1a: Cinderace|Low Kick|p2a: Kyurem
|-start|p1a: Cinderace|typechange|Fighting|[from] ability: Libero
|-supereffective|p2a: Kyurem
|-damage|p2a: Kyurem|0 fnt
|faint|p2a: Kyurem
|
|-fieldend|Misty Terrain
|upkeep
|
|t:|1779803158
|switch|p2a: Landorus|Landorus-Therian, M|100/100
|-ability|p2a: Landorus|Intimidate|boost
|-unboost|p1a: Cinderace|atk|1
|turn|9
|
|t:|1779803173
|switch|p1a: Landorus|Landorus-Therian, M|100/100
|-ability|p1a: Landorus|Intimidate|boost
|-unboost|p2a: Landorus|atk|1
|move|p2a: Landorus|U-turn|p1a: Landorus
|-resisted|p1a: Landorus
|-damage|p1a: Landorus|91/100
|
|t:|1779803182
|switch|p2a: Hydrapple|Hydrapple, M|100/100|[from] U-turn
|
|upkeep
|turn|10
|
|t:|1779803188
|move|p1a: Landorus|U-turn|p2a: Hydrapple
|-supereffective|p2a: Hydrapple
|-damage|p2a: Hydrapple|59/100
|
|t:|1779803196
|switch|p1a: Primarina|Primarina, M|83/100|[from] U-turn
|move|p2a: Hydrapple|Leaf Storm|p1a: Primarina
|-supereffective|p1a: Primarina
|-damage|p1a: Primarina|0 fnt
|-unboost|p2a: Hydrapple|spa|2
|faint|p1a: Primarina
|
|upkeep
|
|t:|1779803201
|switch|p1a: Darkrai|Darkrai|100/100
|turn|11
|
|t:|1779803204
|switch|p2a: Weezing|Weezing-Galar, F|100/100
|-fieldstart|move: Misty Terrain|[from] ability: Misty Surge|[of] p2a: Weezing
|move|p1a: Darkrai|Ice Beam|p2a: Weezing
|-crit|p2a: Weezing
|-damage|p2a: Weezing|34/100
|
|upkeep
|turn|12
|
|t:|1779803212
|move|p1a: Darkrai|Dark Pulse|p2a: Weezing
|-resisted|p2a: Weezing
|-damage|p2a: Weezing|3/100
|move|p2a: Weezing|Pain Split|p1a: Darkrai
|-sethp|p1a: Darkrai|52/100|[from] move: Pain Split|[silent]
|-sethp|p2a: Weezing|44/100|[from] move: Pain Split
|
|upkeep
|turn|13
|
|t:|1779803230
|move|p1a: Darkrai|Dark Pulse|p2a: Weezing
|-resisted|p2a: Weezing
|-crit|p2a: Weezing
|-damage|p2a: Weezing|1/100
|move|p2a: Weezing|Destiny Bond|p2a: Weezing
|-singlemove|p2a: Weezing|Destiny Bond
|
|upkeep
|turn|14
|
|t:|1779803238
|switch|p1a: Landorus|Landorus-Therian, M|91/100
|-ability|p1a: Landorus|Intimidate|boost
|-unboost|p2a: Weezing|atk|1
|move|p2a: Weezing|Pain Split|p1a: Landorus
|-sethp|p1a: Landorus|46/100|[from] move: Pain Split|[silent]
|-sethp|p2a: Weezing|44/100|[from] move: Pain Split
|
|upkeep
|turn|15
|
|t:|1779803247
|move|p1a: Landorus|Stealth Rock|p2a: Weezing
|-sidestart|p2: ArchStanton47|move: Stealth Rock
|move|p2a: Weezing|Destiny Bond|p2a: Weezing
|-singlemove|p2a: Weezing|Destiny Bond
|
|upkeep
|turn|16
|
|t:|1779803254
|switch|p1a: Cinderace|Cinderace, M|40/100
|move|p2a: Weezing|Clear Smog|p1a: Cinderace
|-damage|p1a: Cinderace|18/100
|-clearboost|p1a: Cinderace
|
|upkeep
|turn|17
|
|t:|1779803263
|move|p1a: Cinderace|U-turn|p2a: Weezing
|-start|p1a: Cinderace|typechange|Bug|[from] ability: Libero
|-resisted|p2a: Weezing
|-damage|p2a: Weezing|38/100
|
|t:|1779803266
|switch|p1a: Landorus|Landorus-Therian, M|46/100|[from] U-turn
|-ability|p1a: Landorus|Intimidate|boost
|-unboost|p2a: Weezing|atk|1
|move|p2a: Weezing|Clear Smog|p1a: Landorus
|-resisted|p1a: Landorus
|-damage|p1a: Landorus|36/100
|-clearboost|p1a: Landorus
|
|upkeep
|turn|18
|
|t:|1779803278
|switch|p2a: Landorus|Landorus-Therian, M|100/100
|-damage|p2a: Landorus|88/100|[from] Stealth Rock
|-ability|p2a: Landorus|Intimidate|boost
|-unboost|p1a: Landorus|atk|1
|move|p1a: Landorus|U-turn|p2a: Landorus
|-resisted|p2a: Landorus
|-damage|p2a: Landorus|78/100
|
|t:|1779803281
|switch|p1a: Darkrai|Darkrai|52/100|[from] U-turn
|
|-fieldend|Misty Terrain
|upkeep
|turn|19
|
|t:|1779803290
|move|p2a: Landorus|U-turn|p1a: Darkrai
|-supereffective|p1a: Darkrai
|-damage|p1a: Darkrai|0 fnt
|faint|p1a: Darkrai
|
|t:|1779803294
|switch|p2a: Weezing|Weezing-Galar, F|38/100|[from] U-turn
|-damage|p2a: Weezing|26/100|[from] Stealth Rock
|-fieldstart|move: Misty Terrain|[from] ability: Misty Surge|[of] p2a: Weezing
|
|upkeep
|
|t:|1779803302
|switch|p1a: Landorus|Landorus-Therian, M|36/100
|-ability|p1a: Landorus|Intimidate|boost
|-unboost|p2a: Weezing|atk|1
|turn|20
|
|t:|1779803309
|move|p1a: Landorus|Earthquake|p2a: Weezing
|-supereffective|p2a: Weezing
|-damage|p2a: Weezing|0 fnt
|faint|p2a: Weezing
|
|upkeep
|
|t:|1779803319
|switch|p2a: Hitmonlee|Hitmonlee, M|100/100
|-damage|p2a: Hitmonlee|94/100|[from] Stealth Rock
|-enditem|p2a: Hitmonlee|Misty Seed
|-boost|p2a: Hitmonlee|spd|1|[from] item: Misty Seed
|turn|21
|
|t:|1779803343
|-terastallize|p2a: Hitmonlee|Fighting
|move|p2a: Hitmonlee|High Jump Kick|p1a: Landorus
|-resisted|p1a: Landorus
|-crit|p1a: Landorus
|-damage|p1a: Landorus|0 fnt
|faint|p1a: Landorus
|
|upkeep
|
|t:|1779803346
|switch|p1a: Zamazenta|Zamazenta|100/100
|-ability|p1a: Zamazenta|Dauntless Shield|boost
|-boost|p1a: Zamazenta|def|1
|turn|22
|
|t:|1779803349
|-terastallize|p1a: Zamazenta|Steel
|move|p2a: Hitmonlee|High Jump Kick|p1a: Zamazenta
|-supereffective|p1a: Zamazenta
|-damage|p1a: Zamazenta|0 fnt
|faint|p1a: Zamazenta
|
|upkeep
|l|☆vergepureee
|inactive|vergepureee disconnected and has a minute to reconnect!
|player|p1|
|inactive|vergepureee has 30 seconds to reconnect!
|inactive|vergepureee has 20 seconds to reconnect!
|inactive|vergepureee has 15 seconds to reconnect!
|inactive|vergepureee has 10 seconds to reconnect!
|inactive|vergepureee has 5 seconds to reconnect!
|-message|vergepureee lost due to inactivity.
|
|win|ArchStanton47
|raw|vergepureee's rating: 1410 &rarr; <strong>1391</strong><br />(-19 for losing)
|raw|ArchStanton47's rating: 1422 &rarr; <strong>1441</strong><br />(+19 for winning)
|l|☆ArchStanton47
|player|p2|
|j|☆ArchStanton47
|player|p2|ArchStanton47|ethan-pokeathlon|
|l|☆ArchStanton47
|player|p2|
