|j|☆Davi2L
|j|☆dihtoe
|t:|1779816749
|gametype|singles
|player|p1|Davi2L|265|1066
|player|p2|dihtoe|swimmer-gen4dp|1071
|gen|9
|tier|[Gen 9] OU
|rated|
|rule|HP Percentage Mod: HP is shown in percentages
|rule|Endless Battle Clause: Forcing endless battles is banned
|rule|Species Clause: Limit one of each Pokémon
|rule|OHKO Clause: OHKO moves are banned
|rule|Evasion Items Clause: Evasion items are banned
|rule|Evasion Moves Clause: Evasion moves are banned
|rule|Evasion Abilities Clause: Evasion abilities are banned
|rule|Sleep Moves Clause: Sleep-inducing moves are banned
|clearpoke
|poke|p1|Kingambit, F|
|poke|p1|Dragapult, M|
|poke|p1|Great Tusk|
|poke|p1|Iron Valiant|
|poke|p1|Gholdengo|
|poke|p1|Primarina, M|
|poke|p2|Florges, F|
|poke|p2|Weavile, M|
|poke|p2|Cinccino, F|
|poke|p2|Dedenne, M|
|poke|p2|Garchomp, M|
|poke|p2|Moltres|
|teampreview
|
|t:|1779816762
|teamsize|p1|6
|teamsize|p2|6
|start
|switch|p1a: Primarina|Primarina, M, shiny|100/100
|switch|p2a: Moltres|Moltres|100/100
|-ability|p2a: Moltres|Pressure
|turn|1
|
|t:|1779816775
|switch|p2a: Cinccino|Cinccino, F|100/100
|move|p1a: Primarina|Hydro Pump|p2a: Cinccino
|-damage|p2a: Cinccino|0 fnt
|faint|p2a: Cinccino
|
|upkeep
|
|t:|1779816783
|switch|p2a: Dedenne|Dedenne, M, shiny|100/100
|turn|2
|inactive|Battle timer is ON: inactive players will automatically lose when time's up. (requested by dihtoe)
|
|t:|1779816810
|switch|p1a: Great Tusk|Great Tusk|100/100
|move|p2a: Dedenne|Nuzzle|p1a: Great Tusk
|-immune|p1a: Great Tusk
|
|upkeep
|turn|3
|
|t:|1779816820
|-terastallize|p2a: Dedenne|Psychic
|move|p2a: Dedenne|Dazzling Gleam|p1a: Great Tusk
|-supereffective|p1a: Great Tusk
|-damage|p1a: Great Tusk|26/100
|move|p1a: Great Tusk|Earthquake|p2a: Dedenne
|-damage|p2a: Dedenne|18/100
|-enditem|p2a: Dedenne|Sitrus Berry|[eat]
|-heal|p2a: Dedenne|43/100|[from] item: Sitrus Berry
|-heal|p2a: Dedenne|76/100|[from] ability: Cheek Pouch
|
|upkeep
|turn|4
|
|t:|1779816831
|move|p2a: Dedenne|Dazzling Gleam|p1a: Great Tusk
|-supereffective|p1a: Great Tusk
|-damage|p1a: Great Tusk|0 fnt
|faint|p1a: Great Tusk
|-end|p1a: Great Tusk|Protosynthesis|[silent]
|
|upkeep
|
|t:|1779816834
|switch|p1a: Iron Valiant|Iron Valiant, shiny|100/100
|-enditem|p1a: Iron Valiant|Booster Energy
|-activate|p1a: Iron Valiant|ability: Quark Drive|[fromitem]
|-start|p1a: Iron Valiant|quarkdrivespe
|turn|5
|
|t:|1779816845
|move|p1a: Iron Valiant|Knock Off|p2a: Dedenne
|-supereffective|p2a: Dedenne
|-damage|p2a: Dedenne|0 fnt
|faint|p2a: Dedenne
|
|upkeep
|
|t:|1779816861
|switch|p2a: Florges|Florges, F, shiny|100/100
|turn|6
|
|t:|1779816875
|move|p1a: Iron Valiant|Psyshock|p2a: Florges
|-damage|p2a: Florges|73/100
|move|p2a: Florges|Calm Mind|p2a: Florges
|-boost|p2a: Florges|spa|1
|-boost|p2a: Florges|spd|1
|
|-heal|p2a: Florges|79/100|[from] item: Leftovers
|upkeep
|turn|7
|
|t:|1779816879
|move|p1a: Iron Valiant|Psyshock|p2a: Florges
|-damage|p2a: Florges|53/100
|move|p2a: Florges|Draining Kiss|p1a: Iron Valiant
|-supereffective|p1a: Iron Valiant
|-damage|p1a: Iron Valiant|0 fnt
|-heal|p2a: Florges|100/100|[from] drain|[of] p1a: Iron Valiant
|faint|p1a: Iron Valiant
|-end|p1a: Iron Valiant|Quark Drive|[silent]
|
|upkeep
|
|t:|1779816906
|switch|p1a: Kingambit|Kingambit, F|100/100
|-activate|p1a: Kingambit|ability: Supreme Overlord
|-start|p1a: Kingambit|fallen2|[silent]
|turn|8
|
|t:|1779816918
|-end|p1a: Kingambit|fallen2|[silent]
|switch|p1a: Primarina|Primarina, M, shiny|100/100
|move|p2a: Florges|Draining Kiss|p1a: Primarina
|-damage|p1a: Primarina|86/100
|
|upkeep
|turn|9
|
|t:|1779816926
|move|p2a: Florges|Calm Mind|p2a: Florges
|-boost|p2a: Florges|spa|1
|-boost|p2a: Florges|spd|1
|move|p1a: Primarina|Hydro Pump|p2a: Florges
|-damage|p2a: Florges|80/100
|
|-heal|p2a: Florges|86/100|[from] item: Leftovers
|upkeep
|turn|10
|
|t:|1779816948
|move|p2a: Florges|Calm Mind|p2a: Florges
|-boost|p2a: Florges|spa|1
|-boost|p2a: Florges|spd|1
|move|p1a: Primarina|Psychic Noise|p2a: Florges
|-damage|p2a: Florges|79/100
|-start|p2a: Florges|move: Heal Block
|
|upkeep
|turn|11
|
|t:|1779816960
|move|p2a: Florges|Calm Mind|p2a: Florges
|-boost|p2a: Florges|spa|1
|-boost|p2a: Florges|spd|1
|move|p1a: Primarina|Hydro Pump|p2a: Florges
|-damage|p2a: Florges|65/100
|
|-end|p2a: Florges|move: Heal Block
|upkeep
|turn|12
|
|t:|1779816969
|move|p2a: Florges|Calm Mind|p2a: Florges
|-boost|p2a: Florges|spa|1
|-boost|p2a: Florges|spd|1
|move|p1a: Primarina|Psychic Noise|p2a: Florges
|-damage|p2a: Florges|59/100
|-start|p2a: Florges|move: Heal Block
|
|upkeep
|turn|13
|
|t:|1779816972
|switch|p1a: Gholdengo|Gholdengo, shiny|100/100
|-item|p1a: Gholdengo|Air Balloon
|move|p2a: Florges|Psychic|p1a: Gholdengo
|-resisted|p1a: Gholdengo
|-damage|p1a: Gholdengo|57/100
|-enditem|p1a: Gholdengo|Air Balloon
|
|-end|p2a: Florges|move: Heal Block
|upkeep
|turn|14
|
|t:|1779816980
|move|p1a: Gholdengo|Make It Rain|p2a: Florges
|-supereffective|p2a: Florges
|-damage|p2a: Florges|35/100
|-unboost|p1a: Gholdengo|spa|1
|move|p2a: Florges|Draining Kiss|p1a: Gholdengo
|-resisted|p1a: Gholdengo
|-damage|p1a: Gholdengo|22/100
|-heal|p2a: Florges|63/100|[from] drain|[of] p1a: Gholdengo
|
|-heal|p2a: Florges|69/100|[from] item: Leftovers
|upkeep
|turn|15
|
|t:|1779816993
|move|p1a: Gholdengo|Make It Rain|p2a: Florges
|-supereffective|p2a: Florges
|-damage|p2a: Florges|52/100
|-unboost|p1a: Gholdengo|spa|1
|move|p2a: Florges|Wish|p2a: Florges
|
|-heal|p2a: Florges|58/100|[from] item: Leftovers
|upkeep
|turn|16
|
|t:|1779816998
|move|p1a: Gholdengo|Nasty Plot|p1a: Gholdengo
|-boost|p1a: Gholdengo|spa|2
|move|p2a: Florges|Draining Kiss|p1a: Gholdengo
|-resisted|p1a: Gholdengo
|-damage|p1a: Gholdengo|0 fnt
|-heal|p2a: Florges|75/100|[from] drain|[of] p1a: Gholdengo
|faint|p1a: Gholdengo
|
|-heal|p2a: Florges|100/100|[from] move: Wish|[wisher] Florges
|upkeep
|
|t:|1779817001
|switch|p1a: Dragapult|Dragapult, M, shiny|100/100
|turn|17
|
|t:|1779817013
|-terastallize|p1a: Dragapult|Ghost
|move|p1a: Dragapult|Hex|p2a: Florges
|-damage|p2a: Florges|89/100
|move|p2a: Florges|Draining Kiss|p1a: Dragapult
|-damage|p1a: Dragapult|12/100
|-heal|p2a: Florges|100/100|[from] drain|[of] p1a: Dragapult
|
|upkeep
|turn|18
|
|t:|1779817021
|move|p1a: Dragapult|Hex|p2a: Florges
|-damage|p2a: Florges|88/100
|move|p2a: Florges|Draining Kiss|p1a: Dragapult
|-damage|p1a: Dragapult|0 fnt
|-heal|p2a: Florges|97/100|[from] drain|[of] p1a: Dragapult
|faint|p1a: Dragapult
|
|-heal|p2a: Florges|100/100|[from] item: Leftovers
|upkeep
|
|t:|1779817024
|switch|p1a: Kingambit|Kingambit, F|100/100
|-activate|p1a: Kingambit|ability: Supreme Overlord
|-start|p1a: Kingambit|fallen4|[silent]
|turn|19
|
|t:|1779817029
|move|p1a: Kingambit|Swords Dance|p1a: Kingambit
|-boost|p1a: Kingambit|atk|2
|move|p2a: Florges|Draining Kiss|p1a: Kingambit
|-damage|p1a: Kingambit|27/100
|
|upkeep
|turn|20
|
|t:|1779817034
|move|p1a: Kingambit|Kowtow Cleave|p2a: Florges
|-resisted|p2a: Florges
|-crit|p2a: Florges
|-damage|p2a: Florges|0 fnt
|faint|p2a: Florges
|
|upkeep
|
|t:|1779817046
|switch|p2a: Garchomp|Garchomp, M|100/100
|turn|21
|
|t:|1779817053
|move|p1a: Kingambit|Sucker Punch|p2a: Garchomp
|-damage|p2a: Garchomp|0 fnt
|-damage|p1a: Kingambit|15/100|[from] ability: Rough Skin|[of] p2a: Garchomp
|-damage|p1a: Kingambit|0 fnt|[from] item: Rocky Helmet|[of] p2a: Garchomp
|faint|p2a: Garchomp
|faint|p1a: Kingambit
|-end|p1a: Kingambit|fallen4|[silent]
|
|upkeep
|
|t:|1779817060
|switch|p2a: Moltres|Moltres|100/100
|switch|p1a: Primarina|Primarina, M, shiny|86/100
|-ability|p2a: Moltres|Pressure
|turn|22
|
|t:|1779817067
|move|p2a: Moltres|Air Slash|p1a: Primarina
|-damage|p1a: Primarina|66/100
|move|p1a: Primarina|Hydro Pump|p2a: Moltres
|-supereffective|p2a: Moltres
|-damage|p2a: Moltres|0 fnt
|faint|p2a: Moltres
|
|upkeep
|
|t:|1779817072
|switch|p2a: Weavile|Weavile, M|100/100
|turn|23
|
|t:|1779817087
|move|p2a: Weavile|Knock Off|p1a: Primarina
|-resisted|p1a: Primarina
|-damage|p1a: Primarina|34/100
|-enditem|p1a: Primarina|Assault Vest|[from] move: Knock Off|[of] p2a: Weavile
|move|p1a: Primarina|Moonblast|p2a: Weavile
|-supereffective|p2a: Weavile
|-enditem|p2a: Weavile|Focus Sash
|-damage|p2a: Weavile|1/100
|
|upkeep
|turn|24
|
|t:|1779817097
|move|p2a: Weavile|Ice Spinner|p1a: Primarina
|-resisted|p1a: Primarina
|-damage|p1a: Primarina|10/100
|move|p1a: Primarina|Moonblast|p2a: Weavile
|-supereffective|p2a: Weavile
|-damage|p2a: Weavile|0 fnt
|faint|p2a: Weavile
|
|win|Davi2L
|raw|Davi2L's rating: 1066 &rarr; <strong>1097</strong><br />(+31 for winning)
|raw|dihtoe's rating: 1071 &rarr; <strong>1050</strong><br />(-21 for losing)
|c|☆dihtoe|WOOOOOOOOOOOOOOOOOHOOOOOOOOOOOOOO
|l|☆dihtoe
|player|p2|
|l|☆Davi2L
|player|p1|
