|j|☆sharkerthantheteal
|j|☆RinRinOwO
|t:|1779937373
|gametype|singles
|player|p1|sharkerthantheteal|nessa-masters|1116
|player|p2|RinRinOwO|iris|1067
|gen|9
|tier|[Gen 9] OU
|rated|
|rule|HP Percentage Mod: HP is shown in percentages
|rule|Endless Battle Clause: Forcing endless battles is banned
|rule|Species Clause: Limit one of each Pokémon
|rule|OHKO Clause: OHKO moves are banned
|rule|Evasion Items Clause: Evasion items are banned
|rule|Evasion Moves Clause: Evasion moves are banned
|rule|Evasion Abilities Clause: Evasion abilities are banned
|rule|Sleep Moves Clause: Sleep-inducing moves are banned
|clearpoke
|poke|p1|Cetitan, M|
|poke|p1|Ninetales-Alola, M|
|poke|p1|Hariyama, F|
|poke|p1|Dragapult, F|
|poke|p1|Breloom, M|
|poke|p1|Heatran, M|
|poke|p2|Gholdengo|
|poke|p2|Iron Treads|
|poke|p2|Moltres|
|poke|p2|Zamazenta-*|
|poke|p2|Samurott-Hisui, F|
|poke|p2|Garganacl, M|
|teampreview
|
|t:|1779937386
|teamsize|p1|6
|teamsize|p2|6
|start
|switch|p1a: Heatran|Heatran, M|100/100
|switch|p2a: Pidgie|Garganacl, M|100/100
|turn|1
|
|t:|1779937395
|move|p1a: Heatran|Earth Power|p2a: Pidgie
|-supereffective|p2a: Pidgie
|-damage|p2a: Pidgie|69/100
|move|p2a: Pidgie|Salt Cure|p1a: Heatran
|-damage|p1a: Heatran|90/100
|-start|p1a: Heatran|Salt Cure
|
|-heal|p1a: Heatran|96/100|[from] item: Leftovers
|-heal|p2a: Pidgie|75/100|[from] item: Leftovers
|-damage|p1a: Heatran|71/100|[from] Salt Cure
|upkeep
|turn|2
|
|t:|1779937405
|switch|p1a: Ninetales|Ninetales-Alola, M|100/100
|-weather|Snowscape|[from] ability: Snow Warning|[of] p1a: Ninetales
|-terastallize|p2a: Pidgie|Water
|move|p2a: Pidgie|Recover|p2a: Pidgie
|-heal|p2a: Pidgie|100/100
|
|-weather|Snowscape|[upkeep]
|upkeep
|turn|3
|
|t:|1779937417
|move|p1a: Ninetales|Freeze-Dry|p2a: Pidgie
|-supereffective|p2a: Pidgie
|-damage|p2a: Pidgie|75/100
|move|p2a: Pidgie|Salt Cure|p1a: Ninetales
|-supereffective|p1a: Ninetales
|-damage|p1a: Ninetales|76/100
|-start|p1a: Ninetales|Salt Cure
|
|-weather|Snowscape|[upkeep]
|-heal|p2a: Pidgie|81/100|[from] item: Leftovers
|-damage|p1a: Ninetales|64/100|[from] Salt Cure
|upkeep
|turn|4
|
|t:|1779937427
|switch|p2a: Iron Bondle|Moltres, shiny|100/100
|move|p1a: Ninetales|Aurora Veil|p1a: Ninetales
|-sidestart|p1: sharkerthantheteal|move: Aurora Veil
|
|-weather|Snowscape|[upkeep]
|-damage|p1a: Ninetales|51/100|[from] Salt Cure
|upkeep
|turn|5
|
|t:|1779937436
|switch|p1a: Heatran|Heatran, M|71/100
|move|p2a: Iron Bondle|Flamethrower|p1a: Heatran
|-start|p1a: Heatran|ability: Flash Fire
|
|-weather|Snowscape|[upkeep]
|-heal|p1a: Heatran|77/100|[from] item: Leftovers
|upkeep
|turn|6
|
|t:|1779937444
|switch|p2a: Pidgie|Garganacl, M, tera:Water|81/100
|move|p1a: Heatran|Magma Storm|p2a: Pidgie
|-resisted|p2a: Pidgie
|-damage|p2a: Pidgie|59/100
|-activate|p2a: Pidgie|move: Magma Storm|[of] p1a: Heatran
|
|-weather|none
|-heal|p1a: Heatran|83/100|[from] item: Leftovers
|-heal|p2a: Pidgie|65/100|[from] item: Leftovers
|-damage|p2a: Pidgie|53/100|[from] move: Magma Storm|[partiallytrapped]
|upkeep
|turn|7
|
|t:|1779937454
|-terastallize|p1a: Heatran|Grass
|move|p1a: Heatran|Taunt|p2a: Pidgie
|-start|p2a: Pidgie|move: Taunt
|cant|p2a: Pidgie|move: Taunt|Recover
|
|-heal|p1a: Heatran|90/100|[from] item: Leftovers
|-heal|p2a: Pidgie|59/100|[from] item: Leftovers
|-damage|p2a: Pidgie|47/100|[from] move: Magma Storm|[partiallytrapped]
|upkeep
|turn|8
|
|t:|1779937469
|move|p1a: Heatran|Protect|p1a: Heatran
|-singleturn|p1a: Heatran|Protect
|move|p2a: Pidgie|Salt Cure|p1a: Heatran
|-activate|p1a: Heatran|move: Protect
|
|-heal|p1a: Heatran|96/100|[from] item: Leftovers
|-heal|p2a: Pidgie|53/100|[from] item: Leftovers
|-damage|p2a: Pidgie|40/100|[from] move: Magma Storm|[partiallytrapped]
|upkeep
|turn|9
|
|t:|1779937494
|move|p1a: Heatran|Magma Storm|p2a: Pidgie
|-resisted|p2a: Pidgie
|-damage|p2a: Pidgie|20/100
|move|p2a: Pidgie|Ice Punch|p1a: Heatran
|-supereffective|p1a: Heatran
|-damage|p1a: Heatran|81/100
|
|-heal|p1a: Heatran|87/100|[from] item: Leftovers
|-heal|p2a: Pidgie|26/100|[from] item: Leftovers
|-damage|p2a: Pidgie|14/100|[from] move: Magma Storm|[partiallytrapped]
|-end|p2a: Pidgie|move: Taunt
|upkeep
|turn|10
|
|t:|1779937504
|move|p1a: Heatran|Magma Storm|p2a: Pidgie
|-resisted|p2a: Pidgie
|-damage|p2a: Pidgie|0 fnt
|faint|p2a: Pidgie
|
|-heal|p1a: Heatran|93/100|[from] item: Leftovers
|upkeep
|
|t:|1779937509
|switch|p2a: Pickachu|Gholdengo|100/100
|-item|p2a: Pickachu|Air Balloon
|turn|11
|
|t:|1779937514
|move|p2a: Pickachu|Make It Rain|p1a: Heatran
|-damage|p1a: Heatran|73/100
|-unboost|p2a: Pickachu|spa|1
|move|p1a: Heatran|Magma Storm|p2a: Pickachu
|-supereffective|p2a: Pickachu
|-damage|p2a: Pickachu|0 fnt
|-enditem|p2a: Pickachu|Air Balloon
|faint|p2a: Pickachu
|
|-heal|p1a: Heatran|79/100|[from] item: Leftovers
|-sideend|p1: sharkerthantheteal|move: Aurora Veil
|upkeep
|
|t:|1779937520
|switch|p2a: Trampa|Samurott-Hisui, F, shiny|100/100
|turn|12
|
|t:|1779937527
|move|p2a: Trampa|Sacred Sword|p1a: Heatran
|-damage|p1a: Heatran|44/100
|move|p1a: Heatran|Magma Storm|p2a: Trampa|[miss]
|-miss|p1a: Heatran|p2a: Trampa
|
|-heal|p1a: Heatran|50/100|[from] item: Leftovers
|upkeep
|turn|13
|
|t:|1779937534
|move|p1a: Heatran|Protect|p1a: Heatran
|-singleturn|p1a: Heatran|Protect
|move|p2a: Trampa|Sacred Sword|p1a: Heatran
|-activate|p1a: Heatran|move: Protect
|
|-heal|p1a: Heatran|57/100|[from] item: Leftovers
|upkeep
|turn|14
|
|t:|1779937544
|move|p2a: Trampa|Sacred Sword|p1a: Heatran
|-damage|p1a: Heatran|19/100
|move|p1a: Heatran|Magma Storm|p2a: Trampa
|-resisted|p2a: Trampa
|-damage|p2a: Trampa|51/100
|-activate|p2a: Trampa|move: Magma Storm|[of] p1a: Heatran
|
|-heal|p1a: Heatran|26/100|[from] item: Leftovers
|-damage|p2a: Trampa|39/100|[from] move: Magma Storm|[partiallytrapped]
|upkeep
|turn|15
|
|t:|1779937553
|move|p1a: Heatran|Protect|p1a: Heatran
|-singleturn|p1a: Heatran|Protect
|move|p2a: Trampa|Sacred Sword|p1a: Heatran
|-activate|p1a: Heatran|move: Protect
|
|-heal|p1a: Heatran|32/100|[from] item: Leftovers
|-damage|p2a: Trampa|26/100|[from] move: Magma Storm|[partiallytrapped]
|upkeep
|turn|16
|
|t:|1779937565
|-end|p1a: Heatran|ability: Flash Fire|[silent]
|switch|p1a: Dragapult|Dragapult, F|100/100
|move|p2a: Trampa|Sacred Sword|p1a: Dragapult
|-immune|p1a: Dragapult
|
|-end|p2a: Trampa|Magma Storm|[partiallytrapped]|[silent]
|upkeep
|turn|17
|
|t:|1779937572
|switch|p2a: Celebie|Zamazenta, shiny|100/100
|-ability|p2a: Celebie|Dauntless Shield|boost
|-boost|p2a: Celebie|def|1
|move|p1a: Dragapult|U-turn|p2a: Celebie
|-resisted|p2a: Celebie
|-damage|p2a: Celebie|95/100
|
|t:|1779937579
|switch|p1a: Ninetales|Ninetales-Alola, M|51/100|[from] U-turn
|-weather|Snowscape|[from] ability: Snow Warning|[of] p1a: Ninetales
|
|-weather|Snowscape|[upkeep]
|upkeep
|turn|18
|
|t:|1779937584
|move|p2a: Celebie|Stone Edge|p1a: Ninetales
|-supereffective|p1a: Ninetales
|-damage|p1a: Ninetales|0 fnt
|faint|p1a: Ninetales
|
|-weather|Snowscape|[upkeep]
|upkeep
|
|t:|1779937597
|switch|p1a: Cetitan|Cetitan, M|100/100
|turn|19
|
|t:|1779937605
|move|p1a: Cetitan|Belly Drum|p1a: Cetitan
|-damage|p1a: Cetitan|50/100
|-setboost|p1a: Cetitan|atk|6|[from] move: Belly Drum
|-enditem|p1a: Cetitan|Sitrus Berry|[eat]
|-heal|p1a: Cetitan|75/100|[from] item: Sitrus Berry
|move|p2a: Celebie|Close Combat|p1a: Cetitan
|-supereffective|p1a: Cetitan
|-damage|p1a: Cetitan|0 fnt
|-unboost|p2a: Celebie|def|1
|-unboost|p2a: Celebie|spd|1
|faint|p1a: Cetitan
|
|-weather|Snowscape|[upkeep]
|upkeep
|
|t:|1779937621
|switch|p1a: Breloom|Breloom, M|100/100
|turn|20
|
|t:|1779937632
|switch|p2a: Iron Bondle|Moltres, shiny|100/100
|switch|p1a: Dragapult|Dragapult, F|100/100
|
|-weather|Snowscape|[upkeep]
|upkeep
|turn|21
|
|t:|1779937642
|move|p1a: Dragapult|Shadow Ball|p2a: Iron Bondle
|-damage|p2a: Iron Bondle|49/100
|move|p2a: Iron Bondle|Roar|p1a: Dragapult
|drag|p1a: Hariyama|Hariyama, F|100/100
|
|-weather|none
|-status|p1a: Hariyama|brn|[from] item: Flame Orb
|upkeep
|turn|22
|
|t:|1779937650
|move|p2a: Iron Bondle|Roost|p2a: Iron Bondle
|-heal|p2a: Iron Bondle|99/100
|-singleturn|p2a: Iron Bondle|move: Roost
|move|p1a: Hariyama|Facade|p2a: Iron Bondle
|-damage|p2a: Iron Bondle|52/100
|
|-damage|p1a: Hariyama|94/100 brn|[from] brn
|upkeep
|turn|23
|
|t:|1779937660
|switch|p1a: Dragapult|Dragapult, F|100/100
|move|p2a: Iron Bondle|U-turn|p1a: Dragapult
|-resisted|p1a: Dragapult
|-damage|p1a: Dragapult|91/100
|
|t:|1779937667
|switch|p2a: Celebie|Zamazenta, shiny|95/100|[from] U-turn
|
|upkeep
|turn|24
|
|t:|1779937678
|move|p1a: Dragapult|U-turn|p2a: Celebie
|-resisted|p2a: Celebie
|-damage|p2a: Celebie|87/100
|
|t:|1779937684
|switch|p1a: Heatran|Heatran, M, tera:Grass|32/100|[from] U-turn
|move|p2a: Celebie|Crunch|p1a: Heatran
|-crit|p1a: Heatran
|-damage|p1a: Heatran|0 fnt
|faint|p1a: Heatran
|
|upkeep
|
|t:|1779937691
|switch|p1a: Hariyama|Hariyama, F|94/100 brn
|turn|25
|
|t:|1779937697
|switch|p2a: Iron Bondle|Moltres, shiny|52/100
|move|p1a: Hariyama|Facade|p2a: Iron Bondle
|-damage|p2a: Iron Bondle|2/100
|
|-damage|p1a: Hariyama|88/100 brn|[from] brn
|upkeep
|turn|26
|
|t:|1779937704
|move|p1a: Hariyama|Bullet Punch|p2a: Iron Bondle
|-resisted|p2a: Iron Bondle
|-damage|p2a: Iron Bondle|0 fnt
|faint|p2a: Iron Bondle
|
|-damage|p1a: Hariyama|82/100 brn|[from] brn
|upkeep
|
|t:|1779937708
|switch|p2a: Trampa|Samurott-Hisui, F, shiny|26/100
|turn|27
|
|t:|1779937713
|move|p2a: Trampa|Sacred Sword|p1a: Hariyama
|-crit|p1a: Hariyama
|-damage|p1a: Hariyama|13/100 brn
|move|p1a: Hariyama|Drain Punch|p2a: Trampa
|-supereffective|p2a: Trampa
|-damage|p2a: Trampa|0 fnt
|-heal|p1a: Hariyama|21/100 brn|[from] drain|[of] p2a: Trampa
|faint|p2a: Trampa
|
|-damage|p1a: Hariyama|15/100 brn|[from] brn
|upkeep
|
|t:|1779937717
|switch|p2a: Oshawot|Iron Treads|100/100
|turn|28
|
|t:|1779937730
|move|p1a: Hariyama|Bullet Punch|p2a: Oshawot
|-resisted|p2a: Oshawot
|-damage|p2a: Oshawot|91/100
|move|p2a: Oshawot|Earthquake|p1a: Hariyama
|-damage|p1a: Hariyama|0 fnt
|faint|p1a: Hariyama
|
|upkeep
|
|t:|1779937743
|switch|p1a: Breloom|Breloom, M|100/100
|turn|29
|
|t:|1779937747
|-end|p2a: Oshawot|Quark Drive|[silent]
|switch|p2a: Celebie|Zamazenta, shiny|87/100
|move|p1a: Breloom|Bulldoze|p2a: Celebie
|-damage|p2a: Celebie|59/100
|-unboost|p2a: Celebie|spe|1
|
|upkeep
|turn|30
|
|t:|1779937755
|move|p2a: Celebie|Ice Fang|p1a: Breloom
|-supereffective|p1a: Breloom
|-damage|p1a: Breloom|20/100
|-status|p1a: Breloom|frz
|cant|p1a: Breloom|frz
|
|upkeep
|turn|31
|c|☆sharkerthantheteal|gg lol
|c|☆RinRinOwO|ggs
|l|☆sharkerthantheteal
|player|p1|
|j|☆sharkerthantheteal
|player|p1|sharkerthantheteal|nessa-masters|
|
|t:|1779937775
|move|p2a: Celebie|Ice Fang|p1a: Breloom
|-supereffective|p1a: Breloom
|-damage|p1a: Breloom|0 fnt
|faint|p1a: Breloom
|
|upkeep
|
|t:|1779937780
|switch|p1a: Dragapult|Dragapult, F|91/100
|turn|32
|
|t:|1779937784
|move|p1a: Dragapult|Shadow Ball|p2a: Celebie
|-damage|p2a: Celebie|9/100
|move|p2a: Celebie|Crunch|p1a: Dragapult
|-supereffective|p1a: Dragapult
|-damage|p1a: Dragapult|8/100
|
|upkeep
|turn|33
|
|t:|1779937791
|move|p1a: Dragapult|Shadow Ball|p2a: Celebie
|-damage|p2a: Celebie|0 fnt
|faint|p2a: Celebie
|
|upkeep
|
|t:|1779937793
|switch|p2a: Oshawot|Iron Treads|91/100
|turn|34
|c|☆sharkerthantheteal|so close
|c|☆sharkerthantheteal|i wont be getting crit
|
|t:|1779937807
|move|p1a: Dragapult|Shadow Ball|p2a: Oshawot
|-damage|p2a: Oshawot|27/100
|move|p2a: Oshawot|Knock Off|p1a: Dragapult
|-supereffective|p1a: Dragapult
|-damage|p1a: Dragapult|0 fnt
|-enditem|p1a: Dragapult|Choice Specs|[from] move: Knock Off|[of] p2a: Oshawot
|faint|p1a: Dragapult
|
|win|RinRinOwO
|raw|sharkerthantheteal's rating: 1116 &rarr; <strong>1087</strong><br />(-29 for losing)
|raw|RinRinOwO's rating: 1067 &rarr; <strong>1101</strong><br />(+34 for winning)
