|j|☆RedemptiveSketch
|j|☆Igoodnamename
|t:|1779800898
|gametype|singles
|player|p1|RedemptiveSketch|boarder-gen2|1665
|player|p2|Igoodnamename|aaron|1621
|gen|9
|tier|[Gen 9] OU
|rated|
|rule|HP Percentage Mod: HP is shown in percentages
|rule|Endless Battle Clause: Forcing endless battles is banned
|rule|Species Clause: Limit one of each Pokémon
|rule|OHKO Clause: OHKO moves are banned
|rule|Evasion Items Clause: Evasion items are banned
|rule|Evasion Moves Clause: Evasion moves are banned
|rule|Evasion Abilities Clause: Evasion abilities are banned
|rule|Sleep Moves Clause: Sleep-inducing moves are banned
|clearpoke
|poke|p1|Raging Bolt|
|poke|p1|Samurott-Hisui, F|
|poke|p1|Gholdengo|
|poke|p1|Great Tusk|
|poke|p1|Moltres|
|poke|p1|Ogerpon, F|
|poke|p2|Pecharunt|
|poke|p2|Slowking, F|
|poke|p2|Iron Treads|
|poke|p2|Zamazenta-*|
|poke|p2|Umbreon, M|
|poke|p2|Ogerpon, F|
|teampreview
|inactive|Battle timer is ON: inactive players will automatically lose when time's up. (requested by RedemptiveSketch)
|
|t:|1779800920
|teamsize|p1|6
|teamsize|p2|6
|start
|switch|p1a: Samurott|Samurott-Hisui, F|100/100
|switch|p2a: Ogerpon|Ogerpon, F|100/100
|turn|1
|
|t:|1779800929
|switch|p1a: Raging Bolt|Raging Bolt|100/100
|move|p2a: Ogerpon|Knock Off|p1a: Raging Bolt
|-damage|p1a: Raging Bolt|67/100
|-enditem|p1a: Raging Bolt|Leftovers|[from] move: Knock Off|[of] p2a: Ogerpon
|
|upkeep
|turn|2
|
|t:|1779800949
|switch|p2a: Iron Treads|Iron Treads|100/100
|-end|p1a: Raging Bolt|Protosynthesis|[silent]
|switch|p1a: Samurott|Samurott-Hisui, F|100/100
|
|upkeep
|turn|3
|
|t:|1779800965
|move|p2a: Iron Treads|Stealth Rock|p1a: Samurott
|-sidestart|p1: RedemptiveSketch|move: Stealth Rock
|move|p1a: Samurott|Ceaseless Edge|p2a: Iron Treads
|-damage|p2a: Iron Treads|71/100
|-sidestart|p2: Igoodnamename|Spikes
|
|-heal|p2a: Iron Treads|77/100|[from] item: Leftovers
|upkeep
|turn|4
|
|t:|1779800972
|move|p2a: Iron Treads|Rapid Spin|p1a: Samurott
|-damage|p1a: Samurott|84/100
|-boost|p2a: Iron Treads|spe|1
|-sideend|p2: Igoodnamename|Spikes|[from] move: Rapid Spin|[of] p2a: Iron Treads
|move|p1a: Samurott|Ceaseless Edge|p2a: Iron Treads
|-damage|p2a: Iron Treads|47/100
|-sidestart|p2: Igoodnamename|Spikes
|
|-heal|p2a: Iron Treads|53/100|[from] item: Leftovers
|upkeep
|turn|5
|
|t:|1779800979
|move|p2a: Iron Treads|Earthquake|p1a: Samurott
|-damage|p1a: Samurott|40/100
|move|p1a: Samurott|Ceaseless Edge|p2a: Iron Treads|[miss]
|-miss|p1a: Samurott|p2a: Iron Treads
|
|-heal|p2a: Iron Treads|59/100|[from] item: Leftovers
|upkeep
|turn|6
|
|t:|1779800985
|move|p2a: Iron Treads|Earthquake|p1a: Samurott
|-damage|p1a: Samurott|0 fnt
|faint|p1a: Samurott
|
|-heal|p2a: Iron Treads|65/100|[from] item: Leftovers
|upkeep
|
|t:|1779800988
|switch|p1a: Great Tusk|Great Tusk|100/100
|turn|7
|
|t:|1779800992
|-end|p2a: Iron Treads|Quark Drive|[silent]
|switch|p2a: Pecharunt|Pecharunt|100/100
|-item|p2a: Pecharunt|Air Balloon
|move|p1a: Great Tusk|Rapid Spin|p2a: Pecharunt
|-immune|p2a: Pecharunt
|
|upkeep
|turn|8
|
|t:|1779800997
|move|p2a: Pecharunt|Shadow Ball|p1a: Great Tusk
|-damage|p1a: Great Tusk|53/100
|move|p1a: Great Tusk|Ice Spinner|p2a: Pecharunt
|-damage|p2a: Pecharunt|80/100
|-enditem|p2a: Pecharunt|Air Balloon
|
|upkeep
|turn|9
|
|t:|1779801007
|move|p2a: Pecharunt|Shadow Ball|p1a: Great Tusk
|-damage|p1a: Great Tusk|7/100
|move|p1a: Great Tusk|Headlong Rush|p2a: Pecharunt
|-supereffective|p2a: Pecharunt
|-damage|p2a: Pecharunt|0 fnt
|-unboost|p1a: Great Tusk|def|1
|-unboost|p1a: Great Tusk|spd|1
|faint|p2a: Pecharunt
|
|upkeep
|
|t:|1779801010
|switch|p2a: Ogerpon|Ogerpon, F|100/100
|-damage|p2a: Ogerpon|88/100|[from] Spikes
|turn|10
|
|t:|1779801016
|move|p2a: Ogerpon|U-turn|p1a: Great Tusk
|-resisted|p1a: Great Tusk
|-damage|p1a: Great Tusk|0 fnt
|faint|p1a: Great Tusk
|-end|p1a: Great Tusk|Protosynthesis|[silent]
|
|t:|1779801022
|switch|p2a: Iron Treads|Iron Treads|65/100|[from] U-turn
|-damage|p2a: Iron Treads|53/100|[from] Spikes
|
|-heal|p2a: Iron Treads|59/100|[from] item: Leftovers
|upkeep
|
|t:|1779801030
|switch|p1a: Ogerpon|Ogerpon, F|100/100
|turn|11
|
|t:|1779801043
|move|p1a: Ogerpon|Swords Dance|p1a: Ogerpon
|-boost|p1a: Ogerpon|atk|2
|move|p2a: Iron Treads|Rapid Spin|p1a: Ogerpon
|-damage|p1a: Ogerpon|81/100
|-boost|p2a: Iron Treads|spe|1
|-sideend|p2: Igoodnamename|Spikes|[from] move: Rapid Spin|[of] p2a: Iron Treads
|
|-heal|p2a: Iron Treads|65/100|[from] item: Leftovers
|upkeep
|turn|12
|
|t:|1779801046
|-terastallize|p1a: Ogerpon|Grass
|detailschange|p1a: Ogerpon|Ogerpon-Teal-Tera, F, tera:Grass
|-ability|p1a: Ogerpon|Embody Aspect (Teal)|boost
|-boost|p1a: Ogerpon|spe|1
|move|p1a: Ogerpon|Ivy Cudgel|p2a: Iron Treads
|-damage|p2a: Iron Treads|0 fnt
|faint|p2a: Iron Treads
|-end|p2a: Iron Treads|Quark Drive|[silent]
|
|upkeep
|
|t:|1779801052
|switch|p2a: Umbreon|Umbreon, M|100/100
|turn|13
|
|t:|1779801062
|switch|p1a: Raging Bolt|Raging Bolt|67/100
|-damage|p1a: Raging Bolt|54/100|[from] Stealth Rock
|move|p2a: Umbreon|Foul Play|p1a: Raging Bolt
|-damage|p1a: Raging Bolt|39/100
|
|upkeep
|turn|14
|j| invmenot
|
|t:|1779801067
|switch|p2a: Ogerpon|Ogerpon, F|88/100
|move|p1a: Raging Bolt|Calm Mind|p1a: Raging Bolt
|-boost|p1a: Raging Bolt|spa|1
|-boost|p1a: Raging Bolt|spd|1
|
|upkeep
|turn|15
|l| invmenot
|
|t:|1779801075
|-terastallize|p2a: Ogerpon|Grass
|detailschange|p2a: Ogerpon|Ogerpon-Teal-Tera, F, tera:Grass
|-ability|p2a: Ogerpon|Embody Aspect (Teal)|boost
|-boost|p2a: Ogerpon|spe|1
|move|p2a: Ogerpon|Ivy Cudgel|p1a: Raging Bolt
|-resisted|p1a: Raging Bolt
|-damage|p1a: Raging Bolt|7/100
|move|p1a: Raging Bolt|Dragon Pulse|p2a: Ogerpon
|-damage|p2a: Ogerpon|12/100
|
|upkeep
|turn|16
|
|t:|1779801087
|move|p2a: Ogerpon|Ivy Cudgel|p1a: Raging Bolt
|-resisted|p1a: Raging Bolt
|-crit|p1a: Raging Bolt
|-damage|p1a: Raging Bolt|0 fnt
|faint|p1a: Raging Bolt
|-end|p1a: Raging Bolt|Protosynthesis|[silent]
|
|upkeep
|
|t:|1779801091
|switch|p1a: Ogerpon|Ogerpon-Teal-Tera, F, tera:Grass|81/100
|-ability|p1a: Ogerpon|Embody Aspect (Teal)|boost
|-boost|p1a: Ogerpon|spe|1
|turn|17
|
|t:|1779801095
|move|p1a: Ogerpon|Ivy Cudgel|p2a: Ogerpon
|-resisted|p2a: Ogerpon
|-damage|p2a: Ogerpon|0 fnt
|faint|p2a: Ogerpon
|detailschange|p2: Ogerpon|Ogerpon, F|[silent]
|
|upkeep
|
|t:|1779801098
|switch|p2a: Umbreon|Umbreon, M|100/100
|turn|18
|
|t:|1779801101
|switch|p1a: Gholdengo|Gholdengo|100/100
|-damage|p1a: Gholdengo|94/100|[from] Stealth Rock
|move|p2a: Umbreon|Toxic|p1a: Gholdengo
|-immune|p1a: Gholdengo|[from] ability: Good as Gold
|
|upkeep
|turn|19
|
|t:|1779801106
|move|p1a: Gholdengo|Trick|p2a: Umbreon
|-activate|p1a: Gholdengo|move: Trick|[of] p2a: Umbreon
|-item|p2a: Umbreon|Choice Scarf|[from] move: Trick
|-item|p1a: Gholdengo|Leftovers|[from] move: Trick
|move|p2a: Umbreon|Foul Play|p1a: Gholdengo
|-supereffective|p1a: Gholdengo
|-damage|p1a: Gholdengo|62/100
|
|-heal|p1a: Gholdengo|68/100|[from] item: Leftovers
|upkeep
|turn|20
|
|t:|1779801124
|switch|p2a: Slowking|Slowking, F|100/100
|move|p1a: Gholdengo|Recover|p1a: Gholdengo
|-heal|p1a: Gholdengo|100/100
|
|upkeep
|turn|21
|
|t:|1779801129
|move|p1a: Gholdengo|Shadow Ball|p2a: Slowking
|-supereffective|p2a: Slowking
|-damage|p2a: Slowking|61/100
|-unboost|p2a: Slowking|spd|1
|move|p2a: Slowking|Flamethrower|p1a: Gholdengo
|-supereffective|p1a: Gholdengo
|-damage|p1a: Gholdengo|48/100
|
|-heal|p1a: Gholdengo|54/100|[from] item: Leftovers
|upkeep
|turn|22
|
|t:|1779801135
|switch|p2a: Zamazenta|Zamazenta|100/100
|-ability|p2a: Zamazenta|Dauntless Shield|boost
|-boost|p2a: Zamazenta|def|1
|move|p1a: Gholdengo|Shadow Ball|p2a: Zamazenta
|-damage|p2a: Zamazenta|59/100
|
|-heal|p1a: Gholdengo|60/100|[from] item: Leftovers
|upkeep
|turn|23
|
|t:|1779801145
|switch|p2a: Slowking|Slowking, F|94/100
|switch|p1a: Moltres|Moltres|100/100
|
|upkeep
|turn|24
|
|t:|1779801165
|move|p1a: Moltres|U-turn|p2a: Slowking
|-supereffective|p2a: Slowking
|-damage|p2a: Slowking|66/100
|j| MiniLarry
|
|t:|1779801167
|switch|p1a: Gholdengo|Gholdengo|60/100|[from] U-turn
|-damage|p1a: Gholdengo|54/100|[from] Stealth Rock
|move|p2a: Slowking|Scald|p1a: Gholdengo
|-damage|p1a: Gholdengo|20/100
|
|-heal|p1a: Gholdengo|26/100|[from] item: Leftovers
|upkeep
|turn|25
|
|t:|1779801173
|move|p1a: Gholdengo|Shadow Ball|p2a: Slowking
|-supereffective|p2a: Slowking
|-damage|p2a: Slowking|27/100
|move|p2a: Slowking|Flamethrower|p1a: Gholdengo
|-supereffective|p1a: Gholdengo
|-damage|p1a: Gholdengo|0 fnt
|faint|p1a: Gholdengo
|
|upkeep
|
|t:|1779801175
|switch|p1a: Ogerpon|Ogerpon-Teal-Tera, F, tera:Grass|81/100
|-ability|p1a: Ogerpon|Embody Aspect (Teal)|boost
|-boost|p1a: Ogerpon|spe|1
|turn|26
|
|t:|1779801178
|move|p1a: Ogerpon|Ivy Cudgel|p2a: Slowking
|-supereffective|p2a: Slowking
|-damage|p2a: Slowking|0 fnt
|faint|p2a: Slowking
|
|upkeep
|j| TestAccountNo.123
|
|t:|1779801181
|switch|p2a: Umbreon|Umbreon, M|100/100
|turn|27
|
|t:|1779801186
|switch|p1a: Moltres|Moltres|100/100
|move|p2a: Umbreon|Toxic|p1a: Moltres
|-status|p1a: Moltres|tox
|
|-damage|p1a: Moltres|94/100 tox|[from] psn
|upkeep
|turn|28
|
|t:|1779801191
|move|p2a: Umbreon|Toxic|p1a: Moltres
|-fail|p1a: Moltres|tox
|move|p1a: Moltres|Flamethrower|p2a: Umbreon
|-damage|p2a: Umbreon|74/100
|
|-damage|p1a: Moltres|82/100 tox|[from] psn
|upkeep
|turn|29
|
|t:|1779801196
|switch|p2a: Zamazenta|Zamazenta|59/100
|move|p1a: Moltres|Flamethrower|p2a: Zamazenta
|-damage|p2a: Zamazenta|25/100
|
|-damage|p1a: Moltres|64/100 tox|[from] psn
|upkeep
|turn|30
|
|t:|1779801205
|switch|p1a: Ogerpon|Ogerpon-Teal-Tera, F, tera:Grass|81/100
|-ability|p1a: Ogerpon|Embody Aspect (Teal)|boost
|-boost|p1a: Ogerpon|spe|1
|move|p2a: Zamazenta|Close Combat|p1a: Ogerpon
|-damage|p1a: Ogerpon|0 fnt
|-unboost|p2a: Zamazenta|def|1
|-unboost|p2a: Zamazenta|spd|1
|faint|p1a: Ogerpon
|detailschange|p1: Ogerpon|Ogerpon, F|[silent]
|
|upkeep
|-message|RedemptiveSketch forfeited.
|
|win|Igoodnamename
|raw|RedemptiveSketch's rating: 1665 &rarr; <strong>1642</strong><br />(-23 for losing)
|raw|Igoodnamename's rating: 1621 &rarr; <strong>1644</strong><br />(+23 for winning)
|l|☆RedemptiveSketch
|player|p1|
|l|☆Igoodnamename
|player|p2|
|l| MiniLarry
