|j|‽ayerbe
|j|☆Mky27
|t:|1779819973
|gametype|singles
|player|p1|ayerbe|blackbelt-gen4dp|1453
|player|p2|Mky27|ltsurge|1497
|gen|9
|tier|[Gen 9] OU
|rated|
|rule|HP Percentage Mod: HP is shown in percentages
|rule|Endless Battle Clause: Forcing endless battles is banned
|rule|Species Clause: Limit one of each Pokémon
|rule|OHKO Clause: OHKO moves are banned
|rule|Evasion Items Clause: Evasion items are banned
|rule|Evasion Moves Clause: Evasion moves are banned
|rule|Evasion Abilities Clause: Evasion abilities are banned
|rule|Sleep Moves Clause: Sleep-inducing moves are banned
|clearpoke
|poke|p1|Great Tusk|
|poke|p1|Scizor, M|
|poke|p1|Garganacl, M|
|poke|p1|Ting-Lu|
|poke|p1|Raging Bolt|
|poke|p1|Gholdengo|
|poke|p2|Comfey, F|
|poke|p2|Walking Wake|
|poke|p2|Great Tusk|
|poke|p2|Torkoal, F|
|poke|p2|Arboliva, M|
|poke|p2|Ogerpon-Cornerstone, F|
|teampreview
|inactive|Battle timer is ON: inactive players will automatically lose when time's up. (requested by ayerbe)
|inactive|Mky27 also wants the timer to be on.
|
|t:|1779819998
|teamsize|p1|6
|teamsize|p2|6
|start
|switch|p1a: Garganacl|Garganacl, M|100/100
|switch|p2a: Ogerpon|Ogerpon-Cornerstone, F|100/100
|turn|1
|
|t:|1779820008
|switch|p1a: Gholdengo|Gholdengo|100/100
|move|p2a: Ogerpon|Swords Dance|p2a: Ogerpon
|-boost|p2a: Ogerpon|atk|2
|
|upkeep
|turn|2
|
|t:|1779820016
|move|p1a: Gholdengo|Make It Rain|p2a: Ogerpon
|-supereffective|p2a: Ogerpon
|-ability|p2a: Ogerpon|Sturdy
|-damage|p2a: Ogerpon|1/100
|-unboost|p1a: Gholdengo|spa|1
|move|p2a: Ogerpon|Ivy Cudgel|p1a: Gholdengo|[anim] Ivy Cudgel Rock
|-resisted|p1a: Gholdengo
|-damage|p1a: Gholdengo|36/100
|
|upkeep
|turn|3
|
|t:|1779820028
|switch|p2a: Walking Wake|Walking Wake|100/100
|move|p1a: Gholdengo|Make It Rain|p2a: Walking Wake
|-resisted|p2a: Walking Wake
|-damage|p2a: Walking Wake|76/100
|-unboost|p1a: Gholdengo|spa|1
|
|upkeep
|turn|4
|
|t:|1779820037
|switch|p1a: Ting-Lu|Ting-Lu|100/100
|-ability|p1a: Ting-Lu|Vessel of Ruin
|move|p2a: Walking Wake|Flip Turn|p1a: Ting-Lu
|-supereffective|p1a: Ting-Lu
|-damage|p1a: Ting-Lu|80/100
|
|t:|1779820045
|-end|p2a: Walking Wake|Protosynthesis|[silent]
|switch|p2a: Ogerpon|Ogerpon-Cornerstone, F|1/100|[from] Flip Turn
|
|-heal|p1a: Ting-Lu|86/100|[from] item: Leftovers
|upkeep
|turn|5
|
|t:|1779820052
|move|p2a: Ogerpon|Horn Leech|p1a: Ting-Lu
|-supereffective|p1a: Ting-Lu
|-damage|p1a: Ting-Lu|42/100
|-heal|p2a: Ogerpon|39/100|[from] drain|[of] p1a: Ting-Lu
|move|p1a: Ting-Lu|Stealth Rock|p2a: Ogerpon
|-sidestart|p2: Mky27|move: Stealth Rock
|
|-heal|p1a: Ting-Lu|48/100|[from] item: Leftovers
|upkeep
|turn|6
|
|t:|1779820062
|switch|p1a: Scizor|Scizor, M|100/100
|move|p2a: Ogerpon|Synthesis|p2a: Ogerpon
|-heal|p2a: Ogerpon|89/100
|
|upkeep
|turn|7
|
|t:|1779820074
|switch|p2a: Great Tusk|Great Tusk, shiny|100/100
|-damage|p2a: Great Tusk|97/100|[from] Stealth Rock
|move|p1a: Scizor|Bullet Punch|p2a: Great Tusk
|-damage|p2a: Great Tusk|74/100
|
|-heal|p2a: Great Tusk|81/100|[from] item: Leftovers
|upkeep
|turn|8
|
|t:|1779820093
|switch|p1a: Gholdengo|Gholdengo|36/100
|move|p2a: Great Tusk|Rapid Spin|p1a: Gholdengo
|-immune|p1a: Gholdengo
|
|-heal|p2a: Great Tusk|87/100|[from] item: Leftovers
|upkeep
|turn|9
|
|t:|1779820102
|-end|p2a: Great Tusk|Protosynthesis|[silent]
|switch|p2a: Arboliva|Arboliva, M|100/100
|-damage|p2a: Arboliva|88/100|[from] Stealth Rock
|move|p1a: Gholdengo|Make It Rain|p2a: Arboliva
|-damage|p2a: Arboliva|31/100
|-unboost|p1a: Gholdengo|spa|1
|
|upkeep
|turn|10
|
|t:|1779820115
|move|p2a: Arboliva|Endure|p2a: Arboliva
|-singleturn|p2a: Arboliva|move: Endure
|move|p1a: Gholdengo|Make It Rain|p2a: Arboliva
|-crit|p2a: Arboliva
|-activate|p2a: Arboliva|move: Endure
|-damage|p2a: Arboliva|1/100
|-unboost|p1a: Gholdengo|spa|1
|
|upkeep
|turn|11
|-enditem|p2a: Arboliva|Custap Berry|[eat]
|-activate|p2a: Arboliva|item: Custap Berry|[consumed]
|
|t:|1779820125
|move|p2a: Arboliva|Earth Power|p1a: Gholdengo
|-supereffective|p1a: Gholdengo
|-damage|p1a: Gholdengo|0 fnt
|faint|p1a: Gholdengo
|
|upkeep
|
|t:|1779820131
|switch|p1a: Scizor|Scizor, M|100/100
|turn|12
|
|t:|1779820135
|move|p2a: Arboliva|Endure|p2a: Arboliva
|-singleturn|p2a: Arboliva|move: Endure
|move|p1a: Scizor|U-turn|p2a: Arboliva
|-supereffective|p2a: Arboliva
|-activate|p2a: Arboliva|move: Endure
|-damage|p2a: Arboliva|1/100
|
|t:|1779820143
|switch|p1a: Garganacl|Garganacl, M|100/100|[from] U-turn
|
|upkeep
|turn|13
|
|t:|1779820151
|switch|p2a: Great Tusk|Great Tusk, shiny|87/100
|-damage|p2a: Great Tusk|84/100|[from] Stealth Rock
|-terastallize|p1a: Garganacl|Ghost
|move|p1a: Garganacl|Salt Cure|p2a: Great Tusk
|-resisted|p2a: Great Tusk
|-damage|p2a: Great Tusk|82/100
|-start|p2a: Great Tusk|Salt Cure
|
|-heal|p2a: Great Tusk|88/100|[from] item: Leftovers
|-damage|p2a: Great Tusk|75/100|[from] Salt Cure
|upkeep
|turn|14
|
|t:|1779820165
|move|p2a: Great Tusk|Bulk Up|p2a: Great Tusk
|-boost|p2a: Great Tusk|atk|1
|-boost|p2a: Great Tusk|def|1
|move|p1a: Garganacl|Block|p2a: Great Tusk
|-activate|p2a: Great Tusk|trapped
|
|-heal|p2a: Great Tusk|82/100|[from] item: Leftovers
|-damage|p2a: Great Tusk|69/100|[from] Salt Cure
|upkeep
|turn|15
|
|t:|1779820175
|move|p2a: Great Tusk|Bulk Up|p2a: Great Tusk
|-boost|p2a: Great Tusk|atk|1
|-boost|p2a: Great Tusk|def|1
|move|p1a: Garganacl|Curse|p2a: Great Tusk
|-start|p2a: Great Tusk|Curse|[of] p1a: Garganacl
|-damage|p1a: Garganacl|50/100
|
|-heal|p2a: Great Tusk|75/100|[from] item: Leftovers
|-heal|p1a: Garganacl|57/100|[from] item: Leftovers
|-damage|p2a: Great Tusk|50/100|[from] Curse
|-damage|p2a: Great Tusk|38/100|[from] Salt Cure
|upkeep
|turn|16
|
|t:|1779820189
|move|p2a: Great Tusk|Headlong Rush|p1a: Garganacl
|-damage|p1a: Garganacl|8/100
|-unboost|p2a: Great Tusk|def|1
|-unboost|p2a: Great Tusk|spd|1
|move|p1a: Garganacl|Recover|p1a: Garganacl
|-heal|p1a: Garganacl|58/100
|
|-heal|p2a: Great Tusk|44/100|[from] item: Leftovers
|-heal|p1a: Garganacl|65/100|[from] item: Leftovers
|-damage|p2a: Great Tusk|19/100|[from] Curse
|-damage|p2a: Great Tusk|7/100|[from] Salt Cure
|upkeep
|turn|17
|
|t:|1779820201
|move|p2a: Great Tusk|Headlong Rush|p1a: Garganacl
|-damage|p1a: Garganacl|15/100
|-unboost|p2a: Great Tusk|def|1
|-unboost|p2a: Great Tusk|spd|1
|move|p1a: Garganacl|Recover|p1a: Garganacl
|-heal|p1a: Garganacl|65/100
|
|-heal|p2a: Great Tusk|13/100|[from] item: Leftovers
|-heal|p1a: Garganacl|71/100|[from] item: Leftovers
|-damage|p2a: Great Tusk|0 fnt|[from] Curse
|faint|p2a: Great Tusk
|-end|p2a: Great Tusk|Protosynthesis|[silent]
|upkeep
|
|t:|1779820214
|switch|p2a: Ogerpon|Ogerpon-Cornerstone, F|89/100
|-damage|p2a: Ogerpon|77/100|[from] Stealth Rock
|turn|18
|
|t:|1779820221
|switch|p1a: Scizor|Scizor, M|100/100
|move|p2a: Ogerpon|Swords Dance|p2a: Ogerpon
|-boost|p2a: Ogerpon|atk|2
|
|upkeep
|turn|19
|
|t:|1779820230
|move|p1a: Scizor|Bullet Punch|p2a: Ogerpon
|-supereffective|p2a: Ogerpon
|-damage|p2a: Ogerpon|0 fnt
|faint|p2a: Ogerpon
|
|upkeep
|
|t:|1779820238
|switch|p2a: Torkolita|Torkoal, F, shiny|100/100
|-damage|p2a: Torkolita|76/100|[from] Stealth Rock
|-weather|SunnyDay|[from] ability: Drought|[of] p2a: Torkolita
|turn|20
|
|t:|1779820246
|move|p1a: Scizor|U-turn|p2a: Torkolita
|-resisted|p2a: Torkolita
|-damage|p2a: Torkolita|64/100
|
|t:|1779820249
|switch|p1a: Garganacl|Garganacl, M, tera:Ghost|71/100|[from] U-turn
|move|p2a: Torkolita|Stealth Rock|p1a: Garganacl
|-sidestart|p1: ayerbe|move: Stealth Rock
|
|-weather|SunnyDay|[upkeep]
|-heal|p1a: Garganacl|77/100|[from] item: Leftovers
|upkeep
|turn|21
|
|t:|1779820261
|switch|p2a: Arboliva|Arboliva, M|1/100
|-damage|p2a: Arboliva|0 fnt|[from] Stealth Rock
|faint|p2a: Arboliva
|move|p1a: Garganacl|Salt Cure|p2: Arboliva|[notarget]
|-fail|p1a: Garganacl
|
|-weather|SunnyDay|[upkeep]
|-heal|p1a: Garganacl|83/100|[from] item: Leftovers
|upkeep
|
|t:|1779820271
|switch|p2a: Comfey|Comfey, F|100/100
|-damage|p2a: Comfey|88/100|[from] Stealth Rock
|turn|22
|
|t:|1779820283
|move|p2a: Comfey|Growth|p2a: Comfey
|-boost|p2a: Comfey|atk|2
|-boost|p2a: Comfey|spa|2
|move|p1a: Garganacl|Salt Cure|p2a: Comfey
|-damage|p2a: Comfey|72/100
|-start|p2a: Comfey|Salt Cure
|
|-weather|SunnyDay|[upkeep]
|-heal|p1a: Garganacl|89/100|[from] item: Leftovers
|-damage|p2a: Comfey|60/100|[from] Salt Cure
|upkeep
|turn|23
|
|t:|1779820298
|switch|p1a: Ting-Lu|Ting-Lu|48/100
|-damage|p1a: Ting-Lu|42/100|[from] Stealth Rock
|-ability|p1a: Ting-Lu|Vessel of Ruin
|move|p2a: Comfey|Growth|p2a: Comfey
|-boost|p2a: Comfey|atk|2
|-boost|p2a: Comfey|spa|2
|
|-weather|SunnyDay|[upkeep]
|-heal|p1a: Ting-Lu|48/100|[from] item: Leftovers
|-damage|p2a: Comfey|47/100|[from] Salt Cure
|upkeep
|turn|24
|
|t:|1779820311
|switch|p1a: Scizor|Scizor, M|100/100
|-damage|p1a: Scizor|88/100|[from] Stealth Rock
|move|p2a: Comfey|Draining Kiss|p1a: Scizor
|-resisted|p1a: Scizor
|-damage|p1a: Scizor|46/100
|-heal|p2a: Comfey|80/100|[from] drain|[of] p1a: Scizor
|
|-weather|SunnyDay|[upkeep]
|-damage|p2a: Comfey|67/100|[from] Salt Cure
|upkeep
|turn|25
|
|t:|1779820329
|move|p2a: Comfey|Draining Kiss|p1a: Scizor
|-resisted|p1a: Scizor
|-damage|p1a: Scizor|4/100
|-heal|p2a: Comfey|99/100|[from] drain|[of] p1a: Scizor
|move|p1a: Scizor|Bullet Punch|p2a: Comfey
|-supereffective|p2a: Comfey
|-damage|p2a: Comfey|0 fnt
|faint|p2a: Comfey
|
|-weather|SunnyDay|[upkeep]
|upkeep
|
|t:|1779820340
|switch|p2a: Walking Wake|Walking Wake|76/100
|-damage|p2a: Walking Wake|64/100|[from] Stealth Rock
|-activate|p2a: Walking Wake|ability: Protosynthesis
|-start|p2a: Walking Wake|protosynthesisspe
|turn|26
|-message|Mky27 forfeited.
|
|win|ayerbe
|raw|ayerbe's rating: 1453 &rarr; <strong>1476</strong><br />(+23 for winning)
|raw|Mky27's rating: 1497 &rarr; <strong>1474</strong><br />(-23 for losing)
|l|☆Mky27
|player|p2|
|l|‽ayerbe
|player|p1|
