|j|☆PokemonTrainerLYT
|j|☆izzycut
|t:|1779955406
|gametype|singles
|player|p1|PokemonTrainerLYT|170|1335
|player|p2|izzycut|102|1388
|gen|9
|tier|[Gen 9] OU
|rated|
|rule|HP Percentage Mod: HP is shown in percentages
|rule|Endless Battle Clause: Forcing endless battles is banned
|rule|Species Clause: Limit one of each Pokémon
|rule|OHKO Clause: OHKO moves are banned
|rule|Evasion Items Clause: Evasion items are banned
|rule|Evasion Moves Clause: Evasion moves are banned
|rule|Evasion Abilities Clause: Evasion abilities are banned
|rule|Sleep Moves Clause: Sleep-inducing moves are banned
|clearpoke
|poke|p1|Pelipper, F|
|poke|p1|Basculegion, M|
|poke|p1|Kingdra, F|
|poke|p1|Raging Bolt|
|poke|p1|Iron Treads|
|poke|p1|Kingambit, F|
|poke|p2|Slowking-Galar, M|
|poke|p2|Meowscarada, F|
|poke|p2|Hatterene, F|
|poke|p2|Gliscor, F|
|poke|p2|Iron Valiant|
|poke|p2|Raging Bolt|
|teampreview
|
|t:|1779955432
|teamsize|p1|6
|teamsize|p2|6
|start
|switch|p1a: Pelipper|Pelipper, F, shiny|100/100
|switch|p2a: Iron Valiant|Iron Valiant|100/100
|-weather|RainDance|[from] ability: Drizzle|[of] p1a: Pelipper
|turn|1
|
|t:|1779955442
|move|p2a: Iron Valiant|Thunderbolt|p1a: Pelipper
|-supereffective|p1a: Pelipper
|-damage|p1a: Pelipper|0 fnt
|faint|p1a: Pelipper
|
|-weather|RainDance|[upkeep]
|upkeep
|
|t:|1779955447
|switch|p1a: Basculegion|Basculegion, M, shiny|100/100
|turn|2
|
|t:|1779955452
|-end|p2a: Iron Valiant|Quark Drive|[silent]
|switch|p2a: Meowscarada|Meowscarada, F|100/100
|move|p1a: Basculegion|Aqua Jet|p2a: Meowscarada
|-resisted|p2a: Meowscarada
|-damage|p2a: Meowscarada|61/100
|
|-weather|RainDance|[upkeep]
|upkeep
|turn|3
|
|t:|1779955460
|switch|p1a: Kingambit|Kingambit, F, shiny|100/100
|-activate|p1a: Kingambit|ability: Supreme Overlord
|-start|p1a: Kingambit|fallen1|[silent]
|move|p2a: Meowscarada|Knock Off|p1a: Kingambit
|-start|p2a: Meowscarada|typechange|Dark|[from] ability: Protean
|-resisted|p1a: Kingambit
|-damage|p1a: Kingambit|74/100
|-enditem|p1a: Kingambit|Leftovers|[from] move: Knock Off|[of] p2a: Meowscarada
|
|-weather|RainDance|[upkeep]
|upkeep
|turn|4
|
|t:|1779955473
|switch|p2a: Gliscor|Gliscor, F|100/100
|move|p1a: Kingambit|Low Kick|p2a: Gliscor
|-resisted|p2a: Gliscor
|-damage|p2a: Gliscor|92/100
|
|-weather|RainDance|[upkeep]
|-status|p2a: Gliscor|tox|[from] item: Toxic Orb
|upkeep
|turn|5
|
|t:|1779955479
|-end|p1a: Kingambit|fallen1|[silent]
|switch|p1a: Basculegion|Basculegion, M, shiny|100/100
|move|p2a: Gliscor|Knock Off|p1a: Basculegion
|-supereffective|p1a: Basculegion
|-damage|p1a: Basculegion|51/100
|-enditem|p1a: Basculegion|Choice Band|[from] move: Knock Off|[of] p2a: Gliscor
|
|-weather|RainDance|[upkeep]
|-heal|p2a: Gliscor|100/100 tox|[from] ability: Poison Heal
|upkeep
|turn|6
|
|t:|1779955485
|move|p2a: Gliscor|Protect|p2a: Gliscor
|-singleturn|p2a: Gliscor|Protect
|move|p1a: Basculegion|Wave Crash|p2a: Gliscor
|-activate|p2a: Gliscor|move: Protect
|
|-weather|RainDance|[upkeep]
|upkeep
|turn|7
|
|t:|1779955492
|switch|p2a: Meowscarada|Meowscarada, F|61/100
|move|p1a: Basculegion|Wave Crash|p2a: Meowscarada
|-resisted|p2a: Meowscarada
|-damage|p2a: Meowscarada|0 fnt
|faint|p2a: Meowscarada
|-damage|p1a: Basculegion|35/100|[from] Recoil
|
|-weather|RainDance|[upkeep]
|upkeep
|
|t:|1779955499
|switch|p2a: Raging Bolt|Raging Bolt|100/100
|turn|8
|
|t:|1779955506
|-terastallize|p1a: Basculegion|Ground
|move|p2a: Raging Bolt|Thunderclap|p1a: Basculegion
|-immune|p1a: Basculegion
|move|p1a: Basculegion|Wave Crash|p2a: Raging Bolt
|-resisted|p2a: Raging Bolt
|-damage|p2a: Raging Bolt|56/100
|-damage|p1a: Basculegion|20/100|[from] Recoil
|
|-weather|none
|upkeep
|turn|9
|
|t:|1779955517
|-end|p2a: Raging Bolt|Protosynthesis|[silent]
|switch|p2a: Slowking|Slowking-Galar, M|100/100
|move|p1a: Basculegion|Flip Turn|p2a: Slowking
|-damage|p2a: Slowking|68/100
|
|t:|1779955535
|switch|p1a: Iron Treads|Iron Treads, shiny|100/100|[from] Flip Turn
|
|upkeep
|turn|10
|
|t:|1779955538
|switch|p2a: Gliscor|Gliscor, F|100/100 tox
|move|p1a: Iron Treads|Knock Off|p2a: Gliscor
|-damage|p2a: Gliscor|86/100 tox
|-enditem|p2a: Gliscor|Toxic Orb|[from] move: Knock Off|[of] p1a: Iron Treads
|
|-heal|p2a: Gliscor|99/100 tox|[from] ability: Poison Heal
|upkeep
|turn|11
|
|t:|1779955545
|switch|p2a: Hatterene|Hatterene, F|100/100
|move|p1a: Iron Treads|Ice Spinner|p2a: Hatterene
|-damage|p2a: Hatterene|76/100
|
|upkeep
|turn|12
|
|t:|1779955553
|move|p1a: Iron Treads|Knock Off|p2a: Hatterene
|-damage|p2a: Hatterene|49/100
|-enditem|p2a: Hatterene|Assault Vest|[from] move: Knock Off|[of] p1a: Iron Treads
|move|p2a: Hatterene|Mystical Fire|p1a: Iron Treads
|-supereffective|p1a: Iron Treads
|-damage|p1a: Iron Treads|46/100
|-unboost|p1a: Iron Treads|spa|1
|
|-heal|p1a: Iron Treads|52/100|[from] item: Leftovers
|upkeep
|turn|13
|
|t:|1779955559
|-end|p1a: Iron Treads|Quark Drive|[silent]
|switch|p1a: Kingdra|Kingdra, F, shiny|100/100
|move|p2a: Hatterene|Mystical Fire|p1a: Kingdra
|-resisted|p1a: Kingdra
|-damage|p1a: Kingdra|93/100
|-unboost|p1a: Kingdra|spa|1
|
|upkeep
|turn|14
|
|t:|1779955562
|move|p1a: Kingdra|Rain Dance|p1a: Kingdra
|-weather|RainDance
|move|p2a: Hatterene|Draining Kiss|p1a: Kingdra
|-supereffective|p1a: Kingdra
|-damage|p1a: Kingdra|40/100
|-heal|p2a: Hatterene|86/100|[from] drain|[of] p1a: Kingdra
|
|-weather|RainDance|[upkeep]
|upkeep
|turn|15
|
|t:|1779955570
|switch|p1a: Kingambit|Kingambit, F, shiny|74/100
|-activate|p1a: Kingambit|ability: Supreme Overlord
|-start|p1a: Kingambit|fallen1|[silent]
|move|p2a: Hatterene|Draining Kiss|p1a: Kingambit
|-damage|p1a: Kingambit|49/100
|-heal|p2a: Hatterene|100/100|[from] drain|[of] p1a: Kingambit
|
|-weather|RainDance|[upkeep]
|upkeep
|turn|16
|
|t:|1779955577
|switch|p2a: Gliscor|Gliscor, F|99/100 tox
|move|p1a: Kingambit|Swords Dance|p1a: Kingambit
|-boost|p1a: Kingambit|atk|2
|
|-weather|RainDance|[upkeep]
|-heal|p2a: Gliscor|100/100 tox|[from] ability: Poison Heal
|upkeep
|turn|17
|
|t:|1779955582
|move|p2a: Gliscor|Earthquake|p1a: Kingambit
|-supereffective|p1a: Kingambit
|-damage|p1a: Kingambit|0 fnt
|faint|p1a: Kingambit
|-end|p1a: Kingambit|fallen1|[silent]
|
|-weather|RainDance|[upkeep]
|upkeep
|
|t:|1779955589
|switch|p1a: Kingdra|Kingdra, F, shiny|40/100
|turn|18
|
|t:|1779955597
|move|p2a: Gliscor|Protect|p2a: Gliscor
|-singleturn|p2a: Gliscor|Protect
|move|p1a: Kingdra|Weather Ball|p2a: Gliscor
|-activate|p2a: Gliscor|move: Protect
|
|-weather|none
|upkeep
|turn|19
|
|t:|1779955607
|switch|p2a: Hatterene|Hatterene, F|100/100
|move|p1a: Kingdra|Rain Dance|p1a: Kingdra
|-weather|RainDance
|
|-weather|RainDance|[upkeep]
|upkeep
|turn|20
|
|t:|1779955613
|move|p1a: Kingdra|Weather Ball|p2a: Hatterene
|-damage|p2a: Hatterene|34/100
|-damage|p1a: Kingdra|30/100|[from] item: Life Orb
|move|p2a: Hatterene|Draining Kiss|p1a: Kingdra
|-supereffective|p1a: Kingdra
|-damage|p1a: Kingdra|0 fnt
|-heal|p2a: Hatterene|54/100|[from] drain|[of] p1a: Kingdra
|faint|p1a: Kingdra
|
|-weather|RainDance|[upkeep]
|upkeep
|
|t:|1779955618
|switch|p1a: Basculegion|Basculegion, M, shiny, tera:Ground|20/100
|turn|21
|
|t:|1779955632
|move|p1a: Basculegion|Wave Crash|p2a: Hatterene
|-damage|p2a: Hatterene|0 fnt
|faint|p2a: Hatterene
|-damage|p1a: Basculegion|5/100|[from] Recoil
|
|-weather|RainDance|[upkeep]
|upkeep
|
|t:|1779955639
|switch|p2a: Raging Bolt|Raging Bolt|56/100
|turn|22
|
|t:|1779955643
|move|p1a: Basculegion|Wave Crash|p2a: Raging Bolt
|-resisted|p2a: Raging Bolt
|-damage|p2a: Raging Bolt|11/100
|-damage|p1a: Basculegion|0 fnt|[from] Recoil
|faint|p1a: Basculegion
|move|p2a: Raging Bolt|Weather Ball|p1: Basculegion|[notarget]
|-fail|p2a: Raging Bolt
|
|-weather|RainDance|[upkeep]
|upkeep
|
|t:|1779955646
|switch|p1a: Iron Treads|Iron Treads, shiny|52/100
|turn|23
|
|t:|1779955653
|move|p1a: Iron Treads|Ice Spinner|p2a: Raging Bolt
|-supereffective|p2a: Raging Bolt
|-damage|p2a: Raging Bolt|0 fnt
|faint|p2a: Raging Bolt
|-end|p2a: Raging Bolt|Protosynthesis|[silent]
|
|-weather|none
|-heal|p1a: Iron Treads|58/100|[from] item: Leftovers
|upkeep
|
|t:|1779955659
|switch|p2a: Iron Valiant|Iron Valiant|100/100
|turn|24
|
|t:|1779955663
|move|p2a: Iron Valiant|Close Combat|p1a: Iron Treads
|-supereffective|p1a: Iron Treads
|-damage|p1a: Iron Treads|0 fnt
|-unboost|p2a: Iron Valiant|def|1
|-unboost|p2a: Iron Valiant|spd|1
|faint|p1a: Iron Treads
|-end|p1a: Iron Treads|Quark Drive|[silent]
|
|upkeep
|
|t:|1779955666
|switch|p1a: Raging Bolt|Raging Bolt|100/100
|turn|25
|
|t:|1779955671
|-end|p2a: Iron Valiant|Quark Drive|[silent]
|switch|p2a: Slowking|Slowking-Galar, M|100/100
|move|p1a: Raging Bolt|Thunder|p2a: Slowking
|-damage|p2a: Slowking|64/100
|
|upkeep
|turn|26
|
|t:|1779955678
|move|p1a: Raging Bolt|Thunder|p2a: Slowking
|-damage|p2a: Slowking|24/100
|-prepare|p2a: Slowking|Chilly Reception|[premajor]
|move|p2a: Slowking|Chilly Reception|p2a: Slowking
|-weather|Snowscape
|-message|PokemonTrainerLYT forfeited.
|
|win|izzycut
|raw|PokemonTrainerLYT's rating: 1335 &rarr; <strong>1318</strong><br />(-17 for losing)
|raw|izzycut's rating: 1388 &rarr; <strong>1405</strong><br />(+17 for winning)
|l|☆PokemonTrainerLYT
|player|p1|
|l|☆izzycut
|player|p2|
