|j|☆BiggieChed66
|j|☆SgtBrick14
|t:|1779941910
|gametype|singles
|player|p1|BiggieChed66|ghetsis-gen5bw|1318
|player|p2|SgtBrick14|pokemonranger|1329
|gen|9
|tier|[Gen 9] OU
|rated|
|rule|HP Percentage Mod: HP is shown in percentages
|rule|Endless Battle Clause: Forcing endless battles is banned
|rule|Species Clause: Limit one of each Pokémon
|rule|OHKO Clause: OHKO moves are banned
|rule|Evasion Items Clause: Evasion items are banned
|rule|Evasion Moves Clause: Evasion moves are banned
|rule|Evasion Abilities Clause: Evasion abilities are banned
|rule|Sleep Moves Clause: Sleep-inducing moves are banned
|clearpoke
|poke|p1|Gholdengo|
|poke|p1|Iron Treads|
|poke|p1|Zamazenta-*|
|poke|p1|Samurott-Hisui, M|
|poke|p1|Garganacl, F|
|poke|p1|Heatran, M|
|poke|p2|Glimmora, M|
|poke|p2|Rillaboom, M|
|poke|p2|Comfey, F|
|poke|p2|Cloyster, F|
|poke|p2|Deoxys-Speed|
|poke|p2|Gengar, M|
|teampreview
|inactive|Battle timer is ON: inactive players will automatically lose when time's up. (requested by BiggieChed66)
|
|t:|1779941923
|teamsize|p1|6
|teamsize|p2|6
|start
|switch|p1a: Gholdengo|Gholdengo|100/100
|switch|p2a: Rillaboom|Rillaboom, M|100/100
|-fieldstart|move: Grassy Terrain|[from] ability: Grassy Surge|[of] p2a: Rillaboom
|turn|1
|
|t:|1779941930
|move|p1a: Gholdengo|Shadow Ball|p2a: Rillaboom
|-damage|p2a: Rillaboom|45/100
|move|p2a: Rillaboom|Knock Off|p1a: Gholdengo
|-supereffective|p1a: Gholdengo
|-damage|p1a: Gholdengo|28/100
|-enditem|p1a: Gholdengo|Choice Scarf|[from] move: Knock Off|[of] p2a: Rillaboom
|
|-heal|p2a: Rillaboom|51/100|[from] Grassy Terrain
|-heal|p1a: Gholdengo|34/100|[from] Grassy Terrain
|upkeep
|turn|2
|
|t:|1779941942
|move|p2a: Rillaboom|Wood Hammer|p1a: Gholdengo
|-resisted|p1a: Gholdengo
|-damage|p1a: Gholdengo|0 fnt
|faint|p1a: Gholdengo
|-damage|p2a: Rillaboom|41/100|[from] Recoil
|
|-heal|p2a: Rillaboom|47/100|[from] Grassy Terrain
|upkeep
|
|t:|1779941946
|switch|p1a: Heatran|Heatran, M, shiny|100/100
|turn|3
|
|t:|1779941954
|move|p2a: Rillaboom|Knock Off|p1a: Heatran
|-damage|p1a: Heatran|69/100
|-enditem|p1a: Heatran|Leftovers|[from] move: Knock Off|[of] p2a: Rillaboom
|move|p1a: Heatran|Stealth Rock|p2a: Rillaboom
|-sidestart|p2: SgtBrick14|move: Stealth Rock
|
|-heal|p2a: Rillaboom|53/100|[from] Grassy Terrain
|-heal|p1a: Heatran|75/100|[from] Grassy Terrain
|upkeep
|turn|4
|
|t:|1779941961
|move|p2a: Rillaboom|Swords Dance|p2a: Rillaboom
|-boost|p2a: Rillaboom|atk|2
|move|p1a: Heatran|Magma Storm|p2a: Rillaboom|[miss]
|-miss|p1a: Heatran|p2a: Rillaboom
|
|-heal|p2a: Rillaboom|59/100|[from] Grassy Terrain
|-heal|p1a: Heatran|81/100|[from] Grassy Terrain
|upkeep
|turn|5
|
|t:|1779941963
|move|p2a: Rillaboom|Wood Hammer|p1a: Heatran
|-resisted|p1a: Heatran
|-damage|p1a: Heatran|40/100
|-damage|p2a: Rillaboom|47/100|[from] Recoil
|move|p1a: Heatran|Magma Storm|p2a: Rillaboom
|-supereffective|p2a: Rillaboom
|-damage|p2a: Rillaboom|0 fnt
|faint|p2a: Rillaboom
|
|-heal|p1a: Heatran|46/100|[from] Grassy Terrain
|upkeep
|
|t:|1779941965
|switch|p2a: Deoxys|Deoxys-Speed|100/100
|-damage|p2a: Deoxys|88/100|[from] Stealth Rock
|-ability|p2a: Deoxys|Pressure
|turn|6
|
|t:|1779941967
|move|p2a: Deoxys|Stealth Rock|p1a: Heatran
|-sidestart|p1: BiggieChed66|move: Stealth Rock
|move|p1a: Heatran|Taunt|p2a: Deoxys
|-start|p2a: Deoxys|move: Taunt
|
|-heal|p2a: Deoxys|94/100|[from] Grassy Terrain
|-heal|p1a: Heatran|53/100|[from] Grassy Terrain
|upkeep
|turn|7
|
|t:|1779941970
|switch|p2a: Glimmora|Glimmora, M|100/100
|-damage|p2a: Glimmora|88/100|[from] Stealth Rock
|move|p1a: Heatran|Magma Storm|p2a: Glimmora|[miss]
|-miss|p1a: Heatran|p2a: Glimmora
|
|-heal|p2a: Glimmora|94/100|[from] Grassy Terrain
|-heal|p1a: Heatran|59/100|[from] Grassy Terrain
|upkeep
|turn|8
|
|t:|1779941975
|move|p2a: Glimmora|Memento|p1a: Heatran
|-unboost|p1a: Heatran|atk|2
|-unboost|p1a: Heatran|spa|2
|faint|p2a: Glimmora
|move|p1a: Heatran|Earth Power|p2: Glimmora|[notarget]
|-fail|p1a: Heatran
|
|-heal|p1a: Heatran|65/100|[from] Grassy Terrain
|-fieldend|move: Grassy Terrain
|upkeep
|
|t:|1779941977
|switch|p2a: Comfey|Comfey, F|100/100
|-damage|p2a: Comfey|88/100|[from] Stealth Rock
|turn|9
|
|t:|1779941980
|move|p1a: Heatran|Taunt|p2a: Comfey
|-start|p2a: Comfey|move: Taunt
|cant|p2a: Comfey|move: Taunt|Calm Mind
|
|upkeep
|turn|10
|
|t:|1779941985
|switch|p1a: Zamazenta|Zamazenta|100/100
|-ability|p1a: Zamazenta|Dauntless Shield|boost
|-boost|p1a: Zamazenta|def|1
|switch|p2a: Gengar|Gengar, M|100/100
|-damage|p2a: Gengar|88/100|[from] Stealth Rock
|
|upkeep
|turn|11
|
|t:|1779941993
|move|p1a: Zamazenta|Heavy Slam|p2a: Gengar
|-damage|p2a: Gengar|9/100
|-start|p1a: Zamazenta|Disable|Heavy Slam|[from] ability: Cursed Body|[of] p2a: Gengar
|move|p2a: Gengar|Sludge Wave|p1a: Zamazenta
|-damage|p1a: Zamazenta|55/100
|
|upkeep
|turn|12
|
|t:|1779941998
|move|p1a: Zamazenta|Crunch|p2a: Gengar
|-supereffective|p2a: Gengar
|-damage|p2a: Gengar|0 fnt
|faint|p2a: Gengar
|
|upkeep
|
|t:|1779942000
|switch|p2a: Comfey|Comfey, F|88/100
|-damage|p2a: Comfey|76/100|[from] Stealth Rock
|turn|13
|
|t:|1779942004
|move|p1a: Zamazenta|Stone Edge|p2a: Comfey|[miss]
|-miss|p1a: Zamazenta|p2a: Comfey
|move|p2a: Comfey|Calm Mind|p2a: Comfey
|-boost|p2a: Comfey|spa|1
|-boost|p2a: Comfey|spd|1
|
|upkeep
|turn|14
|
|t:|1779942010
|switch|p1a: Garganacl|Garganacl, F|100/100
|-damage|p1a: Garganacl|88/100|[from] Stealth Rock
|move|p2a: Comfey|Calm Mind|p2a: Comfey
|-boost|p2a: Comfey|spa|1
|-boost|p2a: Comfey|spd|1
|
|-heal|p1a: Garganacl|94/100|[from] item: Leftovers
|upkeep
|turn|15
|
|t:|1779942015
|-terastallize|p2a: Comfey|Grass
|move|p2a: Comfey|Giga Drain|p1a: Garganacl
|-supereffective|p1a: Garganacl
|-damage|p1a: Garganacl|0 fnt
|-heal|p2a: Comfey|100/100|[from] drain|[of] p1a: Garganacl
|faint|p1a: Garganacl
|
|upkeep
|
|t:|1779942020
|switch|p1a: Heatran|Heatran, M, shiny|65/100
|-damage|p1a: Heatran|53/100|[from] Stealth Rock
|turn|16
|
|t:|1779942023
|move|p1a: Heatran|Magma Storm|p2a: Comfey|[miss]
|-miss|p1a: Heatran|p2a: Comfey
|move|p2a: Comfey|Calm Mind|p2a: Comfey
|-boost|p2a: Comfey|spa|1
|-boost|p2a: Comfey|spd|1
|
|upkeep
|turn|17
|
|t:|1779942030
|move|p1a: Heatran|Magma Storm|p2a: Comfey
|-supereffective|p2a: Comfey
|-damage|p2a: Comfey|57/100
|-activate|p2a: Comfey|move: Magma Storm|[of] p1a: Heatran
|move|p2a: Comfey|Calm Mind|p2a: Comfey
|-boost|p2a: Comfey|spa|1
|-boost|p2a: Comfey|spd|1
|
|-damage|p2a: Comfey|45/100|[from] move: Magma Storm|[partiallytrapped]
|upkeep
|turn|18
|
|t:|1779942040
|move|p2a: Comfey|Giga Drain|p1a: Heatran
|-resisted|p1a: Heatran
|-damage|p1a: Heatran|25/100
|-heal|p2a: Comfey|59/100|[from] drain|[of] p1a: Heatran
|move|p1a: Heatran|Magma Storm|p2a: Comfey
|-supereffective|p2a: Comfey
|-damage|p2a: Comfey|23/100
|
|-damage|p2a: Comfey|11/100|[from] move: Magma Storm|[partiallytrapped]
|upkeep
|turn|19
|
|t:|1779942047
|move|p2a: Comfey|Giga Drain|p1a: Heatran
|-resisted|p1a: Heatran
|-damage|p1a: Heatran|0 fnt
|-heal|p2a: Comfey|24/100|[from] drain|[of] p1a: Heatran
|faint|p1a: Heatran
|
|-end|p2a: Comfey|Magma Storm|[partiallytrapped]|[silent]
|upkeep
|
|t:|1779942053
|switch|p1a: Zamazenta|Zamazenta|55/100
|turn|20
|
|t:|1779942055
|move|p2a: Comfey|Giga Drain|p1a: Zamazenta
|-damage|p1a: Zamazenta|0 fnt
|-heal|p2a: Comfey|53/100|[from] drain|[of] p1a: Zamazenta
|faint|p1a: Zamazenta
|
|upkeep
|-message|BiggieChed66 forfeited.
|
|win|SgtBrick14
|raw|BiggieChed66's rating: 1318 &rarr; <strong>1299</strong><br />(-19 for losing)
|raw|SgtBrick14's rating: 1329 &rarr; <strong>1348</strong><br />(+19 for winning)
|l|☆BiggieChed66
|player|p1|
|l|☆SgtBrick14
|player|p2|
