|j|☆jp1234321
|j|☆jsmeyo
|t:|1779960083
|gametype|singles
|player|p1|jp1234321|clerk-boss|1077
|player|p2|jsmeyo|170|1126
|gen|9
|tier|[Gen 9] OU
|rated|
|rule|HP Percentage Mod: HP is shown in percentages
|rule|Endless Battle Clause: Forcing endless battles is banned
|rule|Species Clause: Limit one of each Pokémon
|rule|OHKO Clause: OHKO moves are banned
|rule|Evasion Items Clause: Evasion items are banned
|rule|Evasion Moves Clause: Evasion moves are banned
|rule|Evasion Abilities Clause: Evasion abilities are banned
|rule|Sleep Moves Clause: Sleep-inducing moves are banned
|clearpoke
|poke|p1|Ditto|
|poke|p1|Vileplume, F|
|poke|p1|Persian, F|
|poke|p1|Lapras, F|
|poke|p1|Snorlax, F|
|poke|p1|Tauros, M|
|poke|p2|Hoopa|
|poke|p2|Cinderace, F|
|poke|p2|Mandibuzz, F|
|poke|p2|Kyurem|
|poke|p2|Ting-Lu|
|poke|p2|Manaphy|
|teampreview
|inactive|Battle timer is ON: inactive players will automatically lose when time's up. (requested by jp1234321)
|
|t:|1779960101
|teamsize|p1|6
|teamsize|p2|6
|start
|switch|p1a: Tauros|Tauros, M|100/100
|switch|p2a: Ting-Lucifer|Ting-Lu|100/100
|-ability|p1a: Tauros|Intimidate|boost
|-unboost|p2a: Ting-Lucifer|atk|1
|-ability|p2a: Ting-Lucifer|Vessel of Ruin
|turn|1
|
|t:|1779960127
|switch|p2a: Manaphy|Manaphy|100/100
|move|p1a: Tauros|Trailblaze|p2a: Manaphy
|-supereffective|p2a: Manaphy
|-damage|p2a: Manaphy|73/100
|-boost|p1a: Tauros|spe|1
|
|-heal|p2a: Manaphy|79/100|[from] item: Leftovers
|upkeep
|turn|2
|
|t:|1779960138
|move|p1a: Tauros|Trailblaze|p2a: Manaphy
|-supereffective|p2a: Manaphy
|-damage|p2a: Manaphy|52/100
|-boost|p1a: Tauros|spe|1
|move|p2a: Manaphy|Tail Glow|p2a: Manaphy
|-boost|p2a: Manaphy|spa|3
|
|-heal|p2a: Manaphy|58/100|[from] item: Leftovers
|upkeep
|turn|3
|
|t:|1779960149
|move|p1a: Tauros|Endure|p1a: Tauros
|-singleturn|p1a: Tauros|move: Endure
|move|p2a: Manaphy|Alluring Voice|p1a: Tauros
|-damage|p1a: Tauros|23/100
|-enditem|p1a: Tauros|Liechi Berry|[eat]
|-boost|p1a: Tauros|atk|1|[from] item: Liechi Berry
|
|-heal|p2a: Manaphy|64/100|[from] item: Leftovers
|upkeep
|turn|4
|
|t:|1779960163
|switch|p2a: Mandibuzz|Mandibuzz, F, shiny|100/100
|-terastallize|p1a: Tauros|Normal
|move|p1a: Tauros|Body Slam|p2a: Mandibuzz
|-damage|p2a: Mandibuzz|51/100
|-status|p2a: Mandibuzz|par
|-damage|p1a: Tauros|7/100|[from] item: Rocky Helmet|[of] p2a: Mandibuzz
|
|upkeep
|turn|5
|
|t:|1779960177
|move|p1a: Tauros|Reversal|p2a: Mandibuzz
|-damage|p2a: Mandibuzz|7/100 par
|-damage|p1a: Tauros|0 fnt|[from] item: Rocky Helmet|[of] p2a: Mandibuzz
|faint|p1a: Tauros
|move|p2a: Mandibuzz|Toxic|p1: Tauros|[notarget]
|-fail|p2a: Mandibuzz
|
|upkeep
|
|t:|1779960187
|switch|p1a: Lapras|Lapras, F|100/100
|turn|6
|
|t:|1779960195
|switch|p2a: Kyurem|Kyurem|100/100
|-ability|p2a: Kyurem|Pressure
|move|p1a: Lapras|Icicle Spear|p2a: Kyurem
|-damage|p2a: Kyurem|90/100
|-damage|p2a: Kyurem|80/100
|-damage|p2a: Kyurem|69/100
|-crit|p2a: Kyurem
|-damage|p2a: Kyurem|52/100
|-hitcount|p2a: Kyurem|4
|
|upkeep
|turn|7
|
|t:|1779960209
|move|p2a: Kyurem|Draco Meteor|p1a: Lapras
|-damage|p1a: Lapras|37/100
|-unboost|p2a: Kyurem|spa|2
|move|p1a: Lapras|Dragon Dance|p1a: Lapras
|-boost|p1a: Lapras|atk|1
|-boost|p1a: Lapras|spe|1
|
|upkeep
|turn|8
|
|t:|1779960218
|move|p2a: Kyurem|Draco Meteor|p1a: Lapras
|-damage|p1a: Lapras|6/100
|-unboost|p2a: Kyurem|spa|2
|move|p1a: Lapras|Icicle Spear|p2a: Kyurem
|-damage|p2a: Kyurem|36/100
|-damage|p2a: Kyurem|20/100
|-damage|p2a: Kyurem|6/100
|-damage|p2a: Kyurem|0 fnt
|faint|p2a: Kyurem
|-hitcount|p2: Kyurem|4
|
|upkeep
|
|t:|1779960225
|switch|p2a: Cinderace|Cinderace, F|100/100
|turn|9
|
|t:|1779960235
|move|p2a: Cinderace|High Jump Kick|p1a: Lapras
|-start|p2a: Cinderace|typechange|Fighting|[from] ability: Libero
|-supereffective|p1a: Lapras
|-damage|p1a: Lapras|0 fnt
|faint|p1a: Lapras
|
|upkeep
|
|t:|1779960247
|switch|p1a: Ditto|Ditto|100/100
|-transform|p1a: Ditto|p2a: Cinderace|[from] ability: Imposter
|turn|10
|
|t:|1779960258
|-terastallize|p2a: Cinderace|Fire
|move|p1a: Ditto|U-turn|p2a: Cinderace
|-start|p1a: Ditto|typechange|Bug|[from] ability: Libero
|-resisted|p2a: Cinderace
|-damage|p2a: Cinderace|77/100
|
|t:|1779960268
|switch|p1a: Snorlax|Snorlax, F|100/100|[from] U-turn
|move|p2a: Cinderace|Pyro Ball|p1a: Snorlax
|-damage|p1a: Snorlax|40/100
|
|-heal|p1a: Snorlax|46/100|[from] item: Leftovers
|upkeep
|turn|11
|
|t:|1779960278
|switch|p2a: Ting-Lucifer|Ting-Lu|100/100
|-ability|p2a: Ting-Lucifer|Vessel of Ruin
|move|p1a: Snorlax|Body Slam|p2a: Ting-Lucifer
|-damage|p2a: Ting-Lucifer|78/100
|
|-heal|p1a: Snorlax|52/100|[from] item: Leftovers
|upkeep
|turn|12
|
|t:|1779960288
|move|p2a: Ting-Lucifer|Heavy Slam|p1a: Snorlax
|-damage|p1a: Snorlax|39/100
|move|p1a: Snorlax|Curse|p1a: Snorlax
|-unboost|p1a: Snorlax|spe|1
|-boost|p1a: Snorlax|atk|1
|-boost|p1a: Snorlax|def|1
|
|-heal|p1a: Snorlax|45/100|[from] item: Leftovers
|upkeep
|turn|13
|
|t:|1779960298
|move|p2a: Ting-Lucifer|Stealth Rock|p1a: Snorlax
|-sidestart|p1: jp1234321|move: Stealth Rock
|move|p1a: Snorlax|Curse|p1a: Snorlax
|-unboost|p1a: Snorlax|spe|1
|-boost|p1a: Snorlax|atk|1
|-boost|p1a: Snorlax|def|1
|
|-heal|p1a: Snorlax|51/100|[from] item: Leftovers
|upkeep
|turn|14
|
|t:|1779960307
|move|p2a: Ting-Lucifer|Earthquake|p1a: Snorlax
|-damage|p1a: Snorlax|29/100
|move|p1a: Snorlax|Body Slam|p2a: Ting-Lucifer
|-damage|p2a: Ting-Lucifer|35/100
|
|-heal|p1a: Snorlax|35/100|[from] item: Leftovers
|upkeep
|turn|15
|
|t:|1779960318
|switch|p2a: Manaphy|Manaphy|64/100
|move|p1a: Snorlax|Curse|p1a: Snorlax
|-unboost|p1a: Snorlax|spe|1
|-boost|p1a: Snorlax|atk|1
|-boost|p1a: Snorlax|def|1
|
|-heal|p2a: Manaphy|70/100|[from] item: Leftovers
|-heal|p1a: Snorlax|41/100|[from] item: Leftovers
|upkeep
|turn|16
|
|t:|1779960332
|move|p2a: Manaphy|Tail Glow|p2a: Manaphy
|-boost|p2a: Manaphy|spa|3
|move|p1a: Snorlax|Body Slam|p2a: Manaphy
|-damage|p2a: Manaphy|0 fnt
|faint|p2a: Manaphy
|
|-heal|p1a: Snorlax|47/100|[from] item: Leftovers
|upkeep
|
|t:|1779960341
|switch|p2a: Hoopa|Hoopa|100/100
|turn|17
|
|t:|1779960347
|move|p2a: Hoopa|Substitute|p2a: Hoopa
|-start|p2a: Hoopa|Substitute
|-damage|p2a: Hoopa|76/100
|move|p1a: Snorlax|Heat Crash|p2a: Hoopa
|-end|p2a: Hoopa|Substitute
|
|-heal|p1a: Snorlax|54/100|[from] item: Leftovers
|upkeep
|turn|18
|
|t:|1779960356
|move|p2a: Hoopa|Calm Mind|p2a: Hoopa
|-boost|p2a: Hoopa|spa|1
|-boost|p2a: Hoopa|spd|1
|move|p1a: Snorlax|Heat Crash|p2a: Hoopa
|-damage|p2a: Hoopa|0 fnt
|faint|p2a: Hoopa
|
|-heal|p1a: Snorlax|60/100|[from] item: Leftovers
|upkeep
|
|t:|1779960372
|switch|p2a: Mandibuzz|Mandibuzz, F, shiny|7/100 par
|turn|19
|l|☆jp1234321
|inactive|jp1234321 disconnected and has a minute to reconnect!
|player|p1|
|inactive|jp1234321 has 30 seconds to reconnect!
|inactive|jp1234321 has 20 seconds to reconnect!
|inactive|jp1234321 has 15 seconds to reconnect!
|inactive|jp1234321 has 10 seconds to reconnect!
|inactive|jp1234321 has 5 seconds to reconnect!
|-message|jp1234321 lost due to inactivity.
|
|win|jsmeyo
|raw|jp1234321's rating: 1077 &rarr; <strong>1058</strong><br />(-19 for losing)
|raw|jsmeyo's rating: 1126 &rarr; <strong>1147</strong><br />(+21 for winning)
|l|☆jsmeyo
|player|p2|
