|j|☆9viciousrend
|j|☆hgjgfjyg
|t:|1779800135
|gametype|singles
|player|p1|9viciousrend|roxie|1411
|player|p2|hgjgfjyg|collector|1388
|gen|9
|tier|[Gen 9] OU
|rated|
|rule|HP Percentage Mod: HP is shown in percentages
|rule|Endless Battle Clause: Forcing endless battles is banned
|rule|Species Clause: Limit one of each Pokémon
|rule|OHKO Clause: OHKO moves are banned
|rule|Evasion Items Clause: Evasion items are banned
|rule|Evasion Moves Clause: Evasion moves are banned
|rule|Evasion Abilities Clause: Evasion abilities are banned
|rule|Sleep Moves Clause: Sleep-inducing moves are banned
|clearpoke
|poke|p1|Zapdos|
|poke|p1|Iron Treads|
|poke|p1|Samurott-Hisui, M|
|poke|p1|Ceruledge, M|
|poke|p1|Gholdengo|
|poke|p1|Kingambit, M|
|poke|p2|Pelipper, F|
|poke|p2|Samurott-Hisui, M|
|poke|p2|Iron Treads|
|poke|p2|Barraskewda, M|
|poke|p2|Toxicroak, M|
|poke|p2|Porygon-Z|
|teampreview
|inactive|Battle timer is ON: inactive players will automatically lose when time's up. (requested by hgjgfjyg)
|
|t:|1779800142
|teamsize|p1|6
|teamsize|p2|6
|start
|switch|p1a: Zapdos|Zapdos|100/100
|switch|p2a: Samurott|Samurott-Hisui, M|100/100
|turn|1
|
|t:|1779800149
|switch|p2a: Iron Treads|Iron Treads|100/100
|move|p1a: Zapdos|Volt Switch|p2a: Iron Treads
|-immune|p2a: Iron Treads
|
|upkeep
|turn|2
|
|t:|1779800159
|switch|p1a: Samurott|Samurott-Hisui, M|100/100
|move|p2a: Iron Treads|Volt Switch|p1a: Samurott
|-supereffective|p1a: Samurott
|-damage|p1a: Samurott|76/100
|
|t:|1779800171
|-end|p2a: Iron Treads|Quark Drive|[silent]
|switch|p2a: Samurott|Samurott-Hisui, M|100/100|[from] Volt Switch
|
|upkeep
|turn|3
|
|t:|1779800178
|move|p2a: Samurott|Sacred Sword|p1a: Samurott
|-supereffective|p1a: Samurott
|-damage|p1a: Samurott|0 fnt
|faint|p1a: Samurott
|
|upkeep
|
|t:|1779800182
|switch|p1a: Zapdos|Zapdos|100/100
|turn|4
|
|t:|1779800188
|switch|p2a: Iron Treads|Iron Treads|100/100
|move|p1a: Zapdos|Hurricane|p2a: Iron Treads
|-resisted|p2a: Iron Treads
|-damage|p2a: Iron Treads|71/100
|-start|p2a: Iron Treads|confusion
|
|upkeep
|turn|5
|
|t:|1779800211
|-activate|p2a: Iron Treads|confusion
|move|p2a: Iron Treads|Earth Power|p1a: Zapdos
|-immune|p1a: Zapdos
|move|p1a: Zapdos|Volt Switch|p2a: Iron Treads
|-immune|p2a: Iron Treads
|
|upkeep
|turn|6
|
|t:|1779800221
|switch|p1a: Gholdengo|Gholdengo|100/100
|-item|p1a: Gholdengo|Air Balloon
|-activate|p2a: Iron Treads|confusion
|move|p2a: Iron Treads|Volt Switch|p1a: Gholdengo
|-damage|p1a: Gholdengo|85/100
|-enditem|p1a: Gholdengo|Air Balloon
|
|t:|1779800228
|-end|p2a: Iron Treads|Quark Drive|[silent]
|switch|p2a: Samurott|Samurott-Hisui, M|100/100|[from] Volt Switch
|
|upkeep
|turn|7
|
|t:|1779800233
|switch|p1a: Zapdos|Zapdos|100/100
|move|p2a: Samurott|Ceaseless Edge|p1a: Zapdos
|-damage|p1a: Zapdos|70/100
|-status|p2a: Samurott|par|[from] ability: Static|[of] p1a: Zapdos
|-sidestart|p1: 9viciousrend|Spikes
|
|upkeep
|turn|8
|
|t:|1779800242
|move|p1a: Zapdos|Hurricane|p2a: Samurott
|-damage|p2a: Samurott|37/100 par
|move|p2a: Samurott|Ceaseless Edge|p1a: Zapdos
|-damage|p1a: Zapdos|38/100
|-sidestart|p1: 9viciousrend|Spikes
|
|upkeep
|turn|9
|
|t:|1779800250
|move|p1a: Zapdos|Volt Switch|p2a: Samurott
|-supereffective|p2a: Samurott
|-damage|p2a: Samurott|0 fnt
|faint|p2a: Samurott
|
|t:|1779800251
|switch|p1a: Iron Treads|Iron Treads|100/100|[from] Volt Switch
|-damage|p1a: Iron Treads|84/100|[from] Spikes
|
|-heal|p1a: Iron Treads|90/100|[from] item: Leftovers
|upkeep
|
|t:|1779800259
|switch|p2a: Porygon-Z|Porygon-Z|100/100
|-ability|p2a: Porygon-Z|Download|boost
|-boost|p2a: Porygon-Z|spa|1
|turn|10
|
|t:|1779800273
|-terastallize|p1a: Iron Treads|Ghost
|-terastallize|p2a: Porygon-Z|Ghost
|move|p1a: Iron Treads|Earthquake|p2a: Porygon-Z
|-damage|p2a: Porygon-Z|30/100
|move|p2a: Porygon-Z|Shadow Ball|p1a: Iron Treads
|-supereffective|p1a: Iron Treads
|-damage|p1a: Iron Treads|0 fnt
|faint|p1a: Iron Treads
|-end|p1a: Iron Treads|Quark Drive|[silent]
|
|upkeep
|
|t:|1779800282
|switch|p1a: Ceruledge|Ceruledge, M|100/100
|turn|11
|
|t:|1779800286
|switch|p2a: Pelipper|Pelipper, F|100/100
|-weather|RainDance|[from] ability: Drizzle|[of] p2a: Pelipper
|move|p1a: Ceruledge|Shadow Sneak|p2a: Pelipper
|-damage|p2a: Pelipper|82/100
|
|-weather|RainDance|[upkeep]
|upkeep
|turn|12
|
|t:|1779800295
|switch|p1a: Gholdengo|Gholdengo|85/100
|-damage|p1a: Gholdengo|68/100|[from] Spikes
|move|p2a: Pelipper|Weather Ball|p1a: Gholdengo
|-damage|p1a: Gholdengo|16/100
|
|-weather|RainDance|[upkeep]
|upkeep
|turn|13
|
|t:|1779800300
|move|p1a: Gholdengo|Thunder Wave|p2a: Pelipper
|-status|p2a: Pelipper|par
|cant|p2a: Pelipper|par
|
|-weather|RainDance|[upkeep]
|upkeep
|turn|14
|
|t:|1779800304
|move|p1a: Gholdengo|Recover|p1a: Gholdengo
|-heal|p1a: Gholdengo|66/100
|move|p2a: Pelipper|U-turn|p1a: Gholdengo
|-resisted|p1a: Gholdengo
|-damage|p1a: Gholdengo|65/100
|
|t:|1779800307
|switch|p2a: Porygon-Z|Porygon-Z, tera:Ghost|30/100|[from] U-turn
|-ability|p2a: Porygon-Z|Download|boost
|-boost|p2a: Porygon-Z|spa|1
|
|-weather|RainDance|[upkeep]
|upkeep
|turn|15
|
|t:|1779800313
|switch|p1a: Kingambit|Kingambit, M|100/100
|-damage|p1a: Kingambit|84/100|[from] Spikes
|-activate|p1a: Kingambit|ability: Supreme Overlord
|-start|p1a: Kingambit|fallen2|[silent]
|move|p2a: Porygon-Z|Shadow Ball|p1a: Kingambit
|-resisted|p1a: Kingambit
|-damage|p1a: Kingambit|24/100
|-unboost|p1a: Kingambit|spd|1
|
|-weather|RainDance|[upkeep]
|-heal|p1a: Kingambit|30/100|[from] item: Leftovers
|upkeep
|turn|16
|
|t:|1779800323
|move|p2a: Porygon-Z|Shadow Ball|p1a: Kingambit
|-resisted|p1a: Kingambit
|-damage|p1a: Kingambit|0 fnt
|faint|p1a: Kingambit
|-end|p1a: Kingambit|fallen2|[silent]
|
|-weather|RainDance|[upkeep]
|upkeep
|-message|9viciousrend forfeited.
|
|win|hgjgfjyg
|raw|9viciousrend's rating: 1411 &rarr; <strong>1390</strong><br />(-21 for losing)
|raw|hgjgfjyg's rating: 1388 &rarr; <strong>1409</strong><br />(+21 for winning)
|l|☆9viciousrend
|player|p1|
|l|☆hgjgfjyg
|player|p2|
