|j|☆1100 smurf
|j|☆louwilliamzz
|t:|1779901592
|gametype|singles
|player|p1|1100 smurf|preschooler|1491
|player|p2|louwilliamzz|1|1469
|gen|9
|tier|[Gen 9] OU
|rated|
|rule|HP Percentage Mod: HP is shown in percentages
|rule|Endless Battle Clause: Forcing endless battles is banned
|rule|Species Clause: Limit one of each Pokémon
|rule|OHKO Clause: OHKO moves are banned
|rule|Evasion Items Clause: Evasion items are banned
|rule|Evasion Moves Clause: Evasion moves are banned
|rule|Evasion Abilities Clause: Evasion abilities are banned
|rule|Sleep Moves Clause: Sleep-inducing moves are banned
|clearpoke
|poke|p1|Pelipper, L99, F|
|poke|p1|Barraskewda, F|
|poke|p1|Raging Bolt|
|poke|p1|Golduck, M|
|poke|p1|Pawmot, F|
|poke|p1|Tentacruel, F|
|poke|p2|Ninetales-Alola, F|
|poke|p2|Forretress, M|
|poke|p2|Kyurem|
|poke|p2|Landorus-Therian, M|
|poke|p2|Slowking-Galar, M|
|poke|p2|Quaquaval, M|
|teampreview
|
|t:|1779901609
|teamsize|p1|6
|teamsize|p2|6
|start
|switch|p1a: Ghoti carrier|Pelipper, L99, F|100/100
|switch|p2a: Landorus|Landorus-Therian, M|100/100
|-ability|p2a: Landorus|Intimidate|boost
|-unboost|p1a: Ghoti carrier|atk|1
|-weather|RainDance|[from] ability: Drizzle|[of] p1a: Ghoti carrier
|turn|1
|inactive|Battle timer is ON: inactive players will automatically lose when time's up. (requested by louwilliamzz)
|
|t:|1779901618
|move|p2a: Landorus|U-turn|p1a: Ghoti carrier
|-resisted|p1a: Ghoti carrier
|-damage|p1a: Ghoti carrier|90/100
|
|t:|1779901622
|switch|p2a: Ninetales|Ninetales-Alola, F, shiny|100/100|[from] U-turn
|-weather|Snowscape|[from] ability: Snow Warning|[of] p2a: Ninetales
|move|p1a: Ghoti carrier|U-turn|p2a: Ninetales
|-resisted|p2a: Ninetales
|-damage|p2a: Ninetales|98/100
|
|t:|1779901637
|switch|p1a: Spaghetti Too|Tentacruel, F|100/100|[from] U-turn
|
|-weather|Snowscape|[upkeep]
|upkeep
|turn|2
|
|t:|1779901642
|move|p2a: Ninetales|Aurora Veil|p2a: Ninetales
|-sidestart|p2: louwilliamzz|move: Aurora Veil
|move|p1a: Spaghetti Too|Mirror Coat||[still]
|-fail|p1a: Spaghetti Too
|
|-weather|Snowscape|[upkeep]
|upkeep
|turn|3
|
|t:|1779901649
|switch|p2a: Slowking|Slowking-Galar, M|100/100
|move|p1a: Spaghetti Too|Flip Turn|p2a: Slowking
|-damage|p2a: Slowking|93/100
|
|t:|1779901656
|switch|p1a: Ghoti carrier|Pelipper, L99, F|90/100|[from] Flip Turn
|-weather|RainDance|[from] ability: Drizzle|[of] p1a: Ghoti carrier
|
|-weather|RainDance|[upkeep]
|upkeep
|turn|4
|
|t:|1779901666
|move|p1a: Ghoti carrier|U-turn|p2a: Slowking
|-damage|p2a: Slowking|88/100
|
|t:|1779901669
|switch|p1a: Spaghetti Too|Tentacruel, F|100/100|[from] U-turn
|move|p2a: Slowking|Toxic|p1a: Spaghetti Too
|-immune|p1a: Spaghetti Too
|
|-weather|RainDance|[upkeep]
|upkeep
|turn|5
|
|t:|1779901678
|move|p1a: Spaghetti Too|Flip Turn|p2a: Slowking
|-damage|p2a: Slowking|76/100
|
|t:|1779901687
|switch|p1a: ExSkewda Me|Barraskewda, F|100/100|[from] Flip Turn
|move|p2a: Slowking|Future Sight|p1a: ExSkewda Me
|-start|p2a: Slowking|move: Future Sight
|
|-weather|RainDance|[upkeep]
|upkeep
|turn|6
|
|t:|1779901700
|move|p1a: ExSkewda Me|Flip Turn|p2a: Slowking
|-damage|p2a: Slowking|45/100
|
|t:|1779901703
|switch|p1a: Spaghetti Too|Tentacruel, F|100/100|[from] Flip Turn
|-prepare|p2a: Slowking|Chilly Reception|[premajor]
|move|p2a: Slowking|Chilly Reception|p2a: Slowking
|-weather|Snowscape
|
|t:|1779901714
|switch|p2a: Landorus|Landorus-Therian, M|100/100|[from] Chilly Reception
|-ability|p2a: Landorus|Intimidate|boost
|-unboost|p1a: Spaghetti Too|atk|1
|
|-weather|Snowscape|[upkeep]
|upkeep
|turn|7
|
|t:|1779901720
|switch|p1a: Ghoti carrier|Pelipper, L99, F|90/100
|-weather|RainDance|[from] ability: Drizzle|[of] p1a: Ghoti carrier
|move|p2a: Landorus|Earthquake|p1a: Ghoti carrier
|-immune|p1a: Ghoti carrier
|
|-weather|RainDance|[upkeep]
|-end|p1a: Ghoti carrier|move: Future Sight
|-damage|p1a: Ghoti carrier|24/100
|upkeep
|turn|8
|
|t:|1779901731
|switch|p2a: Slowking|Slowking-Galar, M|78/100
|move|p1a: Ghoti carrier|Roost|p1a: Ghoti carrier
|-heal|p1a: Ghoti carrier|74/100
|-singleturn|p1a: Ghoti carrier|move: Roost
|
|-weather|RainDance|[upkeep]
|upkeep
|turn|9
|
|t:|1779901737
|move|p1a: Ghoti carrier|Hurricane|p2a: Slowking
|-damage|p2a: Slowking|69/100
|move|p2a: Slowking|Future Sight|p1a: Ghoti carrier
|-start|p2a: Slowking|move: Future Sight
|
|-weather|RainDance|[upkeep]
|-sideend|p2: louwilliamzz|move: Aurora Veil
|upkeep
|turn|10
|
|t:|1779901743
|move|p1a: Ghoti carrier|U-turn|p2a: Slowking
|-damage|p2a: Slowking|59/100
|
|t:|1779901745
|switch|p1a: Spaghetti Too|Tentacruel, F|100/100|[from] U-turn
|move|p2a: Slowking|Toxic|p1a: Spaghetti Too
|-immune|p1a: Spaghetti Too
|
|-weather|RainDance|[upkeep]
|upkeep
|turn|11
|
|t:|1779901757
|move|p1a: Spaghetti Too|Rapid Spin|p2a: Slowking
|-damage|p2a: Slowking|50/100
|-boost|p1a: Spaghetti Too|spe|1
|-prepare|p2a: Slowking|Chilly Reception|[premajor]
|move|p2a: Slowking|Chilly Reception|p2a: Slowking
|-weather|Snowscape
|
|t:|1779901772
|switch|p2a: Ninetales|Ninetales-Alola, F, shiny|98/100|[from] Chilly Reception
|
|-weather|Snowscape|[upkeep]
|-end|p1a: Spaghetti Too|move: Future Sight
|-supereffective|p1a: Spaghetti Too
|-damage|p1a: Spaghetti Too|64/100
|upkeep
|turn|12
|
|t:|1779901781
|switch|p1a: Ghoti carrier|Pelipper, L99, F|74/100
|-weather|RainDance|[from] ability: Drizzle|[of] p1a: Ghoti carrier
|move|p2a: Ninetales|Aurora Veil||[still]
|-fail|p2a: Ninetales
|
|-weather|RainDance|[upkeep]
|upkeep
|turn|13
|
|t:|1779901792
|switch|p1a: Spaghetti Too|Tentacruel, F|64/100
|move|p2a: Ninetales|Freeze-Dry|p1a: Spaghetti Too
|-supereffective|p1a: Spaghetti Too
|-damage|p1a: Spaghetti Too|49/100
|
|-weather|RainDance|[upkeep]
|-heal|p1a: Spaghetti Too|55/100|[from] ability: Rain Dish
|upkeep
|turn|14
|
|t:|1779901803
|switch|p2a: Slowking|Slowking-Galar, M|84/100
|move|p1a: Spaghetti Too|Flip Turn|p2a: Slowking
|-damage|p2a: Slowking|58/100
|
|t:|1779901806
|switch|p1a: ExSkewda Me|Barraskewda, F|100/100|[from] Flip Turn
|
|-weather|RainDance|[upkeep]
|upkeep
|turn|15
|
|t:|1779901829
|switch|p2a: Ninetales|Ninetales-Alola, F, shiny|98/100
|-weather|Snowscape|[from] ability: Snow Warning|[of] p2a: Ninetales
|move|p1a: ExSkewda Me|Liquidation|p2a: Ninetales
|-damage|p2a: Ninetales|55/100
|
|-weather|Snowscape|[upkeep]
|upkeep
|turn|16
|
|t:|1779901843
|move|p1a: ExSkewda Me|Poison Jab|p2a: Ninetales
|-supereffective|p2a: Ninetales
|-crit|p2a: Ninetales
|-damage|p2a: Ninetales|0 fnt
|faint|p2a: Ninetales
|
|-weather|Snowscape|[upkeep]
|upkeep
|
|t:|1779901847
|switch|p2a: Forretress|Forretress, M, shiny|100/100
|turn|17
|
|t:|1779901855
|move|p1a: ExSkewda Me|Flip Turn|p2a: Forretress
|-damage|p2a: Forretress|76/100
|
|t:|1779901857
|switch|p1a: Ghoti carrier|Pelipper, L99, F|74/100|[from] Flip Turn
|-weather|RainDance|[from] ability: Drizzle|[of] p1a: Ghoti carrier
|move|p2a: Forretress|Volt Switch|p1a: Ghoti carrier
|-supereffective|p1a: Ghoti carrier
|-damage|p1a: Ghoti carrier|10/100
|
|t:|1779901869
|switch|p2a: Quaquaval|Quaquaval, M|100/100|[from] Volt Switch
|
|-weather|RainDance|[upkeep]
|upkeep
|turn|18
|
|t:|1779901876
|switch|p1a: Spaghetti Too|Tentacruel, F|55/100
|move|p2a: Quaquaval|Aqua Step|p1a: Spaghetti Too
|-resisted|p1a: Spaghetti Too
|-damage|p1a: Spaghetti Too|8/100
|-boost|p2a: Quaquaval|spe|1
|
|-weather|RainDance|[upkeep]
|-heal|p1a: Spaghetti Too|14/100|[from] ability: Rain Dish
|upkeep
|turn|19
|
|t:|1779901885
|move|p2a: Quaquaval|Aqua Step|p1a: Spaghetti Too
|-resisted|p1a: Spaghetti Too
|-crit|p1a: Spaghetti Too
|-damage|p1a: Spaghetti Too|0 fnt
|-boost|p2a: Quaquaval|spe|1
|faint|p1a: Spaghetti Too
|-ability|p2a: Quaquaval|Moxie|boost
|-boost|p2a: Quaquaval|atk|1
|
|-weather|RainDance|[upkeep]
|upkeep
|
|t:|1779901903
|switch|p1a: Great Neck|Raging Bolt|100/100
|turn|20
|
|t:|1779901908
|move|p2a: Quaquaval|Triple Axel|p1a: Great Neck
|-supereffective|p1a: Great Neck
|-damage|p1a: Great Neck|81/100
|-supereffective|p1a: Great Neck
|-damage|p1a: Great Neck|40/100
|-hitcount|p1a: Great Neck|2
|move|p1a: Great Neck|Thunder|p2a: Quaquaval
|-supereffective|p2a: Quaquaval
|-damage|p2a: Quaquaval|0 fnt
|faint|p2a: Quaquaval
|
|-weather|RainDance|[upkeep]
|-heal|p1a: Great Neck|46/100|[from] item: Leftovers
|upkeep
|
|t:|1779901926
|switch|p2a: Slowking|Slowking-Galar, M|92/100
|turn|21
|
|t:|1779901935
|move|p1a: Great Neck|Thunder|p2a: Slowking
|-damage|p2a: Slowking|54/100
|move|p2a: Slowking|Future Sight|p1a: Great Neck
|-start|p2a: Slowking|move: Future Sight
|
|-weather|RainDance|[upkeep]
|-heal|p1a: Great Neck|52/100|[from] item: Leftovers
|upkeep
|turn|22
|
|t:|1779901944
|move|p1a: Great Neck|Draco Meteor|p2a: Slowking
|-damage|p2a: Slowking|6/100
|-unboost|p1a: Great Neck|spa|2
|-prepare|p2a: Slowking|Chilly Reception|[premajor]
|move|p2a: Slowking|Chilly Reception|p2a: Slowking
|-weather|Snowscape
|
|t:|1779901952
|switch|p2a: Landorus|Landorus-Therian, M|100/100|[from] Chilly Reception
|-ability|p2a: Landorus|Intimidate|boost
|-unboost|p1a: Great Neck|atk|1
|
|-weather|Snowscape|[upkeep]
|-heal|p1a: Great Neck|58/100|[from] item: Leftovers
|upkeep
|turn|23
|
|t:|1779901962
|-end|p1a: Great Neck|Protosynthesis|[silent]
|switch|p1a: Ghoti carrier|Pelipper, L99, F|10/100
|-weather|RainDance|[from] ability: Drizzle|[of] p1a: Ghoti carrier
|move|p2a: Landorus|Stealth Rock|p1a: Ghoti carrier
|-sidestart|p1: 1100 smurf|move: Stealth Rock
|
|-weather|RainDance|[upkeep]
|-end|p1a: Ghoti carrier|move: Future Sight
|-damage|p1a: Ghoti carrier|0 fnt
|faint|p1a: Ghoti carrier
|upkeep
|
|t:|1779901969
|switch|p1a: ExSkewda Me|Barraskewda, F|100/100
|-damage|p1a: ExSkewda Me|88/100|[from] Stealth Rock
|turn|24
|inactive|louwilliamzz has 120 seconds left.
|
|t:|1779902003
|switch|p2a: Forretress|Forretress, M, shiny|76/100
|move|p1a: ExSkewda Me|Liquidation|p2a: Forretress
|-damage|p2a: Forretress|31/100
|
|-weather|RainDance|[upkeep]
|-heal|p2a: Forretress|37/100|[from] item: Leftovers
|upkeep
|turn|25
|inactive|louwilliamzz has 120 seconds left.
|
|t:|1779902014
|move|p1a: ExSkewda Me|Liquidation|p2a: Forretress
|-damage|p2a: Forretress|0 fnt
|faint|p2a: Forretress
|
|-weather|RainDance|[upkeep]
|upkeep
|
|t:|1779902017
|switch|p2a: Slowking|Slowking-Galar, M|39/100
|turn|26
|
|t:|1779902026
|switch|p2a: Kyurem|Kyurem|100/100
|-ability|p2a: Kyurem|Pressure
|move|p1a: ExSkewda Me|Liquidation|p2a: Kyurem
|-resisted|p2a: Kyurem
|-damage|p2a: Kyurem|58/100
|-unboost|p2a: Kyurem|def|1
|
|-weather|RainDance|[upkeep]
|upkeep
|turn|27
|
|t:|1779902036
|move|p1a: ExSkewda Me|Liquidation|p2a: Kyurem
|-resisted|p2a: Kyurem
|-damage|p2a: Kyurem|0 fnt
|faint|p2a: Kyurem
|
|-weather|RainDance|[upkeep]
|upkeep
|
|t:|1779902039
|switch|p2a: Slowking|Slowking-Galar, M|72/100
|turn|28
|
|t:|1779902055
|-terastallize|p2a: Slowking|Water
|move|p1a: ExSkewda Me|Liquidation|p2a: Slowking
|-resisted|p2a: Slowking
|-damage|p2a: Slowking|25/100
|-prepare|p2a: Slowking|Chilly Reception|[premajor]
|move|p2a: Slowking|Chilly Reception|p2a: Slowking
|-weather|Snowscape
|
|t:|1779902063
|switch|p2a: Landorus|Landorus-Therian, M|100/100|[from] Chilly Reception
|-ability|p2a: Landorus|Intimidate|boost
|-unboost|p1a: ExSkewda Me|atk|1
|
|-weather|Snowscape|[upkeep]
|upkeep
|turn|29
|
|t:|1779902071
|move|p2a: Landorus|Earthquake|p1a: ExSkewda Me
|-damage|p1a: ExSkewda Me|0 fnt
|faint|p1a: ExSkewda Me
|
|-weather|Snowscape|[upkeep]
|upkeep
|
|t:|1779902090
|switch|p1a: Great Neck|Raging Bolt|58/100
|-damage|p1a: Great Neck|46/100|[from] Stealth Rock
|turn|30
|
|t:|1779902102
|-terastallize|p1a: Great Neck|Fairy
|move|p2a: Landorus|Earthquake|p1a: Great Neck
|-damage|p1a: Great Neck|0 fnt
|faint|p1a: Great Neck
|-end|p1a: Great Neck|Protosynthesis|[silent]
|
|-weather|Snowscape|[upkeep]
|upkeep
|
|t:|1779902106
|switch|p1a: Seaking Duck|Golduck, M|100/100
|-damage|p1a: Seaking Duck|88/100|[from] Stealth Rock
|turn|31
|
|t:|1779902111
|switch|p2a: Slowking|Slowking-Galar, M, tera:Water|59/100
|move|p1a: Seaking Duck|Ice Beam|p2a: Slowking
|-resisted|p2a: Slowking
|-damage|p2a: Slowking|47/100
|-damage|p1a: Seaking Duck|78/100|[from] item: Life Orb
|
|-weather|Snowscape|[upkeep]
|upkeep
|turn|32
|
|t:|1779902117
|move|p1a: Seaking Duck|Substitute|p1a: Seaking Duck
|-start|p1a: Seaking Duck|Substitute
|-damage|p1a: Seaking Duck|53/100
|move|p2a: Slowking|Future Sight|p1a: Seaking Duck
|-start|p2a: Slowking|move: Future Sight
|
|-weather|none
|upkeep
|turn|33
|
|t:|1779902126
|move|p1a: Seaking Duck|Nasty Plot|p1a: Seaking Duck
|-boost|p1a: Seaking Duck|spa|2
|move|p2a: Slowking|Venoshock|p1a: Seaking Duck
|-end|p1a: Seaking Duck|Substitute
|
|upkeep
|turn|34
|
|t:|1779902132
|move|p1a: Seaking Duck|Hydro Pump|p2a: Slowking
|-resisted|p2a: Slowking
|-damage|p2a: Slowking|7/100
|-damage|p1a: Seaking Duck|43/100|[from] item: Life Orb
|move|p2a: Slowking|Venoshock|p1a: Seaking Duck
|-damage|p1a: Seaking Duck|7/100
|
|-end|p1a: Seaking Duck|move: Future Sight
|-damage|p1a: Seaking Duck|0 fnt
|faint|p1a: Seaking Duck
|upkeep
|
|t:|1779902135
|switch|p1a: Really want eject|Pawmot, F|100/100
|-damage|p1a: Really want eject|94/100|[from] Stealth Rock
|turn|35
|
|t:|1779902143
|move|p1a: Really want eject|Revival Blessing|p1a: Really want eject
|-enditem|p1a: Really want eject|Leppa Berry|[eat]
|-activate|p1a: Really want eject|item: Leppa Berry|Revival Blessing|[consumed]
|
|t:|1779902151
|-heal|p1: ExSkewda Me|50/100|[from] move: Revival Blessing
|move|p2a: Slowking|Future Sight|p1a: Really want eject
|-start|p2a: Slowking|move: Future Sight
|
|upkeep
|turn|36
|
|t:|1779902179
|move|p1a: Really want eject|Revival Blessing|p1a: Really want eject
|
|t:|1779902182
|-heal|p1: Ghoti carrier|50/100|[from] move: Revival Blessing
|-prepare|p2a: Slowking|Chilly Reception|[premajor]
|move|p2a: Slowking|Chilly Reception|p2a: Slowking
|-weather|Snowscape
|
|t:|1779902185
|switch|p2a: Landorus|Landorus-Therian, M|100/100|[from] Chilly Reception
|-ability|p2a: Landorus|Intimidate|boost
|-unboost|p1a: Really want eject|atk|1
|
|-weather|Snowscape|[upkeep]
|upkeep
|turn|37
|
|t:|1779902193
|switch|p2a: Slowking|Slowking-Galar, M, tera:Water|40/100
|move|p1a: Really want eject|Close Combat|p2a: Slowking
|-damage|p2a: Slowking|10/100
|-unboost|p1a: Really want eject|def|1
|-unboost|p1a: Really want eject|spd|1
|
|-weather|Snowscape|[upkeep]
|-end|p1a: Really want eject|move: Future Sight
|-supereffective|p1a: Really want eject
|-damage|p1a: Really want eject|0 fnt
|faint|p1a: Really want eject
|upkeep
|
|t:|1779902202
|switch|p1a: Ghoti carrier|Pelipper, L99, F|50/100
|-damage|p1a: Ghoti carrier|26/100|[from] Stealth Rock
|-weather|RainDance|[from] ability: Drizzle|[of] p1a: Ghoti carrier
|turn|38
|
|t:|1779902217
|switch|p2a: Landorus|Landorus-Therian, M|100/100
|-ability|p2a: Landorus|Intimidate|boost
|-unboost|p1a: Ghoti carrier|atk|1
|move|p1a: Ghoti carrier|Hurricane|p2a: Landorus
|-damage|p2a: Landorus|58/100
|-start|p2a: Landorus|confusion
|
|-weather|RainDance|[upkeep]
|upkeep
|turn|39
|inactive|louwilliamzz has 120 seconds left.
|
|t:|1779902250
|switch|p2a: Slowking|Slowking-Galar, M, tera:Water|43/100
|move|p1a: Ghoti carrier|U-turn|p2a: Slowking
|-damage|p2a: Slowking|36/100
|
|t:|1779902253
|switch|p1a: ExSkewda Me|Barraskewda, F|50/100|[from] U-turn
|-damage|p1a: ExSkewda Me|38/100|[from] Stealth Rock
|
|-weather|RainDance|[upkeep]
|upkeep
|turn|40
|
|t:|1779902266
|switch|p2a: Landorus|Landorus-Therian, M|58/100
|-ability|p2a: Landorus|Intimidate|boost
|-unboost|p1a: ExSkewda Me|atk|1
|move|p1a: ExSkewda Me|Liquidation|p2a: Landorus
|-supereffective|p2a: Landorus
|-damage|p2a: Landorus|0 fnt
|faint|p2a: Landorus
|
|-weather|RainDance|[upkeep]
|upkeep
|
|t:|1779902272
|switch|p2a: Slowking|Slowking-Galar, M, tera:Water|70/100
|turn|41
|
|t:|1779902282
|move|p1a: ExSkewda Me|Flip Turn|p2a: Slowking
|-resisted|p2a: Slowking
|-damage|p2a: Slowking|48/100
|
|t:|1779902286
|switch|p1a: Ghoti carrier|Pelipper, L99, F|26/100|[from] Flip Turn
|-damage|p1a: Ghoti carrier|1/100|[from] Stealth Rock
|move|p2a: Slowking|Venoshock|p1a: Ghoti carrier
|-damage|p1a: Ghoti carrier|0 fnt
|faint|p1a: Ghoti carrier
|
|-weather|RainDance|[upkeep]
|upkeep
|
|t:|1779902288
|switch|p1a: ExSkewda Me|Barraskewda, F|38/100
|-damage|p1a: ExSkewda Me|26/100|[from] Stealth Rock
|turn|42
|
|t:|1779902292
|move|p1a: ExSkewda Me|Close Combat|p2a: Slowking
|-damage|p2a: Slowking|6/100
|-unboost|p1a: ExSkewda Me|def|1
|-unboost|p1a: ExSkewda Me|spd|1
|move|p2a: Slowking|Venoshock|p1a: ExSkewda Me
|-damage|p1a: ExSkewda Me|0 fnt
|faint|p1a: ExSkewda Me
|
|win|louwilliamzz
|raw|1100 smurf's rating: 1491 &rarr; <strong>1470</strong><br />(-21 for losing)
|raw|louwilliamzz's rating: 1469 &rarr; <strong>1490</strong><br />(+21 for winning)
|c|☆louwilliamzz|gg
|c|☆1100 smurf|gg
|l|☆1100 smurf
|player|p1|
|l|☆louwilliamzz
|player|p2|
