|j|☆Shabooya1
|j|☆eucalipto69!
|t:|1779899875
|gametype|singles
|player|p1|Shabooya1|brycenman|1474
|player|p2|eucalipto69!|steven|1468
|gen|9
|tier|[Gen 9] OU
|rated|
|rule|HP Percentage Mod: HP is shown in percentages
|rule|Endless Battle Clause: Forcing endless battles is banned
|rule|Species Clause: Limit one of each Pokémon
|rule|OHKO Clause: OHKO moves are banned
|rule|Evasion Items Clause: Evasion items are banned
|rule|Evasion Moves Clause: Evasion moves are banned
|rule|Evasion Abilities Clause: Evasion abilities are banned
|rule|Sleep Moves Clause: Sleep-inducing moves are banned
|clearpoke
|poke|p1|Cresselia, F|
|poke|p1|Torkoal, F|
|poke|p1|Hatterene, F|
|poke|p1|Iron Hands|
|poke|p1|Mimikyu, F|
|poke|p1|Araquanid, F|
|poke|p2|Primarina, F|
|poke|p2|Thundurus-Therian, M|
|poke|p2|Ogerpon-Cornerstone, F|
|poke|p2|Great Tusk|
|poke|p2|Dragapult, M|
|poke|p2|Cinderace, M|
|teampreview
|
|t:|1779899881
|teamsize|p1|6
|teamsize|p2|6
|start
|switch|p1a: Hatterene|Hatterene, F, shiny|100/100
|switch|p2a: Ogerpon|Ogerpon-Cornerstone, F|100/100
|turn|1
|
|t:|1779899885
|move|p2a: Ogerpon|Focus Energy|p2a: Ogerpon
|-start|p2a: Ogerpon|move: Focus Energy
|move|p1a: Hatterene|Trick Room|p1a: Hatterene
|-fieldstart|move: Trick Room|[of] p1a: Hatterene
|
|upkeep
|turn|2
|
|t:|1779899893
|move|p1a: Hatterene|Psychic|p2a: Ogerpon
|-damage|p2a: Ogerpon|42/100
|move|p2a: Ogerpon|Ivy Cudgel|p1a: Hatterene|[anim] Ivy Cudgel Rock
|-crit|p1a: Hatterene
|-damage|p1a: Hatterene|5/100
|
|upkeep
|turn|3
|j| Hatsunamiku
|
|t:|1779899899
|switch|p2a: Primarina|Primarina, F|100/100
|move|p1a: Hatterene|Psychic|p2a: Primarina
|-damage|p2a: Primarina|73/100
|-unboost|p2a: Primarina|spd|1
|
|upkeep
|turn|4
|
|t:|1779899903
|move|p1a: Hatterene|Misty Explosion|p2a: Primarina
|-damage|p2a: Primarina|28/100
|faint|p1a: Hatterene
|move|p2a: Primarina|Moonblast|p1: Hatterene|[notarget]
|-fail|p2a: Primarina
|
|upkeep
|inactive|Battle timer is ON: inactive players will automatically lose when time's up. (requested by eucalipto69!)
|
|t:|1779899938
|switch|p1a: Araquanid|Araquanid, F, shiny|100/100
|turn|5
|
|t:|1779899948
|move|p1a: Araquanid|Liquidation|p2a: Primarina
|-resisted|p2a: Primarina
|-damage|p2a: Primarina|0 fnt
|faint|p2a: Primarina
|
|-fieldend|move: Trick Room
|upkeep
|
|t:|1779899950
|switch|p2a: Ogerpon|Ogerpon-Cornerstone, F|42/100
|turn|6
|
|t:|1779899952
|move|p2a: Ogerpon|Ivy Cudgel|p1a: Araquanid|[anim] Ivy Cudgel Rock
|-supereffective|p1a: Araquanid
|-damage|p1a: Araquanid|0 fnt
|faint|p1a: Araquanid
|
|upkeep
|
|t:|1779899960
|switch|p1a: Mimikyu|Mimikyu, F|100/100
|turn|7
|
|t:|1779899964
|move|p2a: Ogerpon|Ivy Cudgel|p1a: Mimikyu|[anim] Ivy Cudgel Rock
|-activate|p1a: Mimikyu|ability: Disguise
|-damage|p1a: Mimikyu|100/100
|detailschange|p1a: Mimikyu|Mimikyu-Busted, F
|-damage|p1a: Mimikyu|88/100|[from] pokemon: Mimikyu-Busted
|-enditem|p1a: Mimikyu|Red Card|[of] p2a: Ogerpon
|drag|p2a: Great Tusk|Great Tusk|100/100
|move|p1a: Mimikyu|Trick Room|p1a: Mimikyu
|-fieldstart|move: Trick Room|[of] p1a: Mimikyu
|
|upkeep
|turn|8
|
|t:|1779899973
|-end|p2a: Great Tusk|Protosynthesis|[silent]
|switch|p2a: Cinderace|Cinderace, M|100/100
|move|p1a: Mimikyu|Curse|p2a: Cinderace
|-start|p2a: Cinderace|Curse|[of] p1a: Mimikyu
|-damage|p1a: Mimikyu|38/100
|
|-damage|p2a: Cinderace|76/100|[from] Curse
|upkeep
|turn|9
|
|t:|1779899978
|move|p1a: Mimikyu|Destiny Bond|p1a: Mimikyu
|-singlemove|p1a: Mimikyu|Destiny Bond
|move|p2a: Cinderace|U-turn|p1a: Mimikyu
|-start|p2a: Cinderace|typechange|Bug|[from] ability: Libero
|-resisted|p1a: Mimikyu
|-damage|p1a: Mimikyu|29/100
|
|t:|1779899986
|switch|p2a: Dragapult|Dragapult, M|100/100|[from] U-turn
|
|upkeep
|turn|10
|
|t:|1779899991
|move|p1a: Mimikyu|Substitute|p1a: Mimikyu
|-start|p1a: Mimikyu|Substitute
|-damage|p1a: Mimikyu|4/100
|move|p2a: Dragapult|U-turn|p1a: Mimikyu
|-resisted|p1a: Mimikyu
|-damage|p1a: Mimikyu|0 fnt
|faint|p1a: Mimikyu
|
|t:|1779900001
|switch|p2a: Cinderace|Cinderace, M|76/100|[from] U-turn
|
|upkeep
|
|t:|1779900005
|switch|p1a: Iron Hands|Iron Hands, shiny|100/100
|-enditem|p1a: Iron Hands|Booster Energy
|-activate|p1a: Iron Hands|ability: Quark Drive|[fromitem]
|-start|p1a: Iron Hands|quarkdriveatk
|turn|11
|
|t:|1779900015
|switch|p2a: Dragapult|Dragapult, M|100/100
|move|p1a: Iron Hands|Drain Punch|p2a: Dragapult
|-immune|p2a: Dragapult
|
|-fieldend|move: Trick Room
|upkeep
|turn|12
|
|t:|1779900019
|move|p2a: Dragapult|Will-O-Wisp|p1a: Iron Hands
|-status|p1a: Iron Hands|brn
|move|p1a: Iron Hands|Ice Punch|p2a: Dragapult
|-supereffective|p2a: Dragapult
|-damage|p2a: Dragapult|49/100
|
|-heal|p2a: Dragapult|55/100|[from] item: Leftovers
|-damage|p1a: Iron Hands|94/100 brn|[from] brn
|upkeep
|turn|13
|
|t:|1779900030
|move|p2a: Dragapult|Hex|p1a: Iron Hands
|-damage|p1a: Iron Hands|50/100 brn
|move|p1a: Iron Hands|Swords Dance|p1a: Iron Hands
|-boost|p1a: Iron Hands|atk|2
|
|-heal|p2a: Dragapult|62/100|[from] item: Leftovers
|-damage|p1a: Iron Hands|44/100 brn|[from] brn
|upkeep
|turn|14
|
|t:|1779900037
|move|p2a: Dragapult|Hex|p1a: Iron Hands
|-damage|p1a: Iron Hands|3/100 brn
|move|p1a: Iron Hands|Ice Punch|p2a: Dragapult
|-supereffective|p2a: Dragapult
|-damage|p2a: Dragapult|0 fnt
|faint|p2a: Dragapult
|
|-damage|p1a: Iron Hands|0 fnt|[from] brn
|faint|p1a: Iron Hands
|-end|p1a: Iron Hands|Quark Drive|[silent]
|upkeep
|
|t:|1779900046
|switch|p2a: Thundurus|Thundurus-Therian, M|100/100
|switch|p1a: Git gud|Cresselia, F, shiny|100/100
|turn|15
|
|t:|1779900050
|move|p2a: Thundurus|Taunt|p1a: Git gud
|-start|p1a: Git gud|move: Taunt
|-enditem|p1a: Git gud|Mental Herb
|-end|p1a: Git gud|move: Taunt
|move|p1a: Git gud|Psychic|p2a: Thundurus
|-damage|p2a: Thundurus|69/100
|-unboost|p2a: Thundurus|spd|1
|
|upkeep
|turn|16
|l|☆eucalipto69!
|inactive|eucalipto69! disconnected and has a minute to reconnect!
|player|p2|
|j|☆eucalipto69!
|inactive|eucalipto69! reconnected and has 135 seconds left.
|player|p2|eucalipto69!|steven|
|
|t:|1779900071
|move|p2a: Thundurus|Taunt|p1a: Git gud
|-start|p1a: Git gud|move: Taunt
|move|p1a: Git gud|Psychic|p2a: Thundurus
|-damage|p2a: Thundurus|22/100
|
|upkeep
|turn|17
|
|t:|1779900075
|move|p2a: Thundurus|Thunderbolt|p1a: Git gud
|-damage|p1a: Git gud|71/100
|move|p1a: Git gud|Psychic|p2a: Thundurus
|-damage|p2a: Thundurus|0 fnt
|faint|p2a: Thundurus
|
|upkeep
|
|t:|1779900080
|switch|p2a: Ogerpon|Ogerpon-Cornerstone, F|42/100
|turn|18
|
|t:|1779900084
|move|p2a: Ogerpon|Focus Energy|p2a: Ogerpon
|-start|p2a: Ogerpon|move: Focus Energy
|move|p1a: Git gud|Psychic|p2a: Ogerpon
|-damage|p2a: Ogerpon|15/100
|
|-end|p1a: Git gud|move: Taunt
|upkeep
|turn|19
|
|t:|1779900090
|-terastallize|p2a: Ogerpon|Rock
|detailschange|p2a: Ogerpon|Ogerpon-Cornerstone-Tera, F, tera:Rock
|-ability|p2a: Ogerpon|Embody Aspect (Cornerstone)|boost
|-boost|p2a: Ogerpon|def|1
|move|p2a: Ogerpon|Ivy Cudgel|p1a: Git gud|[anim] Ivy Cudgel Rock
|-crit|p1a: Git gud
|-damage|p1a: Git gud|0 fnt
|faint|p1a: Git gud
|
|upkeep
|l|☆Shabooya1
|inactive|Shabooya1 disconnected and has a minute to reconnect!
|player|p1|
|inactive|Shabooya1 has 30 seconds to reconnect!
|inactive|Shabooya1 has 20 seconds to reconnect!
|inactive|Shabooya1 has 15 seconds to reconnect!
|inactive|Shabooya1 has 10 seconds to reconnect!
|inactive|Shabooya1 has 5 seconds to reconnect!
|l| Hatsunamiku
|-message|Shabooya1 lost due to inactivity.
|
|win|eucalipto69!
|raw|Shabooya1's rating: 1474 &rarr; <strong>1454</strong><br />(-20 for losing)
|raw|eucalipto69!'s rating: 1468 &rarr; <strong>1488</strong><br />(+20 for winning)
|l|☆eucalipto69!
|player|p2|
