|j|☆Scepticskep
|j|☆kuraiyagare
|t:|1779848019
|gametype|singles
|player|p1|Scepticskep|pokemaniac|1479
|player|p2|kuraiyagare|pokemonranger-gen4|1487
|gen|9
|tier|[Gen 9] OU
|rated|
|rule|HP Percentage Mod: HP is shown in percentages
|rule|Endless Battle Clause: Forcing endless battles is banned
|rule|Species Clause: Limit one of each Pokémon
|rule|OHKO Clause: OHKO moves are banned
|rule|Evasion Items Clause: Evasion items are banned
|rule|Evasion Moves Clause: Evasion moves are banned
|rule|Evasion Abilities Clause: Evasion abilities are banned
|rule|Sleep Moves Clause: Sleep-inducing moves are banned
|clearpoke
|poke|p1|Cramorant, F|
|poke|p1|Kingambit, F|
|poke|p1|Iron Moth|
|poke|p1|Enamorus, F|
|poke|p1|Great Tusk|
|poke|p1|Ceruledge, F|
|poke|p2|Breloom, M|
|poke|p2|Gardevoir, F|
|poke|p2|Talonflame, M|
|poke|p2|Magnezone|
|poke|p2|Drifblim, M|
|poke|p2|Zangoose, M|
|teampreview
|inactive|Battle timer is ON: inactive players will automatically lose when time's up. (requested by Scepticskep)
|
|t:|1779848042
|teamsize|p1|6
|teamsize|p2|6
|start
|switch|p1a: Iron Moth|Iron Moth|100/100
|switch|p2a: Gardenia|Gardevoir, F|100/100
|-enditem|p1a: Iron Moth|Booster Energy
|-activate|p1a: Iron Moth|ability: Quark Drive|[fromitem]
|-start|p1a: Iron Moth|quarkdrivespe
|turn|1
|
|t:|1779848046
|move|p1a: Iron Moth|Sludge Wave|p2a: Gardenia
|-supereffective|p2a: Gardenia
|-enditem|p2a: Gardenia|Focus Sash
|-damage|p2a: Gardenia|1/100
|move|p2a: Gardenia|Psyshock|p1a: Iron Moth
|-supereffective|p1a: Iron Moth
|-damage|p1a: Iron Moth|0 fnt
|faint|p1a: Iron Moth
|-end|p1a: Iron Moth|Quark Drive|[silent]
|
|upkeep
|
|t:|1779848054
|switch|p1a: Great Tusk|Great Tusk|100/100
|-enditem|p1a: Great Tusk|Booster Energy
|-activate|p1a: Great Tusk|ability: Protosynthesis|[fromitem]
|-start|p1a: Great Tusk|protosynthesisatk
|turn|2
|inactive|kuraiyagare has 120 seconds left.
|
|t:|1779848085
|move|p1a: Great Tusk|Rapid Spin|p2a: Gardenia
|-damage|p2a: Gardenia|0 fnt
|-boost|p1a: Great Tusk|spe|1
|faint|p2a: Gardenia
|
|upkeep
|
|t:|1779848088
|switch|p2a: Zangoose|Zangoose, M|100/100
|turn|3
|
|t:|1779848090
|move|p1a: Great Tusk|Headlong Rush|p2a: Zangoose
|-enditem|p2a: Zangoose|Focus Sash
|-damage|p2a: Zangoose|1/100
|-unboost|p1a: Great Tusk|def|1
|-unboost|p1a: Great Tusk|spd|1
|move|p2a: Zangoose|Counter|p1a: Great Tusk
|-damage|p1a: Great Tusk|0 fnt
|faint|p1a: Great Tusk
|-end|p1a: Great Tusk|Protosynthesis|[silent]
|
|upkeep
|
|t:|1779848094
|switch|p1a: Ceruledge|Ceruledge, F|100/100
|turn|4
|
|t:|1779848106
|move|p1a: Ceruledge|Bitter Blade|p2a: Zangoose
|-damage|p2a: Zangoose|0 fnt
|faint|p2a: Zangoose
|
|upkeep
|
|t:|1779848118
|switch|p2a: Vatra|Talonflame, M|100/100
|turn|5
|
|t:|1779848121
|move|p2a: Vatra|Brave Bird|p1a: Ceruledge
|-damage|p1a: Ceruledge|41/100
|-damage|p2a: Vatra|81/100|[from] Recoil
|move|p1a: Ceruledge|Poltergeist|p2a: Vatra
|-activate|p2a: Vatra|move: Poltergeist|Heavy-Duty Boots
|-damage|p2a: Vatra|0 fnt
|faint|p2a: Vatra
|
|upkeep
|
|t:|1779848125
|switch|p2a: Drastenie|Breloom, M|100/100
|turn|6
|
|t:|1779848129
|move|p1a: Ceruledge|Bitter Blade|p2a: Drastenie
|-supereffective|p2a: Drastenie
|-enditem|p2a: Drastenie|Focus Sash
|-damage|p2a: Drastenie|1/100
|-heal|p1a: Ceruledge|86/100|[from] drain|[of] p2a: Drastenie
|move|p2a: Drastenie|Bulldoze|p1a: Ceruledge
|-supereffective|p1a: Ceruledge
|-damage|p1a: Ceruledge|0 fnt
|faint|p1a: Ceruledge
|
|upkeep
|
|t:|1779848137
|switch|p1a: Enamorus|Enamorus, F|100/100
|turn|7
|
|t:|1779848140
|move|p1a: Enamorus|Moonblast|p2a: Drastenie
|-supereffective|p2a: Drastenie
|-damage|p2a: Drastenie|0 fnt
|faint|p2a: Drastenie
|
|upkeep
|
|t:|1779848142
|switch|p2a: hax = skill|Magnezone|100/100
|turn|8
|
|t:|1779848145
|move|p1a: Enamorus|Earth Power|p2a: hax = skill
|-supereffective|p2a: hax = skill
|-ability|p2a: hax = skill|Sturdy
|-damage|p2a: hax = skill|1/100
|move|p2a: hax = skill|Flash Cannon|p1a: Enamorus
|-supereffective|p1a: Enamorus
|-enditem|p1a: Enamorus|Focus Sash
|-damage|p1a: Enamorus|1/100
|
|upkeep
|turn|9
|-enditem|p2a: hax = skill|Custap Berry|[eat]
|-activate|p2a: hax = skill|item: Custap Berry|[consumed]
|
|t:|1779848151
|move|p2a: hax = skill|Thunderbolt|p1a: Enamorus
|-supereffective|p1a: Enamorus
|-damage|p1a: Enamorus|0 fnt
|faint|p1a: Enamorus
|
|upkeep
|
|t:|1779848157
|switch|p1a: Cramorant|Cramorant, F, shiny|100/100
|turn|10
|
|t:|1779848160
|move|p1a: Cramorant|Surf|p2a: hax = skill
|-formechange|p1a: Cramorant|Cramorant-Gulping|
|-damage|p2a: hax = skill|0 fnt
|faint|p2a: hax = skill
|
|upkeep
|
|t:|1779848162
|switch|p2a: drifflim|Drifblim, M|100/100
|turn|11
|
|t:|1779848177
|move|p1a: Cramorant|Hurricane|p2a: drifflim
|-damage|p2a: drifflim|49/100
|-start|p2a: drifflim|confusion
|-activate|p2a: drifflim|confusion
|-damage|p2a: drifflim|41/100|[from] confusion
|
|upkeep
|turn|12
|
|t:|1779848182
|move|p1a: Cramorant|Surf|p2a: drifflim
|-damage|p2a: drifflim|0 fnt
|faint|p2a: drifflim
|
|win|Scepticskep
|raw|Scepticskep's rating: 1479 &rarr; <strong>1499</strong><br />(+20 for winning)
|raw|kuraiyagare's rating: 1487 &rarr; <strong>1467</strong><br />(-20 for losing)
|l|☆kuraiyagare
|player|p2|
|l|☆Scepticskep
|player|p1|
