|j|☆ck2024
|j|☆delacroixxx
|t:|1779949292
|gametype|singles
|player|p1|ck2024|clemont|1321
|player|p2|delacroixxx|az|1385
|gen|9
|tier|[Gen 9] OU
|rated|
|rule|HP Percentage Mod: HP is shown in percentages
|rule|Endless Battle Clause: Forcing endless battles is banned
|rule|Species Clause: Limit one of each Pokémon
|rule|OHKO Clause: OHKO moves are banned
|rule|Evasion Items Clause: Evasion items are banned
|rule|Evasion Moves Clause: Evasion moves are banned
|rule|Evasion Abilities Clause: Evasion abilities are banned
|rule|Sleep Moves Clause: Sleep-inducing moves are banned
|clearpoke
|poke|p1|Iron Moth|
|poke|p1|Gliscor, F|
|poke|p1|Hatterene, F|
|poke|p1|Ogerpon-Wellspring, F|
|poke|p1|Raging Bolt|
|poke|p1|Zamazenta-*|
|poke|p2|Maushold|
|poke|p2|Azumarill, M|
|poke|p2|Kingambit, M|
|poke|p2|Dragapult, F|
|poke|p2|Great Tusk|
|poke|p2|Eiscue, M|
|teampreview
|inactive|Battle timer is ON: inactive players will automatically lose when time's up. (requested by delacroixxx)
|
|t:|1779949306
|teamsize|p1|6
|teamsize|p2|6
|start
|switch|p1a: Zamazenta|Zamazenta|100/100
|switch|p2a: Dragapult|Dragapult, F|100/100
|-ability|p1a: Zamazenta|Dauntless Shield|boost
|-boost|p1a: Zamazenta|def|1
|turn|1
|
|t:|1779949310
|move|p2a: Dragapult|Will-O-Wisp|p1a: Zamazenta
|-status|p1a: Zamazenta|brn
|move|p1a: Zamazenta|Light Screen|p1a: Zamazenta
|-sidestart|p1: ck2024|move: Light Screen
|
|-damage|p1a: Zamazenta|94/100 brn|[from] brn
|upkeep
|turn|2
|
|t:|1779949315
|move|p2a: Dragapult|Hex|p1a: Zamazenta
|-damage|p1a: Zamazenta|44/100 brn
|move|p1a: Zamazenta|Reflect|p1a: Zamazenta
|-sidestart|p1: ck2024|Reflect
|
|-damage|p1a: Zamazenta|38/100 brn|[from] brn
|upkeep
|turn|3
|
|t:|1779949320
|move|p2a: Dragapult|Hex|p1a: Zamazenta
|-damage|p1a: Zamazenta|0 fnt
|faint|p1a: Zamazenta
|
|upkeep
|
|t:|1779949334
|switch|p1a: Gliscor|Gliscor, F|100/100
|turn|4
|
|t:|1779949344
|switch|p1a: Iron Moth|Iron Moth|100/100
|-enditem|p1a: Iron Moth|Booster Energy
|-activate|p1a: Iron Moth|ability: Quark Drive|[fromitem]
|-start|p1a: Iron Moth|quarkdrivespe
|move|p2a: Dragapult|Will-O-Wisp|p1a: Iron Moth
|-immune|p1a: Iron Moth
|
|upkeep
|turn|5
|
|t:|1779949352
|move|p1a: Iron Moth|Sludge Wave|p2a: Dragapult
|-resisted|p2a: Dragapult
|-damage|p2a: Dragapult|67/100
|move|p2a: Dragapult|Thunder Wave|p1a: Iron Moth
|-status|p1a: Iron Moth|par
|
|upkeep
|turn|6
|
|t:|1779949360
|move|p2a: Dragapult|Dragon Darts|p1a: Iron Moth
|-damage|p1a: Iron Moth|68/100 par
|-anim|p2a: Dragapult|Dragon Darts|p1a: Iron Moth
|-crit|p1a: Iron Moth
|-damage|p1a: Iron Moth|18/100 par
|cant|p1a: Iron Moth|par
|
|upkeep
|turn|7
|
|t:|1779949368
|move|p2a: Dragapult|Dragon Darts|p1a: Iron Moth
|-damage|p1a: Iron Moth|0 fnt
|faint|p1a: Iron Moth
|-end|p1a: Iron Moth|Quark Drive|[silent]
|
|upkeep
|
|t:|1779949380
|switch|p1a: Hatterene|Hatterene, F|100/100
|turn|8
|
|t:|1779949382
|move|p2a: Dragapult|Hex|p1a: Hatterene
|-supereffective|p1a: Hatterene
|-damage|p1a: Hatterene|51/100
|move|p1a: Hatterene|Draining Kiss|p2a: Dragapult
|-supereffective|p2a: Dragapult
|-damage|p2a: Dragapult|0 fnt
|-heal|p1a: Hatterene|100/100|[from] drain|[of] p2a: Dragapult
|faint|p2a: Dragapult
|
|-sideend|p1: ck2024|move: Light Screen
|upkeep
|
|t:|1779949393
|switch|p2a: Tandemauss|Maushold, shiny|100/100
|turn|9
|
|t:|1779949398
|move|p2a: Tandemauss|Tidy Up|p2a: Tandemauss
|-boost|p2a: Tandemauss|atk|1
|-boost|p2a: Tandemauss|spe|1
|move|p1a: Hatterene|Nuzzle|p2a: Tandemauss
|-damage|p2a: Tandemauss|94/100
|-status|p2a: Tandemauss|par
|
|-sideend|p1: ck2024|Reflect
|upkeep
|turn|10
|
|t:|1779949425
|switch|p1a: Raging Bolt|Raging Bolt|100/100
|-enditem|p1a: Raging Bolt|Booster Energy
|-activate|p1a: Raging Bolt|ability: Protosynthesis|[fromitem]
|-start|p1a: Raging Bolt|protosynthesisspa
|move|p2a: Tandemauss|Population Bomb|p1a: Raging Bolt
|-damage|p1a: Raging Bolt|86/100
|-damage|p1a: Raging Bolt|71/100
|-damage|p1a: Raging Bolt|56/100
|-damage|p1a: Raging Bolt|40/100
|-damage|p1a: Raging Bolt|25/100
|-damage|p1a: Raging Bolt|10/100
|-damage|p1a: Raging Bolt|0 fnt
|faint|p1a: Raging Bolt
|-end|p1a: Raging Bolt|Protosynthesis|[silent]
|-hitcount|p1: Raging Bolt|7
|
|upkeep
|inactive|ck2024 has 120 seconds left.
|
|t:|1779949438
|switch|p1a: Ogerpon|Ogerpon-Wellspring, F|100/100
|turn|11
|
|t:|1779949446
|move|p1a: Ogerpon|Trailblaze|p2a: Tandemauss
|-damage|p2a: Tandemauss|44/100 par
|-boost|p1a: Ogerpon|spe|1
|move|p2a: Tandemauss|Population Bomb|p1a: Ogerpon
|-damage|p1a: Ogerpon|78/100
|-damage|p1a: Ogerpon|57/100
|-damage|p1a: Ogerpon|34/100
|-damage|p1a: Ogerpon|11/100
|-crit|p1a: Ogerpon
|-damage|p1a: Ogerpon|0 fnt
|faint|p1a: Ogerpon
|-hitcount|p1: Ogerpon|5
|
|upkeep
|
|t:|1779949455
|switch|p1a: Gliscor|Gliscor, F|100/100
|turn|12
|
|t:|1779949471
|move|p2a: Tandemauss|Population Bomb|p1a: Gliscor
|-damage|p1a: Gliscor|85/100
|-damage|p1a: Gliscor|71/100
|-damage|p1a: Gliscor|57/100
|-damage|p1a: Gliscor|42/100
|-damage|p1a: Gliscor|29/100
|-damage|p1a: Gliscor|15/100
|-damage|p1a: Gliscor|2/100
|-damage|p1a: Gliscor|0 fnt
|faint|p1a: Gliscor
|-hitcount|p1: Gliscor|8
|
|upkeep
|-message|ck2024 forfeited.
|
|win|delacroixxx
|raw|ck2024's rating: 1321 &rarr; <strong>1305</strong><br />(-16 for losing)
|raw|delacroixxx's rating: 1385 &rarr; <strong>1401</strong><br />(+16 for winning)
|l|☆ck2024
|player|p1|
|l|☆delacroixxx
|player|p2|
