|j|☆Pakas123
|j|☆legendaryx8
|t:|1779928048
|gametype|singles
|player|p1|Pakas123|schoolkid|1184
|player|p2|legendaryx8|preschooler|1208
|gen|9
|tier|[Gen 9] OU
|rated|
|rule|HP Percentage Mod: HP is shown in percentages
|rule|Endless Battle Clause: Forcing endless battles is banned
|rule|Species Clause: Limit one of each Pokémon
|rule|OHKO Clause: OHKO moves are banned
|rule|Evasion Items Clause: Evasion items are banned
|rule|Evasion Moves Clause: Evasion moves are banned
|rule|Evasion Abilities Clause: Evasion abilities are banned
|rule|Sleep Moves Clause: Sleep-inducing moves are banned
|clearpoke
|poke|p1|Poliwrath, M|
|poke|p1|Zapdos|
|poke|p1|Great Tusk|
|poke|p1|Pelipper, M|
|poke|p1|Barraskewda, M|
|poke|p1|Kingambit, F|
|poke|p2|Iron Valiant|
|poke|p2|Ursaluna, M|
|poke|p2|Hatterene, F|
|poke|p2|Dragonite, M|
|poke|p2|Sinistcha-Masterpiece|
|poke|p2|Enamorus, F|
|teampreview
|inactive|Battle timer is ON: inactive players will automatically lose when time's up. (requested by legendaryx8)
|
|t:|1779928080
|teamsize|p1|6
|teamsize|p2|6
|start
|switch|p1a: Great Tusk|Great Tusk|100/100
|switch|p2a: Brand|Hatterene, F|100/100
|turn|1
|
|t:|1779928088
|move|p1a: Great Tusk|Stealth Rock|p2a: Brand
|move|p2a: Brand|Stealth Rock|p1a: Great Tusk|[from] ability: Magic Bounce
|-sidestart|p1: Pakas123|move: Stealth Rock
|move|p2a: Brand|Trick Room|p2a: Brand
|-fieldstart|move: Trick Room|[of] p2a: Brand
|
|upkeep
|turn|2
|c|☆legendaryx8|;)
|
|t:|1779928098
|move|p2a: Brand|Dazzling Gleam|p1a: Great Tusk
|-supereffective|p1a: Great Tusk
|-damage|p1a: Great Tusk|0 fnt
|faint|p1a: Great Tusk
|-end|p1a: Great Tusk|Protosynthesis|[silent]
|
|upkeep
|
|t:|1779928107
|switch|p1a: Pelipper|Pelipper, M|100/100
|-damage|p1a: Pelipper|76/100|[from] Stealth Rock
|-weather|RainDance|[from] ability: Drizzle|[of] p1a: Pelipper
|turn|3
|
|t:|1779928114
|move|p2a: Brand|Dazzling Gleam|p1a: Pelipper
|-damage|p1a: Pelipper|5/100
|move|p1a: Pelipper|U-turn|p2a: Brand
|-damage|p2a: Brand|91/100
|
|t:|1779928126
|switch|p1a: Barraskewda|Barraskewda, M|100/100|[from] U-turn
|-damage|p1a: Barraskewda|88/100|[from] Stealth Rock
|
|-weather|RainDance|[upkeep]
|upkeep
|turn|4
|
|t:|1779928134
|move|p2a: Brand|Dazzling Gleam|p1a: Barraskewda
|-damage|p1a: Barraskewda|0 fnt
|faint|p1a: Barraskewda
|
|-weather|RainDance|[upkeep]
|upkeep
|
|t:|1779928139
|switch|p1a: Zapdos|Zapdos|100/100
|turn|5
|
|t:|1779928143
|move|p2a: Brand|Psychic Noise|p1a: Zapdos
|-damage|p1a: Zapdos|46/100
|-start|p1a: Zapdos|move: Heal Block
|move|p1a: Zapdos|Hurricane|p2a: Brand
|-damage|p2a: Brand|31/100
|
|-weather|RainDance|[upkeep]
|-fieldend|move: Trick Room
|upkeep
|turn|6
|
|t:|1779928172
|-terastallize|p2a: Brand|Steel
|move|p1a: Zapdos|Hurricane|p2a: Brand
|-resisted|p2a: Brand
|-damage|p2a: Brand|0 fnt
|faint|p2a: Brand
|
|-weather|RainDance|[upkeep]
|-end|p1a: Zapdos|move: Heal Block
|upkeep
|inactive|legendaryx8 has 120 seconds left.
|
|t:|1779928188
|switch|p2a: Iron Valiant|Iron Valiant|100/100
|-enditem|p2a: Iron Valiant|Booster Energy
|-activate|p2a: Iron Valiant|ability: Quark Drive|[fromitem]
|-start|p2a: Iron Valiant|quarkdrivespa
|turn|7
|inactive|legendaryx8 has 120 seconds left.
|
|t:|1779928201
|move|p1a: Zapdos|Hurricane|p2a: Iron Valiant
|-supereffective|p2a: Iron Valiant
|-damage|p2a: Iron Valiant|0 fnt
|faint|p2a: Iron Valiant
|-end|p2a: Iron Valiant|Quark Drive|[silent]
|
|-weather|RainDance|[upkeep]
|upkeep
|inactive|legendaryx8 has 120 seconds left.
|
|t:|1779928209
|switch|p2a: Enamorus|Enamorus, F|100/100
|turn|8
|
|t:|1779928217
|-terastallize|p1a: Zapdos|Steel
|move|p1a: Zapdos|Thunder|p2a: Enamorus
|-supereffective|p2a: Enamorus
|-damage|p2a: Enamorus|0 fnt
|faint|p2a: Enamorus
|
|-weather|RainDance|[upkeep]
|upkeep
|
|t:|1779928225
|switch|p2a: Sinistcha|Sinistcha-Masterpiece|100/100
|turn|9
|
|t:|1779928232
|move|p1a: Zapdos|Hurricane|p2a: Sinistcha
|-supereffective|p2a: Sinistcha
|-damage|p2a: Sinistcha|0 fnt
|faint|p2a: Sinistcha
|
|-weather|RainDance|[upkeep]
|upkeep
|
|t:|1779928239
|switch|p2a: Dragonite|Dragonite, M|100/100
|turn|10
|
|t:|1779928243
|move|p1a: Zapdos|Roost|p1a: Zapdos
|-heal|p1a: Zapdos|96/100
|move|p2a: Dragonite|Ice Beam|p1a: Zapdos
|-resisted|p1a: Zapdos
|-damage|p1a: Zapdos|81/100
|
|-weather|none
|upkeep
|turn|11
|
|t:|1779928251
|move|p1a: Zapdos|Thunder|p2a: Dragonite
|-damage|p2a: Dragonite|76/100
|move|p2a: Dragonite|Flamethrower|p1a: Zapdos
|-supereffective|p1a: Zapdos
|-damage|p1a: Zapdos|16/100
|
|upkeep
|turn|12
|
|t:|1779928258
|move|p1a: Zapdos|Hurricane|p2a: Dragonite
|-damage|p2a: Dragonite|24/100
|move|p2a: Dragonite|Flamethrower|p1a: Zapdos
|-supereffective|p1a: Zapdos
|-damage|p1a: Zapdos|0 fnt
|faint|p1a: Zapdos
|
|upkeep
|
|t:|1779928265
|switch|p1a: Pelipper|Pelipper, M|5/100
|-damage|p1a: Pelipper|0 fnt|[from] Stealth Rock
|faint|p1a: Pelipper
|
|t:|1779928269
|switch|p1a: Poliwrath|Poliwrath, M, shiny|100/100
|-damage|p1a: Poliwrath|94/100|[from] Stealth Rock
|turn|13
|
|t:|1779928276
|move|p1a: Poliwrath|Belly Drum|p1a: Poliwrath
|-damage|p1a: Poliwrath|44/100
|-setboost|p1a: Poliwrath|atk|6|[from] move: Belly Drum
|-enditem|p1a: Poliwrath|Sitrus Berry|[eat]
|-heal|p1a: Poliwrath|69/100|[from] item: Sitrus Berry
|move|p2a: Dragonite|Draco Meteor|p1a: Poliwrath
|-damage|p1a: Poliwrath|0 fnt
|-unboost|p2a: Dragonite|spa|2
|faint|p1a: Poliwrath
|
|upkeep
|
|t:|1779928285
|switch|p1a: Kingambit|Kingambit, F|100/100
|-damage|p1a: Kingambit|94/100|[from] Stealth Rock
|-activate|p1a: Kingambit|ability: Supreme Overlord
|-start|p1a: Kingambit|fallen5|[silent]
|turn|14
|
|t:|1779928292
|move|p2a: Dragonite|Flamethrower|p1a: Kingambit
|-supereffective|p1a: Kingambit
|-damage|p1a: Kingambit|66/100
|move|p1a: Kingambit|Swords Dance|p1a: Kingambit
|-boost|p1a: Kingambit|atk|2
|
|-heal|p1a: Kingambit|72/100|[from] item: Leftovers
|upkeep
|turn|15
|
|t:|1779928301
|move|p2a: Dragonite|Flamethrower|p1a: Kingambit
|-supereffective|p1a: Kingambit
|-damage|p1a: Kingambit|44/100
|move|p1a: Kingambit|Kowtow Cleave|p2a: Dragonite
|-damage|p2a: Dragonite|0 fnt
|faint|p2a: Dragonite
|
|-heal|p1a: Kingambit|50/100|[from] item: Leftovers
|upkeep
|
|t:|1779928311
|switch|p2a: Mann|Ursaluna, M|100/100
|turn|16
|
|t:|1779928317
|move|p1a: Kingambit|Kowtow Cleave|p2a: Mann
|-damage|p2a: Mann|4/100
|move|p2a: Mann|Headlong Rush|p1a: Kingambit
|-supereffective|p1a: Kingambit
|-damage|p1a: Kingambit|0 fnt
|-unboost|p2a: Mann|def|1
|-unboost|p2a: Mann|spd|1
|faint|p1a: Kingambit
|-end|p1a: Kingambit|fallen5|[silent]
|
|win|legendaryx8
|raw|Pakas123's rating: 1184 &rarr; <strong>1161</strong><br />(-23 for losing)
|raw|legendaryx8's rating: 1208 &rarr; <strong>1231</strong><br />(+23 for winning)
|c|☆legendaryx8|gg
|c|☆legendaryx8|hehe
|l|☆Pakas123
|player|p1|
