|j|☆amasawaichikamommy
|j|‽aaagislash
|t:|1779866755
|gametype|singles
|player|p1|amasawaichikamommy|winona|1627
|player|p2|aaagislash|266|1673
|gen|9
|tier|[Gen 9] OU
|rated|
|rule|HP Percentage Mod: HP is shown in percentages
|rule|Endless Battle Clause: Forcing endless battles is banned
|rule|Species Clause: Limit one of each Pokémon
|rule|OHKO Clause: OHKO moves are banned
|rule|Evasion Items Clause: Evasion items are banned
|rule|Evasion Moves Clause: Evasion moves are banned
|rule|Evasion Abilities Clause: Evasion abilities are banned
|rule|Sleep Moves Clause: Sleep-inducing moves are banned
|clearpoke
|poke|p1|Gliscor, F|
|poke|p1|Iron Moth|
|poke|p1|Hatterene, F|
|poke|p1|Ogerpon-Wellspring, F|
|poke|p1|Raging Bolt|
|poke|p1|Zamazenta-*|
|poke|p2|Blaziken, F|
|poke|p2|Rotom-Wash|
|poke|p2|Slowking-Galar, M|
|poke|p2|Great Tusk|
|poke|p2|Weavile, M|
|poke|p2|Tinkaton, F|
|teampreview
|inactive|Battle timer is ON: inactive players will automatically lose when time's up. (requested by amasawaichikamommy)
|inactive|aaagislash has 120 seconds left.
|
|t:|1779866802
|teamsize|p1|6
|teamsize|p2|6
|start
|switch|p1a: Ogerpon|Ogerpon-Wellspring, F|100/100
|switch|p2a: Blaziken|Blaziken, F|100/100
|turn|1
|
|t:|1779866817
|move|p2a: Blaziken|Protect|p2a: Blaziken
|-singleturn|p2a: Blaziken|Protect
|move|p1a: Ogerpon|Ivy Cudgel|p2a: Blaziken|[anim] Ivy Cudgel Water
|-activate|p2a: Blaziken|move: Protect
|
|-ability|p2a: Blaziken|Speed Boost|boost
|-boost|p2a: Blaziken|spe|1
|upkeep
|turn|2
|
|t:|1779866826
|switch|p1a: Zamazenta|Zamazenta|100/100
|-ability|p1a: Zamazenta|Dauntless Shield|boost
|-boost|p1a: Zamazenta|def|1
|move|p2a: Blaziken|U-turn|p1a: Zamazenta
|-resisted|p1a: Zamazenta
|-damage|p1a: Zamazenta|95/100
|
|t:|1779866832
|switch|p2a: Rotom|Rotom-Wash|100/100|[from] U-turn
|
|upkeep
|turn|3
|
|t:|1779866842
|switch|p1a: Hatterene|Hatterene, F|100/100
|move|p2a: Rotom|Will-O-Wisp|p1a: Hatterene
|move|p1a: Hatterene|Will-O-Wisp|p2a: Rotom|[from] ability: Magic Bounce
|-status|p2a: Rotom|brn
|
|-damage|p2a: Rotom|94/100 brn|[from] brn
|upkeep
|turn|4
|j| hattybatty304
|
|t:|1779866858
|move|p2a: Rotom|Volt Switch|p1a: Hatterene
|-damage|p1a: Hatterene|74/100
|
|t:|1779866860
|switch|p2a: Slowking|Slowking-Galar, M|100/100|[from] Volt Switch
|move|p1a: Hatterene|Calm Mind|p1a: Hatterene
|-boost|p1a: Hatterene|spa|1
|-boost|p1a: Hatterene|spd|1
|
|-heal|p1a: Hatterene|80/100|[from] item: Leftovers
|upkeep
|turn|5
|j| lord shiddenfards
|
|t:|1779866872
|-terastallize|p1a: Hatterene|Water
|move|p1a: Hatterene|Calm Mind|p1a: Hatterene
|-boost|p1a: Hatterene|spa|1
|-boost|p1a: Hatterene|spd|1
|move|p2a: Slowking|Ice Beam|p1a: Hatterene
|-resisted|p1a: Hatterene
|-damage|p1a: Hatterene|74/100
|
|-heal|p1a: Hatterene|80/100|[from] item: Leftovers
|upkeep
|turn|6
|
|t:|1779866882
|move|p1a: Hatterene|Calm Mind|p1a: Hatterene
|-boost|p1a: Hatterene|spa|1
|-boost|p1a: Hatterene|spd|1
|move|p2a: Slowking|Sludge Bomb|p1a: Hatterene
|-damage|p1a: Hatterene|65/100
|-status|p1a: Hatterene|psn
|
|-heal|p1a: Hatterene|71/100 psn|[from] item: Leftovers
|-damage|p1a: Hatterene|59/100 psn|[from] psn
|upkeep
|turn|7
|
|t:|1779866891
|move|p1a: Hatterene|Stored Power|p2a: Slowking
|-damage|p2a: Slowking|0 fnt
|faint|p2a: Slowking
|
|-heal|p1a: Hatterene|65/100 psn|[from] item: Leftovers
|-damage|p1a: Hatterene|52/100 psn|[from] psn
|upkeep
|
|t:|1779866895
|switch|p2a: Weavile|Weavile, M|100/100
|-ability|p2a: Weavile|Pressure
|turn|8
|
|t:|1779866901
|move|p2a: Weavile|Knock Off|p1a: Hatterene
|-damage|p1a: Hatterene|0 fnt
|-enditem|p1a: Hatterene|Leftovers|[from] move: Knock Off|[of] p2a: Weavile
|faint|p1a: Hatterene
|
|upkeep
|
|t:|1779866906
|switch|p1a: Zamazenta|Zamazenta|95/100
|turn|9
|
|t:|1779866914
|switch|p2a: Rotom|Rotom-Wash|94/100 brn
|move|p1a: Zamazenta|Close Combat|p2a: Rotom
|-damage|p2a: Rotom|46/100 brn
|-unboost|p1a: Zamazenta|def|1
|-unboost|p1a: Zamazenta|spd|1
|-damage|p1a: Zamazenta|79/100|[from] item: Rocky Helmet|[of] p2a: Rotom
|
|-damage|p2a: Rotom|39/100 brn|[from] brn
|upkeep
|turn|10
|
|t:|1779866926
|move|p1a: Zamazenta|Close Combat|p2a: Rotom
|-damage|p2a: Rotom|0 fnt
|-unboost|p1a: Zamazenta|def|1
|-unboost|p1a: Zamazenta|spd|1
|-damage|p1a: Zamazenta|62/100|[from] item: Rocky Helmet|[of] p2a: Rotom
|faint|p2a: Rotom
|
|upkeep
|
|t:|1779866934
|switch|p2a: Great Tusk|Great Tusk|100/100
|turn|11
|
|t:|1779866945
|-end|p2a: Great Tusk|Protosynthesis|[silent]
|switch|p2a: Weavile|Weavile, M|100/100
|-ability|p2a: Weavile|Pressure
|move|p1a: Zamazenta|Reflect|p1a: Zamazenta
|-sidestart|p1: amasawaichikamommy|Reflect
|
|upkeep
|turn|12
|
|t:|1779866953
|switch|p2a: Great Tusk|Great Tusk|100/100
|move|p1a: Zamazenta|Close Combat|p2a: Great Tusk
|-damage|p2a: Great Tusk|71/100
|-unboost|p1a: Zamazenta|def|1
|-unboost|p1a: Zamazenta|spd|1
|
|upkeep
|turn|13
|
|t:|1779866970
|switch|p1a: Gliscor|Gliscor, F|100/100
|move|p2a: Great Tusk|Headlong Rush|p1a: Gliscor
|-immune|p1a: Gliscor
|
|-status|p1a: Gliscor|tox|[from] item: Toxic Orb
|upkeep
|turn|14
|
|t:|1779866980
|move|p1a: Gliscor|Swords Dance|p1a: Gliscor
|-boost|p1a: Gliscor|atk|2
|move|p2a: Great Tusk|Ice Spinner|p1a: Gliscor
|-supereffective|p1a: Gliscor
|-damage|p1a: Gliscor|53/100 tox
|
|-heal|p1a: Gliscor|65/100 tox|[from] ability: Poison Heal
|upkeep
|turn|15
|
|t:|1779866991
|-end|p2a: Great Tusk|Protosynthesis|[silent]
|switch|p2a: Tinkaton|Tinkaton, F|100/100
|-item|p2a: Tinkaton|Air Balloon
|move|p1a: Gliscor|Earthquake|p2a: Tinkaton
|-immune|p2a: Tinkaton
|
|-heal|p1a: Gliscor|78/100 tox|[from] ability: Poison Heal
|upkeep
|turn|16
|
|t:|1779866998
|move|p1a: Gliscor|Facade|p2a: Tinkaton
|-resisted|p2a: Tinkaton
|-damage|p2a: Tinkaton|51/100
|-enditem|p2a: Tinkaton|Air Balloon
|-enditem|p1a: Gliscor|Toxic Orb|[silent]|[from] ability: Pickpocket|[of] p1a: Gliscor
|-item|p2a: Tinkaton|Toxic Orb|[from] ability: Pickpocket|[of] p1a: Gliscor
|move|p2a: Tinkaton|Stealth Rock|p1a: Gliscor
|-sidestart|p1: amasawaichikamommy|move: Stealth Rock
|
|-heal|p1a: Gliscor|90/100 tox|[from] ability: Poison Heal
|upkeep
|turn|17
|
|t:|1779867008
|move|p1a: Gliscor|Agility|p1a: Gliscor
|-boost|p1a: Gliscor|spe|2
|move|p2a: Tinkaton|Gigaton Hammer|p1a: Gliscor
|-crit|p1a: Gliscor
|-damage|p1a: Gliscor|7/100 tox
|
|-heal|p1a: Gliscor|19/100 tox|[from] ability: Poison Heal
|upkeep
|turn|18
|
|t:|1779867023
|move|p1a: Gliscor|Earthquake|p2a: Tinkaton
|-supereffective|p2a: Tinkaton
|-damage|p2a: Tinkaton|0 fnt
|faint|p2a: Tinkaton
|
|-heal|p1a: Gliscor|32/100 tox|[from] ability: Poison Heal
|-sideend|p1: amasawaichikamommy|Reflect
|upkeep
|
|t:|1779867026
|switch|p2a: Weavile|Weavile, M|100/100
|-ability|p2a: Weavile|Pressure
|turn|19
|c|☆amasawaichikamommy|wow that crit sucks
|
|t:|1779867051
|move|p2a: Weavile|Ice Shard|p1a: Gliscor
|-supereffective|p1a: Gliscor
|-damage|p1a: Gliscor|0 fnt
|faint|p1a: Gliscor
|
|upkeep
|
|t:|1779867058
|switch|p1a: Zamazenta|Zamazenta|62/100
|-damage|p1a: Zamazenta|56/100|[from] Stealth Rock
|turn|20
|inactive|aaagislash has 120 seconds left.
|
|t:|1779867094
|switch|p2a: Great Tusk|Great Tusk|71/100
|move|p1a: Zamazenta|Close Combat|p2a: Great Tusk
|-damage|p2a: Great Tusk|40/100
|-unboost|p1a: Zamazenta|def|1
|-unboost|p1a: Zamazenta|spd|1
|
|upkeep
|turn|21
|inactive|aaagislash has 120 seconds left.
|
|t:|1779867101
|move|p1a: Zamazenta|Reflect|p1a: Zamazenta
|-sidestart|p1: amasawaichikamommy|Reflect
|move|p2a: Great Tusk|Headlong Rush|p1a: Zamazenta
|-damage|p1a: Zamazenta|16/100
|-unboost|p2a: Great Tusk|def|1
|-unboost|p2a: Great Tusk|spd|1
|
|upkeep
|turn|22
|inactive|aaagislash has 120 seconds left.
|j| Shiestfirefire
|
|t:|1779867121
|move|p1a: Zamazenta|Close Combat|p2a: Great Tusk
|-damage|p2a: Great Tusk|0 fnt
|-unboost|p1a: Zamazenta|def|1
|-unboost|p1a: Zamazenta|spd|1
|faint|p2a: Great Tusk
|-end|p2a: Great Tusk|Protosynthesis|[silent]
|
|upkeep
|l| Shiestfirefire
|inactive|aaagislash has 90 seconds left.
|
|t:|1779867151
|switch|p2a: Blaziken|Blaziken, F|100/100
|turn|23
|inactive|amasawaichikamommy has 120 seconds left.
|
|t:|1779867188
|switch|p1a: Ogerpon|Ogerpon-Wellspring, F|100/100
|-damage|p1a: Ogerpon|88/100|[from] Stealth Rock
|move|p2a: Blaziken|Protect||[still]
|-fail|p2a: Blaziken
|
|-ability|p2a: Blaziken|Speed Boost|boost
|-boost|p2a: Blaziken|spe|1
|upkeep
|turn|24
|inactive|amasawaichikamommy has 120 seconds left.
|
|t:|1779867198
|move|p2a: Blaziken|U-turn|p1a: Ogerpon
|-supereffective|p1a: Ogerpon
|-damage|p1a: Ogerpon|59/100
|l| hattybatty304
|
|t:|1779867201
|switch|p2a: Weavile|Weavile, M|100/100|[from] U-turn
|-ability|p2a: Weavile|Pressure
|move|p1a: Ogerpon|Ivy Cudgel|p2a: Weavile|[anim] Ivy Cudgel Water
|-damage|p2a: Weavile|0 fnt
|faint|p2a: Weavile
|
|upkeep
|
|t:|1779867203
|switch|p2a: Blaziken|Blaziken, F|100/100
|turn|25
|
|t:|1779867217
|move|p2a: Blaziken|Protect|p2a: Blaziken
|-singleturn|p2a: Blaziken|Protect
|move|p1a: Ogerpon|Ivy Cudgel|p2a: Blaziken|[anim] Ivy Cudgel Water
|-activate|p2a: Blaziken|move: Protect
|
|-ability|p2a: Blaziken|Speed Boost|boost
|-boost|p2a: Blaziken|spe|1
|upkeep
|turn|26
|
|t:|1779867226
|move|p2a: Blaziken|Overheat|p1a: Ogerpon|[miss]
|-miss|p2a: Blaziken|p1a: Ogerpon
|move|p1a: Ogerpon|Encore|p2a: Blaziken
|-start|p2a: Blaziken|Encore
|
|-ability|p2a: Blaziken|Speed Boost|boost
|-boost|p2a: Blaziken|spe|1
|upkeep
|turn|27
|
|t:|1779867231
|move|p2a: Blaziken|Overheat|p1a: Ogerpon
|-damage|p1a: Ogerpon|0 fnt
|-unboost|p2a: Blaziken|spa|2
|faint|p1a: Ogerpon
|
|-ability|p2a: Blaziken|Speed Boost|boost
|-boost|p2a: Blaziken|spe|1
|upkeep
|
|t:|1779867238
|switch|p1a: Raging Bolt|Raging Bolt|100/100
|-damage|p1a: Raging Bolt|88/100|[from] Stealth Rock
|-enditem|p1a: Raging Bolt|Booster Energy
|-activate|p1a: Raging Bolt|ability: Protosynthesis|[fromitem]
|-start|p1a: Raging Bolt|protosynthesisspa
|turn|28
|
|t:|1779867249
|-terastallize|p2a: Blaziken|Ground
|move|p2a: Blaziken|Overheat|p1a: Raging Bolt
|-resisted|p1a: Raging Bolt
|-damage|p1a: Raging Bolt|74/100
|-unboost|p2a: Blaziken|spa|2
|move|p1a: Raging Bolt|Thunderbolt|p2a: Blaziken
|-immune|p2a: Blaziken
|
|-sideend|p1: amasawaichikamommy|Reflect
|-ability|p2a: Blaziken|Speed Boost|boost
|-boost|p2a: Blaziken|spe|1
|upkeep
|turn|29
|
|t:|1779867258
|move|p2a: Blaziken|Overheat|p1a: Raging Bolt
|-resisted|p1a: Raging Bolt
|-damage|p1a: Raging Bolt|64/100
|-unboost|p2a: Blaziken|spa|2
|move|p1a: Raging Bolt|Dragon Pulse|p2a: Blaziken
|-damage|p2a: Blaziken|0 fnt
|faint|p2a: Blaziken
|
|win|amasawaichikamommy
|raw|amasawaichikamommy's rating: 1627 &rarr; <strong>1650</strong><br />(+23 for winning)
|raw|aaagislash's rating: 1673 &rarr; <strong>1650</strong><br />(-23 for losing)
|l|‽aaagislash
|player|p2|
|l|☆amasawaichikamommy
|player|p1|
|l| lord shiddenfards
