|badge|p1|bronze|gen9ou|100-9
|uhtml|medal-msg|<div class="broadcast-blue">Curious what those medals under the avatar are? PS now has Ladder Seasons! For more information, check out the <a href="https://www.smogon.com/forums/threads/3740067/">thread on Smogon.</a></div>
|j|☆Auburn Hills
|j|☆tuanquewang
|t:|1779964311
|gametype|singles
|player|p1|Auburn Hills|alder|1806
|player|p2|tuanquewang|backersf|1713
|gen|9
|tier|[Gen 9] OU
|rated|
|rule|HP Percentage Mod: HP is shown in percentages
|rule|Endless Battle Clause: Forcing endless battles is banned
|rule|Species Clause: Limit one of each Pokémon
|rule|OHKO Clause: OHKO moves are banned
|rule|Evasion Items Clause: Evasion items are banned
|rule|Evasion Moves Clause: Evasion moves are banned
|rule|Evasion Abilities Clause: Evasion abilities are banned
|rule|Sleep Moves Clause: Sleep-inducing moves are banned
|clearpoke
|poke|p1|Iron Moth|
|poke|p1|Umbreon, M|
|poke|p1|Garchomp, F|
|poke|p1|Glimmora, F|
|poke|p1|Gholdengo|
|poke|p1|Dragonite, F|
|poke|p2|Slowking-Galar, M|
|poke|p2|Hydrapple, F|
|poke|p2|Cinderace, M|
|poke|p2|Iron Crown|
|poke|p2|Alomomola, F|
|poke|p2|Mamoswine, M|
|teampreview
|inactive|Battle timer is ON: inactive players will automatically lose when time's up. (requested by tuanquewang)
|
|t:|1779964325
|teamsize|p1|6
|teamsize|p2|6
|start
|switch|p1a: Smino|Gholdengo|100/100
|switch|p2a: Hydrapple|Hydrapple, F, shiny|100/100
|turn|1
|
|t:|1779964332
|move|p1a: Smino|Trick|p2a: Hydrapple
|-activate|p1a: Smino|move: Trick|[of] p2a: Hydrapple
|-item|p2a: Hydrapple|Choice Scarf|[from] move: Trick
|-item|p1a: Smino|Choice Specs|[from] move: Trick
|move|p2a: Hydrapple|Earth Power|p1a: Smino
|-supereffective|p1a: Smino
|-damage|p1a: Smino|29/100
|-unboost|p1a: Smino|spd|1
|
|upkeep
|turn|2
|
|t:|1779964342
|switch|p1a: Elucid|Dragonite, F|100/100
|move|p2a: Hydrapple|Earth Power|p1a: Elucid
|-immune|p1a: Elucid
|
|upkeep
|turn|3
|
|t:|1779964349
|switch|p2a: Mamoswine|Mamoswine, M|100/100
|move|p1a: Elucid|Earthquake|p2a: Mamoswine
|-damage|p2a: Mamoswine|63/100
|
|upkeep
|turn|4
|
|t:|1779964354
|switch|p1a: Alvvays|Umbreon, M|100/100
|move|p2a: Mamoswine|Icicle Crash|p1a: Alvvays
|-damage|p1a: Alvvays|47/100
|
|-heal|p1a: Alvvays|53/100|[from] item: Leftovers
|upkeep
|turn|5
|
|t:|1779964360
|move|p1a: Alvvays|Protect|p1a: Alvvays
|-singleturn|p1a: Alvvays|Protect
|move|p2a: Mamoswine|Icicle Crash|p1a: Alvvays
|-activate|p1a: Alvvays|move: Protect
|
|-heal|p1a: Alvvays|59/100|[from] item: Leftovers
|upkeep
|turn|6
|
|t:|1779964363
|switch|p2a: Slowking|Slowking-Galar, M|100/100
|move|p1a: Alvvays|Wish|p1a: Alvvays
|
|-heal|p1a: Alvvays|65/100|[from] item: Leftovers
|upkeep
|turn|7
|
|t:|1779964368
|switch|p1a: Smino|Gholdengo|29/100
|move|p2a: Slowking|Toxic|p1a: Smino
|-immune|p1a: Smino|[from] ability: Good as Gold
|
|-heal|p1a: Smino|91/100|[from] move: Wish|[wisher] Alvvays
|upkeep
|turn|8
|
|t:|1779964373
|move|p1a: Smino|Shadow Ball|p2a: Slowking
|-supereffective|p2a: Slowking
|-damage|p2a: Slowking|32/100
|-prepare|p2a: Slowking|Chilly Reception|[premajor]
|move|p2a: Slowking|Chilly Reception|p2a: Slowking
|-weather|Snowscape
|
|t:|1779964376
|switch|p2a: Hydrapple|Hydrapple, F, shiny|100/100|[from] Chilly Reception
|
|-weather|Snowscape|[upkeep]
|upkeep
|turn|9
|
|t:|1779964388
|move|p1a: Smino|Shadow Ball|p2a: Hydrapple
|-damage|p2a: Hydrapple|39/100
|move|p2a: Hydrapple|Draco Meteor|p1a: Smino
|-resisted|p1a: Smino
|-damage|p1a: Smino|53/100
|-unboost|p2a: Hydrapple|spa|2
|
|-weather|Snowscape|[upkeep]
|upkeep
|turn|10
|
|t:|1779964396
|switch|p2a: Cinderace|Cinderace, M|100/100
|move|p1a: Smino|Shadow Ball|p2a: Cinderace
|-damage|p2a: Cinderace|7/100
|
|-weather|Snowscape|[upkeep]
|upkeep
|turn|11
|
|t:|1779964402
|switch|p1a: Elucid|Dragonite, F|100/100
|move|p2a: Cinderace|Pyro Ball|p1a: Elucid
|-resisted|p1a: Elucid
|-damage|p1a: Elucid|85/100
|
|-weather|Snowscape|[upkeep]
|upkeep
|turn|12
|j| lord shiddenfards
|
|t:|1779964409
|switch|p2a: Hydrapple|Hydrapple, F, shiny|72/100
|move|p1a: Elucid|Earthquake|p2a: Hydrapple
|-resisted|p2a: Hydrapple
|-damage|p2a: Hydrapple|57/100
|
|-weather|none
|upkeep
|turn|13
|
|t:|1779964415
|move|p1a: Elucid|Ice Spinner|p2a: Hydrapple
|-supereffective|p2a: Hydrapple
|-damage|p2a: Hydrapple|0 fnt
|faint|p2a: Hydrapple
|
|upkeep
|
|t:|1779964419
|switch|p2a: Mamoswine|Mamoswine, M|63/100
|turn|14
|
|t:|1779964433
|move|p1a: Elucid|Extreme Speed|p2a: Mamoswine
|-damage|p2a: Mamoswine|33/100
|move|p2a: Mamoswine|Icicle Crash|p1a: Elucid
|-supereffective|p1a: Elucid
|-damage|p1a: Elucid|0 fnt
|faint|p1a: Elucid
|
|upkeep
|
|t:|1779964443
|switch|p1a: Julia Jacklin|Glimmora, F|100/100
|turn|15
|
|t:|1779964448
|switch|p2a: Slowking|Slowking-Galar, M|65/100
|move|p1a: Julia Jacklin|Earth Power|p2a: Slowking
|-supereffective|p2a: Slowking
|-damage|p2a: Slowking|27/100
|
|-heal|p2a: Slowking|33/100|[from] item: Black Sludge
|upkeep
|turn|16
|
|t:|1779964454
|switch|p2a: Alomomola|Alomomola, F|100/100
|move|p1a: Julia Jacklin|Earth Power|p2a: Alomomola
|-damage|p2a: Alomomola|62/100
|-unboost|p2a: Alomomola|spd|1
|
|-heal|p2a: Alomomola|68/100|[from] item: Leftovers
|upkeep
|turn|17
|
|t:|1779964458
|move|p1a: Julia Jacklin|Sludge Wave|p2a: Alomomola
|-damage|p2a: Alomomola|0 fnt
|faint|p2a: Alomomola
|
|upkeep
|
|t:|1779964461
|switch|p2a: Slowking|Slowking-Galar, M|66/100
|turn|18
|
|t:|1779964466
|move|p1a: Julia Jacklin|Earth Power|p2a: Slowking
|-supereffective|p2a: Slowking
|-damage|p2a: Slowking|32/100
|move|p2a: Slowking|Psychic Noise|p1a: Julia Jacklin
|-supereffective|p1a: Julia Jacklin
|-damage|p1a: Julia Jacklin|32/100
|-start|p1a: Julia Jacklin|move: Heal Block
|
|-heal|p2a: Slowking|39/100|[from] item: Black Sludge
|upkeep
|turn|19
|
|t:|1779964474
|move|p1a: Julia Jacklin|Earth Power|p2a: Slowking
|-supereffective|p2a: Slowking
|-damage|p2a: Slowking|0 fnt
|faint|p2a: Slowking
|
|-end|p1a: Julia Jacklin|move: Heal Block
|upkeep
|
|t:|1779964479
|switch|p2a: Iron Crown|Iron Crown|100/100
|turn|20
|
|t:|1779964486
|move|p2a: Iron Crown|Psychic|p1a: Julia Jacklin
|-supereffective|p1a: Julia Jacklin
|-damage|p1a: Julia Jacklin|0 fnt
|faint|p1a: Julia Jacklin
|
|upkeep
|
|t:|1779964489
|switch|p1a: Rat Tally|Garchomp, F|100/100
|turn|21
|j| wyjmjl
|
|t:|1779964492
|-end|p2a: Iron Crown|Quark Drive|[silent]
|switch|p2a: Cinderace|Cinderace, M|7/100
|move|p1a: Rat Tally|Earthquake|p2a: Cinderace
|-supereffective|p2a: Cinderace
|-damage|p2a: Cinderace|0 fnt
|faint|p2a: Cinderace
|
|upkeep
|j| yuureisuisei
|
|t:|1779964493
|switch|p2a: Mamoswine|Mamoswine, M|33/100
|turn|22
|l| lord shiddenfards
|
|t:|1779964497
|switch|p1a: Smino|Gholdengo|53/100
|move|p2a: Mamoswine|Ice Shard|p1a: Smino
|-resisted|p1a: Smino
|-damage|p1a: Smino|37/100
|
|upkeep
|turn|23
|-message|tuanquewang forfeited.
|
|win|Auburn Hills
|raw|Auburn Hills's rating: 1806 &rarr; <strong>1821</strong><br />(+15 for winning)
|raw|tuanquewang's rating: 1713 &rarr; <strong>1698</strong><br />(-15 for losing)
|l|☆tuanquewang
|player|p2|
|j| lord shiddenfards
|l|☆Auburn Hills
|player|p1|
|l| lord shiddenfards
|l| yuureisuisei
|l| wyjmjl
