|j|☆Dearaurora
|j|☆ydyjyrdy
|t:|1779883496
|gametype|singles
|player|p1|Dearaurora|gwynn|1357
|player|p2|ydyjyrdy|hilbert|1397
|gen|9
|tier|[Gen 9] OU
|rated|
|rule|HP Percentage Mod: HP is shown in percentages
|rule|Endless Battle Clause: Forcing endless battles is banned
|rule|Species Clause: Limit one of each Pokémon
|rule|OHKO Clause: OHKO moves are banned
|rule|Evasion Items Clause: Evasion items are banned
|rule|Evasion Moves Clause: Evasion moves are banned
|rule|Evasion Abilities Clause: Evasion abilities are banned
|rule|Sleep Moves Clause: Sleep-inducing moves are banned
|clearpoke
|poke|p1|Darkrai|
|poke|p1|Great Tusk|
|poke|p1|Moltres|
|poke|p1|Dragapult, F|
|poke|p1|Ogerpon-Wellspring, F|
|poke|p1|Kingambit, F|
|poke|p2|Pelipper, M|
|poke|p2|Kilowattrel, F|
|poke|p2|Basculegion, M|
|poke|p2|Iron Treads|
|poke|p2|Raging Bolt|
|poke|p2|Kingambit, M|
|teampreview
|inactive|Battle timer is ON: inactive players will automatically lose when time's up. (requested by Dearaurora)
|
|t:|1779883503
|teamsize|p1|6
|teamsize|p2|6
|start
|switch|p1a: Dragapult|Dragapult, F|100/100
|switch|p2a: Pelipper|Pelipper, M|100/100
|-weather|RainDance|[from] ability: Drizzle|[of] p2a: Pelipper
|turn|1
|
|t:|1779883510
|switch|p2a: Kilowattrel|Kilowattrel, F|100/100
|move|p1a: Dragapult|U-turn|p2a: Kilowattrel
|-resisted|p2a: Kilowattrel
|-damage|p2a: Kilowattrel|84/100
|
|t:|1779883514
|switch|p1a: Kingambit|Kingambit, F|100/100|[from] U-turn
|
|-weather|RainDance|[upkeep]
|upkeep
|turn|2
|
|t:|1779883523
|move|p2a: Kilowattrel|Thunder|p1a: Kingambit
|-damage|p1a: Kingambit|28/100
|move|p1a: Kingambit|Iron Head|p2a: Kilowattrel
|-resisted|p2a: Kilowattrel
|-damage|p2a: Kilowattrel|39/100
|
|-weather|RainDance|[upkeep]
|-heal|p1a: Kingambit|34/100|[from] item: Leftovers
|upkeep
|turn|3
|
|t:|1779883538
|switch|p2a: Raging Bolt|Raging Bolt|100/100
|-enditem|p2a: Raging Bolt|Booster Energy
|-activate|p2a: Raging Bolt|ability: Protosynthesis|[fromitem]
|-start|p2a: Raging Bolt|protosynthesisspa
|move|p1a: Kingambit|Sucker Punch||[still]
|-fail|p1a: Kingambit
|
|-weather|RainDance|[upkeep]
|-heal|p1a: Kingambit|41/100|[from] item: Leftovers
|upkeep
|turn|4
|
|t:|1779883547
|move|p2a: Raging Bolt|Thunderclap|p1a: Kingambit
|-damage|p1a: Kingambit|0 fnt
|faint|p1a: Kingambit
|-end|p1a: Kingambit|fallenundefined|[silent]
|
|-weather|RainDance|[upkeep]
|upkeep
|
|t:|1779883549
|switch|p1a: Great Tusk|Great Tusk|100/100
|turn|5
|
|t:|1779883558
|-end|p2a: Raging Bolt|Protosynthesis|[silent]
|switch|p2a: Kilowattrel|Kilowattrel, F|39/100
|move|p1a: Great Tusk|Stealth Rock|p2a: Kilowattrel
|-sidestart|p2: ydyjyrdy|move: Stealth Rock
|
|-weather|RainDance|[upkeep]
|upkeep
|turn|6
|
|t:|1779883565
|-end|p1a: Great Tusk|Protosynthesis|[silent]
|switch|p1a: Dragapult|Dragapult, F|100/100
|move|p2a: Kilowattrel|Hurricane|p1a: Dragapult
|-damage|p1a: Dragapult|7/100
|
|-weather|RainDance|[upkeep]
|upkeep
|turn|7
|
|t:|1779883573
|move|p1a: Dragapult|Hex|p2a: Kilowattrel
|-damage|p2a: Kilowattrel|0 fnt
|faint|p2a: Kilowattrel
|
|-weather|RainDance|[upkeep]
|upkeep
|
|t:|1779883578
|switch|p2a: Iron Treads|Iron Treads, shiny|100/100
|-damage|p2a: Iron Treads|97/100|[from] Stealth Rock
|-enditem|p2a: Iron Treads|Booster Energy
|-activate|p2a: Iron Treads|ability: Quark Drive|[fromitem]
|-start|p2a: Iron Treads|quarkdrivespe
|turn|8
|
|t:|1779883585
|switch|p1a: Moltres|Moltres|100/100
|move|p2a: Iron Treads|Ice Spinner|p1a: Moltres
|-damage|p1a: Moltres|85/100
|-status|p2a: Iron Treads|brn|[from] ability: Flame Body|[of] p1a: Moltres
|
|-weather|none
|-damage|p2a: Iron Treads|91/100 brn|[from] brn
|upkeep
|turn|9
|
|t:|1779883590
|move|p2a: Iron Treads|Rapid Spin|p1a: Moltres
|-damage|p1a: Moltres|79/100
|-boost|p2a: Iron Treads|spe|1
|-sideend|p2: ydyjyrdy|Stealth Rock|[from] move: Rapid Spin|[of] p2a: Iron Treads
|move|p1a: Moltres|Flamethrower|p2a: Iron Treads
|-supereffective|p2a: Iron Treads
|-damage|p2a: Iron Treads|0 fnt
|faint|p2a: Iron Treads
|-end|p2a: Iron Treads|Quark Drive|[silent]
|
|upkeep
|
|t:|1779883599
|switch|p2a: Pelipper|Pelipper, M|100/100
|-weather|RainDance|[from] ability: Drizzle|[of] p2a: Pelipper
|turn|10
|
|t:|1779883607
|switch|p1a: Ogerpon|Ogerpon-Wellspring, F|100/100
|move|p2a: Pelipper|Hurricane|p1a: Ogerpon
|-supereffective|p1a: Ogerpon
|-damage|p1a: Ogerpon|22/100
|
|-weather|RainDance|[upkeep]
|upkeep
|turn|11
|
|t:|1779883620
|move|p1a: Ogerpon|Horn Leech|p2a: Pelipper
|-damage|p2a: Pelipper|63/100
|-heal|p1a: Ogerpon|42/100|[from] drain|[of] p2a: Pelipper
|move|p2a: Pelipper|Hurricane|p1a: Ogerpon
|-supereffective|p1a: Ogerpon
|-damage|p1a: Ogerpon|0 fnt
|faint|p1a: Ogerpon
|
|-weather|RainDance|[upkeep]
|upkeep
|
|t:|1779883625
|switch|p1a: Darkrai|Darkrai|100/100
|turn|12
|
|t:|1779883631
|switch|p2a: Raging Bolt|Raging Bolt|100/100
|move|p1a: Darkrai|Dark Pulse|p2a: Raging Bolt
|-damage|p2a: Raging Bolt|50/100
|
|-weather|RainDance|[upkeep]
|upkeep
|turn|13
|
|t:|1779883640
|-terastallize|p2a: Raging Bolt|Fairy
|move|p1a: Darkrai|Dark Pulse|p2a: Raging Bolt
|-resisted|p2a: Raging Bolt
|-damage|p2a: Raging Bolt|22/100
|move|p2a: Raging Bolt|Draco Meteor|p1a: Darkrai
|-damage|p1a: Darkrai|0 fnt
|-unboost|p2a: Raging Bolt|spa|2
|faint|p1a: Darkrai
|
|-weather|RainDance|[upkeep]
|upkeep
|
|t:|1779883644
|switch|p1a: Great Tusk|Great Tusk|100/100
|turn|14
|
|t:|1779883654
|move|p1a: Great Tusk|Rapid Spin|p2a: Raging Bolt
|-damage|p2a: Raging Bolt|9/100
|-boost|p1a: Great Tusk|spe|1
|move|p2a: Raging Bolt|Weather Ball|p1a: Great Tusk
|-supereffective|p1a: Great Tusk
|-damage|p1a: Great Tusk|20/100
|
|-weather|RainDance|[upkeep]
|upkeep
|turn|15
|
|t:|1779883665
|-end|p2a: Raging Bolt|Protosynthesis|[silent]
|switch|p2a: Pelipper|Pelipper, M|63/100
|move|p1a: Great Tusk|Rapid Spin|p2a: Pelipper
|-damage|p2a: Pelipper|51/100
|-boost|p1a: Great Tusk|spe|1
|
|-weather|RainDance|[upkeep]
|upkeep
|turn|16
|
|t:|1779883673
|move|p1a: Great Tusk|Stealth Rock|p2a: Pelipper
|-sidestart|p2: ydyjyrdy|move: Stealth Rock
|move|p2a: Pelipper|Hurricane|p1a: Great Tusk
|-supereffective|p1a: Great Tusk
|-crit|p1a: Great Tusk
|-damage|p1a: Great Tusk|0 fnt
|faint|p1a: Great Tusk
|-end|p1a: Great Tusk|Protosynthesis|[silent]
|
|-weather|RainDance|[upkeep]
|upkeep
|
|t:|1779883676
|switch|p1a: Dragapult|Dragapult, F|7/100
|turn|17
|
|t:|1779883683
|switch|p2a: Kingambit|Kingambit, M|100/100
|-damage|p2a: Kingambit|94/100|[from] Stealth Rock
|-activate|p2a: Kingambit|ability: Supreme Overlord
|-start|p2a: Kingambit|fallen2|[silent]
|move|p1a: Dragapult|Draco Meteor|p2a: Kingambit
|-resisted|p2a: Kingambit
|-damage|p2a: Kingambit|68/100
|-unboost|p1a: Dragapult|spa|2
|
|-weather|none
|upkeep
|turn|18
|
|t:|1779883697
|move|p1a: Dragapult|Will-O-Wisp|p2a: Kingambit
|-status|p2a: Kingambit|brn
|move|p2a: Kingambit|Kowtow Cleave|p1a: Dragapult
|-supereffective|p1a: Dragapult
|-damage|p1a: Dragapult|0 fnt
|faint|p1a: Dragapult
|
|-damage|p2a: Kingambit|61/100 brn|[from] brn
|upkeep
|
|t:|1779883700
|switch|p1a: Moltres|Moltres|79/100
|turn|19
|
|t:|1779883704
|move|p2a: Kingambit|Sucker Punch|p1a: Moltres
|-damage|p1a: Moltres|58/100
|move|p1a: Moltres|Flamethrower|p2a: Kingambit
|-supereffective|p2a: Kingambit
|-damage|p2a: Kingambit|0 fnt
|faint|p2a: Kingambit
|-end|p2a: Kingambit|fallen2|[silent]
|
|upkeep
|
|t:|1779883710
|switch|p2a: Pelipper|Pelipper, M|51/100
|-damage|p2a: Pelipper|26/100|[from] Stealth Rock
|-weather|RainDance|[from] ability: Drizzle|[of] p2a: Pelipper
|turn|20
|
|t:|1779883715
|-terastallize|p1a: Moltres|Grass
|move|p1a: Moltres|Flamethrower|p2a: Pelipper
|-resisted|p2a: Pelipper
|-damage|p2a: Pelipper|12/100
|move|p2a: Pelipper|Weather Ball|p1a: Moltres
|-resisted|p1a: Moltres
|-damage|p1a: Moltres|34/100
|
|-weather|RainDance|[upkeep]
|upkeep
|turn|21
|
|t:|1779883722
|move|p1a: Moltres|Flamethrower|p2a: Pelipper
|-resisted|p2a: Pelipper
|-damage|p2a: Pelipper|0 fnt
|faint|p2a: Pelipper
|
|-weather|RainDance|[upkeep]
|upkeep
|
|t:|1779883725
|switch|p2a: Basculegion|Basculegion, M|100/100
|-damage|p2a: Basculegion|88/100|[from] Stealth Rock
|turn|22
|
|t:|1779883728
|move|p2a: Basculegion|Wave Crash|p1a: Moltres
|-resisted|p1a: Moltres
|-damage|p1a: Moltres|0 fnt
|-status|p2a: Basculegion|brn|[from] ability: Flame Body|[of] p1a: Moltres
|faint|p1a: Moltres
|-damage|p2a: Basculegion|77/100 brn|[from] Recoil
|
|win|ydyjyrdy
|raw|Dearaurora's rating: 1357 &rarr; <strong>1339</strong><br />(-18 for losing)
|raw|ydyjyrdy's rating: 1397 &rarr; <strong>1415</strong><br />(+18 for winning)
|l|☆Dearaurora
|player|p1|
|l|☆ydyjyrdy
|player|p2|
|j|☆ydyjyrdy
|player|p2|ydyjyrdy|hilbert|
|l|☆ydyjyrdy
|player|p2|
