|j|☆nitro05
|j|☆surprised head
|t:|1779815263
|gametype|singles
|player|p1|nitro05|2|1510
|player|p2|surprised head|101|1493
|gen|9
|tier|[Gen 9] OU
|rated|
|rule|HP Percentage Mod: HP is shown in percentages
|rule|Endless Battle Clause: Forcing endless battles is banned
|rule|Species Clause: Limit one of each Pokémon
|rule|OHKO Clause: OHKO moves are banned
|rule|Evasion Items Clause: Evasion items are banned
|rule|Evasion Moves Clause: Evasion moves are banned
|rule|Evasion Abilities Clause: Evasion abilities are banned
|rule|Sleep Moves Clause: Sleep-inducing moves are banned
|clearpoke
|poke|p1|Darkrai|
|poke|p1|Garchomp, M|
|poke|p1|Alomomola, M|
|poke|p1|Corviknight, M|
|poke|p1|Weezing-Galar, F|
|poke|p1|Ogerpon, F|
|poke|p2|Clefable, F|
|poke|p2|Ting-Lu|
|poke|p2|Skarmory, M|
|poke|p2|Pecharunt|
|poke|p2|Hydreigon, M|
|poke|p2|Abomasnow, F|
|teampreview
|
|t:|1779815279
|teamsize|p1|6
|teamsize|p2|6
|start
|switch|p1a: Garchomp|Garchomp, M|100/100
|switch|p2a: Abomasnow|Abomasnow, F|100/100
|-weather|Snowscape|[from] ability: Snow Warning|[of] p2a: Abomasnow
|turn|1
|
|t:|1779815296
|move|p1a: Garchomp|Stealth Rock|p2a: Abomasnow
|-sidestart|p2: surprised head|move: Stealth Rock
|move|p2a: Abomasnow|Body Press|p1a: Garchomp
|-damage|p1a: Garchomp|87/100
|-damage|p2a: Abomasnow|88/100|[from] ability: Rough Skin|[of] p1a: Garchomp
|-damage|p2a: Abomasnow|72/100|[from] item: Rocky Helmet|[of] p1a: Garchomp
|
|-weather|Snowscape|[upkeep]
|upkeep
|turn|2
|
|t:|1779815303
|switch|p1a: Corviknight|Corviknight, M|100/100
|-ability|p1a: Corviknight|Pressure
|move|p2a: Abomasnow|Blizzard|p1a: Corviknight
|-damage|p1a: Corviknight|66/100
|
|-weather|Snowscape|[upkeep]
|-heal|p1a: Corviknight|72/100|[from] item: Leftovers
|upkeep
|turn|3
|
|t:|1779815317
|switch|p2a: Clefable|Clefable, F|100/100
|move|p1a: Corviknight|Brave Bird|p2a: Clefable
|-damage|p2a: Clefable|74/100
|-damage|p1a: Corviknight|64/100|[from] Recoil
|
|-weather|Snowscape|[upkeep]
|-heal|p1a: Corviknight|70/100|[from] item: Leftovers
|-heal|p2a: Clefable|80/100|[from] item: Leftovers
|upkeep
|turn|4
|
|t:|1779815322
|move|p1a: Corviknight|U-turn|p2a: Clefable
|-resisted|p2a: Clefable
|-damage|p2a: Clefable|75/100
|
|t:|1779815324
|switch|p1a: Ogerpon|Ogerpon, F|100/100|[from] U-turn
|move|p2a: Clefable|Knock Off|p1a: Ogerpon
|-damage|p1a: Ogerpon|82/100
|-enditem|p1a: Ogerpon|Choice Band|[from] move: Knock Off|[of] p2a: Clefable
|
|-weather|Snowscape|[upkeep]
|-heal|p2a: Clefable|81/100|[from] item: Leftovers
|upkeep
|turn|5
|
|t:|1779815330
|switch|p2a: Skarmory|Skarmory, M|100/100
|-damage|p2a: Skarmory|88/100|[from] Stealth Rock
|move|p1a: Ogerpon|Knock Off|p2a: Skarmory
|-damage|p2a: Skarmory|68/100
|-damage|p1a: Ogerpon|66/100|[from] item: Rocky Helmet|[of] p2a: Skarmory
|-enditem|p2a: Skarmory|Rocky Helmet|[from] move: Knock Off|[of] p1a: Ogerpon
|
|-weather|none
|upkeep
|turn|6
|
|t:|1779815339
|move|p1a: Ogerpon|U-turn|p2a: Skarmory
|-resisted|p2a: Skarmory
|-damage|p2a: Skarmory|65/100
|
|t:|1779815346
|switch|p1a: Darkrai|Darkrai|100/100|[from] U-turn
|move|p2a: Skarmory|Spikes|p1a: Darkrai
|-sidestart|p1: nitro05|Spikes
|
|upkeep
|turn|7
|
|t:|1779815351
|switch|p2a: Ting-Lu|Ting-Lu|100/100
|-ability|p2a: Ting-Lu|Vessel of Ruin
|move|p1a: Darkrai|Focus Blast|p2a: Ting-Lu|[miss]
|-miss|p1a: Darkrai|p2a: Ting-Lu
|
|upkeep
|turn|8
|
|t:|1779815357
|move|p1a: Darkrai|Focus Blast|p2a: Ting-Lu
|-supereffective|p2a: Ting-Lu
|-crit|p2a: Ting-Lu
|-damage|p2a: Ting-Lu|22/100
|move|p2a: Ting-Lu|Ruination|p1a: Darkrai
|-damage|p1a: Darkrai|51/100
|
|upkeep
|turn|9
|
|t:|1779815364
|switch|p2a: Clefable|Clefable, F|81/100
|move|p1a: Darkrai|Focus Blast|p2a: Clefable|[miss]
|-miss|p1a: Darkrai|p2a: Clefable
|
|-heal|p2a: Clefable|87/100|[from] item: Leftovers
|upkeep
|turn|10
|
|t:|1779815376
|switch|p1a: Corviknight|Corviknight, M|70/100
|-ability|p1a: Corviknight|Pressure
|move|p2a: Clefable|Knock Off|p1a: Corviknight
|-damage|p1a: Corviknight|61/100
|-enditem|p1a: Corviknight|Leftovers|[from] move: Knock Off|[of] p2a: Clefable
|
|-heal|p2a: Clefable|93/100|[from] item: Leftovers
|upkeep
|turn|11
|
|t:|1779815385
|move|p1a: Corviknight|Defog|p2a: Clefable
|-unboost|p2a: Clefable|evasion|1
|-sideend|p2: surprised head|Stealth Rock|[from] move: Defog|[of] p1a: Corviknight
|-sideend|p1: nitro05|Spikes|[from] move: Defog|[of] p1a: Corviknight
|move|p2a: Clefable|Calm Mind|p2a: Clefable
|-boost|p2a: Clefable|spa|1
|-boost|p2a: Clefable|spd|1
|
|-heal|p2a: Clefable|99/100|[from] item: Leftovers
|upkeep
|turn|12
|
|t:|1779815392
|move|p1a: Corviknight|U-turn|p2a: Clefable
|-resisted|p2a: Clefable
|-damage|p2a: Clefable|93/100
|
|t:|1779815393
|switch|p1a: Ogerpon|Ogerpon, F|66/100|[from] U-turn
|move|p2a: Clefable|Knock Off|p1a: Ogerpon
|-damage|p1a: Ogerpon|53/100
|
|-heal|p2a: Clefable|99/100|[from] item: Leftovers
|upkeep
|turn|13
|
|t:|1779815398
|move|p1a: Ogerpon|Ivy Cudgel|p2a: Clefable
|-damage|p2a: Clefable|63/100
|move|p2a: Clefable|Moonblast|p1a: Ogerpon
|-damage|p1a: Ogerpon|0 fnt
|faint|p1a: Ogerpon
|
|-heal|p2a: Clefable|69/100|[from] item: Leftovers
|upkeep
|
|t:|1779815403
|switch|p1a: Darkrai|Darkrai|51/100
|turn|14
|
|t:|1779815406
|switch|p2a: Ting-Lu|Ting-Lu|22/100
|-ability|p2a: Ting-Lu|Vessel of Ruin
|move|p1a: Darkrai|Sludge Bomb|p2a: Ting-Lu
|-resisted|p2a: Ting-Lu
|-damage|p2a: Ting-Lu|13/100
|
|upkeep
|turn|15
|
|t:|1779815412
|switch|p1a: Garchomp|Garchomp, M|87/100
|switch|p2a: Hydreigon|Hydreigon, M|100/100
|
|upkeep
|turn|16
|
|t:|1779815417
|switch|p1a: Weezing|Weezing-Galar, F|100/100
|-ability|p1a: Weezing|Neutralizing Gas
|move|p2a: Hydreigon|Substitute|p2a: Hydreigon
|-start|p2a: Hydreigon|Substitute
|-damage|p2a: Hydreigon|76/100
|
|-heal|p2a: Hydreigon|82/100|[from] item: Leftovers
|upkeep
|turn|17
|
|t:|1779815424
|move|p2a: Hydreigon|Nasty Plot|p2a: Hydreigon
|-boost|p2a: Hydreigon|spa|2
|move|p1a: Weezing|Sludge Bomb|p2a: Hydreigon
|-end|p2a: Hydreigon|Substitute
|
|-heal|p2a: Hydreigon|88/100|[from] item: Leftovers
|upkeep
|turn|18
|
|t:|1779815427
|move|p2a: Hydreigon|Flash Cannon|p1a: Weezing
|-supereffective|p1a: Weezing
|-damage|p1a: Weezing|0 fnt
|faint|p1a: Weezing
|-end|p1a: Weezing|ability: Neutralizing Gas
|
|-heal|p2a: Hydreigon|94/100|[from] item: Leftovers
|upkeep
|
|t:|1779815430
|switch|p1a: Darkrai|Darkrai|51/100
|turn|19
|
|t:|1779815440
|switch|p2a: Ting-Lu|Ting-Lu|13/100
|-ability|p2a: Ting-Lu|Vessel of Ruin
|move|p1a: Darkrai|Ice Beam|p2a: Ting-Lu
|-supereffective|p2a: Ting-Lu
|-damage|p2a: Ting-Lu|0 fnt
|faint|p2a: Ting-Lu
|
|upkeep
|
|t:|1779815446
|switch|p2a: Clefable|Clefable, F|69/100
|turn|20
|
|t:|1779815452
|switch|p1a: Corviknight|Corviknight, M|61/100
|-ability|p1a: Corviknight|Pressure
|move|p2a: Clefable|Calm Mind|p2a: Clefable
|-boost|p2a: Clefable|spa|1
|-boost|p2a: Clefable|spd|1
|
|-heal|p2a: Clefable|75/100|[from] item: Leftovers
|upkeep
|turn|21
|
|t:|1779815462
|move|p1a: Corviknight|Brave Bird|p2a: Clefable
|-damage|p2a: Clefable|46/100
|-damage|p1a: Corviknight|52/100|[from] Recoil
|move|p2a: Clefable|Calm Mind|p2a: Clefable
|-boost|p2a: Clefable|spa|1
|-boost|p2a: Clefable|spd|1
|
|-heal|p2a: Clefable|52/100|[from] item: Leftovers
|upkeep
|turn|22
|
|t:|1779815466
|move|p1a: Corviknight|Brave Bird|p2a: Clefable
|-damage|p2a: Clefable|22/100
|-damage|p1a: Corviknight|42/100|[from] Recoil
|move|p2a: Clefable|Moonlight|p2a: Clefable
|-heal|p2a: Clefable|72/100
|
|-heal|p2a: Clefable|78/100|[from] item: Leftovers
|upkeep
|turn|23
|
|t:|1779815470
|move|p1a: Corviknight|Roost|p1a: Corviknight
|-heal|p1a: Corviknight|92/100
|-singleturn|p1a: Corviknight|move: Roost
|move|p2a: Clefable|Moonlight|p2a: Clefable
|-heal|p2a: Clefable|100/100
|
|upkeep
|turn|24
|
|t:|1779815472
|move|p1a: Corviknight|Brave Bird|p2a: Clefable
|-damage|p2a: Clefable|74/100
|-damage|p1a: Corviknight|83/100|[from] Recoil
|move|p2a: Clefable|Calm Mind|p2a: Clefable
|-boost|p2a: Clefable|spa|1
|-boost|p2a: Clefable|spd|1
|
|-heal|p2a: Clefable|80/100|[from] item: Leftovers
|upkeep
|turn|25
|
|t:|1779815475
|move|p1a: Corviknight|Brave Bird|p2a: Clefable
|-damage|p2a: Clefable|52/100
|-damage|p1a: Corviknight|74/100|[from] Recoil
|move|p2a: Clefable|Moonlight|p2a: Clefable
|-heal|p2a: Clefable|100/100
|
|upkeep
|turn|26
|
|t:|1779815477
|move|p1a: Corviknight|Roost|p1a: Corviknight
|-heal|p1a: Corviknight|100/100
|-singleturn|p1a: Corviknight|move: Roost
|move|p2a: Clefable|Moonblast|p1a: Corviknight
|-resisted|p1a: Corviknight
|-damage|p1a: Corviknight|62/100
|-unboost|p1a: Corviknight|spa|1
|
|upkeep
|turn|27
|
|t:|1779815482
|move|p1a: Corviknight|Brave Bird|p2a: Clefable
|-damage|p2a: Clefable|74/100
|-damage|p1a: Corviknight|53/100|[from] Recoil
|move|p2a: Clefable|Moonblast|p1a: Corviknight
|-resisted|p1a: Corviknight
|-crit|p1a: Corviknight
|-damage|p1a: Corviknight|1/100
|-unboost|p1a: Corviknight|spa|1
|
|-heal|p2a: Clefable|80/100|[from] item: Leftovers
|upkeep
|turn|28
|
|t:|1779815486
|move|p1a: Corviknight|Brave Bird|p2a: Clefable
|-damage|p2a: Clefable|52/100
|-damage|p1a: Corviknight|0 fnt|[from] Recoil
|faint|p1a: Corviknight
|move|p2a: Clefable|Calm Mind|p2a: Clefable
|-boost|p2a: Clefable|spa|1
|-boost|p2a: Clefable|spd|1
|
|-heal|p2a: Clefable|58/100|[from] item: Leftovers
|upkeep
|
|t:|1779815491
|switch|p1a: Garchomp|Garchomp, M|87/100
|turn|29
|
|t:|1779815495
|move|p1a: Garchomp|Earthquake|p2a: Clefable
|-damage|p2a: Clefable|23/100
|move|p2a: Clefable|Moonlight|p2a: Clefable
|-heal|p2a: Clefable|73/100
|
|-heal|p2a: Clefable|79/100|[from] item: Leftovers
|upkeep
|turn|30
|
|t:|1779815500
|move|p1a: Garchomp|Stealth Rock|p2a: Clefable
|-sidestart|p2: surprised head|move: Stealth Rock
|move|p2a: Clefable|Moonlight|p2a: Clefable
|-heal|p2a: Clefable|100/100
|
|upkeep
|turn|31
|
|t:|1779815503
|move|p1a: Garchomp|Earthquake|p2a: Clefable
|-damage|p2a: Clefable|69/100
|move|p2a: Clefable|Moonblast|p1a: Garchomp
|-supereffective|p1a: Garchomp
|-damage|p1a: Garchomp|0 fnt
|faint|p1a: Garchomp
|
|-heal|p2a: Clefable|75/100|[from] item: Leftovers
|upkeep
|
|t:|1779815505
|switch|p1a: Darkrai|Darkrai|51/100
|turn|32
|
|t:|1779815508
|move|p1a: Darkrai|Sludge Bomb|p2a: Clefable
|-supereffective|p2a: Clefable
|-damage|p2a: Clefable|42/100
|move|p2a: Clefable|Moonblast|p1a: Darkrai
|-supereffective|p1a: Darkrai
|-damage|p1a: Darkrai|0 fnt
|faint|p1a: Darkrai
|
|-heal|p2a: Clefable|48/100|[from] item: Leftovers
|upkeep
|-message|nitro05 forfeited.
|
|win|surprised head
|raw|nitro05's rating: 1510 &rarr; <strong>1489</strong><br />(-21 for losing)
|raw|surprised head's rating: 1493 &rarr; <strong>1514</strong><br />(+21 for winning)
|l|☆nitro05
|player|p1|
