|j|☆Ting-Lu1234
|j|☆LeChunkalo
|t:|1779860109
|gametype|singles
|player|p1|Ting-Lu1234|2|1480
|player|p2|LeChunkalo|biker-gen4|1537
|gen|9
|tier|[Gen 9] OU
|rated|
|rule|HP Percentage Mod: HP is shown in percentages
|rule|Endless Battle Clause: Forcing endless battles is banned
|rule|Species Clause: Limit one of each Pokémon
|rule|OHKO Clause: OHKO moves are banned
|rule|Evasion Items Clause: Evasion items are banned
|rule|Evasion Moves Clause: Evasion moves are banned
|rule|Evasion Abilities Clause: Evasion abilities are banned
|rule|Sleep Moves Clause: Sleep-inducing moves are banned
|clearpoke
|poke|p1|Polteageist|
|poke|p1|Grimmsnarl, M|
|poke|p1|Garganacl, M|
|poke|p1|Ting-Lu|
|poke|p1|Ditto|
|poke|p1|Necrozma|
|poke|p2|Ogerpon-Cornerstone, F|
|poke|p2|Pecharunt|
|poke|p2|Zapdos-Galar|
|poke|p2|Dragonite, M|
|poke|p2|Iron Treads|
|poke|p2|Primarina, M|
|teampreview
|inactive|Battle timer is ON: inactive players will automatically lose when time's up. (requested by LeChunkalo)
|
|t:|1779860124
|teamsize|p1|6
|teamsize|p2|6
|start
|switch|p1a: Grimmsnarl|Grimmsnarl, M|100/100
|switch|p2a: Zapdos|Zapdos-Galar|100/100
|turn|1
|
|t:|1779860130
|move|p1a: Grimmsnarl|Reflect|p1a: Grimmsnarl
|-sidestart|p1: Ting-Lu1234|Reflect
|move|p2a: Zapdos|Knock Off|p1a: Grimmsnarl
|-resisted|p1a: Grimmsnarl
|-damage|p1a: Grimmsnarl|97/100
|-enditem|p1a: Grimmsnarl|Light Clay|[from] move: Knock Off|[of] p2a: Zapdos
|
|upkeep
|turn|2
|
|t:|1779860138
|switch|p2a: Pecharunt|Pecharunt|100/100
|move|p1a: Grimmsnarl|Light Screen|p1a: Grimmsnarl
|-sidestart|p1: Ting-Lu1234|move: Light Screen
|
|upkeep
|turn|3
|
|t:|1779860142
|move|p1a: Grimmsnarl|Parting Shot|p2a: Pecharunt
|-unboost|p2a: Pecharunt|atk|1
|-unboost|p2a: Pecharunt|spa|1
|
|t:|1779860150
|switch|p1a: Ting-Lu|Ting-Lu|100/100|[from] Parting Shot
|-ability|p1a: Ting-Lu|Vessel of Ruin
|move|p2a: Pecharunt|Malignant Chain|p1a: Ting-Lu
|-resisted|p1a: Ting-Lu
|-damage|p1a: Ting-Lu|97/100
|
|-heal|p1a: Ting-Lu|100/100|[from] item: Leftovers
|upkeep
|turn|4
|
|t:|1779860162
|switch|p2a: Zapdos|Zapdos-Galar|100/100
|move|p1a: Ting-Lu|Stealth Rock|p2a: Zapdos
|-sidestart|p2: LeChunkalo|move: Stealth Rock
|
|upkeep
|turn|5
|
|t:|1779860178
|move|p2a: Zapdos|Close Combat|p1a: Ting-Lu
|-supereffective|p1a: Ting-Lu
|-damage|p1a: Ting-Lu|68/100
|-unboost|p2a: Zapdos|def|1
|-unboost|p2a: Zapdos|spd|1
|move|p1a: Ting-Lu|Whirlwind|p2a: Zapdos
|drag|p2a: Iron Treads|Iron Treads|100/100
|-damage|p2a: Iron Treads|97/100|[from] Stealth Rock
|
|-heal|p2a: Iron Treads|100/100|[from] item: Leftovers
|-heal|p1a: Ting-Lu|74/100|[from] item: Leftovers
|upkeep
|turn|6
|
|t:|1779860194
|-end|p2a: Iron Treads|Quark Drive|[silent]
|switch|p2a: Zapdos|Zapdos-Galar|100/100
|-damage|p2a: Zapdos|88/100|[from] Stealth Rock
|move|p1a: Ting-Lu|Memento|p2a: Zapdos
|-unboost|p2a: Zapdos|atk|2
|-ability|p2a: Zapdos|Defiant|boost
|-boost|p2a: Zapdos|atk|2
|-unboost|p2a: Zapdos|spa|2
|-ability|p2a: Zapdos|Defiant|boost
|-boost|p2a: Zapdos|atk|2
|faint|p1a: Ting-Lu
|
|-sideend|p1: Ting-Lu1234|move: Light Screen
|upkeep
|
|t:|1779860200
|switch|p1a: Polteageist|Polteageist|100/100
|turn|7
|
|t:|1779860203
|move|p2a: Zapdos|U-turn|p1a: Polteageist
|-resisted|p1a: Polteageist
|-damage|p1a: Polteageist|78/100
|-ability|p1a: Polteageist|Weak Armor|boost
|-unboost|p1a: Polteageist|def|1
|-boost|p1a: Polteageist|spe|2
|
|t:|1779860205
|switch|p2a: Dragonite|Dragonite, M|100/100|[from] U-turn
|move|p1a: Polteageist|Shell Smash|p1a: Polteageist
|-unboost|p1a: Polteageist|def|1
|-unboost|p1a: Polteageist|spd|1
|-boost|p1a: Polteageist|atk|2
|-boost|p1a: Polteageist|spa|2
|-boost|p1a: Polteageist|spe|2
|
|upkeep
|turn|8
|
|t:|1779860212
|move|p1a: Polteageist|Stored Power|p2a: Dragonite
|-damage|p2a: Dragonite|47/100
|move|p2a: Dragonite|Dragon Tail|p1a: Polteageist
|-damage|p1a: Polteageist|9/100
|-ability|p1a: Polteageist|Weak Armor|boost
|-unboost|p1a: Polteageist|def|1
|-boost|p1a: Polteageist|spe|2
|drag|p1a: Grimmsnarl|Grimmsnarl, M|97/100
|
|-sideend|p1: Ting-Lu1234|Reflect
|upkeep
|turn|9
|
|t:|1779860222
|move|p1a: Grimmsnarl|Reflect|p1a: Grimmsnarl
|-sidestart|p1: Ting-Lu1234|Reflect
|move|p2a: Dragonite|Roost|p2a: Dragonite
|-heal|p2a: Dragonite|97/100
|-singleturn|p2a: Dragonite|move: Roost
|
|upkeep
|turn|10
|
|t:|1779860229
|switch|p2a: Iron Treads|Iron Treads|100/100
|-damage|p2a: Iron Treads|97/100|[from] Stealth Rock
|move|p1a: Grimmsnarl|Parting Shot|p2a: Iron Treads
|-unboost|p2a: Iron Treads|atk|1
|-unboost|p2a: Iron Treads|spa|1
|
|t:|1779860232
|switch|p1a: Garganacl|Garganacl, M|100/100|[from] Parting Shot
|
|-heal|p2a: Iron Treads|100/100|[from] item: Leftovers
|upkeep
|turn|11
|
|t:|1779860243
|move|p2a: Iron Treads|Rapid Spin|p1a: Garganacl
|-resisted|p1a: Garganacl
|-damage|p1a: Garganacl|99/100
|-boost|p2a: Iron Treads|spe|1
|-sideend|p2: LeChunkalo|Stealth Rock|[from] move: Rapid Spin|[of] p2a: Iron Treads
|move|p1a: Garganacl|Iron Defense|p1a: Garganacl
|-boost|p1a: Garganacl|def|2
|
|-heal|p1a: Garganacl|100/100|[from] item: Leftovers
|upkeep
|turn|12
|
|t:|1779860253
|-end|p2a: Iron Treads|Quark Drive|[silent]
|switch|p2a: Dragonite|Dragonite, M|97/100
|-terastallize|p1a: Garganacl|Ghost
|move|p1a: Garganacl|Iron Defense|p1a: Garganacl
|-boost|p1a: Garganacl|def|2
|
|upkeep
|turn|13
|
|t:|1779860259
|move|p1a: Garganacl|Salt Cure|p2a: Dragonite
|-supereffective|p2a: Dragonite
|-damage|p2a: Dragonite|71/100
|-start|p2a: Dragonite|Salt Cure
|move|p2a: Dragonite|Dragon Tail|p1a: Garganacl
|-damage|p1a: Garganacl|97/100
|drag|p1a: Necrozma|Necrozma|100/100
|
|-damage|p2a: Dragonite|59/100|[from] Salt Cure
|-sideend|p1: Ting-Lu1234|Reflect
|upkeep
|turn|14
|
|t:|1779860270
|switch|p2a: Iron Treads|Iron Treads|100/100
|move|p1a: Necrozma|Photon Geyser|p2a: Iron Treads
|-resisted|p2a: Iron Treads
|-damage|p2a: Iron Treads|66/100
|
|-heal|p2a: Iron Treads|72/100|[from] item: Leftovers
|upkeep
|turn|15
|
|t:|1779860274
|move|p2a: Iron Treads|Stealth Rock|p1a: Necrozma
|-sidestart|p1: Ting-Lu1234|move: Stealth Rock
|move|p1a: Necrozma|Heat Wave|p2a: Iron Treads|[miss]
|-miss|p1a: Necrozma|p2a: Iron Treads
|
|-heal|p2a: Iron Treads|78/100|[from] item: Leftovers
|upkeep
|turn|16
|
|t:|1779860281
|-end|p2a: Iron Treads|Quark Drive|[silent]
|switch|p2a: Primarina|Primarina, M|100/100
|move|p1a: Necrozma|Heat Wave|p2a: Primarina
|-resisted|p2a: Primarina
|-damage|p2a: Primarina|86/100
|
|-heal|p2a: Primarina|92/100|[from] item: Leftovers
|upkeep
|turn|17
|
|t:|1779860286
|move|p2a: Primarina|Substitute|p2a: Primarina
|-start|p2a: Primarina|Substitute
|-damage|p2a: Primarina|67/100
|move|p1a: Necrozma|Photon Geyser|p2a: Primarina
|-end|p2a: Primarina|Substitute
|
|-heal|p2a: Primarina|74/100|[from] item: Leftovers
|upkeep
|turn|18
|
|t:|1779860289
|move|p2a: Primarina|Calm Mind|p2a: Primarina
|-boost|p2a: Primarina|spa|1
|-boost|p2a: Primarina|spd|1
|move|p1a: Necrozma|Photon Geyser|p2a: Primarina
|-damage|p2a: Primarina|44/100
|
|-heal|p2a: Primarina|50/100|[from] item: Leftovers
|upkeep
|turn|19
|
|t:|1779860297
|move|p2a: Primarina|Substitute|p2a: Primarina
|-start|p2a: Primarina|Substitute
|-damage|p2a: Primarina|25/100
|move|p1a: Necrozma|Calm Mind|p1a: Necrozma
|-boost|p1a: Necrozma|spa|1
|-boost|p1a: Necrozma|spd|1
|
|-heal|p2a: Primarina|31/100|[from] item: Leftovers
|upkeep
|turn|20
|
|t:|1779860300
|move|p2a: Primarina|Calm Mind|p2a: Primarina
|-boost|p2a: Primarina|spa|1
|-boost|p2a: Primarina|spd|1
|move|p1a: Necrozma|Photon Geyser|p2a: Primarina
|-end|p2a: Primarina|Substitute
|
|-heal|p2a: Primarina|38/100|[from] item: Leftovers
|upkeep
|turn|21
|
|t:|1779860302
|move|p2a: Primarina|Calm Mind|p2a: Primarina
|-boost|p2a: Primarina|spa|1
|-boost|p2a: Primarina|spd|1
|move|p1a: Necrozma|Photon Geyser|p2a: Primarina
|-damage|p2a: Primarina|11/100
|
|-heal|p2a: Primarina|17/100|[from] item: Leftovers
|upkeep
|turn|22
|
|t:|1779860306
|-terastallize|p2a: Primarina|Steel
|move|p2a: Primarina|Moonblast|p1a: Necrozma
|-damage|p1a: Necrozma|22/100
|-unboost|p1a: Necrozma|spa|1
|move|p1a: Necrozma|Photon Geyser|p2a: Primarina
|-resisted|p2a: Primarina
|-damage|p2a: Primarina|8/100
|
|-heal|p2a: Primarina|14/100|[from] item: Leftovers
|-heal|p1a: Necrozma|28/100|[from] item: Leftovers
|upkeep
|turn|23
|
|t:|1779860318
|move|p2a: Primarina|Moonblast|p1a: Necrozma
|-damage|p1a: Necrozma|0 fnt
|faint|p1a: Necrozma
|
|-heal|p2a: Primarina|20/100|[from] item: Leftovers
|upkeep
|
|t:|1779860328
|switch|p1a: Ditto|Ditto|100/100
|-damage|p1a: Ditto|88/100|[from] Stealth Rock
|-transform|p1a: Ditto|p2a: Primarina|[from] ability: Imposter
|-start|p1a: Ditto|typechange|Water/Fairy|[silent]
|turn|24
|
|t:|1779860333
|move|p1a: Ditto|Surf|p2a: Primarina
|-damage|p2a: Primarina|0 fnt
|faint|p2a: Primarina
|
|upkeep
|
|t:|1779860341
|switch|p2a: Ogerpon|Ogerpon-Cornerstone, F|100/100
|turn|25
|
|t:|1779860344
|move|p2a: Ogerpon|Power Whip|p1a: Ditto|[miss]
|-miss|p2a: Ogerpon|p1a: Ditto
|move|p1a: Ditto|Surf|p2a: Ogerpon
|-ability|p2a: Ogerpon|Sturdy
|-damage|p2a: Ogerpon|1/100
|
|upkeep
|turn|26
|
|t:|1779860351
|move|p2a: Ogerpon|Power Whip|p1a: Ditto
|-supereffective|p1a: Ditto
|-damage|p1a: Ditto|0 fnt
|faint|p1a: Ditto
|
|upkeep
|
|t:|1779860356
|switch|p1a: Grimmsnarl|Grimmsnarl, M|97/100
|-damage|p1a: Grimmsnarl|84/100|[from] Stealth Rock
|turn|27
|
|t:|1779860359
|move|p1a: Grimmsnarl|Reflect|p1a: Grimmsnarl
|-sidestart|p1: Ting-Lu1234|Reflect
|move|p2a: Ogerpon|Ivy Cudgel|p1a: Grimmsnarl|[anim] Ivy Cudgel Rock
|-damage|p1a: Grimmsnarl|53/100
|
|upkeep
|turn|28
|
|t:|1779860364
|move|p1a: Grimmsnarl|Parting Shot|p2a: Ogerpon
|-unboost|p2a: Ogerpon|atk|1
|-unboost|p2a: Ogerpon|spa|1
|
|t:|1779860366
|switch|p1a: Polteageist|Polteageist|9/100|[from] Parting Shot
|-damage|p1a: Polteageist|0 fnt|[from] Stealth Rock
|faint|p1a: Polteageist
|move|p2a: Ogerpon|Ivy Cudgel|p1: Polteageist|[notarget]
|-fail|p2a: Ogerpon
|
|upkeep
|
|t:|1779860368
|switch|p1a: Garganacl|Garganacl, M, tera:Ghost|97/100
|-damage|p1a: Garganacl|84/100|[from] Stealth Rock
|turn|29
|
|t:|1779860373
|move|p2a: Ogerpon|Ivy Cudgel|p1a: Garganacl|[anim] Ivy Cudgel Rock
|-damage|p1a: Garganacl|70/100
|move|p1a: Garganacl|Iron Defense|p1a: Garganacl
|-boost|p1a: Garganacl|def|2
|
|-heal|p1a: Garganacl|76/100|[from] item: Leftovers
|upkeep
|turn|30
|
|t:|1779860377
|move|p2a: Ogerpon|Ivy Cudgel|p1a: Garganacl|[anim] Ivy Cudgel Rock
|-damage|p1a: Garganacl|70/100
|move|p1a: Garganacl|Iron Defense|p1a: Garganacl
|-boost|p1a: Garganacl|def|2
|
|-heal|p1a: Garganacl|76/100|[from] item: Leftovers
|upkeep
|turn|31
|
|t:|1779860380
|switch|p2a: Dragonite|Dragonite, M|59/100
|move|p1a: Garganacl|Iron Defense|p1a: Garganacl
|-boost|p1a: Garganacl|def|2
|
|-heal|p1a: Garganacl|82/100|[from] item: Leftovers
|-sideend|p1: Ting-Lu1234|Reflect
|upkeep
|turn|32
|
|t:|1779860384
|move|p1a: Garganacl|Body Press|p2a: Dragonite
|-resisted|p2a: Dragonite
|-damage|p2a: Dragonite|12/100
|move|p2a: Dragonite|Dragon Tail|p1a: Garganacl|[miss]
|-miss|p2a: Dragonite|p1a: Garganacl
|
|-heal|p1a: Garganacl|88/100|[from] item: Leftovers
|upkeep
|turn|33
|-message|LeChunkalo forfeited.
|
|win|Ting-Lu1234
|raw|Ting-Lu1234's rating: 1480 &rarr; <strong>1503</strong><br />(+23 for winning)
|raw|LeChunkalo's rating: 1537 &rarr; <strong>1514</strong><br />(-23 for losing)
|l|☆LeChunkalo
|player|p2|
|l|☆Ting-Lu1234
|player|p1|
