|j|☆BYouuu
|j|☆ChargedKittens
|t:|1779820394
|gametype|singles
|player|p1|BYouuu|2|1248
|player|p2|ChargedKittens|lucas|1202
|gen|9
|tier|[Gen 9] OU
|rated|
|rule|HP Percentage Mod: HP is shown in percentages
|rule|Endless Battle Clause: Forcing endless battles is banned
|rule|Species Clause: Limit one of each Pokémon
|rule|OHKO Clause: OHKO moves are banned
|rule|Evasion Items Clause: Evasion items are banned
|rule|Evasion Moves Clause: Evasion moves are banned
|rule|Evasion Abilities Clause: Evasion abilities are banned
|rule|Sleep Moves Clause: Sleep-inducing moves are banned
|clearpoke
|poke|p1|Ting-Lu|
|poke|p1|Regidrago|
|poke|p1|Slowking-Galar, F|
|poke|p1|Great Tusk|
|poke|p1|Moltres|
|poke|p1|Darkrai|
|poke|p2|Spiritomb, F|
|poke|p2|Porygon-Z|
|poke|p2|Gastrodon, F|
|poke|p2|Lucario, M|
|poke|p2|Milotic, M|
|poke|p2|Garchomp, M|
|teampreview
|inactive|Battle timer is ON: inactive players will automatically lose when time's up. (requested by ChargedKittens)
|
|t:|1779820408
|teamsize|p1|6
|teamsize|p2|6
|start
|switch|p1a: Regidrago|Regidrago|100/100
|switch|p2a: Spiritomb|Spiritomb, F|100/100
|turn|1
|
|t:|1779820423
|-terastallize|p1a: Regidrago|Dragon
|move|p1a: Regidrago|Dragon Energy|p2a: Spiritomb
|-damage|p2a: Spiritomb|6/100
|move|p2a: Spiritomb|Toxic|p1a: Regidrago
|-status|p1a: Regidrago|tox
|
|-heal|p2a: Spiritomb|13/100|[from] item: Leftovers
|-damage|p1a: Regidrago|94/100 tox|[from] psn
|upkeep
|turn|2
|
|t:|1779820432
|move|p2a: Spiritomb|Protect|p2a: Spiritomb
|-singleturn|p2a: Spiritomb|Protect
|move|p1a: Regidrago|Dragon Energy|p2a: Spiritomb
|-activate|p2a: Spiritomb|move: Protect
|
|-heal|p2a: Spiritomb|19/100|[from] item: Leftovers
|-damage|p1a: Regidrago|82/100 tox|[from] psn
|upkeep
|turn|3
|
|t:|1779820439
|move|p1a: Regidrago|Dragon Energy|p2a: Spiritomb
|-damage|p2a: Spiritomb|0 fnt
|faint|p2a: Spiritomb
|
|-damage|p1a: Regidrago|64/100 tox|[from] psn
|upkeep
|
|t:|1779820444
|switch|p2a: Porygon-Z|Porygon-Z|100/100
|-ability|p2a: Porygon-Z|Download|boost
|-boost|p2a: Porygon-Z|atk|1
|turn|4
|
|t:|1779820450
|switch|p1a: Slowking|Slowking-Galar, F|100/100
|-terastallize|p2a: Porygon-Z|Fairy
|move|p2a: Porygon-Z|Tri Attack|p1a: Slowking
|-damage|p1a: Slowking|68/100
|-damage|p2a: Porygon-Z|91/100|[from] item: Life Orb
|
|upkeep
|turn|5
|
|t:|1779820463
|switch|p2a: Lucario|Lucario, M|100/100
|move|p1a: Slowking|Sludge Bomb|p2a: Lucario
|-immune|p2a: Lucario
|
|upkeep
|turn|6
|
|t:|1779820472
|switch|p1a: Moltres|Moltres|100/100
|move|p2a: Lucario|Meteor Mash|p1a: Moltres
|-resisted|p1a: Moltres
|-damage|p1a: Moltres|81/100
|-boost|p2a: Lucario|atk|1
|-status|p2a: Lucario|brn|[from] ability: Flame Body|[of] p1a: Moltres
|
|-damage|p2a: Lucario|94/100 brn|[from] brn
|upkeep
|turn|7
|
|t:|1779820485
|switch|p2a: Milotic|Milotic, M|100/100
|switch|p1a: Slowking|Slowking-Galar, F|100/100
|
|-status|p2a: Milotic|brn|[from] item: Flame Orb
|upkeep
|turn|8
|
|t:|1779820494
|move|p2a: Milotic|Light Screen|p2a: Milotic
|-sidestart|p2: ChargedKittens|move: Light Screen
|move|p1a: Slowking|Future Sight|p2a: Milotic
|-start|p1a: Slowking|move: Future Sight
|
|-damage|p2a: Milotic|94/100 brn|[from] brn
|upkeep
|turn|9
|
|t:|1779820502
|move|p1a: Slowking|Psychic Noise|p2a: Milotic
|-damage|p2a: Milotic|84/100 brn
|-start|p2a: Milotic|move: Heal Block
|move|p2a: Milotic|Dragon Tail|p1a: Slowking
|-damage|p1a: Slowking|96/100
|drag|p1a: Great Tusk|Great Tusk|100/100
|
|-damage|p2a: Milotic|78/100 brn|[from] brn
|upkeep
|turn|10
|
|t:|1779820512
|move|p1a: Great Tusk|Stealth Rock|p2a: Milotic
|-sidestart|p2: ChargedKittens|move: Stealth Rock
|move|p2a: Milotic|Scald|p1a: Great Tusk
|-supereffective|p1a: Great Tusk
|-damage|p1a: Great Tusk|21/100
|
|-end|p2a: Milotic|move: Future Sight
|-damage|p2a: Milotic|63/100 brn
|-damage|p2a: Milotic|57/100 brn|[from] brn
|-end|p2a: Milotic|move: Heal Block
|upkeep
|turn|11
|
|t:|1779820523
|-end|p1a: Great Tusk|Protosynthesis|[silent]
|switch|p1a: Slowking|Slowking-Galar, F|100/100
|move|p2a: Milotic|Scald|p1a: Slowking
|-damage|p1a: Slowking|85/100
|
|-damage|p2a: Milotic|51/100 brn|[from] brn
|upkeep
|turn|12
|
|t:|1779820542
|switch|p2a: Garchomp|Garchomp, M|100/100
|-damage|p2a: Garchomp|94/100|[from] Stealth Rock
|-prepare|p1a: Slowking|Chilly Reception|[premajor]
|move|p1a: Slowking|Chilly Reception|p1a: Slowking
|-weather|Snowscape
|
|t:|1779820548
|switch|p1a: Regidrago|Regidrago, tera:Dragon|64/100 tox|[from] Chilly Reception
|
|-weather|Snowscape|[upkeep]
|-damage|p1a: Regidrago|58/100 tox|[from] psn
|-sideend|p2: ChargedKittens|move: Light Screen
|upkeep
|turn|13
|
|t:|1779820554
|switch|p2a: Porygon-Z|Porygon-Z, tera:Fairy|91/100
|-damage|p2a: Porygon-Z|78/100|[from] Stealth Rock
|-ability|p2a: Porygon-Z|Download|boost
|-boost|p2a: Porygon-Z|atk|1
|move|p1a: Regidrago|Draco Meteor|p2a: Porygon-Z
|-immune|p2a: Porygon-Z
|
|-weather|Snowscape|[upkeep]
|-damage|p1a: Regidrago|46/100 tox|[from] psn
|upkeep
|turn|14
|
|t:|1779820570
|switch|p1a: Ting-Lu|Ting-Lu|100/100
|-ability|p1a: Ting-Lu|Vessel of Ruin
|move|p2a: Porygon-Z|Psychic|p1a: Ting-Lu
|-immune|p1a: Ting-Lu
|
|-weather|Snowscape|[upkeep]
|upkeep
|turn|15
|
|t:|1779820581
|switch|p2a: Milotic|Milotic, M|51/100 brn
|-damage|p2a: Milotic|39/100 brn|[from] Stealth Rock
|move|p1a: Ting-Lu|Spikes|p2a: Milotic
|-sidestart|p2: ChargedKittens|Spikes
|
|-weather|Snowscape|[upkeep]
|-damage|p2a: Milotic|32/100 brn|[from] brn
|upkeep
|turn|16
|
|t:|1779820589
|move|p2a: Milotic|Recover|p2a: Milotic
|-heal|p2a: Milotic|82/100 brn
|move|p1a: Ting-Lu|Earthquake|p2a: Milotic
|-damage|p2a: Milotic|65/100 brn
|
|-weather|none
|-damage|p2a: Milotic|59/100 brn|[from] brn
|upkeep
|turn|17
|
|t:|1779820597
|move|p2a: Milotic|Scald|p1a: Ting-Lu
|-supereffective|p1a: Ting-Lu
|-damage|p1a: Ting-Lu|80/100
|-status|p1a: Ting-Lu|brn
|move|p1a: Ting-Lu|Ruination|p2a: Milotic
|-damage|p2a: Milotic|30/100 brn
|
|-heal|p1a: Ting-Lu|86/100 brn|[from] item: Leftovers
|-damage|p2a: Milotic|24/100 brn|[from] brn
|-damage|p1a: Ting-Lu|80/100 brn|[from] brn
|upkeep
|turn|18
|
|t:|1779820607
|move|p2a: Milotic|Recover|p2a: Milotic
|-heal|p2a: Milotic|74/100 brn
|move|p1a: Ting-Lu|Spikes|p2a: Milotic
|-sidestart|p2: ChargedKittens|Spikes
|
|-heal|p1a: Ting-Lu|86/100 brn|[from] item: Leftovers
|-damage|p2a: Milotic|68/100 brn|[from] brn
|-damage|p1a: Ting-Lu|80/100 brn|[from] brn
|upkeep
|turn|19
|
|t:|1779820633
|switch|p2a: Garchomp|Garchomp, M|94/100
|-damage|p2a: Garchomp|88/100|[from] Stealth Rock
|-damage|p2a: Garchomp|72/100|[from] Spikes
|move|p1a: Ting-Lu|Spikes|p2a: Garchomp
|-sidestart|p2: ChargedKittens|Spikes
|
|-heal|p1a: Ting-Lu|86/100 brn|[from] item: Leftovers
|-damage|p1a: Ting-Lu|80/100 brn|[from] brn
|upkeep
|turn|20
|inactive|ChargedKittens has 120 seconds left.
|
|t:|1779820661
|move|p2a: Garchomp|Earthquake|p1a: Ting-Lu
|-damage|p1a: Ting-Lu|37/100 brn
|move|p1a: Ting-Lu|Whirlwind|p2a: Garchomp
|drag|p2a: Porygon-Z|Porygon-Z, tera:Fairy|78/100
|-damage|p2a: Porygon-Z|66/100|[from] Stealth Rock
|-damage|p2a: Porygon-Z|41/100|[from] Spikes
|-ability|p2a: Porygon-Z|Download|boost
|-boost|p2a: Porygon-Z|spa|1
|
|-heal|p1a: Ting-Lu|43/100 brn|[from] item: Leftovers
|-damage|p1a: Ting-Lu|37/100 brn|[from] brn
|upkeep
|turn|21
|inactive|ChargedKittens has 120 seconds left.
|
|t:|1779820673
|switch|p1a: Slowking|Slowking-Galar, F|100/100
|move|p2a: Porygon-Z|Tri Attack|p1a: Slowking
|-damage|p1a: Slowking|53/100
|-damage|p2a: Porygon-Z|31/100|[from] item: Life Orb
|
|upkeep
|turn|22
|inactive|ChargedKittens has 120 seconds left.
|
|t:|1779820687
|move|p2a: Porygon-Z|Dark Pulse|p1a: Slowking
|-supereffective|p1a: Slowking
|-damage|p1a: Slowking|0 fnt
|faint|p1a: Slowking
|-damage|p2a: Porygon-Z|21/100|[from] item: Life Orb
|
|upkeep
|
|t:|1779820691
|switch|p1a: Darkrai|Darkrai|100/100
|turn|23
|
|t:|1779820699
|switch|p2a: Lucario|Lucario, M|94/100 brn
|-damage|p2a: Lucario|92/100 brn|[from] Stealth Rock
|-damage|p2a: Lucario|67/100 brn|[from] Spikes
|move|p1a: Darkrai|Ice Beam|p2a: Lucario
|-resisted|p2a: Lucario
|-damage|p2a: Lucario|49/100 brn
|
|-damage|p2a: Lucario|43/100 brn|[from] brn
|upkeep
|turn|24
|
|t:|1779820724
|switch|p1a: Ting-Lu|Ting-Lu|37/100 brn
|-ability|p1a: Ting-Lu|Vessel of Ruin
|move|p2a: Lucario|Bullet Punch|p1a: Ting-Lu
|-damage|p1a: Ting-Lu|32/100 brn
|
|-heal|p1a: Ting-Lu|38/100 brn|[from] item: Leftovers
|-damage|p2a: Lucario|37/100 brn|[from] brn
|-damage|p1a: Ting-Lu|32/100 brn|[from] brn
|upkeep
|turn|25
|
|t:|1779820737
|move|p2a: Lucario|Brick Break|p1a: Ting-Lu
|-supereffective|p1a: Ting-Lu
|-damage|p1a: Ting-Lu|14/100 brn
|move|p1a: Ting-Lu|Whirlwind|p2a: Lucario
|drag|p2a: Porygon-Z|Porygon-Z, tera:Fairy|21/100
|-damage|p2a: Porygon-Z|9/100|[from] Stealth Rock
|-damage|p2a: Porygon-Z|0 fnt|[from] Spikes
|faint|p2a: Porygon-Z
|
|-heal|p1a: Ting-Lu|21/100 brn|[from] item: Leftovers
|-damage|p1a: Ting-Lu|14/100 brn|[from] brn
|upkeep
|inactive|ChargedKittens has 120 seconds left.
|
|t:|1779820751
|switch|p2a: Lucario|Lucario, M|37/100 brn
|-damage|p2a: Lucario|34/100 brn|[from] Stealth Rock
|-damage|p2a: Lucario|9/100 brn|[from] Spikes
|turn|26
|
|t:|1779820761
|switch|p1a: Moltres|Moltres|81/100
|move|p2a: Lucario|Brick Break|p1a: Moltres
|-resisted|p1a: Moltres
|-damage|p1a: Moltres|73/100
|
|-damage|p2a: Lucario|3/100 brn|[from] brn
|upkeep
|turn|27
|
|t:|1779820769
|move|p2a: Lucario|Bullet Punch|p1a: Moltres
|-resisted|p1a: Moltres
|-damage|p1a: Moltres|68/100
|move|p1a: Moltres|Roost|p1a: Moltres
|-heal|p1a: Moltres|100/100
|-singleturn|p1a: Moltres|move: Roost
|
|-damage|p2a: Lucario|0 fnt|[from] brn
|faint|p2a: Lucario
|upkeep
|
|t:|1779820782
|switch|p2a: Milotic|Milotic, M|68/100 brn
|-damage|p2a: Milotic|55/100 brn|[from] Stealth Rock
|-damage|p2a: Milotic|30/100 brn|[from] Spikes
|turn|28
|
|t:|1779820803
|switch|p1a: Ting-Lu|Ting-Lu|14/100 brn
|-ability|p1a: Ting-Lu|Vessel of Ruin
|move|p2a: Milotic|Recover|p2a: Milotic
|-heal|p2a: Milotic|80/100 brn
|
|-heal|p1a: Ting-Lu|21/100 brn|[from] item: Leftovers
|-damage|p2a: Milotic|74/100 brn|[from] brn
|-damage|p1a: Ting-Lu|14/100 brn|[from] brn
|upkeep
|turn|29
|
|t:|1779820813
|move|p2a: Milotic|Scald|p1a: Ting-Lu
|-supereffective|p1a: Ting-Lu
|-damage|p1a: Ting-Lu|0 fnt
|faint|p1a: Ting-Lu
|
|-damage|p2a: Milotic|68/100 brn|[from] brn
|upkeep
|
|t:|1779820821
|switch|p1a: Darkrai|Darkrai|100/100
|turn|30
|
|t:|1779820827
|move|p1a: Darkrai|Dark Pulse|p2a: Milotic
|-damage|p2a: Milotic|40/100 brn
|move|p2a: Milotic|Light Screen|p2a: Milotic
|-sidestart|p2: ChargedKittens|move: Light Screen
|
|-damage|p2a: Milotic|34/100 brn|[from] brn
|upkeep
|turn|31
|
|t:|1779820857
|move|p1a: Darkrai|Knock Off|p2a: Milotic
|-damage|p2a: Milotic|20/100 brn
|-enditem|p2a: Milotic|Flame Orb|[from] move: Knock Off|[of] p1a: Darkrai
|move|p2a: Milotic|Recover|p2a: Milotic
|-heal|p2a: Milotic|70/100 brn
|
|-damage|p2a: Milotic|64/100 brn|[from] brn
|upkeep
|turn|32
|
|t:|1779820868
|move|p1a: Darkrai|Dark Pulse|p2a: Milotic
|-damage|p2a: Milotic|48/100 brn
|move|p2a: Milotic|Scald|p1a: Darkrai
|-damage|p1a: Darkrai|61/100
|
|-damage|p2a: Milotic|42/100 brn|[from] brn
|upkeep
|turn|33
|
|t:|1779820877
|move|p1a: Darkrai|Dark Pulse|p2a: Milotic
|-damage|p2a: Milotic|26/100 brn
|move|p2a: Milotic|Scald|p1a: Darkrai
|-damage|p1a: Darkrai|26/100
|
|-damage|p2a: Milotic|20/100 brn|[from] brn
|upkeep
|turn|34
|
|t:|1779820886
|move|p1a: Darkrai|Dark Pulse|p2a: Milotic
|-damage|p2a: Milotic|3/100 brn
|move|p2a: Milotic|Recover|p2a: Milotic
|-heal|p2a: Milotic|53/100 brn
|
|-damage|p2a: Milotic|47/100 brn|[from] brn
|-sideend|p2: ChargedKittens|move: Light Screen
|upkeep
|turn|35
|
|t:|1779820893
|move|p1a: Darkrai|Dark Pulse|p2a: Milotic
|-damage|p2a: Milotic|17/100 brn
|move|p2a: Milotic|Scald|p1a: Darkrai
|-damage|p1a: Darkrai|0 fnt
|faint|p1a: Darkrai
|
|-damage|p2a: Milotic|11/100 brn|[from] brn
|upkeep
|
|t:|1779820911
|switch|p1a: Great Tusk|Great Tusk|21/100
|turn|36
|
|t:|1779820916
|move|p1a: Great Tusk|Headlong Rush|p2a: Milotic
|-damage|p2a: Milotic|0 fnt
|-unboost|p1a: Great Tusk|def|1
|-unboost|p1a: Great Tusk|spd|1
|faint|p2a: Milotic
|
|upkeep
|
|t:|1779820922
|switch|p2a: Gastrodon|Gastrodon, F|100/100
|-damage|p2a: Gastrodon|94/100|[from] Stealth Rock
|-damage|p2a: Gastrodon|70/100|[from] Spikes
|turn|37
|
|t:|1779820931
|move|p1a: Great Tusk|Headlong Rush|p2a: Gastrodon
|-damage|p2a: Gastrodon|2/100
|-unboost|p1a: Great Tusk|def|1
|-unboost|p1a: Great Tusk|spd|1
|move|p2a: Gastrodon|Surf|p1a: Great Tusk
|-supereffective|p1a: Great Tusk
|-damage|p1a: Great Tusk|0 fnt
|faint|p1a: Great Tusk
|-end|p1a: Great Tusk|Protosynthesis|[silent]
|
|upkeep
|
|t:|1779820936
|switch|p1a: Regidrago|Regidrago, tera:Dragon|46/100 tox
|turn|38
|
|t:|1779820943
|move|p1a: Regidrago|Dragon Pulse|p2a: Gastrodon
|-damage|p2a: Gastrodon|0 fnt
|faint|p2a: Gastrodon
|
|-damage|p1a: Regidrago|40/100 tox|[from] psn
|upkeep
|
|t:|1779820948
|switch|p2a: Garchomp|Garchomp, M|72/100
|-damage|p2a: Garchomp|65/100|[from] Stealth Rock
|-damage|p2a: Garchomp|41/100|[from] Spikes
|turn|39
|c|☆BYouuu|Fool
|
|t:|1779820961
|move|p1a: Regidrago|Dragon Pulse|p2a: Garchomp
|-supereffective|p2a: Garchomp
|-damage|p2a: Garchomp|0 fnt
|faint|p2a: Garchomp
|
|win|BYouuu
|raw|BYouuu's rating: 1248 &rarr; <strong>1270</strong><br />(+22 for winning)
|raw|ChargedKittens's rating: 1202 &rarr; <strong>1180</strong><br />(-22 for losing)
|l|☆ChargedKittens
|player|p2|
|l|☆BYouuu
|player|p1|
