|j|☆He Hao Yi
|j|☆monstar246
|t:|1779930620
|gametype|singles
|player|p1|He Hao Yi|giovanni|1174
|player|p2|monstar246|170|1188
|gen|9
|tier|[Gen 9] OU
|rated|
|rule|HP Percentage Mod: HP is shown in percentages
|rule|Endless Battle Clause: Forcing endless battles is banned
|rule|Species Clause: Limit one of each Pokémon
|rule|OHKO Clause: OHKO moves are banned
|rule|Evasion Items Clause: Evasion items are banned
|rule|Evasion Moves Clause: Evasion moves are banned
|rule|Evasion Abilities Clause: Evasion abilities are banned
|rule|Sleep Moves Clause: Sleep-inducing moves are banned
|clearpoke
|poke|p1|Pelipper, F|
|poke|p1|Barraskewda, F|
|poke|p1|Raging Bolt|
|poke|p1|Golduck, F|
|poke|p1|Pawmot, F|
|poke|p1|Tentacruel, F|
|poke|p2|Blaziken, M|
|poke|p2|Greninja-*, M|
|poke|p2|Metagross|
|poke|p2|Diancie|
|poke|p2|Dragonite, M|
|poke|p2|Gengar, F|
|teampreview
|
|t:|1779930627
|teamsize|p1|6
|teamsize|p2|6
|start
|switch|p1a: Ghoti carrier|Pelipper, F|100/100
|switch|p2a: Gengar|Gengar, F|100/100
|-weather|RainDance|[from] ability: Drizzle|[of] p1a: Ghoti carrier
|turn|1
|inactive|Battle timer is ON: inactive players will automatically lose when time's up. (requested by monstar246)
|
|t:|1779930638
|switch|p1a: Spaghetti Too|Tentacruel, F|100/100
|move|p2a: Gengar|Sludge Wave|p1a: Spaghetti Too
|-resisted|p1a: Spaghetti Too
|-damage|p1a: Spaghetti Too|91/100
|
|-weather|RainDance|[upkeep]
|-heal|p1a: Spaghetti Too|97/100|[from] ability: Rain Dish
|upkeep
|turn|2
|
|t:|1779930647
|move|p2a: Gengar|Energy Ball|p1a: Spaghetti Too
|-damage|p1a: Spaghetti Too|86/100
|move|p1a: Spaghetti Too|Flip Turn|p2a: Gengar
|-damage|p2a: Gengar|54/100
|
|t:|1779930654
|switch|p1a: ExSkewda Me|Barraskewda, F|100/100|[from] Flip Turn
|
|-weather|RainDance|[upkeep]
|-heal|p2a: Gengar|60/100|[from] item: Leftovers
|upkeep
|turn|3
|
|t:|1779930660
|move|p1a: ExSkewda Me|Flip Turn|p2a: Gengar
|-damage|p2a: Gengar|0 fnt
|-start|p1a: ExSkewda Me|Disable|Flip Turn|[from] ability: Cursed Body|[of] p2a: Gengar
|faint|p2a: Gengar
|inactive|He Hao Yi has 120 seconds left.
|
|t:|1779930719
|switch|p1a: Spaghetti Too|Tentacruel, F|86/100|[from] Flip Turn
|
|-weather|RainDance|[upkeep]
|-heal|p1a: Spaghetti Too|92/100|[from] ability: Rain Dish
|upkeep
|
|t:|1779930724
|switch|p2a: Dragonite|Dragonite, M|100/100
|turn|4
|
|t:|1779930730
|move|p2a: Dragonite|Dragon Dance|p2a: Dragonite
|-boost|p2a: Dragonite|atk|1
|-boost|p2a: Dragonite|spe|1
|move|p1a: Spaghetti Too|Flip Turn|p2a: Dragonite
|-resisted|p2a: Dragonite
|-damage|p2a: Dragonite|94/100
|
|t:|1779930744
|switch|p1a: Great Neck|Raging Bolt|100/100|[from] Flip Turn
|
|-weather|RainDance|[upkeep]
|upkeep
|turn|5
|
|t:|1779930751
|-terastallize|p1a: Great Neck|Fairy
|move|p2a: Dragonite|Dragon Claw|p1a: Great Neck
|-immune|p1a: Great Neck
|move|p1a: Great Neck|Thunder|p2a: Dragonite
|-damage|p2a: Dragonite|25/100
|
|-weather|RainDance|[upkeep]
|upkeep
|turn|6
|inactive|He Hao Yi has 120 seconds left.
|
|t:|1779930763
|move|p2a: Dragonite|Extreme Speed|p1a: Great Neck
|-damage|p1a: Great Neck|56/100
|move|p1a: Great Neck|Thunder|p2a: Dragonite
|-damage|p2a: Dragonite|0 fnt
|faint|p2a: Dragonite
|
|-weather|RainDance|[upkeep]
|-heal|p1a: Great Neck|62/100|[from] item: Leftovers
|upkeep
|
|t:|1779930772
|switch|p2a: Metagross|Metagross|100/100
|turn|7
|
|t:|1779930778
|-end|p1a: Great Neck|Protosynthesis|[silent]
|switch|p1a: Ghoti carrier|Pelipper, F|100/100
|move|p2a: Metagross|Meteor Mash|p1a: Ghoti carrier
|-resisted|p1a: Ghoti carrier
|-damage|p1a: Ghoti carrier|81/100
|
|-weather|RainDance|[upkeep]
|upkeep
|turn|8
|
|t:|1779930786
|move|p2a: Metagross|Psychic Fangs|p1a: Ghoti carrier
|-damage|p1a: Ghoti carrier|39/100
|move|p1a: Ghoti carrier|Surf|p2a: Metagross
|-crit|p2a: Metagross
|-damage|p2a: Metagross|58/100
|
|-weather|none
|upkeep
|turn|9
|
|t:|1779930793
|switch|p1a: Really want eject|Pawmot, F|100/100
|move|p2a: Metagross|Psychic Fangs|p1a: Really want eject
|-supereffective|p1a: Really want eject
|-damage|p1a: Really want eject|0 fnt
|faint|p1a: Really want eject
|
|upkeep
|
|t:|1779930796
|switch|p1a: Ghoti carrier|Pelipper, F|39/100
|-weather|RainDance|[from] ability: Drizzle|[of] p1a: Ghoti carrier
|turn|10
|
|t:|1779930802
|move|p2a: Metagross|Psychic Fangs|p1a: Ghoti carrier
|-damage|p1a: Ghoti carrier|4/100
|move|p1a: Ghoti carrier|U-turn|p2a: Metagross
|-damage|p2a: Metagross|50/100
|
|t:|1779930809
|switch|p1a: ExSkewda Me|Barraskewda, F|100/100|[from] U-turn
|
|-weather|RainDance|[upkeep]
|upkeep
|turn|11
|
|t:|1779930814
|move|p1a: ExSkewda Me|Liquidation|p2a: Metagross
|-damage|p2a: Metagross|0 fnt
|faint|p2a: Metagross
|
|-weather|RainDance|[upkeep]
|upkeep
|
|t:|1779930838
|switch|p2a: Greninja|Greninja, M|100/100
|turn|12
|inactive|He Hao Yi has 120 seconds left.
|
|t:|1779930871
|move|p1a: ExSkewda Me|Close Combat|p2a: Greninja
|-supereffective|p2a: Greninja
|-damage|p2a: Greninja|0 fnt
|-unboost|p1a: ExSkewda Me|def|1
|-unboost|p1a: ExSkewda Me|spd|1
|faint|p2a: Greninja
|
|-weather|RainDance|[upkeep]
|upkeep
|
|t:|1779930882
|switch|p2a: Blaziken|Blaziken, M|100/100
|turn|13
|
|t:|1779930888
|move|p1a: ExSkewda Me|Flip Turn|p2a: Blaziken
|-supereffective|p2a: Blaziken
|-damage|p2a: Blaziken|0 fnt
|faint|p2a: Blaziken
|
|t:|1779930891
|switch|p1a: Seaking Duck|Golduck, F|100/100|[from] Flip Turn
|
|-weather|RainDance|[upkeep]
|upkeep
|
|t:|1779930896
|switch|p2a: Diancie|Diancie|100/100
|turn|14
|
|t:|1779930901
|move|p1a: Seaking Duck|Hydro Pump|p2a: Diancie
|-supereffective|p2a: Diancie
|-damage|p2a: Diancie|0 fnt
|faint|p2a: Diancie
|-damage|p1a: Seaking Duck|91/100|[from] item: Life Orb
|
|win|He Hao Yi
|raw|He Hao Yi's rating: 1174 &rarr; <strong>1200</strong><br />(+26 for winning)
|raw|monstar246's rating: 1188 &rarr; <strong>1162</strong><br />(-26 for losing)
