|j|☆Fear covraa
|j|☆bo552
|t:|1779827992
|gametype|singles
|player|p1|Fear covraa|waiter-gen4|1413
|player|p2|bo552|brycenman|1460
|gen|9
|tier|[Gen 9] OU
|rated|
|rule|HP Percentage Mod: HP is shown in percentages
|rule|Endless Battle Clause: Forcing endless battles is banned
|rule|Species Clause: Limit one of each Pokémon
|rule|OHKO Clause: OHKO moves are banned
|rule|Evasion Items Clause: Evasion items are banned
|rule|Evasion Moves Clause: Evasion moves are banned
|rule|Evasion Abilities Clause: Evasion abilities are banned
|rule|Sleep Moves Clause: Sleep-inducing moves are banned
|clearpoke
|poke|p1|Great Tusk|
|poke|p1|Thundurus, M|
|poke|p1|Polteageist-Antique|
|poke|p1|Glimmora, M|
|poke|p1|Darkrai|
|poke|p1|Zamazenta-*|
|poke|p2|Slowking-Galar, M|
|poke|p2|Landorus-Therian, M|
|poke|p2|Zoroark-Hisui, F|
|poke|p2|Cinderace, M|
|poke|p2|Zamazenta-*|
|poke|p2|Regieleki|
|teampreview
|inactive|Battle timer is ON: inactive players will automatically lose when time's up. (requested by Fear covraa)
|c|☆Fear covraa|Ring target
|
|t:|1779828012
|teamsize|p1|6
|teamsize|p2|6
|start
|switch|p1a: Glimmora|Glimmora, M|100/100
|switch|p2a: Ballin|Cinderace, M|100/100
|turn|1
|c|☆Fear covraa|Zoraida
|c|☆Fear covraa|hisui
|c|☆Fear covraa|With trick
|
|t:|1779828030
|move|p2a: Ballin|U-turn|p1a: Glimmora
|-resisted|p1a: Glimmora
|-damage|p1a: Glimmora|91/100
|-activate|p1a: Glimmora|ability: Toxic Debris
|-sidestart|p2: bo552|move: Toxic Spikes
|
|t:|1779828034
|switch|p2a: Do it again.|Landorus-Therian, M|100/100|[from] U-turn
|-ability|p2a: Do it again.|Intimidate|boost
|-unboost|p1a: Glimmora|atk|1
|move|p1a: Glimmora|Mortal Spin|p2a: Do it again.
|-resisted|p2a: Do it again.
|-damage|p2a: Do it again.|98/100
|-status|p2a: Do it again.|psn
|-damage|p1a: Glimmora|74/100|[from] item: Rocky Helmet|[of] p2a: Do it again.
|
|-damage|p2a: Do it again.|86/100 psn|[from] psn
|upkeep
|turn|2
|
|t:|1779828039
|move|p2a: Do it again.|Earthquake|p1a: Glimmora
|-supereffective|p1a: Glimmora
|-damage|p1a: Glimmora|0 fnt
|-activate|p1a: Glimmora|ability: Toxic Debris
|-sidestart|p2: bo552|move: Toxic Spikes
|faint|p1a: Glimmora
|
|-damage|p2a: Do it again.|73/100 psn|[from] psn
|upkeep
|
|t:|1779828050
|switch|p1a: Tea|Polteageist-Antique|100/100
|turn|3
|
|t:|1779828052
|move|p2a: Do it again.|Taunt|p1a: Tea
|-start|p1a: Tea|move: Taunt
|cant|p1a: Tea|move: Taunt|Shell Smash
|
|-damage|p2a: Do it again.|61/100 psn|[from] psn
|upkeep
|turn|4
|
|t:|1779828058
|switch|p1a: Thundurus|Thundurus, M|100/100
|move|p2a: Do it again.|Earthquake|p1a: Thundurus
|-immune|p1a: Thundurus
|
|-damage|p2a: Do it again.|48/100 psn|[from] psn
|upkeep
|turn|5
|
|t:|1779828062
|move|p1a: Thundurus|Agility|p1a: Thundurus
|-boost|p1a: Thundurus|spe|2
|move|p2a: Do it again.|Rock Tomb|p1a: Thundurus
|-supereffective|p1a: Thundurus
|-damage|p1a: Thundurus|46/100
|-unboost|p1a: Thundurus|spe|1
|-ability|p1a: Thundurus|Defiant|boost
|-boost|p1a: Thundurus|atk|2
|
|-damage|p2a: Do it again.|36/100 psn|[from] psn
|upkeep
|turn|6
|j| Sae No Kami
|l| Sae No Kami
|
|t:|1779828071
|move|p1a: Thundurus|Acrobatics|p2a: Do it again.
|-damage|p2a: Do it again.|0 fnt
|-damage|p1a: Thundurus|29/100|[from] item: Rocky Helmet|[of] p2a: Do it again.
|faint|p2a: Do it again.
|
|upkeep
|
|t:|1779828073
|switch|p2a: Back. Jack.|Slowking-Galar, M|100/100
|-sideend|p2: bo552|move: Toxic Spikes|[of] p2a: Back. Jack.
|turn|7
|
|t:|1779828078
|move|p1a: Thundurus|Supercell Slam|p2a: Back. Jack.
|-damage|p2a: Back. Jack.|0 fnt
|faint|p2a: Back. Jack.
|
|upkeep
|
|t:|1779828086
|switch|p2a: Zoomerzoonter|Zamazenta|100/100
|-ability|p2a: Zoomerzoonter|Dauntless Shield|boost
|-boost|p2a: Zoomerzoonter|def|1
|-enditem|p1a: Thundurus|Mirror Herb
|-boost|p1a: Thundurus|def|1|[from] item: Mirror Herb
|turn|8
|
|t:|1779828093
|move|p1a: Thundurus|Acrobatics|p2a: Zoomerzoonter
|-supereffective|p2a: Zoomerzoonter
|-damage|p2a: Zoomerzoonter|0 fnt
|faint|p2a: Zoomerzoonter
|
|upkeep
|c|☆bo552|cheesers like you are genuinely why gen 9 OU has the reputation it has
|c|☆bo552|awful game
|c|☆bo552|nobody means gg when they say it to you
|inactive|bo552 has 120 seconds left.
|c|☆Fear covraa|Ok
|-message|bo552 forfeited.
|
|win|Fear covraa
|raw|Fear covraa's rating: 1413 &rarr; <strong>1436</strong><br />(+23 for winning)
|raw|bo552's rating: 1460 &rarr; <strong>1437</strong><br />(-23 for losing)
|l|☆bo552
|player|p2|
|c|☆Fear covraa|u just lost to a defiant torn
