|j|☆GCC027
|j|☆npctypebeat
|t:|1779932493
|gametype|singles
|player|p1|GCC027|veteran|1108
|player|p2|npctypebeat|102|1077
|gen|9
|tier|[Gen 9] OU
|rated|
|rule|HP Percentage Mod: HP is shown in percentages
|rule|Endless Battle Clause: Forcing endless battles is banned
|rule|Species Clause: Limit one of each Pokémon
|rule|OHKO Clause: OHKO moves are banned
|rule|Evasion Items Clause: Evasion items are banned
|rule|Evasion Moves Clause: Evasion moves are banned
|rule|Evasion Abilities Clause: Evasion abilities are banned
|rule|Sleep Moves Clause: Sleep-inducing moves are banned
|clearpoke
|poke|p1|Tsareena, F|
|poke|p1|Kingambit, F|
|poke|p1|Dragapult, M|
|poke|p1|Iron Valiant|
|poke|p1|Great Tusk|
|poke|p1|Slowking-Galar, F|
|poke|p2|Gliscor, F|
|poke|p2|Gholdengo|
|poke|p2|Zamazenta-*|
|poke|p2|Blissey, F|
|poke|p2|Skarmory, M|
|poke|p2|Pecharunt|
|teampreview
|inactive|Battle timer is ON: inactive players will automatically lose when time's up. (requested by GCC027)
|c|☆npctypebeat|hf
|
|t:|1779932502
|teamsize|p1|6
|teamsize|p2|6
|start
|switch|p1a: Glowking|Slowking-Galar, F|100/100
|switch|p2a: Skarmory|Skarmory, M|100/100
|turn|1
|inactive|npctypebeat also wants the timer to be on.
|
|t:|1779932513
|move|p2a: Skarmory|Spikes|p1a: Glowking
|-sidestart|p1: GCC027|Spikes
|move|p1a: Glowking|Thunder Wave|p2a: Skarmory
|-status|p2a: Skarmory|par
|
|upkeep
|turn|2
|
|t:|1779932526
|switch|p1a: Iron Valiant|Iron Valiant|100/100
|-damage|p1a: Iron Valiant|88/100|[from] Spikes
|-enditem|p1a: Iron Valiant|Booster Energy
|-activate|p1a: Iron Valiant|ability: Quark Drive|[fromitem]
|-start|p1a: Iron Valiant|quarkdrivespe
|move|p2a: Skarmory|Spikes|p1a: Iron Valiant
|-sidestart|p1: GCC027|Spikes
|
|upkeep
|turn|3
|
|t:|1779932537
|-terastallize|p1a: Iron Valiant|Electric
|move|p1a: Iron Valiant|Thunderbolt|p2a: Skarmory
|-supereffective|p2a: Skarmory
|-ability|p2a: Skarmory|Sturdy
|-damage|p2a: Skarmory|1/100 par
|move|p2a: Skarmory|Spikes|p1a: Iron Valiant
|-sidestart|p1: GCC027|Spikes
|
|upkeep
|turn|4
|
|t:|1779932547
|-end|p1a: Iron Valiant|Quark Drive|[silent]
|switch|p1a: Great Tusk|Great Tusk|100/100
|-damage|p1a: Great Tusk|76/100|[from] Spikes
|switch|p2a: Gliscor|Gliscor, F|100/100
|
|-heal|p1a: Great Tusk|82/100|[from] item: Leftovers
|-status|p2a: Gliscor|tox|[from] item: Toxic Orb
|upkeep
|turn|5
|
|t:|1779932560
|move|p2a: Gliscor|Swords Dance|p2a: Gliscor
|-boost|p2a: Gliscor|atk|2
|move|p1a: Great Tusk|Rapid Spin|p2a: Gliscor
|-damage|p2a: Gliscor|88/100 tox
|-boost|p1a: Great Tusk|spe|1
|-sideend|p1: GCC027|Spikes|[from] move: Rapid Spin|[of] p1a: Great Tusk
|
|-heal|p1a: Great Tusk|88/100|[from] item: Leftovers
|-heal|p2a: Gliscor|100/100 tox|[from] ability: Poison Heal
|upkeep
|turn|6
|
|t:|1779932574
|-end|p1a: Great Tusk|Protosynthesis|[silent]
|switch|p1a: Tsareena|Tsareena, F|100/100
|move|p2a: Gliscor|Earthquake|p1a: Tsareena
|-resisted|p1a: Tsareena
|-damage|p1a: Tsareena|64/100
|
|upkeep
|turn|7
|
|t:|1779932588
|move|p2a: Gliscor|Earthquake|p1a: Tsareena
|-resisted|p1a: Tsareena
|-damage|p1a: Tsareena|26/100
|move|p1a: Tsareena|Triple Axel|p2a: Gliscor
|-supereffective|p2a: Gliscor
|-damage|p2a: Gliscor|64/100 tox
|-supereffective|p2a: Gliscor
|-damage|p2a: Gliscor|0 fnt
|faint|p2a: Gliscor
|-hitcount|p2: Gliscor|2
|
|upkeep
|
|t:|1779932606
|switch|p2a: Gholdengo|Gholdengo|100/100
|turn|8
|
|t:|1779932610
|move|p1a: Tsareena|Triple Axel|p2a: Gholdengo|[miss]
|-miss|p1a: Tsareena|p2a: Gholdengo
|move|p2a: Gholdengo|Nasty Plot|p2a: Gholdengo
|-boost|p2a: Gholdengo|spa|2
|
|upkeep
|turn|9
|
|t:|1779932617
|move|p1a: Tsareena|Triple Axel|p2a: Gholdengo
|-resisted|p2a: Gholdengo
|-damage|p2a: Gholdengo|97/100
|-resisted|p2a: Gholdengo
|-damage|p2a: Gholdengo|88/100
|-resisted|p2a: Gholdengo
|-damage|p2a: Gholdengo|76/100
|-hitcount|p2a: Gholdengo|3
|move|p2a: Gholdengo|Hex|p1a: Tsareena
|-damage|p1a: Tsareena|0 fnt
|faint|p1a: Tsareena
|
|upkeep
|
|t:|1779932632
|switch|p1a: Dragapult|Dragapult, M|100/100
|turn|10
|
|t:|1779932641
|move|p1a: Dragapult|Flamethrower|p2a: Gholdengo
|-supereffective|p2a: Gholdengo
|-damage|p2a: Gholdengo|0 fnt
|faint|p2a: Gholdengo
|
|upkeep
|
|t:|1779932665
|switch|p2a: Pecharunt|Pecharunt|100/100
|turn|11
|
|t:|1779932675
|switch|p1a: Glowking|Slowking-Galar, F|100/100
|move|p2a: Pecharunt|Shadow Ball|p1a: Glowking
|-supereffective|p1a: Glowking
|-damage|p1a: Glowking|72/100
|
|upkeep
|turn|12
|
|t:|1779932700
|move|p2a: Pecharunt|Shadow Ball|p1a: Glowking
|-supereffective|p1a: Glowking
|-damage|p1a: Glowking|41/100
|move|p1a: Glowking|Future Sight|p2a: Pecharunt
|-start|p1a: Glowking|move: Future Sight
|
|upkeep
|turn|13
|
|t:|1779932708
|move|p2a: Pecharunt|Parting Shot|p1a: Glowking
|-unboost|p1a: Glowking|atk|1
|-unboost|p1a: Glowking|spa|1
|
|t:|1779932716
|switch|p2a: Blissey|Blissey, F|100/100|[from] Parting Shot
|-prepare|p1a: Glowking|Chilly Reception|[premajor]
|move|p1a: Glowking|Chilly Reception|p1a: Glowking
|-weather|Snowscape
|
|t:|1779932729
|switch|p1a: Iron Valiant|Iron Valiant, tera:Electric|88/100|[from] Chilly Reception
|
|-weather|Snowscape|[upkeep]
|upkeep
|turn|14
|
|t:|1779932738
|move|p1a: Iron Valiant|Close Combat|p2a: Blissey
|-supereffective|p2a: Blissey
|-damage|p2a: Blissey|0 fnt
|-unboost|p1a: Iron Valiant|def|1
|-unboost|p1a: Iron Valiant|spd|1
|faint|p2a: Blissey
|
|-weather|Snowscape|[upkeep]
|-hint|Future Sight did not hit because the target is fainted.
|upkeep
|
|t:|1779932748
|switch|p2a: Pecharunt|Pecharunt|100/100
|turn|15
|
|t:|1779932754
|move|p1a: Iron Valiant|Thunderbolt|p2a: Pecharunt
|-damage|p2a: Pecharunt|56/100
|move|p2a: Pecharunt|Shadow Ball|p1a: Iron Valiant
|-damage|p1a: Iron Valiant|19/100
|
|-weather|Snowscape|[upkeep]
|upkeep
|turn|16
|
|t:|1779932765
|move|p1a: Iron Valiant|Thunderbolt|p2a: Pecharunt
|-damage|p2a: Pecharunt|14/100
|move|p2a: Pecharunt|Recover|p2a: Pecharunt
|-heal|p2a: Pecharunt|64/100
|
|-weather|Snowscape|[upkeep]
|upkeep
|turn|17
|
|t:|1779932775
|move|p1a: Iron Valiant|Thunderbolt|p2a: Pecharunt
|-damage|p2a: Pecharunt|20/100
|move|p2a: Pecharunt|Recover|p2a: Pecharunt
|-heal|p2a: Pecharunt|70/100
|
|-weather|none
|upkeep
|turn|18
|
|t:|1779932784
|move|p1a: Iron Valiant|Thunderbolt|p2a: Pecharunt
|-damage|p2a: Pecharunt|29/100
|-status|p2a: Pecharunt|par
|move|p2a: Pecharunt|Recover|p2a: Pecharunt
|-heal|p2a: Pecharunt|79/100 par
|
|upkeep
|turn|19
|
|t:|1779932791
|move|p1a: Iron Valiant|Thunderbolt|p2a: Pecharunt
|-damage|p2a: Pecharunt|33/100 par
|cant|p2a: Pecharunt|par
|
|upkeep
|turn|20
|
|t:|1779932797
|move|p1a: Iron Valiant|Thunderbolt|p2a: Pecharunt
|-damage|p2a: Pecharunt|0 fnt
|faint|p2a: Pecharunt
|
|upkeep
|
|t:|1779932806
|switch|p2a: Zamazenta|Zamazenta|100/100
|-ability|p2a: Zamazenta|Dauntless Shield|boost
|-boost|p2a: Zamazenta|def|1
|turn|21
|
|t:|1779932814
|move|p2a: Zamazenta|Close Combat|p1a: Iron Valiant
|-damage|p1a: Iron Valiant|0 fnt
|-unboost|p2a: Zamazenta|def|1
|-unboost|p2a: Zamazenta|spd|1
|faint|p1a: Iron Valiant
|-end|p1a: Iron Valiant|Quark Drive|[silent]
|
|upkeep
|
|t:|1779932824
|switch|p1a: Kingambit|Kingambit, F|100/100
|-activate|p1a: Kingambit|ability: Supreme Overlord
|-start|p1a: Kingambit|fallen2|[silent]
|turn|22
|
|t:|1779932834
|move|p2a: Zamazenta|Close Combat|p1a: Kingambit
|-supereffective|p1a: Kingambit
|-damage|p1a: Kingambit|0 fnt
|-unboost|p2a: Zamazenta|def|1
|-unboost|p2a: Zamazenta|spd|1
|faint|p1a: Kingambit
|-end|p1a: Kingambit|fallen2|[silent]
|
|upkeep
|
|t:|1779932843
|switch|p1a: Dragapult|Dragapult, M|100/100
|turn|23
|
|t:|1779932858
|move|p1a: Dragapult|U-turn|p2a: Zamazenta
|-resisted|p2a: Zamazenta
|-damage|p2a: Zamazenta|88/100
|
|t:|1779932861
|switch|p1a: Great Tusk|Great Tusk|88/100|[from] U-turn
|move|p2a: Zamazenta|Ice Fang|p1a: Great Tusk
|-supereffective|p1a: Great Tusk
|-damage|p1a: Great Tusk|66/100
|
|-heal|p1a: Great Tusk|73/100|[from] item: Leftovers
|upkeep
|turn|24
|
|t:|1779932876
|move|p2a: Zamazenta|Ice Fang|p1a: Great Tusk
|-supereffective|p1a: Great Tusk
|-damage|p1a: Great Tusk|50/100
|move|p1a: Great Tusk|Earthquake|p2a: Zamazenta
|-damage|p2a: Zamazenta|28/100
|
|-heal|p1a: Great Tusk|57/100|[from] item: Leftovers
|upkeep
|turn|25
|
|t:|1779932893
|move|p2a: Zamazenta|Ice Fang|p1a: Great Tusk
|-supereffective|p1a: Great Tusk
|-damage|p1a: Great Tusk|38/100
|-status|p1a: Great Tusk|frz
|cant|p1a: Great Tusk|frz
|
|-heal|p1a: Great Tusk|45/100 frz|[from] item: Leftovers
|upkeep
|turn|26
|
|t:|1779932904
|move|p2a: Zamazenta|Ice Fang|p1a: Great Tusk
|-supereffective|p1a: Great Tusk
|-damage|p1a: Great Tusk|26/100 frz
|-curestatus|p1a: Great Tusk|frz|[msg]
|move|p1a: Great Tusk|Earthquake|p2a: Zamazenta
|-damage|p2a: Zamazenta|0 fnt
|faint|p2a: Zamazenta
|
|-heal|p1a: Great Tusk|32/100|[from] item: Leftovers
|upkeep
|
|t:|1779932911
|switch|p2a: Skarmory|Skarmory, M|1/100 par
|turn|27
|
|t:|1779932921
|move|p1a: Great Tusk|Knock Off|p2a: Skarmory
|-damage|p2a: Skarmory|0 fnt
|-enditem|p2a: Skarmory|Heavy-Duty Boots|[from] move: Knock Off|[of] p1a: Great Tusk
|faint|p2a: Skarmory
|
|win|GCC027
|raw|GCC027's rating: 1108 &rarr; <strong>1134</strong><br />(+26 for winning)
|raw|npctypebeat's rating: 1127 &rarr; <strong>1101</strong><br />(-26 for losing)
|c|☆npctypebeat|gg
|l|☆GCC027
|player|p1|
