|j|☆whisperingcloth
|j|☆AmygdalanResponse
|t:|1779848414
|gametype|singles
|player|p1|whisperingcloth|102|1504
|player|p2|AmygdalanResponse|marshal|1547
|gen|9
|tier|[Gen 9] OU
|rated|
|rule|HP Percentage Mod: HP is shown in percentages
|rule|Endless Battle Clause: Forcing endless battles is banned
|rule|Species Clause: Limit one of each Pokémon
|rule|OHKO Clause: OHKO moves are banned
|rule|Evasion Items Clause: Evasion items are banned
|rule|Evasion Moves Clause: Evasion moves are banned
|rule|Evasion Abilities Clause: Evasion abilities are banned
|rule|Sleep Moves Clause: Sleep-inducing moves are banned
|clearpoke
|poke|p1|Scizor, F|
|poke|p1|Deoxys-Speed|
|poke|p1|Garganacl, F|
|poke|p1|Slowking-Galar, F|
|poke|p1|Great Tusk|
|poke|p1|Zapdos|
|poke|p2|Ribombee, F|
|poke|p2|Manaphy|
|poke|p2|Ceruledge, M|
|poke|p2|Great Tusk|
|poke|p2|Ogerpon-Cornerstone, F|
|poke|p2|Enamorus, F|
|teampreview
|inactive|Battle timer is ON: inactive players will automatically lose when time's up. (requested by whisperingcloth)
|c|☆AmygdalanResponse|gl hf
|c|☆whisperingcloth|glgl
|
|t:|1779848427
|teamsize|p1|6
|teamsize|p2|6
|start
|switch|p1a: Garganacl|Garganacl, F|100/100
|switch|p2a: Ribombee|Ribombee, F|100/100
|turn|1
|
|t:|1779848435
|move|p2a: Ribombee|Sticky Web|p1a: Garganacl
|-sidestart|p1: whisperingcloth|move: Sticky Web
|move|p1a: Garganacl|Salt Cure|p2a: Ribombee
|-supereffective|p2a: Ribombee
|-damage|p2a: Ribombee|43/100
|
|upkeep
|turn|2
|
|t:|1779848444
|move|p2a: Ribombee|Moonblast|p1a: Garganacl
|-damage|p1a: Garganacl|71/100
|-unboost|p1a: Garganacl|spa|1
|move|p1a: Garganacl|Stealth Rock|p2a: Ribombee
|-sidestart|p2: AmygdalanResponse|move: Stealth Rock
|
|-heal|p1a: Garganacl|77/100|[from] item: Leftovers
|upkeep
|turn|3
|
|t:|1779848451
|move|p2a: Ribombee|Moonblast|p1a: Garganacl
|-damage|p1a: Garganacl|50/100
|move|p1a: Garganacl|Salt Cure|p2a: Ribombee
|-supereffective|p2a: Ribombee
|-damage|p2a: Ribombee|0 fnt
|faint|p2a: Ribombee
|
|-heal|p1a: Garganacl|56/100|[from] item: Leftovers
|upkeep
|
|t:|1779848453
|switch|p2a: Manaphy|Manaphy|100/100
|-damage|p2a: Manaphy|88/100|[from] Stealth Rock
|turn|4
|
|t:|1779848454
|move|p2a: Manaphy|Substitute|p2a: Manaphy
|-start|p2a: Manaphy|Substitute
|-damage|p2a: Manaphy|63/100
|move|p1a: Garganacl|Salt Cure|p2a: Manaphy
|-activate|p2a: Manaphy|move: Substitute|[damage]
|
|-heal|p2a: Manaphy|69/100|[from] item: Leftovers
|-heal|p1a: Garganacl|62/100|[from] item: Leftovers
|upkeep
|turn|5
|
|t:|1779848459
|switch|p1a: Slowking|Slowking-Galar, F|100/100
|move|p2a: Manaphy|Tail Glow|p2a: Manaphy
|-boost|p2a: Manaphy|spa|3
|
|-heal|p2a: Manaphy|76/100|[from] item: Leftovers
|upkeep
|turn|6
|
|t:|1779848463
|move|p2a: Manaphy|Tail Glow|p2a: Manaphy
|-boost|p2a: Manaphy|spa|3
|move|p1a: Slowking|Sludge Bomb|p2a: Manaphy
|-end|p2a: Manaphy|Substitute
|
|-heal|p2a: Manaphy|82/100|[from] item: Leftovers
|upkeep
|turn|7
|
|t:|1779848469
|move|p2a: Manaphy|Surf|p1a: Slowking
|-damage|p1a: Slowking|0 fnt
|faint|p1a: Slowking
|
|-heal|p2a: Manaphy|88/100|[from] item: Leftovers
|upkeep
|
|t:|1779848485
|switch|p1a: Garganacl|Garganacl, F|62/100
|-activate|p1a: Garganacl|move: Sticky Web
|-unboost|p1a: Garganacl|spe|1
|turn|8
|
|t:|1779848488
|-terastallize|p1a: Garganacl|Water
|move|p2a: Manaphy|Substitute|p2a: Manaphy
|-start|p2a: Manaphy|Substitute
|-damage|p2a: Manaphy|63/100
|move|p1a: Garganacl|Salt Cure|p2a: Manaphy
|-activate|p2a: Manaphy|move: Substitute|[damage]
|
|-heal|p2a: Manaphy|69/100|[from] item: Leftovers
|-heal|p1a: Garganacl|68/100|[from] item: Leftovers
|upkeep
|turn|9
|
|t:|1779848490
|move|p2a: Manaphy|Alluring Voice|p1a: Garganacl
|-damage|p1a: Garganacl|10/100
|move|p1a: Garganacl|Salt Cure|p2a: Manaphy
|-end|p2a: Manaphy|Substitute
|
|-heal|p2a: Manaphy|75/100|[from] item: Leftovers
|-heal|p1a: Garganacl|16/100|[from] item: Leftovers
|upkeep
|turn|10
|
|t:|1779848493
|move|p2a: Manaphy|Substitute|p2a: Manaphy
|-start|p2a: Manaphy|Substitute
|-damage|p2a: Manaphy|50/100
|move|p1a: Garganacl|Salt Cure|p2a: Manaphy
|-activate|p2a: Manaphy|move: Substitute|[damage]
|
|-heal|p2a: Manaphy|57/100|[from] item: Leftovers
|-heal|p1a: Garganacl|22/100|[from] item: Leftovers
|upkeep
|turn|11
|
|t:|1779848495
|move|p2a: Manaphy|Surf|p1a: Garganacl
|-resisted|p1a: Garganacl
|-damage|p1a: Garganacl|0 fnt
|faint|p1a: Garganacl
|
|-heal|p2a: Manaphy|63/100|[from] item: Leftovers
|upkeep
|-message|whisperingcloth forfeited.
|
|win|AmygdalanResponse
|raw|whisperingcloth's rating: 1504 &rarr; <strong>1486</strong><br />(-18 for losing)
|raw|AmygdalanResponse's rating: 1547 &rarr; <strong>1565</strong><br />(+18 for winning)
|l|☆whisperingcloth
|player|p1|
