|j|☆capitalist duck
|j|☆idonteatpets
|t:|1779808465
|gametype|singles
|player|p1|capitalist duck|cyclist|1436
|player|p2|idonteatpets|101|1387
|gen|9
|tier|[Gen 9] OU
|rated|
|rule|HP Percentage Mod: HP is shown in percentages
|rule|Endless Battle Clause: Forcing endless battles is banned
|rule|Species Clause: Limit one of each Pokémon
|rule|OHKO Clause: OHKO moves are banned
|rule|Evasion Items Clause: Evasion items are banned
|rule|Evasion Moves Clause: Evasion moves are banned
|rule|Evasion Abilities Clause: Evasion abilities are banned
|rule|Sleep Moves Clause: Sleep-inducing moves are banned
|clearpoke
|poke|p1|Glimmora, F|
|poke|p1|Kingambit, F|
|poke|p1|Dragapult, F|
|poke|p1|Ursaluna, M|
|poke|p1|Iron Moth|
|poke|p1|Ogerpon-Wellspring, F|
|poke|p2|Glimmora, F|
|poke|p2|Darkrai|
|poke|p2|Dragonite, F|
|poke|p2|Great Tusk|
|poke|p2|Gholdengo|
|poke|p2|Kingambit, M|
|teampreview
|inactive|Battle timer is ON: inactive players will automatically lose when time's up. (requested by capitalist duck)
|
|t:|1779808479
|teamsize|p1|6
|teamsize|p2|6
|start
|switch|p1a: Iron Moth|Iron Moth|100/100
|switch|p2a: Darkrai|Darkrai|100/100
|-enditem|p1a: Iron Moth|Booster Energy
|-activate|p1a: Iron Moth|ability: Quark Drive|[fromitem]
|-start|p1a: Iron Moth|quarkdrivespe
|turn|1
|
|t:|1779808492
|switch|p2a: Glimmora|Glimmora, F|100/100
|move|p1a: Iron Moth|Substitute|p1a: Iron Moth
|-start|p1a: Iron Moth|Substitute
|-damage|p1a: Iron Moth|76/100
|
|upkeep
|turn|2
|
|t:|1779808499
|move|p1a: Iron Moth|Fiery Dance|p2a: Glimmora
|-resisted|p2a: Glimmora
|-damage|p2a: Glimmora|76/100
|-boost|p1a: Iron Moth|spa|1
|move|p2a: Glimmora|Meteor Beam||[still]
|-prepare|p2a: Glimmora|Meteor Beam
|-boost|p2a: Glimmora|spa|1
|-enditem|p2a: Glimmora|Power Herb
|-anim|p2a: Glimmora|Meteor Beam|p1a: Iron Moth|[miss]
|-miss|p2a: Glimmora|p1a: Iron Moth
|
|upkeep
|turn|3
|
|t:|1779808509
|move|p1a: Iron Moth|Fiery Dance|p2a: Glimmora
|-resisted|p2a: Glimmora
|-crit|p2a: Glimmora
|-damage|p2a: Glimmora|13/100
|-boost|p1a: Iron Moth|spa|1
|move|p2a: Glimmora|Earth Power|p1a: Iron Moth
|-supereffective|p1a: Iron Moth
|-end|p1a: Iron Moth|Substitute
|
|upkeep
|turn|4
|
|t:|1779808523
|move|p1a: Iron Moth|Fiery Dance|p2a: Glimmora
|-resisted|p2a: Glimmora
|-damage|p2a: Glimmora|0 fnt
|-boost|p1a: Iron Moth|spa|1
|faint|p2a: Glimmora
|
|upkeep
|c|☆capitalist duck|hax
|
|t:|1779808538
|switch|p2a: Dragonite|Dragonite, F|100/100
|turn|5
|
|t:|1779808545
|-terastallize|p1a: Iron Moth|Fairy
|move|p1a: Iron Moth|Dazzling Gleam|p2a: Dragonite
|-supereffective|p2a: Dragonite
|-damage|p2a: Dragonite|0 fnt
|faint|p2a: Dragonite
|
|upkeep
|
|t:|1779808553
|switch|p2a: Kingambit|Kingambit, M|100/100
|-activate|p2a: Kingambit|ability: Supreme Overlord
|-start|p2a: Kingambit|fallen2|[silent]
|turn|6
|
|t:|1779808558
|move|p1a: Iron Moth|Fiery Dance|p2a: Kingambit
|-supereffective|p2a: Kingambit
|-damage|p2a: Kingambit|0 fnt
|-boost|p1a: Iron Moth|spa|1
|faint|p2a: Kingambit
|-end|p2a: Kingambit|fallen2|[silent]
|
|upkeep
|
|t:|1779808566
|switch|p2a: Gholdengo|Gholdengo|100/100
|-item|p2a: Gholdengo|Air Balloon
|turn|7
|
|t:|1779808572
|move|p1a: Iron Moth|Substitute|p1a: Iron Moth
|-start|p1a: Iron Moth|Substitute
|-damage|p1a: Iron Moth|51/100
|move|p2a: Gholdengo|Thunder Wave||[still]
|-fail|p2a: Gholdengo
|
|upkeep
|turn|8
|
|t:|1779808578
|move|p1a: Iron Moth|Fiery Dance|p2a: Gholdengo
|-supereffective|p2a: Gholdengo
|-damage|p2a: Gholdengo|0 fnt
|-enditem|p2a: Gholdengo|Air Balloon
|faint|p2a: Gholdengo
|
|upkeep
|
|t:|1779808584
|switch|p2a: Great Tusk|Great Tusk|100/100
|turn|9
|
|t:|1779808587
|move|p1a: Iron Moth|Fiery Dance|p2a: Great Tusk
|-damage|p2a: Great Tusk|0 fnt
|faint|p2a: Great Tusk
|-end|p2a: Great Tusk|Protosynthesis|[silent]
|
|upkeep
|
|t:|1779808592
|switch|p2a: Darkrai|Darkrai|100/100
|turn|10
|c|☆idonteatpets|hi
|
|t:|1779808599
|move|p1a: Iron Moth|Fiery Dance|p2a: Darkrai
|-damage|p2a: Darkrai|0 fnt
|faint|p2a: Darkrai
|
|win|capitalist duck
|raw|capitalist duck's rating: 1436 &rarr; <strong>1453</strong><br />(+17 for winning)
|raw|idonteatpets's rating: 1387 &rarr; <strong>1370</strong><br />(-17 for losing)
|c|☆capitalist duck|hello
