|j|☆Nahlokin
|j|☆ancientatom1
|t:|1779890477
|gametype|singles
|player|p1|Nahlokin|hilbert|1519
|player|p2|ancientatom1|102|1510
|gen|9
|tier|[Gen 9] OU
|rated|
|rule|HP Percentage Mod: HP is shown in percentages
|rule|Endless Battle Clause: Forcing endless battles is banned
|rule|Species Clause: Limit one of each Pokémon
|rule|OHKO Clause: OHKO moves are banned
|rule|Evasion Items Clause: Evasion items are banned
|rule|Evasion Moves Clause: Evasion moves are banned
|rule|Evasion Abilities Clause: Evasion abilities are banned
|rule|Sleep Moves Clause: Sleep-inducing moves are banned
|clearpoke
|poke|p1|Trevenant, F|
|poke|p1|Torkoal, M|
|poke|p1|Walking Wake|
|poke|p1|Great Tusk|
|poke|p1|Heatran, F|
|poke|p1|Clefable, F|
|poke|p2|Iron Moth|
|poke|p2|Gliscor, F|
|poke|p2|Hatterene, F|
|poke|p2|Ogerpon-Wellspring, F|
|poke|p2|Raging Bolt|
|poke|p2|Zamazenta-*|
|teampreview
|inactive|Battle timer is ON: inactive players will automatically lose when time's up. (requested by ancientatom1)
|inactive|Nahlokin also wants the timer to be on.
|inactive|ancientatom1 has 120 seconds left.
|
|t:|1779890523
|teamsize|p1|6
|teamsize|p2|6
|start
|switch|p1a: GOLEMS NOT READY|Trevenant, F|100/100
|switch|p2a: ILuvSippinPiss|Gliscor, F|100/100
|turn|1
|
|t:|1779890536
|switch|p2a: Mesophilioma|Raging Bolt|100/100
|-enditem|p2a: Mesophilioma|Booster Energy
|-activate|p2a: Mesophilioma|ability: Protosynthesis|[fromitem]
|-start|p2a: Mesophilioma|protosynthesisspa
|move|p1a: GOLEMS NOT READY|Curse|p2a: Mesophilioma
|-start|p2a: Mesophilioma|Curse|[of] p1a: GOLEMS NOT READY
|-damage|p1a: GOLEMS NOT READY|50/100
|-enditem|p1a: GOLEMS NOT READY|Sitrus Berry|[eat]
|-heal|p1a: GOLEMS NOT READY|75/100|[from] item: Sitrus Berry
|
|-damage|p2a: Mesophilioma|76/100|[from] Curse
|upkeep
|turn|2
|
|t:|1779890547
|move|p1a: GOLEMS NOT READY|Protect|p1a: GOLEMS NOT READY
|-singleturn|p1a: GOLEMS NOT READY|Protect
|move|p2a: Mesophilioma|Dragon Pulse|p1a: GOLEMS NOT READY
|-activate|p1a: GOLEMS NOT READY|move: Protect
|
|-damage|p2a: Mesophilioma|51/100|[from] Curse
|upkeep
|turn|3
|
|t:|1779890553
|move|p2a: Mesophilioma|Dragon Pulse|p1a: GOLEMS NOT READY
|-damage|p1a: GOLEMS NOT READY|26/100
|move|p1a: GOLEMS NOT READY|Leech Seed|p2a: Mesophilioma
|-start|p2a: Mesophilioma|move: Leech Seed
|
|-damage|p2a: Mesophilioma|39/100|[from] Leech Seed|[of] p1a: GOLEMS NOT READY
|-heal|p1a: GOLEMS NOT READY|39/100|[silent]
|-damage|p2a: Mesophilioma|14/100|[from] Curse
|upkeep
|turn|4
|
|t:|1779890561
|move|p2a: Mesophilioma|Dragon Pulse|p1a: GOLEMS NOT READY
|-damage|p1a: GOLEMS NOT READY|0 fnt
|faint|p1a: GOLEMS NOT READY
|
|-damage|p2a: Mesophilioma|0 fnt|[from] Curse
|faint|p2a: Mesophilioma
|-end|p2a: Mesophilioma|Protosynthesis|[silent]
|upkeep
|inactive|ancientatom1 has 120 seconds left.
|
|t:|1779890613
|switch|p2a: Big Zam|Zamazenta|100/100
|switch|p1a: END KALI YUGA|Torkoal, M|100/100
|-ability|p2a: Big Zam|Dauntless Shield|boost
|-boost|p2a: Big Zam|def|1
|-weather|SunnyDay|[from] ability: Drought|[of] p1a: END KALI YUGA
|turn|5
|
|t:|1779890631
|move|p2a: Big Zam|Light Screen|p2a: Big Zam
|-sidestart|p2: ancientatom1|move: Light Screen
|move|p1a: END KALI YUGA|Will-O-Wisp|p2a: Big Zam
|-status|p2a: Big Zam|brn
|
|-weather|SunnyDay|[upkeep]
|-damage|p2a: Big Zam|94/100 brn|[from] brn
|upkeep
|turn|6
|
|t:|1779890639
|move|p2a: Big Zam|Reflect|p2a: Big Zam
|-sidestart|p2: ancientatom1|Reflect
|move|p1a: END KALI YUGA|Stealth Rock|p2a: Big Zam
|-sidestart|p2: ancientatom1|move: Stealth Rock
|
|-weather|SunnyDay|[upkeep]
|-damage|p2a: Big Zam|88/100 brn|[from] brn
|upkeep
|turn|7
|inactive|ancientatom1 has 90 seconds left.
|
|t:|1779890684
|switch|p2a: ILuvSippinPiss|Gliscor, F|100/100
|-damage|p2a: ILuvSippinPiss|88/100|[from] Stealth Rock
|switch|p1a: ANNUNAKI PROJECT|Clefable, F|100/100
|
|-weather|SunnyDay|[upkeep]
|-status|p2a: ILuvSippinPiss|tox|[from] item: Toxic Orb
|upkeep
|turn|8
|
|t:|1779890694
|move|p2a: ILuvSippinPiss|Earthquake|p1a: ANNUNAKI PROJECT
|-damage|p1a: ANNUNAKI PROJECT|64/100
|move|p1a: ANNUNAKI PROJECT|Moonblast|p2a: ILuvSippinPiss
|-damage|p2a: ILuvSippinPiss|68/100 tox
|-unboost|p2a: ILuvSippinPiss|spa|1
|
|-weather|SunnyDay|[upkeep]
|-heal|p1a: ANNUNAKI PROJECT|70/100|[from] item: Leftovers
|-heal|p2a: ILuvSippinPiss|80/100 tox|[from] ability: Poison Heal
|upkeep
|turn|9
|
|t:|1779890704
|move|p2a: ILuvSippinPiss|Swords Dance|p2a: ILuvSippinPiss
|-boost|p2a: ILuvSippinPiss|atk|2
|move|p1a: ANNUNAKI PROJECT|Moonblast|p2a: ILuvSippinPiss
|-damage|p2a: ILuvSippinPiss|61/100 tox
|
|-weather|SunnyDay|[upkeep]
|-heal|p1a: ANNUNAKI PROJECT|76/100|[from] item: Leftovers
|-heal|p2a: ILuvSippinPiss|73/100 tox|[from] ability: Poison Heal
|upkeep
|turn|10
|
|t:|1779890712
|move|p2a: ILuvSippinPiss|Agility|p2a: ILuvSippinPiss
|-boost|p2a: ILuvSippinPiss|spe|2
|move|p1a: ANNUNAKI PROJECT|Moonblast|p2a: ILuvSippinPiss
|-damage|p2a: ILuvSippinPiss|54/100 tox
|
|-weather|SunnyDay|[upkeep]
|-heal|p1a: ANNUNAKI PROJECT|82/100|[from] item: Leftovers
|-heal|p2a: ILuvSippinPiss|66/100 tox|[from] ability: Poison Heal
|upkeep
|turn|11
|
|t:|1779890722
|move|p2a: ILuvSippinPiss|Earthquake|p1a: ANNUNAKI PROJECT
|-damage|p1a: ANNUNAKI PROJECT|45/100
|move|p1a: ANNUNAKI PROJECT|Moonblast|p2a: ILuvSippinPiss
|-damage|p2a: ILuvSippinPiss|47/100 tox
|
|-weather|SunnyDay|[upkeep]
|-heal|p1a: ANNUNAKI PROJECT|51/100|[from] item: Leftovers
|-heal|p2a: ILuvSippinPiss|59/100 tox|[from] ability: Poison Heal
|upkeep
|turn|12
|
|t:|1779890734
|move|p2a: ILuvSippinPiss|Earthquake|p1a: ANNUNAKI PROJECT
|-damage|p1a: ANNUNAKI PROJECT|19/100
|move|p1a: ANNUNAKI PROJECT|Moonlight|p1a: ANNUNAKI PROJECT
|-heal|p1a: ANNUNAKI PROJECT|86/100
|
|-weather|none
|-heal|p1a: ANNUNAKI PROJECT|92/100|[from] item: Leftovers
|-heal|p2a: ILuvSippinPiss|72/100 tox|[from] ability: Poison Heal
|-sideend|p2: ancientatom1|move: Light Screen
|upkeep
|turn|13
|
|t:|1779890742
|-terastallize|p2a: ILuvSippinPiss|Normal
|move|p2a: ILuvSippinPiss|Facade|p1a: ANNUNAKI PROJECT
|-damage|p1a: ANNUNAKI PROJECT|40/100
|move|p1a: ANNUNAKI PROJECT|Moonblast|p2a: ILuvSippinPiss
|-damage|p2a: ILuvSippinPiss|31/100 tox
|-unboost|p2a: ILuvSippinPiss|spa|1
|
|-heal|p1a: ANNUNAKI PROJECT|46/100|[from] item: Leftovers
|-heal|p2a: ILuvSippinPiss|44/100 tox|[from] ability: Poison Heal
|-sideend|p2: ancientatom1|Reflect
|upkeep
|turn|14
|inactive|ancientatom1 has 90 seconds left.
|
|t:|1779890761
|move|p2a: ILuvSippinPiss|Facade|p1a: ANNUNAKI PROJECT
|-damage|p1a: ANNUNAKI PROJECT|0 fnt
|faint|p1a: ANNUNAKI PROJECT
|
|-heal|p2a: ILuvSippinPiss|56/100 tox|[from] ability: Poison Heal
|upkeep
|
|t:|1779890767
|switch|p1a: MINERAL AWARENESS|Great Tusk|100/100
|turn|15
|
|t:|1779890772
|move|p2a: ILuvSippinPiss|Facade|p1a: MINERAL AWARENESS
|-crit|p1a: MINERAL AWARENESS
|-damage|p1a: MINERAL AWARENESS|0 fnt
|faint|p1a: MINERAL AWARENESS
|-end|p1a: MINERAL AWARENESS|Protosynthesis|[silent]
|
|-heal|p2a: ILuvSippinPiss|68/100 tox|[from] ability: Poison Heal
|upkeep
|
|t:|1779890777
|switch|p1a: I'LL MISS|Heatran, F|100/100
|turn|16
|
|t:|1779890780
|-terastallize|p1a: I'LL MISS|Grass
|move|p2a: ILuvSippinPiss|Earthquake|p1a: I'LL MISS
|-resisted|p1a: I'LL MISS
|-damage|p1a: I'LL MISS|66/100
|move|p1a: I'LL MISS|Magma Storm|p2a: ILuvSippinPiss
|-damage|p2a: ILuvSippinPiss|12/100 tox
|-activate|p2a: ILuvSippinPiss|move: Magma Storm|[of] p1a: I'LL MISS
|
|-heal|p1a: I'LL MISS|72/100|[from] item: Leftovers
|-heal|p2a: ILuvSippinPiss|25/100 tox|[from] ability: Poison Heal
|-damage|p2a: ILuvSippinPiss|12/100 tox|[from] move: Magma Storm|[partiallytrapped]
|upkeep
|turn|17
|
|t:|1779890791
|move|p2a: ILuvSippinPiss|Facade|p1a: I'LL MISS
|-damage|p1a: I'LL MISS|0 fnt
|faint|p1a: I'LL MISS
|
|-heal|p2a: ILuvSippinPiss|25/100 tox|[from] ability: Poison Heal
|-end|p2a: ILuvSippinPiss|Magma Storm|[partiallytrapped]|[silent]
|upkeep
|
|t:|1779890798
|switch|p1a: END KALI YUGA|Torkoal, M|100/100
|-weather|SunnyDay|[from] ability: Drought|[of] p1a: END KALI YUGA
|turn|18
|inactive|ancientatom1 has 120 seconds left.
|
|t:|1779890827
|move|p2a: ILuvSippinPiss|Earthquake|p1a: END KALI YUGA
|-supereffective|p1a: END KALI YUGA
|-damage|p1a: END KALI YUGA|0 fnt
|faint|p1a: END KALI YUGA
|
|-weather|SunnyDay|[upkeep]
|-heal|p2a: ILuvSippinPiss|37/100 tox|[from] ability: Poison Heal
|upkeep
|-message|Nahlokin forfeited.
|
|win|ancientatom1
|raw|Nahlokin's rating: 1519 &rarr; <strong>1498</strong><br />(-21 for losing)
|raw|ancientatom1's rating: 1510 &rarr; <strong>1531</strong><br />(+21 for winning)
|l|☆Nahlokin
|player|p1|
|l|☆ancientatom1
|player|p2|
