|j|☆zk710
|j|☆claudechamp
|t:|1779859382
|gametype|singles
|player|p1|zk710|palmer|1362
|player|p2|claudechamp|169|1300
|gen|9
|tier|[Gen 9] OU
|rated|
|rule|HP Percentage Mod: HP is shown in percentages
|rule|Endless Battle Clause: Forcing endless battles is banned
|rule|Species Clause: Limit one of each Pokémon
|rule|OHKO Clause: OHKO moves are banned
|rule|Evasion Items Clause: Evasion items are banned
|rule|Evasion Moves Clause: Evasion moves are banned
|rule|Evasion Abilities Clause: Evasion abilities are banned
|rule|Sleep Moves Clause: Sleep-inducing moves are banned
|clearpoke
|poke|p1|Great Tusk|
|poke|p1|Deoxys-Speed|
|poke|p1|Ogerpon-Wellspring, F|
|poke|p1|Gholdengo|
|poke|p1|Iron Valiant|
|poke|p1|Kyurem|
|poke|p2|Gliscor, F|
|poke|p2|Gholdengo|
|poke|p2|Zamazenta-*|
|poke|p2|Blissey, F|
|poke|p2|Skarmory, M|
|poke|p2|Pecharunt|
|teampreview
|c|☆claudechamp|hf
|inactive|Battle timer is ON: inactive players will automatically lose when time's up. (requested by zk710)
|inactive|claudechamp also wants the timer to be on.
|c|☆zk710|u2
|
|t:|1779859414
|teamsize|p1|6
|teamsize|p2|6
|start
|switch|p1a: Iron Valiant|Iron Valiant|100/100
|switch|p2a: Skarmory|Skarmory, M|100/100
|-enditem|p1a: Iron Valiant|Booster Energy
|-activate|p1a: Iron Valiant|ability: Quark Drive|[fromitem]
|-start|p1a: Iron Valiant|quarkdrivespe
|turn|1
|c|☆zk710|hm
|c|☆zk710|stall
|
|t:|1779859422
|-terastallize|p1a: Iron Valiant|Ghost
|move|p1a: Iron Valiant|Calm Mind|p1a: Iron Valiant
|-boost|p1a: Iron Valiant|spa|1
|-boost|p1a: Iron Valiant|spd|1
|move|p2a: Skarmory|Spikes|p1a: Iron Valiant
|-sidestart|p1: zk710|Spikes
|
|upkeep
|turn|2
|
|t:|1779859433
|move|p1a: Iron Valiant|Calm Mind|p1a: Iron Valiant
|-boost|p1a: Iron Valiant|spa|1
|-boost|p1a: Iron Valiant|spd|1
|move|p2a: Skarmory|Whirlwind|p1a: Iron Valiant
|-end|p1a: Iron Valiant|Quark Drive|[silent]
|drag|p1a: Kyurem|Kyurem|100/100
|-damage|p1a: Kyurem|88/100|[from] Spikes
|-ability|p1a: Kyurem|Pressure
|
|upkeep
|turn|3
|
|t:|1779859440
|move|p1a: Kyurem|Dragon Dance|p1a: Kyurem
|-boost|p1a: Kyurem|atk|1
|-boost|p1a: Kyurem|spe|1
|move|p2a: Skarmory|Spikes|p1a: Kyurem
|-sidestart|p1: zk710|Spikes
|
|upkeep
|turn|4
|
|t:|1779859447
|move|p1a: Kyurem|Icicle Spear|p2a: Skarmory
|-damage|p2a: Skarmory|88/100
|-damage|p2a: Skarmory|74/100
|-damage|p2a: Skarmory|61/100
|-damage|p2a: Skarmory|47/100
|-hitcount|p2a: Skarmory|4
|move|p2a: Skarmory|Whirlwind|p1a: Kyurem
|drag|p1a: Iron Valiant|Iron Valiant, tera:Ghost|100/100
|-damage|p1a: Iron Valiant|84/100|[from] Spikes
|
|upkeep
|turn|5
|
|t:|1779859456
|switch|p2a: Blissey|Blissey, F|100/100
|move|p1a: Iron Valiant|Shadow Ball|p2a: Blissey
|-immune|p2a: Blissey
|
|upkeep
|turn|6
|
|t:|1779859461
|move|p1a: Iron Valiant|Calm Mind|p1a: Iron Valiant
|-boost|p1a: Iron Valiant|spa|1
|-boost|p1a: Iron Valiant|spd|1
|move|p2a: Blissey|Shadow Ball|p1a: Iron Valiant
|-supereffective|p1a: Iron Valiant
|-damage|p1a: Iron Valiant|49/100
|-unboost|p1a: Iron Valiant|spd|1
|
|upkeep
|turn|7
|
|t:|1779859469
|move|p1a: Iron Valiant|Moonblast|p2a: Blissey
|-damage|p2a: Blissey|79/100
|-unboost|p2a: Blissey|spa|1
|move|p2a: Blissey|Shadow Ball|p1a: Iron Valiant
|-supereffective|p1a: Iron Valiant
|-damage|p1a: Iron Valiant|17/100
|
|upkeep
|turn|8
|
|t:|1779859481
|-end|p1a: Iron Valiant|Quark Drive|[silent]
|switch|p1a: Deoxys|Deoxys-Speed|100/100
|-damage|p1a: Deoxys|84/100|[from] Spikes
|-ability|p1a: Deoxys|Pressure
|move|p2a: Blissey|Shadow Ball|p1a: Deoxys
|-supereffective|p1a: Deoxys
|-damage|p1a: Deoxys|56/100
|
|upkeep
|turn|9
|
|t:|1779859485
|move|p1a: Deoxys|Stealth Rock|p2a: Blissey
|-sidestart|p2: claudechamp|move: Stealth Rock
|move|p2a: Blissey|Stealth Rock|p1a: Deoxys
|-sidestart|p1: zk710|move: Stealth Rock
|
|upkeep
|turn|10
|
|t:|1779859491
|move|p1a: Deoxys|Spikes|p2a: Blissey
|-sidestart|p2: claudechamp|Spikes
|move|p2a: Blissey|Soft-Boiled|p2a: Blissey
|-heal|p2a: Blissey|100/100
|
|upkeep
|turn|11
|
|t:|1779859498
|switch|p2a: Pecharunt|Pecharunt|100/100
|move|p1a: Deoxys|Taunt|p2a: Pecharunt
|-start|p2a: Pecharunt|move: Taunt
|
|upkeep
|turn|12
|
|t:|1779859520
|switch|p2a: Gliscor|Gliscor, F|100/100
|-damage|p2a: Gliscor|88/100|[from] Stealth Rock
|move|p1a: Deoxys|Psycho Boost|p2a: Gliscor
|-damage|p2a: Gliscor|39/100
|-unboost|p1a: Deoxys|spa|2
|
|-status|p2a: Gliscor|tox|[from] item: Toxic Orb
|upkeep
|turn|13
|
|t:|1779859526
|move|p1a: Deoxys|Psycho Boost|p2a: Gliscor
|-damage|p2a: Gliscor|14/100 tox
|-unboost|p1a: Deoxys|spa|2
|move|p2a: Gliscor|Earthquake|p1a: Deoxys
|-damage|p1a: Deoxys|3/100
|
|-heal|p2a: Gliscor|26/100 tox|[from] ability: Poison Heal
|upkeep
|turn|14
|
|t:|1779859538
|switch|p2a: Pecharunt|Pecharunt|100/100
|move|p1a: Deoxys|Taunt|p2a: Pecharunt
|-start|p2a: Pecharunt|move: Taunt
|
|upkeep
|turn|15
|
|t:|1779859546
|switch|p1a: Great Tusk|Great Tusk|100/100
|-damage|p1a: Great Tusk|84/100|[from] Spikes
|-damage|p1a: Great Tusk|81/100|[from] Stealth Rock
|-enditem|p1a: Great Tusk|Booster Energy
|-activate|p1a: Great Tusk|ability: Protosynthesis|[fromitem]
|-start|p1a: Great Tusk|protosynthesisspe
|switch|p2a: Gholdengo|Gholdengo|100/100
|-damage|p2a: Gholdengo|94/100|[from] Stealth Rock
|-damage|p2a: Gholdengo|82/100|[from] Spikes
|
|upkeep
|turn|16
|
|t:|1779859554
|move|p1a: Great Tusk|Headlong Rush|p2a: Gholdengo
|-supereffective|p2a: Gholdengo
|-damage|p2a: Gholdengo|5/100
|-unboost|p1a: Great Tusk|def|1
|-unboost|p1a: Great Tusk|spd|1
|move|p2a: Gholdengo|Hex|p1a: Great Tusk
|-damage|p1a: Great Tusk|27/100
|
|upkeep
|turn|17
|
|t:|1779859562
|move|p1a: Great Tusk|Headlong Rush|p2a: Gholdengo
|-supereffective|p2a: Gholdengo
|-damage|p2a: Gholdengo|0 fnt
|-unboost|p1a: Great Tusk|def|1
|-unboost|p1a: Great Tusk|spd|1
|faint|p2a: Gholdengo
|
|upkeep
|
|t:|1779859570
|switch|p2a: Skarmory|Skarmory, M|47/100
|turn|18
|
|t:|1779859597
|switch|p2a: Pecharunt|Pecharunt|100/100
|move|p1a: Great Tusk|Rapid Spin|p2a: Pecharunt
|-immune|p2a: Pecharunt
|
|upkeep
|turn|19
|
|t:|1779859604
|move|p1a: Great Tusk|Headlong Rush|p2a: Pecharunt
|-supereffective|p2a: Pecharunt
|-damage|p2a: Pecharunt|52/100
|-unboost|p1a: Great Tusk|def|1
|-unboost|p1a: Great Tusk|spd|1
|move|p2a: Pecharunt|Shadow Ball|p1a: Great Tusk
|-damage|p1a: Great Tusk|0 fnt
|faint|p1a: Great Tusk
|-end|p1a: Great Tusk|Protosynthesis|[silent]
|
|upkeep
|
|t:|1779859616
|switch|p1a: Iron Valiant|Iron Valiant, tera:Ghost|17/100
|-damage|p1a: Iron Valiant|0 fnt|[from] Spikes
|faint|p1a: Iron Valiant
|-end|p1a: Iron Valiant|Quark Drive|[silent]
|
|t:|1779859619
|switch|p1a: Deoxys|Deoxys-Speed|3/100
|-damage|p1a: Deoxys|0 fnt|[from] Spikes
|faint|p1a: Deoxys
|
|t:|1779859625
|switch|p1a: Ogerpon|Ogerpon-Wellspring, F|100/100
|-damage|p1a: Ogerpon|84/100|[from] Spikes
|-damage|p1a: Ogerpon|72/100|[from] Stealth Rock
|turn|20
|
|t:|1779859629
|move|p1a: Ogerpon|Knock Off|p2a: Pecharunt
|-supereffective|p2a: Pecharunt
|-damage|p2a: Pecharunt|15/100
|-enditem|p2a: Pecharunt|Heavy-Duty Boots|[from] move: Knock Off|[of] p1a: Ogerpon
|move|p2a: Pecharunt|Parting Shot|p1a: Ogerpon
|-unboost|p1a: Ogerpon|atk|1
|-unboost|p1a: Ogerpon|spa|1
|
|t:|1779859640
|switch|p2a: Zamazenta|Zamazenta|100/100|[from] Parting Shot
|-ability|p2a: Zamazenta|Dauntless Shield|boost
|-boost|p2a: Zamazenta|def|1
|
|upkeep
|turn|21
|
|t:|1779859651
|move|p2a: Zamazenta|Close Combat|p1a: Ogerpon
|-damage|p1a: Ogerpon|0 fnt
|-unboost|p2a: Zamazenta|def|1
|-unboost|p2a: Zamazenta|spd|1
|faint|p1a: Ogerpon
|
|upkeep
|
|t:|1779859659
|switch|p1a: Gholdengo|Gholdengo|100/100
|-damage|p1a: Gholdengo|94/100|[from] Stealth Rock
|-item|p1a: Gholdengo|Air Balloon
|turn|22
|
|t:|1779859672
|move|p2a: Zamazenta|Crunch|p1a: Gholdengo
|-supereffective|p1a: Gholdengo
|-damage|p1a: Gholdengo|39/100
|-enditem|p1a: Gholdengo|Air Balloon
|move|p1a: Gholdengo|Nasty Plot|p1a: Gholdengo
|-boost|p1a: Gholdengo|spa|2
|
|upkeep
|turn|23
|
|t:|1779859680
|move|p2a: Zamazenta|Crunch|p1a: Gholdengo
|-supereffective|p1a: Gholdengo
|-damage|p1a: Gholdengo|0 fnt
|faint|p1a: Gholdengo
|
|upkeep
|
|t:|1779859683
|switch|p1a: Kyurem|Kyurem|88/100
|-damage|p1a: Kyurem|72/100|[from] Spikes
|-damage|p1a: Kyurem|47/100|[from] Stealth Rock
|-ability|p1a: Kyurem|Pressure
|turn|24
|
|t:|1779859688
|move|p2a: Zamazenta|Close Combat|p1a: Kyurem
|-supereffective|p1a: Kyurem
|-damage|p1a: Kyurem|0 fnt
|-unboost|p2a: Zamazenta|def|1
|-unboost|p2a: Zamazenta|spd|1
|faint|p1a: Kyurem
|
|win|claudechamp
|raw|zk710's rating: 1362 &rarr; <strong>1338</strong><br />(-24 for losing)
|raw|claudechamp's rating: 1283 &rarr; <strong>1314</strong><br />(+31 for winning)
|c|☆claudechamp|gg
