|j|☆G-recike
|j|☆jhondo
|t:|1779806326
|gametype|singles
|player|p1|G-recike|colress|1410
|player|p2|jhondo|youngster-gen4dp|1402
|gen|9
|tier|[Gen 9] OU
|rated|
|rule|HP Percentage Mod: HP is shown in percentages
|rule|Endless Battle Clause: Forcing endless battles is banned
|rule|Species Clause: Limit one of each Pokémon
|rule|OHKO Clause: OHKO moves are banned
|rule|Evasion Items Clause: Evasion items are banned
|rule|Evasion Moves Clause: Evasion moves are banned
|rule|Evasion Abilities Clause: Evasion abilities are banned
|rule|Sleep Moves Clause: Sleep-inducing moves are banned
|clearpoke
|poke|p1|Pelipper, F|
|poke|p1|Cetitan, F|
|poke|p1|Hatterene, F|
|poke|p1|Basculegion, M|
|poke|p1|Ting-Lu|
|poke|p1|Kingambit, F|
|poke|p2|Latias, F|
|poke|p2|Glimmora, M|
|poke|p2|Zamazenta-*|
|poke|p2|Dragonite, M|
|poke|p2|Weavile, F|
|poke|p2|Gholdengo|
|teampreview
|inactive|Battle timer is ON: inactive players will automatically lose when time's up. (requested by jhondo)
|
|t:|1779806337
|teamsize|p1|6
|teamsize|p2|6
|start
|switch|p1a: Utopia|Hatterene, F|100/100
|switch|p2a: Weavile|Weavile, F|100/100
|-ability|p2a: Weavile|Pressure
|turn|1
|
|t:|1779806346
|switch|p1a: Cetitan|Cetitan, F|100/100
|move|p2a: Weavile|Knock Off|p1a: Cetitan
|-damage|p1a: Cetitan|54/100
|-enditem|p1a: Cetitan|Sitrus Berry|[from] move: Knock Off|[of] p2a: Weavile
|
|upkeep
|turn|2
|
|t:|1779806353
|move|p2a: Weavile|Low Kick|p1a: Cetitan
|-supereffective|p1a: Cetitan
|-damage|p1a: Cetitan|0 fnt
|faint|p1a: Cetitan
|
|upkeep
|
|t:|1779806356
|switch|p1a: Garoua|Pelipper, F|100/100
|-weather|RainDance|[from] ability: Drizzle|[of] p1a: Garoua
|turn|3
|
|t:|1779806362
|move|p2a: Weavile|Knock Off|p1a: Garoua
|-damage|p1a: Garoua|63/100
|-enditem|p1a: Garoua|Damp Rock|[from] move: Knock Off|[of] p2a: Weavile
|move|p1a: Garoua|U-turn|p2a: Weavile
|-supereffective|p2a: Weavile
|-damage|p2a: Weavile|73/100
|
|t:|1779806364
|switch|p1a: Crasher|Basculegion, M|100/100|[from] U-turn
|
|-weather|RainDance|[upkeep]
|upkeep
|turn|4
|
|t:|1779806376
|move|p1a: Crasher|Wave Crash|p2a: Weavile
|-damage|p2a: Weavile|0 fnt
|faint|p2a: Weavile
|-damage|p1a: Crasher|83/100|[from] Recoil
|
|-weather|RainDance|[upkeep]
|upkeep
|
|t:|1779806379
|switch|p2a: Glimmora|Glimmora, M|100/100
|turn|5
|
|t:|1779806382
|move|p1a: Crasher|Flip Turn|p2a: Glimmora
|-supereffective|p2a: Glimmora
|-enditem|p2a: Glimmora|Focus Sash
|-damage|p2a: Glimmora|1/100
|-activate|p2a: Glimmora|ability: Toxic Debris
|-sidestart|p1: G-recike|move: Toxic Spikes
|
|t:|1779806386
|switch|p1a: Hurricanion|Ting-Lu|100/100|[from] Flip Turn
|-status|p1a: Hurricanion|psn
|-ability|p1a: Hurricanion|Vessel of Ruin
|move|p2a: Glimmora|Mortal Spin|p1a: Hurricanion
|-resisted|p1a: Hurricanion
|-damage|p1a: Hurricanion|99/100 psn
|
|-weather|RainDance|[upkeep]
|-heal|p1a: Hurricanion|100/100 psn|[from] item: Leftovers
|-damage|p1a: Hurricanion|88/100 psn|[from] psn
|upkeep
|turn|6
|
|t:|1779806392
|move|p2a: Glimmora|Stealth Rock|p1a: Hurricanion
|-sidestart|p1: G-recike|move: Stealth Rock
|move|p1a: Hurricanion|Sand Tomb|p2a: Glimmora
|-supereffective|p2a: Glimmora
|-damage|p2a: Glimmora|0 fnt
|-activate|p2a: Glimmora|ability: Toxic Debris
|-sidestart|p1: G-recike|move: Toxic Spikes
|faint|p2a: Glimmora
|
|-weather|RainDance|[upkeep]
|-heal|p1a: Hurricanion|94/100 psn|[from] item: Leftovers
|-damage|p1a: Hurricanion|82/100 psn|[from] psn
|upkeep
|
|t:|1779806407
|switch|p2a: Gholdengo|Gholdengo|100/100
|turn|7
|
|t:|1779806415
|move|p2a: Gholdengo|Trick|p1a: Hurricanion
|-activate|p2a: Gholdengo|move: Trick|[of] p1a: Hurricanion
|-item|p1a: Hurricanion|Choice Scarf|[from] move: Trick
|-item|p2a: Gholdengo|Leftovers|[from] move: Trick
|move|p1a: Hurricanion|Ruination|p2a: Gholdengo|[miss]
|-miss|p1a: Hurricanion|p2a: Gholdengo
|
|-weather|RainDance|[upkeep]
|-damage|p1a: Hurricanion|69/100 psn|[from] psn
|upkeep
|turn|8
|
|t:|1779806423
|switch|p2a: Zamazenta|Zamazenta|100/100
|-ability|p2a: Zamazenta|Dauntless Shield|boost
|-boost|p2a: Zamazenta|def|1
|move|p1a: Hurricanion|Ruination|p2a: Zamazenta
|-damage|p2a: Zamazenta|50/100
|
|-weather|RainDance|[upkeep]
|-heal|p2a: Zamazenta|57/100|[from] item: Leftovers
|-damage|p1a: Hurricanion|57/100 psn|[from] psn
|upkeep
|turn|9
|
|t:|1779806434
|move|p2a: Zamazenta|Body Press|p1a: Hurricanion
|-supereffective|p1a: Hurricanion
|-damage|p1a: Hurricanion|13/100 psn
|move|p1a: Hurricanion|Ruination|p2a: Zamazenta
|-damage|p2a: Zamazenta|29/100
|
|-weather|RainDance|[upkeep]
|-heal|p2a: Zamazenta|35/100|[from] item: Leftovers
|-damage|p1a: Hurricanion|0 fnt|[from] psn
|faint|p1a: Hurricanion
|upkeep
|
|t:|1779806438
|switch|p1a: Crasher|Basculegion, M|83/100
|-status|p1a: Crasher|tox
|-damage|p1a: Crasher|71/100 tox|[from] Stealth Rock
|turn|10
|
|t:|1779806451
|move|p1a: Crasher|Wave Crash|p2a: Zamazenta
|-damage|p2a: Zamazenta|0 fnt
|faint|p2a: Zamazenta
|-damage|p1a: Crasher|59/100 tox|[from] Recoil
|
|-weather|none
|-damage|p1a: Crasher|53/100 tox|[from] psn
|upkeep
|
|t:|1779806465
|switch|p2a: Dragonite|Dragonite, M|100/100
|turn|11
|
|t:|1779806469
|move|p2a: Dragonite|Dragon Dance|p2a: Dragonite
|-boost|p2a: Dragonite|atk|1
|-boost|p2a: Dragonite|spe|1
|move|p1a: Crasher|Ice Fang|p2a: Dragonite
|-supereffective|p2a: Dragonite
|-damage|p2a: Dragonite|51/100
|
|-damage|p1a: Crasher|41/100 tox|[from] psn
|upkeep
|turn|12
|
|t:|1779806477
|switch|p1a: Garoua|Pelipper, F|63/100
|-damage|p1a: Garoua|39/100|[from] Stealth Rock
|-weather|RainDance|[from] ability: Drizzle|[of] p1a: Garoua
|move|p2a: Dragonite|Earthquake|p1a: Garoua
|-immune|p1a: Garoua
|
|-weather|RainDance|[upkeep]
|upkeep
|turn|13
|
|t:|1779806481
|move|p2a: Dragonite|Extreme Speed|p1a: Garoua
|-damage|p1a: Garoua|1/100
|move|p1a: Garoua|Hurricane|p2a: Dragonite
|-damage|p2a: Dragonite|14/100
|
|-weather|RainDance|[upkeep]
|upkeep
|turn|14
|
|t:|1779806489
|move|p2a: Dragonite|Ice Spinner|p1a: Garoua
|-damage|p1a: Garoua|0 fnt
|faint|p1a: Garoua
|
|-weather|RainDance|[upkeep]
|upkeep
|
|t:|1779806491
|switch|p1a: Crasher|Basculegion, M|41/100 tox
|-damage|p1a: Crasher|29/100 tox|[from] Stealth Rock
|turn|15
|
|t:|1779806497
|move|p1a: Crasher|Wave Crash|p2a: Dragonite
|-resisted|p2a: Dragonite
|-damage|p2a: Dragonite|0 fnt
|faint|p2a: Dragonite
|-damage|p1a: Crasher|25/100 tox|[from] Recoil
|
|-weather|RainDance|[upkeep]
|-damage|p1a: Crasher|19/100 tox|[from] psn
|upkeep
|
|t:|1779806506
|switch|p2a: Gholdengo|Gholdengo|100/100
|turn|16
|
|t:|1779806510
|move|p1a: Crasher|Wave Crash|p2a: Gholdengo
|-damage|p2a: Gholdengo|0 fnt
|faint|p2a: Gholdengo
|-damage|p1a: Crasher|0 fnt|[from] Recoil
|faint|p1a: Crasher
|
|-weather|none
|upkeep
|
|t:|1779806514
|switch|p2a: Latias|Latias, F|100/100
|switch|p1a: Check|Kingambit, F|100/100
|-damage|p1a: Check|94/100|[from] Stealth Rock
|-activate|p1a: Check|ability: Supreme Overlord
|-start|p1a: Check|fallen4|[silent]
|turn|17
|
|t:|1779806519
|-terastallize|p2a: Latias|Poison
|-terastallize|p1a: Check|Ghost
|move|p2a: Latias|Calm Mind|p2a: Latias
|-boost|p2a: Latias|spa|1
|-boost|p2a: Latias|spd|1
|move|p1a: Check|Kowtow Cleave|p2a: Latias
|-damage|p2a: Latias|31/100
|
|-heal|p2a: Latias|37/100|[from] item: Leftovers
|upkeep
|turn|18
|
|t:|1779806531
|move|p2a: Latias|Stored Power|p1a: Check
|-damage|p1a: Check|62/100
|move|p1a: Check|Kowtow Cleave|p2a: Latias
|-damage|p2a: Latias|0 fnt
|faint|p2a: Latias
|
|win|G-recike
|raw|G-recike's rating: 1410 &rarr; <strong>1430</strong><br />(+20 for winning)
|raw|jhondo's rating: 1402 &rarr; <strong>1382</strong><br />(-20 for losing)
|l|☆jhondo
|player|p2|
|l|☆G-recike
|player|p1|
