|j|☆xxxduqi
|j|☆tympole mybeloved
|t:|1779858015
|gametype|singles
|player|p1|xxxduqi|miku-flying|1507
|player|p2|tympole mybeloved|pokemonranger-gen4|1453
|gen|9
|tier|[Gen 9] OU
|rated|
|rule|HP Percentage Mod: HP is shown in percentages
|rule|Endless Battle Clause: Forcing endless battles is banned
|rule|Species Clause: Limit one of each Pokémon
|rule|OHKO Clause: OHKO moves are banned
|rule|Evasion Items Clause: Evasion items are banned
|rule|Evasion Moves Clause: Evasion moves are banned
|rule|Evasion Abilities Clause: Evasion abilities are banned
|rule|Sleep Moves Clause: Sleep-inducing moves are banned
|clearpoke
|poke|p1|Zapdos-Galar|
|poke|p1|Blissey, F|
|poke|p1|Darkrai|
|poke|p1|Gliscor, F|
|poke|p1|Skarmory, M|
|poke|p1|Pecharunt|
|poke|p2|Iron Treads|
|poke|p2|Dragonite, F|
|poke|p2|Arcanine-Hisui, F|
|poke|p2|Corviknight, M|
|poke|p2|Alomomola, M|
|poke|p2|Primarina, F|
|teampreview
|inactive|Battle timer is ON: inactive players will automatically lose when time's up. (requested by tympole mybeloved)
|inactive|xxxduqi also wants the timer to be on.
|
|t:|1779858027
|teamsize|p1|6
|teamsize|p2|6
|start
|switch|p1a: Zapdos|Zapdos-Galar|100/100
|switch|p2a: Oh no! A scarfer!|Arcanine-Hisui, F|100/100
|turn|1
|
|t:|1779858039
|switch|p2a: Corviking|Corviknight, M|100/100
|-ability|p2a: Corviking|Pressure
|switch|p1a: Gliscor|Gliscor, F|100/100
|
|-status|p1a: Gliscor|tox|[from] item: Toxic Orb
|upkeep
|turn|2
|
|t:|1779858048
|move|p1a: Gliscor|Knock Off|p2a: Corviking
|-damage|p2a: Corviking|89/100
|-damage|p1a: Gliscor|84/100 tox|[from] item: Rocky Helmet|[of] p2a: Corviking
|-enditem|p2a: Corviking|Rocky Helmet|[from] move: Knock Off|[of] p1a: Gliscor
|move|p2a: Corviking|U-turn|p1a: Gliscor
|-resisted|p1a: Gliscor
|-damage|p1a: Gliscor|78/100 tox
|
|t:|1779858058
|switch|p2a: Primal Rina|Primarina, F|100/100|[from] U-turn
|
|-heal|p1a: Gliscor|91/100 tox|[from] ability: Poison Heal
|upkeep
|turn|3
|
|t:|1779858068
|switch|p1a: Blissey|Blissey, F|100/100
|move|p2a: Primal Rina|Psychic Noise|p1a: Blissey
|-damage|p1a: Blissey|92/100
|-start|p1a: Blissey|move: Heal Block
|
|upkeep
|turn|4
|
|t:|1779858076
|move|p1a: Blissey|Stealth Rock|p2a: Primal Rina
|-sidestart|p2: tympole mybeloved|move: Stealth Rock
|move|p2a: Primal Rina|Flip Turn|p1a: Blissey
|-damage|p1a: Blissey|77/100
|
|t:|1779858084
|switch|p2a: Iron Rocks|Iron Treads|100/100|[from] Flip Turn
|-damage|p2a: Iron Rocks|97/100|[from] Stealth Rock
|
|-heal|p2a: Iron Rocks|100/100|[from] item: Leftovers
|-end|p1a: Blissey|move: Heal Block
|upkeep
|turn|5
|
|t:|1779858088
|switch|p1a: Pecharunt|Pecharunt|100/100
|-item|p1a: Pecharunt|Air Balloon
|move|p2a: Iron Rocks|Knock Off|p1a: Pecharunt
|-supereffective|p1a: Pecharunt
|-damage|p1a: Pecharunt|72/100
|-enditem|p1a: Pecharunt|Air Balloon
|
|upkeep
|turn|6
|
|t:|1779858099
|switch|p1a: Skarmory|Skarmory, M|100/100
|move|p2a: Iron Rocks|Stealth Rock|p1a: Skarmory
|-sidestart|p1: xxxduqi|move: Stealth Rock
|
|upkeep
|turn|7
|
|t:|1779858104
|move|p2a: Iron Rocks|Knock Off|p1a: Skarmory
|-crit|p1a: Skarmory
|-damage|p1a: Skarmory|78/100
|-damage|p2a: Iron Rocks|84/100|[from] item: Rocky Helmet|[of] p1a: Skarmory
|-enditem|p1a: Skarmory|Rocky Helmet|[from] move: Knock Off|[of] p2a: Iron Rocks
|move|p1a: Skarmory|Body Press|p2a: Iron Rocks
|-supereffective|p2a: Iron Rocks
|-damage|p2a: Iron Rocks|35/100
|
|-heal|p2a: Iron Rocks|41/100|[from] item: Leftovers
|upkeep
|turn|8
|
|t:|1779858113
|move|p2a: Iron Rocks|Volt Switch|p1a: Skarmory
|-supereffective|p1a: Skarmory
|-damage|p1a: Skarmory|47/100
|
|t:|1779858118
|-end|p2a: Iron Rocks|Quark Drive|[silent]
|switch|p2a: Corviking|Corviknight, M|89/100|[from] Volt Switch
|-damage|p2a: Corviking|76/100|[from] Stealth Rock
|-ability|p2a: Corviking|Pressure
|move|p1a: Skarmory|Spikes|p2a: Corviking
|-sidestart|p2: tympole mybeloved|Spikes
|
|upkeep
|turn|9
|
|t:|1779858129
|switch|p1a: Zapdos|Zapdos-Galar|100/100
|-damage|p1a: Zapdos|88/100|[from] Stealth Rock
|move|p2a: Corviking|Body Press|p1a: Zapdos
|-resisted|p1a: Zapdos
|-crit|p1a: Zapdos
|-damage|p1a: Zapdos|66/100
|
|upkeep
|turn|10
|
|t:|1779858139
|move|p1a: Zapdos|U-turn|p2a: Corviking
|-resisted|p2a: Corviking
|-damage|p2a: Corviking|71/100
|
|t:|1779858143
|switch|p1a: Gliscor|Gliscor, F|91/100 tox|[from] U-turn
|-damage|p1a: Gliscor|78/100 tox|[from] Stealth Rock
|move|p2a: Corviking|U-turn|p1a: Gliscor
|-resisted|p1a: Gliscor
|-damage|p1a: Gliscor|72/100 tox
|
|t:|1779858153
|switch|p2a: Alololola|Alomomola, M|100/100|[from] U-turn
|
|-heal|p1a: Gliscor|85/100 tox|[from] ability: Poison Heal
|upkeep
|turn|11
|
|t:|1779858156
|move|p1a: Gliscor|Knock Off|p2a: Alololola
|-damage|p2a: Alololola|83/100
|-enditem|p2a: Alololola|Heavy-Duty Boots|[from] move: Knock Off|[of] p1a: Gliscor
|move|p2a: Alololola|Wish|p2a: Alololola
|
|-heal|p1a: Gliscor|97/100 tox|[from] ability: Poison Heal
|upkeep
|turn|12
|
|t:|1779858162
|switch|p2a: Iron Rocks|Iron Treads|41/100
|-damage|p2a: Iron Rocks|38/100|[from] Stealth Rock
|-damage|p2a: Iron Rocks|25/100|[from] Spikes
|move|p1a: Gliscor|Protect||[still]
|-fail|p1a: Gliscor
|
|-heal|p2a: Iron Rocks|95/100|[from] move: Wish|[wisher] Alololola
|-heal|p2a: Iron Rocks|100/100|[from] item: Leftovers
|-heal|p1a: Gliscor|100/100 tox|[from] ability: Poison Heal
|upkeep
|turn|13
|
|t:|1779858177
|switch|p1a: Skarmory|Skarmory, M|47/100
|-damage|p1a: Skarmory|35/100|[from] Stealth Rock
|move|p2a: Iron Rocks|Rapid Spin|p1a: Skarmory
|-resisted|p1a: Skarmory
|-damage|p1a: Skarmory|31/100
|-boost|p2a: Iron Rocks|spe|1
|-sideend|p2: tympole mybeloved|Spikes|[from] move: Rapid Spin|[of] p2a: Iron Rocks
|-sideend|p2: tympole mybeloved|Stealth Rock|[from] move: Rapid Spin|[of] p2a: Iron Rocks
|
|upkeep
|turn|14
|
|t:|1779858186
|move|p2a: Iron Rocks|Volt Switch|p1a: Skarmory
|-supereffective|p1a: Skarmory
|-damage|p1a: Skarmory|2/100
|
|t:|1779858200
|-end|p2a: Iron Rocks|Quark Drive|[silent]
|switch|p2a: Banded DDance|Dragonite, F|100/100|[from] Volt Switch
|move|p1a: Skarmory|Roost|p1a: Skarmory
|-heal|p1a: Skarmory|52/100
|-singleturn|p1a: Skarmory|move: Roost
|
|upkeep
|turn|15
|
|t:|1779858212
|move|p1a: Skarmory|Roost|p1a: Skarmory
|-heal|p1a: Skarmory|100/100
|-singleturn|p1a: Skarmory|move: Roost
|move|p2a: Banded DDance|Outrage|p1a: Skarmory
|-resisted|p1a: Skarmory
|-damage|p1a: Skarmory|66/100
|
|upkeep
|turn|16
|
|t:|1779858224
|move|p1a: Skarmory|Spikes|p2a: Banded DDance
|-sidestart|p2: tympole mybeloved|Spikes
|move|p2a: Banded DDance|Outrage|p1a: Skarmory|[from] lockedmove
|-resisted|p1a: Skarmory
|-damage|p1a: Skarmory|33/100
|-start|p2a: Banded DDance|confusion|[fatigue]
|
|upkeep
|turn|17
|
|t:|1779858235
|switch|p2a: Iron Rocks|Iron Treads|100/100
|-damage|p2a: Iron Rocks|88/100|[from] Spikes
|move|p1a: Skarmory|Roost|p1a: Skarmory
|-heal|p1a: Skarmory|83/100
|-singleturn|p1a: Skarmory|move: Roost
|
|-heal|p2a: Iron Rocks|94/100|[from] item: Leftovers
|upkeep
|turn|18
|
|t:|1779858240
|move|p2a: Iron Rocks|Rapid Spin|p1a: Skarmory
|-resisted|p1a: Skarmory
|-damage|p1a: Skarmory|79/100
|-boost|p2a: Iron Rocks|spe|1
|-sideend|p2: tympole mybeloved|Spikes|[from] move: Rapid Spin|[of] p2a: Iron Rocks
|move|p1a: Skarmory|Body Press|p2a: Iron Rocks
|-supereffective|p2a: Iron Rocks
|-damage|p2a: Iron Rocks|46/100
|
|-heal|p2a: Iron Rocks|53/100|[from] item: Leftovers
|upkeep
|turn|19
|
|t:|1779858250
|move|p2a: Iron Rocks|Volt Switch|p1a: Skarmory
|-supereffective|p1a: Skarmory
|-damage|p1a: Skarmory|50/100
|
|t:|1779858253
|-end|p2a: Iron Rocks|Quark Drive|[silent]
|switch|p2a: Corviking|Corviknight, M|71/100|[from] Volt Switch
|-ability|p2a: Corviking|Pressure
|move|p1a: Skarmory|Spikes|p2a: Corviking
|-sidestart|p2: tympole mybeloved|Spikes
|
|upkeep
|turn|20
|
|t:|1779858263
|move|p1a: Skarmory|Roost|p1a: Skarmory
|-heal|p1a: Skarmory|99/100
|-singleturn|p1a: Skarmory|move: Roost
|move|p2a: Corviking|U-turn|p1a: Skarmory
|-resisted|p1a: Skarmory
|-damage|p1a: Skarmory|95/100
|
|t:|1779858269
|switch|p2a: Alololola|Alomomola, M|100/100|[from] U-turn
|-damage|p2a: Alololola|88/100|[from] Spikes
|
|upkeep
|turn|21
|
|t:|1779858271
|move|p2a: Alololola|Wish|p2a: Alololola
|move|p1a: Skarmory|Whirlwind|p2a: Alololola
|drag|p2a: Corviking|Corviknight, M|71/100
|-ability|p2a: Corviking|Pressure
|
|upkeep
|turn|22
|
|t:|1779858278
|move|p2a: Corviking|U-turn|p1a: Skarmory
|-resisted|p1a: Skarmory
|-damage|p1a: Skarmory|93/100
|
|t:|1779858281
|switch|p2a: Iron Rocks|Iron Treads|53/100|[from] U-turn
|-damage|p2a: Iron Rocks|40/100|[from] Spikes
|move|p1a: Skarmory|Whirlwind|p2a: Iron Rocks
|-end|p2a: Iron Rocks|Quark Drive|[silent]
|drag|p2a: Banded DDance|Dragonite, F|100/100
|
|upkeep
|turn|23
|
|t:|1779858293
|move|p1a: Skarmory|Spikes|p2a: Banded DDance
|-sidestart|p2: tympole mybeloved|Spikes
|move|p2a: Banded DDance|Dragon Tail|p1a: Skarmory
|-resisted|p1a: Skarmory
|-damage|p1a: Skarmory|77/100
|drag|p1a: Pecharunt|Pecharunt|72/100
|-damage|p1a: Pecharunt|60/100|[from] Stealth Rock
|
|upkeep
|turn|24
|
|t:|1779858304
|switch|p2a: Corviking|Corviknight, M|71/100
|-ability|p2a: Corviking|Pressure
|move|p1a: Pecharunt|Malignant Chain|p2a: Corviking
|-immune|p2a: Corviking
|
|upkeep
|turn|25
|
|t:|1779858313
|move|p1a: Pecharunt|Recover|p1a: Pecharunt
|-heal|p1a: Pecharunt|100/100
|move|p2a: Corviking|Roost|p2a: Corviking
|-heal|p2a: Corviking|100/100
|-singleturn|p2a: Corviking|move: Roost
|
|upkeep
|turn|26
|
|t:|1779858316
|move|p1a: Pecharunt|Shadow Ball|p2a: Corviking
|-damage|p2a: Corviking|77/100
|move|p2a: Corviking|U-turn|p1a: Pecharunt
|-resisted|p1a: Pecharunt
|-damage|p1a: Pecharunt|98/100
|
|t:|1779858328
|switch|p2a: Alololola|Alomomola, M|100/100|[from] U-turn
|-damage|p2a: Alololola|84/100|[from] Spikes
|
|upkeep
|turn|27
|
|t:|1779858330
|move|p1a: Pecharunt|Parting Shot|p2a: Alololola
|-unboost|p2a: Alololola|atk|1
|-unboost|p2a: Alololola|spa|1
|
|t:|1779858332
|switch|p1a: Skarmory|Skarmory, M|77/100|[from] Parting Shot
|-damage|p1a: Skarmory|65/100|[from] Stealth Rock
|move|p2a: Alololola|Wish|p2a: Alololola
|
|upkeep
|turn|28
|
|t:|1779858340
|move|p2a: Alololola|Flip Turn|p1a: Skarmory
|-damage|p1a: Skarmory|57/100
|
|t:|1779858344
|switch|p2a: Corviking|Corviknight, M|77/100|[from] Flip Turn
|-ability|p2a: Corviking|Pressure
|move|p1a: Skarmory|Whirlwind|p2a: Corviking
|drag|p2a: Alololola|Alomomola, M|100/100
|-damage|p2a: Alololola|84/100|[from] Spikes
|
|-heal|p2a: Alololola|100/100|[from] move: Wish|[wisher] Alololola
|upkeep
|turn|29
|
|t:|1779858357
|move|p1a: Skarmory|Spikes|p2a: Alololola
|-sidestart|p2: tympole mybeloved|Spikes
|move|p2a: Alololola|Wish|p2a: Alololola
|
|upkeep
|turn|30
|
|t:|1779858360
|move|p2a: Alololola|Flip Turn|p1a: Skarmory
|-damage|p1a: Skarmory|48/100
|
|t:|1779858363
|switch|p2a: Corviking|Corviknight, M|77/100|[from] Flip Turn
|-ability|p2a: Corviking|Pressure
|move|p1a: Skarmory|Whirlwind|p2a: Corviking
|drag|p2a: Banded DDance|Dragonite, F|100/100
|
|upkeep
|turn|31
|
|t:|1779858374
|switch|p2a: Corviking|Corviknight, M|77/100
|-ability|p2a: Corviking|Pressure
|move|p1a: Skarmory|Roost|p1a: Skarmory
|-heal|p1a: Skarmory|98/100
|-singleturn|p1a: Skarmory|move: Roost
|
|upkeep
|turn|32
|
|t:|1779858380
|switch|p1a: Blissey|Blissey, F|77/100
|move|p2a: Corviking|Defog|p1a: Blissey
|-unboost|p1a: Blissey|evasion|1
|-sideend|p1: xxxduqi|Stealth Rock|[from] move: Defog|[of] p2a: Corviking
|-sideend|p2: tympole mybeloved|Spikes|[from] move: Defog|[of] p2a: Corviking
|
|upkeep
|turn|33
|
|t:|1779858387
|move|p1a: Blissey|Stealth Rock|p2a: Corviking
|-sidestart|p2: tympole mybeloved|move: Stealth Rock
|move|p2a: Corviking|Body Press|p1a: Blissey
|-supereffective|p1a: Blissey
|-damage|p1a: Blissey|18/100
|
|upkeep
|turn|34
|
|t:|1779858397
|switch|p1a: Gliscor|Gliscor, F|100/100 tox
|move|p2a: Corviking|U-turn|p1a: Gliscor
|-resisted|p1a: Gliscor
|-damage|p1a: Gliscor|95/100 tox
|
|t:|1779858404
|switch|p2a: Alololola|Alomomola, M|100/100|[from] U-turn
|-damage|p2a: Alololola|88/100|[from] Stealth Rock
|
|-heal|p1a: Gliscor|100/100 tox|[from] ability: Poison Heal
|upkeep
|turn|35
|
|t:|1779858407
|switch|p1a: Skarmory|Skarmory, M|98/100
|move|p2a: Alololola|Wish|p2a: Alololola
|
|upkeep
|turn|36
|
|t:|1779858411
|move|p2a: Alololola|Flip Turn|p1a: Skarmory
|-damage|p1a: Skarmory|87/100
|
|t:|1779858414
|switch|p2a: Corviking|Corviknight, M|77/100|[from] Flip Turn
|-damage|p2a: Corviking|64/100|[from] Stealth Rock
|-ability|p2a: Corviking|Pressure
|move|p1a: Skarmory|Whirlwind|p2a: Corviking
|drag|p2a: Alololola|Alomomola, M|100/100
|-damage|p2a: Alololola|88/100|[from] Stealth Rock
|
|-heal|p2a: Alololola|100/100|[from] move: Wish|[wisher] Alololola
|upkeep
|turn|37
|
|t:|1779858423
|move|p1a: Skarmory|Spikes|p2a: Alololola
|-sidestart|p2: tympole mybeloved|Spikes
|move|p2a: Alololola|Flip Turn|p1a: Skarmory
|-damage|p1a: Skarmory|77/100
|
|t:|1779858429
|switch|p2a: Corviking|Corviknight, M|64/100|[from] Flip Turn
|-damage|p2a: Corviking|52/100|[from] Stealth Rock
|-ability|p2a: Corviking|Pressure
|
|upkeep
|turn|38
|
|t:|1779858434
|switch|p1a: Zapdos|Zapdos-Galar|66/100
|move|p2a: Corviking|Defog|p1a: Zapdos
|-unboost|p1a: Zapdos|evasion|1
|-ability|p1a: Zapdos|Defiant|boost
|-boost|p1a: Zapdos|atk|2
|-sideend|p2: tympole mybeloved|Spikes|[from] move: Defog|[of] p2a: Corviking
|-sideend|p2: tympole mybeloved|Stealth Rock|[from] move: Defog|[of] p2a: Corviking
|
|upkeep
|turn|39
|
|t:|1779858453
|switch|p2a: Banded DDance|Dragonite, F|100/100
|move|p1a: Zapdos|Brave Bird|p2a: Banded DDance
|-damage|p2a: Banded DDance|12/100
|-damage|p1a: Zapdos|31/100|[from] Recoil
|
|upkeep
|turn|40
|
|t:|1779858460
|move|p2a: Banded DDance|Extreme Speed|p1a: Zapdos
|-crit|p1a: Zapdos
|-damage|p1a: Zapdos|0 fnt
|faint|p1a: Zapdos
|
|upkeep
|
|t:|1779858464
|switch|p1a: Darkrai|Darkrai|100/100
|turn|41
|
|t:|1779858471
|switch|p2a: Primal Rina|Primarina, F|100/100
|move|p1a: Darkrai|Dark Pulse|p2a: Primal Rina
|-resisted|p2a: Primal Rina
|-damage|p2a: Primal Rina|90/100
|
|upkeep
|turn|42
|
|t:|1779858479
|-terastallize|p1a: Darkrai|Poison
|move|p1a: Darkrai|Sludge Bomb|p2a: Primal Rina
|-supereffective|p2a: Primal Rina
|-damage|p2a: Primal Rina|40/100
|-status|p2a: Primal Rina|psn
|move|p2a: Primal Rina|Moonblast|p1a: Darkrai
|-resisted|p1a: Darkrai
|-damage|p1a: Darkrai|65/100
|-unboost|p1a: Darkrai|spa|1
|
|-damage|p2a: Primal Rina|27/100 psn|[from] psn
|upkeep
|turn|43
|
|t:|1779858491
|switch|p2a: Corviking|Corviknight, M|52/100
|-ability|p2a: Corviking|Pressure
|move|p1a: Darkrai|Sludge Bomb|p2a: Corviking
|-immune|p2a: Corviking
|
|upkeep
|turn|44
|
|t:|1779858498
|switch|p1a: Skarmory|Skarmory, M|77/100
|move|p2a: Corviking|U-turn|p1a: Skarmory
|-resisted|p1a: Skarmory
|-damage|p1a: Skarmory|75/100
|
|t:|1779858504
|switch|p2a: Oh no! A scarfer!|Arcanine-Hisui, F|100/100|[from] U-turn
|
|upkeep
|turn|45
|
|t:|1779858509
|switch|p1a: Gliscor|Gliscor, F|100/100 tox
|move|p2a: Oh no! A scarfer!|Flare Blitz|p1a: Gliscor
|-damage|p1a: Gliscor|49/100 tox
|
|-heal|p1a: Gliscor|62/100 tox|[from] ability: Poison Heal
|upkeep
|turn|46
|
|t:|1779858519
|move|p1a: Gliscor|Protect|p1a: Gliscor
|-singleturn|p1a: Gliscor|Protect
|move|p2a: Oh no! A scarfer!|Flare Blitz|p1a: Gliscor
|-activate|p1a: Gliscor|move: Protect
|
|-heal|p1a: Gliscor|74/100 tox|[from] ability: Poison Heal
|upkeep
|turn|47
|
|t:|1779858522
|move|p2a: Oh no! A scarfer!|Flare Blitz|p1a: Gliscor
|-damage|p1a: Gliscor|23/100 tox
|move|p1a: Gliscor|Knock Off|p2a: Oh no! A scarfer!
|-damage|p2a: Oh no! A scarfer!|75/100
|-enditem|p2a: Oh no! A scarfer!|Choice Scarf|[from] move: Knock Off|[of] p1a: Gliscor
|
|-heal|p1a: Gliscor|35/100 tox|[from] ability: Poison Heal
|upkeep
|turn|48
|
|t:|1779858530
|move|p1a: Gliscor|Protect|p1a: Gliscor
|-singleturn|p1a: Gliscor|Protect
|move|p2a: Oh no! A scarfer!|Flare Blitz|p1a: Gliscor
|-activate|p1a: Gliscor|move: Protect
|
|-heal|p1a: Gliscor|48/100 tox|[from] ability: Poison Heal
|upkeep
|turn|49
|
|t:|1779858534
|switch|p1a: Pecharunt|Pecharunt|98/100
|move|p2a: Oh no! A scarfer!|Flare Blitz|p1a: Pecharunt
|-damage|p1a: Pecharunt|59/100
|
|upkeep
|turn|50
|
|t:|1779858543
|switch|p2a: Alololola|Alomomola, M|100/100
|move|p1a: Pecharunt|Recover|p1a: Pecharunt
|-heal|p1a: Pecharunt|100/100
|
|upkeep
|turn|51
|
|t:|1779858548
|move|p1a: Pecharunt|Malignant Chain|p2a: Alololola
|-damage|p2a: Alololola|80/100
|-status|p2a: Alololola|tox
|-start|p2a: Alololola|confusion|[from] ability: Poison Puppeteer|[of] p1a: Pecharunt
|-activate|p2a: Alololola|confusion
|-damage|p2a: Alololola|74/100 tox|[from] confusion
|
|-damage|p2a: Alololola|68/100 tox|[from] psn
|upkeep
|turn|52
|
|t:|1779858557
|move|p1a: Pecharunt|Shadow Ball|p2a: Alololola
|-damage|p2a: Alololola|49/100 tox
|-end|p2a: Alololola|confusion
|move|p2a: Alololola|Wish|p2a: Alololola
|
|-damage|p2a: Alololola|37/100 tox|[from] psn
|upkeep
|turn|53
|
|t:|1779858564
|switch|p2a: Iron Rocks|Iron Treads|40/100
|move|p1a: Pecharunt|Malignant Chain|p2a: Iron Rocks
|-immune|p2a: Iron Rocks
|
|-heal|p2a: Iron Rocks|100/100|[from] move: Wish|[wisher] Alololola
|upkeep
|turn|54
|
|t:|1779858574
|move|p2a: Iron Rocks|Stealth Rock|p1a: Pecharunt
|-sidestart|p1: xxxduqi|move: Stealth Rock
|move|p1a: Pecharunt|Parting Shot|p2a: Iron Rocks
|-unboost|p2a: Iron Rocks|atk|1
|-unboost|p2a: Iron Rocks|spa|1
|
|t:|1779858582
|switch|p1a: Gliscor|Gliscor, F|48/100 tox|[from] Parting Shot
|-damage|p1a: Gliscor|35/100 tox|[from] Stealth Rock
|
|-heal|p1a: Gliscor|48/100 tox|[from] ability: Poison Heal
|upkeep
|turn|55
|
|t:|1779858592
|-end|p2a: Iron Rocks|Quark Drive|[silent]
|switch|p2a: Alololola|Alomomola, M|70/100 tox
|move|p1a: Gliscor|Knock Off|p2a: Alololola
|-damage|p2a: Alololola|59/100 tox
|
|-heal|p1a: Gliscor|60/100 tox|[from] ability: Poison Heal
|-damage|p2a: Alololola|53/100 tox|[from] psn
|upkeep
|turn|56
|
|t:|1779858600
|move|p1a: Gliscor|Swords Dance|p1a: Gliscor
|-boost|p1a: Gliscor|atk|2
|move|p2a: Alololola|Wish|p2a: Alololola
|
|-heal|p1a: Gliscor|73/100 tox|[from] ability: Poison Heal
|-damage|p2a: Alololola|41/100 tox|[from] psn
|upkeep
|turn|57
|
|t:|1779858605
|move|p1a: Gliscor|Protect|p1a: Gliscor
|-singleturn|p1a: Gliscor|Protect
|move|p2a: Alololola|Protect||[still]
|-fail|p2a: Alololola
|
|-heal|p2a: Alololola|91/100 tox|[from] move: Wish|[wisher] Alololola
|-heal|p1a: Gliscor|85/100 tox|[from] ability: Poison Heal
|-damage|p2a: Alololola|72/100 tox|[from] psn
|upkeep
|turn|58
|
|t:|1779858615
|move|p1a: Gliscor|Swords Dance|p1a: Gliscor
|-boost|p1a: Gliscor|atk|2
|move|p2a: Alololola|Flip Turn|p1a: Gliscor
|-supereffective|p1a: Gliscor
|-damage|p1a: Gliscor|60/100 tox
|inactive|tympole mybeloved has 120 seconds left.
|
|t:|1779858646
|switch|p2a: Oh no! A scarfer!|Arcanine-Hisui, F|75/100|[from] Flip Turn
|
|-heal|p1a: Gliscor|72/100 tox|[from] ability: Poison Heal
|upkeep
|turn|59
|inactive|tympole mybeloved has 120 seconds left.
|
|t:|1779858661
|move|p1a: Gliscor|Protect|p1a: Gliscor
|-singleturn|p1a: Gliscor|Protect
|move|p2a: Oh no! A scarfer!|Flare Blitz|p1a: Gliscor
|-activate|p1a: Gliscor|move: Protect
|
|-heal|p1a: Gliscor|85/100 tox|[from] ability: Poison Heal
|upkeep
|turn|60
|inactive|tympole mybeloved has 120 seconds left.
|
|t:|1779858668
|move|p2a: Oh no! A scarfer!|Head Smash|p1a: Gliscor
|-damage|p1a: Gliscor|27/100 tox
|move|p1a: Gliscor|Knock Off|p2a: Oh no! A scarfer!
|-damage|p2a: Oh no! A scarfer!|27/100
|
|-heal|p1a: Gliscor|39/100 tox|[from] ability: Poison Heal
|upkeep
|turn|61
|inactive|tympole mybeloved has 120 seconds left.
|
|t:|1779858679
|switch|p2a: Alololola|Alomomola, M|100/100 tox
|move|p1a: Gliscor|Protect||[still]
|-fail|p1a: Gliscor
|
|-heal|p1a: Gliscor|52/100 tox|[from] ability: Poison Heal
|-damage|p2a: Alololola|94/100 tox|[from] psn
|upkeep
|turn|62
|
|t:|1779858688
|move|p1a: Gliscor|Swords Dance|p1a: Gliscor
|-boost|p1a: Gliscor|atk|2
|move|p2a: Alololola|Flip Turn|p1a: Gliscor
|-supereffective|p1a: Gliscor
|-damage|p1a: Gliscor|24/100 tox
|
|t:|1779858697
|switch|p2a: Oh no! A scarfer!|Arcanine-Hisui, F|27/100|[from] Flip Turn
|
|-heal|p1a: Gliscor|37/100 tox|[from] ability: Poison Heal
|upkeep
|turn|63
|
|t:|1779858703
|move|p1a: Gliscor|Protect|p1a: Gliscor
|-singleturn|p1a: Gliscor|Protect
|move|p2a: Oh no! A scarfer!|Flare Blitz|p1a: Gliscor
|-activate|p1a: Gliscor|move: Protect
|
|-heal|p1a: Gliscor|49/100 tox|[from] ability: Poison Heal
|upkeep
|turn|64
|
|t:|1779858709
|switch|p1a: Pecharunt|Pecharunt|100/100
|-damage|p1a: Pecharunt|88/100|[from] Stealth Rock
|move|p2a: Oh no! A scarfer!|Head Smash|p1a: Pecharunt
|-damage|p1a: Pecharunt|38/100
|
|upkeep
|turn|65
|
|t:|1779858716
|switch|p2a: Iron Rocks|Iron Treads|100/100
|move|p1a: Pecharunt|Shadow Ball|p2a: Iron Rocks
|-damage|p2a: Iron Rocks|73/100
|-unboost|p2a: Iron Rocks|spd|1
|
|-heal|p2a: Iron Rocks|79/100|[from] item: Leftovers
|upkeep
|turn|66
|
|t:|1779858726
|move|p2a: Iron Rocks|Knock Off|p1a: Pecharunt
|-supereffective|p1a: Pecharunt
|-damage|p1a: Pecharunt|19/100
|move|p1a: Pecharunt|Recover|p1a: Pecharunt
|-heal|p1a: Pecharunt|69/100
|
|-heal|p2a: Iron Rocks|85/100|[from] item: Leftovers
|upkeep
|turn|67
|
|t:|1779858734
|-end|p2a: Iron Rocks|Quark Drive|[silent]
|switch|p2a: Alololola|Alomomola, M|100/100 tox
|move|p1a: Pecharunt|Recover|p1a: Pecharunt
|-heal|p1a: Pecharunt|100/100
|
|-damage|p2a: Alololola|94/100 tox|[from] psn
|upkeep
|turn|68
|
|t:|1779858737
|move|p1a: Pecharunt|Parting Shot|p2a: Alololola
|-unboost|p2a: Alololola|atk|1
|-unboost|p2a: Alololola|spa|1
|
|t:|1779858739
|switch|p1a: Blissey|Blissey, F|18/100|[from] Parting Shot
|move|p2a: Alololola|Wish|p2a: Alololola
|
|-damage|p2a: Alololola|82/100 tox|[from] psn
|upkeep
|turn|69
|
|t:|1779858745
|move|p1a: Blissey|Soft-Boiled|p1a: Blissey
|-heal|p1a: Blissey|68/100
|move|p2a: Alololola|Flip Turn|p1a: Blissey
|-damage|p1a: Blissey|56/100
|
|t:|1779858753
|switch|p2a: Banded DDance|Dragonite, F|12/100|[from] Flip Turn
|
|-heal|p2a: Banded DDance|81/100|[from] move: Wish|[wisher] Alololola
|upkeep
|turn|70
|
|t:|1779858760
|move|p2a: Banded DDance|Outrage|p1a: Blissey
|-damage|p1a: Blissey|0 fnt
|faint|p1a: Blissey
|
|upkeep
|
|t:|1779858763
|switch|p1a: Skarmory|Skarmory, M|75/100
|-damage|p1a: Skarmory|63/100|[from] Stealth Rock
|turn|71
|
|t:|1779858767
|move|p1a: Skarmory|Spikes|p2a: Banded DDance
|-sidestart|p2: tympole mybeloved|Spikes
|move|p2a: Banded DDance|Outrage|p1a: Skarmory|[from] lockedmove
|-resisted|p1a: Skarmory
|-damage|p1a: Skarmory|32/100
|-start|p2a: Banded DDance|confusion|[fatigue]
|
|upkeep
|turn|72
|
|t:|1779858771
|move|p1a: Skarmory|Roost|p1a: Skarmory
|-heal|p1a: Skarmory|82/100
|-singleturn|p1a: Skarmory|move: Roost
|-activate|p2a: Banded DDance|confusion
|-damage|p2a: Banded DDance|67/100|[from] confusion
|
|upkeep
|turn|73
|
|t:|1779858775
|switch|p2a: Corviking|Corviknight, M|52/100
|-ability|p2a: Corviking|Pressure
|move|p1a: Skarmory|Spikes|p2a: Corviking
|-sidestart|p2: tympole mybeloved|Spikes
|
|upkeep
|turn|74
|
|t:|1779858783
|move|p1a: Skarmory|Spikes|p2a: Corviking
|-sidestart|p2: tympole mybeloved|Spikes
|move|p2a: Corviking|Roost|p2a: Corviking
|-heal|p2a: Corviking|100/100
|-singleturn|p2a: Corviking|move: Roost
|
|upkeep
|turn|75
|
|t:|1779858789
|move|p1a: Skarmory|Spikes||[still]
|-fail|p1a: Skarmory
|move|p2a: Corviking|Defog|p1a: Skarmory
|-unboost|p1a: Skarmory|evasion|1
|-sideend|p1: xxxduqi|Stealth Rock|[from] move: Defog|[of] p2a: Corviking
|-sideend|p2: tympole mybeloved|Spikes|[from] move: Defog|[of] p2a: Corviking
|
|upkeep
|turn|76
|
|t:|1779858796
|move|p1a: Skarmory|Spikes|p2a: Corviking
|-sidestart|p2: tympole mybeloved|Spikes
|move|p2a: Corviking|Body Press|p1a: Skarmory
|-damage|p1a: Skarmory|65/100
|
|upkeep
|turn|77
|
|t:|1779858802
|switch|p1a: Pecharunt|Pecharunt|100/100
|move|p2a: Corviking|U-turn|p1a: Pecharunt
|-resisted|p1a: Pecharunt
|-damage|p1a: Pecharunt|98/100
|
|t:|1779858809
|switch|p2a: Iron Rocks|Iron Treads|85/100|[from] U-turn
|-damage|p2a: Iron Rocks|73/100|[from] Spikes
|
|-heal|p2a: Iron Rocks|79/100|[from] item: Leftovers
|upkeep
|turn|78
|
|t:|1779858813
|move|p2a: Iron Rocks|Stealth Rock|p1a: Pecharunt
|-sidestart|p1: xxxduqi|move: Stealth Rock
|move|p1a: Pecharunt|Shadow Ball|p2a: Iron Rocks
|-damage|p2a: Iron Rocks|49/100
|
|-heal|p2a: Iron Rocks|55/100|[from] item: Leftovers
|upkeep
|turn|79
|
|t:|1779858822
|-end|p2a: Iron Rocks|Quark Drive|[silent]
|switch|p2a: Alololola|Alomomola, M|100/100 tox
|-damage|p2a: Alololola|88/100 tox|[from] Spikes
|move|p1a: Pecharunt|Shadow Ball|p2a: Alololola
|-damage|p2a: Alololola|71/100 tox
|
|-damage|p2a: Alololola|64/100 tox|[from] psn
|upkeep
|turn|80
|
|t:|1779858831
|move|p1a: Pecharunt|Malignant Chain|p2a: Alololola
|-damage|p2a: Alololola|43/100 tox
|move|p2a: Alololola|Wish|p2a: Alololola
|
|-damage|p2a: Alololola|30/100 tox|[from] psn
|upkeep
|turn|81
|
|t:|1779858840
|move|p1a: Pecharunt|Malignant Chain|p2a: Alololola
|-damage|p2a: Alololola|7/100 tox
|move|p2a: Alololola|Flip Turn|p1a: Pecharunt
|-damage|p1a: Pecharunt|88/100
|
|t:|1779858855
|switch|p2a: Primal Rina|Primarina, F|27/100 psn|[from] Flip Turn
|-damage|p2a: Primal Rina|15/100 psn|[from] Spikes
|
|-heal|p2a: Primal Rina|88/100 psn|[from] move: Wish|[wisher] Alololola
|-damage|p2a: Primal Rina|76/100 psn|[from] psn
|upkeep
|turn|82
|
|t:|1779858864
|switch|p2a: Corviking|Corviknight, M|100/100
|-ability|p2a: Corviking|Pressure
|move|p1a: Pecharunt|Malignant Chain|p2a: Corviking
|-immune|p2a: Corviking
|
|upkeep
|turn|83
|
|t:|1779858873
|move|p1a: Pecharunt|Parting Shot|p2a: Corviking
|-unboost|p2a: Corviking|atk|1
|-unboost|p2a: Corviking|spa|1
|
|t:|1779858875
|switch|p1a: Darkrai|Darkrai, tera:Poison|65/100|[from] Parting Shot
|move|p2a: Corviking|U-turn|p1a: Darkrai
|-resisted|p1a: Darkrai
|-damage|p1a: Darkrai|59/100
|
|t:|1779858887
|switch|p2a: Banded DDance|Dragonite, F|67/100|[from] U-turn
|
|upkeep
|turn|84
|
|t:|1779858899
|-terastallize|p2a: Banded DDance|Normal
|move|p2a: Banded DDance|Extreme Speed|p1a: Darkrai
|-damage|p1a: Darkrai|0 fnt
|faint|p1a: Darkrai
|
|upkeep
|-message|xxxduqi forfeited.
|
|win|tympole mybeloved
|raw|xxxduqi's rating: 1507 &rarr; <strong>1484</strong><br />(-23 for losing)
|raw|tympole mybeloved's rating: 1453 &rarr; <strong>1476</strong><br />(+23 for winning)
|l|☆xxxduqi
|player|p1|
