|j|☆sargentomichoo
|j|☆JGLoryOG
|t:|1779873083
|gametype|singles
|player|p1|sargentomichoo|170|1176
|player|p2|JGLoryOG|265|1171
|gen|9
|tier|[Gen 9] OU
|rated|
|rule|HP Percentage Mod: HP is shown in percentages
|rule|Endless Battle Clause: Forcing endless battles is banned
|rule|Species Clause: Limit one of each Pokémon
|rule|OHKO Clause: OHKO moves are banned
|rule|Evasion Items Clause: Evasion items are banned
|rule|Evasion Moves Clause: Evasion moves are banned
|rule|Evasion Abilities Clause: Evasion abilities are banned
|rule|Sleep Moves Clause: Sleep-inducing moves are banned
|clearpoke
|poke|p1|Gardevoir, M|
|poke|p1|Masquerain, F|
|poke|p1|Scizor, F|
|poke|p1|Slowbro, F|
|poke|p1|Typhlosion, M|
|poke|p1|Stantler, F|
|poke|p2|Cinderace, M|
|poke|p2|Garganacl, M|
|poke|p2|Primarina, F|
|poke|p2|Gliscor, M|
|poke|p2|Espeon, M|
|poke|p2|Mew|
|teampreview
|
|t:|1779873090
|teamsize|p1|6
|teamsize|p2|6
|start
|switch|p1a: Masquerain|Masquerain, F|100/100
|switch|p2a: Mew|Mew, shiny|100/100
|-ability|p1a: Masquerain|Intimidate|boost
|-unboost|p2a: Mew|atk|1
|turn|1
|inactive|Battle timer is ON: inactive players will automatically lose when time's up. (requested by sargentomichoo)
|
|t:|1779873108
|move|p1a: Masquerain|Air Slash|p2a: Mew
|-damage|p2a: Mew|73/100
|move|p2a: Mew|Toxic|p1a: Masquerain
|-status|p1a: Masquerain|tox
|
|-heal|p2a: Mew|79/100|[from] item: Leftovers
|-damage|p1a: Masquerain|94/100 tox|[from] psn
|upkeep
|turn|2
|
|t:|1779873118
|move|p2a: Mew|Protect|p2a: Mew
|-singleturn|p2a: Mew|Protect
|move|p1a: Masquerain|Air Slash|p2a: Mew
|-activate|p2a: Mew|move: Protect
|
|-heal|p2a: Mew|85/100|[from] item: Leftovers
|-damage|p1a: Masquerain|82/100 tox|[from] psn
|upkeep
|turn|3
|
|t:|1779873130
|switch|p2a: Mikido|Gliscor, M, shiny|100/100
|move|p1a: Masquerain|Air Slash|p2a: Mikido
|-damage|p2a: Mikido|56/100
|
|-damage|p1a: Masquerain|64/100 tox|[from] psn
|-status|p2a: Mikido|tox|[from] item: Toxic Orb
|upkeep
|turn|4
|
|t:|1779873143
|move|p2a: Mikido|Protect|p2a: Mikido
|-singleturn|p2a: Mikido|Protect
|move|p1a: Masquerain|Sticky Web|p2a: Mikido
|-sidestart|p2: JGLoryOG|move: Sticky Web
|
|-damage|p1a: Masquerain|40/100 tox|[from] psn
|-heal|p2a: Mikido|68/100 tox|[from] ability: Poison Heal
|upkeep
|turn|5
|
|t:|1779873151
|move|p1a: Masquerain|Hydro Pump|p2a: Mikido
|-supereffective|p2a: Mikido
|-damage|p2a: Mikido|0 fnt
|faint|p2a: Mikido
|
|-damage|p1a: Masquerain|10/100 tox|[from] psn
|upkeep
|
|t:|1779873160
|switch|p2a: Leon|Cinderace, M, shiny|100/100
|turn|6
|
|t:|1779873168
|move|p2a: Leon|Court Change|p2a: Leon
|-start|p2a: Leon|typechange|Normal|[from] ability: Libero
|-swapsideconditions
|-activate|p2a: Leon|move: Court Change
|move|p1a: Masquerain|Sticky Web|p2a: Leon
|-sidestart|p2: JGLoryOG|move: Sticky Web
|
|-damage|p1a: Masquerain|0 fnt|[from] psn
|faint|p1a: Masquerain
|upkeep
|
|t:|1779873180
|switch|p1a: Slowbro|Slowbro, F|100/100
|-activate|p1a: Slowbro|move: Sticky Web
|-unboost|p1a: Slowbro|spe|1
|turn|7
|
|t:|1779873186
|move|p2a: Leon|U-turn|p1a: Slowbro
|-supereffective|p1a: Slowbro
|-damage|p1a: Slowbro|66/100
|
|t:|1779873190
|switch|p2a: Mew|Mew, shiny|85/100|[from] U-turn
|-activate|p2a: Mew|move: Sticky Web
|-unboost|p2a: Mew|spe|1
|move|p1a: Slowbro|Scald|p2a: Mew
|-damage|p2a: Mew|56/100
|
|-heal|p2a: Mew|62/100|[from] item: Leftovers
|upkeep
|turn|8
|
|t:|1779873202
|switch|p1a: Scizor|Scizor, F|100/100
|-activate|p1a: Scizor|move: Sticky Web
|-unboost|p1a: Scizor|spe|1
|move|p2a: Mew|Protect||[still]
|-fail|p2a: Mew
|
|-heal|p2a: Mew|68/100|[from] item: Leftovers
|upkeep
|turn|9
|
|t:|1779873212
|move|p2a: Mew|Will-O-Wisp|p1a: Scizor
|-status|p1a: Scizor|brn
|move|p1a: Scizor|Knock Off|p2a: Mew
|-supereffective|p2a: Mew
|-damage|p2a: Mew|45/100
|-enditem|p2a: Mew|Leftovers|[from] move: Knock Off|[of] p1a: Scizor
|
|-damage|p1a: Scizor|94/100 brn|[from] brn
|upkeep
|turn|10
|
|t:|1779873228
|move|p2a: Mew|Protect|p2a: Mew
|-singleturn|p2a: Mew|Protect
|move|p1a: Scizor|Swords Dance|p1a: Scizor
|-boost|p1a: Scizor|atk|2
|
|-damage|p1a: Scizor|88/100 brn|[from] brn
|upkeep
|turn|11
|
|t:|1779873236
|move|p2a: Mew|Haze|p2a: Mew
|-clearallboost
|move|p1a: Scizor|Swords Dance|p1a: Scizor
|-boost|p1a: Scizor|atk|2
|
|-damage|p1a: Scizor|82/100 brn|[from] brn
|upkeep
|turn|12
|
|t:|1779873245
|move|p1a: Scizor|Bullet Punch|p2a: Mew
|-damage|p2a: Mew|24/100
|move|p2a: Mew|Haze|p2a: Mew
|-clearallboost
|
|-damage|p1a: Scizor|76/100 brn|[from] brn
|upkeep
|turn|13
|
|t:|1779873256
|move|p2a: Mew|Haze|p2a: Mew
|-clearallboost
|move|p1a: Scizor|Swords Dance|p1a: Scizor
|-boost|p1a: Scizor|atk|2
|
|-damage|p1a: Scizor|70/100 brn|[from] brn
|upkeep
|turn|14
|
|t:|1779873266
|move|p1a: Scizor|Bullet Punch|p2a: Mew
|-damage|p2a: Mew|1/100
|move|p2a: Mew|Haze|p2a: Mew
|-clearallboost
|
|-damage|p1a: Scizor|64/100 brn|[from] brn
|upkeep
|turn|15
|
|t:|1779873278
|move|p2a: Mew|Haze|p2a: Mew
|-clearallboost
|move|p1a: Scizor|Swords Dance|p1a: Scizor
|-boost|p1a: Scizor|atk|2
|
|-damage|p1a: Scizor|58/100 brn|[from] brn
|upkeep
|turn|16
|
|t:|1779873287
|move|p1a: Scizor|Bullet Punch|p2a: Mew
|-damage|p2a: Mew|0 fnt
|faint|p2a: Mew
|
|-damage|p1a: Scizor|52/100 brn|[from] brn
|upkeep
|
|t:|1779873294
|switch|p2a: Leon|Cinderace, M, shiny|100/100
|turn|17
|
|t:|1779873312
|switch|p1a: Slowbro|Slowbro, F|99/100
|-activate|p1a: Slowbro|move: Sticky Web
|-unboost|p1a: Slowbro|spe|1
|move|p2a: Leon|Pyro Ball|p1a: Slowbro|[miss]
|-miss|p2a: Leon|p1a: Slowbro
|
|upkeep
|turn|18
|
|t:|1779873320
|move|p2a: Leon|U-turn|p1a: Slowbro
|-start|p2a: Leon|typechange|Bug|[from] ability: Libero
|-supereffective|p1a: Slowbro
|-damage|p1a: Slowbro|52/100
|
|t:|1779873329
|switch|p2a: Melody|Primarina, F, shiny|100/100|[from] U-turn
|-activate|p2a: Melody|move: Sticky Web
|-unboost|p2a: Melody|spe|1
|move|p1a: Slowbro|Flamethrower|p2a: Melody
|-resisted|p2a: Melody
|-damage|p2a: Melody|93/100
|
|upkeep
|turn|19
|
|t:|1779873339
|switch|p1a: Scizor|Scizor, F|52/100 brn
|-activate|p1a: Scizor|move: Sticky Web
|-unboost|p1a: Scizor|spe|1
|move|p2a: Melody|Moonblast|p1a: Scizor
|-resisted|p1a: Scizor
|-crit|p1a: Scizor
|-damage|p1a: Scizor|14/100 brn
|
|-damage|p1a: Scizor|8/100 brn|[from] brn
|upkeep
|turn|20
|
|t:|1779873350
|move|p1a: Scizor|Rest|p1a: Scizor
|-status|p1a: Scizor|slp|[from] move: Rest
|-heal|p1a: Scizor|100/100 slp|[silent]
|-enditem|p1a: Scizor|Chesto Berry|[eat]
|-curestatus|p1a: Scizor|slp|[msg]
|move|p2a: Melody|Sparkling Aria|p1a: Scizor
|-damage|p1a: Scizor|48/100
|
|upkeep
|turn|21
|
|t:|1779873359
|move|p1a: Scizor|Bullet Punch|p2a: Melody
|-damage|p2a: Melody|55/100
|move|p2a: Melody|Sparkling Aria|p1a: Scizor
|-damage|p1a: Scizor|0 fnt
|faint|p1a: Scizor
|
|upkeep
|
|t:|1779873368
|switch|p1a: Gardevoir|Gardevoir, M|100/100
|-activate|p1a: Gardevoir|move: Sticky Web
|-unboost|p1a: Gardevoir|spe|1
|-ability|p1a: Gardevoir|Torrent|Trace|[from] ability: Trace|[of] p2a: Melody
|turn|22
|
|t:|1779873379
|move|p1a: Gardevoir|Psyshock|p2a: Melody
|-damage|p2a: Melody|2/100
|move|p2a: Melody|Sparkling Aria|p1a: Gardevoir
|-damage|p1a: Gardevoir|26/100
|
|upkeep
|turn|23
|
|t:|1779873386
|move|p2a: Melody|Aqua Jet|p1a: Gardevoir
|-damage|p1a: Gardevoir|2/100
|-enditem|p1a: Gardevoir|Salac Berry|[eat]
|-boost|p1a: Gardevoir|spe|1|[from] item: Salac Berry
|move|p1a: Gardevoir|Moonblast|p2a: Melody
|-damage|p2a: Melody|0 fnt
|faint|p2a: Melody
|
|upkeep
|
|t:|1779873401
|switch|p2a: Leon|Cinderace, M, shiny|100/100
|turn|24
|
|t:|1779873405
|move|p1a: Gardevoir|Endure|p1a: Gardevoir
|-singleturn|p1a: Gardevoir|move: Endure
|move|p2a: Leon|Sucker Punch||[still]
|-fail|p2a: Leon
|
|upkeep
|turn|25
|
|t:|1779873412
|move|p2a: Leon|Sucker Punch||[still]
|-fail|p2a: Leon
|move|p1a: Gardevoir|Destiny Bond|p1a: Gardevoir
|-singlemove|p1a: Gardevoir|Destiny Bond
|
|upkeep
|turn|26
|
|t:|1779873419
|move|p2a: Leon|Sucker Punch|p1a: Gardevoir
|-start|p2a: Leon|typechange|Dark|[from] ability: Libero
|-damage|p1a: Gardevoir|0 fnt
|faint|p1a: Gardevoir
|-activate|p1a: Gardevoir|move: Destiny Bond
|faint|p2a: Leon
|
|upkeep
|
|t:|1779873434
|switch|p2a: Jae|Espeon, M|100/100
|switch|p1a: Slowbro|Slowbro, F|85/100
|-activate|p2a: Jae|move: Sticky Web
|-unboost|p2a: Jae|spe|1
|-activate|p1a: Slowbro|move: Sticky Web
|-unboost|p1a: Slowbro|spe|1
|turn|27
|
|t:|1779873443
|move|p2a: Jae|Calm Mind|p2a: Jae
|-boost|p2a: Jae|spa|1
|-boost|p2a: Jae|spd|1
|move|p1a: Slowbro|Scald|p2a: Jae
|-damage|p2a: Jae|72/100
|-status|p2a: Jae|brn
|
|-damage|p2a: Jae|66/100 brn|[from] brn
|upkeep
|turn|28
|
|t:|1779873454
|move|p2a: Jae|Dazzling Gleam|p1a: Slowbro
|-damage|p1a: Slowbro|56/100
|move|p1a: Slowbro|Scald|p2a: Jae
|-damage|p2a: Jae|38/100 brn
|
|-damage|p2a: Jae|32/100 brn|[from] brn
|upkeep
|turn|29
|
|t:|1779873463
|move|p2a: Jae|Dazzling Gleam|p1a: Slowbro
|-damage|p1a: Slowbro|26/100
|move|p1a: Slowbro|Scald|p2a: Jae
|-damage|p2a: Jae|1/100 brn
|
|-damage|p2a: Jae|0 fnt|[from] brn
|faint|p2a: Jae
|upkeep
|
|t:|1779873470
|switch|p2a: Megumi|Garganacl, M|100/100
|-activate|p2a: Megumi|move: Sticky Web
|-unboost|p2a: Megumi|spe|1
|turn|30
|
|t:|1779873479
|-terastallize|p2a: Megumi|Ghost
|move|p1a: Slowbro|Scald|p2a: Megumi
|-damage|p2a: Megumi|68/100
|move|p2a: Megumi|Salt Cure|p1a: Slowbro
|-damage|p1a: Slowbro|16/100
|-start|p1a: Slowbro|Salt Cure
|
|-heal|p2a: Megumi|74/100|[from] item: Leftovers
|-damage|p1a: Slowbro|0 fnt|[from] Salt Cure
|faint|p1a: Slowbro
|upkeep
|
|t:|1779873502
|switch|p1a: Stantler|Stantler, F|100/100
|-activate|p1a: Stantler|move: Sticky Web
|-unboost|p1a: Stantler|spe|1
|turn|31
|
|t:|1779873509
|-terastallize|p1a: Stantler|Ghost
|move|p1a: Stantler|Curse|p2a: Megumi
|-start|p2a: Megumi|Curse|[of] p1a: Stantler
|-damage|p1a: Stantler|50/100
|move|p2a: Megumi|Salt Cure|p1a: Stantler
|-damage|p1a: Stantler|39/100
|-start|p1a: Stantler|Salt Cure
|
|-heal|p2a: Megumi|80/100|[from] item: Leftovers
|-damage|p2a: Megumi|55/100|[from] Curse
|-damage|p1a: Stantler|27/100|[from] Salt Cure
|upkeep
|turn|32
|
|t:|1779873523
|move|p1a: Stantler|Rest|p1a: Stantler
|-status|p1a: Stantler|slp|[from] move: Rest
|-heal|p1a: Stantler|100/100 slp|[silent]
|move|p2a: Megumi|Recover|p2a: Megumi
|-heal|p2a: Megumi|100/100
|
|-damage|p2a: Megumi|75/100|[from] Curse
|-damage|p1a: Stantler|88/100 slp|[from] Salt Cure
|upkeep
|turn|33
|
|t:|1779873544
|cant|p1a: Stantler|slp
|move|p2a: Megumi|Salt Cure|p1a: Stantler
|-damage|p1a: Stantler|77/100 slp
|
|-heal|p2a: Megumi|82/100|[from] item: Leftovers
|-damage|p2a: Megumi|57/100|[from] Curse
|-damage|p1a: Stantler|65/100 slp|[from] Salt Cure
|upkeep
|turn|34
|
|t:|1779873556
|cant|p1a: Stantler|slp
|move|p2a: Megumi|Substitute|p2a: Megumi
|-start|p2a: Megumi|Substitute
|-damage|p2a: Megumi|32/100
|
|-heal|p2a: Megumi|38/100|[from] item: Leftovers
|-damage|p2a: Megumi|13/100|[from] Curse
|-damage|p1a: Stantler|52/100 slp|[from] Salt Cure
|upkeep
|turn|35
|
|t:|1779873566
|-curestatus|p1a: Stantler|slp|[msg]
|move|p1a: Stantler|Rest|p1a: Stantler
|-status|p1a: Stantler|slp|[from] move: Rest
|-heal|p1a: Stantler|100/100 slp|[silent]
|move|p2a: Megumi|Recover|p2a: Megumi
|-heal|p2a: Megumi|63/100
|
|-heal|p2a: Megumi|69/100|[from] item: Leftovers
|-damage|p2a: Megumi|44/100|[from] Curse
|-damage|p1a: Stantler|88/100 slp|[from] Salt Cure
|upkeep
|turn|36
|
|t:|1779873595
|cant|p1a: Stantler|slp
|move|p2a: Megumi|Recover|p2a: Megumi
|-heal|p2a: Megumi|94/100
|
|-heal|p2a: Megumi|99/100|[from] item: Leftovers
|-damage|p2a: Megumi|75/100|[from] Curse
|-damage|p1a: Stantler|76/100 slp|[from] Salt Cure
|upkeep
|turn|37
|
|t:|1779873613
|cant|p1a: Stantler|slp
|move|p2a: Megumi|Recover|p2a: Megumi
|-heal|p2a: Megumi|100/100
|
|-damage|p2a: Megumi|75/100|[from] Curse
|-damage|p1a: Stantler|64/100 slp|[from] Salt Cure
|upkeep
|turn|38
|
|t:|1779873631
|-curestatus|p1a: Stantler|slp|[msg]
|move|p1a: Stantler|Rest|p1a: Stantler
|-status|p1a: Stantler|slp|[from] move: Rest
|-heal|p1a: Stantler|100/100 slp|[silent]
|move|p2a: Megumi|Salt Cure|p1a: Stantler
|-damage|p1a: Stantler|88/100 slp
|
|-heal|p2a: Megumi|82/100|[from] item: Leftovers
|-damage|p2a: Megumi|57/100|[from] Curse
|-damage|p1a: Stantler|76/100 slp|[from] Salt Cure
|upkeep
|turn|39
|
|t:|1779873645
|cant|p1a: Stantler|slp
|move|p2a: Megumi|Recover|p2a: Megumi
|-heal|p2a: Megumi|100/100
|
|-damage|p2a: Megumi|75/100|[from] Curse
|-damage|p1a: Stantler|64/100 slp|[from] Salt Cure
|upkeep
|turn|40
|
|t:|1779873658
|cant|p1a: Stantler|slp
|move|p2a: Megumi|Salt Cure|p1a: Stantler
|-damage|p1a: Stantler|54/100 slp
|
|-heal|p2a: Megumi|82/100|[from] item: Leftovers
|-damage|p2a: Megumi|57/100|[from] Curse
|-damage|p1a: Stantler|41/100 slp|[from] Salt Cure
|upkeep
|turn|41
|
|t:|1779873668
|-curestatus|p1a: Stantler|slp|[msg]
|move|p1a: Stantler|Rest|p1a: Stantler
|-status|p1a: Stantler|slp|[from] move: Rest
|-heal|p1a: Stantler|100/100 slp|[silent]
|move|p2a: Megumi|Recover|p2a: Megumi
|-heal|p2a: Megumi|100/100
|
|-damage|p2a: Megumi|75/100|[from] Curse
|-damage|p1a: Stantler|88/100 slp|[from] Salt Cure
|upkeep
|turn|42
|
|t:|1779873684
|cant|p1a: Stantler|slp
|move|p2a: Megumi|Salt Cure|p1a: Stantler
|-damage|p1a: Stantler|77/100 slp
|
|-heal|p2a: Megumi|82/100|[from] item: Leftovers
|-damage|p2a: Megumi|57/100|[from] Curse
|-damage|p1a: Stantler|65/100 slp|[from] Salt Cure
|upkeep
|turn|43
|
|t:|1779873694
|cant|p1a: Stantler|slp
|move|p2a: Megumi|Recover|p2a: Megumi
|-heal|p2a: Megumi|100/100
|
|-damage|p2a: Megumi|75/100|[from] Curse
|-damage|p1a: Stantler|52/100 slp|[from] Salt Cure
|upkeep
|turn|44
|
|t:|1779873705
|-curestatus|p1a: Stantler|slp|[msg]
|move|p1a: Stantler|Rest|p1a: Stantler
|-status|p1a: Stantler|slp|[from] move: Rest
|-heal|p1a: Stantler|100/100 slp|[silent]
|move|p2a: Megumi|Salt Cure|p1a: Stantler
|-damage|p1a: Stantler|88/100 slp
|
|-heal|p2a: Megumi|82/100|[from] item: Leftovers
|-damage|p2a: Megumi|57/100|[from] Curse
|-damage|p1a: Stantler|76/100 slp|[from] Salt Cure
|upkeep
|turn|45
|-message|JGLoryOG forfeited.
|
|win|sargentomichoo
|raw|sargentomichoo's rating: 1176 &rarr; <strong>1201</strong><br />(+25 for winning)
|raw|JGLoryOG's rating: 1171 &rarr; <strong>1146</strong><br />(-25 for losing)
|l|☆JGLoryOG
|player|p2|
|l|☆sargentomichoo
|player|p1|
