|j|☆noobhunterbd
|j|☆Alakazam darnold
|t:|1779857761
|gametype|singles
|player|p1|noobhunterbd|170|1346
|player|p2|Alakazam darnold|musician|1311
|gen|9
|tier|[Gen 9] OU
|rated|
|rule|HP Percentage Mod: HP is shown in percentages
|rule|Endless Battle Clause: Forcing endless battles is banned
|rule|Species Clause: Limit one of each Pokémon
|rule|OHKO Clause: OHKO moves are banned
|rule|Evasion Items Clause: Evasion items are banned
|rule|Evasion Moves Clause: Evasion moves are banned
|rule|Evasion Abilities Clause: Evasion abilities are banned
|rule|Sleep Moves Clause: Sleep-inducing moves are banned
|clearpoke
|poke|p1|Kingambit, F|
|poke|p1|Kommo-o, F|
|poke|p1|Iron Valiant|
|poke|p1|Kyurem|
|poke|p1|Iron Treads|
|poke|p1|Iron Crown|
|poke|p2|Tinkaton, F|
|poke|p2|Grafaiai, M|
|poke|p2|Skeledirge, M|
|poke|p2|Alomomola, F|
|poke|p2|Tornadus-Therian, M|
|poke|p2|Great Tusk|
|teampreview
|inactive|Battle timer is ON: inactive players will automatically lose when time's up. (requested by noobhunterbd)
|
|t:|1779857772
|teamsize|p1|6
|teamsize|p2|6
|start
|switch|p1a: Iron Treads|Iron Treads|100/100
|switch|p2a: Tinkaton|Tinkaton, F|100/100
|-item|p2a: Tinkaton|Air Balloon
|-enditem|p1a: Iron Treads|Booster Energy
|-activate|p1a: Iron Treads|ability: Quark Drive|[fromitem]
|-start|p1a: Iron Treads|quarkdrivespe
|turn|1
|
|t:|1779857780
|move|p1a: Iron Treads|Stealth Rock|p2a: Tinkaton
|-sidestart|p2: Alakazam darnold|move: Stealth Rock
|move|p2a: Tinkaton|Gigaton Hammer|p1a: Iron Treads
|-resisted|p1a: Iron Treads
|-damage|p1a: Iron Treads|83/100
|
|upkeep
|turn|2
|
|t:|1779857785
|move|p1a: Iron Treads|Rapid Spin|p2a: Tinkaton
|-resisted|p2a: Tinkaton
|-damage|p2a: Tinkaton|93/100
|-boost|p1a: Iron Treads|spe|1
|-enditem|p2a: Tinkaton|Air Balloon
|move|p2a: Tinkaton|Encore|p1a: Iron Treads
|-start|p1a: Iron Treads|Encore
|
|upkeep
|turn|3
|
|t:|1779857798
|-end|p1a: Iron Treads|Quark Drive|[silent]
|switch|p1a: Iron Crown|Iron Crown|100/100
|-enditem|p1a: Iron Crown|Booster Energy
|-activate|p1a: Iron Crown|ability: Quark Drive|[fromitem]
|-start|p1a: Iron Crown|quarkdrivespe
|move|p2a: Tinkaton|Stealth Rock|p1a: Iron Crown
|-sidestart|p1: noobhunterbd|move: Stealth Rock
|
|upkeep
|turn|4
|
|t:|1779857807
|move|p1a: Iron Crown|Calm Mind|p1a: Iron Crown
|-boost|p1a: Iron Crown|spa|1
|-boost|p1a: Iron Crown|spd|1
|move|p2a: Tinkaton|Thunder Wave|p1a: Iron Crown
|-status|p1a: Iron Crown|par
|
|upkeep
|turn|5
|
|t:|1779857815
|move|p2a: Tinkaton|Encore|p1a: Iron Crown
|-start|p1a: Iron Crown|Encore
|cant|p1a: Iron Crown|par
|
|upkeep
|turn|6
|
|t:|1779857822
|switch|p2a: Grafaiai|Grafaiai, M|100/100
|-damage|p2a: Grafaiai|88/100|[from] Stealth Rock
|-end|p1a: Iron Crown|Quark Drive|[silent]
|switch|p1a: Iron Treads|Iron Treads|83/100
|-damage|p1a: Iron Treads|80/100|[from] Stealth Rock
|
|upkeep
|turn|7
|
|t:|1779857834
|move|p1a: Iron Treads|Rapid Spin|p2a: Grafaiai
|-damage|p2a: Grafaiai|67/100
|-boost|p1a: Iron Treads|spe|1
|-sideend|p1: noobhunterbd|Stealth Rock|[from] move: Rapid Spin|[of] p1a: Iron Treads
|-enditem|p2a: Grafaiai|Mirror Herb
|-boost|p2a: Grafaiai|spe|1|[from] item: Mirror Herb
|move|p2a: Grafaiai|Swagger|p1a: Iron Treads
|-boost|p1a: Iron Treads|atk|2
|-start|p1a: Iron Treads|confusion
|
|upkeep
|turn|8
|
|t:|1779857849
|move|p2a: Grafaiai|Low Kick|p1a: Iron Treads
|-supereffective|p1a: Iron Treads
|-damage|p1a: Iron Treads|28/100
|-activate|p1a: Iron Treads|confusion
|move|p1a: Iron Treads|Earthquake|p2a: Grafaiai
|-supereffective|p2a: Grafaiai
|-damage|p2a: Grafaiai|0 fnt
|faint|p2a: Grafaiai
|
|upkeep
|
|t:|1779857857
|switch|p2a: Great Tusk|Great Tusk|100/100
|-damage|p2a: Great Tusk|98/100|[from] Stealth Rock
|-enditem|p2a: Great Tusk|Booster Energy
|-activate|p2a: Great Tusk|ability: Protosynthesis|[fromitem]
|-start|p2a: Great Tusk|protosynthesisspe
|turn|9
|
|t:|1779857861
|-terastallize|p1a: Iron Treads|Ghost
|-activate|p1a: Iron Treads|confusion
|-damage|p1a: Iron Treads|13/100|[from] confusion
|move|p2a: Great Tusk|Rapid Spin|p1a: Iron Treads
|-immune|p1a: Iron Treads
|
|upkeep
|turn|10
|
|t:|1779857867
|-activate|p1a: Iron Treads|confusion
|move|p1a: Iron Treads|Endeavor|p2a: Great Tusk
|-damage|p2a: Great Tusk|12/100
|move|p2a: Great Tusk|Bulk Up|p2a: Great Tusk
|-boost|p2a: Great Tusk|atk|1
|-boost|p2a: Great Tusk|def|1
|
|upkeep
|turn|11
|
|t:|1779857875
|-end|p1a: Iron Treads|confusion
|move|p1a: Iron Treads|Earthquake|p2a: Great Tusk
|-damage|p2a: Great Tusk|0 fnt
|faint|p2a: Great Tusk
|-end|p2a: Great Tusk|Protosynthesis|[silent]
|
|upkeep
|
|t:|1779857880
|switch|p2a: Alomomola|Alomomola, F|100/100
|-damage|p2a: Alomomola|88/100|[from] Stealth Rock
|turn|12
|
|t:|1779857893
|move|p1a: Iron Treads|Endeavor|p2a: Alomomola
|-damage|p2a: Alomomola|9/100
|move|p2a: Alomomola|Flip Turn|p1a: Iron Treads
|-damage|p1a: Iron Treads|1/100
|
|t:|1779857903
|switch|p2a: Tornadus|Tornadus-Therian, M|100/100|[from] Flip Turn
|-damage|p2a: Tornadus|76/100|[from] Stealth Rock
|
|upkeep
|turn|13
|
|t:|1779857907
|move|p1a: Iron Treads|Endeavor|p2a: Tornadus
|-damage|p2a: Tornadus|1/100
|move|p2a: Tornadus|U-turn|p1a: Iron Treads
|-resisted|p1a: Iron Treads
|-damage|p1a: Iron Treads|0 fnt
|faint|p1a: Iron Treads
|-end|p1a: Iron Treads|Quark Drive|[silent]
|
|t:|1779857913
|switch|p2a: Tinkaton|Tinkaton, F|93/100|[from] U-turn
|-damage|p2a: Tinkaton|87/100|[from] Stealth Rock
|
|upkeep
|
|t:|1779857923
|switch|p1a: Kyurem|Kyurem|100/100
|-ability|p1a: Kyurem|Pressure
|turn|14
|
|t:|1779857927
|move|p1a: Kyurem|Earth Power|p2a: Tinkaton
|-supereffective|p2a: Tinkaton
|-damage|p2a: Tinkaton|45/100
|move|p2a: Tinkaton|Gigaton Hammer|p1a: Kyurem
|-supereffective|p1a: Kyurem
|-damage|p1a: Kyurem|19/100
|
|upkeep
|turn|15
|
|t:|1779857935
|move|p1a: Kyurem|Earth Power|p2a: Tinkaton
|-supereffective|p2a: Tinkaton
|-damage|p2a: Tinkaton|1/100
|move|p2a: Tinkaton|Thunder Wave|p1a: Kyurem
|-status|p1a: Kyurem|par
|
|upkeep
|turn|16
|
|t:|1779857946
|move|p2a: Tinkaton|Stealth Rock|p1a: Kyurem
|-sidestart|p1: noobhunterbd|move: Stealth Rock
|move|p1a: Kyurem|Icicle Spear|p2a: Tinkaton
|-resisted|p2a: Tinkaton
|-damage|p2a: Tinkaton|0 fnt
|faint|p2a: Tinkaton
|-hitcount|p2: Tinkaton|1
|
|upkeep
|
|t:|1779857948
|switch|p2a: Skeledirge|Skeledirge, M|100/100
|turn|17
|
|t:|1779857951
|move|p2a: Skeledirge|Torch Song|p1a: Kyurem
|-damage|p1a: Kyurem|0 fnt
|-boost|p2a: Skeledirge|spa|1
|faint|p1a: Kyurem
|
|upkeep
|
|t:|1779857961
|switch|p1a: Iron Valiant|Iron Valiant|100/100
|-damage|p1a: Iron Valiant|94/100|[from] Stealth Rock
|-enditem|p1a: Iron Valiant|Booster Energy
|-activate|p1a: Iron Valiant|ability: Quark Drive|[fromitem]
|-start|p1a: Iron Valiant|quarkdrivespe
|turn|18
|
|t:|1779857972
|move|p1a: Iron Valiant|Shadow Ball|p2a: Skeledirge
|-supereffective|p2a: Skeledirge
|-damage|p2a: Skeledirge|42/100
|move|p2a: Skeledirge|Torch Song|p1a: Iron Valiant
|-damage|p1a: Iron Valiant|20/100
|-boost|p2a: Skeledirge|spa|1
|
|upkeep
|turn|19
|
|t:|1779857987
|-terastallize|p2a: Skeledirge|Fairy
|move|p1a: Iron Valiant|Shadow Ball|p2a: Skeledirge
|-damage|p2a: Skeledirge|16/100
|move|p2a: Skeledirge|Slack Off|p2a: Skeledirge
|-heal|p2a: Skeledirge|66/100
|
|upkeep
|turn|20
|
|t:|1779857994
|move|p1a: Iron Valiant|Moonblast|p2a: Skeledirge
|-damage|p2a: Skeledirge|20/100
|-unboost|p2a: Skeledirge|spa|1
|move|p2a: Skeledirge|Slack Off|p2a: Skeledirge
|-heal|p2a: Skeledirge|70/100
|
|upkeep
|turn|21
|
|t:|1779858002
|move|p1a: Iron Valiant|Moonblast|p2a: Skeledirge
|-damage|p2a: Skeledirge|23/100
|move|p2a: Skeledirge|Slack Off|p2a: Skeledirge
|-heal|p2a: Skeledirge|73/100
|
|upkeep
|turn|22
|
|t:|1779858006
|move|p1a: Iron Valiant|Moonblast|p2a: Skeledirge
|-damage|p2a: Skeledirge|23/100
|-unboost|p2a: Skeledirge|spa|1
|move|p2a: Skeledirge|Torch Song|p1a: Iron Valiant
|-damage|p1a: Iron Valiant|0 fnt
|-boost|p2a: Skeledirge|spa|1
|faint|p1a: Iron Valiant
|-end|p1a: Iron Valiant|Quark Drive|[silent]
|
|upkeep
|
|t:|1779858025
|switch|p1a: Kommo-o|Kommo-o, F|100/100
|-damage|p1a: Kommo-o|94/100|[from] Stealth Rock
|turn|23
|
|t:|1779858028
|move|p1a: Kommo-o|Substitute|p1a: Kommo-o
|-start|p1a: Kommo-o|Substitute
|-damage|p1a: Kommo-o|69/100
|move|p2a: Skeledirge|Will-O-Wisp||[still]
|-fail|p2a: Skeledirge
|
|-heal|p1a: Kommo-o|75/100|[from] item: Leftovers
|upkeep
|turn|24
|
|t:|1779858034
|move|p1a: Kommo-o|Shadow Claw|p2a: Skeledirge
|-crit|p2a: Skeledirge
|-damage|p2a: Skeledirge|6/100
|move|p2a: Skeledirge|Torch Song|p1a: Kommo-o
|-immune|p1a: Kommo-o|[from] ability: Soundproof
|
|-heal|p1a: Kommo-o|82/100|[from] item: Leftovers
|upkeep
|turn|25
|
|t:|1779858045
|move|p1a: Kommo-o|Clangorous Soul|p1a: Kommo-o
|-boost|p1a: Kommo-o|atk|1
|-boost|p1a: Kommo-o|def|1
|-boost|p1a: Kommo-o|spa|1
|-boost|p1a: Kommo-o|spd|1
|-boost|p1a: Kommo-o|spe|1
|-damage|p1a: Kommo-o|49/100
|move|p2a: Skeledirge|Torch Song|p1a: Kommo-o
|-immune|p1a: Kommo-o|[from] ability: Soundproof
|
|-heal|p1a: Kommo-o|55/100|[from] item: Leftovers
|upkeep
|turn|26
|
|t:|1779858057
|move|p1a: Kommo-o|Clangorous Soul|p1a: Kommo-o
|-boost|p1a: Kommo-o|atk|1
|-boost|p1a: Kommo-o|def|1
|-boost|p1a: Kommo-o|spa|1
|-boost|p1a: Kommo-o|spd|1
|-boost|p1a: Kommo-o|spe|1
|-damage|p1a: Kommo-o|22/100
|move|p2a: Skeledirge|Slack Off|p2a: Skeledirge
|-heal|p2a: Skeledirge|56/100
|
|-heal|p1a: Kommo-o|28/100|[from] item: Leftovers
|upkeep
|turn|27
|
|t:|1779858063
|move|p1a: Kommo-o|Shadow Claw|p2a: Skeledirge
|-damage|p2a: Skeledirge|46/100
|move|p2a: Skeledirge|Torch Song|p1a: Kommo-o
|-immune|p1a: Kommo-o|[from] ability: Soundproof
|
|-heal|p1a: Kommo-o|35/100|[from] item: Leftovers
|upkeep
|turn|28
|
|t:|1779858067
|move|p1a: Kommo-o|Drain Punch|p2a: Skeledirge
|-resisted|p2a: Skeledirge
|-damage|p2a: Skeledirge|38/100
|-heal|p1a: Kommo-o|39/100|[from] drain|[of] p2a: Skeledirge
|move|p2a: Skeledirge|Slack Off|p2a: Skeledirge
|-heal|p2a: Skeledirge|88/100
|
|-heal|p1a: Kommo-o|46/100|[from] item: Leftovers
|upkeep
|turn|29
|
|t:|1779858076
|move|p1a: Kommo-o|Shadow Claw|p2a: Skeledirge
|-crit|p2a: Skeledirge
|-damage|p2a: Skeledirge|71/100
|move|p2a: Skeledirge|Torch Song|p1a: Kommo-o
|-immune|p1a: Kommo-o|[from] ability: Soundproof
|
|-heal|p1a: Kommo-o|52/100|[from] item: Leftovers
|upkeep
|turn|30
|
|t:|1779858084
|move|p1a: Kommo-o|Shadow Claw|p2a: Skeledirge
|-crit|p2a: Skeledirge
|-damage|p2a: Skeledirge|55/100
|move|p2a: Skeledirge|Hex|p1a: Kommo-o
|-end|p1a: Kommo-o|Substitute
|
|-heal|p1a: Kommo-o|58/100|[from] item: Leftovers
|upkeep
|turn|31
|
|t:|1779858096
|move|p1a: Kommo-o|Substitute|p1a: Kommo-o
|-start|p1a: Kommo-o|Substitute
|-damage|p1a: Kommo-o|33/100
|move|p2a: Skeledirge|Torch Song|p1a: Kommo-o
|-immune|p1a: Kommo-o|[from] ability: Soundproof
|
|-heal|p1a: Kommo-o|39/100|[from] item: Leftovers
|upkeep
|turn|32
|
|t:|1779858101
|move|p1a: Kommo-o|Shadow Claw|p2a: Skeledirge
|-damage|p2a: Skeledirge|45/100
|move|p2a: Skeledirge|Torch Song|p1a: Kommo-o
|-immune|p1a: Kommo-o|[from] ability: Soundproof
|
|-heal|p1a: Kommo-o|46/100|[from] item: Leftovers
|upkeep
|turn|33
|
|t:|1779858105
|move|p1a: Kommo-o|Shadow Claw|p2a: Skeledirge
|-damage|p2a: Skeledirge|33/100
|move|p2a: Skeledirge|Hex|p1a: Kommo-o
|-end|p1a: Kommo-o|Substitute
|
|-heal|p1a: Kommo-o|52/100|[from] item: Leftovers
|upkeep
|turn|34
|
|t:|1779858112
|move|p1a: Kommo-o|Shadow Claw|p2a: Skeledirge
|-damage|p2a: Skeledirge|23/100
|move|p2a: Skeledirge|Slack Off|p2a: Skeledirge
|-heal|p2a: Skeledirge|73/100
|
|-heal|p1a: Kommo-o|58/100|[from] item: Leftovers
|upkeep
|turn|35
|
|t:|1779858119
|move|p1a: Kommo-o|Substitute|p1a: Kommo-o
|-start|p1a: Kommo-o|Substitute
|-damage|p1a: Kommo-o|33/100
|move|p2a: Skeledirge|Slack Off|p2a: Skeledirge
|-heal|p2a: Skeledirge|100/100
|
|-heal|p1a: Kommo-o|39/100|[from] item: Leftovers
|upkeep
|turn|36
|
|t:|1779858125
|move|p1a: Kommo-o|Shadow Claw|p2a: Skeledirge
|-crit|p2a: Skeledirge
|-damage|p2a: Skeledirge|86/100
|move|p2a: Skeledirge|Hex|p1a: Kommo-o
|-end|p1a: Kommo-o|Substitute
|
|-heal|p1a: Kommo-o|46/100|[from] item: Leftovers
|upkeep
|turn|37
|
|t:|1779858131
|move|p1a: Kommo-o|Drain Punch|p2a: Skeledirge
|-resisted|p2a: Skeledirge
|-damage|p2a: Skeledirge|77/100
|-heal|p1a: Kommo-o|51/100|[from] drain|[of] p2a: Skeledirge
|move|p2a: Skeledirge|Hex|p1a: Kommo-o
|-damage|p1a: Kommo-o|18/100
|
|-heal|p1a: Kommo-o|25/100|[from] item: Leftovers
|upkeep
|turn|38
|
|t:|1779858140
|move|p1a: Kommo-o|Drain Punch|p2a: Skeledirge
|-resisted|p2a: Skeledirge
|-damage|p2a: Skeledirge|68/100
|-heal|p1a: Kommo-o|30/100|[from] drain|[of] p2a: Skeledirge
|move|p2a: Skeledirge|Hex|p1a: Kommo-o
|-damage|p1a: Kommo-o|0 fnt
|faint|p1a: Kommo-o
|
|upkeep
|
|t:|1779858150
|switch|p1a: Iron Crown|Iron Crown|100/100 par
|-damage|p1a: Iron Crown|94/100 par|[from] Stealth Rock
|turn|39
|
|t:|1779858154
|move|p2a: Skeledirge|Torch Song|p1a: Iron Crown
|-supereffective|p1a: Iron Crown
|-damage|p1a: Iron Crown|17/100 par
|-boost|p2a: Skeledirge|spa|1
|cant|p1a: Iron Crown|par
|
|upkeep
|turn|40
|
|t:|1779858163
|move|p2a: Skeledirge|Torch Song|p1a: Iron Crown
|-supereffective|p1a: Iron Crown
|-damage|p1a: Iron Crown|0 fnt
|-boost|p2a: Skeledirge|spa|1
|faint|p1a: Iron Crown
|-end|p1a: Iron Crown|Quark Drive|[silent]
|
|upkeep
|
|t:|1779858165
|switch|p1a: Kingambit|Kingambit, F|100/100
|-damage|p1a: Kingambit|94/100|[from] Stealth Rock
|-activate|p1a: Kingambit|ability: Supreme Overlord
|-start|p1a: Kingambit|fallen5|[silent]
|turn|41
|
|t:|1779858169
|move|p1a: Kingambit|Iron Head|p2a: Skeledirge
|-supereffective|p2a: Skeledirge
|-damage|p2a: Skeledirge|0 fnt
|faint|p2a: Skeledirge
|
|-heal|p1a: Kingambit|100/100|[from] item: Leftovers
|upkeep
|
|t:|1779858172
|switch|p2a: Alomomola|Alomomola, F|43/100
|-damage|p2a: Alomomola|30/100|[from] Stealth Rock
|turn|42
|
|t:|1779858176
|move|p1a: Kingambit|Iron Head|p2a: Alomomola
|-resisted|p2a: Alomomola
|-damage|p2a: Alomomola|5/100
|cant|p2a: Alomomola|flinch
|
|upkeep
|turn|43
|
|t:|1779858181
|move|p1a: Kingambit|Iron Head|p2a: Alomomola
|-resisted|p2a: Alomomola
|-damage|p2a: Alomomola|0 fnt
|faint|p2a: Alomomola
|
|upkeep
|
|t:|1779858182
|switch|p2a: Tornadus|Tornadus-Therian, M|34/100
|-damage|p2a: Tornadus|10/100|[from] Stealth Rock
|turn|44
|
|t:|1779858185
|move|p2a: Tornadus|Heat Wave|p1a: Kingambit
|-supereffective|p1a: Kingambit
|-damage|p1a: Kingambit|0 fnt
|faint|p1a: Kingambit
|-end|p1a: Kingambit|fallen5|[silent]
|
|win|Alakazam darnold
|raw|noobhunterbd's rating: 1346 &rarr; <strong>1324</strong><br />(-22 for losing)
|raw|Alakazam darnold's rating: 1311 &rarr; <strong>1333</strong><br />(+22 for winning)
|l|☆noobhunterbd
|player|p1|
|l|☆Alakazam darnold
|player|p2|
