|j|☆bradleymills436
|j|☆BootyGoblin64
|t:|1779921779
|gametype|singles
|player|p1|bradleymills436|plasmagrunt|1119
|player|p2|BootyGoblin64|brock|1124
|gen|9
|tier|[Gen 9] OU
|rated|
|rule|HP Percentage Mod: HP is shown in percentages
|rule|Endless Battle Clause: Forcing endless battles is banned
|rule|Species Clause: Limit one of each Pokémon
|rule|OHKO Clause: OHKO moves are banned
|rule|Evasion Items Clause: Evasion items are banned
|rule|Evasion Moves Clause: Evasion moves are banned
|rule|Evasion Abilities Clause: Evasion abilities are banned
|rule|Sleep Moves Clause: Sleep-inducing moves are banned
|clearpoke
|poke|p1|Floatzel, M|
|poke|p1|Pelipper, F|
|poke|p1|Dragonite, F|
|poke|p1|Walking Wake|
|poke|p1|Lapras, M|
|poke|p1|Samurott-Hisui, F|
|poke|p2|Venusaur, M|
|poke|p2|Vaporeon, F|
|poke|p2|Dodrio, F|
|poke|p2|Arcanine, M|
|poke|p2|Scyther, M|
|poke|p2|Mew|
|teampreview
|inactive|Battle timer is ON: inactive players will automatically lose when time's up. (requested by BootyGoblin64)
|inactive|bradleymills436 also wants the timer to be on.
|
|t:|1779921788
|teamsize|p1|6
|teamsize|p2|6
|start
|switch|p1a: Pelipper|Pelipper, F|100/100
|switch|p2a: Mew|Mew|100/100
|-weather|RainDance|[from] ability: Drizzle|[of] p1a: Pelipper
|turn|1
|
|t:|1779921791
|move|p2a: Mew|Knock Off|p1a: Pelipper
|-damage|p1a: Pelipper|76/100
|-enditem|p1a: Pelipper|Damp Rock|[from] move: Knock Off|[of] p2a: Mew
|move|p1a: Pelipper|U-turn|p2a: Mew
|-supereffective|p2a: Mew
|-damage|p2a: Mew|89/100
|-damage|p1a: Pelipper|60/100|[from] item: Rocky Helmet|[of] p2a: Mew
|
|t:|1779921795
|switch|p1a: Lapras|Lapras, M|100/100|[from] U-turn
|
|-weather|RainDance|[upkeep]
|upkeep
|turn|2
|
|t:|1779921797
|move|p2a: Mew|Knock Off|p1a: Lapras
|-damage|p1a: Lapras|74/100
|-enditem|p1a: Lapras|Focus Sash|[from] move: Knock Off|[of] p2a: Mew
|move|p1a: Lapras|Dragon Dance|p1a: Lapras
|-boost|p1a: Lapras|atk|1
|-boost|p1a: Lapras|spe|1
|
|-weather|RainDance|[upkeep]
|upkeep
|turn|3
|
|t:|1779921802
|move|p1a: Lapras|Waterfall|p2a: Mew
|-damage|p2a: Mew|39/100
|-damage|p1a: Lapras|58/100|[from] item: Rocky Helmet|[of] p2a: Mew
|move|p2a: Mew|Body Press|p1a: Lapras
|-supereffective|p1a: Lapras
|-crit|p1a: Lapras
|-damage|p1a: Lapras|0 fnt
|faint|p1a: Lapras
|
|-weather|RainDance|[upkeep]
|upkeep
|
|t:|1779921806
|switch|p1a: Samurott|Samurott-Hisui, F|100/100
|turn|4
|
|t:|1779921808
|move|p1a: Samurott|Ceaseless Edge|p2a: Mew
|-supereffective|p2a: Mew
|-damage|p2a: Mew|0 fnt
|-damage|p1a: Samurott|84/100|[from] item: Rocky Helmet|[of] p2a: Mew
|-sidestart|p2: BootyGoblin64|Spikes
|faint|p2a: Mew
|
|-weather|RainDance|[upkeep]
|upkeep
|
|t:|1779921815
|switch|p2a: Venusaur|Venusaur, M|100/100
|-damage|p2a: Venusaur|88/100|[from] Spikes
|turn|5
|
|t:|1779921817
|move|p1a: Samurott|Ceaseless Edge|p2a: Venusaur
|-damage|p2a: Venusaur|50/100
|-sidestart|p2: BootyGoblin64|Spikes
|move|p2a: Venusaur|Leech Seed|p1a: Samurott
|-start|p1a: Samurott|move: Leech Seed
|
|-weather|RainDance|[upkeep]
|-heal|p2a: Venusaur|56/100|[from] item: Leftovers
|-damage|p1a: Samurott|72/100|[from] Leech Seed|[of] p2a: Venusaur
|-heal|p2a: Venusaur|67/100|[silent]
|upkeep
|turn|6
|
|t:|1779921823
|move|p1a: Samurott|Ceaseless Edge|p2a: Venusaur
|-damage|p2a: Venusaur|29/100
|-sidestart|p2: BootyGoblin64|Spikes
|move|p2a: Venusaur|Giga Drain|p1a: Samurott
|-supereffective|p1a: Samurott
|-damage|p1a: Samurott|0 fnt
|-heal|p2a: Venusaur|61/100|[from] drain|[of] p1a: Samurott
|faint|p1a: Samurott
|
|-weather|RainDance|[upkeep]
|-heal|p2a: Venusaur|67/100|[from] item: Leftovers
|upkeep
|
|t:|1779921830
|switch|p1a: Dragonite|Dragonite, F|100/100
|turn|7
|
|t:|1779921833
|move|p1a: Dragonite|Dragon Dance|p1a: Dragonite
|-boost|p1a: Dragonite|atk|1
|-boost|p1a: Dragonite|spe|1
|move|p2a: Venusaur|Leech Seed|p1a: Dragonite
|-start|p1a: Dragonite|move: Leech Seed
|
|-weather|RainDance|[upkeep]
|-heal|p2a: Venusaur|73/100|[from] item: Leftovers
|-damage|p1a: Dragonite|88/100|[from] Leech Seed|[of] p2a: Venusaur
|-heal|p2a: Venusaur|84/100|[silent]
|upkeep
|turn|8
|
|t:|1779921841
|move|p1a: Dragonite|Dragon Claw|p2a: Venusaur
|-damage|p2a: Venusaur|25/100
|move|p2a: Venusaur|Giga Drain|p1a: Dragonite
|-resisted|p1a: Dragonite
|-damage|p1a: Dragonite|79/100
|-heal|p2a: Venusaur|29/100|[from] drain|[of] p1a: Dragonite
|
|-weather|none
|-heal|p2a: Venusaur|35/100|[from] item: Leftovers
|-damage|p1a: Dragonite|66/100|[from] Leech Seed|[of] p2a: Venusaur
|-heal|p2a: Venusaur|46/100|[silent]
|upkeep
|turn|9
|
|t:|1779921849
|move|p1a: Dragonite|Dragon Claw|p2a: Venusaur
|-damage|p2a: Venusaur|0 fnt
|faint|p2a: Venusaur
|
|upkeep
|
|t:|1779921856
|switch|p2a: Arcanine|Arcanine, M|100/100
|-damage|p2a: Arcanine|75/100|[from] Spikes
|-ability|p2a: Arcanine|Intimidate|boost
|-unboost|p1a: Dragonite|atk|1
|turn|10
|
|t:|1779921860
|move|p1a: Dragonite|Earthquake|p2a: Arcanine
|-supereffective|p2a: Arcanine
|-damage|p2a: Arcanine|0 fnt
|faint|p2a: Arcanine
|
|upkeep
|
|t:|1779921862
|switch|p2a: Scyther|Scyther, M|100/100
|turn|11
|
|t:|1779921865
|move|p1a: Dragonite|Dragon Claw|p2a: Scyther
|-damage|p2a: Scyther|56/100
|move|p2a: Scyther|Defog|p1a: Dragonite
|-unboost|p1a: Dragonite|evasion|1
|-sideend|p2: BootyGoblin64|Spikes|[from] move: Defog|[of] p2a: Scyther
|
|-damage|p1a: Dragonite|54/100|[from] Leech Seed|[of] p2a: Scyther
|-heal|p2a: Scyther|71/100|[silent]
|upkeep
|turn|12
|
|t:|1779921872
|move|p1a: Dragonite|Dragon Claw|p2a: Scyther
|-damage|p2a: Scyther|25/100
|move|p2a: Scyther|Dual Wingbeat|p1a: Dragonite
|-damage|p1a: Dragonite|23/100
|-damage|p1a: Dragonite|0 fnt
|faint|p1a: Dragonite
|-hitcount|p1: Dragonite|2
|
|upkeep
|
|t:|1779921877
|switch|p1a: Pelipper|Pelipper, F|60/100
|-weather|RainDance|[from] ability: Drizzle|[of] p1a: Pelipper
|turn|13
|
|t:|1779921879
|move|p2a: Scyther|Dual Wingbeat|p1a: Pelipper
|-damage|p1a: Pelipper|31/100
|-damage|p1a: Pelipper|0 fnt
|faint|p1a: Pelipper
|-hitcount|p1: Pelipper|2
|
|-weather|RainDance|[upkeep]
|upkeep
|
|t:|1779921883
|switch|p1a: Floatzel|Floatzel, M|100/100
|turn|14
|
|t:|1779921887
|-terastallize|p1a: Floatzel|Ice
|move|p1a: Floatzel|Ice Spinner|p2a: Scyther
|-supereffective|p2a: Scyther
|-damage|p2a: Scyther|0 fnt
|faint|p2a: Scyther
|
|-weather|RainDance|[upkeep]
|upkeep
|
|t:|1779921891
|switch|p2a: Vaporeon|Vaporeon, F|100/100
|turn|15
|
|t:|1779921893
|move|p1a: Floatzel|Ice Spinner|p2a: Vaporeon
|-resisted|p2a: Vaporeon
|-damage|p2a: Vaporeon|79/100
|move|p2a: Vaporeon|Scald|p1a: Floatzel
|-damage|p1a: Floatzel|12/100
|
|-weather|RainDance|[upkeep]
|-heal|p2a: Vaporeon|85/100|[from] item: Leftovers
|upkeep
|turn|16
|
|t:|1779921900
|move|p1a: Floatzel|Ice Spinner|p2a: Vaporeon
|-resisted|p2a: Vaporeon
|-damage|p2a: Vaporeon|63/100
|move|p2a: Vaporeon|Scald|p1a: Floatzel
|-damage|p1a: Floatzel|0 fnt
|faint|p1a: Floatzel
|
|-weather|RainDance|[upkeep]
|-heal|p2a: Vaporeon|70/100|[from] item: Leftovers
|upkeep
|
|t:|1779921902
|switch|p1a: Walking Wake|Walking Wake|100/100
|-enditem|p1a: Walking Wake|Booster Energy
|-activate|p1a: Walking Wake|ability: Protosynthesis|[fromitem]
|-start|p1a: Walking Wake|protosynthesisspe
|turn|17
|
|t:|1779921904
|move|p1a: Walking Wake|Dragon Pulse|p2a: Vaporeon
|-damage|p2a: Vaporeon|35/100
|move|p2a: Vaporeon|Scald|p1a: Walking Wake
|-resisted|p1a: Walking Wake
|-damage|p1a: Walking Wake|87/100
|-status|p1a: Walking Wake|brn
|
|-weather|none
|-heal|p2a: Vaporeon|41/100|[from] item: Leftovers
|-damage|p1a: Walking Wake|80/100 brn|[from] brn
|upkeep
|turn|18
|
|t:|1779921907
|move|p1a: Walking Wake|Dragon Pulse|p2a: Vaporeon
|-damage|p2a: Vaporeon|10/100
|move|p2a: Vaporeon|Haze|p2a: Vaporeon
|-clearallboost
|
|-heal|p2a: Vaporeon|17/100|[from] item: Leftovers
|-damage|p1a: Walking Wake|74/100 brn|[from] brn
|upkeep
|turn|19
|
|t:|1779921916
|move|p1a: Walking Wake|Dragon Pulse|p2a: Vaporeon
|-damage|p2a: Vaporeon|0 fnt
|faint|p2a: Vaporeon
|
|-damage|p1a: Walking Wake|68/100 brn|[from] brn
|upkeep
|
|t:|1779921918
|switch|p2a: Dodrio|Dodrio, F|100/100
|turn|20
|
|t:|1779921921
|move|p1a: Walking Wake|Protect|p1a: Walking Wake
|-singleturn|p1a: Walking Wake|Protect
|move|p2a: Dodrio|Brave Bird|p1a: Walking Wake
|-activate|p1a: Walking Wake|move: Protect
|
|-damage|p1a: Walking Wake|62/100 brn|[from] brn
|upkeep
|turn|21
|
|t:|1779921927
|move|p1a: Walking Wake|Dragon Pulse|p2a: Dodrio
|-damage|p2a: Dodrio|13/100
|move|p2a: Dodrio|Brave Bird|p1a: Walking Wake
|-damage|p1a: Walking Wake|0 fnt
|faint|p1a: Walking Wake
|-end|p1a: Walking Wake|Protosynthesis|[silent]
|-damage|p2a: Dodrio|0 fnt|[from] Recoil
|faint|p2a: Dodrio
|
|win|BootyGoblin64
|raw|bradleymills436's rating: 1119 &rarr; <strong>1094</strong><br />(-25 for losing)
|raw|BootyGoblin64's rating: 1124 &rarr; <strong>1149</strong><br />(+25 for winning)
|l|☆BootyGoblin64
|player|p2|
|l|☆bradleymills436
|player|p1|
