|j|☆i ♡ pecharunt
|j|☆claudechamp
|t:|1779828183
|gametype|singles
|player|p1|i ♡ pecharunt|swimmer-gen4|1151
|player|p2|claudechamp|265|1197
|gen|9
|tier|[Gen 9] OU
|rated|
|rule|HP Percentage Mod: HP is shown in percentages
|rule|Endless Battle Clause: Forcing endless battles is banned
|rule|Species Clause: Limit one of each Pokémon
|rule|OHKO Clause: OHKO moves are banned
|rule|Evasion Items Clause: Evasion items are banned
|rule|Evasion Moves Clause: Evasion moves are banned
|rule|Evasion Abilities Clause: Evasion abilities are banned
|rule|Sleep Moves Clause: Sleep-inducing moves are banned
|clearpoke
|poke|p1|Zamazenta-*|
|poke|p1|Gholdengo|
|poke|p1|Darkrai|
|poke|p1|Corviknight, F|
|poke|p1|Dragonite, M|
|poke|p1|Alomomola, F|
|poke|p2|Gliscor, F|
|poke|p2|Ogerpon, F|
|poke|p2|Walking Wake|
|poke|p2|Blissey, F|
|poke|p2|Corviknight, F|
|poke|p2|Pecharunt|
|teampreview
|inactive|Battle timer is ON: inactive players will automatically lose when time's up. (requested by i ♡ pecharunt)
|c|☆claudechamp|hf
|inactive|claudechamp also wants the timer to be on.
|
|t:|1779828188
|teamsize|p1|6
|teamsize|p2|6
|start
|switch|p1a: Zamazenta|Zamazenta|100/100
|switch|p2a: Gliscor|Gliscor, F|100/100
|-ability|p1a: Zamazenta|Dauntless Shield|boost
|-boost|p1a: Zamazenta|def|1
|turn|1
|
|t:|1779828204
|-terastallize|p1a: Zamazenta|Steel
|move|p1a: Zamazenta|Reflect|p1a: Zamazenta
|-sidestart|p1: i ♡ pecharunt|Reflect
|move|p2a: Gliscor|Spikes|p1a: Zamazenta
|-sidestart|p1: i ♡ pecharunt|Spikes
|
|-status|p2a: Gliscor|tox|[from] item: Toxic Orb
|upkeep
|turn|2
|
|t:|1779828216
|move|p1a: Zamazenta|Reflect||[still]
|-fail|p1a: Zamazenta
|move|p2a: Gliscor|Spikes|p1a: Zamazenta
|-sidestart|p1: i ♡ pecharunt|Spikes
|
|upkeep
|turn|3
|
|t:|1779828224
|move|p1a: Zamazenta|Light Screen|p1a: Zamazenta
|-sidestart|p1: i ♡ pecharunt|move: Light Screen
|move|p2a: Gliscor|Spikes|p1a: Zamazenta
|-sidestart|p1: i ♡ pecharunt|Spikes
|
|upkeep
|turn|4
|
|t:|1779828241
|switch|p1a: Corviknight|Corviknight, F|100/100
|-ability|p1a: Corviknight|Pressure
|switch|p2a: Blissey|Blissey, F|100/100
|
|upkeep
|turn|5
|
|t:|1779828257
|move|p1a: Corviknight|Defog|p2a: Blissey
|-unboost|p2a: Blissey|evasion|1
|-sideend|p1: i ♡ pecharunt|Spikes|[from] move: Defog|[of] p1a: Corviknight
|move|p2a: Blissey|Stealth Rock|p1a: Corviknight
|-sidestart|p1: i ♡ pecharunt|move: Stealth Rock
|
|upkeep
|turn|6
|
|t:|1779828271
|move|p1a: Corviknight|U-turn|p2a: Blissey
|-damage|p2a: Blissey|86/100
|
|t:|1779828280
|switch|p1a: Dragonite|Dragonite, M|100/100|[from] U-turn
|move|p2a: Blissey|Seismic Toss|p1a: Dragonite
|-damage|p1a: Dragonite|70/100
|
|upkeep
|turn|7
|
|t:|1779828298
|move|p1a: Dragonite|Dragon Dance|p1a: Dragonite
|-boost|p1a: Dragonite|atk|1
|-boost|p1a: Dragonite|spe|1
|move|p2a: Blissey|Seismic Toss|p1a: Dragonite
|-damage|p1a: Dragonite|39/100
|
|upkeep
|turn|8
|
|t:|1779828309
|switch|p1a: Alomomola|Alomomola, F|100/100
|move|p2a: Blissey|Seismic Toss|p1a: Alomomola
|-damage|p1a: Alomomola|82/100
|
|-sideend|p1: i ♡ pecharunt|Reflect
|upkeep
|turn|9
|inactive|claudechamp has 120 seconds left.
|
|t:|1779828330
|move|p2a: Blissey|Seismic Toss|p1a: Alomomola
|-damage|p1a: Alomomola|63/100
|move|p1a: Alomomola|Wish|p1a: Alomomola
|
|upkeep
|turn|10
|inactive|claudechamp has 120 seconds left.
|
|t:|1779828345
|switch|p2a: Pecharunt|Pecharunt|100/100
|move|p1a: Alomomola|Flip Turn|p2a: Pecharunt
|-crit|p2a: Pecharunt
|-damage|p2a: Pecharunt|89/100
|
|t:|1779828351
|switch|p1a: Dragonite|Dragonite, M|39/100|[from] Flip Turn
|
|-heal|p1a: Dragonite|100/100|[from] move: Wish|[wisher] Alomomola
|-sideend|p1: i ♡ pecharunt|move: Light Screen
|upkeep
|turn|11
|
|t:|1779828353
|switch|p1a: Corviknight|Corviknight, F|100/100
|-damage|p1a: Corviknight|88/100|[from] Stealth Rock
|-ability|p1a: Corviknight|Pressure
|move|p2a: Pecharunt|Foul Play|p1a: Corviknight
|-damage|p1a: Corviknight|77/100
|-damage|p2a: Pecharunt|73/100|[from] item: Rocky Helmet|[of] p1a: Corviknight
|
|upkeep
|turn|12
|
|t:|1779828357
|move|p2a: Pecharunt|Foul Play|p1a: Corviknight
|-damage|p1a: Corviknight|65/100
|-damage|p2a: Pecharunt|56/100|[from] item: Rocky Helmet|[of] p1a: Corviknight
|move|p1a: Corviknight|Defog|p2a: Pecharunt
|-unboost|p2a: Pecharunt|evasion|1
|-sideend|p1: i ♡ pecharunt|Stealth Rock|[from] move: Defog|[of] p1a: Corviknight
|
|upkeep
|turn|13
|
|t:|1779828363
|move|p2a: Pecharunt|Recover|p2a: Pecharunt
|-heal|p2a: Pecharunt|100/100
|move|p1a: Corviknight|Roost|p1a: Corviknight
|-heal|p1a: Corviknight|100/100
|-singleturn|p1a: Corviknight|move: Roost
|
|upkeep
|turn|14
|
|t:|1779828369
|switch|p1a: Zamazenta|Zamazenta, tera:Steel|100/100
|move|p2a: Pecharunt|Parting Shot|p1a: Zamazenta
|-unboost|p1a: Zamazenta|atk|1
|-unboost|p1a: Zamazenta|spa|1
|
|t:|1779828374
|switch|p2a: Blissey|Blissey, F|86/100|[from] Parting Shot
|
|upkeep
|turn|15
|
|t:|1779828390
|move|p1a: Zamazenta|Light Screen|p1a: Zamazenta
|-sidestart|p1: i ♡ pecharunt|move: Light Screen
|move|p2a: Blissey|Stealth Rock|p1a: Zamazenta
|-sidestart|p1: i ♡ pecharunt|move: Stealth Rock
|
|upkeep
|turn|16
|
|t:|1779828407
|move|p1a: Zamazenta|Reflect|p1a: Zamazenta
|-sidestart|p1: i ♡ pecharunt|Reflect
|move|p2a: Blissey|Seismic Toss|p1a: Zamazenta
|-damage|p1a: Zamazenta|72/100
|
|upkeep
|turn|17
|
|t:|1779828416
|switch|p1a: Gholdengo|Gholdengo|100/100
|-damage|p1a: Gholdengo|94/100|[from] Stealth Rock
|-item|p1a: Gholdengo|Air Balloon
|move|p2a: Blissey|Seismic Toss|p1a: Gholdengo
|-immune|p1a: Gholdengo
|
|upkeep
|turn|18
|
|t:|1779828419
|switch|p2a: Pecharunt|Pecharunt|100/100
|move|p1a: Gholdengo|Nasty Plot|p1a: Gholdengo
|-boost|p1a: Gholdengo|spa|2
|
|upkeep
|turn|19
|
|t:|1779828427
|move|p2a: Pecharunt|Foul Play|p1a: Gholdengo
|-supereffective|p1a: Gholdengo
|-damage|p1a: Gholdengo|87/100
|-enditem|p1a: Gholdengo|Air Balloon
|move|p1a: Gholdengo|Shadow Ball|p2a: Pecharunt
|-supereffective|p2a: Pecharunt
|-crit|p2a: Pecharunt
|-damage|p2a: Pecharunt|0 fnt
|faint|p2a: Pecharunt
|
|upkeep
|
|t:|1779828434
|switch|p2a: Blissey|Blissey, F|86/100
|turn|20
|
|t:|1779828448
|switch|p2a: Walking Wake|Walking Wake|100/100
|move|p1a: Gholdengo|Nasty Plot|p1a: Gholdengo
|-boost|p1a: Gholdengo|spa|2
|
|upkeep
|turn|21
|
|t:|1779828461
|move|p2a: Walking Wake|Surf|p1a: Gholdengo
|-damage|p1a: Gholdengo|66/100
|move|p1a: Gholdengo|Shadow Ball|p2a: Walking Wake
|-damage|p2a: Walking Wake|0 fnt
|faint|p2a: Walking Wake
|-end|p2a: Walking Wake|Protosynthesis|[silent]
|
|upkeep
|
|t:|1779828478
|switch|p2a: Blissey|Blissey, F|86/100
|turn|22
|
|t:|1779828492
|-terastallize|p2a: Blissey|Dark
|move|p1a: Gholdengo|Make It Rain|p2a: Blissey
|-damage|p2a: Blissey|35/100
|-unboost|p1a: Gholdengo|spa|1
|move|p2a: Blissey|Soft-Boiled|p2a: Blissey
|-heal|p2a: Blissey|85/100
|
|-sideend|p1: i ♡ pecharunt|move: Light Screen
|upkeep
|turn|23
|
|t:|1779828502
|switch|p2a: Corviknight|Corviknight, F|100/100
|-ability|p2a: Corviknight|Pressure
|move|p1a: Gholdengo|Recover|p1a: Gholdengo
|-heal|p1a: Gholdengo|100/100
|
|-sideend|p1: i ♡ pecharunt|Reflect
|upkeep
|turn|24
|
|t:|1779828521
|switch|p2a: Blissey|Blissey, F, tera:Dark|85/100
|move|p1a: Gholdengo|Shadow Ball|p2a: Blissey
|-resisted|p2a: Blissey
|-damage|p2a: Blissey|72/100
|
|upkeep
|turn|25
|
|t:|1779828526
|switch|p2a: Gliscor|Gliscor, F|100/100 tox
|move|p1a: Gholdengo|Nasty Plot|p1a: Gholdengo
|-boost|p1a: Gholdengo|spa|2
|
|upkeep
|turn|26
|
|t:|1779828543
|move|p2a: Gliscor|Earthquake|p1a: Gholdengo
|-supereffective|p1a: Gholdengo
|-damage|p1a: Gholdengo|51/100
|move|p1a: Gholdengo|Make It Rain|p2a: Gliscor
|-damage|p2a: Gliscor|0 fnt
|-unboost|p1a: Gholdengo|spa|1
|faint|p2a: Gliscor
|
|upkeep
|
|t:|1779828557
|switch|p2a: Blissey|Blissey, F, tera:Dark|72/100
|turn|27
|inactive|claudechamp has 120 seconds left.
|
|t:|1779828579
|switch|p2a: Corviknight|Corviknight, F|100/100
|-ability|p2a: Corviknight|Pressure
|move|p1a: Gholdengo|Recover|p1a: Gholdengo
|-heal|p1a: Gholdengo|100/100
|
|upkeep
|turn|28
|inactive|claudechamp has 120 seconds left.
|
|t:|1779828594
|move|p1a: Gholdengo|Nasty Plot|p1a: Gholdengo
|-boost|p1a: Gholdengo|spa|2
|move|p2a: Corviknight|U-turn|p1a: Gholdengo
|-resisted|p1a: Gholdengo
|-damage|p1a: Gholdengo|98/100
|inactive|claudechamp has 120 seconds left.
|
|t:|1779828605
|switch|p2a: Blissey|Blissey, F, tera:Dark|72/100|[from] U-turn
|
|upkeep
|turn|29
|inactive|claudechamp has 120 seconds left.
|
|t:|1779828625
|switch|p2a: Corviknight|Corviknight, F|100/100
|-ability|p2a: Corviknight|Pressure
|move|p1a: Gholdengo|Make It Rain|p2a: Corviknight
|-resisted|p2a: Corviknight
|-damage|p2a: Corviknight|0 fnt
|-unboost|p1a: Gholdengo|spa|1
|faint|p2a: Corviknight
|
|upkeep
|
|t:|1779828629
|switch|p2a: Blissey|Blissey, F, tera:Dark|72/100
|turn|30
|inactive|claudechamp has 120 seconds left.
|
|t:|1779828644
|switch|p2a: Ogerpon|Ogerpon, F|100/100
|move|p1a: Gholdengo|Make It Rain|p2a: Ogerpon
|-damage|p2a: Ogerpon|0 fnt
|-unboost|p1a: Gholdengo|spa|1
|faint|p2a: Ogerpon
|
|upkeep
|
|t:|1779828649
|switch|p2a: Blissey|Blissey, F, tera:Dark|72/100
|turn|31
|
|t:|1779828658
|move|p1a: Gholdengo|Nasty Plot|p1a: Gholdengo
|-boost|p1a: Gholdengo|spa|2
|move|p2a: Blissey|Soft-Boiled|p2a: Blissey
|-heal|p2a: Blissey|100/100
|
|upkeep
|turn|32
|c|☆i ♡ pecharunt|ggs bum
|
|t:|1779828672
|move|p1a: Gholdengo|Make It Rain|p2a: Blissey
|-damage|p2a: Blissey|37/100
|-unboost|p1a: Gholdengo|spa|1
|move|p2a: Blissey|Soft-Boiled|p2a: Blissey
|-heal|p2a: Blissey|87/100
|
|upkeep
|turn|33
|
|t:|1779828681
|move|p1a: Gholdengo|Nasty Plot|p1a: Gholdengo
|-boost|p1a: Gholdengo|spa|1
|move|p2a: Blissey|Soft-Boiled|p2a: Blissey
|-heal|p2a: Blissey|100/100
|
|upkeep
|turn|34
|
|t:|1779828690
|move|p1a: Gholdengo|Make It Rain|p2a: Blissey
|-damage|p2a: Blissey|31/100
|-unboost|p1a: Gholdengo|spa|1
|move|p2a: Blissey|Calm Mind|p2a: Blissey
|-boost|p2a: Blissey|spa|1
|-boost|p2a: Blissey|spd|1
|
|upkeep
|turn|35
|c|☆i ♡ pecharunt|oh you just cooked yourself
|
|t:|1779828704
|move|p1a: Gholdengo|Make It Rain|p2a: Blissey
|-damage|p2a: Blissey|0 fnt
|-unboost|p1a: Gholdengo|spa|1
|faint|p2a: Blissey
|
|win|i ♡ pecharunt
|raw|i ♡ pecharunt's rating: 1151 &rarr; <strong>1182</strong><br />(+31 for winning)
|raw|claudechamp's rating: 1241 &rarr; <strong>1210</strong><br />(-31 for losing)
|c|☆claudechamp|gg
|l|☆i ♡ pecharunt
|player|p1|
