|j|☆berutoto
|j|☆HokaHemat
|t:|1779822212
|gametype|singles
|player|p1|berutoto|101|1065
|player|p2|HokaHemat|2|1000
|gen|9
|tier|[Gen 9] OU
|rated|
|rule|HP Percentage Mod: HP is shown in percentages
|rule|Endless Battle Clause: Forcing endless battles is banned
|rule|Species Clause: Limit one of each Pokémon
|rule|OHKO Clause: OHKO moves are banned
|rule|Evasion Items Clause: Evasion items are banned
|rule|Evasion Moves Clause: Evasion moves are banned
|rule|Evasion Abilities Clause: Evasion abilities are banned
|rule|Sleep Moves Clause: Sleep-inducing moves are banned
|clearpoke
|poke|p1|Typhlosion, F|
|poke|p1|Abomasnow, M|
|poke|p1|Skarmory, F|
|poke|p1|Gastrodon, F|
|poke|p1|Donphan, M|
|poke|p1|Kommo-o, F|
|poke|p2|Reuniclus, F|
|poke|p2|Heatran, M|
|poke|p2|Great Tusk|
|poke|p2|Whimsicott, F|
|poke|p2|Clodsire, M|
|poke|p2|Ursaluna, M|
|teampreview
|
|t:|1779822221
|teamsize|p1|6
|teamsize|p2|6
|start
|switch|p1a: Kommo-o|Kommo-o, F|100/100
|switch|p2a: Whimsicott|Whimsicott, F|100/100
|turn|1
|
|t:|1779822230
|switch|p1a: Typhlosion|Typhlosion, F|100/100
|move|p2a: Whimsicott|Trick Room|p2a: Whimsicott
|-fieldstart|move: Trick Room|[of] p2a: Whimsicott
|
|upkeep
|turn|2
|
|t:|1779822236
|switch|p1a: Gastrodon|Gastrodon, F|100/100
|move|p2a: Whimsicott|Memento|p1a: Gastrodon
|-unboost|p1a: Gastrodon|atk|2
|-unboost|p1a: Gastrodon|spa|2
|faint|p2a: Whimsicott
|
|upkeep
|inactive|Battle timer is ON: inactive players will automatically lose when time's up. (requested by berutoto)
|
|t:|1779822244
|switch|p2a: Reuniclus|Reuniclus, F|100/100
|turn|3
|
|t:|1779822251
|move|p2a: Reuniclus|Calm Mind|p2a: Reuniclus
|-boost|p2a: Reuniclus|spa|1
|-boost|p2a: Reuniclus|spd|1
|move|p1a: Gastrodon|Surf|p2a: Reuniclus
|-damage|p2a: Reuniclus|82/100
|
|upkeep
|turn|4
|
|t:|1779822257
|switch|p1a: Skarmory|Skarmory, F|100/100
|move|p2a: Reuniclus|Expanding Force|p1a: Skarmory
|-resisted|p1a: Skarmory
|-damage|p1a: Skarmory|48/100
|
|-heal|p1a: Skarmory|54/100|[from] item: Leftovers
|upkeep
|turn|5
|
|t:|1779822267
|move|p2a: Reuniclus|Expanding Force|p1a: Skarmory
|-resisted|p1a: Skarmory
|-damage|p1a: Skarmory|1/100
|move|p1a: Skarmory|Iron Defense|p1a: Skarmory
|-boost|p1a: Skarmory|def|2
|
|-heal|p1a: Skarmory|7/100|[from] item: Leftovers
|-fieldend|move: Trick Room
|upkeep
|turn|6
|
|t:|1779822289
|move|p1a: Skarmory|Body Press|p2a: Reuniclus
|-resisted|p2a: Reuniclus
|-damage|p2a: Reuniclus|63/100
|move|p2a: Reuniclus|Knock Off|p1a: Skarmory
|-damage|p1a: Skarmory|0 fnt
|-enditem|p1a: Skarmory|Leftovers|[from] move: Knock Off|[of] p2a: Reuniclus
|faint|p1a: Skarmory
|
|upkeep
|
|t:|1779822297
|switch|p1a: Typhlosion|Typhlosion, F|100/100
|turn|7
|
|t:|1779822307
|switch|p2a: Clodsire|Clodsire, M|100/100
|move|p1a: Typhlosion|Shadow Ball|p2a: Clodsire
|-damage|p2a: Clodsire|82/100
|
|-heal|p2a: Clodsire|88/100|[from] item: Black Sludge
|upkeep
|turn|8
|
|t:|1779822321
|switch|p1a: Donphan|Donphan, M|100/100
|move|p2a: Clodsire|Stealth Rock|p1a: Donphan
|-sidestart|p1: berutoto|move: Stealth Rock
|
|-heal|p2a: Clodsire|94/100|[from] item: Black Sludge
|upkeep
|turn|9
|
|t:|1779822346
|switch|p2a: Great Tusk|Great Tusk|100/100
|-enditem|p2a: Great Tusk|Booster Energy
|-activate|p2a: Great Tusk|ability: Protosynthesis|[fromitem]
|-start|p2a: Great Tusk|protosynthesisspe
|move|p1a: Donphan|Earthquake|p2a: Great Tusk
|-damage|p2a: Great Tusk|57/100
|-damage|p1a: Donphan|91/100|[from] item: Life Orb
|
|upkeep
|turn|10
|
|t:|1779822362
|move|p2a: Great Tusk|Ice Spinner|p1a: Donphan
|-supereffective|p1a: Donphan
|-damage|p1a: Donphan|46/100
|move|p1a: Donphan|Ice Spinner|p2a: Great Tusk
|-supereffective|p2a: Great Tusk
|-damage|p2a: Great Tusk|11/100
|-damage|p1a: Donphan|36/100|[from] item: Life Orb
|
|upkeep
|turn|11
|
|t:|1779822371
|move|p2a: Great Tusk|Ice Spinner|p1a: Donphan
|-supereffective|p1a: Donphan
|-damage|p1a: Donphan|0 fnt
|faint|p1a: Donphan
|
|upkeep
|
|t:|1779822374
|switch|p1a: Kommo-o|Kommo-o, F|100/100
|-damage|p1a: Kommo-o|94/100|[from] Stealth Rock
|turn|12
|
|t:|1779822383
|move|p2a: Great Tusk|Ice Spinner|p1a: Kommo-o
|-supereffective|p1a: Kommo-o
|-damage|p1a: Kommo-o|51/100
|move|p1a: Kommo-o|Scale Shot|p2a: Great Tusk|[miss]
|-miss|p1a: Kommo-o|p2a: Great Tusk
|
|-heal|p1a: Kommo-o|57/100|[from] item: Leftovers
|upkeep
|turn|13
|
|t:|1779822394
|move|p2a: Great Tusk|Ice Spinner|p1a: Kommo-o
|-supereffective|p1a: Kommo-o
|-damage|p1a: Kommo-o|11/100
|move|p1a: Kommo-o|Scale Shot|p2a: Great Tusk
|-crit|p2a: Great Tusk
|-damage|p2a: Great Tusk|0 fnt
|faint|p2a: Great Tusk
|-end|p2a: Great Tusk|Protosynthesis|[silent]
|-hitcount|p2: Great Tusk|1
|-unboost|p1a: Kommo-o|def|1
|-boost|p1a: Kommo-o|spe|1
|
|-heal|p1a: Kommo-o|17/100|[from] item: Leftovers
|upkeep
|
|t:|1779822409
|switch|p2a: Ursaluna|Ursaluna, M|100/100
|turn|14
|
|t:|1779822419
|move|p1a: Kommo-o|Drain Punch|p2a: Ursaluna
|-supereffective|p2a: Ursaluna
|-damage|p2a: Ursaluna|52/100
|-heal|p1a: Kommo-o|55/100|[from] drain|[of] p2a: Ursaluna
|move|p2a: Ursaluna|Headlong Rush|p1a: Kommo-o
|-damage|p1a: Kommo-o|0 fnt
|-unboost|p2a: Ursaluna|def|1
|-unboost|p2a: Ursaluna|spd|1
|faint|p1a: Kommo-o
|
|-status|p2a: Ursaluna|brn|[from] item: Flame Orb
|upkeep
|
|t:|1779822432
|switch|p1a: Abomasnow|Abomasnow, M|100/100
|-damage|p1a: Abomasnow|76/100|[from] Stealth Rock
|-weather|Snowscape|[from] ability: Snow Warning|[of] p1a: Abomasnow
|turn|15
|
|t:|1779822443
|switch|p2a: Clodsire|Clodsire, M|94/100
|move|p1a: Abomasnow|Blizzard|p2a: Clodsire
|-supereffective|p2a: Clodsire
|-damage|p2a: Clodsire|0 fnt
|faint|p2a: Clodsire
|
|-weather|Snowscape|[upkeep]
|upkeep
|
|t:|1779822451
|switch|p2a: Reuniclus|Reuniclus, F|63/100
|turn|16
|
|t:|1779822469
|switch|p1a: Gastrodon|Gastrodon, F|100/100
|-damage|p1a: Gastrodon|94/100|[from] Stealth Rock
|move|p2a: Reuniclus|Expanding Force|p1a: Gastrodon
|-damage|p1a: Gastrodon|50/100
|
|-weather|Snowscape|[upkeep]
|upkeep
|turn|17
|
|t:|1779822478
|switch|p2a: Heatran|Heatran, M|100/100
|move|p1a: Gastrodon|Sludge Wave|p2a: Heatran
|-immune|p2a: Heatran
|
|-weather|Snowscape|[upkeep]
|upkeep
|turn|18
|
|t:|1779822487
|switch|p2a: Ursaluna|Ursaluna, M|52/100 brn
|move|p1a: Gastrodon|Sludge Wave|p2a: Ursaluna
|-resisted|p2a: Ursaluna
|-damage|p2a: Ursaluna|34/100 brn
|
|-weather|Snowscape|[upkeep]
|-damage|p2a: Ursaluna|27/100 brn|[from] brn
|upkeep
|turn|19
|
|t:|1779822495
|move|p2a: Ursaluna|Headlong Rush|p1a: Gastrodon
|-damage|p1a: Gastrodon|0 fnt
|-unboost|p2a: Ursaluna|def|1
|-unboost|p2a: Ursaluna|spd|1
|faint|p1a: Gastrodon
|
|-weather|none
|-damage|p2a: Ursaluna|21/100 brn|[from] brn
|upkeep
|
|t:|1779822499
|switch|p1a: Abomasnow|Abomasnow, M|76/100
|-damage|p1a: Abomasnow|51/100|[from] Stealth Rock
|-weather|Snowscape|[from] ability: Snow Warning|[of] p1a: Abomasnow
|turn|20
|
|t:|1779822514
|switch|p2a: Heatran|Heatran, M|100/100
|move|p1a: Abomasnow|Giga Drain|p2a: Heatran
|-resisted|p2a: Heatran
|-damage|p2a: Heatran|90/100
|-heal|p1a: Abomasnow|56/100|[from] drain|[of] p2a: Heatran
|
|-weather|Snowscape|[upkeep]
|-heal|p2a: Heatran|96/100|[from] item: Leftovers
|upkeep
|turn|21
|
|t:|1779822528
|switch|p1a: Typhlosion|Typhlosion, F|100/100
|-damage|p1a: Typhlosion|76/100|[from] Stealth Rock
|move|p2a: Heatran|Magma Storm|p1a: Typhlosion
|-start|p1a: Typhlosion|ability: Flash Fire
|
|-weather|Snowscape|[upkeep]
|-heal|p2a: Heatran|100/100|[from] item: Leftovers
|upkeep
|turn|22
|
|t:|1779822546
|switch|p2a: Reuniclus|Reuniclus, F|63/100
|move|p1a: Typhlosion|Shadow Ball|p2a: Reuniclus
|-supereffective|p2a: Reuniclus
|-damage|p2a: Reuniclus|19/100
|
|-weather|Snowscape|[upkeep]
|upkeep
|turn|23
|
|t:|1779822564
|move|p1a: Typhlosion|Shadow Ball|p2a: Reuniclus
|-supereffective|p2a: Reuniclus
|-damage|p2a: Reuniclus|0 fnt
|faint|p2a: Reuniclus
|
|-weather|Snowscape|[upkeep]
|upkeep
|
|t:|1779822570
|switch|p2a: Heatran|Heatran, M|100/100
|turn|24
|
|t:|1779822573
|move|p1a: Typhlosion|Shadow Ball|p2a: Heatran
|-damage|p2a: Heatran|75/100
|-unboost|p2a: Heatran|spd|1
|move|p2a: Heatran|Earth Power|p1a: Typhlosion
|-supereffective|p1a: Typhlosion
|-damage|p1a: Typhlosion|0 fnt
|faint|p1a: Typhlosion
|
|-weather|none
|-heal|p2a: Heatran|81/100|[from] item: Leftovers
|upkeep
|
|t:|1779822578
|switch|p1a: Abomasnow|Abomasnow, M|56/100
|-damage|p1a: Abomasnow|31/100|[from] Stealth Rock
|-weather|Snowscape|[from] ability: Snow Warning|[of] p1a: Abomasnow
|turn|25
|c|☆berutoto|gg mn
|
|t:|1779822590
|-terastallize|p1a: Abomasnow|Grass
|move|p2a: Heatran|Magma Storm|p1a: Abomasnow
|-supereffective|p1a: Abomasnow
|-damage|p1a: Abomasnow|0 fnt
|faint|p1a: Abomasnow
|
|win|HokaHemat
|raw|berutoto's rating: 1065 &rarr; <strong>1042</strong><br />(-23 for losing)
|raw|HokaHemat's rating: 1000 &rarr; <strong>1047</strong><br />(+47 for winning)
|l|☆berutoto
|player|p1|
