|j|☆The Poo Wrangler
|j|☆zukarusuke
|t:|1779859029
|gametype|singles
|player|p1|The Poo Wrangler|2|1145
|player|p2|zukarusuke|unknown|1175
|gen|9
|tier|[Gen 9] OU
|rated|
|rule|HP Percentage Mod: HP is shown in percentages
|rule|Endless Battle Clause: Forcing endless battles is banned
|rule|Species Clause: Limit one of each Pokémon
|rule|OHKO Clause: OHKO moves are banned
|rule|Evasion Items Clause: Evasion items are banned
|rule|Evasion Moves Clause: Evasion moves are banned
|rule|Evasion Abilities Clause: Evasion abilities are banned
|rule|Sleep Moves Clause: Sleep-inducing moves are banned
|clearpoke
|poke|p1|Indeedee, M|
|poke|p1|Kommo-o, F|
|poke|p1|Polteageist|
|poke|p1|Cloyster, M|
|poke|p1|Quaquaval, F|
|poke|p1|Hatterene, F|
|poke|p2|Great Tusk|
|poke|p2|Zapdos|
|poke|p2|Meowscarada, F|
|poke|p2|Kingambit, F|
|poke|p2|Dragapult, F|
|poke|p2|Clefable, F|
|teampreview
|inactive|Battle timer is ON: inactive players will automatically lose when time's up. (requested by zukarusuke)
|inactive|The Poo Wrangler also wants the timer to be on.
|
|t:|1779859045
|teamsize|p1|6
|teamsize|p2|6
|start
|switch|p1a: Indeedee|Indeedee, M|100/100
|switch|p2a: Meowscarada|Meowscarada, F|100/100
|-fieldstart|move: Psychic Terrain|[from] ability: Psychic Surge|[of] p1a: Indeedee
|turn|1
|inactive|The Poo Wrangler has 120 seconds left.
|inactive|The Poo Wrangler has 90 seconds left.
|
|t:|1779859114
|switch|p1a: An OwO moment|Hatterene, F|100/100
|move|p2a: Meowscarada|U-turn|p1a: An OwO moment
|-start|p2a: Meowscarada|typechange|Bug|[from] ability: Protean
|-damage|p1a: An OwO moment|63/100
|
|t:|1779859128
|switch|p2a: Dragapult|Dragapult, F|100/100|[from] U-turn
|
|-heal|p1a: An OwO moment|69/100|[from] item: Leftovers
|upkeep
|turn|2
|inactive|The Poo Wrangler has 90 seconds left.
|
|t:|1779859146
|move|p2a: Dragapult|Substitute|p2a: Dragapult
|-start|p2a: Dragapult|Substitute
|-damage|p2a: Dragapult|76/100
|move|p1a: An OwO moment|Trick Room|p1a: An OwO moment
|-fieldstart|move: Trick Room|[of] p1a: An OwO moment
|
|-heal|p1a: An OwO moment|75/100|[from] item: Leftovers
|-heal|p2a: Dragapult|82/100|[from] item: Leftovers
|upkeep
|turn|3
|
|t:|1779859152
|move|p1a: An OwO moment|Calm Mind|p1a: An OwO moment
|-boost|p1a: An OwO moment|spa|1
|-boost|p1a: An OwO moment|spd|1
|move|p2a: Dragapult|Hex|p1a: An OwO moment
|-supereffective|p1a: An OwO moment
|-damage|p1a: An OwO moment|35/100
|
|-heal|p1a: An OwO moment|41/100|[from] item: Leftovers
|-heal|p2a: Dragapult|88/100|[from] item: Leftovers
|upkeep
|turn|4
|
|t:|1779859165
|move|p1a: An OwO moment|Draining Kiss|p2a: Dragapult
|-supereffective|p2a: Dragapult
|-end|p2a: Dragapult|Substitute
|-heal|p1a: An OwO moment|60/100|[from] drain|[of] p2a: Dragapult
|move|p2a: Dragapult|Substitute|p2a: Dragapult
|-start|p2a: Dragapult|Substitute
|-damage|p2a: Dragapult|63/100
|
|-heal|p1a: An OwO moment|66/100|[from] item: Leftovers
|-heal|p2a: Dragapult|69/100|[from] item: Leftovers
|upkeep
|turn|5
|
|t:|1779859175
|move|p1a: An OwO moment|Draining Kiss|p2a: Dragapult
|-supereffective|p2a: Dragapult
|-end|p2a: Dragapult|Substitute
|-heal|p1a: An OwO moment|85/100|[from] drain|[of] p2a: Dragapult
|move|p2a: Dragapult|Hex|p1a: An OwO moment
|-supereffective|p1a: An OwO moment
|-damage|p1a: An OwO moment|47/100
|
|-heal|p1a: An OwO moment|53/100|[from] item: Leftovers
|-heal|p2a: Dragapult|75/100|[from] item: Leftovers
|upkeep
|turn|6
|
|t:|1779859197
|switch|p2a: Zapdos|Zapdos|100/100
|move|p1a: An OwO moment|Draining Kiss|p2a: Zapdos
|-damage|p2a: Zapdos|70/100
|-heal|p1a: An OwO moment|81/100|[from] drain|[of] p2a: Zapdos
|
|-heal|p1a: An OwO moment|87/100|[from] item: Leftovers
|-fieldend|move: Trick Room
|upkeep
|turn|7
|
|t:|1779859205
|move|p2a: Zapdos|Hurricane|p1a: An OwO moment|[miss]
|-miss|p2a: Zapdos|p1a: An OwO moment
|move|p1a: An OwO moment|Calm Mind|p1a: An OwO moment
|-boost|p1a: An OwO moment|spa|1
|-boost|p1a: An OwO moment|spd|1
|
|-heal|p1a: An OwO moment|93/100|[from] item: Leftovers
|upkeep
|turn|8
|
|t:|1779859217
|move|p2a: Zapdos|Hurricane|p1a: An OwO moment
|-damage|p1a: An OwO moment|69/100
|move|p1a: An OwO moment|Calm Mind|p1a: An OwO moment
|-boost|p1a: An OwO moment|spa|1
|-boost|p1a: An OwO moment|spd|1
|
|-heal|p1a: An OwO moment|75/100|[from] item: Leftovers
|-fieldend|move: Psychic Terrain
|upkeep
|turn|9
|
|t:|1779859221
|move|p2a: Zapdos|Hurricane|p1a: An OwO moment
|-damage|p1a: An OwO moment|56/100
|move|p1a: An OwO moment|Calm Mind|p1a: An OwO moment
|-boost|p1a: An OwO moment|spa|1
|-boost|p1a: An OwO moment|spd|1
|
|-heal|p1a: An OwO moment|62/100|[from] item: Leftovers
|upkeep
|turn|10
|
|t:|1779859225
|move|p2a: Zapdos|Hurricane|p1a: An OwO moment|[miss]
|-miss|p2a: Zapdos|p1a: An OwO moment
|move|p1a: An OwO moment|Calm Mind|p1a: An OwO moment
|-boost|p1a: An OwO moment|spa|1
|-boost|p1a: An OwO moment|spd|1
|
|-heal|p1a: An OwO moment|68/100|[from] item: Leftovers
|upkeep
|turn|11
|
|t:|1779859227
|move|p2a: Zapdos|Hurricane|p1a: An OwO moment
|-damage|p1a: An OwO moment|55/100
|move|p1a: An OwO moment|Calm Mind|p1a: An OwO moment
|-boost|p1a: An OwO moment|spa|1
|-boost|p1a: An OwO moment|spd|1
|
|-heal|p1a: An OwO moment|61/100|[from] item: Leftovers
|upkeep
|turn|12
|
|t:|1779859231
|move|p2a: Zapdos|Hurricane|p1a: An OwO moment
|-damage|p1a: An OwO moment|48/100
|-start|p1a: An OwO moment|confusion
|-activate|p1a: An OwO moment|confusion
|-damage|p1a: An OwO moment|42/100|[from] confusion
|
|-heal|p1a: An OwO moment|48/100|[from] item: Leftovers
|upkeep
|turn|13
|
|t:|1779859243
|move|p2a: Zapdos|Volt Switch|p1a: An OwO moment
|-damage|p1a: An OwO moment|40/100
|
|t:|1779859245
|switch|p2a: Meowscarada|Meowscarada, F|100/100|[from] Volt Switch
|-activate|p1a: An OwO moment|confusion
|-damage|p1a: An OwO moment|35/100|[from] confusion
|
|-heal|p1a: An OwO moment|41/100|[from] item: Leftovers
|upkeep
|turn|14
|
|t:|1779859257
|move|p2a: Meowscarada|Flower Trick|p1a: An OwO moment
|-start|p2a: Meowscarada|typechange|Grass|[from] ability: Protean
|-crit|p1a: An OwO moment
|-damage|p1a: An OwO moment|0 fnt
|faint|p1a: An OwO moment
|
|upkeep
|
|t:|1779859266
|switch|p1a: Cloyster|Cloyster, M|100/100
|turn|15
|
|t:|1779859275
|-terastallize|p1a: Cloyster|Steel
|move|p2a: Meowscarada|Flower Trick|p1a: Cloyster
|-resisted|p1a: Cloyster
|-crit|p1a: Cloyster
|-damage|p1a: Cloyster|69/100
|move|p1a: Cloyster|Shell Smash|p1a: Cloyster
|-unboost|p1a: Cloyster|def|1
|-unboost|p1a: Cloyster|spd|1
|-boost|p1a: Cloyster|atk|2
|-boost|p1a: Cloyster|spa|2
|-boost|p1a: Cloyster|spe|2
|-enditem|p1a: Cloyster|White Herb
|-clearnegativeboost|p1a: Cloyster|[silent]
|
|upkeep
|turn|16
|
|t:|1779859287
|move|p1a: Cloyster|Shell Smash|p1a: Cloyster
|-unboost|p1a: Cloyster|def|1
|-unboost|p1a: Cloyster|spd|1
|-boost|p1a: Cloyster|atk|2
|-boost|p1a: Cloyster|spa|2
|-boost|p1a: Cloyster|spe|2
|move|p2a: Meowscarada|Flower Trick|p1a: Cloyster
|-resisted|p1a: Cloyster
|-crit|p1a: Cloyster
|-damage|p1a: Cloyster|20/100
|
|upkeep
|turn|17
|
|t:|1779859305
|switch|p2a: Great Tusk|Great Tusk|100/100
|move|p1a: Cloyster|Icicle Spear|p2a: Great Tusk
|-supereffective|p2a: Great Tusk
|-damage|p2a: Great Tusk|53/100
|-supereffective|p2a: Great Tusk
|-damage|p2a: Great Tusk|7/100
|-supereffective|p2a: Great Tusk
|-damage|p2a: Great Tusk|0 fnt
|faint|p2a: Great Tusk
|-end|p2a: Great Tusk|Protosynthesis|[silent]
|-hitcount|p2: Great Tusk|3
|
|upkeep
|l|☆The Poo Wrangler
|inactive|The Poo Wrangler disconnected and has a minute to reconnect!
|player|p1|
|
|t:|1779859308
|switch|p2a: Kingambit|Kingambit, F|100/100
|-activate|p2a: Kingambit|ability: Supreme Overlord
|-start|p2a: Kingambit|fallen1|[silent]
|-item|p2a: Kingambit|Air Balloon
|turn|18
|j|☆The Poo Wrangler
|inactive|The Poo Wrangler reconnected and has 145 seconds left.
|player|p1|The Poo Wrangler|2|
|
|t:|1779859319
|move|p2a: Kingambit|Sucker Punch||[still]
|-fail|p2a: Kingambit
|move|p1a: Cloyster|Shell Smash|p1a: Cloyster
|-unboost|p1a: Cloyster|def|1
|-unboost|p1a: Cloyster|spd|1
|-boost|p1a: Cloyster|atk|2
|-boost|p1a: Cloyster|spa|2
|-boost|p1a: Cloyster|spe|2
|
|upkeep
|turn|19
|
|t:|1779859323
|move|p1a: Cloyster|Ice Shard|p2a: Kingambit
|-resisted|p2a: Kingambit
|-damage|p2a: Kingambit|74/100
|-enditem|p2a: Kingambit|Air Balloon
|move|p2a: Kingambit|Sucker Punch||[still]
|-fail|p2a: Kingambit
|
|upkeep
|turn|20
|
|t:|1779859330
|move|p1a: Cloyster|Ice Shard|p2a: Kingambit
|-resisted|p2a: Kingambit
|-damage|p2a: Kingambit|47/100
|move|p2a: Kingambit|Sucker Punch||[still]
|-fail|p2a: Kingambit
|
|upkeep
|turn|21
|
|t:|1779859336
|move|p1a: Cloyster|Ice Shard|p2a: Kingambit
|-resisted|p2a: Kingambit
|-damage|p2a: Kingambit|19/100
|move|p2a: Kingambit|Kowtow Cleave|p1a: Cloyster
|-damage|p1a: Cloyster|0 fnt
|faint|p1a: Cloyster
|
|upkeep
|
|t:|1779859344
|switch|p1a: Quaquaval|Quaquaval, F|100/100
|turn|22
|
|t:|1779859351
|-end|p2a: Kingambit|fallen1|[silent]
|switch|p2a: Zapdos|Zapdos|70/100
|move|p1a: Quaquaval|Aqua Step|p2a: Zapdos
|-damage|p2a: Zapdos|33/100
|-boost|p1a: Quaquaval|spe|1
|-status|p1a: Quaquaval|par|[from] ability: Static|[of] p2a: Zapdos
|
|upkeep
|turn|23
|
|t:|1779859357
|move|p2a: Zapdos|Hurricane|p1a: Quaquaval
|-supereffective|p1a: Quaquaval
|-damage|p1a: Quaquaval|0 fnt
|faint|p1a: Quaquaval
|
|upkeep
|
|t:|1779859365
|switch|p1a: A Pot-Head|Polteageist|100/100
|turn|24
|
|t:|1779859369
|move|p2a: Zapdos|Volt Switch|p1a: A Pot-Head
|-damage|p1a: A Pot-Head|67/100
|
|t:|1779859374
|switch|p2a: Clefable|Clefable, F|100/100|[from] Volt Switch
|move|p1a: A Pot-Head|Shell Smash|p1a: A Pot-Head
|-unboost|p1a: A Pot-Head|def|1
|-unboost|p1a: A Pot-Head|spd|1
|-boost|p1a: A Pot-Head|atk|2
|-boost|p1a: A Pot-Head|spa|2
|-boost|p1a: A Pot-Head|spe|2
|
|upkeep
|turn|25
|
|t:|1779859385
|move|p1a: A Pot-Head|Shadow Ball|p2a: Clefable
|-damage|p2a: Clefable|41/100
|move|p2a: Clefable|Thunder Wave|p1a: A Pot-Head
|-status|p1a: A Pot-Head|par
|
|-heal|p2a: Clefable|47/100|[from] item: Leftovers
|upkeep
|turn|26
|
|t:|1779859396
|switch|p2a: Zapdos|Zapdos|33/100
|cant|p1a: A Pot-Head|par
|
|upkeep
|turn|27
|
|t:|1779859399
|move|p2a: Zapdos|Hurricane|p1a: A Pot-Head
|-damage|p1a: A Pot-Head|0 fnt
|faint|p1a: A Pot-Head
|
|upkeep
|
|t:|1779859408
|switch|p1a: Indeedee|Indeedee, M|100/100
|-fieldstart|move: Psychic Terrain|[from] ability: Psychic Surge|[of] p1a: Indeedee
|turn|28
|
|t:|1779859411
|move|p2a: Zapdos|Hurricane|p1a: Indeedee|[miss]
|-miss|p2a: Zapdos|p1a: Indeedee
|move|p1a: Indeedee|Expanding Force|p2a: Zapdos
|-damage|p2a: Zapdos|0 fnt
|faint|p2a: Zapdos
|
|upkeep
|
|t:|1779859416
|switch|p2a: Meowscarada|Meowscarada, F|100/100
|turn|29
|
|t:|1779859425
|move|p2a: Meowscarada|Triple Axel|p1a: Indeedee
|-start|p2a: Meowscarada|typechange|Ice|[from] ability: Protean
|-damage|p1a: Indeedee|77/100
|-damage|p1a: Indeedee|33/100
|-damage|p1a: Indeedee|0 fnt
|faint|p1a: Indeedee
|-hitcount|p1: Indeedee|3
|
|upkeep
|
|t:|1779859430
|switch|p1a: Kommo-o|Kommo-o, F, shiny|100/100
|turn|30
|
|t:|1779859434
|move|p2a: Meowscarada|Triple Axel|p1a: Kommo-o
|-supereffective|p1a: Kommo-o
|-damage|p1a: Kommo-o|72/100
|-enditem|p1a: Kommo-o|Weakness Policy
|-boost|p1a: Kommo-o|atk|2|[from] item: Weakness Policy
|-boost|p1a: Kommo-o|spa|2|[from] item: Weakness Policy
|-supereffective|p1a: Kommo-o
|-damage|p1a: Kommo-o|15/100
|-supereffective|p1a: Kommo-o
|-damage|p1a: Kommo-o|0 fnt
|faint|p1a: Kommo-o
|-hitcount|p1: Kommo-o|3
|
|win|zukarusuke
|raw|The Poo Wrangler's rating: 1145 &rarr; <strong>1122</strong><br />(-23 for losing)
|raw|zukarusuke's rating: 1175 &rarr; <strong>1198</strong><br />(+23 for winning)
|l|☆The Poo Wrangler
|player|p1|
|l|☆zukarusuke
|player|p2|
