|j|‽CP28028
|j|☆kitakami kitchen
|t:|1779941917
|gametype|singles
|player|p1|CP28028|swimmerf-gen4dp|1432
|player|p2|kitakami kitchen|roxie|1466
|gen|9
|tier|[Gen 9] OU
|rated|
|rule|HP Percentage Mod: HP is shown in percentages
|rule|Endless Battle Clause: Forcing endless battles is banned
|rule|Species Clause: Limit one of each Pokémon
|rule|OHKO Clause: OHKO moves are banned
|rule|Evasion Items Clause: Evasion items are banned
|rule|Evasion Moves Clause: Evasion moves are banned
|rule|Evasion Abilities Clause: Evasion abilities are banned
|rule|Sleep Moves Clause: Sleep-inducing moves are banned
|clearpoke
|poke|p1|Great Tusk|
|poke|p1|Kingambit, F|
|poke|p1|Dragapult, F|
|poke|p1|Ogerpon-Wellspring, F|
|poke|p1|Sableye, M|
|poke|p1|Garchomp, F|
|poke|p2|Rillaboom, M|
|poke|p2|Hawlucha, F|
|poke|p2|Hatterene, F|
|poke|p2|Scizor, M|
|poke|p2|Glimmora, F|
|poke|p2|Ogerpon-Wellspring, F|
|teampreview
|inactive|Battle timer is ON: inactive players will automatically lose when time's up. (requested by CP28028)
|
|t:|1779941928
|teamsize|p1|6
|teamsize|p2|6
|start
|switch|p1a: Sableye|Sableye, M|100/100
|switch|p2a: Rillaboom|Rillaboom, M|100/100
|-fieldstart|move: Grassy Terrain|[from] ability: Grassy Surge|[of] p2a: Rillaboom
|turn|1
|
|t:|1779941932
|switch|p2a: Hatterene|Hatterene, F|100/100
|-enditem|p2a: Hatterene|Grassy Seed
|-boost|p2a: Hatterene|def|1|[from] item: Grassy Seed
|move|p1a: Sableye|Reflect|p1a: Sableye
|-sidestart|p1: CP28028|Reflect
|
|upkeep
|turn|2
|
|t:|1779941938
|move|p1a: Sableye|Light Screen|p1a: Sableye
|-sidestart|p1: CP28028|move: Light Screen
|move|p2a: Hatterene|Calm Mind|p2a: Hatterene
|-boost|p2a: Hatterene|spa|1
|-boost|p2a: Hatterene|spd|1
|
|upkeep
|turn|3
|
|t:|1779941941
|move|p1a: Sableye|Encore|p2a: Hatterene
|move|p2a: Hatterene|Encore||[from] ability: Magic Bounce|[still]
|-fail|p2a: Hatterene
|move|p2a: Hatterene|Calm Mind|p2a: Hatterene
|-boost|p2a: Hatterene|spa|1
|-boost|p2a: Hatterene|spd|1
|
|upkeep
|turn|4
|
|t:|1779941964
|switch|p1a: Ogerpon|Ogerpon-Wellspring, F|100/100
|move|p2a: Hatterene|Calm Mind|p2a: Hatterene
|-boost|p2a: Hatterene|spa|1
|-boost|p2a: Hatterene|spd|1
|
|upkeep
|turn|5
|
|t:|1779941968
|-terastallize|p1a: Ogerpon|Water
|detailschange|p1a: Ogerpon|Ogerpon-Wellspring-Tera, F, tera:Water
|-ability|p1a: Ogerpon|Embody Aspect (Wellspring)|boost
|-boost|p1a: Ogerpon|spd|1
|move|p1a: Ogerpon|Swords Dance|p1a: Ogerpon
|-boost|p1a: Ogerpon|atk|2
|move|p2a: Hatterene|Stored Power|p1a: Ogerpon
|-damage|p1a: Ogerpon|28/100
|
|-heal|p1a: Ogerpon|34/100|[from] Grassy Terrain
|upkeep
|turn|6
|
|t:|1779941978
|-terastallize|p2a: Hatterene|Water
|move|p1a: Ogerpon|Ivy Cudgel|p2a: Hatterene|[anim] Ivy Cudgel Water
|-resisted|p2a: Hatterene
|-damage|p2a: Hatterene|49/100
|move|p2a: Hatterene|Stored Power|p1a: Ogerpon
|-damage|p1a: Ogerpon|0 fnt
|faint|p1a: Ogerpon
|detailschange|p1: Ogerpon|Ogerpon-Wellspring, F|[silent]
|
|-heal|p2a: Hatterene|55/100|[from] Grassy Terrain
|upkeep
|
|t:|1779941989
|switch|p1a: Kingambit|Kingambit, F|100/100
|-activate|p1a: Kingambit|ability: Supreme Overlord
|-start|p1a: Kingambit|fallen1|[silent]
|turn|7
|
|t:|1779941994
|move|p1a: Kingambit|Swords Dance|p1a: Kingambit
|-boost|p1a: Kingambit|atk|2
|move|p2a: Hatterene|Mystical Fire|p1a: Kingambit
|-supereffective|p1a: Kingambit
|-damage|p1a: Kingambit|50/100
|-unboost|p1a: Kingambit|spa|1
|
|-heal|p1a: Kingambit|56/100|[from] Grassy Terrain
|-heal|p2a: Hatterene|61/100|[from] Grassy Terrain
|upkeep
|turn|8
|
|t:|1779942003
|move|p1a: Kingambit|Kowtow Cleave|p2a: Hatterene
|-damage|p2a: Hatterene|0 fnt
|faint|p2a: Hatterene
|
|-heal|p1a: Kingambit|62/100|[from] Grassy Terrain
|-sideend|p1: CP28028|Reflect
|-fieldend|move: Grassy Terrain
|upkeep
|
|t:|1779942014
|switch|p2a: Hawlucha|Hawlucha, F|100/100
|turn|9
|
|t:|1779942019
|switch|p2a: Glimmora|Glimmora, F|100/100
|-end|p1a: Kingambit|fallen1|[silent]
|switch|p1a: Sableye|Sableye, M|100/100
|
|-sideend|p1: CP28028|move: Light Screen
|upkeep
|turn|10
|
|t:|1779942025
|move|p1a: Sableye|Reflect|p1a: Sableye
|-sidestart|p1: CP28028|Reflect
|move|p2a: Glimmora|Stealth Rock|p1a: Sableye
|-sidestart|p1: CP28028|move: Stealth Rock
|
|upkeep
|turn|11
|
|t:|1779942038
|move|p1a: Sableye|Encore|p2a: Glimmora
|-start|p2a: Glimmora|Encore
|move|p2a: Glimmora|Stealth Rock||[still]
|-fail|p2a: Glimmora
|
|upkeep
|turn|12
|
|t:|1779942052
|switch|p2a: Ogerpon|Ogerpon-Wellspring, F|100/100
|switch|p1a: Garchomp|Garchomp, F|100/100
|-damage|p1a: Garchomp|94/100|[from] Stealth Rock
|
|upkeep
|turn|13
|
|t:|1779942063
|switch|p2a: Rillaboom|Rillaboom, M|100/100
|-fieldstart|move: Grassy Terrain|[from] ability: Grassy Surge|[of] p2a: Rillaboom
|move|p1a: Garchomp|Swords Dance|p1a: Garchomp
|-boost|p1a: Garchomp|atk|2
|
|-heal|p1a: Garchomp|100/100|[from] Grassy Terrain
|upkeep
|turn|14
|
|t:|1779942069
|move|p1a: Garchomp|Scale Shot|p2a: Rillaboom
|-damage|p2a: Rillaboom|73/100
|-damage|p2a: Rillaboom|50/100
|-damage|p2a: Rillaboom|27/100
|-damage|p2a: Rillaboom|1/100
|-damage|p2a: Rillaboom|0 fnt
|faint|p2a: Rillaboom
|-hitcount|p2: Rillaboom|5
|-unboost|p1a: Garchomp|def|1
|-boost|p1a: Garchomp|spe|1
|
|upkeep
|
|t:|1779942096
|switch|p2a: Scizor|Scizor, M|100/100
|turn|15
|
|t:|1779942107
|switch|p1a: Great Tusk|Great Tusk|100/100
|-damage|p1a: Great Tusk|97/100|[from] Stealth Rock
|-enditem|p1a: Great Tusk|Booster Energy
|-activate|p1a: Great Tusk|ability: Protosynthesis|[fromitem]
|-start|p1a: Great Tusk|protosynthesisspe
|move|p2a: Scizor|Swords Dance|p2a: Scizor
|-boost|p2a: Scizor|atk|2
|
|-heal|p1a: Great Tusk|100/100|[from] Grassy Terrain
|upkeep
|turn|16
|
|t:|1779942116
|move|p1a: Great Tusk|Bulk Up|p1a: Great Tusk
|-boost|p1a: Great Tusk|atk|1
|-boost|p1a: Great Tusk|def|1
|move|p2a: Scizor|Swords Dance|p2a: Scizor
|-boost|p2a: Scizor|atk|2
|
|upkeep
|turn|17
|
|t:|1779942122
|move|p1a: Great Tusk|Taunt|p2a: Scizor
|-start|p2a: Scizor|move: Taunt
|cant|p2a: Scizor|move: Taunt|Swords Dance
|
|-sideend|p1: CP28028|Reflect
|upkeep
|turn|18
|
|t:|1779942124
|move|p2a: Scizor|Bullet Punch|p1a: Great Tusk
|-damage|p1a: Great Tusk|50/100
|-damage|p2a: Scizor|91/100|[from] item: Life Orb
|move|p1a: Great Tusk|Bulk Up|p1a: Great Tusk
|-boost|p1a: Great Tusk|atk|1
|-boost|p1a: Great Tusk|def|1
|
|-heal|p1a: Great Tusk|56/100|[from] Grassy Terrain
|-heal|p2a: Scizor|97/100|[from] Grassy Terrain
|upkeep
|turn|19
|
|t:|1779942138
|move|p2a: Scizor|Bullet Punch|p1a: Great Tusk
|-damage|p1a: Great Tusk|15/100
|-damage|p2a: Scizor|87/100|[from] item: Life Orb
|move|p1a: Great Tusk|Earthquake|p2a: Scizor
|-damage|p2a: Scizor|39/100
|
|-heal|p1a: Great Tusk|21/100|[from] Grassy Terrain
|-heal|p2a: Scizor|46/100|[from] Grassy Terrain
|-end|p2a: Scizor|move: Taunt
|upkeep
|turn|20
|
|t:|1779942150
|move|p2a: Scizor|Bullet Punch|p1a: Great Tusk
|-damage|p1a: Great Tusk|0 fnt
|faint|p1a: Great Tusk
|-end|p1a: Great Tusk|Protosynthesis|[silent]
|-damage|p2a: Scizor|36/100|[from] item: Life Orb
|
|-heal|p2a: Scizor|42/100|[from] Grassy Terrain
|-fieldend|move: Grassy Terrain
|upkeep
|
|t:|1779942153
|switch|p1a: Sableye|Sableye, M|100/100
|-damage|p1a: Sableye|88/100|[from] Stealth Rock
|turn|21
|
|t:|1779942155
|move|p2a: Scizor|Bullet Punch|p1a: Sableye
|-damage|p1a: Sableye|0 fnt
|faint|p1a: Sableye
|-damage|p2a: Scizor|32/100|[from] item: Life Orb
|
|upkeep
|
|t:|1779942158
|switch|p1a: Kingambit|Kingambit, F|62/100
|-damage|p1a: Kingambit|56/100|[from] Stealth Rock
|-activate|p1a: Kingambit|ability: Supreme Overlord
|-start|p1a: Kingambit|fallen3|[silent]
|turn|22
|
|t:|1779942164
|move|p2a: Scizor|Bullet Punch|p1a: Kingambit
|-resisted|p1a: Kingambit
|-damage|p1a: Kingambit|7/100
|-damage|p2a: Scizor|22/100|[from] item: Life Orb
|move|p1a: Kingambit|Low Kick|p2a: Scizor
|-damage|p2a: Scizor|0 fnt
|faint|p2a: Scizor
|
|upkeep
|
|t:|1779942185
|switch|p2a: Glimmora|Glimmora, F|100/100
|turn|23
|
|t:|1779942194
|-end|p1a: Kingambit|fallen3|[silent]
|switch|p1a: Garchomp|Garchomp, F|100/100
|-damage|p1a: Garchomp|94/100|[from] Stealth Rock
|move|p2a: Glimmora|Earth Power|p1a: Garchomp
|-damage|p1a: Garchomp|60/100
|
|upkeep
|turn|24
|
|t:|1779942203
|move|p1a: Garchomp|Swords Dance|p1a: Garchomp
|-boost|p1a: Garchomp|atk|2
|move|p2a: Glimmora|Mortal Spin|p1a: Garchomp
|-resisted|p1a: Garchomp
|-damage|p1a: Garchomp|57/100
|-status|p1a: Garchomp|psn
|-damage|p2a: Glimmora|88/100|[from] ability: Rough Skin|[of] p1a: Garchomp
|
|-damage|p1a: Garchomp|45/100 psn|[from] psn
|upkeep
|turn|25
|
|t:|1779942219
|move|p1a: Garchomp|Scale Shot|p2a: Glimmora
|-damage|p2a: Glimmora|54/100
|-activate|p2a: Glimmora|ability: Toxic Debris
|-sidestart|p1: CP28028|move: Toxic Spikes
|-damage|p2a: Glimmora|19/100
|-activate|p2a: Glimmora|ability: Toxic Debris
|-sidestart|p1: CP28028|move: Toxic Spikes
|-damage|p2a: Glimmora|0 fnt
|faint|p2a: Glimmora
|-hitcount|p2: Glimmora|3
|-unboost|p1a: Garchomp|def|1
|-boost|p1a: Garchomp|spe|1
|
|-damage|p1a: Garchomp|33/100 psn|[from] psn
|upkeep
|
|t:|1779942231
|switch|p2a: Hawlucha|Hawlucha, F|100/100
|turn|26
|
|t:|1779942236
|move|p1a: Garchomp|Scale Shot|p2a: Hawlucha
|-damage|p2a: Hawlucha|66/100
|-damage|p2a: Hawlucha|31/100
|-damage|p2a: Hawlucha|0 fnt
|faint|p2a: Hawlucha
|-hitcount|p2: Hawlucha|3
|-unboost|p1a: Garchomp|def|1
|-boost|p1a: Garchomp|spe|1
|
|-damage|p1a: Garchomp|20/100 psn|[from] psn
|upkeep
|
|t:|1779942238
|switch|p2a: Ogerpon|Ogerpon-Wellspring, F|100/100
|turn|27
|
|t:|1779942253
|move|p1a: Garchomp|Scale Shot|p2a: Ogerpon
|-damage|p2a: Ogerpon|65/100
|-damage|p2a: Ogerpon|30/100
|-damage|p2a: Ogerpon|0 fnt
|faint|p2a: Ogerpon
|-hitcount|p2: Ogerpon|3
|
|win|CP28028
|raw|CP28028's rating: 1432 &rarr; <strong>1454</strong><br />(+22 for winning)
|raw|kitakami kitchen's rating: 1466 &rarr; <strong>1444</strong><br />(-22 for losing)
|l|☆kitakami kitchen
|player|p2|
|l|‽CP28028
|player|p1|
