|j|☆thebestyearsofou
|j|☆Santipokemaster
|t:|1779963337
|gametype|singles
|player|p1|thebestyearsofou|102|1132
|player|p2|Santipokemaster|red|1173
|gen|9
|tier|[Gen 9] OU
|rated|
|rule|HP Percentage Mod: HP is shown in percentages
|rule|Endless Battle Clause: Forcing endless battles is banned
|rule|Species Clause: Limit one of each Pokémon
|rule|OHKO Clause: OHKO moves are banned
|rule|Evasion Items Clause: Evasion items are banned
|rule|Evasion Moves Clause: Evasion moves are banned
|rule|Evasion Abilities Clause: Evasion abilities are banned
|rule|Sleep Moves Clause: Sleep-inducing moves are banned
|clearpoke
|poke|p1|Enamorus, F|
|poke|p1|Dondozo, F|
|poke|p1|Darkrai|
|poke|p1|Weezing-Galar, F|
|poke|p1|Dragonite, F|
|poke|p1|Manaphy|
|poke|p2|Corviknight, F|
|poke|p2|Kilowattrel, F|
|poke|p2|Toucannon, M|
|poke|p2|Staraptor, F|
|poke|p2|Pelipper, F|
|poke|p2|Talonflame, F|
|teampreview
|inactive|Battle timer is ON: inactive players will automatically lose when time's up. (requested by thebestyearsofou)
|
|t:|1779963368
|teamsize|p1|6
|teamsize|p2|6
|start
|switch|p1a: Darkrai|Darkrai, shiny|100/100
|switch|p2a: Pelipper|Pelipper, F|100/100
|-weather|RainDance|[from] ability: Drizzle|[of] p2a: Pelipper
|turn|1
|
|t:|1779963379
|move|p1a: Darkrai|Trick|p2a: Pelipper
|-activate|p1a: Darkrai|move: Trick|[of] p2a: Pelipper
|-item|p2a: Pelipper|Choice Scarf|[from] move: Trick
|-item|p1a: Darkrai|Damp Rock|[from] move: Trick
|move|p2a: Pelipper|Tailwind|p2a: Pelipper
|-sidestart|p2: Santipokemaster|move: Tailwind
|
|-weather|RainDance|[upkeep]
|upkeep
|turn|2
|inactive|Santipokemaster has 120 seconds left.
|
|t:|1779963435
|switch|p2a: Corviknight|Corviknight, F, shiny|100/100
|move|p1a: Darkrai|Will-O-Wisp|p2a: Corviknight
|-status|p2a: Corviknight|brn
|
|-weather|RainDance|[upkeep]
|-damage|p2a: Corviknight|94/100 brn|[from] brn
|upkeep
|turn|3
|inactive|Santipokemaster has 90 seconds left.
|
|t:|1779963451
|move|p1a: Darkrai|Ice Beam|p2a: Corviknight
|-damage|p2a: Corviknight|63/100 brn
|move|p2a: Corviknight|Light Screen|p2a: Corviknight
|-sidestart|p2: Santipokemaster|move: Light Screen
|
|-weather|RainDance|[upkeep]
|-damage|p2a: Corviknight|57/100 brn|[from] brn
|upkeep
|turn|4
|
|t:|1779963460
|move|p1a: Darkrai|Ice Beam|p2a: Corviknight
|-crit|p2a: Corviknight
|-damage|p2a: Corviknight|12/100 brn
|move|p2a: Corviknight|Reflect|p2a: Corviknight
|-sidestart|p2: Santipokemaster|Reflect
|
|-weather|RainDance|[upkeep]
|-damage|p2a: Corviknight|6/100 brn|[from] brn
|-sideend|p2: Santipokemaster|move: Tailwind
|upkeep
|turn|5
|
|t:|1779963472
|move|p1a: Darkrai|Dark Pulse|p2a: Corviknight
|-damage|p2a: Corviknight|0 fnt
|faint|p2a: Corviknight
|
|-weather|RainDance|[upkeep]
|upkeep
|inactive|Santipokemaster has 90 seconds left.
|
|t:|1779963505
|switch|p2a: Talonflame|Talonflame, F|100/100
|turn|6
|c|☆thebestyearsofou|omg youre so slow
|inactive|Santipokemaster has 60 seconds left.
|
|t:|1779963526
|-terastallize|p2a: Talonflame|Flying
|move|p2a: Talonflame|Brave Bird|p1a: Darkrai
|-damage|p1a: Darkrai|0 fnt
|faint|p1a: Darkrai
|-damage|p2a: Talonflame|69/100|[from] Recoil
|
|-weather|RainDance|[upkeep]
|upkeep
|
|t:|1779963530
|switch|p1a: Dragonite|Dragonite, F, shiny|100/100
|turn|7
|inactive|Santipokemaster has 60 seconds left.
|
|t:|1779963558
|move|p2a: Talonflame|Brave Bird|p1a: Dragonite
|-damage|p1a: Dragonite|55/100
|-damage|p2a: Talonflame|50/100|[from] Recoil
|move|p1a: Dragonite|Dragon Dance|p1a: Dragonite
|-boost|p1a: Dragonite|atk|1
|-boost|p1a: Dragonite|spe|1
|
|-weather|RainDance|[upkeep]
|-sideend|p2: Santipokemaster|move: Light Screen
|upkeep
|turn|8
|
|t:|1779963573
|move|p2a: Talonflame|Brave Bird|p1a: Dragonite
|-damage|p1a: Dragonite|0 fnt
|faint|p1a: Dragonite
|-damage|p2a: Talonflame|26/100|[from] Recoil
|
|-weather|none
|-sideend|p2: Santipokemaster|Reflect
|upkeep
|
|t:|1779963582
|switch|p1a: Manaphy|Manaphy|100/100
|turn|9
|inactive|Santipokemaster has 60 seconds left.
|
|t:|1779963602
|move|p2a: Talonflame|Brave Bird|p1a: Manaphy
|-damage|p1a: Manaphy|4/100
|-enditem|p1a: Manaphy|Sitrus Berry|[eat]
|-heal|p1a: Manaphy|29/100|[from] item: Sitrus Berry
|-damage|p2a: Talonflame|0 fnt|[from] Recoil
|faint|p2a: Talonflame
|move|p1a: Manaphy|Tail Glow|p1a: Manaphy
|-boost|p1a: Manaphy|spa|3
|
|upkeep
|
|t:|1779963624
|switch|p2a: Kilowattrel|Kilowattrel, F|100/100
|turn|10
|
|t:|1779963630
|move|p2a: Kilowattrel|Volt Switch|p1a: Manaphy
|-supereffective|p1a: Manaphy
|-damage|p1a: Manaphy|0 fnt
|faint|p1a: Manaphy
|
|t:|1779963640
|switch|p2a: Toucannon|Toucannon, M, shiny|100/100|[from] Volt Switch
|
|upkeep
|
|t:|1779963647
|switch|p1a: Dondozo|Dondozo, F|100/100
|turn|11
|
|t:|1779963664
|move|p2a: Toucannon|Boomburst|p1a: Dondozo
|-damage|p1a: Dondozo|35/100
|-enditem|p1a: Dondozo|Sitrus Berry|[eat]
|-heal|p1a: Dondozo|60/100|[from] item: Sitrus Berry
|-damage|p2a: Toucannon|91/100|[from] item: Life Orb
|move|p1a: Dondozo|Curse|p1a: Dondozo
|-unboost|p1a: Dondozo|spe|1
|-boost|p1a: Dondozo|atk|1
|-boost|p1a: Dondozo|def|1
|
|upkeep
|turn|12
|
|t:|1779963677
|move|p2a: Toucannon|Boomburst|p1a: Dondozo
|-damage|p1a: Dondozo|0 fnt
|faint|p1a: Dondozo
|-damage|p2a: Toucannon|81/100|[from] item: Life Orb
|
|upkeep
|
|t:|1779963683
|switch|p1a: Enamorus|Enamorus, F|100/100
|turn|13
|-message|thebestyearsofou forfeited.
|
|win|Santipokemaster
|raw|thebestyearsofou's rating: 1104 &rarr; <strong>1084</strong><br />(-20 for losing)
|raw|Santipokemaster's rating: 1173 &rarr; <strong>1193</strong><br />(+20 for winning)
|l|☆thebestyearsofou
|player|p1|
|l|☆Santipokemaster
|player|p2|
