|j|☆BaxleyTheBomb
|j|☆sammichael
|t:|1779960311
|gametype|singles
|player|p1|BaxleyTheBomb|janitor|1162
|player|p2|sammichael|n|1086
|gen|9
|tier|[Gen 9] OU
|rated|
|rule|HP Percentage Mod: HP is shown in percentages
|rule|Endless Battle Clause: Forcing endless battles is banned
|rule|Species Clause: Limit one of each Pokémon
|rule|OHKO Clause: OHKO moves are banned
|rule|Evasion Items Clause: Evasion items are banned
|rule|Evasion Moves Clause: Evasion moves are banned
|rule|Evasion Abilities Clause: Evasion abilities are banned
|rule|Sleep Moves Clause: Sleep-inducing moves are banned
|clearpoke
|poke|p1|Tyranitar, F|
|poke|p1|Misdreavus, F|
|poke|p1|Slowking, M|
|poke|p1|Typhlosion, F|
|poke|p1|Kingdra, M|
|poke|p1|Donphan, M|
|poke|p2|Incineroar, M|
|poke|p2|Hawlucha, M|
|poke|p2|Rillaboom, M|
|poke|p2|Magnezone|
|poke|p2|Swampert, F|
|poke|p2|Sylveon, M|
|teampreview
|
|t:|1779960330
|teamsize|p1|6
|teamsize|p2|6
|start
|switch|p1a: Kingdra|Kingdra, M|100/100
|switch|p2a: Rillaboom|Rillaboom, M|100/100
|-fieldstart|move: Grassy Terrain|[from] ability: Grassy Surge|[of] p2a: Rillaboom
|turn|1
|
|t:|1779960339
|move|p2a: Rillaboom|Fake Out|p1a: Kingdra
|-damage|p1a: Kingdra|82/100
|cant|p1a: Kingdra|flinch
|
|-heal|p1a: Kingdra|88/100|[from] Grassy Terrain
|upkeep
|turn|2
|
|t:|1779960348
|move|p2a: Rillaboom|Grassy Glide|p1a: Kingdra
|-damage|p1a: Kingdra|41/100
|move|p1a: Kingdra|Ice Beam|p2a: Rillaboom
|-supereffective|p2a: Rillaboom
|-damage|p2a: Rillaboom|59/100
|
|-heal|p1a: Kingdra|47/100|[from] Grassy Terrain
|-heal|p2a: Rillaboom|65/100|[from] Grassy Terrain
|upkeep
|turn|3
|inactive|Battle timer is ON: inactive players will automatically lose when time's up. (requested by sammichael)
|
|t:|1779960375
|switch|p1a: Typhlosion|Typhlosion, F|100/100
|move|p2a: Rillaboom|Grassy Glide|p1a: Typhlosion
|-resisted|p1a: Typhlosion
|-damage|p1a: Typhlosion|72/100
|
|-heal|p1a: Typhlosion|78/100|[from] Grassy Terrain
|-heal|p2a: Rillaboom|71/100|[from] Grassy Terrain
|upkeep
|turn|4
|
|t:|1779960390
|switch|p2a: Swampert|Swampert, F|100/100
|move|p1a: Typhlosion|Scorching Sands|p2a: Swampert
|-damage|p2a: Swampert|77/100
|
|-heal|p1a: Typhlosion|84/100|[from] Grassy Terrain
|-heal|p2a: Swampert|83/100|[from] Grassy Terrain
|-heal|p2a: Swampert|89/100|[from] item: Leftovers
|upkeep
|turn|5
|
|t:|1779960409
|switch|p1a: Misdreavus|Misdreavus, F|100/100
|move|p2a: Swampert|Waterfall|p1a: Misdreavus
|-damage|p1a: Misdreavus|55/100
|
|-heal|p2a: Swampert|95/100|[from] Grassy Terrain
|-heal|p2a: Swampert|100/100|[from] item: Leftovers
|-fieldend|move: Grassy Terrain
|upkeep
|turn|6
|
|t:|1779960432
|switch|p2a: Sylveon|Sylveon, M|100/100
|move|p1a: Misdreavus|Will-O-Wisp|p2a: Sylveon
|-status|p2a: Sylveon|brn
|
|-damage|p2a: Sylveon|94/100 brn|[from] brn
|upkeep
|turn|7
|
|t:|1779960444
|move|p2a: Sylveon|Hyper Voice|p1a: Misdreavus
|-damage|p1a: Misdreavus|18/100
|move|p1a: Misdreavus|Night Shade|p2a: Sylveon
|-damage|p2a: Sylveon|64/100 brn
|
|-damage|p2a: Sylveon|58/100 brn|[from] brn
|upkeep
|turn|8
|
|t:|1779960460
|switch|p1a: Slowking|Slowking, M|100/100
|move|p2a: Sylveon|Psychic|p1a: Slowking
|-resisted|p1a: Slowking
|-crit|p1a: Slowking
|-damage|p1a: Slowking|82/100
|
|-damage|p2a: Sylveon|52/100 brn|[from] brn
|upkeep
|turn|9
|
|t:|1779960481
|switch|p2a: Rillaboom|Rillaboom, M|71/100
|-fieldstart|move: Grassy Terrain|[from] ability: Grassy Surge|[of] p2a: Rillaboom
|move|p1a: Slowking|Psychic Noise|p2a: Rillaboom
|-damage|p2a: Rillaboom|30/100
|-start|p2a: Rillaboom|move: Heal Block
|-damage|p1a: Slowking|72/100|[from] item: Life Orb
|
|-heal|p1a: Slowking|78/100|[from] Grassy Terrain
|upkeep
|turn|10
|
|t:|1779960495
|switch|p1a: Misdreavus|Misdreavus, F|18/100
|move|p2a: Rillaboom|Fake Out|p1a: Misdreavus
|-immune|p1a: Misdreavus
|
|-end|p2a: Rillaboom|move: Heal Block
|upkeep
|turn|11
|
|t:|1779960513
|move|p2a: Rillaboom|Grassy Glide|p1a: Misdreavus
|-damage|p1a: Misdreavus|0 fnt
|faint|p1a: Misdreavus
|
|-heal|p2a: Rillaboom|36/100|[from] Grassy Terrain
|upkeep
|
|t:|1779960523
|switch|p1a: Typhlosion|Typhlosion, F|84/100
|turn|12
|
|t:|1779960542
|switch|p2a: Swampert|Swampert, F|100/100
|move|p1a: Typhlosion|Shadow Ball|p2a: Swampert
|-damage|p2a: Swampert|71/100
|
|-heal|p1a: Typhlosion|90/100|[from] Grassy Terrain
|-heal|p2a: Swampert|77/100|[from] Grassy Terrain
|-heal|p2a: Swampert|83/100|[from] item: Leftovers
|upkeep
|turn|13
|
|t:|1779960552
|switch|p1a: Kingdra|Kingdra, M|47/100
|move|p2a: Swampert|Waterfall|p1a: Kingdra
|-resisted|p1a: Kingdra
|-damage|p1a: Kingdra|35/100
|
|-heal|p1a: Kingdra|41/100|[from] Grassy Terrain
|-heal|p2a: Swampert|89/100|[from] Grassy Terrain
|-heal|p2a: Swampert|95/100|[from] item: Leftovers
|-fieldend|move: Grassy Terrain
|upkeep
|turn|14
|
|t:|1779960566
|move|p1a: Kingdra|Scald|p2a: Swampert
|-damage|p2a: Swampert|56/100
|move|p2a: Swampert|Ice Punch|p1a: Kingdra
|-damage|p1a: Kingdra|9/100
|
|-heal|p2a: Swampert|62/100|[from] item: Leftovers
|upkeep
|turn|15
|
|t:|1779960576
|move|p1a: Kingdra|Scald|p2a: Swampert
|-damage|p2a: Swampert|23/100
|-status|p2a: Swampert|brn
|move|p2a: Swampert|Flip Turn|p1a: Kingdra
|-resisted|p1a: Kingdra
|-damage|p1a: Kingdra|2/100
|
|t:|1779960590
|switch|p2a: Sylveon|Sylveon, M|52/100 brn|[from] Flip Turn
|
|-damage|p2a: Sylveon|46/100 brn|[from] brn
|upkeep
|turn|16
|
|t:|1779960601
|move|p1a: Kingdra|Clear Smog|p2a: Sylveon
|-supereffective|p2a: Sylveon
|-damage|p2a: Sylveon|22/100 brn
|-clearboost|p2a: Sylveon
|move|p2a: Sylveon|Hyper Voice|p1a: Kingdra
|-supereffective|p1a: Kingdra
|-damage|p1a: Kingdra|0 fnt
|faint|p1a: Kingdra
|
|-damage|p2a: Sylveon|16/100 brn|[from] brn
|upkeep
|
|t:|1779960614
|switch|p1a: Tyranitar|Tyranitar, F|100/100
|-ability|p1a: Tyranitar|Unnerve
|turn|17
|
|t:|1779960643
|switch|p2a: Swampert|Swampert, F|23/100 brn
|-terastallize|p1a: Tyranitar|Ghost
|move|p1a: Tyranitar|Dragon Dance|p1a: Tyranitar
|-boost|p1a: Tyranitar|atk|1
|-boost|p1a: Tyranitar|spe|1
|
|-heal|p2a: Swampert|29/100 brn|[from] item: Leftovers
|-damage|p2a: Swampert|23/100 brn|[from] brn
|upkeep
|turn|18
|
|t:|1779960655
|switch|p2a: Incineroar|Incineroar, M|100/100
|-ability|p2a: Incineroar|Intimidate|boost
|-unboost|p1a: Tyranitar|atk|1
|move|p1a: Tyranitar|Knock Off|p2a: Incineroar
|-resisted|p2a: Incineroar
|-damage|p2a: Incineroar|74/100
|-enditem|p2a: Incineroar|Assault Vest|[from] move: Knock Off|[of] p1a: Tyranitar
|
|upkeep
|turn|19
|
|t:|1779960665
|move|p1a: Tyranitar|Stone Edge|p2a: Incineroar
|-supereffective|p2a: Incineroar
|-damage|p2a: Incineroar|0 fnt
|faint|p2a: Incineroar
|
|upkeep
|
|t:|1779960671
|switch|p2a: Hawlucha|Hawlucha, M|100/100
|turn|20
|
|t:|1779960685
|switch|p2a: Rillaboom|Rillaboom, M|36/100
|-fieldstart|move: Grassy Terrain|[from] ability: Grassy Surge|[of] p2a: Rillaboom
|move|p1a: Tyranitar|Ice Punch|p2a: Rillaboom
|-supereffective|p2a: Rillaboom
|-damage|p2a: Rillaboom|0 fnt
|faint|p2a: Rillaboom
|
|upkeep
|
|t:|1779960694
|switch|p2a: Swampert|Swampert, F|23/100 brn
|turn|21
|
|t:|1779960707
|-terastallize|p2a: Swampert|Water
|move|p1a: Tyranitar|Dragon Dance|p1a: Tyranitar
|-boost|p1a: Tyranitar|atk|1
|-boost|p1a: Tyranitar|spe|1
|move|p2a: Swampert|Waterfall|p1a: Tyranitar
|-damage|p1a: Tyranitar|63/100
|
|-heal|p1a: Tyranitar|69/100|[from] Grassy Terrain
|-heal|p1a: Tyranitar|76/100|[from] item: Leftovers
|-heal|p2a: Swampert|29/100 brn|[from] Grassy Terrain
|-heal|p2a: Swampert|35/100 brn|[from] item: Leftovers
|-damage|p2a: Swampert|29/100 brn|[from] brn
|upkeep
|turn|22
|
|t:|1779960723
|move|p1a: Tyranitar|Knock Off|p2a: Swampert
|-damage|p2a: Swampert|0 fnt
|-enditem|p2a: Swampert|Leftovers|[from] move: Knock Off|[of] p1a: Tyranitar
|faint|p2a: Swampert
|
|-heal|p1a: Tyranitar|82/100|[from] Grassy Terrain
|-heal|p1a: Tyranitar|88/100|[from] item: Leftovers
|upkeep
|
|t:|1779960726
|switch|p2a: Sylveon|Sylveon, M|16/100 brn
|turn|23
|
|t:|1779960737
|move|p1a: Tyranitar|Knock Off|p2a: Sylveon
|-resisted|p2a: Sylveon
|-damage|p2a: Sylveon|0 fnt
|-enditem|p2a: Sylveon|Pixie Plate|[from] move: Knock Off|[of] p1a: Tyranitar
|faint|p2a: Sylveon
|
|-heal|p1a: Tyranitar|94/100|[from] Grassy Terrain
|-heal|p1a: Tyranitar|99/100|[from] item: Leftovers
|upkeep
|
|t:|1779960742
|switch|p2a: Magnezone|Magnezone|100/100
|turn|24
|
|t:|1779960750
|move|p1a: Tyranitar|Knock Off|p2a: Magnezone
|-damage|p2a: Magnezone|0 fnt
|-enditem|p2a: Magnezone|Choice Specs|[from] move: Knock Off|[of] p1a: Tyranitar
|faint|p2a: Magnezone
|
|-heal|p1a: Tyranitar|100/100|[from] Grassy Terrain
|-fieldend|move: Grassy Terrain
|upkeep
|
|t:|1779960753
|switch|p2a: Hawlucha|Hawlucha, M|100/100
|turn|25
|
|t:|1779960765
|move|p1a: Tyranitar|Ice Punch|p2a: Hawlucha
|-supereffective|p2a: Hawlucha
|-damage|p2a: Hawlucha|0 fnt
|faint|p2a: Hawlucha
|
|win|BaxleyTheBomb
|raw|BaxleyTheBomb's rating: 1162 &rarr; <strong>1182</strong><br />(+20 for winning)
|raw|sammichael's rating: 1086 &rarr; <strong>1068</strong><br />(-18 for losing)
|l|☆BaxleyTheBomb
|player|p1|
