|j|☆zabbaman
|j|☆morriganqrow
|t:|1779945784
|gametype|singles
|player|p1|zabbaman|1|1291
|player|p2|morriganqrow|miku-fairy|1343
|gen|9
|tier|[Gen 9] OU
|rated|
|rule|HP Percentage Mod: HP is shown in percentages
|rule|Endless Battle Clause: Forcing endless battles is banned
|rule|Species Clause: Limit one of each Pokémon
|rule|OHKO Clause: OHKO moves are banned
|rule|Evasion Items Clause: Evasion items are banned
|rule|Evasion Moves Clause: Evasion moves are banned
|rule|Evasion Abilities Clause: Evasion abilities are banned
|rule|Sleep Moves Clause: Sleep-inducing moves are banned
|clearpoke
|poke|p1|Regice|
|poke|p1|Ninetales-Alola, F|
|poke|p1|Scizor, M|
|poke|p1|Tyranitar, F|
|poke|p1|Thundurus-Therian, M|
|poke|p1|Cinderace, F|
|poke|p2|Tornadus, M|
|poke|p2|Toxtricity, M|
|poke|p2|Iron Valiant|
|poke|p2|Arcanine-Hisui, M|
|poke|p2|Brambleghast, M|
|poke|p2|Hydreigon, M|
|teampreview
|inactive|Battle timer is ON: inactive players will automatically lose when time's up. (requested by morriganqrow)
|
|t:|1779945798
|teamsize|p1|6
|teamsize|p2|6
|start
|switch|p1a: Ninetales|Ninetales-Alola, F|100/100
|switch|p2a: Xaldin|Tornadus, M, shiny|100/100
|-weather|Snowscape|[from] ability: Snow Warning|[of] p1a: Ninetales
|turn|1
|
|t:|1779945805
|move|p2a: Xaldin|Taunt|p1a: Ninetales
|-start|p1a: Ninetales|move: Taunt
|cant|p1a: Ninetales|move: Taunt|Aurora Veil
|
|-weather|Snowscape|[upkeep]
|upkeep
|turn|2
|
|t:|1779945819
|move|p2a: Xaldin|Tailwind|p2a: Xaldin
|-sidestart|p2: morriganqrow|move: Tailwind
|move|p1a: Ninetales|Freeze-Dry|p2a: Xaldin
|-supereffective|p2a: Xaldin
|-damage|p2a: Xaldin|32/100
|-enditem|p2a: Xaldin|Eject Button
|
|t:|1779945822
|switch|p2a: Axel|Arcanine-Hisui, M|100/100
|
|-weather|Snowscape|[upkeep]
|upkeep
|turn|3
|inactive|zabbaman has 120 seconds left.
|
|t:|1779945861
|switch|p1a: Cinderace|Cinderace, F|100/100
|move|p2a: Axel|Head Smash|p1a: Cinderace
|-supereffective|p1a: Cinderace
|-damage|p1a: Cinderace|0 fnt
|faint|p1a: Cinderace
|
|-weather|Snowscape|[upkeep]
|upkeep
|
|t:|1779945878
|switch|p1a: Scizor|Scizor, M|100/100
|turn|4
|
|t:|1779945882
|move|p2a: Axel|Head Smash|p1a: Scizor
|-damage|p1a: Scizor|0 fnt
|faint|p1a: Scizor
|
|-weather|Snowscape|[upkeep]
|upkeep
|
|t:|1779945891
|switch|p1a: Tyranitar|Tyranitar, F|100/100
|-ability|p1a: Tyranitar|Unnerve
|turn|5
|
|t:|1779945897
|switch|p2a: Xemnas|Hydreigon, M, shiny|100/100
|move|p1a: Tyranitar|Dragon Dance|p1a: Tyranitar
|-boost|p1a: Tyranitar|atk|1
|-boost|p1a: Tyranitar|spe|1
|
|-weather|Snowscape|[upkeep]
|-sideend|p2: morriganqrow|move: Tailwind
|upkeep
|turn|6
|
|t:|1779945905
|move|p1a: Tyranitar|Low Kick|p2a: Xemnas
|-supereffective|p2a: Xemnas
|-damage|p2a: Xemnas|0 fnt
|faint|p2a: Xemnas
|
|-weather|Snowscape|[upkeep]
|upkeep
|
|t:|1779945919
|switch|p2a: Xaldin|Tornadus, M, shiny|32/100
|turn|7
|
|t:|1779945923
|move|p2a: Xaldin|Tailwind|p2a: Xaldin
|-sidestart|p2: morriganqrow|move: Tailwind
|move|p1a: Tyranitar|Knock Off|p2a: Xaldin
|-damage|p2a: Xaldin|0 fnt
|faint|p2a: Xaldin
|
|-weather|Snowscape|[upkeep]
|upkeep
|
|t:|1779945925
|switch|p2a: Zexion|Brambleghast, M, shiny|100/100
|-ability|p2a: Zexion|Wind Rider|boost
|-boost|p2a: Zexion|atk|1
|turn|8
|
|t:|1779945929
|move|p2a: Zexion|Power Whip|p1a: Tyranitar
|-supereffective|p1a: Tyranitar
|-enditem|p1a: Tyranitar|Focus Sash
|-damage|p1a: Tyranitar|1/100
|-damage|p2a: Zexion|91/100|[from] item: Life Orb
|move|p1a: Tyranitar|Knock Off|p2a: Zexion
|-supereffective|p2a: Zexion
|-damage|p2a: Zexion|0 fnt
|-enditem|p2a: Zexion|Life Orb|[from] move: Knock Off|[of] p1a: Tyranitar
|faint|p2a: Zexion
|
|-weather|none
|upkeep
|
|t:|1779945933
|switch|p2a: Marluxia|Iron Valiant, shiny|100/100
|turn|9
|
|t:|1779945943
|move|p2a: Marluxia|Vacuum Wave|p1a: Tyranitar
|-supereffective|p1a: Tyranitar
|-damage|p1a: Tyranitar|0 fnt
|faint|p1a: Tyranitar
|
|upkeep
|
|t:|1779945947
|switch|p1a: Ninetales|Ninetales-Alola, F|100/100
|-weather|Snowscape|[from] ability: Snow Warning|[of] p1a: Ninetales
|turn|10
|
|t:|1779945952
|-end|p2a: Marluxia|Quark Drive|[silent]
|switch|p2a: Demyx|Toxtricity, M|100/100
|move|p1a: Ninetales|Aurora Veil|p1a: Ninetales
|-sidestart|p1: zabbaman|move: Aurora Veil
|
|-weather|Snowscape|[upkeep]
|-sideend|p2: morriganqrow|move: Tailwind
|upkeep
|turn|11
|
|t:|1779945959
|switch|p1a: Thundurus|Thundurus-Therian, M|100/100
|move|p2a: Demyx|Sludge Wave|p1a: Thundurus
|-damage|p1a: Thundurus|52/100
|
|-weather|Snowscape|[upkeep]
|upkeep
|turn|12
|
|t:|1779945971
|move|p1a: Thundurus|Nasty Plot|p1a: Thundurus
|-boost|p1a: Thundurus|spa|2
|move|p2a: Demyx|Sludge Wave|p1a: Thundurus
|-damage|p1a: Thundurus|1/100
|
|-weather|Snowscape|[upkeep]
|upkeep
|turn|13
|
|t:|1779945976
|move|p1a: Thundurus|Weather Ball|p2a: Demyx
|-damage|p2a: Demyx|0 fnt
|faint|p2a: Demyx
|
|-weather|Snowscape|[upkeep]
|upkeep
|
|t:|1779945986
|switch|p2a: Marluxia|Iron Valiant, shiny|100/100
|turn|14
|
|t:|1779945990
|-end|p2a: Marluxia|Quark Drive|[silent]
|switch|p2a: Axel|Arcanine-Hisui, M|100/100
|switch|p1a: Ninetales|Ninetales-Alola, F|100/100
|
|-weather|Snowscape|[upkeep]
|-sideend|p1: zabbaman|move: Aurora Veil
|upkeep
|turn|15
|
|t:|1779946004
|move|p1a: Ninetales|Aurora Veil|p1a: Ninetales
|-sidestart|p1: zabbaman|move: Aurora Veil
|move|p2a: Axel|Head Smash|p1a: Ninetales
|-supereffective|p1a: Ninetales
|-damage|p1a: Ninetales|11/100
|
|-weather|Snowscape|[upkeep]
|upkeep
|turn|16
|
|t:|1779946010
|move|p1a: Ninetales|Freeze-Dry|p2a: Axel
|-resisted|p2a: Axel
|-damage|p2a: Axel|85/100
|-status|p2a: Axel|frz
|cant|p2a: Axel|frz
|
|-weather|Snowscape|[upkeep]
|upkeep
|turn|17
|
|t:|1779946026
|switch|p1a: Regice|Regice, shiny|100/100
|cant|p2a: Axel|frz
|
|-weather|none
|upkeep
|turn|18
|
|t:|1779946034
|-terastallize|p1a: Regice|Electric
|cant|p2a: Axel|frz
|move|p1a: Regice|Thunderbolt|p2a: Axel
|-damage|p2a: Axel|28/100 frz
|
|upkeep
|turn|19
|
|t:|1779946038
|switch|p2a: Marluxia|Iron Valiant, shiny|100/100
|move|p1a: Regice|Thunderbolt|p2a: Marluxia
|-damage|p2a: Marluxia|26/100
|
|-sideend|p1: zabbaman|move: Aurora Veil
|upkeep
|turn|20
|
|t:|1779946048
|move|p2a: Marluxia|Moonblast|p1a: Regice
|-damage|p1a: Regice|63/100
|-unboost|p1a: Regice|spa|1
|move|p1a: Regice|Thunderbolt|p2a: Marluxia
|-damage|p2a: Marluxia|0 fnt
|faint|p2a: Marluxia
|-end|p2a: Marluxia|Quark Drive|[silent]
|
|-heal|p1a: Regice|69/100|[from] item: Leftovers
|upkeep
|
|t:|1779946052
|switch|p2a: Axel|Arcanine-Hisui, M|28/100 frz
|turn|21
|
|t:|1779946056
|switch|p1a: Ninetales|Ninetales-Alola, F|11/100
|-weather|Snowscape|[from] ability: Snow Warning|[of] p1a: Ninetales
|-terastallize|p2a: Axel|Normal
|cant|p2a: Axel|frz
|
|-weather|Snowscape|[upkeep]
|upkeep
|turn|22
|
|t:|1779946058
|cant|p2a: Axel|frz
|move|p1a: Ninetales|Freeze-Dry|p2a: Axel
|-crit|p2a: Axel
|-damage|p2a: Axel|0 fnt
|faint|p2a: Axel
|
|win|zabbaman
|raw|zabbaman's rating: 1291 &rarr; <strong>1320</strong><br />(+29 for winning)
|raw|morriganqrow's rating: 1343 &rarr; <strong>1320</strong><br />(-23 for losing)
|l|☆zabbaman
|player|p1|
|l|☆morriganqrow
|player|p2|
