|j|☆Mimmaaam
|j|☆Dakota1683
|t:|1779865916
|gametype|singles
|player|p1|Mimmaaam|nate|1109
|player|p2|Dakota1683|2|1168
|gen|9
|tier|[Gen 9] OU
|rated|
|rule|HP Percentage Mod: HP is shown in percentages
|rule|Endless Battle Clause: Forcing endless battles is banned
|rule|Species Clause: Limit one of each Pokémon
|rule|OHKO Clause: OHKO moves are banned
|rule|Evasion Items Clause: Evasion items are banned
|rule|Evasion Moves Clause: Evasion moves are banned
|rule|Evasion Abilities Clause: Evasion abilities are banned
|rule|Sleep Moves Clause: Sleep-inducing moves are banned
|clearpoke
|poke|p1|Eiscue, F|
|poke|p1|Ambipom, F|
|poke|p1|Leafeon, M|
|poke|p1|Rhyperior, M|
|poke|p1|Minior|
|poke|p1|Klefki, F|
|poke|p2|Zoroark-Hisui, F|
|poke|p2|Cyclizar, M|
|poke|p2|Dragonite, M|
|poke|p2|Ninetales-Alola, M|
|poke|p2|Deoxys-Speed|
|poke|p2|Blissey, F|
|teampreview
|inactive|Battle timer is ON: inactive players will automatically lose when time's up. (requested by Mimmaaam)
|
|t:|1779865936
|teamsize|p1|6
|teamsize|p2|6
|start
|switch|p1a: Eiscue|Eiscue, F|100/100
|switch|p2a: Ninetales|Ninetales-Alola, M|100/100
|-weather|Snowscape|[from] ability: Snow Warning|[of] p2a: Ninetales
|turn|1
|
|t:|1779865942
|move|p2a: Ninetales|Aurora Veil|p2a: Ninetales
|-sidestart|p2: Dakota1683|move: Aurora Veil
|move|p1a: Eiscue|Belly Drum|p1a: Eiscue
|-damage|p1a: Eiscue|51/100
|-setboost|p1a: Eiscue|atk|6|[from] move: Belly Drum
|
|-weather|Snowscape|[upkeep]
|upkeep
|turn|2
|
|t:|1779865951
|move|p2a: Ninetales|Moonblast|p1a: Eiscue
|-crit|p1a: Eiscue
|-damage|p1a: Eiscue|0 fnt
|faint|p1a: Eiscue
|
|-weather|Snowscape|[upkeep]
|upkeep
|
|t:|1779865956
|switch|p1a: Klefki|Klefki, F|100/100
|turn|3
|
|t:|1779865969
|switch|p2a: Deoxys|Deoxys-Speed|100/100
|move|p1a: Klefki|Light Screen|p1a: Klefki
|-sidestart|p1: Mimmaaam|move: Light Screen
|
|-weather|Snowscape|[upkeep]
|upkeep
|turn|4
|
|t:|1779865974
|move|p1a: Klefki|Reflect|p1a: Klefki
|-sidestart|p1: Mimmaaam|Reflect
|move|p2a: Deoxys|Nasty Plot|p2a: Deoxys
|-boost|p2a: Deoxys|spa|2
|
|-weather|Snowscape|[upkeep]
|upkeep
|turn|5
|
|t:|1779865982
|move|p1a: Klefki|Misty Terrain|p1a: Klefki
|-fieldstart|move: Misty Terrain
|move|p2a: Deoxys|Nasty Plot|p2a: Deoxys
|-boost|p2a: Deoxys|spa|2
|
|-weather|none
|upkeep
|turn|6
|
|t:|1779865994
|switch|p1a: Rhyperior|Rhyperior, M|100/100
|move|p2a: Deoxys|Flamethrower|p1a: Rhyperior
|-resisted|p1a: Rhyperior
|-damage|p1a: Rhyperior|65/100
|
|upkeep
|turn|7
|
|t:|1779866000
|move|p2a: Deoxys|Bitter Malice|p1a: Rhyperior
|-damage|p1a: Rhyperior|0 fnt
|faint|p1a: Rhyperior
|
|upkeep
|
|t:|1779866012
|switch|p1a: Leafeon|Leafeon, M|100/100
|turn|8
|
|t:|1779866018
|move|p2a: Deoxys|Flamethrower|p1a: Leafeon
|-supereffective|p1a: Leafeon
|-damage|p1a: Leafeon|0 fnt
|faint|p1a: Leafeon
|
|-sideend|p2: Dakota1683|move: Aurora Veil
|upkeep
|
|t:|1779866025
|switch|p1a: Minior|Minior|100/100
|-formechange|p1a: Minior|Minior-Meteor||[from] ability: Shields Down
|turn|9
|
|t:|1779866038
|move|p2a: Deoxys|Nasty Plot|p2a: Deoxys
|-boost|p2a: Deoxys|spa|2
|move|p1a: Minior|Shell Smash|p1a: Minior
|-unboost|p1a: Minior|def|1
|-unboost|p1a: Minior|spd|1
|-boost|p1a: Minior|atk|2
|-boost|p1a: Minior|spa|2
|-boost|p1a: Minior|spe|2
|-enditem|p1a: Minior|White Herb
|-clearnegativeboost|p1a: Minior|[silent]
|
|-fieldend|Misty Terrain
|upkeep
|turn|10
|
|t:|1779866052
|move|p1a: Minior|Acrobatics|p2a: Deoxys
|-enditem|p2a: Deoxys|Focus Sash
|-damage|p2a: Deoxys|1/100
|replace|p2a: Zoroark|Zoroark-Hisui, F
|-end|p2a: Zoroark|Illusion
|move|p2a: Zoroark|Bitter Malice|p1a: Minior
|-damage|p1a: Minior|1/100
|-unboost|p1a: Minior|atk|1
|
|-sideend|p1: Mimmaaam|move: Light Screen
|-formechange|p1a: Minior|Minior||[from] ability: Shields Down
|upkeep
|turn|11
|
|t:|1779866067
|move|p1a: Minior|Acrobatics|p2a: Zoroark
|-damage|p2a: Zoroark|0 fnt
|faint|p2a: Zoroark
|
|-sideend|p1: Mimmaaam|Reflect
|upkeep
|
|t:|1779866074
|switch|p2a: Dragonite|Dragonite, M|100/100
|turn|12
|
|t:|1779866081
|move|p2a: Dragonite|Extreme Speed|p1a: Minior
|-resisted|p1a: Minior
|-damage|p1a: Minior|0 fnt
|faint|p1a: Minior
|
|upkeep
|
|t:|1779866083
|switch|p1a: Ambipom|Ambipom, F|100/100
|turn|13
|
|t:|1779866093
|switch|p2a: Ninetales|Ninetales-Alola, M|100/100
|-weather|Snowscape|[from] ability: Snow Warning|[of] p2a: Ninetales
|move|p1a: Ambipom|Fake Out|p2a: Ninetales
|-crit|p2a: Ninetales
|-damage|p2a: Ninetales|54/100
|
|-weather|Snowscape|[upkeep]
|upkeep
|turn|14
|
|t:|1779866106
|-terastallize|p1a: Ambipom|Normal
|move|p1a: Ambipom|Double-Edge|p2a: Ninetales
|-damage|p2a: Ninetales|0 fnt
|faint|p2a: Ninetales
|-damage|p1a: Ambipom|83/100|[from] Recoil
|
|-weather|Snowscape|[upkeep]
|upkeep
|
|t:|1779866128
|switch|p2a: Dragonite|Dragonite, M|100/100
|turn|15
|
|t:|1779866132
|move|p1a: Ambipom|Triple Axel|p2a: Dragonite
|-supereffective|p2a: Dragonite
|-damage|p2a: Dragonite|81/100
|-supereffective|p2a: Dragonite
|-damage|p2a: Dragonite|5/100
|-supereffective|p2a: Dragonite
|-damage|p2a: Dragonite|0 fnt
|faint|p2a: Dragonite
|-hitcount|p2: Dragonite|3
|
|-weather|Snowscape|[upkeep]
|upkeep
|
|t:|1779866142
|switch|p2a: Blissey|Blissey, F|100/100
|turn|16
|
|t:|1779866149
|-terastallize|p2a: Blissey|Ghost
|move|p1a: Ambipom|Double-Edge|p2a: Blissey
|-immune|p2a: Blissey
|move|p2a: Blissey|Thunder Wave|p1a: Ambipom
|-status|p1a: Ambipom|par
|
|-weather|Snowscape|[upkeep]
|upkeep
|turn|17
|
|t:|1779866160
|switch|p2a: Cyclizar|Cyclizar, M|100/100
|move|p1a: Ambipom|Triple Axel|p2a: Cyclizar
|-supereffective|p2a: Cyclizar
|-damage|p2a: Cyclizar|73/100
|-supereffective|p2a: Cyclizar
|-damage|p2a: Cyclizar|23/100
|-supereffective|p2a: Cyclizar
|-damage|p2a: Cyclizar|0 fnt
|faint|p2a: Cyclizar
|-hitcount|p2: Cyclizar|3
|
|-weather|none
|upkeep
|
|t:|1779866163
|switch|p2a: Deoxys|Deoxys-Speed|100/100
|-ability|p2a: Deoxys|Pressure
|turn|18
|
|t:|1779866176
|move|p2a: Deoxys|Psychic|p1a: Ambipom
|-damage|p1a: Ambipom|0 fnt
|faint|p1a: Ambipom
|
|upkeep
|
|t:|1779866179
|switch|p1a: Klefki|Klefki, F|100/100
|turn|19
|
|t:|1779866188
|move|p1a: Klefki|Light Screen|p1a: Klefki
|-sidestart|p1: Mimmaaam|move: Light Screen
|move|p2a: Deoxys|Psychic|p1a: Klefki
|-resisted|p1a: Klefki
|-damage|p1a: Klefki|84/100
|
|upkeep
|turn|20
|
|t:|1779866192
|move|p1a: Klefki|Reflect|p1a: Klefki
|-sidestart|p1: Mimmaaam|Reflect
|move|p2a: Deoxys|Psyshock|p1a: Klefki
|-resisted|p1a: Klefki
|-damage|p1a: Klefki|75/100
|
|upkeep
|turn|21
|
|t:|1779866198
|switch|p2a: Blissey|Blissey, F, tera:Ghost|100/100
|move|p1a: Klefki|Draining Kiss|p2a: Blissey
|-crit|p2a: Blissey
|-damage|p2a: Blissey|93/100
|-heal|p1a: Klefki|88/100|[from] drain|[of] p2a: Blissey
|
|-heal|p2a: Blissey|99/100|[from] item: Leftovers
|upkeep
|turn|22
|
|t:|1779866203
|move|p1a: Klefki|Misty Terrain|p1a: Klefki
|-fieldstart|move: Misty Terrain
|move|p2a: Blissey|Thunder Wave|p1a: Klefki
|-activate|p1a: Klefki|move: Misty Terrain
|
|-heal|p2a: Blissey|100/100|[from] item: Leftovers
|upkeep
|turn|23
|
|t:|1779866211
|move|p1a: Klefki|Draining Kiss|p2a: Blissey
|-damage|p2a: Blissey|95/100
|-heal|p1a: Klefki|97/100|[from] drain|[of] p2a: Blissey
|move|p2a: Blissey|Seismic Toss|p1a: Klefki
|-damage|p1a: Klefki|66/100
|
|-heal|p2a: Blissey|100/100|[from] item: Leftovers
|upkeep
|turn|24
|
|t:|1779866220
|move|p1a: Klefki|Draining Kiss|p2a: Blissey
|-damage|p2a: Blissey|95/100
|-heal|p1a: Klefki|74/100|[from] drain|[of] p2a: Blissey
|move|p2a: Blissey|Seismic Toss|p1a: Klefki
|-damage|p1a: Klefki|43/100
|
|-heal|p2a: Blissey|100/100|[from] item: Leftovers
|upkeep
|turn|25
|
|t:|1779866230
|move|p1a: Klefki|Draining Kiss|p2a: Blissey
|-damage|p2a: Blissey|95/100
|-heal|p1a: Klefki|52/100|[from] drain|[of] p2a: Blissey
|move|p2a: Blissey|Seismic Toss|p1a: Klefki
|-damage|p1a: Klefki|21/100
|
|-heal|p2a: Blissey|100/100|[from] item: Leftovers
|upkeep
|turn|26
|-message|Mimmaaam forfeited.
|
|win|Dakota1683
|raw|Mimmaaam's rating: 1109 &rarr; <strong>1088</strong><br />(-21 for losing)
|raw|Dakota1683's rating: 1168 &rarr; <strong>1189</strong><br />(+21 for winning)
|l|☆Mimmaaam
|player|p1|
|l|☆Dakota1683
|player|p2|
