|j|☆Hallommora
|j|☆Dat boii fam
|t:|1779899330
|gametype|singles
|player|p1|Hallommora|clown|1554
|player|p2|Dat boii fam|li|1513
|gen|9
|tier|[Gen 9] OU
|rated|
|rule|HP Percentage Mod: HP is shown in percentages
|rule|Endless Battle Clause: Forcing endless battles is banned
|rule|Species Clause: Limit one of each Pokémon
|rule|OHKO Clause: OHKO moves are banned
|rule|Evasion Items Clause: Evasion items are banned
|rule|Evasion Moves Clause: Evasion moves are banned
|rule|Evasion Abilities Clause: Evasion abilities are banned
|rule|Sleep Moves Clause: Sleep-inducing moves are banned
|clearpoke
|poke|p1|Iron Treads|
|poke|p1|Raging Bolt|
|poke|p1|Iron Valiant|
|poke|p1|Kingambit, M|
|poke|p1|Great Tusk|
|poke|p1|Ogerpon-Wellspring, F|
|poke|p2|Alomomola, F|
|poke|p2|Landorus-Therian, M|
|poke|p2|Zapdos|
|poke|p2|Tornadus-Therian, M|
|poke|p2|Scizor, F|
|poke|p2|Amoonguss, F|
|teampreview
|inactive|Battle timer is ON: inactive players will automatically lose when time's up. (requested by Hallommora)
|inactive|Dat boii fam has 120 seconds left.
|
|t:|1779899379
|teamsize|p1|6
|teamsize|p2|6
|start
|switch|p1a: Iron Treads|Iron Treads|100/100
|switch|p2a: Landorus|Landorus-Therian, M|100/100
|-ability|p2a: Landorus|Intimidate|boost
|-unboost|p1a: Iron Treads|atk|1
|turn|1
|
|t:|1779899387
|move|p2a: Landorus|Earthquake|p1a: Iron Treads
|-supereffective|p1a: Iron Treads
|-enditem|p1a: Iron Treads|Focus Sash
|-damage|p1a: Iron Treads|1/100
|move|p1a: Iron Treads|Stealth Rock|p2a: Landorus
|-sidestart|p2: Dat boii fam|move: Stealth Rock
|
|upkeep
|turn|2
|
|t:|1779899393
|-end|p1a: Iron Treads|Quark Drive|[silent]
|switch|p1a: Ogerpon|Ogerpon-Wellspring, F|100/100
|move|p2a: Landorus|Earthquake|p1a: Ogerpon
|-resisted|p1a: Ogerpon
|-damage|p1a: Ogerpon|63/100
|
|upkeep
|turn|3
|
|t:|1779899406
|switch|p2a: Amoonguss|Amoonguss, F|100/100
|-damage|p2a: Amoonguss|88/100|[from] Stealth Rock
|switch|p1a: Iron Treads|Iron Treads|1/100
|
|upkeep
|turn|4
|
|t:|1779899412
|move|p1a: Iron Treads|Endeavor|p2a: Amoonguss
|-damage|p2a: Amoonguss|1/100
|-damage|p1a: Iron Treads|0 fnt|[from] item: Rocky Helmet|[of] p2a: Amoonguss
|faint|p1a: Iron Treads
|-end|p1a: Iron Treads|Quark Drive|[silent]
|move|p2a: Amoonguss|Giga Drain|p1: Iron Treads|[notarget]
|-fail|p2a: Amoonguss
|
|upkeep
|
|t:|1779899419
|switch|p1a: Ogerpon|Ogerpon-Wellspring, F|63/100
|turn|5
|
|t:|1779899425
|switch|p2a: Tornadus|Tornadus-Therian, M|100/100
|move|p1a: Ogerpon|Power Whip|p2a: Tornadus
|-resisted|p2a: Tornadus
|-damage|p2a: Tornadus|59/100
|
|upkeep
|turn|6
|
|t:|1779899434
|move|p2a: Tornadus|Bleakwind Storm|p1a: Ogerpon
|-supereffective|p1a: Ogerpon
|-damage|p1a: Ogerpon|0 fnt
|faint|p1a: Ogerpon
|
|upkeep
|
|t:|1779899438
|switch|p1a: Raging Bolt|Raging Bolt|100/100
|-enditem|p1a: Raging Bolt|Booster Energy
|-activate|p1a: Raging Bolt|ability: Protosynthesis|[fromitem]
|-start|p1a: Raging Bolt|protosynthesisspa
|turn|7
|
|t:|1779899442
|switch|p2a: Scizor|Scizor, F|100/100
|move|p1a: Raging Bolt|Calm Mind|p1a: Raging Bolt
|-boost|p1a: Raging Bolt|spa|1
|-boost|p1a: Raging Bolt|spd|1
|
|upkeep
|turn|8
|
|t:|1779899448
|switch|p2a: Landorus|Landorus-Therian, M|100/100
|-damage|p2a: Landorus|88/100|[from] Stealth Rock
|-ability|p2a: Landorus|Intimidate|boost
|-unboost|p1a: Raging Bolt|atk|1
|move|p1a: Raging Bolt|Thunderbolt|p2a: Landorus
|-immune|p2a: Landorus
|
|upkeep
|turn|9
|
|t:|1779899455
|-terastallize|p1a: Raging Bolt|Fairy
|move|p2a: Landorus|Earthquake|p1a: Raging Bolt
|-crit|p1a: Raging Bolt
|-damage|p1a: Raging Bolt|17/100
|move|p1a: Raging Bolt|Draco Meteor|p2a: Landorus
|-damage|p2a: Landorus|0 fnt
|-unboost|p1a: Raging Bolt|spa|2
|faint|p2a: Landorus
|
|upkeep
|
|t:|1779899465
|switch|p2a: Scizor|Scizor, F|100/100
|turn|10
|
|t:|1779899467
|-end|p1a: Raging Bolt|Protosynthesis|[silent]
|switch|p1a: Kingambit|Kingambit, M|100/100
|-activate|p1a: Kingambit|ability: Supreme Overlord
|-start|p1a: Kingambit|fallen2|[silent]
|move|p2a: Scizor|U-turn|p1a: Kingambit
|-damage|p1a: Kingambit|75/100
|
|t:|1779899474
|switch|p2a: Zapdos|Zapdos|100/100|[from] U-turn
|
|upkeep
|turn|11
|
|t:|1779899478
|move|p2a: Zapdos|Heat Wave|p1a: Kingambit
|-supereffective|p1a: Kingambit
|-damage|p1a: Kingambit|0 fnt
|faint|p1a: Kingambit
|-end|p1a: Kingambit|fallen2|[silent]
|
|upkeep
|
|t:|1779899482
|switch|p1a: Raging Bolt|Raging Bolt, tera:Fairy|17/100
|turn|12
|
|t:|1779899490
|move|p1a: Raging Bolt|Thunderbolt|p2a: Zapdos
|-damage|p2a: Zapdos|49/100
|move|p2a: Zapdos|Discharge|p1a: Raging Bolt
|-damage|p1a: Raging Bolt|0 fnt
|faint|p1a: Raging Bolt
|-end|p1a: Raging Bolt|Protosynthesis|[silent]
|
|upkeep
|
|t:|1779899497
|switch|p1a: Iron Valiant|Iron Valiant|100/100
|-enditem|p1a: Iron Valiant|Booster Energy
|-activate|p1a: Iron Valiant|ability: Quark Drive|[fromitem]
|-start|p1a: Iron Valiant|quarkdrivespe
|turn|13
|
|t:|1779899502
|move|p1a: Iron Valiant|Moonblast|p2a: Zapdos
|-damage|p2a: Zapdos|10/100
|move|p2a: Zapdos|Discharge|p1a: Iron Valiant
|-damage|p1a: Iron Valiant|20/100
|-status|p1a: Iron Valiant|par
|
|upkeep
|turn|14
|c|☆Dat boii fam|gg
|
|t:|1779899510
|move|p1a: Iron Valiant|Moonblast|p2a: Zapdos
|-damage|p2a: Zapdos|0 fnt
|faint|p2a: Zapdos
|
|upkeep
|
|t:|1779899514
|switch|p2a: Scizor|Scizor, F|100/100
|turn|15
|
|t:|1779899517
|move|p2a: Scizor|Bullet Punch|p1a: Iron Valiant
|-supereffective|p1a: Iron Valiant
|-damage|p1a: Iron Valiant|0 fnt
|faint|p1a: Iron Valiant
|-end|p1a: Iron Valiant|Quark Drive|[silent]
|
|upkeep
|
|t:|1779899518
|switch|p1a: Great Tusk|Great Tusk|100/100
|-enditem|p1a: Great Tusk|Booster Energy
|-activate|p1a: Great Tusk|ability: Protosynthesis|[fromitem]
|-start|p1a: Great Tusk|protosynthesisspe
|turn|16
|
|t:|1779899525
|move|p1a: Great Tusk|Bulk Up|p1a: Great Tusk
|-boost|p1a: Great Tusk|atk|1
|-boost|p1a: Great Tusk|def|1
|move|p2a: Scizor|U-turn|p1a: Great Tusk
|-resisted|p1a: Great Tusk
|-damage|p1a: Great Tusk|94/100
|
|t:|1779899532
|switch|p2a: Alomomola|Alomomola, F|100/100|[from] U-turn
|
|upkeep
|turn|17
|
|t:|1779899536
|move|p1a: Great Tusk|Bulk Up|p1a: Great Tusk
|-boost|p1a: Great Tusk|atk|1
|-boost|p1a: Great Tusk|def|1
|move|p2a: Alomomola|Alluring Voice|p1a: Great Tusk
|-supereffective|p1a: Great Tusk
|-damage|p1a: Great Tusk|71/100
|-start|p1a: Great Tusk|confusion
|
|upkeep
|turn|18
|
|t:|1779899545
|-activate|p1a: Great Tusk|confusion
|-damage|p1a: Great Tusk|64/100|[from] confusion
|move|p2a: Alomomola|Flip Turn|p1a: Great Tusk
|-supereffective|p1a: Great Tusk
|-damage|p1a: Great Tusk|53/100
|
|t:|1779899551
|switch|p2a: Tornadus|Tornadus-Therian, M|92/100|[from] Flip Turn
|
|upkeep
|turn|19
|
|t:|1779899555
|switch|p2a: Amoonguss|Amoonguss, F|34/100
|-damage|p2a: Amoonguss|22/100|[from] Stealth Rock
|-end|p1a: Great Tusk|confusion
|move|p1a: Great Tusk|Ice Spinner|p2a: Amoonguss
|-supereffective|p2a: Amoonguss
|-damage|p2a: Amoonguss|0 fnt
|-damage|p1a: Great Tusk|36/100|[from] item: Rocky Helmet|[of] p2a: Amoonguss
|faint|p2a: Amoonguss
|
|upkeep
|
|t:|1779899564
|switch|p2a: Alomomola|Alomomola, F|100/100
|turn|20
|
|t:|1779899567
|move|p1a: Great Tusk|Headlong Rush|p2a: Alomomola
|-damage|p2a: Alomomola|36/100
|-unboost|p1a: Great Tusk|def|1
|-unboost|p1a: Great Tusk|spd|1
|move|p2a: Alomomola|Alluring Voice|p1a: Great Tusk
|-supereffective|p1a: Great Tusk
|-crit|p1a: Great Tusk
|-damage|p1a: Great Tusk|0 fnt
|faint|p1a: Great Tusk
|-end|p1a: Great Tusk|Protosynthesis|[silent]
|
|win|Dat boii fam
|raw|Hallommora's rating: 1575 &rarr; <strong>1551</strong><br />(-24 for losing)
|raw|Dat boii fam's rating: 1513 &rarr; <strong>1537</strong><br />(+24 for winning)
|l|☆Hallommora
|player|p1|
|l|☆Dat boii fam
|player|p2|
