|j|☆Naturmacht
|j|☆hgjgfjyg
|t:|1779818708
|gametype|singles
|player|p1|Naturmacht|drake-gen3|1424
|player|p2|hgjgfjyg|collector|1398
|gen|9
|tier|[Gen 9] OU
|rated|
|rule|HP Percentage Mod: HP is shown in percentages
|rule|Endless Battle Clause: Forcing endless battles is banned
|rule|Species Clause: Limit one of each Pokémon
|rule|OHKO Clause: OHKO moves are banned
|rule|Evasion Items Clause: Evasion items are banned
|rule|Evasion Moves Clause: Evasion moves are banned
|rule|Evasion Abilities Clause: Evasion abilities are banned
|rule|Sleep Moves Clause: Sleep-inducing moves are banned
|clearpoke
|poke|p1|Rillaboom, M|
|poke|p1|Hatterene, F|
|poke|p1|Heatran, M|
|poke|p1|Clodsire, M|
|poke|p1|Corviknight, M|
|poke|p1|Ogerpon-Wellspring, F|
|poke|p2|Pelipper, M|
|poke|p2|Samurott-Hisui, M|
|poke|p2|Iron Treads|
|poke|p2|Barraskewda, F|
|poke|p2|Porygon-Z|
|poke|p2|Toxicroak, F|
|teampreview
|inactive|Battle timer is ON: inactive players will automatically lose when time's up. (requested by hgjgfjyg)
|inactive|Naturmacht also wants the timer to be on.
|
|t:|1779818719
|teamsize|p1|6
|teamsize|p2|6
|start
|switch|p1a: Clodsire|Clodsire, M|100/100
|switch|p2a: Toxicroak|Toxicroak, F|100/100
|turn|1
|
|t:|1779818727
|switch|p2a: Pelipper|Pelipper, M|100/100
|-weather|RainDance|[from] ability: Drizzle|[of] p2a: Pelipper
|move|p1a: Clodsire|Spikes|p2a: Pelipper
|-sidestart|p2: hgjgfjyg|Spikes
|
|-weather|RainDance|[upkeep]
|upkeep
|turn|2
|
|t:|1779818735
|move|p2a: Pelipper|U-turn|p1a: Clodsire
|-resisted|p1a: Clodsire
|-damage|p1a: Clodsire|96/100
|
|t:|1779818737
|switch|p2a: Bey blade|Iron Treads|100/100|[from] U-turn
|move|p1a: Clodsire|Toxic|p2a: Bey blade
|-immune|p2a: Bey blade
|
|-weather|RainDance|[upkeep]
|-heal|p1a: Clodsire|100/100|[from] item: Leftovers
|upkeep
|turn|3
|
|t:|1779818761
|move|p2a: Bey blade|Earth Power|p1a: Clodsire
|-supereffective|p1a: Clodsire
|-damage|p1a: Clodsire|66/100
|-unboost|p1a: Clodsire|spd|1
|move|p1a: Clodsire|Earthquake|p2a: Bey blade
|-supereffective|p2a: Bey blade
|-damage|p2a: Bey blade|48/100
|
|-weather|RainDance|[upkeep]
|-heal|p1a: Clodsire|72/100|[from] item: Leftovers
|upkeep
|turn|4
|
|t:|1779818772
|move|p2a: Bey blade|Rapid Spin|p1a: Clodsire
|-damage|p1a: Clodsire|59/100
|-boost|p2a: Bey blade|spe|1
|-sideend|p2: hgjgfjyg|Spikes|[from] move: Rapid Spin|[of] p2a: Bey blade
|move|p1a: Clodsire|Earthquake|p2a: Bey blade
|-supereffective|p2a: Bey blade
|-damage|p2a: Bey blade|1/100
|
|-weather|RainDance|[upkeep]
|-heal|p1a: Clodsire|65/100|[from] item: Leftovers
|upkeep
|turn|5
|
|t:|1779818781
|switch|p1a: Rillaboom|Rillaboom, M|100/100
|-fieldstart|move: Grassy Terrain|[from] ability: Grassy Surge|[of] p1a: Rillaboom
|move|p2a: Bey blade|Earth Power|p1a: Rillaboom
|-resisted|p1a: Rillaboom
|-damage|p1a: Rillaboom|82/100
|
|-weather|RainDance|[upkeep]
|-heal|p2a: Bey blade|7/100|[from] Grassy Terrain
|-heal|p1a: Rillaboom|88/100|[from] Grassy Terrain
|upkeep
|turn|6
|
|t:|1779818795
|-end|p2a: Bey blade|Quark Drive|[silent]
|switch|p2a: Toxicroak|Toxicroak, F|100/100
|move|p1a: Rillaboom|Grassy Glide|p2a: Toxicroak
|-resisted|p2a: Toxicroak
|-damage|p2a: Toxicroak|70/100
|
|-weather|RainDance|[upkeep]
|-heal|p2a: Toxicroak|83/100|[from] ability: Dry Skin
|-heal|p2a: Toxicroak|89/100|[from] Grassy Terrain
|-heal|p2a: Toxicroak|95/100|[from] item: Leftovers
|-heal|p1a: Rillaboom|95/100|[from] Grassy Terrain
|upkeep
|turn|7
|
|t:|1779818806
|switch|p1a: Clodsire|Clodsire, M|65/100
|move|p2a: Toxicroak|Gunk Shot|p1a: Clodsire
|-resisted|p1a: Clodsire
|-damage|p1a: Clodsire|50/100
|
|-weather|RainDance|[upkeep]
|-heal|p2a: Toxicroak|100/100|[from] ability: Dry Skin
|-heal|p1a: Clodsire|56/100|[from] Grassy Terrain
|-heal|p1a: Clodsire|63/100|[from] item: Leftovers
|upkeep
|turn|8
|
|t:|1779818817
|switch|p2a: Spike factory|Samurott-Hisui, M|100/100
|move|p1a: Clodsire|Recover|p1a: Clodsire
|-heal|p1a: Clodsire|100/100
|
|-weather|none
|upkeep
|turn|9
|
|t:|1779818823
|move|p2a: Spike factory|Ceaseless Edge|p1a: Clodsire
|-damage|p1a: Clodsire|54/100
|-sidestart|p1: Naturmacht|Spikes
|move|p1a: Clodsire|Toxic|p2a: Spike factory
|-status|p2a: Spike factory|tox
|
|-heal|p1a: Clodsire|61/100|[from] Grassy Terrain
|-heal|p1a: Clodsire|67/100|[from] item: Leftovers
|-damage|p2a: Spike factory|94/100 tox|[from] psn
|upkeep
|turn|10
|
|t:|1779818833
|switch|p1a: Corviknight|Corviknight, M|100/100
|-ability|p1a: Corviknight|Pressure
|move|p2a: Spike factory|Ceaseless Edge|p1a: Corviknight
|-damage|p1a: Corviknight|72/100
|-damage|p2a: Spike factory|78/100 tox|[from] item: Rocky Helmet|[of] p1a: Corviknight
|-sidestart|p1: Naturmacht|Spikes
|
|-heal|p2a: Spike factory|84/100 tox|[from] Grassy Terrain
|-damage|p2a: Spike factory|72/100 tox|[from] psn
|upkeep
|turn|11
|
|t:|1779818844
|switch|p2a: Nuclear bomb|Porygon-Z|100/100
|-ability|p2a: Nuclear bomb|Download|boost
|-boost|p2a: Nuclear bomb|spa|1
|move|p1a: Corviknight|Defog|p2a: Nuclear bomb
|-unboost|p2a: Nuclear bomb|evasion|1
|-sideend|p1: Naturmacht|Spikes|[from] move: Defog|[of] p1a: Corviknight
|-fieldend|move: Grassy Terrain
|
|upkeep
|turn|12
|
|t:|1779818854
|switch|p1a: Clodsire|Clodsire, M|67/100
|move|p2a: Nuclear bomb|Ice Beam|p1a: Clodsire
|-supereffective|p1a: Clodsire
|-damage|p1a: Clodsire|20/100
|-damage|p2a: Nuclear bomb|91/100|[from] item: Life Orb
|
|-heal|p1a: Clodsire|26/100|[from] item: Leftovers
|upkeep
|turn|13
|
|t:|1779818868
|switch|p1a: Heatran|Heatran, M|100/100
|move|p2a: Nuclear bomb|Ice Beam|p1a: Heatran
|-resisted|p1a: Heatran
|-damage|p1a: Heatran|91/100
|-damage|p2a: Nuclear bomb|81/100|[from] item: Life Orb
|
|-heal|p1a: Heatran|97/100|[from] item: Leftovers
|upkeep
|turn|14
|
|t:|1779818877
|switch|p2a: Pelipper|Pelipper, M|100/100
|-weather|RainDance|[from] ability: Drizzle|[of] p2a: Pelipper
|move|p1a: Heatran|Magma Storm|p2a: Pelipper|[miss]
|-miss|p1a: Heatran|p2a: Pelipper
|
|-weather|RainDance|[upkeep]
|-heal|p1a: Heatran|100/100|[from] item: Leftovers
|upkeep
|turn|15
|
|t:|1779818885
|switch|p2a: Bey blade|Iron Treads|7/100
|move|p1a: Heatran|Protect||[still]
|-fail|p1a: Heatran
|
|-weather|RainDance|[upkeep]
|upkeep
|turn|16
|
|t:|1779818891
|switch|p1a: Rillaboom|Rillaboom, M|95/100
|-fieldstart|move: Grassy Terrain|[from] ability: Grassy Surge|[of] p1a: Rillaboom
|move|p2a: Bey blade|Volt Switch|p1a: Rillaboom
|-resisted|p1a: Rillaboom
|-damage|p1a: Rillaboom|85/100
|
|t:|1779818899
|-end|p2a: Bey blade|Quark Drive|[silent]
|switch|p2a: Toxicroak|Toxicroak, F|100/100|[from] Volt Switch
|
|-weather|RainDance|[upkeep]
|-heal|p1a: Rillaboom|91/100|[from] Grassy Terrain
|upkeep
|turn|17
|
|t:|1779818905
|switch|p2a: Spike factory|Samurott-Hisui, M|72/100 tox
|switch|p1a: Corviknight|Corviknight, M|72/100
|-ability|p1a: Corviknight|Pressure
|
|-weather|RainDance|[upkeep]
|-heal|p2a: Spike factory|78/100 tox|[from] Grassy Terrain
|-damage|p2a: Spike factory|72/100 tox|[from] psn
|upkeep
|turn|18
|
|t:|1779818918
|move|p2a: Spike factory|Razor Shell|p1a: Corviknight
|-damage|p1a: Corviknight|24/100
|-unboost|p1a: Corviknight|def|1
|-damage|p2a: Spike factory|55/100 tox|[from] item: Rocky Helmet|[of] p1a: Corviknight
|move|p1a: Corviknight|Roost|p1a: Corviknight
|-heal|p1a: Corviknight|74/100
|-singleturn|p1a: Corviknight|move: Roost
|
|-weather|RainDance|[upkeep]
|-heal|p2a: Spike factory|61/100 tox|[from] Grassy Terrain
|-heal|p1a: Corviknight|80/100|[from] Grassy Terrain
|-damage|p2a: Spike factory|49/100 tox|[from] psn
|upkeep
|turn|19
|
|t:|1779818933
|switch|p2a: Nuclear bomb|Porygon-Z|81/100
|-ability|p2a: Nuclear bomb|Download|boost
|-boost|p2a: Nuclear bomb|spa|1
|switch|p1a: Rillaboom|Rillaboom, M|91/100
|
|-weather|RainDance|[upkeep]
|-heal|p2a: Nuclear bomb|87/100|[from] Grassy Terrain
|-heal|p1a: Rillaboom|98/100|[from] Grassy Terrain
|upkeep
|turn|20
|
|t:|1779818946
|switch|p1a: Heatran|Heatran, M|100/100
|move|p2a: Nuclear bomb|Ice Beam|p1a: Heatran
|-resisted|p1a: Heatran
|-damage|p1a: Heatran|90/100
|-damage|p2a: Nuclear bomb|77/100|[from] item: Life Orb
|
|-weather|RainDance|[upkeep]
|-heal|p2a: Nuclear bomb|83/100|[from] Grassy Terrain
|-heal|p1a: Heatran|97/100|[from] Grassy Terrain
|-heal|p1a: Heatran|100/100|[from] item: Leftovers
|upkeep
|turn|21
|
|t:|1779818957
|move|p2a: Nuclear bomb|Thunder|p1a: Heatran
|-crit|p1a: Heatran
|-damage|p1a: Heatran|33/100
|-status|p1a: Heatran|par
|-damage|p2a: Nuclear bomb|73/100|[from] item: Life Orb
|move|p1a: Heatran|Stealth Rock|p2a: Nuclear bomb
|-sidestart|p2: hgjgfjyg|move: Stealth Rock
|
|-weather|none
|-heal|p2a: Nuclear bomb|79/100|[from] Grassy Terrain
|-heal|p1a: Heatran|39/100 par|[from] Grassy Terrain
|-heal|p1a: Heatran|45/100 par|[from] item: Leftovers
|upkeep
|turn|22
|
|t:|1779818970
|cant|p1a: Heatran|par
|move|p2a: Nuclear bomb|Shadow Ball|p1a: Heatran
|-damage|p1a: Heatran|12/100 par
|-damage|p2a: Nuclear bomb|69/100|[from] item: Life Orb
|
|-heal|p2a: Nuclear bomb|75/100|[from] Grassy Terrain
|-heal|p1a: Heatran|18/100 par|[from] Grassy Terrain
|-heal|p1a: Heatran|24/100 par|[from] item: Leftovers
|upkeep
|turn|23
|
|t:|1779818983
|switch|p2a: Pelipper|Pelipper, M|100/100
|-damage|p2a: Pelipper|76/100|[from] Stealth Rock
|-weather|RainDance|[from] ability: Drizzle|[of] p2a: Pelipper
|move|p1a: Heatran|Protect||[still]
|-fail|p1a: Heatran
|
|-weather|RainDance|[upkeep]
|-heal|p1a: Heatran|31/100 par|[from] Grassy Terrain
|-heal|p1a: Heatran|37/100 par|[from] item: Leftovers
|-fieldend|move: Grassy Terrain
|upkeep
|turn|24
|
|t:|1779818994
|cant|p1a: Heatran|par
|move|p2a: Pelipper|Hurricane|p1a: Heatran
|-resisted|p1a: Heatran
|-damage|p1a: Heatran|25/100 par
|-start|p1a: Heatran|confusion
|
|-weather|RainDance|[upkeep]
|-heal|p1a: Heatran|31/100 par|[from] item: Leftovers
|upkeep
|turn|25
|
|t:|1779819002
|-activate|p1a: Heatran|confusion
|move|p1a: Heatran|Protect|p1a: Heatran
|-singleturn|p1a: Heatran|Protect
|move|p2a: Pelipper|U-turn|p1a: Heatran
|-activate|p1a: Heatran|move: Protect
|
|-weather|RainDance|[upkeep]
|-heal|p1a: Heatran|37/100 par|[from] item: Leftovers
|upkeep
|turn|26
|
|t:|1779819011
|move|p2a: Pelipper|U-turn|p1a: Heatran
|-resisted|p1a: Heatran
|-damage|p1a: Heatran|35/100 par
|
|t:|1779819023
|switch|p2a: Bey blade|Iron Treads|7/100|[from] U-turn
|-activate|p1a: Heatran|confusion
|cant|p1a: Heatran|par
|
|-weather|RainDance|[upkeep]
|-heal|p1a: Heatran|41/100 par|[from] item: Leftovers
|upkeep
|turn|27
|
|t:|1779819031
|switch|p1a: Corviknight|Corviknight, M|80/100
|-ability|p1a: Corviknight|Pressure
|move|p2a: Bey blade|Rapid Spin|p1a: Corviknight
|-resisted|p1a: Corviknight
|-damage|p1a: Corviknight|77/100
|-boost|p2a: Bey blade|spe|1
|-damage|p2a: Bey blade|0 fnt|[from] item: Rocky Helmet|[of] p1a: Corviknight
|faint|p2a: Bey blade
|-end|p2a: Bey blade|Quark Drive|[silent]
|
|-weather|RainDance|[upkeep]
|upkeep
|
|t:|1779819037
|switch|p2a: Nuclear bomb|Porygon-Z|75/100
|-damage|p2a: Nuclear bomb|63/100|[from] Stealth Rock
|-ability|p2a: Nuclear bomb|Download|boost
|-boost|p2a: Nuclear bomb|spa|1
|turn|28
|
|t:|1779819058
|switch|p1a: Heatran|Heatran, M|41/100 par
|move|p2a: Nuclear bomb|Thunder|p1a: Heatran
|-damage|p1a: Heatran|0 fnt
|faint|p1a: Heatran
|-damage|p2a: Nuclear bomb|53/100|[from] item: Life Orb
|
|-weather|RainDance|[upkeep]
|upkeep
|
|t:|1779819065
|switch|p1a: Ogerpon|Ogerpon-Wellspring, F|100/100
|turn|29
|
|t:|1779819072
|switch|p2a: Toxicroak|Toxicroak, F|100/100
|-damage|p2a: Toxicroak|94/100|[from] Stealth Rock
|move|p1a: Ogerpon|Ivy Cudgel|p2a: Toxicroak|[anim] Ivy Cudgel Water
|-heal|p2a: Toxicroak|100/100|[from] ability: Dry Skin|[of] p1a: Ogerpon
|
|-weather|RainDance|[upkeep]
|upkeep
|turn|30
|
|t:|1779819081
|switch|p1a: Corviknight|Corviknight, M|77/100
|-ability|p1a: Corviknight|Pressure
|move|p2a: Toxicroak|Close Combat|p1a: Corviknight
|-damage|p1a: Corviknight|47/100
|-unboost|p2a: Toxicroak|def|1
|-unboost|p2a: Toxicroak|spd|1
|-damage|p2a: Toxicroak|84/100|[from] item: Rocky Helmet|[of] p1a: Corviknight
|
|-weather|none
|-heal|p2a: Toxicroak|90/100|[from] item: Leftovers
|upkeep
|turn|31
|
|t:|1779819092
|switch|p2a: Pelipper|Pelipper, M|76/100
|-damage|p2a: Pelipper|51/100|[from] Stealth Rock
|-weather|RainDance|[from] ability: Drizzle|[of] p2a: Pelipper
|move|p1a: Corviknight|Roost|p1a: Corviknight
|-heal|p1a: Corviknight|97/100
|-singleturn|p1a: Corviknight|move: Roost
|
|-weather|RainDance|[upkeep]
|upkeep
|turn|32
|
|t:|1779819105
|move|p1a: Corviknight|Iron Defense|p1a: Corviknight
|-boost|p1a: Corviknight|def|2
|move|p2a: Pelipper|Roost|p2a: Pelipper
|-heal|p2a: Pelipper|100/100
|-singleturn|p2a: Pelipper|move: Roost
|
|-weather|RainDance|[upkeep]
|upkeep
|turn|33
|
|t:|1779819115
|move|p1a: Corviknight|Iron Defense|p1a: Corviknight
|-boost|p1a: Corviknight|def|2
|move|p2a: Pelipper|U-turn|p1a: Corviknight
|-resisted|p1a: Corviknight
|-damage|p1a: Corviknight|96/100
|-damage|p2a: Pelipper|84/100|[from] item: Rocky Helmet|[of] p1a: Corviknight
|
|t:|1779819118
|switch|p2a: Nuclear bomb|Porygon-Z|53/100|[from] U-turn
|-damage|p2a: Nuclear bomb|41/100|[from] Stealth Rock
|-ability|p2a: Nuclear bomb|Download|boost
|-boost|p2a: Nuclear bomb|spa|1
|
|-weather|RainDance|[upkeep]
|upkeep
|turn|34
|
|t:|1779819130
|switch|p1a: Clodsire|Clodsire, M|26/100
|move|p2a: Nuclear bomb|Ice Beam|p1a: Clodsire
|-supereffective|p1a: Clodsire
|-damage|p1a: Clodsire|0 fnt
|faint|p1a: Clodsire
|-damage|p2a: Nuclear bomb|31/100|[from] item: Life Orb
|
|-weather|RainDance|[upkeep]
|upkeep
|
|t:|1779819138
|switch|p1a: Ogerpon|Ogerpon-Wellspring, F|100/100
|turn|35
|
|t:|1779819148
|move|p1a: Ogerpon|Swords Dance|p1a: Ogerpon
|-boost|p1a: Ogerpon|atk|2
|move|p2a: Nuclear bomb|Thunder|p1a: Ogerpon
|-damage|p1a: Ogerpon|15/100
|-damage|p2a: Nuclear bomb|21/100|[from] item: Life Orb
|
|-weather|RainDance|[upkeep]
|upkeep
|turn|36
|
|t:|1779819159
|move|p1a: Ogerpon|Horn Leech|p2a: Nuclear bomb
|-damage|p2a: Nuclear bomb|0 fnt
|-heal|p1a: Ogerpon|26/100|[from] drain|[of] p2a: Nuclear bomb
|faint|p2a: Nuclear bomb
|
|-weather|RainDance|[upkeep]
|upkeep
|
|t:|1779819164
|switch|p2a: Barraskewda|Barraskewda, F|100/100
|-damage|p2a: Barraskewda|88/100|[from] Stealth Rock
|turn|37
|
|t:|1779819170
|switch|p1a: Corviknight|Corviknight, M|96/100
|-ability|p1a: Corviknight|Pressure
|move|p2a: Barraskewda|Poison Jab|p1a: Corviknight
|-immune|p1a: Corviknight
|
|-weather|RainDance|[upkeep]
|upkeep
|turn|38
|
|t:|1779819178
|switch|p2a: Spike factory|Samurott-Hisui, M|49/100 tox
|-damage|p2a: Spike factory|36/100 tox|[from] Stealth Rock
|move|p1a: Corviknight|Iron Defense|p1a: Corviknight
|-boost|p1a: Corviknight|def|2
|
|-weather|none
|-damage|p2a: Spike factory|30/100 tox|[from] psn
|upkeep
|turn|39
|
|t:|1779819188
|move|p2a: Spike factory|Ceaseless Edge|p1a: Corviknight
|-damage|p1a: Corviknight|82/100
|-damage|p2a: Spike factory|14/100 tox|[from] item: Rocky Helmet|[of] p1a: Corviknight
|-sidestart|p1: Naturmacht|Spikes
|move|p1a: Corviknight|Iron Defense|p1a: Corviknight
|-boost|p1a: Corviknight|def|2
|
|-damage|p2a: Spike factory|1/100 tox|[from] psn
|upkeep
|turn|40
|
|t:|1779819204
|move|p2a: Spike factory|Ceaseless Edge|p1a: Corviknight
|-damage|p1a: Corviknight|73/100
|-damage|p2a: Spike factory|0 fnt|[from] item: Rocky Helmet|[of] p1a: Corviknight
|faint|p2a: Spike factory
|move|p1a: Corviknight|Roost|p1a: Corviknight
|-heal|p1a: Corviknight|100/100
|-singleturn|p1a: Corviknight|move: Roost
|
|upkeep
|
|t:|1779819209
|switch|p2a: Pelipper|Pelipper, M|84/100
|-damage|p2a: Pelipper|59/100|[from] Stealth Rock
|-weather|RainDance|[from] ability: Drizzle|[of] p2a: Pelipper
|turn|41
|
|t:|1779819227
|-terastallize|p1a: Corviknight|Dragon
|move|p1a: Corviknight|Iron Defense|p1a: Corviknight
|-boost|p1a: Corviknight|def|2
|move|p2a: Pelipper|Roost|p2a: Pelipper
|-heal|p2a: Pelipper|100/100
|-singleturn|p2a: Pelipper|move: Roost
|
|-weather|RainDance|[upkeep]
|upkeep
|turn|42
|
|t:|1779819237
|move|p1a: Corviknight|Body Press|p2a: Pelipper
|-resisted|p2a: Pelipper
|-crit|p2a: Pelipper
|-damage|p2a: Pelipper|37/100
|move|p2a: Pelipper|Hurricane|p1a: Corviknight
|-damage|p1a: Corviknight|66/100
|-start|p1a: Corviknight|confusion
|
|-weather|RainDance|[upkeep]
|upkeep
|turn|43
|
|t:|1779819245
|-activate|p1a: Corviknight|confusion
|move|p1a: Corviknight|Body Press|p2a: Pelipper
|-resisted|p2a: Pelipper
|-damage|p2a: Pelipper|0 fnt
|faint|p2a: Pelipper
|
|-weather|RainDance|[upkeep]
|upkeep
|
|t:|1779819249
|switch|p2a: Barraskewda|Barraskewda, F|88/100
|-damage|p2a: Barraskewda|76/100|[from] Stealth Rock
|turn|44
|
|t:|1779819254
|-terastallize|p2a: Barraskewda|Ghost
|move|p2a: Barraskewda|Liquidation|p1a: Corviknight
|-resisted|p1a: Corviknight
|-damage|p1a: Corviknight|59/100
|-unboost|p1a: Corviknight|def|1
|-damage|p2a: Barraskewda|60/100|[from] item: Rocky Helmet|[of] p1a: Corviknight
|-damage|p2a: Barraskewda|50/100|[from] item: Life Orb
|-activate|p1a: Corviknight|confusion
|move|p1a: Corviknight|Roost|p1a: Corviknight
|-heal|p1a: Corviknight|100/100
|
|-weather|RainDance|[upkeep]
|upkeep
|turn|45
|-message|hgjgfjyg forfeited.
|
|win|Naturmacht
|raw|Naturmacht's rating: 1424 &rarr; <strong>1443</strong><br />(+19 for winning)
|raw|hgjgfjyg's rating: 1398 &rarr; <strong>1379</strong><br />(-19 for losing)
|l|☆hgjgfjyg
|player|p2|
