|j|☆KnuckleTesting
|j|☆omari p
|t:|1779817914
|gametype|singles
|player|p1|KnuckleTesting|170|1581
|player|p2|omari p|pokemonrangerf|1597
|gen|9
|tier|[Gen 9] OU
|rated|
|rule|HP Percentage Mod: HP is shown in percentages
|rule|Endless Battle Clause: Forcing endless battles is banned
|rule|Species Clause: Limit one of each Pokémon
|rule|OHKO Clause: OHKO moves are banned
|rule|Evasion Items Clause: Evasion items are banned
|rule|Evasion Moves Clause: Evasion moves are banned
|rule|Evasion Abilities Clause: Evasion abilities are banned
|rule|Sleep Moves Clause: Sleep-inducing moves are banned
|clearpoke
|poke|p1|Ninetales, F|
|poke|p1|Hatterene, F|
|poke|p1|Cinderace, M|
|poke|p1|Walking Wake|
|poke|p1|Great Tusk|
|poke|p1|Blaziken, M|
|poke|p2|Frosmoth, M|
|poke|p2|Latias, F|
|poke|p2|Cinderace, M|
|poke|p2|Braviary-Hisui, M|
|poke|p2|Zoroark-Hisui, F|
|poke|p2|Garganacl, F|
|teampreview
|inactive|Battle timer is ON: inactive players will automatically lose when time's up. (requested by KnuckleTesting)
|
|t:|1779817928
|teamsize|p1|6
|teamsize|p2|6
|start
|switch|p1a: Cinderace|Cinderace, M|100/100
|switch|p2a: Garganacl|Garganacl, F|100/100
|turn|1
|
|t:|1779817940
|move|p1a: Cinderace|U-turn|p2a: Garganacl
|-resisted|p2a: Garganacl
|-damage|p2a: Garganacl|68/100
|replace|p2a: Zoroark|Zoroark-Hisui, F
|-end|p2a: Zoroark|Illusion
|
|t:|1779817957
|switch|p1a: Ninetales|Ninetales, F|100/100|[from] U-turn
|-weather|SunnyDay|[from] ability: Drought|[of] p1a: Ninetales
|move|p2a: Zoroark|Bitter Malice|p1a: Ninetales
|-damage|p1a: Ninetales|57/100
|-unboost|p1a: Ninetales|atk|1
|
|-weather|SunnyDay|[upkeep]
|upkeep
|turn|2
|
|t:|1779817978
|switch|p1a: Walking Wake|Walking Wake|100/100
|-activate|p1a: Walking Wake|ability: Protosynthesis
|-start|p1a: Walking Wake|protosynthesisspe
|move|p2a: Zoroark|Bitter Malice|p1a: Walking Wake
|-damage|p1a: Walking Wake|59/100
|-unboost|p1a: Walking Wake|atk|1
|
|-weather|SunnyDay|[upkeep]
|upkeep
|turn|3
|
|t:|1779817989
|move|p1a: Walking Wake|Hydro Steam|p2a: Zoroark
|-damage|p2a: Zoroark|0 fnt
|faint|p2a: Zoroark
|
|-weather|SunnyDay|[upkeep]
|upkeep
|
|t:|1779817993
|switch|p2a: Frosmoth|Frosmoth, M|100/100
|turn|4
|
|t:|1779817997
|move|p1a: Walking Wake|Hydro Steam|p2a: Frosmoth
|-crit|p2a: Frosmoth
|-damage|p2a: Frosmoth|17/100
|move|p2a: Frosmoth|Quiver Dance|p2a: Frosmoth
|-boost|p2a: Frosmoth|spa|1
|-boost|p2a: Frosmoth|spd|1
|-boost|p2a: Frosmoth|spe|1
|
|-weather|SunnyDay|[upkeep]
|-heal|p2a: Frosmoth|23/100|[from] item: Leftovers
|upkeep
|turn|5
|
|t:|1779818004
|move|p1a: Walking Wake|Hydro Steam|p2a: Frosmoth
|-damage|p2a: Frosmoth|0 fnt
|faint|p2a: Frosmoth
|
|-weather|SunnyDay|[upkeep]
|upkeep
|
|t:|1779818007
|switch|p2a: Latias|Latias, F|100/100
|turn|6
|
|t:|1779818013
|-end|p1a: Walking Wake|Protosynthesis|[silent]
|switch|p1a: Hatterene|Hatterene, F|100/100
|move|p2a: Latias|Calm Mind|p2a: Latias
|-boost|p2a: Latias|spa|1
|-boost|p2a: Latias|spd|1
|
|-weather|SunnyDay|[upkeep]
|upkeep
|turn|7
|
|t:|1779818016
|move|p2a: Latias|Calm Mind|p2a: Latias
|-boost|p2a: Latias|spa|1
|-boost|p2a: Latias|spd|1
|move|p1a: Hatterene|Nuzzle|p2a: Latias
|-resisted|p2a: Latias
|-damage|p2a: Latias|99/100
|-status|p2a: Latias|par
|
|-weather|SunnyDay|[upkeep]
|upkeep
|turn|8
|
|t:|1779818021
|move|p2a: Latias|Calm Mind|p2a: Latias
|-boost|p2a: Latias|spa|1
|-boost|p2a: Latias|spd|1
|move|p1a: Hatterene|Psychic Noise|p2a: Latias
|-resisted|p2a: Latias
|-damage|p2a: Latias|93/100 par
|-start|p2a: Latias|move: Heal Block
|
|-weather|none
|upkeep
|turn|9
|
|t:|1779818027
|switch|p1a: Cinderace|Cinderace, M|100/100
|move|p2a: Latias|Calm Mind|p2a: Latias
|-boost|p2a: Latias|spa|1
|-boost|p2a: Latias|spd|1
|
|-end|p2a: Latias|move: Heal Block
|upkeep
|turn|10
|
|t:|1779818030
|move|p1a: Cinderace|U-turn|p2a: Latias
|-supereffective|p2a: Latias
|-damage|p2a: Latias|23/100 par
|-enditem|p2a: Latias|Weakness Policy
|-boost|p2a: Latias|atk|2|[from] item: Weakness Policy
|-boost|p2a: Latias|spa|2|[from] item: Weakness Policy
|
|t:|1779818034
|switch|p1a: Ninetales|Ninetales, F|57/100|[from] U-turn
|-weather|SunnyDay|[from] ability: Drought|[of] p1a: Ninetales
|move|p2a: Latias|Recover|p2a: Latias
|-heal|p2a: Latias|73/100 par
|
|-weather|SunnyDay|[upkeep]
|upkeep
|turn|11
|
|t:|1779818041
|move|p1a: Ninetales|Encore|p2a: Latias
|-start|p2a: Latias|Encore
|move|p2a: Latias|Recover|p2a: Latias
|-heal|p2a: Latias|100/100 par
|
|-weather|SunnyDay|[upkeep]
|upkeep
|turn|12
|
|t:|1779818049
|switch|p1a: Blaziken|Blaziken, M|100/100
|cant|p2a: Latias|par
|
|-weather|SunnyDay|[upkeep]
|upkeep
|turn|13
|
|t:|1779818051
|move|p1a: Blaziken|Focus Energy|p1a: Blaziken
|-start|p1a: Blaziken|move: Focus Energy
|move|p2a: Latias|Recover||[still]
|-fail|p2a: Latias|heal
|
|-weather|SunnyDay|[upkeep]
|-end|p2a: Latias|Encore
|-ability|p1a: Blaziken|Speed Boost|boost
|-boost|p1a: Blaziken|spe|1
|upkeep
|turn|14
|
|t:|1779818056
|move|p1a: Blaziken|Overheat|p2a: Latias
|-resisted|p2a: Latias
|-crit|p2a: Latias
|-damage|p2a: Latias|48/100 par
|-unboost|p1a: Blaziken|spa|2
|move|p2a: Latias|Stored Power|p1a: Blaziken
|-supereffective|p1a: Blaziken
|-damage|p1a: Blaziken|0 fnt
|faint|p1a: Blaziken
|
|-weather|SunnyDay|[upkeep]
|upkeep
|
|t:|1779818061
|switch|p1a: Cinderace|Cinderace, M|100/100
|turn|15
|
|t:|1779818071
|-terastallize|p2a: Latias|Poison
|move|p1a: Cinderace|U-turn|p2a: Latias
|-resisted|p2a: Latias
|-damage|p2a: Latias|32/100 par
|
|t:|1779818076
|switch|p1a: Ninetales|Ninetales, F|57/100|[from] U-turn
|move|p2a: Latias|Stored Power|p1a: Ninetales
|-damage|p1a: Ninetales|0 fnt
|faint|p1a: Ninetales
|
|-weather|SunnyDay|[upkeep]
|upkeep
|
|t:|1779818079
|switch|p1a: Great Tusk|Great Tusk|100/100
|-activate|p1a: Great Tusk|ability: Protosynthesis
|-start|p1a: Great Tusk|protosynthesisatk
|turn|16
|
|t:|1779818088
|move|p1a: Great Tusk|Close Combat|p2a: Latias
|-resisted|p2a: Latias
|-damage|p2a: Latias|0 fnt
|-unboost|p1a: Great Tusk|def|1
|-unboost|p1a: Great Tusk|spd|1
|faint|p2a: Latias
|
|-weather|SunnyDay|[upkeep]
|upkeep
|
|t:|1779818091
|switch|p2a: Braviary|Braviary-Hisui, M|100/100
|turn|17
|
|t:|1779818094
|move|p1a: Great Tusk|Knock Off|p2a: Braviary
|-supereffective|p2a: Braviary
|-damage|p2a: Braviary|0 fnt
|-enditem|p2a: Braviary|Life Orb|[from] move: Knock Off|[of] p1a: Great Tusk
|faint|p2a: Braviary
|
|-weather|none
|-end|p1a: Great Tusk|Protosynthesis
|upkeep
|-message|omari p forfeited.
|
|win|KnuckleTesting
|raw|KnuckleTesting's rating: 1581 &rarr; <strong>1601</strong><br />(+20 for winning)
|raw|omari p's rating: 1577 &rarr; <strong>1557</strong><br />(-20 for losing)
|l|☆omari p
|player|p2|
|l|☆KnuckleTesting
|player|p1|
