|j|☆Reubenflores2008
|j|☆Thomas7040
|t:|1779834410
|gametype|singles
|player|p1|Reubenflores2008|101|1066
|player|p2|Thomas7040|pokemonranger-gen4|1075
|gen|9
|tier|[Gen 9] OU
|rated|
|rule|HP Percentage Mod: HP is shown in percentages
|rule|Endless Battle Clause: Forcing endless battles is banned
|rule|Species Clause: Limit one of each Pokémon
|rule|OHKO Clause: OHKO moves are banned
|rule|Evasion Items Clause: Evasion items are banned
|rule|Evasion Moves Clause: Evasion moves are banned
|rule|Evasion Abilities Clause: Evasion abilities are banned
|rule|Sleep Moves Clause: Sleep-inducing moves are banned
|clearpoke
|poke|p1|Tyranitar, F|
|poke|p1|Great Tusk|
|poke|p1|Gholdengo|
|poke|p1|Dragapult, M|
|poke|p1|Ogerpon-Wellspring, F|
|poke|p1|Kingambit, M|
|poke|p2|Toxapex, M|
|poke|p2|Tinkaton, F|
|poke|p2|Rillaboom, M|
|poke|p2|Rotom-Wash|
|poke|p2|Hydreigon, F|
|poke|p2|Great Tusk|
|teampreview
|
|t:|1779834423
|teamsize|p1|6
|teamsize|p2|6
|start
|switch|p1a: Tyranitar|Tyranitar, F|100/100
|switch|p2a: Toxapex|Toxapex, M|100/100
|-weather|Sandstorm|[from] ability: Sand Stream|[of] p1a: Tyranitar
|turn|1
|
|t:|1779834435
|switch|p2a: Tinkaton|Tinkaton, F, shiny|100/100
|-ability|p2a: Tinkaton|Mold Breaker
|-item|p2a: Tinkaton|Air Balloon
|move|p1a: Tyranitar|Ancient Power|p2a: Tinkaton
|-resisted|p2a: Tinkaton
|-damage|p2a: Tinkaton|90/100
|-enditem|p2a: Tinkaton|Air Balloon
|
|-weather|Sandstorm|[upkeep]
|upkeep
|turn|2
|
|t:|1779834462
|switch|p2a: Rotom|Rotom-Wash|100/100
|move|p1a: Tyranitar|Stealth Rock|p2a: Rotom
|-sidestart|p2: Thomas7040|move: Stealth Rock
|
|-weather|Sandstorm|[upkeep]
|-damage|p2a: Rotom|94/100|[from] Sandstorm
|-heal|p2a: Rotom|100/100|[from] item: Leftovers
|upkeep
|turn|3
|
|t:|1779834476
|move|p2a: Rotom|Will-O-Wisp|p1a: Tyranitar
|-status|p1a: Tyranitar|brn
|move|p1a: Tyranitar|Ancient Power|p2a: Rotom
|-damage|p2a: Rotom|72/100
|
|-weather|Sandstorm|[upkeep]
|-damage|p2a: Rotom|65/100|[from] Sandstorm
|-heal|p2a: Rotom|72/100|[from] item: Leftovers
|-damage|p1a: Tyranitar|94/100 brn|[from] brn
|upkeep
|turn|4
|
|t:|1779834491
|move|p2a: Rotom|Volt Switch|p1a: Tyranitar
|-damage|p1a: Tyranitar|77/100 brn
|
|t:|1779834501
|switch|p2a: Rillaboom|Rillaboom, M, shiny|100/100|[from] Volt Switch
|-damage|p2a: Rillaboom|88/100|[from] Stealth Rock
|-fieldstart|move: Grassy Terrain|[from] ability: Grassy Surge|[of] p2a: Rillaboom
|move|p1a: Tyranitar|Ancient Power|p2a: Rillaboom
|-damage|p2a: Rillaboom|55/100
|
|-weather|Sandstorm|[upkeep]
|-damage|p2a: Rillaboom|49/100|[from] Sandstorm
|-heal|p2a: Rillaboom|55/100|[from] Grassy Terrain
|-heal|p2a: Rillaboom|61/100|[from] item: Leftovers
|-heal|p1a: Tyranitar|83/100 brn|[from] Grassy Terrain
|-heal|p1a: Tyranitar|89/100 brn|[from] item: Leftovers
|-damage|p1a: Tyranitar|83/100 brn|[from] brn
|upkeep
|turn|5
|
|t:|1779834526
|move|p2a: Rillaboom|U-turn|p1a: Tyranitar
|-supereffective|p1a: Tyranitar
|-damage|p1a: Tyranitar|43/100 brn
|
|t:|1779834532
|switch|p2a: Great Tusk|Great Tusk|100/100|[from] U-turn
|-damage|p2a: Great Tusk|98/100|[from] Stealth Rock
|move|p1a: Tyranitar|Ice Beam|p2a: Great Tusk
|-supereffective|p2a: Great Tusk
|-damage|p2a: Great Tusk|34/100
|
|-weather|none
|-heal|p2a: Great Tusk|41/100|[from] Grassy Terrain
|-heal|p2a: Great Tusk|47/100|[from] item: Leftovers
|-heal|p1a: Tyranitar|49/100 brn|[from] Grassy Terrain
|-heal|p1a: Tyranitar|55/100 brn|[from] item: Leftovers
|-damage|p1a: Tyranitar|49/100 brn|[from] brn
|upkeep
|turn|6
|
|t:|1779834553
|-terastallize|p2a: Great Tusk|Water
|move|p2a: Great Tusk|Rapid Spin|p1a: Tyranitar
|-resisted|p1a: Tyranitar
|-damage|p1a: Tyranitar|44/100 brn
|-boost|p2a: Great Tusk|spe|1
|-sideend|p2: Thomas7040|Stealth Rock|[from] move: Rapid Spin|[of] p2a: Great Tusk
|move|p1a: Tyranitar|Ice Beam|p2a: Great Tusk
|-resisted|p2a: Great Tusk
|-damage|p2a: Great Tusk|29/100
|
|-heal|p2a: Great Tusk|36/100|[from] Grassy Terrain
|-heal|p2a: Great Tusk|42/100|[from] item: Leftovers
|-heal|p1a: Tyranitar|50/100 brn|[from] Grassy Terrain
|-heal|p1a: Tyranitar|56/100 brn|[from] item: Leftovers
|-damage|p1a: Tyranitar|50/100 brn|[from] brn
|upkeep
|turn|7
|
|t:|1779834576
|-end|p2a: Great Tusk|Protosynthesis|[silent]
|switch|p2a: Tinkaton|Tinkaton, F, shiny|90/100
|-ability|p2a: Tinkaton|Mold Breaker
|move|p1a: Tyranitar|Ancient Power|p2a: Tinkaton
|-resisted|p2a: Tinkaton
|-damage|p2a: Tinkaton|80/100
|
|-heal|p2a: Tinkaton|86/100|[from] Grassy Terrain
|-heal|p1a: Tyranitar|56/100 brn|[from] Grassy Terrain
|-heal|p1a: Tyranitar|62/100 brn|[from] item: Leftovers
|-damage|p1a: Tyranitar|56/100 brn|[from] brn
|upkeep
|turn|8
|
|t:|1779834592
|move|p2a: Tinkaton|Stealth Rock|p1a: Tyranitar
|-sidestart|p1: Reubenflores2008|move: Stealth Rock
|move|p1a: Tyranitar|Stealth Rock|p2a: Tinkaton
|-sidestart|p2: Thomas7040|move: Stealth Rock
|
|-heal|p2a: Tinkaton|92/100|[from] Grassy Terrain
|-heal|p1a: Tyranitar|62/100 brn|[from] Grassy Terrain
|-heal|p1a: Tyranitar|68/100 brn|[from] item: Leftovers
|-damage|p1a: Tyranitar|62/100 brn|[from] brn
|-fieldend|move: Grassy Terrain
|upkeep
|turn|9
|
|t:|1779834605
|switch|p1a: Great Tusk|Great Tusk|100/100
|move|p2a: Tinkaton|Gigaton Hammer|p1a: Great Tusk
|-damage|p1a: Great Tusk|79/100
|
|upkeep
|turn|10
|
|t:|1779834617
|switch|p2a: Hydreigon|Hydreigon, F|100/100
|-damage|p2a: Hydreigon|88/100|[from] Stealth Rock
|move|p1a: Great Tusk|Earthquake|p2a: Hydreigon
|-immune|p2a: Hydreigon|[from] ability: Levitate
|
|upkeep
|turn|11
|
|t:|1779834632
|switch|p2a: Toxapex|Toxapex, M|100/100
|-damage|p2a: Toxapex|88/100|[from] Stealth Rock
|move|p1a: Great Tusk|Close Combat|p2a: Toxapex
|-resisted|p2a: Toxapex
|-damage|p2a: Toxapex|73/100
|-unboost|p1a: Great Tusk|def|1
|-unboost|p1a: Great Tusk|spd|1
|
|-heal|p2a: Toxapex|79/100|[from] item: Leftovers
|upkeep
|turn|12
|
|t:|1779834651
|switch|p2a: Rotom|Rotom-Wash|72/100
|-damage|p2a: Rotom|59/100|[from] Stealth Rock
|move|p1a: Great Tusk|Rapid Spin|p2a: Rotom
|-damage|p2a: Rotom|45/100
|-boost|p1a: Great Tusk|spe|1
|-sideend|p1: Reubenflores2008|Stealth Rock|[from] move: Rapid Spin|[of] p1a: Great Tusk
|
|-heal|p2a: Rotom|51/100|[from] item: Leftovers
|upkeep
|turn|13
|
|t:|1779834662
|move|p1a: Great Tusk|Earthquake|p2a: Rotom
|-immune|p2a: Rotom|[from] ability: Levitate
|move|p2a: Rotom|Will-O-Wisp|p1a: Great Tusk
|-status|p1a: Great Tusk|brn
|
|-heal|p2a: Rotom|58/100|[from] item: Leftovers
|-damage|p1a: Great Tusk|73/100 brn|[from] brn
|upkeep
|turn|14
|
|t:|1779834677
|move|p1a: Great Tusk|Knock Off|p2a: Rotom
|-damage|p2a: Rotom|44/100
|-enditem|p2a: Rotom|Leftovers|[from] move: Knock Off|[of] p1a: Great Tusk
|move|p2a: Rotom|Pain Split|p1a: Great Tusk
|-sethp|p1a: Great Tusk|52/100 brn|[from] move: Pain Split|[silent]
|-sethp|p2a: Rotom|74/100|[from] move: Pain Split
|
|-damage|p1a: Great Tusk|46/100 brn|[from] brn
|upkeep
|turn|15
|
|t:|1779834694
|switch|p2a: Rillaboom|Rillaboom, M, shiny|61/100
|-damage|p2a: Rillaboom|49/100|[from] Stealth Rock
|-fieldstart|move: Grassy Terrain|[from] ability: Grassy Surge|[of] p2a: Rillaboom
|move|p1a: Great Tusk|Close Combat|p2a: Rillaboom
|-crit|p2a: Rillaboom
|-damage|p2a: Rillaboom|9/100
|-unboost|p1a: Great Tusk|def|1
|-unboost|p1a: Great Tusk|spd|1
|
|-heal|p1a: Great Tusk|52/100 brn|[from] Grassy Terrain
|-heal|p2a: Rillaboom|15/100|[from] Grassy Terrain
|-heal|p2a: Rillaboom|22/100|[from] item: Leftovers
|-damage|p1a: Great Tusk|46/100 brn|[from] brn
|upkeep
|turn|16
|
|t:|1779834715
|move|p2a: Rillaboom|Grassy Glide|p1a: Great Tusk
|-supereffective|p1a: Great Tusk
|-damage|p1a: Great Tusk|0 fnt
|faint|p1a: Great Tusk
|-end|p1a: Great Tusk|Protosynthesis|[silent]
|
|-heal|p2a: Rillaboom|28/100|[from] Grassy Terrain
|-heal|p2a: Rillaboom|34/100|[from] item: Leftovers
|upkeep
|
|t:|1779834725
|switch|p1a: Dragapult|Dragapult, M|100/100
|turn|17
|
|t:|1779834748
|switch|p2a: Tinkaton|Tinkaton, F, shiny|92/100
|-damage|p2a: Tinkaton|86/100|[from] Stealth Rock
|-ability|p2a: Tinkaton|Mold Breaker
|move|p1a: Dragapult|Flamethrower|p2a: Tinkaton
|-supereffective|p2a: Tinkaton
|-damage|p2a: Tinkaton|23/100
|
|-heal|p2a: Tinkaton|29/100|[from] Grassy Terrain
|upkeep
|turn|18
|
|t:|1779834764
|switch|p2a: Toxapex|Toxapex, M|100/100
|-damage|p2a: Toxapex|88/100|[from] Stealth Rock
|move|p1a: Dragapult|Flamethrower|p2a: Toxapex
|-resisted|p2a: Toxapex
|-damage|p2a: Toxapex|71/100
|
|-heal|p2a: Toxapex|77/100|[from] Grassy Terrain
|-heal|p2a: Toxapex|83/100|[from] item: Leftovers
|upkeep
|turn|19
|
|t:|1779834776
|switch|p1a: Gholdengo|Gholdengo|100/100
|-item|p1a: Gholdengo|Air Balloon
|move|p2a: Toxapex|Toxic Spikes|p1a: Gholdengo
|-sidestart|p1: Reubenflores2008|move: Toxic Spikes
|
|-heal|p2a: Toxapex|89/100|[from] Grassy Terrain
|-heal|p2a: Toxapex|96/100|[from] item: Leftovers
|-fieldend|move: Grassy Terrain
|upkeep
|turn|20
|
|t:|1779834795
|move|p1a: Gholdengo|Shadow Ball|p2a: Toxapex
|-damage|p2a: Toxapex|63/100
|move|p2a: Toxapex|Surf|p1a: Gholdengo
|-damage|p1a: Gholdengo|79/100
|-enditem|p1a: Gholdengo|Air Balloon
|
|-heal|p2a: Toxapex|69/100|[from] item: Leftovers
|upkeep
|turn|21
|
|t:|1779834805
|move|p1a: Gholdengo|Shadow Ball|p2a: Toxapex
|-damage|p2a: Toxapex|32/100
|-unboost|p2a: Toxapex|spd|1
|move|p2a: Toxapex|Toxic Spikes|p1a: Gholdengo
|-sidestart|p1: Reubenflores2008|move: Toxic Spikes
|
|-heal|p2a: Toxapex|39/100|[from] item: Leftovers
|upkeep
|turn|22
|
|t:|1779834818
|switch|p2a: Hydreigon|Hydreigon, F|88/100
|-damage|p2a: Hydreigon|76/100|[from] Stealth Rock
|move|p1a: Gholdengo|Shadow Ball|p2a: Hydreigon
|-resisted|p2a: Hydreigon
|-damage|p2a: Hydreigon|52/100
|
|upkeep
|turn|23
|
|t:|1779834841
|move|p2a: Hydreigon|Dark Pulse|p1a: Gholdengo
|-supereffective|p1a: Gholdengo
|-crit|p1a: Gholdengo
|-damage|p1a: Gholdengo|0 fnt
|faint|p1a: Gholdengo
|-damage|p2a: Hydreigon|42/100|[from] item: Life Orb
|
|upkeep
|
|t:|1779834849
|switch|p1a: Tyranitar|Tyranitar, F|62/100 brn
|-weather|Sandstorm|[from] ability: Sand Stream|[of] p1a: Tyranitar
|turn|24
|
|t:|1779834864
|move|p2a: Hydreigon|Draco Meteor|p1a: Tyranitar
|-damage|p1a: Tyranitar|13/100 brn
|-unboost|p2a: Hydreigon|spa|2
|-damage|p2a: Hydreigon|32/100|[from] item: Life Orb
|move|p1a: Tyranitar|Ice Beam|p2a: Hydreigon
|-supereffective|p2a: Hydreigon
|-damage|p2a: Hydreigon|0 fnt
|faint|p2a: Hydreigon
|
|-weather|Sandstorm|[upkeep]
|-heal|p1a: Tyranitar|19/100 brn|[from] item: Leftovers
|-damage|p1a: Tyranitar|13/100 brn|[from] brn
|upkeep
|
|t:|1779834879
|switch|p2a: Great Tusk|Great Tusk, tera:Water|42/100
|-damage|p2a: Great Tusk|29/100|[from] Stealth Rock
|turn|25
|
|t:|1779834888
|move|p2a: Great Tusk|Rapid Spin|p1a: Tyranitar
|-resisted|p1a: Tyranitar
|-damage|p1a: Tyranitar|7/100 brn
|-boost|p2a: Great Tusk|spe|1
|-sideend|p2: Thomas7040|Stealth Rock|[from] move: Rapid Spin|[of] p2a: Great Tusk
|move|p1a: Tyranitar|Ancient Power|p2a: Great Tusk
|-damage|p2a: Great Tusk|0 fnt
|faint|p2a: Great Tusk
|-end|p2a: Great Tusk|Protosynthesis|[silent]
|
|-weather|Sandstorm|[upkeep]
|-heal|p1a: Tyranitar|13/100 brn|[from] item: Leftovers
|-damage|p1a: Tyranitar|7/100 brn|[from] brn
|upkeep
|
|t:|1779834905
|switch|p2a: Rillaboom|Rillaboom, M, shiny|34/100
|-fieldstart|move: Grassy Terrain|[from] ability: Grassy Surge|[of] p2a: Rillaboom
|turn|26
|
|t:|1779834917
|switch|p1a: Kingambit|Kingambit, M|100/100
|-activate|p1a: Kingambit|ability: Supreme Overlord
|-start|p1a: Kingambit|fallen2|[silent]
|move|p2a: Rillaboom|Drain Punch|p1a: Kingambit
|-supereffective|p1a: Kingambit
|-damage|p1a: Kingambit|24/100
|-heal|p2a: Rillaboom|79/100|[from] drain|[of] p1a: Kingambit
|
|-weather|Sandstorm|[upkeep]
|-damage|p2a: Rillaboom|73/100|[from] Sandstorm
|-heal|p2a: Rillaboom|79/100|[from] Grassy Terrain
|-heal|p2a: Rillaboom|85/100|[from] item: Leftovers
|-heal|p1a: Kingambit|30/100|[from] Grassy Terrain
|upkeep
|turn|27
|
|t:|1779834936
|move|p1a: Kingambit|Sucker Punch|p2a: Rillaboom
|-damage|p2a: Rillaboom|25/100
|move|p2a: Rillaboom|U-turn|p1a: Kingambit
|-damage|p1a: Kingambit|14/100
|
|t:|1779834949
|switch|p2a: Toxapex|Toxapex, M|72/100|[from] U-turn
|
|-weather|Sandstorm|[upkeep]
|-damage|p2a: Toxapex|66/100|[from] Sandstorm
|-heal|p1a: Kingambit|20/100|[from] Grassy Terrain
|-heal|p2a: Toxapex|72/100|[from] Grassy Terrain
|-heal|p2a: Toxapex|78/100|[from] item: Leftovers
|upkeep
|turn|28
|
|t:|1779834961
|move|p1a: Kingambit|Kowtow Cleave|p2a: Toxapex
|-damage|p2a: Toxapex|31/100
|move|p2a: Toxapex|Surf|p1a: Kingambit
|-damage|p1a: Kingambit|2/100
|
|-weather|none
|-heal|p1a: Kingambit|9/100|[from] Grassy Terrain
|-heal|p2a: Toxapex|38/100|[from] Grassy Terrain
|-heal|p2a: Toxapex|44/100|[from] item: Leftovers
|upkeep
|turn|29
|
|t:|1779834979
|switch|p2a: Rotom|Rotom-Wash|74/100
|move|p1a: Kingambit|Sucker Punch||[still]
|-fail|p1a: Kingambit
|
|-heal|p1a: Kingambit|15/100|[from] Grassy Terrain
|upkeep
|turn|30
|
|t:|1779834993
|move|p1a: Kingambit|Sucker Punch||[still]
|-fail|p1a: Kingambit
|move|p2a: Rotom|Will-O-Wisp|p1a: Kingambit
|-status|p1a: Kingambit|brn
|
|-heal|p1a: Kingambit|21/100 brn|[from] Grassy Terrain
|-damage|p1a: Kingambit|15/100 brn|[from] brn
|-fieldend|move: Grassy Terrain
|upkeep
|turn|31
|
|t:|1779835010
|switch|p2a: Toxapex|Toxapex, M|77/100
|move|p1a: Kingambit|Sucker Punch||[still]
|-fail|p1a: Kingambit
|
|-heal|p2a: Toxapex|83/100|[from] item: Leftovers
|-damage|p1a: Kingambit|9/100 brn|[from] brn
|upkeep
|turn|32
|
|t:|1779835021
|move|p1a: Kingambit|Sucker Punch||[still]
|-fail|p1a: Kingambit
|move|p2a: Toxapex|Recover|p2a: Toxapex
|-heal|p2a: Toxapex|100/100
|
|-damage|p1a: Kingambit|2/100 brn|[from] brn
|upkeep
|turn|33
|
|t:|1779835034
|move|p1a: Kingambit|Sucker Punch|p2a: Toxapex
|-damage|p2a: Toxapex|83/100
|move|p2a: Toxapex|Surf|p1a: Kingambit
|-damage|p1a: Kingambit|0 fnt
|faint|p1a: Kingambit
|-end|p1a: Kingambit|fallen2|[silent]
|
|-heal|p2a: Toxapex|89/100|[from] item: Leftovers
|upkeep
|
|t:|1779835044
|switch|p1a: Ogerpon|Ogerpon-Wellspring, F|100/100
|-status|p1a: Ogerpon|tox
|turn|34
|
|t:|1779835062
|-terastallize|p1a: Ogerpon|Water
|detailschange|p1a: Ogerpon|Ogerpon-Wellspring-Tera, F, tera:Water
|-ability|p1a: Ogerpon|Embody Aspect (Wellspring)|boost
|-boost|p1a: Ogerpon|spd|1
|move|p1a: Ogerpon|Horn Leech|p2a: Toxapex
|-damage|p2a: Toxapex|61/100
|move|p2a: Toxapex|Recover|p2a: Toxapex
|-heal|p2a: Toxapex|100/100
|
|-damage|p1a: Ogerpon|95/100 tox|[from] psn
|upkeep
|turn|35
|
|t:|1779835077
|move|p1a: Ogerpon|Encore|p2a: Toxapex
|-start|p2a: Toxapex|Encore
|move|p2a: Toxapex|Recover||[still]
|-fail|p2a: Toxapex|heal
|
|-damage|p1a: Ogerpon|83/100 tox|[from] psn
|upkeep
|turn|36
|
|t:|1779835089
|move|p1a: Ogerpon|Horn Leech|p2a: Toxapex
|-damage|p2a: Toxapex|75/100
|-heal|p1a: Ogerpon|96/100 tox|[from] drain|[of] p2a: Toxapex
|move|p2a: Toxapex|Recover|p2a: Toxapex
|-heal|p2a: Toxapex|100/100
|
|-damage|p1a: Ogerpon|78/100 tox|[from] psn
|upkeep
|turn|37
|
|t:|1779835100
|switch|p1a: Dragapult|Dragapult, M|100/100
|-status|p1a: Dragapult|tox
|switch|p2a: Rotom|Rotom-Wash|74/100
|
|-damage|p1a: Dragapult|95/100 tox|[from] psn
|upkeep
|turn|38
|
|t:|1779835113
|move|p1a: Dragapult|U-turn|p2a: Rotom
|-damage|p2a: Rotom|57/100
|
|t:|1779835116
|switch|p1a: Ogerpon|Ogerpon-Wellspring-Tera, F, tera:Water|78/100 tox|[from] U-turn
|-ability|p1a: Ogerpon|Embody Aspect (Wellspring)|boost
|-boost|p1a: Ogerpon|spd|1
|move|p2a: Rotom|Pain Split|p1a: Ogerpon
|-sethp|p1a: Ogerpon|68/100 tox|[from] move: Pain Split|[silent]
|-sethp|p2a: Rotom|67/100|[from] move: Pain Split
|
|-damage|p1a: Ogerpon|62/100 tox|[from] psn
|upkeep
|turn|39
|
|t:|1779835135
|move|p1a: Ogerpon|Encore|p2a: Rotom
|-start|p2a: Rotom|Encore
|move|p2a: Rotom|Pain Split|p1a: Ogerpon
|-sethp|p1a: Ogerpon|65/100 tox|[from] move: Pain Split|[silent]
|-sethp|p2a: Rotom|64/100|[from] move: Pain Split
|
|-damage|p1a: Ogerpon|53/100 tox|[from] psn
|upkeep
|turn|40
|
|t:|1779835145
|switch|p2a: Toxapex|Toxapex, M|100/100
|move|p1a: Ogerpon|Horn Leech|p2a: Toxapex
|-damage|p2a: Toxapex|76/100
|-heal|p1a: Ogerpon|65/100 tox|[from] drain|[of] p2a: Toxapex
|
|-heal|p2a: Toxapex|82/100|[from] item: Leftovers
|-damage|p1a: Ogerpon|47/100 tox|[from] psn
|upkeep
|turn|41
|
|t:|1779835158
|move|p1a: Ogerpon|U-turn|p2a: Toxapex
|-resisted|p2a: Toxapex
|-damage|p2a: Toxapex|74/100
|
|t:|1779835160
|switch|p1a: Tyranitar|Tyranitar, F|7/100 brn|[from] U-turn
|-weather|Sandstorm|[from] ability: Sand Stream|[of] p1a: Tyranitar
|move|p2a: Toxapex|Recover|p2a: Toxapex
|-heal|p2a: Toxapex|100/100
|
|-weather|Sandstorm|[upkeep]
|-damage|p2a: Toxapex|94/100|[from] Sandstorm
|-heal|p1a: Tyranitar|13/100 brn|[from] item: Leftovers
|-heal|p2a: Toxapex|100/100|[from] item: Leftovers
|-damage|p1a: Tyranitar|7/100 brn|[from] brn
|upkeep
|turn|42
|
|t:|1779835178
|switch|p2a: Rotom|Rotom-Wash|64/100
|move|p1a: Tyranitar|Stealth Rock|p2a: Rotom
|-sidestart|p2: Thomas7040|move: Stealth Rock
|
|-weather|Sandstorm|[upkeep]
|-damage|p2a: Rotom|58/100|[from] Sandstorm
|-heal|p1a: Tyranitar|13/100 brn|[from] item: Leftovers
|-damage|p1a: Tyranitar|7/100 brn|[from] brn
|upkeep
|turn|43
|
|t:|1779835193
|move|p2a: Rotom|Volt Switch|p1a: Tyranitar
|-damage|p1a: Tyranitar|0 fnt
|faint|p1a: Tyranitar
|
|t:|1779835200
|switch|p2a: Rillaboom|Rillaboom, M, shiny|25/100|[from] Volt Switch
|-damage|p2a: Rillaboom|12/100|[from] Stealth Rock
|-fieldstart|move: Grassy Terrain|[from] ability: Grassy Surge|[of] p2a: Rillaboom
|
|-weather|Sandstorm|[upkeep]
|-damage|p2a: Rillaboom|6/100|[from] Sandstorm
|-heal|p2a: Rillaboom|12/100|[from] Grassy Terrain
|-heal|p2a: Rillaboom|18/100|[from] item: Leftovers
|upkeep
|
|t:|1779835213
|switch|p1a: Dragapult|Dragapult, M|95/100 tox
|turn|44
|
|t:|1779835222
|move|p2a: Rillaboom|Grassy Glide|p1a: Dragapult
|-resisted|p1a: Dragapult
|-damage|p1a: Dragapult|71/100 tox
|move|p1a: Dragapult|U-turn|p2a: Rillaboom
|-supereffective|p2a: Rillaboom
|-damage|p2a: Rillaboom|0 fnt
|faint|p2a: Rillaboom
|
|t:|1779835230
|switch|p1a: Ogerpon|Ogerpon-Wellspring-Tera, F, tera:Water|47/100 tox|[from] U-turn
|-ability|p1a: Ogerpon|Embody Aspect (Wellspring)|boost
|-boost|p1a: Ogerpon|spd|1
|
|-weather|Sandstorm|[upkeep]
|-damage|p1a: Ogerpon|41/100 tox|[from] Sandstorm
|-heal|p1a: Ogerpon|47/100 tox|[from] Grassy Terrain
|-damage|p1a: Ogerpon|41/100 tox|[from] psn
|upkeep
|
|t:|1779835238
|switch|p2a: Rotom|Rotom-Wash|58/100
|-damage|p2a: Rotom|45/100|[from] Stealth Rock
|turn|45
|
|t:|1779835247
|move|p1a: Ogerpon|Horn Leech|p2a: Rotom
|-supereffective|p2a: Rotom
|-damage|p2a: Rotom|0 fnt
|-heal|p1a: Ogerpon|64/100 tox|[from] drain|[of] p2a: Rotom
|faint|p2a: Rotom
|
|-weather|none
|-heal|p1a: Ogerpon|70/100 tox|[from] Grassy Terrain
|-damage|p1a: Ogerpon|58/100 tox|[from] psn
|upkeep
|
|t:|1779835261
|switch|p2a: Tinkaton|Tinkaton, F, shiny|29/100
|-damage|p2a: Tinkaton|23/100|[from] Stealth Rock
|-ability|p2a: Tinkaton|Mold Breaker
|turn|46
|
|t:|1779835270
|move|p1a: Ogerpon|Ivy Cudgel|p2a: Tinkaton|[anim] Ivy Cudgel Water
|-damage|p2a: Tinkaton|0 fnt
|faint|p2a: Tinkaton
|
|-heal|p1a: Ogerpon|64/100 tox|[from] Grassy Terrain
|-damage|p1a: Ogerpon|46/100 tox|[from] psn
|upkeep
|
|t:|1779835276
|switch|p2a: Toxapex|Toxapex, M|100/100
|-damage|p2a: Toxapex|88/100|[from] Stealth Rock
|turn|47
|
|t:|1779835284
|move|p1a: Ogerpon|U-turn|p2a: Toxapex
|-resisted|p2a: Toxapex
|-damage|p2a: Toxapex|79/100
|
|t:|1779835287
|switch|p1a: Dragapult|Dragapult, M|71/100 tox|[from] U-turn
|move|p2a: Toxapex|Surf|p1a: Dragapult
|-resisted|p1a: Dragapult
|-damage|p1a: Dragapult|58/100 tox
|
|-heal|p1a: Dragapult|64/100 tox|[from] Grassy Terrain
|-heal|p2a: Toxapex|86/100|[from] Grassy Terrain
|-heal|p2a: Toxapex|92/100|[from] item: Leftovers
|-damage|p1a: Dragapult|58/100 tox|[from] psn
|-fieldend|move: Grassy Terrain
|upkeep
|turn|48
|
|t:|1779835303
|move|p1a: Dragapult|Draco Meteor|p2a: Toxapex|[miss]
|-miss|p1a: Dragapult|p2a: Toxapex
|move|p2a: Toxapex|Surf|p1a: Dragapult
|-resisted|p1a: Dragapult
|-damage|p1a: Dragapult|46/100 tox
|
|-heal|p2a: Toxapex|98/100|[from] item: Leftovers
|-damage|p1a: Dragapult|34/100 tox|[from] psn
|upkeep
|turn|49
|
|t:|1779835315
|move|p1a: Dragapult|Draco Meteor|p2a: Toxapex
|-damage|p2a: Toxapex|22/100
|-unboost|p1a: Dragapult|spa|2
|move|p2a: Toxapex|Surf|p1a: Dragapult
|-resisted|p1a: Dragapult
|-damage|p1a: Dragapult|21/100 tox
|
|-heal|p2a: Toxapex|28/100|[from] item: Leftovers
|-damage|p1a: Dragapult|3/100 tox|[from] psn
|upkeep
|turn|50
|
|t:|1779835327
|move|p1a: Dragapult|Draco Meteor|p2a: Toxapex
|-damage|p2a: Toxapex|0 fnt
|-unboost|p1a: Dragapult|spa|2
|faint|p2a: Toxapex
|
|win|Reubenflores2008
|raw|Reubenflores2008's rating: 1066 &rarr; <strong>1097</strong><br />(+31 for winning)
|raw|Thomas7040's rating: 1075 &rarr; <strong>1053</strong><br />(-22 for losing)
|l|☆Thomas7040
|player|p2|
