|j|☆Kingpain
|j|☆thebestyearsofou
|t:|1779963035
|gametype|singles
|player|p1|Kingpain|265|1169
|player|p2|thebestyearsofou|102|1156
|gen|9
|tier|[Gen 9] OU
|rated|
|rule|HP Percentage Mod: HP is shown in percentages
|rule|Endless Battle Clause: Forcing endless battles is banned
|rule|Species Clause: Limit one of each Pokémon
|rule|OHKO Clause: OHKO moves are banned
|rule|Evasion Items Clause: Evasion items are banned
|rule|Evasion Moves Clause: Evasion moves are banned
|rule|Evasion Abilities Clause: Evasion abilities are banned
|rule|Sleep Moves Clause: Sleep-inducing moves are banned
|clearpoke
|poke|p1|Dondozo, F|
|poke|p1|Gliscor, M|
|poke|p1|Iron Valiant|
|poke|p1|Garganacl, M|
|poke|p1|Dragonite, M|
|poke|p1|Raging Bolt|
|poke|p2|Enamorus, F|
|poke|p2|Hatterene, F|
|poke|p2|Darkrai|
|poke|p2|Weezing-Galar, F|
|poke|p2|Dragonite, F|
|poke|p2|Manaphy|
|teampreview
|
|t:|1779963046
|teamsize|p1|6
|teamsize|p2|6
|start
|switch|p1a: Garganacl|Garganacl, M|100/100
|switch|p2a: Darkrai|Darkrai, shiny|100/100
|turn|1
|
|t:|1779963054
|move|p2a: Darkrai|Trick|p1a: Garganacl
|-activate|p2a: Darkrai|move: Trick|[of] p1a: Garganacl
|-item|p1a: Garganacl|Choice Scarf|[from] move: Trick
|-item|p2a: Darkrai|Leftovers|[from] move: Trick
|move|p1a: Garganacl|Salt Cure|p2a: Darkrai
|-damage|p2a: Darkrai|82/100
|-start|p2a: Darkrai|Salt Cure
|
|-heal|p2a: Darkrai|88/100|[from] item: Leftovers
|-damage|p2a: Darkrai|76/100|[from] Salt Cure
|upkeep
|turn|2
|
|t:|1779963060
|move|p2a: Darkrai|Will-O-Wisp|p1a: Garganacl
|-immune|p1a: Garganacl|[from] ability: Purifying Salt
|move|p1a: Garganacl|Salt Cure|p2a: Darkrai
|-damage|p2a: Darkrai|57/100
|
|-heal|p2a: Darkrai|63/100|[from] item: Leftovers
|-damage|p2a: Darkrai|51/100|[from] Salt Cure
|upkeep
|turn|3
|
|t:|1779963067
|move|p2a: Darkrai|Dark Pulse|p1a: Garganacl
|-damage|p1a: Garganacl|72/100
|move|p1a: Garganacl|Salt Cure|p2a: Darkrai
|-damage|p2a: Darkrai|34/100
|
|-heal|p2a: Darkrai|40/100|[from] item: Leftovers
|-damage|p2a: Darkrai|27/100|[from] Salt Cure
|upkeep
|turn|4
|
|t:|1779963071
|switch|p2a: Dragonite|Dragonite, F, shiny|100/100
|move|p1a: Garganacl|Salt Cure|p2a: Dragonite
|-supereffective|p2a: Dragonite
|-damage|p2a: Dragonite|88/100
|-start|p2a: Dragonite|Salt Cure
|
|-damage|p2a: Dragonite|76/100|[from] Salt Cure
|upkeep
|turn|5
|
|t:|1779963081
|switch|p1a: Raging Bolt|Raging Bolt|100/100
|move|p2a: Dragonite|Dragon Dance|p2a: Dragonite
|-boost|p2a: Dragonite|atk|1
|-boost|p2a: Dragonite|spe|1
|
|-damage|p2a: Dragonite|63/100|[from] Salt Cure
|upkeep
|turn|6
|
|t:|1779963088
|-end|p1a: Raging Bolt|Protosynthesis|[silent]
|switch|p1a: Iron Valiant|Iron Valiant, shiny|100/100
|-terastallize|p2a: Dragonite|Normal
|move|p2a: Dragonite|Dragon Dance|p2a: Dragonite
|-boost|p2a: Dragonite|atk|1
|-boost|p2a: Dragonite|spe|1
|
|-damage|p2a: Dragonite|51/100|[from] Salt Cure
|upkeep
|turn|7
|
|t:|1779963095
|move|p2a: Dragonite|Roost|p2a: Dragonite
|-heal|p2a: Dragonite|100/100
|move|p1a: Iron Valiant|Trick|p2a: Dragonite
|-activate|p1a: Iron Valiant|move: Trick|[of] p2a: Dragonite
|-item|p2a: Dragonite|Choice Specs|[from] move: Trick
|-item|p1a: Iron Valiant|Sitrus Berry|[from] move: Trick
|
|-damage|p2a: Dragonite|88/100|[from] Salt Cure
|upkeep
|turn|8
|
|t:|1779963106
|-end|p1a: Iron Valiant|Quark Drive|[silent]
|switch|p1a: Dondozo|Dondozo, F|100/100
|move|p2a: Dragonite|Extreme Speed|p1a: Dondozo
|-damage|p1a: Dondozo|83/100
|
|-heal|p1a: Dondozo|89/100|[from] item: Leftovers
|-damage|p2a: Dragonite|76/100|[from] Salt Cure
|upkeep
|turn|9
|
|t:|1779963112
|switch|p2a: Weezing|Weezing-Galar, F|100/100
|move|p1a: Dondozo|Curse|p1a: Dondozo
|-unboost|p1a: Dondozo|spe|1
|-boost|p1a: Dondozo|atk|1
|-boost|p1a: Dondozo|def|1
|
|-heal|p1a: Dondozo|95/100|[from] item: Leftovers
|upkeep
|turn|10
|
|t:|1779963117
|move|p2a: Weezing|Clear Smog|p1a: Dondozo
|-damage|p1a: Dondozo|81/100
|-clearboost|p1a: Dondozo
|move|p1a: Dondozo|Waterfall|p2a: Weezing
|-damage|p2a: Weezing|77/100
|
|-heal|p1a: Dondozo|87/100|[from] item: Leftovers
|upkeep
|turn|11
|-message|thebestyearsofou forfeited.
|
|win|Kingpain
|raw|Kingpain's rating: 1169 &rarr; <strong>1193</strong><br />(+24 for winning)
|raw|thebestyearsofou's rating: 1156 &rarr; <strong>1132</strong><br />(-24 for losing)
|l|☆thebestyearsofou
|player|p2|
